3882 6206
220 298 330 360 ιο9

1256 290 1322 346 ΙΝ
1350 289 1633 347 JOANNIS
1668 287 2122 346 EVANGELIUM
2156 288 2282 347 LIB.
2324 289 2414 344 IX.

3366 287 3469 343 Hfl

219 419 317 473 καὶ
366 413 561 480 ταῦτα,
618 411 759 485 πλὴν
818 410 929 482 ἐρῶ
986 428 1039 465 τι
1097 411 1191 463 καὶ
1222 411 1408 482 ἕτερον
1432 410 1534 479 τῆς
1576 407 1799 462 ἐκείνων

1916 418 1955 462 2t
2003 410 2136 479 quid
2187 409 2401 479 loquar.
2441 426 2460 460 ι
2491 405 2631 478 ‘lpse
2681 409 2827 463 enim
2867 422 2992 463 cum
3043 408 3116 463 sit
3173 410 3364 465 vivens
3414 420 3471 466 et

219 504 665 578 ἀθυρογλωττίας
706 504 805 573 τὴν
838 502 997 573 ὕϐριν
1026 501 1388 571 ἀπογυμνοῦν.
1432 500 1568 571 Φέρε
1597 499 1726 571 γὰρ,
1751 501 1800 552 εἰ

220 602 391 665 δοκεῖ,
433 599 604 671 βραχὺ
651 595 1093 668 περιστείλαντες
1128 594 1226 664 τῆς
1272 592 1411 664 μετὰ
1435 592 1636 663 σαρκὸς
1664 593 1804 645 οἰκο-

223 691 417 763 νομίας
436 691 493 743 ἐν
517 708 582 759 γε
601 690 678 760 τῷ
691 688 918 759 παρόντι
931 688 1020 741 τὸν
1040 687 1217 754 λόγον,
1245 687 1331 738 ἐπ’
1349 684 1513 738 αὑτοῦ
1543 684 1802 737 δεικνύω-

228 801 333 854 μεν
359 782 454 836 τοῦ
483 780 821 850 Μονογενοῦς
844 780 1020 851 ὀρθῶς
1057 797 1115 832 τε
1171 780 1265 833 καὶ⁵
1290 778 1472 841 καλῶς
1511 777 1802 848 εἰρημένον

224 876 317 929 τό’
355 892 375 926 c
407 875 530 928 Ὀτι
578 873 689 941 ἐγὼ
732 872 791 938 ἐξ
823 870 1062 943 ἐμαυτοῦ
1089 871 1150 924 οὐ
1171 869 1340 933 λαλῶ,
1372 869 1487 922 ἀλλ’
1522 871 1551 921 6
1585 867 1803 938 πέμψας

228 984 301 1038 με
319 965 530 1037 Πατὴρ,
552 964 715 1027 αὑτός
738 982 836 1034 μοι
856 963 1074 1033 ἐντολὴν
1112 962 1332 1024 δέδωκε,
1368 961 1420 1013 τί
1448 961 1608 1024 είπω,
1634 960 1729 1012 καὶ
1750 957 1804 1011 τί

223 1058 465 1129 λαλήσω.
500 1076 517 1107 ι
562 1054 733 1120 Αὐτὸς
772 1054 883 1124 γὰρ
930 1053 1004 1106 ὢν
1040 1056 1067 1106 6
1092 1052 1199 1117 ζῶν
1236 1070 1296 1105 τε
1320 1053 1415 1105 καὶ
1442 1051 1805 1112 ἐνυπόστατος

226 1150 401 1218 Λόγος
457 1147 550 1201 τοῦ
624 1146 759 1199 Θεοῦ
797 1146 892 1199 καὶ
948 1145 1183 1217 Πατρδς,
1238 1143 1552 1211 ἀναγκαίως
1582 1143 1799 1213 διερμη-

225 1239 375 1296 νεὺει
428 1239 498 1292 τὰ
542 1240 600 1291 ἐν
649 1236 817 1306 αὑτῷ,
853 1237 948 1290 καὶ
980 1237 1042 1289 τὺ
1072 1237 1146 1300 ὼς
1182 1237 1240 1288 ἐν
1273 1236 1487 1305 θελήσει
1515 1235 1706 1288 δοκοῦν
1728 1233 1806 1305 τῷ

232 1334 353 1403 ἰδίῳ
387 1333 681 1401 Γεννήτορι
702 1329 912 1396 ἐξάγων
950 1330 1029 1391 είς
1068 1328 1207 1396 φῶς,
1229 1329 1304 1391 ὠς
1333 1327 1554 1395 ἐντολῆς
1580 1326 1807 1397 δύναμιν

228 1424 516 1493 εἰληφέναι
555 1422 740 1493 φησίν.
770 1420 899 1474 Ἵδοι
933 1421 977 1473 δ’
1000 1420 1064 1474 άν
1085 1438 1167 1482 τις
1195 1420 1289 1474 καὶ
1313 1420 1396 1488 ἐφ’
1433 1418 1590 1490 ἡμῶν
1628 1419 1807 1472 αὑτῶν

232 1515 435 1586 ἀληθὲς
458 1516 520 1569 τὸ
550 1517 807 1587 πρᾶγμα,
842 1514 934 1568 καὶ
965 1515 1064 1585 οὑχ
1089 1514 1287 1583 ἑτέρως
1317 1512 1459 1583 ἔχον.
1504 1513 1673 1580 Λόγος
1699 1511 1809 1583 γὰρ

228 1605 632 1677 ὑπροφορικὸς,
682 1607 710 1658 6
757 1605 815 1657 ἐν
851 1604 1097 1657 συνθέσει
1138 1602 1334 1666 λέξεων
1382 1603 1476 1656 καὶ
1525 1602 1806 1673 ῥημάτων,

229 1697 321 1752 διά
344 1714 397 1751 τε
440 1696 623 1766 φωνῆς
648 1696 745 1765 τῆς
774 1695 1038 1767 ἐνάρθρου
1083 1695 1218 1766 πρὸς
1254 1694 1315 1747 τὸ
1351 1694 1456 1758 ἔξω
1478 1692 1807 1747 διακτυποὺ-

1901 502 2211 557 subsistens
2242 501 2337 556 Dei
2372 514 2435 555 ac
2479 500 2661 556 Patris
2697 500 2933 557 Verbum
2954 542 2971 566 ,
3006 503 3323 558 necessario
3350 519 3474 573 quae

1903 593 1957 648 in
1992 607 2058 647 eo
2092 601 2220 647 sunt
2265 592 2537 655 enuntiat,
2592 592 3047 660 voluntatemque
3100 595 3367 662 genitoris
3414 594 3471 650 in

1903 685 2082 738 lucem
2123 681 2316 749 edens,
2364 683 2526 753 quasi
2586 684 2902 738 mandatum
2960 685 3127 756 718
3160 685 3380 755 aliquod
3413 702 3475 743 se

1904 772 2183 841 accepisse
2217 772 2311 825 ait.
2351 772 2506 838 Quod
2538 773 2793 843 exemplo
2820 788 2851 827 a
2883 774 3048 829 nobis
3084 774 3219 844 ipsis
3248 774 3473 830 desum—

1904 871 1998 934 pto
2035 878 2224 917 verum
2257 878 2383 919 esse
2422 863 2817 932 comperietur.
2851 862 3044 918 Sermo
3075 864 3474 927 enuntiativus.

1904 953 2206 1009 dictionum
2261 968 2326 1008 ac
2381 954 2672 1008 verborum
2726 954 3131 1023 compositione
3180 965 3474 1019 constans,

1905 1044 2108 1114 quique
2135 1045 2423 1099 articulata
2454 1060 2588 1099 voce
2621 1043 2773 1101 foras
2818 1047 3082 1114 erumpit,
3131 1052 3338 1103 mentis
3379 1064 3479 1102 no-

1908 1145 2035 1188 stra:
2063 1135 2228 1189 veluti
2272 1135 2430 1204 jussu
2477 1136 2597 1204 ejus
2635 1150 2836 1192 arcana
2872 1140 3129 1203 recludit,
3176 1140 3341 1211 idque
3385 1156 3479 1197 ce-

1907 1220 2150 1277 lerrime.
2183 1222 2356 1277 Simul
2384 1227 2528 1279 enim
2560 1241 2625 1281 ac
2656 1243 2812 1282 mens
2836 1229 3043 1299 aliquid
3068 1232 3337 1301 concepit,
3362 1240 3477 1286 tum

1907 1313 1964 1367 id
1999 1313 2119 1367 voci
2170 1317 2506 1370 committit:
2547 1317 2661 1373 haec
2718 1329 2895 1373 autem
2956 1320 3107 1376 foras
3160 1337 3477 1392 erumpens,

1910 1417 2031 1471 qua:
2062 1402 2211 1459 intus
2244 1413 2297 1459 et
2327 1405 2380 1459 in
2410 1415 2591 1461 mente
2615 1415 2744 1461 sunt
2773 1409 2959 1463 abdita
2983 1411 3252 1475 enuntiat,
3284 1428 3384 1467 nec
3411 1412 3482 1468 de

1910 1495 2012 1550 sibi
2042 1497 2317 1552 mandatis
2338 1499 2634 1569 quidquam
2666 1509 2858 1555 mutat.
2888 1500 3029 1568 Quid
3061 1503 3261 1557 mirum
3288 1504 3479 1575 igitur.

1909 1594 2005 1640 aut
2036 1587 2380 1653 incredibile,
2427 1591 2638 1659 inquiet
2672 1593 2892 1662 aliquis,
2924 1594 2968 1647 si
3008 1592 3246 1649 Verbum
3291 1594 3387 1649 Dei
3416 1610 3483 1650 ac

1911 1675 2091 1732 Patris
2140 1694 2263 1733 cum
2305 1681 2377 1735 sit
2428 1681 2622 1746 Filius,
2672 1700 2781 1739 non
2842 1686 3007 1739 sicuti
3062 1695 3250 1742 noster
3302 1704 3485 1744 sermo

235 1807 418 1861 μενος,
462 1789 852 1859 ἐντελλομένης
891 1788 1081 1858 ὥσπερ
1109 1787 1369 1857 αὑτῷτῆς
1402 1786 1805 1857 ἡμετέραςδια-

1916 1767 2143 1838 (majora
2174 1773 2320 1825 enim
2369 1783 2497 1827 sunt
2523 1775 2671 1829 omni
2704 1778 2956 1846 exemplo
2989 1777 3057 1833 de
3088 1778 3199 1835 Deo
3242 1796 3364 1850 quae
3395 1780 3483 1835 di-

228 1884 401 1949 νοίας,
457 1882 791 1936 ἐκκαλύπτει
818 1881 886 1933 τὰ
937 1882 994 1932 ἐν
1044 1880 1205 1949 αὐτῇ,
1250 1878 1344 1932 καὶ
1368 1881 1415 1931 εί
1444 1878 1517 1948 μὴ
1548 1878 1604 1929 ἐν
1631 1878 1807 1947 χρόνῳ

236 1975 434 2048 μακρῷ
463 1975 525 2028 τὸ
581 1975 816 2044 πρᾶγμα
865 1972 1097 2040 γίνεται.
1132 1970 1284 2038 ’Ἅμα
1320 1970 1427 2039 γάρ
1447 1986 1501 2020 τι
1525 1969 1754 2037 συνῆκεν
1781 1969 1809 2020 6

232 2066 378 2131 νοῦς,
409 2066 505 2120 καὶ
524 2064 793 2136 παρέθετο
821 2065 886 2133 τῇ
920 2064 1069 2132 φωνῇ
1102 2078 1116 2093 ο
1141 2063 1174 2132 ἡ
1201 2060 1257 2114 δὲ
1286 2058 1421 2131 πρὸς
1447 2059 1509 2112 τὸ
1534 2058 1639 2124 ἔξω
1661 2057 1809 2127 βαδί-

230 2157 407 2220 ζουσα
469 2155 538 2209 τά
580 2158 638 2208 ἐν
690 2153 769 2224 τῷ
821 2152 992 2223 βάθει,
1026 2153 1093 2204 τὰ
1138 2152 1195 2204 ἐν
1224 2149 1299 2221 τῷ
1328 2148 1408 2202 νοῒ
1436 2148 1810 2220 διερμηνεύειν

233 2248 695 2320 παραλλάττουσα
752 2246 918 2317 μηδὲν
971 2242 1079 2297 τῶν
1133 2241 1484 2311 ἐνταλμάτων
1542 2240 1702 2311 αὐτῇ.
1745 2239 1811 2291 Τί

234 2342 417 2395 τοίνυν
453 2342 517 2395 τὸ
566 2341 738 2406 ξένον,
798 2333 844 2391 ὦ
896 2331 1063 2398 οῦτοι,
1112 2337 1336 2405 φήσειεν
1365 2335 1430 2388 ἄν
1460 2351 1544 2398 τις
1572 2330 1630 2387 εὖ
1663 2333 1808 2405 μάλα

235 2434 374 2505 πρὸς
399 2433 661 2499 ἐκείνους,
719 2432 767 2484 εί
813 2428 985 2498 Λόγος
1039 2426 1114 2479 ὢν
1137 2425 1230 2479 τοῦ
1258 2426 1393 2479 Θεοῦ
1432 2426 1524 2479 καὶ
1553 2426 1763 2495 Πατρδς
1784 2427 1812 2479 6

238 2523 387 2589 Υἱὸς,
427 2525 526 2594 οὐχ
579 2523 770 2594 ὥσπερ
827 2524 857 2576 6
914 2523 1180 2594 ἡμέτερος
1234 2521 1429 2593 (μείζω
1472 2521 1581 2593 γὰρ
1609 2521 1813 2585 παντὸς

239 2615 663 2688 παραδείγματα
686 2615 755 2668 τὰ
773 2614 901 2684 περὶ
934 2613 1093 2682 Θεοῦ)
1113 2613 1212 2684 τὴν
1255 2612 1349 2666 τοῦ
1373 2613 1624 2675 τεκόντος
1651 2613 1814 2666 αὑτὸν

236 2703 588 2776 διερμηνεύει
650 2702 887 2773 βουλήν;
918 2701 986 2755 "H
1033 2704 1141 2771 γὰρ
1177 2703 1297 2772 οὑχὶ
1335 2701 1428 2755 καὶ
1453 2702 1623 2772 ὄνομά
1652 2717 1815 2770 φησιν

237 2798 270 2848 6
298 2798 586 2867 προφήτης
614 2795 765 2863 αὑτῷ
798 2795 1274 2866 πρεπωδέστατον,
1329 2793 1612 2848 καλεῖσθαι
1650 2795 1817 2863 μεγά-

238 2882 343 2954 λης
371 2882 567 2955 βουλῆς
603 2882 906 2951 Ἀγγελον;
948 2883 1089 2937 Ἀλλ’
1130 2879 1282 2953 οίμαι
1318 2882 1412 2937 καὶ
1451 2881 1605 2934 τοῦτο
1642 2882 1818 2953 ὑπάρ-

239 2992 361 3046 χειν
390 2975 582 3043 σαφές.
648 2975 812 3027 Οὐδὲν
857 2974 1147 3045 τοιγαροῦν
1172 2977 1251 3037 είς
1282 2973 1373 3026 τὸν
1400 2973 1498 3044 τῆς
1522 2974 1710 3037 οὐσίας
1730 2974 1809 3026 λό-

238 3084 363 3138 γον,
395 3068 516 3137 ἦτοι
566 3067 665 3135 τῆς
689 3065 847 3129 ἀξίας
880 3066 1143 3136 ὑπομενεῖ
1190 3065 1250 3117 τὸ
1280 3064 1474 3135 βλάϐος
1515 3065 1543 3117 ὁ
1574 3066 1818 3133 Μονογε-

1911 1861 2134 1931 cuntur)
2170 1863 2455 1919 Genitoris
2487 1868 2572 1920 sui
2607 1867 2945 1923 voluntatem
2974 1872 3265 1926 enuntiet?
3295 1871 3486 1929 Nonne

1910 1953 2059 2006 enim
2089 1963 2143 2007 et
2169 1955 2434 2025 propheta
2479 1972 2677 2012 nomen
2717 1960 2796 2012 ait
2838 1975 2963 2015 esse
2999 1962 3047 2015 ei
3078 1965 3485 2021 convenientis-

1912 2043 2136 2110 simum,
2178 2055 2240 2099 ut
2278 2047 2460 2117 magni
2490 2049 2710 2104 consilii
2741 2052 2979 2120 Angelus
3016 2052 3232 2107 dicatur
3255 2054 3336 2108 “?
3370 2053 3486 2110 Hoc

1912 2136 2165 2205 equidem
2202 2139 2411 2193 clarum
2447 2156 2570 2197 esse
2615 2152 2768 2212 puto.
2805 2143 2954 2198 Nihil
3004 2147 3191 2218 igitur,
3232 2148 3380 2217 quod
3414 2149 3484 2203 ad

1913 2227 2243 2283 substantia.-
2286 2232 2555 2287 rationem
2587 2241 2681 2287 aut
2714 2234 3001 2305 dignitatis
3047 2238 3263 2305 attinet,
3297 2239 3486 2295 damni

1913 2320 2155 2388 patietur
2203 2320 2545 2393 Unigenitus,
2602 2325 2732 2381 licet
2778 2330 3095 2383 mandatum
3146 2332 3427 2402 accepisse
3455 2348 3485 2387 a

1914 2407 2027 2463 Deo
2053 2419 2106 2465 et
2134 2409 2297 2465 Patre
2336 2412 2594 2469 dicatur:
2632 2430 2760 2469 nam
2806 2424 2861 2471 et
2905 2432 3008 2473 nos
3042 2419 3143 2489 ipsi
3194 2435 3337 2490 serpe
3364 2422 3488 2478 aliis

1916 2509 1977 2554 ut
2001 2502 2209 2571 aliquid
2251 2502 2461 2559 faciant
2490 2505 2772 2574 iubemus,
2810 2524 2989 2581 neque
3021 2520 3204 2567 tamen
3233 2513 3377 2569 hanc
3416 2516 3489 2569 ob

1917 2605 2141 2646 causam
2168 2602 2365 2649 natura
2396 2598 2557 2653 nobis
2588 2598 2797 2654 similes
2831 2616 2953 2656 esse
2981 2602 3255 2668 desinent,
3289 2606 3489 2677 quippe

1918 2682 2010 2749 qui
2059 2697 2170 2735 non
2219 2684 2404 2738 minus
2453 2686 2562 2739 sint
2606 2688 2771 2744 nobis
2813 2692 3313 2749 censubstantiales
3361 2710 3487 2749 cum

1918 2782 2066 2835 ante,
2102 2785 2213 2829 tum
2242 2788 2362 2846 post
2408 2780 2746 2834 mandatum.
2789 2783 3025 2851 Atenim,
3067 2786 3306 2856 inquies,
3354 2804 3491 2843 con-

1919 2867 2315 2924 substantiales
2347 2872 2564 2940 quidem
2595 2883 2838 2937 manent,
2873 2877 2968 2931 sed
3009 2878 3273 2947 dignitate
3315 2881 3494 2935 mino-

1920 2972 2011 3013 res
2034 2960 2129 3028 qui
2158 2960 2355 3014 alienis
2384 2964 2700 3018 ministrant
2731 2966 2997 3036 imperiis.
3031 2969 3177 3024 Idem
3212 2985 3315 3041 ego
3356 2987 3495 3041 quo-

1921 3066 2029 3120 que
2061 3051 2159 3106 tibi
2195 3054 2503 3123 respondeo
2529 3055 2596 3109 de
2629 3057 2935 3127 Unigenito.
2970 3057 3026 3114 Si
3058 3061 3202 3115 enim
3226 3062 3494 3133 scriptum

239 3159 369 3229 γὴς,
396 3157 502 3211 κᾶν
554 3155 772 3226 ἐντολὴν
826 3156 1103 3226 εἰληφέναι
1125 3154 1349 3224 λέγηται
1390 3154 1541 3225 παρὰ
1567 3153 1657 3207 τοῦ
1684 3154 1812 3208 Θεοῦ

1924 3158 2032 3197 non
2066 3153 2214 3199 esset
2243 3146 2309 3201 de
2337 3161 2404 3201 eo
2440 3165 2453 3201 :
2487 3165 2505 3198 ι
2554 3147 2691 3214 Quia
2734 3164 2859 3202 cum
2895 3150 2949 3204 in
2978 3151 3151 3204 forma
3185 3151 3278 3206 Dei
3321 3163 3496 3216 esset,

243 3248 345 3304 καὶ
375 3247 587 3319 Πατρός
610 3264 624 3277 ο
678 3248 798 3299 ἐπεὶ
825 3245 918 3299 καὶ
955 3249 1120 3317 ἡμεῖς
1156 3247 1312 3299 αὐτοὶ
1333 3246 1591 3310 πολλάκις
1614 3246 1812 3318 ἑτέροις

1924 3250 2034 3289 non
2070 3237 2315 3305 rapinam
2350 3238 2655 3294 arbitratus
2696 3248 2779 3294 est
2820 3256 2943 3296 esse
2977 3257 3036 3296 se
3064 3244 3329 3312 aequalem
3363 3245 3494 3309 Deo.

245 3336 615 3408 ἐντελλόμεθά
639 3354 715 3401 τι,
761 3338 856 3391 καὶ
885 3337 1017 3408 δρᾷν
1049 3337 1430 3407 ἐπιτάττομεν,
1464 3336 1578 3389 ἀλλ’
1605 3337 1666 3389 οὑ
1692 3336 1812 3391 ταύ-

1924 3327 2019 3382 sed
2050 3329 2404 3397 semetipsum
2423 3330 2749 3398 exinanivit,
2775 3331 3003 3387 formam
3025 3337 3167 3388 servi
3198 3336 3496 3404 accipiens,

240 3446 345 3501 της
371 3428 535 3482 ἕνεκα
566 3428 667 3498 τῆς
696 3429 873 3492 αἰτίας
902 3429 999 3499 τὴν
1027 3429 1163 3500 πρὸς
1184 3430 1329 3500 ἡμᾶς
1355 3426 1645 3500 ὁμοιότητα
1669 3446 1812 3498 φυσι·

1926 3425 1981 3473 et
2019 3417 2214 3473 habitu
2249 3420 2507 3475 inventus
2553 3428 2614 3473 ut
2653 3421 2841 3489 homo,
2896 3423 3202 3478 humiliavit
3236 3427 3497 3495 semetip-

243 3519 351 3590 κὴν
382 3521 735 3592 ἀρνήσονται,
762 3520 879 3573 οὑδὲ
901 3520 965 3572 τὸ
986 3516 1133 3589 εἶναι
1156 3520 1278 3574 καθ’
1308 3520 1457 3589 ἡμᾶς
1488 3519 1812 3573 άποϐαλοῦν·

1929 3527 2048 3568 sum
2082 3513 2149 3577 ⁸⁷,
2194 3531 2213 3564 ›
2268 3512 2522 3567 nonnihil
2577 3514 2837 3569 fortassis
2888 3515 3003 3570 haec
3062 3525 3151 3570 tua
3190 3518 3332 3572 ratio
3382 3534 3499 3574 mo-

243 3628 360 3676 ται,
383 3607 547 3683 ἦττον
595 3610 745 3674 ὅντες
794 3610 1092 3680 ὁμοούσιοι,
1146 3610 1240 3663 καὶ
1286 3608 1393 3678 πρὸ
1442 3609 1538 3679 τῆς
1578 3610 1812 3678 ἐντολῆς,

1927 3605 2098 3659 menti
2131 3604 2335 3659 habere
2378 3604 2659 3661 videretur
2693 3625 2708 3662 :
2746 3624 2936 3662 verum
2972 3623 3096 3663 cum
3128 3610 3498 3680 subjectionis

244 3701 345 3755 καὶ
371 3700 511 3771 μετὰ
530 3699 631 3773 τὴν
659 3700 900 3770 ἐντολήν.
945 3700 1086 3754 Ἀλλ’
1145 3699 1287 3771 ἐρεῖς
1346 3700 1426 3753 ὅτι
1456 3699 1673 3768 μένουσι
1720 3699 1812 3769 μὲν

1924 3710 1990 3750 ac
2018 3697 2372 3752 demissionis
2405 3699 2601 3754 modus
2630 3700 2908 3755 universis
2951 3710 3153 3771 pateat,
3190 3717 3293 3757 cur
3328 3712 3499 3758 teme-

244 3792 547 3862 ὀμοούσιοι,
601 3791 905 3863 ἡττώμενοι
959 3791 1016 3845 δὲ
1055 3792 1155 3861 τῆς
1187 3788 1345 3855 ἀξίας
1371 3790 1702 3861 ὑπηρετοῦσι
1725 3790 1812 3862 τῆς

1920 3801 1982 3841 re
2015 3801 2245 3842 accusas
2274 3803 2399 3842 eum
2424 3790 2517 3859 qui
2543 3799 2768 3860 pr0ptcr
2786 3807 2886 3847 nos
2910 3792 3071 3847 etiam
3098 3794 3201 3849 hoc
3224 3795 3337 3864 pati
3370 3810 3500 3850 sus-

249 3884 554 3957 παρ’ἡμίν.
592 3883 768 3953 Κάγὼ
813 3884 872 3938 δέ
916 3900 998 3937 σοι
1053 3883 1190 3953 πρὸς
1217 3882 1375 3936 τοῦτό
1398 3898 1539 3953 φημι
1583 3882 1713 3952 περὶ
1730 3881 1812 3935 τοῐ

1924 3878 2129 3933 tinuit?
2175 3876 2428 3951 Undique
2470 3880 2638 3951 igitur
2666 3885 2730 3937 ad
2755 3882 3074 3954 dogmatum
3107 3886 3497 3942 rectitudinem

249 3974 607 4043 Πονογενοῦς.
654 3977 720 4029 Εἰ
780 3975 879 4045 μὲν
915 3974 1026 4047 γὰρ
1070 3975 1172 4028 οὑκ
1227 3974 1444 4047 ἐγράφη
1482 3974 1613 4046 περὶ
1636 3972 1812 4038 αὑτοῦ,

1925 3985 2182 4026 sermone
2254 3986 2568 4038 converso,
2634 3974 2922 4029 Dominum
2991 3990 3242 4034 nostrum
3313 3977 3499 4035 Jesum

258 4086 280 4119 ε
324 4067 443 4121 ὀτι
467 4070 525 4120 ἐν
562 4069 741 4138 μορφῇ
768 4066 904 4120 Θεοῦ
936 4067 1218 4138 ὑπάρχων,
1247 4066 1346 4136 οὐχ
1375 4065 1664 4136 ἁρπαγμὸν
1691 4066 1812 4136 1'lT'i

1926 4064 2205 4120 Christum
2242 4065 2457 4120 ratione
2487 4067 2920 4136 dispensationis
2954 4083 3076 4138 quae
3116 4070 3169 4122 in
3216 4072 3502 4141 proposito

258 4175 392 4211 σατο
408 4159 470 4213 τὸ
501 4155 640 4212 εἶναι
672 4160 762 4212 ἴσα
790 4158 928 4228 Θεῷ,
963 4157 1077 4212 ἀλλ’
1108 4157 1301 4211 ἐαυτὸν
1326 4158 1582 4223 ἐκένωσε,
1614 4157 1812 4227 μορφὴι

1929 4156 2076 4212 dicto
2105 4158 2461 4211 continentur
2487 4158 2763 4212 elocutum
2798 4160 3125 4214 asserimns.

251 4250 442 4306 δούλου
464 4250 667 4316 λαϐὼν,
730 4250 824 4304 καὶ
845 4251 1085 4321 σχήματι
1144 4248 1388 4320 εὑρεθεὶς
1438 4248 1513 4311 ὡς
1556 4247 1864 4317 ἄνθρωπος,
1937 4246 2303 4299 ἐταπείνωσεν
2321 4248 2534 4313 ἐαυτὸν,
2581 4267 2599 4301 ι
2637 4246 2783 4319 εἶχεν
2806 4250 2872 4303 ἄν
2896 4267 2979 4303 σοι
3003 4251 3093 4303 καὶ
3120 4250 3220 4304 οὑκ
3241 4249 3504 4306 ἀπίθανον

253 4343 416 4411 λόγον
431 4344 530 4413 τῆς
562 4341 871 4411 ἀντιλογίας
909 4340 973 4393 τὸ
1002 4342 1207 4411 σχῆμα.
1249 4339 1462 4410 Ἐπειδὴ
1509 4339 1565 4392 δέ
1596 4340 1696 4409 τῆς
1715 4339 1993 4408 ὑποταγῆς
2021 4340 2118 4393 καὶ¹
2176 4339 2557 4402 ταπεινώσεως
2619 4342 2855 4414 ἐναργὴς
2883 4344 2912 4396 6
2943 4343 3161 4414 τρόπος,
3222 4344 3277 4398 τί
3350 4344 3505 4416 ῥιψο-

255 4436 517 4499 κινδύνως
563 4437 820 4506 ἐπιτιμᾷς
864 4433 947 4503 τῷ
998 4434 1065 4486 δι’
1110 4434 1255 4502 ἡμᾶς
1314 4433 1409 4486 καὶ
1450 4431 1609 4485 τοῦτο
1674 4432 1866 4486 παθεῖν
1936 4432 2322 4502 ὑπομείναντι;
2379 4434 2720 4504 Πανταχόθεν
2773 4433 3059 4505 τοιγαροῦν
3117 4437 3196 4498 εἰς
3239 4436 3507 4507 ὀρθότητα

253 4529 543 4600 δογμάτων
596 4528 973 4600 περιιστάντες
1025 4526 1116 4579 τὸν
1142 4526 1319 4594 λόγον,
1365 4524 1720 4595 οἰκονομικῶς
1751 4525 2030 4596 εἰρηκέναι
2076 4526 2256 4597 φαμὲν
2309 4527 2399 4579 τὸν
2446 4527 2648 4581 Κύριον
2711 4527 2867 4599 ἡμῶν
2917 4527 3122 4599 Ἰησοῦν
3168 4529 3402 4601 Χριστὸν
3436 4530 3507 4583 τά

253 4619 318 4672 ἐν
332 4618 412 4689 τῷ
438 4618 784 4690 προκειμένῳ
811 4616 977 4687 ῥητῷ.

328 4710 451 4779 Πρὸ
487 4709 555 4763 δὲ
589 4707 703 4777 τῆς
756 4706 969 4777 ἑορτῆς
1006 4706 1113 4761 τοῦ
1179 4704 1412 4775 Πάσχα,
1458 4704 1622 4772 ειδὼς
1650 4707 1686 4760 δ
1732 4705 1808 4773 ’1η

2006 4700 2124 4755 ΧΙΙΙ
2150 4743 2165 4767 ,
2220 4702 2274 4757 1.
2315 4703 2450 4757 Ante
2470 4702 2610 4756 diem
2643 4711 2817 4756 autem
2850 4703 3039 4771 [catum
3068 4703 3312 4773 Pascitur,
3336 4709 3478 4763 scim

255 4801 410 4870 σοῦς
434 4802 523 4856 ὅτι
558 4797 745 4870 ἦλθεν
769 4798 959 4853 αὑτοῦ
994 4798 1033 4864 ἠ
1069 4796 1210 4865 ὥρα,
1239 4798 1339 4851 ἵνα
1371 4796 1597 4865 μεταϐῇ
1619 4797 1687 4851 ἐκ
1723 4796 1812 4851 τοί

1928 4793 2084 4849 Iesus
2113 4796 2236 4863 quia
2259 4795 2395 4848 venit
2431 4793 2564 4847 hora
2602 4794 2714 4863 ejus
2745 4804 2803 4847 ut
2837 4804 3073 4850 transeat
3097 4813 3163 4850 ea:
3184 4797 3283 4851 hoc
3313 4801 3508 4856 mundo

254 4896 491 4964 κόσμου
517 4894 737 4948 τούτου
771 4892 922 4959 πρὸς
950 4890 1057 4943 τὸν
1075 4888 1324 4956 Πατέρα,
1345 4888 1667 4958 ἀγαπήσας
1688 4887 1812 4953 τοὺς

1930 4886 2000 4939 ad
2028 4890 2268 4951 Patrem,
2305 4903 2420 4940 cum
2446 4886 2722 4940 dilexisset
2756 4902 2880 4941 suos
2908 4888 3171 4957 quierant
3193 4890 3246 4943 in
3274 4892 3504 4957 mundo,

260 4989 450 5054 ιόἰους
485 4985 629 5051 τοὺς
676 4985 747 5038 ἐν
795 4982 877 5049 τῷ
915 4983 1143 5051 κόσμῳ,
1188 4984 1277 5047 εὶς
1316 4981 1490 5047 τέλος
1515 4981 1812 5050 ἠγάπησεν

1930 4979 1986 5033 in
2021 4979 2177 5048 ﬁnem
2212 4979 2398 5032 dilexit
2424 4996 2533 5035 eos.

256 5078 501 5144 αὐτούς.

314 5168 723 5239 Ἀσυμφανέστε
732 5167 823 5240 ρόν
840 5168 955 5220 ἐστι
971 5169 1083 5231 τοῖς
1101 5166 1315 5230 πολλοῖς
1336 5164 1396 5218 τὸ
1411 5166 1469 5218 ἐν
1487 5181 1599 5227 τοις
1614 5181 1836 5235 προκει-

262 5261 444 5332 μένοις
475 5260 755 5330 θεώρημα,
784 5261 878 5312 καὶ
896 5259 955 5312 οὑ
987 5258 1194 5329 σφόδρα
1224 5258 1416 5330 τρανές
1447 5259 1525 5320 είς
1549 5256 1829 5327 ἐξήγησιν,

259 5350 377 5404 ἀλλ’
405 5350 525 5403 οὑδὲ
562 5350 764 5403 ἁπλοῦν
805 5351 948 5421 ἕχον,
990 5349 1177 5421 ὥσπερ
1228 5349 1292 5403 ἄν
1339 5366 1423 5411 τις
1458 5349 1688 5420 οἰηθείη,
1743 5349 1832 5401 τὸν

258 5442 405 5496 νοῦν.
430 5441 537 5495 Τοῦ
568 5443 674 5514 γὰρ
705 5443 767 5514 δὴ
800 5443 961 5513 χάριν
995 5440 1411 5511 ἐπισημαίνεται
1441 5440 1535 5491 νῦν
1574 5443 1602 5493 6
1647 5440 1836 5493 θεσπέ-

260 5550 375 5597 σιος
402 5535 814 5605 εὐαγγελιστης,
845 5534 941 5588 καὶ
965 5533 1156 5604 ὥσπερ
1184 5550 1236 5585 τι
1258 5532 1364 5586 τῶν
1384 5532 1694 5601 ἀναγκαίων
1723 5535 1836 5587 ἐπι-

334 5711 379 5743 ⁶⁶
413 5711 513 5766 lsa.
552 5728 635 5778 nx,
671 5712 723 5775 6,
745 5726 856 5768 sec.
893 5711 1050 5769 LXX.
1138 5712 1179 5744 ⁸⁷
1224 5710 1454 5782 Philipp.
1489 5725 1564 5775 tt,
1597 5710 1715 5767 6-8.

2004 5157 2563 5229 Obscuriorestapud
2578 5159 2777 5215 multos
2801 5159 2964 5229 hujus
2986 5159 3091 5214 loci
3115 5156 3279 5229 719
3301 5158 3509 5213 intelle-

1933 5259 2077 5313 ctus,
2099 5267 2208 5319 nec
2223 5251 2494 5319 explicatu
2516 5252 2806 5305 admodum
2830 5251 3027 5313 facilis,
3044 5254 3138 5304 sed
3160 5264 3337 5317 neque
3356 5263 3506 5318 aper-

1933 5343 2231 5411 tnm,qnod
2258 5343 2380 5412 quis
2400 5343 2502 5397 sibi
2543 5343 2727 5397 forsan
2754 5344 3108 5413 persuaserit,
3132 5358 3353 5397 sensum
3377 5355 3507 5395 con-

1934 5439 2090 5491 tinet.
2116 5436 2287 5506 Cujus
2315 5438 2458 5490 enim
2478 5437 2557 5491 rei
2591 5437 2764 5505 gratia
2788 5437 3066 5504 signanter
3087 5435 3251 5488 modo
3281 5432 3505 5489 divinus

1934 5531 2273 5602 evangelista
2315 5529 2497 5586 dicere
2545 5530 2783 5597 videtur,
2814 5545 2877 5585 ac
2908 5531 3052 5583 velut
3077 5524 3300 5597 aliquod
3328 5541 3505 5598 operae
