3894 6200
421 286 518 344 ιιι

1405 283 1462 338 S.
1495 280 1776 338 CYRILLI
1825 277 2298 335 ALEXANDRINI
2357 277 2676 335 ARCHIEP.

417 402 650 474 pretium
703 401 1000 465 observat,
1052 399 1295 456 dicens:
1349 420 1368 452 ι
1401 401 1544 454 Ante
1592 399 1738 454 diem
1797 405 1969 454 autem

2086 398 2261 468 τηρεῖ,
2283 397 2482 465 λέγων’
2503 416 2520 447 ι
2545 398 2655 466 Πρὸ
2675 397 2730 450 δὲ
2745 397 2842 468 τῆς
2858 399 3047 469 ἑορτῆς
3067 399 3158 452 τοῦ
3177 401 3386 470 Πάσχα,
3411 401 3564 467 εἰδὼς
3589 406 3674 459 ὅτι

418 494 618 549 festum
653 491 912 556 Paschze,
962 494 1146 547 sciens
1185 493 1316 562 quia
1354 492 1505 545 venit
1553 491 1689 544 hora
1723 490 1884 558 ejus,
1927 497 1988 543 ut

416 594 664 639 transeat
693 599 762 638 ex
794 584 898 637 hoc
935 583 1138 638 mundo
1177 585 1243 637 ad
1276 581 1538 636 Patrem?
1568 600 1588 634 ι
1624 579 1764 647 Quid
1803 589 1986 635 autem

413 682 500 726 est
525 687 688 742 porro
707 673 851 741 quod
885 675 962 726 ait
992 689 1006 725 :
1051 690 1070 724 ι
1094 673 1228 727 Cum
1249 672 1543 732 dilexisset
1568 687 1701 728 suos
1730 673 1785 726 in
1821 688 1986 727 mun-

413 762 482 816 do
505 803 520 828 ,
551 763 606 816 in
634 762 794 817 tinem
825 763 1015 818 dilexit
1037 765 1171 819 eos?
1199 784 1215 814 ι
1255 765 1313 818 In
1339 779 1536 832 magna
1566 764 1751 834 itaque
1779 765 1985 820 obscu-

411 855 596 918 ritate,
617 855 724 908 tale
736 854 994 922 quiddam
1021 856 1198 925 ipsum
1220 855 1408 910 dicere
1421 856 1679 920 arbitror,
1699 855 1984 922 nimirum,

411 953 536 998 ante
587 945 888 998 salutarem
952 947 1262 1014 passionem
1317 947 1572 1016 quamvis
1618 955 1984 1018 cognosceret

411 1033 667 1088 Salvator
701 1033 814 1104 jam
867 1034 1089 1090 tandem
1137 1036 1303 1091 veluti
1355 1052 1458 1108 pro
1513 1037 1725 1093 foribus
1779 1038 1986 1093 instare

409 1134 624 1193 tempus
665 1140 773 1194 quo
801 1124 868 1180 ad
893 1127 1065 1181 caelos
1103 1128 1446 1183 transiturus
1477 1138 1663 1196 esset,
1694 1130 1983 1201 perfectis-

409 1216 602 1269 simam
656 1222 837 1270 tamen
883 1233 1014 1288 erga
1064 1234 1195 1274 suos
1240 1223 1336 1289 qui
1382 1223 1436 1274 in
1461 1223 1563 1276 hoc
1591 1223 1796 1277 mundo
1823 1232 1982 1277 erant

406 1308 753 1362 dilectionem
784 1309 1124 1366 exhibuisse.
1146 1311 1302 1377 Quod
1338 1314 1382 1368 si
1415 1329 1596 1383 operm
1630 1315 1861 1382 pretium
1897 1315 1984 1368 vi-

406 1399 601 1453 deatur
634 1407 808 1454 totam
850 1417 960 1455 rem
1006 1403 1172 1457 latius
1202 1406 1508 1474 explicare,
1560 1421 1670 1460 non
1710 1408 1983 1478 gravabor

405 1489 550 1557 quod
593 1490 756 1545 modo
786 1492 903 1546 dixi
940 1491 1122 1546 denuo
1156 1503 1428 1564 repetere.
1462 1494 1774 1551 Servatoris
1805 1497 1979 1551 nostri

403 1581 607 1637 Christi
645 1584 879 1652 propria:
899 1591 1032 1637 sunt
1071 1598 1135 1636 ac
1166 1586 1474 1653 peculiares
1502 1601 1850 1656 quaecunque
1883 1601 1980 1656 per

403 1689 524 1727 eum
554 1674 714 1728 facta:
743 1683 871 1728 sunt
901 1674 1203 1730 rationales
1243 1683 1296 1730 et
1337 1676 1740 1732 intellectuales
1764 1685 1980 1731 creatu-

2095 488 2353 559 ἐλήλυθεν
2391 490 2554 542 αὑτοῦ
2611 492 2644 561 ἡ
2681 490 2818 561 ὥρα,
2873 491 2960 543 ἵνα
2997 491 3204 562 μεταϐῇ
3245 493 3310 546 ἐκ
3339 494 3430 547 τοῦ
3466 497 3672 568 κόσμου

2095 577 2285 632 τούτου
2337 579 2476 650 πρὸς
2517 577 2608 631 τὸν
2660 579 2877 649 Πατέρα
2905 596 2920 645 ;
2959 597 2977 629 ι
3008 579 3051 631 Τ
3058 579 3072 632 ί
3097 580 3152 632 δὲ
3174 576 3241 634 αὖ
3262 581 3423 636 πάλιν
3444 583 3560 638 ἐστὶ
3587 584 3672 651 τὸ,

2098 687 2118 720 ι
2163 671 2480 741 Ἀγαπήσας
2502 670 2627 734 τοὺς
2660 670 2825 734 ἰδίους
2853 670 2980 732 τοὺς
3007 672 3066 723 ἐν
3093 671 3168 742 τῷ
3192 671 3400 744 κόσμῳ,
3424 678 3502 739 εἰς
3523 677 3672 740 τέλος

2095 754 2376 831 ἠγάπησεν
2400 762 2619 829 αὐτούς
2657 781 2674 814 ι
2707 763 2962 832 Ἔχοντος
3006 762 3188 816 τοίνυν
3239 764 3300 816 οὐ
3349 767 3586 838 μετρίως
3612 768 3673 821 τὸ

2091 853 2322 922 ἀσαφὲς,
2372 851 2658 922 βούλεσθαί
2711 870 2764 906 τι
2819 853 3060 906 τοιοῦτον
3094 850 3248 926 οἶμαι
3283 855 3461 926 λέγειν
3488 859 3670 921 αὑτὸν,

2090 946 2172 999 ὅτι
2221 945 2328 1018 πρὸ
2371 947 2466 1000 τοῦ
2521 946 2791 1017 σωτηρίου
2847 947 3076 1013 πάθους,
3135 949 3315 1007 καίτοι
3361 950 3668 1019 γινώσκων,

2092 1037 2278 1106 φησὶν,
2338 1039 2367 1090 ό
2422 1036 2637 1108 Σωτὴρ,
2662 1038 2746 1090 ὅτι
2774 1037 2960 1091 λοιπὸν
3011 1038 3104 1091 ἐπὶ
3146 1039 3337 1111 θύραις
3378 1041 3601 1110 γέγονεν
3639 1042 3671 1095 6

2091 1127 2280 1196 καιρὸς
2333 1128 2422 1196 τῆς
2467 1128 2548 1188 εἰς
2585 1129 2848 1200 οὐρανοὺς
2887 1131 3295 1200 μεταστάσεως,
3324 1134 3670 1206 τελειοτάτην

2091 1217 2402 1283 ἐπεδείξατο
2431 1219 2529 1290 τὴν
2568 1220 2844 1291 ἀγάπησιν
2867 1222 2966 1292 τὴν
2988 1223 3116 1294 περὶ
3143 1225 3269 1287 τοὺς
3293 1225 3455 1287 ἰδίους
3508 1225 3669 1290 tm,—

2088 1312 2148 1365 ἐν
2179 1310 2312 1382 τῷδε
2337 1311 2414 1382 τῷ
2440 1312 2649 1383 κόσμῳ.
2681 1313 2790 1366 Καὶ
2822 1316 2868 1367 εἰ
2895 1317 2998 1386 χρή
3045 1333 3161 1379 πως
3192 1317 3529 1388 πλατυτέραν
3553 1321 3667 1383 τοῖς

2088 1404 2465 1474 προκειμένοις
2496 1405 2778 1474 ἐπινοῆσαι
2815 1404 3072 1478 θεωρίαν,
3093 1408 3231 1478 ὅπερ
3273 1408 3412 1480 ἔφην
3438 1410 3664 1479 ἀρτίως,

2088 1493 2181 1545 καὶ
2200 1491 2442 1556 εἰσαῦθις
2483 1493 2613 1564 ἐρῶ.
2637 1494 2798 1548 nam
2833 1495 2932 1566 μὲν
2954 1496 3063 1566 γὰρ
3090 1497 3184 1550 τοῦ
3218 1499 3468 1569 Σωτῆρος
3508 1500 3668 1570 ἡμῶν

2085 1582 2321 1653 Χριστοῦ
2336 1583 2405 1638 τὰ
2429 1585 2606 1639 πάντα
2617 1585 2686 1638 δι’
2705 1587 2868 1640 αὐτοῦ
2880 1589 3162 1656 γεγονότα,
3176 1589 3368 1657 λογικὰ
3388 1591 3482 1644 καὶ
3503 1591 3666 1664 νοερὰ

2088 1672 2384 1744 κτίσματα,
2418 1677 2686 1746 Δυνάμεις
2737 1678 2794 1732 αἱ
2824 1678 2954 1744 ἄνω,
3000 1681 3093 1733 καὶ
3117 1680 3330 1751 Θρόνοι,
3349 1685 3442 1737 καί
3471 1683 3668 1755 Κυριό-

406 1780 506 1826 rte,
533 1762 840 1819 Potestates
871 1780 1150 1832 supernat,
1181 1763 1387 1820 Throni
1409 1806 1425 1830 ,
1449 1775 1503 1822 et
1529 1766 1969 1833 Dominatioues,

2082 1781 2265 1835 τητες,
2310 1767 2404 1820 καὶ
2453 1770 2556 1821 εῐτι
2613 1768 2821 1832 τούτοις
2864 1772 3145 1840 ὁμογενὲς,
3173 1773 3297 1827 ὅσον
3325 1776 3406 1837 εἰς
3436 1774 3528 1828 τὸν
3563 1777 3661 1830 τοῦ

400 1864 454 1908 et
486 1855 592 1908 alia
625 1854 682 1909 id
712 1871 907 1925 genus,
945 1857 997 1910 in
1027 1865 1293 1926 quantum
1317 1865 1506 1912 creata
1530 1858 1623 1912 illa
1654 1867 1803 1913 sunt.
1832 1857 1974 1914 Sunt

402 1947 528 1999 item
556 1946 676 2013 ejus
715 1948 952 2017 propria:
981 1963 1325 2017 quaecunque
1368 1959 1497 2002 sunt
1541 1949 1596 2002 in
1629 1956 1775 2002 terra
1821 1963 1976 2002 crea-

399 2045 539 2091 turae
568 2039 801 2092 rationis
828 2048 1131 2109 compotes,
1167 2047 1441 2108 quatenus
1478 2041 1722 2094 omnium
1755 2049 1840 2095 est
1866 2039 1973 2094 Do.

398 2129 609 2192 minus,
637 2129 855 2183 etiamsi
886 2131 1137 2184 nonnulli
1172 2146 1296 2184 eum
1317 2146 1426 2185 non
1457 2131 1690 2186 adorent
1720 2140 1779 2185 ut
1811 2132 1973 2202 opili-

397 2233 536 2273 cem.
571 2217 772 2272 Dilexit
812 2219 982 2289 igitur
1015 2237 1146 2276 suos
1175 2222 1269 2291 qui
1303 2232 1460 2277 erant
1501 2223 1555 2276 in
1586 2225 1831 2287 mundo;
1873 2237 1975 2279 nec

396 2308 538 2360 enim
573 2309 796 2378 angelos
829 2311 1195 2380 apprehendit
1220 2352 1235 2372 .
1272 2311 1429 2381 juxta
1469 2311 1627 2368 Pauli
1668 2328 1856 2368 vocem
1891 2314 1970 2379 ⁸⁸,

394 2411 572 2466 neque
603 2406 825 2467 propter
854 2400 1169 2470 angelorum
1199 2412 1455 2456 naturam
1482 2405 1536 2456 in
1579 2402 1752 2456 forma
1787 2402 1880 2459 Dei
1907 2419 1972 2458 ac

393 2488 576 2544 Patris
615 2507 738 2544 cum
768 2500 948 2553 esset,
985 2508 1093 2546 non
1131 2494 1378 2562 rapinam
1404 2496 1709 2550 arbitratus
1730 2505 1816 2551 est
1849 2512 1972 2552 esse

394 2598 453 2634 se
478 2583 742 2650 aequalem
776 2581 884 2635 Deo
910 2583 988 2645 ",
1021 2584 1115 2638 sed
1147 2595 1372 2656 propter
1395 2603 1498 2642 nos
1525 2591 1707 2658 potius
1740 2590 1832 2660 qui
1871 2607 1970 2644 su-

394 2685 516 2725 mus
546 2672 600 2724 in
627 2671 729 2724 hoc
761 2673 989 2734 mundo,
1022 2674 1326 2729 exinanivit
1352 2678 1616 2746 seipsum,
1652 2688 1707 2733 et
1737 2680 1968 2735 formam

392 2760 644 2814 servilem
676 2762 911 2830 sumpsit
935 2762 1027 2816 ille
1056 2764 1303 2817 omnium
1340 2763 1640 2832 Dominus,
1679 2769 1854 2821 nostri
1885 2768 1969 2821 di-

393 2853 634 2905 lectione
669 2859 724 2908 et
750 2867 938 2907 amore
963 2871 1030 2909 eo
1054 2864 1288 2910 vocatus
1310 2857 1378 2910 "°.
1409 2857 1544 2910 Cum
1576 2873 1708 2928 ergo
1743 2859 1969 2915 dilexis-

390 2950 474 2996 set
504 2956 600 2996 cos
632 2942 724 3011 qui
755 2953 915 2996 erant
952 2943 1007 2998 in
1048 2945 1151 3000 hoc
1197 2946 1440 3010 mundo,
1484 2948 1538 3001 in
1575 2948 1737 3003 linem
1777 2949 1968 3004 dilexit

389 3044 487 3084 eos
512 3071 528 3094 ,
565 3031 693 3084 licet
723 3040 850 3086 ante
883 3031 1081 3088 festum
1110 3075 1128 3099 ,
1173 3043 1226 3089 et
1270 3045 1395 3090 ante
1441 3036 1648 3092 Pascha
1670 3078 1684 3102 ,
1721 3057 1740 3090 ε
1773 3038 1967 3096 Sciens

2082 1856 2412 1928 πεποιῆσθαι
2465 1857 2643 1928 λόγον.
2676 1860 2831 1914 ’Ἰδιον
2874 1861 2932 1914 δὲ
2993 1859 3062 1916 αὖ
3093 1864 3255 1918 πάλιν
3277 1866 3440 1921 αὐτοῦ
3465 1874 3559 1921 ιιιαί⁵
3589 1869 3664 1923 τὰ

2078 1948 2173 2001 ἐπὶ
2199 1950 2298 2018 τῆς
2338 1951 2440 2021 γῆς
2502 1951 2716 2020 λογικὰ,
2777 1953 2915 2006 καθὸ
2949 1956 3170 2008 πάντων
3201 1957 3318 2010 ἐστὶ⁵
3360 1959 3657 2030 Δεσπότης,

2080 2039 2174 2092 καὶ
2204 2041 2252 2092 εἰ
2289 2042 2362 2112 μή
2390 2058 2535 2105 τινες
2561 2044 2976 2113 προσκυνοῦσιν,
2997 2046 3073 2110 ὡς
3102 2049 3462 2120 Δημιουργόν.
3496 2051 3659 2120 Ἠγά-

2078 2138 2220 2200 πησε
2254 2133 2435 2187 τοίνυν
2497 2135 2624 2197 τοὺς
2650 2135 2816 2200 ἰδίους
2841 2138 2968 2198 τοὺς
2997 2139 3055 2190 ἐν
3083 2139 3162 2210 τῷ
3194 2141 3416 2212 κόσμῳ·
3448 2143 3510 2196 οὐ
3549 2144 3662 2216 γάρ

2077 2223 2323 2292 ἀγγέλων
2352 2226 2803 2297 ἐπιλαμϐάνεται,
2854 2230 2996 2284 κατὰ
3040 2230 3140 2302 τὴν
3165 2233 3260 2286 τοῦ
3296 2234 3510 2288 Παύλου
3545 2253 3659 2305 φω-

2076 2315 2193 2384 νὴν,
2225 2316 2346 2368 οὐδὲ
2399 2317 2485 2370 διὰ
2519 2318 2616 2389 τὴν
2657 2318 2762 2372 τῶν
2821 2320 3070 2389 ἀγγέλων
3131 2323 3314 2392 φύσιν,
3350 2328 3409 2378 ἐν
3472 2330 3652 2399 μορφῇ

2075 2405 2209 2459 Θεοῦ
2238 2407 2332 2460 καὶ
2358 2409 2572 2480 Πατρὸς
2595 2411 2876 2482 ὑπάρχων,
2897 2413 2995 2483 οὐχ
3011 2415 3302 2486 ἁρπαγμὸν
3335 2420 3579 2490 ἡγήσατο
3593 2421 3658 2472 ab

2075 2493 2211 2550 εἶναι
2244 2499 2332 2550 ἴσα
2357 2499 2500 2570 Θειῖν
2522 2501 2589 2554 δι’
2620 2502 2766 2572 ἡμᾶς
2784 2503 2840 2557 δὲ
2866 2505 3065 2574 μᾶλλον
3084 2509 3206 2570 τοὺς
3234 2508 3393 2574 ὄντας
3420 2512 3479 2565 ἐν
3519 2510 3656 2582 τῷδε

2071 2588 2148 2656 τῷ
2169 2589 2380 2659 κόσμῳ,
2411 2590 2716 2646 κεκένωκεν
2737 2595 2948 2654 ἑαυτὸν,
2977 2598 3069 2650 καὶ
3103 2599 3318 2668 μορφὴν
3368 2601 3654 2666 ἀνεδέξατο

2073 2678 2170 2748 τὴν
2197 2681 2476 2752 οἰκετικὴν
2492 2685 2520 2736 ὁ
2545 2685 2765 2738 πάντων
2785 2686 3009 2758 Κύριος,
3031 2689 3222 2762 ἀγάπῃ
3245 2695 3311 2763 τῇ
3344 2709 3412 2746 πε
3423 2693 3475 2764 ρὶ
3505 2696 3653 2765 ἡμᾶς

2073 2770 2413 2842 κεκλημένος
2463 2776 2543 2838 εἰς
2587 2776 2767 2832 τοῦτο.
2825 2780 3142 2851 Ἀγαπήσας
3188 2785 3368 2838 τοίνυν
3423 2791 3547 2851 τοὺς
3591 2790 3652 2842 ἐν

2071 2859 2206 2930 τῷδε
2248 2861 2326 2932 τῷ
2353 2863 2563 2934 κόσμῳ,
2599 2867 2891 2938 ἠγάπησεν
2919 2872 3118 2935 αὐτοὺς
3159 2875 3239 2936 εἰς
3261 2875 3434 2938 τέλος,
3473 2877 3650 2932 καίτοι

2069 2951 2166 3003 καὶ
2187 2953 2294 3022 πρὸ
2327 2955 2423 3023 τῆς
2455 2957 2671 3027 ἑορτῆς,
2699 2960 2794 3013 καὶ
2816 2959 2922 3031 πρὸ
2955 2962 3050 3016 τοῦ
3077 2964 3288 3035 Πάσχα,
3317 2986 3334 3018 ι
3373 2969 3542 3033 Εἰδὼς
3565 2971 3649 3024 ὄτι

2069 3041 2230 3116 ἦλθεν
2255 3049 2419 3102 αὑτοῦ
2455 3051 2651 3124 ήῶρα,
2684 3055 2772 3108 ἵνα
2809 3058 3016 3130 μεταϐῇ
3054 3061 3118 3113 ἐκ
3154 3061 3248 3115 τοῦ
3288 3063 3494 3135 κόσμου
3525 3067 3650 3120 τού-

393 3123 526 3190 quia
558 3123 706 3176 venit
739 3125 874 3177 hora
908 3125 1026 3194 ejus
1058 3134 1118 3178 ut
1154 3135 1400 3180 transeat
1425 3144 1490 3181 ex
1521 3129 1623 3183 hoc
1651 3131 1858 3184 mundo
1899 3131 1963 3185 ad

2075 3153 2163 3189 του
2195 3139 2324 3209 πρὸς
2353 3141 2444 3195 τὸν
2499 3123 2742 3216 Πατέρα.
2781 3123 2932 3202 ίΤοῦ
2991 3123 3100 3220 ’μὲν
3140 3153 3250 3225 γάρ
3286 3154 3360 3226 μὴ
3390 3123 3469 3220 εἰς
3495 3157 3648 3221 τέλος

389 3209 632 3270 Patrem.
667 3233 684 3266 ι
722 3213 950 3270 Factum
979 3219 1127 3271 enim
1150 3232 1274 3272 esse
1299 3219 1616 3284 hominem,
1655 3220 1801 3274 haud
1844 3237 1968 3291 per-

393 3303 535 3355 recte
570 3302 854 3373 diligentis
901 3313 1078 3370 esset,
1121 3307 1227 3362 nisi
1279 3323 1377 3378 pro
1407 3309 1654 3363 omnium
1686 3311 1796 3365 vita
1820 3311 1966 3381 peri.

389 3395 566 3447 clitari
597 3397 790 3464 vellet,
837 3397 932 3452 sed
966 3400 1021 3452 in
1052 3397 1213 3454 finem
1255 3401 1449 3456 dilexit
1491 3417 1610 3464 eos,
1645 3417 1820 3472 neque
1853 3402 1964 3473 pati

387 3483 735 3550 detrectavit,
768 3488 1021 3557 quamvis
1067 3505 1357 3558 passurum
1393 3507 1453 3546 se
1499 3494 1818 3562 praesciret:
1863 3509 1966 3548 nec

389 3574 535 3626 enim
569 3574 752 3645 ignota
796 3587 893 3630 aut
935 3579 1234 3648 improvisa
1269 3589 1389 3635 erat
1430 3583 1713 3637 Servatori
1756 3586 1966 3652 passio.

391 3661 531 3716 Cum
567 3679 730 3734 ergo,
763 3665 977 3736 inquit,
1008 3667 1318 3723 Judaeorum
1368 3671 1722 3740 petulantiam
1756 3680 1808 3726 et
1843 3687 1965 3725 cru-

387 3755 723 3824 ciligentium
752 3759 1093 3828 impietatem
1125 3763 1300 3818 vitare
1331 3761 1548 3828 liceret,
1580 3778 1852 3818 summam
1882 3763 1966 3818 di-

386 3850 676 3904 lectionem
716 3853 962 3907 exhibuit
1005 3854 1058 3908 in
1097 3869 1230 3910 suos
1267 3855 1360 3926 qui
1406 3867 1564 3911 erant
1615 3857 1669 3911 in
1721 3859 1960 3914 mundo:

386 3957 497 3996 non
529 3945 806 3999 recusavit
838 3946 984 4000 enim
1034 3963 1135 4017 pro
1175 3949 1286 4004 vita
1329 3951 1571 4004 omnium
1614 3951 1775 4005 mori.
1807 3951 1964 4018 Quod

385 4035 529 4087 enim
561 4033 649 4087 hic
678 4033 1146 4103 perfectissimum
1170 4038 1492 4096 dilectionis
1525 4043 1745 4096 modum
1779 4043 1965 4100 videre

385 4125 581 4189 liceat,
634 4124 816 4194 ipsum
848 4132 1043 4181 testem
1082 4127 1354 4183 adducam
1391 4129 1677 4185 Dominum
1711 4141 1961 4189 nostrum

381 4213 569 4272 Jesum
591 4219 868 4274 Christum
891 4219 1104 4276 sanctis
1133 4222 1298 4293 720
1320 4223 1609 4294 discipulis
1639 4228 1712 4280 ita
1742 4229 1964 4298 loquen-

384 4319 492 4362 tem
518 4328 532 4366 :
576 4329 594 4361 ι
635 4309 750 4365 Hoc
777 4320 862 4366 est
893 4324 1224 4384 praeceptum
1262 4331 1442 4371 meum
1463 4361 1480 4384 ,
1516 4329 1574 4372 ut
1605 4318 1846 4391 diligatis
1875 4324 1961 4378 in-

383 4401 580 4462 vicem,
608 4402 754 4456 sicut
785 4401 952 4457 dilexi
976 4419 1095 4461 vos.
1123 4403 1383 4475 Majorem
1410 4408 1556 4462 enim
1580 4409 1684 4464 hac
1707 4411 1959 4466 dilectio—

2068 3227 2456 3319 ἀγαπήσαντος
2512 3229 2601 3303 ἦν,
2656 3235 2718 3287 τό
2779 3237 3030 3303 γενέσθαι
3065 3238 3163 3311 μὲν
3222 3244 3525 3316 ἄνθρωπον,
3571 3248 3648 3319 μὴ

2071 3318 2176 3388 μὴν
2202 3318 2454 3390 ἐθελῆσαι
2477 3325 2571 3377 καὶ
2587 3326 2684 3396 τῆς
2712 3328 2968 3382 ἁπάντων
3003 3333 3452 3403 προκινδυνεῦσαι
3479 3318 3643 3410 ζωῆς,

2070 3408 2186 3462 ἀλλ’
2221 3412 2504 3484 ἠγάπησεν
2525 3418 2605 3480 εἰς
2629 3418 2799 3484 τέλος,
2834 3423 2925 3474 καὶ
2951 3421 3109 3476 τοῦτο
3139 3426 3332 3479 παθεῖν
3349 3429 3412 3482 οὐ
3445 3408 3647 3499 παραι-

2065 3502 2390 3572 τησάμενος,
2430 3508 2610 3562 καίτοι
2661 3511 2928 3580 προειδὼς
2977 3513 3060 3566 ὅτι
3101 3516 3376 3570 πείσεται·
3437 3519 3497 3572 ού
3537 3521 3647 3592 γὰρ

2065 3593 2309 3648 ἄποπτον
2341 3592 2408 3666 ἦν
2440 3597 2517 3668 τῷ
2568 3601 2781 3672 Σωτῆρι
2828 3604 2890 3657 τδ
2927 3606 3122 3668 πάθος.
3166 3608 3314 3673 Ἐξὸν
3339 3605 3452 3673 οὖν,
3485 3613 3644 3682 φησὶ,

2063 3685 2342 3756 διαδρᾶναι
2379 3689 2488 3742 τῶν
2526 3691 2793 3746 Ἰουδαίων
2813 3695 2909 3758 τὰς
2950 3698 3257 3768 παροινίας,
3292 3703 3387 3753 καὶ
3414 3702 3512 3772 τὴν
3537 3704 3647 3758 τῶν

2066 3779 2444 3849 σταυρούντων
2477 3782 2818 3854 ἀνοσιότητα,
2837 3787 3174 3860 τελεωτάτην
3203 3791 3512 3856 ἐπεδείξατο
3543 3794 3645 3865 τὴν

2063 3868 2342 3940 ἀγάπησιν
2373 3871 2473 3942 τὴν
2517 3875 2596 3936 εἰς
2639 3875 2769 3939 τοὺς
2801 3876 2965 3941 ἰδίους
3010 3881 3136 3943 τοὺς
3166 3881 3327 3946 ὄντας
3352 3884 3413 3936 ἐν
3441 3885 3519 3954 τῷ
3544 3886 3642 3939 κό-

2065 3973 2210 4027 σμῳ·
2241 3963 2596 4032 παρῃτήσατο
2643 3965 2751 4038 γὰρ
2795 3967 3048 4039 οὐδαμῶς
3086 3972 3148 4023 τὸ
3197 3974 3416 4046 καὶτῆς
3467 3977 3642 4030 ἀπάν-

2061 4064 2170 4102 των
2194 4051 2559 4122 ὑπερτεθῆναι
2588 4056 2698 4128 [ἵσ.
2731 4058 3150 4134 ὑπερτεθνᾶναι]
3186 4062 3351 4134 ζωῆς.
3388 4067 3644 4139 Ὀτιγὰρ

2061 4139 2311 4213 ἐντούτῳ
2367 4145 2604 4213 μάλιστα
2654 4149 2982 4204 τελεώτατον
3044 4151 3160 4205 ἐστι
3205 4155 3303 4224 τῆς
3331 4157 3553 4228 ἀγάπης
3579 4159 3643 4212 τὸ

2065 4231 2262 4303 μέτρον
2322 4234 2470 4301 ἰδεῖν,
2509 4237 2672 4291 αὐτὸν
2720 4242 2967 4312 παροίσω
3017 4243 3269 4315 μάρτυρα
3310 4247 3400 4300 τὸν
3434 4249 3640 4322 Κύριον

2062 4323 2218 4392 ἡμῶν
2256 4325 2462 4396 Ἰησοῦν
2491 4327 2724 4399 Χριστὸν
2748 4334 2859 4394 τοῖς
2895 4334 3066 4400 άγιοις
3095 4335 3322 4402 λέγοντα
3346 4338 3636 4409 μαθηταῖς·

2067 4431 2090 4466 ι
2123 4414 2270 4486 Αῦτη
2289 4417 2434 4470 ἐστὶν
2464 4421 2495 4488 ἡ
2533 4421 2718 4492 ἐντολὴ
2745 4425 2778 4492 ὴ
2799 4423 2927 4495 ἐμὴ,
2953 4425 3038 4478 ἵνα
3066 4427 3314 4490 ἀγαπᾶτε
3353 4430 3645 4502 ἀλλήλους,

383 4503 509 4543 nem
534 4504 697 4545 nemo
719 4491 926 4557 habet,
963 4501 1022 4546 ut
1052 4495 1291 4548 animum
1317 4509 1472 4551 suam
1502 4509 1667 4568 ponat
1699 4501 1823 4569 quis
1859 4517 1959 4572 pro

2075 4507 2244 4572 καθὼς
2270 4509 2532 4580 ἠγάπησα
2552 4491 2714 4582 ὑμᾶς,
2751 4491 2989 4578 Μείζονα
3036 4518 3143 4588 γὰρ
3191 4519 3389 4590 ταύτης

383 4579 579 4635 amicis
602 4581 720 4638 suis
746 4583 813 4637 τί.
848 4601 866 4635 ι
906 4583 1049 4650 Quin
1079 4593 1136 4642 et
1166 4588 1271 4641 alia
1301 4590 1515 4644 ratione
1544 4593 1756 4646 ostendi
1780 4602 1960 4662 potest

385 4679 607 4726 sanctos
638 4675 1002 4744 evangelistas
1041 4677 1315 4748 imprimis
1345 4696 1574 4739 curasse
1606 4691 1664 4737 ut
1703 4687 1959 4742 ostende-

2057 4597 2232 4662 οὐδεὶς
2303 4599 2433 4670 ἔχει,
2470 4602 2557 4656 ἵνα
2592 4621 2675 4665 τις
2704 4605 2802 4675 τὴν
2827 4606 3004 4679 ψυχὴν
3044 4609 3216 4662 αὐτοῦ
3256 4610 3320 4682 θῇ
3361 4614 3500 4682 ὑπὲρ
3526 4615 3638 4668 τῶν

2057 4685 2228 4754 φίλων
2249 4688 2432 4744 αὑτοῦ.
2465 4709 2483 4740 ι
2519 4693 2629 4745 Καὶ
2676 4693 2799 4748 καθ’
2840 4697 3024 4768 ἕτερον
3067 4698 3123 4752 δὲ
3155 4700 3352 4770 τρόπον
3387 4703 3474 4754 ἀεί
3517 4704 3638 4768 πώς

383 4774 509 4818 rent
557 4763 850 4820 Dominum
896 4775 1148 4824 nostrum
1192 4769 1379 4825 Jesum
1422 4772 1702 4829 Christum
1745 4784 1962 4846 tempus

2075 4793 2171 4830 εστι
2197 4778 2284 4831 διὰ
2316 4771 2553 4851 σπουδῆς
2587 4786 2810 4852 γεγονὸς
2838 4763 2950 4852 τοῖς
2979 4789 3152 4858 ἁγίοις
3191 4763 3635 4861 εὐαγγελισταῖς,

385 4855 658 4925 passionis
698 4858 986 4927 praescisse
1014 4901 1029 4926 ,
1077 4876 1144 4914 ne
1193 4863 1317 4932 quis
1360 4863 1650 4922 haereticus
1693 4867 1964 4926 adversus

2075 4869 2345 4938 προειδότα
2397 4872 2664 4928 δεικνύειν
2694 4877 2786 4930 τὸν
2821 4879 2915 4932 τοῦ
2949 4881 3153 4944 πάθους
3182 4873 3370 4953 καιρὸν
3403 4885 3496 4937 τὸν
3521 4885 3634 4937 Κύ-

383 4947 501 5012 cjus
549 4947 779 5016 gloriam
828 4949 1179 5019 insurgeret,
1235 4953 1427 5011 dicens
1478 4972 1589 5025 prae
1637 4957 1956 5017 inﬁrmitate

381 5045 599 5104 captum
631 5036 820 5102 fuisse,
845 5047 1044 5095 etcum
1077 5041 1281 5099 invitus
1303 5044 1360 5099 in
1390 5045 1616 5116 laqueos
1634 5048 1949 5107 Judzeorum

384 5129 684 5194 incidisset,
721 5130 1162 5187 crudelissimam
1191 5143 1420 5191 mortem
1449 5142 1760 5208 pertulisse.
1789 5142 1952 5200 Utilis

380 5235 513 5291 ergo
567 5229 622 5276 et
677 5220 746 5277 ad
770 5219 1237 5294 dispensationem
1289 5230 1573 5298 pertinens
1631 5245 1950 5291 sanctorum

379 5326 582 5368 sermo.

451 5485 597 5556 Xlll,
628 5488 749 5544 2—5.
796 5487 861 5543 Et
894 5507 1040 5548 coma
1066 5491 1244 5563 facta,
1281 5511 1401 5552 cum
1429 5497 1672 5554 diabolus
1696 5499 1809 5567 jam
1849 5501 1939 5554 im-

2064 4975 2178 5029 ριον
2208 4961 2363 5031 ἡμῶν
2396 4963 2604 5033 Ἰησοῦν
2626 4968 2718 5020 τὸν
2745 4969 2980 5040 Χριστόν
3000 4988 3014 5002 ο
3047 4972 3132 5025 ἵνα
3164 4975 3237 5042 μή
3270 4991 3350 5036 τις
3375 4974 3485 5028 τῶν
3513 4976 3632 5028 ἑτε-

2065 5048 2296 5118 ροδοξείν
2355 5053 2623 5108 εἰωθότων
2674 5057 2772 5128 τῆς
2805 5059 2955 5124 θείας
2994 5061 3160 5115 αὐτοῦ
3191 5063 3346 5133 δόξης
3369 5066 3631 5118 κατεπαί-

2062 5157 2245 5210 ρηται,
2280 5141 2474 5210 λέγων,
2515 5145 2592 5211 ὡς
2619 5148 2735 5218 ἦλω
2766 5151 2866 5219 μέν
2895 5151 2964 5204 δι’
2992 5153 3296 5218 ἀσθένειαν,
3331 5155 3548 5227 βρόχοις
3574 5157 3630 5209 δὲ

2057 5233 2170 5295 τοῖς
2219 5233 2488 5288 Ἰουδαίων
2545 5238 2880 5311 ἀνεθελήτως
2922 5244 3254 5314 περιπεσὼν,
3319 5247 3411 5299 τὸν
3487 5247 3630 5301 οὕτω

2057 5323 2341 5378 πάνδεινον
2375 5327 2580 5401 ὑπέστη
2640 5331 2885 5388 θάνατον.
2936 5338 3287 5409 Οἰκονομικὸς
3343 5341 3628 5413 τοιγαροῦν

2059 5416 2154 5469 καὶ
2183 5415 2458 5488 ὠφέλιμος
2482 5422 2591 5476 τῶν
2621 5425 2842 5493 ἁγίωνό
2873 5426 3049 5496 λόγος.

2129 5504 2239 5558 Καὶ
2273 5505 2523 5564 δείπνου
2545 5515 2870 5584 γενομένου
2895 5555 2908 5578 ,
2943 5517 3050 5571 τοῦ
3081 5519 3362 5575 διαϐόλου
3395 5520 3509 5589 ἤδη
3525 5519 3620 5588 ,βεο

455 5669 498 5701 ⁸⁸
536 5669 700 5732 llehr.
737 5691 797 5742 ιι,
837 5675 922 5731 16.
1000 5677 1044 5710 ⁶⁹
1083 5677 1320 5752 Philipp.
1357 5697 1412 5748 ιι,
1447 5680 1498 5738 6.
1576 5683 1623 5718 τ’
1663 5683 1797 5741 ibid.
1833 5683 1885 5744 7.
1962 5686 1969 5718 τ

2079 5700 2212 5744 oan.
2241 5704 2330 5757 xv,
2369 5691 2457 5755 15,
2491 5693 2576 5748 14.
