3882 6206
249 400 359 457 H3

1295 401 1363 457 IN
1402 401 1688 459 JOANNIS
1728 398 2181 461 EVANGELIUM
2228 404 2357 462 LIB.
2401 405 2491 461 IX.

3402 405 3499 459 lu

242 518 542 587 σληκότος
606 520 695 585 εις
749 518 864 586 τὴν
909 518 1160 587 καρδίαν
1200 520 1388 574 Ἰούδα
1420 520 1684 588 Σίμωνος
1720 518 1819 573 τοῦ

1932 524 2159 576 misisset
2192 522 2248 575 in
2277 537 2366 575 cor
2399 531 2454 574 ut
2483 530 2712 574 traaeret
2738 537 2857 574 eum
2884 520 3059 575 ludas
3086 521 3317 576 Simonis
3346 520 3498 576 lsca-

257 610 650 678 Ἰσκαριώτου,
724 612 825 664 ἵνα
868 610 1112 680 παραδῷ
1157 612 1375 676 αὐτὸν,
1429 614 1601 680 εἰδὼς
1648 617 1681 667 ό
1720 614 1824 682 ’1η-

242 702 401 770 σοῦς
451 702 541 756 ὅτι
606 701 803 757 πάντα
857 703 1080 757 ἔδωκεν
1103 703 1263 769 αὐτῷ
1290 708 1323 759 ό
1352 706 1553 775 Πατὴρ
1604 710 1692 773 εις
1716 708 1823 774 τὰς

245 792 471 861 χεῖρας,
506 794 607 847 καί
648 794 737 847 ὅτι
779 794 897 851 ἀπὸ
940 795 1087 849 Θεοῦ
1122 794 1358 862 ἐξῆλθε,
1404 798 1501 850 καὶ
1538 800 1687 866 πρὸς
1717 800 1823 853 τὸν

244 884 397 937 Θεὸν
441 885 679 955 ὑπάγει,
720 886 1004 956 ἐγείρεται
1035 887 1101 941 ἐκ
1148 888 1255 941 τοῦ
1294 888 1563 952 δείπνου,
1596 890 1695 943 καὶ
1734 890 1820 943 τί-

238 979 386 1043 θησι
429 976 502 1030 τὰ
562 977 791 1044 ἱμάτια·
843 979 942 1032 καὶ
987 978 1191 1033 λαϐὼν
1235 981 1496 1047 λέντιον,
1541 981 1821 1042 διέζωσεν

238 1066 481 1119 ἑαυτόν.
510 1063 655 1120 Εἶτα
710 1066 931 1132 ,βάλλει
977 1069 1133 1137 ὕδωρ
1152 1073 1239 1136 είς
1263 1070 1369 1123 τὸν
1403 1072 1685 1141 νιπτῆρα,
1721 1072 1823 1127 καὶ

240 1156 468 1225 ἤρξατο
512 1160 748 1212 νίπτειν
797 1160 938 1225 τοὺς
992 1160 1182 1226 πόδας
1232 1160 1349 1213 τῶν
1379 1161 1681 1230 μαθητῶν,
1720 1165 1820 1218 καὶ

235 1248 577 1318 ἐκμάσσειν
596 1249 677 1316 τῷ
702 1252 917 1316 λεντίῳ
934 1249 981 1316 ᾧ
1005 1249 1083 1321 ἦν
1119 1252 1529 1323 διεζωσμένος.

319 1339 625 1412 Πρόρριζον
674 1344 703 1396 ὁ
760 1343 949 1414 Σωτὴρ
982 1346 1046 1397 ὲκ
1090 1344 1197 1397 τῶν
1222 1346 1507 1417 ἡμετέρων
1548 1347 1818 1413 διανοιῶν,

232 1429 317 1494 ὡς
348 1432 670 1503 νοσημάτων
695 1434 992 1504 αἴσχιστον,
1021 1435 1116 1489 καὶ
1144 1437 1240 1507 τῆς
1271 1437 1527 1491 ἁπάντων
1558 1438 1819 1492 ἀνωτάτω

241 1522 525 1593 βδελυρίας
570 1523 739 1589 ἀξιον,
776 1527 1141 1598 καταστρέφει
1172 1530 1273 1597 τὴν
1333 1528 1657 1599 ὑπεροψίαν.
1696 1525 1819 1583 Οἵδε

234 1612 353 1684 γὰρ
377 1613 547 1678 οὕτως
576 1616 725 1668 οὐδὲν
748 1618 953 1671 ἀδικεῖν
978 1618 1172 1682 εἰωθὸς
1200 1618 1298 1690 τὴν
1320 1619 1612 1688 ἀνθρώπου
1641 1620 1820 1693 ψυχὴν

235 1704 316 1768 ὠς
332 1704 490 1759 τοῦτο
531 1707 767 1777 μάλιστα
795 1710 855 1761 τὸ
886 1710 1083 1781 μιαρὸν
1114 1711 1205 1764 καὶ
1242 1711 1589 1765 ἀπόπτυστον
1628 1713 1818 1778 πάθος,

234 1790 284 1863 ᾧ
313 1800 407 1851 καὶ
428 1798 589 1862 αὐτὸς
620 1802 648 1852 ό
690 1800 908 1855 πάντων
959 1804 1256 1870 Δεσπότης,
1286 1803 1360 1867 ὡς
1397 1806 1453 1857 ὲν
1480 1806 1629 1871 τάξει
1658 1806 1819 1859 πολε-

1927 614 2086 667 riotes
2109 656 2124 677 ,
2175 614 2344 667 sciens
2382 610 2539 666 Jesm
2575 614 2699 682 quia
2746 615 2923 668 omnia
2964 612 3109 668 dedit
3156 614 3205 668 ei
3236 613 3404 667 Pater
3443 616 3498 669 in

1924 722 2134 768 manus,
2166 716 2216 760 et
2243 707 2368 776 quia
2400 722 2435 759 a
2460 703 2569 760 Deo
2595 706 2755 760 exivit
2788 714 2837 760 et
2871 706 2939 760 ad
2976 706 3141 762 Deum
3170 706 3343 773 vadit,
3375 723 3497 761 tur-

1920 800 1995 870 git
2030 816 2061 852 a
2095 815 2238 853 ccena
2265 838 2279 862 ,
2324 807 2374 853 et
2406 800 2552 865 ponit
2596 798 2903 853 vestimenta
2934 815 3033 853 sua
3070 814 3089 854 :
3119 808 3316 853 etcum
3344 815 3494 852 acce-

1919 894 2081 962 pisset
2116 892 2361 956 linteum,
2403 892 2681 961 praecinxit
2714 893 2802 957 Ite.
2852 891 3054 946 Deinde
3096 892 3257 945 mittit
3301 908 3497 962 aquam

1922 985 1975 1037 in
2014 984 2237 1051 pelvim,
2286 993 2335 1037 et
2385 985 2535 1052 cazpit
2580 983 2761 1038 lavare
2784 984 2937 1051 pedes
2988 984 3401 1053 discipulorum,
3446 992 3497 1039 et

1921 1085 2187 1146 extergere
2213 1076 2370 1130 linteo
2396 1092 2497 1147 quo
2525 1084 2644 1129 erat
2670 1078 3007 1145 praecinctus.

1993 1334 2257 1390 Servator
2293 1350 2358 1391 ex
2402 1336 2605 1391 animis
2637 1338 2847 1393 nostris
2884 1336 3200 1407 superbiam
3239 1343 3498 1407 tauquam

1921 1428 2237 1482 morborum
2261 1428 2506 1482 omnium
2532 1427 2919 1493 fmdissimum,
2939 1438 2995 1483 et
3022 1443 3234 1483 summa
3250 1429 3498 1482 omnium

1920 1517 2289 1573 detestatione
2335 1518 2561 1590 dignum
2616 1519 2889 1575 radicitus
2928 1520 3133 1575 evellit.
3180 1518 3298 1574 Scit
3345 1520 3496 1575 enim

1921 1610 2062 1665 nihil
2102 1626 2258 1681 atque
2295 1612 2533 1667 hominis
2569 1611 2765 1666 animae
2798 1610 3015 1667 oﬂicere
3061 1627 3226 1683 posse
3266 1628 3333 1665 ac
3367 1612 3499 1666 abo-

1921 1703 2241 1758 minandam
2281 1703 2430 1758 illam
2464 1718 2529 1757 ac
2568 1702 2949 1757 detestandam
2979 1703 3453 1773 perturbationem
3482 1743 3497 1763 .

1924 1794 2014 1847 cui
2060 1802 2116 1848 et
2162 1794 2277 1864 ipse
2317 1793 2563 1848 universi
2606 1792 2873 1849 Dominus
2909 1795 3057 1849 velut
3095 1793 3313 1849 infenso
3352 1794 3499 1849 hosti

240 1890 393 1957 μίου,
425 1889 648 1954 δικαίως
675 1892 1076 1947 ἀντανίσταται.
1115 1913 1134 1945 ‹
1160 1895 1363 1965 Κύριος
1393 1896 1501 1965 γὰρ
1539 1896 1819 1969 ὑπερηφά-

1925 1882 2046 1953 iure
2094 1882 2443 1937 adversatur.
2497 1902 2515 1934 ι
2556 1882 2823 1940 Dominus
2871 1885 3017 1940 enim
3063 1885 3319 1954 superbis
3359 1886 3501 1941 resi-

236 1997 353 2044 νοις
398 1981 805 2046 ἀντιτάσσεται,
843 2002 861 2034 ι
900 1986 1040 2039 κατὰ
1086 1985 1184 2056 τὴν
1206 1986 1299 2038 τοῦ
1332 1987 1675 2058 Σολομῶντος
1711 2009 1823 2059 φω-

235 2071 359 2139 νήν.
389 2071 536 2125 Ἔδει
558 2074 737 2126 τοίνυν
779 2078 893 2138 τοῖς
939 2076 1117 2143 ἀγίοις
1169 2076 1401 2145 μάλιστα
1434 2078 1700 2149 μαθηταῖς
1726 2098 1823 2149 με-

236 2161 389 2229 τρίου
415 2179 473 2215 τε
503 2166 597 2216 καὶ
628 2164 1036 2237 καθυφειμένου
1061 2169 1427 2238 φρονήματος,
1452 2171 1545 2223 καὶ
1572 2170 1821 2225 διακένου

235 2255 404 2324 τιμῆς
437 2257 499 2308 οὐ
534 2257 742 2328 σφόδρα
780 2257 1159 2326 φροντίζοντος
1202 2260 1487 2330 λογισμοῦ*
1535 2263 1596 2315 ού
1622 2264 1822 2334 μικρὰς

236 2345 349 2415 γὰρ
378 2344 596 2415 ἔχοντες
628 2348 724 2409 τάς
779 2348 872 2402 τοῦ
906 2350 1135 2404 τοιαῦτα
1168 2356 1341 2405 νοσεῖν
1378 2354 1650 2425 ἀφορμὰς,
1687 2373 1821 2410 κατ-

238 2434 468 2489 ώλισθον
507 2436 572 2490 ἂν
618 2439 881 2505 εὐκόλως,
924 2443 973 2493 εἰ
1021 2442 1095 2513 μὴ
1126 2444 1325 2515 πολλῆς
1360 2447 1548 2517 ἔτυχον
1571 2451 1667 2517 τῆς
1700 2451 1820 2503 ἐπι-

242 2527 486 2598 κουρίας.
521 2529 671 2581 Φιλεῖ
695 2532 802 2602 γάρ
827 2550 943 2595 πως
968 2535 1056 2586 ἀεὶ
1085 2537 1197 2597 τοῖς
1227 2535 1409 2606 έχουσι
1435 2540 1495 2590 τὸ
1528 2542 1821 2611 περιφανὲς

240 2617 303 2669 τὸ
342 2618 537 2688 πικρὸν
560 2620 660 2689 τῆς
699 2621 1014 2685 ἀλαζονείας
1043 2625 1350 2694 ἐπιτρέχειν
1385 2624 1590 2696 θηρίον.
1623 2623 1754 2681 Εἶτα
1768 2628 1821 2681 τί

236 2710 350 2763 τῶν
379 2712 547 2780 ἀγίων
579 2713 892 2766 ἀποστόλων
916 2714 1299 2786 φαιδρότερον;
1328 2716 1359 2786 ἢ
1392 2721 1542 2770 ποῖον
1565 2718 1663 2789 τῆς
1686 2720 1820 2790 πρὸς

234 2803 371 2856 Θεὸν
404 2804 585 2874 φιλίας
648 2806 709 2857 τὸ
752 2804 1209 2877 ἀξιολογώτερον;
1265 2808 1368 2861 Τὸν
1404 2809 1501 2876 μὲν
1540 2810 1648 2881 γὰρ
1672 2812 1822 2864 οὐδὲν

233 2895 370 2949 δντα
400 2896 541 2949 κατά
564 2895 655 2949 τὸν
706 2896 820 2966 βίον
877 2898 977 2950 οὐκ
1018 2897 1083 2951 ἂν
1107 2898 1338 2951 εἰσέλθοι
1382 2900 1443 2952 τὺ
1470 2901 1661 2966 πάθος.
1688 2903 1822 2955 Φεύ-

236 3001 330 3054 γει
373 2987 484 3057 γάρ
536 3005 653 3052 πως
678 2988 769 3042 ἀεὶ
794 2988 885 3041 τὸν
906 2988 1059 3042 οὐδὲν
1097 2989 1289 3060 ἔχοντα
1324 2991 1583 3062 ζηλωτὸν,
1607 2994 1700 3048 καὶ⁸
1731 2995 1823 3048 τὸν

234 3080 297 3131 ὲν
326 3078 403 3148 τῷ
442 3078 631 3150 μηδενὶ
661 3080 995 3149 τεταγμένον
1028 3082 1384 3135 ἀνεπίϐατον·
1446 3083 1565 3148 πῶς
1598 3085 1707 3156 γὰρ
1756 3089 1823 3140 ἂν

237 3169 458 3223 ἐπέλθοι
514 3171 625 3224 τῶν
676 3171 930 3225 τοιούτων
984 3174 1091 3225 τινὶ
1142 3172 1203 3225 τὸ
1260 3175 1405 3228 κατά
1442 3191 1495 3227 τι
1528 3176 1658 3244 γοῦν
1686 3178 1821 3243 ὅλως

233 3260 691 3328 ἀλαζονεύεσθαι;
716 3262 864 3316 Φιλεῖ
890 3263 948 3315 δέ
990 3280 1077 3327 τις
1116 3263 1215 3336 τὴν
1260 3265 1565 3337 ὑπεροψίαν
1606 3268 1824 3341 ἀξιοζή-

234 3352 406 3415 λωτος
443 3351 537 3413 ὣν,
572 3354 764 3407 ἑαυτόν
790 3371 847 3407 τε
877 3354 966 3408 διὰ
1014 3354 1172 3408 τοῦτο
1200 3355 1295 3408 τοῦ
1325 3357 1493 3421 πέλας
1525 3360 1819 3430 προτιθεὶς,

233 3445 334 3497 καὶ
363 3445 499 3498 πολὺ
530 3443 829 3498 τῶνᾶλλων
866 3444 1163 3514 διενεγκεῖν
1202 3446 1479 3511 ἀσυνέτως
1512 3449 1820 3517 ὑπολαϐὼν,

232 3538 316 3599 ὠς
376 3535 655 3606 ἐξαίρετόν
709 3553 870 3599 τινα,
934 3538 1028 3590 καὶ
1089 3536 1542 3609 ὑπερφυεστάτην
1598 3541 1819 3611 ἀρετὴν,

234 3627 661 3699 κατορθώσαντα
689 3630 781 3682 καὶ
802 3629 1081 3691 πολιτείας
1112 3628 1228 3682 ὁδὸν
1258 3630 1399 3702 ἀήθη
1424 3648 1484 3684 τε
1508 3635 1622 3696 τοῖς
1644 3632 1823 3697 ἀλλοις

233 3720 334 3773 καὶ
394 3720 590 3791 ἀστιϐῆ
633 3719 981 3774 διανύσαντα.
1036 3723 1161 3776 Ὅτε
1210 3722 1391 3777 τοίνυν
1444 3726 1820 3797 παραπέπηγέ

234 3829 355 3875 πως
374 3815 488 3876 τοῖς
546 3812 725 3884 ἔχουσί
762 3832 814 3867 τι
853 3815 1107 3887 λαμπρὸν
1163 3814 1224 3869 τὸ
1253 3819 1429 3869 νοσεῖν
1462 3817 1576 3870 ἐσθ’
1601 3820 1689 3872 ὅτε
1721 3820 1821 3891 τὴν

233 3903 563 3973 ὑπεροψίαν,
593 3904 711 3968 πῶς
733 3905 836 3959 οὐκ
882 3904 990 3959 ἔδει
1020 3908 1133 3969 τοῖς
1177 3908 1353 3977 ἁγίοις
1384 3907 1702 3971 ἀποστόλοις
1724 3926 1821 3977 με-

236 3993 392 4063 τρίου
468 3996 818 4066 φρονήματος
871 3997 1238 4068 ὑπογραμμὸν
1272 3997 1528 4066 γενέσθαι
1562 3999 1816 4069 Χριστὸν,

234 4085 326 4137 ἴνα
351 4083 523 4139 τύπον
582 4086 798 4157 ἔχοντες
820 4087 915 4140 καὶ
949 4090 1136 4142 εἰκόνα
1168 4089 1261 4142 τὸν
1304 4089 1560 4144 ἀπάντων
1590 4092 1816 4161 Κύριον,

234 4177 334 4229 καὶ
355 4177 509 4230 αὐτοὶ
559 4180 700 4233 κατὰ
732 4179 794 4232 τὸ
818 4179 1009 4233 δοκοῦν
1034 4180 1110 4251 τῷ
1140 4180 1260 4252 Θεῷ
1287 4182 1378 4235 τὸν
1414 4185 1612 4237 οἰκεῖον
1649 4201 1819 4253 μετα-

236 4269 532 4322 πλάσσοιεν
561 4269 720 4337 νοῦν-ς
751 4266 860 4323 Ἦν
887 4267 981 4325 οὖν
1007 4274 1114 4344 ἀρα
1147 4275 1245 4341 τὴν
1275 4274 1428 4328 νόσον
1480 4276 1578 4346 οὐχ
1616 4277 1817 4347 ἑτέρως
1846 4353 1860 4365 ⁸

235 4360 459 4425 ἐξελεῖν,
481 4361 621 4431 εἰμὴ
646 4361 836 4415 sese;
857 4363 1065 4429 διδάξαι
1097 4365 1305 4432 σαφῶς,
1328 4366 1582 4420 τοσοῦτον
1608 4368 1816 4423 οἴεσθαι

234 4450 347 4503 τῶν
376 4452 551 4505 ἄλλων
577 4454 838 4523 ἡττᾶσθαι
870 4456 1013 4509 κατά
1040 4457 1138 4528 τὴν
1170 4457 1350 4521 δόξαν,
1381 4460 1457 4523 ὡς
1485 4461 1578 4513 καὶ
1612 4462 1668 4513 ὲν
1690 4461 1814 4514 δού-

1924 1975 2062 2038 stit,
2104 1995 2122 2027 ι
2174 1976 2335 2043 juxta
2392 1973 2708 2030 Salomonis
2762 1990 2954 2030 vocem
2988 1977 3057 2031 ⁷⁸,
3110 1978 3261 2047 Opus
3313 1977 3502 2047 itaque

1923 2074 2043 2120 erat
2074 2068 2283 2121 sanctis
2311 2067 2599 2137 discipulis
2628 2066 2879 2122 modesto
2914 2082 2979 2121 ac
3001 2067 3244 2124 demisso
3277 2070 3459 2123 animo
3482 2110 3497 2131 .

1924 2165 1980 2212 et
2032 2172 2188 2212 vanae
2239 2158 2429 2227 gloriae
2502 2157 2929 2228 haudquaquam
2996 2159 3241 2228 cupido:
3298 2160 3501 2230 quippe

1924 2264 2048 2303 cum
2076 2263 2186 2303 non
2214 2264 2394 2319 parvae
2416 2262 2598 2304 causa
2623 2259 2813 2303 essent
2848 2250 3052 2319 quibus
3092 2251 3145 2303 in
3180 2250 3323 2305 hunc
3358 2266 3504 2304 moro

1924 2341 2055 2397 hum
2090 2342 2439 2404 inciderent,
2470 2340 2633 2395 facile
2668 2342 2862 2411 utique
2894 2343 2947 2396 in
2978 2359 3102 2398 eum
3134 2343 3375 2415 prolapsi
3409 2359 3501 2399 es-

1924 2444 2066 2498 sent,
2100 2434 2206 2488 nisi
2236 2448 2396 2503 opem
2430 2432 2697 2489 Servator
2720 2436 2802 2491 eis
2834 2436 3142 2490 attulisset.
3176 2434 3323 2490 Solet
3356 2436 3501 2493 enim

1922 2528 2166 2583 crudelis
2217 2527 2330 2583 fera
2378 2528 2653 2599 superbia:
2703 2544 2801 2585 eos
2851 2539 2911 2583 ut
2960 2530 3255 2600 plurimum
3301 2530 3504 2599 quibus

1922 2620 2198 2674 claritatis
2242 2620 2446 2691 aliquid
2494 2621 2642 2676 inest
2687 2621 2969 2675 invadere.
3009 2623 3078 2674 At
3121 2621 3251 2691 quid
3295 2622 3503 2680 sanctis

1925 2711 2191 2781 apostolis
2227 2712 2503 2769 illustrius
2527 2753 2541 2778 ,
2573 2721 2668 2766 aut
2696 2710 2963 2783 quidnam
2994 2720 3079 2767 est
3109 2712 3350 2767 amicitia
3377 2728 3502 2767 cum

1925 2802 2037 2859 Deo
2074 2806 2489 2873 praestabilius?
2541 2804 2606 2859 Et
2638 2807 2859 2876 quidem
2895 2807 2997 2861 hoc
3026 2806 3220 2860 vitium
3255 2807 3308 2860 in
3344 2805 3503 2860 nihili

1926 2897 2201 2953 hominem
2239 2914 2344 2953 non
2386 2899 2693 2955 intraverit.
2729 2898 2891 2970 Fugit
2933 2901 3081 2955 enim
3127 2914 3251 2953 eum
3301 2898 3356 2953 in
3394 2914 3505 2968 quo

1925 2990 2060 3044 nihil
2091 2999 2175 3045 est
2206 3007 2387 3061 operae
2414 2992 2580 3062 pretii
2603 3033 2618 3054 ,
2643 3007 2745 3047 nec
2776 2992 2844 3046 ad
2872 3008 2968 3047 eos
3001 2993 3214 3047 accedit
3247 2993 3338 3061 qui
3378 2993 3504 3046 nul—

1926 3082 2037 3136 lum
2078 3084 2222 3139 inter
2256 3086 2394 3139 alios
2436 3084 2667 3155 gradum
2713 3085 3009 3140 obtinent:
3053 3083 3185 3154 quid
3228 3085 3373 3138 enim
3418 3093 3507 3138 est

1926 3191 2035 3246 quo
2070 3176 2382 3231 istiusmodi
2418 3177 2669 3232 homines
2702 3178 2970 3233 tantulum
3020 3177 3295 3248 superbiae
3320 3176 3505 3231 conci—

1932 3269 2127 3339 piant?
2178 3268 2284 3323 Sed
2338 3268 2538 3323 fastum
2597 3270 2771 3340 diligit
2822 3270 3140 3339 quicunque
3181 3267 3505 3338 spectabilis

1929 3369 2055 3422 est,
2101 3368 2267 3429 atque
2312 3360 2524 3415 idcirco
2569 3361 2787 3415 cazteris
2840 3376 2899 3416 se
2960 3360 3262 3433 praeponit,
3329 3360 3506 3430 iisque

1928 3450 2089 3521 longe
2121 3467 2180 3506 se
2212 3460 2476 3521 praestare
2515 3453 2833 3519 existimat,
2879 3464 2937 3507 ut
2973 3453 3067 3521 qui
3097 3452 3297 3507 eximia
3324 3460 3379 3506 et
3407 3467 3507 3506 ex-

1928 3543 2319 3598 cellentissima
2345 3545 2417 3599 sit
2444 3544 2647 3597 virtute
2674 3545 2832 3614 721
2864 3545 3146 3614 praeditus,
3178 3551 3232 3598 et
3257 3544 3383 3597 vita:
3413 3560 3506 3613 ge-

1928 3647 2034 3687 nus
2068 3632 2351 3687 insolitum
2397 3648 2462 3687 ac
2497 3633 2684 3687 minus
2719 3636 2912 3687 tritum
2958 3633 3081 3688 aliis
3124 3632 3327 3687 inierit.
3365 3631 3503 3686 Cum

1927 3739 2062 3794 ergo
2085 3726 2355 3795 superbia“:
2392 3727 2585 3780 vitium
2619 3727 2684 3782 iis
2719 3726 2991 3781 interdum
3026 3727 3261 3782 insideat
3294 3727 3348 3781 in
3375 3728 3503 3798 qui-

1928 3816 2032 3872 bus
2062 3816 2313 3871 nonnihil
2353 3824 2437 3870 est
2467 3816 2764 3886 prmcipui.
2802 3816 3077 3885 quomodo
3116 3831 3346 3873 necesse
3394 3833 3506 3873 non

1925 3915 2048 3963 erat
2107 3917 2167 3961 ut
2246 3906 2504 3962 Christus
2572 3910 2781 3962 sanctis
2849 3906 3113 3977 apostolis
3176 3907 3510 3962 humilitatis

1926 3999 2184 4068 exemplo
2227 4007 2415 4061 esset,
2467 4005 2528 4051 ut
2562 4005 2753 4068 typum
2802 4006 2857 4051 et
2904 3996 3197 4066 imaginem
3241 3996 3505 4052 habentes

1929 4089 2315 4144 universorum
2347 4086 2637 4141 Dominum
2670 4086 2771 4155 ipsi
2812 4100 3030 4155 quoque
3068 4086 3134 4138 ad
3176 4082 3271 4137 Dei
3310 4085 3506 4138 volun-

1928 4189 2091 4235 tatem
2123 4195 2280 4235 suam
2314 4191 2553 4233 mentem
2586 4178 3041 4232 conformarent‘.’
3082 4176 3284 4230 Vitium
3336 4177 3511 4246 igitur

1928 4272 2064 4326 illud
2111 4273 2274 4327 aliter
2314 4272 2473 4327 evelli
2520 4285 2629 4325 non
2661 4277 2876 4339 poterat
2901 4309 2915 4330 ,
2949 4284 3112 4339 quam
3154 4268 3200 4322 si
3231 4268 3409 4337 palam
3451 4276 3507 4321 et

1928 4374 2117 4435 aperte
2156 4365 2381 4420 doceret
2424 4364 2499 4418 ita
2552 4363 2790 4417 demisse
2831 4362 2900 4416 de
2950 4376 3012 4417 se
3062 4360 3270 4415 sentire
3295 4400 3309 4425 ,
3351 4367 3413 4413 ut
3450 4369 3505 4414 et

1924 4457 2071 4512 servi
2103 4456 2256 4511 vices
2288 4456 2472 4519 obire,
2521 4462 2578 4509 et
2625 4452 2996 4507 ministerium
3046 4450 3236 4505 famuli
3272 4450 3505 4521 implere

235 4545 335 4598 λου
354 4546 507 4613 τάξει
531 4548 962 4603 κατατάττεσθαι
994 4549 1124 4613 δεῖν,
1155 4550 1277 4603 οὐδὲ
1315 4552 1484 4623 αὐτὴν
1512 4553 1817 4625 καταφρίτ-

1927 4564 2035 4603 non
2064 4556 2368 4611 vereretur,
2394 4545 2628 4599 fratrum
2659 4545 2823 4613 pedes
2848 4542 3141 4607 abluendo,
3173 4548 3228 4595 et
3250 4541 3417 4596 linteo
3442 4556 3503 4595 se

234 4638 507 4708 τοντατὴν
529 4638 715 4711 οἰκέτῃ
739 4641 1056 4709 πρέπουσαν
1079 4640 1420 4712 λειτουργίαν
1445 4644 1820 4717 ἀποπληροῦν,

233 4724 327 4777 διὰ
361 4724 455 4778 τοῦ
490 4728 583 4779 καὶ
612 4728 889 4793 ἀπονίζειν
942 4730 1052 4783 τῶν
1081 4731 1327 4799 ἀδελφῶν
1362 4735 1489 4797 τοὺς
1516 4735 1700 4799 πόδας,
1724 4738 1821 4790 καὶ

1923 4640 1991 4695 ad
2020 4656 2161 4711 opus
2194 4637 2602 4710 praecingendo.
2666 4633 2975 4690 Considera
3018 4634 3165 4688 enim
3201 4643 3261 4687 ut
3301 4634 3508 4689 servile

1923 4734 1992 4789 sit
2021 4731 2153 4787 illud
2187 4730 2578 4794 ministerium,
2609 4728 2656 4784 si
2689 4726 3148 4783 consuetudinem
3180 4725 3370 4780 mundi
3398 4725 3497 4778 hu-

235 4815 443 4870 λέντιον
472 4819 791 4888 περιθέσθαι
819 4820 908 4873 διά
948 4821 1043 4892 τὴν
1064 4824 1273 4892 χρείαν.
1308 4823 1496 4893 Ἀθρει
1531 4825 1640 4897 γὰρ
1673 4827 1819 4891 ὅπως

1925 4825 2009 4895 ius
2036 4868 2050 4890 ,
2098 4833 2152 4879 et
2194 4823 2381 4879 saeculi
2435 4836 2617 4877 mores
2665 4820 2925 4889 aspicias.
2967 4818 3289 4888 Exemplum
3329 4818 3503 4889 igitur

236 4910 648 4983 ἀνδραποδῶδες
675 4913 738 4965 τὸ
765 4913 958 4984 χρῆμά
999 4915 1167 4977 ἐστιν,
1190 4917 1312 4969 ὅσον
1335 4917 1414 4980 εἰς
1442 4917 1535 4988 ἔθη
1568 4919 1712 4989 φημὶ
1749 4919 1818 4972 τὰ

236 5002 297 5052 ὲν
316 5001 530 5072 κόσμῳ,
551 5002 646 5056 καὶ
678 5005 779 5067 τάς
806 5003 911 5069 ἔξω
936 5004 1150 5076 τριϐάς.
1169 5006 1567 5077 ’Υπογραμμδς
1589 5025 1814 5081 τοιγαρ-

233 5090 333 5144 οῦν
369 5094 593 5166 μετρίου
606 5113 663 5148 τε
689 5097 785 5148 καὶ
823 5097 1254 5167 συνεσταλμένου
1282 5099 1626 5170 φρονήματος
1643 5099 1817 5154 ἅπασι

234 5191 350 5253 τοῖς
392 5186 535 5241 κατά
586 5186 679 5239 τδν
705 5187 838 5256 βίον,
890 5186 1012 5240 οὔτε
1056 5189 1165 5259 γὰρ
1188 5190 1370 5258 μόνοις
1399 5192 1511 5250 τοῖς
1552 5190 1818 5260 μαθηταῖς

236 5281 463 5349 γέγονεν
503 5283 532 5334 ὁ
577 5282 833 5351 Χριστός.
867 5283 965 5333 Διά
997 5284 1153 5333 τοῦτο
1183 5281 1279 5334 καὶ
1309 5281 1337 5332 ὁ
1362 5280 1645 5346 θεσπέσιος
1670 5284 1816 5335 Παῦ-

238 5376 353 5437 λος,
384 5373 548 5427 αὑτὸν
583 5373 769 5428 εἰκόνα
817 5372 1173 5441 παραλαϐὼν,
1231 5374 1312 5435 είς
1332 5372 1489 5425 τοῦτο
1516 5374 1817 5445 προτρέπει

236 5464 413 5533 λέγων
434 5481 450 5497 ·
483 5484 500 5515 ι
542 5464 712 5518 Τοῦτο
739 5465 1003 5536 φρονείτω
1058 5464 1289 5522 ἕκαστος
1336 5465 1391 5516 ἐν
1414 5464 1563 5533 ύμῖν,
1584 5464 1611 5517 ὃ
1636 5468 1730 5519 καὶ
1760 5469 1817 5520 ἐν

238 5554 458 5626 Χριστῷ
513 5555 723 5627 Ἰησοῦ·
765 5577 783 5608 ι
832 5557 927 5610 καὶ
962 5556 1145 5617 πάλιν,
1185 5572 1204 5605 ι
1238 5554 1317 5624 Τῇ
1349 5559 1818 5631 ταπεινοφροσύνῃ

236 5647 497 5717 ἀλλήλους
535 5648 826 5719 ἡγούμενοι
860 5649 1226 5719 ὑπερέχοντας
1278 5645 1509 5700 ἑαυτῶν.
1551 5668 1568 5698 ι
1607 5649 1817 5720 Θεσμὸς

1920 4917 2151 4973 modesti
2177 4932 2239 4970 ac
2272 4915 2495 4970 demissi
2531 4913 2699 4967 animi
2731 4913 2991 4965 omnibus
3020 4910 3362 4973 hominibus,
3388 4925 3503 4965 non

1920 5018 2135 5064 tantum
2176 5007 2292 5063 suis
2313 5005 2623 5075 discipulis,
2664 5004 2907 5074 seipsum
2944 5003 3198 5072 praebuit.
3230 5000 3498 5056 Proinde-

1921 5117 2031 5171 que
2054 5099 2279 5154 divinus
2317 5097 2518 5152 Paulus
2550 5112 2673 5150 cum
2715 5111 2841 5150 eum
2873 5094 3197 5149 imitandum
3230 5095 3502 5163 sumpsis-

1922 5203 2025 5257 set,
2062 5192 2311 5246 hortatur
2342 5189 2409 5244 ad
2444 5188 2589 5244 istud
2626 5188 2856 5242 dicens:
2898 5205 2918 5236 ι
2958 5186 3070 5241 Hoc
3124 5187 3501 5253 unusquisque

1923 5287 2125 5341 sentite
2171 5285 2225 5338 in
2262 5284 2416 5337 vobis
2443 5322 2457 5345 ,
2494 5280 2641 5350 quod
2685 5287 2740 5335 et
2781 5282 2836 5332 in
2870 5279 3095 5333 Christo
3125 5277 3256 5332 Jesu
3280 5279 3362 5343 ⁷³,
3398 5298 3415 5329 ι
3447 5285 3502 5332 et

1923 5393 2157 5431 rursus,
2225 5394 2243 5425 ι
2279 5374 2335 5427 In
2388 5373 2698 5427 humilitate
2739 5370 3057 5439 superiores
3108 5368 3210 5423 sibi
3266 5369 3497 5422 invicem

1926 5465 2263 5519 arbitrantes
2292 5463 2360 5515 ⁷⁸.
2397 5482 2414 5511 ι
2466 5459 2572 5515 Lex
2605 5461 2752 5515 enim
2780 5459 3070 5514 cbaritatis
3098 5467 3152 5513 et
3186 5459 3500 5513 concordia:

1928 5556 2122 5613 humili
2156 5563 2372 5609 constat
2409 5553 2628 5622 spiritu.
2660 5550 2861 5607 Verum
2907 5557 2963 5606 ut
3008 5551 3133 5619 ejus
3168 5552 3243 5603 rei
3280 5552 3499 5620 opinio-

1926 5666 2048 5705 nem
2089 5648 2384 5712 attolleret,
2426 5661 2605 5716 neque
2637 5646 2857 5716 vulgare
2890 5642 3168 5715 quidpiam
3210 5659 3236 5694 ιι
3283 5643 3501 5697 Christo

315 5852 357 5881 "
400 5851 557 5904 Prov.
597 5866 693 5915 ιιι,
727 5850 833 5916 Si;
870 5850 985 5905 Jac.
1023 5866 1092 5911 tv.
1127 5848 1178 5905 6.
1255 5850 1299 5881 τ’
1336 5848 1569 5921 Philipp.
1612 5867 1681 5919 ιι,
1720 5854 1772 5907 5.

1937 5852 2070 5911 ibid.
2104 5851 2156 5903 3.
