3894 6200
395 415 502 474 H5

1384 413 1440 467 S.
1479 410 1754 465 CYRILLI
1797 409 2265 468 ALEXANDRINI
2298 410 2618 470 ARCIHEP.

3545 413 3649 472 H6

382 533 589 589 iactum
624 543 749 586 esse
778 536 1122 599 putaremus,
1155 529 1474 584 necessario
1509 543 1706 583 rursus
1740 527 1962 582 divinus

2066 527 2174 600 γὰρ
2228 527 2450 598 ἀγάπης
2487 529 2580 581 καὶ
2631 517 2935 599 όμοψυχίας
2987 529 3044 582 ἐν
3097 529 3405 600 φρονήματι
3438 527 3650 599 γίνεται

381 619 720 692 evangelista
750 619 982 691 gloriam
1011 627 1064 674 et
1094 625 1418 690 potestatem
1445 617 1568 689 ejus
1594 627 1650 674 et
1671 618 1961 689 imperium

381 712 442 769 in
477 725 670 767 omnes
696 711 849 780 prius
875 711 1138 776 miratur,
1171 710 1260 766 his
1285 710 1472 767 verbis
1503 729 1515 764 :
1558 729 1578 762 ι
1609 709 1803 767 Sciens
1833 710 1964 780 quia

381 803 568 859 omnia
603 802 754 858 dedit
791 803 844 858 ei
889 801 1054 858 Pater
1084 803 1140 857 in
1177 818 1394 860 manus.
1427 821 1448 855 ι
1487 800 1752 868 Quamvis
1781 803 1960 866 enim,

383 895 602 966 inquit,
649 910 758 948 non
805 894 1086 966 ignoraret
1124 895 1376 950 omnium
1422 909 1604 950 rerum
1649 894 1855 950 habere
1905 908 1964 949 se

384 993 734 1056 potestatem,
759 994 812 1041 et
835 1003 894 1043 se
924 1002 951 1041 a
976 987 1084 1042 Deo
1106 987 1332 1053 exiisse,
1359 988 1462 1042 hoc
1484 1000 1591 1048 est,
1609 1003 1676 1042 ex
1708 985 1966 1042 substan-

382 1078 458 1131 tia
488 1079 734 1148 genitum
758 1093 883 1134 esse
915 1079 1006 1134 Dei
1039 1093 1104 1134 ac
1137 1077 1337 1144 Patris,
1365 1086 1420 1133 et
1445 1077 1513 1131 ad
1538 1077 1708 1132 Deum
1742 1075 1961 1140 vadere,

384 1169 486 1226 hoc
509 1177 597 1226 est
627 1186 821 1226 rursus
846 1170 903 1224 in
925 1171 1096 1225 caelos
1121 1171 1344 1233 reverti,
1377 1183 1774 1225 consessurum
1806 1168 1966 1223 nimi-

386 1277 507 1317 rum
530 1278 653 1318 cum
680 1279 780 1317 suo
809 1262 1090 1327 Genitore,
1120 1270 1332 1317 tantam
1364 1271 1548 1317 tamen
1574 1261 1963 1319 demissionem

383 1369 496 1425 prae
542 1369 602 1409 se
651 1354 814 1420 tulit,
861 1363 923 1410 ut
967 1355 1138 1411 linteo
1184 1355 1519 1426 praecinctus
1563 1353 1962 1424 discipulorum

385 1446 549 1514 pedes
576 1446 832 1501 abluerit.
857 1446 992 1502 Cum
1024 1449 1189 1518 igitur
1220 1448 1350 1502 hine
1387 1447 1708 1518 praeclarum
1739 1446 1965 1516 pietatis

387 1540 692 1610 exemplum
739 1551 793 1595 et
832 1539 1152 1597 dilectionis
1205 1549 1407 1595 mutuae
1439 1540 1729 1610 imaginem
1759 1538 1962 1593 habea-

387 1647 510 1687 mus
531 1673 544 1695 ,
579 1634 824 1690 modeste
857 1634 924 1690 de
951 1634 1113 1690 nobis
1139 1635 1446 1691 sentiamus
1466 1673 1481 1697 ,
1515 1631 1829 1688 eharissimi
1853 1669 1867 1690 ,
1909 1637 1965 1684 et

389 1725 688 1796 majoribus
719 1730 1103 1800 praerogativis
1142 1729 1338 1785 fratres
1377 1726 1635 1799 praeditos
1665 1733 1920 1795 putemus
1947 1765 1962 1790 ,

384 1820 636 1886 quamvis
687 1819 822 1876 boni
869 1821 1067 1877 simus.
1109 1819 1222 1877 Hoc
1267 1822 1415 1876 enim
1462 1829 1520 1873 ut
1568 1817 1872 1872 sentiamus
1910 1821 1966 1870 et

384 1907 619 1966 velimus
651 1925 909 1983 magnum
941 1912 1092 1968 istud
1121 1912 1432 1982 exemplum
1463 1925 1563 1964 nos
1596 1908 1788 1980 adigit.

2064 620 2326 690 ταπεινῷ.
2355 623 2474 675 Ἱνα
2515 621 2573 674 δὲ
2621 621 2722 692 τὴν
2751 620 2846 675 τοῦ
2899 623 3222 692 πράγματος
3273 621 3541 692 ὑπόληψιν
3573 625 3653 686 εἰς

2066 712 2199 782 ὕψος
2227 712 2398 785 ἐξάρῃ
2431 713 2597 784 μέγα,
2632 713 2728 766 καὶ
2751 716 2881 784 μήτι
2923 714 3030 766 τῶν
3064 713 3334 784 τυχόντων
3362 714 3652 786 δεδρᾶσθαι

2065 805 2377 878 νομίσωμεν
2408 804 2559 876 παρὰ
2583 803 2846 876 Χριστοῦ,
2865 805 3027 859 πάλιν
3057 805 3371 874 ἀναγκαίως
3403 807 3432 859 6
3454 805 3654 859 θεσπέ-

2066 919 2182 966 σιος
2211 901 2603 974 εὑαγγελιστὴς
2668 901 3215 973 προκαταπλὴττεται
3275 900 3373 972 τὴν
3426 901 3654 954 ἐνοῦσαν

2065 993 2216 1064 αὑτῷ
2243 992 2401 1057 δόξαν
2457 1011 2515 1046 τε
2573 993 2669 1047 καὶ
2703 994 2974 1058 ἐξουσίαν,
3040 995 3133 1048 καὶ
3165 996 3227 1048 τδ
3259 994 3400 1048 κατὰ
3432 993 3654 1048 πάντων

2065 1085 2286 1155 κράτος,
2299 1077 2448 1136 δι’ὧν
2461 1102 2646 1154 φησιν,
2657 1105 2674 1135 ι
2687 1084 2876 1150 Εἰδὼς,
2890 1087 2970 1138 ὅτι
2983 1085 3159 1138 πάντα
3175 1085 3491 1156 παρέδωκεν
3503 1082 3654 1153 αὑτῷ

2064 1178 2093 1230 6
2143 1176 2334 1246 Πατὴρ
2385 1178 2466 1240 εἰς
2495 1177 2595 1241 τὰς
2633 1180 2842 1249 χεῖρας.
2875 1197 2892 1228 ι
2927 1177 3124 1230 Καίτοι
3155 1175 3283 1246 γάρ,
3326 1175 3514 1245 φησὶν,
3549 1176 3653 1228 οὑκ

2063 1263 2374 1335 ἡγνοηκὼς,
2433 1266 2514 1318 ὅτι
2572 1267 2792 1319 πάντων
2847 1264 2958 1336 ἔχοι
2988 1265 3086 1335 τὴν
3140 1265 3408 1331 ἐξουσίαν,
3449 1265 3540 1317 καὶ
3569 1265 3654 1317 ὅτι

2065 1355 2174 1408 ἀπὸ
2214 1355 2351 1408 Θεοῦ
2381 1356 2630 1426 ἐξῆλθεν,
2677 1358 2821 1410 τοῦτ’
2862 1357 3032 1421 ἔστιν,
3058 1359 3122 1411 ἐκ
3153 1358 3252 1428 τῆς
3284 1357 3474 1420 οὐσίας
3495 1359 3652 1424 ἐγεν-

2043 1447 2203 1518 ’νήθη
2236 1448 2330 1502 τοῦ
2367 1449 2504 1502 Θεοῦ
2557 1449 2652 1503 καὶ
2707 1450 2942 1521 Πατρδς,
2974 1450 3067 1504 καὶ
3102 1449 3238 1520 πρὸς
3265 1448 3397 1502 Θεὸν
3426 1447 3651 1516 ὑπάγει,

2064 1541 2210 1594 τοῦτ’
2243 1540 2380 1606 ἐστι,
2441 1542 2605 1596 πάλιν
2645 1542 2859 1612 ἀνίησιν
2889 1545 2968 1607 είς
2995 1543 3276 1612 οὐρανοὺς,
3316 1541 3651 1611 συνεδρεύων

2064 1629 2305 1702 δηλονότι
2358 1631 2437 1702 τῷ
2491 1631 2605 1702 ἰδίῳ
2655 1631 2967 1704 Γεννήτορι,
3008 1630 3276 1702 τοσαύτην
3317 1630 3526 1700 ὑπέστη
3550 1629 3652 1700 τὴν

2065 1723 2418 1788 ταπείνωσιν,
2483 1723 2559 1786 ὡς
2611 1723 2804 1795 λεντίῳ
2851 1725 2949 1796 μέν
2989 1722 3380 1788 διαζώσασθαι,
3439 1723 3548 1776 τῶν
3594 1723 3652 1775 δὲ

2069 1815 2327 1886 μαθητῶν
2372 1817 2652 1882 ἀπονίζειν
2713 1821 2841 1883 τοὺς
2902 1819 3090 1883 πόδας.
3152 1819 3407 1888 Ἔχοντες
3467 1817 3651 1870 τοίνυν

1998 1905 2040 1958 Β
2069 1907 2318 1962 ἐντεῦθεν
2371 1909 2594 1983 ἄριστον
2635 1913 2737 1984 τῆς
2787 1911 3076 1974 εὐλαϐείας
3115 1910 3504 1981 ὑπογραμμὸν,
3553 1908 3652 1962 καὶ

382 2003 483 2075 τῆς
517 2007 594 2070 είς
654 2007 918 2078 ἀλλήλους
973 2009 1196 2079 ἀγάπης
1258 2005 1736 2078 περιφανεστάτην
1787 2002 1992 2066 εἰκόνα,
2033 2003 2232 2074 μέτρια
2268 2005 2368 2077 μὲν
2433 2007 2743 2078 φρονῶμεν,
2789 2005 3084 2076 ἀγαπητοὶ,
3127 2002 3392 2074 ἡγώμεθα
3432 2001 3489 2055 δὲ
3524 2001 3652 2064 τοὺς

382 2098 644 2168 ἀδελφοὺς
670 2101 737 2154 τὰ
773 2100 945 2172 μείζω
984 2100 1284 2172 κεκτῆσθαι
1321 2100 1429 2154 τῶν
1457 2101 1515 2152 ἐν
1545 2100 1678 2169 ἡμῖν
1714 2095 2226 2164 πλεονεκτημάτων,
2273 2100 2376 2154 κᾶν
2422 2101 2759 2172 ὑπάρχωμεν
2805 2100 3023 2170 ἀγαθοί.
3090 2097 3264 2153 Τοῦτο
3328 2095 3439 2167 γὰρ
3503 2097 3651 2166 ἡμᾶς

383 2195 410 2245 ὀ
442 2192 614 2262 μέγας
643 2188 797 2256 οὗτος
821 2194 1186 2266 ὑπογραμμδς
1235 2191 1523 2248 ἀναπείθει
1549 2192 1766 2262 φρονεῖν
1788 2206 1847 2242 τε
1869 2189 1964 2242 καὶ
2002 2186 2309 2258 βούλεσθαι.

453 2285 606 2347 XIII,
651 2286 765 2342 6-8.
816 2285 967 2342 Venit
1004 2304 1127 2357 ergo
1167 2286 1238 2341 ad
1283 2286 1555 2340 Simonem
1602 2283 1861 2344 Petrum,
1904 2289 1954 2334 et

381 2377 510 2430 dicit
552 2379 600 2432 ei
655 2378 846 2434 Petrus
895 2395 913 2433 :

382 2467 666 2538 Respondit
690 2469 880 2538 Iesus,
917 2479 968 2525 et
997 2472 1134 2524 dixit
1163 2471 1326 2542 722
1357 2471 1406 2525 ei
1432 2486 1452 2526 :
1485 2467 1639 2534 Quod
1673 2485 1764 2538 ego
1795 2467 1959 2534 facio.

385 2569 442 2612 tu
465 2562 634 2615 nescis
675 2559 850 2626 modo,
891 2562 1020 2614 scies
1050 2570 1227 2614 autem
1249 2571 1450 2630 postea.
1479 2545 1694 2614 Dicit'ei
1725 2558 1916 2612 Petrus
1943 2573 1961 2611 .'

386 2649 512 2705 Non
550 2651 750 2706 lavabis
791 2653 920 2706 mihi
959 2653 1113 2723 pedes
1164 2652 1217 2706 in
1265 2662 1540 2706 a'ternum.
1596 2651 1880 2722 Respondit
1918 2650 1968 2705 ei

383 2745 562 2801 Iesus.

455 2837 862 2892 Ferventiorem
895 2839 1121 2907 ubique,
1153 2844 1212 2890 ttt
1241 2836 1405 2891 verbo
1431 2835 1637 2897 dicam,
1661 2834 1806 2890 Petri
1844 2835 1964 2888 ani-

384 2945 536 2986 mum
575 2940 629 2986 et
662 2930 728 2984 ad
761 2931 1018 3000 pietatem
1053 2929 1229 3000 magis
1261 2943 1325 2983 ac
1359 2929 1532 2999 magis
1563 2927 1961 2982 inﬂammatum

380 3023 571 3078 videre
605 3022 753 3076 licet.
776 3021 986 3077 Idcirco
1020 3035 1225 3075 morem
1252 3031 1306 3075 et
1327 3021 1780 3075 consuetudinem
1803 3034 1957 3074 suam

383 3125 648 3178 secutus,
693 3113 1040 3185 disciplinain
1085 3113 1231 3168 hanc
1275 3128 1505 3168 summa:
1549 3112 1879 3166 humilitatis
1907 3121 1962 3167 et

2127 2286 2394 2354 Ἔρχεται
2413 2282 2527 2343 οὖν
2543 2305 2630 2354 εις
2657 2304 2891 2357 azyma
2910 2287 3154 2356 Πέτρον,
3179 2286 3276 2340 καὶ
3298 2286 3459 2357 λέγει
3491 2285 3652 2352 αὐτῷ

974 2378 1216 2441 Domine,
1276 2388 1331 2432 tu
1384 2377 1512 2431 mihi
1567 2376 1714 2430 lavas
1756 2374 1958 2445 pedes?

2066 2380 2296 2448 Πέτροςο
2329 2382 2528 2449 Κύριε,
2556 2381 2638 2435 σύ
2664 2397 2784 2450 μου
2815 2381 3046 2446 νίπτεις
3076 2380 3220 2446 τοὺς
3254 2381 3483 2446 πόδας;
3523 2381 3652 2434 Ἁπ-

2056 2474 2262 2540 εκρίθη
2303 2472 2552 2541 Ἰησοῦς,
2601 2474 2699 2528 καὶ
2749 2471 2922 2528 εἶπεν
2974 2472 3163 2539 αὐτῷ·
3201 2475 3263 2526 ’0
3309 2473 3426 2544 ἐγὼ
3479 2472 3650 2536 ποιῶ,

2062 2565 2143 2618 σὺ
2180 2567 2292 2619 οὐκ
2327 2561 2496 2632 οἶδας
2526 2565 2677 2634 ἄρτι,
2717 2565 2920 2636 γνώσῃ
2955 2564 3023 2618 δὲ
3052 2564 3203 2635 μετὰ
3244 2563 3453 2618 ταῦτα.
3481 2565 3652 2634 Λέγει

2063 2657 2223 2722 αὐτῷ
2259 2657 2480 2726 Πέτρος
2504 2676 2516 2690 ο
2549 2659 2631 2712 Οὐ
2668 2657 2748 2727 μὴ
2783 2659 2971 2727 νίψῃς
3007 2657 3152 2724 τοὺς
3190 2657 3381 2724 πόδας
3419 2675 3539 2726 μου
3564 2658 3654 2724 είς

2063 2748 2170 2802 τὸν
2201 2748 2404 2804 αἰῶνα.
2441 2751 2750 2819 Ἀπεκρίθη
2785 2748 2946 2815 αὐτῷ
2979 2751 3012 2804 ὁ
3044 2749 3303 2816 Ἰησοῦς.

2133 2841 2476 2913 Θερμότερόν
2506 2859 2624 2905 πως
2665 2843 2753 2895 ἀεὶ
2802 2841 2898 2894 τοῦ
2935 2841 3140 2912 Πέτρου
3190 2840 3251 2894 τὸ
3289 2839 3515 2911 κίνημα,
3556 2838 3654 2893 καὶ

2065 2928 2198 2987 πολὺ
2226 2935 2549 3004 γοργότερον
2577 2935 2658 2999 είς
2695 2933 3001 2996 εὐλάϐειαν,
3039 2932 3314 3004 θεωρήσαι
3359 2949 3446 2996 τις
3488 2930 3554 2984 ἂν
3593 2933 3654 2984 ἐν

2059 3025 2221 3088 ὅλοις,
2251 3025 2326 3089 ὡς
2355 3025 2486 3090 έπος
2515 3027 2710 3091 είπεῖν,
2750 3027 2865 3088 τοῖς
2903 3025 3319 3096 συγγράμμασι.
3361 3021 3650 3094 Τοιγάρτοι

2059 3119 2156 3171 καὶ
2182 3119 2276 3172 νῦν
2329 3118 2440 3172 ἔθει
2487 3117 2565 3190 τῷ
2618 3119 2734 3190 ίδίῳ
2788 3117 3265 3186 κατακολουθήσας
3315 3117 3408 3169 καὶ
3441 3115 3651 3187 τρόπῳ.

384 3207 674 3262 charitatis
706 3222 868 3278 quam
904 3213 1186 3268 servaret,
1231 3205 1459 3276 abiicit,
1509 3217 1692 3259 mente
1741 3203 1959 3274 quidem

2066 3212 2126 3263 τὸ
2163 3211 2505 3280 σεσωσμένον
2541 3211 2606 3283 δὴ
2643 3209 2801 3265 τοῦτο
2831 3211 2934 3281 τῆς
2967 3211 3045 3275 είς
3090 3211 3258 3280 ἀκρον
3287 3208 3528 3280 ἡκούσης
3555 3225 3654 3261 τοι·

383 3310 644 3370 reputans
676 3301 903 3368 quinam
933 3309 1082 3355 esset
1117 3297 1235 3368 ipse
1260 3309 1479 3360 natura,
1507 3305 1561 3353 et
1586 3297 1712 3367 quis
1745 3297 1835 3351 ille
1867 3297 1960 3365 qui

385 3391 582 3462 pelvim
637 3390 939 3459 afferebat,
983 3407 1049 3446 ac
1095 3391 1288 3446 famuli
1328 3405 1530 3444 munus
1576 3389 1806 3459 implere
1853 3404 1961 3442 non

384 3486 742 3542 detrectabat.
782 3485 894 3542 Nec
924 3485 1071 3540 enim
1109 3483 1464 3540 mediocriter
1498 3496 1623 3538 eum
1667 3481 1851 3536 turbat
1877 3496 1964 3535 res

386 3578 779 3650 propemodum
841 3577 1216 3641 incredibilis,
1261 3577 1388 3631 licet
1433 3576 1730 3630 multorum
1785 3573 1962 3629 oculis

384 3673 816 3744 conspiceretur.
847 3668 984 3737 Quis
1015 3670 1162 3724 enim
1187 3684 1296 3723 non
1335 3667 1717 3723 exhorruisset
1738 3667 1964 3723 discens

384 3778 510 3818 eum
561 3763 654 3834 qui
685 3779 792 3817 una
839 3778 962 3817 cum
1019 3762 1180 3817 Patre
1233 3760 1505 3817 Dominus
1545 3772 1632 3816 est
1685 3759 1961 3825 universi,

386 3855 526 3910 adeo
556 3855 926 3912 miserabilem
961 3871 1092 3926 erga
1127 3870 1260 3911 suos
1289 3853 1594 3924 discipulos
1631 3853 1960 3908 servitutem

385 3963 497 4018 prae
515 3962 576 4004 se
600 3949 818 4012 tulisse.
852 3957 911 4001 ut
937 3947 1081 4018 quod
1113 3949 1256 4003 inter
1279 3961 1471 4002 servos
1503 3955 1842 4016 postremum
1881 3943 1966 3998 lo-

383 4055 513 4096 cum
527 4048 696 4103 tenet,
718 4040 821 4095 hoc
859 4039 1227 4095 libentissime
1245 4037 1425 4094 facere
1444 4037 1700 4099 voluerit,
1717 4036 1960 4105 seipsum

385 4132 443 4187 in
489 4134 798 4202 exemplum
829 4139 886 4187 et
921 4140 1113 4204 typum
1155 4131 1389 4201 spiritus
1427 4129 1660 4185 humilis
1694 4127 1966 4183 tradens?

386 4222 576 4280 Metuit
603 4240 734 4294 ergo
765 4224 1071 4294 discipulus
1101 4231 1265 4278 tantas
1300 4221 1380 4278 rei
1411 4223 1660 4293 pondus,
1708 4227 1762 4276 et
1795 4221 1966 4276 usita-

387 4321 498 4368 tam
534 4331 600 4370 ac
660 4314 989 4370 familiarem
1050 4314 1158 4370 sibi
1213 4313 1578 4370 reverentiam
1611 4321 1962 4382 praetexens,

387 4417 642 4464 recusat:
669 4408 869 4478 quippe
895 4422 1018 4460 cum
1050 4404 1295 4460 nondum
1315 4403 1394 4459 rei
1427 4419 1652 4459 causam
1686 4405 1964 4475 cognitam

387 4498 604 4560 habeat,
641 4497 932 4553 Dominum
962 4497 1168 4569 aliquid
1200 4506 1404 4552 temere
1434 4512 1596 4567 agere
1627 4505 1820 4566 putat,
1863 4513 1964 4552 nec

2068 3304 2498 3376 πεινοφροσύνης
2518 3322 2578 3358 τε
2630 3305 2725 3358 καὶ
2767 3304 2988 3373 ἀγάπης
3031 3301 3364 3373 παρωθεῖται
3400 3301 3651 3371 μάθημα,

2063 3395 2148 3459 τίς
2185 3397 2284 3467 μὲν
2341 3396 2504 3460 αὑτὸς
2549 3397 2634 3468 εῐη
2679 3397 2822 3452 κατὰ
2881 3395 3042 3468 φύσιν
3091 3395 3318 3459 ἐννοῶν,
3378 3394 3460 3459 τίς
3500 3395 3546 3448 δ’
3579 3387 3652 3448 αὗ

2066 3488 2228 3542 πάλιν
2272 3490 2300 3542 6
2338 3489 2428 3542 τὸν
2470 3489 2708 3561 νιπτῆρα
2756 3488 3152 3560 παρακομίζων
3213 3486 3384 3558 αὑτῷ,
3429 3488 3521 3541 καὶ
3551 3485 3654 3558 τὴν

2064 3581 2276 3634 οἰκέτου
2307 3581 2495 3651 χρείαν
2535 3580 2887 3652 ἀποπληροῦν
2939 3580 2999 3633 οὑ
3041 3579 3494 3652 παραιτούμενος.
3547 3577 3653 3632 Θο-

2066 3671 2225 3743 ρυϐεῖ
2251 3673 2359 3745 γὰρ
2390 3673 2450 3726 οὑ
2501 3671 2738 3742 μετρίως
2784 3671 2946 3725 αὑτὸν
2992 3670 3372 3742 ἀπαράδεκτόν
3414 3686 3530 3733 πως
3572 3672 3657 3733 είς

2065 3766 2250 3817 πίστιν
2293 3764 2538 3833 ὑπάρχον
2584 3763 2644 3816 τὸ
2682 3765 2936 3834 πρᾶγμα.
2973 3762 3067 3817 καὶ
3119 3765 3168 3816 εί
3221 3761 3436 3824 πολλοῖς
3478 3760 3656 3832 ὁρῷτο

2063 3857 2226 3927 τυχὸν
2265 3856 2582 3926 ὀφθαλμοῖς.
2615 3856 2708 3920 Τίς
2737 3856 2846 3928 γὰρ
2879 3857 2946 3910 ἂν
2983 3857 3085 3909 οὑκ
3123 3854 3309 3926 ἔφριξε
3345 3853 3550 3926 μαθὼν,
3577 3853 3656 3918 ὡς

2063 3949 2094 4002 6
2123 3949 2232 4002 τῶν
2264 3950 2402 4003 ὅλων
2438 3949 2578 4020 μετὰ
2623 3950 2835 4021 Πατρὸς
2869 3949 3130 4022 ὑπάρχων
3179 3947 3403 4020 Κύριος,
3437 3950 3657 4014 οἰκτρο-

2064 4038 2234 4110 τάτην
2266 4038 2407 4092 οὑτω
2447 4037 2547 4108 τήν
2606 4036 2848 4091 δουλείαν
2888 4037 3026 4108 πρὸς
3057 4036 3182 4100 τοὺς
3233 4033 3431 4088 ἐαυτοῦ
3479 4034 3656 4103 μαθη-

2063 4133 2164 4194 τάς
2195 4133 2525 4198 ἐπεδείξατο,
2570 4131 2647 4194 ὡς
2675 4131 2768 4185 καὶ
2819 4132 2956 4202 ὅπερ
3000 4125 3139 4183 εἶναι
3173 4128 3324 4182 δοκεί
3355 4127 3506 4200 παρὰ
3537 4127 3656 4188 τοῖς

2064 4225 2304 4287 οἰκέταις
2330 4225 2428 4294 τὴν
2457 4224 2693 4296 ἐσχάτην
2738 4224 2930 4294 ἐπέχον
2971 4222 3144 4288 τάξιν,
3190 4219 3352 4273 τοῦτο
3377 4219 3472 4273 καὶ
3508 4217 3658 4289 μάλα

2067 4314 2364 4386 προθύμως
2395 4315 2646 4386 ἐθελῆσαι
2677 4315 2810 4385 δρᾷν
2841 4313 3022 4377 αὑτὸν,
3060 4315 3138 4376 είς
3167 4309 3532 4382 ὑπογραμμὸν
3560 4309 3658 4362 καὶ

2062 4407 2236 4462 τύπον
2268 4409 2489 4480 μετρίου
2538 4408 2918 4478 φρονήματος;
2957 4405 3104 4458 Δέδιε
3155 4404 3442 4476 τοιγαροῦν
3491 4405 3520 4456 6
3564 4403 3657 4455 Θε-

2069 4499 2291 4562 σπέσιος
2345 4498 2590 4569 μαθητὴς
2629 4498 2691 4551 τὸ
2735 4500 2801 4551 ἐκ
2845 4496 2940 4550 τοῦ
2988 4497 3311 4567 πράγματος
3341 4495 3524 4566 ἄχθος,
3559 4493 3657 4548 καὶ

388 4591 538 4646 aliud
571 4593 624 4646 in
655 4591 843 4645 animo
870 4591 1089 4657 habere,
1123 4605 1287 4660 quam
1323 4599 1385 4644 ut
1417 4590 1668 4660 corporis
1695 4589 1962 4644 duntaxat

2070 4591 2169 4661 τῆς
2199 4590 2462 4662 συνήθους
2494 4590 2587 4644 καὶ
2615 4589 2984 4660 τετριμμένης
3017 4588 3304 4652 εὑλαὸείας
3337 4586 3486 4657 αὐτῷ
3518 4602 3656 4656 καρ-

387 4686 625 4754 quietem
667 4684 748 4740 eis
777 4683 1102 4739 conciliaret
1140 4699 1156 4739 :
1205 4681 1406 4752 pedum
1433 4683 1578 4736 enim
1613 4682 1826 4737 ablatio
1860 4682 1965 4736 ali-

387 4778 713 4849 quantulum
743 4777 955 4831 relaxat
992 4784 1047 4830 et
1073 4775 1301 4830 resolvit
1339 4775 1744 4830 distensionem
1785 4789 1852 4830 ex
1883 4774 1968 4828 in-

386 4885 549 4926 cessu
591 4876 790 4923 ortam.
831 4867 1072 4937 Ideoque
1117 4868 1392 4923 ferventer
1434 4867 1730 4920 admodum
1773 4865 1966 4935 prohi-

391 4965 584 5028 hehat,
626 4962 820 5017 dicens
851 4980 866 5015 :
919 4979 938 5014 ι
972 4959 1232 5025 Domine,
1259 4969 1317 5015 tu
1349 4959 1482 5014 mihi
1514 4960 1667 5014 lavas
1702 4957 1908 5029 pedes?
1941 4978 1959 5010 ι

389 5052 616 5109 Deceret
657 5053 826 5115 enim,
882 5052 1097 5123 inquit,
1141 5052 1364 5108 deceret
1404 5067 1507 5106 nos
1542 5063 1738 5106 natura
1771 5066 1964 5107 servos

389 5147 440 5202 id
473 5146 682 5207 facere,
719 5158 830 5197 non
870 5149 923 5197 te
953 5141 1336 5197 universorum
1374 5139 1691 5194 Dominum.
1725 5140 1832 5196 Sed
1864 5157 1962 5196 ex-

387 5238 746 5309 plicationem
787 5235 867 5290 rei
911 5233 1167 5289 Christus
1204 5233 1428 5304 quidem
1460 5232 1640 5288 diﬂert
1679 5233 1733 5288 in
1759 5249 1964 5303 oppor-

389 5341 581 5383 tunum
614 5339 850 5396 tempus,
884 5325 1130 5394 adeoque
1155 5339 1264 5380 non
1291 5324 1413 5380 sine
1437 5325 1761 5395 gravissima
1795 5340 1963 5379 causa

389 5419 594 5477 factum
619 5420 672 5474 id
704 5422 773 5474 ah
811 5433 877 5473 eo
909 5418 1150 5488 posthaec
1183 5415 1427 5486 agnitum
1467 5416 1535 5470 iri
1563 5416 1672 5482 ait,
1712 5432 1838 5471 eum
1877 5417 1964 5470 ni-

389 5515 586 5567 mirum
623 5528 741 5568 eam
783 5526 895 5565 rem
933 5510 1151 5580 planius
1179 5517 1438 5578 exponet.
1474 5507 1645 5564 Porro
1688 5525 1798 5563 non
1845 5524 1961 5564 me-

388 5602 634 5659 diocrem
667 5602 961 5657 utilitatem
986 5601 1190 5656 isthine
1214 5600 1378 5656 etiam
1413 5615 1514 5656 nos
1541 5617 1648 5656 una
1683 5615 1807 5657 cum
1836 5601 1962 5658 aliis

2071 4682 2171 4736 πον
2211 4685 2444 4737 ποιεῖται
2491 4682 2589 4753 τήν
2619 4682 2982 4754 παραίτησιν,
3032 4680 3210 4744 συνεὶς
3257 4679 3314 4732 δὲ
3355 4678 3508 4733 οὔπω
3553 4677 3654 4747 τὴν

2063 4774 2241 4828 αἰτίαν
2271 4775 2364 4828 τοῦ
2397 4773 2740 4844 πράγματος,
2785 4773 2953 4828 οἴεταί
2999 4790 3053 4826 τι
3103 4773 3234 4844 δρᾷν
3267 4771 3388 4841 εἰκῆ
3417 4769 3508 4823 τὸν
3539 4768 3654 4822 Κύ-

2065 4884 2198 4933 ριον,
2243 4868 2339 4921 καὶ
2371 4866 2532 4938 ψιλὴν
2569 4867 2752 4929 αὑτοῖς
2789 4865 2886 4918 τοῦ
2935 4866 3182 4935 σώματος
3232 4864 3517 4932 ἐπινοῆσαι
3547 4863 3650 4930 τὴν

2061 4959 2364 5013 ἀνάπαυσιν
2383 4975 2398 4989 θ
2433 4959 2495 5011 τὸ
2523 4959 2630 5030 γάρ
2673 4957 3024 5022 ἀπονίζεσθαι
3056 4957 3182 5019 τοὺς
3214 4954 3379 5016 πόδας
3406 4951 3651 5010 συντελεῖ

2065 5069 2183 5116 πως
2231 5054 2312 5115 είς
2364 5050 2541 5114 τοῦτο,
2593 5050 2689 5104 καὶ
2741 5051 2979 5121 μετρίως
3025 5047 3273 5118 ἀποχαλᾷ
3305 5045 3404 5115 τὴν
3437 5045 3503 5099 ἐκ
3549 5044 3646 5097 τοῦ

2066 5141 2391 5211 βαδίσματος
2418 5141 2573 5194 τάσιν
2607 5140 2704 5210 (Ι).
2743 5140 2841 5193 Διά
2865 5138 3024 5193 τοῦτο
3056 5137 3149 5192 καὶ
3181 5134 3385 5205 σφόδρα
3425 5133 3647 5204 θερμῶς

2063 5232 2298 5304 ἐνείργει
2344 5231 2552 5298 λέγων’
2593 5249 2612 5282 ι
2649 5230 2841 5302 Κύριε,
2872 5229 2936 5284 σύ
2994 5245 3094 5299 μου
3145 5227 3352 5289 νίπτεις
3383 5225 3512 5288 τοὺς
3551 5224 3647 5276 πό-

2061 5324 2157 5387 δας
2183 5340 2197 5389 ;
2237 5344 2257 5377 ι
2287 5323 2436 5377 Ἔδει
2464 5323 2594 5394 γάρ,
2623 5323 2748 5387 ἔδει,
2781 5323 2936 5394 φησὶ,
2967 5323 3092 5385 τοὺς
3140 5319 3282 5374 κατά
3318 5317 3479 5387 φύσιν
3508 5315 3650 5369 οίκέ-

2062 5431 2162 5478 τας
2189 5413 2347 5468 τοῦτο
2374 5413 2634 5484 πράττειν
2661 5415 2828 5484 ἡμᾶς,
2857 5413 2978 5483 οὑχὶ
3022 5411 3084 5466 σὲ
3120 5411 3211 5465 τὸν
3239 5410 3494 5464 ἀπάντων
3527 5408 3646 5460 Κύ-

2071 5527 2203 5581 ριον.
2249 5509 2388 5563 Ἀλλ’
2418 5507 2763 5580 ὑπερτίθεται
2801 5505 2898 5575 μὲν
2939 5503 3032 5557 τοῦ
3071 5502 3395 5573 πράγματος
3430 5499 3530 5569 τὴν
3559 5497 3648 5562 ἐξ·

2067 5604 2265 5674 ήγησιν
2302 5605 2380 5667 είς
2418 5601 2610 5674 καιρὸν
2633 5603 2664 5655 6
2697 5597 2950 5670 Χριστὸς,
2996 5597 3079 5650 ὃτι
3115 5613 3179 5665 γε
3209 5595 3316 5665 μὴν
3349 5591 3644 5659 ἀξιολογω..

460 5801 535 5884 (1,)
575 5799 790 5885 Ellitum
819 5811 933 5858 erat
965 5801 1172 5866 στάσιν,
1197 5810 1249 5885 et
1279 5801 1568 5871 interpres,
1618 5799 1813 5856 Pedum
1853 5800 1990 5856 enin!
2029 5801 2228 5860 ablatio
2273 5806 2323 5859 in
2361 5804 2455 5858 hoc
2489 5800 2757 5869 conducit,
2782 5809 2831 5856 et
2859 5798 3012 5855 lassis
3041 5797 3105 5851 de
3137 5797 3221 5850 cia
3277 5793 3498 5866 quietem
3547 5807 3643 5844 ar-

390 5876 567 5926 ειεκίι.
602 5873 751 5926 Eutr.
