3882 6206
384 290 484 350 “9

380 411 663 476 appareat,
698 420 765 461 ex
828 404 936 459 hoc
992 403 1114 459 loco
1169 403 1428 460 observet
1473 405 1633 477 longe
1688 413 1940 477 νεικείειν(

2056 406 2274 468 τόνοις..
2311 444 2324 457 .
2355 444 2371 459 .
2401 444 2417 458 .
2447 444 2459 457 .

1378 288 1438 345 S.
1479 288 1757 346 CYRILLI
1796 286 2267 345 ALEXANDRINI
2297 287 2616 346 ARCHIEP.

3540 282 3657 339 ΙΞΟ

2500 443 2513 456 .
2547 403 2607 456 τὸ
2640 404 2704 456 ἐκ
2728 401 3057 472 προπετείας
3082 395 3427 454 ἀποπτυσθὶν
3446 436 3461 460 ,
3499 396 3651 449 ἀλλά

378 497 526 567 quod
565 498 691 553 usui
746 498 819 554 sit
884 495 1066 554 facere
1124 497 1338 563 conari,
1392 513 1572 569 quam,
1625 496 1802 568 loqui,
1861 505 1940 552 aui

2058 498 2159 552 κᾶν
2202 515 2255 550 τι
2305 496 2557 565 λέγεσθαι
2603 494 2784 565 συμϐῇ
2835 493 2984 564 παρά
3038 509 3220 553 τινων,
3262 487 3383 545 εἶτά
3426 506 3480 543 τι
3531 489 3651 542 τῶν

378 590 588 646 frustra
625 589 994 655 contendere,
1029 590 1186 659 quasi
1221 605 1346 644 cum
1402 589 1617 646 ratione
1668 590 1951 659 loquatur.

378 680 553 736 Nemo
586 680 790 752 quippe
824 696 929 736 nou
962 681 1367 751 praestabilius,
1401 682 1619 751 opinor,
1672 678 1952 743 fatebitur,

376 773 672 829 verborum
701 789 867 843 quam
892 788 1078 828 rerum
1114 772 1563 829 necessariarum
1601 772 1747 828 ferre
1776 772 1953 835 iactu-

379 875 520 915 ram.
555 861 663 918 Sed
699 864 948 932 procula
980 863 1167 935 lingua
1194 873 1384 919 nostra
1419 863 1797 933 juramentum
1855 862 1950 925 sit,

375 952 446 1006 ob
486 954 701 1009 subitas
726 965 777 1009 et
812 954 1233 1010 inconsiderata:
1269 957 1472 1011 mentis
1506 970 1695 1020 voces,
1739 962 1788 1010 et
1831 970 1953 1025 quae

374 1044 525 1099 velut
556 1060 619 1101 ex
656 1047 989 1103 necessitate
1012 1048 1289 1103 interdum
1315 1047 1573 1103 accidunt
1595 1046 1949 1103 mutationes.

376 1134 631 1205 Magnum
663 1138 811 1193 enim
844 1147 931 1194 est
959 1154 1138 1210 operae
1165 1139 1403 1211 pretium
1438 1140 1682 1210 linguam
1713 1140 1950 1195 circum-

376 1237 625 1299 spectant
649 1229 872 1294 habere,
899 1246 1002 1287 nec
1035 1231 1093 1287 in
1126 1246 1190 1286 ea
1228 1247 1352 1302 quae
1393 1233 1582 1289 minus
1613 1232 1952 1287 conveniunt

377 1321 777 1392 prolabentem.
818 1321 925 1378 Sed
959 1323 1092 1394 quia
1126 1338 1239 1380 rem
1277 1323 1505 1378 arduam
1570 1338 1696 1380 esse
1721 1339 1949 1394 prorsus

376 1413 494 1482 ipse
544 1429 765 1484 quoque
829 1415 996 1472 nobis
1027 1414 1250 1472 divinus
1303 1429 1489 1473 sermo
1551 1415 1945 1472 demonstrat:

378 1520 398 1553 ι
433 1502 700 1575 Linguam
727 1504 873 1560 enim
899 1505 1089 1562 nullus
1122 1506 1408 1562 hominum
1437 1507 1664 1563 domare
1685 1515 1889 1578 potest,
1920 1525 1940 1559 ι

375 1604 433 1648 ut
466 1597 732 1667 scriptum
780 1606 867 1654 est
886 1599 962 1664 ⁷⁸,
999 1614 1311 1655 sermonem
1374 1600 1513 1655 citra
1562 1598 1944 1670 juramentum

371 1688 541 1744 ullum
573 1688 944 1761 proferamus.
976 1690 1135 1747 'l‘unc
1163 1693 1312 1747 enim
1339 1691 1388 1747 si
1418 1691 1549 1762 quid
1584 1690 1945 1762 praetergredi

2055 588 2279 656 ἀγαθῶν
2342 589 2437 642 καὶ
2502 588 2941 658 ἀναγκαιοτέρων
2996 586 3322 658 ἀφανίζηται
3395 583 3484 639 διά
3543 585 3651 653 τῆς

2055 681 2378 746 ὲνστάσειυς,
2432 681 2740 749 ὲπαθρείτω
2786 680 2874 735 διὰ
2926 680 3036 735 τῶν
3081 680 3454 752 προκειμένων
3480 721 3495 743 ,
3559 679 3650 731 ὅτι

2055 771 2190 826 πολὺ
2215 772 2334 827 λίαν
2365 776 2422 826 ὲν
2449 773 2695 843 ἀμείνοσι
2731 773 2792 827 τὸ
2823 772 2898 844 μὴ
2941 773 3118 842 λέγειν
3154 772 3340 836 ἁπλῶς
3392 771 3489 825 καὶ
3522 771 3655 825 διαο

2054 864 2320 918 τείνεσοαι
2352 866 2549 937 μάτην,
2581 866 2662 919 ὅτι
2685 866 2932 930 δεδωκὼς
2968 866 3052 937 εἴη
3079 865 3253 936 λόγον,
3282 864 3545 937 πράττειν
3588 863 3652 915 δὲ

2057 958 2259 1027 μᾶλλον
2304 958 2619 1028 ἐπείγεσθαι
2657 958 2718 1011 τὸ
2746 957 3041 1021 λυσιτελές.
3096 960 3356 1030 Κρεῖττον
3397 958 3528 1025 γὰρ,
3560 951 3651 1008 οἷ-

2057 1066 2174 1119 μαι,
2207 1050 2313 1113 πᾶς
2354 1066 2437 1112 τις
2482 1050 2617 1119 ἐρεῖ,
2668 1050 2728 1103 ὲν
2775 1048 2957 1117 λόγοις
3004 1050 3149 1118 ἡμᾶς
3184 1047 3472 1118 ὑπομεῖναι
3497 1062 3653 1117 γρα-

2051 1142 2242 1215 mimi}
2292 1143 2640 1213 πραγμάτων
2691 1142 3005 1210 ἀναγκαίων
3051 1140 3253 1211 ζημίαν
3287 1139 3645 1210 ὑφίστασθαι.

2064 1235 2310 1287 Ἀπέστω
2341 1234 2396 1287 δὲ
2425 1234 2670 1305 γλώττης
2707 1234 2806 1304 τῆς
2837 1233 3113 1306 ἡμετέρας
3143 1233 3203 1287 τὸ
3243 1230 3473 1304 ὀμνύναι
3502 1249 3650 1285 mv-

2049 1324 2241 1389 τελῶς,
2274 1324 2359 1377 διὰ
2406 1324 2505 1389 τὰς
2555 1323 2879 1395 προχείρους
2920 1340 2980 1377 τε
3031 1322 3127 1377 καὶ
3158 1321 3217 1388 ἐξ
3258 1321 3482 1395 ἀκρίτου
3514 1319 3644 1373 δια-

2049 1417 2196 1480 νοίας
2230 1416 2434 1484 φωνὰς.
2482 1417 2577 1468 καὶ
2625 1415 2722 1478 τὰς
2772 1413 2882 1467 ἐσθ’
2917 1414 3005 1467 ὅτε
3040 1411 3441 1483 συμϐαινούσας
3466 1410 3546 1473 ὡς
3579 1408 3643 1474 ἐξ

2048 1509 2294 1578 ἀνάγκης
2322 1506 2644 1578 μεταϐολάς.
2679 1505 2864 1571 Ἀξιον
2890 1505 2990 1576 μὲν
3014 1504 3122 1576 γὰρ
3150 1504 3244 1558 καὶ
3273 1502 3643 1575 ἀξιοζήλωτον

2047 1602 2214 1664 όντως
2240 1601 2357 1672 ἐρεῖ
2381 1616 2466 1663 τις
2497 1598 2558 1652 τὺ
2587 1597 2832 1666 γλῶτταν
2862 1597 3005 1668 ἔχειν
3034 1598 3393 1667 ἐπιστήμονα,
3428 1598 3521 1648 καὶ
3554 1597 3642 1660 είς

2045 1692 2083 1747 ἀ
2109 1692 2184 1764 μὴ
2211 1693 2487 1765 προσῆκεν
2522 1691 2770 1760 ὀλιγάκις
2811 1689 3289 1743 διολισθαίνουσαν.
3327 1686 3547 1757 Ἐπειδὴ
3580 1685 3642 1740 δὲ

372 1788 591 1851 tempus
620 1782 937 1854 contigerit,
978 1783 1161 1839 minor
1193 1784 1300 1840 erit
1322 1785 1507 1854 culpa,
1537 1792 1592 1839 et
1624 1784 1807 1839 minus
1840 1782 1940 1838 erit

2048 1784 2107 1837 τὸ
2134 1785 2368 1855 πρᾶγμα
2396 1780 2902 1850 δυσκαταγώνιστον
2960 1782 3055 1834 καὶ
3088 1779 3250 1843 αὑτὸς
3279 1781 3410 1850 ἡμῖν
3435 1781 3463 1833 ὁ
3490 1777 3642 1842 θεῖος

373 1870 428 1924 in
470 1871 627 1942 lapsu
652 1872 1123 1943 reprehensionis,
1156 1872 1255 1929 sed
1289 1872 1473 1939 facile,
1506 1880 1567 1927 ut
1597 1887 1747 1937 reor,
1778 1888 1807 1926 a
1838 1870 1940 1928 Deo

2045 1873 2331 1944 παρέδειξε
2370 1872 2555 1942 λόγος’
2589 1892 2607 1925 ‹
2645 1873 2756 1944 Τὴν
2789 1870 2895 1942 γάρ
2935 1870 3178 1940 γλῶτταν
3208 1870 3382 1933 οὐδεὶς
3408 1868 3643 1923 δύναται

372 1963 587 2018 veniam
628 1978 1058 2034 consequemur,
1093 1964 1165 2020 ob
1217 1965 1495 2020 levitatem
1546 1979 1671 2035 quae
1727 1970 1940 2019 nostras

2043 1964 2345 2038 ἀνθρώπων
2401 1966 2664 2037 δαμάσαι,
2702 1986 2721 2018 ι
2761 1965 2903 2020 κατά
2961 1966 3023 2017 τὸ
3079 1962 3397 2036 εἰρημένον·
3449 1962 3640 2033 ὅρκων

370 2054 732 2125 cogitationes
762 2054 880 2111 fere
928 2055 1245 2111 comitatur.
1289 2074 1309 2109 ι
1355 2054 1569 2111 Delicta
1607 2055 1754 2111 enim
1821 2053 1940 2125 quis

2043 2058 2335 2129 ἐλευθέραν
2364 2058 2463 2129 τὴν
2486 2058 2597 2111 τῶν
2629 2057 2804 2125 λόγων
2847 2055 3131 2126 ποιώμεθα
3160 2053 3462 2127 προφορὰν.
3494 2045 3638 2106 Τότε

370 2147 664 2219 intelliget,
705 2167 723 2200 ι
760 2158 820 2202 ut
860 2148 1130 2218 scriptum
1159 2149 1329 2215 est",
1365 2154 1462 2203 aut
1520 2147 1795 2218 quomodo
1832 2163 1940 2202 non

2043 2149 2149 2220 γάρ
2198 2148 2253 2202 εἴ
2289 2165 2343 2201 τι
2402 2148 2498 2201 καὶ
2536 2147 2825 2219 παρελθεῖν
2863 2146 3171 2215 ἀναγκάσαι
3223 2146 3431 2216 καιρὸς,
3476 2146 3639 2215 μεῖον

366 2240 636 2295 ceciderit
671 2250 927 2296 terrenus
966 2241 1155 2305 homo,
1186 2255 1312 2295 cum
1360 2255 1543 2297 sermo
1602 2240 1658 2294 in
1712 2240 1938 2309 quidvis

2044 2240 2195 2295 ἔσται
2225 2239 2288 2292 τὸ
2316 2239 2698 2310 κατηγόρημα,
2729 2239 2823 2291 καὶ
2855 2237 3225 2309 μετριωτέραν
3249 2236 3358 2301 ἕξει
3385 2236 3445 2289 τὸ
3477 2239 3636 2289 πταῖο

368 2327 526 2384 tacile
554 2332 849 2402 erumpat?
876 2331 1088 2404 Lingua
1143 2332 1291 2389 enim
1324 2341 1518 2389 nostra
1577 2332 1721 2387 haud
1779 2331 1939 2386 facile

2046 2347 2159 2401 σμα
2205 2332 2307 2400 τὴν
2359 2330 2606 2401 γραφήν·
2661 2330 2895 2392 εὐκόλως
2930 2329 2975 2381 δ’
3009 2327 3095 2393 ἃν,
3148 2326 3322 2397 οἶμαι,
3376 2327 3469 2380 καὶ
3522 2326 3634 2396 τῆς

367 2424 613 2479 coerceri
648 2434 852 2486 potest.

2043 2420 2196 2492 παρά
2227 2420 2363 2474 Θεοῦ
2396 2437 2481 2484 τις
2510 2419 2838 2491 συγγνώμης
2865 2419 3132 2484 τεύξεται,
3159 2420 3247 2473 διὰ
3274 2418 3371 2489 τὴν
3395 2417 3477 2471 ἀεί
3506 2434 3632 2480 πως

366 2517 494 2585 ἡμῖν
523 2519 913 2592 παρεπομένην
941 2519 1048 2573 τῶν
1075 2519 1349 2591 λογισμῶν
1373 2519 1655 2592 ὲλαφρίαν.
1691 2538 1709 2571 ι
1751 2517 2185 2589 Παραπτώματα
2218 2517 2326 2589 γὰρ
2363 2517 2448 2580 τίς
2517 2517 2767 2587 συνήσει;
2806 2536 2824 2568 ι
2887 2515 3028 2570 κατά
3094 2516 3157 2569 τὸ
3219 2514 3629 2587 γεγραμμένον,

366 2609 398 2677 ἢ
434 2609 551 2673 πῶς
587 2611 686 2664 οὐκ
724 2610 790 2666 ἂν
835 2612 1131 2684 διαπταίσῃ
1173 2614 1361 2683 γήϊνος
1438 2612 1746 2685 ἄνθρωπος,
1786 2610 2067 2682 λειοτάτην
2114 2610 2329 2682 ἔχοντος
2370 2611 2465 2665 τοῦ
2516 2610 2676 2680 λόγου
2723 2609 2823 2682 τὴν
2870 2611 2951 2675 είς
3028 2610 3207 2663 ὁτιοῦν
3270 2609 3632 2680 ἀποδρομηνς

366 2703 583 2759 Γλῶττα
615 2706 722 2779 γὰρ
751 2708 784 2778 ἡ
818 2708 876 2762 ὲν
906 2708 1042 2778 ἡμῖν
1068 2707 1129 2761 οὐ
1166 2706 1285 2761 λίαν
1308 2707 1620 2778 εὐκάτοχος.
3258 2723 3263 2725 ’

437 2796 578 2861 Xlll,
620 2798 706 2860 10,
740 2798 826 2852 11.
860 2796 1002 2852 Dicit
1026 2798 1074 2853 ei
1103 2796 1298 2853 Iesus:
1330 2798 1437 2866 Qui
1488 2800 1628 2853 lotus
1680 2810 1783 2862 est,
1836 2814 1938 2851 non

2112 2793 2283 2864 Λέγει
2308 2793 2469 2857 αὐτῷ
2498 2796 2532 2848 ὁ
2564 2793 2824 2862 Ἰησοῦς’
2856 2794 2910 2846 Ὀ
2930 2794 3299 2863 λελουμένος
3327 2796 3398 2850 οὐ
3416 2796 3636 2864 χρείαν

364 2891 561 2961 indiget
590 2891 696 2945 nisi
726 2899 784 2945 ιι
813 2891 968 2961 pedes
1010 2892 1165 2956 lavet,
1196 2893 1287 2947 sed
1311 2902 1389 2948 est
1412 2892 1639 2947 mundus
1667 2902 1829 2946 totus.
1864 2890 1934 2944 Et

2043 2886 2185 2956 ἔχει,
2210 2886 2249 2955 ἢ
2271 2886 2412 2952 τοὺς
2438 2886 2629 2952 πόδας
2660 2887 2974 2955 νίψασθαι,
3014 2888 3153 2941 ἀλλ’
3190 2888 3322 2942 ἔστι
3370 2891 3636 2958 καθαρὸς

365 2997 453 3034 vos
482 2980 663 3035 mundi
695 2982 842 3047 estis,
884 2982 974 3037 sed
1010 2998 1116 3037 non
1149 2998 1350 3038 omnes.
1380 2983 1593 3039 Sciebat
1618 2983 1760 3036 enim
1788 2981 1937 3051 quis-

2043 2978 2204 3043 ὅλος.
2239 2977 2350 3033 Καὶ
2382 2980 2552 3048 ὑμεῖς
2580 2979 2826 3046 καθαροί
2859 2979 3022 3043 ἐστε,
3051 2980 3189 3035 ἀλλ’
3215 2982 3351 3050 οὐχὶ
3375 2983 3632 3049 πάντες.

365 3089 487 3126 nam
522 3082 656 3128 esset
684 3074 776 3144 qui
815 3073 1045 3129 traderet
1078 3091 1219 3129 eum.
1249 3074 1543 3145 Propterea
1571 3075 1749 3128 dixit:
1812 3071 1935 3127 Non

2044 3069 2212 3140 ’ᾙδει
2240 3067 2349 3137 γὰρ
2376 3071 2485 3121 τὸν
2516 3068 2922 3137 παραδιδόντα
2957 3072 3161 3127 αὐτόν.
3202 3072 3305 3126 Διὰ
3331 3074 3506 3128 τοῦτο
3538 3072 3634 3130 εῖ-

362 3166 492 3221 estis
534 3164 719 3218 mundi
748 3181 951 3220 omnes.

432 3258 477 3309 Δ
540 3272 599 3311 re
658 3257 938 3311 communi
973 3263 1029 3313 et
1061 3256 1266 3312 usitata
1301 3256 1449 3327 apud
1480 3272 1585 3314 nos
1618 3260 1935 3329 exemplum

362 3347 526 3417 capit,
583 3355 638 3400 et
676 3346 1067 3416 percommode
1119 3347 1606 3419 reprehensionem
1664 3351 1939 3420 proditori

364 3439 551 3501 struit,
580 3438 788 3495 docens
826 3438 1109 3494 hominem
1141 3446 1390 3495 mutasse
1416 3439 1734 3503 consilium,
1766 3449 1822 3497 ct
1869 3442 1935 3497 ad

362 3530 639 3586 deteriora
715 3545 1075 3587 conversum.
1151 3530 1397 3588 Tametsi
1467 3532 1616 3588 enim
1692 3534 1937 3595 nondum

363 3632 553 3693 aperte
590 3623 923 3679 temeritatis
967 3624 1089 3693 ejus
1116 3624 1353 3681 crimina
1410 3624 1715 3695 redarguit,
1755 3642 1937 3683 acrem

362 3725 552 3770 tamen
576 3715 882 3784 emphasim
914 3715 1085 3770 habet
1114 3718 1312 3771 oratio.
1348 3714 1456 3771 Per
1484 3732 1608 3787 quae
1655 3719 1802 3772 enim
1834 3734 1939 3774 cae-

365 3806 495 3860 teris
525 3804 824 3876 perfectam
856 3806 1150 3876 puritatem
1177 3806 1395 3870 tribuit,
1432 3823 1531 3879 per
1574 3808 1692 3869 haec
1746 3810 1938 3865 eadem

362 3906 686 3969 suspectum
716 3898 894 3954 reddit
914 3915 1040 3954 eum
1069 3900 1169 3970 qui
1199 3900 1329 3957 talis
1363 3916 1476 3956 non
1517 3901 1626 3965 sit,
1652 3910 1707 3956 et
1749 3902 1939 3973 inqui-

361 3998 552 4047 natum
586 3990 846 4045 ostendit.
876 3991 1016 4048 Aliis
1047 3993 1194 4047 enim
1219 3993 1339 4064 ejus
1367 3993 1660 4065 discipulis
1695 4004 1750 4051 et
1788 3996 1938 4067 jugis

363 4081 525 4152 725
549 4081 896 4137 assiduitatis
918 4083 1172 4154 gloriam,
1198 4092 1254 4139 et
1274 4085 1663 4142 asscctatienis
1687 4086 1861 4149 labor,
1882 4096 1938 4142 et

362 4175 419 4229 in
450 4174 555 4229 lide
583 4175 818 4229 firmitas
857 4181 1025 4246 atque
1050 4176 1388 4242 constantia,
1436 4186 1491 4232 et
1530 4179 1771 4247 perfecta
1804 4195 1937 4250 erga

361 4262 644 4320 Christum
682 4265 928 4320 charitas
981 4265 1277 4336 puritatem
1333 4267 1629 4322 conciliat:
1665 4268 1935 4337 proditori

2040 3177 2173 3223 πεν,
2205 3160 2296 3214 ὅτι
2328 3160 2476 3230 Οὐχὶ
2511 3159 2780 3233 [πάντες]
2810 3164 3055 3231 καθαροί
3091 3164 3251 3217 ἐστε.

2107 3252 2334 3322 Δέχεται
2388 3252 2490 3321 μὲν
2536 3253 2602 3304 ὲκ
2642 3253 2753 3306 τῶν
2798 3254 2919 3307 καθ’
2949 3254 3097 3325 ἡμᾶς
3128 3254 3235 3308 ἀπὸ
3268 3255 3448 3311 κοινοῦ
3482 3259 3632 3328 πρά-

2037 3360 2247 3413 γματος
2274 3343 2336 3396 τὸ
2364 3342 2734 3414 παράδειγμα,
2760 3344 3090 3415 εὑαφόρμως
3116 3363 3176 3399 τε
3199 3345 3517 3417 διαπράττει
3542 3348 3631 3419 τῷ

2039 3432 2275 3505 προδότῃ
2306 3432 2396 3486 τὸν
2436 3433 2678 3504 ἔλεγχον,
2717 3434 3210 3504 μεταϐουλεύεσθαί
3241 3452 3301 3489 τε
3330 3435 3627 3503 διδάσκων,

2038 3526 2132 3579 καὶ
2159 3525 2542 3596 μετατίθεσθαι
2572 3528 2651 3590 εἰς
2684 3525 2795 3592 ἕξιν
2828 3528 2927 3597 τὴν
2962 3526 3171 3597 ἀμείνω
3192 3527 3284 3581 τὸν
3310 3527 3628 3600 ἄνθρωπον.

2038 3616 2101 3669 El
2133 3616 2242 3688 γὰρ
2275 3617 2368 3670 καὶ
2397 3615 2548 3670 οὔπω
2575 3617 2796 3687 γυμνῶς
2833 3619 2932 3688 τῆς
2961 3616 3187 3690 ἐνούσης
3223 3618 3370 3690 αὐτῷ
3394 3619 3630 3674 δυσϐου-

2036 3706 2155 3772 λίας
2182 3708 2476 3779 ἁπελέγχει
2512 3710 2582 3763 τά
2631 3709 2975 3781 ἐγκλήματα,
3013 3711 3126 3764 ἀλλ’
3159 3707 3252 3765 οὖν
3282 3728 3343 3781 γε
3370 3712 3629 3784 δριμεῖαν

2035 3803 2065 3854 ό
2096 3801 2252 3869 λόγος
2282 3802 2395 3873 ἔχει
2420 3801 2520 3873 τὴν
2549 3801 2805 3873 ἔμφασιν.
2830 3805 2908 3856 Δι’
2939 3797 3015 3857 ὧν
3042 3804 3148 3875 γὰρ
3178 3807 3289 3868 τοῖς
3314 3804 3491 3869 ἀλλοις
3520 3804 3625 3875 τὴν

2036 3896 2117 3957 εἰς
2146 3893 2437 3966 ὁλόκληρον
2472 3894 2817 3966 καθαρότητα
2848 3900 3135 3969 μαρτυρεῖ,
3167 3896 3406 3951 ὕποπτον
3433 3898 3625 3967 δηλον·

2035 3985 2120 4039 ότι
2150 3986 2242 4039 τὸν
2282 3986 2357 4057 μὴ
2411 3985 2653 4040 τοιοῦτον
2704 3986 3031 4058 καθίστησι,
3073 3988 3167 4041 καὶ
3212 3988 3625 4058 μεμολυσμένον

2036 4078 2397 4133 ἀποδεικνύει.
2432 4081 2557 4143 Τοῖς
2590 4080 2689 4149 μὲν
2720 4081 2830 4151 γὰρ
2865 4081 3073 4152 ἑτέροις
3111 4081 3276 4136 αὑτοῦ
3328 4083 3620 4152 μαθηταῖς,

2037 4170 2129 4223 καὶ
2159 4170 2221 4223 τὸ
2249 4172 2349 4241 τῆς
2372 4173 2785 4242 ἀπερισπάστου
2821 4172 3176 4244 προσεδρείας
3215 4174 3498 4244 καύχημα,
3525 4175 3623 4226 καὶ

2034 4262 2127 4316 τὸν
2154 4261 2253 4333 τῆς
2289 4262 2698 4335 ἀκολουθήσεως
2730 4264 2913 4331 πόνον,
2959 4267 3052 4319 καὶ
3081 4265 3144 4320 τὸ
3179 4265 3395 4336 βέϐαιον
3427 4268 3487 4319 ὲν
3524 4266 3622 4319 πί·-

363 4371 493 4412 vero
515 4363 568 4410 et
587 4354 993 4426 inexplicabilis
1021 4357 1271 4411 avaritiae
1284 4355 1517 4416 crimen,
1541 4366 1595 4412 et
1621 4358 1940 4415 dilectionis

2044 4369 2179 4417 στει,
2208 4354 2301 4407 καὶ
2338 4355 2399 4408 τὸ
2437 4355 2643 4427 πλῆρες
2664 4357 2721 4409 ἐν
2750 4357 2939 4431 ἀγάπῃ
2965 4360 3029 4429 τῇ
3064 4357 3193 4427 περὶ
3233 4358 3488 4429 Χριστὸν,
3517 4357 3623 4428 τὴν

361 4462 489 4517 erga
519 4444 812 4500 Dominum
834 4454 1088 4502 nostrum
1119 4446 1307 4501 Jesum
1334 4444 1617 4501 Christum
1646 4446 1939 4504 infirmitas

363 4544 622 4591 aeternam
653 4535 832 4591 labem
865 4533 1071 4597 inurit,
1124 4542 1180 4590 et
1208 4533 1661 4604 incomparabilis
1715 4534 1938 4588 temeri-

364 4625 495 4680 tatis
558 4632 742 4679 notam
806 4624 1094 4696 imprimit.
1146 4623 1285 4679 Cum
1344 4639 1478 4696 ergo
1535 4624 1790 4681 Christus
1825 4625 1938 4689 ait,

370 4733 389 4765 ι
415 4714 523 4770 Vos
547 4714 739 4769 mundi
763 4715 919 4776 estis,
954 4713 1049 4769 sed
1077 4729 1187 4769 non
1221 4729 1436 4780 omnes,
1458 4732 1479 4769 ι
1510 4714 1785 4769 occultam
1815 4714 1939 4784 qui~

364 4808 510 4868 dem,
550 4815 925 4860 verumtamen
952 4803 1258 4876 proditoris
1314 4805 1509 4860 utilem
1544 4805 1936 4876 reprehensio—

364 4912 490 4951 nem
518 4896 783 4951 continet.
807 4894 1050 4951 Tametsi
1078 4897 1222 4951 enim
1249 4911 1357 4951 non
1380 4904 1569 4967 aperte
1594 4897 1935 4968 loqueretur,

364 4996 426 5042 ut
460 5001 633 5056 nuper
664 4984 928 5050 diximus,
953 4994 1137 5040 tamen
1170 4986 1513 5041 conscientia
1562 5001 1936 5057 unumquem-

361 5095 471 5149 que
520 5085 867 5149 peccatorem
924 5078 1226 5147 pungebat,
1278 5085 1334 5132 et
1392 5078 1686 5133 verborum
1722 5079 1831 5132 vim
1868 5078 1935 5133 ad

363 5180 579 5227 sontem
626 5171 804 5240 ipsum
851 5169 995 5225 velut
1016 5184 1084 5223 ex
1118 5168 1451 5223 necessitate
1475 5168 1714 5238 quadam
1748 5168 1935 5223 trahe-

363 5262 477 5316 bat.
510 5258 759 5316 Observa
794 5267 979 5314 autem
1016 5258 1106 5313 hic
1138 5259 1441 5330 singularis
1494 5259 1935 5332 dispensationis

363 5365 417 5408 ct
453 5353 564 5408 Deo
594 5353 773 5422 dignae
808 5351 1083 5422 patientiae
1122 5366 1284 5422 opus.
1322 5352 1378 5405 Si
1430 5352 1578 5406 enim
1618 5362 1807 5424 aperte
1850 5355 1904 5409 di

363 5448 533 5503 sisset
589 5447 713 5517 quis
775 5444 1097 5517 proditurus
1157 5453 1328 5511 esset,
1381 5445 1631 5503 infensos
1692 5448 1741 5501 ei
1792 5448 1933 5504 alios

367 5539 615 5601 fecisset,
654 5548 707 5594 et
727 5548 972 5595 extrema
996 5552 1231 5609 «praeque
1261 5536 1447 5593 forsan
1492 5540 1737 5605 tulisset,
1770 5548 1961 5611 atque'

436 5719 483 5753 "
521 5718 633 5775 Jac.
677 5734 763 5788 ιιι,
795 5721 850 5778 8.
923 5720 971 5753 "
1010 5719 1154 5778 l‘sal.
1184 5734 1319 5776 tum
1344 5764 1363 5791 ,
1401 5721 1485 5776 l5.

2036 4444 2381 4516 καθαρότητα
2416 4445 2696 4518 προξενεῖο
2727 4447 2806 4519 τῷ
2851 4464 2916 4517 γε
2964 4448 3072 4519 μὴν
3120 4448 3311 4521 ἑτέρῳ,
3342 4450 3437 4503 καὶ
3484 4450 3623 4502 αὐτὸ

2032 4536 2135 4605 τῆς
2181 4536 2458 4609 ἀπλήστου
2507 4538 2948 4611 φιλοχρηματίας
2992 4541 3055 4593 τὸ
3100 4539 3373 4613 ἔγκλημα,
3422 4542 3515 4595 καὶ
3555 4542 3623 4595 τὸ

2035 4628 2259 4691 ἀσθενὲς
2285 4631 2365 4693 είς
2389 4629 2630 4685 διάθεσιν
2653 4632 2753 4704 τὴν
2784 4633 2912 4704 περὶ
2959 4636 3050 4686 τὸν
3087 4632 3292 4704 Κύριον
3319 4632 3476 4704 ἡμῶν
3516 4634 3622 4704 Ἰη-

2036 4716 2164 4771 σοῦν
2195 4717 2287 4772 τὸν
2314 4720 2547 4791 Χριστὸν
2585 4721 2684 4792 τὴν
2724 4721 3076 4777 ἀνέκλειπτον
3103 4722 3297 4794 κηλῖδα
3352 4724 3618 4795 προστρί-

2036 4811 2206 4873 ϐεται,
2242 4812 2336 4866 καὶ
2372 4812 2472 4883 τῆς
2502 4814 2834 4885 ἀσυγκρίτου
2861 4815 3179 4879 δυσϐουλίας
3219 4816 3311 4870 τὸν
3342 4816 3621 4887 μολυσμὸν

2034 4901 2272 4971 ἐμποιεῖ.
2305 4903 2471 4957 Ὅταν
2508 4904 2689 4959 τοίνυν
2739 4905 2874 4979 λέγῃ
2916 4907 3184 4978 Χριστός·
3214 4926 3234 4959 ι
3271 4908 3410 4978 Ἤδη
3456 4908 3617 4979 ὑμεῖς

2034 4991 2265 5063 καθαροί
2293 4993 2438 5058 ἐστε,
2470 4994 2586 5048 ἀλλ’
2616 4995 2737 5066 ούχὶ
2782 4999 2999 5064 πάντως
3028 5019 3047 5051 s
3087 4998 3200 5071 [πο.
3246 4998 3486 5071 πάντες],
3518 5018 3615 5053 κε-

2035 5084 2347 5155 κρυμμένον
2401 5086 2502 5156 μέν
2547 5087 2701 5154 ἐστι,
2760 5089 2900 5162 πλὴν
2956 5092 3211 5163 ἐπωφελῆ
3253 5092 3332 5163 τῷ
3379 5092 3618 5165 προδότῃ

2035 5175 2266 5227 ποιεῖται
2304 5173 2397 5227 τὸν
2444 5174 2684 5246 ἔλεγχον.
2734 5177 2798 5230 Εἰ
2841 5178 2951 5250 γάρ
2987 5180 3081 5233 καὶ
3134 5179 3209 5251 μὴ
3255 5179 3361 5249 ἔφη
3404 5178 3612 5248 σαφῶς.

2033 5262 2284 5333 καθάπερ
2320 5262 2523 5336 ἀρτίως
2555 5266 2858 5337 εἰρήκαμεν
2881 5309 2896 5333 ,
2934 5265 3050 5320 ἀλλ’
3078 5262 3148 5337 ἧν
3192 5268 3251 5319 ὲν
3288 5265 3503 5336 ἑκάστῳ
3532 5265 3615 5318 δι-

2036 5355 2201 5419 κάζον
2227 5355 2291 5408 τδ
2332 5357 2591 5421 συνειδὸς,
2622 5357 2717 5411 καὶ
2748 5358 3063 5413 διακεντοῦν
3112 5359 3203 5412 τὸν
3232 5358 3611 5430 ἡμαρτηκότα,

2040 5445 2132 5499 καὶ
2165 5444 2262 5516 τὴν
2285 5445 2392 5497 τῶν
2418 5446 2723 5517 εἰρημένων
2746 5445 2976 5517 δύναμιν
3002 5446 3253 5516 καθάπερ
3280 5446 3340 5513 ἐξ
3366 5444 3614 5514 ἀνάγκης

2042 5534 2237 5589 καλοῦν
2265 5534 2355 5588 ἐπὶ
2383 5534 2473 5589 τὸν
2494 5536 2764 5592 ὑπαίτιον.
2807 5537 3005 5593 Ἐννόει
3038 5538 3095 5591 δὲ
3122 5539 3268 5601 ὅπως
3302 5536 3615 5605 οἰκονομίας
