3894 6200
214 405 317 460 Hi

1290 394 1358 450 IN
1394 392 1680 448 JOANNIS
1713 390 2162 447 EVANGELIUM
2203 392 2326 448 LIB.
2359 392 2447 447 IX.

3386 390 3491 445 ηε

212 517 362 578 τινὸς
425 513 516 568 καὶ
563 511 897 583 Θεοπρεποῦς
947 509 1296 573 ἀνεξικακίας
1328 509 1390 561 τὸ
1439 509 1673 578 πρᾶγμα
1704 522 1806 559 πε-

1914 512 2039 560 ante
2071 512 2287 572 tempus
2341 506 2611 559 multatus
2668 503 2887 567 fuisset,
2922 503 3247 572 insurgente
3281 502 3488 570 aliquo.

218 608 524 681 πλήρωται.
559 607 621 659 Et
648 606 756 677 γὰρ
796 603 901 675 ἔφη
943 601 1151 672 σαφῶς,
1187 601 1269 665 τίς
1313 604 1341 654 6
1386 598 1679 673 προδιῦσων
1708 599 1806 652 αύ-

218 702 332 764 τὸν,
386 697 677 769 πολεμίους
730 697 795 749 ἂν
827 695 953 757 τοὺς
1007 693 1199 756 ἀλλους
1241 691 1391 761 αύτῷ
1427 691 1802 762 ἐξειργάσατο,

219 793 318 847 καὶ
342 791 483 860 τάχα
502 807 555 843 τι
580 789 690 843 τῶν
720 787 1034 859 ἀνηκέστων
1074 784 1271 853 συνέϐη
1298 772 1514 848 παθεῖν,
1543 782 1638 837 καὶ
1668 782 1804 853 πρό-

216 900 361 954 ωρον
387 881 453 936 ἂν
484 881 772 951 ὑπομεῖναι
814 878 992 945 δίκην,
1028 876 1175 947 ζήλῳ
1213 874 1293 945 τῷ
1346 874 1484 945 πρὸς
1518 872 1803 926 εὐσέϐειαν

212 974 639 1046 διατεθηγμένου
688 971 852 1035 τινὸς,
883 971 979 1023 καὶ
1028 968 1341 1041 προανελεῖν
1388 966 1484 1019 τοῦ
1531 965 1801 1019 Δεσπότου

214 1068 307 1122 τὸν
340 1066 605 1138 προδότην
659 1064 1124 1133 ἐπιχειρήσαντος.
1171 1058 1628 1127 ’Υπαινιξάμενος
1686 1057 1802 1109 τοί-

215 1177 331 1221 νυν,
360 1160 455 1211 καὶ
486 1158 566 1228 τῷ
594 1155 851 1210 συνειδότι
881 1154 1078 1224 δριμὺν
1114 1152 1205 1205 τὸν
1247 1151 1468 1220 ἔλεγχον
1494 1149 1675 1217 ἀφεὶς,
1706 1148 1801 1200 ἀν-

188 1248 543 1319 ἀμίλλλητον
568 1246 737 1314 ἔδειξε
769 1245 869 1315 τῆς
905 1244 1131 1314 ἐνούσης
1176 1242 1326 1313 αύτῷ
1363 1238 1713 1305 ἀνεξικακίας
1742 1238 1804 1291 τὸ

217 1342 469 1416 μέγεθος.
502 1341 695 1395 Καίτοι
748 1339 857 1409 γὰρ
907 1336 1065 1400 εἰδὼς
1108 1338 1209 1390 οὐκ
1255 1334 1458 1405 ἀγαθὸν
1496 1332 1624 1385 ὅντα
1673 1331 1804 1402 περὶ

210 1436 379 1489 αὑτὸν
420 1434 541 1488 οὐδὲ
585 1432 903 1502 εὐγνώμονα
944 1430 1213 1503 μαθητὴν,
1256 1429 1372 1483 ἀλλ’
1407 1428 1667 1481 ὠδίνοντα
1703 1425 1803 1496 μὲν

209 1529 305 1582 τὸν
331 1529 397 1580 ἐκ
420 1528 520 1598 τῆς
561 1525 872 1596 διαϐολικῆς
901 1523 1126 1594 πικρίας
1177 1522 1272 1585 ἱὸν,
1306 1518 1803 1592 περισκεπτόμενον

208 1621 268 1674 δὲ
305 1619 429 1674 τίνα
449 1618 650 1690 τρόπον
679 1615 841 1671 αὐτὸν
868 1613 1116 1687 παραδῷ,
1142 1613 1436 1683 τετίμηκεν
1476 1613 1532 1664 ἐν
1566 1610 1665 1680 ἴσῳ
1690 1611 1805 1670 τοῖς

208 1714 415 1777 ἄλλοις,
439 1711 683 1776 ἀπονίζοι
713 1710 822 1782 [ῑσ.
855 1707 1126 1771 ἀπονίζων
1154 1707 1231 1761 νει
1261 1703 1532 1775 ἀπονίζει]
1555 1703 1610 1756 δὲ
1638 1700 1802 1755 αὐτοῦ

211 1809 310 1863 καὶ
338 1808 465 1872 τοὺς
497 1806 684 1869 πόδας,
716 1804 879 1877 μέχρι
913 1802 1115 1866 παντὸς
1146 1801 1216 1855 τὰ
1260 1803 1324 1854 ἐκ
1362 1799 1463 1869 τῆς
1501 1798 1635 1861 ἰδίας
1664 1797 1803 1866 ἀγά-

1909 608 1964 654 et
1998 598 2213 653 Domini
2238 598 2575 668 proditorem
2601 596 2718 650 zelo
2746 595 2969 665 pietatis
2995 596 3063 650 de
3088 595 3268 650 medio
3302 594 3494 648 tollere

1909 700 2167 745 conante.
2199 689 2452 745 Ohscuro
2494 690 2681 759 itaque
2732 704 2987 743 sermone
3032 704 3190 751 usus,
3244 696 3299 741 et
3354 702 3491 741 con-

1911 783 2167 839 scientiae
2182 797 2364 837 acrem
2387 780 2878 851 reprehensionem
2910 780 3253 848 relinquens,
3271 777 3492 830 incom-

1906 876 2210 946 parabilem
2236 890 2350 929 suae
2377 874 2657 945 patientiae
2689 872 3131 943 magnitudinem
3166 866 3488 923 declaravit.

1906 968 2175 1035 Quamvis
2202 969 2350 1023 enim
2395 982 2495 1021 nec
2530 966 2679 1037 pium
2733 980 2862 1034 erga
2902 979 2962 1019 se
3010 978 3110 1017 nec
3154 968 3367 1030 gratum
3403 958 3489 1013 di-

1906 1059 2182 1129 scipulum
2218 1058 2413 1119 sciret,
2440 1056 2535 1111 sed
2565 1071 2631 1110 ex
2669 1054 2973 1109 acerbitate
3018 1051 3293 1105 diabolica
3327 1065 3491 1104 vene-

1905 1166 2038 1204 num
2075 1158 2259 1203 mente
2288 1157 2600 1218 parantem,
2642 1153 2697 1201 et
2736 1142 2883 1214 apud
2925 1158 2984 1198 se
3034 1143 3334 1211 agitantem
3381 1154 3493 1208 quo

1907 1250 2070 1314 pacto
2100 1257 2224 1296 eum
2264 1242 2526 1301 traderet,
2558 1251 2740 1293 tamen
2774 1254 2899 1292 eum
2942 1235 3173 1306 perinde
3221 1249 3286 1287 ac
3333 1232 3475 1288 alios

1907 1334 2225 1398 honoravit,
2262 1332 2496 1402 ejusque
2537 1330 2709 1401 pedes
2773 1330 2958 1391 lavat,
3028 1343 3150 1397 quae
3206 1324 3494 1380 charitatis

1906 1435 2035 1483 sunt
2059 1441 2293 1481 servans
2334 1440 2432 1494 per
2475 1425 2686 1489 omnia,
2718 1430 2772 1477 et
2802 1422 3125 1493 priusquam
3162 1419 3231 1473 ad
3284 1421 3493 1472 exitum

1906 1517 2143 1571 crimina
2182 1512 2449 1584 perducta
2482 1512 2617 1574 sint,
2657 1512 2795 1565 iram
2841 1525 2949 1564 non
3002 1509 3267 1563 inferens.
3328 1507 3493 1561 Istam

1905 1609 2051 1664 enim
2083 1607 2509 1678 praerogativam
2548 1603 2830 1675 prppriam
2865 1617 2987 1656 esse
3030 1608 3243 1655 naturte
3296 1598 3497 1653 divinae

1906 1701 2096 1755 videre
2122 1700 2275 1754 licet.
2309 1697 2420 1752 Nec
2452 1696 2597 1751 enim
2633 1695 2763 1764 quia
2784 1692 2936 1747 novit
2962 1690 3106 1746 Deus
3133 1706 3222 1746 res
3253 1690 3495 1752 futuras,

1908 1793 2120 1847 idcirco
2157 1799 2543 1863 praematuram
2600 1788 2943 1857 punitionem
2982 1782 3149 1838 infert
3197 1781 3493 1852 aliquibus.

212 1918 323 1972 πης
340 1898 545 1971 τηρῶν,
571 1900 668 1951 καὶ
686 1898 817 1968 πρὶν
844 1898 923 1960 είς
951 1894 1101 1957 τέλος
1129 1892 1320 1947 ἐλάσαι
1352 1891 1420 1945 τὰ
1449 1890 1799 1961 ἐγκλήματα,

1914 1885 2003 1942 sed
2038 1886 2315 1955 patienter
2348 1882 2533 1936 ferens
2566 1880 2755 1949 potius
2786 1885 2999 1948 quanto
3036 1885 3287 1946 tempore
3328 1890 3495 1945 opor-

209 1992 311 2064 τὴν
343 1989 514 2062 ὀργὴν
555 1990 656 2043 οὐκ
707 1986 995 2050 ἐπιτιθείς.
1024 1986 1183 2049 Ἴδοις
1215 1984 1323 2055 γὰρ
1374 1983 1440 2037 ἂν
1488 1982 1617 2036 ίδιον
1657 1982 1805 2046 ὅπως

209 2084 458 2155 ὑπάρχον
506 2082 604 2137 καὶ
667 2080 825 2135 τοῦτο
870 2080 971 2151 τῆς
1026 2078 1163 2140 ἰδίας
1212 2075 1428 2146 φύσεως
1491 2074 1551 2128 τὸ
1610 2073 1803 2127 πλεον-

208 2178 447 2247 έκτημα.
474 2177 547 2231 Οὐ
572 2176 680 2248 γὰρ
702 2174 933 2246 ἐπείπερ
953 2169 1093 2228 οἶδεν
1122 2173 1150 2223 ὁ
1180 2170 1310 2235 Θεὸς
1342 2171 1411 2224 τὰ
1438 2170 1694 2240 ἐσόμενα,
1718 2167 1806 2221 διὰ

208 2268 369 2322 τοῦτο
395 2268 642 2339 πρόωρον
673 2266 925 2338 ἐπιφέρει
957 2266 1069 2319 τισὶ
1112 2264 1209 2335 τὴν
1262 2262 1512 2315 κόλασιν·
1550 2258 1804 2325 ἀνεξικα-

208 2363 389 2431 κήσας
415 2362 472 2415 δὲ
501 2360 720 2431 μᾶλλον,
748 2360 870 2413 ὅσον
914 2358 1021 2411 ἔδει
1065 2358 1276 2427 καιρὸν,
1319 2356 1446 2409 ὅταν
1490 2349 1806 2421 ὠφελουμέ-

208 2471 334 2517 νους
368 2454 454 2525 ἴδῃ
484 2452 669 2522 μηδὲν,
710 2450 1049 2521 ἐμμένοντας
1077 2449 1133 2502 δὲ
1168 2447 1366 2519 μᾶλλον
1392 2446 1506 2508 τοῖς
1538 2443 1804 2515 αἱρεθεῖσι

210 2547 423 2610 κακοῖς,
462 2544 680 2609 κολάζει
722 2543 929 2607 λοιπὸν,
978 2543 1078 2613 τῆς
1125 2539 1444 2600 δυσϐουλίας
1483 2538 1543 2589 τὸ
1572 2536 1804 2607 πρᾶγμα

208 2636 446 2698 δεικνὺς,
474 2637 566 2687 καὶ
593 2635 692 2687 οὐκ
724 2632 884 2704 ἔργον
910 2632 1077 2695 ὅντως
1126 2630 1226 2701 τῆς
1272 2629 1410 2691 ιδίας
1438 2626 1654 2699 βουλῆς,
1686 2625 1805 2695 ἦτοι

209 2726 503 2798 θελήσεως.
534 2726 642 2778 Καὶ
672 2722 803 2792 γοῦν
830 2723 917 2776 διὰ
943 2721 1101 2775 τοῦτό
1132 2737 1297 2791 φησιν
1334 2717 1593 2789 Ἰεζεχιήλ
1612 2734 1626 2746 ο
1670 2734 1688 2768 ι
1722 2715 1807 2768 Ζῶ

209 2820 323 2888 ἐγὼ
347 2819 497 2887 λέγει
524 2817 748 2889 Κύριος,
782 2817 864 2869 ὅτι
896 2815 957 2868 ού
988 2813 1127 2866 θέλω
1153 2813 1245 2867 τὸν
1277 2812 1505 2866 θάνατον
1535 2809 1628 2864 τοῦ
1666 2810 1806 2863 ἀπο-

208 2914 557 2982 θνήσκοντος,
591 2910 669 2974 ὼς
706 2909 767 2963 τὸ
813 2906 1139 2978 ἐπιστρέψαι
1179 2906 1339 2960 αὑτὸν
1378 2905 1487 2959 ἀπὸ
1543 2904 1641 2974 τῆς
1685 2900 1806 2955 ὁδοῦ

208 3003 379 3059 αὐτοῦ
415 3004 515 3075 τῆς
559 3004 821 3073 πονηρᾶς,
857 3002 951 3056 καὶ
999 2998 1099 3073 ζῇν
1139 2999 1323 3054 αὐτόν.
1366 3016 1384 3050 ι
1419 2995 1807 3067 Μακροθύμως

207 3095 503 3167 τοιγαροῦν
532 3096 624 3149 καὶ
656 3094 995 3159 ἀνεξικάκως
1028 3094 1056 3145 6
1106 3092 1309 3163 ι(ύριος
1336 3090 1498 3161 ἡμῶν
1540 3089 1749 3160 Ἰησοὺς
1778 3089 1807 3140 6

208 3186 446 3259 Χριστὸς
490 3185 891 3256 συναναμιγνὺς
933 3183 1013 3236 ἔτι
1049 3184 1163 3246 τοῖς
1206 3181 1387 3244 ἄλλοις
1420 3179 1584 3233 αὑτοῦ
1633 3177 1807 3249 μαθη⁹

1906 1978 2086 2039 tebat,
2118 1990 2246 2031 cum
2281 1974 2417 2028 nihil
2442 1972 2495 2027 id
2528 1972 2611 2026 eis
2635 1969 2904 2042 prodesse
2935 1968 3160 2031 viderit,
3189 1967 3284 2021 sed
3311 1967 3496 2037 potius

1909 2071 2072 2125 malis
2124 2067 2294 2123 semel
2352 2064 2629 2134 susceptis
2669 2064 2963 2127 inhaerere,
3029 2061 3187 2130 punit
3230 2059 3449 2113 demum
3480 2098 3496 2121 ,

1906 2162 2205 2220 ostendens
2256 2158 2311 2213 id
2336 2198 2337 2205 η
2367 2172 2557 2213 revera
2588 2171 2729 2226 opus
2778 2170 2901 2209 esse
2932 2152 3265 2208 inconsultae
3298 2165 3493 2205 eorum

1907 2256 2256 2319 temeritatis,
2292 2268 2401 2307 non
2435 2267 2548 2307 sum
2580 2248 2897 2304 voluntatis.
2926 2246 3203 2312 Quocirca
3239 2244 3496 2299 Ezechiel

1907 2347 2018 2401 ait:
2060 2364 2079 2396 ι
2116 2343 2256 2398 Vivo
2286 2358 2410 2413 ego,
2445 2341 2579 2395 dicit
2612 2338 2899 2402 Dominus,
2936 2337 3066 2408 quia
3105 2337 3234 2390 uolo
3267 2342 3497 2389 mortem

1910 2436 2221 2499 morientis,
2262 2449 2427 2505 quam
2461 2431 2707 2487 converti
2751 2430 2934 2498 ipsum
2963 2443 2993 2481 a
3020 2428 3109 2483 via
3173 2441 3272 2481 sua
3330 2426 3495 2490 mala,

1907 2538 1962 2584 et
1993 2530 2180 2583 vivere
2215 2542 2340 2582 eum
2358 2526 2426 2579 ".
2476 2543 2494 2575 ι
2537 2524 2852 2578 Clementer
2887 2520 3056 2591 igitur
3114 2527 3169 2573 et
3224 2518 3501 2587 patienter

1908 2619 2177 2675 Dominus
2209 2624 2401 2672 noster
2429 2614 2594 2670 Jesus
2620 2613 2876 2668 Christus
2909 2626 3019 2665 una
3050 2626 3176 2664 cum
3218 2610 3342 2664 aliis
3377 2608 3499 2663 suis

1908 2712 2205 2784 discipulis
2262 2710 2444 2765 adhuc
2506 2715 2758 2761 numerat
2817 2703 3182 2776 proditorem,
3246 2702 3501 2770 quamvis

1907 2804 2164 2859 diabolus
2192 2800 2306 2870 jam
2342 2796 2642 2853 intraverit
2682 2794 2737 2847 in
2766 2809 2865 2848 cor
2889 2792 3036 2861 ejus,
3072 2800 3134 2845 ut
3159 2806 3283 2846 eum
3317 2789 3502 2845 trade-

1908 2906 2015 2954 ret.
2047 2891 2378 2950 Necessario
2405 2889 2550 2945 enim
2583 2888 2689 2942 hoc
2723 2887 2870 2942 inter
2894 2885 3002 2938 alia
3042 2884 3110 2939 ab
3162 2883 3502 2952 evangelista

1911 2989 2076 3061 726
2108 2983 2457 3057 significatur
2482 2981 2664 3045 initio,
2704 2978 2828 3033 cum
2865 2977 2961 3041 ait,
3004 2995 3023 3028 ι
3077 2984 3131 3029 et
3164 2977 3328 3045 pedes
3379 2974 3501 3043 ejus

1914 3082 2066 3140 lavit,
2107 3096 2126 3129 ι
2180 3072 2622 3130 iuexcusabilem
2672 3068 2791 3139 ejus
2841 3068 3181 3138 impietatem
3242 3066 3500 3130 reddens,

1912 3181 1973 3227 ut
2005 3170 2184 3225 insitae
2222 3168 2273 3222 ei
2326 3163 2704 3237 improbitatis
2765 3160 2983 3214 fructus
3046 3157 3286 3214 defectio
3344 3157 3505 3211 vide-

207 3284 331 3346 ταῖς
352 3281 445 3334 τὸν
477 3282 761 3353 προδότην,
793 3281 971 3334 καίτοι
998 3279 1092 3333 τοῦ
1127 3278 1375 3332 διαϐόλου
1405 3278 1508 3348 ἤδη
1542 3273 1801 3347 βεϐληκό-
1832 3264 1877 3323 C
1909 3273 2085 3319 retur.

208 3338 451 3447 toc'h'p.
491 3338 804 3447 βεϐηκότος]
838 3376 919 3438 είς
958 3372 1057 3445 τὴν
1088 3371 1317 3443 καρδίαν
1357 3338 1552 3431 αὐτού..
1581 3369 1669 3421 ἵνα
1693 3338 1865 3419 ἀὑτὸν
1890 3352 2137 3429 παραδῷ.
2176 3350 2519 3419 Ἀναγκαίως
2575 3347 2684 3417 γὰρ
2717 3344 2878 3447 ’ξοῦτο
2947 3342 3081 3413 πρὸς
3126 3343 3263 3447 θτοῖῗ
3319 3338 3504 3447 ᾰὶλοις

208 3433 658 3538 ἑπὶσῆιῖιὴνίῑσθάι
706 3433 804 3522 “rbi;
847 3433 1240 3536 ebanl'elts‘c'hv
1286 3466 1344 3518 ἐν
1378 3465 1594 3535 ἀρχαῖς,
1633 3481 1650 3513 ε
1688 3458 1801 3513 Kal.
1839 3449 2003 3515 αὐτοῦ
2039 3447 2205 3509 πόδας
2241 3445 2442 3513 ἔνιψεν,
2479 3462 2496 3494 ι
2531 3439 2941 3512 ἀπροφάσιστον
2989 3434 3150 3488 αὑτοῦ
3211 3433 3311 3504 τὴν
3378 3433 3505 3486 δυσ-

211 3534 458 3614 σέϐειάνῂ
488 3560 784 3626 ἀποτελῶν,
841 3561 931 3614 ἵνα
962 3534 1206 3630 καρπὸς
1234 3558 1336 3629 τῆς
1386 3534 1612 3627 ἐνούσης
1655 3551 1805 3622 αὐτῷ
1843 3544 2106 3615 πονηρίας
2132 3542 2165 3611 ἡ
2196 3540 2495 3599 ἀπόστασις
2526 3534 2804 3604 φαίνηται·

287 3654 419 3707 Ὅτε
444 3652 558 3707 οὖν
588 3653 763 3721 ἐνιψε
797 3652 940 3719 τοὺς
972 3651 1165 3719 πόδας
1205 3650 1326 3705 τῶν
1353 3649 1661 3721 μαθητῶν,
1704 3648 1805 3700 καὶ

211 3747 395 3802 ἔλαϐε
438 3746 512 3799 τὰ
555 3744 755 3813 ἱμάτια
799 3742 1007 3805 αὑτοῦ.
1039 3742 1368 3799 ἀναπεσὼν
1404 3740 1613 3801 πάλιν.
1640 3736 1809 3793 εἶπεν

212 3836 423 3904 αὐτοῖς
445 3854 460 3867 ·
521 3836 859 3890 Γινώσκετε
924 3836 984 3900 τί
1044 3836 1346 3903 πεποίηκα
1398 3832 1579 3902 ὐμῒν;
1625 3830 1811 3899 Ὑμεῖς

213 3930 467 4000 φωνεῖτέ
498 3947 597 3999 με,
644 3932 678 3984 ὁ
713 3930 928 3995 Κύριος
944 3927 1043 3983 καί
1077 3932 1111 3983 ό
1138 3926 1537 3991 Διδάσκαλος,
1570 3924 1669 3979 καί
1710 3941 1815 3978 κα-

211 4020 338 4086 λῶς
382 4020 620 4088 λέγετε·
666 4020 782 4090 εὶμί
832 4019 965 4089 γάρ.
1012 4021 1083 4073 Et
1127 4013 1243 4073 οὖν
1269 4017 1384 4087 ἐγὼ
1424 4017 1606 4086 ἔνιψα
1647 4015 1815 4085 ὑμῶν

215 4112 359 4174 τοὺς
404 4108 595 4175 πόδας
651 4112 684 4163 ό
741 4111 958 4179 Κύριος
1008 4109 1110 4163 καὶ
1164 4111 1198 4163 ό
1246 4107 1656 4172 Διδάσκαλος,
1710 4107 1809 4160 καὶ

213 4203 391 4272 ὑμεῖς
440 4202 713 4271 ὀφείλετε
766 4202 1058 4272 ἀλλήλων
1107 4201 1342 4255 νίπτειν
1394 4199 1538 4267 τοὺς
1595 4198 1807 4264 πόδας.

223 4293 581 4364 ’Υπόδειγμα
610 4292 720 4363 γὰρ
748 4292 976 4347 δέδωκα
1000 4292 1165 4361 ὑμῖν,
1196 4292 1297 4345 ἵνα
1328 4290 1523 4358 καθὼς
1553 4291 1813 4359 ἐποίησα

214 4385 365 4455 ὑμῖν
395 4384 531 4455 ἐγὼ.
562 4386 661 4439 καὶ
693 4384 861 4454 ὑμεῖς
895 4384 1138 4439 ποιεῖτε.

305 4476 634 4546 Ἀναφανδὸν
665 4476 763 4548 ήδη
809 4477 943 4546 φησὶ
976 4477 1075 4548 τὴν
1112 4475 1206 4529 τοῦ
1240 4476 1563 4550 πράγματος
1608 4477 1809 4539 αἰτίαν,

218 4568 317 4621 καὶ
344 4570 443 4638 τῆς
471 4567 803 4638 ἀσυγκρίτου
839 4569 1341 4641 ταπεινοφροσύνης
1378 4569 1439 4622 τὸ
1483 4568 1809 4638 ὑπόδειγμα,

215 4660 321 4729 τῆς
366 4660 447 4721 είς
492 4660 639 4729 ἡμᾶς
686 4660 872 4713 ἕνεκεν
919 4659 1187 4730 ὠφελείας
1235 4658 1567 4730 πεποιῆσθαι
1610 4675 1805 4728 φησιν·

215 4750 628 4821 ἀναπολόγητον
685 4751 742 4804 δὲ
801 4752 864 4805 τὸ
914 4752 979 4805 ἐκ
1041 4752 1141 4823 τῆς
1201 4752 1502 4824 ὑπεροψίας
1558 4751 1810 4822 ἔγκλημα

216 4842 413 4906 τιθεὶς,
444 4842 754 4911 ἀναγκαίως
800 4843 1044 4914 εἰσφέρει
1095 4842 1191 4897 τοῦ
1240 4845 1372 4899 ίδίου
1418 4844 1713 4916 προσώπου
1752 4843 1813 4896 τὸ

218 4933 542 5003 περιφανές.
581 4934 672 4985 Ἐν
704 4932 812 5003 γὰρ
841 4932 905 5003 δὴ
960 4931 1029 5003 τῷ
1073 4932 1297 5005 τοιούτῳ
1322 4934 1597 5005 Θεωρήσαι
1633 4952 1717 4996 τις
1745 4933 1811 4987 ἂν

217 5028 281 5078 τὸ
310 5027 411 5096 τῆς
438 5023 939 5096 ταπεινοφροσύνης
968 5024 1298 5098 ἀσύγκριτον
1324 5028 1573 5097 μέγεθος.
1609 5027 1681 5080 Τὸ
1713 5026 1812 5098 μὲν

219 5117 331 5189 γὰρ
360 5118 420 5185 ἐξ
451 5116 646 5170 ἑαυτοῦ
674 5115 1096 5187 χαμαιρῤιφέςῆ
1126 5116 1219 5170 καὶ
1246 5118 1304 5172 ἐν
1322 5116 1399 5188 τῷ
1428 5118 1617 5187 μηδενὶ
1634 5134 1822 5186 τεταγ-

221 5209 406 5277 μένον,
459 5209 603 5262 mea:
668 5212 819 5261 ποῖον
868 5206 935 5261 ἂν
983 5208 1488 5280 κατασμικρυνθείη
1532 5206 1817 5278 τρόπον,ἢ

216 5301 343 5352 ὅποι
371 5299 616 5369 χωρήσει
644 5298 705 5351 τὸ
736 5300 888 5352 κάτω
927 5300 1199 5372 κείμενον;
1227 5298 1501 5370 θεωρῆσαι
1528 5297 1638 5368 γὰρ
1663 5296 1822 5350 τοῦτο

220 5391 318 5443 καὶ
350 5392 400 5443 εἰ
431 5393 507 5461 μή
528 5407 581 5443 τι
610 5390 670 5444 τὸ
697 5392 1084 5456 καταϐιϐάζειν
1113 5392 1319 5446 ἄνωθεν
1352 5392 1616 5461 πεφυκός.
1667 5391 1740 5444 Τὸ
1763 5390 1819 5443 δὲ

219 5485 281 5536 ἐν
308 5480 437 5551 ὕψει
484 5481 879 5553 θεωρούμενον,
916 5485 973 5536 ἐν
1022 5483 1263 5554 ταπεινῷ
1311 5483 1552 5553 γεγονὸς,
1599 5482 1812 5550 θαυμά-

220 5574 398 5638 ζεταιο
435 5573 642 5644 κατέϐη
676 5574 784 5645 γὰρ
822 5577 898 5637 εἰς
941 5575 1081 5646 ὅπερ
1108 5574 1208 5628 οὐκ
1236 5571 1677 5646 ἦν.Ἀναγκαίως
1710 5591 1818 5626 τοι·

220 5661 431 5732 ταροῦν
490 5661 583 5715 καὶ
615 5663 643 5714 6
674 5662 878 5734 Κύριος
910 5664 1065 5732 ἠιιῶν
1105 5666 1311 5736 Ἰησοῦς
1359 5669 1385 5718 6
1430 5665 1661 5736 Χριστδς
1706 5666 1817 5726 τοῖς

311 5844 354 5874 ’τ
404 5841 603 5898 Ezech.
639 5857 806 5911 xvtu,
844 5842 933 5899 32.

1982 3634 2119 3697 XIII,
2153 3631 2343 3687 12-15.
2382 3630 2675 3699 Postquam
2708 3643 2832 3696 ergo
2866 3623 2993 3677 lavit
3025 3619 3180 3691 pedes
3209 3635 3414 3680 eorum,
3452 3625 3505 3671 et

1907 3729 2104 3795 accepit
2123 3725 2440 3779 vestimenta
2463 3737 2585 3782 sua,
2618 3735 2737 3773 cum
2761 3715 3087 3770 recubuisset
3124 3713 3340 3773 iterum,
3367 3710 3505 3763 dixit

1909 3816 1984 3869 eis
2009 3831 2027 3868 :
2059 3813 2219 3869 Scitis
2249 3810 2375 3883 quid
2407 3809 2624 3879 fecerim
2656 3806 2801 3861 vobis
2822 3807 2847 3858 ?
2887 3804 2989 3857 Vos
3017 3803 3220 3857 vocatis
3249 3818 3351 3865 me,
3387 3798 3507 3852 Ma-

1912 3908 2078 3979 gister
2108 3914 2158 3960 et
2195 3902 2480 3967 Dominus,
2515 3909 2566 3955 et
2606 3899 2733 3952 bene
2766 3896 2945 3951 dicitis
2973 3912 2991 3949 :
3036 3911 3156 3949 sum
3203 3894 3410 3948 etenim.
3446 3891 3507 3946 Si

1911 4015 2037 4069 ergo
2061 3998 2170 4051 lavi
2200 3995 2356 4066 pedes
2390 4002 2592 4047 vestros
2635 3991 2897 4044 Dominus
2934 3995 2983 4042 et
3016 3985 3297 4056 Magister,
3324 3994 3371 4038 et
3418 4000 3507 4037 vos

1912 4091 2106 4146 debetis
2147 4091 2285 4145 alter
2331 4088 2554 4142 alterius
2584 4086 2764 4139 lavare
2791 4082 2967 4152 pedes.
2999 4079 3319 4147 Exemplum
3364 4078 3503 4131 enim

1911 4184 2032 4238 dedi
2068 4183 2234 4244 vobis,
2262 4191 2320 4236 ut
2351 4178 2799 4253 quemadmodum
2848 4192 2942 4246 ego
2990 4174 3092 4243 feci
3123 4171 3290 4226 vobis.
3335 4171 3411 4223 ita
3454 4178 3504 4222 et

1913 4290 2002 4329 vos
2034 4275 2274 4346 faciatis.

1978 4461 2077 4515 Rei
2113 4470 2340 4513 causam
2402 4458 2593 4521 aperte
2642 4447 2758 4517 jam
2786 4442 3020 4515 profert,
3047 4449 3104 4495 et
3148 4441 3504 4510 incompara-

1844 4573 1887 4628 υ
1916 4553 2048 4609 bilis
2088 4543 2427 4604 humilitatis
2455 4539 2772 4609 exemplum
2822 4534 2890 4589 ad
2924 4544 3171 4588 nostram
3206 4531 3506 4586 utilitatem

1917 4642 2261 4715 propositum
2288 4636 2391 4700 ait,
2427 4628 2809 4687 inexcusabile
2842 4640 2973 4680 vero
2997 4623 3267 4693 superbiae
3298 4622 3509 4675 crimen

1917 4713 2195 4795 asserens,
2225 4725 2545 4783 necessario
2569 4736 2685 4778 suae
2711 4733 2963 4790 personae
2985 4716 3295 4771 claritatem
3320 4713 3506 4768 infert.
3612 4764 3615 4769 ,

1916 4826 1975 4881 ln
2012 4826 2119 4880 hoc
2144 4826 2292 4879 enim
2331 4815 2668 4873 humilitatis
2701 4808 3158 4881 incomparabilis
3188 4806 3511 4877 magnitudo

1918 4915 2287 4989 conspicitur.
2328 4910 2461 4965 Nam
2514 4906 2665 4979 quod
2726 4921 2795 4960 ex
2847 4906 3032 4972 seipso
3090 4909 3372 4955 terrenum
3426 4907 3513 4954 est

1919 5021 2087 5083 atque
2135 5009 2436 5078 abjectum,
2492 4999 2773 5072 quomodo
2825 4994 3109 5050 humiliari
3149 5001 3351 5064 potest,
3414 5002 3511 5049 aut

1918 5118 2160 5178 quonam
2197 5101 2477 5156 abiturum
2507 5106 2594 5152 est
2636 5092 2780 5164 quod
2813 5090 2956 5146 infra
2985 5090 3154 5160 jacet,
3191 5102 3295 5143 nec
3351 5086 3511 5141 aliter

1920 5216 1948 5253 a
1985 5206 2184 5254 natura
2220 5197 2601 5261 comparatum
2633 5194 2741 5253 est,
2784 5199 2951 5255 quam
2984 5190 3046 5237 ut
3076 5196 3317 5252 superne
3350 5180 3513 5234 deor-

1920 5304 2041 5344 sum
2102 5283 2335 5342 tendat?
2376 5281 2484 5337 Sed
2538 5278 2794 5349 quisquis
2867 5277 2922 5330 in
2975 5275 3089 5330 alto
3123 5279 3426 5343 spectatur,
3462 5272 3509 5325 si

1921 5380 2221 5450 depressus
2252 5373 2441 5436 fuerit,
2472 5369 2823 5426 admirationi
2854 5376 2977 5423 est:
3011 5366 3065 5419 in
3100 5365 3156 5418 id
3187 5366 3332 5417 enim
3362 5361 3509 5431 quod

1925 5489 2034 5527 non
2088 5478 2205 5526 erat
2267 5464 2580 5523 descendit.
2611 5459 2944 5519 Necessario
2996 5459 3178 5526 itaque
3243 5454 3509 5509 Dominus

1926 5573 2113 5621 uoster
2168 5560 2331 5617 Jesus
2363 5558 2624 5614 Christus
2680 5554 2800 5611 suis
2864 5549 3176 5620 discipulis,
3238 5548 3347 5601 imo
3378 5563 3510 5601 vero

1927 5673 2022 5725 per
2053 5654 2176 5709 illos
2232 5650 2453 5707 cunctis
2516 5648 2847 5705 mortalibus
2901 5642 3128 5699 tradens
3178 5640 3508 5696 humilitatis
