3882 6206
417 357 523 420 123

1427 362 1484 416 S.
1513 359 1792 416 CYRILLI
1827 358 2296 418 ALEXANDRINI
2320 360 2641 418 ARCHIEP.

3554 365 3664 422 ιω

412 477 828 539 documentum,
858 488 965 529 non
992 474 1317 545 simpliciter
1349 476 1425 529 ait
1456 496 1467 531 :
1516 476 1990 542 Quemadmodum

2098 473 2292 528 ἑαυτοῦ
2346 474 2635 546 μαθηταῖς,
2685 472 2883 544 μᾶλλον
2927 475 2983 527 δὲ
3025 474 3090 528 δι’
3124 475 3345 533 ἐκείνων
3395 481 3505 542 τοῖς
3572 483 3681 536 ἀνά

412 582 517 639 ego
546 566 652 620 lavi
684 566 852 636 pedes
890 575 1137 632 vestros,
1190 568 1271 622 sic
1300 574 1353 622 et
1385 583 1484 624 vos
1518 567 1698 623 facere
1735 569 1945 624 debetis
1971 589 1984 624 :

415 654 513 711 sed
564 657 749 726 potius
792 655 1114 726 dignitatem
1161 672 1317 711 suam
1348 659 1501 729 prius
1533 660 1791 728 explicat,
1847 668 1903 715 et
1958 677 1989 715 a

414 757 615 803 natura
660 748 766 803 sibi
818 749 1040 804 insitam
1077 749 1421 806 nobilitatem
1464 766 1807 822 proponens,
1868 754 2011 823 ipsa,

415 856 478 896 re
531 841 713 896 itanis
765 842 954 912 gloria
990 842 1224 913 cupidos
1257 842 1572 900 confundit.
1611 863 1629 895 ι
1668 844 1778 900 Vos
1815 846 1983 912 enim,

416 935 620 1005 inquit,
652 935 864 993 vocatis
902 951 989 991 me
1059 934 1326 991 Dominus
1373 944 1429 990 et
1457 936 1735 1007 Magister,
1764 946 1820 992 et
1850 937 1989 992 bene

342 1025 347 1029 ’
415 1025 623 1085 dicitis.
660 1043 781 1082 sum
839 1028 1063 1083 etenim.
1103 1046 1124 1079 ›
1159 1027 1403 1083 Observa
1452 1036 1633 1084 autem
1664 1044 1775 1099 quo
1829 1040 1989 1099 pacto

416 1116 628 1171 interea
661 1116 790 1171 dum
822 1116 1086 1186 loquitur,
1115 1116 1465 1173 adificationi
1497 1132 1717 1188 quoque
1753 1118 1987 1173 creden-

414 1206 551 1260 tium
580 1208 884 1277 provideat,
914 1218 969 1263 et
999 1208 1291 1278 impiorum
1330 1209 1710 1263 hareticorum
1741 1212 1987 1279 linguam

414 1296 729 1365 petulantia
767 1298 979 1366 plenam
1012 1314 1123 1353 non
1151 1300 1392 1369 ignoret.
1433 1300 1569 1355 Cum
1604 1302 1749 1356 enim
1787 1303 1856 1356 ad
1905 1303 1990 1357 di-

415 1387 663 1456 scipulos
699 1402 831 1443 suos
870 1389 1112 1444 dixerit:
1157 1409 1175 1442 ι
1214 1389 1326 1446 Vos
1356 1394 1566 1447 vocatis
1606 1409 1692 1449 me
1722 1393 1989 1453 Dominus

411 1486 468 1533 et
493 1478 773 1549 Magister,
801 1500 819 1533 ι
861 1496 932 1536 ne
972 1483 1098 1551 quis
1128 1483 1471 1539 existimaret
1513 1496 1711 1541 natura
1765 1488 1985 1557 quidem

415 1571 594 1639 ipsum
641 1587 751 1625 non
792 1586 918 1628 esse
957 1572 1246 1628 Dominum
1296 1591 1474 1647 neque
1506 1576 1854 1649 Magistrum,
1892 1582 1985 1636 sed

413 1668 676 1732 tanquam
711 1662 939 1719 honoris
985 1664 1105 1718 loco
1139 1664 1344 1721 habere
1406 1668 1551 1725 hanc
1606 1684 1637 1722 a
1695 1670 1989 1741 discipulis

414 1754 864 1823 appellationem,
898 1759 1216 1813 necessario
1266 1759 1501 1825 addidit,
1548 1761 1769 1816 illorum
1807 1766 1988 1835 suspi-

2090 567 2268 619 πᾶσαν
2316 565 2415 635 τὴν
2459 563 2564 633 γῆν
2621 564 2680 617 τὸ
2734 564 2833 634 τῆς
2894 568 3390 640 ταπεινοφροσύνης
3444 571 3681 641 μαθημα

2088 655 2282 721 διδοὺς,
2335 656 2429 725 οὑχ
2479 655 2663 718 ἁπλῶς
2720 672 2904 727 φησιν,
2959 658 3042 709 ὅτι
3091 658 3299 731 Ὠσπερ
3352 659 3461 728 ἐγὼ
3516 661 3682 729 ἔνιψα

2090 747 2243 817 ὑμῶν
2270 747 2397 809 τοὺς
2441 747 2628 812 πόδας,
2662 746 2804 800 οὑτω
2850 748 2943 801 καὶ
2987 749 3143 818 ὑμεῖς
3182 749 3424 817 ὀφείλετε
3464 756 3675 805 ποιεῖν·

2090 838 2569 910 προεξηγεῖταιδὲ
2612 838 2809 908 μᾶλλον
2853 839 2914 892 τὸ
2966 838 3095 893 ἴδιον
3142 838 3376 910 ἀξίωμα,
3433 844 3528 896 καὶ
3576 845 3683 912 τὴν

2089 930 2497 1001 ἐνυπάρχουσαν
2556 929 2704 1001 αὑτῷ
2767 931 3005 1002 φυσικὴν
3052 931 3302 986 εὔκλειαν
3357 934 3685 1005 παρατιθεὶς

2088 1021 2432 1092 δυσωπεῖτῷ
2461 1022 2744 1092 πράγματι
2796 1024 2887 1076 τὸν
2927 1023 3219 1091 φιλόδοξον.
3252 1044 3271 1076 ι
3316 1025 3504 1095 Ὑμεῖς
3543 1027 3683 1096 γάρ,

2089 1113 2272 1183 φησὶν,
2306 1114 2460 1166 αὐτοὶ
2487 1113 2702 1166 καλεῖτέ
2735 1131 2823 1183 με,
2867 1116 2895 1167 6
2922 1114 3125 1185 Κύριος
3151 1118 3245 1170 καὶ
3267 1120 3295 1169 6
3320 1117 3683 1181 Διδάσκαλος,

2089 1206 2184 1258 καὶ
2230 1205 2411 1269 καλῶς
2452 1205 2660 1274 λέγετε,
2707 1207 2823 1276 εἰμὶ
2872 1207 2999 1277 γάρ.
3040 1226 3057 1258 ι
3099 1208 3378 1279 Ἐπιτήρει
3423 1209 3480 1263 δὲ
3527 1210 3685 1272 ὅπως

2089 1298 2185 1350 καὶ
2232 1298 2432 1368 μεταξὺ
2475 1297 2570 1350 τοῦ
2620 1297 2784 1365 λόγου
2834 1299 2934 1368 τῆς
2978 1298 3086 1351 τῶν
3138 1301 3501 1355 πιστευόντων
3538 1318 3685 1372 προ-

2089 1390 2309 1460 ενόησεν
2345 1391 2655 1462 οἰκοδομῆς,
2691 1393 2786 1444 καὶ
2835 1391 2932 1454 τὰς
2977 1391 3085 1445 τῶν
3117 1394 3347 1447 ἀνοσίων
3380 1395 3682 1466 αἱρετικῶν

2087 1485 2189 1536 οὑκ
2227 1483 2466 1554 ἠγνόησε
2514 1483 2916 1553 γλωσσαλγίας.
2957 1485 3173 1555 Ἐπειδὴ
3233 1487 3342 1557 γὰρ
3384 1487 3488 1558 ἔφη
3538 1489 3681 1558 πρὸς

2087 1580 2211 1642 τοὺς
2247 1578 2439 1631 ἑαυτοῦ
2479 1576 2753 1648 μαθητάς·
2801 1598 2819 1628 ι
2867 1577 3055 1647 Ὑμεῖς
3110 1577 3324 1631 καλεῖτὲ
3361 1596 3446 1648 με,
3488 1580 3518 1631 6
3562 1579 3684 1632 Κὺο

2093 1686 2204 1740 ριος
2232 1671 2325 1722 καὶ
2355 1673 2383 1723 6
2401 1669 2750 1733 Διδάσκαλος,
2779 1689 2797 1720 ι
2831 1670 2916 1723 ἵνα
2953 1670 3026 1739 μή
3050 1686 3135 1733 τις
3165 1669 3342 1740 οἴηται
3376 1670 3535 1739 φύσει
3576 1673 3682 1741 μὲν

2088 1762 2250 1816 αὑτὸν
2275 1763 2374 1814 οὑκ
2408 1757 2547 1814 εἶναι
2575 1762 2778 1832 Κύριον
2804 1761 2926 1814 οὐδὲ
2953 1760 3288 1828 διδάσκαλον,
3312 1762 3454 1832 ἔχειν
3475 1780 3540 1830 γε
3569 1763 3683 1832 μὴν

414 1844 603 1902 ciones
630 1854 905 1916 evertens,
936 1867 955 1901 ι
995 1847 1060 1903 Ει
1097 1850 1237 1905 bene
1266 1851 1495 1907 dicitis:
1533 1868 1654 1908 sum
1696 1855 1919 1910 etenim.
1962 1875 1981 1908 ι

2091 1852 2163 1917 ὡς
2210 1856 2266 1906 ὲν
2305 1854 2459 1920 τάξει
2506 1824 2678 1924 τιμῆς
2726 1851 2876 1925 παρὰ
2922 1852 3031 1906 τῶν
3080 1824 3372 1923 ἐσομένων·
3403 1824 3682 1924 αὑτῷ-την

413 1934 527 1991 Nec
563 1938 708 1991 enim
742 1939 947 1993 nudum
973 1941 1205 1997 honoris
1233 1957 1434 1999 nomen
1458 1944 1695 2015 adeptus
1719 1955 1803 2002 est
1829 1948 1983 2014 illud,

418 2027 699 2096 Dominus,
721 2032 882 2088 sicuti
908 2048 1033 2098 nos,
1058 2036 1150 2105 qui
1177 2035 1366 2091 famuli
1400 2054 1748 2096 remanemus
1769 2052 1985 2109 natura,

414 2124 669 2191 quamvis
700 2140 796 2194 per
851 2126 1012 2198 727
1064 2130 1298 2200 gratiam
1351 2132 1537 2201 dignis
1590 2135 1908 2190 nominibus
1935 2143 1989 2191 et

415 2220 669 2266 naturam
724 2217 1115 2275 excedentibus
1165 2220 1462 2277 illustrati:
1508 2223 1603 2279 sed
1655 2233 1739 2280 est
1788 2234 1987 2282 natura

414 2300 700 2371 Dominus,
734 2307 1007 2366 universis
1039 2310 1209 2366 rebus
1252 2312 1563 2383 imperans,
1600 2324 1660 2371 ut
1702 2316 1865 2380 Deus,
1921 2319 1987 2374 ad

412 2408 577 2463 quem
606 2395 811 2451 dictum
843 2407 928 2455 est
975 2401 1179 2457 alicubi
1236 2418 1370 2459 voce
1408 2403 1752 2464 Psalmista:
1794 2429 1812 2461 ‹
1851 2410 1987 2477 Quia

411 2486 597 2539 omnia
626 2488 879 2543 serviunt
914 2490 1013 2545 tibi
1036 2492 1103 2546 ⁷⁸.
1141 2510 1161 2544 ι
1201 2490 1299 2549 Est
1330 2503 1515 2550 autem
1545 2507 1599 2552 et
1643 2507 1839 2554 natura
1874 2518 1988 2557 nia-

410 2577 621 2647 gister:
674 2582 856 2638 omnis
889 2584 1035 2637 enim
1073 2586 1352 2657 sapientia
1413 2599 1498 2645 est
1563 2606 1592 2644 a
1651 2592 1899 2660 Domino,
1936 2606 1989 2650 et

411 2670 591 2726 omnis
643 2671 1003 2745 intelligentia
1040 2692 1136 2747 per
1192 2680 1395 2748 ipsum.
1455 2680 1793 2753 Sapientiam
1841 2687 1987 2742 enim

412 2760 552 2815 indit
601 2763 913 2832 spiritibus,
966 2774 1026 2820 ut
1081 2770 1378 2839 sapientia,
1420 2784 1475 2829 et
1528 2779 1676 2829 omni
1724 2787 1989 2835 creatura

412 2854 689 2920 rationali,
726 2857 938 2914 caelesti
966 2874 1031 2914 ac
1068 2867 1304 2918 terrena
1330 2867 1740 2922 convenientem
1774 2870 1988 2925 intelle-

411 2953 562 3000 ctum
601 2946 812 3003 inserit.
864 2949 1341 3015 Quemadmodum
1383 2959 1529 3013 enim
1567 2959 1686 3030 ipse
1742 2977 1865 3015 cum
1915 2962 1987 3017 sit

412 3038 717 3093 secundum
744 3051 998 3095 naturam
1028 3045 1167 3109 vita,
1196 3048 1379 3102 omnia
1411 3050 1537 3105 vita
1572 3055 1799 3122 capacia
1846 3055 1986 3109 vivi-

2090 1945 2445 2014 ἐπωνυμίαν,
2512 1943 2826 2012 ἀναγκαίως
2883 1943 3235 2014 προστέθεικε
3294 1943 3391 2007 τὰς
3449 1946 3681 1998 ἐκείνων

2089 2037 2325 2108 ἀναιρῶν
2349 2036 2618 2102 ὑπονοίας,
2658 2037 2810 2107 (Καὶ
2858 2035 3041 2099 καλῶς
3088 2035 3294 2104 λέγετε·
3338 2036 3452 2106 εἰμὶ
3482 2036 3612 2108 γάρ.
3654 2054 3673 2087 ι

2089 2130 2164 2182 Οὐ
2208 2129 2317 2200 γὰρ
2350 2127 2504 2197 ψιλὸν
2557 2127 2727 2198 ὄνομα
2784 2127 3045 2195 κέκτηται
3096 2127 3262 2198 τιμῆς
3311 2127 3391 2193 τὸ,
3437 2129 3677 2196 Κύριος,

2088 2221 2341 2291 καθάπερ
2372 2220 2534 2290 ἡμεῖς
2584 2218 2793 2272 οἰκέται
2843 2218 3095 2289 μένοντες
3133 2216 3230 2287 τὴν
3265 2218 3446 2285 φύσιν,
3477 2218 3681 2290 λελαμ-

2090 2312 2393 2384 πρυσμένοι
2425 2327 2488 2378 γε
2521 2309 2629 2381 μὴν
2657 2309 2797 2363 κατά
2817 2309 2977 2381 χάριν
2998 2313 3112 2373 τοῖς
3143 2309 3283 2381 ὑπὲρ
3315 2310 3475 2379 φύσιν
3494 2327 3553 2364 τε
3581 2310 3685 2365 καὶ

2087 2404 2259 2470 ἀξίοις
2293 2404 2578 2474 ὀνόμασιψ
2628 2401 2744 2456 ἀλλ’
2785 2401 2900 2455 ἐστι
2942 2405 3007 2472 τῇ
3057 2402 3217 2472 φύσει
3264 2402 3488 2473 Κύριος,
3539 2419 3677 2456 κατ-

2089 2497 2411 2562 εξουσιάζων
2441 2496 2549 2549 τῶν
2600 2495 2758 2557 ὅλων,
2784 2494 2859 2559 ὼς
2893 2494 3046 2561 Θεὸς,
3074 2495 3208 2564 πρὸς
3240 2494 3299 2549 ὃν
3328 2495 3543 2565 εἴρηταί
3572 2511 3676 2546 που

2087 2589 2175 2643 διὰ
2218 2589 2317 2658 τῆς
2345 2586 2438 2640 τοῦ
2476 2586 2773 2656 ψάλλοντος
2806 2585 3021 2655 φωνῆς·
3059 2605 3076 2636 ι
3112 2586 3235 2637 Ὅτι
3277 2585 3344 2638 τὰ
3384 2585 3679 2655 σύμπαντα

2086 2680 2250 2734 δοῦλά
2279 2697 2392 2732 σου.
2426 2697 2447 2731 ι
2484 2678 2637 2731 Ἐστι
2666 2677 2723 2730 δὲ
2746 2680 2812 2748 τῇ
2843 2676 3002 2746 φύσει
3033 2678 3125 2729 καὶ
3151 2676 3504 2739 διδάσκαλοςο
3530 2678 3679 2728 πᾶσα

2088 2772 2196 2844 γὰρ
2228 2771 2388 2839 σοφία
2417 2769 2570 2841 παρά
2596 2768 2825 2840 Κυρίου,
2849 2770 2943 2821 καὶ
2966 2770 3115 2823 πᾶσα
3149 2768 3363 2832 σύνεσις
3391 2767 3455 2820 δι’
3482 2767 3675 2821 αὑτοῦ.

2088 2865 2251 2932 Σοφοῖ
2292 2862 2401 2934 γὰρ
2428 2862 2504 2923 ὼς
2548 2860 2708 2928 σοφία
2742 2861 2812 2914 τὰ
2858 2860 3045 2930 νοητά,
3078 2859 3171 2912 καὶ
3218 2858 3365 2931 πάσῃ
3400 2859 3575 2911 κτίσει
3608 2861 3687 2931 τῇ,

2087 2954 2301 3026 λογικῇ,
2334 2951 2642 3023 ἐπουρανίῳ
2668 2968 2728 3004 τε
2766 2952 2862 3004 καὶ
2890 2950 3115 3018 ὲπιγείῳ
3141 2950 3237 3021 τὴν
3267 2952 3404 3021 αὐτῇ
3432 2950 3676 3021 πρέπου-

2091 3064 2189 3102 σαν
2241 3046 2515 3118 ὲνσπείρει
2568 3043 2807 3098 σύνεσιν.
2841 3044 3048 3115 Ὄνπερ
3099 3042 3207 3114 γὰρ
3261 3044 3462 3112 τρόπον
3516 3042 3678 3105 αὑτὸς

414 3128 559 3195 fleat,
595 3130 670 3185 ita
704 3147 827 3187 cum
867 3133 940 3189 sit
972 3135 1091 3205 ipse
1129 3138 1400 3207 sapientia
1459 3140 1673 3207 Patris,
1731 3146 1988 3203 omnibus

2091 3139 2348 3209 ὑπάρχων
2378 3139 2411 3207 ἡ
2450 3133 2592 3189 κατὰ
2619 3134 2779 3205 φύσιν
2827 3134 2962 3204 ζωὴ,
3012 3133 3270 3201 ζωογονεῖ
3310 3132 3377 3185 τὰ
3406 3132 3581 3186 πάντα
3612 3133 3681 3185 τὰ

414 3220 556 3276 indit
588 3223 869 3293 sapientia
893 3226 1058 3293 dona,
1094 3244 1315 3284 sensum
1342 3232 1599 3288 videlicet
1656 3243 1709 3289 et
1762 3251 1977 3292 omnem

413 3316 780 3385 cognitionem
818 3318 1113 3374 bonorum.
1146 3322 1355 3377 Natura
1381 3326 1567 3394 itaque
1598 3329 1983 3385 universorum

413 3404 678 3465 Dominus
708 3418 792 3464 est
823 3426 889 3467 ac
947 3414 1208 3484 magister
1237 3415 1433 3473 Filius.
1470 3417 1606 3473 Cum
1668 3436 1767 3491 ego
1797 3422 1983 3491 igitur,

414 3497 611 3569 inquit,
664 3510 847 3557 tantus
882 3502 937 3557 in
977 3504 1172 3574 gloria,
1206 3506 1276 3560 ad
1334 3515 1541 3562 tantam
1581 3526 1669 3565 me
1701 3511 1986 3569 demittere

414 3590 777 3649 humilitatem
805 3610 914 3650 non
946 3596 1047 3652 sim
1108 3596 1456 3669 dedignatus,
1499 3608 1559 3654 ut
1592 3602 1758 3656 etiam
1819 3604 1987 3673 pedes

413 3690 630 3740 vestros
657 3684 907 3751 laverim,
931 3687 1209 3757 quomodo
1238 3706 1340 3745 vos
1361 3694 1635 3748 recusatis
1660 3694 1799 3749 alter
1828 3696 1986 3751 alteri

414 3770 471 3826 id
499 3770 719 3829 facere?
746 3773 823 3829 Ex
868 3776 955 3832 his
990 3786 1173 3833 autem
1208 3778 1371 3836 docet
1425 3799 1533 3837 non
1566 3784 1767 3841 debere
1796 3802 1990 3857 quem-

416 3879 582 3933 quam
620 3874 810 3920 contra
845 3869 1076 3922 aliorum
1130 3870 1398 3928 honorem
1448 3876 1752 3933 insolenter
1782 3880 1986 3945 efferri,

418 3956 513 4011 sed
582 3956 905 4015 existimare
943 3976 1269 4018 conservum
1313 3967 1651 4035 superiorem
1715 3985 1873 4035 esse,
1935 3980 1991 4026 et

2087 3230 2233 3299 ζωῆς
2258 3226 2503 3288 δεκτικὰ,
2534 3226 2707 3290 οὑτως
2754 3225 2986 3297 ἐπείπερ
3028 3225 3188 3288 αὑτός
3241 3225 3387 3277 ἐστιν
3430 3226 3463 3293 ἡ
3516 3226 3680 3294 σοφία

2084 3324 2178 3377 τοῦ
2210 3323 2442 3394 Πατρὺς,
2473 3323 2639 3376 πᾶσιν
2672 3322 2912 3392 ἐντίθησι
2945 3322 3014 3375 τά
3052 3320 3244 3390 σοφίας
3266 3320 3437 3391 δῶρα,
3472 3322 3680 3392 φρόνηο

2089 3433 2171 3469 σιν
2200 3414 2438 3485 δηλονότι
2489 3414 2583 3467 καὶ
2611 3414 2792 3467 πᾶσαν
2821 3412 3027 3483 εἴδησιν
3071 3410 3312 3479 ἀγαθῶν.
3355 3411 3522 3464 Φύσει
3568 3428 3681 3464 τοι-

2086 3506 2291 3576 γαροῦν
2314 3506 2424 3560 τῶν
2448 3505 2586 3559 ὅλων
2623 3504 2827 3575 Κύριός
2857 3502 3091 3558 ἐστικαὶ
3122 3502 3437 3564 διδάσκαλος
3462 3504 3491 3555 6
3522 3503 3676 3565 Υίός.

2089 3603 2220 3655 Ὅτε
2276 3599 2457 3653 τοίνυν
2503 3600 2533 3652 6
2599 3598 2772 3670 μέγας
2838 3598 2895 3651 ὲν
2933 3597 3081 3667 δόξῃ,
3119 3596 3212 3649 καὶ
3263 3594 3514 3657 τοσοῦτος
3566 3593 3687 3663 ἐγὼ

2088 3693 2225 3765 πρὸς
2244 3692 2342 3763 τὴν
2361 3691 2504 3746 οὑτω
2549 3689 2901 3761 μικροπρεπῆ
2934 3686 3307 3743 καθικνεῖσθαι
3348 3687 3683 3739 ταπείνωσιν

2089 3786 2148 3839 οὑ
2191 3785 2533 3854 κατοκνήσας
2576 3782 2860 3852 φαίνομαι,
2906 3780 2982 3844 ὡς
3034 3780 3129 3834 καὶ
3173 3781 3299 3843 τοὺς
3332 3779 3484 3848 ὑμῶν
3533 3780 3679 3834 ἀπο-

2090 3873 2238 3943 νίψαι
2290 3872 2474 3939 πόδας,
2530 3873 2649 3935 πῶς
2703 3871 2769 3925 ἂν
2826 3870 2905 3923 ἔτι
2950 3872 3044 3924 καὶ
3085 3872 3260 3941 ὑμεῖς,
3294 3870 3448 3940 φησὶ,
3479 3888 3683 3940 παραι-

2089 3965 2268 4020 τεῖσθε
2302 3965 2549 4034 ἀλλήλοις
2593 3965 2805 4030 ποιεῖν;
2837 3962 3088 4017 Διδάσκει
3134 3963 3189 4016 δὲ
3226 3962 3317 4015 διὰ
3352 3962 3583 4023 τούτων,
3620 3963 3682 4015 τὸ

417 4046 613 4115 quavis
671 4048 726 4103 in
786 4065 844 4105 re
896 4054 1347 4122 praeponendum.
1408 4054 1739 4112 Praciarum
1799 4061 1990 4131 utique

2095 4057 2170 4125 μὴ
2202 4056 2299 4125 τῆς
2340 4056 2541 4127 ἐτέρων
2579 4055 2745 4125 τιμῆς
2780 4052 3306 4114 καταλαζονεύεσθαι
3338 4052 3532 4121 φιλεῖν,
3562 4051 3681 4103 ἀλλ’

418 4138 804 4195 documentum
834 4160 849 4196 :
886 4144 1144 4200 modestae
1172 4147 1317 4202 enim
1348 4150 1513 4204 menti
1547 4161 1601 4205 et
1633 4166 1755 4221 qua
1787 4151 1990 4209 fastum

2093 4145 2426 4215 ὑπερφέρειν
2455 4144 2618 4198 αὑτοῦ
2648 4144 2738 4196 καὶ
2759 4142 3121 4214 προτετάχθαι
3162 4142 3305 4196 κατὰ
3358 4143 3465 4195 πᾶν
3499 4143 3682 4195 ὁτιοῦν

418 4241 734 4288 contemnat
777 4235 913 4289 nihil
953 4245 1038 4291 est
1075 4240 1533 4308 comparandum,
1581 4252 1636 4298 et
1674 4244 1809 4305 nihil
1839 4262 1990 4315 aque

2092 4236 2296 4291 οῖεσθαι
2321 4236 2411 4290 τὸν
2437 4235 2741 4307 ὁμόδουλον.
2787 4234 2963 4288 Καλόν
2986 4251 3049 4302 γε
3087 4234 3289 4305 σφόδρα
3319 4233 3378 4285 τὸ
3407 4232 3640 4304 μάθημα
3664 4249 3677 4261 ·

423 4323 619 4380 fratres
655 4336 707 4380 et
741 4328 951 4383 amicos
977 4329 1122 4384 inter
1150 4346 1209 4385 se
1244 4332 1457 4398 dividit,
1512 4350 1575 4388 ac
1626 4337 1843 4392 misera
1877 4341 1990 4411 glo-

2096 4329 2438 4401 φρονὴματος
2493 4328 2600 4398 γὰρ
2650 4327 3044 4396 ἀφιλοκομπεῖν
3112 4325 3363 4389 εἰωθότος
3438 4325 3539 4377 οὑκ
3591 4325 3681 4385 ἂν.

421 4415 577 4470 riola
610 4415 886 4486 impotens
938 4418 1127 4473 libido.
1181 4418 1408 4491 Semper
1437 4422 1582 4476 enim
1637 4426 1781 4493 quod
1814 4426 1990 4494 majus

2095 4416 2268 4491 οἶμαι,
2300 4422 2383 4483 τὶς
2413 4418 2676 4483 ἐπιδείξαι
2722 4419 2783 4471 τὸ
2828 4417 2963 4481 ἴσον,
3001 4416 3155 4470 οὐδέν
3186 4434 3245 4469 τε
3272 4415 3415 4469 οὑτω
3446 4415 3680 4487 διίστησι

421 4512 507 4560 est
535 4508 865 4575 appetimus,
899 4515 951 4563 et
981 4510 1107 4562 vani
1160 4510 1285 4565 vita
1316 4511 1482 4581 hujus
1523 4513 1760 4571 honores
1812 4516 1990 4571 lubri-

2096 4514 2190 4567 καὶ
2213 4512 2472 4582 ἀδελφοὺς
2512 4512 2604 4564 καὶ
2645 4510 2855 4580 φίλους,
2887 4510 3017 4579 ὼςή
3048 4508 3155 4562 τῶν
3194 4508 3393 4561 ἀθλίων
3419 4507 3681 4579 δοξαρᾶιιν

423 4612 548 4652 cum
581 4606 834 4654 nostrum
875 4600 1123 4655 animum
1156 4603 1383 4672 adigunt
1417 4611 1477 4657 ut
1504 4605 1835 4662 clarioribus
1877 4624 1990 4663 ma-

2095 4604 2337 4675 ἀκρατὴς
2379 4603 2664 4674 ἐπιθυμία.
2702 4604 2814 4656 Ἀεὶ
2861 4602 2969 4673 γάρ
3008 4619 3125 4664 πως
3172 4601 3233 4654 τὸ
3269 4602 3449 4672 μεῖζον
3491 4600 3678 4671 αἱρού-

423 4689 509 4759 gis
533 4704 599 4745 ac
627 4693 798 4761 magis
822 4692 1016 4748 inliiet.
1053 4694 1125 4750 Ut
1160 4694 1326 4765 igitur
1357 4704 1513 4752 tanto
1548 4700 1739 4754 morbo
1795 4701 1990 4757 libere-

2101 4697 2257 4769 μεθα,
2301 4698 2395 4751 καὶ
2433 4699 2545 4760 τοῖς
2586 4696 2989 4767 λαμπροτέροις
3036 4693 3306 4765 ὲπιπηδᾷν
3344 4695 3397 4747 αἱ
3443 4694 3681 4748 διάκενοι

425 4796 572 4846 mur,
632 4797 697 4836 ac
732 4791 841 4837 tam
887 4785 1261 4841 detestandam
1311 4788 1591 4844 libidinem
1658 4792 2001 4850 excutiamus

425 4867 447 4941 (
472 4870 607 4924 nihil
636 4871 781 4925 enim
812 4872 959 4927 aliud
990 4883 1074 4929 est
1102 4875 1193 4930 ille
1222 4876 1545 4933 ambitionis
1573 4880 1800 4935 morbus
1834 4896 1999 4953 quam

425 4963 779 5033 prastigia),
830 4964 1008 5035 ipsum
1059 4968 1448 5024 universorum
1505 4986 1686 5041 regem
1718 4970 1999 5027 Christum

427 5063 545 5111 toto
578 5057 762 5111 animo
792 5060 1248 5129 complectamur,
1280 5063 1375 5132 qui
1425 5064 1824 5132 discipulorum
1868 5082 2002 5120 suo-

428 5161 549 5201 rum
582 5146 749 5216 pedes
790 5148 996 5204 idcirco
1035 5151 1187 5216 lavit,
1226 5162 1285 5206 ut
1325 5168 1427 5209 nos
1458 5155 1690 5210 invicem
1727 5156 1779 5210 id
1831 5156 2003 5211 facia-

428 5252 574 5292 mus.
611 5236 727 5293 Hoc
752 5241 895 5293 enim
921 5249 1079 5311 pacto
1105 5246 1285 5299 omnis
1313 5247 1584 5314 superbia
1603 5247 1799 5303 modus
1832 5248 2002 5303 inter-

426 5329 702 5394 cludetur,
735 5339 789 5386 et
818 5348 983 5388 omne
1024 5350 1199 5403 genus
1250 5336 1543 5394 mundana
1568 5340 1882 5396 ambitionis
1918 5357 2004 5397 re-

431 5424 689 5492 pelletur.
740 5423 878 5478 Nam
933 5425 978 5480 si
1031 5426 1123 5481 ille
1181 5436 1377 5481 natura
1424 5427 1693 5487 Dominus
1742 5439 2003 5502 tanquam

430 5530 625 5571 servus
650 5514 830 5572 factus
854 5525 960 5583 est,
990 5519 1267 5588 quomodo
1288 5536 1390 5577 nos
1412 5524 1559 5577 servi
1586 5523 1795 5595 aliquid
1826 5526 2005 5582 istius-

430 5606 583 5661 modi
612 5606 756 5663 ferre
784 5609 920 5662 citra
954 5610 1299 5680 gravissima
1328 5627 1501 5684 poma
1552 5614 1856 5683 periculum
1914 5632 2003 5671 rc-

434 5701 714 5756 luamus?

510 5876 557 5909 "
595 5875 743 5936 Psal.
780 5895 943 5936 cxvut
972 5927 985 5952 ,
1023 5882 1109 5938 9i.

2096 4788 2190 4842 τοῦ
2219 4789 2331 4859 βίου
2360 4790 2515 4858 τιμαὶ
2544 4788 2633 4841 τὸν
2663 4786 2938 4840 εὑόλισθον
2968 4785 3127 4856 ἡμῶν
3154 4785 3504 4838 ἀναπείθουσι
3534 4785 3679 4839 νοῦν.

2102 4883 2220 4935 Ἵνα
2260 4882 2436 4935 τοίνυν
2481 4882 2579 4949 τῆς
2617 4879 2874 4949 τοιαύτης
2921 4878 3315 4949 καταλήξωμεν
3353 4877 3531 4941 νόσου,
3586 4881 3682 4930 καὶ

2100 4976 2199 5045 τῆς
2222 4973 2366 5027 οὑτω
2393 4972 2651 5044 βδελυρᾶς
2678 4971 3128 5042 ἀποπαυσώμεθα
3161 4970 3453 5038 ἐπιθυμίας
3476 4971 3687 5041 (ἀπάτη

2099 5067 2227 5136 γὰρ,
2255 5067 2347 5118 καὶ
2383 5065 2471 5118 ’ἐτε
2481 5084 2572 5137 ρον
2598 5064 2749 5117 οὐδὲν
2780 5064 2843 5118 τὸ
2871 5064 3142 5133 φιλόδοξον
3173 5060 3385 5129 πάθος),
3414 5061 3576 5112 αὑτὸν
3605 5065 3683 5125 εἰς

2099 5161 2296 5212 οἰκεῖον
2342 5158 2625 5229 δεχώμεθα
2664 5158 2787 5211 νοῦν
2840 5159 2930 5211 τὸν
2978 5159 3234 5211 ἁπάντων
3290 5153 3514 5224 βασιλέα
3550 5156 3684 5225 Χρι-

2102 5250 2244 5311 στὸν,
2277 5249 2366 5302 διὰ
2406 5249 2564 5302 τοῦτο
2605 5249 2835 5317 νίψαντα
2881 5248 2988 5300 τῶν
3030 5246 3284 5319 μαθητῶν
3324 5246 3449 5307 τοὺς
3495 5243 3683 5307 πόδας,

2101 5342 2187 5395 ἵνα
2216 5343 2308 5395 καὶ
2335 5344 2493 5411 ἡμεῖς
2530 5341 2655 5403 τοὺς
2687 5340 2950 5410 ἀλλήλων.
2992 5340 3089 5393 Διά
3134 5339 3241 5409 γὰρ
3290 5337 3476 5390 τούτου
3521 5336 3681 5388 κολα·

2104 5433 2363 5504 σθήσεται
2396 5432 2493 5502 μὲν
2519 5432 2663 5495 ἆπας
2694 5432 3007 5496 ἀλαζονείας
3049 5431 3266 5501 τρόπος,
3291 5431 3432 5484 ἆπαν
3462 5427 3519 5481 δὲ
3548 5422 3682 5489 εἶδος

2102 5524 2374 5595 κοσμικῆς
2418 5521 2721 5592 φιλοδοξίας
2762 5520 3002 5574 ἐκποδὼν
3052 5522 3350 5590 οἰχήσεται.
3395 5520 3457 5571 Εἰ
3506 5518 3614 5587 γάρ
3656 5519 3682 5568 6

2103 5617 2262 5687 φύσει
2307 5616 2510 5687 Κύριος
2577 5617 2652 5678 ὼς
2695 5614 2931 5683 οἰκέτης,
2976 5611 3092 5675 πῶς
3143 5613 3204 5664 τὸ
3243 5610 3427 5665 δοῦλον
3475 5610 3575 5661 οὑκ
3618 5608 3680 5660 ἂν

2103 5710 2277 5763 ἓλοιτό
2305 5727 2357 5762 τι
2390 5709 2583 5764 παθεῖν
2607 5708 2714 5762 τῶν
2739 5705 2886 5776 αὑτῷ
2918 5705 3404 5776 πρεπωδεστάτων,
3429 5703 3523 5755 καὶ
3562 5702 3680 5771 οὐχὶ

2112 5801 2295 5854 λοιπὸν
2320 5802 2417 5873 τὴν
2445 5799 2668 5855 ἁπασῶν
2697 5798 2931 5870 ἐσχάτην
2956 5797 3188 5870 ἀποτίσῃ
3212 5796 3363 5881 δίκην
3386 5811 3401 5857 ;
