3894 6200
184 386 298 446 125

1281 390 1349 446 IN
1386 388 1673 447 JOANNIS
1711 385 2168 444 EVANGELIUM
2204 387 2333 443 LIB.
2376 386 2467 441 IX.
2518 410 2523 413 -

272 504 477 575 ’Δμὴν,
507 505 669 576 ἀμὴν
701 505 857 577 λέγω
882 507 1042 577 ὑμῖν,
1073 508 1184 563 οὐκ
1214 508 1347 563 ἐστι
1375 508 1594 574 δοῦλος
1626 506 1756 577 μεί-

1928 501 2070 567 ΧΙΙΙ,
2102 504 2190 568 16,
2231 504 2313 557 l7.
2354 504 2522 555 Amen
2557 516 2705 553 amen
2735 500 2853 552 dico
2883 499 3047 561 vobis,
3080 516 3180 553 non
3211 506 3286 553 est
3327 518 3439 555 ser-

175 596 299 658 ζων
335 596 443 651 τοῦ
485 598 697 665 κυρίου
726 600 934 666 αὐτοῦ,
976 600 1119 655 οὐδὲ
1165 602 1507 667 ἀπόστολος
1549 598 1759 671 μείζων

171 686 293 743 τσῦ
316 687 669 757 πέμψαντος
696 689 903 743 αὐτόν.
932 693 995 744 Εἰ
1024 691 1209 745 ταῦτα
1239 690 1462 757 οἴδατε,
1478 689 1761 760 μακάριοί

172 779 344 843 ἐστε,
377 780 487 835 ἐὰν
517 779 724 849 ποιῆτε
748 781 923 836 αὑτά.

254 871 458 942 Νόμοις
492 872 616 944 [Ῐσ.
655 870 877 943 ὅρκοις]
921 871 1110 942 ῶσπερ
1155 871 1476 939 ἀναγκαίοις
1529 869 1760 942 ὀχυροῦν

172 960 375 1014 ιπεται
404 960 640 1032 Χριστὸς
680 960 775 1014 τοῦ
814 962 1210 1032 πεπραγμένου
1243 962 1341 1033 τὴν
1371 960 1621 1030 δύναμιν,
1664 960 1759 1013 καὶ

173 1054 607 1125 σφαλερωτάτην
643 1055 924 1119 παντελῶς
965 1055 1259 1124 ἀποφαίνει
1293 1054 1392 1125 τὴν
1445 1053 1759 1125 παράϐασιν

167 1144 278 1213 τῆς
305 1144 683 1215 σωτηριὼδους
719 1146 958 1214 ἐντολῆς.
1002 1146 1075 1198 Τὸ
1112 1146 1219 1215 γὰρ
1276 1147 1423 1216 ὅρκῳ
1463 1144 1759 1215 βεϐαιωθέν

170 1234 281 1286 οὐκ
303 1234 637 1304 ἀνέγκλητον
673 1234 787 1304 ἔχει
811 1235 910 1305 τὴν
952 1236 1334 1306 παραδρομήν.
1378 1235 1760 1304 Κατηγόρημα

168 1326 392 1388 τοίνυν,
424 1328 623 1397 φησὶν,
670 1327 1081 1397 ἀπροφάσιστον
1125 1329 1239 1389 τοῖς
1274 1326 1517 1388 οἰκέταις
1541 1368 1556 1390 ,
1595 1327 1642 1378 εί
1682 1326 1757 1397 μὴ

168 1418 247 1472 τὰ
276 1419 365 1472 ῑσα
392 1420 609 1489 φρονεῖν
638 1417 873 1472 ἐθέλοιεν
906 1420 1017 1482 τοῖς
1050 1417 1201 1480 ἰδίοις
1224 1417 1530 1479 δεσπόταις.
1565 1415 1758 1468 Πλεον-

170 1512 302 1576 εξία
344 1510 455 1582 γὰρ
498 1512 599 1582 ήδη
633 1512 728 1565 καὶ
756 1511 943 1581 ἕτερον
981 1510 1153 1575 οὐδὲν,
1187 1511 1249 1563 τὸ
1286 1510 1380 1563 τοῦ
1415 1508 1658 1580 μείζονάς
1697 1525 1755 1560 τε

171 1603 275 1658 καὶ
320 1605 463 1676 ὑπὲρ
509 1603 665 1668 ἀξίαν
713 1605 879 1675 ὲρᾷνο
932 1603 1254 1666 ἀποστόλοις
1301 1620 1361 1655 τε
1410 1601 1613 1671 ὁμοίως
1660 1599 1760 1672 τὴν

168 1693 351 1765 αὐτὴν
387 1694 453 1746 ἂν
482 1694 704 1757 εἰκότως
748 1694 964 1747 ὲποίσαι
994 1694 1212 1765 γραφὴν
1236 1736 1250 1759 ,
1288 1695 1349 1746 τὸ
1384 1696 1443 1751 ὲν
1481 1691 1760 1761 ἀμείνοσιν

168 1780 320 1839 εἶναι
352 1784 537 1856 ζητεῖν
561 1827 576 1853 ,
608 1786 640 1857 ἢ
681 1788 738 1839 ὲν
787 1782 869 1850 οἷς
906 1788 1054 1839 ἐστιν
1091 1788 1120 1839 ὁ
1164 1785 1489 1847 ἀποστείλας
1538 1782 1755 1845 αὐτούς.

1859 614 1950 651 vus
1977 596 2151 664 major
2182 595 2395 648 domino
2421 609 2539 658 suo,
2570 607 2731 661 neque
2759 590 3032 657 apostolus
3065 591 3238 657 major
3265 600 3342 643 est
3375 607 3436 643 eo

1856 690 1946 760 qui
1970 690 2115 742 misit
2149 688 2323 742 illum.
2363 685 2423 741 Si
2456 687 2565 741 lucc
2593 684 2765 749 scitis,
2804 684 2944 737 beati
2997 684 3169 749 eritis,
3216 682 3262 735 si
3297 682 3437 751 fece-

1858 782 1977 835 ritis
1999 798 2084 836 ea.

1927 872 2268 928 Juramentis
2310 871 2476 925 veluti
2519 868 2856 924 necessariis
2923 866 3057 921 iacti
3109 865 3219 919 vim
3257 864 3438 919 ﬁrmat

1858 965 2133 1030 Christus,
2189 971 2242 1019 et
2297 962 2809 1032 praevaricationem
2875 960 3136 1015 salutaris
3177 956 3437 1027 pracepti

1858 1057 2183 1127 periculosa:
2237 1056 2458 1126 plenam
2537 1054 2668 1106 aleae
2736 1051 2999 1107 ostendit.
3067 1048 3224 1116 Quod
3289 1049 3438 1103 enim

1851 1148 2218 1219 jurejurando
2263 1148 2542 1201 lirmatum
2603 1145 2769 1215 728
2823 1154 2929 1210 est,
2964 1159 3071 1197 non
3106 1144 3227 1196 sine
3274 1141 3440 1209 culpa

1859 1241 2317 1313 pratermittitur.
2348 1238 2571 1293 Crimen
2616 1237 2785 1305 igitur
2817 1235 3201 1290 inexcusabile
3255 1234 3439 1287 lamu-

1859 1337 2035 1390 lorum
2071 1341 2177 1397 est,
2231 1332 2433 1402 inquit,
2465 1328 2817 1383 dominorum
2879 1327 3150 1382 voluntati
3206 1324 3439 1393 obsequi

1859 1429 2023 1482 nolle.
2066 1425 2428 1494 Praesumptio
2465 1424 2674 1492 quippe
2716 1430 2821 1484 est,
2878 1419 3090 1487 majora
3125 1431 3291 1486 quam
3338 1431 3441 1485 par

1862 1522 1934 1576 sit
1965 1526 2225 1589 appetere
2253 1536 2264 1570 :
2304 1526 2358 1571 et
2390 1515 2628 1585 apostoli
2656 1514 2911 1569 similiter
2937 1508 3197 1580 culpandi
3229 1510 3361 1572 sint,
3393 1508 3441 1563 si

1860 1610 1984 1679 plus
2038 1608 2141 1662 sibi
2195 1613 2485 1660 assumant
2533 1618 2697 1674 quam
2754 1602 2804 1657 is
2859 1617 2889 1655 a
2942 1616 3053 1671 quo
3088 1599 3241 1654 missi
3285 1606 3439 1652 sunt.

1864 1699 2105 1754 Suﬁiciet
2133 1699 2279 1753 enim
2332 1697 2413 1751 eis
2447 1696 2516 1751 ad
2554 1694 2736 1749 omnis
2790 1692 3059 1747 claritatis
3101 1704 3439 1754 mensuram,

1862 1810 1986 1849 cum
2017 1808 2081 1848 eo
2124 1807 2154 1845 a
2185 1807 2296 1862 quo
2323 1789 2478 1844 missi
2539 1797 2687 1849 sunt,
2720 1784 2969 1854 ejusdem
3002 1774 3125 1838 esse
3186 1781 3441 1852 spiritus.

183 1879 443 1951 ’Δρκέσει
486 1879 595 1951 γὰρ
643 1878 848 1943 αὐτοῖς,
893 1880 972 1943 εἰς
1004 1878 1254 1943 εὐκλείας
1283 1877 1502 1949 ἀπάσης
1534 1876 1756 1947 μέτρον,

1867 1886 1979 1940 Hoc
2012 1893 2196 1939 autem
2234 1882 2374 1936 nihil
2415 1880 2564 1934 aliud
2609 1885 2731 1931 erat
2786 1891 2950 1947 quam
3007 1873 3213 1939 dicere,
3243 1872 3443 1925 Coram

167 1969 274 2025 τοῦ
326 1971 679 2041 πεπομφότος
724 1970 785 2023 τὸ
824 1971 1098 2043 φρόνημα.
1162 1970 1333 2023 Τοῦτο
1384 1970 1441 2023 δὲ
1492 1965 1561 2040 ἦν
1606 1969 1758 2025 οὐδὲν

170 2064 370 2133 ἕτερον
413 2062 446 2131 ἢ
487 2065 663 2116 ἐκεῖνο
699 2061 916 2127 πάντως
949 2064 1126 2115 εἰπεῖν
1151 2102 1167 2128 ,
1217 2062 1299 2115 ὄτι
1328 2061 1758 2133 Τελασθήσεσθε

167 2155 404 2217 δικαίως
434 2155 527 2208 ἐπὶ
565 2155 660 2208 τοῦ
702 2154 845 2208 θείου
879 2154 1124 2224 βήματος
1147 2194 1162 2218 ,
1210 2157 1259 2208 εἰ
1303 2154 1477 2208 ταῦτα
1504 2154 1637 2226 δρᾷν
1678 2157 1759 2218 είς

170 2246 444 2319 ἀλλήλους
488 2247 641 2300 αὐτοὶ
682 2246 1038 2315 παραιτεῖσθε
1085 2247 1151 2300 δι’
1200 2247 1534 2320 ὑπεροψίαν,
1579 2248 1759 2301 καίτοι

168 2337 239 2392 τὸ
291 2339 392 2409 τῆς
432 2338 674 2403 δουλείας
728 2339 897 2408 ὄνομα
944 2338 1201 2409 λαχόντες
1239 2339 1452 2403 κοινὸν,
1504 2339 1647 2411 άπερ
1680 2342 1762 2403 εἰς

172 2432 327 2502 ὑμᾶς
360 2429 500 2499 ὲγὼ,
544 2430 721 2483 καίτοι
775 2431 914 2484 κατὰ
969 2430 1130 2500 φύσιν
1169 2432 1431 2501 ὑπάρχων
1483 2431 1615 2495 Θεὸς
1667 2433 1762 2485 καὶ

170 2522 408 2592 Κύριος.
453 2521 687 2572 Ἀτοπον
724 2519 834 2591 γάρ
867 2518 1118 2589 άληθῶς,
1173 2519 1372 2590 μᾶλλον
1416 2518 1473 2571 δὲ
1514 2519 1617 2589 ήδη
1663 2520 1762 2590 τῆς

171 2612 445 2666 ἀνωτάτω
488 2611 683 2682 μανίας
720 2612 821 2664 οὐκ
864 2609 1167 2681 ἀμοιροῦν,
1223 2610 1440 2674 οἰκέτας
1482 2610 1642 2674 ὅντας
1700 2612 1760 2664 ἐν

172 2705 430 2757 ἐλάττοσι
470 2703 562 2756 τοῦ
592 2704 686 2757 καὶ
718 2704 987 2757 Δεσπότου
1022 2704 1115 2757 καὶ
1162 2703 1584 2766 ἀποστείλαντος
1608 2745 1623 2769 ,
1665 2704 1761 2757 ἐπ-

171 2796 443 2867 ερυθριᾷν
492 2795 708 2858 ἀτόπως
767 2797 834 2865 τῇ
891 2794 1028 2865 πρὸς
1081 2794 1342 2866 ἀλλήλους
1408 2794 1642 2866 δουλείᾳ,
1696 2796 1759 2848 Εἰ

169 2888 356 2942 ταῦτα
390 2888 569 2941 τοίνυν
602 2887 717 2939 ἴστε
740 2927 754 2952 ,
796 2888 933 2958 φησὶ
959 2927 973 2951 ,
1007 2886 1152 2939 τοῦτ’
1184 2887 1331 2939 ἔστιν
1356 2929 1369 2953 ,
1402 2890 1451 2941 εἰ
1482 2892 1621 2942 νοεῖν
1665 2888 1760 2941 δύ-

170 2981 344 3035 νασθε
376 2980 592 3050 σαφῶς,
639 2981 668 3034 ὅ
707 2997 884 3051 φημι,
924 2998 942 3031 ι
978 2980 1257 3050 Μακάριοί
1289 2982 1411 3033 ἐστε
1443 2981 1539 3034 ὲάν
1570 2982 1760 3051 ποιῆτε

172 3071 343 3124 αὑτά.
383 3089 403 3122 ι
439 3072 511 3123 Οὐ
544 3070 652 3141 γὰρ
701 3070 763 3123 τὸ
798 3070 997 3123 εἰδέναι
1049 3070 1149 3141 τὴν
1208 3070 1446 3142 ἀρετήν,
1505 3070 1644 3124 ἀλλὰ
1696 3072 1756 3124 τὸ

171 3163 510 3235 ἐργάζεσθαι
543 3164 745 3234 μᾶλλον
776 3162 1101 3233 ἀξιέραστόν
1146 3180 1207 3216 τε
1252 3165 1347 3216 καὶ
1395 3163 1760 3236 ἀξιοζήλωτον

1864 1979 2052 2034 divino
2079 1975 2341 2031 tribunali
2372 1973 2570 2029 merito
2604 1968 2945 2029 ridebimini,
2976 1967 3020 2020 si
3062 1966 3176 2019 haec
3220 1964 3358 2017 alter
3386 1962 3440 2016 in

1864 2071 2095 2124 alterum
2121 2066 2309 2123 facere
2340 2080 2451 2136 pra:
2482 2062 2740 2132 superbia
2769 2059 2978 2121 nolitis,
3000 2058 3129 2111 licet
3152 2067 3446 2110 commune

1864 2159 2147 2216 servitutis
2198 2171 2394 2211 nomen
2456 2152 2661 2217 sortiti,
2712 2166 2835 2221 qua:
2883 2150 2937 2203 in
2977 2163 3075 2202 vos
3116 2160 3259 2215 ego,
3314 2144 3445 2197 licet

1866 2249 2170 2307 secundum
2227 2255 2482 2301 naturam
2520 2244 2797 2297 exsistens
2834 2238 2978 2293 Deus
3024 2252 3088 2292 ac
3152 2234 3440 2289 Dominus.

1864 2341 2180 2399 Absurdum
2226 2340 2374 2395 enim
2419 2345 2505 2392 est
2534 2334 2808 2405 profecto,
2858 2342 2911 2385 et
2960 2330 3188 2386 extremi
3240 2325 3445 2381 furoris

1866 2437 2106 2506 plenum,
2160 2448 2280 2495 vos,
2317 2445 2441 2484 cum
2503 2427 2650 2483 servi
2718 2425 2861 2488 sitis,
2903 2422 3136 2475 Domino
3171 2426 3225 2473 et
3256 2432 3321 2473 eo
3350 2416 3443 2486 qui

1868 2527 2021 2581 misit
2058 2525 2216 2591 longe
2272 2522 2540 2581 minores,
2578 2526 2826 2572 mutuam
2889 2523 3068 2568 tamen
3124 2510 3445 2567 servitutem

1866 2602 2220 2675 erubescere.
2250 2613 2308 2668 Si
2345 2614 2459 2667 haec
2487 2610 2643 2667 scitis
2678 2609 2868 2679 igitur,
2904 2604 3104 2674 inquit,
3171 2602 3277 2654 hoc
3334 2606 3443 2661 est,

1867 2713 1911 2768 si
1936 2712 2082 2765 clare
2114 2724 2279 2763 nosse
2304 2704 2541 2776 potestis
2569 2700 2717 2771 quod
2751 2699 2908 2759 dico,
2954 2715 2972 2747 ι
3014 2694 3165 2747 Beati
3214 2691 3352 2747 estis
3400 2692 3447 2744 si

1868 2802 2114 2860 feceritis
2140 2815 2226 2854 ea.
2264 2818 2282 2850 ι
2312 2796 2430 2850 Non
2483 2794 2631 2849 enim
2682 2792 2827 2845 scire
2858 2788 3143 2847 virtutem,
3203 2783 3297 2838 sed
3327 2798 3448 2837 eam

1868 2909 2127 2953 exercere
2155 2890 2453 2961 Optandum
2486 2894 2569 2941 est
2613 2892 2779 2953 atque
2834 2878 3131 2934 laudabile.
3183 2875 3452 2930 Existimo

1865 3006 1998 3047 vero
2025 2995 2291 3061 praestare
2324 2979 2738 3052 quodammodo
2774 2992 2892 3031 eam
2935 2990 3003 3029 ne
3042 2972 3304 3026 didicisse
3337 2968 3453 3039 qui-

1867 3060 2211 3149 dem,quam
2238 3090 2363 3130 cum
2390 3070 2673 3132 didiceris,
2709 3066 2930 3138 pigritia
2955 3064 3189 3118 mentem
3218 3060 3448 3130 illigare,

1869 3184 1920 3229 et
1956 3187 2078 3241 quae
2129 3177 2281 3223 recta
2314 3174 2369 3221 et
2396 3166 2540 3219 bona
2569 3176 2692 3217 esse
2743 3159 2921 3219 noris,
2959 3155 3108 3210 nolle
3165 3152 3457 3220 perlicere,

173 3254 316 3326 φαίη
355 3273 439 3318 τις
466 3256 553 3308 ἄν.
586 3252 754 3325 Οῖμαι
782 3256 837 3307 δὲ
882 3257 965 3309 ὅτι
990 3255 1132 3325 τάχα
1165 3273 1281 3317 πως
1322 3257 1418 3309 καὶ
1450 3257 1673 3326 ἄμεινον
1700 3256 1761 3310 τὸ

1867 3267 2020 3337 juxta
2051 3260 2363 3317 Servatoris
2390 3272 2627 3311 vocem:
2674 3272 2692 3305 ι
2741 3251 2846 3318 Qui
2894 3265 3004 3303 non
3046 3245 3306 3317 cognovit
3355 3258 3455 3297 vo-

178 3347 310 3420 μηδ’
335 3348 471 3410 ὅλως
513 3347 705 3417 μαθεῖν
733 3386 747 3409 ,
790 3348 822 3417 ἢ
875 3347 1148 3417 μαθόντας
1201 3348 1345 3419 ὖκνῳ
1389 3349 1621 3417 πεδῆσαι
1672 3348 1763 3402 τὸν

175 3439 310 3494 νοῦν
334 3482 351 3506 ,
387 3440 478 3493 καί⁵
509 3438 652 3508 ἆπερ
684 3439 748 3494 ἀν
776 3456 861 3502 τις
898 3440 1101 3510 ἄριστά
1145 3457 1205 3494 τε
1255 3442 1352 3495 καὶ
1398 3442 1574 3513 ὀρθῶς
1620 3442 1765 3512 ἔχειν

175 3532 375 3600 εἰδείη,
420 3530 495 3601 μὴ
528 3531 812 3601 βούλεσθαι
851 3530 1173 3601 κατορθοῦν,
1210 3533 1354 3587 κατά
1378 3535 1478 3604 τὴν
1517 3535 1608 3588 τοῦ
1647 3537 1763 3590 Σω-

174 3624 353 3693 τῆρος
375 3624 556 3692 φωνην
578 3639 593 3654 υ
632 3641 653 3675 ι
693 3622 749 3677 '0
782 3624 855 3694 μὴ
893 3622 1051 3687 εἰδὼς
1073 3624 1135 3677 τὸ
1168 3624 1379 3695 θέλημα
1420 3626 1516 3679 τοῦ
1556 3629 1764 3700 Κυρίου

179 3712 394 3778 αὑτοῦ,
437 3714 532 3767 καὶ
579 3713 654 3785 μὴ
698 3716 971 3785 ποιήσας,
1020 3714 1320 3787 δαρήσεται
1369 3717 1583 3787 ὀλίγας*
1641 3722 1669 3773 ό
1708 3720 1766 3772 δὲ

180 3804 368 3868 εἰδὼς,
396 3804 489 3858 καὶ⁸
521 3804 597 3875 μὴ
627 3806 880 3877 ποιήσας,
911 3806 1204 3878 δαρήσεται
1239 3808 1459 3873 πολλάς.
1498 3829 1516 3861 ι
1550 3809 1640 3881 Τῷ
1666 3810 1766 3882 μὲν

180 3897 300 3967 γὰρ
326 3896 619 3967 ἠγνοηκότι
661 3896 960 3960 παντελῶς,
997 3899 1047 3950 εἰ
1076 3899 1172 3953 καὶ
1215 3901 1492 3955 εὐθύνοιτό
1526 3919 1643 3965 πως
1673 3902 1767 3955 ἐπὶ

179 3993 255 4061 τῇ
290 3988 539 4062 ῥᾳστώνῃ
564 3989 744 4059 τυχὸν,
770 3990 830 4044 τὸ
851 3990 984 4059 γοῦν
1010 3992 1238 4063 μετρίαν
1265 3995 1488 4064 αἰτῆσαι
1516 3996 1764 4065 συγγνὼ-

187 4098 301 4152 μην
321 4082 383 4134 οὐ
415 4081 534 4133 λίαν
554 4081 899 4151 ἀνάρμοστον
924 4098 936 4110 ⁸
967 4081 1045 4152 τῷ
1070 4100 1133 4151 γε
1165 4083 1270 4154 μὴν
1301 4084 1464 4139 εἰδότι
1485 4088 1545 4139 τὸ
1576 4089 1767 4159 χρῆμα

182 4174 388 4241 γένοιτ’
425 4173 488 4227 ἂν
516 4172 777 4241 δυσαχθὲς
799 4176 879 4236 εἰς
908 4177 1253 4247 κατάκρισιν,
1287 4180 1319 4248 ἡ
1361 4178 1583 4247 γνῶσις.
1622 4182 1768 4234 Κατ-

183 4266 461 4336 εφρόνησε
497 4264 607 4335 γὰρ
627 4306 641 4326 ,
686 4264 898 4327 οὐδενὸς
930 4267 1076 4336 αὐτῷ
1107 4267 1385 4331 λείποντος
1420 4271 1499 4332 εἰς
1526 4271 1585 4323 τὸ
1611 4270 1770 4324 δύνα-

186 4356 320 4409 σθαι
349 4356 481 4427 δρᾷν
502 4356 571 4408 τὰ
612 4354 759 4425 αὐτῷ
790 4357 1239 4429 πρεπωδέστερα.
1275 4361 1396 4432 Χρὴ
1430 4360 1609 4414 τοίνυν
1633 4362 1770 4415 εἰδό-

184 4466 291 4512 τας
316 4446 681 4519 ὲργάζεσθαιο
727 4448 933 4502 τέλειον
980 4449 1089 4521 γὰρ
1126 4451 1248 4503 τότε
1286 4454 1387 4523 τῆς
1444 4455 1504 4506 ὲν
1545 4454 1768 4526 Χριστῷ

185 4540 466 4603 πολιτείας
510 4540 573 4593 τὸ
606 4539 866 4612 καύχημα
924 4542 1329 4613 περικείμενοι,
1384 4545 1768 4618 πληρεστάτην

1866 3361 2135 3414 luntatem
2166 3351 2378 3407 domini
2412 3348 2520 3412 sui,
2552 3355 2606 3402 et
2635 3361 2746 3401 non
2772 3344 2929 3404 fecit,
2971 3339 3258 3410 vapulabit
3310 3352 3453 3406 pau-

1864 3450 1987 3506 cis:
2023 3446 2119 3517 qui
2156 3452 2337 3497 autetn
2371 3438 2633 3509 cognovit
2687 3443 2742 3491 et
2800 3447 2912 3489 non
2964 3432 3116 3493 fecit,
3169 3427 3455 3497 vapulabit

1864 3540 2056 3597 multis
2077 3540 2142 3591 7’.
2186 3556 2204 3589 ι
2238 3534 2351 3589 Nec
2377 3534 2523 3588 enim
2553 3530 2785 3585 multum
2815 3527 3045 3582 dedecet
3075 3538 3199 3577 eum
3234 3519 3453 3574 veniam

1865 3630 2199 3685 mediocrem
2226 3633 2411 3694 petere
2446 3621 2539 3691 qui
2579 3633 2808 3690 prorsus
2856 3614 3142 3686 ignorarit,
3198 3612 3329 3664 licet
3383 3609 3457 3665 ob

1866 3718 2141 3792 pigritiam
2180 3715 2322 3771 forte
2353 3729 2483 3769 rcus
2520 3712 2633 3767 sit:
2667 3716 2723 3763 at
2771 3708 2820 3762 ei
2884 3706 2979 3776 qui
3017 3706 3202 3759 sciens
3240 3701 3454 3765 fecerit,

1867 3813 2109 3884 cognitio
2135 3807 2585 3866 condemnationi
2609 3804 2734 3861 erit.
2754 3801 3101 3870 Contempsit
3128 3799 3297 3861 enim,
3328 3812 3456 3851 cum

1867 3907 1935 3960 ad
1986 3903 2224 3959 oﬁicium
2276 3899 2614 3970 implendum
2671 3896 2810 3950 nihil
2850 3893 2899 3949 ei
2950 3893 3186 3947 deesset.
3229 3887 3459 3957 Oportet

1866 3998 2036 4068 igitur
2060 4002 2121 4049 ut
2145 3994 2240 4063 qui
2278 3993 2464 4047 sciunt
2494 3994 2799 4060 operentur
2827 4005 2840 4041 :
2877 3993 3010 4038 tunc
3039 3983 3185 4037 enim
3212 3980 3459 4051 perfecta

1868 4093 1992 4146 vitae
2015 4090 2070 4143 in
2104 4087 2329 4142 Christo
2358 4090 2660 4139 transacta:
2692 4079 2868 4151 gloria
2902 4075 3169 4137 redimiti,
3203 4071 3460 4144 plenissi-

1867 4198 2014 4239 mam
2062 4179 2359 4251 aliquando
2403 4174 2830 4231 retributionem
2885 4169 3245 4238 recipiemus.
3304 4162 3461 4219 Unde

1871 4274 2129 4328 Servator
2164 4286 2290 4326 eum
2337 4267 2431 4339 qui
2487 4265 2685 4320 fecerit
2742 4270 2797 4316 et
2847 4261 3131 4320 docuerit,
3200 4270 3459 4327 magnum

1871 4360 2233 4432 aiebat'jure
2283 4361 2484 4415 merito
2543 4365 2803 4411 vocatum
2851 4353 2920 4407 iri
2974 4352 3026 4404 in
3080 4364 3249 4418 regno
3285 4346 3461 4401 ρατιο-

1872 4474 1991 4512 rum
2017 4456 2085 4511 ‘°.
2122 4454 2264 4520 Quid
2302 4453 2448 4507 enim
2486 4450 2552 4504 ad
2586 4449 2848 4515 pietatem
2883 4445 2932 4498 ei
2973 4443 3172 4498 deest?
3198 4451 3291 4495 aut
3325 4456 3461 4511 quo-

1872 4549 2035 4605 modo
2071 4563 2182 4601 non
2217 4544 2484 4599 divinitus
2519 4541 2768 4612 acceptis
2805 4536 3233 4609 perfectissimis
3300 4533 3463 4589 donis

186 4632 335 4686 κατὰ
370 4634 594 4703 καιροὺς
619 4632 1011 4703 ἀποληψόμεθα
1035 4634 1133 4704 τὴν
1164 4634 1457 4690 ἀντίδοσιν.
1495 4639 1605 4691 Καὶ
1633 4638 1763 4706 γοῦν

1870 4641 2158 4710 glorietur,
2190 4639 2282 4707 qui
2320 4653 2547 4707 operum
2600 4636 2870 4689 bonorum
2935 4629 3230 4700 splendore
3264 4643 3461 4681 cumu—

187 4726 219 4776 ὁ
248 4723 442 4794 Σωτήρ
496 4723 589 4776 τὸν
641 4726 943 4793 ποιήσαντα
1000 4726 1096 4778 καὶ
1129 4725 1413 4790 διδάξαντα
1458 4728 1633 4797 μέγαν
1662 4728 1765 4800 ἔφη

188 4814 596 4883 κληθήσεσθαι,
654 4816 748 4869 καὶ
787 4816 932 4885 μάλα
972 4815 1199 4880 δικαίως
1227 4858 1242 4879 ,
1301 4820 1360 4871 ὲν
1407 4822 1474 4889 τῇ
1521 4818 1769 4893 βασιλείᾳ

185 4906 303 4957 τῶν
327 4906 591 4977 οὐρανῶν.
629 4907 693 4959 Τί
716 4907 824 4979 γὰρ
857 4908 1007 4979 αὐτῷ
1036 4910 1096 4963 τὸ
1128 4910 1311 4963 λεῖπον
1337 4911 1418 4974 εἰς
1443 4912 1726 4967 εὐσέϐειαν
1753 4931 1766 4979 ;

188 4991 237 5065 ᾦ
277 4998 322 5051 δ’
352 4997 420 5051 ἂν
463 4999 706 5068 φαίνοιτο
751 5001 953 5072 προσὸν
997 5003 1057 5056 τὸ
1106 5003 1166 5070 ἐξ
1208 5003 1386 5074 ἔργων
1438 5004 1659 5073 ἀγαθῶν
1712 5007 1769 5058 ὲν

187 5091 472 5162 ὁλοκλήρῳ
503 5092 811 5161 καυχᾶσθαι
832 5093 911 5163 τῷ
938 5093 1142 5165 μέτρῳ,
1177 5096 1294 5159 πῶς
1327 5096 1427 5148 οὐκ
1469 5096 1535 5149 ἂν
1562 5098 1770 5164 γένοιτο

191 5182 347 5252 παρὰ
379 5182 515 5235 Θεοῦ
548 5182 609 5235 τὸ
644 5183 1008 5247 τελειοτάταις
1040 5185 1301 5256 ἐπαυχεῖν
1328 5187 1599 5258 δωρεαῖς;
1634 5187 1771 5241 Σύν-

190 5272 395 5343 δρομος
420 5268 513 5327 οὖν
551 5274 659 5345 ἀρα
706 5277 818 5337 τοῖς
848 5274 1031 5344 ἔργοις
1062 5276 1190 5329 ὅταν
1220 5280 1253 5348 ή
1295 5279 1495 5346 γνῶσις
1525 5279 1771 5350 γένηται,

192 5366 316 5419 τότε
346 5367 412 5436 δὴ
454 5366 671 5429 πάντως
718 5368 957 5437 ὀνίνησιν
1001 5369 1063 5422 οὐ
1112 5370 1361 5441 μικρῶς’
1406 5370 1776 5436 ὲλλελοιπὸτος

194 5457 253 5511 δὲ
280 5456 565 5528 ὁποτέρου,
598 5459 769 5528 χωλὸν
798 5460 863 5531 δὴ
906 5460 1123 5525 πάντως
1149 5461 1212 5515 τὸ
1244 5461 1432 5533 ἕτερον
1465 5462 1640 5517 ἔσται.
1676 5465 1765 5517 Γέ-

200 5566 441 5620 γραπται
487 5550 581 5613 δὲ,
634 5552 715 5604 ὅτι
762 5554 874 5606 Καὶ
922 5554 956 5623 ή
990 5552 1172 5617 πίστις
1220 5555 1388 5627 χωρὶς
1435 5556 1544 5609 τῶν
1596 5556 1773 5627 ἔργων

195 5642 368 5715 νεκρά
413 5644 553 5695 ἐστι.
606 5644 795 5697 Καίτοι
835 5645 893 5697 τὺ
943 5646 1143 5700 εἰδέναι
1193 5646 1326 5699 Θεὸν
1382 5648 1472 5701 τὸν
1527 5649 1619 5702 ἕνα
1678 5652 1767 5705 καὶ

268 5823 311 5857 ’⁸
352 5819 489 5877 Luc.
528 5838 636 5888 xu,
673 5822 760 5877 l‘i.
842 5825 888 5856 '°
930 5823 1119 5882 Matth.
1160 5842 1221 5893 ν,
1262 5828 1347 5883 l9.

1865 4736 1973 4789 late
2022 4731 2268 4802 fulgeat?
2317 4730 2549 4797 Quando
2584 4728 2753 4797 igitur
2793 4725 3099 4795 cognitioni
3161 4721 3461 4791 conjuncta

1867 4834 1997 4881 sunt
2026 4840 2219 4894 Opera,
2250 4833 2383 4877 tunc
2416 4838 2523 4877 non
2550 4836 2747 4891 parum
2792 4819 2920 4874 inde
2949 4815 3206 4871 utilitatis
3246 4815 3459 4879 oritur;

1867 4920 2138 4973 alterutro
2172 4932 2307 4972 vero
2331 4915 2645 4980 deﬁciente,
2673 4928 2932 4968 mancum
2965 4924 3198 4981 prorsus
3222 4908 3460 4961 alterum

1866 5011 1995 5067 erit.
2018 5010 2295 5079 Scriptum
2313 5019 2397 5063 est
2421 5014 2629 5071 autem,
2674 5005 2833 5059 ﬁdem
2871 5003 2988 5057 sine
3007 5000 3271 5070 operibus
3310 5012 3462 5050 mor-

1870 5110 2019 5155 tuam
2038 5098 2449 5167 esse.Quamvis
2463 5096 2608 5153 enim
2631 5096 2773 5151 scire
2786 5094 2954 5148 Deum
2978 5106 3143 5145 unum
3163 5097 3217 5143 ct
3236 5096 3456 5149 natura,

1871 5192 2035 5263 729
2088 5206 2324 5262 eumque
2363 5191 2577 5245 sincere
2634 5202 2698 5241 ac
2732 5201 2864 5240 vere
2908 5181 3158 5237 conﬁteri
3195 5179 3330 5233 ﬁdes
3362 5177 3460 5244 sit,

1873 5296 2053 5341 tamen
2094 5286 2243 5341 istud
2301 5300 2525 5355 quoque
2572 5288 2856 5336 mortuum
2915 5284 3023 5341 est,
3087 5272 3193 5328 nisi
3231 5284 3459 5340 operum

1877 5378 2141 5449 splendor
2196 5387 2587 5446 consequatur.
2646 5372 2836 5426 Nonne
2895 5384 3028 5437 ergo
3094 5366 3293 5421 inutile
3373 5369 3461 5418 est

1882 5488 2110 5544 prorsus
2158 5471 2303 5525 scire
2341 5470 2477 5540 quid
2532 5470 2605 5524 sit
2656 5467 2889 5530 bonum,
2934 5461 3043 5517 nisi
3085 5459 3216 5514 illud
3275 5456 3459 5511 colere

1888 5565 2064 5619 velis?
2091 5562 2241 5619 llanc
2273 5564 2456 5633 itaque
2484 5562 2553 5618 ob
2578 5575 2803 5616 causam
2837 5558 3026 5612 beatos
3060 5553 3179 5609 fore
3211 5552 3289 5606 ait
3326 5564 3458 5605 suos

1883 5655 2212 5727 discipulos,
2252 5656 2366 5712 sive
2398 5654 2695 5711 credentes
2723 5652 2778 5708 in
2827 5665 2974 5717 eum,
3014 5645 3060 5704 si
3122 5660 3231 5701 non
3291 5640 3458 5698 modo
