3894 6200
489 378 594 435 127
1492 389 1551 444 S.
1580 386 1854 446 CYRILLI
1878 391 2350 454 ALEXANDRINI
2389 399 2710 458 ARCHIEP.
3621 406 3727 463 198

486 491 855 562 cognitionem
893 510 1082 552 eorum
1117 513 1238 568 qua:
1285 497 1478 556 docuit
1527 504 1902 574 susceperint,
1959 520 2015 562 se

2116 533 2129 570 ι
2159 507 2343 576 φύσει,
2375 511 2472 566 καὶ
2501 513 2782 582 ὁμολογεῖν
2823 515 3026 580 ἀδόλως
3066 535 3125 570 τε
3160 517 3255 572 καὶ
3293 519 3526 590 άληθῶς,
3569 520 3723 574 τοῦτό

485 583 532 636 si
557 599 621 638 ea
647 599 863 655 quoque
894 587 1145 644 fecerim.

488 673 654 704 ηιμ..-
682 677 824 704 ...ι-1⁸.
852 681 951 704 -.ι-ε-
985 679 1041 704 ιε
1073 681 1247 704 ξυμ---
1283 685 1433 704 --μεμε
1456 686 1471 704 1
1560 703 1565 704 ,
1682 689 1765 704 πη
1861 686 1887 704 τ
1986 690 1999 704 ι

2154 601 2300 654 ἐστιν
2328 603 2362 671 ἡ
2390 603 2594 669 πίστις,
2628 606 2764 660 ἀλλὰ
2804 608 2898 661 καὶ
2924 607 3085 662 τοῦτο
3114 611 3335 681 νεκρὸν,
3474 628 3721 684 παρεπο-
3765 685 3790 704 .

486 673 654 744 μένης
681 677 828 748 αὐτῷ
852 681 951 750 τῆς
983 679 1042 745 ἐξ
1071 681 1247 752 ἔργων
1279 685 1656 757 φαιδρότητος.
1681 689 1805 754 Πῶς
1830 686 1922 743 οὖν
1947 690 2048 743 οὑκ
2087 691 2343 764 ἀνόνητον
2390 696 2667 761 παντελῶς
2713 699 2774 753 τὸ
2823 699 3025 754 είδέναι
3067 701 3164 770 μὲν
3193 673 3354 772 τυχὸν
3369 673 3444 755 ’τί
3502 673 3572 756 av'
3635 705 3719 773 εἴη

481 765 543 819 τὸ
595 767 836 835 ἀγαθὸν,
893 770 968 842 μὴ
1043 771 1149 844 μὴν
1219 773 1424 828 ἐθέλειν
1472 777 1590 842 ἔτι,
1645 779 1742 832 καὶ
1791 780 2128 852 ἐπιτηδεύειν
2165 784 2334 852 αὑτός
2407 787 2505 842 Διὰ
2572 788 2774 860 ταύτην
2821 765 3109 862 τοιγαροῦν
3158 765 3486 862 τὴν-αἰτίαν
3542 765 3721 866 μακάζ

481 857 633 926 ρίους
694 857 912 914 ἔσεσθαί
973 879 1107 934 φησι
1167 865 1292 928 τοὺς
1351 866 1544 920 ἑαυτοῦ
1608 869 1890 940 μαθητὰς,
1935 873 2054 942 ήτοι
2087 873 2213 937 τοὺς
2243 876 2596 942 πιστεύοντας
2636 857 2956 944 είς-αὺτὸν,
2984 857 3064 934 ὀὐ
3131 857 3292 950 μόνον
3331 881 3549 947 ἑλόντας
3612 885 3720 939 τῶν

481 949 608 1019 παρ’
641 949 807 1002 αὑτοῦ
857 951 1206 1023 λαλουμένων
1254 954 1352 1026 τὴν
1399 958 1605 1026 εἴδησιν
1631 1003 1645 1026 ,
1686 960 1802 1013 ἀλλ’
1845 961 1894 1015 εί
1951 960 2047 1014 καὶ
2085 960 2259 1034 δρῷεν
2289 965 2449 1021 αὐτά.

549 1039 689 1108 XIII,
709 1042 793 1096 I8.
821 1040 942 1097 Non
965 1043 1028 1098 de
1045 1045 1284 1100 omnibus
1304 1049 1446 1103 vobis
1471 1049 1590 1105 dico
1626 1068 1646 1105 :
1681 1069 1773 1122 ego
1794 1055 1931 1107 enim
1949 1055 2015 1107 sci

2228 1058 2310 1111 Οὐ
2357 1059 2491 1128 περὶ
2541 1059 2784 1115 πάντων
2831 1059 2999 1129 ὑμῶν
3045 1060 3200 1131 λέγω
3223 1078 3238 1092 ο
3291 1063 3407 1132 ἐγὼ
3446 1064 3554 1134 γὰρ
3584 1061 3717 1120 οἶδα

472 1147 606 1202 quos
649 1133 892 1204 elegerim
917 1176 932 1200 ,
967 1137 1057 1190 sed
1095 1145 1154 1190 ut
1201 1139 1560 1208 adimpleatur
1604 1142 1912 1213 Scriptura,
1949 1145 2015 1211 Qa

2149 1145 2320 1212 τίνας
2347 1147 2740 1217 ἐξελεξάμην,
2779 1149 2916 1204 ἀλλ’
2955 1150 3055 1202 ἵνα
3099 1151 3138 1218 ἠ
3167 1151 3378 1220 Γραφὴ
3410 1133 3713 1223 πληρωθῇ.

477 1223 767 1279 manducat
808 1243 1010 1282 mecum
1051 1244 1262 1298 panem,
1307 1231 1493 1288 levavit
1530 1246 1719 1290 contra
1753 1254 1836 1293 me
1865 1239 2015 1293 calc

2162 1234 2223 1287 '0
2260 1235 2494 1304 τρώγων
2522 1237 2649 1305 μετ’
2675 1237 2821 1307 ἐμοῦ
2849 1236 2956 1291 τὸν
2991 1236 3193 1306 ἄρτον,
3227 1239 3454 1309 ἐπῆρεν
3488 1242 3581 1296 ἐπ’
3609 1243 3717 1313 ἐμὲ

2148 1324 2262 1394 τὴν
2296 1326 2561 1396 πτέρναν
2589 1330 2735 1382 αὐτο
2745 1328 2796 1383 ὗ.

545 1403 663 1460 Non
714 1422 907 1476 parum
952 1410 1312 1469 obscuritatis
1354 1414 1472 1470 haec
1513 1417 1684 1472 verba
1729 1419 2015 1476 continent

2219 1417 2292 1469 Οὐ
2326 1418 2529 1488 μικρὰν
2564 1421 2593 1472 6
2619 1418 2776 1485 λόγος
2809 1419 2920 1491 ἔχει
2952 1422 3049 1491 τὴν
3094 1423 3361 1491 ἀσάφειαν
3395 1426 3454 1478 ἐν
3480 1425 3710 1491 τούτοις.

471 1491 608 1549 Nam
645 1497 834 1555 beatos
881 1499 1000 1556 fore
1025 1502 1218 1559 dicens
1249 1520 1344 1560 eos
1387 1506 1483 1576 qui
1513 1509 1644 1563 boni
1672 1511 2015 1582 cognitionen

2148 1507 2468 1577 Μακαρίους
2499 1509 2608 1580 γάρ
2640 1509 2857 1564 ἔσεσθαι
2892 1510 3064 1579 λέγων
3102 1515 3228 1577 τοὺς
3267 1516 3327 1568 ἐν
3367 1515 3565 1583 γνώσει
3613 1519 3713 1588 μὲν

472 1586 698 1655 habent,
728 1597 784 1646 et
830 1607 995 1662 opere
1045 1595 1180 1650 illud
1232 1595 1416 1654 facere
1468 1601 1718 1668 student,
1756 1605 2014 1673 subjunxi

2147 1595 2370 1667 ἔχοντας
2393 1599 2453 1652 τὸ
2485 1600 2708 1668 ἀγαθὸν,
2751 1601 2896 1673 ἔργῳ
2923 1602 2981 1656 δὲ
3007 1602 3166 1656 τοῦτο
3203 1604 3442 1675 πληροῦν
3475 1586 3710 1662 σπουδά-
3769 1638 3794 1658 κ

468 1679 681 1744 statim,
721 1699 740 1732 ι
781 1681 903 1738 Non
947 1685 1016 1741 de
1044 1687 1309 1746 omnibus
1341 1690 1490 1755 dico,
1531 1710 1550 1746 ι
1585 1695 1920 1763 proditorem
1953 1698 2015 1751 in

2145 1687 2355 1755 ζοντας,
2384 1691 2664 1761 ἐπήγαγεν
2700 1693 2882 1758 εὐθὺς,
2927 1714 2945 1745 ι
2979 1695 3053 1748 Οὐ
3084 1697 3213 1765 περὶ
3249 1697 3462 1751 πάντων
3488 1698 3649 1766 λέγω,
3684 1720 3706 1751 ι

468 1783 667 1837 nuens,
707 1781 766 1827 ut
818 1789 920 1846 ego
978 1792 1104 1833 cum
1154 1782 1344 1838 multis
1402 1785 1706 1844 existimo:
1740 1804 1844 1843 nec
1899 1791 2015 1845 enin

2116 1779 2234 1849 ,τὸν
2267 1781 2528 1853 προδότην
2560 1784 2960 1855 αἰνιττόμενος,
3001 1786 3142 1840 κατά
3179 1803 3243 1855 γε
3282 1787 3344 1840 τὸ
3386 1789 3601 1854 πολλοῖς
3647 1809 3711 1845 τε

466 1860 610 1917 inter
645 1865 836 1922 felices
869 1876 965 1922 aut
991 1869 1184 1927 beatos
1217 1888 1461 1943 unquam
1499 1880 1884 1935 numerabitur
1945 1897 2015 1951 qu

2143 1871 2235 1924 καὶ
2258 1872 2380 1941 ἐμοὶ
2399 1871 2589 1926 δοκοῦν
2613 1890 2627 1904 ο
2663 1873 2724 1926 οὐ
2749 1874 2858 1946 γὰρ
2879 1877 2936 1929 ἐν
2962 1879 3073 1941 τοῖς
3092 1876 3349 1949 ζηλωτοῖς
3374 1881 3402 1934 6
3429 1880 3708 1953 θεομισὴς,

455 1961 620 2016 tanta
660 1957 943 2027 impietate
992 1970 1234 2018 mentem
1265 1965 1659 2024 obstrinxerit.
1685 1969 1750 2025 Et
1795 1972 1888 2027 illa
1919 1975 2010 2044 qui

2139 1961 2250 2014 οὐδ’
2274 1961 2340 2016 ἂν
2370 1965 2426 2015 ἐν
2467 1967 2578 2026 τοῖς
2608 1965 2896 2036 μακαρίοις
2917 1969 3282 2042 καταταχθείη
3320 1972 3451 2024 ποτὲ
3479 1976 3544 2044 τῇ
3578 1991 3708 2027 τοσ-

464 2046 591 2100 dem
623 2058 706 2102 est
751 2049 915 2119 hujus
960 2052 1068 2107 loci
1115 2054 1260 2124 apud
1311 2060 1516 2117 multos
1566 2063 1696 2117 trita
1743 2067 2036 2121 sententia.

465 2137 622 2192 Alter
647 2145 829 2194 autem
859 2150 1124 2211 praeterea
1172 2162 1372 2205 sensus
1407 2160 1492 2206 est
1537 2152 1872 2210 istiusmodi.
1900 2157 2037 2214 Cum

458 2230 608 2283 enim
649 2229 906 2288 dicturus
955 2242 1105 2292 esset
1137 2236 1419 2308 Christus,
1435 2242 1592 2311 juxta
1632 2247 2036 2304 sanctissimam

463 2320 809 2392 Scripturam
843 2344 856 2380 :
893 2345 913 2378 ι
952 2327 1060 2393 Qui
1113 2331 1311 2387 edebat
1350 2351 1531 2390 meum
1573 2353 1795 2408 panem,
1825 2342 2036 2413 magni-

463 2410 650 2468 ficavit
709 2433 878 2487 super
937 2436 1024 2475 me
1077 2425 1608 2494 supplantationem,
1645 2431 1783 2496 sive,
1833 2410 2036 2490 levavit

459 2515 652 2559 contra
689 2522 776 2566 me
808 2510 1129 2567 calcaneum
1161 2531 1321 2570 suum
1347 2517 1392 2548 ⁸¹
1432 2536 1445 2573 :
1488 2537 1507 2571 ι
1546 2523 1873 2592 purgatione
1896 2541 2034 2595 qua-

456 2594 584 2648 dam
618 2597 773 2665 prius
815 2601 1011 2668 utitur,
1043 2612 1100 2656 et
1131 2607 1432 2673 genuinum
1470 2611 1701 2667 aliorum
1732 2594 2034 2687 discipulo-

456 2698 577 2738 rum
609 2696 809 2742 ccetum
845 2688 1064 2755 delinit,
1090 2694 1185 2748 uni
1234 2694 1506 2753 duntaxat
1537 2703 1791 2758 criminis
1843 2713 2030 2770 notam

456 2775 787 2847 impingens.
817 2779 957 2845 Quia
996 2783 1143 2837 enim
1178 2800 1376 2852 panem
1407 2789 1529 2859 ejus
1561 2806 1756 2850 omnes
1791 2798 2029 2853 mandu—

451 2867 676 2932 cabant,
710 2882 1110 2929 convescentes
1142 2876 1406 2933 nimirum
1455 2889 1510 2936 et
1547 2898 1655 2939 una
1687 2901 2027 2944 consumen-

453 2967 537 3014 tes
559 2975 681 3030 quae
716 2978 814 3032 per
850 2979 974 3019 eum
1005 2968 1187 3024 oblata
1230 2980 1412 3037 erant,
1449 2974 1661 3032 idcirco
1698 2978 1850 3035 inani
1879 2991 2025 3040 metu

451 3053 663 3108 conteri
689 3053 991 3111 liberorum
1018 3069 1254 3117 mentem
1289 3079 1397 3120 non
1431 3066 1585 3134 sinit,
1615 3076 1665 3125 et
1691 3074 2025 3143 suspicionis

2137 2052 2277 2126 αὕτη
2339 2054 2628 2128 δυσσεϐείᾳ
2674 2057 2774 2128 τὴν
2818 2059 3072 2131 τοιαύτην
3125 2060 3309 2134 ἔνοχον
3359 2068 3709 2137 καταστήσας

2136 2142 2331 2216 ψυχήν.
2366 2147 2476 2200 Καὶ
2517 2147 2614 2217 μία
2661 2149 2760 2219 μὲν
2795 2149 2935 2221 αὕτη
2963 2151 3056 2205 τοῦ
3092 2159 3453 2226 προκειμένου
3497 2157 3706 2213 διάνοια

2135 2236 2473 2308 τετριμμένη
2515 2239 2664 2308 παρὰ
2694 2241 2805 2303 τοῖς
2832 2241 3091 2298 πλείοσιν.
3134 2244 3328 2316 Ἑτέρα
3352 2247 3408 2300 δὲ
3441 2245 3508 2302 αὖ
3538 2249 3705 2304 πάλιν

2135 2328 2274 2400 πρὸς
2301 2329 2492 2402 ταύτῃ.
2544 2332 2732 2386 Τοιάδε
2768 2335 2976 2406 μέλλων
3029 2338 3139 2410 γάρ
3184 2339 3331 2411 ἐρεῖν
3375 2342 3404 2395 6
3443 2343 3701 2413 Χριστὸς,

2133 2419 2214 2474 ὅτι
2264 2421 2403 2474 κατὰ
2430 2422 2529 2494 τὴν
2582 2425 2794 2480 τελείαν
2842 2445 2902 2481 τε
2955 2430 3049 2484 καὶ
3097 2431 3396 2504 ἱερωτάτην
3443 2435 3689 2507 Γραφὴν,

2139 2532 2158 2564 ι
2206 2514 2264 2568 Ὀ
2299 2513 2526 2586 τρώγων
2573 2535 2674 2588 μου
2729 2519 2817 2573 τὸν
2867 2521 3031 2592 ἄρτον
3077 2523 3407 2594 ἐμεγάλυνεν
3462 2529 3549 2580 ἐπ’
3599 2529 3701 2598 ἐμὲ

2133 2607 2483 2676 πτερνισμὸν,
2519 2609 2636 2671 ἦτοι
2671 2611 2877 2680 ἐπῆρεν
2921 2613 3008 2664 ἐπ’
3039 2614 3140 2684 ἐμὲ
3171 2617 3403 2686 πτέρναν
3435 2618 3624 2682 αὐτοῦ,
3673 2640 3692 2672 ι

2130 2697 2589 2767 προαπολογεῖται
2637 2702 2836 2771 τρόπον
2877 2704 3030 2771 τινὰ,
3066 2708 3161 2760 καὶ
3194 2707 3286 2762 τὸν
3330 2713 3552 2781 γνήσιον
3587 2713 3698 2765 τῶν

2129 2789 2332 2858 ἐτέρων
2369 2791 2630 2862 μαθητῶν
2656 2792 2947 2865 θεραπεύει
2975 2799 3155 2867 χορὸν,
3191 2800 3271 2853 ἐνὶ
3305 2800 3399 2853 καὶ
3422 2802 3565 2872 μόνῳ
3598 2803 3700 2874 τὴν

2125 2877 2220 2931 τοῦ
2264 2884 2718 2953 κατηγορήματος
2762 2883 2990 2955 δύναμιν
3041 2888 3281 2954 ἀναθείς.
3325 2892 3544 2964 Ἐπειδὴ
3585 2894 3697 2967 γὰρ

2126 2969 2327 3034 πάντες
2383 2973 2569 3044 ἢσθιον
2633 2975 2724 3028 τὸν
2780 2975 2943 3046 ἄρτον
3012 2979 3216 3043 αὑτοῦ,
3277 2983 3697 3055 συνεστιώμενοι

2123 3061 2365 3131 δηλονότι
2418 3065 2514 3117 καὶ
2544 3067 2993 3132 συνδαπανῶντες
3025 3070 3094 3124 τὰ
3128 3071 3198 3125 δι’
3235 3073 3398 3127 αὑτοῦ
3429 3092 3697 3146 συγκομι-

451 3142 816 3198 acrimoniam
853 3149 1258 3218 quamprimum
1304 3154 1537 3221 inhibet,
1586 3142 1823 3220 dicens:
1851 3184 1872 3216 ι
1903 3165 2015 3222 Non

2126 3151 2348 3223 ζόμενα,
2389 3155 2475 3210 διὰ
2517 3157 2676 3211 τοῦτο
2717 3161 3004 3232 χρησίμως
3050 3165 3278 3228 είκαίοις
3315 3142 3694 3236 συντρίϐεσθαι

449 3231 522 3287 de
549 3235 805 3291 omnibus
850 3237 1008 3292 vobis
1051 3239 1177 3295 dico
1211 3261 1225 3298 :
1261 3259 1360 3315 ego
1391 3250 1509 3303 scio
1555 3267 1696 3320 quos
1725 3255 2020 3328 elegerint,

447 3325 544 3380 sed
569 3335 627 3379 ut
649 3327 1023 3399 adimpleatur
1047 3329 1358 3404 Scriptura,
1382 3359 1401 3391 ι
1435 3340 1616 3411 inquit
1643 3363 1658 3399 :
1693 3364 1712 3396 ι
1737 3325 1842 3414 Qui
1864 3325 2021 3405 man?

444 3416 613 3471 ducat
651 3435 829 3473 meum
865 3437 1085 3492 panem,
1113 3425 1312 3481 levavit
1345 3439 1540 3488 contra
1575 3450 1662 3490 me
1695 3439 2021 3498 calcaneum

443 3523 628 3570 suum,
662 3509 777 3563 sive
828 3513 1198 3581 magnificavit
1246 3521 1772 3590 supplantationem,
1809 3549 1827 3582 ι
1863 3530 2020 3601 juxta

441 3598 750 3657 Psalmista:
780 3619 990 3660 vocem.
1021 3607 1236 3673 Quibus
1264 3613 1447 3669 verbis
1491 3615 1808 3675 istiusmodi
1851 3598 2018 3692 quid-

440 3691 567 3747 dam
618 3693 933 3763 signiﬁcare
975 3702 1464 3773 autumozduplici
1507 3707 1694 3779 itaque
1747 3691 1914 3768 sensu
1960 3715 2014 3770 in

438 3781 529 3837 his
581 3787 864 3852 exposito,
918 3789 1199 3845 meliorem
1266 3807 1332 3849 ac
1393 3797 1667 3854 veriorem
1734 3804 2016 3862 studiosus

437 3873 726 3942 exploret;
757 3887 1134 3935 verumtamen
1172 3882 1227 3938 in
1278 3884 1386 3940 hoc
1431 3888 1635 3945 dictum
1683 3894 1831 3950 aliud
1880 3896 2012 3952 alie-

437 3979 654 4027 ramus,
691 3967 759 4022 ad
827 3969 1236 4029 conﬁrmandos
1305 3977 1704 4049 simpliciorum
1776 3988 2011 4044 animos.

439 4054 663 4111 lluobus
701 4056 846 4112 enim
876 4061 1056 4118 modis
1088 4063 1177 4118 hic
1203 4066 1457 4126 dubitare
1487 4084 1668 4142 potest
1700 4077 1923 4148 aliquis.
1947 4079 2012 4133 Et

433 4145 677 4212 primum
716 4148 934 4216 quidem
985 4151 1146 4209 nobis
1179 4155 1425 4226 objiciet,
1465 4161 1654 4218 dicens
1684 4183 1696 4218 :
1732 4145 2008 4222 Si'omnia

430 4237 580 4292 scire
607 4237 894 4295 Christum
926 4244 1230 4311 credimus,
1259 4264 1359 4303 cur
1393 4251 1556 4322 730
1593 4252 1791 4310 Judam
1820 4259 2004 4330 elegit.

430 4335 488 4382 et
533 4345 633 4385 cur
671 4332 792 4388 aliis
845 4332 1149 4390 immiscuit
1193 4337 1502 4412 discipulis,
1529 4359 1652 4398 cum
1691 4362 1804 4402 non
1851 4350 2006 4420 igno-

432 4426 580 4472 raret
631 4422 968 4490 proditorem
1007 4426 1143 4490 fore,
1179 4436 1235 4484 et
1281 4431 1524 4486 avaritia:
1568 4434 1779 4505 laqueis
1825 4439 2005 4510 impli-

2123 3245 2371 3314 δείμασιν
2391 3249 2491 3301 οὐκ
2520 3250 2584 3321 ἐᾷ
2612 3250 2718 3304 τῶν
2744 3252 3046 3325 ἐλευθέρων
3080 3255 3172 3310 τὸν
3211 3257 3356 3322 νοῦν,
3383 3260 3476 3313 καὶ
3501 3261 3563 3314 τὸ
3588 3261 3694 3332 τῆς

2123 3333 2358 3404 ὑποψίας
2410 3335 2574 3406 δριμὺ
2637 3341 3038 3410 προανακόπτει
3084 3341 3257 3412 λέγων
3296 3361 3309 3376 ⁸
3371 3365 3390 3398 ι
3433 3349 3507 3401 Οὐ
3563 3353 3694 3421 περὶ⁸

2120 3425 2338 3479 πάντων
2377 3425 2530 3497 ὑμῶν
2580 3427 2759 3497 λέγω·
2809 3431 2921 3499 ἐγὼ
2969 3429 3088 3486 οἶδα
3133 3436 3288 3499 τίνας
3331 3435 3689 3512 ἐξελεξάμην,

2119 3514 2235 3568 ἀλλ’
2270 3517 2378 3583 ἵνα,
2410 3521 2597 3590 φησὶν,
2627 3521 2661 3592 ή
2693 3521 2884 3593 Γραφὴ
2915 3523 3202 3597 πληρωθῇ·
3254 3528 3311 3580 '0
3352 3529 3547 3584 ἐσθίων
3584 3550 3689 3601 μου

2117 3606 2209 3659 τὸν
2233 3605 2415 3677 ἄρτον,
2452 3611 2657 3680 ἐπῆρεν
2694 3611 2782 3663 ἐπ’
2817 3613 2916 3683 ἐμὲ
2955 3615 3054 3684 τὴν
3082 3617 3319 3688 πτέρναν
3348 3620 3534 3684 αὐτοῦ,
3566 3624 3688 3695 ήτοι

2117 3697 2418 3767 ὲμεγάλυνε
2466 3702 2834 3772 πτερνισμὸν,
2875 3723 2894 3754 ι
2930 3705 3073 3760 κατὰ
3115 3709 3213 3778 τὴν
3250 3709 3343 3764 τοῦ
3389 3712 3689 3782 ψάλλοντος

2116 3791 2320 3860 φωνήν.
2371 3785 2540 3860 Οἶμαί
2586 3809 2638 3846 τι
2687 3794 2930 3849 τοιοῦτον
2980 3799 3317 3868 ὑποδηλοῦν·
3371 3805 3686 3879 ἐκδοθείσης

2114 3881 2246 3952 ἡμῖν
2284 3884 2572 3954 τοιγαροῦν
2607 3885 2667 3937 ἐν
2707 3885 2917 3952 τούτοις
2945 3887 3183 3962 θεωρίας
3219 3894 3434 3966 διπλῆς,
3463 3897 3686 3968 δοκιμαο

2113 3977 2251 4042 ζέτω
2281 3979 2380 4050 τὴν
2409 3980 2620 4050 ἀμείνω
2661 3984 2756 4037 καὶ
2784 3983 3000 4054 ἀληθῶς
3031 3985 3259 4057 ἔχουσαν
3301 3993 3330 4044 6
3353 3992 3682 4065 φιλομαθὴς,

2111 4068 2250 4140 πλὴν
2277 4071 2356 4133 είς
2383 4070 2444 4123 τὸ
2492 4071 2655 4142 ῥητὸν
2705 4072 2787 4128 ἔτι
2815 4074 3084 4146 λέγωμεν,
3121 4079 3213 4133 τὸν
3239 4081 3348 4135 τῶν
3383 4084 3688 4140 ἁπλουστέ-

2112 4178 2222 4231 ρων
2252 4164 2678 4236 ὰσφαλιζόμενοι
2718 4167 2865 4226 νοῦν.
2913 4171 3312 4246 Ἐπαπορήσειε
3357 4178 3465 4250 γὰρ
3501 4180 3565 4234 ἄν
3596 4199 3686 4247 τις

2107 4255 2164 4307 ἐν
2186 4254 2398 4319 τούτοις
2429 4259 2573 4311 κατά
2609 4259 2704 4312 δύο
2731 4261 2980 4332 τρόπους.
3012 4266 3122 4318 Καὶ
3149 4267 3365 4338 πρῶτον
3397 4269 3496 4341 μὲν
3536 4275 3675 4344 ἡμῖν

2107 4345 2407 4416 ὑπαντήσει
2435 4347 2627 4417 λέγων’
2655 4351 2718 4403 Ei
2743 4353 2920 4407 πάντα
2947 4355 3144 4410 εἰδέναι
3173 4359 3408 4429 Χριστὸν
3425 4364 3683 4418 πιστεύοι

2108 4455 2228 4507 μεν,
2275 4439 2328 4493 τί
2369 4441 2462 4493 τὸν
2506 4440 2703 4495 Ἰούδαν
2739 4443 3041 4512 ἐξελέξατο,
3112 4452 3206 4504 καὶ
3243 4452 3296 4504 τί
3329 4457 3440 4518 τοῖς
3469 4455 3682 4528 ἑτέροις

429 4506 603 4562 citum
639 4510 848 4566 iri?Ad
887 4514 1000 4570 haec
1029 4515 1162 4573 dicit
1196 4537 1208 4574 :
1246 4518 1304 4574 Si
1353 4523 1673 4579 calcaneum
1723 4543 1880 4583 suum
1913 4532 1998 4586 id-

436 4595 580 4618 ..Σ-Α-
611 4598 722 4618 Ιηᾼ-
756 4600 808 4618 νο.
858 4617 865 4618 ,
901 4603 914 4618 I
1155 4608 1208 4618 ι..
1266 4611 1278 4618 .
1519 4614 1530 4618 -
1704 4617 1712 4618 ,

2116 4530 2324 4600 hvéptEs
2369 4532 2672 4604 μαθηταῖς,
2715 4506 2814 4589 οὐκ
2844 4506 3148 4609 ἀγνοήσας,
3190 4543 3273 4596 ὅτι
3315 4506 3680 4618 καὶνπροδοὺς

430 4595 585 4650 circo
611 4598 814 4654 levavit
849 4603 1117 4662 adversus
1148 4608 1455 4678 Christum,
1487 4614 1631 4669 sicut
1667 4617 1744 4670 ait
1779 4617 1915 4688 ipse,
1945 4631 2004 4676 ut

2206 4595 2291 4600 --
2370 4595 2382 4604 .
2502 4595 2512 4602 .
2891 4595 2902 4605 .
2998 4595 3008 4609 .
3095 4595 3147 4605 -.
3320 4595 3677 4618 .-η-τη--.

2116 4620 2394 4687 ὶλώσεται,
2435 4626 2530 4678 καὶ
2561 4626 2672 4679 τῶν
2701 4627 2802 4696 τῆς
2833 4629 3204 4703 φιλοκερδείας
3252 4635 3384 4690 εῖσω
3424 4641 3678 4694 πεσεῖται

431 4685 826 4757 adimpleretur
865 4691 1178 4767 Scriptura,
1209 4716 1554 4774 nequaquam
1589 4707 1645 4762 in
1683 4709 1846 4780 culpa
1876 4728 2002 4769 esse

2116 4709 2351 4782 βρόχωνς
2381 4685 2544 4785 "sps:
2569 4716 2626 4770 δὲ
2656 4685 2797 4789 πρὸς
2821 4685 3065 4783 τούτοις·
3097 4685 3167 4776 Ei
3183 4685 3677 4801 3:33.55?»

429 4777 549 4847 ipse
582 4783 922 4850 censebitur,
952 4788 1047 4843 sed
1087 4795 1393 4852 necessitas
1432 4797 1526 4851 illa
1569 4815 1690 4870 quae
1720 4777 1795 4856 ut-
1822 4805 2002 4860 adim-

2116 4777 2345 4872 πτέρναν
2381 4777 2552 4876 ὲπῆρε
2585 4777 2726 4862 κατά
2770 4777 3045 4880 Χριστοῦ,
3082 4777 3224 4870 καθά
3270 4777 3444 4888 φησιν.
3484 4777 3674 4884 αὐτὸς,

427 4867 601 4936 pleret
636 4868 983 4944 Scripturam
1014 4893 1137 4934 eum
1171 4884 1448 4952 adigebat.
1497 4867 1672 4946 Nobis
1704 4904 1884 4950 autem
1933 4897 2001 4952 ad

2116 4867 2547 4967 {va-wlqueii'i)
2595 4867 2834 4970 Γραφή,
2885 4903 2984 4956 οὐκ
3033 4867 3534 4969 αὐτὸς-γᾶνινοοίτο
3572 4867 3672 4964 τέὲ

428 4955 645 5027 singula
682 4974 872 5017 eorum
920 4981 1044 5034 quae
1075 4969 1290 5039 objecta
1348 4981 1478 5029 sunt
1523 4979 1727 5036 acriter
1765 4998 1999 5054 respon-

428 5045 660 5072 4-..)..-
734 5061 810 5072 -_.
901 5063 939 5072 κ.
1213 5061 1226 5072 .
1310 5069 1320 5072 ᾼ
1555 5068 1567 5072 -
1654 5070 1662 5072 _

2116 4955 2382 5054 γεγονότος
2438 4955 2735 5055 ύίπαίτιοςί
2773 4955 2884 5046 αλλ’
2927 4997 2959 5064 ή
3008 4955 3391 5065 ἀναγκάζουσα
3439 5001 3673 5072 δύναμις

422 5045 662 5104 dendum
727 5061 849 5117 est,
890 5063 942 5110 et
994 5061 1416 5118 convenientem
1475 5068 1776 5142 unicuique
1842 5077 1996 5131 solu-

419 5137 625 5194 tionem
688 5143 896 5212 quibus
948 5153 1256 5217 poterimus
1325 5157 1639 5216 rationibus
1687 5137 1994 5223 subtexere

350 5266 351 5269 η
419 5237 657 5300 oportet,
685 5233 752 5288 ad
782 5234 1206 5296 aediﬁcationem
1247 5251 1303 5299 et
1328 5248 1766 5308 consolationem
1800 5270 1990 5312 eorum

418 5320 514 5388 qui
542 5321 913 5396 intelligendis
946 5344 1120 5387 sacrae
1154 5331 1456 5407 Scripturze
1505 5339 1646 5398 locis
1677 5359 1742 5398 ex
1785 5348 1989 5418 seipsis

420 5427 529 5467 non
561 5423 694 5470 sunt
722 5417 926 5475 idonei.
958 5423 1038 5477 Ac
1062 5425 1298 5493 primum
1323 5430 1542 5501 quidem
1573 5432 1812 5494 dicimus
1836 5417 1982 5508 quod

418 5501 467 5556 si
499 5501 566 5560 de
590 5506 828 5580 singulis
857 5527 980 5583 qua:
1007 5528 1037 5568 a
1070 5513 1180 5571 Deo
1203 5516 1349 5574 facta
1378 5531 1508 5577 sunt
1536 5501 1986 5586 istiusmodi-ser-

417 5597 674 5657 monibus
703 5602 783 5658 uti
813 5605 1363 5682 velimus,nunquam
1390 5631 1493 5673 nos
1527 5616 1688 5675 tinem
1737 5620 1984 5680 facturos

493 5773 535 5806 ⁸¹
571 5773 715 5830 ΡειιΙ.
753 5795 806 5834 τι
884 5781 968 5835 ιο.

2096 5077 2434 5148 πληροῦσθαι
2475 5081 2575 5152 τὴν
2601 5083 2845 5154 Γραφήν.
2881 5087 2971 5138 Δεῖ
2997 5087 3053 5141 δὲ
3098 5090 3244 5159 ἡμᾶς
3283 5093 3417 5163 πρὸς
3459 5093 3673 5150 ἕκαστα

2094 5168 2202 5221 τῶν
2235 5171 2543 5244 εἰρημένων
2576 5175 2992 5231 άντανίστασθαι
3018 5181 3253 5249 γοργῶς,
3297 5184 3390 5236 καὶ
3415 5185 3513 5256 τὴν
3541 5188 3673 5241 ἐκα-

2092 5257 2237 5329 τέρῳ
2277 5262 2593 5330 πρέπουσαν
2631 5264 2930 5334 ἀπολογίαν
2973 5270 3085 5332 τοῖς
3129 5270 3270 5323 κατὰ
3302 5271 3529 5343 δύναμιν
3573 5275 3667 5340 ἐξ-

2095 5353 2296 5418 υφᾶναι
2329 5353 2627 5424 λογισμοῖς,
2669 5357 2804 5426 πρὸς
2838 5358 3128 5430 οἰκοδομὴν
3175 5362 3271 5415 καὶ
3317 5365 3666 5436 παράκλησιν

2093 5442 2201 5495 τῶν
2247 5444 2345 5495 οὐκ
2380 5446 2765 5515 ἐπαρκούντων
2797 5450 3008 5504 οἴκοθεν
3049 5452 3232 5520 σφίσιν
3258 5455 3439 5520 αὐτοῖς
3477 5459 3558 5522 είς
3601 5458 3665 5513 τὸ

2096 5534 2358 5588 δύνασθαι
2399 5540 2538 5590 νοεῖν
2576 5539 2644 5592 τὰ
2681 5543 2740 5594 ὲν
2781 5544 2847 5611 τῇ
2877 5541 2998 5614 θείᾳ
3040 5547 3252 5620 Γραφῇ.
3302 5549 3411 5602 Καὶ
3442 5551 3661 5622 πρῶτον

2099 5625 2198 5696 μὲν
2223 5628 2396 5683 ἐκεῖνό
2427 5646 2626 5697 φαμεν,
2663 5633 2737 5696 ὡς
2781 5635 2828 5686 εί
2859 5634 3148 5707 μέλλοιμεν
3178 5642 3263 5710 ἐφ’
3299 5641 3514 5713 ἑκάστῳ
3548 5644 3658 5697 τῶν
