3884 6208
144 325 250 384 ηε

1203 323 1267 381 ΙΝ
1308 324 1592 382 1οΑΝΝ18
1626 325 2082 384 EVANGELIUM
2123 327 2255 383 LIB.
2285 328 2377 384 ΙΧ.

3302 333 3404 390 150

141 442 450 513 γεγονότων
492 442 644 513 παρὰ
683 440 819 496 Θεοῦ
853 442 966 505 τοῖς
1001 440 1268 506 τοιούτοις
1308 442 1712 515 ἀποκεχρῆσθαι

1827 442 2148 510 increpandi
2201 442 2578 514 carpendique
2630 445 2868 516 opiﬁcis,
2919 446 3241 503 immensam
3282 450 3404 520 ejus

139 539 360 607 λόγοις,
430 534 806 605 καταλέξομεν
887 535 1143 606 οὐδαμῶς
1218 536 1578 606 ἐπιτιμῶντες
1646 534 1724 605 τῷ

140 633 381 701 ποιητῇ,
425 628 916 700 διαλοιδορούμενοί
946 646 1006 681 τε
1040 628 1120 699 τῷ
1161 629 1300 700 πρὸς
1348 630 1411 682 τὸ
1457 624 1597 682 εῖναι
1652 628 1724 681 τὰ

138 726 244 778 οὐκ
276 725 405 778 ὂντα
453 722 709 777 καλοῦντι
754 722 908 793 Θεῷ,
967 725 1061 776 καὶ
1110 723 1208 794 τὴν
1258 726 1499 795 ἄμετρον
1554 721 1719 776 αὐτοῦ

137 816 557 887 φιλανθρωπίαν
589 816 940 886 διασύροντες
988 816 1237 886 ἀμαθῶς.
1291 817 1355 869 Τί
1404 815 1553 887 γὰρ,
1599 817 1720 869 είπέ

140 927 259 979 μοι,
307 910 402 962 καὶ
431 908 520 960 ἑτέ
531 906 979 979 ρουςοδιακωλύει
1014 908 1178 978 τυχὸν
1207 908 1501 977 ἐγκαλέσαι
1532 908 1720 976 λέγον-

131 1019 238 1065 τας
260 1020 274 1032 ’
316 1002 382 1055 Τί
421 1002 513 1055 τὸν
544 1001 719 1055 Σαοὺλ
750 1001 1011 1068 ἐπελέξω,
1044 1002 1140 1055 καὶ
1172 1002 1251 1064 εἰς
1281 1000 1504 1071 βασιλέα
1536 1001 1722 1072 κέχρι-

135 1111 245 1157 κας
275 1094 372 1146 ἐπὶ
422 1093 515 1146 τὸν
575 1093 829 1165 Ἰσραὴλ,
878 1092 1032 1156 εἰδὼς
1072 1094 1154 1147 ὅτι
1204 1093 1422 1156 πάντως
1465 1093 1719 1164 ἀθετήσει

130 1183 240 1252 τὴν
274 1184 469 1253 χάριν;
497 1183 610 1237 Καὶ
633 1184 687 1236 τί
714 1182 872 1236 τοῦτο
886 1184 1066 1252 λέγω;
1101 1184 1458 1256 ’Λναὸήσεται
1481 1185 1589 1256 γὰρ
1617 1185 1719 1254 τῆς

132 1275 378 1345 αἱτίαςή
405 1276 679 1347 πρόφασις
720 1276 813 1329 ἐπὶ
858 1278 948 1329 τὸν
996 1275 1089 1329 τοῦ
1126 1278 1319 1345 γένους
1375 1276 1714 1348 καθηγητὴν,

130 1368 285 1421 τοῦτ’
324 1368 471 1423 ἔστιν
516 1369 708 1440 Ἀδάμ.
765 1371 913 1441 Ἐρεῖ
955 1369 1013 1423 δέ
1058 1386 1141 1433 τις
1193 1370 1356 1440 τυχὸν
1385 1370 1492 1422 τῶν
1533 1372 1717 1422 ἐκεῖνα

130 1459 584 1529 διεσκεμμένωνο
632 1460 698 1513 Τί
746 1460 836 1513 τὸν
884 1459 1103 1531 πρῶτον
1152 1458 1439 1530 ἄνθρωπον
1474 1458 1716 1522 ἔπλασας

129 1551 248 1604 ἀπὸ
286 1554 390 1621 γῆς
442 1554 470 1604 ό
505 1549 574 1605 τά
621 1551 799 1605 πάντα
836 1550 1027 1617 είδώς;
1077 1552 1151 1605 Οὐ
1206 1551 1315 1622 γὰρ
1362 1550 1578 1619 ἠγνόεις
1634 1551 1715 1603 ὅτι

128 1643 387 1694 πεσεῖται
450 1641 549 1712 τὴν
604 1641 852 1695 δοθεῖσαν
901 1643 1051 1713 αὑτῷ
1105 1643 1420 1714 παρελάσας
1471 1642 1713 1714 ἐντολήν.

127 1731 296 1785 Κατά
322 1732 414 1784 τὸν
443 1733 605 1786 αὐτὸν
642 1732 831 1787 τοῦτον
863 1733 1020 1802 λόγον
1047 1736 1141 1788 καὶ
1179 1735 1272 1787 ἐπὶ
1305 1738 1417 1799 τοῖς
1455 1736 1714 1806 ἀνωτέρω

1828 535 2223 606 benignitatem
2297 538 2467 592 stulte
2539 539 2935 594 convellentes.
3005 539 3145 607 Quid
3215 543 3402 607 enim.

1829 639 2036 694 quaeso,
2084 625 2401 695 prohibebit
2438 627 2608 682 etiam
2658 627 2799 683 alios
2839 627 3097 683 incusare
3139 630 3309 685 Deum
3340 647 3404 686 ac

1828 718 2056 774 dicere:
2089 719 2202 772 Cur
2234 718 2452 774 Saulem
2485 720 2720 791 elegisti,
2762 730 2819 776 et
2870 722 2925 775 in
2961 737 3140 793 regem
3197 724 3403 780 unxisti

1828 825 1995 879 super
2044 808 2245 877 Israel,
2290 827 2453 881 quem
2521 813 2752 881 gratiam
2810 813 3040 867 omnino
3091 823 3405 882 spreturum

1827 904 2081 959 sciebas?
2105 903 2171 959 Et
2196 905 2328 975 quid
2360 906 2466 959 hoc
2491 906 2612 959 aio?
2635 904 2772 960 Nam
2805 908 2972 977 hujus
2998 908 3409 966 criminationis

1825 1011 1990 1052 causa
2021 998 2089 1051 ad
2122 998 2301 1067 ipsum
2334 998 2556 1068 generis
2593 1006 2876 1054 auctorem
2912 1001 3193 1065 ascendet,
3223 1002 3277 1055 id.
3321 1013 3406 1056 est

1824 1089 2022 1143 Adam.
2060 1090 2219 1156 Quod
2268 1089 2415 1145 dicet
2451 1090 2641 1145 forsan
2700 1092 2899 1161 aliquis
2945 1108 3135 1146 eorum
3176 1094 3271 1161 qui
3330 1094 3402 1147 ita

1826 1181 2071 1236 sentiunt
2092 1200 2105 1235 :
2125 1180 2240 1235 Cur
2266 1181 2507 1251 primum
2539 1182 2817 1237 hominem
2850 1182 3099 1238 formasti
3133 1183 3201 1238 de
3232 1190 3401 1249 terra,

1824 1274 1917 1343 qui
1970 1273 2157 1327 omnia
2198 1272 2388 1328 nosti?
2429 1270 2543 1327 Nec
2591 1273 2736 1327 enim
2802 1273 3100 1343 ignorabas
3140 1288 3400 1329 casurum

1824 1366 2004 1429 illum,
2053 1372 2239 1436 spreto
2297 1365 2445 1436 quod
2504 1373 2797 1435 acceperat
2861 1366 3144 1421 mandato.
3195 1365 3399 1421 Eodem

1823 1459 1985 1512 modo
2027 1464 2082 1513 et
2117 1473 2183 1513 ex
2218 1458 2436 1528 superis
2480 1473 2545 1512 ac
2579 1457 2901 1513 cmlestibus
2939 1472 3129 1512 ansam
3181 1473 3405 1529 quoque

1822 1549 2090 1620 carpendi
2140 1551 2390 1620 arripiet,
2425 1550 2671 1603 clamans
2701 1567 2713 1601 :
2746 1547 2860 1602 Cur
2910 1549 3228 1619 angelorum
3269 1564 3396 1603 cono

1822 1642 2013 1698 didisti
2062 1652 2341 1707 naturam,
2373 1656 2498 1695 cum
2536 1657 2645 1695 non
2679 1642 2985 1711 ignorares,
3015 1650 3075 1696 ut
3107 1640 3271 1704 Deus,
3309 1643 3399 1696 fu-

1821 1743 2002 1789 turam
2060 1736 2371 1806 aliquorum
2424 1731 2954 1788 defectionem?Nec
3003 1733 3149 1787 enim
3205 1748 3398 1788 serva-

125 1825 227 1876 καὶ
253 1825 498 1895 μείζοσιν
531 1825 611 1879 ἔτι
640 1829 940 1898 κατηγορεῖ
966 1827 1105 1898 βοῶν
1129 1844 1141 1857 ·
1170 1828 1323 1883 Διατί
1344 1829 1441 1900 τὴν
1462 1830 1712 1898 ἀγγέλων

1817 1833 2015 1879 verunt
2045 1841 2242 1881 omnes
2276 1841 2442 1880 suum
2481 1825 2874 1894 principatum.
2897 1819 3041 1891 Quid
3081 1840 3245 1894 porro
3270 1826 3398 1880 hinc

124 1915 611 1988 δεδημιούργηκας
641 1919 824 1987 φύσιν,
859 1920 969 1995 οὐκ,
992 1921 1288 1991 ἀγνοήσας,
1317 1922 1393 1985 ὡς
1422 1922 1575 1986 Θεὸς,
1614 1921 1714 1993 τὴν

122 2009 402 2077 ἐσομένην
432 2009 596 2062 τινῶν
646 2010 903 2064 ἀπόνοιαν
952 2013 1033 2076 εἰς
1090 2014 1436 2080 ἀπόστασιν;
1479 2014 1716 2085 Τετηρή-

124 2117 263 2153 κασι
301 2101 409 2172 γὰρ
458 2104 518 2155 οὐ
582 2097 785 2167 πάντες
840 2104 939 2176 τὴν
986 2106 1191 2177 οἰκείαν
1237 2106 1431 2185 ἀρχήν.
1485 2103 1621 2161 Εἶτα
1662 2105 1716 2159 τί

122 2193 193 2245 τὸ
249 2193 535 2260 ὲντεῦθενς
608 2196 672 2248 Ἦ
743 2197 837 2250 τοῦ
899 2197 1039 2251 Θεοῦ
1107 2199 1419 2268 πρόγνωσις
1477 2201 1579 2254 οὐκ
1648 2199 1714 2253 ἂν

123 2282 301 2335 αὑτὸν
384 2284 808 2359 συγκεχώρηκεν
872 2288 1103 2360 ὀφθῆναι
1181 2291 1547 2361 δημιουργὸν,
1598 2292 1713 2344 ἀλλ’

120 2375 239 2428 οὐδ’
268 2375 334 2429 ἂν
360 2378 393 2448 ἡ
424 2377 617 2449 λογικὴ
659 2381 841 2445 κτίσις
872 2381 1155 2453 παρῆλθεν
1193 2383 1329 2446 ὅλως
1354 2384 1434 2447 εἰς
1474 2384 1711 2450 γένεσιν,

124 2466 217 2518 ῖνα
248 2467 415 2536 μόνης
458 2468 559 2538 τῆς
600 2470 797 2538 ἀλόγου
856 2473 953 2526 καὶ
992 2472 1320 2544 ἀναισθήτου
1368 2473 1583 2544 φύσεως
1618 2472 1711 2543 βα-

123 2556 317 2627 σιλεύῃ
352 2557 483 2621 Θεὸς
506 2600 519 2621 ,
566 2560 702 2632 μηδὲ
748 2561 830 2614 ὅτι
870 2561 1003 2625 Θεὸς
1033 2562 1174 2616 κατὰ
1210 2562 1372 2631 φύσιν
1407 2564 1525 2616 ἐστὶ
1550 2580 1715 2631 γινω-

125 2651 418 2719 σκόμενος.
476 2654 688 2724 Χρῆναι
742 2654 799 2706 δὲ
866 2649 1020 2725 οἶμαι
1076 2654 1310 2725 μάλιστα
1364 2655 1427 2725 δὴ
1494 2656 1712 2709 πάντων

123 2746 309 2797 ἐκεῖνο
356 2744 849 2816 διασκεπτομένους
882 2747 1047 2817 όρᾷν,
1089 2746 1171 2798 ὅτι
1203 2748 1316 2809 τοῖς
1340 2745 1577 2813 λογικοῖς
1601 2744 1710 2797 τῶν

122 2837 448 2905 κτισμάτων
508 2837 645 2901 ἰδίας
705 2838 1081 2909 προαιρέσεως
1120 2837 1382 2907 ἀπένειμε
1419 2837 1519 2902 τὰς
1552 2839 1710 2909 ἡνίας

120 2929 152 2979 ό
183 2928 405 2981 πάντων
437 2930 811 3000 Δημιουργὺς,
862 2930 955 2983 καὶ
1000 2929 1443 2993 αὐτοκελεύστοις
1500 2930 1710 3001 ἀφῆκεν

122 3016 268 3073 εἶναι
310 3024 537 3090 ῥοπαῖς,
584 3023 669 3090 ἐφ’
702 3023 839 3093 ὅπερ
887 3021 953 3076 ἀν
1007 3022 1241 3085 ἕκαστος
1272 3022 1513 3091 βούλοιτο
1546 3022 1709 3092 τυχὸν

122 3111 274 3181 ἔχειν
302 3113 499 3183 ἄριστα
523 3112 823 3182 δοκιμάσας
849 3113 940 3166 τὸν
970 3113 1192 3184 τρόπον.
1226 3115 1289 3167 Οἱ
1324 3114 1423 3184 μὲν
1456 3109 1549 3167 οὖν
1593 3116 1707 3177 τοῖς

1821 1919 2115 1989 sequitur?
2139 1919 2277 1973 Illud
2312 1918 2599 1984 videlicet,
2628 1928 2687 1972 ut
2740 1919 3189 1989 prmcognitionis
3230 1934 3398 1974 causa

1820 2016 1915 2061 aut
1945 2009 2080 2062 nihil
2125 2009 2352 2063 omnino
2392 2022 2584 2062 creare
2630 2008 2907 2069 debuerit,
2939 2015 3036 2062 aut
3072 2016 3221 2064 certe
3246 2024 3397 2063 crea-

1817 2113 1999 2159 turam
2040 2105 2247 2159 nullam
2302 2104 2538 2157 rationis
2582 2112 2892 2174 compotem
2930 2105 3157 2157 omnino
3193 2101 3399 2171 produ-r

1818 2211 1967 2260 cere,
2017 2205 2077 2251 ut
2129 2197 2439 2251 irrationali
2471 2206 2685 2251 tantum
2724 2205 2777 2251 et
2825 2212 3022 2253 sensus
3053 2195 3261 2263 experti
3294 2209 3397 2250 na-

1817 2299 1955 2345 tura:
1990 2290 2133 2346 Deus
2184 2290 2440 2360 imperet,
2480 2306 2580 2344 nec
2627 2290 2746 2359 ipse
2785 2291 3012 2345 omnino
3058 2298 3257 2343 natura
3295 2303 3397 2344 sua

1818 2380 1962 2437 Deus
1992 2391 2383 2452 cognoscatur.
2411 2381 2547 2436 Illud
2578 2390 2759 2436 autem
2787 2383 3025 2435 maxime
3048 2382 3398 2436 consideran-

1816 2473 1944 2527 dum
1970 2472 2040 2527 iis
2072 2472 2346 2535 arbitror,
2376 2472 2618 2527 universi
2651 2471 2900 2541 opificem
2931 2471 3397 2526 intellectualibus

1815 2562 2093 2616 creaturis
2125 2562 2432 2617 voluntatis
2475 2576 2589 2615 sua:
2642 2560 2889 2615 habenas
2942 2562 3312 2625 commisisse,
3341 2571 3397 2616 et

1816 2663 2128 2724 spontaneo
2167 2662 2319 2710 motu
2354 2668 2420 2709 eo
2452 2654 2581 2708 ferri
2620 2652 2968 2724 permisisse,
3002 2669 3111 2722 quo
3158 2654 3396 2725 quisque
3425 2712 3427 2715 ,

1813 2744 1963 2796 velit.
2009 2743 2114 2809 Qui
2157 2758 2291 2815 ergo
2335 2743 2661 2798 melioribus
2708 2752 2859 2797 recte
2892 2757 2951 2797 se
2988 2743 3395 2813 applicuerunt,

1813 2836 2041 2905 gloriam
2084 2850 2239 2889 suam
2292 2842 2539 2899 servant,
2595 2842 2652 2889 et
2699 2834 2972 2889 bonorum
3022 2835 3127 2889 sibi
3161 2850 3395 2891 conces-

1813 2941 1999 2981 sorum
2033 2926 2329 2997 participes
2357 2932 2606 2992 manent,
2626 2934 2679 2980 et
2713 2925 2977 2980 felicitate
3009 2942 3115 2996 qua
3142 2928 3401 2983 excidere

1812 3030 2116 3091 nequeant,
2138 3019 2503 3090 perfruuntur
2520 3036 2541 3087 ',
2558 3019 2650 3088 qui
2676 3034 2806 3073 vero
2840 3019 3081 3089 prepriis
3106 3019 3399 3074 affectibus

1812 3118 2270 3181 corrumpuntur,
2308 3113 2678 3181 cupiditatum
2726 3122 2865 3166 testu
2899 3128 3008 3182 quo
3068 3111 3225 3167 nefas
3276 3125 3396 3167 erat

120 3181 378 3272 ἀμείνοσι
399 3181 854 3274 προσνενευκότες
877 3181 1073 3275 ὀρθῶς,
1100 3204 1197 3275 τὴν
1220 3181 1357 3256 ἰδίαν
1381 3202 1705 3266 διασώζουσι

1816 3202 2064 3263 abducti.
2097 3203 2256 3273 731
2286 3204 2485 3273 dignas
2539 3203 2841 3260 sceleribus
2887 3181 3006 3260 suis
3058 3220 3253 3273 poenas
3291 3205 3395 3260 da-

121 3294 321 3359 δοξαν,
362 3295 456 3346 καὶ
508 3295 568 3346 ἐν
624 3294 835 3365 μεθέξει
893 3296 1115 3366 μένουσι
1157 3296 1267 3348 τῶν
1327 3295 1705 3365 ἀπονεμηθέν-

121 3401 244 3437 των»
266 3385 449 3448 αὐτοῖς
484 3386 739 3453 ἀγαθῶν,
776 3386 1171 3456 ἀμετάπτωτόν
1210 3404 1269 3439 τε
1307 3388 1407 3457 τὴν
1441 3387 1707 3457 εὐθυμίαν

122 3475 515 3546 εὑρίσκουσιν·
578 3477 629 3529 oi
696 3477 753 3528 δὲ
817 3480 922 3541 τοῖς
996 3477 1147 3541 ἰδίοις
1219 3477 1708 3549 καταφθειρόμενοι

122 3568 449 3637 λογισμοῖς,
496 3569 591 3621 καὶ
639 3569 723 3636 ἐφ’
754 3568 791 3622 ἀ.
841 3569 916 3640 μὴ
969 3569 1127 3639 θέμις
1167 3569 1490 3632 ἀκαθέκτοις
1520 3569 1708 3641 ὥσπερ

126 3657 398 3728 ῥεύμασιν
424 3656 726 3726 ἐπιθυμιῶν
750 3659 1206 3729 κατασυρόμενοι,
1233 3663 1332 3729 τὴν
1362 3660 1547 3722 αὐτοῖς
1576 3659 1699 3728 πρέ·

126 3766 339 3803 πουσαν
371 3750 703 3820 ὑπομένουσι
741 3750 917 3820 δίκην,
946 3750 1043 3803 καὶ
1088 3752 1187 3820 τὴν
1228 3752 1319 3803 ἐπὶ
1362 3754 1482 3813 ταῖς
1517 3752 1711 3821 ἀχαρι-

125 3844 309 3904 στίαις
342 3843 563 3913 εἰκότως
593 3843 957 3913 ὑπομένοντες
983 3844 1224 3914 γραφὴν,
1266 3844 1365 3914 τὴν
1394 3843 1577 3913 ἀπηνῆ
1619 3844 1711 3895 καὶ

124 3934 439 4003 ἀπέραντον
465 3934 863 4004 ύποστήσονται
903 3933 1144 3989 κόλασιν.
1184 3934 1306 3986 Ἐπὶ
1346 3933 1557 3995 τούτοις
1600 3936 1709 3996 τοῖς

123 4028 378 4095 ὁρισμοῖς
407 4024 706 4095 γενομένην
731 4026 984 4096 εὑρήσεις
1007 4025 1106 4095 τὴν
1134 4025 1241 4078 τῶν
1261 4024 1508 4093 ἀγγέλων
1529 4024 1709 4094 φύσιν.

124 4117 193 4167 Ui
222 4116 322 4186 μὲν
346 4116 455 4186 γὰρ
482 4116 910 4186 διατηρήσαντες
934 4115 1033 4187 τὴν
1057 4117 1263 4171 οίκείαν
1285 4117 1480 4187 ἀρχὴν,
1506 4117 1710 4170 ἀναπόο

123 4207 326 4278 ϐλητον
359 4206 540 4277 ἔχουσι
564 4208 664 4277 τὴν
703 4208 790 4276 ἐφ’
811 4207 983 4262 ἆπασι
1016 4213 1128 4273 τοῖς
1160 4210 1386 4278 ἀγαθοῖς
1422 4211 1629 4282 ἴδρυσίν
1653 4228 1712 4263 τε

122 4300 225 4354 καὶ
258 4300 463 4353 στάσιν·
511 4301 558 4353 oi
604 4300 659 4353 δὲ
710 4304 824 4365 τοῖς
882 4303 974 4354 ἐπὶ
1024 4302 1093 4355 τά
1141 4302 1310 4373 χείρω
1341 4301 1572 4373 νεύμασι
1616 4303 1713 4372 τῆς

120 4390 364 4460 ἀρχαίας
423 4392 640 4463 ἐκείνης
692 4394 942 4457 εὐκλείας
992 4393 1445 4465 διολισθήσαντες,
1505 4396 1714 4464 σειραῖς

122 4483 293 4548 ζόφου
343 4482 839 4553 τεταρταρωμένοι,
874 4482 1015 4536 κατά
1062 4483 1125 4536 τὸ
1178 4484 1580 4553 γεγραμμένον.
1634 4485 1712 4545 εἰς

1809 3292 1970 3357 bunt,
2010 3303 2064 3347 et
2115 3293 2187 3346 ob
2244 3294 2447 3363 ingrati
2499 3295 2669 3348 animi
2715 3310 2912 3348 noxam
2970 3295 3097 3364 jure
3150 3295 3391 3350 damnati

1809 3398 1973 3453 grave
2014 3391 2069 3438 et
2103 3390 2372 3438 aeternum
2428 3385 2763 3454 supplicium
2813 3386 2985 3439 luent.
3013 3385 3109 3439 His
3142 3388 3399 3442 terminis

1811 3476 2135 3545 angelorum
2176 3487 2429 3529 naturam
2467 3476 2715 3531 invenies
2753 3478 3047 3531 contineri.
3090 3476 3194 3544 Qui
3243 3480 3391 3532 enim

1811 3576 2105 3622 servarunt
2143 3583 2303 3622 suum
2338 3568 3153 3638 principatum,inconcussam
3194 3570 3397 3625 habent

1813 3655 1867 3708 in
1899 3656 2158 3710 omnibus
2197 3656 2357 3710 bonis
2418 3656 2730 3712 firmitatem
2773 3666 2938 3727 atque
2985 3662 3397 3725 constantiam;

1811 3747 1907 3818 qui
1938 3763 2069 3801 vero
2107 3749 2159 3801 in
2192 3748 2469 3802 deteriora
2510 3751 2764 3805 conversi
2806 3750 2895 3803 illa
2934 3752 3158 3821 antiqua
3193 3752 3394 3806 nobili-

1814 3848 1923 3895 tate
1963 3840 2309 3906 exciderunt,
2353 3842 2679 3897 rudentibus
2732 3843 2933 3898 inferni
2974 3844 3396 3906 detracti,sicut

1813 3932 2079 4001 scriptum
2126 3942 2232 3998 est,
2272 3934 2327 3987 in
2379 3934 2651 4003 judicium
2706 3952 2919 4006 magna:
2966 3937 3073 3992 diei
3129 3940 3395 3993 reservati

1815 4034 1944 4078 sunt
1974 4024 2041 4078 ".
2081 4022 2174 4079 Sic
2217 4024 2399 4080 factus
2428 4037 2513 4080 est
2544 4027 2706 4081 initio
2752 4029 2964 4097 primus
2996 4029 3085 4084 ille
3119 4030 3303 4096 homo,
3340 4030 3398 4084 id

1813 4126 1899 4172 cst
1926 4116 2127 4169 Adam.
2154 4118 2287 4170 Erat
2309 4119 2457 4172 cnim
2484 4120 2540 4173 in
2573 4119 2851 4189 paradiso,
2871 4129 2925 4175 et
2951 4122 3005 4174 in
3038 4123 3269 4177 summis
3300 4122 3395 4177 de-

1815 4207 1981 4270 liciis,
2017 4207 2363 4276 spiritalibus
2408 4211 2694 4275 nimirum,
2737 4220 2791 4266 et
2821 4212 2993 4282 gloria
3021 4216 3163 4285 apud
3196 4215 3390 4273 Deum.

1815 4300 1883 4354 Et
1932 4302 2331 4369 permansisset
2378 4303 2601 4371 quidem
2645 4304 2698 4357 in
2732 4290 2991 4374 'pristinis
3033 4309 3143 4363 illis
3186 4320 3395 4365 natura»

1816 4390 1996 4455 bonis,
2025 4392 2129 4446 nisi
2156 4406 2461 4447 conversus
2484 4401 2631 4447 esset
2659 4396 2709 4447 in
2732 4393 3096 4451 defectionem
3123 4409 3178 4453 et
3202 4400 3394 4457 inobo—

1816 4481 2104 4548 dientiam,
2144 4483 2333 4536 datum
2392 4484 2495 4537 sibi
2536 4483 2774 4555 desuper
2806 4488 3121 4542 mandatum
3173 4495 3391 4550 stultis~

122 4572 311 4641 κρίσιν
340 4572 582 4641 μεγάλης
614 4573 825 4643 ἡμέρας
861 4574 1213 4642 τετήρηνται.
1247 4572 1434 4635 Οὕτως
1488 4571 1712 4642 πεποίη-

1818 4576 1955 4628 sime
1989 4583 2437 4645 praetergressus.
2492 4575 2586 4630 Sic
2630 4578 2788 4631 unxit
2825 4577 3045 4635 Saulem
3088 4583 3143 4637 in
3182 4599 3390 4657 regem.

122 4677 219 4713 ται
251 4662 394 4713 κατά
418 4660 519 4731 τὴν
549 4661 723 4733 ἀρχὴν
749 4663 779 4714 ὁ
807 4662 1022 4732 πρῶτος
1057 4661 1368 4732 ἄνθρωπος,
1397 4659 1544 4713 τοῦτ’
1568 4660 1714 4713 ἔστιν

122 4754 157 4804 ό
182 4752 377 4820 Ἀδάμ.
406 4748 516 4806 Ἦν
572 4755 671 4824 μὲν
726 4754 835 4825 γὰρ
885 4756 943 4807 ἐν
1001 4755 1337 4826 παραδείσῳ,
1372 4756 1467 4809 καὶ
1507 4757 1565 4808 ὲν
1597 4758 1715 4819 ταῖς

122 4842 393 4896 ἀνωτάτω
423 4848 681 4915 τρυφαῖς,
738 4848 1136 4916 πνευματικαῖς
1166 4846 1427 4917 δηλονότι,
1461 4848 1555 4900 καὶ
1586 4846 1714 4918 δόξῃ

122 4937 193 5004 τῇ
224 4935 378 5005 παρὰ
412 4934 551 5005 Θεῷ.
589 4937 699 4989 Καὶ
725 4936 992 5007 διέμεινεν
1028 4935 1092 4989 ἂν
1114 4938 1172 4990 έν
1196 4939 1311 4999 τοῖς
1338 4935 1589 5007 ἀρχαίοις
1613 4934 1713 5005 τῆς

126 5028 345 5094 quidam;
371 5026 618 5095 ἀγαθοῖς,
650 5029 699 5079 εί
723 5027 797 5099 μὴ
825 5027 1099 5099 τέτραπτο
1123 5027 1259 5099 πρὸς
1286 5028 1589 5081 ἀπόστασιν
1616 5028 1711 5080 καὶ

126 5117 433 5187 παρακοὴν,
482 5118 816 5171 ἀϐουλότατα
869 5118 1154 5188 παρελθὼν
1209 5119 1306 5199 τὴν
1348 5119 1711 5190 διορισθεῖσαν

125 5206 350 5278 ἐντολὴν
381 5208 609 5262 ἀνωθεν.
649 5209 807 5262 Οὕτω
839 5210 1065 5280 κέχρικε
1104 5210 1196 5263 τὸν
1225 5210 1398 5263 Σαοὺλ
1441 5212 1522 5273 εἰς
1554 5210 1708 5281 βασι-

124 5299 244 5353 λέα.
269 5295 381 5351 Ἦν
408 5299 507 5369 μὲν
530 5302 639 5371 γὰρ
665 5303 723 5353 ὲν
752 5303 948 5373 ἀρχαῖς
972 5303 1032 5354 οὐ
1055 5302 1255 5372 φαῦλος
1284 5303 1442 5373 ἀνὴρ,
1476 5302 1707 5373 ὀφθέντα

125 5408 189 5459 γε
224 5391 331 5462 μὴν
357 5393 540 5446 οὐκέτι
593 5394 832 5447 τοιοῦτον
872 5394 1095 5466 μεθίστη
1143 5397 1240 5466 τῆς
1267 5395 1425 5467 δόξης
1468 5397 1564 5450 καὶ
1604 5397 1705 5467 τῆς

128 5484 398 5553 βασιλίδος
420 5487 603 5557 τιμῆς.
646 5486 831 5551 Οὕτως
882 5486 1172 5553 ἐπελέξατο
1221 5489 1311 5541 τὸν
1346 5489 1567 5554 Ἰούδαν,
1609 5489 1703 5542 καὶ

126 5579 239 5640 τοῖς
296 5576 472 5644 ἁγίοις
517 5578 677 5632 αὐτὸν
725 5576 948 5651 ἀνέμιξε
1008 5577 1301 5651 μαθηταῖς,
1368 5580 1697 5652 ἐπιτηδείως

199 5753 244 5784 ⁸¹
284 5754 439 5809 ludat
472 5756 526 5810 6.

1816 4664 1946 4720 Erat
1983 4667 2130 4719 enim
2168 4667 2250 4719 vir
2294 4666 2440 4721 haud
2496 4669 2674 4722 malus
2727 4670 2906 4734 initio,
2942 4672 3035 4726 sed
3065 4688 3189 4729 cum
3228 4679 3393 4735 talem

1815 4772 1875 4812 se
1903 4772 2012 4811 non
2046 4757 2289 4825 amplius
2321 4758 2674 4827 przebuissel,
2704 4760 2877 4829 gloria
2906 4773 2958 4816 et
2986 4767 3139 4834 regni
3184 4767 3399 4827 honore

1813 4849 2044 4903 excidit.
2076 4847 2166 4903 Sic
2195 4847 2393 4903 Judam
2429 4849 2620 4921 elegit,
2640 4862 2691 4906 et
2718 4856 2925 4908 sanctis
2948 4855 3242 4926 discipulis
3269 4878 3397 4917 enin

1814 4941 2130 5011 adscripsit,
2169 4956 2294 4995 cum
2338 4941 2596 4997 idoneum
2644 4959 2702 4999 se
2755 4947 3029 5018 principio
3061 4960 3391 5009 sectatorem

1812 5046 1876 5085 ac
1920 5030 2254 5100 discipulum
2286 5040 2599 5101 praestaret.
2646 5031 2752 5088 Sed
2798 5046 3087 5108 postquam
3125 5044 3396 5111 paulatim

1810 5138 1840 5176 a
1875 5120 2081 5177 Salana
2132 5131 2380 5180 tentatus
2428 5133 2485 5180 et
2540 5126 2681 5180 lucri
2713 5129 2902 5183 studio
2952 5132 3201 5203 irretitus
3266 5137 3397 5191 huic

1809 5215 1945 5269 vitio
1978 5216 2295 5279 succubuit,
2330 5216 2533 5270 factum
2574 5220 2643 5273 ob
2691 5219 2748 5274 id
2786 5222 3122 5290 proditorem
3170 5226 3395 5281 demum

1807 5308 2031 5378 repulit.
2058 5308 2209 5363 Nihil
2239 5324 2374 5381 ergo
2404 5310 2469 5363 ad
2497 5325 2621 5365 eum
2655 5313 2750 5382 qui
2787 5314 2975 5384 elegit.
3006 5313 3181 5370 Penes
3234 5318 3395 5371 iilum

1812 5398 2017 5468 quippe
2038 5407 2158 5451 erat
2192 5413 2302 5452 non
2335 5399 2559 5464 cadere,
2589 5400 2633 5455 si
2667 5401 2893 5455 meliora
2926 5403 3186 5457 nimirum
3232 5421 3391 5458 com-

1816 5490 1975 5559 plecti
2022 5490 2310 5554 voluisset,
2354 5500 2632 5561 totamque
2690 5508 2846 5548 suam
2900 5503 3133 5549 mentem
3177 5495 3245 5549 ad
3298 5514 3389 5549 se—

1813 5579 2094 5650 quendum
2128 5581 2347 5635 sincere
2387 5580 2670 5636 Christum
2707 5583 3113 5639 transtulisset.
3140 5583 3225 5638 Ad
3254 5583 3397 5641 alte-
