3894 6200
535 304 633 360 151

1520 312 1580 368 S.
1610 311 1896 369 CYRILLI
1933 314 2408 377 ALEXANDRINI
2431 322 2753 385 ARCIIIEP.

3680 336 3787 392 132

454 442 455 445 η
531 437 552 476 ι
568 437 654 476 am
674 437 841 527 porro
865 423 1012 495 quod
1034 427 1377 498 pr0positum
1410 440 1552 497 erat,
1570 432 1836 490 dicimus.
1860 434 2077 492 Nemini

2206 442 2396 512 έχοντα
2420 446 2661 518 δηλονότι
2693 449 2830 520 πρὸς
2857 450 3212 524 ἀκολούθησιν
3233 454 3290 509 ἐν
3318 454 3536 526 ἀρχαῖς.
3563 454 3783 527 Ἐπειδὴ

530 513 835 568 secundum
867 518 1234 585 quorumdam
1281 521 1511 576 stultum
1545 534 1948 593 commentum,
1984 529 2105 583 exi-

529 606 865 662 stimandum
910 618 995 664 est
1057 610 1261 667 idcirco
1322 630 1445 685 quae
1488 629 1521 668 a
1554 618 1770 673 sanctis
1818 621 2104 689 prophetis

527 697 675 752 dicta
711 710 840 754 sunt
892 702 961 754 ad
990 704 1197 757 exitum
1251 706 1505 775 perduci,
1538 715 1600 762 ut
1654 708 1960 780 Scriptura:
2002 714 2105 767 im-

527 788 803 858 pleantur.
849 790 983 845 Nam
1016 795 1065 849 si
1116 796 1193 848 ita
1222 812 1281 851 se
1312 813 1402 853 res
1442 799 1660 864 habeat,
1699 802 1837 855 nihil
1875 805 2103 860 omnino

524 881 727 935 vetabit
777 884 1078 953 quominus
1115 892 1435 943 necessario
1480 888 1791 961 Scripturis
1822 893 2032 949 addicti
2071 911 2102 949 a

527 982 756 1042 peccato
802 987 1161 1043 excusentur,
1191 979 1303 1033 imo
1355 996 1489 1036 vero
1538 985 1858 1040 nullatenus
1908 1002 2103 1053 pecca-

524 1065 726 1118 verint.
789 1065 845 1121 Si
898 1068 1046 1121 cutim
1106 1084 1199 1124 eas
1258 1070 1475 1140 impleri
1530 1075 1841 1141 oportebat,
1890 1076 2100 1147 inquiet

521 1157 746 1226 aliquis,
781 1166 837 1212 et
881 1174 977 1228 per
1024 1160 1125 1214 hos
1168 1161 1406 1231 impleta:
1439 1173 1591 1230 sunt,
1644 1166 1724 1219 illi
1763 1168 1956 1237 utique
2004 1184 2101 1238 per

520 1264 661 1317 quos
701 1251 939 1319 impleta:
977 1260 1107 1306 sunt
1150 1255 1301 1307 omni
1338 1255 1499 1325 culpa
1542 1259 1841 1312 vacabunt.
1874 1260 2098 1331 Alioqui

518 1340 706 1393 divina
738 1342 855 1411 ipsa
892 1341 1177 1412 Scriptura
1228 1349 1440 1414 peccati
1490 1347 1739 1402 ministra
1768 1350 1938 1403 videri
1970 1366 2099 1421 pos-

517 1433 613 1495 sit,
645 1434 814 1487 veluti
855 1434 905 1487 vi
939 1434 1175 1505 quadam
1209 1450 1273 1489 ac
1319 1439 1654 1494 necessitate
1683 1442 1984 1497 nonnullos
2028 1442 2097 1497 ad

514 1523 608 1576 illa
654 1527 981 1593 pertraxerit
1016 1542 1138 1597 quae
1167 1528 1373 1599 scripta
1404 1541 1581 1595 erant,
1610 1540 1669 1585 υι
1708 1533 1851 1602 quod
1893 1536 2095 1603 praedi-

511 1628 663 1672 ctum
700 1628 784 1673 est
816 1621 946 1674 olim
986 1623 1191 1675 exitum
1220 1624 1439 1677 tandem
1488 1626 1802 1680 sortiretur.
1841 1625 2001 1692 Quod
2046 1627 2094 1681 si

512 1710 687 1773 dicas,
720 1711 941 1775 summi,
966 1712 1183 1782 Opinor,
1217 1712 1365 1767 istud
1397 1722 1478 1769 est
1512 1715 1711 1786 piaculi
1739 1730 1931 1786 genus.
1958 1715 2094 1781 Quis

2204 535 2261 589 δὲ
2288 536 2430 590 κατά
2456 538 2630 610 βραχὺ
2658 542 2936 611 πειράζων
2974 545 3003 596 ὁ
3029 544 3271 607 Σατανᾶς
3299 548 3421 609 ταῖς
3451 546 3782 617 αἰσχροκερ-

2204 629 2345 694 δίαις
2374 633 2872 705 προσεχειρώσατο,
2901 636 3191 707 νικηθέντα
3222 638 3299 709 τῷ
3331 638 3493 691 πάθει
3519 641 3615 693 καὶ
3648 656 3785 710 προσ

2202 722 2363 794 δότην
2390 724 2458 777 δι’
2485 726 2616 779 αὐτὸ
2649 728 2911 795 γεγονότα
2949 728 3133 782 λοιπὸν
3155 728 3461 784 ἀπεώσατο.
3496 730 3665 784 Οὐδὲν
3687 727 3783 785 οὖν

2201 815 2311 884 ἄρα
2338 816 2474 888 πρὸς
2504 818 2595 871 τὸν
2629 817 3149 890 ἐπιλεξάμενονῘΗν
3168 821 3276 892 γὰρ
3306 824 3363 875 ἐν
3394 820 3586 893 ἐκείνῳ
3606 822 3669 875 τὸ
3687 822 3784 875 δύ-

2202 908 2398 962 νασθαι
2431 909 2504 981 μὴ
2530 911 2828 976 διαπεσεῖν,
2861 912 3097 985 ἑλομένῳ
3123 914 3367 984 δηλονότι
3396 914 3464 967 τά
3495 914 3781 985 πρεπωδέ-

2202 1016 2391 1069 στερα,
2418 1001 2547 1071 ὃλην
2578 1018 2638 1054 τε
2670 1002 2768 1072 τὴν
2799 1002 2932 1055 ἰδίαν
2964 1003 3302 1073 μετατιθέντι
3335 1003 3577 1057 διάνοιαν
3605 1002 3687 1067 εἰς
3716 1001 3781 1054 τὸ

2199 1093 2397 1162 χρῆναι
2417 1092 2653 1163 γνησίως
2676 1092 3037 1165 ἀκολουθῆσαι
3083 1094 3322 1165 Χριστῷ.
3359 1095 3454 1158 Εἰς
3479 1094 3537 1148 δέ
3563 1111 3629 1163 γε
3663 1094 3777 1147 τῶν

2200 1184 2576 1255 προκειμένων
2621 1185 2685 1238 τὸ
2733 1186 2917 1257 ἕτερον
2959 1187 3135 1239 ἐκεῖνό
3168 1204 3367 1257 φαμεν.
3415 1188 3505 1258 Μὴ
3546 1188 3657 1257 γάρ
3686 1204 3777 1251 τις

2197 1276 2411 1341 οἰέσθω,
2431 1275 2572 1329 κατά
2596 1277 2692 1347 τήν
2719 1294 2882 1330 τινων
2913 1278 3187 1344 ἀϐουλίαν,
3220 1279 3309 1333 διά
3335 1279 3494 1335 τοῦτο
3522 1278 3773 1349 διεξάγε-

2199 1364 2322 1418 σθαι
2353 1368 2488 1437 πρὸς
2523 1368 2695 1436 πέρας
2741 1369 2810 1421 τά
2839 1368 2977 1438 ἔργα
3027 1370 3096 1422 τά
3136 1371 3643 1442 κεχρησμῳδημένα
3680 1370 3774 1424 διά

2195 1458 2302 1512 τῶν
2330 1460 2502 1526 ἁγίων
2532 1460 2846 1530 προφητῶν,
2877 1462 2963 1514 ἵνα
2992 1461 3330 1533 πληρωθεῖεν
3366 1465 3419 1516 αἰ
3449 1463 3681 1535 Γραφαί.
3706 1464 3773 1517 Εἰ

2195 1550 2304 1621 γάρ
2337 1551 2494 1604 τοῦτό
2521 1553 2668 1605 ἐστιν
2690 1552 2909 1623 ἀληθὲς,
2951 1553 3102 1607 οὐδὲν
3134 1554 3269 1618 ὅλως
3299 1555 3622 1609 διακωλύσει
3643 1556 3772 1620 τοὺς

2193 1648 2303 1709 τοῖς
2353 1645 2758 1717 γεγραμμένοις
2802 1647 3113 1715 ἀναγκαίως
3166 1648 3638 1719 ὑπηρετήσαντας,
3666 1646 3771 1699 ούκ

2195 1738 2601 1808 ἀπροφάσιστον
2646 1739 2790 1808 ἔχειν
2818 1738 2915 1810 τὴν
2954 1740 3247 1811 ἁμαρτίαν,
3284 1740 3486 1810 μᾶλλον
3518 1739 3576 1793 δὲ
3604 1739 3768 1793 ούδα-

511 1802 657 1854 enim
685 1802 821 1856 adeo
851 1802 1086 1859 rationis
1138 1812 1193 1857 et
1227 1804 1428 1860 mentis
1461 1805 1619 1876 inops
1672 1807 1799 1869 erit,
1826 1816 1885 1859 ut
1917 1814 2077 1861 sanc‘t

2197 1802 2315 1901 prii;
2355 1802 2902 1901 πεπλημμεληκέναί.
2956 1802 3016 1881 Ei
3062 1802 3169 1901 γάρ
3224 1802 3332 1883 ἔδει
3381 1829 3767 1901 πληρωθῆναι,

512 1902 672 1973 732
700 1904 938 1974 Spiritus
963 1922 1270 1961 sermonem
1295 1908 1576 1963 existimet
1601 1910 1857 1979 cuiquam
1883 1913 2093 1979 peccati

508 1995 683 2050 fuisse
729 1997 1045 2066 pararium?
1072 1996 1417 2067 Quapropter
1455 2015 1799 2070 nequaquam
1835 2002 1908 2055 ob
1930 2003 2091 2056 istam

505 2101 729 2141 causam
758 2088 1036 2143 credimus
1059 2088 1200 2141 facta
1225 2104 1351 2143 esse
1380 2089 1449 2143 ab
1474 2090 1750 2159 aliquibus
1773 2106 1961 2161 opera,
2033 2101 2092 2146 ut

504 2178 942 2245 adimplerentur
973 2179 1272 2250 Scriptura:
1312 2198 1325 2234 :
1361 2179 1454 2234 sed
1480 2180 1745 2248 Spiritum
1780 2196 1967 2235 rerum
2010 2182 2090 2235 l'u-

504 2280 751 2325 turarum
778 2272 1068 2342 praescium
1086 2288 1178 2327 eas
1198 2272 1536 2342 praedixisse,
1557 2282 1615 2326 ut
1632 2288 1755 2327 cum
1775 2274 2085 2341 evenerint,

503 2366 703 2433 pignus
727 2366 847 2420 lidei
872 2366 1278 2435 praedictionem
1301 2366 1569 2421 habentes
1590 2367 1739 2421 illam
1762 2367 1954 2437 dequo
1970 2368 2085 2423 haec

504 2455 711 2523 scripta
741 2464 897 2520 sunt,
918 2469 1071 2511 certo
1100 2457 1320 2510 demum
1348 2466 1401 2511 et
1438 2458 1752 2511 indubitato
1779 2474 2086 2529 cognosca-

504 2561 652 2599 mus.
699 2547 805 2599 Sed
840 2562 965 2601 cum
1017 2548 1072 2601 in
1109 2549 1284 2602 altero
1331 2549 1477 2603 libro
1507 2549 1576 2602 de
1630 2550 1715 2603 liis
1763 2550 1885 2606 fuse
1924 2553 2084 2609 nobis

499 2637 847 2706 disputatum
872 2637 967 2703 sit,
993 2641 1181 2691 eadem
1208 2653 1375 2708 porro
1400 2646 1648 2709 repetere
1673 2641 2079 2709 quodammodo

498 2728 839 2798 superﬂuum
867 2743 991 2783 esse
1021 2729 1255 2783 videtur.

2192 1924 2378 1995 φησὶν,
2408 1924 2525 1995 ἐρεῖ
2569 1941 2672 1988 τις,
2703 1924 3002 1996 ἐπληροῦτο
3044 1924 3101 1977 δὲ
3142 1924 3230 1977 διὰ
3254 1924 3480 1991 τούτων,
3507 1926 3556 1977 οἰ
3581 1924 3649 1977 δι’
3686 1917 3768 1979 ὧν

2188 2017 2297 2087 ἄρα
2319 2016 2725 2088 πεπλήρωνται,
2756 2017 2937 2087 πάσης
2966 2018 3032 2070 ἂν
3057 2011 3166 2072 εἷεν
3199 2017 3431 2088 εὐθύνης
3464 2017 3767 2088 ἐλεύθεροι.

2192 2104 2401 2169 ’Ἄλλως
2428 2122 2488 2158 τε
2520 2106 2614 2159 καί
2639 2106 2883 2169 διάκονος
2912 2108 3187 2178 ἁμαρτίας
3220 2110 3254 2178 ή
3289 2107 3409 2161 θεία
3448 2107 3513 2177 δὴ
3542 2107 3768 2170 πάντως

2188 2196 2545 2267 κατεφαίνετο
2574 2198 2785 2269 Γραφὴ,
2836 2198 3079 2253 καλοῦσα
3128 2199 3379 2270 καθάπερ
3428 2200 3493 2252 ἐκ
3523 2198 3645 2269 βίας
3680 2200 3766 2261 εἰς

2184 2290 2368 2344 ἐκεῖνά
2390 2307 2565 2354 τινας,
2592 2290 2628 2344 ἁ
2655 2291 2893 2345 ἐλαλεῖτο
2922 2292 2989 2344 δι’
3013 2292 3201 2361 αὐτῆς,
3232 2292 3319 2344 ἵνα
3347 2291 3443 2344 καὶ
3474 2292 3554 2352 εἰς
3584 2288 3766 2359 πέρας

2183 2381 2303 2451 ἥκοι
2341 2380 2401 2434 τὸ
2437 2382 2606 2435 πάλαι
2634 2383 3042 2454 πεφωνημένον.
3093 2382 3230 2435 Ἀλλ’
3271 2377 3425 2452 οἶμαι
3460 2381 3630 2445 πολὺς
3666 2381 3764 2434 ἐπὶ

2181 2471 2352 2543 τούτῳ
2382 2474 2482 2542 τῆς
2509 2473 2819 2545 δυσφημίας
2845 2477 2874 2527 ὁ
2903 2475 3079 2542 λόγος.
3106 2476 3199 2535 Τίς
3240 2475 3349 2547 γάρ
3372 2476 3459 2546 εῐη
3495 2474 3591 2528 τοῦ
3623 2474 3762 2527 καθ-

2181 2563 2406 2634 ήκοντος
2436 2564 2698 2632 λογισμοῦ
2735 2565 2986 2619 τοσοῦτον
3019 2566 3401 2636 ἐστερημένος,
3439 2565 3515 2628 ὠς
3542 2564 3634 2618 τὸν
3663 2563 3761 2617 τοῦ

2187 2655 2342 2722 ἁγίου
2369 2656 2682 2725 Πνεύματος
2731 2657 2941 2710 οἴεσθαι
2986 2656 3141 2724 λόγον
3164 2658 3435 2728 ἁμαρτίας
3468 2658 3580 2709 τισί
3612 2656 3761 2725 γίνε-

2185 2748 2309 2801 σθαι
2352 2748 2648 2818 πρόξενον;
2693 2748 2902 2801 οὐκοῦν
2946 2750 3007 2801 ού
3042 2750 3128 2803 διὰ
3174 2750 3379 2810 ταύτην
3425 2747 3761 2817 πιστεύομεν

496 2836 592 2907 τὴν
627 2835 805 2889 αἰτίαν
833 2835 1121 2907 δεδρᾶσθαι
1146 2836 1214 2889 τά
1246 2836 1383 2908 ἔργα
1423 2837 1575 2908 παρά
1600 2854 1782 2903 τινων,
1823 2840 1909 2893 ἵνα
1942 2842 2279 2913 πληρωθεῖεν
2315 2844 2371 2896 αἱ
2413 2843 2644 2913 Γραφαί·
2679 2844 2759 2896 ὃτι
2800 2842 2857 2895 δέ
2907 2842 3123 2905 πάντως
3178 2842 3331 2896 ἔσται
3365 2842 3435 2895 τά
3475 2840 3757 2912 συμϐησό-

496 2946 635 2997 μενα
684 2929 929 3000 προειδὸς
961 2931 1021 2982 τὸ
1054 2929 1277 3000 Πνεῦμα
1304 2930 1617 3001 λελάληκεν,
1654 2932 1721 2984 ἵν’
1755 2933 1883 2987 ὅταν
1913 2934 2157 3003 γίνεσθαι
2195 2937 2397 3008 συμϐῇ,
2457 2938 2689 3000 πίστεως
2728 2938 2981 3009 ἐνέχυρον
3037 2938 3292 3001 λαϐόντες
3350 2936 3447 3008 τὴν
3504 2936 3757 3007 πρόρρη-

498 3038 604 3084 σιν,
641 3022 739 3093 τὴν
766 3022 850 3092 ἐφ’
896 3016 939 3091 ᾧ
978 3022 1289 3096 γέγραπται
1342 3022 1533 3088 ταῦτα,
1586 3023 1772 3078 λοιπὸν
1813 3027 2093 3099 ἀραρότως
2142 3030 2517 3102 γινώσκωμεν.
2578 3030 2779 3085 Πολλοῦ
2832 3031 2888 3085 δὲ
2932 3032 3063 3103 ήμῖν
3110 3030 3392 3100 γεγονότος
3441 3027 3537 3081 τοῦ
3592 3028 3757 3097 λόγου

491 3118 620 3187 περὶ
652 3118 759 3169 τῶν
788 3116 1042 3170 τοιούτων
1082 3121 1137 3170 ἐν
1172 3116 1344 3187 ἐτέρῳ
1375 3115 1585 3186 βιϐλίῳ,
1634 3117 1696 3170 τὸ
1730 3123 1959 3190 μακροῖς
2009 3121 2090 3176 ἔτι
2126 3125 2257 3194 περὶ
2301 3124 2481 3177 αὐτῶν
2530 3125 2867 3195 ἐνδιατρίψαι
2915 3124 3235 3195 διηγήμασι,
3288 3122 3543 3193 περιττὸν
3604 3118 3752 3175 εἷναί

492 3227 609 3273 πως
637 3210 802 3263 δοκεῖ.

558 3301 694 3366 XIII,
732 3301 821 3355 l9.
880 3302 1086 3354 Amodo
1121 3300 1241 3355 dico
1290 3303 1432 3357 vobis
1478 3304 1790 3374 priusquam
1836 3304 1957 3373 ﬁat,
2008 3313 2066 3357 ut
2094 3314 2136 3371 ο

485 3410 603 3447 cum
631 3393 833 3463 factum
862 3392 1046 3460 fuerit,
1070 3392 1298 3445 credatis
1331 3394 1458 3463 quia
1490 3411 1581 3465 ego
1611 3411 1750 3449 sum.

555 3484 884 3541 Necessario
916 3484 1147 3555 exposui
1218 3501 1342 3554 qua:
1395 3503 1519 3540 mox
1555 3490 1741 3541 lutura
1781 3497 1935 3555 sunt,
1976 3489 2064 3543 in-

482 3578 626 3648 quit,
662 3586 715 3632 et
750 3586 876 3631 ante
909 3585 1126 3647 tempus
1159 3594 1172 3630 :
1202 3576 1446 3646 proderit
1487 3579 1634 3633 enim
1686 3580 2061 3645 auditoribus,

482 3687 585 3726 nec
622 3686 812 3741 parum
850 3670 1121 3725 conducet
1163 3670 1239 3723 rei
1270 3670 1448 3738 ipsius
1480 3686 1709 3741 scOpum
1740 3688 2059 3742 agnoscere.

480 3763 709 3816 Frustra
750 3761 897 3815 enim
935 3760 1210 3815 sermonis
1240 3774 1398 3814 usum
1450 3764 1871 3818 narrationibus
1903 3764 2061 3817 insu-

480 3871 628 3910 mere
663 3870 773 3909 non
797 3854 982 3908 soleo:
1014 3853 1223 3923 quibus
1248 3861 1433 3907 autem
1476 3868 1583 3907 non
1607 3869 1800 3923 parum
1843 3854 2056 3907 utilita-

478 3952 547 4004 tis
567 3948 973 4003 inessevidetur
996 3946 1041 4001 si
1060 3945 1129 4000 ad
1150 3954 1387 4001 vestram
1419 3944 1669 4001 notitiam
1706 3946 2054 4010 devenerint,

478 4039 594 4093 haec
625 4054 726 4110 ego
761 4038 959 4094 vestris
998 4037 1229 4094 auribus
1261 4035 1598 4091 infundenda
1629 4036 1887 4091 arbitror.
1923 4036 2055 4092 Dico

477 4132 643 4203 igitur
673 4129 893 4193 amodo,
924 4130 1125 4200 inquit,
1159 4128 1339 4195 vobis,
1374 4142 1499 4199 quae
1532 4143 1630 4198 pro
1664 4128 1875 4183 foribus
1923 4131 2053 4200 qui-

475 4225 599 4278 dem
634 4224 747 4293 jam
779 4231 929 4287 sunt;
958 4222 1054 4278 sed
1088 4220 1356 4276 factorum
1391 4221 1635 4274 nondum
1676 4222 2051 4289 cegnitionem

472 4316 630 4370 vobis
670 4312 862 4381 alI‘ero,
894 4321 975 4379 ut,
1030 4328 1155 4368 cum
1208 4328 1275 4368 ea
1327 4311 1447 4366 ﬁeri
1508 4312 1831 4380 contigerit,
1864 4329 2048 4368 rerum

471 4409 677 4461 exitum
710 4406 848 4460 meis
886 4404 1344 4476 praedictionibus
1373 4412 1650 4472 aptantes,
1678 4404 1834 4458 illum
1869 4405 2046 4474 ipsum

470 4512 559 4550 me
608 4511 732 4550 esse
767 4496 1030 4559 credatis,
1063 4496 1131 4550 de
1180 4510 1291 4565 quo
1346 4495 1475 4549 talia
1528 4492 1819 4564 Scriptura
1859 4496 2046 4550 divina

468 4586 809 4657 praedixerit.
875 4586 1051 4641 Simul
1116 4602 1251 4656 ergo
1312 4585 1580 4639 Dominus
1638 4593 1827 4639 noster
1882 4584 2045 4641 Jesus

2254 3302 2484 3370 Ἀπάρτι
2521 3303 2675 3372 λέγω
2707 3303 2850 3371 ὑμῖν
2890 3302 3004 3370 πρὸ
3037 3302 3144 3357 τοῦ
3172 3306 3471 3371 γενέσθαι,
3509 3306 3615 3358 ἵνα
3657 3324 3756 3359 πι-

2170 3397 2485 3462 στεύσητε,
2526 3395 2673 3448 ὅταν
2714 3394 2977 3463 γένηται,
3014 3395 3103 3448 ὅτι
3127 3396 3240 3464 ἐγώ
3261 3397 3398 3464 εἰμι.

2251 3484 2709 3555 Ἀναγκαιοτάτην
2739 3486 3063 3555 πεποίημαι,
3097 3484 3250 3553 φησὶ,
3290 3484 3400 3537 τῶν
3432 3484 3558 3537 ὅσον
3589 3485 3749 3539 ούδέ-

2166 3597 2253 3632 πω
2321 3579 2728 3650 παρεσομένων,
2778 3578 2870 3630 καὶ
2924 3575 3030 3647 πρὸ
3082 3575 3272 3647 καιροῦ
3311 3575 3408 3647 τὴν
3458 3577 3747 3648 ἐξήγησιν·

2164 3670 2391 3742 ᾐσθήσει
2413 3674 2429 3689 ⁶
2450 3670 2559 3742 γὰρ
2590 3671 2716 3733 τοὺς
2745 3668 3148 3739 ἀκροωμένους,
3172 3669 3268 3721 καὶ
3295 3668 3355 3721 ού
3375 3668 3574 3739 μικρὸν
3604 3670 3751 3722 οἴσει

2161 3763 2223 3815 τὸ
2254 3763 2463 3833 κέρδος,
2508 3764 2557 3814 εἰ
2584 3762 2675 3814 τὸν
2706 3762 2773 3814 ἐκ
2798 3760 2893 3813 τοῦ
2924 3760 3249 3832 πράγματος
3279 3759 3473 3813 εἰδεῖεν
3511 3760 3746 3815 σκοπόν.

2160 3852 2399 3916 Είκαίως
2453 3853 2550 3922 μὲν
2596 3853 2705 3925 γάρ
2748 3851 2848 3923 τὴν
2888 3850 2998 3905 ατοῦ
3046 3850 3205 3920 λόγου
3253 3850 3447 3923 χρείαν
3488 3850 3747 3923 δαπανᾷν

2158 3945 2513 4015 διηγήμασιν,
2545 3943 2810 4015 ἁσύνηθές
2834 3960 2894 3997 τε
2921 3943 3017 3997 καὶ
3043 3942 3105 3996 ού
3135 3942 3289 4013 φίλον
3322 3942 3466 4013 ἐμοί·
3495 3938 3579 4007 οἷς
3601 3943 3650 3997 δ’
3675 3943 3747 3998 ἂν

2160 4038 2419 4109 φαίνηται
2459 4036 2658 4107 προσὸν
2714 4034 2775 4088 τὸ
2822 4034 3095 4097 λυσιτελὲς
3140 4036 3203 4088 ού
3256 4035 3451 4107 μικρὸν
3504 4037 3555 4088 εἰ
3596 4036 3742 4100 πρὸς

2155 4130 2357 4197 γνῶσιν
2389 4127 2484 4199 [αι.
2518 4129 2570 4182 εἰ
2616 4128 2697 4191 εἰς
2730 4124 3060 4199 πρόγνωσιν]
3089 4127 3158 4179 τοι
3184 4126 3284 4198 τὴν
3311 4126 3591 4198 ἡμετέραν

2156 4220 2471 4293 ὑμετέρα-4,
2506 4220 2675 4274 ταῦτα
2707 4219 2817 4272 δεῖν
2860 4217 3228 4288 ὑπολαμϐάνω
3266 4221 3387 4282 ταῖς
3429 4219 3741 4291 ἡμετέραις

2156 4314 2267 4387 [ισ.
2333 4310 2651 4386 ὑμετέραις]
2701 4313 2915 4384 ἐνηχεῖν
2963 4312 3174 4374 ἀκοαῖς.
3221 4310 3383 4379 Λέγω
3443 4312 3739 4384 τοιγαροῦν

2151 4409 2379 4479 ἀπάρτι,
2421 4408 2606 4478 φησὶν,
2648 4408 2778 4477 ὑμῖν
2799 4406 2867 4460 τὰ
2889 4405 2981 4458 ἐπί
3000 4404 3193 4475 θύραις
3224 4405 3325 4476 μὲν
3355 4404 3479 4474 ήδη,
3518 4405 3739 4459 τετελε-

2152 4502 2365 4572 σμένων
2393 4502 2451 4555 δὲ.
2480 4500 2633 4554 οὔπω
2662 4500 2763 4571 τὴν
2792 4498 2993 4567 γνῶσιν
3023 4496 3298 4569 ἐντίθημι,
3321 4496 3389 4549 ἵν’
3413 4498 3544 4550 ὅταν
3573 4498 3733 4565 γενέ.

2151 4596 2276 4649 σθαι
2313 4592 2518 4664 συμϐῇ,
2546 4591 3009 4662 συναρμόττοντες
3029 4592 3144 4652 τοῖς
3167 4589 3297 4659 παρ’
3321 4586 3458 4660 ἐμοῦ
3485 4604 3735 4660 προηγο-

464 4681 725 4736 Christus
778 4688 832 4735 et
880 4680 1219 4750 proditorem
1276 4677 1482 4732 sensim
1523 4678 1802 4747 castigare
1851 4693 2077 4762 aggre-J

2185 4688 2433 4756 ευμένοις
2480 4683 2586 4737 τῶν
2620 4683 2961 4754 πραγμάτων
2989 4680 3049 4733 τὸ
3104 4680 3278 4746 τέλος,
3320 4682 3530 4734 ἐκεῖνον
3562 4681 3733 4734 αὐτὸν

463 4776 638 4836 ditur,
693 4772 1125 4842 increpationcm
1176 4769 1279 4824 sub
1341 4769 1670 4839 quibusdam
1741 4769 2039 4824 involucris

2180 4772 2281 4829 [ναί
2311 4792 2377 4845 με
2413 4772 2760 4842 πιστεύσητε,
2797 4771 2923 4842 περί
2949 4764 3009 4823 οὗ
3036 4769 3105 4823 τὰ
3135 4768 3358 4822 τοιαῦτα
3390 4770 3730 4843 κεχρησμῴ-

463 4868 721 4930 alierens,
754 4874 808 4919 et
842 4864 1170 4936 proditionis
1205 4862 1413 4917 exitum
1449 4864 1503 4915 in
1541 4862 1758 4931 signum
1795 4860 1913 4915 fore
1938 4863 2036 4927 ait,

462 4969 515 5013 et
544 4958 915 5012 clarissimum
956 4963 1342 5027 argumentum
1375 4954 1554 5024 ipsum
1588 4968 1710 5007 esse
1729 4951 2033 5006 Christum.

2144 4868 2306 4937 δηκεν
2358 4868 2390 4935 ή
2438 4866 2557 4917 θεία
2584 4864 2794 4933 Γραφή.
2814 4862 2903 4914 Ἐν
2924 4860 3106 4930 ταυτῷ
3139 4856 3425 4929 τοιγαροῦν
3456 4863 3485 4912 ὁ
3517 4858 3732 4930 Κύριος

2142 4960 2298 5030 ήμῶν
2330 4957 2534 5027 Ἰησοῦς
2570 4958 2599 5009 ό
2630 4954 2859 5025 Χριστὸς
2924 4954 3019 5006 καὶ
3050 4953 3143 5005 τὸν
3180 4952 3448 5023 προδότην
3486 4951 3731 5021 ἐπανορ-

462 5052 535 5107 Ut
564 5054 707 5105 enim
740 5052 853 5122 jam
888 5060 1047 5105 antea
1081 5049 1343 5113 diximus,
1370 5048 1463 5117 qui
1491 5061 1554 5102 ea
1584 5061 1705 5112 qua:
1727 5060 1825 5116 per
1849 5061 2036 5101 sacras

2180 5048 2267 5102 οῦν
2315 5047 2709 5119 εύπεριστόλως
2738 5045 3020 5115 ἐπιχειρεῖ,
3048 5041 3437 5114 κεκρυμμένον
3490 5040 3587 5093 ἐπὶ
3642 5057 3728 5109 μι⁹

462 5143 699 5197 Litteras
762 5144 1025 5214 praedicta
1087 5148 1217 5195 sunt
1275 5154 1399 5193 cum
1466 5138 1768 5207 proditoris
1827 5138 2033 5193 scelere

2181 5143 2301 5211 ραῖς
2346 5139 2635 5207 ἀσαφείαις
2667 5137 3014 5207 προκομίζων
3055 5137 3149 5189 τὸν
3195 5135 3435 5205 ἔλεγχον.
3477 5133 3575 5186 καὶ
3622 5134 3725 5203 τὴν

458 5237 886 5303 comparaverit,
919 5231 1453 5291 manifestissimum,
1488 5241 1547 5282 ut
1593 5244 1741 5292 reor,
1771 5235 1825 5283 et
1872 5229 2030 5282 facil-

457 5328 639 5379 limam
668 5327 788 5395 ejus
826 5325 1375 5393 comprehensionem
1406 5330 1752 5391 asscquetur.

2139 5231 2236 5299 τῆς
2261 5228 2547 5299 προδοσίας
2568 5226 2792 5280 ἑκϐασιν
2820 5228 2900 5286 εἰς
2931 5227 3157 5294 σημεῖον
3186 5222 3407 5276 ἔσεσθαί
3439 5231 3596 5293 φησι,
3624 5222 3724 5274 καὶ

2131 5325 2210 5385 εἰς
2264 5325 2603 5391 σαφεστάτην
2646 5317 2917 5383 ἀπόδειξιν
2963 5317 3057 5369 τοῦ
3089 5317 3253 5369 αὑτὸν
3282 5311 3421 5368 εἶναι
3456 5314 3717 5384 Χριστόν.

467 5422 552 5481 Ὦς
576 5421 684 5490 γὰρ
716 5421 815 5489 ἤδη
850 5418 1149 5487 φθάσαντες
1174 5416 1420 5485 εἴπομεν,
1455 5417 1483 5468 ὁ
1512 5416 1581 5468 τὰ
1611 5415 1697 5468 διὰ
1726 5412 1835 5467 τῶν
1864 5413 2023 5485 ιερῶν
2062 5415 2407 5485 Γραμμάτων
2433 5412 2925 5487 προκεκηρυγμένα
2954 5411 3065 5472 τοῖς
3084 5408 3179 5461 τοῦ
3240 5408 3503 5478 προδότου
3575 5422 3720 5474 συμ-

455 5512 633 5566 ϐαλὼν
682 5513 1043 5581 τολμήμασιν,
1108 5510 1576 5582 εύσυνοπτοτάτην
1618 5510 1706 5573 ἂν,
1753 5508 1930 5579 οἶμαι,
1972 5509 2065 5563 καί⁵
2102 5509 2478 5581 ἀταλαίπωρον
2524 5507 2713 5579 κομιδῇ
2754 5504 2848 5575 τὴν
2873 5502 2960 5555 ἐπ’
2986 5502 3137 5573 αύτῷ
3162 5501 3473 5570 κατάληψιν
3508 5496 3714 5570 ἀληθῆ*

456 5607 549 5657 καὶ
580 5606 721 5659 μάλα
758 5603 950 5674 ῥᾳδίως
979 5603 1151 5655 ἕλοιτο
1181 5602 1263 5656 ἄν.
