3894 6200
181 295 287 351 θιῦὅ

1235 291 1301 346 ἰΝ
1341 289 1625 346 ιυΑΙνΝιε,
1653 290 2096 348 EVANGELIUM
2134 292 2263 349 LIB.
2290 293 2378 350 IX.

3335 291 3441 349 154

266 409 477 478 Ἀμὴν,
517 408 679 477 ἀμὴν
724 407 879 476 λέγω
909 406 1073 475 ὑμῖν,
1106 408 1137 459 ὀ
1170 406 1490 475 λαμϐάνων
1516 405 1592 459 ἄν
1629 423 1762 461 τινα

1934 404 2072 468 XIII,
2108 405 2197 461 20.
2233 407 2419 473 Amen,
2456 423 2609 462 amen
2656 408 2774 461 dico
2823 407 2988 471 vobis,
3019 401 3108 476 qui
3151 409 3340 479 accipit
3390 410 3440 461 si

182 501 417 570 πέμψω,
447 499 550 568 ἐμὲ
569 499 859 566 λαμϐάνει
877 516 888 528 ·
938 501 970 551 ό
999 496 1068 550 δὲ
1093 498 1198 567 ἐμὲ
1220 499 1566 567 λαμϐάνων,
1608 502 1756 568 λαμ-

177 593 357 656 βάνει
394 592 501 644 τὸν
521 590 969 644 ἀποστείλαντά
983 607 1082 658 με.

258 681 663 750 Προαποδείξας
702 680 985 751 χρησίμως
1014 680 1206 733 ἑαυτὸν
1235 680 1361 734 ὄντα
1388 682 1641 754 Χριστὸν,
1668 683 1761 735 καὶ

182 773 251 826 δι’
270 767 346 827 ὧν
381 773 606 843 ἔμελλεν
657 774 685 823 6
731 771 995 843 προδότης
1028 774 1458 843 ὲμπαροινήσειν
1504 776 1560 827 ἐν
1589 773 1758 843 αὐτῷ,

183 866 456 936 χρήσιμόν
479 883 530 918 τι
558 863 718 918 πάλιν
743 866 950 916 ἐπινοεῖ
977 864 1114 933 πρὸς
1148 865 1464 935 ἀνατροπὴν
1487 866 1584 935 τῆς
1619 866 1761 919 ὲκεί-

184 974 278 1008 νου
312 957 691 1023 κακοϐουλίας,
716 956 808 1009 καὶ
829 956 1198 1027 ἀμυδρότερός
1229 975 1345 1021 πως
1373 957 1521 1026 αὐτῷ
1549 958 1761 1029 πρόεισι

184 1048 279 1101 καὶ
313 1048 407 1100 νῦν
449 1050 478 1102 6
512 1048 688 1115 λόγος.
728 1047 1103 1117 Συγκρύπτειν
1146 1047 1254 1119 γὰρ
1288 1048 1366 1101 ἔτι
1407 1051 1662 1121 πειρᾶται
1703 1049 1762 1101 16

183 1138 463 1206 τόλμημα,
500 1137 596 1189 καὶ
618 1136 918 1205 ἀναφανδὸν
951 1136 1104 1189 οῦπω
1130 1139 1263 1207 φησὶ
1288 1138 1370 1201 τίς
1404 1141 1432 1191 6
1470 1139 1761 1210 προδώσων

184 1228 366 1283 αὐτόν.
413 1228 728 1298 ’Δπελέγχει
782 1228 1093 1301 τοιγαροῦν,
1142 1231 1234 1282 καὶ
1291 1230 1434 1300 μάλα
1481 1230 1762 1301 χρησίμως

182 1323 327 1394 μετά
360 1320 561 1391 σαφοῦς
601 1320 1062 1390 παραδείγματος,
1106 1320 1179 1383 ὡς
1224 1321 1435 1391 ἀνάγκη
1467 1323 1632 1385 πᾶσα,
1672 1323 1765 1375 καὶ

185 1416 267 1477 είς
297 1415 359 1466 16
384 1414 478 1466 τοῦ
527 1412 659 1466 Θεοῦ
707 1413 804 1465 καὶ
839 1412 1051 1482 Πατρὸς
1082 1412 1299 1465 ἀναθεῖν
1324 1413 1641 1483 πρόσωπον,
1666 1414 1765 1483 τῆς

184 1509 265 1569 εἰς
292 1506 454 1558 αὑτὸν
492 1504 785 1575 γινομένης
823 1503 1044 1573 ἀγάπης
1067 1520 1125 1554 τε
1156 1504 1247 1555 καὶ
1272 1504 1435 1573 τιμῆς
1478 1504 1539 1556 16
1573 1505 1761 1573 πέρας.

184 1598 297 1651 Καὶ
340 1597 461 1667 οὐχὶ
497 1596 671 1666 δήπου
736 1595 891 1649 τοῦτο
920 1595 1123 1666 κυρίως
1166 1594 1315 1665 αὐτῷ
1339 1595 1605 1649 δεικνύειν
1642 1614 1767 1650 σκο-

182 1689 311 1755 πὸς,
341 1691 479 1760 τάχα
510 1689 568 1743 δὲ
606 1688 807 1759 μᾶλλον
838 1689 899 1740 16
931 1688 1189 1751 ἐναντίως
1224 1686 1345 1757 ἔχον
1372 1688 1512 1741 κατὰ
1554 1688 1652 1758 τὴν
1679 1688 1764 1741 δό-

186 1781 302 1844 ξαν.
359 1782 543 1851 ’Δφεὶς
586 1781 716 1851 γὰρ,
764 1779 838 1843 ὡς
888 1778 1053 1843 ἔοικε,
1080 1780 1142 1833 τὸ
1188 1780 1352 1849 φάναι
1408 1781 1758 1852 γυμνότερον,
1795 1777 1835 1831 Β

179 1876 319 1943 ὅπερ
342 1876 563 1945 εἴρηκεν
598 1874 656 1926 ὲν
681 1872 909 1943 ἑτέροις,
949 1871 1093 1924 τοῦτ’
1132 1872 1298 1936 ἔστιν,
1339 1892 1359 1923 ‹
1406 1873 1462 1926 Ὀ
1487 1872 1561 1944 μὴ
1590 1873 1764 1942 τιμῶν

179 1966 273 2018 τὸν
297 1965 445 2029 Υἱὸν,
478 1965 600 2018 οὐδὲ
641 1964 731 2017 τὸν
766 1965 985 2035 Πατέρα
1017 1967 1173 2035 τιμᾷ·
1200 1986 1216 2014 ι
1242 1965 1527 2036 κεχώρηκε
1564 1955 1764 2035 μᾶλλον

182 2060 279 2112 ἰπὶ
307 2058 369 2112 τὸ
390 2058 786 2130 εὐφημότερον,
823 2059 1135 2128 ἐπιτρέπων
1171 2061 1277 2120 τοῖς
1309 2059 1680 2128 ἀκροωμένοις
1704 2059 1764 2111 16

183 2155 325 2206 νοεῖν
353 2154 417 2206 ὲκ
448 2150 639 2205 τούτου
696 2151 758 2204 τὸ
790 2151 1053 2213 ἐναντίον,
1109 2151 1230 2204 ἐπεί
1287 2168 1363 2204 τοι
1411 2152 1503 2204 καὶ
1538 2150 1765 2220 ἀπειλῆς

186 2243 407 2313 μᾶλλον,
431 2243 465 2313 ἥ
491 2242 804 2314 προτροπῆς
854 2237 922 2311 ἦν
946 2244 973 2295 6
1006 2243 1216 2313 καιρὸς,
1265 2242 1359 2294 ἐπὶ
1387 2242 1577 2313 θύραις
1614 2243 1765 2305 ὄντος

180 2334 280 2387 τοῦ
307 2334 676 2405 τολμήματος,
704 2334 797 2386 καὶ
831 2333 930 2405 ήδη
962 2334 1345 2405 μελετωμένης
1374 2336 1472 2406 τῆς
1504 2337 1588 2388 ἐπ’
1618 2334 1765 2404 αὐτῷ

183 2422 490 2495 παροινίαςο
525 2422 779 2493 βεϐλήκει
822 2422 933 2492 γὰρ
963 2422 1065 2493 ἤδη
1097 2423 1196 2494 τὴν
1229 2422 1421 2493 σκέψιν
1466 2427 1493 2477 ὁ
1522 2424 1765 2486 Σατανᾶς

186 2518 265 2577 εἰς
295 2513 393 2583 τὴν
420 2513 515 2566 τοῦ
542 2514 799 2586 προδότου
826 2514 1076 2584 καρδίαν.
1104 2515 1315 2587 Ὥσπερ
1344 2515 1545 2576 τοίνυν,
1579 2516 1763 2586 φησὶν,

185 2605 208 2655 ὲ
219 2604 287 2673 μὲ
321 2603 387 2672 δὴ
416 2604 634 2667 πάντως
660 2603 823 2658 αὑτὸν
853 2606 945 2658 καὶ
968 2605 1068 2675 οὐχ
1094 2604 1279 2675 ἕτερον
1313 2606 1629 2672 ὑποδέξαιτό
1660 2626 1763 2673 τις,

184 2701 277 2752 τὸν
312 2701 442 2769 παρ’
481 2698 616 2769 ἐμοῦ
665 2699 1077 2771 ἀπεσταλμένον
1126 2702 1173 2753 εξ
1210 2700 1382 2753 λάϐοι⁸
1413 2701 1584 2764 οὕτως
1622 2702 1650 2753 6
1675 2702 1767 2754 16v

185 2790 335 2861 παρά
367 2790 499 2843 Θεοῦ
532 2792 626 2843 καὶ
662 2791 877 2862 Πατρός
911 2792 1286 2845 ἀποσταλέντα
1317 2792 1627 2862 δεξάμενος,
1673 2795 1767 2847 αὐ-

180 2883 272 2935 τὸν
301 2883 370 2937 ἂν
402 2884 627 2946 εἰκότως
664 2884 874 2953 δέχοιτο
908 2884 998 2936 τὸν
1024 2884 1269 2956 Πατέρα·
1307 2885 1421 2938 ἀλλ’
1465 2886 1521 2938 ἐν
1559 2886 1769 2949 τούτοις

186 2973 285 3043 μὲν
322 2974 490 3027 αὐτοῦ
526 2977 638 3037 τοῖς
675 2977 882 3047 ῥήμασι
913 2974 974 3028 16
1003 2976 1090 3029 διά
1119 2977 1222 3046 τῆς
1267 2977 1538 3047 εὐφημίας
1576 2977 1767 3048 δηλού-

184 3084 344 3136 μενον
375 3067 578 3119 κατίδοι
604 3084 686 3130 τις
713 3068 797 3120 ἀν.
829 3066 1153 3130 Μετατιθεὶς
1189 3067 1245 3120 δὲ
1268 3068 1328 3121 τὸ
1353 3068 1596 3121 ἐναντίον
1631 3068 1765 3139 πρὸς

181 3157 280 3228 τὴν
303 3158 561 3228 θεωρίαν,
613 3159 711 3229 τὴν
743 3158 838 3210 τοῦ
872 3158 1135 3230 προδότου
1167 3158 1485 3212 δυσσέϐειαν
1531 3161 1631 3213 ούκ
1686 3163 1766 3222 εἰς

186 3249 345 3319 μόνον
389 3250 579 3317 ὄψεται
630 3249 1009 3304 διαϐαίνουσαν
1042 3251 1131 3304 τὸν
1178 3250 1326 3317 Υἱὸν,
1372 3251 1509 3305 ἀλλά
1558 3252 1652 3306 καὶ
1687 3254 1767 3315 είς

182 3342 345 3394 αὑτὸν
375 3341 465 3393 τὸν
497 3342 733 3413 Πατέρα.
764 3343 977 3413 Τρόπος
1015 3343 1304 3413 τοιγαροῦν
1338 3345 1569 3414 ἀπειλῆς
1608 3345 1667 3397 16
1692 3346 1768 3397 εἱ-

186 3432 420 3503 ρημένον
459 3434 626 3496 ἐστὶν,
662 3432 1057 3504 εύφημοτέροις
1101 3433 1157 3486 δὲ
1190 3435 1397 3504 ῥήμασι
1443 3452 1769 3505 προκεκομι-

183 3522 402 3591 σμένος,
438 3521 709 3593 παριστὰς
759 3539 818 3573 τε
875 3522 1067 3592 ὥσπερ
1114 3521 1203 3574 διά
1235 3522 1343 3575 τῶν
1378 3524 1679 3593 ἀριστερῶν
1707 3522 1769 3575 16

181 3609 532 3680 δηλούμενον.
565 3610 777 3679 ’Όνπερ
828 3609 937 3681 γὰρ
971 3611 1176 3681 τρόπον
1231 3612 1322 3663 τὸν
1361 3611 1769 3682 ἀπεσταλμένον

183 3701 335 3770 παρά
369 3698 504 3752 Θεοῦ
539 3700 758 3771 δέξηταί
793 3719 875 3765 τις
914 3700 1037 3754 καθ’
1080 3703 1246 3771 ἡμᾶς,
1279 3704 1392 3766 τοῖς
1439 3705 1569 3774 παρ’
1603 3702 1766 3757 αὐτοῦ

186 3792 513 3855 συναινέσεις
573 3792 774 3858 λόγοις,
809 3793 903 3845 καὶ
945 3793 1036 3845 διὰ
1082 3792 1175 3845 τοῦ
1222 3794 1461 3864 τηρῆσαι
1491 3795 1552 3847 τὸ
1587 3794 1771 3847 θεσπι-

189 3884 336 3945 σθὲν,
365 3885 601 3954 τιμήσας
624 3884 715 3936 τὸν
748 3885 1173 3953 κηρυττόμενον·
1212 3885 1332 3936 κατ’
1367 3884 1550 3948 αὑτὸν,
1589 3881 1764 3952 οἶμαι,

185 3978 274 4030 τὸν
303 3978 464 4045 λόγον
507 3978 825 4043 ὑποδέξαιτό
858 3996 942 4041 τις
972 3979 1038 4032 ἂν
1072 3980 1163 4032 16v
1190 3979 1418 4049 Κύριον,
1451 3981 1543 4033 καὶ
1581 3980 1649 4032 δι’
1675 3980 1769 4032 αύ-

186 4068 281 4120 τοῦ
327 4070 417 4121 τὸν
452 4070 691 4140 Πατέρα,
744 4069 1018 4122 πιστεύων
1067 4073 1146 4132 είς
1191 4070 1337 4123 Υἱόν.
1391 4070 1767 4142 Συνειστρέχει

188 4159 297 4229 γὰρ
344 4158 424 4228 τῷ
451 4161 753 4229 γεννήματι
782 4160 875 4212 τοῦ
923 4160 1172 4222 τέκοντος
1217 4162 1250 4229 ἡ
1292 4160 1543 4232 δήλωσις.
1581 4161 1768 4232 ⁹Ο’γάρ

190 4250 329 4312 ὅλως
382 4250 511 4303 Υἱὺν
567 4246 703 4302 εἶναι
753 4252 1051 4311 πιστεύσας
1098 4251 1282 4316 αὐτὸν,
1332 4251 1654 4323 ὁμολογήσει
1704 4251 1768 4321 δὴ

189 4343 410 4404 πάντως
447 4342 540 4395 τὸν
568 4342 832 4412 φύσαντα.
862 4342 1093 4414 Φρικτδν
1120 4340 1212 4396 οῦν
1238 4345 1345 4413 ἀρα
1382 4342 1475 4395 τοῦ
1507 4342 1765 4414 προδότου

191 4432 252 4484 τὸ
282 4414 478 4503 κρῖμα,
510 4433 603 4487 καὶ
654 4436 732 4496 εἰς
771 4433 933 4485 αὑτὸν
963 4433 1345 4504 ἐξυϐρίσαντος
1375 4435 1465 4487 16v
1490 4434 1620 4487 Θεὸν
1671 4435 1765 4488 καὶ

192 4525 414 4595 Πατέρα
443 4524 530 4577 διά
567 4526 665 4595 τῆς
698 4527 777 4588 είς
812 4526 903 4577 τὸν
934 4524 1061 4577 Υἱὺν
1088 4524 1421 4587 δυσσεϐείας.
1459 4525 1528 4577 Ἦ
1560 4523 1670 4595 [ἵσ.
1692 4524 1766 4596 εἰ]

190 4616 301 4686 γὰρ
353 4615 419 4668 ἂν
455 4615 788 4687 παρεδέξατο
836 4617 930 4669 καὶ
978 4616 1257 4686 τετίμηκε,
1302 4618 1521 4687 γνήσιον
1550 4616 1770 4681 ὑποθεὶς

192 4707 269 4766 ὡς
292 4708 485 4778 Κυρίῳ
512 4709 572 4761 τὸ
598 4708 933 4779 φρόνημα,εἰ
959 4709 1318 4780 ἀνενδοιάστῳ
1353 4711 1417 4779 τῇ
1437 4709 1613 4762 πίστει
1638 4708 1769 4761 Θεὸν

194 4800 464 4871 ὑπάρχειν
496 4801 560 4852 ὲκ
589 4800 725 4853 Θεοῦ
759 4799 1181 4871 καθωμολόγησε
1220 4801 1308 4854 τὸν
1345 4801 1471 4853 Υἱὸν
1492 4841 1507 4863 ,
1532 4801 1771 4872 αἰσχρῶν

191 4906 253 4943 τε
284 4890 592 4960 λημμάτων
624 4891 909 4963 κρείττονα
930 4892 1027 4961 τὴν
1054 4894 1135 4955 είς
1172 4891 1332 4945 αὑτὸν
1364 4892 1580 4961 ἀγάπην
1607 4894 1635 4944 6
1663 4892 1768 4945 δεί-

193 4978 344 5041 λαιος
366 4980 686 5048 ἐποιήσατο,
715 4979 828 5032 ἀλλ’
851 4980 959 5032 οὐδ’
993 4981 1075 5045 ἂν,
1102 4977 1272 5051 οἶμαι,
1299 4982 1563 5052 προδότης
1584 4981 1768 5045 ἁλοὺς,

194 5073 421 5141 ἄμεινον
454 5072 633 5142 ἑαυτῷ
666 5072 725 5125 16
756 5074 1004 5143 μηδόλως
1034 5073 1292 5142 γενέσθαι
1324 5075 1763 5145 παρεσκεύασεν.

274 5162 466 5215 Ταῦτα
502 5162 687 5215 εἰπὼν
719 5166 751 5216 ὀ
799 5165 1035 5231 Ἰησοῦς
1073 5165 1365 5234 ἐταράχθη
1400 5168 1478 5232 τῷ
1516 5167 1777 5235 πνεύμα-

193 5271 267 5320 τι,
310 5252 411 5306 καὶ
443 5252 838 5321 ἐμαρτύρησε,
874 5256 970 5307 καὶ
1012 5256 1201 5308 εἶπεν·
1242 5256 1438 5324 Ἀμὴν,
1484 5255 1646 5325 ἀμὴν
1677 5256 1776 5309 λέ-

193 5365 276 5417 γω
302 5345 464 5414 ὑμῖν,
495 5345 582 5397 ὅτι
602 5340 688 5410 εἷς
714 5346 783 5410 ἐξ
809 5345 977 5415 ὑμῶν
1002 5346 1341 5415 παραδώσει
1367 5366 1458 5417 με.

266 5439 379 5491 Καὶ
405 5437 511 5490 τίνι
547 5438 656 5489 τῶν
676 5438 843 5490 όντων
875 5439 975 5491 οὐκ
1015 5438 1079 5492 ἂν
1116 5440 1325 5507 γένοιτο
1357 5439 1524 5507 σαφὲς
1551 5441 1625 5504 ὡς
1652 5439 1774 5493 οὔτε

192 5530 457 5594 διανοίας,
487 5528 611 5582 οὔτε
653 5530 758 5601 μὴν
795 5530 953 5601 λόγου
989 5533 1022 5602 ἠ
1063 5529 1307 5604 ἡμετέρα
1343 5532 1500 5603 φύσις
1531 5534 1772 5604 εὐπορεῖ,

267 5706 311 5738 ³³
351 5704 512 5762 Joan.
553 5723 605 5771 v,
638 5705 732 5761 23.

1860 515 2010 568 quem
2071 501 2288 563 misero,
2321 516 2401 553 me
2452 498 2643 566 accipit
2682 513 2700 551 :
2735 498 2824 567 qui
2877 506 3052 551 autem
3108 514 3189 551 me
3221 500 3437 566 accipit,

1857 605 1976 643 eum
2007 592 2198 659 accipit
2231 591 2320 660 qui
2357 607 2438 644 me
2468 592 2635 645 misit.

1933 680 2235 749 Postquam
2278 683 2486 737 utiliter
2525 682 2971 752 praemonstravit
3025 682 3264 750 seipsum
3315 697 3441 737 esse

1861 773 2171 839 Christum,
2214 775 2379 828 etiam
2435 776 2605 830 exiis
2641 791 2739 844 per
2779 791 2900 845 qua;
2954 775 3202 845 proditor
3235 774 3442 829 debac-

1861 866 2128 920 chaturus
2157 874 2306 920 esset
2336 867 2388 918 in
2417 881 2566 930 eum,
2587 867 2792 936 aliquid
2823 867 2956 921 utile
2988 882 3186 921 rursus
3215 866 3439 937 excogi-

1861 967 1943 1012 tat
1972 960 2039 1013 ad
2068 962 2419 1013 evertendam
2459 960 2581 1027 ejus
2624 960 3046 1028 malignitatem,
3094 958 3256 1028 idque
3291 972 3439 1011 nunc

1863 1068 2059 1105 rursus
2089 1052 2384 1107 occultius.
2416 1050 2626 1121 Tegere
2661 1052 2806 1104 enim
2844 1050 3024 1103 adhuc
3044 1058 3280 1103 conatur
3302 1049 3439 1103 illud

1865 1144 2105 1207 facinus,
2141 1144 2377 1199 necdum
2411 1152 2601 1213 aperte
2630 1144 2764 1196 dicit
2790 1143 2917 1212 quis
2948 1143 3106 1217 733
3139 1160 3262 1197 eum
3292 1152 3441 1199 essm

1864 1239 2195 1292 traditurus.
2232 1236 2488 1292 Ostendit
2537 1235 2724 1303 igitur,
2785 1232 2951 1301 idque
3002 1233 3157 1286 valde
3227 1232 3443 1285 utiliter

1867 1346 1991 1385 cum
2027 1330 2174 1384 clara
2229 1329 2572 1389 inductione,
2627 1325 3003 1380 necessarium
3045 1339 3169 1378 esse
3210 1339 3442 1393 prorsus

1865 1422 2184 1477 dilectionis
2236 1434 2290 1477 et
2351 1419 2579 1474 honoris
2628 1419 2682 1472 in
2724 1433 2846 1472 eum
2898 1416 3128 1471 exhibiti
3166 1416 3325 1470 ﬁnem
3371 1416 3439 1468 ad

1866 1513 1963 1568 Dei
2004 1531 2068 1570 ac
2095 1514 2279 1568 Patris
2328 1528 2617 1583 personam
2662 1510 2874 1566 referri.
2903 1508 3091 1578 Neque
3124 1524 3253 1563 vero
3300 1508 3351 1562 id
3388 1508 3438 1562 ei

1864 1609 2087 1678 proprie
2141 1622 2344 1677 scopus
2392 1613 2479 1661 est
2529 1604 2845 1668 ostendere,
2890 1603 2984 1658 sed
3022 1602 3203 1672 potius
3252 1601 3440 1656 forsan

1866 1700 2231 1754 contrarium.
2261 1697 2464 1751 Nolens
2497 1696 2666 1761 enim,
2687 1706 2744 1750 ut
2777 1697 3015 1760 videtur,
3042 1702 3231 1764 aperte
3259 1693 3445 1747 dicere

1865 1792 2012 1862 quod
2068 1790 2196 1847 alibi
2244 1789 2404 1853 dixit,
2454 1804 2652 1859 nempe
2686 1808 2698 1843 :
2736 1806 2756 1839 ι
2789 1787 2895 1854 Qui
2952 1804 3060 1842 non
3110 1784 3441 1841 honoriﬁcat

1866 1883 2086 1947 Filium,
2114 1898 2290 1951 neque
2320 1880 2540 1935 Patrem
2577 1879 2911 1934 bonoriﬁcat
2933 1879 3009 1945 ⁸³,
3043 1899 3061 1932 ι
3107 1879 3172 1933 ad
3206 1879 3257 1932 id
3294 1877 3442 1948 quod

1865 1975 2055 2028 mitius
2101 1979 2223 2027 erat
2282 1986 2342 2025 se
2397 1972 2653 2036 contulit,
2685 1971 2813 2024 hinc
2862 1970 3216 2040 cogitandum
3267 1970 3441 2025 relin-

1866 2081 2043 2135 quens
2084 2064 2432 2119 auditoribus
2461 2064 2830 2125 contrarium,
2857 2062 3307 2132 quandoquidem
3338 2061 3443 2116 mi-

1864 2157 2033 2211 nandi
2076 2156 2260 2225 potius
2289 2170 2455 2226 quam
2497 2153 2832 2209 adhortandi
2869 2161 3088 2224 tempus
3128 2161 3272 2217 erat,
3304 2154 3443 2223 ipsis

1864 2263 2033 2318 prope
2062 2248 2175 2316 jam
2205 2245 2421 2301 foribus
2470 2247 2711 2300 instante
2747 2245 2975 2309 scelere,
3013 2254 3065 2298 et
3101 2243 3287 2298 animo
3326 2244 3444 2313 agi-

1864 2350 1978 2396 tata
2032 2342 2145 2412 jam
2196 2341 2252 2395 in
2287 2355 2412 2396 eum
2466 2340 2691 2393 immani
2740 2336 3111 2391 crudelitate:
3153 2334 3443 2389 consilium

1864 2434 2011 2487 enim
2028 2434 2137 2501 jam
2165 2429 2402 2485 Satanas
2425 2428 2482 2482 in
2507 2426 2809 2498 proditoris
2828 2440 2925 2480 cor
2942 2423 3443 2493 injecerat.Quem-

1866 2523 2163 2578 admodum
2204 2522 2391 2592 igitur,
2432 2520 2631 2590 inquit,
2666 2532 2753 2571 me
2810 2517 2988 2586 ipsum
3026 2515 3216 2584 utique
3254 2528 3445 2568 susce-

1864 2617 2005 2687 perit
2041 2624 2095 2670 et
2138 2631 2247 2669 non
2300 2616 2493 2678 alium,
2529 2611 2624 2683 qui
2664 2625 2694 2664 a
2735 2625 2822 2665 me
2856 2610 3085 2664 missum
3142 2606 3441 2677 exceperit,

1866 2710 1947 2765 sic
1994 2710 2090 2779 qui
2139 2725 2167 2761 a
2207 2707 2370 2762 Patre
2426 2706 2656 2761 missum
2719 2701 3045 2772 susceperit,
3082 2700 3260 2769 ipsum
3318 2698 3445 2768 jure

1864 2799 2083 2854 Patrem
2121 2798 2430 2868 susceperit
2459 2815 2473 2851 :
2503 2808 2560 2850 at
2588 2797 2642 2850 in
2678 2796 2766 2849 his
2795 2794 2920 2863 ejus
2947 2792 3135 2846 verbis
3164 2790 3303 2845 nihil
3333 2788 3443 2844 nisi

1867 2892 2150 2947 dexterum
2203 2888 2505 2959 signiﬁcari
2538 2886 2779 2940 videbis.
2822 2884 2919 2937 Sin
2968 2892 3151 2935 autem
3205 2882 3259 2936 in
3309 2896 3446 2935 con-

1867 2984 2094 3039 trarium
2137 2982 2258 3051 ejus
2286 2981 2419 3034 dicti
2449 2978 2892 3033 observationem
2919 2974 3286 3036 transtuleris,
3312 2988 3443 3043 pro-

1869 3073 2066 3128 ditoris
2109 3072 2448 3140 impietatem
2498 3084 2607 3121 non
2649 3067 2827 3121 solum
2876 3063 3095 3119 extendi
3140 3061 3356 3116 videbis
3387 3060 3445 3115 in

1873 3159 2093 3219 Filium.
2143 3158 2237 3211 sed
2286 3164 2338 3210 et
2388 3157 2444 3209 in
2499 3156 2675 3224 ipsum
2727 3152 2964 3206 Patrem.
3012 3150 3255 3205 Minandi
3310 3165 3446 3219 ergo

1869 3268 2044 3322 genus
2064 3260 2148 3305 est
2180 3252 2387 3303 dictum
2419 3249 2577 3311 illud,
2625 3246 2718 3302 sed
2754 3246 3068 3300 mitioribus
3099 3244 3281 3299 verbis
3312 3258 3443 3312 pro-

1870 3343 2079 3403 latum,
2142 3351 2197 3395 et
2252 3341 2474 3409 oblique
2543 3338 3007 3409 significationem
3080 3336 3442 3405 detorquens.

1869 3432 2338 3500 Quemadmodum
2385 3431 2531 3486 enim
2568 3431 2799 3485 missum
2835 3444 2864 3481 a
2906 3427 3016 3482 Deo
3046 3435 3296 3481 nostrum
3340 3426 3445 3479 ali-

1868 3528 1993 3596 quis
2033 3525 2287 3592 suscipit,
2338 3528 2428 3592 qui
2480 3520 2830 3576 sermonibus
2877 3520 2997 3589 ejus
3044 3518 3345 3583 consentit,
3386 3529 3443 3571 et

1868 3627 2137 3688 praecepta
2170 3617 2290 3683 ejus
2336 3612 2610 3668 servando
2668 3611 2904 3664 honorat
2937 3626 3059 3664 eum
3102 3626 3264 3675 quem
3300 3608 3446 3662 Deus

1869 3708 2223 3766 commendat
2250 3725 2262 3759 :
2292 3704 2509 3765 eodem.
2541 3703 2762 3773 opinor,
2796 3699 2962 3755 modo
2995 3701 3305 3769 susceperit
3334 3698 3445 3751 Do-

1869 3803 2077 3856 minum
2124 3809 2178 3854 et
2230 3813 2329 3867 per
2384 3797 2561 3865 ipsum
2604 3795 2847 3855 Patrem,
2911 3792 3226 3862 quicunque
3267 3790 3448 3845 credit

1870 3895 1925 3948 in
1964 3892 2187 3946 Filium.
2216 3889 2351 3943 Nam
2389 3888 2485 3957 qui
2514 3884 2713 3940 Filium
2737 3884 2897 3947 dicit,
2918 3885 3109 3954 utique
3147 3893 3201 3937 et
3224 3882 3445 3935 Patrem

1870 3985 2165 4056 signiﬁcat.
2201 3982 2306 4048 Qui
2346 3983 2493 4034 enim
2528 3978 2726 4033 Filium
2754 3994 2877 4032 esse
2907 3978 3086 4046 ipsum
3118 3976 3440 4032 crediderit.

1869 4079 2096 4133 omnino
2155 4084 2210 4130 et
2264 4073 2481 4127 Patrem
2539 4070 2918 4126 conﬁtebitur.
2964 4066 3310 4122 [Iorrendum
3360 4076 3447 4119 est

1868 4173 2040 4242 igitur
2075 4167 2377 4240 proditoris
2417 4164 2709 4235 judicium,
2742 4162 2833 4232 qui
2874 4175 2972 4231 per
3003 4160 3340 4228 impietatem
3386 4159 3444 4213 in

1868 4263 2066 4318 Filium
2113 4264 2167 4316 in
2200 4261 2380 4330 ipsum
2419 4272 2640 4327 quoque
2670 4254 2840 4310 Deum
2880 4267 2945 4306 ac
2977 4251 3192 4305 Patrem
3224 4257 3309 4304 est
3345 4250 3446 4302 im-

1868 4357 2015 4429 pius.
2042 4355 2177 4408 Nam
2214 4355 2261 4410 si
2292 4352 2633 4420 suscepisset
2681 4355 2735 4401 et
2783 4346 3139 4404 honorasset,
3169 4342 3445 4396 sinceram

1798 4468 1842 4523 D
1871 4451 1919 4506 ei
1954 4458 2213 4517 tanquam
2255 4443 2489 4498 Domino
2538 4450 2783 4494 mentem
2835 4435 3165 4502 subiiciens,
3198 4434 3242 4486 si
3283 4433 3445 4486 indu-

1869 4542 2043 4596 bitata
2101 4536 2203 4591 ﬁde
2238 4534 2413 4588 Deum
2458 4531 2524 4586 de
2572 4530 2681 4584 Deo
2729 4526 3014 4581 confessus
3044 4533 3190 4579 esset
3221 4522 3444 4586 Filium,

1867 4648 1968 4687 nec
2004 4630 2147 4698 turpi
2196 4625 2429 4696 quaestui
2466 4634 2705 4675 amorem
2744 4632 2873 4686 erga
2919 4632 3045 4669 eum
3095 4615 3264 4669 miser
3294 4623 3445 4683 post-

1870 4724 2171 4795 posuisset,
2194 4728 2562 4786 nequaquam,
2582 4712 2797 4781 opinor,
2816 4708 3144 4779 proditionis
3159 4708 3449 4761 convictus

1870 4811 2280 4874 commisisset,
2322 4816 2381 4860 ut
2436 4819 2506 4858 ne
2555 4809 2745 4856 natum
2800 4798 3020 4869 quidem
3072 4811 3195 4850 esse
3248 4795 3449 4848 melius

1869 4905 2033 4961 foret.

1940 5163 2197 5227 Xlll,21.
2243 5161 2376 5216 Cum
2423 5159 2533 5212 lucc
2582 5156 2805 5209 dixisset
2855 5151 3036 5215 Iesus,
3085 5149 3328 5203 turbatus
3367 5156 3449 5200 est

1873 5258 2084 5328 spiritu,
2110 5264 2157 5308 et
2180 5261 2504 5323 protestatus
2532 5257 2629 5311 est,
2653 5258 2701 5301 et
2724 5246 2859 5298 dixit
2887 5261 2903 5297 :
2936 5244 3122 5308 Amen,
3149 5256 3297 5294 amen
3324 5239 3444 5292 dico

1873 5346 2015 5400 vobis
2043 5345 2168 5411 quia
2206 5359 2342 5395 unus
2374 5355 2437 5393 ex
2470 5339 2610 5392 tabis
2647 5337 2817 5389 tradet
2849 5351 2950 5387 me.

1945 5434 2107 5507 734
2147 5435 2246 5487 Cui
2303 5432 2657 5503 perSpicuum
2703 5444 2813 5481 non
2859 5432 2965 5486 est,
3011 5436 3190 5491 neque
3235 5419 3447 5489 cogita-

1874 5530 2077 5594 tiones,
2106 5541 2284 5596 neque
2308 5525 2474 5579 verba
2506 5529 2717 5576 natura:
2749 5527 2949 5573 nostrae
2983 5520 3296 5585 suppetere,
3323 5511 3449 5581 qui-
