3894 6200
393 317 502 375 135

1397 305 1437 360 S
1484 304 1525 359 C
1538 300 1768 357 YRILLI
1819 294 2297 356 ALEXANDRINI
2320 295 2639 354 ARCHIEP.

3577 297 3680 357 136

393 435 500 489 bus
549 438 672 486 tuto
724 435 777 483 et
830 426 972 483 citra
1027 438 1191 480 casus
1249 422 1561 493 periculum
1601 434 1727 491 quae
1780 425 2022 473 natura:

2132 416 2163 468 ι’
2194 408 2271 470 ὧν
2300 416 2366 471 ἂν
2395 417 2612 471 δύναιτο
2656 419 2838 487 τυχεῖν
2879 415 3227 489 ἀνεγκλήτως
3281 434 3341 471 τε
3388 415 3483 470 καὶ
3527 416 3684 471 ἀδια-

393 526 598 581 divinae
621 521 846 595 propria
871 529 1005 574 sunt
1030 518 1215 588 eloqui
1243 515 1458 587 possit?
1481 513 1696 568 Idcirco
1716 511 1840 581 ejus
1872 526 1991 566 ser-

396 617 661 673 monibus
694 613 949 669 subsidio
980 626 1123 681 opus
1152 618 1258 675 est,
1305 608 1372 663 ad
1419 606 1752 661 mediocrem
1793 618 1987 658 eorum

396 726 522 781 quae
577 717 817 764 mentem
870 713 1141 774 superant
1199 699 1654 771 explicationem.
1702 694 1993 763 Quomodo

396 805 547 860 enim
584 804 734 858 clare
768 800 979 871 aliquid
1023 800 1336 869 eloquetur,
1368 794 1517 865 quod
1564 793 1740 863 ipsam
1769 802 1996 860 quoque

398 898 800 968 cogitationem
824 903 1079 949 nostram
1112 889 1367 947 excedit?
1395 886 1629 958 Oportet
1658 885 1827 955 igitur
1866 899 1994 947 nos,

399 989 702 1045 verborum
752 987 1127 1041 humanorum
1168 979 1429 1035 crassitie
1460 979 1611 1033 velut
1634 976 1886 1046 exemplo
1931 989 1997 1029 ac

402 1093 535 1155 typo
568 1080 995 1150 conceptionum
1050 1075 1254 1130 mentis
1290 1079 1577 1142 suscepta.
1607 1068 1677 1124 ad
1717 1070 1844 1123 illas
1879 1067 1999 1122 dei-

404 1176 536 1231 tatis
568 1173 965 1244 proprietates,
997 1166 1181 1238 quoad
1218 1167 1272 1221 in
1310 1164 1475 1219 nobis
1523 1170 1632 1223 est.
1670 1160 1996 1231 procedere.

404 1266 751 1323 Gravissime
776 1264 963 1332 itaque
997 1260 1144 1329 Deus
1171 1266 1475 1329 peccantes
1501 1256 1707 1326 arguit,
1729 1270 1796 1309 ac
1826 1254 1999 1309 vehe-

405 1360 577 1414 menti
630 1357 758 1411 mali
805 1355 937 1409 odio
990 1361 1250 1407 movetur
1292 1352 1346 1405 in
1418 1364 1516 1403 eos
1572 1362 1712 1417 quos
1762 1346 1833 1400 ab
1882 1347 2003 1415 ipso

408 1448 660 1507 damnari
711 1446 1045 1517 contigerit,
1085 1445 1220 1499 licet
1281 1442 1409 1513 plus
1447 1455 1616 1511 quam
1678 1438 1790 1493 dici
1838 1445 2006 1508 queat

411 1541 657 1595 clemens
707 1538 779 1592 sit
830 1552 893 1590 ac
936 1537 1186 1591 tolerans
1234 1535 1534 1589 malorum.
1569 1531 1804 1598 Quando
1836 1530 2006 1597 igitur

411 1633 596 1687 divina
622 1631 916 1701 Scriptura
954 1636 1165 1682 motum
1201 1626 1344 1694 eius.
1380 1634 1442 1678 ut
1473 1626 1546 1678 ita
1588 1624 1791 1687 dicam,
1833 1623 2009 1693 signi-

418 1725 589 1779 ﬁcare
653 1724 772 1777 vult
830 1722 1105 1776 adversus
1166 1720 1385 1789 impios,
1432 1732 1633 1771 rursus
1694 1716 1904 1772 nostris
1953 1722 2009 1770 et

2093 510 2323 575 πτώτως
2353 512 2531 565 εἰπεῖν
2566 510 2634 564 τά
2668 510 2768 581 τῆς
2802 510 2955 574 Θείας
2982 527 3041 563 τε
3073 510 3170 564 καὶ
3190 510 3433 582 ἀρρήτου
3468 508 3683 579 φύσεως

2097 601 2239 667 [διας
2265 602 2363 656 Διά
2384 602 2544 655 τοῦτο
2569 604 2680 666 τοῖς
2716 602 2841 655 καθ’
2872 602 3072 672 ἑαυτὴν
3109 601 3463 672 ὑπηρετεῖται
3507 599 3686 670 λόγοις

2096 693 2234 765 πρὸς
2264 693 2493 764 μετρίαν
2520 692 2782 763 ἐξήγησιν
2811 691 2921 745 τῶν
2960 692 3101 764 ὑπὲρ
3155 690 3301 745 νοῦν.
3335 690 3459 754 Πῶς
3489 690 3599 760 γὰρ
3620 690 3688 743 ἀν

2096 805 2151 839 τι
2180 786 2275 839 καὶ
2301 787 2505 856 φράσαι
2533 786 2744 855 σαφῶς,
2767 786 2795 839 ὃ
2825 785 2919 839 καὶ
2940 786 3111 857 αὑτὴν
3142 783 3299 856 ήμῶν
3332 783 3688 855 ὑπερανίσχει

2097 883 2196 951 τὴν
2236 882 2481 944 ἔννοιανς
2514 881 2607 932 Δεῖ
2631 877 2922 948 τοιγαροῦν
2952 879 3125 948 ἡμᾶς,
3165 875 3418 947 καθάπερ
3442 875 3567 929 τινὰ
3596 874 3689 928 τύ-

2102 993 2203 1030 πον
2236 974 2344 1027 τῶν
2377 975 2665 1045 νοημάτων
2702 973 2802 1044 τὴν
2851 972 2961 1025 τῶν
3010 969 3369 1042 ἀνθρωπίνων
3425 968 3690 1040 ῥημάτων

2103 1068 2393 1140 παχύτητα
2425 1067 2771 1138 δεχομένους,
2799 1066 2888 1119 ἐπ’
2915 1065 3055 1120 αὐτὰ
3092 1056 3387 1135 πειρᾶσθαι
3429 1061 3689 1133 βαδίζειν,

2103 1163 2249 1217 κατά
2281 1178 2345 1228 γε
2386 1162 2478 1215 τὸν
2508 1159 2855 1233 ὲγχωροῦντα
2896 1159 3121 1230 τρόπον,
3170 1157 3229 1211 τὰ
3285 1156 3386 1225 τῆς
3438 1155 3692 1226 θεότητος

2102 1254 2233 1308 ἴδια.
2273 1251 2456 1306 Δεινὸν
2508 1250 2800 1323 τοιγαροῦν
2858 1250 2936 1312 είς
2985 1250 3243 1319 ἐλέγχους
3282 1246 3344 1300 τδ
3373 1246 3547 1311 Θεῖον,
3595 1244 3694 1298 καὶ

2104 1346 2333 1417 ἀκράτῳ
2370 1342 2735 1416 μισοπονηρίᾳ
2784 1341 3126 1413 κινούμενον,
3171 1340 3297 1395 καθ’
3329 1332 3405 1393 ῶν
3439 1339 3505 1394 ἂν
3534 1337 3695 1393 τοῦτο

2105 1439 2362 1510 γενέσθαι
2396 1438 2598 1510 πρέποι
2626 1437 2793 1508 ψήφῳ
2846 1439 2913 1506 τῇ
2962 1435 3094 1506 παρ’
3115 1432 3309 1497 αὑτοῦ,
3332 1434 3382 1486 εί
3417 1431 3513 1486 καὶ
3552 1430 3695 1503 ὑπὲρ

2106 1534 2265 1602 λόγον
2295 1530 2628 1596 ἁνεξικακεῖ.
2662 1530 2835 1583 Ὅταν
2866 1522 2959 1582 οῦν
2987 1530 3020 1599 ή
3050 1526 3169 1579 θεία
3210 1525 3400 1596 Γραφὴ
3447 1541 3693 1593 καταση-

2112 1625 2279 1696 μῆναι
2314 1622 2569 1693 βούληται
2592 1621 2654 1674 τδ
2686 1620 2825 1674 κατὰ
2848 1621 2958 1673 τῶν
2988 1620 3396 1675 δυσσεϐούντων
3417 1618 3580 1674 οἱονεὶ
3613 1616 3697 1673 κί-

2112 1732 2282 1785 νημα,
2307 1714 2468 1768 πάλιν
2491 1714 2555 1766 ὲκ
2587 1712 2697 1766 τῶν
2727 1711 2848 1765 καθ’
2874 1713 3023 1782 ἡμᾶς
3054 1711 3433 1782 λαμϐάνουσα,
3467 1712 3699 1775 καὶτοῖς

411 1817 673 1872 humanis
709 1825 875 1870 utens
912 1813 1226 1879 vocabulis,
1269 1813 1410 1866 iram
1444 1818 1500 1866 et
1534 1810 1780 1866 furorem
1815 1809 2005 1880 appel-

2125 1807 2476 1879 ὶνθρωπίνοις
2509 1805 2944 1877 ἀπσχρησαμένη
2975 1805 3237 1874 ῥήμασιν,
3282 1803 3451 1875 ὀργὴν
3493 1803 3699 1875 ὀνομά-

414 1910 516 1972 lat,
553 1908 812 1979 quamvis
846 1908 900 1961 in
937 1906 1183 1961 divinam
1218 1902 1593 1959 substantiam
1632 1903 1785 1957 nulla
1813 1901 2009 1957 istius-

418 1998 571 2053 modi
606 1996 947 2069 perturbatio
999 1996 1184 2059 cadat,
1214 1993 1312 2050 sed
1375 1991 1760 2062 indignatione
1796 1998 2010 2046 tantum

416 2101 729 2156 moveatur,
763 2106 876 2160 quo
917 2089 1080 2143 modo
1116 2086 1296 2151 novit,
1328 2094 1386 2141 et
1418 2100 1447 2139 a
1489 2092 1690 2139 natura
1724 2098 1825 2139 sua
1854 2098 2010 2139 com-

416 2190 609 2254 parata
648 2190 735 2237 cst
761 2200 775 2236 :
801 2197 1006 2236 arcana
1032 2182 1237 2250 quippe
1281 2186 1338 2233 et
1369 2178 1590 2232 occulta
1617 2186 1749 2233 sunt
1777 2191 2012 2247 prorsus

418 2290 543 2345 qua:
568 2274 638 2329 de
669 2273 803 2337 Deo,
829 2273 1018 2328 sed-ex
1043 2273 1258 2326 nostris
1283 2270 1555 2334 moribus,
1585 2278 1648 2323 ut
1679 2269 1842 2323 modo
1864 2268 2013 2323 dixi-

420 2383 572 2434 mus,
622 2367 914 2436 Scriptura
977 2366 1167 2420 divina
1228 2364 1371 2419 solet
1417 2364 1698 2433 explicare
1739 2378 1863 2433 qua:
1912 2378 2015 2418 nos

420 2457 722 2513 excedunt.
764 2456 1071 2511 Turbatum
1127 2455 1297 2524 igitur
1334 2455 1537 2524 spiritu
1574 2453 1857 2511 Christum
1905 2454 2017 2509 hoc

421 2551 551 2606 loco
609 2551 809 2605 beatus
855 2548 1197 2617 evangelista
1252 2553 1521 2613 testatur,
1565 2558 1777 2602 motum
1817 2562 2019 2617 nempe

424 2644 560 2706 odii,
586 2656 696 2713 quo
721 2641 953 2711 spiritus
979 2639 1100 2708 ejus
1136 2638 1341 2691 malum
1373 2638 1761 2702 aversabatur,
1788 2646 2018 2707 pertur-

424 2737 707 2793 bationem
739 2750 950 2789 vocans
976 2750 991 2787 :
1023 2747 1127 2787 nec
1157 2732 1307 2787 enim
1337 2730 1503 2785 aliter
1542 2729 1693 2785 istud
1720 2729 1874 2785 eﬂ‘ari
1914 2745 2020 2801 po-

427 2836 592 2884 terat.
628 2827 912 2882 Credibile
961 2834 1147 2880 autem
1187 2832 1276 2880 est
1324 2823 1493 2879 etiam
1536 2838 1784 2888 carnem,
1814 2822 2020 2877 divini-

428 2922 561 2975 tatis
608 2920 930 2974 motionem
996 2918 1229 2972 minlmc
1295 2916 1702 2980 susdnentem,
1763 2915 2023 2969 nonnihil

429 3013 817 3076 exhorruisse,
870 3019 924 3064 et
978 3008 1418 3079 perturbationis
1471 3006 1713 3077 speciem
1772 3004 2019 3069 dedisse,

431 3116 602 3176 atque
666 3105 764 3159 irae
830 3106 1054 3173 signum
1132 3102 1483 3166 ostendisse,
1545 3096 2019 3170 quemadmodum

434 3213 631 3269 nempe
678 3207 733 3251 et
774 3196 841 3251 de
875 3196 1086 3249 Lazaro
1136 3195 1406 3264 scriptum
1449 3201 1556 3255 est,
1590 3190 1780 3246 Jesum
1812 3205 1937 3245 cum
1968 3190 2022 3243 in

437 3292 625 3362 seipso
649 3289 1038 3345 infremuisset
1070 3287 1128 3341 in
1161 3295 1584 3341 monumentum
1615 3286 1926 3355 ingressum
1955 3281 2022 3337 “.

438 3384 595 3439 Sicut
635 3383 783 3438 enim
831 3382 947 3436 illic
992 3396 1187 3452 graves
1249 3382 1429 3435 minas
1479 3379 1747 3434 adversus
1793 3385 2027 3430 mortem

440 3475 719 3530 fremitum
760 3472 1082 3542 appellavit,
1123 3470 1201 3523 ita
1226 3470 1317 3523 hic
1368 3476 1581 3522 motum
1614 3467 1881 3521 adversus
1922 3466 2029 3518 im-

439 3568 591 3636 pium
641 3562 983 3634 proditorem
1050 3558 1392 3614 turbationis
1444 3557 1671 3611 nomine
1723 3554 2029 3609 denotavit.

441 3656 722 3710 Turbatus
757 3663 840 3709 est
873 3662 1057 3706 autem
1102 3654 1229 3720 jure
1265 3649 1487 3712 merito,
1525 3648 1852 3717 indignatus
1879 3644 2033 3700 «Iuda:

443 3748 886 3819 perversitatem.
932 3742 1077 3809 Quid
1122 3743 1274 3797 enim
1325 3742 1479 3796 illitis
1518 3741 1807 3810 impietate
1854 3740 2034 3807 majus

441 3842 551 3897 dici
595 3850 798 3911 potest,
829 3838 926 3909 qui
963 3853 1070 3891 una
1098 3850 1225 3890 cum
1258 3835 1383 3890 aliis
1416 3833 1708 3903 discipulis
1743 3833 2035 3887 immensis

446 3935 680 3989 aﬂectus
709 3930 1038 3994 honoribus,
1062 3938 1117 3982 et
1146 3928 1293 3981 inter
1331 3927 1542 3981 electos
1576 3926 1884 3981 collocatus
1917 3928 2038 3980 exi-

448 4040 555 4094 gua
589 4022 879 4094 pecuniola
911 4021 1266 4074 dilectionem
1299 4033 1428 4087 erga
1463 4017 1751 4071 Christum
1788 4033 2036 4072 commu-

449 4117 606 4182 tavit,
636 4124 693 4169 et
723 4114 817 4184 qui
860 4112 993 4166 dum
1037 4126 1238 4183 panem
1286 4112 1408 4180 ejus
1440 4110 1828 4174 manducaret,
1856 4111 2037 4165 calca-

451 4223 614 4263 neum
654 4208 709 4261 in
756 4221 882 4261 eum
921 4205 1143 4269 levavit,
1172 4218 1282 4258 non
1320 4203 1612 4265 honorem,
1638 4218 1748 4256 non
1783 4203 2035 4271 gloriam,

451 4316 562 4355 non
594 4298 912 4354 dilectionis
940 4296 1134 4366 legem,
1168 4310 1280 4349 non
1312 4294 1560 4349 debitum
1619 4295 1670 4349 ei
1708 4303 1897 4363 utpote
1930 4293 2041 4348 Deo

452 4395 692 4458 cultum,
740 4406 849 4444 non
883 4388 1106 4459 quidvis
1139 4387 1286 4441 aliud
1322 4386 1641 4455 hujusmodi
1675 4386 1817 4455 apud
1855 4401 1916 4441 se
1952 4401 2038 4440 re-

2110 1902 2193 1965 ζει
2217 1900 2310 1953 καὶ
2339 1899 2530 1970 θυμὸν,
2560 1897 2738 1951 καίτοι
2766 1898 2867 1968 τῆς
2900 1895 3049 1959 θείας
3075 1896 3265 1960 οὐσίας
3294 1896 3416 1950 καθ’
3445 1896 3703 1967 ὁμοιότη-

2109 2015 2180 2052 τα
2236 1996 2334 2068 τὴν
2394 1994 2554 2067 ήμῶν
2603 1994 2714 2048 τῶν
2771 1991 3029 2046 τοιούτων
3083 1991 3272 2047 παθῶν
3322 1993 3702 2064 ὑπομενούσης

2110 2092 2284 2155 οὐδὲν,
2318 2090 2647 2161 κινουμένης
2677 2088 2735 2141 δὲ
2763 2087 2923 2159 μόνον
2960 2088 3040 2151 είς
3071 2086 3466 2158 ἀγανάκτησιν,
3489 2085 3566 2150 ὡς
3590 2081 3701 2139 οἶδέ

2112 2202 2171 2238 τε
2222 2184 2317 2238 καὶ
2363 2183 2607 2250 πέφυκεν
2637 2179 2797 2249 αὑτή·
2847 2179 3129 2243 παντελῶς
3173 2182 3283 2250 γὰρ
3312 2179 3601 2252 ἀπόρρητα
3632 2178 3703 2232 τά

2114 2278 2247 2348 περὶ
2292 2275 2463 2328 Θεοῦο
2494 2274 2603 2327 ἀπὸ
2653 2274 2712 2327 δὲ
2761 2273 2871 2327 τῶν
2920 2272 3206 2344 ἡμετέρων
3242 2270 3402 2335 ὲθῶν,
3445 2270 3703 2342 καθάπερ

2115 2368 2319 2440 ἀρτίως
2358 2367 2683 2438 εἰρήκαμεν,
2726 2366 2794 2418 τὰ
2822 2365 2961 2437 ὑπὲρ
3004 2366 3153 2436 ἡμᾶς
3176 2364 3553 2435 καταγράφειν
3582 2364 3703 2428 ἔθος

2116 2466 2180 2534 τῇ
2217 2461 2337 2531 θείᾳ
2361 2461 2575 2531 Γραφῇ.
2603 2458 2952 2529 Τεταράχθαι
2988 2456 3276 2529 τοιγαροῦν
3321 2457 3552 2511 κάνθάδε
3596 2470 3703 2526 φη-

2120 2555 2204 2607 σὶν
2238 2556 2266 2608 ὁ
2297 2552 2583 2616 θεσπέσιος
2617 2549 3010 2621 εὑαγγελιστὴς
3037 2550 3129 2604 τὸν
3161 2550 3400 2621 Χριστὸν
3428 2548 3508 2619 τῷ
3544 2550 3707 2602 πνεύ-

2123 2662 2274 2716 ματι,
2304 2644 2367 2699 τὺ
2406 2644 2703 2715 μισόκακον
2731 2640 2828 2695 τοῦ
2862 2639 3173 2711 πνεύματος
3211 2640 3421 2711 κίνημα
3460 2639 3708 2711 ταραχὴν

2118 2738 2412 2807 όνόμασας·
2473 2736 2533 2789 οὑ
2591 2733 2698 2808 γάρ
2747 2730 2837 2805 ἦν,
2890 2734 2965 2797 ὡς
3014 2733 3210 2797 ἔοικεν,
3268 2734 3471 2805 ἑτέρως
3506 2734 3707 2787 είπεῖν.

2121 2830 2283 2894 Είκδς
2315 2831 2371 2883 δὲ
2408 2829 2578 2900 δήπου
2635 2829 2728 2882 καὶ
2776 2828 2877 2899 τὴν
2917 2827 3017 2897 τῆς
3046 2826 3301 2898 θεότητος
3339 2826 3556 2897 κίνησιν
3609 2826 3711 2879 οὑκ

2123 2924 2454 2992 ὲνέγκουσαν
2494 2922 2593 2993 τὴν
2626 2921 2806 2991 σάρκα
2859 2920 3031 2991 βραχύ
3059 2938 3113 2973 τι
3142 2919 3235 2973 καὶ
3270 2919 3586 2991 ὑποφρίξαι,
3618 2919 3714 2973 καὶ

2125 3014 2356 3086 θορύϐου
2389 3013 2575 3085 σχῆμα
2601 3013 2815 3075 παθεῖν,
2839 3012 2933 3066 καὶ
2961 3014 3186 3083 σημεῖον
3216 3011 3389 3082 ὀργῆς
3419 3011 3713 3077 ἐπιδεῖξαι,

2051 3148 2093 3203 C
2127 3108 2380 3177 καθάπερ
2409 3103 2501 3159 οὖν
2528 3106 2721 3176 ἀμέλει
2754 3106 2849 3158 καὶ
2878 3104 2971 3158 ἐπὶ
2998 3104 3235 3175 Λαζάρῳ
3263 3104 3595 3174 γέγραπται,
3630 3103 3715 3155 ὅτι

2127 3196 2552 3269 ἐμϐριμώμενος
2602 3196 2781 3266 ἑαυτῷ
2843 3197 2872 3249 ό
2930 3192 3137 3265 Ἰησοῦς
3191 3195 3271 3257 είς
3331 3193 3393 3246 τὸ
3449 3195 3717 3263 μνημεῖον

2128 3288 2455 3353 ἐνεϐάδιξεν.
2490 3290 2698 3359 Ὀνπερ
2726 3288 2835 3357 γάρ
2867 3287 3069 3358 τρόπον
3096 3288 3154 3340 ὲν
3179 3287 3408 3351 ἐκείνοις
3439 3287 3538 3358 τὴν
3572 3286 3719 3339 κατά

2128 3378 2222 3431 τοῦ
2249 3378 2477 3431 θανάτου
2501 3378 2750 3449 δριμεῖαν
2781 3378 3007 3448 ἀπειλὴν
3037 3377 3372 3449 ὲμϐρίμησιν
3400 3378 3527 3449 ἔφη,
3572 3377 3721 3430 οὕτω

2131 3470 2361 3525 κάνθάδε
2422 3470 2484 3523 τδ
2526 3470 2669 3523 κατὰ
2715 3470 2810 3523 τοῦ
2852 3470 3149 3535 δυσσεϐοῦς
3207 3470 3469 3544 προδότου
3507 3470 3723 3541 κίνημα

2132 3562 2211 3632 τῷ
2248 3562 2347 3632 τῆς
2374 3563 2624 3633 ταραχῆς
2662 3562 2888 3631 ὀνόματι
2936 3563 3361 3633 κατεσήμαινεν.
3408 3561 3723 3632 Ἐταράχθη

2132 3654 2191 3707 δὲ
2217 3653 2463 3717 εἰκότως,
2492 3654 2586 3705 ἐπὶ
2611 3656 2733 3717 ταῖς
2774 3653 2945 3706 Ἰούδα
2984 3653 3339 3725 δυστροπίαις
3370 3655 3721 3724 ἀγανακτῶν.

2135 3745 2199 3797 Τί
2240 3745 2348 3816 γὰρ
2380 3744 2446 3798 ἂν
2474 3745 2684 3814 γένοιτο
2712 3748 2813 3815 τῆς
2836 3746 3048 3799 ἐκείνου
3070 3746 3386 3812 δυσσεϐείας
3419 3746 3480 3800 τὸ
3500 3747 3725 3800 ἐπέκει-

2135 3859 2222 3906 να,
2248 3842 2348 3894 ὃσα
2377 3856 2441 3908 γε
2462 3843 2574 3902 τοῖς
2606 3838 2789 3903 ἄλλοις
2819 3841 2876 3891 ὲν
2914 3841 3015 3909 ῐσῳ
3047 3839 3317 3910 μαθηταῖς
3356 3840 3726 3910 τετιμημένος

2136 3950 2195 3985 τε
2222 3932 2537 4004 ὑπερφυῶς,
2565 3932 2658 3985 καὶ
2696 3931 2753 3983 ὲν
2794 3933 2906 3994 τοῖς
2945 3931 3264 3995 άπολέκτοις
3304 3935 3727 4003 κατατεταγμέ-

2137 4041 2248 4087 νος,
2313 4023 2478 4095 ὀλίγῳ
2534 4024 2782 4095 ἀργυρίῳ
2844 4023 3126 4088 παντελῶς
3194 4024 3292 4095 τὴν
3344 4026 3427 4089 είς
3488 4025 3728 4096 Χριστὸν

2140 4116 2362 4184 ἀγάπην
2388 4115 2677 4183 ἠλλάξατο,
2712 4116 2807 4170 καὶ
2843 4116 3040 4170 ἐσθίων
3080 4116 3170 4170 τὸν
3204 4116 3368 4188 ἄρτον
3416 4116 3583 4170 αὑτοῦ
3625 4117 3728 4190 τὴν

2143 4207 2382 4278 πτέρναν
2415 4208 2641 4279 ἐπῆρεν,
2677 4210 2739 4263 οὺ
2760 4210 2948 4281 τιμὴν,
2984 4211 3046 4264 οὑ
3076 4209 3253 4275 δόξαν,
3280 4211 3342 4263 οὑ
3373 4210 3473 4276 τῆς
3500 4210 3729 4279 ἀγάπης

2141 4300 2232 4352 τὸν
2267 4300 2450 4370 νόμον,
2490 4301 2551 4354 οὑ
2585 4301 2646 4354 τὸ
2682 4301 3127 4372 χρεωστούμενον
3154 4302 3229 4366 ὡς
3264 4300 3383 4372 Θεῷ
3416 4302 3599 4366 σέϐας,
3627 4302 3729 4373 οὑχ

2144 4392 2329 4463 ἕτερόν
2371 4409 2423 4445 τι
2454 4391 2561 4445 τῶν
2596 4395 2677 4457 είς
2700 4392 2864 4446 αὑτόν
2906 4392 3211 4464 γενομένων
3240 4392 3727 4463 ὑπολογισάμενος,

455 4498 682 4556 putans,
722 4484 818 4538 sed
869 4482 935 4536 ad
982 4481 1301 4536 Judaeorum
1348 4478 1726 4534 exsecrabiles
1778 4478 2022 4533 denario:

2147 4486 2227 4547 εἰς
2256 4484 2392 4554 μόνα
2420 4484 2475 4537 δὲ
2506 4484 2719 4554 βλέπων
2755 4485 2824 4539 τὰ
2860 4485 3011 4555 παρά
3049 4483 3159 4540 τῶν
3196 4484 3466 4538 Ἰουδαίων
3505 4484 3730 4555 μυσαρὰ

457 4578 727 4631 duntaxat
788 4573 950 4645 735
1005 4573 1348 4642 respiciens.
1399 4579 1458 4627 et
1516 4572 1734 4641 exiguis
1798 4574 2043 4629 nummis

461 4683 618 4723 suam
648 4666 893 4721 vendens
929 4665 1198 4726 animam,
1230 4666 1696 4733 innocentemque
1727 4678 1791 4719 ac
1828 4664 2043 4733 justum

461 4757 783 4828 sanguinem
824 4754 1235 4808 homicidarum
1303 4752 1563 4807 manilius
1616 4751 1860 4808 tradens.
1909 4752 2040 4807 Gra-

458 4850 684 4904 vissima
706 4848 891 4917 itaque
919 4861 1019 4900 cur
1050 4847 1308 4901 turbatus
1335 4846 1408 4900 sit
1444 4860 1615 4899 causa
1648 4853 1752 4899 est.
1782 4842 2049 4915 Sequitur

463 4952 648 4997 autem
677 4944 819 4996 acris
850 4941 1234 5012 reprehensio,
1276 4940 1346 4996 ad
1384 4941 1550 4995 unius
1590 4940 1813 5010 quidem
1842 4955 1873 4995 e
1903 4940 2045 4995 duo-

462 5034 643 5089 decim
676 5048 966 5104 personam
1003 5032 1343 5103 singularem
1377 5032 1683 5102 pertinens,
1719 5030 1816 5086 sed
1863 5039 2046 5086 tamen

465 5126 591 5181 aliis
657 5135 860 5179 metum
933 5125 1320 5179 vehementem
1388 5124 1681 5193 injiciens,
1738 5132 1791 5178 et
1843 5125 2050 5194 cuique

464 5217 624 5288 quasi
665 5218 990 5287 praecipiens
1009 5225 1070 5270 ut
1096 5232 1211 5271 suae
1253 5215 1450 5270 anima:
1474 5218 1755 5281 consulat,
1804 5232 1873 5272 ne
1910 5216 2051 5272 forte

466 5325 565 5379 per
624 5310 892 5363 desidiam
952 5316 1065 5362 tam
1131 5305 1351 5362 infestis
1416 5308 1635 5377 laqueis
1700 5309 2047 5374 involvatur,

465 5408 525 5453 et
563 5400 886 5453 acerbitatis
939 5397 1232 5451 diabolicae
1274 5399 1459 5467 praada
1494 5397 1610 5453 ﬁat.
1663 5397 1829 5454 Utilis
1883 5400 2054 5472 igitur

467 5501 554 5546 est
598 5492 1092 5561 reprehensionum
1128 5490 1214 5546 vis
1253 5498 1309 5545 et
1342 5491 1509 5557 ratio,
1538 5506 1704 5562 quam
1757 5492 1915 5547 nihili
1974 5492 2054 5547 fa—

470 5581 625 5637 ciens
672 5582 975 5653 proditoris
1015 5583 1254 5650 animus,
1288 5583 1342 5638 in
1392 5584 1678 5643 urooosito
1723 5600 1829 5641 suo
1877 5586 2048 5642 haere-

541 5758 592 5794 ⁸δ
626 5758 785 5816 Joan.
822 5776 905 5827 ιι,
941 5759 1029 5814 58.

2142 4574 2395 4646 δηνάρια,
2428 4575 2521 4628 καλ⁸
2552 4573 2746 4642 ὀλίγων
2789 4574 3066 4645 ἀργυρίων
3121 4572 3315 4644 κομιδῇ
3375 4574 3476 4644 τὴν
3530 4574 3730 4627 ἑαυτοῦ

2144 4668 2404 4737 πωλήσας
2430 4663 2628 4737 ψυχὴν,
2661 4666 2755 4719 καὶ
2784 4665 2845 4718 τὸ
2878 4665 3057 4737 άθῷόν
3097 4682 3155 4718 τε
3200 4666 3294 4719 καὶ
3324 4665 3531 4719 δίκαιον
3562 4659 3729 4734 αἷμα,

2144 4760 2265 4822 ταῖς
2301 4757 2411 4811 τῶν
2456 4756 2863 4829 μιαιφονώντων
2894 4757 3083 4828 χερσὶν
3112 4758 3581 4829 ὲγχειρισάμενος.
3621 4758 3733 4811 Εὑ-

2146 4849 2429 4919 λογωτάτη
2467 4848 2755 4920 τοιγαροῦν
2811 4849 2845 4919 ή
2901 4848 2996 4901 τοῦ
3042 4849 3375 4921 τεταράχθαι
3433 4850 3731 4920 πρόφασις.

2160 4939 2550 4995 Ἐπακολουθεῖ
2602 4940 2658 4993 δὲ
2708 4939 2906 5011 δριμὺς
2956 4941 2984 4993 ὁ
3025 4940 3266 5010 ἐλεγχος,
3313 4938 3459 4994 οῦτω
3512 4942 3613 5009 μὲν
3651 4943 3735 5005 είς

2146 5034 2437 5105 πρόσωπον
2475 5031 2659 5096 ῖδικῶς
2697 5030 2757 5085 τὸ
2802 5032 2919 5094 ἐνὸς
2948 5033 3057 5084 τῶν
3084 5030 3314 5095 δώδεκα,
3349 5032 3637 5104 περιιστάς
3668 5050 3734 5103 γε

2150 5127 2258 5197 μὴν
2286 5127 2366 5189 είς
2395 5124 2589 5195 μόνους
2638 5124 2835 5188 αὑτοὺς
2864 5124 2925 5177 τὸ
2961 5123 3105 5177 οὑτω
3138 5124 3573 5195 φρικωδέστατον
3597 5142 3735 5179 κατ-

2148 5218 2427 5290 ηγόρημα,
2454 5216 2551 5269 καὶ
2580 5216 2867 5288 μονονουχὶ
2905 5216 3351 5287 παρεγγυόμενος
3373 5215 3483 5269 τῶν
3516 5217 3737 5287 ἀκροωο

2154 5308 2332 5378 μένων
2358 5308 2572 5379 ἑκάστῳ
2600 5308 2697 5379 τὴν
2727 5307 2861 5361 ἰδίαν
2890 5308 3123 5378 φυλάξαι
3151 5308 3351 5379 ψυχὴν,
3384 5309 3458 5379 μή
3484 5308 3591 5379 ἄρα
3616 5325 3737 5373 πως

2151 5403 2216 5454 ἐκ
2244 5400 2519 5474 ῥᾳθυμίας
2550 5405 2663 5465 τοῖς
2681 5400 2825 5455 οὕτω
2850 5401 3038 5465 δεινοῖς
3067 5401 3344 5468 άλώσηται
3377 5402 3613 5473 βρόχοις,
3640 5402 3739 5454 καὶ

2151 5494 2251 5565 τῆς
2303 5492 2396 5547 τοῦ
2454 5493 2702 5548 διαϐόλου
2750 5493 2975 5563 πικρίας
3026 5492 3198 5562 γλυκὺ
3238 5496 3453 5562 γένοιτο
3486 5493 3736 5564 θήραμα.

2162 5586 2481 5657 Ἑπωφελὴς
2511 5581 2602 5639 οὖν
2634 5585 2741 5658 ἄρα
2763 5586 2872 5638 τῶν
2906 5584 3142 5657 ἐλέγχων
3172 5587 3202 5657 ή
3244 5586 3491 5656 δύναμις,
3514 5585 3578 5656 ήν
3604 5584 3740 5667 παρ’
