3894 6200
218 310 329 367 ⁸³⁷
410 377 417 386 .

1289 312 1351 365 ΙΝ
1386 310 1676 365 JUANNIS
1700 307 2150 365 EVANGELIUM
2191 308 2317 361 Llll.
2357 307 2447 361 οι.

3374 303 3479 362 138

213 426 369 482 οὐδὲν
423 427 787 496 ποιησάμενος
844 426 937 480 τοῦ
989 428 1278 498 προδόντος
1328 431 1356 480 6
1398 427 1541 491 νοῦς,
1585 426 1691 479 τῶν
1722 427 1787 478 oi-

1904 425 2013 478 bat.
2040 423 2233 492 Magna
2269 424 2454 491 itaque
2483 436 2606 474 cum
2643 420 2891 489 emphasi
2921 421 3184 476 Christus
3221 441 3233 475 :
3273 441 3289 473 ι
3327 422 3477 479 Unus

216 519 378 571 κείων
409 520 583 587 εἴχετο
613 520 1065 589 σπουδασμάτων.
1099 519 1585 589 Ἐμφαντικώτατα
1614 518 1793 571 τοίνυν

212 611 243 662 6
270 611 501 679 Χριστὸς
521 609 602 675 τὸ,
639 629 657 660 ι
690 608 784 672 Εἷς
815 612 873 676 ἐξ
895 610 1049 680 ὑμῶν
1080 609 1390 681 παραδώσει
1422 626 1513 680 με,
1553 628 1570 659 ι
1606 607 1788 676 φησίν.

215 701 287 755 Ἦ
318 702 425 772 γὰρ
453 700 554 770 τῆς
595 701 689 754 τοῦ
735 701 1043 771 τολμῶντος
1086 700 1409 773 ἀχαριστίας
1466 701 1554 753 διὰ
1600 699 1790 753 τούτου

209 796 526 864 κατηγορεῖ,
552 794 585 863 ἢ
607 794 706 865 τῆς
724 794 821 847 τοῦ
846 794 1090 848 διαϐόλου
1116 794 1312 857 κακίας
1341 793 1576 846 δεικνύει
1608 793 1670 844 1:6
1698 792 1794 862 μέ-

211 881 391 950 γεθος,
425 883 501 944 ὡς
546 882 800 935 τοσοῦτον
852 882 1193 953 δυνηθείσης,
1223 883 1300 947 ῶς
1344 883 1439 938 καὶ⁸
1485 882 1665 936 αὐτῶν
1694 884 1793 937 ἕνα

206 974 318 1025 τῶν
359 975 673 1029 ἀποστόλων
707 976 975 1044 ἁρπάσαι.

284 1071 587 1123 "Edita-tor
606 1065 721 1125 οὖν
743 1073 828 1135 είς
851 1069 1165 1137 ἀλλήλους
1198 1074 1253 1125 οἱ
1277 1070 1559 1141 μαθηταὶ,
1587 1071 1792 1125 διαπο-

196 1161 486 1228 ρούμενοι
517 1162 651 1228 περὶ
687 1162 850 1227 τίνος
871 1163 1058 1231 λέγει.

283 1252 587 1322 Ἐκπληξίς
615 1270 673 1306 τε
704 1254 837 1323 ὁμοῦ
880 1255 975 1308 καὶ
999 1254 1119 1319 δέος
1145 1256 1418 1328 εἰστρέχει
1447 1256 1575 1319 τοὺς
1617 1256 1790 1327 μαθη-

204 1342 325 1406 τάς,
358 1345 451 1396 καὶ
478 1345 729 1415 ἀλλήλοις
772 1345 1023 1416 ἐνορῶσι,
1061 1347 1284 1401 διπλοῦν
1324 1350 1389 1401 ὲκ
1426 1348 1536 1401 τῶν
1565 1347 1792 1419 εἰρημέ-

204 1452 314 1488 νων
345 1435 624 1500 ὡδίνοντες
661 1437 914 1508 θόρυϐον.
943 1439 1216 1503 Ἕκαστος
1248 1440 1347 1510 μὲν
1380 1438 1511 1511 γάρ,
1547 1438 1687 1491 κατά
1730 1438 1791 1491 τὸ

200 1528 374 1591 εἰκὸς,
401 1529 501 1597 τῆς
527 1530 665 1593 ίδίας
693 1531 1045 1603 ὐπρτρέχων
1073 1532 1270 1604 ψυχῆς,
1300 1532 1400 1585 οὐκ
1427 1532 1486 1585 ὲν
1504 1532 1670 1601 ὀλίγῳ
1698 1530 1789 1600 γέ-

1898 533 1963 569 ex
1996 516 2155 570 vobis
2184 531 2269 570 me
2300 515 2500 577 tradet,
2540 534 2557 563 ι
2592 515 2687 568 ait.
2718 512 2817 569 Vel
2854 516 3001 569 enim
3038 514 3345 585 proditoris
3388 518 3475 570 in-

1894 615 2109 677 gratum
2146 607 2387 662 animum
2432 607 2519 661 his
2558 607 2745 661 verbis
2788 617 3038 671 accusat,
3062 608 3146 661 vel
3192 606 3479 662 diabolica:

1895 700 2159 770 nequitia:
2189 698 2628 770 magnitudinem
2669 700 2935 763 ostendit,
2970 714 3092 768 qua:
3125 708 3336 753 tantum
3383 715 3479 769 po-

1894 792 2084 855 tuerit,
2143 798 2203 845 ut
2257 791 2419 843 etiam
2456 805 2625 843 unum
2683 806 2749 843 ex
2806 790 2943 859 ipsis
2994 790 3258 860 apostolis
3301 792 3478 843 corri-

1892 886 2093 955 puerit.

1966 1055 2080 1111 Xlll
2108 1098 2123 1124 ,
2162 1057 2254 1111 22.
2295 1057 2636 1126 Aspiciebant
2684 1075 2806 1129 ergo
2843 1059 2913 1112 ad
2937 1058 3156 1112 inuicem
3197 1059 3469 1129 discipuli,

1890 1148 2196 1203 haesitantes
2228 1149 2292 1203 de
2323 1166 2425 1217 quo
2452 1150 2666 1204 diceret.

1964 1239 2169 1309 Stupor
2198 1241 2365 1295 simul
2399 1255 2463 1294 ac
2487 1241 2653 1294 timor
2678 1241 2890 1297 invadit
2914 1239 3123 1296 Christi
3148 1240 3471 1311 discipulos,

1890 1337 1944 1386 et
1972 1330 2260 1385 intuentur
2289 1331 2380 1384 alii
2408 1332 2463 1385 in
2496 1331 2659 1394 alios,
2690 1332 2967 1402 duplicem
2998 1346 3065 1387 ex
3093 1331 3258 1387 dictis
3284 1334 3475 1387 concl-

1889 1425 2108 1495 pientes
2144 1435 2372 1481 metum.
2402 1424 2796 1496 Unusquisque
2822 1424 3002 1493 enim,
3036 1432 3093 1478 ut
3123 1440 3223 1495 par
3248 1433 3368 1491 est,
3404 1425 3474 1480 de

1886 1529 1990 1570 sua
2022 1516 2208 1570 anima
2238 1517 2535 1583 sollicitus,
2570 1532 2679 1572 non
2714 1531 2881 1587 parvo
2909 1525 3029 1572 erat
3073 1517 3129 1570 in
3158 1525 3331 1581 metu,
3373 1518 3470 1572 sed

200 1636 329 1687 γονε
352 1619 588 1691 δείματι,
620 1622 755 1676 ἀλλὰ
778 1625 873 1677 καὶ
904 1625 1003 1695 τῆς
1021 1627 1099 1689 εἰς
1126 1625 1188 1679 τὸ
1216 1624 1391 1677 κοινὸν
1415 1623 1627 1695 ὁρώσης
1652 1623 1787 1678 ὑπο-

1897 1616 1944 1661 et
1971 1622 2097 1662 cum
2131 1608 2201 1662 de
2234 1610 2450 1664 caeteris
2481 1611 2537 1663 in
2569 1625 2861 1664 commune
2891 1611 3239 1680 cogitarent,
3270 1610 3338 1663 de
3364 1609 3473 1663 alia

199 1710 420 1782 λήψεως
449 1714 628 1787 χάριν,
658 1718 758 1770 οὐκ
784 1718 1043 1774 ἐλάττονα
1066 1720 1165 1790 τῆς
1196 1718 1393 1790 ἑτέρας
1418 1719 1517 1788 τὴν
1548 1718 1787 1785 ἀγωνίαν

1897 1713 1997 1753 non
2028 1700 2213 1755 minus
2247 1702 2396 1755 anxii
2423 1713 2603 1756 erant.
2630 1702 2877 1757 Credunt
2902 1702 3107 1773 quippe
3135 1717 3327 1757 verum
3367 1702 3460 1755 uti.

200 1783 481 1876 éﬁéxowo.
512 1783 631 1865 Ὅτι
690 1813 790 1881 μὲν
844 1813 955 1884 γὰρ
1010 1783 1208 1884 ἀληθὲς
1258 1783 1412 1865 ἔσται
1470 1783 1689 1873 πάντως
1729 1811 1787 1862 τὸ

1897 1804 1998 1858 que
2035 1788 2153 1847 fore
2181 1792 2329 1861 quod
2353 1792 2566 1847 dictum
2597 1801 2705 1848 est.
2742 1793 2937 1848 Sciunt
2967 1794 3115 1849 enim
3158 1793 3474 1849 Servatoris

198 1898 495 1969 εἰρημένον
530 1903 899 1957 πιστεύουσιν.
934 1905 1115 1957 Ἷσασι
1139 1904 1270 1976 γάρ,
1292 1904 1367 1965 ὡς
1391 1904 1490 1957 οὐκ
1516 1904 1582 1956 ἂν
1602 1902 1791 1956 διαπέ-

200 2000 287 2039 cet
340 1988 499 2050 κενὸς
545 1989 641 2042 τοῦ
689 1992 942 2063 Σωτῆρος
998 1995 1027 2044 6
1064 1994 1243 2061 λόγος,
1273 1993 1336 2045 τό
1377 1992 1436 2045 τέ
1471 2009 1535 2060 γε
1572 1991 1677 2063 μὴν
1710 1993 1789 2055 εἰς

197 2077 363 2131 τοῦτο
404 2079 726 2146 δυσσεϐείας
779 2083 1246 2155 κατωλισθηκέναι
1296 2084 1403 2137 τῶν
1436 2085 1495 2138 ὲν
1522 2082 1790 2155 μαθηταῖς

196 2170 683 2242 ἀπηριθμημένων
736 2174 881 2239 τινὰ,
944 2176 1116 2230 δεινὸν
1186 2176 1282 2230 καὶ
1337 2176 1609 2247 ἀφόρητον
1647 2171 1789 2229 εἶναι

196 2260 562 2332 λογιζόμενοι,
612 2266 672 2318 τὸ
734 2268 834 2337 μὲν
896 2268 1027 2324 ῑδιον
1088 2268 1320 2323 ἑκάστου
1376 2269 1614 2331 συνειδὸς
1654 2270 1788 2322 ἀνα-

198 2354 488 2423 κρίνουσι,
551 2358 645 2409 καὶ⁵
696 2359 1058 2430 ,περιαθροῦσι
1115 2359 1305 2424 δεινῶς
1361 2362 1453 2415 ἐπὶ
1509 2363 1630 2415 τίνα
1690 2363 1788 2432 τῆς

194 2446 477 2509 ἀπωλείας
504 2450 532 2501 6
562 2448 763 2520 κλῆρος
782 2455 1056 2517 πεσεῖται,
1092 2454 1183 2505 καὶ
1210 2453 1392 2518 πόθεν,
1423 2454 1455 2525 ἢ
1485 2454 1602 2518 πῶς
1633 2456 1786 2525 ἰσχύ-

200 2553 285 2591 σει
312 2539 564 2593 τοσοῦτον
595 2542 623 2592 6
653 2542 915 2608 Σατανᾶς,
942 2543 1017 2607 ὼς
1052 2545 1146 2598 καὶ
1175 2545 1355 2599 αὐτῶν
1382 2545 1646 2617 ἐκκλέψαι
1680 2546 1788 2601 τῶν

194 2629 441 2697 γνησίων
471 2632 613 2685 τινά.

206 2786 214 2793 ⁸
269 2718 391 2774 Ἶιν
423 2722 493 2775 δὲ
515 2723 905 2790 ἀνακείμενος
933 2720 1021 2791 εἷς
1050 2724 1119 2779 ἐκ
1151 2724 1269 2779 τῶν
1283 2726 1566 2796 μαθητῶν
1598 2727 1788 2805 αὐτοῦ

193 2810 268 2864 ἐν
317 2810 399 2876 τῷ
434 2814 643 2880 κόλπῳ
693 2814 800 2868 τοῦ
840 2815 1067 2884 Ἰησοῦ,
1113 2816 1186 2871 ὃν
1220 2818 1423 2886 ἠγάπα
1460 2821 1494 2872 ὁ
1526 2818 1785 2886 Ἰησοῦς.

195 2904 374 2957 Ντύει
400 2900 514 2959 οὖν
546 2907 737 2971 τούτῳ
765 2908 978 2976 Σίμων
1008 2907 1233 2979 Πέτρος
1279 2909 1575 2965 πυθέσθαι
1601 2910 1691 2976 τίς
1712 2910 1790 2964 ἂν

194 2996 291 3061 ειη
336 2997 471 3066 περὶ
517 2993 589 3052 οὗ
617 2998 801 3067 λέγει.
846 3001 1188 3055 Ἐπιπεσὼν
1228 3002 1297 3055 δὲ
1322 3002 1555 3069 ἐκεῖνος
1584 3003 1685 3057 ἐπὶ
1720 3003 1787 3057 τὸ

194 3085 428 3186 στῆθος
450 3089 559 3143 τοῦ
594 3090 819 3186 Ἰησοῦ,
837 3091 1001 3159 λέγει
1029 3092 1211 3159 αὐτῷ·
1237 3095 1432 3164 Κύριε,
1458 3097 1551 3161 τίς
1579 3096 1785 3186 ἐστινέ
1814 3125 1858 3186 C

209 3178 626 3249 Ἀποκρίνεται
672 3176 787 3236 οὖν
822 3184 855 3234 ὀ
896 3183 1158 3249 Ἰησοῦςο
1208 3184 1466 3251 Ἐκεῖνός
1510 3185 1709 3252 ἐστιν,
1738 3179 1786 3254 ᾧ

194 3271 313 3341 ἐγὼ
334 3272 549 3341 βάψας
576 3275 643 3326 τὸ
673 3275 909 3343 ψωμίον
933 3275 1107 3329 δώσω

269 3366 670 3438 Θαυμάσαιμεν
724 3368 791 3421 ἂν
838 3368 1063 3433 εἰκότως
1105 3370 1200 3424 καὶ⁵
1232 3372 1290 3424 ὲν
1317 3369 1493 3442 τούτῳ
1516 3372 1586 3443 δὴ
1623 3372 1786 3428 πάλιν

195 3458 308 3511 τῶν
341 3458 514 3526 ἁγίων
546 3459 802 3530 μαθητῶν
833 3460 895 3514 τὸ
919 3462 1119 3532 γοργὸν
1152 3463 1235 3526 εἰς
1270 3461 1568 3532 φιλοθεΐαν,
1598 3462 1695 3515 καὶ
1725 3463 1788 3516 τὸ

196 3552 322 3605 λίαν
345 3552 574 3622 ἀκριϐὲς
614 3555 693 3616 είς
718 3553 1027 3608 εὐλάὅειαν.
1067 3555 1143 3608 Οὐ
1184 3555 1294 3627 γὰρ
1327 3555 1543 3625 ἔχοντες
1579 3554 1637 3621 ἐξ
1657 3556 1781 3608 ἑαυ-

196 3642 307 3697 τῶν
370 3644 570 3697 εἰδέναι
634 3644 888 3699 ὑπαίτιόν
950 3664 1108 3709 τινα,
1165 3646 1281 3700 ἀλλ’
1347 3647 1469 3700 οὐδὲ
1532 3650 1654 3711 ταῖς
1722 3649 1787 3701 ὲκ

200 3735 524 3807 στοχασμῶν
561 3738 797 3802 ἀπάταις
837 3737 1328 3810 ὲπιθαρσήσαντες,
1372 3738 1787 3808 φιλοπευστοῦσι

200 3828 400 3891 πάλιν,
466 3830 563 3883 καὶ
637 3829 931 3900 μανθάνειν
992 3831 1308 3900 ἐπείγονται
1388 3831 1458 3884 δι’
1516 3832 1635 3895 ἐνὸς
1691 3830 1785 3885 τοῦ

199 3921 554 3992 προῦχοντος,
607 3924 815 3994 Πέτρος
864 3924 922 3977 δὲ
975 3917 1131 3987 οὗτος
1179 3919 1269 3994 ἦν,
1320 3924 1379 3989 ὃς
1419 3926 1785 3996 προσεκόμισε

200 4012 303 4082 μὲν
336 4012 589 4083 οὐδαμῶς
637 4014 705 4067 δι’
729 4014 924 4068 ἑαυτοῦ
971 4014 1069 4086 τὴν
1107 4016 1335 4080 πεῦσιν,
1361 4015 1439 4087 τῷ
1467 4016 1523 4070 δὲ
1558 4017 1788 4086 πλησίον

198 4104 294 4157 καὶ
355 4105 703 4175 ἀγαπωμένῳ
754 4105 843 4159 διὰ
890 4105 951 4159 τὸ
994 4107 1095 4179 τῆς
1145 4108 1370 4175 ἁγνείας
1409 4108 1787 4180 λαμπρότερον

198 4195 259 4246 τὸ
301 4193 569 4267 διερωτᾷν
602 4195 841 4264 ἐφίησιν.
888 4196 1146 4267 Ἰωάννης
1190 4197 1248 4254 δὲ
1300 4191 1454 4262 οὗτος
1494 4193 1564 4270 ἦν
1611 4200 1639 4251 ὁ
1691 4198 1786 4252 τοῦ

199 4282 565 4352 προκειμένου
604 4282 811 4352 βιϐλίου
860 4288 1231 4356 συγγραφεὺς,
1260 4288 1339 4351 ὃς,
1381 4289 1615 4358 ἐπείπερ
1644 4292 1787 4359 ἠγα-

197 4372 410 4445 πῆσθαί
446 4391 613 4445 φησιν
636 4376 851 4440 ἑαυτὸν,
881 4376 943 4431 τὸ
968 4379 1169 4433 οἰκεῖον
1214 4380 1558 4449 κατέκρυψεν
1594 4381 1784 4450 ὄνομα,

1891 1896 2203 1939 sermonem
2252 1884 2471 1938 irritum
2504 1900 2628 1940 esse
2669 1900 2779 1939 non
2812 1902 3005 1956 posse.
3048 1888 3144 1942 sed
3177 1901 3246 1941 eo
3277 1886 3473 1955 impie-
3520 1956 3523 1959 Α

1890 1976 2025 2031 tatis
2057 1975 2331 2032 decidisse
2370 1993 2705 2048 quemquam
2751 1994 2783 2033 e
2830 1979 3153 2049 discipulis,
3202 1994 3367 2049 grave
3418 1988 3474 2033 et

1892 2065 2299 2122 intolerandum
2341 2083 2465 2124 esse
2510 2076 2804 2138 putantes,
2847 2084 3003 2122 suam
3046 2069 3287 2138 quisque
3333 2084 3471 2125 con-

1892 2157 2177 2213 scientiam
2209 2160 2546 2227 examinant,
2573 2168 2629 2216 et
2654 2162 2709 2215 in
2739 2177 2901 2231 quem
2928 2161 3083 2215 exitii
3120 2176 3244 2215 sors
3272 2175 3473 2215 casura

1892 2247 1964 2300 sit
1995 2260 2185 2305 exacte
2210 2253 2510 2316 rimantur,
2551 2260 2606 2307 et
2638 2252 2785 2307 unde
2816 2259 2912 2306 aut
2942 2251 3225 2323 quomodo
3256 2259 3471 2307 tantum

1891 2345 2183 2415 potestatis
2211 2344 2503 2400 habiturus
2542 2346 2615 2399 sit
2658 2344 2925 2409 Satanas,
2974 2352 3034 2398 ut
3068 2359 3407 2414 quemquam
3441 2359 3472 2397 e

1891 2435 2147 2504 genuinis
2176 2433 2468 2489 discioulis
2500 2434 2763 2503 abripiat.

1962 2705 2079 2761 XIII
2102 2746 2117 2768 ,
2157 2706 2345 2761 25-26.
2397 2704 2532 2760 Erat
2563 2724 2684 2776 ergo
2710 2706 3015 2760 recumbens
3046 2722 3179 2759 unus
3210 2719 3274 2759 ex
3304 2704 3473 2760 disci-

1888 2800 2028 2867 pulis
2049 2799 2164 2867 ejus
2194 2801 2251 2852 in
2278 2800 2399 2853 sinu
2424 2797 2574 2862 Jesu,
2605 2816 2755 2870 quem
2785 2799 3036 2870 diligebat
3061 2795 3240 2852 Jesus.
3286 2795 3472 2851 lnnuit

1889 2908 2011 2962 ergo
2036 2892 2157 2945 huic
2180 2890 2366 2946 Simon
2391 2891 2607 2959 Petrus,
2636 2902 2686 2945 et
2710 2894 2851 2945 dixit
2883 2893 2932 2946 ei
2962 2909 2981 2948 :
3020 2892 3152 2959 Quis
3180 2900 3259 2945 est
3286 2892 3384 2945 iste
3408 2893 3473 2945 de

1890 3000 1993 3054 quo
2029 2984 2207 3041 dicit?
2247 2983 2437 3055 Itaque
2464 3001 2584 3038 cum
2614 2986 2937 3039 recubuisset
2971 2986 3061 3038 ille
3092 3000 3251 3052 supra
3291 2994 3472 3053 pectus

1888 3076 2018 3133 Iesu
2042 3119 2058 3145 ,
2088 3077 2220 3130 dicit
2254 3077 2340 3131 ei:
2371 3077 2623 3137 Domine,
2662 3066 2779 3147 quis
2808 3080 2933 3132 est?
2964 3076 3246 3143 Respondit
3272 3076 3470 3131 Jesus:

1891 3168 1995 3224 Ille
2017 3178 2093 3222 est
2129 3169 2215 3221 cui
2250 3184 2342 3237 ego
2377 3171 2662 3222 intinctam
2691 3182 2878 3234 partem
2914 3182 3217 3235 perrexere.

1959 3345 2060 3400 Hic
2086 3362 2286 3401 rursus
2306 3346 2473 3400 etiam
2501 3355 2820 3401 sanctorum
2846 3344 3250 3415 discipulorum
3279 3344 3473 3399 arden-

1890 3446 1997 3490 tem
2030 3450 2158 3506 erga
2191 3434 2363 3490 Deum
2398 3450 2641 3492 amorem
2668 3443 2723 3489 et
2750 3434 2914 3507 736
2940 3435 3219 3491 sincerum
3250 3434 3473 3504 pietatis

1889 3542 1954 3583 ac
1977 3527 2518 3598 religionisstudium
2536 3528 2726 3582 mirari
2747 3528 2873 3596 jure
2913 3536 3150 3596 oportet.
3182 3526 3316 3580 Nam
3345 3545 3471 3585 cum

1889 3634 1956 3674 ex
1993 3620 2193 3690 seipsis
2239 3635 2351 3673 non
2385 3627 2618 3689 possent
2650 3619 2828 3673 ullum
2862 3628 3080 3674 sontem
3135 3634 3469 3691 agnoscere,

1890 3714 1985 3769 sed
2018 3728 2193 3783 neque
2223 3712 2516 3768 fallacibus
2548 3712 2888 3782 coniecturis
2920 3713 3112 3768 conlisi
3134 3752 3150 3778 ,
3179 3714 3473 3769 sciscitan—

1890 3813 1979 3856 tur
2013 3803 2195 3858 denuo
2224 3818 2289 3857 ac
2320 3801 2535 3858 discere
2562 3804 2816 3857 nituntur
2845 3818 2940 3872 per
2966 3819 3137 3857 unum
3169 3805 3322 3859 illum
3356 3807 3471 3875 pri-

1890 3897 2125 3951 marium
2150 3936 2166 3961 ,
2210 3895 2433 3951 Petrum
2468 3896 2750 3960 videlicet,
2776 3897 2872 3965 qui
2908 3912 3254 3967 nequaquam
3285 3914 3381 3968 per
3412 3915 3473 3954 se

1890 3988 2274 4059 interrogavit,
2312 3987 2407 4043 sed
2436 3987 2489 4042 ei
2521 3986 2617 4057 qui
2648 3987 2932 4056 proximus
2971 3997 3091 4043 erat
3123 4004 3186 4043 ac
3213 3989 3471 4056 dilectus,

1889 4088 2121 4151 propter
2155 4080 2436 4136 castitatis
2471 4079 2824 4149 splendorem
2845 4118 2861 4142 ,
2895 4081 3257 4150 quaerendum
3300 4084 3471 4139 relin-

1882 4173 2032 4243 quit.
2062 4170 2309 4227 Joannes
2341 4181 2525 4225 autem
2574 4171 2621 4225 is
2656 4182 2807 4237 erat,
2843 4172 2969 4227 libri
2998 4172 3165 4242 hujus
3200 4175 3471 4246 scriptor,

1889 4264 1985 4332 qui
2023 4263 2285 4333 quoniam
2324 4277 2384 4316 se
2414 4261 2677 4316 dilectum
2709 4260 2882 4318 fuisse
2918 4264 3027 4328 ait,
3067 4263 3279 4319 idcirco
3307 4281 3469 4320 suum

1890 4370 2088 4410 nomen
2128 4354 2391 4418 reticuit,
2427 4368 2499 4407 ne
2543 4353 2805 4423 cuiquam
2853 4354 3005 4407 inani
3052 4354 3224 4423 gloria
3268 4355 3472 4412 ductus

199 4471 330 4538 σιγῇ
396 4468 704 4539 παραδοὺς,
762 4468 851 4522 ἴνα
914 4471 988 4541 μή
1051 4489 1155 4542 τῳσ
1185 4472 1334 4538 δόξαι
1393 4446 1779 4543 νφιλοκομπέῖν.

1897 4447 2191 4502 videretur.
2217 4446 2555 4501 Ambitionis
2586 4447 2792 4516 quippe
2818 4460 3015 4515 expers
3040 4457 3124 4501 est
3150 4458 3471 4504 sanctorum

211 4558 525 4631 Ἐλεύθερος
554 4560 664 4631 γὰρ
690 4560 991 4629 φιλοδοξίας
1012 4563 1121 4617 τῶν
1143 4564 1314 4632 ἁγίων
1338 4567 1366 4619 6
1391 4564 1533 4629 νοῦς.
1571 4566 1782 4637 Ἦρέμα

198 4652 382 4705 τοίνυν
420 4652 499 4723 τῷ
545 4653 850 4725 διδασκάλῳ
892 4656 1380 4727 προσκεκλιμένος,
1412 4656 1783 4728 διαψιθυρίζει

197 4744 398 4814 λάθρα,
431 4746 526 4798 καὶ
570 4744 861 4814 μανθάνειν
893 4746 1037 4813 ἀξιοῖ
1075 4748 1303 4816 τὸνοτῆς
1335 4748 1609 4808 ἀπωλείας
1646 4746 1783 4799 υίόνο

198 4835 316 4887 ἀλλ’
346 4836 445 4903 οὐχ
476 4834 665 4906 ἕτερόν
707 4853 761 4890 τι
807 4841 1033 4907 σημεῖον
1090 4838 1239 4908 αὑτῷ
1284 4837 1497 4891 δίδωσιν
1535 4838 1564 4890 ὁ
1593 4837 1786 4907 Σωτὴρ

198 4925 293 4981 τοῦ
328 4927 690 4997 πράγματος,
720 4928 754 4998 ἢ
782 4928 845 4982 1:6
879 4928 967 4984 διὰ
1007 4930 1108 4999 τῆς
1147 4929 1241 4982 τοῦ
1272 4930 1559 5000 Προφήτου
1603 4929 1788 4997 φωνῆς

200 5026 293 5073 καὶ
324 5019 494 5073 πάλαι
516 5021 1055 5091 προκεκηρυγμένονο
1078 5040 1097 5072 ι
1122 5022 1181 5074 Ὀ
1212 5021 1409 5075 ἐσθίων
1436 5023 1633 5090 ἄρτους
1661 5037 1785 5089 μου,

201 5108 539 5177 ἐμεγάλυνεν
567 5108 654 5160 ἐπ’
684 5110 785 5178 ἐμὲ
812 5110 1161 5179 πτερνισμόν.
1201 5131 1220 5162 ι
1253 5110 1441 5180 Βάψας
1474 5110 1583 5181 γὰρ
1613 5109 1788 5163 ἐπιδί-

200 5196 331 5248 δωσι
372 5196 433 5248 τὸ
460 5194 698 5266 ψωμίον,
725 5197 943 5261 δεικνὺς
972 5198 1061 5251 διὰ
1093 5199 1281 5253 τούτου
1311 5200 1402 5253 τὸν
1424 5198 1675 5253 ἐσθίοντα
1697 5199 1789 5252 τὸν

202 5289 368 5359 ἄρτον
432 5288 619 5347 αὐτοῦ.
673 5290 785 5344 Καὶ
844 5290 936 5343 τὸν
984 5291 1082 5361 μὲν
1133 5291 1240 5345 τῶν
1294 5293 1467 5361 ἁγίων
1527 5291 1788 5363 μαθητῶν

202 5382 449 5455 ἐξίστησι
479 5381 810 5451 φὸὃον,ἄγει
856 5384 914 5436 δέ
968 5402 1083 5447 πως
1124 5385 1324 5450 αὐτοὺς
1366 5387 1446 5447 είς
1476 5387 1784 5457 ἀνάμνησιν

203 5473 544 5544 προφητείας
595 5474 789 5545 ἑτέρας
839 5475 1261 5547 διαγορευούσης
1313 5476 1430 5531 ὡδί·
1466 5496 1485 5528 ι
1524 5477 1595 5529 Σὺ
1625 5476 1705 5541 δὲ,
1740 5472 1786 5528 ὧ

199 5566 480 5636 ἄνθρωπε,
509 5565 729 5637 ἱσάᾲυχε
760 5568 986 5640 ἡγεμών
1016 5587 1140 5640 μου,
1183 5570 1277 5625 καὶ
1316 5570 1529 5639 γνωστέ
1570 5586 1697 5642 μου.
1728 5569 1787 5624 ὃς

274 5749 317 5780 ⁸³
358 5748 505 5803 Psal.
536 5763 605 5799 xi.
629 5791 641 5811 ,
676 5747 763 5802 lt).

532 5838 802 5899 Pnnoc.
846 5836 961 5896 Gn.
1003 5835 1254 5895 LXXIV.

1891 4540 2135 4593 animus.
2173 4537 2392 4593 Sensim
2428 4553 2563 4607 ergo
2594 4537 2900 4592 inclinatus
2946 4538 3015 4591 ad
3061 4548 3255 4609 pectus
3291 4544 3473 4612 magi-

1892 4635 1990 4689 stri
2031 4633 2175 4687 clam
2209 4631 2410 4702 quaerit
2452 4630 2580 4700 quis
2611 4630 2682 4685 sit
2710 4629 3000 4686 erditionis
3032 4631 3128 4686 ille
3167 4631 3343 4700 ﬁlius;
3376 4636 3470 4688 sed

1893 4741 2002 4779 non
2034 4726 2184 4778 aliud
2212 4724 2308 4776 dat
2344 4724 2392 4775 ei
2428 4721 2691 4777 Servator
2722 4723 2802 4777 rei
2833 4722 3085 4792 signum,
3133 4739 3297 4793 quam
3324 4725 3470 4795 quod

1894 4838 1989 4891 per
2022 4821 2306 4890 Propheta:
2341 4834 2531 4873 vocem
2564 4818 2696 4872 olim
2732 4816 3059 4887 praedictum
3100 4826 3187 4873 est
3231 4836 3244 4871 :
3308 4837 3327 4869 ι
3363 4818 3468 4883 Qui

1895 4915 2091 4969 edebat
2114 4928 2283 4982 panes
2307 4926 2482 4975 meos,
2508 4908 2879 4980 magniﬁcavit
2902 4924 3074 4979 super
3096 4924 3182 4963 mc
3204 4911 3475 4980 supplan-

1890 5009 2155 5063 tationem
2179 5007 2248 5062 ⁸⁵.
2284 5026 2303 5058 υ
2352 5004 2649 5059 lntinctam
2685 5003 2890 5074 quippe
2928 5002 3235 5057 buccellam
3277 5002 3469 5066 tradit,

1890 5119 1987 5174 per
2034 5102 2137 5157 hoc
2183 5116 2308 5156 eum
2354 5100 2657 5155 ostendens
2704 5096 2801 5167 qui
2856 5093 3222 5149 manducaret
3270 5108 3469 5163 panem

1889 5195 2030 5265 ejus.
2064 5195 2131 5249 Et
2164 5200 2484 5248 sanctorum
2524 5190 2750 5260 quidem
2786 5186 3190 5258 discipulorum
3224 5183 3468 5239 formidi-

1891 5304 2018 5343 nem
2049 5295 2329 5347 removet,
2365 5284 2463 5341 sed
2495 5285 2577 5339 eis
2614 5283 2671 5337 in
2706 5281 3032 5336 memoriam
3071 5277 3298 5334 adducit
3327 5278 3472 5331 alte—

1892 5396 2008 5435 ram
2040 5380 2421 5451 prophetiam,
2458 5394 2581 5448 quw
2616 5377 2695 5431 ait
2730 5395 2743 5430 :
2781 5395 2800 5428 ι
2839 5374 2925 5429 Tu
2960 5390 3091 5429 vero
3128 5375 3297 5428 homo
3330 5385 3471 5425 una-

1894 5472 2059 5526 nimis
2085 5471 2197 5527 dux
2241 5486 2429 5534 meus,
2464 5478 2519 5525 et
2551 5476 2717 5524 notus
2744 5483 2903 5523 meus
2934 5467 3029 5537 qui
3062 5465 3225 5521 simul
3254 5475 3471 5517 mecum

1895 5566 2086 5623 dulces
2115 5565 2371 5637 capiebas
2399 5565 2554 5621 cibos
2590 5583 2604 5619 :
2648 5564 2703 5617 in
2729 5562 2895 5616 domo
2929 5559 3024 5615 Dei
3060 5556 3472 5614 ambulavimus

3034 5826 3072 5892 5
