3894 6200
413 321 520 380 159

1377 317 1438 375 S.
1478 317 1758 378 CYRILLI
1795 316 2275 376 ALEXANDRINI
2312 318 2634 376 ARCIIIEP.

3567 315 3677 374 NO

411 452 542 495 cum
575 451 850 495 consensu
877 439 945 494 ⁸⁸.
981 456 1000 492 ι
1040 437 1339 495 Unanimis
1369 440 1516 494 enim
1539 477 1555 504 ,
1596 453 1662 494 ac
1695 446 1897 506 notus,
1936 448 1992 493 et

2118 445 2186 494 πί
2212 440 2272 494 τὸ
2295 441 2428 495 αὐτὸ
2465 434 2771 510 ἐγλύκαιῗας
2795 456 2884 509 μοι
2913 438 3206 510 εδέσματα’
3238 439 3296 491 ἐν
3325 435 3404 508 τῷ
3419 435 3551 506 οἴκῳ
3580 437 3678 489 τοῦ

413 545 617 586 mensas
646 544 884 586 consors
905 569 922 597 ,
970 539 1028 586 et
1063 545 1409 602 quacunque
1438 531 1739 602 genuinum
1772 531 1992 587 edicere

411 629 680 692 possent,
721 621 825 676 fuit
853 621 985 676 olim
1027 619 1310 677 Servatori
1349 620 1516 675 etiam
1548 621 1668 691 ipse
1699 620 1989 692 proditor,

412 722 606 784 utpote
651 729 761 768 una
805 729 934 768 cum
981 713 1114 769 aliis
1147 713 1360 769 sanctis
1407 714 1705 784 discipulis.
1748 715 1988 779 electus,

2097 531 2234 584 Θεοῦ
2274 531 2652 603 ἐπορεύθημεν
2694 531 2752 585 ἐν
2802 531 3043 601 ὁμονοία.
3085 550 3105 583 ι
3140 530 3415 601 Ἰσόψυχος
3447 530 3544 600 μὲν
3570 529 3680 600 γὰρ

2094 623 2334 692 γνωστός
2371 641 2430 676 τε
2473 624 2568 676 καὶ
2597 622 2993 695 ὁμοτράπεζος,
3038 623 3133 675 καὶ
3169 623 3222 676 τί
3257 621 3365 694 γὰρ
3412 623 3534 691 ούχί⁵
3569 621 3682 674 τῶν

2093 716 2393 769 τελούντων
2429 717 2514 779 εἰς
2547 716 2898 787 γνησιότητα,
2953 715 3146 784 γέγονέ
3201 731 3332 767 ποτε
3365 713 3442 784 τῷ
3467 714 3684 784 Σωτῆρι

411 807 508 876 qui
535 807 793 862 eumdem
828 820 954 861 cum
1003 805 1302 861 Servatore
1333 820 1565 876 scopum
1603 806 1907 872 habentes,
1939 815 1996 862 et

2118 807 2186 860 tati
2226 807 2389 870 αὐτὸς
2432 807 2461 858 6
2507 806 2791 878 προδότης,
2829 807 2926 860 ἆτε
2955 805 3018 876 δὴ
3051 807 3163 868 τοῖς
3196 804 3404 875 ἐτέροις
3427 806 3686 873 ἐγκατει-

413 905 585 955 totam
606 911 712 952 una
736 911 863 952 cum
897 897 1018 966 ipso
1037 895 1284 951 Iudaeam
1305 897 1745 962 circumeuntes,
1781 898 1994 952 strenui

2118 901 2360 970 »εγμένος
2393 900 2570 968 ἁγίοις
2607 900 2898 971 μαθηταῖς.
2943 900 2994 953 οἳ
3023 899 3116 952 τὸν
3153 899 3316 952 αὐτὸν
3349 898 3566 968 ἔχοντες
3604 897 3685 967 τῷ

412 990 814 1046 miraculorum
843 988 1092 1044 ministri
1128 996 1290 1042 erant
1312 1029 1327 1054 ,
1356 989 1654 1059 omniaque
1689 991 1872 1045 facere
1907 1004 1998 1042 ar-

411 1083 617 1139 debant
657 1096 780 1152 qua:
826 1078 897 1133 ad
941 1079 1210 1134 honorem
1255 1088 1312 1134 et
1349 1079 1585 1149 gloriam
1627 1079 1750 1148 ejus
1781 1089 1998 1149 specta-

411 1174 576 1240 bant;
609 1173 707 1228 sed
733 1180 897 1227 notus
924 1172 1018 1225 ille
1042 1179 1097 1226 et
1122 1171 1402 1226 unanimis
1423 1172 1573 1241 turpi
1597 1179 1810 1241 quaestu
1830 1171 2001 1226 hono-

411 1263 589 1318 rantis
617 1264 854 1334 gratiam
886 1261 1142 1316 mutavit.
1183 1258 1429 1315 Observa
1457 1276 1623 1329 porro
1657 1259 1844 1315 denuo
1884 1275 1996 1330 quo

413 1366 576 1426 pacto
603 1369 705 1410 nos
741 1364 893 1409 recte
920 1354 1126 1408 excitet
1156 1353 1609 1422 sapientissimus
1633 1353 1997 1423 evangelista,

418 1458 476 1503 ut
507 1449 567 1502 in
595 1449 706 1503 vita
737 1463 906 1518 quam
937 1447 1178 1502 maxime
1209 1460 1314 1502 nos
1342 1446 1732 1509 observemus,
1763 1453 1819 1500 et
1846 1446 2002 1515 inge-

415 1543 494 1598 nii
527 1543 702 1596 aciem
728 1555 1090 1596 exerceamus
1125 1539 1193 1596 ad
1226 1540 1731 1610 contemplationes
1771 1538 2002 1594 divinas

418 1635 580 1689 facile
613 1633 1025 1703 asscquendas,
1072 1640 1126 1689 et
1156 1633 1472 1688 divinarum
1507 1647 1692 1687 rerum
1727 1632 2002 1703 cognitio-

2098 993 2315 1065 Σωτῆρι
2349 993 2569 1058 σκοπὸν,
2599 993 2693 1047 καὶ
2715 993 2814 1064 τὴν
2837 992 2947 1047 τῶν
2985 987 3256 1045 Ἰουδαίων
3285 988 3684 1061 συμπεριθέον-

2099 1106 2190 1153 τες
2221 1087 2425 1160 χώραν,
2461 1087 2731 1159 ὑπηρέται
2751 1086 2940 1158 γοργο¹ι
2965 1084 3074 1138 τῶν
3097 1083 3391 1154 θαυμάτων
3421 1082 3685 1150 ἐγίνοντο,

2100 1180 2194 1232 καὶ
2223 1181 2402 1234 πάντα
2436 1179 2699 1250 πράττειν
2730 1178 3025 1258 ἠπείγοντο
3053 1175 3120 1230 τά
3149 1177 3228 1238 εἰς
3255 1173 3421 1246 τιμὴν
3484 1173 3576 1228 καὶ
3602 1173 3690 1226 δό-

2103 1270 2201 1336 ξαν
2235 1270 2422 1326 αὐτοῦ’
2457 1271 2574 1324 ἀλλ’
2596 1272 2624 1324 6
2674 1269 2935 1339 γνωστὸς,
2985 1269 3081 1322 καὶ
3131 1267 3408 1338 ίσόψυχος,
3444 1266 3688 1338 αἰσχρῶν

2101 1364 2406 1436 λημμάτων
2426 1362 2693 1433 ἠλλάξατο
2719 1362 2818 1434 τὴν
2841 1360 2935 1414 τοῦ
2955 1361 3287 1432 τιμήσαντος
3320 1359 3479 1432 χάριν
3540 1358 3689 1412 Ἐπι-

2101 1458 2260 1528 τήρει
2309 1456 2366 1509 δὲ
2421 1455 2606 1518 πάλιν,
2657 1456 2806 1518 ὅπως
2851 1457 3000 1524 ἡμᾶς
3053 1453 3363 1524 παραθήγει
3428 1451 3606 1516 καλῶς
3648 1453 3694 1504 '6

2107 1550 2416 1619 σοφώτατος
2437 1547 2830 1619 εύαγγελιστὴς
2863 1549 2942 1610 εἰς
2970 1547 3030 1600 τὸ
3064 1547 3212 1618 βιοῦν
3237 1545 3443 1598 ἐθέλειν
3475 1546 3556 1598 ὅτι
3585 1563 3692 1615 μασι

2104 1641 2262 1695 λιστα
2297 1640 2660 1708 λογικώτατα,
2709 1640 2804 1693 καὶ
2847 1640 2946 1709 τῆς
3000 1638 3238 1702 διανοίας
3289 1639 3552 1692 ἐπασκεῖν
3589 1637 3693 1708 τὴν

419 1733 545 1782 ηεηι
591 1725 774 1796 quoad
815 1726 945 1780 licet
991 1724 1429 1795 exprimendam.
1482 1724 1726 1778 Summis
1775 1725 1999 1794 quidem

2118 1729 2338 1801 ὄξύτητα
2389 1731 2527 1803 πρὸς
2574 1729 2636 1783 τὸ
2683 1729 2944 1783 δύνασθαι
2994 1730 3089 1783 καὶ
3138 1730 3260 1783 λίαν
3292 1729 3534 1792 εὐπετῶς
3583 1728 3695 1781 τῶν

418 1819 724 1874 honoribus
762 1825 1019 1871 ornatum
1063 1831 1122 1871 se
1159 1832 1286 1872 esse
1327 1825 1380 1870 et
1411 1831 1441 1868 a
1479 1814 1776 1870 Servatore
1808 1825 2004 1870 nostro

2118 1799 2268 1874 θείων
2296 1799 2673 1875 καθικνεῖσθαι
2706 1819 3102 1892 θεωρημάτων,
3145 1821 3240 1877 καὶ
3295 1821 3394 1892 τῆς
3435 1819 3696 1881 θεοπτίας

417 1910 641 1966 Christo
670 1909 936 1963 dilectum
975 1909 1092 1973 ait,
1141 1915 1200 1961 ut
1245 1915 1300 1962 et
1348 1907 1402 1960 in
1450 1908 1569 1978 ipso
1613 1907 1826 1961 Domini
1877 1909 2004 1964 sinu

420 2002 808 2065 recumberet,
856 2000 1004 2068 quod
1048 1999 1102 2052 in
1150 1998 1354 2054 summi
1394 1999 1596 2054 amoris
1639 1999 1810 2053 trahit
1842 2013 2007 2070 argu-

422 2100 689 2149 mentum.
733 2091 977 2145 Proximi
1019 2090 1207 2160 itaque
1243 2088 1374 2152 Deo,
1404 2097 1458 2143 et
1501 2088 1696 2158 primis
1732 2089 2007 2159 quodam-

421 2184 588 2241 modo
602 2182 746 2255 apud
765 2199 889 2238 eum
915 2183 1051 2238 locis
1079 2183 1315 2236 maxime
1338 2181 1588 2235 omnium
1619 2181 1889 2236 sedebunt
1911 2181 2008 2252 qui

420 2291 619 2348 purum
650 2289 745 2330 cor
771 2274 991 2338 habent,
1019 2274 1223 2343 quibus
1245 2279 1300 2327 et
1319 2273 1581 2327 eximium
1603 2270 1864 2326 Servator
1883 2272 2002 2342 ipse

425 2373 708 2444 praemium
724 2371 942 2437 tribuit,
958 2389 975 2420 ι
993 2369 1210 2424 beatos»
1236 2366 1357 2421 fore
1371 2367 1559 2422 dicens
1578 2367 1790 2437 737,:
1804 2367 2011 2422 mundo

423 2464 874 2536 corde.quoniam
893 2462 996 2532 ipsi
1016 2461 1184 2515 Deum
1200 2459 1467 2516 videbunt
1484 2460 1551 2512 ⁸⁷.
1573 2478 1591 2510 ›
1615 2459 1770 2525 Quod
1786 2461 2010 2529 quidem

423 2576 618 2617 verum
654 2573 782 2615 esse
801 2597 817 2623 ,
845 2559 1021 2628 ipsius
1047 2552 1443 2624 sapientissimi
1469 2552 1818 2625 evangelista:
1847 2553 2009 2608 testi-

425 2653 614 2707 monio
634 2648 1103 2706 conﬁrmabimus.
1137 2644 1288 2698 Vidit
1317 2645 1462 2699 enim
1499 2643 1731 2714 gloriam
1762 2643 2009 2705 Christi,

423 2745 584 2816 juxta
638 2741 816 2813 ipsius
865 2752 1078 2792 vocem.
1135 2753 1154 2786 ι
1221 2733 1346 2789 Vidi
1387 2734 1537 2789 enim
1585 2734 1816 2804 gloriam
1866 2733 2010 2818 ejus,

428 2837 642 2910 inquit,
699 2834 963 2908 gloriam_
993 2829 1152 2900 quasi
1187 2828 1467 2899 Unigeniti
1499 2843 1530 2881 a
1554 2826 1718 2882 Patre
1741 2866 1757 2892 ,
1789 2827 2012 2897 plenum

429 2930 620 3005 gratia:
645 2936 702 2986 et
733 2927 982 2982 veritatis
1004 2924 1070 2977 ⁸⁸.
1105 2943 1122 2976 ι
1157 2922 1371 2993 Quippe
1398 2922 1684 2991 corporeis
1711 2921 1891 2976 oculis
1915 2935 2014 2976 nc-

431 3038 520 3077 mo
542 3026 797 3090 spectare
829 3024 1007 3086 potest
1037 3021 1294 3068 naturam
1326 3012 1602 3066 universae
1624 3022 1893 3066 creatura:
1925 3012 2014 3066 in-

430 3111 884 3181 conspicabilcm.
911 3106 1021 3163 Nec
1041 3105 1188 3161 enim
1213 3105 1510 3176 quisquam
1535 3101 1754 3158 Patrem
1776 3104 1933 3168 vidit,
1956 3113 2016 3160 ut

435 3207 690 3262 Servator
707 3205 784 3258 ait
804 3203 871 3268 8°,
897 3203 1002 3255 nisi
1025 3199 1070 3254 is
1085 3199 1283 3270 quiest
1302 3214 1332 3252 a
1347 3197 1479 3259 Deo,
1504 3197 1558 3252 id
1581 3205 1668 3252 est
1685 3197 1862 3254 Filius
1884 3217 1898 3266 ;
1923 3200 2014 3260 hic

431 3299 569 3354 vidit
597 3297 836 3353 Patrem.
859 3292 1249 3348 Verumtamen
1282 3291 1350 3346 iis
1372 3289 1470 3361 qui
1502 3289 1781 3344 mundana
1819 3290 1943 3347 labe
1970 3302 2026 3349 et

433 3393 698 3450 inanibus
723 3391 852 3445 vitae
873 3387 1041 3457 hujus
1072 3387 1222 3442 curis
1245 3400 1442 3456 puram
1463 3393 1518 3440 et
1534 3399 1763 3440 vacuam
1784 3394 2024 3442 mentem

431 3486 672 3546 habent,
709 3497 804 3552 per
837 3479 1098 3534 subtilem
1136 3477 1328 3547 utique
1355 3483 1576 3546 captum
1613 3491 1833 3531 omnem
1860 3493 2025 3533 exce-

429 3576 647 3630 dentem
673 3567 1192 3639 contemplationem
1217 3581 1372 3623 suam
1405 3568 1638 3636 gloriam
1659 3567 1916 3623 Christus
1936 3584 2026 3623 re-

431 3667 595 3728 velat,
610 3662 907 3719 ostendens
923 3668 980 3714 et
1001 3657 1182 3713 Patris
1205 3659 1260 3712 in
1283 3674 1347 3713 ea
1370 3659 1620 3729 gloriam.
1641 3658 1850 3714 Idcirco
1871 3662 2016 3714 enim

433 3757 611 3813 aiebat
641 3775 654 3809 :
707 3773 727 3806 ι
757 3754 862 3820 Qui
893 3751 1031 3805 vidit
1069 3763 1154 3804 me
1174 3789 1188 3813 ,
1229 3748 1365 3802 vidit
1404 3757 1458 3802 et
1487 3748 1701 3803 Patrem
1724 3748 1792 3804 ’°.
1826 3768 1844 3801 ›

2108 1911 2434 1984 ἐξακριϐοῦν
2491 1913 2615 1966 ὅσον
2675 1911 2754 1966 ἒνι
2810 1912 2938 1976 τοὺς
2975 1911 3172 1981 λόγους
3219 1911 3554 1983 ἐπείγεσθαι.
3615 1910 3700 1963 Td.

2107 2003 2384 2077 διαπρεπῆ
2413 2003 2762 2075 τετιμῆσθαι,
2803 2005 2896 2058 καὶ
2931 2004 3246 2076 ὴγαπῆσθαί
3291 2022 3456 2076 φησιν
3500 2003 3698 2057 ἐαυτὸν

2107 2095 2263 2168 παρὰ
2314 2093 2410 2149 τοῦ
2468 2095 2721 2167 Σωτῆρος
2773 2095 2930 2166 ἡμῶν
2983 2094 3242 2164 Χριστοῦ,
3292 2096 3369 2159 ὡς
3421 2095 3515 2148 καὶ
3566 2094 3699 2147 ἀνα-

2109 2187 2324 2241 κεῖσθαι
2354 2186 2600 2258 πλησίον,
2631 2187 2726 2240 καὶ
2757 2184 2906 2256 αὐτῷ
2937 2184 3016 2256 τῷ
3042 2184 3228 2258 κόλπῳ
3253 2185 3329 2258 τῷ
3356 2185 3698 2256 Δεσποτικῷ,

2109 2280 2311 2349 δεῖγμα
2365 2279 2464 2350 τῆς
2511 2281 2595 2342 εἰς
2647 2278 2809 2334 αὐτὸν
2868 2278 3181 2348 ὑπερφυοῦς
3242 2279 3576 2350 ἀγαπήσεως
3635 2278 3702 2331 τὸ

2112 2375 2345 2444 πρᾶγμα
2371 2372 2715 2441 ποιούμενος.
2760 2370 2993 2441 Πλησίον
3032 2367 3125 2425 οὖν
3159 2371 3280 2442 ηᾶρα
3313 2370 3468 2434 Θεοῦ,
3517 2371 3612 2424 καὶ
3641 2372 3703 2424 ἐν

2113 2464 2352 2536 πρώτοις
2410 2463 2598 2534 ὥσπερ
2657 2463 2873 2516 ἔσονται
2939 2464 3130 2527 τόποις
3199 2466 3312 2527 τοῖς
3369 2464 3500 2535 παρ’
3549 2464 3705 2532 αὐτῷ

2117 2561 2353 2632 μάλιστα
2377 2558 2440 2630 δὴ
2467 2557 2682 2611 πάντων
2715 2557 2764 2608 οἱ
2791 2556 2892 2626 τὴν
2926 2555 3156 2627 καρδίαν
3184 2554 3397 2624 ἔχοντες
3429 2552 3703 2624 καθαρὰν,

2113 2648 2196 2717 οἷς
2223 2653 2317 2707 καὶ
2346 2651 2621 2722 ἐξαίρετον
2643 2649 2909 2720 ἀπονέμει
2931 2648 2995 2717 γέ
3005 2665 3102 2720 ρας
3126 2649 3222 2701 καὶ
3246 2646 3406 2710 αὐτὸς
3434 2647 3463 2698 ό
3484 2645 3638 2716 Σωτὴ
3647 2663 3702 2716 ρ,

2119 2743 2425 2815 μακαρίους
2454 2739 2674 2795 ἔσεσθαι
2717 2740 2894 2809 λέγων
2922 2741 3048 2802 τοὺς
3079 2737 3353 2810 καθαροὺς
3379 2739 3446 2808 τῇ
3479 2736 3705 2807 καρδίᾳ,

2116 2837 2196 2889 ὅτι
2222 2835 2382 2888 αὐτοὶ
2413 2833 2501 2886 τὸν
2529 2832 2660 2886 Θεὸν
2690 2832 2943 2902 ὄψονται.
2977 2831 3088 2885 Καὶ
3112 2831 3447 2902 παροίσομεν
3476 2831 3553 2892 εἰς
3578 2829 3711 2882 ἀπό-

2115 2926 2280 2992 δειξιν
2307 2925 2400 2980 τοῦ
2431 2923 2647 2995 ἀληθῶς
2681 2925 2934 2996 εἰρῆσθαι
2963 2924 3056 2976 τὸν
3082 2924 3261 2992 λόγον,
3292 2923 3453 2976 αὑτὸν
3485 2921 3550 2992 δὴ
3583 2939 3709 2974 του-

2117 3020 2236 3072 τον¹ι
2276 3017 2371 3071 τὸν
2404 3015 2714 3086 σοφώτατον
2747 3017 3160 3086 εὐαγγελιστήν.
3187 3015 3451 3068 Τεθὲαται
3479 3013 3586 3085 γάρ
3608 3013 3711 3084 τὴν

2043 3138 2085 3196 C
2117 3113 2274 3178 δόξαν
2293 3109 2550 3180 Χριστοῦ,
2569 3109 2710 3163 κατά
2723 3108 2822 3179 τὴν
2848 3108 3015 3162 αὑτοῦ
3038 3109 3240 3180 φωνήν.
3267 3107 3574 3178 «Τεθέαμαι
3597 3107 3714 3177 γὰρ

2121 3204 2221 3275 τὴν
2247 3203 2404 3270 δόξαν
2432 3200 2622 3264 αὑτοῦ,
2671 3201 2828 3272 φησί,
2873 3201 3034 3266 δόξαν
3067 3203 3143 3265 ὡς
3182 3199 3520 3269 Μονογενοῦς
3554 3201 3715 3271 παρὰ

2123 3295 2359 3367 Πατρὸς,
2405 3293 2618 3365 πλήρης
2647 3293 2870 3364 χάριτος
2901 3294 2999 3348 καὶ
3026 3293 3302 3364 ἀληθείας.
3345 3313 3363 3345 ι
3391 3293 3465 3347 Οὺ
3488 3291 3597 3363 γάρ
3641 3292 3714 3362 δὴ

2121 3388 2234 3449 τοῖς
2265 3382 2361 3438 τοῦ
2408 3382 2660 3454 σώματος
2688 3383 2988 3454 ὀφθαλμοῖς
3039 3384 3348 3456 ἐπαθρήσαι
3395 3400 3481 3446 τις
3512 3383 3577 3434 ἂν
3606 3380 3710 3452 τὴν

2121 3477 2216 3548 ὅλῃ
2262 3475 2437 3530 κτίσει
2465 3475 2748 3540 παντελῶς
2773 3475 3001 3530 ἀθέατον
3030 3475 3214 3541 φύσιν.
3247 3476 3322 3529 υύ
3354 3477 3462 3546 γάρ
3495 3475 3716 3546 ἐώρακὲ

2122 3586 2206 3632 τις
2233 3569 2325 3622 τὸν
2346 3569 2586 3639 Πατέρα,
2615 3567 2762 3621 κατά
2785 3569 2885 3639 τὴν
2908 3567 3001 3621 τοῦ
3035 3568 3286 3639 Σωτῆρος
3316 3567 3518 3638 φωνὴν,
3549 3568 3598 3619 εἰ
3632 3566 3714 3639 μὴ

2121 3660 2150 3712 ὁ
2175 3659 2250 3711 ὢν
2278 3658 2427 3730 παρά
2457 3657 2549 3712 τοῦ
2575 3657 2733 3724 Θεοῦ,
2756 3658 2900 3712 τοῦτ’
2925 3659 3074 3711 ἐστιν
3094 3660 3122 3711 6
3145 3658 3292 3725 Υἰὸς,
3320 3652 3474 3721 οὗτος
3496 3657 3714 3727 ἐώρακε

2122 3750 2214 3803 τὸν
2243 3749 2485 3820 Πατέρα.
2522 3749 2648 3812 Τοῖς
2691 3767 2755 3818 γε
2801 3750 2908 3820 μὴν
2931 3749 3145 3821 κηλῖδος
3172 3750 3274 3820 τῆς
3305 3749 3573 3821 κοσμικῆς
3613 3749 3717 3802 καὶ

436 3851 716 3924 φροντίδος
749 3846 964 3909 εἰκαίας
990 3845 1088 3914 τῆς
1115 3845 1174 3896 ἐν
1201 3841 1336 3912 τῷδε
1367 3840 1446 3912 τῷ
1473 3841 1576 3914 βίῳ
1610 3844 1773 3914 φημὶ,
1802 3841 1894 3896 τὸν
1937 3842 2061 3897 νοῦν
2099 3842 2313 3914 ἔχουσιν
2358 3842 2798 3915 ἀπηλλαγμένον,
2827 3843 3150 3914 διά.λεπτῆς
3177 3843 3285 3918 ἄρα
3316 3844 3411 3898 καὶ
3443 3845 3579 3915 τάχα
3610 3844 3720 3913 τῆς
3779 3869 3796 3896 ι

437 3949 578 4018 ὑπὲρ
640 3944 764 3997 νοῦν
827 3941 1060 4011 θεωρίας
1107 3939 1207 4011 τὴν
1251 3939 1460 3992 οἰκείαν
1506 3939 1666 4002 δόξαν
1715 3939 2090 3994 ἀποκαλύπτει
2131 3939 2387 4010 Χριστὸς,
2441 3939 2653 4002 δεικνὺς
2677 3939 2741 3993 ὲν
2771 3940 2907 4009 αὐτῇ
2933 3938 3029 3992 καὶ
3057 3938 3157 4009 τὴν
3184 3937 3279 3992 τοῦ
3320 3939 3554 4009 Πατρός.
3608 3938 3715 3992 Διά

436 4043 544 4113 γὰρ
570 4038 728 4092 τοῦτο
763 4037 1020 4106 ἔφασκεν,
1079 4052 1096 4083 ι
1137 4033 1194 4086 Ὁ
1223 4031 1485 4104 ἑωρακὼς
1512 4033 1634 4102 ἐμὲ,
1681 4031 1892 4104 ἑώρακε
1925 4035 2016 4087 τὸν
2053 4033 2291 4105 Πατέρα.
2323 4052 2342 4086 ι

507 4134 659 4199 XIII,
703 4131 807 4196 26,
846 4128 938 4182 27.
983 4126 1052 4180 Et
1099 4142 1218 4179 cum
1271 4126 1574 4179 intinxiuet
1615 4141 1838 4193 panem,
1879 4125 2025 4180 dedit

437 4228 596 4284 ludis
634 4223 869 4280 Simonis
907 4219 1212 4280 Iscariotw,
1250 4225 1440 4286 etpost
1473 4215 1762 4269 buccellam
1790 4216 2025 4270 introivit

440 4324 494 4376 in
521 4335 638 4375 eum
665 4315 923 4372 Satanas.

511 4406 1028 4467 Manifestissimum
1059 4402 1177 4459 suis
1208 4400 1502 4472 discipulis
1542 4399 1805 4455 Servator
1835 4400 2024 4470 prodi-

441 4508 582 4562 toris
613 4504 831 4573 signum
865 4497 1037 4552 dedit.
1082 4495 1374 4549 Intinctam
1407 4494 1556 4549 enim
1591 4492 1813 4548 oﬂ'ulam
1853 4491 2024 4547 tradi-

441 4600 568 4662 dit,
611 4609 707 4665 per
763 4593 867 4645 hoc
913 4587 1218 4644 ostendens
1278 4601 1404 4641 eum
1450 4585 1543 4656 qui
1589 4586 1786 4640 edebat
1827 4600 2020 4655 panem

442 4703 624 4751 suum,
655 4693 709 4739 et
741 4684 834 4754 qui
859 4683 1143 4736 levaturus
1171 4687 1290 4734 erat
1317 4679 1640 4733 calcaneum
1671 4693 1858 4733 suum.
1881 4677 2026 4731 Prm-

445 4790 591 4835 terea
627 4773 932 4846 impietatis
964 4773 1018 4826 in
1049 4772 1330 4826 Christum
1361 4778 1415 4826 et
1443 4770 1791 4825 crudelitatis
1825 4767 2022 4824 ducem

441 4869 800 4934 omniumque
823 4863 1090 4917 malorum
1115 4863 1381 4916 artiiicem
1409 4860 1684 4930 irrupisse
1708 4860 1785 4914 ait
1807 4859 2026 4927 sapien-

440 4962 694 5017 tissimus
737 4956 1072 5027 evangelista
1115 4955 1169 5008 in
1221 4969 1319 5010 cor
1360 4953 1697 5023 proditoris,
1737 4959 2023 5019 totumque

442 5055 499 5109 in
525 5067 649 5108 eum
683 5051 994 5120 ingressum
1023 5046 1307 5110 Satanam,
1335 5057 1628 5116 postquam
1656 5043 1878 5099 oﬂ'ulam
1908 5051 2024 5097 tra-

439 5139 693 5196 didisset.
744 5137 931 5208 Neque
980 5150 1115 5190 vero
1162 5136 1456 5204 quisquam
1507 5149 1704 5188 rursus
1746 5134 2025 5188 existimet

440 5227 664 5283 offulam
718 5227 881 5282 istam
923 5223 1184 5279 diabolici
1223 5224 1514 5293 ingressus
1556 5222 1734 5279 fuisse
1771 5232 2020 5278 Causam.

440 5320 552 5377 Nec
575 5320 724 5376 enim
759 5333 825 5374 eo
859 5316 1108 5386 stuporis
1131 5315 1418 5371 veniemus
1451 5331 1716 5386 unquam,
1749 5324 1844 5369 aut
1869 5332 2025 5371 men-

441 5422 494 5468 te
547 5412 624 5467 ita
676 5409 930 5466 destituti
977 5408 1235 5471 erimus,
1301 5417 1360 5461 ut
1408 5409 1683 5478 eulogiam
1739 5408 2026 5479 ingressus

441 5519 665 5562 causam
711 5503 895 5558 datam
947 5500 1122 5555 fuisse
1181 5499 1320 5555 Malo
1362 5502 1750 5571 suspicemur,
1801 5502 1932 5570 quin
1972 5502 2022 5554 id

442 5597 627 5668 potius
664 5610 795 5652 vere
829 5593 1082 5649 dicemus
1145 5591 1316 5663 quod,
1359 5609 1484 5648 cum
1515 5609 1709 5650 omnes
1739 5593 1944 5648 amoris
1972 5603 2026 5649 et

2193 4127 2406 4196 Βάψας
2431 4123 2546 4184 οὖν
2570 4126 2637 4180 τὸ
2663 4139 2922 4195 iii-amtor,
2949 4123 3197 4177 δίδωσιν
3229 4121 3425 4189 Ἰούδᾳ
3449 4125 3722 4191 Σ.μωνος

2134 4219 2485 4289 ’Ῑσκαριώτῃ
2510 4261 2526 4285 ,
2565 4218 2666 4273 καὶ
2695 4218 2846 4287 μετὰ
2892 4217 2958 4270 τὸ
3001 4216 3237 4285 ψωμίον
3279 4213 3569 4284 εἰσῆλθεν
3627 4215 3721 4278 εἰς

2119 4309 2354 4363 ἐκεῖνον
2383 4313 2416 4362 d
2447 4306 2740 4375 Σατανᾶς.

2204 4402 2630 4472 Ἐναργέστατον
2677 4399 2777 4469 μὲν
2819 4400 2933 4462 τοῖς
2977 4396 3173 4452 ἐαυτοῦ
3221 4397 3493 4468 μαθηταῖς
3523 4397 3584 4450 τὸ
3617 4397 3717 4450 τοῦ

2129 4492 2472 4563 προδιδόντος
2529 4492 2756 4562 σημεῖον
2803 4489 3003 4555 ἔδειξεν
3049 4490 3080 4541 6
3119 4489 3331 4558 Σωτήρ.
3383 4489 3569 4558 Βάψας
3603 4489 3722 4559 γὰρ

2126 4584 2424 4638 ἐπιδέδωκε
2451 4585 2512 4636 τὸ
2545 4582 2783 4654 ψωμίον,
2832 4581 2924 4635 τὸν
2953 4581 3205 4634 ἐσθίοντα
3231 4580 3324 4632 τὸν
3351 4580 3514 4652 ἄρτον
3547 4581 3720 4637 αὐτοῦ

2125 4674 2214 4728 διὰ
2248 4675 2442 4728 τούτου
2469 4653 2736 4737 καθιστὰς
2763 4673 3002 4743 ἐμφανῆ,
3045 4673 3139 4725 καὶ
3169 4671 3262 4724 τὸν
3295 4673 3542 4741 ἐπαίρειν
3579 4673 3720 4740 μέλ-
3755 4653 3764 4675 ³

2123 4765 2286 4820 λοντα
2310 4767 2410 4837 τὴν
2439 4766 2674 4837 πτέρναν
2695 4765 2880 4819 αὑτοῦ.
2911 4764 3016 4816 Τόν
3037 4780 3100 4832 γε
3126 4764 3232 4834 μὴν
3251 4764 3350 4834 τῆς
3374 4766 3454 4827 εἰς
3479 4764 3720 4834 Χριστὸν

2123 4856 2441 4921 δυσσεϐείας
2459 4859 2552 4910 καὶ
2571 4856 2883 4927 μιαιφονίας
2903 4857 3003 4926 ὴγε
3012 4854 3172 4925 μόνα,
3191 4856 3286 4908 καί⁵
3314 4853 3603 4924 πρύτανιν,
3614 4855 3716 4908 καὶ

2123 4948 2234 5001 τῶν
2244 4949 2378 5001 ὅλων
2394 4947 2578 5001 κακῶν
2593 4946 3038 5017 κατασκευαστὴν
3053 4945 3514 5015 εἰσπεηδηκέναι
3545 4961 3618 5014 φη
3627 4947 3717 4998 σὶν

2121 5043 2151 5093 6
2177 5039 2486 5110 σοφώτατος
2513 5039 2905 5111 εὐαγγελιστὴς
2933 5041 3014 5103 εἰς
3041 5039 3139 5110 τὴν
3167 5037 3261 5091 τοῦ
3285 5036 3546 5109 προδότου
3575 5053 3720 5106 καρ-

2125 5134 2266 5198 δίαν,
2317 5135 2413 5188 καὶ
2444 5133 2564 5187 ὅλον
2609 5135 2668 5186 ἐν
2714 5133 2862 5202 αὑτῷ
2889 5131 3144 5200 γενέσθαι
3175 5130 3266 5185 τὸν
3295 5129 3540 5182 Σατανᾶν
3571 5127 3719 5197 μετά

2125 5229 2224 5298 τὴν
2255 5227 2496 5281 ἐπίδοσιν
2525 5225 2619 5279 τοῦ
2654 5225 2892 5296 ψωμίου.
2924 5224 3037 5277 Καὶ
3084 5225 3158 5295 μή
3186 5241 3269 5287 τις
3295 5221 3490 5276 οἰέσθω
3519 5219 3711 5284 πάλιν,

2126 5319 2220 5372 τοῦ
2249 5319 2492 5390 δεδέχθαι
2519 5318 2611 5371 τὸν
2637 5318 2881 5371 Σατανᾶν
2909 5315 2969 5368 τὸ
2991 5315 3203 5384 ψωμίον
3234 5310 3484 5381 γενέσθαι
3510 5308 3716 5379 παραί-

2125 5429 2242 5464 τιον
2270 5413 2349 5482 τῷ
2396 5412 2649 5483 προδότῃ.
2703 5410 2778 5462 Οὐ
2811 5408 2920 5477 γὰρ
2960 5409 3040 5470 εἰς
3070 5404 3324 5459 τοσοῦτον
3368 5401 3717 5473 ἀποπληξίας

2127 5503 2330 5573 ἥξομεν
2379 5504 2596 5575 μέτρον,
2651 5501 2766 5555 ἀλλ’
2800 5500 2924 5553 οὐδὲ
2967 5499 3066 5568 τῆς
3113 5495 3464 5566 καθηκούσης
3511 5493 3715 5564 ἔρημοι

2128 5594 2412 5662 γεγονότες
2465 5595 2701 5665 φρενὸς,
2748 5591 2955 5645 εἰσόδου
3007 5588 3284 5656 πρόφασιν
3338 5582 3580 5638 δεδόσθαι
3629 5582 3714 5652 τῷ

513 5777 562 5812 ⁸⁸
607 5775 754 5835 Psal.
789 5791 899 5845 LIV,
935 5774 1021 5830 15.
1099 5775 1146 5810 "
1189 5772 1376 5829 Matth.
1419 5790 1476 5839 v,
1527 5772 1588 5828 8.
1635 5774 1678 5803 ⁸⁸
1720 5772 1878 5828 Joan.
1922 5787 1972 5838 ι,

2183 5774 2225 5804 ἰε’
2265 5769 2422 5826 Juan.
2461 5785 2510 5825 γι
2535 5811 2548 5836 ,
2578 5768 2668 5824 46.
2744 5770 2789 5803 νο
2827 5768 2987 5825 Joan.
3031 5781 3144 5835 xlv,
3177 5765 3230 5821 9.
