3894 6200
282 335 385 395 Ml
1350 360 1421 416 IN
1455 361 1743 425 JOANNIS
1768 371 2220 440 EVANGELIUM
2257 389 2383 446 LIB.
2421 393 2511 450 IX.

280 448 508 529 Πονηρῷ
534 459 632 529 τὴν
657 462 911 533 εὐλογίαν
941 466 1335 543 ὖπονοήσομεν,
1369 479 1545 536 ἐκεῖνο
1569 485 1625 538 δὲ
1663 490 1865 557 μᾶλλον

278 548 513 620 ἐροῦμεν
566 553 667 607 οὐκ
712 555 818 620 ἔξω
863 559 965 630 τῆς
1007 562 1267 633 ἀληθείας
1310 570 1401 625 τὸν
1432 574 1518 627 ἐπ’
1556 548 1705 651 αύτῷ
1735 585 1867 638 καθ-

282 642 524 706 ιστάντες
560 644 717 715 λόγον
740 665 753 680 ο
792 651 1009 725 Ἐπειδὴ
1038 656 1146 727 γὰρ
1174 661 1392 734 ἀπάσης
1417 667 1640 742 ἀγάπης
1664 642 1744 738 εἰς
1770 679 1867 731 αὑ-

272 734 365 788 τὸν
397 738 811 812 τετελεσμένης,
860 746 955 799 καὶ
998 748 1215 816 οὐδενὸς
1265 756 1326 809 τὸ
1373 734 1636 831 παράπαν
1689 734 1862 822 ἐλλεί-

270 823 472 892 ψαντος
522 828 629 882 τῶν
658 832 956 889 τελούντων
986 840 1067 902 είς
1098 843 1264 915 τιμὴν
1296 849 1388 900 καὶ
1428 850 1667 909 διάθεσιν
1688 899 1701 922 ,
1750 860 1860 913 τῶν

266 917 453 971 αὐτῶν
485 923 663 992 εἴχετο
692 928 1147 1000 σπουδασμάτων,
1199 938 1259 989 οὐ
1306 942 1427 1004 ταῖς
1476 951 1855 1014 μεταγνώσεσι

263 1008 325 1060 τὸ
359 1012 543 1076 κακῶς
587 1014 746 1079 δόξαν
775 1020 1264 1096 ἐπανορθούμενος,
1296 1030 1355 1082 οὐ
1403 1036 1723 1102 μεθίσταται
1754 1043 1853 1114 τὴν

264 1104 495 1172 καρδίαν
541 1108 605 1160 ὲκ
633 1109 734 1178 τῆς
784 1112 1026 1185 ἀθέσμου
1074 1117 1290 1191 βουλῆς,
1339 1125 1397 1177 οὐ
1432 1104 1853 1205 δακρυρροήσάς

259 1192 401 1258 ὅλως
428 1197 513 1265 ἐφ’
539 1193 619 1262 οἷς
642 1202 735 1254 καὶ
763 1203 921 1273 μόνον
950 1209 1324 1283 ἐνθυμηθῆναι
1354 1192 1709 1292 τετόλμηκεν,
1734 1192 1847 1281 ἀλλζ

259 1285 345 1339 ἔτι
372 1290 629 1359 χειρόνως
660 1293 892 1364 διψήσας
924 1301 1021 1371 τῆς
1050 1302 1368 1371 δυσσεῦείας
1409 1311 1472 1365 τὸ
1515 1316 1709 1385 πέρας,
1757 1321 1845 1375 διὰ

257 1379 624 1452 τολμημάτων
673 1388 936 1459 ἡττῆσθαι
974 1395 1177 1462 κακῶν,
1219 1401 1437 1470 εἰσῆλθε
1465 1379 1649 1460 λοιπον
1675 1379 1709 1461 ό
1742 1413 1844 1466 Σα-

255 1475 445 1538 τανᾶς,
491 1478 743 1551 καθάπερ
794 1483 913 1537 τινά
966 1487 1143 1558 πύλην
1193 1492 1292 1561 τῆς
1339 1495 1434 1549 τοῦ
1483 1499 1842 1570 φυλάττοντος

254 1564 472 1637 ἐρήμην
497 1569 710 1639 νήψεως
759 1574 1227 1635 ἁναπετασθείσαν
1266 1587 1430 1640 αὐτοῦ
1470 1591 1569 1661 τὴν
1614 1597 1840 1666 καρδίαν

250 1655 452 1726 εὕρὼν,
491 1661 585 1712 καὶ
611 1662 891 1734 ἀθύρωτον
929 1666 1057 1722 ὄντα
1087 1672 1373 1745 θεωρήσας
1402 1678 1492 1731 τὸν
1522 1655 1666 1749 νοῦν,
1690 1655 1838 1758 ⁸θερ-

251 1748 355 1820 μόν
384 1768 445 1804 τε
474 1740 573 1825 ἤδη
606 1756 741 1827 πρὸς
773 1759 833 1811 τὸ
885 1760 1169 1830 βούλεσθαι
1198 1740 1352 1841 δρᾷν,
1386 1773 1531 1844 άπερ
1578 1740 1832 1853 ἃνυὲθέλῃ

247 1840 348 1894 καὶ
379 1842 759 1918 διασκέψηται.
805 1851 1179 1925 Τετριμμένον
1229 1859 1284 1914 δὲ
1329 1840 1519 1936 ὥσπερ
1552 1868 1709 1923 τοῦτο
1755 1840 1833 1944 ni).
1868 1848 1911 1907 Β

245 1932 499 2005 Πονηρῷ,
543 1938 633 1993 διὰ
678 1941 859 2014 πάσης
903 1946 1091 2023 ὥσπερ
1140 1951 1311 2015 ἰόντες
1340 1959 1440 2027 τῆς
1474 1932 1833 2018 θεοπνεύστοῦ

242 2023 471 2098 Γραφῆς
498 2031 827 2105 εὑρήσομεν.
863 2038 1118 2108 Πρόσεισι
1150 2045 1250 2113 μὲν
1279 2023 1475 2121 γὰρ-ὲν
1504 2053 1702 2124 ἀρχαῖς
1734 2058 1833 2127 τὴν

239 2116 353 2169 τῶν
386 2120 693 2195 σεϐομένων
739 2126 830 2181 τὸν
880 2129 1011 2186 θεὸν
1054 2116 1369 2207 δοκιμάζων
1416 2116 1640 2216 καρδίαν
1670 2116 1695 2213 ,ν
1736 2116 1832 2203 κάὶ

240 2214 514 2283 πονηροὺς
558 2217 618 2269 ὲν
671 2219 913 2290 πρώτοις
970 2231 1330 2301 κατασπείρει
1371 2233 1686 2307 λογισμοὺς,
1736 2246 1829 2296 καὶ

235 2304 361 2365 ταῖς
409 2306 489 2368 εἰς
531 2306 592 2360 τὸ
637 2310 842 2377 φαῦλον
892 2314 1107 2385 ἡδοναῖς
1161 2322 1298 2394 πρὸς
1348 2327 1455 2378 πᾶν
1496 2304 1637 2394 είδος
1674 2304 1826 2403 ’ἡμᾶς

234 2393 471 2464 ἐρεθίζει
504 2404 862 2473 πταισμάτων
890 2424 904 2436 ·
960 2393 1213 2479 μάλιστα
1244 2416 1301 2468 δὲ
1332 2419 1468 2490 πρὸς
1504 2393 1678 2475 ἐκεῖνο
1701 2393 1821 2478 ..πίξ

230 2504 361 2540 πτει
388 2489 577 2562 βαρὺς,
607 2496 741 2565 πρὸς
771 2500 907 2574 ὅπερ
937 2501 1003 2555 ἂν
1037 2504 1211 2581 βλέπῃ
1245 2489 1687 2581 προπεπονθότας
1720 2520 1818 2592 ἤδη

230 2580 328 2633 καὶ
377 2590 850 2658 προηττωμένους.
917 2596 1418 2677 Συνεργάτηνγάρ
1460 2606 1649 2678 ὥσπερ
1698 2580 1821 2677 ταῖς

226 2672 428 2728 ἑαυτοῦ
458 2677 811 2750 δυστροπίαις
843 2686 931 2739 ἀει
976 2707 1092 2753 πως
1140 2692 1355 2763 δέχεται
1387 2672 1487 2765 τὴν
1538 2702 1818 2775 ἡμετέραν

224 2764 539 2835 ἀσθένειαν,
590 2775 685 2826 καὶ
713 2776 774 2828 τὸ
804 2780 1179 2851 προαδικήσαν
1226 2787 1401 2851 πάθος
1427 2764 1519 2845 τὸν
1547 2764 1814 2867 ήυμέτεΙρον

220 2855 373 2909 νοῦν.
424 2857 550 2915 Οἶον
593 2864 726 2935 φέρε
771 2870 946 2923 εἰπεῖν
972 2890 985 2903 ·
1042 2875 1375 2950 Παρενοχλεῖ
1419 2855 1632 2959 μὲν
1677 2855 1814 2944 δεῖνι

218 2954 411 3025 τυχὸν,
458 2959 551 3011 καὶ
589 2959 797 3034 θερμὴν
828 2966 1022 3034 ἐπάγει
1048 2970 1147 3041 τὴν
1174 2974 1424 3046 αἴσθησιν
1451 2980 1512 3033 τὸ
1540 2954 1641 3054 της
1680 3002 1815 3057 σαρ-

217 3047 387 3116 κικῆς
432 3050 626 3123 ἡδονῆς
672 3054 1074 3129 βδελυρώτατον
1118 3066 1326 3138 κίνημα
1355 3085 1368 3098 ·
1424 3047 1608 3145 ἑτέρῳ.
1643 3077 1701 3131 δὲ
1748 3047 1810 3133 τὸ

217 3142 434 3213 κερδῶν
488 3147 752 3217 ἡττᾶσθαι
802 3155 1024 3221 κακῶν,
1082 3159 1177 3211 καὶ
1224 3163 1455 3218 ἀνοσίων
1510 3171 1809 3240 χρημάτων

215 3236 493 3305 πορισμὸν
519 3237 739 3308 ἄριστον
767 3239 905 3297 εἶναι
928 3246 1074 3300 δοκεῖ
1101 3267 1241 3318 πως,
1280 3255 1373 3308 καὶ
1401 3256 1559 3311 τοῦτο
1586 3262 1812 3335 τετίμη-

212 3344 330 3381 ται.
369 3329 539 3384 Ὅταν
567 3330 662 3386 οὖν
690 3338 888 3408 προσίῃ
921 3341 1249 3412 μαχόμενος,
1279 3348 1542 3404 σύνοπλον
1577 3358 1811 3411 ποιεῖται

212 3421 279 3474 τὸ
312 3426 707 3496 προκρατῆσαν
757 3430 814 3482 ὲν
850 3433 1003 3502 ἡμῖν,
1037 3435 1130 3488 καὶ
1156 3440 1582 3513 προπολεμῆσαι)
1612 3447 1805 3513 πάθος,

212 3512 313 3566 καὶ
337 3513 404 3565 δι’
435 3516 643 3569 ἐκείνου
671 3519 887 3585 πάντως
918 3524 1049 3593 ἡμῖν
1078 3527 1172 3580 τὸν
1197 3529 1297 3599 τῆς
1324 3512 1598 3597 ἀπωλείας
1625 3554 1807 3609 μηχα-

210 3605 373 3658 νᾶται
417 3608 638 3679 τρόπον.
676 3611 888 3685 Ὥσπερ
934 3616 1043 3688 γὰρ
1073 3620 1126 3672 εἴ
1152 3638 1235 3684 τις
1265 3622 1373 3675 τῶν
1414 3605 1807 3695 ἄριστα-πολε-

214 3700 452 3767 μαρχεῖν
478 3700 770 3767 εἰωθότων,
824 3706 978 3760 πόλιν
1009 3710 1129 3763 τινὰ
1160 3712 1346 3785 κύκλῳ
1379 3719 1676 3789 περισχὼν,
1709 3724 1805 3776 καὶ

208 3782 299 3835 διὰ
350 3787 528 3855 πάσης
577 3792 830 3861 μηχανῆς
879 3797 1144 3851 εἰσελθεῖν
1194 3801 1288 3854 ἐπὶ
1317 3782 1407 3855 ’τά
1454 3782 1803 3880 τοῦϋτείχους

208 3871 554 3943 ἡσθενηκότα
586 3880 749 3949 μέρη,
798 3887 1264 3956 προσκομίζεσθαι
1297 3894 1506 3949 κελεύει
1537 3896 1635 3960 τὰς
1677 3871 1801 3954 έλείι

207 3960 417 4025 πόλεις,
454 3964 728 4036 εὐκαίρως
752 3970 1001 4041 αἱρήσειν
1030 3976 1280 4031 ἐντεῦθεν
1311 3980 1467 4044 εἰδώς
1493 4002 1506 4014 ·
1540 3986 1683 4040 κατὰ
1709 3988 1801 4043 τὸν

205 4046 395 4114 αὑτὸν,
430 4045 607 4121 οἶμαι,
635 4056 833 4124 τρόπον
874 4060 901 4111 ό
936 4061 1199 4129 Σατανᾶς,
1231 4066 1318 4119 ὅτε
1366 4068 1465 4140 τὴν
1508 4073 1797 4145 ἀνθρώπου

202 4132 384 4206 ψυχὴν
433 4139 861 4214 ἐκπολιορκῆσαι
899 4147 1182 4217 βούλεται,
1230 4155 1366 4224 πρὸς
1416 4132 1477 4211 τὸ
1529 4132 1797 4232 ἀτόνῆσαν

206 4223 376 4294 μέρος
406 4229 464 4280 ἐν
498 4224 635 4302 αὐτῇ
683 4237 870 4305 χωρεῖ,
924 4223 1322 4312 καταστρέψειν
1357 4246 1528 4311 οὕτως
1557 4251 1795 4318 εὐκόλως

200 4312 471 4382 οἰόμενος,
505 4317 633 4371 ὅταν
670 4321 750 4392 ἴδῃ
802 4324 1036 4391 μάλιστα
1090 4329 1358 4400 μηδεμίαν
1402 4312 1794 4411 ἐπιδεχομένην

199 4401 300 4470 τὴν
326 4399 535 4473 ὄνησιν,
565 4405 631 4458 δι’
657 4400 732 4459 ὧν
760 4404 828 4479 ἦν
858 4413 1006 4477 είκὸς
1040 4410 1340 4473 ἀδικεῖσθαι
1370 4422 1430 4473 τὸ
1463 4423 1655 4489 πάθος,
1681 4424 1792 4482 οἷον

201 4490 520 4561 εἰσηγήσεις
566 4496 799 4562 ἀγαθὰς,
842 4502 969 4564 τοὺς
1002 4503 1087 4553 ἐπ’
1125 4504 1346 4579 ἀνδρείᾳ
1381 4511 1762 4584 παροξυσμοὺς

196 4575 300 4639 τὰς
323 4580 402 4641 είς
436 4580 719 4635 εὐσέϐειαν
751 4584 1107 4657 ὑπομνήσεις,
1151 4595 1242 4646 καὶ
1266 4595 1363 4663 τὴν
1397 4601 1665 4671 μυστικὴν
1693 4605 1785 4656 εὐ-

197 4663 409 4731 λογίαν.
436 4667 721 4738 Καταργεῖ
754 4672 861 4744 γὰρ
895 4675 1130 4744 μάλιστα
1153 4680 1215 4751 δὴ
1242 4663 1407 4737 τοῦτον
1422 4686 1517 4740 τοῦ
1539 4663 1788 4745 διαϐόλου

193 4749 289 4802 τὸν
340 4752 698 4823 ἀνδροκτόνον
748 4759 823 4811 ἰόν
871 4762 969 4831 (1).
1031 4749 1241 4821 Οὐκοῦν
1302 4772 1330 4823 ό
1382 4774 1646 4847 προδότης
1689 4780 1789 4833 οὐκ

193 4836 457 4908 ἐλέγχους
483 4841 805 4917 ἐδυσωπήθη
827 4850 955 4913 τοὺς
978 4850 1058 4904 ἔτι
1079 4854 1377 4924 λεληθότως
1408 4836 1503 4913 καὶ
1531 4836 1790 4937 ἐνιπαρα-

193 4925 381 4997 δύστῳ
416 4936 982 5005 προκεκομισμένους,
1015 4940 1129 4993 ἀλλ’
1162 4942 1281 4994 οὐδὲ
1307 4944 1405 5015 τὴν
1439 4946 1652 5018 ἄμαχον
1688 4925 1789 5021 τῆς

191 5014 417 5085 ἀγάπης
453 5019 628 5089 ἰσχὺν,
679 5023 740 5074 οὐ
776 5025 961 5094 τιμὴν,
1014 5028 1111 5079 καὶ
1154 5029 1332 5093 δόξαν,
1364 5014 1679 5107 καὶ-χάριν,

190 5102 290 5173 τὴν
321 5105 577 5174 εὐλογίαν
606 5110 707 5180 τὴν
740 5112 893 5181 παρά
922 5114 1161 5185 Χριστοῦ
1186 5134 1199 5146 ·
1259 5102 1683 5191 ἀπερισκέπτως
1729 5128 1787 5179 δὲ

189 5190 382 5263 ὥσπερ
413 5196 510 5247 καὶ
542 5197 933 5270 ἀπερικλάστῳ
959 5202 1097 5272 τόνῳ
1129 5204 1267 5275 πρὸς
1295 5208 1469 5262 ἐκεῖνο
1498 5213 1593 5264 καὶ
1625 5215 1787 5282 μόνον

186 5280 355 5348 ὁρῶν,
407 5285 486 5345 είς
533 5284 671 5356 ὅπερ
723 5287 825 5357 ήδη
871 5292 1208 5363 προήττητο,
1264 5295 1362 5366 τῆς
1410 5280 1787 5371 φιλοκερδείας

188 5369 407 5441 νόσημά
435 5390 600 5443 φημι,
646 5376 832 5429 λοιπὸν
860 5379 1169 5452 ὁλοκλήρως
1194 5383 1310 5452 ἥλω
1339 5403 1398 5437 τε
1429 5389 1521 5441 καὶ
1549 5369 1771 5444 πέπτω-

187 5472 305 5510 κεν.
353 5459 429 5511 Οὐ
460 5461 568 5531 γὰρ
598 5461 678 5515 ἔτι
729 5464 1033 5535 σύμϐουλον
1063 5468 1176 5539 ἔχει
1207 5472 1297 5524 τὸν
1342 5474 1606 5541 Σατανᾶν,
1655 5480 1773 5533 ἀλλ’

185 5542 315 5613 ὅλης
341 5546 441 5617 ἤδη
479 5549 582 5618 τῆς
609 5552 840 5622 καρδίας
876 5554 1143 5627 δεσπότην
1176 5556 1270 5611 καὶ
1315 5561 1772 5635 κατεξουσιαστὴν

185 5635 424 5687 ⁸ποιεῖται
464 5636 562 5707 τῆς
608 5639 798 5693 ἑαυτοῦ
842 5642 1101 5709 διανοίας,
1136 5645 1227 5698 τὸν
1252 5648 1309 5701 ἐν
1341 5649 1537 5719 ἀρχαῖς
1559 5651 1774 5724 ψιθυρί-

1966 684 2098 752 quia
2129 696 2310 747 tamen
2340 695 2394 749 in
2426 700 2616 756 eodem
2649 709 2839 766 studio
2865 729 2928 770 ac
2953 725 3237 791 proposito
3266 735 3543 802 manebat,

1966 775 2101 802 n‘nln
2141 783 2359 802 --__!I-_
2546 794 2575 802 ,ν
2644 795 2677 802 .-

2953 775 2970 787 ,
3058 775 3078 791 τ
3108 775 3116 776 ,
3143 775 3231 780 γη-
3266 775 3543 802 manu"...

1963 775 2102 829 mala
2136 783 2369 839 consilia
2410 794 2755 858 paenitudine
2788 818 2895 857 non
2935 814 3257 876 emendans.
3289 837 3390 877 nec
3427 832 3548 882 ani-

1962 878 2111 919 mum
2149 871 2216 925 ab
2256 874 2445 946 iniqua
2486 886 2772 945 molitione
2815 910 3086 969 avocans,
3127 923 3228 961 nec
3268 912 3542 986 lacrymas

1963 954 2200 986 [ιιηιΙι--ι-
2236 964 2300 986 Αι-
2339 982 2380 986 -ν
2590 976 2601 986 '
2766 982 2777 986 “

3032 954 3086 969 ἡ,
3127 954 3228 961 --νυ
3268 954 3372 968 unus
3425 954 3539 975 unua

1960 954 2201 1017 fundens
2232 964 2305 1019 ob
2329 982 2392 1023 ea
2425 988 2553 1042 quae
2587 976 2642 1031 in
2688 982 2873 1039 animo
2905 1005 3132 1051 versare
3174 1015 3345 1059 ausus
3385 954 3500 1064 erat
3524 1051 3539 1072 ,

1960 1049 2051 1072 ,υμι
2112 1061 2230 1072 ---ιε
2328 1058 2361 1072 ι·
2507 1065 2519 1072 ·
2591 1066 2600 1072 ·

3114 1049 3126 1051 _
3177 1049 3200 1051 —~
3216 1049 3344 1059 <-v\-u
3386 1049 3432 1061 υ.
3449 1049 3500 1064 ιιι
3524 1051 3536 1072 ς

1957 1049 2052 1101 sed
2109 1058 2363 1120 patrandi
2408 1065 2635 1122 sceleris
2675 1075 2915 1140 graviori
2947 1083 3036 1135 siti
3077 1096 3339 1156 aestuans,
3383 1101 3536 1167 quia,

1957 1137 2175 1167 :“n--.‘m
2222 1148 2331 1167 _Api
2381 1152 2414 1165 ιο
2585 1160 2618 1167 ι·

2683 1137 2699 1140 ν
3081 1137 3339 1156 -ττντ---ηυν
3383 1137 3536 1167 Ὶιιιαν

1954 1137 2199 1212 inquam,
2220 1148 2446 1207 nefariis
2477 1160 2705 1217 ausibus
2727 1171 3043 1238 succubuit,
3075 1179 3279 1237 idcirco
3303 1187 3536 1247 Satanas

1953 1232 2007 1285 in
2038 1250 2161 1291 cum
2198 1242 2418 1298 tandem
2454 1247 2738 1319 ingressus
2772 1268 2878 1325 est,
2910 1279 3008 1319 cor
3039 1270 3159 1339 ejus
3189 1280 3533 1347 ceujanuam

1951 1335 2200 1394 apertam
2232 1337 2496 1407 omnique
2528 1349 2777 1403 custodia
2806 1335 3126 1417 destitutam
3166 1335 3330 1441 738.
3372 1392 3531 1446 repe-

3172 1424 3198 1436 -
3221 1424 3330 1441 νυ
3373 1424 3383 1427 '
3408 1424 3411 1425 ⁷
3435 1424 3497 1446 Ι’“¹

1949 1424 2131 1487 riens,
2173 1438 2225 1481 et
2270 1433 2513 1490 animum
2559 1453 2713 1510 porta
2761 1464 2992 1508 vacuum
3027 1465 3338 1536 aspiciens,
3375 1485 3429 1526 et
3462 1479 3530 1531 ad

1949 1527 2076 1536 ,ιη---
2094 1516 2208 1536 41-»ΑΑ
2377 1524 2387 1536 ¹
2487 1530 2516 1536 ““

3094 1516 3107 1531 ,
3164 1516 3338 1536 πρυ,
3377 1516 3429 1526 .-

1945 1516 2215 1582 agendum
2242 1524 2389 1589 quod
2416 1530 2570 1585 vellet
2596 1549 2659 1589 ac
2685 1547 2953 1600 statueret
2983 1554 3186 1621 oppido
3213 1568 3522 1625 strenumn.

1945 1602 2057 1625 HM
2077 1607 2099 1625 Α,
2226 1612 2236 1621 .
2264 1614 2274 1625 .
2464 1622 2473 1625 -

2996 1602 3034 1620 ,I
3058 1602 3183 1621 Γ---ν
3213 1602 3522 1625 ν-ιυιΙΙΙΙΙΙΙΙ.

1944 1602 2100 1668 Quod
2142 1612 2366 1679 quidem
2408 1622 2598 1676 tritum
2644 1641 2709 1681 ac
2748 1630 3023 1693 familiare
3068 1659 3190 1703 esse
3224 1649 3405 1719 Malo,
3469 1660 3522 1713 itt

1944 1694 2213 1719 Cum“,
2320 1706 2353 1719 ..
2401 1709 2410 1718 .
2460 1711 2468 1719 .

3077 1694 3189 1703 ---ν
3224 1694 3405 1719 ..-...υ,

1941 1694 2246 1767 Scripturis
2302 1706 2503 1766 divinis
2559 1719 2765 1782 passim
2818 1734 3244 1797 comperiemus.
3298 1745 3523 1805 Accedit

1940 1788 2089 1841 enim
2116 1793 2356 1859 primum
2388 1807 2607 1859 tentans
2642 1813 2810 1865 corda
2842 1819 3118 1879 cultorum
3150 1828 3244 1885 Dei
3270 1874 3283 1895 ,
3322 1846 3375 1889 et
3404 1856 3517 1893 ma-

1939 1878 2020 1934 las
2066 1882 2342 1954 imprimis
2385 1895 2755 1964 cogitationes
2788 1907 3017 1977 inserit,
3061 1927 3227 1988 atque
3269 1926 3516 1984 libidini-

1937 1969 2043 2027 bus
2071 1972 2339 2045 improbis
2375 1984 2443 2037 ad
2480 2001 2642 2045 omne
2668 2009 2852 2063 genus
2883 2010 3097 2070 peccati
3129 2028 3231 2069 nos
3263 2016 3513 2088 impellit.

1936 2069 2032 2122 sed
2068 2085 2134 2126 eo
2164 2077 2405 2133 maxime
2442 2082 2679 2143 infestus
2717 2094 2828 2146 ruit
2852 2134 2867 2157 ,
2908 2115 3015 2168 qua
3057 2117 3211 2175 parte
3251 2128 3353 2169 nos
3389 2131 3516 2175 ante

1934 2164 2217 2223 sauciatos
2244 2184 2311 2223 ac
2344 2172 2666 2235 debilitatos
2700 2164 3333 2261 videritdlnlirmitatem
3359 2215 3514 2283 quip-

1932 2266 1998 2320 pe
2047 2265 2331 2329 nostram,
2370 2274 2425 2320 et
2467 2270 2720 2330 allectum
2752 2284 2842 2337 cui
2882 2288 3103 2346 animus
3138 2306 3269 2352 ante
3312 2265 3510 2360 succu-

1929 2345 2133 2413 buerit,
2157 2361 2538 2421 perversitatis
2559 2382 2672 2422 suae
2704 2373 3029 2443 adjutricem
3058 2388 3225 2456 capit.
3259 2391 3506 2467 Exempli

1929 2443 2100 2467 ,αα-ηιξ..
2127 2463 2140 2467 _
2169 2446 2268 2467 nu,-
2288 2449 2332 2467 j,
2600 2461 2630 2467 --

1927 2443 2140 2508 gratia:
2169 2446 2400 2512 Quidam
2424 2461 2664 2516 carnalis
2684 2468 2986 2539 voluptatis
3013 2443 3328 2539 detestabili
3352 2443 3503 2546 mo'lu

1924 2542 2122 2589 aestuat
2158 2556 2170 2590 :
2209 2541 2348 2595 alter
2385 2550 2564 2617 turpis
2610 2554 2748 2610 lucri
2795 2569 2850 2614 et
2897 2565 3189 2636 impiarum
3244 2585 3507 2645 pecunia-

1922 2639 2043 2679 rum
2093 2632 2454 2700 cupiditatem
2511 2643 2567 2698 i-n
2615 2650 2796 2715 pretio
2842 2632 3026 2714 habet.
3079 2632 3502 2742 Cum-ergoﬂad

1919 2732 2159 2787 pugnam
2193 2734 2535 2801 accesserit,
2591 2745 3061 2808 perturbationem
3100 2756 3247 2815 illam
3284 2732 3405 2833 quae
3446 2771 3502 2825 in

1919 2811 2082 2833 ..ΑΙ-2-
2114 2828 2198 2833 -μξ
2300 2820 2311 2833 ¹
2361 2823 2393 2833 Ἀ
2560 2828 2571 2833 ⁸
2615 2830 2626 2833 “

1917 2811 2084 2867 nobis
2113 2820 2399 2883 pravaluit
2429 2840 2494 2879 ac
2523 2828 2672 2896 vicit,
2701 2835 2769 2889 ad
2795 2852 2900 2895 nos
2930 2811 3335 2917 expugnandos
3361 2862 3504 2914 arri-

1915 2901 2026 2970 pit,
2062 2915 2116 2960 et
2148 2924 2248 2978 per
2273 2927 2395 2969 eam
2430 2919 2619 2991 utique
2651 2926 2815 2983 nobis
2845 2933 3003 2988 exitii
3035 2901 3256 2997 modum
3286 2951 3503 3005 machi-

1913 3002 2098 3053 natur.
2130 2998 2604 3067 Quemadmodum
2636 3019 2782 3073 enitn
2805 3028 3055 3096 egregius
3081 3032 3191 3088 dux
3223 3045 3278 3091 et
3322 3041 3500 3113 impe-

1914 3096 2064 3141 rator
2093 3095 2397 3166 exercitus,
2417 3115 2541 3156 cum
2572 3107 2764 3163 urbem
2790 3095 3028 3184 aliquam
3060 3123 3353 3187 obsidione
3375 3095 3499 3189 cin-

1838 3198 1882 3257 ς
1913 3177 2013 3244 xit,
2040 3181 2409 3246 debilioribus
2441 3198 2583 3250 muri
2621 3203 2873 3268 partibus
2902 3214 3188 3272 machinas
3222 3222 3494 3293 admovet,

1916 3269 2117 3293 -.-:L---
2152 3274 2181 3293 εγ
2226 3292 2229 3293 ν
2504 3287 2516 3293 ⁵
2662 3292 2667 3293 ⁷

3134 3269 3183 3272 η-
3224 3269 3493 3293 η--.υ.ν.,

1913 3269 2118 3338 quibus
2152 3274 2467 3347 ingressum
2502 3287 2558 3341 in
2588 3292 2778 3348 urbem
2824 3304 3047 3369 parari,
3095 3322 3326 3380 eamque
3371 3322 3493 3389 capi

1914 3366 2197 3389 ,νυνι-νυ-Ᾱ-
2232 3385 2260 3389 —-
2280 3386 2295 3389 Α
2316 3387 2325 3389 ~
2543 3379 2575 3389 "
2719 3385 2733 3389 “

1913 3366 2201 3422 commode
2232 3385 2399 3440 posse
2426 3379 2603 3446 novit,
2634 3385 2848 3455 eodem,
2886 3393 3105 3461 opinor,
3145 3405 3309 3458 modo
3338 3366 3496 3463 Sat;-

1910 3467 2051 3519 nas,
2106 3472 2233 3514 cum
2276 3478 2592 3536 expugnare
2636 3476 2755 3529 vult
2805 3479 3045 3539 hominis
3094 3490 3332 3548 animam
3361 3538 3375 3561 ,
3421 3504 3491 3555 ad

1908 3546 2237 3606 debiliorem
2272 3554 2395 3624 ejus
2421 3572 2631 3628 partem
2668 3580 2727 3622 se
2750 3573 2999 3639 confert,
3041 3592 3272 3647 sperans
3300 3602 3360 3642 se
3389 3589 3490 3644 hac

1908 3641 2122 3699 ratione
2150 3644 2312 3701 facile
2341 3664 2462 3705 eam
2503 3669 2826 3716 eversurum
2853 3702 2868 3726 ,
2903 3670 3142 3727 maxime
3178 3691 3303 3730 cum
3334 3683 3488 3737 vide-

1905 3732 1980 3784 rit
2027 3734 2154 3789 inde
2188 3738 2396 3794 nullam
2448 3743 2744 3803 utilitatem
2782 3766 3017 3823 capere,
3069 3763 3215 3820 unde
3258 3784 3358 3837 par
3403 3788 3489 3828 est

1904 3826 2379 3892 perturbationem
2413 3835 2679 3904 reprimi,
2713 3843 3024 3913 cujusmodi
3070 3865 3198 3910 sunt
3239 3826 3487 3918 admoni-

1904 3919 2085 3977 tiones
2106 3921 2285 3988 bona,
2314 3927 2380 3981 ad
2415 3928 2817 4004 fortitudinem,
2842 3952 2896 3995 et
2927 3944 2992 3997 ad
3023 3948 3299 4019 pietatem,
3334 3968 3387 4011 et
3417 3964 3484 4013 ad

1901 4011 2194 4079 mysticam
2217 4014 2487 4085 eulogiam
2519 4021 2960 4085 exhortationes.
2994 4011 3109 4090 lloc
3136 4042 3281 4095 enim
3316 4049 3483 4100 maxi-

1899 4114 1986 4153 me
2014 4099 2218 4155 diaboli
2247 4104 2492 4170 jaculum
2522 4110 2662 4167 illud
2697 4114 3027 4175 homicidam
3052 4130 3283 4196 repellit.
3311 4135 3483 4203 Igitur

1898 4192 2153 4260 proditor
2202 4210 2309 4248 non
2366 4202 2901 4274 reprehensionum,
2958 4229 3079 4283 qua:
3134 4220 3481 4284 subobscure

1896 4282 2075 4337 adhuc
2109 4283 2351 4354 liebant,
2386 4291 2599 4359 pudore
2634 4303 2818 4354 tactus
2851 4282 3097 4367 est,rsed
3129 4326 3305 4381 neque
3335 4316 3477 4373 dile-

1894 4374 2097 4432 ctionis
2119 4378 2249 4442 vim,
2282 4394 2391 4434 non
2422 4382 2710 4453 honorem,
2736 4391 2990 4460 gloriam,
3019 4408 3183 4469 atque
3215 4408 3471 4475 gratiam,

1893 4482 2002 4521 non
2035 4470 2307 4541 eulogiam
2342 4476 2522 4542 {quam
2569 4492 2600 4530 a
2637 4479 2861 4539 Christo
2899 4490 3113 4559 accepit
3162 4500 3467 4564 reveritus,

1769 4558 1783 4580 ’
1816 4555 1861 4610 D
1890 4574 2077 4613 verum
2119 4568 2325 4616 temere
2371 4572 2428 4619 et
2466 4573 2870 4629 contumaciter
2904 4578 2958 4631 in
3007 4596 3075 4635 eo
3119 4583 3332 4645 haerens
3376 4596 3469 4649 cui

1887 4660 2015 4707 ante
2046 4653 2414 4708 succubuerat
2441 4659 2689 4714 avaritiaa
2715 4665 2931 4729 morbo,
2951 4672 3166 4727 tandem
3198 4684 3343 4735 totus
3376 4698 3473 4737 ea-

1885 4749 2013 4810 ptus
2047 4750 2131 4797 est
2169 4758 2234 4797 ac
2281 4745 2500 4799 cecidit.
2555 4746 2667 4804 Nec
2709 4753 2856 4806 enim
2900 4759 3142 4827 amplius
3180 4781 3468 4826 suasorem

1887 4831 2049 4887 habet
2073 4831 2354 4895 Satanam.
2387 4836 2620 4905 sedjam
2647 4841 2819 4896 totius
2849 4847 3036 4903 cordis
3060 4853 3144 4906 sui
3179 4856 3465 4917 dominum

1887 4938 1951 4977 ac
1983 4926 2182 4979 mentis
2210 4942 2323 4980 suae
2350 4936 2620 4985 rectorem
2652 4932 2785 4987 facit
2806 4950 2935 4990 eum
2965 4943 3058 5009 qui
3087 4947 3325 5013 primum
3354 4955 3469 5010 fue-

1886 5025 1973 5069 rat
2018 5017 2421 5073 insusurrator.
2468 5021 2754 5092 Ingressus
2790 5030 2937 5082 enim
2978 5042 3065 5088 est
3114 5038 3166 5091 in
3209 5056 3331 5095 eum
3361 5087 3376 5106 ,
3411 5059 3470 5102 ιιι

1883 5110 2048 5163 estin
2080 5111 2396 5182 Evangelia.
2427 5113 2697 5172 Cavenda;
2729 5120 2913 5189 itaque
2948 5135 3002 5180 et
3032 5132 3179 5184 omni
3221 5150 3327 5203 ope
3380 5156 3466 5193 re-

1882 5202 2167 5256 movendze
2212 5212 2340 5259 sunt
2377 5208 2714 5276 cupiditates
2756 5214 2918 5284 739
2956 5220 3165 5286 animi,
3200 5228 3341 5281 unde
3374 5244 3464 5283 se-

1882 5302 2077 5347 cutura
2124 5294 2456 5353 detrimenta
2511 5304 2767 5359 novimus
2813 5324 2828 5359 :
2891 5311 2986 5362 sed
3040 5320 3094 5366 et
3142 5318 3463 5375 meminisse

1880 5394 2097 5454 oportet
2120 5387 2356 5445 dicentis
2401 5410 2413 5445 :
2473 5391 2530 5445 Si
2578 5396 2805 5463 spiritus
2839 5406 3167 5468 potestatem
3202 5406 3460 5466 habentis

1882 5479 2192 5534 ascenderit
2222 5497 2390 5550 super
2424 5491 2499 5547 te,
2540 5486 2719 5543 locum
2767 5498 2920 5545 tuum
2962 5510 3034 5549 ne
3061 5494 3344 5555 dimiseris
3383 5504 3457 5566 ei,

1882 5573 2010 5640 quia
2037 5576 2253 5629 sanatio
2278 5591 2498 5632 cessare
2527 5579 2688 5635 faciet
2715 5593 2938 5651 peccata
2970 5603 3189 5659 magna.
3220 5591 3460 5653 Necesse

1882 5669 1967 5714 est
2027 5662 2171 5717 enim
2238 5665 2289 5719 vi
2350 5667 2741 5737 cogitationum
2800 5673 2855 5728 in
2926 5678 3134 5735 nostris
3191 5682 3459 5743 cordibus

254 5816 337 5889 (η
376 5817 477 5875 Ed.
514 5820 680 5892 Aub.,
720 5824 814 5880 τοῦ
843 5826 1091 5886 διαϐόλου
1124 5834 1213 5888 τὸν
1257 5837 1605 5907 ἀνδροκτόνον
1634 5842 1770 5909 υἱόν,
1809 5867 1814 5892 ‹

1916 5843 2010 5897 50Ιὶ
2040 5846 2209 5913 ﬁlium
2240 5848 2389 5902 illum
2422 5850 2761 5907 homicidam.
2792 5851 2955 5912 Ent'r.
