3884 6208
386 374 489 431 H3

1383 372 1438 424 ὃ.
1461 368 1742 424 ιλιγιιιιλω
1780 363 1962 421 Αωῖιι

2077 365 2253 421 nam
2293 366 2598 422 A’ltClllEP
3550 355 3636 424 ita
3719 433 3730 443 ,

384 492 670 549 corrobari
727 491 1064 547 dominantis
1113 491 1392 563 spiritum.
1440 491 1576 546 Nam
1627 491 1759 546 licet
1812 499 1963 562 pote-

2077 491 2246 556 ζοντα.
2271 491 2501 561 Εἰσῆλθε
2518 492 2713 561 γὰρείς
2731 491 2912 556 αὑτὸν,
2928 491 3074 546 κατὰ
3086 494 3184 564 τὴν
3205 493 3299 546 τοῦ
3319 495 3640 563 Εὑαγγελίου

383 587 549 641 statis
594 593 796 641 nostrae
854 601 965 640 non
1015 586 1086 639 sit
1122 584 1334 648 facere,
1378 600 1448 639 ne
1487 586 1629 642 tales
1683 585 1912 655 spiritus
1944 626 1961 652 ,

385 677 436 731 id
477 683 563 733 est
591 676 956 747 cogitationes
982 676 1038 729 in
1069 684 1306 730 mentem
1341 687 1588 730 nostram
1620 676 1961 742 ascendant,

385 782 679 835 possumus
706 775 888 822 tamen
920 767 1064 837 quod
1100 767 1411 822 ascenderit
1437 768 1660 838 ejicere,
1691 783 1792 824 nec
1815 783 1967 824 com-

386 859 602 913 mittere
649 867 707 913 ut
747 874 978 929 magnas
1020 871 1245 929 pr0pter
1285 859 1674 928 negligentiam
1712 869 1962 914 nostram

386 950 440 1004 in
471 959 652 1005 mente
682 961 872 1006 nostra
907 960 1032 1022 agat
1057 950 1276 1006 radices
1308 969 1320 1004 2
1361 951 1456 1006 sed
1485 952 1654 1006 veluti
1685 952 1962 1022 quoddam

383 1043 774 1100 amaritudinis
823 1045 1043 1098 ittitium
1105 1043 1398 1099 confestim
1466 1045 1796 1100 exscindere
1830 1086 1846 1111 ,
1900 1059 1964 1098 ac

385 1144 623 1192 mentem
650 1138 905 1192 molestia
927 1152 1151 1191 vacuam
1174 1136 1400 1192 reddere
1423 1155 1435 1188 :
1469 1137 1675 1207 alioqui
1700 1136 1964 1192 dubitan-

383 1232 511 1283 dum
539 1245 650 1284 non
675 1239 758 1284 est
797 1229 928 1301 quin
963 1231 1227 1298 paulatim
1264 1228 1502 1285 Satanas
1527 1231 1712 1285 vincat
1741 1230 1964 1286 blandi-

386 1321 500 1383 tiis,
519 1321 853 1393 uobisquetd
881 1322 1255 1392 eveniatqttod
1277 1325 1351 1375 ait
1376 1321 1669 1378 Psalmista
1699 1343 1711 1378 :
1742 1343 1759 1375 ι
1787 1322 1970 1378 Prius-

383 1427 550 1481 quam
619 1413 941 1469 humiliarer
983 1430 1087 1485 ego
1127 1416 1333 1486 deliqui
1369 1419 1438 1471 “.
1479 1437 1497 1470 ι
1567 1418 1706 1471 Ante
1758 1420 1966 1488 peccati

383 1503 532 1556 enim
582 1507 1119 1562 consummationem
1162 1508 1531 1579 delinquimus
1569 1510 1966 1580 cogitationum

386 1596 750 1662 conscientia,
804 1598 940 1652 illttd
995 1599 1368 1666 honorantes,
1443 1616 1508 1656 ac
1570 1603 1964 1672 suscipientes,

385 1700 441 1745 et
501 1705 601 1760 per
655 1691 764 1746 hoc
805 1691 1087 1762 ingressus
1140 1693 1323 1749 locum
1373 1694 1592 1748 Satanae
1629 1696 1965 1752 tribuentes.

386 1780 559 1853 Cujus
604 1783 684 1838 rei
732 1783 904 1855 figura
961 1787 1124 1841 nobis
1178 1794 1234 1841 et
1282 1787 1464 1858 imago
1504 1788 1610 1844 erit
1666 1789 1966 1859 proditoris

387 1888 578 1930 casus.

2067 585 2271 653 φωνήν.
2303 583 2607 638 Φυλακτέον
2631 579 2724 637 οὖν
2755 585 2884 653 ἄρα,
2916 585 3009 637 καὶ
3042 586 3205 637 παντὶ
3240 585 3415 638 σθένει
3451 605 3642 658 παραι-

2066 677 2255 748 τητέον
2283 677 2382 740 τὰς
2411 679 2475 730 ὲκ
2505 677 2612 730 τῶν
2647 676 3036 748 προσπαθειῶν
3070 678 3272 746 ζημίας
3299 695 3313 708 ⁸
3363 679 3559 750 χρῆναι
3592 681 3642 732 δὲ

2065 767 2176 821 δεῖν
2221 767 2625 839 διαμεμνῆσθαι
2653 768 2747 820 τοῦ
2781 768 3033 837 λέγοντος
3061 785 3073 798 ·
3133 769 3258 822 Ἐὰν
3294 769 3512 840 πνεῦμα
3555 770 3643 822 τοῦ

2067 859 2473 924 ὲξουσιάζοντος
2502 859 2674 930 ἀναϐῇ
2707 860 2799 913 ἐπὶ
2835 863 2916 926 σὲ,
2945 861 3107 913 τόπον
3146 879 3238 914 σου
3274 861 3347 933 μὴ
3376 863 3541 932 ἀφῇς,
3571 865 3646 915 ὅτι

2070 953 2206 1024 ἴαμα
2236 951 2577 1006 καταπαύσει
2625 953 2902 1024 ἁμαρτίας
2951 953 3212 1022 μεγάλας.
3276 954 3515 1023 Ἀνάγκη
3555 954 3648 1022 μὲν

2069 1047 2178 1116 γάρ
2221 1045 2606 1108 ἁνακτίζεσθαί
2662 1063 2780 1108 πως
2831 1046 2889 1097 ἐν
2934 1047 3163 1116 δυνάμει
3213 1047 3486 1116 λογισμῶν
3533 1049 3649 1108 ταῖς

2049 1135 2366 1211 ’ἡμετέραις
2392 1139 2644 1210 καρδίαις
2672 1139 2733 1190 τὸ
2757 1137 2850 1191 τοῦ
2885 1137 3286 1202 ὲξουσιάζοντος
3318 1137 3553 1208 πνεῦμα.
3588 1137 3648 1189 Et

2077 1234 2187 1304 γὰρ
2223 1235 2279 1284 ὲν
2308 1235 2442 1302 ἡμῖν
2484 1233 2545 1283 τὸ
2577 1230 2835 1285 δύνασθαι
2865 1230 3207 1294 διακωλύειν,
3237 1230 3394 1283 τοῦτό
3420 1248 3484 1298 γε
3513 1229 3648 1297 πλὴν

2075 1329 2133 1380 ὲν
2166 1329 2298 1397 ἡμῖν
2317 1329 2355 1386 ¹,
2375 1325 2435 1377 τὸ
2455 1325 2704 1386 κολάζειν
2736 1324 3077 1394 παραχρῆμα
3104 1324 3162 1377 τὸ
3187 1323 3426 1384 ἀνελθὸν,
3449 1322 3546 1375 καὶ
3579 1323 3650 1393 μὴ

2071 1418 2385 1490 ἐπιτρέπειν
2436 1415 2718 1487 ῥιζοῦσθαι
2765 1417 2884 1478 ταῖς
2929 1417 2993 1468 ὲκ
3044 1415 3316 1487 ῥᾳθυμίας
3363 1414 3650 1481 ὲνὸόσεσιν,

2071 1511 2186 1567 ἀλλ’
2233 1510 2421 1580 ὥσπερ
2467 1508 2588 1562 τινὰ
2641 1507 2867 1578 πικρίας
2917 1507 3090 1578 ἀρχὴν
3134 1507 3458 1577 ἀποτέμνειν
3501 1507 3651 1559 ἐπεί-

2072 1605 2288 1674 γεσθαι,
2332 1605 2427 1657 καὶ
2460 1603 2900 1674 ἀπαρενόχλητον
2930 1601 3065 1654 ἱέναι
3095 1600 3317 1670 θελῆσαι
3370 1600 3462 1652 τὸν
3487 1598 3610 1652 νοῦν
3633 1617 3648 1628 ο

2071 1699 2240 1770 ήγουν
2275 1695 2475 1748 εἰδέναι
2511 1695 2718 1763 σαφῶς,
2750 1695 2831 1747 ὅτι
2861 1693 3074 1763 νικήσει
3107 1691 3248 1744 κατά
3287 1690 3460 1762 βραχὺ
3489 1690 3651 1743 κολα-

2075 1786 2249 1842 κεύων
2281 1787 2310 1838 6
2344 1786 2608 1848 Σατανᾶς,
2646 1783 2739 1837 καὶ
2772 1782 3039 1853 πάθοιμεν
3082 1781 3146 1836 ἂν
3173 1781 3436 1846 τοιοῦτον,
3472 1783 3654 1834 ὁποῖον

1989 1901 2040 1961 ,Β
2065 1882 2094 1934 ό
2128 1879 2364 1956 Ψάλλων
2411 1875 2578 1947 φησί’·
2637 1895 2655 1926 ί
2687 1876 2801 1944 Πρὸ
2846 1875 2942 1928 τοῦ
2995 1893 3061 1946 με
3099 1876 3506 1944 ταπεινωθῆναι
3544 1875 3654 1942 ἐγὼ

388 1965 806 2037 ὲπλημμέλησα.
836 1985 856 2020 ι
910 1967 1024 2039 Πρὸ
1063 1969 1170 2040 γάρ
1223 1968 1318 2022 τοῦ
1381 1970 1572 2024 παθεῖν
1616 1971 1838 2038 τελείως
1881 1975 1982 2046 τήν
2031 1971 2342 2046 ἁμαρτίαν,
2403 1965 2940 2039 προπλημμελοῦμεν
2979 1967 3138 2037 ἡμεῖς
3179 1969 3246 2037 τῇ
3293 1967 3503 2018 συνέσει
3544 1967 3653 2018 τῶν

388 2058 683 2130 λογισμῶν,
718 2060 985 2131 τιμῶντες
1021 2062 1212 2135 αὐτὴν,
1254 2065 1349 2116 καὶ
1402 2066 1840 2137 καταδεχόμενοι,
1872 2072 1970 2122 καὶ
2003 2070 2168 2123 τόπον
2195 2063 2402 2118 εἰσόδου
2421 2061 2656 2126 διδόντες
2687 2060 2777 2114 διὰ
2805 2059 2996 2114 τούτου
3027 2059 3102 2131 τῷ
3162 2061 3394 2131 Σατανᾷ.
3461 2060 3653 2114 Ἔσται

389 2157 447 2210 δὲ
477 2158 646 2220 τύπος
677 2156 770 2208 καὶ
795 2155 960 2210 εἰκὼν
995 2157 1090 2211 τοῦ
1126 2160 1453 2230 πράγματος
1492 2161 1584 2214 τοῦ
1616 2163 1876 2233 προδότου
1908 2163 1970 2217 τὸ
2007 2165 2199 2228 πάθος.

458 2293 596 2357 ΧΙΙΙ,
625 2295 716 2360 ‘27,
743 2294 834 2348 9.8.
887 2293 956 2348 Et
995 2294 1134 2348 dixit
1171 2297 1220 2350 ei
1253 2296 1412 2353 Iesus
1445 2315 1463 2352 :
1495 2297 1650 2364 Quod
1681 2301 1841 2369 facis,
1882 2302 1970 2369 fac

389 2387 568 2444 citius.
617 2387 727 2442 Hoc
777 2397 953 2441 autent
1002 2405 1152 2443 nemo
1200 2391 1351 2444 scivit
1406 2390 1853 2447 discumbentium
1901 2395 1969 2447 ad

388 2482 514 2551 quid
544 2481 740 2536 dixerit
774 2483 836 2541 ei.

463 2618 730 2674 Dissonus
771 2618 932 2682 forte,
969 2633 1072 2677 nec
1107 2620 1342 2674 multum
1366 2629 1779 2676 consentaneus
1819 2627 1969 2676 ante-

392 2711 557 2766 dictis
607 2711 784 2766 videri
831 2712 1010 2782 possit
1045 2719 1229 2766 textus
1270 2712 1609 2781 propositus.
1646 2712 1758 2768 Cur
1795 2714 1967 2778 enim,

392 2803 540 2858 dicet
587 2804 810 2874 aliquis,
870 2821 1051 2876 neque
1108 2806 1164 2860 id
1220 2807 1318 2862 abs
1379 2824 1464 2871 re,
1515 2822 1643 2862 cum
1693 2810 1834 2862 clam
1885 2825 1973 2863 ar-

392 2901 603 2962 gueret,
638 2909 740 2949 nec
788 2896 936 2952 clare
990 2896 1260 2952 Dominus
1320 2899 1389 2952 ab
1449 2900 1617 2968 impia
1654 2901 1803 2955 caede
1843 2917 1944 2971 pro

395 2983 628 3038 ditorem
661 2993 958 3049 averteret,
991 3002 1139 3041 nunc
1162 2987 1228 3041 ad
1265 3003 1384 3041 eam
1437 2989 1703 3059 instigare
1735 2990 1972 3056 videtur,

393 3084 449 3129 et
481 3075 688 3130 hortari
725 3085 783 3131 ttt
820 3077 1151 3134 detestabile
1197 3087 1421 3148 tamque
1475 3081 1703 3151 impium
1757 3082 1974 3137 facinus

395 3177 618 3222 strenue
645 3168 1036 3239 aggrediatur?
1059 3170 1132 3225 At
1161 3170 1292 3240 quid
1334 3186 1564 3227 necesse
1599 3181 1739 3237 erat,
1768 3173 1969 3242 inquit,

395 3257 670 3312 hominem
713 3274 810 3327 per
831 3275 890 3314 se
913 3261 1050 3316 satis
1093 3261 1381 3314 incitatum
1415 3276 1482 3314 eo
1517 3261 1820 3332 impellere,
1845 3277 1970 3316 cum

396 3357 687 3418 praestaret
731 3351 1208 3408 admonitionibus
1258 3352 1311 3406 in
1352 3353 1548 3408 melius
1589 3369 1874 3418 revocare,
1922 3363 1975 3408 et

393 3457 426 3496 ο
475 3444 759 3514 pr0posito
809 3443 990 3514 ipsunt
1045 3444 1287 3498 consilio
1336 3445 1618 3500 avertere?
1649 3445 1714 3498 Et
1749 3445 1972 3513 quidem

395 3537 500 3591 erit
549 3537 644 3607 qui
677 3538 977 3594 absurdum
1022 3553 1146 3593 esse
1185 3536 1430 3592 fateatur
1471 3537 1620 3608 quod
1672 3537 1762 3593 hic
1797 3538 1975 3592 incla-

396 3640 511 3684 mat
542 3630 798 3686 Cbristus
825 3649 838 3684 :
869 3640 1252 3686 verumtamen
1304 3631 1350 3685 si
1399 3630 1670 3701 propositi
1703 3630 1810 3684 leri
1845 3646 1976 3685 sen-

396 3739 517 3780 sum
546 3723 767 3778 acutius
802 3723 1124 3793 inspexerit,
1149 3723 1286 3776 nihil
1314 3722 1557 3778 absurde
1580 3723 1791 3777 dictum
1823 3737 1973 3776 com-

394 3817 588 3887 periet,
623 3817 717 3872 sed
766 3831 948 3872 acrem
1004 3818 1186 3886 potius
1233 3819 1463 3872 subesse
1520 3830 1774 3881 sensum,
1809 3831 1975 3886 quem

394 3925 496 3981 ego
537 3925 637 3980 pro
667 3910 812 3964 virili
859 3909 1051 3980 paucis
1102 3910 1349 3964 conabor
1388 3908 1694 3979 explicare.
1725 3909 1976 3962 Pruden-

395 4003 615 4058 tissime
651 4003 834 4073 itaque
886 4002 1107 4072 sapiens
1157 4001 1494 4072 evangelista
1537 4003 1796 4072 superius
1834 4001 1974 4056 dixit

396 4097 572 4165 ipsum
595 4095 851 4149 Satanam
881 4096 933 4148 in
960 4110 1055 4150 cor
1089 4096 1384 4165 proditoris
1407 4095 1560 4166 prius
1587 4094 1861 4163 irrupisse
1895 4101 1978 4146 at-

393 4203 502 4258 que
524 4187 804 4251 introisse,
836 4197 897 4242 ut
925 4187 1206 4242 videretur
1232 4186 1456 4240 tandem
1485 4183 1752 4239 Dominus
1787 4194 1977 4238 noster

393 4278 554 4335 Jesus
581 4279 836 4334 Christus
855 4280 958 4349 ipsi
983 4279 1164 4349 potius
1187 4293 1353 4348 quam
1371 4279 1419 4333 ei
1439 4277 1532 4347 qui
1557 4292 1748 4346 reapse
1766 4291 1830 4330 ac
1844 4291 1978 4330 vere

396 4373 465 4427 ab
493 4373 616 4442 ipso
638 4387 732 4442 per
755 4371 916 4443 740
939 4371 1327 4442 negligentiam
1355 4372 1536 4425 victus
1565 4369 1745 4424 fuerat
1768 4369 1974 4430 dicere,

401 4483 420 4517 ‹
455 4463 612 4531 Quod
637 4463 796 4529 facis,
820 4461 906 4517 fac
932 4464 1066 4517 cito.
1099 4481 1117 4514 ι
1146 4461 1298 4516 Idem
1324 4461 1473 4516 enim
1506 4468 1591 4516 est
1618 4475 1682 4513 ac
1722 4460 1769 4514 si
1790 4468 1978 4530 aperte

2146 2301 2317 2372 Λέγει
2343 2300 2504 2365 αὐτῷ
2533 2303 2565 2352 ό
2603 2295 2844 2366 Ἰησοῦς
2863 2313 2878 2328 ο
2929 2297 3000 2348 Ὃ
3021 2294 3228 2360 ποιεῖς,
3269 2297 3533 2363 ποίησον
3561 2299 3659 2352 τά·

2074 2411 2228 2463 χιον.
2290 2393 2469 2446 Τοῦτο
2519 2390 2586 2444 δὲ
2633 2389 2834 2453 οὐδεὶς
2885 2387 3038 2457 ἔγνω
3091 2385 3211 2440 τῶν
3252 2388 3661 2460 ἀνακειμένων

2075 2487 2224 2555 πρὸς
2256 2485 2314 2538 τί
2355 2481 2526 2538 εἶπεν
2553 2481 2733 2547 αὐτῷ.

2159 2621 2389 2692 Ἀπᾷδον
2430 2619 2530 2690 μὲν
2573 2620 2724 2685 ἴσως,
2765 2621 2858 2674 καὶ
2879 2621 2946 2687 ,οὐ
2992 2621 3197 2694 σφόδρα
3224 2621 3521 2692 συμϐαῖνον
3551 2624 3663 2686 τοῖς

2075 2714 2175 2785 ήδη
2201 2712 2625 2785 προειρημένοις
2668 2711 2869 2777 δόξειεν
2893 2713 2960 2767 ἂν
2990 2709 3128 2766 εἷναί
3150 2732 3227 2785 τῳ
3255 2715 3413 2784 τυχὸν
3443 2715 3501 2768 τὸ
3531 2732 3659 2786 προ-

2069 2805 2338 2874 κείμενον.
2375 2802 2625 2855 ’Δνθότου
2661 2803 2769 2874 γὰρ
2804 2803 2889 2874 δὴ,
2922 2805 3145 2873 φήσειεν
3165 2807 3250 2867 ἂν,
3291 2805 3385 2858 καὶ
3421 2806 3522 2858 οὐκ
3555 2806 3664 2859 άπὸ

2071 2895 2300 2958 σκοποῦ,
2346 2895 2639 2965 διελέγχων
2685 2897 3106 2966 κεκρυμμένως,
3149 2899 3244 2949 καὶ
3281 2899 3381 2950 οὐκ
3414 2897 3664 2968 ἐναργῶς

2070 2987 2398 3058 ἀποτρέπων
2444 2988 2472 3039 6
2517 2987 2722 3057 Κύριος
2757 2986 2854 3056 τῆς
2898 2987 2978 3048 είς
3007 2987 3168 3039 αὐτὸν
3216 2987 3528 3056 μιαιφονίας
3571 2988 3664 3040 τὸν

2073 3079 2379 3150 προδιδόναι
2404 3078 2797 3144 σπουδάζοντα,
2819 3075 2924 3132 ’νῦν
2959 3079 3096 3149 πρὸς
3124 3079 3295 3148 αὐτὴν
3324 3079 3667 3150 παραθήγων

2073 3173 2288 3240 ὁρᾶται,
2319 3170 2586 3242 ἀμελλητὶ
2623 3170 2678 3223 δὲ
2721 3169 2956 3240 βαδίζειν
2991 3169 3126 3240 πρὸς
3157 3171 3219 3224 τὸ
3253 3170 3394 3225 οὕτω
3421 3173 3668 3242 μυσαρόν

2075 3284 2134 3320 τε
2164 3267 2260 3320 καὶ
2304 3267 2516 3320 ἀνόσιον
2565 3264 2936 3319 διακελεύεται
2969 3266 3330 3337 σπούδασμα;
3387 3267 3581 3321 Καίτοι
3612 3267 3670 3320 τί

2079 3359 2278 3430 μᾶλλον
2311 3359 2401 3411 τὸν
2424 3358 2635 3412 οἴκοθεν
2663 3358 2774 3412 ἔδει
2814 3359 3080 3412 νοσοῦντα
3107 3359 3470 3430 παροτρῦναι,
3503 3361 3666 3430 φησὶ,

2075 3449 2212 3522 πρὸς
2241 3449 2421 3513 τοῦτο,
2476 3450 2572 3503 καὶ
2623 3449 2962 3520 τεθηγμένον
3017 3449 3076 3513 ἐξ
3129 3450 3344 3514 ἑαυτοῦ,
3397 3452 3493 3505 καὶ
3541 3453 3669 3521 οὐχὶ

2079 3539 2273 3608 μᾶλλον
2313 3539 2691 3610 ἀνασειράξειν
2727 3542 2848 3602 ταῖς
2870 3539 3177 3602 νουθεσίαις
3208 3540 3302 3593 ἐπὶ
3325 3541 3385 3592 τὸ
3417 3541 3670 3611 ἄμεινον,

2076 3631 2171 3682 καί¹
2206 3631 2307 3700 τῆς
2347 3629 2703 3702 προτεθείσης
2750 3631 2911 3685 αὑτὸν
2954 3631 3221 3702 ἀνακόψαι
3275 3632 3503 3703 βουλῆς;
3553 3637 3670 3688 Καὶ

2074 3723 2189 3793 δοίη
2239 3723 2336 3792 μὲν
2378 3724 2443 3778 ἄν
2476 3740 2561 3786 τις
2597 3724 2803 3795 σφόδρα
2851 3723 2945 3778 τοῦ
2995 3726 3310 3796 πρέποντος·
3340 3725 3672 3796 διαμαρτεῖν

2075 3813 2336 3884 λογισμοῦ
2365 3815 2464 3886 τὴν
2500 3817 2592 3868 ἐπὶ
2618 3815 2794 3887 τούτῳ
2829 3817 3128 3888 καταϐοήνο
3155 3817 3568 3889 όξυωπέστερόν
3602 3837 3670 3888 γε

2079 3909 2187 3976 μὴν
2229 3909 2343 3970 τοῖς
2373 3907 2431 3959 ὲν
2472 3907 2550 3978 τῷ
2577 3908 2924 3979 προκειμένῳ
2953 3909 3271 3981 θεωρήματι
3299 3909 3513 3981 ὲνείρας
3548 3909 3669 3983 [γῬ.

2076 3997 2374 4070 ἐνερείσας]
2427 3985 2527 4052 ’τὸν
2579 3999 2726 4063 νοῦν,
2781 4000 2999 4063 ἀτόπως
3043 4001 3141 4070 μὲν
3178 4002 3332 4054 οὐδὲν
3371 4003 3674 4073 εἰρημένον

2077 4089 2318 4160 εὑρήσει,
2369 4090 2623 4161 δριμεῖαν
2672 4091 2729 4144 δὲ
2771 4092 2969 4162 μᾶλλον
3011 4093 3196 4155 αὐτοῖς
3247 4095 3675 4164 ἐνυπάρχουσαν

2079 4184 2313 4248 σύνεσιν,
2332 4183 2399 4254 ἢν
2417 4184 2533 4247 καὶ,
2563 4183 2710 4246 ὅπως
2729 4183 2793 4236 ἂν
2813 4182 3077 4254 δύνωμαι,
3104 4183 3191 4235 διὰ
3218 4183 3465 4255 βραχέων
3489 4187 3674 4237 εἰπεῖν

2077 4274 2432 4346 πειράσομαι.
2471 4273 2960 4346 Προνοητικώτατα
3006 4276 3184 4328 τοίνυν
3223 4280 3280 4328 ἐν
3309 4279 3419 4338 τοῖς
3460 4276 3677 4345 προλα-

2078 4367 2262 4421 ϐοῦσιν
2281 4369 2309 4420 6
2330 4367 2490 4435 σοφὸς
2513 4365 2900 4438 εὐαγγελιστὴς
2922 4368 3356 4439 προεισπηδῆσαι
3377 4367 3472 4420 καὶ
3489 4370 3676 4422 εἰσελ-

2079 4459 2192 4514 θεῖν
2239 4462 2320 4523 είς
2361 4459 2458 4530 τὴν
2505 4458 2600 4512 τοῦ
2654 4458 2916 4531 προδότου
2949 4460 3177 4530 καρδίαν
3219 4462 3382 4514 αὐτὸν
3415 4461 3520 4532 ἔφη
3574 4463 3673 4516 τὸν

393 4555 848 4613 diceret:Tttum
882 4570 1043 4624 opus,
1090 4554 1240 4624 quod
1275 4568 1446 4608 unum
1486 4551 1636 4608 nosti
1677 4559 1733 4606 et
1790 4550 1969 4606 facere

2078 4553 2340 4614 Σατανᾶν,
2378 4551 2464 4603 ἵνα
2495 4549 2752 4621 φαίνηται
2777 4549 2960 4602 λοιπὸν
2985 4553 3014 4603 6
3036 4550 3239 4622 Κύριος
3262 4554 3292 4620 ἡ
3303 4549 3420 4620 μῶν
3457 4553 3677 4622 Ἰησοῦς

395 4651 563 4712 soles,
597 4663 631 4702 o
684 4648 909 4710 Satana,
937 4647 1023 4702 fac
1058 4648 1193 4702 cito.
1223 4645 1490 4702 Occidisti
1526 4646 1847 4716 prophetas,
1883 4643 1972 4698 Ju-

393 4739 526 4794 daais
558 4738 763 4809 quippe
790 4738 856 4793 ad
893 4739 1230 4808 impietatem
1260 4737 1459 4792 ducem
1494 4745 1544 4792 te
1574 4737 1883 4806 praebuisti,
1919 4745 1973 4790 et

394 4829 720 4900 lapidandos
743 4831 950 4884 curasti
974 4830 1068 4899 qui
1109 4831 1408 4884 salutarem
1446 4826 1634 4882 lsraeli
1660 4827 1970 4882 doctrinam

394 4919 750 4986 nuntiabant,
784 4919 992 4974 nemini
1041 4933 1232 4974 eorum
1273 4918 1368 4989 qui
1412 4933 1442 4971 a
1480 4917 1592 4974 Deo
1639 4919 1794 4972 missi
1842 4928 1972 4972 sunt

393 5012 694 5084 pepercisti
729 5032 742 5068 :
775 5027 937 5068 omne
996 5012 1346 5067 crudelitatis
1396 5018 1450 5066 et
1514 5011 1719 5066 furoris
1794 5027 1969 5081 genus

394 5103 544 5158 ultra
602 5103 827 5158 modum
879 5101 1203 5157 exercuisti.
1239 5101 1413 5158 Vettio
1466 5102 1632 5173 igitur
1679 5111 1804 5172 post
1849 5102 1975 5155 illos

395 5211 518 5267 ego,
564 5197 882 5251 errantibus
918 5194 1154 5249 daturus
1191 5201 1252 5247 ut
1308 5208 1420 5250 non
1471 5194 1709 5264 amplius
1762 5205 1971 5258 errent,

396 5288 452 5342 in
498 5286 744 5342 tenebris
782 5285 1050 5356 degentes
1092 5285 1149 5340 in
1190 5285 1312 5340 luce
1342 5285 1530 5340 divina
1569 5286 1971 5348 collocaturus,

397 5379 451 5434 in
481 5386 604 5434 tuos
632 5379 862 5449 laqueos
901 5378 1086 5449 lapsos
1125 5392 1190 5432 ac
1221 5389 1331 5432 tuae
1361 5377 1704 5433 crudelitatis
1731 5379 1969 5448 praedam

397 5470 576 5527 factos
624 5471 736 5526 tuis
794 5469 1034 5526 vinculis
1094 5469 1472 5539 expediturus.
1517 5467 1690 5522 Venio
1755 5471 1971 5538 peccati

396 5571 624 5633 propter
654 5569 708 5617 te
737 5561 1022 5633 regnantis
1045 5576 1344 5616 eversurus
1371 5560 1739 5632 tyrannidem,
1768 5572 1822 5616 et
1847 5563 1974 5631 quis

395 5656 468 5712 sit
515 5649 722 5709 natura
745 5653 891 5710 Deus
926 5654 1076 5710 omni
1140 5653 1346 5710 homini
1403 5651 1804 5725 patefacturtts.
1854 5653 1959 5708 Sed

465 5832 508 5862 ἰ
550 5827 696 5884 Psat.
734 5845 938 5895 cxvm,
980 5832 1069 5886 67.

2079 4647 2108 4698 ό
2145 4643 2380 4714 Χριστὸς
2415 4641 2566 4713 αὐτῷ
2610 4642 2833 4712 μᾶλλον,
2861 4643 3007 4713 ἥπερ
3035 4642 3203 4706 ὅντως
3225 4661 3284 4695 τε
3324 4644 3418 4697 καὶ
3444 4645 3676 4714 ἀληθῶς

2081 4736 2160 4807 τῷ
2196 4737 2324 4805 παρ’
2348 4735 2510 4788 αὐτοῦ
2541 4736 2606 4788 δι’
2647 4734 2982 4807 ἀπροσεξίας
3019 4739 3416 4808 κεκρατημένῳ
3447 4738 3637 4806 λέγειν
3657 4757 3673 4768 ⁸

2086 4848 2106 4880 ι
2124 4830 2189 4882 Ὃ
2206 4831 2398 4891 ποιεῖς,
2421 4827 2645 4898 ποίησον
2661 4828 2864 4898 τάχιον.
2893 4847 2911 4877 ι
2943 4829 3167 4897 Ὅμοιον
3190 4830 3320 4900 γάρ,
3340 4827 3417 4890 ὡς
3440 4832 3488 4881 εί
3514 4829 3676 4898 λέγοι

2085 4919 2271 4989 σαφῶς
2296 4937 2309 4950 ·
2338 4920 2410 4972 Τὸ
2437 4918 2528 4971 σὸν
2553 4917 2714 4989 ἔργον
2745 4919 2886 4989 ὅπερ
2914 4913 3069 4970 οἶσθα
3100 4918 3278 4988 μόνον,
3305 4920 3399 4971 καὶ
3424 4920 3560 4991 δρᾷν
3580 4922 3674 4974 ἀεί

2083 5031 2167 5066 σοι
2212 5012 2385 5081 φίλον,
2415 5010 2460 5064 ὧ
2497 5013 2730 5076 Σατανᾶ,
2773 5012 3002 5083 ποίησον
3045 5013 3249 5082 τάχιον.
3305 5013 3675 5079 Ἀπέκτεινας

2072 5107 2199 5168 τοὺς
2230 5105 2516 5176 προφήτας
2547 5104 2925 5174 (ἐστρατήγεις
2967 5104 3074 5176 γάρ
3114 5106 3191 5167 εἰς
3234 5104 3490 5158 ἀσέϐειαν
3534 5107 3689 5174 ’1ου-,

2071 5194 2288 5265 δαίοις),
2322 5196 2416 5248 καὶ
2439 5195 2557 5248 τότε
2587 5193 3018 5265 καταλευσθῆναι
3069 5196 3496 5266 παρασκευάσας
3540 5197 3673 5260 τοὺς

2071 5287 2162 5362 τὸν
2191 5288 2454 5356 σωτήριον
2493 5283 2590 5338 τοῦ
2644 5284 2861 5356 Ἰσραήλ
2904 5286 3308 5357 πρεσϐεύοντας
3340 5287 3523 5355 λόγον,
3575 5290 3673 5342 οὑ-

2071 5378 2216 5441 δενὸς
2238 5377 2440 5447 ἐφείσω
2469 5375 2576 5429 τῶν
2604 5376 3032 5448 ἀπεσταλμένων
3067 5379 3216 5450 παρὰ
3249 5379 3384 5432 Θεοῦ
3412 5397 3426 5410 ·
3476 5382 3674 5435 πᾶσαν

2075 5471 2156 5531 εἰς
2197 5468 2397 5529 αὐτοὺς
2426 5463 2696 5528 ἀπεδείξω
2734 5466 2832 5535 τήν
2875 5466 3016 5535 ὑπὲρ
3049 5465 3205 5534 λόγον
3252 5466 3515 5536 ὠμότητα
3569 5470 3676 5521 καὶ

2079 5559 2276 5631 μανίας
2325 5559 2651 5630 ὑπερϐολήν.
2696 5559 2855 5612 ’Ἥκω
2897 5558 3188 5630 τοιγαροῦν
3249 5560 3362 5629 μετ’
3413 5559 3672 5624 ἐκείνους

2073 5651 2204 5720 ἐγὼ,
2237 5653 2349 5716 τοῖς
2387 5652 2485 5722 μὲν
2519 5652 2596 5706 ἔτι
2625 5652 2998 5722 πλανωμένοις
3028 5654 3088 5705 τὸ
3125 5652 3322 5724 μηκέτι
3347 5651 3674 5708 πλανᾶσθαι
