3894 6200
298 273 403 332 διίὸ

1330 277 1396 333 ΙΝ
1437 278 1722 334 JO'ANNIS
1751 275 2209 335 EVA’NGELIUM'
2245 281 2374 335 LIB".
2420 292 2508 336 t.\'.

3456 288 3562 346 N6

297 393 496 456 διδοὺς,
532 395 643 456 τοῖς
672 395 730 447 ἐν
762 397 942 450 σκότει
977 396 1255 468 κατορθῶν
1278 399 1338 450 τὸ
1366 399 1422 452 ἐν
1450 399 1589 466 φωτὶ
1623 398 1874 466 γενέσθαι

1995 400 2228 468 ipprime
2261 403 2386 456 novi
2421 402 2708 456 eﬂeratum
2747 411 2913 458 tuum-
2939 406 3219 460 animum.
3246 406 3402 473 Quod
3434 425 3566 480 ergo

294 483 374 555 τῷ
401 483 551 555 θείῳ,
582 486 693 548 τοῖς
724 487 803 550 είς
826 486 924 558 τὴν
957 489 1056 559 σὴν
1083 490 1288 556 παγίδα
1327 489 1750 561 κατολισθήσασι
1789 490 1883 543 καὶ

295 575 520 646 θήραμα
547 575 647 644 τῆς
673 575 772 647 σῆς
795 577 1105 648 γενομένοις
1126 578 1430 650 ὠμότητος,
1457 581 1518 634 τὸ
1545 579 1650 648 ἔξω
1675 580 1884 653 βρόχων

294 666 549 733 γενέσθαι
581 667 946 739 δωρούμενος.
981 671 1139 723 Ἥκω
1176 671 1276 742 τῆς
1306 671 1394 725 διά
1424 671 1484 725 σὲ
1514 671 1882 743 τυραννούσης

294 761 576 830 ἁμαρτίας
605 762 926 816 καταλύσων
947 763 1006 816 τὸ
1026 765 1246 834 κράτος,
1281 766 1376 818 καὶ
1407 765 1487 829 τίς
1513 767 1541 818 ὁ
1573 765 1732 836 φύσει
1751 766 1884 830 Θεὸς

294 852 578 918 ἐπιδείξων
619 854 892 927 ἀνθρώπῳ
921 856 1102 909 παντί.
1140 857 1279 910 Ἀλλ’
1312 855 1429 912 οἶδα
1454 858 1639 913 λοιπὸν
1679 859 1741 913 οὐ
1784 877 1882 930 με·

293 942 464 1012 τρίως
495 944 596 1015 τὴν
629 946 727 1016 σὴν
760 946 1053 1000 ἀτίθασσον
1093 947 1285 1018 φρένα.
1317 947 1497 1020 ’Ὅπερ
1525 945 1619 1003 οὖν
1648 949 1768 1013 ἔθος
1802 967 1881 1003 σοι

292 1033 525 1104 τολμᾷν,
581 1038 676 1089 ἐπὶ
734 1041 846 1103 τοῖς
892 1039 961 1092 τά
995 1039 1223 1092 τοιαῦτα
1273 1038 1572 1110 κατορθοῦν
1612 1039 1880 1105 ἐθέλουσι,

295 1127 506 1196 πράττε
537 1128 634 1181 καὶ
675 1129 787 1184 νῦν.
853 1131 1121 1196 ’Δνιάσεις
1150 1133 1258 1202 γὰρ
1288 1132 1540 1204 οὐδαμῶς
1570 1134 1882 1188 ἐπιπίπτων

293 1219 442 1284 ὀξὺς,
475 1221 570 1275 καὶ
608 1223 812 1292 σφόδρα
839 1223 1036 1294 δριμὺς
1079 1225 1418 1294 ἐγκείμενος,
1457 1227 1581 1280 ὅσον
1625 1229 1692 1280 ἂν
1728 1226 1882 1280 ἔσται

293 1312 358 1364 τὸ
388 1312 560 1376 πάθος
601 1314 668 1366 δι’
697 1315 831 1384 ἐμοῦ
859 1315 1084 1386 βαδίσαν
1121 1320 1184 1371 ἐν
1217 1319 1381 1390 ἀρχῇ.
1432 1320 1545 1374 Καὶ·
1581 1320 1741 1373 ταυτὶ
1782 1320 1883 1390 μὲν

295 1406 473 1473 ἔγωγε
504 1405 599 1458 τοῦ
630 1407 877 1477 Σωτῆρος
906 1407 972 1461 τὰ
997 1409 1238 1479 ῥήματα,
1263 1412 1364 1479 τὴν
1392 1410 1488 1464 τοῦ
1519 1413 1881 1483 προκειμένου

295 1495 529 1563 δύναμιν
568 1498 978 1552 ὑπαινίττεσθαί
1012 1518 1129 1564 πως
1167 1501 1536 1573 ὑπολαμϐάνω
1561 1519 1574 1534 ο
1619 1504 1884 1574 ἐπιταχύ-

295 1588 485 1642 νεσθαι
513 1589 572 1642 δὲ
596 1591 682 1643 διὰ
720 1591 880 1645 τοῦτο
917 1593 1244 1664 προστάττει
1274 1595 1342 1649 τὰ
1371 1595 1719 1668 τολμήματα,
1751 1596 1883 1668 φέρε

293 1681 360 1749 δὴ
393 1681 557 1733 πάλιν
591 1682 1066 1754 διασκεπτώμεθα.
1117 1687 1312 1740 Καίτοι
1357 1689 1638 1743 πάνδεινον
1687 1689 1787 1761 μὲν
1823 1691 1885 1744 τὸ

1986 488 2190 544 audere
2227 491 2396 552 soles,
2435 490 2521 545 fac
2554 491 2880 546 etiamnum.
2911 492 3268 564 Nequaquam
3300 498 3446 552 enim
3481 517 3565 554 me

1985 577 2172 641 lmdes,
2210 581 2428 636 tametsi
2499 581 2737 636 infestus
2807 600 2964 648 ruas,
3029 585 3207 641 donec
3279 589 3561 644 advenerit

1984 674 2188 742 passio.
2229 674 2410 745 Atque
2448 675 2533 729 his
2577 690 2680 746 ego
2715 677 2900 731 verbis
2949 675 3262 734 Servatoris
3295 681 3400 734 loci
3440 697 3562 751 pro-

1984 765 2147 833 positi
2182 781 2407 820 sensum
2445 768 2855 836 quodannnodo
2880 770 3145 825 subiunui
3184 773 3382 840 opinor
3420 792 3432 826 :
3470 773 3564 827 sed

1983 872 2084 910 cur
2114 857 2328 913 facinus
2360 859 2666 913 aceelerari
2715 861 2929 930 jubeat,
2969 878 3070 933 age
3103 865 3282 917 denuo
3313 865 3568 920 conside-

1982 964 2184 1003 remus.
2209 947 2552 1006 Gravissima
2582 951 2786 1021 quippe
2807 963 2891 1006 est
2916 951 3239 1008 Iudaeorum
3276 955 3566 1024 impiorum

1984 1041 2238 1106 audacia,
2285 1043 2602 1099 incredibili
2659 1027 2847 1101 furore
2896 1047 2948 1100 in
2988 1063 3114 1101 eum
3153 1048 3347 1103 saevire
3396 1049 3570 1102 medi—

1985 1135 2237 1188 tantium.
2265 1134 2462 1206 Flagra
2486 1138 2661 1203 enim,
2687 1151 2740 1194 et
2770 1139 3194 1194 maledictorum
3231 1139 3390 1194 turba
3428 1141 3567 1193 into-

1986 1226 2253 1288 lerabilis.
2295 1229 2492 1298 plagaz,
2524 1239 2710 1300 sputa,
2752 1233 2819 1286 ad
2863 1239 3175 1288 extremum
3235 1233 3570 1288 miserabilis

1985 1334 2137 1373 mors
2171 1319 2228 1374 in
2261 1321 2434 1393 ligno.
2481 1323 2644 1386 clavi,
2679 1340 2840 1391 crux,
2891 1334 3130 1391 acetum,
3167 1333 3217 1380 et
3271 1326 3364 1390 fel,
3395 1333 3448 1380 et
3503 1340 3568 1380 ex

1983 1409 2140 1462 hasta
2179 1408 2385 1466 vulnus
2419 1427 2544 1467 eum
2600 1414 2913 1468 manebant.
2947 1414 3088 1480 Quid
3137 1431 3268 1484 ergo
3320 1413 3567 1476 festinat,

1983 1501 2186 1572 inquit,
2206 1518 2271 1557 ac
2294 1503 2416 1558 sine
2446 1519 2599 1558 mora
2629 1506 2750 1559 vult
2783 1521 2812 1559 a
2833 1506 3055 1560 diabolo
3088 1507 3269 1577 peragi
3291 1505 3570 1575 passionis

1987 1593 2254 1649 nefarium
2313 1593 2569 1650 facinus?
2624 1595 2863 1650 Ministri
2902 1595 3048 1649 enim
3109 1601 3162 1649 ct
3216 1603 3571 1648 exsecutores

1985 1687 2256 1741 malorum
2284 1688 2480 1742 horum
2509 1687 2662 1742 fuere
2689 1687 2883 1743 Judaei.
2904 1687 3010 1758 lpsi
3038 1697 3217 1741 tamen
3245 1695 3301 1738 ut
3326 1688 3568 1739 omnium

295 1773 405 1827 τῶν
435 1775 666 1828 ἀνοσίων
702 1776 1017 1847 εὑρίσκεται
1048 1777 1268 1848 Θράσος,
1298 1782 1653 1851 ὲμπαροινεῖν
1713 1783 1886 1837 ἀκαθ-

1995 1776 2115 1830 duci
2143 1785 2198 1830 et
2242 1778 2296 1831 in
2327 1778 2527 1833 caedem
2570 1777 2777 1832 Christi
2807 1779 3224 1847 conjuratorum
3255 1785 3419 1845 atque
3458 1773 3571 1845 pri-

297 1865 476 1928 ἐκτως
509 1866 781 1936 ἑλομένων
804 1867 974 1934 αὐτῷ.
995 1869 1308 1940 Προσδοκᾷν
1339 1872 1447 1942 γὰρ
1473 1867 1544 1942 ἦν
1560 1873 1883 1944 αἰκίσματα,

298 1957 395 2009 καὶ
424 1957 723 2028 δυσφήμων
771 1959 926 2029 ὄχλον
973 1963 1033 2014 οὐ
1081 1964 1338 2034 φορητὸν,
1377 1964 1592 2034 πληγὰς
1661 1970 1756 2021 καὶ
1785 1971 1886 2040 ἐμ-

296 2047 616 2119 πτύσματα,
647 2052 741 2104 καὶ
770 2053 832 2104 τὸ
873 2054 1179 2108 τελευταῖον
1223 2056 1452 2109 ἐλεεινὸν
1483 2058 1573 2110 τὸν
1614 2059 1706 2112 ἐπὶ
1746 2060 1887 2130 ξύλῳ

297 2141 551 2206 θάνατον,
587 2144 770 2212 ἥλους,
819 2146 914 2198 καὶ
962 2147 1214 2218 σταυρὸν,
1254 2147 1394 2213 ὅξος,
1450 2151 1543 2202 καὶ
1575 2151 1759 2222 χολὴν,
1795 2154 1888 2204 καὶ

296 2233 369 2286 τὰ
411 2235 476 2287 ἐκ
527 2234 728 2306 λόγχης
769 2237 1080 2308 τραύματα.
1139 2238 1206 2290 Τί
1233 2241 1520 2312 τοιγαροῦν
1547 2243 1885 2308 ἐπισπεύδει,

298 2326 455 2395 φησὶ,
489 2326 582 2379 καὶ
609 2327 879 2397 ἀμελλητὶ
904 2329 1135 2400 δρᾶσθαι
1186 2330 1435 2400 βούλεται
1469 2334 1617 2405 ποιρά
1648 2335 1743 2388 τοῦ
1773 2336 1890 2388 δια-

296 2417 458 2470 δόλου
489 2418 557 2472 τά
582 2421 675 2473 ἐπὶ
709 2422 785 2492 τῷ
815 2422 978 2475 πάθει
1007 2423 1334 2494 τολμήματα
1362 2444 1376 2492 ;
1412 2428 1522 2480 Καὶ
1551 2427 1658 2499 γάρ
1688 2428 1889 2500 ὑπηρέ-

295 2524 390 2560 ται
435 2509 722 2577 γεγόνασιν
783 2511 1025 2565 Ἰουδαῖοι
1075 2515 1169 2567 καὶ
1208 2516 1474 2588 ὑπουργοὶ
1524 2519 1632 2573 τῶν
1678 2521 1883 2575 κακῶν.

313 2598 455 2650 Ἀλλ’
487 2601 678 2670 ἐκείνῳ
727 2602 787 2654 τὸ
821 2605 928 2656 πᾶν
964 2605 1296 2677 ἐπιθήσομεν
1328 2611 1720 2681 στρατηγοῦντι
1750 2613 1888 2683 πρὸς

301 2691 637 2760 μιαιφονίαν,
662 2694 752 2744 καὶ
777 2694 1040 2764 ἀπαρχῶν
1065 2695 1348 2766 ἐξάρχοντι
1370 2697 1477 2750 τῶν
1501 2699 1708 2752 κακῶν.
1748 2700 1886 2753 Ἀλλ’

299 2781 352 2832 εἱ
399 2781 493 2833 καὶ
541 2782 744 2852 σφόδρα
792 2785 942 2838 δεινὰ
982 2785 1051 2838 τὰ
1103 2790 1183 2850 εἰς
1230 2789 1462 2859 Χριστὸν
1515 2789 1625 2844 τῶν
1658 2792 1888 2844 ἀνοσίων

312 2872 586 2928 Ἰουδαίων
631 2877 974 2948 τολμήματα,
1025 2881 1118 2932 καὶ
1163 2880 1438 2950 ἀφόρητος
1482 2881 1590 2935 τῶν
1640 2899 1887 2955 σταυρω-

301 2968 514 3021 σάντων
545 2970 577 3039 ἡ
608 2969 786 3038 ὕϐρις,
829 2971 942 3023 ἀλλ’
971 2972 1088 3042 ᾔδει
1122 2970 1216 3024 τοῦ
1254 2973 1456 3036 πάθους
1484 2974 1545 3026 τὸ
1573 2974 1766 3042 πέρας,
1794 2975 1890 3028 καὶ

1991 1870 2600 1925 tnitiarum'malorum
2658 1871 2895 1941 principi
2959 1879 3138 1924 totum
3201 1869 3568 1923 ascrihemus.

1988 1959 2175 2031 Atqui,
2205 1961 2335 2016 licet
2364 1961 2728 2018 acerbissima
2758 1976 2986 2031 quaeque
3008 1957 3182 2012 Judaei
3216 1958 3270 2011 in
3290 1957 3572 2010 Christum

1990 2054 2460 2120 machinarentur,
2483 2065 2536 2110 et
2554 2053 2920 2110 intolerabilis
2955 2059 3104 2106 esset
3126 2047 3569 2119 crucifigentium

1991 2143 2166 2208 furor,
2196 2145 2475 2214 passionis
2508 2154 2692 2198 tamen
2723 2144 2956 2208 exitum,
2979 2149 3034 2197 et
3077 2141 3207 2211 quid
3249 2141 3379 2194 hinc
3405 2153 3572 2193 even-

1989 2245 2172 2289 turum
2205 2245 2352 2291 esset
2383 2242 2638 2290 noverat.
2674 2233 2943 2290 Eversum
2985 2235 3052 2288 iri
3082 2249 3280 2302 nempe
3322 2229 3573 2284 funditus

1989 2342 2087 2396 per
2117 2326 2485 2382 venerandam
2513 2342 2736 2382 crucem
2781 2325 2986 2381 diaboli
3032 2323 3403 2397 tyrannidem,
3427 2336 3574 2375 mor-

1992 2428 2100 2472 tem
2146 2419 2490 2473 destructum
2533 2419 2623 2482 iri,
2649 2426 2706 2473 et
2739 2413 3112 2487 corruptionis
3149 2415 3443 2470 delendum
3473 2412 3574 2464 iui--

1991 2511 2225 2582 perium,
2256 2519 2310 2565 et
2339 2518 2524 2565 vetere
2554 2512 2647 2565 illo
2677 2509 2977 2564 maledicto
3019 2507 3366 2562 liberandum
3400 2519 3576 2575 genus

1991 2604 2332 2666 humanum,
2393 2601 2640 2671 adeoque
2699 2600 3041 2671 benignitate
3093 2610 3144 2653 ct
3205 2597 3379 2667 gratia
3447 2595 3574 2647 Ser-

1990 2696 2198 2748 vatoris
2253 2695 2427 2749 nostri
2482 2692 2686 2747 Christi
2717 2700 3069 2748 cessaturum
3106 2691 3295 2744 illud.:
3348 2709 3364 2738 l
3401 2689 3572 2742 Terra

1989 2803 2069 2850 es,
2127 2799 2178 2841 et
2237 2787 2292 2841 in
2343 2798 2544 2841 terram
2620 2786 2913 2842 reverteris
2945 2785 3026 2850 9’;
3071 2804 3088 2835 ι
3148 2781 3307 2853 741
3355 2795 3574 2833 omnem

1992 2880 2343 2949 iniquitatem
2382 2881 2752 2950 oppilaturam
2782 2894 2845 2932 os
2879 2892 3062 2942 suum,
3094 2876 3253 2944 jlma
3292 2873 3578 2941 Propheta:

1992 2987 2180 3025 vocent
2231 2972 2309 3035 ³³,
2372 2989 2472 3028 nec
2540 2973 2777 3042 amplius
2833 2970 2937 3025 sibi
3005 2967 3281 3024 obnoxios
3346 2980 3577 3018 accusa-

297 3057 354 3111 τί
383 3059 443 3110 τὸ
481 3059 728 3113 ἐντεῦθεν
775 3061 1208 3131 ἀποϐησόμενον.
1243 3063 1476 3134 Ἔμελλε
1526 3065 1635 3136 γὰρ
1665 3065 1753 3118 διὰ
1792 3067 1886 3118 τοῦ

1997 3073 2207 3127 turam,
2242 3075 2294 3118 ct
2336 3065 2600 3120 delendos
2643 3066 2806 3133 plane
2841 3071 3113 3133 quotquot
3172 3061 3227 3114 in
3283 3059 3415 3112 orbe
3470 3066 3579 3110 ter-

298 3153 486 3223 τιμίου
519 3154 755 3226 σταυροῦ
783 3156 1069 3208 πεσέσθαι
1111 3157 1209 3227 μὲν
1236 3159 1315 3221 είς
1341 3157 1402 3210 τὸ
1440 3158 1703 3222 παντελὲς
1733 3161 1766 3228 ἡ
1797 3162 1889 3212 τοῦ

299 3243 550 3296 διαϐόλου
595 3247 870 3315 τυραννὶς,
913 3246 1304 3318 καταργεῖσθαι
1339 3247 1397 3300 δὲ
1425 3246 1672 3311 θάνατος,
1709 3250 1802 3301 καὶ
1834 3250 1894 3301 τὸ

301 3337 404 3407 τῆς
435 3336 643 3408 φθορᾶς
683 3337 1041 3407 ἀφανίζεσθαι
1091 3338 1312 3410 κράτος,
1345 3339 1677 3394 ἀπολόεσθαί
1705 3359 1763 3393 τε
1798 3342 1894 3410 τῆς

303 3431 539 3502 ἀρχαίας
571 3431 785 3501 ἐκείνης
809 3433 948 3501 ἀρᾶς
972 3432 1033 3484 τὸ
1066 3431 1404 3503 ἀνθρώπινον
1431 3433 1606 3499 γένος,
1634 3434 1894 3503 ἀργήσειν

305 3525 678 3598 προσεδοκᾶτο
733 3525 920 3576 λοιπον
956 3526 1020 3579 ἐκ
1067 3524 1480 3594 φιλανθρωπίας
1533 3525 1627 3577 καὶ
1675 3526 1896 3594 χάριτος

306 3619 402 3672 τοῦ
439 3617 694 3688 Σωτῆρος
725 3617 883 3687 ἡμῶν
906 3616 1144 3686 Χριστοῦ
1172 3619 1268 3670 τό·
1303 3635 1320 3666 ε
1353 3617 1427 3688 Γῆ
1459 3613 1528 3680 εῖν
1553 3618 1647 3670 καὶ
1679 3620 1759 3681 είς
1793 3619 1896 3686 γῆν

307 3708 608 3781 ἀπελεὺσῃ.
639 3727 658 3760 ι
698 3707 961 3779 Ἐμελλεν
995 3708 1197 3778 ἀνομία
1243 3710 1426 3772 πᾶσα,
1484 3710 1625 3762 κατά
1658 3710 1755 3781 τὴν
1801 3710 1895 3764 τοῦ

311 3801 599 3871 Προφήτου
633 3797 835 3869 φωνὴν,
863 3798 1165 3867 ἐμφράξειν
1192 3799 1368 3870 στόμα
1397 3799 1585 3869 αὐτῆς.
1628 3801 1722 3854 καὶ
1765 3818 1895 3854 κατ-

310 3895 535 3962 ηγορεῖν
554 3892 652 3962 μὲν
681 3890 862 3944 οὐκέτι
889 3889 999 3944 τῶν
1025 3892 1116 3942 ὕπ’
1146 3891 1317 3962 αὐτὴν
1346 3893 1666 3960 γεγονότων,
1699 3893 1897 3961 ἀφανί-

311 3982 503 4048 ζεσθαι
538 3983 595 4036 δὲ
627 3980 906 4045 παντελῶς
937 3980 1159 4050 ἔμελλον
1198 3982 1248 4034 οἱ
1279 3981 1421 4035 κατά
1461 3983 1640 4035 πᾶσαν
1684 3982 1784 4053 τὴν
1821 3985 1899 4036 oi-

313 4073 589 4146 κουμένην
618 4074 709 4128 τὸν
751 4075 966 4144 ἀληθῶς
994 4073 1154 4143 φύσει
1202 4075 1297 4126 καὶ
1346 4073 1505 4143 μόνον
1547 4075 1648 4127 οὑκ
1697 4074 1898 4138 εἰδότες

311 4168 471 4233 Θεὸν,
524 4167 573 4220 οἳ
606 4170 672 4237 τῇ
704 4169 782 4230 είς
813 4166 1048 4237 Χριστὸν
1095 4165 1466 4218 δεδικαίωνται
1515 4166 1717 4228 πίστει,
1754 4168 1899 4219 ἀνοι-

312 4261 613 4333 χθήσεσθαι
671 4259 858 4313 λοιπὸν
910 4261 942 4330 ἡ
1002 4258 1097 4311 τοῦ
1153 4257 1482 4330 παραδείσου
1535 4258 1900 4327 προσεδοκᾶτο

313 4357 481 4424 πύλη.
523 4355 754 4424 Ἔμελλε
799 4357 912 4417 τοῖς
943 4353 1207 4406 ἀνωτάτω
1228 4352 1298 4405 τά
1328 4352 1478 4405 κάτω
1509 4351 1894 4418 συνάπτεσθαι,

1999 3173 2183 3209 rarum
2244 3157 2413 3211 Deum
2467 3173 2682 3222 verum,
2712 3155 3044 3217 naturalem,
3083 3165 3136 3208 et
3189 3151 3413 3206 ttnicum
3469 3164 3578 3203 non

1997 3258 2220 3312 norant,
2253 3256 2529 3318 quotquot
2565 3263 2695 3302 vero
2734 3248 2840 3302 fide
2871 3247 2924 3299 in
2961 3245 3241 3299 Christum
3289 3241 3578 3310 justificati

1997 3347 2150 3405 sunt,
2182 3339 2249 3394 iis
2299 3340 2541 3410 paradisi
2597 3340 2825 3409 ianuam
2883 3337 3256 3406 aperiendum.
3294 3334 3581 3403 Supremis

1997 3432 2260 3487 inferiora
2283 3432 2400 3488 haec
2432 3431 2846 3504 coniungenda,
2879 3438 2933 3486 et
2963 3438 3215 3500 apertum
3255 3427 3475 3497 quidem
3514 3427 3579 3480 iri

1997 3525 2226 3591 cmlum,
2255 3525 2412 3593 juxta
2448 3524 2762 3580 Servatoris
2794 3539 3012 3587 vocem,
3045 3531 3362 3576 sanctorum
3395 3530 3578 3573 autem

1998 3617 2318 3687 angelorum
2355 3615 2581 3671 ordines
2625 3631 2958 3670 ascensuros
2987 3631 3051 3669 ac
3079 3615 3453 3670 descensuros
3494 3628 3584 3665 su-

1999 3727 2095 3781 pra
2117 3709 2316 3765 Filium
2343 3708 2585 3764 hominis
2617 3710 2686 3765 9".
2717 3709 2855 3765 Cum
2889 3717 2972 3763 tot
3000 3707 3175 3779 igitur
3206 3709 3349 3762 bona
3383 3721 3578 3775 exspe-

2000 3812 2307 3868 ctarentur,
2344 3819 2427 3858 ac-
2452 3814 2559 3857 tam
2591 3803 2742 3856 clara
2797 3817 2924 3872 spes
2965 3801 3124 3856 nobis
3161 3817 3254 3870 per
3283 3800 3581 3855 salutarem

2001 3910 2224 3950 crucem
2277 3911 2476 3950 rursus
2508 3894 2865 3959 excitaretur,
2901 3893 3179 3963 quomodo
3214 3907 3442 3946 necesse
3475 3907 3581 3943 non

2001 3996 2118 4044 erat
2148 3996 2208 4042 ut
2235 3987 2328 4058 qui
2363 3997 2611 4043 nostram
2645 3987 2881 4040 salutem
2914 3983 3200 4055 tantopere
3235 3983 3585 4054 optabat,at-

2000 4099 2106 4153 que
2129 4096 2250 4136 eam
2269 4082 2340 4136 ob
2364 4096 2475 4137 rem
2507 4080 2689 4135 factus
2716 4087 2834 4134 erat
2859 4078 3028 4132 homo
3051 4077 3212 4133 sicuti
3236 4091 3357 4143 nos,
3379 4076 3586 4145 absque

2000 4180 2251 4244 peccato,
2285 4173 2694 4242 optatissimum
2745 4171 2852 4225 hoc
2885 4180 3102 4240 tempus
3143 4166 3332 4221 videre
3390 4181 3585 4235 percu-

2003 4268 2192 4338 peret‘?
2231 4265 2337 4332 Qui
2383 4281 2514 4320 vero
2572 4281 2803 4320 necesse
2856 4280 2966 4316 non
3018 4270 3140 4317 erat
3193 4269 3253 4315 ut
3307 4260 3401 4330 qui
3458 4261 3586 4312 mali

2006 4357 2145 4410 nihil
2177 4363 2431 4417 noverat,
2474 4353 2763 4408 diabolica:
2812 4353 3074 4422 nequitiae
3105 4351 3420 4406 molitiones
3455 4364 3586 4403 con-

311 4452 409 4503 καὶ
436 4449 750 4517 ἀνοίγεσθαι
793 4449 889 4518 μὲν
925 4445 1210 4516 οὐρανοὺς,
1238 4445 1378 4498 κατά
1405 4443 1503 4514 τὴν
1527 4443 1621 4496 τοῦ
1654 4444 1894 4515 Σωτῆρος

2009 4457 2298 4511 temneret,
2321 4457 2374 4502 et
2400 4448 2465 4501 ad
2494 4455 2604 4500 tam
2640 4447 2802 4500 clarae
2828 4443 3148 4500 festivitatis
3179 4442 3586 4514 Optatissimum

315 4545 506 4613 φωνήν
530 4560 544 4574 ·
587 4542 656 4594 τὰ
683 4542 739 4594 δὲ
765 4541 873 4594 τῶν
909 4540 1080 4606 ἁγίων
1112 4537 1359 4606 ἀγγέλων
1385 4537 1644 4606 τάγματα
1677 4536 1903 4589 ἀναϐαί-

315 4655 448 4696 νειν,
500 4636 594 4687 καὶ
635 4635 985 4688 καταϐαίνειν
1023 4637 1114 4688 ἐπὶ
1146 4636 1238 4688 τὸν
1280 4636 1410 4688 Υἱὸν
1450 4636 1543 4689 τοῦ
1590 4635 1899 4708 ἀνθρώπου.

316 4722 453 4778 Εἶτα
500 4723 790 4788 τοσούτων,
843 4725 966 4778 είπέ
1015 4743 1124 4795 μοι,
1161 4725 1628 4796 προσδοκωμένων
1659 4727 1901 4794 ἀγαθῶν,

317 4819 412 4870 καὶ
445 4818 708 4888 λαμπρᾶς
739 4817 908 4880 οὕτως
943 4818 1156 4881 ἐλπίδος
1200 4819 1631 4888 ἁνατικτομὲνης
1660 4821 1794 4889 ἡμῖν
1819 4819 1906 4872 διὰ

316 4909 413 4962 τοῦ
442 4909 710 4981 σωτηρίου
740 4908 974 4981 σταυροῦ
1001 4925 1013 4937 °
1033 4909 1164 4974 ,πῶς
1196 4909 1295 4962 οὐκ
1321 4908 1426 4962 ἔδει
1456 4910 1547 4962 τὸν
1580 4910 1678 4980 τὴν
1708 4912 1906 4980 ἡμετέ-

325 5022 426 5074 ραν
467 5004 782 5074 διψήσαντα.
825 5003 1120 5074 σωτηρίαν,
1171 5003 1260 5058 διά
1305 5021 1365 5056 τε
1398 5003 1559 5057 τοῦτο
1603 5004 1724 5058 καθ’
1761 5007 1906 5075 ἡμᾶς

323 5096 583 5163 γεγονότα
609 5096 776 5165 χωρὶς
801 5094 1096 5166 ἁμαρτίας,
1129 5093 1219 5146 τὸν
1240 5092 1384 5146 οὕτω
1411 5091 1735 5163 τριπόθητον
1761 5095 1881 5146 ἐπεί
1891 5124 1910 5134 -

323 5189 518 5257 γεσθαι
564 5188 782 5257 βλέπειν
832 5187 946 5257 ἤδη
988 5186 1228 5259 παρόντα
1274 5185 1497 5256 καιρόν;
1551 5185 1677 5249 Πῶς
1711 5185 1769 5238 δέ
1810 5188 1910 5242 οὐκ

326 5278 496 5349 ἐχρῆν
545 5279 638 5331 τὸν
686 5278 838 5330 οὐδὲν
899 5278 1077 5331 εἰδότα
1137 5278 1306 5331 κακὸν
1353 5279 1765 5348 καταφρονῆσαι
1812 5281 1910 5348 μὲν

325 5371 437 5423 τῶν
470 5371 534 5422 ἐκ
565 5369 878 5439 διαϐολικῆς
911 5369 1246 5440 κακουργίας
1285 5368 1723 5437 ἐσκευασμένων,
1760 5370 1912 5421 ἐπεί-

328 5463 524 5530 γεσθαι
575 5463 632 5514 δὲ
669 5462 870 5530 μᾶλλον
913 5454 1087 5514 ἐλθεῖν
1130 5464 1210 5524 είς
1249 5461 1340 5514 τὸν
1368 5459 1691 5531 τριπόθητον
1723 5461 1914 5531 καιρὸν

329 5558 427 5628 τῆς
454 5554 598 5609 οὕτω
625 5555 887 5628 λαμπρᾶς
913 5555 1104 5626 ἑορτῆς
1128 5571 1142 5620 ;
1185 5555 1298 5608 Οὐκ
1338 5553 1498 5607 εἰδότι
1526 5554 1812 5625 τοιγαροῦν
1837 5556 1914 5625 τῷ

2007 4555 2226 4614 tempus
2277 4541 2636 4613 prOperaret?
2682 4537 2962 4609 lgnoranti
3021 4552 3154 4606 ergo
3210 4536 3430 4590 Satanae
3485 4534 3588 4588 sibi

2007 4637 2214 4691 bellum
2283 4635 2488 4705 parari,
2545 4633 2925 4700 nescientique
2996 4644 3228 4698 prorsus
3280 4629 3589 4698 patibulum

2007 4728 2190 4784 crucis
2214 4727 2477 4784 struendo
2506 4725 2639 4779 dare
2663 4724 2906 4792 seipsum
2946 4721 3304 4791 praecipitem,
3331 4720 3593 4778 Servator

1973 4819 2189 4876 aiebat
2227 4843 2239 4873 ε
2283 4834 2302 4868 ι
2337 4815 2494 4883 Quod
2549 4815 2707 4878 facis,
2747 4813 2833 4867 fac
2881 4813 3071 4868 citius.
3113 4832 3130 4863 ι
3180 4812 3594 4869 ΙῃιθινηίηθηιῙδ

2009 4912 2154 4966 enim
2210 4908 2395 4979 potius
2435 4923 2598 4977 quam
2653 4904 2998 4959 adhortantis
3043 4913 3128 4959 est
3173 4906 3368 4960 oratio.
3396 4905 3593 4972 Quem-

2011 5000 2330 5066 admodum,
2372 5000 2518 5055 enim
2574 4999 2619 5054 si
2689 4999 2812 5066 quis
2867 4997 3086 5066 juvenis
3134 4997 3333 5069 insigni
3399 4998 3596 5051 robore

2011 5095 2274 5166 praaditus
2324 5095 2628 5148 irruentem
2673 5105 2873 5161 magno
2924 5090 3132 5161 impetu
3186 5089 3480 5160 quemdam
3518 5090 3598 5144 vi-

2013 5189 2180 5252 derit,
2221 5196 2278 5244 et
2323 5196 2483 5242 acuta
2529 5184 2709 5241 securi
2752 5184 2961 5238 dextra:
2991 5191 3200 5253 aptata,
3234 5196 3444 5252 gnarus
3478 5196 3506 5234 a
3539 5195 3600 5237 se

2014 5281 2364 5336 interfectum
2382 5279 2447 5332 iri
2466 5275 2869 5341 adversarium,
2889 5274 3182 5341 exclamet,
3210 5291 3227 5324 ι
3261 5271 3417 5337 Quod
3437 5270 3595 5334 facis,

2016 5371 2103 5426 fac
2132 5370 2336 5435 icitius,
2377 5388 2395 5421 ι
2436 5367 2719 5438 experiere
2757 5367 2903 5422 enim
2946 5365 3153 5420 dextrae
3202 5379 3339 5420 mea:
3388 5364 3595 5425 robur,

2018 5479 2180 5519 nemo
2215 5471 2362 5519 certe
2393 5462 2594 5516 dixerit
2624 5477 2813 5517 vocem
2845 5460 2986 5514 hanc
3015 5473 3139 5513 esse
3171 5456 3307 5512 mori
3335 5454 3596 5515 volentis.

2021 5556 2115 5612 sed
2147 5555 2489 5614 oraescientis
2545 5555 2725 5612 notius
2767 5554 2832 5610 de
2867 5549 3186 5608 adversaria
3209 5547 3499 5606 ’ἐπιθήσω
3533 5561 3600 5618 se

403 5743 454 5774 "
489 5739 625 5796 Gen.
670 5755 770 5798 ut.
805 5739 888 5796 l9.
970 5739 1014 5771 ²³
1055 5738 1202 5796 Psal.
1237 5755 1352 5805 cn,
1391 5740 1474 5795 42.
1555 5738 1596 5770 9"
1637 5735 1792 5792 Joan.
1836 5752 1883 5802 ι,
1921 5733 2007 5790 51,
