3894 6200
355 297 454 352 N7

1354 296 1411 351 s.
1447 254 1734 354 crmLu
1773 300 2249 356 ALEXANDRINI
2280 297 2604 356 ARCHIEP.

3523 285 3629 354 Ns

350 416 763 482 reportaturum
798 430 811 465 :
846 412 921 466 ita
959 411 1226 468 Dominus
1259 422 1450 470 uoster
1478 413 1640 472 Jesus
1669 417 1921 472 Christ-us

2035 417 2272 488 Σατανᾷ,
2327 417 2410 470 ὅτι
2437 417 2536 486 τῆς
2581 412 2781 468 ἑαυτοῦ
2817 410 3318 483 καταστρατεύεται
3361 411 3626 484 κεφαλῆς,

351 500 687 556 contendere
721 516 888 556 cursu
921 501 1329 572 quodammodo
1373 503 1534 572 jubet
1567 504 1828 560 Satanam
1862 505 1931 560 ad

351 591 627 650 nefarium
681 610 844 650 suum
901 594 1141 650 facinus.
1173 594 1294 650 Jam
1327 595 1478 652 enim
1525 597 1727 652 eiliciet
1766 608 1827 653 ut
1853 600 1931 654 vi-

351 685 548 742 deatur
593 687 648 742 in
705 703 955 759 praeceps
997 687 1162 744 datus
1219 688 1508 745 hominum
1564 674 1842 763 perditor,
1878 702 1934 749 et

349 778 504 834 orbis
532 788 803 834 terrarum
833 781 1052 851 tyranni
1082 781 1232 837 illius
1262 795 1328 837 ac
1349 781 1579 839 victoris
1607 784 1932 855 impotentia

351 871 644 939 liberetur,
672 888 835 942 quem
879 872 1074 929 fraude
1116 889 1218 930 sua
1242 875 1544 945 oppressit,
1567 886 1627 932 ut
1656 887 1711 932 et
1737 893 1768 932 a
1801 893 1932 933 vera

350 965 406 1018 in
441 963 615 1019 Deum
671 965 779 1020 ﬁde
817 976 1094 1021 avocaret.
1128 967 1389 1038 Ignorant
1445 984 1614 1039 porro
1671 970 1930 1040 discipuli

351 1057 455 1110 vim
488 1058 783 1120 sermonis.
812 1073 926 1113 non
958 1059 1078 1114 sine
1107 1061 1310 1126 divina,
1345 1067 1404 1115 ut
1428 1062 1668 1130 videtur,
1705 1065 1931 1119 ordina-

349 1150 497 1203 tione
548 1148 781 1204 Christo.
826 1149 971 1205 banc
1020 1151 1136 1208 illis
1188 1166 1300 1206 non
1367 1153 1834 1208 revelanteznam
1879 1164 1935 1211 et

349 1240 477 1294 nlibi
513 1249 947 1311 praemonstrare
980 1243 1201 1299 videtur
1232 1260 1293 1300 se
1317 1246 1587 1300 traditum
1618 1247 1688 1302 iri
1725 1247 1782 1302 in
1816 1264 1935 1302 ma-

351 1347 453 1385 nus
490 1343 874 1402 peecatorum,
889 1343 944 1390 et
967 1335 1403 1407 cruciﬁgendum
1441 1352 1525 1401 se,
1559 1344 1726 1406 atque
1754 1338 1935 1393 inter-

351 1423 670 1489 ﬁciendum,
701 1426 901 1498 dieque
941 1427 1105 1482 tertia
1144 1435 1590 1484 resurrecturum
1619 1429 1703 1495 ’5;
1739 1444 1934 1484 verum

353 1517 679 1587 praecipiens
710 1521 820 1576 illis
872 1521 950 1576 uti
1006 1523 1212 1578 nemini
1246 1537 1480 1593 prorsus
1516 1521 1634 1592 hinc
1663 1521 1930 1578 dicerent.

350 1610 510 1682 742
544 1611 858 1684 Principem
889 1615 1090 1684 quippe
1117 1614 1304 1670 saeculi
1353 1613 1520 1683 hujus
1567 1613 1746 1668 celare
1776 1628 1931 1668 suam

350 1714 603 1760 naturam
645 1708 748 1762 sibi
802 1717 1188 1788 proposuerat,
1215 1715 1277 1762 ut
1309 1715 1365 1762 et
1396 1707 1616 1764 veniens
1645 1707 1928 1777 cruciﬁge-

2035 510 2366 581 άγνοήσαντί
2415 526 2475 562 τε
2525 507 2827 572 παντελῶς,
2862 508 2944 560 ὅτι
2976 505 3124 560 κατά
3147 502 3395 576 κρημνοῦ
3419 503 3625 574 τρέχει,

2034 604 2128 658 τὸν
2166 603 2260 656 ἐπὶ
2294 601 2388 655 τοῦ
2435 601 2670 670 σταυροῦ
2707 599 2974 674 διαπήξας
3017 599 3281 664 θάνατον,
3335 599 3572 666 ἔφασκεν
3598 599 3629 652 ὁ

2036 695 2228 766 Σωτήρ
2255 711 2270 726 ο
2313 713 2332 746 ι
2360 695 2425 748 Ὃ
2454 697 2650 759 ποιεῖς,
2693 693 2920 765 ποίησον
2947 692 3156 762 τάχιον.
3188 709 3206 742 ι
3252 690 3628 754 Ἀπειλοῦντος

2034 789 2146 860 γὰρ
2177 787 2374 858 μᾶλλον
2403 787 2438 857 ἢ
2487 786 2888 857 προτρέποντος
2928 787 2958 838 ό
3006 783 3166 852 λόγος
3211 781 3380 836 ἐστίν.
3415 782 3629 852 Ὥσπερ

2035 879 2144 950 γάρ
2187 879 2404 942 νεανίας
2450 879 2558 949 πρὸ
2595 879 2756 951 ἥϐης,
2808 878 2904 932 καὶ
2940 877 3126 941 καλὸς,
3166 877 3264 930 καὶ
3306 873 3629 946 σφριγῶσαν

2035 973 2175 1042 ἔχων
2221 973 2278 1024 ὲν
2323 970 2401 1042 τῷ
2454 971 2667 1040 σώματι
2711 969 2960 1041 δύναμιν,
3007 968 3151 1038 ὁρῶν
3197 967 3296 1037 μὲν
3326 966 3413 1033 ἐφ’
3446 963 3630 1035 ἑαυτῷ

2034 1063 2292 1135 δρομαῖον
2322 1062 2470 1116 ίόντα
2491 1061 2631 1125 τινά,
2659 1061 2772 1126 ὀξεῖ
2796 1061 2853 1114 δὲ
2887 1059 3233 1128 πελέκειτὴν
3258 1055 3438 1122 δεξιάν
3467 1055 3630 1124 ἐναρ-

2039 1155 2231 1226 μόσας,
2283 1154 2377 1208 καὶ
2455 1151 2612 1217 εἰδὼς
2671 1153 2755 1206 ὅτι
2811 1151 3121 1222 τεθνήξεται
3173 1151 3390 1212 πάντως
3435 1145 3628 1214 ἐλθὼν,

2037 1246 2438 1316 άναφθέγγοιτο
2481 1246 2663 1316 τυχὸν,
2719 1247 2787 1299 ⁸0
2817 1247 3018 1309 ποιεῖς,
3061 1245 3203 1297 ποίει
3231 1243 3418 1312 τάχιον
3443 1258 3459 1272 ·
3507 1239 3629 1310 ὄψει

2035 1339 2146 1411 γάρ
2173 1339 2276 1410 τῆς
2327 1339 2468 1409 ἐμῆς
2501 1337 2682 1403 δεξιάς
2707 1337 2808 1409 τὴν
2842 1338 3074 1409 δύναμιν
3099 1353 3116 1368 ο
3163 1337 3261 1390 καὶ
3293 1335 3354 1388 οὐ
3403 1334 3468 1405 δή
3523 1351 3626 1387 που

2035 1431 2292 1486 τεθνᾶναι
2324 1431 2717 1496 σπουδάζοντος
2759 1417 2875 1502 ὲρεῖ
2901 1447 2986 1493 τις
3010 1429 3073 1482 τὸ
3104 1430 3276 1500 ῥῆμα,
3317 1425 3630 1498 προειδότος

2035 1523 2093 1577 δὲ
2129 1523 2330 1595 μᾶλλον
2377 1525 2459 1578 ὅτι
2507 1524 2743 1595 νικήσει,
2792 1523 2888 1577 καὶ
2936 1523 3224 1594 περιέσται
3276 1520 3370 1574 τοῦ
3421 1517 3629 1572 κακοῦν

2035 1615 2313 1679 ἐθέλοντος
2363 1615 2564 1670 αὐτόν·
2610 1615 2782 1680 οὕτως
2834 1617 2864 1668 ό
2905 1615 3109 1687 Κύριος
3163 1613 3322 1685 ἡμῶν
3360 1611 3568 1684 Ἰησοῦς
3600 1612 3630 1664 ὁ

2036 1708 2301 1779 Χριστὸς,
2356 1706 2596 1778 ὀξυτέρῳ
2639 1707 2842 1778 τρόπον
2888 1707 3011 1761 τινὰ
3063 1705 3366 1777 κεχρῆσθαι
3412 1703 3628 1759 κελεύει

350 1809 523 1861 retur,
574 1809 628 1854 et
684 1801 738 1854 in
784 1783 1005 1856 crucem
1067 1809 1225 1855 actus
1265 1809 1500 1855 mortem
1546 1807 1840 1866 everteret,
1879 1809 1921 1854 et

2033 1798 2220 1869 δρόμῳ
2262 1797 2356 1850 τὸν
2407 1798 2652 1852 Σατανᾶν
2699 1798 2781 1861 είς
2831 1796 2903 1850 τὰ
2950 1798 3037 1850 ἐπ’
3083 1796 3232 1865 αὺτῷ
3278 1795 3627 1866 τολμήματα.

347 1890 702 1948 credentibus
757 1893 812 1947 in
868 1909 994 1948 eum
1047 1895 1282 1948 salutem
1341 1893 1650 1963 perliceret.
1681 1891 1934 1946 Occulta;

347 1981 518 2052 igitur
548 1984 818 2054 singulari
847 2000 911 2040 ac
949 1985 1140 2040 divino
1170 1985 1404 2041 consilio
1438 1985 1706 2055 pleraque
1741 1997 1929 2038 eorum

345 2089 467 2140 qua:
494 2075 774 2131 dicuntur.
807 2075 1030 2133 Sciebat
1082 2079 1254 2143 enim,
1291 2085 1349 2131 ut
1381 2076 1549 2143 Deus,
1587 2065 1923 2148 quaecunqut

345 2167 745 2225 conducerent.
1265 2153 1267 2155 ι

2032 1891 2207 1958 Δείξει
2255 1891 2364 1960 γὰρ
2407 1890 2510 1961 ήδη
2569 1890 2806 1942 πεσόντα
2857 1888 3122 1957 γελᾶσθαι
3179 1887 3271 1941 τὸν
3324 1885 3625 1958 ἀλιτήριον,

2030 1983 2324 2054 ἐλευθέραν
2356 2000 2417 2035 τε
2452 1983 2554 2054 τὴν
2578 1979 2904 2052 οἰκουμένην
2938 1980 3064 2034 ἰδεῖν
3091 1979 3187 2033 τοῦ
3217 1978 3388 2032 πάλαι
3418 1977 3625 2048 κρατή-

2031 2093 2226 2139 σαντος
2249 2065 2314 2129 ἐκ
2343 2073 2658 2139 πλεονεξίας
2688 2073 2782 2128 καὶ
2804 2072 3172 2142 νενικηκότος,
3199 2072 3274 2134 ὡς
3294 2070 3353 2136 έξ
3382 2071 3622 2140 ἀπάτης,

2026 2167 2102 2232 ὡς
2128 2169 2223 2222 καὶ
2265 2169 2365 2236 τῆς
2410 2167 2489 2230 είς
2522 2165 2655 2220 Θεὸν
2687 2164 2998 2235 ἀποστῆσαι
3030 2162 3287 2228 πίστεως.
3329 2159 3618 2230 Ἀγνοοῦσε

343 2273 408 2323 γε
454 2258 560 2330 μὴν
594 2262 644 2314 οἱ
719 2263 959 2335 μαθηταὶ
1028 2266 1124 2318 τοῦ
1172 2265 1332 2334 λόγου
1377 2263 1478 2336 τὴν
1555 2265 1806 2336 δύναμιν,
1852 2261 2247 2333 οἰκονομικῶς,
2296 2261 2372 2325 ὡς
2421 2261 2591 2325 εἰκὸς,
2638 2259 2739 2314 οὐκ
2788 2257 3238 2329 ἀποκαλύψαντος
3295 2258 3476 2320 αὐτοῖς
3527 2253 3625 2309 τοῦ

344 2350 601 2419 Χριστοῦ,
637 2357 760 2408 ἐπεὶ
794 2357 885 2410 καὶ
919 2359 976 2410 ὲν
1011 2357 1222 2426 έτέροις
1251 2347 1503 2428 φαίνεταί
1551 2342 1924 2428 προδιδάσκων
1966 2356 2084 2426 μὲν,
2119 2355 2201 2407 ὅτι
2248 2352 2688 2425 παραδοθήσεται
2733 2354 2813 2417 είς
2878 2354 3066 2424 χεῖρας
3099 2350 3463 2424 ἁμαρτωλῶν,
3524 2349 3624 2421 καὶ

343 2443 425 2494 ὅτι
454 2449 923 2518 σταυρωθήσεται,
947 2450 1040 2502 καὶ
1060 2450 1555 2520 άποκτανθήσεται,
1577 2451 1672 2502 καὶ
1696 2449 2058 2520 ἀναστήσεται
2089 2448 2154 2516 τῇ
2183 2445 2368 2517 ήμέρᾳ
2394 2447 2458 2516 τῇ
2521 2445 2680 2516 τρίτῃ
2706 2460 2739 2492 ο.
2791 2443 3257 2515 παρεγγυώμενος
3291 2443 3348 2496 δὲ
3418 2440 3612 2512 μηδενὶ

342 2539 404 2589 τὸ
441 2542 701 2610 παράπαν
729 2543 956 2596 τοιαῦτα
985 2543 1186 2596 λαλεῖν.
1225 2544 1432 2607 Σκοπὸς
1470 2543 1578 2613 γάρ
1602 2537 1672 2612 ἦν
1743 2539 1890 2609 αὐτῷ
1955 2537 2138 2590 λαθεῖν
2176 2537 2266 2590 τὸν
2312 2536 2549 2607 ἄρχοντα
2600 2533 2696 2588 τοῦ
2743 2535 2939 2598 αἰῶνος
2983 2534 3216 2600 τούτου,
3268 2534 3354 2597 τίς
3403 2531 3624 2602 άληθῶς

343 2629 485 2700 κατά
539 2633 700 2700 φύσιν
751 2634 920 2698 ἐστὶν,
972 2633 1057 2685 ἵνα
1110 2632 1205 2685 καὶ
1254 2631 1425 2684 ἐλθὼν
1478 2630 1789 2702 σταυρωθῇ,
1835 2627 1931 2682 καὶ
1969 2626 2308 2696 σταυρωθεὶς
2369 2626 2534 2697 ἀνέλῃ
2578 2625 2670 2678 τὸν
2717 2625 2966 2687 θάνατον,
3016 2626 3112 2677 καὶ
3151 2627 3266 2688 τοῖς
3309 2626 3390 2687 είς
3458 2624 3624 2678 αὑτὸν

343 2723 658 2776 πιστεύουσι
710 2723 1035 2797 κατορθώσῃ
1079 2724 1178 2795 τὴν
1226 2724 1520 2795 σωτηρίαν.
1553 2722 1947 2794 Κατακρύπτει
1987 2717 2274 2790 τοιγαροῦν
2337 2720 2694 2790 οἰκονομικῶς
2731 2719 2800 2772 τὰ
2845 2718 3074 2788 πλεῖστα
3120 2719 3228 2791 τῶν
3286 2719 3622 2795 λεγομένων.

345 2821 527 2873 Πάντα
565 2820 672 2888 γὰρ
706 2814 863 2881 οἶδεν,
893 2819 969 2879 ὡς
1003 2817 1154 2878 Θεὸς,
1183 2817 1254 2869 τά
1282 2817 1654 2888 συμφέροντα.

414 2911 554 2974 Xlll,
581 2911 675 2966 29.
704 2909 930 2974 Quidam
954 2912 1092 2965 enim
1129 2911 1410 2979 putabant,
1439 2913 1565 2980 quia
1597 2912 1798 2966 (oculos
1833 2909 1903 2963 ha

343 3003 516 3062 brbat,
558 3000 696 3072 quod
745 3000 969 3054 dixisset
1015 3001 1062 3053 ei
1099 2999 1307 3055 Jesus:
1347 2999 1474 3054 Eme
1523 3017 1587 3055 ea
1626 3018 1743 3072 qua:
1793 2987 1923 3068 opus

341 3106 462 3152 sunt
496 3095 645 3149 nobis
698 3095 768 3148 ad
813 3095 950 3148 diem
989 3095 1183 3163 festum
1219 3111 1238 3147 :
1266 3104 1357 3148 aut
1394 3099 1570 3166 egenis
1618 3105 1674 3149 ut
1715 3093 1920 3165 aliquid

339 3190 516 3240 daret.

2105 2905 2269 2971 Τινὲς
2300 2903 2369 2958 δὲ
2398 2904 2676 2968 ἐδόκουν,
2709 2904 2850 2960 ἐπεὶ
2875 2907 2945 2961 τὸ
2980 2907 3424 2975 γλωσσόκομον
3455 2901 3625 2976 εἶχεν

2031 2999 2064 3050 ό
2109 2996 2358 3062 Ἰούδας,
2382 2996 2470 3050 ὅτι
2497 2992 2668 3050 εἶπεν
2690 2996 2853 3062 αὐτῷ
2883 2999 2915 3050 ὁ
2957 2995 3198 3064 Ἰησοῦς
3221 3012 3233 3024 ·
3288 2995 3625 3070 Ἀγόρασον

2027 3081 2116 3142 ὦν
2139 3089 2349 3158 χρείαν
2377 3086 2602 3156 ἔχομεν
2643 3089 2732 3155 εἰς
2781 3087 2898 3142 τὴν
2929 3087 3184 3158 ἑορτὴν,
3218 3089 3256 3159 ἢ
3298 3091 3424 3159 τοῖς
3453 3107 3615 3165 πτωτ-

2031 3181 2166 3252 χοῒς
2197 3182 2298 3235 ἵνα
2325 3198 2382 3234 τι
2411 3180 2514 3246 δῷ.

409 3278 545 3331 Cum
577 3292 687 3332 non
723 3278 1092 3348 intelligerent
1125 3277 1387 3348 discipuli
1419 3279 1552 3349 quid
1582 3277 1689 3333 sibi
1720 3279 1921 3333 vellent

2099 3274 2197 3357 Οὐ.
2217 3273 2493 3338 συνιέντες
2525 3275 2575 3328 oi
2621 3273 2862 3347 μαθηταὶ
2907 3274 3004 3329 τοῦ
3039 3275 3199 3346 λόγου
3235 3277 3335 3348 τὴν
3363 3278 3618 3350 δύναμιν,

343 3369 508 3432 verba
552 3366 890 3434 Servatoris,
916 3368 982 3424 ad
1022 3369 1322 3425 faitniliares
1355 3376 1409 3424 et
1439 3370 1690 3439 vulgatae
1737 3369 1920 3437 suspi-

341 3462 530 3522 ciones
578 3470 866 3527 vertuntur
898 3463 1070 3527 illico,
1098 3469 1153 3517 et
1193 3478 1318 3533 qua:
1354 3461 1616 3516 Servator
1656 3461 1924 3529 imperare

341 3555 722 3624 solebat,.htec
769 3572 966 3612 rursus
997 3572 1122 3612 eum
1160 3555 1406 3609 indicare
1439 3554 1784 3608 existimant.
1825 3549 1923 3605 Die

340 3661 577 3715 namque
619 3645 762 3700 festo
798 3645 1120 3720 imminente
1155 3642 1512 3709 crediderunt
1539 3641 1590 3695 ei
1630 3639 1726 3710 qui
1770 3653 1922 3692 uiar-

341 3737 560 3807 supium
612 3737 852 3794 habebat
905 3736 1223 3792 mandatum
1268 3742 1330 3790 ut
1383 3732 1637 3790 nonnihil
1688 3739 1918 3795 emeret,

341 3830 486 3898 quod
515 3831 581 3882 ad
615 3828 812 3885 festum
841 3837 989 3885 esset
1020 3828 1280 3884 idoneum
1314 3844 1326 3879 :
1358 3835 1454 3880 aut
1486 3835 1656 3889 certe,
1689 3823 1835 3894 quod
1869 3823 1919 3877 ei

341 3935 550 3991 magna:
596 3919 868 3994 imprimis
896 3934 1044 3976 cura:
1078 3927 1218 3984 erat,
1261 3917 1591 3988 imperatum
1635 3924 1692 3969 ut
1730 3915 1920 3998 egenis

339 4026 406 4074 ex
443 4009 642 4065 oblatis
681 4009 846 4065 rebus
890 4025 991 4079 pro
1035 4024 1225 4065 earum
1257 4007 1708 4064 subministraret
1756 4007 1920 4060 modo

340 4101 676 4156 necessaria.
708 4103 894 4157 Bonus
921 4101 1065 4157 enim
1096 4116 1160 4168 ac
1191 4100 1510 4156 misericors
1544 4098 1832 4162 Dominus.
1862 4104 1920 4150 ιιι

341 4195 612 4264 scriptum
643 4203 727 4249 est
763 4194 829 4248 ".
856 4193 1192 4248 Prmclarum
1231 4206 1361 4246 vero
1388 4191 1556 4246 nobis.
1581 4190 1748 4245 etiam
1781 4190 1918 4260 ipsis

337 4287 650 4357 exemplum
691 4286 820 4340 hinc
876 4287 1220 4355 proponitur.
1259 4282 1528 4353 Oportere
1580 4283 1784 4351 quippe
1831 4297 1920 4334 ar-

339 4377 512 4430 bitror
551 4386 611 4430 ut
640 4377 733 4447 qui
781 4393 919 4447 pure
965 4384 1019 4432 et
1060 4377 1216 4447 juxta
1259 4376 1353 4431 Dei
1405 4377 1665 4448 placitum
1714 4377 1916 4432 festum

336 4469 480 4522 diem
499 4486 661 4539 agere
680 4452 902 4532 volunt,
924 4485 1032 4524 non
1062 4471 1241 4524 solum
1275 4470 1477 4525 laetitia:
1508 4485 1623 4526 suae
1643 4471 1916 4524 rationem

339 4561 596 4625 habeant,
636 4577 812 4630 neque
845 4561 1166 4630 provideant
1193 4561 1472 4631 quomodo
1507 4561 1611 4616 soli
1649 4561 1751 4631 ipsi
1790 4576 1915 4616 cum

2025 3366 2119 3419 ἐπὶ
2149 3365 2248 3430 τὰς
2295 3366 2550 3438 συνήθεις
2595 3367 2856 3430 ὑπονοίας
2896 3367 3286 3440 εὐπετέστερον
3331 3369 3617 3441 τρέχουσι,

2025 3459 2120 3512 καὶ
2157 3459 2302 3530 άπερ
2355 3454 2424 3529 ἦν
2463 3457 2584 3522 ἔθος
2619 3457 2699 3528 τῷ
2750 3459 2964 3530 Σωτῆρι
2994 3463 3390 3529 προστάττειν,
3439 3461 3618 3517 ταῦτα

2024 3551 2189 3604 πάλιν
2225 3551 2388 3604 αὐτὸν
2417 3550 2622 3604 οἴονται
2653 3551 2869 3618 δηλοῦν.
2924 3553 3122 3621 Ἐγγὺς
3147 3555 3256 3625 γάρ
3298 3554 3468 3625 οὔσης
3510 3557 3617 3627 τῆς

2025 3641 2240 3712 ἑορτῆς,
2285 3641 2699 3711 προσεδόκησάν
2743 3641 2926 3696 τιτῶν
2958 3644 3039 3706 είς
3077 3643 3250 3715 αὐτὴν
3292 3645 3617 3714 ἐπιτηδείων

2025 3733 2357 3806 ὲκπρίασθαι
2401 3734 2644 3788 κελεύειν
2688 3735 2839 3808 αύτῷ
2867 3734 2946 3806 τῷ
2979 3736 3367 3808 γλωσσόκομον
3410 3738 3615 3808 ἔχοντι,

2024 3826 2195 3895 ἤγουν
2244 3827 2481 3897 μάλιστα
2531 3826 2594 3880 τὸ
2631 3827 2781 3898 αὐτῷ
2833 3829 3307 3900 περισπούδαστον
3356 3830 3615 3895 ἐξανύσαι

2026 3918 2404 3988 προστάττειν,
2439 3919 2585 3972 τοῦτ’
2607 3917 2744 3982 ἔστι,
2771 3918 2841 3973 τά
2865 3923 2980 3984 τοῖς
3003 3920 3280 3991 δεομένοις
3305 3924 3614 3994 ἐπαρκέσαι

2023 4007 2319 4079 δυνάμενα,
2348 4010 2492 4064 κατά
2523 4026 2587 4078 γε
2611 4010 2672 4063 τὸ
2696 4011 2809 4064 τῶν
2838 4011 3363 4083 προσκομιζομένων
3387 4017 3609 4084 μέτρον.

2022 4101 2274 4172 Χρηστὸς
2317 4103 2426 4173 γάρ
2465 4102 2561 4156 καὶ
2611 4102 2860 4172 ἐλεήμων
2887 4105 2915 4156 ό
2945 4103 3190 4175 Κύριος,
3236 4105 3376 4159 κατά
3418 4105 3477 4159 τὸ
3511 4123 3612 4174 γει

2021 4193 2360 4265 γραμμένον.
2414 4195 2670 4264 ’Ἄριστος
2697 4194 2755 4248 δὲ
2794 4195 3002 4268 σφόδρα
3053 4195 3149 4249 καὶ
3189 4197 3322 4266 ἡμῖν
3359 4197 3546 4260 αὐτοῖς
3579 4201 3612 4252 ὁ

2020 4285 2114 4338 τοῦ
2172 4285 2501 4358 πράγματος
2548 4286 2908 4357 εὑρεθήσεται
2979 4287 3169 4351 τύπος.
3229 4290 3442 4360 Χρῆναι
3495 4290 3610 4359 γάρ

2019 4373 2175 4448 οἶμαι
2214 4380 2342 4442 τοὺς
2387 4378 2669 4448 ἑορτάζειν
2718 4378 3036 4443 ἐθέλοντας,
3098 4380 3360 4452 καθαρῶς
3403 4399 3464 4434 τε
3510 4387 3610 4436 καὶ

2022 4469 2364 4540 ἀρεσκόντως
2397 4470 2536 4541 Θεῷ,
2571 4471 2692 4540 οὐχὶ
2723 4471 2892 4541 μόνης
2917 4475 3016 4542 τῆς
3055 4472 3206 4541 σφῶν
3237 4473 3417 4526 αὐτῶν
3450 4473 3612 4525 εὐθυ-

2026 4560 2155 4631 μίας
2193 4561 2462 4616 ποιεῖσθαι
2505 4562 2682 4631 λόγον,
2710 4563 2833 4616 οὐδὲ
2861 4564 3010 4627 ὅπως
3041 4564 3108 4618 ἂν
3138 4567 3293 4619 αὐτοὶ
3328 4568 3422 4620 καὶ
3451 4567 3604 4634 μόνοι

335 4647 616 4700 hilaritate
647 4664 772 4701 eum
805 4659 1090 4719 peragant,
1118 4649 1216 4706 sed
1254 4650 1320 4704 ad
1352 4665 1543 4704 curam
1570 4649 1726 4705 suam
1757 4651 1918 4705 mise-

2028 4652 2312 4707 διατελοῖεν
2346 4653 2548 4725 ἱλαρῶς
2581 4656 2850 4725 προνοεῖν,
2902 4657 3329 4710 συναναπλέκειν
3365 4658 3421 4711 δὲ
3463 4657 3597 4728 μᾶλ-

339 4741 635 4794 ricordiam
661 4742 714 4808 in
743 4758 945 4811 egenos
971 4743 1297 4814 adjungant.
1320 4742 1474 4797 Tunc
1502 4745 1645 4798 enim
1677 4744 1916 4798 aliorum

337 4847 466 4904 erga
500 4831 639 4887 alios
671 4833 986 4889 dilectionis
1031 4836 1205 4904 legem
1238 4835 1550 4904 implentes,
1589 4831 1792 4891 festum
1829 4851 1916 4890 re-

337 4943 466 4981 vera
518 4927 765 4996 spiritale
821 4927 1105 4984 Scrvatori
1153 4929 1380 4985 Christo
1427 4944 1773 4999 peragetnus.
1827 4927 1917 4981 lil-

335 5019 488 5073 circo
524 5031 577 5074 et
612 5021 697 5075 lex
734 5021 864 5074 olim
909 5020 1114 5087 Iudaeis
1165 5022 1363 5074 tradita
1403 5021 1470 5075 de
1504 5037 1704 5074 manna
1757 5022 1916 5075 colli-

333 5111 534 5178 gendo,
578 5127 688 5166 non
724 5113 903 5168 solum
946 5114 1050 5168 sibi
1104 5114 1363 5183 colligere
1408 5114 1676 5182 permittit
1707 5114 1778 5168 iis
1821 5115 1914 5183 qui

335 5204 516 5260 tacere
549 5204 697 5270 istud
741 5205 1002 5276 possint:
1042 5203 1434 5279 Unusquisque
1479 5205 1649 5270 enim,
1700 5205 1912 5276 inquit,

331 5304 386 5350 et
417 5299 907 5354 contubernalibus
941 5297 1144 5353 vestris
1181 5297 1422 5366 colligite
1450 5298 1516 5353 ‘7.
1547 5297 1682 5350 Nam
1719 5299 1765 5354 si
1808 5300 1912 5352 ali-

332 5388 458 5459 quis
493 5389 973 5445 eontubernalium
1007 5388 1220 5443 viribus
1257 5388 1553 5451 caruisset,
1576 5389 1784 5457 quibus
1821 5405 1908 5442 ro-

2017 4745 2107 4797 λον
2143 4747 2210 4816 τῇ
2239 4745 2691 4817 οἱκείᾳ,φροντίδι
2715 4785 2730 4810 ,
2767 4748 2865 4800 καὶ
2907 4749 3008 4818 τὴν
3043 4749 3134 4800 ἐπὶ
3181 4753 3295 4812 τοῖς
3324 4749 3602 4820 δεομένοις

2017 4835 2202 4905 φειδώ.
2236 4837 2371 4890 Τότε
2402 4837 2534 4908 γὰρ,
2561 4837 2683 4890 τότε
2709 4839 2800 4892 τὸν
2841 4839 2943 4909 τῆς
2973 4840 3055 4903 είς
3085 4840 3348 4912 ἀλλήλους
3375 4841 3598 4910 ἀγάπης

2015 4930 2467 5002 ἁποπληροῦντες
2501 4929 2736 5000 θεσμὸν,
2772 4933 2966 5003 ἑορτὴν
3005 4933 3176 4997 ὅντως
3219 4934 3599 5004 πνευματικὴν

2015 5021 2402 5091 έπιτελέσομεν
2442 5021 2520 5092 τῷ
2552 5021 2764 5093 Σωτῆρι
2809 5023 3052 5095 Χριστῷ.
3102 5025 3392 5095 Τοιγάρτοι
3438 5027 3528 5076 καὶ
3570 5029 3600 5078 ό

2020 5113 2190 5168 πάλαι
2221 5115 2336 5176 τοῖς
2377 5113 2650 5177 Ἰουδαίοις
2682 5114 3086 5179 διακελευσθεὶς
3119 5115 3284 5184 νόμος
3315 5118 3372 5167 ἐν
3408 5119 3473 5186 τῇ
3501 5116 3596 5169 τοῦ

2021 5206 2198 5278 μάννα
2233 5206 2558 5276 συγκομιδῇ,
2580 5206 2640 5259 ού
2670 5206 2854 5278 μόνοις
2883 5209 3069 5272 αὐτοῖς
3097 5207 3286 5277 ἐφίησι
3319 5209 3598 5276 συλλέγειν

2014 5297 2142 5359 τοὺς
2195 5296 2355 5350 τοῦτο
2407 5297 2670 5368 πράττειν
2737 5298 3064 5369 ἰσχύοντας·
3127 5301 3398 5363 Ἕκαστος
3462 5302 3594 5368 γὰο,

2016 5389 2182 5458 φησὶ,
2219 5389 2456 5452 καὶτοῖς
2495 5396 2785 5460 συσκήνοις
2833 5392 2988 5462 ὑμῶν
3033 5390 3345 5455 συλλέξατε.
3386 5392 3448 5444 ΕΞ
3483 5403 3596 5464 γάρ

335 5480 439 5532 bur
490 5481 773 5552 integrum
827 5489 966 5548 erat,
1008 5481 1118 5534 vim
1171 5495 1328 5535 suam
1383 5480 1435 5534 ei
1500 5480 1908 5551 quodammodo

2028 5499 2096 5544 τις
2147 5481 2378 5552 ήτόνησε
2418 5482 2527 5536 τῶν
2573 5486 2896 5556 ὁμοσκήνων
2944 5485 3168 5550 αὐτοῖς,
3213 5487 3260 5536 οἱ
3317 5485 3390 5555 μὴ
3434 5483 3595 5538 τοῦτο

334 5571 770 5637 commodantes,
807 5587 916 5627 una
961 5586 1223 5627 mensura
1262 5586 1360 5626 sua
1399 5571 1562 5626 ctiam
1601 5573 1749 5642 quod
1780 5573 1907 5628 aliis

330 5660 600 5716 sulliceret
641 5663 1085 5732 comportabant.
1137 5671 1218 5726 ut,
1253 5663 1408 5732 juxta
1445 5661 1787 5730 Scripturam
1821 5666 1888 5727 9",

2017 5577 2365 5641 πεπονθότες,
2390 5579 2685 5649 κιχρῶντες
2706 5579 2895 5650 ῶσπερ
2923 5579 3074 5650 αύτῷ
3095 5579 3194 5649 τὴν
3239 5579 3376 5633 ἰδίαν
3410 5581 3589 5649 ἰσχὺν,

2009 5670 2361 5740 συνεκόμιζον
2401 5671 2479 5742 τῷ
2513 5673 2700 5742 οἰκείῳ
2727 5672 2943 5744 μέτρῳ,
2976 5672 3070 5724 καὶ
3122 5671 3184 5724 τὸ
3222 5673 3338 5736 τοῖς
3371 5672 3581 5744 ἑτέροις

403 5757 447 5790 ’⁸
490 5755 679 5816 Matth.
717 5773 860 5826 xm,
893 5759 996 5828 21,
1031 5757 1142 5827 9.2;
1179 5757 1312 5815 Luc.
1349 5771 1496 5825 xxxv,
1538 5757 1585 5815 7,
1667 5761 1710 5792 θθ
1753 5758 1868 5816 Jocl
1934 5777 2006 5829 ιι,
2045 5763 2127 5817 l5.

2208 5763 2251 5795 ³⁷
2293 5763 2464 5818 Exod.
2504 5781 2628 5824 xw,
2668 5765 2750 5819 16.
2831 5766 2876 5798 ⁸⁸
2913 5763 3026 5820 ibid
3091 5765 3178 5819 18.
