3884 6208
201 312 307 371 M9

1227 320 1293 377 IN
1316 321 1603 379 JOANNIS
1638 315 2091 374 EVANGELIUM
2121 316 2251 371 LIB.
2290 316 2380 371 IX.

3334 317 3441 375 150

198 430 425 501 ἀρκοῦν,
455 430 562 493 ἵνα,
602 431 743 486 κατά
770 435 833 487 τὸ
869 432 1288 508 γεγραμμένον,
1330 441 1363 492 ὁ
1387 440 1486 510 μὲν
1515 437 1575 492 τὸ
1613 436 1772 502 πολὺ,

1898 435 1969 504 ιιιί
2008 434 2338 497 multum,ei
2371 448 2477 487 non
2512 442 2864 502 superesset;
2901 432 2996 503 qui
3026 441 3203 487 autem
3241 433 3451 498 minus,

204 522 282 590 μὴ
317 521 588 595 πλεονάσῃ
613 562 627 584 ,
663 525 691 577 ὁ
716 524 771 577 δὲ
806 525 869 577 τὸ
900 525 1139 589 ἔλαττον,
1180 528 1255 598 μὴ
1290 527 1587 599 ἐλαττωθῇ.
1618 526 1776 580 Οὕτω

199 613 312 679 γὰρ
351 607 440 682 ἦν,
468 614 830 685 ἀνακράσεως
880 616 1070 687 ὥσπερ
1119 619 1265 681 τινὸς
1309 618 1647 689 γενομένης,
1684 616 1777 670 τὸν

199 703 300 774 τῆς
356 704 598 775 ἰσότητος
652 708 822 762 ἅπασι
880 708 1144 774 σώζεσθαι
1188 711 1365 781 λόγον.
1419 712 1619 765 Ἀδικεῖ
1663 728 1776 764 τοι-

199 794 405 864 γαροῦν
461 797 554 849 τὸν
602 802 722 863 ταῖς
764 801 950 869 ἁγίαις
992 803 1204 874 ἑορταῖς
1250 804 1532 875 πρέποντα
1583 802 1776 867 τύπον,

200 890 230 938 ὁ
274 887 348 960 μὴ
394 893 461 962 τῇ
514 893 693 964 οίκείᾳ
748 895 988 963 φροντίδι
1034 896 1132 968 τὴν
1191 897 1299 952 τῶν
1346 897 1618 969 δεομένων
1654 914 1777 949 συν-

202 982 528 1049 αναμιγνύς.
588 984 690 1055 Εῖη
742 986 853 1056 γὰρ
912 986 977 1040 ἂν
1030 987 1203 1051 ὅντως
1265 988 1428 1059 ἑορτὴ
1490 986 1667 1040 τελεία
1715 986 1776 1039 τὸ

205 1071 485 1145 σύναμμα.

275 1166 485 1221 Λαϐὼν
516 1167 586 1221 δὲ
616 1169 684 1228 τὸ
719 1172 972 1240 ψωμίον,
1011 1173 1195 1239 εὐθὺς
1218 1172 1482 1242 ἐξῆλθεν
1521 1172 1775 1237 ἐκεῖνος.

203 1252 325 1318 Ἠν
350 1258 418 1313 δὲ
445 1260 582 1324 νὺξ,
611 1260 710 1315 ὅτε
744 1262 1021 1329 ἐξῆλθεν.

279 1351 543 1420 Δρομαῖος
574 1351 793 1405 ἄπεισιν
823 1354 913 1406 ἐπὶ
946 1353 1005 1406 τὸ
1034 1353 1109 1425 τῷ
1136 1354 1367 1424 διαϐόλῳ
1407 1354 1620 1419 δοκοῦν,
1686 1354 1782 1407 καὶ

207 1440 459 1511 καθάπερ
498 1443 731 1516 οἱστρῶν
775 1445 867 1497 καὶ
901 1446 1253 1517 δεδονημένος
1295 1448 1395 1517 τῆς
1447 1446 1546 1517 μὲν
1600 1446 1783 1509 ἑστίας

206 1532 485 1596 ἐξάλλεται
519 1552 532 1564 ·
568 1539 812 1608 κρεῖττον
840 1537 896 1590 δὲ
928 1539 1064 1601 ὅλως
1092 1538 1242 1592 οὐδὲν
1266 1539 1364 1609 τῆς
1410 1537 1783 1607 φιλοκερδείας

211 1626 336 1695 ὁρᾷ,
356 1627 447 1679 καὶ
466 1626 527 1679 τό
543 1644 608 1696 γε
638 1628 963 1700 παράδοξον,
986 1629 1135 1681 οὐδὲν
1161 1630 1224 1682 ἐκ
1248 1628 1346 1699 τῆς
1374 1627 1618 1696 εὐλογίας
1636 1627 1782 1695 ὠφέ-

205 1716 363 1787 λιμον
392 1719 806 1791 εύρήσομεν,διά
827 1720 926 1791 τὴν
948 1720 1172 1775 ἐνοῦσαν
1195 1720 1345 1791 αὐτῷ
1374 1720 1615 1793 δηλονότι
1654 1720 1782 1772 δυσ-

206 1810 473 1864 κάθεκτον
524 1813 603 1875 εἰς
639 1812 699 1865 τὸ
730 1812 1162 1883 χρηματίζεσθαι
1213 1813 1407 1884 ῥοπήν.
1461 1813 1780 1882 Προκεκρα-

1872 542 1983 581 non
2017 525 2253 581 deesset.
2295 525 2398 579 Sic:
2432 526 2578 579 enim
2626 526 2738 580 hoc
2762 524 2931 579 veluti
2965 524 3207 593 quodam
3240 532 3442 594 tempe-

1875 625 2127 672 ramento
2167 618 2505 687 aequalitatis
2532 617 2931 671 ratimcunctis
2960 616 3175 670 servari
3210 624 3448 685 poterat.

1873 710 2134 768 Ordinem
2184 711 2351 780 igitur
2386 718 2443 765 et
2472 709 2763 764 formulam
2798 709 3010 765 sanctis
3055 707 3215 763 festis
3246 723 3452 762 conve-

1876 803 2115 857 nientem
2160 802 2351 866 violat,
2400 802 2496 868 qui
2548 816 2661 857 suae
2720 816 2866 857 curae
2904 816 3207 872 pauperum
3262 816 3451 855 curam

1882 910 1991 949 non
2023 894 2311 948 admiscet».
2337 894 2433 947 Illa
2465 894 2669 964 quippe
2701 892 3021 963 oonjunctio
3060 892 3306 963 perfecta
3331 908 3456 947 vere

1884 994 1968 1041 est
2000 986 2295 1041 festivitas.

1947 1162 2085 1228 XIII,
2121 1162 2212 1218 50.
2251 1163 2383 1216 Cum
2414 1179 2534 1232 ergo
2568 1163 2850 1227 accepisset
2886 1163 2977 1217 ille
3009 1162 3321 1231 buccellam,
3366 1176 3461 1216 ea:-

1878 1255 1967 1307 ivit
1999 1244 2421 1306 continuo.Erat
2458 1262 2637 1307 autem
2669 1268 2794 1317 nox,
2828 1254 3038 1323 quando
3069 1255 3247 1308 exivit.

1950 1346 2112 1418 743
2144 1345 2375 1401 Diabolo
2408 1347 2594 1401 statim
2624 1345 2971 1417 obsequitur,
3004 1354 3057 1400 et
3086 1354 3261 1401 (nstro
3292 1344 3463 1399 veluti

1881 1440 2119 1509 quodam
2174 1454 2239 1493 ac
2284 1438 2527 1493 stimulis
2563 1438 2828 1491 incitatus
2864 1437 3028 1492 domo
3058 1438 3264 1502 exsilit,
3297 1437 3465 1490 nihil-

1890 1548 1997 1602 que
2046 1532 2153 1586 sibi
2206 1530 2501 1601 persuadet
2558 1530 2693 1583 lucri
2747 1529 2935 1583 studio
2987 1527 3374 1599 prazstabilius,
3412 1533 3467 1579 et

1889 1623 2038 1694 quod
2098 1622 2320 1685 mirere,
2363 1622 2499 1675 nihil
2546 1622 2805 1676 utilitatis
2854 1637 2979 1676 eum
3020 1637 3086 1676 ex
3116 1620 3333 1690 eulogia
3373 1634 3468 1674 ce-

1888 1719 2037 1789 pisse
2062 1716 2489 1786 comperiemus,
2512 1731 2622 1785 pra:
2645 1715 2906 1770 effrenato
2930 1715 3190 1769 nimirum
3222 1714 3469 1783 pecunia:

1890 1810 2097 1864 studio.
2124 1808 2341 1878 Quippe
2375 1823 2499 1861 cum
2544 1806 2736 1861 morbo
2772 1807 2864 1861 illo
2894 1806 3048 1877 prius
3086 1814 3381 1871 teneretur,
3414 1813 3469 1859 et

203 1900 444 1970 τημένος
486 1902 597 1974 γὰρ
652 1881 971 1974 τῷψπάθει,
1041 1905 1136 1956 καὶ
1174 1881 1468 1974 ὁλόκλῃρον
1493 1881 1671 1973 ἐαυτῷ
1697 1901 1788 1955 τὸν

1898 1902 2103 1972 peccati
2164 1909 2374 1971 patrem
2414 1900 2469 1953 in
2518 1902 2702 1969 seipso
2760 1908 2933 1952 totmn
2977 1898 3330 1968 exprimeret,
3358 1912 3469 1967 quo

206 1993 428 2063 ἀπάσης
445 1995 675 2066 ἀνομίας
708 1996 911 2050 ὠδίνων
940 1996 1171 2065 πατέρα,
1200 1997 1320 2049 οὐδὲ
1348 1998 1470 2050 ὅποι
1501 1995 1633 2049 ποτὲ
1662 1996 1788 2065 τρέ-

204 2104 294 2157 χει
326 2087 509 2141 λοιπὸν
539 2090 567 2141 ὁ
603 2087 834 2152 δείλαιος
866 2089 1274 2144 διασκέπτεται.
1332 2088 1522 2142 Νύκτα
1560 2087 1668 2158 γὰρ
1698 2082 1790 2141 οὖν

204 2179 396 2249 ῶσπερ
424 2179 565 2242 τινά,
589 2180 685 2233 καὶ
716 2179 930 2249 ζοφώδη
964 2180 1332 2250 διαλογισμῶν
1366 2180 1598 2233 ἀνοσίων
1626 2180 1791 2250 ἐσμὸν

205 2271 271 2323 ἐν
318 2271 559 2341 στέρνοις
587 2270 745 2337 ἐλὼν,
776 2272 854 2334 είς
893 2271 1018 2343 ᾅδου
1058 2272 1309 2342 πυθμένα
1356 2270 1449 2323 καὶ
1484 2272 1562 2333 είς
1595 2270 1793 2324 πέταυ-

209 2378 306 2436 ρον
329 2363 587 2433 καταντᾷ,
624 2362 719 2416 καὶ
743 2362 886 2416 κατά
925 2362 1014 2415 τὸν
1043 2363 1103 2416 ἐν
1134 2363 1461 2433 Παροιμίαις
1490 2362 1670 2431 λόγον,
1717 2363 1793 2427 ώς

207 2454 408 2523 ἔλαφος
432 2454 748 2507 ὲπισπεύδει
783 2455 1082 2525 πεπληγὼς
1108 2458 1187 2519 είς
1225 2455 1296 2517 τὸ,
1332 2450 1487 2526 ἧπαρ
1537 2454 1796 2523 τοξεύμα-

206 2563 287 2608 τι,
314 2546 346 2617 ἢ
371 2545 445 2609 ὡς
464 2545 609 2599 κύων
634 2547 726 2598 ἐπὶ
775 2546 1034 2617 δεσμοὺς,
1076 2548 1177 2605 οὐκ
1207 2547 1363 2611 εἰδὼς
1396 2548 1477 2600 ὅτι
1525 2546 1654 2616 περὶ
1695 2546 1795 2615 ψυ-

209 2637 315 2711 χῆς
346 2638 550 2708 τρέχει.
581 2636 689 2689 Καί
718 2654 809 2706 μοι
849 2638 947 2710 μὴ⁸
983 2638 1160 2708 μάτην
1202 2638 1377 2695 εἰπεῖν
1424 2640 1453 2690 ὁ
1513 2636 1795 2698 Θεσπέσιος

208 2726 618 2798 εύαγγελιστὴς,
657 2727 739 2779 ὅτι
796 2745 815 2777 ι
851 2726 1057 2787 Λαϐὼν,
1088 2727 1148 2780 τὸ
1182 2726 1399 2796 ψωμίον
1440 2724 1661 2796 ἐξῆλθεν
1708 2725 1797 2777 εὖ·

208 2816 329 2880 θύς.
366 2836 385 2868 ›
423 2816 603 2879 Δεινὸς
630 2820 738 2887 γάρ
765 2818 794 2870 ὁ
828 2818 1071 2880 Σατανᾶς
1100 2818 1180 2880 είς
1205 2817 1267 2870 τὸ
1310 2821 1425 2881 τοῖς
1453 2817 1600 2883 anas
1634 2815 1796 2869 ἀλοῦ-

209 2927 273 2967 σι
295 2910 393 2963 καὶ
414 2909 505 2962 ὑπ’
542 2910 704 2962 αὑτὸν
727 2910 977 2979 γεγονόσι
1012 2910 1374 2982 προστάττειν
1402 2910 1563 2974 εὐθὺς
1608 2908 1795 2976 ἐξανύ-

207 3020 293 3061 ειν
319 3003 387 3055 τά
420 3000 649 3072 πονηρά,
672 3003 764 3054 καὶ
785 3003 1099 3073 μελλήσεως
1122 3002 1342 3071 ἀπάσης
1374 3002 1496 3073 δίχα
1517 3001 1578 3054 τὸ
1607 3001 1796 3054 δοκοῦν

206 3091 361 3161 αύτῷ
410 3091 864 3162 κατεργάζεσθαι,
910 3094 1004 3145 καὶ
1049 3093 1145 3162 οὐχ
1194 3094 1418 3156 ἑκόντας
1464 3095 1795 3162 ἀναγκάσαι.

1891 2006 2136 2063 praeceps
2154 2000 2278 2044 ruat
2300 2005 2370 2044 ne
2396 1988 2507 2056 jam
2536 1988 2754 2059 quidem
2784 1988 2952 2042 miser
2976 1988 3222 2057 dispicit.
3240 1986 3468 2042 Noctem

1892 2085 2094 2157 quippe
2126 2083 2293 2138 veluti
2328 2081 2624 2153 quamdam
2657 2090 2710 2136 et
2745 2081 3037 2151 impiarum
3073 2081 3469 2151 cogitationum

1892 2178 2003 2231 vim
2035 2185 2150 2231 toto
2185 2184 2403 2247 pectore
2446 2174 2756 2245 suscipiens
2800 2174 2853 2227 in
2894 2172 3231 2243 profundum
3270 2172 3471 2228 inferni

1894 2267 2028 2332 ruit,
2057 2275 2131 2331 et,
2172 2274 2229 2321 ut
2254 2267 2305 2319 in
2331 2264 2645 2320 Proverbiis
2674 2264 2943 2335 scriptum
2971 2273 3059 2321 est
3081 2266 3151 2332 ”,
3178 2265 3333 2336 quasi
3360 2280 3473 2320 cer-

1893 2374 1999 2414 vus
2029 2365 2307 2427 properat,
2336 2360 2537 2427 sagitta
2558 2355 2882 2411 vulneratus
2910 2356 2964 2410 in
2993 2356 3205 2427 jecore,
3238 2364 3333 2410 aut
3353 2364 3475 2409 tan-

1894 2464 2064 2519 quam
2099 2448 2257 2502 canis
2301 2449 2368 2504 ad
2401 2448 2641 2513 vincula,
2681 2448 2940 2504 nesciens
2979 2449 3106 2519 quia
3147 2464 3247 2518 pro
3291 2449 3474 2502 anima

1896 2540 2092 2595 currit.
2140 2538 2328 2609 Neque
2387 2554 2514 2593 vero
2573 2539 2778 2593 frustra
2831 2540 2967 2594 mihi
3015 2540 3227 2596 dixisse
3257 2539 3476 2595 videtur

1895 2632 2257 2704 evangelista,
2280 2652 2298 2684 ι
2334 2632 2470 2688 Cum
2492 2633 2796 2702 accepisset
2816 2632 3142 2699 buccellam,
3159 2634 3327 2689 exivit
3347 2649 3478 2689 con-

1896 2726 2070 2779 tinuo.
2111 2744 2130 2777 ι
2183 2724 2335 2780 Solet
2366 2726 2512 2780 enim
2558 2725 2790 2781 Satanas
2837 2740 2934 2781 eos
2985 2741 3128 2795 quos
3182 2726 3352 2781 semel
3387 2742 3479 2781 ce-

1897 2817 2065 2887 perit,
2094 2817 2313 2887 sibique
2353 2818 2625 2873 obnoxios
2680 2818 2893 2881 fecerit,
2923 2819 3111 2872 acrius
3160 2834 3378 2889 urgere,
3419 2827 3479 2873 ut

1897 2908 2170 2962 continuo
2206 2909 2349 2961 mala
2380 2918 2662 2978 peragant,
2698 2919 2752 2962 et
2783 2917 2841 2961 ut
2875 2908 2995 2963 sine
3030 2922 3185 2963 mora
3210 2908 3478 2978 imperata

1899 2998 2107 3054 faciant
2158 3014 2358 3070 cogere
2384 2999 2468 3053 vel
2514 2999 2789 3054 nolentes.
2817 2997 2996 3052 Timet
3029 3014 3221 3068 nempe
3268 2998 3478 3062 forsan,

1901 3104 2007 3159 qua
2062 3098 2147 3146 est
2189 3090 2257 3143 ad
2297 3088 2626 3143 maleficium
2676 3090 3050 3159 peragendum
3105 3090 3306 3144 mentis
3338 3089 3483 3143 acri-

209 3178 395 3235 Δέδιεν
424 3180 573 3242 ἴσως,
607 3182 898 3251 πικρόνους
926 3198 984 3234 τε
1011 3182 1273 3254 ὑπάρχων
1299 3184 1405 3246 ἀεὶ,
1442 3184 1539 3236 καὶ
1598 3184 1793 3256 δριμὺς

1898 3180 2105 3245 monia,
2143 3196 2213 3233 ne
2240 3179 2367 3233 dum
2399 3186 2718 3251 cunctatur,
2741 3181 3018 3234 subeunte
3038 3180 3394 3248 pcenitenlia,
3416 3181 3481 3233 atl

211 3273 293 3331 εἰς
314 3272 668 3342 κακουργίαν,
704 3273 777 3343 μὴ
800 3273 906 3343 ἄρα
944 3292 1025 3337 τις
1055 3275 1113 3327 ἐν
1145 3277 1265 3337 ταῖς
1295 3275 1621 3345 ὑπερθέσεσι
1656 3294 1795 3347 παρ-

211 3362 581 3433 εισδραμοῦσα
619 3365 967 3437 μετάγνωσις-
1003 3364 1538 3437 μεταϐουλεύσασθαί
1586 3385 1640 3420 τι
1687 3368 1795 3421 τῶν

210 3453 436 3522 ἀγαθῶν
474 3455 871 3529 παρασκευάσῃ
919 3456 1009 3509 τὸν
1058 3456 1361 3529 ἄνθρωπον,
1408 3459 1505 3512 καὶ
1546 3458 1796 3531 καθάπερ

213 3544 343 3598 τινά
392 3545 563 3621 μέθην
607 3546 909 3600 ἀποθέσθαι
941 3547 1036 3599 τοῦ
1086 3547 1179 3600 νοῦ
1230 3548 1329 3618 τὴν
1378 3550 1460 3611 είς
1521 3549 1797 3619 ἁμαρτίαν

214 3638 430 3709 ἡδονὴν,
461 3638 564 3703 ἔξω
600 3655 661 3691 τε
699 3638 928 3708 παγίδος
973 3639 1177 3713 ἐλκύσῃ
1200 3640 1301 3711 τῆς
1340 3641 1469 3712 παρ’
1498 3641 1663 3695 αὑτοῦ
1706 3642 1798 3695 τὸν

217 3729 321 3799 ἤδη
370 3729 826 3801 κατειλημμένον.
878 3732 976 3785 Διά
1030 3733 1235 3804 ταύτην
1284 3720 1447 3805 οἶμαι
1482 3735 1580 3805 τὴν
1618 3735 1798 3791 αἰτίαν

218 3822 529 3875 ἐπικεῖσθαι
563 3823 654 3877 τὸν
692 3823 970 3895 ἀλιτήριον
1012 3827 1124 3889 τοῖς
1169 3826 1260 3879 ὑπ’
1301 3828 1462 3880 αὑτὸν
1493 3829 1795 3895 γεγονόσιν,

218 3914 300 3976 εἰς
327 3914 387 3966 τὸ
415 3914 547 3985 δρᾷν
572 3914 891 3983 ἐπείγεσθαι
920 3918 1016 3970 καὶ
1058 3918 1203 3989 μάλα
1228 3919 1447 3990 γοργῶς
1469 3920 1530 3972 τὸ
1561 3921 1799 3992 ἀρέσκον

218 4004 389 4075 αύτῷ.
422 4006 531 4058 Καὶ
559 4006 689 4073 γοῦν
722 4006 813 4061 τὸν
868 4008 1071 4063 Ἰούδαν
1104 4010 1247 4081 μετὰ
1275 4012 1338 4064 τὸ
1379 4011 1594 4082 ψωμίον
1636 4013 1798 4077 εὐθὺς

218 4096 521 4165 ἀναγκάζει
565 4096 786 4164 λοιπον,
829 4097 904 4162 ὼς
949 4098 1053 4151 ὑπὸ
1110 4103 1270 4171 χεῖρα
1315 4100 1497 4153 λαϐὼν
1525 4141 1539 4165 ,
1576 4101 1670 4153 ἐπὶ
1700 4101 1800 4171 τὴν

218 4189 393 4253 οὕτως
449 4190 665 4245 ἀνόσιον
716 4192 853 4245 ίέναι
905 4192 1144 4263 πρᾶξιν,
1180 4193 1405 4259 δεδιὼς,
1443 4195 1586 4249 κατά
1626 4211 1689 4263 γε
1740 4194 1802 4248 τὸ

219 4285 389 4346 εἰκδς,
413 4282 549 4354 ὁμοῦ
588 4286 654 4353 τῇ
688 4283 1030 4354 μεταγνώσει
1070 4285 1164 4340 καὶ
1199 4286 1299 4355 τὴν
1329 4288 1392 4339 ἐκ
1414 4286 1514 4356 τῆς
1549 4286 1803 4355 εὐλογίας

216 4374 447 4445 δύναμιν
468 4416 481 4438 ,
527 4376 602 4446 μὴ
649 4376 759 4448 ἀρα
788 4393 906 4440 πως
947 4379 1004 4431 ἐν
1036 4380 1102 4449 τῇ
1133 4378 1227 4431 τοῦ
1259 4378 1548 4450 ἀνθρώπου
1584 4380 1798 4451 καρδίᾳ,

220 4468 399 4537 φωτὸς
454 4469 821 4539 ἀναλάμψασα
861 4470 1056 4541 δίκην,
1103 4471 1467 4545 ἀγαθουργεῖν
1528 4474 1801 4545 ἀναπείσῃ

1898 3272 2178 3325 meliorem
2238 3270 2451 3341 frugem
2491 3271 2655 3325 homo
2706 3286 2765 3325 se
2801 3271 3051 3340 recipiat,
3076 3278 3131 3325 et
3183 3286 3251 3325 ex
3300 3271 3486 3327 animo

1896 3364 2232 3432 voluptatem
2264 3378 2386 3433 quae
2427 3363 2494 3417 ad
2536 3373 2825 3432 peccatum
2878 3363 3111 3434 impellit
3141 3378 3241 3419 ceu
3285 3379 3486 3433 crapu-

1898 3454 2004 3506 lam
2039 3454 2299 3523 deponat,
2326 3462 2380 3509 et
2407 3470 2471 3509 ex
2506 3454 2629 3524 ejus
2664 3456 2877 3525 laqueis
2918 3471 3040 3512 sese
3071 3456 3292 3514 tandem
3318 3472 3485 3526 expe-

1896 3545 2033 3601 diat.
2090 3544 2244 3599 lianc
2288 3546 2357 3600 ob
2401 3562 2628 3601 causam
2679 3547 2888 3602 instare
2944 3548 3283 3618 perditorem
3326 3548 3485 3602 illum

1899 3637 2016 3689 suis
2050 3635 2291 3691 subditis
2324 3636 2545 3707 Opinor,
2593 3653 2804 3708 eosque
2851 3638 2920 3693 ad
2976 3654 3119 3710 opus
3167 3641 3353 3695 acrius
3390 3656 3487 3693 ur-

1899 3744 2025 3799 gere
2049 3729 2192 3799 quod
2236 3730 2339 3785 sibi
2390 3731 2681 3801 placuerit.
2726 3730 2794 3784 Et
2824 3732 3046 3801 quidem
3078 3731 3277 3787 Judam
3323 3734 3489 3790 simul

1901 3836 1966 3875 ac
2005 3822 2229 3875 offulam
2265 3824 2598 3893 sumpsisset
2652 3824 2801 3894 cogit
2840 3825 3013 3890 illico,
3057 3834 3116 3880 ut
3142 3826 3238 3897 qui
3283 3826 3397 3896 jam
3431 3826 3489 3879 in

1901 3914 2168 3969 ditionem
2199 3930 2355 3969 suam
2387 3910 2706 3980 transisset,
2733 3916 2806 3991 ad
2852 3926 2964 3971 tam
3005 3916 3235 3987 impium
3270 3918 3489 3972 facinus

1902 4024 1963 4065 se
2002 4010 2414 4078 quamprimum
2472 4009 2786 4080 accingere,
2834 4010 3071 4077 veritus,
3117 4019 3177 4066 ut
3222 4012 3491 4069 credibile

1901 4109 2008 4165 est,
2042 4101 2209 4155 simul
2241 4116 2367 4154 cum
2398 4102 2728 4171 prenitentia
2752 4101 2860 4155 vim
2891 4117 3113 4173 quoque
3141 4103 3393 4174 eulogize,
3420 4121 3490 4158 ne

1904 4195 2093 4264 utique
2128 4193 2181 4247 in
2222 4194 2372 4248 illius
2422 4196 2662 4251 hominis
2698 4195 2867 4249 corde
2913 4196 3054 4250 lucis
3112 4197 3286 4250 instar
3331 4196 3491 4249 atl‘ul-

1902 4301 2039 4356 gens
2086 4300 2212 4339 eum
2265 4285 2334 4339 ad
2394 4284 2534 4340 bene
2605 4285 2803 4356 agendi
2865 4285 3114 4339 studium
3181 4294 3487 4346 revocaret,

1903 4379 2066 4449 eique
2119 4378 2395 4433 saniorem
2456 4386 2696 4433 mentem
2763 4378 3002 4441 inderet,
3038 4376 3133 4445 qui
3188 4376 3487 4432 consilium

1902 4472 2014 4541 jam
2039 4479 2263 4542 ceperat
2289 4471 2559 4529 prodendi
2587 4469 2922 4525 Servatoris.
2944 4470 3256 4523 Dazmonem
3286 4469 3489 4538 quippe

220 4560 542 4629 προελέσθαι
603 4561 803 4630 μᾶλλον
854 4563 1051 4629 αὐτὸν,
1111 4564 1280 4634 ἤγουν
1333 4564 1395 4617 τὸ
1434 4565 1693 4636 φρόνημα
1743 4566 1793 4618 τὲ

1910 4563 1963 4617 id
1997 4571 2188 4617 contra
2244 4578 2346 4618 nos
2399 4560 2581 4616 facere
2622 4561 2843 4615 solitum
2883 4576 2949 4615 ex
2995 4561 3063 4615 iis
3099 4576 3220 4630 qua:
3262 4558 3491 4628 ﬁgurate

219 4654 442 4723 γνήσιον
475 4653 689 4725 ἐντέκῃ,
726 4654 803 4724 τῷ
829 4656 923 4708 καὶ
952 4655 1245 4726 προδοῦναι
1274 4657 1461 4711 λοιπὸν
1494 4659 1800 4711 ἀναπεπει-

222 4747 427 4815 σμένῳ.
459 4747 579 4799 Ὅτι
610 4747 721 4819 γὰρ
756 4747 876 4811 ἔθος
905 4748 1065 4801 τοῦτο
1090 4750 1349 4819 πράττειν
1370 4752 1457 4803 ἀεὶ
1489 4750 1611 4804 καθ’
1645 4750 1806 4822 ἡμῶν

218 4838 300 4908 τῷ
330 4839 563 4907 δαίμονι,
597 4840 691 4892 καὶ
729 4839 818 4893 διὰ
848 4840 956 4894 τῶν
997 4842 1056 4894 ἐν
1081 4841 1241 4913 τύπῳ
1272 4843 1574 4912 γεγονότων
1600 4844 1805 4911 γνωσό-

233 4931 388 4984 μεθα.
426 4931 752 5001 Ἐποιήσατο
772 4933 871 5003 μὲν
896 4934 1004 5004 γάρ
1037 4934 1143 4987 ὑπὸ
1165 4938 1323 5007 χεῖρα
1346 4936 1471 5000 τοὺς
1515 4935 1804 4999 Ἰουδαίους

277 5022 478 5091 Φαραὼ
516 5024 636 5075 κατ’
682 5023 959 5092 Αἴγυπτον
1010 5025 1171 5089 ὄντας
1222 5026 1337 5091 ἔτι,
1395 5026 1553 5097 πηλῴ
1608 5026 1663 5080 δὲ
1708 5028 1804 5080 καὶ

224 5114 497 5185 πλινθεία,
530 5114 624 5167 καὶ
666 5118 785 5178 ταῖς
820 5116 929 5168 τῶν
957 5116 1133 5186 ἔργων
1166 5118 1433 5186 ἀνάγκαις
1463 5120 1805 5191 ἐγκατατρύ-

220 5207 411 5276 χεσθαι
439 5208 653 5279 πικρῶς
675 5209 936 5273 ἐπιτάξας
966 5211 1181 5276 αὐτοὺς,
1215 5211 1404 5265 οὐδένα
1433 5230 1492 5265 τε
1522 5216 1641 5276 ταῖς
1669 5214 1805 5284 πρὸς

222 5300 359 5353 Θεὸν
395 5300 653 5364 ἱκετείαις
702 5301 872 5354 ἐδίδου
921 5302 1134 5372 καιρόν.
1179 5304 1289 5355 Καὶ
1333 5302 1464 5371 γοῦν
1513 5306 1649 5375 προς
1679 5305 1805 5366 τοὺς

224 5392 335 5444 τῶν
366 5391 544 5463 ἔργων
572 5394 888 5460 ἐπιστάτας,
920 5413 937 5445 ι
976 5394 1321 5464 Βαρυνέσθω,
1362 5397 1516 5465 φησὶ,
1555 5397 1623 5448 τά
1668 5396 1807 5466 ἔργα

224 5485 335 5538 τῶν
365 5484 461 5537 ἀνθ
473 5483 670 5553 ρώπων
707 5485 930 5549 τούτων,
960 5486 1053 5538 καὶ
1087 5486 1160 5555 μὴ
1186 5488 1609 5557 μεριμνάτωσαν
1629 5488 1807 5555 λόγοις

223 5578 426 5638 κενοῖς,
462 5594 479 5625 ι
510 5574 701 5642 λόγους
737 5578 923 5640 κενοὺς
952 5577 1234 5648 ὀνομάζων
1273 5579 1370 5650 τὴν
1402 5582 1477 5643 εἰς
1509 5580 1798 5652 ἐλευθέραν

302 5758 348 5790 θ’
388 5756 551 5815 Prov.
588 5775 696 5828 vn,
728 5759 817 5815 25.
898 5760 911 5791 ¹
955 5757 1126 5815 Exod.
1162 5761 1297 5829 v,,9.

1906 4668 2059 4728 gesta
2094 4666 2222 4712 sunt
2262 4673 2647 4728 agnoscemus.
2701 4656 3207 4727 Submisitquippe
3239 4656 3345 4711 sibi
3392 4654 3489 4709 Ju-

1905 4752 2053 4807 dazos
2083 4750 2297 4804 Pharao
2346 4751 2401 4803 in
2439 4749 2676 4820 [Egypto
2723 4748 3007 4819 degentes,
3047 4764 3256 4818 eosque
3286 4749 3404 4801 luto
3434 4758 3491 4803 et

1906 4844 2192 4905 lateribus,
2216 4841 2451 4911 aliisque
2485 4842 2826 4897 necessariis
2856 4841 3117 4905 operibus
3145 4849 3257 4894 tam
3292 4842 3489 4895 acerbe

1906 4936 2089 4990 vexari
2127 4935 2318 5004 jussit,
2346 4942 2407 4988 ut
2440 4934 2651 4987 nullum
2685 4932 2891 4991 orandi
2918 4931 3014 4988 Dei
3052 4941 3268 5003 tempus
3292 4935 3372 4988 eis
3401 4949 3487 4987 re-

1904 5028 2199 5097 linqueret.
2245 5027 2325 5081 Atl
2375 5041 2603 5097 operum
2651 5027 2854 5095 quippe
2906 5024 3199 5094 praefectos
3238 5043 3249 5077 :
3285 5043 3304 5076 ι
3348 5024 3486 5079 Gra-

1902 5129 2121 5185 ventur,
2171 5121 2382 5190 inquit,
2431 5135 2597 5189 opera
2653 5118 2940 5173 hominum
2994 5118 3261 5180 istorum,
3308 5133 3487 5187 neque

1900 5222 2099 5267 vacent
2138 5215 2295 5267 vanis
2328 5211 2682 5268 sermonibus
2710 5213 2765 5278 ¹;
2808 5229 2825 5262 ι
2864 5225 3038 5265 vanos
3067 5225 3351 5265 sermones
3389 5224 3485 5279 ap-

1904 5304 2113 5370 pellans
2159 5302 2427 5357 libertatis
2472 5301 2740 5360 studium.
2792 5301 3283 5367 vehementemque
3341 5298 3486 5352 illius

1902 5395 2294 5463 recuperandae
2352 5395 2629 5456 ardorem,
2665 5391 2847 5473 7M,
2875 5391 3161 5447 servitutis
3230 5390 3485 5456 deplora-

1904 5489 2130 5553 tionem,
2174 5504 2241 5543 ac
2290 5490 2579 5543 meliorum
2618 5487 2977 5541 desiderium.
3021 5484 3140 5538 Non
3196 5484 3486 5553 ignorabat

1910 5582 2080 5643 enim.
2115 5585 2157 5639 si
2193 5579 3041 5645 istiusmodirebusmeditandis
3062 5588 3483 5647 occuparentur,
