3894 6200
411 314 505 377 151

1365 321 1423 374 S.
1449 316 1735 377 CYRILLI'
1768 323 2240 382 ALEXANDRINI
2279 325 2599 382 A'RCllIEP.

3572 328 3686 384 iis?

404 450 515 492 nou
546 449 736 506 parum
771 434 852 491 eis
885 435 1012 492 inde
1053 436 1310 494 utilitatis
1344 439 1685 495 adfuturum.
1720 444 1760 496 A
1802 444 1982 515 ﬁguris

2093 445 2204 512 ἕξιν
2231 447 2568 520 ἀναδρομὴν,
2599 447 2692 499 καὶ
2729 446 2820 498 τὸν
2847 447 2940 498 ἐπί
2969 449 3034 517 τῇ
3071 446 3288 520 δουλείᾳ
3323 447 3541 520 Θρῆνον,
3584 449 3679 502 καὶ

408 529 575 600 igitur
627 528 694 583 ad
747 529 1376 600 veritatisagnitionem
1429 531 1620 600 delati,
1654 537 1995 606 reperiemus

2086 538 2185 609 τὴν
2225 540 2316 592 ἐπὶ
2345 538 2453 592 τῶν
2487 537 2794 592 καλλίστων
2827 541 3166 610 προσευχήν.»
3209 541 3324 593 Οὐκ
3357 541 3542 610 ἠγνόει
3567 540 3680 610 γὰρ

408 623 668 678 Satanam
721 624 902 694 ipsum
959 623 1184 680 assidue
1234 640 1432 697 urgere
1484 643 1581 682 eos
1629 645 1772 699 quos
1825 632 1982 687 semei

2089 629 2172 684 διὰ
2217 629 2320 702 τῆς
2366 631 2424 684 ὲν
2479 631 2694 694 τούτοις
2739 629 2938 702 σχολῆς
2984 632 3044 684 οὐ
3094 631 3298 702 μικρὰν
3345 633 3679 704 εὑρήσοντας

403 715 546 767 intra
594 729 691 769 sua
727 713 868 769 retia
912 714 1204 782 clauserit,
1233 725 1290 772 et
1337 716 1394 772 in
1448 717 1778 789 obsequium
1819 735 1980 775 suum

403 805 626 874 penitus
663 806 956 862 adduxerit

2091 722 2299 794 ὄνησιν.
2346 723 2479 777 Ἀπὸ
2516 721 2581 793 δὴ
2615 723 2724 776 τῶν
2751 722 2940 775 τύπων
2967 723 3061 776 ἐπϊ
3094 723 3193 794 τὴν
3231 723 3343 777 τῶν
3379 724 3679 794 ἀληθεστέ-

2103 833 2212 886 ρων
2253 815 2627 887 Θεωρημάτων
2679 815 2848 879 ίόντες
2896 816 3233 883 ἐπίγνωσιν,
3281 816 3677 885 κατεπείγοντα

402 898 605 970 σφόδρα
652 900 744 953 τὸν
794 901 1038 955 Σατανᾶν
1088 881 1426 975 εὑρήσομεν,
1476 907 1614 976 πρὸς
1663 906 1726 960 τὺ
1773 907 1971 978 χρῆναι
2011 909 2275 980 πράττειν
2313 909 2381 963 τὰ
2419 911 2634 981 πονηρὰ
2681 911 2807 974 τοὺς
2881 909 3013 964 εἴσω
3078 911 3346 976 πεσόντας
3391 910 3500 964 τῶν
3544 913 3676 982 παρ’

398 990 565 1046 αὺτοῦ
617 992 852 1047 δικτύων
876 1035 891 1059 ,
936 997 1029 1048 καὶ
1055 996 1369 1068 ὁλοκλήρως
1401 996 1500 1068 ἥδη
1543 1001 1993 1072 κεκρατημένους
2030 1004 2111 1066 εἰς
2141 1004 2446 1074 ὑπουργίαν
2471 1003 2580 1057 τῶν
2617 1005 2960 1076 ἀρεσκόντων
2994 1005 3164 1076 αὐτῷ.

476 1084 620 1151 Xlll,
656 1087 748 1150 5i,
782 1086 872 1139 3'2.
905 1086 1035 1142 Cum
1059 1104 1182 1158 ergo
1211 1091 1426 1152 exisset,
1448 1091 1587 1144 dixit
1613 1091 1773 1147 Iesus
1794 1108 1811 1146 :
1831 1091 1991 1147 Nunc

397 1176 738 1245 clariﬁcatus
767 1185 847 1230 est
889 1174 1066 1232 Filius
1095 1178 1345 1244 hominis,
1381 1188 1430 1232 et
1470 1179 1611 1235 Deus
1655 1182 1993 1251 clari/iratus

393 1278 470 1320 est
495 1269 548 1321 in
572 1283 654 1322 eo.
678 1269 740 1322 Si
762 1266 906 1322 Deus
929 1269 1258 1338 clariﬁcatus
1295 1281 1373 1324 est
1407 1272 1458 1324 in
1499 1289 1581 1338 eo,
1618 1282 1667 1326 et
1705 1273 1847 1327 Deus
1878 1275 1993 1328 cla-

396 1359 632 1428 riﬁcabit
679 1374 799 1413 eum
853 1361 906 1413 in
939 1362 1311 1424 semetioso.et
1369 1367 1618 1418 continuo
1662 1365 1976 1434 clariﬁcabit

393 1465 540 1504 eum.

467 1542 591 1596 Exit
637 1542 860 1613 quidem
923 1544 1175 1613 proditor
1217 1544 1437 1600 diaboli‘
1476 1549 1688 1604 artibus
1751 1550 1986 1606 obseeu—

396 1641 560 1689 turus
599 1653 612 1690 :
647 1634 906 1691 Christus
975 1652 1108 1692 vero
1170 1653 1483 1695 sermonem
1545 1637 1803 1708 inéhoat,
1859 1644 1986 1698 hinc

395 1725 628 1795 figurate
678 1727 1089 1798 quodammodo
1140 1729 1381 1787 innuens
1431 1748 1540 1786 non
1572 1749 1692 1788 esse
1725 1736 1982 1791 omnibus

397 1821 605 1890 passim
654 1822 965 1893 evulganda
1019 1838 1143 1893 quae
1189 1826 1326 1878 solis
1374 1824 1646 1881 debentur
1699 1827 1978 1898 ingenuis.

2166 1095 2309 1150 Ὅτε
2339 1091 2454 1150 οὖν
2491 1097 2744 1166 ἐξῆλθε.
2789 1098 2950 1165 λέγει
2991 1100 3024 1152 ό
3067 1097 3308 1165 Ἰησοῦς
3330 1113 3344 1126 ·
3380 1095 3516 1152 Νῦν
3542 1098 3680 1154 ἐδο-

2094 1187 2292 1256 ξάσθη
2335 1193 2367 1242 ό
2428 1190 2561 1255 Υἱὸς
2602 1190 2710 1243 τοῦ
2756 1187 3104 1256 ἀνθρώπου,
3156 1190 3255 1243 καὶ
3293 1193 3326 1244 ὁ
3361 1189 3506 1255 Θεὸς
3539 1189 3676 1243 ἐδο-

2095 1281 2293 1350 ξάσθη
2329 1281 2400 1334 ἐν
2441 1280 2623 1346 αὐτῷ.
2662 1283 2732 1334 Εἰ
2771 1285 2803 1335 ό
2837 1281 2983 1346 Θεὸς
3037 1279 3341 1349 ἐδοξάσθη
3387 1281 3458 1335 ἐν
3493 1281 3672 1345 αὐτῷ.

2094 1375 2190 1426 καὶ
2226 1375 2410 1440 αὐτὸς
2451 1373 2700 1439 δοξάσει
2749 1374 2937 1428 αὑτὸν
2975 1373 3044 1426 ἐν
3075 1373 3298 1440 ἐαυτῷ,
3344 1375 3442 1428 καί
3493 1375 3691 1440 εὐθὺς·

2093 1463 2344 1528 δοξάσει
2375 1466 2586 1519 αὐτόν.

2167 1557 2374 1622 Ἐξεισι
2419 1556 2518 1628 μὲν
2555 1559 2584 1610 6
2621 1556 2888 1628 προδότης
2915 1557 3028 1619 τοῖς
3064 1554 3160 1608 τοῦ
3201 1555 3445 1608 διαϐόλου
3475 1573 3677 1638 στρατ-

2089 1650 2372 1722 ηγήμασιν
2403 1649 2786 1720 ὑπηρετήσων·
2835 1647 3062 1719 ἄρχεται
3109 1645 3166 1698 δὲ
3208 1646 3302 1698 τοῦ
3342 1647 3499 1715 λόγου
3543 1648 3677 1719 Χρι-

2091 1745 2235 1809 στὸς,
2264 1743 2364 1796 οὐκ
2406 1743 2488 1805 εἰς
2515 1741 2615 1804 τὰς
2641 1742 2860 1793 πάντων
2887 1740 3056 1803 ἀκοὰς
3081 1739 3150 1792 τά
3191 1741 3375 1810 μόνοις
3396 1740 3679 1810 πρέποντα

2088 1838 2199 1900 τοῖς
2231 1836 2477 1907 γνησίοις
2517 1833 2798 1888 λαλεῖσθαι
2838 1834 2949 1886 δεῖν
2969 1874 2983 1893 ,
3029 1833 3104 1895 ὼς
3135 1833 3192 1885 ἐν
3221 1832 3377 1903 τύπῳ
3401 1872 3416 1897 ,
3466 1833 3562 1886 καὶ
3587 1832 3680 1886 διὰ

393 1912 507 1968 Nec
536 1913 684 1968 enim
709 1915 868 1970 decet
893 1923 1150 1970 sanetum
1184 1915 1307 1970 dari
1337 1919 1592 1981 canibus,
1621 1917 1781 1988 juxta
1809 1920 1982 1990 ipsius

2089 1902 2281 1982 τούτου
2309 1902 2598 1982 διδάσκων.
2635 1928 2708 1979 Οὐ
2740 1927 2850 1996 γὰρ
2881 1926 3082 1979 διδόναι
3111 1902 3378 1995 προσήκει
3416 1924 3475 1977 τὸ
3516 1924 3677 1992 ἆγιον
3727 1947 3732 1952 ·

394 2021 586 2062 vocem
615 2008 661 2070 ',
691 2006 789 2062 sed
839 2022 1020 2078 neque
1073 2010 1403 2081 margaritas
1458 2013 1773 2082 proculcari
1819 2030 1980 2068 sumn

396 2099 655 2167 pedibus.
698 2099 854 2167 Quod
891 2101 1063 2172 igitur
1089 2103 1254 2157 etiam
1291 2106 1446 2175 prius
1490 2105 1677 2174 specie
1705 2106 1984 2175 parabole:

394 2194 564 2258 dixit,
596 2195 703 2250 hoc
734 2196 937 2251 docere
966 2209 1200 2252 conatur
1234 2207 1485 2270 tempore
1513 2199 1580 2254 ad
1612 2216 1752 2270 opus
1779 2208 1832 2255 et
1864 2200 1984 2254 cla-

394 2291 598 2344 riorem
626 2288 1159 2348 demonstrationem
1187 2300 1440 2349 vocante.
1463 2292 1595 2348 Post
1619 2293 1982 2349 defectionem

393 2380 566 2450 igitur
599 2395 664 2435 ac
713 2381 1020 2438 discessum
1066 2383 1389 2453 proditoris,
1435 2387 1811 2440 communicat
1861 2394 1984 2440 tan-

393 2471 522 2528 dem
557 2479 618 2528 ut
662 2479 911 2544 cengruo
952 2475 1216 2530 nimirum
1253 2486 1502 2548 tempore
1533 2479 1787 2547 genuinis
1813 2477 1986 2533 disci-

393 2565 542 2633 pulis
587 2569 875 2636 mysteria,
905 2574 962 2623 et
1003 2568 1120 2623 ait:
1152 2587 1174 2620 ι
1202 2567 1361 2624 Nune
1400 2570 1738 2624 elarificatus
1773 2577 1856 2625 est
1898 2566 1988 2624 Fi-

396 2659 505 2713 lius
539 2657 805 2723 hominis,
849 2677 866 2711 ι
911 2669 969 2713 et
998 2674 1095 2729 per
1125 2659 1231 2714 hoc
1263 2659 1486 2730 quidem
1519 2661 1819 2715 salutarem
1859 2676 1987 2731 pas-

397 2753 612 2804 sionem
650 2751 927 2820 signiﬁeat
955 2751 1094 2820 ipsis
1123 2751 1234 2820 jam
1267 2753 1483 2808 foribus
1523 2753 1902 2807 imminentem
1931 2761 1987 2808 et

398 2842 562 2912 paulo
601 2851 726 2912 post
773 2843 1040 2898 futuram.
1073 2844 1450 2900 Clarificatum
1477 2861 1609 2899 vero
1650 2843 1848 2899 Filium
1889 2845 1986 2899 ho-

395 2935 569 2990 minis
613 2935 713 2999 ait,
756 2951 869 2990 non
910 2936 1190 2991 diversum
1217 2952 1246 2990 a
1278 2953 1339 2992 se
1376 2937 1548 2990 alium
1585 2936 1878 3007 quemdam
1910 2937 1988 2991 si--

392 3025 692 3096 gnificans,
715 3043 822 3083 non
845 3027 1092 3094 divisim,
1113 3037 1173 3082 ut
1195 3029 1372 3084 visum
1401 3037 1483 3084 est
1511 3030 1816 3094 nonnullis,
1845 3047 1987 3085 unus

391 3121 539 3174 enim
591 3119 768 3178 Filius
829 3119 1108 3185 Christus,
1162 3129 1218 3176 et
1273 3131 1402 3175 ante
1448 3136 1697 3186 carnem,
1747 3128 1802 3178 et
1860 3137 1984 3177 cum

2086 2025 2200 2085 τοῖς
2229 2022 2374 2083 κυσὶ,
2407 2021 2550 2074 κατά
2588 2019 2687 2091 τὴν
2717 2017 2882 2072 αὑτοῦ
2909 2017 3111 2088 φωνὴν,
3143 2016 3256 2070 ἀλλ’
3276 2015 3398 2069 οὐδὲ
3425 2019 3536 2080 τοῖς
3560 2017 3672 2071 ὑῶν

2088 2110 2471 2182 ὲνυϐρίζεσθαι
2505 2111 2631 2163 ποσὶ
2661 2111 2788 2172 τοὺς
2827 2110 3172 2180 μαργαρίτας
3214 2109 3332 2178 ὲᾷν.
3369 2108 3546 2179 Ὅπερ
3579 2105 3676 2161 οὖν

2087 2203 2191 2275 ἔφη
2229 2203 2325 2256 καὶ
2371 2204 2673 2275 πρότερον,
2725 2203 2800 2266 ὡς
2846 2204 2903 2254 ὲν
2935 2201 3061 2254 εῖδει
3106 2201 3464 2272 παραϐολῆς,
3516 2196 3678 2254 τοῦτο

2088 2297 2350 2368 πειρᾶται
2389 2296 2665 2351 διδάσκειν
2711 2295 2906 2366 καιροῦ
2950 2294 3246 2359 καλοῦντος
3275 2296 3357 2358 εἰς
3388 2295 3548 2365 ἔργον
3581 2295 3677 2347 καὶ

2092 2387 2435 2458 σαφεστέραν
2489 2367 2771 2452 ἐπίδειξίν.
2824 2387 2981 2441 Μετὰ
3025 2386 3205 2439 τοίνυν
3255 2386 3348 2438 τοῦ
3404 2386 3666 2456 προδότου

2089 2478 2189 2547 τὴν
2219 2479 2523 2532 ἀπόστασιν
2563 2480 2656 2533 καὶ
2684 2480 2784 2550 τῆς
2825 2479 3013 2542 ἑστίας
3055 2479 3155 2549 τὴν
3178 2479 3516 2551 ἀποδρομὴν,
3542 2481 3681 2533 ἀνα·Γ

2088 2571 2368 2626 κοινοῦται
2407 2571 2624 2635 λοιπὸν,
2659 2570 2736 2634 ὡς
2783 2571 2842 2625 ὲν
2873 2571 3052 2642 καιρῷ
3099 2571 3180 2642 τῷ
3217 2570 3512 2642 πρέποντι,
3559 2574 3682 2632 τοῖς

2087 2664 2334 2734 γνησίοις
2382 2661 2492 2716 τῶν
2550 2661 2813 2733 μαθητῶν
2866 2661 2934 2714 τὰ
2977 2663 3292 2732 μυστήρια,
3342 2662 3435 2714 καί
3493 2679 3668 2731 φησι.

2095 2776 2113 2808 ι
2146 2755 2259 2810 Νῦν
2281 2754 2542 2825 ἐδοξάσθη
2559 2757 2586 2808 6
2609 2755 2737 2818 Υἱὸς
2762 2754 2856 2808 τοῦ
2882 2754 3171 2826 ἀνθρώπου
3196 2771 3208 2784 ·
3244 2771 3261 2805 ι
3293 2754 3389 2806 καὶ
3421 2756 3679 2824 σημαίνει

2093 2849 2193 2920 μὲν
2213 2849 2304 2902 διὰ
2323 2846 2515 2902 τούτου
2541 2849 2602 2900 τὸ
2634 2849 2903 2918 σωτήριον
2937 2847 3127 2910 πάθος,
3163 2847 3239 2910 ὡς
3264 2846 3322 2900 ὃν
3356 2846 3449 2900 ἐπὶ
3486 2846 3678 2916 θύραις

2089 2959 2151 2995 τε
2205 2944 2299 2996 καὶ
2345 2940 2445 3012 ἤδη
2482 2939 2859 3012 παρεσόμενον
2909 2938 3056 3011 μετά
3097 2939 3290 3010 βραχύ.
3344 2939 3686 3006 Δεδοξάσθαιι

2090 3052 2153 3104 γε
2190 3033 2296 3104 μὴν
2341 3032 2434 3087 τὸν
2477 3033 2615 3086 Υῐὸνη
2645 3031 2740 3086 τοῦ
2791 3031 3082 3104 ἀνθρώπου
3115 3032 3316 3102 φησὶν,
3347 3033 3445 3102 οὐχ
3487 3032 3679 3100 ἕτερόν

2090 3141 2211 3176 τινα
2251 3123 2427 3191 λέγων
2477 3123 2609 3192 παρ’
2655 3123 2869 3187 ἑαυτὸν,
2916 3123 2975 3174 οὐ
3010 3121 3382 3194 διῃρημένως,
3416 3122 3675 3191 καθάπερ

394 3229 586 3282 carne,
622 3222 677 3271 et
727 3213 1052 3286 priusquam
1109 3215 1276 3270 homo
1335 3213 1490 3269 fieret
1539 3214 1704 3269 sicuti
1763 3231 1892 3281 nos,
1933 3231 1982 3274 et

2098 3213 2245 3279 ἔδοξέ
2272 3231 2442 3268 τισιν·
2475 3209 2556 3277 εἷς
2595 3213 2704 3284 γὰρ
2738 3213 2864 3276 Υἱὸς
2889 3215 2919 3266 6
2951 3214 3185 3285 Χριστὸς
3209 3257 3224 3279 ,
3255 3214 3351 3266 καὶ
3395 3212 3503 3285 πρὸ
3543 3229 3680 3283 σαρ-

390 3314 688 3378 postquam
721 3306 903 3363 factus
939 3317 1026 3362 est
1070 3307 1259 3362 homo.
1289 3305 1578 3371 Quomodo
1609 3322 1741 3362 vero
1777 3307 1978 3361 clarifi-

392 3411 581 3456 catum
635 3414 696 3455 se
735 3415 865 3456 esse
898 3398 1152 3461 aﬂirmet,
1182 3399 1548 3469 quaerendum
1597 3406 1705 3454 est.
1739 3398 1991 3454 Dixerint

391 3491 538 3547 enim
575 3490 766 3548 forsan
787 3492 974 3562 aliqui
1000 3511 1014 3548 :
1044 3489 1237 3547 Nonne
1264 3501 1316 3547 et
1343 3492 1498 3562 prius
1533 3489 1874 3545 clarificatus
1902 3498 1989 3545 est

391 3598 519 3637 cum
551 3583 818 3638 miracula
849 3579 1234 3638 faceret?Nam
1258 3597 1368 3636 uno
1387 3582 1555 3637 verbo
1579 3582 1796 3652 placato
1819 3581 1984 3645 mari,

391 3683 446 3728 et
468 3674 784 3729 vehementi
803 3683 1096 3729 ventorum
1138 3675 1343 3745 impetu
1371 3677 1986 3745 eompresso,adoratus

390 3777 475 3820 est
509 3766 730 3836 quidem
757 3768 826 3822 ab
855 3769 924 3822 iis
959 3768 1053 3837 qui
1082 3769 1138 3822 in
1167 3769 1386 3839 navigio
1415 3779 1547 3824 tunc
1572 3778 1750 3834 erant,
1785 3769 1987 3824 audiit-

391 3874 500 3927 que
520 3878 532 3911 :
553 3878 570 3908 ι
600 3857 927 3914 VereFilius
947 3859 1040 3914 Dei
1063 3877 1123 3915 es
1142 3861 1182 3916 ³.
1211 3880 1232 3913 ι
1257 3861 1551 3926 Praeterea,
1569 3877 1693 3916 cum
1713 3860 1984 3916 Lazarum

393 3951 460 4004 ad
513 3950 682 4003 vitam
719 3951 923 4005 reverti
963 3951 1251 4020 jussisset,
1289 3953 1429 4008 adeo
1487 3953 1705 4007 celebre
1737 3951 1843 4006 fuit
1880 3951 1986 4004 mi-

393 4041 670 4100 raculum,
717 4051 777 4095 ut
829 4052 883 4097 et
939 4043 1089 4097 circa
1127 4043 1253 4099 festi
1287 4053 1504 4114 tempus
1539 4043 1982 4116 Hierosolymam

394 4131 714 4186 ascendenti
767 4148 959 4189 omnes
1024 4135 1075 4189 ei
1134 4149 1244 4189 una
1299 4151 1425 4189 cum
1490 4135 1677 4204 pueris
1715 4149 1982 4190 occurre-

393 4222 526 4286 riut,
546 4233 600 4277 et
632 4222 832 4279 faustis
855 4225 1136 4280 ominibus
1167 4241 1292 4281 eum
1323 4227 1599 4296 persecuti
1627 4227 1762 4291 sint,
1785 4227 1980 4281 dicen-

391 4323 475 4369 tes
510 4333 522 4366 :
563 4336 582 4368 ι
622 4315 951 4371 Benedictus
1002 4321 1097 4388 qui
1125 4319 1274 4373 venit
1302 4319 1356 4371 in
1386 4319 1610 4373 nomine
1640 4318 1914 4373 Domini‘.
1955 4335 1974 4371 ι

391 4403 553 4478 745
581 4407 684 4462 Sed
731 4415 785 4462 et
835 4407 1028 4464 fractis
1060 4410 1306 4479 quinque
1351 4410 1587 4480 panibus
1636 4425 1700 4464 ac
1755 4409 1984 4467 duobus-

395 4498 681 4567 piscieulis
719 4499 1036 4554 universam
1072 4499 1484 4555 multitudinem
1535 4515 1726 4555 eorum
1775 4501 1871 4572 qui
1907 4503 1975 4556 ad

2098 3308 2210 3370 κὸς,
2251 3307 2342 3359 καὶ
2371 3304 2509 3377 μετά
2551 3305 2774 3376 σαρκὺς,
2824 3305 2920 3358 καὶ
2968 3305 3098 3373 πρὶν
3134 3303 3419 3374 ἄνθρωπος
3449 3304 3684 3374 γένηται-

2092 3396 2214 3450 καθ’
2245 3397 2412 3466 ἡμᾶς,
2446 3396 2543 3448 καὶ
2569 3396 2658 3448 ὅτε
2691 3395 2913 3463 γέγονεν
2958 3394 3268 3465 ἄνθρωπος.
3317 3393 3393 3450 Τὸ
3424 3394 3480 3446 δὲ
3524 3395 3676 3455 ὅπως

2088 3488 2405 3553 δεδοξάσθαι
2430 3487 2848 3559 διῖσχυρίζεται,
2879 3487 3159 3558 ζητητέον.
3199 3487 3361 3539 Φαῖεν
3401 3489 3509 3557 γὰρ
3544 3487 3677 3548 ἴσως

2087 3581 2263 3645 τινές’
2295 3582 2366 3634 Ἢ
2397 3581 2506 3650 γὰρ
2537 3581 2678 3650 οὐχὶ,
2713 3580 2808 3633 καὶ
2845 3581 3110 3652 πρότερον
3151 3579 3525 3650 τερατοποιῶν
3553 3579 3672 3630 ἐδο-

2089 3674 2314 3740 ξάζετο;
2370 3673 2566 3727 Καίτοι
2637 3671 2917 3725 θάλασσαν
2972 3671 3072 3742 μὲν
3132 3671 3526 3742 ἀγριαίνουσαν
3593 3672 3683 3722 ἐνὶ·

2085 3769 2415 3838 δυσωπήσας
2439 3766 2603 3835 λόγῳ,
2639 3765 2734 3817 καὶ
2768 3764 3090 3834 βιαιοτάτων
3115 3765 3441 3834 πνευμάτων
3474 3764 3677 3818 ἀνακό-

2084 3858 2193 3928 ψας
2233 3857 2443 3932 φοράν,
2506 3854 2887 3926 προσεκυνήθη
2946 3855 3044 3926 μὲν
3101 3854 3254 3923 παρὰ
3320 3853 3428 3906 τῶν
3489 3856 3546 3906 ἐν
3594 3850 3675 3922 τῷ

2087 3954 2258 4025 πλοίῳ
2303 3953 2447 4014 τότε,
2486 3952 2686 4021 ἤκουσε
2719 3949 2807 4015 δὲ,
2860 3950 2942 4002 ὅτι
2995 3966 3014 3999 ι
3070 3948 3311 4016 Ἀληθῶς
3354 3947 3490 4001 Θεοῦ
3544 3947 3674 4011 Υίὸς

2084 4043 2153 4102 εἴ.
2201 4067 2219 4099 ι
2257 4046 2367 4100 Καὶ
2421 4045 2527 4116 μὴν
2580 4044 2676 4097 καὶ⁴
2738 4041 2831 4094 τὸν
2876 4042 2934 4093 ὲν
3000 4043 3066 4111 τῇ
3121 4039 3365 4109 Βηθανία
3414 4039 3683 4111 Λάζαρον-

2085 4138 2521 4210 παλινδρομῆσαι
2587 4131 2900 4206 προστάξας
2969 4133 3048 4195 είς
3120 4129 3309 4199 ζωὴν,
3383 4131 3674 4201 διαϐόητον

2082 4233 2211 4305 ἔσχε
2261 4232 2322 4285 τὸ
2355 4230 2576 4300 θαῦμα,
2628 4227 2704 4293 ὡς
2751 4227 2845 4280 καὶ
2871 4224 3213 4279 ἀναϐαίνοντι
3263 4224 3404 4276 κατά
3442 4224 3536 4277 τὸν
3571 4225 3672 4295 τῆς

2081 4325 2276 4396 ἑορτῆς
2353 4322 2544 4394 καιρὸν
2629 4321 2709 4384 είς
2807 4317 3160 4388 Ἰεροσόλυμα
3241 4317 3669 4388 προϋπαντῆσαι

2082 4417 2409 4487 σύμπαντας
2459 4409 2596 4482 ὁμοῦ
2655 4411 2769 4473 τοῖς
2845 4409 3097 4479 νηπίοις,
3178 4405 3273 4460 καὶ
3335 4408 3671 4476 ἀξιάγαστον

2081 4505 2233 4576 αὑτῷ
2278 4504 2377 4575 τὴν
2433 4501 2709 4572 εὐφημίαν
2762 4497 3094 4552 ἀναπλέκειν
3157 4497 3456 4565 λέγοντας·
3513 4517 3532 4549 ι
3567 4499 3672 4552 Εὐ-

393 4607 454 4644 se
488 4592 873 4646 confluxerant
912 4593 1135 4648 satiavit
1169 4595 1383 4662 absque
1421 4594 1606 4662 pueris
1647 4601 1701 4646 et
1727 4595 1975 4649 mulieri-

2089 4598 2378 4669 λογημένος
2404 4596 2433 4648 6
2467 4593 2758 4665 ἐρχόμενος
2788 4591 2846 4643 ἐν
2883 4589 3108 4660 ὀνόματι
3169 4591 3396 4662 Κυρίου.
3438 4612 3456 4642 ι
3510 4591 3672 4646 Ἀλλά

394 4682 516 4744 bus,
551 4683 616 4736 ad
646 4685 892 4753 quinque
921 4685 1168 4739 virorum
1201 4686 1393 4740 millia.
1425 4683 1560 4738 Tam
1596 4685 1814 4740 illustre
1845 4701 1975 4739 vero

394 4775 724 4830 miraculum
765 4777 911 4831 istud
962 4780 1245 4833 nonnullis
1300 4779 1478 4833 visum
1527 4787 1634 4843 est,
1673 4784 1733 4831 ut
1791 4793 1856 4832 ea
1920 4795 1979 4833 re

397 4868 692 4934 plurimum
729 4871 944 4924 attoniti
976 4887 1155 4942 regem
1180 4887 1304 4928 etin:
1333 4887 1520 4926 creare
1547 4871 1749 4926 vellent
1768 4872 1789 4902 ⁵
1817 4885 1833 4924 :
1871 4872 1977 4925 hoc

393 4959 540 5012 enim
575 4961 912 5030 evangelista
937 4963 1096 5018 nobis
1129 4971 1367 5018 testatus
1396 4971 1503 5017 est.
1566 4962 1791 5018 Diﬂicile
1844 4979 1976 5018 vero

397 5066 505 5104 non
539 5062 626 5106 est
661 5052 998 5122 ejuscemodi
1035 5057 1283 5124 exempla
1318 5070 1652 5124 conigerere,
1686 5055 1858 5109 nihilo
1911 5055 1977 5110 iis

395 5158 520 5213 qua:
576 5145 871 5201 retulimus
930 5143 1216 5203 inferiora.
1259 5145 1548 5213 Quomodo
1607 5148 1774 5218 igitur
1833 5163 1979 5202 nunc

398 5235 758 5292 elariﬁcatum
797 5253 856 5294 se
882 5237 1036 5304 dicit,
1079 5239 1174 5310 qui
1211 5247 1265 5293 et
1298 5240 1428 5294 olim
1473 5239 1814 5297 clarificatus
1849 5242 1979 5298 est?

397 5328 742 5386 Clarilicatus
771 5332 917 5386 enim
971 5341 1054 5386 est
1079 5332 1242 5386 etiam
1276 5347 1344 5384 ex
1392 5332 1539 5396 aliis,
1579 5341 1635 5388 et
1668 5334 1852 5387 divina
1879 5350 1978 5404 po-

397 5429 593 5478 testate
625 5423 886 5490 praeditus
912 5423 1259 5478 credebatur.
1315 5421 1524 5478 Tamen
1570 5426 1980 5480 consummatio

399 5511 586 5579 gloria:
617 5513 668 5567 in
702 5513 960 5582 passione
1000 5515 1105 5569 sita
1136 5526 1273 5580 erat,
1305 5529 1469 5586 quam
1506 5529 1607 5585 pro
1639 5515 1827 5570 mundi
1863 5518 1971 5569 vita

406 5603 682 5666 sustinuit,
713 5613 766 5659 et
796 5603 849 5658 in
880 5621 944 5660 eo
974 5605 1118 5675 quod
1155 5621 1251 5676 per
1281 5605 1522 5676 seipsum
1547 5607 1968 5662 resurrectionis

479 5789 496 5817 ³
535 5785 724 5844 Matth.
762 5805 868 5853 vn,
906 5786 956 5840 6.
1041 5788 1056 5812 ³
1099 5785 1287 5842 Matth.
1331 5804 1441 5858 xiv,
1474 5789 1557 5844 .35.
1643 5788 1653 5820 "
1698 5787 1888 5845 Matth.
1927 5805 2016 5844 xu
2043 5830 2059 5859 ,
2091 5792 2140 5847 θ.
2220 5792 2236 5816 ⁵
2287 5788 2438 5845 ioan.

2076 4691 2170 4745 καὶ
2221 4688 2383 4742 πέντε
2447 4683 2745 4745 διακλάσας
2807 4680 3006 4753 ἄρτους
3078 4680 3248 4744 ποτὲ,
3312 4682 3404 4733 καὶ
3465 4681 3671 4752 ὀψάρια

2073 4783 2186 4846 δύο,
2219 4779 2546 4852 κορεσθῆναι
2614 4775 2990 4845 παρεσκεύασε
3033 4773 3132 4842 τὴν
3191 4775 3300 4828 τῶν
3363 4777 3452 4828 ἐπ’
3505 4776 3670 4828 αὐτὸν

2078 4872 2591 4944 συνδεδραμηκότων
2641 4868 2885 4939 πληθὺν,
2916 4867 3037 4937 δίχα
3088 4869 3296 4939 νηπίων
3345 4869 3440 4922 καὶ
3471 4886 3668 4937 γυναι-

2029 5005 2032 5007 .
2075 4965 2208 5026 κῶν.
2237 4966 2317 5026 εἰς
2348 4964 2507 5016 πέντε
2529 4959 2908 5012 συντείνουσαν
2932 4959 3178 5029 χιλιάδας
3199 4957 3425 5031 ἀνδρῶν.
3464 4961 3668 5015 Ἐδόκει

2075 5057 2132 5108 δὲ
2169 5054 2342 5116 οὕτως
2379 5049 2599 5114 εὐκλεὲς
2637 5051 2698 5102 τὸ
2743 5051 3279 5120 τερατουργούμενον
3325 5045 3466 5102 εἷναί
3500 5067 3666 5113 τισιν,

2076 5147 2150 5208 ὡς
2177 5147 2273 5218 τὴν
2304 5144 2396 5199 τοῦ
2429 5144 2755 5216 πράγματος
2787 5141 3347 5210 καταπεπληγμένους
3369 5143 3665 5215 ὑπεροχὴν,

2077 5240 2261 5310 ζητεῖν
2291 5237 2452 5292 αὐτὸν
2491 5235 2763 5302 ἀναδεῖξαι
2818 5237 2911 5288 καὶ
2940 5234 3165 5304 βασιλέα
3187 5249 3201 5265 ⁸
3241 5232 3398 5287 τοῦτο
3429 5235 3540 5306 γὰρ
3567 5238 3667 5290 αὺ-

2077 5332 2166 5395 τὸς
2195 5332 2326 5402 ἡμῖν
2367 5330 2395 5381 ὁ
2421 5326 2810 5397 εὐαγγελιστὴς
2857 5325 3279 5396 διεμαρτύρατο.
3321 5327 3576 5379 Χαλεπὶν
3611 5328 3666 5379 δὲ

2078 5413 2250 5486 οὐδὲν,
2278 5423 2370 5475 καὶ
2397 5419 2463 5473 δι’
2493 5421 2695 5489 ἐτέρων
2731 5419 2871 5471 ὅσων
2915 5419 3010 5469 καὶ
3045 5417 3252 5484 σφόδρα
3289 5418 3499 5472 πλατὺν
3531 5419 3669 5474 ξέναι

2082 5520 2171 5567 τὸν
2199 5515 2373 5583 λόγον,
2391 5514 2498 5565 τῶν
2526 5511 2728 5583 ἀρτίως
2757 5513 2887 5580 ἡμῖν
2904 5510 3013 5579 ἀπη
3025 5510 3107 5579 ριθ
3117 5529 3189 5580 μη
3199 5511 3375 5580 μένων
3403 5512 3670 5581 πραγμάο

2077 5625 2184 5660 των
2226 5609 2345 5659 κατ’
2393 5605 2544 5657 οὐδὲν
2576 5602 2893 5675 ἡττωμένην
2933 5601 3030 5673 τὴν
3055 5600 3212 5666 δόξαν
3247 5603 3500 5674 ἐχόντων.
3541 5604 3671 5675 Πῶς

2475 5802 2525 5844 τι
2553 5823 2567 5852 ,
2607 5785 2690 5840 i5.
