3894 6200
227 237 362 298 153

1222 244 1288 298 IN
1334 243 1620 302 JOANNIS
1674 243 2124 301 EVANGELIUM
2174 245 2302 300 LIB.
2344 245 2431 303 IX.

3429 245 3544 304 154i

219 356 349 414 οὖν
393 362 503 432 ἄρα
562 362 744 417 Λοιπὸν
773 364 802 417 6
831 362 927 418 και
980 363 1148 416 πάλαι
1208 363 1622 434 δεδοξασμένος,
1655 362 1807 417 ἐαυτέ

1919 364 2201 422 ,omnium
2242 363 2465 417 modum
2501 362 2806 417 innovavit.
2842 362 2976 419 Nam
3026 363 3070 420 si
3119 363 3382 418 rationem
3417 380 3520 435 my-

223 455 373 506 νυνὶ
407 452 714 518 δεδοξάσθαι
747 456 881 527 φησι
910 473 925 522 ;
958 454 1284 521 Δεδόξασται
1316 455 1426 526 γάρ
1483 457 1579 509 καὶ
1627 455 1695 508 δι’
1731 457 1849 509 ἐτέ-

229 557 388 609 ρων,
440 543 536 596 καὶ
565 543 906 616 θεοπρεποῦς
935 545 1186 610 ἐξουσίας
1229 546 1497 616 ὑπόληψιν
1524 547 1664 617 ἔχων
1690 547 1846 617 ἐφαί-

224 649 392 686 νετο.
408 634 479 687 Τό
507 652 569 703 γε
601 637 709 707 μὴν
748 637 852 708 τῆς
881 637 1041 709 δόξης
1077 639 1304 705 τέλειον,
1331 641 1425 694 καὶ
1452 640 1552 710 τῆς
1589 639 1843 708 εὐκλείας

223 723 310 774 τὸ
344 725 546 796 πλῆρες
566 727 624 778 ἐν
653 728 849 799 ἐκείνῳ
881 729 1099 795 πάντως
1137 726 1208 802 ἦν
1244 734 1303 785 ἐν
1334 733 1412 803 τῷ
1451 731 1642 785 παθεῖν
1674 731 1860 790 αὐτὸν,

224 813 393 884 ὑπὲρ
425 817 523 886 τῆς
543 818 638 871 τοῦ
659 819 864 891 κόσμου
893 821 1061 892 ζωῆς,
1090 823 1183 875 καὶ
1221 822 1287 876 δι’
1312 823 1505 876 ἐαυτοῦ
1539 826 1638 895 τῆς
1664 824 1840 878 ἀπάν-

219 921 356 957 των
405 908 754 974 ἀναστάσεως
806 916 1200 985 καινοτομῆσαι
1225 915 1318 968 τὸν
1356 914 1576 986 τρόπον.
1606 915 1838 968 Βασανί-

221 998 432 1062 ξοντες
457 999 567 1072 γάρ
587 1044 601 1066 ,
629 1002 706 1066 ὡς
737 1001 839 1068 ἔνι,
867 1005 1047 1068 καλῶς
1069 1005 1164 1060 τοῦ
1198 1007 1320 1061 κατ’
1348 1007 1508 1060 αὐτὸν
1539 1007 1838 1078 μυστηρίου

213 1087 336 1140 τὸν
365 1089 542 1158 λόγον,
577 1092 675 1163 οὐχ
705 1095 885 1166 ἑαυτῴ
928 1097 1113 1168 τυχὸν,
1150 1097 1270 1151 οὐδὲ
1308 1099 1514 1170 κυρίως
1543 1099 1609 1151 δι’
1647 1099 1839 1151 ἑαυτὸν

215 1179 515 1236 τεθνεῶτα
539 1186 908 1257 κατοψόμεθα,
936 1189 1050 1242 ἀλλ’
1075 1193 1216 1261 ὑπὲρ
1246 1192 1464 1261 ἁπάσης
1503 1193 1604 1262 τῆς
1633 1193 1838 1263 ἀνθρω-

214 1271 494 1342 πὸτητος,
534 1276 722 1332 παθεῖν
747 1296 806 1333 τε
833 1280 925 1334 καὶ
951 1282 1169 1352 δράσαι,
1193 1283 1254 1336 τό
1275 1301 1334 1336 τε
1362 1283 1534 1348 πάθος
1559 1284 1711 1347 αὐτὸ,
1742 1287 1836 1338 καὶ

217 1365 358 1429 μετ’
401 1367 576 1419 ἐκεῖνο
604 1368 702 1439 τὴν
752 1371 1071 1427 ἀνάστασιν.
1125 1373 1372 1446 Τέθνηκε
1419 1375 1517 1446 μὲν
1550 1376 1657 1447 γὰρ
1692 1376 1835 1428 κατὰ

212 1456 334 1524 τὴν
367 1460 547 1532 σάρκα
574 1463 674 1533 τῆς
708 1464 965 1520 ἁπάντων
1011 1468 1158 1538 ζωῆς
1194 1467 1525 1540 ἀντίρροπον
1555 1469 1654 1538 τὴν
1693 1469 1832 1522 ἰδίαν

212 1549 598 1618 ἀποδεικνὺς,
631 1557 726 1609 καὶ
782 1559 880 1628 τῆς
936 1560 1170 1630 ἀρχαίας
1225 1561 1443 1632 ἐκείνης
1492 1562 1830 1631 ἀποπληρῶν

210 1637 377 1707 ἀρᾶς
431 1641 489 1693 ἐν
536 1644 714 1712 ἐαυτῷ
777 1647 876 1717 τὴν
937 1649 1169 1720 δύναμιν
1205 1652 1234 1703 6
1285 1649 1506 1704 πάντων
1555 1651 1826 1716 ἀντάξιος.

1953 457 2108 510 sterii
2145 456 2328 521 istius,
2365 455 2544 526 quoad
2582 456 2728 517 licet,
2775 464 2923 510 recte
2982 455 3378 524 expendamus,
3423 472 3545 510 non:

1951 547 2054 600 sibi
2095 546 2199 615 ipsi
2226 561 2406 616 neque
2436 545 2658 614 proprie
2697 553 2920 614 prepter
2963 545 3207 614 seipsum
3252 554 3529 600 mortuum

1948 634 2282 698 videbimus,
2315 634 2408 688 sed
2440 649 2538 703 pro
2571 634 2831 688 universa
2865 635 3226 698 humanitate,
3271 644 3328 690 et
3362 637 3528 690 susti-

1948 726 2138 781 nuisse
2172 741 2237 780 ae
2270 725 2470 781 fecisse
2503 726 2820 796 passionem
2857 726 3055 796 ipsam,
3085 735 3141 781 et
3180 734 3304 796 post
3356 728 3530 784 illam.

1946 819 2431 873 resurrectionem.
2465 817 2715 873 Mortuus
2749 818 2895 872 enim
2932 826 3018 872 est
3065 819 3370 872 secundum
3402 835 3526 873 car-

1946 926 2092 976 nem,
2125 910 2294 963 vitam
2354 926 2511 965 suam
2562 927 2661 980 pro
2721 911 2832 964 vita
2870 911 3119 965 omnium
3184 910 3428 975 tradens,
3473 925 3535 967 et

1942 1002 2147 1056 veteris
2179 1001 2453 1056 maledicti
2487 1001 2542 1054 in
2573 1001 2762 1071 seipso
2794 1002 2901 1054 vim
2937 1001 3245 1072 adimplens
3301 1003 3393 1058 ille
3425 1020 3535 1074 pro

1941 1094 2198 1149 omnibus
2227 1093 2586 1148 aestimandus
2614 1095 2654 1148 ⁵.
2687 1094 2972 1148 Excitatus
3005 1102 3186 1148 autem
3214 1103 3299 1149 est
3331 1111 3541 1152 rursus~

1939 1200 2003 1238 ex
2041 1185 2272 1238 mortuis
2304 1183 2358 1237 in
2395 1183 2561 1236 vitam
2613 1183 3090 1250 incorruptibilem
3120 1193 3175 1238 et
3221 1193 3483 1240 teternam
3506 1230 3536 1252 ,.

1939 1283 2108 1328 totam
2141 1275 2197 1329 in
2226 1274 2413 1345 seipso
2437 1275 2716 1330 suscitans
2773 1284 3047 1329 naturam.
3083 1294 3101 1326 ‹
3142 1273 3323 1330 Semel
3373 1279 3520 1331 enim

1936 1378 2212 1432 mortuus,
2237 1376 2296 1422 ut
2327 1367 2596 1436 scriptum
2638 1377 2746 1433 est,
2775 1366 2885 1438 jam
2917 1383 3022 1422 non
3057 1368 3294 1423 moritur
3323 1412 3336 1424 .
3373 1387 3521 1425 mors

1935 1463 2012 1516 illi
2042 1478 2148 1515 non
2189 1463 2334 1514 ultra
2390 1460 2790 1514 dominabitur.
2847 1459 3006 1526 Quod
3061 1463 3208 1516 enim
3268 1472 3534 1520 mortuus-

1933 1563 2019 1608 est
2047 1560 2298 1623 peccato,
2342 1559 2594 1606 mortuus
2624 1564 2707 1606 est
2737 1553 2905 1606 semel
2935 1568 2948 1617 ;
2985 1553 3129 1622 quod
3156 1564 3336 1606 autem
3361 1555 3514 1618 vivit,

1932 1647 2068 1699 vivit
2102 1643 2270 1700 Deo".
2316 1664 2335 1696 ι
2378 1644 2618 1713 ldipsum
2657 1655 2711 1698 et
2761 1644 2828 1698 de
2886 1644 3049 1700 nobis
3105 1661 3326 1716 quoque
3383 1645 3517 1716 ipsis

227 1728 574 1802 Ἐγήγερται
620 1736 675 1787 δὲ
719 1736 880 1790 πάλιν
919 1739 984 1790 ἐκ
1011 1737 1222 1809 νεκρῶν
1271 1740 1352 1803 εἰς
1399 1739 1676 1810 ἀκήρατόν
1708 1756 1807 1790 τινε

1935 1753 2123 1792 verum
2153 1739 2260 1792 erit
2289 1746 2512 1808 propter
2539 1735 2850 1793 Christum.
2887 1733 3000 1790 Nec
3049 1740 3195 1790 enim
3252 1737 3395 1792 ultra
3431 1754 3514 1792 re-

217 1823 326 1874 ιιαὶ
360 1823 743 1896 ἀκατάληκτον
783 1829 1098 1902 ζωὴν,ὃ>.ην
1130 1832 1188 1883 ἐν
1218 1829 1396 1902 ἐαυτῷ
1427 1831 1700 1894 διανιστάς
1731 1831 1831 1901 τὴν

215 1908 416 1976 φύσιν.
450 1930 470 1964 ι
502 1914 684 1982 ’Ἀπαξ
713 1917 819 1988 γὰρ
840 1919 1148 1988 ἀποθανὼν,
1169 1922 1308 1976 κατὰ
1332 1922 1395 1976 τὸ
1421 1923 1827 1994 γεγραμμένον,

215 2003 415 2056 οὐκέτι
450 2005 788 2078 ἀποθνήσκει
824 2026 838 2040 ·
869 2012 1094 2076 θάνατος
1130 2015 1298 2068 αὑτοῦ
1338 2015 1523 2069 οὐκέτι
1558 2015 1824 2086 κυριεύει.

217 2095 300 2147 ‘U
330 2097 442 2168 γάρ
469 2098 733 2165 ἀπέθανε,
765 2106 832 2174 τῇ
864 2105 1112 2177 ἁμαρτίᾳ
1145 2107 1421 2161 ἀπέθανεν
1447 2107 1688 2176 ἐφάπαξ,
1720 2108 1748 2160 ὃ
1771 2107 1827 2160 δὲ

207 2181 318 2258 ζῇ.
347 2189 414 2260 ζῇ
447 2190 528 2260 τῷ
549 2192 687 2264 Θεῷ.
723 2213 742 2247 ι
774 2196 944 2251 Τοῦτο
989 2199 1082 2252 καὶ
1117 2201 1201 2268 ἐφ’
1233 2201 1365 2271 ἡμῖν
1403 2201 1586 2265 αὐτοῖς
1628 2201 1826 2270 ἀληθὲς

208 2279 385 2336 ἔσται
413 2284 500 2338 διὰ
532 2286 787 2355 Χριστόν.
832 2290 1277 2363 Ἐγερθησόμεθα
1303 2293 1412 2364 γάρ
1435 2293 1516 2346 ἔτι
1550 2297 1629 2358 εἰς
1656 2294 1823 2348 θάναο

208 2384 316 2426 τον
339 2373 495 2443 οὐχὶ,
531 2375 647 2429 ἀλλ’
673 2379 752 2442 είς
784 2378 932 2450 ζωὴν
972 2382 1072 2450 τὴν
1111 2383 1440 2454 ἀπέραντον,
1489 2389 1538 2439 εί
1567 2388 1661 2440 καὶ
1687 2386 1822 2440 πολὺ

214 2465 373 2532 μετά
401 2466 560 2519 τοῦτο
587 2468 698 2521 τῶν
726 2472 1104 2544 ἀνισταμένων
1137 2479 1170 2548 ἡ
1204 2477 1460 2547 διαφορά,
1500 2479 1643 2532 κατά
1666 2497 1728 2546 γε
1761 2478 1823 2535 τὸ

207 2557 282 2608 ἐν
327 2558 480 2631 δόξῃ,
507 2564 679 2634 φημὶ,
708 2566 802 2618 καὶ
849 2566 948 2637 τὴν
990 2570 1102 2633 τοῖς
1134 2568 1366 2623 ἑκάστου
1394 2571 1618 2642 τρόποις
1647 2590 1819 2644 χρεω-

210 2650 536 2722 στουμένην
582 2655 871 2710 ἀντίδοσιν.
922 2658 1221 2730 Γενόμενος
1259 2662 1440 2716 τοίνυν
1471 2663 1712 2734 ὑπήκοος
1739 2666 1820 2735 τῷ

208 2737 346 2809 Θεῷ
379 2743 475 2794 καί
501 2743 678 2815 Harp".
713 2747 876 2818 μέχρι
905 2747 1160 2814 θανάτου,
1187 2751 1422 2807 θανάτου
1449 2755 1504 2808 δὲ
1554 2757 1814 2828 σταυροῦ,

207 2833 371 2884 κατά
409 2833 506 2905 τὴν
530 2837 624 2888 τοῦ
655 2838 871 2892 Παύλου
904 2841 1110 2914 φωνὴν,
1145 2845 1478 2918 ὑπερυψώθη
1521 2849 1683 2904 πάλιν
1718 2852 1814 2904 λα-

207 2924 335 2978 σὼν
361 2927 424 2979 τὸ
447 2929 618 3000 ὄνομα
654 2930 716 2984 τὸ
763 2930 905 3004 ὑπὲρ
936 2933 1044 2988 πᾶν
1069 2934 1260 3007 ὄνομα.
1309 2939 1368 2990 Ὀ
1397 2941 1507 3011 γὰρ
1539 2943 1815 3010 νομισθεὶς

202 3016 510 3130 ἄνθίιρῖτος
544 3017 685 3130 eivs:
708 3023 881 3094 ψιλὸς,
911 3029 1316 3100 ὑπερεδοξάσθη
1335 3031 1623 3098 λίαν,Θεὸς
1644 3034 1814 3100 ὄντως
1841 3072 1884 3130 C

203 3110 310 3163 καί
342 3109 474 3176 Υἱὸς
495 3112 590 3166 τοῦ
612 3114 747 3168 Θεοῦ
769 3117 906 3171 κατά
938 3119 1198 3188 ἀλήθειαν
1225 3122 1693 3195 άναδεδειγμένος,
1713 3127 1815 3180 οὐκ

203 3203 294 3265 είς
325 3202 517 3256 καινὸν
563 3204 782 3277 ἀξίωμα
833 3211 1170 3281 κεκλημένος
1206 3213 1268 3265 τὸ
1298 3211 1436 3268 εῖναι
1465 3216 1625 3284 φύσει
1657 3216 1810 3283 Θεὸς,

203 3292 332 3345 ἀλλ’
358 3295 440 3356 είς
469 3293 608 3367 ὅπερ
656 3291 724 3366 ἦν
770 3299 868 3352 καὶ
906 3301 1013 3369 πρὸ
1044 3300 1246 3372 σαρκὸς
1280 3305 1358 3366 είς
1389 3305 1550 3358 τοῦτο
1575 3305 1640 3377 δὴ
1675 3306 1813 3360 πάν-

203 3398 324 3447 τως
355 3383 452 3438 καὶ
510 3386 628 3456 μετ’
673 3389 845 3460 αὐτῆς
895 3391 1227 3463 ἀναδραμὼν
1267 3395 1367 3465 τῆς
1411 3397 1634 3468 σαρκὸς,
1670 3398 1813 3452 κατά

201 3475 374 3528 τοῦτο
425 3476 740 3542 δεδοξάσθαι
771 3481 1069 3554 νομιοῦμεν
1101 3485 1288 3548 αὑτὸν,
1309 3489 1489 3541 καίτοι
1519 3489 1620 3560 τῆς
1650 3488 1810 3562 δόξης

201 3567 344 3621 ὄντα
365 3569 456 3623 διά
480 3573 678 3636 παντὸς
708 3575 1150 3645 ΚύριονσΚαινδν
1177 3578 1286 3650 γὰρ
1313 3580 1466 3634 οὐδὲν
1498 3582 1558 3636 ἐν
1585 3584 1810 3654 Χριστῷ

204 3657 320 3709 τῶν
353 3657 672 3730 θεοπρεπῶν
688 3663 1013 3733 ἀξιωμάτων
1033 3666 1367 3739 εὑρίσκεται,
1389 3670 1526 3742 ἔχων
1546 3671 1602 3724 δέ
1631 3673 1808 3727 πάντα

204 3749 573 3816 φυσικῶς,ὼς
602 3754 756 3821 Θεὸς,
785 3757 879 3809 καὶ
912 3758 1018 3828 θὴρδ
1040 3760 1139 3830 τῆς
1169 3759 1471 3832 λεγομένης
1501 3762 1806 3830 κενώσεως.

217 3840 386 3894 Ἀλλά
432 3844 526 3896 καὶ
574 3844 675 3915 τῆς
723 3847 1022 3920 ληφθείσης
1051 3849 1144 3903 τοῦ
1166 3851 1354 3904 δούλου
1388 3855 1623 3926 μορφῆς,
1653 3857 1807 3908 ἐπει-

202 3932 385 4005 δήπερ
437 3935 630 3990 ὲαυτδν
657 3938 981 3994 ἀνεϐίϐασεν
1027 3943 1108 4005 εις
1139 3944 1326 3998 ἐκεῖνα
1354 3945 1518 4000 πάλιν
1540 3987 1554 4010 ,
1592 3947 1687 4000 καὶ
1716 3948 1805 4000 ὅτε

203 4028 436 4095 γέγονεν
457 4029 764 4099 ἅνθρωπος,
797 4031 1120 4101 δεδοξάσθαι
1148 4040 1374 4102 νοεῖται,
1404 4041 1500 4092 καὶ
1521 4039 1806 4111 εἰληφέναι

202 4119 452 4188 λέγεται.
512 4121 898 4196 Δεδοξασμένῳ
945 4127 1237 4199 τοιγαροῦν
1282 4130 1362 4200 τῷ
1412 4132 1635 4203 Χριστῷ
1671 4151 1794 4187 συν-

203 4211 528 4278 δεδόξασται
558 4215 778 4281 πάντως
818 4219 914 4270 καὶ
944 4221 972 4272 6
995 4219 1128 4282 Θεὸς
1160 4223 1254 4275 καὶ
1284 4223 1502 4294 Πατήρ·
1538 4224 1799 4297 ἐδοξάσθη

199 4301 260 4357 δὲ
305 4303 370 4356 ἐν
404 4304 539 4376 Υῑῷ,
570 4305 632 4360 οὐ
673 4307 834 4378 δόξης
871 4311 994 4365 τινὰ
1037 4314 1360 4384 προσθήκην
1415 4315 1599 4369 λαϐὼν
1647 4317 1802 4390 παρὰ

1935 1845 2226 1900 surgemus
2253 1829 2308 1883 in
2343 1838 2597 1893 mortem,
2631 1827 2727 1882 sed
2781 1827 2836 1880 in
2871 1827 3037 1880 vitam
3068 1835 3356 1893 aeternam,
3389 1829 3516 1884 licet

1933 1937 2128 1992 magna
2164 1921 2348 1974 futura
2383 1921 2457 1975 sit
2479 1921 2698 1974 demunt
2735 1918 3063 1985 diﬂerentia,
3108 1920 3258 1989 quod
3291 1919 3356 1974 ad
3393 1922 3515 1992 glo-

1931 2014 2067 2068 riam
2100 2015 2383 2076 nimirum,
2413 2024 2468 2068 et
2499 2013 2736 2067 debitam
2770 2012 3042 2081 cujusque
3073 2014 3324 2068 moribus
3351 2016 3513 2068 retri~

1930 2106 2236 2160 butionem.
2285 2103 2488 2160 Factus
2548 2104 2718 2174 igitur
2769 2104 3035 2158 obediens
3086 2101 3196 2157 Deo
3246 2119 3313 2158 ac
3361 2103 3510 2159 Patri

1928 2211 2104 2266 usque
2157 2195 2226 2249 ad
2261 2205 2528 2257 mortem,
2565 2202 2799 2248 mortem
2852 2202 3035 2248 autem
3093 2196 3302 2259 erucis,
3352 2195 3521 2264 juxta

1925 2285 2082 2339 Pauli
2109 2299 2300 2338 vocem
2317 2284 2362 2346 ⁸,
2392 2285 2838 2354 superexaltatus
2868 2291 2956 2340 est
2985 2299 3206 2351 rursus,
3233 2287 3521 2356 accipiens

1925 2395 2126 2435 nou'ien
2170 2375 2320 2448 quod
2367 2384 2454 2432 est
2490 2392 2654 2448 super
2703 2391 2866 2430 omne
2923 2392 3123 2431 nomen
3147 2377 3193 2435 ’.
3226 2379 3329 2444 Qui
3361 2380 3509 2434 enim

1924 2473 2110 2528 nudus
2143 2477 2312 2526 homo
2367 2485 2492 2525 esse
2523 2469 2844 2540 putabatur,
2879 2483 3044 2540 supra
3083 2470 3306 2525 modum
3339 2471 3510 2538 glori-

1925 2565 2122 2618 licatus
2155 2561 2280 2627 fuit,
2312 2575 2444 2615 vere
2481 2558 2627 2615 Deus
2653 2567 2708 2613 et
2767 2556 2944 2612 Filius
2977 2575 3167 2613 revera
3236 2559 3328 2615 Dei
3382 2577 3510 2630 pro-

1920 2657 2094 2719 ditus.
2127 2669 2232 2710 nec
2254 2653 2320 2707 ad
2345 2667 2542 2708 novam
2574 2652 2866 2723 quamdam
2903 2652 3224 2722 dignitatem
3255 2663 3506 2718 vocatus,

1918 2749 2013 2820 qui
2049 2757 2247 2803 natura
2280 2748 2424 2803 Deus
2454 2754 2594 2812 erat,
2653 2745 2747 2800 sed
2802 2745 2868 2796 ad
2926 2744 2976 2797 id
3025 2747 3169 2814 quod
3209 2753 3329 2799 erat
3379 2758 3506 2800 ante

1919 2858 2169 2905 carnem,
2199 2842 2365 2896 etiam
2429 2855 2554 2894 cum
2607 2839 2724 2909 ipsa
2779 2857 2947 2894 carne
3005 2840 3246 2905 rediens,
3299 2839 3514 2894 idcirco

1918 2932 2294 2989 clarissimum
2321 2947 2446 2986 esse
2469 2931 2654 3000 ipsum
2683 2932 3023 2999 putabimus,
3051 2931 3266 2986 tametsi
3289 2946 3508 3001 semper

1917 3025 2106 3096 gloriae
2151 3023 2417 3079 Dominus
2463 3021 2755 3077 exstiterit.
2790 3021 2950 3077 Nulla
2989 3023 3134 3077 enim
3196 3037 3337 3076 nova
3385 3037 3512 3092 qua!

1917 3117 2016 3173 Dei
2054 3117 2128 3172 sit
2156 3116 2398 3186 dignitas
2450 3114 2508 3168 in
2569 3113 2795 3167 Christo
2851 3116 3155 3182 reperitur,
3191 3113 3356 3186 746
3410 3116 3504 3168 sed

1918 3209 2130 3264 habens
2194 3207 2381 3262 omnia
2439 3206 2804 3269 naturaliter,
2839 3214 2900 3259 ut
2934 3204 3106 3271 Deus,
3163 3206 3328 3260 etiam
3377 3217 3505 3262 ante

1913 3317 2038 3356 eam
2072 3314 2240 3370 quam
2271 3299 2510 3352 dicimus
2548 3297 2933 3351 iuanitionem.
2985 3296 3090 3351 Sed
3139 3304 3194 3351 et
3223 3310 3503 3366 assumpta

1913 3391 2058 3446 servi
2117 3390 2296 3444 forma
2321 3391 2390 3455 ¹⁰,
2448 3388 2899 3459 quandoquidem
2970 3390 3212 3459 seipsum
3273 3390 3341 3443 ad
3412 3391 3544 3465 illa.

1912 3500 2112 3540 rursus
2141 3484 2362 3546 extulit,
2398 3485 2562 3537 etiam
2597 3498 2722 3538 cum
2760 3482 2926 3536 homo
2966 3482 3151 3538 factus
3200 3479 3310 3550 est,
3339 3483 3504 3536 clari-

1912 3576 2111 3632 ﬁcatus
2143 3575 2495 3644 intelligitur,
2527 3583 2582 3629 et
2631 3575 2936 3642 sumpsisse
2970 3575 3192 3630 dicitur.
3237 3575 3356 3632 Una
3399 3577 3503 3631 ita-

1910 3686 2019 3740 que
2051 3683 2177 3723 cum
2209 3667 2434 3723 Christo
2460 3666 2770 3721 elarilieato
2803 3667 3141 3722 clariticatus
3168 3676 3253 3723 est
3276 3671 3500 3722 omnino

1909 3760 2057 3816 Deus
2083 3775 2148 3815 ac
2179 3758 2340 3814 l’ater
2367 3776 2381 3812 :
2417 3757 2760 3814 clariticatus
2792 3773 2925 3813 vero
2980 3767 3065 3813 est
3099 3759 3153 3812 in
3185 3759 3350 3824 Filio,
3388 3777 3497 3814 non

1907 3861 2131 3916 accepta
2183 3851 2294 3906 ulla
2345 3851 2538 3920 gloriae
2594 3853 2915 3905 accessione
2951 3868 2980 3905 ιι
3017 3868 3119 3906 suo
3153 3854 3433 3921 genimine
3467 3870 3481 3907 :

1907 3946 2090 4000 divina
2130 3945 2335 4015 quippe
2367 3950 2422 3997 et
2451 3942 2747 3998 ineﬁabilis
2786 3954 2986 3997 natura
3021 3960 3084 3999 ea
3124 3962 3353 4015 prorsus
3390 3962 3506 3998 Iton-

1907 4037 2164 4108 indiget;
2206 4037 2302 4093 sed
2339 4037 2470 4108 quia
2519 4035 2759 4089 innotuit
2794 4037 2955 4107 cujus
3011 4036 3136 4090 Filii
3183 4039 3256 4091 sit
3311 4037 3507 4094 Pater.

1907 4129 2388 4197 Quemadmodum
2415 4128 2563 4184 enim
2591 4130 2769 4200 gloria
2794 4137 2878 4184 est
2904 4129 3067 4194 Filio,
3099 4131 3262 4183 talem
3295 4130 3498 4183 habere

1906 4224 2215 4280 secundum
2250 4229 2508 4276 naturam
2531 4221 2860 4292 genit‘orem,
2888 4221 3080 4276 eodem
3108 4225 3270 4275 modo
3295 4237 3508 4276 censeo

1903 4317 2070 4372 etiam
2124 4315 2180 4369 in
2240 4313 2428 4368 Patris
2470 4314 2700 4384 gloriam
2741 4312 2960 4376 cedere,
3010 4312 3157 4382 quod
3205 4313 3372 4367 talem
3427 4329 3493 4366 ex

198 4395 299 4449 τοῦ
333 4391 464 4451 Ξδίου
492 4399 654 4471 τεννή
665 4417 850 4470 ματος·
891 4405 1145 4478 ἀνενδεὴς
1175 4407 1282 4478 γὰρ
1321 4407 1566 4462 τοιούτου
1595 4411 1797 4475 παντὸς

1919 4408 2090 4478 ιθίρεο
2116 4406 2318 4461 habeat
2356 4402 2578 4460 Filium.
2629 4403 2924 4474 Propterea
2957 4405 3134 4458 dicit:
3179 4425 3196 4456 ι
3239 4403 3296 4458 Si
3350 4404 3494 4461 Deus

205 4488 380 4558 ἠθεία
404 4505 465 4542 τε
519 4491 610 4544 καὶ
641 4493 878 4564 ἄρρητος
905 4495 1065 4564 φύσις
1095 4513 1112 4531 ο
1139 4498 1253 4552 ἀλλ’
1277 4497 1508 4571 ἐπείπερ
1546 4500 1792 4572 ἐγνώσθη

1919 4499 2228 4554 ιιιιιίίίοιιιυε
2265 4505 2351 4552 est
2380 4497 2434 4552 in
2465 4513 2552 4562 eo,
2600 4508 2656 4552 et
2689 4498 2837 4554 Deus
2885 4497 3217 4551 clariﬁeabit
3253 4513 3381 4552 eum
3436 4499 3492 4552 in

198 4581 350 4643 τίνος
373 4581 492 4635 ἐστὶ
524 4584 732 4656 Πατήρ.
765 4585 972 4659 ’Όνπερ
1005 4588 1112 4660 γάρ
1143 4589 1346 4658 τρόπον
1377 4591 1504 4658 δόξα
1539 4591 1636 4645 καὶ
1668 4593 1796 4648 καύ-

199 4688 358 4742 χημα
407 4673 468 4726 τὸ
509 4677 747 4730 τοιοῦτον
789 4677 934 4747 ἔχειν
975 4679 1119 4733 κατὰ
1162 4682 1324 4751 φύσιν
1358 4683 1679 4754 γεννήτορά,
1701 4685 1794 4738 τὸν

123 4822 125 4825 ι
199 4764 366 4817 ἀύτὸν
399 4761 558 4835 οἶμαι
623 4769 824 4840 τρόπον
857 4772 951 4824 καὶ
987 4771 1135 4841 αὐτῷ
1172 4773 1250 4844 τῷ
1309 4776 1486 4846 Πατρὶ
1517 4775 1645 4841 δόξα
1699 4779 1795 4832 καὶ

200 4855 468 4926 καύχημα
505 4858 568 4910 τὸ
598 4860 838 4914 τοιοῦτον
868 4862 1012 4933 ἔχειν
1040 4863 1100 4929 ἐξ
1139 4865 1334 4918 ἑαυτοῦ
1363 4867 1455 4920 τὸν
1478 4868 1610 4922 ἴδιον
1643 4871 1793 4926 Υίόν.

199 4946 300 4998 Διά
327 4945 488 4999 τοῦτό
523 4964 720 5017 φησιν·
753 4969 772 5001 ι
797 4952 858 5004 Ei
888 4955 916 5005 6
945 4953 1078 5016 Θεὸς
1117 4954 1378 5027 ἐδοξάσθη
1420 4957 1479 5010 ἐν
1505 4957 1674 5029 αὐτῷ,
1699 4961 1795 5012 καὶ

199 5039 225 5088 ὁ
255 5037 393 5100 Θεὸς
426 5037 640 5102 δοξάσει
690 5041 873 5098 αὐτόν.
901 5063 919 5096 ι
962 5045 1117 5115 ’Ἅμα
1155 5047 1264 5118 γὰρ
1309 5048 1570 5120 ἐδοξάσθη
1604 5052 1794 5122 Πατὴρ

199 5127 287 5180 διά
331 5129 425 5180 τὸν
464 5130 614 5195 Υίδν,
660 5135 754 5186 καὶ
799 5135 1152 5200 ἀντεδόξασεν
1201 5139 1362 5203 εὐθὺς
1394 5141 1484 5194 τὸν
1509 5142 1671 5194 Υίόν·’
1703 5144 1790 5196 ἐπ’

201 5220 367 5286 ἄμφω
410 5221 519 5291 γάρ
563 5222 630 5276 δι’
659 5226 862 5296 ἀμφοῖν
900 5229 962 5282 τὸ
997 5232 1096 5302 τῆς
1150 5232 1310 5302 δόξης
1356 5233 1528 5304 ὄνομα
1581 5235 1784 5305 τρέχει.

202 5312 342 5384 Πλὴν
374 5313 461 5367 ἴνα
492 5317 586 5370 καὶ⁵
625 5319 683 5372 ἐν
717 5323 830 5385 τοῖς
863 5324 985 5376 καθ’
1009 5326 1157 5397 ἡμᾶς
1183 5326 1280 5397 τὴν
1306 5331 1401 5382 τοῦ
1435 5328 1596 5398 λόγου
1619 5339 1788 5382 κατα-

201 5406 518 5480 6.6άσωμεν
546 5411 796 5484 δύναμιν,
828 5416 1094 5485 ὠφελείας
1137 5423 1250 5483 τοῖς
1284 5419 1658 5492 ἀκροωμένοις
1707 5421 1787 5474 τί-

203 5510 419 5562 κωντες
447 5499 726 5574 ἀφορμὴν,
757 5507 934 5559 ἐκεῖνο
962 5510 1172 5573 τούτοις
1201 5511 1510 5580 ἐποίσομεν.
1538 5513 1598 5565 Εἰ
1627 5510 1780 5577 δοξά-

271 5678 291 5708 ⁶
331 5677 509 5735 Galat.
544 5698 635 5738 ιιι.
673 5682 757 5742 l3.
835 5687 852 5714 ⁷
881 5683 1040 5743 Rom.
1076 5704 1150 5754 '.'l,
1182 5689 1243 5755 9,
1285 5687 1367 5743 in.

1507 5690 1742 5765 Philipp.
1784 5710 1858 5764 ιι,

1894 4594 2214 4661 semetipso.
2254 4611 2274 4643 ι
2325 4588 2501 4647 Simul
2559 4594 2708 4648 enim
2781 4593 3118 4648 clariticatus
3179 4602 3268 4647 est
3329 4591 3493 4648 Pater

1895 4693 2122 4757 propter
2153 4684 2385 4744 Filium.
2423 4693 2479 4739 et
2516 4686 2703 4738 statim
2737 4683 2935 4738 Filium
2981 4685 3228 4739 vicissim
3281 4686 3491 4738 clariti-

1895 4779 2086 4834 cavit:
2119 4777 2188 4832 ad
2241 4785 2543 4846 utrumque
2590 4778 2781 4847 gloria:
2831 4794 3034 4832 nomen
3089 4779 3350 4858 pertinet.
3389 4776 3492 4830 Ve-

1895 4877 2208 4924 rutntamen
2238 4877 2298 4922 ιιι
2329 4879 2383 4924 et
2415 4867 2482 4922 ad
2510 4883 2612 4924 nos
2650 4885 2826 4939 usque
2853 4872 3127 4926 sermonis
3163 4871 3273 4924 vim
3306 4869 3485 4940 depri-

1894 4977 2137 5026 tnatnus,
2167 4961 2424 5017 utilitatis
2477 4962 2827 5016 occasionem
2893 4961 3248 5017 auditoribus
3291 4971 3484 5048 partu.

1891 5052 2119 5117 rientes,
2150 5051 2281 5105 illud
2309 5051 2397 5106 his
2420 5051 2711 5105 addemus.
2744 5049 2802 5104 Si
2833 5051 3207 5108 elarillcamus
3237 5053 3291 5107 in
3323 5051 3484 5108 nobis

1889 5144 2028 5214 ipsis
2062 5142 2254 5208 Deum,
2277 5143 2611 5213 sperandum
2641 5151 2726 5198 est
2775 5159 2878 5198 nos
2912 5144 3276 5198 clariticatum
3312 5144 3378 5198 iri
3413 5144 3484 5199 ab

1892 5252 1979 5291 eo.
2015 5253 2034 5287 ι
2076 5234 2213 5290 Vivo
2246 5238 2391 5291 enim
2424 5252 2546 5306 ego,
2577 5236 2717 5291 dixit
2761 5234 3052 5304 Dominus,
3103 5236 3236 5306 quia
3268 5237 3447 5306 glorili
3476 5266 3484 5271 -

1894 5337 2088 5384 cantes
2119 5343 2205 5383 me
2223 5329 2567 5398 gloriﬁcabo,
2595 5338 2650 5385 et
2703 5345 2813 5384 non
2847 5337 3183 5400 spernentur
3211 5328 3274 5383 ".
3306 5348 3326 5382 ι
3363 5328 3493 5383 Οιιιο

1892 5421 2138 5475 rilicatur
2185 5431 2366 5476 autem
2407 5436 2508 5492 per
2545 5437 2648 5477 nos
2707 5431 2763 5478 et
2801 5421 2856 5476 in
2916 5422 3078 5476 nobis
3145 5420 3311 5486 Deus,
3351 5435 3480 5475 cum

1893 5515 2137 5586 depulsis
2165 5516 2426 5573 sordibus
2485 5517 2690 5587 peccati
2723 5533 2819 5588 per
2876 5531 3040 5571 omne
3070 5530 3214 5585 opus
3266 5516 3478 5571 bonum

1897 5695 1950 5752 8.
2029 5697 2047 5727 ⁹
2092 5696 2218 5753 ibid.
2262 5698 2315 5754 9.
2397 5697 2443 5728 "
2481 5694 2616 5753 ibid.
2653 5694 2704 5750 6.
2745 5695 2785 5727 ¹¹
2828 5692 2847 5749 ι
2882 5692 3014 5766 Reg,
3056 5710 3128 5760 ιι,
3163 5694 3219 5749 9.
