3894 6200
1391 268 1449 323 s.
1486 268 1769 325 CYRILLI
1807 225 2288 323 ALEXANDRINI
2326 264 2652 322 suum.
3589 269 3694 326 nis

416 384 668 433 nostram
697 376 866 433 vitam
905 377 1272 434 illustramus.
1301 377 1554 437 Vivimus
1582 383 1730 438 enim
1765 383 1871 438 hoc
1900 396 2000 452 pa-

2105 381 2271 454 ζομεν
2296 383 2354 436 ἐν
2377 382 2589 442 ἑαυτοῖς
2629 379 2720 432 τὸν
2752 379 2904 446 Θεὸν,
2941 381 3403 455 προσδοκήσαιμεν
3432 384 3699 452 ὅτιδοξα-

414 474 509 524 cto
541 470 595 523 in
629 469 860 540 gloriam
891 469 1034 540 ejus.

2113 473 2428 545 σθησόμεθα
2457 471 2587 544 παρ’
2613 471 2801 526 αὑτοῦ.
2841 489 2861 523 ι
2901 473 2986 525 Ζῶ
3011 473 3120 544 γὰρ
3146 474 3444 544 ηὲγὼ,λέγει
3470 475 3694 547 Κύριος,

413 559 500 614 ὅτι
541 563 666 626 τοὺς
715 563 1038 629 δοξάζοντάς
1081 581 1147 635 με
1219 564 1464 630 δοξάσω,
1499 566 1595 621 καὶ⁹
1659 567 1760 622 οὐκ
1832 566 2378 638 ὲξουδενωθήσονται.
2421 585 2442 618 ι
2497 565 2793 631 Δοξάζεται
2851 566 2910 620 δὲ
2959 567 3027 620 δι’
3087 566 3245 637 ἡμῶν
3304 568 3401 621 καὶ
3456 568 3515 622 ὲν
3565 570 3700 641 ἡμῖν

412 657 445 710 ὁ
475 653 646 720 Θεὸς,
721 656 849 709 ὅταν
904 657 994 711 τὸν
1043 659 1108 712 ὲκ
1161 657 1265 730 τῆς
1314 660 1591 732 ἁμαρτίας
1644 663 2039 734 παρωσάμενοι
2115 659 2308 732 ῥύπον,
2351 659 2443 714 διὰ
2489 661 2670 732 πάσης
2721 661 3087 733 ἀγαθοεργίας
3137 661 3244 715 τὸνι
3286 664 3484 717 οἰκεῖον
3531 680 3676 719 κατα

419 245 538 320 iss

415 747 796 818 φαιδρόνωμεν
850 748 984 818 βίον.
1013 750 1204 820 Ζῶμεν
1245 750 1354 825 γάρ
1395 750 1570 817 οὕτως
1610 754 1692 817 εἰς
1716 754 1875 822 δόξαν
1905 751 2095 809 αὐτοῦ.

488 835 630 900 XIII,
659 837 749 891 55.
782 836 995 905 Filioli,
1029 839 1202 894 adhuc
1238 843 1505 898 modicum
1551 843 1818 899 vobiscum
1851 861 1993 904 sum.

490 927 785 984 lnfantium
815 937 871 985 et
900 945 1093 988 recens
1115 932 1393 988 editorum
1423 935 1546 991 loco
1572 944 1627 992 et
1655 937 1850 993 ordine
1884 938 1996 993 eol-

416 1020 564 1073 locat
583 1019 910 1090 discipulos,
937 1022 1070 1078 licet
1091 1023 1159 1078 ad
1190 1033 1402 1080 tantam
1427 1027 1652 1086 virtutis
1678 1045 1997 1086 mensuram

416 1119 662 1176 evectos,
698 1120 962 1183 tantaque
1015 1117 1312 1186 prudentia
1361 1119 1628 1188 praaditos
1696 1129 1904 1192 quanta
1939 1120 1997 1176 in

419 1202 608 1273 paucis
647 1203 982 1271 inveniatur,
1047 1207 1174 1262 hinc
1232 1211 1580 1279 apertissime
1632 1211 1842 1269 docens
1872 1229 1996 1269 eum

417 1296 514 1366 qui
542 1295 702 1350 valde
729 1296 894 1350 etiam
928 1298 1212 1368 perfectus
1234 1299 1381 1356 inter
1403 1303 1660 1360 homines
1688 1313 2002 1372 censeatur,

418 1386 686 1442 infantem
713 1404 838 1444 esse
872 1399 929 1445 et-
955 1391 1156 1448 rudem.
1174 1393 1319 1463 apud
1347 1393 1540 1450 Deum.
1572 1396 1726 1463 Quid
1747 1399 1894 1454 enim
1919 1407 2005 1454 est

415 1481 711 1550 prudentia
739 1482 1001 1549 hominis,
1033 1485 1081 1540 si
1117 1501 1245 1540 cum
1278 1489 1528 1545 universi
1556 1489 1755 1560 opiﬁce
1781 1491 2004 1562 sapien-

417 1572 494 1626 tia
535 1577 935 1643 comparetur?
960 1575 1173 1633 Idcirco
1207 1578 1502 1637 Psalmista
1537 1581 1608 1637 ad
1639 1582 1811 1639 Deum
1853 1585 2003 1641 dice-

414 1661 544 1717 bat:
583 1684 600 1715 ‹
641 1665 710 1720 Ut
755 1665 1070 1735 jumentum
1125 1668 1306 1726 factus
1331 1687 1455 1726 sum
1488 1672 1637 1742 apud
1663 1680 1718 1729 te
1743 1674 1809 1728 ".
1844 1693 1863 1726 ι
1897 1673 2003 1729 Ne-

2174 845 2402 913 Τεκνία,
2432 845 2521 900 ἔτι
2541 845 2759 916 μικρὸν
2781 847 3010 916 χρόνον
3035 849 3164 918 μεθ’
3194 847 3363 917 ὑμῶν
3389 850 3530 918 ειμι.

2181 938 2269 993 Ἐν
2304 942 2371 1011 τῇ
2403 939 2512 993 τῶν
2555 941 2784 995 τεκνίων
2824 939 2999 1006 τάξει,
3027 943 3120 996 καὶ
3143 941 3201 995 ὲν
3233 944 3348 1006 τοῖς
3390 944 3704 1015 ἀρτιτόκοις
3761 976 3766 980 τ

2100 1030 2326 1103 βρέφεσι
2348 1033 2675 1087 κατατάττει
2704 1034 2833 1098 τοὺς
2859 1033 3318 1106 μαθητάς,καίτοι
3340 1036 3478 1108 πρὸς
3506 1037 3702 1092 τοσοῦ-

2098 1140 2189 1177 τον
2250 1123 2453 1195 ἀρετῆς
2523 1124 3005 1197 ἀναπηδήσαντας
3045 1125 3289 1196 μέτρον,
3324 1126 3420 1182 καὶ.
3480 1127 3704 1181 σύνεσιν

2098 1216 2324 1288 ἔχοντας
2353 1218 2452 1288 τὴν
2485 1217 2686 1287 ὀλίγοις
2712 1217 3178 1290 κατωρθωμένην,
3207 1219 3423 1283 δεικνὺς
3450 1219 3537 1273 διὰ
3569 1220 3702 1274 τού-

2097 1325 2191 1362 του
2211 1348 2226 1374 ,
2256 1308 2354 1362 καλ⁵
2405 1309 2563 1380 μάλα.
2594 1310 2804 1380 σαφῶς,
2848 1311 2931 1364 ὅτι
2960 1309 3056 1364 καὶ
3075 1311 3116 1364 εό
3165 1310 3372 1380 σφόδρα
3403 1310 3610 1375 τέλειος
3639 1313 3702 1365 ὲν

2097 1398 2410 1471 ἀνθρώποις
2445 1401 2830 1466 ὑποπτευθεὶς,
2869 1402 3061 1472 νήπιός
3092 1402 3210 1455 ἐστι
3259 1403 3411 1474 παρὰ
3451 1403 3528 1473 τῷ
3553 1403 3697 1473 Θεῷ,

2099 1492 2196 1544 καὶ
2243 1491 2450 1562 βραχὺς
2496 1491 2594 1555 τὰς
2634 1491 2860 1564 φρέναςι
2907 1492 2974 1544 Τί
3006 1493 3114 1563 γὰρ
3149 1495 3194 1564 ἡ·
3233 1494 3522 1565 ἀνθρώπου
3567 1493 3700 1548 σύν-

2099 1601 2216 1645 εσις
2241 1623 2256 1647 ,
2285 1582 2363 1646 ὡς
2405 1583 2547 1653 πρὸς
2596 1581 2693 1654 τὴν
2719 1583 2828 1636 τῶν
2884 1584 3021 1638 ὅλων
3065 1586 3302 1654 τεχνῖτιν
3341 1585 3569 1652 σοφίαν;
3599 1584 3702 1637 Διά

2099 1673 2260 1728 τοῦτό
2302 1691 2388 1740 τις
2435 1675 2656 1744 ψάλλων
2703 1674 2858 1743 ἔλεγε
2919 1675 3056 1746 πρὸς
3110 1675 3243 1728 Θεόν
3288 1694 3302 1707 ·
3343 1695 3362 1728 ι
3403 1673 3701 1746 Κτηνώδης

415 1769 524 1824 que
569 1770 700 1810 vero
760 1771 911 1812 sanae
940 1761 1142 1817 mentis
1205 1763 1352 1819 ullus
1387 1764 1594 1820 dixerit
1642 1766 1996 1822 Psalmistam

2105 1766 2400 1838 ἐγεννήθην
2433 1766 2588 1838 παρά
2610 1767 2714 1823 σοί.
2754 1768 2923 1821 ’.Καὶ
2949 1767 3071 1839 οὐχὶ
3105 1768 3324 1831 πάντως
3355 1769 3475 1839 ἐρεῖ
3498 1785 3607 1832 τις,
3647 1769 3704 1822 ετ

410 1847 721 1916 jumentum
748 1850 872 1906 ideo
906 1854 1093 1908 vocari
1120 1855 1268 1924 quod
1305 1855 1416 1913 Deo
1444 1857 1741 1914 adhaeserit
1796 1877 1810 1914 :
1847 1867 1998 1916 esset

413 1939 560 1993 enim
595 1942 783 2011 gravis
815 1944 921 1999 ista
951 1944 1008 1999 in
1043 1955 1302 2002 naturam
1350 1949 1596 2004 divinam
1639 1950 1995 2018 contumelia,

415 2045 781 2104 magnamque
811 2034 864 2089 in
901 2052 962 2092 se
995 2039 1284 2096 continere
1325 2041 1730 2098 absurditatem
1776 2042 1997 2100 videre-

414 2131 528 2178 tur.
557 2123 694 2179 Nam
733 2128 825 2197 qui
882 2129 1091 2186 homini
1146 2133 1384 2203 sapienti
1442 2133 1708 2200 adhaeret,
1743 2142 1799 2190 et
1849 2136 1997 2206 apud

414 2231 542 2271 eum
577 2217 756 2274 factus
786 2229 872 2275 est
895 2221 914 2292 (
938 2223 1178 2292 aptanda
1208 2225 1352 2280 enim
1383 2236 1488 2290 est,
1521 2235 1580 2282 ut
1614 2242 1763 2291 reor,
1798 2229 1997 2298 psalmi

379 2307 610 2374 dictio,
641 2319 868 2383 propter
916 2319 1143 2385 usum),
1177 2333 1525 2390 nequaquam
1579 2327 1640 2374 ut
1687 2320 1995 2390 jumentum

422 2400 616 2466 fuerit,
647 2403 746 2459 sed
795 2419 962 2474 sagax
988 2406 1197 2476 potius,
1228 2415 1283 2463 et
1323 2410 1595 2479 prudens,
1632 2425 1697 2466 ac
1731 2412 1996 2482 singulari

417 2495 648 2549 solertia
684 2497 970 2566 prazditus.
998 2498 1157 2564 Quod
1188 2499 1234 2556 si
1266 2502 1392 2570 quis
1423 2517 1530 2558 non
1568 2503 1772 2573 injuria
1807 2519 1996 2558 verum

415 2585 578 2658 75.7
617 2586 672 2642 id
703 2603 827 2644 esse
867 2589 1108 2656 dixerit,
1172 2593 1451 2660 quomodo
1507 2610 1619 2649 non
1682 2594 1860 2650 futiiis
1892 2595 1998 2649 erit

414 2679 672 2749 quisquis
702 2680 985 2736 existimet
1026 2683 1302 2739 hominem
1350 2687 1653 2757 sapientem
1694 2687 1996 2742 belluinum

414 2778 472 2824 et
500 2770 754 2826 insanum
788 2771 925 2839 fore,
953 2773 1082 2829 licet
1116 2775 1220 2845 ipsi
1245 2776 1339 2833 Dei
1365 2778 1653 2848 sapientia:
1682 2779 2000 2834 adhaereat?

417 2860 558 2927 Quid
601 2878 732 2934 ergo
757 2871 866 2929 est,
898 2865 1100 2935 inquit,
1134 2868 1282 2937 quod
1333 2870 1497 2923 etiam
1555 2870 1698 2925 inter
1747 2870 1998 2927 homines

415 2953 884 3022 sapientissimus,
931 2955 980 3009 si
1008 2971 1132 3010 cum
1179 2957 1273 3013 Dei
1301 2960 1574 3030 sapientia
1624 2970 1996 3030 comparetur,

417 3051 478 3096 ut
519 3043 832 3113 jumentum
879 3049 1192 3104 censendus
1235 3051 1331 3114 sit,
1387 3059 1442 3104 et
1475 3051 1622 3106 inter
1649 3051 1878 3107 insanos
1913 3069 2000 3110 rc-

415 3138 746 3207 putandus?
805 3141 1286 3208 Quemadmodum
1339 3144 1488 3199 enim
1559 3145 1848 3198 minimum
1908 3145 1996 3200 in—

417 3238 502 3284 ter
546 3237 697 3285 astra
745 3248 1098 3304 nequaquam
1157 3251 1286 3289 cum
1337 3235 1475 3291 solis
1530 3235 1704 3291 radiis
1735 3235 1994 3301 certabit,

419 3337 599 3393 neque
627 3339 795 3395 grave
831 3339 1029 3381 saxum
1063 3341 1188 3381 cum
1245 3335 1432 3381 monte
1485 3325 1734 3382 omnium
1797 3325 2004 3381 altissi-

419 3430 533 3483 mo,
570 3416 652 3472 sic
695 3417 984 3472 hominum
1037 3419 1334 3489 prudentia
1386 3436 1671 3490 nunquam
1732 3435 1859 3474 cum
1908 3419 2002 3476 Dei

419 3503 692 3580 sapientia
741 3510 949 3580 poterit
985 3511 1318 3581 comparari,
1357 3510 1471 3566 imo
1508 3527 1642 3566 vero
1694 3511 1833 3566 nihil
1897 3511 2004 3567 erit

422 3617 652 3672 prorsus
701 3601 770 3656 ad
827 3601 980 3656 illam
1036 3611 1378 3674 comparata.
1442 3601 1636 3658 Infans
1684 3603 1852 3673 igitur
1918 3612 2003 3660 est

421 3695 587 3749 etiam
620 3695 917 3766 perfectus.
949 3695 1165 3750 Modico
1194 3711 1328 3752 vero
1357 3703 1606 3766 tempore
1656 3712 1781 3749 eum
1837 3695 2006 3751 disci-

423 3786 570 3855 pulis
605 3787 722 3842 suis
753 3785 871 3842 fore
897 3803 957 3842 se
985 3787 1246 3844 Christus
1275 3787 1479 3854 aiebat,
1505 3803 1613 3842 non
1647 3788 1810 3858 quasi
1843 3788 2005 3857 plane

424 3891 769 3945 recessurus,
803 3895 986 3950 neque
1018 3880 1244 3934 omnino
1299 3879 1626 3935 alienandus
1664 3899 1678 3934 :
1715 3881 2004 3935 nobiscum

421 3969 570 4023 enim
605 3978 689 4025 est
725 3972 984 4027 omnibus
1017 3971 1232 4038 diebus,
1251 3972 1415 4027 etiam
1444 3988 1618 4042 uSque
1649 3972 1716 4026 ad
1746 3988 2006 4028 consum-

423 4062 717 4116 mationem
747 4065 958 4128 saeculi,
983 4063 1148 4134 juxta
1191 4078 1383 4119 vocem
1422 4063 1600 4134 ipsius
1623 4065 1664 4096 "
1696 4083 1709 4119 :
1750 4064 1846 4120 sed
1875 4065 2002 4135 quia

422 4155 478 4208 in
510 4169 679 4210 carne
732 4172 842 4211 non
882 4157 1110 4212 sitcum
1165 4157 1234 4213 iis
1293 4157 1538 4224 futurus,
1602 4159 1749 4214 sicut
1800 4160 1914 4215 heri
1952 4173 2004 4214 et

421 4249 854 4317 nudiustertius,
907 4251 1148 4307 instabat
1204 4267 1337 4307 vero
1405 4252 1641 4319 foribus,
1701 4256 1811 4307 imo
1860 4254 2005 4307 intra

422 4351 612 4412 portas
649 4352 768 4398 erat
800 4352 1016 4412 tempus
1073 4345 1412 4400 reversionis
1443 4345 1511 4399 ad
1544 4345 1757 4400 Patrem
1797 4363 1864 4401 ex
1899 4347 2005 4400 hoc

2099 1874 2163 1926 γε
2197 1857 2320 1911 νοῦν
2346 1856 2481 1928 ἔχοι,
2525 1858 2613 1912 διὰ
2647 1858 2743 1912 τοῦ
2791 1857 3148 1928 κεκολλῆσθαι
3177 1857 3256 1929 τῷ
3283 1858 3424 1929 Θεῷ,
3447 1859 3699 1928 κτηνώδη

2098 1948 2351 2018 λέγεσθαι
2391 1951 2484 2004 τὸν
2525 1949 2799 2019 ψάλλοντα
2839 1967 2855 1979 ·
2889 1949 2976 2020 είη
3026 1950 3135 2019 γὰρ
3181 1949 3249 2004 ἂν
3297 1949 3458 2004 τοῦτο
3501 1949 3702 2020 πικρὸν

2097 2043 2197 2114 τῆς
2227 2041 2379 2106 θείας
2413 2041 2630 2112 φύσεως
2677 2041 3042 2113 κατηγόρημα
3064 2080 3078 2104 ,
3107 2041 3201 2094 καὶ
3237 2041 3440 2112 πολλὴν
3470 2042 3534 2094 ἂν
3575 2040 3702 2112 ἕχον

2097 2129 2274 2202 ὁρῷτο
2308 2131 2409 2203 τὴν
2443 2131 2695 2185 ἀτοπίαν.
2735 2130 2792 2184 '0
2832 2130 2930 2200 μὲν
2960 2129 3069 2200 γὰρ
3106 2127 3383 2200 ἀνθρώπῳ
3422 2128 3702 2199 κολλώμε-

2098 2239 2188 2286 νος
2217 2222 2386 2294 σοφῷ,
2414 2224 2509 2277 καὶ
2546 2223 2677 2294 παρ’
2714 2221 2864 2293 αὑτῷ
2909 2221 3196 2292 γινόμενος
3229 2223 3333 2291 (δεῖ
3368 2221 3497 2291 γὰρ,
3519 2219 3697 2291 οἶμαι,

2097 2315 2198 2385 τὴν
2215 2315 2370 2382 λέξιν
2391 2316 2486 2369 τοῦ
2506 2315 2724 2386 ψαλμοῦ
2764 2315 3214 2386 συναρμόσασθαι
3234 2313 3324 2367 διὰ
3346 2313 3445 2385 τὴν
3462 2313 3697 2384 χρείαν),

2100 2409 2386 2480 κτηνώδης
2425 2409 2526 2462 οὐκ
2565 2407 2631 2462 ἂν
2682 2407 2894 2476 γένοιτό
2928 2423 3085 2472 ποτε,
3123 2405 3376 2476 ἀγχίνους
3401 2405 3459 2458 δὲ
3498 2404 3703 2475 μᾶλλον

2100 2500 2198 2553 καὶ
2246 2499 2493 2562 συνετὸς..
2541 2499 2635 2551 καὶ
2671 2497 2869 2570 δριμὺς
2905 2498 2986 2560 είς
3029 2496 3314 2566 φρόνησιν.
3347 2494 3409 2548 Et
3437 2494 3500 2565 δὴ
3540 2493 3703 2547 τοῦτο

2101 2592 2234 2663 φαίη
2260 2609 2346 2655 τις
2375 2591 2466 2656 ἂν,
2489 2592 2584 2643 καὶ
2607 2589 2756 2661 μάλα
2784 2589 3012 2652 δικαίως
3044 2589 3313 2659 ὑπάρχειν
3335 2586 3554 2658 ἀληθὲς,
3576 2587 3700 2650 πῶς

2098 2681 2199 2734 οὐκ
2234 2679 2300 2734 ἂν
2332 2681 2498 2734 οἴοιτο
2521 2679 2707 2751 ληρῶν
2731 2721 2746 2743 ,
2777 2678 2869 2732 τὸν
2919 2671 3031 2746 ᾦγε
3063 2678 3296 2748 πάρεστι
3335 2678 3574 2746 φρονεῖν,
3594 2675 3703 2734 ,ὅτι

2099 2773 2379 2845 κτηνώδης
2404 2773 2576 2838 ἔσται,
2595 2773 2686 2826 καὶ
2703 2772 2888 2835 ἄνους,
2915 2773 2944 2824 ὁ
2973 2773 3105 2842 παρ’
3133 2769 3269 2841 αὐτῇ
3302 2769 3591 2838 γενόμενος
3627 2769 3693 2841 τε

2103 2867 2264 2938 σοφίᾳ
2299 2864 2395 2919 τοῦ
2442 2864 2614 2932 Θεοῦ;
2650 2864 2716 2918 Τί
2762 2854 2856 2920 οὖν
2881 2863 3020 2935 ἆρα,
3049 2862 3236 2933 φησὶν,
3267 2862 3350 2914 ὅτι
3391 2862 3486 2914 καὶ
3513 2861 3542 2912 ό
3574 2859 3700 2911 λίαν

2103 2960 2268 3029 σοφὸς
2309 2961 2366 3012 ὲν
2417 2955 2746 3028 ἀνθρώποις,
2783 2957 2833 3008 εί
2863 2952 3066 3026 τῇ-τοῦ
3104 2951 3249 3007 Θεοῦ
3281 2950 3442 3022 σοφίᾳ
3473 2949 3702 3019 συγκρίρ

2103 3068 2266 3114 νοιτο,
2307 3048 2590 3119 κτηνώδης
2638 3065 2699 3101 τε
2747 3047 2824 3100 ὢν
2879 3045 3217 3117 ὀφθήσεται,
3246 3043 3340 3098 καὶ
3369 3045 3428 3096 ὲν
3457 3044 3570 3105 τοῖς
3599 3043 3703 3099 οὐκ

2103 3143 2290 3213 ἔχουσι
2345 3140 2470 3195 νοῦν
2518 3140 2953 3211 λογισθήσεταις
2997 3138 3208 3208 Ὀνπερ
3263 3136 3372 3206 γὰρ
3432 3135 3635 3206 τρόπον
3669 3134 3702 3186 6

2107 3233 2434 3304 μικρότατος
2469 3233 2580 3286 τῶν
2610 3232 2854 3302 ἀστέρων
2887 3229 2988 3284 οὐκ
3029 3228 3096 3282 ἂν
3128 3230 3248 3290 ταῖς
3278 3226 3428 3297 ἡλίου
3465 3225 3701 3295 φιλονειρ-

2103 3325 2228 3394 κοίη
2251 3324 2455 3396 βολαῖς,
2490 3324 2604 3378 ἀλλ’
2635 3323 2757 3378 οὐδὲ
2793 3322 2939 3385 λίθος
2970 3323 2998 3376 ὁ
3027 3320 3195 3392 βαρὺς
3227 3319 3343 3390 ὄρει
3366 3318 3444 3390 τῷ
3476 3319 3701 3372 πάντων

2105 3419 2424 3489 ὑπερφερεῖ,
2455 3417 2629 3480 οὕτως
2662 3414 2988 3486 ἀνθρώπων.
3003 3414 3218 3476 σύνεσις
3271 3410 3454 3465 οὐκᾶν
3481 3409 3702 3464 δύναιτό

2105 3529 2238 3565 ποτε
2284 3513 2351 3582 τῇ
2403 3510 2498 3564 τοῦ
2546 3509 2682 3563 Θεοῦ
2745 3509 2908 3578 σοφίᾳ
2965 3506 3377 3577 συγκρίνεσθαι,
3412 3505 3612 3575 μᾶλλον
3641 3505 3701 3557 δὲ

2104 3605 2257 3659 οὐδὲν
2298 3604 2434 3667 ὅλως
2485 3602 2638 3655 ἔσται
2681 3601 2820 3671 πρὸς
2877 3599 3096 3670 ἐκείνην
3143 3597 3443 3661 παντελῶς.
3473 3596 3702 3650 Τεκνίον

2104 3697 2214 3768 ἄρα
2258 3694 2351 3748 καὶ
2388 3696 2417 3748 ὁ
2459 3693 2683 3756 τέλειος.
2726 3691 2941 3762 Μικρόν
2981 3707 3044 3756 γε
3087 3690 3198 3761 μὴν
3233 3689 3314 3743 ἑτι
3345 3690 3535 3760 χρόνον
3570 3706 3704 3742 συν-

2105 3786 2325 3840 έσεσθαι
2357 3787 2470 3848 τοῖς
2509 3782 2704 3837 ἑαυτοῦ
2736 3782 3008 3853 μαθηταῖς
3054 3779 3160 3850 ἔφη
3193 3780 3451 3852 Χριστὸς,
3486 3780 3584 3849 οὐχ
3623 3779 3704 3843 ώις

2105 3878 2428 3950 ἀφεστήξων
2465 3875 2766 3939 παντελῶς,
2800 3874 2925 3927 οὐδὲ
2963 3875 3042 3936 είς
3073 3875 3222 3927 ἆπαν
3262 3871 3357 3925 καὶ
3388 3871 3703 3942 ὁλοκλήρως

2105 3972 2584 4044 ἀλλοτριούμενος·
2619 3969 2737 4041 μεθ’
2756 3969 2914 4040 ἡμῶν
2943 3969 3051 4038 γάρ
3078 3969 3194 4020 ἐστι
3226 3967 3409 4029 πάσας
3429 3965 3528 4029 τὰς
3558 3968 3698 4036 ἡμέ-

2107 4083 2230 4139 ρας,
2260 4065 2354 4119 καὶ
2377 4064 2484 4128 ἕως
2538 4063 2639 4132 τῆς
2671 4060 2984 4124 συντελείας
3009 4058 3100 4112 τοῦ
3155 4059 3354 4121 αἰῶνος
3379 4097 3393 4121 ,
3426 4057 3567 4111 κατὰ
3599 4057 3706 4126 τὴν

2106 4157 2275 4212 αὐτοῦ
2333 4157 2555 4228 φωνήν·
2591 4154 2706 4209 ἀλλ’
2741 4153 2822 4206 ὅτι
2879 4154 3017 4224 μετά
3075 4151 3278 4224 σαρκὸς
3328 4150 3389 4203 οὐ
3427 4149 3699 4213 συνέσται,

2107 4250 2360 4320 καθάπερ
2413 4249 2602 4320 ἐχθὲς,
2663 4247 2760 4301 κοιλ¹
2814 4245 3042 4317 τρίτηνο
3089 4240 3156 4314 ἦν
3209 4242 3268 4297 δὲ
3320 4242 3415 4294 ἐπὶ
3467 4240 3700 4312 θύραις,

2111 4345 2310 4414 μᾶλλον
2340 4343 2397 4397 δὲ
2425 4342 2558 4396 εἵσω
2593 4339 2773 4412 θυρῶν
2802 4341 2829 4392 ὁ
2869 4338 3060 4409 καιρὸς
3101 4336 3204 4406 τῆς
3263 4334 3515 4389 ἐντεῦθεν
3561 4334 3704 4387 ἀπο-

424 4433 651 4496 mundo,
689 4441 742 4488 et
771 4434 979 4489 reditus
1003 4435 1057 4487 in
1081 4435 1305 4489 coelum.
1335 4434 1615 4505 Quotquot
1644 4444 1824 4490 autem
1855 4441 2000 4490 recte

2108 4437 2309 4508 δημίας
2357 4434 2486 4506 πρὸς
2531 4435 2623 4487 τὸν
2676 4431 2916 4504 Πατέρα,
2955 4430 3049 4484 καὶ
3090 4429 3190 4498 τῆς
3243 4427 3432 4481 ἀνόδου
3479 4428 3581 4496 τῆς
3620 4425 3703 4490 είς

423 4526 692 4592 sentiunt,
729 4542 792 4580 ac
827 4527 1038 4580 Iirmam
1076 4528 1237 4582 Iidem
1277 4529 1502 4591 habent,
1535 4529 1589 4582 in
1629 4528 1872 4582 animum
1903 4527 2000 4582 sibi

2105 4529 2353 4600 οὐρανόν.
2392 4527 2706 4580 Διακεῖσθαι
2759 4525 2816 4578 δὲ
2861 4525 2974 4578 δεῖν
3016 4524 3312 4589 ἀναγκαῖον
3346 4516 3485 4573 εἷναί
3533 4535 3700 4590 φημι,

424 4618 688 4674 inducere
718 4619 920 4675 debent
959 4620 1128 4690 quod,
1186 4621 1313 4675 licet
1362 4621 1508 4676 absit
1544 4635 1574 4674 a
1621 4621 1783 4675 nobis
1815 4635 2007 4683 carne,

2109 4623 2234 4684 τοὺς
2273 4621 2328 4674 οἴ
2356 4637 2422 4689 γε
2462 4624 2750 4690 φρονοῦσιν
2798 4617 3010 4688 ὀρθῶς,
3043 4615 3138 4668 καὶ
3190 4613 3484 4685 ἱδρυμένην
3516 4612 3703 4683 ἔχουσι

425 4707 494 4762 ad
525 4707 694 4762 Deum
733 4726 928 4780 nempe
958 4727 1021 4765 ac.
1051 4711 1269 4767 Patrem
1317 4728 1593 4777 reversus,
1629 4722 2000 4767 verumtamen

2105 4715 2206 4786 τὴν
2253 4713 2458 4777 πίστιν,
2491 4711 2564 4774 ὡς
2593 4712 2641 4764 εἰ
2689 4709 2785 4763 καὶ
2817 4709 3044 4762 ἄπεστιν
3070 4705 3226 4776 ἡμῶν
3253 4706 3319 4775 τῇ
3360 4703 3564 4774 σαρκὶ,
3603 4701 3705 4772 τὴν

424 4802 610 4856 divina
660 4804 710 4856 vi
763 4817 828 4857 ac
886 4812 1160 4873 potestate
1197 4805 1380 4859 omnia
1416 4807 1710 4876 gubernat,
1757 4812 1811 4860 et
1851 4804 2000 4860 adest

2111 4806 2246 4876 πρὸς
2306 4805 2440 4858 Θεὸν
2504 4804 2601 4856 καὶ
2659 4801 2881 4872 Πατέρα
2944 4797 3293 4867 στειλάμενος
3351 4794 3701 4864 ἀποδημίαν,,

424 4893 782 4964 diligentibus
841 4910 920 4950 se.
982 4895 1194 4951 Idcirco
1245 4898 1392 4952 enim
1448 4898 1672 4952 aiebat:
1713 4917 1732 4949 ‹
1794 4898 2002 4960 Amen,

423 5003 583 5041 amen
612 4985 736 5041 dico
765 4987 940 5052 vobis,
983 4989 1074 5042 ubi
1106 4990 1213 5044 duo
1247 4992 1328 5044 vel
1369 4999 1478 5044 tres
1501 4999 1633 5045 sunt
1668 4990 2003 5061 congregati

321 5121 329 5130 .
426 5081 484 5134 in
540 5079 767 5133 nomine
815 5095 977 5136 meo.
1030 5081 1109 5134 ibi
1159 5097 1280 5136 sum
1343 5082 1396 5134 in
1439 5081 1621 5136 medio
1657 5096 1847 5136 eorum
1874 5081 1939 5133 “.
1981 5099 2001 5132 ι

2108 4895 2225 4948 ἀλλ’
2258 4887 2352 4946 οὖν
2400 4893 2466 4962 τῇ
2507 4890 2629 4961 θείᾳ
2669 4889 2897 4959 δυνάμει
2947 4886 3201 4958 περιέπει
3253 4885 3322 4938 τά
3368 4883 3701 4952 σύμπαντα,

2115 4987 2207 5042 καὶ
2247 4985 2592 5054 συμπάρεστι
2621 4986 2732 5046 τοῖς
2775 4981 3065 5049 ἀγαπῶσιν
3115 4980 3298 5032 αὐτόν.
3345 4977 3444 5029 Διά
3476 4976 3586 5046 γάρ
3619 4993 3702 5028 τοι

2109 5075 2266 5131 τοῦτο
2312 5077 2406 5128 καὶ¹
2449 5073 2688 5144 ἔφασκεν
2717 5090 2731 5104 ·
2774 5093 2792 5123 ι
2860 5071 3065 5141 Ἀμὴν,
3122 5068 3268 5140 ἀμὴν
3294 5067 3482 5134 ,λέγω
3534 5067 3701 5134 ὑμῖν,

428 5170 900 5236 Quemadmodum
941 5171 1085 5225 enim
1144 5186 1268 5226 cum
1334 5171 1477 5226 inter
1521 5171 1775 5227 homines
1825 5171 2000 5227 adhuc

2112 5170 2246 5224 ὅπου
2279 5169 2374 5222 ἐὰν
2402 5164 2757 5236 συναχθέντες
2788 5161 2890 5217 ὦσι
2931 5163 3090 5234 δύοῆ
3133 5164 3282 5232 τρεῖς
3331 5163 3411 5222 είς
3454 5159 3516 5212 τὸ
3570 5157 3704 5227 ἐμὸν

429 5271 880 5327 conversaretur,
913 5274 968 5318 et
1021 5263 1074 5318 in
1109 5273 1254 5318 terra
1307 5280 1433 5319 cum
1488 5280 1656 5319 carne
1689 5264 2008 5331 exsisteret,

2113 5261 2316 5330 ὄνομα,
2349 5262 2466 5312 ζεκεῖ
2505 5261 2620 5329 είμι
2674 5261 2731 5311 ἐν
2767 5258 2916 5328 μέσῳ
2946 5256 3146 5309 αὐτῶν.
3179 5274 3198 5305 ι
3229 5255 3441 5323 Ὥσπερ
3463 5250 3570 5320 γὰρ
3605 5251 3702 5302 άν-

433 5355 695 5427 implcbat
750 5356 973 5426 quidem
1007 5357 1198 5419 caelos,
1234 5365 1286 5410 et
1336 5372 1462 5412 eum
1520 5357 1729 5411 sanctis
1798 5358 2000 5427 angelis

2113 5353 2353 5425 θρώποις
2402 5352 2483 5404 ἔτι
2522 5349 2998 5420 συνδιαιτώμενος,
3031 5347 3127 5401 καὶ
3160 5347 3255 5399 ἐπὶ
3301 5347 3403 5415 γῆς
3437 5345 3702 5413 ὑπάρχων

435 5446 784 5510 versabatur,
816 5461 920 5502 nec
953 5461 1190 5516 superna
1227 5446 1344 5501 loca
1398 5447 1785 5517 relinquebat:
1827 5447 1900 5501 ita
1955 5455 2010 5502 et

435 5551 583 5593 nunc
633 5539 689 5592 in
729 5538 885 5594 caelis
923 5554 1050 5594 cum
1111 5553 1209 5594 sua
1242 5554 1409 5596 carne
1469 5541 1743 5597 exsistens
1804 5551 2006 5596 terram

2119 5447 2256 5516 μετὰ
2291 5445 2494 5515 σαρκὸς
2515 5486 2528 5510 ,
2562 5434 2802 5515 ἐπλήρου
2837 5444 2934 5513 μὲν
2963 5441 3227 5511 οὐρανοὺς
3246 5479 3260 5503 ,
3294 5439 3460 5507 συνῆν
3488 5435 3545 5487 δὲ
3577 5433 3702 5487 τότε

2118 5543 2230 5604 τοῖς
2277 5539 2450 5607 ἁγίοις
2503 5538 2770 5607 ἀγγέλοις,
2804 5537 2901 5590 οὐκ
2961 5531 3283 5590 ἀπελείπετό
3325 5549 3380 5584 τε
3431 5528 3540 5582 τῶν
3590 5526 3706 5588 ἄρεω

513 5711 558 5745 ¹⁹
592 5707 743 5769 Psal.
774 5729 916 5772 Lxxn
945 5755 959 5783 ,
991 5716 1082 5773 “23.
1163 5718 1204 5753 ⁸³
1243 5716 1436 5776 Matth.
1473 5733 1642 5776 xxvm
1667 5757 1681 5786 ,
1717 5718 1807 5775 20.
1877 5719 1916 5754 "
1956 5715 2149 5775 Matth.
2186 5731 2354 5785 mli,
2385 5715 2474 5774 20.
