3894 6200
121 275 236 332 ΫΞΊ

1171 279 1238 336 IN
1290 276 2063 338 JOANNIS'EVANGELIUM
2103 280 2233 335 LIB.
2268 280 2356 337 IX.

3299 277 3406 337 158

116 391 330 463 χώρων
346 408 361 422 ·
389 391 532 445 οὕτω
558 393 648 445 καὶ
672 391 768 448 νῦν
787 393 1048 465 ὑπάρχων
1076 393 1135 446 ὲν
1158 392 1408 466 οὐρανοῖς
1450 396 1590 466 μετά
1615 394 1715 465 τῆς

1819 395 2040 465 quidem
2073 396 2288 466 implet,
2327 403 2382 451 et
2420 409 2546 450 cum
2579 397 2696 452 suis
2732 402 3120 450 conversatur.
3153 392 3403 450 Observa

117 484 267 546 ἰδίας
295 484 524 555 σαρκὸς,
541 484 741 556 πληροῖ
763 485 862 556 μὲν
884 486 984 556 τὴν
1001 485 1126 556 γῆν,
1145 485 1358 540 σύνεστι
1375 488 1429 540 δὲ
1452 491 1563 552 τοῖς
1595 489 1724 540 ἑαυο

109 575 216 628 τοῦ
248 576 576 646 γνωρίμοις.
597 578 874 648 Ἐπιτήρει
910 578 967 630 δὲ
986 579 1156 644 ὅπως,
1175 579 1352 634 καίτοι
1383 581 1526 634 κατὰ
1561 581 1728 654 μόνην

111 667 224 737 τὴν
266 667 456 738 σάρκα
491 666 819 738 χωρίζεσθαι
859 670 1174 740 προσδοκῶν
1199 671 1434 742 (σύνεστι
1457 672 1566 745 γὰρ
1594 675 1727 744 ἡμῖν

111 761 184 826 τῇ
208 757 448 828 δυνάμει
478 763 576 830 τῆς
608 759 860 832 θεότητος
889 761 978 814 διὰ
1003 763 1246 833 παντὸς),
1268 765 1348 818 ἔτι
1381 767 1580 838 μικρὸν
1597 767 1724 838 χρόέ

1831 501 2019 556 porro,
2078 495 2146 542 ut—
2189 487 2495 544 secundum
2549 501 2777 543 carnem
2833 487 3104 541 duntaxat
3153 486 3406 542 abiturus

1831 578 2038 649 (adest
2081 578 2229 634 enim
2283 579 2446 635 nobis
2495 593 2714 650 semper
2779 577 2982 632 virtute
3025 576 3404 647 divinitatis),

1828 669 2316 726 adhuc'modicum
2343 679 2561 742 tempus
2589 670 2883 726 nobiscum
2938 668 3055 724 fore
3117 685 3177 724 se
3231 670 3404 736 dicat,

1829 763 2071 834 perfecte
2101 764 2453 834 semetipsum
2480 779 2546 819 ac
2579 765 2818 818 totaliter
2849 778 2878 816 a
2901 771 3056 832 parte
3087 761 3402 827 nominans,

113 864 212 899 νον
250 848 382 916 μεθ’
409 849 566 919 ἡμῶν
600 850 820 905 ἔσεσθαί
855 871 1006 922 φησι,
1036 855 1255 920 τελείως
1291 875 1352 910 τε
1376 859 1468 911 καὶ
1503 858 1715 929 ὁλοκλή-

1826 855 2050 926 ne-quis
2109 856 2164 910 in
2193 855 2334 910 duos
2392 856 2534 912 filios
2585 855 2867 911 Christum
2920 855 3148 917 dividat,
3211 853 3310 909 sed
3346 861 3406 907 ut

116 953 233 1006 ρως
264 938 468 990 ἑαυτὸν
489 941 595 992 ἀπὸ
620 941 711 994 τοῦ
738 941 940 1012 μέρους
969 946 1272 1014 σημαίνων,
1301 947 1389 1001 ἵνα
1423 951 1495 1020 μή
1527 968 1612 1012 τις
1643 951 1724 1014 είς

111 1028 256 1080 υἱῶν
282 1029 459 1084 δυάδα
484 1032 793 1102 διατέμνειν
809 1037 1061 1108 ἐπιχειρῇ
1091 1039 1182 1092 τὸν
1211 1039 1307 1092 ’ἐνα
1334 1041 1587 1110 Χριστὸν,
1607 1034 1723 1096 ἀλλ’

53 1171 59 1183 ι
108 1119 190 1181 ὡς
226 1120 294 1171 ἓν
337 1138 392 1174 τι
434 1126 551 1193 νοῇ,
589 1125 680 1178 καὶ
703 1125 944 1196 δέχοιτο,
970 1128 1181 1183 καὶτὸν
1232 1132 1296 1183 ὲκ
1324 1130 1462 1184 Θεοῦ
1512 1133 1725 1203 Πατρὺς

112 1215 465 1282 γεννηθέντα
496 1217 664 1286 Λόγον
688 1259 703 1284 ,
739 1222 834 1273 καὶ
877 1221 968 1275 τὸν
1013 1223 1078 1276 ἐκ
1113 1226 1214 1294 τῆς
1239 1225 1404 1292 ἁγίας
1445 1227 1722 1298 Παρθένου

115 1302 412 1371 ληφθέντα
449 1306 594 1370 ναὸν,
630 1309 726 1379 οὐχ
759 1310 840 1362 ὅτι
877 1311 980 1380 τῆς
1009 1312 1178 1381 αὐτῆς
1199 1313 1387 1378 οὐσίας
1414 1316 1572 1377 είσὶν,
1605 1316 1720 1369 ἀλλ’

113 1393 202 1445 ὅτι
232 1395 384 1464 μετὰ
412 1398 510 1468 τὴν
534 1399 773 1471 ἄρρητον
801 1402 1019 1466 ἕνωσιν,
1046 1405 1075 1456 ὀ
1094 1405 1189 1458 τοῦ
1227 1406 1541 1462 διακόπτειν
1563 1409 1722 1479 λόγος

114 1486 219 1538 οὐκ
245 1487 488 1560 εὐσεσης
520 1506 534 1520 ·
570 1485 651 1554 εἷς
676 1492 783 1565 γὰρ
814 1493 872 1560 ἐξ
894 1495 1098 1565 ἀμφοῖν
1128 1499 1156 1550 ό
1185 1499 1229 1550 Χ
1240 1499 1438 1569 ριστός.

187 1578 511 1645 Ζητήσετέ
535 1600 631 1650 με,
657 1584 758 1638 καὶ
785 1586 979 1653 καθὼς
1005 1585 1181 1642 εἶπον
1215 1591 1341 1656 τοῖς
1381 1591 1715 1660 Ἰουδαίοις,

117 1669 280 1723 ὅπου
335 1671 452 1742 ἐγὼ
481 1673 722 1745 ὑπάγω,
748 1677 921 1746 ὑμεῖς
958 1681 1031 1734 οὐ
1059 1680 1328 1737 δύνασθε
1364 1683 1587 1752 ἐλθεῖν,
1619 1685 1718 1738 καὶ

115 1761 268 1829 ὑμῖν
294 1762 431 1830 ἄρτι
469 1766 644 1834 λέγω.

188 1855 312 1908 Οὐκ
350 1855 588 1928 ἀζήμιον
617 1860 898 1926 παντελῶς
925 1863 1144 1920 ἔσεσθαι
1169 1870 1279 1932 τοῖς
1319 1869 1513 1923 ἑαυτοῦ
1545 1869 1722 1942 μαθη-

113 1949 240 2010 ταῖς
262 1948 369 2014 τὴν
391 1949 701 2020 ἀποδημίαν
723 1955 880 2024 φησι,
894 1955 993 2028 τὴν
1010 1959 1202 2012 ἑαυτοῦ
1231 1959 1720 2034 δηλονότι.Πρῶτον

119 2039 335 2108 μὲν,ὃτι
363 2041 506 2114 λύπῃ
536 2047 603 2115 τῇ
633 2045 726 2099 ἐπὶ
747 2047 924 2119 τούτῳ
950 2053 1447 2122 κατατακήσονται,
1470 2055 1566 2110 καὶ
1592 2056 1722 2109 δύσ-

115 2148 300 2185 οιστον
352 2134 532 2198 ἕξουσι
565 2137 665 2207 τῆς
687 2137 934 2194 ἐντεῦθεν
961 2142 1186 2213 πικρίας
1205 2144 1266 2196 τὸ
1287 2144 1722 2217 βάρος.Συνεῖναι

116 2222 230 2293 γὰρ
264 2223 334 2295 δὴ
383 2227 482 2279 καὶ
534 2227 698 2282 πάλιν
736 2229 888 2301 αὐτῷ
929 2230 1180 2303 διψήσειν
1206 2273 1222 2298 ,
1258 2235 1359 2288 οὐκ
1394 2237 1718 2308 ἀμφίϐολον,

118 2317 215 2368 καὶ
237 2317 654 2374 συνδιαιτᾶσθαι
674 2321 765 2375 διὰ
791 2323 970 2378 πάντα
1000 2324 1207 2379 ἐθέλειν
1230 2327 1448 2391 αὐτοὺς,
1467 2329 1718 2400 καθάπερ

118 2407 320 2477 ἀμέλει
351 2409 446 2462 καὶ
469 2411 498 2462 ό
522 2410 808 2478 θεσπέσιος
844 2415 1078 2481 Παῦλος,
1117 2418 1209 2471 καὶ
1239 2418 1410 2490 αὐτῆς
1439 2420 1716 2490 προτιθεὶς

119 2499 221 2570 τῆς
260 2502 452 2556 ἐνθάδε
476 2504 624 2576 ζωῆς
651 2506 712 2559 τὸ
740 2511 980 2563 συνεῖναι
1017 2510 1260 2582 Χριστῷ,
1301 2515 1548 2584 κρεῖττον
1580 2513 1715 2581 ἔφα-

122 2609 253 2645 σκεν
283 2588 430 2648 εἶναι
461 2596 522 2648 τὸ
541 2597 830 2666 ἀναλῦσαι,
855 2601 948 2654 καὶ
969 2601 1066 2656 σὺν
1095 2603 1317 2674 Χριστῷ
1346 2602 1504 2658 εῖναι.
1534 2605 1718 2659 Ταῦτα

123 2700 492 2757 συνεωρακως
520 2691 548 2742 ό
573 2691 826 2760 Χριστὸς,
866 2693 961 2745 καὶ
988 2693 1087 2756 τὰς
1114 2693 1224 2748 τῶν
1250 2696 1589 2764 ἀγαπώντων
1621 2699 1720 2751 αὐ-

120 2778 210 2862 τὸν
237 2779 344 2833 οὐκ
367 2781 641 2851 ἀγνοήσας
668 2783 912 2854 καρδίας,
946 2785 1008 2838 οὐ
1032 2786 1154 2855 δίχα
1174 2786 1350 2858 λύπης
1371 2788 1590 2842 ἔσεσθαι
1605 2792 1716 2854 τοῖς

126 2870 401 2940 μαθηταις
449 2871 552 2943 ἔφη
600 2873 699 2944 τὴν
743 2875 938 2928 ἑαυτοῦ
971 2876 1156 2930 ἄνοδον
1193 2894 1208 2909 ’
1239 2879 1355 2932 ἀλλ’
1398 2875 1467 2951 ἦν
1499 2899 1583 2942 τις
1625 2883 1718 2934 ἐπὶ

121 2961 298 3033 τούτῳ
330 2963 426 3015 καὶ
470 2963 632 3035 ἑτέρα
669 2965 944 3035 πρόφασις
980 2967 1202 3040 ἀληθὴς,
1252 2968 1434 3040 ζητεῖν
1471 2972 1718 3040 ἀναγκά-

126 3051 294 3114 ζουσα
354 3053 418 3106 τὸ
473 3056 711 3108 συνεῖναι
765 3056 986 3127 Χριστῷ
1032 3058 1158 3121 τοὺς
1204 3059 1392 3127 ἁγίους
1443 3062 1710 3132 μαθητάς.
1741 3086 1786 3144 c

134 3147 458 3217 Ὀμιλήσειν
502 3148 602 3218 μὲν
635 3149 743 3220 γὰρ
778 3151 901 3203 ὅσον
933 3150 1144 3204 οὐδέπω
1182 3152 1448 3217 κινδύνοις
1492 3154 1718 3225 ἔμελλον

125 3241 184 3292 οὐ
210 3243 455 3312 μικροῖς,
479 3241 574 3294 καὶ
611 3244 729 3305 ταῖς
783 3242 1052 3296 Ἰουδαίων
1080 3243 1407 3308 ἀκαθέκτοις
1437 3247 1719 3312 ἀπονοίαις

129 3332 668 3400 κατασφενδονᾶσθαι
700 3333 932 3404 συχνῶς,
962 3333 1098 3388 ἀλλά
1127 3336 1223 3389 καὶ¹
1266 3339 1386 3400 ταῖς
1423 3335 1483 3402 ἐξ
1515 3338 1718 3409 ἐτέρων

125 3425 289 3479 τινῶν
313 3423 740 3495 περιπεσεῖσθαι
787 3427 1028 3495 μανίαις,
1060 3425 1190 3496 ὃλην
1237 3425 1583 3497 περιθέοντες
1619 3428 1718 3499 τὴν

125 3517 473 3588 οἰκουμένην,
501 3516 733 3580 καὶτοῖς
764 3516 844 3570 ἔτι
873 3519 1248 3589 πλανωμένοις
1279 3519 1370 3572 τὸν
1401 3519 1496 3572 τοῦ
1531 3521 1717 3592 Σωτῆ-

131 3627 220 3680 ρος
265 3608 728 3680 διακηρύττοντες
762 3609 920 3679 λόγον
941 3651 956 3676 ,
982 3610 1059 3674 ὡς
1097 3611 1492 3684 δεσμωτηρίων
1530 3614 1720 3683 πειρᾶ-

126 3700 270 3764 σθαι,
305 3700 525 3771 ὕϐρεώς
542 3719 602 3753 τε
626 3702 718 3754 καὶ
737 3701 923 3764 αἰκίας
952 3701 1051 3755 οὐκ
1085 3704 1356 3775 ἀμοιρεῖν,
1389 3705 1481 3757 καὶ
1511 3706 1717 3775 ἐτέρων

127 3795 277 3847 οὐδὲν
309 3789 473 3866 ἧττον
505 3793 892 3863 στρεϐλώσεων
942 3796 1022 3857 εἰς
1052 3797 1252 3866 πεῖραν
1305 3795 1478 3849 ἐλθεῖν
1498 3812 1511 3826 ·
1537 3799 1716 3851 καίτοι

128 3883 235 3937 τῶν
263 3883 526 3936 τοιούτων
555 3883 770 3948 οὐδενὸς
800 3887 1201 3956 πεπειραμένοι
1239 3887 1506 3958 πρότερον
1535 3889 1614 3942 ὲν,
1635 3889 1714 3960 τῷ

129 3976 370 4027 συνεῖναι
423 3971 663 4044 Χριστῷ.
697 3973 997 4044 Ζητήσετε,
1041 3975 1199 4045 φησὶ,
1236 3976 1417 4030 τοίνυν
1462 3977 1584 4032 τότε
1615 3979 1714 4050 τὴν

125 4065 264 4136 ἐμὴν
298 4065 536 4135 μάλιστα
584 4065 872 4119 συνουσίαν
895 4105 912 4130 ,
937 4066 1067 4119 ὅταν
1096 4066 1242 4137 ὑμᾶς
1283 4066 1355 4120 τὰ
1395 4069 1714 4140 πολύτροπα

125 4160 230 4212 τῶν
267 4158 592 4229 πειρασμῶν
633 4159 938 4231 ἐκταράττῃ
971 4159 1211 4230 κύματα.
1243 4161 1413 4215 Τοῦτο
1444 4162 1501 4216 δὲ
1525 4158 1622 4234 ἦν,
1650 4163 1711 4216 οὐ

129 4249 262 4318 πρὸς
306 4248 509 4300 δειλίαν
543 4247 767 4315 ἄγοντος
786 4289 802 4312 ,
833 4248 866 4319 ἢ
897 4250 1422 4321 προσκατακλῶντος
1447 4251 1525 4323 τῷ
1560 4253 1712 4323 φόϐῳ

127 4346 250 4405 τοὺς
301 4341 582 4412 μαθητάς·
625 4341 1008 4412 ὲπαλείφοντος
1035 4343 1090 4396 δὲ
1130 4343 1329 4414 μᾶλλον
1353 4346 1432 4408 εἰς
1465 4345 1712 4410 εὐτονίας

1826 963 1996 1002 unum
2029 951 2254 1003 omnino
2283 962 2406 1004 esse
2438 947 2628 1002 credat
2662 955 2717 1002 et
2755 946 2993 1001 fateatur
3047 944 3185 1001 illud
3253 945 3402 1016 quod

1823 1055 1888 1095 cx
1916 1040 2080 1094 Patre
2110 1047 2299 1093 natum
2330 1047 2418 1094 est
2458 1037 2719 1105 Verbum,
2783 1046 2838 1094 et
2876 1037 3023 1111 quod
3057 1053 3124 1093 ex
3175 1035 3408 1108 Virgine

1823 1139 2279 1200 assumptunrest
2327 1131 2631 1200 templum:
2674 1147 2784 1186 non
2815 1131 2944 1201 quia
2977 1129 3226 1200 ejusdem
3272 1131 3436 1185 sub-‘

1824 1224 2041 1278 stantia:
2101 1224 2192 1288 sit,
2231 1223 2329 1279 sed
2363 1223 2497 1293 quia
2535 1232 2662 1294 post
2723 1222 3060 1279 ineffabilem
3117 1223 3400 1284 unionem,

1824 1315 2004 1385 ipsum
2026 1315 2270 1372 dividere
2295 1316 2572 1384 piaculum
2599 1317 2713 1374 sit:
2743 1331 2889 1373 unus
2917 1316 3080 1371 enim
3107 1330 3176 1370 ex
3209 1315 3404 1369 ambo-

1821 1408 1926 1465 bus
1963 1408 2222 1466 Christus
2259 1418 2369 1466 est.

1889 1587 2028 1654 XIII,
2057 1589 2147 1644 55.
2177 1588 2441 1654 Quwretis
2469 1606 2570 1651 me,
2608 1597 2679 1654 et,
2717 1589 2856 1642 sicut
2884 1586 3002 1641 diazt'
3025 1585 3262 1649 Judwis,
3296 1602 3400 1655 quo

1820 1680 1987 1752 748
2025 1697 2116 1748 ego
2155 1683 2311 1747 vado,
2346 1698 2436 1736 vos
2481 1698 2586 1734 non
2639 1682 2859 1750 potestis
2905 1681 3123 1743 venire,
3164 1687 3216 1733 et
3254 1677 3401 1732 vobis

1750 1749 1792 1804 Β
1819 1749 2152 1827 dic—oimodo.

1890 1863 2208 1919 Discessum
2238 1865 2384 1920 haud
2421 1864 2652 1934 jactura:
2697 1879 2926 1936 prorsus
2958 1871 3237 1933 expertem
3285 1860 3403 1916 fore

1821 1955 2111 2028 discipulis
2158 1958 2275 2012 suis
2328 1957 2405 2010 ait
2450 1974 2462 2010 :
2507 1957 2745 2026 primum
2803 1953 3048 2024 quidem,
3100 1953 3230 2023 quia
3278 1951 3400 2020 ejus

1820 2047 2014 2104 dolore
2070 2048 2493 2112 contabescenl,
2529 2056 2584 2102 et
2631 2047 3053 2102 acerbissimum
3092 2044 3220 2098 inde
3267 2058 3403 2098 ina:-

1819 2155 2003 2195 rorem
2051 2140 2384 2210 concipient.
2421 2139 2533 2194 Nec
2575 2139 2726 2194 enim
2793 2137 3022 2192 dubium
3058 2145 3145 2191 est
3182 2135 3400 2205 gravis-

1819 2233 1962 2287 simo
2011 2231 2133 2303 ejus
2181 2232 2458 2288 desiderio
2516 2231 2799 2286 detentum
2843 2230 2944 2293 iri,
2997 2238 3050 2284 et
3102 2242 3401 2282 conversa-

1818 2325 2023 2380 tionem
2064 2324 2185 2394 ejus
2233 2324 2624 2394 requisituros,
2681 2319 3150 2392 quemadmodum
3207 2333 3402 2388 nempe

1818 2417 2039 2470 divinus
2068 2415 2158 2470 ille
2191 2414 2396 2470 Paulus
2423 2413 2526 2484 ipsi
2555 2413 2724 2469 etiam
2749 2413 3003 2484 corporis
3033 2413 3160 2465 vitae
3187 2409 3399 2465 versari

1819 2523 1942 2562 cum
1992 2506 2214 2562 Christo
2264 2522 2610 2576 praeponens,
2647 2505 2846 2560 melius
2896 2504 3005 2559 sibi
3039 2503 3223 2558 aiebat
3276 2517 3401 2557 esse

1819 2597 2064 2664 dissolvi,
2095 2606 2149 2652 et
2171 2613 2296 2654 esse
2332 2613 2458 2652 cum
2485 2597 2708 2652 Christo
2732 2597 2796 2650 ⁸⁸.
2834 2595 2959 2650 Ilaec
2984 2594 3242 2649 Christus
3272 2608 3398 2647 eum

1818 2691 2158 2762 praevideret,
2181 2705 2283 2745 nec
2304 2691 2473 2744 corda
2493 2689 2838 2760 diligentiam
2864 2704 2924 2743 se
2958 2689 3260 2758 ignoraret,
3286 2701 3400 2740 non

1816 2790 2096 2852 expertem
2133 2783 2390 2838 maeroris
2430 2781 2721 2852 discipulis
2756 2781 2874 2836 l‘ore
2904 2781 3046 2834 dixit
3076 2795 3242 2835 suum
3276 2779 3399 2835 dis-

1817 2889 2054 2929 cessum.
2104 2872 2212 2928 Sed
2243 2881 2298 2928 et
2333 2874 2440 2927 alia
2470 2882 2733 2943 praeterea
2770 2888 2898 2928 vera
2927 2887 3096 2930 causa
3123 2879 3244 2928 erat
3277 2887 3400 2942 qua:

1819 2975 2043 3020 sanctos
2073 2965 2379 3035 discipulos
2403 2965 2661 3036 adigebat
2687 2973 2747 3019 ut
2771 2980 2896 3020 cum
2930 2964 3153 3021 Christo
3181 2966 3393 3021 versari

1819 3065 2099 3128 cuperent.
2133 3057 2345 3129 Quippe
2374 3073 2502 3112 mox
2541 3059 2730 3129 gravia
2781 3058 3028 3129 pericula
3080 3059 3398 3128 perpessuri

1817 3161 1996 3216 erant,
2031 3166 2162 3206 cum
2197 3157 2252 3205 et
2278 3148 2559 3206 eﬂrenatis
2583 3148 2900 3206 Judaeorum
2929 3165 3075 3220 smpe
3109 3149 3276 3219 objici
3312 3149 3401 3203 fu-

1818 3243 2064 3309 roribus,
2101 3251 2215 3297 tum
2246 3243 2483 3298 aliorum
2514 3242 2880 3313 quorumdam
2931 3242 3273 3313 intemperiei
3305 3257 3404 3312 pa-

1817 3341 1932 3389 tere
1955 3333 2245 3396 debebant,
2283 3341 2457 3387 totum
2491 3332 2682 3386 orbem
2708 3339 2982 3387 terrarum
3024 3333 3314 3398 obeuntes,
3345 3339 3400 3387 et

1816 3427 2134 3483 errantibus
2167 3426 2349 3482 adhuc
2401 3415 2711 3482 Servatoris
2741 3425 3051 3480 doctrinam
3098 3425 3400 3495 praedican-

1817 3526 1921 3583 tes,
1959 3518 2094 3573 adeo
2153 3527 2209 3572 ut
2266 3534 2366 3572 nec
2407 3532 2660 3572 carceres
2711 3516 2990 3578 deessent,
3055 3532 3157 3572 nec
3206 3515 3396 3588 ﬂagra,

1819 3628 1922 3668 nec
1951 3612 2276 3681 injuriarum
2309 3625 2373 3665 ac
2430 3617 2837 3665 tormentorum
2867 3624 3040 3678 genus
3077 3609 3248 3662 ullum
3309 3609 3397 3662 iu-

1815 3715 2104 3776 expertum
2161 3703 2447 3768 haberent,
2511 3717 2748 3772 quorum
2787 3701 2997 3754 nullum
3050 3701 3208 3771 prius
3265 3701 3396 3755 dum

1815 3801 2171 3850 versarentur
2238 3809 2366 3849 cum
2419 3793 2649 3848 Christo
2683 3793 3056 3862 pertulerunt.
3105 3791 3396 3858 Quaeretis,

1815 3888 2012 3959 inquit,
2045 3893 2178 3942 tunc
2213 3901 2389 3940 meam
2439 3885 2680 3940 maxime
2734 3885 3102 3955 praesentiam,
3145 3900 3272 3939 cum
3299 3900 3399 3941 vos

1817 3979 2185 4034 tentationum
2213 3978 2351 4033 varii
2406 3976 2608 4033 ﬂuctus
2647 3977 3016 4033 turbaverint.
3050 3975 3163 4032 IIoc
3215 3985 3396 4031 autem

1813 4081 1900 4129 cst
1939 4088 2048 4126 non
2080 4070 2395 4126 inducentis
2422 4069 2490 4124 ad
2523 4069 2906 4134 formidinem,
2967 4078 3065 4122 aut
3095 4069 3398 4139 discipulos

1814 4165 2012 4218 timore
2044 4161 2371 4234 frangentis,
2413 4161 2510 4217 sed
2574 4161 2643 4216 ad
2679 4162 2852 4216 robur
2908 4169 2963 4216 et
3020 4160 3394 4216 constantiam

1816 4253 2002 4324 potius
2037 4253 2318 4322 ungentis,
2354 4259 2408 4306 et
2433 4251 2499 4305 ad
2532 4266 2725 4305 eorum
2756 4267 2879 4322 qua:
2904 4257 3169 4305 eventura
3205 4248 3397 4303 crede-

1815 4347 2014 4402 bantur
2044 4346 2388 4401 tolerantiam
2421 4345 2796 4400 instituentis.‘
2839 4343 2952 4398 Nec
2979 4343 3125 4398 enim
3169 4356 3396 4411 compe-

128 4433 412 4502 ἀνάληψιν,
465 4434 556 4486 καὶ
588 4434 748 4486 οἱονεὶ
791 4434 929 4505 πρὸς
985 4435 1085 4507 τὴν
1131 4435 1240 4488 τῶν
1272 4435 1492 4489 ἔσεσθαι
1545 4454 1714 4507 προσ-

1820 4439 2026 4494 riemus
2051 4438 2243 4492 inutile
2273 4453 2418 4503 esse,
2450 4435 2560 4490 imo
2589 4452 2722 4493 vero
2751 4450 3010 4506 magnam
3033 4435 3089 4489 in
3143 4450 3202 4489 se
3241 4433 3394 4487 utili-

128 4525 450 4594 δοκωμένων
472 4525 752 4598 ὑπομονὴν
787 4526 1321 4597 προευτρεπισθῆναι
1345 4529 1709 4593 διδάσκοντος.

132 4619 202 4670 Οὐ
233 4619 339 4686 γὰρ
378 4619 687 4688 εὑρήσομεν
713 4619 940 4690 ἀκερδὲς
959 4659 974 4680 ,
999 4620 1199 4689 μᾶλλον
1221 4620 1277 4672 δὲ
1309 4621 1510 4693 πολλὴν
1539 4621 1605 4675 ἄν
1631 4639 1712 4686 τις

134 4708 225 4761 ἴδοι
256 4709 353 4778 τὴν
381 4709 567 4779 ὄνησιν
589 4709 711 4778 ἕχον
734 4710 794 4762 τὸ
825 4712 882 4763 ὲν
906 4711 1153 4780 Ψαλμοῖς
1174 4712 1453 4782 ᾀδόμενον,
1482 4733 1500 4762 ι
1538 4713 1714 4766 Ἦτοι-

138 4800 362 4867 μὰσθην,
394 4803 487 4851 καὶ
522 4799 622 4852 οὐκ
655 4799 982 4870 ἐταράχθην.
1016 4821 1036 4851 ι
1076 4801 1148 4852 Τὸ
1183 4803 1282 4871 μὲν
1307 4803 1416 4874 γὰρ
1449 4803 1587 4864 ὅλως
1611 4804 1712 4854 οὐκ

135 4893 377 4945 ἐλπισθὲν
407 4893 513 4944 τῶν
548 4892 755 4954 ἀδικεῖν
785 4892 1056 4946 εἰωθότων
1111 4894 1282 4947 δεινὸν
1314 4898 1392 4958 εἰς
1424 4895 1706 4967 θορύϐους,

135 4984 222 5052 καὶ
253 4983 513 5053 ἀδόκητόν
553 5002 670 5047 πως
697 4985 808 5054 ἔχει
836 4985 935 5056 τὴν
958 4985 1146 5055 ἔφοδον
1173 5003 1186 5016 ·
1213 4988 1274 5039 τὸ
1295 4987 1352 5040 δὲ
1376 4989 1494 5051 ταῖς
1537 5005 1708 5060 προσ-

133 5076 352 5138 ὼκίαις,
379 5076 477 5127 καὶ
512 5076 576 5128 τὸ
614 5076 692 5147 τῷ
724 5077 1102 5148 προεγνῶσθαί
1128 5095 1236 5131 τισι
1280 5079 1706 5151 προδαπανῆσαν

135 5169 226 5236 ἤδη
266 5167 359 5220 τοῦ
390 5167 558 5236 φόϐου
593 5169 655 5221 τὸ
703 5169 885 5232 πλέον,
913 5170 1013 5222 οὐκ
1052 5172 1290 5242 ἄκρατον
1321 5172 1435 5243 ἔχει
1455 5173 1554 5244 τὴν
1583 5174 1705 5229 καθ’

136 5251 202 5309 ὧν
223 5258 287 5310 ἂν
312 5259 466 5311 ἐπίοι.
507 5258 758 5329 δύναμιν,
781 5259 1267 5331 προμελετησάσης
1299 5263 1430 5315 αὐτὸ
1461 5263 1557 5334 τῆς
1586 5263 1703 5316 δια-

137 5350 290 5411 νοίας,
325 5351 421 5402 καὶ
465 5349 541 5413 ὡς
580 5351 681 5421 ἤδη
727 5352 899 5420 παρὸν
944 5350 1240 5422 δεξαμένης
1272 5351 1549 5416 πολλάκις,
1580 5354 1700 5409 ὅσον

139 5442 209 5505 εἰς
254 5441 462 5504 ἑννοίας
501 5440 749 5511 δύναμιν.
783 5442 994 5512 ’Ὠσπερ
1038 5445 1148 5512 γὰρ
1199 5443 1252 5494 εἴ
1293 5460 1374 5506 τις
1413 5445 1706 5516 αίμοϐόρος

142 5533 231 5590 καὶ,
269 5533 460 5603 ἄγριος
501 5532 634 5609 θὴρ,
662 5534 734 5595 ἐκ,
760 5534 926 5603 μέσου
975 5533 1173 5596 ἀναδὺς
1202 5533 1482 5603 εὐδένδρου
1514 5554 1572 5590 τε
1611 5543 1701 5595 καὶ

202 5716 241 5748 ⁸⁵
265 5713 502 5790 Philipp.
536 5733 574 5785 ι,
612 5716 702 5774 ‘25.
769 5719 832 5752 ¹⁵⁹
874 5715 1018 5774 Psal.
1061 5723 1366 5789 enuntio.

1811 4536 1978 4583 tatem
2001 4527 2202 4583 habere
2226 4527 2375 4597 quod
2423 4527 2476 4580 in
2503 4525 2744 4581 Psalmis
2802 4524 3061 4578 canitur:
3097 4543 3116 4574 ‹
3157 4522 3394 4577 Paratus

1810 4637 1954 4683 sum,
1989 4628 2044 4674 et
2072 4635 2181 4674 non
2212 4636 2333 4675 smn
2364 4619 2619 4674 turbatus
2640 4620 2732 4671 ‘5‘.
2763 4637 2780 4669 ι
2819 4616 3019 4671 Malunt
3045 4616 3190 4670 enim
3210 4617 3393 4685 inspe-

1807 4720 1988 4765 ratum
2021 4710 2208 4764 turbat
2258 4724 2359 4762 nos
2399 4707 2797 4770 vehementius,
2841 4717 2895 4761 et
2943 4709 3134 4776 pungit
3169 4707 3389 4769 acrius;

1808 4802 1956 4872 quod
1991 4812 2172 4855 autem
2224 4799 2519 4869 prazvisum
2554 4808 2609 4852 et
2651 4806 3032 4867 exspectatum
3083 4805 3190 4860 est,
3231 4796 3389 4866 quasi

1810 4908 2008 4963 magna
2033 4893 2144 4961 jam
2173 4901 2325 4961 parte
2353 4903 2530 4944 metus
2561 4898 2915 4958 consumpta,
2941 4890 3202 4944 lentiores
3227 4888 3391 4944 habet

1809 4986 2068 5055 impetus,
2129 4982 2428 5052 anticipata
2463 4981 2728 5035 nimirum
2764 4982 2912 5034 illius
2941 4981 3302 5052 cogitatione,
3333 4991 3387 5034 et

1807 5077 1979 5132 animi
2005 5077 2210 5130 virtute
2235 5083 2364 5130 ante
2389 5085 2665 5144 suscepta.
2691 5072 2761 5129 Ut
2791 5075 2937 5130 enim
2964 5081 3121 5129 atrox
3152 5074 3331 5129 bellua
3357 5090 3388 5128 e

1805 5167 1996 5224 densis
2023 5167 2268 5222 latibulis
2299 5182 2362 5222 ac
2391 5167 2581 5222 lustris
2606 5168 2895 5237 inopinato
2922 5183 3241 5236 erumpens,
3276 5181 3384 5219 non

1809 5261 1974 5317 modo
2004 5261 2163 5315 valde
2189 5276 2317 5315 eum
2344 5259 2530 5315 turbat
2571 5261 2626 5313 in
2659 5277 2821 5330 quem
2877 5260 3157 5321 insilierit,
3195 5258 3292 5312 sed
3331 5267 3387 5311 et

1808 5353 2137 5424 imparatum
2203 5351 2471 5407 dilaniat:
2554 5353 2773 5407 eminus
2864 5367 2999 5406 vero
3086 5357 3384 5419 conspecta

1814 5445 1980 5517 749
2007 5452 2169 5514 atque
2224 5444 2441 5515 cognita
2501 5453 2771 5497 armatum
2819 5451 2915 5497 aut
2961 5443 3143 5496 minus
3195 5440 3383 5495 forsan

1811 5538 1991 5605 laedet,
2017 5545 2109 5593 aut
2143 5535 2300 5594 irrito
2324 5545 2524 5593 conatu
2545 5538 2767 5593 recedet
2795 5555 2806 5590 :
2836 5536 2916 5592 sic
2947 5535 3132 5597 etiam,
3159 5531 3380 5603 opinor,
