3894 6200
476 241 584 309 159
1434 248 1491 305 S.
1511 247 1792 312 εγεῐιιιιι
1831 245 2094 304 ΑιΕχΑο

2203 245 2302 302 ,ιΝι
2329 246 2628 304 ARClllEP
3651 244 3762 299 160

474 372 543 413 ex
569 354 984 422 tentationibus,
1008 355 1291 427 insperata
1320 357 1704 415 vehementius
1728 374 1794 413 ac
1819 357 2067 414 ierocius

2203 359 2388 424 ασείας
2433 359 2532 430 τῆς
2556 357 2797 428 λόχμης,
2821 352 3109 426 έφάλλοιτό
3129 370 3238 407 τινι
3265 351 3495 436 τῶν-οὐχ
3516 351 3775 425 ὁρώντων

475 446 684 505 invadit
737 463 903 520 quam
932 457 1173 520 sperata.
1211 447 1609 507 Percommode
1660 451 1851 523 itaque
1881 448 2067 505 Domi-

2203 450 2353 513 ,t'rcbv,
2391 449 2697 522 σπαράττει
2728 447 2845 521 [77).
2872 445 3159 519 ταράττει]
3197 443 3445 516 μὶνιλίαν
3482 446 3544 499 οὐ
3594 462 3772 517 προσ-

475 557 585 599 nus
613 551 807 598 noster
833 539 997 597 Jesus
1044 538 1307 598 Christus
1337 541 1427 598 bis
1481 543 1689 607 verbis,
1739 561 1758 595 ι
1795 542 2067 610 Qumretis

2203 540 2413 595 οκῶντα
2446 539 2545 612 τὴν
2575 538 2783 609 ἐφοδονε
2813 538 3028 608 ἀναιρεῖ
3054 535 3111 589 δὲ
3156 534 3293 604 πρὸς
3330 535 3511 605 μάχην
3550 535 3654 589 οὐκ
3685 536 3780 589 εὐ-

476 649 587 699 me,
623 650 644 686 ι
676 649 798 705 qua:
820 633 1108 703 discipulis
1132 646 1399 691 eventura
1435 643 1627 692 essent
1678 650 1747 691 ex
1808 650 1912 691 suo
1943 635 2063 691 dis-

2207 631 2535 705 ρεπισθέντα
2579 629 2792 686 λαϐών’
2839 629 2959 684 όλδὲ
3009 628 3293 701 πόρρωθεν
3318 627 3526 696 ὀφθεὶς,
3562 628 3661 680 καὶ
3693 628 3781 681 ὅτι

477 741 666 791 eessu,
697 735 754 783 et
800 726 1071 782 tumultus
1101 727 1392 783 subinnuit
1433 728 1505 783 ab
1534 727 1876 784 adversariis
1913 726 2069 783 exci-

2203 726 2445 798 ταρέσται
2510 723 2911 795 διεγνωσμένος
2936 765 2952 788 ,
2982 720 3315 791 ὡπλισμένῳ
3370 718 3671 789 συμϐαλὼν
3695 760 3712 782 ,
3745 718 3781 789 ἢ

478 819 719 883 candos,
777 819 845 874 ad
905 818 1171 874 virtutem
1237 826 1294 875 et
1343 820 1518 876 robur
1573 819 1903 892 capiendum
1966 819 2071 875 hac

2203 815 2396 871 λαττον
2426 815 2678 885 ἀδικήσει
2728 813 2889 885 τυχδν
2913 853 2929 879 ,
2960 812 2994 884 ἢ
3043 812 3139 865 καὶ
3177 811 3343 883 μηδὲν
3373 811 3598 880 ἰσχύσας
3623 810 3786 880 οἰχή-

478 913 842 985 ρταιᾱίοιὶοηε
871 911 999 969 illos
1034 912 1314 970 excitans.
1345 910 1447 970 llis
1479 928 1646 984 porro
1678 913 1889 969 utiliter
1938 914 2072 969 sub-

2203 924 2358 961 ἐταιο
2391 907 2483 961 τὸν
2521 907 2685 962 αὐτὸν
2706 947 2722 972 ,
2747 902 2908 977 οἶμαι
2933 946 2949 971 ,
2974 904 3176 975 τρόπον
3208 902 3304 957 καὶ
3323 903 3416 955 ἐπὶ
3440 901 3549 955 τῶν
3575 917 3787 972 πειρα-

475 1004 659 1074 jungit
697 1002 827 1073 quid
867 1002 1197 1073 imprimens
1226 1018 1325 1059 eos
1379 1004 1537 1075 sequi
1565 1003 1883 1072 prohibeat.
1914 1003 2072 1070 Quod

444 1098 626 1152 -enim
654 1097 766 1151 dixi
791 1093 1022 1163 Judaeis,
1050 1097 1254 1166 inquit,
1279 1097 1387 1152 hoc
1423 1107 1479 1154 et
1520 1098 1589 1151 ad
1618 1112 1720 1153 vos
1751 1096 1917 1152 modo
1948 1098 2070 1153 aio:

2177 1002 2353 1074 σμῶν,
2384 1001 2414 1054 ό
2459 1000 2708 1073 μηδόλως
2759 999 2981 1053 ἔσεσθαι
3030 995 3425 1069 προσδοκηθεὶς
3454 993 3552 1048 τοῦ
3598 1010 3787 1067 προσ-

2171 1094 2496 1166 δοκηθέντπ
2534 1094 2635 1165 ήδη
2686 1093 3021 1166 θερμότερόν
3062 1109 3124 1144 τε
3150 1092 3250 1146 καὶ
3282 1089 3621 1160 ἀγριώτερον
3643 1089 3795 1159 ἡμῖν

489 1208 508 1241 ι
546 1188 667 1256 Quo
708 1188 869 1255 vado,
902 1204 1000 1245 vos
1031 1205 1142 1245 non
1184 1189 1419 1259 potestis
1452 1190 1662 1245 venire.
1704 1208 1723 1241 τ
1780 1188 1892 1245 Nec
1925 1190 2072 1244 enim

2203 1188 2494 1260 ιροσϐαλεῖ.
2557 1187 2862 1260 Χρησίμως
2914 1183 3209 1255 τοιγαροῦν
3255 1184 3285 1237 ὁ
3347 1181 3553 1252 Κύριος
3618 1179 3791 1251 ἡμῶν

484 1290 702 1351 tempus
756 1280 943 1336 adhuc
995 1288 1117 1337 erat
1153 1290 1385 1336 sanctos
1444 1281 1773 1351 discipulos,
1830 1280 2075 1336 nondum

2211 1279 2397 1353 Ιησοῦς
2424 1280 2742 1352 ὁτΧριστὸς,
2767 1277 2860 1332 διὰ
2905 1277 3001 1333 τοῦ
3042 1276 3234 1347 φάναι,
3269 1292 3289 1326 ι
3330 1272 3602 1346 Ζητήσετέ
3634 1288 3729 1342 με,
3765 1290 3783 1321 ι

486 1373 799 1427 ministerio
822 1388 933 1429 suo
957 1382 1377 1438 consummato,
1411 1372 1482 1427 ad
1527 1388 1803 1445 supernas
1837 1375 2078 1429 transire

2203 1371 2245 1426 ιὰ
2284 1374 2349 1426 ὲκ
2378 1370 2474 1425 τοῦ
2517 1370 2714 1441 μηκέτι
2751 1371 2990 1423 συνεῖναι
3018 1370 3129 1431 τοῖς
3151 1365 3345 1419 ἑαυτοῦ
3372 1363 3781 1435 συμϐησόμενα

484 1464 807 1519 mansiones
834 1481 849 1518 :
884 1479 949 1519 ea
975 1464 1182 1535 quippe
1211 1464 1470 1535 migratio
1503 1464 1561 1519 in
1590 1478 1895 1535 congruum
1937 1471 2078 1518 tem-

2203 1466 2478 1536 ιαθητατς,
2528 1464 2623 1517 καὶ
2659 1459 2926 1532 θορύϐους
2974 1458 3374 1521 ὐπαινίττεται,
3418 1457 3543 1521 τοὺς
3573 1456 3642 1508 ἐκ
3673 1453 3792 1507 τῶν

485 1571 590 1625 pus
621 1555 970 1610 servabatur.
1001 1554 1421 1611 Observandum
1440 1566 1625 1611 tamen
1658 1562 1744 1611 est
1766 1571 1919 1624 eum,
1946 1570 2075 1611 cum

2203 1555 2623 1627 πολεμησόντων,
2659 1553 2860 1616 αὐτοὺς
2910 1549 3328 1622 προετοιμάζων
3375 1549 3466 1604 διὰ
3505 1546 3603 1602 τοῦ
3647 1563 3794 1618 προ-

486 1648 728 1719 idipsmn
781 1647 1142 1718 signiﬁcaret,
1192 1647 1401 1705 J-udteis
1445 1648 1679 1716 dixisse,
1742 1667 1761 1701 ι
1803 1647 2079 1716 Querella

2203 1650 2364 1703 ειπεῐν
2410 1650 2490 1712 εἰς
2548 1648 2805 1719 ἀνδρείας
2835 1643 3139 1715 ἀνάληψινι-
3173 1642 3449 1712 Ἑπιλέγει
3480 1640 3795 1707 δὲταῦτοις

489 1754 596 1803 me,
630 1749 823 1796 etnon
850 1740 1148 1797 invenietis
1179 1757 1304 1798 me:
1347 1762 1363 1794 ι
1400 1740 1693 1812 discipulis
1728 1754 1913 1798 autem
1945 1744 2089 1800 suis.

2203 1740 2483 1813 χρησίμως
2515 1741 2608 1794 καὶ
2646 1739 2698 1793 τί
2733 1737 2887 1810 παρὰ
2931 1737 3103 1801 πόδας
3125 1734 3369 1789 κείσεται
3397 1733 3604 1789 κωλύον
3650 1734 3794 1787 ἀκο-

495 1850 517 1882 ι
551 1829 828 1898 Ουκτοιίε
856 1848 964 1898 me,
1006 1852 1028 1885 ι
1059 1834 1241 1888 solum
1269 1833 1478 1898 dicere,
1513 1849 1617 1888 nec
1666 1834 1798 1889 illud
1846 1834 2070 1900 addere,

2203 1833 2392 1889 ωυθεῖν
2419 1835 2500 1897 εἰς
2530 1832 2594 1886 τὸ
2625 1831 2803 1903 παρὸν
2837 1830 3060 1894 αὐτούς.
3097 1831 3275 1901 Ὅπερ
3308 1828 3416 1900 γὰρ
3451 1827 3638 1895 ἔλεγον
3671 1826 3796 1887 τοῖς

487 1922 607 1979 Non
649 1925 964 1982 invenietis.
1003 1925 1180 1992 Quam
1216 1926 1288 1981 ob
1339 1925 1511 1981 rem?
1561 1925 1783 1998 Quippe
1841 1929 1896 1981 in
1949 1928 2074 1983 illos

2203 1927 2506 1989 Ἰουδαίοις,
2536 1925 2694 1997 φησὶ,
2725 1922 2882 1979 τοῦτο
2933 1924 3031 1978 καὶ
3081 1922 3220 1995 πρὸς
3253 1922 3398 1992 ὑμᾶς
3443 1920 3568 1991 ἄρτι
3614 1916 3792 1987 φημί.

483 2015 613 2084 jure
643 2016 881 2085 quadrat
925 2018 1075 2087 quod
1123 2033 1233 2071 non
1264 2017 1555 2073 inveniant
1590 2016 1740 2085 eum,
1772 2020 1856 2074 ob-
1877 2020 2069 2075 imula»-

2203 2039 2217 2073 ι·
2253 2021 2429 2074 Ὅπου
2462 2018 2575 2088 ἐγὼ
2613 2019 2807 2085 ὑπάγω
2829 2057 2845 2082 ,
2874 2018 3033 2087 ὑμεῖς
3051 2017 3114 2069 οὐ
3149 2014 3381 2069 δύνασθε
3433 2012 3627 2066 ἐλθεῖν.
3655 2028 3677 2062 t
3709 2011 3796 2062 Οὐ

490 2125 631 2165 nem-
657 2110 914 2166 videlicet
963 2110 1431 2177 incredulitatem,
1465 2120 1519 2165 et
1557 2111 1897 2179 impietatem
1946 2126 2081 2180 erga

2203 2113 2294 2184 γάρ
2340 2129 2429 2167 πω
2458 2114 2640 2183 παρῆν
2669 2112 2699 2163 ό
2736 2111 2928 2182 καιρὸς
2966 2109 3063 2163 τοῦ
3095 2110 3231 2179 πρὸς
3259 2109 3361 2171 τὰς
3390 2107 3504 2162 ἄνω
3529 2102 3797 2174 γενέσθαι

491 2203 672 2272 ipsum
729 2203 1153 2259 incredibilem:
1190 2204 1450 2276 genuinis
1487 2214 1668 2259 autem
1721 2219 1787 2258 ac
1840 2205 2078 2260 sinceris

2203 2205 2363 2270 ωνὰς
2387 2206 2514 2269 τούς
2539 2204 2730 2273 ἁγίους
2764 2204 3101 2267 ἀποστόλους
3148 2202 3302 2257 οὔπω
3334 2195 3797 2268 λελειτουργηκό-

489 2296 613 2365 ejus
644 2297 953 2354 cultoribus
984 2297 1384 2354 convenienter
1414 2297 1527 2354 dici
1574 2314 1695 2353 non
1722 2304 1929 2369 potest,
1957 2297 2079 2354 Non

2203 2316 2278 2364 τας
2298 2299 2584 2369 *ἐτηρεῖτο
2602 2296 2974 2366 γὰρμάλιστα
2999 2296 3182 2366 τδκαί
3203 2296 3284 2359 εἰς
3310 2292 3468 2347 τοῦτο
3494 2287 3799 2361 παρελθεῖν

490 2388 788 2445 invenietis
819 2404 927 2445 me.
962 2389 1137 2446 Adest
1164 2391 1317 2447 enim
1350 2391 1430 2443 eis
1459 2403 1787 2460 semperque
1821 2389 2019 2446 aderit.

2203 2391 2378 2453 ιύτοὺς
2423 2386 2603 2460 καιρῷ
2653 2386 2732 2459 τῷ
2762 2386 3095 2456 καθήκοντι..
3121 2383 3522 2457 Ἐπιτηρητέον
3572 2398 3637 2450 γε
3681 2378 3797 2449 μὴν

490 2480 671 2533 ἐκεῖνο
705 2481 894 2549 πάλιν,
924 2482 1006 2535 ὄτι
1037 2483 1151 2545 τοῖς
1183 2481 1283 2553 μὲν
1317 2481 1594 2546 Ἰουδαίοις
1631 2482 1952 2553 προσλαλῶν
1989 2484 2085 2538 καὶ
2123 2484 2256 2539 αὐτὸ
2322 2482 2386 2553 δὴ
2409 2481 2569 2535 τοῦτο
2595 2481 2878 2551 σημαίνων
2898 2480 3102 2546 ἔφασκε
3123 2495 3137 2509 ο
3169 2498 3193 2532 ι·
3227 2475 3499 2550 Ζητήσετέ
3538 2491 3629 2545 με,
3695 2476 3798 2529 καὶ

488 2571 590 2642 οὐχ
615 2570 881 2642 εὑρήσετέ
907 2588 974 2640 με
994 2587 1008 2601 ⁹
1058 2590 1077 2623 ³
1109 2572 1223 2636 τοῖς
1245 2588 1308 2641 γε
1346 2571 1454 2642 μὴν
1489 2570 1685 2626 ἑαυτοῦ
1717 2572 2006 2644 μαθηταῖς,
2047 2575 2132 2640 τὸ,
2174 2592 2195 2626 ι
2224 2571 2502 2644 Ζητήσετέ
2539 2588 2629 2642 με,
2657 2591 2675 2624 ι
2716 2571 2880 2641 μόνον
2908 2572 3094 2640 φησιν,
3124 2571 3417 2639 ἀποσιωπᾷ
3453 2568 3510 2621 δὲ
3551 2566 3796 2638 πρεπόν-
3867 2620 3869 2631 ,

491 2677 600 2724 τως
623 2661 706 2726 τὸ,
738 2679 759 2712 ι
780 2661 894 2733 Οὐχ
920 2661 1204 2733 εὑρήσετε.
1231 2681 1248 2712 ι
1287 2663 1395 2715 Καὶ
1423 2661 1515 2716 διὰ
1543 2662 1704 2716 ποίαν
1741 2663 1921 2717 αἰτίαν
1952 2680 1968 2731 ;
1999 2664 2259 2736 Ἀρμόσει
2287 2663 2391 2735 μὲν
2430 2662 2541 2734 γὰρ
2586 2662 2819 2726 ἐκείνοις
2857 2662 2917 2715 τὸ
2955 2660 3033 2733 μή
3062 2661 3339 2733 εὑρίσκειν
3375 2660 3559 2724 αὐτὸν,
3599 2658 3693 2713 διά
3727 2673 3793 2711 τε

490 2755 592 2828 τὴν
623 2756 862 2828 ἄμετρον
891 2755 1171 2819 ἀπιστίαν,
1206 2756 1300 2809 καὶ
1333 2756 1433 2826 τῆς
1460 2756 1542 2820 εἰς
1573 2756 1735 2810 αὐτὸν
1803 2757 2125 2822 δυσσεϐείας
2193 2758 2294 2831 τὴν
2333 2758 2674 2831 ὑπερϐολήν
2710 2760 2823 2823 τοῖς
2849 2757 2908 2811 δὲ
2936 2759 3160 2828 γνήσιον
3211 2759 3293 2820 εἰς
3320 2756 3483 2809 αὐτὸν
3510 2755 3695 2826 ἔχουσι
3728 2757 3801 2809 τὸ

490 2848 773 2922 φρόνημα,
812 2849 906 2902 καὶ
950 2849 1334 2919 ἀκαπήλευτον
1379 2847 1701 2904 ἁποσώσασι
1732 2850 1832 2922 τὴν
1869 2851 2175 2922 ἁγάπησβι,
2211 2853 2400 2908 οὐκέτι
2445 2853 2764 2925 πρεπόντως
2809 2849 2878 2906 ἂν
2923 2850 3134 2921 λέγοιτο
3173 2851 3267 2916 τὸ,
3321 2866 3340 2900 ι
3376 2848 3489 2919 Οὐχ
3524 2848 3795 2920 εὑρήσετὲ

495 2958 587 3015 με.
637 2959 657 2992 ι
695 2938 871 3010 Συνῆν
893 2940 1004 3011 γὰρ
1030 2941 1235 3006 αὐτοῖς,
1269 2941 1364 2995 καὶ
1395 2941 1653 2995 συνέσται
1679 2941 1770 2998 διὰ
1796 2945 2023 3008 παντός.

569 3030 707 3093 XIII,
738 3031 825 3086 54.
861 3028 1183 3085 Mandatum
1206 3046 1397 3084 novum
1424 3029 1495 3085 do
1549 3033 1714 3097 vobis,
1753 3044 1812 3087 ut
1836 3034 2080 3105 diligatis
2111 3044 2152 3101 C

496 3126 755 3190 inuicem,
812 3127 951 3177 sicut
986 3122 1152 3178 dilexi
1211 3139 1325 3187 vos,
1381 3131 1439 3176 ut
1502 3134 1553 3178 et
1605 3140 1694 3179 vos
1732 3125 1973 3197 diligatis
2004 3129 2082 3181 iic-

497 3219 681 3272 sicem.
856 3227 861 3231 '
1376 3221 1382 3228 '

571 3306 745 3364 Recte
772 3322 839 3362 ac
869 3321 1000 3363 vere
1034 3304 1500 3364 divinusPaulus
1562 3307 1762 3365 scribit
1790 3326 1806 3365 :
1850 3327 1870 3361 ι
1902 3309 2086 3378 Quare

500 3402 546 3457 si
569 3404 697 3473 quis
725 3401 777 3456 in
807 3400 1032 3456 Christo
1063 3408 1169 3461 est.
1226 3413 1367 3454 nova
1397 3408 1654 3455 creatura
1703 3408 1791 3457 est
1824 3420 1839 3457 :
1880 3412 2072 3459 vetera

498 3494 862 3558 tratisierunt,
880 3506 1010 3549 ecce
1026 3491 1171 3547 facta
1194 3500 1325 3547 sunt
1340 3493 1526 3548 omnia
1551 3508 1693 3549 nova
1715 3493 1816 3550 η.»
1836 3493 2088 3551 Renovat

499 3590 648 3645 enim
695 3603 798 3643 nos
850 3602 916 3642 ac
971 3585 1189 3656 refingit
1221 3586 1636 3656 quodammodo
1681 3587 1750 3642 ad
1791 3589 2087 3644 novitatem

500 3682 645 3747 vitae,
678 3681 774 3736 sed
806 3680 1011 3734 inviam
1044 3695 1145 3734 nec
1176 3680 1364 3734 tritam
1396 3679 1525 3735 aliis
1559 3686 1835 3751 quotquot
1873 3683 1929 3735 in
1970 3682 2091 3752 lege

499 3770 688 3826 vivere
743 3778 966 3835 amant,
1020 3779 1076 3825 et
1125 3769 1390 3826 Mosaicis
1443 3772 1736 3842 praeceptis
1791 3772 2087 3828 inhaerere.

501 3861 650 3918 Nihil
678 3861 883 3934 quippe
911 3863 999 3918 lex
1028 3862 1268 3932 perﬁcit,
1301 3869 1365 3915 ut
1420 3861 1693 3931 scriptum
1723 3871 1811 3919 est
1834 3863 1877 3895 ¹⁷
1909 3880 1925 3931 ;
1978 3863 2094 3934 ple-

502 3956 794 4012 nissimam
841 3961 1024 4009 autem
1067 3955 1290 4025 pietatis
1321 3954 1380 4009 in
1430 3954 1605 4013 Deum
1664 3970 1986 4012 mensuram
2035 3956 2094 4012 in

504 4045 821 4105 Servatoris
852 4047 1028 4103 nostri
1057 4046 1332 4103 mandatis
1356 4047 1546 4105 videre
1568 4057 1675 4106 est.
1697 4049 1914 4105 idcirco
1942 4048 2093 4103 enim

500 4151 561 4196 et
588 4140 708 4211 ipse
741 4138 811 4193 ad
846 4152 948 4195 nos
976 4138 1180 4194 alicubi
1205 4141 1289 4194 sic
1318 4139 1428 4196 ait:
1467 4158 1487 4191 ι
1519 4140 1717 4207 Amen,
1763 4156 1922 4194 amen
1969 4139 2096 4193 dico

504 4232 686 4295 vobis.
713 4230 819 4288 nisi
853 4230 1225 4287 abundaverit
1265 4230 1484 4300 iustitia
1528 4241 1710 4288 vestra
1744 4234 1868 4303 plus
1931 4248 2094 4301 quam

508 4325 834 4382 Scribarum
893 4334 949 4381 et
972 4323 1409 4393 Pharisaeorum,
1441 4342 1554 4381 non
1608 4327 1893 4381 intrabitis
1922 4324 1976 4379 in
2011 4340 2099 4379 re-

2270 3033 2567 3103 Ἐντολὴν
2623 3032 2848 3101 καινὴν
2892 3030 3105 3098 δίδωμι
3151 3029 3316 3100 ὑμῖν,
3367 3029 3470 3082 ἵνα
3521 3027 3796 3096 ἀγαπᾶτε

2185 3127 2523 3194 ἀλλήλους,
2572 3125 2768 3191 καθὼς
2813 3123 2929 3195 ἐγὼ
2973 3125 3265 3194 ἠγάπησα
3314 3120 3492 3192 ὑμᾶς,
3531 3122 3635 3175 ἵνα
3690 3122 3791 3175 καί

2186 3220 2360 3290 ὑμεῖς
2389 3217 2659 3290 ἀγαπᾶτε
2685 3216 3021 3284 ἀλλήλους.

2256 3312 2456 3376 Καλῶς
2482 3327 2540 3364 τε
2564 3312 2661 3365 καὶ
2688 3309 2911 3382 ἀληθῶς
2938 3311 2967 3364 ό
2988 3308 3278 3374 θεσπέσιος
3308 3309 3511 3379 γράφει
3527 3307 3745 3371 Παῦλος
3766 3324 3784 3340 ο

2194 3403 2386 3459 «Ὥστε
2403 3404 2541 3469 εἴτις
2556 3406 2616 3458 έν
2637 3401 2882 3475 Χριστῷ,
2903 3401 3066 3473 καινὴ
3095 3401 3274 3465 κτίσις
3297 3419 3311 3434 ο
3329 3402 3398 3456 τὰ
3417 3403 3625 3473 ἀρχαῖα
3648 3420 3795 3468 παρ-

2188 3498 2375 3567 ῆλθεν,
2398 3496 2507 3550 ἰδοὺ
2538 3495 2730 3565 γέγονε
2754 3494 2825 3549 τὰ
2842 3495 3020 3549 πάντα
3045 3496 3232 3548 καινά.
3248 3515 3265 3545 ι
3289 3494 3653 3557 Ἀνακαινίζει
3680 3496 3793 3564 γὰρ

2189 3590 2360 3661 ἡμᾶς,
2387 3588 2484 3643 καὶ
2509 3587 2840 3642 ἀναπλάττει
2886 3587 3091 3659 τρόπον
3142 3587 3263 3640 τινὰ
3304 3586 3443 3658 πρὸς
3491 3584 3793 3657 καινότητα

2192 3679 2362 3751 ζωῆς,
2409 3677 2611 3748 ἀστιϐῆ
2656 3678 2716 3730 δὲ
2770 3676 2867 3731 καὶ
2921 3678 3037 3739 τοῖς
3082 3676 3265 3739 ἄλλοις
3312 3677 3373 3729 οὐ
3419 3676 3794 3747 τετριμμένην

2193 3772 2339 3835 ὅσοις
2366 3771 2428 3825 τδ
2474 3771 2534 3825 έν
2581 3769 2734 3840 νόμῳ
2774 3769 3158 3823 πολιτεύεσθαι
3188 3769 3376 3837 φίλον,
3410 3769 3506 3823 καὶ
3537 3772 3660 3833 ταῖς
3701 3769 3793 3822 διὰ

2193 3862 2438 3925 Μωσέως
2495 3860 2886 3932 προσεδρεύειν
2938 3861 3203 3924 ἐντολαῖς.
3241 3861 3452 3913 Τελειοῖ
3488 3861 3589 3929 μὲν
3624 3859 3735 3930 γὰρ
3762 3863 3793 3913 ὁ

2194 3954 2366 4024 νόμος,
2390 3954 2565 4019 οὐδὲν,
2602 3953 2745 4008 κατὰ
2773 3953 2837 4009 τὸ
2867 3953 3256 4025 γεγραμμένον
3278 3970 3294 3987 ⁸
3323 3952 3697 4024 πληρέστατον
3733 3954 3789 4006 δὲ

2195 4044 2297 4115 τῆς
2325 4046 2408 4108 εἰς
2438 4044 2572 4098 Θεὸν
2618 4044 2901 4109 εὐσεϐείας
2921 4045 2984 4098 τὸ
3010 4045 3208 4116 μέτρον
3236 4045 3295 4097 ὲν
3319 4046 3433 4107 τοῖς
3477 4043 3573 4096 τοῦ
3601 4044 3786 4113 Σωτῆ-

2201 4155 2292 4208 ρος
2322 4139 2356 4208 ὴ
2367 4136 2483 4207 μῶν
2511 4137 2721 4192 κατίδοι
2757 4155 2841 4201 τις
2878 4137 2944 4191 ἂν
2971 4136 3327 4207 διατάγμασι.
3360 4135 3461 4189 Διὰ
3493 4134 3603 4206 γὰρ
3632 4134 3792 4189 τοῦτο

2198 4230 2294 4283 καὶ
2331 4229 2495 4293 αὐτός
2541 4247 2646 4283 που
2695 4229 2832 4299 πρὸς
2860 4231 3009 4300 ἡμᾶς
3057 4223 3161 4283 ὧδέ
3212 4230 3287 4300 πή
3317 4245 3515 4300 φησιν’
3549 4247 3568 4279 ι
3595 4228 3786 4299 Ἀμὴν,

2200 4318 2349 4389 ἀμὴν
2392 4317 2535 4386 λέγω
2568 4319 2719 4388 ὑμῖν,
2765 4317 2861 4372 ἐὰν
2902 4317 2978 4389 μὴ
3030 4319 3367 4389 περισσεύσῃ
3400 4319 3433 4389 ὴ
3472 4317 3786 4387 δικαιοσύνη

503 4434 672 4489 gnum
702 4417 866 4489 750
892 4419 1159 4473 coalorum
1184 4419 1250 4474 “.
1287 4438 1306 4471 ι
1346 4418 1466 4473 Non
1499 4419 1644 4473 enim
1681 4415 1887 4473 Judmis
1916 4431 2094 4470 mores

2203 4410 2357 4482 ὑμῶν
2383 4410 2567 4465 πλεῖον
2591 4409 2702 4463 τῶν
2731 4410 3111 4481 Γραμματέων
3135 4410 3231 4463 καὶ
3257 4410 3589 4482 Φαρισαίων,
3624 4410 3685 4463 οὐ
3714 4413 3787 4480 μὴ

509 4526 576 4566 ac
601 4512 744 4568 ritus
773 4527 908 4568 suos
935 4513 1268 4580 invidemus,
1312 4513 1425 4568 imo
1455 4512 1564 4567 nisi
1620 4512 1824 4582 Oppido
1870 4510 2100 4581 legalem

504 4603 782 4674 justitiam
838 4604 1219 4678 praetergressi
1270 4605 1587 4668 fuerimus,
1643 4617 1926 4674 nunquam
1982 4617 2102 4656 mea

509 4698 788 4752 sententia
820 4697 873 4750 in
910 4712 1142 4769 regnum
1173 4696 1443 4753 ctelorum
1475 4696 1878 4768 ingrediemur.
1914 4692 2103 4764 Neque

511 4796 694 4844 tamen
735 4804 930 4843 vanam
963 4804 1201 4861 prorsus
1233 4804 1298 4846 ac
1325 4788 1578 4844 inutilem
1606 4802 1732 4844 esse
1757 4787 1933 4857 legem
1983 4784 2101 4840 Mo-

512 4881 723 4935 saicam
777 4881 1123 4938 statuimus:
1161 4882 1385 4938 tametsi
1445 4882 1593 4936 enim
1664 4881 1872 4935 bonum
1939 4878 2102 4934 nobis

515 4970 725 5027 invexit
783 4971 967 5026 minus
1037 4986 1173 5027 sane
1245 4970 1535 5042 perfecte,
1586 4980 1967 5024 verumtamen
2033 4968 2103 5023 ad

512 5064 847 5135 evangelica:
910 5064 1354 5120 conversationis
1410 5063 1765 5134 disciplinam
1835 5063 2103 5131 magistra

516 5155 681 5211 nobis
728 5155 964 5220 exstitit,
1018 5163 1073 5211 et
1108 5172 1206 5224 per
1235 5158 1530 5229 aenigmata
1584 5171 1649 5210 ac
1699 5156 1907 5226 ﬁguras
1960 5169 2104 5209 verae

516 5245 737 5317 pietatis
770 5246 1041 5301 inducens
1094 5248 1419 5318 imaginem,
1449 5247 1658 5303 nostris
1692 5246 2103 5316 quodammodo

516 5336 799 5394 mentibus
845 5339 1118 5394 doctrinae
1144 5337 1479 5393 Christiana:
1510 5337 1761 5392 umbram
1809 5335 2108 5407 impressit.

517 5427 794 5495 Quocirca
829 5437 885 5485 et
914 5431 1035 5502 ipse
1061 5429 1278 5484 aiebat:
1331 5446 1351 5481 ι
1390 5429 1525 5485 Dico
1557 5429 1705 5487 enim
1757 5430 1939 5493 vobis,
1975 5430 2105 5499 quia

523 5519 709 5576 omnis
737 5520 923 5575 scriba
957 5520 1157 5577 doctus
1182 5520 1240 5577 in
1270 5536 1442 5593 regno
1469 5522 1740 5578 cmlorum
1772 5521 1975 5578 similis
2016 5530 2103 5575 est

2201 4503 2484 4573 εἰσέλθητε
2523 4506 2605 4569 εἰς
2632 4504 2735 4575 τήν
2768 4503 3050 4574 βασιλείαν
3079 4502 3187 4555 τῶν
3215 4502 3484 4574 οὐρανῶν.
3526 4522 3544 4554 ι
3573 4505 3647 4556 Οὐ
3680 4504 3789 4573 γὰρ

2202 4600 2315 4660 τοῖς
2357 4596 2624 4651 Ἰουδαίων
2669 4595 3030 4667 ἁμιλλώμεθα
3070 4595 3329 4667 τρόποις,
3359 4594 3475 4648 ἀλλ’
3508 4597 3558 4648 εἰ
3594 4597 3668 4667 μὴ
3697 4596 3789 4649 καὶ

2204 4693 2409 4761 σφόδρα
2456 4690 2918 4763 παραδράμοιμεν
2954 4691 3054 4758 τὴν
3108 4691 3169 4743 ὲν
3201 4690 3354 4760 νόμῳ
3400 4688 3793 4758 δικαιοσύνην,

2202 4783 2303 4836 οὐκ
2334 4781 2400 4836 ἂν
2429 4777 2584 4847 οἶμαί
2616 4797 2745 4835 ποτε
2784 4776 2921 4852 πρὸς
2953 4782 3051 4851 τὴν
3085 4783 3192 4833 τῶν
3218 4778 3466 4849 οὐρανῶν
3490 4779 3790 4832 εἰσελάσειν

2202 4873 2350 4942 ἡμᾶς
2381 4870 2680 4941 βασιλείαν.
2725 4873 2835 4924 Καὶ
2869 4872 2968 4940 οὐχ
3018 4872 3092 4932 ὡς
3125 4871 3397 4943 ἄχρηστον
3454 4870 3788 4940 παντελῶςῆ

2199 4964 2461 5036 ἀνόνητον
2505 4964 2597 5017 τὸν
2640 4964 2726 5016 διὰ
2765 4965 3011 5026 Μωσέως
3045 4960 3187 5017 εἶναι
3224 4962 3573 5035 διοριζόμεθα
3598 4964 3784 5034 νόμον

2201 5057 2553 5127 εἰσκεκόμικε
2580 5056 2688 5127 γὰρ
2711 5059 2868 5127 ἡμῖν,
2895 5057 2943 5108 εἰ
2983 5058 3079 5109 καὶ
3108 5056 3182 5126 μὴ
3219 5040 3465 5121 τελείως,
3492 5054 3555 5108 τὸ
3571 5056 3785 5124 ἀγαθὸν,

2198 5148 2316 5202 ἀλλ’
2345 5146 2440 5203 οὖν
2462 5166 2527 5217 γε
2558 5148 2908 5217 παιδαγωγὸς
2936 5150 3029 5201 ἐπὶ
3058 5150 3156 5219 τὴν
3179 5152 3276 5220 τῆς
3308 5147 3676 5219 εὐαγγελικῆς
3707 5165 3789 5200 πο.

2209 5242 2415 5306 λιτείας
2456 5244 2774 5314 εὑρίσκεται
2826 5242 3082 5313 μάθησιν,
3116 5244 3209 5296 καὶ
3246 5244 3313 5297 δι’
3343 5243 3680 5312 αἰνιγμάτων
3705 5241 3790 5294 καὶ

2218 5336 2406 5390 τύπων
2432 5337 2617 5390 εἰκόνα
2651 5340 2750 5408 τῆς
2779 5337 3013 5408 ἀληθοῦς
3059 5337 3346 5400 εὐσεϐείας
3382 5335 3674 5406 εἰσφέρων,
3708 5336 3788 5387 ἑν-

2213 5428 2450 5500 εχάραξέ
2496 5447 2614 5493 πως
2663 5432 2783 5494 ταῖς
2810 5430 3109 5501 ἡμετέραις
3133 5429 3397 5493 διανοίαις
3422 5428 3520 5498 τῆς
3544 5426 3635 5481 διὰ
3660 5427 3787 5498 Χρι-

2212 5519 2340 5573 στοῦ
2390 5521 2729 5586 παιδεύσεως
2770 5521 2869 5594 τὴν
2911 5521 3087 5577 σκιάν.
3133 5522 3233 5575 Διὰ
3270 5522 3382 5594 γάρ
3414 5536 3495 5576 τοι
3519 5519 3677 5575 τοῦτο
3704 5521 3790 5574 καὶ

598 5696 642 5728 ⁵⁸
678 5695 719 5753 ll
755 5698 884 5755 Cor.
916 5715 972 5761 v.
1012 5698 1099 5754 l7.
1183 5702 1222 5733 ³⁷
1265 5700 1428 5760 liebr.
1469 5717 1576 5768 vn,
1615 5700 1682 5759 i9
1790 5700 1833 5736 "
1876 5699 2067 5760 Haltlt.
2108 5718 2158 5766 v,
2197 5701 2287 5757 20.
