3884 6208
122 270 268 325 161

125 384 409 454 ῑφασκεν
436 384 595 447 αὑτός
619 400 631 413 ·
674 402 691 435 ι
726 382 883 453 Λέγω
908 383 1017 455 γάρ
1053 386 1200 455 ὑμῖν,
1235 386 1317 438 ὃτι
1347 387 1455 449 πᾶς
1486 386 1753 457 Γραμμαο
1785 387 1832 443 Λ

123 483 296 545 τεὺς
350 479 709 552 μαθητευθεὶς
743 483 811 552 τῇ
849 482 1099 552 βασιλείᾳ
1147 481 1254 535 τῶν
1280 480 1548 553 οὐρανῶν,
1574 480 1758 550 ὅμοιός

130 575 318 625 ἐστιν
354 571 627 643 ἀνθρώπῳ
661 572 923 642 πλουσίῳ,
963 574 1113 637 ὅστις
1160 573 1413 626 ὲκδάλλει
1452 575 1516 625 ὲκ
1543 571 1635 625 τοῦ
1663 572 1761 642 θη-

129 665 374 735 σαυροῦ
403 665 568 718 αὑτοῦ
607 668 773 719 καινά
801 667 894 719 καὶ
935 666 1161 722 παλαιά.
1206 687 1223 719 ι
1259 668 1493 731 Πλοῦτος
1525 669 1622 738 μὲν
1651 669 1759 738 γὰρ

130 756 344 819 ὅντως
388 758 760 826 πνευματικός
799 775 859 810 τε
890 760 984 812 καὶ
1016 760 1138 814 λίαν
1176 761 1234 812 ὲν
1264 764 1379 823 τοῖς
1407 760 1495 813 διὰ
1516 763 1760 826 Μωσέως

127 848 455 917 τετρίφθαι
485 849 691 917 λόγοις,
723 851 818 903 καὶ
850 851 947 923 τὴν
977 852 1036 917 ἐξ
1084 852 1264 906 αὐτῶν
1302 854 1569 922 ὠφέλειαν
1596 854 1759 925 τεθη-

134 940 545 1011 σαυρισμένην
586 942 729 1012 ἔχειν
784 943 992 1017 διανοίᾳ
1017 945 1106 997 τὸν
1133 946 1443 1017 ἄνθρωπον,
1470 949 1760 1020 προσειλη-

132 1035 311 1101 φότα
346 1052 407 1101 γε
446 1035 551 1106 μὴν
609 1036 705 1088 καὶ
746 1037 805 1088 τὸ
858 1037 960 1105 τῆς
1021 1040 1384 1111 εὑαγγελικῆς
1426 1041 1760 1103 παιδεύσεως

135 1124 366 1189 κάλλος
394 1166 409 1188 ,
444 1125 833 1198 ἐναδρύνεσθαι
884 1128 1121 1196 διπλῶς,
1151 1133 1216 1201 τῇ
1260 1148 1319 1184 τε
1358 1132 1467 1185 τῶν
1516 1134 1761 1204 ἀρχαίων

133 1218 263 1268 καὶ
303 1217 413 1271 τῶν
455 1218 590 1269 νέων
639 1219 901 1288 ὲνειδήσει
932 1221 1132 1291 νόμων.
1169 1225 1395 1287 Δεικνὺς
1416 1224 1704 1297 τοιγαροῦν
1732 1227 1761 1278 ὁ

134 1306 377 1378 Κύριος
420 1310 577 1380 ἡμῶν
638 1310 843 1382 Ἰησοῦς
887 1314 915 1366 ὁ
959 1314 1232 1384 Χριστὸς,
1261 1316 1343 1367 ὅτι
1386 1318 1485 1387 τῆς
1526 1317 1760 1387 ἀρχαίας

135 1403 413 1473 ἀμείνων
440 1406 661 1474 ἐντολῆς
685 1408 718 1475 ἡ
751 1408 880 1474 παρ’
903 1407 1094 1470 αὑτοῦ,
1135 1409 1229 1461 καὶ
1258 1410 1338 1461 ὅτι
1362 1412 1476 1473 τοῖς
1512 1411 1570 1462 έν
1610 1412 1760 1483 νόμῳ

138 1498 612 1567 πολιτευομένοις
638 1499 860 1570 ἀτριὸές
902 1518 1018 1563 πως
1060 1496 1127 1570 ἦν
1157 1500 1234 1554 ἔτι
1264 1502 1327 1554 τὸ
1368 1504 1633 1575 σωτήριον
1662 1507 1763 1575 κή-

142 1607 363 1660 ρυγμα
386 1632 401 1656 ,
432 1591 640 1661 μέλλων
682 1592 995 1646 ἀναϐαίνειν
1050 1597 1131 1659 εἰς
1181 1596 1479 1665 οὐρανοὺς,
1511 1597 1760 1669 θεμέλιον

136 1698 292 1735 τινα
321 1681 508 1754 ὥσπερ
536 1683 629 1737 καὶ
650 1684 889 1755 κρηπῖδα
912 1688 1111 1749 παντὸς
1138 1687 1344 1756 ἀγαθοῦ
1371 1688 1463 1742 τὸν
1489 1689 1589 1760 τῆς
1621 1691 1760 1760 ἀγά⁹

140 1791 279 1841 om;
310 1775 819 1845 προκαταϐάλλεται
847 1778 1031 1847 νόμον,
1056 1780 1277 1851 ἀγάπης
1297 1781 1374 1847 δὲ,
1401 1784 1461 1835 οὑ
1485 1783 1583 1854 τῆς
1616 1784 1759 1838 κατά

138 1866 353 1936 νόμον,
371 1867 506 1921 ἀλλά
533 1869 633 1939 τῆς
666 1870 805 1939 ὑπὲρ
831 1872 1013 1943 νόμον.
1045 1872 1145 1926 Διά
1169 1873 1326 1927 τοῦτό
1350 1892 1515 1944 φησιν
1542 1894 1555 1907 ·
1580 1894 1599 1928 ι
1645 1878 1761 1930 Ἐν-

141 1958 329 2031 τολὴν
359 1961 554 2031 καινὴν
593 1962 783 2033 δίδωμι
817 1965 967 2034 ὑμῖν,
1002 1967 1086 2019 ἵνα
1118 1969 1370 2035 ἀγαπᾶτε
1418 1968 1701 2042 ἀλλήλους.
1735 1990 1754 2022 ι

145 2048 307 2107 Εἶτα
339 2053 477 2117 πῶς,
509 2056 633 2108 εἰπέ
659 2074 771 2125 μοι,
800 2059 1024 2129 φήσειεν
1049 2060 1114 2114 ἀν
1142 2078 1224 2124 τις
1246 2062 1430 2133 τυχὸν,
1458 2058 1597 2117 εἶναι
1626 2062 1759 2117 ταὺ-

141 2156 265 2208 την
318 2140 416 2210 τὴν
454 2143 674 2214 ἐντολὴν
708 2146 902 2217 καινὴν
935 2149 1152 2218 εἴρηκεν
1194 2150 1224 2201 ὁ
1261 2150 1347 2204 διὰ
1378 2153 1623 2216 Μωσέως
1648 2157 1760 2217 τοῖς

142 2233 545 2304 ἀρχαιοτέροις
583 2235 752 2288 εἰπών
780 2254 792 2267 ⁸
839 2257 858 2289 ι
904 2240 1235 2312 Ἀγαπήσεις
1259 2242 1465 2313 Κύριον
1506 2245 1594 2297 τὸν
1628 2245 1760 2298 θεόν

145 2341 284 2387 σου,
335 2325 395 2389 ἐξ
421 2326 549 2397 ὅλης
589 2328 688 2398 τῆς
718 2329 947 2400 καρδίας
981 2348 1099 2398 σου,
1143 2335 1239 2387 καὶ
1262 2334 1322 2400 ἐξ
1371 2336 1499 2407 ὅλης
1532 2337 1630 2407 τῆς
1645 2338 1759 2391 δια-

143 2418 319 2480 νοίας
368 2436 459 2471 σου
484 2460 499 2484 ,
532 2422 627 2475 καὶ
659 2424 750 2476 τὸν
776 2426 1003 2494 πλησίον
1044 2442 1160 2487 σου,
1208 2428 1284 2490 ὼς
1316 2429 1507 2481 ἑαυτὸν
1535 2446 1550 2493 ;
1590 2449 1607 2479 ι
1630 2430 1758 2483 Ἰδοὺ

146 2508 300 2575 γάρ,
335 2509 441 2563 ίδοίι
470 2512 746 2581 προτάξας
774 2513 883 2566 τῶν
916 2515 1094 2569 ἄλλων
1128 2520 1224 2570 καὶ
1258 2518 1651 2588 προτεθεικὼς,
1685 2520 1760 2582 ὡς

144 2599 335 2661 εἰκὸς,
356 2599 453 2669 τὴν
477 2605 554 2663 εἰς
575 2602 707 2655 Θεὸν
722 2604 1004 2675 ἀγάπησιν
1022 2648 1035 2669 ,
1055 2625 1315 2679 παρεισκε
1326 2611 1519 2680 κόμικε
1544 2612 1759 2679 γείτονα

148 2692 262 2757 την
295 2690 377 2751 είς
406 2690 691 2759 ἀλλήλους,
722 2696 813 2745 καὶ
834 2693 1139 2763 παρέζευξέ
1166 2713 1281 2759 πως
1302 2700 1368 2768 τῇ
1395 2700 1476 2761 εἰς
1498 2698 1631 2751 Θεὸν
1659 2699 1759 2770 τὴν

148 2784 239 2844 εἰς
276 2783 425 2852 ἡμᾶς
458 2786 676 2848 αὑτοὺς,
713 2787 789 2849 ὡς
827 2788 926 2839 οὑκ
961 2788 1026 2841 ἂν
1072 2789 1277 2860 ἑτέρως
1304 2792 1536 2863 ἐχούσης
1560 2793 1756 2861 ὀρθῶς,

150 2871 286 2923 οὑδὲ
314 2874 415 2942 τῆς
461 2875 539 2936 είς
573 2874 707 2927 Θεὸν
749 2877 971 2947 ἀγάπης
996 2918 1010 2941 ,
1042 2879 1091 2930 εἰ
1149 2880 1222 2950 μὴ
1259 2881 1559 2951 παρέποιτο
1585 2883 1757 2955 ταύτῃ

152 2965 257 3015 καί
290 2966 324 3033 ἠ
381 2964 459 3035 τῷ
509 2967 681 3028 πέλας
716 2969 1160 3041 χρεωστουμένη.
1196 2973 1403 3037 Πάντες
1434 2975 1541 3045 γάρ
1590 2977 1759 3045 ἐσμεν

153 3055 416 3124 ἀλλήλων
472 3057 711 3125 ἀδελφοί.
750 3062 859 3112 Καὶ
893 3060 1024 3128 γοῦν
1074 3064 1102 3114 ὁ
1135 3061 1447 3133 σοφώτατος
1484 3064 1755 3137 Ἰωάννης,
1787 3101 1829 3157 C

154 3146 436 3199 κάλλιστά
457 3164 515 3199 τε
546 3147 831 3214 εἰδὼς,καὶ
847 3150 1115 3203 διδάσκων
1134 3152 1376 3222 ἐτέρους,
1390 3172 1407 3203 ι
1432 3154 1487 3207 Ὀ
1507 3154 1756 3222 ἀγαπῶν,

156 3242 302 3309 φησί
323 3280 339 3302 ,
371 3241 463 3293 τὸν
498 3241 726 3310 ἀδελφὸν
759 3242 948 3303 αὑτοῦ,
980 3246 1071 3297 τὸν
1093 3244 1224 3297 Θεὸν
1246 3246 1491 3316 ἀγαπᾷ.»
1512 3248 1635 3311 Πῶς
1667 3243 1759 3301 οὖν

155 3334 360 3406 ἐντολὴ
382 3336 543 3405 καινὴ
571 3336 659 3389 διὰ
693 3336 949 3405 Χριστοῦ,
966 3336 1147 3389 καίτοι
1167 3340 1279 3401 τοῖς
1302 3339 1550 3404 παλαιοῖς
1576 3342 1761 3411 νόμοις

157 3425 605 3496 διηγορευμένη;
636 3426 776 3478 Ἀλλ’
797 3427 898 3498 ὅρα
928 3444 1020 3498 μοι
1072 3426 1171 3498 τὴν
1199 3429 1501 3497 ἀσφάλειαν
1522 3472 1537 3493 ,
1595 3431 1760 3502 βλέπε

158 3517 264 3587 τὴν
291 3520 613 3590 ὲπαγωγήν.
640 3520 714 3573 Οὑ
745 3519 854 3591 γὰρ
872 3520 1112 3592 ἠρκέσθη
1144 3520 1221 3593 τῷ
1248 3525 1448 3577 εἰπεῖν·
1469 3542 1487 3576 ι
1514 3524 1760 3595 Ἐντολὴν

162 3614 369 3685 καινὴν
422 3615 617 3686 δίδωμι
649 3616 800 3686 ὑμῖν,
847 3618 934 3669 ἵνα
977 3619 1229 3685 ἀγαπᾶτε
1256 3618 1539 3690 ἀλλήλους,
1568 3639 1585 3669 ι
1624 3617 1761 3671 ἀλλά

164 3707 261 3761 τοῦ
294 3708 456 3775 λόγου
488 3707 588 3779 τὴν
634 3709 933 3777 καινότητα
978 3709 1194 3771 δεικνὺς
1214 3748 1228 3771 ,
1272 3710 1366 3762 καὶ
1395 3709 1495 3779 τῆς
1528 3709 1761 3779 ἀρχαίας

165 3802 391 3869 ἐκείνης
419 3802 773 3872 ἀγαπήσεως,
805 3802 906 3872 τῆς
935 3803 1015 3865 είς
1051 3801 1312 3873 ἀλλήλους
1340 3804 1512 3874 φημὶ,
1544 3804 1679 3857 πολὺ
1704 3820 1760 3857 τι

164 3893 228 3945 τὸ
261 3893 448 3964 μεῖζον
481 3893 714 3963 ἔχουσαν
744 3895 843 3965 τὴν
879 3895 1097 3959 ἑαυτοῦ,
1129 3897 1519 3967 προστέθεικεν
1559 3897 1720 3961 εὑθὺς
1744 3914 1758 3931 ’

174 4013 193 4036 ι
227 3986 428 4049 Καθὼς
462 3986 573 4055 ἐγὼ
600 3987 868 4058 ἠγάπησα
898 3988 1063 4058 ὑμᾶς,
1090 3988 1178 4040 ἵνα
1205 3989 1297 4041 καὶ
1326 3990 1484 4059 ὑμεῖς
1508 3990 1760 4059 ἀγαπᾶτε

166 4080 462 4151 ἀλλήλους.
498 4100 517 4131 ι
576 4080 927 4151 Ἐρευνητέον
957 4081 1248 4152 τοιγαροῦν
1286 4082 1426 4153 ὑπὲρ
1455 4083 1551 4135 τοῦ
1586 4084 1761 4137 συνιέ-

167 4191 259 4225 ναι
296 4172 489 4239 σαφῶς
523 4171 633 4225 τῶν
678 4172 989 4243 εἰρημένων
1025 4174 1123 4243 τὴν
1171 4172 1424 4243 δύναμιν,
1470 4174 1589 4238 πῶς
1618 4176 1759 4245 ὴγά-

171 4284 351 4337 πηοεν
403 4269 551 4337 ἡμᾶς
596 4268 625 4319 ὁ
666 4266 925 4338 Χριστός.
985 4268 1119 4320 Τότε
1152 4268 1282 4339 γὰρ,
1326 4268 1468 4332 τότε,
1506 4268 1599 4322 καὶ
1641 4268 1761 4323 λίαν

172 4361 416 4423 εὐκόλως
443 4358 930 4430 ἐπαριθμήσαιμεν
978 4360 1044 4414 ἂν
1085 4360 1146 4414 τὸ
1190 4360 1378 4414 καινὸν
1411 4362 1506 4414 καὶ
1555 4362 1763 4432 παρηλο

172 4450 449 4521 λαγμένον
508 4453 609 4521 τῆς
642 4453 761 4506 νυνὶ
812 4452 1062 4522 δοθείσης
1096 4452 1334 4522 ἐντολῆς.
1371 4452 1580 4506 Οὐκοῦν
1637 4473 1656 4505 ι
1700 4456 1757 4507 ὲν
1792 4452 1837 4508 D

179 4549 362 4614 μορφῇ
397 4544 533 4597 Θεοῦ
574 4546 871 4615 ὑπάρχων,
930 4546 1029 4615 οὑχ
1075 4545 1374 4615 ἁρπαγμὸν
1415 4545 1662 4615 ἡγήσατο
1702 4545 1764 4598 τὸ

180 4628 319 4685 εἶναι
367 4634 456 4685 ἴσα
491 4633 612 4703 Θεῷ
636 4673 650 4696 ,
686 4634 798 4687 ἀλλ’
834 4634 1026 4687 ἑαυτὸν
1056 4634 1290 4686 ἐκένωσε
1324 4633 1511 4687 δούλου
1546 4636 1765 4707 μορφὴν

178 4723 381 4789 λαϐὼν,
415 4726 473 4776 ὲν
494 4724 801 4795 ὁμοιώματι
832 4724 1137 4795 ἀνθρώπων
1166 4725 1482 4794 γενόμενος,
1518 4728 1614 4779 καὶ
1633 4728 1766 4798 σχή-

184 4833 313 4885 ματι
358 4818 607 4890 εὑρεθεὶς
656 4818 733 4882 ὡς
787 4818 1109 4889 ἄνθρωπος,
1162 4818 1527 4871 ἐταπείνωσεν
1573 4820 1765 4873 ἑαυτὸν

181 4910 473 4980 γενόμενος
497 4911 739 4981 ὑπήκοος
770 4911 931 4982 μέχρι
960 4910 1215 4973 θανάτου,
1250 4910 1483 4965 θανάτου
1515 4911 1571 4964 δὲ
1602 4930 1767 4966 σταυ-

188 5000 299 5070 ροῦ.
334 5021 353 5053 ι
421 5003 581 5056 Ἀλλά
630 5006 725 5056 καὶ
776 5002 1031 5065 πλούσιος
1082 5000 1157 5054 ὣν
1212 5002 1565 5073 ὲπτώχευσε,
1625 5006 1768 5059 καθά

189 5095 350 5148 πάλιν
372 5098 400 5148 ὁ
430 5096 641 5159 Παῦλος
663 5099 792 5166 ἡμῖν
820 5095 1247 5167 διεμαρτύρατο.
1298 5094 1462 5167 Ὁρᾷς
1490 5098 1550 5151 τὸ
1580 5100 1768 5153 καινὸν

193 5187 282 5256 τῆς
320 5190 402 5251 είς
443 5188 589 5258 ἡμᾶς
623 5189 993 5258 ἀγαπήσεωςς
1043 5188 1102 5241 ’0
1136 5188 1235 5259 μὲν
1272 5188 1381 5260 γὰρ
1423 5190 1587 5260 νόμος
1630 5193 1768 5259 ἀγα-

190 5282 355 5349 πῆσαι
394 5281 503 5334 δεῖν
550 5283 642 5335 τὸν
680 5280 910 5349 ἀδελφὸν
940 5281 1226 5334 ἐκέλευσεν
1264 5282 1339 5344 ὡς
1384 5283 1575 5335 ἑαυτόν
1601 5300 1613 5312 ·
1649 5288 1676 5337 ὁ
1705 5285 1764 5337 δὲ

192 5372 386 5443 Κύριος
417 5374 573 5444 ἡμῶν
618 5371 823 5441 Ἰησοῦς
854 5373 1086 5443 Χριστὸς
1107 5372 1397 5441 ἠγάπησεν
1430 5376 1579 5445 ἡμᾶς
1623 5379 1761 5449 ὑπὲρ

192 5462 410 5518 ἑαυτόν·
454 5468 512 5519 οὑ
543 5466 652 5536 γὰρ
696 5465 763 5518 ἂν
806 5467 864 5519 ὲν
907 5466 1090 5536 μορφῇ
1132 5464 1227 5517 καὶ
1260 5466 1468 5533 ἰσότητι
1498 5468 1594 5521 τοῦ
1623 5469 1760 5524 Θεοῦ

196 5558 282 5609 καὶ
326 5558 538 5628 Πατρδς
572 5558 833 5628 ὑπάρχων
885 5555 1024 5627 πρὸς
1082 5558 1181 5626 τὴν
1227 5558 1503 5628 ἡμετέραν
1552 5564 1757 5636 κατέϐη

202 5754 224 5793 κ
264 5670 496 5798 "agatur
556 5687 674 5737 xui,
706 5672 793 5727 59..
880 5675 925 5705 "
968 5673 1124 5730 Deut.
1161 5692 1233 5743 τι,
1274 5675 1336 5741 5;
1375 5675 1563 5735 Matth.
1600 5698 1739 5754 uti,
1773 5686 1861 5740 57.

221 5756 322 5798 'lll.
391 5784 406 5798 .

221 5756 288 5794 riu
310 5786 322 5809 ,
354 5756 406 5799 υ.

1229 268 1294 324 IN
1330 267 1616 323 JOANNIS
1650 263 2099 323 EVANGEIJUM
2143 270 2267 323 LIB.
2305 268 2388 324 IX.

3340 264 3445 333 16a

1864 382 2070 438 homini
2104 386 2281 450 diviti,
2306 388 2401 456 qui
2434 387 2645 457 profert
2691 388 2760 443 de
2786 389 3050 445 thesauro
3081 406 3182 446 suo
3214 408 3351 448 nova
3392 404 3446 450 et

1865 486 2049 529 vetera
2068 478 2167 528 η.»
2190 477 2443 547 Ingentes
2473 481 2672 551 quippe
2706 480 2909 536 divitiae
2935 492 3063 537 sunt
3083 500 3147 537 ac
3170 489 3447 555 spiritales

1862 585 1986 622 cum
2020 569 2074 623 in
2107 570 2330 640 scriptis
2365 571 2623 627 Mosaicis
2649 574 2896 645 apprime
2919 586 3196 630 versatum
3220 594 3366 643 esse,
3391 590 3446 633 et

1861 663 2227 735 quodcunque
2245 667 2499 721 utilitatis
2516 667 2669 722 exiis
2700 669 2918 737 capitur
2945 671 3104 738 quasi
3126 672 3445 725 thesaurum

1860 754 1915 808 in
1942 755 2127 809 animo
2160 756 2507 811 reconditum
2540 757 2761 822 habere,
2798 771 2912 811 tum
2943 761 3277 829 evangelica:
3302 766 3307 769 '
3328 759 3432 814 do-

1860 849 2052 902 ctrinae
2114 849 2532 919 pulchritudine
2586 850 2773 903 animo
2815 861 3100 920 suscepta,
3154 851 3448 921 dupliciter

1863 942 2255 1007 inclarescere,
2297 950 2544 995 veterum
2579 957 2777 1011 nempe
2807 958 2869 995 ac
2934 958 3203 997 novarmn
3266 944 3447 1013 legum

1863 1034 2205 1105 cognitione.
2237 1033 2550 1088 Ostendens
2580 1035 2766 1104 itaque
2794 1033 3056 1088 Dominus
3082 1043 3269 1089 noster
3289 1033 3450 1089 .lesus

1862 1127 2120 1182 Christus
2154 1127 2473 1181 mandatum
2523 1142 2687 1181 suum
2741 1126 2911 1181 veleri
2949 1136 3232 1196 prastare,
3287 1136 3339 1181 et
3392 1128 3449 1181 in

1864 1220 1983 1288 lege
2032 1221 2347 1275 viventibus
2405 1226 2702 1276 salutarem
2764 1220 3212 1290 przedicationem
3268 1220 3449 1274 adhuc

1864 1314 2213 1369 inaccessam
2250 1325 2303 1370 et
2336 1314 2539 1369 inviam
2588 1330 2733 1379 esse,
2769 1332 3109 1370 ascensurus
3143 1315 3195 1368 in
3225 1316 3445 1379 coelum,

1864 1406 2284 1460 fundamentum
2327 1407 2496 1459 veluti
2539 1404 2816 1473 quoddam
2850 1407 3032 1459 omnis
3070 1404 3219 1467 boni,
3263 1404 3448 1457 chari-

1863 1499 1992 1553 tatis
2023 1499 2198 1568 legem
2224 1500 2528 1569 prannittit,
2550 1498 2858 1565 charitatis,
2881 1499 3130 1569 inquam,
3160 1515 3267 1553 non
3300 1500 3449 1569 lega-

1864 1590 1954 1654 lis,
1988 1590 2084 1646 sed
2111 1606 2231 1659 quae
2257 1606 2426 1661 supra
2458 1594 2629 1661 legem
2677 1592 2770 1647 sit.
2811 1592 3024 1646 Idcirco
3057 1592 3170 1646 ait:
3208 1610 3226 1643 ι
3288 1591 3447 1645 Man-

1866 1684 2054 1738 datum
2104 1699 2305 1738 novnm
2345 1684 2417 1738 do
2442 1683 2620 1748 vobis,
2658 1693 2717 1738 ut
2749 1684 2993 1755 diligatis
3029 1684 3285 1739 invicem.
3324 1704 3343 1736 ι
3380 1686 3448 1737 At

1862 1777 2161 1847 quomodo,
2196 1792 2403 1848 quazso,
2433 1776 2579 1830 dicet
2614 1774 2803 1830 forsan
2847 1777 3072 1845 aliquis,
3105 1777 3207 1831 hoc
3243 1791 3446 1831 novum

1865 1868 2192 1923 mandatum
2236 1883 2361 1923 esse
2415 1867 2574 1932 dixit,
2627 1867 2722 1936 qui
2770 1881 2868 1937 per
2923 1866 3110 1923 Mosen
3170 1868 3447 1923 veteribus

1862 1959 2165 2031 praecepit:
2208 1977 2225 2009 ι
2262 1958 2470 2029 Diliges
2501 1957 2799 2013 Dominum
2832 1958 3005 2014 Deum
3041 1967 3197 2013 tuum
3233 1977 3298 2015 ex
3333 1968 3448 2015 toto

1861 2052 2029 2106 corde
2083 2060 2198 2113 tuo,
2234 2060 2288 2104 et
2336 2066 2403 2106 ex
2442 2058 2557 2105 tota
2612 2057 2796 2105 mente
2849 2057 2980 2114 tua,
3018 2060 3075 2107 et
3129 2053 3447 2121 proximum

1862 2151 2040 2209 tuum,
2076 2144 2221 2200 sicut
2247 2144 2484 2214 teipsum
2507 2142 2598 2195 ὀἳ
2630 2162 2648 2193 ι
2678 2141 2817 2197 Ecce
2844 2143 2990 2196 enim
3021 2143 3295 2198 charitate
3318 2158 3449 2214 erga

1863 2238 2031 2293 Deum
2052 2240 2234 2309 primo
2252 2238 2373 2292 loco
2396 2238 2597 2308 posita,
2628 2245 2874 2290 mutuam
2898 2236 3131 2290 aliorum
3151 2252 3279 2306 erga
3306 2237 3443 2292 alios

1862 2331 2214 2386 dilectionem
2241 2330 2559 2391 subintulit,
2583 2330 2925 2399 alteramque
2945 2329 3101 2383 alteri
3135 2329 3444 2397 conjunxit,

1861 2423 2020 2491 quasi
2054 2422 2189 2477 alias
2216 2434 2366 2477 recte
2398 2436 2457 2477 se
2513 2420 2714 2475 habere
2766 2428 3006 2489 nequeat
3032 2421 3257 2474 dilectio
3317 2436 3448 2490 erga

1865 2514 2055 2580 Deum,
2099 2515 2205 2570 nisi
2238 2516 2378 2569 hanc
2426 2513 2865 2583 subsequeretur
2910 2528 2975 2567 ea
3018 2528 3140 2581 qua:
3196 2513 3450 2581 proximo

1860 2607 2113 2662 debetur.
2146 2606 2351 2662 Omnes
2386 2608 2531 2661 enim
2557 2605 2793 2659 invicem
2826 2603 3031 2659 fratres
3054 2621 3265 2660 sumus.
3297 2604 3451 2659 Unde

1861 2700 2302 2768 sapientissimus
2326 2697 2594 2761 Joannes,
2629 2696 2723 2766 qui
2760 2706 2814 2749 et
2850 2696 2903 2749 id
2938 2697 3146 2765 optime
3172 2704 3355 2761 norat,
3394 2705 3451 2752 et

1860 2800 2094 2846 caeteros
2143 2790 2453 2855 edocebat,
2513 2808 2531 2840 ι
2580 2789 2684 2855 Qui
2725 2788 2927 2858 diligit,
2982 2788 3183 2857 inquit,
3221 2789 3448 2843 fratrem

1862 2899 2047 2946 suum,
2078 2890 2133 2936 et
2166 2880 2335 2936 Deum
2370 2881 2549 2951 diligit
2572 2882 2640 2932 ".
2680 2899 2697 2931 ι
2731 2878 3021 2943 Quomodo
3044 2880 3212 2949 igitur
3246 2895 3449 2933 novum

1861 2983 1945 3029 est
1967 2974 2100 3029 illud
2119 2974 2439 3028 mandatum
2461 2987 2557 3042 per
2571 2969 3035 3040 Christum,quod
3060 2979 3148 3024 est
3169 2971 3449 3025 veteribus

1865 3066 2077 3135 legibus
2102 3062 2634 3119 constitutum?Sea
2658 3063 2803 3128 vide,
2826 3077 3033 3132 qnazso,
3050 3077 3156 3132 qua
3196 3062 3450 3117 cautione

1868 3175 2001 3213 usus
2017 3160 2239 3222 sit,vide
2255 3158 2383 3228 quid
2399 3157 2679 3226 subjiciat.
2697 3154 2816 3209 Non
2831 3166 3128 3209 contentus
3144 3165 3229 3209 est
3243 3155 3445 3209 dicere:

1870 3267 1887 3300 ι
1914 3248 2228 3302 Mandatum
2248 3263 2448 3301 novum
2469 3248 2538 3301 do
2555 3246 2736 3310 vobis,
2773 3253 2832 3299 ut.
2853 3245 3096 3316 diligatis
3123 3245 3392 3311 invicem;
3424 3262 3444 3295 ι

1866 3341 1959 3397 sed
2002 3342 2297 3396 novitatem
2329 3340 2487 3410 751
2514 3338 2789 3395 sermonis
2818 3337 3153 3402 ostendens,
3184 3351 3451 3406 suamque

1862 3434 2212 3487 dilectionem
2276 3432 2483 3503 aliquid
2520 3434 2699 3502 majus
2759 3447 2823 3485 ac
2867 3431 3187 3500 pneclarins
3244 3430 3451 3484 habere

1864 3544 2028 3598 quam
2061 3535 2219 3581 vetus
2268 3527 2360 3580 illa
2418 3526 2470 3579 in
2526 3526 2809 3596 proximos
2854 3526 3111 3585 dilectio,
3164 3522 3451 3592 subjunxit

1864 3620 2045 3674 statim
2066 3638 2079 3672 :
2109 3637 2126 3669 ι
2157 3618 2310 3671 Sicut
2332 3632 2433 3688 ego
2450 3616 2616 3671 dilexi
2636 3632 2753 3679 vos,
2774 3626 2829 3669 ut
2850 3625 2904 3670 et
2930 3632 3027 3670 vos
3050 3615 3290 3684 diligatis
3310 3615 3452 3668 invi—

1864 3728 2006 3767 cem.
2048 3731 2066 3762 I
2104 3709 2524 3780 lnvestigandus
2562 3708 2746 3777 itaque
2780 3709 2975 3762 horum
3002 3709 3297 3761 verborum
3324 3721 3451 3760 sen-

1864 3822 1981 3870 sus,
2024 3805 2493 3875 quterendumque
2516 3780 2795 3873 quomodo
2822 3816 2924 3855 nos
2952 3800 3213 3855 Christus
3239 3799 3451 3854 dilexe-

1864 3898 1956 3953 rit.
1989 3896 2147 3951 Tunc
2176 3897 2347 3959 enim,
2384 3903 2517 3949 tunc
2545 3894 2678 3963 quid
2715 3892 2984 3947 novitatis
3012 3908 3075 3946 ac
3109 3891 3451 3946 discriminis

1863 3992 1937 4047 sit
1969 3992 2021 4044 in
2051 4006 2117 4045 eo
2141 3989 2289 4059 quod
2324 4002 2472 4042 nunc
2496 3988 2662 4041 datur
2702 3988 2961 4040 mandato
2993 3985 3153 4040 facile
3194 3999 3449 4038 recense-

1864 4084 2069 4139 bimus.
2121 4081 2293 4151 lgitur
2350 4100 2369 4132 ι
2405 4082 2463 4136 in
2496 4079 2674 4133 forma
2716 4077 2810 4133 Dei
2843 4093 2970 4131 cum
3008 4086 3177 4143 esset,
3215 4093 3322 4130 non
3362 4092 3451 4129 ra-

1864 4176 2047 4245 pinam
2097 4173 2401 4227 arbitratus
2444 4181 2529 4225 est
2568 4185 2692 4225 esse
2758 4184 2818 4223 se
2864 4167 3128 4237 aequalem
3170 4165 3306 4229 Deo,
3354 4166 3449 4220 sed

1864 4267 2219 4336 semetipsum
2245 4262 2571 4325 exinanivit,
2601 4260 2833 4315 formam
2864 4260 3010 4315 servi
3044 4258 3350 4327 accipiens,
3394 4257 3449 4310 in

1866 4360 2284 4416 similitudinem
2318 4358 2603 4412 hominum
2634 4354 2836 4418 lactus,
2867 4362 2923 4407 et
2963 4351 3152 4406 habitu
3195 4351 3449 4405 inventus

1872 4464 1932 4509 ut
1978 4454 2168 4507 homo.
2203 4449 2523 4504 llumiliavit
2559 4447 2919 4516 semetipsum
2954 4444 3135 4498 factus
3185 4442 3451 4523 ubediens

1865 4562 2041 4616 usque
2070 4544 2137 4599 ad
2168 4551 2427 4605 mortem,
2458 4548 2688 4593 mortem
2717 4549 2899 4591 autem
2932 4537 3125 4589 crucis
3160 4537 3229 4587 ".
3264 4555 3281 4587 ι
3308 4533 3450 4600 Quin

1863 4641 2020 4694 dives
2070 4653 2193 4690 cum
2236 4641 2406 4697 esset,
2442 4647 2650 4702 panper
2682 4631 2863 4684 factus
2905 4636 3009 4691 est,
3058 4627 3219 4681 sicuti
3255 4642 3452 4680 rursus

1864 4732 2027 4788 nobis
2086 4729 2289 4782 Paulus
2351 4735 2584 4780 testatus
2658 4732 2741 4777 est
2793 4721 2857 4773 ’³.
2914 4718 3085 4773 Vides
3136 4718 3452 4772 dilectionis

1864 4836 1993 4891 erga
2022 4834 2125 4872 nos
2159 4816 2504 4871 novitatem?
2541 4813 2650 4867 Lex
2702 4811 2850 4866 enim
2909 4810 3171 4880 prtecepit
3218 4808 3452 4878 diligere

1865 4914 2116 4975 fratrem,
2168 4912 2313 4963 sicut
2364 4908 2604 4976 seipsmn
2646 4921 2661 4971 ;
2712 4902 2981 4958 Dominus
3028 4912 3211 4954 autem
3265 4907 3453 4953 noster

1864 5006 2027 5061 Jesus
2081 5002 2338 5057 Christus
2385 4998 2580 5053 dilexit
2635 5012 2739 5051 nos
2787 4996 2910 5065 plus
2951 5009 3113 5063 quam
3160 4992 3448 5061 seipsum:

1866 5114 1970 5153 nec
2000 5097 2146 5151 enim
2182 5095 2234 5148 in
2272 5093 2448 5147 forma
2484 5100 2537 5145 et
2570 5088 2884 5160 aequalitate
2917 5085 3011 5141 Dei
3046 5101 3110 5139 ac
3143 5083 3324 5139 Patris
3352 5099 3453 5139 ex-

1866 5191 2092 5253 sistens,
2124 5187 2189 5241 ad
2235 5194 2486 5240 nostram
2516 5181 2885 5236 humilitatem
2918 5175 3319 5239 descendisset,
3356 5190 3453 5229 ne-

1871 5304 1982 5359 que
2005 5295 2113 5340 tam
2158 5283 2410 5337 acerbam
2449 5279 2701 5348 corporis
2734 5283 2968 5330 mortem
3005 5287 3102 5342 pro
3133 5271 3292 5324 nobis
3326 5285 3452 5339 per-

1873 5382 2119 5442 tulisset.
2149 5391 2259 5430 non
2311 5374 2573 5443 colaphos
2620 5369 2904 5430 Iudaicos,
2957 5381 3066 5420 non
3115 5376 3323 5417 sannas
3396 5369 3452 5415 et

1872 5469 2257 5532 contumelias,
2290 5482 2398 5521 uno
2432 5466 2602 5519 verbo
2647 5471 2848 5518 uetera
2883 5458 3089 5518 omnia,
3122 5463 3181 5509 ut
3223 5470 3292 5509 ne
3333 5454 3451 5509 sin-

1873 5567 1999 5640 gula
2032 5578 2154 5633 qum
2185 5575 2382 5632 passus
2413 5566 2499 5614 cst
2529 5555 2871 5612 numerando
2917 5553 2973 5606 in
3015 5547 3290 5603 infinitum
3334 5561 3451 5601 ser-

1956 5685 1996 5715 "
2041 5680 2198 5736 Joan.
2234 5694 2312 5743 tv,
2347 5675 2439 5730 9|.
2521 5675 2566 5706 "
2606 5673 2847 5743 Philipp.
2879 5686 2941 5735 ιι,
2974 5667 3094 5723 6-8.
3178 5665 3224 5696 ’³
3248 5662 3291 5719 ll
3319 5663 3447 5721 Cor.
