3894 6200
423 260 555 320 ’165

1404 263 1465 320 S.
1491 261 1772 322 CYRILLI
1805 261 2286 320 ALEXANDRINI
2315 260 2635 322 ARCHIEP.

3605 268 3730 329 ΗΜ

440 392 660 435 monem
699 375 1072 449 proferamus,
1110 376 1437 448 pertulisset
1473 395 1488 434 :
1534 376 1630 434 sed
1663 393 1839 448 neque
1868 377 2017 435 dives

2125 394 2492 443 ταπεινωσιν,
2539 377 2648 430 οὐδ’
2695 376 2762 431 ἂν
2813 378 3024 449 ὑπέστη
3082 379 3277 451 πικρὸν
3330 379 3508 444 οὕτως
3563 382 3736 453 ὑπὲρ

439 479 566 528 cum
607 481 756 526 esset
803 485 1010 540 pauper
1060 470 1179 526 fieri
1215 471 1514 535 voluisset,
1563 471 1672 526 nisi
1710 486 1812 526 nos
1843 469 2023 540 magis

439 563 728 618 dilexisset
763 576 932 632 quam
978 563 1246 633 seipsum.
1288 561 1583 619 lnauditus
1612 565 1798 633 itaque
1829 577 1892 616 ac
1923 578 2025 615 no-

440 669 546 709 vus
577 661 664 708 est
691 653 857 722 hujus
897 653 1216 709 dilectionis
1251 653 1472 709 modus.
1522 654 1604 707 Ita
1649 664 1704 709 et
1748 667 1855 708 nos
1881 653 2024 707 allici

435 745 615 814 jubet,
649 745 788 798 nihil
832 746 987 814 prius
1034 745 1263 799 omnino
1308 745 1608 800 dilectione
1639 760 1772 815 erga
1824 743 2025 799 fratres

439 837 730 902 habentes,
754 853 862 892 non
885 839 1138 908 gloriam,
1165 854 1274 893 non
1306 838 1550 904 divitias,
1577 839 1671 894 sed
1691 852 1791 894 nec
1821 837 2023 908 ipsam,

439 930 486 984 si
509 945 598 985 res
626 931 699 984 ita
729 930 889 996 ferat,
925 931 1180 1000 corporis
1223 940 1460 986 mortem
1499 938 1758 1001 oppetere
1789 930 2021 994 veritos,

439 1034 500 1077 ut
539 1023 777 1094 proximi
816 1024 1094 1078 lucremur
1127 1023 1363 1078 salutem
1410 1040 1424 1077 :
1475 1023 1623 1093 quod
1666 1027 1833 1079 etiam
1879 1022 2024 1078 fece-

435 1127 571 1171 runt
639 1116 784 1172 beati
831 1114 1144 1170 Servatoris
1178 1115 1359 1170 nostri
1405 1115 1682 1186 discipuli,
1718 1129 1771 1172 et
1800 1116 1895 1187 qui
1923 1131 2021 1171 eo-

437 1220 558 1260 rum
589 1206 821 1276 vestigia
849 1217 980 1262 sunt
1009 1209 1209 1271 secuti,
1242 1208 1336 1278 qui
1364 1207 1600 1262 aliorum
1631 1210 1862 1265 salutem
1894 1211 2022 1265 vita:

435 1313 551 1353 sua:
579 1299 967 1368 praetulerunt,
1012 1300 1336 1370 nullumque
1388 1300 1632 1356 laborem
1666 1310 2020 1366 recusarunt,

435 1387 685 1458 adeoque
721 1397 964 1444 extrema
999 1389 1186 1444 subire
1214 1391 1357 1444 mala
1403 1405 1513 1445 non
1547 1390 1823 1461 dedignati
1867 1402 2018 1461 sunt,

438 1489 498 1533 ut
525 1482 874 1550 pereuntium
899 1482 1112 1536 animas
1138 1490 1446 1536 serva-rent.
1485 1481 1640 1538 Unde
1669 1483 1875 1539 Paulus
1905 1500 2022 1539 mo-

436 1573 531 1638 do,
591 1593 610 1623 ‹
649 1571 911 1637 Quotidie
963 1575 1208 1640 morior,
1243 1593 1262 1625 ιι
1317 1573 1502 1644 inquit
1541 1575 1624 1641 ²⁸;
1656 1576 1820 1630 modo
1849 1591 2017 1630 vero:

439 1678 459 1712 ι
502 1661 637 1727 Quis
670 1662 1006 1729 infirmatur,
1039 1671 1094 1718 et
1114 1679 1215 1735 ego
1239 1679 1349 1719 non
1381 1665 1670 1720 infirmor?
1693 1666 1828 1731 Quis
1859 1683 2020 1723 scan-

2125 470 2283 541 ἡμῶν
2315 470 2407 522 τὸν
2455 471 2555 541 τῆς
2615 471 2817 541 σαρκὸς
2870 473 3132 538 θάνατον,
3187 474 3297 526 οὐδ’
3329 475 3394 526 ἂν
3441 476 3734 546 ἠνέσχετο

2125 564 2488 634 ραπισμάτων
2526 563 2857 626 Ἰουδαϊκῶν,
2883 563 3167 636 αἰσχύνης,
3194 566 3290 618 καὶ
3319 566 3583 634 γέλωτος,
3618 570 3728 621 καὶ

2122 654 2232 707 τῶν
2264 654 2440 707 ἄλλων
2477 655 2752 716 ἁπάντων,
2788 655 2874 708 ἵνα
2909 655 2994 728 μὴ
3032 657 3238 709 ἕκαστα
3275 657 3385 709 τῶν
3428 661 3508 722 εἰς
3537 659 3732 712 αὐτὸν

2123 748 2430 816 γεγονότων
2499 745 2995 817 ἐξαριθμούμενοι,
3050 747 3188 818 πρὸς
3248 748 3556 818 ἀπέραντον
3619 751 3732 803 τὸν

2123 838 2282 908 λόγον
2308 839 2645 908 ἐκτείνωμεν
2669 853 2683 866 ⁸
2719 839 2833 892 ἀλλ’
2855 837 2965 891 οὐδ’
3004 839 3070 892 ἂν
3099 839 3413 909 ἐπτώχευσε
3447 842 3729 905 πλούσιος

2122 929 2219 997 ὣν,
2257 931 2308 983 εί
2349 929 2425 1001 μὴ
2453 931 2588 983 πολὺ
2615 930 2738 983 λίαν
2780 930 3072 1001 ἠγάπησεν
3118 933 3264 1002 ἡμᾶς
3307 933 3446 1003 ὑπὲρ
3485 934 3728 986 ἑαυτόν.

2121 1017 2282 1074 Ξένον
2312 1019 2404 1074 οὖν
2453 1021 2564 1092 ἄρα
2605 1025 2705 1093 τῆς
2749 1023 2971 1093 ἀγάπης
3032 1023 3094 1076 τὸ
3139 1024 3357 1094 μέτρον.
3391 1023 3553 1078 Οὕτω
3613 1027 3734 1077 καὶ

2122 1114 2270 1184 ἡμᾶς
2310 1113 2620 1168 διακεῖσθαι
2654 1115 2906 1183 κελεύει,
2953 1117 3104 1170 οὐδὲν
3133 1118 3270 1180 ὅλως
3301 1119 3397 1190 τῆς
3442 1119 3523 1181 είς
3549 1119 3730 1171 ἀδελ-

2123 1207 2258 1275 φοὺς
2305 1207 2657 1277 προτιθέντας
2707 1209 2960 1280 ἀγάπης,
3010 1211 3071 1262 οὐ
3117 1210 3306 1276 δόξαν,
3353 1211 3412 1263 οὐ
3445 1210 3726 1274 πλοῦτον,

2122 1298 2238 1352 ἀλλ’
2267 1299 2392 1352 οὐδὲ
2425 1300 2722 1364 ὀκνοῦντας
2763 1303 2856 1354 καὶ
2902 1305 2981 1364 εἰς
3013 1302 3197 1367 αὐτόν,
3228 1303 3276 1354 εἰ
3309 1302 3437 1366 δέοι,
3479 1302 3572 1354 τὸν
3607 1303 3724 1372 τῆς

2123 1391 2327 1463 σαρκὸς
2357 1393 2667 1462 καταϐῆναι
2700 1393 2962 1458 θάνατον,
3001 1394 3090 1447 ἵνα
3119 1394 3217 1464 τὴν
3250 1393 3343 1446 τοῦ
3390 1393 3560 1454 πέλας
3597 1409 3722 1443 σω-

2118 1483 2316 1556 τηρίαν
2363 1484 2862 1554 ἁποκερδάνωμεν·
2913 1484 2941 1536 ὃ
2995 1484 3060 1554 δὴ
3111 1486 3206 1537 καὶ
3244 1485 3595 1555 πεπράκασιν
3658 1484 3722 1536 οἱ

2125 1577 2387 1648 μακάριοι
2418 1577 2513 1630 τοῦ
2547 1577 2801 1648 Σωτῆρος
2846 1577 3001 1648 ἡμῶν
3049 1577 3314 1648 μαθηταὶ,
3349 1578 3441 1630 καὶ
3490 1578 3542 1628 οἱ
3589 1578 3719 1637 τοῖς

2121 1670 2348 1724 ἐκείνων
2374 1670 2576 1740 ἴχνεσιν
2600 1669 3090 1740 ἀκολουθήσαντες,
3125 1671 3347 1741 ἄμεινον
3369 1669 3467 1738 τῆς
3488 1667 3716 1728 οἰκείας

434 1753 728 1818 dalizatur,
759 1765 816 1810 et
857 1771 958 1827 ego
1001 1771 1112 1812 non
1157 1772 1290 1812 uror
1315 1758 1403 1811 ³δῖ
1439 1777 1458 1809 ι
1501 1758 1653 1814 Hanc
1680 1759 1846 1830 igitur
1885 1760 2016 1816 dile-

2124 1762 2270 1833 ζωῆς
2303 1762 2364 1816 τὸ
2409 1763 2630 1834 ἐτέρους
2666 1762 2935 1828 σώζεσθαι
2974 1763 3354 1832 λογισάμενοι,
3385 1761 3480 1815 καὶ
3519 1760 3720 1813 πάντα.

434 1847 676 1903 οιίοηεω
715 1849 873 1919 legali
919 1851 1096 1905 multo
1133 1851 1398 1920 majorem
1432 1850 1855 1922 perfectissimae
1894 1869 2017 1924 erga

2124 1855 2223 1926 μὲν
2247 1855 2577 1918 ἀνατλάντες
2606 1855 2788 1919 πόνον,
2821 1857 2879 1908 ἐν
2906 1855 2962 1908 δὲ
2991 1858 3102 1918 τοῖς
3133 1854 3381 1924 ἐσχάτοις
3413 1851 3714 1921 γεγονότες

434 1937 608 1994 Deum
633 1941 860 2010 pietatis
899 1943 1141 1997 radicem
1185 1945 1366 1998 colere
1401 1959 1506 2000 nos
1546 1943 1807 2000 Servator
1832 1946 2017 2016 jussit,

2124 1952 2352 2014 κακοῖς,
2411 1949 2497 2002 ἵνα
2555 1949 2655 2013 τὰς
2712 1949 2822 2002 τῶν
2884 1949 3278 2020 ἀπολλυμένων
3330 1944 3713 2018 περισώσειαν

436 2029 672 2101 ideoque
713 2046 840 2086 cum
895 2034 1068 2087 sciret
1116 2047 1227 2087 non
1272 2033 1435 2089 aliter
1485 2049 1590 2090 nos
1646 2035 1826 2092 claros
1874 2037 2017 2108 apud

2124 2040 2314 2111 ψυχάς.
2345 2040 2456 2093 Καὶ
2477 2039 2607 2108 γοῦν
2630 2042 2658 2092 ὁ
2679 2040 2890 2104 Παῦλός
2911 2057 3066 2110 φησι,
3093 2040 3222 2094 ποτὲ
3251 2039 3369 2110 μὲν,
3395 2039 3476 2090 ὅτι
3512 2056 3529 2087 ι
3561 2035 3712 2088 Καθ’

434 2121 605 2178 Deum
631 2124 771 2190 fore,
800 2131 855 2180 et
892 2124 1205 2181 dilectionis
1232 2126 1300 2181 ab
1324 2126 1446 2197 ipso
1477 2126 1533 2181 in
1573 2143 1676 2183 nos
1702 2139 2017 2200 propagata:

2124 2132 2331 2205 ἡμέραν
2355 2131 2705 2205 ἀποθνήσκω,
2747 2151 2766 2186 ι
2799 2134 2927 2188 ποτὲ
2966 2134 3020 2186 δέ
3049 2134 3234 2196 πάλιν,
3270 2151 3289 2182 ι
3326 2131 3425 2195 Τίς
3461 2128 3707 2190 ἀσθενεῖ,

434 2216 718 2285 sequendo
754 2217 1223 2286 pulchritudinem
1271 2233 1472 2290 magna
1503 2227 1558 2276 et
1589 2221 1835 2292 perfecta
1869 2223 2015 2279 bona

2124 2226 2217 2279 καὶ
2256 2227 2355 2280 οὐκ
2387 2225 2628 2291 ἀσθενῶ;
2683 2225 2779 2289 Τίς
2808 2225 3254 2290 σκανδαλίζεται,
3303 2224 3397 2276 καὶ
3444 2222 3545 2275 οὐκ
3591 2218 3712 2288 ἐγὼ

431 2317 858 2364 consecuturos.

2125 2317 2437 2389 πυροῦμαι;
2492 2337 2510 2368 ι
2563 2318 2748 2384 Ῥίζαν
2792 2314 2886 2373 οὖν
2935 2320 3044 2390 ἄρα
3085 2318 3183 2389 τῆς
3225 2317 3570 2386 τελειοτάτης
3623 2315 3711 2376 εἰς

430 2398 567 2453 Θεὸν
618 2401 903 2454 εὐσέϐειαν
988 2401 1116 2473 [γρ.
1167 2402 1485 2476 εὐσεϐείας]
1543 2406 1644 2477 τὴν
1698 2406 1841 2478 ὑπὲρ
1888 2408 2050 2479 νόμον
2125 2411 2405 2483 ἀγάπησιν
2449 2409 2791 2478 ἐπιτηδεύειν
2823 2413 2974 2482 ἡμᾶς
3014 2413 3042 2464 ὁ
3084 2408 3275 2481 Σωτὴρ
3303 2407 3705 2463 διεκελεύσατο.

430 2491 726 2564 ταύτῃτοι,
778 2493 874 2546 καὶ
898 2494 996 2564 οὐχ
1026 2495 1228 2566 ἑτέρως
1257 2497 1413 2560 εἰδὼς
1438 2497 1845 2569 δοκιμωτάτους
1889 2500 2110 2556 ἔσεσθαι
2141 2504 2294 2574 παρὰ
2339 2503 2418 2576 τῷ
2464 2503 2620 2576 Θεῷ,
2689 2504 2786 2558 καὶ
2842 2503 2946 2574 τῆς
3014 2505 3144 2574 παρ’
3185 2501 3353 2556 αὑτοῦ
3429 2517 3708 2570 πεφυτευδ

432 2585 604 2656 μένης
630 2586 710 2648 είς
739 2580 886 2654 ἡμᾶς
911 2585 1246 2657 ἀγαπήσεως
1275 2589 1692 2660 ίχνηλατοῦντας
1739 2592 1799 2645 τὸ
1846 2593 2040 2657 κάλλος
2079 2597 2140 2649 ἐν
2180 2597 2438 2667 μεγάλοις
2468 2597 2687 2652 ἔσεσθαι
2724 2599 2817 2652 καὶ
2852 2597 3078 2661 τελείοις
3106 2597 3352 2665 ἀγαθοῖς.

504 2678 667 2749 752
707 2677 858 2744 XIII,
917 2678 1008 2734 35.
1047 2677 1114 2734 In
1158 2681 1256 2736 hoc
1309 2695 1621 2753 cognoscent
1673 2702 1850 2740 omnes
1893 2687 2020 2757 quia

429 2772 685 2840 discipuli
717 2773 819 2827 mei
843 2774 1012 2839 estis,
1048 2774 1098 2828 si
1127 2774 1464 2832 dilectionem
1499 2777 1796 2834 habueritis
1825 2781 1898 2834 ad
1933 2781 2022 2834 in-

429 2880 617 2918 vicem.

503 2957 753 3028 Signum,
789 2956 988 3029 inquit,
1020 2961 1395 3018 certissimum
1435 2973 1492 3019 et
1520 2964 1885 3020 indubitatum
1915 2965 2023 3020 erit

428 3063 532 3106 vos
560 3063 712 3104 meos
733 3063 858 3104 esse
898 3050 1234 3122 discipulos,
1267 3055 1341 3117 si,
1383 3065 1651 3125 quantum
1693 3067 1888 3110 natura
1924 3072 2020 3111 ve-
2047 3091 2090 3148 ϐ

431 3147 546 3196 stra
598 3147 654 3194 et
707 3140 1070 3198 humanitatis
1117 3146 1366 3201 conditio
1395 3163 1600 3218 capere
1643 3157 1852 3218 potest,
1886 3163 2022 3203 mea).

429 3233 556 3289 vitae
583 3234 816 3305 vestigia
862 3237 1193 3305 sequamini,
1229 3245 1289 3291 ut
1325 3239 1400 3292 ita
1427 3255 1458 3292 a
1492 3247 1699 3295 mutua:
1731 3240 2021 3295 charitatis

339 3389 342 3391 Α
431 3329 653 3384 vincqu
691 3345 802 3384 non
855 3329 1275 3402 disjungamini,
1314 3341 1370 3387 et
1417 3333 1648 3387 alterius
1686 3335 1740 3387 in
1783 3334 2018 3388 alterum

429 3436 621 3477 amore
662 3436 728 3476 ac
766 3430 972 3477 mutuae
1015 3422 1332 3479 dilectionis
1377 3424 1803 3496 incomparabili
1847 3427 2020 3497 gloria

433 3513 598 3569 simul
635 3521 783 3569 recte
826 3515 1229 3570 consociemini
1265 3534 1279 3570 :
1318 3515 1375 3568 id
1417 3517 1565 3570 enim
1607 3517 1856 3586 magistri
1899 3519 2017 3588 glo-

429 3609 570 3662 riam
610 3611 871 3661 accurate
905 3605 1067 3661 vobis
1098 3607 1390 3676 exprimet.
1427 3605 1533 3663 Sed
1580 3620 1790 3678 quaaret
1830 3610 2016 3664 forsan

429 3701 634 3770 aliquis
665 3700 1026 3769 quamobrem
1054 3698 1298 3754 charitas
1339 3699 1556 3770 signum
1591 3701 1663 3755 sit
1701 3701 1768 3754 ad
1805 3701 2018 3757 discer-

430 3792 672 3847 nendum
725 3791 933 3847 Christi
999 3791 1373 3860 discipulum,
1429 3799 1482 3845 et
1536 3793 1592 3845 in
1639 3807 1704 3846 eo
1746 3792 2015 3847 virtutum

431 3883 678 3939 omnium
712 3897 886 3954 genus
924 3881 1203 3936 elucescat
1243 3896 1354 3936 non
1387 3883 1570 3938 studio
1597 3877 2014 3954 comparatum,

433 3991 613 4046 neque
641 3975 827 4030 labore
872 3985 927 4030 et
957 3974 1301 4041 assiduitate,
1341 3975 1484 4030 sicut
1516 3976 1571 4029 in
1617 3976 1841 4031 homine
1864 3991 2018 4032 eom-

430 4070 796 4141 prehensum,
847 4066 942 4123 sed
1007 4069 1340 4122 naturaliter
1389 4069 1437 4123 ei
1499 4068 1749 4129 insitum.
1811 4068 2018 4125 Divina}

430 4162 642 4234 quippe
703 4171 921 4216 natura!
954 4161 1194 4215 maxime
1249 4162 1473 4232 propria
1505 4201 1520 4224 ,
1576 4162 1741 4232 eique
1796 4163 2018 4233 proprie

432 4269 498 4307 ac
557 4267 687 4307 vere
734 4251 928 4306 insunt
966 4266 1087 4321 qua:
1123 4267 1346 4306 omnem
1377 4251 1810 4307 admirationem
1857 4254 2016 4323 longe

433 4353 724 4415 superant.
785 4343 1088 4409 Praeclare,
1131 4344 1390 4413 inquam,
1449 4358 1482 4396 ο
1548 4343 1737 4398 bone:
1796 4344 2016 4398 fructus

429 4441 576 4496 enim
643 4451 921 4508 supremae
983 4436 1315 4492 substantia:
1371 4443 1503 4491 sunt
1568 4450 1633 4490 ea
1699 4451 1823 4506 quae
1879 4451 2009 4506 pro-

429 4533 551 4604 prie
581 4547 645 4587 ac
678 4546 807 4586 vere
831 4531 881 4585 ei
916 4537 1115 4583 natura
1148 4528 1358 4583 insunt.
1410 4527 1519 4582 Sed
1549 4528 1595 4582 si
1633 4542 1748 4583 rem
1780 4531 2013 4600 propius

2202 2690 2300 2742 Ἐν
2328 2692 2519 2757 τούτῳ
2543 2691 2880 2761 γνώσονται
2914 2689 3140 2756 πάντες
3171 2688 3261 2743 ὅτι
3289 2688 3416 2759 ἐμοὶ
3439 2687 3706 2758 μαθηται

2117 2782 2278 2848 ἐστε,
2319 2782 2428 2836 ἐὰν
2454 2782 2724 2854 ἀγαπᾶτε
2758 2781 3099 2852 ἀλλήλους.

2191 2965 2522 3039 Γνὼρισμα,
2567 2965 2732 3037 φησὶν
2757 3004 2772 3029 ,
2820 2966 3034 3036 ἄμαχόν
3085 2982 3144 3017 τε
3185 2967 3281 3019 καὶ
3324 2962 3701 3034 ἀναμφίλογον

2122 3062 2240 3122 ταῖς
2263 3059 2472 3111 ἑαυτῶν
2493 3058 2824 3129 ὲπιγράψετε
2855 3057 3119 3127 κεφαλαῖς
3154 3055 3214 3109 τὸ
3244 3055 3701 3126 μεμαθητεῦσθαι

2124 3151 2252 3220 παρ’
2290 3150 2449 3220 ἐμοὶ,
2495 3151 2544 3203 εί
2581 3151 2702 3204 κατ’
2747 3149 2892 3220 ἴχνος
2917 3149 3017 3218 τῆς
3047 3149 3185 3220 ἐμῆς
3216 3147 3501 3216 ἐπείγεσθε
3541 3146 3699 3198 πολι-

2122 3241 2292 3306 τείας,
2333 3242 2477 3295 κατά
2517 3259 2580 3309 γε
2622 3241 2684 3294 τὸ
2715 3240 2992 3313 ἐγχωροῦν
3021 3244 3087 3313 τῇ
3125 3241 3368 3312 ὑμετέρᾳ
3409 3239 3569 3309 φύσει
3603 3238 3702 3293 καὶ

2120 3337 2235 3397 τοῖς
2280 3334 2381 3405 τῆς
2421 3335 2842 3406 ἀνθρωπότητος
2891 3334 3148 3405 μέτροις,
3201 3334 3277 3398 ὡς
3332 3333 3701 3386 ἀδιάσπαστον

2121 3425 2264 3494 ἔχειν
2292 3424 2393 3494 τῆς
2436 3426 2517 3488 είς
2548 3425 2810 3496 ἀλλήλους
2845 3425 3066 3495 ἀγάπης
3098 3425 3189 3478 τὸν
3235 3424 3534 3494 σύνδεσμον
3558 3463 3573 3487 ,
3603 3422 3701 3477 καὶ

2123 3517 2182 3570 ὲν
2215 3517 2470 3588 ἀλλήλοις
2505 3517 2881 3588 συνηρμόσθαι
2926 3517 3128 3581 καλῶς,
3173 3517 3317 3571 κατά
3366 3534 3429 3586 γε
3463 3516 3556 3570 τὸν
3598 3517 3701 3584 τῆς

2120 3609 2474 3682 φιλαλληλίας
2496 3611 2654 3678 λόγον
2679 3609 2772 3663 καὶ
2803 3611 2863 3662 τὸ
2896 3613 2960 3662 ἐκ
2987 3611 3086 3681 τῆς
3115 3610 3499 3680 φιλοστοργίας
3527 3608 3698 3676 ἀσύγ-

2119 3719 2306 3770 κριτον
2378 3701 2675 3772 καύχημαο
2712 3703 2870 3754 τοῦτο
2917 3702 3023 3774 γὰρ
3065 3704 3196 3772 ἡμῖν
3240 3701 3488 3771 ἀκριϐῶς
3526 3717 3698 3771 χαρα-

2119 3797 2336 3866 κτηριεῖ
2367 3795 2459 3848 τοῦ
2503 3795 2822 3849 διδασκάλου
2856 3795 2956 3864 τὴν
2995 3795 3174 3862 δόξαν.
3221 3795 3383 3860 Ἀλλ’,
3413 3790 3588 3865 οἶμαι,
3613 3794 3696 3856 τὶς

2119 3891 2235 3959 ἐρεῖ
2263 3890 2398 3961 πρὸς
2427 3887 2604 3955 τοῦτο,
2639 3889 2734 3941 καὶ
2762 3887 3014 3956 ἀφίξεται
3057 3888 3240 3957 τυχὸν,
3293 3889 3467 3940 ἐκεῖνο
3502 3886 3692 3956 διερω-

2118 3978 2259 4031 τῶν·
2289 3978 2433 4032 διατί
2477 3978 2577 4047 τῆς
2609 3977 2714 4030 ὑπὸ
2749 3976 2972 4048 Χριστῷ
3008 3975 3312 4046 μαθητείας
3344 3976 3376 4046 ὴ
3405 3975 3594 4044 ἀγάπη
3631 3974 3693 4026 τὸ

2117 4067 2427 4140 γνώρισμα,
2466 4069 2559 4121 καὶ
2603 4069 2663 4121 τὸ
2694 4067 2885 4121 πασῶν
2912 4063 3051 4130 εἶδος
3093 4065 3304 4138 ἀρετῶν
3336 4067 3394 4118 ἐν
3429 4066 3578 4136 αὑτῷ
3611 4066 3691 4119 δι-

2119 4162 2390 4231 εφαίνετο,
2423 4161 2523 4213 οὐκ
2551 4161 2611 4225 ἐξ
2637 4161 2939 4222 ἐπιεικείας
2977 4160 3400 4231 πεπορισμένον,
3430 4159 3544 4212 ἀλλ’
3574 4159 3691 4212 οὐδὲ

2120 4252 2269 4322 πόνῳ
2297 4253 2390 4304 καὶ
2422 4253 2686 4322 προσοχῇ,
2722 4250 2973 4320 καθάπερ
3013 4253 3072 4302 ἐν
3096 4249 3374 4322 ἀνθρώπῳ
3406 4250 3690 4320 συνειλημ-

2122 4343 2304 4414 μένον,
2335 4343 2451 4397 ἁλλ⁹
2474 4343 2549 4406 ὡς
2586 4345 2651 4414 τῇ
2679 4342 2844 4395 αὑτοῦ
2887 4343 3274 4413 προσπεφυκὸς
3313 4342 3496 4410 φύσει.
3533 4341 3689 4405 Θείας

2120 4439 2228 4504 γὰρ
2277 4434 2514 4504 μάλιστα
2548 4432 2763 4500 φύσεως
2807 4431 2933 4493 ἴδια,
2967 4432 3061 4485 καὶ
3093 4432 3231 4502 αὐτῇ
3275 4431 3548 4503 προσόντα
3591 4448 3685 4483 κυ-

2124 4527 2253 4597 ρίως
2285 4545 2344 4580 τε
2371 4527 2464 4580 καὶ
2494 4525 2710 4596 ἀληθῶς
2750 4523 2821 4578 τὰ
2868 4525 3068 4588 παντὸς
3105 4526 3364 4578 ἐπέκεινα
3395 4524 3686 4594 θαύματος.

430 4623 781 4684 consideres,
811 4621 1002 4676 videre
1034 4619 1162 4674 licet
1188 4619 1408 4674 virtutis
1441 4634 1615 4689 genus
1643 4634 1806 4674 omne
1837 4620 2017 4674 chari-

2124 4617 2232 4670 Καὶ
2268 4615 2377 4686 μὴν
2406 4616 2674 4686 ὀρθότατά
2701 4632 2765 4683 γε
2789 4655 2804 4678 ,
2840 4609 2884 4667 ὦ
2924 4615 3022 4667 τᾶν
3045 4653 3059 4678 ,
3099 4613 3333 4684 ἐροῦμεν
3373 4615 3568 4684 ἡμεῖς,
3600 4614 3687 4666 τὸν

431 4716 533 4770 tali
587 4713 932 4783 complenda!
987 4717 1221 4778 servire,
1285 4719 1342 4767 et
1391 4712 1770 4781 quodcunque
1814 4712 2020 4768 bonum

2121 4709 2216 4761 ἐπὶ
2257 4708 2470 4772 τούτοις
2510 4707 2713 4760 ἐποίσω
2745 4706 2899 4774 λόγον
2925 4723 2938 4738 ο
2972 4705 3184 4776 καρπὸς
3225 4705 3334 4776 γὰρ
3373 4705 3563 4767 οὐσίας
3595 4708 3686 4775 τῆς

432 4807 640 4875 agitur,
671 4805 739 4858 ad
771 4819 892 4858 eam
917 4810 1174 4872 spectare
1227 4815 1292 4857 ac
1324 4801 1576 4858 tendere.
1621 4801 1860 4873 Ideoque
1902 4803 2017 4858 exi-

2124 4803 2414 4866 ἀνωτάτω,
2467 4803 2538 4856 τὰ
2592 4801 2736 4864 ἰδίως
2793 4817 2853 4853 τε
2900 4801 2994 4853 καὶ
3031 4799 3235 4869 κυρίως
3264 4799 3686 4868 προσπεφυκότα

432 4897 610 4950 mium
653 4895 877 4965 quidem
917 4907 983 4947 ac
1027 4894 1271 4963 primum
1304 4893 1610 4948 secundum
1657 4893 1832 4964 legem
1867 4909 2017 4947 man-

2124 4897 2280 4966 αὑτῇ.
2325 4895 2463 4948 Ἀλλ’
2507 4894 2622 4947 ἔστι
2649 4912 2766 4956 πως
2790 4893 3154 4962 δοκιμάζοντα
3180 4890 3439 4953 κατιδεῖν,
3473 4892 3552 4944 ὅτι
3582 4893 3686 4944 πᾶν

429 4989 620 5043 datum
646 4996 753 5054 est,
773 4987 1008 5057 diligere
1039 4985 1336 5041 Dominum
1367 4983 1542 5040 Deum.
1566 5001 1636 5040 ex
1664 4994 1779 5040 tota
1804 4986 2012 5052 anima,

425 5087 481 5134 et
507 5093 575 5134 ex
605 5086 723 5133 toto
751 5078 942 5143 corde,
982 5087 1036 5132 et
1061 5093 1126 5131 ex
1161 5084 1275 5130 tota
1310 5085 1494 5131 mente
1521 5095 1536 5144 ;
1577 5078 1813 5132 alterum
1842 5080 1893 5133 ei
1922 5093 2016 5133 co-

424 5182 654 5243 gnatum
688 5189 753 5227 ac
784 5173 1059 5238 vicinum,
1119 5172 1353 5240 diligere
1405 5173 1742 5240 proximum,
1793 5173 1848 5227 in
1903 5187 2013 5241 quo

426 5266 568 5336 legis
595 5266 858 5321 consistit
901 5265 1085 5318 omnis
1127 5261 1413 5331 perfectio.
1467 5261 1619 5318 Unde
1647 5262 1842 5318 beatus
1869 5263 2013 5317 Pau-

424 5356 514 5411 lus
544 5357 610 5411 ad
661 5372 782 5411 eam
818 5356 1054 5427 proximi
1105 5353 1458 5408 dilectionem
1497 5353 1813 5409 universum
1848 5369 2008 5407 man-

423 5445 612 5499 datum
661 5459 954 5509 revocans,
996 5443 1194 5496 scribit
1238 5460 1251 5495 :
1289 5461 1308 5494 ι
1367 5441 1578 5496 Etenim
1634 5444 1766 5497 illud
1811 5463 1824 5498 ε
1887 5441 2007 5498 Non

422 5537 830 5600 mmcliaberis,
873 5536 994 5591 Non
1053 5533 1297 5600 occides,
1335 5532 1456 5588 Non
1510 5534 1806 5605 pejerabis,
1848 5544 1902 5591 et
1957 5536 2003 5592 si

492 5712 539 5744 "‘
577 5713 594 5768 l
629 5713 754 5768 Cor.
789 5730 876 5781 xv,
911 5715 1001 5769 5|.
1081 5716 1127 5747 ²⁵
1167 5715 1207 5770 Il
1239 5717 1367 5773 Cor.
1397 5733 1476 5782 xi,
1524 5715 1612 5771 29.

2121 4983 2262 5051 εἶδος
2297 4986 2498 5058 ἀρετῆς
2527 4987 2627 5056 τῆς
2664 4986 2884 5054 ἀγάπης
2922 4984 3040 5038 ἐστὶ
3079 4983 3558 5053 συμπληρωτικὸν,
3597 4986 3686 5037 καὶ

2121 5081 2229 5133 πᾶν
2260 5080 2397 5149 ὅπερ
2427 5077 2492 5131 ἂν
2524 5077 2705 5146 δοκοίη
2728 5093 2810 5140 τις
2833 5073 2972 5128 εἶναι
3002 5075 3433 5146 κατορθούμενον
3466 5075 3682 5141 ἀγαθὸν,

2119 5172 2200 5233 εἰς
2239 5169 2407 5239 αὐτὴν
2457 5171 2560 5239 ὁρᾷ
2607 5186 2721 5231 πως
2771 5169 2863 5221 καί
2917 5167 3238 5238 τέτραπται.
3274 5167 3372 5219 Διά
3401 5182 3486 5218 τοι
3537 5165 3684 5218 τοῦτ)

2120 5263 2434 5332 προῦχουσα
2467 5261 2565 5332 μὲν
2609 5259 2798 5330 ἐντολὴ
2844 5259 2939 5311 καὶ
2979 5257 3172 5329 πρώτη
3207 5259 3348 5310 κατά
3381 5258 3473 5311 τὸν
3503 5261 3678 5327 νόμον,

2118 5353 2181 5406 τὸ
2213 5354 2434 5422 ἀγαπᾷν
2467 5354 2613 5404 ἐστιν
2657 5350 2862 5421 Κύριον
2901 5350 2992 5401 τὸν
3051 5349 3184 5402 Θεὸν
3216 5349 3275 5414 ἐξ
3308 5349 3435 5420 ὅλης
3463 5348 3562 5418 τῆς
3584 5348 3680 5417 ψυ-

2114 5446 2239 5516 χῆς,
2275 5446 2368 5498 καὶ
2397 5444 2457 5508 ἐξ
2484 5445 2611 5515 ὅλης
2643 5443 2743 5513 τῆς
2784 5442 3032 5512 καρδίας,
3081 5441 3175 5494 καὶ
3205 5440 3263 5506 ἐξ
3291 5441 3417 5509 ὅλης
3457 5439 3545 5509 .75
3573 5440 3678 5492 δια-

2115 5538 2294 5601 νοίαςσ
2327 5536 2578 5608 δευτέρα,
2611 5536 2703 5588 καὶ
2733 5534 2956 5604 ἀδελφὴ,
2994 5533 3088 5587 καὶ
3115 5540 3312 5600 γείτων
3345 5531 3526 5602 ἐκείνῃ
3553 5533 3676 5601 ἡείς
