3894 6200
161 303 282 358 165

1209 307 1277 362 IN
1315 303 1603 361 J'OANNIS
1654 300 2106 358 EVANGELIUM
2157 301 2288 356 LlB.
2327 301 2421 357 IX.

3338 304 3442 361 166

156 414 255 467 τὸν
313 412 547 485 πλησίον
577 414 764 489 ἀγάπη
801 416 1025 489 σύμπαν
1082 419 1284 491 ἔχουσα
1333 421 1429 475 τοῦ
1480 420 1646 490 νόμου
1695 416 1755 469 τὸ

1872 417 2005 488 μιοὰ
2037 418 2184 474 aliud
2207 425 2292 473 est
2313 416 2656 485 mandatum,
2688 417 2743 473 in
2778 418 2887 473 hoc
2912 419 3435 490 comprehenditur:

157 506 470 578 πλήρωμα.
528 510 637 562 Kal.
683 511 814 577 γοῦν
843 513 871 564 ό
914 511 1203 576 θεσπέσιος
1241 514 1475 577 Παῦλος,
1508 514 1588 575 εἰς
1617 512 1752 566 ταύ-

158 615 265 667 την
298 601 877 673 συγκεφαλαιούμενος
919 604 1139 657 ἅπασαν
1168 604 1389 676 ἐντολὴν
1424 604 1748 658 ἐπιστέλλει·

168 709 189 741 ι
224 689 304 742 Τὸ
339 691 486 762 γάρ,
522 694 596 746 Οὐ
628 694 939 764 μοιχεύσεις
964 736 978 761 ,
1011 698 1086 749 Ού
1130 696 1412 764 φονεύσεις
1435 737 1449 762 ,
1486 698 1601 750 Οὐκ
1629 699 1751 751 ἐπι-

170 783 429 853 ορκήσεις
451 824 466 840 .
516 786 613 837 καὶ
646 788 698 839 εί
723 805 807 851 τις
838 789 1001 859 ἑτέρα
1036 790 1183 842 ἐστὶν
1226 790 1413 861 ἐντολὴ
1433 831 1447 855 ,
1491 792 1549 843 ἐν
1580 790 1753 862 τούτῳ

157 870 243 939 τῷ
286 870 437 942 λόγῳ
475 874 1004 945 ἀνακεφαλαιοῦται,
1049 880 1107 932 ἐν
1145 879 1245 949 τῷ,
1286 881 1618 954 Ἀγαπήσεις
1663 882 1754 935 τὸν

158 963 407 1032 πλησίον
456 981 590 1031 σου,
638 966 714 1029 ὡς
763 970 978 1023 ἐαυτόν.
1040 971 1321 1041 Πλήρωμα
1369 968 1461 1025 οῦν
1520 973 1685 1043 νόμου
1720 976 1753 1044 ή

158 1051 386 1123 ἀγάπη.
424 1073 443 1106 ι
485 1055 609 1107 Ὅτι
639 1057 696 1109 δὲ
725 1058 817 1110 καὶ
844 1060 1060 1130 ἀπάσης
1083 1061 1287 1131 ἀρετῆς
1321 1062 1463 1116 ἰδέαν
1488 1062 1619 1115 εἴσω
1644 1063 1755 1116 τῶν

159 1146 391 1198 οἰκείων
444 1147 589 1219 ὅρων
648 1150 965 1222 ἐποιήσατο,
1006 1153 1221 1224 συνέχει
1260 1154 1317 1207 δὲ
1350 1155 1539 1227 ὥσπερ
1586 1157 1757 1225 ἀγκά-

158 1232 289 1296 λαις
320 1235 517 1289 ἐλοῦσα
545 1237 614 1290 τὰ
642 1239 841 1305 ἀγαθὰ,
880 1238 1088 1303 Παῦλος
1126 1241 1291 1295 πάλιν
1324 1243 1487 1306 αὐτὸς
1513 1246 1541 1296 6
1582 1242 1757 1311 σοφώο

158 1342 335 1390 τατος
388 1329 829 1401 ἐπιμαρτυρήσει
890 1331 1030 1401 βοῶν
1059 1350 1071 1361 ·
1114 1352 1132 1384 ι
1182 1334 1244 1385 'll
1280 1335 1467 1406 ἀγάπη
1517 1337 1575 1388 οὐ
1624 1354 1758 1406 περ·

164 1414 491 1484 περεύεται,
530 1418 592 1469 οὑ
626 1418 949 1487 φυσιοῦται,
986 1422 1086 1474 οὐκ
1130 1422 1466 1494 ἀσχημονεῖ,
1509 1426 1569 1478 οὐ
1604 1423 1760 1496 ζητεί

165 1509 237 1560 τὰ
288 1509 527 1579 ἑαυτῆς,
566 1530 584 1561 ι
631 1512 726 1564 καὶ
780 1512 849 1566 τά
906 1514 1115 1579 τούτοις
1148 1519 1509 1588 συνημμένα·
1548 1521 1758 1592 μακρὸν

164 1600 281 1671 γὰρ
323 1602 499 1654 εἰπεῖν
529 1604 631 1674 τῆς
656 1605 881 1677 ἀγάπης
911 1607 971 1661 τὸ
1008 1609 1228 1680 μέτρον.
1269 1612 1480 1676 ’Ἄλλως
1516 1614 1577 1666 τέ
1616 1632 1757 1684 φημι

165 1692 234 1761 δὴ
265 1693 508 1763 μάλιστα
536 1698 772 1767 πρέπειν
792 1717 853 1752 τε
887 1702 982 1753 καὶ
1012 1703 1344 1775 ἐνυπάρχειν
1383 1709 1497 1770 τοῖς
1536 1707 1759 1778 ἀγαπᾷν

1861 529 1879 562 ι
1920 510 2123 581 Diliges
2191 511 2508 581 proximum
2566 519 2721 566 tuum
2782 513 2927 568 sicut
2965 513 3225 582 teipsum.
3272 513 3440 567 Com-

1854 605 2193 674 plementum
2251 604 2441 675 itaque
2473 604 2611 674 legis
2654 611 2740 661 est
2793 604 3039 661 charitas
3093 607 3159 660 ³⁸.
3207 626 3225 657 ι
3283 605 3443 671 Quod

1855 706 2039 752 autem
2071 713 2235 752 omne
2269 697 2493 751 virtutis
2520 713 2695 769 genus
2728 698 2871 752 intra
2902 714 2961 753 se
2987 699 3442 768 comprehendat,

1855 788 2152 857 omniaque
2211 787 2359 841 bona
2431 788 2548 843 suis
2606 787 3017 857 quodammodo
3077 789 3447 858 amplectatur

1866 879 2256 942 ulnis,Paulus
2286 881 2405 950 ipse
2434 880 2881 950 sapientissimus
2911 896 3106 935 rursus
3131 882 3444 946 testabitur,

1855 975 2152 1028 clamans:
2196 989 2215 1025 ο
2255 972 2508 1029 Charitas
2540 988 2653 1027 non
2697 973 2810 1042 agit
2843 987 3156 1042 perperam,
3202 987 3314 1026 non
3362 974 3444 1026 in-

1856 1064 2043 1129 flatur,
2084 1081 2194 1120 non
2236 1074 2325 1121 est
2374 1066 2701 1132 ambitiosa,
2750 1080 2860 1119 non
2906 1066 3111 1134 quaerit
3168 1080 3291 1135 quae
3349 1080 3448 1120 sua

1858 1162 2012 1221 sunt,
2058 1175 2075 1206 ι
2109 1164 2165 1210 et
2197 1171 2322 1225 quae
2356 1166 2668 1225 sequuntur
2714 1156 2759 1186 ⁸⁷
2791 1174 2804 1209 :
2850 1155 3071 1225 longum
3121 1159 3266 1209 enim
3302 1162 3453 1209 esset

1860 1256 2067 1316 quanta
2110 1248 2183 1303 sit
2230 1248 2518 1302 charitatis
2570 1262 2830 1301 mensura
2882 1248 3136 1301 oratione
3166 1246 3450 1316 persequi.

1858 1338 2130 1393 Caeterum
2162 1340 2459 1394 convenire
2487 1340 2733 1393 maxime
2782 1338 2850 1392 iis
2894 1337 3020 1392 dico
3062 1338 3157 1407 qui
3192 1336 3451 1390 omnibus

1859 1427 2065 1495 ubique
2112 1436 2297 1496 patere
2330 1428 2526 1480 volunt
2572 1442 2633 1482 se
2669 1426 2879 1481 Christi
2934 1440 3058 1480 esse
3112 1424 3444 1489 discipulos,

1859 1519 2149 1573 charitatis
2192 1519 2353 1589 753
2391 1533 2596 1573 corona
2657 1517 2907 1588 gloriari,
2967 1531 3031 1570 ae
3079 1516 3230 1570 velut
3288 1514 3451 1569 istius

1859 1613 1939 1667 rei
1970 1613 2314 1683 signaculum
2362 1612 2639 1683 quoddam
2696 1610 2954 1680 prazferre
3010 1619 3257 1663 mutuam
3313 1607 3452 1661 dile-

1861 1704 2096 1757 ctionem
2124 1723 2139 1757 :
2172 1718 2337 1772 quam
2372 1704 2442 1757 ob
2472 1718 2727 1765 causam,
2770 1702 2967 1773 paucis
2998 1701 3207 1770 aperio.
3253 1698 3449 1753 Nonne

164 1784 474 1854 ἑλομένοις,
506 1788 589 1841 ὅτι
615 1791 852 1862 Χριστοῦ
884 1796 1142 1862 γεγόνασι
1177 1798 1418 1869 μαθηταὶ
1447 1804 1559 1865 τοῖς
1582 1803 1762 1856 ἀπαν-

1872 1796 1913 1851 si
1942 1795 2070 1866 quis
2097 1804 2345 1850 nostrum
2377 1803 2549 1849 artem
2587 1795 2840 1849 mrariam
2878 1792 3282 1847 auttextoriam
3320 1806 3451 1861 pro-

167 1877 375 1947 ταχόσε
421 1880 825 1952 γνωρίζεσθαι,
881 1886 941 1939 τὸ
994 1888 1072 1959 τῷ
1126 1892 1375 1963 στεφάνῳ
1410 1893 1511 1962 τῆς
1541 1877 1762 1965 ἀγάπης

172 1969 661 2041 ἐπισεμνύνεσθαι,
707 1978 803 2030 καὶ
834 1979 1087 2052 καθάπερ
1118 2001 1169 2036 τι
1213 1987 1528 2059 σήμαντρον
1568 1990 1764 2059 ἐπιφέ-

174 2060 371 2129 ρεσθαι
404 2061 499 2116 τοῦ
536 2066 865 2137 πράγματος
900 2071 1000 2143 τὴν
1055 2074 1409 2145 φιλαλληλίαν
1430 2096 1441 2107 ³
1478 2078 1570 2131 τοῦ
1600 2080 1656 2132 δὲ
1698 2080 1764 2152 δὴ

173 2153 361 2242 χάριν,
398 2158 494 2209 καὶ
524 2158 682 2211 τοῦτο
717 2158 862 2232 μημί
892 2161 1014 2234 [γρ.
1057 2166 1325 2240 μηνύσω]
1364 2170 1451 2223 διὰ
1489 2170 1759 2242 βραχέων.

173 2241 329 2316 ’Ἀρά
354 2247 465 2319 γὰρ
494 2250 547 2301 εἴ
571 2269 657 2314 τις
683 2252 790 2306 τῶν
815 2255 937 2308 καθ’
962 2257 1109 2328 ἡμᾶς
1135 2241 1567 2333 χαλκουργικὴν,
1594 2241 1765 2333 ’ήγουν

172 2337 277 2408 τὴν
309 2339 548 2408 ὑφάντρυ
591 2344 753 2419 μετίῃ
779 2346 1008 2417 τέχνην,
1049 2350 1150 2403 οὐκ
1187 2351 1254 2404 ἂν
1282 2353 1455 2425 ὁρῷτο
1476 2396 1489 2418 ,
1531 2357 1626 2410 καί
1662 2358 1768 2427 μά-

176 2428 341 2483 λιστα
389 2431 610 2500 σαφῶς,
665 2435 742 2497 ὡς
794 2438 1138 2508 χαλκοτύπρυ
1195 2445 1381 2508 τινὸς,
1437 2448 1469 2519 ἢ
1528 2449 1765 2518 ύφάντου

175 2521 375 2589 γέγονε
413 2524 663 2597 μαθητής
689 2545 702 2594 ;
733 2529 798 2581 Τί
841 2530 897 2584 δὲ
935 2534 962 2585 6
1004 2536 1324 2608 τεκτονικῆς
1353 2540 1646 2612 ἐμπειρίας
1668 2543 1769 2598 ούκ

180 2616 466 2688 ἀμοιρῶν;
504 2622 620 2674 Οὐκ
653 2616 763 2692 ἆρα
798 2623 1043 2695 βοήσειεν
1087 2626 1154 2682 ἂν
1191 2630 1279 2684 διὰ
1312 2632 1471 2686 τοῦτο
1507 2633 1768 2690 δύνασθαι

179 2709 489 2779 κατορθοῦν
518 2711 585 2765 τά
614 2713 672 2765 ἐν
718 2718 784 2785 τῇ
828 2715 993 2790 τέχνῃ
1039 2718 1222 2783 καλῶς
1243 2762 1258 2787 ,
1291 2723 1373 2775 ὅτι
1404 2723 1632 2779 τέκτονα
1671 2728 1769 2798 τῆς

182 2800 484 2870 ἐμπειρίας
534 2802 657 2873 ἔσχε
704 2806 795 2860 τὸν
838 2808 1179 2879 ήγούμενον;
1234 2813 1394 2867 Κατὰ
1437 2816 1528 2869 τὸν
1585 2818 1768 2884 αὐτὸν,

181 2888 361 2962 οἶμαι.
401 2893 559 2963 λόγον
602 2898 650 2949 οἱ
679 2902 779 2969 τῆς
814 2899 1096 2969 θεοφιλοῦς
1125 2905 1345 2975 ἀγάπης
1383 2908 1770 2983 πληρουμένην

182 2985 243 3036 ἐν
277 2987 495 3050 ἑαυτοῖς
532 2988 628 3059 τὴν
655 2989 887 3061 δύναμιν
915 2994 1150 3064 ἔχοντες,
1186 2998 1396 3052 ἀκονιτί
1422 3003 1768 3073 γνωριοῦσιν,

1864 1889 2110 1952 fiteatttr,
2146 1890 2229 1943 vel
2264 1890 2391 1943 hinc
2416 1889 2655 1942 maxime
2686 1886 2950 1957 prodatur
2978 1885 3121 1940 fabri
3161 1885 3449 1951 cujusdam

1864 1982 2045 2037 aerarii
2092 1989 2191 2036 aut
2225 1982 2460 2037 textoris
2510 1981 2686 2035 fuisse
2734 1978 3086 2049 discipulus?
3124 1977 3269 2043 Quid
3318 1990 3453 2030 vero

1866 2073 2081 2130 fabrilis
2133 2075 2266 2129 artis
2316 2073 2573 2143 peritus?
2610 2071 2803 2126 Nonne
2841 2070 2964 2124 ideo
3014 2085 3074 2125 se
3130 2078 3301 2124 artem
3354 2083 3453 2138 ap-

1867 2170 2041 2239 prime
2066 2168 2269 2222 callere
2290 2167 2516 2229 dixerit,
2544 2166 2674 2235 quia
2709 2165 2866 2218 l'abro
2890 2179 3026 2217 usus
3058 2162 3129 2216 sit
3155 2161 3455 2229 magistro?

1867 2262 2097 2325 Eodem,
2140 2262 2361 2331 opinor,
2403 2259 2567 2314 modo
2623 2260 2715 2328 qui
2772 2258 3064 2312 charitatis
3101 2272 3227 2327 erga
3283 2255 3452 2310 Deum

1868 2355 2084 2426 plenam
2140 2356 2193 2407 in
2244 2354 2443 2422 selpsis
2474 2352 2584 2405 vim
2637 2352 2867 2410 habent,
2919 2349 3073 2402 nullo
3107 2348 3326 2417 negotio
3354 2362 3455 2401 eo-

1871 2450 2243 2521 guoseendum
2267 2446 2589 2517 prmbehunt
2612 2460 2671 2499 se
2686 2444 2975 2498 charitatis
2992 2441 3270 2497 exstitisse
3289 2440 3457 2494 disci-

1870 2544 2054 2612 pulos,
2088 2543 2203 2597 sive
2238 2539 2471 2602 Christi,
2506 2539 2597 2608 qui
2631 2536 3091 2607 perfectissimam
3140 2535 3193 2588 in
3234 2548 3293 2588 se
3321 2532 3458 2587 cha-

1872 2635 2089 2689 ritatem
2131 2632 2395 2686 continet.
2440 2631 2531 2685 Sic
2564 2630 2709 2685 enim
2744 2627 2935 2683 dilexit
2969 2626 3258 2683 mundum.
3302 2634 3361 2679 ut
3403 2633 3460 2679 ct

1873 2727 2048 2796 ipsam
2094 2741 2193 2796 pro
2229 2739 2296 2780 eo
2343 2726 2583 2777 animam
2643 2722 2891 2792 posuerit
2926 2721 3004 2785 ’⁸,
3036 2728 3089 2774 et
3123 2718 3341 2773 Judaici
3374 2718 3461 2771 fu-

1873 2820 2017 2874 roris
2062 2818 2463 2873 immanitatem
2512 2814 2817 2886 pertulerit.
2871 2813 3029 2879 Quod
3068 2813 3187 2883 ipse
3231 2810 3458 2881 quidem

1875 2912 2170 2966 testabitur
2201 2910 2267 2964 ad
2305 2909 2609 2978 discipulos
2640 2923 2796 2971 suos,
2841 2906 3075 2961 dicens:
3118 2923 3136 2955 ι
3174 2904 3310 2970 Quia
3340 2918 3459 2956 ma-

1870 3006 2050 3077 jorem
2088 3005 2192 3059 hac
2214 3004 2487 3058 charitate
2527 3016 2690 3056 nemo
2718 3000 2906 3063 habet,
2938 3005 2996 3052 ut
3033 2997 3274 3051 animam
3305 3010 3461 3049 suam

181 3077 266 3187 ῗτι
293 3077 400 3147 τῆς
433 3078 657 3187 ἀγάπης
684 3083 944 3151 γεγόνασι
981 3085 1246 3157 μαθηταὶ,
1278 3090 1397 3160 ἤτοι
1436 3092 1532 3145 τοῦ
1558 3095 1656 3166 τὴν
1693 3097 1768 3160 εἰς

1880 3104 2048 3167 ponat
2078 3095 2204 3166 quis
2244 3109 2345 3165 pro
2371 3093 2569 3149 amicis
2614 3094 2732 3148 suis
2781 3092 2848 3145 ’9.
2893 3110 2913 3144 ι
2959 3089 3098 3143 Cum
3140 3088 3286 3142 enim
3318 3085 3463 3140 Deus

178 3167 366 3259 ἄκραν
412 3171 648 3259 ,ἀγάπην
711 3174 927 3245 ἔχοντος
997 3180 1256 3249 Χριστοῦ.
1320 3183 1601 3254 Ἠγάπησε
1663 3186 1774 3259 γὰρ

184 3256 333 3310 οὕτω
374 3258 465 3312 τὸν
505 3260 730 3330 κόσμον,
759 3264 835 3327 ὡς
880 3269 973 3320 καὶ
1019 3268 1189 3336 αὐτὴν
1224 3271 1362 3341 ὑπὲρ
1394 3274 1558 3327 αὑτοῦ
1604 3256 1775 3330 καταλ-

185 3350 365 3403 θεῖναι
398 3352 498 3422 τὴν
526 3353 736 3425 ψυχὴν,
772 3358 867 3410 καὶ
912 3359 1021 3411 τῶν
1058 3361 1367 3416 Ἰουδαϊκῶν
1405 3366 1775 3439 τολμημάτων

187 3445 484 3513 ὑπομεῖναι
539 3447 639 3513 τὴν
687 3448 1009 3521 ἀγριότητα.
1044 3455 1155 3507 Καὶ
1206 3460 1550 3530 μαρτυρήσει
1600 3461 1775 3530 λέγων

183 3537 353 3601 αὐτὸς
402 3539 537 3609 πρὸς
581 3541 709 3604 τοὺς
752 3542 948 3596 ἐαυτοῦ
1002 3546 1293 3618 μαθητὰς,
1345 3550 1426 3604 ὅτι
1475 3570 1494 3603 t
1535 3554 1775 3619 Μείζονα

187 3633 397 3700 ταύτης
422 3632 524 3702 τῆς
550 3634 773 3705 ἀγάπης
802 3635 979 3699 οὐδεὶς
1021 3638 1134 3708 ἔχει
1156 3679 1171 3703 ,
1218 3641 1305 3694 ἵνα
1345 3660 1430 3705 τις
1456 3644 1554 3713 τὴν
1597 3645 1775 3716 ψυχὴν

190 3723 361 3777 αὐτοῦ
398 3725 465 3795 θῇ
506 3726 647 3795 ὑπὲρ
689 3728 797 3780 τῶν
839 3729 1009 3797 φίλων
1058 3731 1247 3790 αὐτοῦ.
1284 3753 1302 3785 ›
1355 3736 1574 3809 Ἐπειδὴ
1607 3739 1717 3811 γὰρ
1745 3740 1775 3792 ό

190 3815 330 3879 Θεὸς
355 3817 542 3887 ἀγάπη
571 3818 710 3883 ἐστὶ,
737 3819 878 3873 κατά
904 3821 1004 3891 τὴν
1046 3824 1294 3878 Ἰωάννου
1319 3828 1522 3897 φωνὴν,
1554 3831 1777 3903 ἀγάπης

193 3906 273 3959 ὢν
328 3908 489 3970 Υἱὸς,
542 3908 687 3962 τοῦτ’
749 3910 863 3964 ἐστι
924 3912 1019 3966 τοῦ
1064 3916 1205 3968 κατὰ
1251 3917 1413 3985 φύσιν
1460 3922 1629 3986 Θεοῦ,
1682 3926 1778 3979 καὶ

197 4000 384 4069 μόνον,
410 4001 503 4052 καί
525 4001 804 4071 ἀληθινοῦ,
841 4005 1031 4077 ἀγάπη
1064 4008 1159 4060 καί
1179 4010 1341 4075 αὐτὸς
1373 4012 1773 4083 ἀναπέφανται,

193 4091 255 4142 οὐ
308 4090 487 4159 λόγοις
537 4092 913 4165 ἐξησκημένον
962 4100 1057 4152 καὶ
1106 4100 1194 4152 διὰ
1245 4104 1507 4173 ῥημάτων
1562 4108 1775 4179 κόμπου

194 4180 695 4252 λελαμπρυσμένον
722 4183 860 4254 ἔχων
886 4187 945 4238 τὸ
965 4188 1202 4259 ἀξίωμα,
1231 4191 1344 4260 ἀλλ’
1368 4193 1550 4263 ἔργοις
1572 4196 1773 4261 αὐτοῖς,

195 4272 292 4324 καὶ
323 4275 652 4345 πράγμασι,
700 4278 913 4349 καρπὸν
962 4279 1094 4335 ὄντα
1138 4282 1237 4352 τῆς
1266 4285 1359 4337 τοῦ
1398 4288 1649 4351 τεκόντος
1694 4282 1779 4342 οὑ-

197 4366 321 4427 σίας
374 4366 564 4419 ἐαυτὸν
633 4370 928 4436 ἐπιδείξας.
992 4373 1306 4444 Οἰησόμεθα
1360 4376 1469 4447 γὰρ
1524 4379 1778 4450 οὐδαμῶς

1880 3191 1953 3243 sit
1985 3189 2250 3251 charitas,
2294 3188 2452 3257 juxta
2495 3186 2727 3241 Joannis
2759 3199 2949 3239 vocem
2998 3183 3077 3245 ³ο,
3122 3180 3325 3250 quippe
3367 3177 3464 3247 qui

1878 3281 1951 3335 sit
1981 3279 2286 3340 charitatis,
2318 3279 2422 3332 hoc
2447 3284 2553 3343 est,
2590 3277 2859 3331 naturalis
2886 3284 2940 3330 et
2968 3275 3115 3328 unici
3148 3288 3213 3327 ac
3233 3272 3346 3326 veri
3368 3270 3463 3326 Dei

1878 3371 2073 3434 Filius,
2097 3371 2340 3426 Charitas
2362 3370 2524 3424 etiam
2563 3369 2680 3438 ipse
2716 3367 3012 3422 manifesto
3038 3372 3142 3429 est,
3174 3379 3282 3418 non
3308 3378 3465 3433 pom-

1877 3479 1944 3534 pa
1982 3463 2275 3517 verborum
2318 3460 2677 3530 conspicuam
2718 3460 2926 3514 habens
2982 3459 3326 3528 dignitatem,
3368 3457 3463 3511 sed

1877 3556 2137 3625 operibus
2153 3554 2288 3624 ipsis
2302 3568 2365 3607 ac
2380 3553 2542 3608 rebus
2556 3551 2634 3606 sei
2642 3566 2798 3621 psum
2815 3549 3054 3605 fructum
3073 3564 3199 3606 esse
3213 3549 3466 3604 substan-

1879 3649 1969 3702 tia:
1998 3646 2178 3701 Patris
2210 3644 2534 3701 ostendens.
2554 3643 2913 3713 Nequaquam
2941 3644 3085 3698 enim
3113 3641 3463 3698 censebimus

1880 3752 2197 3809 supremam
2249 3738 2398 3791 illam
2464 3736 2709 3792 omnium
2764 3734 3131 3791 substantiam
3190 3732 3461 3788 bonorum

1880 3846 2003 3887 esse
2030 3842 2312 3899 capacem,
2340 3824 2433 3882 sed
2471 3840 2574 3881 nec
2600 3825 2961 3880 adventitium
2984 3823 3034 3878 ei
3060 3838 3184 3877 esse
3214 3823 3465 3877 dicemus

1880 3922 2131 3974 omnium
2170 3917 2437 3970 bonorum
2465 3929 2660 3984 genus,
2697 3914 2842 3968 sicut
2869 3913 2923 3967 in
2949 3913 3133 3975 nobis,
3168 3928 3268 3967 nec
3301 3920 3360 3965 ut
3380 3912 3465 3966 di-

1877 4027 2104 4068 versum
2147 4009 2429 4080 quidpiam
2482 4008 2537 4061 in
2582 4007 2690 4060 alio
2719 4004 2957 4069 censeri,
2995 4006 3462 4075 quemadmodum

1882 4103 1937 4157 in
1963 4101 2189 4156 homine
2241 4100 2527 4154 scientiam
2563 4096 2792 4151 dixeris.
2842 4094 2954 4151 Nec
2987 4096 3135 4149 enim
3168 4095 3331 4149 homo
3368 4110 3465 4165 per

1884 4210 1943 4249 se
1995 4202 2080 4249 est
2132 4192 2379 4255 scientia,
2433 4189 2529 4245 sed
2579 4189 2824 4244 scientiae
2866 4188 3051 4256 potius
3094 4201 3307 4256 capax:
3367 4185 3462 4241 sed

1882 4286 2255 4357 quodcunque
2286 4284 2491 4337 bonum
2526 4288 2780 4335 censetur
2829 4279 3008 4348 ipsum
3058 4279 3279 4347 proprie
3323 4278 3464 4331 divi-

1882 4391 2009 4430 nam
2041 4382 2095 4429 et
2126 4374 2451 4430 ineffabilem
2501 4381 2753 4424 naturam
2794 4385 2918 4431 esse
2964 4369 3220 4428 dicimus.
3256 4370 3461 4423 fontem

194 4457 451 4528 δεκτικήν
502 4453 641 4512 εἷναι
688 4460 797 4513 τῶν
846 4462 1069 4530 ἀγαθῶν
1120 4464 1221 4536 τὴν
1269 4468 1531 4522 ἀνωτάτω
1585 4473 1768 4525 πασῶκ.

1890 4470 2053 4525 veluti
2085 4468 2374 4539 quemdam
2415 4479 2576 4518 omne
2607 4478 2780 4533 genus
2818 4461 3036 4515 virtutis
3071 4461 3126 4513 in
3154 4461 3333 4529 seipsa
3364 4461 3431 4513 hzt

195 4550 420 4617 οὐσίαν,
464 4551 579 4604 ἀλλ’
615 4552 736 4604 οὐδὲ
780 4554 1077 4625 ἐπίκτητον
1120 4556 1353 4628 ἐροῦμεν
1399 4560 1456 4611 ἐν
1506 4560 1644 4632 αὐτῇ
1680 4563 1779 4632 τὴν

198 4639 457 4695 ἁπάντων
488 4640 599 4695 τῶν
646 4642 866 4711 ἀγαθῶν
910 4643 1073 4711 ἰδέαν,
1108 4646 1361 4719 καθάπερ
1389 4651 1447 4703 ἐν
1480 4652 1632 4720 ἡμῖν,
1664 4652 1779 4706 ἀλλ’

195 4730 319 4783 οὐδὲ
343 4730 417 4794 ὥς
449 4748 503 4783 τι
532 4731 693 4802 τυχὸν
730 4732 920 4804 ἕτερον
951 4736 1007 4787 ἐν
1032 4735 1203 4806 ἐτέρῳ
1236 4738 1548 4808 νοούμενον,
1589 4741 1779 4814 ὥσπερ

196 4820 290 4876 οὖν
325 4824 382 4875 ἐν
412 4822 687 4895 ἀνθρώπῳ
728 4825 860 4895 φαίη
896 4843 979 4889 τις
1010 4826 1077 4880 ἂν
1119 4830 1215 4899 τήν
1248 4847 1393 4894 τινος
1443 4834 1774 4908 ἐπιστήμην.

212 4917 270 4969 )ύ
300 4916 408 4985 γὰρ
436 4917 720 4987 ἐπιστήμη
757 4918 879 4971 καθ’
910 4920 1102 4972 ἑαυτὸν
1135 4923 1163 4973 6
1200 4920 1518 4993 ἄνθρωπος,
1552 4927 1779 4999 ἐπιστή-

199 5024 308 5075 μης
334 5006 390 5059 δέ
422 5007 625 5077 μᾶλλον
656 5008 934 5073 δεκτικός’
983 5012 1100 5063 ἀλλ’
1149 5014 1282 5067 αὐτὸ
1324 5015 1386 5068 τὸ
1421 5019 1528 5070 πᾶν
1555 5020 1781 5087 ἀγαθὸν,

195 5097 293 5149 ὃπε
304 5114 334 5166 ρ
370 5096 438 5150 ἂν
480 5092 621 5151 εἶναι
649 5098 999 5170 πιστεύηται,
1022 5100 1181 5155 τοῦτο
1209 5105 1414 5175 κυρίως
1440 5107 1609 5177 αὐτὴν
1644 5106 1782 5164 εἷναί

197 5203 379 5256 φαμεν
412 5187 511 5259 τὴν
542 5188 694 5243 θείαν
732 5191 829 5242 καὶ
862 5191 1101 5261 ἄρρητον
1149 5193 1332 5262 φύσιν,
1372 5199 1558 5270 πηγὴν
1588 5199 1779 5274 ὥσπερ

196 5276 318 5329 τινὰ
358 5279 466 5330 πᾶν
517 5275 657 5341 εἶδος
702 5279 907 5351 ἀρετῆς
950 5280 1182 5352 ἔχουσαν
1219 5286 1279 5338 ἐν
1317 5287 1522 5361 ἑαυτῇ,
1580 5292 1674 5345 καί
1719 5293 1779 5358 ἐξ

198 5371 399 5439 ἑαυτῆς
426 5371 858 5435 ἀναϐλύζουσαν.
892 5375 1255 5445 Εὐλογώτατα
1282 5380 1463 5436 τοίνυν
1491 5384 1652 5449 αὐτός
1674 5405 1779 5459 περ

199 5460 350 5514 ἔσται
378 5461 481 5531 τῆς
506 5462 730 5534 ἀγάπης
753 5467 1242 5552 όμκαρπὸς,ἀγάπη
1280 5474 1374 5528 καὶ
1407 5476 1570 5541 αὐτὸς
1604 5480 1780 5552 ὑπάρ-

200 5570 327 5621 χων,
362 5555 506 5607 κατὰ
534 5554 627 5607 τὸν
656 5555 716 5618 ἐξ
742 5548 914 5631 οὗπέρ
940 5560 1057 5614 ἐστι
1095 5563 1307 5635 Πατρὺς
1330 5566 1357 5617 6
1389 5568 1534 5635 Υἱὸς,
1563 5571 1648 5627 διὰ
1680 5548 1779 5646 τής

1887 4562 2125 4624 hentem,
2167 4566 2221 4614 et
2253 4575 2320 4613 ex
2356 4558 2537 4627 seipsa
2568 4554 2963 4609 effundentem.
3004 4552 3138 4607 lure
3168 4553 3352 4622 itaque
3384 4552 3467 4620 ip-

1883 4660 2057 4708 semet
2084 4652 2191 4708 erit
2221 4650 2510 4705 charitatis
2540 4648 2776 4710 fructus,
2818 4654 2872 4703 et
2903 4661 3026 4700 cum
3058 4645 3130 4700 sit
3162 4645 3324 4699 etiam
3349 4644 3467 4713 ipse

1886 4743 2154 4805 charitas,
2186 4740 2350 4795 sicuti
2381 4737 2546 4794 Pater
2572 4754 2637 4794 ex
2661 4754 2771 4808 quo
2791 4746 2875 4793 est
2904 4734 3102 4799 Filius,
3135 4736 3342 4790 nostris
3370 4750 3467 4807 per

1885 4836 2212 4892 charitatem
2255 4835 2455 4887 animis
2501 4831 2853 4902 insignietur,
2900 4838 2954 4885 et
2998 4838 3240 4883 mutuam
3284 4828 3467 4882 chari-

1885 4937 2050 4984 tatem
2088 4926 2372 4981 mordicus
2398 4924 2678 4995 amplecti,
2711 4921 3125 4992 conjunctionis
3154 4927 3208 4975 et
3231 4919 3467 4973 familia-

1880 5023 2062 5077 ritatis
2091 5036 2215 5074 cum
2246 5020 2369 5089 ipso
2399 5028 2561 5073 notas
2592 5016 2750 5071 bonis
2785 5013 3072 5084 imprimit.
3119 5011 3361 5082 Alioqui,
3394 5012 3465 5073 si,

1876 5116 2035 5186 juxta
2062 5113 2215 5168 Pauli
2246 5126 2437 5167 vocem
2473 5111 2516 5142 ³⁸
2545 5150 2560 5175 ,
2597 5125 2703 5180 pax
2746 5116 2938 5162 nostra
2972 5106 3225 5162 Christus
3257 5115 3344 5161 est
3384 5106 3464 5171 (in

1885 5207 2006 5277 ipso
2028 5206 2173 5262 enim
2208 5204 2471 5259 inferiora
2499 5199 2882 5272 superioribus
2906 5198 3199 5267 conjuncta
3228 5203 3379 5258 sunt,
3410 5204 3467 5251 et

1885 5313 1984 5370 per
2017 5298 2197 5367 ipsum
2222 5294 2565 5351 reconciliati
2601 5306 2793 5348 sumus
2832 5289 2943 5346 Deo
2972 5304 3037 5343 ac
3064 5288 3235 5348 Patri,
3270 5303 3465 5357 quam-

1887 5392 1971 5447 vis
2005 5390 2166 5444 initio
2194 5389 2425 5443 multttm
2451 5386 2658 5453 dissiti,
2682 5383 3044 5439 conversione
3077 5380 3145 5436 ad
3180 5381 3385 5433 malum
3410 5387 3466 5433 et

1888 5482 1940 5536 in
1976 5480 2139 5552 754
2163 5481 2304 5536 duos
2328 5479 2560 5550 populos
2584 5478 2714 5532 olim
2742 5475 2925 5538 divisi,
2962 5484 3150 5545 gentes
3182 5471 3465 5531 nimirum,

1886 5584 1940 5630 et
1986 5574 2290 5641 lsraelitas,
2342 5572 2396 5626 in
2432 5584 2604 5626 unum
2655 5584 2856 5623 novum
2899 5566 3174 5622 hominem
3208 5562 3466 5618 aediﬁcati

266 5668 321 5751 ’ξ
350 5667 514 5751 ῌ⁰¹¹¹⁸
549 5670 889 5751 ¹¹¹¹.’.9ι,¹⁰·
969 5674 1014 5706 ³⁷
1053 5675 1227 5733 lCor.
1262 5694 1403 5746 xm,
1438 5683 1502 5751 4,
1538 5684 1591 5739 5.
1669 5687 1714 5719 ’⁸
1754 5686 1963 5744 IJoan.
2007 5702 2098 5751 tv,
2132 5685 2219 5740 16.
2295 5686 2339 5719 ¹⁹
2394 5682 2555 5739 Joan.
2615 5698 2707 5749 xv,
2752 5680 2838 5736 15.
2915 5680 2959 5712 ³ο
3011 5678 3029 5732 1
3077 5676 3337 5743 Joan.tv,
3376 5676 3466 5736 16.

201 5735 242 5770 ³¹
282 5737 485 5814 Ephes.
536 5755 611 5808 ιι,
648 5742 833 5799 14-18.
