3884 6208
444 306 545 361 ίϐΊ

1443 299 1504 355 S.
1547 296 1828 351 CYRIIJJ
1873 291 2343 349 ALEXANDBINI
2376 291 2695 348 ARCIIIEP.

3611 285 3715 341 168

440 416 635 477 sumus
673 419 725 473 in
773 419 894 488 ipso
927 437 939 471 :
981 418 1160 472 soluta
1212 430 1299 472 est
1340 417 1488 472 enim
1539 419 1802 481 maceria,
1838 424 1894 470 et
1922 414 2020 468 de-

2128 411 2347 482 ἀγάπης
2390 411 2624 482 μάλιστα
2671 412 2788 473 ταῖς
2837 411 3132 478 ἡμετέραις
3182 407 3385 477 ψυχαῖς
3436 408 3714 475 ἔνστημα-ις

440 518 648 564 structa
685 523 768 562 est
803 505 1106 560 inimicitiae
1139 505 1222 561 vis
1253 506 1527 577 dogmatis
1552 505 1906 577 evangelicis,
1943 504 2024 558 si-

443 602 616 655 lentio
649 599 752 671 legi
785 597 1092 668 imposito),
1127 598 1404 668 quomodo
1449 598 1715 670 cognosci
1754 597 2026 667 potuisset

436 708 532 747 eos
567 707 688 746 esse
717 690 870 759 pacis
902 689 1231 758 discipulos,
1269 689 1316 743 si
1350 703 1542 759 pacem
1584 697 1834 742 mutuam
1882 687 2027 741 inter

437 799 497 837 se
525 799 630 836 non
661 780 962 836 haberem?
987 779 1130 846 Quid
1164 781 1310 834 enim
1345 777 1515 842 aliud,
1537 792 1749 849 quaeso,
1775 785 1860 832 est
1881 778 2027 832 Acha-

439 874 617 926 ritatis
654 871 982 940 disjunetio,
1025 885 1189 938 quam
1223 870 1380 940 origo
1417 870 1569 935 belli,
1605 869 1758 940 pacis
1785 867 2022 931 eversio,

435 975 489 1019 et
523 965 689 1019 animi
719 963 1051 1032 duplicitas?
1084 958 1558 1026 Quemadmodum
1590 961 1736 1015 enim
1768 960 1824 1014 in
1863 959 2024 1013 ﬁrmo

434 1055 726 1110 charitatis
761 1052 983 1108 vinculo
1019 1052 1176 1122 pacis
1218 1051 1361 1105 bona
1401 1050 1564 1106 nobis
1593 1058 2024 1112 conservantur,

435 1150 538 1215 sic,
580 1149 799 1219 opinor,
850 1147 980 1200 dum
1027 1143 1273 1198 Charitas
1303 1144 1662 1209 rescinditur,
1699 1143 1829 1198 belli
1883 1143 2023 1196 mala

434 1242 693 1296 subeunt.
733 1237 800 1292 Et
838 1238 970 1307 quid
1000 1247 1114 1291 tum
1152 1235 1315 1292 inde?
1349 1236 1588 1305 Iniuriae,
1613 1236 2024 1300 contentiones,

432 1333 829 1396 :enmlationes,
857 1330 975 1390 iraa,
1011 1329 1249 1390 furores,
1283 1328 1678 1391 detractiones,
1708 1329 2022 1392 maledicta,

429 1429 485 1473 ct
551 1419 808 1483 invidiae,
862 1419 1048 1472 omnia
1100 1419 1340 1487 denique
1402 1419 1772 1488 improbitatis
1826 1433 2026 1488 genera

431 1514 706 1566 oriuntur.
735 1511 870 1565 Cum
894 1512 1082 1581 itaque
1098 1510 1276 1565 virtus
1293 1509 1474 1564 omnis
1493 1511 1546 1563 in
1563 1510 1828 1565 charitate
1845 1509 2027 1563 conti-

431 1614 631 1658 neatur
661 1603 1089 1674 impleaturque,
1124 1617 1284 1658 nemo
1325 1610 1574 1656 nostrum
1606 1603 1713 1657 cibi
1753 1603 2029 1658 abstinen-

430 1697 527 1760 tia,
552 1705 645 1749 aut
672 1696 820 1766 quod
855 1696 1007 1749 humi
1042 1696 1229 1759 cubet,
1254 1703 1350 1748 aut
1379 1694 1506 1749 aliis
1535 1693 1829 1750 laboriosis
1845 1695 2028 1766 pieta-

2130 507 2374 576 θήσεται,
2418 505 2513 558 καὶ
2553 506 2651 574 τῆς
2695 502 3024 571 οἰκειότητος
3049 503 3148 571 τῆς
3181 502 3318 569 πρὸς
3360 499 3522 552 αὐτὸν
3548 500 3712 566 ἐγχα-

2130 599 2316 667 ράττει
2339 599 2449 658 τοῖς
2475 596 2700 663 ἀγαθοῖς
2725 595 2795 646 τά
2809 592 3187 664 γνωρίσματα,
3210 593 3271 644 τὸ
3293 592 3463 662 ἀπρὶξ
3488 590 3713 660 ἔχεσθαι

2127 691 2229 758 τῆς
2258 688 2634 759 φιλαλληλίας.
2673 684 2885 746 ’Ἄλλως
2909 701 2992 748 τε,
3027 685 3098 745 εἰ,
3130 683 3272 737 κατά
3306 683 3404 754 τὴν
3430 681 3523 735 τοῦ
3565 683 3713 734 Παύ-

2127 781 2222 837 λοῦ
2251 782 2458 850 φωνὴν,
2493 781 2521 831 ὁ
2547 779 2780 850 Χριστός
2804 778 3005 847 ἐστινὴ
3039 777 3230 846 εἰρήνη
3255 775 3412 845 ἡμῶν
3449 775 3530 844 (ἐν
3561 773 3715 841 αὐτῷ

2128 874 2237 943 γάρ
2273 872 2518 942 συνήφθη
2548 871 2617 923 τά
2646 871 2798 924 κάτω
2825 873 2939 930 τοῖς
2983 869 3118 932 άνω,
3154 870 3250 921 καὶ
3287 868 3353 920 δι’
3387 867 3552 920 αὑτοῦ
3581 883 3717 919 κητ-

2128 966 2446 1037 ηλλάγημεν
2483 963 2560 1034 τῷ
2603 963 2722 1033 Θεῷ
2761 961 2855 1015 καὶ
2911 961 3117 1032 Πατρὶ,
3164 959 3340 1012 καίτοι
3391 958 3595 1026 πολλὴν
3656 960 3714 1008 ἐν

2128 1057 2325 1127 ἀρχαῖς
2370 1053 2822 1124 ἐπιτηδεύσαντες
2852 1053 2949 1122 τὴν
2989 1052 3326 1114 ἀπόστασιν,
3367 1050 3454 1103 διὰ
3485 1051 3585 1120 τὴν
3631 1051 3716 1108 εἰς

2127 1150 2188 1203 τὸ
2214 1148 2417 1218 φαῦλον
2441 1146 2780 1217 άποδρομὴν,
2806 1147 2902 1198 καὶ
2931 1143 3128 1207 εῖςδῦο
3159 1144 3287 1195 ποτὲ
3314 1143 3714 1214 μεμερισμένοι

2127 1243 2312 1306 λαοὺς,
2355 1241 2436 1306 εἷς
2464 1258 2523 1293 τε
2552 1241 2621 1293 τά
2654 1239 2803 1308 ἔθνη,
2832 1237 3039 1292 καὶτὸν
3080 1235 3317 1306 Ἰσραὴλ,
3348 1237 3426 1299 εἰς
3449 1236 3544 1289 ἕνα
3581 1253 3705 1289 και·

2130 1335 2219 1390 νὺν
2265 1334 2552 1404 ἄνθρωπον
2583 1330 2912 1400 ὲκτίσθημεν
2950 1331 3008 1384 ὲν
3040 1326 3218 1397 αὐτῷ·
3257 1326 3471 1379 λέλυται
3500 1325 3611 1396 γὰρ
3651 1324 3716 1376 τὸ

2132 1430 2443 1499 μεσότοιχον
2502 1424 2596 1478 τοῦ
2667 1423 2959 1494 φραγμοῦ,
3039 1421 3134 1474 καὶ
3191 1419 3534 1489 κατήργηται
3609 1417 3715 1485 τῆς

2128 1519 2328 1591 ἔχθρας
2371 1519 2404 1589 ἡ
2436 1517 2686 1586 δύναμις,
2719 1514 2985 1584 δόγμασιν
3031 1511 3410 1579 εὐαγγελικοίς
3431 1551 3446 1574 ,
3478 1525 3714 1563 κατασι-

2127 1609 2420 1679 γασθέντος
2449 1608 2544 1661 τοῦ
2578 1606 2768 1678 νόμου)
2789 1643 2805 1670 ,
2851 1604 2970 1667 πῶς
3002 1603 3070 1656 ἂν
3103 1601 3452 1671 ἐγνώσθησαν
3490 1601 3573 1652 ὅτι
3609 1600 3713 1668 τῆς

2130 1706 2352 1776 εἰρήνης
2382 1703 2638 1770 γεγόνασι
2673 1699 2914 1771 μαθηταὶ
2954 1695 3052 1768 τὴν
3083 1697 3162 1758 είς
3191 1693 3451 1766 ἀλλήλους
3479 1694 3713 1765 είρήνην

435 1789 508 1840 tis
534 1787 1031 1843 exercitationibus
1067 1787 1338 1858 glorietur
1359 1825 1373 1851 ,
1401 1785 1508 1840 nisi
1547 1786 1871 1840 charitatem
1898 1801 2023 1856 erga

2132 1800 2232 1850 οὐκ
2264 1796 2505 1866 ἕχοντες;
2536 1794 2602 1846 Τί
2632 1793 2740 1863 γὰρ
2772 1791 2960 1862 ἕτερον
2992 1790 3076 1861 εἴη
3108 1788 3268 1858 τυχὸν
3305 1789 3334 1840 ὁ
3357 1788 3458 1857 τῆς
3485 1787 3713 1856 ἀγάπης

431 1877 656 1934 fratrem
689 1891 837 1934 recte
869 1887 1109 1934 tueatur.
1161 1876 1330 1932 Extra
1362 1885 1524 1932 metae
1557 1876 1760 1932 ﬂexum
1794 1879 2023 1948 perinde

429 1985 495 2027 ac
543 1972 833 2041 imperitus
865 1972 1056 2043 auriga
1089 1971 1266 2025 fertur
1317 1978 1372 2024 et
1407 1970 1794 2041 gubernatoris
1848 1972 2024 2026 instar

430 2062 673 2125 aberrat,
704 2065 797 2134 qui
827 2065 986 2119 navis
1011 2064 1233 2133 quidem
1259 2061 1479 2117 clavum
1511 2071 1682 2127 tenet,
1704 2062 1802 2118 sed
1821 2077 2023 2134 propo-

429 2156 596 2211 situm
632 2157 1004 2228 navigationis
1040 2171 1268 2227 scopum
1295 2171 1408 2226 prae
1431 2156 1654 2212 inscitia
1674 2171 1786 2211 non
1814 2165 2017 2212 servat.

428 2246 700 2315 Quocirca
726 2259 782 2302 et
809 2249 904 2319 qui
936 2263 1106 2303 ausus
1137 2254 1224 2303 est
1251 2248 1436 2302 dicere
1462 2267 1475 2303 :
1517 2267 1535 2300 ι
1562 2247 1644 2302 An
1676 2249 2024 2320 experimen-

431 2347 546 2392 tum
575 2341 823 2410 quzeritis
855 2340 974 2409 ejus
1008 2339 1102 2410 qui
1144 2339 1197 2392 in
1243 2355 1329 2392 me
1363 2339 1606 2410 loquitur
1636 2339 1843 2394 Christi
1885 2340 1964 2394 “1'
1999 2358 2016 2390 I

429 2430 675 2498 divinus,
715 2434 962 2502 inquam,
993 2432 1084 2487 ille
1107 2431 1339 2496 Paulus,
1365 2446 1476 2484 non
1519 2431 1848 2502 simpliciter
1874 2431 2020 2502 quod

430 2533 763 2592 sectaretur,
806 2527 902 2582 sed
931 2525 1081 2596 quod
1113 2523 1168 2578 id
1215 2524 1470 2580 faciendo
1503 2535 1651 2581 recta
1694 2527 1762 2580 ad
1791 2542 2021 2597 scopum

430 2617 704 2682 tenderet,
733 2619 1085 2692 gloriabatur
1130 2620 1198 2674 ³³.
1247 2619 1490 2674 Labores
1527 2619 1732 2690 quippe
1771 2620 2023 2690 corporis

429 2709 732 2776 venditare,
778 2711 908 2766 dum
945 2711 1164 2766 interim
1200 2712 1496 2782 praecipuis
1526 2721 1580 2767 et
1616 2711 1793 2783 magis
1831 2728 2024 2769 neces-

430 2802 598 2857 sariis
625 2803 861 2870 excidis,
915 2803 1022 2859 hoc
1076 2819 1187 2858 non
1239 2812 1326 2859 est
1375 2805 1441 2858 ad
1494 2818 1722 2874 scopum
1777 2804 2020 2860 tendere.

435 2894 659 2950 Sciebat
691 2903 874 2951 autem
913 2896 1243 2952 charitalem
1270 2896 1570 2950 virtutibus
1600 2895 1862 2951 omnibus
1890 2897 2015 2951 vel-

430 2987 510 3042 uti
544 2986 869 3042 coronidem
919 2987 1218 3058 quamdam
1261 2988 1345 3043 sic
1379 2989 1719 3063 impositam,
1755 2994 1814 3040 ut
1859 2995 1913 3041 et
1956 2987 2025 3044 de

2124 1887 2495 1958 διασπασμδς,
2533 1887 2566 1959 ἦ
2608 1883 2846 1954 πολέμου
2893 1881 3108 1950 γένεσις
3133 1921 3146 1944 ,
3189 1881 3284 1932 xui.
3322 1881 3545 1949 εἰρήνης
3576 1879 3713 1932 ἀνα-

2125 1978 2334 2051 τροπὴ,
2378 1977 2473 2031 καὶ
2515 1976 2765 2046 διψυχίας
2798 1973 3018 2041 ἀπάσης
3065 1970 3314 2042 εὖρεσιςς
3348 1971 3560 2040 Ὥσπερ
3598 1968 3712 2038 γάρ

2126 2071 2184 2124 ὲν
2213 2071 2448 2142 ἀρῤαγεῖ
2472 2069 2570 2136 τῆς
2590 2066 2812 2135 ἀγάπης
2843 2063 3125 2133 συνδέσμῳ
3149 2063 3219 2116 τά
3253 2065 3315 2114 ἐκ
3353 2062 3453 2130 τῆς
3483 2062 3714 2130 εἰρήνης

2125 2164 2258 2234 ἡμῖν
2289 2160 2472 2229 ἀγαθά
2513 2159 2839 2223 διασώζεται
2865 2173 2878 2185 ·
2910 2157 3004 2210 τὸν
3033 2156 3196 2211 αὑτὸν
3221 2194 3234 2214 ,
3280 2148 3434 2224 οἶμαι
3457 2195 3469 2214 ,
3503 2152 3713 2222 τρόπον

2126 2259 2184 2310 ἐν
2211 2258 2276 2327 τῇ
2306 2254 2407 2324 τῆς
2433 2253 2655 2322 ἀγάπης
2691 2251 2928 2321 διακοπῇ
2955 2248 3016 2301 τὸ
3052 2250 3117 2301 ὲκ
3148 2247 3242 2299 τοῦ
3269 2247 3507 2316 πολέμου
3539 2245 3712 2297 κακὸν

2126 2347 2537 2422 παρεισδὺεται.
2592 2345 2703 2400 Καὶ
2744 2344 2798 2398 τί
2847 2344 2910 2397 τὸ
2965 2341 3257 2406 ὲντεῦθεν;
3308 2339 3568 2412 ’⁷1⁸6ρεις,
3614 2337 3713 2390 καὶ

2126 2441 2484 2512 φιλονεικίαι,
2520 2440 2616 2493 xui.
2659 2437 2812 2508 ζῆλοι
2832 2474 2846 2498 ,
2878 2435 2974 2488 xui.
3015 2433 3212 2502 ὀργαὶ,
3257 2433 3351 2485 καὶ
3380 2431 3546 2502 θυμοὶ
3570 2469 3584 2493 ,
3616 2433 3713 2484 καὶ

2124 2533 2484 2605 ψιθυρισμοί,
2534 2533 2628 2585 καὶ
2676 2528 3033 2593 καταλαλιαί,
3081 2527 3175 2580 καὶ
3217 2525 3440 2596 φθόνοι,
3471 2527 3568 2578 καὶ
3601 2525 3714 2578 πᾶν

2126 2621 2266 2690 εἶδος
2309 2626 2646 2695 φαυλότητος
2690 2621 3068 2690 ἀναφαίνεται.
3122 2619 3370 2689 Ἀπάσης
3416 2615 3714 2685 τοιγαροῦν

2125 2719 2326 2789 ἀρετῆς
2353 2720 2410 2770 ὲν
2447 2715 2526 2787 τῷ
2565 2717 2666 2786 τῆς
2709 2715 2935 2784 ἀγάπης
2965 2713 3096 2765 εἴδει
3122 2728 3183 2764 τε
3216 2710 3312 2765 καὶ
3349 2711 3540 2782 τρόπῳ
3580 2725 3713 2776 συγ-

2127 2811 2603 2881 κεφαλαιουμένης
2648 2825 2707 2862 τε
2755 2810 2849 2861 καὶ
2894 2806 3308 2878 πληρουμένης,
3346 2806 3420 2874 μὴ
3457 2803 3600 2872 μέγα
3629 2817 3712 2862 τις

2127 2903 2393 2972 φρονείτω
2414 2902 2524 2954 τῶν
2564 2905 2624 2954 ὲν
2647 2903 2777 2972 ἡμῖν
2811 2900 2898 2952 ἐπ’
2936 2898 3195 2961 ἀσιτίαις,
3230 2897 3324 2950 xui.
3362 2893 3712 2965 χαμευνίαις,

2127 2997 2297 3068 ἤγουν
2340 2996 2426 3064 ἐφ’
2457 2997 2668 3066 ἑτέροις
2695 2995 2806 3047 τισὶ
2851 2994 2959 3046 τῶν
2996 2992 3056 3059 ἐξ
3089 2993 3378 3062 ἀσκήσεως
3420 2989 3630 3051 πόνοις,
3664 2988 3713 3041 εἰ

430 3093 498 3134 ea
533 3080 796 3150 praeclare
847 3081 1102 3136 diceret:
1145 3100 1165 3132 ι
1202 3081 1315 3136 Etsi
1369 3080 1711 3136 distribuere
1763 3080 1818 3135 in
1868 3080 2022 3137 cibos

2131 3089 2206 3160 μὴ
2249 3089 2506 3152 διασώζοι
2537 3087 2720 3151 καλῶς
2753 3088 2853 3159 τὴν
2893 3088 2972 3150 εἰς
3003 3086 3094 3138 τὸν
3136 3083 3365 3152 ἀδελφὺν
3403 3083 3710 3152 ἀγάπησιν.

430 3186 735 3242 pauperum
773 3186 970 3227 omnes
1018 3171 1310 3227 facultates
1341 3187 1513 3235 meas,
1565 3179 1621 3228 et
1666 3172 1713 3227 si
1743 3172 2023 3228 tradidero

429 3277 639 3332 corpus
693 3277 898 3326 meum,
944 3263 1018 3316 ita
1069 3273 1128 3316 ut
1180 3265 1426 3328 ardeam,
1475 3263 1803 3320 charitalem
1844 3275 2026 3320 autem

430 3370 536 3408 non
571 3354 827 3418 habeam,
866 3356 1003 3409 nihil
1043 3357 1175 3410 tnihi
1214 3357 1457 3427 prodest.
1511 3355 1568 3410 Si
1611 3357 1813 3428 linguis
1851 3358 2030 3413 homi-

431 3461 564 3500 num
612 3447 809 3516 loquar
838 3456 894 3502 et
939 3448 1286 3519 angelorum,
1337 3450 1667 3504 charitalem
1700 3458 1886 3505 autem
1916 3466 2030 3506 non

428 3539 686 3603 habeam,
738 3542 918 3594 factus
951 3557 1074 3596 sum
1109 3542 1257 3596 velut
1297 3559 1374 3598 (es
1401 3557 1630 3606 sonans,
1673 3550 1768 3597 aut
1800 3543 2026 3612 cymba-

429 3632 540 3683 lum
580 3632 822 3686 tinniens
855 3631 919 3686 ³⁵.
963 3651 981 3682 ›
1020 3631 1248 3703 Species
1289 3634 1475 3704 itaque
1505 3641 1560 3688 et
1599 3634 1781 3704 imago
1814 3625 2023 3690 Christi

429 3721 742 3780 Servatoris
782 3725 836 3778 in
879 3725 1043 3780 nobis
1077 3734 1161 3780 est
1187 3727 1477 3781 charitatis
1509 3726 1783 3797 gloriatio.

2129 3175 2278 3243 Ἐξω
2308 3177 2416 3248 γάρ
2443 3176 2538 3230 τοῦ
2563 3178 2890 3248 καμπτῆρος
2915 3177 3014 3246 τῆς
3040 3175 3244 3245 νύσσης
3286 3175 3532 3245 φέρεται,
3569 3172 3716 3226 κατὰ

2124 3270 2253 3332 τοὺς
2269 3269 2375 3322 τῶν
2391 3270 2624 3339 ἡνιόχων
2639 3268 3072 3339 ἀμαθεστέρους,
3089 3265 3264 3337 ὐπο[π
3276 3266 3518 3336 ιλανᾱται
3543 3260 3600 3315 δὲ
3614 3279 3714 3314 κυ-

2126 3361 2391 3434 ϐερνήτου
2423 3361 2581 3431 δίκην
2601 3401 2616 3425 ,
2645 3361 2704 3424 ὃς
2729 3360 2842 3431 ἔχει
2881 3361 2980 3430 μὲν
3012 3359 3113 3428 τῆς
3149 3357 3286 3421 νεὼς
3329 3357 3390 3409 τὸ
3427 3353 3712 3424 πηδάλιον,

2127 3455 2219 3508 τόν
2255 3472 2320 3523 γε
2352 3454 2456 3525 μὴν
2490 3454 2826 3524 προτεθέντα
2865 3452 2945 3522 τῷ
2983 3450 3195 3520 διάπλῳ
3234 3448 3440 3503 σκοπὸν
3477 3446 3540 3513 ἐξ
3569 3447 3717 3515 ἀμα-

2129 3547 2252 3610 θίας
2278 3547 2339 3601 οὐ
2371 3545 2687 3600 διεσώσατο.
2711 3545 2811 3598 Διά
2835 3545 2995 3599 τοῦτο
3022 3546 3116 3597 xui.
3138 3545 3167 3596 ό
3201 3541 3483 3613 θαρσήσας
3512 3540 3712 3599 εἰπεῖν,

2135 3659 2155 3692 ι
2189 3641 2254 3694 Εἰ
2275 3640 2507 3710 δοκιμὴν
2529 3639 2744 3708 ζητεῖτε
2765 3636 2860 3691 τοῦ
2883 3640 2939 3690 ἐν
2959 3636 3082 3706 ἐμοὶ
3103 3634 3389 3695 λαλοῦντος
3402 3627 3644 3703 Χριστοῦ
3661 3645 3707 3694 ;ο

2127 3731 2274 3800 φημὶ
2299 3728 2356 3782 δὲ
2395 3729 2460 3799 δὴ
2493 3729 2583 3781 τὸν
2616 3727 2900 3780 θεσπέσιον
2931 3725 3173 3791 Παῦλον,
3226 3724 3326 3776 οὐκ
3354 3722 3449 3775 ἐπὶ
3479 3719 3560 3790 τῷ
3587 3717 3715 3772 διώ-

426 3831 545 3866 κειν
607 3816 990 3882 άπλῶς,.ἀλλ’
1021 3819 1078 3870 ὲν
1119 3817 1198 3888 τῷ
1251 3818 1396 3873 κατά
1447 3818 1648 3871 σκοπὸν
1693 3818 1855 3872 τοῦτο
1893 3820 2028 3892 δρᾷν
2078 3820 2423 3892 ἐσεμνύνετο.
2491 3819 2564 3871 Τὸ
2601 3819 2735 3889 γάρ,
2778 3812 2964 3886 οἶμαι,
3031 3816 3362 3886 σωματικοῖς
3403 3811 3714 3882 ἔπαυκῆσαι

428 3905 612 3969 πόνοις
634 3947 648 3972 ,
728 3907 837 3959 τῶν
883 3907 1436 3980 κεφαλαιωδεστέρων
1497 3909 1595 3964 καὶ⁹
1637 3911 2081 3984 ἀναγκαιοτέρων
2119 3913 2345 3983 ἀγαθῶν
2381 3912 2740 3976 ἐκπίπτοντα,
2768 3910 2914 3963 τοῦτ’
2947 3909 3063 3962 ἔστι
3093 3909 3154 3961 τὸ
3207 3910 3283 3980 μὴ
3321 3906 3541 3961 διώκειν
3571 3905 3715 3958 κατά

429 3998 651 4052 σκοπόν.
697 3993 819 4051 Οίδε
859 3999 915 4052 δὲ
961 4000 1106 4052 οὕτω
1156 4000 1254 4070 τὴν
1299 4001 1552 4070 ἀγάπην,
1601 4001 1854 4074 καθάπερ
1894 4006 2018 4059 τινὰ
2057 4005 2332 4078 κορωνίδα
2407 4005 2614 4068 πάσαις
2657 4002 2966 4057 ἐπικεῖσθαι
3014 4004 3134 4065 ταῖς
3175 4001 3429 4075 ἀρεταῖς,
3478 4003 3556 4064 ὡς
3618 4005 3714 4058 καὶ

427 4089 692 4144 κάλλιστα
738 4089 867 4161 περὶ
901 4091 1070 4163 αὐτῆς
1108 4093 1568 4164 φιλονεικήσαντα
1596 4093 1813 4162 λέγειν·
1851 4113 1870 4146 ι
1907 4095 2026 4150 Κᾶν
2066 4097 2304 4169 ψωμίσω
2330 4098 2508 4152 πάντα
2537 4097 2606 4151 τά
2668 4094 2984 4168 ὑπάρχοντά
3028 4111 3130 4164 μου
3155 4134 3170 4157 ,
3211 4093 3314 4146 κᾶν
3358 4095 3588 4166 παραδῶ
3655 4097 3714 4148 τὸ

428 4182 590 4252 σῶμά
637 4197 740 4247 μου
823 4180 911 4232 ἵνα
954 4182 1343 4253 καυθήσομαι,
1389 4183 1612 4254 ἀγάπην
1655 4183 1712 4236 δὲ
1769 4181 1844 4256 μὴ
1885 4183 2013 4254 ἔχω,
2093 4188 2251 4244 οὐδὲν
2309 4189 2655 4260 ὠφελοῦμαι.
2715 4189 2841 4240 Ἐὰν
2888 4188 3008 4248 ταῖς
3056 4183 3332 4254 γλώσσαις
3359 4185 3469 4239 τῶν
3498 4187 3712 4259 ἀνθρώ-

427 4294 545 4328 πων
592 4277 738 4329 λαλῶ
785 4275 882 4329 καὶ
925 4273 1032 4326 τῶν
1085 4275 1365 4343 ἀγγέλων,
1414 4275 1640 4345 ἀγάπην
1681 4274 1738 4328 δὲ
1775 4277 1851 4347 μὴ
1886 4276 2015 4348 ἔχω,
2057 4280 2261 4351 γέγονα
2309 4282 2512 4353 χαλκὸς
2540 4283 2712 4353 ἠχῶν,
2743 4283 2778 4352 ἢ
2804 4279 3086 4350 κῦμόαλον
3145 4278 3436 4344 ἀλαλάζον.
3474 4299 3492 4331 ι
3526 4282 3709 4354 Πρόσ.

425 4389 578 4425 ωπον
617 4367 711 4426 οὖν
750 4373 898 4445 ἄρα,
949 4371 1044 4424 xui.
1085 4368 1251 4424 εἰκὼν
1303 4372 1360 4422 ὲν
1405 4371 1537 4440 ἡμῖν
1581 4371 1677 4422 τοῦ
1726 4371 1988 4444 Σωτῆρος
2020 4375 2279 4446 Χριστοῦ,
2319 4381 2419 4449 τῆς
2453 4377 2674 4448 ἀγάπης
2700 4375 2762 4430 τδ
2787 4375 3068 4445 καύχημα.

498 4462 653 4528 XIII,
689 4464 780 4520 ‘56.
825 4462 966 4516 Dicit
995 4463 1046 4516 ei
1080 4461 1268 4518 Simon
1324 4459 1557 4515 Petrus:
1606 4462 1870 4523 Domine,
1920 4480 2022 4531 quo

2197 4468 2370 4539 Λέγει
2404 4467 2567 4533 αὐτῷ
2617 4468 2816 4537 Σίμων
2871 4467 3129 4536 Πέτροςο
3182 4468 3391 4534 Κύριε,
3427 4469 3549 4522 ποῦ
3593 4473 3712 4525 ὐπ-

430 4555 579 4607 vadis
603 4557 628 4608 7

501 4647 830 4700 Sciscitatur
885 4662 1084 4703 rursus
1148 4645 1343 4702 Petrus
1403 4645 1656 4700 discendi
1706 4645 1920 4710 studio,
1966 4654 2023 4701 et

428 4740 701 4796 sermonis
735 4741 844 4793 vim
873 4748 928 4794 et
959 4741 1230 4794 rationem
1257 4738 1478 4794 curiose
1507 4737 1754 4809 indagat,
1779 4738 2023 4793 nondum

430 4829 964 4902 mtelligens,'755
990 4839 1050 4884 ut
1083 4831 1334 4894 videtur,
1377 4829 1510 4900 quid
1537 4831 1644 4885 sibi
1677 4831 1846 4886 vellet
1873 4831 2021 4900 quod

425 4924 635 4979 dictum
664 4933 772 4988 est,
796 4921 1340 4995 vehementissimum
1367 4930 1550 4977 tamen
1575 4923 1845 4993 sequendi
1865 4922 2025 4976 Chri-

426 5016 496 5071 sti
535 5014 873 5070 desiderium
911 5031 1021 5086 prae
1056 5030 1116 5070 se
1163 5013 1375 5070 ferens.
1409 5013 1468 5070 In
1498 5030 1608 5086 quo
1653 5016 2024 5070 admiratione

2124 4576 2290 4630 αγεις
2303 4575 2324 4623 ;

2195 4651 2550 4704 Φιλοπευστεῖ
2582 4649 2647 4722 δὴ
2687 4649 2848 4705 πάλιν
2898 4651 2963 4703 ἐκ
3007 4649 3366 4722 φιλομαθείας
3407 4651 3436 4702 ὁ
3481 4651 3709 4721 Πέτρος,

2125 4741 2221 4794 καὶ
2277 4741 2703 4812 περιεργάζεται
2753 4740 2848 4794 τοῦ
2889 4741 3051 4809 λόγου
3099 4743 3196 4811 τὴν
3229 4741 3488 4812 δύναμιν,
3530 4745 3712 4803 συνεὶς

2129 4834 2230 4902 μὲν
2269 4830 2423 4886 οὔπω
2448 4875 2462 4898 ,
2519 4831 2662 4886 κατά
2709 4833 2770 4887 τὸ
2813 4833 2992 4897 εἰκὸς,
3031 4833 3109 4897 ὠς
3151 4833 3262 4904 ἔχει
3292 4835 3354 4887 τὸ
3393 4835 3709 4905 εἰρημένον.

2128 4923 2472 4995 θερμοτάτην
2507 4941 2569 4992 γε
2601 4925 2707 4996 μὴν
2745 4927 2826 4988 είς
2856 4925 2918 4978 τὸ
2955 4925 3064 4978 δεῖν
3095 4926 3324 4981 ἕπεσθαι
3366 4927 3446 4996 τῷ
3483 4927 3708 4995 Χριστῷ

2122 5016 2222 5086 τὴν
2266 5015 2574 5086 προθυμίαν
2619 5017 2910 5088 εἰσφέρων.
2958 5017 3068 5072 Καὶ
3113 5018 3443 5086 ἀξιάγαστος
3496 5019 3600 5089 μὲν
3653 5021 3711 5071 ὲν

429 5111 592 5179 digna
644 5119 731 5164 est
761 5109 904 5162 ratio
940 5117 994 5163 et
1038 5108 1176 5162 ordo
1227 5107 1653 5179 discipulorum.
1712 5108 1824 5163 Nec
1873 5108 2021 5162 enim

2128 5105 2295 5177 τούτῳ
2325 5109 2434 5160 τῶν
2502 5107 2759 5178 μαθητῶν
2790 5112 2822 5180 ή
2855 5109 3029 5174 τάξις.
3075 5111 3148 5162 οὐ
3199 5111 3307 5181 γὰρ
3350 5110 3526 5177 δήπου
3573 5114 3707 5182 φαίη

427 5201 572 5255 nllus
596 5200 799 5256 dixerit
825 5198 1070 5263 Petrum,
1097 5201 1192 5270 qui
1230 5201 1470 5271 primum
1511 5201 1654 5254 inter
1683 5208 1914 5255 caeteros
1942 5201 2024 5254 lo-

423 5309 549 5347 cum
579 5293 820 5356 tenebat,
863 5293 1073 5346 ideirco
1108 5295 1453 5362 interrogare
1497 5292 1644 5362 quod
1676 5293 1892 5349 caeteris
1931 5293 2021 5346 in-

427 5387 808 5457 telligentibus
847 5386 965 5456 ipse
1000 5385 1187 5440 forsan
1238 5387 1540 5457 ignoraret,
1577 5387 1672 5442 sed
1706 5389 1753 5442 ei
1784 5395 1841 5442 ut
1877 5403 2018 5458 pra:-

423 5480 587 5548 cipuo
633 5492 698 5532 ac
751 5477 1084 5547 praecellenti
1141 5478 1350 5548 primas
1411 5477 1672 5550 loquendi
1729 5493 1795 5533 ac
1845 5479 2017 5534 libere

427 5569 807 5640 interrogandi
859 5577 1045 5639 partes
1091 5570 1422 5626 concedunt.
1470 5569 1530 5626 In
1581 5586 1771 5626 aurem
1810 5572 2016 5642 quippe

508 5751 600 5806 "I
647 5753 775 5808 Cor.
810 5767 927 5818 xui,
957 5753 1012 5807 '5.
1089 5751 1136 5784 ³⁸
1183 5750 1202 5804 l
1247 5749 1377 5808 Cor.
1428 5766 1541 5816 xw,
1578 5751 1600 5804 l
1635 5765 1791 5822 seqq.

2119 5213 2204 5260 τις
2230 5197 2316 5260 ἂν,
2335 5197 2545 5252 ὅτιτῶν
2571 5199 2775 5270 ἐτέρων
2809 5203 3096 5266 συνέντων,
3124 5202 3284 5273 τυχὸν
3317 5203 3476 5273 μόνος
3507 5203 3712 5273 ἠγνόη-

2123 5306 2216 5341 σεν
2241 5293 2269 5343 ὁ
2294 5293 2754 5362 προτεταγμένος,
2802 5293 2892 5346 διά
2926 5310 2985 5345 τε
3019 5293 3178 5346 τοῦτο
3202 5293 3466 5364 διερωτᾷν
3489 5311 3504 5325 ο
3540 5311 3712 5363 παραυ

2124 5381 2362 5452 χωροῦσι
2404 5383 2459 5436 δὲ
2511 5383 2712 5454 μᾶλλον
2757 5385 2832 5448 ὡς
2876 5384 3169 5456 προῦχοντι
3224 5387 3284 5438 τὸ
3333 5385 3710 5455 κατάρχεσθαι

2122 5477 2303 5546 λόγου,
2358 5477 2454 5530 καὶ
2497 5477 2812 5548 παρρησίας
2857 5477 2952 5548 τῆς
3003 5480 3060 5530 ὲν
3101 5476 3180 5547 τῷ
3223 5475 3708 5537 διαπυνθάνεσθαι,

2123 5569 2286 5640 φημί.
2323 5569 2396 5622 Τὸ
2424 5569 2532 5640 γὰρ
2563 5572 2640 5632 εἰς
2661 5569 2981 5624 διδασκάλου
3013 5569 3194 5624 λαλεῖν
3219 5570 3409 5635 ἀκοὰς,
3449 5569 3570 5623 οὐδὲ
3593 5572 3710 5636 τοῖς

1899 5751 1945 5782 ³⁵
1977 5749 1993 5804 1
2032 5748 2160 5806 Cor.
2223 5765 2340 5817 xm,
2381 5749 2493 5805 I-i.
