3884 6208
1268 330 1335 385 IN
1372 329 1660 391 JOANNIS
1692 336 2140 402 EVANGELIUM
2170 347 2297 404 ΜΒ.
2330 350 2421 409 ΙΧ.

214 512 381 590 ἧττον
406 522 435 573 ὁ
460 522 685 596 Πέτρος,
721 530 821 586 οὐκ
849 534 990 589 αἰδοῖ
1017 538 1114 593 τοῦ
1146 540 1221 612 μὴ
1247 512 1423 597 δοκεῖν
1448 512 1589 601 εῖναι
1622 548 1758 623 νωθῦ]

214 610 321 639 οι...
350 612 553 639 -Ρέ..--..
586 616 693 639 -1”.-.
730 620 793 639 ιη
898 624 955 639 ΔΙ
1150 630 1176 639 ι.
1292 633 1304 639 -

1861 512 1875 520 ,
1907 512 2160 534 "mo---"
2194 512 2367 539 ,νη-η,
2402 512 2471 526 ..υ
2507 512 2571 530 ..δ
2603 512 2825 546 qun-cm
2875 512 2970 550 qui
3016 512 3075 540 ac
3118 512 3332 558 aliquos
3382 512 3479 564 pll-

1902 563 2022 609 tant
2061 566 2243 614 tutum
2280 561 2352 617 sit
2383 579 2447 619 ac
2478 581 2761 623 securum.
2794 570 2977 627 Nihilo
3010 592 3140 632 vero
3174 582 3355 638 minus
3386 587 3479 639 ad-

214 610 321 683 τῂν
348 612 553 685 εἴδησιν
583 616 694 672 τῶν
722 620 1100 694 ἀγνοηθέντων
1142 610 1496 704 ζητούμενος,
1524 640 1641 693 ἀλλ’
1669 610 1796 709 ὀξίίς

212 702 310 756 ἐπὶ
337 705 397 757 τὸ
428 708 627 778 χρῆναι
662 712 955 782 σοφοῦσθαι
980 702 1208 791 τρέχων,
1233 702 1328 780 καῖ
1347 702 1610 804 αίσχῦνης
1634 702 1795 790 ἀκαίΖ

210 809 314 863 pou
350 798 635 867 κρείττονα
670 803 770 875 τὴν
803 807 869 860 ἐκ
893 812 993 880 τῆς
1031 812 1389 885 φιλομαθείας
1415 798 1601 894 ὄνησιν
1637 843 1794 900 ποιη-

212 887 484 957 σάμενος,
538 892 627 947 ἵνα
667 896 839 962 τύπος
881 904 997 966 τοῖς
1044 907 1168 977 μεθ’
1209 911 1403 966 ἑαυτὸν
1465 887 1567 971 κάν
1620 887 1793 991 τούτῷ

206 981 455 1053 γένηται.
485 990 609 1040 Δεῖν
651 992 761 1063 γὰρ
792 989 949 1064 οἶμαι
1005 998 1081 1069 μὴ
1114 1006 1484 1077 παρατρέχειν
1532 1012 1627 1082 ἐᾷν
1664 981 1792 1079 τοὺς

204 1073 322 1126 τῶν
352 1075 713 1149 διδασκόντων
746 1082 967 1154 λόγους,
1017 1091 1179 1163 εἴπερ
1202 1073 1205 1074 ν
1226 1073 1314 1150 ἀν’
1342 1073 1451 1153 εἷεν
1491 1073 1789 1177 οὐσφόδρα

204 1167 400 1233 σαφεῖς
421 1207 436 1230 ,
487 1168 573 1223 ἵνα
605 1172 751 1236 τινὲς
780 1171 920 1229 εἶναι
962 1177 1245 1251 δοκῶμεν,
1293 1187 1508 1259 ἀγχίνοι
1549 1210 1609 1247 τε
1628 1167 1783 1264 λίαν,

202 1256 300 1308 καὶ
330 1256 544 1329 δριμεῖς
577 1264 659 1322 εἰς
687 1263 905 1320 σύνεσιν
931 1286 944 1301 ⁸
980 1256 1439 1335 διαπυνθάνεσθαι
1467 1282 1523 1336 δὲ
1560 1256 1782 1356 μᾶλλον,

200 1348 299 1399 καὶ
327 1349 722 1409 ἀνασκαλεύειν
766 1357 1151 1433 ἐπιστημόνως
1191 1368 1254 1422 τὸ
1301 1371 1362 1424 ὲν
1418 1348 1571 1448 ἀρχῇ.
1608 1348 1785 1451 παραζ

198 1438 393 1510 δεχθὲν
432 1444 516 1508 είς
567 1445 775 1518 ὄνησιν.
824 1451 966 1506 Πολὺ
998 1455 1107 1526 γὰρ
1150 1459 1389 1529 ἀμείνων
1425 1438 1592 1537 €235
1642 1438 1783 1542 συμ-

196 1532 462 1605 φέροντος
488 1539 693 1607 γνῶσις
726 1541 1117 1615 δοκησισοφίας
1140 1554 1323 1624 κενῆς,
1359 1554 1470 1611 καὶ⁶
1483 1560 1577 1614 τοῦ
1606 1562 1782 1619 δοκεῖν

193 1624 587 1690 ἐξεπίστασθαί
609 1651 682 1702 τι,
710 1639 955 1709 κρεῖττον
986 1638 1053 1694 ἂν
1080 1641 1166 1715 εἴη
1194 1645 1291 1699 τοῦ
1329 1654 1442 1720 [γρ.
1470 1652 1553 1725 τὸ]
1587 1655 1780 1725 μαθεῖν

190 1719 431 1790 ἀληθῶς.

280 1812 588 1886 Ἀπεκρίθη
608 1821 769 1886 αὐτῷ
803 1828 841 1880 ό
872 1827 1115 1897 Ἰησοῦς
1138 1849 1154 1863 ·
1186 1833 1369 1891 Ὅπου

186 1903 265 1955 οὐ
284 1902 546 1961 δύνασαί
564 1928 667 1979 μοι
692 1914 809 1969 νῦν
832 1918 1210 1990 ἀκολουθεῖν,
1240 1902 1687 1998 ἀειιο.ιῖ‹>υθήονειςζ

185 1994 471 2064 ὕστερον.

263 2089 433 2155 Εἰδὼς
460 2093 543 2145 ὅτι
568 2093 794 2170 βαρεῖάν
822 2118 881 2156 τε
912 2104 1006 2158 καὶ
1030 2105 1269 2180 δυσαχθῆ
1298 2113 1412 2176 τοῖς
1444 2115 1639 2170 ἑαυτοῦ
1670 2136 1775 2189 μα-

182 2179 379 2251 θηταῖς
404 2184 617 2256 ὲνθήσει
640 2191 739 2261 τὴν
765 2192 962 2266 λύπην,
998 2179 1301 2270 ἀναφανδδν
1330 2206 1503 2261 είπὼν
1535 2209 1611 2273 ὡς
1638 2179 1773 2266 ἀνα-

183 2272 413 2343 ϐήσεται
467 2281 569 2349 μὲν
602 2284 683 2345 εἰς
722 2286 988 2360 οὐρανοὺς
1010 2330 1027 2354 ,
1071 2293 1314 2366 ἐρήμους
1338 2298 1400 2352 δὲ
1429 2300 1532 2371 τῆς
1573 2272 1769 2358 ἑαυτοῦ

181 2368 491 2436 παρουσίας
520 2372 670 2426 ἐάσει
697 2382 839 2433 κατά
863 2381 961 2453 τὴν
988 2384 1115 2455 γῆν,
1136 2388 1184 2440 εί
1213 2391 1305 2443 καὶ
1327 2368 1581 2449 συνέσται
1607 2397 1769 2453 πάλιν

174 2455 263 2520 ὡς
293 2459 447 2525 Θεὸς,
483 2464 887 2536 εὺπεριστόλως
903 2476 1042 2546 πρὸς
1060 2478 1132 2533 ’τὸ
1160 2483 1336 2550 παρὸν
1360 2484 1669 2558 ἀποχρῆται
1690 2489 1768 2561 τῷ

176 2546 351 2619 λόγῳ,
377 2552 726 2612 ηδιακλέπτων
750 2562 934 2635 ἡρέμα
955 2568 1051 2621 τοῦ
1079 2571 1170 2624 νοῦ
1199 2546 1297 2645 την
1322 2546 1627 2648 ἀκρίδειαν.
1656 2546 1767 2635 Καὶ

173 2640 315 2708 γοῦν
345 2644 442 2697 οὐκ
465 2646 673 2714 εἰδότας
697 2652 864 2722 ὀρῶν,
885 2657 944 2709 ἐν
974 2659 1123 2731 αὐτῷ
1153 2640 1336 2733 μένειν
1466 2671 1547 2725 Τά
1571 2672 1765 2746 γάρτοι

172 2732 372 2788 λυπεῖν
410 2739 670 2807 εὲωθότα,
724 2745 1049 2821 βαρυτέροις
1089 2732 1203 2810 ἐσθ’
1236 2758 1325 2811 ὅτε
1373 2732 1764 2830 κατασκυιάίξειν

170 2823 361 2895 λόγοις
405 2830 506 2884 οὐκ
556 2834 889 2909 ἀμελέτητον
927 2847 1042 2908 τοῖς
1070 2850 1275 2918 σοφοῖς.
1322 2852 1387 2906 Ei
1416 2854 1524 2925 γὰρ
1556 2823 1763 2913 καὶ-ὄτι

168 2919 419 2991 μάλιστα
440 2924 537 2995 τῆς
561 2927 659 2981 ἀνθ
668 2932 982 3005 ρωπότητος
1005 2939 1263 3013 ἀπαρχὴν
1286 2919 1477 2999 ἐαυτδν
1495 2919 1761 3021 ἀνακομί-

168 3012 287 3077 ζων
315 3015 394 3088 τῷ
417 3016 536 3090 Θεῷ
554 3023 647 3076 καὶ
677 3024 872 3099 Πατρὶ,
892 3028 992 3101 τὴν
1013 3032 1094 3095 είς
1118 3033 1180 3086 τὸ
1201 3012 1335 3101 ἀνω,
1368 3039 1465 3092 καὶ
1493 3042 1574 3105 είς
1596 3012 1762 3114 οὐρα-

165 3106 304 3170 νοῦς
336 3109 646 3183 ἀποδημίαν
679 3118 990 3186 ἐστέλλετο,
1042 3124 1136 3177 καὶ
1181 3126 1324 3199 ὑπὲρ
1358 3131 1458 3202 τῆς
1504 3106 1760 3191 ἁπάντων

166 3196 512 3267 λυσιτελείας
565 3206 627 3259 τὸ
659 3208 935 3280 δρώμενον
983 3209 1052 3285 ἦν
1086 3196 1412 3283 (ἐνεκαίνισε

1898 648 2165 706 mirabilis
2195 661 2282 707 est
2313 652 2530 717 Petrus.
2570 662 2665 728 qui
2715 662 2852 718 nihil
2896 666 3109 721 veritus
3156 672 3477 740 opinionem

1897 743 2217 813 tarditatis,
2274 763 2398 819 qua:
2438 750 2734 822 ignorabat
2799 759 2995 827 quaerit
3064 761 3324 831 edoceri,
3379 772 3474 825 sed

1895 850 2113 891 summo
2147 840 2334 895 studio
2366 858 2427 897 se
2457 859 2524 899 eo
2555 846 2795 913 confert,
2842 850 3227 922 intempestivo
3276 860 3473 928 pudori

1893 928 2190 986 utilitatem
2224 935 2560 992 eruditionis
2594 940 2917 1009 praeferens,
2954 952 3014 997 ut
3061 946 3113 1000 in
3160 947 3263 1003 hoc
3305 940 3472 1007 etiam

1890 1022 2013 1077 suis
2057 1026 2296 1093 posteris
2347 1031 2602 1100 exemplo
2654 1048 2719 1088 ac
2767 1034 3099 1093 documento
3150 1054 3318 1097 esset.
3360 1043 3471 1100 Nee

1888 1113 2035 1167 enim
2096 1117 2345 1172 arbitror
2404 1124 2783 1190 praetereunda
2823 1128 2990 1183 verba
3049 1131 3370 1187 docentium
3422 1138 3469 1190 si

1888 1206 2053 1274 paulo
2092 1206 2203 1262 sint
2244 1210 2592 1280 obscuriora,
2629 1223 2689 1268 ut
2722 1216 3008 1273 videamur
3036 1235 3161 1277 esse
3191 1223 3383 1294 aliqui,
3417 1234 3471 1280 et

1887 1300 2070 1367 sagaci
2110 1307 2275 1371 atque
2308 1312 2472 1359 acuto
2508 1306 2780 1376 imprimis
2831 1310 3053 1380 ingenio
3081 1315 3294 1382 prmditi
3322 1356 3337 1378 ,
3373 1318 3467 1372 sed

1886 1391 2286 1449 sciscitandum
2322 1399 2528 1467 potius,
2574 1411 2628 1456 et
2655 1402 2817 1459 docte
2852 1407 3172 1476 agitandum
3223 1412 3369 1480 quod
3400 1414 3468 1467 ad

1885 1482 2177 1538 utilitatem
2214 1486 2375 1542 initio
2403 1493 2749 1560 prapositum
2785 1496 2878 1551 sit.
2910 1496 3080 1553 Multo
3110 1500 3255 1555 enim
3288 1507 3469 1573 potior

1878 1581 1964 1627 est
1997 1576 2072 1628 rei
2102 1576 2254 1633 utilis
2290 1580 2532 1650 cognitio
2559 1600 2723 1653 quam
2754 1603 2895 1642 vana
2924 1591 3212 1660 sapientiae
3241 1609 3466 1663 persna-

1881 1667 1989 1729 sio,
2046 1676 2102 1723 et
2139 1686 2270 1726 vere
2320 1673 2529 1745 aliquid
2586 1678 2855 1736 didicisse
2907 1684 3105 1741 melius
3160 1701 3245 1743 est
3299 1706 3463 1760 quam

1883 1759 2027 1814 scire
2058 1761 2260 1818 videri.

1405 1838 1519 1907 ἐγὼ
1543 1842 1750 1912 ὑπάγω

1953 1850 2105 1917 XIII,
2143 1854 2234 1909 56.
2279 1854 2572 1926 Respondit
2609 1861 2814 1917 Jews:
2857 1865 2975 1931 Quo
3013 1887 3105 1940 ego
3157 1874 3313 1939 vado,
3358 1893 3462 1931 non

1875 1953 2021 2011 potes
2047 1961 2128 1999 me
2156 1947 2312 2000 modo
2341 1952 2523 2021 sequi,
2555 1957 2790 2025 sequeris
2830 1969 3005 2014 autent
3043 1974 3243 2030 postea.

1945 2123 2082 2178 Cum
2112 2127 2283 2183 sciret
2311 2131 2461 2200 gravi
2490 2140 2545 2186 et
2566 2132 2900 2194 intolerabili
2932 2156 3169 2198 maerore
3202 2146 3455 2208 affectum

1873 2219 1941 2273 iri
1965 2235 2097 2275 suos
2117 2222 2447 2295 discipulos,
2480 2229 2527 2282 si
2550 2240 2737 2299 aperte
2761 2233 2967 2289 diceret
2999 2253 3057 2292 se
3091 2255 3451 2300 ascensurum

1881 2309 1939 2363 in
1972 2312 2151 2368 cmlos
2196 2322 2251 2369 et
2287 2332 2387 2371 sua
2437 2324 2730 2387 praesentia
2768 2339 2864 2380 eos
2898 2328 3269 2400 privatnrum,
3324 2337 3454 2394 licet

1870 2419 2068 2461 rursus
2106 2416 2162 2461 ut
2186 2407 2331 2464 Deus
2356 2410 2650 2472 adfuturus
2679 2430 2847 2484 esset,
2883 2423 3197 2480 obscuriori
3234 2431 3452 2500 imprae-

1870 2499 2174 2554 sentiarum
2211 2503 2388 2559 utitur
2436 2522 2715 2574 sermone,
2769 2527 3019 2569 exactam
3074 2520 3197 2589 ejus
3244 2523 3451 2580 intelli-

1867 2594 2106 2662 gentiam
2140 2597 2347 2652 sensim
2384 2601 2717 2673 subripiens.
2746 2605 2810 2660 Et
2838 2611 3060 2679 quidem
3086 2617 3449 2677 nésciosillos

1867 2686 2081 2754 videns,
2113 2687 2169 2743 in
2198 2690 2390 2746 eodem
2438 2701 2586 2749 statu
2637 2696 2762 2753 illos
2814 2701 3096 2771 relinquit.
3154 2707 3447 2777 Sapientes

1864 2779 2069 2850 quippe
2102 2782 2452 2851 gravioribus
2504 2785 2778 2843 interdum
2825 2792 3014 2848 verbis
3048 2796 3355 2854 obscurant
3381 2818 3447 2857 ea

1868 2887 1992 2943 qua:
2034 2888 2326 2930 mcerorem
2359 2877 2559 2933 aﬂerre
2605 2882 2805 2936 solent.
2845 2883 2959 2941 Etsi
2997 2888 3139 2942 enim
3176 2892 3446 2960 primitias

1865 2967 2228 3024 humanitatis
2254 2968 2497 3039 seipsum
2535 2971 2644 3027 Deo
2670 2990 2735 3029 ac
2767 2974 2914 3032 Patri
2944 2978 3197 3045 oﬂ'erens,
3239 2984 3292 3037 in
3327 3000 3444 3041 c03-

1863 3060 1947 3114 los
1980 3061 2250 3125 ascendit,
2315 3063 2481 3134 idque
2537 3081 2638 3136 pro
2688 3070 2937 3124 omnium
2986 3074 3230 3130 utilitate
3279 3077 3444 3131 ﬁebat

1864 3149 2033 3220 (viam
2067 3152 2229 3206 nobis
2260 3153 2606 3224 instauravit,
2645 3168 2859 3216 naturae
2904 3162 3146 3220 hominis
3176 3169 3326 3236 prius
3366 3170 3445 3225 in-

1467 3224 1576 3297 γάρ
1623 3228 1755 3298 ἡμῖν
1783 3260 1830 3322 ρ
1863 3242 2187 3313 cognitam),
2220 3256 2595 3301 verumtamen
2625 3250 2841 3306 sanctis
2869 3224 3287 3327 discipulis.qui
3316 3274 3444 3326 per-

168 3291 312 3357 >δὸν,
349 3294 417 3365 ῆν
442 3297 543 3350 οὐκ
563 3298 679 3370 ᾔδει
710 3303 978 3376 πρότερον
1010 3310 1043 3379 ἠ
1068 3309 1364 3382 ἀνθρώπου
1398 3291 1601 3386 φύσις),
1620 3291 1757 3376 ἀλλά

1869 3291 2187 3313 __o______--,,
2231 3291 2595 3301 .--_...-_...-..
2625 3291 2841 3306 μην...
2869 3291 3162 3324 “mur...”
3193 3291 3287 3327 ψ..
3316 3291 3438 3326 νει-

1861 3342 2027 3403 petuo
2055 3350 2179 3389 cum
2214 3351 2280 3390 eo
2311 3338 2523 3393 versari
2568 3340 2841 3408 volebant,
2891 3344 3247 3403 intolerabile
3283 3351 3438 3407 vide-

164 3401 237 3452 τε
267 3389 383 3450 τοῖς
415 3389 592 3457 ἁγίοις
629 3394 900 3467 μαθηταῖς
944 3400 1031 3453 ἀεὶ
1066 3406 1306 3459 συνεῖναι
1341 3410 1753 3483 σπουδάζουσιν,

160 3478 230 3531 οὐ
258 3481 495 3551 φορητὸν
516 3478 657 3539 εἶναι
685 3486 989 3557 διεφαίνετο
1031 3495 1093 3549 τὸ
1129 3498 1460 3568 χωρίζεσθαι
1488 3478 1751 3576 Χριστοῦ,

164 3570 350 3625 καίτοι
385 3575 640 3641 συνόντος
674 3579 862 3645 αὐτοῖς
888 3584 977 3638 διὰ
1000 3590 1201 3654 παντὸς
1221 3594 1288 3662 τῇ
1318 3592 1411 3646 τοῦ
1434 3570 1755 3668 Πνειὸματος

156 3665 393 3737 δυνάμει
414 3686 474 3721 τε
498 3672 592 3725 καὶ
615 3678 928 3749 συνεργείᾳ.
976 3681 1299 3751 Ἀγνοοῦντα
1318 3688 1497 3742 τοίνυν
1524 3665 1617 3745 τὸν
1644 3710 1752 3763 μα-

162 3758 361 3828 κάριον
402 3762 608 3835 Πέτρον
659 3766 770 3820 τῶν
809 3771 1118 3843 είρημένων
1150 3777 1251 3849 τὴν
1302 3778 1558 3852 δύναμιν,
1610 3758 1749 3855 ὁμοῦ

159 3852 279 3913 τοῖς
299 3851 477 3919 ἄλλοις
513 3856 812 3930 μαθηταῖς,
859 3864 917 3916 ἐν
963 3867 1145 3938 ταυτῷ
1178 3870 1361 3941 μένειν
1392 3851 1479 3945 ἑᾷ,
1529 3878 1623 3932 καὶ
1646 3851 1750 3933 οὐκ

159 3944 328 4008 εὐθὺς
354 3946 622 4041 ’ἐφίστησι
660 3955 729 4023 τῇ
774 3954 883 4008 τῶν
906 3958 1217 4030 εἰρημένων
1249 3944 1526 4038 ἀκριϐείᾳ,
1553 3971 1748 4041 χρησί-

161 4046 309 4099 μως,
346 4031 506 4103 ἄχρις
556 4037 628 4091 ἄν
674 4041 861 4107 αὐτοῖς
910 4045 1002 4099 τὸν
1050 4031 1395 4108 ἀνακτᾶσθαι

152 4118 484 4191 διαπερανεῖ
507 4124 682 4194 λόγον.
717 4131 887 4188 Τοῦτο
922 4139 1017 4190 καὶ
1039 4139 1099 4191 ἐν
1126 4144 1238 4206 τοῖς
1268 4145 1465 4217 ἐφεξῆς
1488 4118 1745 4206 ποιοῦντα

156 4210 537 4315 θεωρήσομεν.
556 4220 718 4289 Λέγει
737 4224 849 4297 γάρ
866 4229 1001 4298 πρὸς
1022 4232 1241 4297 αὐτούς’
1261 4255 1279 4287 t
1304 4210 1579 4312 Συμῷἐρει
1592 4245 1739 4315 ὑμῖν,

153 4303 252 4359 ενα
281 4304 395 4373 ἐγὼ
426 4309 668 4367 ἀπέλθω.
714 4315 843 4371 nev
882 4320 988 4392 γὰρ
1026 4322 1138 4392 ἐγὼ
1188 4326 1262 4399 μὴ
1292 4303 1540 4396 ἀπέλθω,
1568 4336 1600 4388 ὁ
1629 4303 1744 4390 ita;

154 4394 434 4466 ράκλητος
452 4401 517 4454 οὐ
559 4404 635 4473 μὴ
670 4404 800 4480 non
843 4410 982 4481 πρὸς
1025 4394 1461 4483 attigissem
1506 4394 1569 4492 γε
1611 4426 1737 4497 μὴν,

152 4488 235 4551 ὡς
263 4489 400 4553 Θεὸς
422 4531 440 4554 ,
481 4493 913 4565 ἐπαγγείλασθαι
962 4502 1186 4560 θέλοντα
1225 4508 1317 4563 τὸν
1361 4488 1737 4586 μαθητὴν,

1857 3425 2021 3481 batur
2050 3443 2080 3481 a
2115 3426 2344 3484 Christo
2375 3429 2614 3501 sejungi,
2659 3433 2787 3488 licet
2820 3435 2904 3490 eis
2952 3434 3195 3508 Spiritus
3236 3441 3440 3500 virtute

1854 3528 1909 3574 et
1944 3518 2183 3575 eﬂieacia
2217 3536 2432 3592 semper
2466 3523 2707 3579 adesset.
2742 3525 2969 3581 Beatum
3001 3530 3184 3601 itaque
3212 3531 3434 3590 Petrum

1854 3612 1964 3664 vim
2007 3620 2060 3667 et
2081 3627 2304 3667 sensum
2334 3629 2526 3669 eorum
2553 3632 2675 3686 quae
2716 3617 3042 3676 dicebantur
3077 3638 3186 3677 non
3224 3626 3433 3681 intelli-

1852 3711 2067 3774 gentem
2100 3719 2207 3757 una
2248 3719 2373 3759 cum
2419 3700 2544 3761 aliis
2590 3707 2889 3779 discipulis
2940 3712 2995 3765 in
3041 3712 3233 3767 eodem
3283 3724 3433 3772 statu

1850 3796 2139 3867 relinquit,
2175 3812 2277 3851 nec
2326 3799 2513 3853 statim
2555 3808 2727 3854 totam
2783 3818 2896 3856 rem
2930 3805 2980 3859 ei
3024 3804 3189 3878 756
3232 3811 3428 3877 aperit,

1848 3887 2061 3943 utiliter
2090 3889 2144 3943 id
2176 3889 2425 3959 quidem.
2451 3891 2628 3948 donec
2660 3909 2969 3949 sermonem
3010 3898 3092 3952 eis
3139 3915 3249 3968 quo
3281 3900 3431 3956 refo—

1847 3974 2026 4028 cillari
2058 3979 2277 4045 possint
2311 3979 2603 4049 peregerit.
2645 3980 2804 4047 Quod
2838 3984 3061 4053 quidem
3110 3986 3162 4041 in
3197 4004 3430 4059 sequen-

1844 4061 1997 4118 tibus
2024 4063 2205 4121 facere
2236 4066 2415 4136 ipsum
2449 4068 2777 4126 videbimus.
2805 4074 2897 4126 Ait
2930 4076 3136 4146 quippe
3163 4079 3234 4133 ad
3261 4080 3423 4136 illos:

1849 4171 1870 4206 ι
1908 4153 2136 4225 Expedit
2166 4158 2326 4215 vobis
2355 4169 2416 4215 ut
2445 4176 2547 4232 ego
2576 4163 2796 4220 vadam.
2845 4163 2900 4219 Si
2932 4169 3081 4221 enim
3126 4185 3235 4224 non
3271 4172 3425 4228 abie-

1843 4262 1930 4314 ro,
1968 4248 2286 4307 Paracletus
2326 4268 2437 4307 non
2473 4255 2653 4310 veniet
2709 4256 2776 4311 ad
2822 4272 2920 4312 vos
2965 4259 3032 4314 ³⁸.
3085 4279 3104 4312 ι
3152 4261 3423 4320 Praevenit

1841 4348 2048 4406 tamen,
2080 4353 2139 4397 ut
2176 4342 2341 4409 Deus,
2394 4346 2729 4417 discipulum
2779 4350 3115 4407 denuntiare
3144 4355 3419 4412 volentem

1840 4448 1901 4487 se
1922 4433 2156 4505 impigre
2178 4445 2529 4505 secuturum,
2562 4448 2617 4493 et
2649 4440 2800 4495 illico
2830 4442 3175 4512 adfuturum,
3202 4449 3419 4504 nemine

1838 4526 2174 4593 retardante,
2221 4538 2278 4583 et
2313 4532 2429 4585 ait:
2470 4551 2490 4583 ι
2519 4531 2641 4597 Quo
2679 4549 2781 4603 ego
2815 4535 2975 4602 vado,
3008 4551 3117 4591 non
3151 4547 3301 4607 potes
3331 4556 3418 4596 me

152 4582 251 4633 καὶ
273 4582 629 4656 ἀκολουθήσει
679 4592 1000 4664 προθύμως,
1042 4600 1138 4652 καὶ
1184 4582 1439 4659 συνέσται
1482 4582 1733 4681 γοργῶς,

2142 4582 2173 4593 ν,
2232 4582 2271 4583 η
2530 4582 2635 4597 ,ιη
2684 4582 2774 4603 νο--
2826 4582 2975 4602 -_.--,
3008 4582 3117 4591 -.-η
3151 4582 3301 4607 rem
3331 4582 3415 4596 ...υ

1861 4617 2005 4673 nodo
2044 4621 2220 4690 sequi,
2256 4622 2509 4690 sequeris
2541 4630 2722 4678 autem
2760 4633 2973 4695 postea.
3019 4646 3037 4678 ι
3086 4626 3220 4693 Quae
3247 4631 3415 4685 verba

149 4671 369 4736 οὐδενὸς
410 4676 559 4749 αὺτῷ
604 4680 706 4751 τὴν
756 4686 1063 4757 προθυμίαν
1116 4671 1609 4767 ἀνασειράζοντος,
1641 4671 1735 4757 καί

1947 4671 1995 4673 ,_
2045 4671 2220 4690 --τη
2256 4671 2506 4690 --τ---η
2542 4671 2722 4678 -_-----
2760 4671 2973 4695 μνη.-.
3019 4671 3035 4678 -
3091 4671 3219 4693 κη,
3259 4671 3414 4685 ων..

1861 4708 2111 4777 luplicem
2169 4725 2394 4764 sensum
2432 4712 2679 4781 pariunt,
2733 4728 2970 4783 quorum
3021 4733 3166 4772 unus
3216 4718 3414 4775 obvius

150 4780 353 4835 φησιν’
392 4786 413 4819 ι
446 4770 621 4825 Ὅπου
656 4774 850 4845 ὐπάγω
868 4779 1000 4848 ἐγὼ,
1030 4783 1091 4835 οὐ
1115 4784 1341 4841 δύνασαί
1373 4807 1463 4860 μοι
1485 4792 1581 4847 νῦν
1600 4797 1732 4850 ἀκο-

148 4856 431 4931 λουθῆσαι,
463 4865 848 4940 ἀκολουθήσεις
892 4875 949 4929 δὲ
996 4876 1240 4947 ὕστερον.
1278 4902 1299 4935 η»
1337 4856 1448 4938 Καὶ
1483 4888 1668 4961 διττὴν
1704 4895 1733 4945 ὁ

147 4948 312 5019 λόγος
351 4953 527 5011 ὠδίνει
558 4959 659 5031 τὴν
691 4961 929 5019 ἔννοιαν·
976 4962 1053 5023 ὧν
1105 4973 1137 5041 ἡ
1173 4974 1273 5042 μὲν
1304 4976 1401 5044 μία
1445 4948 1731 5054 προχείρο-

144 5042 286 5114 τάτη
315 5046 408 5099 καὶ
434 5047 556 5103 λίαν
584 5052 859 5127 εὐτριϐὴς,
898 5059 1244 5135 ἀφανεστέρα
1272 5042 1329 5119 δέ
1363 5086 1478 5134 πως
1490 5042 1534 5143 ’ἡ
1553 5042 1727 5145 ’έτέρα

147 5132 245 5184 καὶ
274 5135 335 5186 ὲν
362 5138 669 5209 αἰνίγμασι.
694 5145 895 5200 Φάσκει
924 5150 1024 5217 μὲν
1044 5132 1264 5221 γὰρξὼς
1284 5157 1384 5208 οὐκ
1408 5132 1474 5212 ἂν
1509 5132 1727 5217 δύναιτο

146 5224 244 5277 νῦν
274 5227 589 5286 ἀκολουθεῖν
622 5235 761 5307 πρὸς
794 5239 858 5292 τὸ
909 5240 1022 5295 ἀνω
1055 5244 1344 5313 βαδίζοντι,
1382 5252 1476 5304 καὶ
1535 5255 1724 5308 παλιν-

145 5315 437 5388 δρομοῦντι
465 5324 601 5395 πρὸς
627 5329 859 5399 οὐρανόν
882 5347 894 5361 ·
932 5333 1291 5408 ἀκολουθήσει
1327 5357 1389 5407 γε
1422 5344 1529 5415 μὴν
1585 5350 1725 5417 μετά

144 5410 340 5479 ταῦτα,
370 5415 885 5494 ἀποκαθισταμένης
916 5426 1160 5495 δηλονότι
1201 5435 1313 5494 τοῖς
1358 5410 1535 5504 ἁγίοις
1569 5410 1721 5511 παρά

145 5501 388 5574 Χριστοῦ
418 5508 520 5579 τῆς
567 5514 627 5565 ὲν
656 5514 837 5569 ἐλπίσι
887 5520 1055 5590 τιμῆς
1082 5538 1143 5575 τε
1174 5526 1268 5577 καὶ¹
1294 5501 1475 5598 δόξης,
1526 5533 1614 5585 ὅτε
1643 5501 1722 5598 εἰς

145 5591 243 5664 τὴν
291 5596 403 5651 ἄνω
447 5604 770 5674 γενήσονται
827 5608 1004 5675 πόλιν,
1056 5612 1151 5666 καὶ
1194 5617 1720 5686 συμϐασιλεύσουσιν

246 5774 291 5806 ³³
328 5774 488 5834 Joan.
532 5796 643 5846 xw,
674 5781 727 5835 7.
806 5783 851 5815 "
886 5782 1018 5839 Luc.
1045 5803 1196 5855 μιν,
1228 5790 1316 5847 49.

463 5872 731 5937 ΡΑτιιοι..
780 5877 895 5938 GR.
942 5880 1200 5943 LXXIV.

1834 4810 1919 4854 est
1953 4816 2017 4853 ac
2058 4800 2371 4866 familiaris,
2411 4803 2550 4857 alter
2579 4805 2873 4859 obscurior
2902 4813 2957 4861 et
2987 4809 3295 4877 aenigmatis
3330 4811 3413 4865 in-

1834 4893 2080 4947 volutus.
2117 4892 2263 4947 Dicit
2296 4895 2440 4947 enim
2477 4895 2623 4964 quod
2672 4911 2780 4949 non
2817 4897 2997 4966 possit
3033 4902 3186 4969 sequi
3219 4916 3411 4957 ascen-

1833 4984 2051 5038 dentem
2084 4999 2150 5039 ac
2177 4993 2537 5039 revertentem
2571 4987 2621 5039 in
2647 4987 2873 5049 cmlum,
2898 5000 3192 5046 secuturus
3226 5002 3411 5048 tamen

1833 5077 1905 5132 sit
1965 5085 2180 5147 postea,
2242 5077 2488 5147 reposito
2533 5079 2795 5132 nimirum
2847 5080 3057 5136 sanctis
3106 5096 3135 5135 a
3187 5083 3411 5139 Christo

1834 5169 2041 5224 honore
2092 5172 2145 5222 in
2191 5185 2288 5239 spe
2337 5177 2392 5225 et
2451 5170 2663 5241 gloria,
2722 5171 2948 5241 quando
3005 5174 3060 5227 in
3110 5189 3407 5244 supernam

1836 5259 2180 5313 asciscentur
2222 5260 2523 5323 civitatem,
2571 5271 2625 5315 et
2662 5276 2773 5315 una
2808 5278 2932 5317 cum
2964 5279 3030 5317 eo
3072 5266 3404 5335 regnabant.

1833 5347 1937 5402 Sed
1970 5357 2023 5403 et
2066 5350 2211 5403 aliud
2260 5366 2425 5420 porro
2474 5353 2769 5421 signiticat,
2812 5354 2959 5423 quod
2988 5356 3155 5424 quale
3190 5356 3283 5423 sit,
3320 5356 3407 5410 di-

1828 5456 1970 5496 cam.
2008 5439 2262 5496 Nondum
2301 5443 2473 5497 induti
2497 5444 2700 5498 virtute
2727 5460 2793 5499 ex
2824 5447 2939 5499 alto
2973 5447 3051 5513 ",
3078 5463 3253 5518 neque
3274 5448 3403 5503 dum

1828 5544 2086 5604 suscepto
2122 5546 2315 5591 sancto
2363 5534 2578 5606 Spiritu
2629 5537 2722 5607 qui
2779 5539 3135 5594 conﬁrmaret
3186 5557 3302 5606 eos,
3349 5551 3405 5597 et

1828 5628 2069 5683 hominis
2105 5637 2355 5683 naturam
2389 5630 2456 5685 ad
2488 5629 2869 5685 fortitudinem
2905 5630 3259 5699 reformaret,
3292 5649 3400 5689 non

2916 5906 2950 5965 ϋ
