3892 6202
424 337 523 392 ΗΙ
1419 331 1476 387 S.
1510 330 1794 387 CYRILLI
1838 325 2311 384 ALEXANDRINI
2347 324 2666 381 ARCHIEP.
3577 312 3699 411 372'

428 456 679 519 poterant
709 457 937 502 mortem
970 461 1310 519 expugnare,
1344 462 1410 502 ac
1442 448 1852 503 adversus'tam
1881 446 2010 501 hor-

2126 444 2279 515 ιὺτῷ.
2314 443 2579 513 Σημαίνει
2629 440 2685 493 δέ
2716 458 2768 492 τι
2812 438 2948 510 πρὸς
2990 440 3165 509 τούτῳ
3206 436 3299 491 καὶ
3337 436 3545 503 ἓτερον,
3593 438 3700 504 καὶ,

428 538 591 593 rihile
629 538 1012 608 spectaculum
1063 554 1124 593 se
1173 537 1492 608 accingere.
1546 536 1850 592 Nam-cum
1900 536 2007 591 soli

2126 541 2287 602 ποῖον,
2313 537 2443 609 ἐρῶ.
2466 533 2633 589 Οὔπω
2652 533 2749 604 τὴν
2772 532 2833 597 ἐξ
2862 531 3028 601 ὕψους
3056 531 3411 601 ἐνδυσάμενοι
3437 529 3701 600 δύναμιν,

427 629 651 684 Christo
706 638 1066 700 competeret,
1121 630 1289 699 eique
1342 631 1437 683 uni
1471 639 1813 685 reservatum
1862 635 2010 685 esset

2126 630 2233 683 ὧδὲ
2270 631 2330 682 τὸ
2358 627 2605 699 ἐνισχύον
2637 626 2855 690 αὐτοὺς,
2894 625 2987 679 καὶ⁵
3014 625 3095 688 είς
3132 623 3387 695 ἀνδρείαν
3415 618 3701 676 ἀναπλάτ-²

430 722 631 776 mortis
662 723 963 791 potentiam
1000 722 1377 793 confringere,
1417 722 1703 793 probabile
1724 737 1859 777 ~non
1891 729 2012 776 erat

2126 738 2203 774 εον
2227 720 2325 792 τὴν
2358 718 2650 792 ἀνθρώπου
2682 717 2848 787 φύσιν
2886 716 3270 787 κομισάμενοι,
3298 714 3524 785 Πνεῦμά
3549 728 3695 784 φημι

431 818 572 874 alios
610 826 737 872 ante
773 820 954 889 ipsum
1000 817 1055 872 id
1104 832 1269 888 agere
1317 833 1501 887 posse.
1546 818 2011 890 Mortem~quippe

2126 812 2175 883 ἰὴ
2195 811 2258 865 τὸ
2282 811 2458 880 ἀγιον,
2488 812 2587 881 οὑχ
2623 804 2725 864 οἷοί
2762 827 2823 863 τε
2859 804 3003 880 ἦσαν
3047 807 3278 861 θανάτου
3321 808 3703 890 καταγωνίζεέ

431 928 543 969 non
590 886 853 977 metuere,
885 910 1016 980 quid
1044 886 1214 977 aliud,
1242 886 1450 981 quaeso,
1493 886 1858 979 esseapotest,
1900 886 2010 966 nisi

2126 905 2259 971 ςθαι,
2307 904 2405 960 καὶ
2449 906 2564 968 τοῖς
2610 904 2755 956 οὕτω
2819 903 3173 973 δυσαντήτοις
3217 886 3705 955 ἀνταποδύσασθαί

432 1013 691 1067 mortem,
721 1004 879 1074 quasi
932 1002 1066 1057 nihil
1090 1018 1308 1060 unocere
1337 1005 1500 1060 nobis
1526 1005 1729 1074 possit,
1758 1013 2013 1060 eontem-

433 1097 605 1153 nere?
638 1094 850 1151 Idcirco
882 1112 1003 1151 meo
1046 1095 1259 1165 judicio
1311 1095 1413 1167 ipsi
1457 1111 1682 1168 quoque
1727 1097 2013 1167 prophetae

435 1198 665 1244 mortem
704 1189 1047 1259 ingruentem
1080 1188 1579 1255 exhorrescebant,
1603 1189 1764 1259 quasi
1799 1204 1895 1258 per
1922 1203 2012 1244 re-

436 1282 834 1337 surrectionem
876 1281 1081 1336 Christi
1133 1280 1379 1335 nondum
1432 1281 1799 1336 destructum.
1853 1280 2012 1347 Quod

434 1390 559 1428 cum
606 1385 759 1428 recte
807 1381 997 1428 nosset
1042 1370 1274 1440 Paulus,
1308 1372 1529 1427 dicebat
1564 1371 1806 1428 Verbum
1864 1373 2013 1443 quod

434 1480 500 1518 ex
526 1465 633 1518 Deo
668 1462 830 1519 Patre
858 1472 913 1518 et
953 1463 1007 1517 in
1044 1464 1156 1518 Deo
1185 1471 1293 1522 est.
1329 1464 1563 1518 Abrahae
1595 1478 1784 1519 semen
1815 1477 2013 1533 appre-

435 1556 715 1622 hendisse,
762 1565 823 1611 ut
875 1570 972 1627 per
1024 1562 1257 1610 mortem
1312 1564 1519 1611 sanctae
1557 1556 1743 1612 carnis
1781 1564 2014 1611 mortem

437 1649 785 1720 proﬂigaret,
841 1664 1051 1719 eosque
1106 1650 1368 1704 liberaret
1432 1649 1755 1719 quicunque
1817 1649 2017 1704 timore

435 1745 632 1799 mortis
704 1743 781 1799 rei
841 1758 1061 1813 semper
1113 1751 1274 1798 erant
1324 1742 1545 1798 vivendi
1605 1743 1889 1799 servitutis
1947 1743 2013 1797 ⁸⁷.

2113 996 2385 1067 δείμασιν.
2408 992 2517 1050 Ἦν
2541 995 2651 1067 γὰρ
2676 995 2771 1050 καὶ
2798 994 2973 1058 ἄλλως
2993 994 3257 1049 ἀπίθανον
3285 994 3431 1065 μόνῳ
3451 995 3705 1072 πρέπον-γ

2112 1105 2207 1151 τος
2241 1086 2337 1140 καὶ
2368 1085 2743 1159 τετηρημένου
2784 1084 2867 1154 τῷ
2909 1085 3124 1155 Σωτῆρι
3164 1086 3386 1156 Χριστῷ
3438 1086 3533 1139 τοῦ
3567 1082 3705 1138 συν-⁷

2115 1178 2338 1250 θραύειν
2380 1178 2641 1233 δύνασθαι
2681 1178 2782 1232 τοῦ
2826 1178 3060 1232 θανάτου
3112 1178 3174 1231 τὸ
3221 1178 3442 1249 κράτος,
3474 1178 3697 1249 ἐτέρους

2115 1273 2223 1343 πρὸ
2252 1269 2418 1325 αὑτοῦ
2443 1271 2600 1325 τοῦτο
2626 1271 2876 1343 δρῶντας
2899 1270 3151 1342 ὁρᾶσθαι.
3180 1271 3254 1323 Τὸ
3287 1270 3395 1342 γὰρ
3436 1270 3510 1341 μὴ
3532 1287 3699 1324 κατα-

2115 1364 2489 1436 δειμαίνεσθαι
2515 1364 2763 1430 θάνατον,
2794 1365 2846 1417 τί
2886 1363 2953 1417 ἂν
2992 1364 3182 1435 ἕτερον
3210 1364 3295 1434 εῐη
3330 1364 3511 1434 τυχὸν,
3544 1364 3698 1435 ἠθα-

2110 1456 2279 1510 νάτου
2296 1459 2690 1526 καταφρονεῖν,
2710 1456 2791 1519 ὡς
2815 1455 2974 1509 οὐδὲν
2998 1457 3208 1509 ’ἀδικεῖν
3253 1455 3560 1526 ἰσχύοντοςς
3596 1458 3697 1511 Διά

2112 1565 2198 1601 τοι
2225 1544 2575 1611 τοῦτο,⁸κατά
2625 1566 2691 1617 γε
2745 1548 2839 1601 τὸν
2889 1547 3160 1619 ἡμέτερον
3202 1548 3349 1611 νοῦν,
3400 1550 3493 1602 καὶ
3528 1548 3697 1602 αὐτοὶ

2106 1643 2480 1714 ⁹κοιτέφριττον
2535 1643 2586 1695 οί
2631 1643 2893 1714 μακάριοι
2938 1644 3218 1713 προφῆται
3258 1642 3553 1713 προσιόντα
3600 1642 3699 1696 τὸν

2120 1733 2373 1797 θάνατον,
2400 1733 2477 1797 ὡς
2496 1731 2650 1786 οὔπω
2670 1734 3090 1806 κατηρτημένον
3116 1733 3204 1788 διὰ
3228 1733 3328 1803 τῆς
3347 1734 3698 1801 ἀναστάσεως

429 1833 620 1889 Prima
652 1836 855 1905 quippe
890 1836 1085 1889 mortis
1116 1834 1411 1890 dissolutio
1445 1835 1547 1889 fuit
1572 1836 1762 1904 passio
1805 1834 2014 1889 saluta-

2126 1824 2214 1878 τοῦ
2248 1824 2508 1897 Χριστοῦ.
2552 1822 2841 1895 Ὀρθῶςδέ
2872 1825 3031 1880 τοῦτο
3057 1826 3235 1889 συνεὶς
3293 1828 3385 1881 καὶ
3407 1830 3436 1881 6
3464 1826 3695 1892 Παῦλος,

436 1928 537 1991 ris,
573 1937 626 1981 et
660 1927 878 1981 initium
925 1928 1135 1983 sanctis
1172 1935 1413 1982 strenuae
1448 1928 1714 1983 adversus
1743 1943 1864 1983 eam
1899 1928 2011 1983 vir-

436 2019 572 2073 tutis
608 2019 943 2074 resurrectio
980 2017 1191 2075 Christi
1227 2019 1352 2073 fuit.
1384 2019 1523 2074 Cum
1563 2020 1732 2092 igitur
1761 2036 1883 2091 qua:
1916 2035 2014 2075 sua

437 2117 635 2164 natura
661 2111 778 2165 vita
808 2118 893 2166 est
917 2119 1151 2165 mortem
1174 2112 1419 2167 nondum
1451 2120 1793 2179 evacuasset,
1832 2126 2016 2180 neque

432 2218 603 2273 porro
640 2202 790 2257 illius
828 2202 1177 2259 formidinem
1220 2202 1425 2258 nostris
1460 2203 1659 2257 animis
1685 2202 2012 2257 incumben-

426 2298 549 2345 ‘tem
604 2290 951 2360 inlregisset,
1009 2290 1345 2347 inﬁrmiores
1398 2291 1806 2361 quodammodo
1860 2301 2019 2347 erant

441 2381 979 2453 adversusperieula
1010 2383 1291 2455 discipuli.
1316 2384 1554 2455 Ideoque
1593 2385 1730 2440 scite
1753 2384 2018 2441 Dominus

441 2476 737 2545 aliquando
762 2474 996 2529 Petrum
1037 2477 1092 2530 in
1124 2491 1347 2530 crucem
1376 2486 1558 2531 actum
1602 2476 1669 2529 iri
1696 2515 1710 2540 ,
1740 2486 1794 2530 et
1824 2476 1878 2529 in
1915 2476 2020 2531 hoc

441 2573 763 2621 secuturum
809 2581 890 2629 se,
921 2566 1101 2618 innuit
1142 2565 1308 2621 simul
1337 2580 1401 2619 ac
1440 2565 1607 2631 dicit;
1648 2564 1795 2633 quod
1839 2575 2019 2619 autem

441 2668 588 2711 nunc
620 2655 927 2709 ad-tantum
953 2664 1234 2709 certamen
1260 2654 1547 2709 infractam
1584 2653 1745 2725 757
1781 2663 2015 2709 mentem

433 2765 552 2804 -non
602 2748 823 2812 habeat,
883 2747 1134 2802 ostendit
1171 2747 1411 2803 dicens:
1461 2766 1480 2799 ι
1519 2748 1649 2814 Quo
1691 2763 1791 2820 ego
1844 2750 2018 2813 vado,

442 2857 555 2897 non
585 2851 741 2912 potes
788 2840 953 2894 modo
989 2841 1170 2910 sequi,
1216 2842 1465 2910 sequeris
1512 2852 1692 2897 autem
1736 2850 1949 2911 postea.
1994 2861 2012 2893 ι

440 2928 557 2989 Nisi
605 2933 751 2986 enim
792 2929 940 2986 Petri
991 2939 1225 2985 mortem
1284 2933 1339 2985 in
1397 2934 1483 2987 his
1534 2934 1719 2988 verbis
1768 2932 2020 2988 Christus

445 3024 607 3080 nobis
646 3023 1034 3089 subinnueret,
1062 3037 1226 3092 quam
1262 3022 1332 3077 ob
1359 3039 1581 3079 causam
1622 3026 1687 3078 ad
1726 3026 1888 3079 unius
1916 3023 2019 3079 Pe-

2127 1916 2230 1986 ἐφη
2263 1917 2356 1970 τὸν
2392 1918 2458 1970 ἐκ
2498 1914 2635 1969 Θεοῦ
2678 1916 2894 1988 Πατρὸς
2947 1918 3042 1970 καὶ⁵
3069 1918 3126 1971 ἐν
3153 1918 3271 1990 Θεῷ
3320 1919 3451 1973 ὄντα
3500 1919 3697 1987 Λόγον,

2123 2010 2436 2081 σπέρματος
2470 2010 2720 2082 Ἀϐραὰμ
2751 2011 3161 2081 ἐπιδράξασθαι,
3181 2012 3268 2064 ἵνα
3287 2012 3372 2066 διὰ
3400 2011 3493 2065 τοῦ
3528 2011 3701 2067 θανάτ-

2118 2120 2213 2154 του
2244 2101 2345 2172 τῆς
2373 2101 2536 2171 ἁγίας
2564 2102 2769 2173 σαρκὸς
2817 2104 3140 2174 καταργήσῃ
3177 2104 3269 2158 τὸν
3302 2104 3529 2158 θάνατον
3550 2146 3565 2169 ,
3603 2104 3698 2156 καὶ

2118 2195 2404 2267 ἀπαλλάξῃ
2449 2196 2677 2260 τούτους
2702 2235 2717 2259 ,
2751 2196 2869 2249 ὅσοι
2915 2196 3064 2267 φόϐῳ
3105 2197 3336 2250 θανάτου
3363 2197 3455 2250 διά
3492 2196 3697 2261 παντὸς

2117 2284 2212 2337 τοῦ
2241 2284 2339 2357 ζῇν
2375 2285 2550 2356 ἔνοχοι
2585 2281 2728 2357 ἦσαν
2769 2284 3031 2348 δουλείας.
3073 2285 3270 2358 Πρώτη
3316 2287 3426 2358 γάρ
3464 2286 3696 2342 θανάτου

2117 2374 2290 2440 λύσις,
2313 2376 2375 2430 τὸ
2396 2378 2666 2449 σωτήριον
2687 2377 2880 2442 πάθος,
2914 2378 3010 2432 καὶ
3055 2379 3198 2450 ἀρχὴ
3243 2381 3357 2442 τοῖς
3390 2380 3577 2448 ἁγίοις,
3596 2379 3699 2451 τῆς

2118 2470 2238 2521 κατ’
2272 2468 2439 2523 αὑτοῦ
2463 2469 2688 2538 γέγονεν
2712 2472 3024 2543 εὐτολμίας,
3056 2475 3089 2543 ἠ
3120 2474 3416 2538 ἀνάστασις
3441 2475 3535 2528 τοῦ
3562 2476 3699 2547 Χρι-

2119 2560 2269 2616 στοῦ.
2312 2560 2480 2616 Οὔπω
2518 2564 2701 2618 τοίνυν
2745 2566 3178 2637 καταργησάσης
3213 2566 3306 2621 τὸν
3337 2567 3565 2622 θάνατον
3596 2566 3699 2637 τῆς

2120 2653 2262 2709 κατὰ
2288 2653 2451 2723 φύσιν
2477 2653 2644 2727 ζωῆς,
2671 2659 2807 2728 μήτε
2837 2659 2946 2729 μὴν
2971 2658 3386 2730 συνθραυσάσης
3407 2660 3496 2714 τὸν
3516 2659 3575 2725 ἐξ
3601 2644 3701 2714 αὑέ

2120 2746 2216 2802 τοῦ
2240 2751 2363 2813 ταῖς
2385 2750 2687 2821 ἡμετέραις
2715 2750 2919 2822 ψυχαῖς
2956 2751 3301 2821 ἐμπίπτοντα
3324 2752 3507 2820 φόϐον,
3533 2752 3699 2806 ἀσθει

2122 2841 2371 2913 νέστεροί
2399 2859 2519 2907 πως
2555 2842 2635 2897 ἐτι
2681 2843 2819 2915 πρὸς
2861 2843 3139 2908 κινδύνους
3180 2840 3321 2916 ἦσαν
3351 2848 3399 2899 οί
3436 2845 3697 2917 μαθηταί.

2123 2930 2224 2984 Διά
2251 2933 2409 2986 τοῦτο
2447 2935 2745 3006 χαριέντως
2782 2937 2811 2988 ὁ
2857 2934 3082 3005 Κύριος,
3124 2936 3207 2988 ὅτι
3258 2936 3703 3009 σταυρωθήσεται

2124 3025 2266 3078 κατά
2295 3026 2522 3097 καιροὺς
2548 3026 2577 3079 ὁ
2606 3028 2811 3098 Πέτρος
2833 3067 2847 3092 ,
2883 3026 3072 3096 ἕψεταί
3092 3044 3152 3081 τε
3183 3029 3323 3083 κατὰ
3365 3027 3524 3081 τοῦτο
3553 3028 3703 3099 αὐτῷ

446 3117 516 3171 tri
554 3131 842 3187 personam
872 3130 1182 3171 sermonem
1219 3120 1513 3181 convertit,
1545 3134 1672 3171 cum
1719 3120 1843 3173 aliis
1889 3134 2019 3173 san-

2126 3116 2494 3179 συνεπινεύει,
2511 3118 2604 3170 καί
2633 3134 2818 3188 φησιν·
2848 3119 3003 3174 ("Ott
3019 3119 3076 3171 δὲ
3087 3119 3202 3172 νυνὶ
3220 3119 3354 3190 πρὸς
3365 3120 3550 3188 ἀγῶνα
3564 3121 3704 3185 τέως

438 3210 551 3265 (ειὶε
597 3208 886 3278 discipulis
941 3210 1240 3279 promissio
1282 3208 1425 3263 facta
1462 3210 1534 3263 sit
1584 3220 2020 3264 conversaturos

444 3308 498 3353 et
526 3306 812 3355 secuturos
838 3315 987 3362 CIIII),
1027 3301 1455 3355 resurrectionis
1488 3300 1744 3355 nimirum
1778 3311 2024 3372 tempore

442 3394 687 3462 reposita
719 3392 801 3448 eis
833 3400 1038 3448 aeterna
1075 3394 1207 3455 vita,
1240 3404 1294 3447 et
1326 3394 1486 3448 bonis
1517 3410 1640 3464 quae
1684 3395 2024 3464 sperantur?

446 3482 614 3554 Atqui
646 3483 993 3541 manifestum
1027 3493 1113 3540 est
1142 3501 1267 3540 eum
1298 3496 1365 3539 ut
1405 3484 1568 3540 Petro
1596 3487 1932 3555 praenuntiet
1971 3485 2025 3540 id

447 3577 593 3647 quod
629 3577 677 3631 ei
734 3578 944 3634 ultimis
993 3578 1347 3649 temporibus
1395 3586 1722 3633 eventurum
1768 3586 1935 3645 esset,
1972 3577 2025 3633 id

447 3671 791 3743 :enigmatiee
818 3671 1194 3727 subindicare.
1236 3670 1301 3724 Et
1338 3671 1557 3740 quidem
1598 3672 1740 3727 alias
1788 3672 2025 3741 idipsum

448 3763 656 3817 clarius
708 3762 996 3829 indicavit,
1053 3763 1292 3817 dicens:
1342 3782 1361 3814 ι
1419 3761 1556 3817 Cum
1608 3778 1762 3817 esses
1812 3762 2024 3832 junior,

448 3851 711 3923 cingebas
749 3861 820 3915 te,
867 3860 917 3906 et
966 3852 1296 3905 ambulabas
1330 3851 1425 3905 ubi
1458 3851 1680 3906 volebas
1713 3869 1727 3906 :
1767 3866 1891 3906 eum
1923 3867 2027 3906 au-

449 3950 560 3997 tem
589 3943 868 4008 senueris,
923 3942 1188 3997 extendes
1226 3957 1428 3997 manus
1482 3951 1630 4008 tuas,
1677 3953 1732 3999 et
1782 3944 1875 3997 alii
1911 3945 2029 3999 cin-

449 4044 582 4107 gent
605 4043 683 4098 te,
716 4042 772 4089 et
802 4034 1005 4090 ducent
1046 4046 1097 4091 te
1140 4050 1256 4105 quo
1306 4043 1363 4089 tu
1419 4052 1529 4091 non
1560 4038 1661 4092 vis.
1700 4035 1812 4093 [Ioc
1842 4046 2025 4092 autem

450 4124 613 4190 dixit,
646 4123 848 4195 inquit,
889 4124 1208 4196 signiﬁcans
1244 4140 1354 4195 qua
1401 4134 1576 4181 morte
1618 4128 2027 4183 clariﬁcaturus

450 4226 597 4273 esset
625 4216 792 4271 Deum
824 4216 891 4271 ³⁸.
941 4236 960 4268 ι
1010 4217 1125 4274 Etsi
1166 4219 1313 4273 enim
1347 4218 1651 4274 iucundum
1690 4228 1776 4274 est
1818 4221 2028 4276 sanctis

452 4309 565 4379 pati
600 4324 699 4379 pro
737 4309 986 4374 Christo,
1019 4311 1332 4378 periculum
1369 4319 1551 4367 tamen
1594 4326 1705 4368 non
1746 4313 1893 4368 ultro
1935 4328 2027 4367 ar-

452 4401 802 4465 cessendum,
840 4400 940 4457 sed
980 4400 1269 4456 ferendum
1297 4402 1654 4460 nihilominus
1683 4420 1811 4459 cum
1841 4406 1909 4459 ab
1935 4405 2030 4458 ali-

2128 3208 2219 3260 τὸν
2247 3208 2498 3261 τοσοῦτον
2525 3211 2625 3262 οὐκ
2653 3209 2958 3281 ἄθραυστον
2986 3209 3099 3280 ἔχει
3128 3210 3221 3262 τὸν
3250 3209 3375 3263 νοῦν
3396 3252 3410 3276 ,
3448 3210 3706 3281 ὑποδηλοτ

2124 3299 2298 3368 λέγων
2323 3315 2338 3329 ο
2372 3318 2390 3350 ι
2435 3300 2609 3353 Ὅπου
2666 3300 2777 3369 ἐγὼ
2833 3301 3030 3370 ὑπάγω
3055 3342 3069 3365 ,
3113 3303 3174 3354 οὐ
3218 3300 3447 3355 δύνασαί
3486 3318 3575 3371 μοι
3606 3300 3707 3356 νῦν

2125 3390 2513 3459 ἀκολουθῆσαι,
2551 3390 2943 3462 ἀκολουθήσεις
2976 3391 3033 3445 δὲ
3059 3391 3305 3461 ὕστερον.
3344 3409 3361 3441 ι
3391 3389 3453 3443 Εἰ
3482 3389 3590 3460 γὰρ
3627 3389 3703 3460 μὴ

2126 3482 2217 3536 τὸν
2245 3483 2338 3535 τοῦ
2364 3484 2572 3554 Πέτρου
2595 3483 2823 3538 θανάτου
2849 3484 2963 3555 [πρ.
2984 3481 3233 3554 θάνατον]
3263 3484 3325 3535 ἐν
3343 3480 3551 3543 τούτοις
3572 3483 3705 3552 ἡμῖν

2126 3574 2157 3626 6
2188 3572 2422 3645 Χριστὸς
2457 3574 2807 3644 ὑπῃνίττετο,
2835 3573 2931 3626 τοῦ
2958 3573 3023 3645 δὴ
3047 3573 3229 3645 χάριν,
3256 3572 3435 3626 καίτοι
3464 3570 3705 3626 «own.

2127 3662 2234 3715 λων
2266 3663 2437 3729 ἁγίων
2458 3661 2773 3717 ἀποστόλων
2812 3663 3044 3732 ἐχόντων
3087 3666 3147 3716 ἐν
3177 3661 3468 3732 ὑποσχέσει
3490 3660 3552 3713 τὸ
3574 3677 3703 3713 συν-

2128 3754 2349 3808 έσεσθαί
2373 3772 2432 3808 τε
2461 3756 2557 3808 καὶ
2600 3755 2910 3809 ἀκολουθεῖν
2939 3755 3087 3825 αὑτῷ
3125 3755 3268 3808 κατά
3298 3756 3389 3807 τὸν
3430 3754 3527 3824 τῆς
3569 3755 3705 3807 ἀναά

2130 3846 2373 3910 στάσεως
2398 3846 2639 3917 δηλονότι
2668 3848 2859 3919 καιρὸν
2883 3887 2899 3913 ,
2954 3846 3472 3917 ἀποκαθισταμένης
3518 3847 3706 3908 αὐτοῖς

2126 3940 2226 4010 τῆς
2247 3940 2527 4011 ἀκηράτου
2558 3940 2723 4012 ζωῆς,
2740 3942 2835 3995 καὶ
2870 3940 2978 3994 τῶν
3023 3942 3081 3994 ἐν
3121 3940 3332 3993 ἐλπίσιν
3356 3937 3597 4008 ἀγαθῶν,
3622 3938 3705 4000 είς

2130 4033 2292 4104 μόνον
2317 4033 2379 4087 τὸ
2403 4033 2497 4087 τοῦ
2518 4034 2729 4104 Πέτρου
2764 4033 3076 4103 πρόσωπον,
3107 4033 3207 4104 τὴν
3235 4031 3329 4085 τοῦ
3354 4030 3511 4099 λόγου
3542 4046 3702 4100 περι-

2133 4124 2311 4195 ίστησι
2347 4123 2607 4195 δύναμιν;
2644 4124 2781 4177 Ἀλλ’
2823 4124 2937 4176 ἔστι
2969 4124 3233 4193 πρόδηλον
3262 4125 3367 4188 ὅτι,
3402 4122 3480 4193 τῷ
3511 4122 3704 4191 Πέτρῳ

2130 4217 2515 4289 προαγγέλλων
2535 4217 2597 4269 τὸ
2622 4218 2679 4269 ἐν
2701 4217 2949 4287 ὑστέροις
2969 4216 3118 4287 αὑτῷ
3140 4216 3552 4287 συμϐησόμενον
3573 4213 3704 4284 χρό-

2136 4326 2274 4371 νοις,
2302 4308 2718 4378 αἰνιγματωδῶς
2744 4308 3098 4377 ὑπεμφαίνει.
3118 4307 3229 4360 Καὶ
3250 4306 3381 4375 γοῦν
3403 4306 3472 4358 δι’
3504 4306 3707 4375 ἐτέρων

2132 4400 2466 4470 σαφέστερον
2508 4399 2640 4453 αὑτὸ
2668 4399 2971 4469 δεδήλωκεν
2995 4397 3166 4453 εἰπών
3191 4414 3204 4428 ·
3259 4418 3277 4450 ι
3321 4398 3449 4451 Ὅτε
3483 4391 3546 4467 ἧς
3574 4395 3707 4449 νεώ-

452 4492 651 4561 quibus
682 4492 736 4546 vi
761 4507 825 4547 ac
865 4493 1197 4548 necessitate
1229 4494 1481 4550 infertur.
1523 4494 1736 4550 Idcirco
1774 4504 1829 4551 et
1867 4510 2020 4552 orare

2131 4509 2305 4562 τερος,
2339 4489 2605 4553 ἐζώννυες
2628 4492 2875 4558 σεαυτὸν,
2899 4493 2994 4545 καὶ
3016 4490 3368 4563 περιεπάτεις
3407 4490 3541 4542 ὃπου
3573 4486 3704 4558 ἢθε-

448 4584 625 4655 jubet,
655 4600 722 4640 ne
749 4585 802 4638 in
842 4586 1205 4641 tentationem
1240 4585 1567 4643 incidamus.

2133 4585 2243 4647 λες·
2279 4585 2408 4637 ὅταν
2445 4583 2501 4636 δὲ
2530 4583 2801 4656 γηράσῃς,
2831 4584 3068 4646 ἐκτενεῖς
3112 4583 3210 4646 τὰς
3240 4582 3427 4654 χεῖράς
3459 4598 3571 4642 σου,
3610 4580 3706 4632 καὶ

452 4674 601 4730 ἄλλοι
641 4675 875 4741 ζώσουσί
918 4694 998 4742 σε,
1041 4677 1138 4729 καὶ
1163 4679 1447 4731 ἁποίσουσί
1470 4696 1530 4731 σε
1559 4681 1693 4732 ὅπου
1733 4681 1793 4733 οὑ
1828 4679 2023 4742 θέλεις.
2061 4676 2232 4730 Τοῦτο
2260 4675 2316 4728 δὲ
2346 4671 2487 4740 εἶπε,
2515 4677 2667 4744 φησὶ,
2701 4676 2982 4745 σημαίνων
3040 4677 3180 4746 ποίῳ
3215 4675 3429 4746 θανάτῳ
3490 4672 3707 4735 δοξάσει

453 4764 544 4818 τὸν
571 4764 723 4819 Θεόν.
773 4784 792 4817 ›
837 4766 899 4817 Εἰ
930 4765 1037 4835 γὰρ
1072 4767 1165 4819 καὶ
1189 4768 1335 4821 ἔστιν
1364 4770 1461 4839 ήδὺ
1493 4772 1603 4833 τοῖς
1635 4770 1808 4837 ἁγίοις
1839 4770 1899 4823 τὸ
1929 4769 2158 4838 πάσχειν
2180 4768 2320 4837 ὑπὲρ
2345 4765 2607 4837 Χριστοῦ,
2664 4766 2775 4819 ἀλλ’
2806 4770 2833 4818 6
2866 4766 3111 4830 κίνδυνος
3169 4768 3230 4819 οὑ
3296 4766 3515 4837 θελητὸς
3581 4767 3704 4834 μὲν,

455 4856 690 4927 φορητὸς
716 4857 762 4910 δ’
785 4853 877 4911 οὖν
911 4859 1059 4926 ὅμως
1083 4859 1209 4912 ὅταν
1254 4860 1314 4924 ἐξ
1355 4861 1598 4932 ἀνάγκης
1638 4863 1799 4917 τινῶν
1834 4862 2184 4932 ἐπιφέρηται.
2210 4861 2309 4913 Διά
2359 4859 2515 4912 τοῦτο
2548 4860 2643 4912 καὶ
2708 4862 3036 4932 προστάττει
3115 4860 3547 4931 προσεύχεσθαι,
3620 4862 3708 4914 ἵνα

458 4947 533 5021 μὴ
556 4947 884 5019 ἐμπέσωμεν
917 4951 997 5011 είς
1028 4950 1356 5020 πειρασμόν.

529 5036 671 5091 Dicit
711 5039 758 5091 ei
811 5036 1041 5094 Petrus:
1074 5038 1314 5105 Domine,
1369 5058 1532 5111 quare
1562 5060 1665 5097 non
1718 5061 1932 5111 possum
1980 5051 2026 5096 te

454 5133 599 5202 sequi
625 5129 779 5184 modo
803 5131 827 5183 ?
850 5132 1086 5185 animam
1117 5148 1286 5185 meam
1314 5148 1408 5201 pro
1441 5143 1490 5187 te
1519 5149 1730 5202 ponam.

526 5304 668 5371 Quid
695 5305 966 5375 prohibet,
996 5307 1205 5375 inquit,
1234 5307 1534 5376 quominus
1565 5317 1826 5377 sequatur
1873 5310 1919 5364 is
1942 5311 2031 5365 cui

455 5412 557 5468 pro
588 5398 850 5466 magistro
889 5400 1036 5452 .mori
1081 5399 1419 5468 propositum
1451 5409 1554 5463 est,
1606 5400 1810 5469 quique
1862 5417 1925 5455 ea
1976 5417 2033 5457 re

457 5492 694 5545 maxime
722 5490 1030 5560 gloriatur?
1078 5490 1250 5546 Omne
1291 5494 1435 5547 enim
1468 5494 1793 5563 periculum,
1826 5504 1879 5548 et
1932 5496 2034 5548 im-

456 5582 635 5635 manis
686 5582 1133 5652 persequentium
1182 5584 1455 5655 tyrannis,
1483 5599 1705 5639 carnem
1762 5584 2025 5644 duntaxat

527 5759 573 5791 ³⁷
607 5757 773 5814 Hebr.
809 5777 863 5830 ι,
915 5760 1097 5817 15-18.
1177 5762 1217 5793 ³⁸
1248 5759 1408 5816 Joan.
1460 5778 1583 5828 χιι,
1630 5762 1715 5820 18.
1756 5765 1843 5819 19,

2199 5038 2370 5107 Λέγει
2407 5039 2567 5104 αὐτῷ
2594 5042 2627 5092 ό
2657 5039 2875 5107 Πέτρος
2899 5056 2912 5069 ·
2946 5040 3141 5106 Κύριε,
3170 5038 3326 5093 διατι
3353 5040 3425 5092 οὺ
3448 5038 3712 5109 δύναμαί

2130 5145 2229 5183 σοι
2262 5130 2379 5184 νῦν
2409 5131 2865 5200 ἀκολουθῆσαι;
2892 5133 3008 5200 τὴν
3026 5131 3236 5201 ψυχήν
3258 5148 3377 5201 μου
3403 5131 3559 5199 ὑπὲρ
3587 5130 3709 5185 σοῦ

2129 5222 2317 5288 θήσω.

2201 5314 2264 5365 Τί
2292 5314 2354 5367 τὸ
2385 5314 2614 5380 κωλύον,
2640 5317 2827 5386 φησὶν,
2854 5317 2886 5385 ἢ
2920 5316 2974 5369 τί
3001 5317 3063 5368 τὸ
3093 5316 3336 5386 ἐξεῖργον
3366 5312 3704 5375 ἀκολουθεῖν,

2128 5402 2220 5457 τὸν
2247 5398 2290 5473 ᾧ
2327 5407 2687 5477 προτεθνᾶναι
2719 5407 2814 5460 τοῦ
2860 5407 3180 5461 διδασκάλου
3233 5406 3456 5472 σκοπὸς,
3510 5405 3605 5457 καὶ
3646 5406 3706 5456 ἐν

2129 5499 2483 5568 καυχήματος
2515 5498 2666 5564 τάξει
2686 5500 2991 5567 λελόγισται
3024 5517 3037 5564 ;
3094 5498 3262 5561 Τέλος
3303 5498 3400 5568 μὲν
3444 5495 3552 5566 γὰρ
3584 5512 3704 5547 κιν-

2129 5588 2286 5643 δύνου
2309 5592 2528 5656 παντὸς,
2566 5595 2660 5647 καὶ
2681 5594 2741 5647 τὸ
2766 5594 3066 5665 ἀκρότατον
3097 5592 3285 5662 ὥσπερ
3317 5591 3416 5661 τῆς
3440 5589 3549 5644 τῶν
3577 5589 3709 5644 διω-
