3892 6202
199 342 304 399 1⁷5

1217 331 1283 386 IN
1319 328 1603 388 JOANNIS
1640 327 2091 386 EVANGELIUM
2130 328 2260 386 LIB.
2296 328 2387 383 IX.

3353 335 3451 392 174

195 455 404 509 κὸντων
434 448 727 505 ἀτιθάσσου
760 448 1094 512 πλεονεξίας,
1127 448 1287 520 μέχρι
1322 448 1489 520 μόνης
1514 449 1773 519 στήσεται

1881 446 2121 516 respicit,
2151 461 2301 502 mors
2340 446 2487 501 enim
2517 444 2783 501 adversus
2808 461 2927 501 eam
2955 464 2969 511 ;
3030 449 3123 518 qui
3156 464 3285 505 vero
3315 450 3457 506 mori

193 546 298 615 τῆς
327 543 526 615 σαρκός
547 559 561 573 ο
588 543 709 595 κατ’
740 542 914 610 αὐτῆς
945 542 1054 613 γὰρ
1084 544 1112 595 ὁ
1152 541 1407 604 θάνατος’
1461 543 1490 594 ὁ
1536 541 1592 593 δὲ
1639 540 1776 610 πρὸς

199 638 355 692 τοῦτο
400 638 632 705 ἑτοίμως
669 635 809 704 ἔχων
836 634 937 705 ήδη
997 636 1093 687 καὶ
1144 633 1619 701 διεσκευασμένος,
1670 632 1776 685 ὑπὸ

197 732 339 793 τίνος
364 729 430 783 ἂν
456 726 834 791 διακωλύοιτο,
866 726 1050 795 φησὶν,
1074 726 1319 798 ἀπολέσῃ
1352 725 1407 778 δὲ
1432 724 1549 786 πῶς
1566 726 1627 777 τὸ
1655 725 1778 777 σύν-

193 836 351 875 τονον
378 820 637 891 φρόνημα
680 819 809 889 περὶ
833 818 894 871 τὸ
925 818 1122 889 χρῆναι
1159 817 1382 880 πάντως
1426 814 1736 870 ἀκολουθεῖν
1762 831 1775 877 ;

192 912 522 983 Θερμοτάτη
556 912 654 982 μὲν
680 909 788 979 γὰρ
819 912 852 980 ή
886 908 1166 980 προθυμία
1202 907 1298 961 τοῦ
1329 908 1563 978 Πέτρου,
1594 907 1689 959 καὶ
1717 906 1779 959 τὺ

192 1005 294 1075 τῆς
323 988 671 1073 ύποσχέσεως
693 1000 891 1072 μέτρον
930 999 1288 1053 πλεονεκτοῦν
1307 1016 1321 1029 ⁸
1353 999 1414 1052 ού
1458 997 1659 1069 μικρὰν
1679 998 1778 1067 τὴν

192 1096 425 1149 ἐνοῦσαν
452 1093 602 1165 αὐτῷ
632 1094 860 1164 δύναμιν
906 1093 1185 1163 θεωρήσαι
1226 1109 1310 1155 τις
1346 1092 1432 1155 ἂν,
1493 1091 1693 1161 μᾶλλον
1720 1091 1777 1144 δὲ

192 1190 289 1243 καὶ
315 1188 499 1243 αὐτῶν
526 1188 871 1259 πραγμάτων
901 1184 1095 1256 ἤλεγξε
1122 1185 1182 1239 τὸ
1205 1185 1379 1248 τέλος.
1416 1184 1563 1254 Πλὴν
1602 1184 1778 1237 ἐκεῖνο

191 1280 555 1335 διασκεπτέον
578 1296 592 1312 ο
627 1277 722 1331 τοῦ
761 1278 872 1348 γὰρ
922 1277 1171 1347 Σωτῆρος
1219 1275 1379 1346 ήμῶν
1411 1274 1650 1347 Χριστοῦ
1679 1273 1777 1344 τὴν

192 1374 274 1434 είς
304 1371 575 1442 οὐρανοὺς
607 1369 964 1439 ἀναφοίτησιν
992 1369 1104 1423 ἅνω
1134 1368 1660 1439 κατασημαίνοντος,
1682 1366 1778 1419 καὶ

190 1462 275 1514 ὅτι
313 1460 415 1530 μὲν
446 1458 543 1513 νῦν
574 1460 673 1530 οὐχ
698 1459 888 1528 ἕψεται
933 1458 1185 1526 λέγοντος
1210 1496 1226 1521 ,
1284 1456 1672 1527 ἀκολουθήσειν
1716 1472 1780 1523 γε

194 1551 303 1623 μὴν
334 1550 474 1622 μετά
508 1550 684 1603 ταῦτα
706 1590 721 1613 ,
764 1547 1150 1620 πληρωθείσης
1195 1547 1361 1601 αὐτοῦ
1399 1547 1640 1618 δηλονότι
1679 1546 1779 1617 τῆς

1879 538 1991 606 jam
2027 548 2252 607 paratus
2297 546 2401 603 est,
2434 552 2464 590 a
2501 553 2741 608 quonam
2793 538 3200 609 prohibebitur,
3259 545 3457 613 inquit,

1883 629 2160 698 quomodo
2201 627 2469 697 sequendi
2532 627 2830 681 vehemens
2886 627 3129 682 studium
3196 629 3461 700 abjiciet?

1886 718 1963 773 Ex
2008 719 2416 774 ferventissimo
2471 719 2743 789 siquidem
2804 718 2952 774 Petri
3007 720 3218 789 studio,
3280 732 3335 778 et
3392 739 3461 780 ex

1886 811 2227 866 abundantia
2261 811 2446 868 cordis
2491 820 2813 883 erumpente
2842 814 3229 883 promissione,
3280 819 3459 871 maxi-

1884 917 2031 956 mam
2098 903 2149 958 ei
2186 904 2295 957 vim
2364 904 2588 958 insitam
2645 904 3101 974 deprehenderis,
3161 914 3216 962 et
3276 923 3460 963 rerum

1886 996 2130 1064 ipsarum
2168 995 2331 1049 ﬁnem
2377 996 2709 1065 conjeceris.
2762 995 3154 1052 Verumtamen
3203 1000 3462 1055 conside-

1884 1089 2116 1143 randum
2159 1096 2244 1143 est
2288 1088 2435 1157 quod
2481 1103 2607 1143 cum
2665 1087 2928 1143 Servator
2986 1098 3175 1145 noster
3220 1092 3461 1147 reditum

1886 1195 2049 1235 suum
2110 1180 2178 1235 ad
2208 1180 2381 1237 caelos
2448 1195 2615 1250 supra
2650 1180 2945 1251 signiﬁcet,
3004 1191 3059 1236 et
3111 1197 3461 1253 nequaquam

1882 1278 2201 1324 secuturum
2234 1285 2293 1325 se
2327 1270 2481 1324 illum
2534 1270 2701 1334 dicat,
2745 1279 3066 1325 secuturum
3094 1279 3278 1327 tamen
3308 1284 3463 1342 post-

1882 1376 1966 1424 ea,
2010 1363 2233 1432 impleta
2274 1363 2486 1417 scilicet
2535 1377 2634 1417 sua
2691 1364 2975 1427 missione,
3028 1371 3275 1433 tempore
3325 1381 3460 1421 can-

1881 1467 2023 1523 gruo
2054 1463 2276 1507 sanctos
2310 1452 2365 1505 in
2407 1466 2702 1521 supernam
2736 1454 3013 1507 civitatem
3048 1463 3298 1520 vocante,
3344 1456 3463 1524 ipse

1888 1542 1953 1595 ad
1985 1541 2229 1611 pericula
2266 1540 2559 1596 subeunda
2607 1549 2864 1611 paratum
2903 1559 2961 1599 se
2991 1558 3117 1598 esse
3145 1544 3459 1609 denuntiat,

192 1642 526 1711 ἀποστολῆς,
550 1640 743 1710 καιροῦ
768 1641 862 1694 τοῦ
896 1640 1199 1711 πρέποντος
1228 1640 1320 1693 ἐπὶ
1356 1641 1457 1710 τὴν
1486 1639 1598 1693 ἄνω
1624 1638 1777 1692 πόλιν

1884 1632 1996 1687 alio
2022 1632 2173 1688 velut
2197 1632 2482 1703 abreptus,
2519 1647 2620 1687 nec
2649 1642 2855 1687 rectam
2912 1633 3079 1705 758
3124 1650 3311 1691 eorum
3340 1653 3463 1706 quae

189 1736 294 1797 τὰς
340 1733 451 1786 τῶν
487 1733 677 1811 ⁸ἁγίων
711 1732 1006 1795 καλοῦντος
1052 1731 1317 1801 κεφαλὰς,
1368 1730 1603 1800 ἑτοίμως
1633 1730 1777 1801 ἔχειν

1883 1722 2212 1778 dicebantur
2244 1738 2470 1779 sensum
2502 1732 2814 1781 assecutus.
2840 1724 2999 1791 Quod
3033 1727 3255 1796 quidem
3311 1729 3465 1783 arbi-

192 1826 380 1888 αὺτδς,
414 1826 509 1878 καὶ
545 1823 986 1893 προκινδυνεύειν
1015 1822 1558 1894 ὲπαγγέλλεται,τὴν
1586 1822 1777 1894 ἑτέραν

1881 1821 2001 1869 tror
2046 1829 2170 1870 eum
2235 1816 2443 1879 dicere,
2515 1814 2661 1885 quod
2716 1831 2842 1870 cum
2895 1818 3140 1872 nondum
3204 1827 3465 1875 accurate

192 1915 388 1985 ὥσπερ
413 1910 567 1986 οἶμον
596 1914 711 1979 ἰὼν,
746 1916 841 1969 καὶ
877 1915 953 1985 μὴ
998 1915 1118 1968 κατ’
1164 1914 1294 1967 εὐθὺ
1329 1914 1437 1967 τῶν
1472 1913 1777 1983 λεγομένων

1881 1902 2100 1958 Domini
2155 1904 2505 1959 sermonibus
2562 1905 2806 1959 animum
2866 1907 3249 1976 applicuisset,
3335 1925 3461 1964 eum

193 2008 491 2077 ἐρχόμενος
527 2008 628 2078 τὴν
660 2006 921 2062 διάνοιαν.
958 2002 1127 2077 Οἶμαι
1156 2006 1213 2058 δὲ
1239 2007 1349 2059 δεῖν
1391 2007 1449 2058 ὲν
1491 2006 1672 2074 λόγοις
1702 2007 1780 2058 εἰ-

194 2101 344 2161 πεῖν,
378 2097 532 2152 οὔπω
562 2102 675 2163 τοῖς
716 2099 1028 2170 εἰρημένοις
1058 2097 1301 2168 ἀκριϐῶς
1344 2099 1647 2169 ἐπιστήσας
1688 2098 1780 2152 τὸν

195 2187 345 2250 νοῦν,
385 2188 558 2240 οἴεται
596 2188 738 2257 τάχα
764 2204 867 2240 που
900 2188 993 2239 τὸν
1022 2186 1248 2258 Κύριον,
1280 2188 1313 2257 ἢ
1343 2187 1480 2256 πρός
1502 2205 1653 2251 τινας
1668 2188 1781 2241 τῶν

191 2278 340 2332 κατὰ
369 2278 467 2349 τὴν
508 2279 769 2332 Ἰουδαίαν
805 2278 1150 2350 ἀγριωτέρας
1179 2278 1532 2349 διαϐήσεσθαι
1562 2278 1775 2350 κώμας,

192 2369 227 2438 ἧ
254 2370 352 2422 καὶ
377 2371 456 2433 είς
477 2368 695 2442 ἐτέρους
710 2369 959 2441 οἴχεσθαι
985 2370 1168 2434 λαοὺς,
1194 2370 1244 2423 οἳ
1273 2370 1529 2425 τοσοῦτον
1550 2372 1608 2436 ἐξ
1624 2375 1778 2443 ἀκρι-

194 2461 327 2524 ϐοῦς
353 2462 524 2533 ἀκοῆς
560 2462 1037 2517 άποδιακείσονται
1072 2462 1211 2535 πρὸς
1235 2463 1309 2517 τὰ
1327 2465 1459 2535 παρ’
1490 2465 1654 2518 αὐτοῦ
1680 2468 1781 2536 ρη-

193 2552 462 2621 θήσεσθαι
480 2552 766 2623 μέλλοντα,
787 2553 863 2617 ὡς
889 2554 1062 2623 μικρά
1091 2555 1189 2625 μὲν
1212 2554 1405 2625 κομιδῇ
1430 2555 1567 2626 πρὸς
1583 2556 1650 2609 τὰ
1673 2557 1782 2610 τῶν

194 2644 372 2699 ἄλλων
416 2644 685 2698 Ἰουδαίων
710 2645 1039 2715 τολμήματα
1056 2662 1069 2676 ·
1097 2646 1231 2700 πολὺ
1257 2647 1315 2701 δὲ
1344 2647 1465 2701 λίαν
1492 2650 1599 2719 ήμε
1610 2650 1783 2720 ρωτά-

192 2752 297 2804 την
319 2734 417 2804 τὴν
460 2734 690 2788 ἐνοῦσαν
727 2738 840 2798 τοῖς
872 2735 1186 2807 Φαρισαίοις
1232 2736 1512 2802 ἀποδεῖξαι
1560 2736 1777 2807 μανίαν.

191 2827 380 2881 Διάτοι
414 2831 575 2880 τοῦτο
608 2827 1107 2898 κατακολουθήσειν
1125 2829 1583 2901 ἀπαραποδίστως
1606 2832 1781 2897 ἐπαγ-

194 2917 472 2986 γέλλεται,
500 2919 623 2989 ούχὶ
647 2914 741 2973 οὖν
767 2918 1023 2973 τεθνάναι
1054 2919 1234 2989 μόνον,
1262 2920 1377 2973 ἀλλ’
1404 2921 1450 2972 εί
1479 2922 1573 2973 καὶ
1596 2920 1781 2974 τεθνά-

1881 1996 2071 2052 forsan
2122 1998 2350 2068 putabat
2397 1997 2480 2052 vel
2530 1998 2596 2051 ad
2645 1998 2984 2054 eﬁ'eratiores
3044 1999 3249 2055 Judaaaa
3288 2016 3461 2073 pagos

1881 2089 2267 2152 transiturum,
2308 2089 2394 2143 vel
2447 2089 2514 2143 ad
2569 2088 2711 2145 alios
2768 2090 3002 2160 populos
3068 2093 3458 2163 migraturum,

1881 2181 1976 2251 qui
2026 2180 2147 2250 ejus
2182 2182 2536 2238 sermonibus
2597 2183 2678 2238 sic
2730 2184 3096 2253 exasperandi
3155 2195 3364 2251 essent,
3400 2194 3460 2240 ut

1880 2288 2073 2328 eorum
2149 2273 2409 2340 audacia,
2456 2282 2783 2329 caeterorum
2849 2275 3164 2331 Judaeorum
3214 2277 3460 2332 audaciae

1881 2372 2198 2435 comparata
2232 2381 2401 2435 parva
2442 2381 2566 2422 esse
2611 2368 2912 2430 videretur,
2950 2376 3003 2423 et
3056 2368 3458 2425 Pharisaeorum

1882 2456 2040 2511 furor
2076 2458 2235 2527 longe
2267 2458 2595 2514 mitissimus
2626 2468 2931 2529 appareret.
2968 2460 3261 2531 Propterea
3301 2476 3463 2519 secu-

1883 2558 2067 2605 turum
2101 2567 2161 2607 se
2191 2552 2425 2607 omnino
2454 2553 2770 2623 pollicetur,
2818 2568 2929 2608 non
2972 2554 3136 2609 modo
3169 2555 3306 2609 mori
3348 2571 3458 2610 non

1882 2643 2222 2707 detrectans,
2251 2644 2346 2699 sed
2379 2644 2423 2700 si
2457 2645 2800 2702 moriendum
2838 2647 2929 2710 sit,
2961 2656 3185 2702 strenue
3230 2646 3283 2701 id
3318 2649 3461 2702 arri-

1884 2733 2056 2803 piens.
2097 2734 2286 2789 Simile
2311 2735 2593 2807 quidpiam
2628 2744 2682 2791 et
2727 2738 2781 2790 in
2845 2738 3227 2807 superioribus
3277 2739 3463 2795 videre

1883 2827 2029 2881 licet.
2081 2826 2339 2884 Christus
2393 2828 2525 2882 olim
2560 2827 2875 2883 Judaeorum
2916 2832 3195 2883 vesaniam
3255 2838 3309 2886 et
3368 2832 3461 2886 iraa

1882 2919 2267 2991 impotentiam
2318 2935 2384 2975 ac
2418 2920 2619 2993 lingua:
2676 2921 3034 2991 petulantiam
3088 2920 3363 2985 devitans,
3404 2924 3459 2976 in

192 3028 287 3066 ναι
324 3010 510 3081 δεήσει
536 3013 610 3083 μὴ
644 3011 946 3067 κατοκνῶν.
987 3012 1140 3082 Ἔχει
1171 3011 1229 3064 δὲ
1266 3013 1443 3081 τούτῳ
1484 3011 1777 3083 παραπλη-

1881 3013 2104 3069 Galilaea
2159 3014 2431 3085 degebat,
2481 3016 2669 3085 ibique
2725 3017 2902 3070 multa
2964 3017 3235 3071 miracula
3288 3018 3459 3071 edens

195 3106 351 3168 σίως,
382 3106 475 3158 καὶ
505 3107 563 3159 ὲν
595 3108 709 3169 τοῖς
740 3104 1017 3177 ἀνωτέρω,
1035 3105 1128 3159 καὶ
1145 3107 1268 3159 ὅποι
1288 3105 1447 3158 πάλιν
1477 3105 1607 3175 ἐρῶ.
1629 3106 1779 3177 Παρ-

194 3200 517 3270 αιτούμενος
563 3199 674 3270 γάρ
722 3216 851 3252 ποτε
884 3200 985 3263 τὰς
1029 3197 1137 3252 τῶν
1193 3198 1463 3252 Ἰουδαίων
1527 3197 1781 3269 ἀποπλη-

197 3291 341 3358 ξίας,
369 3291 463 3345 καὶ
480 3291 545 3344 τὸ
576 3292 814 3361 ἀκρατὲς
840 3290 936 3343 τοῦ
964 3288 1162 3358 θυμοῦ,
1192 3291 1285 3343 καὶ
1316 3288 1378 3343 τὸ
1398 3288 1498 3359 τῆς
1528 3287 1778 3358 γλώττης

195 3381 450 3451 ὲξήνιον,
495 3383 609 3442 τοῖς
657 3380 801 3435 κατὰ
852 3380 953 3451 τὴν
1007 3380 1297 3434 Γαλιλαίαν
1346 3377 1776 3451 ἐπεχωρίαζενὸ

200 3473 457 3543 Χριστὸς,
488 3471 659 3526 πολλά
690 3489 750 3525 τε
778 3474 910 3542 παρ’
946 3472 1176 3535 ἂκείνοις
1205 3471 1585 3543 τερατουργῶν
1612 3470 1773 3523 ὲθαυ-

200 3563 427 3633 μάζετο.
468 3561 685 3633 Ἐπειδὴ
699 3561 757 3616 δὲ
778 3563 807 3615 ὁ
840 3563 941 3633 τῆς
968 3564 1203 3635 Μαριὰμ
1227 3563 1322 3615 καὶ
1356 3564 1385 3616 ὁ
1418 3563 1515 3633 τῆς
1545 3560 1777 3633 Μάρθας

197 3654 460 3725 τέθνηκεν
489 3655 738 3725 ἀδελφὸς,
765 3656 908 3726 φημὶ
936 3654 1001 3726 δὴ
1021 3655 1110 3708 τὸν
1133 3654 1403 3723 Λάζαρον,
1445 3654 1585 3720 έγνω
1614 3653 1776 3706 πάλιν

195 3746 269 3808 ὡς
299 3745 451 3809 Θεὸς,
475 3743 595 3801 εἶτα
613 3748 761 3811 λέγει
789 3750 900 3810 τοῖς
924 3746 1193 3817 μαθηταῖς
1215 3763 1226 3774 ·
1253 3764 1272 3797 ι
1298 3745 1546 3816 Λάζαρος
1570 3748 1598 3798 ὁ
1624 3744 1775 3813 φίλος

1881 3106 2231 3161 admirationi
2282 3109 2499 3165 cunctis
2555 3116 2692 3163 erat.
2739 3107 2956 3163 Mortuo
3014 3124 3143 3163 vero
3189 3108 3373 3162 Maria:
3406 3121 3462 3164 et

1882 3197 2108 3252 Marthae
2138 3198 2312 3254 fratre
2354 3199 2587 3262 Lazaro,
2622 3200 2675 3254 id
2703 3215 2899 3256 rursus
2924 3200 3147 3271 agnovit
3183 3207 3245 3253 ut
3292 3199 3456 3262 Deus,

1880 3289 2111 3358 suisque
2146 3287 2439 3361 discipulis
2467 3291 2650 3343 dixit:
2691 3309 2709 3341 ‹
2749 3289 2992 3347 Lazarus
3024 3292 3236 3345 amicus
3272 3303 3460 3346 nos:er

1878 3384 2120 3449 dormit,
2156 3384 2248 3439 sed
2302 3382 2443 3438 vado
2498 3392 2614 3438 uta
2649 3399 2845 3438 somno
2898 3385 3132 3439 excitem
3171 3400 3298 3440 eum
3326 3385 3391 3439 ”.
3434 3406 3452 3437 ι

1837 3476 1959 3567 οΔιί
1991 3476 2138 3547 quod
2169 3477 2425 3547 discipuli
2465 3492 2576 3546 pra:
2607 3476 2877 3546 singulari
2906 3491 3035 3546 erga
3068 3492 3194 3531 eum
3227 3478 3412 3532 studio
3442 3496 3454 3530 :

1882 3590 1902 3623 ι
1941 3570 2102 3626 modo
2133 3570 2452 3641 quaerebant
2497 3582 2551 3625 te
2598 3568 2771 3624 Judzei
2828 3569 3096 3640 lapidare,
3153 3577 3207 3625 et
3258 3570 3455 3624 iterum

1876 3662 2033 3718 vadis
2061 3662 2191 3717 illuc
2212 3662 2256 3693 ⁸ο
2278 3662 2303 3714 ?
2338 3680 2357 3713 ι
2408 3661 2653 3716 Instante
2694 3675 2825 3715 vero
2860 3661 3103 3726 Christo,
3136 3668 3191 3716 et
3223 3660 3456 3719 redeun-

1876 3752 2005 3807 dum
2045 3751 2249 3808 essein
2277 3749 2519 3805 Judaaam
2554 3751 2778 3803 omnino
2807 3748 3028 3805 dicente
3088 3766 3152 3805 ac
3201 3750 3453 3821 iubente,

204 3840 358 3912 ήμῶν
386 3842 733 3911 κεκοίμηται,
767 3840 904 3894 ἀλλὰ
928 3838 1236 3911 πορεύομαι
1266 3838 1357 3891 ἵνα
1386 3836 1659 3901 ἐξυπνίσω
1677 3837 1776 3891 αύ-

1881 3844 2118 3901 Thomas
2157 3844 2250 3915 qui
2277 3843 2562 3899 dicebatur
2598 3842 2881 3914 Didymus,
2915 3844 3041 3898 aliis
3062 3843 3457 3913 condiscipulis

206 3932 311 3985 τόν.
356 3951 375 3984 ι
410 3933 551 4003 Πρὸς
574 3933 632 3985 δὲ
668 3932 829 3986 τοῦτό
863 3948 1027 4001 φασιν
1057 3930 1117 3998 ἐξ
1148 3932 1368 4002 ἀγάπης
1399 3930 1449 3982 oi.
1500 3927 1771 3999 μαθηταί·

204 4044 222 4076 ι
256 4022 372 4078 Νῦν
408 4024 634 4096 ἐζήτουν
666 4041 726 4077 σε
784 4025 1028 4078 Ἰουδαῖοι
1070 4024 1326 4086 λιθάσαι,
1355 4023 1450 4077 καὶ
1481 4021 1643 4075 πάλιν
1671 4021 1775 4073 ύπ-

1879 3936 2053 3991 dixit:
2095 3954 2113 3987 ι
2156 3935 2360 3988 Eamus
2387 3942 2441 3987 et
2472 3949 2591 3997 nos,
2645 3943 2705 3987 ut
2735 3935 3041 3987 moriamur
3076 3950 3202 3988 cum
3235 3948 3301 3988 co
3325 3936 3392 3987 υ.
3433 3954 3451 3985 ι

1876 4028 2080 4084 Eodem
2115 4036 2371 4098 spectare
2415 4026 2562 4082 Petri
2597 4042 2907 4082 sermonem
2959 4026 3218 4080 arbitror.
3255 4025 3458 4081 Existi-

201 4116 355 4185 άγεις
375 4117 530 4181 tusi;
573 4136 591 4167 ι
653 4116 1044 4188 ’Δνισταμένου
1077 4116 1134 4170 δὲ
1154 4116 1247 4169 τοῦ
1276 4113 1515 4183 Χριστοῦ
1536 4154 1551 4178 ,
1594 4113 1688 4166 καὶ
1716 4112 1776 4165 τὸ

1881 4128 1990 4174 mat
2022 4120 2168 4175 enim
2193 4118 2406 4183 forsan,
2434 4118 2623 4188 etiam
2660 4119 2772 4173 dixi
2804 4126 2993 4183 antea,
3035 4116 3243 4179 Jesum,
3275 4117 3458 4171 abitu-

200 4208 392 4278 χρῆναι
424 4208 640 4272 πάντως
681 4209 774 4261 ἐπὶ
819 4210 918 4279 τὴν
957 4208 1066 4262 τῶν
1108 4207 1378 4262 Ἰουδαίων
1412 4206 1775 4277 ὑπονοστῆσαι

1881 4229 2000 4267 rum
2026 4228 2169 4277 esse,
2213 4221 2272 4265 ut
2298 4211 2445 4281 apud
2496 4212 2637 4265 alios
2671 4211 2954 4281 praedicet,
2988 4210 3129 4279 apud
3165 4225 3306 4278 quos
3355 4210 3457 4263 im-

200 4298 384 4368 χώραν
410 4297 858 4369 διακελευομένου
891 4316 950 4352 τε
977 4301 1072 4353 καὶ
1100 4299 1371 4368 λέγοντος,
1406 4298 1609 4368 Θωμᾶς
1637 4300 1665 4351 ὁ
1690 4299 1775 4350 λε-

1881 4305 2085 4359 mineat
2108 4305 2157 4358 ei
2189 4303 2534 4373 periculum:
2566 4301 2797 4371 ideoque
2846 4303 2963 4371 ipse
2994 4309 3141 4355 lotus
3174 4300 3229 4353 in
3273 4299 3457 4354 chari-

203 4391 431 4461 τόμενος
490 4391 719 4463 Δίδυμος
774 4396 888 4456 τοῖς
939 4392 1149 4463 ἑτέροις
1193 4392 1301 4462 ἔφη
1349 4391 1769 4462 συμμαθηταῖςο

1881 4404 2044 4451 tatem
2072 4393 2302 4460 effusus,
2339 4403 2606 4448 constans
2641 4400 2695 4447 et
2746 4392 3039 4448 infractum
3083 4391 3151 4446 ad
3184 4393 3287 4447 hoc
3338 4401 3456 4448 stu-

199 4502 220 4535 ‹
243 4485 503 4554 Ἄγωμεν
534 4486 629 4538 καὶ
660 4487 842 4556 ἡμεῖς,
887 4485 973 4538 ἵνα
1003 4485 1366 4554 ἀποθάνωμεν
1399 4486 1515 4555 μετ’
1537 4482 1722 4536 αὐτοῦ.
1751 4502 1768 4534 ι

1881 4486 2032 4541 dium
2064 4487 2360 4539 allaturum
2398 4500 2457 4541 se
2483 4483 2798 4553 pollicetur,
2833 4485 2971 4537 nihil
2993 4484 3105 4551 jam
3161 4498 3457 4552 superesse

202 4573 448 4626 Γοιοῦτον
486 4572 639 4646 οἶμαί
662 4593 713 4629 τι
742 4579 836 4630 καὶ
870 4577 961 4629 τὸν
986 4576 1094 4630 τῶν
1125 4576 1334 4646 Πέτρου
1372 4576 1632 4648 ῥημάτων
1651 4574 1774 4628 ώδί-

1882 4576 2072 4632 dicens
2104 4592 2132 4629 a
2166 4590 2276 4646 quo
2304 4575 2583 4643 prohiberi
2619 4575 2793 4644 possit
2817 4575 3115 4643 quominus
3166 4582 3453 4644 sequatur,

191 4684 306 4720 νειν
328 4668 548 4722 σκοπόν.
578 4672 764 4723 Οίεται
805 4670 912 4740 γὰρ
951 4670 1115 4733 ἴσως,
1149 4669 1400 4739 καθάπερ
1437 4668 1538 4740 ’ήδη
1587 4670 1772 4741 προεῖ-

1883 4684 2008 4724 cum
2038 4669 2088 4723 ei
2120 4683 2221 4738 pro
2252 4668 2514 4738 magistro
2538 4667 2677 4719 muri
2706 4665 3040 4735 propositum
3077 4666 3169 4720 sit.

193 4777 321 4823 πον,
361 4755 797 4830 ἀποδραμεῖσθαί
830 4778 922 4813 ποι
969 4760 1366 4832 διακηρύξοντα
1400 4760 1492 4813 τὸν
1538 4760 1764 4830 Ἰησοῦν,
1807 4760 1902 4814 καὶ
1925 4759 2253 4813 κινδυνεύειν
2293 4757 2454 4809 αὑτὸν
2527 4756 2657 4826 παρ’
2701 4754 2960 4818 ἐκείνοις·
3003 4755 3088 4808 διὰ
3130 4756 3289 4811 τοῦτο
3359 4760 3454 4812 καὶ

193 4851 380 4915 αὐτὸς,
406 4849 639 4921 ἐπείπερ
674 4852 820 4904 ἐστὶν
848 4852 908 4916 ἐξ
933 4853 1152 4921 ἀγάπης
1190 4851 1523 4915 ἀκάθεκτος,
1560 4853 1771 4923 ἄμαχόν
1808 4870 1931 4906 τινα
1998 4852 2093 4904 καὶ
2154 4848 2654 4917 δυσανταγώνιστον
2685 4850 2782 4921 τὴν
2830 4849 2908 4912 είς
2950 4849 3109 4902 τοῦτο
3147 4850 3459 4921 προθυμίαν

191 4948 361 4999 οἴσειν
399 4944 827 5013 ἐπαγγέλλεται,
872 4946 1025 4998 οὐδὲν
1055 4946 1135 4998 ἔτι
1178 4945 1458 5009 παντελῶς
1489 4947 1870 5017 ὑπολελεῖφθαι
1898 4947 2071 5015 λέγων
2093 4946 2154 4998 τὸ
2210 4944 2530 4999 διακωλύειν
2565 4945 2768 5014 ἰσχύον,
2832 4945 3007 4998 καίτοι
3063 4944 3290 5000 ἕπεσθαι
3348 4946 3457 5001 δεῖν

192 5038 489 5111 ᾑρημένον,
518 5037 747 5109 ἐπείπερ
776 5037 924 5108 αύτῷ
952 5039 1046 5092 καὶ
1084 5040 1444 5110 προτεθνάναι
1476 5040 1568 5093 τοῦ
1599 5040 1917 5096 διδασκάλου
1941 5041 2162 5101 σκοπός.

278 5128 583 5197 Ἀπεκρίθη
622 5126 784 5194 αὐτῷ
822 5132 855 5183 ὁ
904 5129 1168 5196 Ἰησοῦς*
1234 5129 1358 5197 Τὴν
1396 5129 1607 5200 ψυχήν
1656 5148 1775 5184 σου

1947 5132 2084 5197 ΧΠΙ,
2120 5132 2208 5187 ⁸58.
2236 5130 2524 5200 Respondit
2555 5132 2600 5184 ei
2631 5128 2791 5184 Jesus
2814 5147 2833 5184 :
2880 5131 3128 5184 Animam
3172 5139 3321 5184 tuam
3359 5147 3454 5199 pro

190 5219 348 5288 ὑπὲρ
386 5220 531 5289 ἐμοῦ
560 5221 770 5290 θήσεις
787 5237 807 5285 ;
854 5220 1050 5290 Ἀμὴν,
1079 5221 1243 5291 ἀμὴν
1268 5221 1426 5291 λέγω
1452 5238 1572 5288 σοι,
1600 5225 1670 5277 οὐ
1688 5222 1774 5292 μὴ

1881 5242 1955 5279 me
1973 5226 2175 5293 pones?
2196 5226 2385 5289 Amen,
2418 5240 2572 5278 amen
2600 5224 2719 5277 dico
2749 5222 2862 5290 tibi,
2890 5240 2994 5278 non
3014 5222 3250 5276 cantabit
3274 5222 3453 5292 gallus

193 5313 462 5382 ἀλέκτωρ
500 5314 768 5383 φωνήσει
793 5354 806 5375 ,
838 5313 949 5381 ἕως
980 5309 1051 5369 οὗ
1085 5314 1414 5383 ἀπαρνήσῃ
1437 5331 1511 5384 με
1554 5315 1702 5383 τρίς.

1881 5317 2036 5371 donec
2073 5328 2150 5372 ter
2180 5334 2259 5372 me
2291 5334 2463 5388 neges.

265 5404 509 5468 Μείζονα
542 5406 664 5476 μὲν,
700 5406 732 5476 ἢ
772 5405 894 5459 καθ’
926 5406 1117 5459 ἑαυτὸν
1154 5408 1183 5459 ὁ
1207 5406 1411 5477 Πέτρος
1445 5406 1776 5474 ἐπαγγέλλε-

1946 5407 2151 5479 Maiora
2182 5411 2403 5480 quidem
2437 5424 2604 5481 quam
2658 5408 2838 5480 possit
2886 5404 3084 5461 Petrus
3135 5405 3450 5475 pollicetur,

192 5514 311 5561 ται,
334 5496 439 5549 κᾶν
458 5497 787 5565 ἀξιάγαστον
813 5496 914 5569 ἔχῃ
945 5496 1043 5568 τὴν
1059 5499 1151 5550 ἐπὶ
1179 5497 1358 5567 τούτῳ
1390 5498 1626 5568 σπουδήν
1641 5514 1654 5527 ·
1676 5497 1771 5549 τοῦ

1881 5502 2131 5573 quamvis
2160 5503 2401 5557 miriﬁco
2427 5502 2596 5556 animi
2642 5500 2828 5557 studio
2885 5499 3190 5569 praeditus:
3245 5504 3452 5565 tempe-

196 5605 259 5656 γε
288 5588 395 5659 μὴν
424 5588 687 5659 ἐσομένου
716 5588 978 5659 χειμῶνος
1003 5589 1065 5643 τὸ
1085 5590 1306 5661 ἀμειδὲς
1325 5629 1342 5655 ,
1372 5591 1467 5643 καὶ
1495 5588 1774 5653 δύσοιστον

1881 5596 2037 5652 statis
2073 5595 2436 5652 nihilominus
2464 5594 2840 5659 acerbitatem,
2873 5601 2925 5648 et
2961 5593 3069 5647 vim
3127 5590 3450 5645 tentationis

272 5769 318 5801 ”
354 5768 517 5829 Joan.
565 5786 656 5840 ιι,
712 5772 799 5828 Η.
876 5774 921 5809 ⁵ο
951 5773 1085 5832 ibid.
1124 5780 1179 5831 8.
1256 5778 1300 5811 δ’
1328 5778 1460 5835 ibid.
1494 5778 1575 5833 16.
