3892 6202
372 300 526 363 una

1437 298 1495 353 S.
1515 295 1793 354 CYRILLI
1819 288 2289 357 ALEXANDRINI
2326 301 2647 359 ARCHIEP.

3576 302 3681 359 I76

366 405 821 474 2'-vintolerabilem
862 427 927 467 ac
961 410 1361 484 persecutionis
1387 411 1816 481 magnitudinem
1834 412 2002 466 Chri-

2112 415 2200 469 τοῦ
2226 419 2555 489 πειρασμοῦ,
2584 419 2681 473 καὶ
2704 418 2798 472 τοῦ
2814 418 3057 490 διωγμοῦ
3078 418 3138 471 τὸ
3176 416 3405 488 μέγεθος
3427 419 3691 489 ἐννοήσας

390 518 542 565 ustus
576 507 722 578 apud
772 521 831 561 se
884 513 1170 575 reputans,
1227 513 1393 574 caput
1457 511 1672 560 tantum
1705 503 1868 575 759
1896 519 2005 558 non

406 609 633 663 nnovet,
666 607 992 669 tantumque
1022 595 1282 651 allectum
1335 594 1518 649 oculis
1572 596 1880 666 explicans,
1906 594 2009 651 iu-

406 694 598 747 ’ἀείραι
627 691 922 747 dementiae
950 689 1346 744 immanitatem
1393 688 1758 760 perspiciens,
1787 696 1842 744 et
1887 704 2009 758 quae

425 797 558 840 tunc
603 785 870 855 temporis
918 790 1184 839 eventura
1238 792 1399 837 erant
1464 782 1832 853 prospiciens,
1886 782 2009 836 'taie

425 880 561 948 quid
601 878 788 932 forsan
820 876 1117 931 inclamat:
1160 874 1416 928 Animam
1468 889 1567 944 pro
1624 874 1922 945 mepon'rs,
1973 889 2008 929 o

427 972 605 1029 Petre.
644 979 698 1025 et
742 968 974 1040 periculi
1012 977 1216 1025 metum
1266 985 1369 1040 pro
1414 968 1588 1022 nihilo
1637 968 1828 1031 habes,
1863 984 1927 1023 ac
1954 974 2010 1024 te

428 1070 814 1132 superaturum
846 1059 981 1114 illud
1005 1060 1334 1115 existimas?
1361 1061 1432 1113 At
1463 1059 1648 1115 nescis
1675 1060 2006 1128 gravitatem

428 1152 779 1213 tentationis,
810 1166 914 1205 nec
945 1150 1094 1205 enim
1128 1150 1419 1219 potestatis
1451 1150 1504 1203 in
1528 1147 1781 1219 patiendi
1811 1162 2011 1219 propo-

431 1246 559 1308 sito,
593 1244 688 1298 sed
720 1242 819 1296 tibi
850 1241 936 1296 vel
968 1241 1177 1296 nolenti
1208 1240 1395 1295 animo
1445 1239 1677 1295 deﬁcere
1705 1239 2007 1308 continget,

429 1345 485 1391 et
520 1334 744 1406 negabis
777 1348 861 1385 me
909 1342 1010 1396 ter,
1048 1330 1214 1401 idque
1245 1339 1408 1385 nocte
1467 1344 1597 1383 una.
1655 1326 1771 1383 Hoc
1820 1326 2009 1383 Jesum

430 1428 615 1481 dicere
641 1425 780 1479 velle
812 1421 1150 1478 credendum
1180 1428 1285 1477 est.
1318 1419 1425 1476 Sed
1458 1435 1639 1490 operae
1667 1420 1903 1490 pretium
1926 1428 2013 1475 est

433 1521 521 1574 hic
548 1533 767 1590 quoque
800 1530 994 1571 rursus
1020 1515 1144 1585 ejus
1169 1528 1300 1584 erga
1330 1529 1432 1569 nos
1464 1512 1651 1567 mirari
1678 1511 2006 1567 bonitatem:

432 1626 557 1665 nam
586 1625 710 1663 cum
737 1608 893 1678 prius
916 1607 1150 1663 dixisset
1174 1604 1663 1661 vehementissimo
1683 1604 1803 1672 ejus
1825 1603 2012 1659 studio

432 1703 602 1757 animi
635 1703 745 1755 vim
781 1715 889 1754 non
917 1712 1336 1769 responsuram,
1374 1696 1472 1753 sed
1523 1695 1887 1758 deiecturum,
1946 1709 2011 1750 ac

2104 509 2136 561 ὑ
2164 504 2419 580 Χριστὸς,
2449 512 2735 580 μονονουχὶ
2765 511 3043 565 κατασείει
3066 510 3165 581 τὴν
3189 510 3432 582 κεφαλὴν
3452 551 3466 573 ,
3489 512 3609 566 ὅλον
3629 513 3692 566 δὲ

2108 594 2297 666 ὥσπερ
2332 599 2390 649 ἐν
2422 596 2721 668 ὀφθαλμοῖς
2742 599 3004 662 ἀπλὼσας
3024 600 3088 652 τὸ
3115 601 3309 665 πάθος,
3332 602 3429 655 καὶ
3452 600 3552 673 τῆς
3565 600 3694 655 Ἴου-

2107 686 2274 740 δαίων
2310 687 2497 753 ἀνοίας
2524 687 2808 760 θεωρήσας
2840 690 2940 761 τὴν
2963 690 3290 762 ὑπερϐολὴν,
3314 691 3693 763 διασιωπήσας

2106 777 2166 831 δὲ
2187 777 2258 831 τά
2296 779 2530 849 ἐσόμενα
2560 780 2681 834 κατ’
2712 782 2888 835 ἐκεῖνο
2931 782 3157 853 καιροῦ,
3192 783 3333 853 τάχα
3364 800 3417 835 τι
3449 783 3692 837 τοιοῦτον

2106 870 2385 939 ἀναφωνεῖ
2405 888 2419 902 ·
2454 872 2565 943 Τὴν
2593 873 2792 945 ψυχήν,
2816 868 2860 927 ὦ
2900 874 3107 945 Πέτρε,
3140 874 3284 944 ὑπὲρ
3316 873 3450 945 ἐμοῦ
3493 874 3691 940 τίθεις,

2110 961 2206 1014 καὶ
2236 961 2298 1014 τὸ
2329 962 2493 1032 μηδὲν
2522 959 2663 1016 εἶναι
2693 964 2799 1034 φὴς
2824 964 2915 1017 τὸν
2942 964 3035 1017 ἐπὶ
3063 963 3268 1017 τούτων
3305 964 3498 1031 φόϐον·
3522 964 3604 1017 ὃτι
3630 982 3693 1017 τε

2112 1052 2379 1123 κρείττων
2424 1053 2524 1126 ἔσῃ
2567 1054 2677 1108 τῶν
2711 1055 2987 1126 ἐσομένων
3038 1056 3471 1126 ὑπολαμϐάνειςς
3529 1056 3694 1110 Ἀλλά

2109 1143 2205 1197 τοῦ
2232 1144 2542 1217 πειρασμοῦ
2572 1145 2633 1200 τὸ
2660 1147 2823 1220 βάρος
2852 1148 2954 1202 οὑκ
2985 1148 3297 1202 ἐπίστασαι’
3329 1149 3389 1201 οὑ
3426 1148 3534 1219 γὰρ
3560 1151 3696 1218 ἀραω

2115 1239 2287 1311 ρότως
2321 1241 2673 1311 προκείσεται
2703 1242 2763 1295 τὸ
2785 1242 2999 1306 παθεῖν,
3032 1244 3118 1297 σοὶ
3167 1242 3225 1295 δὲ
3258 1241 3318 1296 τὸ
3360 1244 3696 1314 μικροψυχῆ-

2115 1348 2204 1384 σαι
2225 1332 2371 1394 λίαν,
2398 1334 2501 1386 καὶ
2538 1334 2636 1402 οὑχ
2659 1334 2839 1387 ἑκοντὶ
2868 1334 3230 1405 ωμόήσεται,
3253 1334 3347 1388 καὶ
3380 1326 3588 1406 ἀρνήσῃ
3624 1352 3693 1406 με

2111 1424 2251 1493 τρὶς,
2284 1426 2377 1478 καὶ
2408 1426 2468 1478 ἐν
2491 1426 2647 1479 νυκτὶ
2670 1425 2829 1479 τοῦτο
2856 1426 2990 1480 αὑτὸ
3036 1428 3154 1498 μιᾷ.
3207 1422 3375 1481 Ταυτί
3414 1446 3530 1491 πως
3580 1427 3694 1479 οῖε-

2113 1515 2238 1570 σθαι
2264 1516 2441 1586 λέγειν
2488 1517 2860 1589 ὑποτοπητέον
2904 1517 2996 1571 τὸν
3039 1518 3268 1588 Ἰησοῦν.
3307 1518 3599 1589 Θαυμάσαι
3628 1536 3693 1587 γε

2116 1610 2224 1679 μὴν
2254 1611 2358 1664 κάν
2379 1608 2555 1680 τούτῳ
2591 1609 2655 1679 δὴ
2708 1608 2873 1663 πάλιν
2909 1609 3008 1681 τὴν
3052 1609 3277 1663 ἐνοῦσαν
3306 1610 3456 1680 αὑτῷ
3505 1611 3695 1680 φιλαν-

2114 1698 2363 1768 Θρωπίαν
2394 1699 2579 1766 ἀξιον·
2617 1699 2965 1772 προειρηκὼς
2990 1699 3120 1773 γὰρ,
3160 1702 3242 1755 ὅτι
3290 1702 3370 1773 τῷ
3413 1703 3553 1772 τόνῳ
3592 1703 3697 1773 τῆς

432 1805 582 1864 terga
609 1792 893 1856 daturum,
924 1789 1061 1845 adeo
1100 1799 1160 1843 ut
1191 1788 1259 1843 ad
1287 1788 1467 1843 solum
1522 1787 1755 1858 periculi
1802 1796 2007 1841 metum

2114 1792 2341 1863 ἐνούσης
2394 1792 2545 1862 αύτῷ
2589 1792 2923 1864 προθυμίας,
2967 1795 3002 1863 ἡ
3032 1794 3133 1865 τῆς
3165 1794 3343 1864 ψυχῆς
3372 1795 3475 1865 οὐχ
3502 1794 3696 1864 ἕψεται

431 1901 492 1941 se
528 1892 829 1956 negaturus
874 1882 970 1945 sit,
1024 1881 1166 1936 nihil
1216 1882 1603 1936 interminatus
1648 1889 1755 1935 est.
1798 1878 2012 1933 Idcirco

428 1993 533 2033 nec
564 1978 618 2032 in
649 1976 892 2030 divinam
920 1974 1056 2029 iram
1087 1973 1442 2028 incursurum
1463 1972 1563 2036 ait,
1592 1986 1769 2043 neque
1792 1984 2010 2041 poenam

430 2067 577 2138 quod
629 2065 950 2121 humanitus
984 2073 1305 2119 eventurum
1335 2063 1387 2118 id
1420 2064 1469 2119 ei
1529 2071 1698 2127 esset,
1755 2063 2009 2119 intentat.

435 2159 657 2214 Sciebat
684 2156 831 2212 enim
862 2156 1135 2210 inﬁrmam
1167 2154 1349 2208 adhuc
1401 2170 1523 2210 esse
1576 2165 1850 2220 naturam,
1902 2168 2013 2209 nec

430 2248 628 2305 mortis
660 2249 838 2303 minas
864 2246 1011 2302 ferre
1042 2261 1226 2317 posse.
1268 2243 1523 2301 Nondum
1555 2246 1702 2301 enim
1725 2261 1832 2316 :per
1891 2246 2012 2315 ejus

426 2340 901 2398 resurrectionem
934 2339 1220 2411 abrogata,
1255 2349 1588 2393 cunctorum
1622 2346 1858 2393 mentem
1889 2353 2014 2409 pre-

432 2435 636 2499 mebat,
666 2432 895 2502 soloque
922 2439 1074 2487 metu
1108 2431 1195 2485 vel
1230 2429 1595 2487 fortissimum
1653 2444 1928 2500 quemque
1959 2436 2014 2486 et

432 2524 864 2582 audacissimum
892 2521 1151 2593 frangere
1188 2522 1333 2593 potis
1368 2530 1510 2577 erat.
1559 2519 1768 2575 Natura
1812 2520 2015 2592 quippe

428 2628 635 2689 praeter
666 2624 923 2671 naturam
984 2621 1219 2668 mortem
1254 2613 1505 2684 patiens,
1555 2615 1608 2668 ei
1662 2611 1808 2667 cedit
1840 2620 1900 2665 ut
1934 2612 2016 2667 vi-

436 2707 620 2769 ιιι-ἰοί,
652 2706 759 2761 imo
788 2718 918 2759 vero
947 2714 1079 2758 tunc
1117 2700 1373 2759 cedebat.
1402 2701 1511 2757 Sed
1541 2718 1573 2756 a
1592 2712 1784 2758 nostro
1806 2698 2017 2756 Serva-

435 2809 553 2852 tore
572 2795 851 2866 perruptis
882 2794 1031 2849 illius
1074 2793 1315 2848 vinculis
1349 2793 1537 2849 suavis
1570 2791 1713 2847 facta
1754 2798 1840 2847 est
1886 2790 2016 2846 dilic-

434 2886 693 2960 gentibus
723 2886 1026 2950 Christum,
1052 2886 1186 2942 licet
1210 2885 1407 2939 acerbe
1438 2882 1661 2938 invadat
1689 2902 1702 2937 :
1730 2882 1850 2952 ejus
1870 2881 2014 2936 enim

437 2983 559 3036 loco
588 2988 792 3035 aeterna
832 2978 942 3032 vita
980 2978 1276 3044 successit,
1300 2976 1676 3046 corruptionis
1707 2975 2017 3031 dissolvens

435 3074 754 3145 imperium.
791 3069 965 3126 Nemo
1002 3076 1187 3124 autem
1232 3068 1322 3123 hic
1358 3084 1554 3125 rursus
1586 3067 1868 3124 existimet
1917 3066 2017 3121 Pe-

2096 1877 2365 1948 ’δύναμις,
2411 1878 2632 1934 ὀκλάσει
2662 1896 2726 1948 γε
2768 1879 2874 1950 μὴν
2898 1921 2912 1944 ,
2944 1879 3041 1933 καὶ
3068 1879 3369 1933 ὑπενδώσει
3414 1878 3693 1942 τοσοῦτον,

2114 1970 2255 2024 ὥστε
2289 1973 2385 2025 καὶ
2418 1971 2556 2042 πρὸς
2592 1971 2751 2043 μόνον
2779 1973 3034 2026 ἀπειπεῖν
3060 1973 3155 2027 τὸν
3180 1973 3276 2026 τοῦ
3316 1974 3563 2027 κινδύνου
3598 1973 3698 2042 φό-

2098 2060 2229 2127 ‘6ov,
2261 2052 2415 2115 οὐδὲν
2444 2062 2804 2132 ἐπηπείλησε,
2837 2062 2927 2117 διὰ
2955 2062 3115 2116 τοῦτο
3139 2060 3321 2134 τυχδν,
3353 2064 3430 2126 ὡς
3451 2064 3558 2117 οὐδ’
3590 2062 3696 2116 ὑπὸ

2102 2150 2264 2205 ’θείαν
2291 2150 2445 2205 ἔσται
2480 2151 2694 2225 κίνησιν
2731 2151 2903 2220 λέγει.
2934 2154 3045 2206 Καὶ
3080 2152 3169 2207 διά
3190 2152 3347 2206 ποίαν
3380 2153 3579 2208 αετίανι
3616 2194 3631 2207 .
3678 2194 3692 2208 .

2108 2272 3692 2300 ὀσοοοοιοοοιοοὀο⁷οο“ουο..δοοοο

2117 2332 2341 2387 παθόντι
2369 2332 2427 2387 δέ
2450 2350 2502 2386 τι
2528 2333 2637 2388 τῶν
2661 2334 3048 2405 ἀνθρωπίνων,
3088 2336 3190 2389 οὑκ
3223 2336 3564 2391 ἐπανατείνει
3596 2337 3696 2408 τὴν

2116 2424 2357 2480 κόλασιν.
2403 2424 2557 2495 ᾜδει
2602 2424 2712 2496 γὰρ
2747 2424 3082 2481 ἀσθενοῦσαν
3115 2426 3196 2480 ἔτι
3234 2426 3333 2497 τὴν
3373 2426 3536 2496 φύσιν
3558 2468 3574 2492 ,
3600 2429 3698 2481 καὶ

2115 2518 2177 2571 οὑ
2211 2517 2518 2588 δυναμένην
2566 2518 2811 2587 ἐνεγκεῖν
2860 2516 2956 2571 τοῦ
3012 2518 3247 2573 θανάτου
3293 2519 3391 2591 τὴν
3440 2520 3695 2591 ἀπειλήν.

2106 2607 2282 2661 ὒῠπω
2307 2607 2437 2679 γὰρ,
2460 2607 2613 2661 οὔπω
2648 2610 3066 2680 κατηργημένος
3105 2611 3193 2665 διὰ
3221 2612 3319 2683 τῆς
3350 2612 3698 2676 ἀναστάσεως

2116 2698 2282 2753 αὑτοῦ
2308 2742 2322 2765 ,
2370 2702 2471 2771 τῆς
2520 2701 2781 2755 ’ἁπάντων
2827 2702 3067 2766 διανοίας
3116 2703 3572 2776 κατεθρασύνετο,
3604 2706 3700 2760 καί

2110 2786 2301 2856 ίί-κανὸς
2329 2787 2399 2863 ἦν
2433 2792 2535 2857 ἔτι,
2566 2794 2662 2847 καὶ
2696 2795 2843 2864 μόνῳ
2874 2788 3210 2866 συνθραῦσαι
3238 2796 3317 2867 τῷ
3342 2797 3582 2868 δειματι,
3602 2798 3701 2852 καὶ

2116 2882 2207 2936 τὸν
2239 2881 2445 2954 σφόδρα
2469 2885 2738 2946 νεανικὸν,
2766 2885 2862 2938 καὶ
2891 2886 3065 2940 δεινὸν
3107 2888 3189 2951 είς
3225 2889 3539 2959 εὐτολμίαν,
3579 2890 3699 2943 Πα-

2111 2973 2285 3028 θοῦσα
2308 2973 2422 3044 γὰρ
2443 2974 2595 3046 παρά
2633 2974 2795 3045 φύσιν
2822 2978 3048 3047 ἡ”φύσ“ις
3071 2979 3161 3032 τὸν
3188 2979 3437 3047 θάνατον,
3459 2981 3537 3044 ὡς
3556 2999 3699 3035 νενιο

2116 3068 2312 3138 πηκότι
2344 3072 2691 3140 παραχωρεῖ,
2718 3069 2918 3140 μᾶλλον
2937 3071 2995 3124 δέ
3024 3072 3334 3144 παρεχώρει
3362 3073 3504 3127 τότε.
3533 3074 3698 3145 Διαῤ-

435 3175 583 3218 trum
608 3164 679 3218 ob
709 3162 919 3217 Christi
946 3160 1158 3216 dictum
1193 3175 1447 3230 negasse.
1494 3166 1670 3231 atque
1698 3161 1884 3215 animo
1917 3159 2012 3216 de-

2120 3158 2380 3231 ῥήξαντος
2408 3162 2465 3216 δὲ
2519 3162 2613 3216 τοῦ
2652 3162 2905 3235 Σωτῆρος
2946 3164 3106 3235 ἡμῶν
3148 3165 3218 3219 τὰ
3265 3166 3475 3221 ἐκείνου
3498 3165 3697 3237 δεσμὰ,

438 3257 668 3321 iecisse;
695 3267 798 3309 nec
836 3253 982 3308 enim
1012 3249 1399 3307 necessitatem
1431 3251 1599 3306 ullam
1631 3252 1882 3321 imponit,
1919 3260 2016 3306 aut

438 3349 505 3403 ad
541 3349 655 3403 haec
685 3345 1039 3416 suscipienda
1070 3346 1120 3400 vi
1151 3345 1404 3415 impellit,
1438 3343 1535 3399 sed
1583 3345 1728 3415 quod
1779 3354 1840 3399 ut
1868 3344 2016 3401 Deus

436 3439 823 3511 proculdubio
856 3435 1105 3492 futurum
1154 3436 1330 3500 novit,
1389 3436 1520 3491 illud
1570 3436 1843 3507 discipulo
1872 3452 2017 3508 prat-

438 3535 589 3589 dicit.
619 3532 892 3600 Quoniam
923 3542 1107 3585 autem
1147 3545 1271 3600 quae
1314 3530 1599 3585 veteribus
1637 3531 2013 3595 contigerunt,
2041 3536 2054 3548 ‘

436 3629 503 3682 ad
535 3634 885 3699 posterorum
924 3620 1352 3677 admonitionem
1404 3620 1619 3691 scripta
1670 3622 1885 3685 sunt“,
1919 3637 2018 3692 age

438 3721 689 3777 nonnihil
720 3718 974 3774 utilitatis
1001 3732 1067 3773 ex
1102 3716 1206 3771 hoc
1237 3716 1420 3785 capite
1455 3716 1869 3785 depromamus.
1896 3714 2016 3771 Non

437 3815 692 3869 existimo
724 3821 934 3867 temere
984 3808 1247 3880 quiddam
1276 3808 1479 3864 debere
1508 3822 1612 3863 nos
1642 3806 1755 3863 Deo
1785 3808 2017 3879 promit-

438 3916 587 3969 tere,
646 3919 745 3958 nec
792 3900 939 3973 quod
990 3902 1138 3954 vires
1188 3896 1467 3953 interdum
1522 3905 1745 3953 nostras
1801 3898 2018 3953 excedit

437 3994 755 4050 faciendum
791 3991 1058 4062 recipere,
1112 3988 1274 4060 quasi
1332 4002 1516 4043 rerum
1570 3997 1812 4058 potestas
1847 4004 2016 4059 penes

438 4105 541 4144 nos
576 4087 670 4149 sit,
717 4101 841 4141 cum
903 4098 1000 4154 spe
1049 4090 1238 4137 nostra
1288 4080 1612 4150 plerumque
1663 4080 2014 4135 frustremur.

436 4177 653 4247 Alioqui
680 4174 940 4246 superbia
976 4187 1168 4227 carere
1214 4184 1327 4225 non
1387 4169 1628 4224 arbitror
1678 4170 1751 4223 ita
1808 4170 2013 4236 dicere.

437 4271 551 4326 lloc
571 4268 876 4341 perﬁciam,
913 4274 1005 4319 aut
1031 4262 1188 4317 illud.
1212 4260 1269 4315 In
1289 4261 1547 4317 omnibus
1575 4261 1719 4317 enim
1744 4278 1865 4332 qua:
1891 4263 2017 4333 quis

436 4364 647 4436 agenda
675 4359 839 4432 760
880 4357 985 4414 sibi
1019 4354 1386 4426 proposuerit.
1425 4353 1559 4408 illud
1606 4355 1842 4409 maxime
1880 4372 2018 4425 pra:-

437 4450 765 4506 miltendum
808 4444 957 4516 quod
993 4443 1131 4496 dixit
1175 4442 1622 4513 sapientissimus
1668 4443 2010 4514 discipulus:

2118 3250 2321 3320 γλυκὺς
2370 3253 2754 3323 ἀναπέφανται
2791 3258 2903 3319 τοῖς
2937 3256 3193 3324 ἀγαπῶσι
3233 3258 3490 3328 Χριστὸν,
3526 3261 3574 3312 εί
3604 3261 3700 3313 καὶ

2120 3345 2334 3418 προσίοι
2364 3346 2610 3418 πικρῶς·
2661 3349 3050 3419 ἀντεισϐέόηκε
3096 3349 3264 3423 γάρὴ
3303 3351 3521 3415 αἰώνιος
3559 3351 3700 3423 ζωὴ,

2117 3438 2180 3492 τὸ
2203 3439 2303 3508 τῆς
2336 3440 2543 3512 φθορᾶς
2575 3440 2930 3513 παραλύουσα
2964 3442 3186 3515 κράτος.
3219 3443 3429 3498 υίέσθω
3449 3446 3505 3498 δέ
3535 3445 3700 3499 πάλιν

2117 3532 2357 3587 ἐνταῦθα
2406 3534 2597 3605 μηδεὶς
2641 3534 2912 3606 ἠρνῆσθαί
2944 3552 3003 3589 τε
3043 3535 3140 3589 καὶ
3179 3537 3442 3609 ἀτονῆσαι
3473 3538 3565 3592 τὸν
3596 3540 3702 3592 Πέδ

2116 3639 2265 3692 τρον,
2291 3622 2378 3677 διὰ
2410 3625 2470 3678 τὸ
2500 3625 2654 3696 ῥῆμα
2677 3626 2917 3698 Χριστοῦ
2936 3641 2949 3656 ⁸
3005 3627 3068 3681 οὑ
3106 3626 3215 3700 γὰρ
3254 3629 3501 3700 ἀνάγκην
3525 3631 3702 3683 ἐπιτμ-

2118 3710 2254 3777 θεὶς,
2280 3712 2394 3766 ἀλλ’
2409 3714 2531 3767 οὐδὲ
2558 3717 2621 3768 ἐκ
2644 3714 2766 3785 βίας
2785 3716 2958 3771 ἕλκων
2979 3720 3061 3783 είς
3083 3719 3144 3773 τὺ
3165 3718 3357 3773 παθεῖν
3375 3719 3445 3773 τά
3470 3719 3701 3774 τοιαῦτά

2118 3821 2284 3875 φησιν
2303 3820 2319 3836 ο
2357 3806 2473 3859 ἀλλ’
2500 3808 2638 3879 ὅπερ
2665 3805 2826 3874 οἶδεν,
2850 3810 2925 3875 ὡς
2952 3811 3106 3876 Θεὸς,
3139 3812 3359 3875 πάντως
3397 3812 3492 3865 καὶ
3516 3812 3699 3883 ἀναμδ

2118 3895 2357 3965 φιλόγως
2394 3898 2652 3970 ἐσόμενον
2683 3902 2941 3972 προλέγει
2978 3903 3055 3973 τῷ
3099 3904 3338 3977 μαθητῇ.
3387 3904 3607 3975 Ἐπειδὴ
3639 3906 3700 3959 δὲ

2114 3987 2185 4041 τὰ
2206 3991 2315 4052 τοῖς
2363 3989 2741 4063 ἀρχαιοτέροις
2781 3994 3191 4066 συμϐεϐηκότα,
3247 3996 3383 4065 πρὸς
3414 3995 3700 4050 νουθεσίαν

2116 4078 2224 4131 τῶν
2254 4081 2373 4151 μετ’
2407 4082 2604 4147 αὑτοὺς
2631 4084 3068 4155 ἀναγέγραπται,
3119 4086 3250 4158 φέρε
3278 4086 3340 4157 δή
3373 4103 3428 4138 τι
3449 4084 3701 4156 λέγωμεν

2116 4170 2227 4224 τῶν
2258 4173 2574 4240 ἀναγκαίων
2600 4176 2681 4238 εἰς
2708 4174 2895 4247 ὄνησιν
2935 4179 2999 4230 ἐκ
3023 4175 3117 4231 τοῦ
3150 4176 3446 4246 κεφαλαίου
3477 4192 3701 4246 κεκινη-

2121 4262 2292 4333 μένοι.
2324 4265 2400 4317 Οὑ
2430 4264 2537 4336 γὰρ
2587 4261 2739 4337 οἶμαι
2774 4266 2885 4320 δεῖν
2910 4267 3343 4337 ἐπαγγέλλεσθαι
3382 4285 3436 4321 τι
3477 4264 3701 4338 προχείο

2120 4372 2227 4424 ρως
2261 4355 2337 4426 τῷ
2374 4356 2513 4426 Θεῷ,
2546 4359 2669 4412 οὑδέ
2701 4359 3004 4429 κατορθοῦν
3043 4361 3419 4431 ὑπισχνεῖσθαι
3456 4360 3517 4414 τὸ
3554 4360 3702 4431 ὑπὲρ

2117 4445 2345 4516 δύναμιν
2366 4448 2477 4502 ἐσθ’
2510 4451 2598 4504 ὅτε
2619 4493 2634 4517 ,
2660 4450 2738 4515 ὡς
2763 4451 3283 4517 κατεξουσιάζοντας
3302 4453 3409 4507 τῶν
3436 4453 3700 4523 πραγμά⁴

436 4543 491 4596 Si
528 4541 793 4596 Dominus
814 4537 1084 4601 voluerit,
1115 4544 1169 4590 et
1194 4574 1209 4599 ,
1236 4536 1280 4590 si
1329 4534 1655 4590 vixerimus.
1694 4534 2012 4606 Promptum

2116 4554 2245 4603 των,
2268 4540 2361 4591 καὶ
2377 4538 2535 4594 τοῦτό
2558 4558 2700 4611 φημι
2724 4543 2862 4613 πρὸς
2883 4544 2951 4595 τὰ
2975 4544 3039 4596 ἐκ
3059 4544 3159 4615 τῆς
3183 4544 3483 4613 ἀποτυχίας
3498 4544 3697 4614 ἐγκλήο

431 4638 637 4704 quippe
662 4633 801 4687 bene
827 4628 1023 4697 agendi
1055 4626 1296 4683 studium
1332 4626 1547 4696 piorum
1593 4626 1795 4682 animis
1825 4627 2008 4682 inesse

433 4728 635 4781 debere
664 4724 775 4787 aio,
808 4720 1142 4790 virtutisque
1176 4725 1296 4773 toto
1330 4717 1517 4771 animo
1543 4718 1788 4773 colendae
1815 4719 2012 4774 volun-

2118 4646 2267 4699 ματα
2297 4629 2531 4699 βλέπων.
2589 4632 2797 4696 ’Ἄλλως
2827 4651 2887 4687 τε
2915 4636 3009 4689 καὶ
3038 4635 3339 4707 ὑπεροψίας
3374 4636 3474 4689 οὐκ
3514 4637 3696 4706 ἀπηλ-

2118 4720 2312 4792 λάχθαι
2329 4722 2533 4793 νομίζω
2549 4723 2611 4776 τὸ
2632 4724 3029 4797 προαλέστερον
3046 4728 3241 4790 εἰπεῖν,
3257 4728 3338 4781 ὃτι
3362 4728 3697 4798 κατορθώσω

435 4826 618 4880 tatem,
649 4816 794 4870 viam
848 4820 1034 4867 autem
1093 4825 1285 4865 eorum
1334 4808 1673 4880 agendorum
1734 4825 1764 4863 a
1822 4811 2008 4866 divina

2113 4814 2235 4867 τόδε
2264 4832 2319 4868 τι
2346 4817 2530 4886 τυχὸν,
2564 4817 2597 4886 ἢ
2644 4818 2874 4873 τόδε¹τι.
2922 4820 3031 4874 Καὶ
3068 4819 3181 4891 γὰρ
3210 4821 3297 4890 ἐφ’
3334 4821 3573 4884 ἅπασιν,
3609 4817 3696 4884 οἷς

433 4910 684 4966 bonitate
708 4904 1022 4977 petendam.
1062 4918 1172 4958 non
1220 4910 1425 4957 temere
1457 4902 1619 4972 quasi
1672 4902 1820 4956 illam
1874 4903 1928 4958 in
1960 4915 2012 4959 te

2113 4906 2179 4959 ἄν
2232 4924 2316 4971 τις
2351 4906 2546 4978 δρᾶσαι
2600 4908 2882 4979 προέλοιτο
2928 4913 3023 4965 καὶ
3072 4911 3327 4981 βούληται
3365 4910 3691 4982 κατορθοῦν,

433 5002 638 5055 habeas
665 4996 935 5067 polliceri.
974 4991 1070 5047 Sic
1099 4993 1245 5047 enim
1267 5006 1452 5046 veram
1482 4993 1536 5046 in
1566 4993 1824 5049 omnibus
1852 4994 2012 5051 bonis

2112 4997 2284 5051 ἐκεῖνο
2314 4998 2547 5069 μάλιστα
2572 4999 2654 5053 δεῖ
2679 5002 2897 5069 φωνεῖν,
2919 5003 3059 5074 ὅπερ
3089 5003 3308 5073 εἴρηκεν
3327 5003 3357 5054 ὁ
3381 5002 3693 5071 σοφώτατος

430 5092 855 5164 promissionem
911 5086 1018 5141 Deo
1078 5084 1447 5149 servabimus,
1489 5091 1545 5137 et
1574 5094 1732 5139 extra
1791 5087 2009 5157 culpam

2112 5086 2362 5158 μαθητής
2439 5088 2564 5141 Ἐἀν
2590 5091 2620 5143 ό
2647 5089 2850 5161 Κύριος
2873 5090 3024 5166 θέλῃ,
3051 5095 3145 5145 καὶ
3165 5091 3441 5163 ζήσωμεν.
3477 5091 3692 5165 Προθυ-

431 5187 622 5254 pellem
654 5181 1000 5242 habebimus,
1036 5184 1099 5230 ut
1145 5174 1464 5231 Graecorum
1518 5175 1711 5231 tritum
1749 5186 1833 5234 est
1868 5195 2010 5248 ,pro-

2112 5180 2238 5251 μίαν
2272 5181 2373 5252 μὲν
2421 5182 2528 5253 γάρ
2566 5182 2665 5254 τὴν
2715 5184 3061 5255 ἀγαθουργὸν
3092 5203 3236 5256 φημι
3274 5186 3385 5239 δεῖν
3436 5188 3556 5248 ταῖς
3576 5184 3692 5238 τῶν

428 5278 636 5333 verbio.
696 5271 916 5341 Alioqui
979 5270 1156 5325 satius
1219 5277 1306 5323 est
1372 5282 1485 5321 non
1558 5284 1759 5326 vovere
1811 5272 2009 5338 alicui,

2112 5272 2370 5342 φιλοθέων
2404 5275 2603 5330 ἐνεῖναι
2636 5275 2857 5346 ψυχαῖς,
2894 5277 2988 5330 καὶ
3030 5277 3090 5329 τὸ
3132 5278 3431 5348 κατορθοῦν
3476 5277 3689 5330 ἐθέλειν

427 5387 591 5442 quam
624 5381 848 5428 vovere,
876 5372 932 5418 et
966 5378 1075 5416 non
1108 5361 1341 5416 reddere
1364 5360 1434 5415 ".

2112 5365 2204 5436 τὴν
2236 5364 2436 5438 ἀρετὴν
2471 5367 2531 5433 ἐξ
2573 5367 2702 5438 ὅλης
2757 5367 2940 5439 ἰσχύος
2981 5369 3318 5437 ἐπείγεσθαι,
3374 5370 3473 5439 τὴν
3501 5369 3557 5422 δὲ
3593 5368 3693 5422 ἐπὶ

431 5467 631 5527 τούτοις
662 5458 779 5514 ὁδὸν
802 5456 890 5511 διὰ
908 5457 1010 5529 τὴν
1047 5455 1253 5510 ἄνωθεν
1292 5458 1528 5522 ἐξαιτεῖν
1568 5462 1881 5534 εὐμένειαν,
1936 5466 2034 5537 οὑχ
2110 5465 2186 5529 ὠς
2227 5463 2420 5536 ἔχοντα
2470 5465 2725 5536 προαλῶς
2779 5466 3233 5536 ἐπαγγέλλεσθαι.
3303 5466 3530 5538 Ἀψευδῆ
3577 5466 3694 5540 γὰρ

429 5561 562 5613 λὺτω
599 5555 676 5627 τῷ
708 5552 828 5623 Θεῷ
864 5552 961 5622 τὴν
995 5551 1080 5621 ἐφ’
1109 5552 1279 5607 ἅπασι
1318 5556 1429 5618 τοῖς
1470 5556 1713 5628 ἀρίστοις
1756 5563 2090 5631 ἐπαγγελίαν
2118 5562 2448 5633 τηρήσομεν,
2513 5561 2617 5626 ἔξω
2639 5578 2699 5615 τε
2726 5564 2863 5617 πόδα
2887 5563 3064 5627 αἰτίας
3118 5563 3332 5634 ἕξομεν,
3397 5563 3539 5615 ποατά
3596 5562 3695 5620 τὸν

430 5653 550 5723 παρ’
588 5646 1009 5719 Ἕλλησιλόγον.
1048 5646 1202 5701 Ἐστι
1244 5648 1303 5702 δὲ
1336 5651 1429 5703 καὶ
1462 5652 1665 5725 ἑτέρως
1702 5657 1905 5726 ἀγαθὸν
1940 5658 1998 5710 τὸ
2036 5658 2110 5730 μὴ
2138 5656 2400 5725 εὔξασθαί
2422 5672 2587 5722 τισιν,
2614 5655 2648 5726 ἢ
2674 5653 2956 5723 εὑξασθαι,
2994 5656 3089 5712 καὶ
3124 5655 3199 5727 μὴ
3226 5653 3541 5711 ἀποδοῦναι.

487 5773 534 5804 ’δ’
562 5769 582 5824 l
614 5767 741 5825 Cor.
774 5783 828 5833 χ,
870 5765 959 5821 ll.
1037 5767 1082 5799 ⁸³
1122 5769 1304 5827 Eccle.
1348 5786 1401 5840 ν,
1434 5772 1487 5841 5,
1520 5772 1575 5826 4.
