3892 6202
194 317 298 379 ΠἸ

257 429 361 497 Μὴ
388 429 783 499 ταρασσέσθω
817 428 988 498 ὑμῶν
1022 431 1059 498 ἡ
1094 429 1325 499 καρδία.

259 519 358 581 Et;
382 518 544 573 τοῦτο
583 518 948 590 μικροψυχίας
991 520 1418 591 κατοιχήσεσθαι
1446 521 1537 575 τὸν
1566 522 1773 593 Πέτρον

183 610 383 673 είπὼν,
414 609 495 674 ὡς
518 611 864 683 ἀρνήσασθαι
886 612 1029 682 τρὶς,
1070 613 1167 665 καὶ
1197 615 1256 666 ἐν
1287 615 1386 683 μιᾷ
1411 613 1570 667 τοῦτο
1593 614 1776 668 πείσεο

187 701 317 756 σθαι
353 703 530 765 νυκτὶ,
567 706 636 773 τῇ
675 703 771 758 τοῦ
812 705 1141 776 πράγματος
1179 705 1455 777 ὑπερϐολῇ
1494 707 1775 776 μονονουχὶ.

184 792 279 845 τὸν
313 793 684 862 ἀκμαιότατον
716 794 825 848 τῶν
850 796 1109 849 κινδύνων
1145 795 1393 862 ὑπέδειξε
1426 796 1590 865 φόϐον
1610 813 1625 827 ο
1653 795 1776 849 ὅθεν

183 879 256 954 ἦν
274 885 341 955 δή
375 902 514 950 που,
553 887 651 940 καὶ
683 888 830 957 μάλα
863 890 1087 953 εἰκότως
1116 930 1131 953 ,
1169 890 1297 953 τοὺς
1329 889 1550 960 ἐτέρους
1599 906 1778 960 παρα-

190 977 385 1045 χρῆμα
410 977 811 1045 διαλογίζεσθαι
849 978 1121 1049 μαθητὰς,
1151 979 1237 1042 τίς
1269 980 1376 1050 ἄρα
1401 980 1499 1032 καὶ
1528 980 1714 1043 πόσος,
1741 979 1775 1050 ἢ

190 1070 347 1122 ποῖον
372 1068 484 1133 ἕξει
509 1069 570 1123 τὸ
597 1071 827 1139 μέγεθος
845 1071 954 1124 τῶν
978 1070 1252 1142 ἐσομένων
1287 1074 1315 1125 ό
1347 1071 1510 1141 φόϐος
1532 1112 1547 1135 ,
1574 1072 1771 1126 δυσκα-

190 1158 513 1229 ταμάχητος
541 1160 600 1213 δὲ
621 1160 795 1224 οὑτως
816 1162 847 1213 ό
877 1161 1183 1235 πειρασμὸς
1205 1202 1220 1226 ,
1263 1161 1339 1225 ὡς
1363 1160 1505 1215 ἑλεῖν
1546 1162 1645 1232 μὲν
1685 1162 1779 1216 τὸν

190 1250 524 1322 προύχοντα,
548 1252 877 1307 καταϐαλεῖν
901 1253 959 1307 δὲ
994 1254 1091 1323 οὐχ
1123 1252 1289 1320 ἅπαξ,
1320 1254 1433 1307 ἀλλ’
1465 1256 1521 1307 ἐν
1552 1254 1634 1307 ἑνὶ
1678 1254 1778 1324 μὲν

190 1343 480 1407 πολλάκις,
521 1347 616 1398 καὶ
645 1347 703 1399 ὲν
729 1344 895 1417 ὀλίγῳ
929 1346 1129 1417 καιρῷ.
1156 1347 1253 1410 Τίς
1294 1342 1390 1400 οὖν
1418 1345 1526 1416 ἄρα
1558 1348 1617 1400 ἐν
1646 1347 1795 1417 ἡμῖνς

188 1437 255 1490 τὸ
280 1438 339 1489 ἐν
371 1440 486 1500 τοῖς
513 1437 595 1490 ἔτι
634 1438 844 1509 χείροσι
892 1438 1146 1507 γενέσθαι
1178 1438 1557 1507 διαφεύξεται,
1592 1437 1625 1508 ἢ
1662 1436 1779 1501 πῶς

188 1525 409 1590 ἀνθέξει
431 1544 515 1590 τις
554 1527 777 1597 ἕτερος,
813 1527 911 1581 τοῦ
949 1527 1157 1597 Πέτρου
1193 1529 1534 1598 κινουμένου,
1568 1528 1662 1580 καὶ
1696 1527 1781 1603 τῷ

188 1620 355 1694 βάρει
375 1620 485 1672 τῶν
501 1620 951 1692 συμϐεϐηκότων,
971 1621 1047 1684 ὡς
1062 1620 1124 1685 ἐξ
1138 1620 1406 1691 ἀνάγκης,
1427 1620 1775 1685 ὑπείκοντος;

188 1713 391 1783 Μάτην
424 1708 517 1765 οὖν
552 1712 681 1782 ἀρα,
724 1713 850 1775 τοὺς
892 1712 988 1764 ἐπὶ
1023 1710 1103 1781 τῷ
1140 1712 1338 1782 χρῆναι
1361 1710 1779 1764 κατακολουθεῖν

1255 320 1326 377 ΙΝ
1350 319 1639 376 JOANNIS
1676 318 2128 376 EVANGELIBM
2170 319 2300 377 LiB.
2344 319 2435 377 IX.

3360 323 3480 379 [ἴδε

1798 433 1860 494 Α
1952 430 2090 497 XIV,
2117 433 2168 487 1.
2204 431 2328 487 Non
2359 432 2597 488 turbetur
2621 451 2713 489 cor
2737 443 2986 490 vestrum.

1950 524 2249 597 Postquam
2277 527 2418 583 dixit
2443 541 2509 583 eo
2539 527 2876 586 inﬁrmitatis
2910 518 3187 587 casurum
3212 528 3475 597 Petrum,

1882 625 1942 671 ut
1968 626 2054 673 ter
2079 628 2384 690 negaturus
2414 621 2506 681 sit,
2541 620 2709 691 idque
2740 636 2849 676 una
2879 621 2933 679 in
2961 630 3134 678 nocte
3154 622 3478 678 eri-eventu-

1883 726 2033 775 rum,
2071 712 2616 768 vehementissimum
2671 714 3049 784 periculorum
3100 725 3304 770 metum
3338 729 3478 783 pro.»

1885 805 2177 875 pemodum
2205 806 2470 861 indicavit
2491 806 2566 861 rei
2590 805 2908 877 hyperbole,
2935 807 3080 862 unde
3106 807 3232 877 jure
3264 806 3482 861 merito-

1884 896 1978 949 alii
2007 897 2193 951 statim
2224 896 2485 967 discipuli
2508 898 2650 968 apud
2683 914 2743 953 se
2774 900 3021 969 cogitare
3053 907 3318 969 poterant
3342 899 3480 969 qui--

1886 1001 2011 1041 nam
2038 994 2095 1042 ει
2126 997 2371 1058 quantus
2396 998 2546 1045 εεεει
2591 1005 2778 1044 rerum
2815 990 3130 1044 futurarum
3171 998 3387 1056 metus,
3413 999 3475 1044 et

1884 1094 2050 1150 quam
2082 1081 2263 1150 gravis
2298 1088 2353 1136 et
2409 1090 2725 1153 expugnatu
2773 1082 3011 1140 dillicilis
3051 1083 3317 1147 tentatio,
3344 1098 3481 1154 quae:

1885 1174 2225 1243 praecipuum
2256 1180 2311 1227 et
2366 1172 2633 1229 eximium
2674 1174 2831 1229 illum
2891 1175 3159 1230 iuvasura
3207 1184 3375 1239 esset,
3412 1184 3467 1229 et

1884 1264 2165 1333 dejectura
2225 1281 2337 1319 non
2405 1266 2617 1330 semel,
2668 1266 2765 1322 sed
2805 1267 2858 1322 in
2914 1283 3025 1322 nuo
3078 1283 3243 1336 smpe,
3290 1283 3470 1336 eoque

1886 1357 2037 1412 brevi
2064 1364 2335 1425 tempore.
2365 1356 2503 1422 Quis
2524 1370 2772 1413 nostrum
2803 1360 2970 1429 igitur
2993 1360 3266 1415 deteriore
3288 1359 3467 1413 adhuc

1887 1449 2011 1504 loco
2039 1464 2147 1504 non
2179 1449 2306 1512 erit,
2348 1458 2443 1504 aut
2475 1451 2758 1520 quomodo
2810 1452 3029 1507 resistet
3059 1451 3214 1507 alius
3237 1452 3384 1507 ullus
3420 1452 3465 1506 si

1885 1541 2083 1598 Petrus
2114 1541 2457 1606 concutitur,
2489 1550 2544 1598 et
2601 1558 2832 1598 casuum
2894 1544 3162 1615 gravitati
3199 1545 3348 1599 velut
3400 1560 3469 1599 ex

1887 1632 2220 1690 necessitate
2269 1635 2629 1690 succumbit?
2685 1614 2913 1690 Frustra
2950 1614 3118 1708 igitur
3182 1636 3246 1691 in:
3280 1653 3355 1693 eo
3383 1652 3469 1691 se-

1887 1726 2108 1795 quendo
2138 1726 2353 1781 labores
2386 1728 2750 1796 pertulimus,
2787 1734 2842 1783 et
2897 1728 2953 1782 in
3010 1742 3191 1783 vanos
3238 1729 3480 1785 sudores

192 1803 345 1873 αὑτῷ
395 1802 800 1874 διηντλήκαμεν
834 1802 1054 1865 πόνους,
1085 1804 1179 1856 καὶ
1200 1804 1281 1866 είς
1308 1802 1514 1873 ζημίαν
1541 1802 1783 1874 ἱδρώτων

1897 1817 2090 1872 abeunt
2116 1817 2289 1872 nostri
2318 1825 2579 1879 conatus,
2611 1818 2864 1888 quamvis
2900 1818 3045 1887 apud
3097 1818 3271 1873 Deum
3301 1821 3475 1872 vitam

188 1896 493 1966 ἐκτελευτᾷ
520 1897 583 1949 τὸ
612 1895 972 1967 ἐπιχείρημα,
994 1894 1172 1948 καίτοι
1197 1895 1343 1965 ζωῆς
1363 1896 1463 1965 τῆς
1490 1895 1643 1968 παρά
1665 1893 1782 1964 Θεῷ

192 1990 458 2060 πρόξενον
486 1985 628 2041 εἶναι
653 1988 866 2042 δοκοῦν.
894 1988 1085 2043 Ταῦτά
1108 2006 1191 2041 τοι
1236 1986 1358 2041 καθ’
1380 1989 1616 2052 ἑαυτοὺς
1645 1988 1787 2040 διενο

190 2080 489 2151 θυμείσθαι
514 2083 642 2144 τοὺς
672 2081 925 2152 μαθητὰς
951 2082 1012 2135 τὺ
1038 2083 1267 2146 ἀπεικὸς
1295 2083 1449 2136 οὐδέν
1469 2097 1482 2112 ·
1510 2081 1701 2152 ἐπειδὴ
1728 2081 1801 2135 δὲ.

192 2174 531 2244 κεκλιμένην
554 2175 740 2237 αὑτοῖς
770 2172 871 2244 τὴν
902 2173 1143 2227 διάνοιαν
1164 2171 1503 2243 ἐπανορθοῦν
1543 2172 1649 2225 ἔδει
1679 2170 1785 2225 πά-

192 2268 302 2332 λιν,
324 2270 626 2338 ἀναγκαῖον
656 2266 846 2338 ὥσπερ
880 2269 993 2330 τοῖς
1032 2265 1285 2319 ἐντεῦθεν
1318 2265 1691 2335 διαλογισμοῖς
1728 2280 1803 2322 τεν

193 2361 295 2412 καὶ
333 2360 604 2429 δείμασιν,
646 2359 978 2427 ἀντεπάγειν
1023 2358 1086 2411 τὸ
1150 2358 1467 2429 φάρμακον,
1513 2356 1693 2414 ὅπλον,
1726 2372 1787 2409 τε

196 2451 474 2505 ποιεῖσθαι
500 2451 599 2523 τὴν
629 2450 935 2523 ἀταραξίαν
965 2451 1273 2514 ἐπιτάττει,
1300 2448 1475 2517 λέγων
1493 2463 1505 2476 ·
1541 2466 1558 2498 ι
1578 2446 1671 2518 Μὴ
1693 2464 1788 2500 τα-

198 2545 491 2615 ρασσέσθω
521 2545 676 2616 ὑμῶν
706 2546 740 2616 ἡ
762 2544 981 2617 καρδία.
1016 2563 1037 2596 ι
1077 2545 1223 2615 Ὅρα
1251 2560 1315 2612 γε
1349 2542 1480 2613 μὴν,
1515 2542 1664 2604 ὅπως
1697 2543 1791 2594 ἐπ-

195 2640 579 2710 εσκιασμένως
631 2640 816 2703 αὐτοῖς
865 2640 967 2709 τῆς
1003 2638 1271 2709 ἐσομένης
1302 2637 1489 2699 αὑτοῖς
1524 2633 1791 2706 μικροψυ-

197 2731 326 2801 χίας
365 2731 709 2802 ὑπισχνεῖται
743 2730 842 2801 τὴν
869 2732 1087 2798 ἄφεσιν.
1150 2727 1654 2791 ’Δκατακαλύπτως
1691 2726 1792 2796 μὲν

197 2824 313 2894 γὰρ
350 2821 411 2875 οὑ
444 2839 630 2892 φησιν,
668 2824 750 2875 ὅτι
776 2820 1175 2890 Συγγνώσομαι
1206 2821 1301 2874 καὶ
1330 2820 1716 2890 ὴσθενηκὸσιν,
1756 2818 1793 2888 ἢ

196 2918 282 2969 ὅτι
314 2915 618 2984 Συνέσομαι
637 2914 801 2968 πάλιν
832 2915 985 2968 οὐδὲν
1016 2908 1179 2985 ἦττον
1203 2910 1605 2984 ἀρνησαμένοις
1634 2909 1667 2979 ἢ
1694 2927 1793 2961 πε-

198 3004 487 3075 φευγόσιν,
509 3005 597 3058 ἴνα
623 3005 698 3074 μὴ
719 3005 811 3057 τὸν
830 3006 895 3056 ὲκ
911 3003 1007 3057 τοῦ
1030 3003 1295 3071 γελᾶσθαι
1314 3006 1331 3025 ⁶
1350 3001 1518 3073 φόϐον
1530 2999 1794 3064 ὀλοτελῶς

198 3098 539 3167 ἀποστήσας,
595 3097 692 3150 καὶ
720 3096 819 3167 τὴν
869 3098 935 3149 ἐκ
980 3095 1075 3148 τοῦ
1132 3093 1500 3167 προσκρούειν
1534 3092 1793 3146 ὑπόνοιαν

1886 1906 2189 1962 conciliare
2218 1905 2535 1962 videantur.
2568 1910 2695 1962 Haec
2727 1906 2871 1978 apud
2893 1922 2953 1963 se
2981 1908 3291 1977 discipulos
3319 1910 3479 1979 cogi—

1887 2007 2006 2053 tare
2039 2014 2150 2053 non
2181 2001 2280 2055 abs
2307 2015 2365 2057 re
2400 1999 2635 2056 dixerim
2666 2019 2679 2055 :
2726 2000 2825 2055 sed
2874 2014 3001 2054 cum
3052 2000 3331 2055 labantem
3359 2001 3478 2054 aui-

1886 2108 2035 2145 mum
2073 2108 2268 2147 rursus
2300 2094 2514 2163 erigere
2554 2102 2703 2148 esset
2735 2093 2815 2149 eis
2848 2107 3028 2163 operae
3062 2094 3323 2164 pretium,
3374 2108 3475 2147 ne-

1887 2185 2189 2239 cessarium
2219 2184 2631 2255 quodammodo
2660 2186 2749 2242 his
2790 2185 3222 2255 cogitationibus
3257 2200 3320 2240 ac
3354 2194 3469 2240 ter-

1887 2276 2108 2331 roribus
2141 2276 2301 2330 ollert
2330 2278 2661 2343 remedium,
2687 2294 2896 2349 eosque
2947 2277 3249 2334 securitate
3302 2277 3471 2332 animi

1889 2367 2092 2420 armari
2124 2366 2280 2437 jubet
2301 2368 2524 2423 dicens:
2554 2385 2575 2420 ι
2606 2366 2723 2423 Non
2751 2368 3006 2423 turbetur
3029 2383 3126 2422 cor
3147 2376 3414 2422 vestrum.
3447 2386 3464 2418 ι

1891 2458 2025 2512 Vide
2050 2448 2228 2528 porro
2268 2468 2328 2513 ut
2354 2461 2437 2515 eis
2464 2459 2790 2515 adumbrate
2820 2459 3160 2514 inﬁrmitatis
3191 2460 3471 2515 remissio-

1892 2566 2014 2606 nem
2049 2552 2396 2621 polliceatur.
2438 2551 2551 2607 Nee
2579 2553 2723 2607 enim
2777 2560 2965 2623 aperte
3027 2552 3104 2607 ait
3146 2568 3205 2607 se
3253 2552 3473 2606 veniam

1890 2641 2151 2696 daturum
2200 2643 2367 2696 etiam
2421 2642 2693 2704 inﬁrmis,
2745 2650 2839 2695 aut
2876 2640 3063 2697 denuo
3127 2648 3474 2695 versaturum

1892 2747 2018 2787 cum
2056 2732 2125 2789 iis
2158 2748 2188 2786 a
2219 2734 2424 2803 quibus
2457 2743 2691 2803 negatus
2724 2732 2910 2795 fuerit,
2937 2742 3031 2787 aut
3059 2732 3159 2802 qui
3207 2730 3468 2802 fugerint,

1892 2842 1962 2881 ne
1994 2835 2139 2881 metu
2180 2826 2471 2896 supplicii‘
2507 2826 2748 2887 sublato,
2774 2835 2829 2881 et
2852 2823 3176 2880 otl‘ensionis
3207 2822 3472 2894 opinione

1895 2934 2126 2988 prorsus
2165 2918 2457 2973 amandata
2480 2918 2742 2989 perfacile
2764 2919 2848 2972 eis
2879 2925 3165 2989 peccatum
3191 2914 3471 2978 redderet,

1896 3018 1951 3063 et
1979 3008 2286 3077 negationis
2326 3010 2544 3078 culpam
2574 3022 2673 3078 pro
2707 3008 2878 3062 nihilo
2914 3007 3194 3062 aestimare
3233 3008 3471 3061 doceret.

1901 3099 2037 3152 Cum
2089 3106 2270 3153 autem
2336 3098 2556 3153 diccbat
2608 3099 2821 3153 turbari
2854 3114 2961 3153 non
3010 3106 3286 3167 oportere,
3332 3097 3475 3151 inter

196 3187 465 3250 ὀλοτελῶς
518 3185 735 3256 ἀφελὼν
762 3227 776 3248 ,
843 3185 985 3241 λεῖον
1034 3186 1222 3248 αὐτοῖς
1283 3183 1675 3256 ἀπεργάσηται
1729 3181 1791 3235 τὸ

1898 3189 2057 3259 761
2102 3204 2253 3256 spem
2292 3203 2355 3241 ac
2382 3196 2587 3243 metum
2623 3204 2719 3244 eos
2755 3187 3011 3258 ponebat,
3047 3198 3106 3243 ut
3136 3186 3370 3242 infirmis
3409 3187 3476 3240 iis

202 3280 591 3351 πλημμέλημα
612 3322 627 3344 ,
667 3280 763 3333 καὶ
794 3279 926 3349 παρ’
964 3278 1119 3333 οὐδὲν
1149 3276 1425 3332 ποιεῖσθαι
1469 3275 1656 3346 διδάξῃ
1690 3274 1790 3345 τὴν

200 3375 269 3426 ἐκ
288 3374 387 3442 τῆς
404 3373 685 3444 ἀρνήσεως
715 3371 946 3443 μέμψιν.
972 3372 1045 3424 Τὸ
1078 3371 1137 3424 δὲ
1168 3370 1232 3442 δὴ
1255 3369 1330 3441 μὴ
1354 3369 1556 3440 χρῆναι
1588 3367 1793 3438 ταράτ-

200 3465 396 3519 τεσθαι
424 3465 620 3535 λέγων,
655 3466 852 3536 μέσους
872 3465 1071 3528 αὑτοὺς
1103 3463 1320 3526 ἐλπίδος
1343 3462 1512 3517 ἐτίθει
1566 3462 1661 3514 καὶ
1682 3459 1792 3515 δεί-

206 3575 401 3629 ματος,
435 3559 501 3613 ἶν’
539 3558 871 3629 ἠσθενηκόσι
927 3558 1027 3626 μὲν
1071 3556 1163 3609 καί¹
1206 3553 1700 3616 παθοῦσιναὺτοῖς
1733 3553 1795 3606 τὸ

204 3649 553 3720 ἀνθρώπινον
583 3652 615 3721 ἡ
647 3653 747 3722 τῆς
778 3648 1118 3720 ἡμερότητος
1165 3646 1321 3709 ἐλπὶς
1369 3646 1506 3716 πρὸς
1565 3644 1794 3699 τὸκάναν

209 3743 415 3813 σφῆλαι
431 3744 692 3812 συμμαχῇ
702 3781 717 3803 ,
734 3740 982 3808 ὀλιγάκις
996 3739 1052 3791 δὲ
1066 3737 1279 3791 πταίειν
1290 3739 1318 3791 ὁ
1328 3735 1421 3789 τοῦ
1434 3734 1795 3806 προσκρούειν
1822 3774 1823 3777 η

205 3837 408 3898 αὐτοὺς
436 3833 707 3904 ἐπιτρέπῃ
742 3831 927 3901 φόϐος,
951 3829 1183 3901 ἐπείπερ
1216 3829 1402 3892 αὐτοῖς
1431 3826 1592 3881 οὔπω
1624 3826 1796 3897 μετῆν

205 3932 270 3983 τὸ
294 3929 370 4002 μὴ
397 3928 655 3981 δύνασθαι
674 3925 984 3980 διαπίπτειν
1014 3923 1172 3987 ὅλως,
1199 3922 1355 3975 οὔπω
1381 3923 1799 3991 κατημφιεσμέά

207 4039 325 4083 νοις
354 4021 457 4090 τὴν
497 4019 703 4075 ἀνωθεν
754 4018 852 4071 καὶ
896 4018 995 4088 τὴν
1046 4016 1107 4081 ἐξ
1139 4014 1308 4085 ὕψους
1357 4013 1611 4083 δύναμιν,
1649 4011 1796 4067 τοῦτ’

208 4114 349 4176 ἔστι,
379 4112 478 4184 τὴν
510 4111 599 4165 διὰ
630 4110 723 4165 τοῦ
760 4110 1081 4181 Πνεύματος
1100 4111 1283 4180 χάριν.
1338 4107 1646 4161 Ἐπιτάττει
1683 4124 1798 4160 τοι-

210 4203 419 4275 γαροῦν
450 4203 524 4274 μὴ
551 4200 942 4274 ταράττεσθαι,
985 4200 1121 4271 ὁμοῦ
1152 4200 1251 4269 μὲν
1282 4198 1571 4261 διδάσκων,
1608 4199 1801 4270 ὅτιπερ

211 4298 484 4369 προσήκοι
536 4296 602 4366 δὴ
637 4296 856 4357 πάντως
913 4294 1171 4364 ἀμείνους
1215 4287 1357 4344 εἶναι
1389 4290 1591 4353 δειλίας
1619 4332 1634 4356 ,
1673 4291 1802 4353 τοὺς

213 4388 580 4460 ἀγωνίζεσθαι
616 4388 911 4459 μέλλοντας
961 4374 1058 4439 καὶ
1081 4386 1207 4448 τοὺς
1234 4384 1373 4455 ὑπὲρ
1409 4384 1508 4454 τῆς
1533 4384 1612 4447 είς
1633 4383 1801 4453 ἀκρον

213 4482 467 4546 εὐκλείας
486 4480 835 4551 εἰσϐήσεσθαι
856 4479 1072 4541 πόνους.
1099 4476 1260 4545 Μέγα
1283 4476 1392 4547 γάρ
1406 4477 1492 4539 είς
1513 4475 1801 4546 εὐτολμίαν

1897 3291 1952 3335 et
1982 3281 2207 3335 humani
2267 3280 2526 3351 quiddam
2561 3280 2899 3349 patientibus
2932 3279 3196 3334 bonitatis
3245 3294 3372 3349 spes
3409 3278 3477 3331 ad

1897 3372 2280 3441 respirandum
2331 3371 2718 3441 opitularetur,
2771 3379 2828 3427 et
2883 3386 3010 3426 raro
3051 3370 3250 3426 cadere
3306 3369 3469 3424 oll‘en-

1898 3463 2061 3518 dendi
2096 3475 2271 3519 metus
2298 3480 2395 3519 eos
2441 3462 2785 3528 admoueret,
2832 3454 3276 3534 quandoquidem
3312 3472 3491 3532 penes

1898 3573 1994 3613 eos
2047 3556 2290 3610 nondum
2345 3565 2465 3610 erat
2516 3563 2576 3610 ut
2638 3555 2836 3611 cadere
2898 3571 3007 3609 non
3038 3561 3295 3624 possent,
3353 3568 3479 3607 cum

1901 3647 2141 3704 nondum
2172 3649 2374 3702 virtute
2402 3664 2646 3718 superna
2678 3656 2731 3700 et
2756 3664 2821 3702 ex
2856 3649 2965 3702 alto
2997 3646 3171 3700 induti
3206 3643 3477 3707 essent“,

1903 3744 2008 3798 hoc
2045 3742 2396 3812 estSpiritus
2426 3743 2623 3810 gratia.
2660 3740 2822 3796 Jubet
2856 3743 3042 3810 itaque
3076 3748 3135 3794 ut
3193 3756 3303 3793 non
3362 3745 3480 3791 tur-

1902 3836 2119 3899 bentur,
2161 3849 2269 3889 non
2321 3834 2489 3894 modo
2524 3833 2743 3903 quidem
2798 3831 3004 3886 docens
3055 3840 3204 3886 metu
3255 3829 3481 3883 omnino

1902 3928 2213 3997 superiores
2248 3943 2371 3982 esse
2402 3927 2604 3983 debere
2620 3925 2725 3996 .qui
2758 3924 3026 3979 certaturi
3058 3934 3211 3986 sunt,
3274 3930 3329 3976 et
3382 3921 3477 3991 qui

1903 4035 2004 4090 pro
2057 4034 2270 4076 summa
2304 4018 2475 4090 gloria
2534 4017 2749 4072 labores
2796 4024 2927 4073 sunt
2984 4015 3194 4073 inituri.
3228 4012 3481 4083 Magnum

1903 4112 2087 4182 itaque
2138 4110 2203 4165 ad
2258 4110 2428 4173 animi
2485 4110 2743 4163 virtutem
2798 4105 3108 4166 subsidium
3173 4111 3260 4160 est
3328 4118 3482 4156 meus

1905 4205 2311 4275 imperterrita:
2351 4220 2543 4261 verum
2583 4202 2750 4262 etiam
2797 4201 3098 4256 obscurius
3156 4214 3257 4253 nec
3286 4197 3479 4249 admo-

1905 4299 2037 4353 dum
2068 4306 2275 4369 aperte,
2304 4296 2650 4352 remissionis
2692 4304 2873 4349 tamen
2914 4307 3067 4362 spem
3104 4291 3482 4351 subinserens,

1906 4387 2037 4441 licet
2080 4401 2147 4441 ex
2202 4385 2522 4441 infirmitate
2574 4384 2815 4439 humana
2862 4384 2917 4437 in
2974 4382 3322 4437 timiditatem
3374 4380 3483 4433 labi

1908 4475 2224 4546 contigerit.
2261 4476 2493 4530 Animus
2557 4475 2704 4530 enim
2760 4487 2997 4542 superna
3034 4472 3211 4541 gratia
3240 4470 3483 4524 nondum

216 4575 430 4644 ἐφόδιον
456 4576 486 4627 ό
514 4572 788 4644 ἀτάραχος
812 4570 936 4634 νοῦς
966 4564 988 4599 ·’
1006 4568 1145 4641 ὁμοῦ
1173 4568 1231 4621 δὲ
1271 4563 1338 4621 αὖ
1371 4566 1532 4621 πάλιν
1558 4567 1791 4638 ἀμυδρό-

1911 4568 2184 4632 lirmatus,
2219 4566 2444 4621 timidus
2478 4573 2585 4633 est,
2616 4582 2682 4623 ac
2711 4565 2874 4619 facile
2906 4565 3153 4625 concuti,
3189 4563 3490 4631 statimque

214 4683 398 4739 τερον,
435 4665 529 4719 καὶ
562 4666 622 4718 οὑ
651 4663 861 4734 σφόδρα
888 4660 1167 4729 διαφανῶς
1191 4700 1205 4723 ,
1249 4657 1598 4727 ὑποσπείρων
1626 4657 1670 4710 δ’
1709 4652 1802 4710 οὖν
1829 4701 1832 4704 .

215 4761 366 4830 ὅμως
422 4758 520 4828 τῆς
561 4756 813 4826 ἀφέσεως
846 4753 943 4824 τὴν
978 4752 1189 4818 ἐλπίδα,
1217 4752 1312 4803 καὶ
1358 4752 1421 4807 εί.
1445 4749 1801 4819 γένοιτόνπως

218 4855 407 4916 αὐτοῖς
446 4853 508 4905 τὸ
551 4852 611 4915 ἐξ
648 4848 1002 4921 ἀνθρωπίνης
1055 4843 1422 4915 μικροψυχίας
1463 4842 1805 4896 κατολισθεῖν

219 4948 305 5009 εἰς
338 4944 562 4997 δειλίαν.
599 4942 744 5006 Νοῦς
788 4941 898 5013 γὰρ
946 4939 1101 4992 οὔπω
1150 4939 1217 5008 τῇ
1246 4934 1479 5013 ἀνωθεν»
1518 4934 1805 5005 ίδρυμένος

220 5039 427 5109 χάριτι.
464 5035 638 5097 δειλός
668 5052 729 5087 τε
780 5035 875 5087 καὶ⁵
898 5031 1323 5100 εύανάτρεπτος,
1364 5027 1458 5079 καὶ
1489 5026 1569 5088 είς
1590 5027 1652 5079 τὸ
1681 5027 1805 5079 κλο-

1914 4659 2127 4713 turbari
2196 4661 2355 4715 solet.
2393 4657 2741 4729 Proindeque
2780 4656 2988 4711 Paulus
3043 4655 3489 4725 sapientissimus

1918 4752 2058 4807 bene
2084 4768 2315 4823 precans
2346 4752 2630 4807 nonnullis
2655 4751 2891 4808 scribit:
2944 4768 2962 4801 ι
3004 4749 3072 4804 Εῑ
3105 4763 3208 4818 pax
3256 4746 3487 4812 Christi,

1905 4860 2027 4914 quae
2080 4853 2378 4916 exsuperat
2427 4860 2646 4899 omnem
2698 4859 2949 4906 sensum,
3007 4841 3287 4899 custodiat
3320 4841 3489 4896 corda

1905 4942 2092 4991 vestra
2114 4937 2185 4990 “.
2235 4957 2254 4989 ι
2306 4936 2363 4991 ld
2392 4937 2538 4990 enim
2586 4945 2690 5002 est,
2740 4943 2800 4989 ut
2833 4950 2941 4989 non
2973 4934 3234 4990 turbetur
3274 4948 3371 4986 cor
3400 4946 3493 4985 ve-

1912 5038 2110 5085 strum.

216 5128 425 5181 νεῖσθαι
457 5126 644 5196 ταχύς.
669 5122 768 5178 Διά
788 5140 871 5176 τοι
899 5120 1091 5183 τοῦτο,
1126 5117 1221 5170 καὶ
1255 5118 1285 5169 ὁ
1348 5115 1664 5186 σοφώτατος
1725 5116 1937 5180 Παῦλος
2000 5122 2365 5191 ἐπευχόμενός
2408 5140 2552 5176 τισιν
2602 5118 2945 5175 ἐπιστέλλει·
3010 5139 3027 5171 ι
3064 5120 3174 5174 Καὶ
3224 5120 3255 5187 ὴ
3303 5115 3492 5185 εἰρήνη

216 5219 317 5271 τοῦ
348 5217 589 5289 Χριστοῦ
616 5258 630 5279 ,
671 5217 704 5282 ἠ
739 5214 1084 5286 ὑπερέχουσα
1121 5212 1301 5265 πάντα
1330 5208 1454 5263 νοῦν
1503 5211 1804 5282 φρουρήσει
1840 5211 1940 5273 τὰς
1967 5213 2192 5284 καρδίας
2217 5214 2391 5285 ὑμῶν.
2431 5235 2448 5266 ι
2485 5214 2658 5270 Τοῦτο
2684 5218 2791 5289 γάρ
2814 5217 2929 5268 ἐστι
2962 5212 3021 5265 τὸ
3082 5212 3158 5283 μὴ
3226 5209 3492 5280 ταράττε-

220 5316 347 5367 σθαι
378 5312 479 5383 τὴν
509 5308 758 5380 καρδίαν.

295 5404 614 5459 Πιστεύετε
654 5404 741 5466 εἰς
768 5400 875 5453 τὸν
906 5398 1073 5459 Θεὸν,
1097 5394 1194 5449 καί
1224 5395 1312 5457 είς
1341 5392 1443 5461 ἐμὲ
1468 5398 1803 5451 πιστεύετε.

305 5497 568 5565 Ὁπλίτην
591 5494 886 5566 ἐργάζεται
925 5490 1017 5544 τὸν
1044 5488 1169 5555 ἄρτι
1198 5483 1393 5547 δειλὸν,
1420 5488 1513 5541 καὶ
1537 5487 1625 5541 διὰ
1662 5508 1822 5561 πρα..

232 5591 451 5663 τμάτων
476 5590 540 5640 ἐκ
563 5586 730 5657 φόϐου
756 5583 1085 5657 τραυμάτων
1120 5573 1391 5630 ποιεῖσθαι
1423 5577 1632 5633 κελεύει
1658 5582 1717 5634 τὸ
1751 5584 1808 5635 ἐν

305 5770 349 5800 ⁸⁸
379 5768 515 5824 Luc.
553 5780 705 5831 utv,
737 5762 827 5818 49.
906 5762 950 5794 ³⁵
990 5760 1227 5833 Philipp.
1267 5778 1338 5829 ιν,
1387 5762 1436 5818 ’1.

1989 5393 2106 5447 XIV
2128 5435 2144 5459 ,
2190 5396 2241 5451 1.
2277 5394 2486 5449 Credite
2512 5396 2565 5448 in
2596 5394 2754 5448 Deum
2774 5437 2788 5459 ,
2819 5395 2944 5448 etin
2976 5410 3055 5446 me
3080 5392 3287 5445 credite.

1987 5488 2091 5554 Qui
2118 5489 2281 5542 modo
2311 5488 2536 5543 timidus
2560 5499 2678 5543 erat
2707 5501 2853 5540 nunc
2882 5486 3143 5539 audacem
3179 5481 3498 5538 bellatorem

1918 5580 2089 5644 facit,
2143 5588 2195 5634 et
2243 5595 2339 5649 per
2378 5594 2575 5649 opera,
2623 5592 2687 5633 ex
2734 5576 2959 5632 timoris
3008 5574 3328 5632 vulneribus
3377 5589 3499 5629 ere-

3512 249 3545 303 Ὺ

3528 420 3547 583 l

3536 877 3591 1173 Ξ

3556 1163 3583 1227 ξ
