3892 6202
413 276 517 332 179

1451 282 1509 337 S.
1547 281 1823 338 CYRILLI
1856 282 2333 342 ALEXANDRINI
2364 289 2685 347 ARCIIIEP.

3568 296 3671 358 180

417 403 567 451 ctum
594 402 649 450 et
681 396 874 452 fortem
904 398 1149 453 animum
1174 399 1226 452 in
1255 398 1359 455 ﬁde
1389 400 1502 454 fieri
1531 400 1708 469 jubet.
1733 399 1824 454 Sic
1846 400 1992 455 enim

2124 403 2280 457 ιίστει
2320 407 2539 477 γοργόν.
2588 407 2884 479 Σωζόμεθα
2930 408 3040 480 γὰρ
3066 409 3258 473 οὕτως,
3304 411 3398 464 καὶ
3446 411 3543 481 οὑχ
3570 412 3691 464 ἐτέ-

421 490 724 557 salvamur,
759 506 824 546 ac
860 507 966 546 non
1007 493 1188 557 aliter,
1213 492 1371 563 juxta
1404 494 1538 548 illud
1575 494 1722 564 quod
1757 495 1812 548 in
1843 492 1998 549 Psal-

419 588 526 643 mis
555 587 773 642 canitur
818 602 831 638 :
888 604 907 637 σ
948 585 1216 641 Dominus
1269 586 1602 641 illuminatio
1632 600 1754 641 mea
1788 594 1845 640 et
1878 583 1999 639 Sal-

419 688 581 734 vator
619 694 776 734 meus
823 698 835 732 :
886 694 1048 749 quem
1106 679 1359 734 timebo?
1404 677 1674 735 Dominus
1718 684 2001 748 protector

415 772 543 826 vitae
571 786 723 834 mea},
758 787 788 825 a
821 787 931 841 quo
960 771 1245 841 trepidabo
1276 771 1357 824 δοῖ
1396 771 1822 842 Cunctipotente
1851 771 1999 826 enim

416 864 527 918 Deo
554 879 653 934 pro
680 863 839 918 nobis
866 872 1143 932 pugnante
1169 870 1335 933 atque
1359 878 1459 918 nos
1480 872 1836 934 protegente,
1871 864 1997 933 quis

415 957 576 1011 nobis
619 970 816 1009 nocere
859 955 1081 1025 possit?
1118 954 1255 1020 Quis
1286 963 1496 1009 tantum
1525 955 1749 1011 roboris
1770 956 2001 1012 habitu-

416 1063 514 1101 rus
537 1054 622 1103 est
646 1063 886 1117 unquam
914 1088 930 1113 ,
972 1054 1033 1101 ut
1074 1048 1293 1103 electos
1332 1048 1440 1104 sibi
1473 1048 1734 1117 subjiciat
1762 1090 1775 1111 ,
1805 1057 1861 1103 et
1889 1065 2005 1105 sua:

419 1139 798 1205 perversitatis
854 1137 1124 1193 obnoxios
1176 1136 1395 1191 faciat?
1443 1137 1555 1192 Aut
1597 1140 1724 1209 quis
1755 1141 2005 1209 captivos

421 1231 589 1285 faciat
622 1246 717 1285 eos
759 1231 852 1301 qui
888 1230 1076 1285 divina
1108 1230 1355 1299 undique
1394 1232 1601 1284 muniti
1640 1241 1773 1288 sunt
1821 1247 2006 1286 arma-

423 1333 545 1376 tura
562 1322 586 1375 ’ἶ
632 1320 793 1377 Fides
831 1322 1021 1392 itaque
1063 1332 1344 1376 armatura
1387 1330 1477 1377 cst
1511 1323 1749 1379 infracta
1779 1334 1833 1380 et
1860 1324 1968 1378 lata
1992 1366 2007 1389 ,

421 1430 544 1485 quae
590 1415 861 1487 ignaviam
911 1430 977 1468 ac
1027 1421 1300 1469 terrorem
1343 1416 1592 1481 avertit,
1641 1426 1696 1473 et
1747 1420 2011 1490 nequitia:

422 1508 533 1562 tela
553 1507 710 1561 irrita
740 1515 793 1561 et
823 1506 1043 1560 inutilia
1074 1521 1307 1575 prorsus
1331 1505 1517 1563 eﬁicit.
1547 1507 1686 1563 Cum
1722 1523 1854 1580 ergo
1887 1509 2010 1566 ﬁdei

423 1600 570 1654 ratio
594 1600 669 1653 ita
703 1598 996 1654 sc'habeat
1018 1637 1033 1662 ,
1065 1598 1471 1653 observandum
1494 1608 1582 1656 est
1603 1616 1804 1657 rursus
1820 1602 2011 1672 iussos

2105 513 2237 565 ρως,
2273 498 2391 550 κατ’
2423 499 2600 551 έκεῖνο
2620 498 2684 568 δή
2732 515 2835 551 που
2863 497 2923 549 τὸ
2954 499 3012 550 ὲν
3057 498 3309 567 Ψαλμοῖς
3344 497 3690 568 μελῳδούμε-

2103 604 2221 641 νον·
2267 607 2288 640 ι
2329 588 2532 660 Κύριος
2587 588 2868 658 φωτισμός
2901 604 3003 658 μου
3054 589 3148 641 καὶ
3194 588 3379 658 σωτήρ
3410 604 3534 657 μου,
3566 587 3691 639 τίνα

2105 680 2519 752 φοϐηθήσομαις
2561 679 2767 751 Κύριος
2811 678 3228 750 ὑπερασπιστὴς
3256 679 3355 749 τῆς
3381 678 3530 748 ζωῆς
3562 697 3689 750 μου,

2104 774 2213 827 ἀπὸ
2239 773 2384 836 τίνος
2400 772 2688 831 δειλιάσω;
2714 791 2732 822 ι
2752 770 3247 841 Ὑπερμακχομένου,
3264 770 3393 841 γὰρ,
3411 771 3505 823 καὶ
3531 771 3697 839 ὑπερ-

2105 864 2434 929 ασπίζοντος
2474 863 2633 934 ἡμῶν
2672 861 2766 916 τοῦ
2798 862 2977 916 πάντα
3021 861 3298 932 ἰσχύοντος
3328 860 3486 925 Θεοῦ,
3509 862 3588 922 τίς
3625 860 3696 914 ἂν

2106 958 2254 1027 ἡμᾶς
2279 956 2495 1009 δύναιτο
2523 952 2730 1009 κακοῦν
2750 970 2774 1019 ;,
2809 951 2905 1016 Τίς
2936 952 2995 1005 δὲ
3031 952 3215 1022 ἰσχύος
3255 953 3335 1015 είς
3369 951 3528 1006 τοῦτο
3563 952 3695 1022 69a.-

2112 1050 2294 1118 μεῖται
2337 1046 2522 1117 τυχὸν,
2587 1047 2662 1111 ὡς
2718 1046 2823 1101 ὑπὸ
2869 1048 3028 1116 χεῖρα
3084 1045 3307 1115 ποιῆσαι
3368 1046 3494 1110 τοὺς
3538 1046 3696 1098 ἐκλε-

2110 1141 2296 1203 κτοὺς,
2321 1141 2416 1193 καὶ
2444 1142 2557 1202 τοῖς
2580 1138 2681 1207 τῆς
2701 1137 2897 1192 ἑαυτοῦ
2913 1137 3244 1208 δυστροπίας
3270 1136 3550 1192 ὑποθεῖναι
3590 1156 3697 1191 κα-

2112 1236 2265 1299 κοῖς;
2311 1233 2383 1286 Ἢ
2418 1233 2504 1296 τίς
2535 1233 2602 1285 ἂν
2636 1232 2831 1297 ἕλοιτο,
2868 1233 2962 1286 καὶ
2996 1231 3364 1303 δορυκτήτους
3406 1233 3700 1304 ποιήσαιτο

2110 1328 2240 1389 τοὺς
2282 1326 2380 1396 τὴν
2416 1324 2567 1378 θείαν
2615 1324 2837 1396 ἔχοντας
2888 1325 3248 1394 παντευχίαν;
3290 1324 3490 1379 Ὀπλον
3528 1321 3621 1378 οῦν
3660 1327 3695 1395 ἡ

2115 1417 2323 1480 πίστις,
2354 1414 2599 1487 ἀρραγές
2622 1432 2682 1469 τε
2704 1414 2801 1469 καὶ
2828 1414 3025 1479 πλατὺ,
3052 1414 3146 1466 καὶ
3174 1413 3274 1483 τὴν
3303 1415 3368 1468 ὲκ
3384 1412 3479 1467 τοῦ
3502 1412 3698 1467 παθεῖν

2112 1510 2320 1565 οἴεσθαί
2375 1528 2428 1564 τι
2476 1508 2638 1579 τυχὸν
2688 1507 3005 1578 ἀποτρέπον
3042 1506 3265 1572 δειλίαν,
3325 1507 3585 1576 ἀπρακτά
3635 1523 3699 1560 τε

2118 1601 2399 1665 παντελῶς
2436 1603 2530 1655 καὶ
2563 1600 2797 1671 ἀνόνητα
2818 1598 3096 1662 παντελῶς
3118 1600 3230 1662 τοῖς
3256 1598 3598 1671 πειράξουσι,
3628 1597 3700 1651 τὰ

424 1705 552 1746 esse
579 1689 888 1760 discipulos
919 1706 1027 1743 non
1064 1690 1121 1744 in
1162 1690 1332 1745 Deum
1361 1700 1574 1747 tantum
1616 1694 1843 1750 credere
1866 1735 1881 1760 ,
1916 1696 2011 1751 sed

2124 1696 2215 1766 τῆς
2244 1694 2511 1766 πονηρίας
2539 1693 2719 1747 αὑτῶν
2746 1689 3040 1747 ἀποτελοῦν
3070 1690 3223 1761 βέλη.
3258 1691 3513 1761 Ἔχοντος
3535 1689 3591 1742 δὲ
3616 1688 3700 1762 οὓς

426 1795 484 1841 et
513 1787 568 1839 in
598 1784 778 1855 ipsum
807 1782 1089 1838 Christum
1116 1824 1131 1849 ,
1173 1800 1281 1838 non
1317 1786 1463 1855 quod
1503 1787 1622 1857 ipse
1654 1788 1806 1843 aliud
1843 1790 2007 1859 quid-

428 1878 553 1932 dam
606 1877 688 1933 sic
730 1890 794 1931 ac
831 1875 1113 1932 diversum
1154 1892 1184 1930 a
1219 1876 1329 1933 Deo
1368 1881 1677 1936 secundum
1711 1890 1966 1939 naturam
1993 1925 2008 1949 ,

427 1969 715 2025 identitate
747 1969 1010 2023 nimirum
1045 1969 1371 2028 substantiae
1398 1991 1420 2040 ;
1447 1973 1544 2029 sed
1575 1975 1729 2045 quia,
1757 1976 1845 2033 his
1873 1978 2013 2033 dun-

428 2069 582 2117 taxat
608 2061 835 2118 credere
866 2062 921 2116 in
950 2060 1143 2126 Deum,
1181 2063 1303 2119 ﬁdei
1331 2066 1664 2137 completam
1687 2084 1812 2125 esse
1841 2071 2011 2125 ratio-

429 2173 555 2212 nem
616 2156 941 2213 existimare
971 2198 987 2224 ,
1036 2156 1282 2212 Iudaica:
1328 2159 1738 2228 quodammodo
1778 2162 2015 2219 levitatis

432 2250 716 2320 proprium
750 2249 920 2322 762,
943 2260 1059 2315 est,
1089 2250 1193 2305 ﬁde
1220 2266 1353 2306 vero
1379 2253 1433 2307 in
1460 2251 1630 2308 Deum
1660 2252 1781 2309 Filii
1816 2271 2013 2311 nomen

434 2341 758 2401 includere,
822 2339 1229 2410 praedicationis
1291 2342 1624 2412 evangelica:
1682 2354 2014 2414 prmoeptum

435 2450 559 2489 esse
591 2433 824 2487 videtur.
854 2432 1143 2503 Quotquot
1168 2432 1315 2487 enim
1342 2442 1493 2488 recte
1525 2434 1813 2498 sentiunt,
1843 2435 2016 2491 Deum

436 2541 501 2580 ac
532 2524 748 2581 Patrem
789 2526 1015 2581 credere
1053 2533 1305 2596 oportet,
1357 2542 1535 2597 neque
1585 2528 1912 2600 simpliciter
1964 2530 2019 2585 in

436 2616 637 2671 Filium
665 2658 679 2683 ,
714 2617 809 2673 sed
854 2626 911 2673 et
962 2617 1115 2672 illum
1156 2619 1503 2674 incarnatum
1531 2660 1546 2686 ,
1592 2626 1647 2675 et
1677 2622 1732 2675 in
1766 2631 2020 2678 sanctum

440 2709 733 2780 Spiritum.
779 2708 979 2764 Sancta
1028 2711 1174 2765 enim
1222 2718 1276 2764 et
1319 2711 1811 2768 consubstantialis
1835 2712 2025 2768 Trini-

439 2810 528 2856 tas
555 2843 570 2866 ,
606 2809 659 2855 et
689 2801 975 2855 nominum
1004 2798 1365 2866 differentiis,
1410 2810 1465 2855 et
1493 2816 1854 2870 personarum
1888 2819 2024 2874 qua—

440 2892 697 2946 litatibus
749 2906 812 2945 ac
875 2891 1308 2962 proprietatibus
1366 2890 1733 2964 distinguitur
1779 2909 1792 2945 :
1863 2893 2026 2949 Pater

441 2983 587 3035 enim
627 2990 714 3036 est
758 2980 955 3044 Pater,
1001 2995 1065 3035 ac
1120 2994 1229 3034 non
1275 2976 1451 3033 Filius
1479 3019 1495 3043 ,
1540 2991 1594 3035 et
1627 2979 1799 3036 Filius
1830 2998 2025 3037 rursus

2111 1806 2190 1842 τω
2216 1788 2309 1841 τοῦ
2332 1789 2431 1857 τῆς
2461 1786 2697 1849 πίστεως
2717 1784 2901 1853 λόγου,
2930 1783 3103 1837 πάλιν
3119 1785 3295 1837 έκεῖνο
3322 1782 3698 1836 διασκεπτέον

2111 1880 2491 1937 διεκελεύσατο
2511 1878 2626 1950 γὰρ
2643 1877 2920 1932 πιστεύειν
2946 1878 3164 1940 αὐτοὺς,
3194 1876 3293 1929 οὐκ
3324 1876 3404 1937 είς
3422 1873 3579 1944 μόνον
3608 1873 3705 1926 τὸν

2112 1976 2270 2038 Θεὸν,
2313 1974 2450 2028 ἀλλὰ
2500 1973 2593 2025 καὶ
2630 1973 2711 2036 είς
2754 1971 2937 2037 αὑτὸν,
2988 1970 3087 2040 οὐχ
3125 1970 3201 2033 ὡς
3230 1969 3416 2040 ἔτερόν
3456 1986 3510 2021 τι
3548 1968 3704 2037 παρά

2113 2071 2205 2123 τὸν
2252 2068 2381 2121 ὄντα
2412 2066 2573 2136 φύσει
2613 2064 2747 2119 Θεὸν
2793 2064 3054 2134 ὑπάρχων
3102 2062 3283 2127 αὑτὸς,
3334 2062 3457 2115 ὅσον
3505 2062 3584 2121 είς
3617 2060 3705 2113 οὑ-

2117 2162 2240 2226 σίας
2282 2162 2585 2230 ταυτότητα
2622 2158 2798 2226 λέγω,
2831 2156 2945 2209 ἀλλ’
2973 2157 3054 2209 ὅτι
3082 2155 3145 2209 τὸ
3174 2155 3253 2218 είς
3295 2153 3428 2206 Θεὸν
3481 2152 3704 2207 πιστεῦ-

2118 2272 2231 2314 σαι,
2272 2252 2328 2306 ἔν
2362 2269 2419 2304 τε
2455 2250 2630 2321 τούτῳ
2664 2248 2811 2319 μόνῳ
2843 2246 2921 2316 τῷ
2956 2248 3180 2317 ῥήματι,
3209 2244 3302 2298 τὸν
3332 2246 3429 2314 τῆς
3469 2242 3706 2305 πίστεως

2117 2344 2322 2399 οἴεσθαι
2355 2344 2466 2398 δεῖν
2519 2340 2978 2413 συμπεπερᾶσθαι
3023 2340 3202 2407 λόγον,
3256 2336 3549 2405 Ἰουδαϊκῆς
3583 2332 3706 2399 πώς

2118 2439 2267 2491 ἐστιν
2300 2433 2553 2498 ὑπονοίας
2586 2434 2738 2497 ἴδιον,
2763 2433 2824 2486 τὸ
2848 2432 2906 2486 δὲ
2925 2435 2991 2504 τῇ
3017 2433 3097 2495 είς
3125 2432 3257 2485 Θεὸν
3277 2429 3456 2483 πίστει
3488 2444 3702 2482 συνεισι-

2120 2531 2355 2599 άγεσθαι-
2384 2529 2445 2582 τὸ
2476 2528 2647 2599 ὄνομα
2677 2528 2773 2581 τοῦ
2813 2526 2969 2591 Υἱοῦ,
3010 2524 3383 2596 κηρυγμάτων
3418 2521 3705 2591 εὐαγγελι-

2121 2626 2234 2681 κῶν
2258 2625 2542 2696 ἐπίταγμα
2564 2624 2835 2691 φαίνεται.
2868 2622 2961 2673 Δεῖ
2977 2619 3087 2690 γὰρ
3108 2616 3388 2671 πιστεύειν
3422 2616 3548 2677 τοὺς
3567 2614 3622 2667 οἵ
3640 2631 3704 2681 γε

2123 2717 2411 2790 φρονοῦσιν
2475 2715 2685 2787 ὀρθῶς,
2742 2713 2818 2777 είς
2862 2729 2927 2782 γε
2974 2711 3109 2765 Θεὸν
3165 2710 3406 2778 Πατέρα,
3462 2706 3557 2761 καὶ
3604 2706 3706 2775 οὐχ

2124 2810 2311 2874 ἁπλῶς
2333 2810 2413 2873 είς
2447 2809 2596 2872 Υἱὸν,
2628 2806 2764 2860 ἀλλά
2801 2806 2895 2858 καὶ
2928 2802 3449 2874 ὲνανθρωπήσαντα,
3488 2800 3584 2852 καὶ
3625 2800 3708 2861 εἰς

2123 2903 2183 2956 τὸ
2210 2900 2431 2973 Πνεῦμα
2459 2899 2522 2953 τὸ
2548 2898 2723 2969 ἅγιον.
2758 2898 2822 2950 Ἠ
2874 2896 2973 2967 μὲν
2998 2895 3107 2967 γὰρ
3141 2894 3273 2963 ἀγία
3309 2908 3367 2945 τε
3398 2891 3490 2944 καὶ
3508 2888 3707 2960 ὀμοού-

2130 3012 2242 3058 σιος
2275 2993 2466 3064 Τριάς,
2498 2992 2593 3046 καὶ
2641 2992 2763 3054 ταῖς
2801 2989 2910 3042 τῶν
2942 2988 3222 3057 ὀνομάτων
3268 2984 3571 3053 διαφοραῖς,
3613 2979 3712 3034 καὶ

442 3084 525 3128 est
558 3073 754 3136 Filius,
792 3088 856 3127 ac
888 3086 998 3126 non
1050 3068 1247 3134 Pater,
1284 3076 1341 3123 et
1372 3069 1615 3140 Spiritus
1664 3080 1749 3126 est
1784 3071 2021 3142 Spiritus

2129 3088 2237 3140 τῶν
2266 3085 2574 3157 προσώπων
2594 3082 2844 3154 ποιότησί
2866 3099 2925 3135 τε
2950 3080 3045 3134 καὶ
3069 3079 3291 3148 ἰδιότησι
3318 3074 3706 3130 διαστέλλεταιι

443 3173 672 3219 sanctus
713 3162 1019 3218 divinitatis
1066 3163 1368 3233 proprius:
1410 3174 1465 3218 et
1505 3164 1562 3218 in
1601 3164 1850 3221 eamdem
1891 3167 2023 3221 sub-

445 3255 663 3310 stantiae
709 3254 984 3309 rationem
1024 3254 1316 3318 coalescit,
1366 3269 1478 3309 non
1531 3263 1645 3311 tres
1686 3256 1883 3323 nobis,
1929 3256 2025 3313 scd

443 3358 615 3398 unum
666 3342 839 3399 Deum
898 3344 1239 3413 exprimens.
1299 3343 1572 3402 Distincte
1625 3347 1816 3418 itaque
1867 3349 2025 3406 nobis

443 3435 714 3490 edendam
754 3450 877 3491 esse
910 3434 1067 3490 fidem
1103 3437 1221 3503 aio,
1250 3452 1360 3493 non
1393 3438 1721 3508 simpliciter
1750 3439 2021 3495 dicendo:

444 3524 734 3582 Credimus
766 3527 820 3581 in
855 3526 1049 3592 Deum,
1088 3529 1182 3584 sed
1212 3531 1623 3587 confessionem
1644 3533 2025 3600 extendendo,

446 3626 501 3671 et
547 3618 747 3686 cuique
799 3633 1045 3688 persona:
1083 3622 1333 3677 eamdem
1378 3622 1565 3693 gloriae
1608 3625 1874 3681 rationem
1928 3628 2029 3681 tri-

446 3708 692 3764 buendo.
718 3708 1028 3765 Diﬁ‘erentia
1058 3714 1263 3783 quippe
1296 3714 1417 3769 fidei
1448 3716 1598 3770 nulla
1624 3726 1710 3771 est
1736 3717 1797 3771 in
1825 3719 1987 3774 nobis
2012 3738 2025 3773 :

451 3815 549 3854 nec
578 3802 726 3854 enim
756 3804 931 3872 major
954 3812 1039 3859 est
1077 3806 1130 3858 in
1163 3806 1325 3861 nobis
1360 3806 1493 3864 ﬁdes
1527 3823 1649 3878 quae
1680 3810 1735 3863 in
1774 3809 1990 3865 Patrem
2013 3852 2027 3876 ,

451 3894 633 3947 minor
668 3904 847 3949 autem
876 3911 997 3965 quae
1032 3897 1083 3950 in
1112 3895 1333 3965 Filium,
1364 3909 1419 3955 et
1444 3910 1694 3955 sanctum
1726 3900 2026 3973 Spiritum:

451 3983 546 4037 sed
617 3998 726 4037 una
792 3986 1097 4056 eademque
1140 3988 1510 4046 confessionis
1547 3993 1689 4047 ratio
1728 4009 1794 4047 ac
1832 3995 2031 4051 modus

452 4090 546 4143 per
576 4075 683 4129 tria
719 4076 833 4131 haec
872 4078 1093 4131 nomina
1138 4081 1424 4149 aequaliter
1451 4083 1769 4137 extenditur
1792 4126 1808 4151 ,
1860 4094 1919 4139 ut
1965 4086 2032 4141 ad

452 4168 721 4222 unitatem
756 4176 965 4223 natura:
998 4170 1162 4223 etiam
1195 4187 1291 4241 per
1320 4172 1431 4228 haec
1464 4174 1583 4244 ipsa
1610 4176 1927 4234 coalescere
1954 4179 2033 4233 vi-

451 4258 649 4313 deatur
684 4270 872 4313 sancta
922 4258 1166 4317 Trinitas
1188 4305 1202 4325 ,
1239 4273 1294 4318 et
1319 4263 1596 4335 inculpata
1624 4282 1854 4337 prorsus
1882 4271 2030 4326 circa

455 4352 629 4421 ipsam
661 4351 929 4423 effulgens
952 4353 1149 4422 gloria,
1174 4363 1342 4425 atque
1374 4358 1659 4414 inanimis
1678 4363 1887 4419 nostris
1914 4380 2031 4419 cer-

2128 3180 2316 3251 Πατὴρ
2368 3178 2477 3249 γάρ
2511 3180 2661 3232 ὲστιν
2708 3177 2738 3229 δ
2767 3174 2957 3245 Πατὴρ
2999 3174 3093 3228 καὶ
3138 3173 3237 3242 οὐχ
3268 3170 3413 3233 Υἱὸς,
3459 3166 3553 3221 καὶ
3581 3166 3713 3229 Υἱὸς

2126 3274 2287 3328 πάλιν
2308 3274 2335 3326 ὁ
2363 3272 2486 3335 Υἱὸς
2526 3270 2620 3324 καὶ
2652 3269 2712 3322 οὑ
2764 3267 2975 3338 Πατὴρ,
3009 3266 3105 3320 καὶ
3134 3262 3361 3334 Πνεῦμα
3388 3260 3448 3314 τὸ
3486 3258 3713 3326 Πνεῦμα

2124 3365 2186 3416 τὸ
2222 3362 2376 3431 ἇγιον
2410 3361 2541 3414 ῐδιον
2581 3359 2681 3429 τῆς
2725 3357 3011 3429 θεότητος-ι
3043 3354 3137 3409 καὶ
3172 3355 3253 3417 είς
3294 3352 3384 3405 τὸν
3418 3349 3583 3403 αὑτὸν
3612 3349 3715 3416 τῆς

2127 3454 2314 3518 οὐσίας
2362 3450 2855 3521 ἀνακεφαλαιοῦται
2902 3446 3164 3515 λόγον,οὑ
3198 3447 3346 3517 τρεῖς
3388 3442 3541 3512 ἡμῖν,
3593 3439 3713 3493 ἀλλ’

2127 3546 2222 3599 ἕνα
2241 3544 2381 3598 Θεὸν»
2423 3541 2827 3614 ὲπιγράφουσα.
2864 3538 3013 3609 Πλὴν
3042 3534 3394 3597 εὑδιαστόλως
3440 3532 3583 3603 φημὶ
3601 3530 3717 3583 δεῖν

2127 3639 2285 3709 ἡμᾶς·
2320 3634 2588 3690 ποιεῖσθαι
2633 3633 2732 3704 τὴν
2788 3631 2992 3693 πίστιν,
3039 3628 3137 3698 οὑχ
3201 3625 3399 3689 ἁπλῶς
3430 3624 3710 3693 λέγοντας

2129 3727 2465 3797 Πιστεύομεν
2505 3726 2585 3788 είς
2618 3723 2775 3786 Θεὸν,
2826 3719 2941 3776 ἀλλ’
2987 3717 3351 3787 ὲξαπλοῦντας
3383 3715 3480 3787 τὴν
3522 3715 3715 3785 ὁμολο-

2129 3822 2275 3891 γίαν.
2306 3819 2402 3873 καὶ
2425 3819 2639 3888 ἑκάστῳ
2664 3814 2941 3887 προσώπῳ
2969 3812 3059 3866 τὸν
3084 3812 3245 3867 αὑτὸν
3274 3811 3372 3881 τῆς
3390 3810 3551 3879 δόξης
3581 3810 3716 3867 ἀναι-

2129 3914 2375 3976 τιθέντας
2414 3910 2592 3978 λόγον.
2640 3905 2886 3977 Διαφορά
2922 3905 3031 3974 γὰρ
3068 3905 3304 3967 πίστεως
3346 3900 3571 3970 οὑδεμία
3612 3898 3715 3969 μὲν

2131 4006 2189 4056 ὲν
2219 4005 2371 4074 ἡμῖν,
2393 4001 2452 4054 οὑ
2484 3999 2593 4070 γὰρ
2638 3997 2841 4069 μείζων
2871 3996 2967 4066 μὲν
2998 3996 3055 4048 ὲν
3079 3995 3212 4064 ἡμῖν
3242 3993 3276 4061 ἡ
3302 3990 3485 4053 πίστις
3514 3989 3572 4040 ὲν
3604 3988 3718 4041 Πα-

2130 4096 2241 4166 τρὶ,
2272 4094 2510 4146 ἐλάττων
2534 4090 2591 4144 δὲ
2622 4092 2679 4143 έν
2706 4087 2842 4158 Υἱῴ,
2874 4087 2911 4156 ἢ
2941 4085 3034 4139 καὶ
3065 4087 3123 4138 έν
3153 4083 3230 4153 τῷ
3252 4081 3390 4153 ἁγίῳ
3412 4079 3715 4150 Πνεῦματυ

2133 4185 2250 4239 ἀλλ’
2273 4181 2354 4246 εἷς
2392 4199 2450 4234 τε
2477 4182 2571 4234 καί⁸
2614 4178 2776 4242 αὑτὸς
2802 4176 2901 4247 τῆς
2928 4173 3217 4247 ὁμολογίας
3245 4174 3368 4243 ὅρος
3384 4187 3442 4223 τε
3467 4171 3560 4223 καὶ
3594 4168 3719 4239 τρό-

2134 4294 2235 4340 πος
2257 4274 2348 4330 διὰ
2375 4272 2541 4345 τριῶν
2566 4269 2859 4341 ἐρχόμενος
2883 4264 3162 4336 ὀνομάτων
3186 4261 3371 4331 ὲνίσῳ
3400 4259 3478 4330 τῷ
3511 4258 3716 4329 μέτρῳ,
3806 4310 3809 4311 ,

2137 4370 2226 4424 ἵνα
2252 4368 2388 4438 πρὸς
2421 4365 2655 4435 ἑνότητα
2689 4362 2905 4431 φύσεως
2934 4360 3030 4413 καὶ
3058 4356 3146 4411 διὰ
3172 4354 3376 4409 τούτων
3411 4352 3562 4406 ἰοῦσα
3589 4351 3719 4420 φαί-

454 4451 619 4497 natur
656 4444 708 4497 in
745 4444 960 4500 Patrem
1003 4455 1058 4500 et
1088 4445 1287 4501 Filium
1322 4448 1457 4506 ﬁdes
1480 4493 1494 4514 ,
1536 4453 1699 4507 etiam
1739 4464 2021 4525 postquam

2136 4480 2296 4535 νηται
2334 4460 2495 4514 πάλιν
2530 4460 2563 4527 ἠ
2623 4456 2754 4524 ἁγία
2791 4454 2984 4525 Τριάς,
3026 4447 3439 4519 ἀκατηγόρητὸς
3479 4462 3539 4498 τε
3585 4461 3724 4499 παν-

454 4534 639 4590 factus
665 4543 751 4590 est
788 4536 994 4599 homo,
1047 4546 1102 4592 et
1151 4540 1206 4593 in
1241 4549 1495 4596 sanctum
1534 4544 1819 4614 Spiritum.
1846 4546 2036 4618 Neque

457 4642 647 4693 sanus,
690 4629 905 4697 opinor,
945 4629 1218 4700 quispiam
1257 4646 1287 4685 a
1331 4632 1420 4689 Dei
1458 4636 1640 4691 Verbo
1675 4638 1940 4708 templum
1968 4657 2033 4695 ex

458 4719 682 4792 Virgine
712 4729 1057 4792 assumptum
1086 4725 1427 4792 separaverit
1449 4728 1595 4797 quod
1621 4728 1689 4783 ad
1717 4728 2035 4787 ﬁliationem

458 4811 719 4865 nimirum
766 4812 1003 4866 attinet:
1064 4830 1083 4865 ‹
1127 4813 1286 4871 Unus
1328 4817 1475 4871 enim
1526 4817 1793 4877 Dominus
1851 4832 2040 4880 noster

457 4903 617 4959 Jesus
642 4902 929 4972 Christus,
962 4926 980 4958 ι
1013 4906 1172 4977 juxta
1198 4908 1354 4963 Pauli
1377 4925 1565 4965 vocem
1588 4912 1666 4965 ".
1712 4912 2041 4988 Quicunque

458 5010 589 5050 vero
635 4994 691 5049 in
723 4994 863 5052 duos
895 4996 1037 5054 ﬁlios
1067 5013 1237 5054 unum
1273 5001 1427 5055 illum
1467 5016 1532 5055 ac
1579 5005 1759 5059 solum
1805 5006 1999 5064 dividit
2022 5053 2037 5075 ,

461 5086 622 5142 ﬁdem
648 5085 836 5157 utique
858 5102 1057 5158 negare
1078 5103 1137 5144 se
1158 5104 1391 5159 prorsus
1414 5090 1703 5165 intelligat.
1729 5094 1795 5148 Et
1815 5097 2034 5166 quidem

462 5180 664 5237 Paulus
701 5181 923 5237 divinus
956 5181 1221 5251 praeclare
1251 5181 1320 5236 de
1345 5182 1431 5238 his
1464 5198 1775 5242 sermonem
1808 5195 2003 5245 texens
2024 5233 2039 5254 ,

462 5289 571 5328 non
608 5274 817 5329 nudum
859 5274 928 5329 ad
968 5273 1127 5329 ﬁdem
1159 5274 1375 5330 induxit
1415 5274 1766 5349 Unigenitum
1795 5324 1808 5342 ,
1850 5282 1943 5338 sed
1987 5292 2042 5337 et

463 5367 638 5422 nostri
669 5366 902 5422 similem
922 5410 937 5433 ,
981 5366 1037 5421 id
1077 5374 1166 5423 est
1196 5352 1474 5423 hominem
1502 5408 1519 5435 ,
1563 5371 1658 5441 qui
1704 5379 1759 5427 et
1789 5382 2038 5431 mortuus

462 5469 516 5513 et
537 5459 813 5514 excitatus
834 5468 919 5515 est
951 5473 980 5511 a
1012 5461 1291 5517 mortuis:
1343 5480 1361 5513 ‹
1390 5460 1537 5528 Quid
1589 5462 1771 5529 enim,
1819 5466 2039 5538 inquit,

466 5552 600 5606 dicit
654 5549 993 5621 Scriptura?
1031 5551 1207 5623 Prope
1250 5561 1304 5609 te
1339 5562 1422 5611 est
1450 5555 1676 5611 verbum
1708 5556 1762 5613 in
1799 5573 1895 5616 ore
1925 5571 2039 5629 tuo,

539 5733 585 5767 δ’
624 5734 762 5792 Psal.
805 5751 954 5804 τινι,
994 5736 1078 5797 l0.
1162 5738 1249 5793 ’*'l
1288 5738 1413 5795 Cor.
1455 5755 1576 5811 vm,
1614 5741 1669 5798 6.

2138 4555 2310 4618 τελῶς
2368 4555 2403 4623 ἡ
2460 4550 2591 4621 περ)⁷
2644 4546 2813 4618 αὑτὴν
2867 4543 3253 4614 διαλάμπουσα
3311 4538 3457 4604 δόξα,
3520 4536 3616 4600 καὶ
3665 4535 3725 4588 ὲν

2141 4649 2259 4709 ταῖς
2317 4642 2615 4715 ἡμετέραις
2667 4637 2841 4709 ὁρῷτο
2891 4636 3089 4706 ψυχαῖς
3134 4632 3214 4694 είς
3260 4627 3481 4697 Πατέρα
3521 4625 3616 4678 καὶ
3646 4625 3728 4685 είς

2144 4739 2271 4792 Υίὸν
2309 4739 2343 4808 ἡ
2381 4735 2589 4799 πίστις,
2640 4731 2731 4785 καὶ
2771 4730 2861 4783 ὅτε
2905 4726 3128 4796 γέγονεν
3170 4721 3473 4791 ἄνθρωπος,
3507 4715 3607 4773 καὶ
3648 4716 3728 4777 είς

2142 4831 2205 4884 τὸ
2236 4829 2461 4899 Πνεῦμα
2484 4827 2544 4881 τὸ
2566 4825 2740 4892 ἆγιον.
2775 4821 2885 4877 Καὶ
2907 4820 3006 4873 οὑκ
3043 4816 3130 4881 ἂν,
3154 4810 3327 4883 οἶμαι,
3361 4808 3591 4864 διέλοιτό
3620 4823 3725 4871 τις,

2144 4924 2199 4977 εἰ
2237 4940 2301 4992 γε
2336 4918 2662 4991 σωφρονοίη,
2695 4915 2789 4968 τοῦ
2819 4911 2956 4967 Θεοῦ
2996 4910 3169 4977 Λόγου
3202 4907 3293 4961 τὸν
3334 4908 3399 4959 ὲκ
3443 4901 3728 4973 Παρθένου

2142 5015 2288 5077 ναὸν,
2342 5013 2465 5066 ὅσον
2516 5006 2651 5081 ἧκεν
2702 5009 2783 5069 εἰς
2808 5004 2868 5057 τὸ
2914 5004 3014 5073 τῆς
3048 5000 3292 5068 υίότητος
3340 4994 3531 5067 χρῆμά
3561 5005 3725 5063 φημι’

2150 5124 2168 5156 ι
2206 5100 2301 5169 Εἷς
2325 5107 2434 5175 γάρ
2485 5101 2690 5172 Κύριος
2736 5096 2943 5166 Ἰησοῦς
2986 5092 3241 5165 Χριστὸς,
3279 5108 3303 5140 ιΔ
3344 5085 3611 5154 κατὰτὴν
3633 5081 3729 5135 τοῦ

2142 5198 2356 5254 Παύλου
2391 5196 2596 5265 φωνήν.
2650 5191 2709 5245 Ὀ
2737 5191 2794 5245 δὲ
2822 5188 3123 5258 διατέμνων
3156 5185 3237 5247 εἰς
3266 5181 3402 5235 υίῶν
3441 5177 3608 5231 δυάδα
3637 5175 3733 5228 τὸν

2144 5289 2242 5343 ἕνα
2270 5290 2363 5343 καὶ
2400 5287 2581 5357 μόνον,
2613 5284 2743 5337 ῖστω
2784 5280 2848 5352 δὴ
2872 5280 3091 5341 πάντως
3119 5275 3217 5346 τὴν
3247 5273 3428 5327 πίστιν
3456 5269 3732 5341 ἀρνούμε-

2148 5398 2258 5444 νος.
2299 5381 2411 5433 Καῖ
2440 5378 2569 5449 γοῦν
2604 5378 2633 5429 ὁ
2676 5375 2963 5437 θεσπέσιος
2986 5370 3199 5432 Παῦλος
3243 5369 3337 5421 τὸν
3373 5360 3733 5436 περὶτούτων

2148 5472 2349 5545 ἄριστά
2370 5489 2429 5524 τε
2457 5470 2553 5524 καὶ
2578 5467 2699 5523 λίαν
2726 5464 2901 5537 ὀρθῶς
2925 5462 3226 5531 ἐξυφαίνων
3251 5458 3427 5527 λόγον,
3445 5456 3507 5508 οὑ
3523 5451 3732 5545 γυμνὸν

2150 5544 2229 5630 είς
2259 5564 2443 5619 πίστιν
2492 5560 2842 5631 εἰσκεκόμικε
2880 5556 2971 5627 τὸν
3014 5554 3317 5624 Μονογενῆ,
3358 5547 3495 5605 ἀλλὰ
3536 5546 3634 5602 καὶ
3674 5544 3733 5600 ἐν
