3892 6202
241 290 336 347 181
1309 309 1375 364 ΙΝ
1410 310 1699 367 JOANNIS
1733 308 2186 369 EVANGELIUM
2231 312 2361 370 LIB.
2406 312 2497 368 IX.

3387 316 3492 373 182

226 408 337 472 τοῖς
364 409 487 462 καθ’
520 413 666 482 ἡμᾶς
686 417 967 483 γεγονότα,
996 418 1138 474 τοῦτ’
1168 422 1335 491 ἔστιν,
1358 425 1643 499 ἄνθρωπον
1673 428 1807 481 ἁπο-

1924 441 1964 485 ιι
1984 430 2037 485 in
2070 430 2236 485 corde
2261 436 2393 486 tuo:
2427 432 2532 486 hoc
2564 437 2650 488 est
2681 430 2915 486 verbum
2935 431 3095 497 ﬁdei,
3122 433 3268 503 quod
3297 437 3496 506 praedi-

224 499 457 556 θανόντα
494 521 554 555 τε
595 508 690 560 καὶ
744 510 1121 583 ἐγηγερμένον
1150 516 1215 568 ἐκ
1267 499 1498 588 νεκρῶν,
1542 538 1560 571 ι
1601 520 1664 572 Τί
1702 520 1812 591 γάρ

221 608 390 664 φησιν
409 611 425 661 ;
442 594 639 664 Ἐγγύς
667 616 759 652 σου
788 601 848 654 τὸ
871 602 1026 673 ῥῆμά
1052 606 1221 673 ἐστιν,
1251 609 1308 661 ἐν
1336 608 1413 680 τῷ
1434 610 1661 681 στόματί
1694 628 1809 676 σου,

218 687 314 741 καὶ
328 689 388 742 ἐν
412 692 478 760 τῇ
500 691 693 763 καρδίᾳ
716 710 831 759 σου,
877 695 1022 749 τοῦτ’
1032 697 1174 763 ἔστι,
1188 700 1249 751 τὸ
1273 702 1339 772 ῥῆ
1347 719 1423 772 μα
1437 703 1535 774 τῆς
1555 703 1810 771 πίστεως,

215 780 243 831 ὃ
275 780 647 854 κηρύσσομεν.
681 786 826 840 Διότι
875 788 970 842 ἐὰν
1015 792 1177 863 εἴπῃς
1230 793 1288 847 ἐν
1317 794 1396 865 τῷ
1428 796 1659 867 στόματί
1691 815 1808 865 σου,

213 874 297 926 ὅτι
323 874 527 945 Κύριος
570 877 796 947 Ἰησοῦς,
829 880 925 934 καὶ
962 884 1259 958 πιστεύσῃς
1290 887 1349 939 ἐν
1371 890 1437 958 τῇ
1464 889 1665 960 καρδίᾳ.
1693 907 1810 957 σου,

214 965 298 1017 ὅτι
330 968 359 1019 ὀ
388 966 522 1031 Θεὸς
563 968 750 1043 ἡγειρε
784 973 945 1026 αὑτὸν
970 976 1033 1027 ἐκ
1060 976 1292 1047 νεκρῶν,
1326 978 1566 1053 σωθήσῃ.
1600 980 1813 1052 Καρδίᾳ

213 1055 327 1125 γὰρ
358 1057 676 1112 πιστεύεται
709 1062 789 1125 είς
818 1062 1188 1134 δικαιοσύνην,
1229 1066 1457 1137 στόματι
1521 1069 1579 1122 δὲ
1618 1072 1812 1141 ὁμολο-

214 1150 398 1213 γεῖται
426 1150 505 1212 είς
543 1152 840 1222 σωτηρίαν.
884 1174 903 1207 ι
954 1156 1027 1209 Et
1066 1157 1123 1209 δὲ
1172 1160 1501 1229 πιστεύομεν
1539 1163 1621 1225 είς
1659 1162 1810 1227 Υίὸν,

214 1238 295 1301 ὼς
348 1242 744 1313 ἐγηγερμένον,
789 1246 874 1308 τίς
908 1248 937 1300 ὁ
975 1247 1231 1315 τεθνεὼς,
1289 1251 1375 1304 ἵνα
1421 1254 1517 1307 καὶ
1567 1255 1809 1327 ἀναστῇς

229 1329 373 1383 Ἀλλ’
406 1332 522 1386 ἔστι
557 1334 736 1405 δῆλον,
769 1338 851 1390 ὅτι
880 1338 1135 1393 τεθνάναι
1154 1344 1353 1396 νοεῖται
1380 1344 1522 1398 κατὰ
1554 1345 1652 1417 τὴν
1680 1347 1813 1417 σάρ-

219 1437 316 1476 κα,
339 1423 714 1495 Κατεκλείσθη
741 1428 851 1498 γὰρ
891 1430 972 1493 είς
1004 1430 1231 1486 θάνατον
1264 1434 1325 1487 τὸ
1351 1435 1481 1489 ἴδιον
1510 1436 1676 1490 αὐτοῦ
1706 1436 1814 1490 σῶ-

221 1530 321 1581 μα,
362 1514 457 1568 καὶ
474 1515 679 1570 ἀνεϐίω
700 1519 882 1573 πάλιν·
919 1520 1083 1593 σῶμα
1105 1524 1215 1595 γὰρ
1241 1520 1311 1596 ἦν
1343 1528 1440 1597 τῆς
1473 1529 1618 1583 κατά
1648 1530 1812 1599 φύσιν

217 1606 389 1677 ζωῆς,
429 1607 560 1679 ὅλην
594 1610 779 1663 τοῦςὲν
821 1613 968 1685 αύτῴ
1003 1618 1451 1689 κατοικήσαντος,
1498 1623 1591 1675 καὶ
1634 1624 1813 1695 appr;—

217 1713 329 1759 τως
374 1699 654 1769 ἡνωμένον
702 1702 799 1772 τὴν
864 1704 1102 1777 ἰδιότητα
1162 1710 1396 1780 φοροῦν’,
1446 1711 1592 1765 τοῦτ’
1641 1713 1810 1777 ἔστιν,

218 1788 506 1859 ἐνέργειαν
553 1791 654 1863 τὴν
701 1792 985 1854 ζωοποιόν.
1014 1798 1185 1852 ’Ὅταν
1231 1794 1325 1854 οὗν
1369 1819 1455 1867 τις
1493 1804 1663 1876 διέλῃ,
1716 1807 1811 1859 καὶ

220 1878 340 1942 θεὶς
387 1880 491 1934 ἀνὰ
526 1882 691 1954 μέρος
736 1888 832 1954 τήν
865 1903 925 1939 τε
982 1889 1161 1958 σάρκα
1198 1893 1291 1945 καὶ
1326 1893 1419 1947 τὸν
1458 1896 1813 1967 ἐνοικήσαντα

220 1977 552 2044 σωματικῶς
582 1979 638 2030 ἐν
662 1979 823 2050 αὐτῇ,
851 1980 947 2035 δύο
976 1982 1220 2055 τολμήσῃ
1247 1985 1425 2055 λέγειν
1450 1990 1618 2054 υἱοὺς,
1647 2007 1812 2059 γινω-

220 2068 401 2120 σκέτω
422 2070 701 2123 πιστεύειν
717 2074 798 2135 εἰς
835 2073 1003 2143 μόνην
1033 2076 1139 2147 τὴν
1157 2078 1356 2149 σάρκα.
1390 2080 1678 2135 Πιστεύειν
1706 2082 1814 2156 γὰρ

218 2161 371 2229 ἡμᾶς
400 2163 456 2213 ai
495 2160 637 2216 θεῖαι
671 2163 979 2220 διδάσκουσι
1014 2168 1229 2239 Γραφαὶ
1254 2171 1333 2235 είς
1355 2170 1446 2225 τὸν
1476 2174 1817 2245 σταυρωθέν-

218 2270 292 2306 τα
326 2271 383 2307 τε
408 2256 503 2308 καὶ
535 2256 893 2323 ἀποθανόντα,
941 2263 1036 2316 καὶ
1076 2264 1447 2336 ἐγηγερμένον
1484 2268 1547 2319 ἐκ
1583 2267 1812 2339 νεκρῶν,

218 2344 320 2414 οὐχ
344 2344 419 2408 ὡς
446 2345 633 2417 ἕτερον
656 2348 786 2403 ὄντα
814 2352 966 2421 παρὰ
990 2351 1085 2405 τὸν
1118 2355 1175 2405 ἐν
1194 2354 1332 2425 αὐτῇ
1355 2355 1487 2409 Θεὸν
1503 2357 1695 2426 Λόγον,
1718 2360 1816 2430 οὐχ

217 2436 348 2489 ὅσον
378 2437 459 2500 εἰς
484 2436 670 2502 οὐσίας
689 2440 996 2511 ταυτότητά
1024 2460 1192 2513 φημι·
1221 2445 1379 2515 σῶμα
1409 2446 1519 2518 γὰρ
1545 2448 1606 2501 τὸ
1632 2448 1812 2520 σῶμα,

218 2528 319 2581 καὶ
346 2529 407 2581 οὐ
439 2530 633 2598 Λόγος,
684 2534 729 2584 εἰ
757 2534 853 2585 καὶ
882 2533 1043 2604 σῶμα
1072 2536 1166 2589 τοῦ
1214 2537 1408 2605 Λόγον,
1440 2540 1558 2594 ἀλλ’
1586 2541 1709 2594 ὅσον
1734 2543 1815 2606 είς

216 2618 285 2669 τὸ
309 2618 406 2687 τῆς
440 2620 675 2690 ἀληθοῦς
707 2623 953 2693 υἱότητος
985 2625 1197 2696 χρῆμα.
1228 2629 1290 2680 Εί
1320 2629 1377 2682 δέ
1416 2648 1495 2701 τῳ
1524 2630 1813 2702 δοκοίημεν

219 2712 326 2765 οὐκ
346 2713 544 2783 ἄριστα
567 2715 767 2784 λέγειν,
786 2717 1146 2773 ἐπιδεικνύτω
1177 2722 1465 2793 παρελθὼν
1489 2725 1581 2778 τὸν
1602 2729 1665 2781 ἐκ
1678 2728 1815 2782 Θεοῦ

220 2804 497 2859 τεθνεῶτα
538 2808 709 2877 Λόγον
739 2812 875 2865 καθὸ
903 2816 1105 2868 νοεῖται
1132 2814 1287 2881 Θεὸς,
1322 2818 1461 2889 ὅπερ
1507 2821 1657 2875 ἐστὶν
1686 2823 1813 2877 ἀδύι-

220 2914 406 2963 νατον,
438 2899 640 2969 μᾶλλον
666 2902 724 2955 δὲ
744 2903 836 2956 καὶ
869 2905 1027 2973 μόνον
1054 2908 1305 2977 ἐννοῆσαι
1338 2909 1616 2977 δυσσεϐὲς.

308 2989 412 3043 Ἐν
440 2989 515 3058 τῇ
548 2994 707 3061 οἰκίᾳ
764 2996 868 3049 τοῦ
904 2998 1134 3065 Πατρός
1172 3018 1313 3068 μου,
1368 3004 1549 3071 μοναὶ
1592 3007 1817 3060 πολλαί

218 3084 401 3137 εἰσιν·
441 3088 491 3138 εί
532 3085 602 3139 δὲ
636 3086 745 3156 μὴ,
789 3085 960 3143 εἶπον
1021 3090 1097 3145 ἂν
1141 3092 1307 3161 ὑμῖν·
1358 3094 1449 3148 ὅτι
1491 3101 1815 3167 πορεύομαι

219 3173 532 3244 ἑτοιμάσαι
562 3180 751 3232 τόπον
777 3182 939 3250 ὑμῖν.
964 3183 1075 3237 Καὶ
1097 3182 1207 3237 ἐὰν
1235 3187 1525 3254 πορευθῶ,
1549 3190 1645 3242 καὶ
1661 3191 1812 3243 ἐτοι-

216 3264 398 3333 μάσω
434 3270 622 3322 τόπον
655 3271 813 3339 ὑμῖν,
853 3274 1040 3328 πάλιν
1084 3276 1353 3346 ἔρχομαι,
1412 3280 1511 3332 καὶ
1547 3282 1817 3349 παραλή-

221 3362 417 3428 ψομαι
444 3361 598 3430 ὑμᾶς
613 3364 740 3433 μετ’
770 3365 1052 3435 ἐμαυτοῦ,
1092 3369 1192 3422 ἵνα
1224 3369 1377 3424 ὅπου
1407 3373 1522 3440 εἰμί
1548 3373 1683 3443 ἐγὼ,
1717 3376 1816 3429 καὶ

222 3450 400 3518 ὑμεῖς
436 3450 560 3518 ἦτε.

313 3522 651 3590 Ἀναγκαίως
671 3526 852 3590 αὐτοῖς
878 3529 937 3580 τὸ
962 3528 1036 3601 μὴ
1071 3531 1267 3600 χρῆναι
1296 3534 1657 3603 ταράττεσθαι
1682 3535 1816 3589 διει-

224 3609 372 3673 πὼν,
411 3614 687 3670 πιστεύειν
716 3635 775 3670 τε
822 3619 1042 3689 μᾶλλον,
1098 3623 1192 3675 καὶ
1225 3624 1305 3687 εἴς
1357 3642 1417 3678 τε
1466 3626 1686 3697 Πατέρα
1724 3628 1817 3681 τὸν

224 3702 363 3753 Θεὸν
415 3707 510 3758 καὶ
542 3708 736 3763 ἑαυτὸν
769 3713 1051 3779 ἐπιτάξας,
1085 3715 1177 3767 καὶ
1214 3715 1518 3785 ἀναφανδὸν
1549 3719 1648 3791 ἤδη
1684 3721 1818 3791 φησὶ

229 3796 706 3893 μιξροψυχοῦντας
742 3806 1253 3877 παραμυθούμενος,
1292 3808 1369 3873 ὡς
1418 3811 1517 3863 οὐκ
1550 3810 1654 3875 ἔξω
1721 3830 1817 3882 με-

226 3888 384 3937 νοῦσι
425 3888 526 3957 τῆς
578 3891 731 3954 ὁσίας
788 3893 981 3965 αὐλῆς,
1036 3896 1151 3949 ἀλλ’
1204 3900 1666 3968 ἐνοικισθήσονται
1718 3905 1817 3973 μὲν

226 3981 352 4041 ταῖς
382 3978 496 4033 ἄνω
537 3986 746 4051 μοναῖς,
777 3987 836 4038 ἐν
867 3986 925 4039 δὲ
950 3990 1016 4057 τῇ
1048 3989 1156 4043 τῶν
1186 3993 1545 4061 πρωτοτόκων
1595 3995 1820 4066 Ἐκκλη-

229 4069 326 4138 σίᾳ
376 4070 467 4124 τὸν
523 4075 846 4145 μακραίωνα
895 4078 1145 4149 τρίψουσι
1175 4080 1308 4151 βίον,
1353 4085 1447 4139 καὶ
1487 4088 1546 4139 ἐν
1601 4088 1822 4143 ἀτελευ-

226 4161 417 4230 τήτοις
470 4162 683 4219 ἔσονται
723 4171 839 4231 τοῖς
885 4170 1129 4237 ἀγαθοῖς.
1172 4174 1379 4240 Πολλάς
1416 4194 1478 4248 γε
1520 4178 1627 4251 μὴν
1681 4175 1821 4234 εἷναί

227 4270 367 4322 φησι
399 4256 497 4319 τὰς
530 4259 698 4327 μονὰς
737 4262 795 4314 ἐν
826 4264 892 4332 τῇ
926 4263 1017 4315 τοῦ
1049 4265 1259 4337 Πατρὸς
1307 4269 1470 4341 οἰκίᾳ,
1510 4271 1824 4345 πολυχώρη-

225 4345 323 4398 τόν
347 4363 471 4399 τινα
502 4347 768 4405 διδάσκων
799 4348 937 4407 εἶναι
966 4354 1058 4409 τὸν
1098 4356 1347 4427 οὐρανὸν,
1384 4361 1475 4414 καὶ
1503 4362 1823 4435 προσθήκης

228 4438 495 4509 οὐδεμιᾶς
520 4442 727 4497 δεῖσθαι
750 4446 1023 4511 παντελῶς
1045 4449 1143 4518 τὴν
1167 4451 1302 4523 παρ’
1324 4453 1490 4509 αὐτοῦ
1518 4457 1821 4528 γενομένην

228 4530 409 4585 κτίσιν
442 4535 521 4597 είς
546 4534 607 4589 τὸ
632 4535 893 4592 δύνασθαι
924 4539 1109 4593 λαὸεῖν
1128 4544 1254 4607 τοὺς
1278 4546 1607 4612 ἀγαπῶντας
1635 4551 1818 4605 αὐτόν.

230 4627 396 4691 Είκὸς
423 4629 504 4694 δὲ,
528 4631 613 4684 ὅτι
644 4633 738 4686 καὶ
765 4633 829 4686 τὸ
869 4635 1125 4708 διάφορον
1166 4637 1270 4708 τῆς
1294 4640 1480 4711 τιμῆς,
1508 4641 1585 4711 τῷ
1620 4643 1820 4708 πολλὰς

228 4718 373 4776 εἶναι
454 4723 635 4793 λέγειν
710 4726 808 4791 τὰς
870 4728 1059 4799 μονὰς,
1128 4731 1483 4802 ὑποσημῆναι-
1552 4734 1821 4804 βούλεται,

228 4817 464 4870 ἑκάστου
514 4817 611 4872 τοῦ
653 4816 843 4889 διαζῆν
911 4818 1265 4892 βουλομένου.
1298 4825 1356 4876 ἐν
1416 4826 1608 4897 ἀρετῇ.
1660 4828 1826 4881 τόπον

228 4905 423 4977 ῶσπερ
468 4908 590 4961 τινὰ
634 4907 727 4961 τὸν
779 4909 909 4964 ἴδιον
947 4912 1384 4986 ἀποληψομένου,
1436 4917 1663 4989 καὶ-τὴν
1712 4922 1824 4984 τοῖς

229 4999 400 5052 αὐτοῦ
434 4999 751 5070 πρέπουσαν
800 5004 1389 5077 κατορθώμασιιδόξαν.
1428 5010 1491 5062 Εἰ
1523 5011 1597 5081 μὴ
1628 5011 1822 5065 πολλαὶ

228 5092 523 5162 τοιγαροῦν
571 5088 710 5161 ἦσαν
750 5096 821 5147 αἱ.
841 5097 990 5167 παρὰ
1026 5098 1103 5168 τῷ
1150 5098 1272 5170 Θεῷ
1299 5102 1392 5154 καὶ
1436 5102 1609 5173 Πατρὶ
1638 5103 1818 5172 μοναὶ,

227 5183 440 5254 ταύτης
473 5185 538 5238 ἂν
593 5186 777 5241 ἕνεκεν
804 5188 903 5258 τῆς
940 5190 1120 5253 αἰτίας
1154 5194 1653 5265 προαποδημήσεινε
1689 5194 1816 5264 ἔφη,

228 5275 309 5338 ὡς
344 5275 588 5347 δηλονότι
641 5282 1033 5351 προετοιμάσαι
1062 5283 1132 5336 τὰ
1180 5284 1286 5337 τῶν
1339 5286 1510 5354 ἁγίων
1554 5287 1824 5357 ἐνδιαιτη-

233 5383 405 5437 ματα·
476 5370 678 5434 πολλὰς
742 5373 799 5426 δὲ
848 5373 1013 5438 οὔσας
1082 5375 1240 5441 εἰδὼς
1300 5379 1824 5450 προητοιμασμένα-ς

229 5458 359 5529 ἤδη,
398 5462 494 5515 καὶ
520 5461 628 5515 τῶν
649 5464 985 5532 ἀγαπώντων
1011 5468 1143 5521 Θεὸν
1174 5472 1573 5541 περιμενούσας
1598 5471 1697 5542 τὴν
1730 5471 1827 5540 ἀφ-

236 5553 366 5618 ιξιν,
410 5554 547 5624 Οὐχί⁵
604 5556 809 5628 ταύτης
868 5559 1031 5614 ἕνεκα
1078 5561 1180 5630 τῆς
1213 5562 1391 5626 αἰτίας
1423 5563 1820 5636 ἀποδημήσων,

232 5643 424 5714 φησιν,
477 5644 614 5698 ἀλλὰ
668 5648 767 5717 τῆς
826 5650 1025 5725 ἀνόδουν
1061 5655 1159 5725 τῆς
1192 5654 1324 5725 πρὸς
1366 5655 1426 5708 τὸ
1479 5653 1611 5722 ἄνω,
1656 5653 1822 5726 μονὴν

309 5757 354 5789 ⁸⁸
394 5756 553 5813 Rom.
588 5776 640 5825 κ,
674 5760 830 5817 8-l0.

1914 541 2129 583 camus.
2157 526 2295 592 Quia
2329 527 2375 582 si
2406 526 2724 582 conﬁtearis
2757 528 2810 581 in
2841 542 2936 582 ore
2964 536 3059 583 tuo
3086 526 3375 584 Dominum
3404 529 3498 585 Je-

1915 634 2068 684 sum,
2110 626 2168 673 et
2210 620 2264 672 in
2298 620 2466 674 corde
2507 628 2605 675 tuo
2633 620 2938 677 credideris
2992 622 3120 692 quia
3154 619 3302 678 Deus
3342 623 3495 678 illum

1914 710 2204 765 suscitavit
2237 726 2268 764 a
2303 714 2537 768 mortuis
2560 756 2575 779 ,
2613 714 2798 768 salvus
2821 715 2957 769 eris.
2984 714 3165 770 Corde
3192 716 3340 771 enim
3375 732 3497 772 ore-

1913 802 2067 857 ditur
2098 804 2163 858 ad
2188 802 2456 873 justitiam
2484 824 2498 860 :
2531 820 2626 859 ore
2650 814 2830 860 autem
2862 806 3142 863 confessio
3171 806 3228 862 ﬁt
3255 808 3322 863 ad
3346 809 3498 863 salu-

1915 904 2024 952 tem
2054 896 2120 949 “.
2159 915 2177 949 ι
2220 896 2376 963 Quod
2407 898 2453 954 si
2490 898 2771 954 credimus
2801 898 2857 952 in
2890 899 3125 964 Filium,
3162 906 3223 953 ut
3249 900 3343 970 qui
3375 916 3497 956 sur-

1915 989 2079 1054 rexit,
2110 991 2236 1059 quis
2270 998 2355 1047 est
2386 990 2481 1046 ille
2522 998 2801 1053 mortuus,
2832 999 2891 1044 ut
2931 1002 2985 1045 et
3016 992 3363 1064 resurgeret?
3396 993 3495 1046 At-

1914 1082 2011 1152 qui
2060 1082 2420 1139 mauifestum
2460 1093 2545 1138 est
2597 1083 2903 1138 secundum
2940 1097 3167 1139 carnem
3218 1091 3497 1140 mortuum

1914 1175 2154 1229 censeri.
2183 1174 2525 1230 Conclusum
2549 1175 2696 1230 enim
2730 1186 2817 1232 est
2857 1175 2911 1228 in
2946 1183 3180 1231 mortem
3213 1176 3498 1246 proprium

1914 1269 2038 1336 ejus
2064 1283 2271 1338 corpus
2295 1309 2310 1334 ,
2354 1277 2518 1338 atque
2552 1269 2751 1323 iterum
2781 1268 2982 1323 revixit
3015 1285 3029 1322 :
3062 1283 3271 1339 corpus
3296 1269 3500 1339 quippe

1914 1370 2035 1415 erat
2071 1362 2197 1417 vitae
2233 1361 2535 1417 secundum
2565 1372 2845 1424 naturam,
2871 1367 3040 1414 totam
3072 1360 3195 1430 ejus
3223 1360 3319 1431 qui
3345 1360 3403 1413 in
3430 1374 3498 1413 eo

1915 1451 2208 1519 habitavit,
2239 1463 2296 1509 et
2326 1452 2685 1508 ineﬁ'abiliter
2722 1450 2884 1523 763
2912 1458 3001 1507 est
3032 1452 3224 1506 unilus
3254 1450 3501 1521 proprie-

1915 1552 2083 1599 tatem
2130 1546 2422 1600 cominens
2444 1582 2460 1608 ,
2511 1544 2618 1599 hoc
2648 1554 2733 1599 est
2762 1544 2869 1597 vim
2895 1551 2951 1598 et
2980 1541 3282 1598 efﬁcaciam
3317 1542 3498 1597 viviti-

1915 1652 2058 1691 cam.
2090 1636 2146 1691 Si
2179 1638 2307 1707 quis
2335 1652 2471 1707 ergo
2503 1635 2745 1701 dividat,
2781 1646 2833 1690 et
2865 1636 3097 1691 seorsim
3131 1650 3342 1705 ponens
3371 1650 3496 1689 car-

1917 1744 2041 1783 nem
2071 1770 2085 1794 ,
2138 1738 2192 1783 et
2229 1729 2323 1800 qui
2374 1729 2653 1784 habitavit
2690 1728 2748 1781 in
2794 1743 2856 1781 ea
2914 1727 3277 1798 corporaliter
3306 1765 3322 1792 ,
3360 1727 3499 1782 duos

1917 1820 2103 1873 dicere
2135 1819 2275 1875 ﬁlios
2303 1817 2534 1880 audeat,
2565 1818 2709 1873 sciat
2736 1833 2796 1872 se
2830 1818 2885 1870 in
2914 1817 3089 1872 solam
3120 1832 3343 1871 carnem
3373 1832 3497 1873 cre-

1919 1912 2069 1968 dere.
2114 1911 2324 1966 Divinae
2348 1913 2551 1982 quippe
2581 1910 2885 1979 Scriptum
2912 1910 3140 1964 credere
3168 1926 3271 1966 nos
3299 1910 3502 1965 docent

1919 2006 1973 2059 in
2034 2003 2385 2066 cruciﬁxum,
2413 2011 2465 2058 et
2495 2010 2774 2057 mortuum
2798 2042 2813 2065 ,
2844 2011 2900 2056 et
2923 2001 3224 2055 excitatum
3252 2017 3317 2056 ex
3350 2016 3501 2055 mor-

1920 2097 2058 2155 tuis.
2087 2111 2198 2150 non
2228 2096 2405 2166 quasi
2431 2096 2574 2151 alius
2610 2096 2683 2151 sit
2718 2110 2747 2147 a
2785 2094 2897 2149 Deo
2929 2094 3107 2149 Verbo
3129 2094 3274 2164 quod
3316 2102 3402 2150 est
3446 2096 3501 2149 in

1920 2190 2073 2259 ipsa,
2124 2190 2268 2260 quod
2320 2190 2387 2243 ad
2449 2188 2777 2244 substantiae
2841 2187 3103 2242 nimirum
3158 2187 3498 2242 identitatem

1920 2290 2181 2354 spectat:
2226 2297 2433 2353 corpus
2480 2283 2629 2337 enim
2671 2296 2878 2350 corpus
2907 2289 3026 2347 est,
3070 2296 3183 2334 non
3218 2279 3457 2335 Verbum
3483 2322 3498 2345 ,

1920 2377 2046 2432 licet
2080 2391 2283 2446 corpus
2312 2375 2384 2429 sit
2410 2370 2616 2437 Verbi,
2649 2373 2745 2428 sed
2773 2380 3040 2443 quantum
3079 2372 3145 2426 ad
3180 2372 3499 2427 ﬁliationem

1921 2477 2151 2538 spectat.
2201 2467 2360 2534 Quod
2402 2467 2548 2522 sicut
2590 2466 2772 2521 minus
2814 2473 2964 2520 recte
2999 2465 3144 2534 loqui
3177 2464 3497 2523 videamur,

1922 2560 2015 2614 Dei
2050 2558 2291 2615 Verbum
2332 2566 2610 2613 mortuum
2646 2573 2770 2613 esse
2808 2557 3193 2618 demonstret,
3230 2564 3501 2626 quatenus

1920 2652 2247 2723 intelligitur
2282 2650 2423 2706 Deus
2451 2668 2463 2703 :
2497 2650 2642 2721 quod
2671 2657 2757 2705 est
2787 2650 3152 2720 impossibile.
3189 2650 3300 2704 imo
3336 2650 3499 2704 etiam

1919 2742 2162 2814 cogitatu
2196 2741 2465 2815 impium,

1989 3000 2131 3063 XI‘V,
2168 3002 2237 3069 2",
2278 3002 2332 3055 5.
2374 3001 2439 3055 In
2464 3003 2621 3056 domo
2648 3001 2830 3055 Patris
2859 3004 2959 3056 mei
2992 3006 3291 3057 mansiones
3320 3003 3501 3056 multa:

1923 3105 2043 3148 sunt
2068 3114 2092 3157 ;
2122 3096 2167 3148 si
2203 3095 2515 3164 quominus,
2551 3096 2805 3149 dixissem
2854 3095 2997 3149 vobis
3031 3113 3049 3149 :
3081 3096 3206 3163 quia
3238 3095 3372 3148 vado
3407 3111 3502 3163 pa-

1921 3204 2041 3240 rare
2071 3189 2211 3240 vobis
2237 3186 2434 3240 locum.
2465 3185 2530 3239 Et
2572 3189 2618 3240 si
2647 3187 2845 3244 abiero,
2873 3196 2921 3239 et
2962 3201 3325 3255 prozparavero
3361 3186 3503 3241 vobis

1922 3279 2095 3332 locum
2119 3320 2132 3342 ,
2157 3280 2349 3332 iterum
2378 3281 2525 3333 venio
2546 3318 2560 3338 .
2596 3288 2645 3333 et
2678 3280 2940 3347 accipiam
2972 3296 3061 3333 vos
3100 3279 3169 3332 ad
3210 3280 3465 3346 meipsum
3486 3316 3501 3337 ,

1919 3381 1977 3425 ut
2004 3374 2091 3426 ubi
2122 3389 2238 3425 sum
2260 3389 2386 3441 ego,
2421 3382 2471 3425 et
2505 3389 2592 3425 vos
2624 3372 2765 3425 sitis.

1992 3528 2292 3598 Postquam
2317 3529 2397 3583 eis
2427 3529 2688 3599 praecepit
2720 3543 2787 3582 ne
2815 3528 3171 3583 turbarentur
3192 3572 3205 3588 .
3245 3527 3339 3582 sed
3384 3543 3504 3585 cre—

1919 3620 2114 3674 derent
2140 3621 2321 3690 potius
2356 3621 2409 3674 in
2441 3619 2657 3675 Patrem
2688 3618 2856 3674 Deum
2876 3660 2889 3684 ,
2926 3628 2982 3674 et
3011 3620 3276 3690 seipsum,
3312 3629 3505 3690 aperte

1922 3713 2088 3767 modo
2115 3729 2211 3768 eos
2244 3713 2432 3766 animo
2462 3711 2781 3767 deﬁcientes
2816 3713 3158 3777 consolatur,
3184 3713 3379 3768 dicens
3410 3728 3505 3767 eos

1922 3805 2245 3875 neutiquam
2276 3812 2430 3858 extra
2460 3810 2711 3861 sanctam
2749 3805 2933 3859 aulam
2969 3819 3328 3860 remansuros
3351 3847 3367 3871 ,
3409 3804 3505 3859 sed

1923 3899 1977 3953 in
2013 3913 2285 3967 supernas
2321 3898 2643 3952 mansiones
2680 3897 3148 3964 introducendos,
3202 3906 3257 3953 et
3300 3898 3354 3951 in
3391 3896 3506 3968 pri-

1923 3988 2327 4060 mogenitorum
2360 3987 2606 4042 Ecclesia
2644 4002 2943 4056 perennem
2974 3988 3141 4043 vitam
3167 3996 3415 4051 acturos,
3442 4003 3506 4042 ac

1923 4084 1980 4136 in
2009 4081 2231 4136 aeternis
2259 4080 2418 4135 bonis
2454 4095 2793 4137 mansuros-
2816 4078 2991 4134 Porro
3024 4081 3230 4136 multas
3256 4079 3505 4134 mansio-

1925 4189 2022 4228 nes
2053 4173 2108 4227 in
2140 4171 2309 4226 domo
2337 4171 2521 4231 Patris
2545 4187 2667 4228 esse
2694 4172 2857 4237 dicit,
2886 4172 3048 4241 longe
3076 4171 3508 4241 capacissimum

1926 4268 2124 4323 cmlum
2167 4281 2289 4321 esse
2326 4265 2533 4321 docens
2556 4306 2573 4331 ,
2623 4279 2727 4320 nec
2758 4264 3081 4320 accessione
3112 4279 3341 4335 prorsus
3397 4265 3507 4319 ulla

1926 4375 2066 4429 Opus
2101 4373 2235 4415 esse.
2258 4366 2528 4413 creaturae
2562 4356 2631 4411 ab
2662 4355 2789 4427 ipso
2825 4356 3065 4410 conditae
3100 4355 3166 4409 ad
3198 4356 3509 4426 suscipien-

1927 4451 2029 4510 dos
2076 4451 2171 4522 qui
2213 4449 2451 4520 diligunt
2487 4449 2694 4519 ipsum.
2742 4447 2879 4503 Cum
2931 4453 3114 4501 autem
3169 4447 3249 4500 ait
3300 4448 3508 4503 multas

1930 4560 2050 4603 esse
2081 4543 2418 4609 mansiones,
2450 4542 2713 4599 credibile
2737 4548 2823 4597 est
2850 4540 3083 4595 inuuere
3112 4539 3251 4596 velle
3282 4539 3510 4597 honoris

1926 4635 2311 4695 excellentiam
2352 4649 2465 4704 quo
2502 4632 2787 4688 ornandus
2824 4640 2908 4686 est
2929 4630 3185 4701 quisquis
3214 4631 3271 4685 in
3304 4633 3510 4686 virtute

1929 4729 2127 4798 degere
2174 4726 2368 4782 statuit
2393 4766 2406 4789 ,
2451 4724 2738 4795 proprium
2775 4723 3066 4795 quemdam
3118 4723 3289 4779 veluti
3326 4724 3508 4778 locum

1928 4824 2437 4890 congruentemque
2478 4816 2596 4872 suis
2646 4814 2806 4870 factis
2867 4815 3100 4885 gloriam
3156 4824 3506 4884 recepturus.

1929 4911 2046 4967 Nisi
2074 4911 2260 4965 multa:
2282 4909 2450 4979 igitur
2477 4916 2666 4964 essent
2696 4907 2803 4962 illa:
2831 4907 2977 4977 apud
3008 4905 3177 4961 Deum
3211 4916 3265 4962 et
3289 4906 3510 4962 Patrem

1930 5004 2268 5066 mansiones,
2298 5002 2442 5056 hanc
2472 5001 2545 5056 ob
2573 5015 2824 5065 causam,
2859 4999 3179 5069 inquiebat,
3234 5000 3387 5069 prior
3415 5002 3484 5054 ab

1929 5096 2067 5150 irem
2093 5095 2160 5150 ad
2194 5094 2439 5165 paranda
2472 5093 2735 5147 nimirum
2773 5092 2982 5147 sanctis
3012 5090 3327 5146 habitacula
3365 5109 3377 5145 :
3416 5090 3510 5146 sed

1932 5205 2056 5244 cum
2083 5188 2330 5242 noverim
2367 5185 2571 5240 multas
2597 5186 2712 5255 jam
2744 5200 2867 5240 esse
2893 5192 3247 5255 praeparatas,
3279 5199 3403 5253 quae
3428 5183 3513 5238 di-

1937 5280 2226 5351 ligentium
2261 5278 2431 5334 Deum
2481 5277 2774 5331 adventum
2821 5277 3230 5347 praestolamur,
3280 5273 3399 5331 Non
3439 5275 3510 5329 ob

1936 5371 2078 5426 hanc
2100 5385 2329 5425 causam
2360 5368 2642 5424 discedam
2665 5408 2683 5433 ,
2711 5368 2926 5438 inquit,
2960 5366 3055 5424 sed
3095 5375 3153 5422 ut
3197 5366 3407 5421 reditus
3454 5366 3509 5420 in

1935 5479 2230 5535 supernam
2280 5462 2424 5516 viam
2464 5461 2633 5517 veluti
2666 5460 2964 5531 quamdam
3013 5468 3069 5515 et
3116 5460 3294 5513 locum
3352 5461 3509 5517 vobis

1934 5565 2358 5627 praeparaturus,
2392 5562 2446 5609 et
2478 5553 2624 5625 quod
2662 5553 3010 5609 inaccessum
3038 5553 3168 5607 olim
3202 5562 3321 5607 erat
3354 5568 3509 5607 com-

1936 5651 2281 5721 planaturus.
2339 5645 2551 5703 lnvium
2597 5646 2801 5718 quippe
2850 5653 3246 5717 prorsuserat
3306 5648 3505 5710 uelum
