3892 6202
423 267 526 324 183

1403 258 1466 313 S.
1503 255 1780 313 CYRILLI
1810 253 2290 310 ALEXANDRINI
2323 254 2648 311 ARCHIEP.

3573 253 3676 308 ιει

419 385 758 451 hominibus,
783 379 946 454 764
975 394 1151 451 neque
1186 377 1342 449 prius
1373 392 1614 448 unquam
1634 391 1764 431 caro
1793 391 1990 446 purum

2108 373 2282 446 ’ἱισπερ
2320 375 2465 437 τινὰ,
2518 373 2614 428 καὶ
2644 373 2810 426 τόπον
2845 373 3289 444 προευτρεπίσων
3320 371 3467 442 ὑμῖν,
3508 369 3680 423 καὶτὸ

416 481 571 535 illum
604 476 659 534 ét
695 477 1108 532 sanctissimum
1153 473 1474 542 angelorum
1521 471 1702 525 locum
1729 470 1989 535 triverat,

417 573 516 630 sed
557 573 771 642 primus
793 584 1091 625 ascensum
1133 565 1200 620 ad
1241 563 1377 620 illud
1411 563 1668 618 Christus
1706 562 1865 617 nobis
1910 563 1996 615 in-

417 666 708 729 stauravit,
739 664 1071 732 modumque
1093 674 1164 716 co
1193 655 1527 714 ascendendi
1558 655 1714 710 carni
1743 653 1991 719 tradidit,

419 759 695 830 primitias
729 755 893 812 veluti
923 753 1187 826 quasdam
1221 759 1563 806 mortuorum
1587 790 1602 814 ,
1647 755 1704 802 et
1751 748 1805 802 in
1848 756 1994 800 terra

413 853 717 922 iacentium
741 849 982 922 seipsum
1011 846 1245 902 oll‘erens
1276 843 1392 899 Deo
1411 857 1476 896 ac
1505 840 1678 904 Patri,
1705 849 1759 894 et
1782 839 1998 909 primus

417 947 582 1000 homo
627 942 1013 998 manifestatus
1060 940 1128 994 iis
1167 941 1262 1008 qui
1307 937 1365 990 in
1409 934 1554 990 caelo
1587 941 1739 988 sunt.
1783 931 1996 986 Idcirco

421 1045 720 1105 augustum
765 1045 820 1090 et
865 1049 1118 1103 magnum
1163 1031 1299 1087 illud
1347 1029 1617 1084 adventus
1654 1043 1780 1084 cum
1826 1040 1996 1082 carne

422 1129 746 1200 mysterium
795 1127 1111 1199 ignorantes
1150 1124 1408 1180 caelestes
1445 1120 1659 1192 angeli,
1689 1117 1997 1174 ascenden-

421 1233 529 1277 tcm
565 1221 914 1275 mirabantur
939 1217 1201 1284 attoniti,
1251 1225 1307 1272 et
1348 1231 1493 1272 novo
1533 1224 1699 1285 atque
1731 1212 1995 1267 inusitato

419 1316 738 1384 spectaculo
787 1313 994 1368 turbati
1039 1319 1249 1366 tantum
1289 1325 1396 1364 non
1435 1309 1590 1364 aiunt
1627 1326 1640 1362 :
1679 1326 1697 1357 ι
1733 1305 1869 1372 Quis
1911 1311 1998 1360 est

421 1410 526 1465 iste
550 1410 645 1479 qui
675 1408 827 1463 venit
856 1408 926 1464 de
961 1406 1130 1462 Edom
1156 1405 1248 1458 “‘1
1283 1425 1304 1457 ι
1349 1405 1456 1458 hoc
1479 1410 1564 1458 est
1595 1401 1664 1456 de
1693 1410 1860 1455 terra.
1888 1397 1996 1452 Sed

421 1502 669 1571 ignaram
716 1499 1061 1554 admirabilis
1111 1499 1206 1552 Dei
1253 1512 1320 1551 ac
1359 1495 1543 1551 Patris
1578 1492 1860 1563 sapientiae
1899 1506 1996 1546 su-

421 1609 649 1664 pernam
688 1593 835 1646 illam
869 1591 1278 1646 multitudinem
1315 1588 1560 1660 Spiritus
1598 1601 1708 1642 non
1748 1583 1994 1647 dimisit,

419 1685 674 1754 quinimo
700 1685 865 1754 jussit
894 1693 951 1738 ut
981 1684 1031 1739 ei
1065 1694 1324 1754 tanquam
1357 1680 1472 1752 regi
1511 1694 1576 1734 ac
1608 1677 1853 1734 universi
1891 1675 1997 1731 Do-

2095 471 2265 525 πὰλαι
2315 468 2583 524 δύσϐατον
2626 465 2949 537 ὲξομαλιῶν.
3013 465 3250 530 Ἀδατος
3295 463 3407 534 γὰρ
3456 458 3525 533 ἦν
3578 463 3678 516 ἁν-

2095 562 2335 636 θρώποις
2391 562 2673 625 παντελῶς
2726 563 2756 614 ὁ
2802 559 3052 632 οὐρανὸς,
3113 557 3329 636 καὶ-οὑ
3393 555 3681 625 πεπάτηκε

2095 631 2360 728 πρότερον
2408 655 2629 709 πώποτε
2677 653 2815 726 σὰρξ
2931 653 3170 724 καθαρὸν
3211 631 3388 704 έκεῖνο
3410 649 3503 702 καὶ
3546 648 3684 704 πάν-

2095 765 2262 816 αγνον
2315 747 2424 800 τῶν
2482 746 2730 815 ἀγγέλων
2776 745 2994 817 χωρίον,
3040 741 3340 797 ὲνεκαίνισε
3373 739 3429 793 δὲ
3469 737 3686 811 πρῶτος

2097 841 2228 912 ἡμῖν
2255 841 2353 911 τὴν
2387 841 2466 902 εἰς
2487 838 2648 892 αὐτὸν
2668 837 2856 893 ἄνοδον
2876 839 2905 891 ὁ
2929 835 3183 907 Χριστὸς,
3199 835 3294 888 καὶ
3321 833 3521 904 τρόπον
3550 830 3680 882 ἐδω-

2097 950 2191 986 κεν
2217 933 2406 986 ἀνόδου
2430 932 2529 1002 τῆς
2550 932 2630 993 είς
2658 929 2887 1002 οὐρανὸν
2917 930 2982 999 τῇ
3013 923 3471 998 σαρκὶ,ἁπαρχὴν
3492 922 3685 992 ὥσπερ

2095 1023 2218 1078 τινὰ
2241 1024 2348 1076 τῶν
2377 1021 2816 1093 κεκοιμημένων,
2831 1020 2925 1074 καὶ
2947 1021 3003 1072 ὲν
3024 1018 3125 1090 γῆς
3151 1015 3362 1088 χώματι
3395 1014 3690 1085 κειμένων,

2098 1115 2294 1169 ἑαυτὸν
2335 1114 2679 1186 ἀνακομίσας
2733 1111 2813 1184 τῷ
2850 1111 2969 1182 Θεῷ
3015 1110 3112 1164 καὶ
3149 1108 3343 1179 llas-pi,
3399 1107 3494 1160 καὶ
3527 1105 3685 1176 πρῶ-

2096 1226 2189 1273 τος
2209 1207 2492 1281 ἄνθρωπος
2527 1206 2724 1276 ὀφθεὶς
2747 1208 2863 1271 τοῖς
2905 1207 2963 1260 ὲν
2991 1201 3226 1275 οὐρανῷ.
3258 1202 3381 1269 Ton
3394 1200 3548 1271 ἁρτοι
3592 1199 3691 1252 καὶ

2096 1303 2159 1357 τὸ
2189 1303 2390 1357 σεπτὸν
2411 1302 2508 1355 καὶ
2539 1301 2681 1372 μέγα
2709 1299 2807 1371 τῆς
2850 1297 3146 1368 ἐπιδημίας
3173 1294 3276 1364 τῆς
3311 1291 3450 1365 μετὰ
3483 1290 3688 1361 σαρκὸς

2101 1397 2402 1467 μυστήριον
2434 1395 2534 1448 οὐκ
2552 1393 2749 1458 εἰδότες
2779 1393 2829 1446 οἱ
2858 1392 2979 1446 κατ’
3007 1389 3234 1462 οὐρανὸν
3252 1388 3403 1450 ὄντες
3439 1383 3686 1452 ἄγγελοι,

2098 1487 2318 1540 ἀνιόντα
2367 1484 2832 1556 κατετεθήπεσαν,
2877 1482 2970 1536 ἐπὶ
3007 1481 3066 1534 δὲ
3106 1478 3185 1550 τῷ
3220 1477 3354 1548 ξένῳ
3397 1475 3492 1530 καὶ
3528 1472 3690 1546 ἀήθει

2101 1582 2388 1652 πράγματι
2446 1575 2729 1650 μονονουχὶ
2769 1571 3219 1643 τεθορυϐημένοι,
3287 1567 3442 1639 φασί’
3508 1583 3527 1617 ι
3591 1563 3692 1626 Τίς

2100 1667 2258 1739 οὗτος
2282 1673 2310 1726 ὁ
2349 1669 2786 1742 παραγενόμενος
2833 1666 2892 1733 ἐξ
2942 1663 3149 1735 Ἐδώμ;
3189 1682 3209 1713 ι
3241 1659 3387 1716 τοῦτ’
3424 1658 3590 1720 ἐστιν,
3626 1658 3697 1708 ἐκ

423 1779 574 1833 mino
603 1779 860 1833 caelestes
889 1785 1077 1848 portas
1097 1775 1398 1847 aperirent,
1429 1774 1785 1828 exclamans:
1823 1789 1840 1820 ι
1873 1767 2001 1823 Tol-

2108 1768 2226 1837 γῆς.
2267 1765 2536 1819 Ἀλλόὐκ
2578 1762 2869 1817 ἀδίδακτον
2905 1756 3005 1828 τῆς
3033 1754 3128 1810 τοῦ
3169 1753 3306 1808 Θεοῦ
3353 1751 3449 1805 καὶ
3479 1747 3698 1816 [ἰατρὸς

421 1870 519 1924 lite
554 1879 762 1940 portas,
795 1869 1097 1939 principes,
1123 1879 1360 1927 vestras.
1390 1874 1446 1922 et
1473 1863 1788 1927 elevamini,
1828 1869 1999 1932 portat

419 1962 728 2024 aeternales,
776 1969 832 2014 et
867 1961 1116 2014 introibit
1150 1959 1265 2015 lter
1299 1956 1487 2030 gloriae
1523 1955 1594 2009 “.
1634 1973 1655 2008 ι
1706 1953 1999 2009 lnnovavit

422 2055 596 2116 igitur
632 2055 792 2108 nobis
827 2051 1096 2108 Dominus
1140 2058 1330 2107 noster
1359 2048 1522 2105 Jesus
1559 2048 1816 2104 Christus
1853 2047 1998 2100 viam

422 2152 700 2200 recentem
732 2160 796 2199 ac
825 2145 1026 2207 vivam,
1072 2151 1132 2196 nt
1158 2140 1364 2196 Paulus
1393 2141 1468 2194 ait
1491 2141 1560 2204 δ’,
1593 2154 1704 2194 non
1729 2138 1783 2192 in
1811 2147 2001 2192 sancta

422 2236 762 2300 manufacta,
793 2236 888 2291 sed
914 2236 967 2290 in
992 2236 1194 2290 coelum
1219 2233 1396 2303 ipsum
1430 2233 1739 2302 ingressus,
1768 2241 1827 2284 ut
1855 2243 2002 2284 nunc

423 2342 610 2383 coram
655 2329 805 2380 vultu
855 2327 953 2382 Dei
1002 2341 1104 2398 pro
1153 2325 1313 2380 nobis
1360 2332 1644 2394 appareat.
1694 2321 1808 2377 Nec
1854 2320 2001 2376 enim

424 2421 676 2476 ascendit
711 2420 1006 2482 Christus,
1044 2427 1104 2472 ut
1150 2417 1394 2486 seipsum
1435 2412 1757 2484 conspectui
1795 2410 1893 2466 Dei
1939 2425 2004 2464 ac

424 2511 610 2569 Patris
637 2512 1017 2568 manifestaret
1057 2532 1068 2566 :
1111 2519 1229 2565 erat
1262 2507 1501 2578 quippe,
1533 2514 1588 2562 et
1635 2513 1752 2568 est,
1788 2504 2003 2572 eritque

425 2622 644 2677 semper
679 2607 732 2659 in
766 2604 964 2667 Patre,
1001 2613 1056 2659 et
1096 2605 1149 2658 in
1189 2602 1369 2658 oculis
1409 2601 1496 2656 sui
1527 2597 1800 2670 genitoris
1830 2615 1842 2650 :
1873 2595 2004 2666 ipse

2106 1857 2438 1928 ἀξιαγάστου
2477 1855 2692 1926 σοφίας,
2718 1853 2817 1923 τὴν
2844 1852 2957 1906 ἄνω
2981 1849 3191 1920 πληθὺν
3215 1847 3392 1916 ἀφῆκε
3423 1843 3485 1896 τὸ
3525 1839 3700 1896 Πνεῦ-

2113 1971 2210 2024 μα,
2252 1950 2592 2007 διεκελεύετο
2609 1948 2666 2002 δὲ
2715 1945 2916 2018 μᾶλλον
2954 1943 3030 2008 ὡς
3061 1940 3274 2014 βασιλεῖ
3296 1938 3391 1992 καὶ
3413 1935 3524 1990 τῶν
3555 1934 3702 1989 ὅλων

2106 2044 2353 2118 Δεσπότῃ
2378 2041 2477 2106 τὰς
2500 2039 2788 2113 οὐρανίους
2807 2035 3120 2105 ἀνοιγνύναι
3155 2031 3326 2094 πύλας
3356 2026 3694 2097 ἀναφωνοῦνο

2115 2158 2138 2190 ι
2203 2139 2406 2206 Ἀρατε
2457 2133 2652 2197 πύλας,
2706 2133 2756 2185 οἱ
2822 2131 3100 2200 ἄρχοντες,
3148 2123 3325 2195 ὑμῶν,
3365 2123 3462 2176 καὶ
3521 2119 3698 2188 ἐπᾶραι

2107 2229 2261 2298 θητε,
2280 2225 2447 2280 πύλαι
2474 2223 2704 2285 αἰώνιοι,
2739 2220 2834 2274 καὶ
2855 2216 3226 2272 εἰσελεύσεται
3252 2216 3280 2268 ὁ
3305 2210 3565 2273 Βασιλεὺς
3593 2208 3701 2278 τῆς

2105 2322 2285 2392 δόξης.
2328 2336 2348 2371 ι
2416 2316 2747 2372 Ἐνεκαίνισε
2811 2312 2990 2366 τοίνυν
3043 2311 3174 2382 ἡμῖν
3218 2307 3247 2359 ὁ
3290 2305 3493 2377 Κύριος
3535 2301 3698 2374 ἡμῶν

2121 2409 2328 2480 Ἰησοῦς
2378 2405 2614 2480 Χριστὸς
2657 2403 2776 2459 ὁδὸν
2823 2401 3136 2473 πρόσφατον
3177 2397 3270 2452 καὶ
3315 2395 3518 2460 ζῶσαν,
3561 2392 3640 2454 ὡς
3666 2393 3704 2444 ὁ

2109 2501 2321 2564 Παῦλός
2375 2515 2563 2570 φησιν,
2594 2497 2695 2550 οὐκ
2732 2496 2811 2558 είς
2843 2490 3196 2564 χειροποίητα
3236 2488 3367 2557 ἆγια
3416 2483 3694 2548 εἰσελθὼν,

2109 2594 2222 2650 ἀλλ’
2273 2593 2354 2656 είς
2405 2590 2567 2646 αὐτὸν
2605 2589 2697 2642 τὸν
2737 2585 2988 2660 οὐρανὸν,
3037 2584 3134 2638 νῦν
3181 2578 3581 2653 ἐμφανισθῆναι
3619 2576 3700 2648 τῷ

425 2700 575 2753 enim
616 2705 703 2752 est
750 2713 858 2766 quo
902 2711 1116 2765 semper
1153 2694 1389 2766 gaudet;
1433 2693 1528 2748 sed
1567 2689 1817 2746 ascendit
1860 2701 2004 2742 nunc

2108 2685 2387 2762 προσώπῳ
2406 2684 2500 2741 τοῦ
2553 2683 2692 2738 Θεοῦ
2727 2681 2870 2753 ὑπὲρ
2902 2678 3085 2751 ἡμῶν.
3115 2677 3190 2730 Ού
3225 2677 3335 2745 γὰρ
3360 2672 3550 2726 ἑαυτὸν
3597 2672 3698 2740 ἐμ-

428 2792 583 2862 quasi
619 2762 787 2844 homo.
833 2762 1056 2844 insolita
1102 2762 1342 2858 quadam
1391 2791 1445 2841 et
1491 2785 1759 2840 inusitata
1793 2781 2004 2836 ratione

2109 2781 2348 2851 φανίσων
2395 2778 2474 2850 τῷ
2517 2775 2793 2850 προσώπῳ
2835 2773 2929 2826 τοῦ
2955 2769 3092 2825 Θεοῦ
3145 2767 3241 2822 καὶ
3271 2765 3481 2836 [ἰατρὸς
3504 2762 3699 2818 ἀναδέ-

427 2853 880 2951 conspiciendum
906 2895 965 2936 se
997 2853 1244 2950 praebens
1285 2877 1521 2932 Verbum
1556 2874 1703 2946 quod
1733 2874 1865 2928 olim
1906 2873 2004 2927 hu-

2108 2873 2278 2954 §qxsv
2304 2873 2332 2925 ό
2361 2867 2620 2941 Χριστός*
2671 2861 2739 2936 ἦν
2788 2863 2918 2933 γὰρ,
2973 2859 3068 2914 καὶ
3113 2858 3248 2922 ἐστι,
3290 2856 3383 2910 καὶ
3426 2854 3579 2907 ἔσται
3607 2853 3700 2906 διὰ

427 2976 693 3030 manitate
718 2989 953 3029 vacuum
989 2945 1132 3028 erat.
1164 2972 1336 3041 quue
1376 2981 1600 3041 propter
1628 2984 1769 3033 nos,
1819 2975 1874 3021 et
1910 2982 2004 3036 pro

2108 2945 2332 3026 παντὸς,
2363 2963 2421 3014 ἐν
2451 2958 2650 3028 Πατρὶ,
2680 2956 2775 3010 καὶ
2803 2954 2864 3006 ἐν
2888 2951 3186 3022 ὀφθαλμοῖς
3217 2947 3313 3002 τοῦ
3342 2947 3471 3001 ίδίου
3499 2945 3700 3014 γεννή⁸

430 3067 617 3129 nobis,
648 3075 707 3120 ut
731 3075 786 3119 et
818 3067 1077 3119 inventus
1109 3072 1166 3116 ut
1206 3036 1500 3126 homo-"2',
1537 3069 1797 3128 tanquam
1828 3056 2004 3113 Filius

2109 3070 2291 3126 τοροςι
2317 3051 2480 3115 αὐτὸς
2503 3049 2609 3118 γάρ
2639 3050 2808 3107 ἐστιν,
2829 3038 3218 3115 ᾧπροσχαίρει
3246 3038 3335 3093 διὰ
3357 3036 3575 3098 παντός·
3603 3036 3707 3087 ἀν-

430 3161 486 3214 in
518 3159 718 3214 virtute
746 3198 759 3218 .
806 3168 859 3213 et
896 3157 990 3227 qui
1024 3171 1148 3211 cum
1191 3169 1361 3210 carne
1401 3153 1574 3207 audiit
1615 3153 1670 3206 in
1719 3150 1958 3208 solidum
1990 3167 2004 3205 :

435 3271 454 3302 ι
497 3249 636 3306 Sede
666 3265 695 3303 a
729 3249 942 3305 dextris
977 3248 1112 3304 meis
1142 3247 1186 3278 “
1209 3288 1224 3312 ,
1262 3265 1282 3298 ι
1330 3245 1612 3300 ﬁl-iationis
1640 3244 1874 3314 gloriam
1907 3242 2008 3297 toti

432 3344 673 3397 humano
698 3342 882 3411 generi
927 3354 1021 3410 per
1060 3339 1304 3410 seipsum
1338 3338 1636 3406 adoptione
1661 3335 2011 3390 transmitte-

430 3443 534 3490 ret.
573 3431 730 3489 Unus
775 3433 923 3488 enim
974 3441 1061 3487 est
1101 3447 1166 3485 ex
1216 3431 1377 3486 nobis
1404 3469 1419 3494 ,
1460 3431 1515 3484 in
1548 3439 1813 3499 quantum
1845 3427 2010 3482 homo

430 3526 706 3596 apparuit,
739 3540 769 3578 a
789 3523 998 3579 dextris
1025 3522 1116 3577 Dei
1148 3533 1203 3576 et
1230 3519 1433 3587 Patris,
1458 3520 1584 3576 licet
1604 3533 1769 3589 supra
1792 3531 2010 3572 omnem

431 3627 745 3674 creaturam
795 3619 909 3679 sit,
957 3624 1012 3672 et
1049 3614 1546 3672 consubstantialis
1586 3628 1690 3670 suo
1734 3611 2009 3683 genitori,

430 3720 704 3781 quatenus
745 3710 951 3766 ell‘ulsit
978 3725 1043 3765 ex
1083 3710 1239 3780 ipso,
1278 3708 1420 3764 Deus
1452 3708 1522 3763 de
1555 3706 1708 3770 Deo,
1740 3713 1796 3762 et
1824 3707 2009 3760 lumen

431 3802 500 3856 de
525 3817 654 3855 vero
674 3801 900 3855 lumine.
923 3801 1193 3870 Apparuit
1216 3800 1408 3868 itaque
1428 3805 1691 3866 tanquam
1721 3797 1889 3851 homo
1911 3809 2012 3866 pro

432 3893 593 3949 nobis
622 3892 812 3957 Patri,
838 3899 900 3947 ut
927 3907 1031 3946 nos
1059 3891 1155 3962 qui
1180 3892 1249 3946 ab
1274 3892 1394 3960 ejus
1416 3891 1573 3945 vultu
1606 3895 1832 3959 propter
1857 3895 2010 3942 vete-

432 4000 548 4040 rem
580 3983 1087 4055 praevaricationem
1122 3981 1330 4052 repulsi
1357 3980 1664 4045 fueramus,
1691 3993 1889 4034 rursus
1921 3993 2013 4033 co—

434 4091 552 4130 ram
600 4075 758 4130 Patre
795 4075 1054 4139 sisteret;
1093 4073 1280 4138 sedit,
1335 4081 1394 4126 ut
1430 4071 1638 4134 Filius,
1685 4079 1744 4124 ut
1787 4075 1842 4124 et
1875 4083 2009 4134 nos,

433 4173 695 4234 tanquam
720 4163 840 4227 lilii,
881 4178 979 4234 per
1012 4178 1138 4218 eum
1173 4176 1626 4233 nuncuparemur
1677 4176 1740 4216 ac
1769 4159 1859 4215 Dei
1894 4159 2010 4214 lilii.

431 4255 667 4324 Ideoque
697 4255 903 4311 Paulus
953 4254 1047 4325 qui
1077 4255 1364 4309 contendit
1389 4254 1591 4309 habere
1621 4268 1681 4308 se
1727 4251 2009 4307 Christum

434 4351 749 4418 loquentem
779 4349 834 4403 in
865 4349 1049 4417 seipso
1069 4347 1138 4412 ",
1167 4347 1483 4403 communia
1519 4360 1643 4402 esse
1665 4352 1877 4399 naturae
1907 4345 2011 4398 hu-

2115 3146 2218 3217 έϐη
2244 3144 2302 3198 δὲ
2344 3141 2464 3206 νῦν,
2507 3141 2582 3204 ὡς
2616 3139 2903 3210 ἄνθρωπος
2956 3132 3242 3205 ἀσυνήθως
3289 3147 3347 3182 τε
3393 3128 3488 3181 καί
3533 3126 3704 3191 ξένως

2112 3231 2534 3308 ἐμφανισθῆναι,
2586 3233 2615 3283 ὁ
2668 3227 2837 3282 πάλαι
2873 3223 3079 3296 γυμνὸς
3126 3220 3544 3290 ἀνθρώ-πιότητος
3592 3217 3704 3270 Λό-

2113 3347 2228 3402 γος.
2258 3329 2336 3382 Δι’
2358 3327 2507 3398 ἡμᾶς
2549 3324 2603 3377 δὲ
2633 3321 2810 3384 τοῦτο,
2842 3320 2938 3373 καὶ
2967 3316 3111 3388 ὑπὲρ
3136 3314 3321 3386 ἡμῶν,
3363 3313 3448 3367 ἵνα
3503 3310 3597 3364 καὶ
3625 3309 3706 3372 ὡς

2113 3399 2398 3492 ἅνθρωπος
2425 3414 2690 3487 εὑρεθεὶς,
2733 3410 2809 3474 ώς
2847 3409 2976 3471 Υἱὸς
3008 3410 3066 3460 ὲν
3113 3404 3363 3474 δυνάμει,
3415 3401 3510 3455 καὶ
3561 3399 3706 3470 μετὰ

2115 3511 2318 3583 σαρκὸς
2351 3507 2592 3569 ἀκούσας
2628 3503 2885 3567 καθόλου,
2920 3518 2941 3551 ι
2994 3496 3180 3552 Κάθου
3209 3498 3272 3550 ἐκ
3293 3492 3479 3560 δεξιῶν
3517 3509 3644 3562 μου,
3680 3511 3700 3542 ι

2113 3582 2212 3673 τῆς
2244 3598 2516 3661 υἱοθεσίας
2549 3597 2647 3666 τὴν
2669 3591 2847 3658 δόξαν,
2875 3591 2982 3660 ὅλῳ
3025 3589 3092 3643 δι’
3124 3587 3316 3641 ἑαυτοῦ
3351 3582 3714 3656 παραπέμψει

2111 3693 2192 3765 τῷ
2211 3693 2378 3762 γένει.
2416 3683 2510 3752 Εἷς
2548 3687 2654 3758 γάρ
2683 3687 2830 3738 ἐστιν
2864 3682 3041 3754 ἡμῶν,
3081 3679 3218 3734 καθὸ
3240 3677 3477 3746 πέφηνεν
3497 3673 3708 3745 ἅνθρω-

2115 3807 2236 3852 πος,
2259 3791 2324 3841 ὲκ
2346 3784 2536 3850 δεξιῶν
2560 3783 2654 3840 τοῦ
2681 3780 2818 3834 Θεοῦ
2841 3781 2934 3834 καὶ
2968 3777 3201 3848 Πατρὸς,
3229 3777 3278 3829 εί
3299 3775 3392 3828 καὶ
3419 3772 3560 3843 ὑπὲρ
3589 3773 3704 3824 πᾶ-

2116 3882 2215 3935 σαν
2257 3882 2403 3934 ἐστιν
2447 3878 2547 3948 τὴν
2596 3874 2797 3940 κτίσιν,
2831 3873 2924 3926 καὶ
2967 3868 3256 3942 ὀμοούσιος
3304 3867 3383 3937 τῷ
3425 3866 3541 3936 ίδίῳ
3577 3880 3710 3932 γεν-

2113 3976 2322 4046 νήτορι,
2381 3970 2519 4026 καθὸ
2577 3968 2824 4039 πέφηνεν
2886 3964 2947 4030 ἐξ
3001 3961 3168 4016 αὑτοῦ
3232 3961 3364 4023 Θεὸς
3416 3961 3482 4012 ὲκ
3537 3956 3705 4017 Θεοῦ,

2114 4068 2208 4121 καὶ
2234 4065 2429 4136 φῶςὲκ
2453 4061 2628 4133 φωτὸς
2648 4060 2790 4112 κατὰ
2811 4056 3092 4129 ἀλήθειαν.
3123 4051 3474 4123 Ἐνεφανίσθη
3496 4050 3709 4113 τοίνυν,

2113 4164 2190 4226 ὡς
2218 4159 2503 4231 ἄνθρωπος
2553 4155 2695 4226 ὑπὲρ
2718 4151 2874 4223 ἡμῶν
2901 4151 2980 4221 τῷ
3022 4150 3217 4220 Πατρὶ,
3267 4148 3354 4200 ἵνα
3383 4146 3530 4215 ἡμᾶς
3573 4145 3705 4208 τοὺς

2113 4257 2179 4308 ὲκ
2218 4250 2515 4324 προσώπου
2601 4246 2880 4316 γεγονότας
2929 4243 3017 4296 διὰ
3075 4241 3174 4312 τὴν
3227 4238 3458 4310 ἀρχαίαν
3522 4239 3704 4307 παρὰ·

2113 4347 2310 4409 ϐασιν,
2383 4347 2556 4414 στήσῃ
2613 4339 2776 4393 πάλιν
2829 4336 2906 4400 ὡς
2964 4336 3022 4388 ὲν
3078 4331 3357 4403 προσώπῳ
3425 4329 3520 4383 τοῦ
3584 4329 3704 4382 Πα-

434 4456 609 4495 ιιιιιιιω
639 4439 845 4495 docens
875 4455 939 4495 ea
969 4455 1090 4510 quae
1123 4455 1253 4508 erga
1272 4439 1455 4509 ipsum
1490 4437 1840 4508 peculiariter
1863 4436 2004 4492 facta

2110 4443 2257 4514 τρόςο
2287 4437 2600 4501 κεκάθικεν,
2626 4434 2702 4497 ὡς
2722 4432 2871 4494 Υἱὸς,
2923 4429 3012 4482 ἵνα
3034 4427 3129 4480 καὶ
3149 4428 3334 4498 ἡμεῖς,
3380 4424 3455 4486 ὡς
3484 4422 3592 4476 υἱοὶ
3632 4419 3708 4475 δι’

434 4540 565 4588 sunt
602 4533 715 4599 ait,
748 4533 878 4604 quia
909 4540 963 4589 et
1016 4551 1036 4583 ι
1068 4531 1532 4589 conresuscitavit
1572 4544 1704 4592 nos,
1735 4537 1789 4584 et
1820 4545 2014 4584 conse-

2112 4533 2278 4590 αὑτοῦ
2329 4527 2793 4603 χρηματίσωμεν,
2847 4521 2940 4575 καὶ
3007 4519 3178 4573 τέκνα.
3243 4515 3402 4570 Θεοῦ.
3468 4513 3569 4568 Διά
3617 4530 3705 4566 τοι

434 4625 565 4679 dere
619 4624 750 4680 fecit
794 4627 850 4680 in
901 4627 1226 4681 cmlestibus
1268 4625 1322 4680 in
1366 4624 1594 4681 Christo
1621 4626 1687 4676 ⁸³.
1723 4644 1742 4676 ι
1778 4623 2004 4695 Propria

2113 4627 2292 4690 τοῦτο,
2318 4624 2414 4678 καὶ
2446 4624 2474 4676 ὁ
2521 4617 2752 4682 Παῦλος,
2803 4616 2832 4669 ὁ
2864 4613 2956 4667 τὸν
2980 4610 3214 4684 Χριστὸν
3245 4609 3392 4679 ἔχειν
3436 4609 3494 4661 ὲν
3520 4605 3708 4675 ἐαυτῷ

435 4732 672 4786 namque
700 4724 785 4772 est
823 4715 985 4788 735
1013 4715 1239 4771 Christo
1266 4756 1283 4781 ,
1330 4727 1392 4771 ut
1421 4716 1728 4772 secundum
1762 4725 2014 4783 naturam

437 4806 575 4860 Filio
601 4849 618 4872 ,
647 4821 947 4861 consessus
993 4806 1232 4877 dignitas
1279 4815 1338 4861 et
1376 4805 1588 4875 gloria.
1634 4821 1799 4876 quam
1834 4807 1883 4862 ei
1920 4806 2016 4860 uni

433 4905 804 4969 congruenter
829 4911 893 4952 ac
921 4912 1045 4952 vere
1077 4896 1424 4952 tribuendam
1449 4912 1573 4952 esse
1602 4897 1841 4952 dicimus
1869 4915 1882 4950 :
1914 4898 2010 4952 sed

433 4996 563 5061 quia
593 4990 895 5048 considens
924 4993 1103 5047 nostri
1135 4991 1336 5047 similis
1375 4999 1499 5058 est,
1534 5002 1811 5062 quatenus
1848 5007 2013 5064 appa-

435 5087 548 5139 ruit
578 5087 776 5151 homo,
806 5082 1060 5154 Deusque
1100 5084 1263 5139 simul
1303 5083 1370 5138 de
1411 5081 1522 5137 Deo
1551 5083 1905 5153 intelligitur,
1944 5083 2012 5138 ad

437 5197 538 5234 nos
577 5181 744 5235 etiam
789 5177 1195 5249 quodammodo
1249 5177 1534 5248 dignitatis
1586 5178 1733 5232 illius
1781 5189 2012 5248 gratiam

436 5273 780 5328 transmittit.
833 5269 949 5325 Etsi
1013 5271 1160 5325 enim
1213 5285 1334 5323 eum
1393 5286 1461 5326 eo
1505 5270 1654 5325 Patri
1693 5273 2014 5327 consessuri

437 5380 545 5418 non
593 5365 768 5418 simus
834 5361 1153 5431 (quomodo
1209 5363 1358 5418 cutim
1403 5378 1598 5420 servus
1653 5381 1893 5435 unquam
1943 5365 2011 5419 ad

435 5457 698 5526 aequalem
727 5471 852 5511 cum
883 5456 1105 5510 domino
1135 5454 1395 5511 honorem
1424 5456 2012 5528 ascendet?),verum-

438 5558 618 5603 tamen
671 5549 882 5603 sanctis
932 5546 1223 5617 discipulis
1279 5563 1535 5606 sessuros
1585 5566 1750 5622 super
1794 5551 2009 5608 thronis

2113 4719 2381 4776 λαλοῦντα
2419 4711 2840 4782 διατεινόμενος,
2883 4705 3038 4761 κοινὰ
3068 4707 3135 4776 τῇ
3182 4702 3343 4773 φύσει
3387 4703 3452 4771 τῇ
3487 4699 3704 4770 ἀνθρω-

2109 4811 2243 4884 πεία
2276 4809 2346 4864 τὰ
2383 4810 2462 4870 εἰς
2495 4804 2658 4858 αὑτὸν
2694 4800 2878 4864 ἱδικῶς
2912 4797 3177 4868 γεγονότα
3204 4795 3476 4850 διδάσκων
3505 4791 3703 4863 φησιν,

2116 4907 2200 4960 ὅτι
2234 4904 2328 4958 καὶ
2360 4920 2380 4953 ι
2425 4899 2751 4969 Συνήγειρεν
2799 4893 2962 4964 ἡμᾶς,
2996 4891 3091 4944 καὶ
3133 4885 3482 4942 συνεκάθισεν
3506 4885 3564 4936 ἐν
3587 4884 3705 4944 τοῖς

2118 4991 2464 5065 ἐπουρανίοις
2514 4990 2570 5042 ὲν
2636 4983 2878 5058 Χριστῷ.
2919 4999 2938 5034 ι
2983 4981 3142 5034 Ἰδιον
3182 4980 3280 5049 μὲν
3317 4977 3425 5048 γὰρ
3464 4977 3540 5040 ώς
3584 4973 3706 5044 Tit?)

2118 5085 2262 5141 κατὰ
2286 5084 2448 5153 φύσιν
2481 5079 2716 5150 ὑπάρχει
2739 5073 2959 5147 Χριστῷ
2985 5072 3046 5126 τὸ
3071 5071 3171 5142 τῆς
3193 5070 3502 5141 συνεδρείας
3531 5068 3704 5135 ἀξίωμ-

2123 5197 2222 5250 μα,
2245 5178 2341 5232 καὶ
2358 5174 2456 5246 τὴν
2490 5171 2586 5226 τοῦ
2615 5165 2994 5240 πγκαθῆσθαι
3032 5165 3211 5230 δόξαν,
3259 5161 3408 5234 αὐτῷ
3455 5180 3513 5215 τε
3565 5179 3705 5232 πρε-

2121 5249 2331 5331 πόντως
2366 5265 2460 5318 καὶ
2493 5262 2640 5332 μόνῳ
2673 5257 2890 5330 ἀληθῶς
2942 5253 3261 5309 ἀνακεῖσθαι
3311 5255 3556 5324 φήσομεν
3579 5268 3591 5280 ·
3641 5249 3704 5303 τὸ

2119 5359 2174 5413 δὲ
2196 5358 2332 5420 ὅλως
2360 5353 2481 5408 καθ’
2508 5351 2655 5423 ἡμᾶς
2690 5346 2956 5419 ὑπάρχειν
2990 5343 3084 5398 τὸν
3120 5340 3526 5413 συνεδρεύοντα,
3564 5340 3704 5394 καθὸ

2118 5454 2358 5524 πέφηνεν
2397 5445 2682 5515 ἄνθρωπος
2707 5440 2846 5513 μετὰ
2885 5436 2978 5491 τοῦ
3033 5435 3268 5490 νοεῖσθαι
3303 5433 3397 5488 καὶ
3441 5433 3572 5486 Θεὸν
3635 5432 3704 5485 ὲκ

2111 5545 2270 5611 Θεοῦ,
2320 5538 2681 5611 παραπέμπει
2744 5549 2862 5596 πως
2911 5531 3010 5584 καὶ
3058 5531 3139 5592 εἰς
3175 5528 3322 5598 ἡμᾶς
3379 5527 3477 5592 τὴν
3513 5527 3579 5579 ἐκ
3604 5524 3703 5578 τοῦ

507 5661 552 5691 ⁸⁸
594 5658 698 5733 l_sa.
727 5659 961 5733 μιᾳ-,1.
1040 5658 1083 5690 ⁵¹
1123 5656 1268 5733 P_sal.
1306 5677 1441 5720 χχιιι
1469 5704 1484 5728 ,
1515 5663 1561 5718 7.
1643 5666 1687 5696 "
1723 5662 1886 5722 Hebr.
1923 5679 1997 5728 Ix,

2115 5703 2126 5715 .
2204 5665 2249 5695 ⁸³
2286 5661 2520 5733 Philipp.
2551 5673 2624 5722 ιι,
2665 5654 2716 5708 7.
2794 5645 3042 5706 ⁸³·.Ρειι1.
3079 5660 3186 5712 cxx,
3222 5644 3272 5698 l.
3347 5642 3394 5676 “
3428 5641 3471 5695 ll
3499 5640 3626 5696 Cor.

437 5745 536 5786 xm
559 5769 575 5797 ,
601 5731 656 5786 3.
725 5730 772 5762 ³⁵
829 5727 1029 5799 Ephcs.
1062 5743 1121 5794 ιι,
1152 5728 1205 5783 6.
