3892 6202
216 320 321 378 185

1388 310 1452 365 IN
1478 308 1767 395 JOANNIS
1802 312 2258 372 EVANGELIUM
2286 312 2418 369 LIB.
2446 312 2541 370 IX.

3388 318 3494 378 136

217 432 525 503 ἀξιώματος
551 433 732 502 χάριν.
758 430 822 484 El
848 428 957 499 γὰρ
978 427 1074 483 καὶ
1105 428 1179 499 μὴ
1207 426 1356 499 αὒτῷ
1382 428 1807 501 συνεδρεύσομεν

1913 431 2190 502 promisit.
2228 448 2247 482 ι
2284 431 2520 497 Quando
2575 431 2766 498 enim,
2827 432 3032 503 inquit,
3085 433 3263 492 Filius
3314 436 3495 493 homi-

215 523 292 596 τῷ
323 525 501 597 Πατρὶ
531 521 672 593 (πῶς
692 521 804 593 γὰρ
826 520 889 575 τὸ
910 520 1119 585 δοῦλον,
1152 522 1236 583 ιίς
1268 520 1368 591 τήν
1414 520 1541 594 ῐσην
1589 522 1669 592 τῷ
1716 522 1801 575 δε-

218 617 392 688 σπότῃ
448 616 613 687 τιμὴν
671 615 811 669 ἀνίοι
879 612 1012 667 ποτέ
1038 630 1053 679 ;
1082 613 1126 684 ),
1175 601 1423 669 ἁλλόῦν
1449 632 1535 684 γε,
1575 615 1678 686 τὴν
1708 615 1800 669 ἐπὶ

216 710 423 781 θρόνων
456 707 669 763 κάθισιν
710 709 823 771 τοῖς
870 706 1048 776 ἁγίοις
1089 707 1453 778 ἐπηγγείλατο
1511 706 1797 778 μαθηταῖς.

220 819 241 852 ι
264 800 438 856 ὀταν
491 800 624 870 γὰρ,
691 800 880 871 φησὶν,
927 800 956 853 6
1005 798 1135 863 Υἱὸς
1162 797 1254 852 τοῦ
1279 798 1570 871 ἀνθρώπου
1601 800 1803 872 καθίσῃ

215 890 312 946 ἐπὶ
343 890 537 964 θρόνου
568 890 730 963 δόξης
760 891 1066 956 αὑτοῦ,καλ⁵
1093 892 1252 962 ὑμεῖς
1282 892 1575 946 καθίσεσθε
1602 894 1694 945 ἐπὶ
1708 892 1804 945 δώ-

212 984 348 1036 δεκα
369 982 614 1054 θρόνους,
643 981 923 1052 κρίνοντες
960 981 1059 1046 τάς
1091 981 1300 1036 δώδεκα
1349 982 1523 1053 φυλὰς
1566 983 1662 1037 τοῦ
1708 983 1804 1036 Ἰσ-

217 1073 380 1145 ραήλ.
424 1092 444 1126 ι
476 1072 687 1128 Οὐκοῦν
716 1074 1097 1145 ἀνοιχήσομαι,
1145 1074 1333 1143 φησὶν,
1371 1075 1434 1128 οὒ
1471 1074 1640 1145 μονὰς
1675 1075 1804 1144 ὑμῖν

212 1166 526 1236 ὲτοιμὰσων
557 1166 689 1235 (εἰσὶ
721 1166 831 1240 γὰρ
851 1167 953 1238 ήδη
983 1167 1223 1238 πολλαὶ),
1259 1167 1353 1221 καὶ
1380 1168 1443 1221 τὸ
1472 1171 1806 1223 ὲπικαινοτοο

215 1260 441 1330 μεῖσθαι
467 1262 535 1333 τῇ
569 1259 746 1313 κτίσει
773 1259 1047 1332 περιττὸν,
1082 1260 1530 1332 προευτρεπίσων
1554 1260 1613 1314 δὲ
1637 1259 1804 1314 τόπον

212 1353 347 1424 ὑμῖν
399 1352 494 1406 τοῦ
544 1348 684 1406 εἶναι
712 1350 972 1406 δύνασθαι
1008 1354 1194 1407 λοιπὸν
1238 1352 1441 1424 ἀναμὶξ
1491 1354 1605 1417 τοῖς
1628 1352 1805 1422 ἁγίοις

210 1445 469 1515 ἀγγέλοις
500 1446 628 1509 τοὺς
657 1445 817 1509 ὄντας
864 1447 958 1499 ἐπὶ
981 1446 1081 1517 τῆς
1106 1446 1228 1516 γῆς.
1264 1445 1353 1499 διὰ
1379 1445 1478 1515 τὴν
1504 1445 1807 1517 μεσολαδήο

212 1554 389 1592 σασαν
416 1538 692 1610 ἁμαρτίαν
716 1554 733 1571 ο
755 1539 818 1591 οὐ
842 1536 954 1608 γὰρ
991 1536 1059 1592 ἂν
1085 1536 1288 1609 ἐμίχθη
1324 1540 1438 1602 τοῖς
1459 1537 1606 1591 οὕτω
1628 1537 1806 1610 $561]-

209 1630 325 1695 λοις
350 1632 382 1703 ή
409 1631 541 1700 ἁγία
568 1630 680 1684 τῶν
708 1631 823 1686 ἀνω
854 1629 1083 1701 πληθύς.
1119 1629 1493 1702 Κατορθὼσας
1525 1629 1581 1683 δὲ
1622 1629 1801 1695 τοῦτο,

208 1722 307 1776 καὶ
343 1722 587 1792 συνάψας
624 1723 736 1785 τοῖς
779 1722 893 1776 ἀνω
921 1721 991 1774 τὰ
1030 1722 1201 1784 κάτω,
1249 1722 1416 1775 τόπον
1454 1721 1511 1776 δὲ
1555 1721 1679 1786 δοὺς
1720 1724 1807 1776 ἀν-

1904 525 1991 579 nis
2027 524 2235 580 sederit
2266 525 2320 578 in
2349 524 2483 581 sede
2507 524 2817 595 majestatis
2849 541 2984 591 sua,
3017 528 3279 584 sedehltls
3308 539 3363 585 et
3395 546 3494 588 vos

1905 631 2071 686 super
2128 617 2359 673 thronos
2425 618 2761 683 duodecim,
2815 618 3137 688 iudicantes
3197 621 3492 678 duodecim

1908 711 2087 766 tribus
2129 708 2386 765 Israel".
2418 729 2438 762 ι
2477 708 2646 781 Igitur
2685 709 2970 767 discedam
2994 751 3010 775 ,
3050 711 3251 783 inquit,
3278 730 3496 785 nequa-

1904 819 2068 874 quam
2120 802 2282 858 vobis
2334 803 2657 858 mansiones
2705 813 3053 874 paraturus:
3106 806 3292 860 multa:
3345 807 3493 861 enim

1905 906 2071 961 sunt,
2118 902 2177 951 et
2220 894 2428 965 aliquid
2462 895 2589 949 novi
2620 894 2788 951 rebus
2822 896 3024 951 creatis
3054 896 3256 952 addere
3285 906 3371 953 est
3396 914 3496 952 su-

1904 987 2208 1059 perﬂuum,
2256 987 2352 1044 sed
2394 996 2805 1058 pmparaturus
2843 988 2999 1042 vobis
3034 988 3253 1053 locum,
3298 997 3357 1042 ιιι
3387 1004 3494 1043 una

1906 1094 2032 1133 cum
2060 1078 2271 1135 sanctis
2308 1079 2523 1151 angelis
2551 1078 2776 1133 demum
2804 1094 2930 1135 esse
2958 1080 3207 1150 possitis,
3240 1082 3335 1151 qui
3369 1096 3497 1151 pro—

1906 1181 2026 1243 pter
2060 1180 2344 1242 peccatum
2373 1170 2518 1242 quod
2554 1186 2651 1226 vos
2679 1171 2753 1227 ab
2786 1172 2869 1227 eis
2899 1171 3144 1243 seiungit
3167 1214 3182 1240 ,
3215 1174 3399 1228 adhuc
3440 1174 3498 1228 in

1905 1271 2053 1318 terra
2096 1262 2293 1332 degitis
2346 1278 2360 1314 :
2415 1278 2517 1318 nec
2554 1264 2703 1319 enim
2744 1278 2869 1317 cum
2906 1272 3017 1318 tam
3049 1265 3283 1336 impuris
3306 1274 3499 1321 sancta

1906 1355 2154 1410 caelitum
2194 1355 2395 1410 cohors
2422 1355 2745 1410 misceatur.
2773 1354 2931 1422 Quod
2963 1372 3088 1411 cum
3129 1372 3413 1429 peregero,
3445 1365 3500 1413 et

1906 1448 2126 1519 superis
2151 1445 2415 1503 inferiora
2446 1448 2817 1517 conjunxero,
2852 1450 3192 1520 modumque
3229 1465 3499 1509 ascensus

1907 1542 1961 1597 in
1990 1556 2288 1611 supernam
2322 1542 2605 1596 civitatem
2637 1541 2793 1597 vobis
2817 1542 3137 1608 tradidero,
3161 1543 3310 1597 circa
3342 1560 3501 1614 rege-

1906 1634 2218 1691 nerationis
2248 1645 2467 1705 tempus
2492 1634 2676 1690 denuo
2706 1644 2972 1698 revertar,
3000 1643 3056 1690 et
3091 1650 3372 1690 assumam
3400 1652 3501 1691 vos

1907 1741 2159 1789 mecum,
2207 1744 2225 1778 ι
2266 1735 2327 1780 ιιι
2373 1726 2466 1781 ubi
2508 1742 2632 1781 sum
2668 1740 2809 1797 ego,
2854 1736 2908 1781 et
2940 1742 3041 1783 vos
3081 1726 3227 1783 sitis.
3279 1746 3299 1781 ›
3337 1727 3501 1793 Quod

207 1816 336 1871 όδου
386 1817 487 1887 τῆς
512 1818 593 1880 είς
625 1816 724 1887 τὴν
774 1817 888 1871 ἀνω
933 1814 1091 1869 πόλιν
1122 1816 1273 1886 ὑμῖν,
1322 1814 1483 1870 πάλιν
1525 1813 1801 1886 ἐπανήξω,

1913 1833 2031 1874 cum
2081 1825 2272 1873 nosset
2310 1817 2520 1873 Paulus
2544 1856 2559 1881 ,
2596 1817 2651 1871 in
2685 1818 2804 1873 suis
2836 1817 3095 1887 Epistolis
3128 1818 3212 1873 sic
3257 1817 3451 1873 scribit
3484 1836 3498 1872 :

205 1909 353 1963 κατά
381 1909 473 1963 τὸν
498 1909 601 1980 τῆς
622 1908 1046 1977 παλιγγενεσίας
1078 1908 1289 1979 καιρὸν,
1336 1907 1431 1960 κοιλ⁵
1481 1907 1806 1978 παραλήψον-

1912 1931 1933 1965 ι
1965 1911 2079 1966 Hoc
2114 1912 2264 1967 enim
2300 1912 2458 1967 vobis
2488 1911 2730 1967 dicimus
2770 1910 2825 1964 in
2864 1911 3031 1965 verbo
3066 1909 3328 1975 Domini,
3371 1909 3502 1978 quia

208 2019 312 2072 μαι
330 2003 492 2074 ςῦμᾶς
516 2001 635 2071 μεθ’
658 1999 878 2067 ἑαυτοῦ,
916 2020 934 2051 ‹
967 2001 1055 2053 ἴνα
1086 2000 1219 2054 ὅπου
1247 1999 1362 2071 είμὶ
1386 1998 1518 2068 ἐγὼ,
1544 2000 1804 2071 καὶὺμεῖς

1913 2020 2007 2060 nos
2033 2045 2047 2068 ,
2083 2005 2179 2075 qui
2206 2005 2444 2059 vivimus
2470 2043 2486 2067 ,
2519 2004 2615 2073 qui
2639 2004 2851 2058 residui
2886 2018 3081 2058 sumus
3112 2003 3166 2056 in
3200 2001 3501 2055 adventum

203 2090 328 2165 ἦτε.
371 2114 390 2147 ι
431 2096 496 2147 '0
533 2094 630 2148 atati.
664 2094 847 2158 συνεὶς
882 2095 912 2146 6
940 2092 1154 2155 Παῦλος
1198 2094 1256 2145 ὲν
1281 2092 1511 2156 οἰκείαις
1551 2094 1801 2146 Ἐπιστο-

1913 2096 2160 2162 Domini,
2212 2112 2324 2151 non
2381 2098 2785 2167 praeveniemus
2836 2111 2934 2150 eos
2987 2094 3083 2164 qui
3126 2093 3500 2149 dormierunt.

203 2186 346 2251 λαῖς,
382 2185 527 2240 οὓτω
551 2185 687 2258 φησί
713 2204 728 2219 ο
764 2204 782 2237 ι
812 2185 984 2240 Τοῦτο
1008 2186 1118 2257 γὰρ
1143 2187 1272 2257 ὑμῖν
1308 2185 1541 2257 λέγομεν
1564 2186 1622 2238 ἐν
1654 2186 1798 2257 λόγῳ

1913 2189 2168 2257 Quoniam
2194 2188 2313 2259 ipse
2337 2188 2607 2242 Dominus
2636 2189 2695 2243 in
2721 2188 2882 2258 jussu
2911 2197 2965 2243 et
2997 2188 3054 2242 in
3088 2201 3227 2241 voce
3264 2186 3505 2240 archan-

204 2277 436 2346 Κυρίου,
461 2279 543 2331 ὅτι
570 2280 731 2349 ἡμεῖς
754 2279 803 2330 οί
825 2276 1048 2343 ζῶντες,
1107 2279 1156 2331 οί
1216 2277 1662 2349 περιλειπόμενοι
1715 2280 1797 2342 είς

1913 2283 2044 2355 geli,
2072 2290 2126 2339 et
2161 2282 2216 2337 in
2254 2282 2383 2335 tuba
2418 2279 2513 2336 Dei
2546 2280 2842 2336 descendet
2886 2279 2956 2335 de
2988 2279 3131 2334 coelo
3160 2297 3171 2333 :
3208 2286 3262 2333 et
3300 2259 3502 2332 mortui

201 2369 305 2441 τὴν
331 2370 634 2442 παρουσίαν
652 2370 747 2423 τοῦ
771 2370 998 2442 Κυρίου,
1026 2371 1086 2424 οὗ
1126 2370 1201 2442 μή
1228 2370 1508 2441 φθάσομεν
1541 2372 1668 2433 τοὺς
1680 2388 1798 2424 κοι-

1913 2374 2001 2445 qui
2034 2374 2087 2428 in
2114 2372 2342 2428 Christo
2378 2380 2509 2427 sunt
2546 2378 2843 2441 resurgent
2878 2370 3064 2441 primi.
3113 2368 3324 2424 Deinde
3364 2384 3501 2434 nos,

206 2462 503 2533 μηθέντας.
532 2464 656 2517 Ὅτι
678 2462 841 2526 αὐτὸς
863 2464 891 2514 ὁ
922 2463 1127 2535 Κύριος
1152 2465 1210 2517 ὲν
1232 2462 1588 2534 κελεύσματι,
1609 2465 1666 2516 ὲν
1689 2480 1801 2532 φω-

1913 2465 2001 2535 qui
2054 2466 2339 2529 vivimus,
2389 2463 2485 2534 qui
2533 2461 2945 2530 relinquimur,
3002 2461 3172 2517 simul
3219 2459 3507 2530 rapiemur

202 2557 271 2626 νῇ
296 2555 665 2626 ἀρχαγγέλου,
709 2554 804 2608 καὶ
835 2558 893 2609 ἐν
936 2556 1199 2624 σάλπιγγι
1242 2556 1379 2610 Θεοῦ
1425 2555 1800 2627 καταϐήσεται

1913 2572 2032 2612 cum
2074 2558 2184 2612 illis
2220 2558 2274 2612 in
2307 2557 2555 2612 nubibus
2581 2555 2803 2610 obviam
2830 2555 3055 2609 Christo
3080 2554 3135 2607 in
3165 2566 3316 2620 aera,
3343 2560 3397 2608 et
3424 2552 3507 2607 sic

202 2646 317 2701 ἀπὸ
339 2647 592 2718 οὐρανοῦ,
616 2648 711 2702 καὶ
735 2649 785 2701 oi
812 2648 996 2717 νεκροὶ
1026 2648 1086 2701 ἐν
1126 2646 1349 2718 Χριστῷ
1398 2647 1801 2717 ἀναστήσονται

1909 2662 2130 2719 semper
2160 2664 2287 2704 cum
2318 2649 2554 2705 Domino
2584 2649 2795 2703 erimus
2820 2646 2889 2701 ⁵⁷.
2928 2665 2947 2699 ι

204 2739 446 2811 πρῶτον.
484 2742 717 2795 Ἔπειτα
754 2742 915 2813 ἡμεῖς
955 2741 1003 2795 οί
1045 2740 1268 2806 ζῶντες,
1309 2743 1358 2794 οί
1396 2741 1863 2813 περιλειπόμενοι,
1898 2744 2015 2813 ἁμα
2075 2744 2173 2797 σὺν
2233 2744 2420 2807 αὐτοῖς
2493 2741 2936 2815 ἁρπαγησόμεθα
2977 2742 3035 2796 ὲν
3084 2740 3359 2811 νεφέλαις,
3426 2737 3508 2791 είς

203 2834 514 2905 ἀπάντησιν
542 2836 639 2889 τοῦ
670 2836 878 2907 Κυρίου
916 2836 997 2899 είς
1031 2835 1194 2906 ἀέρα,
1232 2835 1329 2889 καὶ
1378 2834 1523 2888 οὕτω
1571 2836 1804 2889 πάντοτε
1845 2834 1944 2888 σὺν
1974 2835 2163 2907 Κυρίῳ
2196 2836 2452 2908 ἐσόμεθα.
2498 2854 2517 2888 ι

280 2930 391 2985 Καὶ
421 2930 571 2985 ὅπου
611 2931 727 3001 ἐγὼ
755 2929 964 3000 ὑπάγω
996 2928 1218 2993 οιδατε,
1244 2928 1345 2983 καὶ
1383 2929 1499 2999 τὴν
1533 2928 1680 2983 ὀδόν
1710 2930 1800 2982 οῖ-

206 3024 377 3081 ὅστε.

1980 2929 2100 2985 XIV
2165 2933 2219 2986 4.
2254 2931 2322 2985 Et
2348 2947 2451 3002 quo
2478 2948 2573 3003 ego
2598 2930 2732 2986 vado
2760 2970 2775 2995 ,
2812 2930 2986 2995 scitis,
3014 2938 3064 2984 et
3094 2931 3234 2984 viam
3262 2930 3433 2984 scitis.

284 3119 740 3191 Προαποδημήσω
793 3117 893 3187 μὲν
960 3116 1176 3186 ἔγωγε,
1232 3116 1433 3188 φησὶν,
1508 3114 1810 3186 ἐτοιμὰσων

2004 3112 2294 3171 Discedam
2322 3128 2425 3184 ego
2452 3112 2675 3185 quidem
2712 3126 2960 3184 primus,
3008 3112 3187 3183 nquit,
3217 3123 3274 3166 ut
3300 3126 3512 3182 pmpa-

206 3213 341 3283 ὑμῖν
381 3211 483 3281 τῆς
534 3211 724 3264 ἀνόδου
766 3210 933 3263 τόπον
979 3210 1079 3280 τῆς
1142 3211 1222 3275 εἰς
1276 3208 1560 3281 οὐρανούς·
1602 3207 1717 3262 ἀλλ’
1764 3207 1813 3261 εί

210 3303 492 3376 βούλεσθε,
534 3303 629 3356 καὶ
676 3301 827 3372 φίλον
875 3302 1005 3373 ὑμῖν
1033 3301 1094 3355 τὸ
1123 3303 1181 3355 ὲν
1224 3303 1465 3365 ἐκείναις
1508 3298 1813 3353 καταλῦσαι

207 3398 333 3461 ταῖς
365 3397 577 3466 μοναῖς,
612 3394 707 3448 καὶ
752 3395 880 3464 περὶ
930 3393 1128 3447 πολλοῦ
1163 3392 1464 3466 πεποίησθε
1504 3392 1555 3445 τὸ
1591 3395 1678 3456 είς
1712 3392 1813 3463 τὴν

208 3490 327 3545 ἀνω
364 3488 618 3558 γενέσθαι
655 3488 844 3550 πόλιν,
888 3488 983 3542 καὶ
1020 3489 1135 3551 τοῖς
1173 3487 1350 3556 ἁγίοις
1393 3484 1813 3556 συναυλισθῆναι

209 3583 547 3653 πνεύμασιν,
602 3582 787 3638 οίδατε
846 3582 945 3653 τὴν
987 3583 1126 3645 ὁδὸν,
1174 3580 1322 3635 τοῦτ’
1370 3579 1537 3643 ἔστιν,
1569 3578 1691 3648 ὲμὲ.
1732 3579 1812 3630 Δι’

211 3676 350 3747 ὶμοῦ
374 3678 484 3748 γὰρ
521 3676 762 3739 πάντως,
788 3676 882 3728 καὶ
914 3675 975 3727 οὐ
1005 3674 1071 3727 δι’
1107 3674 1296 3739 ἑτέρου
1312 3672 1477 3737 τινὸς,
1510 3672 1609 3742 τὴν
1640 3670 1814 3734 οὕτως

212 3768 546 3837 ἀξιάγαστον
582 3766 1005 3837 ἀποκερδανεῖτε
1032 3764 1211 3835 χάρινο
1240 3764 1301 3818 οὑ
1331 3765 1441 3835 γὰρ
1471 3763 1660 3835 ἕτερος
1683 3763 1813 3832 ὑμῖν

211 3859 418 3925 ἀνοίξει
457 3859 586 3921 τοὺς
627 3857 912 3929 οὐρανοὺς,
960 3856 1082 3909 οὐδὲ
1129 3855 1292 3927 βατὸν
1350 3854 1624 3921 ἀποδείξει
1674 3854 1809 3907 ποτὲ

210 3951 275 4005 τὸ
306 3949 590 4014 παντελῶς
621 3948 840 4012 ἀπιϐἐς
872 3964 933 4002 τε
967 3948 1065 4002 καὶ
1104 3946 1270 4018 ἄηθες
1299 3947 1413 4008 τοῖς
1440 3946 1550 4001 ἀπὸ
1585 3947 1687 4015 τῆς
1710 3946 1814 4015 γῆς

212 4043 439 4115 χωρίον,
471 4045 520 4096 εί
563 4041 639 4113 μὴ
671 4041 832 4112 μόνος
874 4039 1008 4109 ἐγὼ,
1043 4039 1138 4093 καὶ
1164 4038 1369 4110 ἀληθὴς
1392 4039 1421 4091 6
1470 4039 1664 4107 Λόγος.
1711 4036 1813 4090 Διὰ

212 4138 325 4207 γάρ
362 4152 447 4189 τοι
482 4136 667 4193 τοῦτο.
698 4134 793 4187 καὶ
824 4132 852 4184 ὁ
899 4133 1186 4204 προφήτης
1240 4131 1513 4203 Ἱερεμίας
1553 4133 1611 4184 ὲν
1641 4128 1815 4184 Πνεῦ-

216 4244 375 4299 ματι,
401 4224 605 4295 ταύτην
634 4225 782 4295 ἡμᾶς
804 4223 903 4294 τὴν
929 4223 1046 4277 ὁδὸν
1062 4223 1145 4277 ὅτι
1194 4222 1430 4294 μάλιστα
1456 4219 1637 4293 ζητεῖν
1667 4236 1813 4292 παρ-

215 4316 527 4383 εκελεύετο,
556 4316 751 4384 λέγων’
797 4333 818 4367 ι
847 4315 1018 4384 Στῆτε
1047 4314 1138 4365 ἐπὶ
1158 4314 1277 4376 ταῖς
1301 4310 1460 4376 ὁδοῖς,
1486 4311 1582 4363 καὶ
1605 4310 1813 4381 ἐρωτή-

216 4428 348 4465 σατε
384 4410 606 4482 τρίϐους
644 4408 851 4480 Κυρίου
894 4405 1166 4470 αἰωνίους,
1190 4405 1285 4458 καὶ
1323 4404 1461 4457 ἴδετε
1491 4402 1619 4456 ποία
1666 4402 1813 4455 ἐστὶν

1914 3222 2029 3263 rem
2058 3205 2216 3261 vobis
2248 3205 2432 3261 locum
2464 3218 2736 3261 ascensus
2768 3205 2823 3259 in
2857 3205 3030 3260 caelos
3058 3223 3072 3259 :
3108 3205 3203 3259 sed
3238 3206 3281 3259 si
3321 3206 3377 3259 in
3402 3204 3515 3259 illis

1914 3298 2303 3355 mansionibus
2339 3299 2548 3353 morari
2581 3313 2681 3353 vos
2708 3297 2893 3367 juvat,
2918 3305 2975 3353 et
3013 3298 3069 3352 in
3105 3312 3400 3368 supernam
3433 3298 3515 3352 ci-

1913 3392 2137 3447 vitatem
2182 3391 2397 3463 ingredi
2428 3390 2655 3461 plurimi
2685 3390 2895 3447 ducitis
2917 3433 2932 3458 ,
2971 3406 3035 3445 ac
3062 3406 3171 3446 una
3212 3406 3340 3445 cum
3384 3405 3514 3445 san-

1914 3484 2025 3539 ctis
2059 3483 2352 3554 spiritibus
2377 3482 2649 3539 diversari
2672 3524 2688 3551 ,
2720 3483 2865 3537 viam
2892 3524 2907 3546 ,
2948 3483 3001 3537 id
3040 3491 3126 3538 est
3152 3498 3272 3549 me,
3305 3484 3511 3539 nostis.

1912 3573 2019 3630 Per
2059 3591 2144 3630 me
2172 3574 2319 3629 enim
2349 3574 2542 3645 utique
2564 3614 2579 3635 ,
2613 3588 2678 3629 ac
2707 3588 2818 3628 non
2849 3589 2945 3644 per
2982 3574 3150 3628 alium
3190 3573 3366 3628 ullum
3398 3583 3511 3627 tam

1915 3666 2303 3722 admirabilem
2361 3669 2599 3738 gratiam
2654 3666 3138 3733 consequemini:
3202 3683 3304 3722 nec
3363 3667 3513 3721 enim

1915 3760 2056 3815 alius
2078 3760 2239 3815 vobis
2265 3761 2439 3816 ccelos
2464 3760 2697 3831 aperiet,
2722 3768 2817 3814 aut
2844 3760 3190 3815 inaccessum
3216 3766 3271 3814 et
3303 3760 3513 3814 invium

1915 3853 2078 3923 plane
2112 3854 2354 3909 terrenis
2380 3854 2591 3920 locum,
2622 3867 2854 3908 accessu
2884 3851 3099 3908 facilem
3131 3852 3322 3907 reddet
3348 3893 3362 3916 ,
3404 3852 3521 3909 nisi.

1915 3946 2081 4018 766
2120 3961 2221 4016 ego
2260 3947 2442 4001 solum
2476 3960 2542 3999 ac
2574 3960 2765 4000 verum
2802 3943 3082 4011 Verbum,
3112 3945 3347 4015 ideoque
3380 3960 3523 4016 pro-7

1914 4041 2081 4112 pheta
2117 4040 2389 4096 Jeremias
2425 4038 2478 4092 in
2524 4036 2733 4112 Spiritu
2771 4040 2914 4093 hanc
2946 4054 3051 4095 nos
3085 4039 3328 4093 maxime
3366 4038 3526 4095 viam.

1912 4109 2412 4200 quaererejubebat
2437 4170 2452 4193 ,
2492 4109 2686 4184 dicens
2717 4146 2731 4185 :
2794 4147 2813 4180 ι
2853 4129 3008 4185 State
3046 4145 3216 4200 super
3250 4131 3409 4195 vias,
3448 4139 3505 4183 et

1913 4224 2115 4285 videte,
2144 4229 2197 4276 et
2225 4222 2566 4292 interrogate
2603 4220 2835 4275 semitas
2868 4220 3083 4275 Domini
3118 4235 3241 4291 qua:
3275 4234 3305 4273 a
3337 4234 3527 4274 sarcu-

1916 4317 1969 4372 lo
1996 4334 2010 4372 :
2036 4323 2090 4370 et
2119 4313 2298 4371 videte
2326 4313 2511 4383 qualis
2537 4321 2623 4369 est
2646 4313 2736 4367 via
2765 4312 2931 4377 bona,
2956 4322 3011 4368 et
3033 4312 3313 4367 ambulate
3344 4313 3397 4365 in
3423 4328 3525 4376 ea,

1916 4416 1970 4463 et
2007 4406 2303 4461 invenietis
2356 4405 2794 4476 purificationem
2832 4404 3127 4459 animabus
3170 4406 3374 4460 vestris
3396 4403 3462 4457 ⁵⁸.
3491 4423 3523 4455 ι

216 4506 254 4575 ή
278 4503 396 4566 ὁδὸς
428 4505 463 4573 ή
489 4502 688 4573 ἀγαθὴ,
733 4501 827 4555 καλ⁸
858 4498 1103 4570 βαδίζετε
1141 4499 1201 4552 ὲν
1221 4497 1380 4568 αὐτῇ,
1414 4495 1509 4549 καὶ
1546 4495 1809 4567 εὑρήσετε

1920 4496 2029 4553 Via:
2055 4495 2327 4566 siquidem
2357 4509 2421 4549 ac
2445 4494 2658 4549 semita:
2680 4491 2922 4557 Domini,
2945 4492 3255 4549 secundum
3283 4493 3518 4564 prophe-

216 4594 490 4665 ἁγνισμὸν
514 4594 636 4655 ταῖς
666 4593 867 4663 ψυχαῖς
888 4589 1060 4662 ὑμῶν.
1105 4609 1124 4641 ι
1170 4587 1313 4641 Ὀδοὶ
1338 4586 1439 4658 μὲν
1470 4585 1579 4657 γὰρ
1604 4585 1811 4657 Κυρίου

217 4688 317 4743 καὶ
355 4686 556 4760 τρίσοι,
603 4686 745 4739 κατὰ
786 4684 876 4737 τὸν
932 4683 1245 4755 προφήτην,
1294 4680 1364 4733 τὰ
1409 4680 1651 4752 σωτήρια
1703 4678 1814 4732 τῶν

217 4779 395 4848 ἁγίων
442 4779 737 4851 προφητῶν
779 4778 1209 4848 συγγράμματα·
1255 4773 1374 4828 ἀλλ’
1414 4773 1587 4837 εἴτις
1629 4771 1817 4835 αὐτοῖς

216 4872 313 4926 τὸν
349 4869 475 4925 νοῦν
514 4871 853 4942 ἐπιστήσειε,
891 4869 992 4939 τὴν
1022 4867 1143 4922 ὁδὸν
1186 4867 1410 4940 εὑρήσει
1454 4865 1555 4937 τὴν
1578 4862 1811 4935 ἀγαθὴν,

216 4965 368 5021 τοῦτ’
421 4964 537 5018 ἐστι
583 4962 835 5035 Χριστὸν,
884 4961 951 5016 δι’
991 4955 1053 5016 οῦ
1096 4960 1191 5014 καὶ
1234 4962 1263 5014 6
1308 4960 1512 5022 τέλειος
1554 4957 1819 5029 ἁγνισμδς

218 5059 346 5122 ταῖς
381 5058 677 5129 ἡμετέραις
718 5056 918 5127 ψυχαῖς
951 5052 1251 5123 ἐγγίνεται.
1302 5048 1671 5120 Δικαιούμεθα
1709 5049 1820 5119 γὰρ

220 5147 317 5201 διὰ
363 5146 463 5217 τῆς
505 5147 763 5212 πίστεως,
804 5146 898 5199 καὶ
934 5144 1085 5207 θείας
1124 5140 1563 5212 ἀναδεικνύμεθα
1604 5139 1821 5209 φύσεως

225 5240 477 5294 κοινωνοὶ
516 5241 581 5312 τῇ
635 5232 851 5312 μεθέξει
905 5236 1000 5293 τοῦ
1046 5236 1201 5306 ἁγίου
1256 5235 1594 5307 Πνεῦματος.
1663 5233 1823 5287 Ἀλλὰ

226 5334 323 5387 καὶ
361 5331 522 5396 αὐτὸς
578 5333 606 5385 6
666 5331 1181 5402 μεγαλοφωνότατος
1233 5329 1520 5400 προφήτης
1587 5326 1818 5390 Ἡσαΐας

223 5427 406 5491 οῦτως
438 5428 571 5497 ἡμῖν
591 5426 683 5480 τὸν
702 5426 938 5498 Χριστὸν
964 5426 1307 5497 διεκήρυττε,
1340 5422 1534 5491 λέγων’
1566 5439 1585 5472 ι
1620 5419 1817 5476 Ἔσται

226 5520 348 5575 ἐκεῖ
402 5516 519 5581 ὁδὸς
582 5518 817 5588 καθαρὰ,
869 5518 962 5571 καὶ
1009 5515 1126 5580 ὁδὸς
1178 5514 1312 5584 ἁγία
1377 5512 1735 5585 κληθήσεται.
1792 5531 1811 5564 ι

239 5610 401 5669 Ἐκεῖ
418 5610 477 5665 δὲ
492 5610 608 5666 ποῦ
630 5627 815 5682 φησιν,
836 5610 893 5663 ὲν
914 5611 1027 5671 τοῖς
1050 5608 1264 5680 χρόνοις
1286 5605 1529 5677 δηλονότι
1554 5605 1653 5674 τῆς
1682 5603 1819 5675 μετά

1916 4599 2049 4656 tam,
2080 4598 2210 4646 sunt
2237 4588 2517 4643 salutares
2543 4587 2944 4657 prOphetarum
2977 4586 3100 4641 libri
3138 4606 3151 4642 :
3184 4586 3280 4642 sed
3315 4587 3360 4641 si
3390 4589 3523 4658 quis

1915 4683 1999 4740 eis
2030 4682 2275 4736 animum
2294 4679 2649 4751 applicuerit,
2670 4678 2813 4733 viam
2833 4677 3080 4733 inveniet
3095 4678 3324 4741 bonam,
3356 4678 3407 4733 id
3429 4686 3523 4734 est

1917 4775 2200 4831 Christum
2223 4813 2237 4836 ,
2272 4789 2369 4844 per
2391 4788 2556 4843 quem
2603 4779 2661 4828 et
2705 4769 2951 4841 perfecta
2989 4770 3362 4827 sanctiﬁcatio
3390 4771 3517 4826 ani-

1922 4864 2117 4921 mabus
2142 4864 2351 4920 nostris
2375 4863 2612 4918 inditur.
2635 4859 3020 4920 Justiticamur
3040 4864 3184 4918 enim
3207 4880 3305 4934 per
3328 4863 3524 4927 ﬁdem,

1923 4968 1979 5016 et
2008 4959 2208 5014 divinat
2235 4965 2526 5014 consortes
2549 4964 2765 5012 natura:
2794 4957 3082 5013 reddimur
3100 4959 3146 4991 "
3168 4999 3184 5026 ,
3221 4958 3524 5029 participaa

1922 5055 2074 5108 tione
2112 5053 2292 5108 sancti
2328 5051 2597 5123 Spiritus.
2633 5049 2740 5107 Sed
2772 5062 2829 5107 et
2863 5052 2985 5123 ipse
3017 5067 3215 5123 magna
3246 5068 3381 5108 voce
3408 5053 3518 5106 cla-

1926 5161 2083 5202 mans
2133 5145 2306 5201 Isaias
2355 5146 2622 5216 propheta
2675 5144 2780 5200 hoc
2827 5144 2993 5199 modo
3032 5146 3193 5200 nobis
3232 5143 3517 5199 Christum

1926 5238 2307 5310 praedicabat:
2371 5257 2388 5290 ι
2424 5235 2541 5292 Erit
2584 5236 2660 5291 ibi
2711 5238 2801 5293 via
2837 5239 3041 5291 munda
3067 5277 3081 5301 ,
3121 5236 3285 5292 elvia
3324 5244 3518 5291 sancta

1928 5332 2218 5387 vocabitur
2248 5332 2316 5386 ⁸⁸.
2348 5351 2366 5383 ι
2422 5330 2508 5385 Ibi
2539 5345 2672 5386 vero
2696 5346 2797 5401 pro
2823 5330 3111 5402 aliquando
3143 5330 3344 5394 sumit,
3377 5337 3518 5407 tem-

1930 5424 2158 5495 poribus
2191 5423 2450 5479 nimirum
2485 5422 2890 5480 incarnationis
2914 5423 3217 5494 Unigeniti.
3242 5420 3343 5476 Via
3367 5423 3517 5478 enim

1929 5517 2092 5573 nobis
2123 5516 2271 5571 facta
2296 5525 2383 5571 est
2408 5530 2545 5587 pura
2574 5524 2628 5571 et
2660 5525 2885 5581 sancta,
2917 5532 3013 5586 per
3046 5532 3211 5586 quam
3235 5516 3325 5586 qui
3366 5516 3519 5571 ince-

1928 5608 2101 5670 dunt,
2145 5614 2463 5662 sanctorum
2506 5604 2847 5675 splendidam
2879 5606 3158 5660 civitatem
3192 5621 3256 5661 ac
3288 5605 3516 5661 liberam

300 5790 593 5868 "ﬂatth.
646 5808 762 5860 xu,
803 5793 893 5850 ‘28.
1056 5790 1307 5849 l'l‘hcss.
1356 5805 1433 5855 ιν,
1471 5786 1660 5845 Ιί-Ηὶ.
1741 5784 1786 5817 ⁸⁸

1918 5799 2024 5841 eui.
2060 5798 2134 5855 γι,
2186 5782 2272 5839 16.
2350 5784 2396 5816 ⁸³
2432 5780 2475 5838 11
2512 5780 2657 5839 l‘ctr.
2703 5798 2751 5851 ι,
2787 5781 2841 5840 4.
2880 5785 2925 5818 ⁸⁸
2965 5785 3070 5844 lsa.
3120 5804 3287 5850 xxxv.
3320 5790 3373 5845 8.
