3892 6202
419 244 522 300 137

1409 257 1469 314 S.
1510 258 1790 316 CYRILLI
1825 261 2298 322 ALEXANDRINI
2333 266 2653 322 ARCHIEP.

3562 276 3674 333 £89

415 360 719 418 Jerusalem
766 351 1007 424 deﬁnitis
1046 370 1216 428 visuri
1265 384 1396 429 sunt
1446 377 1806 445 temporibus.
1844 378 1986 445 Quin

2095 383 2296 454 σαρκὸς
2332 366 2640 453 οἰκονομίας
2674 381 2769 437 τοῦ
2807 384 3159 452 Μονογενοῦς.
3205 387 3354 452 Ὁδὸς
3393 389 3499 462 γὰρ
3532 394 3666 462 ἡμῖν

414 458 471 506 et
503 451 619 520 ipse
647 468 841 511 rursus
873 455 1092 515 divinus
1113 461 1403 519 Psalmista
1431 474 1691 535 tanquam
1727 468 1794 521 ad
1821 466 1990 522 Deum

413 539 635 597 Patrem
688 545 807 601 ait:
854 565 872 599 ι
906 547 1102 619 Legem
1152 568 1293 622 pone
1316 555 1470 619 mihi,
1505 555 1764 622 Domine,
1804 559 1860 612 in
1903 560 1991 614 via

411 643 504 688 tua
529 635 593 687 ⁸⁸.
621 655 640 688 ι
671 635 836 708 Cupit
885 643 1031 695 enim
1084 642 1290 699 Christi
1344 646 1555 716 legibus
1602 649 1847 714 erudiri,
1881 666 1991 706 non

411 725 675 796 ignorans
722 729 790 784 ad
838 747 1134 802 supernam
1187 736 1464 793 civitatem
1518 755 1577 795 se
1623 757 1989 798 ascensurum

411 819 458 871 si
494 835 592 888 per
619 824 989 893 evangelicam
1035 827 1340 883 doctrinam
1374 840 1523 886 recta
1566 848 1668 902 per
1705 850 1869 891 omne
1896 836 1992 891 bo-

411 924 543 962 num
575 909 806 967 feratur.
845 913 1074 970 Difficile
1129 933 1237 972 non
1280 930 1366 974 est
1407 922 1514 974 alia
1555 938 1779 993 quoque
1818 925 1990 980 multa

411 1015 480 1054 ex
521 1002 804 1071 prOphetis
840 1005 897 1059 in
951 1008 1191 1062 medium
1233 1009 1432 1066 afferre
1480 1013 1799 1068 testimonia
1829 1056 1844 1081 ,
1893 1031 1992 1086 per

411 1105 535 1160 quae
558 1091 686 1146 licet
711 1108 1011 1164 agnoscere
1033 1101 1176 1154 viam
1200 1110 1452 1157 sanctam
1480 1101 1670 1159 Jesum
1697 1120 1820 1161 esse
1845 1121 1989 1160 nun-

411 1193 672 1253 cupatum
708 1205 722 1241 :
759 1186 856 1242 sed
884 1204 993 1244 non
1025 1199 1110 1246 est
1134 1208 1360 1249 necesse
1385 1235 1400 1259 ,
1447 1203 1507 1252 ut
1538 1204 1692 1266 puto,
1723 1196 1792 1252 de
1827 1197 1990 1253 rebus

412 1274 549 1330 adeo
575 1279 876 1348 perspicuis
897 1282 1127 1338 multum
1154 1284 1430 1342 laborare.
1457 1288 1622 1342 Scitis
1652 1304 1786 1358 ergo
1819 1290 1985 1355 viam,

410 1383 695 1437 perquam
725 1372 1079 1437 ascenderis,
1115 1376 1326 1446 inquit,
1372 1387 1427 1432 et
1463 1379 1569 1450 ipsi
1601 1381 1669 1435 ad
1709 1397 1989 1451 supernas

411 1461 751 1526 mansiones,
781 1465 918 1518 nihil
951 1466 1099 1520 aliud
1132 1469 1384 1524 indicans
1411 1485 1574 1540 quam
1601 1472 1838 1542 plurima
1865 1489 1991 1529 esse

408 1566 580 1620 eaque
622 1555 885 1623 prmelara
923 1560 1066 1627 apud
1103 1557 1274 1616 Deum
1310 1575 1376 1615 ac
1411 1560 1641 1618 Patrem.
1667 1563 1946 1619 domicilia
1969 1605 1985 1631 ,

407 1651 462 1696 et
502 1644 660 1714 prius
705 1649 1000 1703 ascendam
1055 1651 1270 1720 locum,
1311 1653 1456 1711 viam
1497 1655 1654 1710 vobis
1691 1666 1987 1726 paraturus

2093 473 2283 541 γέγονε
2329 473 2545 545 καθαρὰ
2569 475 2671 552 ’καὶ
2705 475 2854 544 ἁγία,
2905 476 2972 529 δι’
3009 473 3077 546 ἦς
3124 479 3173 531 οἱ
3218 478 3522 548 βαδίζοντες
3566 483 3668 555 τὴν

2093 564 2351 636 λαμπρὰν
2393 567 2501 619 τῶν
2544 568 2717 635 ἁγίων
2741 567 3056 623 καλλίπολιν
3093 571 3187 624 καὶ
3232 572 3331 641 τὴν
3373 572 3664 645 ἐλευθέραν

2105 657 2458 729 Ἰερουσαλὴμ
2479 660 2536 711 ἐν
2557 663 2668 722 τοῖς
2693 659 3019 732 ὡρισμένοις
3047 661 3266 731 ὄψονται
3299 665 3526 735 χρόνοις.
3555 667 3666 720 Καὶ

2093 749 2253 812 αὐτὸς
2305 750 2361 802 δὲ
2392 751 2553 804 πάλιν
2578 753 2606 805 ό
2646 751 2930 815 θεσπέσιος
2961 755 3090 824 ἡμῖν
3121 753 3392 826 Μελῳδὸς,
3415 756 3490 818 ὡς
3528 757 3669 828 πρὸς

2091 841 2224 895 Θεὸν
2258 843 2480 914 Πατέρα
2504 845 2657 915 φησί·
2702 864 2722 897 ι
2764 846 3143 918 Νομοθέτησόν
3173 865 3262 918 με,
3292 848 3486 920 Κύριε,
3514 852 3572 903 ἐν
3596 853 3664 921 τῇ

2090 932 2194 1003 ὁδῷ
2229 951 2347 988 σου.
2379 955 2398 987 ›
2443 937 2739 1008 Ἐπιθυμεῖ-
2753 939 2878 1010 γὰρ
2901 941 3014 1002 τοῖς
3040 939 3129 992 διὰ
3152 941 3388 1012 Χριστοῦ
3416 943 3670 996 παιδεύε-

2092 1026 2218 1079 σθαι
2257 1027 2462 1098 νόμοις,
2485 1030 2586 1082 οὐκ
2618 1031 2893 1102 ἀγνόησας
2919 1049 3005 1096 τις
3034 1032 3117 1086 ὅτι
3147 1032 3242 1086 καὶ
3271 1033 3409 1105 πρὸς
3431 1035 3532 1105 τὴν
3551 1035 3668 1090 ἄνω

2091 1116 2354 1187 βαδιεῖται
2401 1121 2574 1188 πόλιν,
2622 1121 2709 1176 διὰ
2749 1123 2849 1194 τῆς
2906 1123 3266 1195 εὐαγγελικῆς
3302 1125 3664 1190 παιδεύσεως,

2092 1211 2212 1261 κατ’
2235 1209 2362 1263 εὐθὺ
2396 1212 2593 1275 παντὸς
2613 1213 2906 1284 ἐρχόμενος
2923 1211 3152 1282 ἀγαθοῦ.
3181 1215 3293 1268 Καὶ
3310 1218 3671 1286 παρενεγκεῖν

2094 1298 2192 1368 μὲν
2223 1299 2283 1352 οὐ
2317 1298 2570 1369 χαλεπὸν,
2601 1302 2695 1357 καὶ
2729 1301 2922 1374 ἐτέρας
2945 1301 3026 1354 ἐτι
3053 1301 3254 1367 πολλὰς
3283 1305 3348 1357 ἐκ
3373 1303 3668 1376 προφητῶν

2094 1391 2420 1462 μαρτυρίας,
2462 1392 2529 1446 δι’
2561 1385 2636 1448 ὧν
2661 1393 2727 1447 ἂν
2756 1393 3026 1464 εἰδείημεν
3055 1393 3172 1448 ὁδὸν
3200 1395 3300 1464 τὴν
3341 1396 3502 1464 ἁγίαν
3530 1396 3667 1448 ἀπο-

2091 1481 2424 1553 κεκλημένον
2469 1482 2560 1535 τὸν
2601 1483 2829 1555 Ἰησοῦν,
2863 1485 2978 1538 ἀλλ’
3010 1485 3186 1551 οὐδὲν,
3205 1482 3378 1556 οἶμαι,
3404 1487 3465 1540 τὸ
3500 1487 3670 1555 ἀναγ-

2091 1576 2244 1628 καῖον
2285 1577 2398 1639 τοῖς
2427 1573 2569 1628 οὓτω
2615 1576 2802 1647 σαφῶς
2835 1578 3191 1648 ἐγκειμένοις,
3230 1580 3310 1642 εἰς
3346 1578 3531 1650 ὄνησιν
3570 1579 3669 1630 ἐπ-

2092 1664 2454 1734 αγωνίζεσθαι
2479 1669 2703 1737 σφόδρα.
2724 1670 2869 1722 Ἴστε
2905 1668 3086 1727 τοίνυν
3113 1669 3214 1740 τὴν
3233 1669 3371 1734 ὁδὸν,
3402 1669 3469 1723 δι’
3501 1664 3568 1739 ἧς
3599 1668 3667 1722 ἂν

407 1750 519 1803 quo
563 1737 735 1793 libere
779 1749 832 1794 et
868 1741 1142 1812 intrepide
1173 1747 1393 1802 versari.
1423 1746 1476 1801 in
1517 1747 1639 1803 illis
1673 1749 1989 1820 regionibus

2095 1755 2248 1823 ἴοιτε,
2285 1759 2420 1828 φησὶ
2443 1801 2458 1825 ,
2503 1760 2594 1813 καὶ
2649 1760 2805 1820 αὐτοὶ
2847 1761 2985 1830 πρὸς
3031 1760 3130 1824 τὰς
3169 1737 3285 1816 ἄνω
3335 1760 3502 1832 μονὰς
3526 1737 3672 1831 (ήδη

408 1827 659 1894 possitis.
695 1827 860 1886 Scitis
900 1848 1028 1887 vero
1053 1873 1067 1897 ,
1116 1835 1297 1906 inquit
1319 1878 1341 1902 λ
1389 1840 1665 1895 neminem
1696 1857 1792 1911 per
1821 1843 1988 1898 alium

406 1932 569 1986 quam
618 1935 714 1990 per
763 1938 852 1978 me
892 1941 1066 1983 unum
1094 1942 1158 1982 eo
1191 1931 1492 1984 ascendere
1521 1948 1765 2002 unquam
1801 1951 1984 2005 posse.

403 2010 607 2077 Quare,
653 2014 696 2069 si
743 2017 867 2084 quis
895 2017 962 2072 ab
1003 2034 1192 2074 amore
1219 2021 1431 2078 Christi
1465 2023 1799 2084 deturbatus
1827 2070 1844 2095 ,
1892 2038 1988 2084 aut

404 2103 650 2173 profanis
703 2122 900 2176 vocum
962 2113 1306 2170 novitatibus
1350 2117 1424 2183 θ’,
1471 2126 1527 2172 et
1565 2121 1985 2190 peregrinorum

403 2197 795 2256 vocabulorum
851 2204 1262 2275 impuritatibus
1316 2212 1711 2282 syc0phantias
1768 2215 1986 2284 paranti

402 2289 692 2349 adhaerens
713 2333 728 2357 ,
764 2295 1093 2354 ineffabilem
1127 2311 1182 2356 et
1213 2303 1828 2373 incomprehensibilem
1863 2308 1985 2378 ejus

401 2389 656 2436 naturam
696 2386 841 2443 inter
873 2404 1064 2447 servos
1095 2395 1329 2450 collocet
1353 2436 1369 2461 ,
1420 2407 1515 2452 aut
1557 2399 1788 2456 liberum
1831 2411 1886 2458 et
1918 2419 1985 2458 ex

403 2474 565 2548 767
600 2475 780 2535 Patris
808 2481 1121 2538 substantia
1153 2487 1396 2556 genitum
1431 2489 1671 2545 Verbum
1707 2495 1985 2550 creaturis

401 2568 744 2634 adnumeret,
781 2580 876 2627 aut
907 2575 1015 2630 alio
1053 2579 1256 2647 quovis
1291 2581 1457 2637 modo
1483 2583 1672 2650 violet,
1717 2587 1983 2659 intelligat

401 2677 462 2716 se
497 2662 641 2717 viam
681 2664 749 2719 ad
785 2682 1023 2737 superna
1057 2673 1371 2728 tendentem
1411 2675 1718 2745 perdidisse
1743 2719 1760 2743 ,
1812 2687 1868 2734 et
1913 2681 1984 2736 ab

401 2753 518 2806 arvi
551 2755 723 2810 sulcis
753 2759 1078 2827 aberrasse,
1113 2774 1174 2819 ut
1212 2780 1242 2818 a
1274 2767 1515 2836 quodam
1549 2769 1818 2840 scriptum
1854 2780 1938 2828 est
1963 2815 1980 2840 ,

400 2851 456 2895 et
501 2858 692 2911 poenas
739 2846 793 2900 in
838 2847 1031 2907 inferis
1073 2853 1404 2924 degentibus
1453 2857 1670 2914 debitas
1713 2858 1978 2918 luiturum

399 2948 545 2991 esse.
589 2938 858 3003 Quocirca
885 2945 1335 3014 sapientissimus
1369 2948 1575 3007 Paulus
1610 2970 1707 3010 eos
1745 2955 1840 3026 qui
1869 2970 1981 3026 prae

400 3027 661 3081 vecordia
695 3031 892 3087 nolunt
922 3035 981 3091 in
1006 3036 1229 3093 Christo
1261 3041 1480 3108 vivere,
1527 3045 1623 3099 sed
1659 3047 1726 3099 ad
1774 3047 1978 3117 legales

2091 1850 2247 1904 τοῦτο
2276 1851 2639 1923 παραδηλῶν,,
2655 1853 2749 1906 καὶ
2781 1853 2967 1924 ἕτερον
2999 1853 3171 1917 οὐδὲν,
3195 1854 3228 1924 ἦ
3255 1855 3336 1906 ὅτι
3371 1851 3540 1906 πολλὰ
3567 1854 3667 1923 μὲν

2090 1942 2231 2009 λίαν,
2261 1944 2356 1998 καὶ
2393 1945 2643 2016 εὐπρεπῆ
2679 1946 2748 1999 τὰ
2769 1946 2919 2017 παρά
2957 1944 3077 2016 Θεῷ
3107 1947 3201 1998 καὶ
3227 1946 3398 2015 Πατρὶ
3432 1944 3667 1999 καταλύ-

2093 2033 2286 2104 ματα),
2303 2037 2398 2089 καὶ
2422 2037 2584 2090 τόπον
2610 2035 2740 2105 ὑμῖν
2772 2035 3084 2106 παρρησίας
3106 2034 3200 2092 τοῦ
3227 2037 3320 2089 καὶ
3341 2037 3398 2088 ἐν
3437 2036 3666 2098 ἐκείνοις

2088 2126 2340 2194 γενέσθαι
2389 2129 2502 2191 τοῖς
2550 2128 2770 2200 χωρίοις
2830 2126 3137 2196 ἐτοιμάσων
3190 2125 3666 2198 προαναϐήσομαι.

2089 2217 2236 2286 Πλὴν
2289 2217 2424 2284 ῐστε,
2470 2218 2654 2290 φησὶν,
2685 2218 2762 2282 ὡς
2782 2218 2882 2270 οὐκ
2906 2217 2970 2272 ἄν
3008 2235 3090 2281 τις
3115 2216 3164 2270 δι
3217 2217 3406 2288 ἐτέρου
3435 2217 3577 2280 τινὸς
3606 2215 3670 2270 τὸ

2087 2313 2266 2367 ἐκεῖσε
2296 2309 2547 2379 γενέσθαι
2589 2310 2764 2373 λάϐοι,
2793 2310 2934 2382 πλὴν
2951 2310 3017 2362 δι’
3045 2309 3176 2380 ἐμοῦ
3212 2311 3308 2364 καὶ
3354 2310 3534 2379 μόνου.
3558 2309 3668 2362 Οὐ-

2088 2403 2215 2460 κοῦν
2255 2403 2413 2466 εἴτις
2435 2403 2658 2456 ἐκπέσοι
2690 2402 2784 2457 τοῦ
2811 2402 3128 2471 ἀγαπᾶσθαι
3158 2401 3308 2474 παρὰ
3343 2399 3602 2477 Χριστοῦ,
3634 2399 3668 2470 ἢ

2088 2496 2335 2567 βεὸήλοις
2361 2496 2740 2566 κενοφωνίαις,
2783 2498 2876 2549 καὶ
2904 2494 3209 2551 ἀλλοκότων
3237 2494 3496 2564 ῥημάτων
3528 2493 3669 2550 ἀκαη·

2087 2586 2339 2659 θαρσίαις
2356 2587 2637 2658 προσέχων
2652 2591 3009 2657 συκοφαντεῖν
3030 2587 3289 2657 ἑλομένῳ,
3311 2585 3410 2657 τὴν
3430 2585 3675 2655 ἄρρητον

2085 2679 2250 2733 αὐτοῦ
2274 2680 2368 2733 καὶ
2399 2680 2504 2734 ἀπε
2515 2679 2758 2750 ρινόητον
2802 2678 2964 2749 φύσιν
2991 2679 3065 2742 ὼς
3089 2679 3146 2732 ἐν
3173 2677 3375 2740 δούλοις
3405 2675 3668 2731 κατατάττ

2084 2790 2187 2839 τει,
2222 2773 2455 2835 καὶτοῖς
2506 2771 2820 2841 γενομένοις
2876 2769 3206 2842 καταριθμεῖ
3247 2768 3339 2822 τὸν
3383 2765 3668 2836 ἐλεύθερον

2083 2865 2178 2923 καὶ
2218 2867 2282 2918 ἐκ
2327 2864 2426 2934 τῆς
2473 2863 2662 2928 οὐσίας
2703 2863 2799 2916 τοῦ
2837 2862 3049 2933 Πατρὸς
3082 2860 3409 2931 γεννηθέντα
3454 2858 3667 2927 Λόγον,

2082 2958 2252 3027 ἧγουν
2283 2955 2404 3009 καθ’
2428 2955 2617 3026 ἕτερόν
2653 2971 2776 3008 τινα
2802 2955 3065 3025 λυπήσειε
3096 2952 3317 3024 τρόπον,
3348 2950 3674 3019 γινωσκέτω

2086 3049 2273 3103 λοιπὸν
2314 3048 2416 3118 τῆς
2453 3049 2591 3118 πρὸς
2617 3049 2678 3101 τὸ
2709 3048 2821 3102 ἄνω
2844 3047 3072 3118 πορείας
3102 3047 3203 3116 τὴν
3231 3044 3349 3099 ὁδὸν
3372 3042 3668 3107 ἀπολέσας,

401 3118 629 3174 umbras
671 3121 932 3191 redeunt,
993 3129 1204 3184 alienos
1236 3130 1413 3187 factos
1446 3149 1569 3190 esse
1613 3145 1667 3190 et
1705 3152 1736 3190 a
1774 3137 1978 3193 Christi

2090 3141 2180 3192 καὶ
2200 3138 2613 3210 πεπλανημένος
2637 3139 2734 3208 μὲν
2749 3138 2841 3192 τοῦ
2869 3138 2997 3191 ἰδίου
3010 3137 3276 3208 γεωργίου
3299 3137 3425 3199 τοὺς
3440 3134 3635 3199 ἄξονας
3652 3175 3668 3200 ,

401 3210 578 3278 gratia
608 3213 883 3271 excidisse
923 3219 999 3272 ait
1044 3236 1112 3278 ex
1150 3237 1216 3275 eo
1274 3224 1418 3293 quod
1465 3228 1658 3281 volunt
1685 3228 1979 3298 iustificari

2090 3230 2231 3285 κατὰ
2253 3231 2314 3284 τὸ
2347 3230 2637 3302 εἰρημένον
2666 3229 2770 3284 ὐπό
2813 3247 2976 3294 τινος,
3003 3229 3214 3298 ὑφέξων
3245 3227 3304 3281 δὲ
3334 3226 3548 3289 πάντως
3571 3225 3674 3296 τὴν.

399 3315 468 3354 ex
534 3302 651 3374 lege
685 3305 750 3360 ".
792 3304 1266 3373 Quemadmodum
1309 3317 1453 3369 enim
1495 3318 1542 3372 is
1581 3319 1671 3388 qui
1708 3336 1736 3373 a
1769 3321 1899 3375 trita
1927 3331 1982 3375 et

2090 3325 2198 3385 τοῖς
2230 3322 2380 3375 κάτω
2412 3322 2630 3392 μένουσι
2651 3323 2965 3395 πρέπουσαν
2993 3321 3167 3391 δίκην.
3195 3321 3291 3373 Διὰ
3328 3319 3484 3373 τοῦτο
3517 3319 3612 3372 καὶ
3640 3325 3680 3376 ὸ,

400 3402 549 3450 recta
573 3396 662 3452 via
690 3400 934 3468 excidit,
966 3407 1176 3461 erroris
1213 3409 1440 3463 omnino
1475 3409 1679 3464 damna
1711 3428 1980 3481 passurus

2090 3413 2399 3482 σοφώτατος
2431 3415 2641 3477 Παῦλος
2665 3416 2792 3478 τοὺς
2828 3413 3242 3486 ἀρνησαμένους
3277 3415 3339 3466 ἐκ
3380 3410 3672 3482 φρενοϐλατ

397 3495 485 3542 est
530 3507 544 3543 :
598 3489 678 3544 sic
727 3493 819 3564 qui
853 3495 1140 3565 repudiata
1171 3496 1376 3554 Christi
1399 3500 1616 3568 justitia
1649 3504 1982 3574 evangelicae

2090 3505 2236 3568 ϐείας
2277 3505 2337 3558 τὸ
2375 3507 2432 3558 ἐν
2472 3505 2693 3577 Χριστῷ
2735 3505 3139 3569 πολιτεύεσθαι,
3175 3501 3674 3574 παλινδρομοῦντος

398 3583 840 3640 conversationis
881 3587 1194 3642 doctrinam
1231 3590 1367 3644 nihil
1396 3590 1608 3646 faciunt
1633 3633 1648 3656 ,
1683 3609 1976 3664 supernam

2090 3595 2148 3649 δὲ
2178 3596 2315 3667 πρὸς
2353 3597 2451 3661 τὰς
2481 3599 2545 3650 ἐκ
2576 3597 2741 3667 νόμου
2768 3597 2947 3660 σκιὰς,
2976 3594 3453 3668 ἀπλλοτριῶσθαί
3502 3609 3670 3663 φησιν

397 3672 678 3728 civitatem
717 3692 827 3731 non
863 3678 1171 3746 videbunt,
1215 3697 1394 3751 neque
1430 3700 1599 3753 porro
1642 3686 1808 3740 etiam
1853 3704 1977 3743 cum

2090 3687 2195 3740 ἀπὸ
2245 3689 2481 3758 Χριστοῦ
2530 3690 2624 3742 καί
2667 3689 2766 3760 τῆς
2808 3690 3029 3760 χάριτος
3072 3691 3379 3754 ἐκπεσεῖν,
3431 3686 3519 3740 διὰ
3571 3685 3668 3739 τοῦ

397 3766 609 3820 sanctis
647 3767 852 3825 vivent.
891 3769 991 3826 Via
1017 3775 1166 3828 enim
1195 3790 1319 3845 qua:
1348 3776 1484 3832 illuc
1507 3777 1682 3845 ducit,
1720 3779 1976 3838 Christus

2090 3779 2424 3833 δικαιοῦσθαι
2449 3780 2626 3849 φιλεῖν
2648 3783 2711 3834 ἐκ
2737 3782 3143 3855 νόμου.Ὂνπερ
3165 3783 3274 3855 γὰρ
3293 3781 3493 3854 τρόπον
3519 3781 3548 3832 ὁ
3569 3777 3674 3851 τῆς

395 3873 544 3914 unus
579 3867 684 3916 est.
2081 3871 2458 3944 τετριμμένης
2508 3891 2569 3926 τε
2619 3873 2714 3928 καὶ
2752 3875 2965 3939 εὐθείας
3000 3874 3280 3929 ἐκπίπτων
3325 3872 3468 3937 ὁδοῦ,
3502 3871 3570 3924 τὰ
3600 3872 3668 3930 ἐκ

392 3951 488 4008 τοῦ
534 3955 836 4011 πλανᾶσθαι
887 3957 1102 4023 πάντως
1127 3960 1493 4032 ὐποστήσεται
1538 3963 1729 4034 βλάϐη·
1777 3965 1972 4032 οὕτως,
2010 3965 2185 4037 οἶμαι,
2210 3967 2310 4020 καὶ
2340 3967 2439 4038 οὐχ
2466 3968 2688 4040 ἑτέρως,
2728 3969 2778 4022 οἱ
2816 3969 2914 4040 τὴν
2974 3970 3033 4022 ἐν
3074 3967 3295 4040 Χριστῷ
3321 3962 3668 4039 δικαιοσύνην

393 4049 820 4118 παρωσάμενοι,
873 4051 968 4104 καὶ
1025 4052 1124 4123 τῆς
1160 4054 1521 4126 εὐαγγελικῆς
1563 4057 1836 4122 πολιτείας
1877 4060 1978 4130 τὴν
2017 4061 2300 4116 παίδευσιν
2343 4064 2402 4116 ἐν
2467 4061 2546 4132 τῷ
2609 4061 2800 4133 μηδενὶ
2848 4060 3174 4126 τεθεικότες,
3210 4061 3309 4133 τὴν
3349 4060 3461 4121 ἀνω
3511 4056 3670 4117 πόλιν

391 4139 492 4192 οὐκ
562 4139 804 4209 ὄψονται,
843 4142 958 4197 ἀλλ’
999 4144 1121 4198 οὐδὲ
1158 4148 1268 4209 τοῖς
1307 4147 1484 4215 ἁγίοις
1524 4150 2008 4220 συνδιαιτήσονται.
2063 4153 2212 4218 Ὁδὸς
2251 4155 2360 4226 γὰρ
2399 4155 2433 4223 ἡ
2479 4154 2616 4225 πρὸς
2661 4153 2818 4209 τοῦτο
2884 4154 3217 4224 κομίζουσα,
3247 4153 3406 4225 μόνος
3451 4151 3597 4204 ἐστὶν
3638 4150 3671 4202 ό

391 4233 648 4302 Χριστός.

464 4326 604 4392 XIV,
639 4327 764 4393 5,6.
791 4327 933 4383 Dicit
954 4330 1002 4384 ei
1036 4329 1264 4387 Thomas
1291 4349 1308 4386 :
1337 4333 1855 4394 Dominemescimus
1869 4354 1970 4408 quo

2143 4331 2316 4402 Λέγει
2345 4328 2505 4394 αὐτῷ
2534 4328 2757 4398 Θωμᾶς*
2797 4331 2919 4383 Οὐκ
2962 4330 3210 4399 οῑὸαμεν
3233 4329 3352 4384 ποῦ
3392 4330 3662 4400 ὑπάγεις,

392 4414 564 4480 vadis,
607 4425 656 4469 et
707 4418 970 4487 quomodo
1007 4435 1290 4488 possumus
1347 4423 1487 4478 viam
1527 4425 1712 4484 scire?
1753 4425 1895 4479 Dicit
1933 4428 1981 4480 ei

2090 4421 2334 4488 καὶπῶς
2371 4422 2619 4491 οἴδαμεν
2662 4421 2779 4489 τὴν
2832 4422 3016 4488 όδόν;
3055 4425 3225 4492 Λέγει
3277 4421 3436 4488 αὐτῷ
3474 4429 3507 4477 ό
3564 4427 3669 4496 ’1ης-

391 4505 552 4560 Jesus
578 4525 596 4560 .'
634 4506 747 4580 Ego
791 4527 909 4564 sum
945 4513 1063 4578 via,
1105 4523 1154 4566 et
1184 4515 1378 4569 veritas
1405 4555 1420 4581 ,
1465 4525 1516 4570 et
1549 4519 1695 4573 vita:
1739 4530 1788 4574 et
1829 4537 1977 4574 nemo

2090 4514 2258 4580 σοῦς·
2294 4513 2434 4582 Ἐγώ
2460 4515 2576 4581 εἰμι
2609 4514 2646 4580 ἡ
2671 4511 2831 4579 ὁδὸς,
2855 4511 2956 4566 καὶ
2984 4514 3023 4581 ἠ
3046 4513 3317 4582 ἀλήθεια,
3349 4513 3445 4567 καὶ
3463 4515 3500 4582 ἡ
3530 4513 3663 4580 ζωή·

394 4599 533 4652 υεηίι
566 4599 635 4652 ad
674 4599 912 4668 Patrem,
955 4603 1061 4657 nisi
1093 4620 1186 4674 per
1219 4621 1321 4662 me.

2090 4607 2288 4671 οὐδεὶς
2341 4605 2578 4674 ἔρχεται
2643 4605 2792 4673 πρὸς
2861 4605 2968 4658 τὸν
3030 4604 3296 4672 Πατέρα,
3349 4607 3404 4658 εὶ
3453 4603 3542 4674 μὴ
3590 4604 3679 4659 δι”

2085 4699 2254 4769 ἐμοῦ.

466 4778 748 4835 Christum
793 4783 912 4837 suis
956 4783 1248 4856 discipulis
1291 4791 1537 4846 nondum
1579 4801 1765 4863 aperte
1793 4791 1976 4847 dicere

2148 4790 2318 4844 Οὔπω
2372 4789 2673 4862 διαρρήδην
2725 4791 2904 4847 εἰπεῖν
2955 4789 3276 4861 ἐθελήσαντι
3321 4789 3400 4860 τῷ
3447 4791 3673 4864 Χριστῴ

395 4873 666 4928 volentem
703 4872 774 4928 ad
806 4875 975 4930 cmlos
1009 4893 1069 4932 se
1113 4893 1506 4946 ascensurum,
1543 4892 1594 4936 et
1641 4883 1706 4937 ad
1751 4882 1973 4938 Patrem

2090 4884 2188 4946 τοῖς
2221 4881 2414 4935 ἐαυτοῦ
2456 4880 2748 4952 μαθηταῖς,
2781 4880 2863 4934 ὅτι
2893 4879 3159 4950 βαδιεῖται
3200 4881 3338 4953 πρὸς
3382 4882 3482 4950 τὴν
3527 4882 3670 4946 ἄνω,

396 4963 766 5034 migraturum
792 5005 807 5031 ,
845 4965 941 5020 sed
971 4967 1320 5039 aenigmatice
1354 4971 1534 5026 adhuc
1561 4982 1616 5027 et
1651 4973 1820 5027 multa
1848 4990 1974 5028 cum

2090 4973 2169 5026 ιαὶ
2218 4971 2561 5043 ἀποδημήσει
2618 4973 2757 5042 πρὸς
2813 4972 2906 5026 τὸν
2949 4973 3204 5045 Πατέρα,
3250 4973 3674 5044 αἰνιγματωδῶς

396 5055 644 5125 emphasi
678 5072 794 5112 rem
823 5058 1229 5132 significantem
1257 5060 1498 5117 Thomas
1531 5062 1836 5133 discipulus
1866 5065 1972 5117 sci-

2090 5079 2137 5131 re
2181 5062 2287 5134 μὴν
2333 5062 2415 5114 ἔτι
2468 5063 2562 5115 καὶ
2607 5062 2696 5116 διὰ
2733 5063 2944 5117 πολλῶν
2992 5065 3285 5136 ἐμφάσεων
3327 5065 3387 5117 τὸ
3433 5067 3673 5136 πρᾶγμα

396 5150 652 5214 scitatur,
681 5160 734 5204 et
754 5161 1173 5220 argumentatur
1202 5151 1609 5223 quodammodo
1633 5161 1846 5208 tantum
1869 5170 1981 5208 non

2091 5153 2432 5222 σημαίνοντι,
2489 5153 2857 5224 προσεκόμισε
2911 5153 3009 5225 τὴν
3063 5155 3252 5210 πεῦσιν
3307 5157 3335 5208 ὁ
3396 5155 3670 5226 μαθητής.

395 5242 562 5297 etiam
603 5257 805 5314 cogens
851 5241 1087 5296 invitum
1141 5243 1326 5300 dicere
1362 5261 1610 5314 quonam
1638 5245 1860 5301 demum
1909 5246 1982 5301 sit

2090 5245 2290 5316 Θωμᾶς
2322 5244 2378 5298 δέ
2394 5241 2460 5317 ἦν
2477 5241 2651 5310 οὗτοςο
2677 5247 2771 5299 καὶ
2811 5248 3201 5301 συναναπλέκει
3235 5248 3354 5301 τινὰ
3383 5248 3668 5318 λογισμὸν,

395 5335 682 5399 abiturus,
717 5343 772 5389 et
809 5319 920 5404 quo
957 5335 1146 5390 tendat
1176 5337 1326 5392 illius
1370 5337 1659 5394 discessus
1699 5337 1825 5395 iter.
1870 5336 1981 5393 Nec

2092 5336 2376 5409 μονονουχὶ
2419 5337 2511 5389 καὶ
2552 5337 2650 5406 οὐχ
2691 5337 2886 5391 ἐκόντα
2922 5339 3098 5405 λέγειν
3127 5339 3532 5411 ἐκϐιαζόμενος,
3572 5343 3674 5394 καὶ

396 5427 541 5482 enim
577 5426 807 5490 scimus,
836 5427 1034 5496 inquit,
1066 5443 1178 5497 quo
1203 5429 1357 5483 vadis
1391 5449 1404 5484 :
1441 5437 1495 5485 et
1523 5429 1800 5499 quomodo
1835 5430 1978 5483 viam

2090 5430 2211 5483 ὅποι
2237 5429 2368 5481 ποτὲ
2406 5429 2752 5499 πορεύσεται,
2780 5431 2874 5484 καὶ
2901 5423 2961 5484 οὗ
2995 5431 3095 5500 τῆς
3129 5433 3436 5504 ἀποδημίας
3481 5436 3514 5505 ἡ
3548 5433 3671 5500 ὁδὸς

399 5518 770 5575 sciverimns?
801 5517 861 5572 Et
896 5535 1023 5574 vero
1061 5520 1281 5574 nimiam
1315 5522 1695 5578 curiositatem
1726 5521 1978 5591 discipuli

2091 5521 2440 5575 συντείνεται.
2488 5522 2564 5575 Οὐ
2601 5522 2710 5593 γὰρ
2741 5523 2918 5596 ἴσμεν,
2947 5522 3072 5598 ἔφη,
3109 5524 3212 5576 ποῦ
3249 5526 3500 5594 ὑπάγεις,
3550 5521 3673 5583 εἶτα

506 5707 553 5740 ⁶¹
588 5705 731 5764 Psal.
761 5723 911 5775 xxvi,
946 5707 1031 5763 ll.
1110 5709 1150 5738 ⁵⁵
1176 5708 1194 5764 l
1223 5706 1364 5764 Tini.
1393 5723 1466 5774 γι,
1498 5708 1586 5763 20.
1667 5709 1710 5738 ⁸³
1741 5708 1918 5764 Galat.
1953 5724 2002 5794 ν,
2034 5726 2084 5764 κα.
