3892 6202
284 259 395 318 180

1338 264 1404 320 ΙΝ
1432 265 1722 322 JOANNIS
1761 263 2219 327 EVANGELIUM
2251 269 2382 327 LIB:
2420 271 2517 328 I‘X.

3458 268 3565 325 190

460 379 528 434 ἂν
577 379 852 452 εἰδείημεν
907 382 1008 455 τὴν
1058 383 1215 451 όδόν;
1272 385 1385 439 Καὶ
1437 386 1496 439 τὸ
1534 386 1633 457 μὲν
1680 385 1857 456 σφόδρι

1985 385 2247 446 Christus
2291 392 2552 447 amolitur
2594 410 2606 445 :
2662 406 2764 447 nec
2809 392 2954 447 enim
2993 393 3291 464 respondet
3336 394 3412 449 ad
3446 394 3570 464 eius

287 474 584 545 περίεργον
607 473 700 527 τοῦ
731 474 978 546 μαθητοῦ
1009 476 1343 548 παρελαύνει
1364 479 1633 555 «Χριστός-
1670 480 1732 532 οὐ
1773 479 1882 551 γὰρ

285 564 645 631 ἀποκρίνεταί
678 584 730 619 τι
769 568 909 638 πρὸς
939 568 1077 636 ὅπερ
1104 570 1298 640 ἤθελεν
1332 572 1515 639 αὐτὸς,
1547 572 1664 625 ἀλλ’
1705 573 1882 626 ἐκεῖνο

284 658 353 726 τῇ
394 656 499 727 ἰδίᾳ
534 656 732 726 γνώσει
772 661 1036 731 τηρήσας,
1069 662 1164 714 καὶ
1198 663 1377 735 καιρῷ
1422 664 1621 734 μᾶλλον
1660 665 1880 729 ἀναθεὶς

284 747 363 818 τῷ
401 750 841 823 πρεπωδεστέρῳ
879 753 1269 809 διεκκαλύπτει
1310 756 1620 828 χρησίμως,
1652 758 1788 829 ὅπερ
1811 754 1879 829 ἦν

284 839 473 903 αὐτοῖς
515 840 819 910 ἀναγκαῖον
865 846 947 908 εἰς
1000 834 1259 916 μάθησιν.
1320 848 1462 917 Ἐγὼ
1509 850 1690 903 τοίνυν
1736 851 1874 920 εἰμί,

285 927 475 998 φησὶν,
508 931 542 1001 ἡ
582 930 721 995 ὁδὸς,
764 933 876 1000 ἐγὼ
905 935 938 1003 ή
974 934 1222 1005 ἀλήθεια,
1262 937 1373 1007 ἐγὼ
1407 940 1440 1009 ή
1480 938 1612 1010 ζωή.
1649 940 1760 994 Καὶ
1795 941 1876 994 ὅτι

286 1017 389 1086 μὲν
419 1018 625 1091 ἀληθὴς
646 1024 775 1094 περὶ
802 1024 999 1079 ἑαυτοῦ
1018 1027 1190 1081 ταῦτα
1212 1028 1385 1098 λέγων
1405 1032 1434 1083 6
1452 1032 1677 1103 Κύριος,
1699 1034 1877 1099 οὐδεὶς

281 1110 354 1163 ἂν
381 1151 396 1175 ,
448 1105 624 1179 οἶμαι,
668 1115 776 1169 τῶν
832 1118 1239 1189 εὐφρονούντων
1297 1124 1547 1196 ἑνδοιάσῃ
1631 1126 1873 1184 πώποτε.

282 1200 434 1271 Πλὴν
479 1203 657 1259 ἐκεῖνο
690 1206 801 1260 δεῖν
851 1210 1221 1282 ὑπολαμϐάνω
1259 1214 1492 1286 ζητῆσαι
1523 1218 1873 1288 φιλομαθῶς⁶

278 1291 378 1343 τοῦ
407 1293 517 1365 γὰρ
538 1295 601 1366 δὴ
620 1298 804 1369 χάριν,
827 1303 1004 1357 καίτοι
1029 1305 1165 1374 φῶς,
1185 1307 1280 1359 καὶ
1299 1309 1482 1379 σοφία,
1511 1312 1604 1365 καὶ
1622 1311 1872 1382 δύναμις,

278 1385 380 1437 καὶ
416 1387 622 1459 ἑτέροις
652 1390 709 1444 δὲ
740 1392 887 1458 ὅσοις
917 1397 1145 1467 ὀνόμασι
1176 1399 1328 1471 παρὰ
1356 1404 1477 1467 ταῖς
1497 1401 1876 1472 θεοπνεύστοις

274 1476 675 1551 ὠνομασμένος
694 1484 960 1555 Γραφαῖς,
991 1488 1393 1562 ὲξειλεγμένοις
1408 1492 1599 1568 ὥσπερ
1622 1497 1754 1561 τισὶ,
1779 1500 1874 1552 καὶ

275 1569 420 1622 πολὺ
448 1570 566 1626 λίαν
593 1573 810 1644 ἔχουσιν
828 1578 957 1633 ὄντα
983 1580 1161 1650 λόγον,
1193 1584 1392 1655 χρῆται
1422 1588 1560 1658 πρὸς
1587 1589 1647 1642 τὸ
1675 1590 1869 1660 παρὸν,

271 1662 400 1717 ὁδὸν
456 1666 673 1733 ἑαυτὸν,
727 1670 819 1723 καὶ
872 1671 1154 1744 ἀλήθειαν,
1201 1677 1294 1729 καὶ
1347 1676 1495 1749 ζωὴν
1530 1680 1867 1745 ἀποκαλῶν;

1983 479 2225 546 libitum,
2258 483 2355 538 sed
2389 484 2522 539 illud
2547 499 2662 540 suae
2707 485 3011 555 cognitioni
3040 500 3371 549 reservans,
3402 486 3568 557 quin.-

1982 569 2093 624 imo
2136 573 2370 643 tempori
2420 573 2800 645 opportuniori
2838 574 3090 630 tribuens
3118 615 3135 642 ,
3180 575 3568 646 percommode

1978 665 2208 733 exponit
2226 664 2279 719 id
2298 666 2446 735 quod
2464 668 2532 720 ad
2558 665 2914 738 disciplinam
2934 675 3020 723 est
3035 669 3433 723 necessarium.
3456 668 3568 740 Ego

1980 752 2178 822 igitur,
2203 741 2403 824 inquit,
2443 771 2564 811 sum
2598 756 2709 821 via,
2741 771 2843 827 ego
2872 758 3100 822 veritas,
3134 772 3236 828 ego
3262 756 3398 813 vita.
3433 757 3568 825 Quae

1978 842 2200 913 quidem
2231 859 2358 899 vere
2394 843 2461 899 de
2501 845 2683 916 seipso
2721 844 3013 900 Dominum
3043 846 3230 901 dicere
3250 886 3265 910 ,
3300 860 3483 911 nemo,
3507 853 3568 899 ut

1977 948 2124 999 reor,
2163 949 2336 990 sanus
2377 936 2432 989 in
2466 936 2696 991 dubium
2732 953 2974 1008 unquam
3008 938 3372 993 revocaverit.
3413 937 3569 1004 Quae-

1976 1025 2214 1081 rendum
2263 1027 2626 1084 nihilominus
2665 1029 2916 1085 studiose
2965 1030 3233 1095 arbitror,
3284 1045 3452 1101 quam
3494 1029 3566 1084 ob

1975 1135 2225 1184 causam,
2259 1136 2385 1176 cum
2418 1122 2535 1187 lux,
2574 1132 2629 1177 et
2664 1122 2938 1193 sapientia
2960 1162 2982 1189 ,
3015 1133 3071 1177 et
3100 1124 3309 1189 virtus,
3329 1125 3567 1194 aliisque

1976 1211 2296 1267 istiusmodi
2342 1214 2669 1269 nominibus
2700 1216 2845 1285 apud
2885 1215 3205 1286 Scripturas
3234 1218 3451 1273 divinas
3491 1218 3566 1276 sit

1974 1313 2365 1374 nuncupatus,
2415 1306 2640 1362 eximiis
2687 1323 2838 1362 nunc
2893 1309 3063 1363 veluti
3112 1308 3443 1379 quibusdam
3497 1325 3565 1365 ac

1974 1395 2277 1466 praecipuis
2307 1403 2518 1462 utatur,
2562 1398 2807 1468 seipsum
2844 1398 3011 1464 viam,
3049 1407 3107 1454 et
3136 1402 3462 1464 veritatem,
3498 1416 3565 1457 ac

1973 1490 2143 1547 vitam
2176 1490 2495 1546 nominans.
2526 1491 2691 1546 Altus
2717 1490 2893 1556 enim,
2922 1492 3264 1557 utarbitror,
3285 1507 3388 1546 nec
3419 1495 3561 1547 mul-

1974 1591 2092 1637 tum
2119 1583 2398 1655 explicatu
2434 1582 2620 1640 facilis
2646 1592 2734 1639 est
2760 1583 3032 1640 sermonis
3067 1584 3232 1640 istius
3270 1600 3469 1641 sensus
3507 1595 3563 1641 et

1976 1674 2119 1728 ratio
2156 1693 2169 1728 :
2210 1673 2377 1745 768
2414 1672 2587 1728 nihilo
2617 1682 2799 1728 tamen
2827 1674 3013 1729 minus
3053 1674 3121 1728 ad
3162 1674 3312 1728 illum
3348 1684 3432 1729 est
3467 1691 3564 1746 ag-

272 1754 483 1812 Βαθεῖα
514 1759 623 1831 γὰρ
664 1761 741 1825 ῶς
791 1757 1029 1836 ἐγῷμαι,
1067 1768 1162 1820 καὶ
1194 1768 1254 1821 οὐ
1290 1768 1411 1822 λίαν
1458 1771 1794 1837 εὐκάτοπτος
1836 1776 1857 1843 ’ί

1978 1764 2357 1836 grediendum.
2386 1763 2574 1818 Dicam
2615 1767 2763 1819 enim
2791 1764 2939 1835 quod
2975 1765 3109 1818 mihi
3142 1766 3289 1820 venit
3324 1767 3379 1820 in
3408 1782 3562 1821 men-

268 1848 375 1903 τοῦ
423 1850 582 1921 λόγου
620 1854 873 1927 δύναμις·
904 1858 1006 1912 οὐκ
1038 1859 1299 1931 ὀκνητέον
1332 1862 1377 1915 δ’
1406 1858 1500 1918 οῦν
1536 1866 1686 1935 ὅμως
1730 1866 1869 1937 πρὸς

268 1942 376 2014 τὴν
424 1945 758 2019 ἐγχείρησιν.
811 1950 951 2021 Ἐρῶ
979 1952 1087 2023 γὰρ
1130 1953 1268 2026 ὅπερ
1298 1956 1379 2019 είς
1408 1956 1549 2028 ἐμὴν
1588 1958 1867 2014 ἀναϐαίνει

264 2033 535 2101 διάνοιαν,
576 2040 752 2108 ἐφιεὶς
789 2042 1034 2113 δηλονότι
1074 2045 1143 2100 τὰ
1172 2047 1382 2118 ἀμείνω
1413 2052 1555 2102 νοεῖν
1586 2053 1699 2115 τοῖς
1729 2050 1866 2106 θεω-

268 2130 393 2197 ρεῖν
448 2130 697 2186 είωθόσιν
744 2133 1174 2206 ὀξυωπέστερον.
1218 2140 1318 2193 Διά
1364 2141 1530 2211 τριῶν
1576 2144 1868 2215 τοιγαροῦν

268 2223 622 2293 πραγμάτων
674 2230 794 2291 ταῖς
822 2230 935 2283 ἄνω
974 2231 1070 2284 καὶ
1105 2230 1279 2297 θείαις
1307 2233 1708 2303 προσϐαλοῦσιν
1749 2236 1865 2308 [γρ.

266 2314 717 2389 προσϐαλοῦμεν]
745 2319 959 2384 αὐλαῖς,
986 2324 1080 2376 καὶ
1106 2325 1186 2387 είς
1219 2324 1319 2395 τὴν
1351 2324 1461 2378 τῶν
1503 2327 1869 2400 πρωτοτόκων

278 2404 617 2478 Ἐκκλησίαν
644 2411 1054 2483 ἀναϐησόμεθα·
1086 2414 1176 2468 διὰ
1205 2415 1458 2488 πράξεως
1486 2417 1549 2488 δή
1580 2436 1744 2489 φημι,
1765 2419 1866 2489 τῆς

264 2498 415 2551 κατά
448 2503 702 2574 ποικίλην
739 2503 959 2576 ἀρετὴν,
991 2506 1089 2559 καὶ
1113 2506 1354 2573 πίστεως
1373 2510 1472 2581 τῆς
1505 2511 1564 2564 ἐν
1589 2511 1864 2583 ὀρθότητι,

263 2589 366 2643 καὶ
400 2591 615 2656 ἐλπίδος
657 2593 757 2665 τῆς
788 2595 849 2648 ὲν
889 2594 1026 2667 ζωῇ.
1052 2592 1183 2670 ’Ἆρ’
1222 2594 1316 2652 οὖν
1354 2600 1544 2671 ἕτερος
1587 2602 1720 2672 ἡμῖν
1770 2602 1866 2657 τοῦ

260 2681 528 2737 δύνασθαι
560 2686 786 2741 τοιαῦτα
814 2687 949 2759 δρᾷν
978 2692 1266 2762 γενήσεται
1316 2696 1574 2765 χορηγὸς,
1609 2696 1642 2767 ἢ
1673 2697 1869 2769 πρόξε-

259 2792 378 2839 νος,
432 2776 466 2847 ἢ
509 2779 680 2843 αἰτία,
725 2779 759 2849 ἢ
812 2781 1087 2851 πρόφασις
1126 2784 1277 2855 παρά
1318 2786 1410 2839 τὸν
1454 2787 1663 2859 Κύριον
1705 2790 1865 2861 ἡμῶν

272 2867 489 2939 Ἰησοῦν
512 2870 604 2924 τὸν
635 2872 903 2941 Χριστόν;
936 2874 1009 2928 υύ
1041 2874 1139 2946 μὲν
1164 2871 1277 2931 οῦν.
1308 2878 1400 2950 Μὴ
1443 2880 1554 2951 γάρ
1586 2899 1667 2935 τοι
1702 2883 1866 2953 νομί-

258 2976 387 3030 σῃς.
419 2961 591 3025 Αὐτὸς
622 2967 732 3033 γὰρ
780 2965 915 3035 ἡμῖν
947 2966 1341 3038 νενομοτέθηκε
1384 2970 1452 3024 τὰ
1502 2974 1644 3044 ὑπὲρ
1676 2974 1864 3044 νόμον,

254 3052 429 3117 αὐτὸς
462 3053 709 3121 ὑπέδειξε
744 3055 845 3126 τὴν
872 3057 1011 3123 ὁδὸν,
1037 3060 1104 3131 ἢν
1129 3059 1215 3125 ἂν,
1242 3055 1420 3131 οἶμαι,
1455 3065 1540 3127 τὶς
1562 3066 1745 3129 καλῶς
1778 3068 1860 3131 είς

1972 1864 2117 1920 tem,
2173 1857 2467 1928 cogitanda
2508 1857 2768 1911 nimirum
2830 1857 3061 1911 meliora
3119 1856 3438 1928 relinquens
3493 1859 3561 1913 iis

1968 1949 2175 2020 quibus
2219 1950 2433 2005 acutior
2458 1951 2539 2005 vis
2580 1960 2668 2005 est
2694 1950 2917 2020 ingenii.
2952 1948 3156 2007 Tribus
3192 1950 3362 2023 igitur
3398 1951 3562 2007 rebus

1970 2043 2037 2098 ad
2069 2058 2339 2113 supernas
2372 2058 2438 2098 ac
2475 2042 2693 2097 divinas
2728 2042 3048 2098 mansiones
3080 2042 3377 2107 enitemur,
3410 2052 3465 2097 et
3500 2043 3561 2097 in

1969 2136 2465 2208 primogenitorum
2495 2136 2982 2207 congregationem
3016 2134 3383 2192 ascendemus
3417 2154 3430 2190 :
3464 2152 3562 2207 per

1971 2230 2245 2284 actionem
2274 2229 2489 2286 scilicet
2514 2229 2735 2284 virtutis
2759 2230 2989 2292 variam,
3016 2243 3113 2299 per
3135 2228 3299 2283 ﬁdem
3327 2236 3566 2293 rectam,

1970 2332 2026 2375 et
2059 2336 2211 2393 spem
2238 2322 2384 2376 vitae.
2418 2323 2491 2375 At
2520 2320 2648 2391 quis
2677 2319 2820 2376 alius
2855 2320 3019 2375 nobis
3050 2333 3242 2375 eorum
3274 2316 3559 2374 faciendo-

1971 2431 2092 2470 rum
2119 2416 2368 2485 largitor,
2396 2429 2490 2470 seu
2518 2415 2795 2485 pararius,
2834 2413 2951 2469 sive
2971 2426 3139 2467 causa
3165 2412 3352 2480 fuerit,
3389 2428 3555 2483 quam

1973 2507 2242 2564 Dominus
2266 2517 2455 2563 noster
2482 2507 2647 2563 Jesus
2674 2506 2981 2561 Christus?
3018 2504 3192 2561 Nemo
3223 2521 3379 2562 sane.
3411 2507 3558 2562 Cave

1970 2599 2022 2653 id
2070 2598 2385 2654 existimes.
2442 2595 2564 2667 Ipse
2600 2597 2805 2667 quippe
2840 2596 2999 2652 nobis
3033 2598 3179 2667 leges
3212 2598 3399 2667 posuit
3434 2613 3559 2669 quae

1971 2700 2102 2749 sunt
2135 2706 2303 2762 supra
2325 2692 2520 2759 legem,
2554 2691 2674 2761 ipse
2691 2692 2833 2745 viam
2865 2690 3217 2755 monstravit,
3243 2704 3406 2760 quam
3430 2704 3557 2759 pro-

1970 2784 2037 2839 be
2078 2784 2349 2838 aetionem
2391 2780 2654 2847 virtutis,
2690 2791 2743 2837 et
2781 2781 3079 2835 incitatum
3121 2795 3185 2835 ac
3239 2790 3553 2850 promptum

1971 2875 2025 2927 in
2067 2874 2381 2928 actionibus
2417 2887 2538 2941 qua:
2578 2880 2709 2927 sunt
2761 2871 3068 2927 secundum
3111 2872 3389 2927 Christum
3437 2884 3556 2927 stu-

1971 2964 2120 3019 dium
2163 2965 2474 3035 intelligere
2507 2978 2824 3034 possumus.
2857 2964 3029 3033 Igitur
3054 2963 3173 3034 ipse
3202 2972 3287 3018 est
3309 2964 3550 3028 veritas,

1971 3058 2090 3128 ipse
2123 3057 2243 3122 via,
2284 3057 2391 3111 hoc
2420 3063 2541 3122 est,
2577 3071 2708 3111 vera
2744 3055 2865 3111 ﬁdei
2904 3056 3093 3127 regula
3121 3099 3134 3123 ,
3177 3065 3232 3111 et
3260 3056 3554 3127 inculpata

253 3143 366 3214 τὴν
407 3147 528 3197 κατ’
572 3143 856 3215 ὲνέργειαν
902 3147 1105 3219 ἀρετὴν
1168 3150 1481 3215 ὲκδέξαιτο,
1538 3156 1632 3208 καὶ
1686 3157 1746 3210 τὸ
1798 3160 1855 3211 ὲν

1962 3149 2029 3204 de
2064 3148 2178 3204 Deo
2214 3150 2511 3205 sententia:
2532 3164 2711 3204 canon
2762 3157 2817 3202 et
2859 3148 3122 3204 amussis.
3151 3147 3287 3202 Nam
3336 3149 3383 3205 si
3425 3165 3553 3204 vere

255 3236 499 3307 πράξεσι
526 3241 650 3301 ταῖς
682 3239 824 3293 κατά
849 3241 1105 3311 Χριστὸν,
1140 3242 1455 3298 διαϐατικόν
1499 3263 1557 3299 τε
1590 3250 1681 3302 καὶ
1717 3251 1854 3320 πρό-

255 3328 455 3398 θυμον.
490 3330 702 3384 Οὐκοῦν
745 3332 904 3396 αὐτός
942 3334 1092 3386 ἐστιν
1135 3335 1168 3405 ἡ
1210 3334 1456 3407 ἀλήθεια,
1512 3339 1675 3404 αὐτός
1707 3343 1854 3397 ἐστιν

253 3422 290 3488 ἡ
326 3420 463 3485 όδδς,
512 3421 659 3475 τοῦτ’
690 3423 859 3492 ἐστιν,
890 3426 919 3479 6
952 3425 1163 3497 ἀληθὴς
1188 3431 1292 3500 τῆς
1315 3431 1554 3495 πίστεως
1582 3433 1727 3504 ὄρος,
1760 3435 1853 3489 καὶ

252 3512 286 3562 6
311 3512 411 3583 τῆς
443 3513 719 3579 ἀπλανοῦς
754 3518 885 3587 περὶ
916 3517 1051 3572 Θεοῦ
1098 3519 1404 3593 διαλήψεως
1449 3524 1630 3578 κανών
1661 3543 1721 3579 τε
1756 3527 1852 3581 καὶ

256 3602 497 3677 στάθμη.
551 3606 913 3672 Πιστεύοντες
953 3612 1064 3684 γὰρ
1110 3615 1191 3676 είς
1245 3615 1373 3669 Υἱὸν
1423 3616 1663 3687 ἀληθῶς,
1705 3618 1850 3673 τοῦτ’

253 3693 427 3759 ἐστιν,
459 3696 519 3760 ἐξ
558 3697 729 3768 αὐτῆς
775 3701 1106 3771 γεννηθέντα
1131 3704 1232 3775 τῆς
1261 3706 1449 3770 οὐσίας
1470 3707 1565 3761 τοῦ
1591 3708 1726 3763 Θεοῦ
1756 3710 1850 3764 καὶ

256 3786 496 3857 Πατρὸς,
532 3789 595 3842 οὐ
634 3789 807 3855 νόθον,
830 3792 890 3845 οὐ
920 3792 1290 3867 ψευδώνυμον,
1324 3796 1439 3851 ἀλλ’
1471 3800 1591 3853 οὐδὲ
1624 3802 1846 3872 κτίσμα,

253 3874 292 3946 ἢ
323 3877 555 3948 ποίημα,
596 3880 659 3935 τὸ
691 3883 792 3953 τῆς
834 3883 1071 3955 ἀληθοῦς
1118 3886 1357 3950 πίστεως
1417 3892 1848 3964 περικεισόμεθα

253 3970 543 4043 καύχημα.
585 3974 644 4028 '0
674 3975 784 4048 γὰρ
816 3978 898 4041 εἰς
926 3977 1055 4031 Υἱδν
1083 3980 1532 4051 παραδεξάμενος
1572 3984 1664 4037 τὸν
1696 3985 1845 4049 Υἱὸν,

250 4064 629 4138 διωμολόγηκε
671 4070 889 4130 πάντως
941 4072 1037 4126 καὶ
1092 4073 1184 4126 τὸν
1244 4073 1304 4139 ἐξ
1345 4070 1517 4147 οὗπερ
1565 4078 1703 4141 ἐστὶ,
1753 4080 1848 4132 καὶ

259 4157 487 4228 Πατέρα
516 4159 609 4213 τὸν
630 4160 762 4216 Θεὸν
796 4158 907 4217 οἷδέ
932 4181 992 4217 τε
1041 4166 1133 4218 καὶ
1163 4165 1397 4235 δέξεται.
1429 4169 1600 4233 Αὐτὸς
1627 4188 1847 4242 τοιγαρ-

250 4248 351 4303 οῦν
380 4252 414 4321 ὴ
440 4251 666 4322 ἀλήθειά
692 4256 862 4321 ἐστιν,
890 4256 1052 4321 αὑτός
1074 4259 1225 4313 ἐστιν
1252 4262 1284 4330 ἡ
1314 4258 1427 4333 ζωή
1451 4278 1464 4291 ο
1502 4262 1563 4315 οῦ
1594 4263 1701 4334 γὰρ
1723 4264 1844 4317 ’ἐτε-

255 4359 350 4412 ρος
380 4345 513 4414 ἡμῖν
542 4347 985 4420 ἀποκαταστήσει
1021 4350 1120 4420 τὴν
1157 4352 1216 4404 ἐν
1249 4352 1430 4406 ἐλπίσι
1459 4354 1626 4425 ζωὴν,
1658 4355 1757 4426 τὴν
1784 4357 1843 4408 ἐν

249 4433 535 4508 ἀφθαρσίᾳ
572 4437 837 4509 δηλονότι,
868 4442 963 4495 καὶ
988 4443 1376 4515 μακαριότητι,
1417 4446 1512 4499 καὶ
1541 4447 1798 4517 ἁγιασμῷ
1829 4465 1842 4477 ⁸

1962 3242 2241 3297 credimus
2284 3243 2341 3295 in
2388 3240 2627 3307 Filium,
2673 3240 2728 3295 id
2760 3248 2845 3295 est
2884 3241 2937 3295 in
2973 3256 3098 3294 cum
3140 3242 3233 3311 qui
3265 3256 3331 3295 ex
3363 3240 3454 3296 Dei
3485 3257 3551 3295 ac

1958 3334 2138 3391 Patris
2188 3336 2412 3405 genitus
2462 3344 2545 3391 est
2589 3335 2922 3399 substantia,
2969 3349 3079 3387 non
3122 3334 3396 3405 spurinrn,
3437 3350 3548 3389 non

1957 3426 2102 3483 falso
2127 3429 2471 3482 nominatum
2493 3468 2509 3492 ,
2549 3428 2645 3483 sed
2682 3442 2862 3497 neque
2893 3433 3212 3480 creaturam
3243 3433 3337 3480 aut
3368 3426 3549 3481 factu-

1955 3535 2070 3573 ram
2114 3535 2257 3575 veraa
2288 3518 2409 3575 ﬁdei
2450 3520 2620 3590 gloria
2670 3519 3015 3573 ornabimus.
3047 3516 3183 3572 Nam
3218 3519 3311 3588 qui
3341 3517 3545 3572 Filium

1953 3612 2009 3666 in
2037 3626 2169 3667 vero
2201 3610 2521 3682 signiﬁcatu
2566 3610 2819 3681 ceperit,
2856 3610 3059 3665 fatetur
3088 3610 3280 3680 utique
3315 3621 3372 3665 et
3416 3626 3544 3666 eum

1951 3720 2020 3760 ex
2046 3720 2155 3776 quo
2184 3712 2269 3760 est
2294 3746 2308 3770 ,
2345 3702 2681 3773 Patremque
2727 3702 2898 3758 Deum
2940 3703 3193 3774 agnoscit
3240 3712 3296 3759 et
3342 3702 3542 3758 credit.

1952 3797 2072 3869 Ipse
2098 3799 2316 3868 itaque,
2354 3796 2561 3852 veritas
2594 3806 2715 3861 est,
2747 3796 2868 3867 ipse
2899 3804 2982 3851 est
3011 3796 3121 3850 vita
3152 3814 3164 3851 :
3201 3811 3364 3851 nemo
3394 3795 3544 3852 enim

1949 3895 2117 3949 vitam
2163 3906 2327 3964 quam
2384 3906 2673 3961 speramus
2712 3889 3129 3961 incorruptione
3178 3890 3441 3945 nimirum
3488 3901 3544 3945 et

1948 3984 2293 4041 beatitudine
2353 3996 2421 4037 ac
2476 3980 2914 4037 sanctiﬁcatione
2972 3987 3317 4035 constantem
3383 3981 3542 4037 nobis

1949 4087 2146 4147 praeter
2181 4092 2305 4132 eum
2347 4075 2606 4130 restituet
2639 4092 2653 4128 :
2700 4073 2821 4143 ipse
2846 4072 2994 4127 enim
3027 4088 3128 4128 nos
3159 4072 3394 4128 suscitat
3418 4112 3435 4139 ,
3484 4081 3540 4128 et

1948 4169 2041 4239 qui
2071 4168 2270 4224 mortui
2299 4182 2494 4223 sumus
2523 4175 2749 4238 propter
2774 4174 2935 4221 vetus
2966 4164 3350 4229 maledictum,
3380 4165 3449 4220 ad
3482 4165 3537 4220 id

1948 4259 2091 4330 quod
2124 4258 2282 4313 initio
2314 4272 2559 4321 eramus,
2585 4255 2770 4311 denuo
2799 4254 3107 4309 revocabit.
3130 4250 3328 4307 Omnia
3368 4252 3541 4322 igitur

1950 4350 2111 4405 nobis
2144 4350 2198 4403 in
2232 4349 2355 4419 ipso
2377 4387 2392 4410 ,
2423 4355 2478 4402 et
2508 4362 2607 4416 per
2637 4346 2822 4415 ipsum
2852 4344 3118 4413 praaclara
3147 4351 3311 4412 atque
3335 4343 3537 4397 eximia

1947 4451 2001 4500 et
2030 4443 2363 4500 exstiterunt
2387 4441 2525 4509 jam,
2561 4446 2617 4494 et
2649 4453 2818 4508 porro
2852 4437 3172 4492 exstabunt.
3210 4435 3315 4491 Sed
3339 4436 3537 4491 obser-

252 4528 419 4592 αιὺτδς
451 4529 562 4602 γὰρ
593 4533 740 4602 ἡμᾶς
773 4533 999 4603 ἐγείρει,
1025 4536 1119 4589 καὶ
1147 4538 1376 4606 νεκροὺς
1404 4540 1715 4608 γεγονότας,
1754 4541 1843 4596 διὰ

1961 4553 2013 4592 va
2040 4578 2056 4601 ,
2089 4550 2278 4607 quaeso
2300 4574 2314 4599 ,
2354 4548 2521 4603 quam
2577 4539 2704 4601 apte
2745 4529 2811 4584 ad
2844 4530 3190 4599 prepositum
3234 4529 3338 4584 ista
3372 4531 3542 4598 perti-

249 4621 352 4693 τὴν
380 4622 614 4695 ἀρχαίαν
661 4627 823 4697 ἀρὰν,
859 4627 1182 4699 ἀνακομίσει
1212 4631 1374 4685 πάλιν
1408 4634 1486 4695 είς
1531 4633 1672 4705 ὅπερ
1699 4630 1840 4706 ἦμεν

251 4715 313 4767 ὲν
334 4716 549 4787 ἀρχαῖς.
583 4716 835 4773 Ἀπαντα
853 4720 1036 4773 τοίνυν
1065 4722 1197 4791 ἡμῖν
1226 4722 1284 4774 ἐν
1310 4722 1481 4794 αὐτῷ,
1511 4726 1606 4779 καὶ
1645 4727 1712 4779 δι’
1743 4728 1841 4780 αὐ-

250 4809 348 4863 τοῦ
379 4811 447 4863 τὰ
479 4810 741 4865 κάλλιπά
772 4829 832 4865 τε
863 4814 956 4866 καὶ
998 4812 1253 4885 ἐξαίρετα
1285 4816 1497 4887 πέφηνέ
1524 4835 1585 4870 τε
1618 4819 1719 4891 ἤδη
1746 4821 1841 4873 καὶ

250 4906 566 4976 γενήσεται.
604 4908 713 4959 Καὶ
741 4907 844 4978 δρα
872 4925 965 4978 μοι
991 4908 1176 4976 πάλιν,
1214 4910 1382 4982 ὅτιτῇ
1404 4912 1513 4965 τῶν
1538 4915 1839 4986 προκειμέ-

251 5014 358 5050 νων
405 4997 613 5069 θεωρίᾳ
657 4998 791 5051 πολὺ
840 4999 906 5072 δὴ
948 5001 1176 5072 πρέπων
1222 5003 1369 5057 ἐστὶν
1411 5006 1440 5057 6
1474 5006 1845 5077 περὶτούτων

250 5089 431 5160 λόγος.
479 5090 873 5156 Ἐνδοιάξοντός
924 5110 983 5146 τε
1019 5094 1127 5165 γὰρ
1174 5093 1254 5149 ἔτι
1298 5094 1394 5148 τοῦ
1426 5097 1695 5167 μαθητοῦ,
1751 5101 1843 5153 καὶ

251 5184 594 5251 φάσκοντος,
642 5206 661 5237 ι
696 5185 821 5251 Πῶς
850 5187 1073 5256 οἴδαμεν
1109 5188 1208 5260 τὴν
1239 5189 1387 5255 όδόν;
1423 5210 1440 5240 ι
1476 5190 1565 5245 διὰ
1597 5191 1846 5264 βραχέων

249 5274 475 5342 ἔδειξεν,
511 5278 586 5341 ὡς
614 5278 846 5349 ἐπείπερ
881 5279 1071 5333 εἰδεῖεν
1101 5280 1209 5333 τῶν
1248 5282 1329 5345 είς
1353 5282 1413 5334 τὸ
1456 5283 1567 5337 ἀνω
1594 5284 1841 5355 διακομί-

249 5368 365 5434 ζειν
410 5368 704 5424 ἐθελόντων
744 5370 966 5439 ἀγαθῶν
1007 5372 1181 5425 αἴτιόν
1227 5390 1285 5425 τε
1317 5375 1412 5426 καὶ
1445 5376 1701 5447 χορηγὸν,
1745 5378 1840 5430 καὶ

248 5461 519 5533 πρύτανιν
553 5461 821 5535 ὑπάρχειν
864 5464 1047 5527 αὐτὸν,
1084 5464 1298 5529 οὐδενὸς
1327 5466 1511 5530 αὐτοῖς
1552 5467 1632 5521 ἔτι
1656 5469 1838 5541 δεήσει

248 5552 388 5624 πρὸς
416 5552 477 5605 τὸ
504 5552 702 5607 εἰδέναι
726 5555 825 5626 τὴν
860 5556 998 5610 ὁδόν.
1037 5557 1259 5629 Ἐπειδὴ
1296 5559 1353 5605 δὲ
1382 5559 1557 5631 τούτῳ
1597 5562 1835 5633 συνῆπτε

246 5647 326 5705 τὸ,
365 5663 384 5694 ι
429 5643 620 5708 Οὐδεὶς
669 5645 890 5717 ἔρχεται
944 5648 1081 5719 πρὸς
1131 5649 1224 5701 τὸν
1268 5650 1509 5721 Πατέρα,
1555 5653 1603 5703 εἰ
1652 5652 1727 5723 μὴ
1771 5652 1837 5706 δι’

244 5736 403 5809 ἐμοῦ,
444 5756 462 5788 ι
496 5738 629 5811 φέρε
656 5737 720 5809 δή
747 5756 801 5792 τι
849 5740 941 5796 καί
974 5741 1109 5812 πρὸς
1140 5742 1273 5798 αὐτὸ
1305 5742 1572 5816 λέγωμεν,
1602 5744 1711 5801 τῶν
1737 5747 1836 5819 ρη-

310 5831 357 5864 ⁸³
376 5830 550 5889 Levit.
575 5847 688 5903 nux,
716 5834 771 5889 2.

1948 4636 2136 4684 neant.
2183 4626 2511 4694 Ambigente
2539 4622 2743 4692 quippe
2776 4621 3074 4675 etiamnum
3106 4621 3380 4690 discipulo
3413 4661 3429 4682 .
3472 4637 3540 4677 ae

1942 4724 2178 4783 dicente,
2214 4736 2235 4769 ι
2275 4715 2569 4784 Quomodo
2602 4729 2902 4785 possumus
2935 4715 3081 4768 viam
3113 4715 3305 4770 scire?
3336 4734 3355 4766 ι
3400 4730 3539 4785 pau-

1943 4815 2025 4869 cis
2064 4809 2347 4873 ostendit,
2386 4807 2537 4879 quod
2562 4806 2611 4862 si
2636 4810 2847 4863 scirent
2871 4806 3143 4861 bonorum
3174 4822 3300 4876 qua:
3327 4808 3394 4860 ad
3424 4822 3539 4861 cm-

1944 4906 2028 4960 los
2080 4900 2390 4973 perducunt
2444 4906 2730 4953 auctorem
2780 4911 2840 4951 se
2893 4902 2949 4950 et
3007 4894 3323 4966 largitorem
3370 4904 3538 4964 atque

1946 4996 2359 5053 distributorem
2389 5005 2513 5045 esse
2538 5029 2555 5053 ,
2590 4988 2864 5059 nihiljam
2897 4990 2981 5044 eis
3014 4987 3083 5043 ad
3121 4988 3225 5043 viae
3260 4988 3535 5059 cognitio-

1948 5106 2070 5145 nem
2107 5088 2343 5142 deesset.
2383 5083 2525 5150 Quia
2568 5098 2702 5138 vero
2746 5082 2876 5137 huic
2926 5082 3254 5153 subiunxit,
3306 5101 3326 5133 ι
3361 5080 3536 5137 Nemo

1946 5182 2097 5237 venit
2131 5178 2199 5234 ad
2232 5176 2455 5232 Patrem
2482 5215 2499 5239 ,
2550 5174 2659 5230 nisi
2712 5190 2809 5246 per
2857 5189 2982 5229 me:
3046 5192 3065 5225 ι
3112 5174 3344 5245 agedum
3378 5183 3433 5227 et
3463 5174 3529 5229 ad

1947 5276 2082 5331 illud
2122 5288 2314 5330 eorum
2362 5285 2486 5342 quae
2535 5269 2642 5325 dici
2686 5268 2889 5324 debent
2914 5267 3173 5338 quiddam
3202 5267 3529 5333 all’eramus,

1946 5369 2101 5440 prius
2140 5363 2486 5435 inquirentes
2522 5360 2801 5432 quomodo
2832 5359 2899 5413 ad
2940 5358 3157 5413 Patrem
3191 5360 3311 5428 quis
3341 5360 3528 5414 vadat.

1946 5463 2169 5517 Duobus
2192 5460 2360 5530 igitur
2393 5456 2571 5511 modis
2597 5455 2665 5510 ad
2694 5469 2820 5509 eum
2843 5453 3196 5523 pervenimus
3226 5471 3238 5507 :
3271 5455 3528 5509 autenim

1945 5555 2123 5612 sancti
2171 5550 2353 5608 οπεοῑί
2402 5556 2674 5619 quantum
2721 5545 2827 5602 fert
2872 5554 3085 5601 natura?
3127 5546 3379 5602 humanae
3412 5564 3528 5602 me-

1943 5648 2214 5704 diocritas
2244 5684 2257 5709 ,
2305 5652 2567 5713 tanquam
2622 5646 2816 5694 sancto
2871 5638 2983 5694 Deo
3029 5640 3524 5711 conglutinamur:

1954 5740 2186 5801 «Sancti
2223 5736 2370 5796 enim
2405 5734 2582 5802 eritis,
2621 5732 2823 5806 inquit,
2858 5733 2987 5805 quia
3014 5748 3119 5806 ego
3136 5743 3361 5793 sanctus
3383 5733 3476 5800 .ιὲ
3501 5751 3524 5788 ,
