3884 6208
355 264 454 320 191

1351 266 1392 320 S
1458 265 1731 323 CYRILLI
1769 265 2248 324 ALEXANDRINI
2281 265 2603 324 ARCHIEP.

3531 263 3668 321 19%

347 397 448 444 aut
491 387 560 442 ad
616 385 798 441 Patris
853 386 1227 456 cognitionem
1279 405 1405 459 quae
1444 388 1548 445 [ide
1585 401 1640 446 et
1685 401 1936 445 contem-

2065 392 2300 462 ιήσεσθαι
2353 389 2694 461 μελλόντων,
2749 385 2928 440 ἐκεῖνο
2973 382 3503 455 προερευνήσαντες,
3584 384 3663 435 τὸ

343 482 588 552 platione
631 477 797 550 769
834 487 1053 534 constat
1079 478 1352 545 vadimus,
1385 497 1509 552 quae
1538 484 1686 538 velut
1721 485 1776 537 in
1807 499 1936 554 spe-

345 573 477 628 culo
503 579 589 627 est
610 580 666 624 ct
692 569 1007 639 aenigmate,
1031 569 1176 624 sicut
1199 571 1471 641 scriptum
1500 581 1589 628 est
1607 574 1674 628 ⁸⁵.
1707 572 1814 628 Sed
1838 588 1939 628 nec

343 671 578 720 sanctus
603 662 729 733 quis
761 677 1004 732 unquam
1034 661 1204 717 fuerit
1229 702 1244 726 ,
1293 665 1401 720 nisi
1430 681 1555 720 eum
1591 681 1820 736 prorsus
1847 666 1940 721 de-

346 758 586 810 ducente
620 754 844 810 Christo
867 795 882 820 ,
925 769 1028 810 nec
1066 755 1171 825 ipsi
1206 755 1319 812 Deo
1353 772 1418 812 ac
1453 757 1600 813 Patri
1637 759 1940 828 conjunge-

342 859 458 913 tur,
487 847 591 903 nisi
624 847 899 902 mediante
920 845 1149 902 Christo
1179 867 1194 903 :
1228 849 1507 905 mediator
1531 851 1676 904 enim
1718 863 1804 906 est
1845 850 1938 906 Dei

345 949 404 994 et
436 939 794 994 hominum“
827 953 925 1008 per
955 940 1202 1009 seipsum
1231 985 1246 1008 ,
1296 949 1350 996 et
1380 941 1434 995 in
1472 942 1656 1013 seipso
1689 943 1942 996 humani-

344 1041 518 1088 tatem
554 1031 668 1088 Deo
695 1031 1061 1103 conjungens.
1092 1031 1162 1088 Ut
1189 1033 1336 1088 enim
1369 1033 1551 1090 editus
1576 1049 1640 1089 ex
1682 1036 1942 1089 substan-

347 1124 427 1178 tia
458 1120 552 1179 Dei
587 1138 653 1178 ac
680 1121 885 1188 Patris,
921 1134 1195 1194 quatenus
1225 1121 1468 1179 Verbum
1499 1134 1585 1179 est
1609 1163 1624 1186 ,
1655 1137 1720 1178 ac
1759 1123 1943 1194 splen-

347 1216 454 1272 dor
479 1258 494 1282 ,
526 1222 582 1271 et
629 1216 919 1271 character
955 1216 1022 1282 ",
1059 1230 1230 1269 unum
1271 1222 1357 1270 est
1401 1230 1529 1270 cum
1581 1213 1744 1270 Patre
1795 1223 1943 1271 totus

349 1309 630 1365 exsistcns
660 1309 715 1362 in
743 1309 926 1378 seipso
954 1351 969 1374 ,
1009 1316 1065 1364 et
1094 1310 1272 1376 ipsum
1304 1308 1516 1362 habens
1555 1307 1610 1361 in
1639 1307 1825 1378 seipso
1847 1309 1893 1340 "
1927 1326 1940 1362 :

347 1405 632 1468 quatenus
693 1406 876 1452 autem
932 1396 1113 1452 factus
1162 1406 1248 1452 est
1301 1397 1468 1452 homo
1516 1396 1681 1451 sicuti
1745 1412 1849 1453 nos
1875 1396 1943 1464 ",

347 1504 546 1547 exsors
594 1498 780 1545 tamen
823 1489 1032 1560 peccati
1082 1489 1407 1545 hominibus
1442 1489 1808 1560 conjungitur
1835 1533 1850 1557 ,
1891 1497 1947 1543 et

351 1581 771 1637 interliminium
819 1581 990 1635 veluti
1037 1579 1319 1650 quoddam
1371 1579 1574 1634 factum
1624 1589 1740 1646 est,
1769 1579 1946 1633 conti-

351 1689 493 1729 nens
526 1674 584 1728 in
619 1674 804 1743 seipso
833 1689 956 1742 quae
995 1673 1063 1726 ad
1093 1673 1359 1726 unitatem
1397 1680 1452 1727 et
1483 1672 1780 1727 amicitiam
1810 1687 1942 1726 con-

2043 485 2161 548 πῶς
2188 484 2253 538 ἄν
2284 501 2368 546 τις
2404 483 2474 534 τοι
2509 480 2646 551 πρὸς
2689 478 2779 532 τὸν
2809 475 3052 546 Πατέρα.
3105 475 3409 547 Ἐρχόμεθα
3453 475 3660 530 τοίνυν

2041 577 2184 630 κατά
2217 575 2312 628 δύο
2357 573 2612 646 τρόπουςο
2641 571 2674 643 ἢ
2704 571 2812 642 γὰρ
2865 570 3010 638 ἆγιοι
3056 568 3342 638 γεγονότες
3377 568 3521 622 κατά
3583 585 3659 636 γε

2041 670 2102 724 τὸ
2124 669 2332 741 πρέπον
2359 671 2426 738 τῇ
2449 665 2828 739 ἁνθρωπότητι
2857 664 3078 736 μέτρον,
3102 664 3177 726 ὡς
3201 663 3342 732 ἁγίῳ
3364 661 3483 733 Θεῷ
3504 663 3656 716 κολ-

2040 759 2282 829 λώμεθα·
2315 778 2334 810 ι
2378 757 2560 826 Ἅγιοι
2583 756 2693 826 γὰρ
2715 753 2925 819 ἔσεσθε,
2956 754 3144 823 φησὶν,
3174 754 3257 806 ὅτι
3281 753 3392 821 ἐγὼ
3414 754 3607 823 ᾶγιοςο
3627 773 3649 804 ι

2041 853 2210 924 ἤγουν
2238 851 2330 904 ἐπὶ
2370 849 2470 920 τὴν
2500 847 2594 901 τοῦ
2621 846 2835 919 Πατρὸς
2867 845 3073 914 γνῶσιν
3103 845 3202 916 τὴν
3227 845 3304 909 ὡς
3356 848 3414 899 ἐν
3454 847 3658 900 πίστει

2042 945 2138 998 καὶ
2179 941 2383 1013 θεωρίᾳ
2411 940 2721 1012 βαδίζομεν,
2757 943 2822 1010 τῇ
2859 939 2935 1002 ὡς
2960 941 3018 992 ἐν
3057 938 3310 1010 ἐσόπτρῳ
3343 939 3436 992 καὶ
3464 939 3662 1006 αἰνίγ-

2048 1053 2199 1107 ματι,
2239 1034 2382 1088 καθὰ
2408 1034 2737 1106 γέγραπται.
2793 1032 2934 1086 Ἀλλ’
2966 1033 3066 1086 οὐκ
3109 1033 3175 1088 ἄν
3221 1049 3306 1097 τις
3355 1031 3509 1101 ἅγιος
3555 1031 3659 1100 εἴη

2046 1127 2200 1189 ποτὲ,
2247 1127 2342 1181 καὶ
2378 1125 2467 1180 διὰ
2499 1125 2773 1189 πολιτείας
2805 1125 2925 1197 ἥξει
2971 1124 3075 1195 τῆς
3115 1125 3237 1178 κατ’
3285 1125 3507 1196 ἀρετὴν,
3569 1125 3658 1194 μὴ

2044 1219 2166 1289 οὐχὶ
2197 1217 2556 1287 ποδηγοῦντος
2581 1215 2744 1270 αὐτὸν
2773 1215 2853 1278 είς
2880 1213 3097 1268 ἅπαντα
3118 1213 3212 1268 τοῦ
3238 1213 3497 1285 Χριστοῦ,
3525 1210 3662 1266 οὐδ’

2048 1310 2116 1364 ἂν
2155 1307 2305 1380 αῦτῷ
2339 1308 2664 1362 συνάπτοιτο
2692 1305 2772 1376 τῷ
2825 1304 2945 1376 Θεῷ
3002 1305 3096 1358 καὶ
3147 1306 3350 1377 Πατρὶ,
3397 1305 3474 1376 μὴ
3515 1304 3662 1374 οὐχί

2048 1400 2270 1463 πάντως
2293 1398 2670 1470 μεσιτεύοντας
2698 1396 2793 1450 τοῦ
2819 1395 3084 1467 Χριστοῦ⁸
3113 1397 3345 1468 μεσίτης
3377 1395 3488 1466 γάρ
3516 1396 3657 1447 ἐστι

2045 1495 2184 1550 Θεοῦ
2225 1495 2321 1550 καὶ
2359 1490 2684 1563 ἀνθρώπων,
2714 1490 2783 1544 δι’
2826 1487 3046 1554 ἐαυτοῦ,
3077 1487 3174 1542 καὶ
3214 1489 3274 1540 ἐν
3312 1485 3463 1556 αὐτῷ
3517 1502 3660 1538 συν-

2047 1589 2236 1643 άπτων
2270 1587 2369 1659 τὴν
2413 1584 2814 1657 ἀνθρωπότητα
2846 1581 2925 1654 τῷ
2954 1581 3094 1651 Θεῷ.
3157 1580 3246 1642 Ὠς
3274 1579 3370 1649 μὲν
3399 1577 3507 1651 γὰρ
3549 1581 3659 1630 ἐκ·

2050 1680 2313 1751 πεφυκὼς
2341 1681 2441 1750 τῆς
2478 1678 2668 1740 οὐσίας
2699 1675 2793 1729 τοῦ
2827 1673 2962 1728 Θεοῦ
2996 1674 3093 1727 καὶ
3128 1671 3366 1744 Πατρδς,
3468 1669 3659 1738 Λόγος

351 1774 610 1820 currunt.
648 1764 823 1819 Nemo
856 1765 1024 1834 igitur
1071 1763 1140 1818 ad
1188 1764 1404 1819 Patrem
1439 1765 1658 1830 veniet,
1716 1765 1820 1819 hoc
1861 1773 1946 1818 est

2065 1773 2188 1835 εστὶ,
2223 1772 2318 1826 καὶ
2355 1769 2722 1839 ἀπαύγασμα,
2769 1767 2866 1820 καὶ
2911 1764 3220 1837 χαρακτὴρ,
3260 1763 3320 1816 ἐν
3348 1762 3464 1814 ἐστι
3501 1760 3657 1831 πρὸς

351 1857 553 1912 divinae
579 1872 815 1912 consors
849 1857 940 1912 fiet
970 1865 1184 1910 naturae
1207 1858 1276 1923 ⁷ο,
1313 1856 1420 1911 nisi
1448 1871 1548 1926 per
1572 1855 1751 1911 solum
1783 1853 1948 1908 Chri-

350 1958 523 2005 stum.
552 1949 672 2005 Nisi
700 1951 848 2005 enim
887 1949 1067 2004 factus
1103 1949 1270 2003 homo
1300 1947 1660 2003 mediatorem
1701 1963 1762 2003 se
1800 1961 1939 2017 prae-

352 2042 591 2109 buisset,
625 2058 909 2112 nunquam
941 2057 1007 2097 eo
1041 2040 1324 2097 felicitatis
1379 2040 1622 2112 provecti
1656 2054 1908 2095 essemus
1929 2082 1944 2106 ,

353 2136 454 2191 sed
494 2144 549 2190 et
584 2135 632 2190 si
669 2135 796 2204 quis
845 2134 915 2189 ad
974 2134 1194 2188 Patrem
1220 2177 1236 2200 ,
1278 2149 1379 2204 per
1427 2132 1945 2202 contemplationem

356 2228 481 2283 ﬁdei
515 2227 813 2293 videlicet,
856 2237 914 2280 et
949 2226 1097 2296 piam
1137 2226 1510 2296 cognitionem
1551 2223 1804 2289 venerit,
1853 2238 1950 2293 per

354 2315 538 2384 ipsum
566 2315 759 2371 itidem
779 2317 1127 2370 Servatorem
1157 2323 1410 2370 nostrum
1437 2314 1718 2370 Christum
1744 2316 1949 2369 veniet.

2044 1865 2137 1919 τὸν
2166 1863 2410 1934 Πατέρα,
2443 1862 2566 1926 ὅλος
2605 1860 2682 1914 ὣν
2715 1862 2773 1913 ἐν
2802 1857 3002 1930 ἐαυτῷ,
3034 1856 3131 1910 καὶ
3184 1855 3322 1926 ἔχων
3371 1853 3534 1907 αὑτὸν
3591 1853 3658 1906 ἐν

2045 1955 2244 2027 ἐαυτῷο
2351 1955 2409 2008 δὲ
2447 1952 2672 2021 γέγονεν
2700 1950 2988 2020 ἄνθρωπος
3033 1946 3158 2001 καθ’
3185 1947 3353 2018 ἡμᾶς,
3390 1945 3512 2014 δίχα
3546 1943 3660 2013 τῆς

2044 2048 2204 2120 ἡμῶν
2237 2048 2511 2118 ἁμαρτίας
2563 2045 2895 2098 συνάπτεται
2948 2043 3062 2104 τοῖς
3106 2041 3200 2092 ἐπὶ
3257 2038 3361 2109 τῆς
3387 2038 3509 2108 γῆς,
3546 2036 3656 2090 καὶ

2051 2137 2300 2208 μεθόριον
2335 2135 2524 2206 ὥσπερ
2541 2152 2594 2187 τι
2624 2133 2837 2203 γέγονε,
2867 2132 3108 2202 συνέχων
3130 2131 3188 2182 ἐν
3217 2128 3393 2198 ἐαυτῷ
3418 2128 3487 2180 τά
3507 2126 3657 2198 πρὸς

2048 2228 2277 2300 ἑνότητα
2343 2228 2440 2282 καὶ
2488 2227 2674 2296 φιλίαν
2735 2224 3237 2296 συνδεδραμηκότα.
3306 2220 3495 2282 Οὐδεὶς
3549 2214 3658 2272 οῦν

2047 2320 2169 2390 ἥξει
2199 2321 2336 2392 πρὸς
2357 2319 2449 2372 τὸν
2482 2318 2724 2389 Πατέρα,
2752 2316 2896 2370 τοῦτ’
2921 2316 3061 2383 ἐστι,
3087 2315 3240 2378 Θείας
3261 2309 3657 2381 ἀναδειχθήσε-

355 2408 517 2475 Quod
545 2408 691 2462 enim
728 2408 894 2463 modo
936 2409 1189 2463 dicebam
1219 2451 1234 2474 ,
1288 2414 1536 2476 repetam
1571 2407 1752 2461 denuo
1778 2449 1793 2472 ,
1822 2421 1950 2461 cum

2065 2431 2137 2468 :at
2172 2413 2388 2482 φύσεως
2434 2411 2709 2475 κοινωνὸς,
2741 2412 2790 2464 εί
2837 2410 2912 2482 μὴ
2961 2409 3051 2463 διὰ
3078 2407 3318 2481 Χριστοῦ
3360 2404 3539 2477 μόνου.
3587 2403 3662 2456 Ei.

357 2501 469 2554 alia
517 2515 628 2555 non
666 2501 739 2556 sit
779 2499 1207 2570 philosophandi
1239 2499 1403 2554 ratio.
1442 2497 1502 2553 Si
1530 2500 1659 2569 quis
1689 2498 1835 2554 enim
1865 2496 1954 2552 Fi-

356 2589 495 2644 lium
525 2596 587 2643 ut
612 2604 738 2644 vere
765 2588 966 2643 Filium
993 2589 1248 2656 suscipit,
1284 2588 1332 2645 is
1365 2589 1434 2644 ad
1463 2589 1830 2661 cognitionem
1856 2588 1952 2643 Dei

356 2697 423 2736 ac
448 2679 630 2737 Patris
660 2680 936 2736 ascendit.
973 2679 1084 2737 Nec
1109 2683 1257 2738 enim
1287 2681 1561 2738 exsistere
1594 2680 1764 2736 Filius
1786 2682 1949 2736 intel-

358 2771 582 2842 ligitur,
613 2772 721 2827 nisi
755 2772 986 2828 omnino
1012 2773 1175 2827 simul
1211 2773 1560 2844 intelligatur
1587 2773 1637 2828 is
1670 2788 1700 2826 a
1730 2789 1841 2843 quo
1869 2780 1955 2828 est

358 2862 598 2933 genitus.
630 2860 890 2932 Cognitio
922 2862 1196 2929 siquidem
1227 2862 1357 2918 Filii
1388 2879 1514 2918 cum
1543 2861 1726 2919 Patris
1765 2864 1956 2934 cogni-

360 2955 514 3010 tione
533 2955 838 3018 concurrit,
875 2953 1053 3012 Patris
1069 2970 1201 3011 vero
1221 2957 1462 3026 cognitio
1480 2971 1604 3010 cum
1643 2957 1956 3027 cognitione

2053 2504 2129 2576 μὴ
2169 2503 2278 2575 γὰρ
2307 2503 2631 2574 ἐμεσίτευσε
2668 2503 2963 2574 γενόμενος
2992 2501 3301 2572 ἄνθρωπος,
3341 2498 3440 2551 οὐν
3473 2496 3539 2550 ἂν
3569 2497 3658 2559 εἰς

2053 2596 2213 2650 τοῦτο
2249 2596 2656 2667 μακαριότητος
2687 2593 2904 2667 προῦϐη
2940 2595 3010 2648 τὰ
3040 2593 3164 2647 καθ’
3186 2593 3357 2663 ἡμᾶς,
3381 2588 3516 2644 ἀλλά
3555 2587 3658 2641 καὶ

2057 2686 2216 2752 εἴτις
2241 2686 2310 2740 ἴοι
2339 2687 2475 2758 πρὸς
2501 2687 2592 2740 τὸν
2621 2687 2843 2759 Πατέρα
2867 2685 2956 2739 διὰ
2985 2684 3241 2756 θεωρίας,
3260 2683 3358 2753 τῆς
3387 2683 3444 2734 ὲν
3471 2679 3659 2733 πίστει

2058 2779 2226 2851 φημὶ,
2257 2780 2350 2832 καὶ
2370 2779 2574 2848 γνώσει
2612 2781 2678 2851 τῇ
2703 2779 2822 2833 κατ’
2850 2777 3157 2840 εὐσέϐειαν,
3187 2775 3254 2829 δι’
3286 2772 3450 2828 αὐτοῦ
3489 2771 3660 2824 πάλιν

2058 2871 2178 2943 ἥξει
2215 2870 2310 2925 τοῦ
2347 2871 2601 2942 Σωτῆρος
2647 2870 2808 2942 ἡμῶν
2835 2867 3100 2941 Χριστοῦ.
3135 2869 3316 2938 Ὅπερ
3369 2864 3479 2934 γὰρ
3517 2862 3661 2932 ἔφην

2058 2963 2282 3035 ἀρτίως,
2318 2962 2428 3034 ἐρῶ
2453 2962 2518 3034 δὴ
2547 2963 2730 3031 πάλιν,
2756 2962 2854 3032 οὐχ
2883 2961 3088 3030 ἑτέρως
3115 2958 3331 3031 ἔχοντος
3367 2956 3460 3010 τοῦ
3487 2955 3660 3023 λόγου

361 3045 509 3102 Filii.
571 3047 848 3113 Quocirca
881 3063 1011 3103 vere
1068 3048 1316 3118 loquitur
1344 3047 1633 3117 Dominus,
1686 3066 1810 3104 cum
1835 3051 1952 3104 ait:

2065 3053 2238 3128 οἷμον.
2275 3055 2722 3128 Προσδεξάμενος
2744 3056 2852 3127 γάρ
2878 3072 2962 3116 τις
2995 3053 3088 3108 τὸν
3114 3053 3246 3106 Υίὸν
3266 3053 3347 3114 εἰς
3381 3049 3510 3103 Υίὺν
3527 3049 3662 3118 ἀλη-

367 3137 568 3196 «Nemo
589 3140 738 3195 venit
755 3139 822 3194 ad
839 3138 1076 3204 Patrem,
1098 3139 1204 3195 nisi
1230 3155 1324 3211 per
1355 3156 1497 3205 me,»
1533 3142 1661 3212 quia
1692 3144 1952 3200 naturalis

2070 3149 2198 3213 θῶς,
2238 3149 2332 3203 ἐπὶ
2353 3149 2454 3219 τὴν
2489 3147 2588 3202 τοῦ
2617 3147 2754 3202 Θεοῦ
2780 3147 2876 3201 καὶ
2901 3147 3116 3219 Πατρὸς
3149 3145 3403 3215 ἀφίξεται
3429 3141 3658 3212 γνῶσιν.

361 3244 417 3288 et
443 3232 826 3288 substantialis
850 3232 1032 3304 imago
1058 3230 1153 3287 Dei
1170 3248 1234 3287 ac
1252 3231 1437 3288 Patris
1454 3243 1538 3289 est
1564 3233 1819 3303 Filius“,
1844 3251 1953 3291 non

363 3333 548 3380 autem
573 3333 632 3378 ut
661 3324 840 3380 visum
857 3331 942 3378 est
961 3323 1243 3382 nonnullis
1267 3325 1527 3381 ascititiis
1544 3325 1957 3397 dignationibus

366 3416 750 3473 conformatus
793 3423 881 3472 est
926 3415 994 3470 ad
1043 3431 1168 3472 eum
1200 3460 1214 3483 ,
1264 3432 1390 3472 cum
1425 3418 1630 3489 aliquid
1678 3420 1829 3475 aliud
1887 3421 1958 3476 ab

364 3525 434 3565 eo
460 3510 762 3566 secundum
793 3508 1161 3566 substantiam
1186 3509 1533 3580 intelligatur
1570 3518 1626 3565 et
1657 3512 1750 3567 sit.

2055 3242 2192 3296 Οὑδέ
2235 3241 2349 3313 γὰρ
2389 3242 2516 3306 Υἱὸς
2560 3242 2829 3312 ὑπάρχειν
2873 3243 3067 3301 νοοῖτο,
3128 3239 3202 3310 μὴ
3267 3238 3393 3308 οὐχ).
3438 3236 3660 3300 πάντως

2057 3333 2526 3406 συνεισδεχθέντος
2553 3334 2703 3407 αὐτῷ
2735 3336 2829 3388 τοῦ
2850 3335 3106 3398 τεκόντος
3123 3333 3306 3388 αὐτόν.
3337 3329 3663 3400 Συνειστρέ-

2055 3443 2139 3497 χει
2187 3427 2298 3498 γὰρ
2337 3427 2451 3499 Υἱῴ
2501 3427 2600 3498 μὲν
2627 3429 2661 3498 ἡ
2694 3428 2825 3499 περὶ
2866 3426 3084 3498 Πατρός
3133 3425 3362 3494 γνῶσις,
3395 3423 3571 3494 Πατρὶ
3601 3420 3663 3474 δὲ

2057 3510 2127 3569 αὖ
2163 3516 2328 3570 πάλιν
2361 3519 2394 3587 ἡ
2421 3517 2555 3588 περὶ
2601 3516 2760 3572 Υίοῦ.
2802 3515 3015 3570 Οὐκοῦν
3053 3513 3262 3586 ἀληθὴς
3287 3514 3316 3566 ό
3340 3510 3545 3583 Κύριος
3571 3509 3664 3562 λέ-

367 3617 500 3672 γων’
550 3620 569 3650 ι
609 3600 799 3665 Οὐδεὶς
842 3599 1062 3673 ἔρχεται
1102 3600 1241 3669 πρὸς
1290 3599 1382 3654 τὸν
1423 3601 1667 3671 Πατέρα,
1725 3604 1775 3654 εί
1817 3601 1894 3672 μὴ
1943 3602 2010 3657 δι’
2047 3606 2204 3676 ἐμοῦ,
2249 3625 2267 3657 ι
2311 3606 2394 3661 ὅτι
2424 3607 2630 3680 φυσικὴ
2690 3608 2785 3661 καὶ
2828 3601 3092 3676 οὐσιώδης
3157 3603 3321 3658 εἰκὼν
3384 3600 3481 3655 τοῦ
3515 3598 3658 3652 Θεοῦ

368 3690 465 3742 καὶ
510 3690 726 3760 Πατρός
781 3692 928 3744 ἐστιν
975 3692 1003 3743 ό
1055 3690 1216 3753 Υἱὸς,
1267 3689 1363 3744 καὶ
1417 3690 1478 3742 οὐ
1523 3691 1778 3761 καθάπερ
1827 3691 1973 3759 ἔδοξέ
2007 3712 2170 3761 τισιν,
2221 3698 2480 3761 ἐπακτοῖς
2530 3697 2808 3770 ἀξιώμασι
2854 3699 3215 3770 μεμόρφωται
3264 3695 3401 3767 πρὸς
3465 3686 3653 3746 αὑτὸν,

368 3779 558 3853 ’ἐτερόν
593 3797 646 3834 τι
690 3780 810 3834 κατ’
878 3780 1066 3833 οὐσίαν
1108 3780 1393 3851 ὑπάρχων,
1445 3781 1541 3835 καὶ
1596 3781 1908 3853 νοούμενος.

443 3874 587 3930 XIV.
629 3877 681 3929 7.
724 3874 786 3931 Si
834 3877 1217 3947 cognovissetis
1254 3893 1337 3932 me
1368 3919 1384 3943 ,
1419 3888 1470 3933 et
1520 3878 1742 3935 Patrem
1785 3895 1961 3933 meum

367 3969 552 4038 utique
583 3968 982 4040 cognovissetis.

445 4060 804 4116 Existimabit
845 4060 1034 4118 forsan
1076 4061 1281 4132 aliquis
1324 4061 1506 4134 ipsum
1544 4073 1735 4118 contra
1772 4078 1833 4119 se
1867 4062 1962 4118 Fi-

373 4154 510 4208 lium
540 4152 835 4208 disserere.
881 4152 993 4209 Sed
1033 4169 1144 4209 non
1185 4154 1261 4208 ita
1297 4170 1386 4209 res
1424 4163 1529 4210 est.
1554 4153 1668 4210 Nec
1694 4156 1839 4211 enim
1872 4173 1968 4210 va-

371 4261 505 4302 num
560 4244 768 4316 aliquid
807 4254 905 4300 aut
944 4260 1416 4316 supervacaneum
1458 4262 1704 4318 unquam
1761 4256 1957 4318 protu-

2130 3881 2200 3934 Ει
2221 3881 2534 3951 ἐγνώκειτέ
2549 3898 2646 3952 με,
2672 3879 2897 3936 καὶτὸν
2913 3879 3146 3949 Πατέρα
3170 3895 3291 3949 μου
3335 3878 3414 3933 ἂν
3437 3878 3659 3948 ᾔδειτε.

2137 4061 2309 4116 Αὐτὸν
2365 4062 2432 4133 δὴ
2464 4061 2588 4118 καθ’
2628 4059 2826 4115 ἐαυτοῦ
2863 4060 2997 4130 φαίη
3030 4076 3116 4122 τις
3147 4058 3215 4112 ἂν
3249 4057 3382 4121 ἴσως
3427 4059 3522 4111 καὶ
3545 4061 3661 4131 οἰη-

2068 4152 2187 4224 θείη
2217 4154 2378 4224 τυχὸν
2406 4152 2751 4222 διαλέγεσθαι
2802 4152 2894 4206 τὸν
2919 4150 3072 4204 Υἱόν.
3099 4150 3253 4219 Ἔχει
3277 4149 3333 4201 δὲ
3351 4149 3450 4220 οὐχ
3467 4148 3660 4213 οὕτως.

2075 4245 2152 4299 Οὐ
2197 4246 2308 4316 γὰρ
2357 4246 2424 4301 ἄν
2473 4263 2527 4299 τι
2572 4245 2681 4300 τῶν
2735 4244 2958 4298 είκαίων
3007 4241 3307 4312 ἐφθέγξατο
3345 4242 3443 4296 καὶ
3477 4259 3663 4312 περιτ-

372 4339 532 4403 lerit,
568 4337 796 4394 tametsi
834 4353 902 4394 et
939 4351 1006 4392 eo
1041 4338 1189 4408 quod
1236 4353 1347 4392 non
1398 4338 1694 4394 admodum
1746 4341 1952 4410 possint

2072 4338 2202 4405 τῶν,
2235 4340 2285 4393 εί
2316 4341 2411 4393 καὶ
2446 4339 2528 4394 ὅτι
2577 4340 2814 4408 μάλιστα
2850 4338 2940 4392 διὰ
2963 4337 3024 4390 τὸ
3062 4336 3137 4408 μὴ
3171 4336 3380 4408 σφόδρα
3404 4335 3662 4390 δύνασθαί

370 4431 622 4484 nonnulli
659 4447 786 4501 qua:
822 4430 1087 4485 dicuntur
1129 4431 1396 4501 assequi,
1436 4432 1739 4489 utilissime
1778 4449 1960 4504 quan-

370 4522 554 4592 doque
594 4523 815 4593 repetit.
857 4522 927 4576 Et
967 4522 1191 4592 quidem
1229 4539 1340 4577 non
1383 4537 1579 4593 parum
1618 4541 1720 4582 nos
1751 4526 1844 4581 hic
1871 4527 1964 4596 ju-

369 4621 501 4679 vat,
539 4613 668 4668 dum
703 4614 818 4669 haec
853 4615 1134 4684 prioribus
1170 4614 1443 4686 adjungit.
1484 4613 1623 4671 Nam
1655 4618 1787 4687 quia
1816 4617 1964 4672 Tho-

370 4719 494 4760 mas
554 4705 956 4760 sciscitabatur
1017 4720 1262 4775 quonam
1313 4707 1574 4764 abiturus
1620 4717 1807 4774 esset,
1867 4722 1965 4765 aut

369 4796 653 4866 quomodo
693 4798 972 4869 cognituri
1005 4806 1197 4855 essent
1231 4800 1377 4853 viam
1400 4841 1415 4866 ,
1458 4801 1783 4872 ignorantes
1823 4819 1964 4873 quo-

371 4902 503 4942 nam
561 4898 712 4945 esset
759 4889 1048 4956 abiturus,
1103 4893 1427 4948 necessario
1473 4895 1762 4964 subjecit:
1801 4915 1821 4948 ι
1854 4896 1967 4967 Ego

373 4995 499 5035 sum
541 4981 631 5036 via
653 5021 670 5045 ,
709 4989 765 5037 et
795 4983 946 5047 vita,
991 4993 1047 5039 et
1081 4985 1311 5042 veritas.
1347 5006 1366 5038 ι
1399 4987 1504 5042 Et:
1539 5007 1560 5039 ι
1601 4988 1776 5046 Nemo
1815 4991 1968 5046 venit

374 5071 446 5127 ad
481 5070 732 5138 Patrem,
769 5073 932 5144 770
963 5075 1071 5131 nisi
1112 5092 1210 5148 per
1244 5093 1373 5145 me;
1402 5098 1420 5130 ι
1449 5078 1584 5134 hinc
1623 5080 1958 5148 ostendens,

374 5160 426 5215 si
458 5162 587 5231 quis
621 5162 752 5218 velit
790 5179 959 5219 nosse
983 5164 1128 5219 viam
1169 5181 1267 5235 per
1304 5183 1476 5239 quam
1526 5179 1616 5224 eat
1669 5171 1740 5226 ad
1788 5171 1959 5226 vitam

377 5258 680 5316 aeternam,
707 5251 919 5310 Christi
943 5256 1322 5327 cognitionem
1369 5259 1418 5313 ei
1450 5260 1779 5330 cumprimis
1810 5263 1963 5317 cordi

379 5358 506 5400 esse
551 5344 776 5401 debere.
827 5345 938 5402 Sed
983 5348 1117 5418 quia
1168 5353 1423 5407 nonnulli
1454 5351 1745 5410 Iudaicum
1782 5357 1968 5425 potius

380 5449 553 5505 quam
581 5436 968 5508 evangelicum
1011 5451 1310 5509 sequentes
1357 5443 1675 5500 institutum
1706 5445 1809 5500 sibi
1847 5463 1971 5516 per—

385 5528 609 5583 suasuri
644 5536 805 5583 erant
828 5527 1081 5584 sullicere
1107 5531 1176 5586 ad
1210 5540 1424 5588 rectam
1451 5533 1612 5590 fidem
1642 5551 1813 5590 unum
1845 5537 1972 5591 uni-

457 5642 546 5722 ‘_'l
578 5643 836 5722 (ἔρῃ-χλιι
863 5684 876 5707 ,
917 5647 1041 5722 12η
1085 5649 1130 5680 ⁵⁸
1164 5649 1206 5706 ll
1237 5651 1378 5708 Tim.
1418 5669 1492 5719 Il,
1533 5653 1583 5708 5.
1642 5654 1684 5685 ⁸⁷
1728 5653 1891 5710 llcbr.
1933 5671 1944 5709 ι

2144 5656 2190 5686 ⁸⁸
2217 5653 2372 5710 Joan.
2418 5669 2528 5721 xiv,
2572 5652 2654 5707 ll.
2730 5653 2772 5682 ‘9
2799 5649 3035 5721 Philipp.
3063 5663 3142 5714 11,
3175 5648 3228 5702 7.

389 5745 432 5798 ν
466 5713 520 5768 4.
597 5717 640 5749 ⁷⁸
678 5713 721 5772 ιι
753 5714 878 5773 Cor.
915 5734 989 5785 tv,
1017 5719 1068 5774 4.
1141 5791 1144 5794 ἢ

2073 4450 2224 4496 τινας
2279 4433 2394 4496 τοῖς
2434 4431 2752 4502 λεγομένοις
2822 4429 3161 4493 ἀκολουθεῖν,
3230 4429 3658 4500 χρησιμωτάτην

2069 4521 2183 4576 ἔσθ’
2212 4523 2303 4576 ὅτε
2359 4524 2593 4576 ποιεῖται
2653 4519 2752 4591 τὴν
2807 4518 3172 4590 ἐπανάληψιν.
3215 4519 3364 4589 Πλὴν
3396 4517 3452 4571 ἐν
3479 4535 3541 4586 γε
3579 4516 3658 4587 τῷ

2071 4613 2299 4686 πάροντι
2329 4612 2463 4666 πολὺ
2495 4611 2561 4681 δὴ
2585 4611 2705 4664 λίαν
2721 4609 2961 4682 ὀνίνησιν
2988 4610 3158 4680 ἡμᾶς,
3181 4609 3342 4662 ταυτὶ
3366 4610 3479 4671 τοῖς
3517 4607 3656 4676 apd»

2069 4724 2186 4769 τοις
2210 4703 2615 4777 προσενεγκὼν.
2656 4703 2876 4773 Ἐπειδὴ
2924 4701 3035 4772 γὰρ
3067 4700 3457 4755 διεπυνθάνετο
3485 4701 3514 4752 ό
3540 4699 3657 4751 Θω-

2075 4800 2202 4869 μᾶς,
2244 4795 2356 4852 Ποῦ
2403 4797 2513 4868 γὰρ
2550 4795 2852 4868 ἀπελεύσῃ,
2919 4792 3119 4863 λέγων,
3175 4793 3209 4863 ἦ
3256 4793 3377 4857 πῶς
3409 4792 3474 4844 ἂν
3500 4793 3659 4860 ἡμεῖς

2072 4887 2350 4959 εἰδείημεν
2382 4887 2482 4959 τὴν
2515 4887 2655 4952 ὁδὸν,
2688 4885 2751 4938 τὸ
2769 4886 2892 4939 ὅποι
2921 4884 3052 4937 ποτὲ
3082 4883 3241 4954 βαδιῇ
3273 4883 3349 4954 μὴ
3378 4880 3660 4950 γινώσκον·

2071 4998 2186 5045 τες,
2217 4979 2536 5049 ἀναγκαίως
2588 4978 2869 5047 έφασκενο
2911 4995 2930 5029 ι
2970 4975 3114 5042 Ἐγώ
3167 4976 3285 5046 εἰμι
3324 4976 3358 5044 ἡ
3390 4973 3526 5037 ὁδὸς,
3566 4973 3660 5026 καὶ

2074 5075 2108 5144 ἠ
2134 5071 2269 5143 ζωὴ,
2322 5072 2419 5126 καὶ
2475 5071 2510 5142 ὴ
2556 5068 2807 5141 ἀλήθεια,
2839 5087 2858 5119 ι
2915 5068 3011 5122 καὶ
3048 5068 3130 5122 ὅτι
3170 5086 3188 5118 ι
3226 5067 3417 5130 Οὐδεὶς
3445 5065 3658 5137 ἔρχεται

2066 5165 2204 5237 πρὸς
2235 5164 2327 5218 τὸν
2358 5162 2599 5234 Πατέρα,
2619 5164 2668 5214 εἰ
2696 5161 2772 5232 μὴ
2803 5160 2868 5213 δι’
2889 5158 3047 5231 ἐμοῦ·
3075 5179 3092 5212 ι
3137 5158 3354 5221 δεικνὺς
3376 5155 3621 5210 ἐντεῦθεν
3644 5206 3656 5218 ,

2069 5259 2147 5322 ὡς
2181 5259 2340 5328 εἰπερ
2371 5275 2455 5320 τις
2482 5255 2727 5327 βούλοιτο
2751 5254 2852 5328 τὴν
2895 5253 3015 5309 ὁδὸν
3059 5252 3286 5315 εἰδέναι,
3318 5251 3385 5305 δι’
3414 5245 3482 5322 ἦς
3515 5250 3575 5304 ἂν
3604 5254 3656 5324 ἴῃ

2073 5350 2212 5422 πρὸς
2243 5349 2389 5420 ζωὴν
2414 5349 2512 5420 τὴν
2540 5347 2781 5415 αἰώνιον,
2831 5346 3200 5417 φιλονεικήσει
3240 5345 3306 5417 δὴ
3339 5343 3552 5407 πάντως
3584 5347 3660 5396 εἰ-

2077 5443 2226 5497 δέναι
2264 5442 2518 5512 Χριστόν.
2553 5442 2774 5512 Ἐπειδὴ
2798 5441 2856 5494 δὲ
2898 5435 2966 5510 ἦν
2998 5455 3151 5502 τινας
3179 5437 3329 5502 εἰκὸς
3373 5436 3659 5505 Ἰουδαῖκήν

2080 5554 2203 5592 τινα
2235 5536 2459 5607 μᾶλλον,
2483 5537 2652 5606 ἤγουν
2681 5531 3044 5603 εὐαγγελικὴν
3072 5529 3494 5603 ἐπιτηδεύοντας
3536 5528 3657 5581 παί-

3333 5647 3378 5678 ”
3432 5642 3473 5698 ll
3511 5642 3651 5698 Pctr.
