3884 6208
226 308 332 362 195

1313 304 1375 359 IN
1402 302 1691 362 JOANNIS
1716 302 2163 361 EVANGELIUM
2200 306 2332 363 LIB.
2376 308 2468 365 IX.

3402 307 3508 363 194

220 426 425 488 δευσιν,
449 419 701 495 ἐξαρκεῖν
731 422 942 477 οἴεσθαί
970 418 1106 496 πρὸς
1134 424 1194 477 τὸ
1217 423 1494 477 πιστεύειν
1520 422 1697 494 ὀρθῶς
1720 423 1814 493 τὴν

1923 425 2070 479 versi
2121 422 2287 479 Deum
2337 424 2621 491 conﬁteri,
2660 438 2900 495 eumque
2941 437 3273 495 agnoscere.
3322 436 3505 493 neque

220 519 303 582 είς
334 516 431 570 ἕνα
461 516 571 569 τῶν
604 516 743 569 ὅλων
774 516 907 569 Θεὸν
952 516 1245 587 ὁμολογίαν
1264 532 1324 569 τε
1365 517 1461 569 καὶ
1494 515 1717 584 γνῶσιν,
1747 515 1823 586 μὴ

224 611 336 681 μὴν
356 608 676 678 ἐπείγεσθαι
713 610 905 681 μαθεῖν
948 610 1041 663 τὸν
1073 610 1204 681 περὶ
1235 611 1335 681 τῆς
1366 610 1529 679 ἁγίας
1564 610 1659 663 καλ⁸
1691 610 1824 681 ὁμο-

224 704 411 757 ουσίου
469 702 706 774 Τριάδος
734 702 913 771 λόγον,
957 702 1275 771 ἀναγκαίως
1307 703 1591 757 ἀποκλείει
1618 702 1822 775 τρόπον

225 796 349 849 τινὰ
389 794 626 865 Χριστὸς
680 795 773 849 καὶ
794 798 906 858 τοῖς
954 794 1098 847 οὕτω
1124 792 1408 860 δοξάζουσι
1426 797 1524 867 τὴν
1553 795 1683 867 περὶ
1720 793 1812 849 τοῦ

225 886 363 941 Θεοῦ
398 887 621 957 γνῶσιν,
664 886 813 959 εἰμὴ
844 888 937 941 καὶ
983 888 1147 943 αὐτὸν
1192 888 1466 959 βούλοιντο
1516 889 1819 961 παραδέχε·

227 978 378 1032 σθαι.
410 978 509 1033 Διά
587 978 697 1051 γάρ
738 978 868 1033 Υίοῦ
904 980 1189 1051 προσιτέον
1230 981 1309 1052 τῷ
1340 981 1460 1052 Θεῷ
1486 976 1582 1035 καὶ
1621 982 1815 1053 Πατρί.

237 1072 543 1140 Ἀναλόγως
570 1073 680 1143 γὰρ
734 1075 798 1143 τῇ
852 1072 946 1126 τοῦ
986 1075 1329 1145 γεννήματος
1360 1074 1583 1146 θεωρίᾳ,
1608 1074 1703 1127 καὶ
1731 1075 1819 1127 ἐπ’

223 1164 390 1217 αὐτὸν
418 1162 619 1234 ἥξομεν
642 1165 734 1217 τὸν
762 1165 1086 1236 Γεννήτορα.
1109 1166 1183 1218 Οὐ
1207 1166 1315 1237 γάρ
1346 1166 1517 1230 ἐστιν,
1537 1168 1639 1221 οὐκ
1672 1166 1819 1220 ἐστιν

222 1257 578 1327 ἀμφιϐαλεῖν,
629 1258 712 1311 ὅτι
766 1257 860 1310 τὸν
896 1258 1021 1311 Υίόν
1088 1276 1173 1322 τις
1204 1259 1504 1329 ὑφεστάναι
1538 1260 1812 1317 πιστεύων

223 1346 399 1410 οὕτως
425 1347 499 1411 ὡς
524 1348 675 1408 Υίὸν,
705 1347 797 1400 τὸν
853 1348 918 1400 ἐκ
958 1347 1058 1418 τῆς
1106 1347 1292 1411 οὐσίας
1322 1348 1466 1418 φημὶ
1498 1348 1592 1401 τοῦ
1622 1350 1815 1421 γεννή-

226 1456 440 1503 σαντος,
477 1440 682 1493 εἴσεται
714 1439 777 1511 δὴ
828 1440 1048 1503 πάντως
1090 1441 1185 1493 καὶ
1218 1434 1308 1493 τὸν
1365 1439 1604 1511 Πατέρα.
1657 1441 1814 1496 Κατά

222 1529 327 1599 μὲν
372 1526 466 1584 οὖν
507 1530 607 1601 τὴν
653 1531 1033 1601 ἁπλουστέραν
1084 1533 1179 1585 καὶ
1213 1532 1549 1603 ἀπερίεργον
1588 1532 1813 1601 γνῶσιν,

224 1621 399 1686 οὕτως
427 1622 494 1676 ἄν
526 1640 610 1686 τις
638 1621 850 1693 οἰηθείη
881 1622 1048 1693 τυχὸν
1074 1622 1307 1694 λαλῆσαι
1328 1641 1339 1653 ’
1370 1626 1419 1677 εί
1443 1625 1498 1679 δέ
1533 1638 1609 1694 τῳ
1630 1624 1813 1695 δοκοίη

1922 530 2092 583 porro
2117 515 2185 571 de
2232 525 2428 571 sancta
2486 524 2543 571 et
2596 515 3071 571 consubstantiali
3104 514 3381 571 'l‘rinitate
3405 516 3505 571 do-

1921 608 2154 662 ctrinam
2184 623 2308 663 esse
2340 608 2682 675 curandam,
2728 608 3051 663 necessario
3094 606 3509 677 quodammodo

1919 698 2182 756 Christus
2208 701 2374 756 etiam
2412 700 2498 756 his
2532 701 2627 770 qui
2664 700 2749 757 sic
2788 701 3065 757 sentirent
3106 699 3201 755 Dei
3228 700 3504 772 cognitio-

1925 808 2049 847 nem
2081 793 2442 857 intercludit,
2474 793 2583 848 nisi
2618 800 2674 848 et
2722 809 2785 848 se
2830 793 3119 863 suscipere
3160 792 3353 847 velint.
3398 789 3508 846 Per

1919 884 2118 939 Filium
2142 885 2347 956 quippe
2378 885 2446 939 ad
2471 884 2642 940 Deum
2670 892 2724 941 et
2744 886 2964 941 Patrem
2988 894 3074 941 est
3104 883 3504 939 accedendum.

1918 970 2041 1032 Filii
2093 992 2335 1047 namque
2358 978 2676 1049 cognitione
2712 986 2769 1033 et
2813 977 3283 1046 contemplatione
3333 974 3504 1030 etiam

1917 1067 1983 1122 ad
2034 1067 2213 1138 ipsum
2267 1066 2485 1123 Patrem
2535 1068 2705 1124 simili
2763 1068 2981 1125 ratione
3030 1068 3341 1123 veniemus.
3390 1064 3506 1122 Nec

1918 1161 2067 1216 enim
2103 1157 2352 1235 profecto
2386 1160 2753 1216 dubitandum
2796 1168 2913 1225 est,
2949 1160 3269 1230 quicunque
3302 1156 3505 1212 Filium

1929 1254 2241 1310 subsistere
2288 1254 2504 1321 credit,
2552 1264 2613 1309 ut
2658 1269 2789 1309 vere
2832 1253 3073 1318 Filium,
3119 1269 3185 1309 ex
3234 1250 3507 1323 genitoris

1918 1363 2116 1419 nempe
2144 1347 2459 1403 substantia
2481 1382 2497 1414 ,
2528 1348 2757 1403 omnino
2789 1348 3146 1417 cogniturum
3177 1353 3232 1401 et
3260 1347 3503 1399 Patrem.

1921 1438 1986 1493 Et
2015 1440 2131 1495 haec
2163 1439 2388 1510 quidem
2419 1438 2486 1495 de
2515 1439 2843 1509 simpliciori
2878 1454 2981 1495 nec
3009 1438 3282 1509 exquisita
3309 1440 3509 1508 cognia

1917 1534 2065 1589 tione
2092 1533 2305 1589 dictum
2334 1546 2498 1604 putes
2526 1553 2539 1590 :
2572 1534 2719 1605 quod
2749 1535 2795 1590 si
2823 1536 2951 1607 quis
2984 1535 3247 1589 subtilem
3278 1548 3505 1589 sensum

1922 1623 2230 1693 inquirere,
2268 1631 2324 1678 et
2358 1639 2448 1680 res
2484 1624 2636 1695 ipsas
2670 1625 2913 1695 penitius
2942 1625 3187 1680 scrutari
3222 1624 3381 1688 velit,
3415 1622 3509 1678 Εἰ·-

224 1715 320 1767 καὶ
340 1715 429 1768 διὰ
450 1714 665 1768 λεπτῶν
684 1714 946 1787 ἔρχεσθαι
976 1716 1283 1787 νοημάτων,
1308 1716 1382 1781 ὡς
1416 1719 1507 1771 καὶ
1535 1719 1623 1771 ἐπ’
1644 1718 1814 1789 αὐτὴν

1919 1716 2055 1770 lium
2085 1731 2215 1772 vere
2244 1716 2395 1787 loqui
2428 1732 2627 1774 rursus
2653 1718 2980 1787 comperiet.
3034 1717 3246 1771 Natura
3299 1716 3507 1787 quippe

225 1806 335 1859 τῶν
372 1810 712 1879 πραγμάτων
775 1810 967 1863 ἐλάσαι
1024 1810 1125 1882 τὴν
1186 1808 1437 1879 βάσανον,
1487 1809 1818 1881 ἀληθεύοντα

228 1898 391 1952 πάλιν
453 1899 677 1969 εὑρήσει
735 1899 827 1952 τὸν
878 1899 1028 1956 Υίόν.
1075 1898 1293 1969 Διανοίᾳ
1337 1898 1435 1969 μὲν
1477 1898 1585 1969 γὰρ
1630 1898 1816 1970 ἁπάσῃ

225 1991 507 2055 παντελῶς
558 1993 841 2065 ἀχώρητος
884 1995 912 2063 η
960 1983 1079 2046 θεία
1139 1992 1301 2061 φύσις
1331 1993 1470 2053 ἐστὶ,
1496 1994 1588 2046 καὶ
1614 1992 1667 2046 τί
1695 1990 1817 2046 κατ’

220 2084 414 2137 οὐσίαν
448 2087 475 2137 ὁ
500 2083 609 2137 τῶν
637 2084 778 2139 ὅλων
829 2086 868 2138 Γ
871 2085 1215 2156 ενεσιουργὸς
1268 2084 1473 2156 τολμᾷν
1494 2085 1629 2149 ὅλως
1663 2103 1819 2157 περι-

226 2174 579 2243 εργάζεσθαι,
639 2174 1069 2246 φρενοϐλαϐείας
1109 2176 1331 2247 ἀπάσης
1363 2176 1637 2243 ἀπόδειξιν
1681 2175 1815 2245 ἔχει.

218 2265 375 2336 Πλὴν
420 2265 534 2319 ἔστι
575 2283 694 2329 πως
725 2268 877 2337 ἡμᾶς
927 2285 1071 2331 τινα,
1116 2268 1191 2331 ὠς
1227 2269 1283 2320 ἐν
1319 2270 1497 2331 σκιαῖς
1557 2268 1650 2321 καὶ
1677 2268 1817 2321 αἰνί-

228 2376 459 2428 γμασιν,
486 2358 834 2430 ἐρανίζεσθαι
889 2360 1118 2428 γνῶσιν,
1167 2364 1475 2431 κάτοπτρον
1529 2362 1719 2434 ὥσπερ
1760 2379 1816 2415 τι

216 2450 628 2521 παρατιθέντας
672 2449 751 2519 τῷ
802 2450 883 2504 νοῒ
917 2451 1025 2504 τῶν
1057 2452 1285 2505 ἐνόντων
1322 2451 1815 2524 πλεονεκτημάτων

214 2544 290 2612 τῇ
314 2540 407 2594 τοῦ
439 2542 570 2595 Υίοῦ
596 2542 757 2611 φύσει
807 2543 900 2596 τὸν
933 2544 1255 2613 κατάλογον.
1298 2545 1387 2609 Ἐξ
1414 2538 1488 2599 ὧν
1506 2547 1614 2615 γάρ
1666 2547 1816 2599 ἐστιν

208 2632 411 2697 αὐτὸς,
444 2635 537 2687 καὶ
558 2633 619 2699 ἐξ
651 2629 727 2688 ὧν
761 2633 1019 2706 εἴργασαι
1048 2634 1163 2707 [γρ.
1196 2636 1505 2710 εἴργασται]
1527 2638 1815 2709 γενόμενος

218 2725 540 2795 ἄνθρωπος,
596 2728 689 2779 καὶ
728 2726 835 2799 πρὸ
863 2728 964 2798 τῆς
1006 2729 1497 2801 ἐνανθρωπήσεως,
1537 2731 1813 2800 ἀναλόγως

210 2818 292 2871 -ἆν
318 2836 399 2882 τις
424 2820 515 2872 ἐπὶ
541 2820 641 2891 τὴν
669 2819 764 2872 τοῦ
788 2820 1039 2883 τεκόντος
1074 2821 1237 2875 αὐτὸν
1266 2822 1502 2894 θεωρίαν
1530 2823 1673 2876 ἀνίοι
1704 2822 1815 2876 λοι·

223 2909 352 2962 πόν.
373 2910 515 2982 Ὅρα
527 2910 635 2980 γάρ
668 2927 759 2980 μοι
779 2910 878 2982 τὴν
901 2909 1129 2965 ἐνοῦσαν
1155 2911 1305 2982 αὐτῷ
1329 2911 1487 2976 δόξαν
1513 2928 1573 2964 τε
1604 2911 1699 2966 καὶ
1724 2910 1815 2967 δύο

220 3017 413 3071 ναμιν’
438 3000 601 3071 βλέπε
616 3001 715 3072 τὴν
746 3003 833 3069 ἐφ’
851 3000 1055 3057 ἅπασιν
1078 3003 1521 3072 ἀπαραπόδιστον
1541 3003 1810 3067 ἐξουσίαν.

1920 1806 2102 1862 divina
2133 1808 2339 1864 nullius
2366 1810 2589 1879 ingenio
2614 1824 2847 1880 prorsus
2871 1808 3263 1880 comprehendi
3289 1816 3504 1879 potest,

1918 1907 1972 1955 et
2002 1901 2136 1970 quid
2166 1901 2474 1956 secundum
2512 1901 2893 1957 substantiam
2927 1903 3002 1957 sit
3034 1917 3218 1957 rerum
3254 1902 3506 1956 omnium

1917 2001 2115 2048 auctor
2143 1994 2386 2049 scrutari
2414 1996 2577 2064 plane
2606 1994 2844 2061 audere,
2872 2004 3135 2051 extrema:
3166 1996 3389 2065 signum
3419 2002 3507 2051 est

1916 2085 2228 2141 dementiae.
2250 2084 2643 2142 Verumtamen
2664 2088 3036 2158 cognitionem
3062 2088 3359 2158 quamdam
3382 2095 3506 2142 tan-

1916 2191 2079 2246 quam
2110 2178 2166 2231 in
2203 2177 2416 2232 umbris
2461 2187 2516 2233 et
2562 2178 2878 2249 aanigmatis
2913 2195 3247 2251 comparare
3298 2195 3505 2251 possu-

1918 2284 2040 2323 mus
2063 2309 2076 2333 ,
2113 2270 2401 2338 speculum
2434 2270 2607 2325 veluti
2642 2271 2923 2341 quoddam
2959 2274 3130 2327 menti
3161 2280 3503 2343 opponentes

1916 2376 2009 2416 eas
2041 2377 2164 2431 qua:
2196 2361 2321 2416 Filii
2357 2370 2573 2418 natura:
2608 2363 2837 2429 insunt,
2873 2366 3289 2435 praerogativae.
3324 2364 3403 2419 Ex
3434 2379 3504 2418 eo

1918 2454 2063 2508 enim
2119 2454 2269 2524 quod
2324 2464 2409 2511 est
2458 2455 2611 2525 ipse,
2647 2464 2702 2510 et
2731 2472 2795 2510 ex
2835 2457 2903 2513 iis
2938 2472 3061 2528 qua:
3096 2458 3215 2528 ipse
3241 2465 3504 2528 operatus

1915 2554 2037 2609 est,
2068 2556 2359 2618 postquam
2390 2546 2572 2603 factus
2604 2548 2769 2603 homo
2798 2557 2885 2604 est
2906 2589 2921 2612 ,
2970 2560 3024 2605 et
3068 2561 3198 2605 ante
3242 2550 3504 2604 incarna-

1915 2639 2158 2704 tionem,
2186 2639 2253 2694 ad
2280 2638 2538 2694 notitiam
2561 2650 2614 2694 et
2635 2641 3159 2711 contemplationem
3205 2641 3386 2697 Patris
3420 2642 3501 2697 si-

1915 2731 2030 2785 mili
2089 2734 2305 2788 ratione
2350 2734 2572 2791 demqu
2624 2733 2919 2791 ascendes.
2970 2730 3111 2789 Vide
3157 2733 3309 2788 enim
3342 2733 3501 2800 mihi,

1916 2839 2105 2892 quaeso
2126 2864 2141 2889 ,
2176 2825 2408 2894 gloriam
2441 2826 2563 2896 ejus
2595 2842 2661 2883 ac
2698 2829 2955 2882 virtutem
2986 2844 3001 2880 :
3032 2826 3158 2881 vide
3187 2840 3501 2896 supremam

1915 2914 1970 2969 in
2003 2916 2263 2970 omnibus
2296 2916 2465 2971 rebus
2503 2926 2855 2987 potestatem.
2905 2916 3047 2983 Quid
3080 2916 3251 2981 enim,
3304 2914 3506 2969 amabo

1916 3015 2008 3073 te,
2065 3014 2177 3062 tam
2230 3024 2399 3078 supra
2455 3010 2767 3065 orationem
2816 3025 3035 3065 omnem
3087 3017 3171 3064 est
3221 3010 3501 3078 positum,

226 3094 295 3147 Τί
327 3094 459 3164 γὰρ,
489 3095 611 3148 εἰπέ
644 3112 755 3165 μοι,
783 3096 880 3148 καὶ
907 3096 1016 3149 τῶν
1038 3096 1178 3166 ὑπὲρ
1201 3096 1359 3163 λόγον
1386 3096 1812 3169 οὐκέλευθέροις

1917 3101 2064 3171 quod
2113 3101 2290 3155 libero
2334 3110 2470 3156 nutu
2521 3101 2729 3157 fecisse
2779 3117 2887 3157 non
2930 3111 3222 3165 cernatur,
3276 3108 3331 3156 et
3374 3109 3505 3157 ante

225 3186 465 3258 νεύμασι
509 3185 864 3258 κατορθώσας
900 3188 1120 3259 ὁρᾶται,
1174 3188 1267 3241 καὶ
1313 3186 1419 3259 πρὸ
1460 3189 1681 3260 σαρκὸς,
1716 3189 1812 3242 καὶ

232 3278 373 3349 μετά
440 3279 678 3349 σαρκός;
744 3278 883 3331 Ἀλλ’
922 3280 951 3332 ὁ
996 3278 1251 3342 τοσοῦτος
1304 3281 1438 3349 ἡμῖν
1506 3279 1573 3331 δι’
1636 3281 1815 3333 αὐτῶν

218 3369 420 3439 όφθεὶς
472 3370 834 3440 πραγμάτων,
874 3386 894 3420 ι
937 3368 1095 3438 Ἐγὼ,
1128 3371 1283 3441 φησὶ,
1341 3371 1438 3424 καὶ
1464 3372 1494 3425 ό
1537 3372 1727 3444 Πατὴρ
1756 3372 1815 3427 ἓν

222 3464 392 3533 ἐσμεν
415 3480 427 3492 ·
459 3465 487 3516 ό
510 3462 771 3533 ἐωρακὼς
805 3463 925 3534 ἐμέ,
960 3461 1175 3534 ἑώρακε
1200 3464 1291 3518 τὸν
1322 3464 1563 3536 Πατέρα.
1593 3483 1609 3514 ι
1651 3465 1813 3519 Ἰτέον

226 3552 325 3611 οὖν
344 3556 451 3627 ἀρα
481 3556 625 3610 κατὰ
651 3556 751 3628 τὴν
788 3556 883 3611 τοῦ
924 3556 1288 3629 προκειμένου
1324 3557 1554 3626 δύναμιν
1585 3558 1693 3610 ἀπὸ
1716 3557 1815 3627 τῆς

228 3647 440 3710 είκόνος
465 3646 557 3699 ἐπὶ
606 3646 667 3701 τὸ
717 3648 1051 3719 ἀρχέτυπον,
1078 3647 1173 3700 καὶ
1201 3648 1309 3701 ἀπὸ
1336 3647 1431 3700 τοῦ
1464 3648 1814 3720 χαρακτῆρος

229 3739 321 3791 ἐπ’
348 3739 555 3792 ἐκεῖνον
573 3739 637 3809 δὴ
659 3738 876 3803 πάντως
902 3732 965 3792 οὗ
991 3740 1088 3793 καὶ
1116 3739 1233 3792 ἐστι
1268 3739 1576 3811 χαρακτὴρ,
1609 3740 1705 3793 καὶ
1724 3741 1810 3805 οὐ,

229 3831 373 3887 κατά
393 3848 545 3895 τινας
578 3832 689 3885 τῶν
715 3832 1044 3903 ἑτεροδοξεῖν
1092 3831 1384 3898 εἰωθότων,
1424 3835 1683 3896 ἐπακτοῖς
1702 3850 1813 3885 τισι

228 3922 327 3975 καὶ
348 3924 459 3986 τοῖς
483 3921 683 3987 ἔξωθεν
720 3920 998 3992 ἀξιώμασι
1041 3921 1471 3994 σχηματίζεσθαι
1513 3940 1695 3993 φαμεν
1720 3922 1813 3976 τὸν

229 4015 357 4069 Υἰδν
377 4016 514 4088 πρὸς
532 4016 625 4070 τὸν
653 4014 895 4086 Πατέρα,
929 4015 1071 4081 οὐδὲ,
1100 4016 1355 4087 καθάπερ
1378 4017 1491 4079 τοῖς
1522 4015 1812 4086 πλανωμέ-

227 4126 341 4172 νοις
373 4109 541 4174 δοκεῖ,
570 4107 735 4162 είκὼν
765 4105 904 4161 εἶναι
928 4106 1148 4176 λέγεται
1164 4108 1259 4161 τοῦ
1281 4107 1415 4161 Θεοῦ
1452 4109 1545 4160 καὶ
1575 4108 1808 4179 Πατρὸς,

227 4201 306 4265 ὡς
332 4200 472 4271 ἔχων
509 4198 677 4253 αὐτοῦ
700 4198 800 4271 τὴν
822 4198 1002 4264 δόξαν,
1047 4200 1148 4270 τὴν
1185 4198 1435 4270 δύναμιν,
1458 4200 1555 4271 τὴν
1595 4200 1808 4268 σοφίαν,

227 4292 446 4363 φύσεώς
468 4309 533 4361 γε
558 4292 666 4363 μὴν
702 4292 896 4361 ἐτέρας
923 4290 1206 4364 ὑπάρχων.
1235 4290 1422 4346 Ταῦτα
1442 4291 1552 4362 γὰρ
1588 4291 1812 4345 ἐκείνων

224 4384 296 4439 τά
332 4384 646 4455 ληρήματα,
673 4383 769 4436 καὶ
797 4384 830 4453 ἠ
868 4383 1292 4455 κεκομψευμένη
1312 4382 1569 4454 φλυαρία,
1612 4382 1813 4453 μᾶλλον

1919 3206 2175 3254 carnem,
2229 3200 2285 3246 et
2331 3208 2457 3246 cum
2504 3193 2722 3248 carne?
2764 3195 2836 3248 At
2880 3194 2974 3263 qui
3016 3202 3231 3247 tantum
3274 3208 3334 3248 se
3376 3208 3504 3247 esse

1918 3284 2056 3354 ipsis
2102 3284 2368 3354 operibus
2416 3285 2606 3340 docuit
2645 3304 2657 3340 :
2698 3305 2716 3337 ι
2754 3284 2900 3355 Ego,
2950 3286 3164 3356 inquit,
3215 3293 3272 3339 et
3339 3284 3506 3340 Pater

1930 3391 2099 3430 unum
2132 3391 2327 3432 sumus
2358 3379 2425 3443 7';
2457 3378 2547 3447 qui
2578 3379 2729 3433 videt
2759 3393 2869 3444 me,
2900 3378 3049 3433 videt
3064 3387 3119 3432 et
3136 3377 3355 3432 Patrem
3380 3378 3448 3431 ”.
3474 3398 3495 3431 ι

1919 3466 2172 3523 Eundum
2206 3469 2416 3539 itaque,
2448 3470 2494 3524 si
2546 3470 2651 3523 loci
2699 3469 2865 3538 hujus
2906 3470 3014 3524 vim
3050 3476 3399 3539 spectemus.
3432 3470 3505 3523 ab

1914 3559 2153 3629 imagine
2182 3560 2249 3613 ad
2280 3560 2673 3630 archetypum,
2709 3567 2766 3614 et
2793 3575 2823 3614 a
2855 3559 3181 3615 charactere
3219 3559 3288 3613 ad
3340 3560 3501 3614 illum

1913 3653 2075 3723 cujus
2103 3660 2159 3708 et
2189 3661 2276 3709 est
2309 3653 2600 3709 character
2627 3672 2642 3721 ;
2680 3668 2861 3725 neque
2894 3662 3079 3708 tamen
3126 3668 3193 3708 ex
3225 3668 3498 3724 quorum-

1913 3746 2038 3802 dam
2068 3747 2453 3803 haereticorum
2482 3748 2765 3804 sententia
2795 3746 3114 3803 adventitiis
3135 3746 3422 3801 nonnullis
3443 3753 3503 3800 et

1912 3842 2262 3896 extrinsecus
2306 3841 2613 3911 assumptis
2646 3840 3014 3911 dignitatibus
3054 3837 3253 3893 Filium
3287 3837 3353 3891 ad
3395 3835 3501 3890 Pa-

1912 3939 2051 3985 trem
2066 3930 2404 3985 conl‘ormari
2425 3931 2688 3996 dicimus,
2714 3946 2895 4001 neque
2917 3940 3000 3994 ut,
3020 3929 3264 3985 hzeretici
3283 3937 3501 4000 putant,

1913 4021 2093 4090 imago
2127 4019 2225 4075 Dei
2255 4035 2321 4074 ac
2341 4018 2523 4076 Patris
2559 4035 2685 4075 esse
2720 4021 2949 4087 dicitur,
2983 4027 3249 4089 tanquam
3274 4019 3367 4089 qui
3397 4018 3500 4072 ha-

1911 4110 2038 4163 beat
2067 4109 2192 4178 ejus
2227 4109 2461 4180 gloriam
2484 4150 2499 4175 ,
2533 4109 2795 4165 virtutem
2816 4148 2833 4174 ,
2877 4110 3207 4178 sapientiam
3229 4148 3244 4172 ,
3279 4108 3374 4163 sed
3414 4107 3501 4160 al-

1912 4201 2086 4255 terius
2120 4208 2303 4255 tamen
2333 4201 2407 4255 sit
2437 4210 2668 4256 naturae.
2712 4200 2805 4255 Ila:
2847 4212 2980 4255 sunt
3028 4200 3175 4254 enim
3217 4199 3507 4269 elegantes

1912 4291 2134 4345 illorum
2183 4305 2380 4361 nugae,
2423 4292 2535 4345 imo
2581 4305 2713 4345 vero
2747 4289 3000 4357 impietas
3030 4287 3098 4342 ad
3143 4288 3499 4343 evertendam

1915 4384 2074 4454 771
2122 4382 2655 4453 convellendamque
2695 4379 2818 4435 Filii
2863 4379 3499 4435 consubstantialitatem

226 4477 286 4531 δὲ
328 4475 657 4539 δυσσέϐεια,
718 4475 853 4546 πρὸς
936 4475 1251 4547 ἀνατροπὴν
1319 4475 1670 4545 ἐπινοηθεῖσα
1719 4476 1812 4529 καὶ

1918 4474 2181 4541 inventa,
2234 4474 2384 4545 quod
2439 4490 2609 4529 unum
2656 4484 2745 4529 est
2792 4488 2984 4527 eorum
3038 4471 3268 4541 impium
3302 4479 3357 4526 et
3392 4470 3505 4525 Deo

229 4569 555 4639 καθαίρεσιν
583 4569 683 4639 τῆς
719 4568 1137 4637 ὀμοουσιότητος
1173 4567 1267 4621 τοῦ
1307 4568 1459 4633 Υίοῦ,
1482 4567 1699 4636 κατάγε
1719 4568 1811 4621 τὸν

230 4664 290 4715 ἐν
314 4661 496 4725 αὐτοῖς
516 4661 730 4714 ἀνόσιόν
756 4677 815 4713 τε
856 4660 954 4713 καὶ
976 4659 1247 4730 θεομάχον
1288 4662 1512 4715 σκοπόν.
1556 4662 1694 4713 Ἀλλ’
1736 4662 1814 4725 ὡς

230 4754 359 4817 Υίδς
393 4752 633 4823 ἀληθῶς,
672 4754 737 4805 ἐκ
783 4752 883 4822 τῆς
936 4751 1029 4805 τοῦ
1076 4752 1211 4805 Θεοῦ
1250 4753 1344 4806 καὶ
1382 4752 1594 4824 [ἰατρὸς
1625 4753 1814 4817 οὐσίας

228 4846 561 4917 ἀπορῤήτως
608 4845 707 4898 καὶ
777 4845 1155 4915 ἀπερινοήτως
1198 4845 1502 4916 γεννηθεὶς,
1526 4847 1814 4917 χαρακτήρ

230 4938 382 4990 ἐστιν
403 4936 589 5002 αὐτοῦ,
623 4937 717 4991 καί⁵
775 4936 958 5001 εἰκὼν,
1000 4938 1098 4991 καὶ
1144 4938 1507 5009 ἀπαύγασμα,
1551 4939 1734 5010 φέρων
1754 4941 1814 4991 ἐν

228 5029 409 5100 οἰκείᾳ
431 5028 590 5098 φύσει
617 5029 718 5099 τῆς
741 5029 835 5082 τοῦ
878 5030 1129 5092 τεκόντος
1150 5030 1312 5083 αὐτὸν
1333 5030 1524 5095 οὐσίας
1558 5031 1621 5084 τὸ
1660 5031 1811 5095 ἴδιον,

230 5124 329 5177 καὶ
356 5122 464 5176 τῶν
495 5122 741 5191 φυσικῶν
765 5121 1252 5192 πλεονεκτημάτων
1270 5122 1331 5175 τὸ
1357 5122 1572 5187 κάλλος.
1607 5122 1681 5177 Οὐ
1704 5122 1813 5193 γάρ

231 5216 575 5285 ἀπόπληκτοι
632 5216 753 5268 κατ’
802 5216 1044 5279 ἐκείνους
1100 5214 1365 5285 ἐσόμεθα,
1397 5216 1491 5269 καὶ
1535 5218 1614 5279 είς
1658 5214 1817 5270 τοῦτο

230 5307 551 5371 δυσϐουλίας
573 5306 665 5359 τὸν
688 5308 885 5360 οἰκεῖον
906 5306 1293 5376 κατωθήσομεν
1316 5306 1459 5371 νοῦν,
1478 5307 1553 5371 ῶς
1574 5306 1653 5378 τῷ
1675 5308 1815 5360 κατὰ

233 5396 399 5467 φύσιν
423 5396 523 5450 οὐκ
555 5395 688 5449 ὄντα
708 5396 888 5465 λέγειν
916 5396 1035 5465 Θεῷ
1076 5396 1283 5465 ὅμοιον,
1312 5397 1451 5467 μήτε
1487 5398 1593 5469 μὴν
1628 5398 1693 5451 ἐκ
1716 5399 1817 5469 τῆς

232 5490 422 5553 οὐσίας
472 5488 803 5558 γεννηθέντα
860 5489 955 5542 τοῦ
1000 5486 1137 5540 Θεοῦ
1202 5490 1299 5543 καὶ
1332 5490 1561 5561 Πατρὸς,
1592 5492 1691 5561 τὴν
1717 5490 1811 5545 τοῦ

232 5582 369 5636 Θεοῦ
400 5580 729 5659 χαρίσασθαι
749 5581 927 5648 δόξαν,
946 5580 979 5651 ἢ
1000 5580 1094 5633 καὶ
1120 5580 1286 5650 φάναι
1305 5581 1563 5638 δύνασθαί
1596 5600 1723 5637 ποτε
1752 5583 1815 5636 τὸ

306 5773 352 5805 τ’
401 5770 563 5828 Joan.
597 5786 653 5838 ι,
690 5770 778 5827 30.
863 5768 1088 5827 -'Joan.
1137 5782 1249 5836 xu,
1292 5767 1344 5823 9.

1917 4580 2234 4637 repugnans
2260 4567 2631 4637 propositum.
2669 4565 2774 4620 Sed
2806 4574 2866 4618 ut
2896 4578 3022 4618 vere
3056 4561 3263 4628 Filius,
3306 4579 3371 4618 ex
3403 4562 3501 4619 Dei

1919 4676 1983 4713 ac
2020 4659 2199 4714 Patris
2231 4660 2537 4714 substantia
2574 4658 2835 4713 ineffabili
2867 4666 2920 4712 et
2956 4656 3502 4726 incomprehensibili

1921 4752 2134 4807 ratione
2170 4754 2389 4822 genitus
2411 4791 2427 4816 ,
2462 4752 2755 4807 character
2787 4758 2873 4806 est
2903 4750 3062 4819 ejus,
3099 4758 3153 4804 et
3194 4750 3377 4819 imago
3398 4793 3412 4813 ,
3446 4760 3503 4805 et

1922 4843 2204 4914 splendor,
2240 4844 2631 4914 proprietatem
2666 4843 2999 4898 substantia
3029 4842 3152 4912 ejus
3184 4843 3277 4911 qui
3309 4842 3505 4911 genuit

1923 4936 2141 5005 ipsum,
2166 4944 2220 4989 et
2242 4935 2577 4989 naturalium
2608 4937 3093 5005 praerogativarum
3122 4934 3291 4989 decus
3320 4934 3376 4989 in
3401 4950 3505 4989 sua

1921 5027 2109 5083 ferens
2163 5035 2384 5080 natura.
2426 5025 2538 5081 Nec
2567 5028 2715 5080 enim
2751 5035 2813 5081 ut
2848 5026 2961 5091 illi,
2996 5033 3107 5078 tam
3144 5023 3353 5095 stupidi
3389 5025 3503 5079 eri-

1921 5134 2077 5181 mus,
2113 5125 2210 5172 aut
2252 5132 2320 5173 eo
2374 5117 2579 5172 luroris
2627 5118 2971 5183 delabemur,
3007 5124 3066 5171 ut
3094 5131 3220 5171 eum
3249 5117 3343 5187 qui
3390 5131 3506 5170 non

1919 5211 2121 5267 similis
2155 5212 2227 5267 sit
2257 5210 2369 5267 Deo
2400 5212 2703 5267 secundum
2738 5220 3015 5275 naturam,
3051 5209 3257 5280 quippe
3286 5223 3396 5263 non
3429 5209 3503 5265 sit

1917 5319 1984 5358 ex
2023 5303 2115 5359 Dei
2163 5319 2229 5359 ac
2274 5303 2459 5361 Patris
2511 5304 2829 5360 substantia
2875 5305 3134 5375 genitus,
3179 5301 3273 5357 Dei
3327 5301 3504 5373 gloria

1920 5396 2212 5465 praeditum
2249 5411 2377 5452 esse
2410 5396 2662 5453 dicamus
2686 5437 2702 5460 ,
2736 5404 2832 5450 aut
2865 5411 2993 5451 eum
3024 5395 3118 5464 qui
3164 5392 3346 5448 factus
3388 5394 3500 5456 sit,

1920 5498 1975 5546 et
2004 5506 2035 5546 e
2069 5489 2249 5544 nihilo
2280 5489 2346 5543 ad
2378 5504 2505 5545 esse
2530 5490 2873 5561 productus,
2906 5488 3152 5542 divinam
3197 5486 3253 5540 in
3293 5500 3353 5541 se
3386 5485 3502 5541 vir-

1922 5590 2094 5637 tutem
2130 5588 2186 5636 et
2216 5580 2549 5651 sapientiam
2583 5581 2749 5638 simili
2787 5596 2884 5651 per
2914 5578 3100 5637 omnia
3133 5577 3297 5634 modo
3326 5576 3504 5635 habe-
