3892 6202
381 266 493 327 135

1383 272 1745 331 8.(’.ΥΒΙΙᾸᾸ
1778 271 2252 328 ΑιΕχΑΝοιιιΝι
2279 271 2598 330 ARCHIEP.

3557 275 3665 334 196

383 402 479 457 ro,
508 389 786 461 talemque
814 404 972 456 esse,
1009 392 1196 463 qualis
1227 391 1418 447 divina
1449 401 1505 447 et
1533 392 1829 448 ineﬁabilis
1871 389 1967 446 Dei

2080 391 2453 464 πεποιημένον
2480 392 2639 454 ὅλως,
2670 390 2765 443 καὶ
2808 390 2868 444 τὸ
2900 388 2957 456 ἐξ
2989 390 3091 444 οὐκ
3121 391 3294 445 ὄντων
3329 393 3409 455 εἰς
3434 392 3496 446 τὸ
3522 387 3666 449 εἶναι

384 476 570 537 Patris
598 490 796 537 natura
829 491 1151 539 censeatur.
1186 482 1329 551 Quid
1359 484 1506 539 enim
1538 491 1854 538 creaturam
1892 482 1975 536 ul-

383 574 472 621 tra
501 568 572 623 ab
600 570 794 639 opilice
821 571 1225 643 distingueret,
1256 582 1353 627 aut
1387 573 1518 644 quid
1553 588 1815 644 separare
1849 586 1975 642 pos-

386 666 478 715 set
525 661 828 719 identitate
875 664 1203 720 substantia:
1252 675 1565 721 creaturam
1615 666 1686 720 ab
1733 663 1976 735 opilice?

383 749 523 805 Nam
551 752 607 807 si
648 753 882 824 gloriam
916 769 981 808 ac
1009 755 1303 819 virtutem,
1358 755 1592 826 ejusque
1645 754 1973 825 sapientiam

384 845 582 901 eodem
614 847 843 903 omnino
876 850 1041 903 modo
1072 864 1183 919 quo
1235 848 1380 904 Deus
1437 864 1503 904 ac
1554 848 1725 904 Pater
1779 848 1973 911 habet,

384 939 522 1011 quid
566 941 747 1009 majus
778 942 850 996 sit
878 942 933 996 in
965 942 1165 1009 Patre,
1202 952 1297 998 aut
1330 944 1465 1014 quid
1514 944 1637 1015 plus
1678 944 1977 999 habiturus

384 1047 550 1103 quam
573 1049 687 1089 -nos
737 1044 833 1089 aut
864 1043 1120 1091 creatura
1145 1076 1160 1101 ,
1198 1052 1298 1107 ego
1327 1037 1557 1108 quidem
1594 1037 1783 1091 dicere
1812 1051 1972 1107 pror-

384 1140 484 1180 sus
517 1141 734 1195 nequeo
758 1167 772 1191 ,
801 1128 896 1183 sed
928 1130 1016 1183 hic
1052 1131 1301 1187 haesuros
1333 1132 1501 1185 etiam
1533 1130 1661 1184 illos
1692 1130 1973 1201 suspicor.

384 1219 733 1290 Quapropter
766 1236 879 1275 non
910 1223 1163 1278 externis
1201 1222 1582 1294 dignitatibus
1611 1222 1785 1278 Filius
1815 1222 1977 1277 nobis

385 1311 453 1364 ad
480 1310 677 1366 Patris
721 1315 1100 1384 a-qnalitatem
1137 1315 1435 1379 formatur,
1488 1330 1671 1386 neque
1720 1315 1873 1370 velut
1922 1315 1976 1368 in

385 1405 573 1459 tabula
605 1409 864 1477 quapiam
898 1410 1043 1479 regis
1072 1412 1312 1480 speciem
1344 1425 1407 1465 ac
1441 1409 1676 1464 formam
1714 1410 1979 1463 mentitur

386 1499 505 1554 sola
541 1501 790 1554 colorum
823 1502 1093 1559 varietate
1129 1503 1390 1575 depictus
1412 1545 1426 1570 ,
1464 1503 1563 1559 sed
1603 1507 1896 1557 character
1923 1509 1979 1557 et

385 1589 571 1662 imago
600 1607 789 1647 revera
822 1596 1092 1664 genitoris
1121 1604 1225 1663 est,
1256 1597 1308 1649 in
1342 1596 1673 1666 propriisac
1709 1595 1978 1649 naturali-

2077 483 2432 556 παρενεχθὲν,
2496 483 2596 554 τὴν
2649 482 2800 537 θείαν
2848 482 3287 554 ἀπαραλλάκτως
3323 484 3554 558 φορέσαι
3582 484 3667 541 δύ-

2066 595 2265 649 ναμιν,
2301 577 2396 631 καὶ
2424 577 2633 646 σοφίαν,
2666 575 2809 647 ἔχειν
2832 575 2888 629 δέ
2916 575 3090 639 οὕτως
3110 576 3186 639 ώς
3214 576 3281 630 ἂν
3308 580 3480 631 νοοῖτο
3502 576 3667 648 τυχὸν

2076 672 2111 742 ἡ
2146 670 2267 723 θεία
2327 686 2388 722 τε
2438 669 2532 723 καὶ
2577 669 2816 740 ἀρρητος
2847 667 2943 721 τοῦ
2968 667 3105 723 Θεοῦ
3142 670 3359 740 Πατρὸς
3387 669 3572 739 φύσις.
3599 671 3667 725 Τί

2076 763 2187 835 γὰρ
2215 762 2281 817 ἂν
2310 762 2396 832 εἴη
2426 761 2488 814 τὸ
2516 760 2893 832 παραλλάττον
2921 760 3001 813 ἔτι
3037 761 3264 832 ποιητοῦ
3302 764 3397 815 καὶ
3419 763 3547 835 ποιή
3556 780 3665 832 μα-

2077 872 2200 921 τος;
2227 855 2260 925 ἢ
2292 855 2345 908 τί
2371 856 2431 907 τὸ
2461 852 2795 924 μεσολαϐοῦν
2824 853 2919 906 καὶ
2947 853 3201 922 διακόψαι
3234 855 3531 925 δυνάμενον
3563 855 3666 925 τῆς

2077 947 2408 1016 ταυτότητος
2436 946 2536 1016 τῆς
2563 948 2620 999 ἐν
2658 944 2820 1015 οὒσίᾳ
2846 945 3009 1014 φημὶ,
3040 944 3102 997 τὸ
3145 945 3369 1013 γεγονὸς
3416 946 3511 998 τοῦ
3542 946 3665 1000 κτί-

2081 1056 2274 1103 σαντος
2299 1056 2314 1105 ;
2347 1039 2411 1091 Εἰ
2438 1039 2569 1108 γὰρ
2602 1037 2739 1100 ὅλως
2767 1036 2880 1106 ἔχει
2899 1036 3000 1106 τήν
3032 1053 3091 1088 τε
3143 1035 3301 1099 δόξαν
3328 1037 3423 1090 καὶ
3446 1035 3543 1107 τὴν
3574 1034 3667 1089 δύ-

2078 1150 2268 1203 ναμιν,
2300 1131 2393 1184 καὶ
2412 1130 2509 1199 τὴν
2563 1130 2755 1197 σοφίαν
2782 1128 2969 1192 αὐτοῦ,
3011 1130 3152 1182 κατά
3186 1128 3278 1181 τὸν
3317 1130 3431 1181 ῐσον
3462 1128 3668 1199 τρόπον

2078 1226 2158 1296 τῷ
2185 1224 2305 1295 Θεῷ
2360 1224 2452 1277 καὶ
2507 1222 2702 1293 Πατρὶ,
2736 1222 2790 1275 τί
2820 1223 2881 1275 τὸ
2927 1222 3112 1293 μεῖζον
3149 1222 3207 1274 ἐν
3232 1221 3403 1292 αὐτῷ,
3438 1224 3489 1275 τί
3517 1222 3574 1275 δὲ
3606 1221 3668 1274 τὸ

2080 1317 2243 1370 πλέον
2272 1316 2384 1381 ἕξει
2424 1316 2552 1387 παρ’
2597 1314 2765 1385 ἡμᾶς,
2800 1314 2919 1383 ήτοι
2965 1313 3066 1383 τὴν
3089 1312 3289 1377 κτίσιν,
3315 1312 3424 1381 ἐγὼ
3460 1313 3560 1382 μὲν
3586 1314 3666 1366 εἰ-

2081 1409 2204 1461 πεῖν
2224 1408 2325 1459 οὐκ
2354 1405 2420 1459 ἂν
2459 1404 2640 1476 ἔχοιμι
2662 1403 2963 1467 παντελῶς,
2994 1403 3297 1474 ἀπορήσειν
3334 1403 3389 1456 δὲ
3419 1402 3668 1472 ὑπολαμ-

2076 1498 2232 1552 ϐάνω
2262 1497 2574 1560 κάκείνους..
2594 1492 2812 1547 Οὐκοῦν
2843 1495 2905 1547 ού
2938 1495 3051 1557 τοῖς
3079 1492 3280 1559 ἔξωθεν
3308 1492 3668 1563 ἀξιώμασινὸ

2083 1590 2210 1654 Υἱὸς
2238 1591 2369 1661 ἡμῖν
2402 1591 2481 1653 εἰς
2498 1589 2595 1660 τὴν
2615 1588 2712 1641 τοῦ
2747 1586 2964 1658 Πατρὸς
2994 1587 3214 1656 ἰσότητα
3248 1582 3665 1656 σχηματίζεται,

383 1682 491 1737 bus
508 1683 667 1740 bonis
687 1684 877 1741 vPatris
895 1696 1149 1741 naturam
1185 1689 1571 1745 manifestans.
1604 1688 1810 1744 Idcirco
1830 1689 1973 1743 enim

2084 1684 2180 1737 καί⁸
2216 1686 2278 1736 ού
2325 1679 2574 1751 καθάπερ
2620 1697 2705 1743 τις
2733 1680 2790 1732 ἐν
2822 1678 3051 1742 πίνακος
3071 1680 3280 1750 γραφῇ,
3324 1678 3512 1747 μόναις
3535 1679 3669 1748 ἡμῖν

384 1776 504 1830 lieri
537 1793 644 1831 non
681 1793 843 1846 posse
889 1779 968 1833 ait
1030 1788 1089 1834 ut
1122 1780 1345 1849 quidam
1382 1791 1691 1853 agnoscant
1726 1780 1971 1846 Patrem,

2083 1778 2205 1840 ταῖς
2240 1774 2349 1829 τῶν
2377 1773 2689 1845 χρωμάτων
2727 1771 2890 1835 ἰδέαις
2922 1771 3426 1836 καταποικίλλεται,
3445 1770 3546 1843 τὴν
3572 1768 3668 1825 τοῦ

385 1864 479 1928 qui
528 1880 619 1929 se,
665 1867 717 1921 id
752 1877 838 1922 est
872 1866 1092 1933 Filium,
1128 1886 1235 1925 non
1274 1878 1399 1925 ante
1427 1872 1807 1941 cognoverint.

2095 1866 2358 1938 βασιλέως
2401 1862 2769 1934 πλαττόμενός
2818 1878 2880 1916 τε
2933 1863 3029 1915 καὶ
3066 1860 3395 1931 ψευδόμενος
3429 1857 3668 1929 μορφὴν,

385 1958 504 2011 ἀλλ’
535 1957 652 2011 ἐστι
705 1962 994 2031 χαρακτὴρ
1023 1962 1118 2013 καὶ
1155 1962 1323 2016 εἰκὼν
1354 1963 1573 2033 ἀληθῶς
1640 1964 1734 2018 τοῦ
1802 1962 2053 2025 τεκόντος
2091 1960 2272 2024 αὐτὸν,
2313 1960 2372 2011 ἐν
2400 1958 2550 2022 ἰδίοις
2568 1958 2663 2011 καί
2694 1953 3175 2026 φυσικοῖςάγαθοίς
3206 1952 3304 2023 τὴν
3329 1950 3421 2005 τοῦ
3456 1950 3671 2020 Πατρὸς

385 2053 549 2121 φύσιν
606 2052 823 2122 ἐμφανῆ
882 2052 1170 2117 καθιστάς.
1226 2055 1324 2108 Διά
1366 2055 1528 2108 τοῦτο
1558 2055 1665 2128 γὰρ
1692 2056 1976 2126 ἀμήχανον
2010 2048 2152 2106 εἷναί
2183 2068 2348 2122 φησιν
2369 2050 2668 2118 ἐπιγνῶναι
2706 2066 2814 2102 τισι
2855 2047 2945 2101 τὸν
2983 2046 3226 2116 Πατέρα,
3298 2044 3420 2115 οὐχὶ
3478 2044 3671 2115 πρότε’

388 2160 480 2215 ρον
507 2144 875 2211 ἐπεγνωκόσιν
904 2145 1088 2210 αὑτὸν,
1117 2145 1259 2199 τοῦτ’
1286 2146 1422 2212 ἔστι,
1455 2150 1546 2202 τὸν
1582 2149 1727 2203 Υἰόν.

460 2234 596 2300 XIV,
632 2237 684 2290 1.
718 2234 792 2290 Et
848 2239 1040 2293 amodo
1076 2241 1405 2310 cognoscitis
1467 2258 1612 2307 eum,
1668 2250 1716 2295 et
1759 2239 1971 2295 vidistis

384 2344 525 2382 eum.

457 2418 650 2490 Opem
681 2420 919 2489 pretium
955 2431 1043 2477 est
1092 2421 1260 2492 hujus
1294 2437 1515 2494 quoque
1573 2424 1850 2478 sermonis
1884 2436 1976 2475 or-

385 2508 569 2567 dinem
604 2521 658 2567 et
688 2512 1027 2568 ineffabilem
1082 2514 1509 2584 dispositionem
1569 2514 1777 2569 mirari.
1812 2513 1975 2568 Post—

384 2622 553 2676 quam
606 2608 753 2662 enim
788 2607 966 2661 dixit:
1019 2626 1039 2660 ι
1078 2606 1141 2663 Si
1189 2608 1596 2675 cognovissetis
1647 2624 1754 2671 me,
1791 2616 1844 2663 et
1871 2608 1973 2661 Pa-

385 2708 527 2753 trem
568 2715 749 2753 meum
807 2700 998 2770 utique
1046 2701 1472 2771 cognovissetis,
1527 2720 1547 2753 ι
1604 2717 1731 2754 cum
1787 2716 1970 2755 rerum

385 2799 497 2845 tam
531 2792 973 2846 necessariarum
1020 2791 1390 2863 ignorantiam
1424 2792 1763 2862 exprobrare
1814 2792 1973 2847 disci-

385 2882 533 2953 pulis
567 2880 910 2945 crederetur,
953 2882 1257 2937 remedium
1291 2884 1477 2937 statim
1517 2882 1702 2936 attulit
1734 2882 1967 2937 dicens:

392 2993 413 3028 ι
452 2974 667 3029 Amodo
694 2975 1033 3045 cognoscitis
1061 2992 1208 3041 eum,
1242 2986 1295 3030 et
1338 2975 1556 3031 vidistis
1581 2991 1727 3030 eum.
1768 2994 1786 3027 ι
1832 2973 1967 3028 Nam

386 3067 517 3137 quia
578 3065 953 3122 Ecclesiarum
1021 3083 1119 3137 per
1170 3069 1491 3123 universum
1549 3067 1738 3121 orbem
1800 3067 1969 3121 futuri

2144 2231 2256 2286 Καὶ
2318 2231 2540 2300 ἁπάρτι
2605 2230 2931 2301 γινώσκετε
2972 2230 3179 2297 αὐτὸν,
3224 2230 3323 2285 καὶ
3368 2230 3669 2299 ἑωράκατε

2073 2326 2282 2379 αὐτόν.

2146 2416 2335 2484 ’Ἄξιον
2367 2410 2519 2487 οἶμαι
2547 2414 2851 2486 θαυμάσαι,
2907 2414 3003 2467 καὶ
3056 2412 3167 2486 [ἵσ.
3202 2414 3330 2487 κάν]
3365 2416 3540 2487 τούτῳ
3570 2416 3669 2488 τὴν

2072 2508 2300 2563 ἐνοῦσαν
2322 2508 2400 2579 τῷ
2451 2508 2595 2579 λόγῳ
2637 2507 2954 2579 διασκευὴν,
2982 2508 3075 2560 καὶ
3123 2508 3435 2579 ἀπόρρητον
3464 2510 3671 2562 οἰκονο-

2083 2604 2232 2675 μίαν.
2268 2602 2522 2674 Εἰρηκὼς
2548 2603 2676 2672 γὰρ,
2706 2602 2787 2655 ὅτι
2825 2620 2842 2652 ι
2885 2602 2948 2654 Εἰ
2999 2600 3293 2670 ἐγνώκειτέ
3327 2618 3419 2671 με,
3459 2602 3671 2656 καὶτὸν

2080 2696 2302 2767 Πατέρα
2365 2694 2431 2749 ἂν
2482 2694 2684 2767 ᾔδειτε,
2731 2713 2749 2744 ι
2795 2695 2890 2747 καὶ
2922 2694 3203 2764 νομισθεὶς
3252 2694 3507 2763 ἐγκαλεῖν
3556 2698 3670 2759 τοῖς

2084 2785 2354 2857 μαθηταῖς
2387 2784 2494 2837 τῶν
2528 2784 2702 2848 οὕτως
2742 2786 3060 2853 ἀναγκαίων
3107 2786 3207 2855 τὴν
3239 2785 3479 2854 ¹ἰγνοιαν,
3514 2786 3670 2841 τεθε⁴

2085 2879 2359 2949 ράπευκεν
2408 2876 2612 2939 εὐθύς·
2670 2896 2688 2927 ι
2739 2876 2996 2947 Ἀπάρτι,
3057 2876 3200 2945 λέγω
3255 2875 3369 2949 [γρ.
3427 2877 3669 2950 λέγων],

2079 2971 2375 3040 γινώσκετε
2410 2969 2593 3032 αὑτὸν,
2615 2968 2708 3021 καὶ
2737 2968 3019 3039 ἑωράκατε
3045 2969 3226 3023 αὐτόν.
3244 2989 3261 3021 ι
3310 2970 3531 3040 Ἐπειδὴ
3559 2972 3671 3042 γὰρ

2080 3060 2337 3131 ἐμελλλον
2364 3060 2472 3113 τῶν
2497 3058 2840 3127 ἁπανταχόσε
2870 3058 3139 3127 κειμένων
3170 3057 3504 3127 Ἐκκλησιῶν
3530 3060 3669 3125 ἡγε-

385 3166 545 3215 erant
574 3158 874 3228 praepositi,
909 3173 1035 3213 cum
1065 3158 1133 3213 ab
1155 3172 1222 3212 eo
1253 3157 1546 3213 audissent
1574 3155 1706 3211 illud
1737 3176 1749 3212 :
1778 3175 1797 3208 ι
1826 3155 1972 3210 Enn-

2083 3153 2241 3223 μόνες
2268 3151 2508 3213 ἔσεσθαι,
2534 3149 2664 3220 παρ’
2700 3148 2866 3202 αὐτοῦ
2897 3145 2989 3201 τοῦ
3019 3148 3271 3219 Σωτῆρος
3300 3148 3658 3213 ἀκούσαντες,

386 3255 472 3304 tes
501 3247 695 3305 docete
728 3263 921 3305 omnes
942 3257 1134 3319 gentes
1157 3247 1261 3313 ",i
1295 3248 1459 3313 hanc,
1498 3249 1719 3318 opinor,
1751 3247 1978 3319 potissi-

386 3357 539 3397 mum
567 3342 638 3396 ob
686 3356 937 3408 causam,
975 3356 1103 3396 cum
1140 3342 1351 3395 utiliter
1379 3341 1543 3411 772
1599 3341 1761 3412 prius
1790 3349 1978 3396 osten-

386 3434 584 3497 disset,
610 3446 672 3487 ac
708 3433 1021 3503 generalem
1047 3434 1116 3488 de
1143 3433 1404 3487 omnibus
1427 3431 1839 3501 quodammodo
1866 3447 1980 3487 ser-

389 3540 607 3580 monem
635 3523 879 3589 fecisset,
910 3540 1109 3594 nempe
1134 3524 1279 3594 quod
1312 3524 1359 3579 si
1383 3523 1509 3594 quis
1539 3532 1727 3578 nosset
1754 3521 1973 3589 Filium,

386 3623 441 3668 et
462 3628 586 3669 eum
621 3615 810 3684 utique
837 3630 902 3669 ex
939 3629 1052 3685 quo
1087 3622 1174 3670 est
1206 3613 1424 3668 Patrem
1455 3627 1523 3667 ac
1558 3612 1729 3668 Deum
1761 3616 1978 3686 agnitu-

386 3721 485 3762 rus
515 3706 608 3773 sit,
646 3708 762 3762 suis
796 3707 1086 3776 discipulis
1146 3705 1520 3775 cognitionem
1567 3706 1784 3773 tribuit,
1822 3707 1975 3761 utili-

389 3810 476 3855 ter
506 3800 751 3871 quidem,
803 3815 912 3854 non
950 3798 1020 3853 ad
1072 3798 1348 3869 gratiam:
1406 3813 1508 3853 nec
1562 3800 1709 3853 enim
1769 3799 1976 3869 aliquid

391 3888 519 3943 falsi
580 3902 815 3957 usquam
875 3887 1119 3952 dixerit;
1158 3884 1255 3941 sed
1310 3893 1370 3941 ut
1407 3886 1502 3955 qui
1555 3887 1737 3942 sciant
1792 3888 1977 3957 reipsa

391 3991 556 4051 atque
579 3987 940 4051 cognoscant.
974 3979 1105 4033 Illos
1128 3981 1277 4035 enim
1312 3978 1477 4033 etiam
1524 3978 1834 4034 credidisse
1869 3979 1976 4034 Do-

387 4074 602 4128 minum
632 4088 759 4128 vere
788 4088 913 4127 esse
954 4071 1049 4127 Dei
1078 4070 1301 4136 Filium,
1360 4087 1708 4142 nequaquam
1741 4072 1972 4126 dubium

388 4178 475 4226 est
502 4177 656 4224 recte
687 4165 1080 4222 sentientibus.
1117 4163 1335 4234 Alioqui
1361 4164 1642 4235 quomodo
1670 4164 1974 4218 Nathanael

389 4264 483 4318 ille
533 4260 781 4317 Israelita
826 4258 994 4314 simul
1035 4271 1101 4311 ac
1156 4258 1439 4312 audisset:
1479 4275 1497 4308 ι
1559 4257 1888 4327 Priusquam
1922 4265 1974 4312 te

387 4355 678 4424 Philippus
710 4358 956 4415 vocaret,
980 4364 1105 4405 cum
1129 4364 1283 4405 esses
1315 4350 1419 4405 sub
1444 4351 1575 4413 licu,
1608 4351 1717 4405 vidi
1752 4357 1838 4416 te;
1874 4370 1890 4401 ι
1912 4349 1975 4402 ii-

388 4445 476 4501 dei
512 4440 921 4498 confessionem
977 4438 1163 4493 statim
1201 4437 1412 4503 intulit,
1444 4436 1679 4491 dicens:
1719 4454 1737 4486 t
1774 4434 1969 4498 Rabbi,

2079 3244 2162 3308 τὸ,
2209 3262 2227 3295 t
2265 3242 2631 3314 Πορευθέντες
2684 3239 3066 3312 μαθητεύσατε
3122 3240 3301 3293 πάντα
3332 3239 3400 3293 τά
3451 3240 3605 3310 ἔθνη,
3646 3261 3664 3293 ι

2076 3336 2166 3390 διὰ
2193 3336 2421 3404 ταύτην,
2442 3334 2518 3396 ώς
2561 3326 2794 3403 ἐγῷμαι,
2826 3330 3064 3403 μάλιστα
3087 3330 3185 3401 τὴν
3217 3330 3393 3384 αἰτίαν
3421 3348 3673 3403 προαπο-

2076 3428 2257 3491 δείξας
2310 3425 2618 3497 χρησίμως,
2674 3424 2769 3477 καὶ
2818 3421 2997 3477 κοινὸν
3055 3421 3245 3492 ὥσπερ
3289 3423 3368 3484 εἰς
3422 3422 3673 3486 ἅπαντας

2078 3520 2445 3591 ποιησάμενος
2475 3518 2653 3586 λόγον,
2692 3517 2769 3581 ὡς
2801 3517 2951 3580 εἴτις
2978 3516 3143 3585 εἰδείη
3162 3515 3254 3568 τὸν
3285 3515 3431 3582 Υίὸν,
3462 3515 3674 3571 εἴσεται

2075 3613 2246 3684 δήπου
2278 3612 2498 3676 πάντως
2559 3611 2654 3663 καὶ
2692 3610 2783 3664 τὸν
2831 3609 2892 3675 ἐξ
2936 3604 3106 3681 οὗπερ
3156 3608 3275 3663 ἐστὶ
3322 3610 3545 3680 Πατέρα
3576 3610 3674 3663 καὶ

2076 3707 2229 3771 Θεὸν,
2260 3707 2630 3778 ἐπιμαρτυρεῖ
2690 3704 2978 3776 χρησίμως
3010 3707 3119 3767 τοῖς
3165 3703 3365 3759 ἐαυτοῦ
3398 3702 3673 3774 μαθηταῖς

2075 3798 2175 3870 τήν
2195 3797 2495 3864 ἐπίγνωσιν
2519 3796 2580 3847 ού
2610 3793 3021 3864 κεχαρισμένως
3047 3810 3059 3825 ·
3086 3793 3147 3845 οὐ
3178 3793 3287 3864 γὰρ
3319 3792 3386 3846 ἂν
3409 3791 3673 3861 φθέγξαι-

2075 3889 2137 3941 τό
2177 3906 2233 3941 τι
2285 3887 2394 3941 τῶν
2433 3886 2533 3940 οὐκ
2576 3884 2829 3956 ἀληθῶν·
2877 3885 2994 3937 ἀλλ’
3040 3884 3210 3949 ὅντως
3253 3885 3420 3939 εἰδόσι
3465 3902 3527 3937 τε
3571 3885 3672 3938 καὶ

2076 3979 2467 4049 ἐπεγνωκόσιν.
2501 3979 2623 4031 ’Ὀτι
2666 3978 2777 4047 γὰρ
2808 3976 2938 4029 Υἱὸν
2981 3975 3197 4047 ἀληθῶς
3245 3973 3384 4031 εἶναι
3410 3973 3506 4034 τοῦ
3529 3974 3668 4028 Θεοῦ

2074 4074 2168 4126 τὸν
2226 4072 2451 4144 Κύριον,
2507 4071 2604 4124 καὶ
2659 4068 3142 4135 πεπιστεύκεισαν,
3199 4067 3499 4139 οὐδαμόθεν
3546 4068 3668 4120 ἐστὶ

2075 4168 2187 4229 τοῖς
2223 4161 2607 4235 εὗ.φρονοῦσιν
2643 4161 2964 4233 ἀμφίϐολον.
3013 4162 3167 4215 Ἐπεὶ
3205 4162 3347 4215 κατά
3381 4161 3507 4214 τίνα
3542 4161 3669 4231 τρό-

2075 4275 2177 4313 πον
2200 4255 2494 4327 Ναθαναὴλ
2529 4257 2558 4307 ὁ
2603 4254 2944 4325 Ἰσραηλίτης
2975 4252 3220 4316 ἀκούσας
3242 4269 3257 4282 '
3290 4270 3309 4304 t
3345 4252 3461 4322 Πρὸ
3480 4251 3577 4306 τοῦ
3603 4268 3667 4305 σε

2072 4351 2346 4403 Φίλιππον
2367 4348 2619 4412 καλέσαι,
2677 4347 2809 4399 ὄντα
2849 4344 2955 4398 ὑπὸ
2984 4345 3084 4417 τήν
3128 4348 3300 4417 συκῆν
3345 4340 3485 4397 εἶδόν
3518 4361 3601 4409 σε,
3640 4362 3660 4395 ι

2077 4442 2421 4513 παραχρῆμα
2450 4440 2550 4510 τῆς
2573 4439 2810 4501 πίστεως
2852 4437 2953 4508 τὴν
2993 4436 3286 4507 ὁμολογίαν
3314 4437 3667 4507 εἰσκεκόμικε

391 4548 446 4593 ιιι
481 4553 542 4592 es
588 4535 761 4590 Filius
808 4533 925 4597 Dei,
976 4540 1032 4585 tu
1070 4545 1131 4585 es
1161 4546 1255 4584 rex
1287 4530 1455 4585 Israel
1478 4531 1549 4583 ⁷⁸.
1608 4548 1627 4581 ι
1661 4527 1971 4593 Quinetiam

2080 4534 2250 4601 λέγων
2270 4550 2283 4563 ο
2327 4552 2345 4583 ι
2393 4530 2608 4594 Ῥαὸϐὶ,
2640 4531 2705 4584 σὺ
2731 4525 2781 4583 εἰ
2804 4532 2832 4582 ό
2869 4529 2995 4592 Υἱὸς
3018 4528 3114 4581 τοῦ
3146 4527 3306 4591 θεοῦ,
3341 4530 3405 4581 σὺ
3433 4524 3482 4581 εἷ
3508 4530 3538 4580 ό
3568 4526 3669 4598 βα-

389 4627 628 4683 mirabili
657 4637 711 4681 et
729 4625 998 4679 inusitata
1025 4622 1240 4675 ratione
1272 4620 1410 4674 mari
1440 4627 1657 4689 pacato,
1691 4615 1970 4688 quomodo

390 4737 517 4777 cum
572 4720 879 4773 adorabant
914 4716 1006 4786 qui
1062 4716 1116 4769 in
1171 4713 1379 4783 scapha
1439 4718 1623 4775 erant,
1683 4710 1967 4764 dicentes:

395 4828 413 4860 ι
458 4806 601 4862 Vere
641 4805 815 4861 Filius
867 4805 961 4861 Dei
1009 4820 1070 4861 es
1092 4804 1161 4858 ⁷⁸.
1215 4823 1233 4855 ι
1288 4804 1369 4857 An
1422 4817 1555 4871 ergo
1599 4799 1969 4871 ignorantium

392 4900 574 4971 ipsum
605 4914 729 4953 esse
768 4897 958 4963 Deum,
990 4907 1044 4951 et
1078 4912 1142 4952 ex
1196 4894 1305 4949 Deo
1334 4893 1494 4949 Patre
1526 4894 1767 4964 genitum
1824 4892 1972 4946 hunc

391 5005 704 5047 sermonem
736 4990 1031 5060 quisquam
1068 5004 1195 5044 esse
1226 4988 1415 5042 dicet?
1446 4988 1517 5046 At
1553 4984 1829 5056 quomodo
1858 4998 1968 5037 non

391 5089 622 5142 insanus
657 5085 751 5140 ille
790 5080 1277 5155 deprehendetur?
1317 5079 1423 5146 Qui
1460 5080 1610 5134 circa
1649 5067 1832 5148 partes
1854 5076 1970 5132 Ca:-

392 5193 565 5234 sareae
602 5175 844 5246 Philippi
897 5173 1217 5243 interrogati
1268 5179 1397 5227 sunt
1442 5172 1514 5226 ab
1552 5172 1672 5240 ipso
1707 5168 1967 5223 Christo:

397 5288 417 5322 ι
450 5269 624 5337 Quem
653 5269 847 5323 dicunt
890 5268 1145 5320 homines
1172 5278 1298 5317 esse
1329 5260 1527 5315 Filium
1564 5260 1889 5324 hominis",
1946 5278 1966 5311 ι

391 5361 643 5432 nunquid
712 5360 952 5430 primum
1022 5357 1245 5427 quidem
1308 5354 1543 5408 aliorum
1618 5354 1971 5421 conjecturas

396 5451 769 5523 proferebant?
819 5451 926 5505 Alii
966 5451 1148 5513 enim,
1182 5447 1460 5518 inquiunt,
1499 5445 1673 5499 Eliam
1721 5458 1844 5499 esse
1872 5460 1971 5513 pu-

399 5552 539 5609 tant,
564 5544 655 5597 alii
680 5542 995 5607 Jeremiam,
1028 5550 1122 5595 aut
1149 5555 1318 5595 unum
1356 5555 1423 5595 ex
1456 5537 1761 5609 prephetis.
1795 5536 1971 5603 Quem

468 5724 514 5755 "
549 5722 745 5779 Matth.
778 5738 975 5789 uvnl,
1014 5726 1101 5783 l9.
1173 5728 1220 5759 ⁷⁸
1253 5725 1414 5783 Joan.
1459 5744 1516 5793 ι,
1557 5726 1647 5791 48,
1690 5724 1777 5779 49.
1855 5722 1902 5754 ⁷⁸
1939 5720 1973 5774 Μ

2080 5720 2128 5775 Ιι.
2175 5736 2287 5789 xw,
2316 5720 2402 5777 33.

2080 4622 2261 4686 σιλεὺς
2310 4620 2405 4675 τοῦ
2466 4620 2703 4692 Ἰσραήλ.
2750 4639 2768 4671 ι
2806 4620 2915 4674 Καὶ
2961 4622 3067 4690 μὴν
3134 4619 3230 4673 καὶ
3272 4619 3545 4690 θαλάσσης
3601 4636 3667 4671 τε

2078 4714 2394 4787 παραδόξως
2452 4713 2545 4766 καί
2569 4712 2853 4783 ἀσυνήθως
2901 4711 3377 4782 κατηυνασμένης,
3409 4711 3525 4774 πῶς
3563 4711 3667 4765 αὺ-

2076 4807 2167 4859 τὸν
2196 4804 2567 4875 προσεκύνουν
2603 4804 2651 4855 οἱ
2683 4804 2741 4855 ἐν
2772 4802 2850 4873 τῷ
2880 4802 3078 4871 σκάφει
3110 4802 3360 4869 λέγοντες
3382 4816 3394 4829 ·
3430 4820 3448 4852 ι
3503 4801 3669 4871 ’Δλη-

2081 4896 2187 4959 θῶς
2216 4896 2352 4949 Θεοῦ
2414 4895 2537 4957 Υἰὸς
2559 4891 2628 4948 εἷ.
2660 4913 2678 4945 ι
2707 4891 2833 4966 'Ap’
2888 4890 3002 4959 οὖν,
3033 4895 3133 4947 οὑκ
3188 4892 3407 4946 εἰδότων
3468 4894 3669 4963 ὅτιπερ

2080 4989 2318 5058 ὑπάρχοι
2350 4987 2502 5051 Θεὸς,
2532 4988 2625 5040 καὶ
2673 4989 2733 5040 ἐκ
2778 4987 2913 5040 Θεοῦ
2944 4987 3269 5056 γεγέννηται
3288 4985 3522 5056 Πατρὸς,
3550 4987 3672 5054 ἐρεῖ

2078 5097 2161 5142 τις
2188 5080 2249 5132 τὸ
2275 5081 2463 5150 ῥῆμα;
2527 5072 2660 5130 Εἶτα
2705 5078 2824 5140 πῶς
2882 5078 2980 5130 οὐκ
3013 5075 3330 5147 ἀμαθαίνων
3360 5078 3388 5129 ὁ
3422 5074 3670 5140 τοιοῦτος

2079 5170 2381 5235 ἀλώσεται;
2420 5170 2557 5235 Περὶ
2605 5170 2673 5222 τὰ
2708 5168 2849 5239 μέρη
2886 5169 2985 5239 τῆς
3021 5168 3290 5221 Φιλίππου
3324 5167 3669 5236 Καισαρείας

2080 5261 2210 5331 παρ’
2262 5259 2426 5313 αὐτοῦ
2476 5259 2876 5330 διερωτώμενοι
2928 5257 3022 5311 τοῦ
3068 5258 3327 5329 Χριστοῦ,
3370 5277 3388 5308 ι
3424 5258 3560 5312 Τίνα
3592 5274 3666 5329 με

2077 5352 2327 5420 λέγουσιν
2364 5352 2414 5405 οἰ
2440 5352 2717 5423 ἄνθρωποι
2750 5352 2843 5405 τὸν
2874 5351 2999 5403 Υἱὸν
3024 5351 3116 5403 τοῦ
3139 5350 3462 5422 ἀνθρώπου;
3491 5370 3507 5401 ι
3537 5348 3669 5422 οὐχὶ

2078 5444 2296 5515 πρῶτον
2329 5446 2426 5515 μὲν
2481 5444 2719 5512 ἔφασκον
2766 5442 2866 5506 τὰς
2916 5442 3119 5513 ἐτέρων
3154 5442 3533 5505 ύπονοίας;υἰ
3560 5440 3666 5511 μὲν

2079 5538 2211 5606 γάρ,
2246 5534 2639 5606 φησὶν,Ἠλίαν
2672 5528 2810 5586 εἶναι
2839 5533 3171 5602 νομίζουσιν,
3205 5531 3331 5586 οἰδὲ
3362 5528 3661 5601 Ἱερεμίαν,

2480 5720 2524 5751 ⁷⁷
2556 5716 2751 5773 Matth.
2788 5733 2900 5782 xw,
2925 5716 3011 5772 l5.
