3884 6208
1250 308 1319 363 IN
1355 306 1644 365 ‘JOANNIS
1678 302 2135 362 ‘EYANGELIUM
2172 303 2306 360 LIB.
2338 305 2433 360 lx.

212 314 331 372 *197
1250 312 1318 363 IN
1355 312 1644 365 ‘JOANNIS
1678 312 2135 362 EVANGELIUM
2172 312 2306 360 LIB.
2338 312 2433 360 IX.
3398 312 3505 370 198

225 429 261 499 ἢ
284 427 383 483 ἕνα
408 427 519 481 τῶν
543 425 860 499 προφητῶν.
886 422 1021 477 Τίνα
1042 423 1097 475 δὲ
1130 421 1381 491 λέγουσιν
1409 422 1565 474 αὐτοὶ
1586 420 1804 491 διαρρή-

1920 424 2102 472 autem
2125 432 2250 473 eum
2281 432 2408 473 esse
2438 416 2627 472 dicant
2680 419 2805 489 ipsi,
2871 428 3058 492 aperte
3094 424 3336 495 proﬁteri
3390 443 3502 484 non

223 521 326 593 δην
356 522 532 574 εἰπεῖν
583 519 644 571 οὐ
696 515 1126 587 παραιτούμενοι
1168 514 1236 568 δι’
1278 513 1395 578 ἐνὸς
1420 514 1469 567 οἱ
1490 515 1691 575 πάντες
1714 511 1804 564 τοῦ

1920 510 2108 573 veriti,
2160 525 2258 580 per
2310 526 2481 564 unum
2535 526 2729 567 omnes
2777 528 3014 584 eumque
3066 517 3502 583 praecellentem,

225 610 582 685 προῦχοντος,
640 609 849 677 Πέτρος
904 608 962 660 δὲ
1002 606 1163 669 αὐτὸς
1216 600 1307 677 ἦν.
1352 606 1452 658 οὐκ
1492 602 1804 665 ἐνδοιαστῶς

1916 600 2146 657 Petrum
2171 603 2460 669 nimirum,
2506 618 2615 657 non
2660 605 2978 661 dubitanter
3019 607 3318 664 dixerunt:
3359 629 3379 661 ι
3419 609 3505 667 Tu

222 704 437 773 ἔφασαν
461 719 475 732 ·
510 721 529 753 ‹
560 701 631 755 Σὺ
656 696 709 753 εἴ
740 703 769 754 ό
797 688 1031 770 Χριστὸς
1050 698 1079 750 ὁ
1105 697 1235 760 Υἱὸς
1265 696 1360 750 τοῦ
1388 696 1524 749 Θεοῦ
1550 695 1643 748 τοῦ
1684 693 1815 759 ζῶνο

219 814 337 860 τος.
377 816 395 849 ι
422 792 661 857 -Οὺκοῦν,
716 794 847 847 ὅταν
901 790 1037 865 λέγῃ
1070 789 1338 859 Χριστόςο
1378 807 1397 840 ι
1438 790 1500 842 Εί
1535 786 1813 857 ἐγνώκατέ

227 907 317 959 με,
339 889 543 942 καὶτὸν
585 885 805 954 Πατέρα
846 900 950 953 μου
976 882 1042 935 ἂν
1072 881 1273 953 ᾔδειτε,
1308 900 1327 933 ι
1367 880 1443 951 μὴ
1473 880 1691 944 πάντως
1717 880 1814 932 αῦ-

222 980 332 1040 τοίς
360 982 469 1041 τοῖς
498 978 771 1049 μαθηταῖς
796 974 1077 1045 ὑπολάϐῃς
1121 972 1373 1044 εἰρῆσθαι
1398 971 1459 1024 τὸ
1495 972 1666 1045 ῥῆμα,
1695 970 1810 1023 ἀλλ’

216 1071 348 1140 ὅρον
368 1069 559 1140 ῶσπερ
614 1068 735 1123 τινὰ
778 1066 993 1137 γενικὸν
1029 1067 1141 1128 τοῖς
1175 1064 1519 1135 ἁπανταχόσε
1552 1064 1809 1129 ποιεῖται,

216 1160 286 1214 τὸ
309 1160 417 1213 τῶν
449 1161 620 1228 ἁγίων
647 1159 962 1214 ἀποστόλων
1007 1157 1299 1230 πρόσωπον
1323 1155 1613 1227 παραθείς.
1658 1155 1811 1209 Ἐπι-

217 1254 382 1325 τήρει
414 1253 523 1325 γὰρ
546 1253 693 1315 ὅπως
726 1252 1033 1322 εὑρήσομεν
1070 1250 1171 1303 οὐκ
1198 1250 1537 1319 ἠγνοηκότας
1578 1249 1810 1313 αὐτοὺς,

212 1346 305 1399 ὃτι
324 1346 458 1410 Θεός
494 1344 553 1399 τέ
584 1345 724 1409 ἐστι,
746 1344 842 1397 καὶ
879 1342 1007 1405 Υίὺς
1043 1343 1138 1394 τοῦ
1164 1341 1324 1394 Θεοῦ.
1370 1340 1511 1393 Ἀλλ’
1535 1339 1654 1394 ὁδὸν
1680 1342 1810 1394 ἐαυ-

218 1439 313 1492 τδν
350 1433 489 1492 εἶναι
536 1438 810 1507 φήσαντος
850 1433 946 1489 τοῦ
977 1435 1146 1496 Θεοῦ,
1182 1434 1244 1487 τὸ
1282 1434 1699 1504 αἰνιγματωδῶς
1732 1434 1811 1486 εί-

221 1531 423 1603 ρῆσθαι
451 1530 641 1585 δοκοῦν
691 1530 754 1584 οῦ
784 1530 992 1600 σφόδρα
1044 1528 1310 1599 συνῆκαν,
1356 1528 1451 1581 καὶ
1484 1528 1616 1598 περὶ
1650 1526 1812 1580 τοῦτο

206 1624 386 1693 ,μόνον
407 1622 590 1685 αὐτοῖς
648 1622 713 1675 τὸ
760 1622 860 1691 τῆς
897 1620 1123 1689 ἀγνοίας
1148 1618 1380 1688 αἰτίαμα
1411 1619 1685 1688 στήσεται.
1712 1617 1811 1669 Διά

1920 708 1981 750 es
2031 695 2288 750 Christus
2336 692 2509 751 Filius
2555 694 2647 751 Dei
2687 697 2923 754 viventis
2943 699 3013 754 ⁷⁸.
3048 718 3066 749 ι
3117 701 3330 770 itaque,
3376 716 3503 757 cum

1920 786 2058 840 dixit
2089 787 2388 843 Christus:
2442 806 2459 839 ι
2499 786 2558 842 Si
2613 790 3016 860 cognovissetis
3048 806 3157 856 me,
3193 800 3249 846 et
3284 791 3505 862 Patrem

1920 893 2103 932 meum
2133 879 2562 944 cognovissetis,
2605 899 2623 932 ι
2667 880 2879 935 dictum
2930 881 2985 936 id
3028 897 3155 938 esse
3208 885 3504 955 discipulis

1921 965 2026 1035 ipsi
2066 970 2291 1021 omnino
2321 976 2519 1037 putare
2544 970 2677 1034 noli,
2702 971 2795 1027 Sed
2824 971 2879 1025 in
2907 972 3160 1041 personis
3182 984 3505 1030 sanctorum

1922 1060 2299 1127 apostolorum
2358 1062 2693 1132 generaliter
2725 1062 2778 1117 id
2824 1065 3086 1120 omnibus
3124 1065 3337 1121 dictum
3381 1069 3503 1123 exi-

1921 1152 2104 1207 stima.
2130 1152 2369 1209 Adverte
2398 1154 2542 1209 enim
2565 1170 2661 1210 eos
2694 1171 2800 1210 non
2839 1157 3124 1229 ignorasse
3155 1160 3323 1215 Deum
3359 1177 3502 1227 esse,

1923 1240 2129 1312 Deique
2154 1241 2379 1300 Filium.
2414 1245 2519 1300 Sed
2564 1260 2689 1300 cum
2726 1246 2871 1302 Deus
2920 1251 3161 1320 seipsum
3194 1254 3338 1307 viam
3378 1270 3505 1309 esse

1921 1331 2145 1398 dixerit,
2190 1336 2335 1404 quod
2377 1338 2720 1407 aanigmatice
2755 1339 2980 1410 dignum
3021 1344 3316 1399 videbatur
3356 1346 3505 1401 haud

1923 1426 2153 1480 multum
2182 1428 2587 1497 intellexerunt,
2629 1440 2683 1487 et
2725 1433 2778 1486 in
2825 1434 2931 1488 hoc
2971 1436 3090 1490 solo
3114 1452 3305 1493 eorum
3346 1439 3503 1509 igno-

1926 1518 2068 1573 ratio
2119 1532 2396 1576 versatur.
2467 1521 2680 1578 Idcirco
2751 1527 2896 1580 enim
2967 1540 3256 1599 postquam
3312 1533 3504 1600 paucis

1921 1611 2165 1666 ostendit
2231 1629 2588 1684 nequaquam
2652 1626 3015 1687 percepturos
3067 1621 3216 1691 quod
3276 1622 3504 1694 oblique

218 1714 333 1785 γάρ
359 1730 441 1766 τοι
465 1712 625 1766 τοῦτο
659 1712 942 1780 διελέγξας
986 1712 1043 1764 ἐν
1066 1710 1289 1777 ὀλίγοις,
1308 1708 1382 1771 ὡς
1410 1708 1470 1760 οὐ
1487 1706 1804 1777 δυνήσονται

1920 1698 2128 1755 dictum
2154 1703 2224 1758 sit
2255 1705 2359 1769 eis,
2389 1706 2589 1762 deinde
2640 1710 2969 1778 generaliter
3009 1711 3063 1765 id
3117 1714 3373 1769 omnibus
3410 1715 3503 1769 di-

221 1804 466 1859 συνιέναι
486 1805 547 1857 τὸ
608 1802 856 1872 πλαγίως
900 1796 1190 1873 εἰρημένον
1236 1798 1441 1861 αὐτοῖς,
1482 1791 1601 1849 εἶτα
1634 1796 1811 1849 κοινὸν

214 1897 397 1951 ἅπασι
431 1894 655 1968 προθεὶς
679 1893 929 1948 ἐντεῦθεν
963 1893 1143 1961 λόγον,
1176 1889 1394 1956 διδάξας
1416 1906 1474 1942 τε
1495 1887 1703 1956 σαφῶς,
1738 1887 1814 1951 ὼς

218 1992 319 2044 καὶ
343 1989 505 2043 αὑτὸν
527 1990 637 2063 [ιον.
668 1984 855 2060 αὐτὸς]
886 1987 1295 2057 ζημιωθήσεται
1338 1986 1439 2057 τὴν
1468 1988 1549 2049 εἰς
1580 1984 1671 2038 τὸν
1697 1986 1812 2037 Πα-

210 2082 358 2153 τέρα
379 2081 605 2151 γνῶσιν,
632 2081 692 2145 ὃς
708 2082 777 2136 ἂν
797 2081 1045 2153 ἀγνοήσῃ
1066 2079 1158 2133 τὸν
1194 2078 1344 2145 Υἱὸν,
1368 2078 1444 2141 ώς
1481 2078 1580 2150 ήδη
1609 2078 1812 2148 διωμο-

216 2175 481 2247 λογηκόσι
509 2175 609 2245 τὴν
636 2174 820 2227 πίστιν
848 2175 958 2236 τοῖς
981 2171 1269 2243 μαθηταῖς,
1304 2170 1531 2235 εἰκότως
1554 2172 1651 2243 τὴν
1672 2170 1813 2240 γνῶ-

220 2282 309 2319 σιν
339 2268 709 2338 ἐπιμαρτυρεῖ
730 2265 905 2334 λέγων
930 2282 942 2295 ·
982 2284 1001 2316 ι
1052 2264 1598 2335 Ἀπάρτιγινώσκετε
1622 2265 1808 2330 αὑτὸν,

206 2359 315 2411 οισί
345 2359 631 2430 ἑωράκατε
661 2358 842 2412 αὐτόν.
883 2376 902 2409 ι
935 2357 1007 2410 Τὸ
1044 2356 1099 2410 δὲ
1142 2357 1356 2425 ἁπάρτι
1393 2358 1547 2427 φησί,
1581 2358 1700 2427 οὐχὶ
1720 2358 1812 2428 δή·

218 2467 326 2503 που
359 2450 579 2514 πάντως
626 2449 689 2515 ἐξ
736 2447 953 2519 ἐκείνης
974 2448 1071 2516 τῆς
1097 2442 1272 2518 ὥρας,
1295 2448 1413 2518 ἢτοι
1443 2447 1541 2517 τῆς
1569 2447 1807 2517 ἡμέρας,

210 2541 345 2595 καθ’
374 2541 556 2613 ἤνπερ
604 2540 791 2604 αὐτοῖς
816 2540 945 2603 τοὺς
970 2540 1097 2609 περὶ
1126 2539 1235 2592 τῶν
1271 2537 1531 2591 τοιούτων
1574 2538 1810 2591 ἐποιεῖτο

218 2634 444 2702 λόγους·
492 2633 552 2685 τὸ
597 2632 653 2686 δὲ
679 2631 899 2700 ἀπάρτι
964 2631 1162 2701 φησὶν,
1226 2626 1676 2701 ἀντιπαρεξάγων
1731 2631 1811 2701 τῷ

218 2724 457 2794 ἀρχαίῳ,
483 2723 578 2777 καὶ
596 2721 819 2795 πρώτῳ,
844 2722 936 2775 τὸν
972 2722 1246 2793 ἀρτιφανῆ
1295 2722 1391 2775 καὶ
1418 2722 1537 2775 νέον
1577 2722 1677 2790 τῆς
1706 2721 1808 2775 αὑ-

207 2814 315 2867 ’τοῦ
347 2812 652 2883 παρουσίας
704 2812 918 2883 καιρὸν,
974 2812 1096 2866 καθ’
1129 2812 1188 2865 ὃν
1210 2811 1569 2883 λαμπροτέρα
1616 2812 1808 2879 γέγονε

213 2908 330 2970 τοῖς
368 2905 511 2959 κατά
574 2906 755 2958 πᾶσαν
805 2905 905 2975 τὴν
957 2904 1370 2975 οἰκουμένην,ὴ
1413 2905 1542 2973 περὶ
1596 2904 1809 2976 [ἰατρὸς

212 2996 420 3065 γνῶσις
441 2995 528 3049 διά
561 2996 657 3049 τοῦ
694 2994 846 3048 Υἰοῦ.
906 2995 1007 3048 Διά
1056 2997 1165 3066 γάρ
1202 3013 1285 3048 τοι
1319 2994 1498 3059 τοῦτο,
1532 2997 1625 3049 καὶ
1646 2998 1704 3048 ἐν
1727 2996 1808 3067 βί-

1919 1804 2067 1847 ctum
2096 1796 2448 1866 signiﬁcavit,
2483 1813 2548 1853 ac
2581 1800 2872 1856 manifeste
2894 1802 3084 1859 docuit
3118 1806 3299 1876 ipsum
3322 1807 3503 1864 Patris

1916 1888 2231 1959 cognitione
2280 1892 2537 1946 orbatum
2594 1893 2663 1948 iri
2702 1894 2797 1965 qui
2856 1894 3055 1950 Filium
3121 1899 3499 1968 ignoraverit,

1916 1979 2081 2047 quasi
2114 1978 2229 2048 jam
2270 1980 2430 2035 ﬁdem
2481 1982 2751 2051 professus
2798 1984 3089 2055 discipulis
3123 1989 3500 2058 cognitionem

1914 2070 2169 2125 attribuit
2217 2071 2450 2127 dicens:
2514 2092 2533 2124 ι
2590 2074 2803 2129 Amodo
2854 2079 3192 2147 cognoscitis
3228 2096 3391 2146 eum,
3446 2088 3504 2137 et

1915 2161 2134 2217 vidistis
2165 2177 2312 2217 eum.
2348 2183 2367 2215 ι
2397 2165 2603 2219 Amodo
2638 2178 2817 2221 autem
2860 2166 3018 2233 dicit,
3057 2185 3166 2224 non
3200 2172 3393 2242 utique
3433 2188 3502 2227 ex

1917 2253 2008 2306 illa
2046 2253 2204 2317 hora,
2237 2254 2353 2310 sive
2380 2255 2468 2310 die
2497 2272 2606 2327 qua
2634 2257 2701 2312 de
2739 2259 2824 2314 his
2871 2260 2935 2315 ad
2979 2275 3075 2315 eos
3125 2264 3291 2317 verba
3341 2262 3496 2331 fecit,

1917 2348 2010 2403 sed
2062 2348 2224 2419 773
2275 2350 2466 2403 amodo
2502 2353 2600 2416 ait,
2644 2367 2930 2423 apponens
2987 2358 3161 2411 veteri
3212 2374 3277 2414 ac
3320 2361 3501 2430 primo

1914 2455 2110 2494 recens
2133 2456 2197 2495 ac
2218 2458 2420 2496 novum
2447 2444 2567 2513 ejus
2593 2446 2868 2502 adventus
2895 2458 3133 2520 tempus,
3171 2467 3283 2522 quo
3317 2454 3499 2507 mani-

1914 2529 2109 2586 festior
2134 2532 2237 2586 fuit
2265 2549 2363 2603 per
2400 2534 2720 2592 universum
2769 2546 3043 2595 terrarum
3088 2542 3282 2597 orbem
3319 2544 3500 2600 Patris

1913 2626 2153 2695 cognitio
2190 2642 2285 2696 per
2314 2625 2535 2683 Filium.
2570 2628 2786 2685 Idcirco
2807 2632 2955 2687 enim
2992 2642 3046 2688 et
3087 2635 3141 2688 in
3182 2635 3322 2691 libro
3349 2637 3502 2691 Psal-

1913 2732 2126 2771 morum
2152 2728 2411 2788 tanquam
2429 2718 2502 2774 ad
2536 2717 2705 2775 Deum
2742 2729 2797 2777 et
2831 2722 3049 2781 Patrem
3089 2726 3206 2780 ait:
3238 2745 3256 2779 ι
3296 2727 3492 2782 Miriﬁ-

1911 2815 2036 2862 cata
2074 2816 2159 2863 est
2211 2809 2440 2864 scicntia
2476 2816 2571 2863 tua
2614 2825 2681 2864 ex
2732 2812 2911 2869 me".
2971 2834 2991 2868 ι
3052 2815 3250 2871 Filium
3297 2819 3501 2890 quippe

1915 2900 2199 2955 miraculis
2247 2916 2469 2957 omnem
2518 2903 2831 2958 orationem
2877 2906 3273 2963 excedentibus
3311 2910 3498 2979 splen-

1912 2992 2131 3048 dentem
2171 2995 2506 3063 conspicati,
2543 3002 2598 3049 et
2647 3012 2771 3050 eum
2808 3007 3086 3068 potestate
3142 3000 3256 3057 Deo
3292 3018 3499 3059 conve-

212 3086 330 3159 ὅλῳ
370 3086 640 3157 Ψαλμῶν,
697 3084 774 3150 ὡς
825 3086 962 3157 πρὸς
1008 3085 1141 3138 Θεὸν
1189 3085 1285 3140 καὶ
1328 3087 1548 3157 Πατέρα
1603 3086 1803 3157 φησίν·

1916 3086 2090 3139 nienti
2122 3084 2284 3141 facile
2322 3087 2699 3158 quodcunque
2747 3089 2911 3146 vellet
2956 3090 3274 3160 facientem,
3316 3095 3497 3151 mirati

206 3199 239 3233 ν(
293 3176 725 3249 Ἐθαυμαστώθη
773 3179 807 3249 ὴ
854 3176 1056 3247 γνῶσίς
1112 3194 1204 3230 σου
1237 3178 1295 3244 ἐξ
1334 3177 1491 3248 ἐμοῦ.
1528 3198 1547 3231 ι
1599 3179 1803 3250 Ἑώρα-

206 3272 371 3335 κότες
399 3272 510 3343 γὰρ
548 3274 661 3337 τοῖς
707 3271 849 3341 ὑπὲρ
889 3269 1047 3339 λόγον
1106 3268 1644 3340 θαυματουργὴμασι
1686 3269 1803 3323 δια-

213 3365 497 3436 πρέποντα
541 3364 637 3419 τὸν
686 3364 838 3428 Υἰὸν,
865 3364 960 3417 καὶ
1010 3361 1151 3432 μετὰ
1191 3360 1531 3432 θεοπρεποῦς
1554 3360 1803 3426 ἐξουσίας

213 3455 596 3526 κατορθοῦντα
648 3455 848 3525 ῥᾳδίως
875 3455 1011 3525 ὅπερ
1063 3452 1130 3507 ἂν
1168 3452 1432 3523 βούλοιτο,
1460 3451 1805 3521 τεθαυμάκα·

215 3565 321 3602 usu
357 3546 606 3600 ἐντεῦθεν
641 3546 741 3618 τὴν
793 3545 889 3598 τοῦ
954 3544 1170 3616 Πατρὸς
1209 3544 1433 3613 γνῶσιν,
1460 3545 1561 3614 οὐχ
1600 3544 1801 3615 ἑτέρως

206 3638 444 3709 ἔχουσαν
470 3637 783 3702 ἐννοοῦντες
826 3637 1017 3709 αὐτὴν,
1054 3637 1087 3708 ἢ
1136 3635 1324 3707 ῶσπερ
1367 3636 1515 3689 ἐστὶν
1547 3637 1580 3707 ἡ
1618 3636 1711 3690 τοῦ
1742 3636 1803 3702 ἐξ

208 3730 378 3785 αὑτοῦ
404 3730 759 3801 προελθόντος
774 3728 926 3784 Υίοῦ.
951 3749 970 3781 ε
1013 3728 1243 3801 Ἀπάρτι
1284 3727 1463 3782 τοίνυν
1502 3728 1800 3798 γινώσκετε

211 3822 398 3886 αὑτὸν,
428 3823 523 3875 καὶ
555 3822 837 3893 ἑωράκατε
899 3822 1083 3877 αὐτόν.
1117 3840 1136 3873 ι
1190 3820 1542 3891 Ἐγνώκαμεν
1597 3820 1706 3892 γὰρ
1742 3823 1800 3874 ἐν

210 3913 351 3984 Υἰῷ,
386 3914 638 3986 καθάπερ
686 3914 823 3986 ἔφην
877 3915 1101 3985 ἀρτίως,
1156 3914 1242 3977 τίς
1290 3916 1319 3967 ὁ
1379 3914 1590 3983 Πατὴρ,
1623 3915 1719 3967 καὶ
1738 3914 1798 3967 οὐ

214 4008 376 4076 μόνον
436 4005 869 4076 ἐπεγνώκαμεν,
925 4006 1063 4061 ἀλλά
1122 4006 1215 4059 καὶ
1244 4004 1629 4073 ἐθεασάμεθα,
1681 4006 1800 4075 ἦτοι

210 4096 560 4168 ἑωράκαμεν.
605 4098 672 4150 Ἠ
727 4096 829 4167 μὲν
881 4098 990 4168 γὰρ
1027 4096 1227 4166 γνῶσις
1268 4094 1366 4166 τὴν
1414 4095 1502 4148 διά
1548 4095 1657 4147 τῶν
1716 4096 1799 4147 ἐν·

209 4190 370 4245 νοιῶν
401 4190 630 4262 θεωρίαν
658 4191 932 4262 ὑποδηλοῖ,
960 4191 1027 4261 ἢν
1064 4190 1128 4243 ἄν
1161 4208 1247 4254 τις
1285 4188 1438 4243 λὰσοι
1469 4190 1632 4261 τυχὸν
1671 4191 1801 4262 περὶ

206 4284 311 4354 τῆς
362 4282 515 4347 θείας
555 4301 615 4337 τε
651 4284 745 4338 καὶ
793 4284 1033 4355 ἀρρήτου
1086 4282 1323 4351 φύσεως,
1374 4285 1473 4355 τῆς
1517 4286 1610 4338 ἐπὶ
1658 4285 1799 4339 πάν-

206 4396 310 4442 τας
350 4380 515 4449 φημὶ,
547 4380 643 4433 καὶ
670 4377 759 4432 διὰ
802 4377 1042 4439 πάντων,
1078 4375 1173 4429 καὶ
1204 4377 1264 4428 ἐν
1298 4376 1453 4429 πᾶσι.
1482 4377 1557 4429 Τό
1585 4393 1649 4444 γε
1690 4378 1799 4448 μὴν

1912 3192 2108 3232 smnus
2134 3177 2263 3232 hinc
2302 3176 2487 3233 Patris
2520 3180 2897 3250 cognitionem
2938 3184 3105 3240 aliter
3149 3200 3270 3240 eam
3296 3202 3356 3242 se
3385 3202 3498 3243 non

1910 3269 2114 3326 habere
2146 3279 2424 3340 putantes,
2457 3288 2622 3343 quam
2657 3274 2936 3345 quomodo
2965 3292 3027 3331 se
3062 3278 3227 3333 habet
3254 3280 3500 3350 cognitio

1908 3362 2264 3431 procedentis
2286 3379 2353 3418 ex
2388 3363 2508 3434 ipso
2553 3362 2697 3421 Filii.
2738 3385 2757 3418 ι
2818 3368 3034 3424 Amodo
3069 3369 3238 3441 igitur
3289 3388 3498 3445 cogno-

1910 3454 2067 3510 scitis
2097 3470 2246 3523 eum,
2278 3464 2333 3511 et
2361 3458 2584 3513 vidistis
2612 3473 2761 3515 eum.
2812 3479 2831 3512 ι
2864 3459 3210 3529 Agnovimus
3243 3466 3387 3520 enim
3438 3467 3496 3521 in

1907 3544 2073 3611 Filio,
2107 3556 2167 3601 ut
2196 3565 2347 3604 nunc
2384 3551 2625 3615 aiebam,
2655 3552 2783 3623 quis
2809 3554 2869 3607 ﬁt
2899 3552 3083 3618 Pater,
3113 3572 3292 3628 neque
3316 3558 3495 3614 solum

1908 3638 2260 3709 agnovimus.
2298 3641 2395 3696 sed
2445 3650 2500 3698 et
2538 3645 2899 3715 contemplati
2946 3661 3162 3712 sumus,
3214 3662 3311 3704 seu
3350 3649 3495 3704 vidi-

1908 3748 2053 3789 mus.
2099 3733 2336 3806 Cognito
2394 3736 2542 3790 enim
2589 3736 2909 3794 intellectus
2967 3741 3493 3812 contemplationem

1908 3825 2206 3895 signiﬁcat,
2248 3842 2419 3897 quam
2450 3828 2517 3883 de
2544 3828 2732 3883 divina
2762 3838 2816 3886 et
2838 3830 3108 3888 ineffabili
3136 3841 3337 3889 natura
3364 3836 3495 3906 quis

1908 3916 2099 3973 forsan
2129 3919 2355 3987 ceperit,
2394 3934 2517 3989 qua:
2544 3934 2712 3991 supra
2737 3937 2951 3989 omnes,
2979 3930 3035 3978 et
3066 3938 3163 3995 per
3196 3941 3409 3993 omnes,
3440 3938 3496 3983 et

1907 4010 1963 4063 in
1988 4008 2248 4064 omnibus
2277 4022 2381 4066 est.
2418 4010 2632 4067 Vidisse
2660 4027 2827 4082 porro
2881 4023 3087 4070 certam
3125 4016 3286 4072 ﬁdem
3320 4018 3493 4073 mira-

1905 4099 2048 4154 culis
2079 4097 2281 4154 factam
2318 4100 2623 4169 signiﬁcat.
2646 4101 2769 4157 Non
2790 4104 2937 4159 enim
2962 4107 3139 4161 solum
3162 4109 3494 4178 agnovimus

1904 4189 2124 4248 Patrem
2184 4193 2352 4248 vitam
2414 4209 2539 4250 esse
2589 4196 2896 4252 secundum
2947 4207 3231 4264 naturam,
3285 4216 3389 4257 nec
3434 4202 3492 4257 in

1906 4285 2073 4339 nudis
2102 4300 2166 4339 ac
2192 4286 2359 4341 meris
2385 4286 2821 4357 cogitationibus
2843 4290 3009 4347 istius
3038 4293 3116 4347 rei
3156 4293 3408 4347 notitiam
3434 4295 3489 4349 in

1906 4375 2070 4431 nobis
2103 4376 2433 4433 habuimus:
2470 4379 2525 4433 in
2558 4377 2698 4434 Filio
2723 4381 2818 4450 qui
2849 4382 3093 4437 viviﬁcat
3125 4394 3398 4452 mortuos,
3438 4399 3495 4442 et

212 4475 363 4538 ἰδεῖν,
390 4475 490 4544 τὴν
535 4473 625 4527 διά
676 4472 786 4525 τῶν
822 4469 1358 4543 τερατουργημάτων
1419 4469 1795 4543 πληροφορίαν

1911 4469 1973 4523 ad
2003 4484 2129 4526 esse
2152 4479 2448 4541 corruptos
2479 4470 2665 4528 denuo
2690 4474 2929 4541 reducit,
2963 4491 3073 4532 non
3106 4478 3287 4532 solum
3322 4493 3494 4549 agno-

210 4567 490 4637 σημαίνει.
522 4566 598 4622 Οὐ
644 4566 753 4637 γὰρ
801 4565 963 4636 μόνον
1010 4562 1333 4633 ἐγνώκαμεν
1383 4563 1465 4616 ὅτι
1508 4563 1623 4634 ζωὴ
1660 4564 1804 4618 κατὰ

208 4660 373 4731 φύσιν
404 4659 550 4712 ἐστὶν
574 4656 829 4729 ὁΠατὴρ,
868 4654 992 4709 οὐδὲ
1043 4656 1102 4707 ἐν
1131 4653 1317 4722 ψιλαῖς
1366 4654 1461 4706 καὶ
1502 4654 1692 4723 μόναις
1714 4656 1801 4707 ἐν·

205 4754 381 4816 νοίαις
434 4752 533 4822 τὴν
556 4750 651 4803 τοῦ
708 4751 1034 4821 πράγματος
1078 4748 1282 4818 εἴδησιν
1308 4747 1366 4799 ἐν
1398 4748 1609 4810 ἑαυτοῖς
1640 4748 1803 4818 ἐσχή-

205 4864 390 4917 καμεν
414 4863 428 4877 ·
457 4846 516 4899 ὲν
580 4843 695 4915 Υἱῷ
753 4840 1252 4907 ξωοποιοῦντιτοὺς
1304 4839 1554 4910 νεκροὺς,
1588 4839 1683 4893 καὶ
1722 4842 1802 4903 εἰς

203 4943 267 4995 τὸ
292 4939 431 4994 εἶναι
482 4939 646 4993 πάλιν
698 4936 1086 5006 ἀνακομίζοντι
1130 4934 1255 4997 τοὺς
1286 4931 1792 5003 κατεφθαρμένους,

203 5036 268 5087 οὐ
303 5033 464 5104 μόνον
485 5032 825 5101 ἐγνώκαμεν,
871 5029 953 5081 ὅτι
1002 5028 1183 5081 πᾶσαν
1215 5026 1321 5078 ὑπὸ
1359 5026 1525 5088 πόδας
1559 5024 1671 5095 ἔχει
1696 5024 1795 5095 τὴν

205 5127 387 5181 κτίσιν
426 5127 454 5178 ό
485 5124 618 5188 Θεὸς
665 5124 761 5176 καὶ
806 5121 1020 5191 Πατὴρ,
1074 5119 1305 5173 καὶτῶν
1333 5120 1462 5189 παρ’
1493 5117 1659 5170 αὑτοῦ
1699 5134 1795 5185 γε-

204 5220 445 5289 γονότων
510 5215 927 5282 κατεξουσιάζει
983 5211 1303 5285 βασιλικῶς,
1374 5211 1450 5275 ὼς
1495 5210 1673 5263 πάντα
1724 5210 1794 5264 τὰ

204 5314 349 5386 ἔργα
375 5310 615 5365 σείεσθαί
660 5327 720 5363 τε
764 5309 831 5362 δι’
867 5307 1051 5371 αὐτὸν,
1084 5305 1179 5359 καὶ
1218 5304 1468 5375 τρέμειν,
1510 5304 1650 5357 κατὰ
1699 5319 1793 5371 γε-

206 5406 528 5481 γραμμένον
555 5423 568 5436 ’
604 5404 717 5459 ἀλλ’
748 5401 962 5474 εἴδομεν
1005 5401 1134 5454 ὄντα
1160 5396 1402 5452 τοιοῦτον
1440 5397 1533 5450 καὶ
1565 5398 1623 5450 ἐν
1656 5396 1790 5467 Υἱῷ,

204 5498 297 5550 ὅτε
319 5496 561 5568 θαλάττῃ
610 5494 707 5548 καὶ
748 5492 1056 5562 πνεύμασιν
1080 5487 1375 5558 ἐπιτιμῶν,
1410 5487 1548 5558 μετὰ
1592 5487 1794 5559 πολλῆς

204 5588 313 5658 ἔφη
337 5588 437 5657 τῆς
460 5584 729 5653 ἐξουσίας·
760 5604 778 5636 ι
806 5582 1018 5646 Σιώπα,
1043 5579 1353 5650 πεφίμωσο.
1382 5596 1400 5630 ι
1441 5578 1657 5648 Ἐπειδὴ
1685 5578 1796 5630 τοί-

1900 4563 2083 4617 vimus
2116 4560 2286 4617 Deum
2324 4577 2389 4616 ac
2433 4562 2653 4619 Patrem
2690 4565 3005 4621 universam
3069 4567 3305 4637 pedibus
3372 4568 3493 4625 suis

1902 4653 2216 4723 subiectam
2251 4654 2457 4710 habere
2503 4666 2817 4711 creaturam
2842 4658 2911 4722 ⁸ο,
2948 4659 3322 4731 omnibusque
3365 4676 3397 4714 a
3432 4677 3494 4716 se

1900 4745 2065 4802 factis
2124 4746 2422 4815 imperare,
2486 4746 2625 4803 adeo
2673 4757 2732 4803 ut
2783 4750 2971 4804 omnia
3041 4766 3211 4821 opera
3261 4754 3492 4808 timeant

1900 4836 2102 4907 ipsum,
2161 4844 2327 4907 atque
2379 4839 2742 4903 tremiscant,
2784 4848 2844 4894 ut
2882 4842 3153 4913 scriptum
3192 4845 3366 4901 est“.
3420 4847 3492 4899 At

1902 4931 2157 4987 videmus
2190 4931 2356 4985 talem
2389 4940 2441 4985 et
2466 4931 2519 4985 in
2557 4929 2699 4986 Filio
2744 4934 3015 4989 exsistere
3067 4950 3193 4989 cum
3254 4952 3405 4992 mare
3438 4948 3492 4992 et

1903 5030 2097 5078 ventos
2143 5022 2459 5091 increpans,
2513 5037 2709 5094 magna
2741 5039 2868 5078 cum
2924 5034 3199 5094 potestate
3232 5028 3488 5083 dicebat:

1912 5136 1929 5168 ι
1972 5114 2137 5178 Tace,
2186 5115 2596 5170 obmutesce”.
2643 5135 2661 5167 ι
2714 5115 2989 5182 Quoniam
3050 5134 3184 5190 ergo
3239 5120 3493 5178 dicturus

1903 5216 2024 5262 erat
2055 5222 2165 5260 non
2220 5205 2403 5260 solum
2440 5206 2779 5276 cognovislis
2826 5206 3068 5275 Patrem,
3120 5209 3217 5264 sed
3257 5218 3312 5265 et
3350 5212 3493 5265 vidi-

1905 5297 2027 5359 stis,
2050 5294 2492 5365 pnemittendum
2522 5297 2837 5351 necessario
2854 5299 3067 5367 putavit
3093 5298 3256 5363 illud,
3274 5301 3488 5365 amodo,

1903 5405 2069 5460 quam
2104 5403 2236 5443 vero
2279 5388 2351 5442 ob
2396 5389 2665 5443 causam?
2714 5390 2825 5445 Lex
2884 5391 3031 5446 enim
3066 5390 3304 5446 Mosaica
3362 5393 3493 5449 ﬁliis

1902 5480 2071 5537 lsrael
2102 5480 2474 5533 inclamabat:
2512 5499 2531 5530 ‹
2574 5480 2841 5538 Dominus
2864 5482 3011 5539 Deus
3042 5492 3190 5549 tuus,
3222 5481 3490 5543 Dominus

1906 5590 2051 5628 unus
2085 5581 2171 5628 est
2192 5571 2261 5633 ⁸³,
2301 5590 2319 5621 ι
2359 5587 2536 5642 neque
2579 5575 2859 5632 veteribus
2887 5577 2954 5631 de
2982 5574 3121 5630 Filio
3153 5576 3487 5631 mentionem

278 5702 321 5733 "
357 5699 551 5755 Matth.
584 5716 699 5772 xvi,
741 5699 830 5755 16.
908 5695 1122 5752 "Psal.
1158 5707 1425 5758 cxxxvm,
1455 5691 1510 5747 6.
1586 5691 1632 5724 '°
1665 5690 1804 5762 Ephe

1924 5731 1937 5757 ,
1981 5690 2069 5743 2‘2.
2148 5687 2193 5718 “
2222 5684 2346 5751 Job,
2375 5698 2524 5749 xxvi,
2570 5685 2657 5742 Η.
2733 5693 2777 5723 ⁸⁸
2810 5690 2976 5748 Marc.
3011 5708 3084 5759 tv,
3112 5690 3205 5746 59.
3267 5689 3501 5748 “Deut.

207 5789 304 5841 vi,
351 5773 406 5829 4.
