3884 6208
405 297 508 353 199

1402 302 1464 359 8.
1497 301 1776 358 CYRILLI
1819 301 2294 360 ALEXANDRINI
2339 303 2660 361 ARCH‘IEP.

3585 312 3684 366 200

404 416 664 482 faciebat,
688 419 784 474 sed
820 435 850 474 a
880 421 1180 475 multorum
1219 419 1448 475 deorum
1483 423 1640 476 cultu
1690 439 1789 479 eos
1841 423 1989 479 dun-

2095 443 2189 480 vuv
2215 425 2440 497 ἔμελλεν
2457 425 2623 497 ἐρεῖν,
2648 426 2730 479 ὅτι
2757 425 2816 479 οὐ
2847 427 3007 497 μόνον
3037 427 3314 495 ἐγνώκατε
3336 429 3426 482 τὸν
3446 429 3684 501 Πατέρα,

403 518 563 564 taxat
595 511 933 575 abstractos,
961 512 1027 566 ad
1071 513 1238 568 unius
1291 513 1678 569 adorationem
1738 515 1993 570 vocabat.

392 604 672 677 ,Dominus
704 611 887 660 autem
919 613 1113 660 noster
1148 601 1315 660 Jesus
1344 603 1628 672 Christus,
1667 620 1792 661 cum
1832 607 1998 661 homo

393 691 588 755 factus
608 709 716 761 est.-
766 714 865 770 per
911 699 1084 753 multa
1119 700 1278 771 signa
1308 707 1364 755 et
1403 714 1574 770 opera
1624 699 1999 756 manifestavit

402 791 568 846 nobis
601 807 698 862 per
719 793 969 863 seipsum
997 790 1240 858 Patrem,
1274 807 1555 863 urnamque
1605 793 1849 849 ostendit
1881 795 1999 850 dei-

398 883 536 938 tatis
565 893 819 939 naturam
850 885 905 939 in
949 892 1142 940 sancta
1178 883 1456 941 Trinitate
1488 901 1620 941 vere
1683 887 1997 942 subsisten-

399 984 534 1034 tem.
563 975 733 1033 Recte
764 979 946 1047 itaque
999 977 1136 1032 illud
1168 977 1363 1032 amodo
1399 977 1478 1033 ait
1512 987 1742 1049 propter
1779 981 1998 1050 imper-

403 1069 700 1124 lectionem
726 1069 1066 1140 cognitionis
1091 1085 1284 1124 eorum
1316 1068 1411 1140 qui
1467 1069 1822 1139 disciplinam
1860 1069 1996 1140 legis

400 1162 722 1226 observant,
763 1171 817 1217 et
879 1163 978 1233 qui
1027 1163 1248 1217 illorum
1299 1171 1612 1232 sequuntur
1653 1163 1993 1217 institutum.

401 1257 716 1312 Notandum
765 1273 899 1312 vero
939 1257 1114 1328 quod,
1167 1272 1292 1312 cum
1345 1258 1591 1328 seipsum
1645 1257 1770 1310 loco
1818 1254 1996 1312 Patris

401 1359 764 1419 conspectum
800 1365 922 1404 esse
951 1350 1105 1414 dicit,
1131 1365 1241 1404 non
1272 1357 1437 1420 negat
1466 1364 1597 1403 vere
1631 1347 1798 1420 775
1842 1357 1897 1403 et
1939 1349 1996 1403 in

403 1442 625 1510 propria
653 1441 938 1513 hypostasi
972 1457 1100 1496 cum
1123 1458 1190 1497 ex
1222 1459 1330 1512 quo
1360 1450 1468 1504 est,
1491 1441 1660 1496 Deum
1685 1457 1750 1496 ac
1777 1442 1994 1496 Patrem

399 1534 699 1591 exsistere.
754 1533 862 1588 Sed
905 1550 1081 1605 neque
1142 1535 1386 1604 seipsum
1438 1533 1658 1590 Patrem
1714 1549 1841 1589 esse
1896 1538 1992 1596 ait,

398 1635 678 1696 quantum
713 1627 778 1681 ad
825 1643 1076 1698 personae
1106 1627 1570 1698 signiﬁcationem
1623 1628 1860 1682 attinet:
1899 1627 1994 1681 sed

397 1721 538 1790 quia
577 1727 662 1774 est
687 1721 842 1774 Patri
880 1720 1405 1784 consubstantialis,
1434 1721 1590 1775 cerni
1622 1720 1700 1774 ait
1731 1721 1785 1774 in
1808 1721 1991 1790 seipso

2096 519 2213 573 ἀλλ’
2250 519 2332 573 ὅτι
2379 520 2474 574 καὶ
2528 518 2838 591 ἑωράκατε,
2883 519 3154 591 προτάξαι
3218 519 3332 573 δεῖν
3391 521 3688 590 ἀναγκαῖον

2095 612 2252 686 ᾠήθη
2282 613 2363 678 τὸ,
2391 611 2632 682 ἀπάρτι,
2667 613 2764 666 καὶ
2802 612 2893 666 διὰ
2920 610 3081 666 ποίαν
3113 613 3294 668 αἰτίαν
3319 631 3335 679 ;
3373 615 3434 668 ὐ
3465 615 3569 686 μὲν
3585 616 3690 687 γὰρ

2097 705 2262 776 νόμος
2291 705 2320 758 ὁ
2355 704 2443 758 διὰ
2471 705 2718 769 Μωσέως
2752 703 3095 776 προσεφώνει
3128 708 3244 770 τοῖς
3273 708 3409 773 υἱοῖς
3447 709 3687 779 Ἰσραήλ·

2105 818 2123 850 ι
2154 799 2360 872 Κύριος
2400 801 2427 854 ὁ
2459 801 2592 864 Θεός
2624 816 2739 864 σου,
2764 798 2971 871 Κύριος
2993 794 3075 863 εἷς
3105 801 3250 864 ἐστι,
3285 820 3305 852 ι
3329 800 3424 854 καὶ
3467 800 3562 856 τὸν
3595 803 3692 872 μὲν

2098 893 2229 964 περὶ
2257 892 2353 946 τοῦ
2383 892 2516 946 Υἱοῦ
2546 892 2705 962 λόγον
2735 893 2796 944 οὐ
2833 892 3120 962 παρετίθει
3157 896 3273 957 τοῖς
3300 893 3494 960 πάλαι,
3523 893 3694 964 μόνης

2097 983 2156 1037 δὲ
2183 984 2282 1054 τῆς
2339 984 2645 1047 πολυθεῖας
2702 983 2898 1048 ἐξελὼν
2950 984 3170 1048 αὐτοὺς,
3199 985 3280 1048 είς
3327 985 3428 1054 τὴν
3447 983 3544 1037 τοῦ
3575 984 3694 1046 ἐνὸς

2095 1077 2282 1131 ἐκάλει
2307 1076 2708 1149 προσκύνησιν,
2759 1076 2818 1130 '0
2863 1076 2921 1130 δὲ
2979 1076 3186 1146 Κύριος
3233 1077 3393 1147 ἡμῶν
3435 1076 3694 1147 Ἰησοῦςό

2097 1168 2357 1241 Χριστὸς,
2386 1169 2477 1222 ὅτε
2507 1167 2733 1236 γέγονεν
2758 1167 3067 1239 ἄνθρωπος,
3095 1166 3184 1220 διὰ
3209 1166 3421 1220 πολλῶν
3445 1166 3693 1237 σημείων

2095 1260 2193 1314 καὶ
2215 1261 2609 1333 ἐνεργημάτων
2639 1257 2940 1332 ἐγνώρισεν
2985 1262 3116 1330 ἡμῖν
3155 1259 3437 1313 δι’ἐαυτοῦ
3463 1260 3556 1312 τὸν
3584 1261 3695 1314 Πα-

2095 1352 2234 1424 τέρα
2292 1355 2388 1407 καὶ
2454 1353 2554 1424 τὴν
2605 1355 2663 1407 ἐν
2721 1355 2789 1424 τῇ
2839 1353 2972 1425 ἁγίᾳ
3017 1351 3212 1422 Τριάδι
3277 1354 3576 1422 νοουμένην
3629 1368 3692 1404 τε

2097 1445 2195 1498 καὶ
2227 1444 2552 1514 ὑφεστῶσαν
2587 1444 2806 1516 ἀληθῶς
2862 1445 2994 1516 μίαν
3019 1444 3188 1509 ἔδειξε
3217 1444 3471 1512 θεότητος
3505 1443 3692 1512 φύσιν.

2097 1533 2434 1600 Καλῶςοῦν
2480 1538 2589 1610 ἄρα
2634 1536 2696 1590 τὸ
2751 1536 2969 1606 ἁπάρτι
3000 1539 3156 1608 φησὶ,
3202 1537 3292 1591 διὰ
3325 1539 3386 1592 τὸ
3417 1538 3610 1602 ἀτελὲς
3633 1539 3694 1590 ἐν

2097 1629 2298 1698 γνώσει
2342 1629 2452 1683 τῶν
2495 1629 2637 1684 κατὰ
2689 1630 2873 1702 νόμον,
2904 1630 2999 1684 καὶ
3028 1630 3139 1685 τῶν
3159 1632 3280 1685 κατ’
3311 1631 3554 1694 ἐκείνους
3593 1647 3698 1684 πο-

2096 1721 2478 1793 λιτευομένων.
2528 1723 2874 1794 Σημειῳτέον
2914 1724 2992 1789 δὲ,
3057 1725 3139 1778 ὅτι
3186 1725 3379 1779 ἑαυτὸν
3430 1726 3552 1779 ἀντὶ
3592 1722 3694 1776 τοῦ

403 1812 625 1868 Patrem
654 1855 668 1869 .
706 1830 818 1868 non
855 1830 1022 1869 secus
1055 1829 1119 1868 ac
1141 1813 1382 1868 hominis
1407 1814 1701 1883 cujusdam
1728 1813 1874 1869 [ilius
1908 1813 1989 1868 sui

2101 1816 2314 1887 Πατρὸς
2335 1815 2616 1887 ἑωρᾶσθαι
2643 1817 2844 1886 λέγων,
2879 1818 2981 1871 οὐκ
3013 1817 3312 1889 ἀνατρέπει
3338 1818 3399 1871 τὸ
3421 1818 3698 1888 ὑπάρχειν

402 1905 582 1975 patris
611 1906 807 1960 volens
854 1904 1174 1974 signiﬁcare
1207 1911 1486 1970 naturam,
1536 1903 1778 1975 seipsum
1807 1911 1996 1959 osten-

396 1997 540 2052 dens
566 1997 650 2050 ait
696 1995 1026 2065 sciscitanti,
1078 1995 1257 2052 Meum
1300 1997 1359 2051 in
1404 2012 1492 2051 me
1535 1996 1723 2051 vidisti
1757 2003 1992 2065 patrem.

397 2088 511 2144 Sed
539 2089 704 2153 Deus,
730 2099 790 2144 ut
822 2091 992 2145 semel
1014 2089 1288 2156 dicamus,
1323 2089 1575 2145 omnium
1609 2089 1989 2160 exemplorum

398 2182 510 2237 vim
553 2191 608 2238 et
635 2183 901 2239 rationem
937 2182 1176 2238 excedit.

2095 1907 2312 1982 ἀληθῶς
2335 1926 2397 1962 τε
2427 1911 2523 1963 καὶ
2565 1909 2967 1976 ίδιοσυστάτως,
3002 1913 3095 1965 τὸν
3138 1912 3199 1976 ἐξ
3231 1904 3404 1982 οὗπέρ
3427 1912 3543 1964 ἐστι
3572 1911 3695 1962 Πα-

2097 2001 2232 2072 τέρα
2260 2002 2356 2056 καὶ
2387 2001 2542 2056 Θεόν.
2581 2003 2722 2056 Ἀλλ’
2751 2003 2876 2058 οὐδὲ
2899 2006 3090 2060 ἐαυτὸν
3128 2002 3271 2060 εἷναί
3298 2022 3431 2076 φησι
3454 2003 3546 2058 τδν
3575 2003 3627 2058 Π
3633 2023 3699 2056 1-

2097 2093 2255 2164 τέρα,
2284 2095 2409 2148 ὅσον
2438 2088 2574 2167 ἧκεν
2604 2096 2780 2150 εἰπεῖν
2822 2099 2905 2160 είς
2948 2096 3242 2169 προσώπου
3269 2097 3500 2171 δήλωσιν
3523 2114 3538 2128 ο
3569 2098 3696 2152 ἀλλ’

2105 2186 2338 2260 ἐπείπερ
2374 2187 2525 2242 ἐστὶν
2551 2190 2836 2261 δμοούσιος
2865 2188 2942 2263 τῷ
2976 2191 3175 2264 Πατρὶ,
3224 2190 3500 2263 ὲωρᾶσθαί
3519 2207 3696 2259 φησιν

398 2274 459 2328 ἐν
489 2275 638 2348 αὐτῷ
678 2275 770 2328 τὸν
815 2275 1189 2346 γεννήσαντα.
1219 2273 1407 2346 ῶσπερ
1436 2275 1504 2330 ἂν
1541 2275 1590 2329 εί
1621 2273 1716 2330 καὶ
1759 2272 2050 2346 ἀνθρώπου
2095 2281 2244 2345 τινὸς
2285 2283 2399 2348 υίὸς
2425 2285 2525 2357 τὴν
2579 2287 2710 2340 ίδίου
2747 2288 2955 2359 πατρὸς
2985 2289 3252 2361 ἐθελήσας
3281 2291 3686 2360 κατασημᾶναι

400 2369 583 2437 φύσιν,
627 2367 818 2424 ἑαυτὸν
865 2367 1140 2434 ἐπιδείξας
1183 2368 1333 2438 λέγει
1367 2369 1444 2440 τῷ
1487 2369 1646 2426 τοῦτο
1674 2377 1870 2444 μαθεῖν
1917 2375 2157 2429 ἐθέλοντι
2204 2376 2390 2447 τυχὸν,
2419 2379 2513 2433 τὸν
2558 2380 2692 2451 ἐμὸν
2731 2381 2789 2436 ἐν
2823 2383 2947 2453 ἐμοὶ
2990 2382 3251 2437 τεθέασαι
3284 2381 3517 2453 πατέρα.
3549 2380 3693 2442 Θεὸς

394 2464 459 2517 ’δὲ
514 2462 677 2515 πάλιν
729 2463 828 2531 τὴν
886 2461 980 2514 τοῦ
1057 2462 1502 2534 παραδείγματος
1543 2464 1901 2536 ὑπεραλεῖται
1943 2467 2200 2542 δύναμιν.
3239 2485 3252 2495 ⁸

473 2550 616 2608 XIV.
648 2552 704 2607 8.
731 2552 873 2606 Dicit
901 2553 949 2607 ei
979 2552 1260 2621 Philippus
1285 2568 1302 2609 :
1328 2554 1576 2624 Domine,
1594 2561 1809 2614 ostende
1841 2559 1994 2614 nobis

404 2645 645 2710 Patrem,
677 2653 728 2699 et
757 2645 948 2715 suﬁicit
975 2645 1147 2700 nobis.

470 2735 726 2794 Discendi
763 2735 986 2806 quidem
1017 2736 1255 2807 cupidus
1292 2746 1414 2793 erat
1444 2735 1768 2811 Philippus,
1805 2741 1904 2797 sed
1938 2741 1993 2796 in

398 2829 935 2900 comprehendendis
960 2828 1164 2885 divinis
1185 2831 1664 2900 speculationibus
1687 2833 1833 2889 haud
1857 2833 1995 2890 satis

397 2931 620 2978 acutus.
639 2920 752 2976 Nec
772 2922 922 2976 enim
944 2921 1050 2976 sibi
1075 2923 1449 2992 persuasisset
1473 2941 1714 2996 unquam
1738 2927 1991 2998 corporis

397 3015 584 3070 oculis
627 3014 867 3069 divinam
922 3029 953 3068 a
1003 3029 1063 3069 se
1100 3021 1355 3070 naturam
1414 3019 1806 3087 comprehendi
1875 3036 1989 3074 non

399 3121 588 3178 posse,
617 3107 750 3162 licet
779 3115 969 3177 aperte
1025 3104 1141 3161 Deo
1203 3107 1470 3162 dicente:
1512 3127 1532 3160 ι
1603 3108 1725 3164 Νοιι
1784 3110 1991 3166 videbit

399 3200 568 3256 homo
603 3200 798 3256 faciem
859 3214 1064 3262 meam,
1109 3205 1164 3252 et
1201 3199 1346 3254 vivet
1364 3199 1434 3256 εδ,
1482 3220 1501 3254 ο
1542 3200 1806 3268 Quamvis
1842 3205 1988 3258 enim

2166 2564 2338 2635 Λέγει
2377 2561 2544 2633 αὐτῷ
2573 2567 2872 2634 Φίλιππος
2899 2583 2914 2598 ·
2947 2569 3147 2636 Κύριε,
3180 2568 3383 2632 δεῖξον
3409 2570 3555 2642 ἡμῖν
3583 2571 3697 2626 τὲγ

2091 2659 2347 2727 Πατέρα,
2373 2659 2474 2713 καί
2498 2659 2676 2728 ἀρκεῖ
2700 2660 2865 2730 ἡμῖν.

2161 2755 2470 2828 Φιλομαθὴς
2508 2756 2606 2827 μὲν
2647 2757 2676 2810 ὁ
2704 2756 2992 2822 Φίλιππος,
3023 2756 3167 2830 πλὴν
3199 2758 3259 2812 οὒ
3290 2758 3411 2812 λίαν
3441 2758 3572 2824 ὀξὺς
3606 2761 3693 2824 είς

2096 2844 2315 2899 σύνεσιν
2341 2845 2442 2918 τὴν
2488 2849 2610 2910 ταῖς
2663 2847 2942 2912 θεοπτίαις
2966 2849 3443 2922 πρεπωδεστέραν.
3467 2852 3540 2904 Οὐ
3575 2852 3691 2925 γὰρ

2096 2935 2164 2989 ἂν
2194 2935 2348 3008 ᾠήθη
2370 2936 2502 2991 ποτὲ
2529 2939 2644 3002 τοῖς
2669 2937 2765 2992 τοῦ
2793 2938 3046 3010 σώματος
3085 2940 3385 3013 ὀφθαλμοῖς
3412 2943 3510 3014 τὴν
3533 2945 3696 3000 θείαν

2095 3028 2317 3099 ίσχῦσαι
2345 3030 2792 3097 καταθεάσασθαι
2830 3031 3013 3101 φύσιν,
3048 3033 3227 3089 καίτοι
3261 3035 3560 3110 διαρρήδην
3599 3040 3698 3094 λέ-

2095 3136 2282 3188 γοντος
2305 3121 2400 3174 τοῦ
2435 3121 2571 3175 Θεοῦ
2593 3139 2606 3152 ·
2639 3142 2658 3174 ι
2689 3125 2881 3188 Οὐδεὶς
2906 3125 3096 3195 ὄψεται
3132 3127 3195 3180 τὸ
3233 3128 3524 3200 πρόσωπόν
3557 3151 3692 3204 μου,

2097 3214 2192 3267 καὶ
2214 3211 2456 3284 ζήσεται.
2496 3233 2514 3266 ›
2549 3216 2611 3269 Εἰ
2640 3215 2750 3288 γὰρ
2803 3219 2899 3271 καὶ
2949 3217 3108 3290 ὤφθη
3143 3221 3274 3275 ποτὲ
3322 3225 3437 3288 τοῖς
3483 3225 3691 3294 ἁγίοις,

399 3295 614 3350 sanctis
672 3293 972 3364 aliquando
991 3293 1145 3348 visus
1182 3291 1277 3356 sit,
1313 3303 1373 3348 ut
1419 3295 1688 3354 divinitus
1726 3295 1989 3368 inspirata

2095 3304 2172 3369 ὡς
2201 3308 2235 3376 ἡ
2269 3306 2626 3374 θεόπνευστος
2657 3309 2762 3382 ἔφη
2795 3311 3008 3384 Γραφὴ,
3035 3313 3266 3369 ἀλλὀὐκ
3284 3315 3372 3379 ἂν,
3394 3291 3572 3388 οἶμαι,
3602 3291 3694 3385 τίς

399 3387 688 3458 Scriptura
729 3387 1016 3458 praedicat,
1052 3399 1217 3440 nemo
1248 3395 1430 3442 tamen
1456 3404 1724 3460 unquam,
1768 3401 1825 3444 ut
1853 3405 2000 3452 reor,

396 3480 680 3551 putaverit
738 3477 1154 3536 manifestatam
1221 3480 1396 3537 fuisse
1449 3489 1705 3534 naturam
1753 3479 1996 3534 divinam

396 3588 464 3630 eo
493 3572 660 3628 modo
683 3587 797 3644 quo
829 3587 891 3629 se
931 3572 1096 3628 habet
1132 3573 1186 3628 in
1227 3574 1433 3643 seipsa.
1491 3572 1591 3628 sed
1641 3586 1742 3642 pro
1777 3572 1998 3626 ratione

327 3678 332 3684 ’
398 3664 666 3735 temporis
702 3664 857 3718 varia
884 3665 990 3720 sub
1026 3664 1204 3720 forma
1228 3666 1403 3721 visam
1429 3665 1810 3736 esse.Quippe
1837 3666 1992 3718 vario

396 3757 563 3811 modo
594 3758 873 3828 prOpheta'
905 3772 1030 3811 eam
1067 3757 1380 3829 conspicati
1412 3766 1561 3822 sunt,
1595 3757 1775 3827 deque
1804 3770 1869 3810 ea
1899 3771 1993 3808 va-

395 3851 517 3905 rius
545 3849 693 3920 apud
719 3849 844 3906 illos
870 3864 1057 3905 sermo
1086 3851 1385 3920 reperitur.
1445 3847 1618 3904 Isaias
1669 3849 1816 3904 enim
1875 3861 1988 3901 uno

395 3940 601 3996 modo:
638 3939 894 3996 Ezechiel
932 3957 1066 3996 vero
1114 3957 1226 3997 non
1255 3942 1447 3996 eadem
1481 3956 1546 3996 ac
1597 3939 1690 3995 ille
1745 3939 1985 3996 ratione.

393 4032 636 4087 Decebat
669 4033 856 4104 itaque
887 4029 1202 4105 Philippum
1243 4033 1554 4105 intelligere
1609 4031 1722 4089 ﬁeri
1757 4032 1985 4088 omnino

395 4137 507 4180 non
545 4139 713 4197 posse
768 4133 829 4180 ut
875 4125 1119 4184 divinam
1174 4127 1540 4182 substantiam
1575 4141 1673 4197 per
1734 4141 1983 4191 carnem.

395 4218 512 4274 sive
539 4234 666 4274 cum
699 4234 867 4275 earne
899 4219 1027 4290 quis
1067 4221 1390 4292 perspiciat.
1434 4219 1660 4290 Alioqui
1701 4219 1988 4290 prudentis

392 4317 449 4365 et
487 4312 702 4382 sagacis
741 4326 852 4366 non
881 4318 1026 4376 erat,
1059 4326 1188 4366 cum
1223 4313 1405 4382 imago
1455 4318 1510 4366 et
1543 4311 1986 4383 perfectissimus

391 4399 679 4457 character
711 4399 806 4456 Dei
831 4417 896 4456 ac
923 4399 1108 4456 Patris
1137 4401 1188 4456 ei
1221 4401 1442 4456 adesset
1461 4403 1530 4470 ⁸³,
1583 4403 1764 4473 ipsum
1800 4403 1987 4474 requi-

393 4508 517 4548 rere
559 4494 919 4566 archetypum
967 4493 1216 4548 nondum
1263 4493 1484 4550 adesset
1524 4503 1579 4551 et
1610 4511 1675 4551 ea
1725 4509 1834 4566 qua
1888 4511 1985 4566 par

2095 3398 2437 3470 ὑποτοπήσαι
2471 3401 2603 3455 ποτὲ
2639 3403 2863 3474 ἐμφανῆ
2893 3405 2991 3476 τὴν
3031 3405 3183 3460 θείαν
3209 3408 3467 3477 γενέσθαι
3492 3411 3689 3481 φύσιν,

2091 3490 2287 3556 οὕτως,
2317 3492 2393 3557 ὡς
2425 3493 2539 3564 ἔχει
2599 3495 2720 3550 καθ’
2752 3496 2975 3568 ἑαυτὴν,
3006 3498 3334 3554 πλάττεσθαι
3392 3501 3448 3555 δὲ
3479 3504 3691 3574 μᾶλλον

2088 3587 2174 3650 είς
2199 3586 2262 3641 τὸ
2286 3585 2365 3657 τῷ
2391 3589 2570 3659 καιρῷ
2599 3588 3052 3662 πρεπωδέστερον
3093 3593 3300 3664 σχῆμα.
3336 3595 3448 3648 Καὶ
3475 3595 3611 3664 γοῦν
3636 3599 3691 3651 οἱ

2034 3747 2036 3750 ν
2094 3678 2370 3748 προφῆται
2398 3678 2672 3752 διαφόρως
2701 3681 2865 3736 αὐτὸν
2891 3683 3200 3754 τεθέανται,
3231 3689 3326 3742 καὶ
3353 3691 3604 3754 ποικίλος
3628 3710 3691 3746 τε

2094 3769 2222 3840 περὶ
2244 3767 2378 3822 Θεοῦ
2406 3773 2536 3841 παρ’
2569 3771 2799 3836 ἐκείνοις
2823 3774 2852 3827 ὁ
2872 3774 3052 3844 λόγος.
3088 3777 3146 3831 Ὀ
3170 3779 3270 3850 μὲν
3296 3780 3404 3852 γὰρ
3451 3782 3689 3848 Ἡσαΐας

2091 3858 2328 3930 ἑτέρως’
2386 3861 2644 3933 ’ῐεζεχιὴλ
2698 3863 2756 3917 δὲ
2791 3865 2956 3920 πάλιν
3002 3868 3102 3941 οὐχ
3165 3871 3367 3940 ὁμοίως
3417 3873 3497 3944 τῷ
3545 3892 3668 3948 παρ

2091 3950 2286 4020 ἐκείνῳ
2315 3951 2555 4023 θαύματι
2587 3953 2701 4026 [lca
2729 3955 3011 4031 θεάματι].
3057 3961 3204 4016 Ἔδει
3227 3963 3407 4019 τοίνυν
3439 3968 3687 4022 συνιέναι

2090 4041 2180 4094 τὸν
2221 4041 2506 4106 Φίλιππον,
2539 4045 2615 4110 ὡς
2670 4041 2739 4118 ἦν
2765 4066 2819 4101 τι
2869 4050 2979 4103 τῶν
3023 4053 3322 4125 ἀμηχάνων
3375 4059 3685 4125 παντελῶς,

2087 4133 2188 4204 τὴν
2256 4134 2406 4188 θείαν
2464 4137 2728 4194 δύνασθαι
2759 4143 3000 4198 κατιδεῖν
3047 4147 3259 4215 οὐσίαν,
3284 4150 3561 4209 καὶτοῦτο
3591 4156 3686 4210 διὰ

2090 4225 2313 4321 σαρκὸς,
2373 4228 2471 4282 καὶ
2509 4231 2570 4321 οῦ
2641 4233 2795 4303 μετὰ»
2839 4237 3062 4308 σαρκὸς,
3093 4239 3183 4294 ὅτε
3238 4243 3334 4296 καὶ
3373 4245 3435 4299 οὐ
3472 4248 3682 4321 σφόδρα

2087 4316 2359 4388 νουνεχὲς,
2393 4320 2674 4394 παρούσης
2697 4325 2848 4397 αὺτῷ
2884 4327 2984 4398 τῆς
3016 4330 3245 4398 είκόνος,
3294 4337 3386 4388 καὶ
3413 4316 3687 4407 ἀκριϐοῦς

2088 4409 2436 4480 χαρακτῆρος
2469 4411 2564 4465 τοῦ
2588 4412 2724 4468 Θεοῦ
2755 4417 2852 4470 καὶ
2892 4418 3130 4491 Πατρδς,
3185 4423 3272 4476 ἐπ’
3312 4425 3445 4478 αὐτὸ
3490 4424 3683 4496 ζητεῖν

2091 4497 2228 4551 ίέναι
2263 4499 2324 4552 τὸ
2371 4501 2701 4571 ἀρχέτυπον,
2761 4506 2834 4570 ὡς
2889 4506 3044 4563 οὔπω
3088 4512 3282 4584 παρὸν,
3335 4515 3429 4568 καὶ
3463 4515 3585 4569 καθ’
3620 4518 3683 4570 ὃν

389 4593 513 4640 erat
541 4587 758 4643 ratione
785 4585 1230 4642 demonstratum
1280 4595 1452 4642 esset.
1498 4587 1581 4642 Ad
1613 4586 1980 4642 exhibendam

2095 4590 2196 4644 ἔδει
2258 4591 2415 4662 λόγον
2480 4596 2804 4668 ἐπιδειχθέν.
2874 4601 3200 4677 Ἰκανωτάτη
3259 4607 3369 4680 γὰρ
3425 4607 3546 4662 λίαν
3597 4613 3682 4677 είς

393 4678 543 4732 enim
565 4693 630 4732 ac
653 4678 1161 4748 repraesentandam
1190 4677 1280 4734 Dei
1309 4694 1374 4734 ac
1405 4677 1587 4734 Patris
1611 4679 1982 4736 substantiam

395 4771 520 4840 plus
561 4769 698 4825 satis
725 4770 927 4825 sutiicit
957 4770 1350 4840 contemplatio
1387 4769 1620 4835 Christi,
1667 4770 1763 4841 qui
1823 4778 1980 4839 opta-

391 4861 674 4916 tissimum
734 4863 872 4918 illud
931 4863 1106 4918 decus
1152 4863 1356 4935 regalis
1413 4864 1559 4918 unde
1622 4863 1842 4935 genitus
1897 4871 1984 4918 est

391 4955 721 5011 substantiae
755 4963 911 5012 recte
943 4967 998 5012 et
1057 4965 1318 5012 accurate
1363 4956 1645 5027 exprimit.
1708 4957 1753 5010 A
1793 4957 1979 5012 fructu

389 5049 537 5104 enim
589 5049 756 5104 arbor
791 5050 1167 5121 cognoscitur,
1211 5049 1372 5120 juxta
1429 5048 1608 5120 ipsius
1663 5047 1981 5105 Servatoris

389 5155 580 5195 vocem
612 5139 684 5196 “.
727 5140 862 5195 Cum
913 5141 1082 5212 igitur
1125 5139 1248 5196 Filii
1298 5140 1692 5209 contemplatio
1750 5141 1978 5196 cordato

390 5229 630 5286 suiliciat
672 5229 741 5285 ad
783 5231 1282 5289 demonstrandum
1334 5239 1390 5286 et
1424 5237 1620 5286 exacte
1667 5229 1976 5287 docendum

389 5321 653 5393 quidnam
703 5323 774 5378 sit
825 5323 1133 5379 secundum
1176 5331 1432 5377 naturam
1462 5331 1516 5378 et
1571 5323 1695 5392 ejus
1738 5324 1976 5395 genitor,

387 5428 836 5485 supervacaneus
860 5414 1053 5471 forsan
1073 5414 1334 5486 discipuli
1361 5429 1544 5471 sermo
1570 5414 1737 5470 videri
1763 5423 1974 5486 potest:

388 5521 605 5561 summa
633 5515 819 5564 tamen
865 5506 1030 5563 laude
1077 5523 1189 5565 non
1238 5508 1468 5564 carebit.
1528 5506 1638 5563 Nec
1672 5511 1818 5564 enim
1856 5525 1974 5565 me-

386 5595 654 5652 diocriter
742 5596 1128 5654 admirandum
1205 5613 1329 5654 esse
1403 5608 1574 5670 puto,
1663 5615 1788 5654 cum
1858 5601 1972 5656 ait:

459 5770 508 5804 ⁸⁸
543 5769 714 5828 Exod.
752 5787 968 5841 xxxut,
1025 5773 1119 5829 20.
1197 5774 1243 5807 ⁸³
1279 5772 1320 5828 ιι
1356 5774 1485 5832 Cor.
1539 5793 1612 5844 ιν,
1662 5781 1716 5835 4.

2089 4685 2438 4756 παράστασιν
2493 4688 2594 4759 τῆς
2657 4692 2848 4756 οὐσίας
2907 4693 3002 4748 τοῦ
3049 4695 3184 4751 Θεοῦ
3233 4701 3328 4753 καὶ
3370 4701 3610 4774 Πατρὸς,
3645 4706 3682 4776 ἠ

2088 4776 2328 4847 Χριστοῦ
2358 4777 2582 4851 θεωρία,
2618 4782 2799 4848 καλῶς
2836 4801 2895 4838 τε
2943 4788 3037 4840 καὶ
3071 4789 3317 4860 ἀκριϐῶς
3359 4791 3681 4862 ἐξυφαίνον-

2086 4885 2180 4932 τος
2208 4869 2268 4922 τὸ
2298 4870 2622 4944 ἀξιέραστον
2660 4877 2877 4942 κάλλος,
2910 4879 3013 4949 τῆς
3035 4879 3159 4935 ὅθεν
3185 4882 3349 4953 ἐξέφυ
3383 4884 3682 4960 βασιλικῆς

2087 4960 2294 5026 οὐσίας.
2333 4963 2466 5016 Ἀπὸ
2490 4965 2598 5039 γὰρ
2629 4967 2725 5021 τοῦ
2747 4969 2962 5041 καρποῦ
2988 4972 3047 5026 τὸ
3070 4973 3282 5048 δένδρον
3310 4977 3681 5046 ἐπιγινώσκε-

2086 5068 2199 5115 ται,
2224 5053 2366 5107 κατὰ
2393 5055 2492 5125 τὴν
2517 5057 2683 5112 αὑτοῦ
2715 5060 2808 5114 τοῦ
2834 5062 3086 5135 Σωτῆρος
3124 5067 3328 5138 φωνήν.
3377 5070 3683 5141 Ἐξαρκού-

2088 5159 2189 5214 σης
2209 5145 2498 5216 τοιγαροῦν
2523 5147 2602 5219 τῷ
2620 5165 2683 5217 γε
2718 5148 2866 5218 ἅπαξ
2898 5153 3105 5225 συνετῷ
3127 5158 3227 5227 τῆς
3257 5157 3351 5211 τοῦ
3372 5159 3502 5213 Υἱοῦ
3535 5161 3679 5215 θεω-

2085 5235 2210 5305 ρίας
2243 5239 2322 5302 είς
2343 5239 2690 5307 παράστασίν
2719 5261 2778 5297 τε
2807 5245 2898 5298 καὶ
2928 5248 3133 5319 ἀκριϐῆ
3164 5249 3561 5323 πληροφορίαν,
3588 5257 3677 5321 τίς

2083 5327 2151 5379 ἂν
2172 5326 2258 5398 εἴη
2311 5329 2455 5382 κατὰ
2500 5330 2663 5399 φύσιν
2699 5333 2796 5387 καὶ
2820 5336 3138 5409 ὀγεννὴσας
3172 5341 3336 5395 αὐτόν
3361 5359 3375 5372 ·
3411 5346 3678 5414 περιττὸς

2087 5418 2186 5488 μὲν
2208 5419 2507 5484 ἴσωςὸτοῦ
2543 5425 2788 5497 μαθητοῦ
2838 5427 3090 5498 φαίνεται
3139 5431 3318 5501 λόγος,
3372 5433 3512 5507 πλὴν
3566 5439 3677 5492 οὐκ

2083 5510 2189 5576 ἔξω
2219 5513 2462 5568 κείσεται
2489 5515 2600 5569 τῶν
2623 5520 2700 5582 εἰς
2727 5519 2899 5592 ἄκρον
2932 5521 3168 5576 ἐπαίνων
3199 5525 3463 5595 ἡκόντων.
3491 5529 3677 5583 Αὑτὸν

2082 5604 2190 5676 γὰρ
2217 5601 2371 5676 οἶμαι
2415 5608 2524 5662 δεῖν
2579 5611 2641 5664 οὐ
2701 5613 2940 5685 μετρίως
2977 5615 3370 5688 ἀποθαυμάσαι
3392 5617 3630 5689 λέγοντα
3656 5641 3673 5658 ο

1798 5780 1844 5811 ⁸⁸
1901 5781 2090 5840 Matth.
2149 5800 2256 5852 xu,
2293 5787 2382 5842 55.
