3884 6208
206 351 313 411 εοιι

1222 361 1293 416 ῚΝ
1329 359 1616 417 ιοΑΝΝιε
1650 357 2099 416 EVANGELIUM
2148 360 2277 417 ΜΒ.
2314 359 2402 417 1X.

3350 362 3469 417 202'

214 486 239 520 ι
265 468 447 533 Δεῖξον
467 471 599 540 ἡμῖν
628 469 719 523 τὸν
749 472 986 544 Πατέρα,
1010 476 1102 529 καὶ
1139 476 1300 547 ἀρκεῖ
1326 479 1481 548 ἡμῖν.
1504 494 1523 528 ι
1559 477 1771 546 ’Ὀμοιοκι

1893 493 1912 527 ι
1946 475 2185 532 Ostende
2229 475 2392 532 nobis
2436 475 2672 541 Patrem,
2721 486 2775 529 et
2812 475 3011 531 sufﬁcit
3038 474 3219 532 nobis.
3254 495 3274 529 ι
3311 476 3459 533 Idem
3508 487 3531 543 ὲ

208 562 321 633 γὰρ
348 562 422 624 ὡς
455 564 504 614 εί
527 562 630 634 ἔφη
661 565 820 635 τυχόν
841 583 855 597 ·
907 568 1096 638 Πάσης
1130 569 1197 623 ἂν
1229 572 1360 624 εἴσω
1389 569 1646 639 γενέσθαι
1681 569 1785 639 τῆς

210 651 476 724 θυμηδίας
504 655 1068 729 ὁμολογήσαιμεν,καὶ
1086 662 1224 731 πρὸς
1242 662 1302 715 τὸ
1329 659 1465 714 εἶναι
1494 658 1783 732 μακαρίως

208 740 363 793 οὐδέν
387 743 501 795 ἐστι
534 742 646 814 [γρ.
678 744 782 817 ἔτι]
828 746 891 800 τὸ
936 748 1123 803 λεῖπον
1183 752 1539 822 ζητήσαιμεν,
1593 752 1643 803 εί
1684 750 1784 820 τῆς

206 833 303 886 τοῦ
336 834 471 889 Θεοῦ
507 839 602 890 καὶ
638 839 850 913 Πατρὸς
893 841 1259 915 ἀξιωθείημεν
1290 845 1623 899 πολυεύκτου
1655 844 1783 907 θέας

208 927 301 977 καὶ
320 927 495 981 αὐτοί.
539 929 596 982 '0
629 930 686 983 δὲ
726 934 927 997 παντὸς
986 933 1233 1006 προθεὶς.
1261 935 1490 1005 ἀγαθοῦ,
1542 936 1639 989 καὶ
1686 934 1781 989 τοῦ

202 1017 491 1084 δοκοῦντος
541 1023 921 1094 εἰςιεύθυμίαν
981 1026 1275 1092 συντελεῖν,
1304 1028 1405 1100 τὴν
1441 1027 1536 1082 τοῦ
1568 1029 1783 1101 Πατρδς

199 1106 361 1172 θέαν,
399 1109 517 1175 πῶς
549 1114 651 1166 οὐκ
673 1113 742 1168 ἂν
769 1115 1083 1185 ὁμολογοῖτο
1113 1118 1312 1181 παντὸς
1341 1120 1609 1191 ὑπάρχειν
1632 1119 1782 1185 ἄξιος

206 1200 522 1271 θαύματος;
572 1204 728 1261 Οὕτω
762 1208 858 1279 μὲν
887 1205 980 1263 οὖν
1001 1211 1071 1264 τὰ
1100 1213 1158 1265 ἐν
1180 1211 1259 1283 τῷ
1295 1212 1640 1283 προκειμένῳ
1668 1212 1783 1266 δια-

202 1291 510 1365 ληψόμεθα,
545 1297 797 1369 καθάπερ
844 1296 1021 1370 οἶμαι,
1046 1303 1188 1357 κατά
1214 1306 1316 1373 τὴν
1349 1305 1572 1375 εὐστιϐῆ
1604 1322 1663 1358 τε
1688 1306 1782 1358 καὶ

198 1386 583 1459 ἁπλουστέραν
602 1395 714 1455 τοῖς
775 1394 987 1459 πολλοῖς
1019 1395 1271 1469 θεωρίαν»
1298 1398 1361 1450 Ei
1387 1398 1443 1450 δὲ
1468 1400 1572 1469 χρή
1602 1415 1654 1451 τι
1689 1399 1782 1452 καὶ

202 1481 625 1553 περιεργότερον
659 1483 805 1550 ίδεῖν,
848 1486 945 1539 καὶ
986 1487 1125 1557 τάχα
1153 1505 1206 1541 τι
1233 1488 1344 1541 τῶν
1381 1490 1780 1561 κεκρυμμένων

199 1570 403 1635 εἰπεῖν,
460 1573 757 1643 οίησόμεθά
792 1593 845 1628 τι
890 1578 980 1630 τὸν
1024 1578 1291 1633 Φίλιππον
1320 1581 1526 1651 φράσαι
1552 1598 1612 1634 τε
1643 1579 1780 1650 ὁμοῦ

199 1659 300 1711 καὶ
354 1660 544 1728 νοῆσαι
592 1664 850 1719 τοιοῦτον.
918 1657 1325 1723 Κατεδάκνοντό
1365 1673 1494 1740 γάρ,
1546 1673 1637 1724 ἐπὶ
1665 1672 1780 1734 τοῖς

190 1750 297 1803 ’τοῦ
331 1752 578 1824 Σωτῆρος
606 1754 899 1827 θαύμασιν,
922 1760 972 1811 οἱ
994 1759 1102 1811 τῶν
1140 1762 1411 1815 Ἰουδαίων
1441 1764 1778 1833 προεστηκό-

1885 569 2030 622 euini
2065 580 2150 624 est
2181 584 2246 623 ac
2272 569 2318 623 si
2348 568 2535 623 forsan
2565 568 2810 622 diceret:
2842 565 3003 621 Omni
3036 567 3219 638 gaudii
3258 585 3458 639 genere

1885 677 1988 716 nos
2021 660 2333 716 cumulatos
2368 661 2686 722 fatebimur,
2742 675 2847 714 nec
2877 658 2946 713 ad
2994 659 3307 715 felicitatem
3353 661 3455 714 ali-

1886 751 2013 821 quid
2040 751 2184 805 ultra
2214 753 2580 821 requiremus,
2615 750 2662 804 si
2686 748 2781 804 Dei
2804 764 2871 804 ac
2903 749 3085 805 Patris
3112 750 3458 820 optatissima

1885 842 2045 914 775
2078 843 2289 898 visione
2324 842 2432 896 frui
2471 842 2707 898 licuerit.
2762 842 2951 912 Atqui
2986 841 3162 898 Patris
3190 842 3454 900 visionem

1884 935 2045 990 bonis
2074 935 2334 990 omnibus
2361 950 2425 989 ac
2452 935 2615 989 rebus
2641 950 2761 1005 quae
2796 935 2861 989 ad
2896 934 3210 991 felicitatem
3249 935 3458 990 condu-

1885 1042 2010 1081 cere
2032 1029 2284 1081 videntur
2314 1027 2634 1096 anteponit,
2672 1042 2739 1081 an
2771 1042 2879 1082 non
2913 1028 3063 1081 omni
3087 1028 3457 1083 admiratione

1886 1118 2086 1186 dignus
2125 1119 2494 1189 praedicetur?
2534 1117 2631 1172 Hic
2662 1118 2884 1190 quidem
2938 1128 3022 1174 est
3047 1120 3315 1190 propositi
3344 1120 3454 1174 loci

1887 1209 2084 1278 planus
2113 1220 2166 1264 et
2199 1211 2429 1280 simplex
2462 1226 2681 1266 sensus.
2723 1208 2918 1265 Verum
2961 1211 3007 1266 si
3063 1211 3372 1266 abstrusius
3401 1221 3457 1266 et

1885 1302 2158 1357 cui-insius
2191 1302 2448 1372 quiddam
2492 1302 2826 1357 afferendum
2862 1310 2966 1368 est,
3013 1303 3124 1358 tale
3165 1303 3298 1371 quid
3330 1303 3458 1357 Phi-

1886 1390 2089 1459 lippum
2118 1391 2330 1446 dixisse
2364 1400 2418 1445 et
2444 1394 2719 1460 cogitasse
2751 1392 3087 1460 putabimus.
3136 1390 3454 1446 Judmorum

1886 1484 2185 1552 praepositi,
2227 1492 2281 1539 et
2340 1482 2546 1539 Scriba:
2597 1494 2759 1552 atque
2800 1483 3083 1547 Pharisaei,
3146 1483 3456 1540 Servatoris

1886 1574 2167 1629 miraculis
2216 1575 2617 1645 pungebantur,
2663 1583 2717 1630 et
2764 1575 3070 1630 innumeris
3118 1576 3293 1645 signis
3344 1590 3453 1629 non

1886 1679 2049 1718 secus
2074 1679 2136 1719 ac
2159 1665 2432 1736 lapidibus
2455 1666 2616 1736 petiti
2644 1666 2845 1720 invidia
2871 1666 3290 1735 rumpebantur,
3315 1667 3457 1722 scie-

1888 1757 2123 1827 bantque
2150 1774 2210 1815 se
2240 1758 2390 1812 nullo
2430 1759 2594 1812 modo
2634 1773 2800 1828 posse
2832 1757 3101 1813 adversus
3133 1773 3257 1811 eum
3297 1757 3454 1826 quid-

195 1855 316 1903 τες,
347 1842 440 1894 καὶ
468 1844 602 1914 πρὸς
626 1846 836 1909 τούτοις
875 1847 957 1901 ἔτι
1005 1850 1360 1922 Γραμματεῖς
1398 1870 1459 1905 τε
1492 1854 1587 1906 καὶ
1614 1854 1771 1923 Φαρι-

1884 1862 2048 1916 quam
2097 1863 2278 1918 agere,
2310 1857 2407 1902 aut
2456 1864 2579 1902 eum
2608 1864 2636 1901 a
2692 1847 2976 1902 miraculis
3006 1848 3234 1902 edendis
3270 1847 3454 1915 prohi-

199 1933 369 1996 σαῖοι,
407 1935 499 1985 καὶ
555 1938 676 1997 ταῖς
719 1937 1051 2010 ἀμετρήτοις
1102 1940 1471 2013 θεοσημείαις,
1529 1944 1778 2016 καθάπερ

195 2024 313 2076 τισὶ
345 2024 511 2088 λίθοις
535 2027 616 2088 εἰς
670 2030 897 2099 καρδίαν
945 2031 1280 2104 βαλλόμενοι,
1321 2036 1414 2089 καὶ
1444 2037 1778 2108 ἐρρήγνυντο

194 2114 281 2186 τῷ
304 2116 505 2188 φθόνῳ,
535 2120 628 2173 καὶ
657 2120 848 2191 δρᾶσαι
875 2123 974 2193 μέν
996 2143 1050 2179 τι
1083 2127 1221 2197 πρὸς
1248 2127 1441 2191 ταῦτα,
1471 2130 1564 2182 καὶ
1590 2147 1779 2199 τερατ-

194 2206 503 2275 ουργοῦντα
548 2208 868 2265 διακωλύειν
923 2215 991 2266 δι’
1033 2216 1249 2280 οὐδενὸς
1306 2218 1511 2288 ίσχύειν
1577 2220 1776 2291 ᾔδεσαν

194 2298 403 2367 τρόπου
429 2316 442 2329 ·
495 2300 846 2373 διασύροντες
899 2306 956 2359 δὲ
1006 2308 1147 2361 οὕτω
1176 2310 1243 2363 τά
1270 2312 1591 2380 παραδόξως
1615 2330 1777 2382 γεγε-

195 2388 431 2458 νημένα,
459 2390 554 2444 καὶ
582 2395 692 2455 τοῖς
718 2393 779 2457 ἐξ
794 2395 1006 2465 ἀπάτης
1027 2400 1566 2471 κατασμικρύνοντες
1598 2403 1776 2468 λόγοις

193 2481 300 2550 τὴν
325 2480 482 2545 δόξαν
512 2484 699 2548 αὐτοῦ,
724 2486 834 2539 ἄνω
851 2504 911 2540 τε
930 2489 1024 2542 καὶ
1052 2491 1201 2544 κάτω
1217 2491 1315 2562 τὴν
1342 2492 1451 2545 τῶν
1505 2494 1775 2548 Ἰουδαίων

190 2567 502 2635 διαθέοντες
548 2572 753 2643 χώραν,
801 2575 967 2647 αὑτήν
997 2594 1056 2631 τε
1093 2579 1193 2650 τὴν
1235 2581 1611 2654 Ἰερουσαλὴμ,
1645 2586 1774 2638 ποτὲ

196 2661 304 2729 μὲν
356 2661 594 2733 ἔφασκον
637 2667 695 2718 ἐν
749 2666 1077 2734 Βεελζεδοὺλ
1116 2673 1281 2726 αὐτὸν
1333 2675 1660 2745 ἐργάζεσθαι
1706 2678 1775 2731 τὰ

187 2756 435 2823 σημεῖα·
493 2756 625 2808 ποτὲ
650 2757 707 2809 δὲ
754 2759 918 2812 πάλιν
944 2763 1026 2825 είς
1063 2762 1365 2824 ἀκάθεκτον
1392 2766 1590 2835 μανίαν
1634 2768 1774 2834 ἐξοι-

193 2845 541 2916 στρούμενοι,
596 2848 857 2921 δαιμονᾷν
919 2852 1019 2922 μὲν
1069 2853 1331 2922 ἔφασκον,
1361 2858 1462 2909 οὐκ
1489 2858 1686 2912 εἰδέναι
1714 2860 1771 2913 δὲ

190 2936 235 2989 ᾶ
286 2954 470 3008 φησιν.
539 2940 842 3012 Ἐπετίμων
903 2945 1011 3014 γάρ
1052 2948 1167 3010 τοῖς
1242 2946 1422 3017 ὄχλοις
1485 2934 1770 3018 λέγοντεςο

192 3046 217 3077 ι
252 3028 537 3098 Δαιμόνιον
552 3028 687 3099 ἔχει,
731 3033 825 3085 καὶ
849 3035 1105 3103 μαίνεται
1174 3038 1229 3087 τί
1269 3036 1432 3091 αὑτοῦ
1470 3039 1697 3093 ἀκούετε
1720 3058 1766 3104 ;ι

204 3118 1766 3185 Ἀλλ’...............

189 3299 467 3364 εύκλείαις
486 3304 773 3374 ἀφορήτως
804 3306 1280 3379 ἀντεγειρόμενος,
1307 3312 1389 3375 τίς
1418 3312 1474 3366 δέ
1503 3308 1658 3377 οὗτος
1679 3310 1767 3384 ἦν,

184 3390 503 3457 ἀναγκαίως
524 3392 654 3464 ἐρῶ.
712 3395 1019 3449 Ἀνέπειθον
1044 3398 1153 3470 γάρ
1195 3401 1320 3464 τοὺς
1358 3401 1583 3473 δήμους,
1603 3406 1773 3457 καθά-

189 3498 302 3553 περ
373 3483 578 3552 ἀρτίως
620 3484 925 3556 ἐδείξαμεν,
946 3489 1036 3541 τὸν
1080 3490 1181 3560 μὲν
1212 3493 1362 3562 παρά
1393 3492 1487 3546 τοῦ
1515 3495 1771 3565 Σωτῆρος

189 3572 352 3642 ἡμῶν
371 3574 445 3644 μὴ
467 3576 784 3645 προσίεσθαι
804 3578 1290 3652 λόγον,ἀποφοιτᾷν
1311 3584 1387 3649 δὲ,
1410 3584 1485 3647 ὡς
1498 3585 1772 3640 διδάσκον-

187 3680 285 3727 τος
319 3667 469 3736 παρὰ
519 3667 609 3720 τὸν
656 3668 842 3740 νόμον,
889 3672 987 3724 καὶ
1015 3672 1090 3737 ὡς
1148 3676 1487 3745 πορρωτάτω
1546 3678 1772 3746 φεύγειν

186 3756 544 3824 ἐπείγεσθαι,
572 3763 925 3831 προσκεῖσθαι
958 3764 1014 3816 δέ
1056 3765 1255 3834 μᾶλλον
1273 3770 1385 3831 τοῖς
1413 3769 1500 3823 διά
1523 3772 1769 3834 Μωσέως

189 3850 659 3922 τεθεσπισμένοις.
694 3856 804 3907 Καὶ
823 3855 910 3909 διὰ
942 3857 1100 3909 ποίαν
1119 3859 1299 3912 αἰτίαν
1320 3877 1334 3923 ;
1354 3862 1631 3930 Ἐφασκον
1659 3866 1768 3935 γὰρ

190 3941 276 3994 ὃτι
314 3944 517 4013 Μωσῆς
542 3947 639 4015 μὲν
669 3948 696 3999 6
730 3947 905 4016 μέγας
927 3951 1067 4013 τοὺς
1093 3950 1262 4005 πάλαι
1288 3953 1447 4017 λαοὺς
1474 3956 1765 4026 ἐξήνεγκεν

188 4034 273 4094 είς
301 4035 622 4107 συνάντησιν
651 4037 745 4090 τοῦ
770 4039 904 4093 Θεοῦ
922 4082 937 4105 ,
970 4044 1111 4097 κατά
1138 4045 1198 4096 τὸ
1227 4048 1635 4116 γεγραμμένον,
1674 4051 1767 4100 καὶ

190 4126 535 4197 παρέστησεν
567 4131 658 4183 ἐπὶ
684 4131 743 4184 τὸ
767 4131 891 4203 ὅρος
922 4134 981 4186 τὸ
1007 4136 1165 4201 Σινᾶ,
1215 4137 1382 4201 ἐδειξέ
1408 4155 1467 4189 τε
1500 4140 1686 4203 αὐτοῖς
1711 4143 1767 4195 εν

190 4215 272 4285 τῷ
311 4216 424 4286 ὄρει
445 4218 536 4270 τὸν
561 4220 692 4272 Θεὸν
711 4262 725 4285 ,
754 4222 849 4275 καὶ
880 4223 1111 4277 ἀκοῦσαι
1143 4227 1519 4297 παρεσκεύασε
1551 4230 1657 4283 τῶν
1682 4231 1769 4283 λό-

189 4323 307 4374 γων
344 4308 535 4374 αὐτοῦ,
555 4311 1012 4384 πεπληροφόρηκέ
1046 4331 1103 4366 τε
1132 4317 1224 4368 καὶ
1256 4316 1399 4386 μάλα
1429 4318 1637 4386 σαφῶς,
1684 4323 1765 4372 ὅτι

184 4398 324 4462 Θεὸς
350 4400 524 4453 ἐλάλει
564 4402 689 4464 τοὺς
734 4404 931 4472 νόμους
957 4420 969 4433 ·
1024 4406 1054 4456 6
1082 4405 1140 4457 δὲ
1185 4407 1389 4459 τούτων
1414 4406 1564 4460 οὐδὲν
1594 4408 1762 4472 ἔδειξε

1884 1939 2013 1993 bere
2043 1956 2057 1992 :
2086 1938 2180 1994 sed
2217 1939 2504 2010 stupendis
2566 1939 2675 1992 illis
2707 1947 2762 1993 et
2790 1938 3024 1993 insolitis
3057 1940 3317 2008 operibus
3357 1939 3453 1992 de-

1881 2029 2195 2091 trahentes,
2232 2044 2296 2084 ac
2364 2029 2600 2084 versutis
2628 2029 2981 2083 sermonibus
3045 2030 3166 2098 ejus
3219 2032 3449 2100 gloriam

1876 2119 2172 2183 elevantes,
2210 2120 2571 2190 hucillucque
2595 2118 2905 2174 Iudaeorum
2937 2121 3213 2191 regionem
3240 2122 3443 2190 ipsaru-

1878 2226 1984 2278 que
2009 2208 2313 2266 Jerusalem
2351 2212 2646 2274 obeuntes,
2686 2211 2847 2265 modo
2879 2211 3103 2280 quidem
3136 2212 3357 2266 aiebant
3391 2215 3446 2267 in

1879 2301 2172 2358 Beelzebul
2232 2319 2357 2358 eum
2430 2304 2584 2373 signa
2648 2302 2926 2369 facere”;
2982 2303 3147 2359 modo
3202 2303 3449 2358 elfrenati

1879 2393 2082 2450 furoris
2118 2402 2289 2450 (nstro
2324 2396 2513 2465 perciti
2549 2393 2878 2450 daemonium
2929 2395 3129 2450 habere
3177 2396 3450 2460 dicebant,

1877 2493 1931 2539 et
1953 2487 2304 2557 neseireqtue
2325 2488 2662 2558 loqueretur.
2687 2486 3051 2558 Increpabant
3071 2486 3214 2541 enim
3236 2488 3449 2551 turbas,

1876 2577 2168 2634 dicentes:
2216 2596 2235 2630 ι
2290 2578 2630 2633 ῡιεηιοηὶυπι
2689 2577 2875 2643 habet,
2924 2586 2978 2634 et
3023 2578 3269 2633 insanit:
3319 2581 3451 2648 quid

1874 2684 1999 2723 eum
2038 2670 2242 2725 auditis
2265 2670 2349 2725 δεῖ
2388 2688 2408 2722 ι
2438 2670 2575 2737 Qua:
2610 2684 2741 2726 vero
2792 2685 2962 2726 causa
3022 2671 3301 2727 exstiterit
3350 2687 3454 2725 cur

1873 2760 1991 2829 ejus
2011 2761 2195 2831 g'lori.e
2218 2769 2505 2832 tantopere
2526 2762 2865 2827 resisterent,
2899 2762 3214 2819 necessario
3235 2762 3440 2817 dicam.

1872 2849 2280 2908 Persuadebant
2315 2854 2510 2918 turbis,
2541 2856 2703 2912 sicuti
2735 2855 2899 2910 modo
2917 2856 3442 2917 demonstravimus,

1871 2942 2177 2998 doctrinam
2216 2944 2523 3002 Servatoris
2554 2949 2729 3004 nostri
2767 2964 2873 3002 non
2902 2948 3217 3009 admittere,
3257 2947 3352 3003 sed
3380 2949 3449 3001 ab

1875 3048 1937 3087 ea
1980 3033 2236 3089 recedere
2271 3043 2329 3089 ut
2351 3037 2455 3107 legi
2480 3039 2783 3103 contraria,
2808 3054 2870 3092 ac
2896 3037 3216 3108 longissime
3236 3037 3444 3108 fugere.

1874 3128 2275 3197 praeceptisque
2308 3126 2567 3184 Mosaicis
2609 3130 2790 3200 potius
2840 3130 3142 3184 adhaerere.
3183 3128 3292 3184 Cur
3336 3130 3455 3183 ita?

1878 3219 2110 3273 Aiebant
2154 3220 2415 3273 nimirum
2450 3234 2707 3289 magnum
2781 3221 2932 3273 illum
2984 3219 3169 3275 Mosen
3220 3222 3453 3289 populus

1875 3309 2131 3365 eduxisse
2182 3310 2238 3363 in
2270 3325 2561 3365 occursum
2600 3309 2731 3372 Deo,
2764 3320 2824 3363 ut
2886 3313 3152 3381 scriptum
3194 3312 3371 3376 est”,
3399 3322 3454 3364 et

1876 3401 1943 3455 ad
1978 3412 2212 3457 montem
2246 3400 2377 3456 Sina
2420 3404 2705 3469 statuisse,
2740 3404 2931 3473 eisque
2963 3404 3133 3458 Deum
3168 3402 3220 3456 in
3259 3415 3444 3455 tuante

1874 3490 2209 3553 ostendisse,
2235 3499 2290 3545 et
2310 3489 2557 3547 eiecisse
2612 3500 2671 3545 ut
2707 3508 2987 3547 sermones
3016 3492 3138 3560 ejus
3173 3492 3448 3554 audirent,

1874 3585 2129 3654 clareque
2149 3584 2561 3639 demonstrasse
2586 3583 2677 3638 Dei
2702 3599 2796 3638 ore
2825 3584 2995 3653 legem
3033 3582 3271 3646 editam;
3302 3584 3449 3635 hunc

1875 3656 2055 3726 autem
2098 3675 2328 3729 istorum
2365 3674 2501 3727 nihil
2533 3674 2694 3743 plane
2724 3672 2942 3727 fecisse.
2986 3671 3112 3726 Haec
3147 3672 3272 3725 illos
3298 3671 3450 3725 iden-

1876 3766 2045 3820 tidem
2082 3767 2415 3829 incnlcasse,
2451 3765 2578 3819 hinc
2610 3765 2868 3834 accipies.
2904 3763 3130 3819 Videbis
3164 3764 3311 3835 enim
3355 3780 3450 3818 eos

1873 3873 2077 3913 caecum
2113 3858 2263 3911 illum
2308 3873 2339 3912 a
2396 3859 2703 3919 nativitatc,
2739 3871 2900 3927 quem
2943 3853 3206 3911 Servator
3258 3856 3450 3909 ineffa-

1872 3951 1965 4004 bili
1999 3950 2199 4005 virtute
2238 3952 2472 4013 curavit,
2499 3950 2583 4003 his
2623 3949 2805 4004 verbis
2839 3949 3266 4015 compellantes:
3304 3968 3322 4000 ι
3359 3946 3443 4001 Tu

1872 4039 2182 4108 discipulus
2241 4039 2390 4093 illius
2423 4040 2541 4094 sis:
2592 4054 2695 4093 nos
2725 4049 2904 4092 autem
2947 4037 3118 4109 Moysi
3181 4038 3445 4107 discipuli

1869 4145 2079 4185 sumus.
2148 4128 2259 4185 Nos
2329 4131 2478 4183 enim
2515 4130 2723 4185 scimus
2786 4131 2915 4199 quia
2978 4127 3148 4199 Moysi
3226 4130 3444 4184 locutus

1870 4232 1952 4276 est
1978 4220 2137 4285 Deus,
2169 4222 2315 4275 hunc
2336 4238 2471 4275 νει-ο
2502 4222 2779 4277 nescimus
2813 4222 2958 4275 unde
2978 4222 3135 4275 sit".
3163 4240 3180 4273 ι
3203 4221 3447 4287 Quicun-

1868 4326 1976 4379 que
2005 4327 2134 4380 ergo
2164 4311 2412 4366 Judaieis
2440 4311 2655 4381 placitis
2688 4311 3152 4380 asﬁpulabantur,
3185 4312 3444 4365 invictam

1869 4409 1922 4451 ιιι
1972 4399 2449 4468 inexpugnabilem
2491 4400 2635 4453 hanc
2672 4402 2941 4453 rationem
2985 4415 3109 4455 esse
3155 4402 3441 4469 putabant,

190 4489 491 4552 παντελῶς.
543 4492 663 4543 Ὀτι
711 4491 767 4545 δὲ
801 4486 955 4557 οὗτος
994 4489 1062 4565 ἧν
1094 4495 1265 4560 πολὺς
1306 4497 1435 4568 παρ’
1463 4498 1691 4562 ἐκείνοις
1738 4502 1765 4551 6

1875 4491 2296 4560 turbabantqne,
2332 4498 2391 4545 ut
2442 4492 2704 4546 credibile
2771 4500 2877 4554 est,
2933 4491 3097 4562 776
3142 4500 3306 4561 atque
3337 4491 3442 4546 hoc

181 4582 385 4649 λόγος,
425 4581 675 4635 ἐντεῦθεν
722 4585 964 4657 μαθήσῃ.
1017 4587 1324 4658 Θεωρήσεις
1365 4588 1473 4659 γὰρ
1508 4589 1765 4657 λέγοντας

188 4671 329 4743 πρὸς
352 4672 441 4725 τὸν
469 4674 533 4726 ἐκ
567 4675 793 4745 γενετῆς
820 4677 1049 4746 τυφλὸν,
1082 4678 1140 4733 ὃν
1164 4680 1389 4750 ἀρρήτῳ
1419 4680 1642 4751 δυνάμει
1676 4698 1763 4732 τε-

182 4764 531 4835 νθεράπευκεν
583 4769 611 4819 ὁ
657 4768 881 4839 Σωτήρ*
943 4789 962 4820 ι
1015 4770 1384 4840 Συμμαθητὴς
1426 4768 1478 4823 εἴ
1527 4773 1758 4835 ἐκείνου,

185 4858 351 4927 ἡμεῖς
382 4857 437 4911 δὲ
464 4857 559 4910 τοῦ
598 4859 839 4923 Μωσέως
882 4861 1048 4932 ἐσμὲν
1090 4863 1349 4933 μαθηταί.
1414 4864 1604 4932 Ἡμεῖς
1653 4865 1761 4933 γάρ

184 4948 408 5018 οῖδαμεν
435 4949 515 5002 ὅτι
548 4951 720 5021 Μωσῇ
754 4951 1046 5022 λελάληκεν
1080 4955 1109 5006 6
1136 4954 1267 5018 Θεός
1290 4969 1305 4984 ⁸
1354 4954 1541 5008 τοῦτον
1578 4956 1634 5008 δὲ
1660 4958 1761 5010 οὐκ

185 5039 410 5109 οἴδαμεν
438 5038 599 5093 πόθεν
625 5041 792 5095 ἐστίν.
825 5062 846 5094 ι
895 5044 1172 5114 Ἐνόμιζον
1196 5046 1376 5099 τοίνυν
1403 5048 1452 5099 οί
1483 5049 1592 5110 τοῖς
1635 5048 1761 5100 Ἰου-

184 5131 395 5194 δαϊκοῖς
445 5135 899 5204 συναγορεύοντες
942 5137 1174 5206 δόγμασι
1195 5178 1208 5201 ,
1261 5137 1760 5207 δυσανταγώνιστόν

182 5239 309 5275 τινα
338 5223 432 5275 τὸν
454 5224 551 5277 ἐπὶ
568 5224 776 5289 τούτοις
801 5228 1069 5282 ποιεῖσθαι
1106 5228 1282 5297 λόγον,
1314 5231 1407 5285 καὶ
1433 5231 1533 5286 οὐκ
1565 5231 1761 5285 εὐανάο

183 5330 420 5385 τρεπτον
453 5317 565 5378 τοῖς
612 5316 857 5381 πολλοῖς,
907 5318 1198 5389 ἐθορύϐουν
1222 5321 1299 5387 δὲ,
1326 5321 1399 5385 ὼς
1449 5323 1621 5386 εἰκὸς,
1667 5323 1760 5377 καὶ

184 5403 541 5470 ὑπεσκέλιξον
590 5406 675 5460 διὰ
706 5407 895 5461 τούτου
930 5410 1178 5475 πολλούς.
1223 5411 1395 5465 Τοῦτο
1422 5413 1541 5465 καθ’
1566 5413 1758 5467 ἑαυτὸν

181 5495 441 5564 ἐννοήσας
486 5497 515 5547 6
538 5496 801 5560 Φίλιππος
820 5538 836 5563 ,
887 5498 962 5562 ὼς
988 5499 1361 5571 λυθησομὲνης
1413 5500 1629 5570 ἁπάσης
1657 5501 1757 5570 τῆς

180 5584 292 5638 τῶν
341 5584 609 5637 Ἰουδαίων
651 5586 985 5655 ἀντιλογίας,
1032 5589 1079 5640 εί
1116 5590 1209 5640 καὶ
1256 5588 1417 5651 αὐτὸς
1454 5587 1673 5651 δείξειεν
1730 5590 1759 5640 6

256 5767 298 5796 ⁸⁷
342 5766 475 5822 Luc.
510 5784 584 5829 ιι,
626 5769 711 5821 15.
789 5769 835 5801 ⁸⁸
882 5767 1042 5823 Joan.
1079 5786 1131 5831 κ,
1162 5770 1251 5824 '20.

508 5862 773 5923 Pauor“
815 5862 931 5925 GR.
974 5862 1219 5923 LXXIV.

1874 4582 2036 4636 modo
2074 4583 2276 4637 multos
2313 4581 2665 4650 dejicicbant.
2708 4581 2822 4635 Hoc
2865 4583 3007 4650 apud
3039 4598 3099 4636 se
3150 4581 3439 4651 Philippus

1873 4670 2178 4734 revolvens,
2202 4671 2358 4739 quasi
2386 4672 2568 4726 omnis
2599 4671 2693 4724 illa
2721 4670 3033 4725 Iudaeorum
3056 4670 3297 4739 objectio
3322 4674 3446 4725 fun-

1868 4759 2018 4815 ditus
2042 4762 2261 4815 ruitura
2294 4771 2462 4827 esset,
2504 4762 2550 4815 si
2583 4770 2637 4815 et
2669 4764 2784 4830 ipse
2812 4762 3068 4816 Christus
3092 4761 3442 4818 credentibus

1868 4851 1921 4904 in
1989 4851 2166 4921 ipsum
2235 4850 2450 4907 Patrem
2506 4851 2855 4919 ostenderet,
2911 4853 2996 4907 his
3067 4868 3191 4907 eum
3258 4855 3441 4908 verbis

1866 4944 2197 5012 compellat:
2256 4962 2276 4995 ι
2319 4943 2568 5008 Domine,
2610 4945 2843 5000 ostende
2885 4946 3048 5000 nobis
3105 4944 3343 5009 Patrem,
3386 4955 3442 4999 et

1868 5034 2065 5090 sullicit
2098 5037 2282 5091 nobis.
2305 5056 2323 5088 ι
2346 5034 2515 5107 Finge
2537 5036 2684 5091 enim
2713 5038 2826 5092 haec
2849 5052 2973 5092 eum
3006 5038 3185 5107 loqui:
3220 5036 3438 5095 Omnia.

1868 5130 2063 5197 inquit,
2105 5143 2139 5182 ο
2200 5126 2449 5192 Domine,
2491 5136 2584 5181 tua
2632 5136 2905 5197 potestate
2941 5138 3275 5199 peraguntur
3317 5146 3440 5198 qu:e

1866 5236 1966 5273 nos
1997 5222 2065 5273 ad
2126 5218 2285 5274 fidem
2322 5218 2629 5287 inducunt;
2662 5220 2971 5274 innumeris
3030 5219 3313 5273 miraculis
3337 5218 3437 5274 Ju-

1865 5311 2036 5365 daica:
2100 5310 2455 5380 procacitatis
2516 5311 2895 5379 intemperiem
2961 5324 3217 5364 coercere
3289 5309 3436 5364 licet.

1864 5400 2012 5455 Nihil
2052 5409 2233 5456 autem
2265 5402 2425 5457 nobis
2461 5403 2621 5472 plane
2653 5401 2893 5456 defuerit
2926 5402 2970 5454 si
3025 5409 3080 5456 et
3112 5402 3227 5469 ipse
3278 5401 3437 5455 nobis

1863 5493 2081 5547 Patrem
2118 5510 2181 5548 ac
2214 5493 2382 5548 Deum
2432 5494 2786 5549 ostenderis:
2837 5494 3066 5547 suﬂiciet
3095 5495 3239 5546 enim
3290 5491 3437 5547 ismd

1867 5587 1979 5642 tuis
2011 5586 2321 5656 discipulis,
2360 5595 2419 5641 ut
2451 5602 2641 5642 eorum
2694 5587 2787 5657 qui
2836 5587 2949 5641 haec
2989 5584 3273 5656 proferunt
3317 5600 3435 5642 ser-

1357 5770 1399 5800 "
1436 5767 1604 5823 Exod.
1659 5784 1769 5822 xxx.
1808 5768 1892 5822 t7.
1972 5768 2014 5799 ’°
2047 5766 2205 5822 Joan.
2238 5784 2310 5832 ix,
2340 5767 2432 5832 28,
2464 5767 2555 5822 29.

2927 5859 2958 5919 7
