3884 6208
421 336 538 394 205

1393 331 1450 385 S.
1484 329 1760 385 CYlilLlJ
1802 328 2271 384 ALEXANDRINI
2312 326 2634 384 ARCIIIEP.

3600 332 3707 387 204

426 475 620 516 mones
654 455 954 512 retundere
989 453 1226 526 possint.
1275 453 1591 508 Istiusmodi
1636 467 1860 507 sensum
1906 452 2006 504 loci

2121 450 2353 520 Χριστὸς
2382 452 2493 513 τοῖς
2523 453 2600 513 εἰς
2628 451 2791 503 αὑτὸν
2818 451 3131 503 πιστεύουσι
3158 452 3248 506 τὸν
3272 452 3517 524 Πατέρα,
3543 454 3708 523 πρόσ-

428 555 592 622 hujus
624 551 937 614 aﬂerentes,
965 563 994 603 a
1026 558 1174 603 recta
1231 549 1447 604 ratione
1481 547 1803 617 neutiquam
1855 544 2012 600 deer-

429 647 692 701 rabimus.
713 642 797 698 '~Ut
827 643 974 698 enim
1008 641 1116 696 hoc
1145 642 1309 696 modo
1341 639 1876 710 intelligamus,ipse
1910 652 2013 693 nos

430 738 712 807 Philippus
743 735 940 807 adigit,
971 734 1202 790 dicens:
1235 732 1443 789 SuiIicit
1488 733 1651 788 nobis
1691 731 1880 787 videre
1909 729 2010 784 Pa-

428 840 568 884 trem
600 838 653 885 et
683 828 874 894 Deum,
911 829 1074 897 quasi
1101 829 1204 882 hoc
1225 828 1404 882 solum
1448 823 1802 880 credentibus
1831 821 2012 888 desit;

427 918 547 986 ipse
573 932 796 986 quoque
819 914 1077 971 Christus
1103 914 1507 986 quodammodo
1539 913 1855 984 persuadet,
1880 927 2005 966 cum

427 1011 484 1064 in
517 1011 880 1080 sequentibus
910 1010 1024 1064 ait:
1065 1029 1083 1060 ι
1127 1007 1305 1064 Verba
1330 1024 1452 1080 quae
1474 1024 1576 1080 ego
1609 1008 1807 1078 loquor
1829 1006 2006 1070 vobis,

428 1117 459 1156 a
489 1103 701 1171 meipso
735 1117 844 1155 non
877 1103 1103 1172 loquor:
1137 1100 1298 1156 Pater
1325 1110 1508 1156 autem
1544 1101 1599 1155 in
1631 1115 1716 1156 me
1755 1113 2009 1164 manens,

428 1195 552 1263 ipse
591 1191 724 1247 facit
757 1206 926 1262 Opera
946 1193 1016 1247 υ.
1058 1211 1076 1244 ι
1112 1191 1269 1258 Quod
1295 1190 1574 1261 quomodo
1599 1189 1670 1243 sit
1701 1188 2011 1258 intelligen-

427 1285 580 1346 dum,
608 1298 720 1339 non
753 1283 1275 1354 impraesentiarum,
1318 1281 1414 1337 sed
1459 1281 1636 1354 magis
1693 1280 1892 1336 idoneo
1955 1287 2012 1335 et

427 1376 677 1446 proximo
706 1375 922 1430 dicetur
946 1377 1088 1430 loco.

2117 560 2228 596 εισι
2254 543 2428 611 λέγων
2453 560 2469 575 ο
2511 561 2529 594 ι
2557 543 2767 614 Κύριε,
2805 541 2980 609 δεῖξον
3007 545 3137 614 ἡμῖν
3173 545 3266 598 τὸν
3303 545 3526 617 Πατέρα
3549 585 3568 610 ,
3616 548 3705 600 καὶ

2116 638 2279 706 ἀρκεῖ
2305 638 2456 707 ἡμῖν.
2487 655 2505 687 ι
2568 635 2770 690 Ἐννόει
2809 636 2920 706 γὰρ
2958 636 3217 706 λέγοντα·
3260 639 3478 698 Πάντα,
3516 639 3704 708 φησὶν,

2114 723 2159 782 ὦ
2183 729 2448 792 Δέσποτα,
2474 731 2554 793 εἰς
2579 730 2762 783 πίστιν
2789 729 3056 798 ἐπαγωγὰ
3091 731 3182 786 διὰ
3201 731 3300 801 τῆς
3327 732 3428 802 σῆς
3456 729 3708 796 ἐξουσίας

2113 822 2384 884 τελεῖται,
2413 821 2502 876 διὰ
2543 823 2756 894 μυρίων
2787 822 3088 894 θαυμάτων
3128 825 3504 895 δυσωπήσειεν
3528 825 3596 879 ἄν
3623 841 3711 884 τις

2119 915 2218 985 τῆς
2243 915 2351 968 τῶν
2391 914 2660 968 Ἰουδαίων
2705 915 3086 985 γλωσσαλγίας
3134 918 3196 970 τὸ
3243 918 3502 986 ἀκρατές.
3552 917 3711 968 Ἐπι-

2116 1009 2273 1080 λείψῃ
2304 1009 2346 1062 δ’
2384 1008 2450 1062 ἂν
2484 1012 2616 1081 ἡμῖν
2647 1010 2727 1067 είς
2759 1008 2821 1062 τὸ
2851 1009 3114 1080 παράπαν
3141 1008 3321 1071 οὐδὲν,
3351 1010 3400 1062 εί
3427 1009 3522 1063 καί
3546 1008 3712 1069 αὐτὸς

2116 1102 2252 1170 ἡμῖν
2282 1100 2571 1165 ἐπιδείξεις
2609 1101 2701 1154 τὸν
2740 1101 2962 1172 Πατέρα
2994 1103 3089 1156 xui
3125 1102 3258 1156 Θεόν
3283 1120 3298 1134 ο
3344 1102 3571 1172 ἀρκέσει
3601 1100 3712 1170 γὰρ

2117 1193 2275 1246 τοῦτο
2299 1195 2412 1255 τοῖς
2440 1195 2552 1256 σοῖς
2577 1193 2847 1264 μαθηταῖς
2863 1236 2878 1259 ,
2902 1197 2980 1259 εἰς
3001 1195 3062 1248 τὸ
3083 1193 3343 1249 δύνασθαι
3373 1194 3559 1248 λοιπὸν
3576 1235 3591 1254 ,
3617 1193 3713 1245 καὶ

2121 1284 2269 1353 μάλα
2297 1283 2501 1350 καλῶς,
2519 1287 2630 1346 τοῖς
2662 1285 2770 1339 τῶν
2800 1289 2984 1340 ἐκεῖνα
3025 1285 3416 1356 προτεινόντων
3445 1283 3713 1338 καθοπλί-

2119 1373 2312 1440 ζεσθαι
2339 1374 2538 1444 λόγοις.
2590 1377 2862 1449 Τοιαὺτην
2911 1379 3036 1430 τινὰ
3067 1376 3302 1448 θεωρίαν
3343 1379 3455 1440 τοῖς
3487 1392 3714 1446 προκει⁴

428 1466 613 1535 μένοις
666 1465 1016 1529 ὲποίσαντες,
1061 1466 1162 1518 οὑκ
1191 1464 1291 1526 ἂν,
1345 1461 1532 1540 οἶμαι,
1599 1463 1695 1517 τοῦ
1748 1463 2053 1536 πρέποντος
2113 1464 2274 1533 λόγου
2318 1466 2820 1540 διαμαρτήσαιμεν.
2887 1470 3060 1523 Καλεῑ
3105 1470 3213 1543 γὰρ
3259 1471 3407 1540 ἡμᾶς
3461 1469 3603 1539 πρὸς
3647 1469 3715 1520 τὸ

424 1558 569 1611 οὕτω
595 1561 736 1613 νοεῖν
786 1560 883 1612 xui
930 1558 1095 1622 αὐτὸς
1141 1560 1169 1612 ὁ
1219 1557 1526 1622 Φίλιππος,
1567 1557 1774 1626 λέγων’
1849 1558 2034 1628 Ἀρκεῖ
2071 1561 2208 1629 ἡμῖν
2252 1560 2313 1614 τὸ
2363 1561 2488 1614 ἰδεῖν
2525 1564 2615 1615 τὸν
2642 1563 2862 1634 Πατέρα
2890 1565 2986 1617 καὶ
3045 1565 3218 1628 Θεὸν,
3263 1564 3465 1617 ὡσανεὶ
3518 1561 3712 1615 τούτου

426 1650 522 1702 xui
559 1649 720 1720 μόνου
768 1653 881 1713 τοῖς
914 1649 1339 1704 πεπιστευκόσιν
1385 1650 1784 1714 ὲλλελοιπότος,
1813 1649 2063 1704 ὑποτιθεῖ
2098 1651 2154 1705 δέ
2195 1671 2312 1717 πως
2333 1693 2348 1715 ,
2399 1655 2493 1708 xui
2521 1655 2684 1719 αὑτὸς
2717 1659 2744 1708 ὁ
2775 1657 3001 1728 Σωτὴρ,
3033 1659 3091 1711 ὲν
3121 1660 3234 1720 τοῖς
3273 1657 3469 1726 ἐφεξῆς
3506 1653 3710 1708 εἰπών’

433 1762 452 1793 ‹
477 1740 560 1795 Τὰ
599 1742 844 1813 ῥήματα,
885 1741 921 1795 ἂ
954 1741 1066 1808 ἐγὼ
1099 1742 1244 1810 λέγω
1295 1742 1445 1811 ὑμῖν,
1487 1741 1582 1795 ἀπ’
1613 1741 1852 1813 ἐμαυτοῦ
1877 1743 1937 1794 οὑ
1981 1742 2148 1811 λαλῶ,
2185 1746 2212 1798 ό
2243 1745 2299 1798 δὲ
2331 1747 2523 1818 Πατὴρ
2553 1749 2610 1800 ἐν
2646 1749 2772 1818 ἐμοὶ
2803 1749 2981 1818 μένων
3001 1789 3015 1812 ,
3043 1749 3278 1803 ποιεῖτά
3307 1750 3442 1820 ἔργα
3470 1750 3654 1810 αὑτός.
3687 1765 3708 1795 ι

427 1833 502 1886 Τὸ
534 1833 592 1886 δὲ
634 1832 783 1896 ὅπως
819 1835 1084 1905 προσήκει
1136 1833 1232 1886 xui
1273 1831 1433 1885 τοῦτο
1488 1835 1661 1900 νοεῖν,
1689 1834 1789 1886 οὐκ
1830 1834 1887 1885 ὲν
1930 1831 2010 1904 τῷ
2041 1835 2271 1906 παρόντι
2303 1836 2539 1908 μᾶλλον,
2589 1838 2704 1892 ἀλλ’
2735 1842 2794 1892 ὲν
2831 1838 2911 1910 τῷ
2966 1839 3404 1911 πρεπωδεστέρῳ
3448 1839 3544 1892 καὶ
3591 1841 3711 1907 γεί-

425 1945 538 1981 τονι
571 1925 844 1993 λελέξεται
871 1927 1042 1996 τόπῳ.

499 2019 641 2084 λιν,
669 2019 723 2073 9.
775 2018 918 2072 Dicit
958 2020 1006 2073 ei
1037 2017 1236 2072 Iesus:
1272 2016 1445 2072 Tanto
1482 2027 1710 2085 tempore
1748 2015 2006 2070 vobiscum

2190 2017 2361 2086 Λέγει
2407 2018 2568 2083 αὐτῷ
2613 2021 2645 2072 d
2699 2019 2963 2088 Ἰησοῦς’
3031 2021 3307 2085 Τοσούτῳ
3339 2021 3536 2088 χρόνῳ
3580 2021 3714 2092 μεθ’

426 2131 568 2179 sum,
599 2123 648 2166 et
675 2129 780 2166 non
812 2112 1104 2183 cognovisti
1134 2127 1237 2178 me,
1277 2109 1567 2180 Philippe?
1598 2110 1702 2177 Qui
1733 2108 1870 2163 videt
1909 2123 2012 2172 me,

426 2208 564 2262 videt
593 2216 642 2260 et
672 2205 918 2260 Patrem.

487 2298 942 2356 inexcusabilem
975 2312 1102 2353 esse
1137 2296 1415 2369 discipulo
1439 2295 1805 2368 ignorantiam
1829 2301 2016 2350 osten-

426 2395 529 2448 dit.
559 2392 900 2448 Dillicillimaa
929 2389 1076 2444 enim
1109 2389 1625 2460 contemplationes,
1646 2395 1700 2441 et
1731 2401 1852 2457 quae
1876 2385 2012 2442 sub-

425 2487 740 2542 tilissimam
806 2481 1011 2552 ingenii
1067 2481 1240 2536 aciem
1293 2488 1354 2535 ut
1403 2479 1783 2549 percipiantur
1830 2477 2014 2547 requi-

425 2586 578 2642 runt,
607 2575 828 2631 tametsi
867 2573 1012 2628 haud
1043 2574 1246 2644 exiguo
1300 2572 1492 2627 forsan
1526 2580 1792 2642 tempore,
1849 2570 2014 2640 longo

425 2682 608 2726 tamen
636 2668 817 2739 spatio
856 2664 1248 2737 comprehendi
1300 2671 1532 2735 queunt,
1590 2666 1636 2718 si
1672 2663 1836 2718 modo
1893 2669 2014 2718 stu-

425 2762 577 2816 dium
607 2757 756 2814 adsit
786 2775 799 2811 :
833 2756 889 2810 in
925 2757 1131 2826 quibus
1163 2771 1296 2810 vero
1331 2755 1468 2808 nihil
1499 2761 1587 2808 est
1619 2752 1885 2823 ambigui,
1915 2751 2012 2807 sed

424 2866 548 2922 qua:
591 2857 740 2905 recta
773 2847 1092 2919 cognitione
1134 2855 1412 2912 constant,
1447 2847 1601 2901 nullo
1635 2847 1854 2917 negotio
1884 2860 2010 2916 per-

423 2942 726 3014 cipiuntur.
761 2939 904 3006 Quid
937 2954 1087 3009 ergo,
1143 2940 1343 3010 inquit,
1407 2957 1440 2992 o
1470 2939 1742 3010 Philippe,
1775 2939 2010 3010 impedi—

424 3049 611 3094 mento
665 3037 830 3092 fuerit
878 3035 1177 3107 quominus
1223 3035 1464 3107 perfecte
1509 3050 1596 3090 me
1641 3049 2008 3106 agnosceres,

421 3132 689 3194 edissere,
721 3143 929 3200 quaeso.
986 3127 1138 3182 Licet
1163 3128 1309 3182 enim
1357 3134 1467 3181 tam
1516 3128 1741 3197 longum
1793 3134 2009 3196 tempus

419 3223 718 3289 eﬂluxerit,
751 3237 864 3293 quo
895 3236 1017 3278 sunt
1048 3220 1355 3286 vobiscum,
1413 3228 1468 3276 et
1501 3220 1568 3275 ad
1598 3229 1804 3275 certam
1846 3219 2007 3274 [idem

422 3315 660 3372 suliiciat
715 3329 906 3370 eorum
935 3328 1059 3384 quae
1087 3321 1139 3366 te
1177 3311 1394 3368 discere
1423 3311 1734 3382 oportebat,
1784 3311 2007 3366 dubitas

2118 2107 2286 2176 ὑμῶν
2311 2111 2459 2178 εἰμι,
2511 2110 2611 2164 καί
2653 2112 2767 2166 οὐκ
2810 2110 3080 2180 ἔγνωκάς
3125 2127 3235 2180 με,
3288 2113 3546 2167 Φίλιππε
3571 2130 3592 2177 ;
3655 2115 3710 2165 Ὀ

2114 2201 2386 2269 ἑωρακὼς
2407 2203 2534 2272 ἐμὲ,
2570 2202 2796 2273 ἑώρακε
2829 2205 2940 2258 τὸν
2965 2205 3217 2273 Πατέρα.

2198 2295 2631 2366 Ἀπροφάσιστον
2646 2295 2724 2367 τῷ
2743 2297 2957 2368 μαθητῇ
2979 2298 3078 2366 τὴν
3093 2298 3335 2368 ἀμαθίαν
3351 2300 3702 2354 ὲπιδεικνυει.

2115 2385 2196 2438 Tu
2227 2387 2324 2457 μὲν
2339 2388 2447 2460 γὰρ
2470 2387 2900 2460 δυσεφικτότερα
2917 2389 3027 2442 τῶν
3053 2389 3427 2462 θεωρημάτων
3451 2394 3542 2445 xui
3569 2395 3706 2463 πρὸς

2113 2477 2418 2548 κατάληψιν
2443 2479 2541 2551 τὴν
2569 2481 2628 2532 ὲν
2657 2481 3031 2551 νοήσει,φημὶ,
3059 2481 3387 2555 λεπτοτέραν
3415 2485 3472 2536 ἐν
3493 2485 3707 2548 ἑαυτοῖς

2113 2567 2596 2642 ὲξαιτοῦνταιῇγλ
2622 2570 2976 2644 ὲξαιτοῦντα]
3002 2573 3101 2643 τὴν
3133 2573 3396 2642 βάσανον,
3428 2576 3478 2628 εί
3503 2578 3602 2630 καὶ
3631 2578 3706 2648 μὴ

2111 2661 2170 2712 ὲν
2196 2660 2362 2732 ὀλίγῳ
2394 2662 2572 2732 χρόνῳ
2617 2663 2809 2732 τυχὸν,
2867 2663 2982 2716 ἀλλ’
3019 2659 3112 2717 οὖν
3155 2663 3214 2716 ὲν
3255 2668 3495 2736 μακραῖς
3523 2685 3706 2738 παρα-

2111 2751 2302 2805 τάσεσι
2347 2751 2456 2806 τῶν
2489 2753 2698 2824 καιρῶν
2744 2753 2898 2808 ἔσται
2936 2754 3000 2826 δὴ
3046 2757 3266 2821 πάντως
3305 2757 3559 2828 ἁλώσιμα
3595 2763 3706 2822 τοῖς

2113 2843 2476 2914 φιλομαθέσι,
2525 2846 2621 2899 xui
2659 2849 2950 2918 καταφανῆ
2990 2849 3285 2919 γενήσεται
3313 2866 3326 2880 ο
3373 2844 3453 2914 οἷς
3493 2850 3552 2903 δὲ
3605 2853 3703 2904 οὐκ

2109 2939 2287 2993 ἔνεστι
2309 2940 2369 2993 τὸ
2398 2941 2724 3012 περισκελὲς
2742 2983 2758 3006 ,
2807 2943 2921 2997 ἀλλ’
2953 2943 3170 2997 εὐθεῖαν
3196 2945 3310 3016 ἔχει
3339 2945 3437 3015 τὴν
3469 2947 3699 3016 εἴδησιν,

2109 3030 2321 3094 τούτοις
2352 3031 2418 3084 ἄν
2438 3049 2520 3095 τις
2544 3033 2866 3103 προσϐάλοι,
2883 3036 2976 3088 xui
3007 3035 3124 3088 Αίαν
3149 3037 3380 3092 ἀκονιτί.
3410 3035 3475 3088 Τί
3497 3038 3700 3094 τοίνυν,

2111 3117 2297 3188 φησὶν,
2329 3111 2374 3170 ὦ
2396 3119 2652 3184 Φίλιππε,
2690 3122 2825 3192 πρὸς
2852 3123 2950 3194 τὴν
2977 3124 3068 3177 ὑπ’
3097 3124 3223 3193 ἐμοὶ
3251 3125 3467 3179 σύνεσιν
3497 3127 3703 3198 ἀκριΕῆ

2108 3207 2170 3260 τὸ
2203 3208 2602 3280 παραποδίσαν,
2630 3212 2770 3265 είπέ.
2821 3211 3014 3265 Καίτοι
3041 3213 3149 3284 γὰρ
3183 3213 3326 3267 οὑτω
3367 3215 3590 3286 μακροῦ
3621 3218 3704 3270 δι-

2110 3300 2406 3366 ελάσαντος
2432 3303 2626 3373 χρόνου
2649 3343 2664 3368 ,
2693 3304 2814 3357 καθ’
2839 3304 2898 3357 ὃν
2929 3307 3046 3375 sip).
3084 3306 3204 3376 μεθ’
3235 3307 3386 3378 ὑμῶν
3404 3350 3419 3370 ,
3481 3310 3577 3362 xui
3608 3311 3705 3380 ἀρ·

419 3413 607 3462 tamen
669 3405 873 3468 adhuc,
919 3403 1030 3457 imo
1098 3415 1228 3457 vero
1313 3402 1570 3473 ignorare
1654 3400 2006 3456 convinceris

2112 3393 2338 3458 κοῦντος
2373 3397 2452 3458 είς
2484 3395 2889 3468 πληροφορίαν,
2915 3391 2987 3452 ὧν
3015 3398 3121 3452 ἔδει
3155 3417 3214 3452 σε
3246 3401 3467 3472 μαθεῖν,
3497 3403 3706 3458 ἐνδοιὰ-

419 3501 546 3570 quis
602 3514 704 3571 ego
761 3499 866 3554 sim
934 3496 1239 3553 secundum
1310 3505 1612 3560 naturam,
1693 3505 1749 3551 et
1818 3497 2005 3561 unde,

420 3591 676 3662 quamvis
703 3606 788 3646 me
818 3597 901 3644 tot
925 3590 1190 3644 miracula
1226 3588 1467 3644 edidisse
1497 3589 1828 3658 comperias.
1854 3589 2003 3654 Quo-

422 3683 588 3737 modo
617 3696 744 3735 vero
775 3695 882 3734 non
941 3678 1237 3749 agnovisti,
1271 3679 1491 3747 inquit,
1536 3677 1681 3748 quod
1729 3678 1824 3748 qui
1869 3678 2008 3731 vidit

423 3771 678 3838 me,vidit
703 3779 758 3825 et
787 3769 1042 3826 Patrem?
1067 3769 1360 3824 Enimvero
1391 3770 1610 3839 priscos
1634 3769 1758 3824 illos
1787 3768 2006 3824 Judazos

420 3862 586 3934 777
617 3870 870 3917 naturam
907 3861 1147 3916 divinam
1183 3861 1236 3914 in
1269 3867 1456 3915 monte
1483 3859 1614 3914 Sina
1650 3860 2020 3930 perspexisse

421 3965 607 4027 putas,
642 3955 877 4026 ejusque
926 3968 1115 4009 vocem
1175 3952 1398 4009 audisse
1447 3967 1573 4007 cum
1617 3969 1800 4008 rerum
1836 3967 2007 4024 agen-

422 4049 618 4100 darum
674 4047 821 4117 leges
868 4052 1119 4116 poneret.
1163 4042 1246 4098 Tu
1277 4059 1406 4098 vero
1445 4043 1691 4098 nondum
1743 4044 1840 4099 tibi
1884 4059 2008 4115 per-

423 4138 654 4194 suasisti
682 4137 901 4192 Patrem
942 4145 996 4192 te
1023 4137 1232 4191 vidisse
1263 4151 1360 4205 per
1387 4151 1473 4191 me
1510 4145 1564 4190 et
1599 4137 1650 4189 in
1687 4153 1792 4190 me.
1840 4157 1858 4189 ι
1901 4137 2005 4203 Qui

421 4231 569 4283 enim
613 4227 753 4283 vidit
800 4243 907 4292 me,
960 4236 1013 4283 el.
1065 4227 1207 4282 vidit
1261 4227 1497 4281 Patrem.
1542 4246 1560 4278 ›
1598 4225 1721 4281 Jam
1766 4244 1900 4283 vero
1947 4236 2006 4282 ut

422 4321 754 4377 ostendatur
797 4321 1007 4374 nullam
1059 4319 1222 4374 nobis
1259 4333 1288 4371 a
1321 4318 1543 4374 Christo
1569 4320 1837 4374 visionem
1881 4333 2007 4374 cor-

422 4431 643 4487 porcam
681 4413 1010 4484 signiﬁcari,
1053 4412 1213 4483 longa
1248 4411 1505 4466 oratione
1559 4427 1668 4466 non
1715 4420 1802 4467 est
1841 4427 2000 4480 opus.

424 4508 594 4564 Nemo
637 4509 781 4562 enim
819 4521 990 4560 sanus
1036 4504 1239 4560 dixerit
1285 4503 1379 4560 Dei
1431 4512 1686 4558 naturam
1733 4518 2004 4574 corporeo

426 4604 544 4656 visu
602 4598 836 4670 percipi,
885 4597 982 4653 sed
1040 4611 1218 4668 neque
1272 4596 1457 4651 carnis
1511 4596 1693 4652 oculis
1755 4611 2005 4666 compre-

421 4689 609 4751 bendi,
648 4686 795 4756 quod
846 4696 1105 4756 tanquam
1159 4686 1218 4740 in
1271 4685 1504 4755 speculo
1534 4700 1599 4740 ac
1651 4701 1719 4741 ne
1773 4686 2000 4757 quidem

419 4778 720 4848 percipitur
750 4796 763 4831 ς
799 4775 1046 4830 videmus
1080 4777 1225 4829 enim
1261 4783 1525 4846 tanquam
1575 4778 1629 4831 in
1684 4779 1911 4848 speculo
1946 4786 2000 4833 et

416 4872 473 4924 in
508 4871 800 4940 aenigmate
825 4870 904 4934 ";
930 4874 984 4920 et
1020 4867 1210 4936 jejuno
1243 4867 1536 4923 admodum
1572 4882 1768 4938 sapere
1791 4870 1858 4925 de
1889 4869 2000 4926 Deo

419 4964 661 5018 arbitror
705 4978 829 5016 eum
885 4963 976 5031 qui
1013 4962 1098 5016 vel
1155 4977 1409 5032 magnam
1462 4961 1568 5015 sibi
1621 4947 1996 5033 cognitionem

419 5056 567 5110 illius
606 5055 870 5109 venditet.
900 5054 1040 5108 Illud
1092 5063 1275 5108 tamen
1305 5053 1561 5108 veritatis
1610 5054 1867 5111 hostibus
1901 5056 1997 5127 qui

419 5149 661 5218 linguam
716 5161 870 5201 suam
921 5146 976 5199 in
1023 5161 1147 5207 nos.
1191 5145 1299 5198 imo
1331 5159 1462 5200 vero
1511 5144 1778 5201 adversus
1819 5147 1995 5217 ipsam

418 5237 700 5310 Unigeniti
759 5237 1128 5293 substantiam
1185 5243 1410 5302 acuunt,
1444 5251 1646 5291 rursus
1695 5237 1896 5293 dicam.
1938 5237 1997 5293 Si

417 5348 527 5385 non
555 5338 724 5385 estex
757 5329 876 5398 ipsa
913 5327 1005 5382 Dei
1036 5344 1102 5382 ac
1133 5327 1314 5381 Patris
1347 5327 1660 5382 substantia
1692 5326 2001 5401 Filius.per

417 5421 823 5493 generationem
854 5422 1130 5475 exsistens
1156 5419 1206 5474 id
1231 5419 1378 5490 quod
1409 5427 1515 5483 est,
1545 5419 1687 5475 Deus
1713 5422 1995 5486 nimirum,

417 5524 473 5568 et
517 5515 822 5570 secundum
859 5521 1112 5567 naturam
1157 5528 1222 5566 ac
1276 5528 1425 5575 vere,
1458 5512 1553 5567 sed
1603 5521 1832 5569 externa
1869 5523 1994 5571 tan-

421 5605 702 5662 tummodo
762 5605 946 5675 specie
999 5619 1321 5668 coruscans,
1365 5613 1419 5658 et
1449 5603 1750 5661 adventitia
1791 5607 1992 5678 gloria,

491 5785 535 5816 "
570 5781 730 5838 Joan.
769 5799 880 5849 ειν,
916 5784 999 5839 l0.
1076 5786 1120 5818 ⁹¹
1155 5783 1172 5840 1
1213 5787 1344 5842 Cor."
1382 5802 1511 5852 rut,
1557 5787 1641 5840 l2.

2109 3485 2223 3550 ζεις
2241 3485 2343 3548 ἔτι,
2376 3486 2576 3556 μᾶλλον
2600 3488 2655 3540 δὲ
2685 3488 2830 3559 ἥλως
2853 3490 3162 3562 ἠγνοηκὼς,
3189 3491 3270 3556 τίς
3293 3493 3391 3563 μὲν
3417 3493 3528 3562 ἐγὼ
3561 3498 3702 3548 κατὰ

2109 3577 2270 3645 φύσιν
2298 3580 2436 3650 είμὶ,
2463 3583 2558 3633 xui
2589 3582 2773 3642 πόθεν,
2809 3584 2985 3636 καίτοι
3014 3585 3122 3638 τῶν
3161 3587 3243 3640 ὅτι
3279 3587 3515 3656 μάλιστα
3550 3593 3704 3660 παρὰ

2111 3674 2192 3725 σοὶ
2230 3672 2667 3745 θαυμαζομένων
2705 3677 2975 3748 εὑρίσκων
3003 3677 3131 3732 ὄντα
3170 3679 3522 3750 δημιουργόν.
3579 3683 3701 3744 Πῶς

2107 3764 2166 3817 δὲ
2195 3767 2295 3819 οὑκ
2327 3766 2530 3832 ἔγνως,
2557 3770 2754 3837 φησὶν,
2780 3770 2862 3821 ὃτι
2893 3768 2921 3819 ὁ
2954 3769 3239 3842 θεωρήσας
3276 3774 3406 3842 ἐμὲ,
3443 3774 3700 3827 τεθέαται

2105 3857 2199 3910 τὸν
2233 3859 2454 3930 Πατέρα
2482 3876 2497 3923 ;
2534 3859 2650 3912 ἀλλ’
2690 3859 2979 3924 Ἰουδαίους
3014 3863 3111 3932 μὲν
3141 3862 3241 3915 οἴει
3266 3865 3392 3927 τοὺς
3409 3863 3578 3918 πάλαι
3605 3868 3700 3935 τὴν

2109 3947 2258 4001 θείαν
2283 3951 2339 4002 ἐν
2367 3950 2445 4020 τῷ
2473 3950 2589 4020 ὄρει
2620 3951 2752 4022 Σινᾷ
2779 3951 3069 4006 τεθεᾶσθαι
3096 3950 3279 4022 φύσιν,
3311 3955 3610 4026 ἀκηκοέναι
3642 3974 3698 4009 τε

2106 4038 2375 4112 λαλούσης
2409 4041 2580 4110 αὐτῆς
2599 4080 2616 4104 ,
2661 4043 2751 4095 ὅτε
2794 4044 2920 4106 τοὺς
2955 4044 3049 4098 ἐπὶ
3072 4047 3184 4108 τοῖς
3209 4047 3506 4115 πρακτέοις
3531 4048 3700 4100 ἐτίθει

2107 4131 2324 4201 νόμους.
2355 4133 2426 4186 Σὺ
2459 4132 2516 4186 δὲ
2543 4131 2696 4186 οὔπω
2729 4133 3007 4204 διετέθης,
3037 4137 3118 4191 ὅτι
3144 4135 3234 4190 τὸν
3258 4138 3482 4208 Πατέρα
3508 4139 3698 4192 τεθέα-

2109 4240 2218 4284 σαι,
2259 4222 2326 4275 δι’
2362 4225 2496 4294 ἐμοῦ
2529 4243 2586 4278 τε
2618 4227 2711 4280 xui
2741 4229 2799 4279 ὲν
2822 4227 2964 4298 ὲμοί.
3009 4249 3026 4280 ι
3066 4229 3123 4281 '0
3151 4229 3260 4300 γὰρ
3287 4230 3551 4301 ἑωρακὼς
3574 4234 3692 4302 ἐμὲ.

2107 4313 2320 4384 ἑώρακε
2377 4317 2468 4368 τὸν
2513 4318 2752 4387 Πατέρα.
2785 4337 2804 4370 ι
2861 4319 2973 4372 Καὶ
3007 4320 3090 4372 ὅτι
3137 4320 3237 4390 μὲν
3273 4320 3332 4373 οὑ
3370 4325 3694 4392 σωματικήν

2105 4427 2227 4463 τινα
2260 4410 2494 4482 θεωρίαν
2533 4413 2665 4482 ἡμῖν
2688 4412 3354 4483 κατασημαίνειΧριστὸς,
3377 4414 3438 4466 οὑ
3466 4415 3694 4484 μακρῶν

2105 4495 2261 4569 οἶμαι
2309 4501 2590 4574 δεδεῆσθαι
2625 4501 2797 4570 λόγων
2838 4505 2965 4566 τοὺς
3004 4503 3409 4574 ἀκροωμένους.
3465 4505 3541 4555 Οὑ
3586 4505 3696 4574 γὰρ

2106 4594 2172 4649 ἄν
2203 4611 2288 4658 τις
2317 4595 2462 4650 εἴποι
2494 4595 2604 4648 τῶν
2634 4595 2758 4649 νοῦν
2786 4596 3016 4666 ἐχόντων
3035 4638 3050 4659 ,
3086 4596 3185 4668 τὴν
3228 4596 3320 4650 τοῦ
3356 4596 3494 4650 Θεοῦ
3523 4597 3690 4666 φύσιν

2109 4687 2366 4758 θεωρίαις
2394 4687 2714 4743 ὑποκεῖσθαι
2747 4692 3084 4758 σωματικαῖς
3105 4729 3120 4753 ,
3154 4690 3270 4743 ἀλλ’
3292 4690 3414 4743 οὑδὲ
3445 4693 3558 4756 τοῖς
3584 4692 3683 4761 τῆς

2111 4779 2313 4849 σαρκὸς
2346 4779 2646 4849 ὀφθαλμοῖς
2675 4781 2883 4833 κατίδοι
2916 4798 3001 4844 τις
3029 4781 3094 4834 ἂν
3117 4781 3191 4851 ίτὸ
3216 4781 3293 4845 ὡς
3321 4784 3416 4835 xui
3447 4783 3604 4852 μόλις
3637 4786 3692 4837 ἐν

2107 4872 2358 4941 ἐσόπτρῳ
2401 4870 2774 4942 καταληπτόν·
2817 4871 2939 4940 βλέτ
2971 4890 3088 4943 »μεν
3131 4872 3274 4944 γὰρ,
3307 4874 3382 4937 ὡς
3410 4875 3470 4926 ἐν
3517 4876 3693 4943 αἰνίγ-

2110 4981 2241 5034 ματι
2267 4979 2281 4992 ·
2312 4963 2408 5016 xui
2453 4963 2627 5034 μικρά
2670 4967 2886 5034 φρονεῖν
2915 4961 3068 5036 οἶμαι
3116 4966 3244 5037 περὶ
3286 4965 3422 5019 Θεοῦ
3472 4969 3689 5021 καὶτὸν

2105 5057 2227 5109 λίαν
2255 5056 2467 5126 μεγάλῃ
2493 5056 2837 5126 ὲπαυχοῦντα
2874 5056 3091 5125 γνώσει.
3124 5057 3268 5128 Πλὴν
3295 5059 3472 5112 ἐκεῖνο
3497 5061 3562 5133 δὴ
3594 5063 3690 5114 πά-

2105 5145 2188 5198 λιν
2219 5147 2331 5209 τοῖς
2358 5146 2455 5214 τῆς
2493 5145 2749 5216 ἀληθείας
2789 5145 3022 5218 ἐροῦμεν
3051 5147 3261 5218 ἐχθροῖς
3281 5189 3296 5214 ,
3343 5150 3393 5202 οἳ
3425 5151 3687 5205 πλατεῖαν

2101 5237 2285 5306 ἔχουσι
2311 5236 2433 5289 καθ’
2467 5235 2624 5307 ἡμῶν
2660 5235 2759 5307 τὴν
2789 5237 3036 5305 γλῶτταν
3055 5279 3069 5308 ,
3121 5240 3319 5310 μᾶλλον
3348 5241 3405 5293 δὲ
3436 5244 3560 5294 κατ’
3589 5245 3687 5295 αὖ-

2099 5329 2202 5398 τῆς
2229 5330 2326 5398 τῆς
2350 5329 2537 5392 οὐσίας
2563 5327 2657 5382 τοῦ
2687 5330 3042 5398 Μονογενοῦς.
3096 5331 3161 5385 Ei
3189 5332 3299 5404 γὰρ
3330 5333 3405 5404 μὴ
3428 5335 3486 5401 ἐξ
3516 5335 3685 5404 αὑτῆς

2045 5445 2056 5457 ο
2100 5423 2201 5493 τῆς
2238 5422 2424 5486 οὑσίας
2453 5421 2548 5476 τοῦ
2579 5421 2715 5476 Θεοῦ
2747 5424 2842 5476 xui
2867 5424 3080 5494 Πατρός
3119 5427 3265 5478 ἐστιν
3302 5427 3330 5479 ό
3356 5426 3515 5490 Υἱὸς,
3561 5444 3682 5495 γενν-

2103 5515 2282 5587 νητῶς
2313 5517 2574 5587 ὑπάρχων
2603 5516 2752 5570 τοῦθ’
2778 5518 2917 5589 ὅπερ
2942 5519 3088 5583 ἐστὶ,
3121 5517 3253 5581 Θεὸς
3287 5519 3562 5590 δηλονότι,
3585 5523 3675 5575 καὶ

2112 5609 2252 5662 κατᾶ
2300 5608 2492 5678 φύσιν,
2543 5609 2636 5665 καὶ
2683 5609 2929 5674 ἀληθῶς,
2995 5611 3172 5675 αὸνοις
3213 5611 3271 5666 δὲ
3322 5616 3431 5676 τοῖς
3483 5612 3679 5677 ἔξωθεν
