3892 6202
222 352 325 411 205

1250 367 1315 423 IN
1347 367 1633 427 JOANNIS
1674 370 2119 429 EV’ANGELIUM
2168 374 2295 431 LIB.
2327 375 2414 430 IX.

3382 391 3488 445 206

221 479 626 549 ἀγλαῖζόμενος
658 482 925 555 σχήμασι,
967 487 1061 541 καὶ
1087 491 1205 553 ταῖς
1233 492 1580 560 ἐπεισάκτοις
1604 496 1780 568 λελαμ

1909 510 2018 550 non
2050 507 2229 552 autem
2265 501 2617 559 naturalibus
2668 504 3084 576 dignationibus
3130 513 3487 585 conspicuus,

219 572 532 641 πρυσμένος
561 573 831 639 εύκλείαις
850 619 866 643 ,
900 580 959 631 ού
1004 585 1254 649 φυσικοῖς
1298 585 1617 657 διαπρέπων
1645 588 1806 655 ἀξιώ-

222 679 418 731 μασιν,
453 664 511 717 ὲν
554 666 732 737 ἑαυτῷ
756 666 812 721 δὲ
850 674 1051 740 μορφοῖ
1080 673 1172 726 τὸν
1204 676 1427 749 Πατέρα
1448 717 1463 741 ,
1515 680 1610 733 καὶ
1640 680 1806 734 εἰκών

217 756 367 808 ἐστιν
400 756 814 829 ἀπαράλλακτος
844 762 937 815 τοῦ
990 763 1128 819 Θεοῦ
1148 807 1162 829 ,
1194 768 1412 839 πρῶτον
1456 771 1555 840 μὲν
1591 772 1695 826 οὐκ
1737 772 1805 826 ἂν

218 847 303 916 εἴη
329 848 475 900 κατὰ
510 849 673 918 φύσιν
707 853 866 916 Υἱὸς,
904 854 1021 909 ἀλλ’
1068 859 1191 912 οὐδὲ
1233 861 1482 934 γέννημα
1524 867 1643 917 κατ’
1670 865 1804 937 ἀλή-

217 940 403 1004 θειαν,
435 942 651 1015 ποίημα
676 947 732 1000 δὲ
762 947 885 1001 καθ’
918 950 1095 1021 ἡμᾶς,
1122 954 1155 1024 ἧ
1187 971 1242 1007 τι
1273 955 1383 1009 τῶν
1405 958 1661 1013 τοιούτων
1684 960 1804 1013 ’ἐτε-

219 1048 330 1102 ρον.
356 1030 431 1089 Οὗ
460 1038 911 1110 παραδεχθέντος,
935 1045 1077 1100 οὕτω
1100 1065 1158 1101 τε
1177 1048 1322 1119 ἔχειν
1340 1054 1797 1124 πεπιστευμένου,

215 1126 497 1192 παντελῶς
532 1129 704 1201 δήπου
747 1136 972 1190 κάκεῖνο
1017 1140 1266 1211 φήσομεν
1305 1144 1555 1214 ἀληθῶς,
1595 1145 1671 1211 ὡς
1702 1147 1803 1203 οὐκ

212 1217 282 1272 ἂν
313 1220 398 1289 εἴη
428 1221 618 1294 Πατὴρ
648 1225 677 1276 ὁ
713 1226 901 1298 Πατὴρ
947 1231 1200 1304 ἐνεργείᾳ
1233 1235 1329 1287 καὶ
1365 1236 1554 1305 φύσει,
1583 1239 1801 1312 θελήσει

212 1310 271 1363 δὲ
307 1312 512 1381 μᾶλλον
536 1316 629 1368 καὶ
658 1317 878 1389 δοκήσει
908 1323 1094 1392 τυχὸν,
1122 1325 1375 1399 καθάπερ
1407 1320 1501 1384 οὖν
1525 1333 1619 1385 καὶ
1644 1310 1801 1403 ἡμῶν

140 1450 155 1465 ,
210 1403 526 1475 ὠνόμασται
552 1410 759 1482 Πατήρ.
784 1409 918 1466 Εἶτα
946 1417 997 1468 τί
1021 1417 1081 1469 τὸ
1102 1418 1353 1474 ἐντεῦθεν
1378 1438 1393 1487 ;
1429 1423 1800 1497 Συνομολογηο

212 1493 460 1566 θήσεται,
494 1500 590 1552 καὶ
620 1499 696 1564 ὡς
722 1502 781 1568 ἐξ
812 1504 1059 1576 ἀνάγκης
1083 1510 1335 1564 ἀνατελεῖ
1359 1513 1520 1584 τριάς
1540 1493 1682 1570 ὀὐκ
1713 1493 1798 1570 ἔτι

208 1588 548 1663 γάρὴμῖνὴ
593 1594 723 1661 ἁγία
769 1598 1087 1654 πιστεύεται
1132 1604 1276 1658 κατά
1321 1622 1443 1660 τινα
1485 1606 1549 1679 δὴ
1576 1610 1795 1681 τρόπον,

209 1683 363 1751 τρεῖς
388 1684 444 1737 δὲ
480 1686 712 1756 μᾶλλον,
743 1688 817 1753 ὡς
845 1693 907 1743 ἐν
935 1693 1212 1766 ἀλλήλοις,
1270 1698 1372 1752 οὐκ
1399 1701 1798 1775 ἐνυπάρχοντος

207 1775 518 1841 οὑσιωδῶς,
550 1778 780 1834 ἑκάστου
822 1801 885 1836 τε
916 1782 1106 1857 ὥσπερ
1130 1788 1239 1842 τῶν
1272 1790 1553 1862 ὀνομάτων
1594 1798 1674 1859 είς
1704 1797 1796 1850 τὸν

206 1868 409 1922 οἰκεῖον
448 1871 563 1940 τῆς
582 1873 717 1938 ἰδίας
757 1875 975 1944 φύσεως
1021 1880 1462 1954 ἀναχωροῦντος,
1505 1887 1796 1961 διακεκομ-

210 1960 377 2028 μένου
404 1977 463 2014 τε
491 1964 585 2017 τοῦ
616 1967 804 2038 ἑτέρου
831 1970 1107 2037 παντελῶς
1128 1991 1140 2003 ·
1184 1975 1501 2041 ἐκϐιάζεται
1534 1981 1644 2051 γάρ
1677 1960 1796 2047 πως

203 2054 358 2123 ἡμᾶς
385 2058 416 2126 ἡ
439 2056 535 2110 τοῦ
562 2056 919 2131 θεωρήματος
941 2062 1193 2136 δύναμις,
1216 2067 1309 2120 καὶ
1329 2068 1637 2142 παχύτερον
1666 2075 1795 2146 περὶ

203 2145 413 2200 τούτων
450 2151 645 2205 εἰπεῖν.
697 2154 809 2206 Καὶ
835 2152 885 2208 ὲί
909 2155 1067 2210 τοῦτο
1098 2157 1343 2229 δώσομεν
1372 2162 1640 2234 ὑπάρχειν
1662 2145 1794 2236 ἀλη-

204 2236 320 2304 θὲς,
347 2238 519 2304 οὕτως
540 2260 602 2296 τε
627 2242 771 2314 ἔχειν
792 2246 1051 2318 ἐροῦμεν,
1072 2250 1168 2303 καὶ
1192 2253 1290 2322 τῆς
1316 2253 1503 2318 οὐσίας
1534 2257 1628 2309 τοῦ
1654 2257 1791 2311 Θεοῦ

203 2331 302 2384 καὶ
330 2333 546 2405 Πατρὺς
585 2335 865 2408 ἀλλότριον
913 2341 1193 2405 παντελῶς
1237 2346 1657 2418 παραδεξόμεθα
1701 2352 1791 2405 τὸν

202 2422 368 2488 Υἰδν,
418 2424 537 2490 πῶς
583 2428 647 2481 ού
687 2428 1077 2500 διαψεῦσεται,
1125 2434 1299 2503 λέγων
1325 2456 1337 2469 ·
1381 2452 1405 2490 ι·
1440 2440 1497 2493 Ὁ
1529 2443 1791 2513 ἑωρακὼς

199 2514 552 2587 ὲμὲ,ὲὼρακε
577 2519 670 2573 τὸν
688 2522 906 2594 Πατέρα
927 2541 971 2589 ς»
1000 2524 1137 2578 Θεοῦ
1159 2527 1267 2600 γάρ
1285 2529 1621 2602 ὑπάρχοντος
1648 2537 1791 2591 κατὰ

198 2607 370 2676 φύσιν
400 2611 494 2665 τοῦ
534 2614 782 2686 Πατρὸς,
831 2618 948 2683 πῶς
977 2619 1044 2673 ἂν
1069 2622 1200 2692 ἡμῖν
1230 2625 1259 2677 ὁ
1294 2625 1418 2689 Υἱὸς
1441 2668 1453 2691 ι
1502 2629 1681 2684 καίτοι
1713 2632 1788 2705 μὴ

198 2702 468 2773 ὑπάρχων
499 2703 632 2770 Θεὸς
661 2707 804 2762 κατὰ
844 2712 1008 2778 φύσιν
1048 2712 1189 2766 κατὰ
1229 2714 1319 2768 τὸν
1354 2716 1577 2773 ἐκείνων
1609 2702 1786 2790 λόγον,

194 2793 365 2862 δείξει
393 2797 452 2849 ὲν
482 2799 662 2871 ἐαυτῷ
702 2800 794 2854 τὸν
825 2804 1051 2875 Πατέρα
1081 2822 1096 2870 ;
1146 2806 1270 2870 Πῶς
1296 2808 1406 2880 γὰρ
1435 2810 1493 2865 ἐν
1524 2811 1603 2883 τῷ
1631 2830 1789 2882 γεγο-

196 2884 314 2937 νότι
342 2885 404 2939 τὸ
437 2887 513 2958 μὴ
553 2890 775 2958 γεγονὸς
816 2891 1202 2965 θεωρήσομεν,
1248 2897 1308 2949 ὲν
1350 2899 1407 2952 δὲ
1436 2899 1513 2971 τῷ
1557 2902 1632 2972 μὴ
1671 2902 1786 2956 δντι

195 2978 354 3044 ποτὲ,
385 2981 527 3035 κατά
557 2998 622 3049 γε
651 2983 741 3035 τὸν
764 2983 860 3037 τοῦ
893 2987 1227 3057 πεποιῆσθαι
1260 2990 1438 3060 λόγον,
1468 2992 1585 3058 πῶς
1613 2994 1679 3049 ἄν
1701 3012 1787 3060 τις

196 3069 301 3122 ἴδοι
341 3071 432 3123 τὸν
472 3071 601 3127 ὄντα
632 3073 721 3126 διά
752 3077 998 3143 παντός;
1048 3080 1141 3151 Μὴ
1176 3081 1288 3153 γάρ
1334 3088 1424 3151 μοι
1465 3082 1669 3152 λεγέτω
1702 3104 1785 3150 τις

1908 589 2003 644 sed
2061 590 2116 645 in
2161 594 2349 664 seipso
2400 593 2619 652 Patrem
2657 602 2937 671 exprimit,
2969 612 3026 658 et
3083 604 3486 675 perfectissima

1904 688 1992 736 est
2024 680 2124 739 Dei
2156 685 2338 756 imago
2364 687 2430 750 ⁸³,
2464 689 2702 758 primum
2738 694 2960 762 quidem
2996 712 3106 753 non
3152 700 3261 754 erit
3287 715 3489 757 secun-

1904 772 2036 828 dum
2096 784 2353 831 naturam
2408 776 2607 845 Filius,
2656 798 2835 855 neque
2872 802 3003 843 vere
3062 790 3340 860 genitura,
3391 792 3485 849 sed

1904 871 2160 919 creatura
2194 866 2400 936 potius,
2425 871 2593 926 sicuti
2624 888 2747 938 nos,
2770 884 2869 931 aut
2897 877 3107 950 aliquid
3131 881 3279 937 aliud
3301 882 3464 940 istius

1904 957 2074 1012 modi.
2124 956 2247 1025 Quo
2281 959 2528 1018 admisso
2559 973 2725 1036 atque
2753 968 2990 1033 credito,
3013 987 3139 1028 vere
3173 987 3488 1031 asscremus

1902 1045 2124 1104 Patrem
2168 1066 2283 1106 non
2327 1050 2465 1110 esse~
2489 1054 2708 1114 Patrem
2743 1068 2871 1116 actu
2905 1074 2961 1119 et
3008 1074 3228 1130 natura,
3264 1070 3359 1126 sed
3394 1088 3489 1124 vo-

1902 1139 2114 1197 luntate
2149 1145 2336 1212 potius
2363 1155 2418 1201 et
2444 1148 2729 1219 opinione,
2753 1154 2915 1210 sicuti
2942 1155 3110 1213 Pater
3129 1168 3319 1218 noster
3346 1179 3491 1218 nun-

1901 1242 2138 1303 cupatus
2155 1245 2259 1293 est.
2278 1238 2421 1306 Quid
2441 1256 2572 1297 vero
2598 1243 2728 1300 inde
2750 1248 3003 1318 sequitur
3019 1249 3381 1310 ?Necessario
3400 1256 3491 1309 ad-

1902 1322 2208 1382 mittendus
2232 1329 2340 1383 erit
2364 1330 2602 1387 deorum
2631 1337 2811 1392 ternio
2836 1340 3073 1411 :quippe
3105 1358 3213 1399 non
3246 1347 3488 1418 amplius

1901 1410 2229 1473 Trinitatem
2265 1421 2643 1494 crederemus,
2667 1443 2792 1483 cum
2818 1432 2962 1487 alius
2995 1433 3053 1488 in
3084 1435 3194 1489 alio
3222 1438 3487 1494 substan-

1902 1507 2109 1565 tialiter
2137 1527 2246 1568 non
2276 1513 2429 1582 insit,
2463 1516 2559 1572 sed
2601 1524 2989 1595 unusquisque
3024 1534 3086 1580 ut
3124 1529 3374 1595 nomine,
3406 1532 3483 1585 ita

1901 1602 2198 1669 peculiaris
2222 1614 2440 1663 natura:
2470 1610 2680 1668 ratione
2704 1615 2773 1670 ab
2802 1616 2913 1672 alio
2945 1632 3176 1687 prorsus
3198 1621 3484 1691 seiunctus

1900 1692 1973 1747 sit
2003 1710 2018 1747 :
2046 1697 2200 1766 cogit
2246 1699 2393 1754 enim
2436 1717 2538 1759 nos
2570 1706 2654 1761 vis
2702 1716 2758 1761 et
2801 1710 2944 1765 ratio
2996 1715 3483 1785 contemplationis

1898 1789 2147 1845 crassius
2176 1790 2246 1848 de
2286 1794 2375 1851 his
2404 1796 2701 1855 disserere.
2742 1799 2899 1866 Quod
2929 1803 2978 1859 si
3009 1820 3199 1860 verum
3236 1822 3362 1862 esse
3401 1819 3485 1862 at-

1899 1890 2008 1946 que
2038 1878 2115 1934 ita
2146 1896 2205 1937 se
2237 1883 2445 1943 habere
2476 1891 2867 1960 concedemus,
2903 1903 2957 1949 et
2998 1911 3029 1950 a
3062 1896 3158 1953 Dei
3203 1914 3267 1954 ac
3300 1900 3483 1957 Patris

1898 1967 2210 2026 substantia
2242 1973 2484 2029 alienum
2520 1992 2644 2033 esse
2672 1993 2904 2049 prorsus
2935 1979 3135 2038 Filium
3164 1983 3480 2052 fatebimur,

1896 2061 2176 2129 quomodo
2213 2079 2325 2119 non
2366 2069 2669 2124 mentietur
2692 2086 2817 2125 cum
2846 2075 2924 2127 ait
2958 2093 2971 2129 :
3014 2095 3032 2127 ι
3063 2075 3170 2143 Qui
3200 2077 3337 2135 vidit
3371 2096 3480 2145 me,

1894 2147 2033 2203 vidit
2056 2161 2110 2207 et
2144 2151 2402 2210 Patrem?
2441 2177 2459 2209 ›
2494 2157 2631 2214 Nam
2675 2175 2806 2216 cum
2839 2161 3004 2220 Pater
3031 2169 3335 2224 secundum
3383 2188 3482 2227 ua-

1896 2248 2078 2296 turam
2115 2242 2262 2301 Deus
2285 2246 2378 2312 sit,
2404 2250 2687 2319 quomodo
2713 2250 2909 2321 Filius,
2935 2256 3063 2312 licet
3092 2273 3204 2313 non
3233 2261 3306 2316 sit
3334 2262 3480 2318 Deus

1893 2334 2196 2390 secundum
2229 2346 2586 2408 naturam,ut
2608 2344 2685 2399 illi
2724 2345 2944 2411 docent,
2966 2349 3021 2402 in
3049 2351 3235 2421 seipso
3258 2351 3477 2410 Patrem

1892 2426 2187 2483 ostendet?
2225 2430 2514 2497 Quomodo
2542 2435 2691 2491 enim
2726 2437 2780 2491 in
2814 2454 2881 2494 eo
2910 2440 3056 2511 quod
3088 2454 3334 2500 creatum
3365 2464 3476 2502 non

1891 2518 2050 2573 estid
2080 2520 2228 2591 quod
2263 2535 2509 2580 creatum
2541 2537 2627 2584 est
2663 2532 3178 2601 spectabimus,aut
3205 2539 3258 2592 in
3283 2554 3351 2594 eo
3381 2541 3475 2611 qui

1891 2609 2190 2681 aliquando
2218 2629 2327 2669 non
2344 2626 2484 2685 erat,
2500 2626 2775 2688 quatenus
2793 2630 2877 2677 est
2894 2631 3140 2690 creatus,
3157 2625 3204 2682 is
3218 2629 3311 2698 qui
3331 2609 3445 2684 sem
3460 2661 3478 2673 ο

1890 2716 1989 2771 per
2015 2712 2099 2758 est
2128 2706 2294 2777 778
2335 2708 2657 2764 videbitur?
2688 2711 2765 2767 Ne
2811 2713 2947 2768 mihi
2994 2718 3285 2790 quisquam
3325 2724 3473 2777 enim

1888 2807 2081 2847 eorum
2118 2798 2213 2865 qui
2238 2798 2342 2853 ista
2372 2799 2718 2856 deblaterant
2741 2803 2852 2858 vim
2877 2805 3124 2865 veritatis
3153 2810 3478 2869 adulterans

1888 2884 2059 2949 dicat,
2095 2887 2306 2944 idcirco
2353 2906 2477 2947 esse
2529 2893 2651 2963 ejus
2697 2896 3016 2969 imaginem,
3066 2902 3195 2973 quia
3242 2905 3475 2977 gloriam

1888 2976 1986 3033 Dei
2017 2993 2083 3033 ac
2114 2978 2297 3039 Patris
2351 2984 2534 3052 habet,
2582 3002 2648 3042 ac
2705 2988 2993 3057 virtutem,
3036 3003 3093 3049 et
3148 2976 3475 3069 sapientiam

1887 3071 2030 3141 ejus,
2080 3082 2250 3144 atque
2303 3075 2632 3145 bonitatem,
2672 3088 2729 3135 et
2770 3085 3261 3155 omnipotentiam,
3310 3100 3366 3147 et
3411 3110 3475 3148 ea

195 3161 309 3217 τῶν
329 3165 513 3218 ἐκεῖνα
537 3166 1057 3240 δεδυσφημηκότων,
1087 3171 1187 3243 τὴν
1209 3175 1308 3243 τῆς
1336 3174 1594 3246 ἀληθείας
1616 3194 1785 3230 κατα-

1889 3180 2012 3235 quae
2042 3183 2317 3237 nusquam
2344 3180 2475 3225 sunt
2501 3171 2556 3226 in
2589 3181 2771 3228 ortum
2803 3176 3075 3233 educendi
3103 3189 3470 3252 potestatem:

200 3256 560 3327 σοφιζόμενος
585 3259 836 3333 δύναμιν,
865 3264 942 3327 ὠς
970 3264 1204 3336 ἐπείπερ
1228 3265 1343 3337 ἔχει
1369 3268 1469 3337 τὴν
1505 3270 1666 3337 δόξαν
1689 3270 1782 3324 τοῦ

191 3346 333 3401 Θεοῦ
384 3351 480 3404 καὶ
514 3350 758 3422 Πατρδς,
800 3354 903 3426 τήν
937 3372 997 3408 τε
1026 3355 1291 3428 δύναμιν,
1326 3360 1422 3413 καὶ
1454 3363 1552 3433 τὴν
1592 3363 1795 3432 σοφίαν

191 3441 385 3506 αὑτοῦ,
411 3444 506 3497 καὶ
528 3443 628 3516 τὴν
659 3446 972 3518 ἀγαθότητα
990 3488 1007 3516 ,
1029 3450 1207 3504 καὶτὸ
1233 3456 1653 3526 παντουργικὸν,
1690 3459 1785 3510 καὶ

188 3534 255 3587 τὸ
282 3534 546 3589 δύνασθαι
578 3539 850 3609 παράγειν
886 3540 957 3593 τὰ
989 3541 1090 3595 οὐκ
1123 3541 1254 3596 ὅντα
1282 3546 1446 3610 ποτὲ,
1492 3546 1580 3600 διὰ
1603 3548 1781 3613 τοῦτο,

191 3627 290 3678 καὶ
321 3627 484 3679 είκὼν
508 3629 654 3681 ὲστιν
684 3628 847 3683 αὐτοῦ
873 3648 887 3663 ο
925 3632 1063 3686 ἀλλά
1084 3634 1349 3689 δεικνύτω
1372 3638 1666 3710 πρότερον,
1695 3641 1782 3693 εύ-

189 3718 333 3783 θέως
364 3721 506 3775 κατὰ
533 3721 694 3791 φύσιν
714 3724 984 3795 φαίνεται,
1007 3728 1101 3781 καὶ
1123 3729 1295 3794 οὕτως
1320 3732 1778 3804 ἀπαραλλάκτως,

189 3810 267 3875 ὡς
298 3812 465 3882 μηδὲν
492 3809 632 3868 εἶναι
659 3815 719 3867 τὸ
756 3817 977 3872 ἀδικοῦν
1008 3820 1108 3891 τὴν
1137 3822 1371 3877 εἰσάπαν
1398 3824 1493 3877 καλ¹
1522 3824 1781 3892 ὁλοτελῶς

190 3904 493 3975 ἐμφέρειαν
523 3907 622 3977 τῆς
650 3908 857 3972 εἰκόνος
889 3910 1023 3980 πρὸς
1066 3911 1127 3965 τὸ
1150 3912 1481 3985 ἀρχέτυπον.
1540 3917 1780 3990 Ἀπορή-

190 4014 365 4050 σαντα
396 3998 456 4051 δὲ
493 4001 584 4053 καὶ
638 4000 797 4053 τοῦτο
834 4002 1101 4058 δεικνύειν
1130 4006 1226 4077 οὐχ
1272 4007 1494 4073 ἑκόντα,
1526 4009 1782 4083 δεύτερον

188 4092 489 4162 αἰτήσομεν
520 4094 694 4146 εἰπεῖν
714 4134 729 4157 ,
779 4098 930 4160 ποῖος
973 4097 1037 4151 ἂν
1074 4099 1340 4172 ἐπιτρέψῃ
1370 4101 1527 4170 λόγος
1547 4144 1562 4166 ,
1603 4105 1781 4159 καίτοι

188 4181 332 4234 κατά
360 4181 521 4250 φύσιν
559 4184 659 4237 οὐκ
702 4185 832 4238 ὄντα
861 4186 1015 4252 Θεὸν,
1049 4189 1191 4243 κατά
1217 4206 1279 4254 γε
1311 4192 1409 4262 τὴν
1431 4191 1657 4249 ἐνοῦσαν
1682 4196 1781 4249 αὐ-

186 4278 302 4338 τοῖς
362 4275 680 4349 βδελυρίαν,
732 4280 801 4333 τὰ
849 4284 947 4351 τῆς
1015 4282 1269 4354 θεότητος
1326 4285 1465 4356 ἔργα
1516 4288 1779 4341 δύνασθαι

188 4365 455 4437 πληροῦν.
506 4369 677 4422 Τοῦτο
705 4372 813 4442 γάρ
844 4374 992 4424 ἐστιν
1021 4372 1083 4424 τὸ
1114 4375 1302 4444 φέρειν
1334 4375 1433 4444 τὴν
1461 4377 1649 4430 εἰκόνα
1681 4378 1776 4431 τοῦ

188 4458 427 4529 Πατρός.
466 4461 529 4512 El
560 4461 659 4530 μὲν
685 4461 794 4532 γὰρ
832 4463 1043 4517 οἴκοθεν
1071 4464 1171 4519 οὐκ
1205 4465 1343 4536 ἔχων
1369 4468 1468 4538 τὴν
1499 4470 1774 4540 ἀρκοῦσαν

188 4554 269 4614 εἰς
297 4552 460 4606 τοῦτο
476 4552 707 4623 δύναμιν
728 4557 755 4607 ὁ
777 4554 903 4618 Tib;
924 4557 1346 4631 δανείζεταιτὴν
1368 4535 1519 4631 παὶρά
1539 4535 1768 4633 Πατρὺς,
1808 4535 1853 4591 D

188 4641 288 4693 καὶ
322 4646 639 4712 χορηγείται
688 4646 817 4716 παρ’
850 4648 1016 4701 αὐτοῦ
1063 4650 1158 4703 καὶ
1193 4650 1419 4722 σοφίαν,
1456 4653 1551 4706 καὶ
1594 4656 1769 4725 ἰσχὺν,

190 4733 279 4786 ἵνα
311 4733 535 4804 δύνηται
567 4736 867 4808 κατορθοῦν
908 4739 945 4791 ἂ
981 4738 1075 4793 καὶ
1109 4741 1247 4813 μόνῃ
1273 4744 1505 4812 πρέπειν
1539 4745 1773 4815 εροῦμεν

187 4825 255 4893 τῇ
278 4822 373 4876 τοῦ
404 4825 618 4897 Πατρὺς
644 4826 832 4896 φύσει,
881 4828 1230 4898 διαψεύσεται
1253 4832 1397 4886 οὕτω
1441 4836 1534 4887 καὶ
1562 4835 1658 4907 τὴν
1691 4838 1769 4889 εἰ-

186 4916 321 4968 κόνα
351 4917 447 4969 καὶ
481 4918 581 4986 τὴν
611 4917 894 4987 ὁμοίωσιν.
947 4921 1011 4975 Εἰ
1042 4921 1098 4974 δὲ
1133 4922 1424 4992 ψεύδεσθαι
1462 4927 1558 4995 μὲν
1584 4928 1644 4980 οὐ
1672 4928 1773 4981 δώ-

188 5022 355 5075 σομεν
383 5006 580 5069 αὑτὸν,
621 5006 796 5071 οὓτως
833 5009 1025 5081 ἔχοντα
1056 5012 1307 5085 καθάπερ
1337 5015 1666 5086 εἰρήκαμεν,
1696 5018 1772 5083 ὡς

184 5097 242 5149 δὲ
264 5096 584 5165 ἁληθεύοντι
607 5101 1014 5171 συναινέσομεν,
1034 5104 1203 5177 αὐτὴν
1225 5106 1547 5176 ἁλωσόμεθα
1573 5109 1670 5179 τὴν
1687 5110 1745 5163 δό
1761 5139 1776 5150 -

186 5188 282 5253 ξαν
312 5190 628 5256 ἀδικοῦντες
652 5192 747 5246 τοῦ
771 5194 908 5249 Θεοῦ
935 5197 1028 5249 καὶ
1054 5198 1286 5269 Πατρός,
1322 5200 1415 5252 καὶ
1443 5201 1611 5264 ὅπως,
1639 5202 1769 5272 ἐρῶ.

188 5282 261 5334 ’Ἡ
282 5283 391 5352 γάρ
428 5284 644 5355 ἀνάγκη
678 5285 881 5354 λέγειν,
917 5290 998 5341 ὅτι
1041 5289 1296 5358 ψεύδεται
1330 5291 1427 5361 τὴν
1456 5294 1641 5346 εἰκόνα
1674 5294 1770 5347 τοῦ

183 5374 321 5429 Θεοῦ
345 5378 438 5430 καὶ
458 5379 702 5451 Πατρδς,
728 5380 940 5436 οἴκοθεν
981 5384 1079 5453 μὲν
1111 5384 1211 5438 οὐκ
1242 5384 1381 5455 ἔχων
1411 5386 1511 5455 τὴν
1533 5388 1646 5450 τοῖς
1680 5386 1770 5457 Ep-

184 5485 302 5535 γοις
329 5468 671 5541 ὲξαρκοῦσαν
700 5474 853 5543 ἰσχὺν
872 5514 886 5539 ,
913 5476 1039 5545 παρ’
1072 5477 1260 5547 ἐτέρου
1294 5477 1350 5531 δὲ
1381 5477 1586 5549 ταύτην
1608 5496 1771 5551 χορη-

185 5562 451 5632 γούμενος
471 5580 483 5591 ·
515 5565 576 5616 οὐ
608 5564 716 5635 γὰρ
744 5564 886 5619 οὕτω
913 5568 976 5620 τὸ
1000 5569 1307 5639 ἀρχέτυπον
1325 5587 1338 5600 ·
1375 5570 1409 5642 ἢ
1441 5570 1599 5642 εἴπερ
1625 5573 1771 5625 ἐστὶν

182 5655 390 5726 ἀληθὴς
436 5660 494 5709 ἐν
536 5658 716 5727 ἐαυτῷ
756 5657 928 5726 λέγων
975 5662 1203 5731 ὁρᾶσθαι
1255 5662 1346 5717 τὸν
1384 5663 1631 5735 Πατέρα,
1678 5666 1770 5718 καὶ

252 5836 298 5867 ⁸³
345 5836 385 5889 ιι
417 5836 542 5893 Cor.
578 5856 649 5907 ιγ,
690 5842 739 5897 4.

1889 3258 1986 3313 sed
2034 3260 2191 3329 prius
2229 3263 2487 3318 ostendat
2520 3272 2707 3319 utrum
2749 3269 3054 3325 secundum
3102 3284 3355 3331 naturam
3392 3280 3470 3332 vi-

1887 3349 2103 3415 deatur,
2131 3361 2393 3422 tantaque
2433 3370 2532 3425 per
2565 3359 2751 3412 omnia
2803 3360 3190 3431 similitudine,
3232 3376 3291 3422 ut
3333 3371 3473 3426 nihil

1886 3442 2354 3513 perfectissimam
2414 3448 2563 3502 illam
2627 3450 2886 3522 imaginis
2926 3454 3265 3515 labefactare
3295 3465 3474 3532 possit

1886 3534 1955 3587 ad
2001 3534 2355 3606 archetypum
2409 3538 2855 3601 similitudinem.
2908 3544 3065 3612 Quod
3112 3563 3238 3605 cum
3292 3565 3471 3610 osten~

1886 3625 2039 3691 dere,
2068 3628 2155 3681 vel
2184 3628 2228 3682 si
2260 3629 2499 3685 maxime
2532 3632 2687 3697 velit,
2717 3644 2977 3706 nequeat,
3002 3638 3207 3696 iterum
3246 3647 3471 3716 rogabi-

1885 3734 2008 3774 mus
2044 3730 2104 3774 ut
2146 3719 2295 3775 dicat
2324 3736 2431 3791 qua
2483 3725 2719 3791 ratione,
2755 3742 2882 3782 cum
2922 3727 3069 3787 Deus
3112 3748 3223 3789 non
3269 3738 3342 3793 sit
3383 3756 3471 3795 se-

1884 3811 2127 3865 cundum
2201 3820 2494 3881 naturam,
2555 3824 2615 3870 ut
2685 3833 2879 3874 eorum
2957 3820 3283 3882 detestanda
3364 3830 3474 3887 fert

1883 3904 2199 3969 sententia,
2240 3905 2466 3962 deitatis
2520 3917 2704 3964 tamen
2748 3926 2919 3982 opera
2977 3916 3165 3985 possit
3217 3926 3468 3992 exsequi.

1884 3995 2000 4052 lloc
2035 3998 2179 4053 enim
2225 4007 2311 4054 est
2362 3998 2506 4055 ferre
2542 4000 2723 4059 Patris
2755 4004 3077 4077 imaginem.
3110 4008 3248 4066 Nam
3298 4016 3343 4070 si
3373 4032 3471 4086 pu-

1881 4098 2133 4146 testatem
2176 4090 2241 4144 ad
2275 4090 2379 4146 hoc
2413 4093 2779 4151 sufﬁcientem
2819 4112 2850 4151 a
2885 4100 3074 4171 seipso
3096 4118 3206 4157 non
3255 4105 3468 4163 habens

1842 4188 1847 4191 “
1880 4182 2054 4239 Filius
2077 4199 2197 4238 eam
2231 4199 2261 4238 a
2300 4182 2463 4241 Patre
2496 4195 2797 4254 mutuatur,
2829 4190 2899 4245 ab
2931 4208 3108 4265 eoque
3138 4196 3468 4268 sapientiam

1878 4285 1936 4330 et
1962 4277 2132 4331 robur
2166 4277 2389 4346 accipit,
2441 4286 2501 4332 ut
2548 4295 2812 4350 peragere
2869 4286 3047 4353 possit
3092 4303 3216 4357 quae
3263 4301 3320 4346 et
3363 4297 3467 4349 soli

1879 4368 2175 4423 convenire
2220 4368 2401 4424 Patris
2445 4380 2659 4427 natura:
2707 4374 2981 4442 dicemus,
3025 4379 3321 4452 imaginem
3363 4386 3468 4438 hoc

1879 4470 2039 4531 pacto
2083 4471 2137 4515 et
2172 4461 2591 4517 similitudinem
2636 4467 2953 4522 mentietur.
2988 4468 3085 4525 Sin
3125 4484 3306 4529 autem
3339 4493 3464 4531 eum

1881 4567 2231 4623 nequaquam
2267 4555 2485 4607 mentiri
2508 4556 2898 4625 concedemus,
2924 4561 3017 4629 qui
3052 4562 3128 4617 ita
3152 4579 3211 4620 se
3243 4566 3461 4633 habeat,

1882 4654 1943 4699 ut
1976 4646 2237 4710 diximus,
2264 4643 2358 4699 sed
2400 4653 2661 4716 tanquam
2716 4664 2845 4705 vera
2879 4652 3085 4709 dicenti
3132 4658 3465 4728 astipulabi-

1882 4756 2026 4799 mur,
2057 4738 2232 4808 ipsam
2268 4736 2361 4791 Dei
2415 4753 2480 4792 ac
2519 4737 2702 4796 Patris
2750 4743 2986 4813 gloriam
3023 4747 3231 4804 violare
3264 4750 3463 4823 deprc-

1879 4831 2185 4887 hendemur
2223 4849 2234 4883 :
2267 4847 2379 4901 quo
2418 4841 2597 4901 pacto,
2630 4834 2834 4890 dicam.
2875 4837 2988 4892 Aut
3038 4841 3185 4895 enim
3238 4858 3467 4905 necesse

1878 4932 1967 4978 est
1999 4923 2186 4978 dicere
2217 4938 2343 4978 eum
2396 4923 2492 4978 Dei
2521 4940 2586 4981 ac
2626 4925 2804 4984 Patris
2839 4931 3097 4987 ementiri
3138 4934 3464 5007 imaginem,

1876 5031 2005 5069 cum
2049 5031 2078 5069 a
2110 5016 2294 5085 seipso
2348 5016 2707 5073 sufficientem
2754 5023 3017 5091 operibus
3052 5026 3161 5081 vim
3214 5045 3324 5085 non
3369 5032 3465 5086 lia-

1859 5095 2023 5170 Ἰνδοί,
2056 5109 2150 5163 sed
2187 5110 2256 5162 ab
2284 5111 2459 5164 altero
2491 5102 2639 5165 illam
2677 5114 2914 5182 accipiat
2943 5133 2956 5169 :
2985 5132 3089 5173 nec
3132 5121 3281 5175 enim
3315 5122 3367 5177 id
3398 5125 3467 5179 de

1877 5201 2177 5271 archetypo
2224 5200 2333 5254 dici
2385 5211 2588 5271 potest.
2637 5203 2746 5258 Aut
2775 5206 2823 5260 si
2863 5224 2993 5265 vere
3043 5210 3293 5281 loquitur
3339 5232 3464 5270 cum

1877 5294 1955 5346 ait
2014 5294 2065 5347 in
2108 5293 2292 5363 seipso
2321 5295 2497 5349 videri
2554 5295 2792 5363 Patrem,
2838 5302 3088 5372 nihilque
3130 5305 3294 5373 plane
3341 5324 3466 5362 esse

1878 5386 2026 5456 quod
2058 5401 2181 5440 eum
2219 5397 2464 5455 separet,
2509 5389 2594 5443 vel
2632 5390 2988 5461 interjectum
3021 5397 3113 5461 sit,
3152 5398 3238 5454 vel
3279 5401 3462 5453 omni-

1882 5478 2097 5533 modam
2126 5478 2550 5535 similitudinem
2588 5483 2883 5549 adulteret,
2918 5501 3151 5543 necesse
3179 5497 3263 5545 est
3297 5498 3355 5543 ut
3381 5492 3463 5545 vel

1880 5573 2075 5627 uolens
2107 5571 2256 5626 dicat
2298 5573 2479 5641 ipsum
2513 5589 2735 5644 quoque
2761 5575 2977 5633 Patrem
3017 5578 3371 5636 adventitiam
3408 5593 3459 5637 et

1878 5666 1946 5722 ab
2009 5667 2182 5721 altero
2236 5674 2517 5735 acceptam
2573 5665 2775 5723 habere
2824 5670 3104 5727 virtutem.
3161 5673 3253 5728 Sic
3317 5677 3463 5732 enim
