  <div class='ocr_page' id='page_1' title='image "/cluster/home/n/w/nwhite01/storage/ocr_20150623/74/nnc1.0046980180/121.png"; bbox 0 0 3892 6202; ppageno 0'>
   <div class='ocr_carea' id='block_1_1' title="bbox 366 383 472 442">
    <p class='ocr_par' dir='ltr' id='par_1_1' title="bbox 366 383 472 442">
     <span class='ocr_line' id='line_1_1' title="bbox 366 383 472 442; baseline -0.019 0"><span class='ocrx_word' id='word_1_1' title='bbox 366 383 472 442; x_wconf 71' lang='grc'><strong>207</strong></span> 
     </span>
    </p>
   </div>
   <div class='ocr_carea' id='block_1_2' title="bbox 1336 375 2564 442">
    <p class='ocr_par' dir='ltr' id='par_1_2' title="bbox 1336 375 2564 442">
     <span class='ocr_line' id='line_1_2' title="bbox 1336 375 2564 442; baseline 0 -4"><span class='ocrx_word' id='word_1_2' title='bbox 1336 380 1396 440; x_wconf 83' lang='lat' dir='ltr'><strong>S.</strong></span> <span class='ocrx_word' id='word_1_3' title='bbox 1419 379 1697 438; x_wconf 68' lang='lat' dir='ltr'><strong>(ZYRILLI</strong></span> <span class='ocrx_word' id='word_1_4' title='bbox 1731 375 2202 440; x_wconf 34' lang='lat' dir='ltr'><strong>AL&#39;EXANDRlNl</strong></span> <span class='ocrx_word' id='word_1_5' title='bbox 2242 381 2564 442; x_wconf 73' lang='lat' dir='ltr'><strong>ARCHIE&#39;P.</strong></span> 
     </span>
    </p>
   </div>
   <div class='ocr_carea' id='block_1_3' title="bbox 3525 381 3650 438">
    <p class='ocr_par' dir='ltr' id='par_1_3' title="bbox 3525 381 3650 438">
     <span class='ocr_line' id='line_1_3' title="bbox 3525 381 3650 438; baseline 0.008 -1"><span class='ocrx_word' id='word_1_6' title='bbox 3525 381 3650 438; x_wconf 67' lang='lat'><strong>208</strong></span> 
     </span>
    </p>
   </div>
   <div class='ocr_carea' id='block_1_4' title="bbox 367 496 1954 571">
    <p class='ocr_par' dir='ltr' id='par_1_4' title="bbox 367 497 1947 571">
     <span class='ocr_line' id='line_1_4' title="bbox 367 497 1947 571; baseline -0.003 -15"><span class='ocrx_word' id='word_1_7' title='bbox 367 502 608 571; x_wconf 73' lang='lat' dir='ltr'><strong>scipsum</strong></span> <span class='ocrx_word' id='word_1_8' title='bbox 637 499 803 554; x_wconf 80' lang='lat' dir='ltr'><strong>nobis</strong></span> <span class='ocrx_word' id='word_1_9' title='bbox 834 497 892 553; x_wconf 86' lang='lat' dir='ltr'><strong>in</strong></span> <span class='ocrx_word' id='word_1_10' title='bbox 924 497 1164 568; x_wconf 72' lang='lat' dir='ltr'><strong>imagine</strong></span> <span class='ocrx_word' id='word_1_11' title='bbox 1201 512 1318 554; x_wconf 62' lang='lat' dir='ltr'><strong>sna</strong></span> <span class='ocrx_word' id='word_1_12' title='bbox 1347 507 1561 554; x_wconf 65' lang='lat' dir='ltr'><strong>natura:</strong></span> <span class='ocrx_word' id='word_1_13' title='bbox 1606 499 1724 554; x_wconf 82' lang='lat' dir='ltr'><strong>sive</strong></span> <span class='ocrx_word' id='word_1_14' title='bbox 1755 499 1947 571; x_wconf 68' lang='lat' dir='ltr'><strong>gloriae</strong></span> 
     </span>
    </p>
   </div>
   <div class='ocr_carea' id='block_1_5' title="bbox 2056 496 3642 571">
    <p class='ocr_par' dir='ltr' id='par_1_5' title="bbox 2056 496 3642 571">
     <span class='ocr_line' id='line_1_5' title="bbox 2056 496 3642 571; baseline 0.001 -18"><span class='ocrx_word' id='word_1_15' title='bbox 2056 502 2201 555; x_wconf 67' lang='grc' dir='ltr'><strong>οὐδὲν</strong></span> <span class='ocrx_word' id='word_1_16' title='bbox 2228 503 2364 565; x_wconf 82' lang='grc' dir='ltr'><strong>ὅλως</strong></span> <span class='ocrx_word' id='word_1_17' title='bbox 2387 497 2528 556; x_wconf 75' lang='grc' dir='ltr'><strong>εἶναι</strong></span> <span class='ocrx_word' id='word_1_18' title='bbox 2555 501 2617 554; x_wconf 78' lang='grc' dir='ltr'><strong>τὸ</strong></span> <span class='ocrx_word' id='word_1_19' title='bbox 2637 496 2953 554; x_wconf 79' lang='grc' dir='ltr'><strong>διαλλάττον</strong></span> <span class='ocrx_word' id='word_1_20' title='bbox 2977 501 3038 552; x_wconf 76' lang='grc' dir='ltr'><strong>ἐν</strong></span> <span class='ocrx_word' id='word_1_21' title='bbox 3056 499 3134 570; x_wconf 91' lang='grc' dir='ltr'><strong>τῷ</strong></span> <span class='ocrx_word' id='word_1_22' title='bbox 3159 497 3438 570; x_wconf 79' lang='grc' dir='ltr'><strong>μεταξὺ,ἢ</strong></span> <span class='ocrx_word' id='word_1_23' title='bbox 3469 517 3642 571; x_wconf 81' lang='grc' dir='ltr'><strong>παρα-</strong></span> 
     </span>
    </p>
   </div>
   <div class='ocr_carea' id='block_1_6' title="bbox 362 592 1950 664">
    <p class='ocr_par' dir='ltr' id='par_1_6' title="bbox 362 592 1950 664">
     <span class='ocr_line' id='line_1_6' title="bbox 362 592 1950 664; baseline -0.001 -17"><span class='ocrx_word' id='word_1_24' title='bbox 362 597 536 650; x_wconf 83' lang='lat' dir='ltr'><strong>voluit</strong></span> <span class='ocrx_word' id='word_1_25' title='bbox 590 594 902 649; x_wconf 74' lang='lat' dir='ltr'><strong>ostendere.</strong></span> <span class='ocrx_word' id='word_1_26' title='bbox 959 592 1215 663; x_wconf 77' lang='lat' dir='ltr'><strong>Nunquid</strong></span> <span class='ocrx_word' id='word_1_27' title='bbox 1273 607 1407 663; x_wconf 79' lang='lat' dir='ltr'><strong>ergo</strong></span> <span class='ocrx_word' id='word_1_28' title='bbox 1457 593 1680 657; x_wconf 83' lang='lat' dir='ltr'><strong>videtis,</strong></span> <span class='ocrx_word' id='word_1_29' title='bbox 1733 593 1950 664; x_wconf 84' lang='lat' dir='ltr'><strong>inquiet</strong></span> 
     </span>
    </p>
   </div>
   <div class='ocr_carea' id='block_1_7' title="bbox 364 684 1952 757">
    <p class='ocr_par' dir='ltr' id='par_1_7' title="bbox 364 684 1952 757">
     <span class='ocr_line' id='line_1_7' title="bbox 364 684 1952 757; baseline -0.001 -17"><span class='ocrx_word' id='word_1_30' title='bbox 364 688 432 743; x_wconf 79' lang='lat' dir='ltr'><strong>ad</strong></span> <span class='ocrx_word' id='word_1_31' title='bbox 478 688 606 742; x_wconf 84' lang='lat' dir='ltr'><strong>illos</strong></span> <span class='ocrx_word' id='word_1_32' title='bbox 645 687 876 757; x_wconf 88' lang='lat' dir='ltr'><strong>aliquis,</strong></span> <span class='ocrx_word' id='word_1_33' title='bbox 908 700 1151 757; x_wconf 87' lang='lat' dir='ltr'><strong>quonam</strong></span> <span class='ocrx_word' id='word_1_34' title='bbox 1182 701 1210 739; x_wconf 89' lang='lat' dir='ltr'><strong>a</strong></span> <span class='ocrx_word' id='word_1_35' title='bbox 1248 695 1398 741; x_wconf 79' lang='lat' dir='ltr'><strong>recta</strong></span> <span class='ocrx_word' id='word_1_36' title='bbox 1430 686 1520 740; x_wconf 97' lang='lat' dir='ltr'><strong>via</strong></span> <span class='ocrx_word' id='word_1_37' title='bbox 1570 701 1755 742; x_wconf 84' lang='lat' dir='ltr'><strong>sermo</strong></span> <span class='ocrx_word' id='word_1_38' title='bbox 1786 684 1952 740; x_wconf 84' lang='lat' dir='ltr'><strong>delle-</strong></span> 
     </span>
    </p>
   </div>
   <div class='ocr_carea' id='block_1_8' title="bbox 363 779 1952 849">
    <p class='ocr_par' dir='ltr' id='par_1_8' title="bbox 363 779 1952 849">
     <span class='ocr_line' id='line_1_8' title="bbox 363 779 1952 849; baseline -0.001 -16"><span class='ocrx_word' id='word_1_39' title='bbox 363 790 497 842; x_wconf 74' lang='lat' dir='ltr'><strong>ctat,</strong></span> <span class='ocrx_word' id='word_1_40' title='bbox 542 789 596 834; x_wconf 86' lang='lat' dir='ltr'><strong>et</strong></span> <span class='ocrx_word' id='word_1_41' title='bbox 626 788 896 849; x_wconf 82' lang='lat' dir='ltr'><strong>quantum</strong></span> <span class='ocrx_word' id='word_1_42' title='bbox 957 780 1014 833; x_wconf 90' lang='lat' dir='ltr'><strong>in</strong></span> <span class='ocrx_word' id='word_1_43' title='bbox 1067 779 1395 835; x_wconf 78' lang='lat' dir='ltr'><strong>barathrum</strong></span> <span class='ocrx_word' id='word_1_44' title='bbox 1443 779 1578 834; x_wconf 87' lang='lat' dir='ltr'><strong>talia</strong></span> <span class='ocrx_word' id='word_1_45' title='bbox 1645 779 1952 834; x_wconf 78' lang='lat' dir='ltr'><strong>sentientes</strong></span> 
     </span>
    </p>
   </div>
   <div class='ocr_carea' id='block_1_9' title="bbox 367 871 1952 942">
    <p class='ocr_par' dir='ltr' id='par_1_9' title="bbox 367 871 1952 942">
     <span class='ocr_line' id='line_1_9' title="bbox 367 871 1952 942; baseline 0.001 -18"><span class='ocrx_word' id='word_1_46' title='bbox 367 871 714 942; x_wconf 73' lang='lat' dir='ltr'><strong>praecipitet?</strong></span> <span class='ocrx_word' id='word_1_47' title='bbox 753 871 1074 933; x_wconf 83' lang='lat' dir='ltr'><strong>Enimvero,</strong></span> <span class='ocrx_word' id='word_1_48' title='bbox 1109 873 1392 942; x_wconf 81' lang='lat' dir='ltr'><strong>inquiunt.</strong></span> <span class='ocrx_word' id='word_1_49' title='bbox 1456 881 1660 940; x_wconf 64' lang='lat' dir='ltr'><strong>potcSI,</strong></span> <span class='ocrx_word' id='word_1_50' title='bbox 1701 872 1952 942; x_wconf 80' lang='lat' dir='ltr'><strong>quamvis</strong></span> 
     </span>
    </p>
   </div>
   <div class='ocr_carea' id='block_1_10' title="bbox 364 962 1950 1034">
    <p class='ocr_par' dir='ltr' id='par_1_10' title="bbox 364 962 1950 1034">
     <span class='ocr_line' id='line_1_10' title="bbox 364 962 1950 1034; baseline -0.001 -17"><span class='ocrx_word' id='word_1_51' title='bbox 364 974 586 1018; x_wconf 80' lang='lat' dir='ltr'><strong>creatus</strong></span> <span class='ocrx_word' id='word_1_52' title='bbox 617 967 691 1018; x_wconf 85' lang='lat' dir='ltr'><strong>sit</strong></span> <span class='ocrx_word' id='word_1_53' title='bbox 724 962 1151 1028; x_wconf 75' lang='lat' dir='ltr'><strong>Filius,naturze</strong></span> <span class='ocrx_word' id='word_1_54' title='bbox 1173 965 1376 1019; x_wconf 75' lang='lat' dir='ltr'><strong>divina:</strong></span> <span class='ocrx_word' id='word_1_55' title='bbox 1397 978 1569 1034; x_wconf 81' lang='lat' dir='ltr'><strong>opera</strong></span> <span class='ocrx_word' id='word_1_56' title='bbox 1597 963 1798 1023; x_wconf 82' lang='lat' dir='ltr'><strong>facere,</strong></span> <span class='ocrx_word' id='word_1_57' title='bbox 1826 977 1950 1017; x_wconf 91' lang='lat' dir='ltr'><strong>cum</strong></span> 
     </span>
    </p>
   </div>
   <div class='ocr_carea' id='block_1_11' title="bbox 365 1050 1952 1122">
    <p class='ocr_par' dir='ltr' id='par_1_11' title="bbox 365 1050 1952 1122">
     <span class='ocr_line' id='line_1_11' title="bbox 365 1050 1952 1122; baseline 0.001 -16"><span class='ocrx_word' id='word_1_58' title='bbox 365 1053 475 1108; x_wconf 86' lang='lat' dir='ltr'><strong>Dco</strong></span> <span class='ocrx_word' id='word_1_59' title='bbox 510 1068 582 1107; x_wconf 65' lang='lat' dir='ltr'><strong>ac-</strong></span> <span class='ocrx_word' id='word_1_60' title='bbox 614 1050 764 1108; x_wconf 82' lang='lat' dir='ltr'><strong>Patri</strong></span> <span class='ocrx_word' id='word_1_61' title='bbox 802 1054 882 1107; x_wconf 88' lang='lat' dir='ltr'><strong>ita</strong></span> <span class='ocrx_word' id='word_1_62' title='bbox 913 1054 1094 1108; x_wconf 85' lang='lat' dir='ltr'><strong>visum</strong></span> <span class='ocrx_word' id='word_1_63' title='bbox 1131 1054 1223 1106; x_wconf 85' lang='lat' dir='ltr'><strong>sit.</strong></span> <span class='ocrx_word' id='word_1_64' title='bbox 1243 1055 1320 1106; x_wconf 82' lang='lat' dir='ltr'><strong>At</strong></span> <span class='ocrx_word' id='word_1_65' title='bbox 1343 1053 1475 1122; x_wconf 77' lang='lat' dir='ltr'><strong>quid</strong></span> <span class='ocrx_word' id='word_1_66' title='bbox 1510 1053 1615 1106; x_wconf 87' lang='lat' dir='ltr'><strong>hoc</strong></span> <span class='ocrx_word' id='word_1_67' title='bbox 1645 1052 1822 1122; x_wconf 75' lang='lat' dir='ltr'><strong>magis</strong></span> <span class='ocrx_word' id='word_1_68' title='bbox 1860 1053 1952 1107; x_wconf 80' lang='lat' dir='ltr'>illl-</span> 
     </span>
    </p>
   </div>
   <div class='ocr_carea' id='block_1_12' title="bbox 365 1143 1954 1216">
    <p class='ocr_par' dir='ltr' id='par_1_12' title="bbox 365 1143 1954 1216">
     <span class='ocr_line' id='line_1_12' title="bbox 365 1143 1954 1216; baseline -0.001 -17"><span class='ocrx_word' id='word_1_69' title='bbox 365 1145 516 1216; x_wconf 91' lang='lat' dir='ltr'><strong>pium</strong></span> <span class='ocrx_word' id='word_1_70' title='bbox 548 1145 660 1199; x_wconf 91' lang='lat' dir='ltr'><strong>dici</strong></span> <span class='ocrx_word' id='word_1_71' title='bbox 711 1145 934 1215; x_wconf 73' lang='lat' dir='ltr'><strong>potest?</strong></span> <span class='ocrx_word' id='word_1_72' title='bbox 957 1143 1105 1199; x_wconf 82' lang='lat' dir='ltr'><strong>Nihil</strong></span> <span class='ocrx_word' id='word_1_73' title='bbox 1139 1146 1287 1200; x_wconf 75' lang='lat' dir='ltr'><strong>enim</strong></span> <span class='ocrx_word' id='word_1_74' title='bbox 1330 1144 1512 1214; x_wconf 86' lang='lat' dir='ltr'><strong>majus</strong></span> <span class='ocrx_word' id='word_1_75' title='bbox 1549 1145 1667 1200; x_wconf 74' lang='lat' dir='ltr'><strong>sive</strong></span> <span class='ocrx_word' id='word_1_76' title='bbox 1698 1145 1822 1214; x_wconf 84' lang='lat' dir='ltr'><strong>plus</strong></span> <span class='ocrx_word' id='word_1_77' title='bbox 1846 1143 1954 1198; x_wconf 78' lang='lat' dir='ltr'><strong>erit</strong></span> 
     </span>
    </p>
   </div>
   <div class='ocr_carea' id='block_1_13' title="bbox 365 1236 1955 1308">
    <p class='ocr_par' dir='ltr' id='par_1_13' title="bbox 365 1236 1955 1308">
     <span class='ocr_line' id='line_1_13' title="bbox 365 1236 1955 1308; baseline -0.001 -16"><span class='ocrx_word' id='word_1_78' title='bbox 365 1240 424 1293; x_wconf 92' lang='lat' dir='ltr'><strong>in</strong></span> <span class='ocrx_word' id='word_1_79' title='bbox 454 1236 565 1292; x_wconf 89' lang='lat' dir='ltr'><strong>Deo</strong></span> <span class='ocrx_word' id='word_1_80' title='bbox 595 1236 860 1308; x_wconf 86' lang='lat' dir='ltr'><strong>deinceps</strong></span> <span class='ocrx_word' id='word_1_81' title='bbox 919 1253 1088 1308; x_wconf 89' lang='lat' dir='ltr'><strong>quam</strong></span> <span class='ocrx_word' id='word_1_82' title='bbox 1146 1246 1424 1299; x_wconf 87' lang='lat' dir='ltr'><strong>creatura,</strong></span> <span class='ocrx_word' id='word_1_83' title='bbox 1460 1237 1594 1290; x_wconf 72' lang='lat' dir='ltr'><strong>licet</strong></span> <span class='ocrx_word' id='word_1_84' title='bbox 1645 1239 1696 1292; x_wconf 83' lang='lat' dir='ltr'><strong>ei</strong></span> <span class='ocrx_word' id='word_1_85' title='bbox 1749 1236 1955 1291; x_wconf 74' lang='lat' dir='ltr'><strong>divini-</strong></span> 
     </span>
    </p>
   </div>
   <div class='ocr_carea' id='block_1_14' title="bbox 366 1329 1952 1400">
    <p class='ocr_par' dir='ltr' id='par_1_14' title="bbox 366 1329 1952 1400">
     <span class='ocr_line' id='line_1_14' title="bbox 366 1329 1952 1400; baseline 0 -16"><span class='ocrx_word' id='word_1_86' title='bbox 366 1333 495 1386; x_wconf 90' lang='lat' dir='ltr'><strong>tatis</strong></span> <span class='ocrx_word' id='word_1_87' title='bbox 531 1330 762 1400; x_wconf 79' lang='lat' dir='ltr'><strong>gloriam</strong></span> <span class='ocrx_word' id='word_1_88' title='bbox 800 1344 866 1386; x_wconf 86' lang='lat' dir='ltr'><strong>ac</strong></span> <span class='ocrx_word' id='word_1_89' title='bbox 906 1331 1174 1384; x_wconf 75' lang='lat' dir='ltr'><strong>virtutem</strong></span> <span class='ocrx_word' id='word_1_90' title='bbox 1207 1330 1540 1384; x_wconf 76' lang='lat' dir='ltr'><strong>tribuamus.</strong></span> <span class='ocrx_word' id='word_1_91' title='bbox 1578 1329 1756 1384; x_wconf 79' lang='lat' dir='ltr'><strong>Nemo</strong></span> <span class='ocrx_word' id='word_1_92' title='bbox 1805 1331 1952 1384; x_wconf 90' lang='lat' dir='ltr'><strong>enim</strong></span> 
     </span>
    </p>
   </div>
   <div class='ocr_carea' id='block_1_15' title="bbox 372 1421 1956 1494">
    <p class='ocr_par' dir='ltr' id='par_1_15' title="bbox 372 1421 1956 1494">
     <span class='ocr_line' id='line_1_15' title="bbox 372 1421 1956 1494; baseline 0 -17"><span class='ocrx_word' id='word_1_93' title='bbox 372 1425 476 1477; x_wconf 84' lang='lat' dir='ltr'><strong>sibi</strong></span> <span class='ocrx_word' id='word_1_94' title='bbox 514 1423 716 1478; x_wconf 86' lang='lat' dir='ltr'><strong>mentis</strong></span> <span class='ocrx_word' id='word_1_95' title='bbox 759 1424 944 1494; x_wconf 83' lang='lat' dir='ltr'><strong>inopia</strong></span> <span class='ocrx_word' id='word_1_96' title='bbox 983 1427 1311 1492; x_wconf 75' lang='lat' dir='ltr'><strong>persuadeat</strong></span> <span class='ocrx_word' id='word_1_97' title='bbox 1334 1421 1663 1476; x_wconf 75' lang='lat' dir='ltr'><strong>admirabile</strong></span> <span class='ocrx_word' id='word_1_98' title='bbox 1695 1437 1756 1476; x_wconf 89' lang='lat' dir='ltr'><strong>se</strong></span> <span class='ocrx_word' id='word_1_99' title='bbox 1795 1422 1956 1492; x_wconf 83' lang='lat' dir='ltr'><strong>quid-</strong></span> 
     </span>
    </p>
   </div>
   <div class='ocr_carea' id='block_1_16' title="bbox 373 1513 1956 1585">
    <p class='ocr_par' dir='ltr' id='par_1_16' title="bbox 373 1513 1956 1585">
     <span class='ocr_line' id='line_1_16' title="bbox 373 1513 1956 1585; baseline -0.001 -15"><span class='ocrx_word' id='word_1_100' title='bbox 373 1515 498 1570; x_wconf 87' lang='lat' dir='ltr'><strong>dam</strong></span> <span class='ocrx_word' id='word_1_101' title='bbox 553 1524 610 1569; x_wconf 88' lang='lat' dir='ltr'><strong>et</strong></span> <span class='ocrx_word' id='word_1_102' title='bbox 687 1530 946 1585; x_wconf 76' lang='lat' dir='ltr'><strong>maguum</strong></span> <span class='ocrx_word' id='word_1_103' title='bbox 1006 1514 1076 1570; x_wconf 90' lang='lat' dir='ltr'><strong>de</strong></span> <span class='ocrx_word' id='word_1_104' title='bbox 1136 1513 1276 1569; x_wconf 74' lang='lat' dir='ltr'><strong>Filio</strong></span> <span class='ocrx_word' id='word_1_105' title='bbox 1356 1514 1584 1578; x_wconf 87' lang='lat' dir='ltr'><strong>sentire,</strong></span> <span class='ocrx_word' id='word_1_106' title='bbox 1642 1527 1708 1568; x_wconf 86' lang='lat' dir='ltr'><strong>ac</strong></span> <span class='ocrx_word' id='word_1_107' title='bbox 1768 1514 1956 1568; x_wconf 86' lang='lat' dir='ltr'><strong>dicere</strong></span> 
     </span>
    </p>
   </div>
   <div class='ocr_carea' id='block_1_17' title="bbox 376 1605 1955 1676">
    <p class='ocr_par' dir='ltr' id='par_1_17' title="bbox 376 1605 1955 1676">
     <span class='ocr_line' id='line_1_17' title="bbox 376 1605 1955 1676; baseline -0.002 -15"><span class='ocrx_word' id='word_1_108' title='bbox 376 1605 527 1676; x_wconf 83' lang='lat' dir='ltr'><strong>quod</strong></span> <span class='ocrx_word' id='word_1_109' title='bbox 597 1615 859 1661; x_wconf 63' lang='lat' dir='ltr'><strong>creatura</strong></span> <span class='ocrx_word' id='word_1_110' title='bbox 923 1605 1145 1675; x_wconf 89' lang='lat' dir='ltr'><strong>quidem</strong></span> <span class='ocrx_word' id='word_1_111' title='bbox 1222 1605 1318 1671; x_wconf 92' lang='lat' dir='ltr'><strong>sit,</strong></span> <span class='ocrx_word' id='word_1_112' title='bbox 1385 1605 1482 1660; x_wconf 90' lang='lat' dir='ltr'><strong>scd</strong></span> <span class='ocrx_word' id='word_1_113' title='bbox 1542 1619 1652 1659; x_wconf 92' lang='lat' dir='ltr'><strong>non</strong></span> <span class='ocrx_word' id='word_1_114' title='bbox 1729 1613 1790 1658; x_wconf 92' lang='lat' dir='ltr'><strong>ut</strong></span> <span class='ocrx_word' id='word_1_115' title='bbox 1847 1619 1955 1659; x_wconf 92' lang='lat' dir='ltr'><strong>una</strong></span> 
     </span>
    </p>
   </div>
   <div class='ocr_carea' id='block_1_18' title="bbox 377 1695 1959 1766">
    <p class='ocr_par' dir='ltr' id='par_1_18' title="bbox 377 1695 1959 1766">
     <span class='ocr_line' id='line_1_18' title="bbox 377 1695 1959 1766; baseline -0.003 -13"><span class='ocrx_word' id='word_1_116' title='bbox 377 1707 800 1763; x_wconf 84' lang='lat' dir='ltr'><strong>creaturarum,</strong></span> <span class='ocrx_word' id='word_1_117' title='bbox 856 1697 954 1753; x_wconf 88' lang='lat' dir='ltr'><strong>sed</strong></span> <span class='ocrx_word' id='word_1_118' title='bbox 1014 1696 1138 1766; x_wconf 84' lang='lat' dir='ltr'><strong>ejus</strong></span> <span class='ocrx_word' id='word_1_119' title='bbox 1202 1696 1436 1766; x_wconf 76' lang='lat' dir='ltr'><strong>gloriam</strong></span> <span class='ocrx_word' id='word_1_120' title='bbox 1491 1711 1604 1751; x_wconf 87' lang='lat' dir='ltr'><strong>non</strong></span> <span class='ocrx_word' id='word_1_121' title='bbox 1665 1695 1959 1752; x_wconf 84' lang='lat' dir='ltr'><strong>mediocri-</strong></span> 
     </span>
    </p>
   </div>
   <div class='ocr_carea' id='block_1_19' title="bbox 379 1785 1956 1858">
    <p class='ocr_par' dir='ltr' id='par_1_19' title="bbox 379 1785 1956 1858">
     <span class='ocr_line' id='line_1_19' title="bbox 379 1785 1956 1858; baseline -0.003 -13"><span class='ocrx_word' id='word_1_122' title='bbox 379 1803 464 1846; x_wconf 87' lang='lat' dir='ltr'><strong>ter</strong></span> <span class='ocrx_word' id='word_1_123' title='bbox 502 1807 563 1845; x_wconf 82' lang='lat' dir='ltr'><strong>se</strong></span> <span class='ocrx_word' id='word_1_124' title='bbox 605 1789 814 1856; x_wconf 71' lang='lat' dir='ltr'><strong>violare</strong></span> <span class='ocrx_word' id='word_1_125' title='bbox 866 1787 1164 1858; x_wconf 72' lang='lat' dir='ltr'><strong>intelligat.</strong></span> <span class='ocrx_word' id='word_1_126' title='bbox 1217 1785 1329 1841; x_wconf 84' lang='lat' dir='ltr'><strong>Nec</strong></span> <span class='ocrx_word' id='word_1_127' title='bbox 1391 1788 1541 1841; x_wconf 87' lang='lat' dir='ltr'><strong>enim</strong></span> <span class='ocrx_word' id='word_1_128' title='bbox 1598 1787 1956 1858; x_wconf 71' lang='lat' dir='ltr'><strong>quaerendum</strong></span> 
     </span>
    </p>
   </div>
   <div class='ocr_carea' id='block_1_20' title="bbox 370 1877 1954 1954">
    <p class='ocr_par' dir='ltr' id='par_1_20' title="bbox 370 1877 1954 1954">
     <span class='ocr_line' id='line_1_20' title="bbox 370 1877 1954 1954; baseline -0.003 -19"><span class='ocrx_word' id='word_1_129' title='bbox 370 1881 543 1954; x_wconf 31' lang='lat'><strong>779.</strong></span> <span class='ocrx_word' id='word_1_130' title='bbox 562 1889 750 1936; x_wconf 90' lang='lat' dir='ltr'><strong>utrum</strong></span> <span class='ocrx_word' id='word_1_131' title='bbox 775 1879 1034 1934; x_wconf 75' lang='lat' dir='ltr'><strong>eximiam</strong></span> <span class='ocrx_word' id='word_1_132' title='bbox 1065 1893 1178 1947; x_wconf 70' lang='lat' dir='ltr'><strong>prae</strong></span> <span class='ocrx_word' id='word_1_133' title='bbox 1207 1877 1425 1932; x_wconf 68' lang='lat' dir='ltr'><strong>caeteris</strong></span> <span class='ocrx_word' id='word_1_134' title='bbox 1454 1879 1730 1932; x_wconf 74' lang='lat' dir='ltr'><strong>creaturis</strong></span> <span class='ocrx_word' id='word_1_135' title='bbox 1755 1877 1954 1932; x_wconf 74' lang='lat' dir='ltr'><strong>habeat</strong></span> 
     </span>
    </p>
   </div>
   <div class='ocr_carea' id='block_1_21' title="bbox 368 1967 1955 2036">
    <p class='ocr_par' dir='ltr' id='par_1_21' title="bbox 368 1967 1955 2036">
     <span class='ocr_line' id='line_1_21' title="bbox 368 1967 1955 2036; baseline -0.006 -5"><span class='ocrx_word' id='word_1_136' title='bbox 368 1985 625 2031; x_wconf 83' lang='lat' dir='ltr'><strong>naturam</strong></span> <span class='ocrx_word' id='word_1_137' title='bbox 650 2012 664 2036; x_wconf 93' lang='lat'><strong>,</strong></span> <span class='ocrx_word' id='word_1_138' title='bbox 697 1971 792 2026; x_wconf 87' lang='lat' dir='ltr'><strong>sed</strong></span> <span class='ocrx_word' id='word_1_139' title='bbox 821 1979 1008 2025; x_wconf 89' lang='lat' dir='ltr'><strong>utrum</strong></span> <span class='ocrx_word' id='word_1_140' title='bbox 1036 1967 1268 2024; x_wconf 89' lang='lat' dir='ltr'><strong>omnino</strong></span> <span class='ocrx_word' id='word_1_141' title='bbox 1294 1979 1516 2025; x_wconf 82' lang='lat' dir='ltr'><strong>creatus</strong></span> <span class='ocrx_word' id='word_1_142' title='bbox 1543 1969 1634 2025; x_wconf 83' lang='lat' dir='ltr'><strong>sit.</strong></span> <span class='ocrx_word' id='word_1_143' title='bbox 1663 1969 1955 2036; x_wconf 72' lang='lat' dir='ltr'><strong>Quomodo</strong></span> 
     </span>
    </p>
   </div>
   <div class='ocr_carea' id='block_1_22' title="bbox 363 2061 1956 2132">
    <p class='ocr_par' dir='ltr' id='par_1_22' title="bbox 363 2061 1956 2132">
     <span class='ocr_line' id='line_1_22' title="bbox 363 2061 1956 2132; baseline -0.004 -9"><span class='ocrx_word' id='word_1_144' title='bbox 363 2069 511 2123; x_wconf 83' lang='lat' dir='ltr'><strong>cnim</strong></span> <span class='ocrx_word' id='word_1_145' title='bbox 544 2075 803 2120; x_wconf 85' lang='lat' dir='ltr'><strong>creatura</strong></span> <span class='ocrx_word' id='word_1_146' title='bbox 842 2079 950 2118; x_wconf 92' lang='lat' dir='ltr'><strong>non</strong></span> <span class='ocrx_word' id='word_1_147' title='bbox 981 2063 1124 2128; x_wconf 89' lang='lat' dir='ltr'><strong>erit,</strong></span> <span class='ocrx_word' id='word_1_148' title='bbox 1162 2061 1207 2116; x_wconf 88' lang='lat' dir='ltr'><strong>si</strong></span> <span class='ocrx_word' id='word_1_149' title='bbox 1255 2071 1646 2117; x_wconf 83' lang='lat' dir='ltr'><strong>creaturarum</strong></span> <span class='ocrx_word' id='word_1_150' title='bbox 1697 2063 1771 2117; x_wconf 85' lang='lat' dir='ltr'><strong>sit</strong></span> <span class='ocrx_word' id='word_1_151' title='bbox 1814 2077 1956 2132; x_wconf 74' lang='lat' dir='ltr'><strong>pra:-</strong></span> 
     </span>
    </p>
   </div>
   <div class='ocr_carea' id='block_1_23' title="bbox 366 2151 1954 2224">
    <p class='ocr_par' dir='ltr' id='par_1_23' title="bbox 366 2151 1954 2224">
     <span class='ocr_line' id='line_1_23' title="bbox 366 2151 1954 2224; baseline -0.004 -11"><span class='ocrx_word' id='word_1_152' title='bbox 366 2159 714 2214; x_wconf 85' lang='lat' dir='ltr'><strong>stantissima</strong></span> <span class='ocrx_word' id='word_1_153' title='bbox 738 2156 764 2210; x_wconf 70' lang='lat'><strong><em>3</em></strong></span> <span class='ocrx_word' id='word_1_154' title='bbox 798 2157 868 2210; x_wconf 81' lang='lat' dir='ltr'><strong>At</strong></span> <span class='ocrx_word' id='word_1_155' title='bbox 898 2154 1104 2210; x_wconf 82' lang='lat' dir='ltr'><strong>violata</strong></span> <span class='ocrx_word' id='word_1_156' title='bbox 1133 2151 1258 2207; x_wconf 68' lang='lat' dir='ltr'><strong>Filii</strong></span> <span class='ocrx_word' id='word_1_157' title='bbox 1290 2151 1588 2223; x_wconf 79' lang='lat' dir='ltr'><strong>majestate</strong></span> <span class='ocrx_word' id='word_1_158' title='bbox 1619 2155 1673 2207; x_wconf 92' lang='lat' dir='ltr'><strong>in</strong></span> <span class='ocrx_word' id='word_1_159' title='bbox 1709 2168 1776 2208; x_wconf 91' lang='lat' dir='ltr'><strong>eo</strong></span> <span class='ocrx_word' id='word_1_160' title='bbox 1804 2153 1954 2224; x_wconf 90' lang='lat' dir='ltr'><strong>quod</strong></span> 
     </span>
    </p>
   </div>
   <div class='ocr_carea' id='block_1_24' title="bbox 368 2244 1955 2324">
    <p class='ocr_par' dir='ltr' id='par_1_24' title="bbox 368 2244 1955 2324">
     <span class='ocr_line' id='line_1_24' title="bbox 368 2244 1955 2324; baseline -0.004 -18"><span class='ocrx_word' id='word_1_161' title='bbox 368 2255 548 2324; x_wconf 90' lang='lat' dir='ltr'><strong>ipsum</strong></span> <span class='ocrx_word' id='word_1_162' title='bbox 581 2249 792 2304; x_wconf 84' lang='lat' dir='ltr'><strong>factum</strong></span> <span class='ocrx_word' id='word_1_163' title='bbox 828 2262 954 2305; x_wconf 80' lang='lat' dir='ltr'><strong>esse</strong></span> <span class='ocrx_word' id='word_1_164' title='bbox 989 2247 1219 2309; x_wconf 90' lang='lat' dir='ltr'><strong>dicunt,</strong></span> <span class='ocrx_word' id='word_1_165' title='bbox 1253 2245 1386 2315; x_wconf 91' lang='lat' dir='ltr'><strong>quid</strong></span> <span class='ocrx_word' id='word_1_166' title='bbox 1435 2244 1641 2301; x_wconf 79' lang='lat' dir='ltr'><strong>frustra</strong></span> <span class='ocrx_word' id='word_1_167' title='bbox 1689 2247 1739 2300; x_wconf 90' lang='lat' dir='ltr'><strong>ei</strong></span> <span class='ocrx_word' id='word_1_168' title='bbox 1782 2261 1955 2301; x_wconf 82' lang='lat' dir='ltr'><strong>reme-</strong></span> 
     </span>
    </p>
   </div>
   <div class='ocr_carea' id='block_1_25' title="bbox 366 2337 1953 2413">
    <p class='ocr_par' dir='ltr' id='par_1_25' title="bbox 366 2337 1953 2413">
     <span class='ocr_line' id='line_1_25' title="bbox 366 2337 1953 2413; baseline -0.005 -13"><span class='ocrx_word' id='word_1_169' title='bbox 366 2347 522 2400; x_wconf 86' lang='lat' dir='ltr'><strong>dium</strong></span> <span class='ocrx_word' id='word_1_170' title='bbox 559 2343 731 2398; x_wconf 88' lang='lat' dir='ltr'><strong>veluti</strong></span> <span class='ocrx_word' id='word_1_171' title='bbox 793 2340 1072 2413; x_wconf 88' lang='lat' dir='ltr'><strong>quoddam</strong></span> <span class='ocrx_word' id='word_1_172' title='bbox 1135 2337 1440 2404; x_wconf 82' lang='lat' dir='ltr'><strong>adhibent,</strong></span> <span class='ocrx_word' id='word_1_173' title='bbox 1488 2338 1636 2408; x_wconf 86' lang='lat' dir='ltr'><strong>quod</strong></span> <span class='ocrx_word' id='word_1_174' title='bbox 1691 2339 1953 2392; x_wconf 80' lang='lat' dir='ltr'><strong>nimirum</strong></span> 
     </span>
    </p>
   </div>
   <div class='ocr_carea' id='block_1_26' title="bbox 365 2431 1953 2504">
    <p class='ocr_par' dir='ltr' id='par_1_26' title="bbox 365 2431 1953 2504">
     <span class='ocr_line' id='line_1_26' title="bbox 365 2431 1953 2504; baseline -0.005 -13"><span class='ocrx_word' id='word_1_175' title='bbox 365 2444 544 2493; x_wconf 85' lang='lat' dir='ltr'><strong>locum</strong></span> <span class='ocrx_word' id='word_1_176' title='bbox 602 2445 787 2492; x_wconf 86' lang='lat' dir='ltr'><strong>teneat</strong></span> <span class='ocrx_word' id='word_1_177' title='bbox 845 2434 1187 2504; x_wconf 85' lang='lat' dir='ltr'><strong>reliquorum</strong></span> <span class='ocrx_word' id='word_1_178' title='bbox 1242 2435 1496 2491; x_wconf 90' lang='lat' dir='ltr'><strong>omnium</strong></span> <span class='ocrx_word' id='word_1_179' title='bbox 1553 2431 1953 2503; x_wconf 81' lang='lat' dir='ltr'><strong>praestantissi-</strong></span> 
     </span>
    </p>
   </div>
   <div class='ocr_carea' id='block_1_27' title="bbox 364 2524 1954 2598">
    <p class='ocr_par' dir='ltr' id='par_1_27' title="bbox 364 2524 1954 2598">
     <span class='ocr_line' id='line_1_27' title="bbox 364 2524 1954 2598; baseline -0.005 -12"><span class='ocrx_word' id='word_1_180' title='bbox 364 2527 858 2598; x_wconf 73' lang='lat' dir='ltr'><strong>mum‘ilnjuriam</strong></span> <span class='ocrx_word' id='word_1_181' title='bbox 892 2527 1082 2597; x_wconf 84' lang='lat' dir='ltr'><strong>itaque</strong></span> <span class='ocrx_word' id='word_1_182' title='bbox 1133 2524 1229 2581; x_wconf 85' lang='lat' dir='ltr'><strong>Dei</strong></span> <span class='ocrx_word' id='word_1_183' title='bbox 1275 2541 1340 2581; x_wconf 91' lang='lat' dir='ltr'><strong>ac</strong></span> <span class='ocrx_word' id='word_1_184' title='bbox 1392 2524 1576 2581; x_wconf 85' lang='lat' dir='ltr'><strong>Patris</strong></span> <span class='ocrx_word' id='word_1_185' title='bbox 1625 2525 1954 2581; x_wconf 73' lang='lat' dir='ltr'><strong>substantiae</strong></span> 
     </span>
    </p>
   </div>
   <div class='ocr_carea' id='block_1_28' title="bbox 364 2615 1953 2690">
    <p class='ocr_par' dir='ltr' id='par_1_28' title="bbox 364 2615 1953 2690">
     <span class='ocr_line' id='line_1_28' title="bbox 364 2615 1953 2690; baseline -0.006 -11"><span class='ocrx_word' id='word_1_186' title='bbox 364 2624 670 2687; x_wconf 77' lang='lat' dir='ltr'><strong>faciemus,</strong></span> <span class='ocrx_word' id='word_1_187' title='bbox 704 2627 802 2674; x_wconf 86' lang='lat' dir='ltr'><strong>aut</strong></span> <span class='ocrx_word' id='word_1_188' title='bbox 837 2619 1038 2675; x_wconf 88' lang='lat' dir='ltr'><strong>horum</strong></span> <span class='ocrx_word' id='word_1_189' title='bbox 1073 2618 1415 2690; x_wconf 75' lang='lat' dir='ltr'><strong>agendorum</strong></span> <span class='ocrx_word' id='word_1_190' title='bbox 1447 2627 1778 2690; x_wconf 82' lang='lat' dir='ltr'><strong>potestatem</strong></span> <span class='ocrx_word' id='word_1_191' title='bbox 1811 2615 1953 2670; x_wconf 78' lang='lat' dir='ltr'><strong>Filio</strong></span> 
     </span>
    </p>
   </div>
   <div class='ocr_carea' id='block_1_29' title="bbox 363 2712 1952 2788">
    <p class='ocr_par' dir='ltr' id='par_1_29' title="bbox 363 2712 1952 2788">
     <span class='ocr_line' id='line_1_29' title="bbox 363 2712 1952 2788; baseline -0.004 -16"><span class='ocrx_word' id='word_1_192' title='bbox 363 2717 687 2788; x_wconf 76' lang='lat' dir='ltr'><strong>aﬂingemus</strong></span> <span class='ocrx_word' id='word_1_193' title='bbox 707 2755 726 2781; x_wconf 94' lang='lat'><strong>,</strong></span> <span class='ocrx_word' id='word_1_194' title='bbox 756 2715 854 2786; x_wconf 87' lang='lat' dir='ltr'><strong>qui</strong></span> <span class='ocrx_word' id='word_1_195' title='bbox 884 2722 939 2769; x_wconf 92' lang='lat' dir='ltr'><strong>et</strong></span> <span class='ocrx_word' id='word_1_196' title='bbox 969 2714 1090 2784; x_wconf 87' lang='lat' dir='ltr'><strong>ipse</strong></span> <span class='ocrx_word' id='word_1_197' title='bbox 1117 2723 1340 2769; x_wconf 83' lang='lat' dir='ltr'><strong>creatus</strong></span> <span class='ocrx_word' id='word_1_198' title='bbox 1381 2722 1502 2781; x_wconf 89' lang='lat' dir='ltr'><strong>est,</strong></span> <span class='ocrx_word' id='word_1_199' title='bbox 1553 2721 1616 2768; x_wconf 90' lang='lat' dir='ltr'><strong>ut</strong></span> <span class='ocrx_word' id='word_1_200' title='bbox 1659 2714 1825 2768; x_wconf 87' lang='lat' dir='ltr'><strong>stulte</strong></span> <span class='ocrx_word' id='word_1_201' title='bbox 1873 2712 1952 2766; x_wconf 91' lang='lat' dir='ltr'><strong>illi</strong></span> 
     </span>
    </p>
   </div>
   <div class='ocr_carea' id='block_1_30' title="bbox 362 2801 1953 2876">
    <p class='ocr_par' dir='ltr' id='par_1_30' title="bbox 362 2801 1953 2876">
     <span class='ocr_line' id='line_1_30' title="bbox 362 2801 1953 2876; baseline -0.003 -16"><span class='ocrx_word' id='word_1_202' title='bbox 362 2806 849 2876; x_wconf 75' lang='lat' dir='ltr'><strong>philosophantur.</strong></span> <span class='ocrx_word' id='word_1_203' title='bbox 905 2803 1012 2859; x_wconf 87' lang='lat' dir='ltr'><strong>Sed</strong></span> <span class='ocrx_word' id='word_1_204' title='bbox 1069 2818 1182 2858; x_wconf 91' lang='lat' dir='ltr'><strong>non</strong></span> <span class='ocrx_word' id='word_1_205' title='bbox 1247 2801 1488 2859; x_wconf 77' lang='lat' dir='ltr'><strong>feremus</strong></span> <span class='ocrx_word' id='word_1_206' title='bbox 1553 2818 1650 2858; x_wconf 80' lang='lat' dir='ltr'><strong>eos</strong></span> <span class='ocrx_word' id='word_1_207' title='bbox 1705 2803 1953 2857; x_wconf 82' lang='lat' dir='ltr'><strong>dicentes</strong></span> 
     </span>
    </p>
   </div>
   <div class='ocr_carea' id='block_1_31' title="bbox 365 2893 1954 2959">
    <p class='ocr_par' dir='ltr' id='par_1_31' title="bbox 365 2893 1954 2959">
     <span class='ocr_line' id='line_1_31' title="bbox 365 2893 1954 2959; baseline -0.004 -6"><span class='ocrx_word' id='word_1_208' title='bbox 365 2899 596 2959; x_wconf 74' lang='lat' dir='ltr'><strong>Filium.</strong></span> <span class='ocrx_word' id='word_1_209' title='bbox 620 2912 746 2952; x_wconf 88' lang='lat' dir='ltr'><strong>cum</strong></span> <span class='ocrx_word' id='word_1_210' title='bbox 784 2895 1094 2951; x_wconf 78' lang='lat' dir='ltr'><strong>secundum</strong></span> <span class='ocrx_word' id='word_1_211' title='bbox 1123 2902 1381 2949; x_wconf 86' lang='lat' dir='ltr'><strong>naturam</strong></span> <span class='ocrx_word' id='word_1_212' title='bbox 1417 2903 1676 2950; x_wconf 90' lang='lat' dir='ltr'><strong>creatura</strong></span> <span class='ocrx_word' id='word_1_213' title='bbox 1707 2894 1806 2957; x_wconf 85' lang='lat' dir='ltr'><strong>sit,</strong></span> <span class='ocrx_word' id='word_1_214' title='bbox 1837 2893 1954 2948; x_wconf 84' lang='lat' dir='ltr'><strong>dei-</strong></span> 
     </span>
    </p>
   </div>
   <div class='ocr_carea' id='block_1_32' title="bbox 364 2985 1953 3058">
    <p class='ocr_par' dir='ltr' id='par_1_32' title="bbox 364 2985 1953 3058">
     <span class='ocr_line' id='line_1_32' title="bbox 364 2985 1953 3058; baseline -0.003 -14"><span class='ocrx_word' id='word_1_215' title='bbox 364 2991 499 3046; x_wconf 88' lang='lat' dir='ltr'><strong>tatis</strong></span> <span class='ocrx_word' id='word_1_216' title='bbox 549 2998 738 3044; x_wconf 85' lang='lat' dir='ltr'><strong>tamen</strong></span> <span class='ocrx_word' id='word_1_217' title='bbox 791 3003 960 3058; x_wconf 80' lang='lat' dir='ltr'><strong>opera</strong></span> <span class='ocrx_word' id='word_1_218' title='bbox 1007 2986 1226 3048; x_wconf 88' lang='lat' dir='ltr'><strong>facere,</strong></span> <span class='ocrx_word' id='word_1_219' title='bbox 1272 2999 1399 3040; x_wconf 90' lang='lat' dir='ltr'><strong>cum</strong></span> <span class='ocrx_word' id='word_1_220' title='bbox 1443 2985 1525 3040; x_wconf 90' lang='lat' dir='ltr'><strong>ita</strong></span> <span class='ocrx_word' id='word_1_221' title='bbox 1571 2985 1833 3056; x_wconf 87' lang='lat' dir='ltr'><strong>placitum</strong></span> <span class='ocrx_word' id='word_1_222' title='bbox 1877 2987 1953 3040; x_wconf 80' lang='lat' dir='ltr'><strong>sit</strong></span> 
     </span>
    </p>
   </div>
   <div class='ocr_carea' id='block_1_33' title="bbox 365 3074 1951 3146">
    <p class='ocr_par' dir='ltr' id='par_1_33' title="bbox 365 3074 1951 3146">
     <span class='ocr_line' id='line_1_33' title="bbox 365 3074 1951 3146; baseline -0.004 -11"><span class='ocrx_word' id='word_1_223' title='bbox 365 3081 479 3135; x_wconf 75' lang='lat' dir='ltr'><strong>Deo</strong></span> <span class='ocrx_word' id='word_1_224' title='bbox 509 3096 573 3133; x_wconf 84' lang='lat' dir='ltr'><strong>ac</strong></span> <span class='ocrx_word' id='word_1_225' title='bbox 607 3078 778 3133; x_wconf 87' lang='lat' dir='ltr'><strong>Patri.</strong></span> <span class='ocrx_word' id='word_1_226' title='bbox 821 3075 956 3131; x_wconf 78' lang='lat' dir='ltr'><strong>Nam</strong></span> <span class='ocrx_word' id='word_1_227' title='bbox 993 3076 1040 3132; x_wconf 88' lang='lat' dir='ltr'><strong>si</strong></span> <span class='ocrx_word' id='word_1_228' title='bbox 1083 3091 1148 3132; x_wconf 75' lang='lat' dir='ltr'><strong>ex</strong></span> <span class='ocrx_word' id='word_1_229' title='bbox 1196 3075 1486 3146; x_wconf 84' lang='lat' dir='ltr'><strong>Scriptura</strong></span> <span class='ocrx_word' id='word_1_230' title='bbox 1530 3074 1717 3130; x_wconf 87' lang='lat' dir='ltr'><strong>divina</strong></span> <span class='ocrx_word' id='word_1_231' title='bbox 1759 3085 1951 3132; x_wconf 83' lang='lat' dir='ltr'><strong>osten-</strong></span> 
     </span>
    </p>
   </div>
   <div class='ocr_carea' id='block_1_34' title="bbox 364 3165 1951 3241">
    <p class='ocr_par' dir='ltr' id='par_1_34' title="bbox 364 3165 1951 3241">
     <span class='ocr_line' id='line_1_34' title="bbox 364 3165 1951 3241; baseline -0.004 -16"><span class='ocrx_word' id='word_1_232' title='bbox 364 3173 499 3226; x_wconf 87' lang='lat' dir='ltr'><strong>dere</strong></span> <span class='ocrx_word' id='word_1_233' title='bbox 545 3169 599 3224; x_wconf 89' lang='lat' dir='ltr'><strong>id</strong></span> <span class='ocrx_word' id='word_1_234' title='bbox 635 3176 910 3241; x_wconf 81' lang='lat' dir='ltr'><strong>possunt,</strong></span> <span class='ocrx_word' id='word_1_235' title='bbox 934 3165 1085 3237; x_wconf 77' lang='lat' dir='ltr'><strong>quod</strong></span> <span class='ocrx_word' id='word_1_236' title='bbox 1133 3176 1370 3239; x_wconf 85' lang='lat' dir='ltr'><strong>possunt</strong></span> <span class='ocrx_word' id='word_1_237' title='bbox 1409 3165 1729 3238; x_wconf 87' lang='lat' dir='ltr'><strong>proferant,</strong></span> <span class='ocrx_word' id='word_1_238' title='bbox 1764 3175 1820 3222; x_wconf 90' lang='lat' dir='ltr'><strong>et</strong></span> <span class='ocrx_word' id='word_1_239' title='bbox 1866 3166 1951 3221; x_wconf 84' lang='lat' dir='ltr'><strong>in-</strong></span> 
     </span>
    </p>
   </div>
   <div class='ocr_carea' id='block_1_35' title="bbox 365 3254 1948 3333">
    <p class='ocr_par' dir='ltr' id='par_1_35' title="bbox 365 3254 1948 3333">
     <span class='ocr_line' id='line_1_35' title="bbox 365 3254 1948 3333; baseline -0.003 -19"><span class='ocrx_word' id='word_1_240' title='bbox 365 3271 660 3333; x_wconf 77' lang='lat' dir='ltr'><strong>i-orruptas</strong></span> <span class='ocrx_word' id='word_1_241' title='bbox 685 3261 846 3316; x_wconf 85' lang='lat' dir='ltr'><strong>nobis</strong></span> <span class='ocrx_word' id='word_1_242' title='bbox 875 3268 1200 3315; x_wconf 82' lang='lat' dir='ltr'><strong>sanctorum</strong></span> <span class='ocrx_word' id='word_1_243' title='bbox 1229 3271 1396 3313; x_wconf 87' lang='lat' dir='ltr'><strong>voces</strong></span> <span class='ocrx_word' id='word_1_244' title='bbox 1437 3265 1796 3312; x_wconf 82' lang='lat' dir='ltr'><strong>conservent.</strong></span> <span class='ocrx_word' id='word_1_245' title='bbox 1848 3254 1948 3310; x_wconf 88' lang='lat' dir='ltr'><strong>Sin</strong></span> 
     </span>
    </p>
   </div>
   <div class='ocr_carea' id='block_1_36' title="bbox 365 3350 1956 3416">
    <p class='ocr_par' dir='ltr' id='par_1_36' title="bbox 365 3350 1956 3416">
     <span class='ocr_line' id='line_1_36' title="bbox 365 3350 1956 3416; baseline -0.003 -7"><span class='ocrx_word' id='word_1_246' title='bbox 365 3367 546 3410; x_wconf 79' lang='lat' dir='ltr'><strong>autem</strong></span> <span class='ocrx_word' id='word_1_247' title='bbox 604 3369 670 3410; x_wconf 78' lang='lat' dir='ltr'><strong>ex</strong></span> <span class='ocrx_word' id='word_1_248' title='bbox 728 3367 837 3408; x_wconf 83' lang='lat' dir='ltr'><strong>suo</strong></span> <span class='ocrx_word' id='word_1_249' title='bbox 885 3366 1055 3408; x_wconf 86' lang='lat' dir='ltr'><strong>sensu</strong></span> <span class='ocrx_word' id='word_1_250' title='bbox 1115 3351 1366 3406; x_wconf 87' lang='lat' dir='ltr'><strong>rationes</strong></span> <span class='ocrx_word' id='word_1_251' title='bbox 1421 3350 1956 3416; x_wconf 82' lang='lat' dir='ltr'><strong>comminiscuntur,</strong></span> 
     </span>
    </p>
   </div>
   <div class='ocr_carea' id='block_1_37' title="bbox 365 3441 1956 3514">
    <p class='ocr_par' dir='ltr' id='par_1_37' title="bbox 365 3441 1956 3514">
     <span class='ocr_line' id='line_1_37' title="bbox 365 3441 1956 3514; baseline -0.003 -11"><span class='ocrx_word' id='word_1_252' title='bbox 365 3449 512 3503; x_wconf 83' lang='lat' dir='ltr'><strong>scite</strong></span> <span class='ocrx_word' id='word_1_253' title='bbox 571 3445 862 3500; x_wconf 84' lang='lat' dir='ltr'><strong>dicemus:</strong></span> <span class='ocrx_word' id='word_1_254' title='bbox 897 3463 916 3496; x_wconf 74' lang='grc' dir='ltr'><strong>ι</strong></span> <span class='ocrx_word' id='word_1_255' title='bbox 952 3441 1046 3498; x_wconf 69' lang='lat' dir='ltr'><strong>Vae</strong></span> <span class='ocrx_word' id='word_1_256' title='bbox 1103 3442 1200 3513; x_wconf 80' lang='lat' dir='ltr'><strong>qui</strong></span> <span class='ocrx_word' id='word_1_257' title='bbox 1259 3441 1599 3514; x_wconf 80' lang='lat' dir='ltr'><strong>prophetant</strong></span> <span class='ocrx_word' id='word_1_258' title='bbox 1661 3443 1730 3498; x_wconf 88' lang='lat' dir='ltr'><strong>de</strong></span> <span class='ocrx_word' id='word_1_259' title='bbox 1787 3443 1956 3498; x_wconf 87' lang='lat' dir='ltr'><strong>corde</strong></span> 
     </span>
    </p>
   </div>
   <div class='ocr_carea' id='block_1_38' title="bbox 365 3533 1951 3605">
    <p class='ocr_par' dir='ltr' id='par_1_38' title="bbox 365 3533 1951 3605">
     <span class='ocr_line' id='line_1_38' title="bbox 365 3533 1951 3605; baseline -0.004 -10"><span class='ocrx_word' id='word_1_260' title='bbox 365 3554 469 3595; x_wconf 86' lang='lat' dir='ltr'><strong>suo</strong></span> <span class='ocrx_word' id='word_1_261' title='bbox 496 3539 574 3591; x_wconf 75' lang='lat'><strong>“.</strong></span> <span class='ocrx_word' id='word_1_262' title='bbox 599 3555 619 3589; x_wconf 72' lang='grc' dir='ltr'>ι</span> <span class='ocrx_word' id='word_1_263' title='bbox 652 3537 749 3590; x_wconf 89' lang='lat' dir='ltr'><strong>llla</strong></span> <span class='ocrx_word' id='word_1_264' title='bbox 781 3537 930 3590; x_wconf 89' lang='lat' dir='ltr'><strong>enim</strong></span> <span class='ocrx_word' id='word_1_265' title='bbox 962 3533 1190 3589; x_wconf 81' lang='lat' dir='ltr'><strong>Patrem</strong></span> <span class='ocrx_word' id='word_1_266' title='bbox 1238 3548 1459 3605; x_wconf 84' lang='lat' dir='ltr'><strong>semper</strong></span> <span class='ocrx_word' id='word_1_267' title='bbox 1503 3533 1646 3589; x_wconf 88' lang='lat' dir='ltr'><strong>velle</strong></span> <span class='ocrx_word' id='word_1_268' title='bbox 1680 3535 1951 3589; x_wconf 86' lang='lat' dir='ltr'><strong>concede-</strong></span> 
     </span>
    </p>
   </div>
   <div class='ocr_carea' id='block_1_39' title="bbox 367 3627 1957 3701">
    <p class='ocr_par' dir='ltr' id='par_1_39' title="bbox 367 3627 1957 3701">
     <span class='ocr_line' id='line_1_39' title="bbox 367 3627 1957 3701; baseline -0.003 -15"><span class='ocrx_word' id='word_1_269' title='bbox 367 3645 522 3695; x_wconf 83' lang='lat' dir='ltr'><strong>mus,</strong></span> <span class='ocrx_word' id='word_1_270' title='bbox 555 3645 679 3701; x_wconf 69' lang='lat' dir='ltr'><strong>quae</strong></span> <span class='ocrx_word' id='word_1_271' title='bbox 703 3629 952 3684; x_wconf 84' lang='lat' dir='ltr'><strong>divinam</strong></span> <span class='ocrx_word' id='word_1_272' title='bbox 979 3628 1106 3698; x_wconf 76' lang='lat' dir='ltr'><strong>ejus</strong></span> <span class='ocrx_word' id='word_1_273' title='bbox 1129 3628 1361 3699; x_wconf 76' lang='lat' dir='ltr'><strong>gloriam</strong></span> <span class='ocrx_word' id='word_1_274' title='bbox 1393 3627 1670 3684; x_wconf 88' lang='lat' dir='ltr'><strong>sinceram</strong></span> <span class='ocrx_word' id='word_1_275' title='bbox 1703 3637 1756 3682; x_wconf 91' lang='lat' dir='ltr'><strong>ct</strong></span> <span class='ocrx_word' id='word_1_276' title='bbox 1785 3627 1957 3681; x_wconf 86' lang='lat' dir='ltr'><strong>invio-</strong></span> 
     </span>
    </p>
   </div>
   <div class='ocr_carea' id='block_1_40' title="bbox 366 3720 1966 3790">
    <p class='ocr_par' dir='ltr' id='par_1_40' title="bbox 366 3720 1966 3790">
     <span class='ocr_line' id='line_1_40' title="bbox 366 3720 1966 3790; baseline -0.003 -12"><span class='ocrx_word' id='word_1_277' title='bbox 366 3725 534 3780; x_wconf 89' lang='lat' dir='ltr'><strong>latam</strong></span> <span class='ocrx_word' id='word_1_278' title='bbox 564 3736 787 3777; x_wconf 83' lang='lat' dir='ltr'><strong>servare</strong></span> <span class='ocrx_word' id='word_1_279' title='bbox 818 3731 1065 3790; x_wconf 88' lang='lat' dir='ltr'><strong>queunt,</strong></span> <span class='ocrx_word' id='word_1_280' title='bbox 1123 3730 1179 3773; x_wconf 88' lang='lat' dir='ltr'><strong>et</strong></span> <span class='ocrx_word' id='word_1_281' title='bbox 1236 3720 1556 3790; x_wconf 78' lang='lat' dir='ltr'><strong>dogmatum</strong></span> <span class='ocrx_word' id='word_1_282' title='bbox 1603 3735 1728 3789; x_wconf 66' lang='lat' dir='ltr'><strong>quae</strong></span> <span class='ocrx_word' id='word_1_283' title='bbox 1779 3720 1848 3774; x_wconf 90' lang='lat' dir='ltr'><strong>de</strong></span> <span class='ocrx_word' id='word_1_284' title='bbox 1889 3734 1966 3774; x_wconf 80' lang='lat' dir='ltr'><strong>eo</strong></span> 
     </span>
    </p>
   </div>
   <div class='ocr_carea' id='block_1_41' title="bbox 365 3811 1964 3878">
    <p class='ocr_par' dir='ltr' id='par_1_41' title="bbox 365 3811 1964 3878">
     <span class='ocr_line' id='line_1_41' title="bbox 365 3811 1964 3878; baseline -0.004 -6"><span class='ocrx_word' id='word_1_285' title='bbox 365 3825 496 3872; x_wconf 87' lang='lat' dir='ltr'><strong>sunt</strong></span> <span class='ocrx_word' id='word_1_286' title='bbox 526 3821 735 3870; x_wconf 85' lang='lat' dir='ltr'><strong>rectam</strong></span> <span class='ocrx_word' id='word_1_287' title='bbox 771 3813 1048 3866; x_wconf 89' lang='lat' dir='ltr'><strong>rationem</strong></span> <span class='ocrx_word' id='word_1_288' title='bbox 1094 3821 1344 3867; x_wconf 85' lang='lat' dir='ltr'><strong>tuentur.</strong></span> <span class='ocrx_word' id='word_1_289' title='bbox 1395 3812 1694 3878; x_wconf 80' lang='lat' dir='ltr'><strong>Quocirca,</strong></span> <span class='ocrx_word' id='word_1_290' title='bbox 1732 3811 1964 3866; x_wconf 36' lang='lat' dir='ltr'><strong>illorum:</strong></span> 
     </span>
    </p>
   </div>
   <div class='ocr_carea' id='block_1_42' title="bbox 368 3902 1954 3974">
    <p class='ocr_par' dir='ltr' id='par_1_42' title="bbox 368 3902 1954 3974">
     <span class='ocr_line' id='line_1_42' title="bbox 368 3902 1954 3974; baseline -0.004 -9"><span class='ocrx_word' id='word_1_291' title='bbox 368 3909 586 3966; x_wconf 83' lang='lat' dir='ltr'><strong>insania</strong></span> <span class='ocrx_word' id='word_1_292' title='bbox 624 3907 807 3960; x_wconf 82' lang='lat' dir='ltr'><strong>valere</strong></span> <span class='ocrx_word' id='word_1_293' title='bbox 851 3905 1049 3974; x_wconf 76' lang='lat' dir='ltr'><strong>iussa,</strong></span> <span class='ocrx_word' id='word_1_294' title='bbox 1092 3904 1160 3957; x_wconf 85' lang='lat' dir='ltr'><strong>ad</strong></span> <span class='ocrx_word' id='word_1_295' title='bbox 1194 3913 1404 3959; x_wconf 87' lang='lat' dir='ltr'><strong>rectam</strong></span> <span class='ocrx_word' id='word_1_296' title='bbox 1440 3902 1509 3958; x_wconf 91' lang='lat' dir='ltr'><strong>de</strong></span> <span class='ocrx_word' id='word_1_297' title='bbox 1546 3919 1614 3958; x_wconf 90' lang='lat' dir='ltr'><strong>co</strong></span> <span class='ocrx_word' id='word_1_298' title='bbox 1639 3903 1954 3959; x_wconf 87' lang='lat' dir='ltr'><strong>doctrinam</strong></span> 
     </span>
    </p>
   </div>
   <div class='ocr_carea' id='block_1_43' title="bbox 365 3996 1958 4061">
    <p class='ocr_par' dir='ltr' id='par_1_43' title="bbox 365 3996 1958 4061">
     <span class='ocr_line' id='line_1_43' title="bbox 365 3996 1958 4061; baseline -0.002 -6"><span class='ocrx_word' id='word_1_299' title='bbox 365 4008 776 4061; x_wconf 79' lang='lat' dir='ltr'><strong>convertamur,</strong></span> <span class='ocrx_word' id='word_1_300' title='bbox 807 3996 1104 4052; x_wconf 87' lang='lat' dir='ltr'><strong>credentes</strong></span> <span class='ocrx_word' id='word_1_301' title='bbox 1135 4011 1203 4050; x_wconf 74' lang='lat' dir='ltr'><strong>ex</strong></span> <span class='ocrx_word' id='word_1_302' title='bbox 1247 3997 1562 4051; x_wconf 82' lang='lat' dir='ltr'><strong>substantia</strong></span> <span class='ocrx_word' id='word_1_303' title='bbox 1609 3996 1702 4052; x_wconf 84' lang='lat' dir='ltr'><strong>Dei</strong></span> <span class='ocrx_word' id='word_1_304' title='bbox 1746 4013 1810 4052; x_wconf 86' lang='lat' dir='ltr'><strong>ae</strong></span> <span class='ocrx_word' id='word_1_305' title='bbox 1852 3996 1958 4052; x_wconf 86' lang='lat' dir='ltr'><strong>Pa-</strong></span> 
     </span>
    </p>
   </div>
   <div class='ocr_carea' id='block_1_44' title="bbox 367 4087 1958 4164">
    <p class='ocr_par' dir='ltr' id='par_1_44' title="bbox 367 4087 1958 4164">
     <span class='ocr_line' id='line_1_44' title="bbox 367 4087 1958 4164; baseline -0.003 -14"><span class='ocrx_word' id='word_1_306' title='bbox 367 4096 468 4150; x_wconf 84' lang='lat' dir='ltr'><strong>tris</strong></span> <span class='ocrx_word' id='word_1_307' title='bbox 502 4094 759 4164; x_wconf 74' lang='lat' dir='ltr'><strong>gcnitum</strong></span> <span class='ocrx_word' id='word_1_308' title='bbox 781 4105 906 4147; x_wconf 87' lang='lat' dir='ltr'><strong>esse</strong></span> <span class='ocrx_word' id='word_1_309' title='bbox 937 4087 1143 4144; x_wconf 70' lang='lat' dir='ltr'><strong>Filium</strong></span> <span class='ocrx_word' id='word_1_310' title='bbox 1175 4105 1302 4145; x_wconf 86' lang='lat' dir='ltr'><strong>vere</strong></span> <span class='ocrx_word' id='word_1_311' title='bbox 1324 4130 1340 4153; x_wconf 94' lang='lat'><strong>,</strong></span> <span class='ocrx_word' id='word_1_312' title='bbox 1391 4098 1446 4144; x_wconf 88' lang='lat' dir='ltr'><strong>et</strong></span> <span class='ocrx_word' id='word_1_313' title='bbox 1497 4089 1666 4144; x_wconf 85' lang='lat' dir='ltr'><strong>Deum</strong></span> <span class='ocrx_word' id='word_1_314' title='bbox 1724 4089 1794 4145; x_wconf 82' lang='lat' dir='ltr'><strong>de</strong></span> <span class='ocrx_word' id='word_1_315' title='bbox 1848 4091 1958 4145; x_wconf 81' lang='lat' dir='ltr'><strong>Deo</strong></span> 
     </span>
    </p>
   </div>
   <div class='ocr_carea' id='block_1_45' title="bbox 367 4182 1959 4242">
    <p class='ocr_par' dir='ltr' id='par_1_45' title="bbox 367 4182 1959 4242">
     <span class='ocr_line' id='line_1_45' title="bbox 367 4182 1959 4242; baseline -0.002 -1"><span class='ocrx_word' id='word_1_316' title='bbox 367 4185 674 4242; x_wconf 75' lang='lat' dir='ltr'><strong>secundum</strong></span> <span class='ocrx_word' id='word_1_317' title='bbox 706 4190 986 4238; x_wconf 82' lang='lat' dir='ltr'><strong>naturam.</strong></span> <span class='ocrx_word' id='word_1_318' title='bbox 1018 4183 1156 4236; x_wconf 80' lang='lat' dir='ltr'><strong>Cum</strong></span> <span class='ocrx_word' id='word_1_319' title='bbox 1188 4183 1262 4236; x_wconf 90' lang='lat' dir='ltr'><strong>sit</strong></span> <span class='ocrx_word' id='word_1_320' title='bbox 1297 4182 1446 4235; x_wconf 84' lang='lat' dir='ltr'><strong>enim</strong></span> <span class='ocrx_word' id='word_1_321' title='bbox 1479 4183 1769 4238; x_wconf 83' lang='lat' dir='ltr'><strong>character</strong></span> <span class='ocrx_word' id='word_1_322' title='bbox 1796 4193 1852 4238; x_wconf 89' lang='lat' dir='ltr'><strong>et</strong></span> <span class='ocrx_word' id='word_1_323' title='bbox 1892 4185 1959 4238; x_wconf 86' lang='lat' dir='ltr'><strong>si-</strong></span> 
     </span>
    </p>
   </div>
   <div class='ocr_carea' id='block_1_46' title="bbox 368 4271 1955 4341">
    <p class='ocr_par' dir='ltr' id='par_1_46' title="bbox 368 4271 1955 4341">
     <span class='ocr_line' id='line_1_46' title="bbox 368 4271 1955 4341; baseline -0.001 -9"><span class='ocrx_word' id='word_1_324' title='bbox 368 4279 624 4332; x_wconf 90' lang='lat' dir='ltr'><strong>militudo</strong></span> <span class='ocrx_word' id='word_1_325' title='bbox 652 4273 748 4328; x_wconf 85' lang='lat' dir='ltr'><strong>Dei</strong></span> <span class='ocrx_word' id='word_1_326' title='bbox 781 4288 844 4327; x_wconf 84' lang='lat' dir='ltr'><strong>ac</strong></span> <span class='ocrx_word' id='word_1_327' title='bbox 875 4271 1092 4336; x_wconf 82' lang='lat' dir='ltr'><strong>Patris,</strong></span> <span class='ocrx_word' id='word_1_328' title='bbox 1145 4288 1272 4327; x_wconf 87' lang='lat' dir='ltr'><strong>vere</strong></span> <span class='ocrx_word' id='word_1_329' title='bbox 1324 4273 1594 4341; x_wconf 81' lang='lat' dir='ltr'><strong>loquitur.</strong></span> <span class='ocrx_word' id='word_1_330' title='bbox 1651 4290 1777 4328; x_wconf 89' lang='lat' dir='ltr'><strong>cum</strong></span> <span class='ocrx_word' id='word_1_331' title='bbox 1834 4275 1955 4330; x_wconf 83' lang='lat' dir='ltr'><strong>ait:</strong></span> 
     </span>
    </p>
   </div>
   <div class='ocr_carea' id='block_1_47' title="bbox 375 4362 1958 4434">
    <p class='ocr_par' dir='ltr' id='par_1_47' title="bbox 375 4362 1958 4434">
     <span class='ocr_line' id='line_1_47' title="bbox 375 4362 1958 4434; baseline 0.002 -15"><span class='ocrx_word' id='word_1_332' title='bbox 375 4389 392 4419; x_wconf 77' lang='grc' dir='ltr'>ι</span> <span class='ocrx_word' id='word_1_333' title='bbox 416 4366 522 4434; x_wconf 87' lang='lat' dir='ltr'><strong>Qui</strong></span> <span class='ocrx_word' id='word_1_334' title='bbox 555 4367 694 4420; x_wconf 83' lang='lat' dir='ltr'><strong>vidit</strong></span> <span class='ocrx_word' id='word_1_335' title='bbox 727 4382 810 4418; x_wconf 87' lang='lat' dir='ltr'><strong>tne</strong></span> <span class='ocrx_word' id='word_1_336' title='bbox 833 4406 848 4424; x_wconf 83' lang='lat'><strong>,</strong></span> <span class='ocrx_word' id='word_1_337' title='bbox 905 4364 1048 4418; x_wconf 85' lang='lat' dir='ltr'><strong>vidit</strong></span> <span class='ocrx_word' id='word_1_338' title='bbox 1098 4375 1152 4416; x_wconf 80' lang='lat' dir='ltr'><strong>ot</strong></span> <span class='ocrx_word' id='word_1_339' title='bbox 1202 4362 1418 4417; x_wconf 85' lang='lat' dir='ltr'><strong>Patrem</strong></span> <span class='ocrx_word' id='word_1_340' title='bbox 1451 4380 1464 4417; x_wconf 89' lang='lat'><strong>:</strong></span> <span class='ocrx_word' id='word_1_341' title='bbox 1499 4366 1780 4434; x_wconf 88' lang='lat' dir='ltr'><strong>quomodo</strong></span> <span class='ocrx_word' id='word_1_342' title='bbox 1824 4384 1958 4434; x_wconf 70' lang='lat' dir='ltr'><strong>ergo</strong></span> 
     </span>
    </p>
   </div>
   <div class='ocr_carea' id='block_1_48' title="bbox 370 4454 1955 4529">
    <p class='ocr_par' dir='ltr' id='par_1_48' title="bbox 370 4454 1955 4529">
     <span class='ocr_line' id='line_1_48' title="bbox 370 4454 1955 4529; baseline -0.001 -15"><span class='ocrx_word' id='word_1_343' title='bbox 370 4463 509 4515; x_wconf 84' lang='lat' dir='ltr'><strong>dicis</strong></span> <span class='ocrx_word' id='word_1_344' title='bbox 537 4481 550 4514; x_wconf 88' lang='lat'>:</span> <span class='ocrx_word' id='word_1_345' title='bbox 586 4457 828 4513; x_wconf 85' lang='lat' dir='ltr'><strong>Ostende</strong></span> <span class='ocrx_word' id='word_1_346' title='bbox 855 4457 1015 4510; x_wconf 83' lang='lat' dir='ltr'><strong>nobis</strong></span> <span class='ocrx_word' id='word_1_347' title='bbox 1049 4455 1268 4509; x_wconf 81' lang='lat' dir='ltr'><strong>Patrem</strong></span> <span class='ocrx_word' id='word_1_348' title='bbox 1294 4455 1326 4508; x_wconf 67' lang='grc' dir='ltr'><strong><em>Τ</em></strong></span> <span class='ocrx_word' id='word_1_349' title='bbox 1351 4479 1367 4507; x_wconf 76' lang='grc' dir='ltr'><strong><em>ο</em></strong></span> <span class='ocrx_word' id='word_1_350' title='bbox 1401 4454 1554 4511; x_wconf 79' lang='lat' dir='ltr'><strong>Licet</strong></span> <span class='ocrx_word' id='word_1_351' title='bbox 1587 4460 1791 4529; x_wconf 85' lang='lat' dir='ltr'><strong>quippe</strong></span> <span class='ocrx_word' id='word_1_352' title='bbox 1822 4461 1920 4512; x_wconf 87' lang='lat' dir='ltr'><strong>tibi</strong></span> <span class='ocrx_word' id='word_1_353' title='bbox 1941 4499 1955 4521; x_wconf 86' lang='lat'><strong>,</strong></span> 
     </span>
    </p>
   </div>
   <div class='ocr_carea' id='block_1_49' title="bbox 1975 3216 2024 3280">
    <p class='ocr_par' dir='ltr' id='par_1_49' title="bbox 1975 3216 2024 3280">
     <span class='ocr_line' id='line_1_49' title="bbox 1975 3216 2024 3280; baseline 0 0"><span class='ocrx_word' id='word_1_354' title='bbox 1975 3216 2024 3280; x_wconf 81' lang='grc' dir='ltr'><strong>ε</strong></span> 
     </span>
    </p>
   </div>
   <div class='ocr_carea' id='block_1_50' title="bbox 2053 590 3637 667">
    <p class='ocr_par' dir='ltr' id='par_1_50' title="bbox 2053 590 3637 667">
     <span class='ocr_line' id='line_1_50' title="bbox 2053 590 3637 667; baseline -0.001 -21"><span class='ocrx_word' id='word_1_355' title='bbox 2053 595 2324 667; x_wconf 85' lang='grc' dir='ltr'><strong>χαράττον</strong></span> <span class='ocrx_word' id='word_1_356' title='bbox 2359 596 2459 666; x_wconf 84' lang='grc' dir='ltr'><strong>τὴν</strong></span> <span class='ocrx_word' id='word_1_357' title='bbox 2505 595 2582 656; x_wconf 86' lang='grc' dir='ltr'><strong>είς</strong></span> <span class='ocrx_word' id='word_1_358' title='bbox 2625 592 2772 647; x_wconf 75' lang='grc' dir='ltr'><strong>ἅπαν</strong></span> <span class='ocrx_word' id='word_1_359' title='bbox 2803 591 3133 664; x_wconf 85' lang='grc' dir='ltr'><strong>ἐμφέρειαν,</strong></span> <span class='ocrx_word' id='word_1_360' title='bbox 3183 590 3398 660; x_wconf 80' lang='grc' dir='ltr'><strong>ἀνάγκη</strong></span> <span class='ocrx_word' id='word_1_361' title='bbox 3428 591 3637 656; x_wconf 78' lang='grc' dir='ltr'><strong>λοιπὸν,</strong></span> 
     </span>
    </p>
   </div>
   <div class='ocr_carea' id='block_1_51' title="bbox 2052 684 3642 758">
    <p class='ocr_par' dir='ltr' id='par_1_51' title="bbox 2052 684 3642 758">
     <span class='ocr_line' id='line_1_51' title="bbox 2052 684 3642 758; baseline -0.002 -18"><span class='ocrx_word' id='word_1_362' title='bbox 2052 690 2147 740; x_wconf 77' lang='grc' dir='ltr'><strong>καὶ</strong></span> <span class='ocrx_word' id='word_1_363' title='bbox 2167 689 2263 758; x_wconf 76' lang='grc' dir='ltr'><strong>οὐχ</strong></span> <span class='ocrx_word' id='word_1_364' title='bbox 2286 689 2481 741; x_wconf 80' lang='grc' dir='ltr'><strong>ἑκόντα</strong></span> <span class='ocrx_word' id='word_1_365' title='bbox 2504 689 2700 750; x_wconf 74' lang='grc' dir='ltr'><strong>εἰπεῖν,</strong></span> <span class='ocrx_word' id='word_1_366' title='bbox 2719 687 2801 739; x_wconf 87' lang='grc' dir='ltr'><strong>δτι</strong></span> <span class='ocrx_word' id='word_1_367' title='bbox 2823 685 2918 740; x_wconf 75' lang='grc' dir='ltr'><strong>καὶ</strong></span> <span class='ocrx_word' id='word_1_368' title='bbox 2944 685 3107 748; x_wconf 83' lang='grc' dir='ltr'><strong>αὐτὸς</strong></span> <span class='ocrx_word' id='word_1_369' title='bbox 3125 686 3154 737; x_wconf 78' lang='grc' dir='ltr'><strong>ὁ</strong></span> <span class='ocrx_word' id='word_1_370' title='bbox 3180 685 3370 756; x_wconf 82' lang='grc' dir='ltr'><strong>Πατὴρ</strong></span> <span class='ocrx_word' id='word_1_371' title='bbox 3397 684 3642 756; x_wconf 68' lang='grc' dir='ltr'><strong>ἐπακτὴν</strong></span> 
     </span>
    </p>
   </div>
   <div class='ocr_carea' id='block_1_52' title="bbox 2052 775 3642 852">
    <p class='ocr_par' dir='ltr' id='par_1_52' title="bbox 2052 775 3642 852">
     <span class='ocr_line' id='line_1_52' title="bbox 2052 775 3642 852; baseline -0.001 -20"><span class='ocrx_word' id='word_1_372' title='bbox 2052 781 2198 851; x_wconf 76' lang='grc' dir='ltr'><strong>ἔχειν</strong></span> <span class='ocrx_word' id='word_1_373' title='bbox 2230 779 2341 852; x_wconf 58' lang='lat' dir='ltr'><strong>[Ion</strong></span> <span class='ocrx_word' id='word_1_374' title='bbox 2391 779 2528 852; x_wconf 76' lang='grc' dir='ltr'><strong>ἔχει]</strong></span> <span class='ocrx_word' id='word_1_375' title='bbox 2575 780 2670 833; x_wconf 68' lang='grc' dir='ltr'><strong>καὶ</strong></span> <span class='ocrx_word' id='word_1_376' title='bbox 2698 779 2828 850; x_wconf 82' lang='grc' dir='ltr'><strong>παρ’</strong></span> <span class='ocrx_word' id='word_1_377' title='bbox 2852 778 3043 848; x_wconf 81' lang='grc' dir='ltr'><strong>ἐτέρου</strong></span> <span class='ocrx_word' id='word_1_378' title='bbox 3080 777 3180 848; x_wconf 81' lang='grc' dir='ltr'><strong>τὴν</strong></span> <span class='ocrx_word' id='word_1_379' title='bbox 3207 775 3458 848; x_wconf 86' lang='grc' dir='ltr'><strong>δύναμιν.</strong></span> <span class='ocrx_word' id='word_1_380' title='bbox 3482 776 3642 831; x_wconf 87' lang='grc' dir='ltr'><strong>Οῦτω</strong></span> 
     </span>
    </p>
   </div>
   <div class='ocr_carea' id='block_1_53' title="bbox 2053 868 3641 944">
    <p class='ocr_par' dir='ltr' id='par_1_53' title="bbox 2053 868 3641 944">
     <span class='ocr_line' id='line_1_53' title="bbox 2053 868 3641 944; baseline -0.003 -18"><span class='ocrx_word' id='word_1_381' title='bbox 2053 872 2162 944; x_wconf 83' lang='grc' dir='ltr'><strong>γάρ</strong></span> <span class='ocrx_word' id='word_1_382' title='bbox 2190 875 2322 944; x_wconf 77' lang='grc' dir='ltr'><strong>ἡμῖν</strong></span> <span class='ocrx_word' id='word_1_383' title='bbox 2346 875 2537 926; x_wconf 75' lang='grc' dir='ltr'><strong>ἑαυτὸν</strong></span> <span class='ocrx_word' id='word_1_384' title='bbox 2567 875 2623 926; x_wconf 78' lang='grc' dir='ltr'><strong>ἐν</strong></span> <span class='ocrx_word' id='word_1_385' title='bbox 2652 874 2718 943; x_wconf 80' lang='grc' dir='ltr'><strong>τῇ</strong></span> <span class='ocrx_word' id='word_1_386' title='bbox 2759 871 2926 924; x_wconf 83' lang='grc' dir='ltr'><strong>εἰκόνι</strong></span> <span class='ocrx_word' id='word_1_387' title='bbox 2953 872 3051 940; x_wconf 82' lang='grc' dir='ltr'><strong>τῆς</strong></span> <span class='ocrx_word' id='word_1_388' title='bbox 3087 868 3224 932; x_wconf 82' lang='grc' dir='ltr'><strong>ἰδίας</strong></span> <span class='ocrx_word' id='word_1_389' title='bbox 3257 868 3492 940; x_wconf 81' lang='grc' dir='ltr'><strong>φύσεως,</strong></span> <span class='ocrx_word' id='word_1_390' title='bbox 3517 868 3641 938; x_wconf 69' lang='grc' dir='ltr'><strong>ἦτοι</strong></span> 
     </span>
    </p>
   </div>
   <div class='ocr_carea' id='block_1_54' title="bbox 2052 956 3647 1035">
    <p class='ocr_par' dir='ltr' id='par_1_54' title="bbox 2052 956 3647 1035">
     <span class='ocr_line' id='line_1_54' title="bbox 2052 956 3647 1035; baseline -0.006 -16"><span class='ocrx_word' id='word_1_391' title='bbox 2052 966 2152 1035; x_wconf 82' lang='grc' dir='ltr'><strong>τῆς</strong></span> <span class='ocrx_word' id='word_1_392' title='bbox 2192 963 2349 1035; x_wconf 83' lang='grc' dir='ltr'><strong>δόξης</strong></span> <span class='ocrx_word' id='word_1_393' title='bbox 2369 1005 2383 1026; x_wconf 84' lang='grc'><strong>,</strong></span> <span class='ocrx_word' id='word_1_394' title='bbox 2416 962 2693 1035; x_wconf 65' lang='grc' dir='ltr'><strong>ἠϐουλήθη</strong></span> <span class='ocrx_word' id='word_1_395' title='bbox 2719 961 3006 1015; x_wconf 80' lang='grc' dir='ltr'><strong>δεικνύειν.</strong></span> <span class='ocrx_word' id='word_1_396' title='bbox 3058 956 3186 1032; x_wconf 71' lang='grc' dir='ltr'><strong>Ἆρ’</strong></span> <span class='ocrx_word' id='word_1_397' title='bbox 3212 956 3306 1012; x_wconf 83' lang='grc' dir='ltr'><strong>οὖν</strong></span> <span class='ocrx_word' id='word_1_398' title='bbox 3329 959 3427 1028; x_wconf 84' lang='grc' dir='ltr'><strong>οὐχ</strong></span> <span class='ocrx_word' id='word_1_399' title='bbox 3452 959 3647 1030; x_wconf 76' lang='grc' dir='ltr'><strong>ὁρᾶτε,</strong></span> 
     </span>
    </p>
   </div>
   <div class='ocr_carea' id='block_1_55' title="bbox 2054 1049 3644 1128">
    <p class='ocr_par' dir='ltr' id='par_1_55' title="bbox 2054 1049 3644 1128">
     <span class='ocr_line' id='line_1_55' title="bbox 2054 1049 3644 1128; baseline -0.009 -14"><span class='ocrx_word' id='word_1_400' title='bbox 2054 1059 2276 1128; x_wconf 78' lang='grc' dir='ltr'><strong>φήσειεν</strong></span> <span class='ocrx_word' id='word_1_401' title='bbox 2300 1057 2365 1110; x_wconf 80' lang='grc' dir='ltr'><strong>ἄν</strong></span> <span class='ocrx_word' id='word_1_402' title='bbox 2407 1073 2491 1120; x_wconf 91' lang='grc' dir='ltr'><strong>τις</strong></span> <span class='ocrx_word' id='word_1_403' title='bbox 2517 1057 2652 1126; x_wconf 76' lang='grc' dir='ltr'><strong>πρὸς</strong></span> <span class='ocrx_word' id='word_1_404' title='bbox 2686 1054 2926 1116; x_wconf 74' lang='grc' dir='ltr'><strong>ἐκείνους</strong></span> <span class='ocrx_word' id='word_1_405' title='bbox 2954 1051 3174 1116; x_wconf 79' lang='grc' dir='ltr'><strong>λοιπὸν,</strong></span> <span class='ocrx_word' id='word_1_406' title='bbox 3227 1052 3350 1106; x_wconf 85' lang='grc' dir='ltr'><strong>ὅποι</strong></span> <span class='ocrx_word' id='word_1_407' title='bbox 3380 1050 3509 1105; x_wconf 83' lang='grc' dir='ltr'><strong>ποτὲ</strong></span> <span class='ocrx_word' id='word_1_408' title='bbox 3543 1049 3644 1120; x_wconf 81' lang='grc' dir='ltr'><strong>βα-</strong></span> 
     </span>
    </p>
   </div>
   <div class='ocr_carea' id='block_1_56' title="bbox 2053 1140 3644 1218">
    <p class='ocr_par' dir='ltr' id='par_1_56' title="bbox 2053 1140 3644 1218">
     <span class='ocr_line' id='line_1_56' title="bbox 2053 1140 3644 1218; baseline -0.006 -16"><span class='ocrx_word' id='word_1_409' title='bbox 2053 1149 2247 1203; x_wconf 80' lang='grc' dir='ltr'><strong>διεῖται</strong></span> <span class='ocrx_word' id='word_1_410' title='bbox 2283 1148 2387 1218; x_wconf 83' lang='grc' dir='ltr'><strong>τῆς</strong></span> <span class='ocrx_word' id='word_1_411' title='bbox 2409 1147 2622 1210; x_wconf 80' lang='grc' dir='ltr'><strong>εὐθείας</strong></span> <span class='ocrx_word' id='word_1_412' title='bbox 2653 1145 2777 1199; x_wconf 77' lang='grc' dir='ltr'><strong>ὁδοῦ</strong></span> <span class='ocrx_word' id='word_1_413' title='bbox 2810 1143 3144 1199; x_wconf 82' lang='grc' dir='ltr'><strong>διεκπίπτων</strong></span> <span class='ocrx_word' id='word_1_414' title='bbox 3169 1144 3198 1195; x_wconf 86' lang='grc' dir='ltr'><strong>ό</strong></span> <span class='ocrx_word' id='word_1_415' title='bbox 3229 1142 3407 1210; x_wconf 82' lang='grc' dir='ltr'><strong>λόγος,</strong></span> <span class='ocrx_word' id='word_1_416' title='bbox 3436 1140 3530 1194; x_wconf 73' lang='grc' dir='ltr'><strong>καὶ</strong></span> <span class='ocrx_word' id='word_1_417' title='bbox 3559 1141 3644 1203; x_wconf 85' lang='grc' dir='ltr'><strong>είς</strong></span> 
     </span>
    </p>
   </div>
   <div class='ocr_carea' id='block_1_57' title="bbox 2053 1229 3646 1311">
    <p class='ocr_par' dir='ltr' id='par_1_57' title="bbox 2053 1229 3646 1311">
     <span class='ocr_line' id='line_1_57' title="bbox 2053 1229 3646 1311; baseline -0.009 -16"><span class='ocrx_word' id='word_1_418' title='bbox 2053 1237 2166 1297; x_wconf 72' lang='grc' dir='ltr'><strong>οἷον</strong></span> <span class='ocrx_word' id='word_1_419' title='bbox 2215 1239 2541 1311; x_wconf 78' lang='grc' dir='ltr'><strong>ἀποκομίζει</strong></span> <span class='ocrx_word' id='word_1_420' title='bbox 2590 1236 2864 1309; x_wconf 82' lang='grc' dir='ltr'><strong>βάραθρον</strong></span> <span class='ocrx_word' id='word_1_421' title='bbox 2907 1237 3034 1298; x_wconf 76' lang='grc' dir='ltr'><strong>τοὺς</strong></span> <span class='ocrx_word' id='word_1_422' title='bbox 3072 1235 3260 1287; x_wconf 78' lang='grc' dir='ltr'><strong>ἐκεῖνα</strong></span> <span class='ocrx_word' id='word_1_423' title='bbox 3298 1229 3646 1302; x_wconf 78' lang='grc' dir='ltr'><strong>πεφρονηκό-</strong></span> 
     </span>
    </p>
   </div>
   <div class='ocr_carea' id='block_1_58' title="bbox 2053 1319 3644 1394">
    <p class='ocr_par' dir='ltr' id='par_1_58' title="bbox 2053 1319 3644 1394">
     <span class='ocr_line' id='line_1_58' title="bbox 2053 1319 3644 1394; baseline -0.006 -14"><span class='ocrx_word' id='word_1_424' title='bbox 2053 1345 2181 1392; x_wconf 86' lang='grc' dir='ltr'><strong>τας;</strong></span> <span class='ocrx_word' id='word_1_425' title='bbox 2226 1327 2384 1382; x_wconf 76' lang='grc' dir='ltr'>Ἀλλὰ</span> <span class='ocrx_word' id='word_1_426' title='bbox 2411 1328 2502 1380; x_wconf 69' lang='grc' dir='ltr'><strong>ναὶ</strong></span> <span class='ocrx_word' id='word_1_427' title='bbox 2523 1368 2536 1388; x_wconf 86' lang='grc'><strong>,</strong></span> <span class='ocrx_word' id='word_1_428' title='bbox 2568 1325 2793 1379; x_wconf 89' lang='grc' dir='ltr'><strong>δύναται</strong></span> <span class='ocrx_word' id='word_1_429' title='bbox 2815 1365 2829 1382; x_wconf 91' lang='grc'><strong>.</strong></span> <span class='ocrx_word' id='word_1_430' title='bbox 2872 1322 3009 1394; x_wconf 79' lang='grc' dir='ltr'><strong>φησὶ</strong></span> <span class='ocrx_word' id='word_1_431' title='bbox 3029 1362 3044 1385; x_wconf 86' lang='grc'><strong>,</strong></span> <span class='ocrx_word' id='word_1_432' title='bbox 3077 1322 3256 1376; x_wconf 87' lang='grc' dir='ltr'><strong>καίτοι</strong></span> <span class='ocrx_word' id='word_1_433' title='bbox 3286 1319 3510 1391; x_wconf 81' lang='grc' dir='ltr'><strong>γενητὸς</strong></span> <span class='ocrx_word' id='word_1_434' title='bbox 3535 1320 3644 1371; x_wconf 83' lang='grc' dir='ltr'><strong>ὐπ-</strong></span> 
     </span>
    </p>
   </div>
   <div class='ocr_carea' id='block_1_59' title="bbox 2054 1410 3644 1492">
    <p class='ocr_par' dir='ltr' id='par_1_59' title="bbox 2054 1410 3644 1492">
     <span class='ocr_line' id='line_1_59' title="bbox 2054 1410 3644 1492; baseline -0.008 -16"><span class='ocrx_word' id='word_1_435' title='bbox 2054 1421 2239 1492; x_wconf 79' lang='grc' dir='ltr'><strong>άρχων</strong></span> <span class='ocrx_word' id='word_1_436' title='bbox 2271 1421 2300 1473; x_wconf 87' lang='grc' dir='ltr'><strong>ό</strong></span> <span class='ocrx_word' id='word_1_437' title='bbox 2333 1418 2460 1481; x_wconf 79' lang='grc' dir='ltr'><strong>Υίὸς</strong></span> <span class='ocrx_word' id='word_1_438' title='bbox 2482 1459 2497 1481; x_wconf 90' lang='grc'><strong>,</strong></span> <span class='ocrx_word' id='word_1_439' title='bbox 2535 1418 2604 1472; x_wconf 85' lang='grc' dir='ltr'><strong>τά</strong></span> <span class='ocrx_word' id='word_1_440' title='bbox 2631 1420 2729 1486; x_wconf 83' lang='grc' dir='ltr'><strong>τῆς</strong></span> <span class='ocrx_word' id='word_1_441' title='bbox 2759 1416 2976 1485; x_wconf 77' lang='grc' dir='ltr'><strong>φύσεως</strong></span> <span class='ocrx_word' id='word_1_442' title='bbox 3007 1414 3144 1485; x_wconf 79' lang='grc' dir='ltr'><strong>ἔργα</strong></span> <span class='ocrx_word' id='word_1_443' title='bbox 3178 1411 3418 1484; x_wconf 79' lang='grc' dir='ltr'><strong>πληροῦν</strong></span> <span class='ocrx_word' id='word_1_444' title='bbox 3437 1410 3644 1478; x_wconf 79' lang='grc' dir='ltr'><strong>,”δόξαν</strong></span> 
     </span>
    </p>
   </div>
   <div class='ocr_carea' id='block_1_60' title="bbox 2055 1503 3645 1582">
    <p class='ocr_par' dir='ltr' id='par_1_60' title="bbox 2055 1503 3645 1582">
     <span class='ocr_line' id='line_1_60' title="bbox 2055 1503 3645 1582; baseline -0.008 -17"><span class='ocrx_word' id='word_1_445' title='bbox 2055 1511 2198 1565; x_wconf 75' lang='grc' dir='ltr'><strong>οὕτω</strong></span> <span class='ocrx_word' id='word_1_446' title='bbox 2230 1511 2308 1582; x_wconf 90' lang='grc' dir='ltr'><strong>τῷ</strong></span> <span class='ocrx_word' id='word_1_447' title='bbox 2347 1510 2466 1580; x_wconf 87' lang='grc' dir='ltr'><strong>Θεῷ</strong></span> <span class='ocrx_word' id='word_1_448' title='bbox 2503 1506 2601 1562; x_wconf 78' lang='grc' dir='ltr'><strong>καῖ</strong></span> <span class='ocrx_word' id='word_1_449' title='bbox 2639 1507 2833 1580; x_wconf 71' lang='lat' dir='ltr'><strong>“arpi.</strong></span> <span class='ocrx_word' id='word_1_450' title='bbox 2897 1503 3028 1560; x_wconf 78' lang='grc' dir='ltr'><strong>Εἶτα</strong></span> <span class='ocrx_word' id='word_1_451' title='bbox 3062 1507 3115 1558; x_wconf 91' lang='grc' dir='ltr'><strong>τί</strong></span> <span class='ocrx_word' id='word_1_452' title='bbox 3150 1504 3342 1558; x_wconf 86' lang='grc' dir='ltr'><strong>τούτου</strong></span> <span class='ocrx_word' id='word_1_453' title='bbox 3394 1505 3645 1572; x_wconf 79' lang='grc' dir='ltr'><strong>φανεῖται</strong></span> 
     </span>
    </p>
   </div>
   <div class='ocr_carea' id='block_1_61' title="bbox 2053 1597 3648 1675">
    <p class='ocr_par' dir='ltr' id='par_1_61' title="bbox 2053 1597 3648 1675">
     <span class='ocr_line' id='line_1_61' title="bbox 2053 1597 3648 1675; baseline -0.005 -17"><span class='ocrx_word' id='word_1_454' title='bbox 2053 1606 2117 1658; x_wconf 87' lang='grc' dir='ltr'><strong>τὸ</strong></span> <span class='ocrx_word' id='word_1_455' title='bbox 2141 1605 2595 1675; x_wconf 82' lang='grc' dir='ltr'><strong>δνσσεδέστερον;</strong></span> <span class='ocrx_word' id='word_1_456' title='bbox 2636 1603 2802 1656; x_wconf 72' lang='grc' dir='ltr'><strong>Οὐδὲν</strong></span> <span class='ocrx_word' id='word_1_457' title='bbox 2833 1602 2943 1672; x_wconf 87' lang='grc' dir='ltr'><strong>γὰρ</strong></span> <span class='ocrx_word' id='word_1_458' title='bbox 2968 1602 3050 1654; x_wconf 74' lang='grc' dir='ltr'><strong>ἔτι</strong></span> <span class='ocrx_word' id='word_1_459' title='bbox 3075 1601 3137 1654; x_wconf 81' lang='grc' dir='ltr'><strong>τὸ</strong></span> <span class='ocrx_word' id='word_1_460' title='bbox 3168 1598 3352 1669; x_wconf 77' lang='grc' dir='ltr'><strong>μεῖζον</strong></span> <span class='ocrx_word' id='word_1_461' title='bbox 3372 1641 3386 1663; x_wconf 91' lang='grc'><strong>,</strong></span> <span class='ocrx_word' id='word_1_462' title='bbox 3432 1599 3551 1670; x_wconf 75' lang='grc' dir='ltr'><strong>ἦτοι</strong></span> <span class='ocrx_word' id='word_1_463' title='bbox 3581 1597 3648 1650; x_wconf 79' lang='grc' dir='ltr'><strong>τὸ</strong></span> 
     </span>
    </p>
   </div>
   <div class='ocr_carea' id='block_1_62' title="bbox 2058 1690 3643 1768">
    <p class='ocr_par' dir='ltr' id='par_1_62' title="bbox 2058 1690 3643 1768">
     <span class='ocr_line' id='line_1_62' title="bbox 2058 1690 3643 1768; baseline -0.005 -18"><span class='ocrx_word' id='word_1_464' title='bbox 2058 1697 2219 1750; x_wconf 80' lang='grc' dir='ltr'>πλέον</span> <span class='ocrx_word' id='word_1_465' title='bbox 2248 1697 2304 1750; x_wconf 81' lang='grc' dir='ltr'><strong>ἐν</strong></span> <span class='ocrx_word' id='word_1_466' title='bbox 2327 1695 2445 1766; x_wconf 90' lang='grc' dir='ltr'><strong>Θεῷ</strong></span> <span class='ocrx_word' id='word_1_467' title='bbox 2466 1695 2618 1768; x_wconf 86' lang='grc' dir='ltr'><strong>παρὰ</strong></span> <span class='ocrx_word' id='word_1_468' title='bbox 2639 1697 2738 1766; x_wconf 76' lang='grc' dir='ltr'><strong>τὴν</strong></span> <span class='ocrx_word' id='word_1_469' title='bbox 2763 1695 2960 1755; x_wconf 86' lang='grc' dir='ltr'><strong>κτίσιν,</strong></span> <span class='ocrx_word' id='word_1_470' title='bbox 2996 1695 3044 1746; x_wconf 82' lang='grc' dir='ltr'><strong>εί</strong></span> <span class='ocrx_word' id='word_1_471' title='bbox 3070 1694 3162 1747; x_wconf 70' lang='grc' dir='ltr'><strong>καὶ</strong></span> <span class='ocrx_word' id='word_1_472' title='bbox 3187 1694 3285 1763; x_wconf 77' lang='grc' dir='ltr'><strong>τὴν</strong></span> <span class='ocrx_word' id='word_1_473' title='bbox 3311 1690 3413 1761; x_wconf 83' lang='grc' dir='ltr'><strong>τῆς</strong></span> <span class='ocrx_word' id='word_1_474' title='bbox 3450 1691 3643 1759; x_wconf 85' lang='grc' dir='ltr'><strong>θεότη-</strong></span> 
     </span>
    </p>
   </div>
   <div class='ocr_carea' id='block_1_63' title="bbox 2059 1787 3646 1860">
    <p class='ocr_par' dir='ltr' id='par_1_63' title="bbox 2059 1787 3646 1860">
     <span class='ocr_line' id='line_1_63' title="bbox 2059 1787 3646 1860; baseline -0.004 -14"><span class='ocrx_word' id='word_1_475' title='bbox 2059 1809 2150 1856; x_wconf 89' lang='grc' dir='ltr'><strong>τος</strong></span> <span class='ocrx_word' id='word_1_476' title='bbox 2191 1790 2350 1856; x_wconf 82' lang='grc' dir='ltr'><strong>δόξαν</strong></span> <span class='ocrx_word' id='word_1_477' title='bbox 2395 1807 2454 1845; x_wconf 91' lang='grc' dir='ltr'><strong>τε</strong></span> <span class='ocrx_word' id='word_1_478' title='bbox 2497 1792 2590 1845; x_wconf 79' lang='grc' dir='ltr'><strong>καὶ</strong></span> <span class='ocrx_word' id='word_1_479' title='bbox 2635 1790 2864 1860; x_wconf 84' lang='grc' dir='ltr'><strong>δύναμιν</strong></span> <span class='ocrx_word' id='word_1_480' title='bbox 2913 1791 3052 1860; x_wconf 78' lang='grc' dir='ltr'><strong>αὐτῇ</strong></span> <span class='ocrx_word' id='word_1_481' title='bbox 3103 1787 3496 1860; x_wconf 79' lang='grc' dir='ltr'><strong>περιθήσομεν.</strong></span> <span class='ocrx_word' id='word_1_482' title='bbox 3550 1787 3646 1857; x_wconf 76' lang='grc' dir='ltr'><strong>Μὴ</strong></span> 
     </span>
    </p>
   </div>
   <div class='ocr_carea' id='block_1_64' title="bbox 1990 1854 3646 1953">
    <p class='ocr_par' dir='ltr' id='par_1_64' title="bbox 1990 1854 3646 1953">
     <span class='ocr_line' id='line_1_64' title="bbox 1990 1854 3646 1953; baseline -0.006 -15"><span class='ocrx_word' id='word_1_483' title='bbox 1990 1854 2032 1909; x_wconf 68' lang='grc' dir='ltr'><strong><em>Β</em></strong></span> <span class='ocrx_word' id='word_1_484' title='bbox 2057 1854 2166 1953; x_wconf 85' lang='grc' dir='ltr'><strong>γάρ</strong></span> <span class='ocrx_word' id='word_1_485' title='bbox 2191 1854 2276 1944; x_wconf 84' lang='grc' dir='ltr'><strong>τις</strong></span> <span class='ocrx_word' id='word_1_486' title='bbox 2302 1883 2367 1934; x_wconf 86' lang='grc' dir='ltr'><strong>ἐκ</strong></span> <span class='ocrx_word' id='word_1_487' title='bbox 2391 1854 2818 1952; x_wconf 74' lang='grc' dir='ltr'><strong>φρενοϐλαϐείας</strong></span> <span class='ocrx_word' id='word_1_488' title='bbox 2840 1854 3050 1934; x_wconf 68' lang='grc' dir='ltr'><strong>οἰέσθω⁷</strong></span> <span class='ocrx_word' id='word_1_489' title='bbox 3068 1854 3269 1949; x_wconf 79' lang='grc' dir='ltr'>πολλῆς</span> <span class='ocrx_word' id='word_1_490' title='bbox 3315 1854 3646 1947; x_wconf 43' lang='lat' dir='ltr'><strong>astaram;</strong></span> 
     </span>
    </p>
   </div>
   <div class='ocr_carea' id='block_1_65' title="bbox 2055 1969 3648 2046">
    <p class='ocr_par' dir='ltr' id='par_1_65' title="bbox 2055 1969 3648 2046">
     <span class='ocr_line' id='line_1_65' title="bbox 2055 1969 3648 2046; baseline -0.004 -17"><span class='ocrx_word' id='word_1_491' title='bbox 2055 1994 2111 2030; x_wconf 79' lang='grc' dir='ltr'><strong>τι</strong></span> <span class='ocrx_word' id='word_1_492' title='bbox 2151 1976 2244 2029; x_wconf 75' lang='grc' dir='ltr'><strong>καὶ</strong></span> <span class='ocrx_word' id='word_1_493' title='bbox 2281 1974 2430 2046; x_wconf 81' lang='grc' dir='ltr'><strong>μέγα</strong></span> <span class='ocrx_word' id='word_1_494' title='bbox 2484 1975 2614 2045; x_wconf 74' lang='grc' dir='ltr'><strong>περὶ</strong></span> <span class='ocrx_word' id='word_1_495' title='bbox 2660 1973 2790 2026; x_wconf 81' lang='grc' dir='ltr'>Υίοῦ</span> <span class='ocrx_word' id='word_1_496' title='bbox 2832 1974 3051 2045; x_wconf 77' lang='grc' dir='ltr'>φρονεῖν</span> <span class='ocrx_word' id='word_1_497' title='bbox 3087 1990 3146 2025; x_wconf 88' lang='grc' dir='ltr'><strong>τε</strong></span> <span class='ocrx_word' id='word_1_498' title='bbox 3182 1973 3275 2025; x_wconf 74' lang='grc' dir='ltr'><strong>καὶ</strong></span> <span class='ocrx_word' id='word_1_499' title='bbox 3309 1970 3526 2040; x_wconf 84' lang='grc' dir='ltr'><strong>λέγειν,</strong></span> <span class='ocrx_word' id='word_1_500' title='bbox 3561 1969 3648 2024; x_wconf 79' lang='grc' dir='ltr'><strong>ὅτι</strong></span> 
     </span>
    </p>
   </div>
   <div class='ocr_carea' id='block_1_66' title="bbox 2054 2061 3649 2138">
    <p class='ocr_par' dir='ltr' id='par_1_66' title="bbox 2054 2061 3649 2138">
     <span class='ocr_line' id='line_1_66' title="bbox 2054 2061 3649 2138; baseline -0.005 -18"><span class='ocrx_word' id='word_1_501' title='bbox 2054 2067 2262 2138; x_wconf 79' lang='grc' dir='ltr'><strong>κτίσμα</strong></span> <span class='ocrx_word' id='word_1_502' title='bbox 2291 2067 2389 2138; x_wconf 85' lang='grc' dir='ltr'><strong>μέν</strong></span> <span class='ocrx_word' id='word_1_503' title='bbox 2412 2067 2580 2128; x_wconf 78' lang='grc' dir='ltr'><strong>ἐστιν,</strong></span> <span class='ocrx_word' id='word_1_504' title='bbox 2599 2065 2695 2135; x_wconf 79' lang='grc' dir='ltr'><strong>οὐχ</strong></span> <span class='ocrx_word' id='word_1_505' title='bbox 2721 2064 2796 2128; x_wconf 84' lang='grc' dir='ltr'><strong>ὡς</strong></span> <span class='ocrx_word' id='word_1_506' title='bbox 2829 2065 2886 2116; x_wconf 82' lang='grc' dir='ltr'><strong>ἓν</strong></span> <span class='ocrx_word' id='word_1_507' title='bbox 2915 2063 2973 2118; x_wconf 81' lang='grc' dir='ltr'><strong>δέ</strong></span> <span class='ocrx_word' id='word_1_508' title='bbox 2997 2081 3106 2117; x_wconf 86' lang='grc' dir='ltr'><strong>των</strong></span> <span class='ocrx_word' id='word_1_509' title='bbox 3135 2061 3450 2133; x_wconf 82' lang='grc' dir='ltr'><strong>κτισμάτων</strong></span> <span class='ocrx_word' id='word_1_510' title='bbox 3474 2078 3488 2091; x_wconf 85' lang='grc'>⁶</span> <span class='ocrx_word' id='word_1_511' title='bbox 3513 2062 3649 2114; x_wconf 73' lang='grc' dir='ltr'><strong>[στω</strong></span> 
     </span>
    </p>
   </div>
   <div class='ocr_carea' id='block_1_67' title="bbox 2053 2153 3642 2230">
    <p class='ocr_par' dir='ltr' id='par_1_67' title="bbox 2053 2153 3642 2230">
     <span class='ocr_line' id='line_1_67' title="bbox 2053 2153 3642 2230; baseline -0.005 -18"><span class='ocrx_word' id='word_1_512' title='bbox 2053 2158 2112 2212; x_wconf 77' lang='grc' dir='ltr'><strong>δέ</strong></span> <span class='ocrx_word' id='word_1_513' title='bbox 2136 2160 2196 2211; x_wconf 82' lang='grc' dir='ltr'><strong>οὐ</strong></span> <span class='ocrx_word' id='word_1_514' title='bbox 2231 2157 2443 2230; x_wconf 81' lang='grc' dir='ltr'><strong>μικρῶς</strong></span> <span class='ocrx_word' id='word_1_515' title='bbox 2465 2157 2668 2211; x_wconf 83' lang='grc' dir='ltr'><strong>ἀδικῶν</strong></span> <span class='ocrx_word' id='word_1_516' title='bbox 2697 2156 2796 2228; x_wconf 78' lang='grc' dir='ltr'><strong>τὴν</strong></span> <span class='ocrx_word' id='word_1_517' title='bbox 2824 2156 2982 2221; x_wconf 81' lang='grc' dir='ltr'><strong>δόξαν</strong></span> <span class='ocrx_word' id='word_1_518' title='bbox 3013 2155 3197 2210; x_wconf 82' lang='grc' dir='ltr'><strong>αὑτοῦ.</strong></span> <span class='ocrx_word' id='word_1_519' title='bbox 3241 2155 3316 2209; x_wconf 81' lang='grc' dir='ltr'><strong>Οὐ</strong></span> <span class='ocrx_word' id='word_1_520' title='bbox 3341 2154 3452 2224; x_wconf 76' lang='grc' dir='ltr'><strong>γάρ</strong></span> <span class='ocrx_word' id='word_1_521' title='bbox 3476 2155 3524 2206; x_wconf 77' lang='grc' dir='ltr'><strong>εἰ</strong></span> <span class='ocrx_word' id='word_1_522' title='bbox 3551 2153 3642 2216; x_wconf 79' lang='grc' dir='ltr'><strong>ἐξ·-</strong></span> 
     </span>
    </p>
   </div>
   <div class='ocr_carea' id='block_1_68' title="bbox 2054 2245 3644 2322">
    <p class='ocr_par' dir='ltr' id='par_1_68' title="bbox 2054 2245 3644 2322">
     <span class='ocr_line' id='line_1_68' title="bbox 2054 2245 3644 2322; baseline -0.005 -18"><span class='ocrx_word' id='word_1_523' title='bbox 2054 2252 2272 2322; x_wconf 83' lang='grc' dir='ltr'><strong>αίρετον</strong></span> <span class='ocrx_word' id='word_1_524' title='bbox 2293 2251 2406 2322; x_wconf 78' lang='grc' dir='ltr'><strong>ἔχει</strong></span> <span class='ocrx_word' id='word_1_525' title='bbox 2436 2250 2532 2322; x_wconf 75' lang='grc' dir='ltr'><strong>τὴν</strong></span> <span class='ocrx_word' id='word_1_526' title='bbox 2562 2248 2724 2319; x_wconf 82' lang='grc' dir='ltr'><strong>φύσιν</strong></span> <span class='ocrx_word' id='word_1_527' title='bbox 2746 2249 2900 2320; x_wconf 77' lang='grc' dir='ltr'><strong>παρὰ</strong></span> <span class='ocrx_word' id='word_1_528' title='bbox 2922 2249 2990 2302; x_wconf 80' lang='grc' dir='ltr'><strong>τὰ</strong></span> <span class='ocrx_word' id='word_1_529' title='bbox 3013 2248 3151 2303; x_wconf 74' lang='grc' dir='ltr'>ἄλλα</span> <span class='ocrx_word' id='word_1_530' title='bbox 3180 2247 3457 2318; x_wconf 86' lang='grc' dir='ltr'><strong>κτίσματα</strong></span> <span class='ocrx_word' id='word_1_531' title='bbox 3479 2245 3644 2315; x_wconf 83' lang='grc' dir='ltr'><strong>ζητη-</strong></span> 
     </span>
    </p>
   </div>
   <div class='ocr_carea' id='block_1_69' title="bbox 2052 2331 3643 2410">
    <p class='ocr_par' dir='ltr' id='par_1_69' title="bbox 2052 2331 3643 2410">
     <span class='ocr_line' id='line_1_69' title="bbox 2052 2331 3643 2410; baseline -0.005 -15"><span class='ocrx_word' id='word_1_532' title='bbox 2052 2340 2194 2405; x_wconf 84' lang='grc' dir='ltr'><strong>τέον,</strong></span> <span class='ocrx_word' id='word_1_533' title='bbox 2227 2340 2342 2394; x_wconf 85' lang='grc' dir='ltr'>ἀλλ’</span> <span class='ocrx_word' id='word_1_534' title='bbox 2365 2341 2414 2393; x_wconf 86' lang='grc' dir='ltr'><strong>εί</strong></span> <span class='ocrx_word' id='word_1_535' title='bbox 2436 2339 2660 2409; x_wconf 80' lang='grc' dir='ltr'><strong>γέγονεν</strong></span> <span class='ocrx_word' id='word_1_536' title='bbox 2684 2338 2841 2403; x_wconf 78' lang='grc' dir='ltr'><strong>ὅλως.</strong></span> <span class='ocrx_word' id='word_1_537' title='bbox 2875 2339 2950 2391; x_wconf 81' lang='grc' dir='ltr'>Τὸ</span> <span class='ocrx_word' id='word_1_538' title='bbox 2979 2339 3088 2410; x_wconf 84' lang='grc' dir='ltr'><strong>γὰρ</strong></span> <span class='ocrx_word' id='word_1_539' title='bbox 3113 2331 3253 2390; x_wconf 73' lang='grc' dir='ltr'><strong>εἶναι</strong></span> <span class='ocrx_word' id='word_1_540' title='bbox 3290 2335 3501 2405; x_wconf 87' lang='grc' dir='ltr'><strong>κτίσμα</strong></span> <span class='ocrx_word' id='word_1_541' title='bbox 3523 2333 3643 2395; x_wconf 82' lang='grc' dir='ltr'><strong>πῶς</strong></span> 
     </span>
    </p>
   </div>
   <div class='ocr_carea' id='block_1_70' title="bbox 2055 2423 3646 2500">
    <p class='ocr_par' dir='ltr' id='par_1_70' title="bbox 2055 2423 3646 2500">
     <span class='ocr_line' id='line_1_70' title="bbox 2055 2423 3646 2500; baseline -0.006 -14"><span class='ocrx_word' id='word_1_542' title='bbox 2055 2432 2124 2486; x_wconf 79' lang='grc' dir='ltr'><strong>ἂν</strong></span> <span class='ocrx_word' id='word_1_543' title='bbox 2153 2430 2438 2500; x_wconf 79' lang='grc' dir='ltr'><strong>διαφύγοι,</strong></span> <span class='ocrx_word' id='word_1_544' title='bbox 2475 2432 2524 2482; x_wconf 87' lang='grc' dir='ltr'><strong>εί</strong></span> <span class='ocrx_word' id='word_1_545' title='bbox 2563 2433 2657 2484; x_wconf 77' lang='grc' dir='ltr'><strong>καὶ</strong></span> <span class='ocrx_word' id='word_1_546' title='bbox 2691 2430 2912 2484; x_wconf 82' lang='grc' dir='ltr'><strong>πάντων</strong></span> <span class='ocrx_word' id='word_1_547' title='bbox 2941 2429 3062 2482; x_wconf 71' lang='grc' dir='ltr'><strong>ἐστὶ</strong></span> <span class='ocrx_word' id='word_1_548' title='bbox 3095 2427 3205 2481; x_wconf 82' lang='grc' dir='ltr'><strong>τῶν</strong></span> <span class='ocrx_word' id='word_1_549' title='bbox 3239 2426 3556 2496; x_wconf 80' lang='grc' dir='ltr'><strong>κτισμάτων</strong></span> <span class='ocrx_word' id='word_1_550' title='bbox 3581 2423 3646 2476; x_wconf 71' lang='grc' dir='ltr'><strong>τὸ</strong></span> 
     </span>
    </p>
   </div>
   <div class='ocr_carea' id='block_1_71' title="bbox 2054 2517 3644 2593">
    <p class='ocr_par' dir='ltr' id='par_1_71' title="bbox 2054 2517 3644 2593">
     <span class='ocr_line' id='line_1_71' title="bbox 2054 2517 3644 2593; baseline -0.006 -15"><span class='ocrx_word' id='word_1_551' title='bbox 2054 2523 2378 2590; x_wconf 83' lang='grc' dir='ltr'><strong>κάλλιστον;</strong></span> <span class='ocrx_word' id='word_1_552' title='bbox 2417 2523 2810 2593; x_wconf 63' lang='grc' dir='ltr'><strong>Ἀδικονμένης</strong></span> <span class='ocrx_word' id='word_1_553' title='bbox 2833 2523 2890 2575; x_wconf 82' lang='grc' dir='ltr'><strong>δὲ</strong></span> <span class='ocrx_word' id='word_1_554' title='bbox 2907 2522 3010 2591; x_wconf 83' lang='grc' dir='ltr'><strong>τῆς</strong></span> <span class='ocrx_word' id='word_1_555' title='bbox 3038 2521 3196 2592; x_wconf 78' lang='grc' dir='ltr'><strong>δόξης</strong></span> <span class='ocrx_word' id='word_1_556' title='bbox 3208 2519 3302 2574; x_wconf 86' lang='grc' dir='ltr'><strong>τοῦ</strong></span> <span class='ocrx_word' id='word_1_557' title='bbox 3324 2519 3454 2572; x_wconf 88' lang='grc' dir='ltr'><strong>Υἱοῦ</strong></span> <span class='ocrx_word' id='word_1_558' title='bbox 3477 2519 3535 2570; x_wconf 78' lang='grc' dir='ltr'><strong>ἐν</strong></span> <span class='ocrx_word' id='word_1_559' title='bbox 3562 2517 3644 2586; x_wconf 83' lang='grc' dir='ltr'><strong>τῷ</strong></span> 
     </span>
    </p>
   </div>
   <div class='ocr_carea' id='block_1_72' title="bbox 2053 2610 3642 2686">
    <p class='ocr_par' dir='ltr' id='par_1_72' title="bbox 2053 2610 3642 2686">
     <span class='ocr_line' id='line_1_72' title="bbox 2053 2610 3642 2686; baseline -0.006 -15"><span class='ocrx_word' id='word_1_560' title='bbox 2053 2617 2308 2686; x_wconf 81' lang='grc' dir='ltr'><strong>γενέσθαι</strong></span> <span class='ocrx_word' id='word_1_561' title='bbox 2326 2616 2505 2684; x_wconf 82' lang='grc' dir='ltr'><strong>λέγειν</strong></span> <span class='ocrx_word' id='word_1_562' title='bbox 2527 2615 2777 2681; x_wconf 78' lang='grc' dir='ltr'><strong>αὑτὸν,τί</strong></span> <span class='ocrx_word' id='word_1_563' title='bbox 2800 2615 2978 2685; x_wconf 78' lang='grc' dir='ltr'><strong>μάτην</strong></span> <span class='ocrx_word' id='word_1_564' title='bbox 2997 2613 3281 2682; x_wconf 83' lang='grc' dir='ltr'><strong>ἐπάγουσι.</strong></span> <span class='ocrx_word' id='word_1_565' title='bbox 3311 2610 3562 2681; x_wconf 84' lang='grc' dir='ltr'><strong>καθάπερ</strong></span> <span class='ocrx_word' id='word_1_566' title='bbox 3588 2626 3642 2662; x_wconf 86' lang='grc' dir='ltr'><strong>τι</strong></span> 
     </span>
    </p>
   </div>
   <div class='ocr_carea' id='block_1_73' title="bbox 2055 2702 3648 2782">
    <p class='ocr_par' dir='ltr' id='par_1_73' title="bbox 2055 2702 3648 2782">
     <span class='ocr_line' id='line_1_73' title="bbox 2055 2702 3648 2782; baseline -0.021 3"><span class='ocrx_word' id='word_1_567' title='bbox 2055 2711 2345 2782; x_wconf 56' lang='grc' dir='ltr'><strong>φάρμακον</strong></span> <span class='ocrx_word' id='word_1_568' title='bbox 2376 2708 2526 2779; x_wconf 66' lang='grc' dir='ltr'><strong>αὖτῷ</strong></span> <span class='ocrx_word' id='word_1_569' title='bbox 2547 2749 2562 2772; x_wconf 75' lang='grc' dir='ltr'><strong>ν</strong></span> <span class='ocrx_word' id='word_1_570' title='bbox 2608 2707 2668 2761; x_wconf 75' lang='grc' dir='ltr'><strong>τδ</strong></span> <span class='ocrx_word' id='word_1_571' title='bbox 2696 2709 2752 2760; x_wconf 68' lang='grc' dir='ltr'><strong>ὲν</strong></span> <span class='ocrx_word' id='word_1_572' title='bbox 2779 2706 2858 2778; x_wconf 81' lang='grc' dir='ltr'><strong>τῷ</strong></span> <span class='ocrx_word' id='word_1_573' title='bbox 2883 2705 3153 2774; x_wconf 83' lang='grc' dir='ltr'><strong>καλλίστῳ</strong></span> <span class='ocrx_word' id='word_1_574' title='bbox 3185 2704 3294 2757; x_wconf 83' lang='grc' dir='ltr'><strong>τῶν</strong></span> <span class='ocrx_word' id='word_1_575' title='bbox 3319 2703 3495 2757; x_wconf 74' lang='grc' dir='ltr'>ἄλλων</span> <span class='ocrx_word' id='word_1_576' title='bbox 3539 2702 3648 2754; x_wconf 84' lang='grc' dir='ltr'><strong>ὺπ-</strong></span> 
     </span>
    </p>
   </div>
   <div class='ocr_carea' id='block_1_74' title="bbox 2053 2792 3644 2873">
    <p class='ocr_par' dir='ltr' id='par_1_74' title="bbox 2053 2792 3644 2873">
     <span class='ocr_line' id='line_1_74' title="bbox 2053 2792 3644 2873; baseline -0.007 -17"><span class='ocrx_word' id='word_1_577' title='bbox 2053 2802 2242 2873; x_wconf 86' lang='grc' dir='ltr'><strong>ἀργειν</strong></span> <span class='ocrx_word' id='word_1_578' title='bbox 2271 2801 2462 2873; x_wconf 81' lang='grc' dir='ltr'><strong>τόπῳς</strong></span> <span class='ocrx_word' id='word_1_579' title='bbox 2527 2799 2856 2872; x_wconf 80' lang='grc' dir='ltr'><strong>’Υόριοῦμεν</strong></span> <span class='ocrx_word' id='word_1_580' title='bbox 2899 2796 3192 2868; x_wconf 78' lang='grc' dir='ltr'>τοιγαροῦν</span> <span class='ocrx_word' id='word_1_581' title='bbox 3236 2796 3336 2865; x_wconf 80' lang='grc' dir='ltr'><strong>τὴν</strong></span> <span class='ocrx_word' id='word_1_582' title='bbox 3381 2793 3476 2848; x_wconf 87' lang='grc' dir='ltr'><strong>τοῦ</strong></span> <span class='ocrx_word' id='word_1_583' title='bbox 3505 2792 3644 2847; x_wconf 89' lang='grc' dir='ltr'>Θεοῦ</span> 
     </span>
    </p>
   </div>
   <div class='ocr_carea' id='block_1_75' title="bbox 2053 2884 3646 2965">
    <p class='ocr_par' dir='ltr' id='par_1_75' title="bbox 2053 2884 3646 2965">
     <span class='ocr_line' id='line_1_75' title="bbox 2053 2884 3646 2965; baseline -0.006 -19"><span class='ocrx_word' id='word_1_584' title='bbox 2053 2893 2148 2947; x_wconf 79' lang='grc' dir='ltr'><strong>καὶ</strong></span> <span class='ocrx_word' id='word_1_585' title='bbox 2191 2894 2404 2965; x_wconf 70' lang='grc' dir='ltr'><strong>[ἰατρὸς</strong></span> <span class='ocrx_word' id='word_1_586' title='bbox 2453 2892 2676 2956; x_wconf 76' lang='grc' dir='ltr'><strong>οὐσίαν,</strong></span> <span class='ocrx_word' id='word_1_587' title='bbox 2724 2892 2758 2962; x_wconf 77' lang='grc' dir='ltr'>ἢ</span> <span class='ocrx_word' id='word_1_588' title='bbox 2805 2889 2980 2947; x_wconf 88' lang='grc' dir='ltr'><strong>ταῦτα</strong></span> <span class='ocrx_word' id='word_1_589' title='bbox 3021 2887 3285 2942; x_wconf 87' lang='grc' dir='ltr'><strong>δύνασθαι</strong></span> <span class='ocrx_word' id='word_1_590' title='bbox 3343 2884 3646 2957; x_wconf 79' lang='grc' dir='ltr'>κατορθοῦν</span> 
     </span>
    </p>
   </div>
   <div class='ocr_carea' id='block_1_76' title="bbox 2054 2978 3642 3055">
    <p class='ocr_par' dir='ltr' id='par_1_76' title="bbox 2054 2978 3642 3055">
     <span class='ocr_line' id='line_1_76' title="bbox 2054 2978 3642 3055; baseline -0.004 -18"><span class='ocrx_word' id='word_1_591' title='bbox 2054 2984 2430 3055; x_wconf 82' lang='grc' dir='ltr'><strong>περιθήσομεν</strong></span> <span class='ocrx_word' id='word_1_592' title='bbox 2461 2983 2540 3055; x_wconf 89' lang='grc' dir='ltr'><strong>τῷ</strong></span> <span class='ocrx_word' id='word_1_593' title='bbox 2569 2983 2706 3054; x_wconf 80' lang='grc' dir='ltr'><strong>Υίῷ,</strong></span> <span class='ocrx_word' id='word_1_594' title='bbox 2729 2981 2944 3054; x_wconf 82' lang='grc' dir='ltr'><strong>γενητῷ</strong></span> <span class='ocrx_word' id='word_1_595' title='bbox 2976 2982 3071 3034; x_wconf 73' lang='grc' dir='ltr'><strong>καὶ</strong></span> <span class='ocrx_word' id='word_1_596' title='bbox 3119 2979 3269 3050; x_wconf 83' lang='grc' dir='ltr'><strong>αὐτῷ</strong></span> <span class='ocrx_word' id='word_1_597' title='bbox 3299 2978 3642 3048; x_wconf 80' lang='grc' dir='ltr'><strong>τυγχάνοντι,</strong></span> 
     </span>
    </p>
   </div>
   <div class='ocr_carea' id='block_1_77' title="bbox 2053 3069 3645 3147">
    <p class='ocr_par' dir='ltr' id='par_1_77' title="bbox 2053 3069 3645 3147">
     <span class='ocr_line' id='line_1_77' title="bbox 2053 3069 3645 3147; baseline -0.006 -17"><span class='ocrx_word' id='word_1_598' title='bbox 2053 3076 2196 3130; x_wconf 85' lang='grc' dir='ltr'><strong>κατὰ</strong></span> <span class='ocrx_word' id='word_1_599' title='bbox 2223 3077 2314 3130; x_wconf 81' lang='grc' dir='ltr'><strong>τόν</strong></span> <span class='ocrx_word' id='word_1_600' title='bbox 2339 3077 2566 3132; x_wconf 79' lang='grc' dir='ltr'><strong>ἐκείνων</strong></span> <span class='ocrx_word' id='word_1_601' title='bbox 2589 3075 2778 3147; x_wconf 80' lang='grc' dir='ltr'><strong>ἀμαθῆ</strong></span> <span class='ocrx_word' id='word_1_602' title='bbox 2808 3076 2904 3129; x_wconf 78' lang='grc' dir='ltr'><strong>καὶ</strong></span> <span class='ocrx_word' id='word_1_603' title='bbox 2935 3073 3195 3128; x_wconf 82' lang='grc' dir='ltr'><strong>ἀσύνετον</strong></span> <span class='ocrx_word' id='word_1_604' title='bbox 3218 3071 3499 3141; x_wconf 84' lang='grc' dir='ltr'><strong>λογισμόν.</strong></span> <span class='ocrx_word' id='word_1_605' title='bbox 3526 3069 3645 3122; x_wconf 84' lang='grc' dir='ltr'><strong>Οὐκ</strong></span> 
     </span>
    </p>
   </div>
   <div class='ocr_carea' id='block_1_78' title="bbox 2053 3163 3648 3239">
    <p class='ocr_par' dir='ltr' id='par_1_78' title="bbox 2053 3163 3648 3239">
     <span class='ocr_line' id='line_1_78' title="bbox 2053 3163 3648 3239; baseline -0.005 -16"><span class='ocrx_word' id='word_1_606' title='bbox 2053 3169 2356 3239; x_wconf 77' lang='grc' dir='ltr'>ἀνεξόμεθα</span> <span class='ocrx_word' id='word_1_607' title='bbox 2391 3169 2448 3222; x_wconf 75' lang='grc' dir='ltr'><strong>δὲ</strong></span> <span class='ocrx_word' id='word_1_608' title='bbox 2487 3169 2758 3236; x_wconf 83' lang='grc' dir='ltr'><strong>λεγόντων</strong></span> <span class='ocrx_word' id='word_1_609' title='bbox 2791 3167 3002 3232; x_wconf 77' lang='grc' dir='ltr'><strong>αὐτῶν,</strong></span> <span class='ocrx_word' id='word_1_610' title='bbox 3054 3167 3138 3220; x_wconf 80' lang='grc' dir='ltr'><strong>ὅτι</strong></span> <span class='ocrx_word' id='word_1_611' title='bbox 3168 3166 3236 3218; x_wconf 76' lang='grc' dir='ltr'><strong>τὰ</strong></span> <span class='ocrx_word' id='word_1_612' title='bbox 3259 3165 3356 3233; x_wconf 83' lang='grc' dir='ltr'><strong>τῆς</strong></span> <span class='ocrx_word' id='word_1_613' title='bbox 3393 3163 3648 3233; x_wconf 80' lang='grc' dir='ltr'><strong>θεότητος</strong></span> 
     </span>
    </p>
   </div>
   <div class='ocr_carea' id='block_1_79' title="bbox 2053 3255 3644 3335">
    <p class='ocr_par' dir='ltr' id='par_1_79' title="bbox 2053 3255 3644 3335">
     <span class='ocr_line' id='line_1_79' title="bbox 2053 3255 3644 3335; baseline -0.006 -19"><span class='ocrx_word' id='word_1_614' title='bbox 2053 3263 2191 3335; x_wconf 77' lang='grc' dir='ltr'><strong>ἔργα</strong></span> <span class='ocrx_word' id='word_1_615' title='bbox 2217 3262 2490 3333; x_wconf 77' lang='grc' dir='ltr'><strong>κατορθοῖ,</strong></span> <span class='ocrx_word' id='word_1_616' title='bbox 2523 3261 2729 3332; x_wconf 85' lang='grc' dir='ltr'><strong>κτίσμα</strong></span> <span class='ocrx_word' id='word_1_617' title='bbox 2756 3260 2908 3314; x_wconf 61' lang='grc' dir='ltr'><strong>κατὰΓ</strong></span> <span class='ocrx_word' id='word_1_618' title='bbox 2941 3258 3103 3328; x_wconf 76' lang='grc' dir='ltr'><strong>φύσιν</strong></span> <span class='ocrx_word' id='word_1_619' title='bbox 3148 3257 3412 3328; x_wconf 79' lang='grc' dir='ltr'><strong>ὑπάρχων</strong></span> <span class='ocrx_word' id='word_1_620' title='bbox 3440 3258 3469 3310; x_wconf 86' lang='grc' dir='ltr'><strong>ό</strong></span> <span class='ocrx_word' id='word_1_621' title='bbox 3494 3255 3644 3318; x_wconf 73' lang='grc' dir='ltr'><strong>Υἱὸς,</strong></span> 
     </span>
    </p>
   </div>
   <div class='ocr_carea' id='block_1_80' title="bbox 2051 3348 3648 3426">
    <p class='ocr_par' dir='ltr' id='par_1_80' title="bbox 2051 3348 3648 3426">
     <span class='ocr_line' id='line_1_80' title="bbox 2051 3348 3648 3426; baseline -0.007 -16"><span class='ocrx_word' id='word_1_622' title='bbox 2051 3354 2197 3411; x_wconf 77' lang='grc' dir='ltr'><strong>οὕτω</strong></span> <span class='ocrx_word' id='word_1_623' title='bbox 2223 3355 2380 3420; x_wconf 82' lang='grc' dir='ltr'><strong>δόξαν</strong></span> <span class='ocrx_word' id='word_1_624' title='bbox 2425 3353 2504 3426; x_wconf 88' lang='grc' dir='ltr'><strong>τῷ</strong></span> <span class='ocrx_word' id='word_1_625' title='bbox 2551 3354 2672 3423; x_wconf 85' lang='grc' dir='ltr'><strong>Θεῷ</strong></span> <span class='ocrx_word' id='word_1_626' title='bbox 2721 3354 2816 3407; x_wconf 72' lang='grc' dir='ltr'><strong>καὶ</strong></span> <span class='ocrx_word' id='word_1_627' title='bbox 2843 3352 3036 3421; x_wconf 80' lang='grc' dir='ltr'><strong>Πατρί.</strong></span> <span class='ocrx_word' id='word_1_628' title='bbox 3089 3352 3153 3405; x_wconf 74' lang='lat' dir='ltr'><strong>Et</strong></span> <span class='ocrx_word' id='word_1_629' title='bbox 3178 3351 3278 3422; x_wconf 70' lang='grc' dir='ltr'><strong>μέν</strong></span> <span class='ocrx_word' id='word_1_630' title='bbox 3319 3349 3428 3419; x_wconf 82' lang='grc' dir='ltr'><strong>γὰρ</strong></span> <span class='ocrx_word' id='word_1_631' title='bbox 3461 3348 3648 3419; x_wconf 73' lang='grc' dir='ltr'><strong>έχουσι</strong></span> 
     </span>
    </p>
   </div>
   <div class='ocr_carea' id='block_1_81' title="bbox 2051 3443 3645 3517">
    <p class='ocr_par' dir='ltr' id='par_1_81' title="bbox 2051 3443 3645 3517">
     <span class='ocr_line' id='line_1_81' title="bbox 2051 3443 3645 3517; baseline -0.006 -14"><span class='ocrx_word' id='word_1_632' title='bbox 2051 3448 2318 3503; x_wconf 84' lang='grc' dir='ltr'>δεικνύειν</span> <span class='ocrx_word' id='word_1_633' title='bbox 2354 3447 2514 3502; x_wconf 87' lang='grc' dir='ltr'><strong>τοῦτο</strong></span> <span class='ocrx_word' id='word_1_634' title='bbox 2545 3446 2654 3502; x_wconf 77' lang='grc' dir='ltr'><strong>άπὸ</strong></span> <span class='ocrx_word' id='word_1_635' title='bbox 2691 3446 2792 3517; x_wconf 79' lang='grc' dir='ltr'><strong>τῆς</strong></span> <span class='ocrx_word' id='word_1_636' title='bbox 2841 3445 2994 3508; x_wconf 80' lang='grc' dir='ltr'><strong>θείας</strong></span> <span class='ocrx_word' id='word_1_637' title='bbox 3019 3443 3280 3515; x_wconf 75' lang='grc' dir='ltr'><strong>Γραφῆς,</strong></span> <span class='ocrx_word' id='word_1_638' title='bbox 3329 3457 3645 3512; x_wconf 74' lang='grc' dir='ltr'><strong>παρακομι-</strong></span> 
     </span>
    </p>
   </div>
   <div class='ocr_carea' id='block_1_82' title="bbox 2054 3534 3648 3612">
    <p class='ocr_par' dir='ltr' id='par_1_82' title="bbox 2054 3534 3648 3612">
     <span class='ocr_line' id='line_1_82' title="bbox 2054 3534 3648 3612; baseline -0.006 -16"><span class='ocrx_word' id='word_1_639' title='bbox 2054 3543 2258 3607; x_wconf 82' lang='grc' dir='ltr'><strong>ζόντων</strong></span> <span class='ocrx_word' id='word_1_640' title='bbox 2305 3541 2342 3596; x_wconf 77' lang='grc' dir='ltr'>ἃ</span> <span class='ocrx_word' id='word_1_641' title='bbox 2367 3541 2668 3612; x_wconf 84' lang='grc' dir='ltr'><strong>βούλονται,</strong></span> <span class='ocrx_word' id='word_1_642' title='bbox 2692 3540 2786 3594; x_wconf 81' lang='grc' dir='ltr'><strong>καὶ</strong></span> <span class='ocrx_word' id='word_1_643' title='bbox 2807 3537 3223 3608; x_wconf 78' lang='grc' dir='ltr'><strong>ἀκαπηλεύτους</strong></span> <span class='ocrx_word' id='word_1_644' title='bbox 3246 3538 3376 3607; x_wconf 78' lang='grc' dir='ltr'><strong>ἡμῖν</strong></span> <span class='ocrx_word' id='word_1_645' title='bbox 3405 3535 3503 3598; x_wconf 83' lang='grc' dir='ltr'><strong>τὰς</strong></span> <span class='ocrx_word' id='word_1_646' title='bbox 3537 3534 3648 3587; x_wconf 84' lang='grc' dir='ltr'><strong>τῶν</strong></span> 
     </span>
    </p>
   </div>
   <div class='ocr_carea' id='block_1_83' title="bbox 2056 3626 3650 3704">
    <p class='ocr_par' dir='ltr' id='par_1_83' title="bbox 2056 3626 3650 3704">
     <span class='ocr_line' id='line_1_83' title="bbox 2056 3626 3650 3704; baseline -0.007 -16"><span class='ocrx_word' id='word_1_647' title='bbox 2056 3633 2227 3702; x_wconf 85' lang='grc' dir='ltr'><strong>ἁγίων</strong></span> <span class='ocrx_word' id='word_1_648' title='bbox 2271 3631 2585 3704; x_wconf 82' lang='grc' dir='ltr'><strong>τηρούντων</strong></span> <span class='ocrx_word' id='word_1_649' title='bbox 2626 3630 2832 3701; x_wconf 78' lang='grc' dir='ltr'><strong>φωνάς.</strong></span> <span class='ocrx_word' id='word_1_650' title='bbox 2886 3628 2950 3683; x_wconf 82' lang='lat' dir='ltr'><strong>Ei</strong></span> <span class='ocrx_word' id='word_1_651' title='bbox 2984 3628 3039 3682; x_wconf 80' lang='grc' dir='ltr'><strong>δὲ</strong></span> <span class='ocrx_word' id='word_1_652' title='bbox 3068 3628 3294 3699; x_wconf 84' lang='grc' dir='ltr'><strong>γνώμης</strong></span> <span class='ocrx_word' id='word_1_653' title='bbox 3327 3626 3460 3690; x_wconf 88' lang='grc' dir='ltr'><strong>ἰδίας</strong></span> <span class='ocrx_word' id='word_1_654' title='bbox 3491 3626 3650 3696; x_wconf 72' lang='grc' dir='ltr'><strong>εὑρή-</strong></span> 
     </span>
    </p>
   </div>
   <div class='ocr_carea' id='block_1_84' title="bbox 2061 3718 3647 3798">
    <p class='ocr_par' dir='ltr' id='par_1_84' title="bbox 2061 3718 3647 3798">
     <span class='ocr_line' id='line_1_84' title="bbox 2061 3718 3647 3798; baseline -0.006 -18"><span class='ocrx_word' id='word_1_655' title='bbox 2061 3743 2228 3798; x_wconf 85' lang='grc' dir='ltr'><strong>ματα.</strong></span> <span class='ocrx_word' id='word_1_656' title='bbox 2262 3725 2357 3779; x_wconf 70' lang='grc' dir='ltr'><strong>καὶ</strong></span> <span class='ocrx_word' id='word_1_657' title='bbox 2383 3725 2508 3789; x_wconf 78' lang='grc' dir='ltr'><strong>τοὺς</strong></span> <span class='ocrx_word' id='word_1_658' title='bbox 2535 3722 2629 3776; x_wconf 74' lang='grc' dir='ltr'><strong>ἐπὶ</strong></span> <span class='ocrx_word' id='word_1_659' title='bbox 2657 3721 2833 3793; x_wconf 85' lang='grc' dir='ltr'><strong>τούτῳ</strong></span> <span class='ocrx_word' id='word_1_660' title='bbox 2857 3719 3185 3791; x_wconf 79' lang='grc' dir='ltr'>πεποίηνται</span> <span class='ocrx_word' id='word_1_661' title='bbox 3206 3718 3522 3788; x_wconf 80' lang='grc' dir='ltr'><strong>λογισμοὺς,</strong></span> <span class='ocrx_word' id='word_1_662' title='bbox 3547 3735 3647 3788; x_wconf 89' lang='grc' dir='ltr'><strong>χα-</strong></span> 
     </span>
    </p>
   </div>
   <div class='ocr_carea' id='block_1_85' title="bbox 2059 3812 3648 3890">
    <p class='ocr_par' dir='ltr' id='par_1_85' title="bbox 2059 3812 3648 3890">
     <span class='ocr_line' id='line_1_85' title="bbox 2059 3812 3648 3890; baseline -0.004 -18"><span class='ocrx_word' id='word_1_663' title='bbox 2059 3819 2283 3890; x_wconf 78' lang='grc' dir='ltr'><strong>ριέντως</strong></span> <span class='ocrx_word' id='word_1_664' title='bbox 2325 3816 2591 3889; x_wconf 71' lang='grc' dir='ltr'><strong>ἐροῦμεν*</strong></span> <span class='ocrx_word' id='word_1_665' title='bbox 2650 3836 2669 3867; x_wconf 78' lang='grc' dir='ltr'><strong>ι</strong></span> <span class='ocrx_word' id='word_1_666' title='bbox 2713 3816 2848 3869; x_wconf 80' lang='grc' dir='ltr'><strong>Οὐαὶ</strong></span> <span class='ocrx_word' id='word_1_667' title='bbox 2881 3815 2994 3877; x_wconf 86' lang='grc' dir='ltr'><strong>τοῖς</strong></span> <span class='ocrx_word' id='word_1_668' title='bbox 3058 3812 3492 3884; x_wconf 77' lang='grc' dir='ltr'><strong>προφητεύουσιν</strong></span> <span class='ocrx_word' id='word_1_669' title='bbox 3538 3812 3648 3866; x_wconf 77' lang='grc' dir='ltr'><strong>ἀπὸ</strong></span> 
     </span>
    </p>
   </div>
   <div class='ocr_carea' id='block_1_86' title="bbox 2057 3901 3650 3981">
    <p class='ocr_par' dir='ltr' id='par_1_86' title="bbox 2057 3901 3650 3981">
     <span class='ocr_line' id='line_1_86' title="bbox 2057 3901 3650 3981; baseline -0.006 -19"><span class='ocrx_word' id='word_1_670' title='bbox 2057 3908 2286 3981; x_wconf 84' lang='grc' dir='ltr'><strong>καρδίας</strong></span> <span class='ocrx_word' id='word_1_671' title='bbox 2308 3906 2529 3962; x_wconf 63' lang='lat' dir='ltr'><strong>auram!</strong></span> <span class='ocrx_word' id='word_1_672' title='bbox 2549 3927 2567 3958; x_wconf 72' lang='grc' dir='ltr'>ι</span> <span class='ocrx_word' id='word_1_673' title='bbox 2590 3907 2804 3961; x_wconf 83' lang='grc' dir='ltr'><strong>Ἐκεῖνα</strong></span> <span class='ocrx_word' id='word_1_674' title='bbox 2834 3903 3192 3977; x_wconf 67' lang='grc' dir='ltr'><strong>γὰρδώσομεν</strong></span> <span class='ocrx_word' id='word_1_675' title='bbox 3211 3902 3418 3956; x_wconf 79' lang='grc' dir='ltr'><strong>ἐθέλειν</strong></span> <span class='ocrx_word' id='word_1_676' title='bbox 3440 3902 3527 3954; x_wconf 72' lang='grc' dir='ltr'><strong>ἀεὶ</strong></span> <span class='ocrx_word' id='word_1_677' title='bbox 3555 3901 3650 3955; x_wconf 79' lang='grc' dir='ltr'><strong>τὸν</strong></span> 
     </span>
    </p>
   </div>
   <div class='ocr_carea' id='block_1_87' title="bbox 2059 3994 3649 4072">
    <p class='ocr_par' dir='ltr' id='par_1_87' title="bbox 2059 3994 3649 4072">
     <span class='ocr_line' id='line_1_87' title="bbox 2059 3994 3649 4072; baseline -0.006 -18"><span class='ocrx_word' id='word_1_678' title='bbox 2059 4001 2315 4072; x_wconf 83' lang='grc' dir='ltr'><strong>Πατέρα,</strong></span> <span class='ocrx_word' id='word_1_679' title='bbox 2358 3999 2394 4056; x_wconf 78' lang='grc' dir='ltr'>ἃ</span> <span class='ocrx_word' id='word_1_680' title='bbox 2422 4001 2520 4072; x_wconf 78' lang='grc' dir='ltr'><strong>τὴν</strong></span> <span class='ocrx_word' id='word_1_681' title='bbox 2571 3999 2723 4053; x_wconf 87' lang='grc' dir='ltr'><strong>θείαν</strong></span> <span class='ocrx_word' id='word_1_682' title='bbox 2770 3997 2935 4052; x_wconf 85' lang='grc' dir='ltr'>αὑτοῦ</span> <span class='ocrx_word' id='word_1_683' title='bbox 2978 3996 3138 4064; x_wconf 84' lang='grc' dir='ltr'><strong>δόξαν</strong></span> <span class='ocrx_word' id='word_1_684' title='bbox 3178 3994 3649 4067; x_wconf 85' lang='grc' dir='ltr'><strong>άπαραχάρακτον</strong></span> 
     </span>
    </p>
   </div>
   <div class='ocr_carea' id='block_1_88' title="bbox 2058 4087 3648 4165">
    <p class='ocr_par' dir='ltr' id='par_1_88' title="bbox 2058 4087 3648 4165">
     <span class='ocr_line' id='line_1_88' title="bbox 2058 4087 3648 4165; baseline -0.006 -19"><span class='ocrx_word' id='word_1_685' title='bbox 2058 4088 2168 4146; x_wconf 78' lang='grc' dir='ltr'><strong>οἶδε</strong></span> <span class='ocrx_word' id='word_1_686' title='bbox 2199 4095 2387 4165; x_wconf 82' lang='grc' dir='ltr'><strong>τηρεῖν</strong></span> <span class='ocrx_word' id='word_1_687' title='bbox 2405 4135 2418 4155; x_wconf 86' lang='grc'><strong>,</strong></span> <span class='ocrx_word' id='word_1_688' title='bbox 2449 4095 2544 4147; x_wconf 69' lang='grc' dir='ltr'><strong>καὶ</strong></span> <span class='ocrx_word' id='word_1_689' title='bbox 2571 4091 2678 4146; x_wconf 84' lang='grc' dir='ltr'><strong>τῶν</strong></span> <span class='ocrx_word' id='word_1_690' title='bbox 2704 4092 2834 4163; x_wconf 82' lang='grc' dir='ltr'><strong>περὶ</strong></span> <span class='ocrx_word' id='word_1_691' title='bbox 2871 4089 3037 4144; x_wconf 83' lang='grc' dir='ltr'><strong>αὐτοῦ</strong></span> <span class='ocrx_word' id='word_1_692' title='bbox 3068 4090 3358 4159; x_wconf 84' lang='grc' dir='ltr'><strong>δογμάτων</strong></span> <span class='ocrx_word' id='word_1_693' title='bbox 3390 4087 3648 4152; x_wconf 79' lang='grc' dir='ltr'><strong>διασώζει</strong></span> 
     </span>
    </p>
   </div>
   <div class='ocr_carea' id='block_1_89' title="bbox 2058 4174 3650 4256">
    <p class='ocr_par' dir='ltr' id='par_1_89' title="bbox 2058 4174 3650 4256">
     <span class='ocr_line' id='line_1_89' title="bbox 2058 4174 3650 4256; baseline -0.009 -15"><span class='ocrx_word' id='word_1_694' title='bbox 2058 4189 2156 4256; x_wconf 82' lang='grc' dir='ltr'><strong>τὴν</strong></span> <span class='ocrx_word' id='word_1_695' title='bbox 2189 4185 2475 4256; x_wconf 79' lang='grc' dir='ltr'><strong>ὀρθότητα.</strong></span> <span class='ocrx_word' id='word_1_696' title='bbox 2499 4179 2708 4237; x_wconf 74' lang='grc' dir='ltr'><strong>οὐκοῦν</strong></span> <span class='ocrx_word' id='word_1_697' title='bbox 2731 4181 2851 4243; x_wconf 80' lang='grc' dir='ltr'><strong>ταῖς</strong></span> <span class='ocrx_word' id='word_1_698' title='bbox 2873 4177 3098 4232; x_wconf 78' lang='grc' dir='ltr'><strong>ἐκείνων</strong></span> <span class='ocrx_word' id='word_1_699' title='bbox 3123 4176 3436 4238; x_wconf 85' lang='grc' dir='ltr'><strong>άσυνεσίαις</strong></span> <span class='ocrx_word' id='word_1_700' title='bbox 3464 4174 3528 4227; x_wconf 83' lang='grc' dir='ltr'><strong>τὸ</strong></span> <span class='ocrx_word' id='word_1_701' title='bbox 3557 4175 3650 4245; x_wconf 76' lang='grc' dir='ltr'><strong>ἐρ-</strong></span> 
     </span>
    </p>
   </div>
   <div class='ocr_carea' id='block_1_90' title="bbox 2061 4265 3648 4352">
    <p class='ocr_par' dir='ltr' id='par_1_90' title="bbox 2061 4265 3648 4352">
     <span class='ocr_line' id='line_1_90' title="bbox 2061 4265 3648 4352; baseline -0.013 -17"><span class='ocrx_word' id='word_1_702' title='bbox 2061 4280 2268 4352; x_wconf 80' lang='grc' dir='ltr'><strong>ρὦθαι</strong></span> <span class='ocrx_word' id='word_1_703' title='bbox 2300 4277 2629 4348; x_wconf 73' lang='grc' dir='ltr'><strong>φράσαντες,</strong></span> <span class='ocrx_word' id='word_1_704' title='bbox 2661 4273 2758 4327; x_wconf 68' lang='grc' dir='ltr'><strong>ἐπὶ</strong></span> <span class='ocrx_word' id='word_1_705' title='bbox 2784 4271 2874 4325; x_wconf 75' lang='grc' dir='ltr'><strong>τὸν</strong></span> <span class='ocrx_word' id='word_1_706' title='bbox 2909 4269 3084 4341; x_wconf 76' lang='grc' dir='ltr'><strong>άληθῆ</strong></span> <span class='ocrx_word' id='word_1_707' title='bbox 3111 4269 3241 4338; x_wconf 71' lang='grc' dir='ltr'><strong>περὶ</strong></span> <span class='ocrx_word' id='word_1_708' title='bbox 3276 4265 3441 4320; x_wconf 84' lang='grc' dir='ltr'><strong>αὐτοῦ</strong></span> <span class='ocrx_word' id='word_1_709' title='bbox 3467 4267 3648 4335; x_wconf 84' lang='grc' dir='ltr'><strong>χωρή-</strong></span> 
     </span>
    </p>
   </div>
   <div class='ocr_carea' id='block_1_91' title="bbox 2061 4357 3648 4442">
    <p class='ocr_par' dir='ltr' id='par_1_91' title="bbox 2061 4357 3648 4442">
     <span class='ocr_line' id='line_1_91' title="bbox 2061 4357 3648 4442; baseline -0.011 -16"><span class='ocrx_word' id='word_1_710' title='bbox 2061 4388 2242 4442; x_wconf 82' lang='grc' dir='ltr'><strong>σωμεν</strong></span> <span class='ocrx_word' id='word_1_711' title='bbox 2264 4370 2420 4438; x_wconf 73' lang='grc' dir='ltr'><strong>λόγον</strong></span> <span class='ocrx_word' id='word_1_712' title='bbox 2440 4411 2454 4431; x_wconf 87' lang='grc'><strong>,</strong></span> <span class='ocrx_word' id='word_1_713' title='bbox 2501 4371 2564 4420; x_wconf 83' lang='grc' dir='ltr'><strong>ἐκ</strong></span> <span class='ocrx_word' id='word_1_714' title='bbox 2589 4366 2690 4437; x_wconf 84' lang='grc' dir='ltr'><strong>τῆς</strong></span> <span class='ocrx_word' id='word_1_715' title='bbox 2731 4365 2917 4428; x_wconf 77' lang='grc' dir='ltr'><strong>οὐσίας</strong></span> <span class='ocrx_word' id='word_1_716' title='bbox 2940 4360 3265 4432; x_wconf 81' lang='grc' dir='ltr'><strong>γεννηθῆναι</strong></span> <span class='ocrx_word' id='word_1_717' title='bbox 3298 4357 3648 4419; x_wconf 84' lang='grc' dir='ltr'><strong>πιστεύοντες</strong></span> 
     </span>
    </p>
   </div>
   <div class='ocr_carea' id='block_1_92' title="bbox 2062 4447 3656 4529">
    <p class='ocr_par' dir='ltr' id='par_1_92' title="bbox 2062 4447 3656 4529">
     <span class='ocr_line' id='line_1_92' title="bbox 2062 4447 3656 4529; baseline -0.011 -13"><span class='ocrx_word' id='word_1_718' title='bbox 2062 4462 2156 4516; x_wconf 88' lang='grc' dir='ltr'><strong>τοῦ</strong></span> <span class='ocrx_word' id='word_1_719' title='bbox 2183 4460 2321 4514; x_wconf 90' lang='grc' dir='ltr'>Θεοῦ</span> <span class='ocrx_word' id='word_1_720' title='bbox 2349 4461 2442 4514; x_wconf 72' lang='grc' dir='ltr'><strong>καὶ</strong></span> <span class='ocrx_word' id='word_1_721' title='bbox 2473 4457 2683 4529; x_wconf 74' lang='grc' dir='ltr'><strong>Πατρός</strong></span> <span class='ocrx_word' id='word_1_722' title='bbox 2714 4457 2842 4509; x_wconf 75' lang='grc' dir='ltr'><strong>Υίδν</strong></span> <span class='ocrx_word' id='word_1_723' title='bbox 2871 4453 3109 4524; x_wconf 82' lang='grc' dir='ltr'><strong>ἀληθῶς,</strong></span> <span class='ocrx_word' id='word_1_724' title='bbox 3138 4452 3234 4506; x_wconf 75' lang='grc' dir='ltr'><strong>καὶ</strong></span> <span class='ocrx_word' id='word_1_725' title='bbox 3259 4450 3390 4504; x_wconf 78' lang='grc' dir='ltr'>Θεὸν</span> <span class='ocrx_word' id='word_1_726' title='bbox 3419 4451 3484 4502; x_wconf 87' lang='grc' dir='ltr'><strong>ἐκ</strong></span> <span class='ocrx_word' id='word_1_727' title='bbox 3509 4447 3656 4502; x_wconf 73' lang='grc' dir='ltr'>Θεοῦ»</span> 
     </span>
    </p>
   </div>
   <div class='ocr_carea' id='block_1_93' title="bbox 373 4541 1954 4628">
    <p class='ocr_par' dir='ltr' id='par_1_93' title="bbox 373 4545 1954 4622">
     <span class='ocr_line' id='line_1_93' title="bbox 373 4545 1954 4622; baseline -0.001 -17"><span class='ocrx_word' id='word_1_728' title='bbox 373 4551 552 4622; x_wconf 85' lang='lat' dir='ltr'><strong>inquit</strong></span> <span class='ocrx_word' id='word_1_729' title='bbox 573 4592 587 4612; x_wconf 84' lang='lat'><strong>,</strong></span> <span class='ocrx_word' id='word_1_730' title='bbox 614 4547 862 4618; x_wconf 84' lang='lat' dir='ltr'><strong>Philippe</strong></span> <span class='ocrx_word' id='word_1_731' title='bbox 886 4590 900 4612; x_wconf 92' lang='lat'><strong>,</strong></span> <span class='ocrx_word' id='word_1_732' title='bbox 945 4545 1133 4600; x_wconf 75' lang='lat' dir='ltr'><strong>Patris</strong></span> <span class='ocrx_word' id='word_1_733' title='bbox 1180 4548 1232 4599; x_wconf 92' lang='lat' dir='ltr'><strong>in</strong></span> <span class='ocrx_word' id='word_1_734' title='bbox 1263 4562 1348 4601; x_wconf 88' lang='lat' dir='ltr'><strong>me</strong></span> <span class='ocrx_word' id='word_1_735' title='bbox 1376 4548 1748 4618; x_wconf 80' lang='lat' dir='ltr'><strong>contemplari</strong></span> <span class='ocrx_word' id='word_1_736' title='bbox 1795 4558 1954 4603; x_wconf 85' lang='lat' dir='ltr'><strong>natu-</strong></span> 
     </span>
    </p>
   </div>
   <div class='ocr_carea' id='block_1_94' title="bbox 2056 4541 3650 4628">
    <p class='ocr_par' dir='ltr' id='par_1_94' title="bbox 2066 4541 3650 4621">
     <span class='ocr_line' id='line_1_94' title="bbox 2066 4541 3650 4621; baseline -0.011 -12"><span class='ocrx_word' id='word_1_737' title='bbox 2066 4555 2208 4609; x_wconf 73' lang='grc' dir='ltr'><strong>κατὰ</strong></span> <span class='ocrx_word' id='word_1_738' title='bbox 2240 4553 2418 4621; x_wconf 74' lang='grc' dir='ltr'><strong>φύσιν.</strong></span> <span class='ocrx_word' id='word_1_739' title='bbox 2482 4551 2762 4620; x_wconf 77' lang='grc' dir='ltr'><strong>Ἀληθεύει</strong></span> <span class='ocrx_word' id='word_1_740' title='bbox 2808 4549 2924 4618; x_wconf 68' lang='grc' dir='ltr'><strong>γὰρ·</strong></span> <span class='ocrx_word' id='word_1_741' title='bbox 2945 4545 3116 4607; x_wconf 70' lang='grc' dir='ltr'><strong>οὕτως</strong></span> <span class='ocrx_word' id='word_1_742' title='bbox 3145 4543 3408 4613; x_wconf 82' lang='grc' dir='ltr'><strong>ὑπάρχων</strong></span> <span class='ocrx_word' id='word_1_743' title='bbox 3442 4541 3536 4594; x_wconf 67' lang='grc' dir='ltr'><strong>καὶ</strong></span> <span class='ocrx_word' id='word_1_744' title='bbox 3558 4555 3650 4610; x_wconf 68' lang='grc' dir='ltr'><strong>χα-</strong></span> 
     </span>
    </p>
   </div>
   <div class='ocr_carea' id='block_1_95' title="bbox 372 4638 1956 4711">
    <p class='ocr_par' dir='ltr' id='par_1_95' title="bbox 372 4638 1956 4711">
     <span class='ocr_line' id='line_1_95' title="bbox 372 4638 1956 4711; baseline -0.001 -14"><span class='ocrx_word' id='word_1_745' title='bbox 372 4660 525 4706; x_wconf 87' lang='lat' dir='ltr'><strong>ram,</strong></span> <span class='ocrx_word' id='word_1_746' title='bbox 558 4650 614 4696; x_wconf 93' lang='lat' dir='ltr'><strong>et</strong></span> <span class='ocrx_word' id='word_1_747' title='bbox 647 4657 710 4695; x_wconf 83' lang='lat' dir='ltr'><strong>ex</strong></span> <span class='ocrx_word' id='word_1_748' title='bbox 746 4655 814 4694; x_wconf 70' lang='lat' dir='ltr'><strong>eo</strong></span> <span class='ocrx_word' id='word_1_749' title='bbox 840 4638 997 4709; x_wconf 79' lang='lat' dir='ltr'><strong>quod</strong></span> <span class='ocrx_word' id='word_1_750' title='bbox 1034 4653 1155 4693; x_wconf 87' lang='lat' dir='ltr'><strong>sum</strong></span> <span class='ocrx_word' id='word_1_751' title='bbox 1204 4641 1324 4709; x_wconf 87' lang='lat' dir='ltr'><strong>ipse</strong></span> <span class='ocrx_word' id='word_1_752' title='bbox 1346 4679 1361 4702; x_wconf 91' lang='lat'><strong>,</strong></span> <span class='ocrx_word' id='word_1_753' title='bbox 1413 4642 1720 4710; x_wconf 83' lang='lat' dir='ltr'><strong>genitorem</strong></span> <span class='ocrx_word' id='word_1_754' title='bbox 1775 4644 1956 4711; x_wconf 71' lang='lat' dir='ltr'><strong>perci-</strong></span> 
     </span>
    </p>
   </div>
   <div class='ocr_carea' id='block_1_96' title="bbox 371 4730 1956 4806">
    <p class='ocr_par' dir='ltr' id='par_1_96' title="bbox 371 4730 1956 4806">
     <span class='ocr_line' id='line_1_96' title="bbox 371 4730 1956 4806; baseline 0 -16"><span class='ocrx_word' id='word_1_755' title='bbox 371 4751 520 4806; x_wconf 89' lang='lat' dir='ltr'><strong>pere.</strong></span> <span class='ocrx_word' id='word_1_756' title='bbox 577 4731 776 4787; x_wconf 76' lang='lat' dir='ltr'><strong>Exstiti</strong></span> <span class='ocrx_word' id='word_1_757' title='bbox 825 4730 972 4786; x_wconf 90' lang='lat' dir='ltr'><strong>enim</strong></span> <span class='ocrx_word' id='word_1_758' title='bbox 1018 4739 1072 4785; x_wconf 92' lang='lat' dir='ltr'><strong>et</strong></span> <span class='ocrx_word' id='word_1_759' title='bbox 1106 4746 1228 4785; x_wconf 91' lang='lat' dir='ltr'><strong>sum</strong></span> <span class='ocrx_word' id='word_1_760' title='bbox 1269 4747 1404 4788; x_wconf 83' lang='lat' dir='ltr'><strong>vere</strong></span> <span class='ocrx_word' id='word_1_761' title='bbox 1452 4731 1783 4789; x_wconf 68' lang='lat' dir='ltr'><strong>substantiae</strong></span> <span class='ocrx_word' id='word_1_762' title='bbox 1833 4735 1956 4804; x_wconf 85' lang='lat' dir='ltr'><strong>ejus</strong></span> 
     </span>
    </p>
   </div>
   <div class='ocr_carea' id='block_1_97' title="bbox 371 4821 1960 4895">
    <p class='ocr_par' dir='ltr' id='par_1_97' title="bbox 371 4821 1960 4895">
     <span class='ocr_line' id='line_1_97' title="bbox 371 4821 1960 4895; baseline -0.001 -14"><span class='ocrx_word' id='word_1_763' title='bbox 371 4828 680 4886; x_wconf 83' lang='lat' dir='ltr'><strong>character.</strong></span> <span class='ocrx_word' id='word_1_764' title='bbox 713 4839 809 4895; x_wconf 88' lang='lat' dir='ltr'><strong>per</strong></span> <span class='ocrx_word' id='word_1_765' title='bbox 843 4823 1029 4879; x_wconf 87' lang='lat' dir='ltr'><strong>omnia</strong></span> <span class='ocrx_word' id='word_1_766' title='bbox 1073 4821 1276 4879; x_wconf 88' lang='lat' dir='ltr'><strong>similis</strong></span> <span class='ocrx_word' id='word_1_767' title='bbox 1304 4833 1358 4878; x_wconf 92' lang='lat' dir='ltr'><strong>et</strong></span> <span class='ocrx_word' id='word_1_768' title='bbox 1391 4825 1574 4894; x_wconf 78' lang='lat' dir='ltr'><strong>imago</strong></span> <span class='ocrx_word' id='word_1_769' title='bbox 1610 4825 1960 4894; x_wconf 82' lang='lat' dir='ltr'><strong>perfectissi-</strong></span> 
     </span>
    </p>
   </div>
   <div class='ocr_carea' id='block_1_98' title="bbox 371 4913 1958 4986">
    <p class='ocr_par' dir='ltr' id='par_1_98' title="bbox 371 4913 1958 4986">
     <span class='ocr_line' id='line_1_98' title="bbox 371 4913 1958 4986; baseline 0 -13"><span class='ocrx_word' id='word_1_770' title='bbox 371 4936 458 4974; x_wconf 86' lang='lat' dir='ltr'><strong>ma</strong></span> <span class='ocrx_word' id='word_1_771' title='bbox 487 4920 563 4980; x_wconf 81' lang='lat'><strong>&quot;,</strong></span> <span class='ocrx_word' id='word_1_772' title='bbox 600 4927 769 4972; x_wconf 84' lang='lat' dir='ltr'><strong>tutam</strong></span> <span class='ocrx_word' id='word_1_773' title='bbox 797 4917 852 4969; x_wconf 90' lang='lat' dir='ltr'><strong>in</strong></span> <span class='ocrx_word' id='word_1_774' title='bbox 885 4915 1097 4986; x_wconf 86' lang='lat' dir='ltr'><strong>meipso</strong></span> <span class='ocrx_word' id='word_1_775' title='bbox 1129 4914 1226 4969; x_wconf 64' lang='lat' dir='ltr'><strong>Dei.</strong></span> <span class='ocrx_word' id='word_1_776' title='bbox 1258 4931 1321 4969; x_wconf 87' lang='lat' dir='ltr'><strong>ac</strong></span> <span class='ocrx_word' id='word_1_777' title='bbox 1352 4913 1535 4970; x_wconf 85' lang='lat' dir='ltr'><strong>Patris</strong></span> <span class='ocrx_word' id='word_1_778' title='bbox 1566 4926 1828 4971; x_wconf 73' lang='lat' dir='ltr'><strong>naturam</strong></span> <span class='ocrx_word' id='word_1_779' title='bbox 1859 4934 1958 4974; x_wconf 79' lang='lat' dir='ltr'><strong>ex-</strong></span> 
     </span>
    </p>
   </div>
   <div class='ocr_carea' id='block_1_99' title="bbox 370 5006 1949 5079">
    <p class='ocr_par' dir='ltr' id='par_1_99' title="bbox 370 5006 1949 5079">
     <span class='ocr_line' id='line_1_99' title="bbox 370 5006 1949 5079; baseline 0.001 -16"><span class='ocrx_word' id='word_1_780' title='bbox 370 5010 632 5079; x_wconf 84' lang='lat' dir='ltr'><strong>primens.</strong></span> <span class='ocrx_word' id='word_1_781' title='bbox 689 5007 863 5072; x_wconf 83' lang='lat' dir='ltr'><strong>Quem</strong></span> <span class='ocrx_word' id='word_1_782' title='bbox 915 5006 1135 5061; x_wconf 88' lang='lat' dir='ltr'><strong>demum</strong></span> <span class='ocrx_word' id='word_1_783' title='bbox 1195 5007 1428 5061; x_wconf 87' lang='lat' dir='ltr'><strong>visionis</strong></span> <span class='ocrx_word' id='word_1_784' title='bbox 1474 5008 1679 5062; x_wconf 67' lang='lat' dir='ltr'><strong>divinae</strong></span> <span class='ocrx_word' id='word_1_785' title='bbox 1727 5011 1949 5064; x_wconf 87' lang='lat' dir='ltr'><strong>modum</strong></span> 
     </span>
    </p>
   </div>
   <div class='ocr_carea' id='block_1_100' title="bbox 370 5097 1960 5168">
    <p class='ocr_par' dir='ltr' id='par_1_100' title="bbox 370 5097 1960 5168">
     <span class='ocr_line' id='line_1_100' title="bbox 370 5097 1960 5168; baseline 0.001 -14"><span class='ocrx_word' id='word_1_786' title='bbox 370 5101 536 5154; x_wconf 89' lang='lat' dir='ltr'><strong>alium</strong></span> <span class='ocrx_word' id='word_1_787' title='bbox 563 5097 881 5167; x_wconf 59' lang='lat' dir='ltr'><strong>quaesieris,</strong></span> <span class='ocrx_word' id='word_1_788' title='bbox 906 5097 952 5150; x_wconf 85' lang='lat' dir='ltr'><strong>si</strong></span> <span class='ocrx_word' id='word_1_789' title='bbox 983 5097 1080 5151; x_wconf 91' lang='lat' dir='ltr'><strong>tibi</strong></span> <span class='ocrx_word' id='word_1_790' title='bbox 1111 5112 1248 5151; x_wconf 87' lang='lat' dir='ltr'><strong>sana</strong></span> <span class='ocrx_word' id='word_1_791' title='bbox 1276 5113 1434 5152; x_wconf 89' lang='lat' dir='ltr'><strong>mens</strong></span> <span class='ocrx_word' id='word_1_792' title='bbox 1461 5113 1586 5152; x_wconf 80' lang='lat' dir='ltr'><strong>esse</strong></span> <span class='ocrx_word' id='word_1_793' title='bbox 1614 5107 1830 5168; x_wconf 87' lang='lat' dir='ltr'><strong>potest,</strong></span> <span class='ocrx_word' id='word_1_794' title='bbox 1858 5109 1960 5155; x_wconf 77' lang='lat' dir='ltr'><strong>aut</strong></span> 
     </span>
    </p>
   </div>
   <div class='ocr_carea' id='block_1_101' title="bbox 371 5184 1952 5260">
    <p class='ocr_par' dir='ltr' id='par_1_101' title="bbox 371 5184 1952 5260">
     <span class='ocr_line' id='line_1_101' title="bbox 371 5184 1952 5260; baseline 0.003 -18"><span class='ocrx_word' id='word_1_795' title='bbox 371 5190 551 5260; x_wconf 80' lang='lat' dir='ltr'><strong>quod,</strong></span> <span class='ocrx_word' id='word_1_796' title='bbox 615 5202 839 5256; x_wconf 66' lang='lat' dir='ltr'><strong>quisse,</strong></span> <span class='ocrx_word' id='word_1_797' title='bbox 897 5184 1129 5242; x_wconf 89' lang='lat' dir='ltr'><strong>visionis</strong></span> <span class='ocrx_word' id='word_1_798' title='bbox 1181 5203 1354 5256; x_wconf 73' lang='lat' dir='ltr'><strong>genus</strong></span> <span class='ocrx_word' id='word_1_799' title='bbox 1428 5188 1952 5260; x_wconf 69' lang='lat' dir='ltr'><strong>rogas?Nuuquid</strong></span> 
     </span>
    </p>
   </div>
   <div class='ocr_carea' id='block_1_102' title="bbox 374 5277 1956 5350">
    <p class='ocr_par' dir='ltr' id='par_1_102' title="bbox 374 5277 1956 5350">
     <span class='ocr_line' id='line_1_102' title="bbox 374 5277 1956 5350; baseline 0.001 -18"><span class='ocrx_word' id='word_1_800' title='bbox 374 5280 812 5350; x_wconf 69' lang='lat' dir='ltr'><strong>praestantiorem</strong></span> <span class='ocrx_word' id='word_1_801' title='bbox 847 5287 902 5330; x_wconf 88' lang='lat' dir='ltr'><strong>et</strong></span> <span class='ocrx_word' id='word_1_802' title='bbox 945 5277 1120 5346; x_wconf 82' lang='lat' dir='ltr'><strong>magis</strong></span> <span class='ocrx_word' id='word_1_803' title='bbox 1152 5277 1490 5348; x_wconf 68' lang='lat' dir='ltr'><strong>exquisitam</strong></span> <span class='ocrx_word' id='word_1_804' title='bbox 1531 5279 1814 5334; x_wconf 85' lang='lat' dir='ltr'><strong>veteribus</strong></span> <span class='ocrx_word' id='word_1_805' title='bbox 1851 5279 1956 5334; x_wconf 88' lang='lat' dir='ltr'><strong>da-</strong></span> 
     </span>
    </p>
   </div>
   <div class='ocr_carea' id='block_1_103' title="bbox 371 5371 1955 5445">
    <p class='ocr_par' dir='ltr' id='par_1_103' title="bbox 371 5371 1955 5445">
     <span class='ocr_line' id='line_1_103' title="bbox 371 5371 1955 5445; baseline 0.004 -20"><span class='ocrx_word' id='word_1_806' title='bbox 371 5383 479 5426; x_wconf 86' lang='lat' dir='ltr'><strong>tam</strong></span> <span class='ocrx_word' id='word_1_807' title='bbox 499 5388 625 5428; x_wconf 88' lang='lat' dir='ltr'><strong>esse</strong></span> <span class='ocrx_word' id='word_1_808' title='bbox 654 5372 966 5435; x_wconf 77' lang='lat' dir='ltr'><strong>existimas,</strong></span> <span class='ocrx_word' id='word_1_809' title='bbox 991 5386 1118 5426; x_wconf 92' lang='lat' dir='ltr'><strong>cum</strong></span> <span class='ocrx_word' id='word_1_810' title='bbox 1151 5371 1205 5426; x_wconf 92' lang='lat' dir='ltr'><strong>in</strong></span> <span class='ocrx_word' id='word_1_811' title='bbox 1241 5383 1483 5426; x_wconf 88' lang='lat' dir='ltr'><strong>montem</strong></span> <span class='ocrx_word' id='word_1_812' title='bbox 1521 5371 1732 5429; x_wconf 83' lang='lat' dir='ltr'><strong>Sinain</strong></span> <span class='ocrx_word' id='word_1_813' title='bbox 1769 5379 1955 5445; x_wconf 85' lang='lat' dir='ltr'><strong>specie</strong></span> 
     </span>
    </p>
   </div>
   <div class='ocr_carea' id='block_1_104' title="bbox 373 5462 1952 5536">
    <p class='ocr_par' dir='ltr' id='par_1_104' title="bbox 373 5462 1952 5536">
     <span class='ocr_line' id='line_1_104' title="bbox 373 5462 1952 5536; baseline 0.003 -18"><span class='ocrx_word' id='word_1_814' title='bbox 373 5465 514 5534; x_wconf 79' lang='lat' dir='ltr'><strong>ignis</strong></span> <span class='ocrx_word' id='word_1_815' title='bbox 545 5465 804 5520; x_wconf 67' lang='grc' dir='ltr'><strong>ιίθερριιιιί</strong></span> <span class='ocrx_word' id='word_1_816' title='bbox 840 5463 932 5517; x_wconf 69' lang='grc' dir='ltr'><strong>ὀἳ</strong></span> <span class='ocrx_word' id='word_1_817' title='bbox 959 5462 1039 5518; x_wconf 88' lang='lat' dir='ltr'><strong>Ob</strong></span> <span class='ocrx_word' id='word_1_818' title='bbox 1082 5465 1184 5520; x_wconf 89' lang='lat' dir='ltr'><strong>hoc</strong></span> <span class='ocrx_word' id='word_1_819' title='bbox 1211 5466 1356 5519; x_wconf 90' lang='lat' dir='ltr'><strong>enim</strong></span> <span class='ocrx_word' id='word_1_820' title='bbox 1387 5463 1564 5522; x_wconf 68' lang='lat' dir='ltr'><strong>Judaei</strong></span> <span class='ocrx_word' id='word_1_821' title='bbox 1601 5468 1952 5536; x_wconf 88' lang='lat' dir='ltr'><strong>potissimum</strong></span> 
     </span>
    </p>
   </div>
   <div class='ocr_carea' id='block_1_105' title="bbox 372 5556 1950 5630">
    <p class='ocr_par' dir='ltr' id='par_1_105' title="bbox 372 5556 1950 5630">
     <span class='ocr_line' id='line_1_105' title="bbox 372 5556 1950 5630; baseline 0.003 -20"><span class='ocrx_word' id='word_1_822' title='bbox 372 5557 596 5627; x_wconf 77' lang='lat' dir='ltr'><strong>gloriari</strong></span> <span class='ocrx_word' id='word_1_823' title='bbox 627 5558 825 5611; x_wconf 84' lang='lat' dir='ltr'><strong>solent.</strong></span> <span class='ocrx_word' id='word_1_824' title='bbox 861 5556 985 5611; x_wconf 63' lang='lat' dir='ltr'><strong>Haec</strong></span> <span class='ocrx_word' id='word_1_825' title='bbox 1029 5572 1058 5611; x_wconf 92' lang='lat' dir='ltr'><strong>a</strong></span> <span class='ocrx_word' id='word_1_826' title='bbox 1098 5557 1324 5613; x_wconf 85' lang='lat' dir='ltr'><strong>Christo</strong></span> <span class='ocrx_word' id='word_1_827' title='bbox 1388 5557 1579 5614; x_wconf 89' lang='lat' dir='ltr'><strong>forsan</strong></span> <span class='ocrx_word' id='word_1_828' title='bbox 1627 5560 1776 5614; x_wconf 88' lang='lat' dir='ltr'><strong>dicta</strong></span> <span class='ocrx_word' id='word_1_829' title='bbox 1823 5561 1950 5630; x_wconf 87' lang='lat' dir='ltr'><strong>qui-</strong></span> 
     </span>
    </p>
   </div>
   <div class='ocr_carea' id='block_1_106' title="bbox 372 5646 1948 5718">
    <p class='ocr_par' dir='ltr' id='par_1_106' title="bbox 372 5646 1948 5718">
     <span class='ocr_line' id='line_1_106' title="bbox 372 5646 1948 5718; baseline 0.004 -16"><span class='ocrx_word' id='word_1_830' title='bbox 372 5652 493 5704; x_wconf 73' lang='lat' dir='ltr'><strong>dezn</strong></span> <span class='ocrx_word' id='word_1_831' title='bbox 537 5663 660 5703; x_wconf 86' lang='lat' dir='ltr'><strong>esse</strong></span> <span class='ocrx_word' id='word_1_832' title='bbox 705 5646 1062 5718; x_wconf 77' lang='lat' dir='ltr'><strong>putabimus:</strong></span> <span class='ocrx_word' id='word_1_833' title='bbox 1101 5661 1358 5706; x_wconf 64' lang='lat' dir='ltr'><strong>caeterum</strong></span> <span class='ocrx_word' id='word_1_834' title='bbox 1397 5652 1465 5706; x_wconf 85' lang='lat' dir='ltr'><strong>ad</strong></span> <span class='ocrx_word' id='word_1_835' title='bbox 1518 5651 1609 5710; x_wconf 86' lang='lat' dir='ltr'><strong>Dei</strong></span> <span class='ocrx_word' id='word_1_836' title='bbox 1657 5663 1712 5708; x_wconf 86' lang='lat' dir='ltr'><strong>et</strong></span> <span class='ocrx_word' id='word_1_837' title='bbox 1765 5653 1948 5710; x_wconf 85' lang='lat' dir='ltr'><strong>Patris</strong></span> 
     </span>
    </p>
   </div>
   <div class='ocr_carea' id='block_1_107' title="bbox 447 5827 1947 5901">
    <p class='ocr_par' dir='ltr' id='par_1_107' title="bbox 447 5827 1947 5901">
     <span class='ocr_line' id='line_1_107' title="bbox 447 5827 1947 5901; baseline 0.005 -20"><span class='ocrx_word' id='word_1_838' title='bbox 447 5828 485 5860; x_wconf 84' lang='lat'>&quot;</span> <span class='ocrx_word' id='word_1_839' title='bbox 517 5827 716 5887; x_wconf 81' lang='lat' dir='ltr'><strong>Ezecli.</strong></span> <span class='ocrx_word' id='word_1_840' title='bbox 747 5842 842 5888; x_wconf 79' lang='lat' dir='ltr'><strong>xm</strong></span> <span class='ocrx_word' id='word_1_841' title='bbox 869 5869 885 5897; x_wconf 93' lang='lat'><strong>,</strong></span> <span class='ocrx_word' id='word_1_842' title='bbox 920 5829 973 5884; x_wconf 78' lang='lat'><strong>5.</strong></span> <span class='ocrx_word' id='word_1_843' title='bbox 1049 5830 1094 5863; x_wconf 78' lang='lat'>”</span> <span class='ocrx_word' id='word_1_844' title='bbox 1127 5827 1167 5884; x_wconf 92' lang='lat' dir='ltr'><strong>ll</strong></span> <span class='ocrx_word' id='word_1_845' title='bbox 1199 5829 1328 5888; x_wconf 89' lang='lat' dir='ltr'><strong>Cor.</strong></span> <span class='ocrx_word' id='word_1_846' title='bbox 1381 5847 1457 5898; x_wconf 85' lang='lat' dir='ltr'><strong>tv,</strong></span> <span class='ocrx_word' id='word_1_847' title='bbox 1499 5829 1851 5901; x_wconf 68' lang='grc' dir='ltr'><strong>4;Ιίε1›ι·.ι,</strong></span> <span class='ocrx_word' id='word_1_848' title='bbox 1894 5837 1947 5889; x_wconf 80' lang='lat'><strong>5.</strong></span> 
     </span>
    </p>
   </div>
   <div class='ocr_carea' id='block_1_108' title="bbox 2067 4630 3646 4716">
    <p class='ocr_par' dir='ltr' id='par_1_108' title="bbox 2067 4630 3646 4716">
     <span class='ocr_line' id='line_1_108' title="bbox 2067 4630 3646 4716; baseline -0.013 -16"><span class='ocrx_word' id='word_1_849' title='bbox 2067 4645 2299 4716; x_wconf 75' lang='grc' dir='ltr'><strong>ρακτὴρ,</strong></span> <span class='ocrx_word' id='word_1_850' title='bbox 2332 4643 2430 4695; x_wconf 73' lang='grc' dir='ltr'><strong>καὶ</strong></span> <span class='ocrx_word' id='word_1_851' title='bbox 2459 4641 2716 4712; x_wconf 78' lang='grc' dir='ltr'><strong>ὁμοίωσις</strong></span> <span class='ocrx_word' id='word_1_852' title='bbox 2741 4637 2835 4690; x_wconf 86' lang='grc' dir='ltr'><strong>τοῦ</strong></span> <span class='ocrx_word' id='word_1_853' title='bbox 2870 4635 3006 4688; x_wconf 82' lang='grc' dir='ltr'>Θεοῦ</span> <span class='ocrx_word' id='word_1_854' title='bbox 3039 4637 3127 4687; x_wconf 56' lang='grc' dir='ltr'><strong>καὶ</strong></span> <span class='ocrx_word' id='word_1_855' title='bbox 3164 4634 3398 4702; x_wconf 69' lang='grc' dir='ltr'><strong>Πατρός,</strong></span> <span class='ocrx_word' id='word_1_856' title='bbox 3431 4630 3607 4697; x_wconf 81' lang='grc' dir='ltr'><strong>λέγων</strong></span> <span class='ocrx_word' id='word_1_857' title='bbox 3629 4646 3646 4661; x_wconf 79' lang='grc' dir='ltr'><strong><em>ο</em></strong></span> 
     </span>
    </p>
   </div>
   <div class='ocr_carea' id='block_1_109' title="bbox 2067 4725 3650 4810">
    <p class='ocr_par' dir='ltr' id='par_1_109' title="bbox 2067 4725 3650 4810">
     <span class='ocr_line' id='line_1_109' title="bbox 2067 4725 3650 4810; baseline -0.008 -17"><span class='ocrx_word' id='word_1_858' title='bbox 2067 4760 2085 4793; x_wconf 76' lang='grc' dir='ltr'><strong>ι</strong></span> <span class='ocrx_word' id='word_1_859' title='bbox 2109 4741 2166 4793; x_wconf 90' lang='lat'><strong>&#39;0</strong></span> <span class='ocrx_word' id='word_1_860' title='bbox 2196 4737 2458 4810; x_wconf 82' lang='grc' dir='ltr'><strong>ἑωρακὼς</strong></span> <span class='ocrx_word' id='word_1_861' title='bbox 2486 4737 2614 4806; x_wconf 81' lang='grc' dir='ltr'><strong>ἐμὲ,</strong></span> <span class='ocrx_word' id='word_1_862' title='bbox 2651 4735 2863 4804; x_wconf 79' lang='grc' dir='ltr'><strong>ἑώρακε</strong></span> <span class='ocrx_word' id='word_1_863' title='bbox 2891 4733 2981 4784; x_wconf 83' lang='grc' dir='ltr'><strong>τὸν</strong></span> <span class='ocrx_word' id='word_1_864' title='bbox 3013 4731 3230 4802; x_wconf 81' lang='grc' dir='ltr'><strong>Πατέρα</strong></span> <span class='ocrx_word' id='word_1_865' title='bbox 3255 4748 3268 4760; x_wconf 88' lang='grc'><strong>·</strong></span> <span class='ocrx_word' id='word_1_866' title='bbox 3295 4729 3410 4792; x_wconf 83' lang='grc' dir='ltr'><strong>πῶς</strong></span> <span class='ocrx_word' id='word_1_867' title='bbox 3436 4725 3528 4783; x_wconf 83' lang='grc' dir='ltr'><strong>οὖν</strong></span> <span class='ocrx_word' id='word_1_868' title='bbox 3560 4729 3650 4781; x_wconf 69' lang='grc' dir='ltr'><strong>λέ-</strong></span> 
     </span>
    </p>
   </div>
   <div class='ocr_carea' id='block_1_110' title="bbox 2061 4821 3648 4902">
    <p class='ocr_par' dir='ltr' id='par_1_110' title="bbox 2061 4821 3648 4902">
     <span class='ocr_line' id='line_1_110' title="bbox 2061 4821 3648 4902; baseline -0.009 -17"><span class='ocrx_word' id='word_1_869' title='bbox 2061 4851 2176 4902; x_wconf 80' lang='grc' dir='ltr'><strong>γεις</strong></span> <span class='ocrx_word' id='word_1_870' title='bbox 2203 4850 2216 4863; x_wconf 75' lang='grc' dir='ltr'><strong><em>ο</em></strong></span> <span class='ocrx_word' id='word_1_871' title='bbox 2251 4829 2433 4895; x_wconf 79' lang='grc' dir='ltr'><strong>Δεῖξον</strong></span> <span class='ocrx_word' id='word_1_872' title='bbox 2472 4830 2604 4898; x_wconf 79' lang='grc' dir='ltr'><strong>ἡμῖν</strong></span> <span class='ocrx_word' id='word_1_873' title='bbox 2635 4827 2728 4879; x_wconf 77' lang='grc' dir='ltr'><strong>τὸν</strong></span> <span class='ocrx_word' id='word_1_874' title='bbox 2766 4825 2983 4893; x_wconf 81' lang='grc' dir='ltr'><strong>Πατέρα</strong></span> <span class='ocrx_word' id='word_1_875' title='bbox 3008 4842 3026 4886; x_wconf 84' lang='lat'><strong>;.</strong></span> <span class='ocrx_word' id='word_1_876' title='bbox 3059 4844 3082 4871; x_wconf 75' lang='grc' dir='ltr'>ν</span> <span class='ocrx_word' id='word_1_877' title='bbox 3125 4824 3274 4889; x_wconf 75' lang='grc' dir='ltr'><strong>Ἐξὸν</strong></span> <span class='ocrx_word' id='word_1_878' title='bbox 3303 4823 3412 4891; x_wconf 73' lang='grc' dir='ltr'><strong>γὰρ</strong></span> <span class='ocrx_word' id='word_1_879' title='bbox 3446 4821 3510 4890; x_wconf 88' lang='grc' dir='ltr'><strong>δή</strong></span> <span class='ocrx_word' id='word_1_880' title='bbox 3541 4837 3648 4880; x_wconf 81' lang='grc' dir='ltr'><strong>σοι,</strong></span> 
     </span>
    </p>
   </div>
   <div class='ocr_carea' id='block_1_111' title="bbox 2061 4913 3649 4998">
    <p class='ocr_par' dir='ltr' id='par_1_111' title="bbox 2061 4913 3649 4998">
     <span class='ocr_line' id='line_1_111' title="bbox 2061 4913 3649 4998; baseline -0.008 -19"><span class='ocrx_word' id='word_1_881' title='bbox 2061 4927 2256 4998; x_wconf 73' lang='grc' dir='ltr'><strong>φησὶν,</strong></span> <span class='ocrx_word' id='word_1_882' title='bbox 2283 4918 2614 4982; x_wconf 72' lang='grc' dir='ltr'><strong>ὧΦίλιππε,</strong></span> <span class='ocrx_word' id='word_1_883' title='bbox 2647 4922 2748 4992; x_wconf 79' lang='grc' dir='ltr'><strong>τὴν</strong></span> <span class='ocrx_word' id='word_1_884' title='bbox 2770 4919 2864 4972; x_wconf 82' lang='grc' dir='ltr'><strong>τοῦ</strong></span> <span class='ocrx_word' id='word_1_885' title='bbox 2894 4918 3109 4987; x_wconf 73' lang='grc' dir='ltr'><strong>Πατρός</strong></span> <span class='ocrx_word' id='word_1_886' title='bbox 3141 4918 3199 4968; x_wconf 81' lang='grc' dir='ltr'><strong>ἐν</strong></span> <span class='ocrx_word' id='word_1_887' title='bbox 3227 4915 3351 4985; x_wconf 82' lang='grc' dir='ltr'><strong>ἐμοὶ</strong></span> <span class='ocrx_word' id='word_1_888' title='bbox 3378 4913 3649 4968; x_wconf 75' lang='grc' dir='ltr'><strong>καταϐοά-</strong></span> 
     </span>
    </p>
   </div>
   <div class='ocr_carea' id='block_1_112' title="bbox 2063 5005 3649 5085">
    <p class='ocr_par' dir='ltr' id='par_1_112' title="bbox 2063 5005 3649 5085">
     <span class='ocr_line' id='line_1_112' title="bbox 2063 5005 3649 5085; baseline -0.011 -11"><span class='ocrx_word' id='word_1_889' title='bbox 2063 5020 2260 5074; x_wconf 81' lang='grc' dir='ltr'><strong>σασθαι</strong></span> <span class='ocrx_word' id='word_1_890' title='bbox 2291 5017 2486 5085; x_wconf 86' lang='grc' dir='ltr'><strong>φύσιν,</strong></span> <span class='ocrx_word' id='word_1_891' title='bbox 2540 5015 2636 5068; x_wconf 76' lang='grc' dir='ltr'><strong>καὶ</strong></span> <span class='ocrx_word' id='word_1_892' title='bbox 2670 5012 2729 5076; x_wconf 80' lang='grc' dir='ltr'><strong>ἐξ</strong></span> <span class='ocrx_word' id='word_1_893' title='bbox 2765 5005 2841 5064; x_wconf 79' lang='grc' dir='ltr'><strong>ὧν</strong></span> <span class='ocrx_word' id='word_1_894' title='bbox 2876 5012 3037 5068; x_wconf 76' lang='grc' dir='ltr'><strong>αὐτός</strong></span> <span class='ocrx_word' id='word_1_895' title='bbox 3067 5012 3181 5079; x_wconf 76' lang='grc' dir='ltr'><strong>εἰμι</strong></span> <span class='ocrx_word' id='word_1_896' title='bbox 3223 5005 3649 5062; x_wconf 79' lang='grc' dir='ltr'><strong>διασκέπτεσθαι</strong></span> 
     </span>
    </p>
   </div>
   <div class='ocr_carea' id='block_1_113' title="bbox 2060 5097 3656 5176">
    <p class='ocr_par' dir='ltr' id='par_1_113' title="bbox 2060 5097 3656 5176">
     <span class='ocr_line' id='line_1_113' title="bbox 2060 5097 3656 5176; baseline -0.008 -16"><span class='ocrx_word' id='word_1_897' title='bbox 2060 5109 2150 5161; x_wconf 79' lang='grc' dir='ltr'><strong>τὸν</strong></span> <span class='ocrx_word' id='word_1_898' title='bbox 2165 5109 2482 5176; x_wconf 81' lang='grc' dir='ltr'><strong>γεννήτορα.</strong></span> <span class='ocrx_word' id='word_1_899' title='bbox 2511 5104 2736 5173; x_wconf 73' lang='grc' dir='ltr'><strong>Πέφηνά</strong></span> <span class='ocrx_word' id='word_1_900' title='bbox 2759 5120 2817 5154; x_wconf 90' lang='grc' dir='ltr'><strong>τε</strong></span> <span class='ocrx_word' id='word_1_901' title='bbox 2847 5104 2953 5172; x_wconf 80' lang='grc' dir='ltr'><strong>γὰρ</strong></span> <span class='ocrx_word' id='word_1_902' title='bbox 2979 5102 3072 5154; x_wconf 75' lang='grc' dir='ltr'><strong>καὶ</strong></span> <span class='ocrx_word' id='word_1_903' title='bbox 3092 5100 3205 5170; x_wconf 74' lang='grc' dir='ltr'><strong>εἰμὶ</strong></span> <span class='ocrx_word' id='word_1_904' title='bbox 3226 5099 3345 5152; x_wconf 77' lang='grc' dir='ltr'><strong>κατ’</strong></span> <span class='ocrx_word' id='word_1_905' title='bbox 3366 5097 3656 5168; x_wconf 75' lang='grc' dir='ltr'><strong>ἀλήθειαν..</strong></span> 
     </span>
    </p>
   </div>
   <div class='ocr_carea' id='block_1_114' title="bbox 2062 5190 3650 5270">
    <p class='ocr_par' dir='ltr' id='par_1_114' title="bbox 2062 5190 3650 5270">
     <span class='ocr_line' id='line_1_114' title="bbox 2062 5190 3650 5270; baseline -0.008 -17"><span class='ocrx_word' id='word_1_906' title='bbox 2062 5199 2279 5270; x_wconf 79' lang='grc' dir='ltr'><strong>καὶτῆς</strong></span> <span class='ocrx_word' id='word_1_907' title='bbox 2309 5199 2496 5261; x_wconf 80' lang='grc' dir='ltr'><strong>οὐσίας</strong></span> <span class='ocrx_word' id='word_1_908' title='bbox 2545 5196 2712 5251; x_wconf 74' lang='grc' dir='ltr'><strong>αὐτοῦ</strong></span> <span class='ocrx_word' id='word_1_909' title='bbox 2742 5193 3025 5267; x_wconf 78' lang='grc' dir='ltr'><strong>χαρακτὴρ</strong></span> <span class='ocrx_word' id='word_1_910' title='bbox 3078 5191 3516 5263; x_wconf 79' lang='grc' dir='ltr'><strong>ἀπαράλλακτος,</strong></span> <span class='ocrx_word' id='word_1_911' title='bbox 3551 5190 3650 5242; x_wconf 72' lang='grc' dir='ltr'><strong>καὶ</strong></span> 
     </span>
    </p>
   </div>
   <div class='ocr_carea' id='block_1_115' title="bbox 2063 5282 3650 5364">
    <p class='ocr_par' dir='ltr' id='par_1_115' title="bbox 2063 5282 3650 5364">
     <span class='ocr_line' id='line_1_115' title="bbox 2063 5282 3650 5364; baseline -0.008 -17"><span class='ocrx_word' id='word_1_912' title='bbox 2063 5293 2225 5347; x_wconf 85' lang='grc' dir='ltr'><strong>εἰκὼν</strong></span> <span class='ocrx_word' id='word_1_913' title='bbox 2256 5293 2504 5364; x_wconf 79' lang='grc' dir='ltr'><strong>ἐμφερὴς</strong></span> <span class='ocrx_word' id='word_1_914' title='bbox 2525 5331 2539 5354; x_wconf 83' lang='grc'><strong>,</strong></span> <span class='ocrx_word' id='word_1_915' title='bbox 2569 5291 2698 5360; x_wconf 82' lang='grc' dir='ltr'>ὃλην</span> <span class='ocrx_word' id='word_1_916' title='bbox 2729 5291 2788 5342; x_wconf 86' lang='grc' dir='ltr'><strong>ἐν</strong></span> <span class='ocrx_word' id='word_1_917' title='bbox 2832 5286 3056 5360; x_wconf 82' lang='grc' dir='ltr'><strong>ἐμαυτῷ</strong></span> <span class='ocrx_word' id='word_1_918' title='bbox 3097 5287 3199 5356; x_wconf 74' lang='grc' dir='ltr'><strong>τὴν</strong></span> <span class='ocrx_word' id='word_1_919' title='bbox 3231 5284 3328 5338; x_wconf 86' lang='grc' dir='ltr'>τοῦ</span> <span class='ocrx_word' id='word_1_920' title='bbox 3366 5282 3504 5336; x_wconf 89' lang='grc' dir='ltr'>Θεοῦ</span> <span class='ocrx_word' id='word_1_921' title='bbox 3553 5283 3650 5335; x_wconf 77' lang='grc' dir='ltr'><strong>καὶ</strong></span> 
     </span>
    </p>
   </div>
   <div class='ocr_carea' id='block_1_116' title="bbox 2063 5377 3646 5454">
    <p class='ocr_par' dir='ltr' id='par_1_116' title="bbox 2063 5377 3646 5454">
     <span class='ocr_line' id='line_1_116' title="bbox 2063 5377 3646 5454; baseline -0.006 -16"><span class='ocrx_word' id='word_1_922' title='bbox 2063 5385 2276 5454; x_wconf 67' lang='grc' dir='ltr'><strong>Πατρός</strong></span> <span class='ocrx_word' id='word_1_923' title='bbox 2305 5384 2656 5454; x_wconf 81' lang='grc' dir='ltr'><strong>ἐγχαράττων</strong></span> <span class='ocrx_word' id='word_1_924' title='bbox 2693 5384 2876 5451; x_wconf 80' lang='grc' dir='ltr'><strong>φύσιν.</strong></span> <span class='ocrx_word' id='word_1_925' title='bbox 2925 5382 3082 5434; x_wconf 83' lang='grc' dir='ltr'><strong>Ποῖον</strong></span> <span class='ocrx_word' id='word_1_926' title='bbox 3120 5378 3200 5432; x_wconf 78' lang='grc' dir='ltr'><strong>ἔτι</strong></span> <span class='ocrx_word' id='word_1_927' title='bbox 3245 5379 3345 5447; x_wconf 78' lang='grc' dir='ltr'><strong>τῆς</strong></span> <span class='ocrx_word' id='word_1_928' title='bbox 3391 5377 3646 5440; x_wconf 83' lang='grc' dir='ltr'><strong>θεοπτὶας</strong></span> 
     </span>
    </p>
   </div>
   <div class='ocr_carea' id='block_1_117' title="bbox 2062 5467 3650 5547">
    <p class='ocr_par' dir='ltr' id='par_1_117' title="bbox 2062 5467 3650 5547">
     <span class='ocr_line' id='line_1_117' title="bbox 2062 5467 3650 5547; baseline -0.007 -18"><span class='ocrx_word' id='word_1_929' title='bbox 2062 5477 2422 5547; x_wconf 78' lang='grc' dir='ltr'><strong>ἐπιζητήσαις</strong></span> <span class='ocrx_word' id='word_1_930' title='bbox 2448 5477 2512 5528; x_wconf 81' lang='grc' dir='ltr'><strong>ἂν</strong></span> <span class='ocrx_word' id='word_1_931' title='bbox 2540 5474 2742 5546; x_wconf 86' lang='grc' dir='ltr'><strong>τρόπον</strong></span> <span class='ocrx_word' id='word_1_932' title='bbox 2767 5474 2977 5542; x_wconf 70' lang='grc' dir='ltr'><strong>ἕτερον.</strong></span> <span class='ocrx_word' id='word_1_933' title='bbox 2995 5472 3048 5524; x_wconf 73' lang='grc' dir='ltr'><strong>εί</strong></span> <span class='ocrx_word' id='word_1_934' title='bbox 3069 5471 3133 5540; x_wconf 89' lang='grc' dir='ltr'><strong>γέ</strong></span> <span class='ocrx_word' id='word_1_935' title='bbox 3158 5487 3240 5523; x_wconf 87' lang='grc' dir='ltr'><strong>σοι</strong></span> <span class='ocrx_word' id='word_1_936' title='bbox 3257 5467 3460 5541; x_wconf 76' lang='grc' dir='ltr'><strong>προσὸν</strong></span> <span class='ocrx_word' id='word_1_937' title='bbox 3477 5467 3650 5536; x_wconf 84' lang='grc' dir='ltr'><strong>ὁρῷτο</strong></span> 
     </span>
    </p>
   </div>
   <div class='ocr_carea' id='block_1_118' title="bbox 2059 5559 3650 5636">
    <p class='ocr_par' dir='ltr' id='par_1_118' title="bbox 2059 5559 3650 5636">
     <span class='ocr_line' id='line_1_118' title="bbox 2059 5559 3650 5636; baseline -0.006 -18"><span class='ocrx_word' id='word_1_938' title='bbox 2059 5569 2120 5620; x_wconf 79' lang='grc' dir='ltr'><strong>τὸ</strong></span> <span class='ocrx_word' id='word_1_939' title='bbox 2149 5567 2218 5621; x_wconf 79' lang='grc' dir='ltr'><strong>τά</strong></span> <span class='ocrx_word' id='word_1_940' title='bbox 2263 5569 2447 5621; x_wconf 80' lang='grc' dir='ltr'><strong>εἰκότα</strong></span> <span class='ocrx_word' id='word_1_941' title='bbox 2484 5566 2742 5620; x_wconf 82' lang='grc' dir='ltr'><strong>δύνασθαι</strong></span> <span class='ocrx_word' id='word_1_942' title='bbox 2780 5565 3034 5636; x_wconf 82' lang='grc' dir='ltr'><strong>φρονεῖν,</strong></span> <span class='ocrx_word' id='word_1_943' title='bbox 3089 5563 3123 5633; x_wconf 83' lang='grc' dir='ltr'><strong>ἢ</strong></span> <span class='ocrx_word' id='word_1_944' title='bbox 3153 5563 3341 5626; x_wconf 83' lang='grc' dir='ltr'><strong>ποίαν,</strong></span> <span class='ocrx_word' id='word_1_945' title='bbox 3383 5559 3506 5612; x_wconf 74' lang='grc' dir='ltr'><strong>εἰπέ</strong></span> <span class='ocrx_word' id='word_1_946' title='bbox 3533 5575 3650 5625; x_wconf 87' lang='grc' dir='ltr'><strong>μοι,</strong></span> 
     </span>
    </p>
   </div>
   <div class='ocr_carea' id='block_1_119' title="bbox 2060 5647 3652 5728">
    <p class='ocr_par' dir='ltr' id='par_1_119' title="bbox 2060 5647 3652 5728">
     <span class='ocr_line' id='line_1_119' title="bbox 2060 5647 3652 5728; baseline -0.008 -16"><span class='ocrx_word' id='word_1_947' title='bbox 2060 5657 2292 5728; x_wconf 80' lang='grc' dir='ltr'><strong>θεωρίαν</strong></span> <span class='ocrx_word' id='word_1_948' title='bbox 2319 5661 2492 5725; x_wconf 72' lang='grc' dir='ltr'><strong>αἰτεῖς</strong></span> <span class='ocrx_word' id='word_1_949' title='bbox 2517 5653 2702 5728; x_wconf 65' lang='grc' dir='ltr'><strong>;*Αρα</strong></span> <span class='ocrx_word' id='word_1_950' title='bbox 2729 5656 2803 5728; x_wconf 77' lang='grc' dir='ltr'><strong>μὴ</strong></span> <span class='ocrx_word' id='word_1_951' title='bbox 2825 5655 3110 5727; x_wconf 81' lang='grc' dir='ltr'><strong>κρείττονα</strong></span> <span class='ocrx_word' id='word_1_952' title='bbox 3141 5654 3233 5706; x_wconf 63' lang='grc' dir='ltr'>καί</span> <span class='ocrx_word' id='word_1_953' title='bbox 3251 5647 3652 5722; x_wconf 78' lang='grc' dir='ltr'><strong>ἀκριϐεστέραν</strong></span> 
     </span>
    </p>
   </div>
   <div class='ocr_carea' id='block_1_120' title="bbox 2027 5835 2571 5903">
    <p class='ocr_par' dir='ltr' id='par_1_120' title="bbox 2027 5835 2571 5903">
     <span class='ocr_line' id='line_1_120' title="bbox 2027 5835 2571 5903; baseline -0.004 -12"><span class='ocrx_word' id='word_1_954' title='bbox 2027 5837 2075 5869; x_wconf 85' lang='grc'><strong>⁹⁶</strong></span> <span class='ocrx_word' id='word_1_955' title='bbox 2113 5835 2290 5894; x_wconf 77' lang='lat' dir='ltr'><strong>Exod.</strong></span> <span class='ocrx_word' id='word_1_956' title='bbox 2333 5854 2445 5903; x_wconf 75' lang='lat' dir='ltr'><strong>xu,</strong></span> <span class='ocrx_word' id='word_1_957' title='bbox 2486 5837 2571 5890; x_wconf 81' lang='grc'><strong>18.</strong></span> 
     </span>
    </p>
   </div>
  </div>
