3884 6208
272 281 391 339 ωε)

1318 282 1385 337 IN
1416 280 1709 338 VIOANNIS
1738 280 2187 341 EVANGELIUM
2226 285 2355 342 LIB.
2399 287 2488 342 ιιι.

3408 289 3443 341 9.
3458 290 3529 342 Η)

272 409 389 460 om
414 404 659 460 δεδόσθαι
683 406 793 469 τοῖς
820 404 1195 475 ἀρχαιοτέροις
1212 447 1227 471 ,
1252 405 1341 459 ὅτε
1373 406 1611 477 κατέϐην
1642 408 1701 457 ὲν
1727 404 1855 458 εἴδει

1963 410 2338 480 cognitionem
2375 411 2589 482 potiora
2624 427 2746 467 esse
2774 411 2980 469 Christi
3008 411 3325 467 Servaturis
3350 413 3529 465 nostri

499 496 593 549 ἐπὶ
627 495 692 549 τὸ
731 496 856 566 ὅρος
897 494 958 547 τὸ
988 495 1161 558 Σινᾶ;
1217 494 1358 548 Πολὺ
1396 496 1505 566 γάρ
1546 496 1732 566 αὐχεῖν
1763 494 1855 546 ἐπὶ

280 588 456 658 τούτῳ
476 587 540 659 δὴ
567 587 803 658 μάλιστα
826 590 938 651 τοῖς
975 585 1247 649 Ἰουδαίοις
1290 590 1347 639 ὲν
1370 586 1501 641 ἔθει.
1546 584 1714 640 Ταυτὶ
1754 584 1855 656 μὲν

282 681 414 742 ἴσως
442 680 840 750 ὑπονοήσωμεν
868 678 935 731 ἂν
966 679 1124 748 τυχὸν
1159 677 1450 747 διειλέχθαι
1475 677 1708 750 Χριστόν
1730 693 1744 705 ·
1771 678 1853 729 ὅτι

278 771 327 824 δ’
353 766 445 823 οὖν
471 771 709 841 ἀμείνων
737 773 815 834 εἰς
849 770 1049 838 γνῶσιν
1075 770 1174 841 τὴν
1197 769 1291 823 τοῦ
1321 769 1455 822 Θεοῦ
1494 769 1587 822 καὶ
1617 768 1852 839 Πατρός,

274 865 316 931 ἡ
341 861 450 914 τῶν
483 862 799 932 παραδόξων
843 860 1096 925 ἐπίδειξις
1123 862 1217 914 τοῦ
1250 862 1498 931 Σωτῆρος
1536 860 1694 930 ἡμῶν
1722 860 1854 931 Χρι-

281 952 434 1017 στοῦ,
458 954 556 1024 τῆς
595 955 654 1006 ὲν
683 952 761 1022 τῷ
782 953 898 1021 ὄρει
926 953 1085 1023 Σινᾷ,
1133 952 1329 1023 χρῆναι
1353 952 1463 1004 δεῖν
1486 950 1854 1021 ὑπολαμϐάνω

276 1044 375 1097 καὶ
402 1043 495 1096 νῦν
518 1045 665 1114 ἡμᾶς
697 1043 996 1097 ἀοκνότατα
1026 1043 1224 1110 λέγειν.
1256 1044 1416 1114 Ὄψει
1454 1040 1565 1112 γὰρ
1593 1042 1736 1095 οὓτω
1762 1041 1853 1094 τὸν

272 1132 574 1198 Φίλιππον,
603 1133 1016 1204 παρακειμένης
1060 1132 1209 1204 αύτῷ
1242 1134 1341 1204 τῆς
1371 1131 1603 1203 ἀληθοῦς
1624 1132 1851 1197 εἰκόνος,

272 1224 378 1276 οὐκ
408 1223 723 1291 ἀναγκαίως
753 1224 1053 1294 αἰτήσαντα
1092 1225 1191 1293 τὴν
1233 1224 1588 1294 ἑτερότροπον
1616 1222 1853 1294 Θεωρίαν

273 1313 371 1367 τοῦ
396 1314 528 1367 Θεοῦ
564 1315 656 1368 καὶ⁵
685 1315 914 1386 Πατρὸς,
946 1317 979 1385 ἢ
1010 1316 1103 1367 καὶ
1138 1318 1250 1378 τοῖς
1285 1315 1665 1386 ἀρχαιοτέροις
1694 1313 1852 1384 ἐδόθη

268 1406 496 1460 κατὰτὸ
532 1407 657 1478 ὅρος
684 1408 834 1461 Σινά.
884 1406 1107 1475 Κατέὸη
1139 1407 1237 1477 μὲν
1260 1407 1370 1479 γὰρ
1411 1409 1526 1460 ἐκεῖ
1547 1407 1752 1478 Κύριος
1794 1408 1853 1460 ὲν

270 1500 406 1553 είδει
441 1502 646 1571 πυρὸς,
679 1500 823 1554 καθά
853 1501 1197 1571 γέγραπται,
1231 1499 1582 1572 θεωρούντων
1609 1500 1852 1570 δηλονότι

270 1592 382 1643 τῶν
411 1591 470 1656 ἐξ
508 1592 741 1664 Ἰσραήλ.
784 1592 920 1645 Ἀλλ’
946 1593 1047 1645 οὐκ
1077 1592 1174 1654 ἂν,
1209 1589 1361 1663 οἶμαι
1382 1632 1396 1656 ,
1429 1592 1512 1655 τὶς
1541 1591 1630 1645 διά
1656 1591 1847 1645 τούτου

268 1685 354 1746 είς
378 1684 583 1747 ἐννοίας
612 1684 833 1755 ἀληθεῖς
853 1684 1039 1739 ἐλάσαι
1069 1687 1200 1738 ποτὲ
1228 1686 1324 1749 τὰς
1354 1685 1482 1755 περί
1502 1683 1658 1745 Θεοῦ,
1682 1685 1849 1753 ἤγουν

269 1776 354 1839 είς
377 1774 476 1845 τὴν
501 1777 566 1845 τῇ
593 1773 808 1846 θεότητι
835 1776 1151 1847 πρέπουσαν
1183 1774 1531 1845 ἀναπηδῆσαι
1566 1774 1844 1844 διάληψιν·
1879 1756 1926 1815 Β

270 1862 390 1926 πῶς
418 1863 527 1934 γάρ
555 1863 688 1928 ὅλως,
716 1865 804 1918 διὰ
831 1866 1019 1937 πυρὸς,
1048 1866 1297 1937 καθάπερ
1322 1866 1428 1918 ἀπό
1456 1883 1599 1928 τινος
1623 1868 1849 1928 εἰκόνος,

270 1957 445 2025 ῐοιμεν
474 1956 539 2009 ἂν
571 1956 663 2009 ἐπὶ
692 1956 755 2009 τὸ
779 1957 1118 2027 ἀρχέτυπον,
1149 1956 1293 2009 τοῦτ’
1323 1956 1466 2019 ἔστι,
1518 1955 1611 2008 τὸν
1636 1956 1853 2026 Πατέρα

266 2049 366 2101 καὶ
395 2048 566 2113 Θεόν;
616 2049 848 2117 Ἀγαθὺς
880 2051 979 2120 μὲν
1023 2050 1131 2122 γὰρ
1173 2052 1201 2103 0
1230 2049 1362 2113 Θεὸς
1398 2051 1466 2120 τῇ
1512 2047 1704 2118 φύσει,
1759 2048 1853 2099 καὶ

270 2140 407 2210 πρός
435 2156 496 2206 γε
525 2140 698 2211 τούτῳ
728 2141 1090 2212 δημιουργὸς,
1123 2143 1189 2195 τά
1217 2142 1315 2194 οὐκ
1348 2142 1475 2194 ὄντα
1508 2140 1640 2193 ποτὲ
1671 2138 1852 2192 καλῶν

266 2227 353 2289 είς
377 2227 588 2295 γένεσιν
609 2266 625 2293 ,
672 2230 768 2282 καὶ
802 2231 1043 2301 συνέχων
1073 2232 1150 2294 είς
1180 2230 1239 2283 τὸ
1284 2226 1425 2283 εἶναι
1458 2228 1528 2283 τά
1559 2229 1734 2283 πάντα
1759 2229 1853 2281 καὶ

262 2318 585 2386 ηζωογονῶν,
638 2319 798 2382 αὐτὸς
824 2323 1016 2390 σοφία,
1044 2324 1137 2374 καὶ
1164 2320 1428 2389 δύναμις,
1458 2320 1696 2392 χρηστὸς
1717 2358 1732 2383 ,
1759 2319 1856 2372 καὶ

262 2412 590 2483 οἰκτίρμων,
620 2415 716 2466 καὶ
746 2413 1013 2485 ἐλεήμων.
1063 2412 1281 2467 Τούτων
1306 2414 1363 2466 δὲ
1386 2413 1449 2466 τὸ
1474 2413 1734 2483 παράπαν
1763 2412 1854 2464 οὑ-

269 2504 361 2557 δὲν
391 2505 447 2557 ὲν
476 2505 627 2577 πυρί.
698 2507 773 2559 Οὐ
800 2506 909 2577 γὰρ
962 2507 1029 2559 ἂν
1062 2504 1227 2558 οἴοιτό
1254 2521 1355 2570 τις,
1392 2504 1446 2556 εί
1474 2521 1539 2572 γε
1561 2503 1688 2556 νοῦν
1718 2502 1850 2573 ἔχει,

268 2597 541 2667 χρηστὸν,
589 2598 683 2650 καὶ
721 2598 1102 2669 φιλάνθρωπον
1145 2592 1284 2651 εἶναι
1309 2596 1372 2649 τὸ
1403 2596 1545 2668 πῦρ,
1588 2595 1706 2649 οὐδὲ
1738 2596 1855 2664 ἐρεῖ

267 2705 355 2751 τις
381 2690 701 2761 σωφρονῶν,
752 2690 827 2754 ὡς
858 2690 943 2761 εῐη
991 2690 1091 2760 μὲν
1129 2689 1557 2761 δημιουργικὸν,
1608 2689 1769 2757 σοφόν
1792 2705 1855 2742 τε

269 2781 369 2832 καὶ
395 2780 677 2848 ζωογόνον.
711 2776 843 2834 Είτα
875 2782 994 2845 πῶς
1027 2782 1091 2835 ἄν
1118 2799 1234 2847 τις,
1268 2781 1390 2833 εἰπέ
1424 2797 1544 2851 μοι,
1573 2780 1660 2834 διὰ
1683 2780 1855 2851 πυρὸς

271 2870 373 2934 τὰς
404 2872 531 2942 περὶ
562 2872 663 2941 τῆς
701 2872 939 2943 ἀληθοῦς
974 2871 1229 2943 θεότητος
1265 2872 1475 2935 ἑννοίας
1520 2871 1855 2939 συλλέξειεν;

267 2962 307 3031 ἢ
350 2962 467 3026 πῶς
500 2962 567 3016 ἂν
616 2967 675 3017 ὲν
721 2964 972 3034 ἐσόπτρῳ
1013 2965 1109 3017 καὶ
1152 2964 1435 3034 αἰνίγματι
1480 2963 1774 3034 θεωρήσειέ
1804 2981 1858 3017 τι

1958 501 2251 566 miracula,
2279 518 2445 572 quam
2478 518 2600 572 quae
2641 503 2696 558 in
2732 513 2914 557 monte
2948 501 3080 557 Sina
3108 501 3252 557 edita
3282 501 3527 564 fuerunt,

1956 592 2187 663 impigre
2241 610 2458 664 quoque
2516 610 2661 648 nunc
2719 594 2877 649 nobis
2935 594 3319 664 exponendum
3381 594 3530 648 arbi-

1956 695 2097 740 tror.
2150 684 2228 740 Ita
2285 702 2525 756 namque
2578 685 2791 740 videbis
2868 701 2979 740 non
3046 700 3277 740 necesse
3355 683 3527 738 fuisse

1950 779 2206 850 Philippo
2234 790 2314 840 ut.
2345 796 2470 833 cum
2500 780 2550 833 ei
2584 796 2709 834 vera
2743 781 2965 834 adesset
3005 780 3185 849 imago
3206 821 3222 844 ,
3252 778 3524 833 diversam

1952 874 2226 928 visionem
2274 871 2438 942 780
2482 870 2574 925 Dei
2611 887 2678 924 ae
2709 870 2891 924 Patris
2925 880 3168 940 peteret,
3203 885 3326 939 qua:
3354 876 3408 922 et
3437 884 3528 922 ve-

1954 966 2165 1020 teribus
2197 966 2322 1019 data
2360 972 2443 1019 est
2476 964 2542 1017 ad
2576 975 2816 1017 montem
2848 963 3002 1016 Sina.
3054 961 3345 1017 Descendit
3375 962 3525 1016 enim

1950 1058 2085 1111 illuc
2133 1056 2401 1111 Dominus
2448 1056 2503 1110 in
2538 1056 2721 1124 specie
2754 1055 2934 1124 ignis,
2988 1064 3048 1107 ut
3097 1055 3360 1123 scriptum
3405 1060 3526 1118 est,

1952 1146 2337 1215 spectantibus
2397 1145 2660 1199 nimirum
2719 1143 3014 1199 lsraelitis.
3052 1143 3158 1196 Sed
3219 1160 3415 1205 neruo,
3470 1152 3530 1195 ut

1954 1250 2101 1299 reor,
2139 1250 2235 1305 per
2264 1236 2367 1288 hoc
2398 1235 2465 1289 ad
2493 1249 2653 1289 veras
2674 1234 2741 1288 de
2762 1233 2874 1288 Deo
2896 1235 3154 1289 notiones
3182 1234 3487 1303 pervenerit
3507 1273 3521 1296 ,

1954 1335 2051 1380 aut
2075 1324 2141 1378 ad
2175 1324 2496 1394 Opinionem
2525 1323 2713 1377 deitati
2742 1332 3146 1393 congruentem
3182 1322 3521 1377 ascenderit:

1952 1416 2232 1489 quomodo
2262 1416 2407 1470 enim
2433 1456 2448 1480 ,
2484 1431 2672 1483 quaeso
2693 1455 2709 1479 ,
2740 1430 2838 1484 per
2869 1414 3049 1484 ignem
3081 1414 3229 1469 velut
3275 1416 3342 1468 ab
3386 1417 3525 1467 ima-

1950 1513 2077 1581 gine
2124 1509 2359 1579 quadam
2412 1510 2700 1562 veniemus
2764 1508 2833 1562 ad
2885 1508 3283 1579 archetypum,
3339 1507 3394 1562 id
3440 1518 3525 1563 est

1955 1602 2170 1657 Patrem
2206 1615 2271 1655 ac
2300 1598 2516 1653 Deum?
2548 1597 2733 1654 Bonus
2780 1597 3056 1669 siquidem
3106 1599 3248 1653 Deus
3298 1606 3383 1652 est
3423 1614 3525 1652 nas

1953 1704 2077 1749 tura
2100 1734 2115 1757 ,
2147 1706 2212 1746 ac
2243 1699 2506 1761 praeterea
2535 1690 2747 1759 opifex,
2774 1690 2867 1760 qui
2901 1690 2953 1743 iu
2981 1698 3162 1744 ortum
3193 1690 3377 1745 educit
3404 1705 3526 1758 quae

1955 1785 2254 1857 aliquando
2295 1800 2403 1838 non
2439 1794 2627 1848 erant,
2676 1798 2853 1853 eaque
2888 1783 2942 1837 in
2995 1798 3121 1838 esse
3154 1783 3400 1838 continet
3472 1791 3527 1836 et

1954 1878 2224 1939 viviticat,
2259 1875 2490 1943 ipsemet
2521 1872 2793 1943 sapientia
2840 1881 2896 1927 et
2951 1873 3152 1935 virtus,
3186 1873 3388 1935 bonus,
3416 1872 3525 1926 cle-

1954 1983 2110 2023 mens
2144 1976 2200 2021 et
2258 1964 2601 2020 misericors.
2638 1961 2845 2018 Horum
2872 1973 3061 2018 autem
3088 1963 3230 2017 nihil
3260 1973 3343 2017 est
3369 1976 3526 2031 pror—

1953 2076 2050 2115 sus
2085 2059 2137 2112 in
2173 2060 2317 2126 igne.
2354 2055 2521 2110 Nemo
2543 2054 2691 2109 enim
2729 2070 2898 2110 sanus
2918 2056 3099 2125 ignem
3124 2056 3328 2109 bonum
3350 2061 3405 2109 et
3426 2052 3529 2106 mi-

1955 2150 2289 2208 sericordem
2318 2164 2438 2203 esse
2469 2147 2575 2203 sibi
2618 2149 2995 2217 persuaserit,
3048 2163 3150 2202 nec
3200 2146 3420 2201 creandi
3476 2146 3527 2199 vi

1953 2243 2193 2314 pollere,
2233 2238 2676 2309 sapientiamque
2704 2246 2758 2293 et
2788 2240 2956 2291 vitam
2989 2238 3203 2308 largiri.
3241 2236 3528 2302 Quomodo

1956 2336 2143 2407 igitur,
2172 2349 2361 2404 quaeso
2380 2373 2395 2397 ,
2427 2348 2525 2402 per
2555 2334 2737 2403 ignem
2765 2332 2834 2387 de
2862 2348 2989 2386 vera
3041 2330 3334 2385 divinitate
3378 2329 3527 2381 noti-

1955 2429 2088 2483 tiam
2119 2425 2454 2495 eollegeris?
2479 2433 2577 2478 aut
2606 2424 2884 2494 quomodo
2914 2423 2969 2477 in
3013 2422 3239 2492 speculo
3284 2428 3340 2475 et
3388 2421 3529 2475 ιιιιιίι

1953 2529 2136 2592 gmate
2165 2519 2210 2550 ⁹⁷
2242 2516 2452 2588 aliquid
2487 2532 2680 2573 eorum
2734 2532 2858 2587 quae
2911 2518 2990 2571 illi
3044 2525 3251 2570 natura
3300 2515 3529 2581 insunt,

1956 2610 2297 2680 spectaveris
2321 2609 2345 2663 ?
2372 2606 2631 2675 Quaenam
2658 2623 2796 2678 ergo
2822 2607 2995 2669 ratio,
3031 2608 3212 2677 inquit
3232 2647 3246 2669 ,
3281 2613 3380 2659 aut
3409 2622 3531 2675 qua:

1954 2713 2127 2755 causa
2173 2698 2342 2753 Deum
2392 2697 2645 2767 impulit,
2678 2706 2738 2752 ut
2786 2698 2841 2751 in
2894 2708 3078 2751 monte
3125 2698 3255 2751 Sina
3299 2695 3529 2750 formam

1956 2791 2101 2862 ignis
2133 2791 2536 2859 assumpserit?
2558 2787 2974 2860 Respondemus
2999 2788 3168 2857 quod.
3200 2804 3325 2841 cum
3356 2786 3533 2842 Israe-

1957 2884 2069 2938 lita:
2093 2898 2159 2938 eo
2194 2884 2432 2938 maxime
2463 2892 2712 2952 tempore
2756 2882 2824 2936 ad
2872 2883 3129 2953 pietatem
3165 2880 3386 2934 institui
3420 2894 3533 2933 eo:-

1959 2974 2202 3045 pissent,
2230 2974 2470 3043 vitaeque
2508 2988 2622 3028 suae
2651 2974 2901 3042 regulam
2935 2974 3104 3042 legem
3139 2990 3168 3027 a
3200 2990 3307 3043 qua
3337 2972 3535 3039 dirige-

269 3054 380 3107 τῶν
410 3056 806 3125 ὲμπεφυκοτων
834 3059 1003 3127 αὐτῇς
1027 3056 1122 3119 Τίς
1147 3052 1243 3110 οὖν
1266 3057 1394 3126 ἄρα,
1421 3057 1604 3125 φησὶν,
1631 3058 1659 3109 0
1676 3055 1851 3123 λόγος,

1960 3073 2151 3121 rentur
2198 3064 2539 3133 assumpturi
2572 3073 2799 3130 essent,
2838 3064 3071 3118 decebat
3117 3072 3250 3118 tunc
3296 3061 3535 3117 maxime

270 3145 309 3214 ἦ
342 3146 467 3199 ποία
501 3146 691 3214 γέγονε
737 3146 1007 3217 πρόφασις
1054 3149 1131 3209 εἰς
1179 3144 1289 3216 πῦρ
1328 3143 1695 3199 ἀναπείθουσα
1727 3160 1856 3213 χρη-

273 3240 595 3312 ματίζεσθαι
623 3240 744 3313 [γρ.
774 3238 1237 3311 σχηματίζεσθαι]
1264 3239 1355 3292 τὸν
1375 3238 1512 3291 Θεὸν
1554 3239 1612 3290 ἐν
1638 3237 1716 3307 τῷ
1738 3237 1854 3306 ὄρει

270 3334 442 3404 Σινᾷ;
489 3333 752 3404 Ἔροῦμεν
786 3334 868 3386 ὃτι
894 3332 1212 3403 ἀρχομένων
1232 3332 1339 3384 τῶν
1369 3329 1429 3395 ἐξ
1463 3328 1699 3401 Ἰσραὴλ,
1734 3326 1857 3379 κατ’

269 3427 449 3480 ἐκεῖνο
496 3426 559 3497 δὴ
603 3426 835 3496 μάλιστα
878 3424 1102 3494 καιροῦ,
1145 3424 1243 3493 τῆς
1275 3426 1353 3486 είς
1385 3421 1669 3475 εὐσέϐειαν
1704 3419 1857 3472 παιδ-

271 3518 555 3586 αγωγίας,
595 3518 688 3570 καὶ
715 3516 907 3587 ὥσπερ
937 3517 1058 3570 τινὰ
1092 3516 1292 3569 κανόνα
1326 3512 1596 3567 ποιεῖσθαι
1634 3509 1855 3582 μελλόν-

270 3627 386 3663 των
433 3610 530 3678 τῆς
576 3610 783 3673 οίκείας
829 3607 973 3678 ζωῆς
1014 3608 1106 3661 τὸν
1156 3605 1543 3678 διορθώσεσθαι
1597 3603 1857 3675 μέλλοντα

274 3703 460 3771 νόμον,
479 3702 587 3754 ἔδει
608 3702 731 3754 τότε
760 3700 825 3771 δὴ
841 3700 1076 3770 μάλιστα
1093 3699 1361 3768 κολαστήν
1374 3715 1496 3749 τινα
1514 3698 1606 3748 καὶ
1629 3694 1859 3765 φοϐερὸν

275 3795 460 3857 αὐτοῖς
478 3793 764 3863 φαίνεσθαι
789 3793 879 3845 τὸν
899 3792 1052 3853 Θεὸν,
1082 3791 1169 3844 ἵνα
1185 3790 1381 3844 εἰδέναι
1407 3790 1581 3859 ἔχοιεν
1611 3789 1659 3841 οἱ
1687 3804 1860 3857 παρα-

276 3887 571 3950 ϐαίνοντες,
602 3888 684 3939 ὃτι
718 3885 855 3956 πρὸς
885 3883 995 3953 πῦρ
1028 3886 1057 3937 0
1088 3883 1241 3951 λόγος
1272 3883 1475 3944 αὐτοῖς.
1518 3879 1617 3934 Διά
1642 3879 1748 3950 γάρ
1776 3897 1858 3932 τοι.

277 3977 435 4031 τοῦτο
463 3979 558 4030 καὶ
585 3979 614 4030 0
662 3975 836 4044 μέγας
864 3974 1070 4043 Μωσῆς
1100 3977 1212 4036 τοῖς
1237 3973 1296 4039 ἐξ
1332 3972 1545 4042 Ἰσραὴλ
1574 3967 1856 4041 προσεφώ-

275 4088 358 4122 νει
388 4069 560 4137 λέγων
580 4085 595 4100 ο
624 4086 643 4118 ι
667 4067 724 4121 Ὀ
749 4066 880 4130 Θεὸς
912 4066 1069 4137 ἡμῶν
1110 4064 1221 4135 πῦρ
1252 4062 1644 4116 καταναλίσκον
1673 4061 1804 4113 ἐστί.
1832 4080 1854 4113 ι

276 4161 389 4213 Καὶ
417 4160 478 4212 οὐ
516 4159 580 4229 δή
614 4176 714 4211 που
741 4158 981 4229 φαίημεν
1021 4155 1085 4210 ἂν
1131 4156 1234 4218 ὅτι,
1279 4154 1376 4226 τὴν
1405 4154 1496 4205 τοῦ
1533 4154 1667 4205 Θεοῦ
1698 4152 1859 4221 φύσιν

276 4253 669 4324 ἐξηγούμενος,
710 4252 846 4322 πυρὶ
899 4250 1229 4320 παρείκαζεν
1255 4247 1415 4301 αὐτὸν
1462 4249 1490 4299 ὁ
1516 4245 1657 4298 οὕτω
1687 4242 1860 4313 σοφὼ-

276 4362 461 4408 τατος,
508 4344 758 4415 ὠνόμαζε
801 4342 857 4395 δὲ
901 4342 1045 4395 οὕτω
1089 4341 1180 4393 τὸν
1219 4339 1384 4403 Θεὸν,
1430 4337 1505 4400 ὡς
1556 4338 1619 4389 ἐκ
1658 4337 1860 4407 πολλῆς

1956 3156 2127 3213 Deum
2157 3172 2409 3212 severum
2438 3156 2709 3212 vindicem
2739 3171 2805 3211 ac
2831 3157 3130 3211 terribilem
3165 3157 3233 3212 iis
3259 3154 3444 3219 cerni,
3475 3164 3534 3208 ut

1958 3251 2105 3305 scire
2135 3255 2365 3319 possent
2397 3248 2854 3318 pravaricatores
2891 3248 2996 3302 sibi
3032 3264 3156 3302 cum
3188 3247 3315 3317 igne
3362 3247 3533 3301 ratio-

1957 3356 2084 3397 nem
2115 3355 2259 3395 esse.
2292 3337 2505 3393 Idcirco
2532 3338 2679 3393 enim
2712 3355 2945 3410 magnus
2984 3340 3075 3393 ille
3119 3354 3339 3408 quoque
3382 3338 3533 3411 Moy-

1959 3449 2049 3489 ses
2081 3431 2359 3487 lsraelitas
2388 3430 2796 3500 alloquebatur,
2822 3430 3020 3486 dicens
3047 3450 3059 3486 :
3090 3449 3109 3483 ι
3142 3431 3286 3485 Deus
3317 3438 3532 3495 noster,

1959 3526 2101 3596 ignis
2147 3539 2483 3579 consumens
2530 3531 2618 3578 est
2651 3522 2718 3577 ’⁸.
2753 3542 2770 3574 ›
2799 3521 2991 3593 Neque
3044 3540 3178 3578 vero
3227 3524 3536 3578 dixerimus

1958 3616 2238 3672 hominem
2274 3622 2427 3668 tanta
2456 3613 2733 3683 sapientia
2768 3615 3059 3683 praeditum
3096 3614 3264 3669 Deum
3315 3615 3424 3683 igni
3460 3615 3534 3667 si-

1958 3696 2147 3762 milem
2178 3705 2360 3761 facere
2382 3746 2398 3771 ,
2427 3704 2588 3774 quasi
2618 3720 2715 3775 per
2745 3705 2924 3775 ignem
2956 3707 3050 3761 Dei
3083 3716 3334 3759 naturam
3369 3708 3533 3759 intel-

1960 3800 2128 3871 ligat,
2163 3798 2259 3854 sed
2296 3799 2369 3851 ita
2400 3796 2574 3851 Deum
2628 3812 3018 3867 nuncupasse,
3073 3801 3219 3868 quod
3271 3814 3381 3867 prie
3428 3799 3535 3852 im-

1962 3908 2154 3946 menso
2186 3890 2311 3944 mali
2342 3889 2470 3944 odio
2496 3889 2676 3945 instar
2703 3889 2846 3961 ignis
2886 3890 3159 3944 umnivori
3207 3905 3538 3945 consumere

1958 3992 2014 4038 et
2044 3983 2277 4053 perdere
2309 3997 2421 4036 non
2453 3990 2713 4036 vereatur
2744 3983 2833 4036 sui
2876 3990 3311 4053 contemptores.
3363 3983 3537 4052 Igitur

1960 4094 2068 4131 non
2096 4093 2160 4131 ex
2195 4092 2260 4130 eo
2291 4074 2439 4146 quod
2482 4084 2568 4131 est
2610 4084 2811 4130 natura
2835 4114 2849 4138 ,
2893 4090 2959 4130 ex
3004 4077 3130 4145 igne
3164 4074 3305 4129 Deus
3332 4091 3537 4145 cogno-

1960 4170 2158 4231 scitur,
2193 4167 2289 4222 sed
2327 4166 2473 4236 quod
2507 4169 2582 4221 ita
2632 4177 2990 4237 nuncupatus
3035 4184 3099 4221 ac
3136 4170 3287 4222 visus
3317 4168 3427 4229 sit,
3469 4166 3537 4219 ad

1961 4262 2254 4315 utilitatem
2285 4260 2597 4314 auditorum
2626 4267 2970 4328 assumptum
2998 4268 3102 4314 est.
3138 4257 3339 4312 Eamus
3372 4258 3537 4325 igitur

1959 4353 2028 4407 ad
2070 4366 2252 4407 veram
2290 4358 2345 4406 et
2379 4350 2860 4406 accuratissimam
2906 4350 3083 4404 Patris
3121 4350 3536 4417 contemplatio-

277 4437 419 4505 ἄγαν
448 4436 843 4507 μισοπονηρίας
862 4475 877 4497 ,
912 4433 1083 4505 πυρὸς
1127 4432 1282 4502 δίκην
1312 4429 1404 4483 τοῦ
1440 4430 1741 4499 παμφάγου
1765 4430 1855 4481 δα-

1964 4460 2124 4506 nem,
2159 4442 2211 4495 id
2238 4450 2323 4496 est
2350 4441 2574 4497 Filium.
2602 4441 2745 4495 Eum
2774 4442 2920 4495 enim
2950 4442 3218 4512 genitoris
3244 4441 3535 4510 imaginem

278 4533 455 4601 πανᾷν
472 4548 529 4582 τε
555 4530 649 4582 καὶ
672 4528 980 4582 ἀναλίσκειν
1001 4527 1060 4578 οὐ
1090 4522 1528 4595 παραιτουμένου
1550 4524 1675 4585 τοὺς
1698 4539 1857 4575 κατα-

276 4620 607 4691 φρονοῦντας
651 4619 837 4673 αὑτοῦ.
891 4619 1003 4672 Οὐκ
1030 4615 1088 4681 ἐξ
1114 4608 1187 4668 ὧν
1212 4616 1327 4667 ἐστὶ
1355 4615 1494 4668 κατά
1520 4613 1702 4680 φύσιν,
1725 4614 1857 4678 θεὸς

278 4715 367 4768 διά
396 4713 568 4784 πυρὸς
600 4710 923 4782 γνωρίζεται
952 4726 964 4738 ·
1014 4710 1074 4763 τὸ
1101 4710 1157 4763 δὲ
1180 4707 1352 4769 οὕτως
1391 4705 1707 4776 ὠνομάσθαι
1762 4708 1857 4760 καὶ

276 4802 458 4876 ὦφθαι
489 4806 608 4859 τότε
637 4804 773 4875 πρὸς
813 4804 874 4857 τὸ
912 4806 1024 4866 τοῖς
1057 4800 1423 4871 ἀκροωμένοις
1470 4798 1676 4870 ἐλήφθη
1705 4799 1856 4851 λυσιο

279 4899 455 4961 τελές.
510 4898 709 4966 Ἴωμεν
753 4895 817 4964 δὴ
844 4894 1029 4947 λοιπὸν
1058 4894 1148 4945 ἐπὶ
1180 4893 1279 4963 τὴν
1307 4890 1479 4962 ἀληθῆ
1509 4892 1602 4944 καὶ
1632 4891 1856 4960 ἀκριϐε-

282 4989 485 5057 στάτην
516 4987 608 5041 τοῦ
651 4987 863 5057 Πατρὸς
905 4985 1136 5055 θεωρίαν
1158 5023 1172 5045 ,
1227 4985 1373 5036 τοῦτ’
1411 4983 1557 5045 ἐστι,
1587 4983 1676 5036 τὸν
1704 4982 1853 5036 Υίόν.

276 5080 479 5135 Είκόνα
500 5080 610 5150 γὰρ
636 5080 796 5132 αὐτὸν
828 5078 1074 5148 ἁψόμεθα
1103 5076 1195 5131 τοῦ
1219 5077 1577 5147 γεννήσαντος
1594 5116 1609 5137 ,
1636 5078 1748 5139 τοῖς
1772 5076 1858 5127 ἐν-

280 5172 430 5224 οὖσιν
464 5171 615 5242 αύτῷ
650 5170 1084 5239 πλεονεκτήμασι
1126 5167 1217 5219 τὸν
1249 5167 1348 5235 τῆς
1394 5166 1633 5227 διανοίας
1659 5167 1860 5235 ἐνερεί-

281 5282 473 5329 σαντες
516 5264 815 5335 ὀφθαλμόν.
892 5262 1119 5330 Ἀγαθὸς
1166 5259 1456 5329 τοιγαροῦν
1509 5260 1538 5311 ό
1589 5258 1720 5321 θεὸς
1763 5262 1858 5314 καὶ

280 5356 473 5428 Πατὴρ
500 5357 642 5410 κατά
670 5356 831 5424 φύσιν
851 5374 864 5387 ·
894 5354 1136 5407 τοιοῦτον
1161 5353 1291 5406 ὅντα
1318 5353 1522 5405 καὶτὸν
1543 5351 1671 5406 Υἰὺν
1696 5354 1858 5425 εὑρή-

283 5465 468 5517 σομεν.
522 5448 648 5510 Πῶς
676 5447 785 5518 γὰρ
813 5449 913 5501 οὐκ
950 5444 1189 5516 ἀγαθὸς,
1227 5447 1256 5497 0
1299 5442 1569 5512 τοσαύτην
1617 5445 1682 5496 δι’
1715 5447 1859 5515 ἡμᾶς

284 5540 579 5608 ὑπομείνας
600 5540 946 5605 ταπείνωσιν,
963 5538 1055 5593 καὶ
1075 5536 1241 5590 ἐλθὼν
1258 5538 1335 5598 είς
1357 5536 1448 5588 τὸν
1465 5536 1665 5606 κόσμον
1690 5538 1802 5607 άιια
1812 5555 1857 5608 p-

1960 4550 2087 4590 esse
2133 4533 2479 4597 videbimus,
2514 4533 2561 4588 si
2607 4533 2675 4586 ad
2724 4532 2844 4601 ejus
2889 4530 3290 4601 praarogativas
3336 4530 3538 4583 mentis

1959 4626 2181 4680 oculum
2220 4624 2600 4679 intendamus.
2644 4623 2832 4677 Bonus
2875 4622 3065 4692 itaque
3109 4620 3251 4676 Deus
3284 4637 3347 4674 ac
3381 4620 3536 4675 Pater

1962 4717 2266 4772 secundum
2304 4725 2561 4769 naturam
2629 4716 2791 4769 talem
2827 4730 2950 4769 esse
2991 4722 3046 4768 et
3088 4712 3286 4767 Filium
3318 4729 3535 4783 compe-

1961 4810 2189 4864 riemus.
2219 4807 2323 4874 Qui
2358 4807 2503 4863 enim
2548 4808 2727 4862 bonus
2773 4822 2882 4862 non
2919 4807 2991 4861 sit
3016 4847 3031 4869 ,
3066 4808 3156 4878 qui
3194 4815 3404 4859 tantum
3442 4820 3537 4874 pro

1963 4905 2126 4959 nobis
2144 4920 2202 4958 se
2230 4902 2541 4967 demisit,et
2565 4902 2619 4954 in
2645 4900 2907 4953 mundum
2930 4901 3098 4959 venit.
3135 4909 3192 4953 ut
3219 4909 3537 4968 peccatores

1963 4997 2145 5051 salvos
2176 4994 2402 5054 faceret,
2428 5008 2696 5060 suamque
2728 4993 2969 5046 animam
2998 5007 3095 5061 pro
3117 4992 3184 5046 iis
3217 4999 3436 5059 poneret
3458 4989 3539 5040 9’?

1966 5088 2127 5157 781
2163 5085 2364 5141 Potens
2393 5091 2480 5138 est
2533 5084 2697 5138 Pater
2724 5100 2740 5139 :
2795 5084 3051 5138 similiter
3081 5091 3134 5138 et
3164 5083 3354 5137 Filius.
3397 5081 3535 5144 Quid

1964 5180 2111 5232 enim
2145 5192 2266 5232 esse
2298 5184 2478 5246 potest
2517 5192 2584 5230 eo
2614 5176 2894 5245 potentius
2934 5175 3029 5245 qui
3076 5174 3363 5227 elementis
3406 5171 3537 5240 ipsis

1966 5272 2231 5339 imperat,
2266 5270 2359 5337 qui
2405 5283 2556 5321 mare
2597 5282 2661 5321 ac
2693 5276 2886 5322 ventos
2917 5268 3190 5335 increpat,
3226 5266 3317 5334 qui
3355 5280 3537 5317 rerum

1965 5371 2192 5415 naturas
2224 5359 2278 5413 in
2310 5358 2680 5427 quodcunque
2710 5359 2842 5413 velit
2869 5358 3224 5411 transformat
3255 5396 3268 5414 ,
3315 5358 3406 5423 qui
3463 5356 3535 5407 le-

1970 5467 2136 5522 proso
2168 5461 2224 5505 ut
2256 5452 2551 5505 mundctur
2577 5450 2763 5520 jubet,
2800 5466 2861 5505 ac
2890 5459 3160 5520 potestate
3195 5449 3306 5502 Deo
3335 5462 3536 5501 conve-

1970 5543 2138 5597 nienti
2169 5544 2330 5596 czrcis
2361 5542 2596 5595 officium
2632 5542 2847 5596 videndi
2882 5542 3164 5596 restituit?
3196 5540 3311 5594 Vita
3340 5553 3534 5592 serun-

358 5720 406 5752 "
435 5719 457 5774 l
491 5719 621 5776 Cor.
654 5736 775 5787 xm,
814 5720 896 5775 12.
975 5721 1021 5751 ⁸⁸
1052 5719 1205 5775 Deut.
1250 5735 1324 5786 tv,
1351 5718 1440 5775 ει.
1520 5720 1563 5751 ’ν
1601 5716 1805 5777 lJoan.
1844 5739 1854 5776 ι

1974 5725 2079 5792 16;
2116 5722 2133 5776 ι
2164 5721 2307 5778 Tim.
2345 5739 2394 5790 ι,
2434 5722 2519 5777 15.
