3892 6202
375 291 475 348 2H
1334 296 1389 351 S.
1421 294 1699 349 CYRILLI
1742 295 2219 353 ALEXANDRINI
2258 295 2579 353 ABClllEP.
2923 288 2927 289 ν
3540 288 3656 343 212

373 407 506 463 dum
538 418 796 464 naturam
828 420 911 467 est
938 410 1101 466 Pater
1132 430 1144 466 :
1172 412 1283 467 vita
1317 413 1505 467 itidem
1534 422 1589 468 et
1619 411 1823 478 Filius,
1858 414 1953 483 qui

2069 415 2264 480 τωλούς
2283 415 2473 475 σῶσαι,
2495 414 2590 467 καὶ
2620 408 2731 475 θεὶς
2754 410 2850 481 τὴν
2877 406 3056 480 ψυχὴν
3077 404 3242 461 αὐτοῦ
3266 402 3407 475 ὑπὲρ
3432 398 3612 456 αὐτῶν
3640 417 3656 461 ;

374 509 671 573 corruptos
700 504 975 569 vivillcat,
1011 514 1066 560 et
1108 507 1305 562 mortis
1336 506 1579 561 destruit
1622 507 1913 577 imperium
1941 546 1958 573 ,

2069 507 2293 570 Δυνατὸς
2324 507 2523 577 ὁμοίως
2556 505 2584 557 6
2613 502 2826 574 Πατὴρ,
2864 500 3036 563 οὕτως
3070 498 3182 570 ἔχει
3211 498 3310 550 καὶ
3335 498 3365 549 6
3390 494 3537 557 Υἱός.
3586 491 3660 546 Τί

372 603 428 649 et
484 606 737 654 mortuos
771 600 1103 655 exsuscitat.
1135 599 1268 656 .lure
1317 600 1486 669 igitur
1525 602 1591 656 ad
1641 600 1955 672 Philippum

2069 600 2169 672 γὰρ
2199 598 2266 652 ἂν
2288 598 2372 669 εἴη
2400 599 2460 652 τὸ
2480 597 2847 667 δυνατώτερον
2872 593 2966 647 τοῦ
2994 594 3088 646 καὶ
3118 592 3302 653 αὐτοτς
3335 588 3658 642 ἐπιτάττον-

373 688 451 739 ait
483 704 498 743 :
529 707 547 740 ι
582 687 687 755 Qui
729 691 870 745 vidit
912 706 1035 754 me,
1066 690 1202 744 vidit
1232 699 1288 747 et
1333 691 1576 747 Patrem.
1613 711 1631 745 ι
1661 691 1798 747 Nam
1830 708 1957 749 cum

2069 711 2160 756 τος
2175 695 2287 756 τοῖς
2303 690 2609 761 στοιχείοις,
2625 691 2718 744 καί
2744 688 2984 763 θαλάττῃ
3017 687 3115 756 μὲν
3140 681 3527 752 ἐπιτιμῶντος,
3559 678 3660 731 καὶ

372 779 470 834 tibi
500 782 863 853 contemplari
896 783 1059 839 liceat
1088 785 1140 837 in
1179 799 1266 840 me
1289 791 1343 839 et
1374 800 1439 839 ex
1477 800 1564 840 me
1591 783 1913 841 Genitorem
1934 825 1951 849 ,

2069 784 2399 856 πνεύμασιν,
2436 780 2938 852 ἁναστοιχειοῢντος
3002 778 3059 833 δὲ
3088 777 3225 846 πρδς
3253 776 3391 845 ὅπερ
3425 772 3491 826 ἂν
3529 770 3659 839 βού-

372 887 534 939 quem
565 873 733 928 alium
768 873 973 931 divina:
1001 876 1236 931 visionis
1268 876 1490 930 modum
1524 876 1796 946 postulas.
1828 892 1953 931 cum

2069 876 2206 930 λοιτο
2226 874 2335 927 τῶν
2365 873 2708 944 πραγμάτων
2735 874 2835 935 τὰς
2872 869 3085 939 φύσεις,
3123 868 3217 921 καὶ
3253 861 3657 935 καθαρισθῆναι

373 964 642 1031 potiorem
674 968 909 1024 sortitus
938 968 1016 1023 sis
1043 983 1209 1038 quam
1240 984 1362 1039 qua:
1387 969 1513 1022 data
1541 976 1626 1024 est
1654 969 1954 1035 veteribus,

2069 970 2166 1040 μέν
2195 969 2572 1029 ἐπιτάττοντος
2598 965 2676 1035 τῷ
2719 964 2907 1035 λεπρῷ
2925 1003 2941 1027 ,
2987 962 3048 1015 τὸ
3077 961 3133 1013 δέ
3173 959 3390 1030 βλέπειν
3420 955 3659 1016 διδόντος

371 1066 425 1108 et
449 1058 798 1113 verissimam
825 1058 1120 1131 imaginem
1142 1102 1157 1126 ,
1184 1076 1271 1117 me
1295 1062 1553 1116 nimirum
1577 1103 1591 1126 ,
1618 1071 1817 1116 nactus
1845 1062 1956 1118 sis?

2069 1064 2176 1122 τοῖς
2196 1059 2439 1128 τυφλοῖς,
2471 1059 2528 1110 ἐν
2557 1055 2778 1126 ἐξουσίᾳ
2809 1055 3136 1125 θεοπρεπεῖς
3174 1048 3296 1119 Ζωὴ
3329 1044 3471 1101 κατὰ
3492 1042 3658 1112 φύσιν

372 1149 401 1199 ὁ
420 1149 612 1220 Πατήρ
633 1166 648 1181 ⁸
675 1149 788 1221 ζωὴ
822 1150 986 1205 πάλιν
1019 1151 1137 1206 ἐστὶ
1162 1153 1256 1207 καί
1282 1155 1310 1206 ό
1333 1153 1482 1216 Υίὸς,
1511 1153 1791 1217 ζωοποιῶν
1821 1154 1948 1216 τούς
2010 1150 2521 1222 κατεφθαρμένους,
2563 1146 2659 1200 καί⁵
2697 1147 2759 1200 τὸ
2822 1144 2916 1199 τοῦ
2984 1142 3215 1196 θανάτου
3259 1132 3658 1205 καταστρέφων

372 1242 606 1309 κράτος,
648 1244 790 1299 διότε
844 1246 972 1310 τοὺς
1013 1247 1241 1319 νεκροὺς
1295 1247 1538 1313 ἀνιστάς.
1584 1249 1825 1312 Εἰκότως
1862 1245 1957 1301 οὖν
1989 1248 2099 1320 ἄρα
2128 1248 2262 1319 φησί
2292 1244 2429 1316 πρὸς
2469 1244 2735 1297 Φίλιππον
2759 1255 2773 1270 °
2818 1261 2835 1292 ι
2858 1242 2917 1293 '0
2947 1236 3209 1310 ἑωρακὼς
3248 1233 3370 1305 ἐμὲ,
3439 1228 3656 1300 ἑώρακε

372 1336 463 1387 τδν
492 1336 737 1409 Πατέρα·
788 1356 808 1391 ³
842 1338 993 1404 Ἕξδν
1028 1341 1137 1412 γάρ
1177 1357 1282 1403 σοι,
1323 1341 1509 1410 φησὶν,
1533 1336 1593 1395 εὖ
1632 1340 1775 1411 μάλα
1816 1318 2136 1413 περιαθρεῐν
2177 1318 2235 1392 ἐν
2270 1338 2393 1408 ἐμοί
2416 1353 2475 1390 τε
2536 1336 2631 1389 καὶ
2668 1333 2728 1399 ἐξ
2765 1331 2900 1403 ἐμοῦ
2950 1333 3042 1385 τὸν
3104 1327 3477 1398 γεννήσαντα,
3533 1318 3655 1374 τίνα

371 1426 578 1493 τρόπον
603 1426 792 1498 ἕτερον
814 1427 913 1499 τῆς
936 1428 1193 1495 θεοπτίας
1220 1432 1421 1495 αἰτεῖς,
1451 1431 1632 1485 καίτοι
1658 1431 1760 1502 τῆς
1792 1412 2042 1502 δοθείσης
2067 1430 2455 1503 ἀρχαιοτέροις
2498 1426 2602 1496 τήν
2645 1424 2861 1495 ἀμείνω
2902 1421 3105 1493 λαχὼν,
3154 1418 3252 1473 καὶ
3303 1412 3653 1486 ἀληθεστάτῃ

374 1515 683 1586 περιτυχὼν
712 1517 904 1585 εἰκόνι,
927 1519 1072 1574 τοῦτ’
1099 1521 1246 1574 ἐστιν
1275 1522 1398 1592 ἐμοί
1423 1540 1437 1587 ;

443 1607 582 1673 XIV,
615 1608 699 1665 10.
728 1607 853 1672 Non
882 1613 1056 1668 credis
1091 1614 1220 1685 quia
1261 1630 1353 1686 ego
1392 1615 1450 1668 in
1493 1614 1679 1683 Patre,
1714 1624 1762 1669 et
1796 1614 1959 1670 Pater

374 1704 425 1756 in
456 1718 537 1755 me
566 1704 683 1757 est?

446 1792 558 1864 Ego
591 1794 833 1865 quidem,
886 1795 1088 1868 inquit,
1128 1812 1163 1853 ο
1210 1798 1482 1872 Philippe,
1518 1802 1613 1873 qui
1675 1800 1959 1855 Gcnitoris
1992 1827 2035 1886 Β

374 1890 427 1941 ἰτι
461 1889 673 1959 meipso
717 1898 976 1944 naturam
1025 1891 1300 1962 exprime,
1328 1893 1512 1963 imago
1541 1909 1662 1948 sum
1697 1894 1960 1949 substan-

375 1981 470 2035 tiae
504 1980 646 2051 ejus,
696 1982 1082 2040 conformatus
1107 1983 1369 2039 nimirum
1410 1985 1479 2040 ad
1513 1986 1693 2050 illum,
1733 2000 1868 2046 non,
1903 1991 1962 2037 ut

373 2070 477 2124 silli
525 2072 775 2127 nonnulli
810 2072 1046 2145 lingunt,
1077 2082 1309 2130 externa
1353 2075 1551 2145 gloria,
1584 2092 1679 2132 seu
1718 2075 1962 2146 peregri-

377 2163 466 2217 nis
500 2173 553 2218 et
577 2165 839 2222 ascititiis
868 2165 1093 2222 dotibus
1123 2170 1487 2239 conspicuus,
1518 2169 1615 2225 sed
1645 2170 1699 2223 ill
1736 2168 1961 2239 propria

376 2261 571 2309 natura
614 2271 739 2326 quae
792 2258 1015 2327 propria
1064 2267 1194 2313 sunt
1227 2256 1507 2313 Geuitoris
1558 2257 1765 2321 ferens,
1794 2257 1962 2327 idque

374 2348 651 2404 Msistens
682 2365 812 2406 vere
842 2350 990 2421 quod
1023 2350 1133 2412 ille,
1166 2350 1496 2416 identitatis,
1546 2352 1798 2420 inquam,
1824 2350 1960 2405 sub-

376 2441 658 2497 stantialis
707 2442 944 2499 ratione.
984 2440 1068 2497 Tu
1114 2458 1244 2497 vero
1288 2441 1356 2495 ad
1398 2442 1514 2496 haec
1556 2456 1753 2495 rursus
1780 2440 1957 2503 dices,

376 2534 473 2587 tibi
505 2534 750 2589 nondum
796 2550 920 2590 esse
962 2550 1291 2605 persuasum
1327 2534 1475 2603 quod
1523 2549 1625 2603 ego
1653 2534 1874 2604 quidem
1904 2533 1957 2586 in

377 2624 539 2681 l'atre
568 2633 623 2681 et
659 2623 828 2681 Pater
869 2625 925 2679 in
966 2641 1051 2680 me
1089 2628 1181 2679 sit.
1219 2624 1386 2694 Atqui
1420 2624 1499 2677 vel
1536 2625 1842 2687 uolentem,
1872 2625 1959 2679 in-

374 2718 515 2795 quit,
558 2727 719 2790 coget
763 2726 816 2774 te
855 2718 1076 2773 demum
1126 2719 1213 2771 vis
1270 2726 1324 2771 et
1377 2717 1519 2771 ratio
1565 2718 1861 2778 dictorum,
1902 2725 1961 2771 ut

379 2813 505 2866 huic
539 2813 618 2868 rei
638 2812 980 2867 consentias.
1003 2811 1355 2883 Quapropter
1378 2827 1723 2881 quierunque
1744 2810 1957 2875 dixero,

375 2922 439 2960 «εει
472 2906 666 2975 utique
699 2913 831 2960 sunt
859 2904 1065 2971 Patris,
1094 2913 1148 2959 et
1182 2921 1532 2976 quaecunque
1566 2904 1769 2967 fecero,
1796 2902 1961 2958 Pater

377 2998 531 3051 lacit.
569 2995 694 3052 llaec
745 3006 927 3051 autem
978 2996 1056 3049 ait
1092 2994 1374 3062 Christus,
1404 3013 1516 3053 non
1564 3004 1831 3066 tanquam
1880 2995 1958 3048 al-

377 3090 553 3144 li-rius
605 3089 796 3144 forsan
843 3088 1025 3144 verbis
1060 3096 1246 3154 utens,
1287 3105 1467 3159 neque
1512 3087 1651 3142 adeo
1696 3098 1956 3155 tanquam

2141 1613 2221 1665 Οὐ
2248 1607 2574 1671 πιστεύεις,
2597 1601 2816 1671 ὅτιέγὼ
2843 1601 2914 1655 ἐν
2931 1600 3013 1668 τῷ
3036 1597 3245 1667 Πατρί,
3262 1602 3364 1652 καὶ
3395 1598 3429 1652 ό
3447 1595 3655 1665 Πατὴρ

2065 1705 2134 1759 ἐν
2159 1704 2290 1773 ἐμοί
2313 1703 2527 1763 eatur;

2150 1794 2292 1864 Ἐγὼ
2315 1795 2436 1867 μὲν,
2472 1795 2659 1865 φησὶν,
2682 1792 2728 1846 ὦ
2757 1790 3016 1850 Φίλιππε,
3040 1788 3140 1858 τὴν
3165 1785 3261 1840 τοῦ
3291 1783 3655 1856 γεννήσαντος

2064 1889 2226 1958 φύσιν
2254 1889 2311 1941 ὲν
2340 1886 2564 1957 ἐμαυτῷ
2588 1883 2984 1955 καταγράφων,
3007 1876 3172 1932 εἰκών
3187 1879 3305 1947 εἰμι
3331 1876 3429 1945 τῆς
3460 1873 3655 1935 οὐσίας

2064 1978 2252 2042 αὐτοῦ,
2311 1976 2747 2050 μεμορφωμένος
2805 1970 3048 2041 δηλονότι
3102 1968 3225 2021 κατ’
3280 1968 3509 2027 ἐκεῖνον,
3552 1964 3655 2033 οὐχ

2063 2071 2141 2134 ὼς
2196 2069 2263 2123 ἂν
2313 2069 2480 2123 οίοιτό
2506 2087 2610 2132 τις,
2646 2069 2771 2131 ταῖς
2801 2064 3001 2130 ἔξωθεν
3024 2061 3225 2126 δόξαις,
3252 2058 3370 2112 ἀλλ’
3406 2056 3527 2110 οὐδέ
3560 2055 3654 2119 ξέ-

2062 2177 2175 2223 νοις
2220 2160 2254 2231 ἢ
2298 2161 2557 2221 ἐπακτοῖς
2594 2155 3086 2229 λελαμπρυσμένος
3134 2150 3609 2220 πλεονεκτήμασιν
3635 2165 3652 2178 ·

2061 2253 2178 2307 ἀλλ’
2204 2255 2263 2306 ἐν
2290 2251 2395 2322 ἰδίᾳ
2421 2251 2581 2321 φύσει
2630 2248 2815 2322 φορῶν
2864 2247 2933 2301 τὰ
2961 2245 3055 2299 τοῦ
3109 2244 3476 2314 γεννήσαντος
3522 2239 3652 2303 ἴδια,

2064 2343 2342 2399 καὶτοῦτο
2389 2342 2652 2413 ὑπάρχων
2714 2339 2954 2409 άληθῶς,
2994 2339 3130 2409 ὅπερ
3157 2335 3222 2389 ἂν
3257 2333 3347 2404 εἴη
3375 2332 3651 2393 κάκεῖνος,

2064 2440 2206 2495 κατά
2226 2457 2290 2509 γε
2314 2437 2406 2491 τὸν
2420 2439 2477 2489 ἐν
2502 2432 2794 2504 ταυτότητι
2824 2431 3002 2501 λόγον,
3037 2433 3105 2500 τῇ
3128 2428 3248 2481 κατ’
3273 2426 3465 2480 οὐσίαν
3486 2422 3650 2494 φημί.

2064 2537 2136 2588 Σὺ
2165 2534 2274 2604 γὰρ
2308 2531 2375 2601 δὴ
2412 2529 2574 2584 πάλιν
2593 2528 2729 2599 πρὸς
2766 2524 2940 2579 ταῦτα
2969 2525 3113 2593 ἐρεῖς
3135 2537 3149 2550 ·
3184 2522 3244 2575 οὐ
3273 2518 3382 2590 γὰρ
3406 2515 3655 2584 διετέθης

2061 2628 2169 2697 ἄρα
2225 2623 2432 2686 λοιπὸν,
2460 2622 2535 2685 ὡς
2578 2619 2690 2689 ἐγὼ
2724 2618 2823 2689 μὲν
2857 2618 2916 2669 ἐν
2941 2615 3019 2686 τῷ
3062 2612 3263 2683 Ila-cpi,
3299 2613 3329 2663 6
3370 2607 3565 2678 Πατὴρ
3592 2605 3654 2661 δὲ

2061 2715 2128 2774 αὖ
2156 2717 2319 2773 πάλιν
2366 2715 2511 2768 ἐστὶν
2560 2716 2618 2766 ἐν
2672 2710 2816 2782 ἐμοί.
2871 2708 3088 2770 Καίτοι,
3138 2705 3233 2758 καὶ
3291 2702 3392 2772 οὐχ
3430 2700 3652 2761 ἑκόντα,

2062 2812 2248 2882 φησιν,
2286 2806 2604 2862 ἐκδιάσεταί
2645 2821 2705 2857 σε
2733 2802 2920 2855 λοιπὸν
2956 2798 3121 2871 ἡτῶν
3150 2795 3460 2866 εἰρημένων
3493 2791 3657 2845 δύνα-

2064 2880 2156 2975 μις
2178 2903 2258 2967 εἰς
2282 2902 2381 2972 τὴν
2412 2900 2505 2953 ἐπὶ
2534 2896 2711 2964 τούτῳ
2761 2892 3088 2946 συναίνεσιν,
3140 2885 3376 2951 Οὐκοῦν,
3420 2883 3564 2954 ἅπερ
3584 2880 3655 2939 ἂν

2062 2973 2230 3064 ιραίην
2274 2991 2408 3059 ἐγὼ,
2444 2988 2617 3042 ταῦτα
2649 2985 2714 3057 δὴ
2740 2986 2957 3045 πάντως
2999 2979 3116 3035 ἐστὶ
3149 2976 3243 3031 τοῦ
3280 2973 3519 3046 [ἰατρὸς.
3559 2974 3660 3026 καὶ

2061 3086 2206 3155 άπερ
2232 3083 2299 3137 ἂν
2334 3079 2682 3153 ἐργασαίμην
2732 3075 2864 3145 ἐγὼ,
2892 3076 2920 3127 6
2946 3072 3137 3143 Πατὴρ
3177 3064 3658 3141 ἐργάζεται.Φησὶ

374 3181 643 3253 propheta
677 3195 949 3253 supernas
978 3191 1032 3236 et
1060 3195 1087 3233 a
1115 3179 1279 3235 Patre
1314 3157 1567 3249 acceptas
1585 3194 1748 3233 voces
1777 3194 1954 3233 enun-

2069 3177 2115 3231 δὲ
2144 3174 2316 3228 ταῦτα
2346 3175 2375 3227 ό
2410 3170 2665 3241 Χριστὸς,
2702 3168 2801 3237 οὐχ
2824 3166 2899 3229 ὡς
2943 3166 3059 3227 τοῖς
3116 3161 3306 3232 ἐτέρου
3336 3158 3502 3228 τυχὸν
3525 3157 3661 3211 ἁποο

375 3278 521 3330 lians
551 3294 564 3330 :
598 3275 677 3329 illi
710 3275 857 3330 enim
893 3274 1269 3344 loquebantur
1298 3273 1526 3327 omnino
1557 3287 1680 3342 qua:
1711 3286 1809 3325 sua
1845 3286 1956 3325 non

374 3376 554 3429 erant.
588 3369 684 3424 sed
735 3368 859 3439 ejus
904 3370 999 3438 qui
1039 3366 1210 3421 dabat
1255 3374 1310 3421 et
1354 3364 1663 3434 iuSpirahat
1706 3362 1788 3417 eis
1838 3360 1955 3416 Dei.

375 3461 608 3517 lim-sus-
637 3471 820 3514 autem
873 3460 1143 3515 miracula
1189 3458 1335 3512 Patri
1380 3471 1484 3512 suo
1519 3454 1800 3516 attribuit,
1849 3468 1957 3507 non

375 3553 535 3622 quasi
564 3551 865 3605 adventitia
914 3557 1186 3621 potestate
1213 3564 1279 3603 ea
1336 3556 1539 3618 patret,
1575 3554 1637 3599 ut
1671 3544 1752 3597 illi
1802 3541 1959 3597 vidc-

377 3647 507 3698 liiret
558 3642 652 3713 qui
682 3641 943 3697 dicebant
979 3660 991 3695 :
1019 3662 1035 3692 ι
1058 3640 1241 3696 Nolite
1267 3641 1431 3694 nobis
1464 3637 1769 3699 attendere,
1799 3635 1960 3705 quasi

376 3747 566 3791 nostra
597 3735 799 3789 virtute
817 3740 911 3787 aut
934 3733 1140 3807 pietate
1172 3740 1437 3800 aegrotum
1458 3729 1848 3786 sanaveriulus
1868 3727 1909 3779 ¹.
1936 3746 1954 3777 ι

377 3829 572 3889 Sancti
611 3826 759 3881 enim
797 3826 848 3880 in
881 3825 1167 3879 miraculis
1206 3823 1434 3878 edendis
1466 3837 1575 3876 non
1615 3822 1805 3888 utique
1838 3834 1959 3881 sua,

376 3920 471 3973 sed
508 3918 600 3973 Dei
630 3917 838 3970 virtute
865 3914 1046 3970 solent
1078 3916 1181 3977 uti,
1213 3913 1453 3968 ministri
1474 3914 1618 3967 enim
1644 3911 1959 3964 divinorum

376 4026 697 4067 sermonum
740 4017 789 4063 et
817 4023 1043 4078 operum
1071 4022 1197 4061 esse
1230 4007 1666 4078 comperiuntur.
1686 4006 1959 4070 Quoniam

374 4120 507 4157 vero
536 4101 699 4174 782
737 4099 1238 4155 consubstantialis
1274 4106 1361 4153 est
1391 4096 1540 4152 Patri
1575 4097 1769 4157 Filius.
1810 4097 1962 4149 nullo

2060 3268 2399 3341 κεχρημένος
2432 3266 2693 3337 ῥήμασιν,
2725 3259 2851 3313 οὐτε
2897 3257 3004 3329 μὴν
3034 3255 3110 3319 ὡς
3150 3256 3209 3307 ἐν
3237 3253 3525 3323 προφήτου
3554 3249 3660 3304 τά-

2071 3361 2152 3429 ξει
2204 3360 2298 3414 καὶ
2335 3359 2521 3429 μέτρῳ
2564 3355 2662 3417 τὰς
2696 3352 2903 3408 ἄνωθεν
2960 3347 3052 3401 καί⁸
3098 3346 3251 3417 παρὰ
3300 3343 3516 3415 Πατρὸς
3540 3341 3661 3394 δια-

2063 3452 2389 3524 πορθμεύων
2414 3449 2628 3519 φωνάς·
2672 3445 2896 3497 ἐλάλουν
2925 3440 3036 3511 γὰρ
3080 3439 3141 3491 οὐ
3171 3438 3240 3490 τὰ
3270 3434 3485 3488 ἐαυτῶν
3502 3434 3657 3487 ἐκεῖ-

2061 3565 2140 3602 νοι
2171 3549 2411 3608 πάντως,
2446 3541 2582 3596 ἀλλὰ
2607 3539 2702 3593 τοῦ
2724 3537 2956 3597 διδόντος
2980 3551 3038 3587 τε
3074 3532 3167 3584 καὶ
3196 3527 3532 3599 ἐμπνέοντος
3553 3524 3659 3577 αὐ-

2060 3640 2171 3702 τοῖς
2194 3635 2353 3689 Θεοῦ.
2398 3630 2687 3701 Ἀπονέμει
2733 3628 2792 3681 δὲ
2844 3625 3007 3679 πάλιν
3052 3622 3129 3692 τῷ
3162 3621 3278 3689 ἰέίῳ
3330 3617 3512 3686 Πατρί
3548 3615 3666 3667 τῶν

2063 3728 2381 3802 παραδόξων
2442 3726 2542 3797 τήν
2597 3722 2843 3786 ἔκϐασιν,
2892 3719 2990 3787 οὐχ
3035 3716 3111 3778 ὼς
3159 3709 3383 3780 ἐπακτῷ
3426 3708 3664 3777 δυνάμει

2063 3800 2518 3891 θαυματουργῶν,
2544 3814 2667 3868 κατ’
2688 3812 2933 3873 ἐκείνους
2962 3805 3206 3878 δηλονότι
3223 3802 3349 3865 τοὺς
3370 3800 3658 3868 λέγοντας,

2063 3917 2145 3969 ὅτι
2176 3890 2347 3983 Ἧμῖν
2376 3910 2450 3981 μὴ
2479 3905 2774 3979 προσέχετε
2812 3903 2887 3966 ὼς
2925 3900 3031 3971 ἰδίᾳ
3053 3896 3305 3966 δυνάμει,
3338 3894 3371 3961 ἦ
3403 3890 3666 3961 εὐσεϐείᾳ

2063 3982 2519 4076 τεθεραπευκόσι,
2569 3996 2814 4070 δηλονότι
2856 3994 2947 4047 τὸν
2982 3992 3286 4061 κάμνοντα.
3331 3982 3666 4055 Κεχρῆσθαι

2066 4098 2173 4169 γὰρ
2198 4074 2315 4159 τοῖς
2337 4094 2515 4163 ἁγίοις
2563 4091 2684 4153 ἔθος
2720 4088 2821 4142 οὐκ
2861 4085 2970 4155 ἰδία
3004 4084 3226 4144 πάντως
3259 4078 3406 4149 ἰσχύϊ
3428 4076 3567 4147 πρὸς,
3592 4074 3665 4127 τὰ

375 4196 540 4251 modo
590 4194 660 4248 ab
707 4207 773 4248 co
821 4190 1123 4247 distinctus
1177 4198 1273 4242 aut
1318 4189 1596 4252 diversus,
1644 4204 1746 4242 sua
1795 4188 1961 4241 verba

2069 4167 2369 4260 παράδοξα,
2404 4186 2605 4256 μᾶλλον
2638 4182 2695 4235 δὲ
2721 4184 2786 4252 τῇ
2811 4177 2907 4232 τοῦ
2937 4176 3073 4229 Θεοῦ
3106 4194 3119 4207 ε
3146 4174 3385 4227 διάκονοι
3418 4169 3531 4239 γὰρ
3568 4167 3668 4221 καί

376 4290 561 4346 Patris
592 4288 759 4343 verba
785 4300 909 4342 esse
936 4284 1094 4347 dicit,
1121 4299 1230 4337 non
1255 4282 1404 4352 quod
1433 4282 1597 4336 Pater
1625 4281 1749 4335 aliis
1781 4278 1961 4335 verbis

2069 4282 2334 4355 ὑπουργοὶ
2351 4280 2526 4348 λόγων
2548 4294 2606 4329 τε
2624 4274 2756 4346 ὁμοῦ
2785 4273 2892 4327 τῶν
2923 4271 3083 4324 θείων
3136 4270 3232 4323 καὶ
3261 4264 3670 4338 ἐνεργημάτων

374 4392 567 4443 utatur
616 4396 782 4452 quam
823 4377 1027 4450 quibus
1078 4375 1274 4439 Filius,
1309 4374 1406 4430 sed
1462 4383 1516 4429 et
1569 4374 1623 4427 ill
1674 4372 1961 4441 majestate

2069 4372 2435 4443 εὑρίσκονται.
2480 4365 2702 4436 Ἐπειδὴ
2758 4364 2816 4416 δέ
2850 4360 3138 4432 ὁμοούσιός
3163 4361 3281 4411 ἐστι
3310 4356 3388 4427 τῷ
3426 4355 3608 4426 Πατρὶ
3637 4356 3669 4406 6

377 4490 606 4546 upcrllm
635 4444 879 4543 idipsuiii
908 4468 1210 4538 intelliges.
1240 4467 1411 4534 Quasi
1452 4467 1597 4521 enim
1638 4464 1775 4520 nihil
1811 4462 1961 4517 aliud

2069 4465 2219 4528 Υἰὸς,
2243 4464 2364 4517 κατ’
2414 4460 2603 4514 οὐδένα
2655 4456 2856 4528 τρόπον
2905 4452 3235 4506 διαλλάττων
3255 4491 3269 4514 ,
3330 4449 3523 4520 ἤγουν,
3587 4444 3671 4507 ὡς

2076 4560 2087 4564 ‘
2236 4558 2246 4564 ·
2366 4555 2388 4564 ··
2575 4552 2587 4564 ι
2762 4550 2776 4564 ι
2921 4549 2934 4564 ν
2981 4547 2995 4564 ε
3102 4545 3223 4564 χρη,
3254 4560 3295 4564 Α
3333 4538 3471 4564 ,τη-ι
3529 4556 3663 4564 η-.,-

377 4538 541 4629 Pater
576 4538 763 4618 facere
796 4570 994 4616 natura
1046 4574 1145 4614 sua
1198 4557 1374 4629 possit
1409 4573 1572 4626 quam
1609 4555 1755 4625 quod
1786 4555 1961 4625 possit

2070 4558 2327 4629 ἑτεροίως
2365 4555 2506 4626 ἔχων
2558 4552 2635 4615 ὡς
2682 4550 2819 4621 πρὸς
2872 4547 3060 4612 αὐτὸν,
3102 4545 3296 4613 λόγους
3330 4538 3472 4594 εἷναί
3526 4556 3667 4609 φησι

373 4667 430 4713 et
475 4657 647 4713 faciat
676 4654 875 4720 Filius,
914 4654 1038 4723 ejus
1080 4666 1249 4722 opera
1298 4665 1424 4704 esse
1464 4650 1562 4702 ait.
1612 4646 1785 4718 Finge
1814 4646 1960 4700 enim

2069 4649 2195 4711 τοὺς
2220 4647 2382 4708 ἰδίους
2404 4642 2498 4697 τοῦ
2536 4642 2770 4712 Πατρδς,
2801 4639 2878 4698 ὼς
2943 4638 3041 4706 οὐχ
3085 4635 3296 4705 ἑτέροις
3321 4632 3387 4686 ἂν
3415 4631 3513 4684 τοῦ
3544 4631 3666 4682 Πα-

376 4750 477 4811 tilli
511 4749 659 4803 hunc
682 4748 739 4803 in
772 4748 999 4802 modum
1028 4741 1389 4800 manifestius
1418 4742 1737 4811 loquentem
1778 4757 1791 4793 :
1827 4737 1961 4792 Sum

2069 4739 2193 4810 τρὸς
2219 4737 2567 4810 χρησαμένου
2597 4734 2799 4801 λόγοις,
2836 4732 2871 4799 ἢ
2910 4723 3107 4798 οἷσπερ
3137 4726 3203 4780 ἂν
3236 4729 3265 4779 6
3299 4725 3449 4787 Υἰός.
3500 4720 3667 4775 Ἀλλὰ

375 4841 615 4911 genitori
662 4853 761 4911 per
791 4837 976 4891 omnia
1024 4835 1246 4897 similis,
1291 4840 1346 4887 et
1398 4832 1581 4902 imago
1636 4830 1961 4885 substantiae

2069 4829 2165 4885 καὶ
2194 4831 2253 4883 ἐν
2275 4832 2340 4899 τῇ
2362 4828 2469 4882 τῶν
2496 4826 2672 4898 ἔργων
2693 4822 3075 4894 μεγαλειότητι
3110 4819 3327 4890 νοήσεις
3369 4813 3664 4875 ὡσαύτως.

374 4937 504 5003 ejus
540 4939 730 4999 ’,.llon
762 4942 988 4988 externa
1023 4938 1238 4985 tantum
1270 4929 1454 4998 specie
1477 4939 1532 4982 et
1572 4926 1861 4994 majestate
1886 4928 1961 4979 in-

2079 4923 2170 4985 Ὥς
2200 4920 2308 4992 γὰρ
2337 4919 2489 4973 οὐδὲν
2544 4916 2730 4986 ἕτερον
2788 4914 3035 4983 ἐνεργεῖν
3087 4910 3396 4979 πεφυκότος
3459 4922 3522 4958 τε
3568 4905 3671 4957 καὶ
3706 4918 3721 4942 ν

376 5000 574 5096 signis,
595 5025 691 5083 sed
732 5032 907 5082 totum
944 5024 998 5076 ill
1032 5022 1245 5093 meipso
1280 5021 1585 5090 genitorem
1625 5017 1835 5073 habens
1870 5031 1961 5087 per

2075 5014 2349 5085 ἰσχύοντος
2374 5011 2470 5065 τοῦ
2505 5008 2720 5079 Πατρός
2754 5007 2787 5077 ἢ
2834 5006 2973 5075 ὅπερ
3004 5005 3069 5059 ἂν
3082 5002 3253 5073 εἰδείη
3298 5019 3361 5053 τε
3392 5000 3493 5054 καὶ
3517 5000 3673 5069 ἐνερο

376 5119 722 5173 identitatem
755 5115 1103 5175 substantiae.
1146 5090 1160 5093 ᾔ

2072 5108 2194 5178 γοίη
2222 5106 2428 5177 τυχὸνό
2453 5101 2605 5165 Υἱὸς,
2628 5098 2794 5155 αὐτοῦ
2818 5098 2887 5153 τὰ
2909 5098 3047 5167 ἔργα
3074 5095 3263 5167 φησίν.
3314 5093 3522 5146 Ἐννόει
3552 5090 3668 5161 γὰρ

376 5212 603 5281 λέγοντα
633 5210 928 5280 φανότερον
951 5207 1124 5271 οὕτως
1150 5224 1164 5237 ·
1208 5206 1338 5277 Εἰμὶ
1362 5205 1440 5274 τῷ
1466 5203 1819 5273 γεγεννηκότι
1857 5201 1997 5255 κατὰ
2025 5205 2131 5254 πᾶν
2157 5202 2184 5254 ὅ
2213 5218 2263 5253 τι
2294 5196 2387 5253 οὐν
2418 5194 2687 5267 ἐμφερὴς,
2713 5192 2807 5245 καί¹
2839 5190 3006 5243 εἰκὼν
3035 5188 3137 5259 τῆς
3164 5186 3352 5247 οὐσίας
3368 5181 3563 5245 αὐτοῦ,
3599 5182 3666 5234 οὐ

380 5277 561 5374 μόνοις
581 5277 950 5376 ὼραῐζόμενος
1010 5303 1277 5373 σχήμασι,
1339 5301 1433 5354 καὶ
1483 5304 1605 5363 ταῖς
1651 5298 1851 5365 ἔξωθεν
1880 5297 2079 5362 δόξαις,
2124 5296 2238 5350 ἀλλ’
2262 5295 2382 5350 ὅλον
2410 5294 2547 5363 ἔχων
2582 5292 2635 5344 ἐκ
2689 5286 2868 5355 ἐαυτῷ
2944 5286 3036 5339 τὸν
3104 5283 3358 5352 φύσαντα
3413 5278 3505 5331 διὰ
3562 5277 3670 5347 τὴν

379 5399 474 5468 τῆς
500 5399 688 5461 οὐσίας
734 5397 1063 5467 ταύτότητα.

449 5458 589 5552 Ἦν,
622 5458 710 5543 ιὸ.
754 5488 922 5543 Verba
959 5458 1084 5557 'qute
1127 5507 1219 5561 ego
1275 5493 1484 5560 loquor,
1527 5506 1559 5541 a
1620 5490 1814 5557 meipso
1857 5502 1961 5539 non

2147 5479 2220 5532 Τὰ
2235 5475 2474 5547 ῥήματα
2505 5472 2544 5527 ἂ
2571 5471 2686 5542 ἐγὼ
2714 5466 2903 5529 λαλῶ,
2935 5463 3037 5518 ἀεί
3060 5461 3324 5531 ἐμαυτοῦ
3359 5462 3433 5514 οὐ
3466 5458 3663 5513 λαλῶν

387 5581 607 5647 ὀᾳιιονε
647 5581 809 5635 Pater
859 5590 1036 5633 autem
1090 5582 1144 5637 in
1212 5599 1292 5635 me
1350 5596 1590 5645 "canens,
1658 5581 1765 5648 ipse
1832 5579 1959 5647 facit

2069 5570 2231 5628 ἀλλὰ
2281 5573 2313 5623 ό
2372 5564 2573 5632 Πατὴρ
2615 5563 2683 5614 ἐν·
2721 5558 2849 5627 ἐμοὶ
2910 5553 3131 5625 μένων,
3167 5552 3354 5618 αὐτὸς
3380 5550 3546 5605 ποιεῖ
3596 5555 3671 5608 τὰ

379 5685 559 5732 σιέγα.

2069 5665 2226 5731 ἔργα.

454 5785 469 5817 ’
515 5787 624 5843 Mt.
664 5803 745 5855 lli,
784 5789 863 5843 1‘2.
945 5791 960 5818 ’
992 5786 1151 5843 llcbl'.
1195 5805 1228 5854 l,
1273 5790 1324 5844 5..
