3892 6202
246 303 361 359 213

1232 298 1296 354 ΙΝ
1333 299 1624 368 ,ιοΑΝΝιδ
1654 299 2112 357 EVANGELIUM
2152 302 2278 358 ΗΒ.
2319 304 2410 361 IX.

3388 314 3498 370 2”

322 421 388 475 Εί
420 418 529 490 γάρ
578 417 711 489 πρὸς
757 416 901 487 ὑμᾶς
936 435 1009 483 τι,
1047 419 1230 487 φησὶν,
1274 418 1589 490 ἐλάλησενό
1615 417 1825 487 Πατὴρ,

2002 416 2062 473 Si
2090 419 2239 474 enim
2271 418 2339 475 ad
2378 435 2493 485 vos,
2532 419 2732 490 inquit,
2764 421 2984 476 locutus
3022 429 3169 478 esset
3197 420 3359 478 Pater
3399 424 3501 477 alis-

248 515 462 577 τούτοις
515 514 716 576 αὐτοῖς,
784 510 972 581 ὥσπερ
1027 510 1140 579 ἐγὼ
1178 513 1317 573 νυνὶ,
1372 512 1475 565 οὐκ
1509 512 1578 566 ἂν
1621 512 1826 579 ἐτέροις

250 609 524 676 ἐχρήσατο
555 604 755 672 λόγοις.
825 603 1108 674 Τοσαύτην
1168 604 1279 674 γὰρ
1315 601 1423 673 ἔχω
1472 601 1608 672 πρὸς
1665 602 1828 655 αὐτὸν

250 698 483 767 οὐσιώδη
523 696 621 767 τὴν
678 696 999 767 ἐμφέρειαν,
1048 697 1125 759 ὼς
1178 695 1345 748 αὐτοῦ
1368 695 1466 759 τὰς
1497 696 1637 766 ἐμὰς
1688 691 1828 748 εἶναι

251 791 552 859 φωνὰςμαὶ
580 790 722 860 άπερ
740 788 805 842 ἂν
828 788 1010 859 δρῴην
1038 788 1357 857 ἐγὼ,ταῦτα
1381 787 1548 842 αὐτοῦ
1571 781 1826 841 πιστεύε-

254 888 380 937 σθαι
437 880 873 953 κατορθώματα·
952 882 1011 935 ἐν
1068 882 1194 951 ἐμοὶ
1246 881 1355 952 γὰρ
1415 880 1612 950 μένων,
1642 879 1730 934 διὰ
1767 880 1829 933 τὸ

251 972 671 1045 ἀπαράλλακτον
708 974 766 1025 ἐν
790 970 972 1042 οὐσίᾳ,
1013 971 1246 1024 ποιεῖτά
1279 970 1415 1041 ἔργα
1441 970 1622 1033 αὐτός.
1677 969 1830 1022 Ἐπεὶ

253 1067 350 1118 καὶ
382 1068 512 1135 μιᾶς
539 1065 705 1135 οὐσης
765 1064 867 1132 τῆς
921 1062 1173 1132 θεότητος
1204 1061 1262 1117 ἐν
1298 1079 1358 1115 τε
1387 1061 1564 1132 Πατρὶ
1595 1060 1690 1114 καὶ
1714 1060 1829 1130 Υίῴ

252 1160 348 1210 καὶ
381 1157 657 1227 Πνεύματι
707 1155 1028 1225 νοουμένης,
1081 1154 1225 1218 ἅπας
1272 1155 1371 1224 μὲν
1424 1154 1581 1222 λόγος
1620 1155 1650 1206 ὁ
1678 1154 1829 1223 παρὰ

255 1248 490 1319 ΙΙατρὸς,
512 1248 729 1310 πάντως
747 1246 863 1299 ἐστὶ
886 1246 954 1300 δι’
993 1246 1123 1299 Υίοῦ
1154 1247 1213 1299 ἐν
1252 1245 1530 1316 Πνεύματι
1552 1264 1564 1275 ·
1598 1246 1692 1299 καὶ
1721 1249 1829 1299 πᾶν

253 1340 437 1407 ἔργον,
463 1339 583 1409 ἦτοι
614 1337 1019 1409 παράδοξον,δι’
1052 1336 1183 1390 Υίοῦ
1212 1338 1269 1389 ἐν
1301 1336 1579 1407 Πνεύματι
1605 1377 1620 1401 ,
1651 1337 1829 1407 πράτ-

251 1429 407 1481 τεταί
434 1446 497 1495 γε
523 1427 650 1498 μὴν,
673 1427 749 1489 ὡς
786 1426 937 1497 παρὰ
956 1426 1189 1496 Πατρός.
1231 1425 1307 1477 Οὐ
1339 1424 1449 1494 γὰρ
1478 1423 1583 1489 ἐξω
1607 1424 1705 1494 τῆς
1735 1423 1829 1477 τοῦ

252 1523 617 1589 γεννήσαντος
640 1519 828 1582 οὐσίας
855 1519 1002 1571 ἐστὶν
1025 1520 1053 1571 ὁ
1072 1518 1216 1582 Υἱὸς,
1240 1517 1366 1571 οὐτε
1394 1518 1499 1590 μὴν
1525 1518 1585 1571 τὸ
1607 1517 1831 1588 Πνεῦμα

250 1615 311 1664 τὸ
345 1612 525 1678 ἆγιον,
580 1614 637 1664 ἐν
699 1610 847 1681 αὐτῷ
874 1610 931 1663 δέ
974 1610 1049 1663 ὣν
1078 1613 1114 1677 ὁ,
1164 1610 1492 1680 Μονογενὴς,
1520 1609 1659 1681 έχων
1685 1610 1741 1663 δὲ
1762 1606 1827 1665 αὖ

253 1704 417 1755 πάλιν
444 1704 501 1755 ἐν
526 1700 702 1772 ἐαυτῷ
731 1703 831 1754 τὸν»
870 1702 1124 1766 τεκόντα,
1165 1702 1327 1756 αὐτόν
1354 1718 1520 1772 φησιν
1547 1704 1789 1771 ἐνεργεῖν
1813 1720 1826 1733 ·

252 1793 483 1864 ἐνεργὴς
538 1794 646 1865 γάρ
701 1795 850 1846 ἐστιν
879 1797 911 1863 ἡ
947 1792 1042 1847 τοῦ
1090 1793 1303 1864 Πατρὺς
1349 1793 1530 1862 φύσις,
1561 1794 1743 1857 καλῶς
1774 1797 1832 1847 ἐν

254 1885 370 1955 Υἱῷ
396 1884 802 1955 διαλάμπουσα.
838 1885 973 1956 Φαίη
998 1885 1042 1939 δ’
1073 1885 1139 1939 ἄν
1164 1902 1248 1948 τις
1284 1887 1378 1938 ἐπί
1403 1885 1611 1949 τούτοις
1640 1886 1833 1957 ἐτέραν

252 1979 517 2043 διάνοιαν,
536 1976 637 2045 τῆς
674 1976 810 2047 μετά
847 1977 1050 2048 σαρκὸς
1093 1976 1405 2047 οἰκονομίας
1454 1976 1634 2041 καλῶς
1682 1978 1833 2049 αὐτῷ

255 2067 595 2139 χορηγούσης
618 2068 719 2132 τὰς
752 2069 1027 2139 ἀφορμάς.
1063 2084 1082 2117 ι
1131 2066 1249 2119 Ἀπ’
1271 2067 1511 2137 ἐμαυτοῦ
1572 2069 1703 2139 γὰρ,
1732 2086 1837 2139 φη·-

258 2164 362 2223 σὶν,
397 2163 461 2214 οὐ
505 2161 672 2225 λαλῶ,
713 2180 732 2212 ι
765 2162 888 2214 ἀντὶ
955 2158 1074 2224 τοῦ,
1128 2160 1188 2211 οὐ
1233 2159 1670 2231 μεμερισμένως,
1715 2160 1834 2213 οὐδὲ

256 2251 572 2322 ἀπᾳδόντως
599 2252 677 2322 τῷ
715 2252 833 2321 Θεῷ
879 2253 974 2305 καὶ
1032 2251 1227 2322 Πατρί.
1271 2250 1488 2320 Ἐπειδὴ
1511 2251 1618 2322 γὰρ
1651 2252 1709 2305 ἐν
1742 2251 1837 2304 ἁν-

256 2342 506 2413 θρωπείᾳ
533 2346 714 2414 μορφῇ
762 2346 873 2405 τοῖς
917 2342 1116 2411 ὁρῶσιν
1158 2341 1429 2409 ἐφαίνετο,
1454 2340 1741 2411 ἀνατίθησι
1769 2343 1834 2412 τῇ

256 2439 355 2505 τῆς
386 2435 640 2505 θεότητος
666 2434 826 2503 φύσει
854 2435 978 2499 τοὺς
1001 2433 1195 2487 ἑαυτοῦ
1229 2433 1441 2501 λόγους,
1473 2433 1548 2497 ὡς
1579 2434 1635 2485 ἐν
1669 2448 1837 2503 προσ-

259 2527 395 2595 ώπῳ
419 2526 515 2579 τοῦ
572 2525 808 2596 Πατρὸς,
863 2526 958 2579 καὶ⁹
1020 2524 1126 2596 μὴν
1156 2525 1251 2578 καὶ
1291 2524 1361 2577 τὰ
1387 2523 1523 2594 ἔργα
1550 2542 1562 2553 ·
1599 2523 1758 2593 μόνον
1780 2521 1837 2574 δὲ

258 2622 379 2690 οὐχί
411 2637 546 2690 φησι
568 2636 581 2649 °
611 2620 703 2691 Μὴ
732 2620 793 2672 τὸ
854 2620 1041 2691 σχῆμα
1067 2619 1219 2671 τουτὶ
1247 2618 1308 2671 τὸ
1345 2615 1706 2687 ἀνθρώπινον,
1740 2614 1840 2684 τὴν

261 2713 386 2780 ἐμοὶ
430 2711 747 2782 πρέπουσαν
809 2713 903 2765 καὶ
958 2710 1411 2782 χρεωστουμένην
1463 2706 1840 2780 παραιρείσθω

258 2804 534 2873 διάληψιν,
571 2803 706 2873 μηδέ
739 2802 1031 2873 ἀνθρώπου
1083 2801 1262 2871 ψιλοῦ,
1306 2801 1403 2854 καὶ
1436 2800 1554 2864 ἐνὸς
1579 2800 1689 2853 τῶν
1716 2799 1839 2853 καθ’

262 2896 409 2961 ὑμᾶς
432 2892 569 2947 εἶναι
595 2895 720 2957 τοὺς
742 2895 908 2963 ἐμοὺς
919 2894 1111 2961 λόγους
1140 2892 1471 2963 ὑπολάϐητε,
1494 2892 1630 2946 ἀλλά
1663 2890 1843 2955 θείους

260 2983 504 3054 ἀληθῶς,
561 2983 823 3053 καὶαύτῷ
872 2983 1182 3054 πρέποντας
1229 2982 1308 3054 τῷ
1337 2983 1532 3054 Πατρὶ,
1567 2982 1739 3048 οὕτως
1768 2984 1843 3047 ὡς

1928 510 2082 581 quid,
2115 511 2309 567 iisdem
2340 512 2480 581 ipsis
2510 514 2712 583 quibus
2742 530 2843 585 ego
2870 529 3041 577 nunc,
3065 530 3179 569 non
3214 514 3337 570 aliis
3363 532 3498 570 usus

1931 603 2112 658 verbis
2142 614 2307 660 esset.
2336 605 2573 659 Tantum
2609 606 2814 677 quippe
2847 607 3024 662 habeo
3068 622 3194 661 eum
3237 622 3304 662 eo
3345 608 3502 662 simi-

1930 694 2184 750 litudinis
2225 695 2631 760 substantialis,
2669 706 2729 751 ut
2752 713 2887 753 meae
2913 712 3077 753 voces
3109 697 3231 767 ejus
3268 698 3405 760 sint,
3445 706 3507 751 et

1929 804 2052 859 quae
2083 787 2228 844 facio
2275 804 2396 859 ego,
2425 789 2540 845 haec
2573 789 2695 858 ejus
2733 790 2877 844 facta
2917 790 3219 845 credantur
3253 808 3265 844 :
3310 790 3364 844 in
3413 805 3503 845 me

1929 881 2078 937 enim
2112 896 2364 946 manens,
2387 889 2611 953 pr0pter
2642 882 2985 937 identitatem
3012 882 3358 947 substantia,
3384 882 3502 952 ipse

1931 973 2063 1029 facit
2087 988 2276 1045 opera.
2307 972 2443 1029 Nam
2479 988 2607 1029 cum
2636 990 2750 1029 una
2793 975 2868 1029 sit
2901 974 2955 1028 in
2990 973 3153 1030 Patre
3182 984 3237 1030 et
3265 973 3409 1029 Filio
3444 982 3503 1030 et

1933 1066 2139 1136 Spiritu
2170 1065 2373 1129 deitas,
2415 1065 2600 1121 omnis
2630 1079 2812 1121 sermo
2865 1063 3045 1119 Patris
3080 1064 3269 1135 utique
3294 1073 3379 1119 est
3407 1079 3503 1134 per

1930 1157 2132 1211 Filium
2171 1157 2227 1211 in
2260 1156 2472 1228 Spiritu
2500 1174 2516 1218 ς
2542 1162 2594 1210 et
2621 1170 2787 1211 omne
2807 1170 2970 1225 opus,
3001 1156 3115 1210 sive
3144 1155 3501 1216 miraculum,

1932 1266 2031 1321 per
2076 1249 2277 1304 Filium
2332 1250 2388 1303 in
2441 1248 2673 1319 Spiritu,
2719 1247 2896 1318 agitur
2934 1258 3113 1303 tamen
3170 1256 3428 1319 tanquam
3473 1262 3505 1300 a

1930 1342 2113 1398 Patre.
2139 1340 2251 1397 Nec
2282 1343 2427 1397 enim
2480 1349 2636 1396 extra
2682 1339 2960 1396 Genitoris
3008 1341 3375 1396 substantiam
3420 1349 3506 1395 est

1934 1433 2130 1498 Filius,
2159 1449 2336 1503 neque
2363 1432 2499 1487 adeo
2528 1432 2768 1503 Spiritus
2808 1440 3058 1494 sanctus,
3088 1430 3186 1486 sed
3218 1431 3314 1500 qui
3345 1431 3401 1484 in
3434 1445 3503 1483 eo

1932 1536 2017 1584 est
2034 1526 2385 1598 Unigenitus,
2405 1524 2611 1596 quique
2633 1526 2799 1580 habet
2829 1540 3025 1580 rursus
3050 1526 3103 1578 in
3125 1523 3312 1594 seipso
3336 1522 3507 1577 Geni-

1934 1630 2131 1684 torem,
2158 1621 2339 1690 ipsum
2389 1620 2464 1673 ait
2495 1618 2737 1689 operari.
2770 1616 2970 1671 Emcax
3002 1617 3149 1672 enim
3199 1623 3285 1671 est
3324 1614 3506 1668 Patris

1934 1720 2159 1777 natura,
2189 1711 2245 1765 in
2287 1709 2427 1764 Filio
2461 1710 2721 1780 praeclare
2751 1710 3018 1764 emicans.
3055 1707 3209 1761 Alius
3242 1713 3506 1775 przeterea

1934 1820 2132 1861 sensus
2191 1802 2381 1859 afferri
2430 1811 2634 1873 potest,
2687 1815 2849 1870 quem
2900 1798 3307 1853 incarnationis
3363 1798 3511 1852 ratio

1933 1895 2221 1951 commode
2253 1894 2589 1965 suppeditat.
2628 1911 2647 1943 ι
2681 1891 2724 1945 Α
2751 1892 2985 1960 meipso,
3024 1890 3227 1960 inquit,
3261 1903 3372 1942 non
3424 1888 3508 1940 lo—

1933 2002 2098 2056 quor,
2148 2006 2166 2038 ι
2218 2000 2320 2055 pro
2370 1998 2437 2039 eo
2487 1983 2638 2053 quod
2696 1991 2802 2045 est,
2852 1995 2963 2034 non
3025 1978 3282 2041 seorsim,
3330 1990 3515 2044 neque

1934 2087 2128 2136 contra
2160 2078 2257 2134 Dei
2312 2092 2376 2132 ac
2408 2076 2587 2130 Patris
2624 2074 2908 2144 placitum.
2959 2071 3098 2138 Quia
3132 2071 3276 2125 enim
3313 2068 3370 2121 in
3402 2065 3509 2118 bu-

1936 2186 2100 2226 mana
2145 2168 2323 2224 forma
2369 2167 2688 2223 videntibus
2742 2164 3016 2234 apparuit,
3041 2162 3253 2216 idcirco
3285 2156 3511 2213 deitatis

1938 2274 2151 2320 natura:
2199 2262 2370 2318 verba
2415 2274 2516 2314 sua
2568 2256 2791 2322 tribuit,
2841 2265 3101 2325 tanquam
3156 2254 3210 2307 in
3273 2264 3506 2321 persona

1939 2354 2138 2419 Patris,
2168 2352 2468 2423 quinetiam
2496 2358 2552 2405 et
2582 2363 2853 2420 opera,ac
2880 2354 3092 2399 tantum
3125 2359 3234 2399 non
3270 2344 3347 2396 ait
3381 2359 3395 2395 :
3429 2336 3510 2395 Ne

1939 2444 2056 2499 hac
2103 2443 2278 2498 forma
2330 2441 2575 2496 humana
2624 2436 3087 2494 existimationem
3135 2433 3271 2488 mihi
3307 2448 3510 2487 conve-

1940 2534 2184 2589 nientem
2219 2544 2285 2587 ac
2316 2530 2558 2586 debitam
2591 2528 2813 2599 eripiat,
2854 2540 3038 2596 neque
3076 2523 3212 2578 nudi
3250 2522 3406 2577 vobis
3435 2521 3512 2574 si-

1940 2623 2092 2678 milis
2121 2621 2287 2676 unius
2319 2620 2558 2688 alicujus
2596 2616 2837 2674 hominis
2880 2629 3034 2670 meos
3072 2627 3356 2669 sermones
3385 2626 3513 2667 esse

1941 2715 2173 2786 putetis,
2220 2713 2317 2768 sed
2366 2727 2494 2767 vere
2544 2709 2785 2773 divinos,
2840 2707 3059 2778 ipsique
3116 2704 3512 2761 convenientes

1941 2805 2115 2869 Patri,
2140 2803 2366 2875 perinde
2401 2817 2467 2857 ac
2497 2802 2654 2857 mihi.
2676 2801 2947 2871 Operatur
2971 2804 3153 2852 autem
3185 2796 3242 2849 in
3274 2809 3361 2849 me
3397 2809 3515 2849 ma-

1942 2913 2080 2953 nens
2118 2898 2360 2967 :quippe
2390 2910 2513 2949 sum
2551 2895 2607 2949 in
2655 2893 2795 2962 ipso,
2836 2899 2891 2946 et
2932 2890 3049 2960 ipse
3103 2888 3159 2942 iu
3193 2902 3300 2942 me.
3335 2884 3516 2941 Nolite

1945 3003 2077 3059 ergo
2133 2988 2356 3043 credere
2412 2985 2695 3041 veteribus
2748 2991 3011 3052 tanquam
3066 2979 3329 3033 eximium
3385 2977 3517 3046 quid

261 3077 408 3146 ἐμοί.
464 3075 708 3147 Ἑνεργεῖ
728 3076 783 3130 δὲ
806 3077 865 3129 ἐν
897 3078 1021 3145 ἐμοὶ
1069 3076 1266 3146 μένωνο
1313 3077 1430 3147 εἰμὶ
1459 3077 1569 3148 γὰρ
1610 3078 1667 3129 ἐν
1694 3076 1843 3149 αὐτῷ

1948 3079 2111 3151 783
2143 3089 2198 3135 et
2231 3093 2490 3149 magnum
2520 3076 2708 3131 datum
2762 3089 2889 3131 esse
2936 3080 2997 3128 ut
3042 3072 3097 3126 in
3153 3069 3339 3141 specie
3376 3067 3519 3138 ignis

262 3169 359 3220 καὶ
386 3167 550 3230 αὐτὸς
608 3170 668 3220 ἐν
720 3169 863 3238 ἐμοί.
896 3168 988 3239 Μὴ
1009 3168 1209 3230 τοίνυν,
1259 3169 1448 3238 φησὶν,
1500 3168 1575 3232 ὡς
1607 3169 1748 3239 μέγα
1792 3187 1846 3222 τι

263 3264 360 3314 καὶ
392 3262 671 3331 ὑπερφυὲς
703 3263 815 3325 τοῖς
863 3261 1239 3332 ἀρχαιοτέροις
1266 3261 1511 3315 δεδόσθαι
1542 3262 1845 3329 πιστεύετε,

266 3355 362 3405 καὶ
394 3354 457 3405 τὸ
475 3353 600 3406 ἰδεῖν
630 3354 727 3422 μὲν
741 3352 817 3417 ὡς
835 3355 892 3405 ἐν
913 3353 1042 3406 εῖδει
1059 3353 1229 3423 πυρὸς
1250 3353 1340 3405 τὸν
1356 3353 1509 3418 Θεὸν,
1539 3353 1771 3408 ἀκοῦσαι
1793 3356 1850 3409 δὲ

267 3448 363 3498 καὶ
379 3446 568 3515 φωνῆς
581 3445 849 3517 λαλούσης
862 3445 1065 3508 αὐτοῖς.
1086 3445 1275 3509 Ὑμεῖς
1288 3445 1395 3514 γὰρ
1411 3445 1577 3509 ὅντως
1593 3444 1850 3498 τεθέασθε

264 3538 334 3590 δι’
366 3535 503 3607 ἐμοῦ
550 3538 645 3591 καὶ
674 3538 732 3591 ἐν
763 3536 889 3607 ἐμοὶ
921 3536 1014 3589 τὸν
1042 3536 1284 3607 Πατέρα,
1306 3538 1353 3589 εἰ
1371 3537 1466 3591 καὶ
1494 3538 1708 3608 πέφηνα
1731 3536 1850 3590 καθ’

267 3631 598 3703 ύμᾶς,Θεδς
652 3630 728 3684 ὢν
786 3631 927 3684 κατὰ
976 3629 1162 3699 φύσιν,
1219 3626 1382 3701 ἦλθον
1411 3628 1854 3700 ἐμφανῶς.κατά

268 3729 374 3796 τὴν
404 3726 503 3779 τοῦ
544 3725 851 3794 ψάλλοντος
916 3725 1123 3794 φωνήν.
1161 3723 1356 3776 ’ἰστέον
1388 3723 1445 3775 δὲ
1478 3722 1690 3775 ὅτιτῶν
1719 3725 1855 3792 ἡμε-

270 3820 329 3870 τέ
338 3834 449 3888 ρων
480 3816 814 3878 ἀκούσαντες
837 3814 1035 3882 λόγων,
1054 3813 1161 3866 τῶν
1191 3813 1294 3865 ὑπὸ
1328 3813 1538 3882 [ἰατρὸς
1560 3811 1850 3881 ἠκούσατε.

271 3910 484 3981 θεωροὶ
512 3909 568 3962 δέ
591 3908 850 3977 γεγόνατε
882 3908 976 3959 καὶ
1016 3905 1127 3959 τῶν
1164 3905 1361 3976 ἔργων,
1392 3906 1487 3959 καὶ
1511 3906 1610 3975 τῆς
1630 3906 1856 3973 ἐνούσης

276 4004 463 4074 ἰσχύος
490 4001 660 4072 αὐτῷ.
708 4001 787 4055 Δι’
820 3999 956 4069 ἐμοῦ
983 3999 1093 4070 γάρ
1125 3998 1275 4053 λαλεῖ
1300 3998 1418 4067 μὲν,
1453 3996 1527 4059 ὡς
1564 3996 1653 4050 διὰ
1683 3997 1854 4064 Λόγου

270 4099 369 4152 τοῦ
408 4096 562 4160 ἰδίου,
596 4093 855 4165 κατορθοῖ
870 4092 928 4147 δὲ
950 4093 1045 4146 καὶ
1073 4093 1287 4162 ἐνεργεῖ
1312 4090 1381 4145 τά
1408 4089 1683 4161 θαύματος
1706 4090 1854 4156 ἄξια,

274 4194 350 4250 ὡς
389 4190 478 4243 διὰ
515 4188 798 4257 δυνάμεως
830 4185 992 4239 πάλιν
1035 4183 1136 4253 τῆς
1162 4182 1376 4236 ἑαυτοῦ.
1405 4182 1529 4237 Ὅτι
1557 4182 1613 4235 δέ
1634 4186 1731 4253 τῆς
1763 4182 1856 4236 τοῦ

276 4282 494 4353 ιιατρδς
521 4279 711 4343 οὐσίας
732 4279 907 4341 οὐδεὶς
932 4278 1019 4340 ἂν,
1050 4273 1225 4345 οἶμαι,
1247 4276 1402 4343 λόγος
1436 4276 1704 4346 ἀποτέμοι
1727 4275 1858 4328 ποτὲ

276 4373 370 4424 τόν
403 4388 464 4423 τε
491 4370 684 4437 Λόγον,
717 4370 813 4421 καὶ
866 4365 965 4437 τὴν
1012 4365 1238 4434 δύναμιν
1277 4364 1483 4433 αὐτῆς,
1532 4366 1859 4434 ἐνυπάρχειν

1948 3171 2118 3226 Deum
2150 3170 2423 3233 viderent,
2449 3177 2504 3223 et
2529 3182 2719 3223 vocem
2759 3166 2842 3220 eis
2868 3166 3189 3235 loquentem
3240 3160 3516 3215 audirent.

1949 3263 2062 3319 Vos
2090 3265 2236 3320 enim
2267 3277 2461 3317 revera
2494 3259 2793 3330 spectastis
2842 3273 2940 3328 per
2980 3273 3065 3311 me
3094 3262 3150 3309 et
3200 3254 3256 3306 in
3296 3266 3384 3305 me
3412 3248 3522 3304 Ρο-

1948 3366 2111 3421 trem,
2141 3354 2364 3409 tametsi
2402 3354 2571 3407 vestri
2626 3350 2827 3405 similis
2879 3346 3133 3419 apparui,
3174 3343 3319 3399 Deus
3372 3341 3521 3396 exsi-

1951 3457 2103 3505 stens
2149 3445 2453 3501 secundum
2510 3452 2790 3506 naturam,
2836 3440 2965 3495 veni
3004 3435 3312 3499 manifeste,
3362 3434 3521 3503 j-uxta

1948 3540 2258 3596 Psalmistze
2284 3553 2471 3592 vocem
2488 3536 2833 3592 '.Sciendum
2860 3546 2986 3585 vero
3007 3529 3172 3599 quod,
3196 3542 3321 3583 cum
3355 3524 3522 3578 verba

1953 3647 2074 3687 mea
2105 3630 2452 3695 audiveritis,
2507 3629 2673 3683 verba
2708 3626 2871 3678 etiam
2914 3622 3090 3676 Patris
3127 3618 3383 3673 audistis.
3417 3615 3524 3669 Sed

1952 3732 2008 3778 et
2041 3730 2381 3792 spectatores
2410 3736 2636 3789 operum
2686 3727 2739 3772 et
2787 3714 3009 3769 virtutis
3038 3713 3160 3782 ejus
3190 3710 3391 3764 fuistis.
3422 3707 3524 3762 Per

1954 3830 2041 3868 me
2078 3815 2225 3867 enim
2276 3811 2542 3881 loquitur,
2576 3818 2636 3863 ut
2669 3824 2764 3878 per
2795 3822 2955 3861 suum
2984 3803 3224 3858 Verbum
3254 3820 3267 3868 ;
3312 3798 3526 3871 peragit

1957 3921 2085 3960 vero
2117 3912 2171 3958 et
2199 3902 2311 3957 edit
2333 3902 2621 3967 miracula,
2644 3908 2704 3952 ut
2734 3914 2829 3968 per
2851 3911 3004 3952 suam
3029 3908 3223 3949 rursus
3246 3895 3525 3947 virtutem.

1957 3995 2115 4062 Quod
2160 4006 2344 4049 autem
2391 3992 2539 4047 nulla
2584 3992 2779 4045 ratioa
2812 3988 3122 4044 substantia
3168 3984 3351 4037 Patris
3393 3980 3529 4034 Ver-

1956 4089 2109 4151 bum,
2142 4088 2373 4157 ejusque
2411 4085 2669 4139 virtutem
2701 4082 2992 4151 seiungere
3022 4078 3218 4149 possit,
3249 4074 3344 4129 sed
3376 4073 3430 4125 in
3465 4072 3539 4125 ea

1956 4182 2250 4239 exsistere,
2278 4186 2335 4230 ct
2389 4192 2417 4228 a
2452 4183 2647 4229 natura
2696 4173 2882 4228 inesse
2928 4172 3161 4242 quilibet
3192 4166 3295 4221 nisi
3330 4162 3530 4217 mentis

1959 4270 2147 4325 forsan
2196 4275 2393 4322 emota
2446 4264 2805 4319 confessurus
2870 4264 2962 4327 sit,
3014 4256 3375 4315 dubitandum
3420 4266 3530 4307 nou

1958 4370 2064 4419 est.

277 4467 359 4524 δὲ,
399 4465 495 4518 καὶ
527 4434 1100 4533 ἐμπεφυκέναινκατά
1150 4461 1312 4528 φύσιν
1348 4459 1485 4531 αὐτῇ
1511 4460 1618 4521 πᾶς
1656 4477 1741 4523 τις
1773 4455 1865 4513 οῦν
1904 4458 2311 4529 ὁμολογήσειεν,
2377 4453 2477 4505 οὐκ
2526 4449 2851 4520 ἀμφίόολον,
2916 4448 2965 4498 εἰ
3021 4445 3093 4515 μὴ
3141 4460 3224 4504 τις
3273 4440 3382 4509 ἄρα
3425 4434 3517 4504 εἴη

280 4556 581 4630 παραπλὴξ
606 4556 703 4626 τὴν
734 4556 992 4609 διάνοιαν.

726 4668 1123 4724 ΚΕΦΛΛΑΙΟΝ
1159 4668 1423 4721 ΜΟΝΟΝ.

282 4790 415 4841 Ὀτι
447 4787 545 4841 διὰ
593 4786 706 4851 τὴν
744 4785 1077 4850 ταυτότητα
1114 4782 1224 4847 τῆς
1257 4783 1495 4851 φύσεως
1518 4786 1550 4835 ό
1592 4783 1723 4846 Υἱὸς
1746 4782 1863 4849 μὲν

354 4860 423 4910 ἐν
449 4857 529 4920 τῷ
552 4848 734 4922 Harp!
753 4856 942 4919 ἐστιν,
974 4848 1007 4907 ὀ
1036 4854 1237 4920 Πατὴρ
1258 4848 1318 4905 ’δ’
1349 4848 1426 4906 αὖ
1469 4852 1655 4905 πάλιν·
1682 4848 1757 4905 ἑνί
1784 4851 1863 4915 τῷ

362 4926 474 4993 Υιῷ
493 4928 685 4981 ἐστιν.

357 5019 676 5073 Πιστεύετε
715 5016 802 5069 ὅτι
822 5014 937 5085 ἐγὼ
962 5015 1031 5067 ἐν
1056 5011 1136 5078 τῷ
1158 5013 1360 5082 Harp},
1383 5013 1480 5066 καὶ
1506 5016 1538 5067 ό
1561 5010 1764 5081 Πατὴρ
1794 5011 1864 5063 ἐν

282 5110 417 5179 ἐμοί
452 5108 624 5161 ἐστιν
643 5124 660 5172 ;

371 5197 703 5267 ’Δναφανδὸν
756 5196 857 5265 ἤδη
910 5193 1096 5265 φησιν,
1131 5193 1329 5262 μᾶλλον
1366 5191 1423 5244 δὲ
1458 5191 1553 5243 καὶ
1582 5189 1865 5243 ἐπιτάττει

283 5292 496 5355 λοιπὸν,
550 5291 633 5343 ὅτι
678 5290 945 5359 προσήκοι
990 5289 1207 5358 φρονεῖν
1254 5287 1353 5354 οὐχ
1401 5285 1600 5353 ἑτέρως
1626 5283 1798 5353 ἡμᾶς.
1831 5282 1867 5350 ἦ

285 5381 480 5449 ὥσπερ
510 5378 672 5439 αὐτὸς
717 5380 746 5430 ό
772 5377 873 5443 τῆς
900 5376 1159 5446 ἀληθείας
1195 5374 1434 5445 βούλοιτο
1476 5372 1668 5441 Λόγος.
1705 5372 1869 5443 Ὁμο-

256 5471 470 5547 ἶιούςςιος
501 5468 614 5539 γάρ
649 5469 766 5520 ἐστι
800 5466 879 5537 τῷ
932 5468 1047 5535 ἰδίῳ
1081 5468 1120 5518 Γ
1125 5468 1392 5537 εννήτορι,
1428 5462 1853 5534 μεσολαϐοῦντος

296 5562 574 5625 παντελῶς
591 5562 825 5622 οὐδενὸς,
855 5561 888 5631 ἢ
921 5560 1062 5616 κατὰ
1113 5577 1164 5614 τι
1208 5560 1337 5628 γοῦν
1372 5556 1755 5621 διακόπτοντος
1793 5556 1872 5619 εἰς

404 5742 421 5770 ³
464 5739 609 5793 l'sal.
641 5753 786 5801 χιιι,
819 5737 871 5791 5.

1891 4647 1938 4702 D

2468 4649 2703 4706 CAPUT
2746 4645 3038 4703 UNlCUM.

1972 4769 2127 4837 Quod
2154 4776 2364 4838 propter
2406 4765 2744 4838 identitatem
2786 4771 2995 4838 natura:
3020 4756 3201 4838 ilius
3247 4758 3316 4811 sit
3349 4758 3402 4810 in
3430 4754 3543 4809 Po-

2325 4849 2403 4891 tre
2458 4846 2507 4889 et
2539 4834 2703 4887 Pater
2734 4848 2916 4885 rursus
2946 4831 2999 4881 in
3025 4826 3190 4881 Filio.

2042 4999 2184 5066 XIV,
2218 4998 2308 5052 Η.
2343 4994 2467 5050 Non
2495 4993 2708 5047 creditis
2737 4990 2862 5060 quia
2892 5006 2983 5059 ego
3009 4989 3064 5041 in
3096 4986 3279 5053 Patre,
3307 4994 3356 5039 et
3386 4980 3547 5039 Pater

1969 5095 2024 5146 in
2066 5108 2146 5145 me
2181 5092 2299 5144 est?

2042 5184 2243 5253 Aperte
2269 5180 2383 5249 jam
2409 5177 2508 5242 ait,
2539 5177 2648 5229 imo
2675 5188 2807 5229 vero
2831 5172 2988 5241 jubet
3008 5184 3119 5225 non
3154 5168 3316 5223 aliter
3341 5166 3548 5221 sentire

1973 5291 2139 5348 quam
2186 5270 2466 5343 quomodo
2509 5268 2639 5322 velit
2688 5266 2932 5321 Verbum
2970 5263 3241 5318 veritatis.
3292 5258 3547 5314 Consul)-

1976 5366 2235 5424 stantiale
2273 5363 2418 5419 enim
2464 5370 2550 5416 est
2598 5373 2699 5415 suo
2732 5354 3004 5419 Genitori,
3032 5353 3181 5407 nulla
3230 5366 3291 5404 re
3328 5348 3547 5418 penitus

1979 5459 2294 5529 interjecta,
2330 5462 2427 5509 aut
2460 5468 2585 5522 quae
2641 5452 2873 5507 alterum
2912 5448 2982 5503 ab
3021 5446 3195 5499 altero
3234 5440 3553 5495 diversitate

1982 5551 2223 5609 naturali
2256 5553 2490 5620 separet.
2520 5543 2701 5601 Unum
2733 5544 2880 5600 enim
2914 5549 2998 5597 est
3025 5552 3148 5595 cunt
3180 5548 3265 5603 eo,
3294 5533 3367 5588 ita
3402 5540 3460 5587 ut
3494 5532 3559 5589 in.
