3892 6202
391 249 498 309 215

1366 256 1425 314 S.
1454 256 1734 317 CYRILLI
1764 257 2240 325 ALEXANDRIN!
2267 268 2569 327 ARCHIEP

3552 279 3675 338 33.8

390 371 680 428 Cenitoris
726 370 1037 429 substantia
1087 384 1284 430 natura
1330 374 1454 432 Filii
1487 389 1772 444 cernatur,
1807 388 1959 451 atquc

2079 383 2378 456 ἑτερότητα
2451 392 2690 460 φυσικὴν
2718 434 2735 458 ,
2819 393 3052 467 θατέρου
3126 398 3189 452 τὸ
3275 399 3480 470 ἕτερον.
3563 399 3664 467 Εἷς

389 463 673 537 eﬂ'uigeat,
712 466 1180 536 quemadmodum
1222 473 1279 523 et
1315 469 1368 523 in
1406 470 1568 526 nobis
1601 473 1785 528 videre
1820 474 1972 530 licet.

389 556 503 612 Nec
528 557 673 615 enim
704 556 799 611 alii
846 572 1043 614 sumus
1078 568 1279 616 natura
1321 578 1351 617 a
1383 565 1592 620 nostris
1638 566 1852 633 liberis,
1874 582 1975 623 nec

388 648 714 707 diversitate
748 652 987 706 naturali
1038 653 1110 708 ab
1152 654 1221 711 iis
1265 655 1659 728 disiungimur,
1685 660 1816 716 licet
1867 662 1973 720 alia

390 740 518 796 aliis
545 742 658 797 sint
679 757 747 797 ac
775 742 995 801 diversa
1021 758 1256 816 corpora
1287 765 1300 802 :
1328 748 1474 804 unde
1500 750 1560 803 iit
1585 758 1644 804 ut
1670 752 1766 820 qui
1799 752 1974 807 Abra~

390 831 538 889 hami
596 834 771 890 ﬁlium
822 836 1044 900 viderit,
1094 836 1315 894 beatum
1371 841 1552 913 ipsum
1599 841 1973 901 Ahrahamum

386 932 597 987 videat.
630 929 958 1003 Quanquam
999 932 1056 989 in
1092 931 1417 991 hominibus
1454 933 1678 1004 quidem
1715 951 1974 1008 magnum

390 1024 532 1079 forte
559 1030 647 1079 est
675 1023 1002 1089 discrimen,
1030 1039 1157 1080 cum
1186 1027 1575 1098 unusquisque
1607 1029 1975 1085 contrahatur

387 1115 797 1186 quodammodo
824 1126 881 1173 et
913 1115 981 1171 ad
1011 1117 1453 1189 singularitatem
1487 1135 1551 1176 se
1578 1121 1831 1192 recipiat,
1869 1138 1975 1178 nec

389 1209 532 1265 alius
563 1211 616 1264 in
645 1209 756 1265 alio
784 1217 1075 1275 cernatur,
1110 1225 1213 1266 nec
1240 1212 1381 1268 alter
1408 1213 1569 1269 alteri
1604 1214 1741 1271 insit
1773 1230 1973 1284 corpe-

392 1303 605 1369 raliter,
660 1304 790 1360 licet
845 1304 1160 1361 communis
1198 1306 1459 1362 omnibus
1513 1315 1777 1364 cernatur
1828 1310 1973 1365 ratio

388 1398 734 1452 substantiae.
773 1398 844 1452 At
877 1399 946 1453 de
975 1397 1088 1454 Deo
1115 1399 1426 1456 secundum
1469 1411 1725 1456 naturam
1765 1418 1974 1473 nequa-

385 1506 551 1556 quam
579 1491 653 1545 ita
687 1491 999 1549 censueris.
1043 1491 1274 1562 Eroprie
1314 1494 1462 1549 enim
1505 1510 1571 1550 ac
1615 1497 1973 1567 peculiariter

386 1578 553 1637 Pater
589 1589 676 1638 est
698 1581 884 1650 Pater,
922 1598 988 1640 ac
1017 1600 1128 1641 non
1158 1584 1334 1644 Filius
1368 1606 1383 1643 :
1418 1586 1595 1647 Filius
1620 1590 1749 1645 item
1785 1591 1879 1660 qui
1902 1607 1971 1647 ex

384 1688 453 1728 eo
482 1682 591 1739 est,
640 1674 839 1741 Filius,
879 1686 935 1734 et
983 1694 1094 1734 non
1148 1679 1353 1736 Pater:
1387 1681 1555 1755 m
1605 1692 1662 1738 et
1727 1684 1969 1756 Spiritus

385 1767 608 1835 proprie
643 1766 909 1838 Spiritus.
961 1771 1068 1826 Sed
1120 1772 1176 1827 in
1219 1787 1388 1827 unam
1438 1775 1665 1831 deitatis
1712 1785 1967 1833 naturam

382 1867 664 1914 contracta
712 1869 768 1916 et
809 1862 1046 1918 collecta
1089 1876 1282 1920 sancta
1315 1864 1610 1934 Trinitate,
1641 1885 1787 1924 unus
1824 1869 1970 1929 Deus

384 1951 548 2007 nobis
572 1959 678 2015 est,
711 1969 814 2010 nec
851 1955 1089 2012 alterum
1124 1959 1196 2013 ab
1237 1958 1412 2015 altero
1450 1960 1506 2015 in
1541 1969 1720 2025 totum
1770 1963 1852 2020 sic
1882 1980 1968 2021 re-

381 2040 578 2096 cedere
603 2041 752 2098 ullus
778 2043 1005 2112 dixerit,
1031 2056 1091 2101 ut
1140 2051 1378 2117 separati
1416 2051 1530 2106 siut
1575 2052 1648 2107 ab
1690 2053 1924 2110 invicem
1948 2073 1971 2120 ς

382 2130 480 2186 sed
510 2148 963 2207 unumquemque
988 2154 1111 2194 esse
1140 2139 1193 2194 id
1225 2141 1371 2209 quod
1416 2152 1501 2199 est
1525 2159 1590 2199 ac
1641 2145 1971 2215 indigitatur

383 2219 735 2293 hypostatice
784 2229 1086 2288 credimus.
1121 2233 1197 2286 Ex
1236 2232 1402 2290 Patre
1433 2251 1563 2292 vero
1586 2254 1713 2296 esse
1740 2238 1967 2307 Filium,

382 2313 436 2369 id
470 2325 651 2372 estex
707 2319 832 2389 ejus
876 2322 1213 2391 substantia,
1263 2341 1331 2382 ex
1383 2342 1563 2399 eoque
1615 2331 1969 2390 inel'l’abiliter

380 2409 724 2477 procedere,
767 2419 823 2466 et
877 2413 934 2468 in
983 2430 1050 2470 eo
1107 2432 1333 2474 manere
1388 2435 1703 2480 censemus.
1761 2424 1965 2482 Eodem

382 2498 549 2556 modo
579 2510 638 2557 et
676 2502 746 2558 de
779 2500 989 2575 Spiritu
1038 2519 1255 2565 sancto.
1289 2509 1386 2568 Est
1429 2515 1577 2569 enim
1623 2531 1688 2571 ex
1725 2516 1835 2573 Deo
1877 2534 1968 2575 se-

379 2593 625 2647 cundum
682 2602 943 2653 naturam
997 2614 1146 2665 vere,
1191 2601 1291 2657 sed
1345 2604 1665 2663 nullatenus
1716 2609 1789 2665 ab
1842 2611 1966 2682 ejus

380 2684 693 2741 substantia
745 2690 1058 2759 seiunctus.
1088 2693 1199 2749 imo
1242 2711 1373 2751 vero
1408 2712 1476 2754 ex
1518 2715 1585 2755 eo
1633 2704 1963 2773 procedens,

376 2784 435 2833 et
485 2778 541 2832 in
591 2794 659 2834 eo
711 2795 932 2853 semper
980 2799 1233 2852 manens.
1279 2789 1487 2861 quique
1534 2808 1632 2862 per
1681 2795 1962 2853 Christum

377 2869 591 2926 sanctis
618 2872 877 2927 traditur.
902 2872 1100 2932 Omnia
1134 2877 1342 2951 quippe
1381 2897 1479 2952 per
1511 2882 1709 2941 Filium
1747 2887 1802 2944 in
1840 2889 1967 2962 Spi-

2077 477 2187 549 γὰρ
2233 480 2351 534 ἐστι
2400 482 2539 553 πρὸς
2568 483 2752 549 αὐτὸν,
2783 486 2861 551 ὡς
2895 488 2955 541 ὲν
2988 491 3055 561 τῇ
3085 489 3179 544 τοῦ
3226 491 3477 557 τεκόντος
3501 494 3662 566 οὐσίᾳ

2074 571 2177 643 τὴν
2214 573 2312 631 τοῦ
2374 573 2506 629 Υίοῦ
2558 576 2935 648 διαφαίνεσθαι
2966 583 3149 650 φύσιν,
3189 584 3285 638 καὶ
3338 584 3398 639 ἐν
3440 589 3508 657 τῇ
3562 587 3660 642 τοῦ

2075 665 2415 736 γεννήματος
2469 668 2633 743 οὐσίᾳ.
2664 671 2765 744 τὴν
2806 672 2904 726 τοῦ
2932 672 3071 728 Θεοῦ
3103 674 3198 730 καὶ
3256 676 3471 749 ﬂat-pb;
3528 680 3661 750 ὁρᾶ-

2075 759 2202 814 σθαί
2239 777 2300 814 τε
2354 763 2451 817 καὶ
2508 763 2858 837 διαπρέπειν,
2937 767 3130 840 ὥσπερ
3182 769 3379 841 ἀμέλει
3440 772 3539 825 καὶ
3596 772 3664 828 ἐν

2073 853 2188 915 τοῖς
2216 853 2338 906 καθ’
2375 855 2522 926 ἡμᾶς
2552 855 2827 931 θεωρῆσαι
2848 877 2932 924 τις
2969 860 3055 915 ἄν.
3079 861 3155 915 Οὐ
3181 861 3291 931 γὰρ
3311 860 3490 933 ἕτεροι
3517 863 3659 917 κατά

2074 941 2240 1012 φύσιν
2273 945 2440 1015 ἐσμὲν
2470 946 2608 1017 πρὺς
2636 947 2704 1001 τὰ
2735 948 2795 1015 ἐξ
2824 948 3005 1003 αὐτῶν
3031 952 3368 1023 γεννήματα,
3401 952 3525 1006 οὔτε
3549 955 3659 1025 μὴν

2073 1035 2155 1098 είς
2169 1035 2559 1109 ἀλλοτριότητα
2593 1037 2930 1111 μεριξόμεθα
2955 1042 3214 1114 φυσικὴν,
3245 1045 3295 1097 εί
3319 1044 3415 1097 καὶ
3448 1047 3515 1116 τῇ
3545 1046 3663 1099 τῶν

2076 1129 2348 1198 σωμάτων
2367 1128 2649 1201 ἑτερότητι
2678 1131 3049 1206 διεστήκαμεν
3074 1150 3088 1164 ·
3124 1135 3317 1208 διόπερ
3349 1136 3448 1191 ἴδοι
3465 1154 3554 1202 τις
3588 1139 3659 1192 ἂν

2071 1220 2166 1274 τὸν
2192 1221 2463 1294 μακάριον
2497 1223 2748 1296 ’Δὸραάμ
2804 1229 2833 1280 ό
2895 1226 2990 1280 τὸν
3028 1228 3089 1294 ἐξ
3130 1230 3295 1284 αὐτοῦ
3325 1231 3660 1304 γεννηθέντα

2074 1315 2189 1367 υῖδν
2219 1315 2506 1387 ἑωρακώς.
2544 1318 2687 1372 Ἀλλ’
2716 1320 2813 1373 ἐπὶ
2843 1321 2943 1392 μὲν
2964 1321 3272 1394 ἀνθρώπων
3300 1324 3459 1394 τυχὸν
3482 1325 3652 1394 πολλή

2071 1408 2159 1472 τίς
2191 1409 2336 1463 ἐστιν
2381 1413 2415 1482 ἡ
2470 1412 2725 1484 διακοπὴ,
2790 1416 3218 1489 συστελλομένου
3274 1418 3480 1490 τρόπον
3533 1420 3657 1473 τινὰ

2072 1502 2168 1556 καὶ
2189 1503 2600 1576 ἀναχωροῦντος
2641 1508 3094 1579 μεμορφωμένως
3153 1509 3384 1564 ἑκάστου
3417 1511 3554 1583 πρὸς
3592 1513 3657 1565 τὸ

2075 1595 2221 1660 ἰδίως
2253 1595 2418 1667 ἔχειν,
2448 1599 2542 1652 καὶ
2568 1599 2875 1668 φαίνεσθαι,
2901 1601 2996 1656 καὶ
3038 1602 3141 1656 οὐκ
3176 1603 3558 1673 ἐμπεφυκότος
3577 1603 3658 1676 τῷ

2072 1692 2244 1764 ἑτέρῳ
2272 1692 2620 1763 σωματικῶς,
2644 1696 2693 1748 εί
2719 1696 2815 1750 καὶ
2836 1697 3014 1761 κοινδς
3047 1696 3251 1753 ἅπασιν
3274 1701 3303 1754 ὁ
3330 1698 3430 1770 τῆς
3467 1700 3657 1764 οὐσίας

2070 1785 2244 1857 ὁρῷτο
2266 1786 2444 1855 λόγος.
2487 1787 2610 1841 Ἐπὶ
2639 1787 2697 1841 δὲ
2724 1788 2861 1843 Θεοῦ
2888 1790 2983 1843 τοῦ
3015 1791 3159 1846 κατὰ
3192 1792 3356 1863 φύσιν
3378 1795 3656 1865 ἐννοήσεις

2070 1878 2170 1950 οὐχ
2199 1876 2394 1945 οὕτως.
2438 1880 2774 1946 Ἰδιαζόντως
2823 1882 2926 1953 μὲν
2950 1882 3060 1954 γὰρ
3093 1883 3284 1956 Πατήρ
3308 1886 3456 1938 ἐστιν
3482 1884 3511 1937 ὁ
3543 1886 3663 1958 Πα-

2069 1972 2194 2043 τὴρ,
2227 1971 2321 2026 καὶ
2352 1972 2449 2044 οὐχ
2475 1972 2605 2035 Υίός
2629 1990 2642 2005 ·
2677 1974 2771 2027 καὶ
2821 1974 2982 2030 πάλιν
3010 1975 3215 2044 ὁμοίως
3254 1977 3385 2041 Υἱὸς
3404 1978 3433 2030 ό
3469 1976 3528 2045 ἐξ
3557 1980 3657 2033 αύ-

2068 2062 2186 2125 τοῦ,
2215 2064 2307 2117 καὶ
2344 2065 2407 2118 οὐ
2471 2064 2681 2135 Πατὴρ.
2730 2066 2824 2119 καὶ
2861 2065 3086 2135 Πνεῦμα
3120 2067 3182 2121 τδ
3216 2066 3441 2140 Πνεῦμα
3487 2068 3651 2133 ίδίως.

2081 2155 2222 2211 Ἀλλ’
2261 2159 2342 2219 είς
2369 2157 2499 2228 μίαν
2563 2158 2821 2229 θεότητος
2877 2158 3041 2229 φύσιν
3093 2159 3384 2230 συνιούσης
3443 2177 3505 2216 τε
3558 2160 3655 2215 καὶ

2070 2250 2492 2322 συνειλεγμένης
2568 2250 2670 2322 τῆς
2724 2250 2883 2320 ἁγίας
2936 2252 2981 2305 Τ
2985 2252 3186 2324 ριάδος,
3252 2248 3336 2318 εἷς
3402 2254 3537 2318 Θεὸς
3594 2255 3667 2308 ἐν’

2067 2344 2220 2416 ἡμῖν,
2244 2344 2338 2396 καὶ
2360 2344 2460 2413 οὔχ
2483 2342 2775 2414 ὁλόκληρον
2817 2344 3035 2412 ἑκάστῳ
3085 2345 3194 2398 τῶν
3235 2346 3656 2416 σημαινομένων

2065 2432 2183 2502 δοίη
2211 2449 2296 2496 τις
2323 2431 2390 2486 ἃν
2432 2430 2533 2504 τὴν
2580 2434 2646 2486 ἐκ
2695 2430 2790 2486 τοῦ
2851 2434 3040 2506 ἐτέρου
3076 2434 3240 2505 τυχδν
3271 2435 3650 2508 ἀποφοίτησιν,

2065 2525 2174 2579 οὐδ’
2200 2525 2547 2597 ἀναχωρήσει
2589 2525 2891 2591 παντελῶς,
2919 2527 3000 2589 είς
3046 2525 3108 2580 τὸ
3131 2524 3268 2581 εἶναι
3311 2528 3663 2599 μεμερισμέι

2065 2633 2204 2681 νως·
2237 2616 2351 2670 ἀλλ’
2411 2612 2549 2670 εἷναι
2612 2616 2712 2687 μὲν
2757 2615 2993 2670 ἕκαστον
3029 2615 3177 2671 τοῦθ’
3231 2617 3371 2688 ὅπερ
3413 2616 3530 2670 ἐστι
3559 2617 3661 2671 καὶ

2064 2710 2487 2780 κατωνόμασται
2512 2711 2644 2782 παρ’
2682 2711 2817 2781 ἡμῖν
2881 2709 3267 2774 ίδιοσυστὰτως
3298 2709 3663 2781 πιστεύομενα

2076 2803 2171 2858 Ἐκ
2197 2802 2253 2856 δέ
2277 2801 2372 2856 τοῦ
2393 2803 2607 2872 Πατρὸς
2639 2801 2766 2855 ὄντα
2794 2802 2886 2856 τὸν
2911 2803 3057 2869 Υἱδν,
3094 2801 3239 2857 τοῦτ’
3256 2803 3423 2864 ἔστιν,
3462 2804 3527 2856 ἐκ
3555 2802 3665 2871 τῆς-

2062 2893 2249 2959 ούσίας
2275 2893 2461 2958 αὐτοῦ,
2513 2894 2574 2961 ἐξ
2617 2891 2785 2947 αὐτοῦ
2825 2910 2887 2948 τε
2929 2894 3215 2965 προελθεῖν
3259 2895 3537 2967 ἀρρήτως,
3593 2895 3655 2947 ἐν

373 2958 487 3015 ritu
529 2972 747 3018 sancto.
781 2962 935 3022 Hanc
961 2982 1066 3024 nos
1096 2968 1415 3042 dogmatum
1451 2984 1661 3032 rectam
1692 2958 1959 3039 rationem

2066 2986 2211 3058 αὐτῷ
2231 2958 2289 3040 τε
2319 2986 2501 3055 μένειν
2540 2958 2850 3056 ἐννοοῦμεν.
2906 2958 3013 3040 Τδν
3055 2986 3113 3041 δὲ
3143 2958 3532 3059 αὐτὸν-τρόπον
3558 2987 3659 3040 καῖ

376 3067 443 3109 ac
473 3055 762 3113 veritatem
807 3057 999 3114 docuit
1033 3070 1360 3119 sanctorum
1398 3066 1628 3124 Patrum
1665 3072 1959 3142 sapientia,

2066 3055 2198 3151 περί
2222 3079 2317 3133 τοῦ
2349 3079 2508 3147 ἁγίου
2565 3055 2905 3149 Πνεύματος.
2943 3079 3101 3133 Ἔστι
3134 3080 3234 3151 μὲν
3262 3055 3379 3152 γὰρ
3412 3081 3477 3133 ἐκ
3514 3077 3660 3133 Θεοῦ

375 3159 584 3216 perque
615 3162 807 3204 sacras
842 3149 1164 3220 Scripturas
1192 3154 1373 3210 edocti
1404 3172 1598 3216 sumus
1628 3161 1705 3216 ita
1749 3166 1959 3222 sentire

2066 3149 2158 3225 τοῦ
2184 3171 2326 3225 κατά
2347 3173 2511 3240 φύσιν
2539 3169 2778 3241 ἀληθῶς,
2836 3170 2951 3224 ἀλλ’
2980 3149 3280 3242 οὐδαμόθεν
3312 3149 3652 3243 μεμερισμέ-

373 3243 430 3289 et
464 3236 636 3308 loqui.
673 3237 830 3306 Quod
873 3249 1057 3297 autem
1093 3243 1162 3299 ad
1217 3244 1553 3319 inculpatam
1600 3252 1745 3310 hanc
1792 3256 1956 3313 fidem

2066 3281 2152 3320 νον
2194 3263 2296 3333 τῆς
2341 3236 2531 3326 οὐσίας
2576 3236 2765 3328 αύτοῦ,
2795 3262 2984 3335 προϊὸν
3030 3236 3325 3335 δὲμᾶλλον
3362 3236 3424 3330 ἐξ
3458 3236 3657 3328 αὐτοῦ,

374 3337 526 3386 recte
566 3333 941 3401 procedimus,
976 3335 1236 3391 ﬁduciam
1282 3349 1337 3394 et
1384 3340 1632 3398 animum
1691 3346 1958 3408 Dominus

2066 3354 2155 3409 καὶ
2178 3355 2237 3406 ὲν
2259 3352 2409 3422 αύτῴ
2444 3351 2605 3424 μένον
2638 3353 2749 3418 ἀεὶ,
2786 3333 3197 3425 χορηγούμενον
3222 3356 3281 3409 δέ
3320 3359 3433 3419 τοῖς
3476 3356 3656 3425 ἁγίοις

375 3421 551 3484 addit.
600 3423 905 3496 inquiens:
948 3445 968 3479 ι
1016 3427 1246 3486 Credite
1275 3432 1400 3503 quia
1445 3449 1547 3506 ego
1582 3436 1636 3492 in
1674 3436 1860 3509 Patre,
1902 3453 1958 3501 et

2066 3421 2646 3518 BtchX‘ptcroG'mdvta
2676 3421 2797 3519 γὰρ
2813 3421 2887 3500 δι’
2916 3421 3049 3501 Υίοῦ
3080 3449 3141 3501 ἐν
3165 3449 3449 3520 Πνεύματι
3487 3421 3651 3521 ἁγίῳ.

372 3513 533 3613 i‘atel'
561 3516 616 3613 in
638 3533 756 3613 tne.
799 3538 819 3571 ι
2071 3513 2293 3612 Ταύτην
2318 3540 2466 3611 ἡμᾶς
2486 3538 2584 3608 τὴν
2610 3513 2723 3592 τῶν
2757 3513 3062 3611 *δογμάτων
3101 3513 3371 3612 ὀρθότητα
3400 3542 3498 3596 καὶ
3521 3513 3651 3613 δὶλῆ-

371 3611 540 3707 θείανΔ
567 3610 808 3707 ἐδίδαξεν
843 3615 878 3687 ἡ
909 3614 1020 3669 τῶν
1059 3616 1232 3685 ἁγίων
1271 3619 1536 3692 Πατέρων
1583 3627 1797 3697 σύνεσις
1820 3651 1837 3665 α
1871 3636 2016 3692 οὕτω
2050 3610 2474 3705 πεπαιδεύμεθα
2521 3631 2707 3686 λαλεῖν
2747 3651 2809 3686 τε
2842 3610 2937 3688 καὶ
2980 3610 3198 3707 φρονεῖν
3227 3610 3324 3689 καὶ
3359 3634 3428 3689 δι’
3468 3610 3663 3689 αὐτῶν

369 3701 479 3755 τῶν
526 3703 689 3777 ἱερῶν
728 3706 1104 3778 Γραμματων.
1135 3710 1263 3767 Ὅτι
1287 3711 1345 3767 δέ
1388 3713 1513 3769 λίαν
1558 3717 1739 3792 ὀρθῶς
1773 3727 1869 3781 ἐπὶ
1903 3729 2111 3801 ταύτην
2154 3730 2280 3799 ἴμεν
2321 3701 2421 3798 τὴν
2461 3723 2812 3797 ἀλοιδόρητον
2851 3701 3060 3791 πίστιν,
3096 3725 3517 3798 παραθαρσύνει
3556 3722 3661 3777 λέ-νν

595 3800 836 3895 ιςύριοςῄ·
878 3822 897 3853 ε
932 3804 1248 3872 Πιστεύετε,
1278 3808 1363 3862 ὅτι
1411 3811 1523 3880 ἐγὼ
1562 3817 1621 3869 ὲν
1651 3818 1730 3890 τῷ
1761 3821 1969 3895 Πατρὶ,
1991 3800 2088 3881 καί
2109 3828 2137 3879 ὁ
2159 3822 2352 3894 Πατὴρ
2385 3823 2444 3875 ἐν
2478 3821 2623 3893 ἐμοί.
2659 3841 2679 3872 ›

440 3890 582 3956 XIV,
622 3892 708 3947 Η.
746 3893 983 3965 Alioqui,
1025 3910 1245 3968 propter
1283 3918 1449 3971 opera
1493 3906 1609 3974 ipsa
1666 3912 1797 3966 mihi
1846 3890 1951 3969 cre-

366 3985 498 4041 dite.

438 4081 639 4151 Aperte
680 4083 766 4139 bis
803 4085 990 4141 verbis
1022 4087 1098 4141 ait
1135 4103 1245 4143 non
1285 4105 1346 4146 se
1388 4090 1663 4150 facturum
1706 4114 1948 4171 unquam

367 4174 541 4233 fuisse
571 4187 927 4247 quantulum
946 4177 1149 4236 divina:
1179 4186 1566 4242 tantummodo
1588 4192 1957 4260 conveniunt,

366 4270 472 4324 nisi
525 4270 830 4325 secundum
885 4279 1142 4327 naturam
1193 4271 1340 4333 Deus
1385 4287 1553 4344 esset,
1585 4288 1643 4337 et
1683 4299 1751 4339 es
1806 4285 1945 4356 ipsa.

363 4361 503 4420 Vide
524 4379 694 4434 porro
718 4372 928 4436 quanta
960 4381 1086 4421 cum
1121 4369 1457 4428 certitudine
1483 4383 1538 4428 et
1569 4376 1801 4431 veritate
1835 4377 1951 4433 haec

364 4454 536 4509 dicat.
568 4454 679 4511 Nec
708 4456 853 4511 enim
882 4470 950 4512 ex
986 4456 1056 4512 iis
1094 4472 1217 4527 quae
1246 4457 1382 4515 dicit
1428 4471 1645 4518 tantum
1686 4466 1792 4521 sibi
1826 4468 1953 4524 lidei

2136 3917 2206 3970 El
2231 3913 2418 3983 δὲμὴ,
2451 3912 2549 3967 διὰ
2567 3913 2641 3968 τὰ
2665 3913 2808 3984 ἔργα
2833 3914 2987 3969 αὐτὰ
3014 3912 3331 3968 πιστεύετέ
3356 3929 3480 3983 μοι.

2136 4101 2445 4174 Διαρρήδην
2477 4098 2586 4169 γὰρ
2615 4097 2674 4149 ἐν
2689 4094 2904 4157 τούτοις
2937 4093 3123 4162 φησὶν,
3150 4091 3226 4154 ὡς
3247 4088 3357 4144 οὐδ’
3381 4088 3449 4144 ἂν
3480 4087 3648 4159 ἐργὰο

2066 4193 2365 4261 σαιτο,οὺδ’
2426 4190 2494 4246 ἂν
2555 4188 2812 4255 ἐξανύσαι
2869 4184 3091 4240 πώποτε
3145 4183 3214 4238 τὰ
3246 4182 3385 4256 μόνῃ
3415 4184 3482 4254 τῇ
3528 4180 3657 4254 θείᾳ

2063 4289 2345 4363 πρέποντα
2395 4283 2576 4353 φύσει,
2610 4280 2685 4352 μὴ
2718 4279 2838 4350 οὐχὶ
2865 4277 3009 4332 κατὰ
3041 4277 3204 4347 φύσιν
3240 4276 3523 4347 ὑπάρχων,
3553 4274 3648 4327 καὶ

2053 4381 2112 4448 ἐξ
2141 4379 2330 4449 αὐτῆς.
2356 4375 2467 4429 Καὶ
2492 4376 2593 4445 ὅρα
2624 4370 2743 4443 μεθ’
2788 4372 2920 4442 ὅσης
2958 4368 3260 4439 ἀσφαλείας
3288 4384 3349 4449 τε
3392 4365 3531 4437 ὁμοῦ
3553 4366 3648 4419 καὶ

2055 4444 2315 4542 ἀληθείας
2346 4466 2416 4520 τὰ
2442 4444 2669 4520 τοιαῦτὰ
2717 4479 2902 4535 φησιν.
2932 4461 3008 4516 Οὐ
3041 4461 3151 4532 γὰρ
3178 4458 3238 4526 ἐξ
3287 4444 3364 4514 ὧν
3401 4460 3468 4514 ἂν
3496 4457 3649 4527 λέγοι

364 4546 556 4604 haberi
604 4550 741 4612 vult.
771 4548 901 4604 licet
930 4550 1153 4605 mentiri
1199 4553 1437 4620 nesciat,
1478 4567 1749 4626 quantum
1779 4576 1847 4616 ex
1884 4562 1950 4619 iis

2066 4563 2309 4619 τοσοῦτον
2365 4560 2509 4627 ἀξιοῖ
2547 4555 2942 4621 πιστεύεσθαι,
2994 4553 3174 4608 καίτοι
3230 4552 3647 4657 ψεύδεσθασμὴ

362 4655 485 4710 qua
529 4639 683 4697 facit.
712 4640 892 4708 Quam
929 4641 1002 4698 ob
1046 4657 1299 4711 causam,
1338 4646 1549 4703 dicam.
1582 4648 1949 4713 Sermonibus

359 4733 508 4791 enim
549 4749 615 4789 ac
646 4733 830 4791 verbis
859 4734 969 4792 Deo
1011 4736 1479 4796 convenientibus
1522 4743 1626 4810 uti,
1650 4758 1717 4801 ac
1742 4756 1949 4804 temere

360 4827 631 4884 nonnulla
667 4826 973 4892 eliundere,
1002 4825 1238 4895 furioso,
1260 4832 1497 4904 exempli
1529 4837 1729 4906 gratia,
1758 4852 1824 4894 ac
1850 4840 1954 4895 de-

359 4920 529 4977 menti
588 4934 699 4975 non
747 4926 835 4975 est
882 4918 1107 4975 diliicile
1139 4940 1153 4976 :
1186 4936 1352 4992 opere
1392 4940 1528 4980 vero
1565 4941 1628 4983 ac
1669 4938 1946 5000 potestate

358 5011 470 5068 Deo
501 5010 852 5068 convenienti
900 5013 1028 5083 quis
1066 5021 1254 5069 utetur
1287 5030 1530 5087 unquam
1549 5019 1689 5075 ?au~t
1719 5023 1942 5079 cuinam

355 5112 620 5161 creatum
675 5119 831 5161 suam
881 5106 1109 5175 gloriam
1140 5104 1306 5162 Pater
1366 5109 1617 5165 tribuet?
1664 5112 1942 5184 Numquid

354 5199 500 5252 enim
538 5195 632 5252 Dei
690 5197 925 5268 gloriam
981 5212 1106 5253 esse
1167 5198 1408 5255 dicimus
1451 5212 1652 5256 cuncta
1704 5203 1946 5261 faciendi

354 5290 657 5359 potentiam
687 5305 755 5346 ac
783 5291 1068 5354 virtutem,
1088 5307 1213 5361 quae
1244 5292 1297 5346 in
1334 5292 1485 5347 nulla
1520 5295 1752 5350 omnino
1785 5312 1944 5355 crea-

354 5392 476 5436 tura
506 5382 615 5439 sit?
659 5381 1156 5450 Quocirca,volens
1191 5383 1449 5440 Christus
1479 5390 1818 5446 necessariis
1877 5401 1933 5449 et

354 5475 575 5530 invictis
604 5476 951 5546 argumentis
999 5490 1064 5532 ac
1094 5476 1674 5536 demonstrationibus
1719 5500 1778 5539 se
1809 5499 1942 5554 pro-

352 5566 495 5632 bari,
524 5582 591 5623 ex
626 5569 891 5637 operibus
933 5567 1071 5638 ipsis
1101 5566 1248 5622 credi
1297 5567 1458 5637 jubet
1490 5573 1670 5643 ipsum
1713 5577 1936 5647 quidem

351 5674 474 5715 esse
504 5660 560 5713 in
591 5658 776 5725 Patrc,
802 5670 858 5715 ct
890 5676 1088 5716 rursus
1132 5661 1186 5715 in
1236 5661 1422 5732 seipso
1457 5665 1658 5723 habere
1691 5667 1934 5733 Patrem.

353 5750 459 5804 hoc
506 5760 595 5809 est
624 5748 803 5806 i‘atris
833 5760 1089 5807 naturam
1123 5750 1176 5805 in
1214 5752 1436 5822 propria
1475 5753 1619 5812 ferre
1659 5758 1936 5816 cxsislcn-

2056 4655 2233 4719 εἰδὼς,
2262 4654 2388 4708 ὅσον
2438 4650 2499 4717 ἐξ
2549 4643 2627 4704 ὧν
2690 4649 2912 4720 ἐνεργῇ.
2957 4647 3070 4702 Καὶ
3107 4646 3195 4701 διὰ
3243 4646 3405 4700 ποίαν
3441 4643 3647 4708 αἰτίαν,

2057 4747 2189 4819 ἐρῶ.
2225 4747 2421 4815 Δόγοις
2478 4744 2579 4816 μὲν
2616 4743 2726 4814 γὰρ
2749 4740 2847 4795 και
2891 4741 3100 4813 ῥήμασι
3135 4740 3250 4802 τοῖς
3286 4737 3647 4810 θεοπρεπέσιν

2056 4836 2470 4911 ἁποκεχρῆσθαι
2497 4836 2686 4907 τυχὸν,
2706 4834 2801 4889 καί
2823 4850 2878 4887 τι
2894 4832 3004 4887 τῶν
3029 4830 3421 4906 ῥιψοκινδύνων
3445 4831 3644 4894 εἰπεῖν,

2054 4930 2209 5003 ἀνδρὶ
2239 4928 2563 5001 μαινομένῳ
2597 4927 2694 4980 καὶ
2752 4924 3128 4997 παραπαίοντι
3170 4921 3411 4995 χαλεπὸν
3449 4921 3642 4976 οὐδέν·

2053 5023 2201 5095 ἔργῳ
2225 5039 2289 5091 γε
2328 5020 2434 5093 μὴν
2459 5019 2554 5074 καὶ
2579 5017 2809 5090 δυνάμει
2832 5019 2898 5089 τῇ
2947 5016 3268 5088 θεοπρεπεῖ,
3299 5014 3387 5078 τίς
3412 5012 3480 5068 ἂν
3510 5012 3645 5085 χρή-

2054 5114 2207 5168 σαιτό
2223 5130 2351 5167 ποτε
2379 5131 2393 5180 ;
2420 5114 2691 5185 χαριεῖται
2722 5110 2781 5164 δέ
2801 5109 3027 5165 τίνιτῶν
3067 5109 3345 5182 γεννητῶν
3369 5108 3470 5180 τὴν
3502 5107 3649 5161 ίδίαυ

2049 5206 2208 5273 δόξαν
2238 5207 2267 5260 ὁ
2290 5206 2509 5276 Πατὴρς
2539 5204 2609 5257 Ἢ
2639 5202 2749 5275 γὰρ
2780 5203 2901 5274 οὐχι
2928 5202 3065 5256 Θεοῦ
3090 5202 3249 5269 δόξαν
3293 5197 3433 5256 εἷναί
3457 5217 3641 5273 φαμεν

2049 5299 2114 5352 τὸ
2166 5299 2347 5355 πάντα
2398 5297 2658 5352 δύνασθαι
2690 5297 2843 5368 δρᾷν,
2889 5294 2985 5349 καὶ
3040 5294 3449 5367 παντουργικὴν
3493 5293 3640 5364 ἔχειν

2055 5390 2232 5463 ἰσχύν,
2278 5390 2454 5444 οὐδενί
2498 5406 2563 5459 γε
2621 5388 2728 5461 μὴν
2758 5387 2931 5459 ἑτέρῳ
2956 5389 3266 5459 προσεῖναι,
3290 5386 3368 5458 τῷ
3393 5403 3452 5440 τε
3499 5384 3639 5449 ὅλως

2047 5483 2501 5555 ὲναριθμουμένῳ
2521 5484 2637 5546 τοῖς
2659 5482 2984 5553 κτίσμασιν;
3009 5478 3222 5534 Οὐκοῦν
3246 5480 3305 5544 ἐξ
3321 5479 3638 5546 ἀναγκαίων

2050 5592 2110 5629 τε
2138 5577 2274 5646 ὁμοῦ
2304 5577 2400 5630 καὶ
2429 5576 2845 5647 ἀναντιρῤήτων
2893 5570 3225 5638 ἀποδείξεων
3251 5572 3322 5626 τὰ
3354 5571 3476 5627 καθ’
3507 5572 3638 5625 sau—

2016 5653 2139 5721 τὸν
2164 5667 2556 5738 δοκιμάζεσθαι
2611 5669 2937 5739 βουλόμενος
2974 5668 3004 5719 ὁ
3052 5665 3307 5738 Χριστὸς,
3360 5663 3420 5730 ἐξ
3453 5664 3637 5718 αὐτῶν

2048 5760 2259 5816 κελεύει
2288 5760 2638 5818 πιστεύεσθαι
2672 5761 2782 5817 τῶν
2814 5761 3012 5834 ἔργων,
3041 5757 3115 5825 ὡς
3141 5756 3225 5830 εἴη
3255 5756 3354 5830 μὲν
3384 5755 3544 5822 αὐτὸς
3573 5757 3637 5812 ἐιν
