3884 6208
168 290 279 349 217

1230 292 1294 348 ΙΝ
1335 290 1623 349 JOANNIS
1659 286 2111 344 EVANGELHIM
2149 286 2277 365 LIB.
2311 285 2402 341 IX.

3350 271 3457 329 218

167 406 372 479 Ilath,
410 406 524 478 ἔχει
548 406 605 461 δὲ
638 403 705 462 αὖ
732 408 893 463 πάλιν
928 412 984 463 ἐν
1003 409 1178 481 ἐαυτῷ
1202 411 1294 463 τὸν
1334 408 1579 480 Πατέρα,
1618 406 1761 460 τοῦτ’

1876 406 1965 472 tia,
2017 417 2075 460 ut
2109 372 2201 475 ιιιιί
2240 405 2313 459 sit
2343 418 2471 457 vera
2513 416 2578 454 ac
2631 398 2883 471 legitima
2910 395 3109 464 proles,
3145 400 3204 446 ut
3240 390 3457 446 fructus

166 499 310 563 ἔστι,
339 499 438 569 τὴν
459 500 553 555 τοῦ
590 502 803 574 Πατρὸς
822 502 982 572 φύσιν
1005 505 1061 556 ὲν
1089 504 1323 575 ὑπάρξει
1352 504 1417 573 τῇ
1446 503 1553 573 ἰδίᾳ
1584 503 1759 571 φορεῖ,

166 591 248 656 ὡς
282 594 507 662 γνήσιον
551 592 819 665 γέννημα,
874 595 950 658 ᾡς
1001 596 1209 666 καρπὸς
1241 594 1477 665 ἀληθῶς,
1524 594 1598 656 ὡς
1635 594 1765 657 Υἱὸς

166 685 236 737 ἐκ
262 685 476 757 Πατρὸς
507 686 764 757 πεφηνὼς
807 688 1082 757 φυσικῶςι
1140 688 1278 741 Ἀλλ’
1312 689 1345 759 ὴ
1390 688 1488 757 μὲν
1530 686 1762 755 Ἐκκλη-

168 779 266 831 σία
317 778 414 832 τοῦ
471 779 738 849 Χριστοῦ,
788 782 968 834 καίτοι
1013 781 1131 834 λίαν
1167 780 1487 851 ὲπαυχοῦσα
1536 783 1603 851 τῇ
1655 779 1764 831 τῶν

165 864 458 937 δογμάτων
513 866 788 939 ὀρθότητι,
843 868 1100 939 τοιαύτην
1155 869 1269 939 ἔχει
1316 869 1413 939 τὴν
1443 869 1599 935 δόξαν
1634 867 1767 938 περὶ

165 958 265 1011 τοῦ
322 961 660 1027 Μονογενοῦς
685 978 698 991 ·
753 963 862 1024 τοῖς
889 978 953 1029 γε
986 961 1094 1031 μὴν
1149 960 1439 1031 θεομάχοις
1466 962 1764 1031 αἱρετικοῖς

167 1051 387 1120 ἑτεροῖα
422 1051 669 1121 παρέστη
727 1055 963 1122 φρονεῖν,
1001 1050 1315 1104 ἀναπείθειν
1361 1051 1488 1112 τοὺς
1511 1052 1622 1112 τοῖς
1646 1048 1762 1100 ὀλε-

166 1138 344 1210 θρίοις
368 1139 552 1194 αὐτῶν
580 1140 906 1211 προσιόντας
936 1158 993 1193 τε
1022 1142 1115 1193 καὶ
1168 1140 1538 1211 προσέχοντας
1559 1140 1759 1208 λόγοις.

179 1232 611 1298 Ἐπιλυττῶντες
640 1233 750 1305 γὰρ
798 1236 917 1297 ταῖς
970 1233 1112 1287 κατὰ
1157 1234 1394 1305 Χριστοῦ
1450 1233 1762 1303 λοιδορίαις,

168 1324 573 1392 φιλονεικοῦσιν
602 1327 650 1378 οί
678 1324 921 1389 δείλαιοι,
955 1325 1051 1378 καὶ
1075 1325 1432 1379 κατανοοῦσιν
1458 1324 1568 1397 [ἷσ.
1596 1341 1767 1376 κατα-

167 1417 427 1492 κονῶσιν]
478 1419 763 1490 ἀλλήλους,
795 1419 901 1473 οὐκ
939 1421 1015 1483 είς
1074 1417 1423 1491 παροξυσμὸν
1458 1418 1763 1481 εὐσεϐείας,

165 1509 291 1565 ἀλλ’
319 1510 383 1564 ἵν’
409 1511 764 1581 ἀσεϐέστερος
812 1513 1003 1584 ἐτέρου
1049 1512 1225 1584 ὁρῷτο
1257 1513 1367 1565 δείν
1420 1512 1637 1582 ἔτερος,
1677 1512 1767 1565 καὶ

166 1600 469 1670 φθέγξαιτὸ
516 1621 568 1657 τι
628 1602 739 1658 τῶν
785 1605 1202 1676 ἁπηχεστέρων-.
1253 1603 1473 1674 Ἐπειδὴ
1518 1604 1627 1674 γὰρ
1673 1602 1765 1656 τὸν

165 1695 238 1748 ὲκ
272 1696 521 1766 Σοδόμων
549 1696 791 1750 πίνουσιν
824 1694 986 1757 οἶνον.
1021 1699 1118 1753 καὶ
1145 1698 1346 1770 πικρὰν
1376 1700 1440 1752 ἐκ
1477 1698 1764 1770 Γομόρρας

166 1790 418 1861 τρυγῶσι
453 1791 733 1863 σταφυλὴν
762 1793 845 1861 (οὐ
872 1793 983 1865 γὰρ
1035 1796 1099 1846 ὲκ
1149 1793 1293 1846 θείου
1319 1792 1564 1863 δέχονται
1590 1792 1765 1849 Πνεῦ-

171 1900 348 1952 ματος
376 1884 447 1937 τὰ
502 1886 589 1937 ἐπ’
629 1884 780 1956 αὐτῷ
830 1885 1186 1958 θεωρήματα,
1224 1887 1345 1939 οὐδὲ
1391 1887 1449 1953 ἐξ
1488 1887 1767 1941 ἀποκαλύ-

167 1971 322 2043 ψεῶς
361 1976 460 2044 τῆς
497 1975 592 2030 τοῦ
639 1977 880 2046 Πατρὸς,
938 1978 1052 2030 ἀλλ’
1095 1979 1159 2030 ἐκ
1186 1977 1287 2047 τῆς
1334 1976 1427 2030 τοῦ
1468 1976 1763 2045 δράκοντος

169 2067 463 2137 κεφαλῆς),
512 2068 665 2121 οὐδὲν
732 2070 831 2140 μὲν
880 2068 1139 2139 φρονοῦσι
1179 2067 1286 2121 τῶν
1313 2068 1544 2138 ἑχόντων
1571 2068 1761 2135 ὑγιῶς,

168 2158 361 2213 ὲκείνα
394 2159 450 2212 δὲ
481 2159 754 2228 λέγουσιν,
797 2161 833 2214 ἃ.
880 2161 979 2224 τὰς
1034 2161 1143 2214 τῶν
1174 2162 1544 2231 ἀκροωμένων
1574 2160 1764 2214 ταλαι-

168 2249 395 2325 πώρους
446 2252 738 2322 ἀποφαίνει
774 2253 975 2324 ψυχὰς,
1016 2256 1151 2325 πρὸς
1185 2253 1317 2325 ᾅδην
1370 2255 1540 2317 αὐτὰς
1594 2270 1762 2306 κατα-

169 2342 507 2414 κομίζοντα,
578 2347 674 2403 καὶ
710 2348 792 2411 είς
850 2347 910 2399 τὺ
982 2346 1133 2400 κάτω
1201 2344 1501 2417 βάραθρον.
1576 2344 1764 2399 Ταῦτα

168 2435 271 2489 καὶ
299 2435 526 2505 βιϐλίοις
576 2437 811 2493 ἐνθεῖναι
856 2440 1246 2511 τολμήσαντες,
1270 2439 1541 2495 ἀθάνατον
1573 2438 1764 2510 ὥσπερ

170 2528 275 2599 τὴν
316 2530 541 2583 ἐνοῦσαν
595 2532 780 2595 αὐτοῖς
832 2532 1215 2602 ἀνεστήλωσαν
1272 2532 1559 2602 πονηρίαν.
1616 2532 1766 2585 Ἔδει

175 2620 279 2691 μὲν
304 2618 397 2675 οὖν
428 2623 578 2693 ἡμᾶς
630 2623 873 2695 διαρκῶς
916 2624 1213 2695 εἰρηκότας
1249 2626 1325 2688 εἰς
1353 2624 1414 2677 τὸ
1470 2623 1768 2695 προκείμε-

168 2730 287 2778 νον,
340 2714 483 2785 ειπερ
534 2710 602 2787 ἦν
626 2717 773 2780 εἰκὸς
793 2716 1023 2785 ὠφελεῖν
1064 2717 1325 2770 δύνασθαι
1364 2717 1488 2779 τοὺς
1518 2716 1765 2780 ἐντευξο-

173 2805 396 2876 μένους,
422 2807 720 2879 ὀρθοτάτην
741 2809 936 2879 έχοντα
963 2810 1060 2879 τὴν
1102 2810 1195 2861 ἐπὶ
1222 2808 1300 2879 τῷ
1341 2807 1452 2879 Υίῷ
1490 2807 1763 2878 διάληψιν,

174 2899 453 2969 μηδεμίαν
491 2901 601 2953 τῶν
651 2903 784 2973 παρ’
831 2903 1062 2964 ἐκείνοις
1117 2901 1453 2972 ποιήσασθαι
1517 2903 1763 2973 μνήμην.

185 2986 421 3063 ἘπειδὴΧ
434 2992 491 3045 δὲ
523 2994 753 3057 ἀπεικὸς
785 2995 937 3048 οὐδὲν
960 2998 1073 3058 τοῖς
1114 2995 1319 3059 ἀθλίοις
1354 2995 1580 3048 ἐκείνων
1613 3011 1770 3065 περι-

1868 515 2025 563 vere,
2063 507 2125 552 ut
2178 496 2350 551 Filius
2394 510 2463 551 ex
2514 492 2673 547 Patre
2737 490 3061 545 naturaliter
3112 485 3315 538 editus.
3349 481 3456 537 Sed

1866 592 2071 648 Christi
2103 590 2336 661 quidem
2368 587 2621 642 Ecclesia
2653 600 2777 655 qua:
2817 582 3134 652 dogmatum
3167 575 3331 648 785
3370 592 3456 631 re-

1866 685 2142 739 ctitudine
2191 681 2468 752 imprimis
2517 678 2811 750 gloriatur,
2844 676 3005 729 talem
3052 672 3120 726 de
3164 668 3460 738 Unigenito

1866 776 2197 832 sententiam
2238 773 2402 829 habet
2434 790 2447 826 :
2479 771 2573 826 Dei
2602 778 2786 824 autem
2823 768 3009 822 hostes
3044 760 3289 817 hieretici
3321 775 3458 812 con-

1865 870 2038 925 traria
2090 866 2340 924 sentiunt
2393 876 2448 921 et
2500 863 2776 919 instillant
2830 859 3159 930 perniciosae
3208 867 3323 906 suae
3362 853 3462 907 do-

1866 965 2060 1021 ctrina:
2109 960 2423 1030 discipulis.
2469 955 2753 1012 Conviciis
2776 955 2931 1009 enim
2991 951 3262 1006 adversus
3302 946 3461 1001 (Zhri-

1867 1069 2012 1115 stum
2046 1056 2102 1111 in
2136 1055 2345 1109 rabiem
2370 1053 2479 1108 acti
2511 1064 2707 1121 magno
2734 1045 2920 1103 studio
2954 1044 3009 1098 in
3044 1043 3099 1098 id
3132 1040 3461 1097 incumbunt

1866 1150 2081 1213 miseri,
2116 1148 2370 1216 aliusque
2405 1146 2577 1198 alium
2615 1141 2786 1202 acuit,
2824 1154 2932 1192 non
2985 1143 3041 1189 ut
3094 1134 3160 1188 ad
3196 1135 3457 1203 pietatem

1867 1260 1927 1301 se
1960 1248 2287 1314 provocent,
2321 1238 2419 1295 sed
2458 1246 2521 1292 ut
2565 1237 2705 1290 alter
2748 1235 2984 1287 alterum
3039 1227 3323 1296 impietate
3365 1239 3461 1279 su-

1867 1350 2065 1407 perare
2120 1342 2175 1390 et
2240 1331 2452 1402 aliquid
2510 1327 2763 1400 proferre
2828 1323 3081 1378 videatur
3136 1315 3457 1371 absurdius.

1866 1426 2005 1481 Nam
2052 1440 2176 1480 cum
2207 1424 2396 1478 vinum
2441 1422 2811 1476 Sodomorum
2870 1415 2973 1485 ipsi
3024 1411 3240 1475 bibant,
3292 1416 3460 1474 atque

1868 1518 2125 1572 acerbam
2157 1530 2318 1569 uvam
2361 1512 2689 1569 Gomorrbae
2720 1508 3066 1563 vindemient
3100 1503 3120 1534 ⁸
3149 1502 3273 1571 (nec
3311 1499 3455 1553 enim

1868 1625 1934 1664 ex
1970 1609 2159 1664 divino
2192 1607 2398 1677 Spiritu
2430 1605 2713 1675 accipiunt
2740 1618 2862 1674 quae
2892 1601 2961 1656 de
2995 1615 3059 1653 eo
3095 1597 3315 1653 docent.
3358 1605 3461 1645 nec

1871 1714 1937 1754 ex
1969 1699 2305 1755 revelatione
2322 1697 2523 1763 Patris,
2557 1696 2653 1752 sed
2679 1713 2744 1752 ex
2776 1694 2959 1764 capite
2994 1683 3460 1749 tlraconislmiltil

1871 1793 2095 1863 quidem
2129 1793 2250 1847 sani
2286 1791 2558 1854 sentiunt,
2602 1789 2695 1845 sed
2746 1803 2808 1842 ea
2844 1788 3108 1854 loquntur
3138 1794 3261 1851 quae
3293 1776 3460 1831 mise-

1868 1886 2075 1941 rabiles
2108 1884 2420 1940 auditorum
2470 1882 2687 1936 animas
2727 1880 2992 1941 reddunt,
3025 1891 3119 1930 eas
3153 1872 3220 1926 ad
3254 1870 3459 1923 inferos

1869 1990 1926 2038 et
1980 1980 2228 2034 intimum
2265 1976 2587 2032 barathrum
2621 1971 2996 2028 detrudcntia.
3037 1967 3176 2033 Qua:
3204 1974 3259 2019 et
3298 1961 3458 2016 libris

1871 2071 2138 2129 mandare
2164 2071 2282 2125 ausi
2323 2077 2475 2131 sunt,
2503 2074 2557 2122 et
2585 2063 2889 2135 nequitiam
2926 2075 3082 2117 suam
3110 2068 3373 2125 tanquam
3400 2051 3456 2105 in

1868 2166 2034 2236 cippo
2076 2164 2143 2219 ad
2186 2160 2660 2218 immortalitatem
2713 2156 3093 2225 sculpserunt.
3130 2148 3195 2203 Et
3227 2145 3460 2201 decebat

1868 2258 2092 2330 quidem
2130 2269 2235 2310 nos
2274 2251 2540 2324 expositis
2589 2249 2644 2303 in
2697 2248 2843 2302 hunc
2878 2248 3058 2300 locum
3112 2250 3461 2310 quaecunque

1866 2350 2170 2407 lectoribus
2202 2347 2269 2402 ad
2301 2355 2453 2401 recte
2474 2344 2827 2401 sentiendum
2863 2340 2932 2394 de
2974 2336 3114 2390 Filio
3140 2331 3457 2388 conducere

1869 2444 2222 2504 videbantur,
2256 2441 2466 2494 nullam
2498 2435 2886 2493 lmreticorum
2919 2430 3239 2500 dogmatuni
3282 2422 3460 2477 facere

1872 2536 2233 2591 mentionem.
2266 2532 2371 2588 Sed
2425 2546 2550 2586 cum
2602 2528 2821 2585 miseris
2870 2538 3062 2581 eorum
3106 2515 3462 2575 sermonibus

1871 2629 2243 2699 simpliciores
2273 2626 2524 2682 nonnulli
2543 2614 3293 2694 abripiantur,necessarium
3328 2608 3460 2663 duxi

1873 2721 2122 2775 veritatis
2159 2716 2433 2788 dogmatis
2458 2715 2657 2770 noxias
2708 2713 2929 2767 illorum
2959 2720 3135 2776 nugas
3169 2699 3459 2771 repellere,

1874 2819 1929 2866 et
1968 2811 2276 2865 calumnias
2338 2824 2479 2880 quas
2514 2806 2771 2877 allingere
2814 2804 3009 2857 volunt
3042 2798 3203 2858 Filio,
3245 2796 3377 2855 imo,
3403 2798 3465 2845 ut

1874 2902 2061 2957 verius
2091 2901 2295 2965 dicam,
2322 2900 2424 2955 toti
2456 2906 2670 2954 naturae
2691 2896 2915 2960 divinae,
2946 2894 3141 2948 inanes
3178 2903 3243 2942 ac
3275 2885 3464 2939 futiles

1875 2996 2170 3051 ostendere

170 3085 439 3156 τυχόντας
498 3086 706 3157 ῥήμασι
766 3088 1185 3161 συναρπαγῆναι
1230 3088 1338 3141 τῶν
1381 3088 1769 3159 ἁπλουστέρων
1804 3089 1884 3151 εἰς
1904 3089 2123 3142 σύνεσίν
2155 3106 2332 3154 τινας,
2364 3087 2665 3156 ἀναγκαῖον
2695 3081 2883 3154 ᾠήθην
2913 3080 3030 3141 τοῖς
3084 3074 3144 3141 ἔξ
3203 3070 3465 3141 ἀληθείας

173 3178 413 3248 δόγμασι
442 3176 511 3230 τὰ
552 3177 614 3230 ὲκ
639 3180 739 3247 τῆς
773 3179 997 3233 ἐκείνων
1027 3178 1295 3249 φλυαρίας
1344 3177 1773 3250 διακρούσασθαι
1815 3177 2010 3250 βλάϐη,
2066 3177 2475 3250 εὐανάτρεπτόν
2520 3193 2582 3228 τε
2643 3170 2910 3236 ἐπιδεῖξαι
2940 3170 3037 3240 τὴν
3077 3162 3465 3235 συκοφαντίαν,

174 3269 245 3339 ἢν
262 3268 615 3338 ἐπιτειχίζειν
649 3268 930 3340 βούλονται
979 3268 1059 3339 τῷ
1094 3269 1229 3339 Υίῷ,
1267 3268 1466 3339 μᾶλλον
1504 3267 1560 3321 δὲ
1591 3267 1685 3339 ὅλῃ
1717 3270 1781 3339 τῇ
1819 3269 1939 3341 θείᾳ
1970 3269 2165 3338 φύσειο
2189 3268 2350 3323 τοῦτο
2380 3269 2491 3339 γὰρ
2532 3269 2709 3321 εἰπεῖν
2754 3263 3137 3333 ἀληθέστερον.

249 3364 552 3434 Τοιγαροῦν
592 3365 844 3435 ἐνέτυχον
874 3363 1063 3435 βιϐλίῳ
1090 3364 1199 3417 τῶν
1237 3364 1306 3417 δι’
1340 3363 1611 3426 ἐναντίας·
1648 3359 1769 3417 εἶτα
1796 3371 1839 3429 C

173 3456 244 3508 τὰ
274 3457 333 3509 ὲν
354 3456 433 3524 τῷ
463 3457 812 3528 προκειμένῳ
840 3456 988 3529 ῥητῷ
1022 3454 1447 3528 διερευνώμενος
1473 3496 1487 3519 ,
1518 3453 1772 3525 εὕρισκον

173 3549 273 3601 ἐπὶ
323 3548 521 3614 λέξεως
567 3551 761 3620 αὐτῆς,
796 3550 939 3603 οὕτω
970 3549 1200 3618 λέγοντα
1231 3548 1351 3619 μεθ’
1396 3548 1561 3621 ἕτερά
1612 3563 1769 3599 τινα·

187 3639 250 3693 Ὃ
292 3639 472 3693 τοίνυν
499 3639 627 3704 Υἱὸς
653 3641 927 3704 οὐσιωδῶς
971 3642 1359 3712 περιεχόμενος
1394 3640 1498 3694 ὑπὸ
1531 3638 1624 3692 τοῦ
1661 3640 1773 3692 Πα-

175 3733 327 3801 τρὸς,
358 3734 447 3787 τὸν
486 3735 706 3806 Πατέρα
732 3736 790 3787 ὲν
820 3734 1000 3805 ἑαυτῷ
1025 3734 1245 3805 ἔχει,τὰ
1277 3737 1498 3808 ῥήματα
1540 3740 1773 3808 φθεγγό-

181 3842 343 3891 μενον
390 3828 484 3879 καὶ
515 3827 581 3879 τὰ
619 3829 821 3897 σημεῖα
863 3826 1217 3881 ἐπιτελοῦντα
1241 3844 1255 3857 ·
1288 3828 1424 3899 ὅπερ
1458 3831 1770 3902 ὲρμηνεύει,

176 3917 355 3984 λέγων
384 3936 397 3946 ·
438 3938 455 3968 ι
501 3920 566 3972 "A
597 3918 709 3987 ἐγὼ
756 3918 900 3972 λαλῶ
935 3919 1084 3988 ὑμῖν,
1121 3920 1216 3973 ἀπ’
1241 3922 1482 3991 ἐμαυτοῦ
1512 3924 1573 3975 οὐ
1606 3924 1772 3987 λαλῶ,

177 4013 209 4063 ὁ
242 4012 300 4064 δὲ
354 4013 543 4083 Πατὴρ
592 4015 650 4068 ὲν
680 4013 802 4083 ἐμοὶ
834 4013 1014 4082 μένων
1042 4016 1189 4066 ποιεῖ
1228 4014 1298 4068 τὰ
1344 4015 1482 4086 ἔργα
1517 4017 1698 4081 αὑτός.
1749 4037 1768 4070 ι

180 4105 351 4159 Ταυτὶ
384 4106 482 4176 τῆς
521 4108 732 4160 ἐκείνου
770 4105 1061 4178 τερθρείας
1092 4107 1163 4160 τὰ
1201 4109 1424 4179 ῥήματα
1446 4125 1459 4138 ·
1493 4111 1683 4179 ἐπειδὴ
1717 4110 1775 4164 δὲ

179 4200 288 4269 χρὴ
322 4201 416 4253 καὶ
445 4201 593 4272 ἡμᾶς
621 4201 797 4253 εἰπεῖν
830 4198 892 4252 τὸ
916 4202 1029 4263 τοῖς
1063 4202 1375 4271 εἰρημένοις
1396 4202 1773 4269 ἀντιστᾳτοῦν,

180 4291 279 4344 καὶ
323 4292 581 4360 ἀδόκιμον
628 4290 757 4343 ὄντα
803 4291 895 4344 τὸν
938 4291 1063 4345 νοῦν
1110 4292 1409 4363 διελέγχειν
1456 4294 1773 4365 δυνάμενον.

180 4382 363 4436 ἐκεῖνό
399 4398 580 4451 φημι·
620 4382 694 4434 Τὸ
722 4382 821 4452 μὲν
874 4378 967 4437 οὖν
1000 4384 1274 4448 οὑσιωδῶς
1310 4387 1664 4458 περιέχεσθαι
1691 4389 1778 4442 λέ·

181 4491 303 4541 γειν
327 4474 419 4528 τὸν
438 4474 566 4528 Υίὸν
595 4475 702 4529 ὑπὸ
735 4474 829 4528 τοῦ
860 4476 1092 4547 Πατρὸς,
1121 4478 1150 4530 ὅ
1178 4477 1377 4531 τίποτε
1403 4479 1514 4551 ἄρα
1543 4481 1710 4545 ἐστὶν,
1742 4480 1774 4552 ἢ

182 4567 235 4618 τί
260 4568 373 4637 ἄρα
416 4565 590 4635 δηλοῖ,
618 4567 679 4619 οὐ
714 4566 921 4638 σφόδρα
957 4568 1215 4639 συνίημι·
1248 4570 1443 4639 χρῆναι
1478 4571 1587 4642 γὰρ
1624 4567 1777 4640 οἶμαι

179 4659 244 4710 τὸ
294 4658 490 4727 ἀληθὲς
551 4662 727 4714 εἰπεῖν
776 4680 790 4696 ·
824 4661 1095 4732 τοσαύτην
1164 4661 1279 4732 ἔχει
1339 4662 1437 4733 τὴν
1482 4663 1775 4732 ἀσάφειαν.

195 4752 458 4823 Ἐρυθριᾷ
482 4753 593 4826 γὰρ
628 4753 838 4825 ὥσπερ,
869 4758 962 4811 καὶ
1005 4756 1353 4810 συστέλλεταί
1395 4774 1511 4819 πως
1555 4758 1692 4827 πρὸς
1719 4756 1779 4809 τὸ
1812 4742 1853 4797 D

180 4845 554 4915 ἀφανέστερον
586 4848 901 4919 παῤῥησίαν
940 4849 1041 4903 οὐκ
1074 4848 1197 4920 ἕχον
1230 4848 1292 4902 τὸ
1331 4841 1616 4920 θεώρημα.
1649 4850 1776 4902 ’Ὡσ-

182 4953 293 5007 περ
320 4936 433 5008 γὰρ
467 4940 497 4991 ὁ
540 4938 610 4992 τὰ
639 4939 821 5007 φαῦλα
848 4941 1110 5011 πράσσων
1146 4945 1295 5013 μισεί
1321 4942 1382 4996 τὸ
1414 4942 1528 5007 φῶς
1555 4944 1650 4996 καὶ
1677 4942 1776 4995 οὐκ

183 5028 407 5098 ἔρχεται
454 5030 591 5100 πρὸς
620 5032 685 5085 τὸ
708 5032 847 5101 φῶς,
882 5034 970 5087 ἵνα
1001 5036 1077 5104 μὴ
1111 5034 1367 5106 ἐλεγχθῇ,
1398 5036 1538 5089 κατὰ
1560 5035 1656 5105 τὴν
1682 5034 1775 5087 τοῦ

185 5121 445 5190 Σωτῆρος
468 5127 653 5195 φωνήν
674 5142 687 5154 ·
712 5125 856 5181 οὕτω
877 5129 985 5191 πᾶς
1012 5127 1192 5196 λόγος,
1220 5132 1248 5182 ὁ
1283 5129 1355 5183 τὰ
1378 5129 1559 5199 φαῦλα
1578 5129 1777 5199 δηλῶν,

187 5214 278 5267 διὰ
312 5217 604 5270 σκοτεινῶν
646 5218 863 5273 ἐννοιῶν
902 5219 1158 5291 ἔρχεσθαι
1204 5221 1370 5291 φιλεῖ,
1420 5221 1513 5274 καῖ⁹
1552 5223 1689 5293 πρὸς
1718 5222 1780 5276 τὸ

120 5378 125 5383 ε
192 5308 497 5377 πιφηνείας
546 5310 643 5380 οὐχ
708 5312 827 5382 ἥξει
858 5311 995 5379 φῶς,
1054 5313 1141 5365 ἵνα
1167 5313 1242 5383 μὴ
1272 5314 1504 5385 ἐλεγχθῇ
1537 5315 1638 5385 τῆς
1689 5318 1777 5368 év—

118 5393 128 5407 ⁸
184 5398 357 5467 οὐσης
384 5400 534 5471 αὐτῷ
566 5402 901 5473 σαθρότητος
923 5406 956 5474 ἡ
984 5404 1250 5459 εὐτέλεια.
1293 5405 1359 5458 Τί
1396 5402 1489 5460 οὖν
1517 5406 1626 5477 ἄρα
1664 5406 1782 5460 ἐστὶ

184 5491 252 5542 τὸ
280 5490 555 5555 οὐσιωδῶς
596 5493 950 5564 περιέχεσθαι
980 5495 1071 5547 τὸν
1096 5494 1222 5547 Υἱὸν
1254 5495 1361 5548 ὑπὸ
1391 5496 1484 5550 τοῦ
1527 5497 1778 5561 Πατρὸς;

190 5582 343 5654 Ἴιδμι
370 5583 481 5655 γὰρ
513 5585 577 5655 δὴ
608 5586 674 5639 δι’
700 5587 909 5649 ἐννοίας
945 5588 1185 5657 ἁπάσης,
1221 5582 1415 5658 οἷσπερ
1445 5590 1511 5643 ἂν
1537 5589 1781 5659 δύνωμαι

264 5763 287 5798 ι
322 5761 485 5819 Deut.
534 5778 706 5831 nam,
739 5764 827 5820 52.
934 5766 954 5797 ⁸
989 5765 1151 5821 Joan.
1190 5782 1285 5833 ιιι,
1320 5767 1408 5822 20.

1945 3367 2005 3420 In
2044 3382 2243 3422 manus
2292 3367 2481 3436 itaque
2526 3363 2661 3417 mihi
2707 3361 2862 3417 venit
2912 3356 3357 3413 adversariorum
3396 3353 3467 3406 li-

1876 3460 2008 3524 ber;
2055 3475 2295 3530 cumque
2337 3459 2442 3514 loci
2479 3456 2749 3528 propositi
2779 3467 3004 3510 sensum
3059 3456 3464 3521 perscrutarer,

1877 3551 2058 3605 inverti
2097 3559 2222 3621 post
2255 3550 2365 3603 alia
2396 3550 2647 3620 quaedam
2678 3547 2755 3601 ita
2793 3546 3063 3615 scriptum
3100 3541 3165 3595 ad
3201 3538 3463 3592 verbum:

1876 3641 2050 3698 Filius
2079 3658 2212 3712 ergo
2252 3642 2698 3699 substantialiter
2735 3643 3037 3693 contentus
3072 3649 3100 3686 a
3142 3630 3331 3692 Patre,
3361 3628 3466 3681 Pa-

1878 3746 2013 3790 trem
2050 3735 2105 3790 in
2140 3737 2327 3807 seipso
2353 3735 2625 3799 continet,
2658 3733 2825 3788 verba
2868 3732 3186 3799 loquentem
3224 3735 3276 3779 et
3308 3724 3467 3792 signa

1877 3838 2229 3896 peragentem
2257 3846 2270 3881 :
2298 3827 2446 3897 quod
2479 3827 2883 3896 interpretatur
2908 3820 3099 3876 dicens
3122 3835 3134 3873 :
3162 3835 3178 3867 ι
3211 3814 3344 3889 Ομτε
3365 3830 3468 3882 eg"

1878 3920 2075 3988 loquor
2100 3919 2279 3981 vobis,
2328 3933 2359 3971 a
2393 3918 2607 3988 meipso
2641 3932 2752 3971 non
2798 3915 3018 3984 loquor,
3054 3912 3148 3967 sed
3201 3908 3366 3970 Pater
3410 3906 3465 3960 in

1877 4026 1965 4065 tne
1995 4026 2247 4077 manens,
2279 4012 2394 4081 ipse
2424 4011 2556 4065 facit
2585 4024 2774 4080 Opera.
2815 4028 2833 4060 ι
2880 4008 3009 4061 Haec
3038 4005 3115 4059 illi
3150 4008 3466 4074 nugantur;

1877 4120 2068 4159 verum
2105 4106 2235 4175 quia
2262 4120 2490 4160 necesse
2522 4114 2607 4159 est
2635 4118 2739 4159 nos
2771 4102 2879 4155 illis
2920 4106 3205 4159 resrstere,
3241 4110 3342 4149 nec
3372 4108 3467 4147 ve-

1876 4213 2000 4251 rum
2054 4211 2119 4252 ac
2154 4211 2477 4267 germanum
2526 4210 2653 4251 esse
2701 4194 2854 4249 illum
2888 4204 3114 4247 sensum
3148 4186 3467 4245 ostendere,

1877 4290 2116 4361 primum
2154 4288 2282 4343 dico
2319 4305 2427 4355 tne,
2480 4295 2543 4341 ut
2581 4302 2713 4342 vere
2744 4286 2965 4355 loquar,
3017 4280 3163 4335 haud
3194 4276 3334 4333 satis
3373 4291 3468 4329 ca-

1878 4398 2009 4450 pere
2040 4381 2171 4452 ιιιιὶιΙ
2217 4380 2325 4438 sibi
2373 4381 2504 4435 velit
2533 4379 2683 4451 quod
2724 4379 2881 4432 aiunt
2911 4373 3186 4430 contineri
3222 4386 3252 4425 a
3308 4368 3472 4423 Patre

1880 4474 2118 4539 Filium,
2159 4483 2374 4529 tantum
2418 4475 2472 4529 in
2507 4490 2567 4530 se
2610 4470 2971 4529 obscuritatis
3020 4468 3207 4522 habet.
3254 4462 3471 4517 Erube-

1879 4570 1984 4624 scit
2015 4569 2185 4633 enim,
2212 4583 2277 4623 ac
2304 4568 2555 4623 tenebris
2576 4563 2986 4637 quodammodo
3015 4557 3326 4615 offunditur
3348 4571 3474 4627 pro-

1880 4664 2082 4733 positio
2129 4663 2383 4718 libertate
2420 4677 2611 4716 vacua.
2664 4656 3139 4726 Quemadmodum
3174 4652 3325 4709 enim
3377 4649 3472 4719 qui

1884 4760 2025 4813 male
2056 4757 2188 4827 agit,
2207 4756 2325 4812 odit
2353 4757 2555 4819 lucem,
2582 4754 2749 4825 786
2769 4768 2871 4807 nec
2898 4750 3048 4807 venit
3079 4748 3146 4804 ad
3173 4749 3375 4808 lucem,
3407 4760 3475 4798 ne

1884 4852 2273 4921 redarguatur,
2300 4849 2459 4920 juxta
2495 4848 2811 4904 Servatoris
2840 4860 3029 4901 vocem
3070 4843 3132 4897 ἰ
3178 4842 3260 4896 sic
3288 4840 3475 4894 omnis

1883 4945 2063 4999 oratio
2109 4960 2233 5014 quae
2289 4944 2431 4997 mala
2485 4941 2761 5012 designat,
2794 4955 2889 5009 per
2922 4936 3254 4992 tenebrosos
3304 4930 3473 4985 animi

1885 5047 2187 5108 conceptus
2240 5037 2321 5092 ire
2375 5036 2535 5097 solet,
2572 5049 2674 5089 nec
2720 5033 2788 5087 ad
2841 5027 3254 5101 explanationis
3288 5026 3466 5079 lueet:

1888 5131 2150 5202 prodibit,
2207 5144 2278 5184 ne
2332 5129 2482 5183 illius
2527 5126 2708 5181 caries
2758 5139 2824 5179 ac
2872 5122 3133 5178 debilitas
3186 5125 3473 5187 arguatur.

1888 5226 2031 5292 Quid
2058 5238 2192 5294 ergo
2216 5230 2302 5279 est
2332 5220 2785 5279 substantialiter
2815 5214 3091 5272 contineri
3131 5227 3161 5265 a
3196 5210 3359 5264 Patre
3388 5205 3478 5258 Fi-

1889 5318 2065 5373 lium?
2106 5316 2316 5372 Cuncta
2367 5316 2514 5369 enim
2570 5309 2914 5381 perscrutari
2942 5307 3120 5378 juvat,
3173 5310 3229 5357 et
3271 5300 3478 5369 quibus

1891 5424 2113 5481 possum
2142 5407 2459 5462 rationibus
2500 5406 2781 5473 explicare
2821 5400 2969 5473 quod
3002 5400 3241 5454 obscure
3266 5395 3476 5450 dictum

1889 5509 1997 5562 est,
2027 5495 2287 5568 quodque
2323 5496 2511 5550 forsan
2541 5490 2826 5548 erubescit
2872 5505 2940 5545 ne
2993 5487 3179 5542 animo
3225 5497 3477 5553 compre-

1891 5591 2144 5654 ltcnsdm,
2184 5589 2304 5659 ejus
2352 5602 2382 5641 a
2429 5600 2538 5655 quo
2568 5584 2781 5640 editum
2804 5589 2897 5640 est’
2924 5579 3196 5638 insaniam
3246 5581 3476 5646 retegat.
