3884 6208
467 291 576 350 210

1465 299 1524 358 s.
1566 299 1850 357 CYRILLI
1882 297 2351 358 ALEXANDRINI
2387 305 2708 363 ARCHIEP.

3631 313 3727 368 230

469 414 529 468 Si
557 428 688 486 ergo
721 413 994 486 significat
1015 415 1214 474 Filium
1249 419 1302 474 in
1332 421 1510 477 Patris
1538 423 1872 488 substantia,
1911 432 2031 478 tan-

2142 421 2485 478 διαπτύσσων
2505 427 2686 496 λόγοις
2709 429 2769 481 τὸ
2801 427 3059 500 ἀμυδρῶς
3089 429 3397 501 εἰρημένον,
3455 431 3549 483 xui
3609 431 3727 484 δυσ-

467 523 633 577 quam
685 510 738 565 ei
791 511 1350 579 consubstantialem,
1402 515 1608 572 habere
1660 525 1718 572 et
1760 519 1814 573 in
1859 521 2044 590 seipso

468 599 686 657 Patrem
717 601 774 656 in
801 599 927 657 Filii
957 614 1156 659 natura
1201 606 1646 678 prafulgentem,
1681 626 1781 666 nos
1819 612 1868 667 ei
1907 628 2047 683 quo-

467 707 579 761 que
605 693 933 763 expositioni
974 695 1435 766 astipulabimur:
1475 702 1619 769 quod
1650 709 1834 758 tamen
1863 705 2044 758 conti-

466 782 588 836 neri
619 781 793 838 Filius
826 783 1056 850 dicitur,
1085 801 1198 842 non
1225 789 1582 847 mediocriter
1608 792 1794 848 forsan
1827 811 1930 852 nos
1969 796 2048 852 of-

467 872 724 928 fenderit.
776 875 872 930 Sin
920 884 1106 932 autem
1147 879 1295 935 istud
1338 897 1449 936 non
1497 884 1573 938 ait
1633 888 1756 954 (nec
1785 889 1930 942 enim
1978 904 2046 943 ex

467 963 632 1019 Patre
658 966 905 1036 genitum
940 984 1066 1024 esse
1111 969 1309 1026 Filium
1345 989 1586 1042 unquam
1626 977 1901 1042 admittet,
1947 983 2044 1049 qui

466 1060 678 1108 tantam
731 1056 787 1110 in
825 1072 950 1112 eum
1001 1059 1399 1130 blasphemiam
1453 1068 1720 1134 evomuit,
1771 1069 1868 1123 sed
1919 1069 2046 1126 Filii

408 1201 414 1206 _
465 1153 723 1199 naturam
762 1149 930 1203 veluti
965 1165 1169 1221 corpus
1218 1153 1494 1224 quoddam
1540 1157 1753 1214 finitum
1785 1176 1814 1214 a
1866 1161 2046 1219 Patris

465 1244 663 1291 natura
690 1252 813 1293 esse
839 1241 1321 1310 comprehensam,
1356 1247 1601 1320 asserit),
1626 1251 1900 1318 quomodo
1935 1268 2046 1309 non

465 1335 655 1395 aperta
687 1335 763 1383 utl
813 1330 1156 1401 blasphemia
1197 1351 1540 1408 summaeque
1587 1340 1876 1398 dementiae
1924 1343 2045 1414 ple-

468 1435 574 1476 nus
595 1435 722 1476 esse
746 1425 1046 1494 arguetur?
1068 1424 1204 1481 Nam
1230 1441 1356 1482 cum
1389 1428 1552 1485 iidem
1585 1431 1694 1502 ipsi
1721 1431 1892 1488 Deum
1921 1451 2046 1490 esse

466 1512 653 1566 dicant
672 1512 894 1579 Filium,
917 1518 1282 1588 proprietates
1307 1527 1492 1577 tamen
1518 1537 1809 1593 corporum
1837 1524 1888 1580 ei
1915 1542 2048 1596 prai-

463 1616 550 1659 ter
581 1607 850 1662 rationem
881 1608 1140 1682 attingere
1169 1620 1449 1667 conantur
1479 1629 1493 1667 :
1532 1615 1679 1684 quod
1708 1617 1854 1671 enim
1889 1633 2046 1674 men-

464 1710 597 1748 sura
646 1705 741 1751 aut
786 1699 970 1769 spatio
1005 1709 1061 1757 et
1110 1703 1400 1761 intervallo
1445 1706 1942 1776 circumscribitur,
1970 1709 2045 1764 ita

2148 517 2474 589 ωπούμενον
2501 521 2645 591 τάχα
2683 521 2757 591 μὴ
2797 523 2891 576 καὶ
2923 522 3029 592 ἄρα
3055 523 3242 594 νοηθὲν
3270 524 3598 596 ἀποκαλύψῃ
3634 527 3728 596 τὴν

2146 609 2241 663 τοῦ
2270 611 2518 676 τεκόντος
2545 613 2675 666 αὐτὸ
2708 613 3050 668 δυσόουλίαν.
3074 615 3137 668 Et
3163 615 3261 684 μὲν
3291 610 3385 669 οὖν
3416 616 3578 668 τοῦτο
3610 616 3730 686 βού-

2145 700 2296 755 λεται
2331 702 2633 774 δηλοῦν,ὡς
2672 707 2728 759 ἐν
2751 708 2816 776 τῇ
2854 705 2947 759 τοῦ
2976 706 3187 778 Πατρὸς
3217 707 3374 779 οὐσίᾳ
3405 709 3728 778 φαινόμενος

2146 795 2174 847 ὁ
2215 795 2342 858 Υἱὸς
2360 834 2374 855 .
2398 795 2473 859 ὡς
2511 795 2792 867 ὁμοούσιος
2820 798 3000 868 αὐτῷ,
3028 797 3138 869 ἔχει
3161 799 3254 852 καὶ
3275 801 3438 863 αὐτὸς
3466 802 3525 853 ἐν
3550 801 3730 872 ἑαυτῷ

2145 885 2238 939 τὸν
2271 886 2491 957 Πατέρα
2527 890 2584 941 ἐν
2615 891 2680 959 τῇ
2706 889 2800 942 τοῦ
2831 891 3172 961 γεννήματος
3203 889 3362 959 φύσει
3396 891 3578 954 καλῶς
3615 891 3729 944 δια-

2146 979 2450 1049 λάμποντα,
2484 980 2868 1052 συναινέσομεν
2903 982 2998 1035 καὶ
3027 983 3188 1053 ἡμεῖς
3233 983 3313 1046 είς
3340 982 3436 1052 τὴν
3469 982 3565 1035 τοῦ
3591 982 3727 1036 θεω-

2149 1073 2215 1142 ρή
2227 1089 2392 1140 ματος
2423 1071 2650 1142 δύναμιν
2676 1089 2691 1104 ο
2716 1073 2777 1126 οὐ
2821 1074 3058 1144 μετρίως
3081 1075 3126 1127 δ’
3151 1073 3217 1128 ἂν
3261 1075 3516 1144 ἀδικῆσαι
3559 1073 3728 1145 τυχὸν

2145 1162 2206 1216 τὸ
2232 1163 2330 1233 τῆς
2349 1165 2613 1234 περιοχῆς
2644 1163 2815 1234 ὄνομα
2839 1165 3091 1236 κείμενον
3116 1167 3198 1234 ἐφ’
3222 1165 3355 1236 Υἱῷ.
3383 1166 3445 1219 Εί
3476 1165 3534 1220 δὲ
3569 1167 3729 1220 τοῦτο

2149 1253 2252 1324 μὲν
2277 1251 2339 1307 οὗ
2384 1272 2549 1326 φησιν
2594 1254 2678 1326 (οὐ
2705 1255 2813 1328 γὰρ
2843 1256 2908 1308 ὲκ
2931 1256 3031 1326 τῆς
3054 1256 3240 1319 οὐσίας
3260 1255 3354 1309 τοῦ
3386 1258 3603 1329 Πατρὸς
3635 1275 3724 1325 γει

2145 1345 2438 1416 γεννῆσθαί
2492 1363 2625 1399 ποτε
2678 1348 3038 1418 παραδέξεται
3075 1348 3169 1402 τὸν
3221 1348 3348 1402 Υἰὸν
3395 1349 3422 1401 ὁ
3471 1349 3728 1418 τοιαύτην

2145 1437 2353 1508 ὲμέσας
2407 1437 2528 1491 κατ’
2563 1436 2726 1491 αὐτοῦ
2770 1439 3098 1509 δυσφημίαν,
3143 1439 3332 1511 ὥσπερ
3373 1439 3429 1493 δέ
3477 1457 3530 1492 τι
3566 1439 3725 1510 σῶμα

2146 1528 2564 1599 πεπερασμένον
2601 1526 2701 1599 τὴν
2743 1527 2838 1581 τοῦ
2893 1527 3024 1582 Υἱοῦ
3065 1529 3227 1599 φύσιν
3264 1528 3724 1601 ὲμπεριειλῆφθαι

2143 1621 2213 1691 τῇ
2248 1619 2344 1673 τοῦ
2379 1619 2591 1690 Πατρὸς
2623 1619 3058 1691 διῖσχυρίξεται),
3096 1621 3213 1685 πῶς
3246 1621 3345 1674 οὐκ
3373 1622 3439 1675 ἂν
3489 1622 3733 1689 ἀναφαν-

2145 1711 2234 1764 δὸν
2277 1711 2558 1782 δυσφήσας
2599 1709 3004 1788 [δυσφημήσας]
3037 1709 3324 1776 ἁλώσεται,
3359 1711 3454 1764 καὶ
3506 1713 3609 1783 τῆς
3655 1711 3734 1771 είς

465 1796 526 1840 ut
559 1803 590 1842 a
631 1790 904 1862 principio
927 1795 1165 1864 quodam
1188 1797 1526 1853 -inchoatum
1569 1799 1772 1856 alicubi
1805 1771 2038 1866 desinat,

2155 1808 2325 1878 ἄκρον
2375 1771 2622 1880 ’ἀκούσης
2663 1771 3087 1878 φρενοϐλαϐείας
3136 1771 3417 1865 ἀνάπλεως
3460 1771 3577 1869 div;
3623 1803 3735 1855 Καὶ

465 1880 659 1950 utique
699 1890 756 1938 et
793 1899 919 1941 esse
953 1886 1004 1941 in
1047 1886 1191 1952 loco,
1225 1895 1282 1944 et
1318 1890 1641 1959 quantitate,
1673 1900 1724 1949 et
1762 1891 1960 1958 forma,
1992 1902 2048 1949 et

466 1974 640 2044 figura
670 1979 960 2048 suscipiet.
995 1984 1065 2035 At
1095 1983 1378 2051 quomodo
1410 1983 1517 2038 ista
1535 2000 1646 2041 non
1683 1993 1816 2041 sunt
1849 2002 2045 2058 corpo-

460 2081 582 2120 rum
611 2070 867 2140 propria?
893 2075 1168 2142 quomodo
1194 2091 1300 2130 non
1326 2077 1636 2144 nobiscum,
1656 2086 1845 2149 utpote
1868 2081 2042 2136 nostri

461 2162 684 2227 similis,
715 2164 808 2232 qui
858 2181 1026 2236 supra
1075 2184 1177 2224 nos
1207 2176 1316 2231 est,
1347 2170 1712 2227 censebitur?
1761 2180 1858 2227 aut
1905 2188 2045 2243 quo-

459 2252 627 2307 modo
672 2256 828 2311 alteri
878 2268 1148 2316 creaturae
1191 2277 1490 2331 germanus
1537 2280 1650 2318 non
1680 2266 1806 2330 erit,
1833 2265 1927 2335 qui
1960 2267 2045 2321 ni-

459 2345 576 2399 hilo
622 2349 746 2416 plus
795 2350 959 2406 habet
1005 2368 1168 2422 quam
1214 2355 1328 2419 illa,
1361 2364 1637 2426 quatenus
1667 2359 1927 2413 nimirum
1959 2370 2044 2416 est

459 2437 656 2493 finita?
697 2441 832 2496 Cum
865 2454 1049 2498 autem
1091 2446 1165 2499 ita
1201 2462 1260 2502 se
1295 2447 1518 2514 habeat,
1560 2459 1621 2504 ut
1650 2453 1818 2507 stulte
1849 2453 2042 2507 adver-

459 2528 593 2582 sarii
629 2529 734 2585 sibi
774 2534 1133 2601 persuadent,
1167 2551 1267 2590 cur
1295 2537 1501 2594 frustra
1543 2555 1647 2595 nos
1688 2542 2039 2596 terrebatdi-

457 2637 625 2676 cens:
671 2641 692 2675 ι
735 2623 844 2680 Vos
894 2627 962 2681 de
1013 2625 1275 2684 deorsum
1330 2631 1489 2696 estis,
1527 2646 1630 2703 ego
1669 2649 1737 2688 ex
1778 2634 2040 2705 supernis

460 2729 619 2784 sum;
655 2733 674 2768 ι
705 2724 760 2771 et
786 2734 980 2774 rursus
1007 2738 1022 2774 :
1054 2738 1073 2771 ι
1113 2717 1224 2776 Vos
1250 2720 1318 2777 de
1347 2723 1451 2776 hoc
1491 2723 1700 2779 mundo
1730 2726 1906 2780 estis:
1937 2740 2041 2796 ego

456 2822 568 2860 non
604 2824 725 2863 sum
759 2809 828 2866 de
857 2810 962 2866 hoc
995 2813 1202 2868 mundo
1236 2813 1295 2866 ‘?
1332 2834 1351 2868 ι
1393 2814 1530 2870 Nam
1575 2832 1702 2871 cum
1733 2833 1798 2873 ex
1848 2834 2042 2888 snper-

458 2898 546 2952 nis
578 2897 822 2969 seipsum
859 2916 982 2958 esse
1004 2902 1240 2970 diceret,
1268 2921 1378 2960 non
1409 2907 1734 2977 simpliciter
1760 2909 2042 2978 signitica-

456 2989 554 3044 hat
577 3007 642 3046 ex
670 2993 864 3049 caelis:
897 2996 1026 3064 quid
1062 2998 1206 3051 enim
1241 3002 1618 3071 praerogativa:
1658 3003 1782 3071 plus
1812 3003 2040 3060 haberet

455 3100 622 3153 quam
660 3089 836 3141 sancti
868 3089 1072 3160 angeli,
1101 3089 1377 3160 siquidem
1409 3100 1463 3148 et
1490 3109 1557 3149 ex
1604 3097 1864 3165 supernis
1911 3098 2036 3154 illos
2066 3125 2108 3185 α

452 3193 580 3231 esse
603 3179 996 3248 comperimus,
1024 3181 1072 3236 si
1105 3183 1320 3238 ratione
1345 3183 1450 3240 loci
1487 3184 1539 3240 id
1571 3188 1914 3258 accipiatur?
1939 3189 2037 3244 sed

455 3268 734 3334 signiﬁcat
762 3285 829 3324 ex
862 3285 1118 3341 superna,
1138 3281 1194 3328 et
1223 3289 1345 3345 quae
1371 3290 1540 3346 supra
1565 3278 1825 3335 universa
1846 3288 2037 3336 evecta

455 3369 562 3424 est,
595 3360 904 3415 substantia
941 3364 1211 3433 genitum.
1257 3365 1550 3430 Quomodo
1593 3383 1728 3439 ergo
1772 3384 1904 3424 vere
1937 3370 2036 3426 de-

455 3469 604 3506 mum
646 3453 793 3523 loqui
825 3453 1062 3516 videtur.
1091 3457 1136 3512 si
1170 3458 1537 3528 proprietates
1575 3474 1873 3532 corporum
1910 3477 2035 3518 cum

456 3543 726 3599 creaturis
767 3545 890 3599 aliis
936 3561 1258 3603 communes
1290 3549 1479 3617 habet,
1515 3557 1569 3606 et
1612 3553 1842 3624 perinde
1871 3570 1937 3611 ac
1972 3570 2037 3611 ea

456 3653 578 3704 quae
609 3653 640 3692 e
668 3638 842 3691 nihilo
871 3639 1143 3708 producta
1181 3652 1312 3698 sunt
1343 3642 1397 3697 in
1427 3653 1610 3698 ortqu
1643 3661 1672 3699 a
1711 3645 1872 3702 Patre
1903 3663 2038 3703 con-

454 3728 706 3781 tinetur?
747 3727 1034 3798 Siquidem
1065 3739 1218 3785 extra
1253 3746 1378 3786 eum
1423 3733 1559 3787 nihil
1590 3735 1754 3804 787
1798 3752 1923 3793 esse
1953 3737 2036 3792 fa-

455 3820 716 3877 tebimur.
770 3821 837 3875 Et
895 3822 1012 3891 ipse
1073 3823 1298 3893 quidem
1355 3824 1574 3881 Psaltes
1635 3828 1855 3885 divinus
1907 3847 2036 3886 vera

455 3917 682 3971 omnino
737 3925 793 3972 et
853 3918 1112 3974 abstrusa
1169 3921 1431 3990 mysteria
1491 3922 1726 3993 loquens
1795 3925 1849 3979 in
1906 3925 2034 3996 Spi-

457 4011 590 4071 ritu,
637 4008 836 4063 Filium
873 4011 1009 4065 nulli
1044 4013 1167 4066 loco
1205 4012 1400 4068 deesse
1441 4014 1538 4079 ait,
1575 4030 1674 4085 per
1699 4016 1803 4071 hoc
1837 4019 2036 4073 testiﬁ-

455 4118 590 4157 cans
629 4103 1016 4172 incorporeum
1043 4111 1096 4158 et
1140 4104 1686 4176 incircumscriptum
1731 4123 1855 4163 eum
1887 4125 2042 4187 csse,_

452 4209 553 4247 nec
596 4193 718 4249 loco
758 4195 1174 4266 comprehendi,
1213 4204 1403 4262 utpote
1445 4197 1641 4253 Deum.
1683 4220 1701 4252 ι
1740 4202 1861 4267 Quo
1886 4206 2033 4258 enim

452 4286 542 4339 ibo
568 4302 597 4340 a
633 4285 844 4356 Spiritu
880 4288 1020 4342 tuo?
1061 4297 1116 4342 et
1148 4304 1258 4358 quo
1290 4304 1317 4342 a
1366 4290 1506 4346 facie
1539 4300 1634 4346 tua
1683 4292 1931 4364 fugiant?
1975 4295 2033 4351 Si

450 4378 754 4433 ascendero
789 4379 845 4433 in
877 4381 1099 4445 cmlum,
1141 4389 1199 4435 tu
1235 4383 1349 4437 illic
1379 4399 1440 4439 es
1469 4403 1482 4449 ;
1529 4385 1576 4439 si
1606 4385 1947 4443 descendero
1977 4389 2032 4444 in

2154 1901 2310 1955 αὐτοὶ
2350 1900 2459 1973 γὰρ
2491 1900 2624 1954 Θεὸν
2662 1897 2802 1954 εῐναι
2831 1899 3081 1966 λέγοντες
3112 1895 3202 1950 τὸν
3242 1896 3392 1960 Υίδν,
3431 1895 3500 1948 τά
3545 1897 3735 1966 σωμά-

2152 2011 2259 2048 των
2279 1993 2386 2047 ίδια
2416 1992 2752 2065 προσάπτειν
2803 1989 2951 2060 αὐτῷ
2997 1986 3324 2058 παραλόγως
3357 1985 3732 2058 ἐπιχειροῦσι·

2149 2083 2212 2136 τὸ
2239 2081 2349 2153 γὰρ
2375 2082 2512 2145 ὅλως
2546 2079 2888 2152 περιορισμῷ
2921 2097 3028 2132 τινι
3060 2079 3154 2133 καὶ
3185 2078 3367 2149 μέτρῳ
3398 2077 3736 2150 περισχοινί-

2151 2175 2341 2238 ζεσθαι
2365 2171 2444 2245 τῷ
2469 2173 2745 2244 νοουμένῳ
2771 2173 2912 2226 κατὰ
2941 2171 3243 2234 διάστασιν,
3263 2170 3339 2234 ὡς
3380 2171 3473 2224 καὶ
3506 2169 3620 2224 ἀπό
3646 2187 3730 2223 τι-

2150 2283 2241 2329 νος
2261 2265 2438 2336 ἀρχῆς
2461 2265 2795 2336 καταλήγειν
2836 2265 2916 2326 εἰς
2948 2265 3142 2343 πέρας,
3183 2263 3401 2326 πάντως
3425 2261 3734 2327 ἐπιδέξαιτο

2149 2358 2244 2411 καὶ
2270 2357 2331 2410 τὸ
2358 2353 2499 2410 εἶναι
2525 2354 2685 2425 τυχὸν
2721 2356 2780 2408 ὲν
2807 2353 2976 2424 τόπῳ,
3002 2354 3096 2408 καὶ
3123 2352 3296 2422 ποσῷ,
3328 2353 3422 2405 καὶ
3451 2352 3606 2415 εἴδει,
3639 2353 3737 2406 καὶ

2149 2447 2550 2521 σχήματι.Είτα
2579 2449 2697 2513 πῶς
2710 2448 2772 2502 οὐ
2803 2445 3070 2518 σωμάτων
3095 2446 3204 2500 ἴδια
3229 2446 3387 2500 ταυτί
3407 2463 3422 2514 ;
3441 2446 3562 2509 πῶς
3592 2446 3731 2501 δὲού

2151 2541 2270 2611 μεθ’
2307 2541 2488 2612 ήμῶν,
2521 2541 2598 2604 ὡς
2621 2539 2746 2594 καθ’
2779 2540 2991 2611 ήμᾶς,ὁ
3021 2537 3322 2608 ὐπὲρήμᾶς
3355 2538 3688 2608 νοηθήσεται
3715 2554 3731 2601 ;

2145 2631 2180 2702 ἣ
2215 2631 2334 2696 πῶς
2389 2633 2490 2686 οὐκ
2523 2629 2752 2701 ἁδελφὸς
2782 2633 2848 2702 τῇ
2901 2629 3065 2700 ἑτέρᾳ
3104 2629 3279 2682 κτίσει
3307 2668 3323 2693 ,
3357 2627 3548 2681 λοιπὸν
3581 2627 3733 2681 οὐδὲν

2146 2723 2287 2795 ἐχών
2326 2725 2456 2796 παρ’
2490 2724 2662 2794 αὐτὴν
2703 2723 2768 2776 τὸ
2801 2722 2986 2786 πλέον,
3036 2723 3162 2775 ὅσον
3196 2716 3332 2793 ἧκεν
3359 2721 3538 2773 εἰπεῖν
3565 2721 3648 2782 είς
3671 2719 3731 2771 τὺ

2144 2808 2285 2867 εἶναι
2336 2812 2798 2886 πεπερασμένως;
2828 2813 3009 2882 Ἔχων
3056 2810 3114 2864 δὲ
3157 2810 3302 2864 οὕτω
3347 2809 3494 2864 κατά
3530 2827 3601 2878 γε
3635 2809 3739 2880 τήν

2143 2903 2334 2975 ἀμαθῆ
2366 2904 2478 2958 τῶν
2525 2904 2592 2957 δι’
2623 2903 2872 2968 ἐναντίας
2928 2902 3203 2967 ὑπόνοιαν,
3247 2903 3302 2956 τί
3348 2902 3530 2974 μάτην
3585 2904 3732 2973 ἡμᾶς

2146 2998 2515 3070 προσεκτύπει
2572 2997 2746 3066 λέγων
2771 3014 2785 3029 ’
2818 3016 2838 3050 ‹
2894 2997 3084 3067 Ὑμεῖς
3123 2997 3188 3050 ὲκ
3219 2995 3329 3050 τῶν
3376 2997 3531 3050 κάτω
3581 2998 3728 3060 ἐστὲ,

2145 3092 2257 3164 ἐγὼ
2284 3095 2349 3146 ὲκ
2386 3093 2493 3146 τῶν
2527 3092 2639 3148 ἄνω
2673 3093 2820 3162 είμί;
2864 3111 2884 3144 ›
2919 3091 3029 3145 Καὶ
3057 3090 3241 3144 πάλιν·
3276 3108 3296 3140 ι
3317 3089 3507 3160 Ὑμεῖς
3537 3091 3607 3142 ὲκ
3639 3088 3730 3143 τοῦ

2141 3187 2348 3256 κόσμου
2395 3184 2587 3239 τούτου
2619 3185 2744 3238 ἐστέ
2776 3201 2791 3214 ·
2830 3182 2943 3253 ἐγὼ
2988 3183 3086 3236 οὐκ
3118 3181 3235 3252 είμὶ
3266 3184 3332 3235 ὲκ
3368 3181 3462 3235 τοῦ
3520 3182 3729 3253 κόσμον

2140 3281 2348 3334 τούτου.
2402 3299 2420 3331 ι
2489 3278 2729 3332 Ἀνωθεν
2792 3277 2902 3348 γὰρ
2955 3276 3149 3330 ἑαυτὸν
3197 3269 3338 3329 εἶναι
3385 3275 3563 3345 λέγων
3589 3315 3604 3337 ,
3634 3275 3728 3345 οὐχ

2142 3373 2328 3438 ἁπλῶς
2371 3372 2557 3441 ἐδήλου
2616 3371 2677 3424 τὸ
2713 3371 2774 3436 ἐξ
2806 3369 3052 3442 οὐρανῶν
3077 3387 3092 3401 ·
3130 3370 3182 3422 τί
3233 3368 3344 3440 γὰρ
3391 3367 3459 3421 ἂν
3512 3367 3632 3438 ἔχοι
3670 3367 3732 3419 τὸ

2139 3467 2324 3520 πλεῖον
2375 3465 2528 3538 παρὰ
2574 3467 2702 3528 τούς
2751 3464 2945 3532 ἁγίους
2991 3462 3276 3532 ἀγγέλους.
3310 3460 3470 3531 εἴπερ
3518 3458 3728 3513 ἄνωθεν

2139 3558 2429 3622 κάκείνους
2482 3557 2640 3620 ὄντας
2695 3556 3038 3628 εὑρήσομεν,
3072 3553 3314 3616 τοπικῶς
3357 3550 3729 3621 ὲκληφθέντος

2138 3650 2231 3704 τοῦ
2265 3647 2666 3720 σημαινομένου
2695 3661 2710 3712 ;
2754 3647 3010 3718 σημαίνει
3048 3644 3104 3697 δὲ
3145 3645 3225 3697 ὅτι
3260 3644 3359 3713 τῆς
3392 3642 3609 3697 ἄνωθεν
3638 3640 3729 3694 καὶ

2136 3745 2238 3814 τῆς
2286 3745 2400 3806 τοῖς
2428 3742 2570 3805 ὅλοις
2599 3737 2974 3809 ὲποχουμένης
3023 3736 3215 3797 οὐσίας
3239 3734 3420 3802 ἐξέφυ.
3452 3732 3585 3795 Πῶς
3635 3727 3728 3785 οὖν

2139 3834 2344 3905 ἀληθὴς
2368 3832 2725 3902 ἀναφαίνεται
2751 3829 2959 3893 λοιπὸν,
2980 3830 3027 3881 εί
3054 3829 3206 3881 κοινὰ
3240 3826 3376 3894 πρὸς
3407 3824 3508 3896 τὴν
3535 3824 3728 3894 ἑτέραν

2138 3927 2250 3997 ἔχει
2293 3927 2470 3980 κτίσιν
2504 3925 2574 3978 τὰ
2624 3923 2894 3994 σωμάτων
2927 3921 3054 3983 ἴδια,
3087 3917 3340 3989 καὶομοῦ
3367 3920 3482 3980 τοῖς
3519 3916 3581 3982 ἐξ
3632 3917 3732 3969 οὐκ

2137 4019 2306 4072 όντων
2341 4021 2420 4081 είς
2444 4017 2506 4070 τὸ
2546 4016 2684 4070 εἶναι
2721 4013 3104 4085 παρενεχθεῖσι
3144 4009 3534 4082 περιεχόμενός
3579 4009 3729 4061 ἐστιν

2138 4114 2245 4167 ὐπὸ
2288 4113 2383 4166 τοῦ
2424 4111 2674 4181 Πατρός;
2713 4110 2872 4178 εἴπερ
2911 4105 3064 4158 οὐδὲν
3099 4102 3204 4169 ἔξω
3230 4103 3444 4156 κεῖσθαι
3477 4101 3729 4170 δώσομεν

2136 4206 2326 4262 αὐτοῦ.
2355 4205 2465 4259 Καὶ
2495 4205 2524 4258 ὁ
2573 4203 2673 4274 μὲν
2732 4200 3018 4262 θεσπέσιος
3068 4195 3357 4267 Μελῳδὸς,
3391 4193 3569 4264 ἀληθῆ
3626 4211 3726 4246 που

2137 4297 2356 4360 πάντως
2391 4295 2486 4349 καὶ
2533 4292 2896 4364 κεκρυμμένα
2940 4289 3214 4360 μυστήρια
3240 4286 3419 4340 λαλῶν
3448 4288 3510 4338 ὲν
3553 4286 3726 4339 Πνεύ·

2141 4403 2292 4457 ματι,
2318 4383 2535 4447 οὐδενὸς
2570 4382 2668 4452 μὲν
2723 4379 3001 4442 παντελῶς
3049 4375 3525 4447 ἀπολιμπάνεσθαι
3555 4376 3726 4429 τόπου

449 4470 750 4533 infernum,
778 4471 944 4537 ades;
970 4473 1015 4527 si
1041 4489 1331 4542 sumpsero
1354 4491 1565 4545 pennas
1588 4493 1741 4534 meas
1764 4479 2029 4546 diluculo,

2142 4478 2268 4547 φησι
2284 4477 2375 4530 τὸν
2391 4475 2538 4540 Υἱὸν,
2555 4473 2618 4527 τὸ
2645 4471 2938 4542 ἀσώματόν
2959 4486 3017 4523 τε
3039 4469 3133 4523 καὶ
3158 4469 3545 4540 ἀπεριόριστον
3578 4467 3726 4538 αὐτῷ

448 4569 504 4613 et
544 4561 864 4618 habitavero
889 4563 941 4616 in
966 4564 1230 4618 extremis
1269 4568 1472 4621 maris:
1498 4582 1624 4621 nam
1653 4576 1707 4623 et
1730 4569 1806 4624 ibi
1834 4585 2034 4627 manus

454 4665 545 4705 tua
575 4652 810 4707 deducet
843 4669 950 4716 me,
981 4663 1035 4709 et
1059 4656 1265 4710 tenebit
1307 4672 1392 4711 me
1426 4657 1653 4712 dextera
1685 4667 1777 4714 tua
1805 4660 1848 4716 ⁷.
1894 4680 1914 4713 ι
1965 4661 2035 4716 ili

453 4754 632 4800 autem
668 4747 913 4816 projecta
947 4748 1181 4802 audacia
1211 4763 1368 4803 suam
1413 4754 1747 4806 sententiam
1791 4753 2033 4823 Spiritus

449 4839 684 4894 vocibus
723 4849 1081 4910 Opponentes,
1121 4842 1471 4913 Unigenitum
1499 4845 1621 4900 loco
1646 4846 2032 4904 circumscribi

450 4949 515 4987 ac
549 4933 839 4986 terminari
881 4935 1092 4998 volunt,
1139 4951 1266 4990 cum
1304 4935 1434 4991 hinc
1469 4939 1653 5006 potius
1709 4942 2034 4996 necessario

446 5038 635 5078 secum
673 5034 930 5092 reputare
963 5023 1250 5093 deberent,
1291 5027 1440 5096 quod
1474 5027 1527 5082 si
1564 5030 1736 5085 cmlos
1777 5040 1832 5087 et
1871 5040 2034 5089 terra:

443 5121 692 5168 extrema
739 5115 971 5184 repleat,
1001 5115 1109 5171 hoc
1153 5127 1236 5172 est
1265 5117 1499 5184 inferos,
1541 5122 1637 5191 qui
1683 5138 1794 5177 non
1829 5124 2032 5180 absur-

443 5207 737 5262 dissimum
764 5209 835 5262 sit
861 5209 1378 5278 comprehensionis
1407 5227 1604 5268 nomen
1652 5215 1702 5269 ei
1752 5215 2029 5288 attingere,

443 5313 571 5352 cum
601 5315 779 5369 neque
809 5299 951 5370 apud
976 5316 1036 5355 se
1068 5303 1332 5370 cogitent,
1364 5303 1516 5373 quod
1568 5305 1615 5361 si
1656 5305 1827 5364 facies
1881 5311 2026 5380 ejus,

444 5389 499 5444 id
525 5398 612 5446 est
644 5389 884 5462 Spiritus
915 5393 1133 5462 (faciem
1183 5395 1392 5466 quippe
1426 5395 1549 5451 Filii
1600 5397 1870 5469 Spiritum
1925 5421 2024 5459 vo-

444 5481 578 5549 cat),
621 5481 812 5551 implet
854 5484 1082 5549 omnia,
1131 5485 1408 5555 quomodo
1463 5487 1582 5558 ipse
1627 5493 2023 5561 continebitur,

445 5570 574 5626 licet
608 5587 639 5626 a
680 5572 793 5630 Deo
837 5585 890 5629 ct
928 5574 1089 5633 Patre
1127 5579 1402 5634 contineri
1435 5579 1700 5637 dicatur?
1731 5583 1842 5642 Nec
1879 5591 2025 5648 enim

524 5756 544 5785 ‘
609 5751 753 5808 "ian.
795 5771 927 5813 vm.
973 5758 1063 5812 ‘25.
1139 5761 1155 5790 "
1190 5757 1333 5818 Psal.
1361 5775 1622 5827 cum“,
1662 5766 1806 5822 TN.

2135 4570 2224 4624 διὰ
2270 4569 2461 4624 τούτου
2516 4563 2978 4638 προσμαρτυρῶν,
3013 4564 3110 4616 καὶ
3155 4563 3238 4616 ὅτι
3269 4559 3345 4631 μὴ
3388 4560 3542 4631 τόπῳ
3571 4578 3725 4632 περι-

2136 4662 2358 4733 ληπτὸς,
2398 4661 2474 4724 ὡς
2529 4660 2685 4724 Θεός.
2724 4679 2742 4710 ι
2780 4657 2890 4713 Ποῦ
2935 4655 3046 4726 γὰρ
3087 4653 3358 4726 πορευθῶ,
3393 4654 3584 4724 φησὶν,
3619 4653 3725 4708 ἀπὸ

2135 4755 2230 4807 τοῦ
2253 4753 2574 4823 Πνεύματός
2611 4766 2728 4816 σου;
2753 4750 2850 4803 καὶ⁸
2892 4747 3002 4800 ἀπὸ
3031 4746 3125 4800 τοῦ
3155 4743 3453 4816 προσώπου
3486 4761 3585 4796 σου
3620 4742 3726 4796 ποῦ

2138 4848 2334 4918 eam;
2382 4847 2508 4900 Ἐάν
2540 4843 2727 4899 ὰναόῶ
2765 4843 2847 4903 είς
2873 4841 2964 4893 τὸν
3005 4837 3254 4909 οὐρανὸν,
3281 4836 3345 4888 σὺ
3377 4833 3429 4888 εί
3460 4837 3604 4899 ἐκεῖ,
3631 4836 3726 4888 ἐὰν

2137 4939 2361 4994 καταϐῶ
2378 4940 2458 5001 είς
2485 4937 2576 4990 τὸν
2604 4935 2757 5006 ᾅδην,
2774 4931 2972 5003 πάρει·
2993 4931 3089 4984 ἐὰν
3111 4926 3366 4982 ἀναλάϐω
3389 4927 3493 4990 τὰς
3519 4927 3726 4995 πτέρυ-

2134 5033 2238 5102 γάς
2281 5048 2384 5103 μου
2428 5031 2550 5083 κατ’
2581 5027 2798 5098 ὄρθρον,
2831 5023 2926 5077 καὶ
2972 5019 3224 5094 πορευθῶ
3272 5020 3352 5080 είς
3405 5017 3479 5070 τὰ
3517 5017 3722 5087 ἔσχατα

2133 5126 2232 5196 τῆς
2264 5123 2564 5192 θαλάσσης,
2586 5121 2681 5174 καὶ
2713 5119 2821 5189 γὰρ
2845 5117 2963 5170 ἐκεῖ
2991 5115 3025 5184 ὴ
3059 5113 3182 5186 χείρ
3211 5128 3303 5164 σου
3326 5110 3594 5180 ὁδηγήσει
3630 5128 3719 5180 με,

2133 5218 2229 5270 καὶ
2278 5215 2496 5280 καθέξει
2554 5230 2621 5284 με
2667 5213 2702 5282 ἡ
2757 5209 2908 5276 δεξιά
2953 5223 3070 5261 σου.
3117 5227 3136 5259 ι
3187 5202 3606 5273 Ῥιψοκινδύνως
3665 5201 3721 5254 δὲ

2133 5305 2301 5375 οὗτοι,
2340 5310 2436 5364 καὶ¹
2479 5310 2600 5371 ταῖς
2637 5306 2731 5360 τοῦ
2766 5303 3083 5374 Πνεύματος
3119 5302 3322 5370 φωναῖς
3373 5298 3476 5366 τὴν
3509 5295 3723 5349 ἑαυτῶν

2135 5403 2520 5471 ἁντεξάγοντες
2549 5397 2796 5468 γνώμην,
2824 5392 3037 5466 ὁρισμῷ
3067 5393 3160 5445 καὶ
3189 5387 3560 5461 περιγραφαῖς
3585 5386 3720 5437 ὐπο-

2137 5495 2395 5550 δάλλουσι
2429 5492 2522 5545 τὸν
2551 5488 2855 5558 Μονογενῆ,
2891 5485 3072 5539 καίτοι
3107 5481 3368 5550 λογισμὸν
3409 5475 3721 5544 ὀφείλοντες

2137 5589 2229 5640 ἐπὶ
2256 5587 2427 5641 τούτω
2457 5585 2639 5638 λαϐεῖν
2669 5580 2963 5651 ἀναγκαῖόν
2997 5596 3054 5632 τε
3083 5576 3175 5630 καὶ
3201 5575 3489 5646 χρήσιμον.
3523 5569 3590 5624 El
3614 5569 3721 5643 γὰρ
