3892 6202
151 305 249 363 221

1256 302 1320 357 IN
1349 299 1637 356 JOANNIS
1673 297 2123 356 EVANGELIUM
2163 301 2287 354 ΜΒ.
2331 301 2423 353 IX.

3315 292 3426 349 222

153 423 487 493 πεπλήρωκε
538 435 635 492 μεν
677 419 959 489 οὐρανοὺς,
991 416 1085 471 καὶ
1124 416 1192 470 τά
1240 418 1443 487 έσχατα
1489 416 1587 484 τῆς
1617 414 1741 482 γῆς.

1865 414 2031 469 ninus
2056 416 2163 469 erit
2194 410 2526 468 incommodi
2557 407 2602 463 si
2634 407 2780 461 dicat
2821 405 3200 460 circumscribi
3238 407 3427 461 ineor-

152 514 297 567 τοῦτ’
336 514 471 578 ἐστι,
506 513 577 565 τὰ
604 514 684 575 εἰς
718 512 809 564 τὸν
829 511 963 582 ᾷδην
984 528 997 541 ’
1020 509 1138 573 πῶς
1171 517 1232 562 ου
1268 509 1475 579 σφόδρα
1498 506 1741 578 παραλο-

151 604 397 674 γώτατον
420 605 484 657 τὸ
524 606 786 675 περιοχῆς
818 603 993 671 ὄνομα
1033 600 1371 671 προσάπτειν
1409 596 1580 667 αὐτῷ.
1608 595 1744 666 μηδὲ

154 702 332 752 ἐκεῖνο
364 697 778 768 λογισαμένους,
801 697 882 750 ὅτι
905 696 953 748 εἰ
977 694 1041 748 τὸ
1072 696 1364 764 πρόσωπον
1386 690 1573 753 αὑτοῦ,
1599 688 1747 742 τοῦτ’

155 793 293 855 ἔστι,
330 792 392 845 τὸ
429 790 654 861 Πνεῦμα
698 789 1013 859 (πρόσωπον
1042 772 1155 857 γὰρ
1198 786 1291 839 τοῦ
1331 783 1462 837 Υἱοῦ
1497 782 1653 836 καλεῖ
1684 781 1746 833 τὸ

158 883 408 955 Πνεῦμα)
440 884 509 937 τὰ
556 883 736 936 πάντα
779 881 997 953 πληροῖ.
1027 880 1146 942 πῶς
1178 879 1245 931 ἂν
1296 876 1459 939 αὐτὸς
1493 876 1624 928 εἵσω
1650 873 1746 941 γέ-

158 994 301 1030 νοιτο
342 976 626 1047 περιοχῆς,
652 974 756 1028 κᾶν
787 973 941 1046 λέγῃ,
975 974 1058 1026 ὄτι
1089 970 1349 1039 περιοχῆς
1367 968 1462 1020 τοῦ
1491 965 1625 1019 Θεοῦ
1654 965 1748 1017 καὶ

160 1069 413 1139 Πατρόςς
458 1069 595 1122 Ἀλλ’
635 1068 787 1121 οὐδὲν
848 1060 1010 1138 ἦττον
1065 1064 1243 1134 ὑϐριεῖ
1298 1060 1640 1133 περιγράψας
1687 1056 1750 1110 τὸ

157 1160 474 1231 ἀσώματον,
504 1160 599 1213 καὶ
636 1164 821 1229 μέτρῳ
873 1156 1174 1229 περιτιθεὶς
1207 1155 1267 1207 τὸ
1298 1154 1398 1206 οὐκ
1429 1152 1487 1205 ὃν
1516 1166 1751 1221 πεπερα-

161 1252 399 1321 σμένως.
424 1251 499 1303 Τὸ
548 1249 659 1320 γὰρ
690 1247 962 1310 ούσιωδῶς
989 1245 1150 1299 αὐτὸν
1181 1242 1532 1314 περιέχεσθαι
1567 1240 1748 1308 λέγειν

160 1342 265 1396 ὑπὸ
305 1341 401 1395 τοῦ
432 1341 566 1394 Θεοῦ
601 1341 697 1393 καὶ
731 1338 965 1410 Πατρὸς,
992 1339 1045 1390 τί
1092 1334 1279 1406 ἕτερόν
1308 1336 1422 1386 ἐστι
1464 1331 1658 1401 δηλοῦν
1678 1370 1691 1394 ,
1713 1331 1747 1400 ἢ

156 1438 241 1490 ὅτι
285 1434 717 1505 πεπερασμένην
750 1432 862 1503 ἔχει
906 1431 1003 1501 τὴν
1032 1429 1245 1491 οὐσίαν,
1272 1426 1462 1496 ὥσπερ
1487 1420 1581 1478 οὖν
1610 1423 1749 1493 ἀμέ-

159 1528 242 1580 λει
271 1527 367 1581 καὶ
396 1527 455 1580 ἓν
484 1527 715 1579 ἕκαστον
742 1525 849 1577 τῶν
880 1525 1009 1595 παρ’
1046 1521 1210 1575 αὐτοῦ
1242 1520 1561 1591 γεγονότων,
1589 1515 1625 1570 ὃ.
1656 1516 1752 1569 καὶ

158 1620 465 1682 ἀκινδύνως
500 1637 559 1672 τε
592 1621 683 1673 καὶ
714 1617 932 1689 ἀληθῶς
961 1617 1313 1688 περιέχεσθαι
1340 1612 1604 1683 δώσομεν.
1636 1608 1752 1662 Σώ-

162 1704 310 1781 ματα
338 1710 471 1781 γὰρ,
503 1712 552 1763 εἰ
600 1709 689 1762 καλ
726 1709 800 1779 μὴ
829 1707 1056 1761 τοιαῦτα
1087 1706 1270 1776 τυχὸν,
1300 1707 1459 1758 ὁποῖα
1501 1702 1569 1755 τὰ
1610 1700 1750 1771 ἡμέ-

1851 522 2100 574 pureum,
2123 517 2176 561 ct
2199 518 2471 560 mensurae
2498 500 2758 569 subjiciat
2792 498 2937 567 quod
2973 508 3125 552 caret
3159 500 3421 551 termino.

1850 598 2041 653 Dicere
2074 599 2219 652 enim
2256 593 2699 651 substantialiter
2731 591 2909 659 ipsum
2945 604 2974 642 a
3020 588 3132 643 Deo
3163 597 3217 643 et
3268 586 3430 641 Patre

1848 691 2144 753 contineri,
2183 689 2315 760 quid
2362 688 2465 743 sibi
2510 685 2625 739 vult
2660 681 2831 747 aliud,
2862 695 3026 750 quam
3074 679 3427 735 terminatam

1851 784 2053 838 habere
2097 781 2486 841 substantiam,
2531 793 2645 832 non
2693 791 2855 831 secus
2889 790 2954 830 ac
2994 772 3467 845 unumquodque;

1848 888 2041 928 eorum
2090 887 2213 941 quae
2253 870 2397 923 facta
2447 875 2577 923 sunt
2607 866 2677 920 ab
2723 866 2864 934 ipso,
2908 878 3030 934 quae
3060 871 3179 915 tulo
3208 876 3272 914 ac
3301 874 3431 913 vere

1800 968 1805 973 ’
1849 964 2120 1020 contineri
2154 961 2488 1017 fatebimur?
2523 960 2768 1028 Corpora
2798 957 2943 1010 enim
2975 964 3126 1013 sunt.
3161 954 3289 1006 licet
3320 966 3430 1005 non

1851 1056 1980 1110 talia
2018 1055 2202 1109 forsan
2234 1052 2416 1122 qualia
2468 1060 2658 1104 nostra
2703 1055 2854 1103 sunt.
2890 1045 3000 1099 Sed
3028 1052 3082 1098 et
3122 1043 3259 1097 illud
3296 1042 3430 1094 mihi

1852 1155 2119 1218 praeterea
2149 1143 2316 1198 subit.
2354 1141 2509 1207 Quod
2554 1141 2598 1195 si
2642 1153 2870 1193 necesse
2897 1137 3152 1192 dicamus
3189 1146 3251 1187 ut
3283 1131 3433 1203 quod

1852 1238 1923 1293 ab
1959 1237 2144 1305 aliquo
2167 1234 2504 1293 continetur,
2538 1231 2763 1285 omnino
2795 1231 2939 1284 intra
2974 1227 3105 1280 illud
3141 1227 3213 1281 sit
3257 1242 3287 1278 a
3322 1239 3434 1294 quo

1851 1325 2125 1382 contineri
2152 1324 2376 1387 dicitur,
2410 1325 2688 1392 quomodo
2714 1336 2822 1375 non
2850 1316 3145 1373 manifeste
3168 1325 3436 1385 sequetur

1852 1427 1915 1474 ut
1941 1419 2233 1474 continens
2266 1415 2448 1469 minus
2468 1430 2591 1471 esse
2625 1421 2886 1468 contento
2917 1420 3194 1482 putemus,
3221 1411 3434 1480 ipsum-

1853 1527 1960 1582 que
1998 1510 2347 1565 terminatum
2402 1524 2526 1561 esse
2576 1506 2802 1574 majoris
2837 1503 3244 1573 quodammodo
3278 1516 3437 1555 com-

1854 1600 2106 1671 plexione
2132 1598 2422 1653 dicamus?
2444 1596 2585 1663 Quid
2617 1611 2749 1666 ergo
2778 1610 2973 1648 rursus
3003 1594 3178 1656 dices,
3214 1607 3246 1646 ο
3271 1591 3439 1645 bone?

1857 1691 1997 1746 Ecce
2023 1690 2192 1755 enim,
2224 1705 2353 1744 cum
2405 1705 2464 1744 se
2513 1686 2607 1742 Dei
2655 1690 2718 1741 ac
2754 1687 2930 1741 Patris
2956 1685 3215 1739 exhibeat
3242 1683 3438 1749 imagi-

156 1823 315 1877 τερα.
351 1805 570 1858 Ἐπεισι
600 1803 658 1856 δέ
709 1819 798 1874 μοι
826 1803 1047 1855 κάκεῖνο
1098 1801 1236 1872 πρὸς
1281 1798 1492 1860 τούτοις
1527 1795 1750 1849 ἐννοεῖν.

1865 1802 2000 1853 nem,
2025 1796 2078 1842 et
2113 1797 2300 1857 aperte
2330 1785 2481 1839 dicat
2511 1801 2523 1835 :
2565 1802 2582 1833 ι
2613 1782 2717 1849 Qui
2751 1782 2906 1836 videt
2938 1796 3043 1843 me,
3081 1779 3230 1833 videt
3256 1784 3310 1831 et
3333 1776 3438 1829 Pa-

155 1897 222 1949 Εἰ
272 1896 384 1967 γάρ
433 1896 728 1962 ἀναγκαῖον
764 1888 903 1946 εἶναί
950 1909 1130 1964 φαμεν
1174 1891 1236 1944 τὸ
1286 1889 1392 1943 ὑπό
1424 1904 1516 1941 του
1557 1903 1757 1957 περιει-

155 1987 469 2058 λημμένον,
498 1986 632 2039 εἵσω
688 1985 752 2056 δὴ
810 1984 1028 2039 κεῖσθαι
1080 1983 1298 2046 πάντως
1340 1980 1434 2035 τοῦ
1480 1978 1757 2050 περιέχειν

157 2078 293 2130 αὐτὸ
318 2075 641 2147 λεγομένου,
666 2074 783 2138 πῶς
812 2077 913 2127 οὐκ
956 2072 1348 2143 ἀναμφιλόγως
1392 2068 1583 2138 ἕψεται
1611 2066 1673 2120 τὸ
1697 2066 1757 2120 ἐν

156 2170 443 2223 ἐλάττοσιν
463 2164 603 2221 εἶναι
621 2170 761 2221 νοεῖν
782 2165 877 2219 τοῦ
898 2165 1245 2237 περιέχοντος
1264 2164 1325 2217 τὸ
1347 2161 1752 2233 περιεχόμενον,

157 2264 256 2313 καὶ
285 2260 712 2331 πεπερατῶσθαι
744 2260 925 2328 λέγειν
958 2258 1112 2324 αὐτὸ,
1147 2254 1610 2325 κατακλειόμενον
1646 2250 1758 2304 ὥσ-

157 2369 269 2423 περ
296 2355 366 2423 τῇ
395 2353 489 2406 τοῦ
540 2352 788 2423 μείζονος
848 2354 1112 2423 περιοχῇ;
1142 2349 1208 2402 Τί
1256 2346 1370 2412 οὖν,
1399 2341 1444 2400 ὦ
1491 2345 1755 2416 βέλτιστε,

157 2447 326 2499 πάλιν
366 2447 547 2517 ἑρεῖς;
602 2446 734 2499 Ἰδοὺ
766 2445 876 2516 γὰρ
905 2445 1092 2497 εἰκόνα
1122 2442 1218 2496 τοῦ
1248 2440 1384 2495 Θεοῦ
1416 2440 1510 2493 καὶ
1544 2436 1758 2507 Πατρὸς

156 2539 357 2592 ἑαυτὸν
390 2538 681 2607 παραθεὶς,
717 2538 813 2590 καὶ
858 2536 1155 2611 διαρρήδην
1182 2534 1353 2589 εἰπών
1380 2551 1394 2563 ·
1434 2552 1453 2584 ι
1497 2534 1557 2585 'O
1585 2534 1759 2600 ἑωρα-

158 2630 276 2693 κὼς
302 2631 426 2700 ἐμὲ,
457 2629 670 2700 ἑώρακε
696 2629 789 2683 τὸν
821 2631 1065 2700 Πατέρα,
1086 2649 1105 2682 ι
1138 2628 1233 2682 καὶ
1267 2626 1427 2681 πάλιν
1455 2626 1759 2695 ἐπήνεγκεν

158 2719 357 2784 εὐθύς·
388 2739 406 2771 ι
458 2719 601 2789 Ἐγὼ
624 2723 681 2773 ἐν
716 2720 794 2791 τῷ
820 2721 1020 2792 Πατρὶ,
1049 2720 1144 2774 καὶ
1176 2722 1204 2772 6
1232 2719 1424 2789 Πατὴρ
1445 2717 1502 2769 δὲ
1530 2718 1588 2768 ὲν
1635 2714 1759 2785 ἐμοί

156 2817 335 2869 ἐστιν.
375 2835 394 2866 ι
424 2815 489 2867 Εἰ
532 2814 643 2885 γὰρ
692 2814 854 2867 τοῦτό
904 2830 1039 2883 φησι
1093 2810 1216 2866 καθ’
1249 2813 1413 2882 ὑμᾶς,
1448 2810 1531 2863 ὅτι
1566 2809 1759 2861 Καίτοι

156 2907 456 2979 χαρακτὴρ
488 2908 585 2960 καὶ
620 2906 782 2960 εἰκὼν
811 2906 1074 2976 ὑπάρχων
1105 2903 1199 2958 τοῦ
1231 2902 1642 2972 γεγεννηκότος,
1679 2900 1762 2952 ού-

158 2998 379 3060 άιωδῶς
421 2998 513 3050 ὑπ’
546 2996 711 3049 αὑτοῦ
768 2997 1120 3069 περιέχομαι,
1158 2993 1277 3058 πῶς
1304 2996 1401 3064 οὐχ
1425 2993 1628 3046 ἅπασιν
1667 2992 1761 3044 ἁν-

156 3090 503 3161 αμφίλογον,
532 3091 615 3143 ὅτι
653 3089 905 3152 τοιαύτας
935 3090 1085 3159 ἡμᾶς
1112 3087 1322 3150 ἐννοίας
1343 3086 1488 3157 ἔχειν
1518 3087 1645 3156 περὶ
1664 3084 1759 3138 τοῦ

158 3182 386 3251 Ιιατρὸς
419 3180 706 3251 βούλεται,
740 3182 1043 3253 ὁποίανπερ
1091 3182 1157 3235 ἂν
1218 3181 1477 3250 λάϐοιμεν
1535 3180 1629 3232 καὶ
1675 3178 1761 3231 ἐπ’

158 3278 320 3344 αὺτῳ
345 3293 359 3341 ;
394 3274 827 3345 Πεπερατῶσθαι
852 3274 1143 3346 τοιγαροῦν
1167 3274 1382 3343 ἀνάγκη
1414 3274 1510 3326 καὶ
1536 3272 1625 3325 τὸν
1653 3272 1767 3323 Πα-

159 3368 340 3437 τέραο
369 3367 486 3420 ἔστι
525 3368 635 3438 γὰρ
665 3369 723 3420 ὲν
756 3366 892 3437 Υῐῷ.
922 3367 1032 3420 Καὶ
1061 3366 1293 3436 ζητείτω
1346 3364 1530 3417 λοιπὸν
1559 3365 1587 3415 6
1616 3363 1767 3431 αἱρε-

159 3462 342 3525 τικὸς,
366 3461 451 3523 τίς
471 3462 498 3513 6
536 3460 739 3531 μείζων
772 3459 969 3512 αὑτοῦ·
1010 3459 1134 3528 ἐμοὶ
1160 3457 1269 3527 γὰρ
1295 3457 1356 3509 ού
1402 3455 1559 3527 Θέμις
1594 3457 1765 3507 εἰπεῖν

160 3554 194 3622 ἦ
222 3554 393 3606 νοεῖν.
415 3552 490 3604 Οὐ
526 3552 635 3623 γὰρ
675 3551 781 3605 ἀνὰ
816 3552 981 3623 μέρος
1030 3551 1129 3619 μὲν
1160 3549 1324 3603 εἰκὼν
1354 3548 1504 3602 ἕσται
1527 3546 1622 3600 τοῦ
1650 3548 1767 3600 Πα-

162 3643 295 3713 τρὸς
332 3644 364 3695 6
396 3642 546 3705 Υἱὸς,
576 3641 680 3695 ἀνὰ
710 3641 876 3713 μέρος
918 3642 976 3694 δὲ
1004 3640 1208 3693 οὐκέτι.
1246 3640 1309 3692 Εἰ
1335 3639 1443 3709 γὰρ
1483 3638 1620 3700 ὅλως
1654 3637 1767 3707 ἔχει

162 3752 218 3789 τι
280 3734 350 3787 τὸ
408 3732 786 3803 παραλλάττον
842 3731 937 3784 καὶ
994 3727 1332 3801 μεσολαϐοῦν
1383 3728 1482 3799 τὴν
1535 3727 1768 3779 εἰσάπαν

161 3827 453 3897 ὁμοίωσιν.
487 3826 651 3895 μέρος
683 3824 749 3878 ἂν
785 3824 868 3894 εἴη
898 3822 1106 3887 λοιπὸν,
1141 3823 1240 3892 οὐχ
1263 3821 1553 3891 ὁλόκληρος
1582 3819 1766 3874 εἰκών.

178 3918 350 3971 Ἀλλά
382 3916 486 3970 ποῦ
516 3915 675 3970 τοῦτο
692 3916 894 3981 δείξαις
923 3916 989 3969 ἂν
1021 3915 1119 3985 τὴν
1146 3914 1308 3983 ἁγίαν
1331 3914 1597 3982 λέγουσαν
1627 3914 1770 3985 Γρα-

166 4013 316 4081 φήν;
352 4011 414 4061 ού
438 4008 546 4080 γάρ
571 4009 742 4079 δήπου
767 4011 882 4072 τοῖς
910 4008 1025 4070 σοῖς
1065 4007 1532 4078 ἀναπεπεισμένοι
1565 4006 1767 4074 λόγοις,

164 4102 268 4170 τὴν
292 4098 404 4151 τῶν
432 4097 595 4168 ἱερῶν
609 4098 896 4168 δογμάτων
922 4096 1194 4168 ὀρθότητα
1224 4098 1613 4167 παρωσόμεθα.
1632 4097 1773 4150 Θαυ-

169 4193 338 4261 μάζω
399 4190 459 4243 δὲ
507 4191 657 4253 ὅπως
697 4191 758 4245 οὐ
804 4190 1122 4244 κατέδεισαν
1161 4190 1256 4243 ἐπὶ
1312 4190 1520 4253 τούτοις
1562 4191 1768 4243 εἰπεῖν·

166 4282 448 4352 Καθάπερ
475 4282 503 4333 6
540 4281 753 4344 Παῦλος
797 4281 889 4333 τὸν
925 4281 1162 4351 Χριστὸν
1204 4278 1350 4351 εἶχεν
1385 4283 1443 4334 ὲν
1464 4281 1644 4351 ἑαυτῷ
1671 4280 1771 4334 λα-

166 4374 374 4427 λοῦντα
436 4374 530 4426 καὶ
559 4372 887 4443 ἐνεργοῦντα
917 4374 1015 4436 τάς
1048 4373 1337 4443 δυνάμεις,
1368 4374 1458 4426 τὸν
1507 4374 1671 4426 αὐτὸν
1705 4373 1768 4444 δὴ

1858 1887 2022 1941 trem,
2058 1898 2077 1930 ι
2110 1880 2301 1933 statim
2340 1892 2542 1933 rursus
2574 1873 2898 1944 subjungit:
2939 1891 2957 1924 ι
3007 1871 3119 1940 Ego
3161 1872 3214 1924 in
3243 1868 3437 1933 Patre,

1856 1978 1911 2025 ct
1948 1970 2111 2024 Pater
2147 1970 2204 2023 in
2250 1985 2335 2023 me
2381 1978 2486 2023 est.
2539 1987 2557 2019 ι
2604 1965 2737 2019 Nam
2787 1966 2857 2028 si,
2899 1963 3166 2023 utvultis,
3214 1962 3293 2014 ait
3339 1974 3427 2024 se,

1858 2061 2110 2131 quamvis
2163 2060 2451 2114 character
2490 2066 2542 2112 et
2586 2057 2766 2126 imago
2806 2056 2878 2109 sit
2930 2052 3136 2117 Patris,
3175 2052 3439 2105 substan-

1858 2154 2063 2208 tialiter
2108 2163 2291 2207 tamen
2335 2152 2405 2205 ab
2452 2166 2518 2206 eo
2574 2147 2868 2211 contineri,
2894 2144 3146 2214 nunquid
3210 2140 3444 2195 manife-

1859 2257 2005 2300 stum
2036 2255 2091 2301 et
2120 2245 2491 2300 indubitatum
2524 2249 2609 2297 est
2639 2240 2921 2302 omnibus,
2960 2238 3101 2291 velle
3142 2244 3202 2290 ut
3236 2235 3343 2287 alia
3374 2230 3444 2285 de

1857 2339 2021 2394 Patre
2047 2340 2231 2409 qualia
2257 2346 2310 2393 et
2346 2336 2414 2390 de
2453 2336 2575 2405 ipso
2605 2330 2958 2388 sentiamus?
2990 2327 3230 2381 Finitum
3274 2323 3445 2393 igitur

1858 2450 1981 2493 esse
2012 2446 2233 2505 quoque
2283 2427 2451 2498 788
2491 2424 2709 2479 Patrem
2752 2429 3014 2491 oportet:
3056 2428 3141 2472 est
3186 2416 3334 2471 enim
3386 2413 3441 2467 in

1859 2527 2019 2582 Filio.
2051 2523 2274 2591 Quaerat
2303 2522 2485 2586 itaque
2515 2517 2737 2570 demum
2769 2513 3063 2567 limretieus
3097 2508 3223 2579 quis
3266 2506 3445 2574 major

1858 2634 1925 2676 eo
1961 2619 2068 2673 sit:
2104 2630 2214 2669 non
2252 2612 2396 2666 enim
2429 2608 2672 2679 cogitare
2699 2615 2795 2658 aut
2818 2604 3005 2659 dicere
3055 2601 3139 2655 fas
3168 2599 3300 2653 mihi
3336 2605 3443 2660 est,

1860 2725 1963 2766 nec
1997 2709 2142 2764 enim
2181 2704 2382 2775 partim
2419 2700 2641 2771 quidem
2690 2696 2872 2751 Patris
2901 2696 3009 2750 erit
3038 2695 3219 2763 imago
3243 2689 3449 2751 Filius,

1862 2804 2061 2875 partim
2096 2815 2232 2855 vero
2261 2812 2375 2852 non
2409 2796 2537 2849 erit.
2581 2791 2718 2846 Nam
2771 2791 2818 2845 si
2862 2788 3091 2842 omnino
3142 2785 3306 2839 habet
3346 2782 3448 2836 ali-

1860 2874 1993 2966 quid
2025 2892 2171 2963 quod
2222 2885 2676 2961 perfectissimam
2726 2879 3153 2936 similitudinem
3201 2874 3451 2938 dirimat,

1862 3006 1972 3045 non
2020 2987 2125 3043 erit
2168 2984 2417 3053 perfecta
2457 2986 2512 3033 et
2560 2974 2739 3032 solida
2773 2976 2976 3043 imago.
3012 2974 3083 3025 At
3131 2968 3356 3022 ubinam
3394 2966 3450 3019 id

1864 3083 1920 3137 in
1951 3078 2129 3136 sacris
2159 3073 2385 3130 Litteris
2411 3068 2700 3141 reperies?
2732 3081 2834 3120 nec
2857 3064 3004 3120 enim
3037 3063 3146 3117 tuis
3177 3058 3454 3116 sermoni—

1868 3174 1971 3228 bus
2003 3167 2252 3238 persuasi
2288 3173 2495 3219 rectam
2521 3174 2812 3216 sacrorum
2833 3156 3157 3226 dogmatum
3176 3153 3449 3205 rationem

1864 3261 2203 3331 rejiciemus.
2237 3256 2375 3309 Illud
2420 3251 2610 3306 mirari
2654 3250 2826 3313 subit,
2856 3245 3137 3316 quomodo
3177 3241 3453 3309 subjicere

1867 3355 1987 3409 ausi
2019 3353 2128 3407 sint
2156 3370 2167 3404 :
2206 3343 2679 3415 Quemadmodum
2704 3340 2912 3394 Paulus
2949 3338 3231 3392 Christum
3284 3332 3455 3387 hahe-

1867 3449 1962 3504 hat
2011 3447 2067 3499 in
2118 3443 2304 3512 seipse
2353 3440 2668 3505 loquentem
2719 3441 2774 3488 et
2818 3432 3056 3485 virtutes
3103 3434 3453 3497 operantem,

1866 3537 2059 3595 eodem
2087 3534 2250 3589 modo
2285 3540 2338 3587 et
2371 3529 2544 3583 Filius
2576 3526 2794 3580 Patrem
2831 3526 3145 3593 loquentem
3197 3526 3252 3573 et
3294 3517 3454 3586 signa

1868 3632 2119 3688 edentem
2170 3624 2413 3680 habebat
2448 3622 2503 3675 in
2549 3620 2754 3689 seipso.
2810 3615 2968 3672 Unde
3007 3615 3126 3667 ait:
3174 3629 3194 3663 ι
3233 3608 3459 3665 Credite

1868 3725 1997 3796 quia
2021 3737 2123 3793 ego
2154 3721 2208 3774 in
2244 3718 2426 3779 Patre,
2460 3728 2513 3770 et
2540 3714 2699 3767 Pater
2732 3713 2787 3765 in
2823 3726 2912 3766 me
2944 3716 3051 3772 est,
3082 3704 3286 3773 alioqui
3315 3716 3446 3771 pro-

1872 3794 1996 3889 pter
2031 3828 2201 3884 opera
2242 3812 2362 3881 ipsa
2407 3806 2639 3863 credite.
2696 3824 2715 3857 ι
2749 3802 2952 3857 Verum
3005 3799 3131 3870 quis
3182 3794 3459 3849 Christia-

1871 3926 2003 3966 num
2045 3904 2392 3976 nuncupabit
2423 3902 2577 3955 illum
2637 3899 2733 3969 qui
2770 3898 2903 3950 talia
2940 3896 3008 3949 de
3059 3891 3292 3947 Christo
3326 3904 3458 3943 sen-

1871 4004 1974 4058 tiat
2006 4016 2072 4055 ac
2117 4001 2377 4069 loquatur
2405 3995 2427 4047 ?
2458 3994 2598 4048 Ecce
2627 3992 2797 4051 enim,
2825 4003 2957 4043 ecce
2992 4001 3103 4040 non
3129 3985 3241 4054 jam
3277 3982 3458 4051 ipsum

1870 4111 2000 4150 vere
2034 4093 2204 4148 Deum
2245 4090 2404 4152 dicit,
2448 4087 2546 4143 sed
2582 4082 2859 4156 praecipiti
2913 4080 3145 4134 audacia
3197 4074 3459 4145 affingens

1872 4188 1924 4243 ei
1963 4185 2113 4257 quod
2156 4182 2434 4238 creaturis
2488 4176 2751 4232 convenit
2779 4216 2792 4235 ,
2845 4171 3115 4229 deiferum
3159 4166 3461 4239 quemdam

1877 4280 2088 4348 Deique
2121 4274 2470 4346 participem,
2496 4271 2613 4326 sive
2642 4285 2709 4324 ex
2748 4266 2861 4321 Deo
2903 4270 3258 4335 procreatum
3290 4258 3459 4313 Deum

1878 4370 2158 4443 pradicat.
2201 4366 2263 4421 Ei
2292 4367 2500 4436 quippe
2530 4362 2882 4433 propositum
2921 4366 3006 4413 est
3054 4355 3205 4410 omni
3245 4352 3464 4407 ratione

166 4466 380 4536 τρόπον
408 4465 503 4518 καὶ
541 4468 570 4518 6
608 4466 734 4529 Υἱὸς
777 4466 867 4518 τὸν
898 4465 1120 4533 Πατέρα
1143 4464 1413 4518 λαλοῦντα
1435 4507 1449 4526 ,
1469 4467 1565 4518 καὶ
1584 4465 1654 4519 τὰ
1685 4482 1761 4535 Tq-

1886 4480 1950 4520 ac
1982 4461 2148 4516 modo
2191 4476 2221 4513 a
2274 4459 2366 4514 Dei
2408 4474 2472 4513 ac
2504 4455 2684 4510 Patris
2713 4451 3028 4509 substantia
3069 4460 3301 4518 prorsus
3335 4459 3463 4498 eum

172 4561 307 4628 μεῖα
333 4557 594 4610 ποιοῦντα
624 4555 770 4629 εἶχεν
794 4562 851 4612 ἐν
878 4558 1078 4629 ἑαυτῷ.
1098 4558 1188 4611 Διό
1210 4575 1343 4629 φησι
1360 4575 1372 4587 ·
1407 4576 1425 4607 ι
1459 4556 1770 4621 Πιστεύετε,

167 4651 255 4702 ὃτι
278 4647 397 4716 ἐγὼ
426 4650 484 4701 ὲν
514 4648 592 4719 τῷ
627 4651 821 4719 Πατρὶ,
859 4651 954 4703 καὶ
978 4652 1006 4703 ὀ
1038 4649 1227 4719 Πατὴρ
1260 4649 1316 4701 δὲ
1354 4650 1412 4701 ὲν
1444 4649 1589 4718 ἐμοί.
1624 4648 1687 4700 Et
1714 4647 1772 4701 δὲ

174 4743 386 4813 μὴ,διά
416 4741 486 4794 τὰ
526 4741 665 4811 ἔργα
705 4743 845 4796 αῦτά
884 4741 1173 4795 πιστεύετέ
1206 4759 1313 4811 μοι.
1352 4760 1370 4790 ι
1419 4737 1550 4793 Εἶτα
1582 4738 1664 4803 τίς
1692 4739 1773 4791 έτι

170 4834 510 4901 Χριστιανὸν
535 4838 796 4906 προσερεῖ
824 4834 916 4888 τὸν
938 4833 1080 4887 οὕτω
1112 4832 1508 4903 διεσκεμμένον
1548 4832 1642 4884 καὶ
1678 4848 1775 4883 πε-

173 4926 496 4998 φρονηκὰτα
556 4928 689 4997 περὶ
746 4926 1038 4997 Χριστοῦ;
1100 4925 1242 4978 Ἰδοὺ
1298 4925 1442 4996 γὰρ,
1489 4924 1635 4986 ἰδοῦ,
1680 4923 1775 4977 καὶ

178 5019 335 5087 μάλα
362 5018 573 5086 σαφῶς,
601 5020 734 5072 Θεὸν
770 5020 868 5089 μὲν
899 5020 1062 5074 αὑτὸν
1100 5019 1285 5072 οὐκέτι
1327 5019 1490 5088 φησὶν
1523 5015 1736 5087 ἀληθῶς
1757 5033 1771 5046 ·

176 5110 580 5181 ῥιψοκινδύνως
609 5112 664 5165 δὲ
709 5112 955 5182 περιθεὶς
999 5113 1065 5166 τὸ
1113 5113 1328 5181 πρέπον
1367 5114 1479 5174 τοῖς
1513 5111 1775 5177 κτίσμασι

179 5202 386 5272 μέτρον
408 5201 851 5273 αὐτῷ,οεοφόρον
884 5204 1004 5257 τινὰ
1045 5204 1140 5255 καὶ
1166 5202 1300 5255 Θεοῦ
1328 5202 1575 5272 μέτοχον,
1608 5201 1777 5270 ῆγουν

180 5297 247 5347 ἐκ
286 5293 427 5347 Θεοῦ
456 5295 784 5365 γεννηθέντα
836 5297 969 5349 Θεὸν
1002 5296 1281 5367 κηρύττει.
1314 5296 1523 5358 Σκοπὸς
1551 5295 1658 5365 γὰρ
1679 5295 1777 5349 αὐ-

181 5386 261 5455 τῷ
298 5387 389 5440 διά
419 5388 727 5452 παντὸς.ὼς
758 5388 889 5452 ἔπος
915 5392 1110 5454 εἰπεῖν,
1143 5389 1348 5459 τρόπου
1376 5388 1468 5441 καὶ
1498 5387 1657 5455 λόγου
1682 5386 1781 5456 τῆς

184 5477 379 5541 οὐσίας
436 5478 533 5531 τοῦ
573 5480 709 5532 Θεοῦ
761 5482 855 5533 καὶ
902 5481 1113 5551 Παπρὸς
1159 5480 1437 5543 παντελῶς
1495 5480 1781 5549 ἀπείργειν

186 5569 353 5625 αὐτὸν
385 5611 398 5633 ,
439 5572 531 5624 καὶ
571 5574 800 5626 εἰσάπαν
833 5576 1127 5645 ἀποτεμεῖν
1162 5574 1261 5646 τῆς
1309 5573 1545 5644 φυσικῆς
1574 5574 1777 5626 x1106-

268 5763 283 5789 '
320 5757 518 5814 Jcrcm.
553 5779 624 5826 Ix,
664 5761 712 5816 ι.

1879 4557 2198 4619 excludere,
2239 4562 2294 4606 et
2341 4566 2373 4603 a
2429 4546 2674 4602 naturali
2722 4554 2889 4615 atque
2935 4538 3290 4597 substantiali
3336 4550 3466 4606 pro-

1879 4653 2117 4724 prietate
2145 4660 2311 4717 quam
2354 4658 2478 4697 cum
2516 4656 2619 4697 suo
2649 4639 2814 4693 Patre
2842 4653 2909 4691 ac
2944 4635 3053 4690 Deo
3090 4634 3277 4696 habet,
3310 4646 3470 4701 pror-

1880 4760 1977 4800 sus
2023 4754 2297 4795 resecare.
2341 4736 2410 4787 At
2465 4733 2620 4798 quid,
2652 4746 2865 4799 quaeso,
2894 4728 2981 4782 his
3022 4724 3304 4794 stupidius
3338 4736 3465 4776 esse

1880 4832 2107 4908 potest?
2149 4839 2244 4884 aut
2284 4825 2567 4897 quomodo
2607 4838 2716 4876 non
2751 4822 2901 4875 velut
2952 4816 3188 4872 mortuis
3234 4818 3346 4883 jam
3401 4828 3466 4865 ac

1879 4905 2111 5000 perditis
2150 4917 2612 4991 illacrymaveris,
2639 4914 2733 4984 qui
2771 4920 2880 4965 tam
2916 4909 3182 4964 effrenato
3212 4921 3379 4960 cursu
3411 4905 3466 4957 in

1878 4998 2216 5088 impietatem
2266 5010 2642 5082 prmeipitant,
2700 5014 2754 5060 ct
2809 5012 3119 5072 opportune
3167 4998 3467 5053 admodum

1880 5113 2070 5167 dices:
2112 5127 2131 5158 ι
2170 5105 2305 5171 Quis
2360 5101 2517 5157 dabit
2557 5098 2722 5167 capiti
2760 5111 2883 5150 meo
2917 5109 3143 5163 aquam,
3192 5100 3245 5146 et
3285 5090 3468 5145 oculis

1886 5203 2023 5259 meis
2065 5200 2272 5253 fontem
2314 5195 2712 5264 laerymarum,
2760 5196 2816 5241 et
2853 5186 3082 5257 ploraho
3120 5184 3210 5239 die
3250 5198 3315 5236 ac
3366 5197 3468 5235 no-

1887 5305 1974 5349 cte
1996 5294 2056 5345 3?
2091 5311 2106 5342 ι
2139 5290 2220 5345 0b
2248 5288 2447 5341 horum
2479 5283 2626 5338 enim
2659 5279 3074 5335 contumaciam
3122 5291 3231 5329 non
3272 5276 3467 5327 innue-

1890 5387 1995 5440 rito
2015 5384 2145 5455 quis
2168 5392 2420 5449 magnam
2451 5375 2823 5443 lacrymarum
2858 5372 2967 5422 vim
2995 5368 3323 5437 profuderit.
3361 5361 3468 5418 Sed

1890 5477 2152 5549 queniam
2214 5470 2471 5526 veritatis
2535 5465 2811 5537 dogmatis
2872 5465 3105 5518 illorum
3136 5459 3468 5522 calumnias,

1893 5584 2116 5643 promer
2147 5565 2552 5637 simpliciorum
2589 5560 2911 5622 utilitatem,
2950 5553 3329 5612 retundendas
3382 5563 3476 5608 ar-
