3892 6202
431 189 540 246 325
1441 189 1500 244 S.
1533 187 1803 245 CYBHLI
1842 189 2314 246 ALEXANDRINI
2355 194 2672 252 ARCIHEP.
3612 199 3722 262 2'2"

428 311 632 374 'bitror,
665 325 786 381 age,
819 326 1018 367 rursus
1057 311 1192 366 illud
1213 311 1296 366 eis
1329 311 1578 367 dicamus
1632 327 1736 368 nos
1775 313 1894 365 zelo
1929 328 2020 366 ze-

2151 313 2352 379 ἰὡδους
2375 319 2708 388 οἰκειότητος
2741 316 2932 392 ἧςέχει
2975 322 3111 395 πρὸς
3139 323 3230 378 τὸν
3266 324 3463 379 ἑαυτοῦ
3499 327 3723 394 Πατέρα

434 405 579 460 lasse
608 401 864 462 Domino.

2151 410 2215 461 Lat
2246 407 2400 463 Θεόν.
2433 406 2565 464 Εἶτα
2597 411 2650 464 τί
2676 412 2742 467 ἂν
2777 415 2988 482 γένοιτο
3019 415 3129 470 τῶν
3159 417 3418 470 τοιούτων
3447 417 3507 470 τὸ
3551 417 3722 484 ὑπερι

433 495 627 568 τεροῦν
661 499 742 562 είς
769 498 1143 570 ἀποπληξίανς
1173 498 1205 570 ἢ
1237 497 1354 561 πῶς
1386 499 1487 552 οὑκ
1519 499 1584 554 ἀν
1606 517 1708 564 τις,
1731 500 1864 553 ὡσεὶ
1886 500 2100 569 νεκροῖς
2136 500 2237 571 ἤδη
2266 501 2360 554 καὶ
2393 503 2732 570 ἀπολωλόσι,
2777 507 2836 560 τὸ
2887 509 2953 559 ἐκ
2978 508 3078 577 τῆς
3145 509 3370 580 ἀγάπης
3414 510 3728 573 ἀποστάξαι

433 590 688 663 δάκρυον,
737 593 1008 664 ἀχαλίνως
1035 592 1178 648 οὕτω
1213 594 1612 665 τετραμμένοις
1638 597 1718 658 εἰς
1745 596 2022 658 ἀσέϐειαν,
2059 597 2177 666 ἐρεῖ
2202 597 2258 650 δὲ
2283 598 2378 650 καὶ
2416 599 2537 653 λίαν
2568 602 2841 672 εὐκαίρως
2865 619 2880 634 ο
2911 624 2929 654 ι
2955 605 3050 668 Τίς
3079 604 3240 659 δώσει
3277 609 3343 678 τῇ
3376 607 3588 676 κεφαλῇ
3617 622 3729 676 μου

429 681 602 754 ¹ὕδωρ,
629 685 724 738 καὶ
775 689 888 750 τοῖς
918 685 1219 756 ὀφθαλμοῖς
1290 703 1393 755 μου
1448 685 1633 756 πηγὴν
1693 687 1968 757 δακρύων,
2005 687 2100 740 καὶ
2131 687 2439 760 κλαύσομαι
2478 691 2572 746 τὸν
2635 692 2764 746 λαὸν
2793 694 2980 748 τοῦτον
3022 697 3234 767 ἡμέρας
3281 699 3377 752 καὶ
3424 698 3656 762 νυκτός;
3704 717 3723 747 ι

446 776 570 829 Ἐπὶ
595 778 703 848 γὰρ
733 780 844 841 τοῖς
871 779 939 832 τὰ
963 777 1184 831 τοιαῦτα
1219 778 1434 847 φρονεῖν
1465 776 1740 846 ἑλομένοις
1779 777 2024 848 ἀκρατὲς
2060 775 2126 830 άν
2182 797 2268 844 τις
2307 783 2535 850 εἰκότως
2582 787 2872 852 ἐπιστάξαι
2922 789 3179 859 δάκρυον.
3237 791 3453 862 Ἐπειδὴ
3493 791 3553 845 δὲ
3606 793 3732 854 τοῖς

433 864 496 930 ἐξ
531 866 788 935 ἀληθείας
835 867 1102 939 δόγμασιν
1155 866 1562 938 ἀποκρούεσθαι
1619 867 1728 921 δεῖν
1766 870 1865 933 τὰς
1919 871 2053 940 παρ’
2106 871 2333 928 ἐκείνων
2379 878 2749 947 συκοφαντίας
2801 881 3105 950 προσήκειν
3157 880 3569 951 ὑπολαμϐάνω,
3633 878 3733 930 διὰ

435 958 497 1012 τὸ
548 962 660 1024 τοῖς
709 961 1100 1032 ἁπλουστέροις
1163 958 1439 1023 λυσιτελὲς

435 1049 648 1122 Κυρίῳ.

509 1143 738 1198 Divinus
759 1142 907 1197 enim
941 1139 1173 1209 Paulus,
1197 1153 1254 1198 et
1283 1146 1470 1215 quivis
1503 1152 1829 1201 sanctorum
1853 1143 2026 1206 alius,

429 1253 561 1294 cum
591 1234 875 1290 Christum
913 1235 968 1288 in
1005 1235 1124 1290 suis
1165 1237 1448 1293 mentibus
1494 1237 1902 1292 inhabitantem
1931 1236 2032 1289 ha-

437 1334 635 1389 berent
663 1344 762 1401 per
799 1327 1099 1398 Spiritum,
1135 1328 1414 1384 faciebant
1446 1346 1571 1400 qua:
1593 1329 1819 1386 Christo
1849 1331 2034 1399 place-

436 1433 583 1490 rent,
606 1432 662 1480 et
689 1422 964 1476 miracula
977 1421 1238 1479 edebant.
1263 1423 1333 1478 At
1357 1432 1602 1486 constat,
1626 1423 1714 1479 vel
1739 1433 1831 1478 tua
1856 1422 2032 1492 ipsius

432 1516 816 1577 confessione,
851 1514 1001 1585 quod
1034 1530 1161 1569 cum
1196 1515 1454 1572 homines
1490 1523 1681 1572 essent
1718 1527 1947 1578 natura,
1978 1523 2033 1568 et

437 1608 589 1665 aliud
631 1605 899 1678 quiddam
941 1607 1252 1663 substantia
1318 1624 1485 1678 quam
1533 1619 1764 1664 sanctus
1815 1607 2030 1662 Christi

437 1701 686 1773 Spiritus
728 1700 824 1772 qui
865 1700 924 1756 in
965 1701 1047 1755 eis
1085 1700 1393 1763 habitabat,
1444 1701 1698 1771 religiosi
1751 1708 1936 1755 tamen
1978 1711 2032 1753 et

432 1799 642 1868 pietate
661 1794 950 1865 conspicui
971 1802 1134 1849 erant
1156 1794 1324 1864 789
1342 1811 1438 1864 per
1455 1795 1638 1848 datam
1653 1793 1736 1849 eis
1755 1808 1785 1846 a
1809 1793 2032 1847 Christo

436 1888 699 1959 gratiam.
730 1885 836 1941 Sed
874 1885 1165 1941 nobiscum
1197 1887 1389 1956 utique
1421 1885 1705 1952 fateberis,
1731 1886 2033 1955 aliquando

438 1982 618 2052 gratia
650 1981 830 2036 fuisse
861 1979 1188 2044 destitutos,
1222 1987 1606 2034 verumtamen
1636 1994 1703 2034 eo
1735 1978 1910 2034 fuisse
1939 1994 2032 2032 vo-

432 2081 618 2134 catos,
652 2087 777 2126 cum
808 2069 884 2124 ita
915 2070 1097 2125 visum
1125 2078 1275 2124 esset
1303 2071 1489 2123 omnia
1524 2077 1677 2124 recte
1705 2069 2032 2140 gubernanti

436 2164 572 2220 Deo.
624 2161 770 2217 Fieri
799 2176 940 2233 ergo
962 2169 1182 2232 poterat
1214 2170 1273 2214 ut
1303 2161 1442 2216 vitio
1475 2161 1665 2230 aliquo
1695 2161 1780 2214 vel
1806 2168 2035 2231 peccato

436 2256 635 2311 beatus
657 2253 888 2316 Paulus,
904 2263 1002 2308 aut
1023 2254 1167 2308 alter
1191 2253 1240 2308 ei
1276 2253 1498 2317 similis,
1519 2253 1690 2308 Deum
1726 2251 2034 2318 offendens,

437 2348 567 2402 data
606 2345 712 2401 sibi
747 2346 924 2415 gratia
954 2344 1293 2413 privaretur,
1326 2350 1381 2396 et
1407 2342 1462 2396 in
1493 2357 1614 2396 eam
1639 2341 2033 2398 demissionem

437 2436 589 2493 unde
621 2443 931 2493 emerserat
965 2435 1148 2490 denuo
1179 2433 1577 2490 detruderetur
1599 2443 1768 2504 atque
1804 2435 2033 2489 rediret.

441 2530 601 2598 Quod
659 2529 813 2584 enim
866 2527 1093 2582 aliunde
1142 2527 1442 2582 asciscitur
1493 2534 1549 2581 et
1609 2525 1840 2592 accidit,
1875 2524 2038 2580 facile

437 2623 620 2679 amitti
651 2630 836 2692 potest
873 2629 1040 2691 atque
1069 2618 1301 2682 auferri,
1338 2626 1531 2689 utpote
1574 2619 1787 2673 datum.
1818 2619 1902 2672 An
1939 2617 2038 2687 igi-

442 2727 559 2778 tur,
596 2731 629 2771 o
659 2717 804 2770 bone
831 2714 1025 2783 (juvat
1059 2714 1207 2768 enim
1245 2712 1445 2765 iterum
1487 2718 1542 2765 te
1571 2709 1956 2781 compellare),
1989 2709 2035 2763 si

436 2809 915 2881 quemadmodum
944 2814 1069 2862 erat
1115 2805 1170 2860 in
1209 2803 1384 2859 Paulo
1421 2802 1682 2859 Christus
1724 2804 1957 2875 loquens
1983 2815 2038 2859 et

1460 999 1476 1025 ,
1529 959 1664 1030 φέρε
1726 961 1890 1015 πάλιν
1933 961 2119 1026 αὑτοῖς
2165 965 2344 1020 ἐκεῖνο
2389 968 2684 1041 λέγωμεν,
2745 971 2828 1025 ὅτι
2888 972 3180 1043 ζηλοῦντες
3243 971 3601 1044 ὲζηλώκαμεν
3645 971 3729 1041 τῷ

2219 1138 2276 1191 Ὀ
2305 1140 2414 1212 γάρ
2443 1159 2521 1195 τοι
2557 1143 2844 1209 Θεσπέσιος
2877 1145 3108 1212 Παῦλος,
3152 1139 3198 1198 ὦ
3228 1141 3397 1212 οὗτοι,
3431 1149 3464 1220 ἢ
3513 1153 3611 1205 καί
3639 1169 3734 1216 τις

2132 1231 2322 1302 ἕτερος
2349 1233 2459 1287 τῶν
2491 1237 2683 1305 ἁγίων,
2718 1238 2809 1291 τὸν
2841 1239 3076 1308 Χριστὸν
3109 1239 3328 1312 ἔχοντες
3365 1247 3487 1308 ταῖς
3511 1246 3735 1301 ἑαυτῶν

2133 1326 2398 1390 διανοίαις
2445 1329 2818 1385 ὲνοικισθέντα
2853 1331 2944 1385 διὰ
2999 1333 3096 1388 τοῦ
3154 1334 3508 1405 Πνεύματος,
3553 1337 3734 1408 ἔδρων

2137 1416 2196 1474 εὖ
2233 1420 2378 1490 μάλα
2408 1423 2476 1475 τά
2497 1421 2757 1477 δοκοῦντα
2782 1424 3026 1496 Θεῷ,κα“ι
3055 1427 3380 1498 δημιουργοὶ
3407 1429 3518 1483 τῶν
3545 1448 3736 1504 παρα-

2066 1547 2108 1602 B
2136 1507 2304 1602 δόξων
2352 1511 2654 1602 ἐιραίνοντο.
2686 1512 2899 1567 Οὐκοῦν
2949 1515 3153 1587 ἄραρεν
3177 1556 3192 1580 ,
3225 1517 3253 1570 ὃ
3293 1535 3345 1571 τι
3390 1519 3539 1590 δοίης
3579 1521 3625 1573 δ’
3662 1522 3735 1579 ἂν

2139 1600 2235 1653 καὶ
2283 1600 2447 1666 αὑτὸς
2480 1603 2749 1675 ὑπάρχειν
2806 1605 3009 1676 ἀληθὲς
3033 1648 3046 1670 ,
3097 1607 3174 1670 ὡς
3224 1608 3503 1681 ἄνθρωποί
3535 1629 3596 1664 τε
3629 1612 3735 1683 τὴν

2140 1692 2303 1761 φύσιν
2340 1694 2712 1766 ὑπάρχοντες,
2765 1697 2860 1750 καὶ
2909 1697 3096 1769 ἕτερόν
3133 1718 3184 1753 τι
3223 1701 3365 1754 κατά
3408 1704 3508 1774 τὴν
3537 1703 3736 1759 οὑσίαν

2140 1784 2292 1856 παρά
2334 1784 2396 1837 τὸ
2439 1785 2684 1840 ἐνοικοῦν
2740 1789 2926 1853 αὑτοῖς
2974 1790 3130 1858 ἅγιον
3183 1790 3410 1864 Πνεῦμα
3460 1795 3734 1864 Χριστοῦ,

2139 1876 2389 1947 Θεοφόὸοι
2437 1879 2583 1942 τινες
2612 1875 2754 1949 ἦσαν
2796 1882 2890 1934 καὶ
2939 1881 3184 1955 λαμπροὶ¹
3223 1883 3311 1939 διὰ
3349 1885 3450 1954 τῆς
3478 1886 3736 1957 δοθείσης

2140 1970 2322 2033 αὑτοῖς
2371 1971 2523 2042 παρὰ
2556 1971 2796 2042 Χριστοῦ
2829 1975 3074 2044 χάριτος.
3111 1977 3366 2048 Συνερεῖς
3407 1977 3462 2030 δὲ
3509 1979 3735 2041 πάντως

2139 2063 2303 2131 ἡμῖν.
2343 2061 2422 2126 ὥς
2460 2061 2658 2134 ἔρημοι
2713 2064 2813 2136 μὲν
2867 2063 2962 2118 τοῦ
2993 2067 3337 2138 χαρίσματος
3381 2062 3523 2139 ἦσάν
3571 2086 3732 2133 ποτε,

2141 2154 2437 2228 κέκληνται
2473 2174 2538 2228 γε
2571 2157 2678 2228 μὴν
2709 2159 2792 2220 εἰς
2819 2159 2974 2222 αὑτὸ,
3010 2159 3170 2226 δόξαν
3209 2159 3353 2215 οὑτω
3375 2161 3558 2227 καλῶς
3584 2162 3736 2234 ἔχειν

2139 2247 2219 2318 τῷ
2250 2249 2429 2303 πάντα
2477 2250 2658 2314 καλῶς
2705 2249 2994 2305 διῖθύνοντι
3041 2251 3164 2324 Θεῷ
3186 2267 3199 2279 °
3230 2248 3299 2324 ἦν
3328 2249 3422 2307 οὖν
3453 2254 3561 2325 ἄρα
3617 2255 3732 2308 τῶν

2141 2340 2508 2412 ἐνδεχομένων
2536 2343 2630 2395 καὶ
2650 2342 2742 2396 διά
2779 2360 2925 2406 τινος
2957 2341 3066 2396 τῶν
3089 2343 3309 2396 ἀτόπων
3355 2344 3389 2416 ἥ
3426 2345 3521 2398 καὶ
3547 2344 3732 2416 ὀρθῶς

2141 2432 2244 2485 οὑκ
2272 2433 2654 2504 εἰργασμένων
2701 2434 3190 2506 προσκεκρουκότα
3227 2433 3307 2505 τῷ
3348 2435 3467 2505 Θεῷ
3493 2435 3586 2488 τὸν
3623 2453 3730 2506 μα-

2145 2525 2335 2598 κάριον
2370 2525 2605 2591 Παῦλον,
2634 2529 2803 2598 ἧγουν
2834 2528 2960 2582 τινὰ
2991 2527 3105 2582 τῶν
3141 2529 3262 2583 κατ’
3301 2530 3509 2583 ἐκεῖνον
3542 2528 3736 2600 ἕτερον

2144 2620 2352 2692 ἔρημον
2385 2621 2485 2692 μὲν
2512 2621 2614 2692 τῆς
2642 2621 2894 2693 δοθείσης
2933 2622 3084 2693 αὑτῷ
3109 2623 3333 2693 χάριτος
3373 2622 3608 2693 ὀφθῆναι
3638 2621 3732 2674 δύο

2143 2712 2360 2776 νασθαι,
2392 2713 2834 2768 κατωθεῖσθαιδὲ
2865 2710 3024 2778 αὖθις
3052 2715 3146 2769 καὶ
3170 2715 3488 2768 ὑπονοστεῖν
3522 2715 3604 2778 είς
3630 2715 3742 2784 τὴν

2145 2803 2268 2858 ὅθεν
2318 2804 2485 2874 ἀνέϐη
2533 2805 2886 2859 ταπείνωσιν.
2935 2805 3010 2858 Τὸ
3039 2805 3152 2876 γὰρ
3197 2806 3335 2870 ὅλως
3388 2805 3587 2873 ἔξωθεν
3637 2805 3736 2860 καὶ

442 2902 714 2958 miracula
736 2901 972 2961 faciens.
990 2900 1150 2971 juxta
1169 2907 1320 2954 tuam
1342 2898 1570 2954 stultam
1589 2906 1645 2953 et
1668 2898 1895 2968 impiam
1912 2913 2040 2952 sen-

2151 2899 2387 2952 ὲπακτὸν
2442 2897 2644 2968 ῥαδίως
2695 2898 2763 2952 ἂν
2823 2897 3163 2952 ἀποπτύοιτο
3220 2899 3315 2952 καὶ
3367 2899 3736 2970 ἀναφαίρετόν

447 2991 705 3055 tentiam,
745 2990 820 3044 ita
851 2987 1070 3044 Patrem
1101 2989 1154 3042 in
1183 2986 1326 3042 Filio
1359 2988 1486 3058 quis
1516 3003 1643 3043 esse
1677 2987 2038 3051 concesserit,

443 3083 701 3153 nunquid
740 3082 956 3137 clarum
1004 3088 1061 3136 et
1093 3081 1470 3136 indubitatum
1505 3086 1590 3134 est
1626 3078 1797 3134 Deum
1833 3093 2042 3148 nequa-

442 3191 610 3246 quam
643 3175 763 3232 fore
796 3174 1102 3231 secundum
1137 3183 1420 3240 naturam,
1457 3173 1554 3228 sed
1593 3171 1744 3226 aliud
1775 3173 2041 3243 quiddam

442 3269 519 3325 ab
548 3269 901 3324 inhabitante
928 3266 1115 3332 Patre,
1143 3268 1240 3338 qui
1265 3283 1392 3322 vere
1415 3265 1602 3322 Deus?
1632 3265 1726 3320 Sic
1744 3266 1894 3321 enim
1921 3273 2044 3318 erat

441 3363 503 3417 in
533 3360 706 3416 Paulo
729 3361 1013 3417 Christus.
1039 3361 1481 3416 lnstrumentum
1508 3359 1682 3428 igitur
1705 3374 1770 3413 ac
1798 3373 1899 3412 vas
1929 3359 2046 3411 vel-

441 3455 530 3510 uti
575 3454 855 3524 quoddam
890 3463 977 3510 est
1020 3452 1353 3524 Unigenitus
1400 3452 1456 3506 in
1490 3451 1725 3522 gloriam
1766 3465 2046 3522 praepara-

442 3557 585 3610 tum,
615 3561 721 3602 nec
752 3561 782 3601 a
811 3546 947 3602 tibia
990 3545 1175 3602 forsan
1205 3552 1303 3598 aut
1337 3545 1454 3614 lyra
1489 3543 1746 3607 distabit,
1783 3542 1922 3598 illud
1957 3558 2045 3596 re-

443 3652 658 3694 sonans
691 3637 841 3708 quod
884 3637 1160 3707 inSpiratu
1211 3636 1478 3690 nimirum
1522 3643 1622 3690 aut
1667 3636 1880 3705 plectro
1923 3638 2046 3706 jus-

448 3745 571 3786 sum
599 3731 708 3785 erit
741 3750 753 3785 :
784 3737 840 3786 et
884 3731 952 3784 ad
989 3731 1260 3786 miracula
1292 3729 1506 3785 edenda
1539 3729 1710 3784 Pater
1740 3745 1807 3784 eo
1836 3737 2044 3797 utetur,

445 3837 560 3894 quo
592 3831 759 3894 pacto
810 3823 956 3879 fabri
997 3824 1218 3894 lignarii
1266 3839 1420 3878 serra
1469 3823 1554 3878 vel
1593 3824 1764 3879 ascia.
1800 3823 1870 3876 At
1911 3823 2044 3893 quid

448 3916 555 3971 hoc
599 3915 942 3970 absurdius?
978 3914 1116 3969 Nam
1160 3929 1290 3969 cum
1329 3915 1452 3982 ejus
1487 3913 1559 3968 sit
1601 3921 1840 3980 naturae,
1873 3921 1931 3966 ut
1969 3912 2048 3968 illi

450 4007 669 4075 dicunt,
702 4024 732 4062 a
756 4007 869 4064 Deo
899 4023 965 4063 ac
997 4008 1160 4062 Patre
1187 4021 1420 4078 prorsus
1454 4007 1672 4062 alienus
1707 4009 1839 4070 erit,
1864 4021 1928 4060 ea
1958 4021 2049 4060 ra-

444 4100 601 4154 tione
635 4114 744 4170 qua
773 4111 973 4154 natura
1002 4099 1149 4156 Deus
1183 4108 1270 4155 est
1313 4100 1370 4155 in
1402 4100 1591 4165 nobis,
1631 4107 1686 4155 et
1710 4114 1878 4154 nemo
1905 4099 2049 4153 alius

447 4191 521 4247 ab
575 4193 719 4263 ipso.
766 4189 926 4259 Quod
978 4194 1026 4249 si
1072 4209 1102 4248 a
1145 4194 1328 4251 Patris
1380 4192 1694 4250 subStantia
1739 4192 1817 4245 ita
1867 4189 2048 4247 Filius

2145 2987 2270 3059 [ῑσ.
2301 2989 2694 3064 ὲναφαίρετόν]
2721 2993 2893 3054 ἐστιν,
2923 2991 2998 3054 ὥς
3030 2991 3203 3046 δοτόν.
3231 2987 3359 3063 'Ap’
3382 2987 3501 3055 νῦν,
3535 2986 3581 3045 ὧ
3611 2991 3738 3062 βέλ-

2141 3098 2292 3134 τιστε
2329 3081 2690 3154 (τετράψεται
2739 3086 2846 3153 γὰρ
2892 3083 3026 3153 πρὸς
3077 3082 3137 3136 σε
3169 3085 3197 3136 ό
3224 3082 3381 3151 λόγος
3411 3082 3639 3153 πάλιν),
3674 3085 3728 3136 εί

2144 3173 2288 3228 κατὰ
2333 3173 2433 3245 τὴν
2486 3175 2625 3247 πρὸς
2673 3174 2732 3227 σὲ
2787 3175 3152 3229 ἀπαιδευσίαν
3207 3175 3305 3228 καὶ
3357 3174 3747 3245 ἀσεϐεστάτην

2148 3267 2439 3338 ὑπόληψιν,
2467 3266 2720 3340 καθάπερ
2754 3263 2824 3338 ἦν
2846 3269 2903 3321 ὲν
2928 3267 3006 3339 τῷ
3038 3267 3238 3338 Παύλῳ
3271 3267 3511 3338 Χριστός
3549 3267 3737 3322 λαλῶν

2147 3360 2244 3412 καὶ
2275 3361 2692 3432 τερατουργῶν,
2742 3360 2917 3425 οὑτως
2965 3359 3105 3416 εἶναι
3146 3362 3263 3431 δοίη
3313 3378 3400 3423 τις
3444 3361 3511 3415 ἂν
3555 3363 3615 3416 ἐν
3657 3363 3739 3433 τῷ

2147 3450 2263 3522 Υίῷ
2300 3450 2393 3505 τὸν
2423 3450 2668 3522 Πατέρα,
2709 3451 2830 3515 πῶς
2872 3453 2974 3507 οὑκ
3012 3454 3320 3523 ἀμφίλογον
3356 3453 3434 3518 ὡς
3467 3455 3602 3519 Θεὸς
3635 3455 3741 3527 μὲν

2148 3545 2302 3598 ἔσται
2337 3543 2480 3597 κατά
2501 3542 2665 3612 φύσιν
2701 3543 2978 3614 οὐδαμῶς,
3008 3543 3124 3598 ἀλλ’
3150 3545 3340 3618 ἕτερόν
3381 3564 3435 3600 τι
3465 3548 3620 3620 παρὰ
3643 3550 3746 3602 τὸν

2147 3636 2460 3692 ἐνοικοῦντα
2483 3636 2724 3707 Πατέρα,
2754 3636 2887 3692 Θεὸν
2916 3638 3046 3692 ὄντα
3076 3639 3222 3693 κατά
3249 3640 3511 3712 ἀλήθειαν
3537 3658 3552 3706 ;
3580 3641 3742 3696 Οὑτω

2147 3731 2255 3804 γὰρ
2285 3726 2354 3802 ἦν
2379 3732 2437 3783 ὲν
2464 3729 2543 3800 τῷ
2572 3731 2772 3801 Παύλῳ
2796 3731 3053 3803 Χριστός.
3085 3733 3356 3802 ΙΙὈργανον
3385 3729 3480 3787 οὖν
3510 3734 3619 3804 ἄρα
3643 3739 3741 3789 καὶ

2150 3825 2340 3895 ὥσπερ
2370 3841 2424 3876 τι
2455 3821 2649 3884 σκεῦός
2693 3825 2876 3888 ἐστιν,
2929 3824 3010 3882 εἰς
3045 3823 3204 3889 δόξαν
3235 3828 3675 3897 κατηρτισμένον
3709 3833 3740 3882 ὁ

2151 3916 2495 3986 Μονογενὴς,
2538 3916 2633 3969 καὶ
2666 3914 2853 3968 διοίσει
2897 3917 2998 3986 μὲν
3027 3915 3183 3970 οὐδὲν
3220 3917 3384 3971 αὑλοῦ
3420 3920 3516 3971 καὶ
3546 3919 3740 3991 λύρας,

2150 4013 2327 4064 ἐκεῖνο
2353 4010 2564 4080 φωνῶν,
2583 4010 2718 4080 ὅπερ
2741 4009 2807 4063 ἂν
2833 4008 3140 4079 ὲμπνέηται
3160 4010 3343 4080 τυχὸν,
3363 4011 3531 4080 ἤγουν
3546 4011 3741 4082 εὑρύθο

2155 4120 2272 4174 μως
2321 4102 2691 4173 ἀναμελῳδεῖν
2730 4100 2808 4170 τῷ
2842 4101 3104 4172 πλήκτρῳ
3149 4101 3438 4173 κελεύηται
3464 4119 3478 4132 ⁸
3506 4104 3657 4157 ἔσται
3682 4105 3741 4158 δὲ

2152 4196 2296 4250 οὑτω
2321 4196 2662 4267 παράδεκτος
2690 4197 2770 4259 είς
2801 4194 3256 4265 θαυματουργίαν
3285 4193 3363 4265 τῷ
3409 4197 3587 4266 Harp!
3612 4236 3628 4261 ,
3663 4198 3741 4260 ὡς

448 4284 771 4340 excluditur
809 4293 870 4338 ut
911 4301 1024 4340 non
1055 4287 1130 4341 sit
1170 4295 1371 4342 natura
1411 4285 1578 4349 Deus,
1619 4284 1899 4354 quomodo
1937 4299 2043 4338 non

2154 4287 2221 4342 ἂν
2252 4290 2426 4341 νοοῖτο
2469 4287 2634 4357 τυχὸν
2668 4287 2868 4358 πρίων,
2899 4287 2932 4354 ἢ
2972 4285 3284 4356 σκέπαρνον
3314 4289 3428 4348 τοῖς
3475 4286 3640 4340 εἰδόσι
3679 4288 3743 4340 τὸ

449 4393 580 4432 vere
617 4377 858 4434 dicimus
893 4393 1020 4432 eum
1057 4379 1201 4434 inter
1229 4387 1521 4436 creaturas
1547 4377 1883 4430 collocatum
1915 4390 2049 4429 con-

449 4478 802 4525 numeratum
851 4485 1000 4538 esse,
1052 4479 1218 4541 atque
1267 4469 1624 4526 instrumenti
1675 4469 1796 4523 loco
1835 4481 2052 4522 assum-

451 4571 628 4633 ptum,
677 4571 734 4618 et
782 4578 884 4634 pro
941 4562 1175 4619 Domino
1226 4565 1546 4620 ministrum
1591 4561 1819 4618 tandem
1873 4559 2050 4614 videri

449 4653 679 4720 Filium,
707 4656 804 4724 qui
839 4654 952 4710 Deo
989 4671 1053 4709 ac
1082 4654 1235 4710 Patri
1265 4657 1497 4716 assidet.
1525 4656 1635 4709 imo
1666 4671 1736 4711 ne
1769 4669 1898 4708 vere
1922 4652 2054 4722 qui-

449 4746 579 4802 dem
600 4762 726 4802 esse
750 4745 995 4801 Filium?
1027 4745 1141 4802 Nec
1170 4749 1321 4803 enim
1351 4745 1504 4818 quod
1539 4744 1898 4800 instrumenti
1931 4744 2055 4799 loco

454 4839 682 4910 ponitur
715 4855 815 4908 pro
849 4837 994 4893 Filio
1027 4841 1158 4910 quis
1190 4842 1448 4910 accipiet.
1483 4839 1917 4894 lnstrumentum
1947 4839 2056 4892 ita-

453 4947 565 5003 que
597 4948 716 4988 sua:
749 4934 889 4988 artis
923 4944 1018 4988 aut
1062 4935 1352 5006 sapientia:
1390 4933 1554 4988 Pater
1595 4934 1813 5004 genuit,
1845 4943 1902 4987 et
1953 4933 2057 4987 ali-

453 5023 589 5095 quid
635 5024 786 5080 aliud
825 5041 994 5096 quam
1036 5027 1186 5097 quod
1228 5027 1347 5098 ipse
1379 5028 1455 5082 sit
1504 5026 1767 5098 genuisse
1812 5025 2055 5080 videtur.

455 5115 527 5170 At
555 5115 838 5185 quomodo
865 5116 981 5172 fieri
1015 5116 1149 5170 illud
1178 5125 1383 5186 potest,
1417 5125 1514 5170 aut
1551 5114 1836 5186 quomodo
1863 5115 2058 5170 istius-

454 5210 608 5266 modi
643 5210 910 5281 quiddam
951 5211 1007 5265 in
1057 5211 1304 5265 animum
1342 5211 1450 5265 sibi
1487 5210 1778 5276 reducere,
1816 5225 1928 5264 non
1969 5218 2056 5265 est

461 5303 887 5360 stultissimum?
917 5303 1036 5359 Nisi
1072 5319 1206 5374 ergo
1245 5302 1443 5359 Filium
1480 5305 1915 5360 instrumentum
1962 5313 2055 5358 aut

460 5394 784 5450 ministrum
839 5395 1161 5451 existimare
1205 5395 1534 5460 cessaveris,
1582 5411 1818 5465 eumque
1864 5410 2051 5450 veram

463 5484 781 5552 genituram
831 5500 958 5540 esse
1002 5501 1112 5540 non
1172 5485 1492 5551 admittens,
1543 5485 1876 5541 ineﬂ‘abilem
1933 5487 2057 5556 ejus

463 5578 906 5646 generationem,
929 5594 995 5634 ex
1013 5579 1325 5636 substantia
1354 5579 1447 5635 Dei
1471 5596 1535 5634 ac
1561 5579 1744 5634 Patris
1773 5579 2055 5645 nimirum,

466 5671 781 5742 negaveris,
831 5672 886 5728 in
935 5671 1112 5745 ipsam
1154 5672 1435 5729 Genitoris
1489 5673 1718 5743 gloriam
1773 5678 2056 5730 contume-

2156 4361 2495 4450 ξυλουργείνί
2534 4373 2671 4432 Εἶτα
2709 4379 2761 4430 τί
2803 4377 2995 4430 τούτου
3043 4376 3537 4448 παραλογώτερον;
3587 4377 3743 4433 Οὕτω

2156 4471 2265 4542 γὰρ
2295 4470 2434 4541 ἔχων
2467 4469 2704 4538 φύσεως,
2735 4469 2988 4540 καθάπερ
3014 4468 3214 4522 ἐκεῖνοί
3239 4485 3425 4538 φασιν,
3463 4469 3743 4540 ἀλλότριος

2157 4564 2312 4618 ἔσται
2343 4562 2622 4625 παντελῶς
2659 4561 2752 4615 τοῦ
2796 4561 2934 4614 Θεοῦ
2971 4563 3067 4614 καὶ
3098 4562 3337 4629 Πατρὸς,
3375 4561 3500 4614 ὅσον
3539 4563 3657 4615 ἐστὶ
3682 4563 3745 4616 τδ

2159 4653 2298 4710 εἶναι
2330 4656 2488 4724 φύσει
2517 4653 2651 4718 Θεὸς
2691 4655 2749 4707 ὲν
2792 4655 2962 4721 ἡμῖν,
3012 4653 3108 4706 καὶ
3151 4653 3338 4722 ἕτερος
3396 4653 3530 4724 παρ’
3583 4656 3744 4709 αὑτὸν

2157 4749 2353 4812 οὐδείς.
2395 4749 2458 4801 Εἰ
2501 4747 2558 4801 δὲ
2605 4747 2706 4818 τῆς
2752 4746 2846 4799 τοῦ
2887 4746 3105 4818 ΙΙατρὸς
3143 4746 3332 4810 οὑσίας
3375 4749 3404 4800 ό
3434 4747 3567 4811 Υίὸς
3610 4750 3745 4802 ἀπο-

2162 4838 2510 4912 σχοινίζεται,
2541 4840 2684 4893 κατά
2721 4856 2784 4908 γε
2835 4839 2896 4892 τὸ
2936 4836 3077 4894 εἶναι
3113 4838 3274 4908 φύσει
3312 4838 3469 4903 Θεὸς,
3503 4839 3619 4904 πῶς
3644 4842 3745 4894 οὑκ

2160 4931 2378 5003 άληθῶς
2405 4930 2505 5002 ἠδη
2551 4929 2753 5000 φαμὲν,
2799 4930 2980 4999 ὅτιτῇ
3031 4929 3208 4982 κτίσει
3259 4928 3622 4983 συντέτακται
3650 4931 3745 4983 καὶ

2161 5024 2565 5094 συνηρίθμηται
2608 5025 2723 5084 τοῖς
2753 5021 3058 5092 ποιήμασι,
3096 5021 3191 5074 καὶ
3235 5022 3295 5073 ἐν
3328 5020 3565 5091 ὀργάνου
3605 5040 3744 5094 παρ-

2163 5115 2372 5186 ελήφθη
2420 5114 2621 5184 χρεία,
2663 5113 2758 5166 καὶ
2801 5112 3076 5183 ὑπουργὸς
3125 5113 3260 5181 ἡμῖν
3304 5113 3427 5165 ἀντὶ
3483 5112 3744 5167 δεσπότου

2165 5205 2406 5274 πέφηνεν
2430 5203 2530 5274 ἤδη
2561 5201 2745 5254 λοιπὸν
2771 5203 2798 5253 ό
2826 5198 2904 5270 τῷ
2932 5199 3051 5269 Θεῷ
3084 5198 3178 5251 καὶ
3209 5199 3385 5270 Πατρὶ
3415 5198 3746 5270 συνεδρεύων

2164 5298 2291 5360 Υἱὸς
2316 5337 2330 5359 .
2366 5295 2569 5367 μᾶλλον
2606 5293 2663 5347 δὲ
2695 5292 2819 5346 οὑδὲ
2860 5291 2988 5353 Υίός
3012 5293 3130 5343 ἐστι
3173 5290 3316 5343 κατά
3342 5289 3634 5361 ἀλήθειαν;
3669 5291 3744 5343 Οὑ

2162 5392 2271 5463 γὰρ
2311 5391 2374 5444 τὸ
2397 5392 2474 5442 ’ὲν
2521 5388 2754 5460 ὀργάνου
2787 5385 2940 5449 τάξει
2976 5383 3133 5437 τεθὲν
3163 5385 3243 5445 είς
3271 5383 3401 5436 Υίόν
3428 5400 3516 5447 τις
3555 5382 3744 5452 νοήσαι

2168 5486 2263 5538 καὶ
2304 5480 2686 5554 παραδέξαιτό.
2738 5478 3050 5548 Ἐργαλεῖον
3097 5472 3192 5529 οὖν
3231 5476 3342 5546 ἄρα
3373 5475 3475 5545 τῆς
3521 5475 3745 5546 ἐνούσης

2169 5574 2318 5644 αὑτῷ
2359 5573 2554 5642 τέχνης
2584 5571 2702 5640 ἤτοι
2740 5570 2932 5638 σοφίας
2960 5567 3148 5622 ἔτεκεν
3178 5571 3206 5621 ό
3252 5569 3462 5641 Πατὴρ,
3505 5571 3599 5622 καὶ
3629 5570 3746 5622 ’ἐτε-

2171 5669 2261 5723 οόν
2300 5684 2353 5720 τι
2403 5665 2530 5737 παρ’
2575 5666 2712 5734 ὅπερ
2763 5663 2909 5718 ἐστίν
2959 5662 3120 5728 αὐτὸς
3169 5663 3491 5736 ἀποκυήσεις
3532 5664 3744 5736 ὁρᾶται.
