3892 6202
136 328 249 385 125

1238 321 1307 377 1N
1341 317 1629 376 JOANNIS
1649 315 2103 372 EVANGEIJUM
2147 317 2271 373 LIB.
2310 318 2405 373 IX.

3305 321 3410 376 226

144 443 255 497 Καὶ
289 441 409 507 πῶς
436 440 503 494 ἂν
535 437 832 510 ἐνδέχοιτος
864 438 980 499 πῶς
1009 434 1065 491 δὲ
1094 437 1194 489 οὐκ
1217 435 1411 506 εὔηθες
1442 432 1721 496 παντελῶς

1832 433 2003 490 liosus
2034 440 2166 489 eris.
2201 434 2310 488 Nec
2341 434 2491 489 enim
2522 435 2665 489 ultra
2694 435 2855 491 Pater
2894 435 3057 507 790
3086 452 3210 491 vere
3250 435 3415 492 Pater

143 536 202 586 τὸ
231 538 374 587 νοεῖν
404 550 456 586 τι
503 531 776 597 τοιοῦτον;
822 532 936 585 Οὐκ
987 528 1303 595 ἀπαλλάξας
1344 528 1526 581 τοίνυν
1556 528 1721 597 ὀργα-

143 624 301 693 νικῆς
330 641 392 677 τε
425 625 517 676 καὶ
542 623 820 692 οἰκετικῆς
849 620 1168 692 ὑπολήψεως
1195 620 1285 671 τὸν
1312 619 1457 682 Υἱὸν,
1481 617 1727 687 γέννημα

144 717 199 770 δὲ
227 716 376 768 κατά
405 713 661 785 ἀλήθειαν
694 713 974 783 ὁμολογῶν
1018 713 1180 764 αὐτὸν
1210 711 1461 781 οὐδαμῶς
1482 751 1496 773 ,
1528 709 1726 780 ἀρνού-

151 827 309 880 μενος
342 809 399 861 δὲ
430 810 529 877 τήν
560 808 798 878 ἄρρητον
844 805 1097 874 γέννησιν
1123 848 1137 870 ,
1186 803 1283 875 τήν
1314 806 1377 855 ἐκ
1414 802 1515 871 τῆς
1543 800 1728 863 οὐσίας

145 902 237 955 τοῦ
276 901 417 953 Θεοῦ
464 900 557 953 καὶ
614 898 829 969 Πατρός
885 915 1064 967 φημι,
1123 897 1293 967 αὐτὴν
1325 895 1603 966 ἀδικήσεις
1630 893 1725 946 τοῦ

148 996 396 1056 τεκόντος
424 994 521 1064 τὴν
558 991 734 1056 δόξαν.
769 992 883 1043 Οὐκ
928 991 1008 1043 ἔτι
1052 991 1160 1059 γὰρ
1190 990 1342 1042 ἔσται
1376 990 1566 1060 Πατὴρ
1606 987 1726 1040 κατ’

148 1084 407 1154 ἀλήθειαν
455 1087 484 1137 6
524 1085 737 1155 Πατήρ.
801 1084 857 1136 Ὀ
906 1083 1015 1154 γὰρ
1060 1082 1137 1153 μὴ
1184 1082 1449 1150 γεννήσας
1490 1079 1624 1141 ὅλως
1670 1078 1729 1144 ἐξ

148 1174 365 1240 ἑαυτοῦ,
401 1177 545 1238 τίνος
600 1176 666 1229 ἂν
723 1174 809 1244 εἴη
861 1178 1003 1227 κατά
1059 1175 1222 1241 φύσιν
1276 1175 1494 1243 πατήρ;
1547 1170 1728 1223 Ψευδ-

144 1265 361 1336 ιζινυμος
393 1263 487 1318 οὖν
509 1268 617 1335 ἄρα
662 1264 937 1327 παντελῶς
968 1265 1001 1333 ἡ
1040 1264 1171 1331 ἁγία
1213 1265 1416 1334 Τριὰς,
1457 1264 1593 1333 μήτε
1632 1261 1728 1314 τοῦ

146 1358 361 1429 Πατρός
388 1358 543 1420 ὄντος
572 1358 713 1411 κατά
742 1357 1013 1431 ἀλήθειαν.
1035 1356 1270 1426 Πατρδς,
1307 1357 1445 1427 μήτε
1468 1357 1572 1425 μὴν
1597 1353 1728 1407 Υἰοῦ

145 1450 289 1502 κιτά
318 1449 484 1518 φύσιν
516 1449 610 1501 τοῦ
646 1449 805 1501 Υἱοῦο
842 1449 1204 1520 ἀκολουθήσει
1236 1448 1293 1501 δὲ
1324 1446 1605 1515 ἀναλόγως
1649 1447 1730 1516 τῷ

148 1543 471 1613 θεωρήματι
509 1542 604 1595 καὶ
646 1544 679 1611 ἡ
728 1542 871 1595 κατά
916 1542 1013 1594 τοῦ
1066 1540 1382 1612 Πνεύματος
1426 1540 1726 1610 δυσφημία.

145 1634 359 1688 Οὐκοῦν
413 1633 767 1705 ⁴ἠπατήμεθα,
815 1636 911 1687 καὶ
954 1634 1269 1703 διέψευσται
1312 1633 1409 1702 μὲν
1435 1635 1468 1702 ὴ
1506 1633 1726 1689 πίστις·

142 1725 480 1796 ψευδομυθεῖ
510 1725 565 1778 δὲ
595 1728 627 1795 ἡ
662 1725 793 1792 ἁγία
836 1724 1029 1795 Γραφὴ
1051 1763 1066 1787 ,
1115 1724 1334 1794 Πατέρα
1363 1721 1607 1775 καλοῦσα
1638 1720 1731 1773 τὸν

1828 524 2052 581 futurus
2080 540 2184 582 est.
2211 525 2345 580 Nam
2369 528 2461 597 qui
2497 530 2724 583 omnino
2746 544 2811 584 ex
2845 532 3027 600 selpso
3052 546 3161 585 non
3201 532 3411 601 genuit,

1826 620 2119 691 cujusnam
2159 621 2463 675 secundum
2496 632 2750 676 naturam
2779 631 2934 693 pater
2959 623 3104 678 erit?
3130 621 3291 678 Falso
3312 624 3414 677 ita-

1826 730 1936 783 que
1968 722 2163 768 sancta
2200 713 2447 768 Trinitas
2492 730 2720 784 prorsus
2760 714 3102 778 nominatur,
3140 717 3186 771 si
3236 732 3415 786 neque

1828 805 1989 861 Pater
2021 806 2093 860 sit
2118 821 2185 859 ex
2216 807 2295 859 rei
2331 807 2569 860 veritate
2604 805 2790 869 Pater,
2825 821 3002 875 neque
3044 821 3207 876 porro
3242 805 3417 860 Filius

1830 898 1901 952 sit
1930 902 2235 955 secundum
2264 906 2521 953 naturam
2550 897 2721 954 Filius
2750 918 2761 952 :
2792 909 2847 954 et
2875 907 3278 969 consequenter
3300 901 3415 970 pia-

1830 992 2015 1046 culum
2049 992 2194 1045 istnd
2229 992 2336 1046 erit
2376 1008 2595 1062 quoque
2636 993 2905 1048 adversus
2949 992 3236 1062 Spiritum.
3269 990 3417 1057 Quo-

1830 1084 1983 1139 circa
2024 1084 2236 1154 det-epti
2276 1100 2493 1147 sumus,
2526 1092 2581 1139 et
2613 1084 2819 1138 lrustra
2860 1092 2944 1138 est
2980 1084 3113 1139 ﬁdes
3147 1103 3158 1137 :
3198 1085 3330 1154 quin
3364 1094 3419 1137 et

1832 1175 2115 1246 Scriptura
2179 1184 2372 1231 sancta
2434 1176 2735 1241 mentitur,
2800 1191 2920 1247 quae
2984 1175 3203 1231 Patrem
3256 1184 3417 1229 vocat

1832 1268 2001 1322 Deum
2035 1286 2047 1319 :
2080 1278 2152 1330 et,
2175 1269 2220 1322 si
2250 1284 2357 1323 non
2399 1277 2485 1323 est
2515 1268 2819 1324 secundum
2854 1278 3107 1322 naturam
3150 1266 3294 1322 Deus
3326 1266 3417 1321 Fi-

1832 1363 1960 1423 lius.
1992 1370 2051 1414 ut
2074 1377 2139 1417 ex
2170 1360 2282 1416 Deo
2318 1369 2373 1415 et
2409 1359 2573 1414 Patre
2598 1360 2842 1431 genitus,
2876 1376 2976 1414 nos
3016 1361 3234 1429 quidem
3274 1359 3417 1413 falli-

1832 1469 1972 1517 mur,
2000 1461 2054 1508 et
2086 1467 2195 1506 una
2227 1467 2351 1507 cum
2378 1453 2696 1509 hominibus
2730 1466 2969 1521 superna
3004 1450 3097 1504 illa
3140 1452 3336 1506 civitas
3363 1460 3419 1506 et

1832 1552 2154 1599 sanctorum
2184 1545 2505 1614 angelorum
2550 1543 2854 1612 purissima
2888 1542 3090 1595 cohors
3120 1541 3414 1611 decipitur,

1833 1650 1955 1703 quae
1990 1632 2158 1689 Deum
2190 1634 2498 1689 secundum
2534 1643 2788 1686 naturam
2824 1631 3108 1686 nobiscum
3144 1631 3417 1701 gloriﬁcat

1833 1734 1888 1780 et
1917 1726 2131 1790 adorat,
2164 1739 2229 1778 ac
2268 1723 2458 1779 nescio
2502 1722 2779 1792 quomodo
2828 1720 3054 1775 inducta
3098 1728 3184 1774 est
3212 1730 3271 1775 ut
3304 1721 3423 1776 dei-

143 1784 435 1870 ὸεάνο’και
461 1818 509 1870 εἰ
544 1784 627 1888 μή·
647 1784 762 1870 ἔστι
798 1784 941 1869 κατὰ
967 1784 1133 1884 ἐρύξειν
1168 1784 1301 1878 Θεὸς
1326 1817 1353 1868 ὁ
1381 1814 1529 1878 Υἱὸς,
1566 1813 1639 1877 ὡς
1667 1814 1729 1867 ἐκ

1836 1815 2011 1871 ferum
2052 1816 2325 1886 quoddam
2367 1829 2463 1868 vas
2507 1822 2563 1869 et
2598 1822 2980 1869 creaturarum
3031 1827 3222 1876 unam,
3260 1812 3419 1881 juxta

143 1907 283 1960 (θεοῦ
306 1908 401 1960 καὶ
427 1907 639 1976 Πατρός
664 1904 969 1976 γεννηθεὶς,
1000 1904 1396 1975 πεπλανήμεθα
1424 1903 1523 1974 μὲν
1549 1905 1728 1974 ἡμεῖς,

147 1998 608 2068 συμπεπλάνηται
640 1999 697 2050 δὲ
726 2000 837 2059 τοῖς
863 1997 955 2050 ἐπὶ
976 1998 1077 2066 τῆς
1113 1996 1217 2066 γῆς
1242 1997 1335 2049 καὶ
1359 1998 1392 2067 ή
1416 1996 1528 2048 ἄνω
1555 1995 1732 2063 πόλις,

143 2090 242 2141 καὶ
272 2092 307 2160 ἡ
339 2089 449 2142 τῶν
474 2090 645 2158 ἁγίων
676 2091 925 2158 ἀγγέλων
971 2091 1335 2161 καθαρωτάτη
1385 2087 1617 2160 πληθὺς,
1651 2086 1733 2158 τῷ

143 2182 293 2235 κατὰ
342 2183 503 2250 ῳυσιν
534 2182 652 2252 Θεῷ
695 2181 1095 2246 συνδοξάζουσά
1138 2200 1198 2235 τε
1247 2182 1343 2234 καὶ
1383 2196 1731 2252 συμπροσκυ·

143 2272 335 2333 νοῦσα,
374 2275 468 2327 καὶ
507 2275 607 2325 οὐκ
636 2270 733 2327 οἶδ’
761 2274 909 2338 ὅπως
938 2273 1240 2341 δοξολογεῖν
1281 2270 1729 2342 ἀναπεπεισμένη

140 2366 407 2435 θεοφόρον
446 2383 499 2417 τι
534 2365 748 2428 σκεῦος,
781 2367 876 2418 κα)⁸
903 2364 1014 2418 τῶν
1038 2365 1358 2435 ποιημάτιον
1380 2363 1460 2429 ἓν,
1492 2363 1635 2416 κατά
1665 2379 1730 2431 γε

142 2456 245 2524 τὴν
283 2455 507 2506 ἐκείνων
542 2454 895 2525 ἀϐελτηρίαν,
930 2454 1097 2524 φημί.
1127 2455 1189 2506 Εἰ
1233 2453 1289 2506 δέ
1322 2452 1562 2523 βούλοιτό
1600 2468 1732 2505 ποτε

140 2547 243 2613 τῆς
276 2545 356 2603 εἰς
393 2544 481 2595 τὸν
514 2544 641 2595 Υἱὸν
682 2545 923 2613 σχέσεως
961 2545 1054 2596 καὶ
1091 2545 1190 2614 τῆς
1233 2544 1560 2613 ἐνοικήσεως
1604 2542 1731 2594 ἀναν

142 2638 348 2704 χωρεῖν
382 2634 411 2685 ὀ
456 2634 644 2706 Πατὴρ
671 2677 685 2701 ,
715 2632 865 2689 οὐδ’ἐν
901 2634 1091 2688 διοίσει
1121 2636 1260 2705 τάχα
1296 2634 1406 2687 τῶν
1436 2633 1731 2703 διωλισθη-

142 2725 321 2775 κάτων
350 2723 448 2792 τῆς
480 2724 612 2788 ἰδίας
638 2727 813 2797 ἀρχῆς
838 2766 851 2789 ,
900 2726 1030 2778 ἴδιον
1073 2725 1172 2796 μὲν
1200 2725 1339 2796 ἔχων
1368 2725 1522 2779 οὐδὲν
1545 2767 1558 2789 ,
1604 2724 1729 2778 οὔτε

144 2815 257 2885 μὴν
285 2817 346 2868 ἐν
375 2816 480 2886 ἰδίᾳ
516 2816 676 2885 φύσει
722 2820 815 2871 τὸν
842 2820 1185 2888 γεννήσαντα
1227 2818 1430 2891 φέρων,
1465 2818 1645 2871 πάντα
1673 2817 1731 2869 δέ

144 2906 352 2975 μᾶλλον
384 2907 647 2978 ὑπάρχων
680 2909 748 2961 τά
792 2908 917 2962 καθ’
948 2912 1131 2980 ἡμᾶς,
1175 2911 1270 2963 καὶ
1314 2910 1454 2980 μόνῃ
1501 2911 1566 2979 τῇ
1612 2908 1733 2979 Θεία

139 2994 509 3066 νευρούμενος
551 2998 772 3068 χάριτι,
803 2999 940 3051 ἀλλά
972 3001 1067 3052 καὶ
1104 2998 1183 3069 τῷ
1212 3002 1311 3069 τῆς
1345 3000 1587 3068 υἱότητος
1619 2998 1734 3050 ὀνό-

142 3104 280 3156 ματι
315 3087 438 3157 μεθ’
476 3088 633 3159 ήμῶν
662 3091 1047 3160 τετιμημένος.
1088 3090 1152 3141 Τί
1178 3085 1307 3154 οὖν,
1339 3090 1461 3141 εἰπὲ
1500 3104 1623 3159 μοι,
1659 3090 1733 3159 μὴ

140 3184 241 3235 καὶ
290 3182 456 3245 αὐτὸς
506 3183 603 3235 σὺν
646 3184 778 3253 ήμίν
818 3184 918 3253 τὴν
972 3183 1180 3235 οἰκείαν
1227 3182 1482 3253 ὁμολογεῖ
1529 3183 1730 3251 φύσιν;

140 3272 289 3325 ὃιατί
330 3273 389 3325 δὲ
433 3274 596 3343 ἡμεῖς
627 3273 991 3344 ἀπολλύμενοι
1036 3273 1128 3327 τὸν
1163 3275 1370 3339 αἰῶνα,
1426 3273 1520 3325 καὶ
1570 3273 1732 3337 αὐτὸς

139 3361 459 3431 καθήμενος
498 3362 590 3415 τὸν
620 3362 822 3429 αἰῶνας
854 3365 948 3417 τοῦ
999 3364 1057 3416 δὲ
1104 3365 1168 3434 δὴ
1218 3365 1379 3434 χάριν
1421 3366 1585 3435 ήμεξ
1634 3365 1733 3435 μὲν

139 3454 377 3519 οἰκέται,
418 3453 608 3523 κύριος
647 3454 703 3506 δὲ
746 3456 943 3519 αὐτός;
995 3456 1062 3508 Εἰ.
1098 3454 1206 3526 γὰρ
1250 3455 1342 3508 καί
1377 3457 1483 3509 υἰοί¹
1530 3456 1731 3528 κεκλήο

144 3546 289 3615 μεθα
323 3545 497 3606 Θεοῦ,
537 3545 637 3617 τὴν
693 3548 829 3601 ἰδίαν
881 3548 1043 3616 φύσιν
1091 3550 1241 3603 οὐδὲν
1283 3546 1445 3622 ἦττον
1477 3550 1735 3617 ἐπιγινώο

144 3655 393 3701 σκοντες,
419 3641 520 3691 οὐκ
550 3639 915 3711 αἰσχυνόμεθα
955 3641 1051 3711 τὴν
1085 3641 1241 3706 δόξαν
1265 3658 1277 3670 -
1310 3641 1471 3704 αὐτὸς
1501 3641 1582 3704 δὲ,
1611 3642 1732 3693 εἰπέ

148 3744 255 3797 μοι,
283 3728 377 3780 διὰ
402 3730 562 3781 ποίαν
586 3730 780 3795 αἰτίαν,
808 3730 966 3800 εἴπερ
996 3731 1113 3782 ἐστὶ
1144 3730 1264 3784 καθ’
1289 3732 1457 3802 ἡμᾶς,
1489 3732 1582 3783 καὶ
1610 3731 1731 3784 κατ’

144 3824 297 3875 οὐδὲν
343 3822 454 3875 τῶν
487 3827 801 3896 κτισμάτων
852 3828 909 3879 ἐν
948 3827 1226 3897 ἀμείνοσι,
1276 3826 1418 3879 κατά
1452 3842 1514 3893 γε
1548 3827 1608 3878 τὸ
1656 3826 1732 3896 μὴ

146 3911 286 3967 εἶναι
319 3915 463 3967 κατά
491 3915 652 3983 φύσιν
690 3917 822 3980 Θεὸς
868 3916 1060 3987 (τοῦτο
1100 3918 1208 3987 γὰρ
1239 3919 1352 3980 τοῖς
1382 3917 1730 3981 ἀπαιδεύτοις

144 4004 350 4074 δοκεῖ),
378 4006 433 4057 τί
460 4008 534 4076 μὴ
580 4007 698 4077 μεθ’
722 4008 881 4078 ήμῶν
905 4009 1157 4079 ὁμολογεῖ
1183 4009 1279 4079 τὴν
1308 4008 1585 4074 δουλείαν;
1619 4008 1731 4080 Τὴν

146 4098 199 4149 δὲ
223 4099 551 4169 πρέπουσαν
578 4100 672 4152 καὶ
710 4101 1074 4172 ἀνακειμένην
1116 4101 1296 4164 ίδικῶς
1321 4103 1388 4171 τῇ
1416 4100 1539 4172 θείᾳ
1570 4102 1735 4171 φύσει

146 4192 312 4259 τιμήν
347 4206 406 4240 τε
447 4190 725 4256 καὶδόξαν
760 4192 935 4262 ἐαυτῷ
961 4193 1204 4261 περιθεὶς
1230 4233 1245 4256 ,
1275 4196 1388 4254 τοῖς
1418 4195 1593 4261 ἁγίοις
1625 4211 1731 4264 μα-

147 4282 338 4351 θηταῖς
379 4282 691 4351 εὑρίσκεται
740 4282 913 4352 λέγων
945 4299 960 4315 ⁸
1004 4304 1023 4335 ε
1085 4286 1273 4355 Ὑμεῖς
1316 4287 1533 4339 καλεῖτέ
1567 4304 1655 4357 με,
1701 4289 1729 4340 6

148 4372 356 4442 Κύριος
397 4374 493 4425 καὶ
524 4374 553 4423 6
590 4373 954 4439 Διδάσκαλος,
999 4378 1093 4430 καὶ
1124 4377 1303 4441 καλῶς
1349 4378 1536 4445 λέγετε
1564 4397 1576 4408 ’
1613 4380 1730 4450 εἰμί

1833 1908 2058 1962 stultam
2100 1906 2487 1960 haereticorum
2531 1904 2893 1965 sententiam,
2936 1903 3229 1973 gloriﬁcet.
3261 1902 3416 1969 Quod

1832 2000 1878 2053 si
1918 1996 2079 2052 Pater
2118 2010 2363 2066 unquam
2401 1995 2469 2049 ab
2504 1994 2596 2048 illa
2627 1994 3024 2063 conjunctione
3061 2000 3115 2047 et
3145 1994 3420 2047 inhabita-

1832 2092 1983 2144 tione
2017 2105 2141 2143 cum
2174 2086 2317 2142 Filio
2344 2088 2599 2142 recedere
2625 2088 2775 2151 velit,
2803 2088 2941 2140 nihil
2970 2087 3161 2156 utique
3191 2086 3420 2140 distabit

1830 2182 1901 2237 ab
1943 2183 2010 2237 iis
2050 2181 2141 2251 qui
2190 2181 2515 2236 exciderunt
2557 2194 2659 2233 suo
2702 2179 3061 2248 principatu,
3100 2179 3240 2232 nihil
3289 2193 3423 2247 pro--

1827 2276 2004 2346 prium
2035 2274 2264 2333 habens.
2294 2287 2396 2327 nec
2429 2272 2484 2326 in
2508 2287 2608 2327 sua
2638 2282 2836 2324 natura
2861 2270 3177 2325 Genitorem
3207 2269 3421 2333 ferens,

1831 2366 1925 2420 sed
1950 2364 2005 2418 in
2029 2365 2290 2419 omnibus
2323 2364 2500 2417 nostri
2526 2364 2740 2435 _sitnilis
2778 2363 3079 2426 exsistens,
3105 2371 3158 2414 et
3182 2361 3300 2415 sola
3327 2360 3416 2415 di-

1828 2458 1955 2511 vina
2002 2456 2295 2511 roboratus
2333 2457 2547 2525 gratia,
2588 2454 2726 2508 adde
2765 2464 2817 2508 et
2866 2454 3150 2508 ﬁliationis
3193 2452 3417 2506 nomine

1830 2552 2120 2606 nobiscum
2159 2534 2408 2605 ornatus.
2438 2548 2640 2615 Quidni
2689 2549 2874 2618 igitur,
2913 2563 3131 2617 quaeso,
3171 2548 3339 2603 etiam
3372 2549 3423 2601 is

1830 2643 2120 2698 nobiscum
2155 2658 2312 2698 suam
2338 2642 2636 2696 conﬁtetur
2663 2640 2962 2694 naturam?
2987 2648 3081 2693 aut
3108 2655 3209 2693 cur
3230 2655 3333 2695 nos
3358 2641 3422 2694 in

1832 2736 2035 2789 saeculo
2080 2735 2348 2805 perimus,
2380 2734 2497 2803 ipse
2549 2748 2681 2787 vero
2717 2732 2925 2786 saeculo
2969 2732 3212 2787 insidet?
3251 2746 3419 2801 quam

1832 2828 1903 2881 ob
1945 2842 2171 2881 causam
2206 2842 2309 2881 nos
2361 2825 2579 2889 famuli,
2626 2824 2743 2893 ipse
2774 2838 2905 2876 vero
2950 2821 3267 2877 Dominus?
3298 2821 3417 2876 Etsi

1832 2922 1980 2974 enim
2026 2918 2122 2972 ﬁlii
2154 2934 2541 2987 nuncupemur
2577 2916 2704 2979 Dei,
2736 2916 3105 2970 nihilominus
3163 2922 3419 2968 naturam

1832 3021 2081 3063 nostram
2136 3015 2525 3079 agnoscentes,
2552 3008 2786 3077 gloriam
2826 3022 2934 3060 non
2965 3006 3353 3060 erubescimus
3373 3007 3422 3058 ³.

1760 3138 1801 3195 c
1835 3100 1958 3170 Ipse
1988 3116 2116 3155 vero
2140 3101 2184 3155 si
2208 3100 2369 3154 nobis
2398 3107 2482 3154 est
2514 3100 2745 3163 similis,
2788 3115 2888 3153 nec
2922 3100 3035 3153 ullo
3063 3099 3230 3153 modo
3261 3115 3421 3154 crea-

1839 3191 1980 3245 turis
2001 3191 2280 3259 superior,
2310 3190 2365 3242 in
2387 3200 2654 3258 quantum
2679 3196 2887 3241 nonest
2908 3197 3105 3241 natura
3128 3187 3275 3244 Deus
3294 3190 3422 3259 (huc

1835 3282 1982 3336 enim
2030 3282 2273 3351 imperiti
2318 3281 2613 3351 sentiunt),
2645 3279 2845 3349 quidni
2885 3280 3209 3334 servitutem
3240 3279 3424 3333 nobis-

1835 3387 1959 3427 cum
1997 3372 2323 3443 proﬁtetur?
2344 3372 2452 3427 Sed
2491 3371 2915 3425 convenientem
2959 3371 3179 3441 proprie
3208 3379 3429 3425 natura“:

1835 3465 2034 3520 divina:
2082 3465 2348 3519 honorem
2396 3471 2448 3518 et
2495 3464 2723 3534 gloriam
2779 3463 2883 3516 sibi
2940 3462 3257 3527 vindicans,
3304 3463 3430 3517 suis

1835 3558 2122 3627 discipulis
2151 3556 2338 3611 dicere
2365 3557 2644 3626 reperitur
2672 3575 2684 3609 :
2723 3573 2741 3607 ι
2774 3553 2886 3609 Vos
2915 3555 3132 3609 vocatis
3162 3570 3269 3617 me,
3304 3554 3421 3608 Ma-

1834 3651 2007 3718 gister
2033 3657 2088 3703 et
2114 3647 2342 3702 Domine
2368 3667 2382 3714 ;
2413 3656 2466 3701 et
2495 3648 2635 3703 bene
2658 3647 2846 3701 dicitis
2878 3665 2890 3700 :
2927 3662 3048 3701 sum
3071 3646 3277 3701 etenim
3303 3647 3367 3701 ¹⁰.
3395 3667 3419 3698 ι

1834 3740 2013 3809 Atque
2044 3738 2159 3792 hare
2191 3739 2409 3808 quidem
2439 3737 2693 3793 Salvator
2734 3757 2747 3792 :
2782 3737 2877 3792 sed
2912 3736 3044 3791 boni
3078 3737 3155 3791 illi
3192 3738 3429 3808 dogma-

1834 3839 1949 3884 tum
1982 3832 2366 3885 haereticorum
2406 3831 2741 3900 interpretes
2787 3830 3015 3884 laudant
3045 3830 3266 3900 quidem
3293 3846 3424 3884 eum

1834 3930 2171 3977 asserentem
2198 3938 2261 3976 ac
2287 3923 2565 3976 dicentem
2604 3938 2662 3977 se
2687 3938 2814 3977 vere
2836 3937 3069 3991 prorsus
3093 3921 3279 3976 vocari
3311 3919 3419 3974 Do-

1833 4014 2067 4079 minum,
2102 4014 2194 4067 sed
2224 4027 2253 4065 a
2288 4014 2526 4067 naturali
2556 4014 2933 4068 dominatione
2967 4029 3094 4068 eum
3119 4012 3419 4067 excluden-

1833 4109 1915 4157 tes
1946 4119 2017 4157 επ.
2039 4120 2105 4159 eo
2131 4102 2279 4173 quod
2304 4104 2505 4158 nolunt
2523 4118 2647 4158 eum
2682 4102 2850 4156 Deum
2878 4102 2947 4158 de
2971 4102 3081 4157 Deo
3108 4102 3414 4158 secundum

1832 4200 2085 4245 naturam
2124 4192 2409 4255 conﬁteri,
2439 4208 2546 4247 non
2579 4200 2762 4245 tamen
2808 4199 3103 4261 propterea
3152 4191 3258 4247 sibi
3292 4207 3418 4261 per-

1832 4283 2066 4338 suadent
2115 4300 2173 4338 se
2222 4284 2423 4353 piaculi
2475 4284 2560 4338 sui
2617 4283 2853 4353 prodere
2903 4282 3233 4337 foeditatem.
3276 4282 3419 4337 Nam

1831 4376 1977 4445 quod
2041 4391 2142 4430 nec
2198 4377 2252 4430 in
2313 4375 2647 4429 famulorum
2705 4373 2941 4441 ordine,
2991 4388 3093 4428 nec
3150 4374 3205 4427 in
3262 4389 3417 4427 crea-

147 4464 275 4534 γάρ.
318 4482 336 4512 ι
374 4464 483 4517 Καὶ
510 4465 683 4518 ταῦτα
716 4466 814 4534 μὲν
842 4469 870 4518 6
896 4468 1087 4539 Σωτήρ
1112 4484 1127 4498 ο
1162 4471 1211 4520 οἱ
1244 4470 1300 4521 δὲ
1348 4470 1503 4522 καλοί
1544 4487 1599 4523 τε
1633 4472 1725 4523 καὶ

1833 4478 2078 4523 turarum
2134 4483 2367 4523 numero
2408 4467 2667 4521 collocari
2727 4466 2878 4530 velit,
2932 4465 3027 4520 sed
3082 4464 3152 4519 ad
3189 4464 3415 4519 liberta~

148 4555 345 4621 ἁγαθοί
384 4554 491 4606 τῶν
531 4556 650 4607 κατ’
700 4556 867 4609 αὑτοῦ
915 4558 1199 4627 δογμάτων
1232 4562 1523 4632 εἰσηγηταί
1567 4565 1727 4614 ἐπαι-

147 4645 300 4697 νοῦσι.
342 4646 443 4715 μὲν
475 4645 709 4713 λέγοντα
738 4649 834 4701 καὶ⁹
863 4647 1261 4719 διατεινόμενον
1286 4694 1307 4717 ,
1336 4652 1411 4716 ὡς
1439 4654 1527 4723 εἴη
1590 4671 1727 4707 παν-

149 4739 365 4807 αληθῶς
400 4738 729 4807 καλούμενος
761 4738 987 4811 Κύριος,
1019 4740 1116 4811 τῆς
1158 4742 1213 4794 δὲ
1251 4743 1393 4795 κατά
1426 4743 1587 4812 φύσιν
1631 4762 1730 4797 κυ-

152 4832 403 4901 ριότητος
452 4831 781 4897 ἐξωθοῦντες
832 4833 994 4886 αὐτὸν
1041 4834 1127 4886 διὰ
1180 4834 1272 4887 τοῦ
1319 4835 1392 4906 μὴ
1444 4836 1729 4905 βούλεσθαι

148 4926 278 4979 θεὸν
303 4926 367 4976 ἐκ
401 4924 537 4977 Θεοῦ
567 4924 711 4979 κατὰ
737 4925 900 4995 φύσιν
924 4925 1229 4995 ὁμολογεῖν,
1261 4929 1356 4981 καί
1393 4930 1491 4999 τῆς
1520 4930 1728 4983 ἑαυτῶν

152 5012 435 5085 βδελυρίας
455 5015 523 5067 τά
551 5016 766 5067 πάντων
788 5015 1043 5084 αἴσχιστα
1066 5018 1393 5086 κατηγορεῖν
1422 5017 1480 5068 οὐ
1506 5016 1728 5071 πιστεύ-

151 5122 320 5160 ουσιν.
360 5106 484 5158 Ὅτι
528 5106 643 5177 γὰρ
680 5108 779 5160 οὐκ
828 5109 887 5158 ἐν
920 5108 1031 5170 τοῖς
1077 5106 1177 5177 τὴν
1232 5107 1486 5177 δουλικὴν
1541 5108 1725 5177 ἔχουσι

152 5196 341 5259 τάξιν,
392 5197 514 5249 οὐδὲ
566 5200 680 5260 τοῖς
732 5198 845 5250 τῶν
903 5197 1206 5266 γεγονότων
1268 5199 1592 5267 καταλόγοις
1644 5202 1727 5253 ἐν-

154 5288 407 5358 αρίθμιος
456 5284 595 5341 εἶναι
652 5289 936 5359 βούλεται,
1010 5288 1197 5359 βλέπει
1263 5290 1325 5344 δὲ
1396 5292 1595 5362 μᾶλλον
1647 5296 1727 5358 εἰς

153 5381 244 5451 τήν
308 5381 535 5435 ἐνοῦσαν
594 5381 744 5452 αὐτῷ
797 5381 940 5434 κατά
997 5381 1158 5450 φύσιν
1214 5382 1569 5455 ἐλευθερίαν,
1632 5386 1729 5439 καὶ

156 5475 236 5527 ὅτε
310 5476 532 5544 γέγονεν
598 5477 656 5529 ἐν
728 5477 793 5546 τῇ
877 5473 973 5527 τοῦ
1046 5474 1234 5528 δούλου
1330 5480 1551 5547 μορφῇ,
1630 5477 1725 5530 καὶ

158 5566 236 5620 διὰ
274 5568 464 5621 τούτου
508 5569 778 5629 συνήσεις.
829 5566 1079 5637 Ἀφίκετο
1116 5567 1213 5637 μὲν
1259 5567 1366 5637 γὰρ
1411 5569 1467 5619 ἐν
1510 5569 1731 5636 Καφαρ-

224 5747 243 5776 ⁹
276 5746 291 5799 1
321 5745 480 5801 Joan.
525 5762 623 5813 ιιι,
660 5748 710 5800 1.

789 5746 831 5778 ⁸⁸
877 5744 1032 5800 Joan.
1074 5760 1191 5809 xm,
1226 5744 1305 5798 l5.
1385 5746 1432 5776 ”
1463 5743 1695 5813 Philipp.
1727 5760 1801 5809 ιι,
1828 5742 1940 5798 6-8.

1836 4571 1939 4612 tem
1993 4559 2175 4627 potius
2226 4565 2435 4626 spectet
2490 4557 2596 4611 sibi
2636 4571 2663 4607 ιι
2724 4568 2919 4607 natura
2964 4553 3215 4619 insitam,
3248 4555 3412 4608 etiam

1835 4665 1961 4704 cum
2013 4648 2189 4702 factus
2232 4655 2316 4702 est
2356 4648 2409 4701 in
2454 4646 2630 4701 forma
2674 4646 2819 4701 servi
2846 4646 2920 4710 “,
2955 4644 3113 4715 791
3164 4647 3251 4699 vel
3287 4646 3416 4699 hinc

1834 4739 2125 4809 intelliges.
2154 4736 2443 4791 Profectus
2470 4746 2555 4791 est
2598 4736 2652 4789 in
2697 4737 3122 4806 Capharnaum,
3158 4737 3305 4790 sicut
3358 4737 3418 4789 in

1836 4830 2146 4900 Evangeliis
2190 4829 2425 4897 legimus
2480 4846 2492 4883 :
2542 4835 2839 4883 exactores
2878 4836 3061 4882 autem
3107 4825 3416 4881 didrachmi

1835 4922 2061 4977 Petrum
2097 4918 2370 4974 adeuntes
2410 4920 2492 4973 sic
2528 4934 2655 4973 eum
2706 4920 3118 4990 compellarunt
3152 4936 3166 4971 :
3200 4935 3219 4969 ι
3247 4916 3416 4989 Μοεὶ-

1835 5024 1950 5070 ster
1990 5025 2170 5068 vester
2224 5027 2332 5065 non
2393 5011 2560 5065 solvit
2610 5010 2943 5066 didrachma
2974 5011 3104 5063 "1?»
3155 5007 3273 5063 Hoc
3320 5011 3413 5065 ubi

1834 5106 2091 5161 Christus
2126 5104 2376 5165 rescivit,
2411 5102 2542 5173 quid
2568 5102 2637 5156 ad
2671 5103 2894 5156 Petrum
2930 5102 3299 5172 responderit.
3334 5103 3417 5157 vi-

1834 5196 1967 5250 dere
2004 5203 2091 5250 est
2122 5208 2304 5264 operae
2347 5193 2585 5261 pretium
2624 5211 2636 5247 :
2674 5211 2692 5243 ι
2719 5192 2899 5263 Reges
2931 5202 3111 5256 terrae,
3146 5207 3173 5244 a
3208 5193 3418 5261 quibus

1829 5287 2112 5357 accipiunt
2144 5300 2392 5348 censum,
2428 5291 2521 5338 aut
2558 5283 2805 5337 tributa?
2834 5296 2863 5337 a
2902 5278 3034 5337 ﬁliis
3069 5281 3208 5343 suis,
3245 5297 3311 5334 an
3343 5280 3420 5335 ab

1828 5379 2024 5432 alienis
2052 5377 2176 5430 ⁸³⁸1»
2225 5375 2389 5430 Petro
2436 5383 2618 5428 autem
2682 5375 2963 5444 sapienter
3008 5380 3063 5428 et
3112 5372 3414 5442 prudenter

1831 5471 2131 5525 conﬁtente
2174 5469 2389 5539 legibus
2424 5483 2489 5521 ac
2520 5468 2747 5522 tributis
2777 5483 2903 5522 eum
2944 5468 3244 5520 obnoxium
3287 5480 3420 5521 esse

1836 5568 2057 5628 debere,
2092 5567 2185 5634 qui
2234 5579 2403 5636 regno
2433 5580 2534 5618 nec
2585 5579 2786 5634 genere
2836 5577 2939 5616 nec
2993 5560 3102 5614 alio
3148 5559 3309 5615 modo
3338 5558 3415 5615 sit

2018 5744 2059 5774 "
2094 5740 2287 5796 Matth.
2313 5755 2445 5805 xvu,
2472 5738 2563 5795 23.
2643 5740 2687 5772 ¹³
2720 5738 2849 5794 ibid.
2885 5740 2975 5794 24.
