3892 6202
385 265 492 320 29.7

1414 269 1472 324 S.
1512 266 1790 322 CYlllUJ
1833 266 2305 324 ALEXANDRINI
2354 265 2676 323 ARCIIIEP'.

3561 264 3666 320 228

389 376 700 446 proximus,
735 377 920 432 statim
965 376 1255 449 subjunxit
1295 378 1577 441 Christus,
1620 379 1730 433 Deo
1766 393 1970 432 conve-

2089 380 2270 451 ναοὺμ,
2301 381 2554 452 καθάπερ
2597 383 2653 433 ὲν
2691 381 2803 442 τοῖς
2845 379 3200 452 Εὑαγγελίοις
3230 379 3579 451 ἀνέγνωμενο
3617 380 3664 433 οἱ

390 469 556 524 nieus
600 469 980 525 testimonium
1034 471 1138 525 sibi
1184 470 1443 525 tribuens
1487 487 1502 525 :
1558 489 1579 522 ε
1617 469 1762 542 Ergo
1813 471 1972 525 liberi

389 571 520 615 sunt
558 561 659 616 lilii
687 563 753 616 ¹⁵.
798 581 820 614 ι
860 562 1020 628 Quod
1052 565 1098 617 si
1134 577 1439 619 conservus
1476 571 1582 629 est,
1613 579 1679 618 ac
1727 580 1838 618 non
1882 562 1972 618 Fi-

388 655 498 709 lius
533 671 661 710 vere
693 671 759 710 ex
790 654 972 712 Patris
1018 655 1334 712 substantia
1369 657 1622 727 genitus,
1658 671 1839 728 neque
1874 671 1962 711 na-

388 746 624 800 turalem
680 745 892 801 habens
933 763 1057 802 cum
1115 745 1278 802 Patre
1335 748 1819 818 conjunctionem,
1873 764 1975 803 cur

389 839 532 894 alios
609 855 808 894 omnes
906 840 1134 895 tributis
1187 841 1460 896 obnoxios
1504 840 1740 907 faciens,
1774 851 1834 896 ut
1877 842 1973 912 qui

390 932 557 985 alieni
611 947 719 985 non
767 933 1124 986 sintnatura
1178 933 1248 987 ab
1285 940 1550 989 exactore
1599 935 1791 989 tributi
1833 942 1887 989 et
1916 935 1970 988 in

389 1039 677 1080 servorum
714 1026 834 1078 loco
877 1025 1064 1095 positi,
1102 1026 1210 1080 sibi
1240 1025 1334 1080 uni
1369 1025 1678 1082 libertatem
1723 1026 1974 1082 vindica-

392 1117 502 1170 vit?
535 1118 779 1172 Abusive
815 1119 1024 1172 etenim
1074 1119 1144 1174 de
1182 1119 1348 1174 nobis
1380 1120 1644 1173 dicuntur
1687 1135 1809 1189 quae
1848 1136 1977 1190 pro-

390 1208 507 1276 prie
537 1223 604 1260 ac
627 1223 754 1262 vere
775 1208 969 1262 deitati
999 1216 1315 1279 congruunt
1345 1210 1507 1278 eique
1532 1225 1720 1265 revera
1759 1211 1972 1277 insunt,

391 1301 467 1352 ita
493 1310 553 1352 ut
583 1301 628 1354 si
659 1301 786 1370 quis
820 1310 1210 1356 creaturarmn
1247 1312 1504 1357 naturam
1553 1317 1813 1360 accurate
1841 1320 1979 1358 con--

389 1393 620 1458 sideret,
657 1394 943 1450 servitutis
985 1395 1172 1464 utique
1217 1411 1420 1451 nomen
1473 1412 1538 1452 ac
1581 1413 1696 1453 rem
1744 1399 1794 1453 ei
1840 1413 1976 1452 cou-

387 1487 582 1540 venire
638 1487 915 1557 imprimis
969 1490 1296 1559 comperiat.
1343 1487 1441 1544 Sin
1488 1497 1673 1545 autem
1721 1498 1973 1546 nostrum

389 1578 559 1648 aliqui
598 1578 872 1633 libertatis
915 1580 1087 1649 gloria
1132 1581 1378 1637 deeorati
1413 1589 1566 1648 sunt,
1601 1583 1831 1637 abusive
1877 1581 1977 1635 ha-

392 1672 521 1725 bent
565 1670 710 1740 quod
753 1671 864 1726 Deo
899 1673 1002 1727 soli
1046 1675 1296 1729 debetur.
1331 1674 1506 1731 Porro
1561 1677 1795 1731 libenter
1827 1677 1880 1730 id
1908 1691 1975 1730 ex

2074 472 2132 525 δὲ
2177 472 2272 526 τοῦ
2326 475 2469 527 κατὰ
2523 473 2686 542 νόμον
2732 472 3027 543 διδράχμου
3081 471 3414 542 πράκτορες,
3475 471 3669 542 Πέτρῳ

2076 564 2392 636 προσιόντες
2431 563 2699 633 ἔφασκον·
2731 582 2750 615 ι
2801 566 2858 617 '0
2890 564 3208 628 διδάσκαλος
3248 563 3403 634 ὑμῶν
3429 565 3490 617 οὺ
3522 565 3671 618 τελεῖ

2074 652 2140 708 τὸ
2160 655 2486 727 δίδραχμον;
2515 677 2532 709 ι
2558 658 2664 710 Καὶ
2681 657 2867 728 ἐπειδὴ
2895 656 3052 710 τοῦτο
3099 657 3334 727 Χριστὸς
3363 655 3669 717 διεπύθετο,

2073 745 2126 798 τί
2145 745 2282 817 πρὸς
2301 748 2393 800 τὸν
2418 748 2625 819 Πέτρον
2646 749 3004 819 ἁπεκρίνατο,
3033 747 3243 800 δίκαιον
3271 741 3365 800 οῦν
3385 746 3535 800 ἰδεῖν.
3565 765 3585 797 ι
3607 750 3673 799 Οἱ

2077 838 2320 908 βασιλεῖς
2367 839 2470 911 τῆς
2503 842 2627 910 γῆς,
2661 841 2768 893 ἀπὸ
2817 839 2977 893 τίνων
3034 839 3374 910 λαμϐάνουσι
3406 839 3606 909 κῆνσον
3635 840 3672 909 ἢ

2075 929 2203 1002 τέλη
2231 948 2244 997 ;
2278 931 2384 984 ἀπὸ
2415 930 2525 986 τῶν
2554 930 2706 996 υἱῶν,
2737 931 2770 1003 ἢ
2806 931 2914 984 ἀπὸ
2933 930 3041 983 τῶν
3066 929 3364 1000 ἀλλοτρίων
3390 948 3438 995 ;›
3474 929 3582 982 Τοῦ
3615 929 3675 980 δὲ

2077 1022 2285 1094 Πέτρου
2317 1023 2494 1092 σοφῶς
2521 1041 2580 1077 τε
2603 1023 2698 1076 καὶ
2724 1023 2992 1093 νουνεχῶς
3023 1023 3115 1076 τὸν
3145 1025 3245 1094 τῆς
3268 1020 3546 1092 βασιλείας
3573 1020 3674 1073 ἁλ-

2077 1115 2311 1187 λότριον,
2339 1116 2464 1169 ὅσον
2490 1117 2569 1180 είς
2598 1117 2756 1186 γένος
2785 1117 2881 1170 καὶ
2908 1116 3009 1186 τὴν
3042 1115 3164 1168 καθ’
3187 1117 3337 1186 ἡμᾶς
3366 1113 3675 1184 νοουμένην

2075 1209 2432 1279 ἀγχιστείαν,
2498 1208 2822 1262 ὑποκεῖσθαι
2869 1209 2980 1262 δεῖν
3031 1210 3145 1269 τοῖς
3207 1208 3430 1279 θεσμοῖς
3475 1207 3508 1278 ἢ
3554 1209 3674 1269 τοῖς

2077 1302 2285 1355 τέλεσιν
2317 1302 2778 1374 ὁμολογήσαντος,
2824 1300 2988 1364 εὐθὺς
3037 1302 3320 1372 ἐπήγαγεν
3357 1301 3387 1353 ὁ
3413 1299 3673 1371 Χριστὸς,

2077 1395 2254 1467 ἑαυτῷ
2290 1396 2390 1467 τὴν
2418 1394 2696 1466 θεοπρεπῆ
2737 1395 3042 1466 μαρτυρίαν
3071 1395 3147 1457 ὡς
3188 1393 3406 1466 ἀληθῶς
3443 1391 3675 1450 ἐνοῦσαν

2078 1486 2424 1557 προσνέμων·
2458 1485 2637 1555 «Ἄρα
2671 1501 2736 1553 γε
2774 1483 3051 1554 ἐλεύθεροί
3081 1485 3218 1536 εἰσιν
3235 1484 3285 1536 oi
3314 1481 3441 1535 υἱοί.
3477 1500 3495 1531 ι
3527 1481 3590 1534 Εἰ
3614 1481 3674 1533 δὲ

2076 1567 2146 1644 ἦν
2161 1572 2466 1642 ὀμόδουλος,
2493 1574 2588 1626 καὶ
2601 1573 2701 1643 οὐχ
2731 1572 2856 1636 Υἱὸς
2875 1571 3091 1643 ἀληθῶς
3120 1572 3186 1624 ἐκ
3209 1572 3312 1642 τῆς
3340 1569 3433 1624 τοῦ
3459 1570 3678 1641 Πατρὸς

2078 1665 2266 1727 οὐσίας
2305 1664 2724 1736 γεγεννημένος,
2751 1663 2873 1717 οὐδὲ
2920 1663 3154 1735 φυσικὴν
3203 1665 3346 1734 ἔχων
3397 1662 3536 1732 πρὸς
3579 1661 3680 1714 τὸν

388 1763 471 1816 eis
506 1763 783 1817 sciscitari
815 1765 1006 1828 velim,
1035 1783 1166 1820 num
1199 1768 1472 1823 dciferunt
1503 1767 1734 1824 Paulum
1773 1769 1976 1823 dicturi

2089 1757 2303 1809 τεκόντα
2333 1757 2432 1829 τὴν
2464 1757 2791 1827 οἰκειότητα,
2816 1756 2869 1809 τί
2906 1757 3034 1820 τοὺς
3071 1756 3263 1819 ἄλλους
3287 1756 3534 1817 ἅπαντας
3561 1754 3679 1816 τοῖς

392 1856 524 1918 sint,
552 1857 698 1924 quod
734 1855 996 1913 Christus
1027 1859 1298 1915 inhabitet
1333 1862 1386 1914 in
1418 1877 1484 1916 eo
1525 1877 1623 1932 per
1646 1878 1806 1916 suum
1852 1861 1980 1933 Spi-

393 1949 563 2000 ritum
602 1967 615 2002 :
649 1962 718 2002 an
743 1957 798 2003 et
828 1950 931 2003 hoc
967 1959 1242 2020 nugantes
1279 1951 1576 2007 inliciaturi
1612 1955 1746 2008 sint.
1770 1951 1904 2007 Nam
1931 1954 1979 2009 si

393 2054 583 2093 revera
633 2039 907 2096 deiferum
969 2056 1080 2096 non
1122 2059 1248 2099 esse
1297 2044 1525 2111 dicent,
1585 2047 1778 2118 utique
1829 2046 1980 2103 istud

392 2131 629 2186 suiliciet
692 2142 754 2187 ut
798 2136 1061 2192 omnibus
1102 2138 1481 2207 persuadeant
1516 2141 1850 2211 rejiciendas
1886 2156 1982 2196 eo-

393 2239 515 2277 rum
565 2240 690 2280 esse
734 2241 912 2297 nugas
955 2240 1008 2282 et
1043 2243 1264 2285 summo
1296 2232 1426 2285 odio
1454 2231 1761 2299 habendas,
1796 2245 1855 2288 ut
1884 2235 1980 2305 qui

395 2315 533 2368 nihil
580 2317 809 2372 absurdi
853 2319 927 2373 sit
969 2321 1119 2390 quod
1148 2321 1400 2392 proferre
1433 2334 1712 2380 recusent.
1749 2323 1844 2381 Sin
1877 2343 1981 2382 aur-

394 2420 500 2462 tem
540 2408 644 2463 hoc
676 2409 955 2478 fugientes
989 2413 1054 2467 ad
1085 2429 1274 2468 verum
1320 2415 1620 2472 dicendum
1653 2429 1982 2475 convertan-

396 2507 511 2563 tur,
548 2513 613 2553 ac
663 2515 792 2555 vere
827 2501 1100 2558 deil‘erum
1135 2521 1263 2559 eum
1310 2506 1651 2571 fatebuntur,
1687 2520 1981 2580 propterea

393 2589 544 2658 quod
577 2588 720 2646 Deus
766 2591 820 2644 in
855 2592 975 2662 ipso
1026 2593 1256 2657 habitet,
1285 2596 1564 2664 quomodo
1609 2611 1720 2652 non
1766 2612 1983 2653 summa

395 2699 520 2737 cum
564 2684 847 2754 impietate
899 2687 1085 2742 dicere
1124 2701 1427 2758 arguentur
1461 2705 1493 2744 a
1543 2691 1638 2744 Dei
1691 2706 1757 2746 ac
1799 2691 1984 2750 Patris

398 2777 714 2830 substantia
755 2778 994 2832 alienum
1033 2795 1158 2835 esse
1212 2779 1453 2836 Filium?
1499 2780 1618 2838 Non
1667 2784 1780 2854 jam
1835 2785 1983 2841 enim

396 2867 571 2923 deifer
603 2877 688 2922 est
728 2869 955 2932 Paulus,
982 2872 1026 2926 si
1061 2887 1169 2925 non
1203 2872 1345 2930 Deus
1391 2875 1696 2930 secundum
1729 2885 1982 2932 naturam

400 2963 474 3016 sit
515 2960 733 3026 Filius;
792 2962 889 3018 sed
930 2966 1326 3023 erubescentes
1366 2969 1702 3042 quandoque
1745 2977 1985 3040 (summa

2080 1851 2290 1903 τέλεσιν
2320 1850 2560 1914 ὑποθεὶς,
2594 1850 2669 1913 ὠς
2707 1850 2808 1902 οὐκ
2847 1849 3160 1920 ἀλλοτρίους
3189 1848 3350 1912 ὂντας
3388 1847 3531 1900 κατά
3574 1847 3678 1916 τὴν

2080 1940 2241 2010 φύσιν
2274 1941 2366 1994 τοῦ
2409 1941 2764 2011 δασμολογεῖν
2801 1938 3107 2008 ὀφείλοντος
3131 1978 3146 2004 ,
3202 1941 3298 1990 καὶ
3338 1938 3398 1990 ὲν
3444 1935 3679 1990 οἰκετῶν

2079 2033 2231 2098 τάξει
2266 2032 2572 2105 κειμένους,
2608 2033 2753 2102 μόνῳ
2800 2032 2899 2102 τὴν
2945 2030 3263 2101 ἐλευθερίαν
3314 2027 3676 2100 μεμαρτύρη-

2081 2144 2177 2180 κεν
2228 2126 2444 2196 ὲαυτῷ;
2487 2122 2960 2195 Καταχρηστικῶς
3005 2121 3105 2193 μὲν
3153 2121 3263 2192 γὰρ
3297 2122 3382 2190 ἐφ’
3425 2123 3558 2191 ἡμῖν
3606 2120 3678 2172 τὰ

2081 2219 2286 2291 κυρίως
2332 2235 2392 2271 τε
2442 2218 2536 2272 καὶ
2592 2215 2809 2288 ἀληθῶς
2853 2216 2990 2287 μόνῃ
3028 2215 3309 2286 πρέποντα
3341 2217 3407 2284 τῇ
3457 2213 3677 2283 θεότητι

2083 2316 2332 2384 φέρεται,
2370 2311 2665 2382 ἐνυπάρχει
2721 2310 2777 2363 δὲ
2829 2309 2981 2380 αὐτῷ
3027 2309 3171 2362 κατά
3219 2307 3500 2378 ἀλήθειαν,
3533 2305 3677 2359 ὥστε

2081 2407 2182 2478 τὴν
2215 2405 2324 2459 τῶν
2359 2405 2602 2476 γενητῶν
2631 2405 2794 2468 εἴτις
2826 2401 3072 2474 ἀκριϐῶς
3101 2403 3480 2455 διασκέπτοιτο
3513 2399 3679 2469 φύσιν

2086 2495 2360 2566 θεωρῆσαι
2391 2496 2608 2556 πάντως
2636 2494 2774 2564 αὐτῇ
2803 2493 2864 2546 τὸ
2886 2493 2986 2564 τῆς
3012 2489 3259 2554 δουλείας
3287 2490 3460 2560 δνομά
3492 2507 3553 2542 τε
3585 2489 3682 2542 καὶ

2085 2591 2318 2660 πρᾶγμα
2351 2587 2820 2660 πρεπωδέστατον.
2857 2586 2918 2640 Εἰ
2945 2586 3002 2639 δέ
3034 2601 3179 2649 τινες
3208 2583 3316 2638 τῶν
3357 2585 3416 2636 έν
3445 2585 3583 2654 ἡμῖν
3610 2584 3679 2652 τῇ

2084 2683 2183 2753 τῆς
2237 2681 2553 2753 ἐλευθερίας
2608 2684 2927 2752 τετίμηνται
2995 2679 3161 2750 δόξῃ,
3221 2674 3682 2748 καταχρηστικῶς

2086 2774 2271 2844 ἔχουσι
2309 2774 2372 2828 τὸ
2412 2774 2558 2844 μόνῳ
2597 2773 2718 2842 Θεῷ
2764 2771 3232 2845 χρεωστούμενον.
3285 2769 3491 2832 Ἡδέως
3536 2769 3583 2821 δ’
3616 2768 3683 2822 ἂν

2089 2871 2298 2943 σφόδρα
2328 2871 2550 2923 κάκεῖνο
2591 2869 2727 2940 πρὸς
2770 2867 2981 2930 τούτοις
3028 2865 3257 2937 ἐροίμην
3301 2862 3533 2926 αὐτούς·
3572 2856 3684 2930 ἆρα

2089 2965 2344 3035 θεοφόρον
2384 2962 2569 3034 ἐροῦσι
2617 2965 2708 3015 τὸν
2747 2959 2982 3024 Παῦλον,
3011 2957 3250 3030 Χριστοῦ
3299 2953 3684 3015 κατοικοῦντος

397 3055 600 3109 etenim
631 3055 884 3110 vafrities
909 3065 964 3111 ct
989 3059 1302 3129 malignitas
1329 3061 1382 3115 in
1411 3062 1476 3118 iis
1505 3065 1634 3135 est),
1663 3063 1831 3119 Deum
1863 3066 1982 3134 qui-

2089 3058 2175 3111 διὰ
2236 3056 2332 3110 τοῦ
2381 3057 2512 3109 ἰδίου
2561 3054 2974 3125 Πνεῦματος·ἢ
3038 3053 3132 3105 καὶ
3178 3049 3347 3104 τοῦτο
3387 3047 3687 3118 ληροῦντες

2105 3152 2116 3158 -
2211 3152 2220 3158 ,
2474 3149 2532 3158 κ.
2625 3148 2635 3158 ι
2766 3148 2775 3158 ι
2869 3148 2882 3158 ι
2967 3145 2989 3154 -
3097 3145 3120 3158 Α
3240 3144 3252 3158 ι
3437 3143 3449 3156 ο
3574 3137 3598 3158 τ’
3640 3157 3643 3158 ,

399 3147 526 3200 dem
557 3162 686 3201 vere
717 3148 904 3203 dicent
939 3148 1160 3214 Filium,
1192 3168 1297 3206 non
1333 3163 1515 3209 tamen
1543 3171 1610 3220 ex
1639 3155 1748 3211 Deo
1782 3173 1984 3213 secun-

398 3239 529 3294 dum
569 3250 827 3295 naturam
867 3259 990 3298 esse
1021 3245 1290 3314 genitum,
1324 3263 1426 3303 nec
1458 3247 1692 3304 dubittm
1730 3260 1816 3305 est
1848 3253 1985 3322 quin

399 3331 485 3384 vel
512 3330 601 3385 hic
632 3333 688 3386 in
721 3348 816 3388 eos
846 3333 1033 3403 quivis
1079 3335 1357 3407 insurgat.
1395 3339 1689 3404 Quomodo
1718 3341 1866 3395 enim
1897 3357 1986 3396 es-

400 3431 484 3475 set
512 3420 660 3477 Deus
693 3423 760 3488 is,
796 3425 888 3494 qui
918 3436 1132 3482 nonest
1160 3444 1222 3482 ex
1251 3429 1364 3484 Deo
1397 3433 1705 3486 secundum
1725 3443 1986 3489 naturam

401 3514 668 3583 genitus?
702 3515 1094 3573 Verumtamen
1132 3520 1266 3575 illud
1303 3522 1542 3579 dicimus
1578 3524 1776 3595 :792
1819 3525 1986 3581 Deum

401 3621 526 3660 csse
551 3607 633 3662 ais
656 3609 958 3663 secundum
999 3622 1252 3666 naturam
1280 3612 1502 3668 Filium.
1543 3615 1835 3682 Quomodo
1858 3633 1988 3689 ergo

375 3696 580 3752 ‘deil‘er
613 3701 740 3765 erit,
764 3710 858 3755 aut
893 3715 1042 3758 certe
1073 3704 1165 3758 Dei
1209 3707 1512 3778 particeps,
1550 3710 1642 3778 qui
1684 3710 1988 3766 secundum

407 3800 670 3846 naturam
711 3802 798 3847 est
839 3795 1018 3850 Deus?
1051 3813 1151 3851 nec
1182 3800 1328 3853 enim
1364 3802 1451 3856 sui
1501 3802 1676 3871 ipsius
1713 3804 1991 3875 particeps

404 3880 574 3936 fuerit
630 3899 876 3954 unquam
917 3904 930 3939 :
968 3888 1033 3942 ad
1072 3890 1202 3958 quid
1247 3891 1396 3945 enim
1443 3892 1710 3949 habitabit
1759 3895 1902 3951 Deus
1935 3897 1988 3950 in

406 3972 540 4038 Deo,
573 3985 633 4030 ut
679 3977 820 4031 alter
856 3979 908 4032 in
944 3981 1160 4035 altero?
1198 3981 1254 4035 Si
1283 3983 1430 4038 enim
1477 3983 1623 4039 idem
1659 3996 1746 4041 est
1793 3995 1992 4041 natura

404 4069 555 4136 quod
588 4070 825 4140 suscipit
855 4085 980 4126 cum
1007 4088 1076 4129 eo
1105 4074 1252 4144 quod
1281 4076 1576 4145 inhabitat,
1606 4079 1736 4148 quid
1769 4078 1990 4134 demum

409 4163 829 4232 participatione
856 4180 997 4235 opus
1020 4168 1166 4222 erit?
1189 4167 1285 4223 Sin
1316 4177 1500 4224 autem
1525 4171 1989 4241 quemadmodum

404 4254 526 4323 ipse
577 4255 909 4312 inhabitavit
945 4259 997 4313 in
1034 4259 1228 4328 Paulo,
1267 4263 1342 4317 ita
1390 4273 1443 4318 et
1475 4262 1638 4318 Pater
1670 4275 1755 4319 est
1804 4264 1861 4318 in
1901 4280 1989 4330 eo,

405 4349 689 4414 quomodo
712 4365 822 4404 non
847 4350 1022 4407 deiter
1042 4354 1273 4424 perinde
1303 4369 1369 4409 ac
1396 4353 1604 4411 Paulus
1635 4357 1766 4419 erit,
1790 4357 1994 4427 quippe

2092 3152 2438 3222 ἀρνήσονται.
2473 3149 2535 3200 El
2582 3148 2679 3218 μὲν
2719 3148 2826 3217 γὰρ
2867 3145 3051 3216 ὲροῦσι
3095 3144 3352 3214 θεοφόρον
3397 3143 3499 3194 οὐκ
3545 3137 3687 3193 εἶναι

2095 3245 2213 3300 κατ’
2251 3241 2532 3312 ἀλήθειαν,
2580 3241 2805 3313 ἀρκέσει
2850 3238 2915 3310 δὴ
2967 3238 3127 3292 τοῦτο
3173 3237 3310 3308 πρὸς
3349 3239 3411 3287 τὸ
3472 3233 3688 3296 πάντας

2093 3336 2384 3390 ἀναπεῖσαι
2418 3333 2603 3388 λοιπὸν
2652 3331 2782 3403 παρ’
2816 3331 2994 3385 αὐτῶν
3038 3327 3389 3383 ἀποσείεσθαι
3416 3324 3688 3397 φλυαρίας

2095 3433 2191 3486 καὶ
2223 3433 2402 3503 μισεῖν
2443 3431 2523 3492 είς
2561 3429 2750 3496 ἄκρον,
2797 3425 2874 3490 ὡς
2917 3424 3071 3478 οὐδὲν
3109 3425 3282 3476 εἰπεῖν
3318 3421 3428 3474 τῶν
3465 3421 3691 3474 ἀτόπων

2098 3524 2586 3599 παραιτουμένους.
2625 3521 2686 3574 Εἰ
2720 3520 2777 3572 δέ
2815 3536 2880 3588 γε
2918 3519 3076 3571 τοῦτο
3112 3517 3406 3586 φεύγοντες
3451 3513 3589 3584 πρός
3622 3529 3688 3580 γε

2094 3621 2157 3673 τὸ
2184 3619 2383 3690 χρῆναι
2414 3616 2592 3684 λέγειν
2612 3613 2985 3686 τραπήσονται
3019 3611 3274 3681 τάληθὲς,
3301 3609 3396 3663 καὶ
3429 3606 3690 3675 θεοφόρον

2096 3710 2312 3780 ἀληθῶς
2341 3707 2768 3778 ὁμολογήσουσιν
2800 3705 2985 3765 αὐτὸν,
3015 3703 3104 3758 διὰ
3139 3702 3200 3756 τὸ
3239 3703 3333 3758 τὸν
3363 3702 3602 3773 Χριστὸν
3632 3701 3693 3752 ἐν

2097 3801 2245 3871 αὐτῷ
2284 3801 2576 3862 κατοικεῖν,
2609 3796 2725 3859 πῶς
2753 3797 2812 3848 οὐ
2849 3795 3053 3866 σφόδρα
3078 3793 3354 3858 δυσσεϐῶς
3387 3792 3694 3848 ἁλώσονται

2095 3896 2196 3966 τῆς
2225 3892 2316 3947 τοῦ
2343 3889 2476 3945 Θεοῦ
2509 3890 2602 3942 καὶ
2645 3889 2858 3959 Πατρὸς
2898 3889 3086 3950 οὐσίας
3110 3887 3389 3956 ἀλλότριον
3417 3881 3558 3939 εἶναι
3601 3885 3694 3937 λέ-

2097 4005 2286 4057 γοντες
2317 3986 2408 4038 τὸν
2438 3984 2599 4049 Υίόν;
2643 3983 2841 4035 Οὐκέτι
2869 3982 2978 4052 γὰρ
3019 3981 3279 4051 θεοφόρος
3309 3983 3338 4034 ό
3370 3979 3604 4044 Παῦλος,
3644 3980 3694 4031 εί

2102 4080 2176 4153 μὴ
2203 4079 2333 4143 Θεὸς
2367 4077 2511 4132 κατὰ
2544 4076 2706 4145 φύσιν
2749 4075 2897 4128 ἐστὶν
2944 4078 2971 4127 ὁ
3000 4074 3148 4137 Υἱός·
3182 4073 3297 4126 ἀλλ’
3327 4070 3695 4145 ὲρυθριῶντες

2099 4170 2212 4223 ἐσθ’
2248 4172 2337 4224 ὅτε
2366 4168 2646 4242 (πρόσεστι
2680 4165 2788 4236 γὰρ
2817 4165 2912 4219 καὶ
2950 4165 3011 4218 τὸ
3056 4164 3360 4237 πανοῦργον
3387 4166 3570 4228 αὐτοῖς
3598 4164 3698 4217 καὶ

2100 4260 2369 4329 κακόηθες
2407 4261 2487 4322 είς
2531 4258 2765 4325 λόγους),
2794 4256 2926 4308 Θεὸν
2968 4256 3066 4327 μὲν
3107 4255 3325 4325 ἐροῦσιν
3359 4254 3576 4324 ἀληθῶς
3603 4253 3697 4306 τὸν

2101 4352 2252 4414 Υίὸν,
2289 4350 2363 4422 μὴ
2411 4350 2514 4420 μὴν
2561 4351 2625 4402 ἐκ
2651 4347 2786 4401 Θεοῦ
2826 4348 3184 4418 γεγεννῆσθαι
3215 4348 3358 4402 κατά
3385 4346 3570 4416 φύσιν·
3604 4347 3699 4398 καὶ

405 4439 502 4508 qui
545 4441 693 4495 nulla
746 4457 808 4496 ex
864 4453 1023 4515 parte
1050 4446 1188 4516 -jam
1243 4448 1445 4502 habeat
1479 4458 1539 4502 ut
1581 4449 1652 4504 sit
1686 4451 1982 4504 secundum

2101 4445 2184 4498 ὅτι
2210 4445 2310 4515 μὲν
2335 4441 2674 4497 ἀπαστισοῦν
2709 4441 2888 4495 αὐτῶν
2936 4443 3038 4494 κάν
3066 4441 3241 4512 τούτῳ
3279 4439 3697 4510 καταϐοήσειεν,

406 4539 662 4585 naturam
705 4533 871 4600 Deus,
920 4553 1047 4592 cum
1082 4539 1302 4609 potiore
1334 4540 1429 4611 qui
1465 4541 1737 4597 inhabitet
1782 4545 1893 4597 Deo
1939 4543 1988 4598 ei

406 4637 546 4691 opus
575 4625 684 4677 sit?

2097 4539 2198 4592 οὐκ
2227 4537 2551 4610 ἀμφίλογον.
2583 4536 2708 4600 Πῶς
2735 4536 2843 4608 γὰρ
2873 4537 2939 4590 ἂν
2967 4538 3053 4608 εἴη
3083 4535 3236 4600 Θεὸς,
3266 4538 3295 4590 ὁ
3331 4535 3407 4606 μὴ
3456 4537 3522 4586 ὲκ
3561 4532 3700 4585 Θεοῦ

2099 4631 2242 4685 κατά
2294 4630 2454 4699 φύσιν
2508 4631 2944 4701 γεγεννημένος;
2999 4629 3146 4700 Πλὴν
3195 4631 3375 4684 έκεῖνο
3426 4628 3698 4696 λέγομεν·

407 4714 541 4767 Θεὸν
587 4713 727 4769 εἷναι
778 4718 882 4791 φὴς
925 4719 1069 4774 κατὰ
1112 4722 1273 4790 φύσιν
1311 4722 1402 4777 τὸν
1445 4724 1610 4789 Υίόν;
1647 4722 1771 4788 Πῶς
1805 4720 1898 4779 οῦν
1964 4725 2032 4780 ἂν
2104 4727 2189 4798 εἴη
2230 4724 2489 4794 θεοφόρος
2539 4725 2706 4795 ἤγουν
2755 4723 2889 4777 Θεοῦ
2943 4725 3200 4796 μέτοχος,
3259 4726 3288 4778 ὁ
3340 4724 3483 4777 κατὰ
3537 4720 3702 4788 φύσιν

408 4807 539 4871 Θεὸς
566 4852 578 4874 τ
610 4811 730 4862 οὐδὲ
774 4812 883 4884 γὰρ
923 4812 988 4866 ἂν
1033 4815 1230 4868 ἑαυτοῦ
1277 4818 1538 4889 μετάσχοι
1576 4821 1739 4872 ποτέ⁸
1771 4821 1852 4884 εἰς
1881 4829 1932 4872 τι
1964 4820 2075 4889 γὰρ
2113 4819 2328 4890 οἰκήσει
2363 4816 2496 4881 Θεὸς
2536 4819 2594 4869 ὲν
2625 4816 2764 4888 Θεῷ,
2807 4817 2884 4879 ὡς
2924 4817 3111 4886 ἔτερος
3139 4818 3197 4870 ὲν
3229 4816 3442 4888 έτέρῳ;
3485 4812 3549 4865 Ei
3589 4809 3702 4878 γὰρ

404 4899 558 4954 τοῦτ’
588 4902 704 4955 ἔστι
759 4905 899 4958 κατὰ
933 4906 1092 4972 φύσιν
1126 4909 1186 4960 τὸ
1219 4909 1506 4980 δεχόμενον
1554 4913 1692 4982 ὅπερ
1741 4909 1808 4966 ἂν
1837 4915 2008 4964 νοοῖτο
2047 4911 2142 4965 καὶ
2171 4911 2231 4964 τὸ
2255 4909 2518 4974 ἐνοικοῦν,
2564 4910 2695 4962 ποία
2770 4904 2863 4962 οῦν
2889 4908 3074 4963 λοιπὸν
3110 4914 3143 4980 ὴ
3193 4908 3292 4977 τῆς
3339 4907 3578 4978 μετοχῆς
3599 4906 3698 4973 γέ-

406 5007 554 5042 νοιτο
591 4993 784 5062 χρεία;
821 4995 884 5047 Εἰ
923 4995 978 5048 δὲ
1020 4995 1208 5067 ὥσπερ
1248 4999 1412 5061 αὐτὸς
1457 4999 1701 5072 ἐνῴκησε
1739 5000 1818 5072 τῷ
1862 5000 2085 5063 Παῦλω,
2115 5001 2208 5052 τὸν
2239 5000 2401 5052 αὐτὸν
2430 4998 2493 5069 δὴ
2533 5002 2732 5070 τρόπον
2769 4999 2864 5052 καὶ
2924 5000 2953 5052 ὁ
2990 4999 3180 5070 Πατὴρ
3243 5000 3300 5051 ὲν
3340 4996 3513 5066 αὐτῷ,
3582 4999 3701 5060 πῶς

406 5085 467 5136 οῦ
503 5085 763 5156 θεοφόρος
800 5087 949 5140 ἔσται
995 5090 1137 5143 κατὰ
1181 5091 1272 5142 τὸν
1306 5092 1543 5159 Παῦλον,
1597 5097 1658 5146 τὸ
1687 5090 1828 5147 εἶναι
1871 5093 2004 5157 Θεὸς
2043 5092 2185 5147 κατά
2222 5093 2384 5162 φύσιν
2427 5093 2726 5164 οὐδαμόθεν
2765 5093 2906 5163 ἒχων
2964 5092 3067 5157 ἔτι,
3115 5093 3206 5146 διὰ
3281 5093 3341 5145 τὸ
3389 5090 3702 5162 κρείττονος

407 5177 666 5248 δεηθῆναι
701 5179 793 5233 τοῦ
820 5181 1159 5244 ἐνοικοῦντος
1202 5183 1370 5250 Θεοῦ;

477 5267 654 5328 Porro
702 5279 968 5326 strenuus
1017 5271 1109 5325 hic
1149 5271 1241 5326 Dei
1289 5273 1469 5330 hostis
1511 5276 1722 5347 aliquid
1769 5277 1996 5347 insuper

407 5363 706 5433 excogitat,
734 5373 790 5419 et
821 5380 919 5435 per
954 5365 1182 5430 multas,
1209 5378 1269 5421 ut
1299 5367 1408 5422 sibi
1449 5369 1624 5440 lingit,
1650 5371 1996 5426 demonstra-

410 5454 587 5508 tiones
636 5469 794 5509 suam
835 5457 1146 5512 doctrinam
1178 5457 1232 5513 in
1275 5460 1474 5530 vulgus
1517 5478 1780 5533 spargere
1819 5478 1995 5518 cona-

407 5551 521 5600 tur.
573 5543 768 5613 Opcraa
831 5547 1067 5617 pretium
1130 5549 1276 5605 enim
1332 5552 1575 5609 arbitror
1631 5555 1816 5610 omnia
1874 5554 1994 5624 ejus

516 5718 560 5750 “
587 5719 776 5777 Matth.
822 5738 952 5788 xvtt,
984 5723 1076 5778 25.

2176 5265 2310 5324 Εἶτα
2365 5271 2525 5324 πάλιν
2567 5270 2658 5322 ἐπὶ
2696 5270 2908 5334 τούτοις
2956 5273 2984 5324 ὁ
3036 5272 3297 5340 γεννάδας
3352 5273 3486 5342 ἡμῖν
3518 5274 3703 5327 οὐτοσὶ

2105 5366 2474 5433 προσεπινοεί,
2525 5364 2619 5414 καὶ
2666 5363 2751 5416 διὰ
2789 5363 2998 5416 πολλῶν
3049 5363 3400 5427 ἀποδείξεων,
3430 5365 3508 5429 ὡς
3546 5367 3677 5418 ὑπε’

2103 5455 2273 5525 ληφεν
2321 5454 2502 5518 αὐτὸς,
2548 5454 2639 5506 τὸν
2671 5456 2869 5508 οἰκεῖον
2909 5455 3172 5526 θρυλλοῦν
3217 5458 3480 5527 πειρᾶται
3521 5456 3700 5526 λόγον.

2107 5550 2292 5616 ’Λξιον
2329 5549 2443 5620 γὰρ’
2475 5544 2628 5618 οἶμαι
2671 5548 2758 5601 διὰ
2803 5548 3017 5602 πάντων
3060 5547 3227 5601 αὑτοῦ
3272 5547 3380 5602 τῶν
3436 5551 3704 5621 ῥημάτων
