3884 6208
141 318 250 372 229

1233 312 1299 366 l'N
1333 313 1621 368 JOANNIS
1653 309 2109 366 EVANGELIUM
2145 311 2275 366 LIB.
2314 312 2406 367 IX.

3320 314 3428 367 230

137 427 366 489 ἐλθεῖν,
425 425 519 479 καὶ
566 424 668 495 τῆς
719 425 945 494 ἐνούσης
1006 423 1156 494 αὐτῷ
1213 424 1479 493 θεομαχου
1543 423 1723 491 βουλῆς

1846 424 2006 477 verba
2044 440 2390 493 percurrere,
2428 435 2478 478 et
2504 425 2624 493 ejus
2652 425 2875 494 impiam
2906 441 2967 479 ac
2999 425 3107 478 Deo
3145 426 3424 479 inimicam

141 517 401 572 ἀπλῶσαι
448 515 547 587 τὴν
601 516 815 579 πεῦσιν,
856 517 944 568 ἵνα
1012 515 1356 585 διελέγχηται
1415 515 1601 583 σαφῶς
1657 517 1739 568 ὅτι

136 614 256 675 τοῖς
311 611 613 679 ποιήμασιν
675 609 988 681 ἐναρίθμιον
1046 608 1253 661 τίθεται
1292 609 1383 661 τὸν
1435 609 1738 679 Μονογενῆ,

139 705 239 758 καὶ
271 700 752 773 κεκομψευμέναις
784 702 1020 765 ἀπάταις
1049 701 1147 771 τὴν
1186 704 1265 765 εἰς
1294 702 1455 755 αὐτὸν
1484 700 1738 754 ἀσέϐειαν

140 793 473 865 καταχώσας
511 795 540 845 ὁ
573 794 825 856 δείλαιος,
871 793 1003 845 Θεὸν
1036 794 1134 863 μὲν
1181 789 1321 845 εἶναι
1366 792 1735 862 συνομολογεῖ,

137 888 242 954 τῆς
278 904 343 955 γε
376 887 483 957 μὴν
508 886 724 957 ἀληθῶς
759 888 852 939 καὶ
884 886 1023 939 κατά
1053 886 1213 955 φύσιν
1240 885 1491 952 θεότητος
1531 886 1738 956 ἐκπέμ-

140 999 264 1033 πων
303 981 467 1033 αὑτὸν
493 1021 507 1044 ,
557 980 730 1033 οἴεταί
770 997 888 1042 πως
926 978 1184 1031 δύνασθαι
1233 978 1416 1031 λαθεῖν
1463 980 1591 1041 τους
1657 980 1738 1041 είς

140 1074 317 1142 αὐτὴν
346 1072 641 1141 βλέποντας
670 1071 769 1141 τὴν
806 1069 1081 1140 ἀλήθειαν.
1136 1070 1341 1141 Γράφει
1388 1070 1567 1122 τοίνυν
1605 1069 1731 1122 ὡδί·

152 1165 295 1217 Ἀλλ’
341 1166 529 1234 ὥσπερ
559 1165 717 1233 ἡμεῖς
763 1165 820 1214 ἐν
870 1160 1020 1232 αύτῷ
1050 1158 1183 1215 εἷναι
1217 1162 1522 1233 λεγόμενοι,
1546 1163 1732 1232 φησὶν,

137 1258 322 1327 ἀμιγῆ
352 1258 489 1327 πρὸς
521 1257 686 1309 αὐτὸν
722 1254 918 1326 ἔχομεν
964 1254 1062 1325 τὴν
1097 1255 1425 1309 ὑπόστασινο
1457 1255 1547 1307 τὸν
1572 1254 1736 1307 αὑτὸν

138 1350 348 1419 τρόπον
377 1348 472 1399 καὶ
498 1348 526 1397 ὁ
561 1346 687 1408 Υἱὸς
726 1347 783 1397 ὲν
815 1344 893 1415 τῷ
922 1345 1096 1415 Πατρὶ
1143 1346 1428 1415 τυγχάνων
1457 1346 1732 1414 διακεκριο

144 1442 317 1511 μένην
361 1440 454 1493 τοῦ
507 1441 803 1509 ἀγεννήτου
848 1438 960 1508 ἔχει
1020 1438 1119 1510 τὴν
1167 1439 1346 1509 χάριν.
1386 1438 1491 1491 Φεῦ
1530 1456 1592 1507 γε
1641 1437 1733 1491 τοῦ

138 1534 521 1603 τολμήματοςί
576 1531 650 1591 ὡς
703 1530 874 1594 δεινὸς
926 1534 954 1583 ὁ
1000 1530 1178 1600 λόγος,
1221 1533 1315 1585 καὶ
1362 1532 1560 1602 μεστὸς
1600 1533 1735 1585 ἀπο-

137 1626 312 1690 νοίας,
357 1624 556 1694 μᾶλλον
605 1624 662 1676 δὲ
712 1624 1030 1687 δυσϐουλίας
1078 1625 1297 1694 ἀπάσης
1340 1624 1433 1676 καὶ
1484 1624 1735 1695 ἀποπλη-

138 1720 298 1784 ξίαςί
343 1716 774 1789 Ἐμωράνθησαν
810 1718 979 1782 ὅντως
1027 1718 1327 1785 φάσκοντες
1381 1712 1517 1770 εῖναι
1577 1720 1730 1785 σοφοὶ

1843 529 2084 570 mentem
2125 517 2485 586 perscrutari,
2517 527 2573 570 ut
2603 517 2754 571 clare
2804 526 3071 587 arguatur
3116 519 3168 570 in
3206 527 3429 571 creatu-

1842 624 2027 662 rarum
2078 625 2314 664 numero
2369 608 2724 680 Unigenitum
2758 610 3053 671 collocare,
3086 620 3142 662 et
3188 608 3428 677 eleganti

1842 697 2036 752 fraude
2077 713 2234 753 suam
2285 699 2340 753 in
2376 715 2504 753 etnn
2555 698 2896 768 impietatem
2948 700 3201 763 celando,
3254 700 3424 752 Deum

1840 791 2060 859 quidem
2097 805 2221 844 esse
2246 789 2536 844 nobiscum
2573 788 2757 848 fateri,
2790 787 2857 842 de
2884 804 3009 842 vera
3040 797 3223 843 tamen
3251 798 3307 842 et
3335 806 3428 841 na-

1842 880 2005 934 turali
2039 879 2246 935 deitate
2275 896 2399 934 eum
2426 880 2501 933 ita
2532 877 2849 943 excludere,
2884 889 2943 931 ut
2974 880 3144 933 latere
3172 895 3230 932 se
3262 895 3428 949 posse

1841 980 1996 1041 putet
2043 986 2140 1027 eos
2171 973 2264 1042 qui
2311 973 2364 1025 in
2404 972 2583 1041 ipsam
2633 973 2922 1026 veritatem
2966 973 3288 1041 respiciunt.
3335 974 3427 1026 Sic

1839 1080 1971 1131 ergo
2012 1064 2207 1118 scribit
2236 1084 2248 1118 :
2281 1062 2486 1118 Verum
2517 1064 2981 1136 quemadmodum
3010 1081 3111 1120 nos
3145 1066 3237 1134 qui
3276 1068 3331 1119 in
3359 1084 3427 1119 eo

1839 1168 1963 1207 esse
2009 1152 2268 1214 dicimur.
2304 1154 2518 1225 inquit,
2556 1154 2875 1208 nullatenus
2918 1170 3043 1208 cum
3092 1171 3159 1209 eo
3203 1158 3422 1210 mistam

1839 1245 2176 1316 hypostasim
2228 1246 2495 1302 habemus
2531 1265 2542 1301 :
2576 1248 2645 1301 ita
2673 1256 2726 1302 et
2759 1246 2933 1303 Filius
2967 1264 3093 1301 cum
3126 1250 3198 1301 sit
3226 1250 3280 1303 in
3320 1248 3426 1301 Pa-

1839 1346 1939 1402 tre,
1979 1338 2295 1392 distinctam
2355 1340 2517 1393 habet
2553 1340 2622 1394 ab
2673 1340 2921 1409 ingenito
2974 1342 3232 1410 gratiam.
3279 1340 3425 1395 Proh

1838 1426 2056 1481 facinus
2114 1427 2328 1481 audax!
2382 1443 2414 1481 ο
2472 1444 2632 1482 voces
2694 1428 2936 1483 nefarias
2990 1440 3045 1484 et
3096 1431 3421 1500 impietatis,

1839 1518 2088 1573 stultitia:
2113 1535 2177 1572 ac
2212 1521 2458 1589 stuporis
2497 1521 2890 1590 plenissimas!
2932 1519 3097 1574 Stulti
3129 1520 3259 1575 facti
3294 1534 3425 1575 sunt

1839 1611 2085 1680 profecto
2136 1613 2389 1667 dicentes
2440 1630 2499 1668 se
2550 1616 2834 1684 sapientes
2895 1616 2970 1678 ’⁸,
3018 1625 3184 1685 atque
3243 1617 3317 1669 ita
3354 1617 3424 1671 de

1840 1701 2137 1771 Unigenito
2184 1703 2485 1757 sentientes
2530 1720 2545 1756 :
2585 1704 2875 1758 Dominum
2909 1705 3003 1773 qui
3048 1706 3281 1760 redemit
3326 1723 3424 1762 eos

135 1810 235 1863 καὶ
264 1809 591 1881 φρονοῦντες
611 1808 754 1861 οὕτω
783 1809 912 1881 περὶ
935 1807 1031 1861 τοῦ
1071 1807 1407 1875 Μονογενοῦς
1426 1825 1439 1837 ο
1470 1808 1561 1861 τὸν
1599 1810 1723 1877 ἀγο-

1835 1795 2195 1862 abnegarunt,
2225 1795 2369 1849 sicut
2396 1796 2665 1864 scriptum
2699 1805 2786 1851 est
2808 1797 2873 1853 ¹⁸.
2903 1795 3038 1850 Nam
3073 1797 3117 1851 si
3145 1797 3420 1852 hominem

132 1902 385 1972 ράσαντα
418 1901 614 1963 αὐτοὺς
664 1902 941 1971 Δεσπότην
978 1902 1307 1971 ἠρνήσαντο,
1353 1900 1494 1953 κατὰ
1537 1899 1598 1952 τὸ
1631 1916 1727 1969 γε-

130 1992 478 2065 γραμμένον.
522 1994 584 2045 Ei
636 1993 734 2062 μὲν
772 1993 881 2064 γὰρ
928 1992 1214 2061 ἄνθρωπον
1266 1988 1406 2045 εἷναί
1448 2010 1582 2061 φασι
1629 1993 1724 2046 καὶ

126 2090 229 2140 ἕνα
258 2087 366 2140 τῶν
403 2088 524 2141 καθ’
546 2090 692 2158 ἡμᾶς
714 2088 803 2140 τὸν
833 2088 927 2141 τοῦ
975 2088 1107 2141 Θεοῦ
1154 2090 1346 2156 Λόγον,
1370 2088 1522 2141 οὐδὲν
1556 2089 1634 2141 ἔτι
1663 2088 1723 2140 τὸ

126 2178 344 2230 κωλύον
370 2180 543 2230 εἰπεῖν
568 2177 741 2240 οὕτως
765 2177 1032 2249 ὑπάρχειν
1055 2179 1217 2231 αὑτὸν
1243 2183 1300 2230 ἐν
1325 2178 1442 2248 Θεῷ
1471 2178 1722 2249 καθάπερ

125 2272 328 2340 ἡμεῖς’
362 2271 409 2323 εί
457 2270 513 2322 δὲ
564 2269 696 2322 Θεὸν
748 2264 887 2322 εἶναι
936 2270 1275 2334 πιστεύουσι,
1320 2273 1413 2324 καὶ
1453 2272 1528 2335 ὡς
1566 2271 1725 2325 τοῦτο

125 2362 278 2415 κατά
323 2362 486 2431 φύσιν
527 2362 827 2433 ὑπάρχοντι
874 2365 1199 2435 προσκυνεῖν
1242 2363 1538 2431 ἐγνώκασι,
1568 2364 1619 2416 τί
1651 2367 1725 2435 μὴ

126 2453 338 2524 μᾶλλον
360 2455 727 2525 ἀπονέμουσιν
770 2455 919 2526 αύτῷ
948 2456 1009 2509 τὸ
1038 2455 1359 2526 θεοπρεπῶς
1401 2456 1727 2526 ἐνυπάρχειν

121 2546 209 2617 τῷ
243 2547 359 2617 ίδίῳ
397 2548 709 2617 Γεννητορι,
750 2546 894 2617 ἔχειν
940 2565 998 2600 τε
1026 2548 1188 2601 αὐτὸν
1220 2550 1276 2601 ἐν
1316 2547 1531 2619 ἑαυτῷ;
1570 2549 1728 2602 τοῦτο

124 2638 245 2707 γάρ
286 2632 439 2708 οἶμαι
481 2640 698 2708 φρονεῖν
733 2655 793 2690 τε
844 2639 938 2691 καὶ
980 2638 1158 2706 λέγειν
1199 2642 1313 2702 τοῖς
1341 2639 1508 2703 ὅντως
1547 2639 1728 2709 θεοφι-

124 2729 249 2783 λέσι
298 2731 765 2800 πρεπωδέστερον.
792 2731 855 2784 Εί
893 2733 972 2794 δὲ,
1016 2732 1321 2803 ἄθραυστον
1367 2734 1499 2803 ἡμῖν
1533 2735 1727 2804 ἐπιτη-

120 2823 378 2885 δεύοντες
402 2824 499 2895 τὴν
544 2826 957 2896 ἀναισχυντίαν,
999 2825 1326 2895 ἐμμένουσιν
1368 2821 1449 2888 οἷς
1496 2827 1726 2897 εἰρήκασι

125 2932 218 2969 σιν
242 2955 258 2980 ,
292 2914 434 2969 οὓτω
472 2916 531 2969 τέ
562 2934 726 2984 φασιν
759 2920 816 2969 ὲν
843 2918 1018 2987 Πατρὶ
1046 2917 1137 2970 τὸν
1164 2917 1293 2969 Υἰὸν
1316 2916 1506 2987 ὥσπερ
1543 2917 1609 2971 ἂν
1638 2918 1721 2986 εἴη

120 3010 293 3077 τυχὸν
333 3010 424 3061 καὶ
449 3009 608 3079 ἡμῶν
645 3010 874 3074 ἕκαστος
912 3010 1020 3062 τῶν
1063 3009 1122 3074 ἐξ
1160 3010 1259 3063 ούκ
1291 3010 1460 3061 ὄντων
1489 3011 1583 3062 καὶ
1616 3010 1723 3064 ἀπὸ

1833 1901 1957 1941 esse
1988 1887 2184 1941 dicunt
2227 1897 2281 1943 et
2327 1904 2497 1941 unum
2546 1904 2576 1943 e
2621 1889 2787 1944 nobis
2833 1888 2931 1943 Dei
2979 1888 3244 1956 Verbum,
3287 1893 3419 1944 nihil

1832 1978 1945 2049 jam
1997 1981 2257 2051 prohibet
2304 1983 2491 2038 dicere
2532 2000 2659 2038 eum
2703 1985 2778 2037 ita
2824 1984 2880 2038 in
2935 1986 3043 2039 Deo
3088 2002 3210 2042 esse
3255 1989 3422 2041 sicuti

1840 2087 1977 2137 nos;
2025 2072 2174 2141 quod
2232 2073 2279 2127 si
2324 2073 2494 2128 Deum
2544 2091 2671 2129 esse
2709 2077 2969 2141 credunt,
3022 2094 3261 2148 eumque
3301 2090 3421 2134 tan-

1840 2180 2004 2234 quam
2034 2174 2230 2218 natura
2266 2166 2316 2219 id
2359 2167 2722 2221 exsistentem
2759 2168 3107 2223 adorandum
3141 2180 3417 2235 statuunt,

1838 2256 2029 2325 quidni
2055 2257 2240 2326 potius
2276 2259 2596 2313 concedunt
2628 2274 2752 2313 eum
2793 2260 2905 2314 Deo
2942 2263 3340 2317 convenienter
3363 2263 3419 2316 in

1834 2362 1940 2401 suo
1966 2344 2128 2401 Patre
2157 2348 2451 2411 exsistere,
2482 2364 2723 2419 eumque
2758 2350 2812 2403 in
2859 2351 3046 2420 seipso
3088 2351 3335 2407 habere?
3366 2354 3419 2406 id

1830 2437 1977 2491 enim
2034 2437 2247 2492 sentire
2299 2452 2363 2491 ac
2423 2438 2607 2493 dicere
2659 2456 2820 2494 veros
2876 2440 2969 2494 Dei
3025 2443 3271 2498 cultores
3321 2443 3419 2497 de-

1830 2542 1957 2583 cere
2006 2528 2182 2598 magis
2227 2529 2491 2583 arbitror.
2522 2528 2619 2583 Sin
2668 2540 2850 2585 autem
2903 2531 3195 2602 praefracta
3232 2535 3417 2605 impu-

1830 2618 2014 2672 dentia
2047 2628 2297 2688 perstant
2341 2621 2397 2673 in
2455 2621 2525 2675 iis
2557 2637 2681 2691 quae
2734 2623 3030 2689 dixerunt,
3058 2633 3223 2694 atque
3258 2625 3332 2679 ita
3360 2626 3418 2680 in

1830 2708 1994 2764 Patre
2041 2708 2239 2764 Filium
2276 2726 2403 2766 esse
2453 2711 2650 2767 dicunt
2684 2713 2850 2768 sicuti
2897 2717 3284 2787 unusquisque
3312 2733 3417 2771 n0-

1832 2809 2013 2856 strum
2059 2804 2155 2873 qui
2211 2820 2276 2857 ex
2321 2805 2495 2859 nihilo
2541 2818 2594 2861 et
2647 2806 2715 2860 de
2769 2815 2919 2861 terra
2968 2824 3066 2877 per
3109 2825 3234 2863 eum
3286 2808 3418 2863 facti

1834 2906 2027 2946 sumus
2064 2911 2078 2947 :
2114 2894 2310 2963 quidni
2357 2895 2545 2949 licebit
2581 2897 2880 2966 unicuique
2923 2906 3179 2970 nostrum
3220 2914 3420 2954 secure

1831 2984 2019 3040 dicere
2056 3005 2069 3039 :
2114 2988 2262 3051 «Qui
2316 2986 2465 3041 videt
2511 3003 2597 3042 me
2647 2989 2801 3043 videt
2846 2997 2899 3042 et
2950 2989 3254 3056 Patrem“
3309 3000 3412 3045 et:

121 3102 232 3169 γῆς
264 3100 331 3152 δι’
355 3101 519 3153 αὐτοῦ
544 3103 869 3169 γεγονότων,
900 3102 951 3154 τί
985 3103 1059 3171 μὴ
1098 3104 1212 3163 τοῖς
1258 3100 1535 3155 ἐθέλουσιν
1574 3105 1719 3170 ἐφεῖ-

1837 3076 1980 3145 «Ego
2011 3078 2063 3131 iu
2091 3076 2277 3142 Patre,
2310 3087 2363 3133 et
2388 3078 2550 3133 Pater
2575 3080 2629 3133 in
2665 3096 2753 3134 me
2784 3081 2913 3135 est?
2942 3101 2960 3133 ι
2991 3081 3098 3136 Sed
3131 3090 3415 3145 extremae,

118 3209 217 3243 ται
262 3192 449 3245 λοιπὸν
500 3192 798 3256 ἀκινδύνως
849 3195 1052 3245 εἰπεῖν·
1086 3211 1104 3243 ι
1147 3193 1206 3245 Ὀ
1253 3193 1513 3263 ἑωρακὼς
1570 3195 1672 3264 ἐμὲ
1710 3233 1724 3258 ,

122 3281 345 3350 ἑώρακε
387 3281 477 3333 τὸν
501 3282 738 3353 Πατέρα,
765 3282 920 3349 κάγὼ
955 3286 1011 3334 ὲν
1056 3281 1136 3352 τῷ
1173 3283 1371 3351 Πατρὶ,
1411 3284 1506 3335 καὶ
1545 3284 1573 3335 ὁ
1617 3285 1728 3336 Πα-

120 3372 233 3441 τὴρ
267 3373 325 3423 ὲν
346 3371 467 3441 ἐμοί
500 3373 668 3437 eat-tv;
698 3393 715 3424 ›
756 3373 914 3435 Ἀλλ’,
939 3369 1113 3443 οἶμαι,
1142 3372 1352 3443 μωρίας
1374 3372 1472 3442 τῆς
1497 3373 1725 3426 ἀπασῶν

118 3463 369 3531 ἐσχάτης
397 3462 548 3533 ἁλοίη
597 3480 681 3524 τις
738 3463 804 3516 ἂν
846 3464 938 3515 ἐπὶ
980 3462 1156 3533 τούτῳ
1203 3466 1409 3533 γραφῇ,
1448 3464 1539 3516 καὶ
1580 3464 1724 3533 μάλα

119 3553 376 3616 εἰκότως.
414 3554 648 3623 Ἀπηχές
668 3571 725 3606 τε
760 3555 887 3625 γὰρ,
922 3556 1015 3608 καὶ
1044 3557 1163 3608 κατ’
1189 3556 1401 3619 οὐδενὸς
1423 3555 1529 3607 τῷν
1554 3555 1725 3622 ἀγίων

120 3644 333 3716 ἠνέχθη
382 3645 511 3698 ποτὲ
569 3645 794 3717 τοιαύτη
849 3646 1000 3718 φωνὴ
1052 3648 1203 3718 παρά
1257 3651 1324 3719 τῇ
1382 3647 1724 3719 θεοπνεύστῳ

124 3739 359 3809 Γραφῇ·
392 3739 784 3810 παραχωροῦσι
815 3739 873 3792 δὲ
904 3741 1120 3803 πάντως
1140 3739 1219 3811 τῷ
1248 3740 1390 3793 κατά
1423 3741 1585 3809 φύσιν
1613 3743 1723 3793 Κυ-

125 3831 233 3900 ρίῳ
261 3830 355 3884 καὶ
384 3830 503 3900 Θεῷ
533 3831 611 3901 τῷ
641 3835 939 3902 μονογενεῖ,
972 3832 1070 3903 τὴν
1117 3835 1201 3903 ἐφ’
1232 3834 1403 3887 ἀπασι
1436 3836 1548 3896 τοῖς
1582 3835 1719 3902 ἀγα-

123 3926 243 3986 θοῖς
290 3924 637 3995 ἀσυγκρίτως
677 3925 983 3996 ὑπεροχὴν,
1029 3926 1123 3979 καὶ
1162 3926 1227 3999 δὴ
1258 3927 1366 3979 καὶ
1415 3927 1720 3998 κεκράγασι

122 4015 412 4080 λέγοντες·
458 4033 475 4064 ι
519 4014 615 4076 Τίς
665 4015 1062 4085 ὁμοιωθήσεται
1112 4014 1191 4085 τῷ
1245 4016 1435 4087 Κυρίῳ
1484 4017 1541 4069 ὲν
1583 4017 1719 4080 υἱοῖς

123 4105 267 4157 Θεοῦ
292 4123 306 4170 ;
344 4125 363 4156 ι
410 4104 535 4168 Πῶς
562 4101 656 4158 οὗν
683 4105 763 4159 ἔτι
810 4106 932 4160 καθ’
963 4108 1113 4177 ἡμᾶς
1140 4110 1168 4160 ὁ
1192 4108 1522 4176 Μονογενὴς,
1560 4106 1719 4179 εἴπερ

121 4197 307 4258 οὐδεὶς
343 4197 454 4251 ἶσος
482 4214 543 4248 τε
577 4196 669 4249 καὶ
702 4197 883 4267 ὅμοιος
914 4198 1081 4268 αύτῷ,
1113 4199 1255 4251 κατά
1284 4198 1383 4266 τὴν
1410 4199 1519 4251 τῶν
1549 4198 1718 4267 ἁγίων

122 4291 351 4357 φωνήν;
388 4288 447 4340 Ei
490 4288 546 4340 δὲ
580 4287 750 4351 οὕτως
791 4289 938 4341 ἐστὶν
988 4291 1046 4342 ἐν
1086 4288 1204 4359 Θεῷ
1255 4290 1507 4363 καθάπερ
1532 4292 1713 4361 ἡμεῖς,

122 4379 248 4441 πῶς
293 4380 393 4431 ούκ
444 4381 656 4451 ἀνάγκη
707 4379 892 4433 λοιπὸν
931 4381 1337 4452 ψευδομυθῆσαι
1395 4382 1494 4453 μὲν
1538 4383 1716 4451 λέγειν

1830 3177 2047 3241 opinor,
2089 3176 2391 3232 dementiae
2449 3192 2615 3231 nemo
2664 3192 2774 3232 non
2822 3177 2877 3232 id
2929 3194 3053 3234 esse
3090 3178 3218 3247 jure
3261 3179 3415 3233 dixe-

1828 3269 1921 3322 rit.
1960 3268 2120 3339 793
2156 3269 2474 3323 Absurdum
2503 3279 2589 3322 est
2620 3271 2841 3340 quippe,
2875 3286 2977 3325 nec
3003 3272 3069 3325 de
3090 3280 3413 3325 sanctorum

1828 3359 1938 3414 ullo
1962 3361 2015 3413 in
2036 3361 2211 3414 sacris
2227 3359 2451 3414 Litteris
2467 3360 2740 3428 ejusmodi
2759 3376 2863 3414 vox
2881 3363 3281 3431 reperitur,sed
3296 3377 3383 3416 om
3396 3392 3414 3403 ο

1826 3452 1961 3505 nino
1996 3452 2233 3505 naturali
2269 3452 2498 3507 Domino
2529 3462 2583 3507 et
2618 3452 2729 3507 Deo
2762 3452 3091 3523 Unigenito,
3129 3455 3416 3524 incompa-

1827 3545 2059 3599 rabilem
2103 3560 2267 3615 supra
2299 3560 2493 3600 omnes
2532 3546 2705 3599 bonos
2745 3545 3097 3598 eminentiam
3140 3545 3411 3609 tribuunt,

1824 3639 2072 3707 adeoque
2105 3638 2448 3691 exclamant:
2486 3656 2502 3687 ι
2534 3637 2672 3703 Quis
2701 3638 2901 3693 similis
2931 3638 3037 3691 erit
3068 3636 3300 3693 Domino
3325 3638 3413 3693 in—

1823 3738 1908 3783 ter
1936 3730 2077 3784 tilios
2116 3727 2210 3783 Dei
2239 3728 2327 3780 ‘7?
2356 3749 2376 3781 ι
2408 3728 2699 3793 Quomodo
2727 3745 2861 3799 ergo
2892 3729 3094 3785 similis
3123 3730 3285 3786 nobis
3327 3740 3413 3786 est

1828 3823 2177 3891 Unigenitus,
2240 3820 2287 3875 si
2340 3822 2527 3875 nullus
2571 3822 2621 3875 ei
2679 3823 2908 3891 aequalis
2946 3829 3031 3878 est
3070 3834 3162 3876 aut
3186 3822 3409 3887 similis,

1817 3915 1972 3984 juxta
2005 3922 2331 3968 sanctorum
2364 3913 2598 3968 vocem?
2635 3912 2796 3980 Quod
2828 3915 2874 3970 si
2912 3928 2980 3969 eo
3030 3914 3197 3969 modo
3236 3924 3321 3971 est
3355 3916 3409 3969 in

1822 4006 1935 4061 Deo
1995 4022 2105 4075 quo
2173 4019 2298 4066 nos.
2351 4005 2617 4074 numquid
2653 4021 2882 4062 necesse
2926 4015 3011 4061 est
3063 4015 3125 4060 ut
3157 4007 3412 4061 dicamus

1820 4107 2138 4154 sanctorum
2163 4097 2397 4150 chorum
2452 4097 2699 4163 mentiri,
2732 4099 3052 4168 nullamque
3085 4100 3411 4168 praerogati-

1820 4206 1945 4245 vam
1983 4192 2215 4245 naturali
2272 4191 2412 4245 Filio
2468 4192 2733 4255 tribuere,
2771 4207 2869 4260 per
2920 4206 3087 4260 quam
3146 4197 3412 4261 praestare

1820 4284 2093 4352 adoptivis
2123 4283 2611 4354 videatur?Apage
2647 4295 2759 4337 tam
2783 4283 3167 4337 detestandum
3201 4284 3407 4339 scelus.

1820 4396 1853 4431 υ
1877 4377 2055 4443 boue;
2110 4390 2459 4445 nequaquam
2518 4392 2622 4430 nos
2652 4376 2725 4429 ita
2773 4378 3063 4439 sentimus,
3099 4374 3279 4429 absitl
3314 4379 3409 4430 sed

120 4473 219 4521 τὸν
251 4469 362 4521 τῶν
393 4470 560 4536 ἁγίων
606 4470 784 4540 χορὸν,
830 4472 981 4523 οὐδὲν
1010 4471 1066 4524 δὲ
1096 4471 1157 4524 τὸ
1204 4471 1387 4525 πλεῖον
1425 4474 1717 4543 ἀπονεῖμαι

1829 4479 2141 4524 sanctorum
2183 4466 2410 4521 Patrum
2442 4467 2760 4537 opinionem
2811 4476 3126 4536 sequmttes,
3175 4466 3406 4537 gloriam

120 4558 203 4632 τῷ
231 4562 373 4613 κατὰ
406 4561 565 4629 φύσιν
601 4562 735 4631 Υίῷ,
770 4562 835 4615 δι’
864 4557 1033 4632 οὗπερ
1064 4562 1129 4617 ἂν
1162 4565 1404 4632 φαίνοιτο
1432 4568 1544 4628 τοῖς
1574 4568 1714 4619 κατά

123 4656 277 4708 θέσιν
333 4656 435 4707 ούκ
484 4654 821 4719 ίσοστατῶν;
864 4657 1080 4725 ’Ἄπαγε
1127 4657 1224 4727 τῆς
1277 4657 1580 4729 βδελυρίας,
1624 4659 1716 4713 άν-

122 4748 344 4816 θρωπεί
378 4747 723 4816 φρονήσομεν
758 4746 867 4817 γὰρ
908 4748 1006 4817 οὐχ
1059 4747 1231 4812 οὕτως
1275 4752 1459 4819 ἡμεῖς,
1493 4751 1565 4821 μὴ
1617 4751 1714 4819 γέ-

120 4855 291 4902 νοιτο,
318 4841 434 4902 ταῖς
474 4838 530 4890 δὲ
567 4839 673 4891 τῷν
717 4840 886 4907 ἀγίων
916 4840 1173 4909 Πατέρων
1218 4842 1473 4910 ἑπόμενοι
1511 4842 1710 4907 δόξαις,

121 4928 505 4997 εὐδοκιμήσειν
537 4930 690 4999 παρά
732 4929 851 4999 Θεῷ
896 4930 1248 4999 πιστεύομεν.
1291 4932 1507 5003 Ἐπειδὴ
1543 4932 1599 4984 δὲ
1636 4935 1713 4996 εἰς

119 5018 401 5083 ἀπόδειξιν
427 5014 501 5072 ὧν
534 5021 789 5089 φρονοῦσι
820 5023 913 5075 καὶ
956 5023 1203 5091 λέγουσιν
1235 5026 1411 5076 ὲκεῖνο
1453 5026 1713 5095 παρήγα-

118 5127 221 5178 γον
249 5107 311 5161 τὸ
340 5109 630 5180 εἰρημένον
677 5109 766 5163 διά
789 5111 883 5164 τοῦ
918 5112 1152 5175 Παύλου,
1190 5114 1269 5165 ὅτι
1303 5133 1321 5163 ι
1344 5114 1430 5165 Ἐν
1464 5114 1581 5182 Θεῷ
1609 5113 1713 5176 ζῶ-

124 5220 251 5272 μεν,
282 5200 376 5254 καὶ
408 5201 724 5270 κινούμεθα,
761 5203 856 5256 κα)⁵
885 5203 1073 5272 ἐσμὲν,
1100 5223 1118 5254 ›
1158 5203 1218 5255 τὸ
1248 5207 1304 5255 ἐν
1344 5206 1519 5275 Πατρὶ
1560 5206 1713 5273 λέγε-

123 5294 251 5345 σθαι
286 5294 377 5346 τὸν
400 5285 537 5346 Υίὸν
568 5294 875 5358 δεικνύντες
920 5297 1124 5349 είκαῖον
1150 5299 1212 5349 ὲκ
1236 5297 1344 5349 τῶν
1382 5299 1502 5351 καθ’
1541 5301 1708 5369 ἡμᾶς,

121 5388 259 5456 φέρε
291 5391 413 5451 ταῖς
458 5386 826 5458 καθηκούσαις
872 5387 1120 5458 ὲρεύναις
1163 5390 1222 5441 τὸ
1274 5388 1436 5459 ῥηθὲν
1472 5389 1708 5442 ὑποϐάλ-

118 5480 307 5541 λοντες
336 5478 701 5548 διελέγχωμεν
735 5479 930 5541 αὐτοὺς
963 5481 1054 5531 καὶ
1091 5480 1179 5532 τὸν
1219 5480 1328 5530 τῶν
1364 5478 1532 5546 ἁγίων
1572 5482 1707 5533 ἀπο-

122 5572 329 5625 στόλων
361 5574 715 5639 συκοφαντεῖν
763 5572 1014 5626 ὲθέλοντα
1056 5573 1169 5644 [)‘p.
1221 5571 1528 5644 ἐθέλοντας]
1561 5574 1704 5638 νοῦν,

218 5760 262 5789 ³⁸
298 5758 455 5814 llom.
485 5775 534 5823 ι,
562 5760 633 5815 2‘2
720 5761 761 5791 ¹⁶
788 5760 909 5815 Act.
944 5776 1039 5829 ιιι,
1082 5760 1166 5825 l5,
1206 5759 1287 5812 lii.

1372 5760 1409 5791 ιτ
1442 5756 1587 5817 l’sal.
1613 5773 1852 5815 Lxxxvnt
1879 5799 1893 5825 ,
1932 5759 1981 5813 8.

1824 4562 1966 4631 apud
2014 4560 2184 4615 Deum
2222 4575 2322 4615 nos
2371 4567 2773 4615 consecuturos
2802 4561 3100 4615 credimus.
3135 4560 3240 4615 Sed
3270 4577 3410 4631 quo-

1822 4654 1968 4706 niam
2005 4651 2072 4704 ad
2127 4649 2657 4704 demonstrationem
2710 4664 2899 4703 eorum
2950 4664 3073 4718 qua:
3112 4648 3304 4703 diettnt
3343 4663 3407 4702 ac

1821 4745 2067 4799 sentiunt
2117 4744 2251 4798 illud
2288 4742 2446 4797 Pauli
2497 4743 2703 4797 dictum
2740 4742 3044 4797 attulerunt
3081 4761 3093 4797 :
3135 4760 3153 4793 ι
3196 4741 3253 4797 lu
3296 4742 3407 4798 Deo

1824 4837 2079 4901 vivimus,
2121 4850 2407 4890 movemur
2459 4841 2515 4887 et
2544 4849 2737 4889 sumus
2762 4834 2824 4898 ⁸³,
2863 4853 2881 4884 ι
2920 4834 3053 4888 illud
3088 4834 3233 4905 quod
3266 4835 3405 4889 dici-

1821 4936 1934 4995 tur,
1986 4926 2181 4982 Filium
2212 4928 2267 4981 in
2323 4925 2897 4991 Patre,’ostendentes
2935 4942 3137 4980 vanum
3185 4942 3308 4983 esse
3336 4944 3405 4982 ex

1821 5022 2001 5083 nobis,
2028 5034 2127 5090 age
2148 5020 2357 5074 dictum
2385 5018 2517 5073 illud
2540 5019 2931 5073 convenienter
2954 5028 3287 5083 scrutantes,
3307 5020 3405 5075 de-

1820 5121 2191 5167 monstremus
2222 5126 2317 5166 eos
2332 5121 2384 5165 et
2413 5118 2732 5165 sanctorum
2766 5111 3142 5180 apostolorum
3167 5121 3402 5167 mentem

1818 5204 2167 5269 calumniari,
2187 5210 2243 5257 et
2276 5203 2330 5256 in
2348 5205 2677 5257 sententiam
2706 5220 2859 5259 suam
2879 5219 3001 5273 qua:
3026 5212 3177 5258 recte
3209 5204 3405 5257 admo-

1818 5297 1948 5350 dum
1986 5297 2133 5351 dicta
2167 5304 2295 5350 sunt
2324 5296 2652 5351 stultissime
2693 5296 3046 5363 detorquere.
3096 5294 3229 5349 Nam
3274 5310 3402 5348 cum

1819 5387 2050 5443 Athenis
2081 5398 2227 5443 esset
2269 5388 2467 5443 beatus
2493 5387 2697 5442 Paulus
2748 5390 3120 5457 populumque
3158 5385 3401 5447 videret,

1816 5480 2070 5549 quamvis
2099 5480 2379 5548 sapientia:
2399 5480 2622 5533 nomine
2637 5478 2930 5541 celebrem,
2961 5478 3185 5532 deorum
3218 5482 3399 5528 tamen

1818 5572 1956 5626 falsa
1987 5570 2252 5642 religione
2293 5574 2491 5639 teneri,
2544 5572 2650 5643 piis
2692 5571 3003 5626 rationibus
3031 5584 3128 5625 eos
3164 5583 3193 5623 a
3230 5569 3400 5624 veteri

2064 5759 2104 5790 ¹⁸
2160 5758 2278 5813 Act.
2319 5772 2448 5823 xvn,
2485 5756 2572 5811 ‘28.
