3892 6202
439 321 539 378 231

1443 323 1502 380 S.
1544 322 1822 383 CYRILLI
1860 329 2334 389 ALEXANDHINI
2376 334 2698 394 ARCHIEP.

3611 345 3718 402 231

443 435 633 491 fraude
676 436 745 491 ad
793 439 958 492 unius
995 453 1057 493 ac
1090 439 1205 494 veri
1254 438 1350 494 Dei
1383 443 1717 511 agnitionem
1769 461 2026 503 revocare

2132 455 2225 507 καὶ
2260 454 2338 516 εἰς
2372 453 2434 506 τὸ
2470 452 2661 507 δοκοῦν
2686 453 2871 516 αὐτοῖς
2896 451 3228 508 ἀϐουλότατα
3261 453 3718 526 παρατρέποντας

439 529 765 594 conabatur,
797 531 890 600 qui
913 531 1187 586 creaturis
1214 533 1331 586 suis
1356 535 1521 587 vitam
1548 546 1746 591 etesse
1778 537 2030 608 largitur.

439 625 651 680 Cuncta
678 626 884 696 quippe
913 625 1178 692 vivilieat,
1201 626 1312 680 vita
1339 641 1465 682 cum
1497 630 1570 684 sit
1603 631 1908 686 secundum
1941 648 2034 687 na-

441 734 648 784 turam,
689 719 1077 774 universorum
1124 719 1332 789 Opifex,
1361 734 1477 776 sua)
1517 724 1874 794 proprietatis
1923 727 2031 780 vim

439 817 521 870 eis
554 812 906 868 ineﬂ‘abiliter
950 813 1271 868 infundens.
1295 812 1406 868 Nec
1439 816 1586 870 enim
1613 817 1774 871 aliter
1807 832 2035 874 conser-

443 908 559 962 vari
594 916 819 978 possent
856 909 908 960 in
959 922 1083 962 esse
1110 921 1214 960 suo
1243 923 1364 977 qua:
1399 919 1583 964 ortum
1631 910 1852 966 enihilo
1875 927 2033 983 cepe-

443 1010 572 1055 runt
606 1018 617 1054 :
655 1000 863 1068 alioqui
895 1004 1040 1056 enim
1073 1001 1142 1056 ad
1175 1017 1331 1056 suam
1382 1013 1638 1056 naturam
1673 1001 1938 1066 redirent.
1975 1004 2030 1058 id

439 1101 525 1147 est
552 1095 607 1147 in
657 1093 914 1157 nihilum,
958 1094 1065 1149 nisi
1121 1095 1519 1164 conjunctione
1562 1104 1617 1150 et
1664 1096 1933 1151 relatione
1963 1098 2028 1152 ad

437 1203 566 1240 cum
633 1189 728 1258 qui
776 1197 859 1244 est
899 1189 985 1244 sui
1040 1199 1196 1244 ortus
1252 1189 1624 1244 infirmitatem
1682 1200 2027 1260 superarent.

439 1275 610 1334 Recte
666 1279 850 1348 itaque
915 1281 1138 1335 divinus
1188 1279 1395 1335 Paulus
1459 1281 1664 1347 aiebat,
1731 1282 2030 1340 ostendens

440 1369 610 1424 Deum
673 1372 1061 1425 universorum
1103 1373 1272 1426 vitam
1302 1388 1446 1435 esse,
1483 1388 1586 1428 nos
1638 1373 1692 1426 in
1724 1389 1790 1428 eo
1825 1376 2027 1442 vivere,

437 1471 491 1515 et
533 1463 764 1522 moveri,
795 1470 850 1516 et
879 1479 1004 1518 esse
1063 1483 1076 1519 :
1111 1481 1222 1518 non
1256 1465 1445 1535 utique
1502 1465 1826 1536 significans
1871 1467 2026 1533 illud,

437 1552 584 1621 quod
612 1552 714 1621 ipsi
741 1553 833 1622 qui
866 1569 1148 1608 sacrarum
1169 1553 1501 1609 Litterarum
1532 1563 1736 1610 rectam
1763 1558 2028 1612 rationem

439 1654 863 1713 corrumpentes
894 1645 961 1698 ad
991 1662 1152 1700 suum
1179 1662 1411 1718 sc0pum
1438 1649 1738 1713 finxerunt,
1759 1650 1854 1705 sed
1881 1652 2026 1720 quod

439 1751 630 1789 verum
661 1743 781 1790 erat
808 1745 862 1791 et
899 1736 992 1792 Dei
1023 1739 1339 1808 cognitione
1378 1755 1556 1807 nuper
1591 1741 1818 1798 imbutis
1854 1745 2026 1798 utilis-

2141 545 2208 598 τά
2239 546 2358 599 λίαν
2391 546 2567 618 ὀρθῶς
2601 545 2884 618 εἰρημένα.
2929 546 3187 618 Ἀθήνῃσι
3217 548 3316 618 μὲν
3349 549 3455 620 γᾶρ
3481 549 3721 618 γεγονὼς

2139 640 2167 691 ὁ
2213 640 2480 709 μακάριος
2527 637 2754 701 Παῦλος,
2803 635 2924 690 εἶτα
2973 637 3107 691 πολὺ
3161 638 3282 692 λίαν
3330 640 3409 702 εἰς
3463 639 3721 694 πολύθεον

2142 729 2349 800 πλάνην
2396 730 2834 800 ἀνεπτοημένους
2885 728 3061 799 ὁρῶν,
3113 729 3288 783 καίτοι
3339 729 3534 798 σοφοὺς
3581 724 3722 785 εἶναι

2141 823 2602 892 πεπιστευμένους
2659 822 2786 884 τοὺς
2841 821 3019 874 ἐκεῖσε
3069 820 3268 886 λαοὺς,
3319 819 3723 893 παρακομίζειν

2138 916 2337 978 αὐτοὺς
2367 917 2626 985 ἐπειρᾶτο
2655 917 2753 985 τῆς
2779 913 3012 984 ἀρχαίας
3047 914 3283 983 ἀπάτης,
3316 917 3427 978 τοῖς
3460 915 3541 978 εἰς
3567 915 3726 968 εὐσέ-

2139 1007 2293 1060 ϐειαν
2323 1007 2602 1076 λογισμοῖς
2639 1006 2893 1076 μεταθεὶς
2925 1006 3140 1074 εὐφυῶς
3172 1008 3250 1071 εἰς
3292 1007 3352 1060 τὸ
3385 1010 3582 1080 χρῆναι
3612 1008 3715 1062 λοι⁸
3760 994 3769 1055 ἶ

2140 1101 2238 1154 πὸν
2267 1101 2360 1152 ἕνα
2385 1117 2444 1151 τε
2488 1102 2582 1154 καί¹
2626 1099 2785 1170 μόνον
2817 1098 3014 1152 εἰδέναι
3053 1099 3206 1163 Θεὸν,
3247 1101 3358 1164 τοῖς
3390 1098 3521 1172 παρ’
3553 1101 3724 1156 αὑτοῦ

2136 1193 2388 1263 γεγονόσι
2417 1193 2510 1245 καὶ
2549 1192 2611 1245 τὸ
2650 1191 2914 1246 κινεῖσθαι
2953 1193 3045 1244 καὶ
3083 1192 3317 1263 ζῆνκαὶ
3353 1187 3491 1246 εἶναι
3519 1194 3726 1264 δωρού-

2142 1303 2321 1356 μενον.
2379 1286 2646 1354 Ζωογονεῖ
2701 1283 2810 1356 γὰρ
2858 1283 2928 1337 τὰ
2983 1285 3183 1350 πάντα,
3235 1286 3348 1356 ζωὴ
3391 1285 3726 1356 κατὰφύσιν

2140 1377 2399 1446 ὑπάρχων
2432 1377 2460 1427 ὁ
2492 1375 2709 1428 πάντων
2743 1375 3105 1446 Δημιουργὸς,
3130 1376 3229 1446 τῆς
3280 1377 3413 1441 ἰδίας
3463 1377 3724 1448 ἰδιότητος

2140 1469 2367 1532 ἐντιθεὶς
2392 1468 2648 1540 ἀρρήτως
2673 1469 2855 1531 αὐτοῖς
2883 1467 2981 1538 τὴν
3006 1467 3254 1539 δύναμιν.
3281 1469 3354 1523 Ού
3383 1470 3490 1541 γὰρ
3511 1465 3578 1540 ἦν
3603 1470 3728 1524 ἑτὲο

2139 1580 2249 1632 ρως
2271 1559 2631 1626 διασώζεσθαι
2666 1562 2799 1634 πρὸς
2830 1563 2889 1615 τὸ
2928 1558 3064 1616 εἶναι
3104 1562 3537 1635 διακρατούμενα
3561 1564 3628 1616 τὰ
3657 1566 3724 1618 ὲκ

2136 1654 2231 1707 τοῦ
2262 1652 2335 1725 μὴ
2363 1653 2530 1716 ὅντως
2558 1652 2673 1725 [γρ.
2703 1652 2878 1726 ὄντος]
2903 1654 3134 1726 λαχόντα
3156 1655 3253 1726 τὴν
3277 1654 3489 1723 γένεσιν
3507 1674 3520 1687 υ
3551 1654 3585 1725 ἢ
3612 1654 3726 1725 γὰρ

2139 1747 2205 1800 ἂν
2233 1746 2394 1810 εὐθὺς
2428 1749 2506 1810 εἰς
2534 1746 2632 1819 τὴν
2666 1748 2872 1801 οἰκείαν
2918 1748 3248 1818 ύπενόστησε
3282 1747 3462 1817 φύσιν,
3493 1748 3632 1819 φημὶ
3667 1749 3726 1801 δὲ

438 1829 666 1881 simum.
709 1829 910 1898 Atque,
945 1838 1003 1883 ut
1031 1832 1276 1900 apertius
1310 1833 1621 1901 loquamur,
1660 1849 1769 1888 non
1797 1834 1912 1903 jam
1957 1836 2026 1889 si-

2136 1839 2272 1908 πρὸς
2312 1839 2375 1891 τὸ
2416 1840 2490 1910 μὴ
2529 1835 2668 1893 εἶναι
2715 1839 2899 1903 πάλιν,
2945 1841 2994 1892 εἰ
3047 1840 3121 1910 μὴ
3168 1843 3235 1911 τῇ
3282 1839 3416 1910 πρὸς
3462 1840 3554 1893 τὸν
3591 1840 3726 1894 ὄντα

437 1920 710 1990 gnificare
746 1923 920 1974 voluit
947 1938 1070 1984 nos,
1099 1937 1223 1977 cum
1246 1931 1442 1978 natura
1466 1926 1718 1981 homines
1747 1927 1943 1990 simus,
1978 1928 2030 1981 in

437 2011 750 2066 substantia
778 2010 958 2069 Patris
988 2030 1112 2069 esse
1132 2015 1348 2084 positos
1380 2024 1434 2070 et
1468 2015 1634 2089 794
1653 2019 1812 2088 quasi
1839 2019 1891 2072 in
1911 2019 2034 2088 ipso

437 2105 749 2169 exsistere,
810 2106 905 2159 sed
945 2121 1047 2161 nos
1103 2108 1312 2175 vivere,
1363 2120 1419 2165 et
1467 2110 1523 2165 in
1575 2111 1686 2166 Deo
1725 2127 1871 2174 esse,
1919 2113 2034 2167 sive

435 2194 764 2250 subsistere.
801 2194 1051 2251 Observa
1089 2199 1235 2253 enim
1273 2215 1383 2254 non
1414 2202 1742 2271 simpliciter
1771 2212 1826 2258 et
1866 2204 2032 2258 abso-

435 2282 549 2338 lute
572 2284 777 2347 dicere,
811 2301 912 2340 nos
939 2287 1116 2340 solum
1145 2287 1200 2342 in
1222 2287 1333 2343 Deo
1353 2305 1495 2354 esse,
1527 2301 1750 2363 propter
1774 2305 1950 2357 tuam,
1976 2303 2034 2348 ut

435 2375 697 2430 credibile
720 2385 823 2441 est,
852 2377 1211 2447 imperitiam,
1253 2395 1287 2433 ο
1328 2381 1509 2446 bone;
1569 2383 1666 2438 sed
1694 2385 1849 2438 vario
1870 2387 2033 2440 modo

432 2468 581 2536 quod
610 2466 798 2523 dicere
826 2469 1004 2523 voluit
1038 2471 1394 2540 explicando,
1423 2475 1716 2542 praemisso
1748 2476 1864 2542 illo,
1901 2479 2032 2532 vivi-

435 2574 574 2619 mus,
608 2559 808 2615 deinde
849 2559 1059 2627 addito,
1091 2579 1383 2626 movemur,
1424 2565 1494 2618 ad
1542 2573 1852 2622 extremum
1883 2569 2033 2624 intu-

436 2649 588 2711 lisse,
627 2667 834 2716 sumus,
863 2663 923 2705 ut
958 2654 1388 2721 praecedentium
1421 2669 1649 2712 sensum
1675 2660 2028 2729 exprimeret.

435 2741 703 2812 Equidem
766 2745 1029 2800 existimo
1084 2744 1179 2801 Dei
1247 2746 1462 2803 hostem
1516 2751 1670 2807 bisce
1721 2753 2032 2810 rationibus

435 2838 624 2893 forsan
645 2837 943 2894 confusum
977 2840 1043 2893 iri
1067 2857 1083 2907 ;
1115 2841 1212 2896 sed
1237 2841 1284 2896 si
1306 2859 1504 2899 rursus
1525 2845 1773 2912 insultet,
1801 2858 1855 2903 et
1874 2849 2029 2911 illud,

436 2931 492 2982 in
524 2928 652 2992 Deo,
690 2928 756 2982 ad
799 2931 1019 2985 libitum
1055 2948 1216 2988 suum
1264 2935 1617 3007 detorqueat,
1645 2939 1916 2996 divinitus
1944 2941 2032 2996 in-

437 3023 659 3092 spirata?
689 3022 959 3077 doctrinae
984 3027 1448 3083 consuetudinem
1481 3018 1855 3089 ostendemus.
1883 3031 2033 3090 Solet

433 3117 583 3168 enim
629 3115 719 3168 illa
752 3115 1091 3185 quandoque
1131 3133 1233 3187 pro
1265 3134 1331 3174 eo
1360 3121 1504 3189 quod
1561 3131 1668 3188 est,
1699 3139 1792 3193 per
1837 3125 2028 3192 Deum,

435 3207 642 3271 dicere,
696 3209 752 3261 in
804 3207 936 3262 Deo.
993 3184 1214 3280 Alioqui
1268 3184 1605 3283 respondeat
1655 3184 1936 3286 quomodo
1976 3184 2102 3274 inc

434 3297 672 3354 Psalmis
703 3300 1028 3356 clamaverit
1059 3300 1228 3358 David
1267 3321 1282 3358 :
1327 3323 1344 3355 ι
1387 3304 1444 3359 In
1481 3306 1590 3363 Deo
1617 3307 1882 3367 faciemus
1918 3313 2033 3366 vir-

435 3397 611 3444 tutem
641 3392 727 3456 ¹⁹;
794 3411 814 3444 i
857 3393 985 3448 item
1020 3395 1085 3448 ad
1123 3395 1301 3465 ipsum
1341 3395 1508 3452 Deum
1576 3415 1838 3457 sermone
1899 3418 2032 3459 con-

435 3498 600 3537 verso
634 3502 646 3537 :
683 3502 700 3536 ι
731 3486 791 3538 In
811 3493 868 3540 te
904 3487 1162 3543 inimicos
1209 3499 1433 3546 nostros
1471 3493 1867 3550 ventilabimus
1908 3510 2032 3551 cor-

434 3592 508 3629 nu
541 3576 612 3631 '°.
647 3595 666 3629 ι
700 3575 813 3632 Nec
842 3582 987 3633 enim
1013 3579 1067 3633 id
1097 3581 1167 3635 ab
1199 3597 1264 3636 eo
1293 3583 1402 3638 dici
1433 3586 1722 3656 quisquam
1751 3588 2034 3643 existima-

436 3669 592 3734 verit,
636 3670 797 3738 quasi
823 3670 876 3723 in
909 3672 1217 3727 substantia
1245 3673 1336 3728 Dei
1363 3676 1624 3732 virtutem
1647 3678 1944 3748 quamdam
1971 3698 2030 3737 se

437 3758 711 3812 facturum
772 3763 1028 3832 recipiant,
1067 3781 1168 3818 nec
1199 3766 1255 3820 in
1303 3767 1419 3836 ipsa
1459 3771 1553 3839 qui
1605 3787 1736 3829 suos
1772 3773 2029 3829 inimicos

434 3849 769 3905 offenderint
805 3869 902 3908 eos
928 3856 1297 3914 ventilaturos
1327 3875 1500 3916 cornu
1528 3862 1826 3921 Psalmista
1857 3869 2027 3932 dicat,

433 3943 528 3996 sed
556 3943 609 3996 in
653 3942 763 3997 Deo
797 3946 892 4008 ait,
921 3962 1020 4016 pro
1055 3964 1121 4004 eo
1157 3951 1304 4020 quod
1334 3962 1440 4017 est,
1469 3972 1561 4022 per
1588 3956 1772 4025 Deum,
1802 3970 1856 4014 et
1895 3961 2026 4016 illud

431 4037 488 4090 in
526 4046 594 4104 te,
638 4053 858 4105 rursus,
907 4057 1006 4110 pro
1045 4059 1110 4097 eo
1159 4047 1306 4114 quod
1353 4056 1460 4115 est,
1499 4063 1686 4119 perte.
1727 4052 1847 4108 Jam
1896 4073 2027 4112 vero

433 4144 534 4183 cur
593 4131 783 4185 beatus
851 4130 1055 4188 Paulus
1113 4135 1418 4194 Corinthiis
1474 4143 1724 4200 scribens
1803 4149 2020 4204 aiebat:

438 4239 456 4270 ι
497 4217 714 4276 Gratias
743 4238 845 4293 ago
868 4223 976 4278 Deo
999 4242 1121 4280 meo
1151 4243 1252 4297 pro
1282 4232 1545 4289 omnibus
1577 4237 1732 4291 vobis
1755 4239 1808 4292 in
1846 4244 2024 4311 gratia

432 4312 526 4368 Dei
560 4331 682 4384 qua:
705 4315 831 4370 data
861 4326 947 4372 est
987 4321 1144 4375 vobis
1177 4323 1229 4374 in
1262 4323 1483 4380 Christo
1517 4326 1768 4384 Jesu"?o
1799 4332 1861 4387 Et
1898 4350 2022 4388 rur-

431 4421 529 4461 sus
563 4425 578 4460 :
623 4426 640 4457 ι
708 4406 783 4462 Ex
835 4409 956 4480 ipso
986 4420 1168 4468 autem
1211 4431 1306 4470 vos
1349 4418 1485 4474 estis
1517 4421 1570 4475 in
1607 4422 1831 4478 Christo
1869 4425 2021 4490 .lesu,

2137 1930 2320 1999 σχέσει
2351 1932 2450 2001 τῆς
2491 1934 2697 1996 οἰκείας
2736 1934 3005 2001 γενέσεως
3039 1933 3260 2002 ἐνίκησε
3286 1933 3383 2004 τὴν
3414 1933 3722 1990 ἀσθένειαν.

2136 2023 2283 2093 Ἔφη
2329 2024 2620 2096 τοιγαροῦν
2657 2028 2684 2079 ό
2731 2025 3020 2088 θεσπέσιος
3063 2025 3273 2089 Παῦλος
3314 2025 3489 2095 ὀρθῶς
3533 2044 3592 2079 τε
3629 2028 3727 2080 καὶ

2138 2115 2283 2186 μάλα
2313 2116 2512 2180 καλῶς,
2540 2115 2684 2188 ζωὴν
2706 2117 2814 2170 τῶν
2835 2118 2972 2170 ὅλων
3001 2117 3314 2182 ἐπιδεικνὺς
3339 2117 3432 2171 τὸν
3456 2117 3609 2184 Θεδν,
3644 2118 3723 2182 ὡς

2135 2212 2193 2263 ἐν
2242 2209 2389 2281 αὐτῷ
2435 2208 2640 2282 ζῶμεν,
2689 2212 2784 2265 καὶ
2840 2210 3170 2283 κινούμεθα,
3227 2211 3322 2264 καὶ
3370 2211 3570 2282 ὲσμέν·
3621 2211 3726 2265 οὐκ

2134 2305 2312 2356 ἐκεῖνο
2359 2303 2575 2367 πάντως
2628 2302 2824 2374 δηλῶν,
2887 2305 3026 2375 ὅπερ
3073 2305 3229 2357 αὐτοὶ
3262 2304 3362 2376 τὴν
3412 2304 3522 2357 τῶν
3561 2305 3726 2376 ἱερῶν

2134 2398 2486 2470 Γραμμάτων
2533 2399 2802 2471 ὀρθότητα
2843 2398 3314 2472 παραφθείροντες
3363 2398 3726 2453 διεπλάσαντο

2136 2492 2254 2543 κατ’
2291 2492 2488 2544 οἰκεῖον
2531 2493 2751 2557 σκοπὸν,
2795 2492 2911 2546 ἀλλ’
2958 2493 3094 2563 ὅπερ
3123 2489 3191 2564 ἦν
3239 2491 3438 2563 ἀληθὲς
3484 2493 3726 2552 καὶτοῖς

2134 2584 2258 2653 ἄρτι
2310 2583 2850 2656 παιδαγωγουμένοις
2883 2587 2962 2649 εἰς
2996 2585 3327 2654 θεογνωσίαν
3376 2584 3725 2656 ὠφελιμώτα-

2132 2692 2246 2731 τον.
2291 2676 2403 2729 Καὶ
2435 2676 2483 2727 εἰ
2517 2676 2600 2728 δεῖ
2629 2677 2961 2746 σαφέστερον
2992 2679 3187 2740 εἰπεῖν,
3214 2677 3317 2731 οὐκ
3363 2676 3442 2730 ἔτι
3483 2673 3723 2748 σημῆναι

2136 2766 2458 2838 βεϐούληται
2495 2768 2576 2820 ὅτι
2612 2767 2888 2840 ἄνθρωποι
2929 2769 3029 2840 τὴν
3065 2769 3226 2839 φύσιν
3255 2770 3632 2840 τυγχάνοντες,
3661 2771 3724 2824 ὲν

2132 2863 2199 2931 τῇ
2228 2860 2387 2932 οὐσίᾳ
2432 2857 2526 2912 τοῦ
2579 2861 2787 2932 Πατρὺς
2840 2861 3071 2931 κείμεθά
3120 2879 3181 2915 τε
3233 2862 3327 2916 καὶ
3363 2863 3438 2925 ῶς
3479 2861 3632 2926 ὄντες
3662 2864 3725 2915 ὲν

2133 2953 2283 3025 αὐτῷ
2332 2953 2654 3025 φαινόμεθα,
2701 2954 2815 3007 ἀλλ’
2858 2955 2940 3008 ὅτι
2997 2954 3093 3008 καλ⁵
3144 2954 3350 3026 ζῶμεν,
3400 2955 3494 3009 καὶ
3544 2954 3728 3008 κινού-

2135 3044 2298 3115 μεθα,
2339 3045 2431 3098 καὶ
2476 3045 2642 3113 ἐσμὲν
2671 3047 2734 3097 ὲν
2765 3042 2904 3114 Θεῷ,
2940 3045 3058 3114 ἦτοι
3093 3045 3523 3115 συνεστήκαμεν.
3559 3044 3727 3107 Σύνες

2135 3138 2243 3209 γὰρ
2265 3135 2339 3200 ῶς
2366 3137 2463 3207 οὐχ
2501 3136 2686 3200 ἁπλῶς
2723 3153 2780 3188 τε
2821 3136 2916 3189 καὶ
2945 3135 3246 3207 ἀνειμένως
3269 3134 3372 3207 ἔφη
3405 3136 3482 3200 τὸ,
3517 3136 3598 3188 ὃτι
3633 3135 3728 3204 μό.

2134 3248 2222 3283 νον
2259 3230 2424 3301 ἐσμὲν
2454 3230 2510 3282 ἐν
2541 3229 2680 3300 Θεῷ,
2712 3227 2798 3282 διὰ
2847 3227 2944 3299 τὴν
2979 3226 3098 3299 σὴν,
3129 3227 3205 3291 ὡς
3247 3227 3414 3290 εἰκὸς,
3455 3226 3718 3297 ἀμαθίαν,

2133 3314 2178 3372 ὧ
2208 3320 2326 3383 τᾶν,
2362 3318 2498 3372 ἀλλά
2529 3319 2821 3390 διαφόρως,
2857 3319 2994 3388 ὅπερ
3035 3317 3302 3388 ἠθέλησεν
3340 3318 3514 3369 εἰπεῖν
3545 3317 3726 3388 ἑρμη-

2132 3412 2324 3474 νεύων,
2349 3412 2445 3466 καὶ
2475 3411 2537 3464 τὸ
2571 3410 2757 3480 ζῶμεν
2785 3409 3080 3482 προτάξας,
3123 3407 3418 3479 ἐπαγαγὼν
3457 3408 3516 3462 δὲ
3547 3409 3725 3480 τούτῳ

2133 3507 2226 3559 καὶ
2251 3505 2312 3558 τὺ
2347 3505 2688 3574 κινούμεθα,
2715 3504 2897 3575 τρίτον
2929 3504 3178 3576 ἐπήγαγε
3205 3503 3265 3556 τὸ
3293 3503 3501 3573 ἐσμὲν,
3522 3505 3586 3575 τῇ
3612 3503 3724 3556 τῶν

2131 3597 2513 3670 προλαϐόντων
2539 3596 2745 3667 διανοίᾳ
2785 3596 2881 3650 καὶ
2926 3595 3058 3649 αὐτὸ
3094 3596 3470 3667 χαριζόμενος.
3506 3597 3614 3649 Καὶ
3643 3592 3725 3650 οἷ·-

2136 3713 2233 3764 μαι
2273 3693 2372 3762 μὲν
2415 3695 2497 3747 ὅτι
2541 3691 2856 3763 δυσωπήσει
2901 3692 3042 3762 τάχα
3075 3705 3181 3744 που
3215 3691 3309 3745 τὸν
3336 3690 3600 3761 θεομάχον
3628 3693 3726 3759 όρ-

2133 3787 2238 3850 θῶς
2271 3787 2412 3857 ἒχων
2447 3787 2578 3856 ἡμῖν
2615 3788 2644 3838 ό
2675 3784 2806 3856 περὶ
2847 3782 3038 3837 τούτου
3067 3783 3257 3852 λόγος’
3301 3784 3635 3855 ὲνισταμένῳ
3661 3783 3722 3836 δὲ

2131 3881 2314 3942 πάλιν,
2345 3881 2438 3933 καὶ
2467 3879 2527 3933 τὸ
2571 3879 2641 3932 ἐι·
2671 3877 2750 3944 τῷ
2786 3877 2906 3940 Θεῷ
2939 3877 3320 3948 περιέλκοντες
3361 3875 3472 3949 [γρ.
3505 3877 3726 3948 περιέλ-

2129 3973 2300 4044 κοντι]
2345 3973 2479 4044 πρὸς
2505 3973 2566 4025 τὸ
2592 3970 2740 4042 αὐτῷ
2784 3972 2877 4024 καὶ
2910 3971 3055 4042 μόνῳ
3094 3969 3306 4033 δοκοῦν,
3337 3969 3436 4036 τῆς
3467 3969 3723 4022 θεοπνεύ-

2131 4081 2257 4117 στου
2289 4066 2326 4116 Γ
2333 4065 2512 4134 ραφῆς
2547 4064 2647 4134 τὴν
2696 4064 2982 4131 συνήθειαν
3030 4061 3387 4130 ἐπιδείξομεν.
3421 4060 3580 4122 Ἕθος
3609 4059 3719 4130 γὰρ

2128 4156 2264 4226 αῦτῇ
2298 4155 2476 4223 λέγειν
2507 4154 2618 4208 ἔσθ’
2645 4155 2732 4208 ὅτε
2766 4155 2888 4207 ἀντὶ
2917 4151 3012 4206 τοῦ
3051 4152 3150 4206 διὰ
3180 4151 3348 4214 Θεοῦ,
3381 4149 3442 4204 τὸ
3472 4151 3542 4202 ὲν
3572 4149 3714 4215 Θεῷ,

2141 4247 2300 4299 Ἐπεὶ
2322 4247 2527 4313 λεγέτω
2546 4246 2656 4317 γὰρ
2678 4248 2882 4308 ἐκεῖνος
2905 4247 3058 4315 ἡμῖν,
3083 4243 3200 4307 πῶς
3233 4245 3292 4296 ὲν
3325 4243 3572 4313 Ψαλμοῖς
3595 4242 3718 4293 ἀνα·

2127 4341 2368 4408 κέκραγε
2397 4338 2572 4406 λέγων
2608 4355 2691 4399 τις
2712 4354 2726 4368 ·
2761 4358 2779 4389 ι
2827 4337 2916 4390 Ἐν
2941 4335 3019 4406 τῷ
3054 4333 3175 4405 Θεῷ
3222 4335 3522 4404 ποιήσομεν
3558 4332 3717 4386 δύνα-

2130 4448 2254 4501 μινο
2293 4448 2310 4481 ι
2345 4431 2441 4483 καὶ
2493 4430 2654 4483 πάλιν
2700 4428 2776 4491 ὡς
2828 4428 2966 4500 πρὸς
3018 4428 3210 4481 αὐτόν’
3249 4444 3268 4476 ι
3314 4426 3402 4480 Ἐν
3459 4425 3542 4476 σοὶ
3589 4424 3714 4486 τοὺς

430 4500 525 4564 qui
564 4499 744 4555 factus
774 4510 858 4556 est
908 4505 1067 4560 nobis
1098 4508 1369 4576 sapientia
1399 4526 1427 4563 a
1457 4511 1588 4580 Deo,
1614 4526 1666 4570 et
1701 4519 1938 4586 justitia,
1968 4531 2021 4576 et

2132 4499 2356 4591 ἐχθροὺς
2405 4518 2562 4589 ἡμῶν
2599 4499 2982 4590 κερατιοῦμεν.
3023 4538 3041 4570 ι
3071 4516 3149 4573 Οὐ
3182 4517 3290 4587 γὰρ
3326 4517 3389 4584 δή
3429 4533 3512 4578 τις
3544 4516 3717 4585 οἰήσε-

431 4593 819 4658 sanctificatio,
870 4605 924 4650 et
959 4596 1271 4669 redemptio
1315 4603 1414 4656 “.3
1450 4603 1708 4675 Nunquid
1732 4611 1903 4675 enim,
1933 4613 2018 4665 in-

430 4684 584 4752 quiet
640 4688 940 4754 prudenter
986 4690 1171 4746 forsan
1207 4694 1431 4764 aliquis,
1494 4699 1748 4754 traditam
1795 4705 2017 4760 caelitus

430 4776 736 4832 Corinthiis
757 4781 988 4847 gratiam
1017 4784 1070 4836 in
1105 4785 1222 4854 ipsa
1246 4785 1450 4845 Christi
1488 4792 1801 4848 substantia
1831 4797 2013 4854 datam

429 4867 508 4920 ait
534 4865 851 4935 Apostolus,
891 4881 985 4927 aut
1017 4876 1225 4946 aliquid
1252 4881 1398 4935 aliud
1433 4883 1560 4938 huic
1598 4886 1782 4942 simile
1818 4889 2018 4945 intelli-

430 4959 558 5029 git?
593 4959 660 5014 At
690 4964 968 5053 quomodo
998 4982 1108 5022 non
1144 4971 1290 5026 istud
1326 4977 1522 5045 nugari
1552 4978 1798 5035 sit?Cur
1829 4982 2018 5053 itaque

429 5065 714 5105 sacrarum
760 5052 1092 5112 Litterarum
1139 5068 1600 5122 consuetudinem
1648 5082 1904 5130 evertens
1936 5052 2016 5130 rct

429 5141 574 5196 beati
613 5142 769 5198 Pauli
809 5156 1044 5201 mentem
1081 5153 1366 5222 cavillans,
1395 5174 1520 5214 esse
1549 5177 1648 5216 nos
1673 5163 1726 5217 in
1751 5163 1884 5231 Deo,
1911 5167 2018 5224 hoc

427 5249 512 5290 ρει
537 5238 589 5289 in
626 5238 936 5293 substantia
966 5241 1168 5306 Patris,
1212 5249 1314 5313 ais,
1344 5267 1470 5305 cum
1505 5255 1666 5311 audis
1694 5273 1818 5311 eum
1844 5261 2012 5317 Athe—

427 5331 514 5385 nis
555 5331 941 5401 praedicantem
982 5355 994 5391 :
1057 5355 1074 5387 ι
1112 5338 1250 5406 Quia
1315 5344 1368 5396 in
1422 5345 1543 5414 ipso
1585 5349 1845 5414 vivimus,
1895 5369 2015 5407 mo-

429 5435 620 5474 vemur
673 5434 725 5475 et
755 5426 991 5480 sumus?
1028 5445 1046 5479 ι
1085 5427 1328 5493 Atenim,
1361 5433 1533 5500 inquit
1573 5443 2010 5507 perniciosoruin

424 5507 738 5579 dogmatum
801 5516 1080 5584 magister,
1139 5519 1584 5590 quandoquidem
1639 5526 1735 5580 tibi
1796 5529 2012 5583 videtur

425 5601 668 5666 illud,in
694 5603 803 5658 Deo
850 5624 979 5673 esse,
1019 5620 1165 5665 recte
1213 5613 1445 5686 intelligi
1494 5632 1593 5686 pro
1618 5634 1683 5674 eo
1713 5621 1858 5690 quod
1905 5633 2010 5688 est,

2123 4629 2216 4666 ται
2259 4610 2418 4666 τοῦτο
2461 4612 2639 4679 λέγειν
2685 4611 2870 4672 αὑτὸν,
2917 4611 2994 4675 ὡς
3040 4613 3098 4663 ὲν
3137 4613 3203 4681 τῇ
3249 4610 3406 4681 οὐσίᾳ
3449 4608 3542 4662 τοῦ
3578 4606 3713 4662 Θεοῦ

2123 4704 2352 4774 δύναμίν
2393 4721 2505 4757 τινα
2537 4705 2961 4775 δημιουργήσειν
3005 4702 3420 4772 ἐπαγγέλλεται,
3452 4700 3568 4756 ἀλλ’
3595 4699 3714 4753 οὐδὲ

2123 4800 2181 4850 ὲν
2215 4798 2352 4867 αὐτῇ
2398 4797 2526 4860 τοὺς
2571 4797 2730 4860 ἰδίους
2773 4797 3002 4868 ἐχθροὺς
3047 4795 3396 4864 εὑρίσκοντας
3441 4795 3714 4865 κερατιεῖν

2123 4889 2322 4952 αὐτοὺς
2370 4890 2398 4943 ὁ
2440 4887 2657 4957 ψάλλων
2699 4890 2884 4958 φησὶν,
2931 4888 3046 4942 ἀλλ’
3087 4889 3158 4940 ἐν
3197 4885 3318 4952 Θεῷ
3354 4902 3538 4956 φησιν,
3595 4885 3714 4938 ἀντὶ

2124 4979 2217 5032 τοῦ
2264 4979 2360 5033 διὰ
2411 4979 2558 5034 Θεοῦ
2580 4996 2592 5008 ·
2629 4979 2808 5033 καὶτὸ
2839 4981 2908 5032 ἐν
2937 4980 3036 5034 σοὶ
3087 4977 3270 5045 πάλιν,
3304 4960 3425 5030 ἆντὶ
3471 4973 3568 5028 τοῦ
3616 4973 3713 5027 δξὰ

2123 5071 2259 5126 σοῦ.
2302 5071 2368 5125 Τί
2407 5072 2464 5124 δὲ
2500 5073 2594 5126 καὶ
2637 5075 2667 5128 ὁ
2709 5073 2976 5144 μακάριος
3016 5071 3228 5135 Παῦλος
3263 5069 3569 5142 Κορινθίοις
3597 5069 3714 5120 ἐπι-

2126 5161 2358 5215 στέλλων
2392 5162 2577 5232 ἕλεγεν
2601 5181 2615 5228 ;
2647 5183 2665 5214 ι
2703 5165 3025 5236 Εὑχαριστῶ
3047 5163 3125 5234 τῷ
3153 5163 3271 5234 Θεῷ
3301 5180 3403 5234 μου
3428 5162 3554 5230 περί
3577 5162 3709 5214 παν-

2121 5272 2228 5307 των
2260 5255 2415 5326 ὑμῶν
2468 5257 2559 5309 ἐπὶ⁵
2609 5261 2674 5327 τῇ
2728 5257 2945 5328 δοθείσῃ
2989 5259 3118 5327 ὑμῖν
3165 5257 3224 5309 ἐν
3271 5255 3492 5326 Χριστῷ
3537 5252 3710 5323 Ἰησοῦ

2121 5347 2324 5418 χάριτι.
2363 5366 2382 5398 ι
2415 5348 2526 5400 Καὶ
2565 5349 2726 5401 πάλιν
2749 5366 2762 5381 ο
2802 5370 2820 5401 ι
2873 5349 2961 5416 Ἐξ
2993 5349 3156 5403 αὑτοῦ
3196 5349 3254 5403 δὲ
3305 5349 3461 5418 ὑμεῖς
3500 5346 3624 5396 ἐστε
3651 5345 3709 5396 ἐν

2119 5439 2341 5509 Χριστῷ
2383 5439 2577 5510 Ἰησοῦ,
2626 5441 2684 5506 ὃς
2730 5441 2958 5514 ἐγενήθη
3009 5444 3139 5513 ἡμῖν
3182 5439 3341 5510 σοφία
3395 5439 3502 5491 ἀπὸ
3547 5435 3704 5497 Θεοῦ,

2117 5531 2431 5604 δικαιοσύνη
2464 5551 2524 5586 τε
2555 5536 2648 5588 καὶ
2673 5535 2963 5606 ἁγιασμὸς,
2991 5536 3083 5587 καὶ
3112 5534 3486 5604 ἀπολύτρωσις
3533 5525 3706 5600 »Ἄρα

2121 5623 2251 5695 γὰρ,
2280 5627 2395 5696 ἐρεῖ
2423 5643 2507 5689 τις
2537 5627 2821 5698 νουνεχῶς,
2849 5629 2930 5682 ὅτι
2959 5629 3057 5699 τὴν
3093 5627 3528 5698 ἀπονεμηθεῖσαν
3561 5624 3705 5677 ἄνω-

501 5775 544 5808 ⁶⁹
577 5773 719 5834 l’sal.
750 5796 864 5848 ιιι,
894 5785 976 5839 Η.
1056 5789 1100 5820 υ
1133 5786 1280 5845 Psal.
1323 5807 1456 5847 xuii
1479 5835 1494 5862 ,
1525 5793 1577 5848 6.
1662 5798 1702 5827 ’ί
1737 5795 1756 5850 l
1795 5796 1926 5853 Cor.
1953 5814 2026 5868 ι,ι

2155 5801 2198 5832 “
2235 5801 2373 5857 ibid.
2403 5803 2490 5858 30.
