3892 6202
217 297 330 355 ’ὶὸὖ

1299 297 1368 353 ΙΝ
1405 297 1692 354 JOANNIS
1730 297 2180 358 EVANGELIUM
2222 299 2350 354 LIB.
2395 298 2486 361 IX,

3375 299 3485 358 254

219 416 312 468 θεν
344 415 457 477 τοῖς
492 411 797 484 Κορινθίοις
822 411 980 485 χάριν
1019 414 1075 466 ἐν
1109 411 1244 485 αὐτῇ
1267 416 1334 484 τῇ
1359 413 1517 485 οὐσίᾳ
1549 415 1642 468 τοῦ
1672 416 1802 486 Χρι-

1906 430 1998 485 per
2023 414 2212 480 Deum,
2250 413 2380 483 quid
2421 412 2627 468 frustra
2663 411 2910 480 nugaris,
2947 419 3041 465 aut
3090 427 3191 465 cur
3226 411 3488 483 blasphe-

221 505 349 560 ιιτοῦ
391 504 634 560 δεδόσθαι
684 505 848 575 φησὶν
887 508 916 558 ὁ
963 505 1426 578 πνευματοφ6ρος,
1470 506 1637 577 ῆγουν
1674 507 1804 560 ἀκο-

216 599 424 661 λούθως
471 596 646 666 τούτῳ
689 597 751 649 τὸ
796 597 984 668 ἕτερον
1017 596 1348 668 ἐκλήψεταις
1396 597 1505 650 Καὶ
1547 597 1664 662 πῶς
1704 597 1804 651 οὐκ

218 694 284 746 ἂν
312 691 487 762 ὁρῷτο
528 689 708 762 ληρῶν
735 707 748 755 ;
780 690 845 742 Τί
878 690 1054 742 τοίνυν
1088 691 1182 744 καὶ
1210 690 1344 744 αὐτὸ
1387 690 1448 744 τὸ
1491 689 1600 743 τῶν
1645 690 1806 761 ἱερῶν

218 782 566 852 Γραμμάτων
605 780 900 851 παραλύων
933 779 1074 845 ἔθος,
1117 781 1210 834 καὶ
1257 779 1357 852 τὴν
1401 779 1494 833 τοῦ
1532 780 1804 852 μακαρίου

216 873 434 926 Παύλου
494 872 689 945 βουλὴν
745 874 1194 943 συκοφαντήσας,
1242 874 1508 943 ὑπάρχειν
1549 875 1699 942 ἡμᾶς
1747 873 1806 926 ἐν

217 967 358 1037 Θεῷ,
392 966 538 1020 τοῦτ’
581 967 729 1020 ἐστιν
785 969 842 1018 ἐν
875 969 940 1036 τῇ
994 967 1153 1038 οὐσίᾳ
1198 966 1291 1019 τοῦ
1336 967 1569 1038 Πατρὺς,
1603 967 1803 1036 λέγεις,

215 1060 345 1112 ὃταν
371 1058 610 1130 ἀκούσῃς
649 1061 759 1121 τοῖς
797 1060 854 1110 ἐν
897 1059 1152 1132 Ἀθήνῃσι
1183 1060 1505 1123 διειπόντος·
1542 1077 1560 1110 ι
1600 1061 1719 1113 Ὅτι
1747 1061 1806 1114 ἐν

216 1149 368 1220 αὐτῷ
398 1149 600 1218 ζῶμεν,
655 1149 748 1201 καὶ
792 1148 1125 1218 κινούμεθα,
1178 1150 1272 1203 καὶ
1324 1151 1528 1218 ἐσμέν;
1586 1169 1604 1202 ι
1647 1149 1807 1203 Ἀλλά

216 1241 328 1303 ναὶ,
375 1240 540 1310 φησὶν
581 1240 610 1291 ὁ
651 1239 760 1292 τῶν
808 1239 1069 1310 ὀλεθρίων
1115 1239 1402 1310 δογμάτων
1431 1239 1804 1310 προεστηκὼς,

215 1333 339 1385 ἐπεί
369 1350 450 1386 σοι
489 1333 637 1386 δοκεῖ
675 1332 768 1386 καὶ
802 1332 977 1404 ὀρθῶς
1012 1331 1156 1403 ἔχειν
1201 1332 1538 1401 φαίνεταιτὸ
1580 1332 1650 1385 ἐν
1686 1331 1808 1396 Θεῷ

215 1422 393 1491 εἶναι,
439 1425 532 1478 καὶ
580 1425 816 1478 νοεῖσθαι
857 1426 957 1480 διὰ
1003 1426 1174 1490 Θεοῦ,
1207 1425 1258 1477 τί
1290 1426 1466 1496 μάτην
1504 1424 1808 1493 καταφλυα-

218 1517 375 1586 ρεῖς;
429 1515 482 1568 τί
531 1515 587 1569 δὲ
631 1517 743 1578 τοῖς
783 1514 1094 1587 δυσφημίας
1143 1516 1483 1586 ἐγκλήμασιν
1523 1517 1804 1584 ὑποτίθης,

213 1608 342 1660 ὅταν
372 1608 703 1678 πεποιῆσθαι
743 1609 832 1663 διὰ
878 1608 971 1662 τοῦ
1020 1609 1234 1680 Πατρδς
1278 1607 1673 1678 διατεινώμεθα
1716 1609 1806 1660 τὸν

217 1701 386 1764 Υἰὸν;
429 1702 554 1754 Ἰδοὺ
602 1702 711 1774 γάρ
753 1702 914 1766 αὐτός
968 1719 1169 1772 φησιν·
1220 1721 1237 1751 ι
1286 1701 1410 1754 Ὂτι
1458 1699 1570 1767 ἐγὼ
1607 1700 1678 1754 ἐν
1726 1697 1807 1764 τῷ

215 1796 423 1863 Harp},
461 1816 480 1847 ι
513 1798 633 1850 ἀντί
655 1795 750 1850 τοῦ
775 1797 871 1851 διὰ
896 1797 1004 1852 τοῦ
1035 1795 1286 1864 Πατρός.
1318 1797 1460 1850 κατά
1481 1812 1543 1864 γε
1569 1795 1661 1847 τὸν
1689 1794 1802 1857 σ’ὺν,

214 1881 260 1940 ὦ
289 1883 464 1951 οὗτος,
506 1888 663 1956 λόγον
706 1890 800 1942 καί⁵
839 1890 938 1960 τὴν
978 1889 1180 1959 ἀρτίως
1223 1890 1356 1958 ἡμῖν
1399 1889 1464 1941 ἐκ
1504 1886 1612 1940 τῶν
1644 1886 1804 1958 ἱερῶν

215 1978 566 2048 Γραμμάτων
595 1980 1018 2051 παρενεχθείσαν
1045 1981 1349 2052 συνήθειαν.
1403 1977 1544 2046 Ἐγὼ
1583 1979 1641 2032 δὲ
1671 1979 1805 2047 πρὸς

218 2069 376 2121 τοῦτό
445 2086 586 2140 φημι
637 2070 749 2122 δεῖν
812 2071 1262 2141 ἀπολογήσασθαι
1313 2069 1512 2129 πάλιν,
1557 2069 1652 2122 καὶ
1707 2069 1804 2133 τὰς

217 2160 442 2212 ἐκείνων
494 2161 829 2232 κακουργίας
875 2161 1274 2230 ἀπογυμνῶσαι
1307 2161 1402 2214 καὶ
1436 2159 1631 2231 βλάϐη.
1665 2159 1805 2212 Θαυ-

222 2249 379 2318 μάζω
426 2249 534 2320 γάρ
583 2251 731 2313 ὅπως
766 2251 1020 2320 ἁσμένως
1074 2250 1412 2313 ἀκούσαντες
1443 2252 1524 2304 ὅτι
1555 2251 1625 2304 ἐν
1657 2249 1802 2317 Θεῷ,

218 2341 314 2396 διὰ
345 2343 496 2396 Θεοῦ
533 2342 712 2410 λέγειν
747 2343 868 2405 ἔθος
899 2346 963 2413 τῇ
998 2345 1121 2416 θείᾳ
1161 2346 1376 2416 Γραφῇ,
1405 2345 1497 2396 καὶ
1525 2344 1615 2397 διὰ
1642 2345 1801 2413 μόνον

217 2434 276 2487 τὸ
301 2435 566 2488 δύνασθαι
600 2439 881 2489 κατειπεῖν
915 2454 966 2489 τι
990 2437 1088 2505 τῆς
1120 2437 1279 2509 δόξης
1310 2433 1403 2491 τοῦ
1438 2437 1797 2505 Μονογενοῦς,

220 2528 638 2591 συναινέσαντές
668 2546 725 2581 τε
758 2529 854 2583 καὶ
885 2530 984 2597 τῆν
1029 2528 1174 2594 λέξιν
1210 2528 1671 2601 παραδεξάμενοι,
1703 2531 1801 2598 λη-

223 2620 444 2687 ροῦντες
483 2621 564 2674 ὅτι
619 2620 785 2674 πάλιν
839 2620 993 2673 οὐδὲν
1029 2616 1195 2692 ἦττον
1243 2620 1542 2673 ἁλώσονται
1582 2619 1804 2688 διεγνὼ-

220 2730 379 2766 κασιν
411 2713 684 2783 οὐδαμῶς,
717 2714 891 2768 καίτοι
923 2715 1224 2784 φάσκοντες
1252 2710 1392 2768 εἶναι
1431 2716 1584 2784 σοφοί
1610 2734 1668 2770 τε
1709 2715 1804 2770 καὶ¹

217 2804 452 2874 δριμεῖς.
482 2802 547 2858 Ei
582 2805 680 2874 μὲν
708 2805 816 2876 γὰρ
847 2805 1030 2876 μόνοις
1059 2808 1271 2876 ἐφεῖται
1301 2808 1413 2868 τοῖς
1449 2804 1516 2858 δι’
1555 2806 1803 2868 ἐναντίας

217 2897 280 2948 τὸ
326 2897 425 2965 τῆς
458 2896 819 2950 θεοπνεύστου
864 2897 1088 2970 Γραφῆς
1128 2901 1216 2950 ἀεὶ
1262 2895 1522 2968 τειχίζειν
1563 2898 1684 2960 ἔθος
1734 2899 1800 2968 τῇ

218 2989 379 3061 οὐσίᾳ
411 2990 508 3043 τοῦ
557 2991 925 3060 Μονογενοῦς,
976 2992 1070 3044 καὶ
1124 2992 1212 3045 διὰ
1260 2993 1418 3045 τοῦτο
1470 2991 1802 3062 πεποιῆσθαι

1908 507 2030 562 mia:
2089 523 2191 564 nos
2244 520 2496 570 accusas,
2539 519 2664 558 cum
2713 503 2917 557 factum
2970 519 3097 558 esse
3123 519 3219 574 per
3267 503 3484 559 Patrem

1907 597 2107 653 Filium
2140 595 2566 654 contendimus?
2616 592 2760 649 Ecce
2813 595 2959 648 enim
3011 593 3129 662 ipse
3162 594 3239 647 ait
3279 613 3292 650 :
3345 595 3486 661 Quia

1906 707 2007 763 ego
2064 693 2117 745 in
2162 690 2347 757 Patre,
2403 689 2456 744 id
2504 697 2590 744 est
2639 702 2730 757 per
2783 685 3049 750 Patrem,
3107 686 3268 757 juxta
3335 697 3486 744 tuam

1908 783 2241 838 sententiam
2311 790 2366 837 et
2430 780 2596 836 modo
2682 779 2844 835 nobis
2916 781 3139 834 allatam
3201 797 3486 836 sacrarum

1909 872 2322 944 Scripturarum
2391 871 3036 942 consuetudinem.'Ego
3108 887 3236 927 vero
3303 873 3489 928 denuo

1910 965 1996 1021 his
2041 966 2486 1037 respondendum
2539 966 2800 1031 arbitror,
2848 981 3149 1036 eorumque
3177 966 3338 1037 795
3375 983 3488 1022 ma-

1909 1059 2080 1115 litiam
2118 1058 2490 1128 retegendam.
2535 1057 2701 1112 Miror
2742 1057 2887 1112 enim
2918 1057 3218 1128 quomodo,
3258 1061 3486 1114 tametsi

1909 1151 2186 1206 audierint
2217 1151 2417 1206 divinae
2445 1147 2746 1220 Scriptura;
2795 1152 3001 1203 morem
3045 1163 3168 1204 esse
3203 1159 3260 1202 ut
3291 1150 3346 1202 in
3383 1148 3488 1204 Deo

1908 1242 2060 1296 dicat
2093 1257 2194 1313 pro
2233 1257 2298 1297 eo
2325 1243 2473 1312 quod
2504 1252 2589 1296 est
2621 1257 2713 1310 per
2747 1241 2934 1303 Deum,
2967 1250 3132 1311 atque
3171 1241 3240 1294 ad
3285 1241 3490 1312 Unige-

1909 1335 2011 1390 niti
2041 1336 2272 1406 gloriam
2295 1334 2686 1389 tantummodo
2719 1333 3086 1388 cavillandam
3119 1335 3487 1400 assenserint,

1907 1441 1971 1479 ac
2008 1427 2308 1482 dictionem
2340 1427 2490 1480 illam
2521 1426 2883 1496 arripuerint,
2919 1441 3029 1480 non
3062 1433 3244 1480 tamen
3293 1443 3354 1483 se
3388 1441 3485 1480 va-

1909 1534 2012 1574 nos
2060 1526 2114 1574 et
2177 1519 2371 1575 inanes
2421 1533 2546 1573 esse
2595 1518 3072 1583 animadvertant,
3132 1519 3489 1590 quantumvis

1908 1608 2186 1679 sapientes
2219 1623 2279 1662 se
2311 1618 2364 1662 et
2406 1615 2601 1662 acutos
2633 1607 2935 1663 venditem.
2969 1607 3104 1662 Nam
3143 1610 3188 1664 si
3224 1609 3359 1664 solis
3391 1610 3489 1663 ad—

1909 1701 2174 1758 versariis
2211 1701 2549 1771 permittitur
2585 1716 2762 1755 sacra:
2795 1699 3097 1770 Scriptura;
3135 1701 3492 1756 consuetudi-

1907 1807 2032 1847 nem
2090 1794 2304 1846 tirmare
2360 1807 2580 1862 semper
2622 1790 2902 1861 Unigeniti
2946 1793 3282 1856 substantia,
3319 1801 3490 1862 atque

1907 1885 2115 1939 idcirco
2162 1900 2286 1938 eum
2336 1900 2365 1936 a
2414 1882 2578 1937 Patre
2629 1882 2833 1938 factum
2863 1899 2989 1939 esse
3017 1885 3228 1946 dicere,
3264 1885 3392 1954 quia
3430 1885 3488 1939 in

1907 1974 2019 2030 Deo
2063 1990 2122 2029 se
2169 1974 2393 2042 quidem
2429 1989 2554 2028 esse
2587 1973 2740 2038 dicit,
2780 1974 2834 2027 in
2872 1973 2978 2029 Deo
3007 1990 3138 2029 vero
3170 1975 3488 2046 signiﬁcare

1903 2082 1995 2135 per
2029 2066 2198 2120 Deum
2227 2065 2636 2130 concessimus,
2674 2066 2891 2120 ratione
2929 2067 3112 2138 aliqua
3153 2067 3254 2121 niti
3293 2081 3484 2121 eorum

1904 2158 2086 2212 scelus
2133 2156 2277 2212 forte
2312 2157 2610 2212 videretur.
2669 2156 2762 2211 Sin
2804 2166 2988 2213 autem
3042 2154 3178 2212 nihil
3235 2158 3488 2228 prohibet

1903 2251 2066 2302 etiam
2114 2265 2214 2304 nos
2250 2249 2450 2319 quibus
2494 2249 2840 2319 propositum
2895 2257 2980 2305 est
3031 2250 3366 2305 deductione
3416 2250 3486 2304 ad

1906 2343 2170 2410 majorem
2204 2341 2597 2398 absurditatem
2627 2343 2816 2412 putida
2843 2359 3033 2397 eorum
3064 2343 3321 2412 dogmata
3350 2358 3485 2398 con-

1903 2435 2125 2494 vellere,
2161 2435 2227 2486 ad
2259 2434 2439 2503 ipsum
2473 2449 2692 2504 quoque
2722 2435 2936 2488 Patrem
2967 2436 3073 2488 vim
3107 2445 3160 2490 et
3213 2437 3484 2491 rationem

1902 2529 2023 2596 ejus
2059 2528 2203 2598 quod
2235 2529 2580 2598 signiﬁcatur
2601 2537 2944 2593 convertere,
2974 2529 3234 2599 clareque
3265 2530 3480 2594 dicere.

1904 2620 2073 2691 quod,
2107 2635 2233 2674 cum
2264 2621 2362 2685 ait,
2401 2639 2420 2671 ι
2462 2620 2622 2674 Pater
2651 2621 2705 2674 in
2739 2637 2823 2673 me
2857 2633 2962 2684 est,
3008 2640 3025 2670 ι
3070 2622 3486 2693 intelligendum

1902 2713 1977 2767 sit
2011 2712 2169 2782 quasi
2197 2709 2346 2764 dicat
2370 2727 2461 2778 per
2492 2727 2592 2768 ine.
2629 2718 2686 2762 nt
2718 2719 2772 2763 et
2815 2711 2937 2780 ipse
2967 2713 3188 2766 demum
3225 2712 3383 2768 Pater
3413 2713 3485 2767 sit

1902 2816 2144 2867 creatus,
2171 2803 2450 2873 quomodo
2473 2803 2658 2856 stultis
2689 2803 2982 2855 admodum
3014 2803 3328 2860 rationibus
3359 2819 3485 2859 con-

1903 2896 2009 2961 ﬁsi,
2045 2912 2154 2951 non
2186 2911 2414 2950 summa:
2454 2895 2866 2949 danmahuntur
2901 2895 3177 2950 insanim?
3206 2894 3484 2961 Quemad—

1901 2989 2124 3045 modum
2163 2987 2336 3042 Filins
2369 2989 2614 3057 seipsum
2653 2988 2706 3042 in
2743 2987 2908 3042 Patre
2952 3003 3076 3043 esse
3129 2989 3284 3054 dicit,
3323 2990 3404 3044 sic
3431 2999 3487 3044 et

218 3081 402 3149 λέγειν
436 3083 596 3135 αὐτὸν
631 3084 782 3152 παρὰ
827 3083 920 3135 τοῦ
964 3085 1212 3153 Ιιατρὸς,
1255 3086 1486 3155 ἐπείπερ
1520 3080 1660 3138 εἶναι
1699 3083 1798 3153 μὲν

1909 3081 2120 3136 Patrem
2156 3083 2209 3134 in
2238 3080 2419 3149 seipse
2448 3095 2570 3134 esse
2599 3079 2739 3133 dixit
2769 3098 2784 3133 :
2821 3079 2969 3151 quod
3004 3079 3049 3134 si
3085 3079 3243 3144 illud,
3286 3082 3339 3132 in
3374 3078 3488 3134 Pa-

220 3177 280 3227 ἐν
310 3174 433 3244 Θεῷ
469 3191 665 3246 φησιν,
699 3177 761 3229 τὸ
808 3176 865 3230 δὲ
910 3177 980 3229 ἐν·
1015 3175 1170 3240 Θεῷ,
1226 3175 1320 3230 6ιά
1373 3176 1523 3230 Θεοῦ
1566 3176 1802 3232 νοεῖσθαι

217 3265 558 3336 δεδώκαμεν,
594 3266 773 3332 ἔδοξεν
802 3265 889 3331 ἂν,
927 3267 1071 3320 κατά
1098 3284 1161 3335 γε
1185 3267 1246 3320 τὸ
1276 3268 1446 3334 εἰκὸς,
1474 3268 1632 3336 λόγον
1661 3269 1804 3337 ἔχειν

218 3358 405 3421 αὐτοῖς
435 3357 557 3428 οὐχὶ
606 3357 724 3410 λίαν
775 3357 962 3428 ἀμαθῆ
1009 3358 1071 3410 τὸ
1118 3359 1504 3430 κακούργημα.
1549 3360 1612 3413 Εἰ
1655 3361 1804 3413 δὲτὸ

219 3449 441 3502 κωλῦον
483 3448 635 3501 οὐδὲν
683 3449 777 3500 καὶ
827 3449 976 3518 ἡμᾶς
1023 3449 1218 3511 αὐτοὺς
1262 3448 1352 3500 διὰ
1405 3449 1506 3518 τῆς
1558 3449 1804 3518 μείζονος

220 3538 452 3602 ἀτοπίας
479 3537 804 3608 ἀνατρέπειν
834 3537 1124 3603 ἐθέλοντας
1160 3539 1258 3610 τὴν
1306 3540 1413 3592 τῶν
1442 3541 1571 3610 παρ’
1619 3543 1804 3603 αὐτοῖς

217 3630 507 3700 δογμάτων
540 3628 850 3701 σαθρότητα
870 3672 884 3695 ,
921 3633 1014 3685 καὶ
1054 3633 1142 3684 ἐπ’
1174 3632 1341 3685 αὑτὸν·
1369 3632 1664 3702 ἀναφέρειν
1711 3633 1803 3686 τὸν

221 3723 443 3792 Πατέρα
476 3721 570 3774 τοῦ
603 3723 1006 3794 σημαινομένου
1059 3725 1158 3794 τὴν
1211 3724 1444 3795 δύναμιν
1465 3763 1480 3788 ,
1534 3726 1708 3776 εἰπεῖν
1740 3743 1799 3777 τε

223 3813 430 3881 σαφῶς.
461 3813 536 3876 ὡς
565 3813 798 3884 ἐπείπερ
825 3813 920 3867 καὶ
943 3813 1104 3866 τοῦτό
1139 3831 1306 3886 φησιν
1339 3816 1421 3868 ὅτι
1458 3836 1474 3866 ι
1522 3817 1578 3870 ’0
1613 3816 1801 3884 Πατὴρ

221 3904 279 3954 ἐν
316 3902 438 3972 ἐμοί
467 3905 615 3965 ἐστι,
659 3921 677 3952 ι
725 3903 994 3974 προσήκει
1028 3905 1171 3958 νοεῖν
1199 3944 1213 3966 ,
1246 3905 1367 3957 ἀντὶ
1397 3904 1489 3957 τού
1530 3905 1605 3959 δι’
1629 3905 1798 3975 ἐμοῦ,

222 3996 314 4050 ἵνα
341 3997 527 4050 λοιπὸν
557 3996 786 4066 γενητὸς
807 3995 1035 4066 γένηται
1069 3996 1162 4048 καὶ
1193 3997 1353 4058 αὐτος
1381 3997 1409 4048 ὁ
1435 3998 1645 4068 Πατὴρ,
1682 3997 1800 4061 πῶς

219 4088 283 4140 οὐ
328 4088 448 4142 λίαν
498 4086 780 4148 ἀσυνέτοις
821 4087 1294 4157 ἐπιθαρσήσαντες
1346 4088 1660 4158 λογισμοῖς,
1701 4091 1799 4158 τὴν

219 4179 310 4231 ἐπ’
347 4176 571 4248 ἀκράτῳ
613 4175 794 4247 μωρίᾳ
830 4175 1009 4244 ψῆφον
1050 4177 1407 4243 άποίσονται;
1447 4177 1656 4248 ’Ὠσπερ
1689 4178 1799 4249 γὰρ

217 4273 246 4322 ὁ
280 4271 411 4333 Υἱὸς
436 4269 623 4322 ἐαυτὸν
657 4265 794 4322 εἷναί
830 4286 997 4338 φησιν
1038 4269 1096 4320 ἐν
1135 4266 1213 4337 τῷ
1247 4269 1444 4338 Πατρὶ,
1483 4267 1657 4332 οὕτως
1692 4270 1794 4338 ἔφη

218 4358 317 4410 καὶ
347 4357 438 4410 τὸν
476 4357 695 4427 Πατέρα
727 4352 868 4410 εἶναι
905 4359 963 4409 ἐν
998 4356 1179 4427 ἐαυτῷ
1200 4375 1214 4387 ο
1243 4359 1292 4411 εί
1321 4358 1377 4409 δέ
1409 4357 1486 4426 τῷ
1533 4357 1662 4429 [γρ.
1697 4358 1795 4430 τὸ]

1909 3181 2007 3234 tre,
2047 3187 2139 3240 per
2202 3170 2422 3225 Patrem
2473 3171 2768 3239 signiﬁcat.
2823 3171 2952 3240 quid
3007 3172 3258 3240 prohibet
3304 3171 3489 3226 dicere

1905 3264 2059 3327 illud,
2099 3264 2155 3315 in
2185 3261 2356 3324 Filio,
2407 3278 2530 3317 esse
2585 3263 3005 3332 intelligendum
3056 3263 3213 3332 quasi
3263 3279 3354 3332 per
3389 3261 3487 3316 Fi-

1907 3356 2036 3409 lium
2078 3353 2392 3424 signiﬁcet?
2441 3353 2548 3408 Sed
2591 3353 2736 3408 absit
2771 3362 2830 3406 ut
2864 3353 2917 3406 in
2949 3361 3157 3406 tantam
3196 3369 3304 3407 una
3355 3369 3484 3408 cum

1902 3445 1972 3500 iis
2011 3445 2366 3516 prolabamur
2428 3445 2738 3500 insaniam!
2781 3443 2893 3498 Nec
2929 3444 3076 3497 enim
3130 3458 3229 3515 per
3267 3443 3484 3499 Patrem

1905 3537 2107 3594 factum
2143 3554 2268 3594 esse
2307 3536 2503 3592 Filium
2533 3539 2801 3598 dicemus,
2850 3551 3026 3606 neque
3074 3538 3210 3592 adeo
3249 3552 3346 3606 per
3391 3535 3484 3591 Fi-

1905 3632 2038 3684 lium
2072 3631 2278 3684 factum
2310 3645 2433 3685 esse
2462 3645 2584 3682 eum
2618 3644 2685 3683 ex
2709 3643 2821 3699 quo
2858 3639 2986 3682 sunt
3022 3630 3230 3696 omnia,
3266 3629 3485 3685 Patrem

1904 3736 1968 3774 ac
2003 3720 2170 3774 Deum
2210 3739 2222 3774 :
2269 3721 2362 3774 sed
2396 3720 2667 3774 divinitus
2705 3720 2993 3790 inspirata!
3025 3718 3328 3791 Scriptura
3363 3737 3486 3776 mo-

1904 3825 2015 3864 rem
2054 3810 2354 3879 unicuique
2416 3809 2689 3880 tempori,
2751 3824 3024 3878 personae,
3069 3826 3134 3864 ac
3174 3811 3252 3865 rei
3299 3813 3484 3881 potius

1903 3910 2178 3970 aptantes,
2219 3917 2414 3973 purum
2441 3911 2493 3955 et
2535 3900 2878 3970 inculpatum
2918 3901 2986 3957 de
3028 3903 3288 3957 omnibus
3321 3905 3486 3959 rebus

1901 3994 2236 4049 necessariis
2264 4007 2570 4048 sermonem
2608 4000 2878 4047 texemus.
2925 3991 3110 4049 Rebus
3157 3993 3303 4049 enim
3327 4009 3359 4049 e
3394 3994 3486 4048 ni-

1903 4085 2014 4140 hilo
2036 4085 2318 4156 productis
2354 4101 2417 4140 ac
2460 4101 2559 4156 per
2597 4084 2766 4140 Deum
2819 4084 3006 4152 factis,
3037 4085 3316 4155 quomodo
3374 4101 3487 4142 non

1901 4179 2139 4231 maxime
2172 4177 2465 4231 conveniet
2497 4175 2607 4230 dici
2636 4190 2665 4228 a
2688 4175 2850 4230 nobis
2882 4190 2947 4229 ac
2974 4175 3189 4230 censeri
3228 4190 3354 4230 esse
3389 4191 3484 4231 eas

1901 4268 1955 4322 in
1987 4269 2118 4332 Deo,
2151 4269 2202 4324 id
2230 4277 2315 4324 est
2342 4283 2432 4336 per
2463 4267 2628 4322 Deum
2655 4270 2678 4323 ?
2711 4269 2773 4320 In
2805 4267 3048 4321 naturali
3085 4281 3218 4321 vero
3259 4265 3482 4326 Filium.

1903 4357 2193 4412 Dominum
2219 4373 2284 4411 ac
2316 4359 2510 4420 Deum,
2541 4365 2596 4412 et
2621 4357 3004 4411 universorum
3027 4355 3302 4426 opiﬁcem,
3345 4371 3485 4411 neu-

216 4451 289 4503 ἐν
316 4448 522 4516 Harp},
545 4448 644 4501 διὰ
676 4449 782 4503 τοῦ
809 4448 1040 4514 Πατρός
1069 4449 1308 4502 νοεῖσθαι
1344 4449 1615 4518 βούλεται,
1657 4451 1708 4504 τί
1737 4453 1797 4504 τὸ

1905 4451 2111 4522 tiqnam
2145 4451 2312 4512 istud,
2347 4453 2569 4520 opinor,
2604 4451 2824 4521 proprie
2846 4464 2911 4504 ac
2938 4463 3070 4504 vere
3097 4447 3482 4518 qnadraverit,

219 4543 485 4611 απεῖργον
517 4541 712 4602 εἰπεῖν,
743 4539 826 4592 ὃτι
859 4539 954 4591 καὶ
983 4541 1044 4592 τὸ
1072 4540 1142 4592 ἐν
1169 4538 1300 4604 ΥΙῷ,
1327 4539 1403 4593 δι’
1444 4542 1581 4594 Υιοῦ
1601 4543 1797 4614 νοηθῆ-

222 4647 409 4696 σεται;
480 4629 620 4684 Ἀλλ’
661 4631 762 4683 οὐκ
813 4631 893 4692 εἰς
938 4631 1096 4684 τοῦτο
1153 4631 1367 4702 μωρίας
1421 4634 1517 4686 σὺν
1569 4635 1800 4692 ἐκείνοις

219 4721 562 4775 κατολισθεῖν
607 4721 911 4792 ἀνεξόμεθα
968 4723 1163 4775 πάλινο
1229 4723 1350 4776 οὔτε
1406 4724 1513 4796 γὰρ
1566 4725 1654 4778 διὰ
1701 4727 1798 4780 τοῦ

219 4812 438 4880 Πατρὸς
467 4811 701 4883 ἐροῦμεν
736 4813 1064 4883 πεποιῆσθαι
1093 4813 1183 4866 τὸν
1229 4815 1352 4868 Υἰὸν
1374 4856 1390 4877 ,
1432 4815 1556 4868 οὔτε
1593 4818 1700 4887 μὴν
1732 4819 1800 4873 δι’

217 4901 355 4953 Υἱοῦ
395 4904 651 4970 γενέσθαι
695 4905 786 4957 τὸν
838 4906 895 4969 ἐξ
936 4901 997 4960 οὗ
1045 4905 1112 4959 τά
1168 4908 1374 4966 πάντα,
1432 4908 1653 4980 Πατέρα
1705 4913 1801 4964 καὶ

1906 4543 2002 4598 sed
2061 4555 2185 4598 esse
2241 4543 2644 4598 naturaliterin
2673 4543 2855 4607 Patre,
2889 4543 2943 4596 in
2983 4553 3162 4612 eoque
3187 4543 3483 4603 exsistere.

1905 4651 2143 4706 eumque
2202 4639 2256 4691 in
2308 4638 2493 4708 seipso
2550 4639 2776 4700 habere,
2846 4644 3074 4707 propter
3129 4636 3483 4692 identitatem

1905 4729 2270 4793 substantiae,
2318 4731 2565 4798 nihilque
2602 4729 2804 4784 habere
2847 4745 3077 4799 prorsus
3128 4729 3484 4800 interjectum

1906 4829 2003 4876 aut
2031 4822 2177 4892 quod
2206 4836 2330 4877 eum
2383 4837 2410 4874 a
2451 4820 2616 4878 Patre
2644 4821 2880 4874 naturali
2919 4821 3246 4877 diversitate
3278 4819 3484 4875 distin-

1905 4922 2059 4985 guat.

218 4994 352 5046 θεὸν
377 5015 388 5025 '
433 4996 553 5058 ἔθος
588 4997 646 5050 δὲ
684 4999 882 5067 μᾶλλον
923 4999 984 5051 τὸ
1016 4999 1116 5068 τῆς
1160 4999 1518 5054 θεοπνεύστου
1566 5003 1789 5074 Γριφῆς
1829 5007 2047 5078 ἑκάστῳ
2079 5008 2399 5080 πρεπόντως
2425 5006 2879 5079 ὲπιρῤιπτοῦντες
2913 5005 3108 5078 καιρῷ,
3176 5007 3271 5060 καὶ
3309 5019 3481 5078 προσ-

215 5089 396 5160 ὡπῳ,
426 5093 519 5144 καὶ
587 5090 912 5160 πράγματι,
958 5091 1195 5162 καθαρόν
1241 5111 1300 5145 τε
1351 5094 1445 5145 καὶ
1513 5095 1841 5151 ἀνυπαίτιον
1881 5101 1974 5153 τὸν
2007 5101 2094 5168 ἐφ’
2130 5101 2301 5153 ἆπασι
2341 5103 2451 5164 τοῖς
2499 5101 2820 5168 ἀναγκαίοις
2867 5099 3246 5169 ἐξυφανοῦμεν
3300 5099 3477 5166 λόγον.

215 5187 345 5249 Τοῖς
381 5185 483 5255 μὲν
505 5185 613 5256 γὰρ
640 5185 699 5249 ἐξ
723 5187 824 5239 οὐκ
855 5185 1024 5238 ὄντων
1046 5189 1126 5250 είς
1149 5188 1208 5240 τὸ
1236 5183 1373 5240 εἶναι
1410 5191 1793 5260 παρενεχθείσι
1833 5195 1930 5248 καὶ
1955 5194 2206 5263 γεγονόσι
2235 5194 2322 5247 διὰ
2359 5194 2517 5258 Θεοῦ,
2554 5195 2672 5258 πῶς
2697 5196 2797 5247 οὐκ
2860 5192 2927 5247 ἂν
2974 5194 3211 5263 μάλιστα
3279 5191 3483 5262 πρέποι

216 5278 280 5330 τὸ
310 5276 547 5329 νοεῖσθαί
591 5293 650 5329 τε
723 5278 820 5330 καὶ
865 5276 1119 5345 λέγεσθαι
1172 5279 1303 5350 παρ’
1355 5281 1513 5348 ἡμῶν
1556 5281 1633 5345 ὡς
1685 5284 1825 5336 εἰσὶν
1861 5284 2116 5352 ἑνΘεῷ,
2172 5286 2318 5340 τοῦτ’
2385 5287 2500 5340 ἔστι
2551 5286 2648 5340 διὰ
2681 5287 2826 5341 Θεοῦ
2853 5304 2874 5352 ;
2932 5286 3022 5357 Τῷ
3064 5302 3128 5354 γε
3189 5284 3294 5354 μὴν
3341 5283 3483 5334 κατὰ

217 5371 382 5439 φύσσν
421 5369 536 5441 Υἱῷ
563 5372 658 5424 καὶ
699 5371 885 5441 Κυρίῳ
915 5373 1005 5424 καὶ
1032 5365 1172 5442 Θὲᾠ,
1212 5374 1307 5426 καὶ
1334 5373 1652 5447 δημιουργῷ
1679 5377 1788 5431 τῶν
1825 5378 1965 5433 ὅλων
1989 5422 2003 5443 ,
2045 5384 2146 5436 οὐκ
2175 5381 2242 5435 ειν
2266 5424 2280 5447 ,
2325 5376 2477 5452 οἶμαι
2499 5423 2514 5444 ,
2548 5382 2707 5436 τοῦτο
2774 5383 2978 5455 κυρίως
3011 5398 3072 5434 τε
3109 5380 3203 5433 καὶ
3266 5375 3484 5445 ἀληθῶς

217 5463 550 5532 ἀρμόσειεν,
627 5459 766 5515 εἶναι
818 5462 875 5515 δέ
929 5463 1172 5531 φυσικῶς
1227 5464 1286 5515 ἐν
1338 5465 1542 5536 Πατρὶ,
1590 5468 1686 5520 καὶ
1764 5471 2096 5542 ἐνυπάρχειν
2137 5471 2289 5543 αὐτῷ
2317 5512 2331 5535 ,
2376 5472 2523 5542 ἔχειν
2569 5489 2629 5525 τε
2693 5472 2855 5525 αὑτὸν
2899 5473 2958 5524 ἐν
3031 5467 3253 5538 ἐαυτῷ,
3297 5465 3386 5517 διὰ
3423 5463 3486 5516 τὸ

189 5561 277 5610 -ἐν
334 5555 524 5616 οὐσίας
579 5555 870 5625 ταυτότητι
915 5554 1231 5624 φαίνεσθαι,
1287 5558 1378 5609 καὶ
1431 5557 1596 5629 μηδὲν
1650 5557 1795 5630 ἔχειν
1834 5563 2118 5628 παντελῶς
2143 5564 2204 5617 τὸ
2229 5562 2567 5635 μεσολαὸοὗν
2596 5566 2690 5617 καὶ
2711 5565 2995 5635 διατέμνον
3052 5565 3133 5624 είς
3185 5558 3485 5630 ἑτερότητα

218 5649 479 5718 φυσικήν.

292 5746 402 5797 Καὶ
439 5744 520 5796 ὅτι
552 5742 650 5810 μὲν
691 5744 820 5805 ἴσως
870 5748 979 5808 τοῖς
1010 5746 1429 5820 ιύμαθεστέροις
1455 5788 1470 5816 ,
1501 5749 1575 5814 ὣς
1605 5751 1667 5819 γέ
1701 5769 1790 5822 μοι

1974 5747 2100 5804 llaec
2134 5755 2284 5803 recte
2341 5745 2562 5817 quidem
2591 5761 2622 5801 a
2651 5764 2737 5804 uie
2776 5749 2919 5804 dicta
2969 5763 3090 5804 esse
3136 5745 3394 5813 studiosi,
3429 5757 3485 5802 ut

516 5836 787 5897 annos.
832 5841 944 5900 Gn.
994 5841 1250 5904 LXXIV.
3085 5838 3116 5904 8
