3892 6202
407 235 514 293 255

1434 234 1492 292 S.
1533 234 1806 292 CYRILLI
1838 232 2310 291 ALEXANDRINI
2340 232 2665 291 ARClllEP.

3560 237 3666 290 256

409 369 552 415 reor,
605 352 949 422 putaverint,
1014 367 1360 425 nequaquam
1415 362 1596 408 tamen
1649 354 1984 409 assentietur

2091 353 2365 421 φαίνεται,
2399 353 2579 417 καλῶς
2617 354 2885 425 διείρηται
2913 352 3114 419 δόξειεν
3147 351 3234 416 ἂν,
3273 349 3576 404 συναινέσει
3607 367 3668 416 γε

408 444 782 508 adversarius,
828 445 926 500 sed
978 446 1233 516 repetitis
1268 447 1480 517 iisquae
1522 447 1794 518 principio
1822 446 1987 518 796

407 537 613 600 attulit,
655 537 802 593 dicet
825 539 898 592 ita
934 535 1154 594 Patrem
1203 553 1327 594 esse
1389 539 1444 592 in
1475 537 1632 601 Filio,
1682 540 1850 595 sicuti
1883 554 1984 594 nos

407 627 463 682 in
495 629 638 699 ipso.
691 629 833 696 Quid
864 644 996 700 ergo
1033 632 1140 698 (sic
1170 633 1316 685 enim
1346 642 1397 686 te
1441 632 1534 701 qui
1575 641 1686 685 tam
1720 631 1905 701 putida
1932 638 1987 686 et

400 721 669 793 juvenilia
698 723 869 778 sentis
900 737 965 778 ac
990 723 1130 778 dicis
1155 725 1491 795 compellare
1517 724 1733 795 juvat)?
1756 734 1869 779 tum
1905 725 1987 780 sic

405 829 532 869 esse
550 811 750 868 Filium
774 815 829 868 in
887 813 1050 870 Patre
1078 814 1239 881 dicis,
1290 815 1749 885 quemadmodum
1791 831 1891 871 nos
1930 815 1986 870 in

406 908 572 979 ipso?
599 907 887 963 Praeclare.
920 908 988 962 At
1011 909 1206 977 quidni
1232 907 1439 962 eisdem
1485 923 1585 962 nos
1616 908 1840 978 gloriari
1869 899 1986 964 Scr-

407 1001 685 1064 monibus,
707 999 909 1070 quibus
940 1009 996 1054 et
1035 1000 1155 1069 ipse
1184 997 1464 1061 Christus,
1513 1009 1725 1053 natura:
1785 1008 1987 1052 nostrae

405 1095 548 1147 ratio
588 1091 834 1163 patitur?
861 1092 988 1160 lpse
1012 1091 1160 1145 enim
1204 1092 1335 1160 quia
1369 1099 1455 1145 est
1483 1091 1536 1144 in
1564 1090 1744 1153 Patre,
1787 1100 1841 1146 et
1891 1090 1988 1144 ba-

405 1183 497 1240 bet
527 1184 582 1238 in
615 1185 798 1254 seipso
829 1182 1077 1248 Patrem,
1130 1185 1338 1254 quippe
1389 1184 1484 1252 qui
1527 1183 1650 1252 ejus
1701 1183 1889 1254 imago
1933 1191 1988 1237 et

405 1278 696 1331 character
721 1276 793 1331 sit
825 1292 918 1346 per
951 1276 1138 1330 omnia
1163 1277 1372 1330 idcirco
1397 1276 1634 1331 similis:
1671 1294 1688 1326 ι
1713 1275 1817 1341 Qui
1848 1275 1988 1329 vidit

405 1383 513 1430 me,
550 1367 753 1436 inquit.
781 1366 914 1422 vidit
943 1377 996 1420 et
1044 1366 1284 1422 Patrem.
1337 1367 1451 1438 Ego
1510 1376 1566 1422 et
1615 1367 1777 1421 Pater
1815 1382 1984 1420 unum

405 1473 618 1512 smnus.
665 1477 682 1509 ι
713 1455 822 1512 Nos
846 1467 1051 1522 autem,
1090 1458 1286 1512 amabo
1306 1470 1380 1520 te,
1415 1459 1464 1513 si
1493 1458 1575 1512 sic
1609 1449 1804 1512 sumus
1841 1457 1896 1511 in
1921 1471 1988 1511 eo

403 1558 459 1604 et
488 1551 608 1621 ipse
656 1550 708 1603 in
765 1551 931 1605 nobis
959 1558 1065 1613 est,
1103 1557 1164 1605 ut
1202 1551 1320 1621 ipse
1344 1551 1603 1605 nimirum
1647 1552 1701 1605 in
1736 1551 1896 1605 Patre
1931 1560 1988 1604 et

403 1643 566 1700 Pater
597 1647 650 1699 in
686 1647 830 1715 ipso,
879 1644 1071 1714 quidni
1107 1653 1290 1700 erecta
1323 1645 1537 1700 cervice
1575 1659 1640 1700 ac
1674 1646 1850 1711 vultu,
1889 1659 1988 1714 pa-

2093 445 2200 516 μὴν
2225 447 2254 498 6
2284 445 2352 499 δι’
2385 446 2636 510 ἐναντίας
2671 447 2956 517 οὐδαμῶς·
2990 448 3109 518 ἐρεῖ
3137 445 3195 499 δὲ
3227 445 3294 516 δὴ
3331 443 3494 498 πάλιν
3516 485 3530 508 ,
3579 446 3668 497 τὸν

2089 539 2148 592 tv
2182 539 2379 608 ἀρχαῖς
2405 539 2895 611 εἰσκεκομισμένον
2935 537 3370 610 άναμασὼμενος
3395 537 3553 604 λόγον
3583 537 3664 589 δτι

2087 631 2262 696 οὕτως
2291 633 2438 687 ἐστὶν
2477 634 2506 684 6
2535 632 2726 703 Πατὴρ
2768 633 2826 684 tv
2877 630 2955 700 τῷ
3003 629 3150 700 Υἱῷ,
3201 629 3392 697 ῶσπερ
3423 629 3582 700 ἡμεῖς
3613 628 3668 679 tv

2087 724 2256 795 αὐτῷ.
2286 724 2350 777 Τί
2379 719 2472 778 οὗν
2503 725 2644 793 ipa;
2676 725 2974 793 (φήσαιμεν
2997 721 3064 775 ἂν
3085 723 3184 774 οὑκ
3215 721 3489 782 ἀσυνέτως
3517 719 3670 788 ἐλέγ-

2088 832 2299 886 χοντες,
2341 814 2520 887 σαθρά
2550 832 2607 868 τε
2651 816 2747 869 καὶ
2779 814 3115 888 μειρακιώδη
3151 812 3454 883 φρονοῦντα
3485 829 3546 865 τε
3574 813 3672 866 καὶ

2088 907 2340 978 λέγοντα)
2369 907 2543 969 οὓτως
2570 902 2710 960 εἶναι
2739 909 2843 978 φὴς
2887 906 2979 960 τὸν
3013 907 3140 959 Υιὸν
3173 907 3230 958 ἐν
3270 906 3465 976 Πατρὶ,
3497 903 3671 957 καθά·

2089 1017 2196 1070 περ
2225 1001 2376 1071 ἡμᾶς
2400 1001 2458 1052 ὲν
2484 1000 2633 1070 αὑτῴ
2658 1019 2672 1066 ;
2717 1000 2933 1062 Καλῶς.
2967 995 3101 1053 Εἶτα
3131 998 3181 1053 τί
3215 999 3303 1069 δὴ,
3348 999 3485 1068 πρὸς
3508 996 3672 1049 τοῦτο

2089 1090 2470 1162 ἑροῦμεν,-μὴ
2503 1093 2614 1154 τοῖς
2650 1091 2784 1156 ἴσοις
2815 1093 2961 1162 ἡμᾶς
2991 1089 3451 1160 ὲπισεμνύνεσθαι
3488 1087 3671 1155 λόγοις

2086 1184 2148 1236 τὸ
2179 1185 2278 1254 τῆς
2310 1184 2586 1255 ἡμετέρας
2632 1185 2847 1254 φύσεως
2877 1185 3064 1256 ἐφίησι
3113 1183 3347 1254 μέτρον,
3379 1177 3574 1252 οἷσπερ
3603 1182 3672 1234 ἂν

2087 1277 2263 1348 ὁρῷτο
2294 1279 2389 1331 καὶ
2419 1278 2580 1341 αὐτὸς
2615 1279 2643 1332 ό
2669 1278 2940 1348 Χριστός;
2971 1276 3143 1340 Αὐτὸς
3171 1276 3271 1346 μὲν
3292 1275 3401 1345 γὰρ
3435 1274 3670 1343 ἐπείπερ

2089 1371 2238 1423 ἐστὶν
2273 1372 2329 1422 tv
2359 1369 2567 1441 Πατρὶ,
2603 1370 2717 1440 ἔχει
2749 1370 2805 1423 δὲ
2847 1370 2904 1421 tv
2952 1368 3128 1439 ἑαυτῷ
3159 1367 3251 1420 τὸν
3283 1366 3502 1437 Πατέρα
3523 1407 3538 1427 ,
3573 1365 3671 1419 an

2087 1463 2150 1535 δὴ
2177 1462 2270 1516 καὶ
2301 1461 2464 1515 εἰκὼν
2489 1461 2653 1516 αὐτοῦ
2694 1457 3105 1534 καὶχαρακτὴρ
3137 1460 3557 1531 ἀπαράλλακτος
3579 1458 3672 1511 διὰ

2087 1553 2246 1606 τοῦτο
2278 1553 2539 1624 ὑπάρχων
2565 1568 2577 1581 ·
2615 1572 2634 1604 ι
2680 1552 2740 1606 '0
2775 1551 3038 1623 ἑωρακὼς
3069 1551 3191 1622 ἐμὲ,
3235 1551 3424 1619 φησὶν,
3457 1547 3670 1619 ἑώρακε

2086 1646 2178 1698 τὸν
2218 1645 2436 1716 Πατέρα
2469 1661 2481 1677 ο
2521 1642 2630 1712 ἐγὼ
2671 1645 2766 1698 καὶ
2793 1647 2821 1699 ὁ
2875 1645 3059 1716 Πατὴρ
3087 1643 3146 1696 ’έν
3179 1645 3369 1713 ἐσμεν.
3407 1659 3426 1693 ι
3479 1641 3670 1710 Ἡμεῖς

403 1739 511 1794 lam
535 1754 600 1793 ac
625 1755 818 1794 secure
847 1739 1085 1793 dicimus
1110 1755 1123 1788 :
1149 1737 1264 1808 Ego
1299 1738 1352 1791 in
1379 1735 1624 1800 Christo,
1652 1748 1706 1792 et
1734 1731 1984 1793 Chrisr'us

2088 1737 2180 1803 δὲ,
2207 1738 2329 1790 εἰπέ
2365 1755 2495 1808 μοι,
2539 1738 2586 1790 ει
2623 1737 2795 1800 οὕτως
2838 1737 3006 1807 ὲσμὲν
3043 1739 3100 1789 ὲν
3139 1735 3288 1807 αὑτῷ
3313 1777 3326 1800 ,
3374 1734 3569 1805 ἔχομέν
3609 1749 3670 1786 τε

405 1832 461 1885 in
492 1846 576 1885 me
602 1830 724 1885 est?
755 1829 857 1896 Qui
895 1827 1032 1882 vidit
1063 1843 1169 1892 me,
1203 1828 1343 1882 vidit
1370 1836 1422 1882 et
1451 1827 1759 1884 Christum.
1798 1827 1911 1891 Ego
1933 1838 1989 1882 et

402 1923 656 1977 Christus
681 1936 847 1974 unum
897 1935 1110 1975 smnus.
1147 1916 1288 1985 Quid
1323 1934 1490 1988 porro
1527 1919 1655 1973 hinc
1685 1919 1990 1989 sequetur?

401 2012 596 2081 Nemo,
631 2022 690 2067 ut
719 2013 937 2082 opinor,
974 2013 1212 2081 idipsum
1253 2011 1322 2065 de
1353 2020 1505 2080 patre
1557 2011 1742 2065 dicere
1778 2011 1990 2066 verebi-

403 2117 515 2171 tur,
556 2124 574 2158 ι
617 2104 729 2177 Ego
759 2113 815 2160 et
845 2115 1002 2177 pater
1038 2120 1205 2158 unum
1239 2120 1450 2158 sumus.
1487 2124 1505 2156 ›
1553 2103 1686 2158 Nam
1731 2103 1776 2160 si
1817 2119 1986 2158 unum

402 2212 487 2256 est
520 2209 674 2272 pater
697 2215 822 2254 cum
855 2198 989 2262 tilio,
1026 2196 1306 2268 quomodo
1338 2212 1445 2250 non
1483 2197 1711 2263 aequalis
1741 2196 1850 2252 erit
1882 2195 1986 2266 ipsi

406 2294 574 2360 Patri,
627 2308 751 2348 cum
801 2307 897 2362 per
946 2293 1128 2344 omnia
1184 2288 1386 2344 similis
1413 2289 1594 2358 imago
1634 2288 1707 2343 sit
1739 2288 1887 2341 nulla
1919 2303 1984 2341 ex

402 2395 553 2458 parte
577 2385 878 2442 evariantis
942 2382 1221 2452 imaginis,
1261 2380 1314 2434 id
1343 2386 1427 2435 est
1452 2379 1616 2434 Filii?
1678 2379 1816 2446 Quis
1851 2393 1984 2450 ergo

401 2494 467 2531 eo
499 2475 771 2531 vecordia:
816 2475 1033 2527 labetur
1097 2485 1362 2541 unquam,
1410 2481 1469 2525 ut
1516 2471 1700 2526 dicere
1740 2471 1984 2525 audeat:

402 2567 504 2636 Qui
535 2568 736 2622 viderit
775 2581 858 2621 me
881 2607 893 2629 ,
927 2565 1127 2621 viderit
1159 2573 1215 2621 et
1246 2564 1566 2620 Christum?
1605 2565 1716 2634 Ego
1745 2571 1798 2618 et
1824 2564 1987 2618 Chri-

403 2671 524 2717 stus
554 2674 724 2714 unum
753 2657 986 2714 smnus?
1015 2655 1152 2711 Nam
1181 2657 1227 2711 si
1251 2672 1347 2726 per
1376 2655 1754 2710 habitudinem
1782 2671 1846 2710 ac
1874 2672 1984 2710 non

402 2767 501 2823 per
528 2761 780 2805 naturam
834 2747 1034 2802 Filium
1063 2763 1188 2803 esse
1219 2749 1273 2802 in
1323 2747 1485 2802 Patre
1521 2747 1809 2813 concedis,
1845 2759 1898 2803 et
1929 2750 1985 2803 in

401 2843 586 2911 scipso
605 2841 809 2894 habere
828 2837 1067 2902 Patrem,
1096 2838 1376 2909 similique
1415 2837 1576 2893 modo
1600 2853 1704 2894 nos
1731 2839 1787 2894 in
1825 2839 1986 2895 Chri-

401 2940 512 2994 sto,
565 2938 620 2984 et
668 2928 924 2984 Christus
987 2927 1040 2980 in
1087 2928 1250 2980 nobis
1310 2935 1440 2982 est:
1479 2927 1712 2998 primum
1761 2930 1983 2999 quidem

413 3021 604 3077 eodem
635 3035 747 3091 quo
784 3035 886 3074 nos
937 3018 1138 3074 ordine
1184 3016 1358 3074 Filius
1397 3021 1750 3085 censebitur;
1787 3021 1986 3076 deinde

403 3114 540 3168 nihil
571 3111 778 3168 vetabit
812 3110 1111 3181 quominus
1147 3109 1312 3164 etiam
1347 3111 1527 3180 ipsum
1555 3150 1570 3174 ,
1623 3111 1668 3165 si
1705 3111 1940 3168 velimus
1965 3155 1980 3180 ,

400 3212 778 3275 praetergressn
820 3201 1056 3268 Filium,
1104 3211 1165 3256 ut
1213 3203 1307 3272 qui
1370 3203 1698 3272 interjectus
1745 3203 1851 3268 sit,
1913 3204 1983 3260 ad

402 3300 579 3369 ipsum
609 3296 822 3350 Patrem
853 3303 1002 3349 recta
1027 3293 1438 3364 quodammodo
1465 3293 1778 3362 tendamus,
1822 3297 1984 3366 eique

401 3405 505 3445 nos
533 3397 640 3443 tam
691 3387 932 3459 perfecte
969 3397 1022 3442 et
1078 3397 1273 3442 exacte
1305 3389 1644 3443 assimilatos
1671 3405 1796 3445 esse
1831 3390 1984 3445 dica-

401 3496 546 3545 mus,
582 3489 642 3533 ut
666 3479 800 3534 nihil
826 3479 968 3534 inter
999 3494 1101 3534 nos
1139 3490 1190 3533 et
1220 3479 1374 3533 illum
1398 3489 1658 3550 appareat
1704 3481 1984 3536 discrimi-

401 3575 508 3629 nis.
539 3574 719 3630 Unum
749 3574 957 3644 quippe
985 3588 1109 3628 esse
1142 3571 1402 3642 quiddam
1445 3589 1569 3627 cum
1607 3575 1816 3645 aliquo,
1842 3575 1986 3630 hanc

401 3669 510 3720 vim
539 3674 594 3722 et
620 3666 1081 3737 significationem
1125 3665 1309 3720 habet.
1342 3663 1620 3736 Numquid
1655 3683 1786 3739 ergo
1829 3668 1984 3724 vide-

397 3763 472 3814 tis
506 3765 767 3830 quantam
831 3758 884 3812 in
938 3757 1228 3812 stultitiam
1293 3765 1350 3812 et
1410 3758 1744 3828 impietatem
1790 3775 1982 3815 eorum

397 3858 617 3905 mentes
651 3847 973 3911 ceciderint,
1006 3855 1059 3902 et
1093 3856 1302 3917 quanta
1333 3861 1392 3903 se
1429 3849 1585 3902 nobis
1616 3849 1982 3904 absurd-arum

402 3925 681 3996 rationum
731 3939 891 3994 turba
920 3937 1544 4008 ingesserit?Quaenam
1595 3938 1762 4010 igitur
1814 3955 1981 3995 causa

401 4033 475 4089 sit
509 4050 607 4088 cur
641 4033 755 4085 haec
783 4031 966 4084 dicant
1018 4037 1188 4099 atque
1225 4028 1588 4094 contendant,
1624 4040 1846 4100 tamque
1887 4031 1987 4084 fri-

400 4125 542 4178 volis
571 4122 918 4177 sermonibus
949 4121 1231 4183 innatent,
1269 4137 1540 4192 exponam
1575 4138 1792 4176 rursus.

2089 1832 2253 1884 αὐτὸν
2283 1834 2339 1884 tv
2377 1833 2623 1894 ἑαυτοῖς,
2673 1830 2863 1902 ῶσπερ
2907 1827 3000 1884 οὗν
3044 1831 3240 1900 ἀμέλει
3275 1829 3370 1882 καὶ
3399 1829 3563 1890 αὐτὸς
3612 1828 3671 1878 tv

2090 1924 2268 1996 Πατρὶ
2301 1925 2395 1976 καὶ
2434 1922 2462 1974 6
2489 1923 2681 1994 Πατὴρ
2717 1924 2776 1976 tv
2807 1922 2977 1992 αὐτῷ,
3007 1921 3148 1974 διατι
3183 1922 3257 1992 μὴ
3287 1921 3496 1992 μακρὸν
3534 1923 3670 1974 ἁνα-

2089 2017 2358 2080 τείνοντες
2391 2015 2482 2070 τδν
2511 2015 2718 2086 αὐχένα
2747 2016 2842 2069 καὶ
2872 2014 3075 2085 ὑψηλὸν
3105 2015 3219 2076 τοῖς
3258 2012 3536 2066 ὑπαντῶσι
3561 2012 3671 2065 δει-

2089 2111 2312 2174 κνύντες
2382 2109 2444 2162 τὸ
2505 2107 2834 2178 πρόσωπον,
2899 2104 3040 2177 μετὰ
3088 2104 3404 2176 παρρησίας
3455 2102 3665 2172 φαμένο

2100 2203 2242 2272 Ἐγὼ
2270 2206 2328 2255 tv
2360 2201 2437 2272 τῷ
2467 2199 2712 2272 Χριστῷ,
2750 2198 2845 2252 καὶ
2869 2200 2897 2251 6
2931 2197 3166 2269 Χριστὸς
3196 2199 3254 2249 tv
3289 2195 3441 2267 ὲμοί·
3479 2196 3536 2246 '0
3569 2195 3670 2246 ἑω-

2090 2295 2274 2368 ρακὼς
2307 2293 2407 2364 ἐμὲ
2432 2332 2446 2356 ,
2491 2291 2701 2364 ἑώρακε
2743 2290 2836 2344 τὸν
2883 2289 3138 2361 Χριστόν’
3181 2287 3323 2356 Ἐγὼ
3353 2288 3447 2341 καὶ
3477 2288 3503 2339 6
3536 2288 3671 2358 Χρι-

2089 2387 2211 2450 στὸς
2241 2385 2300 2438 tv
2329 2388 2534 2454 ὲσμεν;
2561 2379 2696 2437 Εἶτα
2723 2383 2776 2435 τί
2801 2382 2862 2435 τὸ
2897 2380 3185 2447 ὲντεῦθεν;
3227 2381 3341 2434 Οὐκ
3371 2379 3460 2442 ἂν,
3491 2375 3669 2447 οἶμαι,

2086 2477 2169 2541 τ¹ις
2201 2475 2569 2530 καταδείσειεν
2593 2472 2790 2544 ὀρθῶς,
2815 2472 2925 2526 οὐδ’
2957 2473 3022 2526 ἂν
3052 2475 3386 2542 κατοκνῆσαι
3429 2471 3666 2542 πρεπόνο

2085 2584 2194 2629 τως
2240 2564 2398 2618 τόῦτο
2451 2564 2586 2617 αὐτὸ
2633 2564 2798 2632 φάναι
2847 2563 3128 2633 τολμήσας
3172 2564 3266 2614 καὶ
3315 2562 3442 2632 περὶ
3499 2559 3669 2614 αὐτοῦ

2087 2655 2272 2707 λοιπὸν
2313 2656 2490 2707 εἰπεῖν
2528 2653 2620 2706 τοῦ
2652 2653 2866 2724 Πατρός
2890 2668 2902 2680 ⁸
2946 2671 2964 2704 ι
3007 2651 3148 2722 Ἐγὼ
3195 2653 3287 2706 καὶ
3317 2653 3344 2704 6
3374 2652 3563 2721 Πατὴρ
3610 2652 3670 2704 tv

2087 2749 2274 2818 ἐσμεν.
2313 2765 2331 2798 ι
2366 2745 2430 2800 Εἰ
2466 2746 2576 2817 γὰρ
2611 2746 2669 2798 tv
2723 2747 2872 2798 ἐστιν
2901 2745 2929 2796 6
2961 2745 3151 2816 Πατὴρ
3203 2745 3340 2815 πρὸς
3379 2745 3473 2797 τὸν
3515 2743 3668 2808 Υίδν,

2087 2839 2205 2902 πῶς
2240 2839 2340 2892 οὐκ
2366 2837 2516 2909 αὐτῷ
2542 2838 2730 2891 λοιπὸν
2761 2839 3102 2908 ίσομοιρήσει
3148 2836 3227 2908 τῷ
3257 2837 3455 2907 Πατρὶ,
3504 2835 3672 2888 εἰκὼν

2087 2932 2504 3005 ἀπαράλλακτος
2536 2931 2959 3002 άπαραλλάκτου
2999 2931 3238 3000 γεγονὼς
3265 2929 3492 2997 εἰκόνος,
3521 2929 3671 2982 τοῦτ’

2088 3028 2204 3082 ἔστι
2233 3027 2329 3081 τοῦ
2353 3027 2485 3079 Υἱοῦ
2513 3043 2526 3093 ;
2557 3027 2653 3090 Τίς
2682 3023 2776 3080 οὖν
2805 3027 2914 3098 ἄρα
2946 3025 3082 3098 πρὸς
3111 3024 3269 3078 τοῦτο
3302 3025 3493 3095 μανίας
3531 3041 3670 3076 κατ-

2087 3119 2370 3192 οιχήσεταί
2411 3137 2541 3173 ποτε
2567 3159 2581 3181 ,
2613 3119 2690 3182 ὼς
2731 3118 2999 3189 τολμῆσαι
3033 3119 3214 3186 λέγειν
3239 3135 3251 3148 ·
3302 3117 3358 3170 Ὀ
3407 3116 3674 3186 ἑωρακὼς

2091 3214 2212 3284 ἐμὲ,
2257 3211 2473 3283 ἑώρακε
2517 3211 2607 3264 τὸν
2660 3212 2931 3282 Χριστόν·
2991 3209 3134 3280 Ἐγὼ
3161 3210 3256 3263 καὶ
3285 3213 3312 3263 ό
3339 3210 3570 3280 Χριστὸς
3611 3210 3674 3262 tv

2091 3305 2294 3376 ὲσμεν;
2321 3305 2382 3358 Εἰ
2409 3306 2520 3376 γὰρ
2555 3305 2820 3375 σχετικῶς
2851 3305 2944 3357 καὶ
2972 3305 3032 3358 οὺ
3076 3305 3219 3358 κατὰ
3267 3303 3432 3374 φύσιν
3467 3303 3672 3357 ἀπονέ-

2094 3415 2216 3469 μεις
2239 3397 2318 3468 τῷ
2346 3397 2462 3468 Υἱῷ
2488 3397 2548 3450 τὸ
2568 3393 2710 3450 εἶναι
2736 3399 2793 3449 tv
2825 3397 2902 3467 τῷ
2927 3399 3122 3468 Πατρὶ,
3153 3397 3294 3468 ἔχειν
3322 3414 3384 3450 τε
3408 3399 3465 3450 ὲν
3489 3396 3673 3466 ἑαυτῷ

2089 3485 2183 3538 τὸν
2221 3486 2470 3556 Πατέρα,
2510 3485 2652 3538 οὓτω
2688 3486 2783 3539 καὶ
2822 3488 2981 3556 ἡμεῖς
3013 3489 3070 3538 tv
3096 3486 3354 3558 Χριστῷ,
3394 3488 3487 3540 καὶ
3532 3488 3674 3555 Χρι-

2093 3576 2216 3639 στὸς
2249 3578 2306 3629 tv
2351 3577 2482 3647 ἡμῖν
2503 3592 2514 3603 '
2547 3593 2761 3648 πρῶτον
2795 3577 2892 3646 μὲν
2923 3581 2981 3632 tv
3016 3576 3167 3642 τάξει
3195 3581 3258 3648 τῇ
3291 3577 3413 3630 καθ’
3456 3579 3600 3646 ἡμᾶς
3643 3580 3674 3630 ὁ

2091 3667 2240 3730 Υἱὸς,
2277 3661 2394 3722 εἶτα
2422 3668 2483 3720 1:6
2505 3668 2712 3722 κωλῦον
2740 3670 2893 3723 οὐδὲν
2918 3670 3335 3741 παρελάσαντας
3363 3671 3456 3722 καὶ
3479 3670 3673 3735 αὑτὸν,

2091 3761 2140 3812 εί
2176 3758 2498 3829 βουλοίμεθα
2525 3801 2539 3824 ,
2585 3759 2677 3812 τὸν
2712 3761 2840 3813 Υἱὸν
2864 3799 2878 3823 ,
2921 3760 2997 3824 ὼς
3045 3761 3132 3814 διὰ
3187 3762 3357 3830 μέσου
3392 3760 3673 3830 κείμενον,

2088 3852 2175 3903 ἐπ’
2204 3850 2365 3904 αὐτὸν
2387 3849 2576 3921 ὥσπερ
2605 3851 2957 3923 εὐθυδρομεῖν
2991 3852 3082 3904 τὸν
3107 3851 3349 3923 Πατέρα,
3381 3851 3476 3903 καὶ¹
3515 3850 3676 3920 αὐτῷ

2091 3942 2550 4014 προσωμοιῶσθαι
2594 3943 2774 4012 λέγειν
2816 3946 2966 4014 ἡμᾶς
3018 3942 3192 4006 οὕτως
3253 3943 3537 4013 ἀκριϐῶς,
3589 3943 3675 4006 ὡς

2089 4033 2259 4104 μηδὲν
2292 4033 2524 4105 ὁρᾶσθαι
2553 4035 2614 4087 τὸ
2641 4035 2977 4088 διαλλάττον.
3009 4036 3082 4087 Τὸ
3125 4035 3234 4106 γὰρ
3270 4035 3328 4086 ἓν
3357 4031 3497 4087 εἶναι
3528 4034 3674 4102 πρός

2086 4143 2137 4178 τι
2168 4125 2458 4194 λέγεσθαι,
2501 4127 2760 4198 τοιαύτην
2799 4127 2866 4181 ἂν
2915 4127 3028 4197 ἔχοι
3081 4127 3178 4196 τὴν
3231 4126 3486 4197 δύναμιν.
3537 4122 3670 4196 'Ap‘

400 4215 493 4272 οὖν
513 4217 614 4288 οὐχ
644 4217 809 4285 ὁρᾶτε
839 4217 918 4275 εἰς
967 4215 1101 4287 ὅσην
1151 4216 1333 4278 αὐτοῖς
1381 4214 1675 4268 ἁσυνεσίαν
1734 4233 1792 4269 τε
1839 4218 1977 4288 ὁμοῦ
2018 4221 2113 4273 καὶ
2161 4220 2417 4274 ἀσέϐειαν
2459 4219 2763 4274 κατὼλισθε
2811 4219 2880 4272 τὰ
2922 4221 3282 4290 φρονήματα,
3355 4221 3452 4272 καὶ
3525 4219 3676 4272 ὅσων

399 4315 533 4384 ἡμῖν
581 4309 857 4382 λογισμῶν
897 4309 1118 4364 ἀτόπων
1163 4311 1534 4382 εἰσπεπήδηκε
1567 4310 1829 4382 θόρυϐοςς
1883 4313 1980 4377 Τίς
2019 4298 2184 4386 οὖνἹ)
2215 4316 2491 4386 πρόφασις
2543 4317 2638 4369 τοῦ
2677 4315 2853 4370 ταῦτα
2883 4315 3066 4384 λέγειν
3105 4316 3198 4368 καὶ
3278 4296 3671 4381 διατείνεσθαι,

397 4405 636 4467 καὶτοῖς
681 4402 854 4465 οὕτως
898 4401 1085 4465 ἑώλοις
1126 4403 1481 4474 ἐπινήχεσθαι
1532 4402 1712 4472 λόγοις
1761 4405 1978 4470 αὐτοὺς,
2017 4408 2127 4478 ἐρῶ
2160 4409 2223 4480 δὴ
2255 4409 2436 4463 πάλιν.

473 4495 629 4551 Unus
655 4499 735 4550 eis
765 4509 968 4565 scopus
1021 4495 1336 4564 propositus
1369 4503 1477 4558 est,
1519 4493 1718 4550 Filium
1751 4511 1779 4550 a
1803 4495 1984 4552 Patris

2163 4500 2373 4564 Σκοπὸς
2421 4494 2501 4563 εἷς
2555 4499 2779 4562 αὐτοῖς,
2831 4497 3110 4568 ἀλλότριόν
3163 4514 3222 4550 τε
3279 4501 3373 4552 καὶ
3433 4499 3675 4567 ἔκφυλον

402 4590 714 4646 substantia
757 4603 984 4657 prorsus
1037 4587 1354 4644 excludere.
1401 4587 1526 4642 Haec
1567 4592 1713 4644 enim
1755 4605 1785 4643 a
1822 4589 1984 4644 nobis

401 4697 531 4736 vere
567 4681 697 4742 dici,
724 4695 788 4734 ex
813 4679 1173 4750 sequentibus
1201 4688 1254 4734 et
1286 4681 1354 4736 iis
1408 4697 1530 4750 qua:
1557 4681 1836 4751 prioribus
1863 4681 1985 4750 ejus

403 4772 564 4845 797
623 4771 980 4841 blasphemiis
1043 4774 1342 4840 subjuncta
1412 4781 1541 4828 sunt
1597 4788 1980 4844 agnoscemus.

403 4867 603 4921 Subdit
630 4866 777 4919 enim
809 4885 821 4920 :
857 4863 1057 4922 Verum
1089 4864 1553 4936 quemadmodum
1586 4882 1688 4920 nos
1709 4905 1725 4932 ,
1764 4866 1983 4936 inquit,

395 4961 494 5030 qui
526 4974 720 5013 sumus
753 4959 806 5011 in
841 4959 994 5028 ipso,
1042 4959 1444 5029 impermistam
1497 4967 1679 5012 tamen
1737 4973 1864 5012 cum
1918 4974 1985 5013 eo

402 5053 670 5107 habemus
724 5052 1110 5122 hypostasim:
1158 5052 1232 5105 ita
1283 5061 1334 5106 et
1387 5050 1598 5114 Filius,
1632 5066 1755 5104 cum
1805 5051 1876 5104 sit
1925 5050 1980 5104 in

401 5143 597 5206 Patre,
646 5143 966 5199 distinctam
1011 5153 1196 5198 tamen
1249 5143 1415 5197 habet
1469 5143 1539 5195 ab
1591 5141 1836 5210 ingenito
1872 5140 1982 5196 Deo

381 5235 794 5291 substantiam.
856 5233 999 5300 Quid
1060 5234 1179 5298 ais,
1244 5233 1516 5289 demens?
1575 5243 1815 5302 apertam
1878 5232 1983 5288 hoc

381 5325 566 5380 modo
599 5325 777 5380 fecisti
811 5336 960 5380 tuam
1002 5327 1064 5380 ‘in
1108 5325 1309 5382 Filium
1356 5325 1774 5395 blasphemiam.
1808 5324 1981 5379 Num-

403 5415 533 5484 quid
567 5431 699 5486 ergo
728 5417 910 5485 quivis
944 5417 1207 5471 fatebitur
1235 5432 1336 5471 nos
1375 5433 1483 5470 non
1531 5416 1738 5470 frustra
1779 5433 1980 5472 vanum

402 5521 468 5558 ac
520 5504 674 5560 futile
725 5507 983 5562 cavillum
1035 5508 1090 5561 in
1147 5508 1533 5564 haereticorum
1582 5516 1749 5578 caput
1807 5519 1982 5563 retor-

403 5599 615 5666 quere?
649 5597 793 5652 Ecce
834 5599 981 5652 enim
1022 5610 1168 5670 patet
1199 5617 1294 5655 eos
1329 5601 1460 5654 nihil
1519 5600 1640 5670 plus
1690 5599 1830 5655 Filio
1880 5603 1980 5655 tri-

407 5687 574 5744 bucre
617 5702 781 5759 quam
835 5695 1070 5749 terrenis
1121 5693 1470 5756 hominibus,
1515 5702 1566 5748 ct
1603 5693 1877 5749 creaturis
1909 5694 1976 5748 ab

2091 4592 2370 4656 παντελῶς
2391 4593 2488 4663 τῆς
2519 4591 2614 4645 τοῦ
2639 4589 2852 4662 Πατρὸς
2882 4590 3070 4653 οὐσίας
3098 4591 3374 4661 ἀποφῆναι
3399 4592 3489 4644 τὸν
3518 4593 3670 4645 Υῐόν.

2093 4687 2215 4738 ’Ότι
2251 4684 2360 4756 γὰρ
2403 4683 2762 4753 ἀληθεύοντες
2806 4681 2876 4735 τά
2911 4682 3139 4736 τοιαῦτά
3173 4700 3354 4752 φαμεν
3378 4726 3392 4747 ,
3438 4685 3503 4738 ὲκ
3557 4684 3676 4736 τῶν

2087 4777 2286 4848 ἐφεξῆς
2340 4777 2432 4829 καὶ
2473 4775 2934 4847 παρεζευγμένων
2986 4777 3108 4838 ταῖς
3155 4776 3448 4846 προτέραις
3498 4776 3672 4828 αὐτοῦ

2087 4868 2424 4939 δυσφημίαις
2474 4867 2753 4938 εἰσόμεθα.
2809 4868 3036 4936 Ἐπάγει
3084 4867 3191 4938 γὰρ
3248 4868 3453 4932 οὕτως·
3526 4870 3671 4923 Ἀλλ’

2089 4961 2280 5031 ῶσπερ
2306 4963 2498 5030 ἡμεῖς,
2533 4960 2698 5030 φησὶν
2721 5001 2733 5022 ,
2781 4961 2842 5011 έν
2873 4959 3025 5030 αὑτῷ
3071 4959 3223 5024 ὄντες
3245 5004 3258 5026 ,
3300 4962 3475 5032 ἀμιγῆ
3529 4961 3673 5031 πρὸς

2090 5053 2253 5107 αὐτὸν
2284 5053 2481 5124 ἔχομεν
2516 5051 2612 5123 τὴν
2642 5051 2940 5104 ὑπόστασιν
2965 5067 2976 5080 ·
3014 5052 3104 5105 τὸν
3137 5053 3301 5106 αὑτὸν
3333 5055 3535 5124 τρόπον
3572 5059 3675 5108 καὶ

2090 5147 2118 5198 6
2162 5145 2308 5208 Υἱὸς,
2339 5146 2398 5198 tv
2446 5143 2525 5212 τῷ
2570 5143 2747 5214 Πατρὶ
2773 5144 3080 5213 τυγχάνων,
3116 5144 3542 5216 διακεκριμένη-δ
3569 5147 3670 5200 τοῦ

2089 5235 2385 5304 ἁγεννήτου
2412 5232 2548 5285 Θεοῦ
2572 5233 2685 5304 ἔχει
2708 5233 2804 5302 τὴν
2827 5234 3034 5287 οὐσίαν.
3063 5233 3124 5286 Τί
3151 5234 3276 5305 φὴς,
3299 5237 3672 5307 ἐμϐρόντητε;

2087 5327 2301 5400 γυμνὴν
2339 5326 2482 5380 οὕτω
2518 5327 2616 5397 τὴν
2640 5327 2717 5388 εἰς
2742 5326 2832 5379 τὸν
2856 5326 2982 5380 Υἱὸν
3007 5328 3302 5398 πεποίησαι
3329 5329 3669 5400 δυσφημίαν.

2089 5415 2216 5488 'Ap‘
2244 5413 2339 5470 οὖν
2371 5417 2446 5487 μὴ
2476 5416 2725 5469 διάκενον
2751 5417 2870 5486 ἐρεῖ
2889 5433 2974 5480 τις
2999 5419 3366 5484 συκοφαντίαν
3407 5423 3672 5489 καταχεῖν

2090 5512 2239 5581 ἡμᾶς
2267 5508 2582 5576 ἐπείγεσθαι
2616 5512 2716 5578 τῆς
2745 5508 2854 5560 τῶν
2883 5508 3170 5580 θεομάχων
3211 5511 3449 5580 κεφαλῆς
3479 5529 3492 5576 ;
3534 5511 3666 5566 Ἰδοὶ·

2089 5603 2198 5668 γάρ
2229 5599 2435 5667 σαφῶς,
2465 5598 2616 5650 οὐδὲν
2649 5598 2782 5661 ὅλως
2813 5599 2872 5650 τὸ
2908 5599 3088 5652 πλεῖον
3116 5601 3485 5670 ἀπονέμουσιν
3515 5605 3670 5672 αἰ·τῷ

2087 5694 2192 5746 τῶν
2226 5694 2333 5746 άπό
2363 5692 2463 5762 γῆς
2489 5691 2809 5759 γεγονότων,
2846 5693 2938 5745 καὶ
2960 5692 3028 5746 δι’
3064 5693 3230 5748 αὐτοῦ
3265 5695 3399 5767 πρὸς
3434 5695 3494 5749 τὸ
3528 5693 3673 5751 εἶναι
