3892 6202
198 286 301 346 937

1256 283 1324 338 IN
1361 282 1646 339 JOANNIS
1684 264 2141 336 EVANGELIUM
2181 263 2314 330 Lis.
2340 266 2435 331 ιχ.

3357 262 3463 325 9.58

201 394 716 474 παρενηνεγμένων.
784 402 925 471 Ἐγὼ
978 394 1055 467 δὲ,
1087 401 1265 456 καίτοι
1317 401 1436 456 λίαν
1490 400 1781 471 ἀφορήτως

1897 407 1949 447 ao
1984 392 2051 447 ad
2089 408 2214 448 esse
2249 389 2556 463 productis.
2611 386 2726 459 Ego
2757 394 2888 442 vero
2921 387 3173 456 quamvis
3223 385 3466 458 graviter

202 496 341 565 ἔχων
380 495 465 561 ἐφ’
492 491 575 555 οἷς
604 495 778 546 εἰπεῖν
811 495 861 545 οί
890 492 1110 546 δείλαιοι
1139 494 1558 564 τετολμήκασιν,
1604 493 1779 544 ἐκεῖνο

199 589 370 653 δεῖξαι
424 588 779 659 πειράσομαι,
811 586 889 657 τῷ
941 585 1126 655 σκοπῷ
1167 586 1327 639 πάλιν
1370 586 1634 654 ἑπόμενος
1682 584 1780 652 τῆς

201 683 352 743 θείας
414 680 677 749 Γραφῆς,
738 680 813 743 ὡς
864 680 1094 749 ἐπείπερ
1143 678 1434 748 ἀρνοῦνται
1482 678 1570 728 τὸν
1627 675 1778 738 Υἱὸν,

204 773 612 843 σδνηρνήσαντο
648 771 741 823 τὸν
773 772 993 841 Πατέρα
1017 813 1030 835 ,
1084 772 1177 823 καὶ
1218 770 1402 823 λοιπόν
1434 772 1571 822 εἰσιν
1606 769 1779 831 ἄθεοι,

203 866 296 916 καὶ
323 863 516 916 ἐλπίδα
563 864 638 934 μὴ
676 864 890 934 ἔχοντες
920 864 978 915 ἐν
1010 862 1144 932 τῷδε
1175 863 1253 933 τῷ
1297 863 1515 932 κόσμῳ,
1553 862 1693 915 κατὰ
1722 862 1782 913 τὸ

200 955 609 1025 γεγραμμένον.
638 957 747 1008 Καὶ
766 956 847 1009 δτι
886 956 1066 1025 φαμὲν
1092 954 1295 1017 καλῶς,
1333 954 1538 1023 ἀληθὴς
1572 952 1783 1023 μάρτυς

201 1050 334 1117 ἡμῖν
401 1048 717 1118 εἰσϐήσεται
769 1049 799 1100 6
854 1046 1105 1117 θεοφιλὴς
1178 1046 1431 1115 Ἰωάννης
1488 1044 1782 1115 γεγραφὼς

201 1140 364 1193 ὠδίοι
398 1142 456 1193 '0
486 1140 817 1212 ἀρνούμενος
847 1141 936 1192 τδν
968 1140 1206 1210 Πατέρα,
1240 1140 1333 1192 καὶ
1373 1139 1463 1191 τὸν
1486 1137 1635 1190 Υίόνο
1676 1138 1785 1200 πᾶς

200 1237 232 1288 ὁ
258 1234 593 1306 ἀρνούμενος
630 1235 723 1288 τὸν
766 1234 929 1298 Υἰὸν,
974 1235 1093 1287 οὐδὲ
1149 1237 1241 1287 τὸν
1285 1234 1506 1306 Πατέρα
1550 1234 1695 1303 ἔχει·
1757 1236 1784 1284 ὁ

200 1326 482 1394 ὁμολογῶν
514 1326 605 1379 τὸν
645 1324 790 1390 Υίὸν,
820 1326 914 1379 καὶ
947 1320 1038 1379 τὸν
1077 1326 1292 1398 Πατέρα
1335 1326 1468 1397 ἔχει,
1512 1346 1529 1376 ι
1578 1324 1784 1396 Ὀρθῶς

201 1418 260 1471 δέ
286 1436 340 1470 τι
367 1420 491 1473 λίαν
531 1418 560 1471 δ
590 1419 1036 1490 πνευματοφόρος
1062 1460 1076 1482 ,
1111 1421 1205 1472 καὶ
1235 1421 1333 1489 τῆς
1365 1418 1443 1489 τῷ
1471 1418 1615 1487 λόγῳ
1658 1434 1786 1488 πρε-

202 1511 412 1579 πούσης
438 1510 705 1581 ἁρμονίας
727 1511 825 1563 οὐκ
856 1509 960 1574 ἔξω
983 1511 1149 1573 τιθεὶς
1174 1508 1234 1562 τὸ
1254 1509 1535 1581 θεώρημα.
1568 1509 1784 1578 Ἐπειδὴ

200 1604 317 1674 γὰρ
347 1601 487 1658 οἶδεν
516 1605 614 1657 οὐκ
658 1604 883 1674 ὀνόματι
941 1598 1134 1673 μόνον,
1173 1603 1423 1675 ἐνεργείᾳ
1467 1604 1523 1657 δὲ
1562 1603 1783 1673 μᾶλλον,

200 1695 343 1767 ὅπερ
375 1692 513 1749 εἷναι
545 1698 639 1749 καὶ
675 1697 924 1765 λέγεται,
970 1695 1116 1749 τοῦτ’
1170 1696 1284 1748 ἔστι
1310 1735 1324 1759 ,
1377 1696 1567 1766 Πατὴρ
1594 1736 1607 1758 ,
1644 1694 1787 1748 κατὰ

202 1789 371 1856 φύσιν
415 1790 726 1861 ὑπάρχοντα
754 1830 768 1851 ,
800 1786 1118 1858 ἀναγκαίως
1146 1788 1337 1851 συνεξα
1350 1788 1590 1857 ρνεῖσθαί
1622 1805 1789 1857 φησιν

202 1880 380 1951 ἑτέρῳ
407 1879 501 1934 τὸν
532 1881 735 1951 ἕτερον.
770 1881 1152 1952 Συνειστρέχει
1184 1880 1293 1951 γάρ
1329 1898 1445 1943 πως
1480 1882 1566 1933 ἀεὶ
1601 1880 1676 1951 τῷ
1722 1895 1788 1948 γε

200 1971 319 2025 δντι
366 1973 505 2025 κατὰ
539 1971 700 2043 φύσιν
729 1974 823 2027 καὶ
851 1975 1126 2043 νοουμένῳ
1158 1967 1333 2044 Πατρὶ
1360 1972 1454 2025 τοῦ
1492 1970 1789 2042 προελθόν-

198 2080 296 2126 τος
332 2064 390 2129 ἐξ
419 2064 583 2120 αὐτοῦ
615 2066 957 2137 γεννήματος
992 2066 1024 2137 ἡ
1054 2064 1257 2133 γνῶσίς
1293 2075 1351 2117 τε
1398 2065 1493 2117 καὶ
1532 2065 1786 2134 δήλωσις,

203 2157 303 2210 καὶ
340 2156 418 2225 τῷ
452 2156 765 2227 γεννηθέντι
824 2158 967 2211 κατὰ
1019 2157 1313 2227 ἀλήθειαν,
1358 2158 1417 2210 τὸ
1458 2156 1551 2209 τοῦ
1586 2158 1788 2210 τίκτειν

212 2249 517 2319 ιτεφυκότος
560 2252 952 2302 συνεπινοεῖται
1008 2250 1319 2320 πρόσωπον.
1351 2250 1503 2318 ’Ἅμα
1546 2249 1654 2320 γάρ
1704 2260 1789 2313 τις

204 2338 357 2407 ἔγνω
389 2338 624 2409 πατέρα,
661 2339 893 2410 συνῆκεν
930 2339 1012 2391 ὅτι
1040 2339 1360 2409 γεγέννηκε,
1399 2341 1492 2392 καὶ
1519 2341 1566 2392 εί
1602 2339 1785 2411 μάθει⁶

198 2430 267 2486 τὸ
301 2430 581 2501 γέννημα,
609 2430 940 2484 διακείσεται
977 2433 1196 2495 πάντως
1238 2434 1320 2484 ὅτι
1374 2432 1580 2504 πατρὸς
1626 2432 1787 2501 ἐξέφυ

198 2522 371 2586 τινός.
404 2521 616 2576 Οὐκοῦν
647 2523 715 2576 δι’
747 2524 951 2593 ἀμφοῖν
980 2524 1094 2586 τοῖς
1128 2523 1501 2592 ἀκροωμένοις
1532 2525 1564 2594 ἡ
1594 2523 1788 2576 ἑκατέ-

201 2632 303 2685 ρου
337 2615 540 2682 γνῶσις
582 2614 924 2669 ὲντίκτεται’
964 2615 1060 2669 καὶ
1108 2616 1487 2685 ἀρνησάμενος
1536 2616 1633 2685 μέν
1682 2634 1786 2680 τις,

198 2711 286 2763 ὅτι
324 2710 515 2779 Πατήρ
551 2710 699 2760 ἐστιν
728 2707 945 2777 ἀληθῶς
980 2709 1008 2760 6
1045 2706 1195 2771 Θεὸς,
1233 2710 1620 2778 συναναιρήσει
1652 2708 1789 2761 πάν-

196 2818 315 2864 τως
356 2803 453 2872 τὴν
486 2800 579 2853 τοῦ
618 2799 741 2852 Υίοῦ
790 2800 1066 2870 γέννησιν.
1114 2800 1367 2870 Γέννημα
1410 2800 1467 2852 δὲ
1498 2801 1659 2854 πάλιν
1690 2802 1789 2871 οὐχ

196 2894 546 2963 ὁμολογήσας
573 2888 710 2944 εἶναι
743 2892 832 2944 τὸν
862 2891 1012 2954 Υίὸν,
1043 2891 1141 2961 τὴν
1177 2893 1307 2962 περὶ
1348 2891 1439 2944 τοῦ
1471 2892 1686 2962 Πατρὺς
1713 2894 1788 2961 (l)

196 2987 410 3055 γνῶσιν
438 2985 710 3052 συνεξελεῖ
744 2984 807 3055 δὴ
855 2984 1072 3047 πάντως
1102 2983 1269 3053 αὐτῷ.
1300 2985 1429 3037 Ὅτε
1456 2984 1634 3038 τοίνυν
1677 2986 1790 3046 τοῖς

197 3079 443 3141 ἀνοσίοις
496 3079 642 3148 ἡμᾶς
694 3077 1203 3145 κατασφενδονήσας
1247 3076 1462 3145 λόγοις,
1509 3075 1790 3146 διακεκρι-

203 3172 380 3241 μένην
424 3168 519 3222 τοῦ
564 3170 863 3239 ἁγεννήτου
900 3166 1036 3220 Θεοῦ
1085 3168 1183 3239 τὴν
1226 3168 1414 3221 οὐσίαν
1462 3168 1791 3222 διατείνεται

198 3258 352 3326 ἔχειν
385 3256 476 3309 τὸν
504 3256 633 3309 Υίὸν
653 3299 668 3321 ,
704 3256 821 3318 πῶς
852 3257 913 3308 οὐ
946 3257 1245 3327 διαρρήδην
1280 3258 1401 3310 οὐδὲ
1449 3258 1577 3311 Υἰὸν
1616 3260 1793 3330 ὑπάρ-

1886 493 1941 540 et
1976 485 2166 556 iniquo
2197 484 2386 539 animo
2418 482 2594 538 feram
2631 497 2694 536 ea
2723 496 2844 549 quae
2879 481 3126 551 proferre
3158 479 3278 533 ausi
3336 488 3466 533 sunt

1890 579 2104 640 miseri,
2137 578 2436 633 ostendere
2468 586 2649 629 tamen
2702 573 2948 628 conabor
3002 587 3231 641 scopum
3269 586 3466 625 rursus

1890 686 2129 740 sequens
2160 669 2361 723 divinae
2392 666 2696 737 Scriptura:
2718 705 2733 730 ,
2772 680 2868 719 eos
2912 680 3107 733 nempe
3136 663 3230 733 qui
3269 672 3470 732 negant

1891 761 2122 826 Filium,
2157 761 2322 815 simul
2350 776 2568 829 quoque
2600 773 2804 829 negare
2834 756 3052 810 Patrem
3077 796 3091 819 ,
3117 770 3324 825 eosque
3350 755 3469 809 sine

1892 856 2001 911 Deo
2058 855 2275 909 tandem
2332 869 2496 915 esse,
2546 861 2599 906 et
2646 866 2800 921 spem
2856 865 2964 903 non
3013 848 3218 903 habere
3266 847 3320 899 iu
3366 847 3469 899 hoc

1893 949 2101 1001 mundo
2122 988 2134 1006 .
2171 946 2317 1000 sicut
2344 945 2610 1014 scriptum
2646 949 2731 996 est
2766 942 2855 993 ’3?
2885 940 3039 1007 Quod
3072 947 3221 993 recte
3249 954 3277 991 a
3312 937 3470 991 nobis

1890 1041 1996 1095 diei
2024 1080 2037 1104 ,
2076 1039 2234 1093 testis
2287 1038 2537 1107 locuples
2584 1035 2746 1089 nobis
2799 1034 2906 1088 erit
2955 1033 3080 1103 pius
3113 1032 3202 1086 ille
3227 1030 3470 1085 JOannes

1891 1133 1965 1185 ita
1995 1130 2283 1187 scribens:
2317 1148 2333 1180 ι
2358 1127 2462 1194 Qui
2498 1128 2712 1181 Patrem
2739 1135 2937 1196 negat,
2963 1134 3123 1195 negat
3145 1130 3198 1177 et
3226 1121 3425 1176 Filium
3452 1135 3467 1173 :

1892 1224 2075 1277 omnis
2106 1223 2201 1291 qui
2240 1228 2402 1290 negat
2433 1218 2636 1272 Filium
2661 1257 2676 1282 ,
2713 1232 2815 1272 nec
2859 1215 3078 1270 Patrem
3126 1217 3292 1271 habet
3326 1234 3338 1269 :
3374 1215 3470 1285 qui

1892 1314 2185 1369 conﬁtetur
2217 1312 2416 1367 Filium
2439 1351 2455 1375 ,
2489 1319 2543 1365 et
2576 1310 2793 1365 Patrem
2830 1310 2993 1364 habet
3026 1311 3090 1362 ’⁵.
3124 1326 3142 1359 ι
3174 1308 3338 1363 Recte
3369 1325 3473 1361 au-

1893 1414 2003 1461 tem
2039 1406 2124 1459 vir
2151 1405 2399 1469 divinus,
2450 1418 2633 1472 neque
2680 1401 2734 1456 id
2768 1410 2925 1457 extra
2959 1403 3233 1456 sermonis
3272 1405 3473 1458 seriem

1893 1505 1947 1552 et
1980 1498 2253 1552 ordinem.
2289 1495 2423 1549 Nam
2457 1511 2580 1549 cum
2617 1494 2788 1549 sciret
2833 1511 2942 1548 non
2988 1494 3164 1549 solum
3216 1496 3470 1559 nomine,

1895 1595 1991 1650 sed
2041 1608 2102 1649 re
2142 1601 2197 1648 et
2236 1600 2360 1647 actu
2396 1593 2616 1663 potius,
2657 1591 2709 1645 id
2741 1589 2889 1661 quod
2930 1605 3054 1645 esse
3094 1590 3321 1656 dicitur,
3367 1588 3473 1643 Pa-

1895 1696 2032 1741 trem
2065 1686 2327 1739 nimirum
2360 1684 2664 1740 secundum
2717 1693 2969 1737 naturam
3022 1684 3325 1744 exsistere,
3376 1697 3475 1735 ne.

1823 1761 1867 1816 Β
1897 1777 2141 1834 cessario
2190 1776 2356 1830 infert
2420 1777 2655 1830 alterum
2706 1775 2896 1845 negari
2944 1790 3050 1828 una
3097 1790 3221 1827 cum
3275 1775 3474 1828 altero.

1893 1869 2192 1924 Concurrit
2227 1869 2374 1923 enim
2421 1883 2545 1922 cum
2592 1883 2659 1922 eo
2707 1867 2799 1935 qui
2845 1876 3039 1921 natura
3092 1867 3252 1921 Pater
3294 1876 3374 1922 est
3412 1881 3478 1920 ac

1894 1963 2250 2032 intelligitur,
2281 1961 2641 2031 procedentis
2684 1975 2749 2014 ex
2789 1960 2910 2030 ipso
2946 1956 3069 2012 Filii
3104 1960 3347 2030 cognitio
3395 1970 3479 2012 at-

1892 2070 2002 2128 que
2029 2054 2360 2126 signiﬁcatio
2381 2095 2396 2119 ,
2437 2062 2491 2107 et
2523 2069 2645 2107 cum
2683 2069 2747 2108 eo
2775 2054 2866 2123 qui
2904 2069 3094 2107 revera
3126 2055 3343 2123 genitus
3370 2063 3475 2117 est,

1890 2149 2162 2222 genitoris
2193 2163 2426 2217 persona
2460 2148 2623 2202 simul
2659 2147 2993 2215 concipitur.
3032 2144 3207 2199 Simul
3240 2160 3304 2199 ac
3329 2145 3476 2199 enim

1894 2250 2107 2314 patrem
2153 2241 2310 2295 novit
2343 2240 2577 2310 aliquis,
2615 2239 2874 2309 genuisse
2918 2238 3208 2308 intelligit;
3239 2245 3294 2292 et
3329 2238 3376 2291 si
3416 2238 3477 2290 lio

1896 2332 2028 2387 lium
2062 2332 2342 2395 audierit,
2377 2331 2570 2401 utique
2600 2330 2800 2385 sentiet
2835 2345 2901 2384 ex
2939 2329 3127 2399 aliquo
3164 2338 3316 2398 patre
3358 2329 3478 2383 edi—

1894 2434 2030 2481 tum.
2060 2426 2329 2493 Quocirca
2353 2441 2448 2496 per
2471 2426 2706 2480 alterum
2730 2424 2959 2479 alterius
2985 2424 3179 2477 notitia
3204 2424 3258 2476 in
3286 2424 3478 2478 menti-

1895 2519 2000 2575 bus
2030 2519 2343 2573 auditorum
2373 2518 2637 2589 gignitur,
2667 2525 2721 2571 et.
2748 2517 2792 2571 si
2826 2515 2950 2586 quis
2984 2516 3271 2585 negaverit
3307 2513 3476 2568 Deum

1894 2626 2025 2665 vere
2052 2625 2178 2665 esse
2208 2608 2426 2663 Patrem
2449 2648 2463 2671 ,
2500 2607 2662 2661 simul
2700 2607 2864 2661 etiam
2899 2604 3019 2659 Filii
3064 2605 3477 2677 generationem

1894 2712 2129 2760 evertet.
2170 2702 2381 2757 Rursus
2410 2717 2577 2763 vero,
2610 2703 2931 2770 quicunque
2961 2701 3211 2769 genimen
3249 2714 3357 2753 non
3397 2697 3476 2750 fa-

1895 2795 2101 2849 tebitur
2131 2808 2256 2848 esse
2288 2791 2485 2846 Filium
2508 2831 2523 2855 ,
2572 2791 2800 2845 omnino
2834 2789 3016 2844 Patris
3063 2789 3319 2843 notitiam
3368 2805 3476 2843 una

1895 2902 2022 2943 cum
2057 2889 2179 2958 ipso
2206 2886 2422 2955 eripiet.
2454 2885 2589 2940 Cum
2620 2900 2753 2954 ergo
2788 2899 2888 2938 nos
2923 2884 3105 2951 impiis
3138 2890 3333 2952 petens
3360 2898 3477 2937 ser-

1898 2980 2154 3035 monibus
2176 3019 2190 3044 ,
2223 2978 2546 3032 distinctam
2576 2976 2644 3029 ab
2680 2976 2926 3046 ingenito
2954 2973 3068 3029 Deo
3106 2974 3477 3029 substantiam

1902 3074 2104 3130 habere
2119 3070 2320 3127 Filium
2346 3068 2672 3131 contendat,
2701 3067 2963 3137 numquid
2998 3074 3185 3135 aperte
3215 3065 3478 3135 praedicat

1899 3183 1968 3223 ne
1998 3167 2179 3237 ipsum
2206 3165 2429 3235 quidem
2462 3179 2586 3219 esse
2614 3161 2862 3215 Filium?
2892 3160 3047 3227 Quod
3087 3160 3130 3214 si
3161 3158 3335 3214 Filius
3367 3175 3478 3213 non

1896 3261 2002 3323 sit,
2035 3274 2102 3313 ne
2128 3259 2246 3328 ipse
2271 3256 2636 3329 quidcm'jam
2664 3254 2825 3308 Pater
2850 3270 2976 3308 vere
3002 3254 3344 3306 censebitur.
3372 3252 3479 3305 (Zu-

198 3366 327 3419 χειν
360 3348 523 3401 αὐτὸν
567 3348 859 3417 ὁμολογεῖ;
920 3349 1050 3402 Υίοῦ
1101 3350 1157 3403 δὲ
1210 3352 1312 3403 οὑκ
1340 3350 1494 3413 ὄντος
1519 3391 1532 3411 ,
1582 3352 1691 3404 οὐδ’
1725 3351 1790 3404 ἂν

1897 3352 1983 3422 ius
2031 3352 2179 3406 enim
2227 3360 2381 3420 pater
2428 3349 2646 3403 futurus
2691 3354 2798 3413 est,
2848 3347 2892 3400 si
2946 3362 3053 3399 non
3099 3343 3480 3414 genuit?Dis-

206 3440 381 3504 αὐτὸς
412 3441 440 3492 ὁ
464 3440 653 3513 Πατὴρ
682 3440 897 3512 ἀληθῶς
926 3441 1006 3494 ἔτι
1040 3444 1213 3495 νοοῖτο
1246 3444 1455 3513 Πατήρ.
1495 3443 1653 3505 Τίνος
1682 3443 1792 3513 γὰρ

201 3533 364 3584 ἔσται
406 3533 606 3603 πατὴρ,
654 3536 703 3586 εί
737 3535 811 3603 μὴ
837 3535 1070 3599 τέτοκε;
1104 3537 1499 3608 Διακεκρίσθαι
1534 3539 1633 3607 μὲν
1685 3539 1792 3609 γὰρ

200 3626 334 3694 οὐχὶ
362 3626 460 3695 τῆς
490 3626 711 3689 οὐσίας,
762 3627 898 3682 ἀλλὰ
950 3626 1044 3679 τοῦ
1097 3628 1393 3698 προσώπου
1448 3630 1541 3682 τοῦ
1583 3631 1795 3701 Πατρδς

203 3720 307 3772 καὶ
344 3719 496 3772 αὐτοί
538 3736 716 3789 φαμεν
746 3721 835 3772 τὸν
884 3720 1041 3783 Υίὸν,
1091 3722 1189 3790 οὐχ
1239 3721 1314 3783 ὡς
1343 3722 1628 3793 ἀλλότριον
1665 3724 1795 3778 ὄντα

206 3809 354 3861 κατᾶ
395 3809 554 3877 φύσιν
588 3809 755 3862 αὐτοῦ
782 3853 795 3875 ,
844 3811 1092 3882 καθάπερ
1123 3812 1316 3882 ἀμέλει
1357 3816 1471 3876 τοῖς
1500 3814 1794 3885 θεομάχοις

201 3901 380 3963 δοκεῖ,
419 3900 531 3952 ἀλλ’
559 3901 634 3963 ὡς
671 3902 799 3955 ὄντα
827 3920 886 3956 τε
922 3905 1016 3957 καὶ
1052 3905 1344 3975 νοούμενον
1374 3909 1432 3959 ὲν
1479 3908 1593 3978 ἰδίῳ
1621 3926 1795 3979 προσ-

202 3993 375 4062 ώπῳ,
417 3995 510 4046 καὶ
544 3996 663 4047 κατ’
712 3995 849 4047 ἰδίαν
882 3994 1119 4067 ὓπαρξιν
1162 3998 1466 4069 ἑτερότητι.
1518 4000 1647 4064 Υἱὸς
1686 4002 1795 4074 γάρ

203 4087 363 4147 ἐστι,
405 4086 499 4139 καὶ
534 4088 594 4140 οὐ
622 4089 810 4159 Πατήρ
834 4105 846 4118 ⁸
879 4089 1260 4160 διακεκρίσθαι
1298 4110 1361 4161 γε
1415 4094 1522 4164 μὴν
1557 4096 1676 4148 κατ’
1706 4098 1796 4150 οὐ-

207 4181 341 4233 σίαν
370 4178 482 4231 οὔτ’
511 4179 576 4232 ἂν
610 4182 763 4234 αὐτοὶ
796 4183 1057 4254 φαίημεν,
1093 4185 1228 4252 εἴγε
1262 4186 1567 4257 φρονοῦμεν
1595 4188 1793 4260 ὀρθῶς,

203 4264 340 4318 οὔτε
382 4267 485 4319 τινὶ
518 4266 624 4319 τῶν
671 4269 915 4337 ἀδελφῶν
961 4272 1496 4345 συμϐουλεύσαιμεν.
1534 4278 1658 4342 Πῶς
1690 4280 1798 4352 γὰρ

204 4359 277 4408 ἂν
313 4357 407 4408 καὶ
446 4357 786 4430 διακέκριται
820 4362 979 4430 μόνον
1003 4402 1018 4426 ,
1062 4363 1182 4417 καθ’
1215 4366 1354 4437 ὅπερ
1391 4368 1539 4421 ἐστὶν
1581 4369 1801 4435 ἰδιαζόν-

1898 3445 2133 3498 tinctum
2175 3445 2376 3512 quippe
2412 3456 2537 3495 esse
2588 3455 2699 3494 non
2738 3454 2769 3492 a
2804 3439 3116 3493 substantia
3142 3478 3157 3501 ,
3208 3438 3303 3492 sed
3355 3453 3481 3506 per—

1896 3546 2030 3590 sona
2067 3533 2245 3588 Patris
2273 3533 2376 3604 ipsi
2404 3546 2625 3603 quoque
2652 3531 2956 3585 asserimus
2978 3572 2992 3595 ,
3026 3544 3134 3582 non
3161 3529 3319 3598 quasi
3350 3529 3482 3580 alie--

1897 3641 2005 3680 nus
2040 3627 2113 3679 sit
2147 3625 2216 3678 ab
2245 3639 2311 3678 eo
2345 3621 2653 3678 secundum
2687 3629 2977 3684 naturam,
3010 3620 3171 3673 sicuti
3216 3618 3479 3672 nimirum

1900 3718 1993 3773 Dei
2034 3716 2292 3773 hostibus
2324 3716 2566 3777 videtur,
2594 3714 2687 3769 sed
2725 3724 2785 3769 ut
2809 3713 2900 3783 qui
2932 3714 3004 3767 sit
3042 3720 3098 3767 et
3141 3711 3481 3783 intelligatur

1900 3810 1955 3862 in
1992 3808 2214 3879 propria
2250 3822 2523 3877 persona,
2557 3804 2723 3877 798
2754 3813 2809 3861 et
2850 3805 3138 3876 hypostast
3183 3805 3342 3859 alter.
3390 3803 3483 3858 Fi-

1900 3902 2009 3956 lius
2062 3903 2208 3955 enim
2258 3909 2371 3965 est,
2420 3915 2484 3953 ac
2521 3915 2628 3954 non
2663 3899 2862 3953 Pater:
2901 3914 3083 3968 neque
3126 3905 3314 3954 tamen
3350 3900 3483 3953 'sub-

1900 3995 2108 4050 stantia
2156 3994 2422 4063 distingui
2466 3991 2813 4055 dixerimus,
2858 3991 2905 4046 si
2952 4006 3107 4045 mens
3151 3990 3312 4045 nobis
3350 4005 3484 4044 sana

1900 4086 2008 4152 sit,
2044 4099 2223 4156 neque
2271 4084 2327 4139 id
2382 4083 2480 4138 ulli
2529 4083 2766 4137 fratrum
2816 4084 3284 4138 consuluerimus.
3337 4082 3489 4149 Quo-

1901 4178 2067 4233 modo
2095 4178 2242 4233 enim
2272 4177 2439 4232 etiam
2473 4173 2905 4246 unumquodque
2939 4174 3332 4245 singularitate
3365 4189 3488 4243 per-

1903 4287 2051 4327 senae
2087 4280 2299 4325 tantum
2333 4268 2738 4339 distinguitur?
2763 4265 2962 4322 Petrus
2995 4266 3138 4319 enim
3170 4276 3256 4321 est
3286 4264 3487 4321 Petrus

1901 4380 1966 4419 ac
1993 4380 2106 4419 non
2144 4361 2372 4426 Paulus,
2409 4368 2463 4416 et
2494 4360 2700 4416 Paulus
2732 4368 2817 4416 est
2848 4359 3078 4425 Paulus,
3105 4376 3215 4414 non
3248 4358 3447 4416 Petrus
3472 4403 3486 4425 ,

204 4464 325 4509 τως
362 4448 631 4515 ’ἐκαστον;
688 4451 745 4503 '0
782 4453 988 4525 Πέτρος
1029 4454 1139 4524 γὰρ
1194 4457 1401 4529 Πέτρος
1446 4461 1562 4513 ἐστὶ
1600 4463 1695 4515 καὶ
1737 4463 1790 4517 οἰ

1906 4464 2286 4512 verumtamen
2359 4454 2667 4509 indistincti
2727 4461 3014 4508 remanent
3078 4463 3298 4507 natura.
3366 4451 3487 4508 Una

208 4540 461 4603 Παῦλος,
496 4542 584 4594 καὶ
627 4544 655 4595 6
690 4543 900 4607 Παῦλος
934 4545 995 4597 οὐ
1046 4547 1251 4617 Πέτρος
1280 4589 1294 4610 ,
1330 4549 1552 4619 μένουσί
1592 4570 1654 4619 γε
1691 4555 1799 4624 μὴν

207 4632 518 4702 ἀδιάκριτοι
548 4634 690 4687 κατὰ
720 4636 817 4707 τὴν
850 4636 1031 4705 φύσιν·
1073 4634 1170 4702 Εἷς
1199 4640 1305 4711 γὰρ
1354 4643 1438 4695 ἐπ’
1470 4644 1671 4713 ἀμφοῖν
1702 4648 1800 4715 τῆς

208 4723 408 4785 οὐσίας
435 4725 461 4775 6
488 4724 666 4792 λόγος,
699 4726 794 4778 καὶ¹
838 4727 947 4781 τῶν
985 4728 1165 4782 αὐτῶν
1209 4732 1652 4803 ἀπαραλλάκτως
1687 4736 1798 4801 ἕξει

208 4815 284 4902 τᾲ
338 4815 472 4885 πρὸς
516 4815 742 4885 ἑνότητα
797 4819 1033 4890 φυσικὴν
1084 4822 1439 4895 συνδούμενα.
1494 4826 1601 4880 Τοῦ
1646 4828 1702 4880 δὲ
1733 4830 1797 4902 δὴ

208 4901 381 4971 χάριν
444 4902 511 4953 τὰ
569 4903 797 4956 τοιαῦτά
849 4923 1071 4977 φαμεν;
1152 4906 1445 4979 Ἐπιδὲῖξαι
1504 4916 1613 4988 γὰρ
1669 4901 1802 4989 ἡμῖν

214 4993 448 5056 σκοπὸς,
496 4994 577 5047 ὄτι
621 4996 947 5065 φρονοῦντες
973 5001 1172 5054 ἐκεῖνοι
1203 5003 1496 5072 δυσσεϐῶς,
1528 5009 1630 5079 τῆς
1660 5012 1803 5066 κατὰ

212 5085 386 5154 φύσιν
440 5086 692 5157 θεότητος
750 5089 1029 5154 ἐξέλκουσι
1082 5093 1174 5146 τὸν
1218 5096 1380 5162 Υἱὸν,
1444 5101 1599 5154 οὐδὲν
1653 5104 1803 5162 αὐτῶ

215 5177 407 5242 πλέον,
442 5179 694 5251 καθάπερ
732 5181 829 5250 ἤδη
877 5184 1213 5256 προείπομεν
1235 5229 1249 5253 ,
1314 5194 1569 5263 σχετικῆς
1598 5161 1801 5248 όιίντονέἰ

218 5285 416 5338 μοντες
444 5272 774 5341 οίκειότητος
812 5273 912 5345 τῆς
961 5276 1036 5339 ὡς
1069 5278 1208 5349 πρὸς
1254 5282 1471 5353 Πατέρα
1505 5287 1600 5341 καὶ
1647 5289 1799 5346 Θεόν.

229 5363 386 5456 Tisia-:21
414 5364 500 5417 διὰ
538 5366 695 5418 ποίαν
744 5368 923 5421 αἰτίαν
956 5372 1105 5441 ἡμᾶς
1153 5376 1575 5448 παραδείγματα
1614 5401 1798 5456 παρα-

216 5453 405 5517 Θέντες
441 5456 533 5509 τοῦ
582 5457 775 5525 λόγου,
826 5462 1093 5535 Καθάπερ
1138 5467 1335 5536 ἡμεῖς,
1375 5475 1535 5540 φασὶν
1560 5518 1574 5541 ,
1622 5453 1800 5551 ἀμιγῆ

299 5614 345 5642 ’³
391 5613 586 5683 Ιοῖριιεε.
628 5631 689 5679 ιι,
726 5617 808 5671 l2.
894 5619 939 5649 "‘
970 5619 990 5674 Ι
1019 5617 1179 5677 Joau.
1212 5639 1274 5686 tt,
1308 5625 1400 5681 ‘22.

1903 4552 2052 4607 enim
2097 4558 2183 4605 est
2225 4550 2281 4603 in
2320 4549 2591 4603 ambobus
2634 4548 2776 4601 ratio
2811 4548 3170 4612 substantiae,
3204 4555 3258 4601 et
3293 4548 3489 4602 eadem

1904 4646 2045 4699 citra
2081 4642 2443 4695 variationem
2482 4641 2644 4694 ullam
2681 4641 2887 4695 habent
2918 4656 3042 4709 quae
3073 4640 3138 4694 ad
3177 4641 3488 4695 naturalem

1906 4737 2171 4790 unitatem
2204 4735 2558 4804 colligantur.
2583 4731 2757 4799 Quam
2783 4748 2915 4788 vero
2943 4734 3012 4787 ob
3039 4748 3260 4787 causam
3294 4733 3488 4788 isthaec

1904 4826 2184 4882 dicimus?
2218 4826 2434 4896 Quippe
2489 4825 2831 4894 propositum
2866 4835 2950 4881 est
2997 4826 3158 4881 nobis
3195 4826 3490 4881 ostendere

1904 4922 2079 4993 quod,
2108 4937 2231 4975 cum
2265 4920 2344 4974 illi
2374 4920 2540 4990 impie
2568 4920 2879 4986 sentiant,a
2905 4920 3147 4974 naturali
3175 4920 3376 4974 deitate
3402 4918 3492 4973 Fi-

1908 5015 2044 5069 lium
2072 5010 2408 5076 excludunt,
2441 5011 2619 5065 nihilo
2655 5011 2782 5081 plus
2814 5012 2862 5066 ei
2888 5051 2903 5077 ,
2934 5021 2994 5065 ut
3023 5023 3186 5065 antea
3211 5011 3485 5075 diximus,

1907 5107 2251 5169 tribuentes,
2275 5120 2441 5175 quam
2476 5105 2762 5159 relativam
2793 5119 2918 5158 cum
2947 5101 3109 5159 Patre
3134 5115 3187 5159 et
3220 5105 3328 5160 Deo
3353 5120 3488 5158 cou-

1902 5199 2269 5269 junctionem.
2299 5196 2477 5262 Quam
2506 5196 2652 5251 enim
2681 5196 2750 5250 ob
2777 5210 2998 5251 causam
3029 5197 3191 5252 nobis
3218 5197 3273 5251 in
3301 5211 3489 5251 exem-

1910 5293 2059 5363 plum
2101 5290 2223 5360 ejus
2263 5290 2409 5361 quod
2455 5290 2613 5343 aiunt
2644 5289 2985 5360 propositis:
3012 5287 3487 5356 Quemadmodum

1909 5403 2048 5452 nos,
2078 5386 2370 5457 inquiunt,
2410 5385 2706 5440 irnmistam
2741 5401 2867 5440 cum
2901 5399 2968 5441 eo
3006 5385 3280 5440 habemus
3312 5383 3486 5451 hypo-

1911 5483 2137 5550 stasim,
2172 5499 2299 5539 cum
2332 5485 2505 5541 simus
2540 5483 2591 5539 in
2628 5484 2781 5555 ipso,
2822 5485 2894 5539 ita
2928 5493 2984 5538 ct
3014 5484 3131 5553 ipse
3162 5483 3484 5537 distinctam

294 5777 367 5844 tl)
404 5776 527 5843 Ed.,
562 5775 899 5848 Hvripazoc.
938 5779 1211 5854 lnterpres
1247 5793 1425 5841 tamen
1461 5788 1667 5861 Πατρὶς
1704 5790 1783 5862 leg

1897 5800 1925 5845 ι.
1965 5791 2119 5846 Enn.
