3892 6202
406 246 514 302 239

1402 239 1462 298 S.
1502 237 1778 296 CYRILLI
1830 231 2312 290 ALEXANDRINI
2351 233 2670 304 ARClllEP.

3565 231 3672 287 2‘0

409 361 574 414 habet
606 372 635 411 a
664 352 778 412 Deo
804 354 1174 412 substantiam
1197 393 1213 418 ,
1243 354 1500 424 quamvis
1528 367 1653 409 esse
1681 352 1900 407 dicatur
1934 351 1980 403 in

2097 351 2235 422 πρὸς
2266 350 2430 404 αὑτὸν
2463 350 2656 421 ἔχομεν
2697 348 2796 420 τὴν
2837 348 3167 413 ὑπόστασιν,
3202 348 3354 415 ὄντες
3407 349 3466 404 ὲν
3499 353 3668 426 αὐτῷ.

407 451 550 520 ipso.
576 447 853 518 Numquid
889 446 1180 501 manifesta
1212 454 1297 502 est
1326 445 1548 500 cunctis
1579 445 1671 499 illa
1703 441 1993 498 versutia?

405 541 688 612 Numquid
719 541 846 610 jure
876 540 1024 596 dicet
1059 538 1262 610 aliquis
1310 554 1436 594 eum
1486 539 1576 608 qui
1631 550 1739 591 tam
1789 535 1991 590 fetidos

407 651 694 694 sermones
717 635 961 691 evomuit
991 651 1159 688 unum
1191 648 1318 688 esse
1349 648 1417 686 ex
1448 633 1516 688 iis
1547 631 1641 702 qui
1679 646 1776 701 per
1811 627 1990 699 Spiri-

407 739 525 786 tum
557 731 814 785 illusores
850 728 1222 800 praedicantur
1243 728 1268 779 ?
1297 727 1437 794 Quid
1469 727 1618 782 enim
1651 726 1814 781 nobis
1845 725 1988 781 scri-

411 823 490 878 bit
519 819 690 876 Judas
718 820 810 874 ille
851 818 1168 873 Servatoris
1201 816 1556 887 discipulus?
1585 835 1604 868 ι
1638 815 1749 870 Vos
1782 824 1987 878 autem,

409 913 762 977 charissimi,
798 926 1068 966 memores
1099 918 1276 965 estote
1311 910 1605 964 verborum
1639 923 1763 978 quae
1797 907 1992 976 praedi-

408 1018 498 1061 cta
528 1011 658 1062 sunt
691 1003 759 1057 ab
794 1003 1066 1074 apostolis
1109 1001 1325 1056 Domini
1373 999 1550 1054 nostri
1579 998 1709 1054 Jesu
1744 998 1987 1063 Christi;

405 1099 502 1168 qui
546 1096 806 1153 dicebant
848 1095 1047 1150 vobis:
1084 1092 1358 1160 Quoniam
1407 1093 1463 1147 iu
1519 1092 1824 1146 novissimo
1853 1099 1991 1145 tem-

409 1206 542 1261 pore
589 1191 812 1244 venient
858 1189 1148 1250 illusores,
1199 1185 1504 1241 secundum
1556 1183 1837 1238 desideria
1887 1197 1988 1237 sua

408 1282 756 1337 ambulantes
791 1282 848 1335 in
881 1279 1285 1350 impietatibus.
1330 1277 1397 1332 lli
1441 1285 1606 1340 sunt,
1658 1276 1755 1346 qui
1799 1291 1988 1346 segre-

407 1383 539 1444 gant
569 1375 936 1444 semeptipsos
960 1412 974 1435 ,
1002 1373 1302 1434 animales,
1337 1369 1602 1440 Spiritum
1638 1386 1750 1424 non
1778 1370 1989 1424 haben-

407 1475 493 1522 tes
519 1466 586 1519 “.
619 1485 638 1518 ι
664 1465 835 1521 Nemo
869 1465 1016 1520 enim
1054 1466 1214 1534 plane
1248 1461 1486 1534 Spiritui
1523 1470 1716 1517 sancto
1751 1460 1986 1531 loquens

406 1558 673 1614 adversus
699 1555 982 1630 Unigeniti
1002 1559 1234 1629 gloriam
1253 1555 1552 1626 quidquam
1572 1555 1848 1624 loquetur.
1872 1553 1988 1608 Hoc

405 1653 556 1706 enim
585 1667 713 1708 esse
737 1654 847 1718 aio,
868 1652 1053 1706 dicere
1083 1650 1375 1704 anathema
1403 1647 1534 1703 Jesu
1561 1647 1628 1702 “.
1656 1645 1772 1701 Viri
1803 1655 1984 1701 autem

2092 442 2267 506 οὕτως
2293 445 2387 496 καὶ
2427 443 2588 505 αὐτὸς
2617 441 3042 512 διακεκριμένην
3068 441 3180 512 ἔχει
3211 443 3310 514 τὴν
3355 443 3542 496 οὐσίαν
3574 444 3671 497 τοῦ

2093 535 2229 588 Θεοῦ
2250 577 2264 599 ,
2302 535 2404 589 κᾶν
2438 531 2576 588 εἷναι
2617 535 2881 604 λέγηται,
2913 537 3110 604 φησὶν,
3145 537 3202 588 ὲν
3240 535 3409 606 αὑτῷ.
3440 533 3568 608 'Ap‘
3609 538 3671 590 οὐ

2094 629 2262 682 πᾶσιν
2296 627 2628 692 εὑκάτοπτος
2666 629 2698 698 ή
2735 627 3078 698 πανουργία;
3117 625 3244 699 Ἆρ’
3286 631 3388 682 οὑκ
3431 631 3548 701 ὲρεῖ
3587 646 3673 694 τις

2093 718 2333 788 εὐλόγως
2377 719 2469 771 τὸν
2517 719 2659 772 οὕτω
2698 719 3100 774 δυσωδέστατον
3144 721 3482 791 ὲξεμέσαντα
3513 723 3673 793 λόγον

2093 809 2317 863 ἐκείνων
2348 809 2617 882 ὑπάρχειν
2662 810 2759 862 ἕνα
2789 809 2896 862 τῶν
2933 809 3021 863 διά
3065 811 3158 863 τοῦ
3195 812 3511 882 ῐῐνεύματος
3545 832 3674 886 προ-

2093 901 2524 974 κεκηρυγμένων
2574 904 2935 973 ὲμπαικτῶν;
2991 905 3056 956 Τί
3115 905 3224 978 γὰρ
3293 906 3489 970 Ἰούδας
3540 909 3673 978 ἡμῖν

2092 992 2398 1046 ἐπιστέλλει
2449 991 2542 1045 τοῦ
2585 994 2837 1066 Σωτῆρος
2886 996 2914 1047 ὁ
2963 994 3249 1066 μαθητήςς
3308 1015 3328 1046 ι
3369 997 3556 1066 Ὑμεῖς
3581 998 3666 1064 δὲ,

2092 1085 2389 1156 ἀγαπητοὶ,
2427 1085 2702 1157 μνήσθητε
2747 1086 2854 1137 τῶν
2892 1087 3153 1156 ῥημάτων
3185 1087 3293 1139 τῶν
3335 1089 3675 1160 προειρημέ-

2091 1198 2197 1235 νων
2227 1180 2331 1233 ὑπδ
2374 1179 2481 1232 τῶν
2525 1179 2839 1232 ἀποστόλων
2882 1178 2976 1230 τοῦ
3037 1180 3242 1251 Κυρίου
3289 1180 3446 1250 ήμῶν
3494 1179 3671 1252 Ἰησοῦ

2090 1270 2374 1343 Χριστοῦ,
2427 1272 2508 1324 ὅτι
2552 1271 2737 1340 ἔλεγον
2777 1271 2945 1340 ὑμῖν·
2992 1271 3115 1324 ’Ὁτι
3162 1271 3248 1325 ἐπ’
3300 1272 3528 1342 ἐσχάτου
3575 1267 3670 1326 τοῦ

2091 1365 2286 1435 χρόνου
2321 1363 2632 1416 ἐλεύσονται
2663 1363 2968 1432 ἐμπαῖκται
3005 1361 3146 1416 κατά
3188 1361 3287 1426 τάς
3315 1361 3519 1416 ἑαυτῶν
3547 1363 3672 1417 ἑπι-

2091 1455 2292 1526 θυμίας
2325 1455 2687 1527 πορευόμενοι
2736 1454 2846 1509 τῶν
2897 1453 3186 1508 ἀσεϐειῶν.
3235 1450 3394 1510 Οὗτοί
3446 1457 3587 1508 εἰσιν
3618 1456 3672 1508 οἱ

2089 1548 2547 1620 ἀποδιορίζοντες,
2585 1546 2830 1618 ψυχικοὶ,
2859 1547 3085 1618 Πνεῦμα
3125 1547 3201 1618 μὴ
3240 1547 3472 1618 ἔχοντες.
3512 1568 3531 1600 ι
3565 1549 3673 1602 Οὑ-

2089 1642 2201 1705 δεδς
2253 1643 2351 1712 μὲν
2409 1641 2517 1710 γὰρ
2559 1639 2620 1693 τὸ
2665 1641 2931 1711 παράπαν
2975 1639 3116 1709 ἀγίῳ
3171 1639 3449 1709 Πνεύματι
3492 1639 3670 1693 λαλῶν

407 1747 674 1800 animales
707 1760 771 1799 ac
803 1743 1015 1809 timidi,
1062 1751 1116 1798 et
1149 1741 1359 1812 Spiritu
1406 1750 1598 1796 sancto
1632 1755 1862 1794 vacuum
1891 1755 1980 1797 cor

2094 1736 2320 1805 κατερεῖ
2364 1750 2416 1784 τι
2465 1733 2564 1802 τῆς
2609 1731 2768 1801 δόξης
2810 1730 2904 1783 τοῦ
2953 1729 3312 1797 Μονογενοῦς.
3363 1729 3534 1783 Τοῦτο
3561 1730 3672 1800 γάρ

407 1838 705 1904 habentes,
749 1837 946 1892 Filium
999 1852 1029 1890 a
1062 1834 1224 1890 Patre
1256 1841 1585 1906 segregant,
1621 1833 1980 1888 substantialc

2091 1825 2230 1880 εἶναί
2265 1843 2408 1896 φημι
2456 1825 2515 1878 τὸ
2560 1824 2738 1892 λέγειν
2789 1823 3041 1892 ἀνάθεμα
3096 1822 3320 1892 Ἰησοῦς.
3363 1823 3589 1893 ’Ἄνδρες
3614 1822 3672 1874 δὲ

403 1928 706 1982 discrimen
743 1929 920 1997 ipsum
964 1925 1168 1981 habere
1194 1923 1472 1987 dicentes,
1523 1922 1980 1993 quemadmodum

2089 1918 2347 1990 ψυχικοί,
2407 1918 2502 1972 καὶ
2559 1917 2822 1979 δείλαιοι,
2869 1917 2963 1969 καὶ
3013 1916 3106 1970 τοῦ
3156 1917 3314 1984 ἁγίου
3355 1917 3673 1986 Πνεύματος

405 2019 668 2072 nimirum
687 2024 1059 2079 etcreaturm,
1093 2023 1148 2069 et
1179 2014 1612 2084 unumquodque
1643 2029 1836 2068 eorum
1873 2028 1980 2082 qua

2090 2015 2306 2085 ἐρήμην
2363 2011 2576 2080 ἔχοντες
2646 2010 2744 2080 τὴν
2793 2009 3060 2080 καρδίαν,
3116 2009 3516 2079 ἀποδιορίζουσι
3573 2009 3671 2061 τοῦ

402 2108 549 2164 laeta
583 2118 715 2165 sunt
746 2108 816 2162 ab
848 2109 1001 2178 ipso,
1031 2117 1085 2163 et
1119 2123 1187 2161 eo
1219 2107 1382 2160 modo
1413 2106 1569 2160 illum
1611 2120 1738 2161 esse
1787 2105 1843 2160 in
1887 2103 1992 2158 Pa-

399 2211 484 2256 tre
513 2203 854 2267 sentientes,
893 2215 1002 2270 quo
1034 2215 1137 2254 nos
1172 2200 1225 2253 in
1259 2200 1374 2254 illo.

2091 2105 2308 2176 Πατρὸς
2352 2102 2442 2156 τὸν
2483 2102 2647 2166 Υἱδν,
2694 2099 2927 2168 οὑσιώδη
2979 2101 3280 2170 φάσκοντες
3331 2101 3474 2172 ἔχειν
3505 2102 3671 2155 αὑτὸν

2092 2201 2193 2272 τὴν
2252 2195 2555 2267 διακοπὴν,
2607 2194 2860 2265 καθάπερ
2914 2194 3106 2264 ἀμέλει
3152 2194 3221 2248 τά
3274 2194 3516 2265 γενητὰ,
3574 2195 3669 2247 καὶ

395 2291 506 2344 τῶν
573 2291 702 2363 παρ’
753 2289 921 2343 αὑτοῦ
977 2290 1364 2361 πεποιημένων
1407 2291 1676 2356 ἕκαστον,
1731 2288 1869 2347 εἷναί
1927 2313 1987 2350 τε
2061 2295 2205 2352 οὑτω
2281 2291 2604 2364 φρονοῦντες
2644 2289 2803 2344 αὑτὸν
2854 2291 2910 2342 ἐν
2961 2290 3175 2360 Πατρὶ.
3234 2290 3481 2361 καθάπερ
3524 2291 3672 2360 ἡμᾶς

397 2387 455 2436 ἐν
493 2385 664 2456 αὑτῷ.

473 2477 610 2544 Quia
640 2491 771 2530 vero
798 2477 913 2530 haec
942 2476 1280 2539 scribentes,
1309 2493 1580 2532 summam
1613 2481 1984 2551 ignorantiam

399 2569 800 2640 prodiderunt,
848 2567 1082 2638 agedum
1117 2583 1146 2620 a
1178 2568 1466 2639 Scriptura
1502 2571 1688 2626 divina
1725 2574 1985 2628 conside-

396 2678 581 2717 remus
615 2677 841 2723 rursus,
877 2661 1059 2728 quoad
1090 2663 1313 2730 assequi
1349 2662 1517 2724 licet,
1553 2673 1606 2717 et
1639 2664 1986 2721 auditoribus

398 2754 694 2809 ostendere
725 2768 1014 2818 conemur,
1054 2768 1159 2808 nos
1189 2753 1349 2808 aliter
1381 2756 1604 2824 quidem
1640 2773 1764 2812 esse
1798 2757 1852 2812 in
1887 2756 1982 2810 Fi-

394 2847 502 2908 lio,
540 2845 700 2900 aliter
733 2843 934 2898 Filium
975 2846 1031 2899 in
1066 2861 1167 2901 suo
1201 2844 1385 2900 Patre.
1429 2846 1540 2903 Nec
1586 2851 1732 2903 enirn
1781 2851 1981 2904 volun-

394 2939 556 2994 tariis
591 2937 898 2991 virtutibus
949 2938 1016 2991 ad
1069 2939 1251 3008 ipsum
1305 2938 1611 3002 formatus,
1668 2940 1850 3010 imago
1897 2949 1984 2995 est

2164 2479 2290 2532 Ὅτι
2341 2475 2398 2529 δὲ
2442 2475 2538 2546 τῆς
2580 2475 2660 2536 εις
2704 2473 2875 2543 ἀκρον
2909 2470 3182 2542 ἀμαθείας
3223 2473 3354 2525 εῖσω
3406 2471 3672 2547 βεδήκασι

2087 2569 2314 2623 τοιαῦτα
2351 2567 2584 2637 γράφειν
2620 2565 3010 2634 τολμήσαντες,
3047 2565 3178 2635 φέρε
3210 2567 3361 2638 παρά
3397 2568 3496 2638 τῆς
3519 2569 3671 2634 θείας

2089 2662 2312 2733 Γραφῆς
2348 2656 2812 2726 διασκεπτὼμεθα
2851 2656 3010 2708 πάλιν
3035 2695 3050 2718 ,
3105 2655 3181 2718 ὦς
3235 2658 3382 2709 ἐστιν
3427 2659 3669 2727 ἐφικτὸν,

2089 2752 2356 2818 ἐπιδεῖξαί
2408 2769 2465 2804 τε
2517 2752 2628 2812 τοῖς
2683 2747 3058 2820 ἀκροωμένοις
3119 2749 3544 2819 σπουδάσωμεν,
3592 2753 3671 2815 ὠς

2094 2848 2300 2918 ἑτέρως
2337 2845 2434 2915 μὲν
2482 2845 2644 2914 ἡμεῖς
2698 2843 2865 2911 ἐσμεν
2916 2842 2975 2894 ὲν
3015 2840 3101 2914 λεῷ
3145 2841 3275 2912 Υίῴ,
3312 2843 3565 2913 ὲτεροίως
3604 2861 3669 2911 γε

2094 2940 2200 3010 μὴν
2235 2941 2262 2991 ὁ
2293 2938 2419 3000 Υἱὸς
2471 2938 2529 2988 ὲν
2573 2934 2650 3004 τῷ
2690 2933 2806 3002 ἰδίῳ
2851 2934 3048 3005 “arpi.
3084 2934 3158 2986 Οὑ
3209 2935 3316 3004 γὰρ
3365 2938 3485 2998 ταῖς
3526 2937 3671 2989 κατά

394 3030 723 3082 substantia:
779 3028 939 3095 ejus,
992 3039 1159 3097 atque
1215 3028 1424 3082 idcirco
1467 3030 1520 3082 in
1565 3029 1685 3098 ipso
1719 3040 1843 3085 est:
1884 3028 1980 3085 sed

2089 3031 2306 3102 θέλησιν
2337 3032 2556 3096 ἀρεταῖς
2588 3027 2722 3097 πρὸς
2747 3027 2909 3080 αὑτὸν
2939 3027 3339 3097 μορφούμενος,
3366 3028 3530 3081 είκὼν
3551 3030 3668 3081 ἐστι

392 3121 544 3175 velut
592 3120 644 3174 in
696 3117 986 3173 identitate
1031 3118 1311 3179 naturali,
1357 3127 1411 3172 rt
1458 3127 1721 3188 tanquam
1771 3119 1984 3174 habens

394 3227 562 3266 unam
592 3225 716 3265 cum
747 3225 812 3263 eo
839 3211 1232 3264 substantiam.
1257 3212 1374 3275 Qua
1401 3210 1468 3264 de
1499 3226 1556 3264 re
1582 3210 1748 3280 799
1771 3213 1985 3280 sapien-

391 3305 642 3359 tissimus
673 3304 762 3357 ille
791 3301 1033 3358 Joannes
1065 3304 1222 3358 testis
1254 3303 1416 3357 nobis
1447 3303 1711 3372 prodeat,
1744 3303 1936 3358 dicens
1967 3323 1979 3358 :

397 3417 416 3449 ι
449 3395 514 3449 Ει
559 3397 797 3450 societas
845 3405 1039 3450 nostra
1088 3395 1160 3448 sit
1211 3411 1336 3448 cum
1388 3391 1552 3450 Patre
1585 3403 1639 3448 et
1682 3412 1807 3450 cum
1841 3394 1984 3450 Filio

390 3490 512 3560 ejus
544 3486 673 3544 Jesu
703 3486 930 3542 Christo
949 3487 1019 3539 ν.
1048 3506 1067 3538 ι
1093 3486 1380 3553 Quomodo
1400 3503 1530 3557 ergo
1556 3487 1730 3550 aiunt,
1753 3498 1848 3542 aut
1869 3502 1982 3557 quo

392 3589 554 3652 pacto
579 3578 926 3634 contendunt
951 3579 1272 3633 societatem
1303 3578 1463 3633 nobis
1485 3593 1606 3632 esse
1630 3578 1828 3633 debere
1851 3594 1978 3634 cum

389 3669 552 3724 Patre
581 3678 636 3724 et
662 3684 788 3722 cum
823 3666 963 3722 Filio
990 3667 1109 3736 ejus
1143 3664 1272 3722 Jesu
1307 3666 1586 3722 Christo?
1613 3666 1747 3720 Nam
1781 3668 1828 3724 si
1858 3669 1981 3724 sub-

392 3764 650 3818 stantiam
685 3770 932 3815 nostram
977 3757 1385 3828 quodammodo
1424 3760 1725 3814 miscentes
1765 3773 1978 3817 natura:

390 3853 616 3916 divinae,
647 3853 765 3907 sive
788 3849 935 3904 Patri
962 3863 1014 3905 et
1039 3850 1203 3912 Filio,
1225 3851 1278 3903 in
1299 3851 1462 3905 nobis
1489 3866 1610 3906 esse
1636 3854 1974 3922 putabimus,

391 3962 456 4002 ac
488 3960 596 3999 non
633 3944 816 4015 potius
847 3943 939 3997 illa
969 3958 1076 3996 vox
1108 3945 1379 3997 societatis
1411 3943 1479 3997 ad
1508 3946 1860 4000 voluntatum
1895 3948 1976 4002 si-

390 4035 757 4093 militudinem
795 4045 1046 4104 spectat,
1079 4037 1355 4105 quomodo
1388 4050 1511 4090 eam
1549 4051 1676 4090 cum
1708 4035 1872 4092 Patre
1918 4046 1976 4094 et

387 4129 528 4187 Filio
559 4129 888 4184 habebimus
908 4169 922 4190 ,
951 4143 1074 4182 cum
1100 4144 1170 4182 ex
1199 4143 1392 4182 eorum
1419 4130 1692 4184 sententia
1725 4146 1836 4184 non
1865 4132 1976 4186 sint

385 4219 1079 4277 consubstantiales‘lAut
1124 4220 1272 4273 cnim
1329 4234 1560 4276 necesse
1601 4231 1686 4276 est
1735 4223 1974 4281 ridicule

384 4315 567 4371 dicere
608 4329 741 4376 nos,
787 4313 1066 4383 propriam
1120 4319 1376 4366 naturam
1409 4322 1698 4379 secantes,
1733 4316 1970 4371 mediam

2086 3127 2187 3195 τῆς
2215 3125 2568 3186 ὑποστάσεως
2595 3123 2783 3186 αὑτοῦ,
2815 3122 2904 3175 διά
2927 3140 2985 3175 τε
3016 3122 3176 3176 τοῦτό
3212 3124 3359 3176 ἐστιν
3391 3125 3448 3175 ἐν
3481 3123 3630 3194 αὑτῷ
3652 3142 3664 3154 ·

2087 3215 2203 3267 ἀλλ’
2253 3214 2329 3277 ὼς
2377 3216 2435 3267 έν
2485 3213 2777 3282 ταυτότητι
2829 3215 3071 3282 φυσικῇ.
3120 3214 3212 3265 καὶ
3243 3212 3319 3274 ὡς
3355 3213 3482 3280 μίαν
3528 3213 3670 3282 ἔχων

2085 3308 2220 3376 πρὸς
2273 3307 2436 3360 αὑτὸν
2489 3305 2586 3376 τὴν
2647 3305 2854 3358 οὐσίαν.
2910 3304 3297 3376 Εἰσκεκλήσθω
3349 3304 3405 3357 δὲ
3457 3306 3670 3376 μάρτυς

2084 3401 2214 3470 ἡμῖν
2263 3399 2354 3452 ἐπὶ
2403 3398 2612 3460 τούτοις
2655 3399 2683 3451 ὁ
2734 3397 3044 3464 σοφώτατος
3102 3398 3391 3470 Ἰωάννης,
3445 3399 3620 3467 λέγων
3648 3415 3664 3428 ο

2089 3513 2107 3543 ‹
2145 3492 2256 3545 Καὶ
2299 3494 2332 3562 ἡ
2365 3489 2619 3543 κοινωνία
2666 3490 2722 3542 δὲ
2769 3492 2801 3559 ἡ
2852 3490 3096 3559 ἡμετέρα
3143 3490 3280 3560 μετά
3319 3489 3414 3543 τοῦ
3452 3491 3668 3561 [ἰατρὸς

2083 3584 2177 3638 καὶ
2208 3585 2347 3654 μετά
2369 3583 2463 3636 τοῦ
2507 3581 2635 3636 Υἱοῦ
2662 3582 2825 3635 αὑτοῦ
2871 3583 3048 3663 Ἰησοῦ
3081 3581 3337 3653 Χριστοῦ.
3372 3601 3392 3632 ι
3420 3585 3543 3647 Πῶς
3567 3580 3668 3638 οὖν

2081 3677 2188 3748 ἄρα
2214 3677 2401 3747 φασὶν,
2434 3677 2466 3747 ἢ
2511 3679 2652 3730 κατά
2692 3676 2814 3728 τίνα
2850 3675 3278 3747 διισχυρίζονται
3303 3676 3498 3746 χρῆναι
3534 3677 3666 3746 τρό-

2080 3784 2182 3819 πον
2208 3768 2307 3838 τὴν
2343 3767 2627 3821 κοινωνίαν
2657 3768 2807 3836 ἡμᾶς
2847 3767 2985 3836 μετά
3029 3766 3123 3818 τοῦ
3155 3767 3366 3839 Πατρὸς
3397 3769 3488 3820 καὶ
3521 3767 3666 3836 μετά

2079 3859 2174 3912 τοῦ
2193 3859 2326 3912 Υἱοῦ
2354 3860 2518 3914 αὑτοῦ
2535 3859 2709 3929 Ἰησοῦ
2731 3861 2772 3912 Χ
2781 3861 2985 3931 ριστοῦς
3010 3861 3072 3912 Εἰ
3101 3860 3202 3930 μὲν
3221 3861 3328 3932 γὰρ
3355 3861 3452 3930 τὴν
3474 3860 3664 3912 οὑσίαν

2078 3949 2268 4021 ὥσπερ
2305 3950 2403 4021 τὴν
2453 3951 2662 4003 ἑαυτῶν
2714 3949 3144 4020 ἀναμιγνύοντες
3189 3953 3255 4020 τῇ
3308 3950 3430 4022 θείᾳ
3475 3951 3660 4020 φύσει,

2077 4044 2197 4114 ἤτοι
2225 4043 2303 4114 τῷ
2346 4044 2522 4113 Πατρὶ
2553 4045 2648 4097 καὶ
2677 4043 2754 4114 τῷ
2804 4043 2919 4114 Υίῴ
2943 4083 2958 4108 ,
2991 4049 3046 4097 ὲν
3088 4045 3304 4107 ἑαυτοῖς
3339 4040 3480 4098 εἶναι
3508 4045 3664 4098 νοού-

2081 4133 2219 4204 μεθα
2239 4175 2253 4198 ,
2300 4135 2393 4188 καὶ
2437 4136 2559 4205 οὐχὶ
2600 4135 2801 4204 μᾶλλον
2835 4135 2932 4205 τῆς
2963 4134 3279 4201 κοινωνίας
3300 4138 3328 4187 ὁ
3356 4135 3510 4204 λόγος
3531 4176 3546 4197 ,
3579 4137 3664 4197 εἰς

2074 4227 2175 4299 τὴν
2203 4228 2312 4281 τῶν
2341 4227 2664 4298 θελημάτων
2697 4228 2990 4299 ὁμοιότητα
3023 4228 3234 4299 βλέπει,
3276 4230 3393 4291 πῶς
3423 4229 3489 4282 ἂν
3525 4229 3666 4299 ἔχοι-

2078 4335 2178 4388 μεν
2224 4317 2395 4388 αὐτὴν
2451 4318 2589 4388 μετά
2630 4318 2724 4370 τοῦ
2771 4319 2984 4388 Πατρὸς
3027 4319 3123 4371 καὶ
3171 4317 3311 4389 μετά
3358 4318 3451 4370 τοῦ
3502 4318 3660 4380 Υίοῦ,

384 4405 606 4476 quidem
633 4413 845 4476 partem
873 4401 1051 4467 Patri,
1082 4405 1316 4456 alteram
1343 4403 1504 4458 nobis
1536 4414 1590 4459 et
1619 4403 1760 4460 Filio
1787 4405 1973 4462 dedis-

2085 4411 2256 4464 καίτοι
2288 4412 2406 4464 κατ’
2441 4412 2682 4474 ἐκείνους
2728 4411 2829 4463 οὐκ
2861 4409 3030 4463 ὄντων
3072 4409 3370 4480 ὁμοουσίων
3397 4427 3411 4474 ;
3453 4409 3521 4462 Ἦ
3551 4411 3663 4478 γὰρ

383 4513 475 4560 se,
509 4507 676 4567 atque
708 4497 783 4551 ita
818 4497 871 4550 in
896 4495 964 4551 iis
997 4509 1122 4551 esse
1148 4509 1401 4562 censere;
1435 4503 1551 4562 aut,
1586 4497 1972 4566 stupidissima

383 4591 476 4644 illa
509 4589 727 4643 ratione
759 4586 971 4658 reiecta
992 4627 1006 4651 ,
1038 4587 1277 4642 dicimus
1310 4587 1642 4642 voluntariis
1671 4589 1970 4645 virtutibus

381 4691 436 4735 et
469 4696 595 4735 cum
645 4681 833 4734 divina
881 4689 1046 4750 atque
1079 4677 1344 4735 ineﬂ‘abili
1383 4680 1801 4751 pulchritudine
1833 4698 1970 4737 con-

383 4773 716 4829 formatione
753 4779 1004 4828 nostram
1043 4781 1278 4827 mentem
1316 4773 1628 4828 exhilarare
1665 4783 1970 4840 conantes,

382 4865 670 4922 societatis
717 4865 952 4933 gratiam
998 4865 1166 4920 nobis
1205 4879 1552 4934 comparare.
1599 4865 1682 4919 An
1725 4881 1856 4938 ergo
1891 4868 1974 4923 sie

381 4961 630 5014 dicemus
661 4957 934 5012 exsistere
967 4956 1020 5010 in
1056 4954 1220 5012 Patre
1255 4955 1497 5021 Filium,
1539 4974 1638 5014 seu
1683 4961 1969 5016 relativam

381 5059 436 5108 et
469 5051 654 5106 studio
683 5051 976 5122 quaesitam
1011 5049 1216 5104 habere
1249 5065 1376 5104 cum
1409 5048 1574 5106 Patre
1607 5053 1975 5110 societatem?

381 5143 448 5196 At
476 5158 576 5197 cur
607 5142 828 5196 demum
865 5157 963 5212 per
993 5141 1372 5211 aequalitatem
1408 5156 1637 5211 operum
1675 5157 1738 5197 ac
1774 5145 1972 5198 simili-

381 5229 624 5289 tudinem
658 5233 858 5288 deduci
894 5234 1012 5288 vult
1049 5240 1301 5287 nostram
1352 5240 1591 5288 mentem
1636 5234 1704 5288 ad
1748 5235 1973 5291 indubi-

381 5335 497 5382 tate
531 5327 867 5382 credendum
904 5327 1088 5397 ipsum
1139 5325 1194 5379 in
1247 5324 1410 5380 Patre
1457 5326 1680 5396 quidem
1725 5344 1883 5393 esse,
1917 5339 1974 5384 et

381 5433 580 5472 rursus
614 5417 668 5471 in
701 5417 886 5485 seipso
921 5415 1127 5470 habere
1155 5411 1373 5468 Patrem
1401 5414 1425 5468 Ἰ
1455 5417 1651 5467 Annon
1678 5415 1824 5469 enim
1852 5431 1969 5470 tua-

380 5509 800 5566 nil‘eStissimum
833 5516 919 5562 est
963 5507 1226 5562 omnibus
1256 5521 1320 5560 ac
1352 5521 1577 5572 verum,
1615 5507 1766 5576 quod
1797 5507 1966 5562 clari-

451 5688 495 5719 "
520 5686 647 5744 Jud.
678 5704 718 5754 ι,
753 5685 942 5743 17-19.
1019 5683 1253 5741 "lCor.
1287 5699 1384 5748 ιιι,
1413 5680 1472 5739 5.
1545 5683 1628 5739 "l
1651 5683 1810 5744 Joan.
1847 5701 1883 5751 ι,
1909 5685 1963 5741 5.

2077 4503 2292 4574 ἀνάγκη
2315 4502 2502 4556 λοιπὸν
2531 4504 2624 4556 καὶ
2646 4503 2793 4573 ἡμᾶς
2813 4502 2884 4554 τὰ
2907 4501 3142 4570 γέλωτος
3171 4499 3296 4564 ἄξια
3329 4499 3660 4573 φρονοῦντας

2077 4597 2252 4650 είπεῖν
2285 4596 2389 4660 ὃτι,
2421 4596 2519 4666 τὴν
2566 4595 2774 4648 οἰκείαν
2825 4594 3207 4655 διακόπτοντες
3238 4592 3420 4662 φύσιν,
3456 4593 3515 4645 τὸ
3555 4592 3660 4660 μὲν

2076 4687 2249 4756 ἥμισυ
2277 4684 2356 4757 τῷ
2407 4685 2619 4757 Πατρὶ,
2655 4685 2716 4738 τὸ
2763 4685 2819 4739 δὲ
2866 4686 3052 4756 ἓτερον
3096 4687 3228 4756 ἡμῖν
3278 4680 3374 4738 καὶ
3419 4683 3497 4754 τῷ
3543 4683 3660 4751 Υίῷ

2074 4779 2385 4850 δεδώκαμεν
2411 4821 2426 4846 ,
2479 4779 2620 4833 οὕτω
2657 4797 2717 4832 τε
2751 4780 2807 4832 ὲν
2859 4779 3040 4844 αὐτοῖς
3088 4775 3228 4831 εἶναι
3265 4776 3570 4848 νοούμεθα·
3619 4777 3656 4846 ἢ

2074 4871 2504 4943 παραιτούμενοι
2550 4871 2648 4940 τὴν
2695 4870 3041 4942 ἀποπληξίαν
3094 4869 3188 4924 τοῦ
3237 4869 3430 4938 λόγου,
3465 4866 3657 4938 φαμὲν

2072 4961 2155 5013 ὅτι
2201 4963 2324 5024 ταῖς
2371 4961 2513 5015 κατά
2543 4961 2762 5031 θέλησιν
2809 4962 3034 5032 ἀρεταῖς
3087 4961 3183 5013 καὶ
3221 4962 3288 5031 τῇ
3330 4959 3656 5029 συμμορφίᾳ

2072 5056 2139 5124 τῇ
2175 5055 2314 5124 πρὸς
2355 5054 2416 5107 τὸ
2451 5053 2594 5107 θεῖόν
2649 5071 2711 5108 τε
2765 5055 2860 5128 καὶ
2901 5055 3211 5126 ἀπόρρητον
3253 5051 3448 5115 κάλλος
3480 5066 3655 5103 κατα-

2075 5146 2388 5216 φαιδρύνειν
2415 5147 2506 5199 τὸν
2537 5147 2736 5200 οἰκεῖον
2778 5146 3172 5211 σπουδάζοντες
3213 5143 3339 5198 νοῦν
3365 5184 3380 5208 ,
3421 5144 3522 5214 τὴν
3553 5143 3654 5211 τῆς

2074 5239 2360 5302 κοινωνίας
2409 5240 2624 5302 ἑαυτοῖς
2674 5239 3111 5310 περιποιούμεθα
3159 5238 3342 5308 χάριν.
3392 5232 3515 5307 'Ap’
3557 5231 3654 5288 οὖν

2071 5323 2243 5390 οὑτως
2278 5327 2510 5398 ἐροῦμεν
2544 5328 2812 5400 ὑπάρχειν
2847 5331 2904 5381 ὲν
2948 5329 3124 5398 Πατρὶ
3169 5328 3258 5380 τὸν
3303 5326 3452 5389 Υίὸν,
3484 5327 3654 5396 ἤγουν

2071 5421 2329 5490 σχετικὴν
2357 5422 2448 5473 καὶ
2481 5421 2977 5492 ὲπιτετηδευμένην
3003 5420 3291 5474 κοινωνίαν
3334 5419 3479 5490 ἔχειν
3507 5418 3654 5492 πρὸς

2067 5511 2162 5564 τόν
2211 5513 2585 5582 γεννήσαντας
2624 5513 2817 5568 Καίτοι
2863 5514 2914 5567 τί
2966 5513 3030 5584 δή
3080 5529 3210 5566 ποτε
3265 5511 3350 5566 διά
3397 5512 3496 5583 τῆς
3538 5509 3652 5564 τῶν
