3892 6202
182 344 281 401 2H

1260 347 1328 403 IN
1355 346 1643 404 JOANNIS
1692 344 2134 401 EVANGELIUM
2178 345 2304 400 [ΑΒ.
2341 345 2431 400 IX.

3334 351 3441 407 24!

186 464 364 535 ἔργων
400 464 640 533 ίσότητός
674 481 732 516 τε
764 464 856 516 καὶ
899 467 1213 537 ὁμοιότητος
1250 466 1604 537 ποδηγεῖσθαι
1636 465 1758 535 βού-

1887 471 2028 519 atem
2058 479 2288 534 operum
2318 481 2347 516 a
2378 464 2537 519 nobis
2565 464 2769 534 inquiri
2804 466 2993 521 volens
3013 506 3027 529 ,
3059 484 3160 523 suo
3189 468 3334 524 Patri
3364 487 3443 526 se-

184 552 335 607 λεται
368 553 459 606 τὸν
493 554 757 623 ἡμέτερον
802 554 928 607 νοῦν
969 557 1061 609 ἐπὶ
1106 556 1169 608 τὸ
1222 557 1419 627 χρῆναι
1480 558 1759 609 πιστεύειν

187 645 596 707 ἀνενδοιάστως,
636 645 713 707 ὡς
748 647 834 714 εἴη
881 647 978 716 μὲν
1010 648 1170 709 αὐτὸς
1200 650 1258 700 ἐν
1297 649 1504 721 Πατρὶ,
1558 648 1670 717 ἔχει
1705 648 1762 701 δὲ

187 729 252 787 αὖ
282 734 447 787 πάλιν
476 736 534 787 ἐν
572 733 749 805 ἑαυτῷ
794 736 886 788 τὸν
931 738 1149 808 Πατέρα
1177 755 1191 803 ;
1231 733 1306 791 Ἦ
1338 740 1443 810 γὰρ
1475 740 1595 808 οὐχὶ
1627 741 1761 791 πᾶσι

190 824 584 893 προδηλότατον
613 826 706 878 καὶ
742 826 941 905 ἀληθὲς
979 829 1222 899 ὑπάρχον
1260 832 1452 901 ὁρᾶται
1476 870 1491 892 ,
1540 831 1622 883 ὅτι
1661 830 1761 901 τὴν

188 918 294 969 τῶν
324 916 503 986 ἔργων
540 919 899 989 λαμπρότητα
929 921 1060 990 παρ’
1097 922 1250 992 ἡμῶν
1281 921 1629 987 ἐξετάζεσθαι
1681 922 1765 976 θέ-

186 1010 315 1071 λων,
344 1009 593 1080 ίσοσθενῆ
626 1011 903 1065 δείκνυσιν
933 1015 1125 1067 ἐαυτὸν
1164 1013 1243 1084 τῷ
1284 1015 1400 1085 ἰδίῳ
1443 1014 1642 1085 Πατρὶ,
1688 1014 1764 1078 ὡς

188 1097 378 1151 οὐδένα
415 1098 574 1167 λόγον
601 1100 831 1171 ἐχούσης
862 1102 942 1155 ἔτι
990 1104 1087 1173 τῆς
1122 1104 1239 1156 κατ’
1270 1104 1460 1157 οὐσίαν
1498 1105 1764 1174 διακοπῆς

190 1196 285 1243 καὶ
330 1192 564 1261 φυσικῆς
610 1193 968 1264 ἑτερότητος,
1027 1197 1075 1247 εί
1125 1197 1237 1257 τοῖς
1289 1194 1424 1258 ἴσοις
1480 1197 1764 1265 ἐπαυχοῖεν

189 1280 608 1352 κατορθώμασιν
639 1284 802 1346 αὐτός
838 1302 897 1336 τε
939 1286 1033 1338 καὶ
1063 1288 1091 1339 ὁ
1130 1286 1357 1356 Πατήρ;
1408 1287 1608 1339 Ἐννόει
1656 1287 1766 1358 γὰρ

189 1372 337 1432 ὅπως
395 1372 494 1423 οὐκ
537 1373 597 1424 ἐν
641 1370 850 1436 τούτοις
903 1376 1091 1444 ἡμεῖς,
1120 1374 1237 1427 ἀλλ’
1286 1375 1494 1447 ἑτέροις
1525 1378 1635 1429 τισὶ
1666 1377 1766 1450 τὴν

190 1462 330 1532 πρὸς
359 1462 451 1514 τὸν
478 1462 611 1515 Θεὸν
640 1465 991 1534 συμμορφίαν
1022 1465 1466 1536 ἐπιτηδεύοντες,
1493 1469 1595 1538 τῆς
1628 1469 1768 1539 πρὸς

189 1553 355 1606 αὑτὸν
411 1553 694 1616 κοινωνίας
754 1555 1073 1625 ἀξιούμεθα.
1142 1558 1605 1631 Ἐποικτείροντες
1658 1561 1768 1633 γάρ

192 1645 457 1715 ἀλλήλους
478 1687 492 1711 ,
533 1648 626 1700 καὶ
670 1647 777 1701 τῶν
805 1649 905 1720 τῆς
937 1650 1158 1719 ἀγάπης
1189 1651 1365 1721 ἔργων
1402 1652 1570 1724 ἀπρὶξ
1602 1652 1769 1723 ἐξημ-

195 1738 383 1806 μένοι,
423 1740 518 1792 καὶ
572 1740 752 1793 πᾶσαν
803 1741 1216 1811 ἐπιτηδεύοντες
1269 1745 1367 1814 τὴν
1412 1746 1471 1796 ἐν
1522 1743 1601 1815 τῷ
1644 1745 1767 1798 καθ’

189 1832 342 1900 ἡμᾶς
371 1830 469 1901 βίῳ
501 1832 835 1902 σεμνότητα,
871 1834 992 1887 τότε
1042 1836 1105 1905 δὴ
1156 1836 1309 1904 μόλις
1356 1838 1413 1889 ἐν
1457 1836 1577 1907 Θεῷ
1630 1833 1770 1891 εἶναι

191 1920 484 1990 λεγόμεθα.
525 1923 633 1975 Καὶ
657 1922 866 1993 μάρτυς
901 1924 1152 1994 Ἰωάννης
1179 1926 1351 1995 λέγων
1372 1942 1387 1958 ·
1422 1948 1441 1979 ‹
1482 1928 1569 1981 Ἐν
1595 1928 1771 1998 τούτῳ

192 2012 534 2084 γινώσκομεν
581 2015 665 2067 ὃτι
711 2016 769 2068 ἐν
815 2016 964 2087 αὐτῷ
1000 2019 1190 2086 ἐσμέν.
1238 2019 1296 2071 Ὀ
1328 2019 1501 2087 λέγων
1533 2022 1589 2073 ἐν
1621 2020 1772 2091 αὐτῷ

194 2104 415 2173 μένειν,
461 2106 700 2175 ὀφείλει,
750 2107 932 2172 καθὼς
969 2111 1177 2172 ἐκεῖνος
1208 2112 1582 2183 περιεπάτησε
1609 2154 1623 2177 ,
1678 2114 1773 2165 καὶ

190 2197 356 2260 αὐτὸς
398 2204 743 2270 περιπατεῖν.
795 2220 815 2252 ι
851 2202 963 2255 Καὶ
1008 2202 1206 2255 -πάλινο
1260 2223 1278 2254 ι
1331 2204 1546 2274 Ὑμεῖς,
1583 2206 1771 2276 φησὶν,

191 2289 219 2340 ὃ
249 2291 347 2343 ἀπ’
377 2292 553 2362 ἀρχῆς
578 2293 870 2361 ἠκούσατε,
900 2296 956 2347 ἐν
991 2295 1119 2365 ὑμῖν
1150 2296 1358 2366 μενέτω
1378 2313 1391 2326 ·
1425 2298 1519 2349 ἐὰν
1560 2300 1616 2350 ἐν
1644 2298 1773 2367 ὑμῖν

194 2382 357 2454 μείνῃ
384 2382 412 2435 ὃ
441 2385 535 2437 ἀπ’
567 2385 743 2455 ἀρχῆς
771 2385 1042 2455 ἠκούσατε
1068 2427 1082 2452 ,
1130 2388 1226 2442 καὶ
1263 2390 1420 2459 ὑμεῖς
1458 2391 1515 2441 ἐν
1546 2390 1624 2460 τῷ
1658 2390 1775 2462 Υίῷ

190 2476 291 2527 καὶ
337 2476 395 2527 ἐν
442 2476 521 2546 τῷ
553 2477 727 2547 Πατρὶ
761 2481 995 2547 μενεῖτε.
1033 2496 1051 2530 ι
1082 2480 1192 2533 Καὶ
1234 2481 1289 2533 τί
1336 2482 1397 2533 τὸ
1438 2481 1531 2534 ἀπ’
1576 2484 1774 2554 ἀρχῆς,

188 2567 333 2637 ὅπερ
372 2569 507 2635 ἡμῖν
552 2567 927 2622 διακελεύεται
958 2570 1176 2639 μένειν,
1223 2573 1309 2625 ἵνα
1345 2574 1504 2642 ἡμεῖς
1536 2572 1687 2644 ὦμεν
1718 2577 1776 2628 ἐν

189 2655 346 2724 Θεῷ,
378 2656 542 2719 αὐτὸς
575 2658 707 2727 ἡμῖν
736 2658 888 2710 οὐδὲν
922 2653 1084 2729 ἦττον
1135 2663 1392 2730 σαφηνιεῖ
1432 2659 1606 2727 λέγων
1633 2702 1647 2725 ,
1694 2661 1776 2714 ὅτι

197 2767 214 2796 ι
252 2746 406 2815 Αὕτη
438 2747 586 2799 ἐστὶν
622 2749 656 2817 ἡ
684 2748 986 2816 ἐπαγγελία
1007 2793 1022 2815 ,
1054 2750 1121 2821 ἣν
1151 2752 1421 2819 ἠκούσατε
1452 2752 1546 2804 ἀπ’
1577 2753 1774 2824 ἀρχῆς,

192 2842 285 2893 ἵνα.
331 2840 583 2908 ἀγαπᾶτε
632 2838 913 2910 ἀλλήλους.
954 2860 973 2891 ι
1020 2841 1263 2904 Ἀκούεις
1310 2843 1457 2905 ὅπως
1497 2844 1665 2914 ἐσμὲν
1721 2848 1777 2897 ἐν

190 2930 338 3000 Θεῷ,
368 2932 468 3002 τὴν
515 2930 737 3000 ἀγάπην
781 2930 1021 2999 δηλονότι
1051 2931 1150 3003 τὴν
1188 2934 1267 2995 είς
1296 2932 1558 3004 ἀλλήλους
1590 2937 1779 3005 ἐπιτη-

189 3026 464 3087 δεύοντες,
514 3026 610 3077 καὶ
638 3025 737 3095 τὴν
775 3024 870 3077 τοῦ
919 3026 1169 3097 Σωτῆρος
1220 3025 1524 3095 ίχνηλατεῖν
1554 3028 1776 3100 ἀρετὴν,

191 3119 319 3173 καθ’
351 3121 475 3173 ὅσον
506 3120 618 3185 ἔνι,
668 3120 1062 3185 σπουδάζοντες
1083 3136 1097 3151 ’
1152 3121 1354 3192 ἀρετὴν
1387 3123 1461 3187 δέ,
1493 3139 1666 3192 φημι,
1715 3122 1776 3174 ού
1804 3149 1848 3207 c

190 3215 297 3282 τὴν
328 3214 386 3264 ἐν
421 3212 498 3282 τῷ
537 3210 796 3265 δύνασθαι
846 3214 1052 3278 κτίζειν
1102 3214 1368 3285 οὐρανοὺς
1410 3215 1443 3284 ἢ
1475 3217 1650 3267 ποιεῖν
1677 3216 1778 3281 ἀγ-

192 3304 391 3369 γέλους
418 3343 433 3367 ,
484 3303 516 3373 ἢ
549 3304 870 3378 καθιδρῦσαι
909 3306 1014 3375 γῆν
1038 3348 1052 3371 ,
1096 3305 1128 3377 ἢ
1171 3307 1447 3360 θάλασσαν
1486 3306 1775 3373 ἐξαπλοῦν,

192 3395 323 3448 οὗτε
360 3394 467 3465 μὴν
500 3395 596 3465 τὴν
625 3396 683 3448 ἐν
723 3396 917 3467 ἐκείνῳ
940 3398 1062 3449 καθ’
1085 3395 1114 3448 ὃ
1144 3398 1368 3468 ἀρρήτῳ
1401 3400 1494 3451 καὶ
1526 3400 1777 3469 ἀπεριερ-

195 3489 389 3557 γάστῳ
410 3487 657 3552 δυνάμει,
686 3488 831 3559 λόγῳ
860 3489 981 3558 μὲν,
1008 3490 1336 3560 πνευμάτων
1361 3490 1607 3560 ἐκοίμισε
1637 3490 1776 3558 βίας,

194 3578 445 3649 διανίστη
490 3578 546 3631 δέ
581 3579 706 3641 τοὺς
752 3578 1117 3650 τεθνηκότας,
1172 3580 1341 3651 ⁴ήγουν
1399 3583 1511 3644 τοῖς
1560 3580 1780 3647 τυφλοῖς

198 3671 491 3742 ἐχαρίζετο
534 3672 596 3724 τὸ
640 3671 898 3740 βλέπειν,
948 3671 979 3742 ἢ
1035 3671 1115 3742 τῷ
1160 3672 1348 3743 λεπρῷ
1390 3672 1782 3743 καθαρίζεσθαι

200 3762 344 3831 μετὰ
375 3762 577 3833 πολλῆς
621 3781 767 3826 τινος
796 3765 896 3835 τῆς
923 3763 1173 3828 ἐξουσίας
1206 3765 1499 3817 ἐπέταττεν
1524 3781 1537 3795 ·
1569 3764 1785 3836 ἐκείνην

196 3854 254 3907 δὲ
291 3855 493 3923 μᾶλλον
518 3856 663 3926 ἥπερ
692 3854 758 3908 ἂν
787 3857 1049 3926 ἁρμόττοι
1095 3858 1207 3919 τοῖς
1238 3857 1338 3925 τῆς
1365 3855 1782 3927 ἀνθρωπότητος

199 3949 450 4017 μέτροις.
497 3945 817 4019 Εὑρήσομεν
871 3948 1067 4013 αὑτὸν,
1119 3947 1307 4018 ὥσπερ
1350 3944 1445 4002 οὖν
1490 3948 1519 3999 ὁ
1573 3948 1783 4012 Παῦλός

199 4057 373 4108 φησι,
418 4040 796 4110 λοιδορηθέντα
851 4042 950 4110 μὲν
999 4040 1152 4111 παρά
1202 4041 1311 4093 τῶν
1355 4041 1584 4095 ἀνοσίων
1650 4043 1785 4094 ’1ου-

196 4132 371 4184 δαίων
400 4132 501 4185 οὐκ
528 4131 1036 4204 ἀντιλοιδορήσαντα
1066 4133 1145 4197 δὲ,
1169 4133 1304 4186 ἀλλὰ
1351 4135 1627 4204 πάσχοντα
1660 4133 1780 4203 μὲν,

195 4226 305 4277 οὐκ
343 4224 717 4294 ἀπειλήσαντα
760 4226 837 4290 δὲ,
875 4225 1192 4296 παραδόντα
1232 4225 1288 4279 δὲ
1323 4224 1525 4295 μᾶλλον
1550 4224 1629 4296 τῷ
1668 4225 1788 4294 κρί-

198 4332 352 4371 νοντι
403 4315 651 4378 δικαίως.
708 4316 1031 4387 Εὑρήσομεν
1084 4316 1248 4370 αὑτὸν
1300 4316 1531 4384 λέγοντα
1586 4316 1785 4370 πάλιν·

202 4425 223 4457 ί
258 4404 483 4459 Μάθετε
528 4406 622 4458 ἀπ’
660 4405 797 4474 ἐμοῦ
829 4406 909 4458 ὃτι
947 4406 1124 4476 πρᾶός
1158 4407 1273 4474 εἰμι
1306 4406 1401 4458 καὶ
1433 4405 1689 4467 ταπεινὸς
1717 4408 1784 4477 τῇ

1862 556 2037 623 ipsum
2067 555 2334 626 aequalem
2365 556 2641 621 ostendit,
2678 558 2814 612 adeo
2845 566 2902 610 ut
2936 560 3140 612 nullam
3174 560 3441 615 rationem

1854 640 1971 710 jam
2004 641 2202 696 habeat
2234 643 2326 696 illa
2355 643 2742 699 substantialis
2765 655 2817 699 et
2843 648 3108 701 naturalis
3133 648 3438 713 distinctio,

1861 735 1905 786 si
1931 733 2236 802 aequalibus
2260 732 2421 789 lactis
2446 734 2560 805 ipse
2583 744 2640 788 et
2660 734 2821 790 Pater
2846 738 3176 806 glorientur.
3199 738 3441 794 Observa

1862 824 2005 878 enim
2025 835 2082 878 ut
2096 840 2204 878 non
2220 825 2274 879 in
2288 826 2374 881 bis
2391 841 2513 893 nos,
2535 826 2631 883 sed
2647 827 2769 882 aliis
2786 829 3115 897 quibusdam
3132 829 3445 885 conforma-

1859 915 2067 970 tionem
2091 916 2159 970 ad
2185 915 2353 972 Deum
2381 918 2653 985 colentes,
2680 920 2943 975 societate
2975 936 3099 975 cum
3127 921 3250 991 ipso
3273 922 3447 977 donen

1863 1021 2007 1059 mur.
2035 1007 2140 1060 Alii
2168 1008 2311 1061 enim
2337 1009 2478 1063 alios
2508 1009 2869 1073 miserantes,
2900 1020 2953 1065 et
2984 1010 3276 1066 charitatis
3313 1025 3445 1081 Ope-

1864 1096 2025 1151 ribus
2055 1098 2339 1155 mordicus
2370 1099 2725 1168 inhaerentes,
2756 1118 3085 1171 omnemque
3120 1104 3173 1157 in
3201 1102 3304 1157 hac
3329 1106 3445 1158 vita

1864 1184 2202 1240 honestatem
2226 1195 2280 1240 et
2301 1190 2626 1257 gravitatem
2658 1191 2920 1252 colentes,
2943 1201 3073 1246 tunc
3095 1202 3246 1247 certe
3274 1194 3364 1247 vix
3389 1194 3443 1247 in

1866 1276 1979 1331 Deo
2011 1294 2135 1333 esse
2168 1279 2427 1334 dicimur.
2469 1281 2643 1352 Cujus
2679 1284 2755 1336 rei
2793 1285 2952 1338 testis
2978 1293 3064 1339 est
3087 1283 3328 1340 Joannes
3356 1286 3445 1341 di-

1866 1384 1997 1423 cens
2020 1388 2031 1423 :
2054 1389 2072 1422 (
2098 1369 2152 1423 1η
2185 1371 2285 1425 hoc
2314 1373 2520 1428 scimus
2548 1374 2674 1443 quia
2706 1374 2760 1427 in
2792 1375 2910 1444 ipso
2936 1390 3151 1430 sumus.
3177 1376 3280 1441 Qui
3310 1376 3449 1430 dicit

1868 1478 1927 1516 se
1960 1464 2013 1516 in
2052 1463 2172 1532 ipso
2205 1480 2422 1520 manere
2447 1506 2461 1530 ,
2500 1466 2695 1530 debet,
2729 1467 2872 1521 sicut
2904 1469 2993 1523 ille
3022 1469 3363 1533 ambulavit,
3394 1478 3449 1525 et

1868 1553 1982 1624 ipse
2019 1554 2301 1610 ambulare
2331 1558 2430 1611 η.)
2476 1557 2542 1610 Et
2580 1574 2773 1613 rursus
2802 1578 2814 1609 :
2847 1579 2865 1610 ι
2896 1558 3027 1621 Vos.
3055 1561 3269 1628 inquit,
3298 1561 3448 1632 quod

1870 1643 2103 1699 audistis
2134 1646 2203 1700 ab
2232 1638 2388 1700 initio
2410 1689 2422 1710 ,
2462 1647 2515 1700 in
2548 1649 2704 1702 vobis
2735 1658 3072 1718 permaneat.
3120 1650 3174 1705 Si
3206 1652 3258 1704 in
3294 1652 3449 1708 vobis

1870 1738 2237 1804 permanserit
2271 1738 2415 1808 quod
2454 1738 2689 1795 audistis
2720 1741 2787 1793 ab
2820 1741 2979 1795 initio
3002 1783 3015 1805 ,
3049 1751 3104 1796 et
3133 1758 3231 1799 vos
3263 1744 3318 1797 in
3355 1743 3451 1795 Fi-

1802 1813 1843 1868 Β
1874 1828 1946 1881 1ἱο
1977 1837 2028 1882 et
2049 1826 2220 1883 Patre
2246 1830 2545 1885 manebitis
2576 1830 2643 1885 ’³.
2680 1852 2696 1883 ι
2724 1831 2788 1885 Ει
2819 1834 2949 1903 quid
2983 1835 3053 1888 sit
3081 1835 3216 1888 illud
3247 1837 3314 1889 ab
3343 1836 3448 1890 ini-

1872 1921 1949 1974 tio
1974 1962 1987 1981 ,
2019 1921 2165 1989 quod
2196 1922 2250 1975 in
2282 1921 2441 1977 nobis
2474 1939 2698 1979 manere
2729 1924 2974 1995 jubetur,
3024 1937 3082 1981 ut
3129 1943 3230 1981 nos
3276 1929 3453 1983 simus

1873 2013 1928 2066 in
1967 2013 2107 2079 Deo,
2143 2014 2258 2083 ipse
2310 2015 2469 2070 nobis
2496 2016 2857 2073 nihilosecius
2888 2018 3190 2073 declarabit
3212 2008 3448 2076 dicens:

1880 2122 1896 2152 ι
1931 2100 2044 2155 Hoc
2090 2112 2174 2156 est
2226 2103 2581 2166 mandatum,
2639 2104 2786 2173 quod
2845 2106 3084 2164 audistis
3138 2108 3205 2162 ab
3259 2108 3452 2172 initio,

1873 2193 2039 2262 800
2071 2201 2129 2246 ut
2157 2192 2403 2264 diligatis
2436 2195 2675 2251 invicem
2710 2198 2775 2251 '°.
2808 2216 2827 2250 ι
2858 2198 3031 2254 Audis
3062 2200 3343 2269 quomodo
3379 2201 3455 2255 si-

1876 2301 2000 2339 mus
2036 2286 2091 2339 in
2133 2285 2280 2350 Deo,
2314 2288 2639 2345 charitatem
2683 2290 2943 2365 videlicet
2986 2294 3219 2348 invicem
3268 2294 3456 2348 colen-

1877 2388 1995 2440 tes,
2032 2386 2084 2431 et
2117 2377 2429 2435 Servatoris
2470 2382 2732 2437 virtutem
2756 2421 2770 2447 ,
2811 2383 2995 2453 quoad
3037 2386 3199 2449 licet,
3248 2387 3455 2440 sectari

1876 2479 2179 2534 conantes,
2214 2473 2478 2527 virtutem
2512 2473 2639 2528 dico
2662 2513 2675 2537 ,
2712 2490 2819 2530 non
2865 2475 3015 2528 illam
3059 2475 3328 2529 ccelorum
3364 2486 3458 2529 aut

1878 2563 2199 2631 angelorum
2233 2564 2555 2619 creatricem
2581 2602 2596 2626 ,
2633 2580 2744 2619 non
2778 2580 2884 2635 qua
2920 2574 3125 2619 terram
3166 2567 3453 2630 fundavit,

1880 2662 1975 2706 aut
2009 2668 2159 2709 mare
2187 2654 2467 2720 extendit,
2510 2670 2612 2710 nec
2645 2671 2764 2711 eam
2801 2673 2907 2726 qua
2957 2657 3217 2713 incﬂ‘abili
3267 2666 3323 2714 et
3369 2659 3457 2713 in—

1879 2746 2167 2801 scrutabili
2199 2754 2487 2815 potestate,
2523 2747 2689 2801 verbo
2734 2748 2985 2818 quidem,
3024 2756 3315 2804 ventorum
3347 2751 3458 2804 vim

1880 2835 2127 2899 sedavit,
2165 2844 2258 2888 aut
2290 2843 2540 2890 mortuos
2572 2838 2871 2905 excitavit,
2923 2847 3019 2893 aut
3062 2841 3225 2896 cmcis
3279 2840 3459 2895 visum

1880 2924 2159 2990 restituit,
2199 2933 2294 2979 aut
2330 2926 2608 2995 leprosum
2646 2930 2899 2983 mundari
2930 2930 3141 2997 jussit;
3178 2933 3271 2987 sed
3310 2933 3459 2986 illam

1882 3016 2069 3084 potius
2104 3031 2226 3086 quae
2260 3016 2623 3073 humanitatis
2657 3020 2961 3075 conditioni
2994 3023 3273 3092 congruit.
3309 3022 3462 3075 Inve-

1881 3106 2097 3161 niemus
2126 3121 2281 3171 eum,
2312 3108 2773 3176 quemadmodum
2800 3107 3003 3166 Paulus
3032 3112 3109 3165 ait
3132 3112 3200 3142 ³ο*
3222 3154 3237 3179 ,
3265 3111 3333 3165 ab
3360 3113 3463 3165 im-

1889 3199 1995 3269 piis
2016 3200 2238 3269 quidem
2273 3200 2475 3257 Judaeis
2510 3204 2773 3259 conviciis
2798 3206 3053 3273 petitum,
3090 3208 3182 3260 sed
3219 3222 3328 3260 non
3366 3223 3461 3261 re-

1889 3284 2302 3347 malediccntem
2326 3332 2341 3355 ,
2370 3303 2425 3348 et
2452 3296 2747 3365 patientem
2778 3305 2832 3349 at
2860 3312 2968 3350 non
3002 3299 3328 3364 minantem,
3365 3298 3462 3353 sed

1892 3384 2198 3440 tradentem
2233 3388 2412 3454 potius
2438 3388 2590 3457 juste
2636 3388 2928 3457 judicauti.
2966 3389 3311 3444 Inveniemus
3336 3407 3459 3445 eum

1890 3488 2088 3529 rursus
2140 3475 2455 3529 dicentem:
2494 3494 2512 3527 ι
2541 3475 2748 3532 Discite
2781 3494 2809 3530 a
2846 3492 2933 3532 me
2965 3478 3095 3548 quia
3140 3478 3290 3534 mitis
3341 3494 3462 3534 sum

1888 3574 1944 3619 et
1971 3566 2196 3620 humilis
2224 3567 2421 3630 corde,
2455 3577 2509 3622 et
2539 3568 2835 3625 invenietis
2878 3570 3124 3639 requiem
3171 3570 3465 3628 animabus

1887 3659 2092 3713 vestris
2123 3658 2188 3711 ³⁸.
2221 3679 2238 3710 ι
2267 3657 2435 3729 Igitur
2467 3670 2547 3713 tot
2577 3662 2856 3730 praeclaris
2891 3663 3153 3732 operibus
3182 3663 3466 3719 Christum

1887 3752 2069 3807 omnis
2098 3752 2257 3807 nobis
2292 3753 2517 3809 virtutis
2546 3754 2742 3808 ducem
2793 3756 2996 3810 imitari
3050 3757 3366 3823 studentes,
3412 3766 3467 3813 et

1889 3843 1944 3897 in
1975 3841 2136 3897 Patre
2167 3843 2304 3897 etin
2338 3846 2461 3912 ipso
2490 3860 2709 3899 manere
2755 3844 3014 3911 dicimur,
3044 3846 3325 3915 praemium
3352 3849 3467 3901 vel-

1894 3933 1972 3985 uti
2003 3930 2281 4002 quoddam
2314 3948 2381 3986 ac
2407 3935 2832 3988 retributionem
2870 3935 3177 3990 honestatis
3210 3936 3345 3990 illud
3379 3952 3468 3990 re-

1891 4032 2202 4093 portantes.
2240 4022 2417 4079 Filius
2445 4033 2624 4078 autem
2650 4066 2665 4091 ,
2694 4040 2805 4078 non
2835 4026 3056 4095 quidem
3088 4042 3154 4081 ex
3188 4026 3277 4081 bis
3309 4042 3467 4080 suam

1892 4117 2127 4186 probare
2158 4117 2275 4170 vult
2306 4118 2652 4177 claritatem,
2701 4118 2798 4171 sed
2850 4118 3245 4171 miraculorum
3297 4119 3469 4195 maje-

1892 4214 2088 4261 statem
2118 4222 2225 4277 qua
2254 4209 2372 4263 lieri
2404 4215 2586 4279 potest
2609 4209 2839 4263 solertia
2878 4208 3245 4275 attendentes,
3282 4212 3469 4265 consi-

1892 4298 2089 4355 derare
2114 4300 2273 4370 jubet
2303 4302 2454 4355 nulla
2486 4318 2549 4355 ex
2584 4311 2738 4371 parte
2780 4302 3089 4357 variantem
3132 4318 3294 4373 quam
3337 4318 3467 4358 cum

1894 4408 1998 4448 suo
2032 4393 2195 4449 Patre
2228 4394 2394 4449 habet
2423 4395 2882 4456 similitudinem,
2915 4404 3079 4465 atque
3123 4396 3197 4451 ita
3245 4398 3471 4453 credere

194 4494 429 4565 καρδία,
456 4497 549 4547 καὶ
572 4497 832 4566 εὑρήσετε
864 4498 1169 4549 ἀνάπαυσιν
1196 4498 1314 4559 ταῖς
1340 4496 1539 4565 ψυχαῖς
1561 4494 1733 4564 ὑμῶν.
1764 4514 1779 4546 ι

1895 4486 2114 4539 demum
2146 4487 2447 4555 quodcum
2499 4488 2572 4541 sit
2620 4487 3144 4550 consubstantialis,
3204 4489 3368 4543 habet
3415 4490 3471 4545 in

196 4585 421 4641 Οὐκοῦν
465 4586 552 4640 διὰ
591 4588 691 4657 μὲν
731 4588 842 4640 τῶν
880 4588 1153 4641 τοσούτων
1207 4588 1651 4658 κατορθωμάτων
1699 4604 1789 4658 μι-

200 4676 431 4745 μεῖσθαι
495 4677 888 4741 σπουδάζοντες
945 4680 1038 4731 τὸν
1096 4678 1316 4749 ἀπάσης
1388 4680 1520 4747 ἡμῖν
1586 4679 1789 4749 ἀρετῆς

198 4771 307 4839 ήγε
319 4767 458 4836 μόνα
495 4768 747 4839 Χριστὸν,
784 4769 839 4819 ἐν
864 4785 923 4820 τε
949 4768 1025 4838 τῷ
1063 4769 1238 4838 Πατρὶ
1279 4769 1374 4822 καὶ
1411 4770 1468 4820 ἐν
1516 4768 1664 4838 αὐτῷ
1694 4770 1790 4839 μέ-

199 4876 323 4911 νειν
361 4858 654 4929 λεγόμεθα,
684 4860 852 4928 γέρας
884 4860 1074 4930 ὥσπερ
1108 4861 1198 4913 καὶ
1222 4861 1568 4930 ἀντιμισθίαν
1597 4864 1696 4931 τῆς
1731 4863 1789 4914 ἐν

200 4948 314 5019 βίῳ
369 4948 698 5019 σεμνότητος
741 4950 800 5002 τὸ
846 4951 1082 5019 πρᾶγμα
1144 4950 1539 5020 κερδαίνοντες.
1602 4951 1663 5002 ’0
1732 4951 1788 5005 δὲ

203 5041 343 5103 Υἱὸς
365 5042 466 5093 οὐκ
497 5043 561 5093 ἐκ
585 5042 793 5094 τούτων
815 5043 962 5110 ἡμᾶς
986 5042 1083 5112 τὴν
1110 5041 1334 5095 ἐνοῦσαν
1366 5041 1515 5111 αὐτῷ
1546 5042 1791 5112 λαμπρό-

196 5150 350 5203 τητα
391 5133 707 5204 δοκιμάζειν
751 5133 1032 5204 βούλεται,
1084 5137 1148 5205 τῇ
1204 5135 1258 5187 δὲ
1310 5134 1418 5187 τῶν
1470 5135 1790 5205 παραδόξων

202 5225 595 5297 μεγαλειότητι
621 5227 757 5295 μετά
784 5228 880 5296 τῆς
915 5226 1137 5296 ἐνούσης
1172 5226 1453 5295 ἀγχινοίας
1482 5243 1789 5297 προσεσχη-

199 5320 375 5380 κότας
410 5319 831 5371 διασκέπτεσθαι
878 5319 989 5371 δεῖν
1020 5318 1300 5370 ἐπιτάττει
1341 5321 1439 5388 τὴν
1471 5319 1791 5386 ἀπαράλλα-

201 5429 340 5463 κτον
360 5410 659 5480 ἐμφέρειαν
684 5410 749 5480 ἦν
772 5410 881 5478 ἔχει
909 5411 1043 5480 πρὸς
1074 5409 1162 5461 τὸν
1197 5409 1414 5480 Πατέρα
1448 5410 1539 5461 τὸν
1570 5410 1789 5475 ἑαυτοῦ,

204 5500 491 5554 πιστεύειν
528 5519 586 5553 τε
619 5501 760 5554 οὕτω
799 5502 984 5553 λοιπὸν
1028 5501 1102 5565 ὡς
1129 5502 1362 5571 ἐπείπερ
1405 5503 1553 5554 ἐστὶν
1595 5503 1792 5572 ὁμοού-

207 5606 352 5653 σιος,
396 5591 511 5660 ἔχει
545 5590 645 5661 μὲν
683 5594 739 5644 ἐν
765 5590 942 5661 ἐαυτῷ
978 5591 1067 5644 τὸν
1097 5594 1457 5662 γεννήσαντα,
1498 5593 1793 5664 ἐνυπάρχει

295 5774 341 5803 ³·
378 5770 582 5829 lJoan.
619 5788 679 5841 ιι,
714 5773 765 5840 5,
797 5772 848 5829 6.
929 5776 973 5806 "
1017 5773 1149 5830 ibid.
1180 5774 1269 5829 24.
1352 5776 1394 5807 ³ο
1436 5772 1465 5828 ι
1493 5772 1649 5831 Joan.
1690 5790 1772 5843 ιιι,
1810 5773 1899 5830 il.

1897 4579 2081 4649 seipso
2107 4576 2440 4643 Genitorem,
2475 4588 2528 4634 et
2559 4580 2677 4649 ipse
2719 4582 2772 4634 in
2825 4597 2890 4636 eo
2935 4589 3041 4636 est.
3097 4581 3315 4652 Alioqui
3364 4586 3467 4637 do-

1896 4680 2057 4724 ceant
2085 4669 2266 4724 obiter
2299 4671 2598 4725 adversarii
2637 4673 2845 4742 praemii
2880 4673 3031 4736 loco,
3067 4673 3231 4727 sicuti
3275 4674 3432 4728 nobis
3454 4717 3469 4740 ,

1899 4761 1951 4816 id
1984 4762 2035 4815 ei
2066 4777 2287 4831 quoque
2318 4778 2476 4825 esse,
2521 4774 2576 4817 et
2629 4764 3009 4819 retributionis
3062 4768 3188 4821 vitae
3232 4782 3473 4837 evange-

1898 4852 2052 4915 licae,
2089 4852 2233 4921 quod
2287 4853 2341 4906 in
2390 4851 2553 4907 Patre
2596 4853 2943 4923 intelligitur.
2989 4856 3095 4909 Sed
3151 4858 3473 4926 neutiquam

1898 4943 2045 4999 istud
2076 4943 2157 4998 eis
2188 4960 2355 5013 grave
2380 4946 2516 5007 erit,
2549 4948 2768 5014 Opinor.
2801 4944 3017 5011 Quibus
3048 4949 3191 5001 enim
3229 4950 3451 5017 petulan

1896 5039 1989 5091 tite
2014 5038 2229 5091 nullum
2258 5054 2427 5107 genus
2457 5047 2537 5092 est
2571 5037 2899 5092 intentatum
2921 5082 2935 5104 ,
2961 5041 3220 5109 quidnam
3252 5040 3473 5095 absurdi

1898 5132 2167 5185 intactum
2213 5132 2581 5201 reliquerint?
2613 5131 3041 5202 Respondebant
3067 5150 3218 5203 ergo,
3268 5147 3326 5188 ut
3353 5150 3474 5189 cre-

1898 5225 2064 5278 dibile
2089 5233 2172 5279 est
2192 5266 2206 5289 ,
2229 5224 2432 5278 Filium
2464 5225 2669 5279 idcirco
2695 5226 2748 5279 in
2778 5224 2937 5281 Patre
2962 5242 3106 5288 esse,
3131 5235 3184 5281 et
3210 5226 3262 5279 in
3290 5227 3475 5295 seipso

1900 5333 2098 5371 rursus
2135 5317 2342 5373 habere
2372 5317 2623 5384 Patrem,
2657 5321 2786 5387 quia
2834 5321 3135 5375 virtutibus
3182 5336 3321 5389 quas
3371 5321 3474 5388 ipsi

1900 5426 2119 5481 quoque
2148 5412 2518 5480 assequimur,
2540 5410 2607 5463 ad
2640 5427 2762 5465 eum
2796 5412 3191 5465 conformatur.
3214 5413 3282 5465 At
3307 5412 3474 5480 quid-

1898 5503 1955 5555 ni
1986 5517 2181 5557 rursus
2203 5542 2217 5565 ,
2250 5502 2473 5570 inquam
2498 5542 2512 5564 ,
2553 5519 2587 5556 o
2640 5500 2800 5565 boni,
2833 5518 2958 5556 cum
3005 5501 3293 5573 Philippus
3323 5503 3473 5557 dice-

1900 5600 1983 5649 ret
2033 5612 2047 5649 :
2101 5613 2117 5644 ι
2152 5592 2378 5647 Domine
2401 5633 2415 5656 ,
2450 5592 2680 5648 ostende
2713 5594 2874 5648 nobis
2916 5593 3168 5659 Patrem,
3202 5613 3220 5647 ι
3250 5603 3477 5652 sanctos

1981 5774 2045 5807 ³⁸⁸
2075 5772 2093 5826 l
2123 5772 2272 5829 Pctr.
2307 5789 2378 5840 ιι,
2412 5773 2500 5829 23.
2579 5774 2617 5805 "
2661 5772 2851 5830 Matth.
2885 5788 2962 5838 XI,
2990 5773 3076 5829 29.
