3892 6202
447 361 555 422 9.ἰῦ

1445 359 1502 419 S.
1544 357 1824 417 CYRlLLl
1876 357 2352 417 ALEXANDRINI
2393 361 2713 418 ARCHIEP.

3600 357 3711 414 εει

453 498 645 537 omnes
699 482 980 552 apostolos
1032 481 1098 535 ad
1157 480 1448 551 imaginem
1505 488 1558 534 et
1608 478 2029 534 similitudinem

2136 477 2191 533 δὲ
2223 482 2316 534 καὶ
2349 480 2511 545 αὐτὸς
2542 481 2709 552 αύτῷ.
2741 482 2811 534 Ἢ
2835 481 3236 534 διδασκέτωσαν
3264 478 3622 552 παρελθόντες
3658 479 3710 530 οἰ

453 582 704 628 exactam
742 573 863 642 ejus
898 573 1044 644 quod
1088 575 1142 628 in
1187 573 1370 626 animo
1416 571 1654 627 habebat
1703 570 2028 640 proferens,

459 665 715 719 Christus
738 666 918 719 aiebat
941 685 955 720 :
986 663 1196 720 «Tanto
1213 673 1460 733 tempore
1483 662 1771 718 nobiscum
1793 662 2030 716 invicem

452 772 666 820 sumus,
687 764 868 811 etnon
895 757 1204 826 cognovisti
1228 755 1484 810 Patrem?
1513 774 1532 807 ι
1559 756 1722 825 Atqui
1756 754 2029 810 neminem

453 850 686 903 aliorum
721 864 908 903 secum
943 851 1208 912 assumit,
1243 847 1336 904 sed
1373 848 1552 903 solum
1588 847 1750 917 801
1787 862 1847 901 se
1877 844 2030 900 Patri

451 938 554 992 soli
585 953 933 1008 comparans,
966 947 1152 994 nostra
1186 938 1460 1008 praterit,
1495 947 1554 992 ut
1584 939 1743 992 valde
1773 946 2029 1007 angusta,

450 1045 690 1099 cmnque
728 1031 783 1084 in
817 1031 902 1086 his
932 1029 1179 1084 divinam
1207 1030 1578 1086 substantiam
1613 1037 1875 1084 accurate
1905 1028 2028 1082 nol-

448 1120 524 1174 let
554 1121 900 1190 exprimere,
937 1121 1038 1177 soli
1073 1120 1180 1176 sibi
1210 1121 1676 1192 perfectissimam
1709 1119 2030 1176 similitudi-

449 1229 571 1267 nem
609 1215 912 1269 reservavit
937 1231 950 1268 :
973 1234 990 1266 ι
1015 1212 1121 1280 Qui
1154 1215 1299 1270 enim
1330 1230 1415 1270 me
1445 1213 1619 1280 vidit,
1650 1213 1862 1283 inquit,
1893 1214 2032 1268 vidit

446 1311 498 1356 et
524 1303 795 1359 Patrem.)
829 1303 1033 1358 Deinde
1059 1305 1145 1361 his
1177 1305 1364 1358 statim
1395 1304 1718 1373 subjunxit:
1749 1323 1767 1355 ι
1789 1303 2031 1360 Creditis

445 1395 574 1458 quia
597 1411 697 1465 ego
719 1396 770 1449 iu
801 1394 982 1460 Patre,
1004 1405 1056 1450 et
1073 1394 1235 1448 Pater
1260 1397 1312 1449 in
1338 1410 1424 1449 me
1449 1395 1570 1450 est?
1597 1394 1858 1461 rQuando
1877 1395 2026 1451 enim

448 1489 909 1560 perfectissimam
966 1489 1018 1548 in
1049 1488 1307 1542 omnibus
1355 1488 1525 1543 habet
1564 1487 2024 1552 similitudinem,

444 1581 722 1650 quomodo
749 1597 856 1635 non
887 1581 1046 1637 habet
1075 1581 1192 1650 ipse
1221 1581 1443 1635 demum
1471 1581 1524 1634 in
1559 1581 1742 1651 seipso
1770 1579 1987 1634 Patrem
2011 1621 2026 1644 ,

443 1673 542 1729 sed
574 1673 982 1743 quodammodo
1013 1673 1246 1727 habetur
1272 1686 1301 1724 a
1329 1670 1537 1726 Patre?
1557 1671 1689 1726 Tale
1719 1671 1848 1742 quid
1879 1671 2026 1725 enim

444 1769 644 1837 rogita,
661 1775 713 1821 et
731 1767 798 1820 ad
817 1781 1008 1821 eorum
1035 1759 1160 1836 qua:
1181 1767 1329 1821 dicta
1352 1774 1480 1822 sunt
1497 1765 2026 1823 demonstrationem

2135 572 2202 625 δι’
2231 573 2479 636 ἐναντίας
2525 575 2607 626 ὅτι
2646 575 2815 645 γέρας
2847 573 2960 644 ἔχει
2981 613 2996 636 ,
3027 571 3279 642 καθάπερ
3307 572 3468 642 ήμεῖς
3491 612 3506 635 ,
3545 571 3606 622 τὸ
3651 571 3711 622 ἐν

2132 665 2213 736 τῷ
2245 666 2421 736 Πατρὶ
2471 667 2708 720 νοεῖσθαι
2756 667 2851 720 καὶ
2895 666 3100 729 αὐτὸς,
3144 666 3238 717 καὶ
3289 663 3565 726 πολιτείας
3610 662 3711 728 τῆς

2135 760 2274 812 κατά
2307 761 2472 829 νόμον
2502 759 2860 828 εὐαγγελικὸν
2904 758 3233 829 ἀντίρροπον
3262 755 3518 826 ἀμοιϐήν.
3566 754 3710 806 Ἀλλ’

2133 851 2305 914 οὐδὲν,
2343 846 2519 921 οἶμαι,
2558 850 2730 905 δεινὸν
2755 851 2981 913 ἐκείνοις
3012 849 3259 920 φαίνεται
3290 848 3385 900 καί⁸
3407 845 3585 901 τοῦτο.
3614 839 3711 907 Οἷς

2133 941 2243 1012 γὰρ
2277 937 2414 1005 εἶδος
2446 941 2597 995 οὐδὲν
2627 940 3009 1009 γλωσσαλγίας
3037 938 3454 1009 ἀνεπιτήδευτον
3473 979 3487 1001 ,
3524 936 3574 988 τί
3600 934 3712 986 τῶν

2133 1034 2254 1087 λίαν
2304 1033 2701 1105 ἀπηχεστάτων
2752 1032 2848 1102 οὐχ
2893 1031 3229 1101 ἰππήλατον;
3282 1028 3443 1090 Εἰκὸς
3486 1023 3580 1080 οὖν
3626 1026 3712 1076 ὅτι

2133 1127 2358 1180 κάκεῖνο
2397 1125 2648 1198 ἐροῦσιν,
2680 1125 2755 1187 ὡς
2799 1125 2882 1195 είη
2921 1123 3019 1193 μὲν
3073 1122 3102 1174 ὁ
3141 1119 3268 1182 Υἰδς
3310 1120 3367 1173 ὲν
3409 1120 3587 1188 Πατρί.
3622 1115 3713 1168 διά

2131 1218 2314 1284 τοῦτο,
2355 1217 2470 1288 ἔχοι
2503 1217 2559 1270 δὲ
2585 1213 2652 1270 αὖ
2691 1215 2851 1270 πάλιν
2879 1216 2936 1267 ὲν
2967 1211 3146 1282 ἑαυτῷ
3170 1211 3262 1264 τὸν
3289 1211 3530 1278 Πατέρα,
3559 1207 3712 1259 ἐπεί-

2134 1327 2240 1382 περ
2265 1312 2384 1373 ταῖς
2423 1309 2518 1363 καὶ
2556 1311 2687 1380 ἡμῖν
2714 1309 2965 1376 ἑφικταῖς
2995 1306 3217 1376 ἀρεταῖς
3241 1345 3256 1368 ,
3284 1302 3360 1364 ὡς
3386 1299 3522 1371 πρὸς
3548 1298 3714 1352 αὐτὸν

2134 1402 2551 1473 σχηματίξεται.
2588 1402 2696 1454 Καὶ
2717 1400 2769 1453 τί
2796 1400 2860 1468 δὴ
2897 1397 3081 1462 πάλιν,
3116 1390 3161 1448 ὦ
3189 1393 3472 1463 βέλτιστοι,
3506 1390 3710 1459 φαμὲν,

2131 1493 2398 1546 φιλίππου
2446 1491 2696 1560 λέγοντος
2721 1505 2734 1518 ·
2778 1507 2796 1540 ι
2850 1487 3022 1558 Κύριε
3045 1527 3059 1550 ,
3099 1481 3271 1548 δεῖξον
3303 1481 3433 1552 ἡμῖν
3470 1478 3560 1531 τὸν
3595 1477 3712 1528 Πα-

2131 1587 2299 1656 τέρα,
2339 1604 2358 1635 ι
2424 1583 2499 1654 μὴ
2555 1581 2764 1644 πάντας
2818 1580 2947 1642 τοὺς
3005 1577 3194 1645 ἁγίους
3254 1569 3584 1632 ἀποστόλους
3631 1570 3714 1632 εἰς

2132 1679 2318 1732 εἰκόνα
2343 1677 2437 1731 καὶ
2465 1675 2724 1745 ὁμοίωσιν
2759 1671 2960 1744 ἀκριϐῆ
2997 1667 3090 1722 τοῦ
3120 1665 3410 1736 νοουμένου
3443 1660 3715 1733 παραθεὶς

2135 1771 2374 1842 ἔφασκεν
2411 1771 2440 1822 ὁ
2480 1767 2716 1837 Χριστός
2741 1783 2755 1796 ο
2787 1760 3040 1832 Τοσούτῳ
3069 1761 3244 1832 χρόνῳ
3300 1754 3437 1828 μετά
3466 1753 3718 1822 ἀλλήλων

446 1875 600 1930 rape.
636 1858 912 1929 Numquid
941 1861 1124 1925 enim,
1160 1861 1204 1916 si
1237 1859 1472 1914 Abrahae
1493 1899 1507 1921 ,
1540 1865 1634 1912 aut
1666 1857 1898 1912 alterius
1929 1871 2027 1910 cu-

2136 1840 2324 1935 ἐσμὲν,
2370 1862 2465 1916 καὶ
2502 1862 2604 1914 οὐκ
2637 1860 2882 1927 ἔγνωκας
2911 1856 3005 1909 τὸν
3037 1853 3297 1924 Πατέρα;
3336 1849 3478 1902 Ἀλλ’
3522 1847 3718 1900 οὐδένα

443 1947 662 2018 jusdam
693 1949 932 2004 hominis
963 1949 1134 2003 ﬁlium
1168 1950 1368 2019 aliquis
1401 1949 1454 2002 in
1486 1948 1729 2003 medium
1761 1947 2028 2010 adducat,

446 2048 560 2098 tum
596 2040 865 2108 genitoris
892 2048 1141 2094 naturam
1165 2049 1395 2110 quaerat,
1420 2046 1886 2108 perconteturque
1909 2037 2032 2108 qui-

446 2149 572 2184 nam
602 2140 656 2187 et
687 2133 867 2202 qualis
898 2134 968 2188 sit
1000 2134 1047 2187 is
1076 2133 1174 2203 qui
1206 2132 1429 2202 genuit,
1462 2140 1613 2188 recte
1644 2132 1842 2202 utique
1872 2146 2030 2187 suam

447 2230 700 2278 naturam
750 2224 1191 2288 demonstraret,
1242 2223 1438 2278 dicens
1470 2242 1482 2278 :
1514 2243 1532 2276 ι
1563 2223 1667 2290 Qui
1715 2222 1856 2279 vidit
1909 2240 2028 2290 me,

445 2316 583 2368 vidit
605 2325 660 2370 et
683 2316 939 2387 patrem?
977 2315 1089 2387 Ego
1117 2316 1170 2371 in
1201 2325 1376 2386 patre,
1402 2325 1456 2370 et
1493 2325 1650 2387 pater
1673 2318 1727 2371 in
1757 2333 1842 2372 me
1871 2324 1980 2372 est.
2007 2335 2026 2368 ι

447 2408 655 2466 Deinde
687 2421 741 2464 ut
774 2410 1088 2464 ostenderet
1117 2425 1178 2464 se
1215 2425 1345 2464 vere
1373 2409 1546 2479 loqui,
1597 2408 1863 2480 numquid
1895 2424 2027 2463 con-

446 2503 734 2559 venienter
764 2501 987 2558 aﬂerret
1019 2503 1072 2556 in
1104 2503 1364 2560 humanis
1397 2501 1660 2572 operibus
1691 2511 1786 2557 aut
1817 2510 2033 2556 natura:

447 2595 672 2649 dotibus
716 2594 1058 2650 identitatem
1085 2637 1098 2660 ,
1130 2594 1323 2650 dicens
1351 2615 1362 2649 :
1398 2612 1416 2645 ι
1445 2593 1681 2666 Propter
1712 2609 1878 2665 opera
1911 2595 2030 2664 ipsa

450 2685 584 2738 mihi
641 2685 869 2740 credite.
903 2684 1162 2739 rCuncta
1194 2686 1339 2739 enim
1394 2685 1606 2750 habeo,
1658 2693 1712 2741 et
1764 2701 2031 2756 peragere

448 2785 649 2830 cmmta
683 2792 825 2846 queo
854 2792 977 2846 quae
1021 2784 1234 2830 natura;
1282 2777 1540 2831 humana:
1590 2778 1804 2834 insunt.
1861 2779 2030 2848 Atqui

447 2886 578 2924 vera
610 2885 712 2926 nos
739 2869 925 2924 dicere
954 2885 1117 2924 nemo
1144 2885 1255 2923 non
1281 2912 1295 2934 ,
1330 2871 1547 2940 Opinor,
1580 2870 1707 2940 jure
1745 2869 2028 2937 fatebitur,

449 2974 504 3017 et
541 2963 828 3017 identitate
859 2965 912 3016 in
950 2962 1158 3018 nostris
1200 2962 1466 3032 operibus
1515 2964 1566 3018 id
1612 2973 1772 3018 acute
1803 2965 2032 3020 demon-

451 3057 638 3110 strari.
672 3055 875 3121 Quidni
909 3070 1040 3126 ergo
1070 3055 1165 3126 qui
1197 3062 1344 3110 recta
1398 3064 1730 3124 pervertunt
1783 3057 1850 3123 3’,
1885 3057 2028 3110 haud

2132 1958 2240 2012 τῶν
2257 1955 2432 2010 ἄλλων
2457 1953 2636 2024 ἑαυτῷ
2659 1949 3082 2020 συνεισδέχεται,
3115 1947 3277 2018 μόνον
3299 1944 3356 1996 δὲ
3379 1941 3526 2013 μόνῳ
3541 1955 3720 2009 παρα-

2135 2051 2248 2113 θεὶς
2282 2047 2360 2118 τῷ
2391 2045 2602 2118 Πατρὶ,
2637 2045 2713 2108 ὠς
2764 2041 2938 2114 μικρά
2992 2037 3088 2111 μὲν
3140 2036 3340 2107 κομιδῇ
3374 2031 3717 2104 παρατρέχει

2135 2145 2200 2196 τὰ
2225 2142 2470 2212 ἡμέτερα
2496 2179 2510 2202 ,
2559 2139 2659 2191 οὐκ
2704 2139 2761 2189 ὲν
2810 2135 3022 2197 τούτοις
3051 2133 3106 2186 δὲ
3146 2129 3389 2201 ἀκριϐῶς
3434 2127 3532 2196 τὴν
3561 2124 3719 2179 θείαν

2133 2238 2320 2292 οὐσίαν
2355 2231 2778 2301 ὲξεικονίζεσθαι
2811 2228 2978 2283 θέλων
3000 2270 3014 2293 ,
3047 2224 3224 2295 ἑαυτῷ
3257 2223 3529 2293 τετήρηκε
3567 2218 3716 2288 μόνῳ

2134 2331 2231 2401 τὴν
2265 2331 2344 2393 εἰς
2385 2328 2562 2398 ἄκραν
2601 2323 2931 2394 ἐμφέρειανο
2971 2338 2989 2371 ι
3038 2318 3098 2370 '0
3139 2317 3248 2388 γὰρ
3295 2311 3556 2384 ἑωρακὼς
3591 2310 3715 2380 ἐμὲ,

2136 2425 2288 2493 φησί,
2334 2420 2426 2474 τὸν
2452 2417 2670 2487 Πατέρα
2703 2415 2968 2486 ἑώρακεν.
3012 2431 3029 2462 ›
3065 2405 3199 2462 Εἶτα
3232 2406 3440 2467 τούτοις
3477 2405 3718 2493 ὲπήνεγέ

2135 2492 2231 2569 κεν
2265 2513 2455 2576 εὐθύς·
2496 2531 2514 2564 ι
2563 2509 2855 2562 Πιστεύετε
2897 2507 2979 2558 ὅτι
3027 2501 3138 2570 ἐγὼ
3178 2502 3234 2553 ὲν
3274 2497 3350 2568 τῷ
3381 2497 3578 2567 Πατρὶ,
3619 2492 3720 2546 καὶ

2133 2605 2162 2657 ὁ
2197 2602 2387 2674 Πατὴρ
2419 2602 2476 2655 δὲ
2508 2603 2564 2654 ἐν
2606 2597 2728 2668 ἐμοί
2767 2597 2951 2660 ὲστιν;
2991 2613 3010 2646 ›
3045 2593 3220 2645 Ὅπου
3248 2588 3356 2660 γὰρ
3389 2584 3716 2656 ἀπαραλλά·

2134 2712 2276 2758 κτως
2312 2693 2425 2764 ἔχει
2456 2691 2598 2744 κατά
2627 2707 2689 2757 γε
2717 2687 2812 2758 τὴν
2845 2685 3076 2739 εἰσάπαν
3116 2680 3434 2753 ἐμφέρειαν,
3470 2678 3588 2741 πῶς
3613 2676 3720 2728 οὐκ

2132 2788 2198 2842 ἂν
2246 2787 2359 2856 ἔχοι
2399 2784 2586 2836 λοιπὸν
2633 2779 2794 2838 αὐτὸς
2847 2777 2947 2848 μὲν
2996 2777 3052 2828 ὲν
3102 2771 3280 2842 ἐαυτῷ
3329 2770 3420 2824 τὸν
3471 2769 3717 2838 Πατέρα,

2134 2881 2316 2952 ἔχεται
2359 2877 2415 2930 δὲ
2468 2875 2657 2944 ὥσπερ
2697 2873 2802 2925 ὑπὸ
2847 2873 2943 2925 τοῦ
2985 2866 3228 2938 Πατρός;
3280 2863 3482 2917 Ἐννόει
3514 2862 3625 2931 γάρ
3663 2877 3722 2912 τι

2133 2971 2394 3030 τοιοῦτον,
2438 2968 2533 3020 καὶ
2565 2967 2702 3033 πρὸς
2731 2961 3007 3027 ἀπόδειξιν
3043 2959 3196 3029 δέχου
3232 2956 3342 3010 τῶν
3383 2953 3719 3026 εἰρημένων.

2133 3061 2281 3135 ’Λρα
2316 3061 2446 3130 γὰρ,
2500 3059 2551 3112 εἰ
2590 3074 2674 3119 τις
2708 3055 2767 3109 τὸ
2822 3053 3096 3129 Ἀϐραὰμ,
3137 3052 3303 3122 ῆγουν
3349 3047 3538 3135 ἑτέρου
3570 3044 3725 3108 τινος

451 3158 658 3204 rectam
690 3149 963 3203 doctrina:
997 3149 1249 3203 semitam
1289 3149 1552 3204 insistere
1587 3150 1706 3204 suis
1737 3149 2029 3219 discipulis

2136 3133 2423 3226 ἀνθρώπου
2445 3151 2608 3220 τυχὸν
2642 3151 2724 3211 εἰς
2763 3148 2925 3217 μέσον
2956 3145 3160 3212 ἀγάγοι
3205 3140 3436 3201 παιδίον,
3466 3133 3583 3192 εἶτα
3619 3137 3724 3205 τὴν

453 3240 828 3310 persuadent,
860 3240 958 3295 sed
981 3285 993 3306 ,
1031 3241 1223 3294 relicta
1254 3241 1343 3294 via
1375 3241 1523 3311 regia
1549 3283 1562 3304 ,
1598 3241 1945 3298 inaccessam
1977 3251 2029 3296 et

2136 3246 2228 3300 τοῦ
2254 3245 2503 3306 τεκόντος
2533 3241 2667 3294 αὐτὸ
2705 3237 2994 3308 διερωτοίη
3027 3235 3210 3306 φύσιν,
3241 3233 3322 3296 τίς
3360 3247 3419 3284 τε
3457 3230 3596 3292 ὅλως
3632 3229 3725 3298 εῖη

451 3350 704 3404 asperam
737 3336 954 3388 calcare
990 3349 1049 3388 se
1081 3335 1370 3404 ignorant,
1412 3341 1468 3388 et
1512 3348 1648 3388 suos
1693 3336 1937 3390 asseclas
1967 3351 2032 3390 eo

451 3427 792 3496 compellunt
821 3427 844 3479 ?
871 3425 977 3480 Sed
1011 3441 1112 3480 nos
1132 3467 1145 3488 ,
1181 3425 1518 3496 ejuscemodi
1565 3426 1648 3479 via
1682 3427 1911 3491 relicta,
1940 3442 2034 3497 per

2136 3340 2230 3393 καὶ
2259 3335 2498 3398 ποδαπὸς
2523 3336 2552 3388 δ
2585 3331 2762 3386 τεκὼν
2789 3329 3036 3402 βούλοιτο
3068 3327 3283 3398 μαθεῖν,
3321 3324 3422 3377 οὐκ
3461 3321 3527 3376 ἂν
3560 3320 3723 3372 εὐλό-

2141 3449 2250 3500 γως
2281 3428 2552 3498 ὲφώνησε,
2581 3423 2784 3494 μᾶλλον
2809 3421 2988 3491 δὲτὴν
3018 3419 3227 3473 οἰκείαν
3256 3414 3502 3480 ἐπέδειξε
3532 3413 3722 3482 φύσιν,

451 3529 658 3572 rectam
693 3517 1051 3579 ineedemus,
1098 3526 1186 3581 et,
1231 3532 1520 3572 sacrarum
1565 3517 1895 3572 Litterarum
1939 3533 2029 3572 au-

2137 3524 2310 3590 λέγων
2334 3539 2347 3552 ο
2408 3539 2425 3570 ι
2488 3520 2547 3570 '0
2595 3515 2856 3586 ἑωρακὼς
2891 3512 3031 3582 ἐμὲ,
3080 3509 3293 3582 ἑώρακε
3332 3508 3424 3561 τὸν
3464 3504 3724 3575 πατέρας

449 3610 708 3664 ctoritate
752 3610 984 3673 muniti,
1037 3610 1462 3679 mqunipoteittem
1495 3616 1549 3664 et
1581 3610 2035 3665 consubstantia-

449 3703 558 3759 lem
612 3701 723 3755 Deo
768 3717 830 3756 ac
871 3701 1020 3756 Patri
1063 3700 1264 3759 Filium
1294 3703 1417 3773 ejus
1447 3704 1751 3758 secundum
1783 3713 2034 3759 naturam

449 3813 575 3852 esse
608 3795 886 3851 credimus
906 3835 922 3860 ,
953 3795 1187 3866 ejusque
1227 3797 1524 3866 imaginem
1565 3812 1688 3852 esse
1711 3839 1726 3864 ,
1757 3807 1922 3867 atque
1956 3799 2038 3853 id-

450 3889 602 3942 circo
633 3889 686 3942 in
720 3887 882 3942 Patre
909 3903 1064 3949 esse,
1100 3896 1155 3942 et
1185 3888 1238 3941 in
1277 3889 1396 3954 ipso
1423 3886 1666 3946 Patrem.

2155 3612 2296 3676 Ἐγὼ
2335 3614 2391 3664 ὲν
2437 3609 2513 3678 τῷ
2567 3608 2736 3677 πατρὶ
2759 3648 2774 3672 ,
2808 3605 2900 3658 καὶ
2933 3606 2962 3657 ό
3011 3602 3194 3674 πατὴρ
3238 3603 3296 3655 έν
3337 3598 3458 3669 ὲμοί
3491 3599 3663 3650 ἐστιν.
3699 3615 3718 3647 ι

2141 3703 2272 3760 Εἶτα
2319 3704 2455 3774 πρὸς
2497 3699 2772 3763 ἀπόδειξιν
2803 3696 2894 3751 τοῦ
2942 3696 3042 3765 τὴν
3091 3693 3348 3765 ἀλήθειαν
3381 3692 3589 3750 εἰπεῖν,
3620 3689 3727 3741 οὐκ

2129 3801 2196 3853 ἂν
2251 3795 2512 3868 παροίσαι
2564 3790 2884 3863 πρεπόντως
2939 3788 3039 3857 τὴν
3096 3788 3154 3839 ὲν
3191 3788 3304 3848 τοῖς
3356 3781 3727 3854 ἀνθρωπίνοις

2139 3891 2361 3960 ἔργοις,
2407 3886 2527 3956 ῆτοι
2588 3883 2840 3952 φυσικοῖς
2895 3879 3338 3949 πλεονεκτήμασι
3389 3873 3723 3942 ταυτότητα,

449 3982 655 4052 λέγων’
699 4003 716 4034 ι
754 3983 852 4038 Διά
885 3984 959 4038 τά
991 3983 1128 4054 ἔργα
1167 3984 1305 4036 αύτά
1350 3983 1635 4037 πιστεύετέ
1670 4003 1780 4055 μοι.
1826 4005 1843 4036 ι
1885 3987 2036 4056 Ἕχω
2074 3988 2182 4057 γὰρ
2223 3985 2424 4046 πάντα,
2499 3979 2595 4036 καὶ
2635 3979 2878 4049 ἐνεργεῖν
2947 3974 3116 4045 ἰσχύω
3165 3972 3231 4026 τὰ
3283 3973 3349 4042 τῇ
3401 3969 3726 4040 ἀνθρωπεία

449 4080 726 4150 προσόντα
751 4081 932 4150 φύσει.
978 4079 1141 4144 ’Δλλ’,
1170 4076 1342 4151 οἶμαι,
1379 4083 1488 4143 πᾶς
1516 4098 1601 4144 τις
1626 4081 1744 4154 ὲρεῖ
1812 4084 1906 4138 καὶ
1973 4083 2277 4136 συναινέσει
2324 4075 2550 4136 δικαίως
2609 4073 2690 4125 ὅτι
2742 4070 2997 4139 λέγοιμεν
3045 4066 3261 4138 ἀληθῆ,
3335 4065 3616 4154 δριμεῖαν
3661 4062 3720 4114 δὲ

446 4172 558 4226 τῶν
603 4173 662 4224 έν
692 4173 805 4236 τοῖς
842 4171 990 4235 ἰδίοις
1021 4171 1204 4243 ἔργοις
1253 4171 1530 4236 ἀπόδειξιν
1575 4153 1674 4243 τὴν
1714 4175 2036 4246 ταυτότητας
2060 4169 2464 4244 παρακομίσαι.
2502 4164 2568 4218 Τί
2602 4160 2893 4234 τοιγαροῦν
2919 4161 2970 4212 οἱ
3003 4159 3070 4212 τά
3099 4157 3276 4228 ὀρθῶς
3339 4155 3532 4226 ἔχοντα
3601 4153 3720 4206 δια-

449 4270 794 4341 στρέφοντες,
843 4268 917 4339 μὴ
957 4268 1056 4339 τὴν
1089 4267 1304 4321 εὐθεῖαν
1331 4268 1442 4322 τῶν
1481 4269 1856 4341 θεωρημάτων
1889 4271 2027 4324 ἰέναι
2063 4268 2248 4342 τρίϐον
2280 4265 2406 4328 τοὺς
2443 4261 2606 4322 ἰδίους
2673 4256 3025 4313 ἀναπείθουσι
3067 4251 3352 4324 φοιτητὰς,
3389 4249 3549 4315 ἀλλὰ,
3619 4249 3725 4318 τῆς

449 4363 733 4434 βασιλικῆς
757 4379 817 4416 τε
846 4363 939 4415 καὶ
959 4362 1327 4433 τετριμμένης
1358 4362 1806 4435 ὲξώσαντες,τὴν
1831 4364 2029 4436 ἀστιϐῆ
2101 4363 2197 4418 καὶ
2263 4358 2524 4432 τραχεῖαν
2575 4352 2860 4424 ἐρχόμενοι
2908 4347 3254 4418 διαλελήθασι
3309 4344 3409 4416 μὲν
3469 4344 3723 4436 ἑαυτούς,

447 4457 793 4528 συντρίϐουσι
857 4457 914 4509 δὲ
960 4457 1053 4509 καὶ
1099 4458 1229 4519 τοὺς
1283 4457 1515 4510 ἕπεσθαι
1570 4457 1681 4510 δεῖν
1740 4458 2024 4529 οἰομένους
2064 4459 2281 4520 αὐτοῖςς
2326 4451 2465 4506 Ἀλλ’
2495 4451 2678 4521 ήμεῖς,
2723 4446 2783 4500 ού
2826 4443 3034 4514 ταύτην
3063 4441 3348 4534 ἐρχόμενοι
3413 4435 3521 4534 τὴν
3577 4434 3721 4534 ὀδὸκί,

443 4549 545 4616 τὴν
586 4526 854 4617 τεύθυτενῆ
904 4546 1270 4618 βαδιούμεθα,
1323 4549 1453 4616 καὶ,
1499 4552 1612 4613 τοῖς
1645 4526 1838 4622 ἰεροῖς⁷
1878 4549 2188 4619 πειθόμενοι
2254 4545 2627 4617 Γράμμασιν,
2678 4537 2925 4606 ἰσοσθενῆ
2970 4535 3062 4589 καὶ
3130 4530 3414 4602 ὁμοούσιον
3453 4526 3532 4597 τῷ
3601 4526 3724 4594 Θεῷ

445 4643 540 4695 καὶ
581 4643 756 4712 Πατρί
803 4643 1132 4712 πιστεύομεν
1181 4639 1321 4698 εἶναι
1367 4644 1458 4698 τὸν
1507 4645 1564 4712 ἐξ
1619 4646 1785 4701 αὑτοῦ
1828 4649 2161 4720 γεννηθέντα
2227 4642 2370 4697 κατά
2415 4640 2576 4710 φύσιν
2617 4637 2780 4697 Υἰίιν,
2845 4633 3030 4686 εἰκόνα
3079 4648 3138 4684 τε
3192 4630 3459 4700 ὑπάρχειν
3529 4622 3720 4687 αὐτοῦ,

444 4731 535 4785 διά
559 4748 620 4784 τε
651 4730 810 4784 τοῦτο
842 4733 1005 4786 αὑτὸν
1035 4735 1133 4805 μὲν
1171 4729 1313 4788 εἶναι
1344 4735 1401 4789 ὲν
1433 4737 1628 4808 Πατρί,
1670 4739 1728 4792 ἐν
1757 4740 1938 4810 ἑαυτῷ
1968 4739 2026 4793 δὲ
2062 4738 2154 4792 τὸν
2190 4735 2430 4805 Πατέρα.

515 4820 655 4888 XIV,
691 4823 779 4889 12,
812 4825 897 4878 15.
928 4827 1114 4892 Amen,
1145 4843 1299 4882 amen
1323 4828 1442 4884 dico
1468 4831 1632 4896 vobis,
1657 4832 1749 4902 qui
1773 4832 1940 4887 credit
1964 4834 2021 4886 in

2209 4827 2407 4894 Ἀμὴν,
2438 4823 2602 4894 ἀμὴν
2632 4821 2788 4887 λέγω
2835 4818 2998 4887 ὑμῖν,
3051 4819 3084 4870 ό
3123 4813 3424 4868 πιστεύων
3463 4812 3550 4876 εἰς
3591 4811 3721 4880 ἐμέν

446 4930 528 4968 me
551 4954 566 4978 ,
611 4928 770 4981 opera
795 4931 911 4985 qua!
941 4934 1030 4987 ego
1049 4917 1190 4985 facio
1212 4960 1226 4982 ,
1269 4928 1320 4972 et
1353 4921 1465 4990 ipse
1491 4921 1682 4990 faciet,
1730 4933 1780 4976 et
1816 4925 2028 4994 majora

2136 4920 2202 4973 τὰ
2235 4918 2377 4986 ἔργα
2405 4915 2444 4970 d
2483 4913 2597 4982 ἐγὼ
2643 4910 2812 4975 ποιῶ,
2863 4908 3142 4973 κάκεῖνος
3173 4903 3435 4971 ποιήσει,
3471 4903 3570 4956 καὶ
3594 4903 3725 4972 μεί-

445 5006 632 5057 Ιιονιιηι
667 5005 848 5072 faciet,
874 5009 1000 5076 quia
1020 5025 1112 5077 ego
1137 5009 1206 5062 ad
1231 5007 1450 5065 Patrem
1475 5013 1628 5067 vado.
1661 5013 1728 5067 Et
1757 5016 2028 5085 quodcun-

443 5113 541 5166 que
573 5099 834 5166 petieritis
878 5099 1090 5154 Patrem
1127 5101 1182 5153 in
1212 5105 1421 5156 nomine
1452 5120 1564 5157 meo
1588 5145 1602 5169 ,
1656 5106 1751 5160 hoc
1783 5107 1982 5176 faciam
2007 5125 2026 5173 ;

446 5198 502 5243 ut
532 5191 863 5260 gloriﬁcetur
897 5190 1060 5247 Pater
1083 5196 1134 5247 in
1166 5193 1332 5249 Filio.

515 5367 573 5423 Si
614 5370 741 5439 quis
773 5385 938 5438 quam
989 5372 1152 5444 longe
1198 5383 1347 5445 patet
1392 5376 1499 5432 loci
1549 5377 1716 5448 hujus
1753 5379 2030 5449 expositio

444 5461 681 5516 dicendo
729 5462 954 5518 extendi
985 5466 1153 5529 velit,
1194 5466 1354 5538 longa
1390 5475 1440 5522 et
1483 5469 1590 5522 alta
1627 5471 1847 5540 quidem
1879 5479 2029 5528 esset

443 5555 624 5607 oratio
656 5572 670 5606 :
705 5555 800 5610 sed
839 5556 970 5626 quid
1008 5556 1060 5611 in
1089 5558 1254 5629 802
1292 5575 1404 5615 rem
1437 5561 1752 5616 auditorum
1787 5564 1858 5618 sit
1903 5565 2026 5617 ani-

447 5658 534 5705 mo
565 5656 848 5700 versantes
868 5686 884 5710 ,
916 5647 1133 5719 dempta
1177 5651 1449 5708 sermonis
1491 5653 1804 5724 prolixitate
1828 5694 1841 5720 ,
1900 5670 2026 5711 eum

517 5823 558 5856 ⁸²
601 5819 761 5884 Mit'h.
803 5839 896 5887 Ill,
931 5829 983 5880 υ.

2131 5010 2272 5072 (ora
2308 5009 2537 5063 τούτων
2572 5003 2834 5069 ποιήσει,
2875 5000 2964 5054 ὅτι
3005 4999 3120 5068 ἐγὼ
3153 4997 3302 5066 πρὸς
3342 4995 3451 5049 τὸν
3489 4993 3724 5063 Πατέρα

2132 5103 2477 5171 πορεύομαι.
2515 5098 2623 5152 Καὶ
2661 5095 2694 5148 ὅ
2723 5113 2778 5148 τι
2809 5094 2887 5148 ἂν
2927 5092 3217 5160 αἰτήσητε
3255 5090 3325 5142 ἐν
3364 5087 3445 5154 τῷ
3474 5087 3724 5157 ὀνόματί

2127 5214 2267 5266 μου,
2303 5195 2477 5248 τοῦτο
2517 5189 2772 5256 ποιήσω,
2814 5189 2916 5241 ἵνα
2947 5182 3220 5252 δοξασθῇ
3249 5187 3281 5237 ὀ
3311 5181 3517 5250 Πατὴρ
3545 5181 3616 5234 ἐν
3642 5178 3723 5246 τῷ

2148 5287 2276 5354 Υἰῷ.

2210 5381 2306 5448 Εῖη
2338 5377 2436 5449 μὲν
2459 5377 2546 5441 ἀν,
2577 5374 2732 5444 εἰπερ
2777 5390 2855 5442 τῳ
2879 5372 3048 5434 δοκεῖ,
3093 5367 3171 5440 τῷ
3204 5368 3314 5420 τῶν
3344 5367 3722 5438 προκειμένων

2137 5471 2454 5543 θεωρήματι
2485 5464 2924 5520 συνεκτείνεσθαι
2957 5461 3172 5521 πλάτει,
3207 5458 3415 5530 μακρὸς
3436 5457 3528 5511 καὶ
3551 5455 3722 5526 βαθὺς

2133 5561 2163 5614 ὁ
2195 5563 2370 5631 λόγος’
2399 5560 2459 5614 τὸ
2487 5560 2542 5613 δὲ
2571 5561 2684 5620 τοῖς
2713 5553 3087 5628 ἀκροωμένοις
3117 5550 3424 5614 ἐννοοῦντες
3453 5547 3722 5604 λυσιτελέ-

2140 5673 2348 5728 στερον,
2376 5651 2804 5726 περιδράξασθαι
2838 5649 2946 5703 τῶν
2977 5645 3392 5719 σημαινομένων
3423 5639 3722 5715 οἰησόμεθα
