3892 6202
248 362 360 417 2ιὸ

1318 353 1383 408 ΙΝ
1422 352 1710 410 JOANNIS
1746 349 2202 408 EVANGELIUM
2243 346 2373 405 LIB.
2413 347 2503 403 ιχ.

3411 337 3516 394 216

239 474 495 544 πρέπειν,
544 470 603 524 τὸ
633 469 767 523 πολὺ
796 469 889 523 τοῦ
932 468 1091 536 λόγου
1126 469 1569 539 περιστείλαντες
1604 469 1779 538 μῆκος
1808 481 1824 499 ⁸

1932 465 2387 535 explanabimus:
2424 463 2533 517 erit
2563 459 2713 517 enim
2741 459 2831 516 hic
2860 460 3019 514 locus
3042 457 3150 513 isto
3178 456 3341 512 modo
3369 457 3517 510 mul-

237 563 323 633 εἴη
360 561 468 631 γὰρ
497 559 561 613 ἂν
594 561 736 613 οὕτω
769 561 1004 631 μάλιστα
1036 564 1148 623 τοῖς
1178 560 1394 623 πολλοῖς
1422 561 1829 632 εὐπαράδεκτον

238 654 299 705 τὸ
338 651 622 722 θεώρημα.
678 650 974 717 Ἐπιδεῖξαι
1010 650 1299 721 τοιγαροῦν
1341 650 1604 721 ἐθελήσας
1638 652 1713 714 ὼς
1744 651 1829 723 εἴη

244 746 343 816 μὲν
389 744 673 815 όμοούσιος
706 744 784 814 τῷ
830 744 942 815 ἰδίῳ
973 744 1264 814 Γεννήτορι
1302 744 1398 797 καὶ
1431 746 1513 797 ὅτι
1544 746 1830 816 χαρακτήρ

240 840 388 891 ἐστιν
444 836 629 899 αὑτοῦ,
686 836 1021 907 φορούμενος
1073 836 1171 905 μὲν
1205 835 1279 899 ὡς
1320 837 1380 888 ὲν
1428 835 1722 907 ἀρχετύπῳ
1752 835 1831 907 τῷ

240 929 441 998 Πατρὶ,
490 928 630 998 ἔχων
674 945 737 996 γε
791 928 897 997 μὴν
944 928 1003 980 ὲν
1054 926 1234 997 ἐαυτῷ
1278 928 1339 980 τὸ
1379 927 1710 999 ἀρχέτυπον,
1754 929 1833 992 ὡς

240 1021 529 1090 χαρακτὴρ
551 1018 796 1088 φυσικῶς
825 1036 883 1070 τε
910 1018 999 1071 καὶ
1020 1017 1311 1081 οὐσιωδῶς,
1339 1020 1435 1070 καὶ
1455 1019 1515 1071 οὐ
1541 1016 1686 1070 κατὰ
1710 1033 1832 1070 τινα

242 1111 625 1181 σχηματισμὸν
669 1110 759 1162 τὸν
805 1112 862 1162 ἐν
891 1108 1179 1162 διαπλάσει
1206 1108 1495 1179 νοούμενον
1547 1109 1696 1180 (ἄνω
1722 1108 1831 1179 γὰρ

243 1200 545 1270 σχημάτων
586 1200 648 1252 τὸ
686 1200 867 1263 Θεῖον,
921 1200 1043 1253 ἐπεὶ
1071 1201 1165 1253 καὶ
1196 1199 1546 1270 ἀσώματον),
1602 1220 1620 1251 ι
1664 1199 1829 1269 Ἐγὼ,

241 1293 429 1360 φησὶν,
457 1295 514 1344 ὲν
542 1292 619 1362 τῷ
645 1292 841 1362 Πατρὶ,
881 1294 975 1375 καὶ
1004 1293 1032 1344 6
1060 1291 1249 1361 Πατὴρ
1284 1291 1339 1344 δὲ
1367 1293 1424 1344 ὲν
1452 1292 1574 1362 ἐμοί
1606 1295 1771 1345 ἐστιν.
1807 1310 1826 1343 ι

253 1383 397 1436 Ἀλλ’
443 1384 529 1436 ἵνα
570 1384 669 1453 τῆς
716 1383 1013 1453 ὲμφερῑίας
1061 1384 1159 1451 τὴν
1206 1383 1425 1453 ἰσότητα
1474 1384 1649 1437 καὶτὸ
1694 1384 1831 1455 σύμ-

244 1494 454 1546 μορφον
482 1477 922 1547 ἀπαραλλάκτως
954 1478 1029 1547 μὴ
1057 1478 1181 1529 καθ’
1211 1477 1401 1548 ἔτερόν
1424 1494 1547 1530 τινα
1580 1476 1831 1545 ζητῶμεν

239 1566 445 1635 τρόπον
471 1567 504 1638 ἢ
541 1569 605 1620 ὲκ
642 1567 818 1636 μόνων
850 1565 958 1619 τῶν
986 1570 1051 1637 τῇ
1083 1567 1241 1634 φύσει
1272 1567 1584 1638 προσόντων
1614 1566 1833 1620 πλεονε-

242 1657 543 1724 κτημάτων
588 1655 883 1716 (ὲντεῦθεν
913 1656 1023 1727 γὰρ
1065 1652 1133 1727 ἦν
1177 1655 1409 1727 οὐσιὼδη
1456 1657 1550 1708 καὶ
1596 1655 1832 1725 φυσικὴν

242 1748 377 1818 όρᾷν
410 1747 508 1817 τὴν
534 1747 850 1818 ὁμοίωσιν),
912 1769 929 1799 ι
960 1748 1022 1801 Εἰ
1074 1748 1130 1801 δὲ
1184 1747 1280 1818 μὴ,
1331 1749 1530 1817 φησιν,
1582 1748 1690 1801 ἀπὸ
1722 1748 1831 1801 τῶν

1933 558 2004 613 tis
2048 564 2212 627 captu
2259 555 2457 610 facilis.
2495 552 2701 608 Volens
2735 553 2905 623 igitur
2947 550 3242 606 ostendere
3292 564 3352 605 se
3393 563 3517 603 esse

1932 649 2154 722 quidem
2188 664 2289 705 suo
2314 648 2465 703 Patri
2494 645 3025 703 consubstantialem
3059 644 3296 713 ejusque
3324 642 3519 696 chara-

1932 754 2133 798 cterem
2154 786 2168 808 ,
2208 742 2302 812 qui
2339 743 2396 797 in
2428 740 2589 795 Patre
2619 748 2879 809 tanquam
2914 740 2969 791 in
3000 736 3304 807 archetypo
3338 733 3518 788 conti-

1934 844 2127 890 neatur
2153 877 2168 900 ,
2209 833 2407 888 habeat
2456 838 2642 887 tamen
2694 833 2749 885 in
2803 831 2984 900 seipso
3016 828 3415 899 archetypum,
3456 833 3518 879 ut

1933 929 2222 983 character
2270 934 2471 981 natura
2526 933 2690 995 atque
2748 924 3103 990 substantia,
3161 937 3273 977 non
3331 929 3515 975 autem

1934 1020 2109 1074 forma
2161 1036 2225 1073 ac
2278 1018 2449 1088 ﬁgura
2486 1017 2736 1089 (ﬁguras
2782 1016 2929 1071 enim
2978 1014 3123 1070 Deus
3174 1029 3283 1068 non
3332 1012 3515 1083 capit,

1933 1125 2057 1164 cum
2094 1109 2166 1166 sit
2198 1110 2597 1180 incorporeus)
2624 1148 2641 1173 ,
2682 1129 2700 1160 ι
2740 1108 2875 1181 Ego,
2906 1108 3115 1175 inquit,
3146 1106 3203 1159 in
3231 1103 3429 1168 Patre,
3465 1111 3519 1158 et

1935 1202 2094 1257 Pater
2140 1203 2196 1257 in
2245 1218 2331 1257 me
2370 1209 2475 1256 est.
2510 1221 2528 1253 ›
2571 1201 2675 1256 Sed
2724 1208 2783 1255 ut
2815 1199 3201 1255 similitudinis
3234 1197 3519 1268 aequalita-

1936 1301 2043 1348 tem
2087 1302 2140 1347 et
2174 1292 2618 1347 conformitatem
2671 1307 2766 1362 per
2799 1292 2986 1346 omnia
3022 1291 3259 1346 similem
3298 1289 3518 1344 aliunde

1934 1401 2049 1439 non
2081 1400 2392 1455 quaeramus
2422 1400 2585 1454 quam
2636 1400 2702 1438 ex
2734 1384 2865 1438 solis
2898 1391 3111 1437 natura;
3140 1381 3516 1453 praerogativis

1935 1477 2106 1543 (hinc
2155 1478 2299 1530 enim
2342 1476 2766 1531 substantialem
2819 1484 2873 1531 et
2925 1475 3236 1529 naturalem
3289 1488 3518 1528 cernere

1934 1566 2059 1620 licet
2091 1565 2516 1621 similitudinem
2544 1570 2592 1631 ),
2631 1586 2649 1617 ι
2679 1566 2921 1634 Alioqui,
2961 1566 3060 1629 ait,
3094 1572 3320 1636 propter
3350 1579 3517 1633 opera

1935 1658 2166 1713 credite.
2208 1677 2226 1710 ι
2262 1656 2430 1714 Recte
2461 1660 2662 1729 quippe
2697 1658 3049 1713 existimabat
3083 1658 3230 1728 quod
3258 1698 3272 1718 .
3312 1657 3357 1711 si
3392 1656 3517 1725 quis

1937 1765 1996 1804 se
2029 1750 2331 1819 aequalibus
2360 1766 2484 1805 cum
2534 1749 2644 1804 Deo
2690 1767 2753 1804 ac
2789 1749 2953 1809 Patre
2996 1749 3258 1819 operibus
3292 1748 3517 1818 conspi~

242 1838 425 1909 ἔργων
473 1837 779 1891 πιστεύετε.
813 1859 829 1889 ι
882 1840 1041 1909 ᾬετο
1085 1842 1193 1911 γὰρ
1241 1839 1304 1910 δὴ
1348 1841 1469 1891 λίαν
1511 1839 1689 1907 ὀρθῶς
1734 1840 1829 1903 ὡς,

1935 1856 2098 1895 cuum
2136 1844 2420 1910 spectarit,
2451 1857 2550 1911 pro
2581 1841 2817 1895 naturali
2848 1842 3171 1897 charactere
3195 1852 3249 1895 et
3281 1840 3517 1909 imagine

243 1932 405 2003 εζπερ
428 1934 562 1995 ὅλως
586 1932 841 1985 θεάσαιτό
870 1948 955 1994 τις
983 1932 1147 1984 αὐτὸν
1180 1934 1292 1994 τοῖς
1323 1932 1457 1993 ἴσοις
1482 1932 1833 2001 ὲκλάμποντα

246 2024 635 2095 κατορθώμασι
673 2025 747 2095 τῷ
780 2024 899 2095 Θεῷ
935 2025 1029 2077 καὶ
1060 2025 1257 2092 Πατρὶ,
1296 2027 1374 2087 εἰς
1410 2025 1637 2093 φυσικὸν
1666 2023 1833 2088 ὅντως

246 2116 617 2188 παραδέξαιτο
652 2117 978 2187 χαρακτῆρα
1011 2117 1106 2168 καὶ
1140 2117 1327 2168 εἰκόνα
1369 2115 1470 2183 τῆς
1513 2116 1699 2180 οὐσίας
1732 2118 1833 2169 αύ-

244 2208 341 2261 τοῦ
367 2225 381 2237 °
438 2209 498 2261 οὐ
533 2206 640 2279 γὰρ
670 2209 736 2261 ἄν
787 2224 918 2259 ποτε
948 2208 1142 2278 δράσαι
1189 2206 1257 2259 τὰ
1290 2206 1378 2257 ἴσα
1412 2205 1488 2275 τῷ
1513 2204 1630 2275 Θεῷ
1657 2206 1718 2258 τὸ
1756 2206 1831 2276 μὴ

243 2302 312 2352 ὲκ
358 2299 491 2352 Θεοῦ
540 2299 679 2352 κατὰ
726 2298 906 2367 φύσιν,
956 2298 1069 2351 ἀλλ’
1104 2297 1212 2350 οὐδ’
1246 2298 1312 2351 ἂν
1344 2297 1695 2368 προσγένοιτό
1726 2316 1829 2350 τινι

243 2390 355 2443 τῶν
383 2389 628 2459 γενητῶν
658 2389 718 2442 τὸ
759 2390 816 2443 ἐν
865 2388 964 2458 ἴσῳ
1000 2390 1185 2459 μέτρῳ
1214 2391 1280 2459 τῇ
1317 2389 1435 2460 θείᾳ
1476 2389 1637 2459 φύσει
1668 2406 1830 2461 τερα-

242 2484 496 2550 τουργεῖν
542 2482 800 2535 δύνασθαί
840 2499 993 2537 ποτε.
1036 2482 1248 2535 Ἀὁατα
1283 2482 1391 2552 γὰρ
1438 2484 1531 2535 καὶ
1577 2483 1832 2551 ἀνέπαφα

244 2572 533 2635 παντελῶς
560 2576 672 2636 τοῖς
703 2572 763 2637 ἐξ
780 2573 878 2625 οὐκ
905 2573 1073 2624 ὄντων
1104 2575 1183 2637 εις
1216 2574 1275 2626 τὸ
1302 2570 1441 2626 εἶναι
1476 2574 1832 2643 κεκλημένοις

243 2666 314 2717 τὰ
349 2663 444 2716 τοῦ
478 2665 564 2716 ἀεὶ
596 2665 748 2728 ὄντος
783 2667 927 2729 ἰδίως
961 2666 1144 2735 ἀγαθά
1170 2685 1182 2696 ·
1234 2666 1329 2718 καὶ
1362 2667 1444 2718 ὅτι
1480 2666 1579 2735 μὲν
1628 2666 1834 2719 ἀλοιδό-

245 2773 412 2826 ρητος
463 2756 740 2820 παντελῶς
787 2758 939 2828 παρά
989 2776 1052 2826 γε
1086 2761 1198 2821 τοῖς
1241 2754 1300 2811 εὖ
1351 2757 1638 2830 φρονοῦσιν
1682 2760 1711 2810 ὀ
1741 2758 1831 2812 τοῦ

242 2849 499 2917 Σωτῆρος
528 2847 677 2901 ἔσται
706 2848 885 2917 λόγος,
929 2850 1228 2920 οὐδαμόθεν
1263 2851 1555 2904 ὲνδοιάσειν
1589 2850 1736 2914 εἰκὸς
1765 2847 1833 2923 ἦν

238 2955 416 3002 τινας
440 2940 657 2993 ἔσεσθαί
686 2958 746 3008 γε
774 2941 877 3011 μὴν
908 2944 1018 3001 τοῖς
1047 2942 1305 2996 τάναντία
1324 2942 1635 3008 δοξάζουσιν
1653 2944 1833 3012 ἑτερο-

238 3032 589 3095 διδασκαλίας
637 3034 890 3104 ἀφορμὴν
927 3036 1017 3087 καὶ
1067 3034 1339 3104 πρόφασιν
1399 3036 1591 3087 καὶτὸ
1653 3036 1834 3099 καλῶς

240 3124 557 3192 εἰρημένον,
592 3125 692 3176 οὐκ
724 3125 1013 3195 ἠγνόησεν,
1060 3126 1133 3189 ὡς
1168 3126 1319 3189 Θεός.
1371 3128 1488 3179 Ἵνα
1535 3120 1715 3180 τοίνυν
1754 3128 1827 3199 μὴ
1858 3172 1899 3229 C

238 3217 355 3277 τοῖς
389 3215 456 3267 τὰ
499 3215 633 3285 ὀρθὰ
668 3216 1083 3287 διαστρέφουσιν
1118 3218 1555 3288 ἀθυρογλωττίας
1601 3220 1658 3271 ὲν
1704 3220 1829 3271 τού-

240 3324 358 3368 τοις
387 3308 767 3377 περιλείπηται
795 3307 975 3370 τόπος.
1010 3308 1143 3377 μηδὲ
1167 3309 1375 3376 λέγοιεν
1396 3310 1478 3362 ὅτι
1500 3309 1832 3381 δημιουργὸς

240 3399 352 3451 τῶν
390 3399 685 3468 θαυμάτων
716 3400 937 3468 γέγονεν
970 3403 997 3455 ό
1030 3401 1157 3465 Υἱὸς
1207 3403 1307 3454 οὐκ
1352 3403 1415 3454 ἐκ
1462 3402 1563 3472 τῆς
1607 3402 1832 3473 ἐνούσης

246 3490 433 3559 ἰσχύος
464 3491 612 3562 αὑτῷ
655 3492 775 3545 οὐδὲ
804 3493 862 3559 ἐξ
915 3494 1051 3557 ἰδίας
1081 3494 1387 3566 δυνάμεως,
1436 3496 1550 3549 ἀλλ’
1602 3496 1833 3568 ἐπείπερ

243 3578 390 3651 εἶχεν
418 3583 475 3633 ἐν
510 3581 686 3652 ἑαυτῷ
714 3582 803 3635 τὸν
837 3584 1056 3654 Πατέρα
1087 3585 1342 3638 ποιοῦντα
1373 3586 1443 3638 τὰ
1472 3586 1629 3657 ἔργα,
1667 3585 1832 3640 καθὰ-

244 3691 353 3743 περ
381 3669 475 3725 οὖν
510 3673 668 3736 αὐτὸς
721 3673 824 3742 ἔφη
855 3675 948 3727 καὶ
981 3675 1375 3747 διισχυρισατο,
1429 3677 1833 3748 τεθεράπευκεν

244 3764 561 3831 ἀναγκαίως
587 3764 614 3815 6
648 3764 851 3834 Κύριος
878 3770 995 3829 ταῖς
1025 3768 1133 3819 τῶν
1163 3768 1451 3837 νοημάτων
1481 3771 1795 3840 ἐπαγωγαῖς
1815 3791 1827 3802 ·

244 3856 436 3908 ἑαυτὸν
474 3856 571 3925 μὲν
601 3856 710 3927 γὰρ
740 3858 796 3908 ἐν
821 3858 1030 3922 τούτοις
1056 3859 1274 3914 ἔσεσθαι
1303 3861 1538 3931 χορηγὸν
1568 3863 1833 3932 ἐπαγγέλ-

241 3948 395 3999 λεται
416 3951 528 4011 τοῖς
557 3950 905 4003 πιστεύουσιν
934 3953 1011 4015 εἰς
1037 3953 1221 4017 αὐτὸν,
1246 3946 1431 4025 ὧνπερ
1459 3955 1524 4008 ἂν
1555 3956 1832 4011 ἐθέλουσιν

242 4042 437 4105 αἰτεῖν,
488 4042 582 4094 καὶ
616 4044 738 4113 οὐχὶ
774 4045 943 4115 μόνην
976 4047 1160 4110 αὐτοῖς
1193 4048 1592 4115 ἐπαγγέλλεται
1633 4050 1831 4103 τοσαύ-

239 4147 345 4200 την
378 4134 711 4203 χορηγήσειν
742 4135 972 4207 δύναμιν
1006 4137 1101 4191 καὶ
1136 4138 1407 4203 ἐξουσίαν,
1440 4140 1577 4193 ἀλλὰ
1601 4142 1700 4213 τὴν
1738 4142 1832 4195 ἐπὶ

240 4223 381 4276 πολύ
406 4241 419 4254 ·
452 4226 674 4294 μείζονα
695 4227 823 4298 γὰρ,
854 4230 1037 4299 φησὶν,
1061 4223 1135 4283 ὧν
1160 4231 1270 4298 ἐγὼ
1294 4234 1570 4303 πεποίηκα
1592 4236 1827 4306 ποιήσει.

250 4316 418 4384 Ὁρᾷς
448 4312 539 4369 οὖν
572 4317 720 4381 ὅπως
766 4321 1063 4374 ἀνακόπτει
1095 4325 1380 4394 χρησίμως
1424 4326 1531 4379 τῶν
1576 4326 1644 4379 δι’
1679 4330 1831 4382 ἐναν-

237 4407 361 4469 τίας
404 4409 465 4460 τὸ
516 4408 736 4479 θράσος,
794 4413 889 4465 καὶ
940 4414 1292 4485 ἁνασειράζει
1322 4416 1523 4486 τρόπον
1567 4417 1689 4471 τινὰ
1718 4422 1831 4484 τοῖς

1937 1932 2267 1986 substantiae
2319 1932 2439 2001 ejus
2481 1933 2525 1963 ³³
2588 1933 2767 2003 ipsum
2820 1934 3127 2002 susceperit
3171 1951 3183 1985 :
3234 1947 3513 2002 nunquam

1935 2024 2080 2077 enim
2123 2024 2277 2093 paria
2336 2039 2461 2078 cum
2510 2020 2621 2077 Deo
2666 2023 2834 2077 faciat
2867 2024 2959 2094 qui
2994 2039 3060 2078 ex
3114 2022 3223 2077 Deo
3272 2038 3383 2076 non
3430 2030 3515 2077 est

1936 2114 2237 2168 secundum
2288 2123 2577 2177 naturam,
2632 2111 2725 2165 sed
2785 2127 2963 2180 neque
3016 2119 3269 2164 creatura
3316 2108 3516 2162 divina!

1935 2215 2147 2259 natura:
2196 2204 2479 2258 miraculis
2512 2203 2797 2273 patrandis
2838 2218 2937 2273 par
2968 2218 3089 2257 esse
3126 2202 3317 2272 possit.
3366 2200 3514 2255 Bona

1936 2296 2083 2351 enim
2138 2303 2349 2349 natura:
2400 2294 2547 2348 illius
2589 2309 2710 2363 qua:
2761 2307 2977 2362 semper
3036 2298 3120 2345 est
3169 2290 3385 2360 penitus
3427 2288 3513 2342 in-

1937 2402 2163 2443 accessa
2206 2394 2335 2443 sunt
2370 2386 2437 2440 iis
2468 2402 2590 2457 quae
2625 2401 2691 2440 ex
2723 2384 2893 2439 nihilo
2934 2384 3200 2455 producta
3237 2391 3407 2447 sunt;
3461 2387 3516 2435 et

1936 2481 2281 2549 inculpatum
2324 2477 2542 2549 quidem
2587 2492 2816 2546 prorsus
2847 2473 2993 2545 apud
3034 2481 3185 2528 recte
3215 2472 3515 2527 sentientes

1937 2572 2249 2627 Servatoris
2301 2585 2615 2625 sermonem
2665 2567 2822 2632 fore,
2874 2566 3136 2622 credibile
3181 2573 3300 2619 erat
3336 2563 3514 2617 nulla-

1934 2674 2093 2720 tenus
2154 2664 2504 2719 dubitaturos
2560 2663 2814 2732 aliquos;
2863 2668 3240 2716 verumtamen
3297 2658 3514 2712 hatreti-

1933 2774 2028 2813 cos
2083 2772 2236 2810 novae
2285 2756 2558 2810 doctrin-.e
2592 2754 2947 2808 occasionem
2980 2760 3035 2807 et
3061 2759 3384 2823 praetextum
3425 2764 3512 2803 ar-

1934 2861 2188 2920 repturos
2210 2848 2373 2903 etiam
2401 2848 2452 2901 id
2481 2846 2627 2916 quod
2654 2853 2802 2900 recte
2826 2844 3036 2899 dictum
3060 2852 3199 2908 erat,
3226 2859 3336 2898 non
3360 2843 3514 2914 igno-

1935 2943 2112 3002 ravit,
2150 2949 2212 2994 ut
2256 2940 2419 2993 Deus.
2459 2938 2534 2993 Ne
2572 2937 2743 3007 igitur
2771 2936 2841 2989 iis
2876 2935 2968 3005 qui
3003 2943 3156 2991 recta
3196 2942 3515 3004 pervertunt

1935 3033 2256 3104 petulantia).
2309 3032 2462 3086 locus
2515 3031 2603 3085 hic
2648 3031 3060 3100 relinqueretur
3100 3027 3284 3092 ullus,
3336 3043 3515 3094 neque

1935 3127 2181 3180 dicerent
2214 3124 2474 3178 miracula
2515 3133 2767 3192 patrasse
2817 3119 3019 3175 Filium
3053 3135 3167 3173 non
3208 3119 3261 3172 vi
3290 3118 3512 3187 quidem

1934 3234 1997 3272 ac
2031 3224 2299 3287 potestate
2343 3232 2474 3278 sua,
2523 3215 2619 3269 sed
2652 3214 2784 3283 quia
2824 3212 3061 3267 habebat
3099 3214 3153 3265 in
3194 3210 3375 3280 seipso
3410 3208 3501 3262 Pa-

1933 3318 2070 3364 trem
2122 3309 2408 3362 facientem
2458 3322 2663 3376 opcra,
2705 3303 3169 3375 quemadmodum
3220 3302 3338 3372 ipse
3374 3302 3513 3354 dixit

1933 3410 2098 3472 atque
2140 3399 2523 3461 conﬁrmavit,
2566 3396 2882 3451 necessario
2912 3394 3179 3447 Dominus
3210 3392 3511 3446 remedium

1933 3493 2133 3553 attulit,
2166 3492 2509 3561 subjungens
2541 3506 2598 3544 se
2628 3488 2982 3543 credentibus
3016 3487 3069 3539 in
3096 3501 3155 3541 se
3187 3484 3511 3554 largiturum

1931 3601 1993 3639 ea
2026 3600 2147 3655 qua:
2174 3593 2357 3654 petere
2390 3583 2699 3648 voluerint;
2736 3596 2912 3651 neque
2941 3594 3074 3635 vero
3099 3585 3305 3633 tantam
3333 3593 3390 3633 se
3416 3577 3513 3632 da-

1931 3682 2116 3727 turum
2148 3674 2257 3726 vim
2305 3688 2370 3726 ac
2401 3680 2724 3741 potestatem
2768 3671 3077 3739 promittit,
3126 3668 3223 3723 sed
3279 3669 3513 3738 amplio-

1931 3780 2046 3819 rem
2075 3784 2087 3818 :
2121 3783 2138 3814 ι
2169 3764 2376 3834 Majora
2405 3765 2576 3826 enim,
2611 3764 2808 3832 inquit,
2847 3762 3014 3815 faciet
3043 3761 3129 3816 his
3156 3778 3277 3832 qua:
3298 3777 3399 3833 ego
3433 3761 3513 3814 la-

1931 3858 2072 3913 cio.»
2106 3857 2268 3912 Vides
2300 3872 2429 3927 ergo
2451 3871 2560 3924 quo
2592 3865 2753 3925 pacto
2771 3854 3216 3909 adversariorum
3249 3853 3513 3923 infringat

1929 3950 2246 4013 audaciam,
2287 3957 2342 4003 et
2375 3956 2595 4002 revocet
2631 3946 3039 4016 quodammodo
3066 3962 3167 4001 eos
3194 3946 3289 4017 qui
3331 3947 3384 4000 in
3420 3961 3513 4016 pe-

1930 4052 2045 4096 tras
2069 4042 2199 4095 caeci
2232 4046 2418 4094 ruunt.
2444 4039 2597 4093 Dicet
2627 4040 2772 4093 enim
2800 4037 2881 4092 eis
2913 4036 3109 4107 aliquis
3138 4057 3150 4091 :
3186 4037 3230 4093 Ο
3261 4039 3417 4093 stulti
3447 4053 3510 4091 ac

1931 4136 2082 4199 caici,
2102 4135 2195 4204 qui
2217 4134 2432 4188 nihilex
2454 4132 2635 4201 seipso
2654 4129 2849 4185 Filium
2872 4130 3054 4185 facere
3088 4146 3252 4200 posse
3282 4132 3505 4200 putatis.

1932 4226 2027 4283 sed
2054 4227 2103 4280 ei
2128 4226 2309 4280 datam
2338 4239 2459 4278 esse
2477 4224 2659 4292 potius
2687 4222 3076 4275 miraculorum
3101 4219 3264 4290 803
3289 4229 3511 4289 patran-

1930 4318 2124 4373 dorum
2158 4316 2267 4368 vim
2306 4329 2369 4368 ac
2404 4319 2729 4380 potestatem
2772 4328 2801 4363 a
2832 4310 2992 4365 Patre
3017 4350 3031 4373 ,
3075 4308 3350 4378 quomodo
3396 4325 3509 4363 ma-

1925 4408 2045 4479 jora
2081 4408 2340 4462 daturum
2377 4421 2436 4460 sc
2475 4404 2764 4474 pollicetur
2790 4401 3146 4457 credentibus
3199 4401 3255 4453 in
3286 4401 3513 4469 ipsum?

238 4498 487 4567 ἐλέγχοις
536 4501 864 4571 ἐρχομένους
910 4505 1050 4558 κατὰ
1102 4507 1337 4577 πετρῶν.
1404 4507 1551 4579 Ἐρεῖ
1593 4511 1701 4581 γάρ
1742 4529 1826 4576 τις

1932 4499 2216 4566 Quomodo
2243 4496 2391 4568 quod
2422 4512 2534 4549 non
2583 4494 2710 4550 fecit
2738 4494 2851 4563 ipse
2882 4533 2895 4555 ,
2936 4493 3076 4547 alter
3107 4491 3371 4562 perﬁciet.
3402 4495 3509 4546 vir,

237 4594 426 4656 αὐτοῖς
453 4611 464 4623 ·
507 4590 578 4646 Ὦ
616 4595 830 4665 ἀνόητοι
862 4598 954 4650 καὶ
980 4599 1193 4667 τυφλοὶ,
1228 4600 1394 4670 μηδὲν
1429 4602 1489 4666 ἐξ
1520 4604 1714 4657 ἑαυτοῦ
1744 4604 1829 4658 δε-

237 4682 499 4749 δυνῆσθαι
535 4684 836 4754 κατορθοῦν
867 4687 1226 4758 ὑπειληφότες
1271 4688 1363 4742 τὸν
1395 4690 1541 4756 Υἱὸν,
1598 4711 1827 4767 κεχορη-

235 4772 441 4840 γῆσθαι
470 4774 526 4826 δὲ
561 4776 762 4843 μᾶλλον
790 4777 888 4847 τὴν
924 4780 1006 4847 ἐφ’
1036 4781 1208 4834 ἆπασι
1237 4785 1351 4845 τοῖς
1386 4785 1705 4854 παραδόξως
1737 4804 1826 4838 τε-

234 4863 586 4933 τελεσμένοις
612 4865 840 4937 δύναμίν
863 4886 921 4920 τε
948 4871 1041 4923 καὶ
1069 4870 1313 4935 ἐξουσίαν
1336 4873 1441 4925 ὑπὸ
1465 4874 1557 4927 τοῦ
1587 4876 1821 4946 Πατρὸς,

235 4955 359 5017 πῶς
404 4956 499 5008 καὶ
553 4958 778 5026 μείζονα
809 4962 1133 5031 κατορθοῦν,
1187 4965 1584 5033 ἐπαγγέλλεται
1631 4966 1824 5023 δώσειν

235 5049 350 5108 τοῖς
378 5048 727 5102 πιστεύουσιν
755 5053 833 5114 είς
868 5054 1029 5106 αὐτόν
1057 5071 1071 5119 ;
1122 5055 1245 5118 Πῶς
1274 5056 1301 5108 ὃ
1333 5058 1406 5127 μὴ
1440 5058 1697 5129 δέδρακεν
1724 5060 1824 5113 αύ-

233 5139 348 5200 τὸς.
373 5138 558 5211 ἕτερος
589 5141 946 5213 κατορθώσει,
972 5146 1070 5217 τὴν
1096 5150 1225 5218 παρ’
1247 5149 1410 5202 αὑτοῦ
1441 5150 1824 5216 δανεισάμενος

235 5230 500 5299 δύναμιν;
557 5235 666 5287 Θέα
695 5234 804 5303 γὰρ
839 5237 986 5300 ὅπως
1028 5240 1126 5292 οὐκ
1160 5242 1378 5311 εἴρηκεν
1410 5243 1466 5293 ὲν
1494 5244 1703 5306 τούτοις
1740 5245 1823 5296 ὅτι

235 5324 534 5394 χορηγήσει
584 5329 697 5390 τοῖς
745 5330 1063 5383 πιστεύουσι
1112 5332 1338 5402 δύναμιν
1367 5335 1395 5386 ὁ
1427 5334 1650 5404 Πατὴρ,
1707 5336 1822 5388 ἀλλ’

242 5432 261 5462 σ
298 5414 365 5464 ὐ
386 5431 437 5465 τι
482 5416 547 5467 ἂν
580 5420 839 5489 αίτήσητε
888 5424 944 5474 ἐν
974 5422 1050 5493 τῷ
1081 5424 1308 5494 ὀνόματί
1354 5442 1477 5493 μου,
1528 5427 1759 5496 ποιήσω.
1796 5447 1814 5477 3

246 5506 309 5558 Ὀ
338 5506 393 5558 δὲ
425 5510 537 5571 τοῖς
567 5509 749 5576 ἄλλοις
777 5516 871 5567 καὶ
901 5514 971 5567 τὰ
999 5514 1170 5586 μείζω
1201 5516 1467 5571 δύνασθαι
1495 5517 1817 5589 κατορθοῦν,

230 5598 309 5660 ὡς
337 5598 491 5663 Θεὸς,
543 5603 835 5672 ἐπιδιδοὺς,
890 5607 1004 5672 πῶς
1039 5608 1104 5661 ἂν
1137 5609 1296 5674 αὐτὸς
1328 5610 1639 5681 ἐχορηγήθη
1690 5614 1817 5681 παρ⁸

308 5780 354 5811 ³³
392 5780 556 5837 Hebr.
592 5799 629 5847 ι.
668 5785 720 5839 3.

1932 4601 2045 4646 tute
2075 4591 2143 4644 ab
2180 4605 2247 4645 eo
2280 4590 2567 4642 mutuata?
2610 4585 2850 4640 Adverte
2879 4585 3023 4639 enim
3062 4591 3118 4636 ut
3157 4600 3269 4640 non
3302 4584 3395 4639 hic
3425 4585 3513 4639 di-

1926 4687 2064 4740 xerit
2094 4683 2309 4736 Patrem
2352 4680 2604 4735 ﬁdelibus
2656 4679 2914 4733 virtutem
2966 4676 3323 4746 largiturum,
3373 4679 3495 4743 sed,

1936 4799 1953 4829 ι
1988 4776 2143 4844 Quod
2195 4773 2461 4845 petieritis
2518 4774 2573 4826 in
2629 4770 2854 4826 nomine
2896 4784 3039 4834 meo,
3073 4769 3178 4824 hoc
3228 4768 3448 4824 faciam.
3487 4791 3515 4822 »-

1929 4872 2033 4939 Qui
2058 4882 2187 4939 ergo
2209 4868 2354 4932 aliis,
2376 4873 2434 4920 ut
2453 4864 2617 4927 Deus,
2642 4862 2849 4932 majora
2874 4861 3128 4931 patrandi
3157 4862 3266 4915 vim
3290 4864 3504 4925 tribuit,

1928 4961 2202 5037 quomodo
2247 4960 2364 5030 ipse
2410 4959 2478 5011 ab
2522 4958 2643 5012 aliis
2671 4957 2775 5011 ista
2815 4954 3052 5010 faciendi
3089 4956 3349 5010 virtutem
3387 4972 3507 5010 mu~

1928 5055 2159 5113 tuetur?
2200 5052 2566 5119 Quamobrem
2594 5063 2751 5120 nuga‘.
2780 5061 2909 5104 sunt
2946 5048 3134 5103 isthmc
3178 5063 3407 5119 prorsus
3444 5065 3523 5103 ac

1927 5146 2213 5203 diabolica:
2242 5140 2619 5212 perversitatis
2651 5140 2895 5193 inventa.
2925 5136 3036 5193 Nec
3076 5137 3224 5193 enim
3250 5135 3372 5191 Filii
3398 5140 3505 5191 vim

1928 5256 1993 5295 ac
2012 5244 2341 5310 potestatem
2374 5233 2583 5288 ﬁnitam
2617 5248 2841 5298 cernes,
2889 5238 2949 5285 ut
2986 5232 3053 5286 ad
3084 5231 3349 5285 nonnulla
3383 5230 3505 5298 qui-

1928 5328 2052 5382 dem
2076 5341 2135 5381 se
2161 5322 2441 5387 extendat,
2468 5321 2563 5376 sed
2589 5321 2890 5390 majoribus
2914 5334 3263 5390 nequaquam
3287 5333 3385 5389 par
3411 5320 3503 5384 sit,

1928 5435 2118 5476 verum
2150 5431 2493 5488 quaecunque
2524 5415 2649 5469 velit
2674 5412 2836 5468 facile
2876 5418 3221 5481 peragentem
3248 5448 3264 5469 ,
3295 5408 3505 5478 dignis-

1927 5530 2035 5584 que
2064 5513 2383 5582 largientem
2425 5516 2487 5562 ut
2514 5508 2816 5577 aequalibus
2865 5505 2981 5559 sive
3011 5503 3175 5557 etiam
3208 5502 3502 5557 altioribus

1930 5606 2085 5665 soliis
2119 5606 2444 5677 glorientur.
2481 5601 2666 5671 Neque
2694 5608 2879 5655 tamen
2905 5596 3196 5669 quisquam
3229 5604 3379 5668 putet
3402 5610 3503 5651 nos
