3892 6202
369 368 377 386 ,
405 288 507 345 247

1409 285 1466 340 S.
1490 282 1769 339 CYRILLI
1798 283 2267 337 ΑιΕλΑΝοῐιιΝι
2293 283 2612 343 ARCHIEP.

3567 295 3672 350 248

408 407 677 458 allirmare
699 403 916 472 aliquos
939 418 1131 460 eorum
1155 402 1247 472 qui
1280 402 1335 456 in
1359 417 1485 456 eum
1504 401 1762 464 credunt,
1795 416 1963 454 creant

2090 399 2276 471 ἐτέρου
2321 402 2383 454 τὸ
2427 401 2717 470 δύνασθαι;
2775 404 2985 458 Οὐκοῦν
3018 405 3182 476 λῆρος
3213 407 3312 478 μὲν
3345 407 3411 462 τὰ
3446 410 3672 463 ἐκείνων

407 495 463 550 di
493 497 684 559 caelos,
709 495 999 564 solemque
1019 510 1083 550 ac
1113 494 1296 549 lunam
1323 535 1338 556 ,
1375 501 1470 548 aut
1505 493 1774 549 illustrem
1810 499 1986 545 astro-

405 603 528 644 rum
556 587 818 652 chornm,
867 589 948 646 vel
972 589 1134 644 etiam
1170 588 1395 659 angelos
1421 626 1436 651 ,
1481 599 1574 640 aut
1604 595 1808 642 terram
1839 625 1854 648 ,
1891 590 1985 638 aut

405 696 529 751 qua:
570 681 626 735 in
681 697 745 738 ea
800 691 953 746 sunt,
985 679 1256 735 condendi
1296 681 1348 734 vi
1404 679 1632 750 pollere.
1675 677 1788 733 Nec
1835 677 1982 732 enim

405 772 463 826 in
515 772 600 828 his
647 773 916 828 orationis
951 787 1151 842 scopus
1184 776 1452 835 vertitur,
1488 770 1583 825 sed
1621 769 1691 823 ad
1732 783 1853 838 qua:
1887 781 1985 838 par

403 871 490 920 est
517 863 836 918 extenditur
859 903 873 928 ,
909 871 964 920 et
997 864 1248 918 humanae
1273 863 1544 918 claritatis
1573 876 1697 932 quae
1725 860 1895 932 gloria
1929 868 1985 914 et

405 954 846 1011 sanctificatione
899 963 1122 1011 constat
1171 954 1396 1010 modum
1454 968 1565 1009 non
1615 951 1980 1008 transcendit.

403 1048 616 1107 Idcirco
646 1052 795 1105 enim
831 1051 1106 1106 sermonis
1146 1049 1464 1105 liberiorem
1499 1063 1800 1104 excursum
1835 1061 1978 1117 quo-

400 1141 694 1197 dammodo
732 1142 987 1199 inhibens
1015 1185 1030 1206 ,
1071 1149 1126 1197 et
1160 1140 1448 1196 miraculis
1487 1155 1518 1193 a
1573 1155 1634 1196 se
1687 1139 1741 1193 in
1788 1146 1934 1194 terra
1961 1173 1982 1202 ,

401 1235 623 1303 quando
668 1234 848 1290 factus
892 1243 978 1290 est
1028 1235 1229 1298 homo,
1279 1233 1446 1287 editis
1489 1231 1756 1301 majorem
1813 1244 1982 1301 porro

399 1327 835 1397 magnitudinem
867 1342 1179 1398 apponens,
1219 1344 1237 1377 ι
1280 1323 1415 1392 Quae
1447 1340 1548 1395 ego
1579 1323 1714 1387 feci,
1755 1322 1978 1393 inquit,

399 1419 586 1487 faciet,
614 1430 669 1475 et
693 1421 902 1490 majora
936 1421 1039 1476 his.
1068 1441 1086 1472 ι
1122 1419 1240 1475 Non
1268 1420 1416 1475 enim
1441 1421 1601 1490 quasi
1632 1419 1843 1490 majora
1870 1433 1981 1474 non

400 1521 610 1581 posset,
640 1528 798 1567 suam
827 1521 1155 1582 potestatem
1179 1512 1344 1567 rebus
1373 1527 1402 1565 a
1431 1528 1490 1568 se
1517 1513 1682 1567 editis
1709 1511 1978 1577 definivit,

398 1604 496 1658 sed
528 1606 767 1673 peractis
810 1621 932 1674 quae
972 1606 1260 1676 oportebat
1300 1613 1356 1660 et
1381 1619 1732 1676 quaecunque
1760 1614 1978 1675 tempus

395 1695 453 1748 in
490 1695 732 1750 medium
774 1697 998 1760 attulit,
1031 1695 1651 1772 incomprehensibilem
1681 1694 1976 1765 potestatis

395 1803 512 1842 sua!
561 1787 996 1858 magnitudinem
1037 1787 1107 1842 iis
1146 1786 1354 1844 finibus
1396 1804 1506 1843 non
1553 1787 1842 1842 terminari
1888 1785 1974 1841 his

392 1877 580 1932 verbis
635 1878 848 1933 utiliter
891 1879 1108 1934 edocet.
1150 1877 1353 1934 Verum
1403 1887 1501 1943 ut,
1547 1879 1652 1935 loci
1701 1879 1972 1950 propositi

391 1970 642 2024 ordinem
695 1981 1023 2034 servantes,
1074 1970 1384 2026 auditorum
1419 1971 1638 2026 animos
1691 1973 1757 2026 ad
1806 1971 1974 2041 hujus

389 2062 524 2116 dicti
563 2062 1012 2117 observationem
1044 2063 1326 2133 erigamus
1374 2066 1390 2118 ε
1449 2082 1468 2115 ι
1490 2066 1679 2142 Amen
1705 2103 1720 2129 ,
1753 2065 1970 2134 inquit,

389 2155 514 2210 dico
546 2157 736 2221 vobis,
771 2157 865 2226 qui
895 2155 1074 2210 credit
1106 2155 1162 2210 in
1201 2171 1286 2209 me
1308 2194 1324 2220 ,
1352 2170 1522 2226 opera
1547 2171 1672 2225 qua:
1700 2170 1802 2226 ego
1829 2154 1972 2210 facio

388 2258 443 2300 et
472 2247 590 2316 ipse
616 2245 818 2310 faciet,
844 2246 975 2316 quia
1006 2260 1110 2316 ego
1140 2246 1206 2300 ad
1235 2244 1453 2301 Patrem
1481 2246 1643 2300 vado.
1684 2265 1702 2296 ι
1746 2246 1815 2300 At
1837 2245 1971 2315 quid

388 2339 466 2392 rei
503 2346 624 2404 est,
688 2338 900 2408 inquiet
942 2338 1146 2408 aliquis
1189 2337 1382 2392 forsan
1428 2338 1746 2393 auditorum
1802 2339 1970 2410 paulo

385 2428 604 2483 czeteris
634 2429 868 2498 aequior,
894 2429 1043 2498 quod
1068 2427 1246 2484 Filius
1276 2429 1390 2498 ipse
1420 2443 1479 2484 se
1510 2429 1576 2483 ad
1601 2428 1816 2484 Patrem
1844 2445 1970 2500 pro-

384 2521 558 2576 licisci
591 2521 789 2591 inquit,
821 2528 880 2575 ut
911 2521 1006 2592 qui
1034 2521 1266 2576 credunt
1299 2521 1355 2574 in
1381 2536 1508 2576 eum
1542 2522 1752 2592 majora
1782 2521 1968 2578 facere

385 2613 605 2681 possint
653 2627 820 2682 quam
870 2627 993 2682 quae
1041 2613 1157 2682 ipse
1217 2612 1438 2668 edidit?
1489 2612 1636 2668 Sane
1686 2615 1963 2668 occultam

384 2705 682 2772 quamdam
704 2704 757 2758 in
781 2719 840 2760 se
860 2703 1201 2776 habetsoﬁ.
1221 2705 1430 2760 dictum
1465 2705 1598 2760 illud
1623 2707 1967 2777 contempla-

383 2797 612 2850 tionem.
647 2795 788 2862 Quid
818 2812 948 2868 ergo
971 2798 1040 2852 sit
1069 2798 1200 2852 illud
1235 2802 1382 2868 quod
1407 2799 1488 2851 ait
1511 2838 1526 2861 .
1562 2799 1743 2869 ipsum
1775 2800 1966 2869 aecipe

383 2889 460 2941 ita
492 2889 886 2958 propemodum
913 2891 1287 2959 explicantem
1316 2909 1330 2944 :
1381 2889 1426 2945 Ο
1452 2906 1766 2946 sermonum
1811 2909 1963 2949 meo-

380 2996 504 3034 rum
543 2981 780 3036 ministri
814 2996 876 3062 ac
909 2982 1020 3035 veri
1055 2980 1344 3053 discipuli.
1385 2985 1629 3053 quandiu
1676 2984 1961 3041 vobiscum

2090 492 2367 557 παντελῶς
2397 494 2490 548 καὶ
2509 493 2666 556 ῦθλος
2689 495 2893 557 εἰκαῖος
2917 495 3011 548 καὶ
3039 496 3422 566 δαιμονιώδους
3444 499 3670 567 δυστρο-

2088 585 2221 650 πίας
2248 586 2550 656 εύρέματα.
2599 586 3032 657 Πεπερασμένην
3048 586 3118 638 -δὲ
3163 587 3416 658 οὐδαμῶς
3451 590 3548 659 τὴν
3576 590 3669 642 τοῦ

2087 678 2218 732 Υίοῦ
2245 679 2475 750 δύναμιν
2521 679 2796 751 θεωρῆσαι
2823 697 2906 744 τις
2956 681 3046 742 ἂν,
3094 681 3214 733 οὐδὲ
3241 680 3538 748 διήκουσαν
3570 683 3671 750 μὲν

2086 771 2179 825 ἐπί
2204 789 2256 824 τι
2285 771 2393 825 τῶν
2423 771 2612 836 ὄντων,
2643 773 2745 825 ούκ
2775 771 3054 844 ἀρκοῦσαν
3084 771 3139 825 δὲ
3165 775 3276 836 τοῖς
3297 773 3375 825 ἔτι
3403 773 3666 844 μείζοσιν,

2083 864 2200 919 ἀλλ’
2243 867 2455 937 ὅσαπερ
2503 865 2570 920 ἂν
2604 863 2846 934 βούλοιτο
2873 864 3045 918 ταῦτά
3071 882 3129 917 τε
3161 864 3373 936 δρῶσαν
3403 865 3665 932 εὐκόλως,

2083 959 2180 1012 καὶ
2209 961 2320 1022 τοῖς
2350 957 2523 1024 ἀξίοις
2551 957 2918 1028 χαριζομένην
2937 957 2998 1010 τὸ
3020 959 3132 1020 τοῖς
3156 958 3291 1021 ἴσοις
3317 958 3473 1026 τυχὸν
3500 958 3670 1027 ἤγουν

2082 1051 2180 1105 καὶ⁵
2208 1050 2628 1122 ὑπερκειμένοις
2657 1048 3044 1120 ἐναϐρύνεσθαι
3079 1047 3296 1111 θώκοις.
3337 1050 3447 1103 Καὶ
3481 1051 3553 1120 μή
3583 1067 3669 1113 τις

2081 1143 2278 1198 οἰέσθω
2307 1143 2487 1212 λέγειν
2517 1144 2670 1214 ἡμᾶς
2714 1143 2792 1196 ὅτι
2827 1141 3109 1214 περιέσται
3157 1141 3288 1194 ποτὲ
3320 1140 3380 1194 τὸ
3408 1140 3667 1194 δύνασθαί

2081 1255 2190 1293 τινι
2214 1237 2323 1291 τῶν
2350 1237 2450 1308 τὴν
2478 1238 2558 1301 εἰς
2591 1235 2754 1290 αὐτὸν
2787 1235 2968 1289 πίστιν
2994 1235 3368 1306 τετιμηκότων
3396 1235 3458 1306 δη
3468 1252 3664 1306 μιουρ-

2081 1331 2252 1402 γῆσαι
2283 1332 2380 1403 μὲν
2406 1330 2655 1402 οὐρανὸν,
2687 1329 2839 1400 ἥλιον
2865 1329 2920 1382 δὲ
2952 1328 3045 1382 καὶ
3085 1327 3337 1398 σελήνην,
3375 1329 3542 1399 ἤγουν
3572 1329 3666 1382 τὸν

2083 1423 2360 1496 περιφανῆ
2385 1424 2497 1476 τῶν
2523 1423 2767 1493 ἀστέρων
2801 1421 2960 1492 χορὸν
2985 1419 3276 1485 ἀναδεῖξαι,
3300 1420 3480 1474 κτίσαι
3501 1421 3664 1489 τυχὸν

2079 1518 2368 1588 ἀγγέλους,
2398 1517 2431 1587 ἢ
2463 1516 2588 1586 γῆν,
2620 1514 2654 1586 ἧ
2685 1515 2755 1568 τὰ
2786 1515 2844 1567 ἐν
2871 1515 3030 1584 αὐτῇ.
3081 1513 3394 1584 Τέτραπται
3423 1512 3531 1583 γὰρ
3559 1513 3660 1564 οὐκ

2080 1610 2140 1662 ἐν
2165 1609 2375 1671 τούτοις
2405 1610 2434 1662 ό
2463 1607 2557 1660 τοῦ
2587 1606 2744 1675 λόγου
2775 1605 2994 1671 σκοπὸς,
3038 1605 3152 1660 ἀλλ’
3185 1604 3270 1672 ἐφ’
3307 1599 3385 1668 οἷς
3414 1599 3481 1675 ἦν
3516 1605 3662 1668 είκὺς

2084 1699 2440 1765 συντείνεται,
2475 1698 2570 1752 καὶ
2610 1698 2709 1767 τῆς
2745 1694 3249 1768 ἀνθρωποπρεποῦς
3277 1695 3662 1766 λαμπρότητος

2006 1749 2049 1804 Β
2577 1749 3068 1859 καί.ἀγια.σμῷτδ
3119 1749 3318 1858 μέτρον
3350 1749 3457 1857 ιοὐχ
3491 1749 3660 1856 ὑπερ;

2073 1881 2279 1951 τρέχει.
2326 1881 2426 1933 Διὰ
2458 1879 2567 1951 γάρ
2593 1897 2676 1932 τοι
2721 1879 2879 1933 τοῦτο
2930 1877 3296 1948 περιστέλλων
3340 1877 3530 1949 ὥσπερ
3561 1877 3659 1931 τοῦ

2073 1973 2234 2042 λόγου
2287 1973 2378 2026 τὸν
2429 1973 2513 2042 ἐφ’
2561 1973 2699 2042 ὅπερ
2745 1971 2811 2026 ἄν
2856 1989 2940 2036 τις
2992 1970 3232 2041 βούλοιτο
3287 1970 3521 2042 δρόμον,
3565 1972 3659 2024 καὶ

2075 2066 2259 2135 μόνοις
2278 2068 2396 2128 τοῖς
2425 2065 2554 2134 παρ’
2590 2063 2754 2118 αὑτοῦ
2783 2063 3102 2134 παραδόξως
3130 2062 3534 2133 τετελεσμένοις
3563 2062 3658 2115 ἐπὶ

2069 2157 2170 2228 τῆς
2203 2155 2326 2225 γῆς,
2376 2157 2465 2209 ὅτε
2511 2154 2731 2223 γέγονεν
2772 2152 3078 2224 ἄνθρωπος,
3111 2151 3221 2205 τῶν
3265 2151 3346 2204 ἔτι
3395 2149 3658 2221 μειζόνων

2069 2245 2520 2318 ἀντιπαρεξάγων
2547 2245 2604 2297 τὸ
2631 2243 2880 2314 μέγεθος,
2909 2263 2927 2294 ι
2945 2245 3012 2296 Ἀ
3036 2242 3145 2312 ἐγὼ
3173 2242 3472 2312 πεποίηκα,
3498 2242 3652 2311 φησὶ,

2071 2341 2310 2410 ποιήσει,
2366 2337 2461 2390 καὶ
2496 2337 2719 2407 μείζονα
2755 2335 2983 2390 τούτων.
3029 2355 3046 2386 ι
3109 2335 3186 2389 Οὐ
3229 2335 3339 2406 γὰρ
3386 2335 3652 2404 ἁτονήσας

2070 2433 2201 2502 περὶ
2237 2431 2305 2484 τὰ
2339 2429 2512 2502 μείζω
2543 2431 2702 2502 μέχρι
2730 2429 2840 2483 τῶν
2867 2429 3290 2499 τετελεσμένων,
3317 2428 3417 2498 τὴν
3447 2427 3654 2481 οἰκείαν

2068 2525 2336 2596 ἐπέστησε
2371 2523 2633 2594 δύναμιν,
2689 2523 3006 2586 ἐπιτελέσας
3049 2523 3106 2576 δὲ
3156 2521 3300 2592 ἅπερ
3343 2519 3514 2589 ἐχρῆν
3559 2519 3654 2571 καὶ

2067 2616 2276 2685 ὅσαπερ
2303 2613 2466 2684 τυχὸν
2501 2617 2580 2677 είς
2632 2615 2799 2683 μέσον
2843 2613 3216 2684 παρεκόμισεν
3250 2615 3278 2667 ὁ
3309 2613 3521 2682 καιρὸς,
3569 2610 3652 2662 ὅτι

2071 2707 2144 2777 μὴ
2175 2707 2367 2777 μέχρις
2398 2706 2623 2761 ἐκείνων
2649 2706 2994 2776 ἀφικνεῖσθαι
3024 2706 3248 2759 δύναται
3283 2703 3387 2774 τῆς
3424 2703 3651 2773 ἐνούσης

2066 2800 2316 2866 ἐξουσίας
2360 2800 2511 2871 αὐτῷ
2557 2799 2619 2852 τὸ
2669 2800 3028 2870 ἀπερινόητον
3061 2797 3291 2869 μέγεθος
3343 2795 3650 2849 ἐκδιδάσκει

2065 2892 2351 2964 χρησίμως
2383 2891 2472 2945 διὰ
2513 2890 2622 2946 τῶν
2651 2890 2978 2963 εἰρημένων.
3040 2889 3180 2945 Ἀλλ’
3216 2889 3324 2952 ἵνα,
3368 2887 3465 2959 τὴν
3493 2883 3648 2952 τάξιν

2063 2985 2172 3038 τῶν
2207 2985 2582 3057 προκειμένων
2613 2985 2971 3055 τηρήσαντες,
2999 2985 3066 3053 τῇ
3096 2981 3194 3052 τῆς
3218 2979 3413 3045 λέξεως
3444 2979 3649 3050 θεωρίᾳ

381 3075 436 3128 in
485 3074 648 3128 terris
692 3075 1065 3128 conversabar
1088 3113 1103 3140 ,
1138 3075 1250 3129 vixi
1286 3083 1345 3128 ut
1380 3076 1582 3144 homo.
1618 3093 1726 3130 non
1772 3085 1958 3147 aperte

2066 3078 2174 3132 τῶν
2219 3077 2584 3149 ἀκροωμένων
2633 3077 2726 3130 τὸν
2767 3075 2893 3130 νοῦν
2937 3077 3342 3146 ἐπιστήσωμεν,
3401 3093 3420 3124 ι
3452 3071 3646 3142 Ἀμὴν,

379 3165 606 3218 omnino
654 3165 812 3219 vobis
865 3165 1089 3221 deitatis
1134 3181 1267 3222 mea:
1318 3177 1645 3238 potestatem
1693 3171 1957 3237 ostendi;

380 3258 481 3312 sed
519 3263 574 3312 et
608 3256 830 3313 locutus
865 3273 988 3312 sum
1013 3298 1029 3322 ,
1079 3267 1136 3314 et
1171 3259 1274 3314 feci
1305 3262 1706 3316 convenienter
1739 3263 1962 3318 humili-

382 3349 514 3403 tatis
559 3349 870 3404 conditioni
918 3358 973 3406 et
1023 3349 1215 3406 format
1263 3353 1479 3407 servili.
1514 3352 1788 3418 Quoniam
1831 3370 1960 3409 vero

379 3440 470 3492 illa
513 3439 734 3495 demum
785 3455 886 3510 pro
938 3456 1004 3496 eo
1053 3456 1116 3495 ac
1159 3442 1389 3497 decebat
1435 3454 1655 3513 peracta
1691 3456 1862 3509 sunt,
1906 3454 1961 3500 et

377 3531 660 3601 impletum
698 3531 835 3586 mihi
871 3541 958 3586 est
991 3533 1428 3602 dispensationis
1467 3549 1596 3589 cum
1637 3551 1802 3591 carne
1843 3552 1960 3607 my-

376 3623 610 3677 sterium
641 3623 904 3692 (jamjam
933 3625 1078 3679 enim
1103 3635 1334 3680 mortem
1363 3629 1662 3697 perpetiar,
1687 3637 1742 3682 et
1773 3643 1958 3683 resur-

377 3729 499 3784 gam
525 3715 542 3785 )
569 3756 584 3780 ,
626 3715 892 3784 polliceor
933 3733 1020 3772 me
1050 3719 1209 3774 vobis
1249 3717 1507 3773 daturum
1549 3721 1757 3791 majora
1793 3737 1956 3790 quam

375 3820 500 3874 qua:
532 3821 628 3875 per
675 3821 760 3861 me
799 3805 941 3862 facta
975 3815 1135 3873 sunt,
1173 3808 1440 3862 miracula
1477 3807 1676 3863 edendi
1711 3817 1958 3880 potesta-

375 3904 509 3961 tem,
549 3897 792 3953 instante
815 3898 930 3968 jam
955 3907 1204 3970 tempore
1229 3908 1284 3955 et
1310 3899 1598 3956 voluntate
1619 3915 1683 3955 ea
1713 3901 1956 3971 largien-

375 3993 452 4047 di.
491 3991 584 4046 lbo
623 3993 828 4062 quippe
875 3991 944 4047 ad
983 3991 1204 4047 Patrem
1229 4034 1244 4058 ,
1286 4007 1659 4049 consessurus
1699 3994 1958 4049 videlicet

374 4095 930 4155 conregnaturusque
963 4101 1085 4139 cum
1121 4101 1186 4140 eo
1212 4093 1270 4138 ut
1302 4083 1446 4141 Deus
1477 4101 1544 4142 ex
1579 4085 1710 4149 Deo,
1745 4087 1957 4141 incom-

376 4178 649 4245 prehensa
697 4177 903 4233 virtute
950 4192 1017 4231 ac
1066 4185 1337 4248 potestate
1376 4177 1574 4233 amicis
1625 4178 1764 4233 meis
1809 4179 1953 4233 bona

373 4272 635 4341 largiens.
688 4290 707 4322 ι
755 4270 1131 4342 Quodcunque
1161 4271 1436 4341 petieritis
1461 4311 1476 4336 ,
1507 4272 1729 4342 inquit,
1764 4272 1818 4326 in
1851 4287 1954 4326 no-

371 4364 520 4420 mine
559 4379 702 4431 meo,
731 4363 838 4418 hoc
874 4363 1100 4427 faciam,
1122 4382 1140 4414 ι
1178 4374 1404 4432 peracto
1433 4376 1679 4434 tempore
1709 4381 1821 4435 quo
1852 4381 1951 4420 ne-

2065 3173 2222 3242 φησὶ,
2255 3171 2398 3239 λέγω
2424 3170 2574 3238 ὑμῖν,
2605 3171 2633 3222 ό
2662 3168 2934 3222 πιστεύων
2964 3170 3044 3230 εἰς
3067 3166 3190 3237 ἐμὲ,
3222 3166 3290 3220 τὰ
3317 3165 3453 3237 ἔργα
3479 3163 3514 3217 ἃ
3537 3162 3648 3231 ἐγὼ

2065 3263 2222 3327 ποιῶ,
2246 3265 2496 3326 κάκεῖνος
2527 3264 2766 3334 ποιήσει,
2799 3263 2892 3316 καὶ
2925 3259 3148 3332 μείζονα
3174 3259 3377 3338 τούτων
3405 3261 3644 3328 ποιήσει,

2062 3357 2144 3410 ὅτι
2163 3354 2276 3424 ἐγὼ
2296 3356 2434 3427 πρὸς
2456 3357 2548 3409 τὸν
2575 3355 2793 3424 Πατέρα
2818 3356 3140 3424 πορεύομαι.
3175 3371 3194 3404 ι
3231 3348 3366 3405 Εἶτα
3385 3350 3439 3404 τί
3460 3349 3644 3415 τοῦτο,

2063 3448 2287 3518 φήσειεν
2321 3447 2386 3500 ἄν
2417 3463 2500 3508 τις
2537 3443 2647 3497 τῶν
2681 3444 3048 3515 ἀκροωμένων
3088 3441 3492 3510 ἐπιεικέστερον
3527 3438 3642 3511 [γρ.

2062 3535 2510 3608 ἐπιεικέστερος],
2537 3535 2598 3589 τὸ
2625 3535 2953 3606 πορεύεσθαί
2985 3551 3127 3605 φημι
3149 3533 3287 3605 πρὸς
3315 3533 3405 3586 τὸν
3426 3533 3645 3602 Πατέρα

2059 3630 2151 3684 τὸν
2180 3630 2331 3693 Υίὸν,
2389 3629 2526 3700 πρὸς
2568 3629 2630 3681 τὸ
2682 3627 2942 3680 δύνασθαι
2984 3625 3282 3697 κατορθοῦν
3331 3623 3529 3678 καὶτὰ
3560 3625 3644 3678 ἔτι

2063 3721 2234 3791 μείζω
2258 3721 2367 3774 τῶν
2399 3721 2528 3789 παρ’
2555 3719 2718 3773 αὑτοῦ
2749 3718 3105 3789 δεδειγμένων
3131 3719 3257 3781 τοὺς
3286 3716 3641 3779 πιστεύοντας

2059 3816 2137 3878 εἰς
2171 3813 2371 3879 αὑτόν;
2426 3811 2636 3866 Οὐκοῦν
2670 3811 3062 3882 κεκρυμμένην
3095 3809 3218 3863 τινὰ
3265 3808 3499 3879 θεωρίαν
3528 3810 3644 3862 εἰσ-

2059 3904 2216 3977 φέρει
2240 3903 2302 3956 τὸ
2342 3903 2650 3975 εἰρημένον.
2701 3901 2766 3954 Τί
2810 3897 2902 3954 οῦν
2935 3903 3082 3954 ἐστιν
3113 3903 3141 3955 ὅ
3175 3913 3328 3970 φησι.
3362 3899 3520 3970 δέχου
3551 3897 3641 3952 λέ-

2057 4017 2224 4069 γοντα
2246 3999 2407 4070 τυχόν
2423 4015 2438 4030 ο
2481 3993 2550 4052 Ὦ
2576 3997 2686 4051 τῶν
2719 3997 2868 4068 ἐμῶν
2895 3995 3164 4068 ὑπηρέται
3189 3995 3362 4063 λόγων
3388 3993 3482 4046 καὶ
3511 3995 3642 4062 γνή-

2060 4111 2164 4148 σιοι
2220 4093 2496 4164 φοιτηταί,
2550 4093 2659 4156 ἓως
2719 4091 2818 4162 μὲν
2865 4093 2961 4146 σὺν
3025 4091 3155 4160 ὑμῖν
3207 4089 3307 4152 τὰς
3357 4087 3642 4158 διατριϐὰς

2058 4187 2361 4258 ἐποιούμην
2395 4187 2488 4239 ἐπὶ
2514 4185 2615 4256 τῆς
2647 4185 2784 4254 γῆς,
2837 4182 3273 4254 ἐπολιτευσάμην
3315 4181 3391 4245 ὡς
3429 4181 3642 4249 ἀνθρω-

2058 4297 2178 4344 πος,
2223 4280 2326 4333 οὐκ
2370 4279 2607 4349 ἄκρατον
2651 4278 2778 4348 ὑμῖν
2824 4278 2922 4342 τῆς
2969 4276 3220 4346 θεότητος
3260 4275 3360 4346 τὴν
3389 4273 3641 4341 ἐξουσίαν

2057 4370 2422 4442 ἐπεδειξάμην
2449 4387 2462 4402 ⁸
2502 4367 2654 4424 εἶπόν
2679 4387 2740 4422 τε
2766 4371 2859 4423 καὶ
2887 4369 3148 4440 πέπραχα
3177 4369 3498 4438 πρεπόντως
3522 4385 3640 4431 πως

370 4468 528 4509 cesse
568 4462 724 4520 erat,
765 4453 986 4522 inquit,
1033 4453 1088 4507 in
1132 4454 1468 4510 humilitatis
1530 4454 1706 4508 forma
1751 4455 1950 4512 videri.

2066 4463 2155 4516 καὶ
2182 4462 2262 4533 τῷ
2286 4464 2386 4533 τῆς
2419 4462 2804 4525 ταπεινώσεως
2836 4461 3021 4532 μέτρῳ
3052 4461 3146 4513 καὶ
3176 4459 3255 4530 τῷ
3287 4461 3528 4530 σχήματι
3560 4459 3639 4528 τῷ

370 4543 528 4609 Quod
572 4544 802 4599 decebat
847 4544 1136 4599 observavi
1185 4552 1410 4614 propter
1434 4547 1947 4616 dispensationem:

369 4650 520 4689 nunc
545 4650 678 4689 vero
701 4637 877 4706 palam
923 4645 980 4692 et
1027 4647 1216 4707 aperte
1255 4632 1522 4708 polliceor
1559 4654 1645 4694 me
1677 4638 1951 4694 facturum

367 4743 431 4782 ea
455 4743 576 4799 qua:
601 4727 694 4784 Dei
728 4739 880 4795 sunt.
913 4733 984 4785 ah
1013 4731 1116 4786 hac
1143 4738 1255 4786 tam
1289 4733 1490 4789 illustri
1519 4735 1698 4804 gloria
1730 4735 1949 4792 Patrem

368 4835 478 4873 non
513 4821 815 4877 excludens
839 4864 855 4887 ,
891 4821 986 4878 sed
1040 4831 1100 4877 ut
1146 4823 1491 4894 gloriﬁcetur
1525 4826 1578 4880 in
1612 4824 1773 4882 Filio.
1811 4827 1946 4883 Nam

367 4912 544 4970 Filius
582 4913 629 4968 si
671 4917 1032 4986 glorificetur,
1081 4920 1309 4974 omnino
1342 4921 1397 4975 in
1429 4936 1497 4976 eo
1529 4937 1754 4992 quoque
1787 4921 1952 4979 Pater

367 5007 793 5078 glorificabitur.
825 5007 1028 5064 Filium
1053 5012 1260 5082 quippe
1283 5023 1479 5069 natura
1503 5031 1602 5070 sua
1629 5016 1797 5073 Deum
1823 5035 1948 5074 esse

367 5098 560 5152 multis
606 5105 768 5152 antea
815 5097 929 5167 jam
976 5099 1420 5157 demonstratum
1461 5113 1586 5161 est:
1620 5107 1715 5162 sed
1748 5109 1945 5163 nihilo-

367 5189 550 5244 minus
579 5189 744 5278 etiarn
775 5189 879 5244 hoc
906 5205 972 5244 ex
1003 5206 1070 5246 eo
1101 5200 1251 5261 patet
1276 5195 1425 5264 quod
1462 5207 1785 5253 sanctorum
1822 5198 1948 5255 ora-

365 5281 545 5336 tiones
569 5283 826 5352 suscipit.
851 5282 1047 5352 eisque
1073 5300 1197 5351 quae
1253 5287 1511 5354 petierint
1543 5305 1610 5345 ac
1639 5293 1810 5347 velint
1836 5293 1951 5348 lar-

365 5375 533 5438 gitur.
567 5371 856 5440 Quomodo
885 5389 1022 5445 ergo
1055 5373 1218 5432 Pater
1249 5377 1302 5430 in
1336 5392 1405 5433 eo
1429 5394 1538 5434 non
1571 5382 1951 5451 glorificetur‘!

369 5462 439 5520 lit
463 5467 610 5520 enim
631 5467 757 5536 jure
784 5466 1028 5522 dedecus
1057 5468 1107 5523 ei
1134 5469 1355 5540 aliquod
1384 5471 1704 5537 inferretur.
1729 5479 1774 5533 si
1805 5475 1949 5534 Deus

366 5571 473 5611 non
497 5566 644 5612 esset
667 5568 866 5612 natura
893 5559 939 5614 is
963 5559 1059 5628 qui
1090 5576 1155 5615 ex
1185 5561 1305 5633 ipso
1329 5567 1625 5634 processit,
1649 5569 1732 5623 sic
1759 5571 1950 5642 gloriae

368 5650 598 5705 multum
625 5650 879 5719 accipiet,
905 5653 952 5706 si
979 5651 1148 5708 Deum
1168 5671 1358 5711 verum
1381 5657 1602 5722 habeat,
1629 5669 1681 5713 et
1707 5660 1943 5717 fructum

367 5756 432 5795 ex
469 5743 776 5798 substantia
809 5757 906 5799 sua
942 5747 1326 5814 procedentem
1354 5788 1368 5813 ,
1411 5752 1503 5819 qui
1533 5759 1586 5805 et
1625 5761 1825 5807 cuncta
1860 5753 1943 5807 fa-

2050 4554 2422 4626 δουλοπρεπεῖ.
2471 4553 2686 4624 Ἐπειδὴ
2717 4553 2776 4606 δὲ
2825 4552 3011 4616 λοιπὸν
3059 4555 3242 4606 ἐκεῖνα
3288 4552 3638 4623 καθηκόντως

2048 4649 2380 4708 τετέλεσται.
2433 4649 2530 4700 κα)⁵
2564 4647 2921 4718 πεπλήρωται
2973 4662 3064 4716 μοι
3115 4646 3213 4716 τῆς
3250 4644 3388 4716 μετὰ
3435 4644 3638 4715 σαρκὸς

2048 4738 2360 4808 οἰκονομίας
2386 4736 2446 4790 τὸ
2471 4739 2764 4807 μυστήριον
2787 4753 2802 4766 ·
2856 4738 3114 4806 πείσομαι
3140 4737 3248 4808 γὰρ
3273 4737 3397 4789 ὅσον
3424 4734 3638 4787 οὐδέπω

2048 4830 2141 4881 τὸν
2181 4829 2434 4895 θάνατον,
2476 4830 2569 4882 καὶ
2607 4829 3013 4900 ἐγερθήσομαιο
3070 4828 3378 4901 χαριεῖσθαι
3419 4828 3476 4880 δὲ
3507 4829 3638 4897 ύμῖν

2053 4923 2465 4993 ἐπαγγέλλομαι
2508 4921 2692 4975 καὶτὰ
2721 4921 2800 4975 ἔτι
2830 4921 3052 4992 μείζονα
3091 4922 3201 4975 τῶν
3239 4921 3305 4975 δι’
3341 4920 3477 4991 ἐμοῦ
3511 4920 3639 4973 θαυ-

2057 5019 2243 5087 μάτων
2278 5014 2536 5070 δύνασθαι
2571 5014 2847 5087 πληροῦν,
2897 5015 3163 5086 παρόντος
3211 5014 3290 5068 ἐτι
3319 5013 3413 5067 τοῦ
3440 5013 3636 5083 καιροῦ

2053 5110 2148 5162 καὶ
2171 5109 2268 5179 τῆς
2297 5111 2390 5162 ἐπὶ
2409 5107 2618 5173 τούτοις
2647 5107 2976 5179 φιλοτιμίας.
3001 5105 3347 5178 Πορεύσομαι
3367 5105 3475 5174 γὰρ
3501 5102 3637 5174 πρὸς

2052 5200 2144 5254 τὸν
2173 5200 2414 5272 Πατέρα,
2467 5197 2836 5270 συνεδρεύσων
2887 5197 3039 5268 αύτῷ
3088 5196 3333 5266 δηλονότι
3375 5195 3470 5248 καὶ
3498 5211 3634 5264 συμ-

2054 5293 2412 5357 ϐασιλεύσων,
2440 5292 2517 5356 ὼς
2544 5291 2678 5356 Θεὸς
2709 5294 2774 5345 ἐκ
2804 5290 2961 5355 Θεοῦ,
2999 5288 3446 5358 ἀκατακαλύπτῳ
3470 5286 3634 5340 δυνά-

2059 5404 2150 5456 μει
2185 5389 2279 5440 καὶ
2309 5385 2544 5458 ἐξουσίᾳ.
2589 5428 2602 5440 .
2643 5426 2658 5439 .
2704 5427 2717 5440 .
2763 5424 2777 5438 .
2821 5425 2836 5438 .
2906 5385 3006 5454 τῆς
3048 5381 3290 5452 ἐμαυτοῦ
3325 5379 3540 5450 φύσεως
3575 5383 3637 5433 τὸ

2055 5475 2254 5532 διδόναι
2275 5481 2388 5542 τοῖς
2408 5477 2652 5547 γνησίοις
2675 5477 2745 5531 τὰ
2776 5476 2975 5544 ἀγαθά.
3013 5494 3032 5526 t
3059 5477 3242 5546 Ὅπερ
3265 5474 3333 5530 ἂν
3349 5475 3632 5543 αἰτήσητε,

2056 5571 2242 5642 φησὶν,
2287 5571 2382 5624 ἐπὶ
2424 5569 2501 5641 τῷ
2545 5570 2770 5640 ὀνόματί
2805 5587 2928 5640 μου,
2957 5567 3114 5623 τοῦτο
3142 5569 3379 5640 ποιήσω,
3415 5585 3434 5618 ›
3487 5581 3634 5618 τετε-

2053 5661 2316 5733 λεσμένου
2362 5661 2455 5715 τοῦ
2502 5661 2693 5732 καιροῦ
2723 5661 2844 5716 καθ’
2875 5661 2933 5715 ὂν
2967 5660 3098 5718 ἔδει.
3129 5662 3317 5728 φησὶν,
3347 5660 3405 5712 ἐν
3432 5655 3512 5725 τῷ
3533 5657 3632 5725 τῆς

2052 5752 2431 5820 ταπεινώσεως
2474 5756 2755 5824 φαίνεσθαι
2787 5756 3041 5825 σχήματι.
3079 5753 3367 5826 ’τετήρηκα
3399 5750 3458 5803 τὸ
3496 5747 3631 5810 πρέ-
