3892 6202
262 252 380 308 ﬁt?)
1264 243 1334 300 ΙΝ
1376 243 1666 303 JOANNIS
1704 245 2154 305 EVANGELIUM
2192 247 2320 304 LIB.
2362 250 2454 306 IX.
3435 245 3545 301 250

266 386 376 420 πον
403 367 494 420 διὰ
529 366 628 436 τὴν
659 364 973 434 οἰκονομίαν
999 381 1014 396 ο
1061 365 1180 418 νυνὶ
1210 364 1265 418 δὲ
1291 365 1478 418 λοιπὸν
1506 367 1803 420 ἀκατακαλι

2004 385 2084 425 are
2109 377 2164 424 et
2190 373 2407 426 caeteris
2440 380 2497 426 ut
2527 371 2664 426 mira
2689 371 2900 426 faciant
2932 369 3121 442 largiri
3158 367 3357 438 possit.
3385 365 3541 430 Quod

270 477 448 524 πτως,
488 458 564 521 ὡς
591 456 744 521 Θεὸς,
779 457 1096 527 ἐνεργήσειν
1144 456 1552 526 ἐπαγγέλλομαι
1594 457 1662 511 τὰ
1696 458 1807 512 Θεοὲ

2041 463 2109 516 ad
2145 463 2374 533 gloriam
2413 463 2590 518 Patris
2618 472 2832 533 spectat
2866 463 3068 517 Filium
3103 460 3306 514 divinis
3340 473 3545 528 prteru-

266 552 333 603 οὐ
367 551 460 602 τὸν
511 548 732 619 Πατέρα
774 549 874 617 τῆς
903 548 1045 602 οὕτω
1075 549 1390 621 πρεπούσης
1422 551 1580 621 δόξης
1620 553 1803 617 ἐξωθοι

2006 556 2158 609 ativis
2180 571 2303 610 esse
2327 557 2710 626 conspicuum,
2737 571 2986 625 qmenam
3014 555 3156 608 ratio
3179 551 3384 606 vetabit
3406 566 3543 619 quo-

275 661 457 712 μενος,
482 643 595 698 ἀλλ’
625 643 710 696 ἵνα
739 643 967 714 δοξασθῇ
1001 645 1059 696 ἐν
1083 643 1160 715 τῷ
1190 644 1324 715 Υἱῷ.
1353 646 1720 717 Δοξαζομένου
1745 649 1812 716 γά

1990 647 2144 702 uinus
2167 647 2476 718 puniendus
2503 648 2575 704 sit
2595 649 2906 714 haereticus,
2927 647 3020 715 qui
3049 644 3352 714 impudenti
3383 643 3527 696 blas-

267 736 364 788 τοῦ
386 738 746 806 γεννήματος,
775 734 1165 808 δοξασθήσεται
1197 737 1414 800 πάντως
1443 740 1500 790 ἐν
1528 737 1676 808 αὐτῷ
1705 741 1798 792 καὶ

2007 740 2175 793 hemia
2207 741 2396 796 multis
2425 757 2552 796 eum
2591 742 2770 796 modis
2819 743 3040 796 elevare
3064 753 3173 792 non
3197 737 3272 792 sit
3297 735 3544 789 veritus?

267 830 539 896 γεννήσας
582 827 763 881 αὐτόν.
809 827 942 891 Θεὸς
976 827 1086 898 γὰρ
1118 827 1184 881 ἂν
1218 831 1359 884 κατὰ
1386 831 1549 897 φύσιν
1589 832 1804 902 ὑπάρχιι

2007 830 2173 884 ddam
2207 840 2263 885 et
2293 833 2438 886 aliud
2463 833 2607 902 quod
2638 816 2858 886 illorum
2887 827 3262 902 ignorantiam
3290 833 3346 880 et
3372 826 3542 894 impe—

267 921 296 971 ὁ
339 920 470 982 Υἱὸς
513 921 605 973 καὶ
638 920 725 973 διὰ
769 920 976 974 πολλῶν
1016 921 1114 990 μὲν
1159 919 1360 992 ἐτέρων
1393 923 1803 992 καταπὲφανται

2011 923 2139 974 tiam
2163 939 2270 978 non
2305 925 2679 987 mediocriter,
2715 933 2772 976 ut
2801 939 2946 988 reor,
2985 926 3290 991 oppugnat.
3324 915 3458 970 Nam
3493 914 3541 972 si

269 1011 420 1064 οὐδὲν
472 1011 526 1064 δέ
568 1006 731 1084 ἦττον
779 1012 874 1065 καὶ
920 1010 1008 1065 διὰ
1039 1013 1132 1065 τοῦ
1177 1013 1427 1084 δέχεσθαι
1472 1014 1571 1084 μὲν
1613 1015 1710 1079 τάς
1741 1016 1806 1069 τιί

2007 1014 2156 1067 ilium
2194 1030 2517 1083 precamur,
2557 1024 2610 1069 et
2641 1016 2711 1069 ab
2751 1031 2817 1070 eo
2849 1015 3144 1085 petitiones
3181 1009 3451 1080 petimus,
3487 1012 3544 1060 et

265 1103 442 1169 ἁγίων
472 1103 655 1173 εὐχάς,
699 1106 954 1174 χορηγεῖν
997 1103 1054 1158 δέ
1096 1106 1308 1171 αὐτοῖς,
1360 1106 1504 1176 ειπερ
1537 1106 1602 1159 ἂν
1649 1110 1802 1160 αίτοίε

2007 1121 2075 1161 ise
2119 1106 2377 1160 daturum
2431 1123 2492 1162 se
2547 1108 2872 1177 pollicetur,
2933 1101 3211 1174 quomodo
3264 1115 3375 1153 non
3435 1095 3544 1152 erit

266 1195 364 1247 καὶ
396 1195 685 1264 βούλοιντο.
738 1195 864 1259 Πῶς
910 1191 1003 1250 οὑν
1049 1197 1148 1250 οὐκ
1198 1197 1264 1251 ἂν
1307 1200 1335 1251 ὁ
1369 1200 1555 1269 Πατὴρ
1602 1201 1660 1252 ἐν
1697 1201 1803 1252 αὐτη

2003 1207 2155 1251 atura
2191 1197 2336 1252 Deus
2387 1206 2441 1252 et
2475 1213 2537 1252 ex
2581 1199 2687 1252 Deo
2722 1197 2962 1252 naturali
3023 1191 3294 1263 genitus?
3327 1187 3460 1242 Nam
3493 1186 3540 1242 si

262 1284 572 1351 δοξάζοιτος
608 1285 818 1356 Ὥσπερ
846 1285 957 1354 γὰρ
994 1286 1089 1338 καὶ
1134 1288 1359 1349 εἰκότως
1401 1287 1468 1341 ἂν
1512 1289 1799 1358 κατεψέχθι

2009 1293 2271 1348 tiusmodi
2306 1294 2381 1347 ita
2415 1309 2475 1348 se
2513 1294 2712 1346 habere
2743 1309 2848 1346 non
2885 1289 3230 1347 existimant,
3260 1283 3357 1338 sed
3386 1294 3541 1334 crea-

261 1376 402 1428 Θεοῦ
430 1375 571 1428 κατὰ
596 1377 756 1446 φύσιν
785 1378 885 1430 οὐκ
913 1377 1064 1441 ὖντος
1091 1377 1184 1430 τοῦ
1215 1379 1567 1448 προελθόντος
1595 1381 1651 1446 ἐξ
1679 1381 1798 1434 αὐτ(

2004 1401 2070 1439 tm
2108 1386 2338 1450 dicunt,
2365 1401 2475 1455 qua
2509 1388 2562 1440 in
2601 1402 2658 1440 re
2697 1383 3016 1439 diﬂeremus
3053 1379 3219 1451 805
3248 1378 3317 1430 ab
3346 1377 3414 1430 iis
3443 1373 3541 1444 qui

262 1466 602 1536 γεννήματος
631 1483 646 1496 ⁰
695 1464 866 1530 οὕτως
898 1467 1052 1520 ἔσται
1081 1467 1216 1522 πολὺ
1255 1469 1374 1522 λίαν
1419 1470 1666 1540 εὐκλεὴς,
1713 1472 1799 1524 Θεὶ

2000 1476 2144 1541 ›Ιειιι,
2177 1484 2274 1528 aut
2297 1477 2519 1540 coelum,
2551 1475 2669 1532 sive
2691 1485 3075 1530 creaturarum
3103 1472 3344 1539 aliquam
3375 1468 3537 1520 aliam

257 1557 404 1626 ἔχων
429 1557 699 1628 ἀληθινὸν,
739 1560 833 1612 καὶ
857 1559 927 1612 τὰ
967 1560 1146 1614 πάντα
1178 1561 1429 1631 ίσχύοντα
1459 1562 1590 1633 δρᾷν
1617 1581 1675 1615 τε
1706 1564 1794 1634 ὀμ(

2004 1564 2249 1618 ινοεειιιῖ
2280 1565 2519 1620 Tametsi
2546 1567 2693 1620 enim
2721 1561 3207 1619 inconsiderantiaa
3241 1574 3354 1614 suae
3382 1557 3541 1610 dede-

257 1649 358 1701 καὶ
387 1647 594 1720 ἐτέροις
623 1649 941 1720 χαρίζεσθαι
971 1651 1060 1704 τὸν
1085 1653 1148 1705 ἐκ
1179 1652 1276 1723 τῆς
1307 1653 1495 1716 οὐσίας
1522 1654 1683 1707 αὐτοῦ
1712 1673 1794 1727 πρε

1997 1670 2079 1709 )re
2111 1655 2328 1712 confusi
2357 1666 2668 1712 creaturam
2705 1658 2923 1726 quidem
2953 1655 3132 1724 ipsum
3158 1667 3286 1707 esse
3309 1651 3534 1711 dicunt,

253 1741 484 1795 ελθόντα
503 1743 735 1813 καρπόν.
771 1743 912 1796 Εἰδέ
939 1745 1018 1806 είς
1039 1743 1194 1808 δόξαν
1223 1744 1482 1797 συντείνει
1510 1744 1604 1798 τοῦ
1634 1746 1790 1815 Πατρὶ

1999 1748 2163 1803 cteris
2193 1749 2481 1818 aequalem,
2519 1748 2613 1805 sed
2650 1764 2820 1819 supra
2849 1762 3041 1802 omnes
3067 1742 3368 1800 eminentia
3397 1755 3536 1806 qua-

253 1835 318 1886 τὸ
349 1835 409 1887 ἐν
441 1837 551 1898 τοῖς
579 1834 943 1905 θεοπρεπέσιν
977 1835 1282 1906 ἀξιώμασιν
1315 1837 1544 1906 ὁρᾶσθαι
1572 1837 1663 1889 τὸν
1690 1837 1790 1890 Υίὸ

2000 1856 2071 1893 Im
2097 1841 2385 1908 praeditum
2414 1881 2429 1906 ,
2459 1843 2639 1896 sciant
2669 1849 2851 1895 tamen
2911 1857 2970 1895 se
3027 1837 3392 1892 nihilominus
3432 1831 3537 1886 Pa-

253 1928 415 1990 ποῖος
456 1926 550 1980 τοῦ
588 1926 912 1992 κολάζεσθαι
945 1927 1100 1996 λόγος
1129 1928 1389 1994 ἐξελεῖται
1420 1929 1513 1982 τὸν
1543 1931 1790 2001 αἱρετικὸη

2001 1933 2047 1986 is
2077 1933 2310 2003 gloriam
2346 1933 2542 1989 laedere
2566 1975 2580 1995 ,
2635 1935 2686 1988 id
2721 1943 2805 1988 est
2839 1932 3045 1987 Filium
3074 1972 3090 1996 ,
3135 1929 3360 2000 quando
3393 1927 3538 1980 inter

248 2018 630 2090 ἀναισχύντοις
650 2018 981 2089 δυσφημίαις
1003 2018 1468 2090 κατασμικρύνειν
1488 2020 1663 2073 αὐτὸν·
1679 2020 1785 2074 πολι

1997 2034 2231 2080 'eaturas
2260 2042 2386 2081 eum
2413 2027 2710 2082 collocant.
2737 2026 2851 2080 Nec
2883 2026 3029 2080 enim
3055 2024 3322 2094 quaeritur
3349 2030 3534 2074 utrum

249 2113 475 2182 τρόπως
503 2113 563 2165 οὐ
591 2112 1023 2177 καταδείσαντα;
1064 2111 1207 2184 Ἐρῶ
1236 2112 1292 2165 δέ
1319 2112 1456 2184 πρὸς
1484 2113 1695 2177 τούτοις
1719 2114 1786 2167 ἐτι

2005 2131 2142 2186 agna
2173 2119 2266 2182 sit,
2303 2134 2372 2172 an
2401 2134 2567 2187 parva
2595 2127 2873 2180 creatura,
2903 2119 2996 2174 sed
3030 2133 3098 2170 an
3122 2117 3350 2171 omnino
3377 2127 3533 2167 crea-

248 2221 353 2272 ρον
389 2206 507 2266 ταῖς
542 2204 763 2258 ἐκείνων
798 2205 1179 2268 ἀπαιδευσίαις
1200 2203 1260 2257 οὐ
1301 2204 1559 2276 μετρίως,
1594 2206 1670 2267 ὠς
1695 2199 1785 2274 ἐγᾶ

1994 2226 2067 2264 ira
2111 2211 2204 2275 sit,
2235 2227 2304 2264 an
2354 2227 2463 2266 non
2494 2213 2682 2281 potius
2711 2213 2852 2268 Deus
2891 2210 3196 2268 secundum
3241 2216 3531 2269 naturam,

250 2311 380 2364 μαι,
415 2297 740 2366 μαχόμενον.
783 2297 848 2350 Ei
877 2297 987 2366 γάρ
1014 2296 1287 2367 εὐχόμεθα
1313 2295 1390 2366 τῷ
1417 2296 1552 2367 Υἱῷ,
1585 2297 1681 2350 καὶ
1707 2313 1787 2350 πα.

1152 2296 1287 2367 μεθα
1313 2295 1390 2366 τῷ
1417 2296 1552 2367 Υἱῷ,
1585 2297 1681 2350 καὶ
1707 2298 1838 2369 παρ’
1944 2299 2092 2368 quod
2121 2316 2308 2354 verum
2335 2301 2560 2372 quidem
2587 2313 2689 2357 est.

243 2389 418 2443 αὐτοῦ
453 2388 722 2460 ζητοῦμεν
750 2389 820 2442 τὰ
846 2390 1143 2460 αἰτήματα,
1191 2389 1284 2442 καὶ
1311 2388 1473 2453 αὐτὸς
1536 2389 1738 2443 διδόναι
1805 2393 2329 2462 κατεπαγγέλλεται,
2377 2395 2493 2457 πῶς
2538 2395 2638 2448 οὐκ
2705 2394 2770 2448 ἂν
2830 2393 2914 2463 εἴη
2955 2392 3113 2461 φύσει
3151 2389 3284 2452 Θεὸς
3328 2388 3422 2440 xui
3469 2388 3534 2440 ἐκ

242 2484 391 2537 Θεοῦ
414 2484 504 2538 τοῦ
529 2485 669 2538 κατὰ
697 2484 859 2553 φύσιν
882 2485 1309 2554 γεγεννημένος;
1346 2484 1540 2555 Εἰγὰρ
1565 2485 1639 2555 μὴ
1701 2484 1872 2551 οὕτως
1947 2486 2090 2557 ἔχειν
2138 2487 2614 2559 ὑπολαμϐάνουσιν
2663 2487 2848 2546 αὐτὸν,
2895 2484 3119 2554 γενητὸν
3165 2482 3220 2534 δὲ
3264 2477 3404 2532 εἷναι
3446 2477 3533 2530 λέ-

243 2593 433 2646 γουσι,
474 2575 613 2628 κατὰ
637 2575 690 2627 τί
717 2575 988 2644 διοίσομεν
1052 2574 1134 2627 ἐτι
1162 2574 1270 2626 τῶν
1305 2575 1754 2645 ἐπικαλουμένων
1811 2577 1904 2628 τὸν
1942 2578 2116 2648 ἥλιον,
2159 2579 2192 2650 ἢ
2229 2580 2319 2632 τὸν
2349 2578 2597 2650 οὐρανὸν,
2648 2577 2816 2648 ἤγουν
2847 2576 3032 2644 ’ἐτερόν
3065 2591 3118 2625 τι
3152 2571 3261 2624 τῶν
3295 2569 3532 2639 κτισμάο

239 2681 394 2729 των;
429 2665 491 2717 Εἰ
511 2664 618 2736 γὰρ
644 2666 757 2728 καὶ,
786 2665 992 2735 σφόδρα
1021 2664 1343 2734 κακούργως
1367 2665 1465 2734 τῆς
1495 2666 1702 2719 ἑαυτῶν
1725 2666 1948 2743 ἀλογίας
1972 2671 2034 2722 τὸ
2077 2671 2313 2734 ἀκαλλὲς
2372 2669 2806 2738 δυσωπούμενοι,
2843 2669 3048 2737 κτίσμα
3119 2666 3214 2735 μὲν
3285 2663 3532 2731 λέγουσιν

238 2755 415 2810 αὑτὸν
459 2757 517 2808 ἐν
551 2753 653 2826 ίσῳ
685 2757 799 2818 τοῖς
829 2755 1009 2812 ἄλλοις
1042 2754 1355 2825 κτίσμασιν,
1394 2755 1725 2825 ἀσύγκριτον
1771 2757 1828 2810 δέ
1864 2775 1988 2812 τινα
2009 2760 2108 2829 τὴν
2141 2761 2284 2813 κατὰ
2307 2760 2524 2812 πάντων
2551 2758 2694 2829 ἔχειν
2720 2758 2995 2829 ὑπεροχήν
3019 2772 3032 2784 ·
3113 2754 3225 2806 ἀλλ’
3296 2751 3533 2806 ἴστωσαν

235 2851 332 2902 ὅτι
354 2847 506 2900 οὐδὲν
526 2841 687 2918 ἦττον
715 2845 962 2918 ὑϐριοῦσι
991 2845 1091 2914 τὴν
1113 2846 1207 2899 τοῦ
1236 2845 1447 2917 Πατρὸς
1509 2846 1686 2912 δόξαν,
1749 2849 1895 2901 τοῦτ’
1933 2849 2052 2902 ἐστι
2070 2850 2162 2903 τὸν
2196 2851 2346 2913 Υἰὸν,
2379 2850 2493 2903 ἐστ’
2514 2849 2580 2903 ἂν
2605 2850 2769 2903 αὑτὸν
2800 2848 3112 2920 ἐναρίθμιον
3140 2844 3370 2910 λέγωσιν
3394 2841 3530 2902 εἶναι

234 2943 363 3005 τοῖς
410 2938 817 3009 πεποιημένοις.
866 2939 939 2990 Τὸ
968 2939 1075 3008 γὰρ
1109 2937 1440 3008 ζητούμενόν
1472 2940 1619 2992 ἐστιν
1648 2941 1748 2994 οὐκ
1781 2943 1830 2994 εί
1872 2941 2015 3011 μέγα
2052 2945 2214 3013 τυχόν
2257 2945 2405 2997 ἐστιν
2455 2942 2488 3014 ἢ
2549 2941 2744 3013 μικρὸν
2795 2940 3042 3010 ποίημα,
3093 2935 3206 2991 ἀλλ’
3274 2936 3322 2987 εί
3396 2937 3530 3002 ὅλως

236 3031 476 3102 γενητὸς
503 3030 595 3083 καὶ
628 3030 828 3100 μᾶλλον
867 3030 989 3098 οὐχὶ
1014 3029 1146 3091 Θεὸς
1171 3029 1310 3082 κατὰ
1338 3029 1518 3098 φύσιν,
1549 3032 1686 3099 ὅπερ
1718 3033 1834 3084 ἐστὶ
1872 3034 1968 3085 καὶ
1998 3033 2217 3104 ἀληθές.
2997 3036 3002 3040 ’
3043 3043 3048 3048 ’

333 3120 476 3176 Ἐάν
516 3139 570 3174 τι
610 3119 895 3187 αἰτήσητε
935 3121 1005 3173 ὲν
1047 3119 1128 3186 τῷ
1172 3121 1421 3190 ὀνόματί
1455 3140 1602 3191 μου,
1653 3124 1870 3185 τοῦτο(

2003 3124 2152 3188 XIV,
2208 3126 2288 3180 l4.
2347 3124 2409 3181 Si
2447 3122 2573 3195 quid
2625 3123 2885 3193 petieritis
2921 3123 2977 3176 in
3015 3124 3226 3176 nomine
3264 3139 3399 3186 meo,
3435 3121 3531 3175 hoc

237 3216 506 3283 ποιήσω.

1935 3221 2150 3289 faciam.

335 3307 832 3378 ’Δπημφιεσμένως
875 3307 977 3378 ἤδη
1023 3309 1189 3379 φησὶν
1233 3310 1346 3373 ὅτι,
1391 3310 1525 3373 Θεὸς
1572 3311 1834 3382 ὑπάρχων

2005 3313 2212 3381 Aperte
2249 3311 2364 3380 jam
2405 3311 2482 3364 ait
2522 3325 2582 3366 se
2609 3351 2623 3375 ,
2675 3325 2800 3364 cum
2837 3309 2979 3363 Deus
3017 3308 3092 3363 sit
3121 3323 3290 3362 verus
3315 3347 3331 3371 ,
3370 3306 3530 3361 facile

238 3399 519 3471 ἀληθινὸς,
549 3398 894 3468 προσδέξεται
926 3400 1022 3469 μὲν
1045 3401 1137 3453 καὶ
1157 3399 1277 3454 λίαν
1297 3402 1542 3465 εὐπετῶς
1563 3403 1660 3466 τὰς
1683 3422 1775 3474 παι

1993 3406 2153 3458 Iidem
2197 3419 2425 3458 suorum
2477 3418 2667 3472 preces
2707 3409 3066 3471 accepturum
3094 3440 3109 3464 ,
3167 3411 3222 3453 et
3277 3408 3530 3468 prompte

240 3493 359 3546 τῶν
395 3491 540 3546 ἰδίων
585 3491 773 3561 εὐχὰς,
826 3493 1126 3563 χορηγήσει
1158 3491 1214 3545 δὲ
1257 3493 1351 3546 καὶ
1385 3493 1591 3569 σφόδρα
1628 3495 1777 3564 προθι

1992 3497 2224 3549 Imotlum
2261 3495 2586 3563 largiturum
2611 3509 2735 3563 qua:
2768 3491 3050 3562 petierint,
3089 3491 3358 3560 spiritalia
3387 3491 3529 3543 dona

246 3603 388 3656 μως,
437 3583 580 3652 ἆπερ
615 3582 681 3636 ἂν
720 3583 1018 3654 βούλωνται
1061 3583 1268 3650 λαϐεῖν,
1315 3584 1630 3656 χαρίσματα
1655 3586 1710 3639 δὲ
1736 3586 1783 3639 δι

1997 3590 2194 3643 mirum
2225 3596 2280 3642 et
2313 3601 2556 3656 superna
2584 3584 2965 3639 muniﬁcentia
2997 3582 3181 3653 digna.
3210 3581 3398 3651 Neque
3431 3599 3526 3636 vc-

241 3677 423 3731 λονότι
451 3676 797 3748 πνευματικὰ
824 3677 921 3730 καὶ
966 3677 1067 3746 τῆς
1096 3676 1303 3730 ἄνωθεν
1335 3676 1644 3748 φιλοτιμίας
1682 3678 1778 3744 ἄξιε

1992 3709 1994 3727 ι
2026 3693 2085 3735 ιιι
2111 3681 2301 3735 alienae
2329 3677 2690 3749 benignitatis
2719 3692 2784 3732 ac
2813 3675 3079 3730 bonitatis
3115 3674 3372 3728 minister
3415 3674 3529 3726 haec

242 3770 359 3823 Καὶ
390 3771 486 3840 οὐχ
515 3771 591 3832 ὡς
619 3770 718 3838 τῆς
753 3770 941 3840 ἐτέρου
976 3768 1386 3840 φιλανθρωπίας
1408 3769 1672 3835 διάκονος,
1707 3769 1779 3823 οὐ·

1988 3782 2047 3838 ι,
2097 3773 2194 3827 sed
2239 3780 2297 3825 ut
2338 3772 2432 3840 qui
2473 3773 2527 3825 in
2562 3777 2839 3840 potestate
2881 3784 2979 3824 sua
3034 3775 3238 3822 cuncta
3288 3766 3525 3832 habeat,

243 3863 357 3934 μὴν
389 3862 465 3928 ὡς
507 3863 795 3933 ἀλλοτρίας
825 3862 1163 3932 ἡμερότητος
1210 3861 1484 3932 ὑπουργὸς
1509 3861 1578 3915 τὰ
1603 3862 1780 3916 τοιαῦτ

1988 3881 2053 3918 nn
2080 3863 2242 3918 Patre
2272 3871 2326 3918 et
2361 3865 2480 3932 ipse
2510 3863 2792 3917 exsistens
2816 3901 2830 3925 ,
2888 3859 2938 3914 is
2973 3874 3069 3929 per
3091 3872 3256 3927 quem
3291 3858 3477 3910 omnia
3509 3896 3525 3922 ,

239 3971 432 4024 φησιν,
466 3954 580 4008 ἀλλ’
608 3955 683 4017 ὡς
707 3953 845 4024 ἔχων
875 3954 932 4005 ἐν
959 3951 1177 4023 ἐξουσίᾳ
1202 3952 1269 4005 τὰ
1301 3952 1500 4014 πάντα,
1550 3953 1688 4022 μετὰ
1719 3954 1776 4006 Il:

2013 3972 2042 4010 a
2079 3957 2236 4012 nobis
2269 3958 2322 4010 in
2363 3957 2533 4011 Deum
2563 3995 2577 4020 ,
2613 3964 2667 4009 et
2700 3954 2754 4007 in
2795 3968 2898 4006 nos
2935 3951 3005 4004 ab
3037 3951 3159 4020 ipso
3190 3950 3257 4005 ".
3312 3948 3527 4004 Idcirco

237 4046 372 4116 τρὸς
395 4046 492 4099 καὶ
523 4045 684 4108 αὐτὸς
716 4045 1000 4115 ὑπάρχων,
1031 4045 1060 4096 ὁ
1084 4043 1151 4096 δι’
1177 4037 1240 4097 οὗ
1268 4043 1336 4097 τὰ
1361 4043 1560 4108 πάντα,
1594 4045 1746 4115 παρά
1769 4063 1774 4078 ι

1992 4050 2092 4102 iam
2121 4049 2328 4103 Paulus
2360 4047 2693 4116 coniunctas
2727 4045 2936 4115 pariter
2970 4042 3242 4097 bonorum
3278 4041 3529 4110 largitio-

235 4138 403 4210 ἡμῶν
430 4141 509 4199 εἰς
539 4137 696 4197 Θεὸν,
731 4137 825 4190 καὶ
850 4138 930 4199 εἰς
958 4137 1108 4205 ἡμᾶς
1146 4135 1278 4206 παρ’
1305 4135 1493 4191 αὐτοῦ.
1548 4136 1647 4190 Διὰ
1671 4137 1772 4190 τοῦ·

1987 4155 2026 4194 ιε
2065 4140 2248 4210 dignis
2281 4154 2496 4208 semper
2526 4146 2860 4206 apprecatur
2889 4175 2906 4200 ,
2959 4133 3153 4188 dicens
3199 4152 3212 4185 :
3272 4151 3290 4182 ι
3329 4131 3524 4186 Gratia

237 4231 340 4284 καὶ
389 4228 599 4292 Παῦλος
644 4229 731 4282 ἀεὶ
786 4227 1224 4296 συνεζευγμένας
1277 4226 1376 4290 τὰς
1437 4227 1546 4280 τῶν
1604 4228 1774 4295 ἁγαθὸ

1987 4231 2084 4285 ibis
2134 4241 2189 4285 et
2237 4246 2341 4299 pax
2379 4245 2408 4282 a
2444 4231 2554 4284 Deo
2604 4227 2766 4282 Patre
2798 4233 2995 4280 nostro
3035 4231 3090 4278 et
3129 4222 3363 4277 Domino
3393 4221 3524 4277 Jesu

234 4322 509 4393 χορηγίας
560 4323 675 4383 τοῖς
717 4321 890 4386 ἀξίοις
939 4319 1269 4388 ἐπεύχεται,
1322 4317 1538 4388 λέγων’
1602 4338 1621 4370 ι
1651 4319 1771 4392 Χάρ

1990 4325 2154 4378 iristo
2197 4323 2262 4375 ³⁵.
2302 4343 2322 4375 ι
2370 4321 2559 4391 Neque
2592 4336 2723 4376 vero
2770 4319 3067 4389 quisquam
3117 4332 3266 4370 sana:
3322 4317 3525 4372 mentis

237 4414 371 4484 ὑμῖν
394 4415 486 4467 καὶ
507 4415 696 4484 εἰρήνη
729 4412 838 4466 ἀπὸ
859 4411 1069 4482 Πατρὸς
1099 4409 1256 4482 ἡμῶν
1284 4411 1378 4463 καὶ
1409 4410 1613 4482 Κυρίου
1649 4411 1774 4481 Ἰησι

1985 4417 2204 4470 Itaverit
2258 4415 2478 4469 Patrem
2538 4414 2772 4469 seorsim
2831 4411 3054 4480 quidem
3112 4409 3348 4478 gratiam
3415 4407 3522 4460 ali—

236 4472 499 4574 ἳίριστοῦ.
532 4472 574 4556 ι.
601 4472 711 4557 Καὶ
753 4505 814 4557 οὐ
859 4503 923 4573 δή
955 4472 1185 4566 τις-νοῦν
1218 4501 1360 4572 ἒχων
1385 4472 1628 4572 οἰήσεται
1661 4472 1771 4556 πάλ

1987 4525 2091 4563 tam
2147 4524 2212 4563 ac
2260 4507 2500 4563 seorsim
2548 4505 2749 4559 Filium
2806 4502 3070 4571 elargiri,
3113 4505 3207 4555 sed
3255 4515 3421 4554 unam
3458 4514 3524 4555 ac

234 4597 316 4658 ὡς
366 4595 471 4666 ἰδίᾳ
517 4595 615 4664 μέν
657 4612 778 4648 τινα
823 4595 984 4665 χάριν
1031 4592 1244 4647 δίδωσιν
1292 4593 1320 4644 ὁ
1359 4593 1570 4665 Πατὴρ,
1616 4593 1723 4665 ἰδίᾳ
1767 4619 1771 4639 ‹

1987 4605 2176 4658 tmdem
2228 4617 2390 4664 esse,
2442 4601 2573 4654 licet
2624 4600 2694 4652 ab
2743 4608 2980 4665 utroque
3029 4595 3270 4648 dicatur.
3309 4594 3524 4649 Cuncta

236 4688 429 4759 ὥσπερ
476 4689 570 4742 κα)⁸
600 4688 706 4742 ἀνὰ
741 4688 906 4759 μέρος
956 4682 1024 4740 αὗ
1072 4687 1232 4741 πάλιν
1263 4688 1292 4738 ό
1337 4686 1506 4749 Υἱός·
1561 4686 1676 4738 ἀλλ’
1707 4685 1773 4739 έση

1984 4699 2136 4768 tippe
2162 4696 2305 4749 bona
2331 4695 2514 4764 dignis
2557 4691 2855 4746 traduntur
2879 4705 2909 4742 a
2943 4687 3109 4743 Patre
3150 4701 3244 4757 per
3275 4686 3476 4742 Filium
3505 4728 3521 4754 ,

238 4778 344 4848 μὲν
391 4781 421 4848 ἡ
472 4778 611 4846 αὐτὴ
654 4779 750 4832 καὶ
800 4779 920 4847 μία,
969 4780 1018 4831 εί
1061 4779 1156 4831 καὶ
1208 4776 1277 4831 δι’
1329 4779 1531 4847 ἀμφοῖν
1581 4778 1775 4846 λέγετα

1980 4831 1981 4836 η
2009 4789 2324 4844 divinarum
2356 4786 2662 4857 gratiarum
2695 4784 2756 4838 lit
2787 4781 3114 4837 distributio
3139 4821 3154 4846 ,
3186 4796 3297 4835 non
3331 4791 3517 4835 tamen

234 4871 480 4923 Ποιείται
506 4869 637 4938 γοῦν
669 4872 818 4940 ὅμως
841 4870 908 4924 τὰ
954 4871 1133 4925 πάντα
1169 4871 1322 4941 παρὰ
1353 4872 1566 4943 Πατρὸς
1591 4873 1658 4926 δι’
1691 4872 1771 4925 Υίι

1986 4897 2186 4952 nquam
2223 4896 2319 4949 per
2342 4879 2659 4933 ministrum
2690 4916 2704 4940 ,
2753 4874 2849 4930 sed
2882 4890 2980 4944 per
3015 4889 3138 4928 eum
3175 4873 3268 4942 qui
3300 4873 3523 4927 conlar-

231 4963 349 5022 τοῖς
394 4958 566 5024 ἀξίοις
598 4961 666 5013 τὰ
695 4960 896 5028 ἀγαθὰ,
939 4960 1032 5013 καὶ
1061 4963 1095 5030 ἡ
1125 4961 1231 5014 τῶν
1275 4962 1435 5016 θείων
1466 4964 1768 5034 χαρισμάτο

1983 4980 2071 5025 tor
2111 4971 2471 5042 intelligatur,
2509 4975 2564 5020 et
2601 4973 2686 5021 est
2712 4980 2858 5019 vere.
2895 4963 3013 5018 Una
3033 4963 3307 5033 siquidem
3344 4964 3520 5017 deita—

227 5052 489 5122 διανομὴ,
541 5052 643 5104 οὐκ
687 5053 749 5104 ἐν
801 5053 1104 5122 ὑπουργίας
1143 5054 1295 5118 τάξει
1351 5055 1764 5126 παραληφθέντο

1976 5081 1996 5119 ε
2020 5072 2214 5118 natura
2249 5072 2333 5118 est
2363 5072 2528 5132 atque
2560 5062 2633 5113 ita
2659 5059 2928 5114 creditur.
2949 5057 3105 5112 Licet
3136 5056 3284 5111 enim
3315 5066 3513 5110 exten-

231 5144 490 5214 καθάπερ
533 5145 859 5216 εἰρήκαμεν,
911 5145 1026 5198 ἀλλ’
1058 5145 1136 5209 ὡς
1169 5147 1492 5218 συνδοτῆρος
1538 5149 1633 5202 καὶ
1684 5165 1768 5217 συγ

1978 5159 2088 5210 itur
2125 5155 2181 5209 in
2227 5154 2446 5208 Patrem
2483 5164 2537 5207 et
2567 5151 2769 5206 Filium
2808 5166 2871 5204 ac
2909 5158 3163 5204 sanctum
3197 5147 3466 5218 Spiritum
3498 5185 3515 5210 ,

235 5236 476 5308 χορηγοῦ
502 5237 793 5308 νοουμένου
822 5255 880 5291 τε
907 5238 1002 5291 καὶ
1031 5238 1367 5308 ὑπάρχοντος
1423 5239 1528 5312 [aL
1575 5241 1772 5313 ὲνυπάς

1978 5261 2268 5317 :quaquam
2327 5254 2512 5298 tamen
2571 5243 2966 5313 unusquisque
3017 5243 3087 5294 ab
3124 5243 3300 5293 altero
3352 5239 3515 5307 plane

229 5330 444 5401 κοντος]
480 5330 711 5402 ἀληθῶς.
758 5331 873 5384 Μία
901 5331 1009 5401 γὰρ
1037 5334 1068 5398 ἡ
1102 5330 1204 5400 τῆς
1233 5331 1483 5402 θεότητος
1514 5331 1676 5401 φύσις
1700 5336 1766 5387 ἐσ

1974 5337 2206 5392 ducitur
2232 5345 2396 5405 atque
2421 5345 2733 5407 separatur.
2766 5333 2941 5388 Recte
2973 5334 3183 5402 quippe
3207 5332 3511 5385 sentiente:

228 5440 291 5476 τε
335 5423 428 5476 καὶ
465 5420 608 5476 οὑτω
645 5421 982 5475 πιστεύεται.
1023 5420 1143 5474 Κᾶν
1173 5421 1281 5492 γὰρ
1315 5423 1398 5486 εις
1426 5422 1647 5494 Πατέρα
1679 5423 1765 5477 πλε

1971 5432 2171 5486 icemus
2198 5445 2265 5485 ex
2305 5428 2465 5484 Patre
2497 5445 2620 5484 esse
2656 5437 2712 5483 et
2764 5427 2818 5480 in
2849 5424 3018 5480 Patre
3055 5422 3381 5478 naturaliter
3416 5420 3508 5475 Fi-

229 5516 459 5584 τύνηται
503 5514 597 5566 καὶ
638 5513 766 5566 Υίὸν
805 5514 898 5566 καὶ
925 5514 1006 5575 είς
1045 5513 1107 5565 τὸ
1137 5513 1359 5584 Πνεῦμα
1383 5515 1445 5568 τὸ
1475 5516 1648 5586 ἅγιον,
1697 5517 1763 5571 ἀλ

1970 5538 2078 5591 um,
2116 5538 2180 5578 ex
2213 5537 2386 5592 eoque
2415 5529 2468 5577 et
2500 5521 2555 5576 in
2584 5537 2672 5584 eo,
2703 5529 2755 5574 et
2780 5517 2873 5590 qui
2906 5516 3164 5586 proprius
3189 5513 3312 5584 ejus
3343 5521 3507 5585 atque

304 5695 348 5725 ³⁸
385 5691 401 5746 I
435 5691 564 5748 Cor.
601 5707 718 5758 vm,
760 5693 811 5746 6.
891 5692 934 5723 ³⁵
975 5689 1208 5763 Philipp;
1248 5707 1286 5758 ι,
1329 5692 1382 5746 2.
