3892 6202
411 257 510 310 251

1409 245 1464 301 8.
1510 243 1784 299 CYRILLI
1825 241 2297 298 ALEXANDRINI
2341 243 2660 298 ARCIHEI’.

3593 233 3712 289 252

405 364 525 417 l-‘ilii
555 368 640 416 est
672 367 929 416 sanctum
969 357 1262 429 Spiritum.
1295 356 1432 410 Cum
1461 358 1628 427 igitur
1662 372 1772 410 una
1819 356 1890 409 sit
1933 365 1990 409 et

2100 358 2192 410 οὐκ
2239 359 2350 427 ἔχει
2400 359 2490 410 τὸν
2545 359 2781 410 εἰσάπαν
2837 356 2931 408 καὶ
2989 351 3298 424 ὁλοκλήρως
3345 349 3710 418 διασπασμὸν

404 453 752 523 intelligatur
780 452 1090 507 secundum
1129 459 1381 505 naturam
1422 451 1600 504 deitas
1621 493 1636 516 ,
1667 465 1762 518 per
1796 447 1998 502 Filium

405 564 435 601 a
472 546 641 601 Patre
694 545 748 599 in
802 546 1010 615 Spiritu
1061 545 1242 616 dignis
1273 558 1466 598 eorum
1503 542 1646 597 dona
1693 543 2000 604 tradentur,

399 650 456 694 et
487 647 675 692 nostra
700 639 752 692 in
788 638 956 692 Deum
983 638 1313 701 referentur,
1339 636 1616 690 mediante
1640 635 1897 689 nimirum
1917 632 2003 687 Fi-

403 730 496 784 lio.
519 729 688 784 Nemo
714 732 860 784 enim
888 731 1035 784 venit
1056 729 1223 799 806
1253 728 1318 781 ad
1344 727 1583 794 Patrem,
1603 728 1709 782 nisi
1736 743 1830 797 per
1849 743 1998 794 eum,

403 821 548 875 sicut
572 822 688 890 ipse
712 821 970 876 nimirum
1000 822 1174 890 palam
1211 818 1499 889 professus
1530 830 1634 874 est.
1665 817 1841 874 Janua
1870 834 2001 889 ergo

401 922 458 967 et
485 914 570 966 via
603 914 858 967 amicitiae
885 929 1009 966 cum
1046 911 1158 965 Deo
1195 927 1258 965 ac
1287 911 1450 966 Patre
1479 912 1581 964 fuit
1610 921 1664 966 et
1692 921 1779 967 est
1802 911 1998 975 Filius,

401 1015 457 1059 et
486 1005 614 1059 doni
643 1005 790 1073 quod
813 1005 883 1058 ab
907 1006 1027 1074 ipso
1055 1005 1399 1075 conlargitor
1431 1006 1598 1059 simul
1627 1013 1794 1074 atque
1819 1006 2000 1060 distri-

401 1097 603 1162 butor,
647 1106 706 1149 ut
748 1113 812 1151 ex
847 1111 954 1149 una
1003 1096 1168 1150 simul
1205 1104 1259 1148 et
1312 1098 1595 1150 communi
1641 1097 1996 1165 benignitate.

403 1186 522 1242 Una
547 1190 749 1256 quippe
775 1200 858 1242 est
887 1187 1112 1241 deitatis
1145 1197 1344 1240 natura
1377 1188 1430 1240 in
1466 1201 1706 1257 persona
1741 1197 1794 1242 et
1823 1189 1998 1258 hypo-

401 1282 540 1336 stasi
574 1279 757 1334 Patris
795 1289 848 1334 et
892 1278 1015 1333 Filii
1062 1280 1351 1349 sanctique
1383 1279 1644 1350 Spiritus.
1691 1279 1832 1347 Quia
1869 1297 1998 1336 vero

402 1373 730 1425 inusitatum
779 1371 962 1424 adhuc
1001 1379 1120 1426 erat
1171 1371 1416 1440 antiquis
1450 1371 1668 1425 Patrem
1713 1373 1866 1426 adire
1903 1388 1998 1442 per

403 1463 644 1528 Filium,
679 1465 823 1518 istud
851 1480 1071 1534 quoque
1114 1465 1322 1518 utiliter
1353 1465 1552 1528 docet,
1589 1481 1653 1518 ac
1677 1465 1828 1534 jacto
1849 1468 1996 1519 velut

400 1557 646 1625 quodam
693 1557 856 1611 istius
891 1558 966 1610 rei
1013 1556 1066 1609 in
1103 1558 1220 1610 suis
1263 1556 1562 1626 discipulis
1599 1555 1994 1624 luridamento,

400 1648 560 1702 ﬁdem
591 1663 653 1700 ac
686 1648 1042 1716 disciplinam
1074 1647 1240 1700 etiam
1279 1648 1333 1700 in
1375 1662 1476 1702 nos
1521 1648 1670 1715 ipsos
1700 1648 1992 1702 transmit-

396 1741 488 1799 tit,
524 1755 588 1792 ac
624 1740 960 1809 precationis
992 1739 1212 1792 modum
1237 1746 1292 1791 et
1324 1754 1476 1808 spem
1501 1738 1842 1795 manifestat.
1874 1739 1992 1810 Ipse

398 1848 639 1902 namque
669 1848 790 1901 qua:
839 1832 1064 1901 petituri
1101 1831 1312 1885 orando
1340 1847 1534 1885 sumus
1561 1873 1575 1898 ,
1622 1832 1885 1887 daturum
1931 1850 1992 1889 se

398 1927 727 1996 pollicetur,
772 1927 823 1980 id
866 1927 1094 1993 insuper
1135 1925 1344 1978 addens
1389 1940 1606 1993 quoque
1652 1925 1870 1978 creteris
1919 1926 1985 1979 ad

398 2019 892 2073 demonstrandam
941 2018 1047 2072 sibi
1088 2033 1118 2071 a
1153 2026 1350 2070 natura
1382 2018 1603 2072 insitam
1640 2016 1989 2074 divinitatem

395 2118 840 2182 potestatemque
876 2111 1104 2181 regiam.

2103 451 2193 502 τὸν
2225 453 2303 514 εἰς
2333 452 2562 504 ἕκαστον
2599 449 2708 502 τῶν
2743 447 3159 519 σημαινομένων
3191 445 3352 516 φημί.
3406 441 3707 496 Διακεισόε

2107 544 2246 614 μεθα
2274 544 2382 612 γὰρ
2413 542 2734 614 φρονοῦντες
2783 540 2960 612 ὀρθῶς
2993 539 3067 603 ὡς
3112 541 3176 590 ἐκ
3210 537 3422 608 Πατρός
3464 536 3526 588 τέ
3579 538 3708 588 ἐστι

2103 637 2199 688 καὶ
2227 637 2285 687 ἐν
2334 635 2508 705 Πατρὶ
2560 633 2804 702 φυσικῶς
2849 634 2878 685 6
2922 631 3068 694 Υἱὸς,
3118 630 3177 694 ἐξ
3211 627 3375 683 αὐτοῦ
3412 645 3469 680 τε
3502 629 3606 680 καὶ
3641 627 3709 678 ἐν

2102 729 2273 799 αὐτῷ,
2327 728 2422 782 καὶ
2469 728 2529 781 τὸ
2560 729 2687 781 ἴδιον
2730 726 2894 779 αὐτοῦ
2922 742 2981 778 τε
3009 723 3102 777 καὶ
3147 721 3242 776 τοῦ
3277 720 3408 775 Υἱοῦ
3438 719 3704 789 Πνεῦμα,

2100 821 2248 874 τοῦτ’
2279 820 2414 884 ἔστι,
2459 820 2520 873 τὸ
2551 823 2724 888 ἅγιον.
2777 820 2925 881 Mra;
2953 816 3242 887 τοιγαροῦν
3289 814 3454 883 οὔσης
3485 830 3546 865 τε
3600 811 3708 864 καὶ

2100 914 2394 983 νοουμένης
2443 912 2542 976 τῆς
2573 909 2712 964 κατὰ
2758 911 2919 978 φύσιν
2948 909 3220 979 θεότητος,
3268 906 3334 959 δι’
3363 905 3492 958 Υίοῦ
3533 905 3703 972 παρὰ

2101 1006 2314 1076 Πατρὸς
2335 1007 2392 1057 ἐν
2417 1003 2693 1074 [Ινεύματι
2725 1006 2835 1066 τοῖς
2870 1002 3039 1066 ἀξίοις
3063 1003 3131 1054 τά
3164 1001 3290 1066 παρ’
3316 999 3498 1059 αὐτοῖς
3521 1014 3706 1067 χορη-

2099 1096 2420 1167 γηθήσεται,
2473 1096 2565 1148 καὶ
2613 1094 2681 1147 τὰ
2727 1094 2855 1164 παρ’
2904 1092 3061 1164 ἡμῶν
3101 1093 3177 1154 εἰς
3219 1089 3350 1143 Θεὸν
3382 1087 3706 1157 ἀπενεχθῆ-

2101 1207 2275 1253 σεται,
2335 1188 2708 1260 μεσιτεύοντος
2747 1186 2989 1256 δηλονότι
3031 1183 3124 1239 τοῦ
3165 1183 3314 1237 Υἰοῦ.
3359 1183 3550 1245 Οὐδεὶς
3582 1181 3704 1256 γὰρ

2099 1281 2320 1350 ἔρχεται
2350 1281 2486 1349 πρὸς
2519 1280 2611 1332 τὸν
2643 1279 2880 1349 Πατέρα,
2929 1279 2978 1330 εἰ
3011 1277 3086 1350 μὴ
3117 1278 3183 1330 δι’
3213 1274 3400 1337 αὐτοῦ,
3433 1275 3703 1344 καθάπερ

2099 1372 2294 1440 ἀμέλει
2347 1369 2721 1439 διωμολόγηκε
2758 1369 2851 1420 καὶ
2881 1368 3063 1430 αὐτός.
3093 1367 3246 1438 Θύρα
3274 1364 3562 1436 τοιγαροῦν
3597 1364 3703 1418 καὶ

2096 1465 2215 1528 ὁδὸς
2259 1465 2356 1534 τῆς
2391 1463 2526 1534 πρὸς
2557 1462 2689 1515 Θεὸν
2732 1462 2827 1514 καὶ
2855 1461 3072 1532 Πατέρα
3107 1460 3292 1529 φιλίας
3320 1476 3377 1512 τε
3406 1457 3542 1527 ὁμοῦ
3598 1457 3703 1509 καὶ

2098 1559 2325 1629 προόδου
2376 1557 2563 1625 γέγονέ
2612 1572 2672 1608 τε
2721 1555 2816 1609 καὶ
2853 1555 3052 1608 ἔστινό
3099 1553 3249 1616 Υἰὸς,
3297 1568 3388 1604 και
3419 1552 3520 1621 τῆς
3555 1551 3702 1620 παρ’

2096 1650 2264 1705 αὐτοῦ
2297 1651 2506 1722 δωρεᾶς
2542 1651 2804 1719 συνδοτήρ
2851 1664 2912 1700 τε
2944 1647 3078 1718 όμοῦ
3111 1647 3203 1699 καὶ
3241 1646 3555 1714 διανομεὺς,
3616 1643 3701 1706 ὡς

2099 1746 2164 1798 ἐκ
2200 1745 2328 1814 μιᾶς
2357 1761 2412 1796 τε
2443 1741 2558 1812 ἅμα
2607 1742 2700 1796 καὶ
2753 1741 2940 1810 κοινῆς
2981 1739 3309 1810 φιλοτιμίας.
3359 1738 3473 1791 Μία
3511 1737 3630 1808 γὰρ
3661 1738 3698 1806 ἡ

2097 1839 2197 1908 τῆς
2244 1836 2496 1906 θεότητος
2545 1834 2707 1903 φύσις
2754 1835 2812 1886 ἐν
2845 1832 3125 1905 προσώπῳ
3171 1851 3230 1886 τε
3266 1833 3360 1886 καὶ
3389 1830 3698 1884 ὑποστάσει

2098 1929 2313 2001 Πατρός
2357 1946 2418 1980 τε
2461 1927 2556 1980 καὶ
2585 1927 2714 1980 Υἱοῦ
2761 1927 2857 1980 καὶ
2886 1927 3042 1994 ἀγίου
3071 1925 3409 1995 Πνεύματος.
3467 1923 3697 1994 Ἐπειδὴ

2099 2022 2157 2074 δὲ
2177 2018 2447 2089 ἀσύνηθές
2473 2034 2591 2080 πως
2613 2019 2724 2080 τοῖς
2753 2017 3129 2088 ἀρχαιοτέροις
3156 2019 3248 2070 καὶ
3269 2016 3697 2087 ἀνεπιτήδευτον

2095 2109 2165 2184 ἦν
2195 2112 2362 2166 ἔτιτὸ
2386 2111 2454 2164 δι’
2488 2109 2621 2164 Υἰοῦ
2668 2109 3067 2180 προσέρχεσθαι
3097 2109 3175 2180 τῷ
3207 2110 3402 2180 Πατρὶ,
3443 2109 3695 2164 διδάσκει

396 2205 490 2261 καὶ
523 2206 681 2259 τοῦτο
729 2206 1038 2277 χρησίμως,
1085 2205 1178 2258 καὶ
1219 2202 1410 2275 ῶσπερ
1454 2204 1578 2257 τινά
1612 2208 1852 2277 κρηπῖδα
1893 2208 1988 2262 τοῦ
2025 2209 2356 2280 πράγματος
2421 2208 2479 2258 ἐν
2508 2207 2620 2269 τοῖς
2693 2204 2842 2268 ἰδίοις
2883 2203 3151 2273 μαθηταῖς
3198 2202 3691 2273 προκαταϐἀλλων.

395 2301 490 2355 καὶ
535 2301 631 2374 τὴν
664 2302 758 2354 ἐπὶ
791 2301 966 2371 τούτῳ
1015 2301 1198 2353 πίστιν
1243 2315 1304 2350 τε
1339 2299 1432 2351 καὶ
1499 2299 1755 2370 μάθησιν,
1801 2303 1898 2356 καὶ
1949 2307 2030 2368 εἰς
2100 2305 2247 2374 ἡμᾶς
2294 2303 2493 2366 αὐτοὺς
2541 2300 2906 2372 παραπέμπει
2949 2301 3044 2354 καὶ
3092 2300 3188 2368 τῆς
3238 2300 3544 2370 προσευχῆς
3595 2299 3692 2354 τὸν

395 2395 598 2466 τρόπον
626 2394 849 2464 καὶτῆς
881 2392 1098 2454 ἐλπίδος
1123 2390 1220 2462 τὴν
1246 2391 1497 2461 δήλωσιν.
1543 2393 1858 2449 Ἐπιδώσειν
1884 2396 1995 2468 γὰρ
2032 2397 2196 2459 αὐτὸς
2239 2396 2306 2449 τὰ
2353 2397 2411 2448 ἐν
2449 2395 2634 2464 εὐχαῖς
2665 2395 2795 2462 ἡμῖν
2863 2391 3277 2460 ἐπαγγέλλεται,
3321 2391 3521 2462 δεῖγμα
3585 2392 3691 2463 τῆς

395 2488 538 2542 κατὰ
565 2487 726 2557 φύσιν
747 2486 996 2554 θεότητος
1029 2484 1124 2536 καὶ
1149 2484 1248 2550 τῆς
1277 2483 1502 2554 ἐνούσης
1529 2484 1677 2555 αὐτῷ
1699 2485 1985 2558 βασιλικῆς
2025 2489 2279 2556 ἐξουσίας
2310 2486 2402 2541 καὶ
2435 2485 2594 2539 τοῦτο
2629 2488 2740 2548 τοῖς
2773 2484 2952 2548 ἀλλοις
2990 2484 3325 2555 προστιθείς.

467 2599 610 2661 XIV.
643 2600 728 2654 15.
762 2599 819 2653 Si
851 2598 1080 2668 diligitis
1114 2614 1212 2661 me,
1249 2599 1506 2650 mandata
1538 2615 1653 2652 mea
1685 2613 1911 2656 servate.

466 2736 602 2791 Cum
631 2733 871 2804 jusserit
889 2741 950 2787 ut
977 2732 1070 2803 qui
1097 2733 1319 2803 petituri
1352 2741 1507 2800 sunt,
1551 2734 1607 2788 in
1642 2736 1867 2793 nomine
1888 2754 1988 2793 suo

394 2841 628 2904 petant.
675 2841 726 2884 et
762 2831 1079 2899 petentibus
1131 2829 1466 2898 largiturum
1513 2846 1573 2885 se
1616 2830 1992 2901 quodcunque

400 2926 572 2979 velint
613 2925 944 2993 polliceatur
967 2963 984 2987 ,
1033 2923 1085 2976 id
1118 2922 1392 2992 imprimis
1422 2929 1581 2977 cavet
1616 2937 1684 2976 ne
1721 2923 1992 2978 mentitus

401 3018 672 3081 videatur,
698 3024 920 3086 propter
957 3015 1162 3084 impias
1193 3015 1660 3068 calumniatorum
1693 3029 1876 3069 voces.
1903 3013 1980 3068 Ex

2176 2605 2319 2661 Ἐὰν
2355 2603 2622 2677 ἀγαπᾶτέ
2654 2621 2751 2674 με,
2788 2603 2896 2670 τὰς
2923 2602 3180 2669 ἐντολάς
3211 2620 3329 2674 μου
3369 2605 3683 2674 τηρήσετε.

2165 2743 2380 2814 Χρῆναι
2409 2743 2505 2812 μὲν
2538 2742 2710 2795 αἰτεῖν
2738 2737 3068 2809 εὐχομένους
3101 2736 3196 2790 ἐπὶ
3221 2735 3299 2806 τῷ
3328 2737 3556 2807 ὀνόματι
3587 2738 3684 2791 αὐ-

2093 2835 2186 2888 τοῦ
2233 2831 2586 2903 διατεταχὼς,
2636 2831 2962 2900 χορηγήσειν
2997 2828 3052 2880 δὲ
3087 2830 3204 2890 τοῖς
3246 2825 3488 2880 αἰτοῦσιν
3521 2827 3683 2892 αὐτὸς

2091 2926 2228 2994 ὅπερ
2260 2925 2326 2977 ἂν
2355 2924 2650 2994 βούλωνται
2699 2921 2883 2974 λαϐεῖν
2930 2919 3381 2990 ὑπισχνούμενος,
3429 2920 3683 2989 φροντίδα

2105 3022 2338 3070 ποιεῖται
2370 3015 2568 3086 πολλὴν
2598 3014 2689 3067 τοῦ
2725 3014 2798 3083 μὴ
2827 3011 3207 3081 διαψεύδεσθαι
3235 3011 3433 3075 δοκεῖν,
3465 3012 3554 3065 διά
3581 3011 3682 3076 τὰς

399 3112 536 3180 Ipsis
563 3111 709 3166 enim
751 3109 926 3164 sacris
960 3107 1188 3162 Litteris
1220 3106 1570 3176 potissimum
1605 3103 1788 3159 videre
1817 3106 1946 3160 licet
1967 3145 1982 3169 ,

2100 3111 2204 3163 τῶν
2231 3109 2498 3163 εἰωθότων
2529 3107 2840 3176 φιλοψογεῖν
2870 3104 3198 3166 καταλαλιάς
3226 3103 3491 3166 ἀνοσίους.
3527 3105 3680 3157 Ἐστι

400 3204 706 3258 nonnullos
738 3201 894 3255 adire
942 3200 1166 3270 quidem
1202 3199 1380 3268 ipsum
1418 3207 1472 3253 et
1507 3201 1562 3252 in
1606 3198 1726 3269 ejus
1768 3199 1993 3253 nomine

400 3305 586 3367 petere
613 3334 628 3358 ,
675 3307 1026 3363 nequaquam
1063 3299 1245 3345 tamen
1296 3290 1552 3360 accipere
1578 3331 1592 3354 ,
1631 3290 1763 3360 quid
1793 3289 1992 3360 cuique

399 3389 696 3444 conveniat
741 3395 796 3439 et
839 3385 970 3450 quid
1015 3383 1333 3453 petentibus
1371 3383 1646 3437 conducat
1681 3397 1788 3435 non
1829 3382 1990 3451 igno-

399 3488 560 3534 rante
595 3478 704 3532 Deo
729 3477 794 3530 ³⁸.
834 3475 903 3530 Ut
943 3491 1078 3546 ergo
1110 3475 1376 3530 Dominus
1405 3486 1592 3530 noster
1621 3473 1784 3528 Jesus
1827 3473 1991 3528 Chri-

400 3581 520 3626 stus
550 3570 728 3640 palam
757 3569 1076 3624 ostenderet
1101 3567 1167 3622 ad
1194 3582 1462 3636 quosnam
1492 3567 1656 3620 verba
1684 3566 1905 3630 faceret,
1939 3573 1993 3620 et

398 3658 731 3727 quibusnam
773 3657 1164 3726 promissionis
1216 3656 1395 3725 gratia
1450 3655 1784 3716 deberetur,
1833 3662 1891 3708 et
1935 3655 1990 3707 in

399 3766 511 3820 quo
536 3765 665 3804 vere
697 3749 886 3801 futura
917 3755 1096 3809 esset,
1147 3746 1334 3800 statim
1383 3745 1686 3814 diligentes
1729 3761 1791 3799 se
1835 3745 1993 3799 exhi-

399 3841 519 3898 buit
543 3881 558 3902 ,
593 3850 647 3895 et
681 3847 937 3894 exactum
974 3837 1111 3907 legis
1139 3836 1426 3891 custodem
1462 3835 1718 3906 adjunxit
1742 3876 1757 3902 ,
1794 3845 1989 3891 osten-

400 3935 537 3988 dens
577 3948 687 3986 non
722 3931 788 3984 ad
824 3929 964 3984 alios
994 3945 1160 3999 quam
1197 3930 1264 3983 ad
1300 3929 1450 3998 ipsos
1487 3928 1602 3984 ﬁeri
1635 3928 1993 3999 benignitatis

401 4025 829 4095 promissionem
857 4033 910 4077 et
935 4022 1273 4091 Spiritalium
1306 4021 1578 4075 bonorum
1617 4021 1990 4090 largitionem.

398 4116 537 4170 Nam
575 4116 828 4171 contrahi
863 4131 1007 4184 saepe
1042 4114 1136 4169 Dei
1182 4129 1438 4178 manum,
1483 4121 1538 4167 et
1570 4129 1754 4168 rerum
1799 4127 1993 4183 spera-

399 4219 578 4264 tarum
617 4209 824 4264 exitum
869 4209 936 4262 iis
975 4208 1068 4276 qui
1115 4214 1264 4260 recte
1309 4213 1495 4274 petere
1533 4205 1783 4260 nesciant
1824 4206 1994 4259 inter-

398 4301 573 4366 cludi,
610 4301 773 4367 facile
807 4302 1079 4370 agnosces
1111 4314 1175 4351 ex
1203 4298 1272 4351 iis
1303 4313 1426 4366 quae
1454 4297 1658 4351 Christi
1688 4296 1992 4366 discipulus

398 4395 595 4450 scribit
625 4395 678 4448 in
712 4397 858 4448 hunc
891 4394 1113 4448 modum
1151 4409 1164 4445 ι

398 4488 510 4549 tis,
559 4503 624 4541 eo
659 4489 805 4556 quod
848 4488 987 4542 male
1017 4487 1247 4556 petitis,
1310 4493 1369 4538 ut
1421 4484 1474 4537 iu
1516 4484 1990 4555 concupiscentiis

397 4579 597 4632 vestris
629 4580 970 4632 consumatis
1003 4579 1068 4632 ³⁷.
1106 4597 1122 4628 ›
1165 4578 1380 4632 idcirco
1409 4584 1464 4631 et
1492 4576 1560 4630 de
1591 4577 1785 4631 animo
1808 4577 1990 4647 dupli-

397 4669 556 4723 cibus
589 4672 665 4722 ait
691 4687 702 4722 :
746 4689 763 4720 ι
791 4667 908 4722 Non
937 4685 1066 4739 ergo
1095 4669 1334 4724 aestimet
1354 4669 1521 4722 homo
1549 4668 1640 4723 ille
1667 4669 1813 4738 quod
1843 4669 1990 4723 acci-

400 4759 514 4829 piat
544 4760 746 4828 aliquid
787 4776 817 4812 a
855 4759 1089 4813 Domino
1121 4775 1134 4811 :
1174 4760 1258 4813 vir
1285 4762 1431 4814 enim
1457 4759 1662 4829 duplex
1691 4760 1878 4815 animo
1907 4761 1992 4814 in-

401 4860 668 4906 constans
704 4859 788 4906 est
820 4851 874 4905 in
907 4852 1166 4906 omnibus
1198 4853 1305 4907 viis
1339 4854 1454 4907 suis
1495 4853 1559 4904 ³⁸.
1597 4871 1613 4904 ι
1664 4851 1989 4908 Petentibus

399 4942 544 4998 enim
573 4958 867 5013 supernam
893 4945 1124 5014 gratiam
1159 4960 1269 4999 non
1299 4945 1366 4998 ad
1394 4944 1557 5014 307
1579 4944 1838 4997 virtutem
1868 4959 1990 5013 per-

402 5034 691 5089 ﬁciendam
716 5074 731 5098 ,
760 5035 858 5089 sed
881 5037 945 5089 ad
979 5039 1167 5091 carnis
1204 5037 1542 5104 voluptatem
1587 5044 1642 5090 et
1679 5036 1991 5090 mundanas

402 5127 728 5196 cupiditates
766 5127 1030 5182 fruendas
1055 5167 1069 5192 ,
1120 5144 1309 5184 aurem
1343 5137 1556 5183 tantum
1594 5144 1702 5181 non
1755 5128 1997 5183 occludit

403 5215 567 5280 Deus,
597 5233 660 5271 ac
693 5219 830 5270 nihil
859 5233 1086 5287 prorsus
1117 5220 1388 5290 elargitur
1423 5239 1444 5274 τι
1482 5235 1606 5290 qua:
1635 5221 1780 5274 enim
1808 5222 1995 5274 renuit

403 5324 468 5362 ac
494 5317 754 5378 tanquam
789 5310 1111 5365 detestanda
1153 5313 1365 5380 rejicit,
1396 5312 1676 5382 quomodo
1711 5313 1992 5369 nonnullis

402 5401 700 5471 largietur?
726 5411 818 5454 aut
838 5401 1116 5470 quomodo
1143 5402 1268 5458 fons
1291 5405 1474 5458 omnis
1501 5403 1810 5458 dulcedinis
1839 5419 1991 5458 ama-

404 5491 450 5546 ri
497 5492 775 5561 quidpiam
833 5494 1131 5562 emiserit?
1187 5493 1342 5560 Quod
1406 5507 1590 5550 autem
1655 5497 1986 5566 spiritalium

475 5672 521 5708 ⁸⁶
547 5672 566 5728 ι
596 5673 755 5731 Joan.
790 5690 845 5746 γ,
886 5676 967 5732 id.
1047 5676 1091 5708 ³⁷
1130 5673 1247 5732 Jac.
1292 5690 1364 5744 tv,
1394 5677 1446 5731 5.
1525 5677 1567 5708 ³¹⁸
1595 5673 1712 5731 Jac.
1752 5691 1787 5743 I,
1816 5676 1868 5740 7,
1897 5676 1947 5730 8.

2092 3202 2200 3272 γὰρ
2240 3201 2384 3262 ἰδεῖν,
2435 3200 2528 3251 καὶ
2576 3198 2636 3262 ἐξ
2681 3197 2859 3250 αὐτῶν
2898 3195 3132 3266 μάλιστα
3168 3193 3276 3248 τῶν
3309 3195 3466 3264 ἱερῶν
3500 3195 3681 3266 Γραμ-

2097 3294 2308 3365 μάτων,
2351 3292 2426 3355 ὡς
2461 3291 2721 3362 προσίασι
2759 3289 2857 3358 μὲν
2902 3289 2997 3340 καὶ
3041 3287 3379 3351 ὲξαιτοῦνταί
3411 3305 3555 3351 τινες
3587 3289 3679 3340 ἐπὶ

2091 3385 2171 3457 τῷ
2219 3385 2443 3455 ὀνόματι
2492 3383 2690 3442 αὐτοῦ,
2745 3381 2987 3451 δέχονταί
3047 3397 3111 3448 γε
3163 3380 3270 3451 μὴν
3321 3380 3571 3450 οὐδαμῶς
3619 3380 3680 3432 τὺ

2094 3479 2308 3547 ἑκάστῳ
2362 3478 2608 3549 πρέπον,
2665 3475 2758 3527 καὶ
2808 3477 2921 3536 τοῖς
2989 3473 3202 3527 αἰτοῦσι
3257 3472 3529 3536 λυσιτελὲς
3579 3473 3680 3526 οὐκ

2093 3570 2425 3641 ἡγνοηκότος
2455 3568 2608 3622 Θεοῦ.
2647 3569 2764 3620 Ἵνα
2799 3565 2978 3619 τοίνυν
3008 3566 3252 3638 ἐπιδείξῃ
3285 3566 3469 3634 σαφῶς
3506 3567 3534 3619 6
3568 3565 3680 3619 Κύ-

2097 3681 2208 3734 ριος
2247 3663 2404 3734 ἡμῶν
2453 3660 2659 3730 Ἰησοῦς
2691 3663 2719 3714 6
2761 3659 3016 3730 Χριστὸς,
3059 3660 3195 3730 πρὸς
3229 3659 3381 3720 τίνας
3413 3658 3560 3728 αὐτῷ
3583 3659 3677 3726 γέν

2093 3756 2216 3823 γονέ
2240 3772 2296 3807 τε
2325 3753 2419 3807 καὶ
2443 3753 2594 3806 ἔστιν
2616 3755 2643 3806 6
2668 3751 2843 3820 λόγος,
2869 3753 2962 3804 καλ⁵
2981 3751 3120 3804 τίσιν
3146 3753 3178 3821 ἡ
3207 3751 3306 3820 τῆς
3335 3751 3678 3820 ὑποσχέσεως

2093 3847 2365 3915 ὀφείλεται
2396 3845 2575 3916 χάρις,
2625 3844 2707 3912 ἐφ’
2754 3838 2798 3912 ᾧ
2833 3843 2986 3897 ἔσται
3037 3844 3131 3897 καὶ
3163 3841 3402 3911 ἀληθῶς,
3443 3843 3678 3912 παρεκό-

2097 3953 2254 4007 μισεν
2297 3937 2461 3999 εὐθὺς
2508 3935 2617 3988 τῶν
2651 3934 2988 4002 ἀγαπώντων
3013 3933 3075 3986 τὺ
3120 3933 3433 4004 πρόσωπον,
3468 3933 3560 3986 καὶ
3588 3933 3676 3986 τὸν

2092 4028 2293 4101 ἀκριϐῆ
2331 4025 2682 4098 νομοφύλακα
2713 4024 3120 4096 παραζεύγνυσι
3159 4023 3237 4094 τῷ
3276 4025 3440 4095 λόγῳ,
3469 4025 3677 4088 δεικνὺς

2093 4121 2175 4175 ὅτι
2206 4121 2340 4192 πρὸς
2389 4121 2586 4182 αὐτοὺς
2631 4119 2726 4173 καὶ
2770 4119 2868 4189 οὐχ
2901 4118 3118 4188 ἐτέρους
3155 4120 3187 4187 ἠ
3216 4119 3315 4187 τῆς
3345 4117 3675 4189 ἡμερότητος

2094 4213 2399 4282 ἐπαγγελία
2432 4212 2524 4265 καὶ
2558 4213 2590 4282 ή
2619 4211 2728 4265 τῶν
2758 4211 3145 4282 πνευματικῶν
3187 4212 3408 4280 ἀγαθῶν
3439 4212 3673 4276 ἐπίδοσις

2094 4304 2161 4356 δι’
2193 4301 2357 4357 αὐτοῦ
2405 4305 2671 4373 κρατήσει
2715 4304 2810 4356 καὶ
2855 4304 3164 4372 γενήσεται.
3207 4303 3330 4357 Ὀτι
3376 4305 3484 4375 γὰρ
3536 4304 3674 4374 ὄκνῳ

1217 4411 1234 4442 ι
1267 4391 1458 4445 Petitis
1483 4433 1496 4456 ,
1538 4403 1592 4445 et
1635 4406 1746 4444 non
1778 4390 1991 4459 accipi-

2100 4396 2356 4457 πολλάκις
2404 4395 2436 4465 ὴ
2469 4394 2704 4465 χορηγὸς
2731 4393 3077 4446 συστέλλεται
3106 4395 3227 4465 χεὶρ
3259 4394 3353 4448 τοῦ
3381 4396 3534 4458 Θεοῦ,
3566 4399 3672 4459 τοῖς

2095 4489 2198 4541 οὐκ
2251 4485 2426 4558 ὀρθῶς
2483 4485 2758 4540 ἐθέλουσιν
2816 4487 2986 4540 αἰτεῖν
3046 4485 3108 4538 τὸ
3163 4487 3271 4540 τῶν
3317 4487 3673 4542 ἐλπισθέντων

2096 4581 2463 4635 ἀποκλείουσα
2497 4581 2691 4651 πέρας,
2734 4579 2987 4651 συνήσεις
3015 4579 3252 4643 εὐκόλως
3279 4579 3337 4645 ἐξ
3368 4573 3446 4633 ὧν
3482 4583 3510 4634 6
3548 4581 3673 4651 Χρι-

2099 4672 2226 4726 στοῦ
2275 4671 2523 4743 μαθητὴς
2569 4669 2918 4724 ἀποτείνεται
2965 4669 3194 4740 γράφων
3225 4669 3362 4722 ὡδί·
3420 4690 3438 4722 ι
3473 4673 3672 4725 Αἰτεῖτε

2099 4766 2192 4817 καὶ
2221 4765 2282 4816 οὐ
2313 4764 2640 4834 λαμϐάνετε,
2692 4762 2827 4816 διότι
2873 4761 3060 4824 κακῶς
3094 4764 3318 4825 αἰτεῖτε,
3359 4763 3445 4816 ἴνα
3473 4767 3528 4816 ἐν
3557 4767 3672 4828 ταῖς

2098 4855 2311 4924 ἡδοναῖς
2343 4853 2496 4924 ὑμῶν
2524 4853 2894 4924 δαπανήσητε.
2927 4871 2945 4904 ι
2985 4853 3075 4906 Διὸ
3107 4854 3202 4907 καὶ
3232 4853 3392 4906 πάλιν
3420 4854 3673 4925 περὶτῶν

2094 4945 2336 5015 διψυχεῖν
2368 4945 2632 4999 εἰωθότων
2660 4943 2793 5013 φησί
2817 4960 2834 4976 ⁸
2890 4964 2908 4994 ι
2938 4945 3030 5014 Μὴ
3057 4943 3166 5015 γὰρ
3191 4945 3388 4999 οἰέσθω
3419 4949 3446 4999 ό
3469 4948 3672 5017 ἄνθρω-

2095 5054 2195 5099 πος
2228 5039 2453 5100 ἐκεῖνος,
2478 5036 2559 5088 ὅτι
2590 5034 2818 5107 λήψεταί
2846 5052 2899 5087 τι
2933 5035 3086 5106 παρά
3131 5035 3226 5089 τοῦ
3255 5037 3460 5108 Κυρίου
3486 5053 3500 5067 °
3537 5037 3670 5109 ἀνὴρ

2095 5128 2204 5198 γὰρ
2257 5127 2513 5197 δίψυχος,
2568 5127 2949 5190 ἀκατάστατος
3001 5128 3059 5179 ἐν
3114 5128 3317 5193 πάσαις
3371 5133 3491 5194 ταῖς
3539 5131 3671 5195 ὁδοῖς

2096 5216 2282 5269 αὐτοῦ.
2315 5237 2332 5268 ι
2369 5217 2493 5279 Τοῖς
2530 5218 2630 5287 μὲν
2659 5217 2768 5288 γὰρ
2795 5217 3074 5288 ἐρωτῶσιν
3100 5219 3200 5272 οὐκ
3232 5221 3312 5282 εἰς
3341 5221 3671 5291 κατόρθωσιν

2097 5308 2298 5379 ἀρετῆς
2326 5308 2425 5380 τὴν
2457 5309 2662 5363 ἄνωθεν
2693 5309 2872 5380 χάριν,
2903 5309 3021 5362 ἀλλ’
3053 5311 3134 5373 εἰς
3158 5311 3461 5365 ἀπόλαυσιν
3490 5330 3672 5381 σαρκι-

2099 5399 2200 5468 κῆς
2232 5399 2424 5470 ἡδονῆς
2467 5401 2562 5455 καὶ
2591 5400 2874 5472 κοσμικῶν
2905 5400 3231 5470 ἐπιθυμιῶν,
3272 5405 3555 5476 μονονουχί
3580 5409 3668 5460 καὶ

2097 5492 2434 5562 ἀποφράττει
2485 5494 2546 5547 τὸ
2600 5490 2692 5558 οῦς
2739 5495 2767 5547 6
2825 5492 2979 5559 θεὸς,
3031 5498 3258 5566 χορηγεῖ
3299 5496 3356 5551 δέ
3402 5499 3669 5564 παντελῶς
