3884 6208
300 264 412 322 253

1305 265 1372 321 IN
1400 261 1686 322 JOANNIS
1722 254 2175 316 EVANGELIUM
2217 263 2346 319 LIB.
2384 264 2475 319 IX.

3465 266 3573 320 254

300 383 491 437 οὐδέν·
538 382 575 437 ἀ
624 384 732 457 γὰρ
781 384 846 439 ἂν
894 386 1187 457 ἀποφάσκῃ
1217 386 1310 438 καὶ
1343 384 1623 455 ἀπόϐλητα
1665 379 1870 449 ποιῆται

1991 379 2294 445 gratiarum
2347 380 2693 436 amatoribus
2744 380 2915 435 divite
2973 395 3036 434 ac
3098 387 3349 450 prompta
3401 396 3567 435 manu

297 472 386 526 διὰ
412 475 510 546 τὴν
535 476 761 529 ἐνοῦσαν
786 479 970 539 αὖτοῖς
1002 476 1301 546 βδελυρίαν,
1332 474 1448 538 πῶς
1480 477 1545 527 ἄν
1576 474 1881 545 χορηγῆσαι

298 565 479 624 τισίν;
534 566 566 635 ἡ
598 566 654 618 δὲ
685 567 902 638 ἀπάσης
939 567 1278 637 γλυκύτητος
1310 568 1460 637 πηγὴ
1495 566 1613 629 πῶς
1644 567 1710 619 ἂν
1742 562 1881 634 αὑτὴ

299 659 497 729 πικρὸν
527 659 829 713 ἀναϐλύσαι
864 661 1042 730 νᾶμα;
1090 661 1212 713 Ὅτι
1241 659 1297 711 δὲ
1339 661 1452 721 τοῖς
1490 656 1599 710 τῶν
1638 672 1881 723 πνευμα-

299 752 468 804 τικῶν
498 752 858 822 χαρισμάτων
886 754 1143 823 ἐρασταῖς
1186 752 1417 822 πλουσίᾳ¹
1444 767 1504 802 τε
1550 748 1645 802 καὶ
1680 746 1881 817 προθυ-

302 843 512 914 μοτάτῃ
559 845 703 914 χειρὶ
743 843 983 914 διανέμει
1028 844 1098 897 τά
1145 843 1343 912 ἀγαθὰ,
1396 842 1621 911 κατόψει
1656 841 1878 911 ῥαδίως,

297 934 426 986 ὃταν
448 933 686 1006 ἀκούσῃς
711 935 959 1002 λέγοντος
982 934 1071 988 διὰ
1100 936 1197 1005 μὲν
1237 936 1459 988 Ἡσαΐου
1484 934 1576 987 τού
1603 934 1879 1006 προφήτου

298 1026 437 1095 πρὸς
466 1026 658 1090 αὐτούς
686 1045 701 1059 ο
736 1047 753 1077 ι
782 1029 901 1079 Ἔτι
932 1028 1023 1080 σοῦ
1059 1026 1363 1092 λαλοῦντος,
1392 1026 1503 1097 ὲρῶ
1526 1041 1539 1053 ·
1577 1026 1641 1077 Τί
1673 1025 1821 1086 ὲστις
1855 1041 1873 1072 ι

295 1118 399 1169 Διά
444 1118 499 1171 δὲ
545 1119 644 1188 τῆς
685 1119 779 1172 τοῦ
814 1120 1124 1183 Ψάλλοντος
1171 1120 1352 1189 φωνῆς
1382 1119 1463 1171 ὃτι
1525 1136 1543 1169 ι
1581 1115 1881 1185 Ὀφθαλμοὶ

296 1210 504 1281 Κυρίου
540 1213 631 1264 ἐπὶ
672 1211 934 1274 δικαίους,
983 1213 1075 1264 καὶ
1102 1206 1218 1265 ὦτα
1251 1210 1416 1265 αὑτοῦ
1455 1213 1533 1273 εἰς
1563 1208 1746 1279 δέησιν
1784 1207 1881 1260 αύ-

296 1305 427 1359 τῶν.
463 1322 480 1354 ι
527 1305 885 1375 Ὀρισάμενος
915 1305 1094 1359 τοίνυν
1133 1308 1226 1358 καὶ
1258 1304 1559 1376 διαρρήδην
1591 1301 1760 1356 εἰπὼν
1797 1301 1879 1354 ὅτι

294 1400 409 1459 τοῖς
448 1396 735 1464 ἀγαπῶσιν
775 1396 938 1450 αὑτὸν
971 1397 1245 1467 ὀφείλεταί
1287 1414 1345 1449 τε
1397 1397 1492 1449 καὶ
1543 1394 1771 1464 ὑπάρξει
1815 1392 1881 1464 δὴ

295 1490 514 1550 πάντως
557 1488 620 1540 τὸ
644 1492 756 1552 τοῖς
802 1488 1006 1543 ἄνωθεν
1040 1490 1311 1559 ἑντρυφᾷν
1340 1487 1584 1555 ἀγαθοῖς,
1617 1486 1683 1539 δι’
1714 1485 1877 1537 αὐτοῦ

292 1573 539 1646 δηλονότι
586 1580 1012 1651 χορηγουμένοις
1054 1583 1203 1652 παρά
1250 1580 1483 1649 Πατρός,
1534 1577 1879 1648 καταγράφει

293 1673 638 1743 παραχρῆμα
667 1673 760 1726 καὶ
787 1674 887 1742 τῆς
920 1674 1140 1742 ἀγάπης
1168 1673 1267 1743 τὴν
1292 1671 1550 1741 δύναμιν,
1601 1671 1696 1723 καὶ
1728 1671 1879 1732 ὅπως

290 1765 359 1819 ἂν
388 1767 554 1834 αὐτὴν
584 1766 1058 1837 ὲπιτηδεύσαιμεν,
1087 1766 1286 1837 ἄριστά
1312 1782 1373 1818 τε
1408 1764 1500 1818 καὶ
1526 1764 1873 1833 ἀνεγκλήτως

288 1858 531 1911 διδάσκει
575 1858 662 1911 διὰ
706 1858 767 1911 τὸ
809 1860 1096 1929 χρήσιμον.
1150 1858 1223 1911 Οὐ
1254 1860 1363 1927 γὰρ
1395 1857 1447 1908 εἴ
1483 1874 1568 1919 τις
1604 1855 1751 1923 λέγοι
1782 1854 1873 1907 τὸν

287 1950 425 2003 Θεὸν
450 1952 690 2020 ἀγαπᾷν,
725 1952 939 2014 πάντως
959 1951 1021 2022 δὴ
1052 1952 1147 2004 καὶ
1169 1950 1268 2020 τὴν
1294 1948 1389 2002 τοῦ
1416 1948 1629 2019 ἀληθῶς
1653 1948 1873 2017 ἀγαπᾷν

286 2043 574 2097 ἀποίσεται
609 2045 787 2110 δόξαν,
837 2046 959 2098 ἐπεὶ
993 2045 1066 2115 μὴ
1112 2046 1168 2097 ὲν
1200 2043 1343 2114 λόγῳ
1376 2042 1516 2113 ψιλῷ
1544 2041 1642 2110 τῆς
1671 2041 1872 2112 ἀρετῆς

287 2137 326 2204 ὴ
372 2134 621 2204 δύναμις,
673 2137 807 2205 μήτε
842 2134 949 2206 μὴν
980 2136 1037 2187 ὲν
1063 2136 1290 2204 γυμνοῖς
1336 2133 1641 2205 μορφοῦται
1667 2134 1872 2203 ῥήμασι

286 2228 390 2297 τῆς
421 2229 500 2290 εἰς
528 2227 660 2280 Θεὸν
695 2227 979 2290 εὐσεϐείας
1011 2227 1071 2280 τὸ
1101 2226 1317 2290 κάλλος,
1348 2224 1465 2279 ἀλλ’
1498 2225 1530 2295 ἦ
1563 2224 1622 2287 ἐξ
1651 2207 1873 2290 ἀγάθῶν

288 2320 746 2390 ἀποτελεσμάτων
777 2320 870 2373 καὶ
902 2319 1161 2389 φιληκόου
1208 2318 1434 2389 γνώμης
1481 2313 1539 2371 εὖ
1586 2316 1731 2388 μάλα
1758 2315 1872 2367 δια-

284 2413 649 2481 γινώσκεται,
701 2415 797 2468 καὶ
836 2415 943 2468 τῶν
971 2414 1130 2468 θείων
1162 2414 1453 2483 ὲντολῶνή
1494 2413 1725 2485 τήρησις
1773 2411 1873 2480 τὴν

286 2503 370 2564 εἰς
412 2502 473 2555 τὸ
519 2502 661 2555 θεῖον
708 2504 927 2574 ἀγάπην
973 2504 1169 2575 ἄριστα
1215 2503 1516 2574 ζωγραφεῖ.
1565 2502 1660 2555 καὶ
1692 2500 1871 2564 ζῶσαν

285 2590 425 2653 ὅλως
466 2592 559 2644 καί
601 2591 777 2663 ἀληθῆ
826 2592 1155 2663 παρίστησιν
1194 2592 1416 2663 ἀρετὴν,
1463 2590 1563 2644 οὐκ
1594 2592 1650 2643 ὲν
1683 2590 1872 2660 μόναις

288 2684 804 2754 σκιαγραφουμένην
855 2686 975 2748 ταῖς
1026 2685 1134 2737 ἀπὸ
1186 2686 1285 2754 τῆς
1337 2683 1582 2753 γλώττης
1633 2685 1869 2753 φωναῖς,

287 2773 542 2847 καθάπερ
563 2778 884 2847 εἰρήκαμεν,
910 2778 1154 2848 φαιδροῖς
1178 2776 1233 2830 δὲ
1256 2776 1444 2847 ὥσπερ
1467 2775 1870 2846 διαπρέπουσαν

285 2864 541 2933 χρώμασι
595 2869 719 2930 ταῖς
778 2865 887 2919 τῶν
939 2865 1116 2936 ἔργων
1183 2866 1368 2930 ίδέαις,
1424 2865 1518 2919 καὶ
1562 2864 1870 2935 ὁλοκλήρως

286 2959 703 3030 ὲκλάμπουσαν.
752 2960 862 3011 Kal
893 2958 1025 3027 γοῦν
1057 2961 1083 3012 ὁ
1127 2957 1332 3029 Κύριος
1375 2958 1534 3027 ήμῶν
1591 2956 1799 3027 Ἰησοῦς
1842 2959 1871 3011 ὁ

285 3054 523 3124 Χριστὸς
551 3051 738 3122 σαφῶς
768 3054 902 3123 ἡμῖν
929 3050 1088 3104 τοῦτο
1122 3052 1507 3123 παραδεικνὺς,
1554 3071 1572 3101 4
1599 3052 1673 3104 Ού
1703 3052 1809 3114 πᾶς
1840 3051 1869 3103 ὁ

282 3147 461 3215 λέγων
497 3164 607 3216 μοι,
659 3145 853 3215 Κύριε,
901 3145 1099 3216 Κύριε,
1152 3145 1335 3215 φησὶν,
1383 3141 1750 3197 εἰσελεύσεται
1792 3145 1873 3206 εἰς

280 3239 385 3309 τὴν
424 3237 699 3308 βασιλείαν
731 3237 839 3291 τῶν
869 3236 1134 3310 οὐρανῶν,
1166 3237 1281 3289 ἀλλ’
1307 3239 1335 3289 ὁ
1367 3236 1535 3289 ποιῶν
1565 3237 1626 3289 τὸ
1659 3235 1870 3303 θέλημα

281 3327 379 3383 τοῦ
408 3328 620 3397 Πατρός
647 3344 748 3396 μου
778 3326 871 3379 τοῦ
907 3329 963 3380 ὲν
993 3326 1260 3397 οὐρανοῖς.
1297 3344 1315 3375 ι
1351 3326 1425 3379 Οὐ
1460 3324 1568 3394 γὰρ
1591 3326 1648 3377 ἐν
1673 3325 1872 3395 ἀργαῖς

286 3414 550 3493 ῥημάτων
583 3417 896 3481 κολακείαις
920 3421 953 3490 ἡ
980 3420 1186 3483 πίστις,
1218 3418 1332 3471 ἀλλ’
1366 3419 1423 3469 ὲν
1454 3420 1572 3480 ταῖς
1600 3417 1706 3471 τῶν
1734 3416 1874 3486 δρω-

285 3514 463 3584 μένων
493 3511 740 3581 ποιότησι
777 3508 1129 3580 δοκιμάζεται
1158 3527 1171 3541 ·
1215 3509 1311 3562 καὶ
1338 3508 1467 3578 γοῦν
1498 3507 1697 3579 νεκρὰν
1730 3502 1871 3561 εἶναι

280 3604 489 3674 ταύτην
534 3605 595 3656 οὐ
643 3603 1042 3674 παρεπομένων
1093 3602 1203 3656 τῶν
1252 3602 1430 3672 ἔργων
1479 3604 1511 3673 ή
1559 3601 1677 3654 θεία
1722 3601 1871 3661 λέγει

280 3696 494 3767 Γραφή.
519 3696 592 3748 Τὸ
612 3695 708 3766 μὲν
723 3695 830 3766 γὰρ
850 3695 1067 3759 εἰδέναι,
1088 3696 1271 3766 φησὶν,
1296 3695 1421 3761 duo
1442 3694 1574 3757 Θεὸς
1600 3689 1679 3756 εἷς
1697 3696 1867 3755 ἐστιν,

280 3788 381 3841 οὐκ
412 3790 468 3840 ὲν
495 3787 749 3850 διανοίαις
777 3786 1145 3857 ἀνθρωπίναις
1177 3787 1483 3857 εὑρήσομεν
1515 3786 1696 3856 μόνον,
1735 3784 1871 3839 ἀλλά

278 3883 376 3933 καὶ
401 3882 458 3933 ὲν
484 3883 668 3943 αὐτοῖς
696 3882 808 3944 τοῖς
838 3879 1176 3951 ἀκαθάρτοις
1201 3879 1472 3950 δαίμοσιν,
1513 3878 1549 3933 a
1595 3880 1686 3932 καὶ
1713 3881 1871 3952 φρίτ-

276 3989 363 4025 τει
398 3973 491 4024 καὶ
519 3973 616 4042 οὐχ
645 3973 836 4025 ἑκόντα
879 3973 976 4041 τὴν
1012 3971 1107 4024 τοῦ
1144 3974 1475 4043 ποιήσαντος
1506 3971 1755 4042 δύναμιν.
1796 3972 1868 4025 Τό

278 4081 345 4131 γε
380 4063 484 4133 μὴν
522 4064 817 4134 σύνδρομον
846 4064 1115 4117 ποιεῖσθαι
1155 4066 1220 4134 τῇ
1274 4063 1456 4118 πίστει
1498 4065 1597 4135 τὴν
1626 4065 1731 4117 ἀπὸ
1758 4062 1868 4117 τῶν

277 4155 571 4227 δρωμένων
607 4155 957 4227 φαιδρότητα,
994 4156 1175 4227 μόνοις
1205 4155 1272 4209 ἂν
1306 4157 1517 4228 πρέπον
1540 4156 1636 4211 καὶ
1665 4156 1866 4227 ἐλλάμ-

277 4263 380 4298 πον
410 4245 586 4316 ὁρῷτο
630 4249 742 4308 τοῖς
786 4245 1001 4317 ἀληθῶς
1046 4246 1303 4315 ἀγαπῶσι
1332 4248 1425 4300 τὸν
1456 4246 1607 4302 Θεόν.
1656 4246 1867 4302 Ούκούν

277 4338 555 4403 ἀπόδειξις
589 4340 690 4409 τῆς
714 4340 935 4410 ἀγάπης
971 4340 1065 4393 καὶ
1108 4340 1441 4404 τελεώτατος
1487 4342 1588 4412 τῆς
1631 4341 1866 4406 πίστεως

1984 468 2123 521 bona
2147 471 2418 539 largiantur
2439 516 2452 538 ,
2500 470 2662 525 facile
2693 472 3032 541 perspicies,
3080 484 3205 523 cum
3246 484 3341 536 per
3373 468 3569 522 Isaiam

1983 562 2302 631 prophetam
2339 563 2405 617 ad
2436 580 2532 618 eos
2563 563 2878 632 loquentem
2914 561 3102 616 audies
3145 583 3156 614 :
3204 579 3222 611 ί
3263 559 3455 613 Adhuc
3487 561 3568 611 lo-

1982 662 2182 723 quente
2221 662 2295 720 te,
2328 655 2509 709 dicam
2545 673 2558 707 :
2588 657 2729 722 Quid
2751 664 2835 710 est
2859 654 2944 707 a"‘3
2977 672 2994 704 ι
3036 653 3101 707 Et
3140 668 3238 722 per
3267 650 3572 707 Psalmistze

1981 762 2171 801 vocem
2200 767 2210 802 :
2254 766 2271 799 ι
2299 746 2456 802 Oculi
2493 748 2707 803 Domini
2741 763 2908 817 super
2932 746 3136 815 justos,
3169 752 3223 799 et
3253 759 3413 798 aures
3447 744 3571 810 ejus

1982 841 2037 894 in
2079 856 2269 909 preces
2295 857 2486 896 eorum
2511 844 2579 896 “.
2618 861 2637 893 ι
2681 841 2977 911 Postquam
3001 855 3130 909 ergo
3162 838 3353 893 statuit
3378 852 3441 891 ac
3475 853 3571 905 pa-

1981 933 2086 986 lam
2123 945 2176 988 et
2220 944 2405 1004 aperte
2449 935 2591 988 dixit
2627 934 2923 1004 diligentes
2978 948 3039 987 se
3095 933 3150 985 in
3199 945 3567 998 supernorum

1980 1025 2253 1080 bonorum
2282 1027 2495 1082 deliciis
2524 1028 2651 1095 jure
2678 1034 3005 1081 versaturos
3034 1064 3047 1086 ,
3100 1039 3221 1094 quae
3253 1039 3350 1093 per
3388 1022 3568 1092 ipsum

1981 1116 2162 1171 danda
2193 1119 2419 1173 veniant
2452 1135 2482 1173 a
2522 1118 2685 1173 Patre
2710 1159 2724 1183 ,
2754 1118 3045 1173 cliaritatis
3086 1118 3197 1170 vim
3245 1116 3430 1171 statim
3474 1117 3570 1170 de-

1982 1211 2211 1276 scribit,
2240 1219 2295 1265 et
2322 1226 2430 1280 quo
2463 1220 2624 1281 pacto
2657 1228 2777 1266 eam
2817 1219 2967 1265 recte
3015 1220 3069 1264 et
3100 1208 3386 1279 inculpate
3418 1208 3569 1261 cola-

1982 1320 2104 1358 mus
2146 1304 2212 1357 ad
2251 1314 2501 1359 nostram
2539 1304 2832 1359 utilitatem
2860 1342 2874 1367 ,
2930 1303 3146 1357 edocet.
3181 1300 3293 1356 Nec
3334 1300 3479 1355 enim
3522 1300 3568 1353 si

1980 1393 2107 1462 quis
2156 1392 2322 1447 Deum
2371 1409 2558 1449 amare
2595 1408 2653 1449 se
2696 1393 2882 1455 dicat,
2923 1392 3154 1447 omnino
3205 1392 3373 1445 etiam
3424 1405 3570 1443 verae

1981 1485 2299 1542 dilectionis
2335 1489 2575 1558 gloriam
2618 1488 2944 1558 reportabit,
2976 1502 3101 1540 cum
3144 1502 3254 1540 non
3294 1485 3349 1539 in
3385 1484 3567 1537 verbis

1982 1578 2147 1634 nudis
2176 1580 2398 1634 virtutis
2435 1579 2581 1635 vires
2609 1580 2916 1634 consistant
2940 1621 2954 1645 ,
2996 1593 3099 1633 nec
3137 1579 3191 1631 in
3223 1578 3359 1632 solis
3397 1590 3566 1629 voea-

1980 1671 2124 1727 bulis
2152 1674 2372 1741 pietatis
2409 1674 2462 1727 in
2501 1672 2669 1727 Deum
2711 1671 2984 1727 formetur
3023 1671 3215 1736 decus,
3247 1669 3342 1725 sed
3372 1684 3437 1722 ex
3471 1668 3568 1721 bo-

1984 1766 2070 1819 nis
2111 1766 2374 1834 operibus
2424 1773 2475 1819 et
2526 1764 2709 1818 animo
2763 1762 3021 1818 audiendi
3084 1762 3285 1831 cupido
3330 1761 3567 1813 maxime

1982 1856 2349 1925 dignoscitur,
2386 1866 2442 1911 et
2474 1857 2791 1910 divinorum
2822 1855 3211 1910 mandatorum
3246 1851 3567 1908 observatio

1981 1949 2306 2003 charitatem
2360 1953 2413 2003 in
2468 1948 2635 2003 Deum
2685 1948 2892 2017 optime
2939 1946 3228 2015 depingit,
3283 1953 3336 1998 et
3389 1943 3564 1995 vivam

1982 2057 2209 2113 prorsus
2238 2056 2302 2095 ac
2335 2056 2519 2095 veram
2545 2039 2806 2093 virtutem
2846 2039 3104 2099 exhibet,
3144 2053 3253 2091 non
3294 2038 3346 2090 in
3399 2039 3565 2091 nudis

1983 2148 2192 2192 tantum
2236 2137 2433 2205 lingua:
2468 2132 2697 2187 vocibus
2732 2131 3154 2193 adumbratam,
3193 2138 3249 2183 ut
3287 2128 3562 2191 diximus,

1981 2228 2075 2285 sed
2110 2228 2274 2281 claris
2308 2226 2474 2280 veluti
2508 2223 2811 2287 coloribus,
2841 2238 3068 2292 operum
3098 2222 3356 2275 nimirum
3382 2222 3566 2289 specie

1981 2321 2336 2375 relucentem.
2370 2316 2433 2369 Et
2457 2315 2680 2385 quidem
2714 2314 2980 2369 Dominus
3006 2312 3374 2369 noster-Iesus
3401 2314 3530 2366 Cbri
3555 2343 3565 2352 -

1981 2421 2100 2467 stus
2131 2410 2276 2465 istud
2312 2409 2473 2463 nobis
2499 2409 2648 2463 clare.
2671 2407 2972 2461 ostendens
2994 2445 3008 2469 ,
3056 2425 3073 2458 ς
3108 2404 3225 2459 Non
3252 2408 3438 2459 omnis
3470 2405 3564 2475 qui

1980 2510 2117 2565 dicit
2147 2507 2315 2570 mihi,
2356 2505 2623 2569 Domine,
2678 2502 2938 2565 Domine,
2979 2502 3193 2571 inquit,
3244 2502 3471 2555 intrabit
3510 2502 3561 2554 in

1979 2616 2206 2671 regnum
2244 2599 2507 2654 caelorum
2538 2618 2551 2653 :
2591 2598 2687 2653 sed
2710 2598 2801 2667 qui
2834 2598 2963 2652 facit
3012 2598 3346 2651 voluntatem
3384 2595 3566 2650 Patris

1979 2692 2084 2746 mei
2122 2691 2220 2760 qui
2271 2691 2324 2743 in
2357 2690 2515 2744 caelis
2560 2697 2646 2743 est
2678 2689 2745 2741 “.
2786 2707 2803 2739 ι
2845 2685 2956 2741 Nec
2986 2687 3131 2741 enim
3172 2686 3226 2739 in
3260 2686 3414 2740 vanis
3440 2701 3564 2739 ver~

1978 2783 2175 2838 borum
2206 2781 2680 2838 assentationibus
2716 2780 2868 2841 fides,
2904 2779 2996 2834 sed
3042 2779 3095 2831 in
3126 2776 3396 2831 factorum
3426 2792 3566 2847 qua-

1978 2875 2231 2929 litatibus
2260 2875 2521 2943 probatur
2552 2892 2565 2927 :
2607 2874 2748 2927 unde
2778 2881 3051 2925 mortuam
3091 2872 3232 2924 lianc
3266 2887 3390 2926 esse
3417 2912 3430 2932 ,
3456 2872 3563 2925 nisi

1977 2984 2095 3023 eam
2124 2983 2289 3037 opera
2328 2968 2696 3028 comitentur,
2742 2966 2927 3019 divina
2967 2965 3256 3034 Scriptura
3305 2965 3466 3018 docet
3494 2967 3562 3018 “.

1901 3081 1944 3139 ρ
1981 3060 2135 3114 Scire
2166 3061 2331 3125 enim,
2359 3059 2557 3127 inquit,
2587 3057 2734 3127 quod
2770 3072 2916 3111 unus
2951 3058 3089 3111 Deus
3121 3057 3217 3121 sit,
3257 3072 3366 3108 non
3403 3072 3561 3109 men-

1978 3155 2047 3208 tis
2078 3154 2345 3207 duntaxat
2391 3154 2641 3206 liumana:
2690 3167 2814 3206 esse
2861 3150 3310 3221 comperiemus,
3368 3149 3461 3204 sed
3508 3157 3565 3204 et

1974 3247 2317 3314 impurorum
2352 3245 2658 3298 daemonum
2682 3283 2697 3307 ,
2739 3243 2830 3312 qui
2879 3244 3042 3295 etiam
3087 3242 3243 3295 inviti
3275 3241 3562 3296 Creatoris

1975 3336 2232 3389 virtutem
2268 3337 2700 3403 perhorrescunt
2726 3334 2792 3387 “.
2830 3332 2933 3387 Sed
2962 3332 3291 3386 charitatem
3329 3348 3558 3402 Operum

1975 3443 2099 3482 cum
2131 3428 2233 3481 [ide
2263 3429 2631 3496 conjungere,
2668 3426 2735 3481 iis
2767 3432 2982 3478 tantum
3018 3423 3277 3493 congruit
3312 3424 3403 3492 qui
3433 3438 3561 3478 vere

1973 3521 2207 3593 diligunt
2240 3521 2431 3575 Deum.
2463 3518 2735 3586 Quocirca
2762 3516 3164 3571 demonstratio
3190 3515 3480 3570 cliarilatis
3507 3523 3561 3569 et

1973 3615 2379 3687 perfectissima
2414 3613 2556 3666 ratio
2602 3610 2727 3665 ﬁdei
2755 3620 2839 3665 est
2857 3609 3305 3679 evangelicorum
3334 3607 3563 3678 dogma-

1972 3718 2086 3763 tum
2118 3708 2286 3779 808
2323 3706 2744 3773 divinorumque
2778 3713 3180 3772 praeceptorum
3222 3701 3557 3756 observatio.

1970 3800 2089 3855 Non
2122 3809 2271 3854 esset
2295 3797 2511 3851 dilIicile
2547 3797 2653 3849 alia
2687 3795 2771 3849 his
2804 3794 2986 3847 aﬂinia
3034 3793 3316 3863 proferre,
3362 3791 3457 3847 sed
3494 3808 3558 3846 ea

1972 3893 2239 3963 temporis
2271 3890 2435 3957 hujus
2465 3904 2589 3943 esse
2619 3903 2726 3941 non
2759 3887 3022 3941 arbitror.
3064 3885 3277 3940 Idcirco
3312 3886 3556 3940 eundum

1970 4000 2166 4041 rursus
2221 3983 2288 4036 ad
2332 3997 2396 4036 ea
2442 3996 2563 4050 qua!
2615 3980 2904 4049 proposito
2956 3987 3148 4033 nostro
3202 3978 3378 4047 magis
3424 3993 3558 4031 con-

1971 4085 2175 4148 gruunt
2212 4094 2225 4130 :
2270 4092 2287 4124 ι
2320 4072 2377 4127 Si
2418 4072 2652 4142 diligitis
2703 4087 2787 4125 me
2813 4112 2827 4133 ,
2874 4070 3095 4139 inquit,
3141 4069 3398 4121 mandata
3439 4083 3558 4121 mea

1970 4180 2206 4225 servate.
2244 4186 2260 4218 ι
2300 4165 2693 4219 Animadverte
2723 4162 2873 4217 enim
2920 4176 3118 4215 rursus
3162 4168 3215 4214 et
3263 4160 3316 4212 in
3350 4175 3559 4213 memo-

1969 4263 2110 4316 riam
2140 4274 2339 4315 revoca
2369 4256 2516 4328 quod
2548 4273 2671 4311 cum
2704 4272 2847 4325 saepe
2878 4270 3009 4309 suos
3039 4254 3346 4324 discipulos
3374 4253 3557 4323 ipsos-

1969 4341 2076 4423 qiie
2102 4352 2321 4407 Judzeos
2345 4352 2743 4419 alloqueretur,
2775 4346 2956 4400 aiebat
2986 4363 2998 4398 :
3043 4364 3061 4396 ι
3096 4343 3274 4399 Verba
3307 4360 3430 4414 qua:
3458 4359 3558 4414 ego

273 4432 422 4502 ὅρος,
451 4431 558 4484 τῶν
592 4431 962 4499 εὑαγγελικῶν
985 4432 1270 4503 δογμάτων
1295 4434 1328 4504 ἡ
1367 4434 1599 4504 τήρησις
1634 4434 1730 4486 καὶ
1754 4434 1863 4488 τῶν

1975 4447 2189 4514 loquor,
2228 4460 2337 4497 non
2362 4451 2490 4496 sunt
2523 4454 2640 4496 mea
2668 4480 2681 4503 ,
2719 4438 2814 4493 sed
2846 4439 2967 4506 ejus
3003 4438 3097 4508 qui
3129 4440 3279 4492 misit
3318 4453 3406 4491 me
3432 4437 3497 4490 “.
3532 4456 3552 4487 ι

274 4523 439 4577 θείων
487 4523 716 4577 ἐντολῶν
764 4525 796 4595 ἡ
840 4523 1078 4595 φυλακή.
1133 4525 1244 4577 Kal
1294 4524 1532 4594 χαλεπὸν
1586 4526 1683 4596 μὲν
1732 4526 1862 4589 ἴσως

271 4616 431 4670 οὐδὲν
459 4616 621 4689 ἔτερα
657 4617 792 4686 πρὸς
815 4616 1025 4679 τούτοις
1055 4618 1227 4669 εἰπεῖν
1260 4617 1495 4685 συγγενῆ
1523 4633 1639 4681 πως
1669 4616 1859 4688 ἔχοντα

271 4709 375 4778 τὴν
406 4709 664 4773 διάνοιαν,
713 4708 851 4780 πλὴν
901 4709 963 4761 οὐ
1001 4708 1096 4762 τοῦ
1145 4708 1410 4781 παρόντος
1454 4704 1604 4781 οἶμαι
1640 4709 1858 4781 καιροῦ.

271 4802 370 4855 Διὸ
403 4800 467 4871 δὴ
509 4800 673 4854 πάλιν
720 4801 859 4853 ἰτέον
906 4802 999 4854 ἐπὶ
1040 4800 1109 4854 τὰ
1140 4803 1252 4865 τοῖς
1299 4802 1684 4872 προκειμένοις
1725 4804 1860 4873 ἡμῖν

272 4894 701 4965 πρεπωδέστερα
727 4909 741 4923 ·
780 4911 798 4943 ι
838 4894 963 4947 Ἐὰν
992 4894 1239 4962 ἀγαπᾶτέ
1273 4912 1360 4965 με,
1405 4896 1559 4965 φησὶ,
1589 4896 1689 4959 τὰς
1714 4897 1863 4950 ἐντο-

271 4988 373 5050 λάς
409 5004 510 5056 μου
543 4988 830 5056 τηρήσετε.
865 5005 884 5038 ›
945 4986 1110 5050 Σύνες
1155 4987 1265 5057 γὰρ
1315 4987 1378 5058 δὴ
1414 4988 1573 5042 πάλιν
1616 4989 1710 5042 καὶ
1748 4988 1863 5042 δια-

276 5080 527 5148 μέμνησο
576 5077 757 5141 καλῶς
799 5079 880 5132 ὅτι
917 5079 1175 5142 πολλάκις
1209 5083 1318 5144 τοῖς
1351 5078 1548 5133 ἑαυτοῦ
1592 5080 1861 5151 μαθηταῖς

272 5168 796 5240 προσδιαλεγόμενος
864 5169 897 5241 ἢ
965 5171 1061 5223 καὶ
1136 5172 1321 5233 αὐτοῖς
1401 5174 1513 5236 τοῖς
1586 5172 1861 5237 Ἰουδαίοις

271 5259 482 5327 ἔφασκε
508 5276 521 5290 °
561 5281 579 5313 ι
611 5261 690 5315 Τά
719 5262 941 5333 ῥήματα
972 5262 1009 5316 ἃ
1036 5262 1147 5330 ἐγὼ
1178 5262 1345 5325 λαλῶ,
1393 5264 1494 5317 οὐκ
1532 5263 1680 5319 ἐστιν
1725 5265 1855 5336 ὲμά,

272 5350 415 5404 ἀλλά
469 5351 563 5405 τοῦ
624 5352 939 5423 πέμψαντός
1006 5370 1093 5423 με.
1133 5374 1151 5406 ι
1214 5355 1325 5407 Kal
1391 5354 1593 5409 πάλινο
1667 5375 1686 5408 α
1734 5358 1858 5411 Ἀπ’

274 5442 515 5512 ἐμαυτοῦ
564 5444 626 5497 ού
678 5444 842 5506 λαλῶ,
888 5445 1006 5498 ἀλλ’
1050 5447 1078 5498 ό
1124 5445 1349 5516 πέμψας
1404 5463 1469 5515 με
1505 5447 1724 5518 Πατὴρ,
1760 5449 1858 5501 αύ-

272 5533 367 5596 τό;
422 5552 511 5606 μοι
543 5535 762 5606 ἐντολὴν
790 5536 989 5592 δέδωκε
1053 5536 1107 5589 τί
1164 5539 1302 5592 εἴπω
1350 5541 1446 5591 καὶ
1500 5538 1551 5591 τί
1610 5538 1850 5611 λαλήσω.

1965 4536 2032 4590 Ει
2064 4552 2260 4591 rursus
2289 4553 2301 4588 :
2352 4554 2370 4586 ι
2409 4536 2484 4587 Ex
2522 4532 2733 4602 meipso
2760 4546 2866 4585 non
2896 4531 3118 4600 loquor,
3150 4530 3242 4584 sed
3279 4532 3373 4600 qui
3406 4530 3559 4585 misit

1964 4646 2052 4685 me
2082 4629 2261 4693 Pater,
2298 4630 2417 4697 ipse
2466 4626 2596 4680 milii
2636 4626 2955 4680 mandatum
2999 4625 3150 4679 dedit
3188 4624 3320 4692 quid
3370 4623 3554 4678 dicam

1962 4732 2018 4778 et
2044 4722 2172 4790 quid
2222 4722 2415 4790 loquar
2439 4718 2539 4773 “.i
2582 4716 2741 4771 Nunc
2792 4729 2999 4779 autem,
3032 4716 3160 4771 licet
3212 4715 3307 4770 Dei
3354 4731 3417 4771 ac
3449 4716 3557 4770 Pa—

1958 4814 2063 4868 tris
2118 4826 2519 4881 usquequaque
2570 4810 2734 4864 verba
2794 4824 2921 4864 esse
2972 4809 3174 4863 dixerit
3207 4823 3270 4861 ea
3324 4822 3445 4877 quae
3486 4808 3555 4862 ad

1967 4921 2071 4961 nos
2102 4904 2261 4966 iecit,
2295 4920 2395 4958 sua
2423 4913 2607 4957 tamen
2640 4911 2915 4972 praecepta
2950 4918 3075 4958 esse
3105 4903 3183 4956 ait
3210 4917 3557 4972 quaecunque

1965 4997 2130 5051 nobis
2152 4995 2370 5049 locutus
2391 5003 2472 5047 est
2500 5010 2512 5047 :
2559 5008 2738 5061 neque
2764 5008 2893 5047 vero
2914 4993 3207 5062 quisquam
3235 5008 3380 5046 same
3402 5007 3555 5046 men-

1966 5091 2037 5142 tis
2081 5102 2206 5141 eum
2252 5085 2388 5141 falsa
2427 5085 2575 5153 loqui
2620 5085 2857 5152 putabit.
2903 5084 3015 5140 Nec
3050 5087 3197 5139 enim
3229 5084 3554 5139 Christiano

1964 5179 2100 5235 illud
2134 5194 2372 5248 unquam
2419 5177 2685 5240 subierit;
2721 5177 2816 5231 sed
2854 5192 2979 5231 vere
3012 5176 3281 5246 loquitur,
3314 5176 3553 5230 maxime

1966 5287 2093 5327 cum
2126 5281 2181 5326 et
2218 5272 2335 5341 ipse
2372 5269 2575 5324 veritas
2608 5268 2700 5321 sit.
2734 5268 2851 5323 Non
2886 5270 3030 5324 enim
3069 5276 3129 5323 ut
3159 5269 3550 5340 prophetarum

1966 5379 2111 5418 unus
2157 5361 2396 5417 ministri
2452 5370 2545 5415 aut
2579 5360 2765 5415 fautuli
2841 5361 2962 5415 loco
2996 5376 3302 5416 sermonem
3336 5359 3492 5415 nobis
3519 5376 3549 5416 a

1965 5454 2128 5509 Patre
2169 5454 2407 5517 detulit,
2461 5453 2558 5508 sed
2597 5461 2656 5506 ut
2686 5452 2782 5522 qui
2821 5468 2948 5507 cum
2988 5453 3109 5523 ipso
3146 5462 3350 5507 tantam
3386 5454 3552 5508 habet

1965 5546 2408 5611 similitudinem,
2434 5555 2494 5600 ut
2526 5562 2596 5602 ne
2635 5546 2803 5601 verbo
2824 5543 3044 5617 quidem
3078 5545 3397 5615 discrepare
3427 5561 3549 5601 cer-

349 5650 393 5732 ³ξ
419 5647 521 5703 lsa.
548 5665 670 5714 LXV,
878 5651 922 5682 “
955 5650 1099 5708 l’sal.
1134 5667 1329 5718 χχχιιι,
1367 5653 1449 5709 l6.
1529 5654 1569 5686 δ’
1607 5653 1799 5714 Matth.
1833 5675 1864 5717 v

1975 5663 2051 5720 2|.
2131 5664 2174 5695 “
2208 5660 2323 5718 Jac.
2363 5678 2424 5729 ιι,
2461 5660 2552 5717 20.
2634 5661 2678 5693 ⁸³
2703 5660 2843 5718 ibid.
2881 5661 2964 5717 l9.
3045 5661 3088 5693 “
3119 5658 3284 5717 δορυ.
3315 5676 3426 5729 xrv,
3460 5662 3548 5717 ιο.

276 5720 323 5752 ⁸⁸
354 5718 515 5776 Joan.
567 5738 664 5789 ut,
703 5722 790 5778 I9.
