3884 6208
381 307 492 366 255

1425 307 1483 365 S.
1523 306 1797 366 CYRlLLI
1829 307 2304 364 ALEXANDBIM
2344 305 2661 392 ῌὶΟΠίΕΡ.

3548 307 3654 363 Ξὲιϐ

381 438 548 484 natur
575 471 590 493 ,
635 429 729 483 sed
762 430 834 483 ita
863 440 1056 484 natura
1086 429 1347 498 loquatur
1373 431 1519 484 sicut
1559 439 1614 484 et
1652 431 1769 500 ipse
1807 429 1954 484 Patet

2071 432 2208 484 Νυνὶ
2235 431 2291 484 δὲ
2337 431 2402 501 δὴ
2435 429 2619 489 πάλιν,
2655 429 2826 480 καίτοι
2856 425 2948 480 τοῦ
2992 428 3128 483 Θεοῦ
3164 427 3258 480 καὶ
3291 425 3500 497 Πατρδς
3540 426 3652 478 ἄνω

386 525 647 593 loquitur.
679 523 945 577 ldentitas
969 523 1172 591 quippe
1206 521 1532 574 substantia:
1565 538 1666 576 nos
1697 521 1868 591 adigit
1907 529 1968 575 ut

382 613 677 667 credamus
703 613 892 667 eadem
930 611 1078 682 loqui
1111 628 1240 666 cum
1265 609 1526 665 Genitore
1566 609 1792 664 Filium.
1825 610 1964 664 Cum

381 714 561 760 autem
606 705 678 760 sit
721 705 839 775 ipse
879 703 1118 759 Verbum
1152 712 1206 759 et
1237 703 1522 772 Sapientia
1557 716 1623 756 ac
1656 701 1750 756 Dei
1782 700 1966 757 Patris

383 797 664 860 voluntas,
695 797 771 850 ait
802 811 866 852 se
897 795 1215 849 mandatum
1251 795 1534 864 accepisse
1565 795 1700 864 quid
1733 795 1879 849 dicat
1911 805 1966 852 et

381 889 512 954 quid
563 890 841 958 loquatur.
884 885 1019 941 Nam
1072 895 1125 942 et
1171 902 1273 941 nos
1313 887 1417 955 ipsi
1449 894 1696 941 nostram
1727 887 1964 958 quisque

382 992 618 1036 mentem
642 1022 658 1045 ,
699 982 870 1036 verbo
909 980 1254 1034 enuntiativo
1290 979 1438 1034 foras
1471 979 1804 1048 erumpenti,
1838 994 1964 1049 pro-

383 1074 674 1144 pemodum
705 1074 900 1142 jubere
929 1072 1181 1126 videmus
1214 1080 1273 1125 ut
1301 1087 1424 1141 quae
1452 1071 1507 1125 in
1535 1086 1599 1125 ea
1630 1079 1762 1125 sunt
1789 1071 1964 1140 expli-

384 1174 490 1219 cet.
524 1164 853 1235 Quanquam
905 1165 1097 1233 jejuna
1148 1163 1372 1233 quidem
1419 1171 1505 1217 est
1549 1163 1696 1217 illius
1725 1162 1962 1232 exempli

383 1258 466 1310 vis
491 1265 546 1308 et
569 1257 708 1310 ratio
737 1255 801 1309 ad
827 1255 995 1310 Deum
1029 1257 1235 1311 relata:
1267 1265 1642 1310 verumtamen
1670 1255 1963 1326 imaginem

383 1365 412 1401 a
447 1349 604 1404 nobis
629 1349 694 1402 ad
724 1349 1253 1404 demonstrationem
1283 1363 1476 1402 eorum
1508 1363 1629 1418 quae
1657 1363 1830 1417 supra
1863 1363 1966 1403 nos

382 1447 512 1493 sunt
541 1441 822 1509 capientes
843 1481 856 1502 ,
891 1448 1148 1509 tanquam
1177 1441 1232 1494 in
1261 1439 1486 1509 specqu
1517 1449 1572 1494 ct
1607 1440 1662 1493 in
1697 1441 1963 1510 :enigma-

381 1539 434 1584 te
463 1531 510 1562 “
530 1569 544 1593 ,
586 1531 771 1584 divina
800 1531 1062 1601 mysteria
1098 1530 1286 1583 animo
1320 1529 1865 1597 comprehendimus.

2075 540 2134 575 τε
2181 526 2272 576 καὶ
2305 523 2457 576 κάτω
2500 523 2627 584 τοὺς
2671 521 2865 588 λόγους
2908 517 3046 572 εἶναι
3092 517 3513 590 ὃιωμολογηκὼς
3558 518 3650 580 οῦς

2073 617 2366 685 ἐποιήσατο
2417 614 2553 684 πρὸς
2603 615 2779 684 ἡμᾶς,
2831 613 2968 675 ίδίας
3013 611 3237 674 ἐντολὰς
3288 606 3428 663 εἷναί
3485 627 3651 680 φησιν

2073 706 2216 776 ἅπερ
2244 707 2377 776 ἡμῖν
2407 703 2671 774 λελάληκε
2695 723 2708 734 ·
2757 705 2851 757 καὶ
2875 705 2936 757 ού
2969 704 3033 774 δή
3067 721 3150 764 τις
3179 703 3342 757 αὑτὸν
3366 701 3492 754 νοῦν
3513 702 3651 770 ἔχων

2071 798 2315 868 οἰήσεται
2356 796 2736 867 ψευδομυθεῖν.
2778 796 2870 866 Μὴ
2911 796 3020 866 γὰρ
3047 794 3280 848 εἰσέλθοι
3321 793 3480 847 τοῦτο
3514 795 3651 864 Χριο

2071 887 2284 939 στιανόν
2310 903 2324 916 ’
2387 884 2676 956 ἀληθεύσει
2729 884 2787 937 δὲ
2837 884 3032 944 πάλιν.
3092 884 3188 938 an
3234 881 3298 952 δὴ
3349 883 3442 934 uel.
3485 882 3652 944 αὐτὸς

2071 978 2334 1049 ὑπάρχων
2355 981 2388 1049 ή
2414 978 2658 1048 ἀλήθεια.
2693 979 2768 1031 υύ
2799 980 2904 1048 γὰρ
2939 977 3059 1031 καθ’
3087 975 3187 1030 ἕνα
3214 975 3320 1028 τῶν
3353 973 3651 1045 προφητῶν

2068 1071 2144 1134 ὡς
2175 1071 2232 1124 ὲν
2257 1071 2506 1124 διακόνου
2529 1070 2679 1136 τάξει
2707 1072 2802 1124 καὶ
2835 1070 3109 1140 ὑπηρέτου
3133 1069 3224 1122 τὸν
3253 1069 3402 1140 παρὰ
3433 1067 3648 1138 “eqd;

2071 1165 2202 1232 ἡμῖν
2244 1162 2636 1234 διεπόρθμευσε
2663 1162 2843 1230 λόγον,
2879 1162 2992 1215 ἀλλ’
3032 1161 3106 1225 ὡς
3154 1161 3292 1231 ἔχων
3322 1160 3456 1232 πρὸς
3485 1157 3650 1212 αὐτὸν

2066 1255 2167 1324 τὴν
2213 1255 2514 1325 ἐμφέρειαν
2563 1255 2640 1317 ὼς
2689 1253 2828 1324 μηδὲ
2871 1254 3015 1324 λόγῳ
3060 1255 3220 1325 τυχὸν
3265 1253 3493 1325 ὁρᾶσθαι
3536 1253 3655 1306 διὰ-

2066 1363 2254 1416 φορον,
2297 1347 2412 1398 ἀλλ’
2445 1345 2587 1399 οὔτω
2631 1346 2934 1415 πεφυκέναι
2983 1345 3188 1405 λαλεῖν,
3213 1345 3401 1416 ὥσπερ
3439 1345 3506 1398 ἂν
3557 1344 3656 1396 καὶ

2063 1436 2227 1494 αὐτὸς
2254 1438 2282 1489 ὁ
2316 1437 2504 1507 Πατὴρ
2551 1437 2714 1508 τυχὸν
2763 1437 3085 1505 διαλέγοιτο.
3145 1436 3219 1490 Τὸ
3250 1436 3359 1507 γὰρ
3401 1433 3656 1503 ἀπαράλ-

2063 1528 2262 1581 λακτον
2305 1529 2405 1596 τῆς
2448 1530 2636 1593 οὐσίας
2683 1531 2778 1583 καὶ
2833 1530 3181 1598 ταυτολογεῖν
3240 1529 3524 1584 ἀναπείθει
3574 1526 3658 1598 τῷ

380 1623 700 1693 γεννήσαντι
751 1622 843 1676 τὸν
893 1608 1038 1676 Υίόν.
1099 1623 1187 1684 Ὠς
1233 1621 1291 1674 δὲ
1333 1621 1502 1688 Λόγος
1549 1619 1624 1674 ὣν
1659 1621 1821 1684 αὐτὸς
1868 1621 1959 1674 καὶ
2001 1621 2166 1691 σοφία
2211 1621 2304 1675 καὶ
2348 1621 2602 1696 βούλησις
2647 1621 2742 1675 τοῦ
2775 1621 2912 1674 Θεοῦ
2940 1623 3036 1674 καὶ
3106 1622 3340 1692 Πατρδς,
3407 1617 3657 1690 δεδέχθαι

380 1719 544 1786 φησὶν
593 1717 809 1788 ἐντολὴν
863 1718 916 1769 τί
960 1717 1090 1790 εἴπῃ
1135 1718 1230 1770 καὶ
1274 1715 1327 1769 τί
1370 1716 1614 1786 λαλήσει.
1678 1715 1830 1768 Ἐπεὶ
1868 1717 1960 1769 καὶ
2000 1718 2160 1787 ἡμεῖς
2191 1717 2343 1770 αὐτοὶ
2375 1717 2466 1770 τὸν
2493 1718 2691 1770 οἰκεῖον
2721 1717 2943 1770 ἕκαστοι
2971 1715 3117 1773 νοῦν.
3184 1714 3262 1784 τῷ
3311 1713 3450 1768 κατά
3517 1728 3657 1783 προ-

379 1813 552 1882 φορὰν
580 1814 680 1883 τὴν
719 1811 1098 1883 διὰρημάτων
1129 1811 1293 1882 λόγῳ,
1329 1812 1610 1882 μονονουχὶ
1648 1813 1741 1864 καὶ
1784 1812 2160 1882 ἐντελλόμενον
2193 1811 2463 1882 βλέπομεν
2505 1810 2644 1884 πρὸς
2711 1812 2767 1864 τὸ
2834 1809 2935 1876 ἔξω
3000 1809 3262 1879 βαδίζοντι
3336 1805 3661 1876 διερμηνεῦ⁸

379 1923 469 1958 σαι
496 1905 563 1959 τὰ
589 1908 647 1958 ὲν
679 1908 846 1977 αύτῷ.
885 1908 1000 1960 Καὶ
1032 1909 1202 1978 μικρᾷ
1235 1906 1346 1978 [γρ.
1385 1907 1579 1979 μικρὰ]
1612 1907 1708 1977 μὲν
1732 1908 1806 1970 ὡς
1869 1909 2006 1979 πρὸς
2040 1908 2174 1961 Θεὸν
2238 1911 2270 1978 ἡ
2303 1909 2398 1961 τοῦ
2445 1907 2889 1980 παραδείγματος
2919 1905 3166 1976 δύναμις,
3206 1903 3388 1957 είκόνα
3421 1902 3479 1956 δὲ
3507 1903 3661 1971 ὅμως

375 2001 474 2068 τήν
521 2001 579 2052 ὲν
627 2003 739 2062 τοῖς
792 2000 914 2053 καθ’
963 2001 1132 2069 ἡμᾶς,
1183 2003 1263 2063 εἰς
1305 2000 1404 2071 τὴν
1452 2001 1560 2054 τῶν
1602 2001 1744 2073 ὑπὲρ
1792 2001 1966 2053 ταῦτα
2007 2000 2381 2072 πληροφορίαν
2415 2001 2716 2072 δεχόμενοι,
2763 1998 3014 2069 καθάπερ
3044 1999 3102 2050 ὲν
3131 1998 3378 2067 ἐσόπτρῳ
3441 1995 3537 2048 καὶ
3602 1995 3662 2052 ἐν

373 2092 676 2161 αἰνίγματι,
706 2091 775 2144 τὰ
800 2091 919 2144 θεῖα
945 2091 1176 2161 νοοῦμεν
1212 2095 1510 2164 μυστήρια.

446 2182 585 2245 XIV,
613 2184 701 2249 l6,
735 2185 819 2239 l7.
865 2183 930 2236 Et
959 2201 1052 2254 ego
1081 2186 1275 2254 rogabo
1306 2185 1544 2249 Patrem,
1574 2195 1624 2239 et
1653 2187 1818 2239 alium
1849 2186 1950 2239 Pa-

2123 2186 2294 2256 Κάγὼ
2350 2180 2628 2251 ἐρωτήσω
2660 2180 2767 2234 τὸν
2820 2179 3072 2248 Πατέρα,
3105 2179 3206 2234 καί
3237 2179 3433 2234 ἄλλον
3453 2181 3660 2250 Παρά-

374 2276 628 2329 racletum
659 2277 809 2330 dabit
850 2277 1028 2340 vobis,
1065 2287 1123 2330 ut
1163 2290 1375 2330 maneat
1406 2279 1673 2332 vobiscum
1712 2280 1766 2332 in
1801 2289 1954 2332 arter-

2062 2287 2286 2349 κλητον
2337 2275 2517 2330 δώσει
2565 2273 2708 2341 ὑμῖν
2737 2313 2752 2334 ,
2783 2273 2883 2325 ἵνα
2925 2267 2967 2342 ᾖ
2999 2272 3128 2340 μεθ’
3184 2269 3350 2340 ὑμῶν
3404 2275 3494 2338 εἰς
3550 2273 3664 2328 τὸν

372 2384 529 2426 num,
565 2366 824 2435 Spiritum
862 2371 1122 2433 veritatis,
1161 2385 1315 2438 quem
1357 2370 1586 2423 mundus
1637 2387 1741 2423 non
1787 2380 1954 2438 potest

2062 2373 2263 2435 αἰῶνα,
2299 2369 2366 2423 τὸ
2401 2366 2644 2434 Πνεῦμα
2690 2363 2802 2431 τῆς
2851 2364 3136 2430 ἀληθείας
3169 2363 3200 2416 ὃ
3234 2367 3267 2418 ὀ
3310 2366 3537 2433 κόσμος
3586 2368 3663 2420 οὐ

372 2461 626 2528 accipere,
649 2462 773 2530 quia
797 2477 900 2514 non
926 2461 1060 2515 videt
1088 2479 1229 2524 eum,
1257 2478 1348 2514 nec
1370 2463 1468 2515 scit
1495 2479 1646 2515 eum:
1668 2479 1752 2516 vos
1781 2472 1958 2515 autem

371 2556 684 2620 cognoscitis
711 2571 829 2608 eum
850 2598 864 2620 ,
901 2555 1026 2624 quia
1061 2553 1201 2622 apud
1227 2571 1316 2609 vos
1349 2553 1617 2619 manebit,
1648 2565 1698 2609 et
1727 2556 1782 2608 in
1815 2556 1956 2610 vobis

369 2648 494 2698 erit.

446 2732 636 2787 Miscct
672 2749 868 2788 rursus
898 2735 1089 2788 divino
1127 2733 1430 2788 humanum
1457 2776 1470 2797 ,
1519 2752 1622 2790 nec
1657 2736 1723 2790 ad
1763 2751 1956 2806 puram

373 2825 596 2881 deitntis
627 2827 859 2894 gloriam
901 2828 1216 2893 revertitur,
1254 2843 1434 2897 neque
1465 2828 1608 2881 intra
1645 2829 1959 2882 humanita-

373 2919 445 2973 tis
496 2919 716 2970 modum
769 2933 998 2986 prorsus
1038 2925 1320 2982 versatur,
1369 2917 1462 2972 sed
1521 2933 1618 2987 per
1663 2927 1959 2987 utrumque

373 3019 538 3066 meat,
561 3007 729 3077 809
756 3008 1084 3062 mirabiliter
1117 3009 1283 3062 simul
1303 3015 1357 3062 et
1385 3009 1612 3070 mistim,
1649 3009 1776 3077 quia
1803 3008 1961 3063 nimi-

373 3113 494 3150 rum
541 3098 680 3151 idem
731 3106 815 3152 est
848 3096 992 3152 Deus
1026 3108 1080 3152 et
1119 3099 1302 3152 homo.
1338 3099 1551 3169 Quippe
1583 3107 1776 3154 natura
1814 3100 1957 3156 Deus

370 3197 497 3252 est,
537 3198 813 3257 quatenus
855 3205 918 3243 ex
969 3189 1130 3242 Patre
1174 3188 1392 3244 fructus
1433 3201 1487 3245 et
1527 3191 1789 3258 splendor
1834 3192 1959 3246 sul»

369 3282 594 3336 stantia
633 3280 760 3349 ejus
804 3289 890 3334 est
924 3297 938 3334 :
984 3281 1149 3356 homo
1198 3290 1380 3335 autem
1417 3297 1647 3345 rursus,
1683 3292 1958 3352 quatenus

372 3375 552 3426 factus
585 3381 671 3427 est
703 3388 854 3426 caro.
910 3372 1183 3440 Loquitur
1228 3389 1362 3444 ergo
1407 3382 1467 3427 ut
1512 3373 1657 3429 Deus
1700 3376 1864 3429 simul
1903 3385 1959 3430 et

372 3467 581 3518 homo:
630 3467 711 3520 sic
756 3466 902 3519 enim
955 3467 1060 3520 rite
1107 3481 1330 3521 servare
1381 3467 1508 3522 licet
1551 3467 1954 3537 dispensationi

368 3573 498 3610 cum
550 3573 718 3610 carne
766 3559 1162 3612 convenientes
1211 3559 1480 3612 rationes.
1526 3558 1952 3625 Verumtamen,
1983 3535 2025 3592 ο

372 3651 475 3703 luci
513 3651 779 3718 propositi
825 3666 1051 3704 sensum
1091 3651 1470 3720 inquirentes,
1501 3652 1738 3706 dicimus
1772 3651 1959 3705 Domi-

370 3756 502 3796 num
534 3749 787 3795 nostrum
833 3741 926 3796 Dei
978 3758 1042 3796 ac
1091 3741 1276 3797 Patris
1330 3745 1652 3800 necessario
1702 3745 1959 3799 intulisse

367 3833 728 3893 mentionem,
771 3831 826 3884 in
853 3831 1276 3887 aediﬁcationem
1301 3833 1425 3889 fidei
1452 3843 1509 3889 et
1535 3835 1828 3888 maximam
1861 3851 1958 3889 au-

364 3923 609 3978 ditorum
663 3923 996 3987 utilitatem,
1053 3925 1516 3994 quemadmodum
1573 3925 1628 3979 in
1681 3926 1957 3983 sermonis

371 4032 667 4086 progressu
709 4018 1237 4073 demonstrabimus.
1270 4017 1411 4086 Quia
1441 4019 1588 4075 enim
1629 4029 1816 4090 petere
1853 4037 1955 4079 nos

365 4109 532 4177 jussit
561 4110 614 4162 in
647 4109 869 4164 nomine
895 4109 1018 4178 ejus
1045 4109 1090 4142 ⁸⁷
1115 4153 1130 4178 ,
1172 4121 1226 4164 et
1257 4111 1580 4166 inusitatum
1610 4112 1955 4182 precationis

371 4198 592 4251 modum
636 4199 778 4254 inter
817 4209 1019 4254 caztera
1056 4201 1400 4272 praescripsit
1425 4203 1502 4270 “,
1552 4205 1836 4274 pollicitus
1895 4221 1955 4262 se

364 4300 623 4361 prompto
649 4292 834 4346 animo
863 4292 1121 4347 daturum
1163 4310 1285 4364 qua:
1318 4295 1556 4350 velimus
1588 4315 1602 4352 :
1641 4313 1710 4351 ne
1735 4298 1953 4353 videre-

367 4393 457 4434 tur
479 4398 574 4451 per
601 4383 720 4437 hac
751 4382 846 4438 Dei
882 4401 945 4440 ac
973 4384 1155 4441 Patris
1184 4401 1478 4456 personam
1510 4388 1828 4452 excludere,
1854 4399 1950 4445 aut

367 4483 694 4541 potestatem
731 4477 943 4532 sanctis
977 4477 1321 4548 largiendiei
1359 4477 1657 4535 detrahere
1681 4521 1695 4544 ,
1724 4483 1949 4538 conlar-
1987 4504 1998 4514 ·

363 4569 598 4632 gitorem
631 4584 690 4622 se
728 4568 846 4623 fore
885 4576 941 4624 et
986 4569 1328 4625 Paracletum
1373 4572 1538 4626 simul
1581 4572 1742 4628 nobis
1781 4573 1946 4626 datu-

366 4673 487 4709 rum
517 4658 675 4720 dixit,
706 4660 841 4714 illud
872 4661 1201 4715 vocabulum
1238 4663 1434 4730 rogabo
1473 4679 1671 4720 rursus
1709 4665 1947 4734 subjun-

363 4765 518 4815 gens.
553 4761 610 4803 ut
637 4752 822 4813 homo,
851 4753 951 4806 toti
987 4753 1187 4807 divina:
1216 4760 1270 4808 et
1301 4753 1563 4810 ineﬂ‘abili
1599 4766 1812 4811 natura:
1843 4772 1941 4826 pe-

2056 2466 2307 2518 δύναται
2335 2459 2562 2520 λαϐεῖν,
2580 2457 2669 2510 ὅτι
2705 2458 2778 2509 οὐ
2802 2454 3010 2522 θεωρεῖ
3041 2456 3188 2509 αὐτὸ
3213 2454 3355 2508 οὐδὲ
3376 2455 3664 2523 γινώσκει

2057 2558 2206 2610 αὐτό
2231 2573 2244 2586 ο
2298 2551 2466 2622 ὑμεῖς
2496 2551 2564 2604 δὲ
2609 2548 2930 2619 γινώσκετε
2980 2549 3149 2611 αὐτὸ,
3181 2546 3271 2601 ὄτι
3314 2549 3463 2616 παρ’
3503 2549 3652 2617 ὑμῖν

2053 2653 2246 2721 μένει,
2278 2645 2377 2701 καί
2410 2645 2479 2698 ἑν
2509 2641 2654 2711 ὑμῖν
2682 2641 2873 2695 ἔσται.

2143 2739 2462 2810 Ἀναμίσγει
2505 2735 2666 2790 πάλιν
2709 2733 2787 2803 τῷ
2835 2732 3134 2802 θεοπρεπεῑ
3173 2733 3236 2786 τὸ
3292 2731 3658 2804 ἀνθρώπινον,

2057 2834 2152 2888 καὶ
2178 2831 2301 2886 οὔτε
2326 2830 2460 2900 πρὸς
2492 2829 2730 2898 ἄκρατον
2769 2829 3038 2896 ἀναφοιτᾷ
3064 2827 3162 2898 τῆς
3189 2826 3442 2897 θεότητος
3471 2827 3658 2892 δόξαν,

2058 2925 2183 2981 οῦτε
2221 2924 2326 2996 μὴν
2359 2922 2670 2992 ὁλοκλήρως
2703 2922 2818 2982 τοῖς
2850 2920 2953 2989 τῆς
2997 2919 3413 2989 ἀνθρωπότητος
3437 2920 3666 2992 μέτροις

2060 3017 2448 3086 ὲμφιλοχωρεῖ,
2493 3012 2713 3083 ἔρχεται
2761 3011 2820 3064 δὲ
2857 3011 2925 3064 δι’
2968 3013 3206 3080 ἀμφοῖν,
3248 3010 3572 3082 παραδόξως
3598 3028 3661 3064 τι

2058 3104 2176 3174 ἃμα
2199 3103 2295 3156 καὶ
2323 3100 2705 3170 κεκραμένως,
2728 3099 2962 3170 ἐπείπερ
2981 3100 3129 3150 ἐστὶν
3159 3101 3216 3151 ἐν
3231 3099 3413 3170 ταυτῷ
3441 3101 3574 3164 Θεός
3599 3119 3660 3154 τε

2059 3197 2154 3249 κα)⁸
2190 3194 2498 3264 ἄνθρωπος.
2529 3192 2664 3256 Θεὸς
2718 3191 2816 3262 μὲν
2845 3191 2957 3261 γὰρ
2981 3187 3050 3263 ἦν
3094 3195 3159 3262 τῇ
3191 3191 3372 3259 φύσει,
3406 3193 3660 3264 καθόπερ

2059 3291 2123 3342 ὲκ
2152 3287 2364 3357 Πατρὺς
2395 3285 2607 3357 καρπὸς
2637 3285 2732 3338 καὶ
2758 3283 3102 3353 ἀπαύγασμα
3129 3285 3228 3352 τῆς
3253 3284 3441 3348 οὐσίας
3461 3284 3654 3339 αὐτοῦ·

2058 3382 2344 3453 ἅνθρωπος
2367 3381 2425 3434 δὲ
2469 3379 2664 3445 πάλιν,
2693 3379 2831 3432 καθὸ
2887 3379 3078 3446 γέγονε
3130 3379 3286 3450 σὰρξ.
3334 3381 3503 3434 Δαλεῖ
3544 3397 3662 3434 τοι·

2060 3473 2263 3542 γαροῦν
2287 3474 2362 3536 ὼς
2391 3471 2524 3534 Θεός
2546 3489 2604 3524 τε
2635 3469 2770 3542 ὁμοῦ
2802 3471 2895 3524 καὶ
2921 3471 3206 3541 ἄνθρωπος
3229 3491 3242 3504 ·
3265 3473 3413 3526 οὕτω
3443 3473 3552 3545 γὰρ
3584 3469 3660 3544 ἦν

2057 3566 2295 3634 τηρῆσαι
2336 3564 2518 3628 καλῶς
2539 3567 2602 3634 τῇ
2636 3563 2774 3634 μετά
2810 3565 3016 3635 σαρκὸς
3052 3566 3339 3638 οἰκονομία
3362 3567 3489 3631 τοὺς
3514 3567 3658 3638 πρέ-

2059 3675 2258 3720 ποντας
2290 3657 2501 3724 λόγους.
2535 3655 2679 3726 Πλὴν
2709 3655 2886 3708 ὲκεῖνό
2917 3673 3118 3724 φαμεν,
3155 3656 3252 3724 τὴν
3308 3656 3404 3710 τοῦ
3437 3675 3659 3728 προκει-

2063 3750 2223 3820 μένου
2267 3747 2653 3818 διερευνῶντες
2697 3747 2960 3818 δύναμιν,
3001 3749 3082 3801 ὅτι
3129 3750 3224 3802 καὶ
3262 3748 3407 3803 νῦνό
3447 3750 3657 3822 Κύριος

2059 3842 2216 3910 ἡμῶν
2246 3841 2562 3909 ἀναγκαίως
2590 3839 2688 3910 τὴν
2708 3840 2837 3910 περὶ⁵
2870 3840 2962 3892 τοῦ
2994 3839 3128 3893 Θεοῦ
3154 3841 3246 3894 καὶ
3277 3842 3493 3912 Πατρὸς
3523 3845 3655 3896 είσ-

2058 3931 2322 4001 κεκόμικε
2381 3929 2602 4000 μνήμην
2627 3971 2640 3991 ,
2673 3929 2754 3991 είς
2785 3928 3076 3999 οἰκοδομὴν
3132 3930 3235 3999 τῆς
3283 3932 3523 3994 πίστεως
3558 3933 3658 3986 καὶ

2056 4025 2136 4087 είς
2169 4024 2228 4076 τὸ
2261 4023 2466 4094 σφόδρα
2503 4021 2779 4085 λυσιτελὲς
2811 4023 2924 4084 τοῖς
2969 4023 3361 4094 ἀκροωμένοις,
3398 4025 3656 4097 καθάπερ

2055 4115 2329 4179 ἀποδείξει
2369 4113 2574 4185 προῖὼν
2607 4116 2635 4167 ὁ
2690 4115 2868 4182 λόγος.
2911 4115 3127 4186 Ἐπειδὴ
3159 4117 3268 4186 γὰρ
3305 4119 3476 4170 αίτεῖν
3503 4120 3656 4188 ἡμᾶς

2056 4208 2346 4261 ἐκέλευσεν
2393 4209 2486 4260 ἐπὶ
2523 4207 2602 4277 τῷ
2648 4207 2877 4276 ὀνόματι
2910 4207 3080 4260 αὐτοῦ
3107 4250 3121 4273 ,
3152 4209 3249 4260 καὶ
3281 4209 3373 4262 τὸν
3404 4213 3520 4274 τοῖς
3549 4211 3653 4281 ἀρα

2057 4302 2234 4372 χαίοις
2283 4301 2530 4372 ἀσυνήθη
2562 4299 2764 4370 τρόπον
2793 4299 2893 4362 τῆς
2921 4299 3232 4368 προσευχῆς
3266 4300 3400 4370 μετά
3428 4300 3537 4354 τῶν
3559 4303 3658 4356 ἀλ-

2056 4395 2164 4448 λων
2211 4394 2490 4458 ἐθέσπισε,
2523 4393 2716 4445 δώσειν
2749 4391 3332 4462 κατεπαγγειλάμενος
3362 4396 3456 4447 καὶ
3502 4395 3652 4464 μάλα

2053 4486 2350 4558 προθύμως
2394 4487 2540 4556 ἅπερ
2566 4484 2633 4538 ἂν
2665 4483 2944 4553 ἐθέλωμεν
2983 4483 3168 4536 λαϐεῖν
3189 4501 3203 4515 ο
3241 4485 3329 4538 ἵνα
3355 4486 3430 4556 μὴ
3466 4487 3654 4558 δοκοίη

2049 4580 2139 4634 διὰ
2191 4579 2398 4634 τούτων
2447 4578 2509 4630 τὸ
2552 4578 2648 4632 τοῦ
2699 4577 2837 4630 Θεοῦ
2870 4578 2965 4630 καὶ
3007 4578 3222 4648 Πατρὸς
3272 4579 3652 4650 παρωθεῖσθαι

2049 4671 2376 4742 πρόσωπον,
2427 4669 2596 4739 ἡγουν
2648 4667 3038 4739 παραιρεῖσθαι
3089 4667 3190 4738 τὴν
3245 4669 3338 4722 τοῦ
3399 4672 3657 4736 τεκόντος

2047 4764 2211 4818 αὐτὸν
2265 4762 2514 4828 ἐξουσίαν
2571 4761 2671 4830 τὴν
2729 4763 2822 4814 ἐπὶ
2867 4763 2990 4823 ταῖς
3039 4761 3148 4814 τῶν
3210 4763 3382 4829 ἁγίων
3442 4765 3656 4832 φιλοτι-

362 4841 644 4896 (τιιῑίοι-ἱιει·
666 4843 952 4898 vindicans
991 4845 1135 4914 quod
1161 4847 1210 4899 ei
1245 4847 1484 4900 maxime
1515 4849 1797 4912 convenit,
1831 4857 1943 4902 tan-

2062 4857 2235 4926 μίαις,
2272 4855 2451 4924 φημὶ,
2496 4857 2768 4926 χρήσιμον
2812 4854 2976 4907 αὐτὸν
3038 4855 3380 4926 συγχορηγὸν
3429 4857 3654 4910 ἔσεσθαι

363 4949 527 5000 quam
567 4935 620 4987 in
665 4951 899 5005 persona
936 4935 1027 4991 Dei
1065 4953 1131 4992 ac
1171 4938 1370 4992 Patris.
1423 4937 1481 4992 ιιι
1515 4940 1660 4993 enim
1695 4939 1744 4993 ei
1774 4941 1944 4996 moris

2062 4946 2146 4999 καὶ
2177 4945 2560 4999 συνεπιδὼσειν
2589 4948 2719 5015 ἡμῖν
2743 4947 2836 4998 τὸν
2860 4946 3221 5017 Παράκλητον
3261 4946 3387 5017 ἔφη,
3413 4948 3475 5001 τὸ
3506 4949 3655 5016 ἐρω-

361 5041 486 5080 esse
517 5025 630 5094 jam
663 5036 828 5082 antea
869 5044 1014 5096 saape
1057 5029 1320 5086 diximus.
1358 5030 1542 5084 Alium
1574 5047 1736 5098 porro
1770 5030 1943 5084 Para-

362 5121 564 5173 cletum
609 5120 876 5189 Spiritum
916 5131 1078 5176 vocat
1102 5123 1194 5176 Dei
1245 5137 1309 5177 ac
1346 5121 1531 5177 Patris
1571 5125 1899 5179 substantiae
1925 5164 1940 5188 ,

364 5218 480 5267 sive
497 5229 627 5266 sine.
651 5213 766 5267 Una
785 5215 934 5268 enim
967 5216 1019 5269 in
1040 5215 1308 5270 ambobus
1325 5225 1408 5269 est
1435 5217 1756 5272 substantiae
1779 5219 1943 5284 ratio,

2049 5036 2217 5102 τήσω
2246 5037 2408 5090 πάλιν
2438 5034 2628 5098 ἐπιὼν,
2651 5035 2726 5098 ὼς
2753 5035 2848 5090 ἀνθ
2859 5053 3060 5108 ρωπος,
3081 5033 3264 5098 ἰδικῶς
3289 5053 3346 5089 τε
3375 5036 3654 5100 ἀνατιθεὶς

2051 5129 2247 5201 ὅλῃ-τῇ
2281 5129 2402 5200 θεία
2441 5147 2499 5181 τε
2526 5130 2620 5182 καὶ
2666 5129 2892 5199 ἀρρήτῳ
2937 5129 3096 5197 φύσει
3127 5131 3187 5182 τὸ
3220 5130 3360 5200 αὐτῇ
3408 5129 3653 5198 μάλιστα

2052 5223 2281 5291 πρέπον,
2313 5222 2390 5282 ὡς
2416 5223 2472 5275 ὲν
2501 5221 2782 5293 προσώπῳ
2815 5221 2910 5275 τοῦ
2931 5220 3069 5274 Θεοῦ
3100 5223 3194 5274 καὶ
3217 5220 3452 5292 Πατρός.
3475 5219 3650 5274 Τοῦτο

363 5321 488 5372 qua:
519 5307 698 5370 ipsum
743 5324 851 5360 non
884 5307 1160 5366 excludit,
1192 5307 1285 5360 sed
1317 5307 1485 5360 ellicit
1530 5317 1586 5360 ut
1623 5309 1944 5364 distinctius

2062 5314 2162 5384 γὰρ
2196 5313 2314 5375 ἔθος
2348 5313 2527 5382 αύτῷ,
2555 5313 2698 5366 καθᾶ
2741 5315 2835 5365 καὶ
2865 5313 3124 5373 πολλάκις
3148 5313 3250 5383 ήδη
3286 5310 3651 5383 προλαϐόντες

358 5408 578 5453 tantum
618 5400 957 5472 intelligatur
1001 5403 1054 5454 in
1097 5417 1161 5454 eo
1202 5401 1349 5471 quod
1385 5401 1438 5455 in
1477 5402 1698 5472 propria
1729 5402 1952 5456 exsistit

2062 5407 2374 5476 εἰρήκαμεν.
2408 5405 2601 5457 Ἀλλον
2643 5422 2707 5474 γε
2754 5405 2860 5476 μὴν
2910 5404 3276 5474 Παράκλητον
3318 5403 3379 5455 τὸ
3421 5402 3648 5470 Πνεῦμα

365 5491 676 5561 itypostasi.
727 5491 838 5546 Nec
882 5493 1028 5547 enim
1076 5491 1250 5546 Filius
1283 5491 1528 5562 Spiritus
1572 5500 1694 5556 est,
1747 5495 1841 5549 sed
1891 5511 1950 5549 re

2062 5497 2209 5551 καλεῖ
2246 5497 2348 5566 τῆς
2377 5497 2472 5549 τοῦ
2526 5495 2662 5549 Θεοῦ
2721 5497 2816 5550 καὶ
2873 5495 3088 5566 Πατρὸς
3140 5494 3359 5556 οὐσίας,
3387 5493 3505 5563 ἦτοι
3543 5492 3648 5562 τῆς

364 5599 493 5637 vera
524 5592 579 5638 et
610 5587 829 5654 proprie
855 5601 979 5641 esse
1018 5594 1071 5641 et
1103 5587 1374 5643 exsistere
1417 5587 1468 5641 id
1507 5588 1653 5658 quod
1692 5595 1774 5642 est
1799 5628 1813 5651 ,
1849 5588 1954 5644 ﬁde

2062 5590 2266 5643 ἑαυτοῦ.
2295 5585 2387 5653 Εἷς
2419 5589 2525 5660 γὰρ
2565 5592 2649 5643 ἐπ’
2681 5592 2884 5662 ἀμφοῖν
2926 5591 3025 5660 τῆς
3055 5589 3241 5652 οὐσίας
3276 5588 3304 5640 ὀ
3342 5586 3518 5654 λόγος,
3544 5587 3646 5639 οὐκ

481 5766 524 5797 ⁸⁸
561 5767 734 5823 (Cor.
769 5784 893 5834 xm,
921 5768 1003 5823 12.
1085 5766 1303 5825 "Joan.
1332 5786 1443 5837 va,
1473 5768 1563 5836 25,
1597 5770 1688 5826 24.
1767 5771 1810 5802 “
1845 5770 2042 5827 Matth.
2075 5788 2148 5838 vt,
2177 5772 2317 5827 9-!5.
