  <div class='ocr_page' id='page_1' title='image "/cluster/home/n/w/nwhite01/storage/ocr_20150623/74/nnc1.0046980180/146.png"; bbox 0 0 3884 6208; ppageno 0'>
   <div class='ocr_carea' id='block_1_1' title="bbox 154 260 266 317">
    <p class='ocr_par' dir='ltr' id='par_1_1' title="bbox 154 260 266 317">
     <span class='ocr_line' id='line_1_1' title="bbox 154 260 266 317; baseline -0.018 0"><span class='ocrx_word' id='word_1_1' title='bbox 154 260 266 317; x_wconf 69' lang='grc'><strong>257</strong></span> 
     </span>
    </p>
   </div>
   <div class='ocr_carea' id='block_1_2' title="bbox 1216 264 2373 325">
    <p class='ocr_par' dir='ltr' id='par_1_2' title="bbox 1216 264 2373 325">
     <span class='ocr_line' id='line_1_2' title="bbox 1216 264 2373 325; baseline 0.005 -6"><span class='ocrx_word' id='word_1_2' title='bbox 1216 264 1281 320; x_wconf 82' lang='lat' dir='ltr'><strong>IN</strong></span> <span class='ocrx_word' id='word_1_3' title='bbox 1304 265 1591 323; x_wconf 77' lang='lat' dir='ltr'><strong>JOANNIS</strong></span> <span class='ocrx_word' id='word_1_4' title='bbox 1626 266 2072 324; x_wconf 80' lang='lat' dir='ltr'><strong>EVANGELIUM</strong></span> <span class='ocrx_word' id='word_1_5' title='bbox 2108 269 2237 325; x_wconf 80' lang='lat' dir='ltr'><strong>LIB.</strong></span> <span class='ocrx_word' id='word_1_6' title='bbox 2281 269 2373 325; x_wconf 74' lang='lat' dir='ltr'><strong>IX.</strong></span> 
     </span>
    </p>
   </div>
   <div class='ocr_carea' id='block_1_3' title="bbox 3329 278 3435 333">
    <p class='ocr_par' dir='ltr' id='par_1_3' title="bbox 3329 278 3435 333">
     <span class='ocr_line' id='line_1_3' title="bbox 3329 278 3435 333; baseline 0 -1"><span class='ocrx_word' id='word_1_7' title='bbox 3329 278 3435 333; x_wconf 71' lang='grc'><strong>258</strong></span> 
     </span>
    </p>
   </div>
   <div class='ocr_carea' id='block_1_4' title="bbox 154 378 1740 459">
    <p class='ocr_par' dir='ltr' id='par_1_4' title="bbox 154 378 1740 459">
     <span class='ocr_line' id='line_1_4' title="bbox 154 378 1740 459; baseline 0.006 -28"><span class='ocrx_word' id='word_1_8' title='bbox 154 379 265 445; x_wconf 71' lang='grc' dir='ltr'><strong>ἔξω</strong></span> <span class='ocrx_word' id='word_1_9' title='bbox 298 378 465 443; x_wconf 77' lang='grc' dir='ltr'>τιθεὶς</span> <span class='ocrx_word' id='word_1_10' title='bbox 494 379 646 444; x_wconf 78' lang='grc' dir='ltr'>αὐτὸ,</span> <span class='ocrx_word' id='word_1_11' title='bbox 669 380 760 434; x_wconf 83' lang='grc' dir='ltr'><strong>τὸν</strong></span> <span class='ocrx_word' id='word_1_12' title='bbox 786 379 844 434; x_wconf 77' lang='grc' dir='ltr'><strong>δέ</strong></span> <span class='ocrx_word' id='word_1_13' title='bbox 866 380 963 451; x_wconf 82' lang='grc' dir='ltr'>τῆς</span> <span class='ocrx_word' id='word_1_14' title='bbox 986 382 1302 454; x_wconf 81' lang='grc' dir='ltr'>ἑτερότητος</span> <span class='ocrx_word' id='word_1_15' title='bbox 1331 386 1488 453; x_wconf 77' lang='grc' dir='ltr'>λόγον</span> <span class='ocrx_word' id='word_1_16' title='bbox 1516 390 1573 441; x_wconf 87' lang='grc' dir='ltr'><strong>ἐν</strong></span> <span class='ocrx_word' id='word_1_17' title='bbox 1605 391 1740 459; x_wconf 56' lang='grc' dir='ltr'>μόνιι</span> 
     </span>
    </p>
   </div>
   <div class='ocr_carea' id='block_1_5' title="bbox 1844 378 3434 459">
    <p class='ocr_par' dir='ltr' id='par_1_5' title="bbox 1855 388 3434 459">
     <span class='ocr_line' id='line_1_5' title="bbox 1855 388 3434 459; baseline 0.003 -16"><span class='ocrx_word' id='word_1_18' title='bbox 1855 388 2152 444; x_wconf 84' lang='lat' dir='ltr'><strong>credimus.</strong></span> <span class='ocrx_word' id='word_1_19' title='bbox 2186 388 2428 459; x_wconf 76' lang='lat' dir='ltr'><strong>Spiritus</strong></span> <span class='ocrx_word' id='word_1_20' title='bbox 2455 389 2658 459; x_wconf 86' lang='lat' dir='ltr'><strong>quippe</strong></span> <span class='ocrx_word' id='word_1_21' title='bbox 2688 396 2771 444; x_wconf 88' lang='lat' dir='ltr'><strong>est</strong></span> <span class='ocrx_word' id='word_1_22' title='bbox 2811 388 2992 445; x_wconf 87' lang='lat' dir='ltr'><strong>Patris</strong></span> <span class='ocrx_word' id='word_1_23' title='bbox 3035 397 3089 446; x_wconf 91' lang='lat' dir='ltr'><strong>et</strong></span> <span class='ocrx_word' id='word_1_24' title='bbox 3134 389 3255 446; x_wconf 84' lang='lat' dir='ltr'><strong>Filii</strong></span> <span class='ocrx_word' id='word_1_25' title='bbox 3286 410 3300 457; x_wconf 92' lang='lat'><strong>;</strong></span> <span class='ocrx_word' id='word_1_26' title='bbox 3338 394 3434 449; x_wconf 75' lang='lat' dir='ltr'><strong>sed</strong></span> 
     </span>
    </p>
   </div>
   <div class='ocr_carea' id='block_1_6' title="bbox 153 468 1745 549">
    <p class='ocr_par' dir='ltr' id='par_1_6' title="bbox 153 468 1745 549">
     <span class='ocr_line' id='line_1_6' title="bbox 153 468 1745 549; baseline 0.006 -26"><span class='ocrx_word' id='word_1_27' title='bbox 153 472 394 524; x_wconf 80' lang='grc' dir='ltr'>νοεῖσθαι</span> <span class='ocrx_word' id='word_1_28' title='bbox 434 470 610 533; x_wconf 82' lang='grc' dir='ltr'>διδοὺς</span> <span class='ocrx_word' id='word_1_29' title='bbox 639 472 716 542; x_wconf 86' lang='grc' dir='ltr'>τῷ</span> <span class='ocrx_word' id='word_1_30' title='bbox 754 468 893 526; x_wconf 80' lang='grc' dir='ltr'>εἶναι</span> <span class='ocrx_word' id='word_1_31' title='bbox 932 475 1026 528; x_wconf 75' lang='grc' dir='ltr'><strong>καὶ</strong></span> <span class='ocrx_word' id='word_1_32' title='bbox 1060 476 1325 549; x_wconf 81' lang='grc' dir='ltr'><strong>ὑπάρχειν</strong></span> <span class='ocrx_word' id='word_1_33' title='bbox 1363 480 1745 545; x_wconf 85' lang='grc' dir='ltr'>ίδιοσυστάτως</span> 
     </span>
    </p>
   </div>
   <div class='ocr_carea' id='block_1_7' title="bbox 153 564 1744 638">
    <p class='ocr_par' dir='ltr' id='par_1_7' title="bbox 153 564 1744 638">
     <span class='ocr_line' id='line_1_7' title="bbox 153 564 1744 638; baseline 0.006 -22"><span class='ocrx_word' id='word_1_34' title='bbox 153 564 312 616; x_wconf 71' lang='grc' dir='ltr'>αὑτό.</span> <span class='ocrx_word' id='word_1_35' title='bbox 354 564 428 615; x_wconf 73' lang='lat' dir='ltr'><strong>Ub</strong></span> <span class='ocrx_word' id='word_1_36' title='bbox 475 565 585 633; x_wconf 83' lang='grc' dir='ltr'>γὰρ</span> <span class='ocrx_word' id='word_1_37' title='bbox 640 565 769 628; x_wconf 76' lang='grc' dir='ltr'>Υἱὸς</span> <span class='ocrx_word' id='word_1_38' title='bbox 824 567 885 619; x_wconf 83' lang='grc' dir='ltr'><strong>τὸ</strong></span> <span class='ocrx_word' id='word_1_39' title='bbox 934 566 1159 638; x_wconf 75' lang='grc' dir='ltr'>Πνεῦμά</span> <span class='ocrx_word' id='word_1_40' title='bbox 1218 572 1400 632; x_wconf 82' lang='grc' dir='ltr'>ἐστιν,</span> <span class='ocrx_word' id='word_1_41' title='bbox 1434 570 1744 636; x_wconf 78' lang='grc' dir='ltr'>ἀλλ’ὖντως</span> 
     </span>
    </p>
   </div>
   <div class='ocr_carea' id='block_1_8' title="bbox 156 653 1743 731">
    <p class='ocr_par' dir='ltr' id='par_1_8' title="bbox 156 653 1743 731">
     <span class='ocr_line' id='line_1_8' title="bbox 156 653 1743 731; baseline 0.006 -26"><span class='ocrx_word' id='word_1_42' title='bbox 156 653 303 717; x_wconf 83' lang='grc' dir='ltr'>ίδίως</span> <span class='ocrx_word' id='word_1_43' title='bbox 330 671 389 706; x_wconf 88' lang='grc' dir='ltr'><strong>τε</strong></span> <span class='ocrx_word' id='word_1_44' title='bbox 422 654 481 707; x_wconf 79' lang='grc' dir='ltr'>ὃν</span> <span class='ocrx_word' id='word_1_45' title='bbox 537 656 629 708; x_wconf 77' lang='grc' dir='ltr'><strong>καὶ</strong></span> <span class='ocrx_word' id='word_1_46' title='bbox 659 658 907 727; x_wconf 83' lang='grc' dir='ltr'>ὑπάρχον</span> <span class='ocrx_word' id='word_1_47' title='bbox 933 659 1078 712; x_wconf 86' lang='grc' dir='ltr'>τοῦθ’</span> <span class='ocrx_word' id='word_1_48' title='bbox 1113 661 1249 731; x_wconf 83' lang='grc' dir='ltr'>ὅπερ</span> <span class='ocrx_word' id='word_1_49' title='bbox 1274 662 1422 714; x_wconf 76' lang='grc' dir='ltr'>ἐστὶν</span> <span class='ocrx_word' id='word_1_50' title='bbox 1456 665 1513 715; x_wconf 88' lang='grc' dir='ltr'><strong>ἐν</strong></span> <span class='ocrx_word' id='word_1_51' title='bbox 1560 662 1743 715; x_wconf 81' lang='grc' dir='ltr'><strong>πίστει</strong></span> 
     </span>
    </p>
   </div>
   <div class='ocr_carea' id='block_1_9' title="bbox 152 748 1741 826">
    <p class='ocr_par' dir='ltr' id='par_1_9' title="bbox 152 748 1741 826">
     <span class='ocr_line' id='line_1_9' title="bbox 152 748 1741 826; baseline 0.007 -28"><span class='ocrx_word' id='word_1_52' title='bbox 152 748 596 817; x_wconf 69' lang='grc' dir='ltr'><strong>παραδεξόμεθα.</strong></span> <span class='ocrx_word' id='word_1_53' title='bbox 631 751 855 821; x_wconf 80' lang='grc' dir='ltr'>Πνεῦμα</span> <span class='ocrx_word' id='word_1_54' title='bbox 879 755 988 823; x_wconf 81' lang='grc' dir='ltr'><strong>γάρ</strong></span> <span class='ocrx_word' id='word_1_55' title='bbox 1017 755 1133 806; x_wconf 80' lang='grc' dir='ltr'>ἐστι</span> <span class='ocrx_word' id='word_1_56' title='bbox 1161 753 1255 806; x_wconf 91' lang='grc' dir='ltr'><strong>τοῦ</strong></span> <span class='ocrx_word' id='word_1_57' title='bbox 1283 756 1494 826; x_wconf 85' lang='grc' dir='ltr'>Πατρὸς</span> <span class='ocrx_word' id='word_1_58' title='bbox 1528 756 1623 808; x_wconf 80' lang='grc' dir='ltr'>καὶ</span> <span class='ocrx_word' id='word_1_59' title='bbox 1648 756 1741 809; x_wconf 86' lang='grc' dir='ltr'><strong>τοῦ</strong></span> 
     </span>
    </p>
   </div>
   <div class='ocr_carea' id='block_1_10' title="bbox 155 839 1744 919">
    <p class='ocr_par' dir='ltr' id='par_1_10' title="bbox 155 839 1744 919">
     <span class='ocr_line' id='line_1_10' title="bbox 155 839 1744 919; baseline 0.007 -27"><span class='ocrx_word' id='word_1_60' title='bbox 155 839 288 893; x_wconf 81' lang='grc' dir='ltr'>Υίοῦ</span> <span class='ocrx_word' id='word_1_61' title='bbox 310 840 491 904; x_wconf 76' lang='grc' dir='ltr'>ἐἰδὼς</span> <span class='ocrx_word' id='word_1_62' title='bbox 516 842 574 894; x_wconf 82' lang='grc' dir='ltr'>δὲ</span> <span class='ocrx_word' id='word_1_63' title='bbox 599 845 681 897; x_wconf 82' lang='grc' dir='ltr'>ὅτι</span> <span class='ocrx_word' id='word_1_64' title='bbox 710 846 800 897; x_wconf 70' lang='grc' dir='ltr'><strong>καὶ</strong></span> <span class='ocrx_word' id='word_1_65' title='bbox 827 846 987 909; x_wconf 80' lang='grc' dir='ltr'>αὐτὸς</span> <span class='ocrx_word' id='word_1_66' title='bbox 1009 847 1360 919; x_wconf 84' lang='grc' dir='ltr'>Παράκλητός</span> <span class='ocrx_word' id='word_1_67' title='bbox 1379 850 1495 902; x_wconf 89' lang='grc' dir='ltr'>ἐστί</span> <span class='ocrx_word' id='word_1_68' title='bbox 1517 867 1576 902; x_wconf 88' lang='grc' dir='ltr'><strong>τε</strong></span> <span class='ocrx_word' id='word_1_69' title='bbox 1602 850 1744 903; x_wconf 67' lang='grc' dir='ltr'>κατὰ</span> 
     </span>
    </p>
   </div>
   <div class='ocr_carea' id='block_1_11' title="bbox 152 933 1741 1013">
    <p class='ocr_par' dir='ltr' id='par_1_11' title="bbox 152 933 1741 1013">
     <span class='ocr_line' id='line_1_11' title="bbox 152 933 1741 1013; baseline 0.006 -29"><span class='ocrx_word' id='word_1_70' title='bbox 152 933 435 1005; x_wconf 70' lang='grc' dir='ltr'>ἀλήθειαν,</span> <span class='ocrx_word' id='word_1_71' title='bbox 465 936 559 988; x_wconf 77' lang='grc' dir='ltr'>καὶ</span> <span class='ocrx_word' id='word_1_72' title='bbox 602 938 659 989; x_wconf 85' lang='grc' dir='ltr'><strong>ἐν</strong></span> <span class='ocrx_word' id='word_1_73' title='bbox 696 941 809 1000; x_wconf 88' lang='grc' dir='ltr'>τοῖς</span> <span class='ocrx_word' id='word_1_74' title='bbox 859 940 1025 1009; x_wconf 84' lang='grc' dir='ltr'>ἱεροῖς</span> <span class='ocrx_word' id='word_1_75' title='bbox 1064 940 1382 1011; x_wconf 86' lang='grc' dir='ltr'>ὠνόμασται</span> <span class='ocrx_word' id='word_1_76' title='bbox 1423 942 1741 1013; x_wconf 84' lang='grc' dir='ltr'>Γράμμασι,</span> 
     </span>
    </p>
   </div>
   <div class='ocr_carea' id='block_1_12' title="bbox 154 1027 1743 1104">
    <p class='ocr_par' dir='ltr' id='par_1_12' title="bbox 154 1027 1743 1104">
     <span class='ocr_line' id='line_1_12' title="bbox 154 1027 1743 1104; baseline 0.005 -25"><span class='ocrx_word' id='word_1_77' title='bbox 154 1027 518 1099; x_wconf 86' lang='grc' dir='ltr'>Παράκλητον</span> <span class='ocrx_word' id='word_1_78' title='bbox 558 1028 719 1082; x_wconf 79' lang='grc' dir='ltr'>ἄλλον</span> <span class='ocrx_word' id='word_1_79' title='bbox 753 1030 815 1083; x_wconf 81' lang='grc' dir='ltr'>τὸ</span> <span class='ocrx_word' id='word_1_80' title='bbox 846 1030 1071 1101; x_wconf 81' lang='grc' dir='ltr'>Πνεῦμα</span> <span class='ocrx_word' id='word_1_81' title='bbox 1115 1032 1291 1095; x_wconf 88' lang='grc' dir='ltr'>καλεῖ,</span> <span class='ocrx_word' id='word_1_82' title='bbox 1326 1033 1424 1103; x_wconf 78' lang='grc' dir='ltr'>οὐχ</span> <span class='ocrx_word' id='word_1_83' title='bbox 1450 1034 1525 1098; x_wconf 84' lang='grc' dir='ltr'>ὡς</span> <span class='ocrx_word' id='word_1_84' title='bbox 1558 1034 1743 1104; x_wconf 76' lang='grc' dir='ltr'>ἕτερόν</span> 
     </span>
    </p>
   </div>
   <div class='ocr_carea' id='block_1_13' title="bbox 152 1121 1744 1196">
    <p class='ocr_par' dir='ltr' id='par_1_13' title="bbox 152 1121 1744 1196">
     <span class='ocr_line' id='line_1_13' title="bbox 152 1121 1744 1196; baseline 0.004 -24"><span class='ocrx_word' id='word_1_85' title='bbox 152 1137 205 1172; x_wconf 91' lang='grc' dir='ltr'><strong>τι</strong></span> <span class='ocrx_word' id='word_1_86' title='bbox 242 1122 405 1190; x_wconf 78' lang='grc' dir='ltr'>τυχὸν</span> <span class='ocrx_word' id='word_1_87' title='bbox 442 1121 687 1191; x_wconf 78' lang='grc' dir='ltr'><strong>ἐνεργεῖν</strong></span> <span class='ocrx_word' id='word_1_88' title='bbox 726 1124 782 1175; x_wconf 88' lang='grc' dir='ltr'><strong>ἐν</strong></span> <span class='ocrx_word' id='word_1_89' title='bbox 810 1126 921 1187; x_wconf 86' lang='grc' dir='ltr'>τοῖς</span> <span class='ocrx_word' id='word_1_90' title='bbox 956 1124 1131 1191; x_wconf 78' lang='grc' dir='ltr'><strong>ἁγίοις</strong></span> <span class='ocrx_word' id='word_1_91' title='bbox 1162 1124 1296 1188; x_wconf 84' lang='grc' dir='ltr'>είδὸς</span> <span class='ocrx_word' id='word_1_92' title='bbox 1331 1124 1525 1196; x_wconf 72' lang='grc' dir='ltr'>ἢὸπερ</span> <span class='ocrx_word' id='word_1_93' title='bbox 1558 1125 1623 1178; x_wconf 83' lang='grc' dir='ltr'><strong>ἂν</strong></span> <span class='ocrx_word' id='word_1_94' title='bbox 1650 1126 1744 1178; x_wconf 72' lang='grc' dir='ltr'><strong>καὶ</strong></span> 
     </span>
    </p>
   </div>
   <div class='ocr_carea' id='block_1_14' title="bbox 152 1205 1744 1287">
    <p class='ocr_par' dir='ltr' id='par_1_14' title="bbox 152 1205 1744 1287">
     <span class='ocr_line' id='line_1_14' title="bbox 152 1205 1744 1287; baseline 0.002 -21"><span class='ocrx_word' id='word_1_95' title='bbox 152 1212 339 1277; x_wconf 85' lang='grc' dir='ltr'>αὐτὸς,</span> <span class='ocrx_word' id='word_1_96' title='bbox 378 1205 438 1265; x_wconf 77' lang='grc' dir='ltr'>οὗ</span> <span class='ocrx_word' id='word_1_97' title='bbox 482 1215 578 1266; x_wconf 73' lang='grc' dir='ltr'>καὶ</span> <span class='ocrx_word' id='word_1_98' title='bbox 606 1213 722 1267; x_wconf 82' lang='grc' dir='ltr'>ἔστι</span> <span class='ocrx_word' id='word_1_99' title='bbox 758 1216 853 1270; x_wconf 74' lang='grc' dir='ltr'><strong>καὶ</strong></span> <span class='ocrx_word' id='word_1_100' title='bbox 884 1215 1103 1285; x_wconf 82' lang='grc' dir='ltr'>λέγεται</span> <span class='ocrx_word' id='word_1_101' title='bbox 1128 1216 1377 1287; x_wconf 81' lang='grc' dir='ltr'>Πνεῦμα.</span> <span class='ocrx_word' id='word_1_102' title='bbox 1410 1218 1532 1271; x_wconf 76' lang='grc' dir='ltr'>Ὀτι</span> <span class='ocrx_word' id='word_1_103' title='bbox 1564 1218 1621 1271; x_wconf 81' lang='grc' dir='ltr'>δὲ</span> <span class='ocrx_word' id='word_1_104' title='bbox 1651 1219 1744 1271; x_wconf 76' lang='grc' dir='ltr'><strong>καὶ</strong></span> 
     </span>
    </p>
   </div>
   <div class='ocr_carea' id='block_1_15' title="bbox 152 1305 1741 1379">
    <p class='ocr_par' dir='ltr' id='par_1_15' title="bbox 152 1305 1741 1379">
     <span class='ocr_line' id='line_1_15' title="bbox 152 1305 1741 1379; baseline 0.003 -20"><span class='ocrx_word' id='word_1_105' title='bbox 152 1305 319 1367; x_wconf 79' lang='grc' dir='ltr'>αὐτὸς</span> <span class='ocrx_word' id='word_1_106' title='bbox 363 1306 725 1377; x_wconf 87' lang='grc' dir='ltr'>Παράκλητος</span> <span class='ocrx_word' id='word_1_107' title='bbox 763 1308 1058 1379; x_wconf 81' lang='grc' dir='ltr'>ὠνομάσθη</span> <span class='ocrx_word' id='word_1_108' title='bbox 1105 1327 1165 1363; x_wconf 79' lang='grc' dir='ltr'><strong>τε</strong></span> <span class='ocrx_word' id='word_1_109' title='bbox 1201 1311 1296 1363; x_wconf 80' lang='grc' dir='ltr'><strong>καὶ</strong></span> <span class='ocrx_word' id='word_1_110' title='bbox 1344 1310 1490 1362; x_wconf 80' lang='grc' dir='ltr'>ἔστιν</span> <span class='ocrx_word' id='word_1_111' title='bbox 1524 1312 1552 1363; x_wconf 90' lang='lat'><strong>6</strong></span> <span class='ocrx_word' id='word_1_112' title='bbox 1596 1310 1741 1373; x_wconf 79' lang='grc' dir='ltr'>Υἱὸς,</span> 
     </span>
    </p>
   </div>
   <div class='ocr_carea' id='block_1_16' title="bbox 155 1399 1739 1472">
    <p class='ocr_par' dir='ltr' id='par_1_16' title="bbox 155 1399 1739 1472">
     <span class='ocr_line' id='line_1_16' title="bbox 155 1399 1739 1472; baseline 0.003 -23"><span class='ocrx_word' id='word_1_113' title='bbox 155 1400 498 1471; x_wconf 83' lang='grc' dir='ltr'>μαρτυρήσει</span> <span class='ocrx_word' id='word_1_114' title='bbox 517 1399 692 1467; x_wconf 83' lang='grc' dir='ltr'>λέγων</span> <span class='ocrx_word' id='word_1_115' title='bbox 718 1401 747 1452; x_wconf 97' lang='lat'><strong>6</strong></span> <span class='ocrx_word' id='word_1_116' title='bbox 787 1401 1072 1469; x_wconf 87' lang='grc' dir='ltr'>Ἰωάνννης</span> <span class='ocrx_word' id='word_1_117' title='bbox 1097 1404 1153 1454; x_wconf 87' lang='grc' dir='ltr'><strong>ἐν</strong></span> <span class='ocrx_word' id='word_1_118' title='bbox 1183 1400 1340 1465; x_wconf 80' lang='grc' dir='ltr'>ἰδίαις</span> <span class='ocrx_word' id='word_1_119' title='bbox 1360 1406 1701 1472; x_wconf 81' lang='grc' dir='ltr'>συγγραφαῖς</span> <span class='ocrx_word' id='word_1_120' title='bbox 1726 1418 1739 1432; x_wconf 79' lang='grc'><strong><em>⁸</em></strong></span> 
     </span>
    </p>
   </div>
   <div class='ocr_carea' id='block_1_17' title="bbox 157 1484 1775 1566">
    <p class='ocr_par' dir='ltr' id='par_1_17' title="bbox 157 1484 1775 1566">
     <span class='ocr_line' id='line_1_17' title="bbox 157 1484 1775 1566; baseline 0.005 -25"><span class='ocrx_word' id='word_1_121' title='bbox 157 1508 177 1541; x_wconf 75' lang='grc' dir='ltr'><strong>ι</strong></span> <span class='ocrx_word' id='word_1_122' title='bbox 217 1491 405 1544; x_wconf 88' lang='grc' dir='ltr'>Ταῦτα</span> <span class='ocrx_word' id='word_1_123' title='bbox 432 1490 597 1559; x_wconf 86' lang='grc' dir='ltr'>λέγω,</span> <span class='ocrx_word' id='word_1_124' title='bbox 625 1492 807 1561; x_wconf 67' lang='grc' dir='ltr'>φησιν,</span> <span class='ocrx_word' id='word_1_125' title='bbox 829 1493 959 1563; x_wconf 83' lang='grc' dir='ltr'>ὑμῖν</span> <span class='ocrx_word' id='word_1_126' title='bbox 978 1534 992 1557; x_wconf 95' lang='grc'><strong>,</strong></span> <span class='ocrx_word' id='word_1_127' title='bbox 1022 1493 1111 1546; x_wconf 81' lang='grc' dir='ltr'><strong>ἶνα</strong></span> <span class='ocrx_word' id='word_1_128' title='bbox 1138 1491 1216 1564; x_wconf 79' lang='grc' dir='ltr'>μὴ</span> <span class='ocrx_word' id='word_1_129' title='bbox 1232 1494 1744 1566; x_wconf 83' lang='grc' dir='ltr'>ἁμαρτάνητε.Ἑάν</span> <span class='ocrx_word' id='word_1_130' title='bbox 1772 1484 1775 1485; x_wconf 14' lang='grc' dir='ltr'><em>ν</em></span> 
     </span>
    </p>
   </div>
   <div class='ocr_carea' id='block_1_18' title="bbox 149 1584 1741 1661">
    <p class='ocr_par' dir='ltr' id='par_1_18' title="bbox 149 1584 1741 1661">
     <span class='ocr_line' id='line_1_18' title="bbox 149 1584 1741 1661; baseline 0.004 -24"><span class='ocrx_word' id='word_1_131' title='bbox 149 1602 235 1647; x_wconf 80' lang='grc' dir='ltr'><strong>τις</strong></span> <span class='ocrx_word' id='word_1_132' title='bbox 264 1584 319 1636; x_wconf 81' lang='grc' dir='ltr'>δὲ</span> <span class='ocrx_word' id='word_1_133' title='bbox 348 1586 589 1657; x_wconf 84' lang='grc' dir='ltr'>ἁμάρτῃ,</span> <span class='ocrx_word' id='word_1_134' title='bbox 614 1586 963 1657; x_wconf 75' lang='grc' dir='ltr'>παράκλητον</span> <span class='ocrx_word' id='word_1_135' title='bbox 994 1586 1188 1657; x_wconf 74' lang='grc' dir='ltr'>ἔχομεν</span> <span class='ocrx_word' id='word_1_136' title='bbox 1218 1587 1351 1658; x_wconf 81' lang='grc' dir='ltr'>πρὸς</span> <span class='ocrx_word' id='word_1_137' title='bbox 1381 1589 1471 1640; x_wconf 80' lang='grc' dir='ltr'><strong>τὸν</strong></span> <span class='ocrx_word' id='word_1_138' title='bbox 1504 1589 1741 1661; x_wconf 86' lang='grc' dir='ltr'>Πατέρα,</span> 
     </span>
    </p>
   </div>
   <div class='ocr_carea' id='block_1_19' title="bbox 164 1676 1742 1749">
    <p class='ocr_par' dir='ltr' id='par_1_19' title="bbox 164 1676 1742 1749">
     <span class='ocr_line' id='line_1_19' title="bbox 164 1676 1742 1749; baseline 0.004 -20"><span class='ocrx_word' id='word_1_139' title='bbox 164 1676 377 1746; x_wconf 78' lang='grc' dir='ltr'>Ἰησοῦν</span> <span class='ocrx_word' id='word_1_140' title='bbox 429 1678 663 1748; x_wconf 82' lang='grc' dir='ltr'>Χριστὸν</span> <span class='ocrx_word' id='word_1_141' title='bbox 709 1679 959 1744; x_wconf 86' lang='grc' dir='ltr'>δίκαιον,</span> <span class='ocrx_word' id='word_1_142' title='bbox 1003 1680 1098 1731; x_wconf 84' lang='lat' dir='ltr'><strong>xai.</strong></span> <span class='ocrx_word' id='word_1_143' title='bbox 1148 1680 1312 1743; x_wconf 75' lang='grc' dir='ltr'>αὐτὸς</span> <span class='ocrx_word' id='word_1_144' title='bbox 1350 1680 1577 1749; x_wconf 79' lang='grc' dir='ltr'>ἱλασμός</span> <span class='ocrx_word' id='word_1_145' title='bbox 1626 1683 1742 1735; x_wconf 82' lang='grc' dir='ltr'>ἐστι</span> 
     </span>
    </p>
   </div>
   <div class='ocr_carea' id='block_1_20' title="bbox 150 1766 1753 1845">
    <p class='ocr_par' dir='ltr' id='par_1_20' title="bbox 150 1766 1753 1845">
     <span class='ocr_line' id='line_1_20' title="bbox 150 1766 1753 1845; baseline 0.006 -27"><span class='ocrx_word' id='word_1_146' title='bbox 150 1767 284 1836; x_wconf 80' lang='grc' dir='ltr'>περὶ</span> <span class='ocrx_word' id='word_1_147' title='bbox 311 1766 420 1819; x_wconf 87' lang='grc' dir='ltr'><strong>τῶν</strong></span> <span class='ocrx_word' id='word_1_148' title='bbox 443 1767 726 1837; x_wconf 84' lang='grc' dir='ltr'>ἁμαρτιῶν</span> <span class='ocrx_word' id='word_1_149' title='bbox 750 1768 927 1839; x_wconf 84' lang='grc' dir='ltr'>ἡμῶν.</span> <span class='ocrx_word' id='word_1_150' title='bbox 945 1788 963 1819; x_wconf 79' lang='grc' dir='ltr'><strong>ι</strong></span> <span class='ocrx_word' id='word_1_151' title='bbox 1006 1769 1200 1823; x_wconf 82' lang='grc' dir='ltr'>Ἀλλον</span> <span class='ocrx_word' id='word_1_152' title='bbox 1230 1771 1409 1823; x_wconf 77' lang='grc' dir='ltr'>τοίνυν</span> <span class='ocrx_word' id='word_1_153' title='bbox 1461 1772 1753 1845; x_wconf 80' lang='grc' dir='ltr'>Παράκλη-</span> 
     </span>
    </p>
   </div>
   <div class='ocr_carea' id='block_1_21' title="bbox 146 1858 1740 1931">
    <p class='ocr_par' dir='ltr' id='par_1_21' title="bbox 146 1858 1740 1931">
     <span class='ocr_line' id='line_1_21' title="bbox 146 1858 1740 1931; baseline 0.004 -20"><span class='ocrx_word' id='word_1_154' title='bbox 146 1876 243 1912; x_wconf 87' lang='grc' dir='ltr'><strong>τον</strong></span> <span class='ocrx_word' id='word_1_155' title='bbox 275 1859 335 1911; x_wconf 83' lang='grc' dir='ltr'><strong>τὸ</strong></span> <span class='ocrx_word' id='word_1_156' title='bbox 367 1858 590 1928; x_wconf 81' lang='grc' dir='ltr'>Πνεῦμα</span> <span class='ocrx_word' id='word_1_157' title='bbox 622 1859 797 1923; x_wconf 87' lang='grc' dir='ltr'>καλεῖ,</span> <span class='ocrx_word' id='word_1_158' title='bbox 829 1862 887 1913; x_wconf 81' lang='grc' dir='ltr'><strong>ἐν</strong></span> <span class='ocrx_word' id='word_1_159' title='bbox 922 1861 1079 1925; x_wconf 79' lang='grc' dir='ltr'>ἰδίαις</span> <span class='ocrx_word' id='word_1_160' title='bbox 1113 1861 1212 1931; x_wconf 83' lang='grc' dir='ltr'><strong>μὲν</strong></span> <span class='ocrx_word' id='word_1_161' title='bbox 1246 1863 1579 1917; x_wconf 84' lang='grc' dir='ltr'>ὑποστάσεσι</span> <span class='ocrx_word' id='word_1_162' title='bbox 1604 1867 1740 1917; x_wconf 81' lang='grc' dir='ltr'>νοεῖ-</span> 
     </span>
    </p>
   </div>
   <div class='ocr_carea' id='block_1_22' title="bbox 148 1950 1741 2027">
    <p class='ocr_par' dir='ltr' id='par_1_22' title="bbox 148 1950 1741 2027">
     <span class='ocr_line' id='line_1_22' title="bbox 148 1950 1741 2027; baseline 0.006 -26"><span class='ocrx_word' id='word_1_163' title='bbox 148 1950 280 2002; x_wconf 86' lang='grc' dir='ltr'>σθαι</span> <span class='ocrx_word' id='word_1_164' title='bbox 298 1950 466 2003; x_wconf 84' lang='grc' dir='ltr'>θέλων</span> <span class='ocrx_word' id='word_1_165' title='bbox 492 1952 646 2014; x_wconf 83' lang='grc' dir='ltr'>αὐτὸ,</span> <span class='ocrx_word' id='word_1_166' title='bbox 664 1952 932 2023; x_wconf 82' lang='grc' dir='ltr'>τοσαύτην</span> <span class='ocrx_word' id='word_1_167' title='bbox 947 1970 1009 2021; x_wconf 85' lang='grc' dir='ltr'><strong>γε</strong></span> <span class='ocrx_word' id='word_1_168' title='bbox 1034 1955 1141 2024; x_wconf 81' lang='grc' dir='ltr'>μὴν</span> <span class='ocrx_word' id='word_1_169' title='bbox 1170 1953 1292 2023; x_wconf 85' lang='grc' dir='ltr'>ἐχον</span> <span class='ocrx_word' id='word_1_170' title='bbox 1315 1954 1414 2026; x_wconf 82' lang='grc' dir='ltr'>τὴν</span> <span class='ocrx_word' id='word_1_171' title='bbox 1439 1957 1741 2027; x_wconf 66' lang='grc' dir='ltr'>ἐμφέρειαν</span> 
     </span>
    </p>
   </div>
   <div class='ocr_carea' id='block_1_23' title="bbox 146 2042 1741 2120">
    <p class='ocr_par' dir='ltr' id='par_1_23' title="bbox 146 2042 1741 2120">
     <span class='ocr_line' id='line_1_23' title="bbox 146 2042 1741 2120; baseline 0.006 -26"><span class='ocrx_word' id='word_1_172' title='bbox 146 2043 227 2106; x_wconf 81' lang='grc' dir='ltr'>ὡς</span> <span class='ocrx_word' id='word_1_173' title='bbox 275 2042 409 2113; x_wconf 83' lang='grc' dir='ltr'>πρὸς</span> <span class='ocrx_word' id='word_1_174' title='bbox 444 2044 629 2108; x_wconf 78' lang='grc' dir='ltr'>αὐτὸν,</span> <span class='ocrx_word' id='word_1_175' title='bbox 671 2046 767 2097; x_wconf 81' lang='grc' dir='ltr'><strong>καὶ</strong></span> <span class='ocrx_word' id='word_1_176' title='bbox 806 2046 1243 2116; x_wconf 83' lang='grc' dir='ltr'>ἀπαραλλάκτως</span> <span class='ocrx_word' id='word_1_177' title='bbox 1283 2046 1457 2112; x_wconf 81' lang='grc' dir='ltr'>οὕτως</span> <span class='ocrx_word' id='word_1_178' title='bbox 1496 2050 1741 2120; x_wconf 80' lang='grc' dir='ltr'>ἐνεργεῖν</span> 
     </span>
    </p>
   </div>
   <div class='ocr_carea' id='block_1_24' title="bbox 130 2124 1739 2211">
    <p class='ocr_par' dir='ltr' id='par_1_24' title="bbox 130 2124 1739 2211">
     <span class='ocr_line' id='line_1_24' title="bbox 130 2124 1739 2211; baseline 0.005 -25"><span class='ocrx_word' id='word_1_179' title='bbox 130 2124 337 2204; x_wconf 67' lang='grc' dir='ltr'>’ἰσχύον</span> <span class='ocrx_word' id='word_1_180' title='bbox 362 2136 502 2208; x_wconf 77' lang='grc' dir='ltr'>ἅπερ</span> <span class='ocrx_word' id='word_1_181' title='bbox 528 2137 595 2190; x_wconf 86' lang='grc' dir='ltr'>ἂν</span> <span class='ocrx_word' id='word_1_182' title='bbox 637 2139 728 2190; x_wconf 74' lang='grc' dir='ltr'><strong>καὶ</strong></span> <span class='ocrx_word' id='word_1_183' title='bbox 766 2138 927 2201; x_wconf 80' lang='grc' dir='ltr'>αὐτὸς</span> <span class='ocrx_word' id='word_1_184' title='bbox 966 2139 1213 2209; x_wconf 81' lang='grc' dir='ltr'>ἐνεργοίη</span> <span class='ocrx_word' id='word_1_185' title='bbox 1252 2142 1432 2211; x_wconf 67' lang='grc' dir='ltr'>τυχὸν,</span> <span class='ocrx_word' id='word_1_186' title='bbox 1459 2141 1534 2203; x_wconf 85' lang='grc' dir='ltr'>ὡς</span> <span class='ocrx_word' id='word_1_187' title='bbox 1578 2141 1739 2194; x_wconf 75' lang='grc' dir='ltr'>αὑτὸν</span> 
     </span>
    </p>
   </div>
   <div class='ocr_carea' id='block_1_25' title="bbox 146 2218 1739 2304">
    <p class='ocr_par' dir='ltr' id='par_1_25' title="bbox 146 2218 1739 2304">
     <span class='ocr_line' id='line_1_25' title="bbox 146 2218 1739 2304; baseline 0.004 -25"><span class='ocrx_word' id='word_1_188' title='bbox 146 2223 293 2280; x_wconf 82' lang='grc' dir='ltr'>εἶναι</span> <span class='ocrx_word' id='word_1_189' title='bbox 321 2228 497 2282; x_wconf 82' lang='grc' dir='ltr'>δοκεῖν</span> <span class='ocrx_word' id='word_1_190' title='bbox 525 2230 619 2283; x_wconf 83' lang='grc' dir='ltr'><strong>τὸν</strong></span> <span class='ocrx_word' id='word_1_191' title='bbox 653 2231 802 2294; x_wconf 84' lang='grc' dir='ltr'>Υίὺν,</span> <span class='ocrx_word' id='word_1_192' title='bbox 830 2233 923 2284; x_wconf 77' lang='grc' dir='ltr'><strong>καὶ</strong></span> <span class='ocrx_word' id='word_1_193' title='bbox 952 2231 1137 2302; x_wconf 75' lang='grc' dir='ltr'>ἕτερον</span> <span class='ocrx_word' id='word_1_194' title='bbox 1168 2232 1341 2285; x_wconf 73' lang='grc' dir='ltr'>οὐδέν.</span> <span class='ocrx_word' id='word_1_195' title='bbox 1378 2218 1601 2303; x_wconf 82' lang='grc' dir='ltr'>Πνεῦμα</span> <span class='ocrx_word' id='word_1_196' title='bbox 1631 2232 1739 2304; x_wconf 88' lang='grc' dir='ltr'><strong>γάρ</strong></span> 
     </span>
    </p>
   </div>
   <div class='ocr_carea' id='block_1_26' title="bbox 144 2323 1741 2396">
    <p class='ocr_par' dir='ltr' id='par_1_26' title="bbox 144 2323 1741 2396">
     <span class='ocr_line' id='line_1_26' title="bbox 144 2323 1741 2396; baseline 0.003 -22"><span class='ocrx_word' id='word_1_197' title='bbox 144 2324 300 2377; x_wconf 79' lang='grc' dir='ltr'>ἐστιν</span> <span class='ocrx_word' id='word_1_198' title='bbox 331 2323 518 2377; x_wconf 84' lang='grc' dir='ltr'>αὑτοῦ.</span> <span class='ocrx_word' id='word_1_199' title='bbox 562 2325 670 2377; x_wconf 77' lang='grc' dir='ltr'>Καὶ</span> <span class='ocrx_word' id='word_1_200' title='bbox 721 2324 853 2394; x_wconf 90' lang='grc' dir='ltr'>γοῦν</span> <span class='ocrx_word' id='word_1_201' title='bbox 900 2326 1003 2395; x_wconf 79' lang='grc' dir='ltr'>τῆς</span> <span class='ocrx_word' id='word_1_202' title='bbox 1041 2326 1296 2396; x_wconf 87' lang='grc' dir='ltr'>ἀληθείας</span> <span class='ocrx_word' id='word_1_203' title='bbox 1328 2326 1457 2379; x_wconf 76' lang='grc' dir='ltr'>αὐτὸ</span> <span class='ocrx_word' id='word_1_204' title='bbox 1501 2329 1741 2379; x_wconf 83' lang='grc' dir='ltr'>κατωνό-</span> 
     </span>
    </p>
   </div>
   <div class='ocr_carea' id='block_1_27' title="bbox 147 2413 1739 2487">
    <p class='ocr_par' dir='ltr' id='par_1_27' title="bbox 147 2413 1739 2487">
     <span class='ocr_line' id='line_1_27' title="bbox 147 2413 1739 2487; baseline 0.002 -20"><span class='ocrx_word' id='word_1_205' title='bbox 147 2430 297 2482; x_wconf 89' lang='grc' dir='ltr'>μασε</span> <span class='ocrx_word' id='word_1_206' title='bbox 330 2413 555 2481; x_wconf 86' lang='grc' dir='ltr'>Πνεῦμα</span> <span class='ocrx_word' id='word_1_207' title='bbox 577 2417 672 2467; x_wconf 81' lang='grc' dir='ltr'><strong>καὶ</strong></span> <span class='ocrx_word' id='word_1_208' title='bbox 701 2416 788 2469; x_wconf 81' lang='grc' dir='ltr'><strong>διὰ</strong></span> <span class='ocrx_word' id='word_1_209' title='bbox 808 2416 918 2469; x_wconf 87' lang='grc' dir='ltr'><strong>τῶν</strong></span> <span class='ocrx_word' id='word_1_210' title='bbox 954 2420 1332 2487; x_wconf 79' lang='grc' dir='ltr'>προκειμένων</span> <span class='ocrx_word' id='word_1_211' title='bbox 1371 2418 1561 2471; x_wconf 82' lang='grc' dir='ltr'>ἑαυτὸν</span> <span class='ocrx_word' id='word_1_212' title='bbox 1600 2415 1739 2471; x_wconf 79' lang='grc' dir='ltr'>εἶναι</span> 
     </span>
    </p>
   </div>
   <div class='ocr_carea' id='block_1_28' title="bbox 139 2505 1741 2578">
    <p class='ocr_par' dir='ltr' id='par_1_28' title="bbox 139 2505 1741 2578">
     <span class='ocr_line' id='line_1_28' title="bbox 139 2505 1741 2578; baseline 0.004 -20"><span class='ocrx_word' id='word_1_213' title='bbox 139 2505 248 2576; x_wconf 77' lang='grc' dir='ltr'><strong>τὴν</strong></span> <span class='ocrx_word' id='word_1_214' title='bbox 288 2505 539 2575; x_wconf 79' lang='grc' dir='ltr'>ἀλήθειαν</span> <span class='ocrx_word' id='word_1_215' title='bbox 560 2506 754 2574; x_wconf 81' lang='grc' dir='ltr'>λέγων.</span> <span class='ocrx_word' id='word_1_216' title='bbox 794 2508 935 2561; x_wconf 76' lang='grc' dir='ltr'>Ἀλλ’</span> <span class='ocrx_word' id='word_1_217' title='bbox 957 2511 1073 2578; x_wconf 83' lang='grc' dir='ltr'>ἐρεῖ</span> <span class='ocrx_word' id='word_1_218' title='bbox 1094 2528 1175 2573; x_wconf 89' lang='grc' dir='ltr'><strong>τις</strong></span> <span class='ocrx_word' id='word_1_219' title='bbox 1199 2511 1423 2574; x_wconf 83' lang='grc' dir='ltr'>εἰκότως</span> <span class='ocrx_word' id='word_1_220' title='bbox 1444 2513 1554 2573; x_wconf 88' lang='grc' dir='ltr'>τοῖς</span> <span class='ocrx_word' id='word_1_221' title='bbox 1585 2511 1741 2564; x_wconf 84' lang='grc' dir='ltr'>ἁλλό-</span> 
     </span>
    </p>
   </div>
   <div class='ocr_carea' id='block_1_29' title="bbox 139 2594 1739 2673">
    <p class='ocr_par' dir='ltr' id='par_1_29' title="bbox 139 2594 1739 2673">
     <span class='ocr_line' id='line_1_29' title="bbox 139 2594 1739 2673; baseline 0.004 -24"><span class='ocrx_word' id='word_1_222' title='bbox 139 2614 302 2667; x_wconf 83' lang='grc' dir='ltr'>τριον</span> <span class='ocrx_word' id='word_1_223' title='bbox 334 2594 475 2650; x_wconf 88' lang='grc' dir='ltr'>εἶναι</span> <span class='ocrx_word' id='word_1_224' title='bbox 502 2600 786 2669; x_wconf 77' lang='grc' dir='ltr'>νομίζουσι</span> <span class='ocrx_word' id='word_1_225' title='bbox 815 2600 906 2654; x_wconf 81' lang='grc' dir='ltr'><strong>τὸν</strong></span> <span class='ocrx_word' id='word_1_226' title='bbox 936 2601 1061 2654; x_wconf 81' lang='grc' dir='ltr'>Υίὸν</span> <span class='ocrx_word' id='word_1_227' title='bbox 1093 2602 1194 2673; x_wconf 80' lang='grc' dir='ltr'>τῆς</span> <span class='ocrx_word' id='word_1_228' title='bbox 1223 2602 1320 2655; x_wconf 89' lang='grc' dir='ltr'><strong>τοῦ</strong></span> <span class='ocrx_word' id='word_1_229' title='bbox 1348 2602 1484 2655; x_wconf 87' lang='grc' dir='ltr'>Θεοῦ</span> <span class='ocrx_word' id='word_1_230' title='bbox 1505 2605 1599 2656; x_wconf 74' lang='grc' dir='ltr'><strong>καὶ</strong></span> <span class='ocrx_word' id='word_1_231' title='bbox 1629 2604 1739 2655; x_wconf 78' lang='grc' dir='ltr'>Πα-</span> 
     </span>
    </p>
   </div>
   <div class='ocr_carea' id='block_1_30' title="bbox 142 2690 1738 2764">
    <p class='ocr_par' dir='ltr' id='par_1_30' title="bbox 142 2690 1738 2764">
     <span class='ocr_line' id='line_1_30' title="bbox 142 2690 1738 2764; baseline 0.003 -23"><span class='ocrx_word' id='word_1_232' title='bbox 142 2690 281 2761; x_wconf 81' lang='grc' dir='ltr'>τρὸς</span> <span class='ocrx_word' id='word_1_233' title='bbox 322 2691 544 2754; x_wconf 75' lang='grc' dir='ltr'>οὐσίας·</span> <span class='ocrx_word' id='word_1_234' title='bbox 580 2693 690 2745; x_wconf 80' lang='grc' dir='ltr'><strong>Καὶ</strong></span> <span class='ocrx_word' id='word_1_235' title='bbox 737 2692 876 2755; x_wconf 83' lang='grc' dir='ltr'>πῶς,</span> <span class='ocrx_word' id='word_1_236' title='bbox 916 2693 1037 2745; x_wconf 82' lang='grc' dir='ltr'>εἰπέ</span> <span class='ocrx_word' id='word_1_237' title='bbox 1085 2711 1215 2763; x_wconf 89' lang='grc' dir='ltr'>μοι,</span> <span class='ocrx_word' id='word_1_238' title='bbox 1242 2694 1303 2746; x_wconf 81' lang='grc' dir='ltr'>τὸ</span> <span class='ocrx_word' id='word_1_239' title='bbox 1335 2695 1433 2764; x_wconf 83' lang='grc' dir='ltr'><strong>τῆς</strong></span> <span class='ocrx_word' id='word_1_240' title='bbox 1480 2693 1738 2763; x_wconf 79' lang='grc' dir='ltr'>ἀληθείας</span> 
     </span>
    </p>
   </div>
   <div class='ocr_carea' id='block_1_31' title="bbox 142 2782 1737 2859">
    <p class='ocr_par' dir='ltr' id='par_1_31' title="bbox 142 2782 1737 2859">
     <span class='ocr_line' id='line_1_31' title="bbox 142 2782 1737 2859; baseline 0.004 -24"><span class='ocrx_word' id='word_1_241' title='bbox 142 2782 377 2853; x_wconf 85' lang='grc' dir='ltr'>Πνεῦμα</span> <span class='ocrx_word' id='word_1_242' title='bbox 402 2824 416 2846; x_wconf 93' lang='grc'><strong>,</strong></span> <span class='ocrx_word' id='word_1_243' title='bbox 449 2783 593 2837; x_wconf 82' lang='grc' dir='ltr'>τοῦτ’</span> <span class='ocrx_word' id='word_1_244' title='bbox 630 2785 745 2837; x_wconf 75' lang='grc' dir='ltr'>ἐστι</span> <span class='ocrx_word' id='word_1_245' title='bbox 782 2786 845 2837; x_wconf 82' lang='grc' dir='ltr'>τὸ</span> <span class='ocrx_word' id='word_1_246' title='bbox 878 2785 976 2839; x_wconf 82' lang='grc' dir='ltr'><strong>τοῦ</strong></span> <span class='ocrx_word' id='word_1_247' title='bbox 1022 2786 1173 2848; x_wconf 84' lang='grc' dir='ltr'>Υἱοῦ,</span> <span class='ocrx_word' id='word_1_248' title='bbox 1212 2786 1428 2841; x_wconf 82' lang='grc' dir='ltr'>δίδωσιν</span> <span class='ocrx_word' id='word_1_249' title='bbox 1467 2788 1495 2839; x_wconf 93' lang='lat'><strong>6</strong></span> <span class='ocrx_word' id='word_1_250' title='bbox 1527 2788 1737 2859; x_wconf 82' lang='grc' dir='ltr'>Πατὴρ,</span> 
     </span>
    </p>
   </div>
   <div class='ocr_carea' id='block_1_32' title="bbox 139 2875 1737 2951">
    <p class='ocr_par' dir='ltr' id='par_1_32' title="bbox 139 2875 1737 2951">
     <span class='ocr_line' id='line_1_32' title="bbox 139 2875 1737 2951; baseline 0.004 -24"><span class='ocrx_word' id='word_1_251' title='bbox 139 2876 247 2945; x_wconf 78' lang='grc' dir='ltr'><strong>οὐχ</strong></span> <span class='ocrx_word' id='word_1_252' title='bbox 296 2875 373 2937; x_wconf 85' lang='grc' dir='ltr'>ὠς</span> <span class='ocrx_word' id='word_1_253' title='bbox 432 2876 645 2947; x_wconf 82' lang='grc' dir='ltr'>ξένονῆ</span> <span class='ocrx_word' id='word_1_254' title='bbox 688 2878 988 2949; x_wconf 85' lang='grc' dir='ltr'>ἀλλότριον,</span> <span class='ocrx_word' id='word_1_255' title='bbox 1020 2879 1135 2932; x_wconf 78' lang='grc' dir='ltr'>ἀλλ’</span> <span class='ocrx_word' id='word_1_256' title='bbox 1174 2880 1250 2941; x_wconf 83' lang='grc' dir='ltr'><strong>ὡς</strong></span> <span class='ocrx_word' id='word_1_257' title='bbox 1309 2880 1437 2932; x_wconf 83' lang='grc' dir='ltr'>ἴδιον</span> <span class='ocrx_word' id='word_1_258' title='bbox 1490 2882 1737 2951; x_wconf 85' lang='grc' dir='ltr'>Πνεῦμα,</span> 
     </span>
    </p>
   </div>
   <div class='ocr_carea' id='block_1_33' title="bbox 140 2968 1740 3042">
    <p class='ocr_par' dir='ltr' id='par_1_33' title="bbox 140 2968 1740 3042">
     <span class='ocr_line' id='line_1_33' title="bbox 140 2968 1740 3042; baseline 0.005 -22"><span class='ocrx_word' id='word_1_259' title='bbox 140 2968 329 3021; x_wconf 83' lang='grc' dir='ltr'>καίτοι</span> <span class='ocrx_word' id='word_1_260' title='bbox 363 2968 483 3020; x_wconf 84' lang='grc' dir='ltr'>καθ’</span> <span class='ocrx_word' id='word_1_261' title='bbox 530 2970 678 3039; x_wconf 77' lang='grc' dir='ltr'>ἡμᾶς</span> <span class='ocrx_word' id='word_1_262' title='bbox 721 2970 1077 3041; x_wconf 84' lang='grc' dir='ltr'>διωρισμένον</span> <span class='ocrx_word' id='word_1_263' title='bbox 1123 2970 1262 3041; x_wconf 78' lang='grc' dir='ltr'>ἔχων</span> <span class='ocrx_word' id='word_1_264' title='bbox 1288 2973 1389 3042; x_wconf 83' lang='grc' dir='ltr'>τῆς</span> <span class='ocrx_word' id='word_1_265' title='bbox 1430 2974 1619 3037; x_wconf 81' lang='grc' dir='ltr'>οὐσίας</span> <span class='ocrx_word' id='word_1_266' title='bbox 1649 2976 1740 3028; x_wconf 82' lang='grc' dir='ltr'><strong>τὸν</strong></span> 
     </span>
    </p>
   </div>
   <div class='ocr_carea' id='block_1_34' title="bbox 139 3058 1811 3160">
    <p class='ocr_par' dir='ltr' id='par_1_34' title="bbox 139 3058 1811 3160">
     <span class='ocr_line' id='line_1_34' title="bbox 139 3058 1811 3160; baseline 0.004 -44"><span class='ocrx_word' id='word_1_267' title='bbox 139 3062 324 3130; x_wconf 83' lang='grc' dir='ltr'>Λόγον</span> <span class='ocrx_word' id='word_1_268' title='bbox 354 3062 488 3133; x_wconf 77' lang='grc' dir='ltr'>πρὸς</span> <span class='ocrx_word' id='word_1_269' title='bbox 520 3062 612 3115; x_wconf 78' lang='grc' dir='ltr'><strong>τὸν</strong></span> <span class='ocrx_word' id='word_1_270' title='bbox 649 3058 807 3126; x_wconf 79' lang='grc' dir='ltr'>Υίδν,</span> <span class='ocrx_word' id='word_1_271' title='bbox 840 3065 935 3116; x_wconf 76' lang='grc' dir='ltr'>καὶ</span> <span class='ocrx_word' id='word_1_272' title='bbox 969 3063 1101 3117; x_wconf 86' lang='grc' dir='ltr'>Υἱοῦ</span> <span class='ocrx_word' id='word_1_273' title='bbox 1124 3065 1183 3117; x_wconf 82' lang='grc' dir='ltr'><strong>τὸ</strong></span> <span class='ocrx_word' id='word_1_274' title='bbox 1218 3065 1444 3135; x_wconf 88' lang='grc' dir='ltr'>Πνεῦμά</span> <span class='ocrx_word' id='word_1_275' title='bbox 1479 3069 1738 3133; x_wconf 82' lang='grc' dir='ltr'>ἐστιν;οὐ</span> <span class='ocrx_word' id='word_1_276' title='bbox 1768 3105 1811 3160; x_wconf 76' lang='lat' dir='ltr'><strong><em>C</em></strong></span> 
     </span>
    </p>
   </div>
   <div class='ocr_carea' id='block_1_35' title="bbox 139 3153 1741 3231">
    <p class='ocr_par' dir='ltr' id='par_1_35' title="bbox 139 3153 1741 3231">
     <span class='ocr_line' id='line_1_35' title="bbox 139 3153 1741 3231; baseline 0.003 -24"><span class='ocrx_word' id='word_1_277' title='bbox 139 3155 261 3226; x_wconf 81' lang='grc' dir='ltr'>γὰρ</span> <span class='ocrx_word' id='word_1_278' title='bbox 311 3156 394 3209; x_wconf 86' lang='grc' dir='ltr'><strong>ὅτι</strong></span> <span class='ocrx_word' id='word_1_279' title='bbox 442 3156 765 3225; x_wconf 82' lang='grc' dir='ltr'>ἀμφίλογον.</span> <span class='ocrx_word' id='word_1_280' title='bbox 818 3156 940 3219; x_wconf 87' lang='grc' dir='ltr'><strong>Πῶς</strong></span> <span class='ocrx_word' id='word_1_281' title='bbox 967 3157 1023 3210; x_wconf 88' lang='grc' dir='ltr'>δὲ</span> <span class='ocrx_word' id='word_1_282' title='bbox 1057 3153 1122 3210; x_wconf 77' lang='grc' dir='ltr'>αὖ</span> <span class='ocrx_word' id='word_1_283' title='bbox 1170 3157 1356 3223; x_wconf 83' lang='grc' dir='ltr'>πάλιν,</span> <span class='ocrx_word' id='word_1_284' title='bbox 1403 3160 1561 3231; x_wconf 79' lang='grc' dir='ltr'>εἴπερ</span> <span class='ocrx_word' id='word_1_285' title='bbox 1595 3162 1741 3213; x_wconf 76' lang='grc' dir='ltr'>ἐστὶν</span> 
     </span>
    </p>
   </div>
   <div class='ocr_carea' id='block_1_36' title="bbox 140 3246 1742 3318">
    <p class='ocr_par' dir='ltr' id='par_1_36' title="bbox 140 3246 1742 3318">
     <span class='ocr_line' id='line_1_36' title="bbox 140 3246 1742 3318; baseline 0.001 -19"><span class='ocrx_word' id='word_1_286' title='bbox 140 3246 491 3317; x_wconf 80' lang='grc' dir='ltr'>ἐτεροούσιος</span> <span class='ocrx_word' id='word_1_287' title='bbox 510 3249 535 3298; x_wconf 92' lang='lat'><strong>6</strong></span> <span class='ocrx_word' id='word_1_288' title='bbox 560 3247 709 3311; x_wconf 76' lang='grc' dir='ltr'>Υἱὸς,</span> <span class='ocrx_word' id='word_1_289' title='bbox 728 3248 789 3299; x_wconf 83' lang='grc' dir='ltr'>τὸ</span> <span class='ocrx_word' id='word_1_290' title='bbox 818 3248 912 3299; x_wconf 87' lang='grc' dir='ltr'><strong>τοῦ</strong></span> <span class='ocrx_word' id='word_1_291' title='bbox 936 3248 1148 3318; x_wconf 75' lang='grc' dir='ltr'>Πατρός</span> <span class='ocrx_word' id='word_1_292' title='bbox 1184 3248 1405 3317; x_wconf 88' lang='grc' dir='ltr'>Πνεῦμα</span> <span class='ocrx_word' id='word_1_293' title='bbox 1425 3249 1637 3303; x_wconf 84' lang='grc' dir='ltr'>δίδωσιν</span> <span class='ocrx_word' id='word_1_294' title='bbox 1666 3250 1742 3314; x_wconf 82' lang='grc' dir='ltr'>ὡς</span> 
     </span>
    </p>
   </div>
   <div class='ocr_carea' id='block_1_37' title="bbox 139 3336 1740 3412">
    <p class='ocr_par' dir='ltr' id='par_1_37' title="bbox 139 3336 1740 3412">
     <span class='ocr_line' id='line_1_37' title="bbox 139 3336 1740 3412; baseline 0.002 -22"><span class='ocrx_word' id='word_1_295' title='bbox 139 3336 377 3399; x_wconf 85' lang='grc' dir='ltr'>ἐαυτοῦ;</span> <span class='ocrx_word' id='word_1_296' title='bbox 398 3337 711 3407; x_wconf 79' lang='grc' dir='ltr'>Γέγραπται</span> <span class='ocrx_word' id='word_1_297' title='bbox 741 3338 849 3408; x_wconf 81' lang='grc' dir='ltr'>γὰρ</span> <span class='ocrx_word' id='word_1_298' title='bbox 868 3339 950 3391; x_wconf 85' lang='grc' dir='ltr'><strong>ὅτι</strong></span> <span class='ocrx_word' id='word_1_299' title='bbox 979 3338 1283 3409; x_wconf 76' lang='grc' dir='ltr'>ἐνεφύσησε</span> <span class='ocrx_word' id='word_1_300' title='bbox 1304 3342 1416 3403; x_wconf 91' lang='grc' dir='ltr'>τοῖς</span> <span class='ocrx_word' id='word_1_301' title='bbox 1449 3340 1740 3412; x_wconf 86' lang='grc' dir='ltr'>μαθηταῖς,</span> 
     </span>
    </p>
   </div>
   <div class='ocr_carea' id='block_1_38' title="bbox 140 3427 1742 3503">
    <p class='ocr_par' dir='ltr' id='par_1_38' title="bbox 140 3427 1742 3503">
     <span class='ocr_line' id='line_1_38' title="bbox 140 3427 1742 3503; baseline 0.004 -24"><span class='ocrx_word' id='word_1_302' title='bbox 140 3427 324 3496; x_wconf 82' lang='grc' dir='ltr'>λέγων</span> <span class='ocrx_word' id='word_1_303' title='bbox 350 3445 363 3457; x_wconf 73' lang='grc'><strong><em>⁸</em></strong></span> <span class='ocrx_word' id='word_1_304' title='bbox 398 3448 417 3479; x_wconf 80' lang='grc' dir='ltr'><strong>ι</strong></span> <span class='ocrx_word' id='word_1_305' title='bbox 448 3430 655 3482; x_wconf 79' lang='grc' dir='ltr'>Λάόετε</span> <span class='ocrx_word' id='word_1_306' title='bbox 694 3430 920 3499; x_wconf 89' lang='grc' dir='ltr'>Πνεῦμα</span> <span class='ocrx_word' id='word_1_307' title='bbox 946 3430 1119 3498; x_wconf 84' lang='grc' dir='ltr'>ἆγιον.</span> <span class='ocrx_word' id='word_1_308' title='bbox 1166 3449 1183 3481; x_wconf 85' lang='grc' dir='ltr'><strong>ι</strong></span> <span class='ocrx_word' id='word_1_309' title='bbox 1215 3427 1339 3502; x_wconf 69' lang='grc' dir='ltr'><strong>Ἆρ’</strong></span> <span class='ocrx_word' id='word_1_310' title='bbox 1370 3428 1463 3485; x_wconf 76' lang='grc' dir='ltr'><strong>οὖν</strong></span> <span class='ocrx_word' id='word_1_311' title='bbox 1495 3434 1594 3485; x_wconf 73' lang='grc' dir='ltr'>οὐκ</span> <span class='ocrx_word' id='word_1_312' title='bbox 1625 3434 1742 3503; x_wconf 69' lang='grc' dir='ltr'><strong>οἰή-</strong></span> 
     </span>
    </p>
   </div>
   <div class='ocr_carea' id='block_1_39' title="bbox 144 3521 1741 3595">
    <p class='ocr_par' dir='ltr' id='par_1_39' title="bbox 144 3521 1741 3595">
     <span class='ocr_line' id='line_1_39' title="bbox 144 3521 1741 3595; baseline 0.003 -23"><span class='ocrx_word' id='word_1_313' title='bbox 144 3522 305 3573; x_wconf 85' lang='grc' dir='ltr'>σεταί</span> <span class='ocrx_word' id='word_1_314' title='bbox 361 3537 447 3583; x_wconf 89' lang='grc' dir='ltr'><strong>τις</strong></span> <span class='ocrx_word' id='word_1_315' title='bbox 480 3521 575 3574; x_wconf 81' lang='grc' dir='ltr'>καὶ</span> <span class='ocrx_word' id='word_1_316' title='bbox 620 3521 767 3591; x_wconf 84' lang='grc' dir='ltr'>μάλα</span> <span class='ocrx_word' id='word_1_317' title='bbox 820 3522 1065 3585; x_wconf 87' lang='grc' dir='ltr'>δικαίως,</span> <span class='ocrx_word' id='word_1_318' title='bbox 1098 3522 1300 3588; x_wconf 84' lang='grc' dir='ltr'>μᾶλλον</span> <span class='ocrx_word' id='word_1_319' title='bbox 1351 3524 1407 3577; x_wconf 84' lang='grc' dir='ltr'><strong>δὲ</strong></span> <span class='ocrx_word' id='word_1_320' title='bbox 1456 3524 1741 3595; x_wconf 85' lang='grc' dir='ltr'>ἀραρότως</span> 
     </span>
    </p>
   </div>
   <div class='ocr_carea' id='block_1_40' title="bbox 140 3612 1740 3687">
    <p class='ocr_par' dir='ltr' id='par_1_40' title="bbox 140 3612 1740 3687">
     <span class='ocr_line' id='line_1_40' title="bbox 140 3612 1740 3687; baseline 0.002 -21"><span class='ocrx_word' id='word_1_321' title='bbox 140 3612 487 3666; x_wconf 86' lang='grc' dir='ltr'>διακείσεται</span> <span class='ocrx_word' id='word_1_322' title='bbox 517 3615 623 3672; x_wconf 86' lang='grc' dir='ltr'>ὅτι.</span> <span class='ocrx_word' id='word_1_323' title='bbox 658 3614 769 3666; x_wconf 89' lang='grc' dir='ltr'><strong>τῶν</strong></span> <span class='ocrx_word' id='word_1_324' title='bbox 816 3615 909 3667; x_wconf 84' lang='grc' dir='ltr'><strong>τοῦ</strong></span> <span class='ocrx_word' id='word_1_325' title='bbox 941 3615 1078 3668; x_wconf 73' lang='grc' dir='ltr'>θεοῦ</span> <span class='ocrx_word' id='word_1_326' title='bbox 1118 3618 1212 3669; x_wconf 74' lang='grc' dir='ltr'><strong>καὶ</strong></span> <span class='ocrx_word' id='word_1_327' title='bbox 1247 3617 1459 3687; x_wconf 80' lang='grc' dir='ltr'>Πατρὸς</span> <span class='ocrx_word' id='word_1_328' title='bbox 1496 3619 1740 3687; x_wconf 81' lang='grc' dir='ltr'>φυσικῶν</span> 
     </span>
    </p>
   </div>
   <div class='ocr_carea' id='block_1_41' title="bbox 141 3704 1741 3777">
    <p class='ocr_par' dir='ltr' id='par_1_41' title="bbox 141 3704 1741 3777">
     <span class='ocr_line' id='line_1_41' title="bbox 141 3704 1741 3777; baseline 0.001 -18"><span class='ocrx_word' id='word_1_329' title='bbox 141 3704 375 3772; x_wconf 75' lang='grc' dir='ltr'>ἀγαθῶν</span> <span class='ocrx_word' id='word_1_330' title='bbox 415 3704 693 3766; x_wconf 76' lang='grc' dir='ltr'>οὐσιωδῶς</span> <span class='ocrx_word' id='word_1_331' title='bbox 733 3705 995 3775; x_wconf 83' lang='grc' dir='ltr'>ὑπάρχων</span> <span class='ocrx_word' id='word_1_332' title='bbox 1026 3707 1302 3769; x_wconf 78' lang='grc' dir='ltr'>κοινωνὸς,</span> <span class='ocrx_word' id='word_1_333' title='bbox 1325 3709 1353 3760; x_wconf 91' lang='lat'><strong>6</strong></span> <span class='ocrx_word' id='word_1_334' title='bbox 1383 3707 1507 3770; x_wconf 88' lang='grc' dir='ltr'>Υἱὸς</span> <span class='ocrx_word' id='word_1_335' title='bbox 1540 3708 1651 3777; x_wconf 80' lang='grc' dir='ltr'>ἔχει</span> <span class='ocrx_word' id='word_1_336' title='bbox 1681 3708 1741 3761; x_wconf 82' lang='grc' dir='ltr'><strong>τὸ</strong></span> 
     </span>
    </p>
   </div>
   <div class='ocr_carea' id='block_1_42' title="bbox 143 3795 1741 3867">
    <p class='ocr_par' dir='ltr' id='par_1_42' title="bbox 143 3795 1741 3867">
     <span class='ocr_line' id='line_1_42' title="bbox 143 3795 1741 3867; baseline 0.002 -19"><span class='ocrx_word' id='word_1_337' title='bbox 143 3795 380 3865; x_wconf 87' lang='grc' dir='ltr'>Πνεῦμα</span> <span class='ocrx_word' id='word_1_338' title='bbox 410 3800 551 3848; x_wconf 78' lang='grc' dir='ltr'>κατα</span> <span class='ocrx_word' id='word_1_339' title='bbox 569 3797 758 3849; x_wconf 84' lang='grc' dir='ltr'>τοῦτον</span> <span class='ocrx_word' id='word_1_340' title='bbox 788 3798 877 3850; x_wconf 87' lang='grc' dir='ltr'><strong>τὸν</strong></span> <span class='ocrx_word' id='word_1_341' title='bbox 904 3797 1103 3866; x_wconf 85' lang='grc' dir='ltr'>τρόπον</span> <span class='ocrx_word' id='word_1_342' title='bbox 1138 3797 1443 3867; x_wconf 85' lang='grc' dir='ltr'>καθ’ὄνπερ</span> <span class='ocrx_word' id='word_1_343' title='bbox 1477 3797 1541 3851; x_wconf 72' lang='grc' dir='ltr'>ἂν</span> <span class='ocrx_word' id='word_1_344' title='bbox 1569 3801 1741 3851; x_wconf 87' lang='grc' dir='ltr'>νοοῖτο</span> 
     </span>
    </p>
   </div>
   <div class='ocr_carea' id='block_1_43' title="bbox 143 3887 1736 3959">
    <p class='ocr_par' dir='ltr' id='par_1_43' title="bbox 143 3887 1736 3959">
     <span class='ocr_line' id='line_1_43' title="bbox 143 3887 1736 3959; baseline 0.002 -20"><span class='ocrx_word' id='word_1_345' title='bbox 143 3887 245 3939; x_wconf 78' lang='grc' dir='ltr'><strong>καὶ</strong></span> <span class='ocrx_word' id='word_1_346' title='bbox 278 3888 307 3937; x_wconf 92' lang='grc' dir='ltr'><strong>ό</strong></span> <span class='ocrx_word' id='word_1_347' title='bbox 342 3887 552 3956; x_wconf 79' lang='grc' dir='ltr'>Πατὴρ,</span> <span class='ocrx_word' id='word_1_348' title='bbox 575 3887 677 3939; x_wconf 78' lang='grc' dir='ltr'><strong>οὐκ</strong></span> <span class='ocrx_word' id='word_1_349' title='bbox 705 3887 939 3941; x_wconf 81' lang='grc' dir='ltr'>ἐπακτὸν</span> <span class='ocrx_word' id='word_1_350' title='bbox 970 3887 1089 3940; x_wconf 77' lang='grc' dir='ltr'>οὐδὲ</span> <span class='ocrx_word' id='word_1_351' title='bbox 1126 3887 1345 3953; x_wconf 74' lang='grc' dir='ltr'>ἔξωθεν·</span> <span class='ocrx_word' id='word_1_352' title='bbox 1378 3887 1573 3959; x_wconf 79' lang='grc' dir='ltr'>εὔηθες</span> <span class='ocrx_word' id='word_1_353' title='bbox 1606 3889 1736 3957; x_wconf 83' lang='grc' dir='ltr'>γάρ,</span> 
     </span>
    </p>
   </div>
   <div class='ocr_carea' id='block_1_44' title="bbox 144 3978 1739 4054">
    <p class='ocr_par' dir='ltr' id='par_1_44' title="bbox 144 3978 1739 4054">
     <span class='ocr_line' id='line_1_44' title="bbox 144 3978 1739 4054; baseline 0.002 -22"><span class='ocrx_word' id='word_1_354' title='bbox 144 3978 357 4049; x_wconf 80' lang='grc' dir='ltr'>μᾶλλον</span> <span class='ocrx_word' id='word_1_355' title='bbox 400 3980 455 4032; x_wconf 81' lang='grc' dir='ltr'>δὲ</span> <span class='ocrx_word' id='word_1_356' title='bbox 505 3979 732 4049; x_wconf 82' lang='grc' dir='ltr'>μανικὸν</span> <span class='ocrx_word' id='word_1_357' title='bbox 789 3980 851 4033; x_wconf 78' lang='grc' dir='ltr'><strong>τὸ</strong></span> <span class='ocrx_word' id='word_1_358' title='bbox 900 3980 1041 4033; x_wconf 71' lang='grc' dir='ltr'>οὕτω</span> <span class='ocrx_word' id='word_1_359' title='bbox 1100 3984 1316 4051; x_wconf 83' lang='grc' dir='ltr'>φρονεῖν</span> <span class='ocrx_word' id='word_1_360' title='bbox 1343 4024 1358 4046; x_wconf 92' lang='grc'><strong>,</strong></span> <span class='ocrx_word' id='word_1_361' title='bbox 1400 3981 1516 4035; x_wconf 87' lang='grc' dir='ltr'>ἀλλ’</span> <span class='ocrx_word' id='word_1_362' title='bbox 1550 3982 1739 4054; x_wconf 84' lang='grc' dir='ltr'>ὥσπερ</span> 
     </span>
    </p>
   </div>
   <div class='ocr_carea' id='block_1_45' title="bbox 141 4071 1735 4147">
    <p class='ocr_par' dir='ltr' id='par_1_45' title="bbox 141 4071 1735 4147">
     <span class='ocr_line' id='line_1_45' title="bbox 141 4071 1735 4147; baseline 0.004 -25"><span class='ocrx_word' id='word_1_363' title='bbox 141 4071 309 4142; x_wconf 79' lang='grc' dir='ltr'>ἡμῶν</span> <span class='ocrx_word' id='word_1_364' title='bbox 358 4072 589 4135; x_wconf 74' lang='grc' dir='ltr'>ἕκαστος</span> <span class='ocrx_word' id='word_1_365' title='bbox 626 4073 687 4125; x_wconf 81' lang='grc' dir='ltr'><strong>τὸ</strong></span> <span class='ocrx_word' id='word_1_366' title='bbox 740 4072 867 4128; x_wconf 72' lang='grc' dir='ltr'>ἴδιον</span> <span class='ocrx_word' id='word_1_367' title='bbox 916 4074 975 4126; x_wconf 82' lang='grc' dir='ltr'><strong>ἐν</strong></span> <span class='ocrx_word' id='word_1_368' title='bbox 1017 4074 1198 4145; x_wconf 83' lang='grc' dir='ltr'>ἐαυτῷ</span> <span class='ocrx_word' id='word_1_369' title='bbox 1228 4076 1446 4145; x_wconf 87' lang='grc' dir='ltr'>πνεῦμα</span> <span class='ocrx_word' id='word_1_370' title='bbox 1504 4077 1735 4147; x_wconf 80' lang='grc' dir='ltr'>συνέχει,</span> 
     </span>
    </p>
   </div>
   <div class='ocr_carea' id='block_1_46' title="bbox 140 4165 1739 4241">
    <p class='ocr_par' dir='ltr' id='par_1_46' title="bbox 140 4165 1739 4241">
     <span class='ocr_line' id='line_1_46' title="bbox 140 4165 1739 4241; baseline 0.004 -24"><span class='ocrx_word' id='word_1_371' title='bbox 140 4169 245 4220; x_wconf 73' lang='grc' dir='ltr'><strong>καὶ</strong></span> <span class='ocrx_word' id='word_1_372' title='bbox 276 4168 342 4218; x_wconf 80' lang='grc' dir='ltr'><strong>ἐκ</strong></span> <span class='ocrx_word' id='word_1_373' title='bbox 396 4165 506 4219; x_wconf 89' lang='grc' dir='ltr'><strong>τῶν</strong></span> <span class='ocrx_word' id='word_1_374' title='bbox 533 4166 834 4219; x_wconf 74' lang='grc' dir='ltr'>ἐνδοτάτων</span> <span class='ocrx_word' id='word_1_375' title='bbox 884 4166 1211 4236; x_wconf 84' lang='grc' dir='ltr'>σπλάγχνων</span> <span class='ocrx_word' id='word_1_376' title='bbox 1258 4169 1336 4231; x_wconf 83' lang='grc' dir='ltr'>εἰς</span> <span class='ocrx_word' id='word_1_377' title='bbox 1363 4168 1425 4221; x_wconf 82' lang='grc' dir='ltr'><strong>τὸ</strong></span> <span class='ocrx_word' id='word_1_378' title='bbox 1461 4168 1566 4232; x_wconf 76' lang='grc' dir='ltr'>ἔξω</span> <span class='ocrx_word' id='word_1_379' title='bbox 1603 4187 1739 4241; x_wconf 78' lang='grc' dir='ltr'>προ-</span> 
     </span>
    </p>
   </div>
   <div class='ocr_carea' id='block_1_47' title="bbox 140 4256 1739 4329">
    <p class='ocr_par' dir='ltr' id='par_1_47' title="bbox 140 4256 1739 4329">
     <span class='ocr_line' id='line_1_47' title="bbox 140 4256 1739 4329; baseline 0.001 -18"><span class='ocrx_word' id='word_1_380' title='bbox 140 4259 286 4329; x_wconf 80' lang='grc' dir='ltr'>χέει.</span> <span class='ocrx_word' id='word_1_381' title='bbox 359 4257 456 4309; x_wconf 84' lang='grc' dir='ltr'><strong>Διὰ</strong></span> <span class='ocrx_word' id='word_1_382' title='bbox 484 4256 594 4327; x_wconf 88' lang='grc' dir='ltr'><strong>γάρ</strong></span> <span class='ocrx_word' id='word_1_383' title='bbox 632 4274 712 4309; x_wconf 89' lang='grc' dir='ltr'><strong>τοι</strong></span> <span class='ocrx_word' id='word_1_384' title='bbox 764 4256 924 4309; x_wconf 89' lang='grc' dir='ltr'>τοῦτο</span> <span class='ocrx_word' id='word_1_385' title='bbox 967 4257 1297 4326; x_wconf 80' lang='grc' dir='ltr'>σωματικῶς</span> <span class='ocrx_word' id='word_1_386' title='bbox 1349 4259 1681 4329; x_wconf 79' lang='grc' dir='ltr'>ἐνεφύσησεν</span> <span class='ocrx_word' id='word_1_387' title='bbox 1710 4262 1739 4314; x_wconf 91' lang='lat'><strong>6</strong></span> 
     </span>
    </p>
   </div>
   <div class='ocr_carea' id='block_1_48' title="bbox 138 4343 1742 4417">
    <p class='ocr_par' dir='ltr' id='par_1_48' title="bbox 138 4343 1742 4417">
     <span class='ocr_line' id='line_1_48' title="bbox 138 4343 1742 4417; baseline 0.001 -18"><span class='ocrx_word' id='word_1_388' title='bbox 138 4344 409 4414; x_wconf 83' lang='grc' dir='ltr'>Χριστὸς,</span> <span class='ocrx_word' id='word_1_389' title='bbox 442 4343 657 4407; x_wconf 81' lang='grc' dir='ltr'>δεικνὺς</span> <span class='ocrx_word' id='word_1_390' title='bbox 692 4345 777 4397; x_wconf 85' lang='grc' dir='ltr'>ὅτι</span> <span class='ocrx_word' id='word_1_391' title='bbox 832 4344 1085 4416; x_wconf 86' lang='grc' dir='ltr'>καθάπερ</span> <span class='ocrx_word' id='word_1_392' title='bbox 1117 4348 1181 4399; x_wconf 85' lang='grc' dir='ltr'><strong>ἐκ</strong></span> <span class='ocrx_word' id='word_1_393' title='bbox 1215 4346 1481 4417; x_wconf 90' lang='grc' dir='ltr'>στόματος</span> <span class='ocrx_word' id='word_1_394' title='bbox 1523 4348 1616 4401; x_wconf 88' lang='grc' dir='ltr'><strong>τοῦ</strong></span> <span class='ocrx_word' id='word_1_395' title='bbox 1645 4351 1742 4403; x_wconf 87' lang='grc' dir='ltr'><strong>ἀν-</strong></span> 
     </span>
    </p>
   </div>
   <div class='ocr_carea' id='block_1_49' title="bbox 1852 478 3436 550">
    <p class='ocr_par' dir='ltr' id='par_1_49' title="bbox 1852 478 3436 550">
     <span class='ocr_line' id='line_1_49' title="bbox 1852 478 3436 550; baseline 0.005 -19"><span class='ocrx_word' id='word_1_396' title='bbox 1852 494 1977 533; x_wconf 86' lang='lat' dir='ltr'><strong>cum</strong></span> <span class='ocrx_word' id='word_1_397' title='bbox 2014 496 2073 534; x_wconf 83' lang='lat' dir='ltr'><strong>se</strong></span> <span class='ocrx_word' id='word_1_398' title='bbox 2107 495 2327 550; x_wconf 87' lang='lat' dir='ltr'><strong>quoque</strong></span> <span class='ocrx_word' id='word_1_399' title='bbox 2362 478 2710 534; x_wconf 87' lang='lat' dir='ltr'><strong>Paracletum</strong></span> <span class='ocrx_word' id='word_1_400' title='bbox 2743 494 2867 535; x_wconf 81' lang='lat' dir='ltr'><strong>esse</strong></span> <span class='ocrx_word' id='word_1_401' title='bbox 2895 496 3085 535; x_wconf 83' lang='lat' dir='ltr'><strong>revera</strong></span> <span class='ocrx_word' id='word_1_402' title='bbox 3115 495 3342 547; x_wconf 86' lang='lat' dir='ltr'><strong>nosset,</strong></span> <span class='ocrx_word' id='word_1_403' title='bbox 3381 495 3436 539; x_wconf 90' lang='lat' dir='ltr'><strong>et</strong></span> 
     </span>
    </p>
   </div>
   <div class='ocr_carea' id='block_1_50' title="bbox 1852 570 3436 643">
    <p class='ocr_par' dir='ltr' id='par_1_50' title="bbox 1852 570 3436 643">
     <span class='ocr_line' id='line_1_50' title="bbox 1852 570 3436 643; baseline 0.004 -20"><span class='ocrx_word' id='word_1_404' title='bbox 1852 571 1907 623; x_wconf 92' lang='lat' dir='ltr'><strong>in</strong></span> <span class='ocrx_word' id='word_1_405' title='bbox 1941 572 2118 626; x_wconf 89' lang='lat' dir='ltr'><strong>sacris</strong></span> <span class='ocrx_word' id='word_1_406' title='bbox 2155 570 2381 626; x_wconf 89' lang='lat' dir='ltr'><strong>Litteris</strong></span> <span class='ocrx_word' id='word_1_407' title='bbox 2433 571 2508 625; x_wconf 90' lang='lat' dir='ltr'><strong>ita</strong></span> <span class='ocrx_word' id='word_1_408' title='bbox 2550 587 2679 628; x_wconf 89' lang='lat' dir='ltr'><strong>esse</strong></span> <span class='ocrx_word' id='word_1_409' title='bbox 2722 580 3141 643; x_wconf 89' lang='lat' dir='ltr'><strong>nuncupatum,</strong></span> <span class='ocrx_word' id='word_1_410' title='bbox 3178 573 3436 630; x_wconf 88' lang='lat' dir='ltr'><strong>Paracle-</strong></span> 
     </span>
    </p>
   </div>
   <div class='ocr_carea' id='block_1_51' title="bbox 1851 666 3431 737">
    <p class='ocr_par' dir='ltr' id='par_1_51' title="bbox 1851 666 3431 737">
     <span class='ocr_line' id='line_1_51' title="bbox 1851 666 3431 737; baseline 0.001 -18"><span class='ocrx_word' id='word_1_411' title='bbox 1851 674 1966 719; x_wconf 90' lang='lat' dir='ltr'><strong>tum</strong></span> <span class='ocrx_word' id='word_1_412' title='bbox 2010 667 2180 720; x_wconf 89' lang='lat' dir='ltr'><strong>alium</strong></span> <span class='ocrx_word' id='word_1_413' title='bbox 2229 666 2498 735; x_wconf 78' lang='lat' dir='ltr'><strong>Spiritum</strong></span> <span class='ocrx_word' id='word_1_414' title='bbox 2547 666 2831 735; x_wconf 89' lang='lat' dir='ltr'><strong>appellat,</strong></span> <span class='ocrx_word' id='word_1_415' title='bbox 2877 682 2987 720; x_wconf 93' lang='lat' dir='ltr'><strong>non</strong></span> <span class='ocrx_word' id='word_1_416' title='bbox 3026 667 3186 735; x_wconf 90' lang='lat' dir='ltr'><strong>quasi</strong></span> <span class='ocrx_word' id='word_1_417' title='bbox 3225 668 3431 737; x_wconf 87' lang='lat' dir='ltr'><strong>aliquid</strong></span> 
     </span>
    </p>
   </div>
   <div class='ocr_carea' id='block_1_52' title="bbox 1851 759 3435 831">
    <p class='ocr_par' dir='ltr' id='par_1_52' title="bbox 1851 759 3435 831">
     <span class='ocr_line' id='line_1_52' title="bbox 1851 759 3435 831; baseline 0.003 -18"><span class='ocrx_word' id='word_1_418' title='bbox 1851 759 2001 813; x_wconf 89' lang='lat' dir='ltr'><strong>aliud</strong></span> <span class='ocrx_word' id='word_1_419' title='bbox 2037 759 2091 812; x_wconf 91' lang='lat' dir='ltr'><strong>in</strong></span> <span class='ocrx_word' id='word_1_420' title='bbox 2129 760 2340 813; x_wconf 90' lang='lat' dir='ltr'><strong>sanctis</strong></span> <span class='ocrx_word' id='word_1_421' title='bbox 2373 760 2589 828; x_wconf 88' lang='lat' dir='ltr'><strong>operari</strong></span> <span class='ocrx_word' id='word_1_422' title='bbox 2620 760 2828 829; x_wconf 86' lang='lat' dir='ltr'><strong>possit,</strong></span> <span class='ocrx_word' id='word_1_423' title='bbox 2861 774 3023 829; x_wconf 86' lang='lat' dir='ltr'><strong>quam</strong></span> <span class='ocrx_word' id='word_1_424' title='bbox 3053 759 3199 830; x_wconf 91' lang='lat' dir='ltr'><strong>quod</strong></span> <span class='ocrx_word' id='word_1_425' title='bbox 3230 770 3283 815; x_wconf 90' lang='lat' dir='ltr'><strong>et</strong></span> <span class='ocrx_word' id='word_1_426' title='bbox 3317 761 3435 831; x_wconf 88' lang='lat' dir='ltr'><strong>ipse</strong></span> 
     </span>
    </p>
   </div>
   <div class='ocr_carea' id='block_1_53' title="bbox 1850 850 3435 924">
    <p class='ocr_par' dir='ltr' id='par_1_53' title="bbox 1850 850 3435 924">
     <span class='ocr_line' id='line_1_53' title="bbox 1850 850 3435 924; baseline 0.004 -21"><span class='ocrx_word' id='word_1_427' title='bbox 1850 850 2012 918; x_wconf 90' lang='lat' dir='ltr'><strong>cujus</strong></span> <span class='ocrx_word' id='word_1_428' title='bbox 2050 858 2105 904; x_wconf 92' lang='lat' dir='ltr'><strong>et</strong></span> <span class='ocrx_word' id='word_1_429' title='bbox 2142 861 2225 905; x_wconf 93' lang='lat' dir='ltr'><strong>est</strong></span> <span class='ocrx_word' id='word_1_430' title='bbox 2269 858 2324 904; x_wconf 87' lang='lat' dir='ltr'><strong>et</strong></span> <span class='ocrx_word' id='word_1_431' title='bbox 2360 850 2569 904; x_wconf 88' lang='lat' dir='ltr'><strong>dicitur</strong></span> <span class='ocrx_word' id='word_1_432' title='bbox 2610 850 2875 919; x_wconf 77' lang='lat' dir='ltr'><strong>Spiritus.</strong></span> <span class='ocrx_word' id='word_1_433' title='bbox 2904 852 3061 918; x_wconf 88' lang='lat' dir='ltr'><strong>Quod</strong></span> <span class='ocrx_word' id='word_1_434' title='bbox 3099 863 3282 907; x_wconf 84' lang='lat' dir='ltr'><strong>autem</strong></span> <span class='ocrx_word' id='word_1_435' title='bbox 3316 854 3435 924; x_wconf 85' lang='lat' dir='ltr'><strong>ipse</strong></span> 
     </span>
    </p>
   </div>
   <div class='ocr_carea' id='block_1_54' title="bbox 1849 938 3434 1012">
    <p class='ocr_par' dir='ltr' id='par_1_54' title="bbox 1849 938 3434 1012">
     <span class='ocr_line' id='line_1_54' title="bbox 1849 938 3434 1012; baseline 0.004 -19"><span class='ocrx_word' id='word_1_436' title='bbox 1849 938 2022 995; x_wconf 85' lang='lat' dir='ltr'><strong>Filius</strong></span> <span class='ocrx_word' id='word_1_437' title='bbox 2066 938 2389 995; x_wconf 89' lang='lat' dir='ltr'><strong>Paracletus</strong></span> <span class='ocrx_word' id='word_1_438' title='bbox 2446 951 2804 1012; x_wconf 85' lang='lat' dir='ltr'><strong>nuncupetur</strong></span> <span class='ocrx_word' id='word_1_439' title='bbox 2849 951 2905 996; x_wconf 91' lang='lat' dir='ltr'><strong>et</strong></span> <span class='ocrx_word' id='word_1_440' title='bbox 2963 943 3081 1007; x_wconf 90' lang='lat' dir='ltr'><strong>sit,</strong></span> <span class='ocrx_word' id='word_1_441' title='bbox 3141 945 3434 1000; x_wconf 78' lang='lat' dir='ltr'><strong>testabitur</strong></span> 
     </span>
    </p>
   </div>
   <div class='ocr_carea' id='block_1_55' title="bbox 1848 1030 3434 1104">
    <p class='ocr_par' dir='ltr' id='par_1_55' title="bbox 1848 1030 3434 1104">
     <span class='ocr_line' id='line_1_55' title="bbox 1848 1030 3434 1104; baseline 0.004 -19"><span class='ocrx_word' id='word_1_442' title='bbox 1848 1030 2093 1087; x_wconf 81' lang='lat' dir='ltr'><strong>Joannes</strong></span> <span class='ocrx_word' id='word_1_443' title='bbox 2125 1032 2379 1088; x_wconf 88' lang='lat' dir='ltr'><strong>scribens</strong></span> <span class='ocrx_word' id='word_1_444' title='bbox 2414 1049 2426 1085; x_wconf 90' lang='lat'>:</span> <span class='ocrx_word' id='word_1_445' title='bbox 2476 1052 2494 1085; x_wconf 76' lang='grc' dir='ltr'><strong>ι</strong></span> <span class='ocrx_word' id='word_1_446' title='bbox 2528 1033 2653 1088; x_wconf 69' lang='lat' dir='ltr'><strong>Haec</strong></span> <span class='ocrx_word' id='word_1_447' title='bbox 2682 1034 2808 1088; x_wconf 89' lang='lat' dir='ltr'><strong>dico</strong></span> <span class='ocrx_word' id='word_1_448' title='bbox 2831 1074 2845 1098; x_wconf 88' lang='lat'><strong>,</strong></span> <span class='ocrx_word' id='word_1_449' title='bbox 2882 1034 3107 1104; x_wconf 90' lang='lat' dir='ltr'><strong>inquit,</strong></span> <span class='ocrx_word' id='word_1_450' title='bbox 3151 1036 3338 1099; x_wconf 76' lang='lat' dir='ltr'><strong>vobis,</strong></span> <span class='ocrx_word' id='word_1_451' title='bbox 3373 1045 3434 1092; x_wconf 91' lang='lat' dir='ltr'><strong>ut</strong></span> 
     </span>
    </p>
   </div>
   <div class='ocr_carea' id='block_1_56' title="bbox 1850 1125 3432 1197">
    <p class='ocr_par' dir='ltr' id='par_1_56' title="bbox 1850 1125 3432 1197">
     <span class='ocr_line' id='line_1_56' title="bbox 1850 1125 3432 1197; baseline 0.003 -19"><span class='ocrx_word' id='word_1_452' title='bbox 1850 1138 1961 1178; x_wconf 90' lang='lat' dir='ltr'><strong>non</strong></span> <span class='ocrx_word' id='word_1_453' title='bbox 1993 1126 2259 1194; x_wconf 82' lang='lat' dir='ltr'><strong>peccetis.</strong></span> <span class='ocrx_word' id='word_1_454' title='bbox 2291 1125 2397 1179; x_wconf 87' lang='lat' dir='ltr'><strong>Sed</strong></span> <span class='ocrx_word' id='word_1_455' title='bbox 2429 1133 2483 1179; x_wconf 88' lang='lat' dir='ltr'><strong>et</strong></span> <span class='ocrx_word' id='word_1_456' title='bbox 2513 1127 2559 1181; x_wconf 90' lang='lat' dir='ltr'><strong>si</strong></span> <span class='ocrx_word' id='word_1_457' title='bbox 2590 1128 2717 1197; x_wconf 89' lang='lat' dir='ltr'><strong>quis</strong></span> <span class='ocrx_word' id='word_1_458' title='bbox 2742 1130 3075 1196; x_wconf 85' lang='lat' dir='ltr'><strong>peccaverit,</strong></span> <span class='ocrx_word' id='word_1_459' title='bbox 3102 1129 3432 1183; x_wconf 84' lang='lat' dir='ltr'><strong>advocatum</strong></span> 
     </span>
    </p>
   </div>
   <div class='ocr_carea' id='block_1_57' title="bbox 1851 1214 3430 1288">
    <p class='ocr_par' dir='ltr' id='par_1_57' title="bbox 1851 1214 3430 1288">
     <span class='ocr_line' id='line_1_57' title="bbox 1851 1214 3430 1288; baseline 0.004 -20"><span class='ocrx_word' id='word_1_460' title='bbox 1851 1214 2118 1270; x_wconf 90' lang='lat' dir='ltr'><strong>habemus</strong></span> <span class='ocrx_word' id='word_1_461' title='bbox 2156 1216 2301 1285; x_wconf 90' lang='lat' dir='ltr'><strong>apud</strong></span> <span class='ocrx_word' id='word_1_462' title='bbox 2342 1215 2562 1270; x_wconf 79' lang='lat' dir='ltr'><strong>Patrem</strong></span> <span class='ocrx_word' id='word_1_463' title='bbox 2611 1216 2799 1273; x_wconf 85' lang='lat' dir='ltr'><strong>Jesum</strong></span> <span class='ocrx_word' id='word_1_464' title='bbox 2852 1217 3133 1274; x_wconf 86' lang='lat' dir='ltr'><strong>Christum</strong></span> <span class='ocrx_word' id='word_1_465' title='bbox 3175 1220 3430 1288; x_wconf 89' lang='lat' dir='ltr'><strong>justum:</strong></span> 
     </span>
    </p>
   </div>
   <div class='ocr_carea' id='block_1_58' title="bbox 1850 1307 3427 1380">
    <p class='ocr_par' dir='ltr' id='par_1_58' title="bbox 1850 1307 3427 1380">
     <span class='ocr_line' id='line_1_58' title="bbox 1850 1307 3427 1380; baseline 0.006 -20"><span class='ocrx_word' id='word_1_466' title='bbox 1850 1317 1903 1360; x_wconf 89' lang='lat' dir='ltr'><strong>et</strong></span> <span class='ocrx_word' id='word_1_467' title='bbox 1953 1307 2073 1376; x_wconf 91' lang='lat' dir='ltr'><strong>ipse</strong></span> <span class='ocrx_word' id='word_1_468' title='bbox 2120 1316 2205 1362; x_wconf 91' lang='lat' dir='ltr'><strong>est</strong></span> <span class='ocrx_word' id='word_1_469' title='bbox 2259 1309 2580 1378; x_wconf 82' lang='lat' dir='ltr'><strong>propitiatio</strong></span> <span class='ocrx_word' id='word_1_470' title='bbox 2631 1325 2731 1379; x_wconf 85' lang='lat' dir='ltr'><strong>pro</strong></span> <span class='ocrx_word' id='word_1_471' title='bbox 2781 1312 3024 1380; x_wconf 88' lang='lat' dir='ltr'><strong>peccatis</strong></span> <span class='ocrx_word' id='word_1_472' title='bbox 3073 1312 3283 1368; x_wconf 86' lang='lat' dir='ltr'><strong>nostris</strong></span> <span class='ocrx_word' id='word_1_473' title='bbox 3306 1312 3373 1368; x_wconf 82' lang='lat'><strong>&quot;’.</strong></span> <span class='ocrx_word' id='word_1_474' title='bbox 3408 1331 3427 1363; x_wconf 75' lang='grc' dir='ltr'><strong>ι</strong></span> 
     </span>
    </p>
   </div>
   <div class='ocr_carea' id='block_1_59' title="bbox 1849 1397 3435 1475">
    <p class='ocr_par' dir='ltr' id='par_1_59' title="bbox 1849 1397 3435 1475">
     <span class='ocr_line' id='line_1_59' title="bbox 1849 1397 3435 1475; baseline 0.006 -26"><span class='ocrx_word' id='word_1_475' title='bbox 1849 1397 2029 1451; x_wconf 83' lang='lat' dir='ltr'><strong>Alium</strong></span> <span class='ocrx_word' id='word_1_476' title='bbox 2064 1398 2252 1469; x_wconf 83' lang='lat' dir='ltr'><strong>itaque</strong></span> <span class='ocrx_word' id='word_1_477' title='bbox 2291 1398 2637 1454; x_wconf 89' lang='lat' dir='ltr'><strong>Paracletum</strong></span> <span class='ocrx_word' id='word_1_478' title='bbox 2674 1400 2942 1471; x_wconf 90' lang='lat' dir='ltr'><strong>Spiritum</strong></span> <span class='ocrx_word' id='word_1_479' title='bbox 2974 1412 3178 1470; x_wconf 84' lang='lat' dir='ltr'><strong>vocat,</strong></span> <span class='ocrx_word' id='word_1_480' title='bbox 3218 1405 3274 1459; x_wconf 89' lang='lat' dir='ltr'><strong>in</strong></span> <span class='ocrx_word' id='word_1_481' title='bbox 3304 1420 3435 1475; x_wconf 90' lang='lat' dir='ltr'><strong>pro-</strong></span> 
     </span>
    </p>
   </div>
   <div class='ocr_carea' id='block_1_60' title="bbox 1850 1489 3431 1567">
    <p class='ocr_par' dir='ltr' id='par_1_60' title="bbox 1850 1489 3431 1567">
     <span class='ocr_line' id='line_1_60' title="bbox 1850 1489 3431 1567; baseline 0.006 -26"><span class='ocrx_word' id='word_1_482' title='bbox 1850 1489 1967 1557; x_wconf 89' lang='lat' dir='ltr'><strong>pria</strong></span> <span class='ocrx_word' id='word_1_483' title='bbox 2003 1490 2225 1559; x_wconf 88' lang='lat' dir='ltr'><strong>quidem</strong></span> <span class='ocrx_word' id='word_1_484' title='bbox 2280 1491 2564 1562; x_wconf 82' lang='lat' dir='ltr'><strong>hypostasi</strong></span> <span class='ocrx_word' id='word_1_485' title='bbox 2612 1493 2803 1549; x_wconf 81' lang='lat' dir='ltr'><strong>volens</strong></span> <span class='ocrx_word' id='word_1_486' title='bbox 2843 1510 2968 1548; x_wconf 89' lang='lat' dir='ltr'><strong>eum</strong></span> <span class='ocrx_word' id='word_1_487' title='bbox 3025 1495 3296 1566; x_wconf 78' lang='lat' dir='ltr'><strong>intelligi,</strong></span> <span class='ocrx_word' id='word_1_488' title='bbox 3334 1497 3431 1567; x_wconf 90' lang='lat' dir='ltr'><strong>qui</strong></span> 
     </span>
    </p>
   </div>
   <div class='ocr_carea' id='block_1_61' title="bbox 1853 1586 3432 1654">
    <p class='ocr_par' dir='ltr' id='par_1_61' title="bbox 1853 1586 3432 1654">
     <span class='ocr_line' id='line_1_61' title="bbox 1853 1586 3432 1654; baseline 0.007 -20"><span class='ocrx_word' id='word_1_489' title='bbox 1853 1590 2064 1634; x_wconf 90' lang='lat' dir='ltr'><strong>tantam</strong></span> <span class='ocrx_word' id='word_1_490' title='bbox 2115 1594 2295 1637; x_wconf 89' lang='lat' dir='ltr'><strong>tamen</strong></span> <span class='ocrx_word' id='word_1_491' title='bbox 2344 1599 2467 1638; x_wconf 89' lang='lat' dir='ltr'><strong>cum</strong></span> <span class='ocrx_word' id='word_1_492' title='bbox 2532 1586 2652 1654; x_wconf 92' lang='lat' dir='ltr'><strong>ipso</strong></span> <span class='ocrx_word' id='word_1_493' title='bbox 2710 1587 3138 1643; x_wconf 82' lang='lat' dir='ltr'><strong>similitudinem</strong></span> <span class='ocrx_word' id='word_1_494' title='bbox 3194 1590 3432 1651; x_wconf 85' lang='lat' dir='ltr'><strong>habeat.</strong></span> 
     </span>
    </p>
   </div>
   <div class='ocr_carea' id='block_1_62' title="bbox 1852 1675 3432 1750">
    <p class='ocr_par' dir='ltr' id='par_1_62' title="bbox 1852 1675 3432 1750">
     <span class='ocr_line' id='line_1_62' title="bbox 1852 1675 3432 1750; baseline 0.006 -25"><span class='ocrx_word' id='word_1_495' title='bbox 1852 1681 2076 1742; x_wconf 89' lang='lat' dir='ltr'><strong>tamque</strong></span> <span class='ocrx_word' id='word_1_496' title='bbox 2105 1689 2199 1743; x_wconf 89' lang='lat' dir='ltr'><strong>per</strong></span> <span class='ocrx_word' id='word_1_497' title='bbox 2225 1675 2413 1729; x_wconf 88' lang='lat' dir='ltr'><strong>omnia</strong></span> <span class='ocrx_word' id='word_1_498' title='bbox 2457 1676 2622 1730; x_wconf 90' lang='lat' dir='ltr'><strong>simili</strong></span> <span class='ocrx_word' id='word_1_499' title='bbox 2654 1679 2874 1733; x_wconf 79' lang='lat' dir='ltr'><strong>ratione</strong></span> <span class='ocrx_word' id='word_1_500' title='bbox 2908 1680 3125 1749; x_wconf 85' lang='lat' dir='ltr'><strong>operari</strong></span> <span class='ocrx_word' id='word_1_501' title='bbox 3158 1683 3334 1750; x_wconf 85' lang='lat' dir='ltr'><strong>possit</strong></span> <span class='ocrx_word' id='word_1_502' title='bbox 3368 1699 3432 1735; x_wconf 84' lang='lat' dir='ltr'><strong>ea</strong></span> 
     </span>
    </p>
   </div>
   <div class='ocr_carea' id='block_1_63' title="bbox 1784 1764 3437 1853">
    <p class='ocr_par' dir='ltr' id='par_1_63' title="bbox 1784 1764 3437 1853">
     <span class='ocr_line' id='line_1_63' title="bbox 1784 1764 3437 1853; baseline 0.005 -32"><span class='ocrx_word' id='word_1_503' title='bbox 1784 1764 1826 1821; x_wconf 83' lang='grc' dir='ltr'><strong>Β</strong></span> <span class='ocrx_word' id='word_1_504' title='bbox 1856 1782 1979 1835; x_wconf 77' lang='lat' dir='ltr'><strong>qua:</strong></span> <span class='ocrx_word' id='word_1_505' title='bbox 2025 1774 2079 1820; x_wconf 91' lang='lat' dir='ltr'><strong>et</strong></span> <span class='ocrx_word' id='word_1_506' title='bbox 2112 1766 2225 1837; x_wconf 89' lang='lat' dir='ltr'><strong>ipse</strong></span> <span class='ocrx_word' id='word_1_507' title='bbox 2256 1776 2520 1837; x_wconf 88' lang='lat' dir='ltr'><strong>operatur</strong></span> <span class='ocrx_word' id='word_1_508' title='bbox 2543 1809 2558 1834; x_wconf 94' lang='lat'><strong>,</strong></span> <span class='ocrx_word' id='word_1_509' title='bbox 2595 1778 2653 1823; x_wconf 90' lang='lat' dir='ltr'><strong>ut</strong></span> <span class='ocrx_word' id='word_1_510' title='bbox 2681 1770 2849 1840; x_wconf 78' lang='lat'><strong>810</strong></span> <span class='ocrx_word' id='word_1_511' title='bbox 2884 1771 3002 1841; x_wconf 91' lang='lat' dir='ltr'><strong>ipse</strong></span> <span class='ocrx_word' id='word_1_512' title='bbox 3029 1771 3281 1853; x_wconf 62' lang='lat' dir='ltr'><strong>rideatur</strong></span> <span class='ocrx_word' id='word_1_513' title='bbox 3309 1789 3437 1829; x_wconf 85' lang='lat' dir='ltr'><strong>esse</strong></span> 
     </span>
    </p>
   </div>
   <div class='ocr_carea' id='block_1_64' title="bbox 1842 1856 3434 1933">
    <p class='ocr_par' dir='ltr' id='par_1_64' title="bbox 1842 1856 3434 1933">
     <span class='ocr_line' id='line_1_64' title="bbox 1842 1856 3434 1933; baseline 0.007 -23"><span class='ocrx_word' id='word_1_514' title='bbox 1842 1856 2038 1921; x_wconf 85' lang='lat' dir='ltr'><strong>Filius,</strong></span> <span class='ocrx_word' id='word_1_515' title='bbox 2074 1872 2138 1911; x_wconf 88' lang='lat' dir='ltr'><strong>ac</strong></span> <span class='ocrx_word' id='word_1_516' title='bbox 2166 1858 2306 1912; x_wconf 88' lang='lat' dir='ltr'><strong>nibil</strong></span> <span class='ocrx_word' id='word_1_517' title='bbox 2339 1860 2508 1914; x_wconf 87' lang='lat' dir='ltr'><strong>aliud.</strong></span> <span class='ocrx_word' id='word_1_518' title='bbox 2539 1861 2783 1931; x_wconf 89' lang='lat' dir='ltr'><strong>Spiritus</strong></span> <span class='ocrx_word' id='word_1_519' title='bbox 2812 1864 2960 1916; x_wconf 90' lang='lat' dir='ltr'><strong>enim</strong></span> <span class='ocrx_word' id='word_1_520' title='bbox 2986 1865 3106 1933; x_wconf 88' lang='lat' dir='ltr'><strong>ejus</strong></span> <span class='ocrx_word' id='word_1_521' title='bbox 3137 1873 3242 1919; x_wconf 87' lang='lat' dir='ltr'><strong>est.</strong></span> <span class='ocrx_word' id='word_1_522' title='bbox 3273 1864 3434 1921; x_wconf 89' lang='lat' dir='ltr'><strong>Unde</strong></span> 
     </span>
    </p>
   </div>
   <div class='ocr_carea' id='block_1_65' title="bbox 1841 1949 3433 2027">
    <p class='ocr_par' dir='ltr' id='par_1_65' title="bbox 1841 1949 3433 2027">
     <span class='ocr_line' id='line_1_65' title="bbox 1841 1949 3433 2027; baseline 0.007 -25"><span class='ocrx_word' id='word_1_523' title='bbox 1841 1949 2094 2004; x_wconf 73' lang='lat' dir='ltr'><strong>veritatis</strong></span> <span class='ocrx_word' id='word_1_524' title='bbox 2146 1949 2416 2020; x_wconf 86' lang='lat' dir='ltr'><strong>Spiritum</strong></span> <span class='ocrx_word' id='word_1_525' title='bbox 2448 1953 2605 2006; x_wconf 89' lang='lat' dir='ltr'><strong>illum</strong></span> <span class='ocrx_word' id='word_1_526' title='bbox 2642 1954 2982 2019; x_wconf 87' lang='lat' dir='ltr'><strong>nominavit,</strong></span> <span class='ocrx_word' id='word_1_527' title='bbox 3013 1958 3257 2027; x_wconf 92' lang='lat' dir='ltr'><strong>seipsum</strong></span> <span class='ocrx_word' id='word_1_528' title='bbox 3289 1963 3433 2013; x_wconf 76' lang='lat' dir='ltr'><strong>veri-</strong></span> 
     </span>
    </p>
   </div>
   <div class='ocr_carea' id='block_1_66' title="bbox 1842 2044 3432 2116">
    <p class='ocr_par' dir='ltr' id='par_1_66' title="bbox 1842 2044 3432 2116">
     <span class='ocr_line' id='line_1_66' title="bbox 1842 2044 3432 2116; baseline 0.003 -21"><span class='ocrx_word' id='word_1_529' title='bbox 1842 2050 2008 2097; x_wconf 88' lang='lat' dir='ltr'><strong>tatem</strong></span> <span class='ocrx_word' id='word_1_530' title='bbox 2044 2059 2169 2099; x_wconf 90' lang='lat' dir='ltr'><strong>esse</strong></span> <span class='ocrx_word' id='word_1_531' title='bbox 2199 2044 2415 2100; x_wconf 90' lang='lat' dir='ltr'><strong>dicens.</strong></span> <span class='ocrx_word' id='word_1_532' title='bbox 2447 2045 2517 2100; x_wconf 86' lang='lat' dir='ltr'><strong>At</strong></span> <span class='ocrx_word' id='word_1_533' title='bbox 2547 2045 2693 2099; x_wconf 88' lang='lat' dir='ltr'><strong>enim</strong></span> <span class='ocrx_word' id='word_1_534' title='bbox 2731 2046 2803 2101; x_wconf 90' lang='lat' dir='ltr'><strong>iis</strong></span> <span class='ocrx_word' id='word_1_535' title='bbox 2832 2047 2922 2116; x_wconf 93' lang='lat' dir='ltr'><strong>qui</strong></span> <span class='ocrx_word' id='word_1_536' title='bbox 2956 2045 3153 2102; x_wconf 87' lang='lat' dir='ltr'><strong>Filium</strong></span> <span class='ocrx_word' id='word_1_537' title='bbox 3189 2063 3218 2101; x_wconf 92' lang='lat' dir='ltr'><strong>a</strong></span> <span class='ocrx_word' id='word_1_538' title='bbox 3254 2046 3347 2104; x_wconf 83' lang='lat' dir='ltr'><strong>Dei</strong></span> <span class='ocrx_word' id='word_1_539' title='bbox 3377 2058 3432 2102; x_wconf 89' lang='lat' dir='ltr'><strong>et</strong></span> 
     </span>
    </p>
   </div>
   <div class='ocr_carea' id='block_1_67' title="bbox 1839 2133 3432 2207">
    <p class='ocr_par' dir='ltr' id='par_1_67' title="bbox 1839 2133 3432 2207">
     <span class='ocr_line' id='line_1_67' title="bbox 1839 2133 3432 2207; baseline 0.005 -20"><span class='ocrx_word' id='word_1_540' title='bbox 1839 2133 2021 2189; x_wconf 85' lang='lat' dir='ltr'><strong>Patris</strong></span> <span class='ocrx_word' id='word_1_541' title='bbox 2055 2136 2365 2190; x_wconf 88' lang='lat' dir='ltr'><strong>substantia</strong></span> <span class='ocrx_word' id='word_1_542' title='bbox 2405 2136 2648 2191; x_wconf 90' lang='lat' dir='ltr'><strong>alienum</strong></span> <span class='ocrx_word' id='word_1_543' title='bbox 2691 2152 2815 2192; x_wconf 91' lang='lat' dir='ltr'><strong>esse</strong></span> <span class='ocrx_word' id='word_1_544' title='bbox 2851 2146 3051 2207; x_wconf 87' lang='lat' dir='ltr'><strong>putant</strong></span> <span class='ocrx_word' id='word_1_545' title='bbox 3081 2179 3095 2202; x_wconf 83' lang='lat'><strong>,</strong></span> <span class='ocrx_word' id='word_1_546' title='bbox 3127 2140 3252 2207; x_wconf 89' lang='lat' dir='ltr'><strong>jure</strong></span> <span class='ocrx_word' id='word_1_547' title='bbox 3282 2142 3432 2195; x_wconf 78' lang='lat' dir='ltr'><strong>dicet</strong></span> 
     </span>
    </p>
   </div>
   <div class='ocr_carea' id='block_1_68' title="bbox 1842 2227 3433 2300">
    <p class='ocr_par' dir='ltr' id='par_1_68' title="bbox 1842 2227 3433 2300">
     <span class='ocr_line' id='line_1_68' title="bbox 1842 2227 3433 2300; baseline 0.004 -20"><span class='ocrx_word' id='word_1_548' title='bbox 1842 2227 2079 2296; x_wconf 89' lang='lat' dir='ltr'><strong>aliquis:</strong></span> <span class='ocrx_word' id='word_1_549' title='bbox 2119 2227 2411 2294; x_wconf 84' lang='lat' dir='ltr'><strong>Quomodo</strong></span> <span class='ocrx_word' id='word_1_550' title='bbox 2437 2269 2453 2293; x_wconf 88' lang='lat'><strong>,</strong></span> <span class='ocrx_word' id='word_1_551' title='bbox 2495 2245 2683 2297; x_wconf 69' lang='lat' dir='ltr'><strong>quaeso</strong></span> <span class='ocrx_word' id='word_1_552' title='bbox 2707 2271 2721 2291; x_wconf 90' lang='lat'><strong>,</strong></span> <span class='ocrx_word' id='word_1_553' title='bbox 2761 2233 3010 2286; x_wconf 78' lang='lat' dir='ltr'><strong>veritatis</strong></span> <span class='ocrx_word' id='word_1_554' title='bbox 3048 2230 3339 2300; x_wconf 88' lang='lat' dir='ltr'><strong>Spiritum,</strong></span> <span class='ocrx_word' id='word_1_555' title='bbox 3375 2235 3433 2287; x_wconf 78' lang='lat' dir='ltr'><strong>id</strong></span> 
     </span>
    </p>
   </div>
   <div class='ocr_carea' id='block_1_69' title="bbox 1840 2318 3429 2393">
    <p class='ocr_par' dir='ltr' id='par_1_69' title="bbox 1840 2318 3429 2393">
     <span class='ocr_line' id='line_1_69' title="bbox 1840 2318 3429 2393; baseline 0.003 -20"><span class='ocrx_word' id='word_1_556' title='bbox 1840 2320 1926 2373; x_wconf 77' lang='lat' dir='ltr'><strong>est</strong></span> <span class='ocrx_word' id='word_1_557' title='bbox 1956 2318 2111 2383; x_wconf 87' lang='lat' dir='ltr'><strong>Filii,</strong></span> <span class='ocrx_word' id='word_1_558' title='bbox 2140 2321 2235 2374; x_wconf 91' lang='lat' dir='ltr'><strong>dat</strong></span> <span class='ocrx_word' id='word_1_559' title='bbox 2263 2318 2428 2374; x_wconf 87' lang='lat' dir='ltr'><strong>Pater</strong></span> <span class='ocrx_word' id='word_1_560' title='bbox 2449 2361 2465 2386; x_wconf 92' lang='lat'><strong>,</strong></span> <span class='ocrx_word' id='word_1_561' title='bbox 2494 2336 2604 2375; x_wconf 91' lang='lat' dir='ltr'><strong>non</strong></span> <span class='ocrx_word' id='word_1_562' title='bbox 2642 2330 2905 2392; x_wconf 84' lang='lat' dir='ltr'><strong>tanquam</strong></span> <span class='ocrx_word' id='word_1_563' title='bbox 2943 2324 3294 2393; x_wconf 76' lang='lat' dir='ltr'><strong>peregrinum</strong></span> <span class='ocrx_word' id='word_1_564' title='bbox 3335 2336 3429 2379; x_wconf 85' lang='lat' dir='ltr'><strong>aut</strong></span> 
     </span>
    </p>
   </div>
   <div class='ocr_carea' id='block_1_70' title="bbox 1841 2408 3427 2480">
    <p class='ocr_par' dir='ltr' id='par_1_70' title="bbox 1841 2408 3427 2480">
     <span class='ocr_line' id='line_1_70' title="bbox 1841 2408 3427 2480; baseline 0.005 -20"><span class='ocrx_word' id='word_1_565' title='bbox 1841 2409 2102 2473; x_wconf 86' lang='lat' dir='ltr'><strong>alienum,</strong></span> <span class='ocrx_word' id='word_1_566' title='bbox 2136 2408 2230 2463; x_wconf 84' lang='lat' dir='ltr'><strong>sed</strong></span> <span class='ocrx_word' id='word_1_567' title='bbox 2258 2416 2315 2461; x_wconf 92' lang='lat' dir='ltr'><strong>ut</strong></span> <span class='ocrx_word' id='word_1_568' title='bbox 2338 2410 2619 2478; x_wconf 90' lang='lat' dir='ltr'><strong>proprium</strong></span> <span class='ocrx_word' id='word_1_569' title='bbox 2649 2409 2943 2480; x_wconf 87' lang='lat' dir='ltr'><strong>Spiritum,</strong></span> <span class='ocrx_word' id='word_1_570' title='bbox 2971 2427 3097 2466; x_wconf 84' lang='lat' dir='ltr'><strong>eum</strong></span> <span class='ocrx_word' id='word_1_571' title='bbox 3124 2413 3427 2468; x_wconf 85' lang='lat' dir='ltr'><strong>secundum</strong></span> 
     </span>
    </p>
   </div>
   <div class='ocr_carea' id='block_1_71' title="bbox 1841 2502 3426 2569">
    <p class='ocr_par' dir='ltr' id='par_1_71' title="bbox 1841 2502 3426 2569">
     <span class='ocr_line' id='line_1_71' title="bbox 1841 2502 3426 2569; baseline 0.003 -17"><span class='ocrx_word' id='word_1_572' title='bbox 1841 2516 1939 2555; x_wconf 81' lang='lat' dir='ltr'><strong>vos</strong></span> <span class='ocrx_word' id='word_1_573' title='bbox 1967 2502 2287 2556; x_wconf 83' lang='lat' dir='ltr'><strong>distinctum</strong></span> <span class='ocrx_word' id='word_1_574' title='bbox 2337 2502 2532 2556; x_wconf 84' lang='lat' dir='ltr'><strong>habeat</strong></span> <span class='ocrx_word' id='word_1_575' title='bbox 2580 2518 2609 2555; x_wconf 90' lang='lat' dir='ltr'><strong>a</strong></span> <span class='ocrx_word' id='word_1_576' title='bbox 2649 2518 2748 2557; x_wconf 90' lang='lat' dir='ltr'><strong>sua</strong></span> <span class='ocrx_word' id='word_1_577' title='bbox 2788 2504 3102 2559; x_wconf 86' lang='lat' dir='ltr'><strong>substantia</strong></span> <span class='ocrx_word' id='word_1_578' title='bbox 3138 2504 3426 2569; x_wconf 85' lang='lat' dir='ltr'><strong>Verbum,</strong></span> 
     </span>
    </p>
   </div>
   <div class='ocr_carea' id='block_1_72' title="bbox 1842 2591 3424 2669">
    <p class='ocr_par' dir='ltr' id='par_1_72' title="bbox 1842 2591 3424 2669">
     <span class='ocr_line' id='line_1_72' title="bbox 1842 2591 3424 2669; baseline 0.003 -22"><span class='ocrx_word' id='word_1_579' title='bbox 1842 2594 1959 2648; x_wconf 87' lang='lat' dir='ltr'><strong>sive</strong></span> <span class='ocrx_word' id='word_1_580' title='bbox 1987 2591 2206 2656; x_wconf 85' lang='lat' dir='ltr'><strong>Filium,</strong></span> <span class='ocrx_word' id='word_1_581' title='bbox 2234 2602 2289 2647; x_wconf 89' lang='lat' dir='ltr'><strong>et</strong></span> <span class='ocrx_word' id='word_1_582' title='bbox 2328 2593 2594 2662; x_wconf 91' lang='lat' dir='ltr'><strong>Spiritum</strong></span> <span class='ocrx_word' id='word_1_583' title='bbox 2627 2610 2751 2650; x_wconf 89' lang='lat' dir='ltr'><strong>esse</strong></span> <span class='ocrx_word' id='word_1_584' title='bbox 2780 2593 2906 2649; x_wconf 86' lang='lat' dir='ltr'><strong>Filii</strong></span> <span class='ocrx_word' id='word_1_585' title='bbox 2942 2598 3129 2652; x_wconf 85' lang='lat' dir='ltr'><strong>nullus</strong></span> <span class='ocrx_word' id='word_1_586' title='bbox 3163 2599 3424 2669; x_wconf 74' lang='lat' dir='ltr'><strong>ambigat.</strong></span> 
     </span>
    </p>
   </div>
   <div class='ocr_carea' id='block_1_73' title="bbox 1842 2684 3435 2757">
    <p class='ocr_par' dir='ltr' id='par_1_73' title="bbox 1842 2684 3435 2757">
     <span class='ocr_line' id='line_1_73' title="bbox 1842 2684 3435 2757; baseline 0.006 -19"><span class='ocrx_word' id='word_1_587' title='bbox 1842 2684 2055 2741; x_wconf 79' lang='lat' dir='ltr'><strong>Rursus</strong></span> <span class='ocrx_word' id='word_1_588' title='bbox 2087 2704 2216 2741; x_wconf 81' lang='lat' dir='ltr'><strong>vero</strong></span> <span class='ocrx_word' id='word_1_589' title='bbox 2257 2689 2537 2757; x_wconf 91' lang='lat' dir='ltr'><strong>quomodo</strong></span> <span class='ocrx_word' id='word_1_590' title='bbox 2562 2731 2576 2754; x_wconf 93' lang='lat'><strong>,</strong></span> <span class='ocrx_word' id='word_1_591' title='bbox 2619 2689 2667 2744; x_wconf 89' lang='lat' dir='ltr'><strong>si</strong></span> <span class='ocrx_word' id='word_1_592' title='bbox 2699 2690 2930 2745; x_wconf 88' lang='lat' dir='ltr'><strong>alterius</strong></span> <span class='ocrx_word' id='word_1_593' title='bbox 2972 2699 3059 2745; x_wconf 89' lang='lat' dir='ltr'><strong>est</strong></span> <span class='ocrx_word' id='word_1_594' title='bbox 3099 2692 3435 2748; x_wconf 72' lang='lat' dir='ltr'><strong>substantiae</strong></span> 
     </span>
    </p>
   </div>
   <div class='ocr_carea' id='block_1_74' title="bbox 1841 2783 3428 2860">
    <p class='ocr_par' dir='ltr' id='par_1_74' title="bbox 1841 2783 3428 2860">
     <span class='ocr_line' id='line_1_74' title="bbox 1841 2783 3428 2860; baseline 0.005 -23"><span class='ocrx_word' id='word_1_595' title='bbox 1841 2783 2038 2848; x_wconf 85' lang='lat' dir='ltr'><strong>Filius,</strong></span> <span class='ocrx_word' id='word_1_596' title='bbox 2072 2784 2252 2841; x_wconf 87' lang='lat' dir='ltr'><strong>Patris</strong></span> <span class='ocrx_word' id='word_1_597' title='bbox 2290 2786 2559 2855; x_wconf 89' lang='lat' dir='ltr'><strong>Spiritum</strong></span> <span class='ocrx_word' id='word_1_598' title='bbox 2608 2787 2777 2841; x_wconf 89' lang='lat' dir='ltr'><strong>tradit</strong></span> <span class='ocrx_word' id='word_1_599' title='bbox 2825 2798 2883 2841; x_wconf 94' lang='lat' dir='ltr'><strong>ut</strong></span> <span class='ocrx_word' id='word_1_600' title='bbox 2910 2789 3113 2842; x_wconf 86' lang='lat' dir='ltr'><strong>suum?</strong></span> <span class='ocrx_word' id='word_1_601' title='bbox 3146 2788 3428 2860; x_wconf 82' lang='lat' dir='ltr'><strong>Scriptum.</strong></span> 
     </span>
    </p>
   </div>
   <div class='ocr_carea' id='block_1_75' title="bbox 1839 2876 3428 2947">
    <p class='ocr_par' dir='ltr' id='par_1_75' title="bbox 1839 2876 3428 2947">
     <span class='ocr_line' id='line_1_75' title="bbox 1839 2876 3428 2947; baseline 0.003 -18"><span class='ocrx_word' id='word_1_602' title='bbox 1839 2886 1924 2930; x_wconf 90' lang='lat' dir='ltr'><strong>est</strong></span> <span class='ocrx_word' id='word_1_603' title='bbox 1950 2877 2101 2929; x_wconf 88' lang='lat' dir='ltr'><strong>enim</strong></span> <span class='ocrx_word' id='word_1_604' title='bbox 2134 2876 2446 2931; x_wconf 82' lang='lat' dir='ltr'><strong>insumasse</strong></span> <span class='ocrx_word' id='word_1_605' title='bbox 2468 2876 2759 2947; x_wconf 91' lang='lat' dir='ltr'><strong>discipulis</strong></span> <span class='ocrx_word' id='word_1_606' title='bbox 2799 2878 2938 2941; x_wconf 92' lang='lat' dir='ltr'><strong>suis,</strong></span> <span class='ocrx_word' id='word_1_607' title='bbox 2970 2878 3231 2942; x_wconf 89' lang='lat' dir='ltr'><strong>dicendo,</strong></span> <span class='ocrx_word' id='word_1_608' title='bbox 3268 2899 3286 2933; x_wconf 83' lang='grc' dir='ltr'><strong>ι</strong></span> <span class='ocrx_word' id='word_1_609' title='bbox 3314 2880 3428 2934; x_wconf 87' lang='lat' dir='ltr'><strong>Ac--</strong></span> 
     </span>
    </p>
   </div>
   <div class='ocr_carea' id='block_1_76' title="bbox 1840 2968 3428 3043">
    <p class='ocr_par' dir='ltr' id='par_1_76' title="bbox 1840 2968 3428 3043">
     <span class='ocr_line' id='line_1_76' title="bbox 1840 2968 3428 3043; baseline 0.003 -20"><span class='ocrx_word' id='word_1_610' title='bbox 1840 2970 2006 3039; x_wconf 89' lang='lat' dir='ltr'><strong>cipite</strong></span> <span class='ocrx_word' id='word_1_611' title='bbox 2028 2968 2292 3038; x_wconf 82' lang='lat' dir='ltr'><strong>Spiritum</strong></span> <span class='ocrx_word' id='word_1_612' title='bbox 2321 2979 2572 3024; x_wconf 88' lang='lat' dir='ltr'><strong>sanctum</strong></span> <span class='ocrx_word' id='word_1_613' title='bbox 2589 2970 2691 3025; x_wconf 78' lang='grc' dir='ltr'>⁸ο.»</span> <span class='ocrx_word' id='word_1_614' title='bbox 2720 2968 2997 3039; x_wconf 88' lang='lat' dir='ltr'><strong>Numquid</strong></span> <span class='ocrx_word' id='word_1_615' title='bbox 3018 2987 3153 3043; x_wconf 80' lang='lat' dir='ltr'><strong>ergo</strong></span> <span class='ocrx_word' id='word_1_616' title='bbox 3173 2973 3298 3041; x_wconf 88' lang='lat' dir='ltr'><strong>jure</strong></span> <span class='ocrx_word' id='word_1_617' title='bbox 3326 2988 3428 3042; x_wconf 77' lang='lat' dir='ltr'><strong>pu-</strong></span> 
     </span>
    </p>
   </div>
   <div class='ocr_carea' id='block_1_77' title="bbox 1843 3060 3428 3129">
    <p class='ocr_par' dir='ltr' id='par_1_77' title="bbox 1843 3060 3428 3129">
     <span class='ocr_line' id='line_1_77' title="bbox 1843 3060 3428 3129; baseline 0.004 -16"><span class='ocrx_word' id='word_1_618' title='bbox 1843 3061 1982 3113; x_wconf 88' lang='lat' dir='ltr'><strong>tabit</strong></span> <span class='ocrx_word' id='word_1_619' title='bbox 2004 3061 2205 3129; x_wconf 90' lang='lat' dir='ltr'><strong>aliquis</strong></span> <span class='ocrx_word' id='word_1_620' title='bbox 2232 3103 2247 3125; x_wconf 97' lang='lat'><strong>,</strong></span> <span class='ocrx_word' id='word_1_621' title='bbox 2278 3064 2388 3115; x_wconf 90' lang='lat' dir='ltr'><strong>imo</strong></span> <span class='ocrx_word' id='word_1_622' title='bbox 2411 3076 2543 3115; x_wconf 83' lang='lat' dir='ltr'><strong>vero</strong></span> <span class='ocrx_word' id='word_1_623' title='bbox 2574 3060 2807 3117; x_wconf 79' lang='lat' dir='ltr'><strong>firmiter</strong></span> <span class='ocrx_word' id='word_1_624' title='bbox 2835 3062 3064 3125; x_wconf 87' lang='lat' dir='ltr'><strong>credet,</strong></span> <span class='ocrx_word' id='word_1_625' title='bbox 3097 3078 3223 3118; x_wconf 92' lang='lat' dir='ltr'><strong>cum</strong></span> <span class='ocrx_word' id='word_1_626' title='bbox 3260 3074 3428 3119; x_wconf 87' lang='lat' dir='ltr'><strong>natu-</strong></span> 
     </span>
    </p>
   </div>
   <div class='ocr_carea' id='block_1_78' title="bbox 1846 3151 3429 3226">
    <p class='ocr_par' dir='ltr' id='par_1_78' title="bbox 1846 3151 3429 3226">
     <span class='ocr_line' id='line_1_78' title="bbox 1846 3151 3429 3226; baseline 0.004 -21"><span class='ocrx_word' id='word_1_627' title='bbox 1846 3152 2041 3206; x_wconf 89' lang='lat' dir='ltr'><strong>ralium</strong></span> <span class='ocrx_word' id='word_1_628' title='bbox 2078 3152 2171 3206; x_wconf 81' lang='lat' dir='ltr'><strong>Dei</strong></span> <span class='ocrx_word' id='word_1_629' title='bbox 2203 3168 2267 3206; x_wconf 92' lang='lat' dir='ltr'><strong>ac</strong></span> <span class='ocrx_word' id='word_1_630' title='bbox 2301 3151 2482 3207; x_wconf 86' lang='lat' dir='ltr'><strong>Patris</strong></span> <span class='ocrx_word' id='word_1_631' title='bbox 2514 3153 2786 3208; x_wconf 87' lang='lat' dir='ltr'><strong>bonorum</strong></span> <span class='ocrx_word' id='word_1_632' title='bbox 2823 3155 3268 3211; x_wconf 90' lang='lat' dir='ltr'><strong>substantialiter</strong></span> <span class='ocrx_word' id='word_1_633' title='bbox 3296 3173 3429 3226; x_wconf 91' lang='lat' dir='ltr'><strong>par-</strong></span> 
     </span>
    </p>
   </div>
   <div class='ocr_carea' id='block_1_79' title="bbox 1842 3240 3430 3318">
    <p class='ocr_par' dir='ltr' id='par_1_79' title="bbox 1842 3240 3430 3318">
     <span class='ocr_line' id='line_1_79' title="bbox 1842 3240 3430 3318; baseline 0.004 -24"><span class='ocrx_word' id='word_1_634' title='bbox 1842 3244 2017 3310; x_wconf 85' lang='lat' dir='ltr'><strong>ticeps</strong></span> <span class='ocrx_word' id='word_1_635' title='bbox 2049 3243 2119 3295; x_wconf 86' lang='lat' dir='ltr'><strong>sit</strong></span> <span class='ocrx_word' id='word_1_636' title='bbox 2158 3240 2332 3296; x_wconf 88' lang='lat' dir='ltr'><strong>Filius</strong></span> <span class='ocrx_word' id='word_1_637' title='bbox 2359 3281 2374 3305; x_wconf 95' lang='lat'><strong>,</strong></span> <span class='ocrx_word' id='word_1_638' title='bbox 2430 3241 2625 3315; x_wconf 80' lang='lat' dir='ltr'><strong>[cuin]</strong></span> <span class='ocrx_word' id='word_1_639' title='bbox 2661 3242 2928 3314; x_wconf 90' lang='lat' dir='ltr'><strong>Spiritum</strong></span> <span class='ocrx_word' id='word_1_640' title='bbox 2957 3260 3023 3298; x_wconf 88' lang='lat' dir='ltr'><strong>eo</strong></span> <span class='ocrx_word' id='word_1_641' title='bbox 3056 3245 3221 3299; x_wconf 89' lang='lat' dir='ltr'><strong>modo</strong></span> <span class='ocrx_word' id='word_1_642' title='bbox 3273 3246 3430 3318; x_wconf 79' lang='lat' dir='ltr'><strong>[quo</strong></span> 
     </span>
    </p>
   </div>
   <div class='ocr_carea' id='block_1_80' title="bbox 1842 3332 3426 3408">
    <p class='ocr_par' dir='ltr' id='par_1_80' title="bbox 1842 3332 3426 3408">
     <span class='ocr_line' id='line_1_80' title="bbox 1842 3332 3426 3408; baseline 0.004 -21"><span class='ocrx_word' id='word_1_643' title='bbox 1842 3341 1898 3387; x_wconf 93' lang='lat' dir='ltr'><strong>et</strong></span> <span class='ocrx_word' id='word_1_644' title='bbox 1937 3332 2138 3403; x_wconf 83' lang='lat' dir='ltr'><strong>Pater]</strong></span> <span class='ocrx_word' id='word_1_645' title='bbox 2173 3333 2374 3387; x_wconf 86' lang='lat' dir='ltr'><strong>habere</strong></span> <span class='ocrx_word' id='word_1_646' title='bbox 2403 3344 2681 3399; x_wconf 88' lang='lat' dir='ltr'><strong>censetur,</strong></span> <span class='ocrx_word' id='word_1_647' title='bbox 2716 3350 2822 3388; x_wconf 90' lang='lat' dir='ltr'><strong>non</strong></span> <span class='ocrx_word' id='word_1_648' title='bbox 2847 3335 3213 3389; x_wconf 80' lang='lat' dir='ltr'><strong>adventitium</strong></span> <span class='ocrx_word' id='word_1_649' title='bbox 3247 3354 3426 3408; x_wconf 87' lang='lat' dir='ltr'><strong>neque</strong></span> 
     </span>
    </p>
   </div>
   <div class='ocr_carea' id='block_1_81' title="bbox 1842 3420 3425 3495">
    <p class='ocr_par' dir='ltr' id='par_1_81' title="bbox 1842 3420 3425 3495">
     <span class='ocr_line' id='line_1_81' title="bbox 1842 3420 3425 3495; baseline 0.001 -18"><span class='ocrx_word' id='word_1_650' title='bbox 1842 3423 2189 3477; x_wconf 76' lang='lat' dir='ltr'><strong>extrinsecus</strong></span> <span class='ocrx_word' id='word_1_651' title='bbox 2214 3464 2228 3487; x_wconf 92' lang='lat'><strong>,</strong></span> <span class='ocrx_word' id='word_1_652' title='bbox 2278 3420 2437 3476; x_wconf 83' lang='lat' dir='ltr'><strong>furor</strong></span> <span class='ocrx_word' id='word_1_653' title='bbox 2467 3425 2615 3477; x_wconf 92' lang='lat' dir='ltr'><strong>enim</strong></span> <span class='ocrx_word' id='word_1_654' title='bbox 2651 3433 2736 3478; x_wconf 91' lang='lat' dir='ltr'><strong>est</strong></span> <span class='ocrx_word' id='word_1_655' title='bbox 2773 3424 2847 3477; x_wconf 89' lang='lat' dir='ltr'><strong>ita</strong></span> <span class='ocrx_word' id='word_1_656' title='bbox 2887 3427 3135 3486; x_wconf 80' lang='lat' dir='ltr'><strong>sentire;</strong></span> <span class='ocrx_word' id='word_1_657' title='bbox 3179 3425 3275 3479; x_wconf 89' lang='lat' dir='ltr'><strong>sed</strong></span> <span class='ocrx_word' id='word_1_658' title='bbox 3311 3444 3425 3495; x_wconf 90' lang='lat' dir='ltr'><strong>quo</strong></span> 
     </span>
    </p>
   </div>
   <div class='ocr_carea' id='block_1_82' title="bbox 1843 3515 3426 3587">
    <p class='ocr_par' dir='ltr' id='par_1_82' title="bbox 1843 3515 3426 3587">
     <span class='ocr_line' id='line_1_82' title="bbox 1843 3515 3426 3587; baseline 0.003 -20"><span class='ocrx_word' id='word_1_659' title='bbox 1843 3515 2006 3568; x_wconf 89' lang='lat' dir='ltr'><strong>modo</strong></span> <span class='ocrx_word' id='word_1_660' title='bbox 2038 3516 2422 3584; x_wconf 86' lang='lat' dir='ltr'><strong>unusquisque</strong></span> <span class='ocrx_word' id='word_1_661' title='bbox 2452 3524 2705 3569; x_wconf 87' lang='lat' dir='ltr'><strong>nostrum</strong></span> <span class='ocrx_word' id='word_1_662' title='bbox 2746 3530 2907 3569; x_wconf 90' lang='lat' dir='ltr'><strong>suum</strong></span> <span class='ocrx_word' id='word_1_663' title='bbox 2953 3517 3007 3569; x_wconf 93' lang='lat' dir='ltr'><strong>in</strong></span> <span class='ocrx_word' id='word_1_664' title='bbox 3049 3518 3236 3586; x_wconf 87' lang='lat' dir='ltr'><strong>seipso</strong></span> <span class='ocrx_word' id='word_1_665' title='bbox 3264 3519 3426 3587; x_wconf 85' lang='lat' dir='ltr'><strong>spiri-</strong></span> 
     </span>
    </p>
   </div>
   <div class='ocr_carea' id='block_1_83' title="bbox 1843 3606 3426 3676">
    <p class='ocr_par' dir='ltr' id='par_1_83' title="bbox 1843 3606 3426 3676">
     <span class='ocr_line' id='line_1_83' title="bbox 1843 3606 3426 3676; baseline 0.002 -17"><span class='ocrx_word' id='word_1_666' title='bbox 1843 3614 1959 3659; x_wconf 92' lang='lat' dir='ltr'><strong>tum</strong></span> <span class='ocrx_word' id='word_1_667' title='bbox 2004 3608 2281 3671; x_wconf 90' lang='lat' dir='ltr'><strong>continet,</strong></span> <span class='ocrx_word' id='word_1_668' title='bbox 2330 3616 2382 3659; x_wconf 90' lang='lat' dir='ltr'><strong>et</strong></span> <span class='ocrx_word' id='word_1_669' title='bbox 2415 3622 2481 3660; x_wconf 80' lang='lat' dir='ltr'><strong>ex</strong></span> <span class='ocrx_word' id='word_1_670' title='bbox 2514 3606 2727 3659; x_wconf 89' lang='lat' dir='ltr'><strong>intimis</strong></span> <span class='ocrx_word' id='word_1_671' title='bbox 2763 3608 3071 3661; x_wconf 87' lang='lat' dir='ltr'><strong>visceribus</strong></span> <span class='ocrx_word' id='word_1_672' title='bbox 3105 3608 3253 3663; x_wconf 85' lang='lat' dir='ltr'><strong>l‘oras</strong></span> <span class='ocrx_word' id='word_1_673' title='bbox 3288 3625 3426 3676; x_wconf 85' lang='lat' dir='ltr'><strong>pro-</strong></span> 
     </span>
    </p>
   </div>
   <div class='ocr_carea' id='block_1_84' title="bbox 1843 3698 3424 3771">
    <p class='ocr_par' dir='ltr' id='par_1_84' title="bbox 1843 3698 3424 3771">
     <span class='ocr_line' id='line_1_84' title="bbox 1843 3698 3424 3771; baseline 0.001 -18"><span class='ocrx_word' id='word_1_674' title='bbox 1843 3699 2061 3753; x_wconf 77' lang='lat' dir='ltr'><strong>fundit?</strong></span> <span class='ocrx_word' id='word_1_675' title='bbox 2087 3699 2298 3753; x_wconf 91' lang='lat' dir='ltr'><strong>Idcirco</strong></span> <span class='ocrx_word' id='word_1_676' title='bbox 2328 3698 2474 3753; x_wconf 90' lang='lat' dir='ltr'><strong>enim</strong></span> <span class='ocrx_word' id='word_1_677' title='bbox 2506 3699 2763 3754; x_wconf 85' lang='lat' dir='ltr'><strong>Christus</strong></span> <span class='ocrx_word' id='word_1_678' title='bbox 2796 3699 3093 3755; x_wconf 76' lang='lat' dir='ltr'><strong>insulilavit</strong></span> <span class='ocrx_word' id='word_1_679' title='bbox 3117 3703 3424 3771; x_wconf 85' lang='lat' dir='ltr'><strong>corporali-</strong></span> 
     </span>
    </p>
   </div>
   <div class='ocr_carea' id='block_1_85' title="bbox 1842 3790 3426 3862">
    <p class='ocr_par' dir='ltr' id='par_1_85' title="bbox 1842 3790 3426 3862">
     <span class='ocr_line' id='line_1_85' title="bbox 1842 3790 3426 3862; baseline 0.003 -18"><span class='ocrx_word' id='word_1_680' title='bbox 1842 3800 1926 3845; x_wconf 89' lang='lat' dir='ltr'><strong>ter</strong></span> <span class='ocrx_word' id='word_1_681' title='bbox 1951 3829 1965 3853; x_wconf 88' lang='lat'><strong>,</strong></span> <span class='ocrx_word' id='word_1_682' title='bbox 1999 3792 2294 3846; x_wconf 89' lang='lat' dir='ltr'><strong>ostendens</strong></span> <span class='ocrx_word' id='word_1_683' title='bbox 2324 3790 2475 3860; x_wconf 93' lang='lat' dir='ltr'><strong>quod</strong></span> <span class='ocrx_word' id='word_1_684' title='bbox 2516 3792 2660 3845; x_wconf 89' lang='lat' dir='ltr'><strong>sicut</strong></span> <span class='ocrx_word' id='word_1_685' title='bbox 2689 3805 2756 3845; x_wconf 74' lang='lat' dir='ltr'><strong>ex</strong></span> <span class='ocrx_word' id='word_1_686' title='bbox 2789 3806 2885 3845; x_wconf 92' lang='lat' dir='ltr'><strong>ore</strong></span> <span class='ocrx_word' id='word_1_687' title='bbox 2917 3791 3160 3845; x_wconf 87' lang='lat' dir='ltr'><strong>humano</strong></span> <span class='ocrx_word' id='word_1_688' title='bbox 3194 3793 3426 3862; x_wconf 88' lang='lat' dir='ltr'><strong>spiritus</strong></span> 
     </span>
    </p>
   </div>
   <div class='ocr_carea' id='block_1_86' title="bbox 1842 3884 3424 3954">
    <p class='ocr_par' dir='ltr' id='par_1_86' title="bbox 1842 3884 3424 3954">
     <span class='ocr_line' id='line_1_86' title="bbox 1842 3884 3424 3954; baseline 0.002 -18"><span class='ocrx_word' id='word_1_689' title='bbox 1842 3884 2026 3954; x_wconf 88' lang='lat' dir='ltr'><strong>prodit</strong></span> <span class='ocrx_word' id='word_1_690' title='bbox 2070 3885 2436 3954; x_wconf 88' lang='lat' dir='ltr'><strong>corporaliter</strong></span> <span class='ocrx_word' id='word_1_691' title='bbox 2467 3924 2482 3949; x_wconf 92' lang='lat'><strong>,</strong></span> <span class='ocrx_word' id='word_1_692' title='bbox 2536 3884 2619 3938; x_wconf 91' lang='lat' dir='ltr'><strong>sic</strong></span> <span class='ocrx_word' id='word_1_693' title='bbox 2670 3892 2725 3938; x_wconf 89' lang='grc' dir='ltr'><strong>ει</strong></span> <span class='ocrx_word' id='word_1_694' title='bbox 2772 3900 2838 3938; x_wconf 81' lang='lat' dir='ltr'><strong>ex</strong></span> <span class='ocrx_word' id='word_1_695' title='bbox 2888 3885 3074 3939; x_wconf 89' lang='lat' dir='ltr'><strong>divina</strong></span> <span class='ocrx_word' id='word_1_696' title='bbox 3116 3886 3424 3941; x_wconf 86' lang='lat' dir='ltr'><strong>substantia</strong></span> 
     </span>
    </p>
   </div>
   <div class='ocr_carea' id='block_1_87' title="bbox 1843 3974 3426 4048">
    <p class='ocr_par' dir='ltr' id='par_1_87' title="bbox 1843 3974 3426 4048">
     <span class='ocr_line' id='line_1_87' title="bbox 1843 3974 3426 4048; baseline 0.003 -19"><span class='ocrx_word' id='word_1_697' title='bbox 1843 3977 2032 4031; x_wconf 87' lang='lat' dir='ltr'><strong>deitati</strong></span> <span class='ocrx_word' id='word_1_698' title='bbox 2064 3977 2459 4031; x_wconf 80' lang='lat' dir='ltr'><strong>convenienter</strong></span> <span class='ocrx_word' id='word_1_699' title='bbox 2488 3974 2728 4046; x_wconf 90' lang='lat' dir='ltr'><strong>Spiritus</strong></span> <span class='ocrx_word' id='word_1_700' title='bbox 2755 4015 2770 4039; x_wconf 90' lang='lat'><strong>,</strong></span> <span class='ocrx_word' id='word_1_701' title='bbox 2804 3978 2894 4045; x_wconf 94' lang='lat' dir='ltr'><strong>qui</strong></span> <span class='ocrx_word' id='word_1_702' title='bbox 2937 3993 3003 4031; x_wconf 78' lang='lat' dir='ltr'><strong>ex</strong></span> <span class='ocrx_word' id='word_1_703' title='bbox 3044 3994 3109 4032; x_wconf 87' lang='lat' dir='ltr'><strong>eo</strong></span> <span class='ocrx_word' id='word_1_704' title='bbox 3138 3988 3221 4033; x_wconf 91' lang='lat' dir='ltr'><strong>est</strong></span> <span class='ocrx_word' id='word_1_705' title='bbox 3249 4019 3262 4042; x_wconf 85' lang='lat'><strong>,</strong></span> <span class='ocrx_word' id='word_1_706' title='bbox 3300 3995 3426 4048; x_wconf 84' lang='lat' dir='ltr'><strong>pro-</strong></span> 
     </span>
    </p>
   </div>
   <div class='ocr_carea' id='block_1_88' title="bbox 1843 4066 3425 4139">
    <p class='ocr_par' dir='ltr' id='par_1_88' title="bbox 1843 4066 3425 4139">
     <span class='ocr_line' id='line_1_88' title="bbox 1843 4066 3425 4139; baseline 0.003 -18"><span class='ocrx_word' id='word_1_707' title='bbox 1843 4067 2112 4122; x_wconf 84' lang='lat' dir='ltr'><strong>funditur.</strong></span> <span class='ocrx_word' id='word_1_708' title='bbox 2145 4068 2280 4123; x_wconf 88' lang='lat' dir='ltr'><strong>Cum</strong></span> <span class='ocrx_word' id='word_1_709' title='bbox 2314 4083 2447 4139; x_wconf 85' lang='lat' dir='ltr'><strong>ergo</strong></span> <span class='ocrx_word' id='word_1_710' title='bbox 2480 4066 2721 4138; x_wconf 88' lang='lat' dir='ltr'><strong>Spiritus</strong></span> <span class='ocrx_word' id='word_1_711' title='bbox 2758 4071 2875 4139; x_wconf 91' lang='lat' dir='ltr'><strong>ipse</strong></span> <span class='ocrx_word' id='word_1_712' title='bbox 2923 4070 3014 4124; x_wconf 80' lang='lat' dir='ltr'><strong>Dei</strong></span> <span class='ocrx_word' id='word_1_713' title='bbox 3049 4070 3231 4126; x_wconf 90' lang='lat' dir='ltr'><strong>Patris</strong></span> <span class='ocrx_word' id='word_1_714' title='bbox 3261 4074 3332 4127; x_wconf 91' lang='lat' dir='ltr'><strong>sit</strong></span> <span class='ocrx_word' id='word_1_715' title='bbox 3361 4088 3425 4126; x_wconf 86' lang='lat' dir='ltr'><strong>ac</strong></span> 
     </span>
    </p>
   </div>
   <div class='ocr_carea' id='block_1_89' title="bbox 1842 4160 3426 4231">
    <p class='ocr_par' dir='ltr' id='par_1_89' title="bbox 1842 4160 3426 4231">
     <span class='ocr_line' id='line_1_89' title="bbox 1842 4160 3426 4231; baseline 0.002 -17"><span class='ocrx_word' id='word_1_716' title='bbox 1842 4160 2006 4227; x_wconf 91' lang='lat' dir='ltr'><strong>Filii,</strong></span> <span class='ocrx_word' id='word_1_717' title='bbox 2042 4161 2321 4231; x_wconf 90' lang='lat' dir='ltr'><strong>quomodo</strong></span> <span class='ocrx_word' id='word_1_718' title='bbox 2357 4178 2467 4215; x_wconf 92' lang='lat' dir='ltr'><strong>non</strong></span> <span class='ocrx_word' id='word_1_719' title='bbox 2499 4177 2661 4215; x_wconf 89' lang='lat' dir='ltr'><strong>unam</strong></span> <span class='ocrx_word' id='word_1_720' title='bbox 2704 4164 2936 4217; x_wconf 90' lang='lat' dir='ltr'><strong>omnino</strong></span> <span class='ocrx_word' id='word_1_721' title='bbox 2971 4164 3250 4218; x_wconf 87' lang='lat' dir='ltr'><strong>habebunt</strong></span> <span class='ocrx_word' id='word_1_722' title='bbox 3289 4167 3426 4220; x_wconf 87' lang='lat' dir='ltr'><strong>sub-</strong></span> 
     </span>
    </p>
   </div>
   <div class='ocr_carea' id='block_1_90' title="bbox 1842 4254 3424 4324">
    <p class='ocr_par' dir='ltr' id='par_1_90' title="bbox 1842 4254 3424 4324">
     <span class='ocr_line' id='line_1_90' title="bbox 1842 4254 3424 4324; baseline 0.003 -17"><span class='ocrx_word' id='word_1_723' title='bbox 1842 4254 2099 4308; x_wconf 85' lang='lat' dir='ltr'><strong>stantiam</strong></span> <span class='ocrx_word' id='word_1_724' title='bbox 2130 4264 2185 4309; x_wconf 88' lang='lat' dir='ltr'><strong>et</strong></span> <span class='ocrx_word' id='word_1_725' title='bbox 2214 4254 2476 4309; x_wconf 88' lang='lat' dir='ltr'><strong>distincte</strong></span> <span class='ocrx_word' id='word_1_726' title='bbox 2513 4254 2676 4309; x_wconf 89' lang='lat' dir='ltr'><strong>simul</strong></span> <span class='ocrx_word' id='word_1_727' title='bbox 2718 4263 2883 4324; x_wconf 88' lang='lat' dir='ltr'><strong>atque</strong></span> <span class='ocrx_word' id='word_1_728' title='bbox 2910 4256 3290 4324; x_wconf 84' lang='lat' dir='ltr'><strong>conjunctim?</strong></span> <span class='ocrx_word' id='word_1_729' title='bbox 3321 4257 3424 4311; x_wconf 88' lang='lat' dir='ltr'><strong>Pa-</strong></span> 
     </span>
    </p>
   </div>
   <div class='ocr_carea' id='block_1_91' title="bbox 1842 4344 3425 4411">
    <p class='ocr_par' dir='ltr' id='par_1_91' title="bbox 1842 4344 3425 4411">
     <span class='ocr_line' id='line_1_91' title="bbox 1842 4344 3425 4411; baseline 0.003 -12"><span class='ocrx_word' id='word_1_730' title='bbox 1842 4355 1927 4399; x_wconf 89' lang='lat' dir='ltr'><strong>ter</strong></span> <span class='ocrx_word' id='word_1_731' title='bbox 1959 4346 2106 4400; x_wconf 91' lang='lat' dir='ltr'><strong>enim</strong></span> <span class='ocrx_word' id='word_1_732' title='bbox 2157 4344 2319 4401; x_wconf 88' lang='lat' dir='ltr'><strong>Pater</strong></span> <span class='ocrx_word' id='word_1_733' title='bbox 2348 4354 2431 4402; x_wconf 89' lang='lat' dir='ltr'><strong>est</strong></span> <span class='ocrx_word' id='word_1_734' title='bbox 2458 4387 2474 4411; x_wconf 89' lang='lat'><strong>,</strong></span> <span class='ocrx_word' id='word_1_735' title='bbox 2514 4363 2579 4401; x_wconf 90' lang='lat' dir='ltr'><strong>ac</strong></span> <span class='ocrx_word' id='word_1_736' title='bbox 2630 4364 2738 4402; x_wconf 90' lang='lat' dir='ltr'><strong>non</strong></span> <span class='ocrx_word' id='word_1_737' title='bbox 2792 4347 2966 4401; x_wconf 87' lang='lat' dir='ltr'><strong>Filius</strong></span> <span class='ocrx_word' id='word_1_738' title='bbox 2991 4388 3004 4408; x_wconf 88' lang='lat'><strong>,</strong></span> <span class='ocrx_word' id='word_1_739' title='bbox 3042 4358 3097 4402; x_wconf 91' lang='lat' dir='ltr'><strong>et</strong></span> <span class='ocrx_word' id='word_1_740' title='bbox 3138 4347 3311 4403; x_wconf 76' lang='lat' dir='ltr'><strong>Filius</strong></span> <span class='ocrx_word' id='word_1_741' title='bbox 3340 4361 3425 4403; x_wconf 90' lang='lat' dir='ltr'><strong>est</strong></span> 
     </span>
    </p>
   </div>
   <div class='ocr_carea' id='block_1_92' title="bbox 142 4435 1740 4514">
    <p class='ocr_par' dir='ltr' id='par_1_92' title="bbox 142 4435 1740 4507">
     <span class='ocr_line' id='line_1_92' title="bbox 142 4435 1740 4507; baseline 0.004 -20"><span class='ocrx_word' id='word_1_742' title='bbox 142 4435 431 4505; x_wconf 86' lang='grc' dir='ltr'>θρωπίνου</span> <span class='ocrx_word' id='word_1_743' title='bbox 468 4436 684 4506; x_wconf 80' lang='grc' dir='ltr'>πρόεισι</span> <span class='ocrx_word' id='word_1_744' title='bbox 713 4436 775 4489; x_wconf 85' lang='grc' dir='ltr'>τὸ</span> <span class='ocrx_word' id='word_1_745' title='bbox 833 4438 1051 4505; x_wconf 84' lang='grc' dir='ltr'>πνεῦμα</span> <span class='ocrx_word' id='word_1_746' title='bbox 1084 4439 1436 4507; x_wconf 86' lang='grc' dir='ltr'>σωματικῶς,</span> <span class='ocrx_word' id='word_1_747' title='bbox 1475 4440 1617 4493; x_wconf 79' lang='grc' dir='ltr'>οὕτω</span> <span class='ocrx_word' id='word_1_748' title='bbox 1648 4443 1740 4494; x_wconf 81' lang='grc' dir='ltr'><strong>καὶ</strong></span> 
     </span>
    </p>
   </div>
   <div class='ocr_carea' id='block_1_93' title="bbox 1844 4435 3428 4514">
    <p class='ocr_par' dir='ltr' id='par_1_93' title="bbox 1844 4438 3428 4503">
     <span class='ocr_line' id='line_1_93' title="bbox 1844 4438 3428 4503; baseline 0.001 -10"><span class='ocrx_word' id='word_1_749' title='bbox 1844 4438 2020 4493; x_wconf 91' lang='lat' dir='ltr'><strong>Filius</strong></span> <span class='ocrx_word' id='word_1_750' title='bbox 2047 4480 2062 4503; x_wconf 86' lang='lat'><strong>,</strong></span> <span class='ocrx_word' id='word_1_751' title='bbox 2104 4454 2169 4494; x_wconf 89' lang='lat' dir='ltr'><strong>ac</strong></span> <span class='ocrx_word' id='word_1_752' title='bbox 2206 4456 2313 4494; x_wconf 92' lang='lat' dir='ltr'><strong>non</strong></span> <span class='ocrx_word' id='word_1_753' title='bbox 2352 4438 2535 4495; x_wconf 89' lang='lat' dir='ltr'><strong>Pater.</strong></span> <span class='ocrx_word' id='word_1_754' title='bbox 2569 4440 2961 4496; x_wconf 82' lang='lat' dir='ltr'><strong>Verumtamen</strong></span> <span class='ocrx_word' id='word_1_755' title='bbox 2993 4441 3158 4495; x_wconf 81' lang='lat' dir='ltr'><strong>Pater</strong></span> <span class='ocrx_word' id='word_1_756' title='bbox 3195 4444 3248 4496; x_wconf 91' lang='lat' dir='ltr'><strong>in</strong></span> <span class='ocrx_word' id='word_1_757' title='bbox 3285 4442 3428 4496; x_wconf 79' lang='lat' dir='ltr'><strong>Filio</strong></span> 
     </span>
    </p>
   </div>
   <div class='ocr_carea' id='block_1_94' title="bbox 141 4526 1745 4600">
    <p class='ocr_par' dir='ltr' id='par_1_94' title="bbox 141 4526 1745 4600">
     <span class='ocr_line' id='line_1_94' title="bbox 141 4526 1745 4600; baseline 0.003 -21"><span class='ocrx_word' id='word_1_758' title='bbox 141 4529 211 4579; x_wconf 84' lang='grc' dir='ltr'><strong>ἐκ</strong></span> <span class='ocrx_word' id='word_1_759' title='bbox 247 4526 351 4593; x_wconf 79' lang='grc' dir='ltr'>τῆς</span> <span class='ocrx_word' id='word_1_760' title='bbox 396 4526 543 4589; x_wconf 86' lang='grc' dir='ltr'>θείας</span> <span class='ocrx_word' id='word_1_761' title='bbox 582 4529 767 4591; x_wconf 82' lang='grc' dir='ltr'>οὐσίας</span> <span class='ocrx_word' id='word_1_762' title='bbox 798 4527 1120 4600; x_wconf 86' lang='grc' dir='ltr'>θεοπρεπῶς</span> <span class='ocrx_word' id='word_1_763' title='bbox 1151 4533 1434 4599; x_wconf 85' lang='grc' dir='ltr'>προχεῖται</span> <span class='ocrx_word' id='word_1_764' title='bbox 1467 4530 1527 4583; x_wconf 82' lang='grc' dir='ltr'>τὸ</span> <span class='ocrx_word' id='word_1_765' title='bbox 1549 4532 1605 4596; x_wconf 79' lang='grc' dir='ltr'><strong>ἐξ</strong></span> <span class='ocrx_word' id='word_1_766' title='bbox 1646 4532 1745 4584; x_wconf 87' lang='grc' dir='ltr'>αὐ-</span> 
     </span>
    </p>
   </div>
   <div class='ocr_carea' id='block_1_95' title="bbox 139 4618 1744 4691">
    <p class='ocr_par' dir='ltr' id='par_1_95' title="bbox 139 4618 1744 4691">
     <span class='ocr_line' id='line_1_95' title="bbox 139 4618 1744 4691; baseline 0.004 -21"><span class='ocrx_word' id='word_1_767' title='bbox 139 4618 265 4671; x_wconf 84' lang='grc' dir='ltr'>τοῦ.</span> <span class='ocrx_word' id='word_1_768' title='bbox 284 4620 415 4671; x_wconf 87' lang='grc' dir='ltr'>Ὅτε</span> <span class='ocrx_word' id='word_1_769' title='bbox 436 4620 617 4671; x_wconf 91' lang='grc' dir='ltr'>τοίνυν</span> <span class='ocrx_word' id='word_1_770' title='bbox 650 4621 781 4673; x_wconf 79' lang='grc' dir='ltr'>αὐτὸ</span> <span class='ocrx_word' id='word_1_771' title='bbox 807 4622 866 4674; x_wconf 86' lang='grc' dir='ltr'><strong>τὸ</strong></span> <span class='ocrx_word' id='word_1_772' title='bbox 886 4622 1111 4691; x_wconf 87' lang='grc' dir='ltr'>Πνεῦμα</span> <span class='ocrx_word' id='word_1_773' title='bbox 1139 4622 1231 4674; x_wconf 92' lang='grc' dir='ltr'><strong>τοῦ</strong></span> <span class='ocrx_word' id='word_1_774' title='bbox 1264 4639 1322 4675; x_wconf 89' lang='grc' dir='ltr'><strong>τε</strong></span> <span class='ocrx_word' id='word_1_775' title='bbox 1353 4622 1488 4675; x_wconf 88' lang='grc' dir='ltr'>Θεοῦ</span> <span class='ocrx_word' id='word_1_776' title='bbox 1520 4624 1614 4676; x_wconf 79' lang='grc' dir='ltr'><strong>καὶ</strong></span> <span class='ocrx_word' id='word_1_777' title='bbox 1630 4625 1744 4678; x_wconf 75' lang='grc' dir='ltr'>Παο</span> 
     </span>
    </p>
   </div>
   <div class='ocr_carea' id='block_1_96' title="bbox 140 4710 1743 4787">
    <p class='ocr_par' dir='ltr' id='par_1_96' title="bbox 140 4710 1743 4787">
     <span class='ocr_line' id='line_1_96' title="bbox 140 4710 1743 4787; baseline 0.006 -24"><span class='ocrx_word' id='word_1_778' title='bbox 140 4710 279 4781; x_wconf 79' lang='grc' dir='ltr'>τρός</span> <span class='ocrx_word' id='word_1_779' title='bbox 319 4713 466 4764; x_wconf 86' lang='grc' dir='ltr'>ἐστιν</span> <span class='ocrx_word' id='word_1_780' title='bbox 517 4713 744 4766; x_wconf 78' lang='grc' dir='ltr'>καὶτοῦ</span> <span class='ocrx_word' id='word_1_781' title='bbox 794 4713 965 4777; x_wconf 88' lang='grc' dir='ltr'>Υἰοῦ,</span> <span class='ocrx_word' id='word_1_782' title='bbox 998 4715 1115 4778; x_wconf 86' lang='grc' dir='ltr'><strong>πῶς</strong></span> <span class='ocrx_word' id='word_1_783' title='bbox 1164 4716 1286 4785; x_wconf 79' lang='grc' dir='ltr'>οὐχὶ</span> <span class='ocrx_word' id='word_1_784' title='bbox 1338 4717 1555 4780; x_wconf 87' lang='grc' dir='ltr'>πάντως</span> <span class='ocrx_word' id='word_1_785' title='bbox 1612 4718 1743 4787; x_wconf 90' lang='grc' dir='ltr'>μίαν</span> 
     </span>
    </p>
   </div>
   <div class='ocr_carea' id='block_1_97' title="bbox 140 4804 1742 4881">
    <p class='ocr_par' dir='ltr' id='par_1_97' title="bbox 140 4804 1742 4881">
     <span class='ocr_line' id='line_1_97' title="bbox 140 4804 1742 4881; baseline 0.005 -25"><span class='ocrx_word' id='word_1_786' title='bbox 140 4804 333 4867; x_wconf 73' lang='grc' dir='ltr'>ἕξουσι</span> <span class='ocrx_word' id='word_1_787' title='bbox 376 4804 474 4874; x_wconf 84' lang='grc' dir='ltr'><strong>τὴν</strong></span> <span class='ocrx_word' id='word_1_788' title='bbox 508 4805 758 4869; x_wconf 82' lang='grc' dir='ltr'>ἐξουσίαν</span> <span class='ocrx_word' id='word_1_789' title='bbox 804 4806 1150 4880; x_wconf 78' lang='grc' dir='ltr'>διῃρημένως</span> <span class='ocrx_word' id='word_1_790' title='bbox 1186 4825 1243 4860; x_wconf 91' lang='grc' dir='ltr'><strong>τε</strong></span> <span class='ocrx_word' id='word_1_791' title='bbox 1276 4807 1389 4878; x_wconf 75' lang='grc' dir='ltr'><strong>ἅμα</strong></span> <span class='ocrx_word' id='word_1_792' title='bbox 1415 4811 1508 4863; x_wconf 74' lang='grc' dir='ltr'><strong>καὶ</strong></span> <span class='ocrx_word' id='word_1_793' title='bbox 1536 4828 1742 4881; x_wconf 84' lang='grc' dir='ltr'>συνημ-</span> 
     </span>
    </p>
   </div>
   <div class='ocr_carea' id='block_1_98' title="bbox 142 4897 1740 4970">
    <p class='ocr_par' dir='ltr' id='par_1_98' title="bbox 142 4897 1740 4970">
     <span class='ocr_line' id='line_1_98' title="bbox 142 4897 1740 4970; baseline 0.005 -22"><span class='ocrx_word' id='word_1_794' title='bbox 142 4897 329 4968; x_wconf 83' lang='grc' dir='ltr'>μένως</span> <span class='ocrx_word' id='word_1_795' title='bbox 354 4913 369 4960; x_wconf 88' lang='grc'>;</span> <span class='ocrx_word' id='word_1_796' title='bbox 394 4898 583 4969; x_wconf 82' lang='grc' dir='ltr'>Πατὴρ</span> <span class='ocrx_word' id='word_1_797' title='bbox 612 4898 785 4969; x_wconf 75' lang='grc' dir='ltr'>γὰρ,ὁ</span> <span class='ocrx_word' id='word_1_798' title='bbox 823 4900 1013 4969; x_wconf 81' lang='grc' dir='ltr'>Πατὴρ</span> <span class='ocrx_word' id='word_1_799' title='bbox 1042 4900 1137 4951; x_wconf 76' lang='grc' dir='ltr'><strong>καὶ</strong></span> <span class='ocrx_word' id='word_1_800' title='bbox 1161 4901 1261 4970; x_wconf 81' lang='grc' dir='ltr'>οὐχ</span> <span class='ocrx_word' id='word_1_801' title='bbox 1293 4900 1443 4964; x_wconf 76' lang='grc' dir='ltr'>Υἱὸς,</span> <span class='ocrx_word' id='word_1_802' title='bbox 1467 4904 1560 4955; x_wconf 70' lang='grc' dir='ltr'>καὶ</span> <span class='ocrx_word' id='word_1_803' title='bbox 1590 4904 1740 4968; x_wconf 80' lang='grc' dir='ltr'>Υἱὸς,</span> 
     </span>
    </p>
   </div>
   <div class='ocr_carea' id='block_1_99' title="bbox 137 4986 1743 5063">
    <p class='ocr_par' dir='ltr' id='par_1_99' title="bbox 137 4986 1743 5063">
     <span class='ocr_line' id='line_1_99' title="bbox 137 4986 1743 5063; baseline 0.006 -24"><span class='ocrx_word' id='word_1_804' title='bbox 137 4988 168 5039; x_wconf 90' lang='lat'><strong>6</strong></span> <span class='ocrx_word' id='word_1_805' title='bbox 208 4986 341 5048; x_wconf 77' lang='grc' dir='ltr'>Υἱὸς</span> <span class='ocrx_word' id='word_1_806' title='bbox 376 4987 468 5039; x_wconf 75' lang='grc' dir='ltr'><strong>καὶ</strong></span> <span class='ocrx_word' id='word_1_807' title='bbox 501 4988 623 5057; x_wconf 76' lang='grc' dir='ltr'>οὐχὶ</span> <span class='ocrx_word' id='word_1_808' title='bbox 656 4988 862 5058; x_wconf 83' lang='grc' dir='ltr'>Πατήρ.</span> <span class='ocrx_word' id='word_1_809' title='bbox 918 4988 1067 5058; x_wconf 86' lang='grc' dir='ltr'>Πλὴν</span> <span class='ocrx_word' id='word_1_810' title='bbox 1098 4990 1126 5042; x_wconf 88' lang='lat'><strong>6</strong></span> <span class='ocrx_word' id='word_1_811' title='bbox 1168 4990 1352 5061; x_wconf 81' lang='grc' dir='ltr'>πατὴρ</span> <span class='ocrx_word' id='word_1_812' title='bbox 1384 4993 1442 5043; x_wconf 81' lang='grc' dir='ltr'><strong>ἐν</strong></span> <span class='ocrx_word' id='word_1_813' title='bbox 1474 4992 1607 5063; x_wconf 84' lang='grc' dir='ltr'>Υίῷ,</span> <span class='ocrx_word' id='word_1_814' title='bbox 1647 4996 1743 5049; x_wconf 80' lang='grc' dir='ltr'><strong>καὶ</strong></span> 
     </span>
    </p>
   </div>
   <div class='ocr_carea' id='block_1_100' title="bbox 140 5074 1739 5152">
    <p class='ocr_par' dir='ltr' id='par_1_100' title="bbox 140 5074 1739 5152">
     <span class='ocr_line' id='line_1_100' title="bbox 140 5074 1739 5152; baseline 0.006 -25"><span class='ocrx_word' id='word_1_815' title='bbox 140 5076 172 5127; x_wconf 88' lang='lat'><strong>6</strong></span> <span class='ocrx_word' id='word_1_816' title='bbox 226 5074 357 5137; x_wconf 83' lang='grc' dir='ltr'>Υἱὸς</span> <span class='ocrx_word' id='word_1_817' title='bbox 412 5077 468 5129; x_wconf 81' lang='grc' dir='ltr'><strong>ἐν</strong></span> <span class='ocrx_word' id='word_1_818' title='bbox 523 5076 718 5147; x_wconf 87' lang='grc' dir='ltr'>Πατρί.</span> <span class='ocrx_word' id='word_1_819' title='bbox 756 5077 951 5130; x_wconf 87' lang='grc' dir='ltr'>Δίδωσί</span> <span class='ocrx_word' id='word_1_820' title='bbox 994 5095 1056 5147; x_wconf 91' lang='grc' dir='ltr'><strong>γε</strong></span> <span class='ocrx_word' id='word_1_821' title='bbox 1107 5079 1214 5150; x_wconf 81' lang='grc' dir='ltr'><strong>μὴν</strong></span> <span class='ocrx_word' id='word_1_822' title='bbox 1244 5079 1333 5132; x_wconf 84' lang='grc' dir='ltr'><strong>τὸν</strong></span> <span class='ocrx_word' id='word_1_823' title='bbox 1360 5082 1739 5152; x_wconf 86' lang='grc' dir='ltr'>Παράκλητον,</span> 
     </span>
    </p>
   </div>
   <div class='ocr_carea' id='block_1_101' title="bbox 140 5166 1742 5249">
    <p class='ocr_par' dir='ltr' id='par_1_101' title="bbox 140 5166 1742 5249">
     <span class='ocr_line' id='line_1_101' title="bbox 140 5166 1742 5249; baseline 0.007 -32"><span class='ocrx_word' id='word_1_824' title='bbox 140 5168 270 5235; x_wconf 69' lang='grc' dir='ltr'>ἦτοι</span> <span class='ocrx_word' id='word_1_825' title='bbox 293 5166 354 5218; x_wconf 75' lang='grc' dir='ltr'>τὸ</span> <span class='ocrx_word' id='word_1_826' title='bbox 376 5167 599 5238; x_wconf 89' lang='grc' dir='ltr'>Πνεῦμα</span> <span class='ocrx_word' id='word_1_827' title='bbox 623 5168 686 5221; x_wconf 84' lang='grc' dir='ltr'>τὸ</span> <span class='ocrx_word' id='word_1_828' title='bbox 718 5168 893 5236; x_wconf 73' lang='grc' dir='ltr'>ἅγιον,</span> <span class='ocrx_word' id='word_1_829' title='bbox 924 5171 1025 5223; x_wconf 74' lang='grc' dir='ltr'><strong>οὐκ</strong></span> <span class='ocrx_word' id='word_1_830' title='bbox 1062 5171 1167 5242; x_wconf 82' lang='grc' dir='ltr'>ἰδίᾳ</span> <span class='ocrx_word' id='word_1_831' title='bbox 1210 5173 1307 5241; x_wconf 85' lang='grc' dir='ltr'>μὲν</span> <span class='ocrx_word' id='word_1_832' title='bbox 1337 5174 1367 5225; x_wconf 92' lang='lat'><strong>6</strong></span> <span class='ocrx_word' id='word_1_833' title='bbox 1397 5174 1607 5246; x_wconf 83' lang='grc' dir='ltr'>Πατὴρ,</span> <span class='ocrx_word' id='word_1_834' title='bbox 1636 5176 1742 5249; x_wconf 78' lang='grc' dir='ltr'>ίδίᾳ</span> 
     </span>
    </p>
   </div>
   <div class='ocr_carea' id='block_1_102' title="bbox 139 5259 1739 5339">
    <p class='ocr_par' dir='ltr' id='par_1_102' title="bbox 139 5259 1739 5339">
     <span class='ocr_line' id='line_1_102' title="bbox 139 5259 1739 5339; baseline 0.008 -29"><span class='ocrx_word' id='word_1_835' title='bbox 139 5259 200 5312; x_wconf 74' lang='grc' dir='ltr'>δὲ</span> <span class='ocrx_word' id='word_1_836' title='bbox 236 5259 265 5309; x_wconf 91' lang='lat'><strong>6</strong></span> <span class='ocrx_word' id='word_1_837' title='bbox 294 5259 443 5323; x_wconf 75' lang='grc' dir='ltr'>Υἱὸς,</span> <span class='ocrx_word' id='word_1_838' title='bbox 484 5262 801 5330; x_wconf 84' lang='grc' dir='ltr'>χορηγεῖται</span> <span class='ocrx_word' id='word_1_839' title='bbox 848 5261 905 5313; x_wconf 79' lang='grc' dir='ltr'><strong>δὲ</strong></span> <span class='ocrx_word' id='word_1_840' title='bbox 953 5262 1152 5333; x_wconf 85' lang='grc' dir='ltr'>μᾶλλον</span> <span class='ocrx_word' id='word_1_841' title='bbox 1202 5266 1316 5327; x_wconf 72' lang='grc' dir='ltr'>τοῖς</span> <span class='ocrx_word' id='word_1_842' title='bbox 1359 5266 1533 5333; x_wconf 83' lang='grc' dir='ltr'>ἁγίοις</span> <span class='ocrx_word' id='word_1_843' title='bbox 1584 5269 1739 5339; x_wconf 82' lang='grc' dir='ltr'>παρὰ</span> 
     </span>
    </p>
   </div>
   <div class='ocr_carea' id='block_1_103' title="bbox 142 5350 1739 5429">
    <p class='ocr_par' dir='ltr' id='par_1_103' title="bbox 142 5350 1739 5429">
     <span class='ocr_line' id='line_1_103' title="bbox 142 5350 1739 5429; baseline 0.007 -27"><span class='ocrx_word' id='word_1_844' title='bbox 142 5351 365 5421; x_wconf 66' lang='grc' dir='ltr'>Πατρός</span> <span class='ocrx_word' id='word_1_845' title='bbox 396 5350 463 5402; x_wconf 88' lang='grc' dir='ltr'>δι’</span> <span class='ocrx_word' id='word_1_846' title='bbox 505 5351 655 5405; x_wconf 84' lang='grc' dir='ltr'>Υίοῦ.</span> <span class='ocrx_word' id='word_1_847' title='bbox 701 5352 799 5405; x_wconf 83' lang='grc' dir='ltr'>Διὰ</span> <span class='ocrx_word' id='word_1_848' title='bbox 838 5353 945 5424; x_wconf 87' lang='grc' dir='ltr'><strong>γάρ</strong></span> <span class='ocrx_word' id='word_1_849' title='bbox 968 5371 1051 5407; x_wconf 92' lang='grc' dir='ltr'><strong>τοι</strong></span> <span class='ocrx_word' id='word_1_850' title='bbox 1074 5356 1253 5419; x_wconf 88' lang='grc' dir='ltr'>τοῦτο,</span> <span class='ocrx_word' id='word_1_851' title='bbox 1292 5355 1489 5409; x_wconf 89' lang='grc' dir='ltr'>διδόναι</span> <span class='ocrx_word' id='word_1_852' title='bbox 1513 5358 1739 5429; x_wconf 82' lang='grc' dir='ltr'>λεγομέ-</span> 
     </span>
    </p>
   </div>
   <div class='ocr_carea' id='block_1_104' title="bbox 140 5439 1735 5515">
    <p class='ocr_par' dir='ltr' id='par_1_104' title="bbox 140 5439 1735 5515">
     <span class='ocr_line' id='line_1_104' title="bbox 140 5439 1735 5515; baseline 0.006 -20"><span class='ocrx_word' id='word_1_853' title='bbox 140 5458 241 5495; x_wconf 83' lang='grc' dir='ltr'><strong>νου</strong></span> <span class='ocrx_word' id='word_1_854' title='bbox 275 5440 370 5493; x_wconf 91' lang='grc' dir='ltr'><strong>τοῦ</strong></span> <span class='ocrx_word' id='word_1_855' title='bbox 401 5443 634 5512; x_wconf 65' lang='grc' dir='ltr'>Πατρός,</span> <span class='ocrx_word' id='word_1_856' title='bbox 666 5444 694 5496; x_wconf 90' lang='lat'><strong>6</strong></span> <span class='ocrx_word' id='word_1_857' title='bbox 734 5444 801 5497; x_wconf 84' lang='grc' dir='ltr'>δι’</span> <span class='ocrx_word' id='word_1_858' title='bbox 836 5439 896 5497; x_wconf 77' lang='grc' dir='ltr'>οὗ</span> <span class='ocrx_word' id='word_1_859' title='bbox 925 5447 993 5499; x_wconf 73' lang='grc' dir='ltr'>τὰ</span> <span class='ocrx_word' id='word_1_860' title='bbox 1050 5447 1226 5499; x_wconf 89' lang='grc' dir='ltr'>πάντα</span> <span class='ocrx_word' id='word_1_861' title='bbox 1275 5448 1488 5501; x_wconf 82' lang='grc' dir='ltr'>δίδωσιν</span> <span class='ocrx_word' id='word_1_862' title='bbox 1517 5453 1545 5503; x_wconf 89' lang='grc' dir='ltr'><strong>ὁ</strong></span> <span class='ocrx_word' id='word_1_863' title='bbox 1571 5451 1697 5515; x_wconf 88' lang='grc' dir='ltr'>Υἱός</span> <span class='ocrx_word' id='word_1_864' title='bbox 1721 5470 1735 5483; x_wconf 82' lang='grc'><em>’</em></span> 
     </span>
    </p>
   </div>
   <div class='ocr_carea' id='block_1_105' title="bbox 145 5534 1737 5607">
    <p class='ocr_par' dir='ltr' id='par_1_105' title="bbox 145 5534 1737 5607">
     <span class='ocr_line' id='line_1_105' title="bbox 145 5534 1737 5607; baseline 0.009 -20"><span class='ocrx_word' id='word_1_865' title='bbox 145 5536 268 5601; x_wconf 78' lang='grc' dir='ltr'>καὶ,</span> <span class='ocrx_word' id='word_1_866' title='bbox 300 5534 501 5587; x_wconf 87' lang='grc' dir='ltr'>διδόναι</span> <span class='ocrx_word' id='word_1_867' title='bbox 549 5536 841 5607; x_wconf 81' lang='grc' dir='ltr'>λεγομένου</span> <span class='ocrx_word' id='word_1_868' title='bbox 889 5538 985 5592; x_wconf 90' lang='grc' dir='ltr'><strong>τοῦ</strong></span> <span class='ocrx_word' id='word_1_869' title='bbox 1019 5540 1171 5605; x_wconf 86' lang='grc' dir='ltr'>Υἱοῦ,</span> <span class='ocrx_word' id='word_1_870' title='bbox 1202 5543 1231 5594; x_wconf 90' lang='lat'><strong>6</strong></span> <span class='ocrx_word' id='word_1_871' title='bbox 1271 5540 1330 5606; x_wconf 81' lang='grc' dir='ltr'><strong>ἐξ</strong></span> <span class='ocrx_word' id='word_1_872' title='bbox 1364 5537 1424 5598; x_wconf 81' lang='grc' dir='ltr'><strong>οῦ</strong></span> <span class='ocrx_word' id='word_1_873' title='bbox 1466 5544 1529 5598; x_wconf 83' lang='grc' dir='ltr'>τὰ</span> <span class='ocrx_word' id='word_1_874' title='bbox 1560 5546 1737 5603; x_wconf 86' lang='grc' dir='ltr'>πάντα</span> 
     </span>
    </p>
   </div>
   <div class='ocr_carea' id='block_1_106' title="bbox 227 5708 1293 5787">
    <p class='ocr_par' dir='ltr' id='par_1_106' title="bbox 227 5708 1293 5787">
     <span class='ocr_line' id='line_1_106' title="bbox 227 5708 1293 5787; baseline 0.007 -21"><span class='ocrx_word' id='word_1_875' title='bbox 227 5710 274 5743; x_wconf 73' lang='grc'><strong>⁸⁸</strong></span> <span class='ocrx_word' id='word_1_876' title='bbox 362 5708 523 5767; x_wconf 77' lang='lat' dir='ltr'><strong>Joan.</strong></span> <span class='ocrx_word' id='word_1_877' title='bbox 570 5727 640 5780; x_wconf 89' lang='grc' dir='ltr'><strong>ιι,</strong></span> <span class='ocrx_word' id='word_1_878' title='bbox 677 5712 727 5787; x_wconf 14' lang='grc' dir='ltr'>ιν.</span> <span class='ocrx_word' id='word_1_879' title='bbox 805 5714 850 5747; x_wconf 78' lang='grc' dir='ltr'><strong>³ο</strong></span> <span class='ocrx_word' id='word_1_880' title='bbox 891 5712 1051 5775; x_wconf 83' lang='lat' dir='ltr'><strong>Joan.</strong></span> <span class='ocrx_word' id='word_1_881' title='bbox 1082 5732 1175 5782; x_wconf 68' lang='lat' dir='ltr'><strong>xx,</strong></span> <span class='ocrx_word' id='word_1_882' title='bbox 1203 5717 1293 5773; x_wconf 71' lang='lat'><strong>22.</strong></span> 
     </span>
    </p>
   </div>
   <div class='ocr_carea' id='block_1_107' title="bbox 1844 4532 3428 4599">
    <p class='ocr_par' dir='ltr' id='par_1_107' title="bbox 1844 4532 3428 4599">
     <span class='ocr_line' id='line_1_107' title="bbox 1844 4532 3428 4599; baseline 0.003 -12"><span class='ocrx_word' id='word_1_883' title='bbox 1844 4542 1900 4587; x_wconf 86' lang='lat' dir='ltr'><strong>et</strong></span> <span class='ocrx_word' id='word_1_884' title='bbox 1929 4532 2102 4587; x_wconf 87' lang='lat' dir='ltr'><strong>Filius</strong></span> <span class='ocrx_word' id='word_1_885' title='bbox 2132 4543 2219 4589; x_wconf 88' lang='lat' dir='ltr'><strong>est</strong></span> <span class='ocrx_word' id='word_1_886' title='bbox 2260 4536 2312 4588; x_wconf 83' lang='lat' dir='ltr'><strong>in</strong></span> <span class='ocrx_word' id='word_1_887' title='bbox 2351 4536 2530 4589; x_wconf 83' lang='lat' dir='ltr'><strong>Patre.</strong></span> <span class='ocrx_word' id='word_1_888' title='bbox 2579 4535 2679 4589; x_wconf 87' lang='lat' dir='ltr'><strong>Dat</strong></span> <span class='ocrx_word' id='word_1_889' title='bbox 2722 4552 2851 4590; x_wconf 82' lang='lat' dir='ltr'><strong>vero</strong></span> <span class='ocrx_word' id='word_1_890' title='bbox 2890 4534 3234 4591; x_wconf 84' lang='lat' dir='ltr'><strong>Paracletum</strong></span> <span class='ocrx_word' id='word_1_891' title='bbox 3260 4578 3273 4599; x_wconf 84' lang='lat'><strong>,</strong></span> <span class='ocrx_word' id='word_1_892' title='bbox 3311 4540 3428 4591; x_wconf 87' lang='lat' dir='ltr'><strong>sive</strong></span> 
     </span>
    </p>
   </div>
   <div class='ocr_carea' id='block_1_108' title="bbox 1848 4624 3425 4699">
    <p class='ocr_par' dir='ltr' id='par_1_108' title="bbox 1848 4624 3425 4699">
     <span class='ocr_line' id='line_1_108' title="bbox 1848 4624 3425 4699; baseline 0.004 -20"><span class='ocrx_word' id='word_1_893' title='bbox 1848 4624 2111 4694; x_wconf 87' lang='lat' dir='ltr'><strong>Spiritum</strong></span> <span class='ocrx_word' id='word_1_894' title='bbox 2160 4638 2448 4692; x_wconf 87' lang='lat' dir='ltr'><strong>sanctum,</strong></span> <span class='ocrx_word' id='word_1_895' title='bbox 2497 4643 2606 4681; x_wconf 91' lang='lat' dir='ltr'><strong>non</strong></span> <span class='ocrx_word' id='word_1_896' title='bbox 2656 4630 2887 4683; x_wconf 89' lang='lat' dir='ltr'><strong>seorsim</strong></span> <span class='ocrx_word' id='word_1_897' title='bbox 2942 4629 3163 4699; x_wconf 83' lang='lat' dir='ltr'><strong>quidem</strong></span> <span class='ocrx_word' id='word_1_898' title='bbox 3218 4629 3380 4685; x_wconf 83' lang='lat' dir='ltr'><strong>Pater</strong></span> <span class='ocrx_word' id='word_1_899' title='bbox 3410 4671 3425 4691; x_wconf 90' lang='lat'><strong>.</strong></span> 
     </span>
    </p>
   </div>
   <div class='ocr_carea' id='block_1_109' title="bbox 1845 4718 3428 4791">
    <p class='ocr_par' dir='ltr' id='par_1_109' title="bbox 1845 4718 3428 4791">
     <span class='ocr_line' id='line_1_109' title="bbox 1845 4718 3428 4791; baseline 0.001 -16"><span class='ocrx_word' id='word_1_900' title='bbox 1845 4721 2079 4775; x_wconf 90' lang='lat' dir='ltr'><strong>seorsim</strong></span> <span class='ocrx_word' id='word_1_901' title='bbox 2110 4736 2240 4774; x_wconf 84' lang='lat' dir='ltr'><strong>vero</strong></span> <span class='ocrx_word' id='word_1_902' title='bbox 2268 4718 2459 4784; x_wconf 86' lang='lat' dir='ltr'><strong>Filius,</strong></span> <span class='ocrx_word' id='word_1_903' title='bbox 2492 4721 2586 4775; x_wconf 89' lang='lat' dir='ltr'><strong>sed</strong></span> <span class='ocrx_word' id='word_1_904' title='bbox 2621 4723 2801 4791; x_wconf 86' lang='lat' dir='ltr'><strong>potius</strong></span> <span class='ocrx_word' id='word_1_905' title='bbox 2832 4723 3042 4775; x_wconf 90' lang='lat' dir='ltr'><strong>sanctis</strong></span> <span class='ocrx_word' id='word_1_906' title='bbox 3074 4738 3102 4775; x_wconf 91' lang='lat' dir='ltr'><strong>a</strong></span> <span class='ocrx_word' id='word_1_907' title='bbox 3138 4722 3297 4777; x_wconf 86' lang='lat' dir='ltr'><strong>Patre</strong></span> <span class='ocrx_word' id='word_1_908' title='bbox 3321 4733 3428 4776; x_wconf 85' lang='lat' dir='ltr'><strong>tra-</strong></span> 
     </span>
    </p>
   </div>
   <div class='ocr_carea' id='block_1_110' title="bbox 1843 4810 3427 4882">
    <p class='ocr_par' dir='ltr' id='par_1_110' title="bbox 1843 4810 3427 4882">
     <span class='ocr_line' id='line_1_110' title="bbox 1843 4810 3427 4882; baseline 0.001 -15"><span class='ocrx_word' id='word_1_909' title='bbox 1843 4812 1992 4867; x_wconf 90' lang='lat' dir='ltr'><strong>ditur</strong></span> <span class='ocrx_word' id='word_1_910' title='bbox 2025 4827 2121 4882; x_wconf 92' lang='lat' dir='ltr'><strong>per</strong></span> <span class='ocrx_word' id='word_1_911' title='bbox 2155 4811 2375 4867; x_wconf 87' lang='lat' dir='ltr'><strong>Filium.</strong></span> <span class='ocrx_word' id='word_1_912' title='bbox 2426 4810 2643 4866; x_wconf 88' lang='lat' dir='ltr'><strong>Idcirco</strong></span> <span class='ocrx_word' id='word_1_913' title='bbox 2688 4814 2832 4867; x_wconf 89' lang='lat' dir='ltr'><strong>enim</strong></span> <span class='ocrx_word' id='word_1_914' title='bbox 2860 4853 2874 4873; x_wconf 92' lang='lat'><strong>.</strong></span> <span class='ocrx_word' id='word_1_915' title='bbox 2919 4829 3044 4867; x_wconf 92' lang='lat' dir='ltr'><strong>cum</strong></span> <span class='ocrx_word' id='word_1_916' title='bbox 3097 4813 3253 4869; x_wconf 85' lang='lat' dir='ltr'><strong>Pater</strong></span> <span class='ocrx_word' id='word_1_917' title='bbox 3296 4815 3427 4869; x_wconf 84' lang='lat' dir='ltr'><strong>dare</strong></span> 
     </span>
    </p>
   </div>
   <div class='ocr_carea' id='block_1_111' title="bbox 1844 4904 3429 4976">
    <p class='ocr_par' dir='ltr' id='par_1_111' title="bbox 1844 4904 3429 4976">
     <span class='ocr_line' id='line_1_111' title="bbox 1844 4904 3429 4976; baseline 0.001 -17"><span class='ocrx_word' id='word_1_918' title='bbox 1844 4905 2083 4964; x_wconf 88' lang='lat' dir='ltr'><strong>dicitur.</strong></span> <span class='ocrx_word' id='word_1_919' title='bbox 2123 4904 2169 4958; x_wconf 90' lang='lat' dir='ltr'><strong>is</strong></span> <span class='ocrx_word' id='word_1_920' title='bbox 2202 4919 2301 4973; x_wconf 88' lang='lat' dir='ltr'><strong>per</strong></span> <span class='ocrx_word' id='word_1_921' title='bbox 2326 4919 2489 4974; x_wconf 90' lang='lat' dir='ltr'><strong>quem</strong></span> <span class='ocrx_word' id='word_1_922' title='bbox 2521 4904 2704 4958; x_wconf 90' lang='lat' dir='ltr'><strong>omnia</strong></span> <span class='ocrx_word' id='word_1_923' title='bbox 2748 4904 3042 4958; x_wconf 88' lang='lat' dir='ltr'><strong>traduntur</strong></span> <span class='ocrx_word' id='word_1_924' title='bbox 3078 4905 3172 4959; x_wconf 89' lang='lat' dir='ltr'><strong>dat</strong></span> <span class='ocrx_word' id='word_1_925' title='bbox 3207 4922 3429 4976; x_wconf 87' lang='lat' dir='ltr'><strong>quoque</strong></span> 
     </span>
    </p>
   </div>
   <div class='ocr_carea' id='block_1_112' title="bbox 1847 4994 3424 5065">
    <p class='ocr_par' dir='ltr' id='par_1_112' title="bbox 1847 4994 3424 5065">
     <span class='ocr_line' id='line_1_112' title="bbox 1847 4994 3424 5065; baseline 0 -16"><span class='ocrx_word' id='word_1_926' title='bbox 1847 4995 2058 5051; x_wconf 88' lang='lat' dir='ltr'><strong>Filius:</strong></span> <span class='ocrx_word' id='word_1_927' title='bbox 2092 5005 2167 5062; x_wconf 89' lang='lat' dir='ltr'><strong>et,</strong></span> <span class='ocrx_word' id='word_1_928' title='bbox 2202 5011 2327 5050; x_wconf 90' lang='lat' dir='ltr'><strong>cum</strong></span> <span class='ocrx_word' id='word_1_929' title='bbox 2363 4995 2570 5049; x_wconf 90' lang='lat' dir='ltr'><strong>dicitur</strong></span> <span class='ocrx_word' id='word_1_930' title='bbox 2602 4994 2733 5050; x_wconf 84' lang='lat' dir='ltr'><strong>dare</strong></span> <span class='ocrx_word' id='word_1_931' title='bbox 2763 4994 2959 5056; x_wconf 87' lang='lat' dir='ltr'><strong>Filius,</strong></span> <span class='ocrx_word' id='word_1_932' title='bbox 2998 4996 3048 5049; x_wconf 90' lang='lat' dir='ltr'><strong>is</strong></span> <span class='ocrx_word' id='word_1_933' title='bbox 3075 5011 3141 5050; x_wconf 80' lang='lat' dir='ltr'><strong>ex</strong></span> <span class='ocrx_word' id='word_1_934' title='bbox 3167 5012 3276 5065; x_wconf 86' lang='lat' dir='ltr'><strong>quo</strong></span> <span class='ocrx_word' id='word_1_935' title='bbox 3304 5014 3424 5050; x_wconf 90' lang='lat' dir='ltr'><strong>om-</strong></span> 
     </span>
    </p>
   </div>
   <div class='ocr_carea' id='block_1_113' title="bbox 1843 5086 3425 5155">
    <p class='ocr_par' dir='ltr' id='par_1_113' title="bbox 1843 5086 3425 5155">
     <span class='ocr_line' id='line_1_113' title="bbox 1843 5086 3425 5155; baseline -0.001 -11"><span class='ocrx_word' id='word_1_936' title='bbox 1843 5091 1932 5145; x_wconf 86' lang='lat' dir='ltr'><strong>nia</strong></span> <span class='ocrx_word' id='word_1_937' title='bbox 1958 5090 2050 5144; x_wconf 90' lang='lat' dir='ltr'><strong>dat</strong></span> <span class='ocrx_word' id='word_1_938' title='bbox 2084 5088 2265 5144; x_wconf 86' lang='lat' dir='ltr'><strong>Pater.</strong></span> <span class='ocrx_word' id='word_1_939' title='bbox 2296 5086 2452 5155; x_wconf 84' lang='lat' dir='ltr'><strong>Quod</strong></span> <span class='ocrx_word' id='word_1_940' title='bbox 2485 5096 2665 5143; x_wconf 90' lang='lat' dir='ltr'><strong>autem</strong></span> <span class='ocrx_word' id='word_1_941' title='bbox 2700 5087 2922 5143; x_wconf 86' lang='lat' dir='ltr'><strong>divinus</strong></span> <span class='ocrx_word' id='word_1_942' title='bbox 2953 5103 3016 5140; x_wconf 89' lang='lat' dir='ltr'><strong>ac</strong></span> <span class='ocrx_word' id='word_1_943' title='bbox 3049 5105 3157 5141; x_wconf 80' lang='lat' dir='ltr'><strong>non</strong></span> <span class='ocrx_word' id='word_1_944' title='bbox 3195 5089 3425 5144; x_wconf 66' lang='lat' dir='ltr'><strong>diversm</strong></span> 
     </span>
    </p>
   </div>
   <div class='ocr_carea' id='block_1_114' title="bbox 1844 5178 3419 5252">
    <p class='ocr_par' dir='ltr' id='par_1_114' title="bbox 1844 5178 3419 5252">
     <span class='ocr_line' id='line_1_114' title="bbox 1844 5178 3419 5252; baseline -0.003 -15"><span class='ocrx_word' id='word_1_945' title='bbox 1844 5184 1912 5237; x_wconf 88' lang='lat' dir='ltr'><strong>ab</strong></span> <span class='ocrx_word' id='word_1_946' title='bbox 1944 5184 2063 5252; x_wconf 91' lang='lat' dir='ltr'><strong>ipso</strong></span> <span class='ocrx_word' id='word_1_947' title='bbox 2092 5181 2256 5236; x_wconf 83' lang='lat' dir='ltr'><strong>Patre</strong></span> <span class='ocrx_word' id='word_1_948' title='bbox 2285 5193 2338 5235; x_wconf 91' lang='lat' dir='ltr'><strong>et</strong></span> <span class='ocrx_word' id='word_1_949' title='bbox 2367 5180 2505 5235; x_wconf 85' lang='lat' dir='ltr'><strong>Filio</strong></span> <span class='ocrx_word' id='word_1_950' title='bbox 2536 5181 2859 5234; x_wconf 71' lang='lat' dir='ltr'><strong>substantiae</strong></span> <span class='ocrx_word' id='word_1_951' title='bbox 2896 5185 2967 5235; x_wconf 85' lang='lat' dir='ltr'><strong>sit</strong></span> <span class='ocrx_word' id='word_1_952' title='bbox 3004 5178 3244 5249; x_wconf 86' lang='lat' dir='ltr'><strong>Spiritus</strong></span> <span class='ocrx_word' id='word_1_953' title='bbox 3266 5220 3280 5241; x_wconf 92' lang='lat'><strong>,</strong></span> <span class='ocrx_word' id='word_1_954' title='bbox 3323 5197 3419 5233; x_wconf 76' lang='lat' dir='ltr'><strong>ne-</strong></span> 
     </span>
    </p>
   </div>
   <div class='ocr_carea' id='block_1_115' title="bbox 1842 5272 3419 5341">
    <p class='ocr_par' dir='ltr' id='par_1_115' title="bbox 1842 5272 3419 5341">
     <span class='ocr_line' id='line_1_115' title="bbox 1842 5272 3419 5341; baseline -0.004 -11"><span class='ocrx_word' id='word_1_955' title='bbox 1842 5276 1981 5330; x_wconf 87' lang='lat' dir='ltr'><strong>mini</strong></span> <span class='ocrx_word' id='word_1_956' title='bbox 2029 5290 2177 5329; x_wconf 74' lang='lat' dir='ltr'><strong>sanze</strong></span> <span class='ocrx_word' id='word_1_957' title='bbox 2209 5274 2411 5331; x_wconf 86' lang='lat' dir='ltr'><strong>mentis</strong></span> <span class='ocrx_word' id='word_1_958' title='bbox 2439 5272 2667 5328; x_wconf 86' lang='lat' dir='ltr'><strong>dubium</strong></span> <span class='ocrx_word' id='word_1_959' title='bbox 2705 5289 2828 5327; x_wconf 87' lang='lat' dir='ltr'><strong>esse</strong></span> <span class='ocrx_word' id='word_1_960' title='bbox 2864 5283 3025 5339; x_wconf 86' lang='lat' dir='ltr'><strong>pulo.</strong></span> <span class='ocrx_word' id='word_1_961' title='bbox 3059 5282 3224 5341; x_wconf 88' lang='lat' dir='ltr'><strong>atque</strong></span> <span class='ocrx_word' id='word_1_962' title='bbox 3276 5280 3336 5324; x_wconf 91' lang='lat' dir='ltr'><strong>ut</strong></span> <span class='ocrx_word' id='word_1_963' title='bbox 3370 5274 3419 5324; x_wconf 81' lang='lat' dir='ltr'><strong>id</strong></span> 
     </span>
    </p>
   </div>
   <div class='ocr_carea' id='block_1_116' title="bbox 1846 5360 3420 5431">
    <p class='ocr_par' dir='ltr' id='par_1_116' title="bbox 1846 5360 3420 5431">
     <span class='ocr_line' id='line_1_116' title="bbox 1846 5360 3420 5431; baseline -0.006 -10"><span class='ocrx_word' id='word_1_964' title='bbox 1846 5367 2143 5422; x_wconf 84' lang='lat' dir='ltr'><strong>credamus</strong></span> <span class='ocrx_word' id='word_1_965' title='bbox 2166 5367 2307 5418; x_wconf 89' lang='lat' dir='ltr'><strong>ratio</strong></span> <span class='ocrx_word' id='word_1_966' title='bbox 2330 5365 2645 5419; x_wconf 86' lang='lat' dir='ltr'><strong>necessaria</strong></span> <span class='ocrx_word' id='word_1_967' title='bbox 2678 5379 2782 5417; x_wconf 88' lang='lat' dir='ltr'><strong>nos</strong></span> <span class='ocrx_word' id='word_1_968' title='bbox 2812 5364 3013 5431; x_wconf 79' lang='lat' dir='ltr'><strong>adiget.</strong></span> <span class='ocrx_word' id='word_1_969' title='bbox 3047 5360 3103 5414; x_wconf 88' lang='lat' dir='ltr'><strong>Si</strong></span> <span class='ocrx_word' id='word_1_970' title='bbox 3128 5362 3251 5430; x_wconf 90' lang='lat' dir='ltr'><strong>quis</strong></span> <span class='ocrx_word' id='word_1_971' title='bbox 3273 5362 3420 5414; x_wconf 87' lang='lat' dir='ltr'><strong>enim</strong></span> 
     </span>
    </p>
   </div>
   <div class='ocr_carea' id='block_1_117' title="bbox 1843 5454 3423 5525">
    <p class='ocr_par' dir='ltr' id='par_1_117' title="bbox 1843 5454 3423 5525">
     <span class='ocr_line' id='line_1_117' title="bbox 1843 5454 3423 5525; baseline -0.008 -11"><span class='ocrx_word' id='word_1_972' title='bbox 1843 5475 1967 5514; x_wconf 89' lang='lat' dir='ltr'><strong>eum</strong></span> <span class='ocrx_word' id='word_1_973' title='bbox 2002 5475 2065 5513; x_wconf 76' lang='grc' dir='ltr'><strong>ει</strong></span> <span class='ocrx_word' id='word_1_974' title='bbox 2098 5459 2407 5513; x_wconf 87' lang='lat' dir='ltr'><strong>substantia</strong></span> <span class='ocrx_word' id='word_1_975' title='bbox 2444 5457 2534 5512; x_wconf 90' lang='lat' dir='ltr'><strong>Dei</strong></span> <span class='ocrx_word' id='word_1_976' title='bbox 2566 5473 2689 5511; x_wconf 85' lang='lat' dir='ltr'><strong>esse</strong></span> <span class='ocrx_word' id='word_1_977' title='bbox 2724 5462 2919 5525; x_wconf 82' lang='lat' dir='ltr'><strong>negat,</strong></span> <span class='ocrx_word' id='word_1_978' title='bbox 2962 5454 3236 5522; x_wconf 89' lang='lat' dir='ltr'><strong>quomodo</strong></span> <span class='ocrx_word' id='word_1_979' title='bbox 3266 5467 3423 5505; x_wconf 89' lang='lat' dir='ltr'><strong>crea-</strong></span> 
     </span>
    </p>
   </div>
   <div class='ocr_carea' id='block_1_118' title="bbox 1844 5541 3430 5619">
    <p class='ocr_par' dir='ltr' id='par_1_118' title="bbox 1844 5541 3430 5619">
     <span class='ocr_line' id='line_1_118' title="bbox 1844 5541 3430 5619; baseline -0.006 -15"><span class='ocrx_word' id='word_1_980' title='bbox 1844 5557 1966 5605; x_wconf 90' lang='lat' dir='ltr'><strong>tura</strong></span> <span class='ocrx_word' id='word_1_981' title='bbox 2003 5550 2222 5607; x_wconf 88' lang='lat' dir='ltr'><strong>demum</strong></span> <span class='ocrx_word' id='word_1_982' title='bbox 2262 5550 2368 5605; x_wconf 88' lang='lat' dir='ltr'><strong>erit</strong></span> <span class='ocrx_word' id='word_1_983' title='bbox 2410 5548 2502 5605; x_wconf 91' lang='lat' dir='ltr'><strong>Dei</strong></span> <span class='ocrx_word' id='word_1_984' title='bbox 2546 5548 2822 5619; x_wconf 77' lang='lat' dir='ltr'><strong>particeps</strong></span> <span class='ocrx_word' id='word_1_985' title='bbox 2848 5586 2862 5611; x_wconf 88' lang='lat'><strong>,</strong></span> <span class='ocrx_word' id='word_1_986' title='bbox 2894 5553 3122 5614; x_wconf 85' lang='lat' dir='ltr'><strong>accepto</strong></span> <span class='ocrx_word' id='word_1_987' title='bbox 3172 5541 3377 5613; x_wconf 90' lang='lat' dir='ltr'><strong>Spiritu</strong></span> <span class='ocrx_word' id='word_1_988' title='bbox 3403 5543 3430 5596; x_wconf 66' lang='lat'>2</span> 
     </span>
    </p>
   </div>
  </div>
