3884 6208
423 263 535 320 959

1389 261 1449 319 S.
1491 260 1770 320 CYRILLI
1809 262 2282 320 ALEXANDRINI
2319 262 2643 321 ARCHIEP.

3597 262 3713 320 260

426 377 830 448 Antquomodo
860 377 1062 450 templa
1097 377 1189 433 Dei
1219 379 1668 448 nuncnpabimur
1689 387 1746 434 et
1771 381 2005 444 erimus,

2113 381 2370 435 δίδωσινὸ
2392 381 2602 452 Πατήρ.
2634 380 2759 434 Ὅτι
2785 379 2841 434 δέ
2875 377 3019 433 θεῖόν
3042 395 3100 432 τε
3138 377 3233 432 καὶ
3257 376 3317 431 τὸ
3343 375 3574 448 Πνεῦμα
3614 381 3712 433 καὶ

427 473 474 525 si
509 481 756 526 creatum
795 480 888 526 aut
921 473 1286 542 alienigenam
1337 472 1591 542 spiritum
1634 472 2010 542 accipiamus,

428 581 536 620 non
571 573 753 619 autem
788 565 939 618 illum
981 566 1074 634 qui
1123 580 1188 618 ex
1233 562 1343 618 Deo
1370 563 1498 618 est?
1529 562 1820 629 Quomodo
1851 571 2014 617 natu-

427 674 503 712 ra:
545 658 745 712 divina:
790 665 1078 712 consortes
1123 656 1169 687 ⁵⁵
1198 695 1213 719 ,
1275 657 1431 724 juxta
1489 665 1806 711 sanctorum
1854 669 2015 710 voces

428 749 557 823 [qui
582 749 822 819 Spiritus
842 750 1140 820 participes
1168 749 1305 803 fiunt
1330 749 1411 821 ⁵⁸]
1431 789 1444 812 ,
1475 750 1522 803 si
1554 749 1608 803 in
1634 758 2013 803 creaturarum

427 856 661 894 numero
693 841 998 895 collocatur
1022 880 1038 906 ,
1089 856 1153 894 ac
1196 857 1304 896 non
1335 843 1523 912 potius
1563 858 1629 897 ex
1670 843 1790 911 ipsa
1819 851 2014 896 natura

424 933 588 1002 811
625 932 812 987 divina
841 932 1115 1002 procedit,
1135 933 1228 1002 qui
1261 948 1368 987 non
1398 945 1457 987 ut
1478 935 1695 988 alienus
1722 948 1817 1002 per
1841 933 2015 1002 ipsam

429 1026 484 1079 in
525 1040 626 1079 nos
663 1025 938 1095 pervenit,
983 1024 1102 1088 sed,
1133 1035 1192 1079 ut
1232 1029 1308 1078 ita
1349 1024 1815 1094 dicam,qualitas
1849 1024 2016 1079 veluti

426 1117 676 1188 quaedam
729 1117 955 1172 deitatis
982 1126 1070 1173 est
1102 1118 1158 1172 in
1205 1118 1384 1181 nobis,
1438 1125 1494 1172 et
1526 1118 1578 1171 in
1611 1118 1822 1173 sanctis
1858 1117 2018 1172 habia

428 1219 529 1271 tat,
573 1217 865 1280 manetque
915 1225 1153 1281 semper,
1186 1210 1230 1265 si
1281 1226 1395 1265 suae
1440 1210 1641 1265 mentis
1677 1211 1898 1264 oculum
1920 1226 2017 1280 per

426 1317 591 1356 omne
611 1302 902 1371 probitatis
919 1317 1094 1372 genus
1116 1310 1435 1373 purgantes,
1462 1311 1516 1356 et
1534 1316 1630 1371 per
1645 1301 1870 1356 virtutis
1886 1302 2016 1371 juge

425 1402 482 1448 et
528 1393 869 1450 indefessum
915 1395 1158 1449 studium
1221 1396 1453 1465 gratiam
1496 1395 1599 1450 sibi
1655 1403 2010 1450 conservent.

427 1485 608 1556 Ipsum
631 1487 834 1557 quippe
857 1491 924 1540 ab
955 1487 1029 1543 iis
1059 1488 1152 1558 qui
1179 1487 1232 1541 in
1266 1488 1470 1542 mundo
1491 1494 1623 1542 sunt
1648 1502 1747 1541 nec
1765 1488 1887 1557 capi
1911 1502 2015 1542 nec

426 1578 824 1650 comprehendi
869 1595 1035 1649 posse
1075 1581 1342 1636 Christus
1389 1581 1492 1643 ait,
1526 1580 1632 1635 hoc
1680 1588 1768 1635 est
1810 1581 1880 1635 iis
1917 1581 2013 1649 qui

425 1688 549 1742 quae
588 1673 782 1727 mundi
835 1681 964 1728 sunt
1003 1674 1229 1744 sapiunt
1287 1689 1353 1728 ac
1400 1681 1625 1728 terrena
1677 1673 1918 1744 diligunt
1939 1673 2010 1737 ⁸⁷,

2115 473 2213 543 οὐχ
2234 471 2570 544 ἐτεροούσιον
2597 474 2672 536 ὠς
2707 473 2845 543 πρὸς
2874 473 3036 528 αὐτόν
3075 471 3137 525 τέ
3177 488 3320 542 φημι
3352 471 3442 524 τὸν
3485 472 3711 542 Πατέρα

2115 567 2210 620 καὶ⁹
2238 567 2329 620 τὸν
2341 565 2487 630 Υίὸν,
2504 566 2680 620 οὐδενὶ
2704 568 2803 638 μὲν
2825 563 2979 637 οἶμαι
3008 566 3118 620 τῶν
3148 561 3206 619 εὖ
3229 565 3574 636 φρονούντων
3606 566 3712 618 ὑπ-

2117 658 2311 730 άρχειν
2337 659 2658 731 ἀμφίϐολον,
2685 660 2781 713 καί
2809 658 3104 728 ἀναγκαῖος
3132 657 3190 711 δὲ
3224 659 3372 728 ἡμᾶς
3418 657 3711 711 ἀναπείσει

2115 749 2290 814 λόγος.
2319 752 2381 804 Et
2409 751 2516 823 γὰρ
2544 751 2644 804 οὐκ
2672 748 2809 804 εἷναί
2834 767 2920 812 τις
2939 750 3070 804 αὑτό
3108 767 3272 822 φησιν
3302 750 3366 802 ἐκ
3393 748 3492 818 τῆς
3516 748 3713 810 οὐσίας

2115 842 2210 896 τοῦ
2267 842 2426 908 Θεοῦ,
2459 843 2579 907 πῶς
2618 843 2684 896 ἂν
2734 843 2821 912 εἴη
2853 842 2989 896 Θεοῦ
3045 842 3271 913 μέτοχος
3315 842 3348 912 ἠ
3381 841 3592 904 κτίσις,
3625 840 3712 892 ἔτι

2115 935 2354 990 λαόοῦσα
2383 935 2445 990 τὸ
2475 935 2698 1006 Πνεῦμα
2723 952 2737 1000 ;
2763 935 2920 989 Κατά
2949 935 3068 990 τίνα
3107 935 3164 988 δέ
3196 935 3398 1006 τρόπον
3421 935 3536 986 ναοὶ
3567 933 3712 986 Θεοῦ

2115 1027 2535 1100 χρηματιοῦμεν
2570 1029 2663 1082 καὶ
2691 1026 2948 1098 ἐσόμεθα,
2981 1027 3197 1081 κτιστὸν
3225 1026 3258 1098 ἢ
3289 1025 3578 1096 ἀλλογενές
3611 1043 3714 1079 κο-

2119 1127 2401 1198 μιζόμενοι
2452 1126 2696 1197 Πνεῦμα,
2747 1129 2840 1180 καὶ
2887 1127 3005 1196 οὐχι
3045 1124 3248 1196 μᾶλλον
3297 1124 3360 1177 τὸ
3408 1125 3473 1177 ἐκ
3524 1123 3710 1189 Θεοῦ;

2116 1219 2242 1282 Πῶς
2273 1218 2331 1273 δὲ
2351 1219 2500 1283 θείας
2533 1219 2749 1289 φύσεως
2777 1219 3047 1284 κοινωνοὶ,
3085 1217 3228 1270 κατὰ
3249 1216 3349 1280 τὰς
3389 1215 3498 1269 τῶν
3529 1216 3713 1283 ἁγίων

2116 1311 2320 1381 φωνὰς,
2356 1313 2402 1365 oi
2450 1312 2765 1383 Πνεύματος
2801 1311 3042 1381 μέτοχοι,
3078 1311 3128 1362 εί
3154 1311 3268 1372 τοῖς
3315 1310 3565 1378 γενητοῖς
3614 1310 3712 1360 év-

2115 1405 2376 1476 α’ρίθμιόν
2403 1405 2553 1469 ἐστι,
2585 1405 2678 1458 καὶ
2712 1405 2835 1474 οὐχὶ
2879 1403 3079 1474 μᾶλλον
3120 1402 3177 1469 ἐξ
3227 1401 3397 1470 αὐτῆς
3430 1403 3562 1471 ἡμῖν
3607 1400 3716 1466 τῆς

2115 1494 2264 1558 θείας
2291 1493 2508 1563 φύσεως
2535 1495 2801 1566 πρόεισιν,
2823 1495 2885 1547 οῦ
2915 1493 3334 1564 διακονούμενον
3348 1493 3414 1545 δι’
3430 1493 3604 1561 αὐτῆς
3625 1493 3716 1556 εἰς

2114 1589 2147 1658 ἡ
2156 1589 2262 1659 μᾶς
2277 1588 2352 1650 ὡς
2367 1585 2667 1657 ἀλλότριον,
2690 1587 2803 1640 ἀλλ’
2813 1628 2825 1646 ,
2835 1587 2898 1639 ἵν’
2913 1586 3086 1650 οὕτως
3102 1585 3262 1648 εἴπω,
3280 1585 3500 1655 ποιότης
3514 1585 3668 1639 ὥσπε
3673 1601 3714 1655 ρ

2114 1698 2199 1744 τις
2223 1681 2322 1751 τῆς
2346 1680 2596 1750 θεότητος
2624 1681 2681 1732 ἐν
2710 1681 2842 1751 ἡμῖν
2858 1679 3167 1749 γινόμενον,
3192 1678 3285 1731 καὶ
3311 1679 3368 1731 ἐν
3397 1681 3508 1741 τοῖς
3526 1677 3715 1743 ἁγίοις

427 1740 527 1820 sed
580 1781 608 1819 a
667 1765 877 1820 sanctis
929 1740 1159 1835 capi-et
1195 1765 1434 1834 perspici
1472 1772 1674 1834 potest.
1705 1740 1880 1829 Quam
1941 1762 2006 1817 oh

2115 1773 2425 1836 κατοικοῦν,
2461 1773 2556 1827 καὶ
2587 1772 2860 1840 ἀπομένον
2901 1773 2988 1825 διὰ
3016 1771 3240 1835 παντὸς,
3272 1772 3319 1823 εἰ
3366 1770 3465 1840 τῆς
3493 1771 3715 1823 ἑαυτῶν

426 1857 688 1912 causam?
717 1855 799 1910 Illi
831 1857 1037 1927 quippe
1070 1856 1390 1927 impuritate
1421 1872 1540 1926 qua!
1565 1857 1652 1910 vix
1685 1856 1796 1912 elui
1839 1856 2013 1925 possit

427 1950 725 2020 inquinati,
774 1957 828 2002 et
886 1949 1122 2018 quadam
1183 1951 1347 2004 veluti
1407 1950 1744 2021 lippitudine
1799 1947 2011 2004 sulfuso

425 2043 625 2096 mentis
657 2041 845 2105 oculo,
877 2050 1090 2096 naturae
1138 2057 1253 2096 suae
1283 2040 1456 2096 decus
1489 2056 1599 2095 non
1641 2040 2008 2110 perspiciunt,

425 2151 605 2205 neque
645 2133 890 2207 Spiritus
940 2135 1116 2203 legem
1163 2135 1469 2204 accipiunt,
1505 2135 1695 2189 carnis
1730 2134 2010 2202 cupidita-

427 2228 581 2282 tibus
637 2227 868 2282 omnino
915 2227 1136 2281 subacti
1177 2243 1190 2278 :
1230 2228 1284 2280 hi
1338 2242 1470 2281 vero
1522 2227 1680 2297 probi
1715 2233 1771 2281 et
1816 2225 2008 2287 sobrii,

425 2335 664 2374 vacuum
709 2319 898 2373 mundi
952 2320 1113 2373 malis
1165 2333 1263 2372 cor
1317 2318 1584 2374 habentes
1645 2317 2010 2371 introducunt

423 2413 644 2484 quidem
680 2413 735 2467 in
778 2427 838 2468 se
894 2413 1042 2466 ultro
1100 2411 1470 2477 Paracletum,
1500 2427 1740 2482 eumque
1790 2417 2011 2466 servant

425 2516 769 2578 susceptum,
817 2517 874 2562 ct
908 2514 1179 2576 quantum
1228 2506 1554 2560 hominibus
1588 2506 1810 2574 assequi
1861 2504 2007 2565 licet,

425 2601 704 2655 intellectu
771 2599 1262 2669 contemplantur,
1318 2615 1576 2669 magnum
1642 2599 1769 2652 inde
1826 2612 2010 2666 opera:

424 2691 662 2761 pretium
717 2699 1088 2760 reportantes.
1125 2687 1512 2745 Sanctificabit
1555 2689 1701 2742 enim
1738 2702 1854 2752 eos,
1888 2701 2012 2739 om-

424 2782 695 2850 niumque
731 2780 897 2834 simul
934 2781 1207 2835 bonorum
1237 2779 1480 2835 factores
1510 2780 1723 2844 reddet,
1768 2795 1854 2844 ac,
1893 2794 2011 2834 ser-

423 2877 616 2930 vitutis
669 2875 927 2930 humana:
974 2877 1181 2946 probro
1260 2875 1541 2945 adempto,
1595 2875 1868 2944 dignitate
1913 2873 2010 2928 ad-

423 2966 672 3034 optionis
704 2966 947 3020 ornabit.
982 2966 1153 3036 Cujus
1181 2966 1260 3021 rei
1287 2969 1446 3021 testis
1477 2967 1583 3020 erit
1615 2967 1771 3021 nobis
1806 2965 2009 3021 Paulus

2111 1859 2350 1924 διανοίας
2407 1860 2498 1913 τὸν
2552 1860 2835 1931 ὀφθαλμὸν
2884 1859 2973 1913 διά
3025 1860 3207 1929 πάσης
3231 1860 3529 1923 ἐπιεικείας
3577 1861 3716 1913 ἀπο-

2115 1951 2492 2021 καθαίροντες,
2519 1951 2616 2005 καὶ
2649 1950 2736 2004 διὰ
2771 1952 2870 2021 τῆς
2913 1951 2995 2014 είς
3028 1953 3208 2005 πᾶσαν
3237 1952 3438 2023 ἀρετὴν
3488 1952 3714 2006 ἁνενδόο

2112 2060 2206 2097 του
2241 2043 2480 2114 σπουδῆς
2510 2046 2828 2112 συντηροῖεν
2860 2043 3074 2106 ἑαυτοῖς
3097 2043 3194 2114 τὴν
3217 2043 3410 2113 χάριν;
3459 2045 3718 2115 Ἀχὼρη-

2109 2152 2203 2189 τον
2239 2135 2336 2206 μὲν
2367 2133 2477 2206 γὰρ
2509 2135 2603 2188 καὶ
2639 2133 2950 2206 ἀθεώρητον
2981 2134 3114 2188 αὐτὸ
3145 2138 3258 2199 τοῖς
3300 2137 3357 2188 ἐν
3384 2136 3575 2206 κόσμῳ
3601 2154 3716 2204 φη·-

2114 2226 2200 2280 σὶν
2237 2227 2266 2279 ὁ
2294 2227 2548 2299 Χριστὸς,
2572 2226 2718 2280 τοῦτ’
2746 2226 2860 2281 ἔστι
2891 2229 3004 2291 τοῖς
3029 2227 3098 2280 τὰ
3132 2229 3190 2281 ἐν
3225 2229 3414 2299 κόσμῳ
3443 2228 3715 2299 φρονοῦσι

2113 2319 2206 2372 καὶ
2252 2319 2476 2390 ἀγαπᾷν
2511 2318 2790 2387 ἑλομένοις
2818 2318 2887 2372 τὰ
2929 2318 3148 2387 ἐπίγεια
3175 2360 3188 2379 .
3218 2319 3467 2390 χωρητόν
3496 2336 3560 2387 γε
3601 2321 3715 2391 μὴν

2112 2410 2205 2462 καὶ
2239 2410 2575 2463 εὐκάτοπτον
2631 2412 2745 2472 τοῖς
2791 2407 2985 2476 ἁγίοις.
3016 2408 3115 2461 Διά
3169 2408 3329 2461 ποίαν
3379 2409 3602 2476 αἰτίαν;
3640 2414 3712 2463 υἱ

2115 2499 2214 2571 μὲν
2255 2499 2363 2569 γὰρ
2412 2499 2780 2552 δυσέκπλυτον
2811 2498 3027 2568 ἔχοντες
3056 2497 3155 2568 τὴν
3207 2497 3576 2568 ἀκαθαρσίαν,
3616 2501 3716 2552 καὶ

2111 2591 2292 2663 λήμης
2332 2591 2522 2662 ῶσπερ
2553 2590 2697 2654 τινὸς
2743 2591 2836 2644 τὸν
2877 2591 3080 2644 οἰκεῖον
3115 2589 3527 2658 ἀναπλήσαντες
3555 2591 3713 2654 νοῦν,

2109 2685 2171 2738 τὸ
2198 2685 2295 2754 τῆς
2349 2683 2499 2746 θείας
2550 2682 2770 2750 φύσεως
2806 2683 2867 2735 ού
2903 2681 3266 2754 περιαθροῦσι
3314 2682 3544 2747 κάλλος,
3582 2681 3715 2736 οὔτε

2115 2777 2222 2848 μὴν
2256 2775 2318 2830 τὸ
2361 2775 2456 2829 τοῦ
2493 2775 2809 2845 Πνεύματος
2840 2774 3234 2844 καταδέχονται
3265 2774 3445 2842 νόμον,
3478 2775 3709 2845 ὁλοτρό-

2113 2887 2232 2932 πως
2267 2872 2378 2932 τοῖς
2411 2869 2509 2936 τῆς
2549 2867 2750 2937 σαρκὸς
2793 2866 3218 2938 τυραννούμενοι
3267 2867 3497 2920 πάθεσιν
3521 2885 3536 2900 °
3574 2870 3627 2921 οἱ
3654 2868 3716 2921 ἃ

2113 2960 2308 3030 ἀγαθοὶ
2334 2961 2426 3014 καὶ
2449 2959 2730 3030 νηφαλέοι,
2763 2957 3130 3029 σχολάζουσαν
3155 2958 3264 3011 τῶν
3296 2959 3354 3011 ἐν
3391 2959 3587 3030 κόσμῳ
3608 2976 3713 3011 κα-

420 3060 615 3114 dlcens
650 3077 663 3113 :
701 3078 720 3110 ι
759 3058 1034 3125 Quoniam
1076 3067 1260 3113 autem
1313 3059 1451 3114 estis
1500 3058 1622 3123 ﬁlii,
1654 3058 1808 3114 misit
1863 3057 2006 3114 Deus

2113 3055 2222 3109 κῶν
2249 3053 2462 3125 ἔχοντες
2485 3051 2584 3124 τὴν
2615 3051 2860 3122 καρδίαν,
2891 3050 3242 3115 είσοικίζουσι
3279 3050 3377 3121 μὲν
3403 3051 3461 3102 ἐν
3490 3053 3715 3114 ἑαυτοῖς

425 3149 696 3220 Spiritum
736 3151 977 3208 Filiisui
1021 3152 1076 3206 in
1124 3152 1295 3207 corda
1350 3159 1555 3216 vestra,
1612 3152 1944 3207 clamantem
1989 3170 2004 3208 :

419 3245 601 3311 Abba,
638 3243 802 3297 Pater
832 3244 900 3297 ⁵⁸.
943 3262 961 3294 ι

2116 3147 2360 3200 ἐθελοντὶ
2395 3145 2488 3197 τὸν
2537 3143 2932 3214 Παράκλητον,
2960 3142 3288 3206 διασώζουσι
3324 3142 3384 3196 δὲ
3426 3143 3714 3207 λαϐόντες,

2114 3241 2210 3294 καὶ
2263 3236 2494 3290 καθόσον
2529 3234 2836 3306 ἀνθρώποις
2891 3235 3142 3304 ἐφικτὸν,
3175 3233 3380 3304 νοητῶς
3411 3233 3712 3305 θεωροῦσι,

422 3337 556 3391 πολύ
595 3356 645 3391 τι
691 3338 787 3391 καὶ
837 3339 999 3406 μέγα,
1045 3337 1137 3392 καὶ
1176 3338 1541 3410 ἀξιοζήλωτον
1594 3338 1845 3392 ἐντεῦθεν
1877 3335 2338 3409 ἀποκομιζόμενον.
2386 3332 2574 3401 γέρας.
2606 3330 2984 3400 Ἀγιάσειγάρ
3045 3330 3264 3395 αὐτοὺς,
3323 3332 3417 3384 καὶ
3483 3331 3710 3384 πάντων

419 3429 556 3498 ὁμοῦ
586 3431 691 3482 τῶν
709 3429 931 3498 ἀγαθῶν
953 3430 1323 3494 ἀποτελεστάς
1359 3431 1654 3497 ἀποδείξει,
1681 3432 1777 3486 καὶ
1790 3432 1850 3485 τὸ
1878 3432 1977 3503 μὲν
2009 3431 2106 3500 τῆς
2123 3422 2626 3498 ἀνθρωποπρεποῦς
2661 3423 2902 3486 δουλείας
2930 3416 3120 3492 αἶσχος
3147 3423 3299 3490 ἀφιεῖ
3331 3420 3439 3492 [γρ.
3465 3421 3664 3490 ἀφελεῖ
3675 3424 3713 3494 ξ,

659 3523 685 3536 ~

418 3523 498 3592 τῷ
530 3523 585 3576 δὲ
623 3523 724 3593 τῆς
756 3523 1028 3588 υἱοθεσίας
1085 3523 1363 3594 ἀξιώματι
1431 3526 1739 3597 περιϐαλεί.
1789 3529 1901 3580 Καὶ
1954 3525 2300 3598 μαρτυρήσει
2375 3522 2552 3590 λέγων
2600 3522 2622 3572 5
2666 3518 2912 3582 Παῦλοςο
2949 3537 2966 3569 t
3007 3518 3129 3571 ’Ὁτι
3183 3517 3240 3570 δέ
3275 3521 3397 3570 ἐστε
3450 3521 3582 3584 υἱοὶ,
3618 3520 3714 3584 ἐξ-

418 3617 736 3671 απέστειλεν
782 3617 811 3668 ὁ
862 3617 993 3682 Θεὸς
1027 3626 1086 3672 τὸ
1126 3620 1349 3692 Πνεῦμα
1397 3623 1492 3675 τοῦ
1529 3623 1660 3676 Υίοῦ
1695 3622 1860 3677 αὑτοῦ
1898 3624 1978 3686 είς
2012 3623 2109 3686 τὰς
2137 3621 2366 3691 καρδίας
2395 3617 2570 3688 ὑμῶν,
2602 3615 2808 3686 κρᾶζον
2832 3633 2846 3647 ⁶
2899 3613 3090 3677 Ἀδδᾶν
3125 3617 3154 3668 ὁ
3185 3615 3397 3686 Πατήρο
3439 3636 3457 3666 ³

494 3705 633 3774 XIV,
684 3708 768 3763 I8.
803 3707 923 3761 Non
964 3709 1262 3780 relinquam
1315 3728 1405 3766 vos
1453 3712 1719 3780 orphanos
1753 3729 1772 3766 :
1800 3715 2005 3767 veniam

419 3797 490 3852 ad
519 3815 629 3852 vos.

491 3889 818 3944 Necessario
849 3907 1071 3961 quoque
1108 3906 1254 3946 nunc
1307 3890 1575 3946 Dominus
1607 3903 1791 3947 noster
1845 3889 2006 3945 Jesus

419 3983 674 4037 Christus
737 3981 806 4037 de
856 3992 1049 4036 sancta
1096 3992 1150 4036 et
1208 3983 1670 4037 consubstantiali
1730 3983 2006 4037 Trinitate

420 4089 736 4130 sermonem
786 4075 1055 4130 contexit.
1104 4073 1224 4128 Jam
1259 4075 1405 4130 enim
1448 4075 1603 4145 prius
1643 4075 2004 4145 diligentibus

421 4187 502 4234 se,
534 4170 720 4224 allatis
762 4169 827 4222 ad
881 4170 1178 4223 certiorem
1245 4167 1406 4222 ﬁdem
1459 4170 1645 4224 verbis
1698 4185 1762 4223 ac
1811 4169 2002 4232 rebus,

418 4261 664 4316 ostendit
703 4262 1007 4316 secundum
1056 4271 1312 4315 naturam
1343 4277 1402 4317 se
1443 4263 1615 4316 Deum
1666 4278 1814 4328 esse,
1849 4275 1902 4317 et
1936 4279 2002 4316 ex

421 4351 530 4405 Deo
557 4350 722 4405 Patre
751 4352 1024 4421 genitum,
1047 4351 1354 4421 eademque
1382 4367 1508 4406 cum
1542 4352 1637 4407 illo
1667 4354 1907 4422 potentia
1940 4369 2002 4408 ac

2184 3711 2304 3762 Οὐκ
2366 3705 2582 3776 ἀφήσω
2643 3703 2796 3775 ὑμᾶς
2857 3703 3203 3772 ὀρφανούςυ
3239 3704 3487 3772 ἔρχομαι
3551 3707 3714 3774 πρὸς

2112 3800 2283 3869 ὑμᾶς.

2193 3889 2535 3958 Ἀναγκαίως
2556 3889 2651 3942 καὶ
2680 3885 2774 3941 νῦν
2802 3890 2831 3940 ό
2860 3887 3062 3960 Κύριος
3086 3887 3243 3958 ἡμῶν
3275 3887 3482 3959 Ἰησοῦς
3510 3891 3538 3943 ό
3571 3891 3712 3959 Χρι-

2110 3985 2234 4048 στὸς
2264 3985 2354 4036 τὸν
2392 3983 2521 4053 περὶ
2565 3980 2666 4052 τῆς
2698 3980 2861 4050 ἁγίας
2904 3997 2965 4032 τε
3012 3980 3108 4033 καὶ
3145 3981 3432 4051 ὁμοουσίου
3470 3982 3709 4052 Τριάδος

2111 4077 2389 4146 ἐξυφαίνει
2441 4076 2621 4145 λόγον.
2663 4075 2880 4144 Δέδειχε
2947 4074 3046 4144 μὲν
3102 4074 3211 4143 γάρ
3254 4073 3353 4144 ⁴ήδη
3408 4075 3704 4146 πρότερον,

2111 4171 2380 4243 παραθεὶς
2421 4170 2501 4233 είς
2536 4167 2912 4239 πληροφορίαν
2933 4166 3128 4234 λόγους
3153 4183 3215 4218 τε
3241 4166 3335 4218 καὶ
3372 4168 3703 4236 πράγματα,

2107 4267 2220 4328 τοῖς
2244 4261 2532 4331 ἀγαπῶσιν
2566 4261 2747 4324 αὑτὸν,
2780 4260 2862 4312 ὅτι
2896 4277 2954 4312 τε
2987 4260 3081 4312 καὶ
3099 4258 3335 4328 ὑπάρχοι
3358 4259 3500 4311 κατά
3535 4263 3706 4326 φύσιν

2109 4355 2260 4418 Θεὸς,
2286 4353 2379 4407 καὶ
2424 4355 2488 4406 ἐκ
2529 4352 2665 4405 Θεοῦ
2693 4352 3016 4423 γεγέννηται
3047 4353 3285 4422 Πατρὸς,
3323 4352 3611 4416 ἰσοσθενής
3639 4356 3702 4406 τὲ

419 4443 704 4498 voluntate
754 4444 1068 4514 praeditum.
1110 4443 1326 4498 Idcirco
1383 4446 1530 4499 enim
1600 4445 1782 4499 aiebat
1841 4445 2005 4499 modo

2113 4449 2225 4499 ἐστι
2253 4446 2351 4500 καὶ
2383 4444 2701 4514 ίσογνὼμων
2720 4443 3004 4513 αύτῷ.Διά
3036 4444 3144 4514 γὰρ
3180 4443 3339 4496 τοῦτο
3365 4445 3457 4497 καὶ
3490 4447 3702 4514 ἔφασκε

415 4535 638 4604 quidem
674 4553 686 4589 :
726 4554 745 4587 ι
780 4534 922 4602 Quia
970 4551 1077 4606 ego
1127 4536 1273 4606 quod
1310 4537 1530 4604 loquor,
1564 4551 1594 4589 a
1633 4537 1845 4605 meipso
1885 4552 1992 4590 non

418 4629 651 4696 loquor;
688 4648 706 4680 ι
742 4629 908 4682 modo
936 4643 1068 4682 vero
1097 4643 1329 4682 rursus:
1369 4645 1386 4678 ι
1423 4627 1478 4680 Si
1504 4643 1615 4681 non
1649 4627 1794 4682 facio
1827 4643 1995 4696 opera

415 4717 597 4772 Patris
645 4720 773 4782 mei,
809 4720 979 4774 nolite
1007 4721 1235 4774 credere
1272 4719 1406 4772 mihi
1442 4738 1455 4773 :
1488 4720 1573 4773 sin
1611 4729 1794 4773 autem
1827 4718 1993 4785 facio,

415 4820 468 4864 et
494 4811 540 4865 si
575 4811 709 4864 mihi
745 4827 853 4865 non
889 4811 1136 4875 creditis,
1172 4811 1438 4881 operibus
1467 4811 1604 4867 meis
1632 4810 1838 4865 credite
1870 4811 1936 4863 ⁵⁸.
1971 4829 1990 4862 ι

415 4904 526 4960 Sed
575 4918 807 4959 necesse
834 4912 955 4959 erat
1005 4914 1272 4974 praeterea
1306 4906 1373 4960 de
1406 4914 1599 4960 sancto
1637 4905 1757 4975 ipso
1789 4901 1996 4974 Spiritu

416 5005 566 5053 recte
617 5003 673 5052 et
724 4996 1008 5066 inculpate
1054 4999 1286 5052 sentire.
1330 4997 1428 5052 Sic
1487 4998 1634 5053 enim
1681 4997 1996 5052 auditorum

417 5099 630 5144 mentes
683 5102 916 5158 prorsus
965 5086 1034 5141 ad
1090 5103 1297 5142 reetam
1344 5088 1470 5144 fidei
1516 5089 1792 5143 rationem
1833 5088 1998 5159 dirigi

416 5190 689 5255 poterant.
724 5180 866 5248 Quid
924 5195 1056 5249 ergo
1107 5196 1208 5236 nos
1264 5181 1430 5252 812
1462 5181 1724 5237 Christus
1771 5197 1838 5236 ex
1891 5181 1998 5235 hoc

413 5279 536 5332 Ioco
581 5274 801 5340 doceat,
827 5273 1018 5345 paucis
1055 5289 1359 5342 exponam.
1396 5274 1577 5328 Alium
1611 5273 1772 5329 nobis
1824 5288 1856 5327 a
1886 5272 1997 5327 Deo

411 5378 465 5424 et
492 5367 654 5423 Patre
685 5367 914 5422 missum
947 5365 1012 5419 iri
1048 5363 1262 5428 dicens,
1295 5365 1560 5434 singulari
1587 5365 1830 5421 consilio
1867 5363 1991 5420 ﬁdei

411 5460 720 5515 doctrinam
759 5458 961 5512 firmat.
1008 5453 1277 5509 Futurum
1311 5455 1457 5510 enim
1507 5465 1627 5510 erat
1677 5464 1756 5520 ut,
1791 5471 1991 5527 perpe-

415 5567 533 5605 ram
605 5550 811 5604 dictum
878 5547 1010 5604 illud
1073 5548 1294 5619 quidam
1350 5548 1669 5619 capientes,
1732 5559 1991 5620 putarent

2109 4538 2239 4591 ποτὲ
2275 4537 2374 4609 μέν
2403 4556 2418 4568 ο
2466 4558 2483 4589 ι
2517 4537 2638 4590 Ὅτι
2695 4535 2806 4604 ἐγὼ
2831 4536 2860 4588 ὃ
2899 4535 3065 4600 λαλῶ,
3101 4537 3196 4589 ἀπ’
3235 4535 3474 4607 ἐμαυτοῦ
3504 4541 3566 4589 ού
3603 4538 3701 4590 11-

2108 4630 2205 4694 λῶ,
2233 4650 2250 4682 ι
2283 4630 2412 4682 ποτέ
2449 4629 2506 4682 δέ
2540 4629 2700 4682 πάλιν
2729 4645 2742 4657 ·
2783 4647 2800 4679 ι
2845 4629 2906 4681 ΕΞ
2937 4629 2998 4681 οὐ
3034 4628 3171 4680 ποιῶ
3197 4629 3265 4682 τὰ
3295 4629 3433 4698 ἔργα
3460 4627 3555 4680 τοῦ
3587 4632 3700 4682 Πα-

2108 4723 2237 4795 τρός
2275 4739 2397 4793 μου,
2438 4722 2512 4794 μὴ
2568 4721 2853 4774 πιστεύετέ
2889 4737 3010 4791 μοι·
3045 4722 3092 4772 εί
3137 4720 3193 4772 δὲ
3226 4720 3384 4783 ποιῶ,
3419 4719 3524 4772 κᾶν
3573 4720 3703 4789 ἐμοὶ

2113 4816 2188 4886 μὴ
2224 4814 2513 4884 πιστεύητε
2541 4855 2555 4879 ,
2585 4819 2696 4877 τοῖς
2743 4813 2926 4883 ἔργοις
2987 4831 3090 4882 μου
3125 4811 3432 4866 πιστεύετε.
3483 4832 3500 4862 ι
3551 4814 3701 4865 Ἀλλ’

2099 4904 2167 4979 ἦν
2216 4909 2307 4960 ἐπί
2345 4907 2559 4970 τούτοις
2599 4907 2661 4960 οὐ
2701 4907 2938 4977 μετρίως
2985 4906 3282 4972 ἀναγκαῖον
3333 4904 3394 4956 τὸ
3450 4905 3546 4957 καὶ
3611 4904 3701 4955 ἐπ’

2101 4999 2252 5070 αὐτῷ
2276 4998 2353 5071 τῷ
2376 4999 2518 5070 ἁγίῳ
2551 4997 2828 5068 Πνεύματι
2854 4999 2952 5068 τὴν
2981 4996 3156 5067 ὀρθῶς
3195 5013 3254 5049 τε
3285 4995 3379 5048 καὶ
3420 4994 3668 5064 άνεγκλή
3697 5033 3703 5036 .

2099 5109 2208 5155 τως
2236 5092 2467 5163 ἔχουσαν
2495 5091 2745 5161 δέχεσθαι
2765 5089 2941 5155 δόξαν.
2967 5089 3125 5144 Οῦτω
3153 5090 3260 5161 γὰρ
3286 5084 3354 5159 ἦν
3382 5087 3702 5158 ὁλοκλήρως

2099 5187 2180 5248 εἰς
2209 5184 2474 5255 ὀρθότητα
2501 5185 2737 5247 πίστεως
2765 5183 2856 5238 τὸν
2902 5182 3012 5235 τῶν
3061 5181 3429 5254 ἀκροωμένων
3459 5179 3702 5234 ἀπευθύο

2099 5278 2287 5333 νεσθαι
2316 5279 2458 5332 νοῦν.
2508 5279 2572 5330 Τί
2615 5278 2794 5332 τοίνυν
2845 5279 2992 5346 ἡμᾶς
3023 5275 3112 5329 διὰ
3159 5276 3266 5328 τῶν
3309 5274 3699 5345 προκειμένων

2099 5371 2342 5425 διδάσκει
2376 5370 2633 5441 Χριστὸς,
2668 5370 2744 5434 ὡς
2770 5371 2829 5422 ἐν
2865 5369 3066 5437 ὀλίγοις
3093 5367 3420 5436 ἐκθήσομαι.
3459 5365 3694 5435 Ἕτερον

2099 5465 2234 5534 ἡμῖν
2263 5462 2415 5534 παρὰ
2451 5461 2542 5514 τοῦ
2582 5460 2716 5514 Θεοῦ
2757 5462 2849 5515 καὶ
2883 5460 3094 5532 Πατρὸς
3134 5457 3554 5530 πεμφθήσεσθαι
3605 5457 3697 5507 λέ-

2101 5571 2235 5622 γων,
2267 5553 2623 5622 ἀσφαλίζεται
2659 5552 2820 5606 πάλιν
2868 5550 3224 5622 οἰκονομικῶς
3256 5549 3348 5604 τὸν
3377 5548 3469 5602 ἐπὶ
3494 5550 3559 5618 τῇ
3600 5554 3698 5599 πί-

482 5687 602 5783 υἰι
633 5727 781 5785 retr,
824 5747 864 5797 ι,
909 5730 952 5786 ί.
1030 5731 1075 5762 ³⁸
1097 5728 1260 5786 Hebr.
1307 5745 1380 5798 ιι,
1411 5730 1462 5785 ιι.
1539 5732 1581 5762 ³’ί
1619 5728 1854 5803 Philipp.
1907 5749 1988 5799 ιιι,

2193 5733 2240 5764 ³⁸
2279 5733 2453 5788 Gulat.
2489 5749 2562 5801 tv,
2595 5732 2646 5788 6.
2729 5731 2772 5765 ’ν
2807 5731 2969 5788 Joan.
3005 5749 3056 5796 .\,
3095 5731 3182 5786 37.
