3884 6208
138 287 242 344 261

1180 281 1244 337 IN
1278 280 1567 337 JOANNIS
1605 278 2056 335 EVANCELIUM
2100 280 2229 334 LIB.
2271 278 2363 334 IX.

3314 286 3424 340 9.62

142 424 264 461 στει
298 399 588 475 λόγονῘΠν
604 405 710 477 γάρ
737 406 801 476 δή
822 423 973 470 τινας
1003 404 1147 467 εἰκὸς
1167 405 1267 458 οῦκ
1297 404 1472 474 ὀρθῶς
1496 402 1732 456 νοοῦνταέ

1857 402 2037 471 ipsum
2069 401 2256 457 dicere
2287 418 2397 456 non
2425 417 2551 458 esse
2583 418 2647 457 ex
2685 402 2775 456 Dei
2826 403 3137 460 substantia
3178 417 3431 461 sanctum

141 499 205 550 τὸ
219 498 513 568 εἰρημένον
536 497 816 567 οίήσεσθαι
848 498 1031 566 λέγειν
1049 496 1212 551 αὑτὸν
1234 498 1335 549 οὐκ
1357 498 1420 549 ὲκ
1444 496 1543 565 τῆς
1560 495 1746 558 οὐσίας

140 587 287 643 εἶναι
338 591 433 642 τοῦ
491 590 627 643 Θεοῦ
668 591 730 643 τὸ
778 589 1003 661 Πνεῦμα
1042 590 1105 642 τὸ
1143 589 1322 658 ἅγιον,
1369 588 1624 658 καθάπερ
1653 584 1746 640 οὖν

143 678 294 744 ἔδοξε
322 680 431 733 τῶν
474 680 750 734 ἀσυνέτων
781 681 946 743 τισὶν,
965 680 1080 733 ἀλλ’
1111 679 1299 751 ἕτερόν
1327 697 1380 732 τι
1410 679 1550 732 κατὰ
1583 677 1745 748 φύσιν

144 773 418 842 ὑπάρχειν
450 772 582 826 αὑτὸ
607 790 620 804 ο
643 772 705 825 τὸ
738 772 847 842 γὰρ
876 771 1070 825 ἄλλον
1099 774 1292 837 εἰπεῖν,
1327 771 1481 842 παρά
1517 787 1580 837 γε
1632 771 1743 832 τοῖς

144 864 547 936 ἀμαθεστέροις
597 864 852 935 τοιαύτης
903 862 1043 926 τινὸς
1096 864 1276 925 αἰτίας
1307 861 1545 932 ἔμφασιν
1571 862 1745 913 εἰσκο-

149 957 361 1026 μίσειεν
396 957 482 1010 ἄν.
512 958 631 1010 Ἵνα
673 957 859 1009 τοίνυν
907 955 1152 1029 ἐπιδείξῃ
1194 955 1378 1023 σαφῶς
1415 956 1497 1008 ὀτι
1521 954 1612 1007 τὸν
1645 954 1743 1024 τῆς

146 1049 469 1118 ἑτερότητος
504 1048 662 1117 λόγον
708 1049 771 1102 ού
814 1048 937 1102 καθ’
971 1048 1163 1119 ἕτερόν
1191 1065 1313 1101 τινα
1349 1047 1586 1100 νοεῖσθαι
1620 1044 1743 1116 βού-

144 1142 298 1194 λεται
327 1141 549 1212 τρόπον,
599 1141 737 1195 ἀλλὰ
782 1140 925 1194 κατὰ
960 1141 1119 1210 μόνον
1169 1140 1233 1191 τὸ
1285 1138 1427 1201 ίδίως
1471 1138 1740 1207 ὑπάρχειν

143 1232 281 1286 αὐτὸ
312 1232 560 1303 (Πνεῦμα
591 1234 700 1304 γὰρ
722 1273 736 1296 ,
761 1233 822 1286 τὸ
852 1232 1077 1303 Πνεῦμα
1107 1232 1200 1285 καὶ
1238 1232 1337 1301 οὐχ
1360 1231 1487 1293 Υίός
1507 1247 1522 1261 ο
1551 1229 1741 1300 ῶσπερ

145 1320 241 1377 οῦν
267 1324 414 1389 Υἱὸς,
448 1327 476 1377 6
512 1324 640 1388 Υἱὸς
700 1324 794 1377 καὶ
841 1325 961 1395 οὐχὶ
1006 1324 1240 1394 Πατὴρ),
1266 1319 1739 1391 ἀποσταλήσεσθαι

142 1416 236 1469 τὸν
288 1417 644 1488 Παράκλητον
682 1416 875 1480 είπὼν,
910 1417 1072 1479 αὐτὸς
1114 1415 1264 1484 ἥξειν
1317 1413 1735 1482 ἐπαγγέλλεται,

143 1509 245 1577 οὐχ
277 1508 464 1578 ἔτερόν
499 1526 552 1561 τι
585 1509 647 1561 τὸ
678 1508 903 1580 Πνεῦμα
939 1508 1157 1571 δεικνὺς
1186 1508 1218 1576 ἢ
1258 1510 1396 1577 ὅπερ
1432 1507 1581 1560 ἐστὶν
1640 1507 1739 1559 αῦ-

143 1602 261 1663 τός,
302 1601 534 1672 ἐπείπερ
568 1603 715 1655 ἐστὶν
744 1602 809 1653 ὲκ
842 1601 937 1653 τοῦ
970 1600 1180 1670 Πατρὸς
1214 1600 1344 1653 ἴδιον
1374 1598 1601 1670 Πνεῦμα
1638 1600 1735 1651 καὶ

143 1687 313 1741 αὐτοῦ
346 1692 546 1742 νοεῖται
576 1692 669 1743 καὶ
704 1689 847 1752 Νοῦς
876 1689 1039 1742 αὑτοῦ
1069 1690 1157 1741 διά
1202 1688 1360 1741 τοῦτο
1394 1688 1729 1758 ὠνόμασται.

1851 493 2141 562 Spiritum,
2189 495 2353 549 siculi
2411 495 2700 550 nonnullis
2745 495 2923 549 visum
2985 505 3069 551 est
3129 499 3428 567 imperitis,

1849 586 1945 640 sed
1986 586 2266 641 diversum
2309 587 2575 657 quiddam
2625 605 2751 643 eum
2807 589 3115 644 secundum
3169 600 3428 644 naturam

1846 679 2159 734 exsistere:
2196 696 2321 733 nam
2363 681 2510 750 quod
2543 681 2709 735 alium
2780 680 2941 748 dixit,
2978 683 3032 736 in
3075 697 3244 736 causa
3289 682 3429 736 forte

1847 769 2013 825 fuerit
2056 787 2154 825 cur
2200 772 2255 826 id
2320 774 2562 828 sentiant
2614 776 2880 844 imperiti.
2924 776 2992 830 Ut
3036 792 3167 847 ergo
3217 776 3429 847 liquido

1846 870 2184 916 monstraret
2241 864 2411 918 alium
2488 881 2519 919 a
2589 881 2649 921 se
2722 867 2829 921 dici
2894 884 3002 921 non
3077 870 3188 922 alio
3264 870 3429 922 modo

1843 968 2007 1021 quam
2058 954 2207 1023 quod
2247 954 2363 1023 ipse
2414 957 2635 1024 proprie
2670 957 2931 1011 subsistit
2963 956 3227 1029 (Spiritus
3277 959 3427 1012 enim

1842 1054 1929 1100 est
1960 1044 2227 1114 Spiritus.
2261 1063 2325 1101 ac
2355 1062 2462 1101 non
2487 1047 2691 1112 Filius,
2718 1051 2883 1103 sicuti
2914 1050 3091 1106 Filius
3117 1061 3201 1106 est
3227 1050 3424 1113 Filius,

1842 1151 1907 1189 ac
1969 1153 2081 1191 non
2136 1136 2343 1205 Pater),
2395 1139 2626 1194 missum
2689 1141 2755 1193 iri
2805 1140 3150 1197 Paraeletum
3205 1143 3424 1206 dicens,

1842 1228 1961 1298 ipse
1991 1238 2288 1283 venturum
2326 1246 2384 1285 se
2429 1232 2744 1300 pollicetur,
2776 1249 2884 1287 non
2919 1235 3087 1289 alium
3120 1250 3150 1289 a
3185 1252 3244 1290 se
3300 1235 3426 1305 Spi-

1840 1323 2007 1374 ritum
2053 1323 2377 1386 ostendens,
2404 1326 2849 1395 quandoquidem
2888 1334 2974 1381 est
3007 1344 3070 1382 ex
3106 1327 3268 1382 Patre
3299 1343 3429 1397 pro-

1839 1414 1995 1483 prius
2012 1412 2272 1484 Spiritus,
2291 1423 2343 1470 et
2367 1417 2487 1486 ejus
2517 1432 2640 1471 esse
2664 1418 3006 1488 intelligitur,
3026 1428 3081 1474 et
3113 1419 3267 1476 Mens
3298 1421 3421 1490 ejus

1837 1505 2048 1560 idcirco
2096 1516 2181 1562 est
2221 1519 2601 1577 nuncupatus.
2634 1508 2792 1566 Unde
2824 1512 3027 1566 Paulus
3072 1512 3309 1581 idipsum
3344 1516 3424 1568 si-

1837 1597 2128 1667 gniﬁcans,
2173 1600 2252 1653 ait
2295 1619 2308 1654 :
2345 1620 2363 1652 ι
2397 1599 2508 1657 Nos
2556 1614 2740 1657 autem
2781 1601 2989 1658 Christi
3043 1620 3270 1659 sensum
3320 1605 3422 1658 ha-

1838 1690 2030 1745 bemus
2064 1691 2127 1742 ⁶⁰.
2170 1710 2189 1742 ι
2229 1692 2398 1747 Recte
2435 1693 2620 1763 itaque
2660 1702 2715 1749 et
2767 1695 3046 1765 inculpate
3096 1698 3420 1761 sentientes,

143 1782 258 1835 Καὶ
290 1781 419 1849 γοῦν
447 1784 475 1834 6
502 1780 712 1843 Παῦλός
751 1798 915 1850 φησιν
954 1780 1086 1834 αὐτὸ
1125 1780 1188 1851 δὴ
1216 1778 1377 1832 τοῦτο
1409 1779 1689 1849 σημαίνων
1714 1794 1727 1807 ·

1839 1789 1893 1835 et
1926 1782 2073 1835 omni
2108 1798 2297 1837 errore
2344 1784 2583 1853 abjecto,
2619 1800 2904 1839 sacrarum
2957 1785 3289 1840 Litterarum
3324 1787 3423 1841 do-

149 1888 169 1920 ι
223 1870 418 1942 Ἡμεῖς
447 1871 503 1924 δὲ
533 1871 655 1925 νοῦν
680 1872 921 1942 Χριστοῦ
954 1871 1170 1943 ἔχομεν,
1204 1892 1223 1924 ι
1256 1873 1537 1936 Συνιέντες
1558 1872 1736 1924 τοίνυν

140 1961 322 2033 ὀρθῶς
347 1979 404 2015 τε
443 1962 534 2015 καὶ
563 1963 837 2026 ἀπλανῶς,
865 1965 959 2016 καὶ
991 1963 1052 2016 τὸ
1082 1963 1445 2034 ὲκτρέπεσθαί
1474 1981 1564 2016 ποι
1585 1963 1737 2034 παρὰ

141 2055 206 2107 τὸ
242 2056 411 2119 εἰκὸς,
441 2057 515 2119 ὡς
548 2056 804 2119 ἀκαλλὲς,
835 2056 1209 2127 διωθούμενοι,
1241 2058 1336 2111 καὶ
1361 2060 1473 2120 τοῖς
1497 2058 1594 2127 τῆς
1618 2057 1737 2109 θεο-

144 2146 415 2199 πνεύστου
436 2148 659 2218 Γραφῆς
682 2149 941 2218 ἑπόμενοι
967 2148 1168 2217 λόγοις,
1196 2149 1375 2219 φαμὲν
1396 2151 1477 2203 ὅτι
1494 2150 1592 2220 οὐχ
1617 2149 1736 2202 ἓτε-

147 2239 242 2310 ρόν
274 2257 326 2293 τι
376 2241 508 2309 παρ’
535 2241 718 2303 αὑτὸν,
752 2243 874 2295 ὅσον
914 2237 1049 2314 ἧκεν
1082 2243 1256 2295 εἰπεῖν
1297 2244 1377 2305 εἰς
1428 2243 1735 2311 ταυτότητα

143 2333 385 2403 φυσικὴν
414 2375 428 2398 ,
462 2334 808 2405 διῃρημένως
856 2352 915 2387 τε
955 2334 1051 2387 καὶ
1106 2335 1509 2398 ίδιοσυστάτως.
1566 2334 1736 2388 Τοῦτο

140 2424 254 2495 γὰρ
282 2420 505 2496 ,οἷμαι,
542 2426 723 2487 συνεὶς
774 2428 868 2480 καὶ
893 2429 922 2479 ὀ
967 2426 1251 2489 θεσπέσιος
1295 2426 1507 2487 Παῦλος
1552 2445 1734 2499 παρα-

145 2518 334 2588 μίσγει
378 2517 667 2581 πολλάκις,
699 2520 794 2571 καὶ
824 2518 899 2581 ὼς
932 2518 1131 2572 ταυτὸν
1162 2518 1221 2570 ὃν
1250 2518 1511 2589 ἑκάτερον
1544 2518 1733 2586 είσιρέ-

145 2628 251 2681 ρει,
290 2610 379 2663 τὺν
416 2610 774 2680 Παράκλητόν
833 2628 973 2680 φημι
1019 2611 1111 2663 καὶ
1143 2611 1234 2663 τὸν
1281 2610 1428 2664 Υίόν.
1465 2611 1735 2682 Εὑρήσεις

140 2703 255 2773 γὰρ
286 2702 512 2770 λέγοντα
536 2719 548 2730 ·
597 2722 615 2753 ι
650 2703 712 2754 Ei
744 2701 800 2754 δέ
833 2720 916 2764 τις
945 2702 1171 2772 Πνεῦμα
1195 2701 1431 2772 Χριστοῦ
1461 2701 1560 2755 οὐκ
1598 2701 1730 2772 ἔχει,

136 2790 297 2856 οὗτος
326 2795 425 2847 οὐκ
462 2794 606 2846 ἐστιν
631 2793 851 2846 αὑτοῦ.)
878 2794 990 2846 Καὶ
1014 2794 1176 2847 πάλιν
1198 2792 1359 2855 εὐθύς
1379 2809 1391 2821 ’
1426 2794 1490 2845 Εἰ
1516 2793 1571 2845 δὲ
1596 2795 1731 2865 Χριο

140 2886 270 2947 στὸς
302 2887 361 2937 ὲν
400 2886 527 2956 ὑμῖν
547 2925 561 2946 ,
589 2884 651 2937 τὸ
682 2888 778 2955 μὲν
811 2885 969 2954 σῶμα
1000 2885 1188 2955 νεκρὸν
1220 2885 1307 2937 διὰ
1342 2886 1635 2956 ἁμαρτίαν,
1671 2886 1734 2939 τὸ

136 2979 195 3031 δὲ
248 2976 473 3048 Πνεῦμα
521 2978 635 3048 ζωὴ
687 2977 775 3030 διὰ
831 2977 1203 3047 δικαιοσύνην.
1245 2996 1263 3026 ι
1313 2978 1557 3041 Ἀκούεις
1615 2978 1733 3041 πῶς

136 3068 379 3139 Χριστὸν
431 3069 575 3138 ἔχειν
629 3066 925 3138 διαρρήδην
956 3066 1209 3136 ὁμολογεῖ
1248 3068 1375 3130 τοὺς
1416 3066 1476 3118 τὸ
1506 3067 1729 3137 Πνεῦμα
1759 3106 1801 3163 C

135 3160 409 3223 λαϐόντας
460 3160 626 3214 αὑτοῦ
660 3178 675 3225 ;
708 3160 846 3230 Φησὶ
898 3159 954 3211 δὲ
1005 3160 1097 3212 καὶ
1138 3162 1196 3212 ὲν
1248 3160 1488 3230 ἑτέροις·
1524 3179 1543 3210 ι
1577 3160 1730 3213 Δοκῶ

135 3250 249 3322 γὰρ
303 3248 460 3313 κάγὼ
495 3248 719 3319 Πνεῦμα
750 3249 884 3302 Θεοῦ
915 3250 1081 3319 ἔχειν.
1122 3268 1142 3301 ι
1197 3250 1256 3302 Ὀ
1294 3249 1351 3301 δὲ
1397 3249 1555 3302 τοῦτο
1593 3249 1730 3320 πρὸς

136 3344 289 3413 ἡμᾶς
311 3341 481 3395 εἰπών
514 3360 528 3373 ·
560 3362 577 3392 ι
608 3342 672 3395 El
700 3341 927 3413 δοκιμὴν
955 3344 1190 3411 ζητεῖτε,
1215 3342 1370 3413 φησι,
1402 3340 1496 3393 τοῦ
1522 3343 1579 3393 ὲν
1608 3342 1731 3412 ἐμοὶ

136 3431 432 3496 λαλοῦντος
460 3432 724 3502 Χριστοῦ,
769 3453 786 3484 ι
830 3433 925 3487 καὶ
955 3435 1085 3503 ἡμῖν
1116 3434 1174 3487 δὲ
1214 3435 1327 3498 τοῖς
1366 3433 1732 3487 πεπιστευκόο

139 3542 229 3578 σιν
277 3524 558 3595 ἐνοικῆσαι
619 3525 853 3596 Χριστὸν
899 3525 989 3579 διὰ
1039 3526 1138 3596 τῆς
1186 3525 1424 3589 πίστεως
1470 3525 1731 3589 πολλάκις

137 3615 477 3695 ἐπεύχεται,
513 3616 691 3669 καίτοι
734 3616 794 3670 τὺ
850 3617 1073 3687 Πνεῦμα
1117 3617 1405 3687 δεχόμενος
1444 3617 1505 3670 τὸ
1552 3618 1727 3685 ἅγιον.

138 3709 255 3762 Καὶ
286 3709 362 3779 μή
390 3725 474 3768 τις
520 3708 715 3762 οἰέσθω
755 3710 933 3777 λέγειν
981 3710 1130 3780 ἡμᾶς
1177 3710 1260 3762 ὅτι
1306 3709 1414 3762 τῶν
1451 3710 1731 3779 ὀνομάτων

137 3801 264 3872 ἦτοι.
290 3801 399 3854 τῶν
432 3800 739 3872 προσώπων
765 3802 979 3873 ἀναιρεί
1002 3802 1099 3871 τὴν
1120 3803 1200 3864 εἰς
1230 3802 1486 3872 ἑκάτερον
1519 3802 1726 3868 στάσιν,

137 3896 170 3965 ἦ
200 3896 284 3947 ὅτι
324 3896 416 3947 τὸν
456 3895 585 3948 Υἰὸν
611 3896 710 3966 οὐχ
752 3895 879 3949 Υἱὸν
913 3892 1053 3949 εἷναί
1094 3912 1279 3966 φησιν,
1313 3894 1450 3947 ἀλλὰ
1483 3893 1727 3965 Πνεῦμα,

139 3987 312 4056 {now
349 3986 411 4038 τὸ
443 3984 685 4057 Πνεῦμα,
737 3986 961 4057 Πνεῦμα
1014 3987 1114 4057 μὲν
1146 3987 1248 4039 οῦκ
1309 3981 1470 4050 οἶδεν,
1502 3986 1632 4038 Υἱὸν
1673 3986 1731 4039 δὲ

139 4075 283 4131 εἷναί
313 4094 477 4148 φησιν
499 4096 510 4107 ·
552 4079 612 4130 οὐ
636 4078 745 4150 γὰρ
785 4072 938 4141 οὗτος
960 4080 1023 4148 ἦν
1049 4081 1106 4131 ὲν
1140 4077 1334 4149 ἐκείνῳ
1364 4079 1586 4142 σκοπὸς,
1613 4078 1729 4130 ἀλλ’

134 4166 263 4220 οὐδὲ
290 4166 464 4229 οὕτως
490 4169 835 4238 πιστεύομεν.
860 4163 979 4220 Οἷδε
997 4167 1105 4239 γάρ
1126 4168 1225 4238 τῆς
1250 4167 1410 4235 ἁγίας
1427 4168 1520 4219 καὶ
1545 4168 1731 4237 ὀμοου-

137 4260 262 4313 σίου
291 4259 520 4329 Τριάδος
546 4258 643 4329 τὴν
674 4258 1073 4330 ἀπαρίθμησιν,
1102 4261 1195 4313 καὶ
1224 4260 1330 4331 ἰδίᾳ
1355 4260 1455 4329 μὲν
1498 4260 1729 4313 ἕκαστον

135 4351 249 4403 τῶν
280 4352 694 4420 σημαινομένων
721 4352 1020 4421 ὑφεστάναι
1045 4352 1315 4406 διδάσκει·
1345 4353 1404 4404 τό
1437 4369 1501 4417 γε
1535 4352 1639 4423 μὴν
1673 4353 1730 4404 ἐν

1836 1876 2080 1926 ctrinam
2120 1885 2432 1942 sequentes,
2463 1876 2703 1931 dicimus
2744 1892 2850 1931 non
2903 1894 3029 1932 esse
3071 1880 3219 1932 aliud
3256 1879 3422 1947 quid-

1835 1964 1958 2019 dam
1992 1965 2060 2019 ab
2093 1965 2236 2035 ipso,
2289 1967 2472 2036 quoad
2522 1968 2832 2022 naturalem
2879 1968 3224 2023 identitatem
3265 1972 3419 2024 vide-

1835 2054 1988 2119 licet,
2033 2054 2370 2127 divisimque
2417 2072 2481 2112 ac
2535 2059 2799 2112 seorsim;
2844 2056 2959 2112 Hoc
3003 2059 3150 2112 enim
3200 2061 3422 2115 divinus

1834 2160 2055 2215 quoque
2106 2145 2313 2202 Paulus
2361 2148 2680 2218 intelligens
2734 2149 2930 2203 miscet
2982 2150 3330 2219 plerumque,
3366 2162 3421 2205 et

1836 2245 2132 2305 utrumque
2181 2238 2331 2291 velut
2380 2237 2635 2292 eumdem
2682 2238 2919 2303 inducit,
2950 2237 3299 2295 Paracletum
3337 2244 3420 2294 ιιι.

1832 2331 2032 2383 mirum
2065 2338 2121 2383 et
2151 2328 2375 2383 Filium.
2409 2330 2665 2385 invenies
2696 2332 2903 2402 quippe
2934 2332 3015 2386 sic
3050 2334 3364 2402 loquentem
3401 2353 3415 2389 :

1840 2438 1858 2470 ι
1907 2418 1967 2473 Si
1995 2420 2121 2489 quis
2151 2420 2419 2490 Spiritum
2450 2420 2657 2477 Christi
2696 2438 2803 2477 non
2849 2424 3033 2489 habet,
3060 2424 3150 2478 hic
3189 2443 3294 2479 non
3333 2436 3419 2481 est

1832 2511 1972 2580 ejus.
2006 2530 2024 2563 ι
2063 2510 2127 2565 Et
2150 2514 2335 2567 statim
2364 2529 2555 2567 rursus
2587 2533 2598 2569 :
2640 2534 2657 2565 ι
2687 2513 2741 2567 Si
2772 2514 3027 2569 Christus
3052 2517 3105 2569 iu
3127 2517 3285 2572 vobis
3311 2528 3417 2583 est,

1833 2619 2034 2673 corpus
2076 2605 2297 2674 quidem
2358 2615 2647 2659 mortuum.
2687 2613 2772 2662 est
2828 2617 3052 2677 propter
3106 2619 3415 2677 peccatum,

1833 2697 2061 2765 spiritus
2108 2711 2242 2751 vero
2293 2696 2428 2751 vivit
2488 2706 2715 2767 propter
2760 2698 3037 2767 justitiam
3064 2701 3130 2753 εί.
3176 2721 3196 2752 ι
3242 2702 3418 2757 Audis

1831 2804 1941 2857 quo
1990 2797 2147 2857 pacto
2182 2788 2462 2842 Christum
2499 2790 2702 2845 habere
2738 2798 2926 2859 aperte
2972 2791 3295 2861 proﬁteatur
3325 2809 3419 2847 eos

1834 2881 1923 2949 qui
1956 2878 2226 2949 Spiritum
2262 2881 2384 2947 ejus
2422 2880 2812 2952 susceperint?
2845 2882 2989 2946 Quin
3026 2893 3081 2937 et
3118 2884 3249 2938 alibi
3284 2901 3420 2954 quo-

1833 2989 1940 3042 que
1975 2974 2051 3026 ait
2085 2992 2096 3026 :
2131 2992 2149 3023 ι
2187 2972 2325 3027 Ριιιο
2370 2986 2553 3029 autem
2604 2975 2749 3044 quod
2791 2983 2845 3028 et
2882 2974 3149 3045 Spiritum
3195 2977 3285 3033 Dei
3324 2979 3419 3032 ha-

1832 3064 1989 3118 beam
2018 3065 2084 3118 “.
2120 3083 2137 3114 ι
2174 3063 2277 3129 Qui
2306 3073 2488 3117 autem
2516 3065 2623 3119 hoc
2650 3066 2813 3120 nobis
2856 3067 2997 3122 dixit
3030 3085 3044 3121 :
3084 3087 3103 3119 ι
3140 3070 3220 3123 An
3253 3086 3416 3142 expe-

1833 3153 2129 3206 rimentum
2200 3156 2450 3222 quaeritis
2523 3155 2644 3223 ejus
2711 3156 2807 3226 qui
2884 3157 3133 3227 loquitur
3206 3159 3260 3213 in
3333 3177 3419 3216 me

1832 3244 2087 3300 Christus
2121 3245 2212 3299 ‘3?
2246 3265 2264 3296 ι
2299 3246 2443 3301 idem
2476 3257 2530 3302 et
2573 3249 2626 3301 iu
2669 3250 2827 3303 nobis
2858 3250 3212 3307 credentibus
3259 3252 3419 3308 Chri-

1833 3348 1976 3393 stum
2031 3338 2343 3393 inhabitare
2391 3356 2489 3409 per
2546 3340 2706 3394 ﬁdem
2742 3357 2903 3412 -s:epe
2960 3354 3238 3413 precatur,
3287 3347 3419 3401 licet

1835 3432 2102 3502 Spiritum
2143 3441 2397 3487 sanctum
2442 3434 2700 3504 accipiat.
2734 3434 2922 3505 Neque
2951 3452 3082 3491 vero
3120 3440 3416 3508 quisquam

1832 3522 2014 3577 dicere
2047 3538 2149 3577 nos
2180 3523 2461 3578 existimet
2492 3540 2616 3579 eum
2656 3527 2944 3580 nominum
2997 3538 3092 3582 aut
3148 3546 3417 3601 persona-

1833 3629 1955 3668 rum
1997 3623 2293 3683 utrumque
2341 3622 2547 3670 statum
2582 3626 2865 3683 evertere,
2913 3628 3007 3673 aut
3051 3620 3249 3676 Filiqu
3305 3640 3415 3678 non

1830 3723 1956 3763 esse
1985 3705 2186 3760 Filium
2221 3708 2581 3773 contendere,
2622 3709 2717 3764 sed
2752 3709 3057 3780 Spiritum;
3091 3723 3187 3767 aut
3238 3715 3415 3784 Spiriv

1831 3805 1946 3853 tum
1984 3796 2255 3869 Spiritum
2288 3800 2509 3867 quidem
2562 3816 2672 3853 non
2721 3816 3041 3872 agnoscere,
3071 3805 3165 3858 sed
3212 3804 3413 3860 Filimn

1830 3905 1955 3946 esse
1981 3892 2171 3947 dicere
2202 3910 2215 3945 :
2246 3907 2355 3945 non
2392 3893 2536 3945 enim
2576 3893 2625 3946 id
2665 3902 2783 3947 erat
2821 3896 2871 3947 ei
2927 3896 3288 3965 propositum,
3320 3915 3414 3953 ne-

1830 3999 1938 4055 que
1968 4000 2132 4054 porro
2165 3999 2265 4039 nos
2296 3985 2371 4037 ita
2418 3985 2717 4040 credimus.
2748 3985 2969 4041 Sciebat
3013 3988 3159 4041 enim
3209 4000 3414 4045 sanctae

1828 4084 1884 4131 et
1936 4075 2436 4130 consubstantialis
2483 4075 2777 4132 Trinitatis
2818 4083 3318 4146 enumerationem,
3360 4090 3413 4137 et

1831 4165 2082 4235 singulas
2106 4165 2331 4235 quidem
2368 4182 2638 4236 personas
2667 4166 2831 4223 docet
2867 4169 2920 4222 in
2955 4184 3054 4223 sua
3083 4186 3207 4226 esse
3240 4172 3411 4243 hypo-

1831 4258 1988 4319 stasi,
2018 4266 2402 4313 verumtamen
2448 4268 2697 4315 sanctam
2730 4259 3063 4317 Trinitatem
3101 4264 3156 4319 in
3207 4265 3412 4321 identi-

1833 4361 1944 4406 tate
1962 4351 2283 4405 nullatenus
2301 4352 2553 4407 variante
2581 4354 2742 4406 sitam
2769 4369 2893 4408 esse
2913 4362 3101 4423 aperte
3128 4358 3411 4425 praedicat.

135 4440 550 4509 άπαραλλάκτῳ
598 4442 809 4495 κεῖσθαι
858 4442 1146 4511 ταυτότητι
1199 4442 1295 4512 τὴν
1330 4442 1488 4510 ἁγίαν
1522 4442 1728 4512 Τριάδα

1835 4444 1998 4513 813
2026 4443 2251 4512 Alioqui
2285 4440 2563 4508 quomodo
2597 4439 2840 4511 Spiritus
2880 4449 2965 4497 est
2999 4458 3063 4498 ac
3098 4446 3410 4501 nominatur

134 4532 491 4598 δωκήρύττει
518 4531 726 4599 σαφῶς.
772 4533 923 4585 Ἐπεὶ
956 4533 1072 4595 πῶς
1107 4533 1167 4585 τὸ
1197 4533 1425 4603 Πνεῦμα
1452 4533 1586 4596 Θεὸς
1616 4533 1731 4586 ἔστι

136 4623 239 4674 καὶ
279 4620 606 4691 ὀνομάζεται
640 4638 654 4687 ;
694 4641 713 4673 ι
745 4625 857 4677 Οὐκ
889 4624 1068 4678 οἴδατε
1102 4624 1211 4694 γὰρ
1235 4665 1249 4685 ,
1281 4626 1472 4694 φησὶν,
1501 4626 1582 4678 ὅτι
1605 4625 1731 4690 ναὸς

135 4713 275 4768 Θεοῦ
310 4716 457 4779 ἐστε,
494 4716 587 4769 καὶ
620 4713 680 4768 τὸ
706 4714 931 4783 Πνεῦμα
973 4715 1067 4769 τοῦ
1098 4716 1234 4769 Θεοῦ
1269 4718 1326 4769 ὲν
1356 4718 1483 4788 ὑμῖν
1513 4718 1683 4784 οίκεῖ;
1705 4735 1724 4769 ι

134 4805 199 4857 Εἰ
228 4805 307 4867 δὲ,
332 4805 565 4875 ἐπείπερ
593 4806 652 4858 ἐν
675 4807 808 4876 ἡμῖν
828 4808 969 4859 οἰκεῖ
994 4805 1056 4859 τὸ
1082 4805 1328 4875 Πνεῦμα,
1350 4808 1469 4859 ναοὶ
1493 4806 1729 4879 γεγόνα-

138 4913 241 4964 μεν
268 4895 361 4948 τοῦ
408 4895 564 4961 Θεοῦ,
597 4896 715 4959 πῶς
762 4896 863 4949 οὐκ
905 4898 969 4949 ὲκ
1017 4896 1151 4965 Θεοῦ
1199 4898 1260 4950 τὸ
1311 4897 1557 4967 Πνεῦμα,
1579 4896 1723 4951 τοῦτ’

133 4988 308 5052 ἐστιν,
342 4989 408 5040 ὲκ
435 4988 534 5057 τῆς
583 4987 770 5051 οὐσίας
799 4988 996 5051 αὑτοῦ,
1025 4988 1159 5041 Θεὸν
1181 4997 1239 5043 εν
1268 4991 1401 5059 ἡμῖν
1425 4990 1628 5054 οἰκίζον
1655 4991 1722 5044 δι’

134 5079 334 5134 ἑαυτοῦ
360 5099 375 5145 ;
406 5080 614 5133 Οὐκοῦν
646 5082 746 5134 οῦκ
773 5080 1050 5149 ἀλλότριον
1083 5081 1181 5152 τῆς
1208 5081 1343 5145 ἰδίας
1364 5081 1577 5149 φύσεως
1600 5082 1724 5135 δει-

136 5173 269 5235 κνῦς
302 5172 365 5224 τὸ
391 5172 612 5241 Πνεῦμα
643 5175 672 5225 ὀ
704 5173 1036 5242 Μονογενὴς,
1078 5173 1229 5243 παρὰ
1258 5173 1353 5227 τοῦ
1384 5174 1596 5245 Πατρὸς
1630 5177 1721 5228 ἐκ·

137 5263 456 5335 πέμπεσθαι
484 5266 593 5327 τοῖς
632 5265 808 5332 ἁγίοις
838 5263 1008 5317 εἰπὼν
1043 5265 1133 5318 τὸν
1156 5265 1532 5337 Παράκλητον,
1563 5268 1723 5330 αὐτὸς

135 5355 286 5424 ἥξειν
342 5356 738 5424 ἐπαγγέλλεται
765 5397 780 5423 ,
818 5357 913 5410 καλ⁹
946 5357 1042 5428 τὴν
1095 5358 1301 5429 πατρὸς
1354 5358 1505 5424 τάξιν
1539 5361 1723 5423 αὐτοῖς

137 5448 617 5517 άτωπληροῦν,ἵνα
650 5448 724 5520 μὴ
759 5450 1011 5520 καθάπερ
1060 5451 1205 5512 τινὲς
1231 5452 1459 5521 ὀρφανοὶ
1495 5452 1594 5522 τῆς
1626 5452 1721 5504 τοῦ

94 5598 103 5603 Α
138 5541 537 5610 προεστηκότος
564 5540 884 5614 ἐπικουρίας
911 5542 1009 5613 ἕρη
1019 5560 1107 5613 μοι
1133 5541 1222 5596 διά
1254 5559 1313 5595 τε
1342 5541 1499 5595 τοῦτο
1535 5542 1718 5596 λοιπὸν

208 5717 249 5747 ⁸⁸
296 5714 313 5768 l
351 5716 476 5773 Cor.
522 5735 590 5785 ιι,
648 5721 725 5777 16.
803 5721 844 5753 ⁸⁸
888 5720 1047 5777 ilom.
1087 5737 1205 5790 vm,
1236 5718 1289 5789 9,
1329 5723 1410 5777 ιυ.
1492 5719 1583 5775 ⁵³1
1621 5719 1730 5777 Cor

1841 5736 1878 5786 ι,
1922 5720 2009 5777 40.
2090 5718 2131 5751 ⁸³
2168 5717 2209 5772 ιι
2243 5718 2372 5774 Cor.
2410 5732 2526 5784 xm,
2564 5716 2617 5771 5.

1835 4533 2011 4588 Deus?
2046 4551 2065 4582 ι
2102 4531 2345 4587 Nescitis
2373 4532 2547 4594 enim,
2590 4532 2793 4600 inquit,
2837 4534 2965 4602 quia
3005 4537 3268 4603 templum
3320 4536 3411 4593 Dei

1831 4625 1988 4687 estis,
2020 4632 2078 4679 et
2127 4623 2369 4692 Spiritus
2405 4622 2498 4677 Dei
2551 4623 2764 4677 habitat
2805 4624 2860 4678 in
2897 4625 3051 4680 vobis
3076 4626 3160 4679 “?
3199 4647 3217 4679 ι
3257 4628 3411 4694 Quod

1833 4718 1879 4773 si
1928 4732 1994 4771 ex
2041 4732 2108 4772 eo
2154 4718 2301 4788 quod
2353 4716 2597 4787 Spiritus
2638 4716 2692 4771 in
2740 4718 2902 4772 nobis
2942 4718 3176 4783 habitat,
3214 4723 3410 4791 templa

1832 4811 1961 4864 facti
2001 4826 2194 4865 sumus
2229 4809 2344 4872 Dei,
2374 4811 2653 4879 quomodo
2686 4826 2793 4864 non
2823 4826 2889 4866 ex
2925 4810 3033 4866 Deo
3061 4810 3320 4881 Spiritus,
3359 4815 3410 4869 id

1832 4910 1917 4956 est
1947 4917 2008 4955 ex
2040 4900 2348 4955 substantia
2379 4900 2520 4970 ejus,
2551 4901 2643 4969 qui
2680 4899 2847 4955 Deum
2878 4903 2932 4954 in
2973 4903 3133 4956 nobis
3167 4903 3409 4960 habitare

1831 4992 1967 5048 facit
2009 5008 2106 5063 per
2156 4992 2457 5061 scipsum?
2497 4992 2772 5057 Quocirca
2812 5008 2920 5046 non
2978 4994 3218 5048 alienum
3251 5010 3279 5048 a
3312 5012 3408 5051 sua

1831 5094 2026 5140 natura
2057 5084 2356 5140 ostendens
2392 5083 2659 5154 Spiritum
2712 5085 3063 5155 Unigenitus,
3116 5095 3407 5156 postquam

1829 5177 1970 5232 dixit
2001 5192 2029 5229 a
2063 5177 2224 5232 Patre
2261 5176 2404 5231 mitti
2441 5186 2691 5231 sanctum
2718 5175 3102 5240 'Paracletum,
3128 5179 3242 5245 ipse
3277 5195 3405 5232 ven-

1831 5280 2016 5324 turum
2071 5285 2131 5325 se
2169 5269 2483 5339 pollicetur,
2541 5277 2594 5323 et
2646 5269 2818 5334 patris
2876 5269 2998 5322 loco
3044 5269 3113 5324 iis
3150 5269 3299 5330 fore,
3344 5286 3403 5325 ne

1830 5361 1982 5416 velut
2024 5361 2258 5429 orphaui
2298 5360 2523 5429 quidam
2580 5360 2780 5413 tutoris
2830 5359 3087 5427 praesidio
3133 5359 3383 5415 destituti

1830 5451 2039 5505 idcirco
2066 5450 2271 5505 diaboli
2322 5449 2541 5519 laqueis
2588 5455 2833 5519 pateant,
2865 5458 2919 5501 et
2955 5449 3146 5501 mundi
3174 5448 3399 5502 scantla»

1831 5544 1921 5609 lis,
1959 5544 2133 5613 iisque
2176 5541 2366 5597 multis
2401 5558 2466 5596 ac
2492 5543 2637 5597 velut
2687 5539 3013 5595 necessitate
3043 5538 3279 5607 quadam
3322 5538 3396 5593 in-

2700 5717 2740 5747 “
2780 5716 2798 5769 Ι
2834 5716 2961 5772 Cor.
3002 5732 3084 5771 ιιι.
3129 5714 3214 5770 Η).
