3884 6208
424 267 530 322 265

1419 259 1476 316 S.
1517 259 1792 317 CYRILLI
1833 261 2299 318 ALEXANDRINI
2339 260 2661 318 ARCHIEP.

3603 260 3711 319 2Γῶ

424 388 772 460 gruentibus,
819 399 930 457 ιιι-ω
973 397 1165 439 eorum
1198 396 1227 434 a
1263 380 1468 451 quibus
1501 381 1818 436 inferuntur
1853 380 2014 437 etfre-

2129 385 2232 445 raic
2256 380 2351 434 τοῦ
2373 380 2620 434 διαϐόλου
2667 378 2890 447 παγίσιν
2925 378 3208 438 εύάλωτοι,
3242 379 3337 432 καὶ
3378 381 3493 443 τοῖς
3524 379 3580 432 ἐν
3614 381 3711 431 κό-

426 494 557 538 nato
589 483 794 537 furore.
817 484 985 534 Arma
1015 480 1199 547 itaque
1217 485 1273 530 ει
1290 477 1691 530 munimentum
1717 475 2013 530 infractum

429 577 640 630 nostris
705 573 988 628 mentibus
1052 570 1204 624 dedit
1261 567 1424 622 Pater
1459 567 1664 622 Christi
1721 567 2013 637 Spiritum,

429 667 524 738 qui
557 665 789 737 gratiam
825 663 950 732 ejus
977 670 1034 716 et
1083 660 1431 730 praesentiain
1470 668 1635 728 atque
1670 659 1927 713 virtutem
1959 660 2015 713 in

429 759 592 813 nobis
627 757 837 826 implet.
874 753 1019 808 Fieri
1061 753 1204 806 enim
1245 751 1440 820 nequit
1467 759 1525 803 ut
1557 751 1798 804 hominis
1831 752 2016 803 anima

429 852 560 906 boni
604 849 906 920 quidquam
950 855 1099 916 agat,
1128 853 1223 899 aut
1253 859 1385 898 suas
1413 843 1744 912 cupiditates
1772 848 2014 912 superet,

428 947 526 994 aut
549 952 707 992 acres
733 935 939 990 diaboli
976 935 1202 1004 laqueos
1223 934 1410 998 evitet,
1440 932 1543 986 nisi
1569 934 1745 987 sancti
1773 931 2017 1002 Spiritus

429 1032 606 1101 gratia
667 1029 881 1082 munita
931 1029 1041 1090 sit,
1086 1028 1382 1097 ipsumque
1429 1027 1488 1081 in
1547 1027 1752 1097 seipsa,
1789 1027 2020 1097 proinde

428 1123 746 1188 Christum,
782 1121 1002 1175 habeat.
1026 1118 1182 1174 Unde
1220 1118 1436 1175 Psaltes
1466 1119 1558 1174 ille
1583 1119 1801 1174 divinus
1833 1130 2020 1190 gratu-

429 1211 632 1266 latoria
681 1211 927 1264 carmina
981 1225 1082 1281 pro
1125 1226 1222 1265 sua
1256 1211 1526 1280 sapientia
1578 1225 1913 1281 componens
1950 1209 2019 1264 ad

434 1306 600 1361 Deum
654 1305 968 1359 clamabat:
1001 1322 1020 1354 ι
1059 1303 1311 1366 Domine,
1350 1312 1410 1356 ut
1445 1310 1606 1358 scuto
1644 1303 1800 1357 bona:
1829 1306 2020 1358 vo’un-

433 1399 564 1454 tatis
613 1408 724 1452 tua:
752 1397 1036 1452 coronasti
1074 1412 1177 1450 nos
1209 1396 1277 1460 ",
1309 1413 1328 1446 ι
1367 1403 1584 1450 scutum
1638 1397 1795 1451 bona:
1826 1397 2020 1451 volun-

435 1490 564 1547 tatis
595 1491 743 1545 aliud
775 1489 913 1544 nihil
941 1505 1064 1544 esse
1099 1489 1292 1544 dicens
1311 1503 1478 1558 quam
1511 1497 1886 1559 protegentem
1917 1503 2018 1543 nos

435 1593 690 1639 sanctum
729 1584 1022 1649 Spiritum,
1054 1590 1108 1637 et
1163 1581 1475 1636 incredibili
1505 1596 1606 1636 sua
1647 1590 1918 1651 potestate
1960 1589 2021 1635 ut

431 1677 581 1746 quod
641 1677 748 1731 Deo
811 1675 1074 1747 placitum
1136 1685 1223 1730 est
1277 1675 1515 1728 velimus
1571 1675 2016 1729 conﬁrmantem.

2126 492 2247 544 σμῳ
2282 474 2601 536 σκανδάλοις
2629 472 3029 542 εὐεπιχείρητοι
3055 471 3175 524 λίαν
3198 472 3562 542 εὑρίσκονται,
3587 472 3710 524 καί-

2122 582 2204 618 τοι
2247 566 2462 629 πολλοῖς
2503 561 2624 617 οὖσι
2662 565 2758 618 καὶ
2786 563 2860 626 ὡς
2908 563 2967 628 ἐξ
2993 563 3238 634 ἀνάγκης
3277 565 3596 635 ἐρχομένοις
3621 563 3711 616 διὰ

2123 659 2222 730 τὴν
2250 657 2553 712 ἀκάθεκτον
2591 657 2700 710 τῶν
2745 657 3062 725 ἐπαγόντων
3112 659 3330 728 μανίαν.
3363 657 3566 710 Ὅπλον
3615 653 3711 710 οὖν

2124 749 2233 822 ἀρα
2264 751 2360 804 καὶ
2407 749 2708 818 ἀσφάλειαν
2747 748 2968 820 ἀρραγῆ
3019 750 3140 811 ταῖς
3171 748 3471 818 ἡμετέραις
3507 745 3712 817 ψυχαῖς

2123 843 2355 896 δέδωκεν
2398 857 2427 896 0
2462 843 2653 913 Πατὴρ
2697 841 2759 894 τὸ
2798 839 3021 911 Πνεῦμα
3069 840 3310 911 Χριστοῦ
3337 881 3352 906 ,
3384 841 3484 910 τὴν
3539 839 3713 892 αὑτοῦ

2124 933 2286 1006 χάριν
2319 951 2378 988 τε
2432 937 2527 988 καὶ
2573 932 2879 1006 παρουσίαν
2918 933 3014 985 καὶ
3054 931 3282 1002 δύναμιν
3311 933 3370 988 ἐν
3399 934 3527 1004 ἡμῖν
3567 933 3712 985 ἀποο

2125 1027 2233 1097 πλη
2243 1026 2386 1096 ροῦν.
2406 1027 2710 1098 Ἀμήχανον
2728 1025 2836 1096 γάρ
2855 1023 3143 1096 ἀνθρώπου
3164 1025 3342 1098 ψυχὴν
3365 1028 3718 1099 κατορθῶσαί

2125 1135 2176 1172 τι
2205 1119 2314 1172 τῶν
2334 1119 2553 1188 ἀγαθῶν
2569 1159 2583 1184 ,
2598 1119 2762 1190 ἦγουν
2779 1119 2889 1175 τῶν
2906 1118 3120 1172 οἰκείων
3143 1121 3417 1190 κρατῆσαι
3449 1120 3661 1181 παθῶν,
3675 1120 3712 1190 ἦ

2125 1211 2222 1282 τῆς
2237 1209 2330 1264 τοῦ
2346 1210 2591 1265 διαϐόλου
2616 1213 2846 1280 παγίδος
2868 1213 3046 1280 ὀξείας
3067 1212 3346 1284 διαδράναι
3367 1211 3427 1266 τὸ
3452 1212 3713 1283 μέγεθος,

2129 1308 2205 1376 μὴ
2237 1307 2305 1376 τῇ
2343 1305 2435 1358 τοῦ
2471 1305 2627 1373 ἁγίου
2680 1305 2995 1376 Πνεύματος
3043 1305 3452 1375 τετειχισμένην
3499 1304 3712 1374 χάριτι,

2125 1399 2222 1452 καὶ
2243 1399 2404 1451 αὑτὸν
2431 1399 2663 1469 ἔχουσαν
2696 1399 2754 1451 ἐν
2806 1401 2972 1469 ἐαυτῇ
3002 1399 3091 1452 διὰ
3123 1399 3283 1452 τοῦτο
3306 1397 3560 1469 Χριστόν.
3599 1396 3716 1450 Καὶ

2125 1489 2255 1560 γοῦν
2283 1493 2312 1544 ό
2345 1489 2630 1552 θεσπέσιος
2663 1491 2794 1561 ἡμῖν
2837 1490 3090 1561 Μελῳδὸς
3117 1491 3187 1544 τὰ
3212 1491 3353 1560 ὑπὲρ
3387 1487 3578 1542 τούτου
3609 1506 3713 1558 χα-

2129 1583 2384 1654 ριστήρια
2445 1583 2535 1636 διά
2577 1582 2680 1652 τῆς
2733 1583 2960 1653 ἐνούσης
3007 1582 3156 1653 αὐτῷ
3204 1583 3393 1652 σοφίας
3439 1581 3715 1644 συντιθεξ

2127 1675 2394 1744 ἀνεφώνει
2424 1675 2560 1747 πρὸς
2614 1674 2748 1728 Θεόν
2782 1691 2796 1704 ·
2840 1694 2859 1726 r
2904 1675 3078 1746 Κύριε
3107 1715 3121 1738 ,
3153 1675 3229 1738 ὡς
3266 1675 3416 1745 ὅπλῳ
3459 1674 3716 1736 εὐδοκίας

436 1767 607 1839 Igitur
641 1768 957 1823 adfuturum
986 1782 1045 1821 se
1067 1774 1122 1820 et
1159 1767 1444 1834 suppetias
1469 1767 1709 1820 laturum
1744 1765 2020 1820 credenti-

2129 1767 2508 1836 ἐστεφάνωσας
2529 1767 2692 1838 ἡμᾶς·
2709 1787 2728 1820 ι
2749 1767 2913 1821 ὅπλον
2931 1767 3175 1830 εὐδοκίας
3193 1766 3345 1821 οὐδὲν
3369 1767 3553 1836 ἕτερον
3569 1760 3720 1818 εἶναι

439 1862 543 1916 bus
575 1862 627 1915 in
657 1877 716 1916 se
746 1860 1109 1914 nihilominus
1136 1859 1452 1927 pollicetur,
1470 1859 1725 1928 quamvis
1760 1858 1814 1910 in
1849 1859 2021 1912 melos

438 1955 593 2024 ipsos
642 1961 770 2023 post
817 1953 1287 2007 resurrectionem
1345 1966 1412 2004 ex
1460 1950 1694 2004 mortuis
1735 1951 2017 2007 ascendat.

441 2053 500 2100 ut
529 2055 793 2114 appareat
823 2058 970 2097 nunc
1002 2041 1177 2096 vultui
1209 2040 1304 2096 Dei
1337 2057 1436 2111 pro
1467 2042 1650 2108 nobis,
1683 2040 1841 2111 juxta
1865 2043 2018 2094 Pauli

435 2150 626 2190 vocem
655 2136 722 2189 ⁸⁸.

2127 1859 2304 1927 λέγων
2329 1859 2362 1930 ἢ
2385 1859 2443 1910 τὸ
2467 1860 2806 1930 προασπίζον
2839 1860 2870 1930 ἡ
2879 1857 2994 1930 μῶν
3025 1860 3180 1928 ἆγιον
3203 1859 3561 1928 Πνεῦμαέκαὶ
3587 1857 3721 1910 ἀδο-

2127 1953 2281 2021 κήτῳ
2328 1950 2570 2021 συνέχων
2618 1950 2730 2022 [γρ.
2771 1951 3015 2023 συνέχον]
3059 1950 3204 2021 ίσχύῖ
3253 1951 3390 2021 πρὸς
3423 1950 3485 2002 τὸ
3521 1949 3723 2002 δοκοῦν

2124 2043 2202 2112 τῷ
2231 2041 2370 2113 Θεῷ.
2407 2042 2616 2096 Οὐκοῦν
2653 2045 2735 2096 ὃτι
2769 2045 3038 2114 παρέσται
3071 2045 3165 2097 καὶ
3206 2042 3462 2113 βοηθήσει
3495 2042 3585 2095 διὰ
3617 2041 3721 2092 τοῦ

2125 2133 2442 2204 Πνεύματος
2487 2137 2597 2198 τοῖς
2647 2135 2996 2187 πιστεύουσιν
3026 2138 3105 2198 εἰς
3154 2136 3316 2188 αὑτὸν
3367 2135 3517 2188 οὐδὲν
3550 2131 3724 2206 ἦττον

435 2227 848 2297 ἐπαγγέλλεται,
881 2226 985 2280 κᾶν
1022 2228 1104 2289 είς
1143 2227 1343 2289 αὐτοὺς
1391 2226 1657 2297 ἀναὸαίνῃ
1698 2226 1824 2289 τοὺς
1856 2225 2139 2296 οὐρανοὺς,
2177 2226 2314 2294 μετά
2334 2225 2430 2297 τὴν
2469 2226 2532 2278 ἐκ
2594 2227 2803 2299 νεκρῶν
2837 2227 3153 2292 ἀναϐίωσιν,
3221 2226 3317 2281 νῦν
3379 2227 3724 2298 ἐμφανισθῆ-

438 2325 627 2380 σεσθαι
655 2325 734 2396 τῷ
776 2325 1054 2397 προσώπῳ
1095 2325 1188 2378 τοῦ
1223 2325 1358 2378 Θεοῦ
1391 2323 1533 2394 ὑπὲρ
1563 2323 1745 2394 ἡμῶν,
1773 2323 1914 2377 κατά
1943 2323 2041 2394 τὴν
2079 2323 2171 2375 τοῦ
2205 2323 2416 2376 Παύλου
2446 2327 2651 2394 φωνήν.

509 2420 650 2487 XIV,
724 2421 809 2474 19.
854 2420 1039 2475 Adhuc
1083 2419 1378 2483 modicum,
1429 2431 1478 2473 et
1525 2420 1755 2473 mundus
1790 2435 1870 2472 me
1909 2420 2020 2485 iam

437 2530 541 2567 non
574 2513 712 2566 videt
743 2529 761 2566 :
791 2529 878 2566 vos
912 2520 1088 2564 autem
1133 2511 1320 2564 videtis
1374 2527 1455 2564 me
1475 2550 1490 2574 ,
1520 2511 1646 2580 quia
1685 2512 1818 2573 vivo,
1847 2518 1898 2563 et
1931 2525 2020 2563 vos

437 2607 640 2660 vivetis.

509 2696 751 2750 Instante
772 2695 886 2764 jam
916 2693 1129 2748 foribus
1153 2694 1288 2764 ipsis
1311 2695 1596 2763 passione,
1619 2701 1672 2748 et
1695 2694 2026 2762 assumptio-

439 2788 528 2842 uis
571 2798 788 2856 tempus
817 2801 1002 2840 secum
1039 2786 1360 2846 invehente,
1394 2785 1725 2839 invisibilem
1756 2801 1816 2840 se
1862 2803 2022 2839 mun-

438 2881 512 2934 do
542 2879 657 2933 fore
688 2880 783 2941 ait,
817 2878 921 2932 hoc
961 2889 1046 2932 est
1081 2880 1146 2932 iis
1181 2879 1274 2949 qui
1329 2880 1663 2949 temporaria
1701 2879 1843 2934 bona
1877 2879 2022 2933 divi-

2199 2419 2327 2472 Ἔτι
2369 2419 2606 2488 μικρὸν,
2659 2420 2753 2474 καὶ
2792 2424 2825 2473 ὁ
2877 2421 3104 2488 κόσμος
3131 2436 3208 2488 με
3235 2418 3434 2472 οὐκέτι
3484 2415 3722 2486 estaper-

2123 2506 2296 2576 ὑμεῖς
2320 2506 2390 2560 δὲ
2434 2509 2701 2578 θεωρεῖτέ
2735 2526 2830 2579 με,
2877 2509 2968 2562 ὅτι
2998 2509 3114 2578 ἐγὼ
3144 2507 3236 2573 ζῶ,
3271 2509 3370 2562 καὶ
3397 2507 3571 2577 ὑμεῖς
3620 2508 3724 2577 ξιξ..

2127 2601 2334 2652 σεσθε.

2213 2690 2336 2744 Ἐπὶ
2370 2690 2562 2763 θύραις
2587 2691 2740 2755 ὄντος
2769 2691 2862 2744 τοῦ
2891 2692 3116 2757 πάθους,
3153 2695 3246 2746 καὶ
3268 2693 3358 2745 τὸν
3384 2693 3484 2762 τῆς
3523 2693 3726 2764 ἀναλή-

2128 2783 2276 2854 ψεως
2331 2785 2522 2855 καιρὸν
2579 2785 3010 2854 συνεισάγοντος,
3065 2786 3312 2848 ἄποπτος
3363 2785 3585 2840 ἔσεσθαι
3643 2786 3726 2855 τῷ

2131 2877 2321 2948 κόσμῳ
2355 2880 2507 2949 φησὶ,
2537 2879 2680 2931 τοῦτ’
2703 2878 2819 2931 ἔστι
2840 2882 2952 2942 τοῖς
2977 2879 3083 2932 τῶν
3114 2880 3272 2932 θείων
3312 2884 3727 2950 προτιμήσασιν

440 2972 528 3024 nis
551 2977 604 3023 et
631 2969 949 3023 coelestibus
976 2977 1192 3023 terrena
1222 2979 1568 3040 praeponunt.
1599 2972 1665 3026 Et
1686 2987 1784 3027 uos
1802 2973 2020 3044 quidem

2129 2967 2349 3038 ἀγαθῶν
2382 2969 2480 3039 τὴν
2499 2969 2606 3024 τῶν
2653 2971 3004 3041 προσκαίρων
3033 2970 3327 3022 ἀπόλαυσιν
3366 2969 3459 3022 καὶ
3493 2970 3603 3021 τῶν
3632 2972 3727 3022 ού-

440 3061 826 3130 superioribus
859 3071 1150 3129 cognatum
1205 3077 1427 3116 sensum
1476 3071 1740 3125 terentes,
1775 3079 1881 3118 non
1936 3073 2018 3119 te-

441 3169 590 3206 mere
626 3153 874 3206 dicemus
903 3150 1069 3206 Deum
1101 3159 1155 3206 et
1187 3151 1401 3206 Patrem
1444 3151 1786 3207 Paracletum
1807 3196 1821 3219 ,
1847 3155 1898 3208 id
1936 3163 2017 3209 est

442 3243 706 3312 Spiritum
740 3250 1027 3306 sanctum,
1063 3242 1312 3308 dedisse,
1361 3259 1457 3313 per
1499 3242 1695 3297 Filium
1741 3245 2019 3298 nimirum.

439 3333 607 3405 814
632 3333 825 3388 Omnia
867 3333 1072 3404 quippe
1116 3349 1212 3403 per
1243 3334 1423 3401 ipsum
1465 3349 1494 3386 a
1529 3333 1710 3390 Patre.
1748 3334 1912 3390 Venit
1944 3347 2026 3390 ta-

442 3443 566 3480 men
613 3442 724 3478 non
762 3426 816 3478 in
865 3440 1058 3478 omnes
1100 3426 1276 3479 bonos
1306 3440 1370 3479 ac
1418 3427 1594 3480 malos
1627 3427 2025 3493 indiil‘erenter,

442 3518 540 3573 sed
572 3519 626 3572 in
659 3532 798 3588 quos
827 3533 950 3571 eum
977 3518 1164 3572 venire
1191 3517 1442 3573 decebat.
1471 3518 1748 3584 Quantum
1779 3521 1926 3575 enim
1959 3521 2027 3575 ad

442 3611 629 3665 dantis
684 3609 1181 3680 locupletissimam
1233 3617 1287 3664 et
1333 3610 1864 3666 abundantissimam
1913 3630 2029 3682 gra-

444 3703 578 3754 tiam
625 3703 842 3762 attinet,
878 3701 1064 3754 nullus
1109 3703 1425 3755 mortalium
1466 3705 1732 3757 remansit
1763 3720 1824 3757 ea
1864 3707 2028 3759 desti-

446 3803 602 3850 tutus
633 3813 644 3847 :
681 3815 696 3845 ι
733 3793 1023 3848 Effundam
1077 3797 1255 3859 enim,
1293 3795 1476 3865 inquit
1525 3797 1578 3850 in
1613 3799 1916 3866 prophetis,
1963 3800 2028 3854 de

446 3888 644 3957 Spiritu
680 3904 802 3942 meo
833 3904 1002 3959 super
1039 3904 1258 3942 onmem
1301 3905 1526 3943 carnem
1559 3891 1625 3942 ⁸⁷.
1663 3910 1679 3940 ι
1721 3891 2028 3958 Unusquis-

445 3995 552 4048 que
585 3989 768 4032 tamen
801 3979 904 4033 sibi
957 3980 1058 4049 ipsi
1097 3988 1295 4032 auctor
1335 3989 1422 4034 est
1460 3979 1676 4034 fruendi
1715 3981 1840 4034 boni
1881 3983 2026 4036 illius

445 4071 720 4125 divinitus
762 4073 896 4134 dati,
933 4079 1028 4124 aut
1068 4087 1134 4125 eo
1178 4071 1397 4141 penitus
1423 4071 1666 4126 carendi.
1701 4072 2028 4141 Quicunque

445 4159 592 4213 enim
627 4176 722 4229 per
753 4177 914 4212 omne
937 4160 1227 4230 probitatis
1254 4176 1426 4230 genus
1453 4169 1686 4216 mentem
1715 4178 1870 4217 suam
1899 4179 2028 4232 pur-

447 4265 578 4320 gare
609 4250 822 4314 nolunt,
849 4249 944 4305 sed
980 4251 1033 4304 in
1063 4251 1252 4306 tnundi
1279 4253 1436 4308 malis
1466 4255 1806 4319 volutantur,
1839 4256 2025 4311 divina

447 4343 621 4408 gratia
659 4341 814 4394 vacui
862 4343 1246 4408 remanebunt,
1271 4345 1404 4398 'non
1437 4346 1702 4400 videbunt
1745 4347 2024 4402 Christum

448 4434 504 4486 iu
543 4434 763 4501 seipsis,
802 4433 1124 4486 destitutum
1159 4433 1368 4504 Spiritu
1400 4451 1499 4490 eor
1541 4437 1824 4493 habentes.
1857 4437 2027 4492 Idcir-

445 4539 511 4577 co
545 4534 599 4576 et
627 4527 1004 4594 orphanorum
1056 4526 1234 4579 instar
1285 4527 1557 4596 cujusvis,
1607 4539 1666 4583 ut
1705 4531 1777 4583 ita
1819 4531 2018 4595 dicam,

2132 3061 2333 3131 ρανίων
2359 3061 2426 3114 τὰ
2461 3061 2677 3130 ἐπίγεια
2707 3063 3050 3132 ποιουμένοις
3076 3065 3132 3115 ἐν
3164 3063 3428 3133 ἀμείνοσι.
3472 3062 3583 3114 Καὶ
3606 3066 3727 3126 τοῖς

2133 3153 2230 3222 μὲν
2253 3152 2352 3224 ήδη
2380 3154 2797 3224 προειρημένοις
2832 3154 3067 3224 ἀδελφήν
3097 3170 3156 3206 τε
3179 3156 3271 3207 καὶ
3295 3155 3594 3224 σύνδρομον
3621 3157 3726 3224 τὴν

2135 3233 2372 3296 διάνοιαν
2421 3242 2817 3312 ἐξυφαίνοντες,
2847 3243 3077 3314 ἐροῦμεν
3101 3245 3336 3314 εὐλόγως
3366 3246 3447 3298 ὃτι
3477 3245 3566 3298 τὸν
3620 3247 3725 3315 μὲν

2131 3335 2507 3407 Παράκλητον,
2534 3335 2680 3389 τοῦτ’
2710 3335 2825 3388 ἐστι
2849 3336 2908 3388 τὸ
2944 3336 3167 3406 Πνεῦμα
3198 3338 3258 3389 τὸ
3284 3337 3457 3406 ἅγιον,
3482 3338 3726 3390 δέδωκεν

2129 3429 2158 3480 ὁ
2223 3427 2357 3490 Θεὸς
2425 3429 2535 3481 καὶ
2591 3428 2801 3499 Πατὴρ,
2869 3427 2937 3481 δι’
2995 3429 3124 3481 Υἱοῦ
3181 3429 3446 3499 δηλονότι.
3530 3433 3722 3484 Πάντα

2129 3519 2237 3592 γάρ
2265 3520 2332 3573 δι’
2368 3521 2536 3574 αὑτοῦ
2585 3521 2736 3594 παρὰ
2780 3521 3014 3591 Πατρός,
3072 3522 3324 3594 Ἐλήλυθέ
3365 3540 3427 3591 γε
3469 3524 3579 3594 μὴν
3617 3526 3721 3576 οὐκ

2131 3614 2225 3666 ἐπὶ
2275 3613 2484 3677 πάντας
2533 3615 2860 3686 ἀδιακρίτως
2917 3616 3187 3688 πονηρούς
3205 3633 3263 3668 τε
3310 3618 3405 3670 καὶ
3450 3615 3720 3683 ἀγαθοῖν,

2129 3706 2243 3758 ἀλλ’
2275 3707 2358 3775 ἐφ’
2390 3706 2483 3769 οὓς
2525 3701 2592 3776 ἦν
2619 3707 2768 3777 αύτῷ
2811 3707 3109 3776 βαδιεῖσθαι
3148 3709 3377 3778 πρέπον.
3413 3708 3578 3760 Ὅσον
3617 3709 3722 3778 μέν

2131 3801 2237 3872 γάρ
2277 3797 2411 3872 ἧκεν
2445 3803 2525 3862 εἰς
2557 3801 2654 3872 τὴν
2688 3801 2782 3853 τοῦ
2813 3801 3045 3864 διδόντος
3075 3802 3483 3871 πλουσιωτάτην
3518 3819 3576 3855 τε
3624 3805 3720 3856 καὶ

2130 3889 2360 3958 ἄφθονον
2418 3891 2596 3961 χάριν,
2657 3891 2834 3954 οὐδεὶς
2883 3891 3094 3961 ἔμεινεν
3146 3893 3410 3963 ἀμέτοχος
3461 3892 3569 3946 τῶν
3625 3895 3721 3945 ἐπὶ

2128 3983 2230 4051 τῆς
2257 3984 2378 4052 γῆς·
2403 4002 2420 4035 ι
2445 3984 2647 4053 Ἐκχεῶ
2672 3988 2780 4056 γὰρ
2803 4025 2816 4045 ,
2849 3986 3014 4055 φησὶν
3045 3986 3102 4038 ἐν
3126 3987 3450 4056 προφήταις,
3481 3987 3591 4039 ἀπὸ
3624 3988 3720 4040 τοῦ

2131 4071 2438 4141 πνεύματός
2480 4091 2580 4144 μου
2609 4076 2701 4127 ἐπὶ
2731 4077 2910 4128 πᾶσαν
2945 4075 3143 4148 σάρκα·
3185 4097 3202 4126 ι
3249 4077 3479 4141 ἕκαστός
3507 4096 3569 4146 γε
3611 4082 3725 4150 μὴν

2131 4163 2307 4234 ἐαυτῷ
2331 4167 2624 4235 παραίτιος
2651 4167 2857 4234 γίνεται
2886 4169 2979 4222 τοῦ
3010 4168 3307 4238 κεκτῆσθαι
3343 4170 3401 4222 τδ
3439 4171 3722 4224 θεόσδοτον

2130 4254 2352 4323 ἀγαθὸν,
2382 4257 2414 4328 ἢ
2447 4259 2540 4309 καὶ
2571 4258 2815 4327 μηδόλως
2861 4259 3020 4312 ἑλεῖν.
3053 4261 3115 4312 Οἱ
3149 4259 3246 4329 μὲν
3278 4261 3386 4331 γὰρ
3417 4261 3508 4314 διὰ
3536 4264 3721 4333 πάσης

2130 4347 2426 4411 ἐπιεικείας
2467 4349 2556 4403 τὸν
2617 4350 2818 4402 οίκεῖον
2881 4351 3343 4420 ἀποκαθαίροντες
3388 4353 3513 4406 νοῦν
3553 4356 3720 4408 οὐδα-

2132 4440 2270 4510 μῶς,
2333 4441 2832 4512 ἐμφιλοχωροῦντες
2866 4442 2923 4495 δὲ
2978 4442 3096 4496 λίαν
3126 4447 3239 4506 τοῖς
3279 4446 3338 4495 ἐν
3395 4446 3584 4515 κόσμῳ
3621 4463 3722 4499 κα-

2130 4535 2264 4594 κοῖς,
2315 4533 2569 4602 ἀμέτοχοι
2618 4533 2715 4603 τῆς
2764 4532 2911 4597 θείας
2956 4535 3288 4603 ἀπομενοῦσι
3334 4537 3575 4605 χάριτος,
3616 4539 3718 4590 οὐκ

445 4591 782 4668 immanitate
816 4617 1186 4685 abripiuntur,
1223 4591 1661 4686 perturbatione,
1691 4630 1787 4675 aut
1821 4591 2016 4676 dmino;

2129 4591 2368 4692 ὄψονται.
2396 4591 2626 4692 Χρίστὸν
2756 4591 2987 4688 ἑαυτοῖς,
3027 4591 3240 4696 ἐρήμην
3274 4591 3367 4680 τοῦ
3399 4591 3719 4698 Πνεύνματος

443 4721 550 4767 ne,
599 4707 714 4759 sive
752 4706 855 4758 alia
907 4706 1144 4776 quadam
1199 4711 1478 4764 mundana
1547 4712 1865 4780 cupiditate,
1929 4722 2026 4767 aut

442 4795 638 4866 quavis
668 4811 726 4849 re
761 4797 1012 4850 trahente
1041 4798 1448 4866 quodammodo
1478 4811 1531 4854 et
1560 4803 1606 4853 vi
1635 4802 1702 4854 ad
1736 4812 2021 4871 peccatum

445 4886 777 4954 impellente.
829 4883 1027 4939 Verum
1074 4890 1281 4943 sanctis
1315 4898 1369 4942 et
1405 4889 1470 4942 ad
1523 4908 1650 4944 eum
1704 4893 2022 4960 suscipien-

442 4979 570 5034 dum
622 4980 829 5048 paratis
870 4980 996 5048 jure
1051 4982 1250 5045 aiebat,
1291 4998 1416 5035 cum
1448 4984 1584 5036 nihil
1619 4987 1848 5039 istorum
1898 5001 2020 5055 per-

443 5069 657 5138 pessuri
691 5080 876 5122 essent
911 5088 922 5123 :
958 5087 976 5119 ι
1031 5069 1150 5123 Non
1198 5073 1504 5142 relinquam
1552 5090 1648 5129 vos
1699 5079 2016 5143 orphanos;

448 5161 664 5214 veniam
713 5160 780 5212 ad
813 5176 913 5214 vos
942 5160 1009 5212 δ’.
1051 5180 1069 5212 ι
1107 5162 1276 5229 Igitur
1325 5165 1656 5220 invisibilem
1693 5169 1916 5235 quidem
1965 5177 2019 5222 et

438 5253 929 5320 inconspicabilem
965 5254 1033 5308 iis
1065 5258 1158 5324 qui
1207 5272 1330 5326 quae
1377 5260 1564 5312 mundi
1620 5270 1748 5313 sunt
1797 5263 2018 5330 sapiunt

455 5343 574 5398 fore
608 5360 666 5397 se
703 5345 909 5414 inquit,
945 5355 1233 5416 postquam
1282 5349 1407 5403 hinc
1458 5352 1804 5421 migraverit,
1838 5354 1888 5406 id
1933 5361 2018 5406 est

439 5443 726 5505 postquam
764 5437 818 5490 in
848 5440 1018 5492 caelos
1046 5439 1293 5494 redierit.
1347 5440 1452 5496 Sed
1490 5445 1757 5499 visibilem
1802 5449 2010 5500 sanctis

438 5528 718 5581 inventum
751 5528 818 5583 iri
851 5529 946 5593 ait,
977 5529 1220 5585 divinum
1249 5534 1537 5602 quemdam
1579 5546 1628 5588 et
1665 5535 2010 5590 intellectua-

502 5703 547 5736 “
580 5703 727 5761 Psal.
764 5721 816 5774 γ,
851 5705 938 5762 l3.
1014 5706 1061 5740 “
1105 5707 1266 5764 licbr.
1304 5727 1381 5775 ix,
1422 5711 1509 5765 ΕΗ.
1587 5713 1629 5744 ⁸⁷
1673 5711 1886 5779 Joel.it,
1927 5714 2010 5769 l8.

2126 4715 2342 4785 ἔχοντες
2370 4717 2466 4785 τὴν
2489 4716 2733 4785 καρδίαν.
2761 4719 2859 4771 Διά
2877 4735 2957 4770 τοι
2981 4719 3140 4770 τοῦτο
3171 4719 3263 4771 καὶ
3293 4723 3349 4772 ἐν
3376 4720 3526 4783 τάξει
3549 4738 3718 4789 γεγο-

2125 4805 2274 4864 νότες
2303 4804 2380 4874 τῷ
2435 4807 2709 4876 προστάτῃ
2741 4807 2849 4859 τῶν
2878 4807 3149 4878 ὀρφανῶν,
3209 4810 3310 4861 ὑπὸ
3365 4809 3586 4874 παντὸς,
3640 4814 3720 4876 ὡς

2124 4896 2254 4960 ἔπος
2300 4898 2494 4959 εἰπεῖν,
2535 4897 2924 4966 διαρπάζονται
2971 4899 3064 4952 τοῦ
3101 4901 3440 4954 πλεονεκτεῖν
3499 4904 3716 4974 ἰσχύον-

2123 5005 2235 5051 τος,
2271 4987 2304 5057 ἦ
2347 4988 2572 5051 πάθους,
2617 4989 2650 5058 ἦ
2681 4989 2951 5060 δαίμονος,
2994 4993 3160 5063 ἤγουν
3194 4993 3382 5065 ἐτέρας
3409 4996 3553 5060 τινὸς
3589 5000 3716 5051 ἐπι-

2121 5079 2319 5149 θυμίας
2375 5082 2663 5151 κοσμικῆς,
2720 5083 2811 5135 καὶ
2874 5085 3074 5145 παντὸς
3131 5089 3454 5157 πράγματος
3512 5089 3714 5142 καθέλ-

2120 5191 2304 5236 κοντος
2343 5173 2530 5244 ῶσπερ
2578 5175 2669 5227 καὶ
2699 5175 3019 5246 βιαζομένου
3053 5180 3191 5250 πρὸς
3238 5181 3533 5251 ἁμαρτίαν.
3581 5183 3716 5246 Τοῖς

2120 5283 2184 5334 γε
2221 5267 2326 5335 μὴν
2382 5267 2548 5328 ὁσίοις
2579 5270 2673 5320 καὶ
2703 5269 3025 5339 ἐπιτηδείως
3053 5271 3264 5341 ἔχουσιν
3298 5275 3376 5334 είς
3416 5272 3477 5324 ct.
3522 5273 3713 5325 λαϐεῖν

2120 5356 2282 5408 αὑτὸν
2312 5357 2534 5419 εἰκότως
2563 5357 2821 5426 ἔφασκεν,
2854 5359 3042 5428 ἐπειδὴ
3072 5360 3273 5413 τούτων
3318 5361 3541 5431 ἔμελλον
3572 5364 3712 5415 ὑπο-

2125 5447 2305 5516 μένειν
2335 5447 2506 5499 οὐδέν·
2553 5467 2570 5499 ι
2606 5450 2721 5501 υύκ
2749 5450 2946 5520 ἀφήσω
2980 5451 3125 5521 ὑμᾶς
3153 5451 3440 5522 ὀρφανοὺς,
3474 5455 3712 5524 ἔρχομαι

2121 5537 2258 5607 πρὸς
2282 5539 2445 5608 ὑμᾶς.
2499 5559 2516 5591 ι
2545 5540 2754 5593 Οὐκοῦν
2794 5541 3034 5606 ἄποπτος
3069 5543 3167 5614 μὲν
3212 5546 3304 5596 καὶ
3333 5545 3563 5609 ἀθέατος
3620 5566 3715 5600 κο-

2090 5713 2134 5746 ⁶⁹
2207 5715 2367 5773 Joan.
2419 5735 2571 5786 mn,
2618 5721 2701 5775 li.
