3892 6202
203 360 316 415 265

1238 358 1299 411 IN
1330 358 1620 416 JOANNIS
1663 360 2112 418 EVANGELIUM
2150 361 2277 416 LIB.
2316 363 2405 419 ιχ.

3350 370 3455 425 266

204 474 334 545 μιδῇ
395 475 505 537 τοῖς
559 473 627 526 τά
672 474 730 526 ὲν
776 474 965 545 κόσμῳ
1005 475 1258 545 φρονοῦσι
1304 478 1637 548 χρηματίσαι
1684 493 1770 548 φη·

1890 475 1990 528 lem
2023 475 2283 545 fulgorem
2312 492 2502 530 eorum
2540 478 2724 532 cordis
2760 478 2934 535 oculis
2966 480 3289 538 inl‘undente
3329 500 3459 539 san-

199 567 279 625 σὶ.
313 565 451 636 μετά
494 564 592 636 τήν
623 566 869 619 ἐντεῦθεν
923 566 1252 638 ἀποδημίαν,
1282 571 1426 640 φημὶ
1468 570 1532 641 δὴ
1564 570 1660 641 τὴν
1698 571 1780 632 είς

196 659 461 729 οὐρανοὺς
506 659 877 729 ἁναφοίτησιν.
920 659 1142 730 Ὀρατὸς
1184 660 1241 714 δὲ
1274 664 1386 724 τοῖς
1413 663 1587 729 ἁγίοις
1622 664 1778 732 εὐρε-

199 751 462 821 θήσεσθαι
498 752 663 819 λέγει,
696 751 845 805 Θείαν
878 752 938 804 τέ
965 770 1085 805 τινα
1111 754 1204 806 καὶ
1229 754 1425 826 νοητὴν
1480 755 1779 818 ἐντιθέντος

202 846 572 914 μαρμαρυγὴν
610 847 723 907 τοῖς
765 844 863 913 τῆς
895 844 1120 915 καρδίας
1157 846 1335 899 αὐτῶν
1364 846 1660 917 ὀφθαλμοῖς
1685 843 1777 899 τοῦ

198 932 353 1000 ἀγίου
377 932 515 985 Πνεύ
524 951 689 1003 ματος
713 936 808 988 καὶ
832 936 1009 989 πᾶσαν
1026 936 1233 1007 εῐδησιν
1258 938 1632 1009 ὲνσπείροντος
1648 941 1782 1007 ἀγα-

197 1025 319 1097 θήν.
355 1026 426 1078 Ἥ
454 1026 563 1097 γάρ
591 1024 763 1090 οὕτως
793 1027 953 1080 αὐτὸν
974 1026 1273 1099 οἰησόμεθα
1292 1029 1473 1098 λέγειν
1501 1030 1581 1093 τὸ,
1611 1050 1628 1081 ι
1660 1030 1779 1084 Ἔτι

199 1116 418 1187 μικρὸν,
454 1118 544 1170 καὶ
563 1120 591 1171 ὁ
612 1117 813 1189 κόσμος
834 1134 899 1187 με
922 1117 1103 1171 οὐκέτι
1133 1119 1345 1191 θεωρεῖ,
1380 1121 1537 1191 ὑμεῖς
1563 1121 1618 1175 δὲ
1644 1122 1777 1175 θεων

199 1206 344 1274 ρείτέ
398 1222 485 1275 με’
538 1226 556 1259 ι
615 1207 782 1278 ήγουν
819 1208 903 1277 ἐφ’
949 1209 1140 1278 ἑτέραν
1182 1210 1304 1263 τινὰ
1360 1212 1778 1282 παρακλίνοντες

195 1297 471 1368 θεωρίαν,
526 1298 741 1368 μάλισθ’
788 1300 867 1353 ὅτι
925 1300 1323 1372 προσπλέκεται
1378 1305 1490 1367 τοῖς
1550 1305 1777 1375 εἰρημέ-

193 1405 305 1452 νοις
330 1390 458 1459 παρ’
486 1389 650 1443 αὐτοῦ
696 1391 775 1455 τὸ,
815 1411 833 1442 ι
864 1390 985 1445 Ὅτι
1016 1390 1127 1460 ἐγὼ
1175 1392 1272 1457 ζῶ,
1309 1394 1403 1446 καὶ
1436 1393 1591 1463 ὑμεῖς
1620 1395 1779 1464 ζήσε-

196 1480 315 1546 σθε,
338 1500 356 1533 ι
380 1481 702 1553 λογιζόμεθά
721 1501 772 1536 τι
794 1482 1050 1538 τοιοῦτον.
1068 1486 1220 1539 Μετά
1236 1486 1344 1557 γάρ
1360 1484 1457 1557 τὴν
1483 1488 1547 1540 ὲκ
1568 1487 1777 1558 νεκρῶν

192 1572 511 1635 ἀναϐίωσιν,
562 1572 907 1643 κατορθώσας
953 1576 1017 1645 τῇ
1072 1575 1315 1647 ἡμετέρᾳ
1362 1575 1517 1644 φύσει
1553 1577 1651 1647 τὴν
1698 1578 1777 1638 εἰς

190 1664 330 1735 ὅπερ
376 1659 443 1734 ἦν
480 1663 540 1729 ἐξ
576 1663 748 1735 ἀρχῆς
777 1666 1179 1737 ὲπαναδρομὴν,
1240 1668 1333 1720 καὶ
1362 1667 1648 1734 ἀποδείξας
1687 1668 1776 1721 τὸν

190 1755 478 1825 ἄνθρωπον
512 1755 804 1827 ἄφθαρτον,
834 1757 908 1821 ὡς
946 1760 1003 1811 ὲν
1038 1760 1283 1829 ἀπαρχῇ,
1322 1759 1414 1813 καὶ
1460 1758 1661 1831 πρώτῳ
1699 1758 1775 1829 τῷ

1883 573 1971 619 cto
2017 563 2245 635 Spiritu,
2275 581 2602 637 omnemque
2650 569 2847 623 bonam
2889 572 3258 642 cognitionem
3312 575 3457 630 inse-

1881 665 2055 710 rente.
2089 656 2180 710 Vel
2219 659 2365 710 enim
2416 658 2599 714 dicere
2649 660 2827 730 ipsum
2891 663 3210 732 putabimus
3261 665 3396 719 illud
3440 684 3455 721 :

1886 762 1905 793 ε
1942 744 2133 797 Adhuc
2163 746 2459 812 modicum,
2494 755 2549 801 et
2580 751 2817 804 mundus
2851 766 2936 805 me
2970 751 3083 821 jam
3124 768 3232 805 non
3264 754 3411 808 videt
3440 770 3456 808 :

1878 850 1977 889 vos
2000 846 2177 888 autem
2205 836 2403 891 videtis
2453 854 2570 905 me;
2607 858 2623 890 ι
2660 853 2752 893 aut
2787 852 2938 897 certe
2968 843 3036 897 ad
3073 845 3233 899 aliam
3263 862 3459 916 quam-

1879 926 2003 980 dam
2036 928 2475 984 observationem
2513 934 2788 1000 conversi,
2838 935 3072 990 maxime
3118 938 3263 1006 quod
3311 940 3457 993 istud

1879 1019 2311 1087 praecedentibus
2350 1020 2689 1092 adiungitur,
2727 1043 2745 1074 ι
2789 1024 2930 1091 Quia
2965 1042 3069 1096 ego
3096 1029 3244 1093 vivo,
3275 1038 3329 1084 et
3358 1047 3457 1087 vos

1878 1109 2145 1172 vivetis,»
2217 1111 2528 1165 istiusmodi
2586 1112 2846 1180 quiddam
2908 1114 3093 1167 animo
3152 1131 3457 1173 versamus.

1879 1197 2083 1269 Nempe
2114 1209 2235 1270 post
2266 1201 2731 1256 resurrectionem
2761 1217 2824 1255 ex
2863 1204 3093 1258 mortuis
3118 1215 3372 1259 revocata
3402 1208 3459 1262 in

1878 1290 2171 1359 pristinum
2207 1299 2410 1346 statum
2443 1302 2628 1347 nostra
2669 1297 2885 1351 natura,
2918 1303 2972 1348 et
3011 1294 3233 1351 homine
3261 1313 3459 1352 corru-

1878 1385 2063 1449 ptione
2094 1383 2341 1443 liberato.
2388 1394 2447 1438 ut
2478 1386 2533 1438 in
2581 1385 2839 1454 primitiis
2871 1394 2925 1439 et
2957 1386 3134 1455 primo
3166 1403 3269 1441 suo
3320 1398 3460 1442 tem-

1878 1472 1986 1541 plo,
2022 1474 2269 1527 ascendit
2307 1476 2375 1530 ad
2413 1476 2629 1530 Patrem
2663 1476 2830 1530 Dcum
2880 1480 2971 1547 qui
3006 1480 3060 1532 in
3104 1479 3264 1534 CtBIiS
3295 1498 3309 1546 ;
3357 1482 3454 1535 sed

1875 1573 2069 1617 exacto
2099 1566 2315 1619 modico
2346 1569 2613 1637 temporis
2646 1569 2935 1624 intervallo
2989 1570 3288 1625 descendet
3340 1586 3460 1626 rur-
3498 1642 3502 1647 Α

1877 1670 1996 1718 sus,
2045 1664 2103 1709 ut
2146 1658 2449 1721 credimus,
2501 1675 2564 1713 ac
2597 1669 2904 1714 revertetur
2932 1661 3116 1715 denuo
3150 1661 3216 1715 ad
3250 1677 3351 1717 nos
3403 1664 3456 1717 in

1879 1749 2050 1818 gloria
2084 1749 2263 1805 Patris
2299 1752 2406 1816 sui,
2445 1766 2569 1805 cum
2601 1754 2811 1808 sanctis
2853 1754 3086 1824 angelis,
3114 1764 3167 1808 et
3194 1763 3459 1824 proponet

195 1844 312 1914 ἰδίῳ
337 1845 470 1915 ναῷ,
515 1846 678 1916 ἀνέϐη
711 1848 846 1918 πρὸς
888 1849 978 1901 τὸν
1028 1850 1085 1901 ὲν
1116 1854 1224 1912 τοῖς
1272 1852 1518 1920 οὐρανοῖς
1556 1850 1770 1920 Πατέρα

1876 1844 2097 1914 quidem
2138 1844 2394 1898 omnibus
2426 1844 2763 1898 tremendum
2815 1845 3083 1909 tribunal,
3118 1861 3240 1899 cum
3274 1847 3457 1909 malis,

188 1935 345 1988 Θεόν’
388 1936 500 1989 ἀλλ’
541 1937 715 2005 ὀλίγον
766 1938 968 2007 μεταξὺ
1011 1939 1317 2003 διατελέσας
1355 1939 1565 2009 χρόνον,
1611 1955 1780 1992 κατα-

189 2024 421 2094 ϐήσεται
466 2026 647 2088 πάλιν,
688 2028 938 2097 καθάπερ
982 2026 1331 2098 πιστεύομεν,
1373 2028 1465 2079 καὶ
1521 2026 1778 2097 ἐπανήξει

192 2114 356 2167 πάλιν
414 2115 551 2186 πρὸς
596 2117 743 2186 ήμᾶς
794 2117 851 2167 ὲν
897 2119 962 2187 τῇ
1012 2115 1138 2187 δόξῃ
1190 2115 1283 2169 τοῦ
1332 2115 1545 2187 Πατρὸς
1591 2114 1776 2179 αὐτοῦ,

190 2206 332 2275 μετά
360 2206 470 2259 τῶν
517 2206 688 2273 ἀγίων
742 2207 991 2275 ἀγγέλων
1017 2246 1031 2271 ,
1060 2208 1155 2259 καὶ
1183 2207 1445 2277 προθήσει
1474 2207 1573 2276 μὲν
1606 2206 1779 2259 ἅπασι

185 2297 251 2350 τὸ
300 2297 737 2366 φρικωδέστατον
792 2297 944 2368 βῆμα
989 2300 1243 2368 πονηροῖς
1274 2314 1334 2349 τε
1387 2298 1479 2349 καὶ
1533 2297 1774 2363 ἀγαθοῖς.

185 2389 420 2459 Σύμπαν
451 2388 558 2459 γάρ
581 2388 701 2458 ἥξει
732 2389 791 2441 τὸ
825 2389 1047 2458 ποιηθὲν
1080 2390 1160 2451 είς
1183 2389 1385 2459 κρίσιν·
1417 2388 1694 2457 ἀναλόγως
1721 2388 1779 2441 δὲ

181 2484 301 2544 τοῖς
358 2482 575 2552 ἑκάστῳ
629 2482 978 2552 βεϐιωμένοις
1024 2480 1308 2544 ἀποδιδοὺς
1355 2481 1424 2535 τά
1476 2480 1774 2552 πρέποντα,

181 2575 301 2636 τοῖς
326 2573 424 2645 μὲν
452 2572 510 2638 ἐξ
534 2574 827 2643 εὐωνύμων
858 2575 992 2645 ὲρεῖ,
1024 2574 1165 2627 τοῦτ’
1206 2573 1320 2626 ἔστι
1349 2576 1463 2636 τοῖς
1507 2572 1576 2625 τά
1598 2575 1652 2625 ὲν
1681 2572 1775 2625 κό-

185 2680 315 2734 σμῳ
372 2665 737 2737 πεφρονηκόσι
761 2666 910 2718 ποτέ’
950 2685 969 2717 ‹
1003 2665 1307 2738 Πορεύεσθε
1326 2666 1421 2719 ἀπ’
1452 2664 1607 2735 ἐμοῦ,
1645 2680 1781 2717 κατ-

182 2756 473 2827 ηραμένοι,
530 2760 612 2822 είς
656 2758 717 2811 τὸ
750 2759 861 2831 πῦρ
892 2760 953 2813 τὸ
986 2759 1224 2826 αἰώνιον,
1282 2760 1343 2811 τὸ
1380 2756 1777 2829 ἡτοιμασμένον

181 2848 266 2918 τῷ
313 2848 543 2920 διαϐόλῳ
572 2851 665 2904 καὶ
712 2853 825 2915 τοῖς
874 2852 1125 2921 ἀγγέλοις
1168 2850 1363 2905 αὐτοῦ·
1388 2870 1405 2899 ι
1438 2851 1550 2913 τοῖς
1574 2865 1637 2917 γε
1675 2847 1781 2917 μὴν

184 2940 250 2992 ἐκ
278 2939 489 3006 δεξιῶν,
522 2942 663 2994 τοῦτ’
692 2941 807 2995 ἐστι
842 2946 952 3006 τοῖς
987 2943 1154 3006 ὁσίοις
1183 2942 1276 2997 καὶ
1318 2940 1560 3009 ἀγαθοῖς·
1598 2959 1615 2989 ι
1646 2938 1781 2991 Δεῦ-

182 3044 266 3089 τε,
294 3032 344 3081 οί
393 3030 746 3101 εὐλογημένοι
772 3032 866 3085 τοῦ
924 3034 1133 3104 Πατρός
1168 3050 1290 3103 μου,
1336 3030 1782 3103 κληρονομήσατε

182 3118 286 3189 τὴν
335 3121 746 3193 ἡτοιμασμένην
808 3122 940 3193 ύμῖν
989 3122 1265 3191 βασιλείαν
1308 3122 1417 3175 ἀπὸ
1476 3122 1783 3192 καταϐολῆς

1882 1945 1995 1988 tum
2035 1936 2217 1989 bonis.
2251 1934 2460 1988 Cuncta
2505 1935 2647 1988 enim
2679 1944 2934 1991 creatura
2973 1937 3026 1990 in
3058 1938 3329 2006 judicium
3364 1954 3457 1992 ve-

1879 2025 1995 2078 niet
2034 2039 2048 2076 :
2078 2032 2133 2078 et
2175 2039 2272 2093 pro
2309 2027 2434 2078 vita:
2461 2024 2730 2094 cujusque
2778 2027 2979 2079 merito
3019 2042 3139 2097 qua‘
3172 2028 3327 2081 decet
3362 2042 3451 2082 re-

1879 2116 2148 2179 tribuens,
2187 2116 2256 2171 iis
2306 2117 2398 2185 qui
2444 2131 2475 2170 a
2508 2116 2752 2171 sinistris
2802 2125 2985 2181 erunt,
3040 2119 3093 2172 id
3138 2128 3222 2173 est
3261 2120 3328 2173 iis
3361 2121 3457 2188 qui

1879 2206 2153 2260 mundana
2184 2206 2462 2274 quondam
2500 2207 2785 2275 sapuerint
2823 2206 3013 2261 dicet:
3064 2226 3081 2258 ι
3123 2206 3394 2262 Discedite
3424 2223 3455 2260 τι

1879 2314 1985 2357 me,
2028 2298 2338 2362 maledicti,
2377 2298 2542 2369 815
2577 2299 2629 2352 in
2669 2300 2845 2369 ignem
2891 2308 3182 2362 aeternum,
3234 2300 3325 2368 qui
3360 2314 3455 2369 pa-

1876 2399 2031 2444 ratus
2069 2398 2153 2445 est
2208 2390 2426 2445 diabolo
2474 2402 2527 2445 et
2561 2392 2768 2461 angelis
2799 2390 2923 2460 ejus
2949 2392 3025 2457 ⁶⁹;
3080 2410 3099 2442 ι
3162 2392 3229 2446 iis
3270 2401 3451 2446 autem

1877 2481 2039 2550 quia
2082 2479 2292 2538 dextris
2337 2491 2543 2568 erunt,
2605 2483 2657 2535 id
2714 2490 2800 2536 est
2851 2484 3063 2538 sanctis
3116 2498 3179 2537 ac
3233 2483 3392 2537 bonis
3436 2502 3449 2537 :

1881 2590 1900 2622 ι
1934 2570 2147 2638 Venite,
2196 2572 2465 2627 benedicti
2502 2572 2682 2627 Patris
2717 2573 2844 2639 mei,
2891 2575 3171 2643 possidete
3205 2583 3454 2645 paratum

1878 2664 2034 2718 vobis
2073 2680 2297 2734 regnum
2343 2679 2371 2717 a
2404 2666 2799 2719 constitutione
2829 2666 3018 2719 mundi
3051 2665 3119 2719 ’°.
3159 2684 3176 2715 ι
3209 2664 3453 2719 Conver-

1879 2757 2153 2810 sabuntur
2184 2757 2329 2809 enim
2371 2764 2428 2810 et
2482 2757 2905 2826 conregnabunt
2957 2772 3081 2811 cum
3123 2758 3367 2825 Christo,
3402 2767 3456 2813 et

1880 2848 2209 2902 cmlestibns
2247 2848 2405 2901 bonis
2437 2863 2652 2901 summa
2688 2863 2814 2901 cum
2852 2848 3134 2918 voluptate
3178 2849 3453 2920 fruentur,

1881 2937 2198 2994 conformes
2224 2937 2353 2993 facti
2398 2939 2831 2993 resurrectionis
2857 2939 3000 3010 ejus,
3029 2951 3086 2994 et
3110 2943 3312 2998 veteris
3339 2958 3437 2998 cor

1882 3032 2158 3102 ruptionis
2208 3031 2423 3104 laqueis
2468 3032 2677 3101 vitatis,
2730 3032 2891 3104 longa
2938 3039 2993 3088 et
3027 3032 3296 3089 inellabili
3341 3036 3455 3089 vita

1882 3125 2234 3190 circumdati,
2270 3135 2436 3197 atque
2467 3141 2590 3179 cum
2639 3106 3103 3198 sempefvivente
3137 3127 3370 3182 Domino
3400 3130 3453 3183 in

182 3212 412 3281 κόσμου.
456 3231 473 3263 ι
525 3211 842 3265 Συνέσονται
886 3212 994 3283 γὰρ
1034 3213 1129 3267 καὶ
1172 3213 1663 3284 συμϐασιλεύσουσι
1691 3214 1766 3283 τῷ

1872 3223 2136 3269 aeternum
2173 3217 2397 3270 victuri.
2419 3215 2580 3281 Quod
2599 3218 2743 3269 enim
2760 3232 2882 3271 cum
2900 3217 3125 3271 Christo
3140 3218 3451 3274 indesinen-

182 3302 424 3373 Χριστῷ,
456 3304 551 3357 καὶ
595 3306 708 3369 τοῖς
758 3304 1026 3376 οὐρανίοις
1065 3305 1491 3375 ὲντρυφήσουσιν
1522 3305 1763 3372 ἀγαθοῖς,

184 3390 248 3442 σύ
258 3408 497 3461 μμορφοι
520 3392 802 3461 γεγονότες
838 3393 935 3462 τῆς
968 3394 1315 3457 ἀναστάσεως
1342 3393 1529 3459 αὐτοῦ,
1556 3396 1649 3447 καὶ
1669 3396 1768 3465 τῆς

184 3482 287 3552 μὲν
362 3484 594 3554 ἀρχαίας
654 3484 860 3556 φθορᾶς
924 3485 1236 3555 διαδράντες
1306 3486 1435 3549 τοὺς
1518 3486 1764 3556 βρόχους,

184 3575 373 3645 μακρᾷ
419 3575 477 3628 δὲ
527 3576 618 3628 καὶ
677 3576 941 3648 ἀμυθήτῳ
988 3576 1409 3649 περιϐληθέδτες
1460 3578 1570 3648 ζωῇ
1601 3618 1614 3638 ,
1672 3578 1768 3629 καὶ

182 3666 553 3737 ἀτελευτήτως
607 3666 683 3738 τῷ
762 3669 848 3720 ἀεὶ
917 3666 1080 3731 ζῶντι
1151 3666 1423 3731 συζῶντες
1498 3667 1765 3738 Δεσπότῃ.

182 3757 307 3811 Ὅτι
348 3760 458 3830 γάρ
494 3760 540 3811 oi
573 3759 793 3830 θεοφιλῆ
841 3762 932 3813 καὶ
959 3760 1233 3833 ἐξαίρετον
1282 3762 1620 3831 ἀσκήσαντες
1652 3760 1766 3830 βίον

181 3848 525 3921 ἀδιαλήπτως
553 3850 665 3922 [γρ.
684 3852 1063 3924 ἀδιαλείπτως]
1106 3852 1417 3907 συνέσονται
1435 3852 1511 3923 τῷ
1525 3852 1763 3925 Χριστῷ,

181 3937 509 4009 θεωροῦντες
536 3940 775 4011 δηλονότι
806 3942 867 3994 τὸ
890 3942 1031 3997 θεῖον
1058 3941 1223 3997 αὐτοῦ
1249 3943 1343 3995 καὶ
1367 3942 1604 4014 ἄρρητον
1638 3943 1766 3997 κάλα

180 4028 291 4095 λος,
327 4033 577 4099 σαφηνιεῖ
612 4031 785 4099 λέγων
813 4032 842 4083 ὁ
873 4032 1116 4095 Παῦλος·
1163 4051 1182 4084 ι
1219 4033 1339 4085 ’Ὁτι
1374 4033 1535 4095 αὐτὸς
1567 4033 1766 4103 Κύριος

179 4122 240 4173 ἐν
272 4120 621 4191 κελεύσματι,
650 4125 707 4175 ὲν
737 4124 886 4193 φωνῇ
919 4122 1261 4193 ἀρχαγγέλου
1304 4122 1397 4176 καὶ
1425 4123 1482 4174 ὲν
1505 4122 1765 4190 σάλπιγγι

176 4207 316 4262 Θεοῦ
350 4210 716 4280 καταϐήσεται
750 4211 855 4263 ἀπὸ
896 4210 1147 4279 οὐρανοῦ,
1194 4210 1291 4264 καὶ
1334 4212 1383 4262 οἱ
1418 4211 1601 4281 νεκροὶ
1624 4212 1672 4263 οἱ
1708 4212 1765 4263 ἐν

174 4298 400 4368 Χριστῷ
429 4299 819 4369 ἀναστήσονται
847 4301 1075 4370 πρῶτοι·
1113 4301 1305 4353 ἔπειτα
1332 4302 1510 4370 ἡμεῖς,
1548 4303 1597 4353 οἱ
1630 4301 1763 4363 ζῶν-

174 4406 286 4455 τες,
347 4391 395 4442 οι
452 4390 910 4460 περιλειπόμενοι,
969 4392 1064 4443 σὺν
1110 4393 1291 4453 αὐτοῖς
1334 4392 1766 4462 ἁρπαγησόμεθα

177 4482 236 4533 ὲν
259 4482 506 4549 νεφέλαις
537 4483 614 4545 είς
653 4482 956 4552 ἀπάντησιν
996 4483 1090 4535 τοῦ
1118 4482 1323 4553 Κυρίου
1363 4486 1441 4545 εἰς
1477 4484 1634 4551 ἀέρα,
1672 4481 1765 4536 καὶ

1871 3314 1955 3360 ter
1976 3307 2178 3361 victuri
2209 3307 2429 3375 sintqui
2455 3308 2599 3376 piam
2628 3315 2681 3361 et
2708 3309 2964 3363 eximiam
2992 3312 3160 3364 vitam
3185 3326 3453 3367 exercue-

1870 3400 2001 3463 rint,
2036 3401 2477 3469 contemplantes
2509 3400 2774 3453 nimirum
2826 3400 3068 3455 divinam
3103 3401 3225 3469 ejus
3270 3414 3323 3457 et
3368 3404 3452 3458 in-

1866 3490 2139 3545 ell‘abilem
2200 3490 2697 3557 pulchritudinem,
2750 3489 3066 3546 declarabit
3116 3490 3340 3558 Paulus,
3373 3495 3452 3549 di-

1867 3596 2000 3636 cens
2038 3598 2052 3636 :
2088 3600 2108 3631 ‹
2161 3580 2299 3648 Quia
2356 3582 2474 3652 ipse
2511 3581 2777 3637 Dominus
2833 3582 2889 3636 in
2936 3583 3095 3652 jussu
3131 3593 3185 3639 et
3232 3585 3286 3639 in
3320 3602 3452 3641 voce

1868 3674 2193 3744 archangeli
2226 3683 2281 3728 et
2324 3673 2378 3727 in
2412 3674 2540 3728 tuba
2582 3671 2677 3727 Dei
2717 3671 3021 3728 descendet
3053 3674 3119 3729 de
3152 3676 3292 3731 coelo
3330 3692 3344 3731 :
3394 3688 3449 3733 et

1869 3767 2098 3832 mortui,
2128 3767 2222 3837 qui
2274 3769 2325 3820 in
2381 3765 2611 3821 Christo
2660 3774 2811 3830 sunt,
2872 3776 3166 3838 resurgent
3220 3769 3383 3840 primi
3429 3787 3445 3825 :

1867 3859 2066 3914 deinde
2113 3874 2234 3920 nos,
2274 3858 2366 3928 qui
2400 3857 2659 3919 vivimus,
2710 3858 2802 3928 qui
2857 3858 3245 3928 relinquimur,
3283 3861 3447 3917 simul

1867 3951 2145 4018 rapiemur
2177 3963 2297 4002 cum
2341 3947 2450 4002 illis
2484 3947 2536 4001 in
2571 3948 2811 4004 nubibus
2863 3949 3082 4004 obviam
3127 3949 3363 4006 Domino
3391 3952 3445 4007 in

1866 4055 2017 4105 aera,
2062 4049 2115 4093 et
2146 4040 2227 4094 sic
2273 4055 2493 4110 semper
2527 4055 2653 4094 cum
2704 4039 2936 4096 Domino
2970 4042 3181 4097 erimus
3210 4041 3275 4097 ".
3321 4062 3339 4096 ι
3380 4041 3446 4097 Et

1868 4148 2064 4187 rursus
2098 4132 2166 4186 ad
2202 4147 2299 4187 eos
2350 4132 2444 4201 qui
2501 4132 2837 4187 mortiﬁcare
2888 4134 3205 4189 studuerint
3256 4135 3444 4191 mundi

1867 4224 2200 4294 Cupiditates
2231 4244 2243 4277 :
2283 4242 2301 4274 ι
2329 4222 2524 4277 Mortui
2557 4224 2706 4277 enim
2736 4225 2890 4289 estis,
2921 4234 2977 4280 et
3009 4228 3119 4280 vita
3148 4234 3328 4282 vestra
3360 4237 3440 4283 est

1867 4312 2194 4367 abscondita
2230 4327 2353 4366 cum
2389 4312 2612 4368 Christo
2644 4315 2696 4367 in
2726 4314 2870 4381 Deo;
2905 4332 3030 4370 cum
3063 4314 3318 4373 Christus
3349 4334 3444 4390 ap-

1869 4404 2133 4473 paruerit,
2162 4404 2269 4457 vita
2307 4412 2509 4468 vestra,
2547 4413 2679 4458 tunc
2718 4416 2771 4460 et
2801 4422 2897 4460 vos
2944 4409 3283 4477 apparebitis
3316 4425 3441 4464 cum

1869 4496 1990 4564 ipso
2021 4496 2073 4547 in
2108 4495 2282 4565 gloria
2339 4496 2406 4549 ".
2452 4515 2471 4547 ι
2523 4496 2815 4563 Quocirca,
2862 4508 2921 4551 ut
2969 4500 3076 4553 vim
3134 4508 3190 4554 et
3220 4516 3443 4556 sensum

176 4571 352 4634 οὕτως
372 4572 599 4623 πάντοτε
631 4575 727 4625 σὺν
753 4573 940 4643 Κυρίῳ
962 4572 1216 4643 ἐσόμεθα.
1252 4592 1271 4625 ι
1297 4574 1408 4627 Καὶ
1438 4574 1599 4627 πάλιν
1624 4576 1760 4644 πρὸς

1872 4585 1967 4640 loci
1990 4585 2159 4654 hujus
2190 4585 2243 4639 in
2269 4600 2540 4639 summam
2574 4588 2923 4653 contraham,
2956 4591 3047 4660 qui
3076 4590 3264 4644 mundi
3300 4592 3442 4645 mala

175 4666 302 4728 τοὺς
356 4664 583 4733 νεκροῦν
635 4665 918 4735 ἑλομένους
946 4666 1015 4719 τά
1039 4667 1097 4719 ὲν
1120 4666 1311 4737 κόσμῳ
1348 4666 1515 4739 πάθησ
1561 4686 1580 4718 ι
1630 4669 1758 4720 Ἀπε-

173 4751 396 4805 εθάνετε
438 4754 565 4824 γὰρ,
616 4753 709 4806 καὶ
757 4756 791 4825 ή
838 4754 950 4825 ζωὴ
994 4754 1147 4825 ὑμῶν
1189 4755 1496 4827 κέκρυπται
1537 4759 1637 4810 σὺν
1680 4756 1757 4827 τῷ

172 4843 399 4913 Χριστῷ
454 4847 513 4897 ἐν
557 4844 637 4915 τῷ
679 4845 817 4915 Θεῷ,
869 4846 996 4897 ὅταν
1043 4847 1071 4898 ὁ
1112 4847 1346 4917 Χριστὸς
1383 4847 1756 4919 (pervagatith

172 4935 286 5007 ζωὴ
329 4936 502 5006 ὑμῶν,
553 4938 677 4990 τότε
708 4937 801 4991 καὶ
841 4938 996 5007 ὑμεῖς
1026 4938 1474 5009 φανερωθήσεσθε
1516 4939 1613 4991 σὺν
1654 4940 1755 4992 αὐ-

171 5027 248 5098 τῷ
284 5031 347 5081 ὲν
387 5029 534 5101 δόξῃ.
577 5048 596 5081 ι
639 5028 847 5082 Οὐκοῦν
889 5028 1462 5099 (ἀνακεφαλαιώσομαι
1510 5032 1620 5102 γὰρ
1661 5030 1759 5085 τοῦ

170 5119 330 5188 λόγου
351 5120 455 5191 τὴν
479 5120 815 5190 δύναμιν),οί
849 5119 947 5190 μὲν
965 5119 1073 5172 τῶν
1100 5121 1156 5173 ὲν
1194 5119 1382 5190 κόσμῳ
1414 5121 1601 5174 κακῶν
1628 5124 1759 5191 ὲραο

172 5208 295 5262 σταὶ
325 5211 736 5279 κατοιχήσονται
763 5211 900 5278 πρὸς
935 5209 1026 5262 τὸν
1052 5208 1205 5279 ᾅδην,
1242 5210 1337 5261 καὶ
1367 5212 1432 5262 ὲκ
1466 5210 1758 5279 προσώπου

167 5306 487 5372 γενήσονται
541 5300 799 5371 Χριστοῦ*
854 5300 1169 5353 συνέσονταί
1221 5316 1284 5368 γε
1324 5301 1433 5371 μὴν
1471 5300 1619 5371 αὐτῷ
1663 5301 1759 5355 καὶ

169 5396 632 5464 συνδιαιτήσονται
675 5392 767 5446 διά
819 5394 1019 5456 παντὸς
1065 5395 1112 5445 οἱ
1140 5395 1238 5464 τῆς
1275 5393 1475 5463 ἀρετῆς
1504 5395 1751 5463 ἐρασταὶ,

167 5488 262 5539 καὶ
288 5486 385 5540 τὸν
409 5484 700 5556 ἀρραϐῶνα
746 5484 839 5537 τοῦ
879 5483 1017 5538 Πνεύ
1026 5501 1188 5553 ματος
1215 5483 1371 5552 ἀσινῆ
1392 5485 1747 5554 τηρήσαντες,

166 5580 423 5639 συνόντες
466 5577 524 5631 δὲ
550 5577 811 5644 δηλονότι,
868 5577 959 5629 καὶ
975 5576 1035 5629 τὸ
1083 5575 1383 5646 θεοπρεπὲς
1433 5575 1595 5628 αὐτοῦ
1621 5594 1752 5630 κατ·

1863 4677 2100 4746 diligunt
2136 4679 2192 4732 in
2224 4677 2499 4732 infernum
2535 4679 2755 4743 cadent,
2806 4689 2860 4734 et
2913 4684 3108 4752 procul
3155 4697 3184 4736 a
3231 4680 3443 4739 Christi

1864 4776 2162 4838 conspectu
2199 4769 2680 4824 amandabuntur:
2737 4772 2963 4829 virtutis
2995 4788 3127 4827 vero
3179 4775 3439 4843 studiosi,

1864 4869 1918 4916 et
1956 4867 2233 4931 quotqum
2262 4861 2629 4915 arrhabonem
2680 4859 2918 4930 Spiritus
2946 4863 3218 4936 integrum
3251 4882 3440 4923 serva-

1864 4953 1999 5016 rint,
2037 4952 2520 5007 conversabuntnr
2546 4970 2668 5007 cum
2703 4970 2770 5009 eo
2819 4950 2873 5009 et
2919 4958 3083 5011 simul
3120 4958 3324 5022 vivent,
3374 4975 3441 5015 ac

1856 5043 2101 5097 divinam
2164 5042 2286 5112 ejus
2360 5045 2888 5114 contemplabuntur
2947 5048 3434 5117 pulchritudinem.

1861 5152 1881 5185 ι
1915 5133 2034 5187 Erit
2082 5134 2228 5188 enim
2264 5134 2390 5201 tibi,
2430 5136 2629 5204 inquit,
2682 5134 2950 5194 Dominus
2986 5139 3075 5194 lux
3119 5150 3346 5208 aeterna,
3382 5152 3437 5197 et

1856 5223 2000 5280 Deus
2035 5224 2223 5294 gloria'
2249 5231 2340 5278 tua
2372 5224 2439 5279 ’³.
2474 5244 2493 5277 ›
2537 5223 2692 5291 Quod
2719 5226 2939 5296 quidem
2968 5230 3281 5301 signiﬁcare
3300 5232 3435 5288 velle

1857 5313 2125 5369 Dominus
2181 5315 2405 5370 videtur
2456 5330 2581 5371 cum
2621 5317 2895 5374 dicentem
2948 5336 3073 5375 eum
3122 5323 3429 5379 audimus:

1863 5425 1885 5457 ‹
1922 5406 2119 5461 Adhuc
2149 5407 2451 5472 modicum,
2484 5418 2537 5463 et
2563 5410 2804 5466 mundus
2839 5426 2925 5465 me
2958 5412 3071 5481 jam
3100 5428 3212 5467 non
3242 5414 3428 5482 videt;

1860 5510 1959 5551 vos
1987 5486 2170 5550 autem
2201 5496 2398 5552 videtis
2428 5512 2513 5552 me
2543 5537 2559 5562 ,
2590 5502 2718 5570 quia
2760 5516 2864 5572 ego
2895 5502 3041 5566 vivo,
3074 5510 3130 5558 et
3154 5519 3252 5559 vos
3290 5506 3433 5558 vive-

1859 5589 1947 5643 tis.
1994 5607 2011 5638 ι
2042 5584 2403 5658 Nequaquam
2458 5605 2588 5646 vero
2648 5594 2935 5658 mentitur,
2989 5609 3115 5648 cum
3168 5598 3427 5668 exiguum

268 5763 315 5793 "
353 5761 542 5815 Matth.
573 5778 700 5827 xxv,
741 5763 828 5816 M.
902 5761 950 5793 ὀ
992 5759 1122 5813 Ibid.
1162 5760 1251 5817 5L
1330 5764 1369 5794 ⁷¹
1403 5764 1416 5817 Ι
1448 5760 1649 5821 Thess.
1686 5780 1756 5830 tv,

1872 5802 1880 5826 ,
1916 5764 2001 5819 16.
2079 5765 2126 5796 ⁷¹
2176 5765 2385 5822 Coloss.
2422 5782 2503 5831 Ill,
2536 5768 2588 5821 ὖ.
2663 5768 2708 5800 ⁷³
2749 5768 2854 5823 lsa.
2882 5786 2971 5833 ιτ,
3012 5770 3099 5827 l7.

419 5858 689 5918 ΡΑτιιοι..
714 5858 828 5916 Gn.
866 5854 1120 5915 LXXIV.

2946 5863 2981 5922 9
