3892 6202
455 311 562 364 261
1483 307 1536 360 S.
1579 306 1849 361 CYRILLI
1889 306 2360 362 ALEXANDRINI
2399 306 2716 362 ARCIHEP.
3596 305 3701 360 263

449 424 787 480 intercedere
833 433 1049 493 tempus
1091 421 1158 475 ad
1209 437 1364 476 suam
1415 439 1588 493 usque
1626 423 2018 476 revelationcm

2153 425 2343 496 ψονται
2399 425 2594 488 κάλλος
2613 423 3012 487 ἀδιακωλύτως.
3038 423 3264 478 «Ἔσται
3291 423 3396 494 γάρ
3415 439 3520 487 σοι,
3544 422 3702 492 φησὶ,

446 519 544 572 ait.
584 513 830 586 Longum
869 515 1018 570 enim
1069 520 1286 584 tempus
1343 513 1488 584 apud
1537 529 1637 570 nos
1689 529 1792 584 pro
1845 513 2020 568 nihilo

2153 516 2323 586 Ldptoq
2375 517 2492 586 φῶς
2536 516 2772 583 αἰώνιον,
2822 515 2915 570 καὶ
2944 516 2972 567 6
3027 515 3159 579 Θεὸς
3206 515 3332 580 δόξα
3378 532 3491 568 σου.
3541 533 3559 566 ι
3594 513 3706 567 Καὶ

447 610 590 680 apud
619 609 786 662 Deum
818 607 910 677 qui
941 621 1162 677 semper
1188 615 1274 660 est
1314 606 1569 662 habetur.
1605 605 1762 673 Quod
1795 604 2024 660 testabi-

2153 604 2264 668 ίκὸς
2289 604 2346 658 δὲ
2392 604 2549 658 τοῦτο
2604 604 2888 677 βούλεσθαι
2935 602 3127 674 δηλοῦν
3161 605 3250 659 τὸν
3298 604 3521 675 Κύριον,
3577 604 3709 657 ὅταν

447 710 538 756 tur
573 700 886 762 Psalmista,
923 697 1115 752 dicens
1149 716 1162 752 :
1204 716 1223 749 ι
1275 696 1548 764 Quoniam
1598 698 1750 752 mille
1793 697 1923 750 anni
1967 695 2023 750 in

2153 695 2406 766 ηκούωμεν
2453 697 2722 766 λέγοντος·
2763 718 2781 748 ι
2825 698 2946 750 Ἔτι
2965 696 3186 769 μικρὸν,
3231 697 3322 750 καὶ
3348 699 3376 750 6
3406 696 3609 766 κόσμος
3635 711 3708 764 με

449 791 632 845 oculis
659 789 791 856 tuis,
843 787 1107 854 Domine,
1161 797 1424 859 tanquam
1459 789 1578 845 dies
1607 788 1874 845 hesterna
1901 802 2024 860 qua:

2153 787 2304 841 ὑκέτι
2331 788 2544 861 θεωρεῖ,
2573 789 2730 861 ὑμεῖς
2753 789 2808 842 δέ
2827 789 3082 860 θεωρεῖτέ
3108 807 3194 860 με,
3227 791 3309 842 ὃτι
3339 787 3450 857 ἐγὼ
3481 786 3579 851 ζῶ,
3613 788 3712 841 καὶ

449 882 729 953 praeteriit,
759 888 815 935 et
845 881 1095 935 custodia
1125 879 1179 934 in
1204 888 1369 936 nocte
1399 880 1468 935 ⁷⁸.
1509 900 1527 931 ι

2122 880 2280 951 ὑμεῖς
2314 880 2564 951 ζήσεσθε.
2617 900 2636 932 ι
2669 879 3026 950 Διαψεύσεταί
3057 896 3121 950 γε
3155 879 3260 951 μὴν
3305 878 3576 950 οὐδαμῶς,
3615 895 3712 948 μι-

449 969 599 1038 κρὸν⁹
619 967 754 1022 εἶναι
785 968 960 1036 λέγων
991 968 1081 1021 τὸν
1113 967 1314 1039 μεταξὺ
1354 967 1542 1039 χρόνον
1571 969 1668 1040 τῆς
1700 969 1864 1022 οἱονεὶ
1902 968 2297 1038 ἀποκαλύψεως
2333 969 2519 1023 αὑτοῦ.
2551 969 2670 1041 Θεῷ
2690 970 2797 1040 γὰρ
2833 969 2912 1041 τῷ
2943 969 3031 1024 ἀεὶ
3072 968 3184 1023 ὄντι
3242 969 3337 1024 καὶ
3401 972 3430 1022 6
3497 968 3714 1040 μακρὸς

450 1060 742 1132 καθ’ἡμᾶς
777 1060 966 1130 χρόνος
1018 1061 1075 1112 ἐν
1123 1058 1202 1130 τῷ
1239 1058 1432 1130 μηδενὶ
1462 1059 1699 1113 τέθειται
1731 1059 2029 1122 παντελῶς.
2069 1062 2179 1115 Καὶ
2212 1062 2548 1133 μαρτυρήσει
2583 1061 2756 1131 λέγων
2793 1063 2821 1116 6
2852 1061 3122 1134 Μελῳδός·
3159 1081 3180 1115 ι
3220 1062 3342 1116 Ὅτι
3401 1060 3544 1132 χίλια
3613 1061 3714 1132 ἐτη

451 1159 509 1212 ἐν
539 1157 834 1226 ὀφθαλμοῖς
858 1172 972 1215 σου,
993 1153 1185 1226 Κύριε,
1203 1154 1278 1218 ὡς
1301 1154 1538 1227 ήμέραὴ
1575 1157 1700 1226 χθὲς
1718 1157 1838 1226 ἥτις
1865 1155 2071 1224 διῆλθε,
2109 1158 2204 1211 καὶ
2238 1157 2452 1229 φυλακὴ
2482 1159 2540 1212 ἐν
2574 1157 2747 1212 νυκτί.
2779 1177 2798 1210 ι

523 1251 662 1310 XIV.
697 1251 788 1304 ‘20.
836 1250 898 1303 In
934 1251 1027 1304 illo
1052 1249 1136 1303 die
1162 1267 1249 1304 vos
1283 1254 1606 1320 cognoscetis
1637 1256 1764 1322 quia
1789 1269 1884 1320 ego
1909 1268 2024 1307 sum

453 1344 504 1396 in
543 1341 701 1395 Putre
738 1357 872 1405 meo,
903 1349 951 1393 et
987 1356 1072 1393 vos
1104 1341 1160 1394 in
1188 1357 1286 1406 me,
1318 1351 1368 1395 et
1403 1358 1494 1412 ego
1522 1344 1576 1396 in
1613 1343 1776 1397 vobis.

522 1519 691 1590 816
756 1517 996 1574 Difﬁcilis
1052 1527 1137 1574 est
1194 1518 1299 1574 loci
1355 1519 1519 1588 hujus
1571 1521 1923 1588 intellectus,
1973 1532 2030 1578 et

455 1629 639 1668 acrem
676 1614 964 1682 requirens
999 1613 1334 1684 indaginem,
1366 1623 1421 1667 et
1464 1616 1519 1667 in
1579 1629 1689 1683 quo
1737 1615 2030 1671 enodando

457 1721 613 1761 mens
642 1704 790 1759 haud
843 1719 1038 1775 parum
1075 1705 1290 1759 laboret
1323 1721 1336 1758 :
1382 1704 1664 1760 Christum
1700 1713 1882 1761 tamen
1931 1723 2032 1763 nos

2217 1256 2312 1308 Ἐν
2351 1257 2554 1324 ἐκείνῃ
2587 1255 2661 1324 τῇ
2702 1253 2910 1324 ἡμέρᾳ,
2941 1252 3109 1324 ὑμεῖς
3146 1251 3451 1322 γνώσεσθε
3475 1251 3564 1305 ὅτι
3599 1251 3721 1320 ἐγὼ

2129 1343 2201 1396 ἐν
2240 1341 2320 1408 τῷ
2362 1345 2546 1412 Harp!
2578 1360 2718 1413 μου,
2763 1343 2860 1396 καὶ
2919 1341 3088 1411 ὑμεῖς
3137 1340 3208 1394 ἐν
3249 1340 3400 1408 ἐμοὶ,
3459 1339 3622 1409 κάγὼ
3645 1339 3721 1392 ἐν·

2132 1453 2292 1506 υμιν.

2201 1527 2533 1593 Δυσέφικτον
2561 1523 2659 1594 μέν
2689 1521 2803 1587 πώς
2844 1522 2960 1574 ἐστι
2991 1519 3052 1574 τὸ
3106 1520 3165 1574 ἐν
3195 1523 3306 1582 τοῖς
3337 1520 3720 1592 προκειμένοις

2131 1617 2410 1688 θεώρημα,
2465 1614 2556 1668 καὶ
2601 1613 2849 1686 δριμεῖαν
2898 1612 3085 1684 ῶσπερ
3127 1611 3371 1678 ἐξαιτοῦν
3420 1612 3504 1680 ἐφ’
3540 1610 3724 1680 ἐαυτῷ

2131 1711 2230 1782 τὴν
2277 1709 2531 1778 βάσανον,
2560 1707 2715 1760 δκνον
2769 1723 2830 1758 τε
2874 1705 2952 1776 τῷ
2984 1704 3126 1774 λόγῳ
3155 1702 3471 1774 περιποιοῦν
3523 1703 3727 1757 ἱκανώ-

455 1811 654 1852 rursus
689 1796 757 1850 ad
783 1795 1068 1851 veritatem
1105 1795 1446 1851 directurum
1472 1796 1768 1852 credimus.
1796 1796 2028 1863 Quidam

2153 1817 2290 1854 τατον
2319 1817 2332 1830 ·
2369 1798 2676 1871 κατευθύνῃ
2729 1815 2792 1866 γε
2828 1797 2934 1868 μὴν
2972 1796 3054 1850 ὃτι
3089 1795 3251 1849 πάλιν
3301 1797 3448 1866 ἡμᾶς
3477 1797 3556 1858 είς
3589 1795 3729 1864 ἀλή-

455 1905 608 1960 ergo,
641 1889 856 1944 tametsi
892 1889 1098 1958 primas
1129 1889 1258 1944 olim
1295 1889 1443 1943 inter
1494 1889 1692 1960 impios
1741 1891 2029 1946 haereticos

457 1989 725 2044 tenentes,
752 1995 818 2035 ex
849 1979 1162 2036 substantia
1197 1979 1291 2036 Dei
1326 1996 1390 2035 ac
1433 1979 1615 2037 Patris
1661 1981 1854 2036 Filium
1883 1999 2028 2049 esse,

456 2079 623 2141 atque
651 2070 860 2125 idcirco
889 2072 945 2126 in
979 2085 1047 2126 eo
1075 2071 1344 2127 exsistere
1375 2073 1623 2128 nolentes
1649 2074 1922 2139 conﬁteri,
1949 2091 2034 2129 re-

456 2160 679 2215 lativam
709 2161 1002 2232 quamdam
1037 2169 1094 2216 et
1131 2177 1242 2216 non
1286 2164 1596 2218 naturalem
1645 2166 1905 2221 unionem
1938 2181 2033 2222 ex-

456 2253 724 2324 cogitant.
780 2251 846 2306 Et
889 2253 1116 2324 quidem
1149 2255 1518 2324 scripserunt,
1553 2263 1873 2312 eructantes
1911 2272 2036 2328 qua:

459 2360 574 2400 suae
625 2344 904 2414 opinionis
963 2353 1147 2408 erant,
1207 2361 1317 2400 non
1365 2362 1488 2416 quae
1537 2350 1716 2404 sancti
1774 2350 2034 2421 Spiritus,

459 2437 590 2505 quia
625 2433 799 2491 Filius
838 2451 870 2489 a
903 2435 1064 2492 Patre
1088 2435 1360 2508 diligitur,
1395 2439 1514 2508 ipse
1547 2455 1675 2493 vero
1711 2456 1904 2496 rursus
1936 2440 2039 2496 Pa-

463 2536 603 2582 trem
633 2526 836 2599 diligit,
885 2527 994 2582 hoc
1054 2527 1262 2582 idcirco
1315 2530 1478 2584 modo
1522 2529 1577 2584 in
1631 2547 1698 2586 eo
1747 2547 1890 2588 esse.
1955 2532 2038 2589 Ad

460 2623 606 2691 quod
656 2620 1158 2676 demonstrandum
1217 2620 1480 2676 invictum
1532 2625 1701 2679 veluti
1761 2625 2038 2696 quoddam

462 2721 846 2784 argumentum
881 2714 1037 2769 stulti
1079 2722 1399 2785 proponunt
1441 2716 1492 2770 id
1527 2717 1672 2786 quod
1719 2717 1848 2772 huic
1893 2718 2042 2773 dicto

463 2808 531 2862 de
565 2808 724 2862 nobis
757 2815 812 2862 et
843 2807 963 2877 ipso
999 2808 1372 2879 subjungitnr,
1398 2808 1608 2880 virgam
1640 2810 1806 2866 veluti
1847 2828 2042 2884 quam-

463 2899 590 2953 dam
649 2897 1014 2954 arundineam
1070 2899 1189 2954 suis
1237 2899 1596 2969 hlasphemiis
1627 2913 2040 2975 supponentes,

467 3004 666 3060 nempe
699 2991 845 3059 quod
877 2989 1040 3044 sicuti
1073 3003 1176 3044 nos
1207 2990 1262 3044 in
1310 3006 1376 3046 eo
1399 3007 1524 3046 esse
1553 2992 1813 3062 dicimur,
1839 2997 2044 3066 ipsum-

467 3096 575 3150 que
622 3079 679 3134 in
713 3080 874 3136 nobis
935 3079 1203 3135 habemus
1227 3121 1240 3146 ,
1276 3097 1454 3152 neque
1487 3091 1668 3140 tamen
1721 3087 2043 3144 substantia:

2135 1893 2284 1947 θειαν
2315 1895 2343 1946 6
2373 1892 2626 1965 Χριστὸς,
2682 1888 3026 1958 πιστεύομεν.
3063 1887 3220 1950 Τινὲς
3282 1887 3378 1958 μὲν
3423 1882 3549 1953 οὖν,
3601 1887 3729 1940 καί·

2133 2003 2216 2040 τοι
2263 1984 2371 2038 τῶν
2431 1982 2687 2056 προύχειν
2739 1979 3160 2051 ὑποληφθέντων
3212 1979 3344 2032 ποτὲ
3400 1980 3553 2050 παρὰ
3610 1980 3729 2042 τοῖς

2136 2075 2370 2140 ἀνοσίοις
2389 2077 2704 2149 αἱρετικοῖς,
2725 2073 3150 2146 παραιτούμενοι
3169 2071 3401 2142 πονηρὸς
3420 2069 3535 2142 [γρ.
3556 2087 3730 2140 πονη-

2138 2169 2272 2242 ρῶς]
2300 2169 2361 2222 τὸ
2390 2170 2455 2222 ἐκ
2484 2169 2582 2238 τῆς
2608 2168 2794 2233 οὐσίας
2846 2165 2939 2220 τοῦ
2973 2163 3107 2218 Θεοῦ
3144 2163 3238 2218 καὶ
3280 2162 3492 2234 Πατρὸς
3513 2162 3732 2232 ,ὁμολο-

2135 2265 2252 2329 γεῖν
2273 2261 2364 2314 τὸν
2394 2260 2541 2325 Υἱδν,
2574 2260 2663 2314 διά
2690 2276 2750 2312 τε
2771 2259 2927 2312 τοῦτο
2955 2256 3219 2326 ὑπάρχειν
3249 2255 3307 2307 ἐν
3341 2252 3513 2324 αὑτῷ,
3545 2270 3732 2323 σχετι-

2137 2354 2240 2423 κήν
2282 2368 2403 2405 τινα
2431 2351 2524 2405 καὶ
2553 2352 2613 2404 οὐ
2647 2348 2882 2419 φυσικὴν
2915 2345 3200 2400 ὑπονοοῦσι
3240 2344 3340 2416 τὴν
3368 2343 3585 2396 ἕνωσιν.
3622 2341 3736 2393 Καὶ

2138 2440 2201 2511 δὴ
2246 2441 2340 2494 καὶ
2376 2440 2781 2510 γεγραφήκασι,
2814 2436 2884 2490 τὰ
2915 2437 2979 2489 ἐκ
3003 2435 3104 2506 τῆς
3130 2434 3336 2497 οἰκείας
3377 2430 3735 2502 ἐρευγόμενοι

2140 2533 2387 2606 γνώμης,
2415 2535 2477 2588 οὐ
2507 2533 2574 2587 τὰ
2602 2534 2661 2598 ἐξ
2684 2531 2838 2601 ἁγίου
2871 2528 3205 2600 Πνεύματος,
3233 2527 3309 2590 ὡς
3337 2524 3569 2595 ἐπείπερ
3593 2525 3738 2592 ἀγα-

2141 2629 2307 2680 πᾶται
2337 2627 2435 2697 μὲν
2485 2628 2513 2680 ὁ
2542 2625 2670 2688 Υἱὸς
2716 2623 2868 2697 παρά
2914 2623 3009 2677 τοῦ
3059 2621 3292 2693 Πατρὸς,
3340 2621 3532 2690 ἀγαπᾷ
3556 2619 3616 2672 δέ
3663 2613 3736 2671 αὖ

2142 2717 2306 2772 πάλιν
2332 2719 2495 2781 αὐτὸς
2531 2716 2621 2770 τὸν
2652 2716 2889 2786 Πατέρα,
2924 2713 3067 2769 κατὰ
3109 2711 3297 2766 τοῦτόν
3339 2713 3456 2764 ἐστι
3484 2711 3576 2763 τὸν
3606 2710 3740 2781 τρό-

2143 2826 2244 2862 πον
2261 2810 2318 2862 ἐν
2338 2807 2504 2879 αὑτῷ.
2525 2809 2635 2862 Καὶ
2658 2806 2930 2872 ἀπόδειξιν
2943 2805 3132 2876 ὥσπερ
3149 2802 3272 2857 τινὰ
3295 2801 3742 2871 δυσανάτρεπτον

2143 2901 2546 2971 είσκομίζουσιν
2590 2901 2640 2952 oi
2691 2899 3040 2971 παράφρονες
3085 2895 3146 2949 τό
3175 2912 3234 2948 τε
3267 2893 3345 2965 τῷ
3387 2893 3742 2964 προκειμένῳ

2146 2991 2588 3064 παρεζευγμένον
2647 2989 2794 3061 ρητῷ
2841 2988 2968 3060 περί
2999 3005 3058 3039 τε
3099 2985 3255 3057 ἡμῶν
3303 2985 3397 3038 καὶ
3425 2983 3616 3038 αὑτοῦο
3645 2985 3744 3037 καὶ

2143 3085 2204 3154 δή
2249 3101 2401 3154 φασι,
2433 3081 2738 3152 καλαμίνην
2771 3081 2958 3152 ῶσπερ
2989 3078 3110 3132 τινὰ
3146 3077 3336 3150 ῥάϐδον
3374 3077 3495 3139 ταῖς
3521 3075 3745 3128 ἑαυτῶν

468 3171 684 3224 ratione
713 3171 956 3234 unimur,
984 3171 1088 3226 sed
1119 3173 1342 3227 unionis
1373 3173 1569 3229 modus
1601 3175 1655 3229 in
1691 3190 1757 3232 eo
1791 3179 2046 3233 consistit

2153 3175 2549 3243 ὑποστήσαντες
2580 3171 2935 3241 δυσφημίαις,
2964 3171 3046 3223 ὅτι
3073 3167 3259 3238 ὥσπερ
3293 3167 3454 3237 ἡμεῖς
3499 3167 3557 3220 ἐν
3591 3164 3746 3234 αὑτῷ

470 3271 531 3317 ιιι
561 3263 856 3333 diligamus
882 3278 949 3318 ac
976 3263 1224 3320 vicissim
1260 3263 1561 3335 diligamur
1595 3286 1608 3321 :
1640 3269 1736 3334 ita,
1767 3269 2044 3340 inquiunt,

469 3363 524 3409 et
559 3353 730 3410 Filius
768 3370 883 3409 ncn
925 3355 982 3410 in
1011 3355 1323 3411 substantia
1353 3358 1543 3427 utique
1593 3367 1678 3414 est
1711 3359 1805 3415 Dei
1851 3377 1914 3416 ac
1941 3362 2049 3416 Pa-

471 3445 590 3510 tris,
625 3445 720 3500 sed
743 3444 1038 3501 distinctus
1061 3447 1286 3501 omnino
1317 3449 1529 3504 ratione
1553 3458 1783 3516 naturae,
1813 3465 2053 3524 cumque

471 3537 693 3592 diverso
723 3536 884 3606 plane
911 3537 1072 3592 modo
1101 3552 1160 3593 se
1188 3538 1408 3602 haheat,
1439 3540 1557 3596 sola
1577 3541 1891 3598 dilectionis
1911 3542 2050 3613 legc,

473 3627 753 3697 inquiunt,
800 3627 857 3682 in
906 3625 1070 3684 Patre
1117 3644 1242 3685 esse
1299 3631 1634 3701 concipitur.
1698 3631 2052 3704 Propositum

472 3718 619 3772 enim
665 3717 747 3772 eis
792 3725 898 3780 est,
945 3725 1006 3770 ut
1042 3719 1206 3773 modo
1247 3719 1509 3782 diximus,
1545 3720 1728 3776 facere
1761 3732 1820 3775 ut
1855 3721 2056 3794 Unige-

475 3810 629 3865 nitus
665 3809 879 3865 factura
907 3820 964 3865 et
1001 3819 1258 3866 creatura
1283 3826 1408 3866 esse
1440 3812 1722 3877 credatur,
1749 3825 1804 3871 et
1839 3825 2058 3871 creatu-

475 3901 556 3957 ris
587 3900 812 3971 quidem
845 3903 1062 3956 caneris
1094 3902 1392 3958 eminentia
1429 3903 1723 3974 dignitatis
1757 3905 2054 3969 excellere,

477 3991 574 4048 sed
606 3999 763 4046 extra
792 3991 887 4046 Dei
914 4007 978 4046 ac
1008 3991 1190 4046 Patris
1223 3994 1596 4050 substantiam
1627 4011 1770 4052 esse.
1803 3995 1942 4051 Cum
1965 4011 2058 4051 au-

477 4094 586 4139 tem
615 4084 826 4154 prolixe
849 4082 917 4138 de
942 4083 1046 4137 hoc
1074 4090 1236 4138 antea
1270 4083 1763 4154 disputaverimus,
1799 4095 1852 4142 et
1872 4104 2054 4157 quan-

480 4187 596 4230 tum
621 4176 673 4229 in
709 4175 866 4230 nobis
887 4184 1009 4229 erat
1036 4175 1446 4231 ostenderimus
1468 4177 1773 4231 secundum
1803 4187 2055 4233 naturam

478 4282 600 4322 esse
628 4251 825 4319 Filium
855 4265 908 4318 in
945 4263 1131 4330 Patre,
1157 4272 1212 4319 et
1236 4265 1661 4323 substantialem
1700 4269 1902 4324 habere
1930 4284 2056 4323 cum

479 4375 546 4416 eo
580 4359 860 4421 unionem,
889 4356 957 4411 de
996 4356 1100 4411 hoc
1135 4356 1190 4411 in
1233 4371 1480 4426 praesens
1520 4360 1857 4416 contendere
1894 4361 2061 4414 omit-

480 4459 680 4504 temus.
711 4445 1104 4502 Verumtamen
1136 4448 1482 4502 adversarios
1515 4464 1624 4503 non
1657 4451 1880 4504 omnino
1909 4452 2054 4507 sine-

2154 3262 2290 3318 εῐναι
2327 3262 2616 3334 λεγόμεθα,
2651 3261 2845 3332 ἔχομέν
2881 3277 2939 3314 τε
2988 3258 3149 3313 αὑτὸν
3182 3260 3236 3310 ἐν
3263 3257 3498 3321 ἑαυτοῖς,
3550 3256 3646 3308 καὶ
3679 3255 3747 3308 οὑ

2155 3357 2295 3411 κατά
2313 3357 2402 3408 τὸν
2434 3358 2532 3426 τῆς
2569 3355 2756 3417 οὐσίας
2782 3352 2938 3421 λόγον
2989 3348 3276 3420 ἐνούμεθα,
3302 3347 3502 3419 τρόπος
3547 3346 3606 3399 δὲ
3644 3345 3748 3416 τῆς

2155 3447 2398 3510 ἐνώσεως
2430 3445 2570 3500 καθά
2606 3444 2924 3514 πεφύκαμεν
2959 3442 3178 3510 ἀγαπᾷν
3209 3456 3268 3492 τε
3302 3439 3393 3492 καὶ
3424 3437 3748 3503 ἀνταγαπᾶ-

2157 3539 2302 3593 σθαι·
2334 3537 2498 3603 οὕτω,
2531 3537 2684 3606 φησὶ,
2728 3535 2820 3589 καὶ
2851 3536 2880 3588 6
2904 3533 3049 3596 Υἱὸς,
3085 3532 3185 3584 οὐκ
3215 3531 3273 3582 ἐν
3293 3531 3360 3600 τῇ
3408 3527 3569 3599 οὐσίᾳ
3617 3526 3731 3581 πάν

2155 3649 2262 3695 τως
2307 3632 2424 3684 ἐστὶ
2474 3629 2567 3698 τοῦ
2612 3627 2745 3682 Θεοῦ
2792 3627 2885 3680 καλ⁵
2928 3624 3160 3695 Πατρὸς,
3219 3619 3637 3690 διακεκριμένος
3692 3619 3748 3670 δὲ

2159 3723 2436 3788 παντελῶς
2485 3722 2626 3777 κατά
2657 3738 2720 3789 γε
2749 3721 2838 3774 τὸν
2867 3720 2965 3788 τῆς
2993 3717 3206 3788 φύσεως
3257 3715 3436 3782 λόγον,
3481 3713 3578 3766 καὶ
3607 3757 3610 3760 .
3634 3713 3739 3765 ἐτε-

2161 3817 2321 3888 ροίως
2371 3816 2508 3885 ἔχων
2571 3811 2786 3883 κομιδῇ,
2831 3810 2974 3863 κατὰ
3026 3809 3184 3879 μόνον
3249 3805 3340 3858 τὸν
3384 3803 3486 3873 τῆς
3527 3802 3750 3871 ἀγάπης

2161 3909 2361 3978 θεσμὸν
2391 3909 2612 3968 νοεῖται,
2635 3903 2822 3974 φησὶν,
2848 3903 2906 3956 ἐν
2932 3901 3010 3972 τῷ
3057 3898 3250 3970 Πατρί.
3283 3896 3490 3958 Σκοπὸς
3521 3895 3634 3965 γὰρ
3655 3895 3755 3946 αὑ-

2158 4004 2291 4066 τοῖς,
2334 3998 2581 4068 καθάπερ
2612 3995 2820 4065 ἔφαμεν
2851 3992 3072 4064 ἀρτίως,
3109 3991 3338 4060 ποίημα,
3372 3987 3468 4042 καὶ
3520 3986 3754 4055 κτίσμα,

2163 4092 2258 4146 καὶ
2284 4089 2530 4160 γενητὸν,
2557 4088 2652 4141 καὶ
2701 4085 2890 4158 μόναις
2927 4084 3024 4155 μὲν
3071 4085 3192 4145 ταῖς
3236 4079 3378 4135 κατά
3421 4078 3534 4131 τῶν
3574 4076 3758 4131 ἀλλων

2163 4181 2477 4251 κτισμάτων
2503 4179 2795 4251 ὑπεροχαῖς
2822 4175 3148 4246 τιμώμενονο
3180 4171 3286 4238 ἐξω
3309 4186 3372 4240 γε
3403 4168 3510 4240 μὴν
3531 4168 3635 4238 τῆς
3667 4166 3758 4219 οὑ-

2166 4273 2285 4336 σὶας
2319 4273 2630 4344 ὑπάρχοντα
2661 4270 2753 4323 τοῦ
2779 4267 2914 4320 Θεοῦ
2949 4267 3043 4321 καὶ
3095 4263 3327 4333 Πατρὸς,
3362 4261 3644 4329 ἀποφῆναι
3666 4257 3760 4310 τὸν

2165 4364 2462 4434 Μονογενῆ.
2481 4359 2705 4432 Μακροῦ
2737 4359 2793 4412 δέ
2819 4361 2951 4430 ἡμῖν
2972 4357 3072 4429 ἤδη
3099 4356 3228 4426 περὶ
3255 4353 3444 4407 τούτου
3469 4350 3758 4417 γεγονότος

2165 4455 2346 4524 λόγου,
2377 4455 2442 4508 δι’
2473 4450 2534 4508 οῦ
2591 4453 2730 4506 κατά
2771 4469 2835 4520 γε
2864 4450 2960 4521 τὴν
2987 4447 3210 4502 ἐνοῦσαν
3241 4447 3374 4516 ἡμῖν
3407 4439 3758 4510 ἐδεικνύομεν

481 4554 604 4592 mus
651 4538 708 4591 in
741 4553 843 4593 nos
878 4537 1037 4608 quasi
1086 4536 1310 4592 deserto
1344 4539 1661 4594 vadimonio
1709 4541 1912 4606 invehi,
1963 4543 2046 4598 sed

2161 4549 2493 4618 δύναμιν,ὅτι
2518 4547 2660 4601 κατὰ
2684 4545 2844 4614 φύσιν
2871 4542 3020 4596 ἐστὶν
3045 4543 3073 4595 6
3096 4539 3219 4604 Υἱὸς
3240 4541 3298 4591 ἐν
3320 4535 3398 4606 τῷ
3428 4533 3630 4602 Πατρὶ,
3667 4533 3761 4584 καὶ

483 4629 751 4700 prodituri
781 4645 975 4685 sumus
1005 4629 1058 4682 in
1093 4630 1292 4694 aciem,
1331 4630 1541 4698 paucis,
1571 4640 1834 4700 quantum
1873 4633 1924 4686 in
1954 4649 2058 4686 no-

482 4722 567 4776 bis
593 4730 698 4786 est,
733 4721 1105 4792 improbitatis
1151 4736 1346 4776 eorum
1395 4721 1715 4778 detestabile
1761 4724 2056 4778 artiﬁcium

483 4813 840 4884 malignitatis
861 4823 914 4867 et
943 4812 1232 4882 imperitiae
1255 4812 1474 4883 plenum
1501 4815 1878 4871 ostendentes.
1899 4815 2057 4882 Quod

481 4905 541 4959 in
576 4905 722 4960 hunc
747 4906 971 4962 modum
1004 4906 1271 4960 faciemus
1306 4924 1319 4960 :

2163 4638 2396 4709 οὑσιώδη
2430 4637 2565 4709 πρὸς
2592 4636 2753 4690 αὑτὸν
2791 4635 2904 4706 ἔχει
2937 4633 3034 4704 τὴν
3062 4632 3278 4692 ἕνωσιν,
3304 4627 3626 4698 παρήσομεν
3678 4622 3760 4674 ἔτι

2163 4731 2225 4783 τὸ
2257 4729 2385 4800 περὶ
2409 4729 2599 4782 τούτου
2627 4728 2767 4790 τέως
2803 4730 2883 4790 εἰς
2907 4725 2969 4778 τὺ
2995 4723 3169 4796 παρὸν
3194 4716 3578 4774 διατείνεσθαι.
3611 4713 3759 4784 Πλὴν

2165 4824 2263 4892 οὑχ
2300 4822 2607 4892 ὁλοκλήρως
2637 4818 3007 4891 ἐπιτρέψομεν
3034 4817 3248 4886 ἐρήμην
3268 4811 3458 4881 ῶσπερ
3482 4807 3762 4875 καταδρα-

2172 4917 2291 4984 μεῖν
2327 4914 2418 4967 τοῦ
2446 4913 2603 4982 λόγου
2637 4914 2762 4974 τοὺς
2803 4910 2871 4963 δι’
2902 4909 3169 4971 ἐναντίας,
3206 4895 3762 4972 ἀπιπαραταξόμεθα

479 4995 556 5059 δὲ,
585 4995 652 5048 δι’
685 4996 904 5066 ὀλίγων,
929 4998 1004 5060 ὼς
1033 4993 1143 5050 οἷόν
1181 5015 1239 5052 τε
1278 4999 1792 5069 κεκακουργημένον
1824 5001 1941 5072 ἅμα
1971 5002 2064 5056 καὶ
2101 5003 2310 5072 ἀμαθὲς
2331 5003 2719 5073 ἁποφαίνδντες
2743 5002 2843 5073 τῆς
2869 5001 3133 5072 πονηρίας
3159 4996 3338 5053 αὐτῶν
3388 4993 3452 5047 τὸ
3510 4989 3762 5062 μυσαρὸν

480 5089 874 5160 φιλοτέχνημα.
901 5088 1011 5142 Καὶ
1032 5089 1097 5159 δὴ
1136 5092 1228 5144 καὶ
1257 5090 1508 5162 ἐροῦμεν·
1921 5147 1924 5150 .

554 5177 615 5233 Si
673 5178 1059 5233 tantummodo
1103 5195 1171 5234 ex
1205 5195 1271 5235 eo
1318 5181 1462 5251 quod
1515 5182 1762 5252 diligitur
1791 5199 1856 5238 ac
1889 5184 2068 5256 diligit

483 5269 655 5327 Filius
688 5271 834 5325 inest
866 5269 1040 5336 Patri,
1102 5273 1300 5328 eadem
1340 5274 1558 5328 ratione
1606 5285 1664 5330 et
1709 5291 1810 5332 nos
1846 5277 1900 5331 in
1941 5277 2064 5346 ipso

483 5369 538 5416 et
569 5362 683 5430 ipse
711 5362 767 5414 in
798 5361 983 5426 nobis,
1028 5378 1134 5417 nec
1170 5363 1317 5418 aliud
1347 5364 1516 5418 ullum
1543 5365 1825 5420 vinculum
1861 5367 2065 5435 reperi-

483 5462 576 5508 tur
606 5452 752 5522 quod
778 5452 1081 5525 conjungat
1114 5455 1199 5510 vel
1244 5454 1393 5508 Patri
1427 5453 1652 5520 Filium,
1680 5457 1766 5511 vel
1799 5472 1903 5512 nos
1932 5456 2059 5526 ipsi,

484 5552 538 5598 et
574 5545 755 5614 ipsum
782 5543 940 5598 nobis
975 5563 988 5599 :
1029 5545 1324 5615 quomodo,
1353 5561 1560 5619 quaeso,
1595 5555 1689 5604 aut
1711 5562 1818 5620 qua
1849 5549 2061 5604 ratione

561 5720 609 5751 "
637 5717 782 5776 Psal.
809 5734 1034 5786 Lxxxtx,
1064 5720 1120 5777 4.

2234 5183 2296 5234 Εἰ
2325 5181 2413 5234 διὰ
2445 5181 2604 5249 μόνον
2657 5181 2719 5233 τὸ
2771 5179 3090 5249 ἀγαπᾶσθαι
3152 5179 3248 5231 καὶ
3298 5176 3522 5246 ἀγαπᾷν
3556 5175 3586 5228 6
3631 5177 3762 5242 Υἱὸς

2161 5271 2335 5325 ἔνεστι
2367 5271 2446 5341 τῷ
2473 5272 2668 5342 Πατρὶ,
2702 5271 2844 5324 κατά
2870 5271 2960 5324 τὸν
2981 5267 3139 5323 αὑτὸν
3169 5266 3360 5321 τοῦτον
3385 5267 3568 5335 λόγον,
3600 5268 3764 5338 ἡμεῖς

2159 5377 2217 5414 τε
2247 5362 2304 5414 ἐν
2329 5361 2476 5431 αὑτῷ
2507 5360 2600 5414 καὶ
2633 5361 2794 5424 αὐτὸς
2824 5363 2882 5414 ἐν
2908 5362 3060 5432 ἡμῖν,
3092 5359 3189 5412 καὶ
3225 5356 3424 5428 δεσμὸς
3452 5356 3556 5428 μὲν
3584 5357 3763 5418 οὐδεὶς

2161 5456 2445 5510 συνάπτων
2475 5455 2666 5526 ὁρᾶται
2705 5453 2910 5525 ἕτερος,
2933 5452 2968 5522 ἦ
2994 5451 3074 5522 τῷ
3095 5449 3272 5521 Πατρὶ
3289 5449 3380 5502 τὸν
3398 5447 3547 5513 Υίὺν,
3591 5448 3764 5518 ἡγουν

2161 5549 2307 5619 ἡμᾶς
2348 5547 2518 5619 αὐτῷ,
2559 5547 2654 5602 καὶ
2681 5547 2842 5601 αὑτὸν
2881 5547 3031 5618 ἡμῖν’
3061 5543 3178 5606 πῶς
3209 5541 3244 5613 ἦ
3273 5541 3362 5597 διὰ
3381 5539 3502 5594 τίνα
3534 5540 3792 5610 τρόταον,’
