3892 6202
205 334 317 390 269

1213 335 1282 391 IN
1319 334 1604 393 JOANNIS
1638 332 2082 390 EVANGELIUM
2119 332 2248 389 LIB.
2290 334 2380 389 IX.

3400 342 3505 403 270

205 455 335 508 εἰπέ
386 472 496 527 μοι,
529 459 713 529 φησὶν,
763 456 840 521 ὡς
868 458 925 510 ἐν
963 454 1146 526 ἐκείνῃ
1184 457 1249 526 τῇ
1280 454 1464 526 ἡμέρᾳ
1485 452 1787 523 γνωσόμεθα

1912 450 1968 504 in
2014 452 2109 505 illo
2154 452 2243 508 die
2287 466 2691 523 cognoscemus
2728 456 2892 528 hujus
2932 460 3300 533 mysterium?
3334 463 3493 518 Nou-

203 548 269 600 τδ
300 550 429 619 περὶ
456 549 645 602 τούτου
669 551 968 620 μυστήριον
992 566 1006 612 ;
1036 547 1189 600 οὔπω
1220 547 1347 617 γὰρ,
1379 547 1519 599 κατὰ
1547 546 1608 598 τὸ
1634 544 1800 608 εἰκὸς,

205 640 529 708 ἐγνώκαμεν
565 643 647 694 ὅτι
673 643 701 694 ὁ
730 642 918 712 Πατὴρ
956 640 1052 711 μὲν
1076 640 1166 692 τὸν
1190 640 1317 691 Υἰὸν
1366 640 1578 709 ἀγαπᾷ,
1613 637 1803 707 ἀγαπᾷ

202 730 263 783 δὲ
286 731 379 783 καὶ
400 731 561 795 αὐτὸς
603 732 694 785 τὸν
718 734 956 804 Πατέραο
995 731 1110 784 ἀλλ’
1141 731 1250 784 οὐδ’
1275 730 1432 799 ἴσμεν
1458 748 1543 783 πω
1567 729 1709 798 τάχα
1736 727 1803 780 τὰ

205 821 331 875 καθ’
356 824 601 887 ἑαυτοὺς,
632 823 887 894 λογισμὸς
917 824 973 877 δὲ
990 824 1136 894 ἡμᾶς
1151 821 1425 886 διαπαίζει
1448 820 1601 883 κενὸς
1621 819 1803 890 οἰομέ-

204 930 331 977 νους
363 915 445 968 ὃτι
480 916 729 985 ἠγάπησε
760 915 857 986 μὲν
890 916 1039 985 ἡμᾶς
1066 916 1095 967 6
1118 913 1265 978 Υἱὸς,
1295 915 1390 967 καὶ
1423 913 1510 966 διὰ
1540 911 1699 965 τοῦτο
1726 910 1804 982 τῷ

204 1007 387 1077 Πατρ)⁸
412 1011 804 1078 κατεκτήσατο,
830 1010 1200 1079 ἠγαπήσαμεν
1241 1009 1298 1062 δὲ
1320 1009 1412 1061 καὶ
1434 1008 1594 1078 ἡμεῖς
1617 1006 1801 1058 αὐτόν.

200 1097 394 1166 Λέγων
426 1100 533 1170 γὰρ
564 1100 643 1164 τὸ,
681 1118 700 1151 ι
742 1100 830 1152 Ἐν
860 1100 1041 1171 ἐκείνῃ
1085 1103 1150 1170 τῇ
1220 1100 1404 1170 ἡμέρᾳ
1446 1096 1740 1165 γνώσεσθε,
1780 1116 1799 1148 ι

201 1190 357 1244 οὔπω
412 1191 657 1263 παρόντα
703 1191 936 1245 δεικνύει
992 1191 1085 1244 τὸν
1125 1191 1224 1261 τῆς
1274 1190 1536 1260 είδήσεως
1589 1188 1801 1259 χρόνον.

200 1279 335 1336 Εἶτα
360 1282 414 1335 τί
449 1283 623 1354 μάτην
644 1284 789 1353 ἡμᾶς
818 1282 1149 1336 κατεκτύπει
1170 1282 1348 1350 λέγων
1366 1283 1395 1334 6
1418 1281 1640 1352 Κύριος·
1680 1299 1697 1330 t
1746 1280 1805 1332 Ὀ

200 1374 394 1445 Πατὴρ
422 1376 610 1445 ἀγαπᾷ
639 1374 729 1427 τὸν
768 1374 899 1427 Υἱόν
919 1391 963 1438 ς»
1008 1374 1129 1427 Ὅτι
1164 1379 1272 1443 γὰρ
1300 1374 1395 1426 καὶ
1429 1373 1590 1436 αὐτὸς
1616 1372 1805 1441 ἀγαπᾷ

199 1468 294 1519 τὸν
326 1468 565 1538 Πατέρα,
596 1468 677 1530 τίς
708 1468 807 1519 οὐκ
842 1469 994 1537 ὲρεῖ;
1032 1465 1153 1529 Πῶς
1178 1467 1255 1528 δὲ,
1287 1466 1407 1519 εἰπέ
1446 1481 1555 1535 μοι,
1588 1464 1805 1533 καὶτῆς

198 1561 282 1623 εἰς
306 1561 453 1630 ἡμᾶς
490 1560 762 1623 ἀπόδειξιν
792 1562 1028 1612 ἐποιεῖτο
1074 1559 1220 1629 σαφῆ
1262 1559 1324 1611 τὸ
1365 1557 1579 1611 ἑλέσθαι
1611 1554 1805 1609 παθεῖν

196 1653 343 1722 ὑπὲρ
377 1653 561 1722 ἡμῶν;
602 1672 621 1703 ‹
660 1652 845 1716 Μείξω
877 1652 1004 1724 γὰρ,
1036 1652 1190 1722 φησι,
1217 1649 1422 1719 ταύτης
1452 1649 1552 1719 τῆς
1584 1648 1805 1718 ἀγάπης

1906 542 2037 596 dum
2074 544 2241 607 enim,
2272 553 2333 599 ut
2368 547 2605 616 videtur,
2646 553 3032 621 cognoscimus
3067 554 3283 612 Patrem
3322 558 3490 628 817

1906 634 2126 704 quidem
2160 635 2393 707 diligere
2430 637 2653 704 Filium,
2685 650 2739 695 et
2768 644 2916 698 hunc
2972 645 3203 717 diligere
3233 646 3453 703 Patrem
3482 668 3498 716 ;

1906 727 2001 779 sed
2046 741 2116 780 ne
2152 742 2252 782 nos
2296 730 2517 799 quidem
2559 736 2934 803 agnoscimus,
2968 752 3160 792 verum
3208 741 3356 795 ratio
3394 757 3498 796 nos

1905 833 2046 871 vana
2082 818 2314 882 deludit,
2348 822 2440 892 qui
2472 832 2730 893 putamus
2758 827 2956 882 Filium
3006 846 3108 885 nos
3140 831 3404 888 dilexisse
3435 849 3500 889 ac

1904 912 2136 979 proinde
2170 910 2320 967 Patri
2363 917 2750 985 acquisivisse,
2799 935 3011 991 nosque
3054 938 3178 977 eum
3215 923 3497 981 dilexisse.

1907 1001 2105 1059 Dicens
2150 1005 2299 1060 enim
2339 1026 2352 1061 :
2393 1025 2411 1059 t
2450 1007 2510 1062 In
2559 1009 2654 1064 illo
2701 1012 2789 1065 die
2835 1016 3204 1083 cognoscetis,
3253 1035 3273 1069 ι
3307 1021 3496 1089 cogni-
3531 1036 3541 1059 κ

1905 1094 2076 1152 tionis
2109 1106 2325 1167 tempus
2369 1100 2614 1156 nondum
2642 1102 2835 1158 adesse
2876 1106 3146 1162 ostendit.
3193 1105 3334 1173 Quid
3366 1123 3498 1179 ergo

1908 1186 2115 1241 frustra
2167 1188 2330 1245 nobis
2388 1191 2610 1246 insonat
2644 1192 2934 1261 Dominus,
2970 1197 3204 1252 dicens:
3257 1217 3277 1250 ι
3333 1197 3497 1254 Pater

1907 1277 2083 1348 diligit
2114 1276 2315 1335 Filium
2365 1282 2430 1336 ⁷⁵.
2470 1301 2489 1334 ι
2524 1281 2661 1339 Nam
2691 1294 2746 1341 et
2780 1287 2959 1355 ipsum
2999 1290 3228 1361 diligere
3272 1289 3494 1346 Patrem

1906 1372 2031 1439 quis
2066 1388 2176 1426 non
2200 1374 2380 1428 dicet?
2407 1373 2697 1441 Quomodo
2723 1387 2929 1442 autem,
2957 1396 3164 1451 quaeso,
3188 1384 3353 1438 etiam
3381 1400 3495 1439 sua:

1909 1460 1963 1513 in
2002 1477 2101 1515 nos
2148 1461 2468 1519 dilectionis
2523 1466 2876 1521 manifestum
2925 1470 3191 1526 indicium
3230 1473 3492 1529 afferebat

1906 1551 2051 1621 quod
2090 1568 2188 1621 pro
2236 1554 2397 1610 nobis
2432 1558 2544 1625 pati
2600 1559 2908 1614 voluisset?
2944 1580 2962 1613 ι
3015 1560 3276 1632 Majorem
3306 1568 3490 1633 enim,

1908 1646 2107 1714 inquit,
2160 1649 2261 1701 hac
2305 1649 2659 1706 dilectionem
2701 1669 2859 1707 nemo
2905 1655 3103 1721 habet,
3144 1669 3202 1712 ut
3250 1662 3488 1716 animam

194 1743 375 1806 οὐδεὶς
412 1743 550 1813 ἔχει,
604 1744 691 1797 ἵνα
740 1761 826 1806 τις
872 1744 971 1813 τὴν
1001 1742 1176 1813 ψυχὴν
1214 1742 1377 1795 αὐτοῦ
1414 1741 1478 1812 θῇ
1520 1740 1660 1811 ὑπὲρ
1698 1739 1787 1793 τῶπ

1909 1751 2065 1790 Suam
2107 1749 2273 1805 ponat
2301 1740 2423 1807 quis
2465 1755 2562 1809 pro
2591 1742 2883 1796 amicisn'.
2934 1761 2952 1793 ι
2986 1746 3093 1797 Ant
3120 1760 3220 1800 cur
3248 1747 3400 1817 diligi
3430 1763 3490 1813 se

194 1835 369 1902 φίλων
399 1834 583 1889 αὐτοῦ.
626 1855 643 1883 ι
681 1835 746 1888 Τί
778 1837 835 1888 δὲ
872 1835 999 1905 παρ’
1032 1834 1188 1904 ἡμῶν
1207 1833 1307 1905 τὴν
1334 1836 1415 1897 εἰς
1445 1834 1636 1887 ἑαυτὸν
1662 1834 1787 1902 ἀγά-

1905 1844 1934 1881 a
1966 1830 2127 1883 nobis
2179 1832 2472 1887 manifeste
2507 1834 2749 1902 petebat,
2802 1843 2967 1905 atque
3021 1837 3095 1891 ita
3145 1838 3481 1893 voluntatem

194 1945 309 1997 πην
342 1927 525 1998 ἐζήτει
552 1926 757 1996 σαφῶς,
809 1927 897 1981 διά
923 1944 983 1979 τε
1013 1926 1170 1978 τοῦτο
1207 1925 1448 1997 πληροῦν
1483 1925 1787 1993 ἐπείγεσθαι

1909 1937 2065 1975 suam
2110 1938 2138 1975 a
2178 1924 2336 1977 nobis
2368 1924 2629 1995 impleri?
2675 1924 2833 1991 Nam,
2875 1946 2892 1979 ι
2922 1926 2979 1980 Si
3014 1928 3139 1998 quis
3156 1928 3331 1999 diligit
3362 1946 3486 1995 me,

192 2023 265 2075 τά
310 2019 573 2075 δοκοῦντα
599 2019 783 2091 αὐτῷ;
822 2039 839 2071 ι
886 2021 945 2074 '0
975 2020 1078 2090 γὰρ
1110 2018 1336 2088 ἀγαπῶν
1372 2037 1459 2089 με,
1516 2020 1669 2089 φησι,
1699 2018 1787 2081 τὰς

1906 2014 2105 2082 inquit,
2142 2014 2398 2068 mandata
2448 2031 2566 2070 mea
2616 2018 2861 2072 servabit
2891 2019 2958 2072 ⁷⁸.
3016 2038 3035 2071 ι
3079 2021 3308 2086 Quando
3338 2024 3486 2076 enim

193 2115 417 2178 ἐντολάς
464 2131 564 2184 μου
593 2115 843 2186 τηρήσει.
882 2132 900 2163 ι
942 2114 1078 2166 Πότε
1117 2112 1226 2184 γὰρ
1252 2112 1351 2183 τὴν
1397 2112 1546 2166 θείαν
1576 2113 1787 2183 ἐντολὴν

1906 2104 2153 2158 divinum
2207 2108 2528 2161 mandatum
2570 2110 2935 2174 servabimus,
2984 2112 3081 2181 qui
3140 2128 3196 2166 in
3242 2129 3486 2183 praesens

192 2210 529 2285 τηρήσομεν,
584 2209 662 2271 εἰς
693 2207 754 2260 τὸ
788 2207 959 2278 παρὸν
993 2208 1399 2277 ἀλογήσαντες;
1445 2206 1571 2260 Ὅτε
1619 2206 1787 2259 τοίνυν

1910 2197 2045 2251 illud
2091 2198 2468 2269 negligamus?
2514 2200 2651 2253 Cum
2701 2216 2833 2270 ergo
2880 2204 3108 2259 credere
3153 2220 3381 2262 necesse
3414 2209 3487 2263 sit

193 2300 491 2353 πιστεῦσαι
546 2300 647 2371 μὲν
688 2300 859 2366 ἀξιον,
893 2300 974 2352 ὃτι
1013 2299 1160 2369 φιλεῖ
1186 2301 1214 2352 6
1244 2300 1371 2362 Υἱὸς
1412 2298 1502 2352 τὸν
1550 2298 1795 2369 Πατέρα,

195 2391 391 2463 ἀγαπᾷ
418 2392 475 2444 δὲ
509 2393 677 2463 ἡμᾶς,
700 2393 796 2445 καὶ
838 2393 966 2460 παρ’
1013 2395 1044 2462 ἡ
1056 2392 1170 2461 μῶν
1211 2392 1515 2458 ἀγαπᾶται,
1544 2390 1659 2454 πῶς
1693 2391 1795 2443 οὐκ

197 2482 493 2535 ἀκόλουθον
508 2483 706 2536 ἐννοεῖν
724 2482 908 2554 ἕτερόν
919 2499 971 2535 τι
1004 2481 1386 2551 βεϐουλεῦσθαι
1405 2498 1616 2551 καταση
1626 2481 1792 2551 μῆναι

191 2574 289 2627 τὸν
308 2574 457 2637 Υἰδν,
476 2575 570 2629 καὶ
583 2574 676 2628 τὸν
687 2575 784 2646 τῆς
802 2572 1047 2637 ὲνώσεως
1065 2573 1267 2645 τρόπον
1288 2575 1347 2626 οὐ
1372 2572 1448 2644 τῷ
1458 2573 1558 2642 τῆς
1574 2574 1793 2642 ἀγάπης

192 2665 478 2736 ὁρίζεσθαι
527 2666 698 2737 νόμῳ,
756 2665 958 2736 μᾶλλον
985 2665 1042 2717 δὲ
1070 2665 1193 2719 καθ’
1224 2665 1412 2737 ἕτερόν
1435 2683 1558 2717 τινα
1593 2666 1793 2736 τρόπον

192 2757 639 2828 εἷσκεκομικέναι
654 2758 990 2825 σαφῶς,ὅταν
1002 2757 1137 2829 λέγῃ
1152 2756 1288 2828 πρὸς
1302 2758 1467 2827 ἡμᾶς.
1480 2778 1495 2807 ι
1508 2757 1599 2810 Ἐν
1612 2758 1795 2829 ἐκείνῃ

189 2853 263 2921 τῇ
292 2850 477 2925 ἡμέρᾳ
530 2849 802 2919 γνώσεσθε
840 2853 921 2905 ὅτι
978 2849 1087 2918 ἐγὼ
1120 2852 1177 2903 ὲν
1206 2850 1284 2920 τῷ
1329 2851 1506 2922 Πατρί
1539 2867 1662 2920 μου,
1693 2853 1790 2903 καὶ

190 2944 358 3014 ὑμεῖς
396 2945 452 2995 ἐν
481 2945 623 3014 ἐμοὶ,
655 2941 812 3011 κάγὼ
850 2943 907 2995 ὲν
936 2941 1100 3011 ὑμῖν;
1136 2962 1153 2991 ι

279 3033 421 3086 Ἀλλ’
461 3035 576 3103 ἐρεῖ
621 3033 755 3103 πρὸς
801 3031 956 3085 τοῦτο
998 3031 1159 3100 τυχὸν
1201 3031 1230 3083 6
1276 3029 1344 3082 δι’
1372 3030 1645 3095 ἐναντίας,
1701 3031 1786 3083 ὅτι

1907 2286 2102 2343 Filium
2134 2290 2358 2360 diligere
2399 2289 2641 2354 Patrem,
2684 2306 2895 2362 nosque
2933 2296 3001 2349 ab
3037 2295 3177 2365 ipso,
3205 2305 3259 2351 et
3302 2299 3482 2368 ipsmn

1903 2396 1934 2434 a
1968 2383 2126 2437 nobis
2155 2383 2345 2453 diligi,
2387 2383 2665 2453 quomodo
2700 2400 2812 2438 non
2853 2387 3204 2455 cogitandum
3235 2393 3485 2460 sequitur

1900 2474 2048 2528 aliud
2082 2474 2344 2545 quiddam
2388 2475 2697 2545 significare
2724 2477 2965 2533 voluisse
2996 2476 3216 2546 Filium,
3246 2492 3299 2535 et
3327 2485 3484 2537 unio-

1901 2565 1986 2620 nis
2026 2565 2249 2619 modum
2295 2580 2405 2619 non
2446 2565 2761 2622 dilectionis
2801 2570 2923 2640 lege
2960 2571 3211 2639 definire,
3242 2573 3339 2628 sed
3374 2577 3482 2631 alia

1898 2655 2135 2726 quadam
2183 2656 2401 2712 ratione
2447 2658 2596 2713 clare
2644 2661 2991 2729 exposuisse,
3047 2679 3172 2719 cum
3206 2667 3283 2721 ait
3316 2688 3331 2724 :
3370 2690 3389 2722 ι
3424 2670 3479 2724 In

1897 2749 1993 2802 illo
2025 2747 2114 2802 die
2143 2750 2511 2818 cognoscetis,
2544 2752 2673 2819 quia
2709 2767 2811 2824 ego
2840 2753 2898 2808 in
2928 2752 3093 2812 Patre
3122 2773 3267 2823 meo,
3297 2769 3351 2815 et
3380 2776 3481 2817 vos

1900 2836 1956 2889 in
1988 2851 2095 2902 me,
2138 2847 2194 2892 et
2220 2852 2323 2904 ego
2354 2838 2409 2892 in
2438 2839 2639 2895 vobis?

1965 3017 2073 3073 Sed
2110 3017 2298 3075 forsan
2343 3020 2411 3073 ad
2442 3020 2548 3075 hoc
2594 3021 2744 3076 dicet
2781 3023 3164 3089 adversarius,
3192 3024 3477 3082 Christum

190 3127 307 3196 πρὸ
347 3127 448 3196 μὲν
496 3125 589 3179 τοῦ
631 3125 838 3188 πάθους
864 3124 931 3176 τά
957 3123 1179 3177 τοιαῦτα
1213 3124 1349 3194 πρὸς
1376 3125 1521 3193 ἡμᾶς
1556 3124 1775 3193 λελάλη-

1893 3118 2016 3165 ante
2061 3112 2374 3181 passionem
2414 3114 2637 3182 quidem
2672 3115 2791 3169 haec
2814 3116 2882 3169 ad
2914 3132 3016 3172 nos
3052 3117 3297 3173 locutum
3328 3136 3477 3185 esse,

188 3234 293 3268 κεν
318 3218 347 3268 6
374 3214 629 3286 Χριστὸς,
660 3213 736 3277 ὡς
760 3214 948 3283 ἀγαπᾷ
977 3212 1076 3282 μὲν
1106 3213 1267 3275 αὐτὸς
1298 3212 1387 3264 τὸν
1415 3213 1654 3284 Πατέρα,
1692 3215 1783 3267 καὶ

188 3308 577 3375 ἀνταγαπᾶται
611 3306 761 3376 παρά
802 3305 895 3358 τοῦ
928 3305 1160 3375 Πατρός,
1190 3306 1380 3377 ἀγαπᾷ
1409 3306 1465 3359 δὲ
1496 3308 1592 3359 καὶ
1617 3308 1785 3377 ἡμᾶς,

189 3398 291 3451 καὶ
323 3400 483 3469 ἡμεῖς
512 3397 674 3451 αὐτόν
702 3415 717 3431 ο
755 3398 892 3468 μετά
922 3396 978 3449 δέ
1014 3414 1077 3464 γε
1120 3396 1180 3449 τὸ
1227 3396 1397 3461 πάθος
1444 3400 1537 3451 καί
1578 3398 1676 3468 τὴν
1721 3401 1787 3451 ὲκ

191 3489 408 3558 νεκρῶν
444 3488 757 3553 ἀναϐίωσιν,
790 3489 1022 3560 ἐπείπερ
1053 3488 1265 3559 εἴδομεν
1304 3489 1674 3561 διαρῤήξαντα
1719 3490 1788 3544 τὰ

189 3577 291 3631 τοῦ
331 3577 560 3631 θανάτου
598 3577 794 3647 δεσμὰ,
821 3578 1143 3648 ἐγνώκαμεν
1186 3580 1267 3631 ὃτι
1301 3580 1358 3630 ὲν
1395 3579 1567 3649 Πατρί
1612 3582 1781 3645 ἐστιν,

192 3671 294 3725 ἀτε
325 3670 388 3741 δὴ
418 3671 510 3723 καὶ
541 3670 921 3741 ἀγαπώμενος,
950 3669 1040 3723 διά
1068 3688 1126 3723 τε
1152 3670 1309 3723 τοῦτο
1335 3672 1427 3724 καὶ
1453 3672 1691 3734 ἀναστὰς
1721 3674 1785 3725 ὲκ

191 3762 440 3833 νεκρῶνο
473 3762 559 3815 διά
598 3762 755 3815 τοῦτο
788 3763 882 3815 καὶ
928 3762 1093 3825 αὐτὸς
1129 3764 1186 3815 ὲν
1217 3764 1346 3832 ἡμῖν
1392 3763 1488 3816 καὶ
1522 3765 1681 3833 ἡμεῖς
1726 3766 1784 3816 ὲν

188 3855 367 3925 αὐτῷ,
402 3855 541 3908 κατά
573 3854 660 3907 τὸν
695 3855 857 3908 αὑτὸν
893 3856 991 3925 τῆς
1024 3855 1244 3924 ἀγάπης
1275 3855 1450 3923 λόγον.
1499 3856 1689 3925 Ἡμεῖς
1726 3856 1784 3909 δὲ

189 3944 334 4016 πρὸς
365 3944 522 3997 τοῦτό
560 3962 760 4015 φαμεν,
795 3946 1031 4017 μάλιστα
1086 3946 1185 4016 μὲν
1235 3946 1482 4017 ληρώδης
1525 3947 1651 4018 ὑμῖν
1690 3948 1784 4002 καὶ

188 4037 456 4101 ἀσύνετος
504 4037 803 4105 παντελῶς,
842 4039 935 4091 καὶ
982 4038 1071 4092 διὰ
1122 4037 1341 4109 σαθρῶν
1376 4036 1482 4091 εἶσι
1530 4038 1702 4108 λόγων
1747 4041 1780 4111 ἡ

186 4131 487 4195 ἀντίθεσις.
536 4132 704 4202 Πλὴν,
746 4127 791 4186 ῶ
821 4138 1081 4202 γενναῖοι,
1112 4134 1477 4202 διασκέψασθε
1510 4135 1673 4189 πάλιν
1699 4136 1780 4188 ὅτι

187 4227 302 4298 πρὸ
331 4227 429 4297 τῆς
459 4228 524 4279 ὲκ
568 4227 776 4297 νεκρῶν
805 4227 1154 4291 ἀναστάσεως
1183 4229 1320 4298 ὅπερ
1359 4227 1605 4298 ἔγνωμεν
1645 4229 1778 4299 ἀλη-

186 4317 321 4379 θῶς.
371 4318 473 4370 οὐκ
524 4316 627 4369 ἔδει
681 4317 870 4387 μαθεῖν
907 4318 1043 4387 μετὰ
1078 4318 1177 4389 τὴν
1226 4318 1537 4375 ἀνάστασιν.
1577 4321 1637 4372 Εἰ
1680 4321 1778 4389 μὲν

184 4407 302 4477 γὰρ
353 4406 559 4469 ἀτελῶς
607 4407 962 4477 ἐπιστεύομεν
1006 4408 1097 4459 τὸν
1143 4407 1272 4459 Υῐὺν
1323 4408 1638 4476 ἀγαπᾶσθαι
1680 4409 1777 4479 μὲν

186 4500 347 4572 παρά
377 4499 471 4553 τοῦ
508 4500 635 4553 ίδὶου
682 4500 915 4569 Πατρὸς,
958 4501 1176 4568 ἀγαπᾷν
1228 4499 1286 4552 δὲ
1338 4500 1431 4553 καὶ
1484 4501 1645 4554 αὐτὸν
1683 4502 1776 4593 τὸν
1810 4537 1853 4593 D

188 4591 434 4661 Πατέρα,
464 4590 777 4660 περιμένειν
810 4590 982 4652 ὅντως
1014 4590 1179 4659 ἐχρῆν
1216 4588 1313 4660 τὴν
1342 4590 1656 4651 ἀνάστασιν,
1690 4590 1777 4643 ἵνα

183 4685 289 4754 τῆς
315 4682 571 4749 γνώσεως
604 4682 814 4753 ἔχωμεν
852 4680 1055 4734 ἐκεῖθεν
1088 4681 1185 4752 τὴν
1213 4680 1547 4753 τελειότητα.
1596 4682 1660 4735 Ei
1719 4680 1777 4733 δὲ

186 4776 506 4841 ἀξιόπιστος
544 4776 571 4827 6
603 4775 792 4845 Πατὴρ
815 4814 831 4839 ,
880 4775 975 4826 καὶ
1018 4773 1123 4851 πρὸ
1161 4774 1259 4843 τῆς
1301 4775 1650 4838 ἀναστάσεως
1686 4773 1776 4826 λέ-

186 4886 334 4936 γων’
366 4886 385 4920 t
416 4867 586 4931 Αὐτός
625 4869 770 4920 ἐστιν
814 4869 843 4920 ὁ
882 4866 980 4919 Υἱό
1058 4885 1161 4938 μου
1211 4868 1240 4919 6
1273 4868 1576 4938 ἀγαπητὸς,
1612 4888 1630 4921 ι
1656 4869 1780 4940 ἀλη-

187 4960 340 5015 θεύει
394 4959 450 5013 δὲ
495 4959 589 5012 καὶ
635 4958 796 5021 αὐτὸς
852 4958 880 5010 6
926 4959 1139 5029 Σωτήρ,
1176 4958 1382 5026 λέγων,
1420 4978 1439 5010 ι
1491 4960 1547 5013 Ὀ
1589 4960 1779 5032 Πατὴρ

185 5053 380 5122 ἀγαπᾷ
421 5052 513 5104 τὸν
560 5050 707 5104 Υἱόν·
749 5069 768 5102 ι
819 5050 848 5101 ὁ
891 5050 947 5103 δὲ
995 5050 1093 5121 τῆς
1136 5051 1355 5120 ἀγάπης
1402 5052 1559 5118 λόγος
1610 5052 1669 5103 ὲν
1710 5055 1775 5123 τῇ

187 5145 331 5200 κατά
363 5146 473 5197 πᾶν
512 5143 805 5215 τελειότητι
850 5145 1047 5195 νοεῖται
1095 5144 1447 5213 πρεπόντως·
1487 5144 1537 5194 τί
1569 5143 1774 5213 φληνά-

185 5256 303 5305 φως
328 5237 477 5307 ἡμᾶς
508 5236 891 5306 κατακροτεῖτε
923 5234 1140 5302 λόγοις;
1172 5234 1235 5287 Τί
1286 5235 1363 5301 δὲ,
1406 5237 1467 5287 τὸ
1502 5236 1599 5305 τῆς
1639 5236 1774 5306 ἀληο

186 5328 342 5389 θείας
387 5324 801 5396 παρωθούμενοι
847 5323 1060 5388 κάλλος,
1106 5322 1167 5375 τὸ
1206 5323 1444 5386 δυσειδὲς
1478 5325 1609 5393 ἡμῖν
1638 5326 1772 5376 ἀνα-

186 5421 456 5474 πλάττετε
509 5418 720 5487 ψεῦδος,
770 5416 1079 5480 ἐξέλκοντες
1131 5416 1228 5484 μὲν
1275 5416 1373 5483 τῆς
1425 5415 1518 5467 τοῦ
1563 5416 1774 5486 Πατρός

182 5510 371 5573 οὐσίας
400 5508 493 5562 τὸν
524 5508 583 5572 ἐξ
630 5507 791 5561 αὐτοῦ
836 5506 929 5560 καὶ
966 5505 1032 5558 δι’
1062 5505 1226 5559 αὑτοῦ
1269 5504 1418 5568 Υἱὸν,
1453 5503 1684 5575 σαθροὺς
1716 5505 1773 5557 δὲ

182 5602 304 5656 λίαν
342 5600 717 5671 ὲπινοούμενοι
764 5599 974 5667 λόγους,
1012 5597 1105 5650 καὶ
1145 5597 1383 5667 στροφὰς
1403 5597 1618 5649 ἀτόπων
1650 5598 1772 5650 ἑπι-

180 5691 434 5756 νοοῦντες
489 5689 900 5760 συλλογισμῶν;
933 5690 1054 5741 Ὅτι
1119 5685 1227 5757 γὰρ
1287 5686 1574 5758 ἠγάπησεν
1624 5687 1771 5756 ἡμᾶς

1890 3218 2087 3273 nempe
2106 3205 2251 3274 quod
2272 3205 2393 3273 ipse
2424 3206 2643 3276 quidem
2669 3205 2888 3261 Patrem
2924 3208 3121 3281 diligat
3146 3219 3199 3263 et
3224 3212 3475 3268 vicissim

1891 3296 2155 3366 diligatur
2195 3312 2225 3350 a
2263 3296 2451 3363 Patre,
2498 3298 2751 3368 adeoque
2783 3313 2886 3354 nos
2921 3300 3039 3369 ipse
3070 3302 3261 3373 diligat
3289 3314 3345 3359 et
3374 3322 3476 3362 nos

1891 3388 2110 3457 ipsum;
2159 3388 2255 3442 sed
2302 3396 2433 3459 post
2475 3391 2789 3458 passionem
2839 3398 2896 3446 et
2937 3395 3403 3451 resurrectionem
3445 3413 3476 3451 a

1890 3479 2149 3541 mortuis,
2210 3491 2505 3549 postquam
2559 3481 2891 3551 agnovimus
2945 3498 3072 3537 eum
3130 3488 3328 3543 mortis
3380 3503 3476 3542 ru-

1889 3570 2035 3640 pisse
2066 3570 2310 3636 vincula,
2353 3581 2711 3641 perspectum
2759 3574 2923 3630 nobis
2960 3573 3136 3632 fuisse
3187 3594 3313 3633 eum
3348 3596 3476 3636 esse

1889 3663 1943 3717 in
1990 3661 2177 3728 Patre,
2224 3671 2413 3733 utpote
2462 3665 2728 3720 dilectum
2771 3680 2836 3721 ac
2880 3667 3117 3737 proinde
3164 3684 3193 3722 a
3238 3673 3473 3727 mortuis

1886 3756 2222 3821 excitatum;
2254 3756 2470 3811 idcirco
2498 3765 2553 3810 et
2592 3756 2775 3826 ipsum
2814 3772 2940 3814 esse
2987 3760 3044 3814 in
3079 3760 3242 3817 nobis
3272 3771 3328 3816 et
3369 3779 3474 3821 nos

1886 3846 1943 3900 in
1977 3848 2119 3917 ipso,
2134 3849 2433 3903 secundum
2452 3848 2698 3903 eamdem
2715 3850 3029 3908 dilectionis
3049 3857 3340 3914 rationem.
3359 3855 3471 3914 Nos

1885 3934 2068 3992 autem
2085 3939 2480 4009 respondemus
2496 3939 2747 3997 frivolam
2762 3959 2886 4000 esse
2903 3954 2955 4000 et
2977 3947 3220 4015 putidam
3238 3964 3470 4018 prorsus

1884 4029 2667 4098 objectionem.Verumtamen
2682 4038 3029 4095 considerate
3042 4056 3258 4109 rursus,
3272 4060 3304 4098 ο
3316 4044 3467 4113 boni,

1883 4135 1993 4175 non
2027 4122 2205 4180 fuisse
2237 4125 2398 4182 nobis
2436 4142 2574 4197 opus
2608 4137 2737 4199 post
2765 4133 3232 4189 resurrectionem
3252 4136 3469 4193 discere

1882 4211 2031 4281 quod
2053 4222 2180 4270 ante
2192 4219 2652 4274 resurrectionem
2678 4235 2806 4276 vere
2830 4224 3215 4291 cognovimus.
3239 4224 3296 4280 Si
3314 4228 3462 4282 enim

1882 4304 2201 4375 imperfecte
2217 4308 2581 4365 credebamus
2606 4311 2761 4382 diligi
2799 4328 2829 4365 a
2862 4328 2963 4367 suo
2986 4312 3149 4370 Patre
3178 4314 3377 4372 Filium
3410 4329 3465 4374 et

1881 4398 2032 4452 hunc
2060 4400 2303 4456 vicissim
2341 4402 2556 4458 Patrem
2586 4405 2832 4476 diligere,
2867 4407 3239 4478 exspectanda
3271 4411 3463 4481 utique

1880 4498 2000 4544 erat
2029 4494 2389 4559 resnrrectio,
2440 4505 2500 4549 ut
2543 4498 2878 4568 cognitionis
2910 4500 3301 4569 perfectionem
3334 4503 3465 4560 inde

1884 4599 2372 4653 consequeremur.
2405 4587 2562 4653 Quod
2596 4589 2642 4645 si
2688 4606 2855 4645 verax
2901 4600 3020 4647 erat
3062 4590 3263 4657 Pater,
3294 4596 3460 4650 etiam

1885 4690 2009 4728 cum
2040 4684 2170 4728 ante
2191 4678 2662 4733 resurrectionem
2699 4679 2912 4736 diceret
2946 4700 2958 4736 :
2996 4701 3015 4735 ‹
3045 4682 3144 4738 Hic
3174 4696 3257 4740 est
3286 4684 3461 4741 Filius

1885 4782 2045 4822 meus
2072 4766 2312 4822 dilectus
2335 4769 2401 4831 "",
2430 4787 2448 4820 ι
2486 4777 2541 4823 et
2571 4770 2832 4827 Servator
2862 4772 2984 4842 ipse
3011 4791 3139 4828 vere
3187 4776 3458 4846 loquitur,

1884 4875 2009 4915 cum
2057 4858 2134 4914 ait
2180 4880 2193 4913 :
2236 4859 2441 4916 «Pater
2492 4860 2677 4932 diligit
2730 4863 2934 4918 Filium
2968 4865 3038 4929 ⁷⁸,
3072 4885 3090 4917 ι
3135 4866 3458 4923 dilectionis

1888 4960 2069 5006 autem
2112 4951 2281 5022 818
2309 4953 2577 5007 rationem
2607 4952 3062 5024 perfectissimam
3107 4960 3324 5013 censeri
3356 4960 3456 5014 de-

1886 5051 1972 5098 cet
2001 5061 2016 5098 :
2048 5058 2150 5097 cur
2202 5060 2301 5098 nos
2335 5043 2549 5100 frivolis
2587 5045 2938 5101 sermonibus
2974 5047 3331 5102 obtunditis?
3364 5059 3459 5104 aut

1883 5151 2008 5201 cur,
2050 5136 2307 5190 veritatis
2334 5138 2747 5206 pulchritudine
2780 5138 3007 5207 rejecta,
3044 5141 3247 5196 infame
3293 5143 3455 5197 nobis

1878 5227 2231 5281 mendacium
2282 5228 2509 5298 fingitis,
2557 5228 2625 5284 de
2669 5230 2983 5285 substantia
3031 5230 3214 5287 Patris
3261 5232 3454 5286 detru-

1879 5318 2075 5374 dentes
2118 5334 2243 5373 eum
2274 5321 2367 5389 qui
2398 5337 2463 5375 ex
2504 5322 2626 5391 ipso
2667 5329 2721 5376 et
2764 5338 2860 5393 per
2896 5323 3077 5393 ipsum
3113 5331 3196 5379 est
3229 5323 3452 5391 Filium,

1880 5411 2210 5481 excogitatis
2239 5412 2444 5481 putidis
2471 5412 2783 5469 rationibus
2814 5423 2868 5469 et
2895 5413 3260 5469 absurdorum
3292 5430 3454 5485 argu-

1880 5511 2193 5558 mentorum
2248 5503 2539 5573 strophis?
2613 5503 2771 5571 Quod
2830 5505 2976 5560 enim
3035 5503 3292 5561 dilexerit
3347 5522 3451 5562 nos

1880 5592 2210 5665 Unigenitus
2243 5610 2480 5665 eumque
2530 5611 2630 5651 nos
2679 5596 3067 5661 dilexerimus,
3100 5598 3277 5651 cuivis
3326 5614 3451 5668 per-

1879 5686 2089 5756 spicere
2142 5687 2347 5753 licebit,
2394 5690 2567 5758 ipsam
2602 5689 2852 5743 veritatis
2903 5696 3155 5743 naturam
3194 5689 3450 5747 conside-

258 5808 307 5841 "
347 5806 498 5864 lcan.
524 5823 614 5869 tu,
646 5807 734 5864 55.
820 5808 888 5841 ⁷⁵·
929 5803 1092 5861 Joan.
1122 5820 1217 5871 xv,
1248 5803 1336 5861 13.
1410 5800 1641 5875 "_Joan.
1672 5818 1784 5870 xw,

1893 5832 1913 5857 ι.
1994 5803 2057 5876 ⁷7»
2081 5801 2266 5859 Matth.
2298 5822 2433 5873 λιιι,
2466 5808 2517 5865 5.
2596 5809 2643 5841 ⁷⁸
2674 5806 2832 5864 Joan.
2877 5822 2959 5871 In,
2997 5806 3089 5861 55.
