3884 6208
421 247 520 302 271

1416 255 1471 309 S.
1513 256 1788 312 (ZYRILIJ
1829 258 2300 315 ALEXANDRINI
2341 261 2662 317 ARCIIIEP.

3586 275 3688 330 272

422 385 546 424 rare
594 370 819 425 volenti.
860 390 878 422 ι
906 370 1039 425 Nam
1091 389 1217 428 eum
1247 375 1303 429 in
1340 374 1514 430 forma
1563 379 1656 432 Dei
1703 397 1767 434 ac
1813 380 1995 435 Patris

2100 384 2126 434 6
2151 383 2479 452 Μονογενὴς,
2506 382 2872 452 ἠγαπήσαμεν
2899 381 2955 436 δὲ
2996 384 3090 436 καὶ
3124 385 3283 454 ἡμεῖς
3315 386 3500 452 αὑτὸν,
3527 392 3688 443 παντί

420 468 589 524 esset,
621 478 730 516 non
761 465 1009 533 rapinam
1040 466 1340 522 arbitratus
1370 478 1454 522 est
1481 486 1603 525 esse
1633 487 1695 526 se
1727 473 1996 542 aequalem

428 552 562 613 Deo,
615 555 710 609 sed
783 557 1142 627 semetipsum
1203 561 1516 616 exinanivit
1564 562 1798 620 formam
1855 567 1998 622 servi

422 646 704 714 accipiens
731 647 798 701 "’.
831 667 847 698 ι
886 649 954 702 Αι
986 666 1263 720 quaenam,
1303 653 1558 718 obsecro,
1595 657 1790 710 horum
1828 672 1998 712 causa

425 736 568 790 fuit?
593 737 786 794 Nonne
817 740 1133 799 dilectionis
1166 760 1295 815 erga
1332 760 1434 800 nos
1469 747 1649 801 ratio?
1679 749 1750 802 At
1777 749 1997 803 cuinam

423 827 650 881 dubium
703 830 849 884 istud
882 848 1007 887 esse
1046 837 1298 904 poterit?
1330 838 1484 902 Quod
1520 848 1700 894 autem
1730 856 1833 896 nos
1857 856 1996 907 quo-

422 933 530 987 que
567 933 667 989 pro
711 921 937 977 Christo
972 925 1150 995 ipsam
1187 929 1338 983 ultro
1385 929 1622 984 animam
1659 948 1999 1004 persequen-

423 1013 571 1067 tibus
621 1013 943 1084 objicimus,
990 1034 1059 1072 ne
1111 1019 1402 1077 Dominum
1453 1032 1704 1078 nostrum
1756 1026 1996 1096 abnege-

425 1120 568 1170 mus,
615 1110 868 1177 nunquid
914 1111 1207 1167 manifesto
1240 1115 1559 1173 dilectionis
1605 1119 1659 1172 in
1686 1120 1870 1189 ipsum
1903 1136 1995 1175 ar-

422 1208 684 1265 gumento
723 1209 778 1254 et
813 1201 1022 1256 indicio
1055 1204 1259 1260 fuerit?
1286 1209 1451 1278 Atqui
1483 1212 1565 1264 vel
1611 1213 1758 1267 istud
1806 1230 1993 1267 verum

420 1306 544 1345 esse
603 1291 885 1358 fateberis,
940 1297 1022 1350 vel
1073 1307 1301 1354 sanctos
1357 1312 1629 1374 martyres
1683 1305 1992 1368 damnabis,

419 1385 580 1452 quasi
623 1383 829 1438 frustra
867 1399 1088 1458 propter
1139 1391 1423 1447 Christum
1481 1397 1630 1465 passi
1676 1397 1830 1463 sint,
1873 1407 1997 1452 tan-

421 1483 647 1543 tumque
679 1477 983 1544 periculum
1011 1483 1184 1550 gratis
1211 1490 1264 1536 et
1304 1484 1424 1539 sine
1460 1488 1712 1542 mercede
1750 1492 1996 1557 pertule-

423 1565 551 1618 rint.
581 1566 716 1621 Cnm
746 1585 876 1639 ergo
905 1573 1196 1642 perSpieue
1227 1575 1522 1632 admodum
1555 1581 1994 1635 demonstratum

421 1657 493 1711 sit
533 1657 748 1713 l'atrem
805 1662 1104 1731 perfectam
1168 1666 1388 1735 quidem
1433 1670 1487 1723 in
1538 1668 1737 1725 Filium
1795 1673 1996 1727 habere

2099 492 2178 544 τῳ
2210 475 2559 544 προκείσεται
2613 475 2707 526 καὶ
2755 474 2874 527 λίαν
2925 475 3156 544 ἑτοίμως
3199 477 3347 541 ίδετν,
3388 480 3560 552 αὑτὴν
3592 481 3688 536 ἐπ-

2099 565 2287 636 αθρεῖν
2313 565 2546 618 ἐθέλοντι
2564 565 2661 634 τῆς
2690 565 2944 635 ἀληθείας
2976 566 3073 636 τὴν
3104 565 3286 633 φύσιν.
3325 588 3342 619 ι
3388 569 3475 620 Ἐν
3506 575 3692 642 μορφῇ

2099 657 2208 727 γὰρ
2243 657 2502 728 ὑπάρχων
2535 656 2628 710 τοῦ
2667 657 2802 709 Θεοῦ
2837 658 2931 709 καὶ
2977 659 3210 729 ιΙατρὸς,
3256 661 3355 728 οὑχ
3395 661 3693 730 ἁρπαγμὸν

2099 750 2342 820 ἡγήσατο
2367 749 2425 801 τὸ
2456 746 2592 802 εἶναι
2627 750 2715 801 ἴσα
2748 748 2889 818 Θεῷ,
2936 750 3050 802 ἀλλ’
3074 750 3262 803 ἑαυτὸν
3303 752 3541 806 ὲκένωσε
3571 751 3692 804 δού-

2098 843 2190 895 λου
2220 842 2430 913 μορφὴν
2453 841 2651 895 λαϐὼν.
2695 863 2712 891 ι
2738 837 2870 894 Εἶτα
2899 842 3002 906 τίς,
3027 844 3148 895 εἰπέ
3177 860 3289 913 μοι,
3310 843 3415 897 τῶν
3431 843 3693 897 τοιούτων

2097 935 2130 1004 ἡ
2162 934 2431 1004 πρόφασις
2457 951 2471 998 ;
2509 930 2633 1004 Ἆρ’
2661 935 2721 986 οὺ
2754 933 2853 1002 τῆς
2887 936 2968 997 εἱς
2996 936 3144 1004 ἡμᾶς
3177 936 3395 1006 ἀγάπης
3420 937 3450 989 6
3502 937 3690 1004 λόγοςς

2103 1025 2211 1077 Καὶ
2250 1024 2367 1086 πῶς
2402 1025 2548 1077 ἔστιν
2579 1025 2944 1094 ἀμφιδαλεῖν;
2983 1027 3056 1078 Τὸ
3085 1027 3143 1079 δὲ
3176 1027 3269 1079 καὶ
3297 1029 3444 1098 ἡμᾶς
3483 1027 3693 1080 ἐθέλειν

2099 1115 2240 1184 ὑπὲρ
2274 1115 2511 1185 Χριστοῦ
2544 1115 2634 1168 καὶ
2667 1116 2835 1185 αὑτὴν
2862 1116 3090 1187 ἑτοίμως
3112 1117 3256 1187 ἔχειν
3279 1118 3693 1189 καταπροέσθαι

2097 1211 2207 1270 τοῖς
2227 1207 2479 1260 διώκουσι
2520 1210 2619 1278 τὴν
2655 1207 2854 1279 ψυχὴν,
2888 1211 2973 1262 ἵνα
3019 1210 3092 1281 μὴ
3137 1210 3226 1265 τὸν
3274 1212 3483 1266 ὲαυτῶν
3519 1213 3694 1282 ἀρνη-

2101 1299 2320 1370 σὼμεθα
2371 1301 2594 1371 Κύριον,
2642 1297 2732 1373 ἆρ’
2769 1302 2869 1354 οὑκ
2919 1301 2986 1355 ἂν
3036 1303 3345 1371 εἰσκομίσαι
3396 1304 3544 1372 σαφῆ
3592 1304 3693 1374 τὴν

2099 1389 2370 1455 ἀπόδειξιν
2418 1391 2521 1460 τῆς
2566 1394 2644 1454 είς
2691 1393 2852 1444 αὑτὸν
2897 1393 3152 1462 ἀγάπης;
3205 1393 3342 1445 Ἀλλ’
3383 1394 3415 1463 ἢ
3469 1394 3693 1457 πάντως

2099 1482 2294 1552 ἀληθὲς
2333 1483 2448 1551 ὲρεῖ
2499 1499 2582 1545 τις
2643 1483 2736 1534 καὶ
2781 1481 2956 1545 τοῦτο,
3005 1484 3038 1554 ἡ
3089 1483 3199 1554 [γρ.
3245 1483 3303 1554 ἢ]
3356 1483 3466 1536 τῶν
3518 1485 3694 1551 ἁγίων

2098 1574 2518 1644 καταψηφιεῖται
2552 1575 2863 1645 μαρτύρων,
2903 1576 2978 1637 ὡς
3029 1577 3115 1628 ἐπ’
3145 1575 3318 1628 οὑδενὶ
3347 1575 3456 1627 τῶν
3489 1576 3696 1645 χρησί-

2102 1683 2217 1736 μων
2257 1665 2619 1734 διηθληκὸτων
2670 1667 2758 1718 διὰ
2809 1666 3042 1737 Χριστὸν
3083 1667 3176 1718 καὶ
3211 1665 3404 1736 ἀμισθὶ
3431 1667 3695 1720 τοσοῦτον

421 1749 776 1816 charitatem,
809 1763 857 1806 et
893 1754 1059 1808 simili
1111 1760 1272 1812 modo
1321 1775 1446 1813 eum
1479 1760 1697 1816 Patrem
1731 1763 1984 1833 diligere,

2101 1759 2517 1830 ἀνατλησάντων
2563 1759 2822 1812 κίνδυνον.
2868 1758 3340 1829 Ἀποδεδειγμένου
3372 1759 3692 1832 τοιγαροῦν,

419 1850 472 1892 et
503 1856 606 1896 nos
640 1857 786 1908 eum,
816 1861 1026 1914 nosque
1066 1849 1136 1901 ab
1161 1864 1226 1903 eo
1260 1850 1434 1921 diligi,
1463 1854 1596 1922 quid
1648 1855 1877 1910 rationis
1901 1856 1998 1909 dc-

422 1947 567 1985 mum
600 1945 684 1988 est
719 1946 912 2004 putare
942 1936 1010 1992 ad
1045 1939 1150 1992 alia
1183 1946 1433 2011 tempora
1475 1943 1640 2012 hujus
1683 1945 1760 1999 rei
1800 1947 1995 2017 cogni-

421 2024 620 2079 tionem
653 2026 929 2091 devolare,
968 2046 1093 2085 cum
1125 2030 1394 2090 Dominus
1425 2036 1572 2090 dicat
1609 2057 1622 2091 :
1658 2057 1675 2089 ι
1697 2038 1754 2092 In
1786 2039 1878 2093 illa
1909 2040 1997 2094 die

416 2119 785 2187 cognoscetis,
817 2121 944 2189 quia
973 2138 1074 2192 ego
1094 2123 1149 2178 in
1181 2123 1368 2189 Patre,
1396 2135 1450 2180 et
1476 2145 1573 2184 vos
1601 2131 1653 2182 in
1682 2146 1788 2195 me,
1807 2141 1862 2186 et
1888 2149 1989 2200 ego

418 2209 474 2264 in
520 2211 696 2266 vobis.
731 2231 748 2264 ι
790 2212 1020 2269 Valeant
1058 2218 1208 2272 enim
1246 2219 1468 2274 illorum
1510 2237 1668 2292 nugae
1695 2233 1752 2277 et
1799 2223 1992 2292 impia-

419 2317 537 2355 rum
594 2305 1080 2360 ratiocinationum
1141 2319 1452 2364 commenta
1507 2330 1518 2364 :
1579 2328 1700 2378 nos,
1756 2313 1999 2384 Spiritus

419 2395 787 2452 illustratione
817 2398 1035 2460 confisi.
1069 2399 1252 2454 dicere
1288 2417 1398 2456 non
1432 2404 1744 2458 verebimur
1777 2421 1900 2476 qua:
1931 2409 1996 2460 ad

417 2487 738 2555 qnzeslionis
769 2488 932 2558 hujus
958 2490 1378 2560 explicationem
1418 2509 1568 2551 reete
1595 2511 1656 2552 se
1684 2497 1886 2554 habere
1917 2500 1999 2553 vi-

417 2577 719 2633 deluuntur.

2103 1853 2196 1905 καὶ
2233 1851 2377 1921 μάλα
2414 1851 2620 1920 σαφῶς,
2651 1849 2726 1912 ὡς
2767 1850 2976 1902 τελείαν
3027 1850 3124 1920 μὲν
3173 1853 3202 1903 ὁ
3248 1851 3435 1920 Πατὴρ
3477 1854 3561 1913 είς
3600 1853 3695 1904 τὸν

2104 1945 2230 1998 Υίδν
2279 1945 2389 2014 ἔχει
2453 1944 2551 2015 τὴν
2595 1945 2850 2012 ἀγάπην,
2909 1945 3204 2014 ίσοτρόπως
3255 1944 3311 1996 δὲ
3365 1945 3458 1998 καὶ
3520 1945 3695 2006 αὐτὸς

2101 2039 2292 2107 ἀγαπᾷ
2331 2036 2421 2088 τὸν
2458 2034 2694 2106 Πατέρα,
2740 2036 2834 2087 καὶ
2862 2036 3023 2103 ἡμεῖς
3063 2034 3160 2103 μὲν
3209 2033 3391 2095 αὑτὸν,
3431 2033 3600 2096 αὐτὸς
3635 2034 3696 2086 δὲ

2100 2130 2264 2199 ἡμᾶς,
2295 2132 2444 2180 ποῖον
2476 2127 2537 2180 ἂν
2564 2127 2673 2197 ἕχοι
2699 2126 2852 2195 λόγον
2877 2126 2935 2178 τὸ
2967 2127 3046 2189 είς
3073 2126 3291 2196 ἑτέρους
3314 2125 3523 2179 οἴεσθαι
3563 2124 3698 2195 χρό-

2098 2241 2218 2286 νους
2240 2222 2576 2274 ἀνάπτεσθαι
2612 2220 2770 2290 τυχδν
2800 2219 2896 2289 τὴν
2931 2220 3024 2270 ἐπὶ
3049 2219 3184 2289 τῷδε
3212 2218 3520 2286 διάγνωσιν,
3559 2219 3697 2270 ὅταν

2096 2315 2228 2387 λέγῃ
2273 2315 2301 2365 6
2350 2313 2580 2383 Κύριος·
2619 2332 2636 2363 ι
2682 2315 2770 2366 Ἐν
2821 2312 3002 2382 εκείνη
3037 2314 3104 2382 τῇ
3161 2311 3346 2382 ἡμέρᾳ
3400 2307 3692 2378 γνώσεσθε

2098 2410 2180 2462 ὅτι
2221 2407 2332 2476 ἐγὼ
2366 2409 2423 2459 ἐν
2455 2408 2532 2478 τῷ
2570 2409 2763 2478 Πατρὶ,
2806 2408 2898 2461 καὶ
2942 2407 3098 2477 ὑμεῖς
3144 2408 3201 2458 ὲν
3239 2406 3382 2474 ἐμοὶ,
3424 2403 3591 2470 κάγὼ
3637 2405 3698 2455 ἐν

2101 2500 2263 2569 ὑμῖν;
2291 2518 2308 2550 ι
2351 2498 2508 2550 Ἀλλά
2534 2499 2641 2568 γάρ
2670 2498 2875 2570 ἐρρέτω
2909 2499 3004 2568 μὲν
3037 2497 3105 2550 τὰ
3134 2498 3354 2550 ἐκείνων
3392 2497 3698 2567 ληρήματα

2101 2595 2196 2645 καὶ
2228 2591 2336 2644 τῶν
2364 2591 2630 2662 μισοθέων
2656 2591 2929 2662 λογισμῶν
2959 2593 2991 2662 ή
3033 2590 3393 2662 παρεὺρεσιςο
3417 2590 3585 2659 ἡμεῖς
3615 2588 3696 2648 δὲ,

415 2675 482 2743 τῇ
509 2672 604 2726 τοῦ
637 2674 962 2744 ,Πνεῦματος
992 2675 1243 2749 δᾳδουχίᾳ
1277 2678 1671 2752 θαρσήσαντες,
1696 2685 1868 2740 εἰπεῖν
1893 2687 1992 2740 οὑκ
2029 2687 2329 2759 ὀκνήσομεν
2364 2686 2506 2759 ειπερ
2544 2685 2720 2751 ἔδοξεν
2767 2686 2910 2756 ἔχειν
2971 2684 3146 2754 ὀρθῶς
3206 2684 3344 2754 ὑπὲρ
3388 2681 3698 2752 σαφηνείας

417 2765 526 2817 τῶν
557 2763 720 2835 ζητου
729 2765 921 2836 μένων.

486 2856 624 2910 Cum
653 2873 787 2926 ergo
823 2858 1181 2927 praemisisset
1213 2879 1228 2913 :
1268 2879 1286 2912 ι
1319 2861 1453 2932 Ego,
1487 2871 1564 2928 et,
1588 2879 1687 2920 vos
1724 2867 1941 2930 vivetis,
1971 2887 1988 2918 ι

419 2950 602 3006 statim
663 2949 748 3004 his
805 2951 1091 3022 subjungit
1131 2970 1143 3006 :
1191 2973 1208 3004 ι
1239 2953 1294 3008 lu
1343 2956 1437 3010 illo
1492 2956 1582 3011 die
1637 2960 1993 3027 cognoscetis

2172 2859 2524 2933 Προειρηκὼς
2548 2858 2863 2929 τοιγαροῦν,
2895 2858 2974 2912 ὅτι
3014 2875 3033 2910 ι
3083 2857 3224 2927 Ἐγὼ
3265 2859 3358 2912 καὶ
3401 2860 3558 2931 ὑμεῖς
3595 2861 3700 2933 ζῆ..

2101 2954 2294 3020 σεσθε;
2326 2973 2344 3004 ι
2381 2953 2719 3023 παραχρῆμα
2751 2951 2960 3016 τούτοις
2991 2950 3302 3020 ἐπενεγκὼν
3336 2953 3653 3022 εὑρίσκεται
3677 2972 3694 2985 ·

417 3043 549 3112 quia
587 3057 690 3114 ego
715 3043 768 3096 in
797 3040 960 3099 Patre
1007 3060 1130 3100 meo
1159 3055 1214 3101 ct
1240 3061 1338 3102 vos
1369 3048 1424 3101 in
1452 3064 1560 3114 me,
1591 3057 1645 3102 et
1678 3064 1778 3120 ego
1810 3051 1864 3104 in
1900 3065 1995 3104 vo-

2107 3065 2124 3097 ι
2168 3047 2255 3099 Ἐν
2277 3046 2455 3116 ἐκείνῃ
2480 3048 2544 3115 τῇ
2571 3045 2752 3116 ἡμέρᾳ
2771 3043 3045 3112 γνώσεσθε
3075 3045 3158 3097 ὅτι
3189 3042 3298 3112 ἐγὼ
3328 3047 3384 3097 ἐν
3407 3045 3484 3114 τῷ
3513 3045 3700 3117 Πατρξ

421 3135 525 3190 bis.
561 3155 578 3187 ι
624 3137 692 3189 At
722 3137 940 3190 cuinam
975 3139 1206 3192 omnino
1245 3153 1436 3194 eorum
1471 3141 1563 3207 qni
1598 3149 1728 3195 sunt
1757 3156 1822 3196 ac
1851 3152 1996 3195 recte

420 3229 664 3281 sentiunt
691 3243 801 3282 non
827 3229 980 3284 valde
1007 3232 1358 3301 perspicuum
1392 3231 1465 3284 sit
1487 3232 1630 3285 diem
1655 3234 1996 3303 cognitionis

421 3321 808 3384 determinare,
852 3336 963 3390 quo
1011 3336 1112 3376 nos
1153 3322 1319 3376 etiam
1370 3323 1435 3375 ad
1484 3323 1663 3391 ipsum
1712 3321 1998 3376 reformati

421 3413 488 3467 ad
518 3412 686 3466 vitam
725 3413 1017 3467 ascensuri
1049 3428 1244 3468 sumus
1273 3422 1556 3475 aeternam,
1592 3412 1787 3467 mortis
1827 3413 1997 3466 male-

418 3505 664 3560 ilictione
699 3504 907 3559 vitata?
937 3503 1004 3556 Et
1045 3504 1268 3573 quidem
1309 3504 1442 3558 mihi
1473 3504 1580 3558 tale
1608 3503 1741 3574 quid
1787 3504 1998 3574 signiﬁ-

417 3611 550 3652 care
575 3595 793 3650 videtur
825 3594 1050 3660 Paulus,
1085 3611 1208 3650 cum
1246 3595 1492 3649 divinum
1540 3597 1704 3650 nobis
1746 3595 1998 3650 revelans

419 3686 745 3757 mysterium
796 3686 861 3740 ad
916 3685 1214 3740 nonnullos
1268 3686 1509 3740 scribit:
1551 3705 1568 3736 ι
1602 3686 1800 3739 Mortui
1847 3686 1996 3739 enim

416 3779 574 3843 estis,
596 3786 652 3832 et
676 3777 784 3830 vita
824 3787 1003 3831 vestra
1039 3785 1125 3831 est
1161 3777 1485 3830 abscondita
1512 3792 1638 3830 cum
1685 3776 1911 3831 Christo
1937 3777 1996 3830 in

419 3868 551 3924 Deo.
581 3866 815 3934 Quando
854 3882 985 3938 ergo
1021 3866 1278 3922 Christus
1314 3868 1634 3937 apparuerit
1669 3867 1838 3938 819
1882 3867 2000 3921 vita

416 3971 621 4025 vestra,
673 3967 804 4013 tunc
846 3967 901 4012 et
947 3974 1044 4012 vos
1087 3959 1431 4028 apparebitis
1462 3974 1584 4012 eum
1621 3962 1742 4028 ipso
1783 3962 1837 4012 in
1879 3961 1998 4030 glo-

418 4048 990 4107 ria‘°.—-Reformahit
1006 4051 1150 4104 enim
1165 4066 1368 4120 corpus
1383 4051 1713 4106 humilitatis
1733 4061 1957 4114 nostrae,
1973 4071 1989 4102 ι

418 4145 523 4199 hoc
567 4142 829 4196 nimirum
862 4155 927 4194 ac
967 4156 1076 4194 non
1115 4139 1288 4202 aliud,
1327 4159 1344 4191 ι
1370 4141 1772 4212 coniiguratum
1807 4142 1998 4212 gloriae

2104 3156 2226 3208 μου,
2263 3141 2357 3192 καὶ
2383 3139 2540 3208 ὑμεῖς
2583 3138 2640 3188 ἐν
2687 3138 2830 3206 ἐμοὶ,
2867 3135 3022 3203 κάγὼ
3068 3137 3124 3188 ὲν
3179 3137 3326 3206 ὑμῖν.
3365 3156 3382 3187 ι
3411 3133 3542 3189 Εἶτα
3584 3138 3697 3191 τίνι

2097 3231 2206 3283 τῶν
2235 3230 2402 3282 ὄντων
2447 3231 2541 3282 καὶ
2591 3231 2808 3299 φρονεῖν
2850 3227 3118 3281 εἰωθότων
3154 3228 3331 3300 ὀρθῶς
3357 3231 3456 3282 οὑκ
3500 3231 3570 3282 ἂν
3603 3231 3698 3298 γέ-

2099 3339 2241 3376 νοιτο
2293 3323 2386 3374 καὶ
2437 3320 2579 3391 μάλα
2626 3320 2796 3388 σαφὲς
2833 3320 2908 3383 ὡς
2955 3319 3169 3391 ἡμέρας
3221 3320 3391 3392 ὁρίζει
3439 3321 3536 3391 τῆς
3600 3320 3698 3373 ἐπὶ

2096 3413 2270 3483 τούτῳ
2295 3411 2544 3480 γνώσεως
2574 3411 2669 3464 τὸν
2703 3410 2915 3483 καιρὸν,
2949 3411 3073 3465 καθ’
3104 3412 3162 3464 ὃν
3189 3412 3254 3466 ἂν
3286 3413 3377 3464 καὶ
3406 3413 3568 3481 ἡμεῖς
3595 3412 3698 3464 αὑο

2096 3504 2179 3556 τοὶ
2214 3503 2349 3573 πρὸς
2377 3502 2539 3556 αὑτὸν
2571 3501 3046 3572 ἀναμορφούμενοι
3075 3502 3210 3571 πρὸς
3238 3503 3381 3572 ζωὴν
3410 3502 3696 3573 ἀναδησόο

2101 3595 2240 3666 μεθα
2265 3595 2362 3665 τὴν
2392 3593 2629 3655 αἰώνιον,
2662 3595 2760 3664 τὴν
2783 3593 2876 3647 τοῦ
2907 3593 3137 3646 θανάτου
3167 3594 3478 3664 διαδράντες
3509 3595 3692 3663 ἀράνς

2097 3687 2205 3740 Καί
2243 3704 2332 3756 μοι
2363 3686 2508 3739 δοκεῖ
2547 3684 2783 3738 πιοῦτᾶν
2813 3703 2866 3738 τι
2897 3686 3184 3756 σημαίνειν
3217 3687 3245 3738 ὃ
3274 3687 3503 3756 Χριστός
3526 3704 3691 3754 φησι,

2098 3779 2240 3848 φημὶ
2283 3778 2339 3830 δὲ
2378 3779 2467 3830 τὸν
2505 3776 2735 3840 Παῦλον,
2783 3777 2910 3829 ὃταν
2949 3777 3009 3830 τὸ
3058 3777 3196 3830 θεῖον
3235 3780 3367 3848 ἡμῖν
3409 3778 3695 3831 ἀποκαλὺ⁴

2098 3885 2246 3922 πτων
2276 3871 2572 3939 μυστήριον
2601 3869 2888 3939 ἐπιστέλλῃ
2916 3869 3051 3940 πρός
3074 3887 3253 3933 τιναςο
3292 3889 3310 3920 ι
3356 3871 3693 3924 Ἀπεθάνετε

2097 3959 2224 4031 γάρ,
2265 3959 2360 4014 καὶ
2387 3962 2420 4031 ἡ
2458 3959 2570 4031 ζωὴ
2603 3959 2758 4029 ὑμῶν
2805 3960 3109 4032 κέκρυπται
3140 3961 3236 4014 σὺν
3263 3960 3342 4031 τῷ
3374 3961 3597 4032 Χριστῷ
3629 3963 3691 4015 ἐν

2095 4052 2172 4122 τῷ
2219 4051 2356 4122 Θεῷ.
2391 4052 2559 4105 Ὅταν
2622 4047 2714 4104 οῦν
2766 4052 2794 4104 6
2843 4051 3074 4122 Χριστὸς
3142 4052 3428 4126 φανερωθῇ
3486 4054 3519 4124 ἡ
3570 4053 3690 4125 ζωὴ

2097 4144 2272 4213 ὑμῶν,
2321 4144 2440 4196 τότε
2493 4143 2587 4197 καὶ
2635 4145 2788 4214 ὑμεῖς
2823 4144 3275 4216 φανερωθήσεσθε
3312 4146 3407 4198 σὺν
3444 4145 3596 4215 αὑτῷ
3628 4147 3690 4198 ὲν

417 4251 530 4293 sua:
549 4235 650 4299 ",i
677 4234 806 4289 etin
831 4232 1126 4301 pristinum
1156 4240 1359 4288 statum
1387 4233 1708 4288 reformahit
1734 4231 1995 4287 ineffabili

2100 4236 2238 4308 δόξῃ.
2274 4235 2760 4306 Μετασχηματίσει
2811 4235 2918 4305 γάρ
2951 4235 3012 4287 τὸ
3070 4235 3228 4306 σῶμα
3270 4235 3371 4304 τῆς
3421 4237 3692 4290 ταπεινώ-

415 4328 622 4382 virtute
643 4324 888 4378 hominis
914 4331 1199 4387 naturam,
1232 4325 1417 4378 omnia
1454 4324 1612 4379 facile
1645 4323 1994 4380 transferens

2095 4345 2231 4392 σεως
2285 4327 2458 4398 ἡμῶν,
2513 4345 2532 4377 ι
2582 4325 2738 4380 τοῦτο
2790 4327 2854 4397 δὴ
2909 4327 3143 4390 πάντως,
3187 4327 3281 4378 καὶ
3326 4327 3423 4396 οὑχ
3473 4326 3686 4396 ἕτερον,

416 4420 471 4472 in
519 4415 888 4488 quodcunque
931 4415 1174 4469 voluerit
1216 4435 1226 4469 :
1271 4417 1454 4472 «Deus
1498 4417 1646 4470 enim
1685 4424 1770 4470 est
1809 4431 1994 4479 verus,

2109 4437 2126 4470 ι
2173 4419 2494 4492 σύμμορφον
2538 4419 2637 4488 τῆς
2681 4419 2838 4489 δόξης
2891 4417 3086 4481 αὑτοῦ,
3133 4437 3151 4469 ι
3206 4417 3300 4470 καὶ
3349 4417 3687 4487 μεταπλάσει

416 4509 512 4581 qui
567 4509 699 4565 facit
747 4509 931 4564 omnia
966 4516 1022 4562 et
1057 4508 1436 4574 transformat,
1469 4529 1487 4560 ι
1533 4510 1675 4564 sicut
1725 4509 1990 4578 scriptum

415 4610 501 4658 est
523 4600 592 4656 θ’.
623 4601 784 4656 Circa
811 4602 967 4655 illum
992 4603 1136 4657 diem
1168 4603 1355 4674 igitur,
1391 4603 1508 4656 sive
1543 4610 1781 4672 tempus,
1807 4620 1915 4672 quo
1939 4611 1995 4658 et

416 4709 516 4749 vos
539 4693 643 4762 ipsi
668 4693 866 4747 vivetis
891 4693 1041 4763 (vivo
1061 4694 1206 4750 enim
1223 4709 1343 4766 ego,
1362 4693 1615 4762 quamvis
1642 4694 1804 4748 homo
1827 4695 1998 4750 sicuti

414 4799 516 4838 vos
554 4782 759 4846 factus,
793 4791 848 4837 et
886 4799 1125 4855 corpore
1163 4782 1506 4852 corruptioni
1537 4791 1732 4836 natura
1762 4800 1862 4839 sua
1901 4787 1998 4840 ob-

419 4873 586 4926 noxio
624 4872 899 4940 indutus),
950 4876 1100 4928 clare
1151 4874 1566 4943 «cognoscetis,
1615 4874 1816 4943 inquit,
1868 4892 1994 4946 quia

415 4978 516 5032 ego
547 4964 601 5016 in
649 4961 833 5029 Patre,
873 4973 926 5017 ct
959 4980 1054 5019 vos
1091 4965 1143 5017 in
1193 4980 1280 5016 me
1308 4972 1361 5017 et
1390 4979 1490 5033 ego
1517 4965 1571 5016 in
1616 4965 1790 5021 vobis.
1816 4986 1834 5017 ι
1872 4969 1995 5020 Sta-

420 5066 634 5110 tuemus
675 5068 855 5110 autem
897 5057 1010 5110 haec
1043 5057 1108 5109 ad
1149 5071 1249 5110 nos
1282 5055 1569 5110 Dominum
1622 5057 1850 5121 dixisse,
1886 5076 1991 5112 non

419 5156 477 5200 ut
525 5149 907 5204 existimemus
953 5164 1078 5203 eum
1132 5163 1257 5203 esse
1301 5149 1353 5201 in
1411 5149 1575 5202 Patre
1631 5150 1844 5204 ratione
1904 5152 1993 5203 di-

417 5241 690 5304 lectionis,
720 5240 882 5294 sicuti
920 5239 1252 5294 adversariis
1285 5241 1488 5310 placet,
1522 5241 1616 5296 sed
1650 5243 1864 5298 ratione
1898 5245 1990 5298 alti

420 5333 686 5403 mystcrii,
720 5330 867 5400 quod
899 5346 998 5384 nec
1043 5340 1226 5384 mente
1259 5332 1551 5401 concipere
1595 5347 1697 5386 nec
1742 5337 1995 5389 oratione

415 5422 696 5492 explicare
721 5431 806 5477 est
827 5421 1006 5488 facile,
1021 5431 1420 5488 verumtamen,
1435 5424 1616 5493 quoad
1633 5433 1844 5494 potero,
1863 5427 1992 5480 illud

416 5531 689 5586 exponere
733 5517 1003 5572 conabor.
1036 5513 1304 5582 Quamvis
1348 5532 1478 5588 ergo
1525 5516 1776 5586 cujusvis
1815 5518 1996 5573 homi-

489 5693 534 5724 "
563 5691 797 5763 Philipp.
828 5708 889 5760 ιι,
921 5691 976 5759 6,
1006 5691 1059 5748 7.
1135 5693 1180 5727 ⁸⁸
1211 5693 1427 5751 Coloss.
1451 5710 1532 5761 ιιι,
1569 5695 1623 5764 '5,
1654 5695 1707 5752 4.

1786 5697 1827 5730 ⁸⁸
1858 5695 2092 5768 Philipp.
2129 5711 2214 5765 ιιι,
2244 5697 2333 5752 21.

2097 4511 2234 4582 πρὸς
2264 4511 2324 4563 τὸ
2351 4513 2576 4582 ἀρχαῖον
2610 4513 2835 4583 ἀρρήτῳ
2874 4510 3098 4580 δυνάμει
3132 4508 3230 4580 τὴν
3265 4507 3552 4579 ἀνθρώπου
3592 4508 3688 4574 φύ-

2099 4619 2204 4669 σιν,
2243 4603 2422 4656 πάντα
2473 4603 2785 4672 μετατιθεὶς
2833 4602 3068 4662 εὑκόλως
3115 4601 3252 4670 πρὸς
3291 4601 3424 4669 ὅπερ
3465 4601 3530 4652 ἂν
3563 4599 3687 4669 βού-

2098 4695 2263 4759 λοιτο,
2295 4694 2686 4758 διακωλύοντος
2725 4693 2968 4757 οὑδενόςο
3000 4712 3018 4744 ι
3053 4692 3186 4756 Θεὸς
3219 4693 3325 4763 γάρ
3366 4692 3511 4744 ἔστιν
3551 4693 3688 4761 ἀλη-

2101 4787 2265 4850 θινὸς,
2313 4785 2480 4839 ποιῶν
2526 4786 2723 4848 πάντα,
2758 4786 2852 4839 καὶ
2907 4783 3350 4856 μετασκευάζων,
3389 4801 3406 4833 ›
3443 4783 3587 4836 κατά
3627 4785 3689 4836 τὺ

2100 4876 2506 4947 γεγραμμένον.
2530 4875 2666 4928 Κατ’
2691 4875 2903 4944 ἐκείνην
2933 4872 3025 4928 οῦν
3049 4876 3154 4947 ἄρα
3186 4876 3283 4945 τὴν
3304 4874 3534 4945 ἡμέραν,
3564 4875 3686 4942 ﬁte:

2101 4968 2192 5020 τὸν
2244 4969 2468 5045 καιρὸν..
2497 4967 2618 5022 καθ’
2659 4968 2716 5020 ὃν
2769 4969 2861 5020 καὶ
2909 4969 3066 5036 ὑμεῖς
3117 4968 3269 5020 αὑτοὶ
3313 4965 3541 5032 ζήσεσθε
3581 4966 3685 5034 (ζῶ

2101 5057 2210 5129 γὰρ
2250 5058 2359 5126 ἐγὼ
2403 5041 2578 5113 καίτοι
2625 5058 2746 5111 καθ’
2789 5059 2932 5128 ὑμᾶς
2969 5058 3254 5130 ἄνθρωπος
3287 5057 3544 5126 γεγονὼς,
3589 5059 3686 5110 καὶ

2099 5152 2161 5205 τὸ
2211 5151 2514 5204 ὑποπίπτον
2539 5154 2606 5222 τῇ
2663 5151 2839 5222 φθορᾷ
2887 5150 3027 5203 κατά
3075 5167 3139 5218 γε
3193 5150 3290 5220 τὴν
3334 5149 3468 5202 ίδίαν
3519 5149 3685 5218 φύσιν

2101 5244 2463 5312 ἐνδυσάμενος
2510 5242 2715 5313 σῶμα),
2744 5242 2952 5311 σαφῶς,
2985 5263 3003 5294 ι
3026 5241 3447 5311 Ἐπιγνὼσεσθε,
3494 5243 3681 5311 φησὶν,

2101 5337 2183 5389 ὃτι
2212 5335 2322 5403 ἐγὼ
2356 5333 2454 5404 μὲν
2482 5335 2540 5387 ὲν
2568 5334 2646 5404 τῷ
2677 5336 2871 5402 Πατρὶ,
2904 5336 3057 5406 ὑμεῖς
3083 5333 3140 5388 δὲ
3173 5336 3229 5386 ὲν
3259 5335 3402 5404 ἐμοὶ,
3431 5332 3590 5400 κάγὼ
3625 5336 3684 5386 ὲν

2102 5428 2250 5498 ὑμῖν.
2283 5445 2302 5478 ι
2329 5426 2726 5498 Διακεισόμεθα
2757 5427 2815 5480 δὲ
2845 5427 3003 5480 ταυτὶ
3025 5427 3161 5498 πρὸς
3358 5425 3448 5478 τὸν
3478 5425 3686 5496 Κύριον

2101 5521 2295 5585 είπεῖν,
2319 5520 2416 5588 οὑχ
2449 5519 2536 5573 ἵνα
2568 5518 2876 5591 νομίζωμεν
2905 5518 3168 5592 ὑπάρχειν
3203 5517 3366 5574 αὑτὸν
3399 5520 3456 5572 ὲν
3482 5519 3711 5591 Πατρὶ,·

2413 5698 2459 5731 ⁸¹
2484 5696 2654 5754 Amos
2683 5712 2738 5764 v,
2777 5695 2832 5752 8.
