3884 6208
194 364 304 421 973

1207 379 1273 433 IN
1314 378 1599 433 JOSNNIS
1645 377 2097 434 EVANGELIUM
2138 376 2266 431 LIB.
2307 378 2397 432 IX.

3352 377 3459 433 ΤΗ

192 482 340 534 κατά
387 500 449 550 γε
490 484 581 537 τὸν
624 488 720 557 τῆς
762 490 981 561 ἀγάπης
1030 491 1206 560 λόγον,
1250 494 1437 565 ὥσπερ
1481 490 1572 547 οῦν
1610 495 1759 547 ἐδόκε

1886 495 1975 549 nis
2014 501 2253 547 mentem
2290 494 2416 547 huic
2446 501 2704 550 accurate
2732 492 3060 563 explicando
3092 493 3249 561 longe
3279 493 3459 563 impa-

192 577 306 637 τοῖς
346 574 412 627 δι’
459 578 704 642 ἐναντίας
744 585 990 650 φρονεῖν,
1038 584 1174 637 ἀλλά
1226 587 1368 639 κατὰ
1400 586 1627 657 δύναμιν
1669 604 1772 656 μυ-

193 665 417 732 στηρίου
451 666 660 736 βαθέος,
712 670 741 722 ὃ
786 673 878 724 καὶ
919 673 1108 743 νοῆσαι
1156 675 1253 744 μὲν
1302 677 1478 729 ἐκεῖνο
1519 676 1771 746 χαλεπὸν,

193 756 401 825 φράσαι
428 758 484 811 δὲ
511 761 573 813 οὑ
609 762 810 833 ῥᾴδιον·
833 764 971 835 πλὴν
1000 766 1147 830 ὅπως
1167 766 1231 819 ἂν
1260 762 1371 830 οἷός
1407 785 1466 820 τε
1501 762 1775 838 ὦ,διηγεῖ-

195 844 320 899 σθαι
372 850 723 921 πειράσομαι.
770 855 881 925 Τῆς
921 856 1020 926 μὲν
1068 852 1160 910 οὖν
1206 857 1464 929 ἀκριϐοῦς
1506 858 1773 924 ἐκθέσεως

192 939 329 991 πολὺ
381 940 500 994 λίαν
543 946 809 1015 ἡττῆσθαι
850 950 1028 1002 πάντα
1074 950 1198 1003 νοῦν
1251 951 1621 1021 ὑπολαμϐάνω
1666 953 1773 1003 τῶν

189 1031 285 1083 ἐπὶ
334 1033 454 1103 γῆς,
499 1037 578 1106 τῷ
630 1056 693 1107 γε
743 1040 848 1111 μὴν
892 1042 1079 1113 θερμῷ
1110 1043 1207 1114 τῆς
1239 1045 1479 1114 ἀγάπης,
1514 1045 1620 1099 κᾶν
1647 1045 1775 1113 γοῦν

193 1123 431 1193 μετρίως
476 1128 601 1180 ἰδεῖν
651 1147 710 1183 τε
760 1134 849 1185 ναὶ
909 1135 1113 1205 φράσαι
1161 1135 1642 1207 παραθησόμενος,
1683 1137 1776 1189 νῦν

191 1214 392 1284 ἴδωμεν
424 1221 521 1289 τῆς
554 1223 647 1275 τοῦ
681 1225 1017 1293 Μονογενοῦς
1044 1227 1507 1299 ὲνανθρωπήσεως
1536 1230 1626 1282 τὸν
1652 1247 1767 1282 σκο-

187 1307 310 1359 πόν.
340 1309 474 1381 ⁴1>έρε
508 1313 893 1387 δοκιμάσωμεν
922 1320 1020 1391 τὴν
1067 1321 1269 1386 αἰτίαν,
1307 1322 1374 1375 δι’
1397 1324 1462 1392 ἢν
1496 1324 1554 1375 ὲν
1590 1324 1771 1393 μορςξῇ

184 1397 279 1448 τοῦ
311 1397 449 1453 Θεοῦ
484 1404 577 1455 καὶ
615 1407 826 1477 Πατρός
861 1410 1144 1481 ὑπάρχων,
1173 1412 1248 1475 ὡς
1280 1412 1431 1476 Θεὸς,
1464 1414 1562 1483 οὐχ
1597 1414 1772 1483 ἁρπα-

183 1488 326 1557 γμὸν
356 1493 597 1563 ἡγήσατο
620 1498 681 1549 τὸ
705 1495 844 1553 εἶναι
874 1502 964 1556 ἶσα
993 1503 1129 1572 Θεῷ,
1155 1504 1271 1558 ἀλλ’
1292 1505 1483 1558 ἑαυτὸν
1508 1505 1764 1569 ἐκένωσε,

184 1586 401 1657 μορφὴν
427 1586 617 1643 δούλου
653 1592 853 1659 λαϐὼν,
892 1596 984 1646 καὶ¹
1018 1595 1278 1666 ὑπέμεινε
1313 1596 1547 1668 σταυρὸν
1582 1596 1771 1666 αἰσχύ-

182 1691 281 1744 νης
312 1684 748 1753 καταφρονήσας.
795 1687 984 1739 Ἔσται
1028 1688 1135 1757 γάρ
1168 1687 1309 1741 οὑτω
1352 1692 1445 1742 καὶ
1482 1690 1633 1759 μόλις
1676 1689 1766 1741 εὑ-

181 1767 469 1835 σῦνοπτον,
502 1779 641 1830 κατά
682 1793 742 1845 γε
791 1778 851 1830 τὸ
900 1780 1197 1849 ἐγχωροῦν,
1238 1781 1348 1833 τῶν
1394 1782 1770 1852 προκειμένων

1880 601 1994 640 rem
2035 585 2366 647 existimem,
2412 585 2700 639 charitatis
2733 593 2914 638 tamen
2957 584 3169 639 fervore
3197 585 3330 639 illud
3360 599 3460 654 pro

1880 687 2069 732 nostra
2122 676 2501 731 mediocritate
2549 677 2875 747 exposituri,
2928 691 3075 730 nunc
3124 675 3460 729 incarnatio-

1878 769 1966 825 nis
1990 767 2274 838 Unigeniti
2301 785 2531 839 scopum
2550 770 2856 823 videamus.
2888 768 3015 837 Age,
3046 782 3269 821 causam
3303 781 3459 821 scru-

1880 870 2083 924 temur,
2116 861 2187 915 ob
2217 876 2378 930 quam
2426 861 2479 913 in
2525 860 2702 914 forma
2740 858 2831 914 Dei
2874 875 2938 912 ac
2989 858 3167 913 Patris
3201 874 3325 913 cum
3369 873 3459 913 es-

1879 966 1983 1017 set,
2016 960 2207 1022 utpote
2249 955 2411 1018 Deus,
2442 970 2551 1007 non
2587 955 2836 1023 rapinam
2879 954 3183 1007 arbitratus
3223 953 3296 1007 sit
3336 966 3460 1006 esse

1879 1064 1939 1103 se
1993 1046 2259 1116 aequalem
2326 1046 2457 1108 Deo,
2519 1046 2614 1102 sed
2678 1048 3037 1115 semetipsum
3099 1044 3459 1110 exinanierit,

1879 1137 2054 1191 forma
2108 1137 2255 1192 servi
2310 1146 2563 1207 accepta,
2595 1145 2648 1193 et
2697 1153 2919 1191 crucem
2982 1136 3281 1206 ignominia
3324 1150 3460 1190 con-

1880 1240 2085 1299 tempta
2136 1229 2442 1298 pertulerit.
2478 1228 2571 1284 Sic
2606 1231 2751 1283 enim
2799 1229 2879 1283 rei
2928 1229 3248 1298 propositae,
3280 1242 3459 1297 quan-

1878 1328 1995 1375 tum
2038 1331 2241 1378 nostra:
2282 1324 2430 1379 vires
2474 1324 2690 1385 ferunt,
2735 1322 2971 1377 altitudo
3016 1322 3243 1391 patebit.
3276 1323 3460 1391 Agno-

1878 1427 2103 1468 scemus
2139 1422 2319 1468 autem
2365 1414 2642 1484 quomodo
2677 1414 2751 1470 sit
2787 1412 2963 1468 Filius
2999 1414 3051 1465 in
3085 1412 3267 1475 Patre,
3298 1417 3457 1464 natu-

1877 1503 2071 1557 raliter
2100 1504 2386 1569 nimirum,
2426 1521 2535 1559 non
2574 1516 2755 1559 autem
2784 1504 2943 1574 juxta
2994 1505 3173 1557 lit-tam
3205 1502 3352 1556 illam
3384 1499 3457 1555 ab

1876 1596 2211 1651 adversariis
2259 1615 2325 1653 ex
2370 1614 2438 1654 eo
2484 1598 2632 1668 quod
2681 1597 2862 1667 diligit
2896 1610 2959 1650 ac
3010 1595 3260 1663 diligitur
3306 1592 3454 1647 rela-

1874 1690 2103 1743 tionem.
2144 1688 2411 1745 Similiter
2453 1698 2507 1745 et
2540 1706 2643 1745 nos
2686 1688 2879 1744 eodem
2924 1687 3089 1741 modo
3119 1688 3172 1740 in
3220 1686 3362 1754 ipso,
3400 1693 3456 1739 et

1876 1783 1994 1851 ipse
2024 1784 2080 1837 in
2115 1784 2293 1838 nobis.

172 1865 239 1917 τὸ
274 1866 457 1935 βάθος.
504 1871 829 1943 Γνωσόμεθα
871 1875 925 1927 δὲ
980 1875 1095 1939 πῶς
1140 1878 1240 1947 μέν
1281 1879 1430 1931 ἐστιν
1469 1879 1497 1930 6
1567 1878 1693 1941 Υἱὸς
1746 1879 1804 1931 ὲν
1841 1878 2041 1947 Πατρὶ,
2071 1878 2316 1946 φυσικῶς
2346 1877 2585 1948 δηλονότι
2649 1877 2743 1930 καὶ⁵
2777 1876 2839 1929 οὑ
2870 1875 3010 1930 κατά
3043 1892 3103 1942 γε
3133 1874 3231 1944 τὴν
3265 1876 3327 1926 ἐκ
3358 1872 3453 1926 τοῦ

174 1955 495 2024 ἀγαπᾶσθαι
548 1965 640 2016 καὶ
690 1964 909 2036 ἀγαπᾷν
951 1967 1328 2038 ὲπινοηθείσαν
1377 1968 1561 2039 σχέσιν
1614 1967 1764 2039 παρὰ
1800 1967 1909 2021 τῶν
1935 1968 2001 2021 δι’
2036 1968 2302 2032 ἐναντίας.
2348 1969 2534 2038 Ἡμεῖς
2567 1968 2624 2020 δὲ
2652 1962 2718 2021 αὖ
2764 1967 2927 2021 πάλιν
2970 1968 3026 2019 ἐν
3094 1964 3243 2036 αὑτῴ
3308 1958 3454 2017 κατά

169 2051 269 2104 τὸν
304 2054 417 2107 ἴσον
454 2058 675 2127 τρόπον,
719 2062 811 2115 καὶ
845 2062 1005 2124 αὑτὸς
1034 2064 1092 2116 ὲν
1122 2065 1273 2134 ἡμῖν.

248 2147 458 2199 Οὐκοῦν
492 2151 618 2218 μίαν
655 2152 752 2221 μὲν
795 2152 985 2225 ὥσπερ
1024 2155 1197 2227 ἀληθῆ
1233 2173 1291 2209 τε
1339 2159 1433 2211 καὶ
1466 2158 1759 2225 γενικωτάε

1937 2149 2214 2214 Quocirca
2245 2166 2408 2204 unam
2449 2149 2671 2219 quidem
2702 2165 2889 2204 veram
2933 2157 2985 2203 et
3022 2150 3332 2219 generalem
3361 2151 3449 2207 in-

171 2255 275 2306 την
330 2242 506 2292 αἰτίαν
555 2244 651 2313 τῆς
710 2244 1170 2319 ὲνανθρωπήσεως
1221 2250 1314 2303 τοῦ
1355 2250 1691 2318 Μονογενοῦς
1739 2252 1768 2302 6

174 2331 342 2397 σοτὲδς
390 2334 521 2401 ἡμῖν
564 2336 926 2408 ἐξηγούμενος
965 2341 1173 2405 Παῦλος
1227 2343 1499 2411 ἔφασκεν·
1547 2364 1561 2395 ι
1608 2344 1766 2396 Εὐδό-

172 2439 314 2491 κησε
355 2423 463 2494 γὰρ
500 2427 528 2478 6
565 2426 697 2491 Θεὸς
734 2429 830 2483 καὶ
862 2431 1053 2503 Πατὴρ
1086 2434 1669 2503 ἀνακεφαλαιώσασθαι
1698 2436 1767 2489 τά

171 2516 355 2568 πάντα
388 2515 446 2568 ἐν
477 2516 555 2587 τῷ
583 2518 822 2591 Χριστῷ.
870 2541 889 2575 ι
920 2524 1029 2577 Kai.
1078 2525 1159 2579 ὄτι
1216 2526 1278 2579 τὸ
1330 2528 1429 2596 τῆς
1462 2529 1763 2598 ἀνακεφα-

169 2608 480 2676 .1αιώσεως
511 2611 684 2681 ὄνομά
727 2630 786 2667 τε
818 2616 912 2669 καὶ
945 2619 1182 2688 πρᾶγμα
1221 2618 1375 2688 δηλοί
1404 2619 1465 2673 τὸ
1499 2620 1765 2690 ἀνακομί-

171 2717 270 2751 σαι
292 2700 459 2754 πάλιν
484 2704 579 2755 καὶ
606 2704 895 2759 ἀναλαϐεῖν
920 2708 998 2771 εἰς
1027 2709 1165 2779 ὅπερ
1192 2704 1259 2781 ἦν
1280 2711 1337 2762 ὲν
1366 2711 1507 2783 ἀρχῇ
1532 2712 1601 2765 τά
1626 2713 1761 2783 πρὸς

167 2792 429 2860 ἀνόμοιον
460 2795 849 2850 ἐκπεπτωκότα
877 2797 1046 2861 τέλος.
1079 2796 1211 2853 Εἶτα
1249 2801 1375 2864 τοὺς
1400 2805 1500 2874 τῆς
1550 2806 1751 2858 ἀνακε-

166 2882 530 2951 φαλαιώσεως
572 2889 807 2956 τρόπους
830 2890 933 2943 ἀνά
962 2890 1126 2962 μέρος
1178 2894 1309 2962 ἡμῖν
1351 2894 1762 2950 ἀπολευκαίνειί

164 2977 393 3042 ἐθέλων,
437 2980 566 3031 ποτὲ
621 2982 719 3049 μὲν
756 2982 991 3050 ἔφασκε·
1034 3003 1052 3035 ι
1090 2984 1163 3037 Τὸ
1215 2986 1322 3056 γὰρ
1369 2986 1628 3042 ἀδύνατον
1667 2990 1759 3043 τοῦ

160 3069 360 3138 νόμου,
410 3073 467 3124 ἐν
508 3064 553 3139 ᾧ
592 3072 810 3143 ⁴ἠσθένει
854 3075 942 3128 διά
991 3076 1091 3145 τῆς
1147 3080 1377 3149 σαρκὸς,
1416 3081 1446 3132 ὁ
1499 3081 1629 3146 Θεὸς
1667 3083 1759 3137 τὸν

163 3159 367 3213 ἑαυτοῦ
400 3160 530 3214 Υίὺν
560 3163 782 3233 πέμψας
827 3166 884 3217 ὲν
916 3167 1220 3238 ὁμοιώματι
1259 3171 1459 3241 σαρκὸς
1487 3173 1761 3243 ἁμαρτίας

164 3251 263 3303 καὶ
294 3252 424 3322 περὶ
454 3253 759 3323 ἁμαρτίας,
794 3258 1081 3328 κατέκρινε
1119 3259 1217 3330 τὴν
1262 3261 1539 3333 ἁμαρτίαν
1584 3266 1642 3318 ὲν
1688 3269 1755 3336 τῇ

165 3344 361 3411 σαρκὶ,
393 3344 479 3396 ἵνα
507 3345 567 3397 τὸ
588 3345 858 3417 δικαίωμα
903 3348 995 3401 τοῦ
1027 3350 1190 3419 νόμου
1226 3351 1489 3425 πληρωθῇ
1521 3356 1577 3407 ὲν
1603 3357 1755 3426 ἡμῖν,

162 3437 282 3497 τοῖς
324 3434 399 3504 μὴ
430 3437 568 3489 κατά
593 3440 770 3510 σάρκα
804 3443 1215 3511 περιπατοῦσιν,
1242 3445 1378 3500 ἀλλά
1411 3446 1551 3499 κατὰ
1582 3448 1750 3501 πνεῦ-
1794 3485 1807 3500 .

1869 2243 2209 2298 carnationis
2246 2242 2528 2314 Unigeniti
2568 2258 2795 2299 causam
2831 2244 3053 2299 divinus
3098 2242 3302 2300 Paulus
3352 2262 3451 2301 no-

1867 2336 1952 2390 bis
1979 2352 2281 2406 exponens,
2317 2337 2499 2391 aiebat
2529 2355 2542 2391 :
2583 2356 2600 2388 ι
2631 2337 2842 2391 Placuit
2880 2337 3027 2390 enim
3062 2336 3171 2391 Deo
3200 2353 3264 2391 ac
3296 2338 3449 2395 Patri

1868 2426 2178 2483 instaurare
2217 2429 2403 2483 omnia
2442 2429 2500 2484 in
2535 2428 2761 2485 Christo
2782 2427 2996 2483 ".tUbi
3034 2431 3342 2485 instaurare
3364 2433 3444 2487 si-

1867 2524 2091 2593 gniﬁcat
2126 2526 2178 2578 in
2214 2525 2513 2594 pristinum
2573 2534 2777 2580 statum
2826 2541 3094 2580 revocare
3124 2542 3245 2595 qua:
3277 2527 3334 2581 in
3362 2528 3447 2582 di-

1867 2629 2086 2667 versum
2117 2614 2277 2683 plane
2311 2615 2518 2667 exitum
2554 2614 2890 2671 ceciderant.
2926 2614 3197 2671 Praeterea
3227 2617 3455 2672 instau-.

1864 2706 2099 2760 rationis
2140 2705 2332 2760 modos
2384 2706 2669 2775 sigillatim
2708 2706 2868 2762 nobis
2916 2709 3105 2763 volens
3139 2710 3440 2779 explicare,

1864 2797 2029 2851 modo
2088 2798 2309 2866 quidem
2365 2799 2588 2853 aiebat:
2655 2798 2830 2853 «Nam
2897 2800 3043 2869 quod
3102 2801 3445 2871 impossibile

1863 2895 1983 2941 erat
2027 2888 2155 2958 legi,
2192 2889 2247 2943 in
2289 2904 2398 2957 quo
2449 2889 2833 2942 inlirmabatur
2883 2906 2981 2958 per
3013 2906 3260 2954 carnem,
3300 2890 3443 2948 Deus

1866 2979 2063 3034 Filium
2090 2996 2249 3035 suum
2288 2983 2517 3035 mittens
2552 2981 2606 3033 in
2644 2982 3060 3037 similitudinem
3097 2984 3281 3038 carnis
3313 2998 3442 3052 pec-

1865 3072 1972 3126 cati
2006 3080 2059 3126 et
2088 3072 2155 3127 de
2204 3080 2457 3141 peccato,
2488 3072 2658 3141 820
2708 3073 2988 3127 damnavit
3040 3081 3329 3143 peccatum
3382 3074 3440 3128 in

1863 3179 2051 3225 carne,
2087 3172 2148 3218 ut
2172 3164 2499 3232 justifieatio
2533 3164 2667 3232 legis
2703 3163 3023 3233 impleretur
3046 3166 3099 3218 in
3132 3165 3311 3229 nobis,
3341 3166 3437 3233 qui

1864 3272 1969 3309 non
2006 3256 2311 3311 secundum
2359 3270 2581 3309 carnem
2614 3255 2983 3317 ambulamus,
3013 3258 3106 3311 sed
3133 3256 3436 3311 secundum

1865 3347 2129 3416 Spiritum
2154 3348 2235 3415 ⁸⁵;
2262 3366 2281 3398 ι
2317 3348 2479 3402 modo
2503 3363 2633 3400 vero
2661 3364 2854 3401 rursus
2880 3367 2892 3400 ε
2927 3349 3093 3411 «Quia
3126 3364 3258 3418 ergo
3282 3350 3435 3417 pueri

1860 3441 2413 3495 communicaverunt
2445 3443 2601 3495 carui
2632 3449 2685 3496 ct
2727 3442 3001 3511 sanguini,
3033 3449 3085 3495 et
3115 3441 3232 3511 ipse
3276 3440 3437 3494 simi-

170 3539 271 3591 μα·
320 3542 338 3574 ι
370 3525 498 3577 ποτὲ
545 3526 601 3579 δὲ
644 3528 807 3581 πάλιν
833 3544 849 3560 ο
884 3547 902 3579 ι
953 3530 1170 3602 Ἐπειδὴ
1201 3531 1308 3603 γὰρ
1339 3533 1411 3587 τά
1444 3533 1631 3586 παιδία
1665 3552 1754 3587 κε-

1865 3532 1990 3588 liter
2031 3534 2381 3602 participavit
2411 3532 2643 3597 eisdem,
2680 3544 2740 3587 ut
2777 3549 2873 3603 per
2919 3540 3148 3587 mortem
3187 3533 3438 3587 destrue-

164 3614 474 3687 κοινώνηκε
505 3620 706 3689 σαρκὸς
735 3621 827 3674 καὶ
864 3622 1116 3692 αἵματος,
1152 3624 1242 3677 διά
1270 3624 1427 3679 τοῦτο
1468 3628 1561 3680 καὶ
1596 3627 1758 3691 αὑτὸς

167 3707 567 3777 παραπλησίως
604 3712 833 3784 μετέσχε
866 3714 974 3767 τῶν
1002 3715 1205 3780 αὑτῶν,
1237 3716 1325 3770 ἵνα
1356 3717 1444 3771 διά
1472 3719 1565 3771 τοῦ
1589 3719 1755 3773 θανά-

162 3818 267 3852 του
311 3804 631 3874 καταργήσῃ
661 3804 752 3856 τὸν
796 3806 857 3857 τὺ
899 3809 1095 3876 κράτος
1133 3808 1325 3878 ἔχοντα
1370 3809 1465 3862 τοῦ
1504 3810 1754 3877 θανάτου,

162 3892 316 3945 τοῦτ’
344 3892 459 3946 ἐστι
492 3894 583 3946 τὸν
610 3896 872 3959 διάϐολον,
905 3900 997 3951 καὶ
1038 3900 1320 3972 ἀπαλλάξῃ
1358 3900 1601 3965 τούτους,
1642 3905 1755 3957 ὅσοι

164 3984 323 4053 φόϐῳ
350 3984 577 4039 θανάτου
608 3987 695 4040 διὰ
739 3990 937 4052 παντὸς
978 3991 1074 4044 τοῦ
1116 3990 1214 4063 ζῇν
1258 3992 1430 4063 ἔνοχοι
1466 3989 1606 4065 ἦσαν
1638 3996 1757 4047 δου-

162 4076 343 4139 λείας.
370 4095 388 4126 ι
425 4079 533 4130 Καὶ
557 4079 651 4131 δύο
689 4080 786 4149 μὲν
810 4082 1031 4143 τούτους
1064 4084 1194 4154 ἡμῖν
1215 4083 1313 4155 τῆς
1342 4086 1756 4154 ἀνακεφαλαιώ-

164 4185 312 4231 σεως
353 4170 589 4239 τρόπους
635 4173 947 4241 ἀναγκαίως
994 4174 1216 4245 ἔχοντας
1261 4176 1361 4246 τῆς
1403 4179 1753 4251 ὲνανθρωπή-

164 4277 311 4321 asto;
329 4259 425 4312 τοῦ
455 4262 791 4329 Μονογενοῦς
815 4264 905 4316 τὸν
935 4264 1091 4330 λόγον
1123 4268 1151 4318 6
1182 4266 1394 4329 Παῦλος
1419 4267 1750 4339 ἐξηγήσατο·

160 4352 372 4422 τρόπον
416 4352 472 4404 δὲ
514 4354 607 4405 ἐπὶ
652 4354 859 4418 τούτοις
903 4356 1012 4409 τῶν
1062 4357 1263 4428 ἐτέρων
1307 4362 1699 4430 περιεκτικὸνπ
1726 4364 1755 4414 6

163 4444 337 4512 σοφὸς
365 4445 754 4517 εὑαγγελιστὴς
792 4448 1062 4518 Ἰωάννης.
1084 4450 1289 4520 Γράφει
1317 4453 1426 4521 γὰρ
1458 4453 1601 4506 οὑτω
1628 4455 1754 4525 περὶ

164 4535 443 4606 Χριστοῦ⁶
476 4558 497 4588 ι
532 4538 627 4601 Εἰς
663 4539 733 4591 τά
782 4538 887 4591 ῐδια
916 4535 1067 4610 ἦλθε,
1117 4540 1209 4593 καὶ
1250 4545 1298 4594 οἱ
1332 4542 1451 4595 ἴδιοι
1492 4544 1651 4595 αὑτὸν
1692 4545 1750 4596 οὑ

164 4610 512 4695 παρέλαϐον·
542 4630 657 4681 ὅσοι
688 4629 745 4681 δὲ
777 4629 968 4683 ἔλαϐον
1012 4632 1193 4693 αὑτὸν,
1220 4632 1419 4685 ἔδωκεν
1451 4635 1633 4697 αὑτοῖς
1663 4636 1750 4700 ἐξ·

162 4719 360 4772 ουσίαν
406 4720 570 4772 τέκνα
616 4720 751 4773 Θεοῦ
807 4723 1077 4789 γενέσθαι,
1118 4727 1229 4786 τοῖς
1288 4708 1630 4779 πιστεύουσιν
1674 4730 1751 4791 είς

160 4812 228 4864 τό
256 4811 428 4881 ὄνομα
450 4812 632 4877 αὑτοῦ,
664 4814 713 4866 οἳ
741 4815 841 4867 οὑκ
869 4814 927 4877 ἐξ
950 4816 1215 4884 αἱμάτων,
1240 4817 1358 4869 οὑδὲ
1402 4819 1464 4870 ἐκ
1511 4818 1749 4889 θελήμα-

1862 3633 1945 3680 ret
1972 3639 2095 3679 eum
2143 3626 2235 3694 qui
2265 3623 2502 3680 habebat
2534 3626 2733 3679 mortis
2768 3624 3077 3694 imperium,
3111 3624 3163 3678 id
3206 3633 3291 3679 est
3318 3624 3436 3679 dia-

1861 3716 2069 3779 bolum,
2094 3722 2149 3770 et
2179 3715 2439 3769 liberaret
2475 3729 2594 3775 cos,
2622 3715 2716 3784 qui
2747 3714 2945 3768 timore
2992 3714 3187 3768 mortis
3217 3729 3315 3783 per
3345 3720 3434 3767 to-

1861 3817 1971 3861 tam
2000 3807 2167 3860 vitam
2199 3806 2422 3861 obnoxii
2450 3816 2607 3860 erant
2638 3807 2889 3861 servituti
2914 3805 2982 3857 ⁸⁸.
3008 3823 3027 3855 ι
3059 3807 3124 3859 Et
3145 3805 3283 3859 duos
3306 3805 3435 3873 qui-

1860 3898 1984 3954 dem
2020 3899 2120 3953 hos
2160 3898 2321 3952 nobis
2362 3897 2781 3952 instaurationis
2816 3898 3006 3951 modus
3038 3894 3435 3950 incarnationis

1860 3989 2141 4060 Unigeniti
2187 3990 2461 4045 rationem
2495 3988 2810 4043 necessario
2841 3989 3191 4041 continentes
3228 3984 3434 4040 Paulus

1858 4084 2154 4155 eitposnit;
2190 4084 2283 4137 sed
2343 4083 2566 4152 sapiens
2618 4083 2955 4151 evangelista
3008 4080 3267 4145 Joannes,
3314 4095 3434 4134 mo-

1857 4178 1989 4231 dum
2038 4185 2302 4246 praeterea
2343 4175 2439 4244 qui
2473 4183 2700 4229 caeteros
2735 4174 3133 4241 complectitur.
3164 4171 3255 4226 Sic
3283 4172 3430 4227 enim

1858 4267 2054 4323 scribit
2081 4266 2149 4321 de
2177 4264 2397 4320 Christo
2434 4283 2445 4317 :
2488 4284 2505 4315 ι
2534 4263 2593 4317 In
2641 4264 2863 4333 pr0pria
2896 4264 3063 4325 venit,
3094 4273 3147 4318 et
3181 4264 3266 4317 sui
3304 4277 3429 4316 eum

1855 4373 1968 4410 non
2000 4362 2327 4425 receperunt
2358 4374 2370 4407 :
2406 4362 2682 4424 quotquot
2711 4362 2895 4406 autem
2931 4361 3255 4421 receperunt
3281 4366 3429 4417 eum,

1857 4444 2005 4499 dedit
2052 4446 2133 4501 eis
2190 4453 2513 4513 potestatem
2560 4444 2703 4495 lilios
2740 4442 2832 4495 Dei
2875 4441 3009 4505 fieri,
3061 4442 3144 4493 his
3177 4441 3267 4509 qui
3309 4457 3431 4493 cre-

1856 4539 1998 4592 dunt
2050 4539 2104 4591 in
2159 4540 2379 4590 nomine
2433 4536 2600 4603 ejus:
2635 4535 2728 4604 qui
2783 4550 2893 4588 non
2940 4550 3003 4587 ex
3043 4534 3429 4603 s:mguinibus,

1857 4644 2034 4698 neque
2054 4644 2123 4683 ex
2146 4629 2431 4683 voluntate
2456 4627 2661 4687 carnis,
2694 4640 2872 4693 neque
2901 4641 2967 4679 ex
2994 4625 3277 4679 voluntate
3304 4625 3430 4685 viri,

1855 4721 1949 4777 sed
1982 4737 2050 4776 ex
2080 4720 2192 4774 Deo
2227 4722 2341 4773 nati
2378 4728 2512 4774 sunt
2542 4720 2608 4772 ⁸⁸.
2641 4738 2657 4769 ι
2703 4718 3050 4772 Manifestum
3086 4724 3173 4772 est
3214 4720 3433 4771 cunctis

1855 4815 2025 4884 igitur
2071 4829 2166 4868 eas
2216 4813 2454 4867 maxime
2502 4814 2574 4867 ob
2622 4828 2825 4867 causas
2877 4812 3256 4881 Unigenitum,
3305 4827 3429 4863 cum

158 4921 259 4961 τος
297 4904 522 4975 σαρκὸς,
552 4905 671 4958 οὐδὲ
716 4907 779 4958 ὲκ
810 4906 1112 4976 θελήματος
1141 4907 1353 4979 ἀνδρὸς,
1377 4908 1493 4961 ἀλλ’
1522 4911 1584 4961 ὲκ
1613 4910 1748 4963 Θεοῦ

1865 4908 2000 4961 Deus
2033 4906 2105 4959 sit
2129 4915 2181 4959 et
2208 4920 2273 4958 ex
2308 4904 2416 4958 Deo
2444 4904 2745 4959 secundum
2783 4911 3036 4955 naturam
3065 4903 3319 4969 exsistat,
3347 4902 3430 4955 fa-

160 4996 557 5066 ἐγεννήθησαν.
599 5015 617 5046 ι
656 4997 928 5068 Πρόδηλον
956 4994 1047 5051 οῦν
1076 4998 1185 5069 ἄρα
1229 5000 1322 5051 καὶ
1356 5000 1542 5063 πᾶσιν,
1570 4994 1746 5070 οἶμαι,

157 5088 420 5155 διαφανὲς
454 5090 534 5141 ὅτι
567 5088 772 5141 τούτων
800 5088 963 5141 ἕνεκα
1007 5088 1072 5159 δὴ
1123 5088 1353 5158 μάλιστα
1384 5088 1492 5141 τῶν
1538 5091 1747 5153 αἰτιῶν,

160 5181 302 5242 Θεὸς
331 5180 425 5233 καὶ
461 5182 525 5231 ὲκ
565 5178 699 5231 Θεοῦ
759 5180 900 5233 κατὰ
940 5181 1101 5249 φύσιν
1152 5182 1431 5253 ὑπάρχων,
1467 5182 1751 5253 ἄνθρωπος

162 5272 391 5338 γέγονεν
430 5274 461 5325 6
504 5273 834 5343 Μονογενὴς,
873 5274 957 5327 ἵνα
1000 5273 1237 5344 δηλονότι
1295 5274 1599 5345 κατακρίνη
1653 5274 1749 5343 μὲν

162 5364 267 5432 τὴν
314 5365 585 5435 ἁμαρτίαν
620 5367 675 5416 ἐν
705 5368 774 5435 τῇ
827 5368 1007 5436 σαρκὶ,
1044 5367 1295 5439 νεκρώσῃ
1323 5366 1379 5419 δὲ
1403 5367 1479 5436 τῷ
1512 5365 1626 5434 ἰδίῳ
1657 5365 1750 5417 θα-

162 5459 317 5527 νάτῳ
358 5457 449 5509 τὸν
476 5456 727 5523 θάνατον,
780 5458 873 5510 καὶ
919 5460 1069 5521 υἱοὺς
1106 5460 1252 5529 ἡμᾶς
1282 5458 1541 5531 ἀποδείξῃ
1588 5458 1745 5519 Θεοῦ,

163 5549 308 5617 πρὸς
336 5548 396 5601 τὸ
422 5549 564 5619 ὑπὲρ
590 5549 751 5617 φύσιν
779 5550 995 5619 ἀξίωμα
1024 5552 1150 5613 τοὺς
1193 5550 1352 5614 ὄντας
1388 5551 1480 5603 ἐπὶ
1518 5551 1615 5620 τῆς
1648 5553 1750 5620 γῆς

162 5641 542 5709 ἀναγεννήσας
605 5642 665 5691 ἐν
713 5639 1009 5709 Πνεῦματι.
1049 5637 1158 5693 Ἦν
1215 5642 1322 5711 γὰρ
1374 5641 1587 5712 δήπου,
1659 5642 1750 5693 καὶ

1857 5008 2004 5052 ctum
2033 5013 2156 5052 esse
2197 4997 2492 5060 hominem,
2527 5008 2583 5050 ut
2617 4997 2875 5050 nimirum
2906 4995 3198 5049 damnaret
3231 5012 3427 5064 pecea-

1858 5096 1973 5141 tum
2021 5088 2073 5141 in
2121 5102 2286 5139 carne
2330 5096 2385 5139 et
2430 5095 2603 5139 morte
2644 5102 2739 5140 sua
2801 5095 3033 5139 mortem
3096 5086 3426 5145 destrueret,

1859 5197 2070 5249 nosque
2121 5180 2212 5231 Dei
2262 5180 2403 5233 ﬁlios
2442 5179 2702 5245 ediceret,
2735 5194 2800 5232 ex
2838 5186 3055 5232 terrena
3104 5176 3429 5230 conditione

1858 5279 2215 5341 regeneratos
2246 5272 2300 5324 in
2336 5269 2567 5340 Spiritu.
2597 5269 2710 5324 [loc
2750 5272 2896 5323 enim
2944 5268 3132 5337 utique
3167 5267 3330 5322 modo
3366 5268 3431 5319 li-

1860 5366 2017 5420 cebat
2064 5364 2381 5417 instaurare
2413 5371 2468 5416 et
2499 5362 2551 5417 in
2592 5362 2881 5433 pristinum
2929 5370 3130 5415 statum
3171 5375 3431 5414 revocare

1861 5459 2075 5527 lapsum
2125 5472 2299 5525 genus
2333 5454 2639 5509 hominum.
2679 5453 2894 5507 Rursus
2937 5468 3267 5522 unaquaque
3300 5467 3433 5505 cau-

1859 5565 2044 5603 sarum
2069 5550 2294 5604 istarum
2330 5546 2383 5599 in
2420 5545 2600 5600 medio
2629 5548 2861 5616 prolata,
2887 5554 3255 5599 consentanea
3287 5560 3433 5614 quae-

1857 5642 1982 5695 dam
2009 5641 2279 5695 dicamus.

168 5732 321 5803 μάλα
346 5731 544 5796 καλῶς,
573 5732 714 5785 κατά
750 5734 958 5789 τουτον).
994 5735 1088 5786 τὸν
1122 5734 1318 5803 τρόπον
1351 5732 1933 5801 ἀνακεφαλαιώσασθαι
2008 5734 2169 5785 πάλιν
2219 5734 2309 5785 καὶ
2361 5734 2439 5787 εἰς
2504 5731 2569 5786 τὸ
2605 5732 2826 5798 ἀρχαῖον
2897 5727 3185 5782 ἀναλαϐειν
3250 5743 3309 5779 το
3355 5725 3429 5779 δι-

241 5843 288 5874 ⁸³
321 5840 521 5913 Ephes.
551 5861 588 5910 ι,
630 5847 711 5900 10.
797 5849 839 5877 ⁸³
874 5846 1029 5903 Rom.
1070 5865 1187 5913 vm,
1223 5850 1274 5913 5,
1320 5851 1361 5903 ἱ.

1440 5851 1484 5883 ⁸³
1519 5848 1680 5905 Hebr.
1722 5866 1779 5911 tl,
1820 5850 1902 5911 Η,
1944 5850 2023 5903 15.
2102 5850 2145 5877 ⁸⁸
2187 5847 2341 5900 ,Ικιιιιισ
2388 5865 2420 5910 I,
2461 5848 2642 5899 ll—l'5.
