3892 6202
446 339 556 396 975

1442 335 1498 390 S.
1539 327 1813 390 CYRILLI
1855 336 2321 395 ALEXANDRINI
2361 341 2678 398 ARCHIEP.

3598 345 3706 399 276

443 450 737 521 ολισθῆσαν
770 448 946 536 γένος,
971 447 1115 501 τοῦτ’
1161 446 1275 500 ἔστι
1323 446 1384 500 τὸ
1432 447 1792 519 ἀνθρώπινον.
1836 448 2003 502 Πάλιν
2060 450 2296 522 ἑκάστην
2330 452 2580 525 τῷλόγῳ
2609 454 2945 525 παραθέντες
2973 455 3081 508 τῶν
3113 455 3312 526 ἀρτίως
3361 455 3491 526 ἡμῖν
3550 458 3675 526 εἰρη

448 547 623 618 μένων
644 543 853 609 αἰτιῶν,
881 544 967 596 ἐπ’
990 545 1126 614 αὐτῇ
1153 542 1222 596 τὰ
1245 544 1432 597 εἰκότα
1459 541 1725 614 λέγωμεν.

516 647 882 718 Quaerendum
924 657 1038 714 quo
1085 652 1245 714 pacto
1297 643 1716 716 intelligendum
1763 646 1834 702 sit
1875 644 2024 716 quod

2197 639 2322 705 Πῶς
2351 643 2457 715 γὰρ
2497 643 2564 698 ἂν
2609 645 2702 698 καὶ
2753 644 2952 716 πρέποι
2997 649 3134 700 νοεῖν
3167 647 3424 716 ζητητέον
3460 648 3541 701 ὅτι
3573 666 3706 702 κατ-

444 743 726 801 damnavit
755 746 1039 811 peccatum
1069 738 1121 791 in
1153 752 1343 801 carne,
1377 738 1546 792 misso
1574 737 1714 794 Filio
1737 753 1838 793 suo
1885 737 2026 791 Deus

447 852 510 892 ac
561 834 725 890 Pater
771 833 825 887 in
882 829 1300 886 similitudinem
1359 831 1552 886 carnis
1605 831 1840 902 peccati.
1892 830 2026 885 Eum

446 929 668 998 quippe,
704 923 922 978 tametsi
955 920 1100 976 Deus
1140 921 1213 976 sit
1249 922 1554 976 secundum
1587 931 1840 977 naturam
1875 931 1929 978 et
1958 938 2025 977 ex

446 1021 567 1090 ejus
602 1017 914 1074 substantia
958 1016 1205 1085 genitus,
1245 1028 1309 1068 ac
1349 1013 1853 1069 immutabilitatem
1898 1031 2027 1084 pro-

447 1111 695 1182 prietatis
716 1108 838 1176 ejus
861 1106 1190 1161 naturaliter
1211 1105 1432 1166 habeat,
1457 1107 1797 1177 proindeque
1820 1109 1874 1161 in
1903 1124 2029 1177 pec-

445 1216 629 1262 catum
656 1204 762 1257 labi
785 1217 1013 1272 prorsus
1034 1201 1265 1265 nesciat,
1285 1209 1379 1254 aut
1401 1202 1454 1255 in
1481 1201 1674 1256 vitium
1702 1200 2023 1266 deﬂectere,

447 1299 502 1352 in
525 1305 808 1366 peccatum
832 1305 1014 1348 tamen
1035 1293 1189 1347 carni
1215 1294 1526 1363 subjectum
1544 1294 1877 1350 descendere
1901 1294 2029 1350 fecit

446 1390 616 1452 ultro,
645 1400 704 1443 ut
739 1389 915 1458 ipsam
945 1402 1167 1442 carnem
1203 1401 1356 1442 suam
1394 1386 1643 1442 eﬂ'ectam
1684 1387 1750 1441 ad
1783 1388 2029 1459 proprie-

446 1488 616 1535 tatem
665 1495 826 1536 suam
867 1477 1219 1539 transferret,
1263 1477 1316 1531 id
1361 1487 1446 1532 est
1499 1478 1710 1548 peccati
1750 1489 2026 1535 exsortem

448 1572 674 1628 faceret.
696 1571 807 1626 Nec
836 1573 982 1626 enim
1019 1570 1485 1634 existimabimus,
1504 1570 1550 1624 si
1583 1586 1738 1626 mens
1766 1587 1900 1626 sana
1929 1588 2027 1627 no-

447 1664 534 1720 bis
579 1664 672 1728 sit,
700 1663 1060 1733 Unigenitum
1097 1660 1302 1716 factum
1341 1677 1466 1717 esse
1498 1663 1807 1728 hominem,
1833 1672 1892 1717 ut
1926 1679 2028 1719 suo

447 1756 655 1827 templo
693 1756 870 1811 solum
922 1754 976 1808 id
1024 1761 1349 1824 praestaret:
1401 1755 1679 1824 quomodo
1719 1756 1864 1811 enim
1909 1755 2028 1824 ejus

450 1845 718 1900 adventus
758 1845 822 1898 ad
856 1861 959 1899 nos
996 1843 1405 1914 magnificentia
1447 1851 1501 1898 et
1544 1844 1758 1899 utilitas
1797 1855 2026 1916 pateret,

451 1936 496 1989 si
523 1951 684 1988 suum
718 1935 985 1988 duntaxat
1017 1949 1224 2002 corpus
1257 1935 1577 1988 servasset?
1611 1935 1704 1990 sed
1740 1936 2027 1992 credemus

451 2029 638 2098 potius
674 2027 1030 2098 Unigenitum
1080 2025 1284 2080 factum
1328 2043 1452 2082 esse
1493 2028 1790 2096 hominem,
1829 2041 1888 2085 ut
1933 2033 2025 2100 qui

450 2131 661 2174 natura:
685 2119 954 2174 universae
985 2135 1080 2188 per
1109 2119 1353 2188 seipsum
1387 2128 1441 2173 et
1463 2120 1623 2189 821
1656 2121 1710 2175 in
1737 2137 1796 2177 se
1827 2123 2024 2191 primo,

449 2213 600 2267 velut
648 2212 704 2266 in
754 2212 1014 2282 primitiis
1087 2211 1451 2268 humanitatis
1503 2214 1646 2267 bona
1706 2214 2026 2269 vindicatu-

449 2319 546 2358 rus
574 2310 740 2359 esset.
781 2300 1264 2368 Quemadmodum
1315 2302 1461 2355 enim
1502 2319 1612 2356 non
1666 2313 1901 2358 mortem
1937 2319 2028 2358 so-

450 2396 588 2460 lum,
638 2395 735 2450 sed
791 2395 1082 2449 universas
1116 2394 1322 2460 carnis,
1352 2395 1642 2463 passiones
1701 2397 1877 2451 secuti
1936 2412 2029 2451 su.-

450 2502 601 2552 mus,
651 2488 818 2557 idque
853 2487 1013 2541 nobis
1045 2486 1101 2540 in
1131 2486 1574 2556 primohomine
1617 2487 1870 2557 contigit,
1899 2504 2025 2543 cum

451 2588 673 2651 propter
706 2579 1209 2648 prazvaricatiouem
1239 2585 1353 2630 tum
1387 2576 1630 2631 divinam
1675 2579 2020 2634 maledictio-

451 2687 577 2726 r.em
623 2685 637 2724 :
681 2670 896 2734 eodem,
950 2671 1146 2739 opinor
1177 2707 1192 2731 ,
1256 2667 1422 2722 modo
1479 2685 1777 2738 sequemur
1832 2685 2028 2735 omnes

449 2763 754 2824 Christum,
776 2771 1082 2816 servantem
1103 2759 1488 2828 multipliciter
1505 2773 1559 2816 et
1586 2761 2024 2817 sanctilicantem

450 2856 638 2909 carnis
695 2862 945 2908 naturam
995 2855 1050 2907 in
1107 2853 1313 2921 seipso.
1353 2852 1562 2910 Idcirco
1600 2854 1766 2908 etiam
1822 2853 2029 2910 Paulus

453 2948 633 3001 aiebat
672 2965 685 3000 :
728 2965 745 2996 ι
781 2946 845 3000 Ει
879 2946 1022 3002 sicut
1067 2948 1411 3018 portavimus
1463 2946 1755 3017 imaginem
1803 2947 2027 3011 terreni,

453 3046 736 3106 portemus
783 3046 837 3092 et
885 3039 1179 3109 imaginem
1232 3040 1474 3096 cmlestis
1500 3039 1567 3094 ⁸⁷.
1598 3058 1615 3090 ι
1653 3038 1839 3108 Imago
1882 3040 2028 3093 enim

452 3129 682 3192 terreni,
717 3130 821 3184 hoc
849 3140 935 3186 est
967 3131 1158 3187 Adami
1179 3176 1192 3197 ,
1221 3142 1306 3188 est
1334 3134 1388 3186 in
1425 3131 1776 3202 passionibus
1815 3141 1872 3186 et
1905 3148 2032 3187 cor-

453 3224 711 3293 ruptione
746 3225 952 3280 versari
1004 3243 1016 3277 :
1065 3228 1246 3296 imago
1290 3235 1474 3280 autem
1527 3225 1791 3291 cmlestis,
1841 3224 1899 3280 id
1949 3233 2034 3280 est

2129 733 2309 805 έκρινε
2339 735 2435 806 τὴν
2465 736 2738 808 ἁμαρτίαν
2769 739 2826 790 ἐν
2858 740 2922 809 τῇ
2965 738 3147 808 σαρκὶ,
3189 739 3407 809 πέμψας
3438 739 3528 793 τὸν
3574 740 3708 792 ἴδιον

2129 825 2256 879 Υίὺν
2289 827 2318 878 6
2342 827 2473 890 Θεὸς
2513 828 2606 881 καὶ
2634 828 2842 900 Πατὴρ,
2880 829 2938 883 ὲν
2968 828 3269 900 ὁμοιώματι
3301 831 3499 901 σαρκὸς
3527 832 3709 902 ἀμαρ-

2127 917 2266 982 τίας.
2299 918 2431 971 Θεὸν
2471 920 2578 990 γὰρ
2622 919 2750 972 ὅντα
2789 920 2929 974 κατά
2965 917 3125 988 φύσιν
3167 923 3260 974 καὶ
3295 924 3358 974 ὲκ
3393 922 3490 992 τῆς
3519 924 3710 986 οὐσίας

2127 1009 2291 1063 αὑτοῦ
2337 1012 2632 1080 πεφηνότα,
2682 1014 2775 1066 καὶ
2821 1013 2883 1067 τὸ
2933 1013 3202 1084 ἄτρεπτον
3233 1013 3423 1084 ἔχοντα
3461 1017 3709 1083 φυσικῶς

2127 1101 2223 1170 τῆς
2255 1101 2513 1173 ἰδιότητος
2552 1103 2738 1170 αὑτοῦ,
2777 1105 2866 1159 διά
2908 1123 2967 1160 τε
3005 1105 3161 1159 τοῦτο
3190 1109 3264 1178 μὴ
3294 1108 3468 1162 εἰδότα
3510 1127 3712 1163 παντε-

2127 1193 2233 1258 λῶς
2268 1194 2329 1248 τὸ
2361 1195 2643 1250 διολισθεῖν
2685 1199 2763 1260 εἰς
2805 1199 3100 1270 ἁμαρτίαν,
3143 1200 3308 1270 ᾗγουν
3357 1201 3705 1271 παρατρέπε-

2130 1285 2254 1338 σθαί
2286 1303 2375 1339 ποι
2409 1287 2545 1356 πρὸς
2565 1287 2624 1341 τὸ
2653 1289 2727 1361 μὴ
2759 1289 2879 1359 ἔχον
2908 1290 3104 1362 ὀρθῶς,
3125 1294 3203 1355 εἰς
3246 1291 3343 1364 τὴν
3372 1292 3706 1347 ὑποπίπτου-

2130 1393 2228 1429 σαν
2268 1380 2334 1448 τῇ
2393 1379 2558 1450 σαρκί⁹
2608 1380 2882 1451 ἁμαρτίαν
2947 1382 3246 1453 καταϐῆναι
3297 1383 3705 1455 παρεσκεύασεν

2127 1474 2384 1538 ἐθελοντὶ,
2413 1475 2498 1528 ἵνα
2529 1476 2661 1529 ἰδίαν
2707 1478 2878 1548 αὐτὴν
2926 1478 3291 1549 ποιησάμενος
3334 1480 3531 1551 σάρκα,
3572 1482 3707 1553 πρὸς

2126 1565 2188 1617 τό
2217 1565 2343 1618 ἴδιον
2368 1567 2530 1620 αὑτοῦ
2561 1568 2654 1621 καὶ
2682 1569 2907 1636 φυσικὸν
2941 1572 3274 1643 μεταστήσῃ,
3300 1570 3445 1624 τοῦτ’
3474 1572 3613 1637 ἔστι,
3645 1572 3707 1626 τὸ

2131 1658 2205 1729 μὴ
2240 1659 2592 1728 ἁμαρτάνειν.
2627 1660 2701 1713 Οὐ
2734 1661 2843 1733 γὰρ
2909 1662 3080 1728 δήπου
3117 1662 3523 1735 διακεισόμεθα,
3575 1683 3708 1736 φρο-

2129 1748 2345 1812 νοῦντες
2393 1750 2588 1822 ὀρθῶς,
2627 1752 2710 1806 ὅτι
2743 1752 2806 1822 δὴ
2851 1752 2996 1823 μόνῳ
3039 1752 3115 1824 τῷ
3166 1755 3352 1826 οἰκείῳ
3391 1757 3506 1826 ναῷ
3553 1756 3707 1810 τοῦτο

2129 1841 2488 1910 κατορθώσων
2513 1843 2734 1911 γέγονεν
2750 1843 3034 1916 ἄνθρωπος
3061 1844 3089 1896 6
3111 1846 3440 1917 Μονογενής.
3456 1847 3567 1900 Ποῦ
3598 1848 3705 1918 γὰρ

2131 1931 2197 1986 ἂν
2245 1933 2381 1995 ὅλως
2433 1932 2606 2004 ὁρῷτο
2651 1935 2748 2006 τῆς
2797 1935 2872 1999 ὼς
2925 1938 3074 2006 ἡμᾶς
3109 1936 3342 2007 ἀφίξεως
3384 1939 3444 1992 τὸ
3481 1940 3708 2009 μεγαλο-

2135 2024 2338 2094 πρεπὲς
2369 2024 2463 2077 καὶ
2491 2025 2786 2096 ὠφέλιμον,
2820 2029 2867 2080 εἰ
2901 2027 3060 2098 μόνον
3091 2030 3152 2082 τὸ
3192 2031 3384 2083 ἑαυτοῦ
3414 2031 3709 2086 διεσώσατο

2135 2117 2329 2185 σῶμα;
2370 2117 2728 2188 πιστεύσομεν
2755 2120 2811 2172 δὲ
2851 2121 3047 2192 μᾶλλον
3075 2121 3150 2186 ὡς
3195 2123 3290 2193 ὅλῃ
3336 2126 3403 2194 τῇ
3451 2124 3608 2194 φύσει
3641 2125 3709 2178 δι⁹

2135 2205 2348 2266 ἑαυτοῦ,
2373 2206 2466 2258 καὶ
2492 2207 2550 2258 ἐν
2583 2207 2731 2277 αὺτῷ
2756 2207 2976 2280 πρώτῳ,
3005 2210 3255 2281 καθάπερ
3276 2213 3333 2264 ὲν
3363 2212 3581 2284 ἁπαρχῇ
3612 2217 3710 2282 τῆς

2133 2299 2549 2369 ἁνθρωπότητος
2591 2302 2958 2371 περιποιήσων
2996 2303 3065 2356 τὰ
3117 2304 3320 2373 ἀγαθὰ,
3347 2304 3538 2374 γέγονε
3586 2307 3708 2360 καθ’

2133 2393 2280 2461 ἡμᾶς
2328 2392 2356 2443 6
2412 2394 2743 2465 Μονογενὴς.
2783 2394 2994 2465 Ὥσπερ
3045 2396 3153 2466 γὰρ
3199 2397 3319 2466 οὐχὶ
3363 2396 3441 2467 τῷ
3497 2397 3711 2468 θανάτῳ

2137 2483 2318 2552 μόνον,
2370 2482 2484 2536 ἀλλ’
2533 2483 2674 2549 ὅλοις
2723 2485 3166 2558 ἠκολουθήσαμέν
3216 2491 3328 2553 τοῖς
3370 2491 3565 2544 πάθεσι
3613 2494 3710 2560 τῆς

2137 2576 2358 2646 σαρκὸς,
2385 2578 2441 2629 ὲν
2470 2576 2546 2646 τῷ
2575 2575 2775 2648 πρώτῳ
2803 2578 2963 2632 τοῦτο
3011 2580 3273 2646 παθόντες
3303 2581 3596 2654 ἀνθρώπῳ,
3623 2584 3712 2637 διά

2134 2683 2195 2718 τε
2248 2667 2346 2736 τὴν
2392 2665 2703 2737 παράϐασιν
2756 2669 2848 2721 καὶ
2893 2668 2990 2740 τὴν
3037 2669 3186 2724 θείαν
3233 2673 3400 2744 ἀράν·
3451 2673 3591 2726 κατὰ
3620 2674 3712 2726 τὸν

2137 2757 2320 2821 αὐτὸν,
2349 2753 2520 2828 οἶμαι,
2547 2759 2748 2828 τρόπον
2781 2760 3021 2831 ἑψόμεθα
3051 2763 3361 2834 σύμπαντες
3392 2766 3468 2836 τῷ
3494 2767 3712 2837 Χριστῷ

2135 2851 2452 2916 διασώζοντι
2488 2853 2839 2922 πολυτρόπως
2888 2855 2982 2908 καὶ
3010 2857 3287 2923 άγιάζοντι
3319 2857 3416 2930 τὴν
3452 2858 3552 2929 τῆς
3585 2876 3712 2929 σαρ-

2139 2945 2233 3009 κὸς
2262 2945 2421 3014 φύσιν
2447 2947 2504 2998 ὲν
2525 2945 2720 3017 ἐαυτῷ.
2755 2949 2844 3000 Διὸ
2873 2950 2962 3002 καὶ
2985 2951 3013 3002 ὁ
3045 2950 3254 3014 Παῦλος
3279 2950 3481 3020 ἔφασκε
3501 2969 3515 2982 ⁸
3553 2972 3572 3006 ι
3604 2955 3715 3008 Καὶ

2139 3036 2321 3100 καθὼς
2353 3037 2694 3107 ὲφορέσαμεν
2739 3037 2838 3109 τὴν
2875 3039 3058 3094 εἰκόνα
3099 3041 3192 3095 τοῦ
3237 3043 3440 3113 χοϊκοῦ,
3470 3044 3713 3115 φορέσω-

2141 3150 2241 3202 μεν
2288 3133 2382 3185 καὶ
2433 3131 2530 3204 τὴν
2581 3132 2764 3186 εἰκόνα
2820 3132 2912 3187 τοῦ
2965 3135 3311 3206 ἐπουρανίου.
3346 3155 3364 3186 ι
3400 3135 3575 3190 Εἰκὼν
3609 3136 3715 3210 γὰρ

2139 3226 2230 3279 τοῦ
2255 3225 2462 3295 χοϊκοῦ,
2492 3223 2636 3277 τοῦτ’
2664 3224 2812 3278 ἔστιν
2840 3225 3027 3295 Ἀδὰμ,
3057 3227 3118 3280 τὸ
3150 3229 3207 3280 ἐν
3235 3227 3430 3282 πάθεσι
3463 3230 3716 3298 γενέσθαι

452 3315 681 3380 Christi,
713 3328 796 3371 est
833 3316 1120 3375 affectibus
1149 3329 1204 3374 et
1227 3320 1588 3390 corruptione
1617 3333 1850 3374 vacuum
1883 3335 2027 3374 esse.

2142 3319 2236 3371 καὶ
2285 3316 2494 3387 φθορᾷ·
2551 3315 2715 3369 εἰκὼν
2763 3317 2820 3369 δὲ
2873 3315 2966 3370 τοῦ
3015 3319 3358 3390 ἐπουρανίου,
3402 3319 3547 3374 τοῦτ’
3602 3321 3717 3373 ἔστι

453 3409 746 3463 Damnavit
793 3410 958 3480 igitur
990 3419 1276 3481 peccatum
1311 3413 1366 3467 in
1397 3427 1497 3467 sua
1533 3426 1719 3474 carne,
1757 3410 1902 3466 Deus
1937 3425 2033 3466 ex-

453 3502 658 3556 sistens
690 3503 990 3557 secundum
1026 3512 1306 3568 naturam,
1349 3503 1613 3569 Verbum,
1645 3503 1851 3572 jubens
1899 3503 2033 3558 illud

455 3606 680 3648 cessare
721 3601 775 3647 et
816 3592 882 3647 ad
932 3591 1027 3647 Dei
1056 3593 1400 3649 voluntatem
1438 3595 1619 3664 potius
1660 3609 1822 3663 quam
1877 3608 2032 3648 suam

456 3686 835 3749 conformans,
871 3693 1034 3756 atque
1062 3687 1136 3740 ita
1178 3702 1402 3756 corpus,
1437 3686 1675 3740 animale
1700 3700 1826 3740 cum
1865 3693 2033 3749 esset,

456 3777 638 3831 eﬂ‘ecit
677 3777 811 3831 illud
861 3778 1130 3848 spiritale.
1186 3777 1341 3834 Unus
1393 3778 1563 3849 igitur
1610 3777 2036 3832 instauratiouis

459 3870 550 3924 hic
584 3869 777 3925 modus
803 3881 886 3926 est
919 3890 931 3924 :
966 3871 1058 3926 sed
1085 3871 1222 3926 alter
1244 3871 1394 3927 subit
1418 3871 1654 3925 maxime
1677 3869 2034 3932 conveniens,

456 3976 524 4017 ac
578 3977 763 4016 rerum
828 3963 1235 4033 propositarum
1293 3962 1743 4034 contemplationi
1797 3962 2036 4018 debitus.

457 4053 810 4124 Propositum
864 4061 1043 4108 autem
1083 4061 1168 4108 est
1218 4052 1288 4108 de
1329 4064 1532 4108 aeterna
1573 4053 1683 4106 vita
1730 4051 1952 4116 dicere,
1985 4062 2040 4107 et

457 4147 657 4200 mortis
679 4143 1080 4209 destructione,
1105 4155 1158 4199 et
1182 4161 1293 4214 quo
1319 4153 1479 4214 pacto
1511 4160 1540 4198 a
1570 4155 1765 4198 natura
1796 4144 2036 4198 humana

457 4235 872 4305 corruptionem
942 4234 1272 4306 Unigenitus
1342 4237 1626 4290 averterit.
1703 4253 1722 4286 ι
1764 4233 2039 4300 Quoniam

457 4327 626 4398 igitur
665 4327 820 4398 pueri
864 4328 1354 4382 communicarunt
1399 4327 1555 4384 carni
1589 4335 1645 4381 et
1676 4327 1954 4398 sanguini,
1986 4335 2041 4383 et

457 4421 575 4488 ipse
621 4421 788 4475 simili
827 4420 996 4474 modo
1046 4419 1404 4489 participavit
1446 4419 1678 4482 eisdem,
1721 4427 1779 4472 ut
1809 4429 2039 4474 mortem

455 4513 771 4568 destrueret
793 4511 860 4576 ⁸⁸,
892 4529 911 4562 ι
951 4517 1006 4567 et
1047 4511 1142 4580 qui
1182 4528 1200 4560 ι
1227 4512 1437 4564 creavit
1488 4518 1548 4564 ut
1594 4519 1784 4568 essent
1828 4513 2039 4573 omnia,

455 4613 513 4660 et
540 4604 817 4660 salutares
841 4602 969 4658 fecit
998 4601 1378 4674 generationes
1411 4601 1622 4663 mundi,
1642 4620 1659 4652 ι
1692 4611 1751 4656 ιιι
1774 4603 2038 4673 scriptum

2138 3406 2394 3478 Χριστοῦ,
2447 3405 2508 3459 τὸ
2562 3406 2621 3459 ὲν
2668 3405 2906 3477 ἀπαθείᾳ
2956 3407 3206 3475 γενέσθαι
3265 3409 3359 3462 καὶ
3420 3409 3714 3481 ἀφθαρσίᾳ.

2137 3499 2438 3570 Κατέκρινε
2491 3497 2669 3551 τοίνυν
2715 3496 2814 3567 τὴν
2866 3498 3143 3569 ἁμαρτίαν
3185 3501 3242 3553 ὲν
3271 3501 3335 3570 τῇ
3375 3499 3483 3570 ἰδίᾳ
3531 3501 3718 3570 σαρκὶ,

2136 3591 2268 3654 Θεὸς
2303 3590 2564 3661 ὑπάρχων
2603 3590 2744 3644 κατὰ
2775 3590 2958 3660 φύσιν,
2998 3593 3026 3645 6
3075 3592 3268 3659 Λόγος,
3310 3592 3499 3663 ἀργεῖν
3532 3594 3721 3646 ἐπιτάο

2137 3684 2234 3752 ξας
2277 3683 2438 3754 αὐτῇ,
2469 3684 2562 3736 καὶ
2618 3683 3062 3756 μεταῤῥυθμίσας
3105 3684 3303 3754 μᾶλλον
3351 3686 3431 3749 εἰς
3459 3686 3521 3739 τὸ
3555 3689 3720 3740 κινεῖν

2138 3775 2264 3830 σθαι
2299 3775 2434 3847 πρὸς
2473 3775 2533 3828 τὸ
2571 3775 2762 3829 δοκοῦν
2795 3775 2872 3845 τῷ
2914 3775 3033 3845 Θεῷ
3062 3777 3156 3829 καὶ
3195 3777 3270 3847 μὴ
3318 3777 3452 3848 πρὸς
3485 3776 3548 3830 τὸ
3590 3777 3720 3830 ἴδιον

2136 3869 2217 3923 ἔτι
2247 3869 2486 3941 θέλημα’
2513 3867 2655 3922 οὕτω
2686 3887 2746 3922 τε
2776 3869 3002 3940 ψυχικὸν
3033 3871 3276 3940 ὑπάρχον
3303 3870 3363 3923 τὸ
3400 3869 3559 3940 σῶμα
3589 3888 3720 3923 κατ-

2132 3961 2404 4014 εσκεύασε
2449 3961 2836 4032 πνευματικόν.
2895 3957 2992 4026 Εἷς
3035 3962 3134 4033 μὲν
3176 3957 3268 4016 οὖν
3316 3963 3417 4033 τῆς
3446 3965 3721 4034 ἀνακεφα-

2139 4053 2416 4116 λαιώσεως
2456 4053 2636 4106 οὑτοσὶ
2678 4055 2900 4124 τρόποςο
2928 4055 2958 4107 ό
2997 4054 3053 4108 δὲ
3088 4056 3181 4108 καὶ
3215 4056 3448 4126 μάλιστα
3472 4057 3720 4127 πρέπων,

2140 4145 2235 4198 καὶ
2263 4146 2329 4215 τῇ
2356 4144 2468 4197 τῶν
2495 4145 2872 4214 προκειμένων
2897 4145 3100 4217 θεωρίᾳ
3121 4147 3584 4218 χρεωστούμενος,
3601 4150 3720 4218 μετ’

2139 4237 2345 4289 ἐκεῖνον
2376 4236 2708 4307 εἰσόήσεται.
2739 4238 3095 4309 Προκείσεται
3138 4238 3194 4290 δὲ
3238 4241 3412 4293 εἰπεῖν
3449 4241 3579 4312 περὶ
3623 4242 3724 4309 τῆς

2141 4325 2361 4379 αἰωνίου
2386 4324 2552 4396 ζωῆς,
2578 4327 2673 4379 καὶ
2700 4326 2801 4396 τῆς
2829 4326 2924 4380 τοῦ
2953 4326 3184 4381 θανάτου
3217 4329 3554 4401 νεκρώσεως,
3577 4331 3723 4394 ὅπως

2140 4436 2200 4472 τε
2231 4418 2332 4488 τῆς
2364 4419 2709 4490 ἀνθρωπείας
2743 4418 2959 4488 φύσεως
2990 4419 3086 4491 τὴν
3116 4423 3180 4474 ὲκ
3228 4423 3327 4494 τῆς
3360 4422 3723 4491 παραϐάσεως

2143 4510 2348 4581 φθοράν
2396 4511 2702 4581 ἀπέστησεν
2738 4513 2766 4564 ό
2804 4512 3136 4584 Μονογενής.
3175 4533 3194 4565 ι
3231 4514 3441 4569 Οὐκοῦν
3495 4517 3724 4587 ἐπείπερ

2141 4603 2212 4657 τὰ
2260 4603 2446 4657 παιδία
2492 4603 2889 4675 κεκοινώνηκεν
2943 4605 3178 4676 αἵματος
3239 4607 3334 4660 καὶ
3375 4607 3598 4677 σαρκὸς,
3631 4608 3723 4660 καὶ

457 4703 545 4752 est
561 4696 633 4759 ",
656 4704 711 4750 et
740 4711 924 4750 rerum
956 4694 1188 4748 formam
1222 4693 1277 4748 in
1297 4694 1594 4764 pristinum
1633 4702 1839 4750 statum
1859 4696 2030 4750 denuo

2145 4693 2306 4756 αὐτὸς
2336 4693 2729 4764 παραπλησίως
2753 4695 2981 4764 μετέσχε
3010 4694 3119 4749 τῶν
3142 4693 3342 4757 αὐτῶν,
3368 4694 3458 4748 ἵνα
3477 4695 3725 4765 νεκρώσῃ

459 4797 768 4844 revocaret.
802 4788 868 4842 Et
893 4787 1174 4843 curiosius
1207 4787 1428 4856 quidem
1465 4801 1630 4856 quam
1673 4795 1912 4856 oportet,
1945 4804 2041 4843 ne-

459 4882 706 4938 cessario
737 4890 919 4937 tamen
951 4881 1018 4936 de
1063 4881 1293 4948 antiquo
1340 4890 1537 4936 nostro
1572 4887 1720 4934 statu
1765 4881 1931 4936 verba
1960 4881 2040 4935 l'a-

459 4975 694 5029 ciemus.
725 4973 894 5029 Recte
920 4973 1122 5043 quippe
1152 4971 1284 5040 quid
1328 4971 1740 5026 observandum
1775 4973 1847 5026 sit
1886 4986 2041 5026 cotu-

461 5067 625 5138 plecti
659 5066 819 5132 velle,
852 5065 1085 5136 pigritiae
1123 5065 1325 5133 probro
1356 5066 1547 5134 utique
1585 5063 1826 5118 vacabit.

2147 4785 2238 4838 τὸν
2291 4785 2540 4849 θάνατον,
2581 4805 2599 4837 ι
2638 4785 2730 4838 καὶ
2777 4787 2806 4837 ὁ
2861 4803 2878 4833 ι
2939 4787 3132 4850 κτίσας
3179 4785 3259 4850 εἰς
3304 4785 3610 4858 ἀφθαρσίαν
3659 4788 3727 4840 τά

2149 4883 2346 4945 πάντα,
2393 4881 2488 4934 καὶ
2539 4881 2841 4952 σωτηρίους
2884 4881 3171 4946 ἀποδείξας
3218 4881 3317 4944 τὰς
3345 4883 3590 4951 γενέσεις
3631 4882 3727 4935 τοῦ

2148 4973 2375 5042 κόσμου,
2412 4991 2429 5022 ι
2459 4971 2599 5024 κατὰ
2642 4972 2703 5025 τὸ
2745 4975 3151 5043 γεγραμμένον,
3199 4973 3520 5046 μεταπλάσῃ
3565 4974 3728 5029 πάλιν

2147 5063 2256 5116 τῶν
2286 5064 2623 5134 πραγμάτων
2651 5063 2712 5117 τὸ
2749 5064 2936 5134 σχῆμα
2965 5064 3098 5134 πρὸς
3125 5065 3187 5116 τὸ
3213 5065 3459 5135 ἀρχαῖον.
3495 5065 3604 5118 Καί
3636 5083 3730 5135 μοι

461 5162 624 5217 πάλιν
651 5161 860 5229 ὁλόγος
889 5160 1308 5230 περιεργότερον
1339 5158 1459 5229 μὲν,
1511 5159 1656 5229 ἥπερ
1689 5159 1880 5228 ἐχρῆν,
1922 5159 2241 5227 ἀναγκαίως
2287 5158 2332 5211 δ’
2380 5154 2472 5212 οὖν
2544 5158 2695 5228 ὅμως
2751 5160 3117 5229 προϐλήσεται
3183 5158 3295 5230 [γρ.
3345 5159 3729 5233 massam},

461 5254 560 5324 τὴν
582 5252 691 5306 τῶν
717 5250 837 5305 καθ’
865 5253 1010 5322 ἡμᾶς
1039 5251 1373 5321 ἀρχαιότητα
1400 5250 1785 5321 παραδεικνύς.
1811 5251 1885 5303 Τὸ
1948 5251 2076 5320 γὰρ,
2148 5247 2303 5320 οἶμαι
2329 5291 2343 5314 ,
2406 5251 2859 5321 περιδράττεσθαι
2921 5250 3028 5304 τῶν
3087 5249 3458 5322 θεωρημάτων
3518 5250 3733 5306 ἐθέλειν

463 5349 658 5422 ὀρθῶς,
707 5348 816 5401 τῶν
865 5347 926 5411 ἐξ
967 5346 1125 5400 ὅκνου
1178 5345 1537 5416 πταισμάτων
1577 5347 1872 5416 ἀμοιρήσει
1915 5347 2218 5409 παντελῶς.

535 5442 760 5498 Factum
788 5448 875 5497 est
903 5441 1072 5512 igitur
1099 5441 1335 5495 rationis
1365 5455 1595 5511 compos
1621 5440 1754 5494 illud
1793 5441 1999 5495 animal
2023 5483 2030 5506 ,

2222 5440 2520 5511 Πεποίηται
2565 5441 2744 5494 τοίνυν
2794 5440 2945 5494 τουτὶ
2985 5440 3046 5494 τὸ
3093 5439 3309 5508 λογικὸν
3351 5439 3444 5492 ἐπὶ
3485 5438 3588 5509 τῆς
3628 5438 3734 5508 γῆς

465 5533 652 5595 homo,
671 5534 918 5602 inquam,
939 5547 966 5584 a
1002 5532 1297 5602 principio,
1316 5533 1382 5587 ad
1410 5521 1693 5586 Creatoris
1724 5534 2030 5602 imaginem,

2148 5533 2306 5597 ζῶον,
2339 5534 2482 5603 φημὶ
2517 5533 2580 5603 δὴ
2622 5535 2712 5586 τὸν
2745 5535 3051 5604 ἄνθρωπον,
3083 5533 3141 5599 ἐξ
3173 5535 3367 5604 ἀρχῆς.
3401 5532 3522 5585 κατ’
3545 5532 3737 5584 εἰκόνα

462 5621 621 5694 juxta
671 5623 986 5693 Scripturas
1027 5625 1092 5678 ’°.
1132 5622 1197 5676 Et
1251 5625 1394 5677 ratio
1435 5624 1654 5678 diversa
1698 5623 1920 5693 quidem
1955 5635 2030 5679 esl

2146 5626 2240 5678 τοῦ
2277 5626 2594 5690 Κτίσαντος,
2629 5627 2769 5680 κατὰ
2797 5628 2893 5691 τὰς
2925 5627 3162 5699 Γραφάς.
3200 5627 3310 5681 Καὶ
3346 5625 3600 5695 διάςρορος
3633 5623 3737 5693 μὲν

539 5801 586 5836 ⁸⁷
617 5801 638 5858 ι
665 5805 790 5862 Cor.
824 5825 911 5874 xv,
951 5806 1036 5864 49.
1118 5805 1162 5838 ⁸⁸
1204 5808 1374 5866 llcbr.
1413 5827 1474 5878 ιι,
1508 5815 1592 5869 Η.
1671 5813 1712 5843 ⁸⁸
1759 5812 1884 5883 Sap.
1923 5827 1961 5879 ι,
2006 5812 2022 5864 l

2164 5814 2210 5844 9°
2252 5813 2384 5869 Gen.
2427 5829 2466 5877 ι,
2496 5811 2586 5866 26.
