3892 6202
198 291 304 346 277

200 495 339 549 ἀλλὰ
367 497 505 552 κατὰ
532 498 793 563 πολλούς’
822 502 988 573 μέρος
1024 520 1087 571 γε
1126 503 1232 575 μὴν
1255 504 1313 558 τὸ
1335 505 1443 558 τῶν
1472 504 1646 559 ἄλλων
1680 506 1782 576 μά·-

206 596 361 640 Αιστα
400 586 825 656 διαφανέστατον
860 594 959 663 τῆς
1004 595 1141 665 πρὸς
1186 595 1277 649 τὸν
1316 598 1619 668 ποιήσαντα
1649 597 1784 649 Θεὸν

207 679 521 749 ἐμφερείας,
564 680 625 733 τὸ
655 682 929 753 ἄφθαρτον
978 687 1071 739 καὶ
1122 686 1444 759 ἀνώλεθρον.
1492 687 1629 740 Ἀλλ’
1686 689 1786 741 οὐκ

208 766 291 831 ἣν,
325 763 501 839 οἶμαι,
526 771 653 823 ποτὲ
684 771 817 842 πρὸς
840 772 901 826 τὸ
924 774 1096 840 οὕτως
1125 775 1267 847 ἔχειν
1284 778 1542 832 δύνασθαι
1570 779 1628 831 τὸ
1647 778 1785 844 ζῶον

209 859 500 930 ἐξήρκεσεν
539 860 736 931 ἐαυτῷ,
787 864 930 917 κατά
990 882 1053 933 γε
1105 867 1197 921 τὸν
1248 871 1348 939 τῆς
1398 869 1533 933 ἰδίας
1572 868 1787 939 φύσεως

211 949 384 1016 λόγον.
413 948 538 1013 Πῶς
563 950 671 1021 γὰρ
708 951 775 1006 ἂν
810 954 838 1005 6
875 955 982 1007 ἀπὸ
1014 955 1117 1024 γῆς
1148 958 1205 1010 ἐν
1239 958 1343 1028 ἰδίᾳ
1392 958 1551 1028 φύσει
1590 962 1651 1012 τὸ
1686 960 1788 1028 τῆς

211 1042 515 1113 ἀφθαρσίας
540 1043 748 1115 ἐδείχθη
778 1044 916 1115 ἔχων
945 1046 1224 1119 καύχημα,
1260 1050 1333 1119 μὴ
1368 1050 1487 1120 οὐχὶ
1512 1050 1661 1121 παρὰ
1692 1050 1785 1104 τοῦ

213 1134 354 1187 κατὰ
385 1134 545 1203 φύσιν
588 1135 865 1207 ἀφθάρτου
906 1155 965 1191 τε
1016 1141 1110 1194 καὶ
1154 1140 1462 1211 ἀνωλέθρου
1495 1143 1651 1207 Θεοῦ,
1695 1144 1789 1196 καὶ

213 1225 473 1289 ὡσαύτως
496 1227 665 1291 ὅντως
693 1228 801 1293 ἀεὶ,
831 1229 955 1283 καθ’
975 1232 1264 1303 ὁμοιότητα
1307 1234 1414 1286 τῶν
1456 1234 1631 1288 ἄλλων
1656 1236 1793 1303 ἀγα·

213 1314 324 1368 θῶν
366 1318 461 1370 καὶ
484 1317 639 1371 τοῦτο
682 1318 1110 1390 πεπλουτηκὼςς
1160 1342 1176 1373 ι
1201 1322 1265 1375 Τί
1304 1323 1411 1393 γὰρ
1446 1322 1607 1393 ἔχεις,
1636 1324 1663 1376 ὃ
1692 1325 1792 1377 ούκ

215 1408 445 1475 ἐλαόες;
480 1428 498 1459 ι
530 1410 756 1474 εἰκότως
781 1428 843 1480 γε
875 1412 1077 1485 σφόδρα
1103 1415 1196 1467 καὶ
1221 1415 1436 1486 άληθῶς
1474 1416 1610 1487 πρὸς
1644 1418 1791 1485 ἡμᾶς

216 1499 320 1552 πού
355 1517 518 1572 φησιν
549 1502 577 1553 6
604 1500 887 1565 θεσπέσιος
911 1503 1137 1567 Παῦλος.
1167 1506 1285 1560 Ἵνα
1317 1507 1495 1560 τοίνυν
1527 1507 1585 1560 τὸ
1610 1508 1671 1559 ἐκ
1700 1506 1793 1558 τοῦ

220 1592 296 1661 μὴ
325 1591 477 1655 δντος
514 1592 805 1663 παροισθὲν
830 1594 910 1656 εἰς
930 1595 1145 1662 γένεσιν
1173 1597 1246 1667 μὴ
1294 1597 1426 1667 πρὸς
1461 1597 1557 1668 τὴν
1590 1596 1794 1649 οἰκείαν

218 1683 590 1749 ὑπονοστῆσαν
618 1683 811 1754 ἀρχὴν,
843 1685 1003 1739 πάλιν
1054 1688 1270 1757 οἴχηται
1321 1689 1458 1759 πρὸς
1496 1690 1557 1741 τὸ
1606 1689 1790 1759 μηδὲν,

220 1775 458 1846 σώζηται
494 1776 551 1830 δὲ
598 1753 795 1847 μᾶλλον
836 1753 1313 1851 διηνεκῶς-(οὗτος
1365 1753 1479 1851 7&9
1524 1753 1680 1852 ἦκίό-
1702 1782 1794 1835 τοῦ
1828 1753 1873 1808 Β

220 1869 519 1932 κτίσαντος
550 1870 792 1941 σκοπός)⁶
835 1871 1058 1941 μέτοχον
1091 1872 1252 1924 αὐτὸν
1285 1875 1382 1944 τῆς
1414 1874 1548 1937 ίδίας
1587 1874 1656 1942 φύ
1670 1891 1798 1938 σεως

219 1956 474 2009 ἀποτελεί
510 1958 661 2022 Θεός.
704 1980 722 2011 ι
771 1961 1099 2031 Ἐνεφύσησε
1138 1962 1247 2034 γὰρ
1292 1965 1371 2026 είς
1421 1962 1480 2015 τὸ
1511 1964 1799 2034 πρόσωπον

221 2050 389 2102 αὐτοῦ
417 2051 584 2123 πνοὴν
610 2054 774 2123 ζωῆς,
811 2073 829 2105 ι
859 2054 1003 2109 τοῦτ’
1032 2055 1147 2108 ἐστι
1186 2056 1245 2109 τὸ
1275 2055 1499 2126 Πνεῦμα
1522 2057 1616 2109 τοῦ
1647 2057 1796 2110 Υίοῦ.

222 2141 332 2193 Καὶ
360 2141 470 2209 γάρ
500 2143 649 2195 ἐστιν
682 2143 840 2208 αὐτὸς
887 2146 920 2215 ὴ
967 2144 1080 2215 ζωὴ
1115 2145 1251 2214 μετὰ
1299 2147 1530 2217 Πατρὸς,
1562 2147 1800 2217 συνέχων

223 2235 304 2295 εἰς
330 2233 391 2285 τὸ
433 2229 572 2286 εἶναι
603 2234 672 2287 τὰ
698 2235 893 2290 πάντα.
931 2237 1176 2289 Κινεῖται
1203 2237 1311 2308 7&9
1352 2240 1409 2290 ἐν
1436 2238 1582 2308 αὐτῷ
1612 2256 1669 2292 τε
1710 2241 1804 2292 καὶ

225 2323 293 2393 ζῇ
323 2323 390 2375 τὰ
431 2323 576 2395 ζωῆς
603 2325 847 2391 δεκτικὰ,
875 2329 1016 2382 κατὰ
1067 2329 1165 2399 τὴν
1207 2329 1300 2381 τοῦ
1339 2330 1551 2383 Παύλου
1598 2333 1800 2402 φωνήν.

226 2419 338 2470 Καὶ
372 2419 445 2487 μή
480 2435 563 2482 τις
585 2418 742 2488 ἡμῶν
780 2421 874 2473 ἐπὶ
893 2420 1066 2492 τούτῳ
1096 2421 1264 2492 ψευδῆ
1300 2423 1604 2493 κατηχείτω
1626 2423 1801 2491 λόγον,

224 2509 433 2577 οἰηθεὶς
460 2513 635 2563 εἰπεῖν
667 2513 727 2565 τὸ
760 2513 900 2566 θεῖον
933 2512 1234 2584 ἐμφύσημα
1262 2514 1544 2581 γεγονέναι
1584 2515 1659 2585 τῷ
1682 2515 1805 2587 ζῶῳ

225 2599 441 2671 ψυχήν
478 2602 637 2655 τοῦτο
662 2602 769 2674 γὰρ
815 2604 877 2656 οὐ
916 2605 1113 2675 φαμὲν,
1156 2606 1399 2676 λογισμῷ
1440 2606 1639 2676 τοσῷδε
1671 2607 1808 2677 πρὸς

226 2694 327 2763 τὴν
369 2692 465 2746 τοῦ
519 2695 845 2765 πράγματος
888 2696 1148 2767 ἀλήθειαν
1192 2696 1705 2768 διακυϐερνώμενοι.
1746 2700 1809 2752 Εἰ

228 2786 342 2857 7&9
373 2786 573 2840 οἴονταί
615 2804 758 2849 τινες
800 2786 860 2839 τὸ
898 2786 1038 2840 θεῖον
1079 2788 1381 2858 ἐμφύσημα
1417 2789 1665 2857 γενέσθαι
1703 2789 1809 2859 ψυ-

230 2875 358 2944 χὴν,
392 2874 697 2944 λεγέτωσαν
741 2878 873 2947 ἡμῖν
916 2878 1142 2947 πότερόν
1179 2894 1309 2930 ποτε
1341 2879 1662 2950 παρετράπη
1712 2881 1811 2949 τῆς

238 2965 376 3029 ἰδίας
426 2966 641 3035 φύσεως
686 2970 777 3021 καὶ
813 2968 1034 3037 γέγονεν
1084 2972 1162 3032 εἰς
1205 2969 1460 3041 ψυχὴν,ἥ
1505 2972 1811 3041 μεμένηκεν

1245 295 1314 349 ΙΝ
1349 295 1632 352 JOANNIS
1672 293 2118 350 EVANGELIUM
2154 294 2281 349 LIB.
2333 294 2420 348 IX.

198 407 298 475 τῆς
326 408 533 472 εἰκόνος
571 411 601 465 6
645 410 830 480 λόγος·
860 412 1024 467 εἰκὼν
1061 412 1171 485 γὰρ
1198 416 1257 466 οὐ
1300 415 1532 467 καθ’ἓνα
1559 414 1779 485 τρόπον,
1811 416 1856 471 Α
1886 411 2137 481 imaginis

3349 307 3461 362 978

2184 430 2196 466 :
2255 412 2437 483 imago
2486 412 2689 482 quippe
2723 420 2807 467 est
2845 429 2954 468 non
2985 429 3097 469 uno
3126 416 3324 482 modo.
3359 422 3458 477 sed

1887 503 2178 571 pluribus;
2216 501 2309 557 sed
2340 518 2465 557 cum
2497 504 2693 574 opiﬂce
2734 505 2841 561 Deo
2870 508 3249 565 similitudinis
3279 514 3458 567 maxi-

1886 610 1972 648 me
1994 595 2229 650 illustris
2257 609 2383 665 pars
2405 610 2468 649 ea
2495 605 2598 662 est,
2631 599 2990 669 corruptione
3013 602 3273 657 nimirum
3296 612 3469 675 atque.

1888 684 2115 739 interitu
2146 700 2363 740 vacare.
2392 684 2591 742 Verum
2627 704 2734 744 non
2765 690 3025 746 existimo
3049 694 3273 759 animal,
3307 704 3366 750 ut
3393 696 3465 751 ad

1887 794 2012 833 eum
2043 787 2249 833 statum
2278 781 2569 849 pervenire
2605 783 2822 852 possit,
2858 794 3071 840 naturae
3101 802 3213 842 suae
3244 788 3465 844 ratione

1889 886 1988 941 par
2033 888 2275 942 unquam
2315 872 2450 928 fore.
2492 873 2779 941 Quomodo
2810 878 2957 932 enim
3004 887 3258 936 terrenus
3301 881 3467 936 homo

1890 970 2088 1017 natura
2123 980 2222 1019 sua
2248 964 2322 1017 ita
2345 975 2700 1034 comparatus
2725 967 2820 1031 sit,
2854 976 2913 1021 ut
2946 970 3469 1040 incorruptibilitate

1892 1057 2180 1126 glorietur,
2214 1058 2322 1112 nisi
2357 1073 2475 1112 eam
2511 1059 2583 1114 ab
2614 1058 2709 1114 illo
2742 1060 2837 1129 qui
2870 1061 3176 1115 secundum
3215 1072 3467 1116 naturam

1893 1164 2049 1204 suam
2109 1149 2546 1219 incorruptibilis
2595 1158 2652 1205 et
2708 1150 3038 1206 immortalis
3086 1160 3222 1218 est,
3266 1151 3473 1222 quique

1891 1240 2081 1297 eodem
2119 1257 2181 1297 se
2214 1240 2380 1296 modo
2421 1256 2643 1311 semper
2687 1241 2883 1307 habet,
2924 1244 3099 1313 822
3131 1243 3195 1297 ad
3232 1244 3468 1298 aliorum

1892 1336 2162 1390 bonorum
2200 1333 2621 1390 similitudinem
2668 1335 2832 1390 etiam
2884 1336 2986 1389 hoc
3026 1336 3098 1391 sit
3141 1337 3471 1392 assecutus?

1902 1446 1919 1477 ι
1940 1426 2078 1492 Quid
2098 1426 2242 1480 enim
2266 1425 2620 1496 habes,quod
2648 1441 2759 1481 non
2797 1427 3077 1496 recepisti,
3104 1446 3122 1477 ι
3143 1430 3268 1495 jure
3298 1427 3465 1481 meri-

1895 1526 1951 1571 to
1982 1533 2045 1571 ac
2078 1533 2201 1571 vere
2236 1517 2414 1587 inquit
2434 1517 2503 1572 ad
2534 1533 2637 1572 nos
2671 1518 2898 1573 divinus
2926 1516 3129 1573 Paulus
3156 1518 3361 1573 alicubi
3390 1517 3477 1569 “2

1894 1608 1975 1664 Ne
2004 1609 2171 1679 igitur
2196 1610 2248 1663 id
2277 1608 2424 1678 quod
2470 1624 2503 1663 θ
2545 1608 2724 1662 nihilo
2757 1609 2811 1663 in
2845 1616 3029 1663 ortum
3058 1608 3316 1663 eductum
3349 1616 3471 1668 est.

1899 1703 1965 1756 ad
2017 1701 2351 1771 principium
2400 1715 2560 1755 suum
2615 1700 2869 1763 rediens,
2931 1715 3125 1755 rursus
3160 1700 3213 1753 in
3245 1699 3477 1753 nihilum

1899 1792 2099 1857 abeat,
2136 1792 2228 1846 sed
2262 1791 2444 1861 potius
2472 1800 2742 1861 perpetuo
2770 1799 3131 1845 conservetur
3165 1790 3294 1858 (hic
3326 1790 3483 1844 enim

1906 1883 2188 1939 Creatoris
2212 1898 2412 1953 scopus
2447 1881 2931 1952 eSt),'partieipem
2960 1897 3084 1935 eum
3124 1880 3305 1935 reddit
3332 1880 3490 1936 Deus

1901 1989 2013 2029 suae
2065 1981 2296 2027 naturae.
2347 1992 2365 2024 ι
2400 1971 2744 2028 Ιιιευίιιενίιι
2785 1974 2933 2026 enim
2967 1972 3063 2024 «in
3108 1972 3307 2026 faciem
3356 1972 3479 2041 ejus

1901 2065 2237 2133 spiraculum
2268 2065 2393 2119 vitae
2421 2065 2467 2096 θ’
2492 2104 2506 2127 ,
2539 2083 2556 2115 ι
2602 2063 2706 2117 hoc
2738 2072 2820 2119 est
2855 2062 2975 2117 Filii
3019 2060 3315 2131 Spiritum.
3359 2065 3481 2132 ipse

1901 2156 2047 2209 enim
2076 2156 2182 2209 vita
2215 2166 2300 2210 est
2332 2170 2459 2209 cum
2504 2153 2685 2217 Patre,
2715 2155 2768 2208 in
2797 2169 2919 2209 esse
2947 2155 3134 2208 omnia
3163 2158 3480 2210 continent.

1904 2245 1960 2300 l’n
1991 2262 2056 2301 eo
2087 2245 2290 2317 quippe
2331 2256 2619 2301 moventur
2655 2261 2718 2300 ac
2753 2245 2945 2299 vivunt
2976 2259 3331 2315 quaecunque
3357 2246 3484 2298 vitae

1905 2342 2034 2389 sunt
2074 2333 2300 2404 capacia
2328 2373 2343 2396 ,
2386 2333 2542 2403 juxta
2596 2331 2756 2387 Pauli
2796 2347 2991 2387 vocem
3024 2332 3089 2385 ⁸³.
3127 2330 3327 2401 Neque
3351 2346 3484 2386 vero

1906 2427 2198 2496 quisquam
2232 2425 2325 2480 hic
2361 2425 2522 2480 nobis
2551 2424 2871 2495 obganniat,
2905 2440 3084 2493 neque
3119 2424 3223 2478 sibi
3255 2437 3486 2493 persua-

1906 2521 2035 2575 deat
2085 2533 2189 2572 nos
2239 2517 2423 2572 dicere
2460 2516 2711 2572 divinum
2759 2516 2911 2570 illum
2969 2515 3213 2569 inﬂatum
3260 2515 3487 2570 animali

1907 2612 2190 2666 exstitisse
2216 2611 2452 2663 animam
2487 2626 2501 2663 :
2534 2620 2881 2677 nequaquam
2910 2606 3055 2660 enim
3086 2605 3191 2659 hoc
3224 2603 3511 2667 dici'mus,.

1909 2699 2223 2756 istiusmodi
2254 2698 2464 2752 ratione
2490 2696 2559 2751 ad
2584 2696 2663 2751 rei
2686 2695 2966 2751 veritatem
3000 2694 3326 2749 ininstituti.
3351 2690 3488 2745 Nam

1912 2793 1958 2848 si
1998 2790 2244 2846 divinum
2308 2788 2556 2845 inﬂatum
2617 2788 2857 2842 animam
2904 2786 3151 2841 nonnulli
3190 2785 3365 2839 fuisse
3390 2798 3495 2853 pu-

1910 2892 2033 2939 tant
2065 2924 2080 2950 ,
2119 2885 2306 2939 dicant
2347 2884 2514 2939 nobis,
2536 2891 2718 2938 utrum
2753 2898 2781 2935 a
2819 2890 3020 2937 natura
3054 2896 3153 2937 sua
3193 2879 3503 2935 desciverit,

1914 2984 1970 3032 et
2001 2976 2053 3030 in
2087 2976 2326 3031 animam
2362 2983 2605 3029 mutatus
2632 2974 2729 3038 sit,
2761 2989 2830 3028 an
2864 2973 3006 3027 idem
3032 2973 3087 3026 in
3116 2988 3175 3028 se
3204 2985 3490 3026 remanse-

232 3060 295 3111 ἐν
335 3060 621 3130 ταυτότητι
662 3063 727 3132 τῇ
775 3060 991 3115 ἑαυτοῦ.
1023 3063 1084 3115 Ei
1134 3063 1231 3133 μὲν
1263 3063 1370 3133 γὰρ
1420 3063 1600 3136 ἐροῦσι
1650 3082 1813 3134 μετα-

1918 3068 2008 3121 rit.
2038 3066 2172 3121 Nam
2203 3067 2248 3123 si
2278 3068 2627 3121 immutatum
2666 3079 2793 3120 esse
2831 3064 3021 3119 dicunt
3051 3072 3105 3119 ct
3133 3079 3245 3119 suae
3278 3071 3493 3117 natura:

231 3152 536 3221 τετράφθαι
570 3168 659 3204 ποι
691 3153 787 3204 καὶ
833 3152 923 3205 τὸν
952 3153 1049 3223 τῆς
1099 3153 1235 3217 ἰδίας
1265 3153 1479 3224 φύσεως
1511 3156 1815 3225 παρελάσαι

236 3244 461 3313 θεσμὸν,
513 3243 919 3314 δυσφημοῦντες
968 3244 1300 3298 ἁλώσονται*
1336 3248 1573 3318 τρεπτὴν
1620 3248 1726 3317 γὰρ
1770 3249 1821 3301 εί

237 3331 356 3405 [γρ.
386 3329 548 3405 εἶναι]
597 3334 812 3399 πάντως
858 3335 1065 3406 ἐροῦσι,
1116 3337 1213 3406 τὴν
1259 3337 1526 3407 ἄτρεπτον
1574 3339 1668 3391 καὶ
1710 3338 1820 3391 ὠσ-

240 3426 423 3490 αύτως
452 3427 677 3497 ἔχουσαν
700 3428 787 3480 ἀεὶ
813 3428 994 3497 φύσιν.
1023 3429 1084 3481 Εἰ
1113 3428 1168 3480 δὲ
1199 3429 1522 3502 παρετράπη
1551 3431 1820 3501 οὐδαμῶς,

240 3518 611 3588 διαμεμένηκε
643 3519 698 3571 δὲ
737 3518 881 3571 τοῦθ’
910 3520 1046 3592 ὅπερ
1089 3516 1157 3591 ἦν
1190 3522 1275 3573 ὰεϊ
1304 3521 1563 3592 προελθὸν
1594 3526 1658 3575 ἐκ
1688 3522 1822 3576 Θεοῦ

242 3612 307 3663 τὸ
335 3611 639 3681 ἐμφύσημα
667 3611 853 3677 αὐτοῦ,
882 3613 998 3675 πῶς
1027 3613 1219 3683 ἐξέστη
1260 3614 1394 3684 πρὸς
1426 3616 1700 3684 ἁμαρτίαν
1731 3616 1825 3669 καὶ

244 3702 515 3773 τοσαύτης
548 3703 731 3755 παθῶν
761 3703 1025 3773 διαφορᾶς
1068 3704 1259 3773 γέγονε
1294 3705 1573 3771 δεκτικόν;
1605 3706 1679 3758 Ού
1717 3706 1826 3777 7&9

244 3794 421 3865 δήπου
484 3798 639 3864 φαῖεν
671 3795 737 3851 ἂν
791 3796 867 3859 ὡς
910 3796 1114 3850 ἔνεστιν
1142 3798 1279 3860 ὅλως
1311 3800 1377 3867 τῇ
1426 3796 1545 3867 θείᾳ
1578 3796 1736 3865 φύσει
1768 3798 1828 3850 τὸ

245 3887 508 3940 δύνασθαι
556 3888 911 3958 πλημμελεῖν.
953 3889 1092 3941 Ἀλλ’
1135 3889 1223 3941 ἵνα
1284 3888 1357 3958 μὴ
1405 3891 1642 3959 μακραῖς
1698 3889 1829 3940 ἀπο-

247 3980 481 4044 δείξεσιν
510 3980 602 4032 ἐπὶ
638 3980 811 4052 τούτῳ
846 3980 1117 4051 χρώμενοι
1160 3980 1251 4033 τὸν
1297 3982 1409 4043 τοῖς
1450 3980 1829 4051 προκειμένοις

250 4072 693 4144 χρεωστούμενον
724 4072 1121 4144 παρελάσωμεν
1149 4072 1326 4140 λόγον,
1351 4090 1423 4143 φη
1433 4072 1495 4143 μὶ
1522 4073 1629 4125 δεῖν
1657 4074 1832 4125 ἐκεῖνο

252 4166 417 4219 πάλιν
444 4165 812 4228 ἀναλαϐόντας
837 4166 1033 4230 εἰπεῖν,
1059 4163 1134 4227 ὡς
1180 4163 1279 4216 οὐκ
1312 4161 1397 4225 ἂν,
1423 4161 1597 4234 οἶμαι,
1634 4164 1716 4226 τὶς
1745 4164 1831 4215 εύ-

253 4257 469 4329 φρονῶν
496 4258 557 4311 τὸ
585 4258 648 4310 ἐκ
681 4257 779 4328 τῆς
809 4256 958 4320 θείας
1000 4256 1186 4319 οὐσίας
1229 4254 1489 4327 προελθὸν
1534 4253 1833 4325 ἐμφύσημα

251 4351 431 4422 ψυχὴν
457 4350 620 4404 οἴοιτο
651 4348 902 4417 γενέσθαι
934 4347 1010 4419 τῷ
1038 4346 1181 4418 ζώῳ,
1207 4346 1512 4417 ψυχωθέντι
1542 4346 1597 4398 δέ
1632 4345 1833 4415 μᾶλλον

1921 3160 2091 3230 legem
2121 3169 2565 3229 praetergressum
2596 3195 2610 3221 ,
2669 3154 3020 3224 blasphemia:
3052 3155 3448 3207 convincentur
3475 3172 3492 3206 :

1920 3250 2236 3305 mutabilem
2268 3249 2416 3304 enim
2451 3248 2649 3317 utique
2687 3246 2875 3301 dicent
2916 3244 3313 3299 immutabilem
3345 3243 3500 3296 illam

1922 3351 1976 3397 et
2006 3342 2173 3397 simili
2205 3339 2368 3395 modo
2403 3354 2619 3409 semper
2664 3353 2724 3394 se
2758 3336 3051 3391 habentem
3087 3344 3362 3388 naturam.
3394 3332 3500 3385 Sin

1924 3441 2104 3487 autem
2158 3431 2309 3485 nullo
2343 3430 2505 3485 modo
2546 3435 2792 3484 mitatus
2829 3436 2941 3491 est,
2991 3425 3087 3481 sed
3139 3421 3511 3479 remansitid.

1923 3524 2069 3595 quod
2096 3532 2213 3578 erat
2243 3537 2460 3592 semper
2484 3537 2549 3577 ex
2586 3520 2696 3575 Deo
2728 3518 3037 3590 procedens
3068 3516 3175 3571 ille»
3188 3515 3308 3584 eius
3338 3512 3508 3567 iulia-

1924 3626 2035 3679 tus,
2068 3613 2345 3685 quomodo
2374 3612 2725 3683 degeneravit
2762 3611 2818 3664 in
2858 3616 3143 3679 peccatum
3184 3615 3239 3661 et
3291 3612 3498 3659 tantam

1927 3709 1983 3763 in
2017 3724 2077 3763 se
2114 3708 2386 3762 malorum
2417 3706 2737 3760 varietatem
2773 3700 3062 3770 suscepit?
3100 3698 3212 3753 Nec
3243 3699 3390 3753 enim
3417 3696 3501 3750 di-

1929 3801 2147 3863 xerint,
2198 3800 2433 3868 opinor,
2468 3806 2723 3852 naturam
2765 3794 3009 3849 divinam
3047 3805 3279 3864 peccare
3312 3804 3501 3859 posse.

1931 3890 2040 3947 Sed
2079 3908 2147 3946 ne
2186 3889 2365 3960 longis
2398 3886 2966 3943 demonstrationibus
3004 3892 3223 3939 utentes
3259 3880 3501 3937 debitam

1931 3982 2061 4037 huic
2111 3982 2231 4035 loco
2270 3981 2537 4034 rationem
2579 3983 3004 4047 praetereamus,
3044 3974 3180 4029 illud
3210 3973 3389 4028 denuo
3416 3986 3505 4025 re-

1930 4082 2057 4146 peto
2083 4114 2098 4139 ,
2148 4072 2423 4127 neminem
2476 4086 2625 4127 sanae
2672 4069 2875 4125 mentis
2916 4068 3359 4123 existimaturum
3400 4078 3504 4117 un-

1931 4179 2096 4235 quam
2134 4161 2400 4226 inl'latum,
2429 4177 2497 4216 ex
2526 4161 2723 4216 divina.
2747 4158 3057 4216 Substantia
3095 4155 3509 4227 procedentem,

1934 4237 2155 4306 a‘nimali
2188 4251 2470 4305 exstitisse
2493 4251 2755 4315 animam,
2790 4246 2886 4303 sed
2914 4247 3156 4301 animato
3189 4243 3372 4313 potius
3395 4279 3410 4305 ,
3451 4245 3507 4295 et

1937 4342 2003 4397 ad
2036 4342 2425 4413 proprietatem
2453 4350 2665 4395 naturae
2697 4338 2951 4410 perfectae
2979 4353 3045 4393 ex
3072 4337 3255 4390 anima
3286 4341 3343 4388 et
3378 4346 3506 4386 cor-

256 4442 355 4494 καὶ
402 4440 540 4511 πρὸς
588 4439 827 4509 ἰδιότητα
866 4439 964 4508 τῆς
1008 4437 1221 4499 τελείας
1276 4436 1488 4506 φύσεως
1534 4436 1601 4490 δι’
1636 4437 1815 4507 ἀμφοῖ·

1944 4448 2075 4502 pore
2112 4431 2386 4494 deducto,
2415 4441 2627 4511 natura:
2656 4445 2770 4486 suae
2813 4426 3086 4499 quoddam
3119 4423 3288 4480 veluti
3325 4423 3532 4493 signa--

258 4530 568 4601 ἁφιγμένῳ,
596 4530 773 4601 ψυχῆς
820 4529 884 4601 δὴ
934 4528 1076 4597 λέγω
1120 4529 1213 4581 καὶ
1269 4526 1538 4597 σώματος,
1585 4526 1835 4598 καθάπερ

256 4623 382 4675 τινὰ
433 4622 701 4693 σφραγῖδα
747 4624 846 4692 τῆς
891 4619 1083 4673 ἑαυτοῦ
1124 4618 1336 4688 φύσεως
1375 4618 1635 4688 ὲνέπηξεν
1666 4622 1694 4672 6
1735 4622 1838 4689 Δη-

264 4711 526 4782 μιουργὸς
556 4712 614 4764 τὸ
652 4710 875 4779 Πνεῦμα
904 4709 965 4761 τὸ
998 4710 1169 4775 ᾶγιον,
1203 4707 1345 4759 τοῦτ’
1376 4706 1509 4769 ἔστι,
1542 4707 1637 4777 τὴν
1669 4709 1836 4778 πνοὴν

260 4806 363 4874 τῆς
412 4804 581 4873 ζωῆς,
627 4803 692 4854 δι’
721 4797 790 4873 ἦς
838 4801 975 4872 πρὸς
1032 4800 1092 4853 τὸ
1146 4801 1451 4869 ἀρχέτυπον
1495 4798 1841 4852 διεπλάττετο

260 4898 487 4961 κάλλος,
525 4895 837 4949 ἀπετελεῖτο
891 4894 947 4947 δὲ
990 4894 1110 4946 κατ’
1151 4892 1332 4946 εἰκόνα
1382 4890 1476 4944 τοῦ
1518 4891 1841 4955 Κτίσαντος,

263 4992 407 5062 πρὸς
437 4991 617 5043 πᾶσαν
661 4988 801 5041 ἰδέαν
850 4987 1049 5058 ἀρετῆς
1077 4985 1302 5056 δυνάμει
1332 4984 1425 5037 τοῦ
1452 4984 1844 5049 ἐνοικισθέντος

264 5081 420 5152 αύτῷ
458 5078 916 5149 διακρατούμενος
962 5077 1295 5146 Πνεύματος.
1336 5074 1551 5146 Ἐπειδὴ
1588 5074 1646 5128 δὲ
1684 5075 1844 5128 αύτο-

268 5172 596 5245 προαίρετος
626 5170 722 5233 ὢν,
750 5172 845 5225 καὶ
873 5170 971 5233 τὰς
1004 5169 1113 5223 τῶν
1157 5169 1301 5221 ἰδίων
1331 5166 1650 5238 θελημάτων
1682 5184 1845 5220 πεπι-

272 5264 569 5333 στευμένος
599 5263 753 5331 ἡνίας
781 5262 969 5333 (μοῖρα
1014 5260 1123 5331 7&9
1160 5261 1258 5330 τῆς
1305 5260 1511 5322 εἰκόνος
1554 5259 1646 5312 καὶ
1681 5258 1849 5328 αὐτήο

273 5355 682 5421 κατεξουσιὰζει
725 5353 833 5425 γὰρ
875 5354 983 5406 τῶν
1035 5353 1251 5406 οἰκείων
1305 5350 1626 5422 θελημάτων
1673 5350 1850 5416 Θεὸς),

274 5447 492 5519 ἐτράπη
543 5448 637 5501 καὶ
692 5447 949 5500 πέπτωκε
999 5445 1078 5517 (τὸ
1118 5445 1174 5497 δὲ
1224 5444 1459 5513 ὅπωςνή
1503 5442 1619 5496 θεία
1662 5442 1851 5513 rimis“?

277 5541 598 5597 διδασκέτω·
627 5540 803 5610 σαφὴς
830 5540 937 5609 7&9
978 5540 1007 5591 6
1051 5539 1181 5609 περὶ
1211 5537 1402 5591 τούτου
1433 5535 1562 5605 παρ’
1592 5536 1729 5606 αὐτῇ
1764 5535 1851 5587 λό-

366 5720 403 5752 "
447 5720 624 5774 iL'or.
657 5736 727 5783 tv,
765 5718 811 5770 7.
888 5720 931 5749 "
971 5718 1104 5773 Gen.
1142 5732 1199 5780 ιι,
1232 5714 1281 5768 7,
1360 5716 1403 5747 ⁹³
1445 5714 1564 5768 Act.
1600 5712 1844 5778 xvrr,28.

1942 4523 2127 4576 culum
2159 4510 2479 4577 Creatorem
2508 4519 2893 4591 impressisse,
2932 4525 3183 4574 sanctum
3221 4513 3531 4585 Spiritum,.

1942 4615 1995 4669 id
2033 4622 2117 4669 est
2145 4615 2483 4684 spiraculum
2508 4615 2664 4677 vitae,
2714 4628 2814 4684 per
2838 4610 2994 4680 'quod
3033 4610 3099 4664 ad
3144 4608 3512 4677 exemplarem

1945 4705 2226 4776 archetypi
2257 4703 2722 4775 pulchritudinem
2754 4701 3049 4757 formatum
3076 4706 3265 4762 est,.et
3294 4697 3361 4750 ad
3387 4698 3516 4750 ima-

1942 4798 2125 4867 ginem
2150 4795 2430 4852 Creatoris
2464 4793 2769 4865 perfectum
2803 4792 2870 4847 ad
2903 4806 3121 4847 omnem
3146 4789 3370 4844 virtutis
3395 4801 3517 4855 spe-

1948 4889 2089 4943 ciem
2125 4886 2177 4941 vi
2212 4884 2579 4941 inhabitantis
2610 4883 2667 4939 in
2702 4898 2767 4939 eo
2811 4881 3049 4953 Spiritus
3077 4880 3518 4936 corroboratum.

1951 4979 2071 5035 Sed.
2093 4986 2405 5049 postquam,
2438 4993 2553 5033 sua:
2577 4976 2789 5047 spontis
2820 4990 2945 5030 cum
2978 4982 3123 5031 esset
3164 4985 3387 5041 suagque
3420 4985 3519 5024 vo-

1953 5072 2186 5127 luntatis
2214 5071 2461 5126 habenas
2498 5076 2708 5125 teneret
2758 5068 2932 5139 (pars
2966 5065 3113 5121 enim
3152 5064 3257 5119 ista
3299 5073 3553 5131 quoque

1950 5173 2036 5220 est
2067 5164 2361 5234 imaginis:
2411 5179 2538 5219 nam
2586 5176 2702 5219 suae
2728 5160 2996 5216 voluntati
3024 5158 3168 5214 Deus
3204 5151 3521 5226 imperat).

1953 5266 2223 5312 mutatum
2268 5265 2354 5312 est
2395 5270 2462 5310 ac
2508 5255 2715 5310 cecidit
2764 5253 2912 5323 (quo
2947 5258 3106 5322 pacto
3129 5263 3297 5311 vero,
3338 5244 3553 5299 divina-

1956 5349 2242 5419 Scriptura
2264 5349 2477 5415 doceat,
2513 5349 2569 5401 in
2599 5361 2705 5418 qua
2732 5346 2786 5401 id
2808 5345 3099 5401 manifeste
3123 5338 3521 5407 describitur),

1953 5442 2008 5496 in
2053 5441 2216 5512 823
2265 5439 2561 5510 pristinum
2612 5444 2816 5493 statum
2861 5442 3113 5489 naturam
3164 5428 3402 5484 hominis
3440 5428 3525 5483 iu-

1953 5543 2207 5590 staurarc
2236 5532 2423 5587 denuo
2447 5529 2689 5587 decrevit
2738 5536 2792 5584 et
2825 5540 3119 5599 aggressus
3141 5529 3224 5577 est
3256 5519 3399 5575 Deus
3458 5533 3537 5573 ac
