3892 6202
403 257 510 313 279

1401 259 1456 314 S.
1501 259 1772 315 CYRILLI
1811 259 2276 320 ALEXANDRINI
2316 262 2636 320 ARCHIEP.

3542 259 3651 316 280

403 369 564 427 Pater
595 370 648 426 in
672 370 890 430 Christo
909 374 957 408 "
977 415 994 440 ,
1028 385 1083 431 et
1109 379 1257 446 quod
1295 380 1505 448 voluit,
1535 379 1790 451 perfecit.
1823 380 1971 446 Quo—

2084 386 2213 454 γος)’
2240 384 2822 453 ἀνακεφαλαιώσασθαι
2857 383 3019 437 πάλιν
3047 382 3146 453 τὴν
3174 378 3462 451 ἀνθρώπου
3491 377 3653 448 φύσιν

404 477 530 517 nam
563 462 730 534 igitur
770 465 934 521 modo
958 464 1163 522 factum
1199 468 1251 523 id
1287 469 1495 536 fuerit,
1539 483 1972 528 consentaneum

403 561 488 608 est
509 556 846 626 perspicere.
865 557 983 614 Non
1002 567 1218 628 poterat
1241 562 1426 630 homo,
1445 572 1656 619 naturae
1681 580 1805 620 cum
1830 573 1977 619 esset

403 650 805 718 corruptibilis,
851 661 1079 709 mortem
1108 653 1366 726 eﬂ'ugere,
1408 657 1516 710 nisi
1552 667 1784 711 veterem
1826 658 1976 712 illam

405 737 634 804 gratiam
663 739 957 810 reciperet,
985 751 1038 797 et
1063 744 1336 814 particeps
1357 745 1448 800 Dei
1476 746 1627 800 ﬁeret
1649 748 1741 817 qui
1775 749 1829 800 in
1854 764 1976 802 esse

404 834 602 882 cuncta
632 831 900 899 continet,
935 847 1000 886 ae
1036 833 1276 888 viviﬁcat
1309 851 1403 904 per
1427 833 1623 890 Filium
1657 837 1709 890 in
1741 836 1973 909 Spiritu.

405 915 842 976 Communicavit
878 923 1044 994 igitur
1085 926 1239 980 carni
1281 935 1333 980 et
1383 929 1637 997 sanguini
1670 929 1717 961 "
1749 971 1764 995 ,
1808 929 1862 984 id
1893 938 1978 984 est

407 1007 576 1062 homo
620 1009 798 1066 factus
845 1022 958 1078 est,
1011 1015 1119 1068 vita
1169 1032 1296 1070 cum
1344 1017 1415 1071 sit
1463 1017 1770 1074 secundum
1818 1029 1980 1073 natu-

410 1113 556 1163 ram,
590 1109 644 1156 et
672 1117 738 1157 ex
763 1104 872 1157 vita
916 1106 1217 1161 secundum
1247 1115 1500 1161 naturam
1538 1108 1778 1179 genitus,
1812 1110 1861 1163 id
1895 1118 1979 1164 est

405 1206 472 1245 ex
503 1190 614 1248 Deo
649 1205 714 1249 ac
747 1195 909 1251 Patre
939 1197 1278 1269 unigenitum
1317 1199 1438 1269 ejus
1469 1199 1735 1266 Verbum,
1765 1209 1823 1254 ut
1855 1215 1980 1253 cor-

406 1285 650 1354 ruptibili
707 1289 900 1353 carni,
969 1291 1180 1345 ratione
1235 1306 1350 1346 suae
1413 1299 1626 1346 natura:
1686 1290 1978 1345 ineffabili-

407 1384 517 1440 ter,
553 1385 609 1432 et
659 1380 821 1434 modo
855 1381 1091 1450 quodam
1118 1397 1357 1447 arcano,
1411 1393 1465 1437 et
1490 1399 1652 1453 quem
1684 1383 1836 1439 solus
1866 1384 1981 1452 ipse

405 1467 580 1534 novit,
613 1469 853 1540 seipsum
888 1472 1106 1537 uniens,
1135 1474 1200 1527 ad
1231 1488 1386 1528 suam
1418 1475 1598 1544 ipsius
1630 1476 1798 1529 vitam
1824 1491 1981 1529 revo-

405 1566 604 1621 caret,
649 1573 714 1615 ac
756 1563 1073 1632 participem
1121 1577 1217 1633 per
1264 1561 1505 1633 seipsum
1557 1563 1650 1618 Dei
1702 1578 1765 1616 ac
1795 1562 1980 1619 Patris

406 1649 660 1706 efﬁceret.
706 1651 970 1708 Mediator
999 1653 1143 1709 enim
1182 1661 1267 1708 est
1307 1652 1400 1708 Dei
1425 1662 1480 1709 et
1515 1654 1832 1720 hominum,
1867 1655 1976 1710 sic-

2075 479 2154 539 είς
2178 476 2239 529 τὸ
2269 478 2493 547 ἀρχαῖον
2525 473 2878 530 ὲὸουλεὺσατό
2916 490 2976 528 τε
3017 474 3112 528 καὶ
3159 471 3574 542 ἐπικεχείρηκεν
3621 470 3654 522 δ

2075 565 2205 627 Θεὸς
2237 567 2330 619 καὶ
2363 566 2552 638 Πατὴρ
2587 566 2647 619 ὲν
2690 563 2929 636 Χριστῷ,
2974 565 3070 618 καὶ
3125 562 3359 632 θελήσας
3403 561 3648 630 ὲξήνυσε.

2076 655 2203 720 Πῶς
2234 652 2326 711 οὖν
2361 657 2468 726 ἄρα
2504 657 2746 726 γέγονεν,
2793 655 3082 710 ἀκόλουθον
3131 654 3368 709 κατιδεῖν
3391 669 3404 683 ·
3442 651 3557 704 Οὑκ
3582 646 3654 721 ἦν

2077 749 2280 816 ἑτέρως
2329 748 2602 821 διαδράναι
2656 749 2747 802 τὸν
2808 748 3036 803 θάνατον
3085 746 3297 815 φύσεως
3356 743 3487 796 ὄντα
3550 741 3653 811 τῆς

2079 839 2441 910 φθειρομένης
2469 839 2561 892 τὸν
2589 839 2892 911 ἄνθρωπον,
2922 841 2972 892 εί
3003 838 3078 910 μὴ
3120 838 3220 909 τὴν
3249 837 3480 907 ἀρχαίαν
3510 835 3653 890 ὲκεί-

2077 949 2174 999 νην
2215 931 2575 1001 ἀνεκομίσατο
2599 932 2780 1002 χάριν,
2813 932 2908 985 καὶ
2951 930 3175 1002 μετέσχε
3219 927 3314 982 τοῦ
3357 928 3428 982 τὰ
3474 926 3651 980 πάντα

2081 1023 2216 1093 πρὸς
2241 1023 2304 1075 τὸ
2321 1015 2480 1076 εἶναι
2509 1022 2819 1093 συνέχοντος
2847 1023 3004 1086 Θεοῦ,
3035 1023 3128 1075 καὶ
3165 1019 3558 1089 ζωογονοῦντος
3582 1017 3652 1069 δι’

2083 1113 2212 1167 Υἰοῦ
2250 1115 2308 1168 ὲν
2343 1114 2634 1185 Πνεῦματι.
2669 1113 3043 1184 Κεκοινῶνηκε
3085 1112 3263 1166 τοίνυν
3299 1111 3526 1180 αἵματος
3556 1109 3652 1162 καὶ

2083 1206 2282 1277 σαρκὸς
2307 1246 2324 1272 ,
2373 1204 2519 1258 τοῦτ’
2568 1203 2684 1258 ἔστι
2748 1204 2970 1273 γέγονεν
3023 1202 3323 1276 ἄνθρωπος,
3356 1201 3468 1270 ζωὴ
3513 1199 3654 1254 κατὰ

2083 1298 2242 1368 φύσιν
2287 1298 2568 1370 ὑπάρχων,
2608 1298 2701 1350 κα)⁸
2746 1299 2812 1350 ὲκ
2853 1295 2997 1366 ζωῆς
3036 1294 3135 1365 τῆς
3180 1294 3322 1348 κατὰ
3363 1292 3521 1362 φύσιν
3568 1308 3654 1359 γε-

2081 1387 2410 1459 γεννημένος
2435 1427 2451 1450 ,
2514 1384 2658 1440 τοῦτ’
2701 1385 2818 1439 ἐστι
2860 1384 2954 1438 τοῦ
3017 1382 3152 1437 Θεοῦ
3206 1383 3302 1436 καὶ
3359 1381 3573 1453 Πατρὸς
3622 1381 3654 1433 ὁ

2085 1478 2379 1550 μονογενὴς
2441 1477 2604 1532 αὑτοῦ
2640 1477 2834 1545 Λόγος,
2867 1477 2956 1531 ἵνα
2997 1478 3064 1546 τῇ
3104 1474 3433 1546 φθειρομένη
3463 1474 3651 1542 σαρκὶ,

2082 1571 2223 1625 κατά
2248 1587 2310 1638 γε
2342 1569 2431 1623 τὸν
2457 1569 2612 1638 λόγον
2635 1568 2733 1638 τῆς
2764 1569 2900 1631 ἰδίας
2925 1567 3159 1636 φύσεως,
3190 1565 3445 1638 ἀρρήτως
3470 1580 3530 1616 τε
3555 1563 3656 1615 καὶ

2081 1662 2395 1732 ἀφράστως,
2426 1661 2522 1715 καὶ
2552 1660 2626 1722 ὼς
2655 1660 2816 1721 αὐτὸς
2844 1659 3049 1726 ἔγνωκε
3081 1658 3260 1728 μόνος,
3291 1655 3480 1710 ἑαυτὸν
3515 1653 3652 1707 ἑνώ-

409 1743 486 1797 uti
525 1743 792 1815 scriptum
841 1752 926 1801 est
959 1747 1004 1780 ”
1030 1784 1045 1809 ,
1083 1743 1194 1801 Deo
1229 1746 1449 1817 quidem
1484 1762 1548 1801 ac
1579 1745 1730 1801 Patri
1757 1756 1975 1802 natura-

2084 1727 2181 1817 σας
2209 1752 2348 1822 πρὸς
2376 1753 2473 1821 τὴν
2511 1751 2646 1804 ἰδίαν
2670 1751 2836 1806 αὑτοῦ
2862 1727 3170 1820 ἀνακομίσῃ
3203 1749 3370 1819 ζωὴν,
3404 1747 3499 1800 καὶ
3533 1746 3656 1816 μέτ-

407 1833 532 1888 liter
558 1874 574 1897 ,
617 1841 676 1888 ut
711 1834 891 1899 Deus,
944 1843 999 1892 et
1030 1844 1090 1891 ut
1122 1837 1214 1908 qui
1254 1853 1320 1892 ex
1357 1852 1423 1893 eo
1445 1877 1458 1898 .
1492 1839 1840 1908 conjunetus.
1879 1838 1978 1893 sed

407 1923 726 1980 hominibus
765 1941 982 1990 rursus,
1021 1935 1081 1982 ut
1106 1928 1273 1982 homo
1299 1967 1314 1993 ,
1344 1938 1400 1983 et
1427 1929 1635 1984 habens
1660 1928 1884 2000 quidem
1923 1931 1977 1983 in

407 2015 591 2084 seipse
621 2014 839 2071 Patrem
862 2058 876 2081 ,
928 2025 983 2072 et
1017 2019 1134 2088 ipse
1163 2019 1218 2072 in
1243 2016 1410 2074 Patre
1437 2021 1734 2076 exsistens.
1767 2021 1978 2075 Chara-

407 2115 522 2160 cter
549 2107 694 2161 enim
720 2115 808 2163 est
861 2124 927 2164 ac
956 2109 1218 2178 splendor
1241 2111 1568 2166 substantiae
1591 2112 1714 2180 ejus
1740 2113 1783 2144 ⁸⁷
1815 2153 1830 2177 ,
1871 2127 1980 2166 non

406 2212 437 2252 a
472 2198 782 2255 substantia
807 2245 820 2265 ,
852 2200 1011 2271 cujus
1037 2211 1120 2257 est
1151 2203 1443 2257 character
1473 2211 1526 2257 et
1560 2219 1626 2258 ex
1656 2219 1761 2274 qua
1791 2219 1983 2274 proce-

406 2291 509 2353 dit,
541 2299 601 2344 ut
633 2292 912 2363 splendor,
945 2294 1179 2362 alienus,
1219 2297 1315 2352 sed
1342 2299 1395 2350 in
1423 2313 1486 2352 ea
1518 2297 1636 2367 ipse
1665 2299 1941 2352 exsistens
1966 2339 1981 2365 ,

407 2393 459 2438 et
488 2383 698 2439 habens
729 2399 848 2440 eam
873 2387 928 2440 in
959 2387 1165 2458 seipse,
1194 2403 1404 2458 nosque
1429 2405 1621 2445 rursus
1653 2391 1706 2444 iu
1737 2404 1816 2454 se,
1845 2405 1983 2459 qua-

407 2481 570 2529 tenus
601 2481 842 2529 nostram
876 2476 1112 2544 gestavit
1145 2485 1396 2531 naturam
1423 2520 1438 2543 ,
1478 2486 1534 2533 et
1580 2493 1783 2548 corpus
1815 2477 1980 2533 Verbi

409 2575 658 2620 nostrum
681 2579 884 2636 corpus
916 2567 1110 2621 audiit.
1140 2569 1284 2622 Caro
1321 2570 1466 2624 enim
1504 2569 1739 2626 Verbum
1779 2570 1982 2627 factum

407 2663 512 2723 est,
529 2656 685 2728 juxta
705 2654 937 2711 Joannis
966 2672 1154 2712 vocem
1171 2659 1238 2712 ’⁸.
1263 2659 1409 2713 Tulit
1431 2668 1676 2716 nostram
1706 2669 1982 2724 naturam,

410 2747 475 2800 ad
496 2761 650 2800 suam
673 2746 838 2800 vitam
859 2761 977 2800 eam
1006 2746 1335 2804 reformans.
1361 2748 1455 2804 Est
1475 2759 1654 2805 autem
1681 2751 1844 2806 etiam
1871 2751 1986 2820 ipse

409 2838 464 2892 in
515 2837 674 2892 nobis
709 2855 722 2890 :
774 2838 1067 2907 participes
1116 2839 1262 2892 enim
1295 2839 1414 2909 ejus
1446 2841 1671 2895 omnino
1707 2839 1836 2896 facti
1888 2857 1985 2897 su-

411 2944 557 2994 mus,
613 2942 853 2996 eumque
907 2929 964 2983 in
1019 2929 1178 2985 nobis
1230 2945 1326 3000 per
1381 2931 1647 3002 Spiritum
1688 2933 1982 2989 habemus.

411 3020 621 3074 Idcirco
652 3020 796 3074 enim
847 3029 903 3076 et
944 3021 1142 3075 divina:
1173 3022 1299 3076 iacti
1337 3039 1530 3078 sumus
1576 3036 1862 3081 consortes
1890 3042 1987 3080 na-

411 3121 550 3166 turze
577 3113 622 3145 ”
653 3119 706 3166 et
729 3111 826 3166 lilii
855 3113 1195 3182 appellamur
1227 3113 1244 3144 ⁸
1270 3154 1285 3177 ,
1318 3115 1494 3184 ipsum
1517 3132 1738 3188 quoque
1765 3115 1982 3173 Patrem

411 3204 669 3260 similiter
701 3205 756 3258 in
796 3204 957 3258 nobis
987 3204 1249 3260 habentes
1279 3219 1373 3274 per
1402 3206 1624 3270 Filium,
1652 3208 1732 3262 uti
1758 3215 1812 3263 et
1843 3211 1984 3263 Pauo

411 3296 498 3352 lus
524 3304 761 3352 testatur
789 3295 978 3351 dicens
1015 3315 1027 3350 :
1086 3314 1104 3344 ι
1138 3296 1412 3362 Quoniam
1463 3307 1643 3353 autem
1679 3300 1815 3355 estis
1848 3299 1941 3353 ﬁlii
1966 3341 1982 3368 ,

410 3387 564 3443 misit
595 3386 736 3442 Deus
764 3385 1032 3457 Spiritum
1065 3385 1195 3441 Filii
1230 3389 1315 3444 sui
1344 3389 1399 3442 in
1432 3389 1599 3444 corda
1626 3398 1807 3446 vestra
1831 3429 1846 3455 ,
1877 3391 1986 3444 cla-

411 3486 650 3534 mantem
705 3497 720 3533 :
779 3478 933 3535 Abba
961 3520 974 3543 ,
1011 3479 1174 3534 Pater
1203 3483 1250 3536 '.
1291 3500 1309 3533 ›
1357 3479 1476 3536 Non
1522 3482 1669 3536 enim
1704 3481 1982 3537 diversum

411 3573 543 3641 quid
589 3586 620 3626 a
665 3571 806 3627 Filio
840 3581 924 3628 est
965 3571 1209 3642 Spiritus
1248 3573 1368 3641 ejus
1394 3613 1409 3638 ,
1448 3574 1752 3629 secundum
1788 3573 1987 3630 identi-

411 3669 572 3716 tatem
629 3668 843 3716 naturae
903 3662 1177 3717 videlicet.
1218 3661 1315 3718 His
1373 3664 1446 3717 ita
1515 3663 1827 3733 expositis,
1864 3678 1986 3732 age,

411 3751 679 3822 propositi
717 3752 821 3806 loci
853 3768 1076 3807 sensum
1107 3752 1470 3824 proferentes,
1505 3753 1816 3810 Servatoris
1840 3754 1988 3809 voci-

411 3843 516 3898 bus
545 3857 673 3898 eum
698 3830 1202 3900 accommodemus.

2078 1861 2203 1914 οχον
2228 1843 2483 1915 ἀποδείξῃ
2526 1842 2591 1896 δι’
2621 1840 2814 1896 ἑαυτοῦ
2847 1840 2942 1894 τοῦ
2985 1840 3119 1893 Θεοῦ
3151 1840 3248 1894 καὶ
3286 1838 3516 1909 Πατρός.
3541 1837 3656 1891 Με-

2083 1933 2234 2003 σίτης
2260 1933 2368 2002 γάρ
2394 1933 2509 1984 ἐστι
2535 1929 2667 1984 Θεοῦ
2701 1932 2796 1984 καὶ
2818 1929 3138 1999 ἀνθρώπων,
3168 1929 3310 1984 κατά
3328 1929 3390 1980 τὸ
3411 1943 3657 1997 γεγραμ-

2084 2026 2262 2094 μένον,
2287 2023 2365 2094 τῷ
2393 2024 2491 2094 μὲν
2514 2023 2632 2095 Θεῷ
2655 2022 2751 2077 καὶ
2779 2022 2954 2094 Πατρὶ
2979 2021 3245 2092 φυσικῶς,
3269 2020 3345 2083 ὡς
3373 2019 3527 2084 Θεὸς,
3560 2017 3657 2071 καὶ

2082 2116 2141 2182 ἐξ
2173 2115 2336 2170 αὑτοῦ
2376 2115 2800 2185 συναπτόμενος.
2824 2113 3132 2186 ἀνθρώποις
3162 2112 3219 2166 δὲ
3242 2110 3426 2176 πάλιν,
3460 2109 3536 2172 ὡς
3565 2108 3659 2162 ἀν·-

2083 2207 2302 2279 θρωπος
2323 2247 2338 2271 ,
2375 2207 2471 2260 καὶ
2525 2206 2664 2276 ἔχων
2708 2206 2806 2275 μὲν
2844 2207 2904 2258 ὲν
2954 2203 3131 2274 ἐαυτῷ
3161 2203 3250 2255 τὸν
3288 2200 3527 2270 Πατέρα,
3562 2200 3659 2252 καὶ

2082 2295 2158 2349 ῶν
2193 2297 2354 2360 αὐτὸς
2406 2297 2465 2348 ὲν
2506 2294 2584 2365 τῷ
2638 2294 2835 2364 Πατρί.
2888 2291 3186 2365 Χαρακτὴρ
3231 2290 3340 2360 γάρ
3389 2292 3504 2343 ἐστι
3561 2287 3660 2341 καὶ

2082 2387 2423 2458 ἀπαύγασμα
2458 2389 2557 2458 τῆς
2601 2385 2950 2445 ὑποστάσεως
2982 2383 3168 2447 αὑτοῦ,
3211 2383 3272 2436 οὐ
3305 2379 3660 2452 διωρισμένος

2081 2478 2185 2550 τῆς
2213 2478 2420 2542 οὐσίας,
2454 2471 2520 2548 ἧς
2563 2477 2677 2529 ἐστι
2706 2474 3010 2546 χαρακτὴρ,
3056 2472 3150 2526 καὶ
3183 2470 3242 2536 ἐξ
3282 2467 3350 2543 ἦς
3392 2469 3659 2540 πρόεισιν,

2083 2570 2159 2630 ὡς
2189 2568 2547 2636 ἀπαύγασμα,
2582 2566 2694 2619 ἀλλ’
2739 2567 2797 2618 ὲν
2838 2565 2975 2635 αὐτῇ
3008 2580 3064 2616 τε
3091 2563 3164 2616 ὢν
3190 2561 3370 2623 αὑτὸς,
3401 2557 3496 2613 καὶ
3523 2556 3662 2626 ἔχων

2084 2659 2254 2730 αὐτὴν
2284 2661 2341 2712 ὲν
2369 2657 2569 2728 ἐαυτῷ,
2593 2659 2737 2728 ἡμᾶς
2765 2656 2823 2708 δὲ
2847 2655 3008 2708 πάλιν
3042 2656 3176 2725 έχων
3218 2654 3275 2705 ὲν
3305 2648 3502 2718 ἐαυτῷ,
3526 2644 3662 2699 καθὸ

2084 2753 2183 2821 τὴν
2213 2751 2486 2822 ἡμετέραν
2516 2750 2798 2822 πεφόρηκε
2832 2747 3016 2816 φύσιν,
3049 2746 3144 2800 καὶ
3171 2747 3328 2815 σῶμα
3355 2742 3448 2796 τοῦ
3487 2741 3663 2808 Λόγου

2087 2842 2462 2913 κεχρημάτικε
2492 2841 2553 2893 τὸ
2577 2841 2844 2911 ἡμέτερον
2895 2838 3070 2908 σῶμα.
3103 2835 3248 2907 Σὰρξ
3297 2833 3405 2904 γὰρ
3431 2833 3460 2884 ὁ
3492 2831 3664 2897 Λόγος

2087 2933 2321 3001 ἐγένετο,
2350 2931 2492 2986 κατὰ
2519 2931 2616 3002 τὴν
2657 2931 2903 2985 Ἰωάννου
2935 2929 3136 2998 φωνήν.
3172 2925 3460 2996 Πεφόρηκε
3483 2921 3540 2974 δὲ
3567 2919 3666 2989 τὴν

2088 3023 2361 3095 ἡμετέραν
2393 3023 2574 3092 φύσιν,
2613 3023 2748 3091 πρὸς
2792 3023 2890 3092 τὴν
2938 3020 3073 3074 ίδίαν
3107 3018 3276 3087 αὐτὴν
3314 3014 3668 3070 ἀναπλάττων

2091 3113 2257 3182 ζωήν.
2287 3115 2441 3166 Ἔστι
2467 3113 2523 3166 δὲ
2547 3113 2639 3165 καὶ
2666 3112 2826 3175 αὑτὸς
2853 3115 2909 3165 ἐν
2939 3113 3099 3181 ἡμῖν’
3129 3110 3342 3181 μέτοχοι
3369 3106 3476 3176 γὰρ
3502 3102 3667 3158 αὑτοῦ

2093 3206 2310 3270 πάντως
2341 3207 2662 3276 γεγόναμεν,
2691 3204 2788 3258 καὶ
2837 3204 3000 3259 αὑτὸν
3034 3202 3227 3274 ἔχομεν
3257 3203 3313 3254 ὲν
3343 3200 3553 3260 ἑαυτοῖς
3580 3195 3670 3248 διὰ

2091 3296 2184 3350 τοῦ
2233 3296 2566 3367 Πνεὺματος.
2600 3297 2699 3349 Διὰ
2748 3297 2858 3363 γὰρ
2902 3295 3079 3361 τοῦτο,
3132 3295 3226 3347 καὶ
3277 3291 3427 3354 Θείας
3455 3288 3669 3358 φύσεως

2090 3387 2393 3456 γεγόναμεν
2433 3388 2702 3452 κοινωνοὶ,
2753 3387 2848 3440 καὶ
2913 3386 3019 3439 υἱοὶ
3057 3380 3487 3456 χρηματίζομεν,
3528 3377 3670 3430 οὕτω

2091 3479 2187 3532 καὶ
2241 3479 2402 3532 αὑτὸν
2449 3479 2663 3550 ἔχοντες
2707 3481 2763 3530 ὲν
2802 3481 3014 3542 ἑαυτοῖς
3058 3479 3146 3531 τὸν
3191 3473 3410 3544 Πατέρα
3455 3469 3544 3524 διά
3575 3466 3669 3520 τοῦ

2092 3571 2243 3634 Υἱοῦ,
2280 3571 2376 3626 καὶ
2408 3572 2747 3643 μαρτυρήσει
2772 3573 2946 3640 λέγων
2974 3573 3002 3624 ὁ
3031 3568 3260 3630 Παῦλος·
3284 3567 3438 3618 «Ὅτι
3461 3563 3518 3618 δέ
3545 3563 3669 3614 ἐστε

2092 3664 2216 3727 υἱοὶ,
2241 3660 2624 3728 ἐξαπέστειλεν
2655 3666 2683 3716 ὁ
2713 3663 2844 3727 Θεὸς
2875 3663 2935 3715 τὸ
2959 3660 3182 3732 Πνεῦμα
3206 3658 3300 3712 τοῦ
3339 3655 3470 3710 Υίοῦ
3503 3653 3669 3708 αὑτοῦ

2091 3754 2172 3816 εἰς
2215 3751 2313 3814 τὰς
2353 3751 2577 3822 καρδίας
2618 3751 2794 3821 ὑμῶν,
2839 3749 3072 3820 κράζον·
3119 3746 3304 3810 Ἀϐδᾶ,
3330 3747 3358 3799 ὁ
3390 3745 3601 3814 Πατήρ.
3642 3761 3663 3794 ι

2094 3846 2171 3898 Οὑ
2197 3843 2305 3917 γὰρ
2325 3844 2509 3917 ἕτερόν
2539 3862 2590 3898 τι
2623 3842 2776 3916 παρὰ
2802 3843 2892 3897 τὸν
2927 3841 3055 3895 Υἰὸν
3107 3840 3169 3894 τὸ
3222 3838 3449 3909 Πνεῦμα
3475 3833 3666 3898 αὑτοῦ,

415 3933 562 3989 κατά
605 3951 670 4004 γε
705 3934 797 3988 τὸν
827 3934 885 3987 ὲν
915 3935 1202 4005 ταυτότητι
1236 3934 1415 4004 λόγον,
1452 3936 1598 4007 φημὶ
1639 3936 1698 3990 δὲ
1741 3940 1805 4009 τῇ
1859 3939 2082 4010 φυσικῇ.
2124 3939 2280 3992 Οὖτω
2341 3939 2399 3992 δὲ
2445 3941 2578 4011 ἡμῖν
2627 3939 2722 3994 τοῦ
2776 3941 2906 4009 περὶ
2949 3935 3153 3990 τούτων
3186 3932 3672 4007 προκεχωρηκότος

411 4029 594 4098 λόγου,
638 4028 771 4100 φέρε
831 4028 928 4100 τὴν
974 4029 1083 4084 τῶν
1129 4030 1506 4101 προκειμένων
1557 4031 1893 4102 παραθέντες
1939 4032 2200 4099 διάνοιαν,
2233 4037 2352 4097 ταῖς
2381 4031 2474 4087 τοῦ
2527 4034 2777 4102 Σωτῆρος
2825 4031 3026 4099 φωναῖς
3053 4027 3222 4098 αὑτὴν
3251 4024 3667 4096 ὲφαρμόσωμενο

488 4138 508 4171 ι
541 4118 599 4173 In
633 4121 725 4174 illa
755 4119 866 4184 die,
902 4121 1103 4190 inquit,
1125 4123 1472 4192 cognoscetis
1499 4123 1625 4191 quia
1651 4140 1751 4193 ego
1777 4139 1899 4179 sum
1938 4123 1980 4177 ir

2177 4148 2195 4179 ι
2232 4128 2320 4180 Ἐν
2347 4126 2528 4195 ἐκείνῃ
2551 4123 2659 4194 γὰρ
2692 4125 2758 4194 τῇ
2794 4122 2999 4192 ἡμέρᾳ,
3027 4117 3329 4189 γνώσεσθε,
3365 4116 3558 4187 φησὶν,
3589 4115 3672 4167 ὅτι

413 4208 576 4264 Patre
610 4223 771 4271 meo,
817 4217 874 4264 et
904 4225 1001 4264 vos
1032 4211 1087 4264 in
1123 4225 1244 4275 me,
1279 4219 1334 4265 et
1371 4227 1473 4282 ego
1521 4213 1577 4266 in
1613 4213 1788 4267 vobis.
1825 4233 1843 4265 ι
1881 4212 1980 4285 Eg!

2100 4219 2210 4287 ἐγὼ
2236 4220 2292 4272 ὲν
2321 4219 2398 4290 τῷ
2425 4219 2621 4286 Πατρὶ,
2641 4217 2736 4270 καὶ
2763 4216 2920 4285 ὑμεῖς
2942 4215 3000 4265 ὲν
3030 4213 3172 4282 ἐμοὶ,
3201 4208 3356 4277 κάγὼ
3394 4210 3450 4260 ὲν
3476 4208 3622 4276 ὑμῖν.
3645 4223 3665 4256 ι

413 4303 560 4359 enim
593 4304 716 4357 vivo
741 4344 754 4367 ,
791 4302 974 4374 inquit
1015 4321 1030 4360 :
1069 4304 1182 4357 vita
1207 4304 1356 4358 enim
1396 4321 1518 4358 sum
1555 4305 1861 4361 secundum
1895 4324 1980 4361 na-

2113 4309 2253 4379 Ἐγὼ
2290 4309 2389 4380 μὲν
2422 4308 2531 4381 γὰρ
2570 4306 2675 4373 ζῶ,
2705 4306 2868 4375 φησί·
2898 4301 3010 4374 ζωὴ
3041 4301 3150 4373 γάρ
3179 4301 3296 4372 εἰμι
3325 4298 3467 4352 κατὰ
3488 4296 3667 4366 φύσιν,

415 4405 618 4460 turam,
651 4403 705 4450 et
739 4395 930 4450 vivens
955 4409 1078 4450 esse
1111 4409 1292 4450 meum
1329 4397 1588 4465 templum
1613 4397 1851 4451 ostendi.
1888 4395 1980 4452 Sed

2100 4401 2196 4454 καὶ
2224 4400 2403 4465 ζῶντα
2431 4399 2522 4452 τὸν
2567 4394 2804 4469 ἐμαυτοῦ
2833 4395 3042 4464 δέδειχα
3075 4391 3220 4446 ναόν.
3260 4389 3401 4444 Ἀλλ’
3425 4390 3552 4443 ὅταν
3579 4386 3672 4440 καὶ

413 4501 540 4541 cum
571 4487 675 4556 ipsi
707 4487 872 4542 etiam
908 4502 1026 4552 vos,
1059 4488 1150 4556 qui
1187 4487 1570 4557 corruptibilis
1598 4495 1810 4542 naturae
1835 4489 1980 4553 estis,

2099 4494 2255 4562 ὑμεῖς
2284 4490 2455 4555 αὑτοὶ,
2480 4488 2727 4560 φθαρτῆς
2756 4488 2907 4550 ὄντες
2934 4485 3167 4556 φύσεως,
3194 4483 3402 4548 ζῶντας
3443 4481 3671 4543 ἑαυτοὺς

413 4577 664 4634 viventes
699 4578 981 4646 videritis,
1021 4577 1190 4650 824.
1233 4578 1303 4634 ad
1343 4580 1449 4634 mei
1491 4579 1754 4633 nimirum
1794 4579 1980 4635 simili-

2097 4555 2448 4651 θεῖυρήσητε,
2494 4555 2623 4630 ’καθ’
2667 4555 2960 4648 ἀμοιότητα
3003 4574 3100 4646 τὴν
3145 4574 3280 4645 πρός
3315 4589 3421 4644 με·
3462 4571 3583 4625 τότε
3607 4569 3671 4642 δὴ

415 4669 663 4724 tudinem
691 4709 706 4733 ,
743 4677 876 4724 tunc
907 4669 1106 4740 utique
1136 4670 1433 4726 manifeste
1458 4669 1831 4742 cognoscetis,
1863 4669 1980 4738 qui:

2095 4669 2400 4740 γνώσεσθε,
2429 4669 2523 4722 καὶ
2551 4667 2695 4738 μάλα
2733 4666 2944 4736 σαφῶς,
2967 4667 3048 4718 ὅτι
3072 4663 3186 4736 ζωὴ
3214 4663 3355 4718 κατὰ
3378 4661 3542 4732 φύσιν
3569 4662 3671 4715 ὑπ-

416 4763 529 4816 vita
572 4762 848 4818 exsistens
893 4759 1203 4817 secundum
1250 4769 1543 4826 naturam,
1589 4760 1699 4815 Deo
1737 4775 1802 4814 ac
1845 4759 1978 4812 Patr

2095 4764 2318 4834 ἅρχων,
2355 4760 2654 4831 ὑπάρχοντι
2703 4759 2798 4812 καὶ
2833 4758 2981 4829 αὑτῷ
3018 4759 3130 4827 ζωῇ
3181 4756 3321 4810 κατὰ
3371 4754 3533 4823 φύσιν
3593 4751 3670 4823 τῷ

415 4853 511 4920 qui
556 4860 611 4907 et
655 4853 774 4923 ipse
816 4853 929 4908 vita
963 4861 1048 4908 est
1090 4852 1397 4909 secundum
1434 4859 1686 4907 naturam
1729 4851 1980 4920 conjunx.

2093 4852 2213 4923 Θεῷ
2244 4853 2336 4906 καὶ
2369 4852 2541 4921 Πατρὶ
2567 4851 2776 4920 συνῆψα
2803 4849 2871 4903 δι’
2900 4847 3156 4920 ἐμαυτοῦ,
3179 4846 3465 4908 κοινωνοὺς
3483 4845 3673 4914 ὥσπερ

416 4958 516 5014 per
549 4943 818 5013 meipsum
840 4986 854 5009 ,
894 4953 1184 5000 consortes
1217 4943 1628 5014 quodammodo
1661 4957 1726 4996 ac
1761 4941 1980 5015 partici-

2099 4943 2195 4997 καὶ
2231 4941 2490 5014 μετόχους
2522 4939 2801 4994 ἀποτελῶν
2832 4937 2930 5008 τῆς
2958 4936 3265 5007 ἀφθαρσίας
3295 4932 3481 4988 αὑτοῦ.
3530 4931 3672 4999 Ἐγὼ

419 5051 517 5104 pes
542 5035 782 5092 reddens
813 5035 1247 5091 immortalitatis
1275 5035 1416 5105 ejus.
1449 5033 1562 5106 Ego
1590 5034 1869 5103 siquidem
1901 5047 1980 5087 na-

2103 5033 2203 5104 μὲν
2232 5032 2340 5103 γὰρ
2384 5028 2630 5100 φυσικῶς
2670 5029 2726 5082 ὲν
2774 5027 2980 5098 Πατρί·
3021 5025 3228 5097 καρπὸς
3268 5025 3376 5094 γάρ
3415 5023 3530 5092 εἰμι
3573 5021 3674 5090 τῆς

419 5129 679 5185 turaliter
707 5129 761 5183 in
786 5111 950 5182 Patre
983 5146 996 5181 :
1027 5127 1247 5183 fruetus
1277 5127 1480 5198 quippe
1509 5142 1626 5181 sum
1665 5124 1980 5181 substantias

2097 5125 2283 5188 οὐσίας
2311 5121 2475 5176 αὑτοῦ
2497 5163 2512 5188 ,
2543 5121 2638 5175 καὶ
2678 5121 2900 5192 γνήσιον
2930 5119 3208 5190 γέννημα,
3258 5116 3578 5186 ἐνυπάρχων
3613 5129 3672 5165 τε

417 5221 540 5291 ejus
564 5261 579 5286 ,
614 5235 679 5276 ac
715 5233 850 5274 vera
877 5219 1136 5290 genitura
1158 5257 1174 5285 ,
1207 5217 1262 5271 in
1293 5231 1360 5273 eo
1390 5217 1664 5272 exsistens
1686 5258 1701 5283 ,
1738 5225 1792 5271 et
1824 5231 1889 5270 ex
1923 5228 1980 5270 eo

2097 5216 2192 5272 καὶ
2222 5216 2279 5282 ἐξ
2323 5213 2486 5267 αὑτοῦ
2523 5211 2810 5284 πεφηνὼς,
2864 5209 2978 5281 ζωὴ
3006 5210 3069 5264 ὲκ
3098 5209 3245 5278 ζωῆς
3268 5247 3283 5271 ,
3333 5206 3489 5277 ὑμεῖς
3517 5204 3575 5257 δὲ
3614 5203 3674 5255 ὲν

417 5313 711 5377 exsistens,
743 5311 860 5366 vita
890 5325 957 5365 ex
995 5311 1101 5364 vita
1129 5327 1141 5363 :
1172 5320 1270 5362 vos
1296 5316 1479 5363 autem
1502 5309 1558 5362 in
1585 5323 1690 5372 me,
1718 5317 1772 5362 et
1801 5322 1902 5378 ego
1937 5308 1980 5362 in

2100 5308 2240 5379 ἐμοὶ.
2270 5305 2425 5374 κάγὼ
2447 5305 2505 5358 ὲν
2535 5305 2684 5374 ὑμῖν,
2715 5301 2852 5356 καθὸ
2879 5301 3096 5372 πέφηνα
3123 5300 3220 5370 μὲν
3243 5297 3526 5367 ἄνθρωπος
3541 5293 3673 5363 ἐγὼ,
3702 5293 3714 5315 ⁴

417 5405 576 5460 vobis
597 5443 611 5468 ,
663 5410 941 5474 quatenus
965 5418 1067 5475 ego
1099 5400 1319 5472 quidem
1351 5400 1516 5455 homo
1545 5401 1770 5469 apparui
1806 5418 1817 5451 :
1857 5416 1980 5454 con-

2101 5400 2388 5461 κοινωνοὺς
2425 5396 2481 5450 δὲ
2520 5395 2669 5460 θείας
2698 5394 2913 5465 φύσεως
2944 5391 3228 5458 ἀπέδειξα,
3271 5389 3333 5443 τὸ
3363 5388 3587 5458 Πνεῦμα
3616 5386 3706 5454 τὸ,

491 5621 533 5648 ’⁵
555 5617 761 5687 Ephes.
791 5638 827 5682 ι,
859 5622 940 5674 10.
1018 5620 1065 5650 ’⁵
1090 5617 1252 5672 llebr.
1297 5619 1465 5678 ".11.

424 5690 439 5724 ¹
481 5687 683 5745 Hoan.
721 5707 802 5756 ιιι,
836 5694 857 5744 1
962 5691 980 5721 ²
1022 5689 1200 5744 Galut.
1241 5706 1315 5754 iv,
1351 5691 1403 5743 ti.

1546 5623 1588 5650 ἰδ
1616 5621 1638 5674 Ι
1667 5619 1808 5673 Tim.
1861 5632 1918 5681 ll,
1953 5616 1980 5668 5

2085 5617 2126 5647 ’⁷
2162 5616 2322 5670 Hebr.
2355 5634 2391 5682 I,
2435 5617 2486 5672 5.
2565 5616 2610 5650 ³⁸
2649 5615 2803 5670 Juan.
2869 5631 2904 5676 ι,
2963 5612 3046 5666 M.
3123 5613 3166 5642 θ’
3217 5607 3258 5661 ιι
3297 5605 3446 5661 Pctr.
3527 5619 3580 5664 ι.
3621 5603 3698 5658 4(
