3892 6202
250 296 355 353 281

1303 296 1368 350 ΙΝ
1409 298 1699 353 JOANNIS
1738 301 2189 357 EVANGELIUM
2228 302 2357 360 LIB.
2394 305 2461 361 Χ.

3400 309 3510 364 282

253 391 389 463 ἐμὸν
435 392 705 456 ἐνοικίσας
742 394 891 463 ὑμῖν.
956 392 1044 444 Ἐν
1072 392 1206 461 ἡμῖν
1228 390 1336 462 γάρ
1364 396 1510 445 ἐστιν
1541 395 1569 446 ό
1601 394 1822 466 Χριστὸς

1939 407 2118 452 sortes
2149 408 2330 452 autem
2362 412 2574 454 natura:
2608 398 2810 453 divina:
2837 412 2940 453 vos
2973 398 3209 466 reddidi,
3244 397 3513 469 Spiritum

251 483 342 536 διὰ
382 483 477 536 τοῦ
515 484 863 554 Πνεύματος,
921 485 1282 554 μετατρέπων
1314 486 1394 548 είς
1438 485 1748 555 ἀφθαρσίαν
1772 485 1834 539 τὸ

251 576 569 649 φθείρεσθαι
596 578 860 646 πεφυκὸς,
893 578 986 631 καὶ
1016 576 1323 648 μετατιθεὶς
1348 580 1412 630 ὲκ
1439 577 1532 630 τοῦ
1564 578 1833 649 καταθνή-

251 684 405 721 σκειν
429 670 567 739 πρὸς
592 670 651 722 τὸ
678 672 749 740 μὴ
779 670 951 733 οὕτως
973 670 1212 741 ἕχον.Διὸ
1237 672 1332 724 καὶ
1361 673 1389 723 ό
1408 671 1615 735 Παῦλός
1642 689 1827 742 φησιν,

248 761 330 813 ὅτι
357 778 377 811 ι
416 762 663 832 Ἐγείρας
693 764 901 834 Ἰησοῦν
935 764 1169 834 Χριστὸν
1195 766 1260 817 ὲκ
1305 764 1535 833 νεκρῶν,
1563 764 1830 836 ζωοποιή-

248 869 333 904 σει
368 854 550 907 καὶτὰ
573 854 741 925 θνητά
771 856 996 925 σώματα
1024 856 1208 928 ὑμῶν,
1254 856 1343 910 διὰ
1366 856 1460 909 τοῦ
1492 856 1830 920 ἐνοικοῦντος

248 943 416 996 αὐτοῦ
453 945 769 1015 Πνεῦματος
798 948 855 998 ὲν
890 948 1037 1017 ὑμῖν.
1068 966 1085 997 ›
1140 948 1201 999 ΕΞ
1229 947 1337 1016 γὰρ
1372 947 1467 999 καὶ
1497 947 1740 1017 πρόεισιν
1766 950 1829 1000 ὲκ

248 1036 462 1108 Πατρὸς
504 1038 567 1090 τὸ
600 1039 823 1108 Πνεῦμα
852 1040 910 1092 τὸ
959 1039 1141 1107 ἅγιον,
1190 1040 1303 1093 ἀλλ’
1330 1039 1549 1110 ἔρχεται
1578 1041 1643 1093 δι’
1676 1040 1825 1103 Υξοῦ,

246 1129 343 1180 καὶ
390 1128 519 1181 ἴδιόν
565 1131 712 1181 ἐστιν
757 1129 943 1183 αὐτοῦ.
1015 1132 1199 1184 Πάντα
1239 1130 1347 1201 γὰρ
1393 1132 1458 1184 δι’
1500 1132 1628 1184 Υίοῦ
1676 1131 1829 1203 παρὰ

246 1220 483 1289 Πατρός.
520 1220 639 1273 Ὀτι
676 1221 787 1291 γὰρ
835 1222 921 1275 διά
952 1222 1045 1275 τοῦ
1073 1222 1386 1292 Πνεῦματος
1427 1225 1506 1285 είς
1534 1223 1680 1293 ζωὴν
1730 1224 1826 1275 ἀν-

242 1309 597 1383 επλάσθημεν
625 1312 724 1383 τὴν
766 1314 1003 1379 αίώνιον,
1033 1316 1061 1367 ό
1095 1313 1239 1376 θεῖος
1272 1317 1404 1385 ἡμῖν
1426 1316 1678 1385 Μελῳδὸς
1706 1318 1825 1369 ἐπι-

244 1406 621 1474 μαρτυρήσει,
683 1405 822 1475 βοῶν
864 1407 940 1469 ὼς
1002 1406 1139 1477 πρὸς
1180 1407 1271 1460 τὸν
1317 1406 1427 1459 τῶν
1478 1406 1613 1459 ὅλων
1652 1407 1783 1459 Θεόν
1808 1421 1822 1433 '

245 1514 267 1545 α
304 1495 634 1560 Ἀνοίξαντος
677 1498 770 1550 σοῦ
811 1501 911 1570 τὴν
956 1502 1149 1571 χεῖρα,
1220 1501 1291 1554 τὰ
1335 1502 1625 1572 σύμπαντα
1686 1501 1825 1571 πλη-

241 1587 500 1657 σθήσεται
554 1589 952 1659 χρηστότητοςο
1021 1590 1467 1662 ἀποστρέψαντος
1516 1591 1574 1644 δὲ
1628 1590 1722 1643 σοῦ
1766 1590 1825 1643 τὸ

236 1680 567 1750 πρόσωπον,
612 1680 1070 1751 ταραχθήσονται.
1127 1681 1462 1745 Ἀντανελεῖς
1499 1682 1560 1735 τὸ
1604 1681 1825 1751 πνεῦμα

1934 505 2115 544 meum
2149 492 2203 544 in
2233 492 2391 545 vobis
2440 492 2741 546 collocans.
2774 492 2831 545 In
2862 491 3022 547 nobis
3074 493 3220 545 enim
3250 501 3333 547 est
3352 491 3513 547 Chri-

1936 592 2056 637 stus
2095 598 2190 653 per
2220 583 2487 651 Spiritum
2510 624 2523 646 ,
2555 584 2622 637 ad
2657 584 3127 653 incorruptionem
3166 582 3514 639 transferens

1932 673 1987 727 id
2016 675 2161 743 quod
2199 682 2397 729 natura
2433 690 2534 730 sua
2571 684 2657 730 est
2687 676 3073 745 corruptibile,
3109 684 3162 729 et
3191 691 3219 728 a
3246 686 3422 729 morte
3445 677 3513 729 ad

1932 765 2407 819 immortalitatem
2459 765 2786 820 traducens.
2832 764 2988 819 Unde
3038 773 3091 819 et
3136 764 3339 822 Paulus
3392 767 3510 821 ait:

1938 872 1956 904 ι
1994 852 2095 918 Qui
2131 854 2420 909 suscitavit
2475 853 2660 909 Jesutn
2697 855 2976 908 Christum
3004 870 3033 908 a
3064 855 3332 920 mortuis,
3368 856 3513 908 vivi-

1931 945 2117 999 ficabit
2140 954 2192 998 et
2227 948 2478 999 mortalia
2511 963 2744 1017 corpora
2781 956 2987 1009 vestra,
3027 957 3260 1017 propter
3296 948 3515 1001 inhabi-

1932 1049 2139 1093 tantein
2174 1038 2435 1108 Spiritum
2465 1040 2587 1108 ejus
2624 1041 2676 1093 in
2710 1041 2870 1094 nobis
2903 1040 2943 1092 ³.
2981 1059 2999 1091 ι
3049 1039 3201 1093 Licet
3252 1042 3398 1094 enim
3446 1056 3512 1095 ex

1929 1132 2094 1185 Patre
2150 1132 2392 1201 Spiritus
2428 1144 2653 1185 sanctus
2690 1134 2981 1201 procedat,
3016 1133 3167 1187 venit
3206 1140 3387 1186 tamen
3418 1148 3515 1200 per

1929 1223 2152 1287 Filium,
2182 1234 2235 1278 et
2269 1226 2528 1293 proprius
2568 1232 2653 1279 est
2691 1225 2829 1295 ejus.
2860 1224 3055 1280 Omnia
3088 1227 3289 1294 quippe
3322 1233 3451 1279 sunt
3483 1240 3513 1279 a

1930 1317 2091 1372 Patre
2132 1334 2225 1387 per
2256 1316 2479 1371 Filium.
2514 1318 2669 1383 Quod
2708 1320 2855 1372 enim
2896 1334 2991 1387 per
3020 1318 3283 1389 Spiritum
3333 1320 3388 1372 in
3428 1321 3510 1373 vi-

1928 1416 2041 1462 tam
2069 1418 2327 1462 azternam
2366 1409 2652 1463 reformati
2678 1411 2873 1475 simus,
2908 1409 3129 1465 divinus
3166 1410 3328 1465 nobis
3356 1409 3513 1464 Psal-

1927 1497 2095 1551 mista
2149 1498 2306 1553 testis
2342 1496 2557 1561 aderit,
2601 1499 2850 1553 clamans
2908 1500 2975 1553 ad
3010 1501 3258 1554 universi
3294 1499 3510 1553 Deum:

1933 1607 1952 1641 ι
1992 1589 2288 1659 Aperiente
2316 1599 2367 1645 te
2400 1606 2623 1645 manum
2661 1599 2812 1645 tuam
2840 1632 2855 1656 ,
2902 1591 3089 1645 omnia
3132 1591 3513 1660 implebuntur

1926 1681 2213 1747 bonitate;
2248 1690 2532 1738 avertente
2559 1690 2743 1738 autem
2772 1695 2824 1738 te
2851 1681 3071 1752 faciem,
3106 1683 3501 1737 turbabuntur.

238 1774 438 1837 αὐτῶν,
471 1775 567 1827 καὶ
596 1774 932 1843 ἐπιλείψουσι,
973 1776 1069 1829 καὶ
1102 1777 1182 1838 εἰς
1210 1776 1301 1828 τὸν
1333 1775 1460 1845 χοῦν
1493 1774 1671 1829 αὐτῶν
1700 1778 1822 1829 ἐπι-

1939 1774 2158 1829 Auferes
2185 1776 2442 1844 spiritum
2477 1789 2690 1839 eorum,
2730 1784 2783 1830 et
2813 1774 3071 1829 deficient
3112 1782 3169 1828 et
3222 1776 3277 1828 in
3314 1775 3508 1843 pulve-

240 1867 587 1938 στρέφουσιν.
628 1868 1037 1933 Ἐξαποστελείς
1074 1869 1135 1923 τὸ
1159 1869 1383 1941 Πνεῦμά
1410 1886 1536 1934 σου,
1588 1871 1682 1923 καὶ
1708 1888 1824 1925 κτι-

240 1959 559 2030 σθήσονται,
595 1961 689 2013 καὶ
728 1962 1063 2025 ἀνακαινιεῖς
1096 1962 1157 2016 τὸ
1186 1963 1479 2033 πρόσωπον
1509 1962 1609 2033 τῆς
1639 1964 1760 2033 γῆς.
1795 1983 1815 2016 ι

249 2050 498 2115 Ἀκούεις
542 2052 691 2116 ὅπως
725 2052 1085 2125 συνετάραξεν
1121 2051 1200 2123 (1)
1231 2053 1364 2122 ἡμῖν
1402 2053 1502 2123 τὴν
1530 2052 1821 2124 ἀνθρώπου

236 2144 454 2215 φύσινὴ
485 2145 800 2217 παράϐασις
832 2148 866 2218 ἡ
898 2148 957 2199 ὲν
994 2145 1185 2217 Ἀδὰμ,
1219 2146 1315 2200 καὶ
1339 2147 1503 2200 οίονεὶ
1527 2145 1636 2199 τῶν
1662 2146 1822 2201 θείων

234 2236 585 2309 ὲντα).μάτων
608 2241 640 2310 ἡ
664 2238 1013 2311 ἀποστροφὴ,
1040 2239 1136 2292 καὶ
1158 2239 1239 2303 είς
1264 2238 1364 2310 τὴν
1393 2238 1530 2292 ἰδίαν
1557 2239 1663 2309 γῆν
1685 2240 1819 2293 ὐποο

233 2328 495 2397 νοστῆσαι
527 2328 958 2400 παρεσκεύασεν.
995 2329 1125 2382 Ὅτε
1152 2328 1209 2382 δὲ
1236 2328 1611 2395 ἐξαπέστειλεν
1641 2332 1669 2383 ό
1689 2330 1820 2395 Θεὸς

230 2420 295 2472 τὸ
320 2419 545 2491 Πνεῦμα
579 2420 775 2485 αὐτοῦ,
829 2420 925 2474 καὶ
963 2420 1222 2491 μετόχους
1268 2423 1415 2492 ἡμᾶς
1442 2421 1693 2487 ἀπέδειξε
1719 2423 1821 2494 τῆς

235 2510 375 2573 ἰδίας
403 2512 637 2580 φύσεως,
662 2514 754 2565 καὶ
778 2512 847 2566 δι’
873 2512 1036 2565 αὐτοῦ
1062 2513 1413 2583 ἀνεκαινίσθη
1439 2514 1499 2567 τὸ
1529 2515 1820 2583 πρόσωπον

228 2603 336 2672 τῆς
365 2604 489 2673 γῆς,
531 2603 1038 2675 μετεμορφώθημεν
1066 2605 1147 2667 εἰς
1177 2605 1477 2676 καινότητα
1507 2605 1687 2677 ζωῆς,
1718 2608 1818 2678 τὴν

229 2697 297 2749 ἐκ
332 2697 429 2766 τῆς
461 2696 736 2766 ἁμαρτίας
767 2696 1131 2760 ἀποϐαλόντες
1164 2696 1372 2768 φθορὰν
1395 2737 1408 2761 ,
1437 2699 1531 2751 κα)⁸
1558 2699 1655 2769 τῆς
1685 2700 1819 2752 αἰω-

229 2788 348 2840 νίου
384 2787 529 2859 ζωῆς
578 2786 823 2851 εἰσαῦθις
867 2788 1293 2860 ὲπιδραξάμενοι
1325 2789 1413 2843 διὰ
1453 2790 1554 2860 τῆς
1598 2794 1820 2861 χάριτος

229 2877 329 2930 καὶ
355 2877 768 2948 φιλανθρωπίας
788 2875 884 2930 τοῦ
915 2879 1121 2949 Κυρίου
1152 2880 1310 2950 ἡμῶν
1348 2880 1525 2951 Ἰησοῦ
1555 2882 1816 2952 Χριστοῦ,

224 2968 297 3021 δι’
324 2962 385 3021 οὗ
408 2969 502 3021 καὶ
536 2968 655 3039 μεθ’
688 2962 748 3022 οὗ
777 2967 854 3038 τῷ
875 2967 993 3038 Θεῷ
1023 2968 1115 3021 καὶ
1140 2970 1317 3040 Πατρὶ
1345 2971 1378 3040 ἡ
1406 2969 1531 3035 δόξα
1563 2972 1658 3024 σὺν
1681 2971 1819 3043 ἁγίῳ

227 3057 510 3129 Πνεύματι
540 3060 620 3122 είς
650 3060 778 3123 τοὺς
805 3059 1031 3122 αίῶνας.
1072 3060 1265 3131 ’Δμήν.

298 3234 320 3267 ⁸
364 3234 525 3289 Rom.
561 3251 679 3300 rm,
716 3236 803 3289 Η.
878 3238 900 3267 ⁸
937 3234 1086 3288 Psal.
1116 3249 1236 3299 cm,
1270 3233 1456 3290 28-30.

1924 1881 2042 1920 rem
2094 1881 2256 1921 suum
2309 1875 2678 1921 revertentur.
2722 1865 2954 1922 Emittes
2996 1864 3265 1936 Spiritum
3317 1874 3504 1930 tuum,

1924 1966 1977 2012 et
2008 1960 2379 2021 creabuntur,
2413 1967 2466 2013 et
2499 1958 2795 2013 renovabis
2836 1957 3033 2013 faciem
3077 1967 3238 2012 terrae
3262 1959 3302 2009 ⁵.
3334 1977 3353 2010 ι
3393 1960 3508 2011 Au-

1922 2052 2011 2107 dis
2041 2052 2316 2121 quomodo
2360 2052 2748 2121 praevaricatio
2786 2051 2839 2104 in
2875 2051 3049 2103 Adam
3095 2064 3159 2103 ac
3196 2050 3506 2103 divinorum

1922 2142 2311 2197 mandatorum
2331 2142 2643 2213 repudiatio
2668 2150 2923 2195 naturam
2943 2141 3186 2195 hominis
3216 2141 3510 2195 imminue-

1922 2234 2030 2299 rit,
2074 2242 2129 2290 et
2166 2235 2224 2288 in
2269 2245 2469 2289 terram
2510 2249 2666 2289 suam
2705 2234 2885 2289 redire
2943 2233 3205 2303 coegerit.
3242 2233 3313 2287 At
3357 2242 3508 2302 post-

1921 2342 2086 2398 quam
2138 2327 2289 2381 misit
2337 2326 2484 2383 Deus
2540 2325 2812 2396 Spiritum
2856 2339 3055 2391 suum,
3099 2333 3154 2378 et
3205 2323 3507 2393 participes

1920 2428 2136 2474 naturae
2160 2433 2275 2474 suae
2309 2435 2409 2475 nos
2444 2418 2704 2480 reddidit,
2737 2432 2801 2472 ac
2836 2432 2935 2487 per
2964 2430 3089 2470 eum
3122 2423 3385 2469 renovata
3422 2420 3507 2466 est

1921 2512 2091 2567 facies
2124 2521 2316 2577 terra},
2355 2512 2411 2566 in
2445 2512 2744 2566 novitatem
2782 2511 2906 2563 vita:
2937 2507 3227 2565 reformati
3262 2505 3466 2560 fuimus
3487 2542 3504 2569 ,

1920 2603 2171 2673 deposita
2206 2602 2565 2671 corruptione
2595 2601 2803 2671 peccati
2860 2608 2914 2654 et
2946 2607 3153 2654 aeterna
3189 2596 3370 2651 denuo
3391 2596 3507 2649 vita

1919 2705 2137 2765 recepta
2173 2710 2270 2764 per
2299 2695 2534 2764 gratiam
2574 2702 2628 2749 et
2656 2694 3054 2764 benignitatem
3081 2689 3299 2744 Domini
3324 2686 3507 2742 nostri

1916 2786 2045 2843 Jesu
2077 2788 2283 2841 Christi
2312 2825 2327 2850 ,
2356 2802 2454 2856 per
2483 2802 2647 2857 quem
2693 2795 2749 2839 et
2796 2801 2926 2839 cum
2967 2800 3078 2853 quo
3111 2783 3223 2836 Deo
3256 2795 3322 2835 ac
3351 2778 3504 2835 Patri

1920 2882 2096 2953 gloria
2125 2895 2251 2935 cum
2279 2888 2476 2936 sancto
2510 2877 2725 2950 Spiritu
2758 2878 2813 2933 in
2846 2877 3067 2934 saecula.
3095 2874 3292 2930 Amen.

298 3391 376 3460 (Ι)
403 3390 703 3455 Aubertus,
739 3390 1049 3456 συνέταξεν,
1085 3398 1139 3445 et
1168 3391 1225 3444 in
1256 3389 1522 3461 margine,
1554 3406 1645 3457 γρ.
1682 3387 1822 3441 συνέι

1939 3405 1997 3441 ιν.
2043 3386 2202 3441 Emr.

1804 3579 3488 3616 ==:_———=—‘_———_.—_-——_‘=.ﬁ

236 3580 1901 3615 ======—_—

749 3743 1319 3832 ΚΕΦΑΛΑΙΑ
1395 3744 1559 3829 TA‘
1601 3743 1748 3830 EN
1821 3738 1970 3827 ΤΩ

2074 3739 2522 3828 ΔΕΚΑΤΩ
2572 3743 2965 3831 ΒΙΒΛΙΩ.

1672 4119 2089 4211 CAPITA

1198 4307 1365 4375 ρυλε
1404 4309 1473 4364 1N
1504 4310 1711 4368 LIBRO
1751 4313 2012 4371 DECIMO
2049 4315 2575 4375 CONTINENTUR.

228 4604 312 4659 A'.
347 4604 820 4682 ᾯτίκατίοὺδξν
843 4608 1109 4682 ἑλᾴττων
1136 4614 1307 4668 ἐστίν
1331 4618 1363 4669 ό
1384 4616 1515 4682 Υἱὸς
1534 4616 1642 4671 τοῦ
1668 4621 1817 4676 Θεοῦ

300 4674 403 4756 καί
436 4676 694 4756 Πατρός)
740 4679 877 4744 ἴσος
902 4681 972 4733 δὲ
1003 4682 1257 4756 ’μᾶλλον
1294 4686 1392 4739 καί
1434 4674 1636 4753 ὅιὶοιος
1669 4674 1819 4747 κατά

299 4747 494 4827 φύσιν
515 4747 707 4827 αὐτῷ,
727 4747 1129 4827 ’προλεειμᾴὶνρυ
1144 4756 1367 4827 [δη-τούξ
1407 4775 1424 4807 ι
1457 4747 1527 4811 Εἰ
1552 4747 1820 4827 ἠγίαπίὶτέ

297 4833 403 4902 με,
430 4815 686 4902 ἐχάρηητε
718 4815 827 4902 dii,
870 4815 956 4902 ὅζὶ
978 4822 1093 4891 ἐγὼ
1123 4815 1280 4902 πρός
1302 4825 1413 4878 τὸν
1446 4815 1677 4902 Πατέρα
1708 4847 1818 4884 πο-

293 4887 569 4973 ρεύομαιέ
596 4887 746 4967 any
774 4890 975 4959 Πατήρ
1001 4887 1120 4959 μου
1139 4887 1351 4962 μείζων
1368 4914 1487 4965 μου
1515 4887 1706 4953 ἐσὲίν,
1738 4920 1755 4950 ι

230 4954 308 5009 B’.
365 4960 467 5035 0_tt
485 4974 575 5035 etp
593 4960 719 5035 ρεῳ
746 4960 1049 5035 xui-[largi
1068 4966 1393 5035 opoodatdc
1418 4967 1589 5020 ἐστιν
1610 4972 1641 5021 ό
1668 4970 1817 5035 Υἱὸς,

304 5027 405 5106 καὶ
435 5028 547 5106 οᾍὺχ
580 5028 941 5106 ἐτεροφρὴς,
980 5027 1122 5086 οὐδὲ
1164 5027 1429 5106 ἐκφυλὸς
1466 5038 1618 5091 κατά
1652 5027 1820 5106 τινάς

301 5096 426 5178 τῷν
449 5096 951 5178 δέειζτραμμένωξν,
969 5096 1361 5178 προκειμένρυ
1383 5096 1570 5173 ῥητοῦ
1594 5123 1609 5137 ’
1628 5127 1653 5178 γι
1680 5096 1821 5178 Ἐγῶ

301 5168 422 5243 sint
550 5166 836 5237 ἄμπελος,
872 5166 1041 5243 ὺμεῖξξ
1072 5173 1145 5225 τὰ
1173 5166 1458 5243 ὅιλήμαὶά
1492 5195 1510 5229 ι
1546 5177 1641 5233 καὶ
1687 5198 1705 5230 ι
1746 5166 1819 5232 ’Ὀ

304 5238 511 5306 Πατήρ
528 5256 646 5307 μου
676 5243 709 5293 ό
740 5242 995 5311 γεωργός
1018 5241 1209 5296 ἐστιν.
1241 5262 1260 5294 ι

307 5413 331 5445 ⁸
359 5411 519 5469 Joan.
552 5432 661 5482 xw,
701 5416 791 5473 ‘28.
870 5420 888 5449 ε
920 5416 1076 5474 Joun.
1106 5435 1193 5487 sv,
1240 5421 1351 5485 1,5.

1919 4621 1961 4677 Ι.
2005 4622 2155 4688 Quod
2187 4623 2335 4677 nulla
2371 4625 2426 4677 in
2461 4640 2515 4676 re
2558 4627 2734 4676 minor
2762 4626 2831 4679 sit
2870 4624 2980 4679 Deo
3015 4641 3077 4679 ac
3102 4624 3268 4678 Patre
3300 4623 3507 4692 Filius,

1995 4696 2085 4747 sed
2117 4694 2340 4761 wquatis
2371 4696 2551 4761 potius
2597 4697 2748 4763 eique
2780 4696 2975 4748 similis
3014 4696 3303 4749 secundum
3343 4709 3506 4750 natu-

1994 4780 2133 4825 ram.
2163 4766 2433 4832 proposito
2457 4764 2632 4836 dicto,
2669 4784 2684 4816 ι
2731 4764 2793 4819 Si
2823 4765 3115 4836 diligeretis
3158 4782 3259 4829 me,
3303 4770 3508 4836 φανάς-ο

1995 4835 2121 4905 retis
2155 4836 2353 4905 utique,
2375 4835 2501 4905 quia
2527 4852 2620 4905 ego
2658 4836 2790 4888 vado
2823 4835 2892 4887 ad
2917 4835 3157 4905 Patrem,
3187 4836 3315 4905 quia
3340 4837 3508 4892 Pater

2002 4904 2177 4971 major
2204 4904 2283 4955 me
2321 4915 2397 4957 est
2432 4904 2474 4957 ⁸.
2509 4924 2527 4955 ι

1924 4972 1988 5029 Il.
2050 4974 2204 5038 Quod
2240 4975 2344 5028 Deo
2388 4991 2451 5027 ac
2492 4974 2648 5027 Patri
2678 4974 3160 5030 consubstantiatis
3195 4977 3265 5030 sit
3299 4975 3506 5043 Filius.

1999 5061 2106 5097 non
2144 5044 2567 5118 autemalterius
2601 5054 3028 5118 naturw,gneque
3053 5046 3250 5102 dirersi
3278 5051 3506 5118 generis,

2000 5125 2054 5167 ut
2073 5115 2335 5185 λιοηηιιιίὶ
2384 5130 2658 5183 perperam
2717 5116 2973 5180 sentiunt,
3012 5115 3294 5185 proposito
3338 5119 3503 5182 dicto,

2005 5204 2023 5235 ι
2065 5183 2172 5255 Ego
2206 5202 2321 5238 sum
2354 5186 2492 5251 vitis,
2525 5203 2610 5241 vos
2638 5187 2924 5255 palmites;
2955 5204 2972 5238 ι
3003 5183 3075 5253 et,
3104 5183 3121 5239 ι
3151 5188 3307 5242 Pater
3355 5204 3503 5243 metu

2001 5255 2239 5326 agricola
2282 5267 2378 5311 est.
2417 5274 2435 5307 ι
