3892 6202
384 324 490 380 283

1379 310 1436 366 S.
1467 307 1739 364 CYllllJJ
1779 301 2252 360 ALEXANDRINI
2289 295 2610 354 ARCHIEP.

3539 277 3649 337 284

395 449 3646 508 ______________________.____________

946 658 1118 745 ΕΙΣ
1163 657 1310 742 ΤΟ
1389 646 1691 740 ΚΑΤΑ
1781 646 2286 735 ΙΩΑΝΝΗΝ

2386 637 3088 728 ΕΥΑΓΓΕΛΙΟΝ

1493 865 1934 955 ΒΙΒΛΙΟΝ
1977 860 2533 950 ΔΕΚΑΤΟΝ.

731 1265 853 1352 1N
908 1260 1420 1354 JOANNIS
1489 1257 2274 1352 EVANGELIUM
2348 1254 2706 1342 LIBER
2769 1248 3332 1343 DECIMUS.

458 1651 763 1724 825-26
794 1647 938 1715 XIV,
973 1647 1065 1703 21.
1109 1647 1217 1715 ριιὶ
1243 1646 1400 1702 habet
1456 1645 1719 1700 mandata
1744 1659 1863 1700 mea
1913 1652 1964 1699 et
1993 1646 2038 1703 Α

389 1755 566 1802 servat
581 1762 664 1809 ea,
696 1743 877 1811 ittefest
902 1742 993 1812 qui
1022 1741 1202 1811 diligit
1226 1757 1330 1806 me;
1356 1739 1450 1811 qui
1470 1749 1644 1794 autem
1667 1738 1967 1808 ditigitme,

389 1836 643 1906 diligetur
672 1853 705 1889 a
737 1834 900 1888 Patre
923 1849 1036 1888 meo
1067 1849 1085 1887 :
1110 1842 1160 1887 et
1189 1849 1282 1904 ego
1313 1831 1538 1904 diligtm
1554 1847 1695 1896 eum,
1719 1840 1770 1884 et
1791 1830 1968 1884 mani-

391 1930 598 2000 {estabo
620 1931 669 1984 ei
701 1928 978 1996 meipsum.

465 2017 708 2089 Mysterii
759 2017 1152 2071 revelationem
1205 2022 1340 2069 tunc
1368 2014 1677 2085 praesertim
1734 2010 1971 2067 mani-fe-

391 2121 531 2168 stam
569 2111 685 2165 fore
718 2109 933 2171 dicens,
968 2124 1092 2163 cum
1141 2123 1242 2164 nos
1277 2107 1346 2161 ad
1390 2107 1515 2178 ejus
1549 2105 1967 2162 similitudinem

392 2205 636 2260 viventes
665 2202 1122 2273 conspexerimus
1155 2219 1168 2256 :
1203 2219 1222 2252 ι
1258 2197 1399 2256 Vivo
1438 2200 1585 2256 enim
1612 2214 1737 2270 ego,
1770 2199 1968 2269 inquit,

391 2307 446 2351 et
470 2310 570 2351 vos
624 2294 823 2350 vivetis
854 2295 874 2326 ⁷
912 2311 926 2348 :
961 2312 980 2347 ι
1011 2292 1172 2364 cujus
1216 2292 1293 2348 rei
1344 2291 1482 2347 ﬁdes
1525 2291 1826 2361 unicuique
1881 2292 1973 2346 tiet

391 2403 500 2442 non
534 2403 601 2442 ex
651 2387 720 2441 iis
766 2400 888 2456 quae
927 2385 1202 2451 audierit,
1249 2384 1345 2440 sed
1384 2399 1452 2440 ex
1500 2399 1682 2439 rerum
1721 2386 1968 2454 ipsarum

393 2478 747 2548 possessione
773 2475 1165 2547 promissionis
1211 2474 1420 2531 exitum
1455 2475 1782 2545 reportanti.
1823 2473 1971 2530 Prae-

391 2577 504 2625 stat
533 2570 679 2626 enim
714 2567 1153 2638 erperimentum
1191 2566 1380 2622 verbis
1419 2567 1489 2622 ad
1524 2567 1968 2636 persuadendum

395 2662 667 2732 [idemque
693 2669 848 2715 certo
876 2659 1206 2714 faciendam.
1244 2656 1446 2713 Verum
1479 2673 1548 2712 ne
1583 2666 1696 2712 tam
1733 2669 1970 2730 augusto

393 2755 543 2810 dono
572 2765 804 2810 cunctos
843 2753 1052 2824 passim
1089 2752 1197 2807 l'rui
1238 2767 1402 2822 posse
1436 2759 1718 2822 putemus,
1748 2753 1971 2810 tametsi

394 2849 552 2918 probi
579 2863 690 2902 non
719 2847 834 2901 sint
859 2861 924 2901 ac
953 2846 1143 2901 divino
1173 2852 1321 2901 metu
1349 2844 1634 2910 illustrati,
1669 2861 1968 2917 personam

395 2956 589 2995 eorum
620 2955 650 2994 a
681 2940 882 3010 quibus
920 2939 1170 3009 diligitur
1195 2937 1380 2992 statim
1425 2937 1750 3006 subjiciens,
1791 2939 1970 2994 mani-

394 3033 536 3089 feste
587 3032 829 3089 ostendit
880 3030 1060 3085 nullos
1114 3029 1256 3085 alios
1313 3036 1426 3083 tam
1483 3029 1970 3100 incomparabilem

394 3120 630 3192 gratiam
684 3120 970 3190 suscipere
1023 3134 1206 3188 posse,
1259 3118 1368 3174 nisi
1425 3119 1521 3188 qui
1573 3129 1723 3174 recte
1755 3120 1974 3174 vivendi

395 3213 544 3265 viam
585 3211 932 3268 institerint:
977 3209 1033 3264 hi
1067 3210 1214 3265 enim
1239 3217 1372 3266 sunt
1411 3210 1502 3280 qui
1549 3210 1791 3281 diligunt
1821 3226 1971 3267 eum.

395 3303 550 3360 Licet
575 3305 722 3359 enim
752 3303 1013 3359 Christus
1044 3304 1294 3358 omnium
1343 3319 1582 3374 corpora
1627 3305 1975 3360 excitaturus

399 3395 474 3452 sit
503 3395 822 3466 (resurgent
849 3395 996 3450 enim
1053 3394 1217 3465 827
1253 3395 1382 3449 boni
1425 3404 1589 3465 atque
1634 3395 1812 3462 mali),
1865 3411 1976 3450 non

396 3493 582 3542 tamen
613 3486 877 3542 omnibus
912 3485 1286 3542 indifferenter
1321 3486 1388 3541 ad
1428 3487 1659 3556 gloriam
1708 3497 1802 3541 aut
1835 3487 1975 3543 deli-

399 3579 520 3635 cias
602 3579 935 3634 reviviscere
985 3577 1228 3635 dabitur.
1290 3577 1644 3634 Manifestum
1697 3581 1845 3635 enim
1896 3588 1979 3635 est

399 3669 551 3742 quod
599 3670 655 3725 hi
700 3671 923 3740 quidem
968 3670 1195 3726 excitati
1231 3677 1440 3725 tantum
1483 3672 1552 3726 ad
1599 3672 1975 3742 supplicium,

402 3765 554 3819 omni
596 3771 775 3820 morte
804 3765 973 3819 vitam
1005 3763 1372 3819 crudeliorem
1408 3763 1651 3819 habituri
1698 3773 1851 3832 sunt,
1895 3763 1977 3817 illi

401 3871 534 3914 vero
564 3855 620 3911 in
665 3855 930 3913 felicitate
969 3857 1193 3928 longum
1225 3855 1490 3927 degentes
1526 3872 1724 3921 aevum,
1765 3856 1980 3926 optabi-

403 3950 508 4004 lem
544 3949 601 4004 in
640 3948 869 4004 Christo
912 3955 968 4004 et
1015 3959 1262 4004 sanctam
1292 3949 1462 4003 vitam
1516 3963 1708 4003 revera
1767 3950 1976 4004 vivent.

406 4040 564 4108 Quod
616 4041 762 4096 enim
801 4041 860 4094 hi
915 4041 1010 4111 qui
1061 4048 1309 4110 tempore
1354 4038 1550 4110 judieii
1611 4040 1899 4110 suppliciis
1949 4057 1982 4096 a

403 4133 624 4189 Christo
654 4140 784 4189 sunt
813 4131 1128 4196 addicendi,
1161 4139 1413 4187 exsortes
1439 4131 1616 4186 beata:
1645 4133 1768 4187 vitae
1809 4131 1980 4187 futuri

405 4227 539 4290 sint,
574 4224 830 4295 quamvis
874 4238 1222 4279 communem
1251 4223 1460 4278 sanctis
1500 4222 1977 4279 resurrectionem

2149 1640 2202 1693 '0
2231 1639 2389 1710 ἔχων
2430 1639 2537 1704 τὰς
2586 1634 2840 1700 ἐντολάς
2888 1650 3010 1703 μου
3052 1631 3151 1686 καὶ
3194 1631 3391 1699 τηρῶν
3441 1629 3653 1695 αὐτὸς,

2072 1733 2303 1798 ἐκεῖνός
2326 1732 2495 1785 ἐστιν
2523 1733 2555 1783 ὀ
2574 1725 2821 1796 ἀγαπῶν
2836 1743 2914 1796 με
2931 1742 2946 1757 ·
2969 1727 3003 1779 ὁ
3025 1724 3094 1777 δὲ
3116 1720 3364 1793 ἀγαπῶν
3385 1737 3481 1790 με.
3505 1722 3653 1786 ἀτα-

2072 1821 2406 1890 πηθήσετιιι
2433 1820 2550 1876 ὑπὸ
2581 1819 2688 1872 τοῦ
2718 1819 2946 1885 Πατρός
2965 1833 3085 1886 μου
3105 1833 3120 1846 ·
3168 1814 3330 1883 κάγὼ
3358 1813 3656 1882 ἀγαπήσω

2070 1916 2278 1978 αὐτόν,
2307 1915 2406 1968 καὶ
2425 1913 2735 1982 ἐμφανίσω
2761 1909 2921 1976 αὐτῷ
2952 1909 3230 1980 ἐμαυτόν.

2137 2007 2526 2079 Φανερωτέραν
2557 2005 2773 2060 ἔσεσθαι
2794 2004 2888 2058 τοῦ
2923 2003 3222 2074 μυστηρίου
3249 2002 3348 2071 τὴν
3369 2001 3652 2054 ἀποκαλυ-

2072 2102 2162 2174 ψιν
2189 2103 2311 2155 τότε
2357 2101 2420 2170 δὴ
2467 2099 2707 2169 μάλιστα
2747 2097 2921 2166 λέγων
2946 2099 3004 2150 ἐν
3033 2099 3200 2167 ἡμῖν,
3248 2096 3377 2149 ὅταν
3423 2095 3652 2156 ἑαυτοὺς

2072 2194 2480 2265 ἀπαθρήσωμεν
2522 2190 2732 2256 ζῶντας
2778 2188 2900 2243 καθ’
2951 2188 3245 2259 ὁμοιότητα
3288 2187 3387 2257 τὴν
3436 2185 3603 2239 αύτοῦ
3633 2200 3648 2212 ·

2079 2306 2097 2337 ι
2129 2285 2215 2339 Ζῶ
2241 2286 2347 2356 γὰρ
2377 2283 2552 2352 κάγὼ,
2581 2283 2736 2353 φησὶ,
2775 2281 3005 2352 ζήσεσθε
3037 2280 3094 2334 δὲ
3121 2281 3214 2333 καὶ
3240 2281 3415 2350 ὑμεῖς.
3449 2297 3467 2330 ι
3505 2278 3654 2345 Πλη-

2075 2377 2482 2450 ροφορουμένης
2511 2376 2699 2446 ὥσπερ
2719 2374 2818 2446 τῆς
2839 2375 3068 2428 ἑκάστου
3087 2371 3342 2435 διανοίας,
3365 2371 3466 2424 οὐκ
3494 2369 3554 2433 ἐξ
3577 2362 3655 2422 ὧν

2069 2471 2399 2543 ἠκροάσατο,
2425 2469 2519 2522 καὶ
2545 2467 2876 2521 πεπίστευκε
2899 2466 3078 2537 μόνον,
3103 2464 3217 2517 ἀλλ’
3247 2462 3306 2528 ἐξ
3338 2455 3411 2516 ὧν
3437 2460 3504 2515 ἂν
3533 2461 3650 2530 ἐχοι

2075 2564 2305 2635 μᾶλλον,
2340 2561 2704 2633 κομισάμενος
2736 2559 2837 2632 ἥδη
2865 2558 2965 2628 τῆς
2996 2557 3328 2626 ἐπαγγελίας
3357 2554 3420 2608 τὸ
3455 2555 3652 2625 πέρας.

2074 2658 2243 2726 Πεῖρα
2276 2654 2386 2725 γὰρ
2425 2653 2601 2722 λόγων
2632 2651 3024 2721 εὐσθενεστέρα.
3068 2648 3204 2719 πρὸς
3245 2648 3308 2701 τὸ
3337 2643 3655 2700 ἀναπείθειν

2071 2746 2329 2801 δύνασθαι
2374 2743 2471 2798 καὶ
2514 2743 2897 2814 πληροφορεῖν.
2955 2741 3074 2794 Ἵνα
3129 2739 3204 2810 μὴ
3256 2741 3420 2791 πᾶσιν
3443 2735 3658 2803 εάπλῶς

2073 2837 2396 2910 προκεῖσθαι
2447 2834 2755 2906 νομίζωμεν
2796 2833 2858 2886 τὸ
2905 2831 3107 2896 ἐξεῖναι
3157 2830 3318 2901 τυχὸν
3360 2829 3461 2898 τῆς
3513 2826 3659 2881 οὕτω

2074 2931 2278 3002 σεπτῆς
2293 2927 2595 2984 ἀπολαῦσαι
2621 2927 2851 2998 δωρεᾶς,
2866 2924 2962 2979 καὶ
2982 2924 3031 2977 εἰ
3055 2923 3129 2994 μή
3150 2939 3293 2986 τινες
3315 2916 3422 2974 εἷεν
3438 2921 3658 2989 ἁγαθοὶ,

2077 3023 2173 3078 καὶ
2196 3023 2275 3093 τῷ
2300 3022 2430 3092 θείῳ
2453 3019 2932 3091 λελαμπρυσμένοι
2957 3015 3108 3084 φόϐῳ
3127 3055 3143 3078 ,
3181 3014 3242 3067 τὸ
3261 3012 3370 3066 τῶν
3397 3012 3661 3081 ἀγαπών-

2076 3133 2184 3169 των
2203 3115 2366 3168 αὐτὸν
2394 3113 2686 3184 πρόσωπον
2709 3107 3059 3179 παραζεύξας
3085 3105 3246 3168 εὐθὺς
3265 3105 3343 3175 τῷ
3373 3104 3546 3174 λόγῳ,
3575 3104 3663 3156 δέ-

2075 3209 2251 3276 δειχεν
2272 3203 2517 3276 ἐναργῶς
2540 3204 2616 3266 ὡς
2635 3203 2735 3272 οὐχ
2759 3200 2964 3271 ἑτέροις
2983 3199 3123 3252 ἑλεῖν
3155 3197 3254 3268 τὴν
3283 3196 3456 3260 οὕτως
3485 3195 3662 3263 ἀσύγ-

2076 3315 2262 3370 κριτον
2281 3296 2496 3364 ἐξέσται
2520 3295 2701 3366 χάριν,
2730 3295 2780 3347 εἰ
2802 3293 2877 3364 μὴ
2896 3293 3007 3357 τοῖς
3041 3291 3240 3362 ἀριστο.
3259 3289 3347 3342 δια
3357 3288 3455 3360 ζῇν
3475 3288 3665 3359 ἑλομέ-

2076 3406 2186 3453 νοις
2204 3404 2221 3420 °
2236 3383 2378 3443 οὗτοι
2393 3387 2501 3458 γάρ
2519 3385 2584 3440 ἂν
2609 3381 2718 3439 εἷεν
2737 3385 2786 3438 οἱ
2807 3382 3127 3453 ἀγαπῶντες
3147 3381 3326 3437 αὐτόν.
3351 3381 3415 3433 Et
3440 3382 3548 3449 γὰρ
3568 3380 3665 3433 καὶ

2081 3481 2149 3536 τά
2195 3481 2413 3535 πάντων
2453 3477 2615 3548 τυχὸν
2658 3475 2901 3547 διεγείρῃ
2951 3473 3181 3544 σώματα
3221 3471 3454 3542 Χριστὸς
3498 3473 3662 3541 (ἀνα-

2081 3574 2366 3644 στήσονται
2393 3569 2501 3639 γὰρ
2535 3565 2762 3638 πονηροὶ
2789 3564 2886 3619 καὶ
2906 3562 3149 3633 ἀγαθοὶ),
3193 3561 3308 3616 ἀλλ’
3332 3561 3430 3632 οὐχ
3461 3560 3664 3614 ἀπασιν

2079 3660 2406 3731 ἀδιακρίτως
2439 3656 2575 3729 πρὸς
2617 3654 2776 3722 δόξαν
2799 3654 2832 3725 ἢ
2855 3651 3065 3724 τρυφὴν
3093 3653 3154 3704 τὸ
3181 3649 3483 3705 ἀναϐιῶναι
3511 3649 3664 3718 δοθή-

2082 3772 2258 3809 σεται.
2287 3750 2560 3823 Πρόδηλον
2609 3747 2720 3820 γάρ
2761 3746 2846 3800 ὅτι
2888 3747 2936 3799 οἱ
2971 3745 3069 3816 μὲν
3107 3742 3200 3796 ἐπὶ
3233 3742 3294 3796 τὸ
3334 3740 3662 3806 κολάζεσθαι

2085 3847 2244 3918 μόνον
2304 3841 2557 3904 λαϐόντες
2611 3838 2727 3909 τὴνξ
2759 3837 3054 3892 ἀνάστασιν
3079 3875 3096 3900 ,
3167 3833 3397 3888 θανάτου
3462 3831 3664 3895 παντὸς

2081 3935 2460 4009 ἀπηνεστέραν
2500 3932 2683 3996 ἕξουσι
2718 3929 2818 4002 τὴν
2871 3927 3017 4000 ζωὴν
3043 3967 3059 3993 ,
3111 3928 3159 3980 oi
3214 3926 3272 3979 δὲ
3319 3925 3563 3996 μακροὺς
3603 3925 3666 3976 ἐν

2086 4029 2448 4103 μακαριότητι
2506 4023 2786 4095 τρίϐοντες
2841 4021 3066 4093 χρόνους
3100 4057 3116 4083 ,
3185 4019 3442 4088 ζήσουσιν
3497 4017 3666 4078 ὅντως

2081 4120 2181 4193 τὴν
2211 4121 2269 4173 ὲν
2306 4112 2528 4187 Χριστῷ
2555 4109 2883 4164 πολύευκτόν
2917 4125 2976 4161 τε
3011 4107 3108 4162 καὶ
3135 4106 3299 4175 ἁγίαν
3325 4103 3492 4176 ζωήν.
3541 4103 3665 4156 Ὀτι

2083 4192 2194 4282 γάρ
2225 4209 2276 4264 oi
2305 4207 2404 4278 τὴν
2428 4206 2522 4260 ἐπὶ
2551 4203 2630 4274 τῷ
2649 4199 2970 4265 κολάζεσθαι
3002 4198 3184 4268 ψῆφον
3217 4192 3657 4266 ἀποκομίζεσθαι

405 4286 733 4383 sortiantur,
764 4317 1008 4373 ostendit
1029 4315 1251 4371 dicens:
1291 4335 1310 4368 ι
1339 4314 1445 4381 Qui
1467 4315 1642 4371 credit
1673 4315 1727 4369 in
1757 4314 1979 4378 Filium.

2089 4304 2376 4376 μέλλοντες
2419 4297 2570 4370 παρά
2599 4293 2837 4367 Χριστοῦ
2861 4333 2878 4358 ,
2907 4290 3052 4346 κατὰ
3078 4289 3169 4383 τὸν
3199 4289 3393 4383 mtpr
3415 4288 3515 4360 τῆς
3548 4286 3668 4383 κρί-

404 4411 570 4466 habet
604 4411 771 4466 vitam
806 4421 1065 4466 aeternam
1099 4428 1113 4464 :
1165 4409 1260 4479 qui
1301 4416 1484 4462 autem
1540 4407 1865 4464 incredulus
1896 4417 1982 4464 est

405 4501 567 4566 Filio,
604 4519 715 4558 non
745 4502 954 4558 videbit
987 4501 1174 4566 vitam,
1209 4500 1306 4555 sed
1347 4500 1430 4554 ira
1459 4497 1554 4554 Dei
1599 4510 1784 4555 manet
1817 4515 1985 4570 super

404 4610 529 4649 eum
557 4595 599 4646 ⁸.
639 4614 658 4647 ι
698 4594 1090 4648 Animadverte
1137 4593 1283 4646 enim
1318 4606 1430 4662 quo
1461 4597 1646 4661 pacto,
1695 4589 1823 4644 licet
1867 4605 1986 4644 om-

407 4702 506 4742 nes
560 4685 688 4740 boni
729 4699 794 4739 ac
845 4685 974 4739 mali
1022 4682 1336 4739 suscitandi
1387 4683 1521 4746 sint,
1577 4681 1984 4737 incredulitatis

406 4783 590 4830 tamen
624 4789 752 4829 reos
786 4787 855 4828 ne
886 4774 1106 4828 visuros
1136 4772 1360 4842 quidem
1398 4771 1568 4826 vitam
1607 4771 1778 4836 dicat,
1815 4771 1984 4826 vitam

407 4882 532 4922 esse
558 4865 841 4936 inquiens,
879 4881 985 4919 non
1040 4866 1233 4936 utique
1277 4879 1572 4934 resurgere
1606 4870 1842 4926 tantum,
1891 4862 1987 4918 sed

410 4959 584 5020 illam,
619 4957 834 5026 opinor,
859 4971 983 5024 quae
1013 4956 1069 5010 in
1106 4957 1296 5026 requie
1333 4965 1388 5011 et
1423 4955 1620 5026 gloria,
1667 4954 1990 5025 deliciisque

412 5049 779 5118 spiritalibus,
818 5063 928 5101 non
969 5055 1156 5102 autem
1204 5048 1328 5103 aliis
1361 5056 1638 5103 versatur.
1659 5045 1988 5102 Deliciarum

411 5150 593 5197 autem
613 5140 882 5210 spiritalis
900 5141 1098 5195 modus
1123 5147 1229 5203 est,
1252 5138 1501 5211 perfecta
1522 5137 1616 5194 Dei
1639 5138 1902 5210 cognitio,
1939 5145 1993 5192 et

413 5233 800 5305 mysteriorum
818 5231 1268 5288 Christianorum
1295 5231 1541 5301 perfecta
1565 5231 1852 5294 revelatio.
1877 5244 1990 5284 non

413 5326 470 5380 in
510 5327 738 5397 speculo
784 5340 981 5381 rursus
1029 5332 1083 5379 et
1127 5323 1182 5378 in
1224 5323 1512 5394 arnigmate
1540 5324 1597 5386 ',
1633 5323 1795 5377 sicuti
1844 5335 1994 5377 nunc

415 5418 684 5474 obscuros
743 5432 930 5472 rerum
985 5415 1347 5487 qumsitarum
1398 5414 1755 5470 characteres
1794 5413 1990 5479 edens,

416 5508 513 5562 sed
544 5515 655 5562 tota
691 5523 828 5578 pure
853 5508 908 5562 in
940 5509 1100 5564 nobis
1130 5509 1357 5564 elucens
1385 5515 1442 5563 et
1472 5507 1746 5572 emicans,
1789 5514 1843 5559 et
1870 5520 1994 5575 per-

420 5603 779 5658 fortissimam
847 5604 1096 5658 notitiam
1151 5604 1422 5660 inserens.
1461 5623 1478 5654 ι
1522 5602 1678 5669 Quod
1728 5601 1876 5657 enim
1921 5614 1987 5653 ex

494 5789 511 5817 ⁷
547 5784 709 5840 Juan.
729 5798 837 5848 λιν,
872 5783 953 5837 19.

2085 4413 2243 4460 σεως,
2268 4394 2526 4462 ἄγευστοι
2563 4387 2784 4460 μενοῦσι
2811 4385 2913 4455 τῆς
2953 4381 3230 4454 μακαρίας
3257 4381 3405 4451 ζωῆς
3425 4421 3440 4445 ,
3490 4379 3668 4433 καίτοι

2083 4489 2263 4543 κοινὸν
2291 4487 2403 4546 τοῖς
2442 4481 2620 4550 ἁγίοις
2661 4478 2722 4531 τὸ
2758 4473 3057 4530 ἀναϐιῶναι
3089 4472 3379 4542 λαχόντες,
3420 4469 3669 4541 παραδη-

2083 4580 2166 4633 λοτ
2190 4578 2363 4648 λέγων
2386 4593 2430 4626 ἰ
2462 4573 2523 4627 '0
2545 4569 2818 4625 πιστεύων
2843 4568 2924 4631 εἰς
2944 4566 3034 4620 τὸν
3058 4564 3210 4629 Υίδν,
3231 4563 3344 4636 ἔχει
3371 4562 3516 4633 ζωὴν
3539 4559 3670 4614 αἰώ-

2085 4689 2198 4726 νιον
2223 4687 2236 4701 ·
2276 4672 2306 4722 ὁ
2335 4668 2392 4721 δὲ
2425 4662 2666 4720 ἀπειθῶν
2689 4659 2768 4731 τῷ
2799 4656 2914 4730 Υίῷ
2933 4699 2948 4723 ,
2991 4657 3094 4710 οὐκ
3125 4656 3318 4726 ὄψεται
3359 4654 3459 4724 τὴν
3491 4653 3661 4723 ζωὴν,

2085 4763 2200 4818 ἀλλ’
2231 4764 2266 4833 ή
2313 4759 2454 4833 ὀργὴ
2497 4757 2594 4811 τοῦ
2627 4755 2763 4810 Θεοῦ
2795 4753 2947 4825 μενεῖ
2967 4752 3052 4804 ἐπ’
3079 4749 3262 4804 αὐτόν.
3295 4765 3312 4797 ι
3360 4745 3526 4809 Σύνες
3559 4745 3669 4814 γὰρ

2085 4857 2255 4919 ὅπως,
2289 4852 2468 4908 καίτοι
2500 4850 2717 4903 πάντων
2743 4843 2993 4917 πονηρῶν
3042 4857 3105 4895 τε
3148 4840 3242 4894 καὶ
3275 4836 3499 4906 ἀγαθῶν
3535 4837 3670 4890 ἀνα-

2089 4946 2382 5020 στήσεσθαι
2431 4939 2895 5016 προσδοκωμένων
2917 4976 2933 5001 ,
2969 4935 3098 4997 τοὺς
3143 4932 3362 5002 ἐνόχους
3409 4931 3520 4991 τοῖς
3567 4927 3671 4995 τῆς

2088 5019 2374 5102 ἀπειθείας
2401 5035 2743 5107 ἐγκλήμασιν
2763 5071 2778 5097 ,
2829 5029 2952 5084 οὐδὲ
2995 5027 3122 5081 ὅσον
3155 5021 3474 5091 ἀπαθρῆσαι
3511 5019 3670 5091 μόνον

2091 5133 2225 5205 φησὶ
2251 5130 2348 5202 τὴν
2391 5128 2570 5198 ζωὴν,
2601 5126 2747 5191 ζωὴν
2782 5119 2923 5177 εἶναι
2955 5120 3162 5205 λέγων,
3210 5115 3332 5185 οὐχὶ
3609 5111 3673 5205 τὸ

2090 5201 2390 5293 ἀναστῆναι
2415 5218 2605 5291 μόνον,
2653 5215 2770 5270 ἀλλ’
2799 5211 3046 5281 ἐκείνην,
3075 5201 3258 5277 οἶμαι,
3289 5204 3385 5257 καὶ
3419 5202 3566 5273 μάλα
3595 5202 3673 5253 εἰ-

2091 5317 2265 5380 κότως
2287 5355 2302 5380 ,
2349 5313 2448 5384 τὴν
2493 5311 2551 5363 ὲν
2597 5305 2905 5362 ἀναπαύσει
2959 5303 3055 5358 καὶ
3097 5299 3223 5369 δόξῃ
3271 5297 3366 5350 καὶ
3411 5296 3668 5365 τρυφαῖς,

2091 5407 2495 5480 πνευματικαῖς
2522 5403 2580 5456 δὲ
2615 5398 2878 5472 δηλονότι,
2913 5396 3009 5450 καὶ
3035 5394 3133 5464 οὐχ
3159 5392 3393 5462 ἑτέραις.
3445 5387 3671 5480 Τρυφῆς

2091 5505 2149 5558 δὲ
2176 5502 2380 5575 τρόπος
2412 5492 2785 5566 πνευματικὸς
2805 5533 2821 5558 ,
2848 5491 2884 5561 ἡ
2911 5487 3094 5541 τελεία
3123 5487 3252 5554 περὶ
3277 5481 3416 5575 ρεού
3447 5479 3668 5575 γνῶσις,

2094 5595 2190 5650 καὶ
2212 5567 2335 5648 ’τῶν
2362 5589 2456 5644 ἐπὶ
2485 5582 2708 5658 Χριστῷ
2733 5579 3047 5654 μυστηρίων
3071 5579 3105 5650 ἡ
3128 5573 3357 5648 ἀκριϐὴς
3389 5567 3671 5626 ἀποκάλυ-

1030 5784 1049 5815 ⁸
1088 5779 1244 5836 ΙΙυιιιι.
1287 5780 1487 5846 “1,56.
1565 5778 1583 5808 ⁹
1625 5775 1642 5831 Ι
1679 5775 1806 5833 Cor.
1843 5787 1964 5838 λιιι,
2003 5770 2084 5826 12.
