3892 6202
300 286 410 342 285

1374 278 1441 334 IN
1473 278 1767 335 JOANNIS
1807 276 2262 334 EVANGELIUM
2332 276 2465 332 [ΛΒ.
2500 278 2571 335 Χ.

3466 276 3576 332 286

300 400 415 467 ψις,
447 398 549 452 οὐκ
583 399 640 451 ἐν
673 397 923 469 ἐσόπτρῳ
956 397 1120 451 πάλιν
1165 395 1259 449 xui.
1291 396 1348 449 ἐν
1377 397 1682 467 αἰνίγματι,
1714 396 1879 449 καθά-

1995 407 2152 466 parte
2172 402 2257 451 est
2290 396 2677 462 evacuabitur,
2712 416 2730 448 ›
2761 396 2917 466 juxta
2947 395 3105 451 Pauli
3132 411 3322 451 vocem
3350 394 3415 448 ¹⁰.
3437 393 3575 446 Cum

302 508 409 562 περ
448 490 543 543 καὶ
591 489 687 542 νῦν
714 490 990 561 ἀμυδροὺς
1030 490 1161 560 ήμῖν
1205 487 1313 541 τῶν
1357 486 1708 559 ζητουμένων
1760 490 1888 551 τοὺς

301 579 658 654 χαρακτῆρας
700 583 1040 653 ἐμφαίνουσα
1060 621 1075 645 ,
1113 580 1225 634 ἀλλ’
1255 580 1352 651 ὅλη
1388 580 1647 651 καθαρῶς
1672 583 1728 635 ἐν
1754 582 1889 651 ήμῖν

300 673 692 744 διαφαινομένη
728 691 787 726 τε
825 674 920 728 καὶ
948 674 1262 743 λάμπουσα,
1289 673 1383 725 καὶ
1410 673 1759 743 τελειοτάτην
1788 674 1889 740 ἐμ-

303 765 535 819 ποιοῦσα
564 766 665 837 τὴν
699 764 926 836 εἴδησιν.
965 784 982 814 ι
1035 766 1108 818 Τὸ
1132 766 1241 835 γὰρ
1274 766 1338 817 ἐκ
1372 764 1574 835 μέρους
1606 781 1888 835 καταργη-

301 858 567 927 θήσεται,
608 878 625 908 ι
670 858 814 911 κατὰ
853 858 952 927 τὴν
995 856 1088 910 τοῦ
1117 856 1330 910 Παύλου
1366 858 1570 926 φωνήν.
1612 856 1888 909 Διδάσκων

300 948 592 1019 τοιγαροῦν
642 950 791 1019 ἡμᾶς
837 948 866 1000 6
896 946 1101 1018 Κύριος
1134 945 1291 1016 ήμῶν
1333 947 1542 1015 Ἰησοῦς
1577 947 1604 998 6
1654 946 1889 1017 Χριστὸς

299 1042 382 1094 ὅτι
408 1044 522 1104 τοῖς
554 1042 775 1111 ἀγαπᾷν
808 1039 1082 1109 ἑλομένοις
1116 1037 1299 1098 αὑτὸν,
1331 1039 1424 1091 καὶ
1452 1043 1565 1099 τοῖς
1588 1038 1696 1090 τῶν
1727 1038 1888 1091 θείων

301 1132 467 1184 αὐτοῦ
521 1130 892 1203 κηρυγμάτων
944 1131 1229 1200 ἐργάταις,
1267 1130 1428 1199 ήτῆς
1490 1129 1888 1198 ἀποκαλύψεως

299 1225 615 1293 ὑπόσχεσις,
634 1220 1061 1295 πρεπωδεστέρα
1082 1222 1142 1274 τέ
1164 1223 1302 1285 ἐστι,
1323 1222 1418 1274 καὶ
1444 1223 1664 1286 οἰκείως
1687 1223 1889 1293 ἔχουσα

304 1314 539 1383 μᾶλλον,
590 1315 650 1368 οὐ
690 1316 796 1386 μὴν
838 1316 950 1378 τοίς
989 1314 1250 1368 τάναντία
1292 1315 1663 1385 πεφρονηκόσι
1697 1332 1757 1367 τε
1796 1315 1890 1368 καὶ

298 1404 1031 1475 δεδρακόσι,χρησιμώτατα
1077 1407 1189 1467 τοῖς
1237 1404 1549 1474 εἰρημένοις
1587 1405 1885 1473 ἐπήνεγκε,

299 1496 473 1563 λέγων
499 1514 512 1526 ·
564 1515 584 1549 ι
627 1497 685 1550 '0
720 1496 859 1567 ἔχων
887 1494 986 1559 τάς
1013 1495 1234 1559 ἐντολάς
1280 1513 1412 1566 μου,
1455 1496 1549 1549 καὶ
1586 1496 1770 1567 τηρῶν
1792 1497 1889 1550 αύ-

298 1588 420 1650 τάς,
452 1581 608 1651 οὗτός
635 1589 781 1640 ἐστιν
807 1588 836 1639 6
856 1586 1085 1655 ἀγαπῶν
1119 1604 1205 1656 με.
1238 1605 1257 1637 ι
1298 1588 1453 1657 Ἔχει
1475 1586 1534 1640 δέ
1565 1604 1649 1651 τις
1672 1586 1771 1651 τὰς
1802 1588 1888 1641 ἐν⁸

298 1676 487 1740 τολάς,
531 1677 631 1746 τὴν
671 1676 852 1729 πίστιν
895 1676 1378 1747 παραδεξάμενος,
1413 1677 1508 1731 καὶ
1539 1676 1626 1731 διά
1663 1679 1886 1748 μνήμης

298 1768 512 1838 ἀγαθῆς
536 1770 615 1832 εἰς
640 1768 729 1821 τὸν
753 1771 949 1822 οἰκεῖον
978 1768 1409 1838 εἰσοικισάμενος
1438 1768 1561 1823 νοῦν
1582 1810 1596 1835 ,
1634 1770 1731 1841 τὴν
1754 1770 1881 1824 ἀθό-

299 1859 468 1914 λωτόν
492 1878 551 1914 τε
580 1862 673 1915 καὶ
701 1861 872 1930 διειδῆ
900 1861 1009 1914 τῶν
1034 1861 1410 1929 εύαγγελικῶν
1439 1862 1727 1933 δογμάτων
1757 1864 1883 1916 παί-

297 1952 514 2018 δευσιν’,
550 1953 751 2023 πληροῖ
793 1953 850 2006 δὲ
890 1953 1061 2015 αὐτὰς
1106 1954 1430 2024 πρακτικῶς
1463 1956 1736 2025 ἐνεργῶν,
1788 1956 1883 2010 καὶ

298 2046 363 2115 τῇ
414 2045 521 2097 τῶν
565 2044 861 2116 δρωμένων
909 2044 1255 2116 λαμπρότητι
1294 2047 1603 2118 διαπρεπὴς
1651 2048 1882 2119 ὁρᾶσθαι

298 2141 636 2205 σπουδάζων.
674 2142 893 2206 Τέλειος
918 2136 1012 2197 οῦν
1045 2142 1154 2213 ἀρα
1187 2143 1610 2213 καὶὸλοκλήρως
1643 2146 1879 2215 ἀπηρτι-

297 2232 494 2300 σμένος
542 2234 624 2295 εἰς
655 2232 965 2295 εὐσέϐειαν,
1012 2233 1041 2285 6
1086 2233 1265 2286 πίστει
1317 2251 1400 2302 τε.
1428 2234 1522 2287 καὶ
1569 2234 1767 2304 πράξει
1812 2235 1881 2288 δι’

295 2326 521 2394 ἀμφοῖν,
544 2324 734 2396 ὥσπερ
757 2325 848 2378 ἐπὶ
876 2325 1116 2396 ὁσιότητι
1145 2328 1211 2395 τῇ
1238 2324 1382 2378 κατά
1411 2326 1648 2395 Χριστὸν
1680 2344 1883 2397 μαρτυ-

298 2414 581 2486 ρούμενος.
619 2434 639 2468 ί
676 2416 803 2470 Ἐπὶ
830 2416 1096 2487 στόματος
1123 2416 1232 2487 γὰρ
1261 2416 1354 2470 δύο
1401 2416 1434 2486 ἢ
1467 2416 1634 2485 τριῶν
1676 2416 1883 2487 μαρτύ-

297 2525 408 2577 ρων
460 2507 790 2578 σταθήσεται
820 2509 927 2561 πᾶν
952 2510 1122 2579 ῥῆμα,
1153 2525 1171 2557 ι
1212 2507 1353 2560 κατὰ
1381 2506 1442 2560 τὸ
1470 2510 1878 2577 γεγραμμένον.

295 2599 401 2651 Τὸν
423 2599 482 2653 δὲ
503 2600 567 2670 δὴ
589 2600 853 2663 τοιοῦτον,
887 2599 1112 2661 εἰκότως
1139 2599 1419 2668 ἀγαπήσει
1449 2598 1548 2667 μὲν
1580 2599 1607 2650 6
1628 2598 1760 2663 Θεὸς
1786 2600 1881 2652 καὶ

295 2690 509 2763 Πατὴρ,
548 2692 827 2761 ἀγαπήσει
858 2692 915 2744 δὲ
948 2690 1100 2745 οὐδὲν
1125 2685 1286 2761 ἦττον
1312 2690 1407 2743 καὶ
1428 2690 1457 2741 6
1485 2689 1631 2752 Υίός.
1669 2690 1878 2763 Ὥσπερ

293 2783 405 2852 γάρ
473 2786 621 2838 ἐστιν
676 2783 990 2855 όμοούσιος,
1035 2782 1180 2836 οὕτω
1248 2784 1344 2837 καὶ
1397 2783 1755 2853 συνεθελητὴς
1800 2784 1879 2853 τῷ

297 2877 414 2947 ἰδίῳ
434 2879 735 2948 γεννήτορι.
760 2879 907 2941 Μιᾶς
926 2876 1035 2947 γὰρ
1055 2877 1241 2939 οὐσίας
1264 2876 1322 2929 ἓν
1344 2876 1515 2945 δήπου
1558 2875 1618 2927 τὸ
1644 2875 1875 2945 θέλημα,

294 2968 390 3022 καὶ
421 2969 622 3031 σκοπὸς
657 2970 739 3037 ἐφ’
766 2968 969 3022 ἅπασιν
1008 2964 1108 3033 εἷς,
1144 2969 1240 3021 καὶ
1272 2967 1333 3021 τὸ
1370 2966 1672 3034 διαφωνοῦν
1705 2966 1874 3030 οὐδὲν,

291 3060 461 3128 ἤγουν
484 3059 563 3121 εἰς
586 3059 781 3128 ἑτέραν
816 3058 911 3112 καὶ
934 3058 1126 3127 ἑτέραν
1146 3056 1475 3125 κατασχίζον
1498 3056 1735 3126 θέλησιν.
1751 3058 1875 3119 Τοῖς
1903 3095 1944 3151 c

290 3167 358 3218 γε
389 3150 494 3220 μὴν
513 3149 616 3217 τῆς
637 3148 789 3211 θείας
807 3148 1028 3217 ἀγάπης
1058 3147 1379 3217 ἠξιωμένοις
1402 3146 1655 3218 λαμπρὸν
1681 3148 1876 3200 ἐπιδώ-

293 3260 411 3296 σειν
441 3245 503 3296 τδ
526 3244 696 3314 γέρας
727 3241 1145 3310 ἐπαγγέλλεται,
1177 3240 1270 3293 καὶ
1303 3240 1384 3293 ὅτι
1410 3242 1529 3302 ταῖς
1549 3240 1691 3311 ὑπὲρ
1720 3239 1876 3309 λόγον

290 3333 491 3397 αὐτοὺς
516 3331 847 3401 καταστέψει
875 3331 1126 3401 δωρεαῖς,
1153 3350 1169 3381 ι
1194 3330 1509 3400 Ἐμφανίσω
1530 3330 1658 3401 γάρ,
1687 3333 1871 3400 φησὶν,

290 3424 445 3495 αὐτῷ
484 3423 742 3494 ἐμαυτόν.
790 3442 808 3473 ι
853 3421 1103 3492 Καθαροὶ
1137 3421 1245 3489 γὰρ
1282 3419 1432 3489 παρὰ
1466 3423 1579 3485 τοῖς
1618 3423 1878 3495 καθαροῖς

290 3518 344 3569 τί
376 3515 627 3586 περὶτῆς
664 3512 921 3577 θεοπτίας
956 3512 1168 3565 ἔσονται
1207 3512 1389 3579 λόγοι·
1433 3512 1731 3581 διαλάμπει
1765 3514 1821 3568 δὲ
1848 3517 1877 3568 6

291 3606 528 3677 Χριστὸς
555 3607 613 3659 ἐν
645 3605 827 3668 αὐτοῖς
847 3646 861 3670 ,
893 3603 980 3657 διὰ
1007 3603 1100 3657 τοῦ
1132 3603 1260 3656 ἰδίου
1289 3602 1529 3671 δηλονότι
1557 3605 1876 3676 Πνεύματος

290 3701 377 3762 εἰς
408 3698 614 3752 ἕκαστα
646 3695 752 3750 τῶν
780 3696 1007 3748 δεόντων
1053 3694 1406 3763 φωταγωγῶν
1427 3736 1441 3759 ,
1479 3696 1572 3749 καὶ
1614 3698 1875 3768 ἀρρήτοις

288 3790 404 3842 τισί
422 3788 728 3861 δᾳδουχίαις
748 3788 868 3849 ταῖς
890 3785 1031 3839 κατὰ
1047 3784 1137 3838 τὸν
1153 3784 1277 3838 νοῦν
1297 3785 1492 3837 ἑαυτὸν
1510 3786 1872 3841 ἐκκαλύπτων

291 3884 389 3937 καὶ
426 3881 641 3951 ἐμφανῆ
674 3878 954 3941 καθιστάς.
992 3879 1054 3931 Οί
1084 3876 1141 3930 δὲ
1176 3877 1321 3941 ἅπαξ
1349 3876 1582 3941 ἑλόντες,
1610 3879 1871 3950 μακάριοί

288 3992 355 4027 τε
395 3976 489 4030 καὶ
535 3971 786 4039 ζηλωτοί.
843 3970 953 4024 Καί
995 3986 1087 4038 μοι
1135 3969 1284 4023 δοκεῖ
1322 3969 1562 4033 τοιοῦτός
1605 3988 1689 4034 τις
1729 3967 1869 4027 εἶναι

288 4064 466 4132 λέγων
491 4065 520 4117 6
559 4062 845 4133 προφήτης
878 4058 1072 4112 Δαϐίδ·
1116 4077 1135 4111 ι
1183 4060 1513 4130 Ἀκούσομαι
1546 4061 1601 4114 τί
1637 4061 1871 4134 λαλήσεν

290 4158 351 4208 ἐν
382 4158 507 4226 ἐμοὶ
537 4154 739 4224 Κύριος
767 4154 795 4205 6
820 4151 972 4215 Θεός.
1001 4170 1019 4202 ι
1072 4151 1184 4204 Καὶ
1216 4150 1320 4222 μὴν
1355 4152 1447 4204 καὶ
1476 4152 1640 4215 αὐτὸς
1676 4154 1809 4223 ἡμῖν
1843 4155 1871 4206 6

1988 504 2122 559 ergo
2151 489 2378 545 doceret
2419 506 2521 545 nos
2552 488 2819 545 Dominus
2871 499 3061 546 noster
3106 488 3270 545 Jesus
3322 487 3577 542 Christus

1984 580 2348 652 diligentibus
2397 597 2458 636 se
2504 590 2562 637 et
2588 581 2777 635 divina
2833 582 2958 652 ejus
3016 580 3281 635 mandata
3314 578 3575 632 facienti-

1985 672 2093 727 bus
2118 672 2481 726 revelationis
2516 672 2948 741 promissionem
2992 670 3315 735 convenire,
3358 676 3412 722 et
3444 682 3574 737 pro-

1992 765 2167 835 priam
2204 780 2329 819 esse
2363 765 2545 833 potius
2582 781 2746 834 quam
2782 766 2852 819 iis
2890 765 2983 835 qui
3015 764 3299 819 contraria
3328 761 3577 816 sentiunt

1990 871 2055 910 ac
2094 856 2328 922 faciunt,
2367 858 2577 911 utiliter
2617 857 2783 912 dictis
2817 856 3128 925 subjunxit,
3154 854 3390 910 dicens:
3425 870 3443 904 ι
3470 852 3576 917 Qui

1990 948 2158 1003 habet
2192 949 2451 1003 mandata
2486 964 2629 1013 mea,
2660 958 2715 1004 et
2759 958 2946 1004 servat
2974 962 3058 1013 ea,
3094 948 3186 1001 ille
3211 954 3295 1001 est
3326 944 3419 1015 qui
3452 944 3577 998 dili-

1990 1042 2067 1111 git
2094 1057 2179 1096 me
2219 1041 2284 1094 “.
2324 1060 2342 1092 ι
2381 1039 2432 1096 Is
2479 1050 2662 1097 autem
2712 1041 2878 1094 habet
2925 1040 3209 1102 mandata,
3256 1037 3577 1107 quicunque

1990 1135 2150 1190 ﬁdem
2188 1135 2457 1204 suscepit,
2494 1143 2549 1190 et
2573 1151 2670 1205 per
2707 1136 2906 1188 bonam
2949 1133 3273 1187 memoriam
3299 1129 3575 1199 evangeli-

1990 1240 2180 1280 corum
2216 1234 2617 1296 praeceptorum
2669 1226 2982 1280 doctrinam
3021 1239 3215 1294 puram
3246 1238 3313 1276 ac
3346 1221 3572 1276 nitidam

1988 1328 2171 1372 mente
2205 1317 2415 1385 hausit,
2467 1334 2645 1389 eaque
2683 1329 2813 1373 actu
2863 1327 2919 1373 et
2954 1333 3122 1387 opere
3178 1316 3467 1384 adimplet,
3521 1320 3575 1365 et

1986 1405 2261 1463 factorum
2297 1409 2594 1477 splendore
2629 1410 2843 1463 clarere
2895 1408 3098 1463 studet.
3144 1406 3428 1460 Perfectus
3465 1407 3574 1457 ita-

1988 1514 2099 1569 que
2136 1508 2398 1570 totusque
2428 1501 2494 1555 ad
2527 1502 2786 1571 pietatem
2824 1500 3095 1555 formatus
3129 1500 3219 1553 ille
3250 1505 3334 1553 est
3378 1497 3473 1566 qui
3507 1514 3573 1549 ex

1987 1588 2077 1643 his
2111 1589 2352 1655 duobus,
2409 1592 2517 1646 (ide
2567 1592 2832 1645 nimirum
2894 1602 2948 1646 et
3000 1606 3192 1661 opere,
3263 1588 3574 1644 sanctitatis

1989 1680 2324 1737 Christiana:
2379 1683 2764 1738 testimonium
2819 1683 3029 1737 habet:
3095 1702 3113 1734 ι
3167 1681 3224 1735 In
3279 1696 3376 1735 ore
3428 1682 3572 1734 enim

1988 1775 2221 1827 duorum
2251 1782 2346 1826 aut
2388 1775 2552 1827 trium
2587 1773 2812 1827 testium
2852 1774 3022 1827 stabit
3052 1788 3215 1826 omne
3253 1772 3504 1833 verbum,
3551 1789 3568 1821 ο

1984 1872 2046 1917 ut
2071 1865 2341 1934 scriptum
2372 1873 2459 1919 est
2501 1866 2565 1918 η.
2595 1864 2928 1934 Quicunque
2962 1881 3093 1920 vero
3126 1865 3254 1919 talis
3298 1864 3391 1928 sit,
3426 1863 3575 1916 hunc

1978 1954 2105 2024 jure
2132 1956 2277 2011 Deus
2308 1971 2371 2010 ac
2394 1954 2559 2010 Pater
2587 1957 2798 2027 diliget,
2836 1972 2937 2011 nec
2983 1958 3168 2011 minus
3202 1958 3331 2012 item
3369 1954 3570 2013 Filius.

1986 2046 2057 2101 Ut
2084 2049 2229 2102 enim
2264 2048 2434 2117 828
2463 2056 2549 2102 est
2582 2047 3098 2113 consubstantialis,
3134 2049 3209 2101 ita
3245 2056 3299 2102 et
3322 2048 3571 2115 ejusdem

1981 2147 2068 2195 est
2096 2154 2221 2194 cum
2247 2138 2508 2195 Genitore
2537 2155 2640 2195 suo
2672 2139 2996 2195 voluntatis.
3037 2140 3218 2195 Unius
3250 2140 3396 2194 enim
3441 2139 3573 2193 sub-

1983 2231 2203 2287 stantia;
2246 2245 2354 2284 una
2395 2230 2591 2300 utique
2625 2239 2715 2285 est
2747 2231 3028 2295 voluntas,
3066 2246 3324 2300 unusque
3365 2245 3571 2299 scopus

1982 2321 2038 2374 in
2068 2320 2348 2384 omnibus,
2384 2335 2489 2374 nec
2530 2320 2904 2390 discrepantia
2934 2320 3065 2384 ulla,
3094 2335 3202 2388 qua
3247 2320 3300 2372 in
3349 2319 3569 2373 diversa

1984 2412 2255 2466 ferantur.
2314 2411 2690 2483 Quoscunque
2745 2429 2879 2468 vero
2929 2412 3229 2467 dilectione
3282 2426 3382 2466 sua
3423 2409 3571 2464 Deus

1982 2503 2239 2573 dignatus
2273 2501 2463 2566 fuerit,
2498 2501 2567 2556 iis
2612 2503 2830 2556 clarum
2868 2502 3155 2572 prmmium
3198 2499 3459 2555 daturum
3510 2517 3570 2556 se

1982 2594 2298 2664 pollicetur,
2332 2608 2542 2661 eosque
2573 2593 2738 2648 donis
2789 2595 2941 2647 omni
2980 2592 3230 2647 oratione
3264 2592 3569 2661 majoribus

1981 2694 2397 2739 coronaturum.
2440 2704 2459 2736 «
2507 2682 2876 2739 Manifestabo
2908 2685 3079 2746 enim,
3113 2685 3317 2754 inquit,
3363 2684 3409 2737 ei
3456 2699 3569 2736 me-

1980 2778 2182 2847 ipsum.
2217 2796 2235 2828 ι
2273 2776 2405 2831 Puri
2444 2777 2595 2833 enim
2653 2777 2800 2847 apud
2842 2792 3012 2846 puros
3041 2782 3203 2831 erunt
3251 2774 3319 2829 de
3352 2773 3445 2828 Dei
3485 2772 3570 2826 ν’.-

1979 2871 2134 2926 sione
2171 2885 2495 2925 sermones:
2534 2868 2851 2939 resplendet
2879 2885 3013 2924 vero
3046 2867 3307 2922 Christus
3353 2866 3409 2921 in
3456 2867 3565 2929 Iis,

1978 2978 2075 3032 per
2126 2976 2287 3017 suum
2322 2976 2520 3031 nempe
2556 2960 2823 3030 Spiritum
2867 2960 2938 3014 ad
2979 2959 3159 3014 cilicia
3205 2958 3422 3029 singula
3471 2973 3568 3013 eos

1977 3052 2276 3115 deducens,
2302 3060 2359 3106 et
2392 3051 2658 3108 ineffabili
2692 3052 3068 3107 illustratione
3097 3051 3341 3121 seipsum
3376 3064 3566 3103 eorum

1982 3144 2260 3199 mentibus
2315 3145 2573 3199 revelans
2636 3153 2802 3213 atque
2852 3143 3244 3197 manifestans.
3295 3139 3400 3207 Qui
3435 3155 3568 3193 vero

1982 3237 2152 3290 semel
2187 3250 2310 3289 eum
2358 3235 2725 3305 susceperint,
2758 3236 2903 3290 beati
2939 3246 2993 3289 et
3024 3234 3357 3304 spectabiles
3383 3241 3565 3287 erunt.

1982 3325 2136 3381 Talis
2162 3326 2291 3379 mihi
2326 3327 2545 3381 videtur
2575 3326 2745 3381 David
2783 3328 3070 3396 propheta,
3103 3341 3226 3381 cum
3254 3325 3331 3378 ait
3367 3343 3378 3377 :
3420 3328 3569 3376 «Au-

1982 3418 2130 3472 diam
2180 3418 2310 3486 quid
2365 3418 2622 3487 loquatur
2663 3420 2717 3472 in
2764 3435 2850 3474 me
2909 3418 3177 3473 Dominus
3233 3416 3380 3470 Deus
3417 3415 3481 3467 ¹³.
3542 3433 3559 3464 ι

1983 3509 2129 3577 Quin
2184 3520 2239 3564 et
2286 3510 2407 3579 ipse
2455 3509 2678 3566 divinus
2732 3511 3037 3581 Apostolus
3080 3510 3378 3565 scribens:
3422 3525 3439 3558 ι
3483 3509 3565 3560 An

1980 3602 2415 3671 experimentum
2456 3602 2708 3670 quaeritis
2746 3605 2867 3672 ejus
2918 3604 3010 3673 qui
3067 3603 3120 3655 in
3179 3617 3267 3657 me
3320 3601 3567 3668 loquitur

1980 3694 2237 3749 Christus
2270 3693 2360 3747 “?
2396 3714 2415 3745 ι
2445 3693 2719 3765 Loquitur
2756 3696 2899 3751 enim
2931 3697 2983 3749 in
3013 3698 3219 3751 sanctis
3251 3710 3349 3765 per
3386 3693 3561 3763 Spiri-

1982 3792 2118 3847 tum,
2140 3792 2257 3837 tum
2277 3800 2396 3848 sua,
2426 3793 2539 3838 tum
2563 3786 2668 3839 alia
2704 3795 2965 3855 praeterea
2998 3788 3252 3844 revelans
3273 3788 3562 3860 mysteria.

1977 3874 2193 3932 Idcirco
2230 3878 2380 3933 enim
2438 3885 2495 3933 et
2548 3887 2811 3934 accurate
2868 3894 2931 3935 ea
2990 3880 3365 3950 intelligentes
3424 3879 3565 3933 alias

1975 3969 2198 4040 quidem
2234 3971 2430 4024 aiunt:
2472 3988 2492 4022 ι
2530 3969 2701 4026 Nobis
2748 3974 3010 4028 revelavit
3042 3972 3189 4029 Deus
3240 3989 3338 4042 per
3390 3970 3566 4041 Spiri-

1976 4072 2094 4119 tum
2112 4065 2179 4133 ¹⁸;
2195 4066 2366 4121 ialias
2385 4081 2519 4120 vero
2540 4085 2583 4120 ε(
2600 4066 2705 4121 Nos
2723 4067 2926 4122 Christi
2946 4083 3166 4123 sensum
3191 4066 3525 4127 habemus”,
3540 4085 3558 4117 ι

1978 4170 2203 4210 sensum
2237 4154 2443 4211 Christi
2473 4155 2743 4227 Spiritum
2777 4159 2898 4226 ejus
2925 4176 3050 4215 esse
3076 4161 3346 4214 dicentes.

289 4250 435 4310 θεῖος
467 4244 795 4299 ἐπιστέλλων
837 4242 1157 4305 Ἀπόστολος
1180 4260 1194 4274 ο
1249 4262 1267 4293 ι
1301 4244 1363 4296 Εἰ
1389 4243 1619 4312 δοκιμὴν
1650 4243 1868 4313 ζητεῖτε
1905 4245 1999 4299 τοῦ
2032 4247 2090 4299 ἐν
2117 4246 2242 4317 ἐμοὶ
2270 4247 2562 4313 λαλοῦντος
2591 4251 2865 4321 Χριστοῦς
2906 4271 2925 4304 ι
2965 4253 3132 4305 Λαλεῖ
3190 4251 3297 4322 γὰρ
3333 4251 3393 4303 ἐν
3452 4250 3566 4311 τοῖς

289 4341 469 4408 ἁγίοις
501 4339 588 4394 διὰ
613 4338 707 4392 τοῦ
738 4337 1056 4405 Πνεύματος
1083 4336 1154 4388 τὰ
1183 4336 1301 4388 καθ’
1338 4337 1549 4398 ἑαυτὸν,
1580 4337 1675 4389 καὶ
1708 4338 1871 4407 ἕτερα
1906 4339 1963 4392 δὲ
1992 4339 2128 4411 πρὸς
2149 4340 2359 4404 τούτοις
2388 4342 2790 4395 ἀποκαλύπτων
2857 4346 3151 4416 μυστήρια.
3219 4342 3319 4395 Διά
3343 4341 3453 4410 γάρ
3483 4355 3564 4391 τοι

287 4434 471 4497 τοῦτο,
503 4435 598 4486 καὶ
627 4430 878 4491 συνέντες
915 4428 1157 4498 ἀκριϐῶς
1193 4426 1370 4492 αύτά,
1431 4428 1563 4481 ποτέ
1619 4428 1721 4498 μὲν
1787 4431 2075 4499 λέγουσιν,
2120 4432 2201 4485 ὅτι

2275 4452 2293 4485 ι
2340 4433 2504 4503 Ἡμῖν
2562 4435 2659 4504 μὲν
2695 4434 3044 4505 ἀπεκάλυψεν
3085 4437 3112 4488 6
3152 4434 3287 4498 Θεὸς
3337 4435 3426 4488 διὰ
3468 4433 3564 4487 τοῦ

287 4525 641 4596 Πνεῦματος,
673 4543 691 4575 ι
745 4523 875 4576 ποτὲ
905 4522 961 4575 δὲ
987 4522 1179 4587 πάλιν,
1210 4542 1228 4573 ι
1281 4523 1471 4593 Ἡμεῖς
1500 4524 1557 4576 δὲ
1588 4524 1713 4577 νοῦν
1742 4522 1981 4594 Χριστοῦ
2007 4523 2223 4593 ἔχομεν,
2257 4542 2275 4573 ι
2307 4523 2432 4576 νοῦν
2463 4519 2604 4578 εἶναι
2637 4526 2889 4593 λέγοντες
2953 4527 3014 4579 τὸ
3074 4525 3297 4594 Πνεῦμα
3374 4526 3559 4578 αὑτοῦ.

362 4616 530 4687 Λέγει
558 4615 720 4681 αὐτῷ
756 4618 976 4683 Ἰούδας
995 4656 1010 4678 ,
1042 4618 1155 4683 οὐχ
1184 4616 1606 4685 ὀἸσκαριώτης
1625 4633 1639 4646 °
1673 4619 1871 4685 Κύριε,

2052 4615 2193 4681 XIV,
2226 4616 2316 4671 22.
2352 4617 2493 4669 Dicit
2516 4620 2564 4671 ei
2591 4616 2788 4681 ludas,
2820 4636 2925 4673 non
2964 4621 3053 4673 ille
3086 4618 3371 4673 Iscariotes
3398 4637 3415 4673 :
3448 4619 3564 4673 Do-

286 4711 350 4763 tl
372 4708 639 4778 γέγονεν,
672 4707 758 4761 ὅτι
776 4708 921 4777 ἡμῖν
945 4708 1195 4778 μέλλεις
1218 4707 1559 4777 ἐμφανίζειν
1585 4709 1870 4774 σεαυτὸν,

289 4802 388 4856 καὶ
419 4799 556 4867 οὑχί
582 4798 662 4864 τῷ
692 4801 898 4870 κόσμῳ
915 4818 933 4865 ;

373 4893 463 4957 Ἐξ
501 4891 721 4960 ἀγάπης
771 4892 868 4961 μὲν
908 4890 1123 4964 πρόεισι
1161 4891 1614 4963 φιλοπευστήσων
1644 4892 1671 4944 6
1699 4891 1875 4961 μαθη-

295 4983 418 5054 τὴς,
455 4982 597 5055 πλὴν
637 4982 738 5034 οὐκ
764 4983 1007 5053 ἀκριϐῶς
1050 4985 1244 5054 ὁρᾶται
1290 4986 1471 5049 συνεὶς
1498 4984 1593 5038 τοῦ
1623 4986 1875 5057 Σωτῆρος

284 5076 381 5129 τὸν
413 5075 593 5142 λόγον.
651 5074 713 5128 Ὀ
747 5074 846 5144 μὲν
881 5075 990 5145 γάρ
1014 5076 1219 5143 Κύριος
1247 5077 1403 5147 ἡμῶν
1438 5076 1646 5148 Ἰησοῦς
1688 5077 1717 5129 6
1741 5079 1874 5147 Χρι-

286 5165 414 5228 στὸς
438 5164 712 5234 ἐξαίρετόν
730 5182 854 5217 τινα
874 5167 985 5228 τοῖς
1002 5164 1175 5233 ἁγίοις
1197 5167 1508 5238 ὑπισχνεῖτο
1529 5167 1628 5239 τὴν
1650 5168 1873 5234 γνῶσιν,

286 5257 383 5311 καὶ
396 5258 518 5326 οὐχ).
532 5260 598 5328 τῇ
611 5256 720 5309 τῶν
736 5255 912 5310 ἄλλων
932 5273 1006 5308 πα
1013 5258 1633 5329 ρεικασμένην.’1σχνότε
1643 5276 1727 5329 ροι
1766 5265 1876 5331 γὰρ

286 5349 384 5400 καὶ
414 5348 557 5401 κατά
591 5349 725 5401 πολὺ
757 5348 1101 5419 διειδέστεροι
1131 5349 1241 5401 τῶν
1270 5349 1428 5403 θείων
1460 5352 1774 5421 μυστηρίων
1822 5354 1871 5404 οἰ

285 5441 638 5512 χαρακτῆρες
668 5442 727 5494 ἐν
755 5444 867 5504 τοῖς
896 5441 1204 5512 ἀνθρώποις
1230 5444 1342 5505 τοῖς
1366 5442 1530 5507 θείοις
1562 5444 1873 5514 ἐκλάμπου-

1979 4708 2139 4767 mine,
2170 4708 2296 4776 quid
2336 4708 2538 4777 factum
2569 4720 2647 4763 ru
2688 4711 2816 4779 quia
2853 4712 3295 4780 manifestaturus
3324 4728 3378 4766 es
3412 4712 3561 4765 nobis

1982 4798 2238 4866 teipsum,
2278 4806 2328 4851 et
2356 4814 2459 4851 non
2490 4799 2686 4851 mundo
2706 4801 2732 4855 ?

2054 4887 2421 4945 Siscitaturus
2478 4889 2701 4960 quidem
2750 4891 3065 4947 dilectionis
3124 4891 3174 4946 vi
3230 4900 3285 4946 et
3318 4892 3559 4962 impulsu

1981 4981 2193 5035 accedit
2227 4979 2554 5051 discipulus,
2615 4984 2711 5039 sed
2771 5001 2882 5039 non
2933 4994 3189 5039 accurate
3250 4982 3562 5039 Servatoris

1972 5089 2283 5128 sermonem
2320 5090 2520 5145 capere
2549 5076 2786 5131 videtur.
2834 5076 3101 5131 Dominus
3164 5076 3309 5130 enim
3370 5085 3563 5130 noster

1970 5163 2134 5221 Jesus
2163 5165 2421 5221 Christus
2467 5166 2732 5220 eximiam
2768 5168 3068 5237 quamdam
3108 5167 3316 5222 sanctis
3368 5168 3560 5238 cogni-

1973 5258 2180 5313 tionem
2206 5258 2606 5325 pollicebatur,
2634 5276 2737 5314 ucc
2781 5261 3015 5315 aliorum
3061 5258 3367 5329 cognitioni
3402 5260 3560 5315 simi-

1972 5350 2100 5405 lem.
2134 5347 2464 5405 Subtiliores
2494 5351 2697 5420 quippe
2723 5366 2786 5404 ac
2817 5352 2988 5405 multo
3030 5352 3296 5408 clariores
3336 5350 3560 5405 divino-

1979 5456 2101 5496 rum
2135 5441 2525 5512 mysteriorum
2560 5442 2913 5500 characteres
2953 5444 3006 5498 in
3059 5443 3264 5499 divinis
3323 5442 3561 5498 homini—

361 5640 403 5669 '°
446 5638 612 5713 l_Cor.
642 5656 761 5713 sui.
806 5641 887 5696 10.
968 5642 1019 5713 ¹¹ν
1054 5641 1207 5713 δυοη.
1244 5642 1463 5701 xw.°.-.l.
1546 5645 1585 5677 “
1621 5643 1777 5701 Deut.
1816 5661 1928 5713 tux,
1956 5644 2045 5713 15',
2078 5642 2263 5698 Matth.
2302 5660 2455 5711 mu,
2503 5647 2576 5699 16.
2660 5647 2699 5680 ’³
2735 5646 2878 5702 Psal.
2903 5661 3121 5707 Lxxxw,
3154 5646 3208 5701 9.
3289 5646 3399 5702 “ll
3426 5646 3555 5703 Cor.

288 5725 415 5775 xm,
447 5710 501 5765 5.
579 5711 622 5742 ¹¹⁵
662 5709 837 5765 lCor.
867 5729 928 5771 II,
971 5712 1032 5766 10
1109 5715 1150 5743 “"
1187 5712 1322 5767 llud.
1360 5714 1440 5769 lU.
