3892 6202
356 275 465 335 287

1346 275 1409 330 S.
1435 271 1715 330 CYRILLI
1753 266 2220 326 ALEXANDRINI
2263 270 2586 326 ARCIIIEP.

3505 270 3612 327 288

357 398 462 452 bus
488 395 706 452 elucent
731 415 745 452 :
773 397 828 451 in
863 397 931 452 iis
960 411 1094 452 vero
1121 397 1216 467 qui
1251 397 1494 450 nondum
1522 396 1588 449 ad
1619 409 1740 450 eam
1778 407 1930 445 men-

2035 407 2120 443 σιν
2146 407 2160 420 ·
2221 394 2278 447 ὲν
2299 392 2358 445 δὲ
2381 394 2498 456 τοῖς
2520 389 2674 444 οὔπω
2708 391 2844 464 πρὸς
2872 387 3033 444 τοῦτο
3066 389 3281 460 φρενῶν
3304 389 3612 462 καθαρότη-

358 488 428 541 tis
461 487 753 557 puritatem
811 489 1181 557 pervenerint,
1220 497 1278 541 ut
1327 487 1701 556 cognitionem
1740 501 1933 541 eorum

357 593 481 648 quae
512 579 817 633 orationem
859 587 1122 647 superant
1165 579 1310 632 dono
1345 576 1588 646 Spiritus
1615 577 1762 631 clare
1809 590 1935 645 per-

357 671 540 740 cipere
575 683 803 739 queant,
845 672 1077 741 simplex
1109 672 1350 741 cognitio
1381 679 1681 740 spectatur,
1724 685 1846 740 quae
1879 671 1932 724 in

356 778 424 818 co
461 771 668 816 tantum
697 764 837 818 forte
875 774 1129 819 versatur
1169 766 1316 834 quod
1353 764 1537 818 sciunt
1584 763 1753 818 Deum
1812 779 1934 820 esse

357 854 655 921 Christum,
677 865 734 910 et
765 856 962 910 Filium
989 872 1177 911 revera
1199 856 1499 910 secundum
1530 865 1782 910 naturam
1813 855 1930 910 Dei.

359 945 493 1000 Cum
530 948 697 1015 igitur
729 956 942 1002 tantum
966 949 1308 1009 discriminis
1345 949 1667 1014 intercedat,
1707 957 1764 1004 et
1809 951 1932 1003 vul-

358 1039 572 1105 garium
608 1039 891 1092 hominum
929 1040 1172 1107 cognitio
1212 1041 1440 1093 multum
1497 1040 1565 1094 ab
1595 1054 1656 1094 ea
1706 1054 1826 1108 qure
1876 1038 1933 1092 in

357 1131 570 1183 sanctis
601 1131 848 1184 cernitur
874 1132 1166 1194 dissideat,
1194 1132 1346 1184 nullo
1377 1140 1558 1185 tamen
1611 1130 1933 1186 discrimine

355 1217 665 1287 discipulus
697 1221 909 1274 accedit
933 1236 1131 1290 rogans
1151 1221 1509 1290 quamobrem
1538 1237 1644 1275 non
1675 1223 1932 1278 omnibus

355 1311 693 1376 hominibus,
737 1313 828 1365 sed
865 1311 999 1368 solis
1048 1320 1258 1364 tantum
1296 1312 1508 1365 sanctis
1559 1312 1930 1366 revelaturum

356 1417 416 1456 se
446 1402 792 1471 polliceatur.
823 1402 956 1456 illud
985 1417 1140 1465 vero,
1169 1419 1187 1453 ι
1221 1402 1350 1471 quid
1382 1401 1588 1456 factum
1615 1414 1720 1464 est,
1757 1421 1778 1454 ι
1807 1417 1932 1456 cum

355 1493 468 1554 ait,
520 1493 690 1564 829
746 1494 852 1548 tale
903 1493 1166 1563 quiddam
1217 1493 1450 1548 innuere
1498 1495 1638 1548 velle
1669 1494 1927 1548 videtur:

357 1586 569 1655 Scopus
604 1588 681 1639 tui
725 1585 793 1638 ad
843 1599 944 1640 nos
977 1585 1248 1640 adventus
1307 1585 1405 1639 tibi
1451 1595 1555 1651 εει,
1586 1601 1620 1639 o
1666 1583 1928 1650 Domine,

354 1689 464 1729 non
528 1682 587 1727 ut
640 1673 920 1744 aliquibus
973 1675 1207 1729 seorsim
1261 1685 1424 1728 notus
1477 1673 1614 1736 ﬁas,
1653 1674 1929 1744 aliquibus

353 1785 464 1824 non
501 1770 664 1824 item:
699 1769 1012 1826 audivimus
1050 1770 1255 1840 quippe
1286 1770 1338 1822 in
1373 1770 1697 1839 prophetis:
1730 1788 1750 1820 ι
1787 1769 1926 1836 Quia

352 1861 556 1917 videbit
605 1863 786 1917 omnis
826 1877 958 1916 caro
995 1863 1238 1917 salutare
1265 1861 1360 1916 Dei
1384 1863 1470 1928 ¹⁷;
1525 1880 1544 1913 ι
1589 1862 1685 1917 sed
1723 1870 1776 1916 et
1811 1863 1927 1932 ipse

351 1953 626 2010 clamabas
668 1954 898 2009 dicens:
944 1973 961 2006 ι
1017 1954 1208 2009 Gaude
1236 1965 1291 2009 et
1350 1954 1556 2019 laetare,
1607 1953 1716 2008 {ilia
1768 1953 1925 2018 Sion,

351 2047 482 2116 quia
510 2062 642 2102 ecce
675 2062 776 2116 ego
800 2047 980 2110 venio,
1009 2057 1063 2100 et
1089 2048 1354 2102 habitabo
1373 2049 1428 2101 in
1457 2047 1640 2102 medio
1668 2049 1766 2108 tui,
1792 2047 1928 2102 dicit

354 2136 639 2204 Dominus,
673 2145 725 2192 et
756 2139 1075 2209 confugient
1107 2148 1300 2210 gentes
1323 2141 1506 2195 multa
1531 2141 1600 2194 ad
1634 2138 1927 2194 Dominum

350 2230 406 2284 in
435 2229 527 2284 die
553 2231 667 2292 illa,
691 2240 745 2285 et
767 2241 928 2285 erunt
948 2231 998 2284 ei
1036 2233 1087 2285 in
1114 2233 1372 2301 populum
1403 2233 1465 2287 ⁸³.
1515 2253 1532 2284 ι
1571 2233 1676 2305 Ipsi
1709 2251 1930 2305 quoque

349 2320 669 2389 congregati
727 2321 956 2375 auribus
1011 2323 1221 2376 nostris
1277 2323 1626 2388 audivimus,
1683 2339 1807 2378 cum
1861 2321 1929 2378 ad

350 2425 454 2466 nos
486 2409 734 2465 diceres:
777 2431 796 2462 ‹
835 2411 1070 2476 Quando
1122 2413 1393 2467 exaltatus
1429 2414 1586 2468 fuero
1647 2414 1715 2470 de
1762 2425 1928 2482 terra,

350 2503 537 2557 omnia
569 2502 783 2556 traham
810 2503 876 2555 ad
912 2503 1181 2573 meipsum
1206 2505 1269 2556 η.
1304 2524 1322 2555 ι
1357 2503 1500 2570 Quin
1535 2516 1589 2560 et
1614 2505 1681 2560 ad
1709 2505 1930 2563 Iudaeos

351 2597 538 2652 dixisti
579 2617 590 2651 :
629 2616 646 2648 ι
668 2596 804 2664 Quia
833 2608 882 2653 et
914 2600 1049 2653 alias
1075 2615 1202 2653 oves
1225 2601 1402 2654 habeo
1423 2617 1543 2670 quae
1571 2617 1679 2656 non
1707 2613 1836 2658 sunt
1862 2620 1928 2658 ex

352 2689 459 2743 hoc
490 2688 661 2742 ovili:
702 2698 756 2743 et
812 2691 935 2743 illas
990 2693 1206 2759 oportet
1270 2707 1357 2746 me
1396 2693 1693 2761 adducere,
1727 2704 1782 2749 et
1842 2697 1932 2752 [iet

352 2794 525 2832 unum
569 2782 735 2843 ovile,
785 2788 839 2834 et
887 2797 1029 2836 unus
1077 2784 1350 2852 pastor".
1403 2803 1422 2835 ι
1466 2783 1604 2839 Cum
1660 2787 1826 2855 igitur
1875 2789 1929 2844 in

349 2885 546 2925 omnes
579 2873 756 2940 gratia
787 2887 882 2941 per
916 2885 967 2926 te
997 2883 1298 2927 manatura
1321 2883 1600 2944 speretur,
1631 2893 1932 2948 omnesque

354 2964 420 3017 ad
453 2962 550 3018 Dei
587 2964 960 3034 cognitionem
994 2975 1386 3037 congregatum
1417 2969 1482 3022 iri
1517 2977 1571 3022 tu
1603 2971 1762 3024 nobis
1787 2973 1932 3026 clare

2033 500 2126 546 τος
2156 484 2498 554 ἀφιγμένοις,
2526 484 2602 547 ὡς
2623 483 2765 536 ἑλεῖν
2779 481 3038 536 δύνασθαι
3060 481 3326 554 λαμπρῶς
3339 481 3448 535 τῶν
3475 483 3613 554 ὑπὲρ

2032 575 2189 644 λόγον
2216 576 2312 647 τὴν
2341 576 2547 647 εἴδησιν
2580 577 2668 630 διά
2697 578 2797 647 τῆς
2832 575 2924 628 τοῦ
2948 574 3264 644 Πνεύματος
3297 574 3528 645 δωρεᾶς,
3558 578 3616 628 ἐν

2032 669 2224 732 ἁπλοῖς
2257 670 2290 740 ἡ
2340 669 2541 736 γνῶσις
2570 669 2762 740 ὁρᾶται
2787 668 3068 736 λογισμοῖς
3089 706 3103 728 ,
3156 669 3249 719 καὶ
3281 667 3425 718 κατά
3455 669 3615 734 μόνον

2032 759 2151 812 ἐστὶ
2180 760 2242 812 τὸ
2283 761 2486 814 εἰδέναι
2511 762 2673 831 τυχὸν
2708 761 2789 812 ὅτι
2815 759 2948 821 Θεός
2982 759 3128 810 ἐστιν
3156 761 3184 811 ὁ
3226 758 3479 830 Χριστὸς,
3521 759 3618 810 καὶ

2034 850 2163 912 Υἱὸς
2186 850 2401 920 ἀληθῶς
2431 851 2525 903 τοῦ
2561 850 2701 902 κατά
2725 848 2886 918 φύσιν
2907 848 3066 900 Θεοῦ.
3091 849 3370 918 Τοσαύτης
3397 865 3619 917 τοιγαρ-

2033 941 2127 993 οῦν
2153 941 2354 1011 μεταξὺ
2389 940 2674 1011 χωρούσης
2718 941 2817 1010 τῆς
2845 940 3109 1008 διαφορᾶς
3130 981 3143 1000 ,
3187 940 3280 991 καὶ
3305 938 3444 992 κατά
3481 937 3614 991 πολὺ

2030 1036 2376 1108 διειργούσης
2409 1037 2517 1089 τῶν
2557 1035 2826 1104 ἁγελαίων
2868 1035 2966 1104 τὴν
3010 1034 3211 1103 γνῶσιν
3251 1034 3350 1103 τῆς
3392 1034 3450 1084 ἐν
3501 1033 3613 1092 τοῖς

2034 1129 2210 1195 ἁγίοις
2242 1127 2652 1197 θεωρουμένης,
2697 1127 3068 1196 ἀδιαφορήσας
3110 1127 3138 1178 ὁ
3174 1123 3425 1194 μαθητὴς
3454 1124 3615 1192 πρόσ-

2031 1237 2172 1272 εισιν
2195 1218 2413 1290 ἐρωτῶν
2435 1218 2549 1271 ἀνθ’
2577 1219 2699 1271 ὅτου
2722 1218 2796 1289 μὴ
2821 1220 2987 1271 πᾶσιν
3017 1220 3128 1280 τοῖς
3150 1217 3290 1270 κατὰ
3317 1218 3417 1286 τὴν
3439 1217 3614 1270 οἰκου-

2037 1311 2206 1381 μένην
2257 1309 2633 1378 ἀποκαλύψειν
2669 1309 2897 1372 ἑαυτὸν,
2959 1309 3142 1380 μόνοις
3177 1309 3238 1366 δὲ
3279 1311 3392 1372 τοῖς
3438 1307 3614 1376 ἁγίοις

2030 1402 2450 1471 ἐπαγγέλλεται.
2508 1403 2582 1454 Τὸ
2611 1403 2669 1454 δὲ
2707 1422 2725 1453 ‹
2755 1402 2808 1454 τί
2838 1402 3060 1470 γέγονεν
3090 1421 3108 1452 ι
3146 1400 3421 1464 ἀναϐοῶν,
3471 1399 3615 1452 ἔοικέ

2027 1513 2085 1548 τι
2115 1494 2357 1548 τοιοῦτον
2387 1493 2797 1546 ύπαινίττεσθαι
2838 1493 3035 1547 θέλειν.
3091 1493 3299 1554 Σκοπός
3331 1509 3438 1556 σοι,
3457 1493 3612 1562 φησι,

2030 1592 2130 1659 τῆς
2154 1589 2236 1651 εἰς
2272 1587 2420 1657 ἡμᾶς
2457 1585 2726 1654 ἀφίξεως,
2760 1579 2805 1638 ὧ
2844 1586 3124 1647 Δέσποτα,
3154 1583 3215 1637 τὸ
3260 1584 3336 1654 μὴ
3369 1586 3482 1636 τισὶ
3517 1584 3615 1654 μὲν

2031 1680 2138 1735 ἀνὰ
2170 1679 2332 1750 μέρος
2353 1677 2738 1746 γινώσκεσθαι,
2762 1676 2873 1729 τισὶ
2893 1677 2946 1729 δὲ
2967 1677 3150 1729 οὐκέτι
3173 1693 3186 1706 ο
3212 1677 3486 1746 ἠκούομεν
3507 1676 3618 1744 γάρ

2033 1776 2090 1826 ἐν
2118 1773 2456 1844 προφήταιςο
2493 1790 2511 1822 ι
2542 1771 2665 1823 Ὅτι
2695 1769 2887 1839 ὄψεται
2915 1771 3066 1822 πᾶσα
3095 1767 3231 1838 σὰρξ
3252 1768 3313 1821 τὸ
3347 1768 3617 1838 σωτήριον

2027 1864 2123 1919 τοῦ
2161 1864 2315 1918 Θεοῦ.
2353 1883 2372 1916 ι
2403 1863 2564 1917 Ἀλλά
2590 1863 2685 1917 ml.
2711 1862 2874 1927 αὐτὸς
2899 1861 3126 1930 ἐφώνεις
3159 1861 3326 1931 βοῶν·
3357 1878 3375 1912 ι
3401 1861 3618 1932 Τέρπου

2029 1959 2125 2012 καὶ
2151 1957 2474 2028 εὐφραίνου,
2506 1956 2744 2027 θύγατερ
2767 1956 2928 2019 Σιὼν,
2959 1954 3043 2008 ὃτι
3073 1954 3182 2008 ἰδοὺ
3211 1953 3324 2022 ἐγὼ
3346 1953 3580 2024 ἔρχομαι
3598 1996 3614 2016 ,

2031 2053 2125 2105 καὶ
2167 2050 2577 2120 κατασκηνώσω
2609 2052 2668 2103 ἐν
2706 2049 2855 2120 μέσῳ
2891 2065 3016 2112 σου,
3071 2048 3220 2116 λέγει
3259 2046 3496 2116 Κύριος,
3519 2047 3618 2100 καὶ

2031 2143 2462 2212 καταφεύξονται
2503 2143 2630 2214 ἔθνη
2673 2142 2844 2195 πολλά
2889 2141 3025 2213 πρὸς
3066 2140 3158 2195 τὸν
3188 2139 3392 2210 Κύριον
3438 2143 3496 2193 ὲν
3543 2142 3615 2212 τῇ

2031 2238 2214 2308 ἡμέρᾳ
2246 2237 2448 2309 ἐκείνῃ,
2478 2251 2572 2288 και
2596 2234 2808 2287 ἔσονται
2846 2231 2995 2303 αὐτῷ
3027 2234 3107 2295 εἰς
3128 2231 3276 2286 λαόν.
3302 2250 3322 2282 ι
3357 2231 3619 2292 Συνόντες

2031 2331 2086 2383 δὲ
2120 2331 2214 2384 καὶ
2245 2326 2709 2400 συνδιατρίϐοντες
2754 2328 3013 2397 αὐτήκοοι
3035 2325 3136 2396 τῆς
3181 2327 3281 2395 σῆς
3314 2322 3620 2393 γεγενημέ-

2029 2439 2110 2476 νοι
2139 2421 2325 2490 φωνῆς
2346 2463 2361 2486 ,
2406 2420 2532 2474 ὃταν
2589 2420 2726 2490 πρὸς
2759 2419 2905 2489 ἡμᾶς
2944 2417 3082 2487 ἔφης
3103 2433 3116 2446 ·
3164 2435 3182 2467 ι
3207 2417 3376 2468 Ὅταν
3415 2413 3617 2484 ὑψωθῶ

2031 2514 2096 2565 ὲκ
2119 2511 2218 2580 τῆς
2257 2513 2361 2581 γῆς
2383 2551 2398 2573 ,
2451 2509 2658 2573 πάντας
2689 2510 2903 2563 ἑλκύσω
2937 2509 3074 2580 πρὸς
3103 2508 3359 2578 ἐμαυτόν.
3389 2525 3410 2558 ι
3454 2505 3619 2558 Ἀλλὰ

2031 2604 2127 2657 καὶ
2161 2603 2292 2674 πρὸς
2324 2603 2522 2662 αὐτοὺς
2545 2601 2767 2672 εἴρηκεν
2801 2600 3117 2663 Ἰουδαίους·
3155 2619 3174 2650 ι
3207 2600 3329 2653 Ὅτι
3363 2598 3459 2652 καὶ
3477 2598 3618 2651 ἄλλα

2032 2696 2280 2768 πρόϐατα
2300 2693 2467 2764 ἕχω,ἀ
2485 2695 2586 2748 οὐκ
2607 2694 2752 2747 ἔστιν
2769 2695 2833 2746 ὲκ
2848 2693 2949 2761 τῆς
2965 2691 3134 2764 αὐλῆς
3150 2689 3618 2762 ταύτης.κάκεῖνά

2036 2801 2103 2854 με
2133 2784 2211 2835 δεῖ
2232 2784 2489 2850 ἀγαγεῖν,
2523 2783 2616 2836 καὶ
2641 2784 2961 2853 γενήσονται
2993 2783 3089 2852 μία
3113 2782 3316 2852 ποίμνη
3335 2821 3350 2846 ,
3383 2776 3461 2845 εἷς
3492 2799 3618 2834 ποι-

2037 2878 2161 2949 μήν.
2205 2897 2223 2928 ι
2261 2878 2470 2931 Οὐκοῦν
2514 2878 2606 2930 ἐπὶ
2640 2877 2848 2941 πάντας
2899 2877 3120 2930 ἔσεσθαι
3158 2877 3620 2947 προσδοκωμένης

2034 2971 2130 3041 τῆς
2154 2971 2242 3023 διὰ
2279 2971 2373 3024 σοῦ
2420 2971 2672 3040 χάριτος,
2719 2971 2814 3024 καὶ
2862 2971 3068 3033 πάντας
3115 2967 3621 3039 σαγηνευθήσεσθαι

354 3055 716 3126 promiseris,
769 3067 825 3114 et
883 3069 1202 3114 sanctorum
1251 3061 1642 3131 prephetarum
1696 3065 1750 3118 id
1799 3081 1932 3120 voce

2037 3061 2172 3132 πρὸς
2192 3062 2541 3128 θεογνωσίαν,
2566 3063 2659 3114 σοῦ
2685 3079 2742 3114 τε
2768 3063 2897 3132 ἡμῖν
2918 3060 3388 3131 ἐπαγγειλαμένου
3407 3059 3618 3128 σαφῶς,

351 3147 738 3213 confirmetur,
771 3150 904 3220 quid
940 3151 1144 3205 factum
1183 3154 1308 3208 est?
1337 3169 1578 3224 quonam
1629 3157 1796 3223 abiit,
1849 3159 1933 3212 in-

352 3239 496 3310 quit,
552 3248 646 3295 aut
699 3258 939 3313 quonam
1008 3245 1314 3301 translatus
1383 3255 1468 3301 est
1537 3249 1932 3317 promissionis

353 3332 602 3400 scopus?
643 3349 746 3389 cur
787 3350 922 3390 vero
968 3352 1079 3390 non
1133 3338 1390 3393 omnibus
1443 3339 1784 3407 hominibus,
1837 3343 1929 3396 sed

351 3425 514 3478 nobis
541 3424 810 3480 duntaxat
833 3436 886 3482 te
915 3427 1237 3484 manifestas
1258 3431 1281 3483 ?
1304 3429 1408 3485 Hic
1437 3446 1569 3500 ergo
1599 3448 1794 3488 sensus
1825 3442 1930 3498 est,

351 3515 579 3582 epinor,
619 3517 914 3571 verborum
968 3517 1229 3588 discipuli
1267 3521 1444 3591 :quid
1487 3531 1670 3577 autem
1722 3539 1752 3576 a
1803 3538 1932 3578 vera

353 3607 628 3660 sententia
651 3623 776 3662 eum
814 3609 1125 3676 abduxerit,
1151 3628 1334 3680 operae
1376 3616 1611 3683 pretium
1639 3624 1723 3671 est
1757 3626 1936 3672 osten-

353 3698 502 3753 dere.
524 3699 786 3755 Dominus
811 3710 1000 3758 noster
1019 3703 1180 3760 Jesus
1198 3705 1462 3761 Christus
1493 3707 1741 3763 dixerat:
1770 3729 1788 3761 ι
1822 3709 1936 3763 Μο-

353 3789 641 3855 dicum,et
687 3796 927 3851 mundus
970 3811 1058 3852 me
1108 3799 1220 3866 jam
1285 3814 1393 3853 non
1444 3800 1634 3866 videt;
1703 3817 1798 3856 vos
1845 3818 1938 3857 au-

354 3887 463 3933 tem
525 3880 723 3936 videtis
775 3899 860 3938 me
892 3886 960 3940 ²¹.
1015 3904 1035 3938 ι
1086 3888 1251 3958 Atqui
1308 3889 1666 3944 manifestum
1730 3899 1816 3946 est
1859 3892 1934 3947 ibi

354 3986 480 4025 eum
512 3974 776 4029 mundum
805 3976 1011 4044 dicere,
1053 3995 1161 4032 non
1198 3995 1389 4036 omnes
1421 3983 1516 4052 qui
1552 3983 1607 4036 in
1649 3991 1797 4038 terra
1836 3985 1935 4040 (le-

355 4072 489 4133 gnnl
543 4067 841 4124 homines:
883 4084 1075 4125 omnes
1111 4072 1313 4142 quippe
1355 4073 1482 4126 boni
1521 4089 1586 4129 ac
1625 4076 1751 4129 mali
1806 4085 1938 4131 sunt

356 4159 410 4212 in
443 4160 545 4213 hoc
574 4161 810 4230 mundo;
842 4164 938 4218 sed
976 4164 1241 4219 mundum
1269 4181 1367 4220 eos
1397 4171 1719 4223 nominasse
1751 4171 1935 4238 potius

355 4252 446 4318 qui
482 4258 703 4308 terrena
747 4257 970 4325 sapiunt
991 4258 1059 4320 “,
1091 4265 1147 4313 et
1168 4259 1262 4328 qui
1295 4260 1527 4314 vanitati
1560 4262 1754 4317 mundi
1779 4279 1934 4319 suam

354 4352 590 4399 mentem
624 4347 946 4414 subjiciunt.
990 4346 1109 4403 Hoc
1142 4349 1312 4420 igitur
1335 4365 1460 4405 cum
1494 4368 1602 4406 non
1652 4355 1791 4410 satis
1839 4371 1935 4409 ca-

2034 3155 2129 3208 καὶ
2172 3154 2270 3224 τῆς
2322 3154 2429 3207 τῶν
2485 3154 2657 3223 ἁγίων
2716 3153 3014 3224 προφητῶν
3067 3153 3623 3224 διαμαρτυρουμένης

2035 3246 2241 3316 φωνῆς,
2272 3247 2325 3298 τί
2351 3246 2540 3314 γέγονε
2561 3287 2576 3309 ,
2633 3249 2706 3316 πῆ
2739 3246 2801 3316 δὴ
2833 3244 3098 3315 μετέστη,
3127 3245 3294 3314 φησι,
3324 3244 3420 3297 καὶ
3452 3261 3622 3314 μετα-

2034 3337 2270 3390 τέθειται
2295 3341 2394 3408 τῆς
2435 3337 2767 3405 ἐπαγγελίας
2791 3340 2818 3390 ὁ
2843 3338 3043 3400 σκοπός
3067 3354 3082 3403 ;
3133 3337 3200 3390 Τί
3223 3337 3280 3390 δὲ
3317 3338 3414 3407 οὐχ
3442 3339 3619 3392 ἅπασι

2035 3430 2146 3491 τοῖς
2176 3428 2316 3480 κατὰ
2336 3428 2425 3481 τὸν
2449 3429 2650 3499 κόσμον
2671 3428 2987 3499 ἐμφανίζεις
3011 3428 3256 3490 σεαυτὸν,
3279 3427 3415 3482 ἀλλά
3435 3429 3622 3498 μόνοις

2035 3524 2167 3592 ἡμῖν
2194 3541 2208 3587 ;
2245 3515 2413 3584 Οὗτος
2439 3522 2536 3590 μὲν
2561 3517 2677 3587 οῦν,
2711 3523 2804 3574 καὶ
2833 3523 2930 3591 οὐχ
2953 3523 3158 3591 ἕτερος,
3190 3515 3363 3591 οἶμαι,
3392 3522 3497 3575 τῶν
3519 3523 3619 3575 τοῦ

2040 3613 2282 3686 μαθητοῦ
2322 3614 2581 3685 ῥημάτων
2612 3615 2640 3666 ὁ
2678 3613 2833 3675 νοῦς·
2875 3605 3007 3666 τίδὲ
3037 3614 3143 3683 ἄρα
3185 3613 3245 3666 τὸ
3270 3613 3620 3682 ἀποκομίσαν

2035 3707 2198 3760 αὐτὸν
2247 3705 2346 3774 τῆς
2393 3702 2626 3774 ἀληθοῦς
2674 3704 3008 3775 διαλήψεως,
3053 3705 3375 3774 παραδεῖξαι
3428 3704 3615 3758 καλόν.

2049 3799 2107 3851 '0
2145 3797 2244 3868 μὲν
2270 3797 2378 3867 γὰρ
2409 3795 2612 3866 Κύριος
2633 3797 2792 3866 ἡμῶν
2827 3795 3035 3865 Ἰησοῦς
3063 3795 3092 3848 6
3125 3796 3358 3869 Χριστὸς
3384 3794 3617 3864 ἔφασκεο

2041 3906 2063 3938 ‹
2094 3887 2304 3956 Μικρὸν
2329 3927 2344 3951 ,
2387 3886 2483 3939 καὶ
2507 3889 2536 3939 ὁ
2564 3886 2768 3956 κόσμος
2804 3903 2869 3956 με
2893 3886 3076 3940 οὐκέτι
3107 3887 3330 3959 θεωρεῖ,
3373 3888 3528 3957 ὑμεῖς
3555 3887 3619 3940 δὲ

2037 3979 2292 4050 θεωρεῖτέ
2331 3996 2416 4048 με.
2451 3998 2468 4030 ι
2513 3978 2650 4030 Ἀλλ’
2677 3974 2746 4048 ἦν
2777 3979 2945 4048 δήπου
2972 3979 3064 4031 καὶ
3094 3979 3239 4047 μάλα
3281 3978 3463 4046 σαφῶς
3499 3978 3615 4050 [Ian

2040 4070 2250 4142 σαφὲς],
2271 4072 2350 4124 ὅτι
2379 4071 2581 4140 κόσμον
2610 4071 2666 4122 ὲν
2687 4070 2916 4134 τούτοις,
2933 4071 3054 4140 οὐχὶ
3078 4072 3285 4134 πάντας
3312 4073 3437 4135 τοὺς
3457 4072 3618 4134 ὄντας

2038 4163 2094 4215 ὲν
2124 4162 2260 4232 τῷδε
2280 4161 2357 4232 τῷ
2389 4161 2488 4231 βίῳ
2529 4162 2713 4230 φησιν,
2737 4162 2855 4230 ἦτοι
2889 4160 3186 4225 διαζῶντας
3215 4163 3307 4215 ἐπὶ
3335 4165 3435 4231 τῆς
3467 4161 3572 4231 γῆς
3597 4178 3613 4191 ⁸

2037 4251 2243 4316 πάντες
2276 4253 2384 4324 γάρ
2416 4254 2554 4306 είσιν
2585 4253 2644 4305 ἐν
2676 4251 2810 4322 τῷδε
2855 4252 2934 4323 τῷ
2963 4253 3153 4322 κόσμῳ
3182 4255 3406 4325 πονηροί
3437 4270 3496 4306 τε
3521 4251 3620 4306 καὶ

2038 4342 2232 4412 ἀγαθοί
2251 4360 2266 4373 ’
2312 4343 2516 4414 κόσμον
2543 4343 2600 4396 δὲ
2631 4343 2885 4413 ὠνόμασε
2915 4343 3114 4414 μᾶλλον
3141 4343 3268 4408 τοὺς
3313 4345 3380 4397 τὰ
3399 4345 3618 4413 ἐπίγεια

357 4445 511 4506 peret
567 4438 912 4509 discipulus.
961 4440 1301 4496 existimavit
1353 4445 1535 4513 ipsum
1592 4445 1822 4509 dicere,
1875 4462 1932 4502 se

2041 4438 2258 4508 φρονεῖν
2303 4412 2841 4504 ἀναπεπεισμένους,
2899 4412 2995 4488 καὶ
3036 4437 3102 4505 τῇ
3153 4435 3473 4504 ματαιότητι
3519 4434 3616 4487 τοῦ

355 4528 693 4596 reliquorum
727 4533 976 4586 omnium
1014 4532 1300 4588 hominum
1341 4537 1542 4599 oculis,
1577 4538 1935 4595 interioribus

357 4620 658 4687 nimirum,
710 4632 920 4680 tectum
982 4627 1092 4692 iri,
1154 4636 1209 4682 et
1277 4629 1768 4700 inconspicabilem
1819 4631 1935 4686 fore

357 4728 610 4782 prorsus,
648 4732 750 4772 nec
778 4718 872 4772 ulli
908 4721 1190 4790 cognitum
1236 4721 1302 4775 iri
1351 4722 1457 4777 nisi
1509 4723 1626 4777 suis
1665 4721 1936 4777 duntaxat

357 4807 678 4878 discipulis:
715 4810 832 4865 haec
861 4813 1227 4882 ignorationis
1264 4815 1315 4869 ei
1346 4830 1516 4870 causa
1561 4815 1687 4868 fuit.
1721 4815 1941 4885 Quippe

358 4899 408 4954 si
437 4899 799 4957 intellexisset
849 4903 1034 4971 initio,
1085 4921 1198 4960 non
1227 4907 1419 4976 utique
1465 4907 1796 4962 accessisset
1844 4923 1940 4960 ro-

359 5005 538 5060 gans:
579 5009 598 5042 (
625 4990 766 5058 Quid
801 4992 1007 5048 factum
1047 5003 1152 5061 est,
1204 4996 1336 5065 quia
1385 4995 1843 5051 manifestaturus
1880 5012 1942 5052 es

358 5083 518 5138 nobis
546 5083 806 5154 teipsum,
843 5092 898 5138 et
931 5102 1041 5140 non
1069 5087 1310 5141 mundo?
1333 5107 1349 5138 ι
1382 5089 1440 5140 In
1463 5102 1580 5142 eam
1610 5087 1779 5157 igitur
1807 5103 1937 5143 sen-

357 5174 584 5227 tentiam
633 5173 904 5230 adductus
955 5184 1082 5239 est,
1127 5177 1285 5245 juxta
1320 5179 1503 5230 tritam
1559 5188 1612 5232 et
1657 5178 1936 5247 vulgatam

361 5265 620 5333 loquendi
650 5266 1114 5322 consuetudinem
1153 5267 1306 5323 vocis
1336 5268 1502 5336 hujus
1533 5268 1939 5337 signiﬁcatione

359 5356 660 5412 intellecra.
708 5357 970 5413 Mundum
1029 5359 1232 5429 quippe
1273 5361 1438 5430 vulgo
1473 5363 1762 5416 nominare
1795 5360 1940 5415 sole-

358 5459 503 5509 mus,
551 5462 747 5504 omnes
795 5449 890 5520 qui
940 5448 997 5504 in
1029 5451 1291 5506 universo
1343 5451 1550 5506 mundo
1590 5461 1741 5520 sunt,
1797 5459 1858 5507 ut
1893 5450 1941 5506 si

937 5628 978 5660 ¹⁸
1019 5626 1251 5683 Zachar.
1287 5643 1346 5694 ιι,
1380 5628 1462 5692 ιι),
1508 5630 1591 5683 Η.

1713 5631 1754 5660 ¹⁹
1791 5629 1949 5683 Joan.
1989 5644 2018 5682 Χ
2043 5668 2056 5688 ,
2093 5625 2182 5680 39..

2041 4528 2247 4595 κόσμου
2275 4526 2334 4579 τὸ
2359 4527 2556 4579 οἰκεῖον
2581 4525 2975 4590 ὑποζεύξαντες
3012 4526 3282 4597 φρόνημα.
3309 4526 3479 4580 Τοῦτο
3505 4544 3618 4579 τοι-

2041 4618 2246 4689 γαροῦν
2297 4618 2358 4670 οὐ
2390 4619 2594 4690 σφόδρα
2637 4619 2815 4681 συνεὶς
2858 4617 2888 4670 ὁ
2930 4617 3205 4688 μαθητὴς,
3250 4619 3400 4689 ᾠήθη
3438 4618 3618 4686 λέγειν

2038 4711 2234 4774 αὐτὸν,
2281 4710 2500 4764 ὅτιτῶν
2528 4711 2624 4780 μὲν
2667 4710 2839 4764 ἄλλων
2885 4711 3141 4764 ἀπάντων
3188 4711 3522 4783 ἀνθρώπων,
3567 4711 3617 4764 οἳ

2045 4801 2140 4855 καὶ
2169 4800 2316 4854 τόνδε
2344 4801 2434 4853 τὸν
2460 4799 2733 4870 περίγειον
2757 4800 2963 4853 οίκοῦσι
2995 4800 3190 4870 χῶρον,
3221 4802 3312 4853 τὸν
3342 4801 3621 4871 ὀφθαλμὸν

2041 4893 2384 4962 διαλήσεται,
2434 4894 2577 4962 φημὶ
2605 4892 2660 4944 δὲ
2697 4892 2788 4944 τὸν
2818 4892 2926 4944 ἔσω
2956 4892 3051 4945 καὶ
3081 4891 3465 4962 κεκρυμμένον
3484 4934 3498 4954 ,
3524 4894 3621 4946 καὶ

2043 4985 2286 5047 ἄποπτος
2310 4984 2460 5037 ἔσται
2484 4981 2783 5045 παντελῶς,
2811 4983 2987 5035 οὐδενὶ
3007 4981 3115 5034 τῶν
3151 4981 3320 5036 ὄντων
3349 4983 3618 5050 γινωσκό-

2048 5093 2228 5146 μενος,
2259 5075 2398 5146 πλὴν
2425 5075 2606 5145 μόνοις
2633 5077 2746 5137 τοῖς
2772 5073 2965 5126 ἑαυτοῦ
2995 5073 3265 5144 μαθηταῖς
3288 5090 3302 5103 ο
3332 5072 3491 5126 τοῦτο
3521 5074 3620 5143 τῆς

2043 5169 2266 5237 ἀγνοίας
2310 5166 2458 5238 αὐτῷ
2503 5167 2724 5234 γέγονεν
2752 5165 2944 5219 αἴτιον.
3005 5163 3068 5218 Εἰ
3108 5165 3220 5236 γὰρ
3280 5165 3510 5234 συνῆκεν
3558 5167 3620 5218 ὲν

2041 5261 2372 5332 ἀρχαῖς,οὐκ
2397 5261 2462 5313 ἂν
2487 5259 2620 5321 ὅλως
2647 5257 2950 5328 προσῆλθεν
2968 5256 3208 5327 ὲρωτῶνσ
3241 5274 3259 5306 ι
3285 5257 3348 5308 Τί
3377 5257 3615 5324 γέγονεν,

2039 5355 2122 5408 ὅτι
2171 5356 2304 5425 ἡμῖν
2335 5351 2551 5423 μέλλεις
2594 5349 2916 5420 ἐμφανίζειν
2965 5347 3190 5401 σεαυτὸν
3211 5389 3225 5410 ,
3266 5347 3360 5400 καὶ
3390 5347 3509 5418 οὐχὶ
3541 5347 3620 5417 τῷ

2043 5447 2263 5515 κόσμῳ;
2300 5463 2318 5496 ι
2339 5442 2650 5513 ’Υπηνὲχθη
2677 5442 2775 5513 μὲν
2801 5437 2893 5494 οὖν
2915 5441 2976 5493 τὸ
3001 5439 3128 5510 τῇδε
3159 5441 3321 5504 νοεῖν,
3347 5440 3542 5502 κοινῶς
3558 5456 3618 5491 τε

2297 5624 2340 5653 ὀ
2383 5620 2515 5674 ΙῖιίιΙ.
2556 5621 2639 5675 16.
2721 5621 2760 5652 ²¹
2806 5618 2960 5674 1M!"-
3019 5636 3128 5680 Ἠνς
3163 5621 3248 5676 ¹9ο
3309 5621 3354 5651 ι’
3379 5615 3612 5695 Philipp
