3892 6202
215 246 320 304 289

1205 244 1272 301 ΙΝ
1310 242 1603 301 JOANNIS
1641 242 2092 300 EVANGELIUM
2132 245 2261 299 LIB.
2310 244 2374 300 Χ.

3366 249 3475 305 290

214 365 309 419 καὶ
331 363 660 435 εἰθισμένως
679 365 791 426 τοῖς
810 362 992 427 ἄλλοις
1011 362 1107 433 τὴν
1126 366 1191 416 ἐκ
1212 363 1309 417 τοῦ
1335 365 1599 434 ὀνόματος
1627 381 1691 435 ση
1703 381 1791 435 μαι

1907 362 2034 430 quis
2072 362 2359 414 civitati-tn
2396 361 2660 426 nominet,
2715 360 2887 414 totius
2925 360 3168 417 civitatis
3194 360 3363 432 830
3398 364 3472 417 in-

212 457 335 510 σίαν
370 455 638 509 ἐκλαϐών.
695 456 915 525 Κόσμον
954 454 1063 525 γὰρ
1104 454 1226 518 ἔθος
1259 456 1405 507 ἐστὶν
1434 456 1566 525 ἡμῖν
1593 454 1796 526 ὀνομά-

210 547 357 612 ζειν,
401 547 545 600 κατά
578 562 643 613 γε
688 547 777 600 τὸν
818 546 1043 619 εὐτριὸἦ
1091 546 1185 600 καὶ
1228 549 1341 610 τοῖς
1390 547 1571 610 ἄλλοις
1624 546 1796 601 ἅπασι

210 636 575 706 προκείμενον
610 636 767 703 λόγον
789 677 805 697 ,
847 638 974 699 τοὺς
1008 638 1067 690 ἐν
1092 638 1254 689 παντὶ
1286 637 1361 708 τῷ
1392 638 1585 708 κόσμῳ
1609 639 1793 710 τυχὸν,

209 728 403 800 ῶσπερ
430 731 583 793 εἴτις
613 732 704 783 καί
729 730 883 784 πόλιν
902 729 1071 798 λέγοι,
1095 731 1219 794 τοὺς
1234 730 1362 801 ὃλην
1389 732 1671 795 οἰκοῦντας
1697 732 1796 802 τὴν

209 820 386 871 πόλιν.
416 820 560 891 Πλὴν
577 821 936 893 ἀξιοζήλωτος
958 823 1053 876 καὶ
1080 822 1247 876 ταῦτα
1267 823 1442 892 λέγων
1466 826 1493 877 6
1519 823 1791 896 μαθητής.

212 911 407 981 ’Δθρει
434 912 543 983 γὰρ
590 914 741 977 ὅπως
784 913 938 981 ἡλίου
987 914 1143 984 δίκην
1194 917 1305 977 τοῖς
1354 915 1456 968 ἀνά
1487 918 1667 969 πᾶσαν
1698 915 1794 987 τὴν

208 1003 312 1071 γῆν
343 1005 444 1073 τήν
488 1004 581 1058 τοῦ
611 1006 865 1077 Σωτῆρος
916 1005 1296 1073 διαφαίνεσθαι
1324 1006 1485 1071 δόξαν
1514 1008 1792 1077 ἐπιθυμεῖ,

206 1094 389 1146 καίτοι
423 1092 534 1145 τῶν
565 1094 689 1147 καθ’
723 1094 915 1148 ἐαυτὸν
944 1095 993 1146 εἰ
1030 1094 1193 1164 μόνον
1244 1095 1479 1147 ἐποιεῖτο
1510 1094 1789 1162 πρόνοιαν,

206 1184 337 1254 ἐξῆν
372 1183 563 1253 ἔχοντα
596 1184 695 1255 τῆς
728 1184 983 1253 γνώσεως
1006 1185 1105 1256 τὴν
1143 1185 1457 1255 ὑπόσχεσιν,
1485 1186 1577 1237 ἐπὶ
1612 1184 1794 1254 μόνοις

204 1280 317 1340 τοῖς
368 1278 517 1341 ἰδίοις
548 1277 775 1349 ἥδεσθαι
807 1279 1013 1342 καλοῖς.
1067 1278 1206 1331 Ἀλλ’
1252 1279 1353 1331 οὐκ
1405 1276 1625 1348 ἐξήρκει
1654 1278 1791 1349 πρὸς

205 1370 480 1441 θυμηδίαν
526 1371 587 1422 τὺ
633 1371 944 1434 ἰδιαζόντως
997 1369 1187 1442 ὥσπερ
1233 1370 1382 1440 αὐτῷ
1429 1370 1792 1440 δοθησόμενον

203 1462 412 1529 ἀγαθόν
441 1480 455 1493 ·
489 1462 677 1533 ἐπειδὴ
712 1462 767 1515 δὲ
801 1459 867 1533 ἦν
899 1462 1147 1531 φιλόθεός
1170 1480 1227 1516 τε
1263 1463 1398 1533 ὁμοῦ
1426 1464 1520 1517 καὶ
1553 1463 1793 1532 φιλάδελ-

1905 454 2080 509 colas.
2117 452 2507 508 Verumtamen
2540 453 2704 507 laude
2734 467 2955 522 quoque
2984 452 3186 523 dignus
3231 464 3317 508 est
3359 470 3485 508 cum

1906 544 2022 599 haec
2052 544 2130 598 ait
2152 544 2479 614 discipulus.
2509 542 2645 599 Vide
2675 544 2823 597 enim
2850 560 2962 613 quo
2993 552 3153 613 pacto
3177 544 3489 603 Servatoris

1905 637 2134 706 gloriam
2164 635 2302 691 solis
2342 636 2521 691 instar
2556 651 2651 706 per
2698 635 3015 690 universam
3052 645 3254 689 terram
3303 636 3488 691 lucere

1903 729 2110 797 cupiat,
2151 744 2275 783 cum
2301 729 2348 783 ei
2381 728 2570 782 liceret
2600 727 2716 781 suis
2751 727 3134 783 tantummodo
3178 727 3336 782 bonis
3387 727 3485 781 ob-

1903 821 2129 883 lectari,
2162 820 2498 889 cognitionis
2542 818 2972 888 promissionem
3008 819 3250 881 babenti,
3290 817 3337 873 si
3399 816 3486 873 sui

1901 921 2111 966 tantum
2142 927 2330 967 curam
2371 912 2621 965 haberet.
2657 909 2766 964 Sed
2800 911 3003 964 bonum
3042 910 3149 965 sibi
3190 910 3287 964 uni
3323 924 3489 977 pecu-

1902 1005 2114 1060 liariter
2138 1005 2307 1058 tribui
2344 1017 2690 1073 nequaquam
2732 1000 2797 1054 ad
2834 1000 3151 1054 felicitatem
3197 1000 3334 1054 satis
3363 1013 3487 1053 esse

1899 1098 2162 1167 putabat:
2194 1112 2384 1151 verum
2418 1111 2544 1149 cum
2586 1093 2681 1147 Dei
2723 1094 2886 1147 simul
2922 1108 2985 1147 ac
3022 1091 3257 1147 fratrum
3292 1106 3487 1146 amans

1898 1189 1992 1253 sit,
2019 1188 2184 1256 longe
2216 1188 2430 1255 lateque
2454 1186 2676 1241 extendi
2708 1185 3023 1240 Servatoris
3056 1184 3286 1253 gloriam
3312 1184 3486 1253 cupit,

1897 1292 1953 1335 et
2006 1281 2277 1334 fratribus
2326 1281 2557 1350 gratiam
2624 1281 2679 1333 in
2732 1295 3025 1334 commune
3092 1279 3351 1348 proponi.
3403 1276 3483 1331 Ad

1900 1380 2147 1427 exactam
2190 1373 2389 1441 quippe
2427 1370 2521 1425 Dei
2547 1371 2918 1439 cognitionem
2965 1370 3176 1434 vocari,
3224 1368 3485 1438 quidnam

1908 1466 2070 1518 habet
2102 1464 2247 1533 quod
2290 1478 2414 1517 eum
2455 1478 2521 1517 eo
2556 1463 2867 1531 comparari
2903 1461 3120 1530 possit?

205 1573 327 1625 φος,
357 1556 791 1610 ἐκπλατύνεσθαι
818 1555 913 1609 τοῦ
962 1556 1219 1625 Σωτῆρος
1251 1554 1526 1626 τὴνδὸξαν
1550 1557 1833 1626 ἐπιθυμεῖ,
1876 1553 2062 1624 κοινὴν
2107 1556 2164 1607 δὲ
2209 1557 2321 1617 τοῖς
2369 1553 2621 1621 ἀδελφοῖς
2666 1553 2993 1623 προκεῖσθαι
3041 1552 3140 1623 τὴν
3190 1552 3372 1624 χάριν.
3413 1551 3488 1605 Τὸ

202 1648 316 1719 γὰρ
344 1650 426 1711 εἰς
465 1648 665 1716 γνῶσιν
699 1648 902 1719 ἀκριϐῆ
948 1647 1233 1701 καλεῖσθαι
1268 1647 1428 1712 Θεοῦ,
1468 1647 1519 1700 τί
1550 1648 1616 1701 ἂν
1636 1648 1749 1717 ἔχοι
1777 1646 1839 1699 τδ
1871 1645 2211 1711 ἰσοστατοῦν;

288 1766 598 1833 Ἀπεκρίθη
642 1764 908 1831 Ἰησοῦς,
949 1766 1046 1819 καί
1082 1766 1251 1819 εἶπεν
1278 1763 1439 1829 αὐτῷ
1468 1781 1483 1793 ο
1538 1763 1672 1817 Ἐάν·
1704 1781 1794 1828 τις

1968 1762 2110 1827 XIV,
2147 1764 2236 1815 23.
2286 1761 2578 1830 Respondit
2621 1761 2815 1825 Iesus,
2853 1772 2902 1817 et
2952 1764 3090 1815 dixit
3129 1765 3177 1817 ei
3206 1780 3223 1816 :
3256 1763 3315 1818 Si
3367 1763 3484 1833 quis

202 1854 411 1925 ἀγαπᾷ
434 1872 541 1923 με,
583 1854 691 1907 τὸν
716 1857 906 1925 λόγον
923 1874 1043 1925 μου
1070 1856 1321 1924 τηρήσει
1342 1896 1356 1917 ,
1391 1854 1491 1907 καὶ
1525 1857 1556 1907 ό
1583 1851 1785 1921 Πατήρ

1901 1855 2060 1925 filigit
2093 1873 2195 1916 me,
2229 1873 2521 1909 sermonem
2557 1873 2726 1907 meum
2755 1857 2981 1910 servabit
3009 1874 3026 1908 :
3052 1867 3097 1910 et
3131 1857 3294 1910 Pater
3338 1874 3484 1909 meus

198 1968 325 2019 μου
349 1948 651 2018 ἀγαπήσει
677 1949 882 2012 αὑτὸν,
902 1949 1001 2003 καὶ
1023 1949 1172 2018 πρὸς
1186 1950 1375 2002 αὐτὸν
1395 1949 1788 2016 ἐλευσόμεθα,

202 2042 308 2093 καὶ
326 2040 529 2110 μονὴν
559 2040 693 2108 παρ’
720 2040 881 2105 αὐτῷ
901 2044 1293 2110 ποιησόμεθα.

280 2154 355 2206 Οὐ
385 2154 592 2223 σφόδρα
615 2156 841 2208 συνέντα
864 2156 1152 2226 θεωρήσας
1179 2157 1270 2208 τὸν
1302 2155 1552 2226 μαθητὴν
1574 2198 1587 2221 ,
1628 2155 1795 2209 ἐπάν-

205 2262 316 2297 εισι
349 2246 510 2298 πάλιν
541 2247 633 2298 ἐπὶ
669 2248 730 2299 τὸ
760 2249 817 2299 ἐν
851 2249 1048 2317 ἀρχαῖς
1078 2248 1399 2318 εἰρημένον,
1431 2249 1526 2300 καὶ
1553 2247 1795 2300 διδάσκει

207 2336 431 2405 σαφῶς,
466 2338 542 2400 ὡς
579 2340 640 2390 οὐ
676 2339 818 2393 κατὰ
846 2340 1015 2409 μόνην
1037 2340 1134 2409 τὴν
1166 2341 1224 2392 ἐν
1250 2339 1452 2411 εἰδήσει
1499 2340 1794 2410 νοουμένην

204 2428 504 2496 ἐπίγνωσιν
537 2430 730 2482 ἑαυτὸν
775 2430 1070 2501 ἐμφανίσει
1109 2433 1224 2493 τοῖς
1260 2430 1530 2501 γνησίοις,
1567 2429 1683 2483 ἀλλ’
1708 2428 1797 2494 ἐξ·

206 2521 428 2590 αἱρετός
459 2539 543 2585 τις
587 2523 772 2585 αὐτοῖς
812 2523 909 2575 καὶ
942 2523 1063 2591 οὑχί
1110 2526 1222 2585 τοῖς
1267 2520 1448 2585 ἄλλοις
1489 2520 1742 2593 ἐντριϐὴς
1767 2521 1795 2573 ὁ

204 2610 311 2680 τῆς
344 2610 663 2682 ἐλλάμψεως
682 2611 914 2683 ὑπάρξει
943 2614 1164 2683 τρόπος.
1193 2614 1255 2667 Ol
1294 2615 1391 2684 μὲν
1413 2613 1521 2684 γάρ
1552 2614 1794 2681 ἀγελαῖοι

205 2702 395 2773 τυχὸν,
428 2705 522 2757 καὶ
551 2704 676 2775 ἄρτι
706 2704 868 2773 τυχὸν
891 2707 991 2774 τῆς
1016 2704 1125 2758 τῶν
1149 2705 1386 2758 εἰδώλων
1411 2704 1627 2775 ἀπάτης
1663 2707 1795 2758 ἀπο-

208 2793 598 2862 φοιτήσαντες,
660 2792 990 2863 κεκλημένοι
1029 2811 1089 2846 τε
1141 2793 1280 2863 πρὸς
1342 2792 1643 2861 ἐπίγνωσιν
1699 2793 1793 2846 τοῦ

206 2884 353 2936 κατὰ
402 2884 563 2952 φύσιν
617 2885 771 2948 ὄντος
826 2884 995 2949 Θεοῦ,
1042 2886 1100 2939 ἐν
1124 2884 1299 2955 ψιλοῖς
1351 2887 1446 2939 καὶ
1502 2885 1795 2955 ἀζητήτοις

205 2974 394 3043 ἔχουσι
427 2973 709 3047 λογισμοῖς
738 2975 836 3047 τὴν
871 2976 1088 3038 πίστιν,
1135 2976 1270 3029 αὐτὸ
1304 2976 1368 3047 δὴ
1398 2975 1557 3029 τοῦτο
1589 2975 1793 3046 μαθόν-

200 3082 299 3128 τες
334 3070 582 3137 φρονεῖν,
632 3067 709 3129 ὡς
737 3067 890 3119 οὐδὲν
931 3066 1146 3118 εἴδωλον
1178 3070 1235 3117 ἐν
1271 3068 1461 3137 κόσμῳ
1486 3068 1681 3137 τυχὸν,
1714 3062 1796 3128 εἷς

200 3159 262 3211 ἃ
290 3161 452 3229 μόνος
482 3161 509 3211 6
539 3157 702 3228 φύσει
733 3158 885 3221 Θεός.
940 3160 1002 3212 Oi
1031 3158 1087 3210 δὲ
1137 3158 1226 3211 διὰ
1263 3158 1443 3229 πάσης
1471 3160 1674 3231 ἀρετῆς
1705 3159 1796 3211 τὸν
1824 3211 1864 3265 C

204 3251 411 3303 οἰκεῖον
439 3249 997 3321 καταλαμπρύνοντες
1025 3250 1169 3314 νοῦν,
1196 3250 1413 3320 ἔχοντές
1446 3269 1503 3303 τε
1525 3252 1625 3321 ήδη
1653 3252 1791 3322 πρὸς

200 3344 267 3396 τὸ
300 3340 597 3412 μανθάνειν
624 3342 949 3412 ἐπιτηδείως
975 3341 1046 3394 τὰ
1074 3341 1191 3395 θεῖά
1221 3359 1281 3394 τε
1307 3342 1402 3395 καὶ
1431 3342 1791 3413 κεκρυμμένα

207 3437 516 3507 μυστήρια,
550 3436 650 3506 τὴν
681 3434 771 3489 διὰ
808 3433 902 3487 τοῦ
938 3434 1260 3505 Πνεύματος
1299 3434 1558 3505 λήψονται
1606 3434 1791 3505 δᾳδου-

202 3529 354 3600 χίαν,
396 3530 490 3581 καὶ
521 3528 682 3582 αὑτὸν
711 3530 767 3581 ἐν
805 3529 1019 3592 ἑαυτοῖς
1046 3527 1431 3581 ἐναυλισθέντα
1459 3527 1549 3580 τὸν
1584 3526 1791 3597 Κύριον

202 3622 317 3682 τοῖς
348 3623 447 3689 τῆς
494 3618 731 3681 διανοίας
774 3620 1195 3691 ἐπαθροίσουσιν
1232 3619 1348 3691 lyp.
1396 3616 1789 3689 ἐπαθρήσουσι]

200 3711 528 3781 ὀφθαλμοῖς.
586 3710 796 3763 Οὐκοῦν
828 3712 891 3763 οὐ
925 3710 1079 3782 κοινὴ
1110 3714 1222 3773 τοῖς
1264 3710 1443 3772 ἄλλοις
1472 3709 1581 3761 τῶν
1618 3709 1790 3777 ἀγίων

202 3806 239 3874 ή
269 3804 505 3873 γνῶσις,
558 3803 673 3857 ἀλλ’
707 3803 983 3875 ἐξαίρετός
1021 3821 1104 3865 τις
1138 3806 1231 3856 καὶ
1271 3802 1635 3872 διωρισμένη,
1698 3801 1792 3854 καλ⁵

202 3897 412 3967 πολλὴν
476 3896 677 3967 ἔχουσα
721 3897 821 3966 τὴν
868 3895 1153 3967 διαφοράν.
1236 3894 1451 3960 Ὠφελεῖ
1495 3891 1789 3963 τοιγαροῦν

200 3989 292 4041 διὰ
322 3988 524 4052 παντὸς
556 3989 705 4059 ήμᾶς
733 3987 893 4056 λόγου
914 4005 974 4040 τε
996 3988 1090 4041 καὶ
1119 3987 1321 4059 τρόπου
1349 3986 1606 4058 Χριστός.
1640 3984 1791 4056 Πρῶ⁴

200 4098 298 4134 τον
331 4081 431 4152 μέν
460 4082 569 4152 γὰρ
595 4080 679 4144 τίς
703 4083 731 4134 6
757 4081 919 4135 αὐτὸν
948 4081 1177 4148 ἀγαπῶν
1205 4076 1263 4133 εὖ
1299 4080 1444 4150 μάλα
1472 4079 1787 4148 διορίζεται,

199 4173 442 4237 δεικνὺς,
473 4172 549 4237 ῶς
583 4173 646 4241 γέ
680 4190 770 4243 μοι
794 4172 1157 4240 φαίνεταικαὶ
1182 4174 1323 4225 νοεῖν
1356 4172 1565 4225 ἔπεισιν
1588 4171 1786 4242 ὀρθῶς,

202 4264 282 4327 ὼς
318 4265 415 4334 οὐχ
450 4264 653 4317 ἆπασιν
696 4265 909 4331 ἐφεῖται
957 4263 1144 4315 λαϐεῖν
1178 4263 1278 4334 τὴν
1327 4262 1419 4315 τοῦ
1456 4262 1790 4333 χαρίσματος

201 4356 467 4427 δύναμιν,
522 4356 636 4408 ἀλλ’
687 4351 878 4425 οἷσπερ
923 4354 989 4408 ἂν
1041 4356 1345 4426 ἐνυπάρχον
1379 4354 1552 4426 ὁρῷτο
1593 4353 1654 4406 τὸ
1689 4351 1790 4416 τῆς

205 4452 288 4512 εἰς
342 4448 503 4501 αὑτὸν
545 4449 901 4517 γνησιότητος
959 4447 1220 4517 καύχημα
1284 4446 1371 4499 διὰ
1410 4445 1502 4499 τοῦ
1549 4447 1788 4516 τηρῆσαι

1895 1948 2077 2018 diliget
2108 1966 2249 2011 eum,
2285 1959 2333 2001 et
2360 1950 2430 2001 ad
2454 1965 2573 2002 eum
2598 1952 2882 2011 veniemus,
2908 1960 2956 2002 et
2984 1951 3313 2003 mansionem
3343 1948 3485 2017 apud

1894 2057 2013 2094 eum
2041 2041 2322 2107 faciemus.

1966 2152 2100 2205 Cum
2122 2168 2409 2207 sermones
2438 2167 2569 2206 suos
2598 2153 2927 2222 discipulum
2953 2152 3101 2206 haud
3128 2156 3265 2209 satis
3290 2171 3491 2226 capere

1895 2243 2130 2307 videret,
2170 2244 2237 2297 ad
2287 2245 2341 2297 id
2379 2244 2525 2314 quod
2584 2244 2743 2298 initio
2785 2244 2995 2298 dictum
3033 2254 3115 2298 est
3168 2248 3482 2310 revertitur,

1896 2335 2154 2404 clareque
2210 2335 2373 2389 docet
2428 2351 2539 2389 non
2599 2336 2907 2389 secundum
2969 2337 3141 2389 solam
3201 2354 3321 2406 qum
3364 2340 3487 2394 visu

1897 2432 2115 2479 constat
2147 2425 2519 2494 cognitionem
2551 2426 2668 2480 suis
2690 2441 2814 2480 sese
2846 2426 3356 2491 manifestaturum,
3388 2430 3484 2484 sed

1897 2516 2249 2571 eminentiori
2281 2516 2522 2585 quodam
2554 2531 2654 2569 nec
2687 2517 2813 2570 aliis
2843 2517 3048 2570 usitato
3092 2517 3485 2573 illustrationis

1898 2608 2081 2662 modo.
2116 2606 2390 2663 Rudiores
2435 2608 2581 2661 enim
2632 2622 2695 2660 ac
2732 2608 2997 2677 imperiti,
3050 2617 3104 2662 et
3144 2610 3236 2678 qui
3292 2626 3485 2666 recens

1899 2701 1969 2755 ab
2001 2700 2273 2754 idolorum
2298 2699 2491 2754 fraude
2527 2708 2901 2763 recesserunt,
2930 2710 3094 2769 atque
3121 2701 3185 2755 ad
3215 2704 3486 2758 naturalis
3550 2740 3553 2745 η

1900 2793 1995 2848 Dei
2034 2795 2403 2864 cognitionem
2435 2794 2613 2846 vocati
2641 2802 2794 2857 sunt,
2823 2794 2875 2845 in
2912 2793 3058 2845 nuda
3092 2800 3145 2846 et
3171 2794 3483 2849 indiscussa

1899 2886 2115 2940 ratione
2151 2886 2310 2939 fidem
2358 2884 2588 2947 habent,
2640 2883 2693 2936 id
2730 2882 2994 2936 nimirum
3034 2882 3246 2938 sentire
3278 2885 3484 2949 edocti,

1903 2980 2108 3033 nullum
2153 2993 2277 3033 esse
2322 2977 2528 3030 idolum
2582 2976 2635 3028 in
2668 2975 2898 3036 mundo,
2933 2974 3027 3028 sed
3085 2991 3254 3029 unum
3289 2987 3485 3031 natura

1906 3070 2092 3124 Deum.
2128 3068 2457 3139 Quicunque
2507 3082 2637 3120 vero
2683 3082 2780 3137 per
2826 3081 2987 3120 omne
3036 3067 3263 3121 virtutis
3312 3085 3487 3139 genus

1902 3176 2055 3214 suam
2094 3169 2328 3213 mentem
2373 3160 2668 3221 illustrant,
2707 3168 2761 3212 et
2793 3163 2857 3211 ad
2892 3157 3159 3214 discenda
3193 3159 3383 3213 divina
3431 3170 3486 3215 et

1900 3266 2097 3305 arcana
2131 3251 2390 3321 mysteria
2435 3258 2563 3305 sunt
2601 3248 2804 3309 idonei,
2846 3249 3274 3305 illustrationem
3311 3251 3485 3321 Spiri-

1900 3353 1988 3399 tus
2021 3343 2314 3413 accipient,
2343 3344 2636 3411 ipsumque
2658 3344 2712 3396 in
2735 3343 3051 3413 semetipsis
3083 3343 3484 3397 inhabitantem

1900 3437 2196 3491 Dominum
2275 3438 2478 3492 mentis
2534 3437 2713 3491 oculis
2783 3438 3221 3493 contuebuntur.
3299 3437 3483 3508 Itaque

1899 3528 2211 3586 communis
2251 3530 2374 3583 aliis
2410 3544 2517 3582 non
2552 3536 2637 3583 est
2679 3536 3000 3583 sanctorum
3059 3529 3326 3599 cognitio,
3386 3529 3480 3584 sed

1898 3625 2098 3680 eximia
2122 3632 2175 3679 et
2205 3623 2489 3688 distincta,
2526 3623 2794 3693 longeque
2843 3621 2910 3675 ab
2952 3622 3047 3674 illa
3082 3623 3360 3674 communi
3401 3623 3484 3676 di-

1897 3732 2077 3772 versa.
2111 3715 2201 3769 Sic
2230 3716 2377 3768 omni
2413 3714 2574 3767 modo
2603 3725 2657 3768 et
2684 3715 2899 3767 ratione
2942 3712 3199 3769 Christus
3246 3730 3347 3768 nos
3381 3716 3477 3766 ad-

1896 3809 2075 3879 juvat.
2101 3807 2381 3877 Imprimis
2407 3808 2551 3860 enim
2589 3805 2781 3859 definit
2811 3806 2936 3875 quis
2968 3806 3039 3860 sit
3063 3807 3155 3861 ille
3182 3808 3273 3876 qui
3306 3807 3483 3875 diligit

1899 3918 2047 3965 eum,
2086 3899 2411 3961 ostendens,
2448 3908 2505 3950 ut
2543 3897 2763 3967 Opinor,
2812 3913 2920 3951 non
2957 3898 3214 3953 omnibus
3252 3899 3481 3952 concedi

1899 4002 1959 4046 ut
2009 3991 2199 4063 gratiae
2256 3991 2513 4044 virtutem
2575 3990 2874 4054 accipiant,
2933 3989 3025 4044 sed
3082 3990 3175 4057 qui
3226 3988 3479 4043 mandata

1899 4084 2174 4139 servando
2226 4079 2451 4152 genuini
2508 4080 2631 4149 ejus
2676 4080 2839 4133 amici
2874 4095 2996 4134 esse
3036 4080 3476 4149 comperiuntur.

1900 4177 2107 4231 Deinde
2149 4191 2389 4246 quonam
2434 4174 2597 4229 modo
2632 4175 2843 4244 fulgere
2898 4175 2951 4227 in
2988 4173 3055 4226 iis
3105 4173 3331 4237 debeat,
3386 4183 3481 4227 aut

1898 4288 2007 4341 quo
2036 4278 2196 4339 pacto
2226 4269 2295 4323 sit
2337 4270 2390 4322 in
2427 4269 2496 4321 iis
2546 4269 2917 4327 habitaturus,
2956 4266 3217 4331 declarat,
3251 4268 3475 4321 dicens:

1905 4383 1922 4414 ι
1958 4363 2120 4416 Pater
2144 4377 2298 4415 meus
2331 4361 2518 4429 diliget
2544 4375 2687 4413 eum.
2720 4377 2738 4407 ι
2769 4357 2870 4422 Qui
2899 4358 3041 4409 enim
3067 4357 3169 4410 fide
3197 4357 3249 4410 in
3281 4356 3481 4413 Filium

1899 4448 2113 4503 Patrem
2151 4446 2531 4509 honoraverit,
2564 4447 2917 4500 dilectionem
2958 4446 3075 4513 ejus
3105 4462 3204 4499 ceu
3238 4447 3475 4501 fructum

203 4540 308 4602 τὰς
340 4538 579 4601 ἐντολάς.
641 4534 774 4591 Εἶτα
827 4538 949 4590 τίνα
986 4537 1187 4607 τρόπον
1234 4536 1417 4599 αὐτοῖς
1465 4535 1786 4605 ἐπιλάμψει,

1901 4542 2059 4612 831
2097 4539 2222 4593 inde
2249 4537 2577 4607 reportabit.
2624 4538 2907 4591 Postremo
2939 4537 3070 4605 quid
3100 4537 3236 4591 lucri
3269 4539 3477 4594 obven-

204 4631 327 4694 πῶς
347 4630 403 4682 δὲ
431 4630 614 4692 αὐτοῖς
638 4630 1204 4701 ἐγκατοικισθήσεται,
1223 4628 1371 4697 λέγει
1393 4646 1404 4657 ·
1436 4646 1454 4678 ε
1487 4628 1790 4697 Ἀγαπήσει

206 4724 320 4795 γὰρ
343 4724 504 4776 αὑτὸν
536 4725 564 4775 ὁ
594 4723 781 4794 Πατήρ
809 4739 932 4791 μου,
968 4740 984 4771 ι
1020 4721 1172 4793 φησί.
1224 4720 1549 4789 Τετιμηκὼς
1581 4719 1690 4787 γὰρ
1723 4719 1789 4772 δι’

205 4813 517 4876 εὐπειθείας
546 4814 644 4883 τῆς
677 4814 755 4875 εἰς
778 4813 869 4865 τὸν
902 4813 1030 4865 Υἱὺν
1052 4854 1064 4875 ,
1099 4813 1191 4865 τὸν
1223 4812 1280 4876 ἐξ
1309 4807 1479 4883 οὗπερ
1513 4812 1629 4865 ἐστὶ
1658 4812 1789 4864 Γεν-

204 4907 429 4977 νήτορα,
464 4905 673 4977 καρπὸν
699 4902 811 4968 ἕξει
838 4904 932 4957 τοῦ
977 4905 1298 4976 πράγματος
1347 4904 1446 4973 τὴν
1489 4905 1787 4973 ἀγάπησιν.

204 4996 343 5053 Εἶτα
369 4999 423 5053 τί
452 4999 513 5051 τὸ
546 4998 799 5053 ἐντεῦθεν
836 4998 1086 5051 ἀνατελεῖ
1106 5039 1119 5059 ,
1176 5002 1326 5051 ποῖον
1358 4999 1412 5050 δὲ
1445 4997 1593 5067 αὐτῷ
1628 5013 1780 5067 περι-

204 5093 364 5146 έσται
410 5092 469 5145 τὸ
515 5093 705 5163 κέρδος
754 5093 923 5162 σαφὲς
965 5092 1265 5158 καθιστὰς,
1324 5110 1342 5143 ι
1403 5091 1785 5160 Ἐλευσόμεθα,

206 5187 373 5258 φησί,
405 5185 541 5256 πρὸς
571 5186 732 5238 αὑτὸν
764 5185 875 5255 ἐγὼ
906 5185 999 5237 καὶ
1031 5187 1059 5236 6
1080 5184 1298 5254 Πατὴρ,
1336 5185 1431 5237 καὶ
1465 5182 1631 5253 μονὴν
1659 5183 1788 5253 παρ’

204 5279 356 5349 αὐτῷ
387 5277 747 5348 ποιησόμεθα.
781 5296 799 5329 ›
834 5278 1277 5348 Κατοικήσαντος
1301 5276 1409 5345 γὰρ
1443 5276 1500 5327 ἐν
1531 5277 1660 5345 ήμῖν
1693 5274 1788 5328 τοῦ

206 5372 463 5443 Σωτῆρος
501 5370 662 5441 ἡμῶν
702 5369 939 5441 Χριστοῦ
987 5368 1073 5421 διὰ
1109 5368 1204 5421 τοῦ
1254 5368 1414 5436 ἁγίου
1450 5368 1787 5438 Πνεύματος,

209 5464 464 5518 συνέσται
491 5462 663 5535 δήπου
685 5462 903 5523 πάντως
920 5462 1014 5514 καὶ
1040 5463 1068 5514 6
1084 5461 1350 5530 γεννήσας
1365 5458 1545 5512 αὐτόν’
1568 5460 1791 5531 Πνεῦμα

206 5556 316 5627 γὰρ
346 5556 443 5609 καὶ
470 5554 636 5609 αὐτοῦ
662 5552 755 5606 τοῦ
785 5553 1023 5624 Πατρὸς,
1051 5553 1113 5605 τὸ
1145 5551 1368 5621 Πνεῦμα
1395 5551 1654 5623 Χριστοῦ.
1682 5553 1791 5605 Ka‘t

204 5645 336 5716 γοῦν
364 5646 395 5698 6
429 5645 715 5710 θεσπέσιος
737 5644 978 5711 Παῦλος,
1026 5644 1104 5714 πῆ
1138 5643 1237 5714 μὲν
1268 5643 1396 5698 ίδιον
1423 5642 1517 5697 τοῦ
1549 5643 1781 5714 Πατρδς,

1897 4645 2081 4687 turum
2119 4632 2245 4685 hinc
2280 4630 2328 4683 ei
2364 4630 2460 4691 sit,
2514 4629 2736 4698 planum
2797 4627 3046 4682 faciens:
3092 4647 3110 4679 ι
3157 4626 3477 4693 Veniemus,

1896 4726 2093 4796 inquit,
2121 4723 2187 4777 ad
2222 4738 2347 4777 eum
2403 4737 2504 4791 ego
2551 4730 2606 4773 et
2638 4719 2823 4779 Pater,
2870 4728 2923 4772 et
2954 4721 3294 4774 mansionem
3334 4724 3477 4792 apud

1894 4834 2016 4872 eum
2052 4816 2338 4871 faciemus.
2401 4832 2419 4864 ›
2461 4812 2757 4866 Habitante
2804 4811 3006 4880 quippe
3042 4812 3092 4864 in
3148 4812 3306 4868 nobis
3345 4812 3478 4867 Ser-

1893 4921 2088 4966 vatore
2119 4916 2310 4963 nostro
2343 4905 2566 4962 Christo
2599 4921 2693 4974 per
2724 4913 2977 4959 sanctum
3014 4903 3280 4974 Spiritum
3304 4946 3317 4970 ,
3374 4909 3478 4959 erit

1898 5017 2116 5074 quoque
2162 5000 2390 5054 omnino
2440 4997 2730 5052 nobiscum
2762 5004 2819 5050 et
2849 4994 3081 5051 Genitor
3115 5015 3127 5050 :
3162 5013 3289 5051 nam
3357 4995 3482 5066 Spi—

1900 5097 2038 5149 ritus
2075 5092 2283 5147 Christi
2309 5091 2451 5145 idem
2477 5099 2561 5143 est
2587 5096 2642 5143 et
2675 5086 2877 5143 Patris.
2908 5086 3069 5142 Unde
3103 5087 3307 5141 Paulus
3334 5087 3478 5143 divi-

1898 5202 2025 5249 nus,
2060 5185 2199 5239 alias
2246 5182 2469 5253 quidem
2500 5180 2704 5242 Patris,
2755 5180 2892 5235 alias
2940 5190 3122 5235 autem
3174 5179 3298 5233 Filii
3347 5195 3478 5250 pro-

1903 5278 2084 5350 prium
2139 5274 2407 5346 Spiritum
2444 5272 2540 5339 ait,
2590 5287 2943 5342 nequaquam
2998 5271 3104 5327 sibi
3139 5285 3474 5339 repugnans,

1897 5372 1991 5427 sed
2018 5372 2072 5424 in
2108 5379 2344 5438 utroque
2376 5380 2564 5420 verum
2586 5364 2815 5419 dicens:
2853 5363 2929 5417 ita
2956 5363 3157 5432 quippe
3187 5370 3385 5416 natura
3418 5379 3478 5417 se

1898 5462 2082 5517 habet.
2120 5459 2325 5515 Scribit
2352 5474 2484 5527 ergo
2535 5457 2602 5509 ad
2649 5457 2904 5527 aliquos:
2968 5472 2985 5504 ι
3035 5453 3137 5533 Qui
3184 5453 3481 5508 suscitavit

1897 5552 2084 5609 Jesum
2112 5551 2395 5607 Christum
2431 5564 2461 5602 a
2509 5550 2762 5611 mortuis,
2798 5544 3092 5599 vivificabit
3126 5551 3181 5598 et
3220 5544 3475 5598 mortalia

1898 5660 2134 5716 corpora
2166 5651 2347 5700 vestra
2382 5655 2480 5713 per
2512 5639 2910 5696 inbabitantem
2945 5636 3213 5706 Spiritum
3267 5636 3389 5708 ejus
3421 5638 3474 5691 in
