3884 6208
3538 189 3652 248 sua

374 212 475 272 29l
1333 207 1390 263 S.
1433 203 1711 262 CYRILLI
1746 200 2216 259 ALEXANDRINI
2255 200 2574 259 ARCHIEP.

375 329 532 386 vobis
557 327 623 381 ⁸³.
665 345 684 379 ι
718 324 1034 380 Praaterea:
1075 342 1094 375 ι
1134 321 1402 390 Quoniam
1445 330 1632 376 autem
1670 323 1808 376 estis
1832 319 1950 384 lilii,
1982 376 1983 380 η

2087 319 2131 372 :ﬁ
2165 319 2222 372 δὲ
2255 318 2348 372 τοῦ
2369 317 2498 372 Υἱοῦ
2529 317 2589 370 τὸ
2611 313 2836 384 Πνεῦμᾶ
2864 328 3052 386 φησιν,
3079 310 3141 365 οὐ
3175 311 3286 374 τοῖς
3321 309 3474 371 ἰδίοις
3498 309 3656 360 αντι-

379 421 535 476 misit
559 418 704 474 Deus
739 418 1006 489 Spiritum
1049 414 1170 470 Filii
1211 415 1294 469 sui
1332 414 1387 467 in
1419 412 1586 467 corda
1611 422 1814 475 vestra,
1844 412 1958 465 cla-

2087 410 2270 464 d1?th
2291 407 2490 478 λόγοις,
2527 407 2809 478 ἀληθεύων
2838 405 2895 460 δὲ
2931 402 3136 476 μᾶλλον
3183 401 3306 456 καθ’
3337 401 3610 468 ἑκάτερον
3634 413 3652 429 ·

382 519 663 568 mantem:
705 510 882 575 Abba,
913 507 1077 562 Pater
1100 507 1166 561 “.
1210 527 1227 558 ι
1257 505 1429 561 Vides
1465 513 1525 559 ut
1575 505 1716 559 idem
1755 504 1826 558 sit
1857 502 1961 556 Pa-

385 605 488 659 tris
517 618 582 657 ac
612 601 736 656 Filii
769 599 1062 672 Spiritus?
1088 599 1436 654 lnhabitante
1467 601 1653 668 itaque
1687 597 1741 650 in
1775 594 1962 650 cordi-

381 698 486 752 bus
515 695 727 750 uostris
765 692 1078 763 Uuigeuito,
1151 706 1500 761 nequaquam
1552 691 1707 744 abest
1747 687 1910 742 Pater
1943 705 1957 740 :

383 789 548 843 habet
579 787 725 842 enim
757 785 931 840 Filius
968 785 1023 838 in
1057 786 1240 854 seipso
1273 783 1609 845 Genitorem.
1630 783 1791 836 unius
1820 779 1964 834 exsi-

384 887 540 935 stens
577 893 702 932 cum
733 893 799 932 eo
829 876 1176 939 substantiae,
1213 875 1309 930 sed
1342 883 1397 930 et
1431 873 1547 945 ipse
1579 882 1660 928 est
1691 873 1747 926 in
1805 873 1966 926 Patre

383 970 736 1025 naturaliter.
765 966 917 1021 Fidei
958 981 1092 1036 ergo
1129 963 1384 1018 deﬁnitio
1412 973 1465 1018 et
1498 963 1781 1032 inculpata
1821 960 1964 1014 ratio

387 1064 505 1127 haec
559 1071 662 1116 cst.
704 1059 972 1114 Libenter
1027 1065 1211 1112 autem
1250 1056 1704 1125 iuterrogaverim
1745 1069 1840 1110 eos
1869 1053 1965 1124 qui

389 1169 502 1225 pra
551 1153 721 1206 multa
787 1151 1009 1204 inscitia
1053 1149 1312 1204 haeresim
1377 1148 1644 1218 complexi
1699 1145 1966 1200 adversus

388 1246 616 1316 gloriam
655 1242 894 1312 Spiritus
921 1256 1076 1294 suam
1104 1241 1350 1309 linguam
1383 1246 1622 1293 armant.
1649 1236 1789 1302 Quid
1817 1236 1966 1292 enim

388 1331 710 1403 responsuri
738 1337 890 1396 sunt,
931 1344 1056 1383 cum
1087 1329 1169 1384 eis
1196 1328 1488 1383 dicemus:
1531 1327 1586 1381 Si
1619 1337 1835 1383 creatus
1882 1334 1970 1380 est

392 1424 652 1494 Spiritus,
695 1431 753 1477 et
808 1436 837 1474 a
873 1421 965 1476 Dei
1000 1420 1334 1483 substantia,
1389 1427 1451 1473 ut
1492 1419 1686 1481 vultis,
1732 1419 1968 1482 alienus,

391 1517 668 1588 quomodo
701 1515 916 1569 habitat
953 1515 1008 1567 in
1058 1512 1221 1567 nobis
1261 1528 1361 1582 per
1416 1511 1597 1581 ipsum
1632 1510 1819 1567 Deus?
1876 1516 1972 1564 aut

391 1608 670 1679 quomodo
705 1606 802 1662 Dei
853 1613 938 1661 est
977 1607 1279 1676 particeps,
1321 1605 1417 1675 qui
1455 1604 1720 1675 Spiritum
1780 1617 1971 1658 susce-

2060 500 2174 570 ἔχει
2205 499 2313 571 γὰρ
2353 498 2497 554 οὕτω
2529 502 2593 570 τῇ
2629 498 2812 568 φύσει.
2866 497 3031 566 Λέγει
3076 495 3256 549 τοίνυν
3285 493 3424 563 πρός
3451 507 3610 553 τινας
3637 505 3652 518 ·

2066 611 2086 646 ι
2115 593 2239 646 Ὅτι
2269 593 2492 665 ἐγείρας
2520 593 2756 664 Χριστὸν
2794 589 3003 662 Ἰησοῦν
3032 589 3098 642 ὲκ
3122 585 3353 658 νεκρῶν,
3382 583 3660 651 ζωοποιή-

2063 699 2146 736 σει
2177 684 2270 736 καὶ
2303 683 2372 736 τὰ
2397 683 2566 754 θνητά
2596 682 2823 753 σώματα
2851 678 3026 751 ὐμῶν,
3060 677 3146 732 διὰ
3180 676 3273 730 τοῦ
3305 673 3661 733 ἐνοικοῦντος

2062 772 2226 826 αὐτοῦ
2261 773 2580 845 Πνεύματος
2613 774 2672 826 έν
2710 773 2858 843 ὑμῖν.
2889 789 2909 825 ι
2946 765 3080 824 Εἶτα
3119 769 3283 822 πάλιν
3307 784 3322 798 ⁸
3381 785 3401 817 ι
3433 767 3565 816 Ὅτι
3598 763 3661 816 δέ

2065 867 2188 918 ἐστε
2216 867 2323 919 υἱοὶ
2345 908 2362 934 ,
2409 866 2791 933 ἐξαπέστειλεν
2825 867 2853 918 6
2881 862 3014 928 Θεὸς
3048 862 3108 915 τὸ
3138 860 3360 931 Πνεῦμα
3387 857 3484 912 τοῦ
3517 855 3660 910 Υίοῦ

2073 954 2240 1010 αὐτοῦ
2275 957 2356 1020 είς
2383 956 2481 1019 τὰς
2513 955 2741 1027 καρδίας
2775 952 2948 1024 ὐμῶν,
2976 950 3214 1028 κράζονξ
3259 946 3454 1011 Ἀϐϐᾶ,
3480 945 3514 997 ὁ
3535 945 3661 998 Πα-

2063 1048 2188 1118 τήρ.
2216 1066 2234 1099 ι
2285 1047 2447 1118 Ὁρᾷς
2474 1047 2624 1110 ὅπως
2669 1046 2729 1100 τὸ
2759 1045 2889 1100 αὐτὸ
2927 1042 3154 1113 Πνεῦμα
3199 1039 3296 1094 τοῦ
3345 1056 3405 1092 τε
3433 1037 3662 1107 Πατρός

2067 1139 2182 1192 έστι
2207 1139 2300 1192 καὶ
2329 1138 2424 1192 τοῦ
2457 1139 2587 1192 Υίοῦ
2611 1156 2625 1204 ;
2665 1135 3062 1199 Κατοικοῦντος
3084 1130 3177 1189 οὖν
3200 1132 3310 1204 ἄρα
3339 1129 3434 1184 τοῦ
3469 1132 3662 1183 Μονο-

2066 1231 2258 1302 γενοῦς
2291 1233 2348 1285 ἐν
2369 1235 2492 1294 ταῖς
2521 1231 2768 1303 καρδίαις
2794 1231 2827 1301 ἡ
2837 1229 2970 1301 μῶν,
2998 1229 3098 1282 οὐκ
3123 1227 3350 1282 ἄπεστιν
3371 1223 3621 1292 ὀΠατήρ
3640 1236 3658 1252 ⁸

2069 1325 2182 1396 ἔχει
2211 1325 2319 1395 γὰρ
2344 1328 2373 1379 ὁ
2395 1324 2520 1388 Υἱὸς
2551 1325 2609 1376 ἐν
2637 1323 2815 1394 ἑαυτῷ
2842 1322 2932 1377 τὸν
2955 1321 3291 1392 Γεννήτορα,
3346 1318 3479 1388 μιᾶς
3513 1313 3665 1385 πρὸς

2068 1417 2231 1471 αὐτὸν
2273 1415 2536 1486 ὑπάρχων
2568 1415 2784 1477 οὐσίας,
2841 1412 3039 1465 ἔστιδὲ
3069 1410 3162 1464 καὶ
3190 1408 3350 1471 αὐτὸς
3380 1409 3440 1460 ὲν
3472 1406 3663 1475 Πατρὶ

2072 1509 2336 1580 φυσικῶς.
2375 1511 2434 1561 '0
2463 1509 2559 1578 μὲν
2590 1502 2683 1560 οὖν
2717 1507 2815 1573 τῆς
2838 1504 3074 1566 πίστεως
3101 1503 3225 1573 ὄρος
3250 1518 3308 1553 τε
3342 1501 3439 1553 καὶ
3463 1500 3658 1552 ἀνυπ-

2071 1601 2242 1664 αίτιος
2269 1595 2422 1664 οὗτος
2448 1599 2514 1653 ἂν
2544 1599 2627 1670 εἴη
2659 1598 2834 1666 λόγος.
2892 1595 3151 1667 Ἐροίμην
3179 1593 3224 1646 δ’
3254 1593 3320 1647 ἂν
3353 1592 3447 1645 ἐπὶ
3477 1589 3666 1660 τούτῳ

394 1670 580 1773 perit?
609 1697 745 1752 Nam
779 1697 826 1752 si
869 1670 994 1752 ﬁeri
1017 1670 1208 1767 potest
1229 1670 1287 1750 ut
1317 1670 1416 1766 per
1459 1670 1697 1750 creatam
1731 1695 1970 1764 aliquam

2087 1691 2168 1744 ιαὶ
2201 1691 2322 1744 λίαν
2351 1691 2522 1762 ἡδέως
2560 1691 2685 1752 τοὺς
2715 1691 2779 1742 ὲκ
2819 1687 3019 1757 πολλῆς
3048 1687 3290 1758 ἀμαθίας
3324 1682 3666 1756 ὲτεροδοξεῖν

396 1788 765 1846 substantiam
797 1787 996 1842 divina:
1020 1794 1075 1842 et
1097 1786 1386 1842 inel‘l'abilis
1418 1795 1628 1841 naturae
1674 1787 1974 1856 participes

395 1881 726 1946 elliciamur,
757 1878 890 1949 quid
957 1878 1168 1933 vetabit
1213 1879 1513 1949 quominus
1568 1878 1737 1942 Deus,
1769 1877 1975 1946 reiecto

399 1972 632 2041 Spiritu,
677 1985 776 2042 per
819 1968 1061 2039 aliquam
1114 1969 1278 2022 aliam
1328 1984 1714 2039 quamcunque
1739 1968 1978 2022 voluerit

396 2071 706 2118 creaturam
761 2061 816 2115 in
860 2061 1018 2115 nobis
1071 2062 1143 2116 sit
1187 2076 1400 2130 nosque
1445 2059 1801 2116 sanctillcet?
1869 2059 1978 2114 Sed

399 2156 503 2211 hoc
536 2154 874 2225 impossibile
901 2175 913 2210 :
955 2169 1058 2208 nec
1087 2153 1232 2208 enim
1257 2154 1352 2209 Del
1387 2153 1691 2208 secundum
1720 2163 1977 2206 naturam

401 2247 681 2318 particeps
710 2247 838 2316 quis
875 2260 1117 2315 unquam
1166 2243 1354 2312 fuerit,
1389 2246 1500 2300 nisi
1532 2261 1628 2316 per
1674 2245 1976 2314 Spiritum:

401 2340 548 2392 Deus
599 2338 765 2408 igitur
793 2347 847 2392 et
904 2352 972 2392 ex
1026 2335 1137 2391 Deo
1175 2345 1266 2392 est
1318 2336 1598 2407 Spiritus,
1647 2353 1865 2407 neque,
1921 2343 1980 2389 ut

403 2430 682 2485 nonnullis
721 2429 900 2484 visum
935 2437 1044 2495 est,
1097 2444 1127 2483 e
1161 2444 1392 2484 numero
1436 2437 1832 2484 creaturarum.
1873 2428 1981 2482 Sed

403 2520 620 2577 etillud
652 2535 818 2592 porro
874 2520 1340 2575 considerandum
1392 2521 1564 2575 venit.
1602 2521 1761 2587 Quod
1816 2519 1984 2589 parti—

407 2626 538 2680 ceps
564 2610 799 2680 alicujus
844 2617 949 2675 est,
999 2617 1058 2663 ut
1106 2609 1338 2679 potioris
1382 2609 1686 2666 secundum
1723 2610 1983 2665 substan-

406 2702 538 2757 tiam
569 2708 625 2756 et
654 2700 887 2755 alterius
917 2701 987 2755 ab
1021 2700 1143 2771 ipso
1181 2703 1423 2772 generis,
1458 2701 1606 2756 aliud
1647 2717 1874 2758 necesse
1901 2712 1986 2758 est

407 2808 532 2848 esse
575 2791 878 2847 secundum
919 2801 1175 2847 naturam
1207 2793 1277 2848 ab
1315 2809 1381 2849 eo
1415 2794 1560 2864 quod
1603 2795 1982 2864 participatur.

2074 1781 2391 1852 ἑλομένους,
2423 1783 2517 1836 καὶ
2544 1783 2610 1852 τῇ
2663 1779 2756 1832 τοῦ
2793 1778 3113 1850 Πνεύματος
3139 1775 3264 1849 δόξῃ
3303 1776 3404 1846 τὴν
3440 1775 3667 1829 οἰκείαν

2075 1871 2454 1937 έξοπλίζοντας
2485 1870 2751 1940 γλῶτταν.
2798 1870 2864 1923 Τί
2891 1869 3000 1937 γὰρ
3041 1869 3105 1940 δὴ
3144 1868 3237 1922 καὶ
3281 1869 3469 1936 φαῖεν,
3526 1866 3667 1918 ὅταν

2075 1965 2323 2035 λέγωμεν
2351 1966 2564 2028 αὐτοῖς·
2608 1965 2669 2017 Εἰ
2696 1963 2912 2016 κτιστὸν
2937 1962 2999 2016 τὸ
3024 1961 3250 2032 Πνεῦμα
3274 1961 3413 2023 ἐστι,
3446 1958 3545 2013 καὶ
3565 1958 3667 2010 ἁλ-

2077 2058 2289 2128 λότριον
2321 2060 2420 2130 τῆς
2461 2057 2648 2122 οὐσίας
2674 2056 2768 2112 τοῦ
2797 2055 2956 2121 Θεοῦ,
2982 2055 3104 2109 καθ’
3137 2056 3302 2126 ὑμᾶς,
3339 2053 3456 2114 πῶς
3489 2052 3562 2106 ἂν
3605 2055 3666 2104 ὲν

2077 2152 2209 2222 ἡμῖν
2240 2149 2307 2203 δι’
2357 2151 2524 2204 αὐτοῦ
2561 2150 2886 2221 κατοικῆσαι
2915 2148 3047 2212 Θεός
3075 2165 3089 2213 ;
3124 2146 3240 2211 πῶς
3266 2146 3322 2199 δὲ
3354 2144 3489 2198 Θεοῦ
3531 2143 3668 2214 μέτ-

2079 2262 2203 2316 οχος
2247 2248 2275 2299 6
2305 2245 2366 2299 τὸ
2397 2245 2621 2316 Πνεῦμα
2650 2245 2864 2312 λαϐώνς
2913 2244 2974 2298 Εἰ
3001 2244 3101 2316 μὲν
3142 2245 3252 2316 γάρ
3281 2245 3396 2296 ἐστι
3426 2243 3539 2295 τῶν
3575 2243 3668 2293 ὲν-

2080 2337 2384 2407 δεχομένων
2414 2337 2505 2390 διά
2531 2354 2675 2402 τινος
2700 2339 2836 2402 ὅλως
2865 2336 3132 2408 γεννητῆς
3156 2335 3346 2398 οὐσίας
3373 2335 3473 2403 τῆς
3509 2333 3669 2396 θείας

2082 2445 2140 2481 τε
2167 2428 2260 2480 καὶ
2288 2429 2530 2500 ἀρρήτου
2562 2428 2779 2498 φύσεως
2800 2431 2950 2500 ἡμᾶς
2993 2428 3320 2500 μεταλαχεῖν
3339 2469 3352 2493 ,
3394 2427 3447 2479 τί
3475 2427 3544 2479 ἂν
3587 2425 3668 2478 ἔτι

2081 2521 2141 2574 τὸ
2177 2520 2382 2574 κωλύον
2415 2521 2588 2592 ὁρῷτο
2632 2522 2724 2575 τὸν
2772 2523 2903 2577 Θεὸν
2947 2522 3040 2575 καὶ
3072 2520 3290 2591 Πατέρα
3329 2518 3390 2571 τὸ
3434 2517 3668 2586 Πνεῦμα

2083 2609 2483 2680 παρωσάμενον
2520 2611 2614 2665 καὶ
2645 2610 2712 2664 δι’
2738 2611 2927 2683 ἑτέρου
2953 2611 3096 2674 τινὸς
3123 2603 3291 2680 οὗπερ
3323 2609 3389 2663 ἂν
3416 2607 3669 2678 βούλοιτο

2083 2699 2382 2770 κτίσματος
2425 2702 2482 2754 ὲν
2511 2703 2642 2772 ἡμῖν
2703 2701 2974 2771 γίνεσθαι,
3027 2701 3121 2754 καὶ
3165 2700 3420 2769 ἁγιάζειν
3472 2699 3665 2768 ὴμᾶς;

2099 2790 2263 2844 Ἀλλὰ
2305 2792 2462 2845 τοῦτο
2505 2793 2765 2846 ἀδύνατον
2789 2810 2804 2824 ·
2863 2794 2922 2847 οὐ
2947 2793 3055 2864 γὰρ
3088 2792 3153 2846 ἂν
3181 2791 3388 2861 γένοιτό
3414 2808 3497 2853 τις
3530 2789 3668 2842 Θεοῦ

411 2885 468 2940 Si
509 2900 640 2955 ergo
669 2893 886 2940 creatus
925 2893 1018 2938 aut
1059 2885 1236 2942 factus
1265 2895 1351 2942 est
1399 2885 1661 2956 Spiritus,
1695 2888 1983 2955 cujusuam

2089 2883 2154 2954 δὴ
2182 2884 2276 2938 τοῦ
2317 2885 2458 2939 κατὰ
2481 2885 2644 2956 φύσιν
2680 2886 2906 2957 μέτοχος
2931 2887 2998 2939 δι’
3027 2885 3213 2957 ἐτέρου
3231 2927 3245 2951 ,
3280 2886 3327 2938 εί
3364 2883 3437 2953 μὴ
3459 2881 3552 2936 διὰ
3576 2882 3669 2936 τοῦ

409 2977 518 3029 erit
564 2974 782 3029 demum
843 2985 1097 3030 creatura
1136 2977 1460 3046 particeps?
1509 2978 1706 3032 Annon
1759 2979 1983 3033 omnino

2087 2975 2406 3047 Πνεύματος
2425 2994 2440 3009 ο
2487 2977 2620 3041 Θεὸς
2649 2977 2758 3049 ἄρα
2787 2979 2882 3031 καὶ
2913 2980 2976 3030 ὲκ
3002 2977 3139 3030 Θεοῦ
3175 2975 3237 3029 τὸ
3269 2975 3530 3044 Πνεῦμα,
3578 2975 3671 3025 καὶ

411 3067 720 3136 suiipsius?
777 3082 1075 3122 commune
1167 3069 1372 3138 quippe
1449 3069 1666 3123 videtur
1715 3069 1983 3125 ambobus

2087 3066 2150 3118 οὐ
2181 3069 2296 3130 τοῖς
2327 3068 2610 3135 γεγονόσιν
2645 3066 2995 3137 ἐναρίθμιον,
3037 3066 3285 3136 καθάπερ
3318 3065 3469 3130 ἔδοξέ
3502 3083 3670 3118 τισιν.

410 3176 535 3215 esse
565 3160 711 3229 quod
739 3167 986 3214 creatum
1017 3169 1122 3215 est.
1162 3159 1267 3214 Sed
1318 3168 1373 3215 et
1406 3161 1575 3215 creati
1609 3169 1662 3216 et
1709 3160 1837 3215 facti
1889 3177 1986 3216 na-

412 3263 534 3306 tura
559 3259 746 3307 nostra
777 3267 901 3305 cum
930 3267 1033 3306 nos
1069 3251 1264 3316 simus,
1296 3250 1423 3305 facti
1453 3268 1646 3307 sumus
1692 3253 1987 3323 participes

415 3344 656 3413 Spiritus
692 3358 722 3395 a
777 3343 940 3398 nobis
987 3350 1186 3397 natura
1240 3341 1443 3398 diversi
1474 3363 1488 3398 :
1519 3343 1682 3414 832
1719 3359 1838 3397 ιιοῐιΔ
1859 3358 1989 3414 ergo

415 3444 637 3491 creatus
663 3441 750 3489 est
785 3433 1049 3504 Spiritus.
1090 3433 1246 3500 Quod
1279 3435 1324 3490 si
1359 3451 1552 3490 verum
1583 3445 1690 3498 est,
1729 3445 1787 3490 ut
1838 3444 1990 3491 certe

414 3537 522 3591 est,
555 3527 699 3582 Deus
724 3533 779 3581 et
810 3541 879 3580 ex
927 3523 1040 3580 Deo
1084 3535 1167 3580 est
1203 3526 1466 3596 Spiritus,
1509 3528 1673 3582 sicuti
1726 3528 1988 3583 diximus.

417 3617 564 3672 Nihil
589 3618 733 3673 enim
764 3618 1067 3671 increatum
1113 3632 1237 3670 esse
1267 3617 1551 3686 putabitur
1582 3632 1844 3685 unquam,
1884 3618 1990 3671 nisi

418 3710 570 3762 solus
623 3717 818 3762 natura
855 3707 1018 3771 Deus,
1052 3723 1116 3760 ex
1167 3723 1276 3777 quo
1333 3708 1587 3762 videlicet
1642 3707 1993 3762 inell'abiliter

422 3800 723 3870 procedens
774 3807 1000 3855 sanctus
1040 3798 1300 3869 Spiritus,
1353 3808 1412 3852 ut
1469 3801 1588 3870 ipsc
1645 3815 1711 3853 ex
1745 3815 1853 3868 quo
1885 3807 1990 3865 est,

423 3890 634 3944 habitat
681 3889 735 3942 in
784 3889 966 3943 nobis.
1020 3888 1284 3957 Proprius
1336 3891 1483 3943 enim
1547 3896 1632 3944 est
1673 3889 1995 3944 substantiae

421 3981 558 4044 ejus,
601 3987 656 4034 et
693 3979 934 4048 qualitas
983 3979 1150 4032 veluti
1198 3979 1444 4049 quadam
1481 3980 1793 4035 sanctitatis
1849 3979 1992 4048 ejus.

422 4073 602 4142 Atque
637 4071 751 4125 haac
781 4070 1000 4139 quidem
1050 4070 1102 4122 in
1135 4071 1272 4125 istos
1303 4070 1451 4124 dicta
1485 4080 1648 4125 sunto
1675 4087 1688 4123 :
1726 4071 1996 4127 adversus

423 4165 718 4217 Auomteos
749 4173 951 4226 autem,
987 4163 1081 4230 qui
1109 4161 1247 4215 Filio
1275 4161 1475 4215 bellum
1503 4162 1842 4227 indixerunt,
1872 4163 1996 4233 qui-

423 4271 528 4324 que
554 4255 746 4309 eodem
781 4268 944 4322 quem
975 4262 1136 4306 antea
1177 4252 1420 4308 diximus
1456 4253 1647 4308 furore
1690 4255 1994 4318 insaniunt,

2093 3157 2302 3222 Ἀλλως
2329 3175 2389 3211 τε
2425 3158 2644 3211 κάκεῖνο
2672 3157 2810 3229 πρὸς
2837 3159 2994 3212 τοῦτο
3021 3160 3394 3214 διασκεπτέον.
3437 3159 3513 3212 Τὸ
3544 3160 3670 3229 μέτ-

2089 3246 2213 3316 οχόν
2259 3263 2441 3309 τινος,
2495 3247 2570 3310 ὡς
2600 3246 2906 3318 κρείττονος
2947 3252 3069 3304 κατ’
3099 3250 3317 3315 οὐσίαν,
3362 3249 3460 3304 καὶ
3497 3252 3671 3320 ἑτερο-

2093 3337 2260 3408 φυοῦς
2299 3339 2331 3409 ἢ
2364 3341 2503 3411 ὅπερ
2532 3339 2678 3393 ἐστὶν
2709 3340 2872 3405 αὐτὸ,
2920 3341 3105 3413 ἕτερον
3154 3341 3294 3396 εἶναι
3322 3343 3468 3397 κατά
3509 3343 3671 3412 φύσιν

2093 3435 2308 3504 ἀνάγκη
2325 3435 2417 3488 τοῦ
2439 3436 2825 3506 μετεχομένου.
2848 3435 2910 3487 Εἰ
2927 3435 3106 3486 τοίνυν
3133 3435 3346 3487 κτιστὸν
3384 3435 3416 3506 ἢ
3450 3436 3672 3503 ποιητὸν

2091 3527 2154 3580 τὸ
2190 3527 2434 3597 Πνεῦμα,
2458 3528 2602 3592 τίνος
2636 3527 2789 3581 ἔσται
2811 3526 2998 3581 λοιπὸν
3021 3527 3053 3596 ἡ
3077 3527 3253 3590 κτίσις
3279 3527 3506 3597 μέτοχος
3527 3523 3671 3598 ;¹Ἃρ’

2093 3619 2214 3689 οὐχὶ
2251 3618 2468 3682 πάντως
2497 3619 2734 3688 έαυτῆς;
2784 3618 2963 3672 κοινὸν
2994 3618 3105 3687 γὰρ
3135 3620 3323 3688 ὁρᾶται
3365 3619 3394 3671 ὃ
3425 3620 3672 3672 ἔκτισται

2093 3710 2277 3764 λοιπὸν
2311 3713 2397 3764 ἐπ’
2443 3712 2663 3781 ἀμφοῖν.
2725 3710 2887 3764 Ἀλλά
2922 3711 3018 3763 καὶ⁵
3073 3714 3282 3764 κτιστοὶ
3328 3713 3421 3765 καὶ
3454 3713 3673 3780 γενητοὶ

2095 3804 2237 3858 κατὰ
2263 3803 2422 3872 φύσιν
2455 3803 2607 3868 ὄντες
2628 3805 2790 3875 ἡμεῖς
2809 3845 2822 3865 ,
2872 3803 2948 3866 ὡς
2975 3803 3163 3874 ἑτέρου
3207 3802 3349 3856 κατὰ
3379 3803 3544 3872 φύσιν
3572 3805 3674 3857 ὐπ-

2097 3896 2356 3968 ἀρχοντος
2385 3897 2417 3967 ἢ
2452 3896 2590 3966 ὅπερ
2621 3899 2785 3966 ἡμεῖς
2807 3935 2821 3960 ,
2852 3895 2947 3949 τοῦ
2984 3894 3302 3966 Πνεύματος
3336 3897 3675 3966 μετεσχήκα-

2102 4005 2202 4058 μεν
2226 4005 2239 4017 '
2276 3991 2376 4041 οὐκ
2403 3987 2510 4058 ἄρα
2547 3989 2765 4042 κτιστὸν
2794 3989 2856 4040 τὸ
2886 3989 3109 4058 Πνεῦμά
3129 3990 3296 4041 ἐστιν.
3343 3989 3408 4041 El
3436 3988 3496 4040 δὲ
3521 3989 3674 4041 τοῦτο

2098 4079 2326 4148 ἀληθὲς,
2379 4078 2570 4150 ὥσπερ
2613 4074 2705 4133 οὖν
2750 4080 2981 4151 ἀληθὲς,
3029 4079 3161 4144 Θεὸς
3202 4080 3299 4133 καὶ
3349 4081 3414 4132 ὲκ
3443 4079 3579 4133 Θεοῦ
3616 4081 3674 4132 τὸ

2100 4165 2346 4234 Πνεῦμα,
2375 4165 2626 4238 καθάπερ
2662 4169 2982 4238 εἰρήκαμεν.
3033 4169 3391 4238 Διαφεύξεται
3423 4170 3536 4240 γὰρ
3571 4170 3675 4222 τῶν

2101 4257 2268 4310 ὄντων
2297 4257 2447 4310 οὐδὲν
2476 4257 2573 4328 τὴν
2599 4257 2692 4311 τοῦ
2729 4259 3057 4329 πεποιῆσθαι
3084 4259 3272 4326 δόξαν,
3331 4261 3381 4312 εί
3411 4261 3487 4331 μὴ
3521 4262 3675 4330 μόνος

425 4346 680 4402 nonnihil
717 4345 864 4414 quod
895 4360 1076 4410 Operae
1106 4346 1338 4414 pretium
1364 4347 1437 4400 sit
1474 4346 1674 4399 dicam.
1722 4364 1740 4396 ι
1785 4346 1840 4399 Si
1874 4348 1983 4414 qui:

2102 4347 2130 4399 6
2171 4346 2329 4414 τρύσει
2362 4347 2522 4410 Θεὸς,
2578 4348 2639 4415 ἐξ
2684 4343 2744 4403 οὗ
2789 4349 3031 4419 δηλονότι
3082 4351 3272 4422 προϊὸν
3316 4352 3572 4423 ἀρῤήτως
3616 4353 3673 4404 τὸ

423 4437 602 4506 diligit
651 4450 757 4501 me,
812 4449 1126 4489 sermonem
1181 4449 1360 4488 meum
1398 4435 1676 4499 servabit,
1731 4443 1784 4487 et
1836 4433 1998 4490 Pater

427 4544 580 4583 meus
608 4527 796 4596 diliget
825 4542 973 4588 eum,
996 4534 1049 4580 et
1087 4527 1152 4579 ad
1186 4541 1308 4580 eum
1344 4527 1644 4591 veniemus,
1673 4536 1726 4580 et
1758 4526 1999 4580 mansio-

425 4634 550 4674 nem
579 4618 723 4687 apud
756 4633 882 4672 eum
915 4616 1202 4672 iaciemus.
1244 4636 1262 4667 ι
1290 4616 1431 4682 Quid
1461 4633 1593 4688 ergo
1623 4617 1994 4688 respoudetis,

425 4726 460 4764 o
495 4709 702 4765 strenui
737 4709 874 4772 viri,
909 4709 954 4762 si
993 4710 1118 4778 quis
1157 4708 1476 4764 sciscitetur
1514 4723 1545 4763 a
1578 4709 1755 4775 vobis,
1814 4718 1997 4763 utrum

425 4804 566 4856 duos
616 4799 856 4854 habituri
913 4799 1092 4854 simus
1149 4799 1282 4854 deos
1326 4799 1728 4863 inhabitantes,
1774 4799 1996 4854 Patrem

429 4893 692 4949 nimirum
721 4900 778 4948 et
806 4891 1004 4945 Filium
1036 4911 1048 4946 :
1096 4907 1166 4946 an
1208 4906 1338 4946 vero
1374 4891 1518 4948 Deus
1567 4908 1711 4947 unus
1747 4892 1801 4945 in
1837 4892 1998 4947 nobis

431 4982 767 5052 intelligatur
793 4995 858 5035 ac
886 4995 1014 5035 vere
1066 4982 1176 5036 sit?
1221 4980 1355 5034 Nam
1389 4982 1434 5036 si
1491 4990 1685 5035 natura
1742 4981 1999 5037 diversus

427 5081 516 5128 est
543 5071 762 5126 omnino
816 5069 990 5125 Filius
1037 5080 1091 5124 et
1132 5071 1186 5124 in
1223 5071 1442 5140 propria
1505 5071 1743 5142 quadam
1802 5083 1998 5126 natura

432 5163 776 5234 intelligitur,
813 5163 1094 5232 quomodo
1143 5177 1376 5217 necesse
1415 5177 1522 5215 non
1555 5170 1638 5216 est
1679 5162 1821 5217 duos
1867 5163 2000 5219 deos

433 5260 487 5312 in
519 5257 679 5312 nobis
709 5270 834 5310 esse
865 5253 1110 5319 credere,
1140 5253 1396 5308 mandata
1423 5254 1821 5309 servantibus?
1845 5254 2001 5321 Quod

431 5351 477 5405 si
510 5351 673 5406 unius
712 5364 819 5402 non
851 5356 1032 5401 autem
1064 5345 1299 5401 duorum
1331 5346 1559 5401 deorum
1605 5349 1804 5417 templa
1855 5348 1996 5403 dici-

431 5457 576 5505 mur,
602 5440 764 5496 Patre
786 5454 850 5494 ac
880 5437 1021 5493 Filio
1051 5439 1107 5493 in
1135 5438 1296 5494 nobis
1324 5437 1724 5507 habitantibus,
1748 5455 1999 5512 quamam

501 5617 547 5650 ³³
584 5614 745 5669 Rom.
783 5629 898 5680 vui,
932 5614 1014 5667 ll.
1089 5617 1134 5647 ’δ
1168 5614 1346 5669 Gnlal.
1378 5629 1444 5681 w_
1479 5614 1523 5668 3.

2105 4437 2330 4508 Πνεῦμα
2359 4438 2420 4491 τὸ
2441 4439 2597 4507 ἅγιον
2619 4481 2634 4504 ,
2665 4441 2740 4504 ὡς
2774 4441 2937 4504 αὐτὸς
2969 4441 3026 4506 ἐξ
3053 4435 3184 4497 οὐπέ
3195 4459 3225 4512 ρ
3251 4444 3428 4507 ἐστιν,
3463 4443 3523 4495 ἐν
3549 4445 3674 4512 ἡμῖν

2106 4531 2370 4583 κατοικεῖ.
2394 4529 2556 4582 Ἴδιον
2586 4531 2694 4600 γάρ
2724 4533 2838 4584 ἐστι
2866 4531 2965 4600 τῆς
2994 4531 3180 4594 οὐσίας
3207 4530 3395 4596 αὐτοῦ,
3422 4532 3520 4584 καὶ
3542 4533 3675 4584 ποιό-

2103 4634 2204 4688 της
2235 4617 2426 4690 ὧσπερ
2460 4619 2561 4689 τῆς
2587 4621 2873 4692 ἁγιότητος
2895 4620 3080 4675 αὐτοῦ.
3112 4622 3222 4674 Καὶ
3253 4620 3427 4675 ταῦτα
3455 4621 3554 4691 μὲν
3580 4621 3673 4692 ἤδη

2107 4709 2242 4781 πρὸς
2259 4710 2480 4775 τούτους
2504 4728 2518 4743 ⁸
2568 4714 2704 4784 πρὸς
2729 4714 2787 4767 δέ
2817 4729 2881 4781 γε
2923 4717 3052 4777 τοὺς
3094 4712 3426 4783 Ἀνομοίους,
3452 4713 3550 4766 καὶ
3580 4731 3671 4765 πο-

2107 4800 2291 4870 λεμεῖν
2319 4803 2629 4872 ἐγνωκότας
2655 4805 2732 4874 τῷ
2771 4803 2916 4874 Υίῷ,
2950 4804 3000 4858 οἳ
3034 4804 3128 4857 καὶ
3153 4803 3419 4874 ἀδελφὴν,
3447 4805 3542 4857 καὶ
3567 4806 3674 4872 γεί-

2109 4908 2236 4944 τονα
2274 4896 2388 4956 τοῖς
2416 4895 2725 4965 εἰρημένοις
2764 4897 2894 4967 ἡμῖν
2937 4896 3141 4968 ἀρτίως
3187 4896 3406 4949 νοσοῦσι
3457 4895 3671 4965 μανίαν,

2111 4983 2224 5054 ἐρῶ
2251 5002 2305 5038 τι
2324 4985 2432 5038 τῶν
2453 4988 2784 5054 ἀναγκαίων.
2813 5007 2830 5038 ι
2854 4987 2980 5041 Ἐάν
3001 5005 3085 5051 τις
3101 4988 3289 5057 ἀγαπᾷ
3316 5005 3404 5058 με,
3423 4986 3513 5040 τὸν
3528 4987 3672 5054 λόγον

2111 5091 2213 5144 μου
2239 5078 2492 5145 τηρήσει,
2527 5079 2617 5132 καὶ
2648 5081 2676 5132 ὁ
2708 5082 2898 5152 Πατήρ
2933 5097 3034 5150 μου
3069 5080 3345 5149 ἀγαπήσει
3377 5079 3560 5142 αὐτὸν,
3588 5082 3673 5132 καὶ

2108 5165 2246 5234 πρὸς
2279 5167 2442 5220 αὐτὸν
2480 5169 2836 5241 ἐλευσόμεθα,
2869 5172 2962 5225 καὶ
2993 5169 3160 5241 μονὴν
3181 5169 3309 5241 παρ’
3336 5167 3483 5238 αὑτῷ
3524 5185 3671 5236 ποιη-

2111 5256 2338 5326 σόμεθα.
2355 5277 2372 5310 ι
2403 5260 2470 5314 Τί
2490 5257 2603 5330 οὖν,
2623 5256 2666 5315 ὧ
2692 5266 2950 5330 γενναῖοι,
2969 5263 3128 5332 φατὲ,
3159 5260 3512 5316 διαπυθέσθαι
3540 5261 3671 5322 τινὸς

2109 5346 2386 5414 ἐθέλοντος
2414 5354 2508 5406 καὶ
2538 5353 2727 5424 μαθεῖν
2773 5353 3051 5418 ἀξιοῦντος
3089 5354 3219 5425 παρ’
3247 5351 3423 5424 ὐμῶν,
3457 5351 3672 5422 πότερόν

2111 5453 2240 5492 ποτε
2265 5439 2358 5494 δύο
2387 5441 2542 5508 θεοὺς
2567 5445 2762 5516 ἕξομεν
2797 5445 3140 5509 ἐνοικοῦντας
3160 5486 3174 5513 ,
3214 5445 3304 5500 τὸν
3337 5443 3561 5515 Πατέρα
3588 5442 3672 5496 καὶ
