3892 6202
220 241 326 299 29")

1261 238 1329 295 IN
1350 237 1635 294 JOANNIS
1668 238 2117 295 EVANGELlL‘M
2162 237 2286 293 LIB.
2331 238 2397 291 Χ.

3396 234 3502 291 29.5

218 338 309 389 τὸν
339 335 469 388 Υἰὸν
496 351 511 366 ·
567 335 600 406 ἢ
631 334 762 398 Θέὸς
798 331 878 397 εἷς
924 334 982 387 ἑν
1023 336 1154 405 ἡμῖν
1184 338 1383 388 νοεῖταί
1413 353 1472 389 τε
1519 338 1616 390 καὶ
1661 337 1810 390 ἐστιν

1926 337 2069 391 ratio
2101 338 2157 390 in
2186 337 2348 391 nobis
2376 335 2517 389 duos
2552 333 2677 389 illos
2710 332 2777 386 ad
2813 333 3076 386 unitatem
3099 332 3317 405 redigit,
3370 347 3499 387 eum

217 427 480 497 ἀληθῶς;
528 428 592 479 Et
625 426 724 497 μὲν
751 426 859 497 γὰρ
887 426 1075 497 ἕτερός
1101 429 1219 480 ἐστι
1255 428 1396 481 κατά
1430 428 1591 498 φύσιν
1624 430 1653 482 6
1685 429 1814 492 Υίὸς

218 516 504 576 παντελῶς
542 515 633 568 καὶ
678 516 736 567 ἐν
778 516 884 586 ἰδία
931 516 1037 569 τινί
1082 516 1245 584 φύσει
1299 517 1630 588 νοούμενος,
1693 517 1813 582 πῶς

218 608 318 661 οὐκ
350 608 567 677 ἀνάγκη
593 605 760 660 δυάδα
799 606 940 660 θεῶν
974 609 1032 661 ὲν
1060 609 1192 678 ἡμῖν
1220 608 1475 675 γενέσθαι
1512 608 1811 673 πιστεύειν,

218 701 347 752 ὅταν
380 699 639 769 τηρῶμεν
672 698 773 762 τὰς
796 698 1017 762 ἐντολάς
1049 717 1064 765 ;
1121 701 1183 752 Et
1215 700 1271 754 δὲ
1322 702 1441 753 ναοὶ
1470 701 1811 773 χρηματίζο-

224 810 346 863 μεν,
371 792 491 854 ἐνὸς
509 791 750 862 δηλονότι
777 790 872 844 καὶ
893 792 955 843 οὐ
977 791 1071 844 δύο
1095 791 1253 853 θεῶν,
1277 793 1405 845 ὅταν
1424 795 1557 863 ἡμῖν
1582 795 1609 847 ὁ
1626 793 1816 865 Πατὴρ

221 885 318 938 καὶ
360 883 541 947 ὁΥίὸς
591 882 1006 949 ὲναυλίζωνται,
1057 886 1206 947 ποῖος
1237 888 1295 938 ὲν
1338 888 1474 956 ἡμῖν
1529 886 1610 939 ἔτι
1655 886 1817 955 λόγος

225 977 508 1030 συστέλλει
543 977 678 1046 πρὸς
719 977 947 1048 ἑνότητα
995 979 1123 1041 τοὺς
1162 978 1284 1042 δύο,
1333 979 1435 1049 τῆς
1465 981 1585 1033 κατ’
1626 979 1817 1043 οὐσίας

221 1068 556 1138 ταυτότητος
596 1068 697 1120 οὐκ
725 1066 956 1137 ἐχούσης
982 1067 1149 1120 τόπον
1169 1109 1182 1131 ,
1224 1067 1368 1120 κατά
1397 1085 1461 1136 γε
1490 1066 1589 1137 τὴν
1619 1067 1818 1137 ὑμετέ-

228 1176 330 1231 ραν
395 1158 856 1229 φρενοϐλάϐειαν;
908 1160 977 1211 Ἢ
1026 1158 1136 1230 γὰρ
1201 1160 1415 1231 ἀνάγκη
1465 1160 1687 1228 λέγειν,
1734 1160 1816 1213 ὅτι

221 1248 399 1319 ψευδῆ
430 1249 566 1319 πρὸς
591 1250 741 1318 ἡμᾶς
784 1248 1081 1319 λελάληκεν
1112 1252 1139 1304 6
1172 1250 1439 1321 Χριστὸς,
1487 1250 1816 1314 ἐνοικίζεται

221 1342 282 1395 δὲ
335 1344 497 1413 μόνον
530 1346 662 1415 ἡμῖν
696 1346 724 1397 6
756 1345 949 1415 Πατὴρ
991 1345 1078 1398 διὰ
1122 1346 1216 1399 τοῦ
1248 1348 1567 1418 Πνεύματος
1589 1363 1604 1378 ο
1649 1348 1816 1417 ἤγουν

224 1436 430 1488 ἐνοικεῖ
456 1436 553 1505 μὲν
581 1435 775 1500 αὐτὸς,
827 1436 1022 1490 ἄπεστι
1052 1438 1108 1490 δὲ
1135 1441 1163 1491 6
1194 1440 1407 1511 Πατήρ.
1461 1440 1622 1493 Ἀλλά
1660 1440 1817 1493 τοῦτο

224 1528 430 1585 ἄτοπον
451 1544 464 1557 ·
517 1524 599 1592 εἷς
628 1528 685 1581 δὲ
715 1528 848 1593 Θεὸς
875 1532 934 1583 ἐν
977 1533 1138 1602 ἡμῖν,
1175 1533 1304 1585 ὅταν
1337 1534 1504 1603 ἄμφω
1536 1534 1813 1605 λάϐωμεν.

224 1618 341 1689 Οὐχ
371 1618 712 1691 έτεροούσιος
736 1621 844 1689 ἄρα
874 1622 1013 1693 πρὸς
1048 1623 1139 1676 τὸν
1167 1624 1611 1697 ὲαυτοῦᾙατέρα
1639 1628 1819 1695 φανεῖ-

1913 429 2068 500 jnxta
2092 437 2327 484 vestram
2353 427 2709 487 dementiam,
2737 424 3011 479 identitati
3041 423 3364 479 substantia:
3385 440 3495 479 non

1918 520 1990 576 sit
2008 519 2192 575 locus?
2212 518 2307 573 Vel
2336 519 2481 572 enim
2500 533 2725 573 necesse
2746 525 2831 571 est
2851 517 3034 572 dicere
3053 516 3332 572 Christum
3358 516 3495 572 falsa

1918 612 2078 666 nobis
2116 627 2240 666 esse
2278 611 2552 671 locutum,
2578 619 2631 664 et
2663 610 2970 664 inhabitare
2999 616 3208 663 tantum
3255 610 3309 663 in
3339 609 3500 663 nobis

1917 704 2132 759 Patrem
2162 720 2260 775 per
2284 703 2550 770 Spiritum
2576 720 2590 768 ;
2616 703 2699 757 vel
2725 702 3035 757 inhabitare
3056 702 3275 773 quidem
3296 702 3499 771 ipsum,

1918 799 2113 853 abesse
2131 812 2265 851 vero
2281 796 2523 851 Patrem.
2541 794 2611 849 At
2635 795 2737 849 hoc
2767 794 3065 850 absurdqu
3090 812 3101 848 :
3126 808 3270 847 unus
3301 793 3503 863 quippe

1918 890 2063 945 Deus
2103 896 2189 945 est
2220 890 2275 942 in
2308 888 2489 954 nobis,
2536 903 2661 942 cum
2704 886 2900 941 ambos
2947 885 3318 952 suscepimus.
3380 882 3501 937 Non

1919 997 2050 1051 ergo
2099 982 2331 1036 diversa:
2378 996 2408 1035 a
2468 980 2633 1035 Patre
2693 994 2796 1035 suo
2843 978 3170 1034 substantiae
3222 976 3505 1046 apparebit

1920 1069 2273 1141 Unigenitus.
2309 1071 2405 1125 sed
2438 1086 2502 1125 ex
2535 1070 2744 1139 seipse,
2772 1078 2826 1124 et
2871 1069 2927 1122 in
2963 1068 3104 1139 ipso,
3136 1067 3284 1122 sicut
3317 1067 3369 1121 in
3418 1068 3504 1119 lu-

1919 1163 2067 1217 mine
2105 1162 2370 1233 splendor
2414 1162 2508 1231 qui
2548 1177 2612 1215 ex
2672 1175 2781 1216 eo:
2832 1159 2937 1213 hoc
2986 1160 3133 1214 enim
3184 1158 3370 1221 modo,
3395 1173 3506 1211 non

1920 1264 2103 1309 autem
2159 1254 2288 1317 alio,
2323 1253 2568 1325 mysterii
2603 1253 2687 1307 vis
2714 1259 2770 1307 et
2828 1252 2972 1305 ratio
3028 1266 3156 1305 vera
3204 1249 3389 1304 fuerit.
3443 1246 3509 1300 Et

1920 1348 2141 1415 quidem
2168 1346 2394 1400 divinus
2438 1344 2644 1400 Paulus
2683 1360 2794 1399 non
2832 1345 3067 1400 duorum
3099 1343 3326 1398 deorum
3373 1350 3508 1395 tem-

1920 1441 2009 1510 pla
2040 1455 2142 1494 nos
2177 1439 2492 1510 appellavit,
2535 1438 2631 1493 sed
2662 1439 2826 1493 unius
2857 1455 2870 1491 :
2908 1456 2926 1488 ι
2981 1434 3244 1502 NeScitis,
3306 1435 3507 1504 inquit,

1920 1534 2048 1603 quia
2071 1533 2336 1601 templum
2366 1531 2460 1587 Dei
2496 1532 2658 1595 estis,
2693 1541 2747 1586 et
2772 1529 3018 1601 Spiritus
3056 1529 3150 1584 Dei
3191 1529 3401 1583 habitat
3454 1530 3510 1581 in

1922 1625 2079 1680 vobis
2101 1624 2185 1677 1'5?
2213 1644 2231 1676 ι
2269 1623 2431 1680 Vides
2462 1634 2553 1690 ut,
2592 1624 2647 1679 in
2683 1624 3005 1679 substantiae
3048 1622 3388 1677 identitatem
3417 1620 3513 1675 Pa-

220 1728 317 1763 ται
359 1710 550 1764 λοιπὸν
593 1713 622 1765 6
669 1714 1013 1785 Μονογενὴς,
1070 1715 1195 1768 ἀλλτ
1228 1714 1288 1780 ἐξ
1337 1716 1569 1781 ἑαυτοῦ,
1619 1719 1712 1771 καὶ
1761 1720 1818 1772 ὲν

1926 1722 2007 1766 tre
2035 1721 2090 1768 et
2137 1712 2276 1768 Filio
2304 1714 2543 1777 collatis,
2604 1714 2807 1783 templa
2845 1729 2950 1769 nos
3000 1712 3179 1768 factos
3228 1728 3351 1768 esse
3400 1712 3511 1776 ait,

222 1803 406 1873 αὐτῷ,
447 1804 703 1875 καθάπερ
744 1806 801 1858 ὲν
854 1806 931 1877 τῷ
980 1808 1122 1875 φωτὶ
1157 1807 1217 1861 τὸ
1260 1810 1605 1881 ἀπαύγασμα
1652 1812 1710 1865 16
1757 1812 1816 1878 ἐξ

220 1894 419 1949 αὐτοῦ’
472 1895 558 1967 εἴη
588 1896 697 1968 γὰρ
731 1897 797 1951 ἂν
827 1897 971 1952 οὕτω
1012 1899 1104 1952 καὶ
1135 1900 1232 1971 οὐχ
1279 1902 1483 1971 ἑτέρως
1518 1904 1550 1973 ὴ
1588 1902 1683 1955 τοῦ
1719 1921 1817 1971 μυ-

221 1988 449 2059 στηρίου
481 1988 713 2059 δύναμις
738 1989 965 2061 ἀληθής.
1010 1993 1121 2044 Καὶ
1142 1993 1274 2060 γοῦν
1301 1996 1331 2047 6
1356 1994 1645 2057 θεσπέσιος
1669 1995 1817 2048 Παῦ-

219 2078 312 2142 λος
334 2118 349 2142 ,
397 2081 520 2151 οὐχὶ
548 2080 640 2134 δύο
665 2082 801 2135 θεῶν
828 2084 978 2153 ἡμᾶς
1005 2084 1258 2155 ὠνόμασε
1292 2087 1453 2149 ναοὺς
1472 2128 1486 2150 ,
1548 2086 1664 2139 ἀλλ’
1698 2087 1817 2151 ἑνὸς

1923 1821 2031 1860 non
2064 1807 2315 1872 deorum,
2355 1806 2451 1861 sed
2490 1806 2605 1860 Dei.
2631 1805 2744 1860 Cur
2777 1806 2932 1861 vanis
2966 1806 3133 1876 igitur
3176 1806 3514 1860 ratiunculis

1922 1897 2178 1952 veritatis
2225 1897 2336 1951 vim
2375 1897 2704 1961 concutitis,
2755 1904 2809 1951 et
2846 1896 3145 1967 impietatis
3193 1906 3390 1951 vestrae
3419 1912 3515 1950 ve-

1926 2006 2132 2045 nenum
2154 1991 2222 2046 iis
2254 1989 2549 2044 infunditis
2577 1989 2672 2058 qui
2696 2003 2887 2044 sacras
2918 1987 3246 2059 divinasque
3276 1986 3516 2044 Litteras

1926 2082 2399 2139 inconsideratius
2427 2083 2697 2152 attingere
2728 2080 2953 2135 solent?

216 2170 465 2242 δηλονότι
503 2177 597 2230 καὶ
651 2178 840 2234 αὐτοῦ.
871 2198 891 2231 ι
942 2181 1058 2234 Οὐκ
1087 2182 1297 2244 οἴδατε,
1326 2185 1521 2255 φησὶν,
1566 2186 1649 2238 ὅτι
1685 2184 1810 2248 ναὸς
1848 2182 1984 2236 Θεοῦ
2010 2184 2133 2235 ὲστε
2155 2223 2171 2248 ,
2206 2183 2301 2235 καὶ
2327 2181 2389 2234 16
2413 2181 2638 2252 Πνεῦμα
2669 2180 2764 2235 τοῦ
2792 2180 2927 2234 Θεοῦ
2963 2181 3103 2234 οἰκεῖ
3169 2182 3226 2234 ἐν
3295 2181 3460 2251 ὐμῖν;
3494 2206 3514 2239 ι

232 2263 397 2337 Ὀρᾷς
427 2270 545 2333 ὅτι,
586 2272 1014 2341 συνεισενεγκὼν
1047 2276 1126 2338 εἰς
1155 2276 1340 2340 οὐσίας
1375 2278 1684 2349 ταυτότητά
1718 2277 1810 2330 τὸν
1850 2276 2071 2347 Πατέρα
2093 2276 2295 2329 καὶτὸν
2316 2276 2464 2341 Υίὸν,
2483 2276 2644 2338 ναοὺς
2668 2276 2816 2345 ἡμᾶς
2879 2272 3256 2342 ἀποδεδεῖχθαί
3328 2288 3517 2343 φησιν,

216 2356 281 2408 οὐ
312 2357 453 2411 θεῶν
478 2360 703 2429 μᾶλλον,
728 2363 866 2417 άλλά
891 2364 1050 2418 Θεοῦ.
1115 2368 1179 2420 Τί
1252 2370 1434 2422 τοίνυν
1490 2370 1722 2433 είκαίοις
1784 2368 2203 2439 παρακρούεσθε
2236 2368 2516 2438 λογισμοῖς
2564 2366 2665 2437 τῆς
2711 2365 2967 2437 ἀληθείας
3003 2365 3101 2436 τὴν
3129 2364 3390 2433 δύναμιν.
3426 2355 3519 2413 καὶ

216 2447 321 2517 τῆς
343 2450 555 2504 ἑαυτῶν
585 2453 907 2518 δυσσεϐείας
934 2456 1025 2511 τὸν
1059 2457 1136 2511 ἰὸν
1158 2460 1509 2533 ὲπισπείρετε
1542 2464 1656 2523 τοῖς
1688 2459 2031 2532 ἀλογώτερον
2057 2460 2274 2514 εἰωθόσι
2304 2458 2665 2531 προσϐάλλειν
2688 2461 2805 2523 τοῖς
2856 2460 3021 2530 ίεροῖς
3079 2475 3140 2511 τε
3202 2457 3298 2511 καὶ
3352 2455 3518 2510 θείοις

219 2538 559 2611 Γράμμασιν
586 2561 600 2609 ;

308 2634 372 2687 ὀ
404 2635 490 2704 μὴ
532 2639 781 2708 ἀγαπῶν
799 2658 896 2712 με,
930 2643 1075 2710 τοὺς
1102 2646 1327 2715 λόγους
1349 2664 1466 2715 μου
1495 2648 1566 2701 οὐ
1593 2646 1777 2715 τηρεῖ.

295 2815 704 2884 Προαποδεὶξας
768 2815 827 2874 εὖ
887 2821 1031 2890 μάλα
1082 2823 1176 2876 καὶ
1221 2824 1599 2895 διορισάμενος
1644 2827 1820 2899 ὀρθῶς

216 2906 371 2971 τίνες
400 2908 466 2961 ἂν
496 2904 605 2963 εἶεν
632 2913 681 2964 οἱ
709 2914 1033 2981 ἀγαπῶντες
1054 2916 1239 2980 αὐτὸν,
1274 2917 1540 2987 μεθέξωσι
1570 2918 1625 2972 δὲ
1649 2920 1820 2973 ποίων

218 2998 471 3067 ἀγαθῶν,
505 3002 749 3072 μέτεισιν
782 3005 943 3068 εὐθὺς
965 3007 1050 3076 ἐφ’
1073 3007 1293 3077 ἐτέρους
1321 3010 1448 3071 τοὺς
1473 3008 1626 3062 οὔπω
1646 3010 1820 3079 φιλεῖν

220 3090 539 3161 ἑλομένους.
575 3093 651 3146 Οὐ
682 3093 791 3165 γὰρ
820 3094 1033 3148 ἔσονται
1067 3097 1328 3165 φύλακες,
1364 3100 1520 3166 φησὶ,
1559 3102 1820 3171 ῥημάτων

218 3181 336 3235 τῶν
364 3183 515 3253 ἐμῶν
538 3197 551 3211 ·
592 3184 751 3239 τοῦτο
783 3187 891 3257 γάρ
920 3188 1036 3240 ἐστι
1064 3188 1144 3250 16,
1177 3189 1251 3242 Οὐ
1280 3191 1513 3262 τηρήσει
1542 3191 1631 3244 τὸν
1663 3191 1821 3260 λόγον

226 3292 357 3345 μου,
412 3276 488 3341 ὡς
518 3276 641 3331 καθ’
678 3277 796 3342 ἑνὸς
844 3280 877 3350 ἢ
929 3281 1057 3352 περὶ
1113 3280 1230 3346 ἑνὸς
1277 3282 1591 3354 λεγόμενον,
1644 3286 1692 3336 εί
1728 3286 1823 3337 καὶ

224 3367 489 3422 πλατεῖάν
537 3389 655 3434 πως
686 3371 798 3442 ἕχει
835 3375 925 3426 καὶ
961 3373 1187 3446 γενικὴν
1218 3376 1320 3447 τὴν
1359 3376 1611 3447 δήλωσιν.
1670 3378 1824 3430 Ἀκο-

222 3460 433 3525 λούθως
460 3462 518 3515 δὲ
549 3464 753 3537 σφόδρα
800 3467 893 3520 καὶ
920 3466 1077 3521 τοῦτό
1106 3485 1292 3540 φησιν.
1344 3470 1407 3523 Et
1458 3469 1568 3540 γὰρ
1611 3472 1709 3542 τῆς
1744 3474 1824 3535 είς

225 3552 389 3605 αὐτὸν
422 3554 647 3626 ἀγάπης
672 3556 947 3622 ἀπόδειξις
975 3558 1128 3612 ἔσται
1158 3561 1338 3631 σαφὴς
1366 3562 1427 3614 τὸ
1455 3562 1694 3633 τηρῆσαι
1727 3563 1825 3627 τὰς

227 3644 601 3716 ὲντολάςᾶιτοι
627 3647 720 3702 τὸν
744 3652 873 3722 παρ’
902 3651 1065 3704 αὑτοῦ
1090 3651 1269 3721 λόγον,
1302 3655 1386 3723 εἴη
1413 3654 1583 3724 δήπου
1605 3656 1823 3719 πάντως

224 3735 286 3789 ὃν
320 3736 523 3807 ἀληθὲς
554 3740 648 3793 καὶ
674 3740 736 3794 τὸ
769 3742 1032 3796 ἐναντίον.
1061 3746 1273 3816 Δεῖγμα
1304 3746 1414 3815 γὰρ
1444 3746 1597 3798 ἔσται
1624 3746 1716 3799 τοῦ
1748 3746 1823 3818 μὴ

227 3826 450 3880 ἑλέσθαι
503 3828 698 3897 φιλεῖν,
747 3832 810 3883 16
859 3832 927 3885 6t’
956 3833 1173 3898 οὐδενὸς
1212 3836 1483 3888 ποιεῖσθαι
1531 3836 1691 3904 λόγου
1724 3836 1824 3907 τὴν

225 3920 471 3991 ἐντολὴν,
507 3922 880 3993 παρωθεῖσθαι
913 3924 969 3978 δὲ
995 3925 1054 3978 16
1086 3926 1536 3997 κεκελευσμένον,
1570 3926 1823 3999 καθάπερ

224 4032 278 4066 τι
319 4014 429 4066 τῶν
471 4014 677 4068 ἀδικεῖν
718 4016 1005 4074 είωθότων.
1050 4017 1188 4071 Ἀλλ’
1220 4017 1556 4090 ὥσπερητοῖς
1588 4020 1824 4090 νομοφύ-

223 4106 378 4171 λαξιν
408 4107 696 4161 ὲνοικίσειν
721 4109 912 4162 ἑαυτὸν
938 4109 1073 4181 ὁμοῦ
1101 4109 1180 4181 τῷ
1209 4110 1326 4180 Θεῴ
1355 4110 1450 4164 καὶ
1480 4112 1654 4181 Πατρὶ
1683 4128 1822 4165 κατ-

224 4197 599 4267 επηγγέλλετο
622 4214 636 4227 °
679 4199 819 4253 κατά
848 4198 939 4251 τὸν
976 4201 1161 4263 αὐτὸν,
1193 4196 1369 4272 οἶμαι,
1404 4201 1559 4270 λόγον
1601 4202 1710 4255 τῶν
1744 4203 1820 4273 μὴ

223 4288 487 4342 τοιούτων
513 4290 965 4360 ἀπαναστήσεται
996 4293 1090 4345 καὶ
1130 4295 1492 4365 ἀποφοιτήσει
1521 4294 1819 4357 παντελῶς.

240 4380 555 4451 Ἀληθεύσει
586 4384 695 4451 γὰρ
723 4382 898 4451 λέγων
925 4386 953 4436 ὁ
986 4384 1239 4454 Σολομὼν
1265 4386 1347 4437 ὅτι
1379 4387 1459 4447 είς
1493 4386 1823 4455 κακότεχνον

226 4472 407 4542 ψυχὴν
437 4473 600 4540 σοφία
628 4474 727 4526 οὐκ
758 4473 1148 4537 εἰσελεύσεται,
1180 4475 1302 4529 οὐδὲ
1333 4480 1579 4530 κατοικεῖ
1613 4479 1671 4530 ὲν
1717 4476 1821 4530 σώ-

1998 2639 2138 2706 XIV,
2174 2640 2266 2694 24.
2297 2638 2402 2706 Qui
2432 2654 2537 2692 non
2567 2638 2745 2709 diligit
2786 2654 2890 2705 me,
2923 2653 3191 2692 sermones
3237 2654 3379 2692 meos
3412 2655 3519 2693 non

1923 2742 2117 2787 servat.

1997 2826 2297 2896 Postquam
2330 2824 2664 2879 ostenditae
2700 2831 2849 2878 recte
2892 2821 3141 2877 deﬁnivit
3189 2823 3354 2895 833
3391 2826 3518 2895 qui-

1929 2934 2053 2972 nam
2091 2919 2205 2975 sint
2235 2919 2329 2987 qui
2362 2917 2602 2988 diligunt
2643 2931 2791 2981 eum,
2844 2923 2899 2969 et
2944 2915 3185 2985 qualium
3245 2917 3516 2971 honorum

1928 3012 2041 3067 sint
2092 3013 2426 3080 participes,
2481 3010 2548 3062 ad
2600 3009 2741 3064 alios
2798 3008 2985 3063 statim
3036 3024 3095 3063 se
3159 3009 3378 3065 confert
3424 3011 3519 3081 qui

1930 3102 2180 3157 nondum
2212 3102 2440 3172 diligere
2472 3116 2598 3153 eum
2634 3101 2687 3153 in
2725 3100 2972 3153 animum
3008 3100 3374 3157 induxerunt.
3404 3100 3519 3173 Nec

1928 3190 2101 3251 enim,
2133 3190 2331 3259 inquit,
2370 3188 2533 3242 verba
2577 3202 2695 3241 mea
2737 3189 3091 3243 CllletlielllZ
3125 3190 3229 3244 hoc
3265 3200 3371 3253 est,
3399 3190 3519 3246 Non

1925 3283 2165 3337 servabit
2197 3296 2514 3336 sermonem
2550 3297 2755 3345 meum,
2783 3281 2931 3351 quod
2986 3282 3144 3351 quasi
3192 3281 3260 3335 de
3292 3298 3401 3335 uno
3431 3283 3519 3337 di-

1924 3373 2224 3435 eitur,licet
2282 3371 2520 3440 amplam
2595 3369 3009 3439 quodammodo
3081 3380 3137 3423 et
3208 3371 3517 3440 generalem

1925 3465 2390 3535 signiﬁcationem
2438 3464 2660 3516 haheat.
2708 3461 2879 3516 Valde
2913 3472 3095 3516 autem
3144 3476 3522 3519 consentanee

1926 3556 2075 3612 istud
2121 3557 2286 3610 etiam
2327 3555 2467 3610 inlit.
2518 3553 2653 3608 Nam
2694 3554 2740 3611 si
2787 3554 3042 3609 mandata
3073 3554 3156 3609 vel
3206 3571 3520 3611 sermonem

1925 3648 2047 3715 ejus
2082 3662 2304 3701 servare
2350 3645 2671 3700 dilectionis
2706 3648 2759 3699 in
2804 3646 2982 3715 ipsum
3038 3646 3398 3701 manifestum
3436 3657 3522 3701 est

1925 3747 2309 3807 argumentum
2361 3747 2526 3806 atque
2578 3738 2886 3802 indicium,
2935 3739 3040 3793 erit
3076 3741 3266 3809 utique
3328 3757 3517 3796 verum

1922 3831 2287 3885 contrarium.
2342 3829 2658 3883 Mandatum
2709 3833 2856 3884 enim
2896 3846 2999 3899 pro
3050 3832 3224 3886 nihilo
3272 3834 3518 3900 habere,

1924 3930 1979 3976 et
2009 3923 2155 3991 quod
2182 3922 2400 3991 jussum
2432 3930 2518 3977 est
2554 3923 2704 3977 velut
2744 3922 3006 3978 infestum
3038 3925 3319 3995 quidpiam
3352 3941 3519 3982 aver-

1926 4015 2061 4077 sari,
2127 4014 2333 4069 indicio
2388 4022 2475 4068 est
2526 4015 2658 4068 nihil
2720 4029 2846 4069 esse
2913 4013 3247 4070 dilectionis.
3316 4015 3517 4072 Verum

1924 4106 2386 4172 quemadmodum
2432 4106 2487 4159 in
2543 4106 2723 4174 legum
2769 4105 3219 4160 observatoribus
3275 4107 3517 4176 seipsum

1924 4213 2033 4251 una
2070 4213 2195 4252 eum
2246 4196 2359 4252 Deo
2399 4211 2465 4251 ac
2514 4196 2679 4253 Patre
2725 4196 3165 4252 inhabitatnrum
3217 4199 3515 4267 promisit:

1922 4290 2145 4351 eodem,
2182 4290 2401 4360 Opinor,
2437 4289 2601 4343 modo
2658 4289 2726 4342 ab
2772 4289 2842 4343 iis
2899 4288 2994 4359 qui
3048 4289 3187 4343 tales
3235 4306 3342 4344 non
3390 4300 3519 4346 sunt

1924 4398 2155 4453 prorsus
2184 4382 2427 4436 recedet.
2463 4379 2603 4436 Vere
2644 4381 2790 4435 enim
2827 4382 3047 4435 loeutus
3092 4390 3178 4436 est
3233 4380 3515 4447 Salomon,

1924 4488 2050 4526 eum
2081 4472 2244 4537 dixit,
2274 4473 2327 4526 in
2363 4472 2689 4525 malevolam
2732 4472 2972 4526 animam
3007 4488 3117 4526 non
3162 4473 3515 4527 introituram

231 4581 365 4634 ματι
392 4566 683 4635 κατάχρεῳ
718 4561 1012 4637 ἁμαρτίας.
1044 4569 1154 4620 Καὶ
1179 4567 1290 4637 γάρ
1320 4586 1402 4621 τοι
1429 4569 1521 4621 καὶ
1553 4569 1637 4637 ἐφ’
1662 4568 1818 4640 ἡμῶν

1927 4565 2279 4634 sapientiam,
2317 4579 2417 4617 nec
2453 4563 2702 4618 habitare
2736 4565 2792 4618 in
2831 4580 3065 4635 corpore
3107 4565 3351 4621 obnoxio
3386 4582 3516 4637 pec-

226 4656 404 4720 οῦτως
451 4656 684 4728 ἔχουσαν
712 4660 965 4730 εὑρήσεις
1000 4659 1094 4712 τοῦ
1130 4660 1455 4730 πράγματος
1500 4661 1601 4732 τὴν
1637 4661 1819 4730 φύσιν.

1926 4658 2065 4710 eatis
2089 4658 2154 4709 ’⁸.
2190 4655 2407 4710 Etenim
2448 4656 2523 4710 ita
2557 4670 2617 4709 se
2652 4655 2730 4709 rei
2767 4666 3020 4710 naturam
3055 4656 3108 4709 in
3151 4659 3311 4713 nobis
3348 4658 3513 4713 etiam

231 4750 305 4801 Ἢ
331 4748 440 4818 γάρ
467 4750 587 4819 οὐχ).
615 4752 729 4813 τοῖς
757 4751 1022 4821 ὁμόφροσι
1056 4751 1151 4804 καὶ
1177 4751 1506 4823 ὁμοτροπείν
1546 4753 1818 4823 ἑλομένοις

1926 4746 2123 4802 habere
2145 4750 2473 4819 eomperies.
2523 4747 2783 4817 Nunquid
2833 4750 2981 4803 enim
3013 4764 3136 4803 cum
3196 4749 3265 4805 iis
3302 4751 3513 4806 versari

228 4839 292 4892 τὸ
323 4839 725 4895 συνδιαιτᾶσθαι
757 4842 957 4912 μᾶλλον
988 4843 1156 4913 ἣγουν
1188 4845 1300 4907 τοῖς
1327 4844 1533 4913 ἑτέροις
1563 4846 1725 4898 παντί
1744 4864 1818 4916 τῳ

1926 4843 2158 4912 quisque
2186 4844 2422 4898 maxime
2456 4844 2611 4913 cupit
2642 4860 2783 4912 quos
2812 4844 3004 4899 iisdem
3044 4857 3231 4897 secum
3266 4843 3515 4898 moribus

227 4931 548 5001 τετίμηνται
772 4933 1144 5005 τετίμηται];
1218 4953 1235 4985 ι
1269 4935 1463 4988 Καίτοι
1520 4937 1627 4989 πᾶν
1685 4936 1818 5000 ζῶον

1926 4950 1988 4987 ac
2017 4934 2071 4988 in
2102 4935 2293 4989 eadem
2319 4936 2587 4990 sententia
2611 4951 2737 4991 esse
2766 4935 3020 4990 noverit?
3048 4935 3261 5005 Quippe
3304 4952 3322 4985 ι
3352 4950 3514 4989 omne

224 5024 421 5092 ἀγαπᾷ
446 5024 505 5076 τὸ
527 5024 711 5094 ὅμοιον
736 5024 907 5095 αὐτῷ,
937 5027 1079 5079 κατὰ
1105 5025 1165 5078 16
1190 5028 1599 5097 γεγραμμένον,
1628 5030 1720 5081 καὶ
1738 5028 1818 5098 τῷ

224 5114 401 5184 ὁμοίῳ
434 5114 583 5185 αὑτῴ
614 5115 1150 5187 προσκολληθήσεται
1180 5119 1339 5189 ἀνήρ.
1373 5137 1392 5170 ι
1452 5120 1514 5172 Εί
1549 5118 1604 5171 δὲ
1637 5119 1731 5173 καὶ
1760 5123 1817 5173 ἐν

224 5210 362 5276 ἡμῖν
392 5207 577 5270 αὐτοῖς
608 5209 866 5278 ὁμοήθεσι
915 5212 1152 5262 συνεῖναι
1191 5210 1332 5263 κατὰ
1370 5211 1567 5264 ταυτὸν
1598 5213 1706 5265 τῶν
1734 5213 1816 5266 ὅτι

227 5297 469 5367 μάλιστα
501 5298 589 5351 διὰ
623 5299 858 5369 σπουδῆς
905 5295 1043 5352 εἶναι
1092 5300 1258 5363 δοκεῖ,
1314 5300 1431 5363 πῶς
1455 5302 1577 5371 οὐχὶ
1613 5303 1816 5372 μᾶλλον

222 5390 400 5453 οὕτως
452 5389 597 5460 ἔχειν
654 5391 745 5443 ἐπὶ
797 5391 930 5444 Θεοῦ
981 5390 1357 5461 λογιούμεθα;
1424 5392 1654 5462 Ἀγαθὸς
1709 5394 1819 5466 γὰρ

226 5480 493 5548 ὑπάρχων
541 5482 608 5551 τῇ
657 5479 850 5548 φύσει,
900 5482 992 5533 καὶ
1042 5483 1242 5553 ἀρετῆς
1297 5483 1515 5553 ἀπάσης
1548 5483 1820 5555 ἀρχὴκαὶ

225 5570 463 5638 γένεσις,
514 5570 636 5640 οὐχὶ
668 5574 767 5643 τῆς
818 5573 1152 5643 φαυλότητος
1198 5574 1479 5643 ἐρασταῖς,
1534 5574 1671 5627 ἀλλά
1712 5576 1814 5647 τῆς

300 5682 346 5713 ³⁸
376 5681 547 5739 lCor.
583 5700 666 5751 ιιι,
701 5685 787 5740 16.
866 5687 911 5717 ³⁸
938 5685 1067 5756 Sap.
1109 5702 1147 5755 ι,
1183 5688 1235 5741 4.
1317 5686 1361 5720 ’⁷
1390 5676 1564 5743 Eccli.
1595 5703 1711 5755 xui,
1753 5691 1841 5750 l9.

1926 5029 2125 5082 animal
2158 5029 2336 5099 diligit
2358 5029 2537 5084 simile
2566 5029 2692 5092 sibi,
2730 5036 2789 5081 ut
2812 5029 3078 5097 scriptum
3112 5036 3217 5090 est,
3254 5036 3307 5081 et
3331 5028 3511 5080 omnis

1926 5117 2093 5173 homo
2134 5122 2444 5189 proximum
2481 5120 2586 5174 sibi
2608 5120 2676 5172 ".
2735 5137 2753 5169 ι
2814 5118 2970 5185 Quod
3009 5118 3055 5172 si
3107 5129 3160 5172 et
3214 5118 3359 5187 apud
3406 5133 3510 5172 nos

1927 5214 2082 5283 ipsos
2116 5228 2345 5269 summae
2370 5227 2518 5267 curae
2550 5226 2674 5267 esse
2708 5210 2925 5266 videtur
2957 5220 3016 5266 ut
3042 5225 3168 5265 eum
3192 5210 3511 5265 hominibus

1926 5306 2122 5361 iisdem
2157 5305 2401 5360 moribus
2437 5305 2683 5375 praeditis
2715 5319 3001 5360 versemur
3022 5344 3037 5367 ,
3088 5303 3365 5372 quomodo
3397 5316 3509 5355 non

1928 5400 2106 5470 magis
2141 5401 2218 5453 ita
2267 5414 2382 5456 rem
2415 5400 2469 5453 in
2503 5399 2613 5455 Deo
2656 5414 2777 5454 esse
2830 5396 3191 5467 putabimus?
3217 5394 3349 5463 Nam
3380 5408 3508 5449 cum

1928 5491 2000 5547 sit
2038 5498 2239 5546 natura
2269 5492 2469 5555 bonus,
2504 5501 2560 5546 et
2587 5490 2768 5545 omnis
2800 5487 3022 5544 virtutis
3047 5494 3213 5556 caput
3246 5494 3302 5541 et
3328 5484 3506 5556 origo,

1920 5598 2273 5655 nequaquam
2305 5585 2359 5640 in
2392 5583 2736 5640 amatoribus
2778 5580 3060 5652 nequitiae,
3093 5577 3188 5634 sed
3241 5578 3296 5633 in
3330 5574 3506 5632 facto-
