3892 6202
393 261 498 316 295

1411 258 1468 314 S.
1507 258 1779 314 CY’RILLI
1818 258 2283 318 ALEXANDRINI
2323 261 2640 316 ARCHIEP.

3541 259 3644 317 296

397 373 551 428 ribus
608 369 819 426 virtutis
877 369 1169 434 inhabitat,
1223 377 1279 425 et
1329 369 1578 440 impuros
1644 370 1958 440 cumprimis

2071 375 2274 446 ἀρετῆς
2327 375 2587 444 ἐργάταις
2635 373 3000 440 ἐναυλίζεται,
3044 376 3390 445 παραιτεῖται
3441 373 3499 427 δὲ
3545 377 3644 445 τὴν

396 473 696 518 aversatur.
744 461 1213 528 Quemadmodum
1266 476 1396 532 ergo
1439 477 1539 516 nos
1576 462 1678 530 ipsi
1738 462 1852 515 luto
1909 475 1971 515 ac

397 555 652 611 sordibus
700 563 916 609 nostras
953 570 1185 624 purgare
1214 553 1409 609 domos
1443 567 1730 616 curamus,
1782 568 1882 606 nec
1917 555 1968 605 in

398 647 465 702 iis
495 649 540 702 si
570 646 702 718 quid
741 647 815 701 sit
851 646 1162 700 istiusmodi
1194 645 1442 700 habitare
1475 645 1764 709 volumus,
1829 661 1971 698 nun—

395 740 526 812 quid
570 741 739 794 multo
774 740 944 810 magis
989 755 1159 808 purus
1189 739 1281 793 ille
1316 745 1371 793 et
1403 737 1792 792 sanctissimus
1825 735 1971 792 Deus

397 843 583 888 noster
613 834 880 903 impuram
907 832 1143 885 animam
1170 829 1518 885 aversabitur
1554 836 1607 882 et
1639 843 1734 882 cor
1759 828 1970 898 peccati

397 926 512 979 luto
542 925 888 994 inquinatum
939 922 1329 978 aversabitur?
1389 920 1576 976 Talem
1613 921 1816 991 quippe
1855 920 1972 976 fore

394 1031 519 1070 eum
551 1017 643 1085 qui
675 1014 987 1069 mandatum
1011 1029 1118 1068 non
1149 1014 1449 1068 servaverit
1486 1013 1780 1082 (impurus
1823 1011 1969 1067 enim

393 1115 478 1162 est
509 1121 573 1160 ac
613 1107 709 1159 luti
741 1121 934 1160 amans
961 1106 1002 1174 ),
1044 1105 1164 1178 ipsa
1199 1112 1252 1159 te
1296 1105 1400 1159 loci
1432 1104 1597 1174 hujus
1627 1105 1710 1158 vis
1743 1111 1798 1158 et
1832 1102 1971 1156 ratio

392 1200 636 1254 docebit.
669 1199 730 1253 In
761 1198 1078 1252 divinorum
1111 1198 1316 1252 etenim
1361 1199 1744 1251 mandatorum
1783 1194 1968 1264 negle-

392 1300 482 1346 ctu
513 1292 690 1347 omnis
728 1293 937 1361 peccati
991 1289 1114 1345 fons
1157 1298 1212 1343 et
1245 1291 1400 1362 origo
1446 1289 1715 1345 cernitur.
1765 1285 1971 1352 Quem-

392 1385 684 1440 admodum
723 1385 867 1439 enim
922 1383 1064 1439 lucis
1112 1383 1346 1453 privatio
1381 1382 1548 1438 infert
1602 1381 1964 1444 contrarimn,

389 1476 445 1530 id
484 1485 570 1530 est
594 1476 872 1541 tenebras,
898 1476 977 1529 sic
1010 1475 1154 1529 nolle
1185 1475 1445 1528 virtutem
1499 1487 1779 1534 exercere,
1816 1472 1970 1540 prin-

389 1569 591 1640 cipium
631 1579 684 1623 et
709 1569 862 1640 origo
893 1579 976 1623 est
1009 1567 1288 1636 nequitiae.
1335 1563 1623 1634 Nunquam
1668 1562 1816 1617 enim
1847 1577 1970 1631 qua:

388 1660 793 1714 contrariorum
825 1668 909 1714 est
944 1659 1107 1724 ratio,
1154 1659 1208 1712 in
1243 1673 1352 1712 uno
1377 1657 1684 1725 eodemque
1717 1654 1966 1722 subjecto

387 1751 552 1824 834
584 1754 904 1822 contingent
942 1767 1004 1806 ea
1041 1768 1160 1822 quae
1193 1753 1333 1805 inter
1365 1767 1424 1805 se
1453 1750 1715 1820 qualitate
1750 1747 1960 1801 discre-

389 1851 541 1913 pant.
573 1841 772 1896 Vitium
811 1850 865 1898 et
897 1843 1090 1909 virtus,
1127 1843 1424 1897 contrariis
1466 1843 1610 1895 inter
1640 1855 1699 1896 se
1726 1839 1964 1910 qualita-

388 1936 556 1999 tibus,
591 1943 685 1988 aut
723 1935 830 1988 alio
860 1935 1060 2005 quovis
1085 1934 1500 1988 contrarietatis
1532 1931 1693 1986 modo
1723 1931 1962 1986 maxime

385 2029 626 2084 distant:
657 2044 818 2082 nemo
847 2037 1028 2083 tamen
1057 2041 1121 2080 ea
1154 2026 1319 2081 simul
1354 2041 1420 2079 ac
1449 2024 1615 2078 semel
1644 2023 1826 2076 inesse
1863 2021 1959 2074 ulli

388 2120 595 2173 homini
649 2120 960 2189 putaverit,
1013 2125 1107 2170 aut
1151 2116 1342 2170 eodem
1398 2124 1522 2168 actu
1571 2110 1808 2181 impleri.
1856 2110 1962 2162 Aut

386 2211 531 2262 enim
561 2212 737 2264 malus
767 2220 850 2264 est
879 2208 1103 2277 aliquis,
1146 2214 1242 2260 aut
1271 2205 1470 2266 bonus,
1511 2204 1637 2257 licet
1668 2218 1776 2256 non
1811 2215 1964 2254 Slllll-

388 2317 530 2354 mam
574 2302 758 2355 forsan
804 2300 1106 2369 nequitiam
1163 2305 1256 2351 aut
1317 2296 1613 2350 bonitatem
1648 2302 1962 2349 assecutus.

390 2389 510 2445 Uno
565 2393 729 2460 igitur
781 2391 836 2443 in
871 2389 1027 2443 nobis
1074 2387 1428 2456 praevalente,
1489 2385 1723 2438 alterum
1771 2383 1962 2452 utique

387 2482 624 2546 deﬂeiet,
657 2480 708 2534 id
737 2491 822 2536 est
848 2480 1213 2534 contrarium.
1237 2476 1392 2542 Quod
1424 2476 1469 2531 si
1494 2476 1546 2528 in
1576 2473 1962 2528 observatione

387 2576 768 2628 mandatorum
813 2573 1023 2642 species
1071 2572 1290 2624 virtutis
1334 2578 1443 2630 est,
1499 2565 1747 2637 nunquid
1784 2565 1960 2619 mani-

389 2666 747 2721 festissimum
789 2675 873 2720 est
902 2666 955 2718 in
986 2679 1175 2718 eorum
1203 2663 1451 2733 neglectu
1478 2661 1807 2730 principium
1835 2671 1960 2712 esse

387 2758 687 2827 nequitiae?
723 2757 876 2811 Sicut
911 2767 1089 2810 autem
1124 2755 1420 2825 repositum
1465 2763 1549 2809 est
1593 2753 1644 2807 ei
1677 2753 1770 2822 qui
1806 2767 1962 2806 man-

387 2851 514 2905 data
545 2851 846 2904 servaverit
881 2851 935 2902 in
963 2851 1144 2918 seipso
1178 2849 1380 2902 habere
1409 2845 1625 2899 Patrem
1658 2852 1713 2898 et
1739 2843 1959 2909 Filium,

389 2943 534 3014 quod
575 2945 755 2996 omnis
798 2940 1080 2996 felicitatis
1111 2948 1164 2994 et
1199 2939 1386 3010 gloria:
1417 2938 1629 2992 initimn
1675 2946 1759 2991 est
1795 2945 1961 3006 atque

2077 466 2192 537 [γρ.
2221 467 2304 538 τὸ]
2354 467 2693 537 ἀκάθαρτον,
2737 466 2831 519 καὶ
2868 465 2985 519 λίαν
3013 465 3204 537 ὀρθῶς.
3254 465 3520 536 Καθάπερ
3552 461 3644 520 οὖν

2077 559 2267 629 ἀμέλει
2289 560 2382 612 καὶ
2403 561 2564 629 ἡμεῖς
2593 559 2746 612 αὐτοὶ
2777 557 3035 628 βορϐόρου
3066 556 3160 610 καὶ
3183 556 3443 620 δυσωδίας
3471 555 3646 627 ἀπηλ-

2073 651 2268 722 λάχθαι
2305 651 2404 715 τὰς
2430 652 2637 706 ἑαυτῶν
2667 649 2927 722 οίκ[ε]ίας
2955 647 3347 720 σπουδάζομεν,
3396 647 3554 719 εἴπερ
3591 665 3645 700 τι

2073 744 2183 798 τῶν
2226 743 2482 797 τοιούτων
2526 743 2662 807 ὅλως
2706 743 2840 814 ἔχοι,
2890 742 2951 796 τὸ
3003 745 3061 796 ὲν
3099 741 3287 804 αὑταῖς
3334 739 3647 804 αὐλίζεσθαι

2075 832 2538 903 παραιτούμενοι·
2588 828 2676 900 ἆρ’
2707 828 2802 885 οὖν
2852 831 2913 885 ού
2953 829 3212 903 μειζόνως
3241 833 3271 884 ό
3314 829 3547 902 καθαρός
3584 844 3646 882 τε

2075 925 2169 976 καὶ¹
2216 923 2480 992 πανάγιος
2508 924 2664 995 ἡμῶν
2709 921 2841 986 Θεὸς
2884 923 2984 993 τὴν
3015 922 3432 994 μεμολυσμένην
3465 922 3646 993 ψυχὴν

2074 1016 2472 1087 παραιτήσεται
2513 1015 2606 1068 καὶ
2635 1014 3111 1085 καταμυσάττεται
3158 1014 3383 1082 καρδίαν
3432 1013 3510 1081 τῷ
3541 1013 3644 1082 τῆς

2073 1107 2348 1178 ἁμαρτίας
2378 1107 2624 1178 βορϐόρῳ
2651 1105 3127 1177 κατηφανισμένην
3156 1123 3170 1171 ;
3215 1104 3352 1158 Ἀλλ’
3381 1105 3525 1158 ἔστιν
3544 1105 3647 1158 οὐκ

2071 1199 2390 1268 ἀμφίϐολον.
2423 1200 2544 1253 Ὅτι
2573 1198 2679 1271 γὰρ
2699 1200 2758 1253 ὲν
2786 1199 2994 1261 τούτοις
3019 1197 3170 1250 ἔσται
3196 1197 3290 1249 καὶ
3315 1197 3414 1267 οὐχ
3437 1196 3646 1268 ἑτέροις

2071 1292 2100 1344 ό
2135 1293 2209 1362 μὴ
2237 1294 2483 1363 τηρήσας
2512 1290 2609 1362 τὴν
2637 1289 2851 1361 ἐντολὴν
2880 1290 3203 1362 (ἀκάθαρτος
3235 1289 3343 1360 γάρ
3373 1290 3467 1342 καὶ
3494 1288 3646 1359 φιλο-

2071 1385 2371 1456 ϐὁρϐορος),
2415 1386 2550 1456 αὐτή
2587 1401 2644 1437 σε
2671 1383 2833 1437 πάλιν
2862 1385 2895 1454 ἡ
2925 1382 3018 1436 τοῦ
3051 1382 3404 1452 θεωρήματος
3442 1379 3645 1447 διδάξει

2068 1474 2316 1546 δύναμις.
2359 1476 2444 1527 Ἐν
2470 1475 2580 1547 γὰρ
2606 1473 2683 1545 τῷ
2711 1473 2786 1544 μὴ
2815 1473 3050 1544 τηρῆσαι
3092 1471 3190 1535 τὰς
3233 1471 3384 1534 θείας
3424 1469 3646 1532 ἐντολὰς

2069 1569 2102 1638 ἡ
2131 1567 2228 1637 τῆς
2255 1566 2530 1638 ἁμαρτίας
2558 1566 2868 1638 εὑρίσκεται
2889 1565 3123 1632 γένεσις.
3154 1563 3363 1634 Ὀνπερ
3393 1560 3502 1632 γὰρ
3521 1561 3647 1632 τρό-

2071 1676 2172 1713 πον
2199 1662 2232 1730 ὴ
2262 1659 2357 1712 τοῦ
2409 1659 2583 1729 φωτὸς
2626 1656 2880 1730 στέρησις
2923 1656 3245 1728 παρεισάγει
3289 1655 3350 1708 τὸ
3378 1654 3642 1716 ἐναντίον,

2070 1753 2210 1821 φημὶ
2257 1751 2312 1804 δὲ
2353 1751 2443 1803 τὸν
2476 1751 2686 1803 σκότον·
2741 1748 2884 1802 οὕτω
2925 1748 2988 1801 τὸ
3020 1749 3094 1818 μὴ
3125 1748 3255 1818 δρᾷν
3299 1745 3505 1799 ἐθέλειν
3545 1745 3647 1814 τὴν

2069 1842 2298 1914 ἀρετὴν,
2355 1841 2454 1912 τὴν
2504 1843 2604 1912 τῆς
2653 1840 2982 1912 φαυλότητος
3034 1839 3356 1909 παρεισάγει
3407 1836 3644 1898 γένεσιν.

2069 1932 2207 1986 Καθ’
2237 1933 2292 1985 ἓν
2331 1932 2460 2014 γάρ’
2495 1951 2548 1985 τι
2594 1932 2653 1984 τὸ
2703 1931 3021 1985 ὑποκεῖσθαι
3053 1929 3362 2000 νοούμενον,
3415 1928 3516 1981 οὐκ
3555 1927 3646 1991 ἂν,

2069 2021 2244 2094 οἶμαι,
2295 2025 2434 2078 κατά
2465 2025 2661 2078 ταυτὸν
2695 2023 2933 2094 συμϐαίη
2982 2022 3212 2076 ποτὲτά
3259 2021 3359 2090 τῆς
3401 2020 3649 2091 ἀλλήλων

2067 2115 2400 2187 διωρισμένα
2434 2118 2738 2188 ποιότητος,
2795 2118 2936 2170 κατά
2962 2133 3027 2185 γε
3057 2115 3147 2169 τὸν
3176 2115 3332 2183 λόγον
3357 2113 3452 2167 τοῦ
3491 2115 3653 2166 ἐναν-

2067 2207 2198 2270 τίως
2227 2207 2391 2277 ἔχειν.
2428 2209 2612 2262 Κακία
2658 2209 2751 2264 καὶ
2798 2209 2965 2280 ἀρετὴ
2995 2205 3274 2278 διώρισταί
3301 2222 3359 2258 τε
3387 2205 3481 2258 καὶ
3509 2205 3647 2258 πολὺ

2067 2299 2316 2370 διέστηκε
2365 2301 2500 2369 πρὸς
2531 2300 2590 2353 τὸ
2619 2300 2876 2363 ἐναντίον,
2925 2299 3025 2370 τῆς
3057 2298 3302 2368 ἀλλήλων
3336 2297 3647 2366 ποιότητος,

2067 2390 2100 2461 ἢ
2128 2391 2278 2453 ὅπως
2308 2389 2374 2444 ἂν
2404 2408 2488 2454 τις
2521 2389 2690 2443 εἰπὼν
2718 2392 2818 2445 οὐκ
2845 2391 2910 2444 ἂν
2941 2389 3176 2461 ἁμάρτοι
3195 2388 3374 2458 τυχὸν,
3405 2387 3521 2441 ἀλλ’
3541 2387 3650 2439 οὑκ

2067 2482 2135 2537 ἄν
2167 2501 2276 2537 τινι
2309 2483 2419 2536 τῶν
2448 2483 2616 2536 ὄντων
2646 2483 2767 2536 καθ’
2797 2485 2945 2554 ἡμᾶς
2973 2483 3242 2553 προσόντα
3273 2481 3464 2552 φανείη
3503 2478 3650 2533 κατά

2067 2575 2263 2628 ταυτὸν
2303 2574 2595 2646 ἀμφότερα
2625 2576 2720 2628 καὶ
2751 2575 2816 2628 δι’
2842 2574 3120 2646 ἐνεργείας
3150 2571 3520 2644 πληρούμενα.
3570 2571 3649 2622 Ἣ

2067 2667 2177 2738 γὰρ
2226 2666 2464 2737 πονηρός
2513 2667 2596 2730 τίς
2645 2668 2814 2730 ἐστιν,
2855 2666 2888 2737 ἢ
2938 2666 3164 2733 ἀγαθὸς,
3209 2669 3256 2718 εξ
3289 2665 3381 2718 καὶ
3423 2664 3522 2716 οὐκ
3560 2665 3649 2726 εἰς

2068 2759 2235 2831 ἄκρον
2263 2758 2528 2830 πονηρίας
2554 2760 2737 2830 τυχὸν,
2768 2759 2887 2830 ἦτοι
2933 2759 3030 2828 τῆς
3060 2757 3410 2826 ἀγαθότητος.
3436 2753 3650 2808 Οὐκοῦν

2071 2853 2349 2924 ἰσχύοντος
2398 2853 2456 2906 ὲν
2504 2855 2637 2923 ἡμῖν
2683 2852 2775 2905 τοῦ
2825 2851 2974 2914 ἑνὸς,
3021 2851 3271 2922 ἀτονήσει
3316 2850 3530 2911 πάντως
3583 2848 3650 2900 τὸ

2068 2943 2274 3012 ἓτερον,
2326 2941 2470 2997 τοῦτ’
2521 2943 2636 2996 ἔστι
2681 2942 2740 2995 τὸ
2783 2943 3038 3004 ἐναντίως
3087 2941 3228 3010 ἔχον.
3278 2941 3340 2994 Εἰ
3387 2939 3443 2992 δὲ
3474 2940 3531 2991 ὲν
3563 2937 3650 3008 τῷ

388 3035 802 3090 fundamentum
834 3049 849 3087 :
876 3035 950 3087 ita
979 3043 1032 3088 et
1059 3033 1106 3087 ci
1141 3033 1234 3102 qui
1279 3049 1386 3086 non
1417 3029 1733 3094 servaverit,
1763 3028 1958 3083 divinae

2069 3035 2303 3104 τηρῆσαι
2332 3034 2429 3100 τὰς
2457 3033 2676 3097 ἐντολάς
2701 3033 2763 3087 τὸ
2807 3034 2906 3100 τῆς
2953 3032 3155 3101 ἀρετῆς
3189 3027 3323 3094 εἶδός
3357 3032 3492 3091 ἐστι,
3526 3028 3650 3090 πῶς

386 3139 440 3184 et
481 3126 773 3181 ineﬂabilis
820 3131 1034 3178 naturae
1081 3123 1503 3194 participatione
1543 3133 1750 3182 carere,
1808 3116 1954 3186 quod

386 3229 470 3273 cst
505 3217 684 3272 omnis
715 3217 941 3269 omnino
981 3215 1106 3268 boni
1145 3213 1402 3268 fruitione
1428 3211 1651 3281 privari.
1687 3210 1956 3276 Quocirca

387 3311 433 3367 si
509 3311 594 3364 oui
655 3309 974 3379 praeclarum
1028 3315 1082 3361 et
1129 3304 1429 3374 optandum
1483 3304 1700 3358 videtur
1751 3310 1961 3356 natura:

387 3402 586 3456 divina:
617 3401 733 3455 ﬁeri
759 3399 1080 3470 participem
1103 3397 1172 3465 ’⁸,
1206 3405 1260 3452 et
1283 3398 1336 3451 in
1373 3396 1558 3452 cordis
1586 3397 1958 3466 penetralibus

385 3507 694 3549 versantem
733 3501 787 3548 et
826 3492 1224 3546 inhabitantem
1264 3491 1467 3546 habere
1507 3489 1750 3543 universi
1788 3487 1958 3542 Deum

386 3601 450 3640 ac
482 3586 696 3640 Patrem
753 3600 849 3654 per
900 3582 1096 3637 Filium
1158 3583 1211 3635 in
1271 3579 1502 3651 Spiritu,
1557 3589 1752 3653 purget
1800 3595 1956 3634 suam

386 3682 645 3742 animam,
676 3685 728 3732 et
759 3677 1126 3746 improbitatis
1159 3675 1351 3730 sordes
1381 3676 1582 3744 quibus
1618 3674 1792 3743 possit
1836 3688 1960 3727 mo-

385 3771 493 3832 dis,
527 3771 639 3824 imo
681 3783 808 3822 vero
854 3782 949 3836 per
998 3781 1158 3820 omne
1202 3767 1405 3820 bonum
1455 3782 1598 3835 opus
1659 3766 1954 3834 abstergat.

385 3861 541 3916 Tunc
563 3861 707 3916 enim
731 3875 919 3914 revera
952 3859 1044 3914 Dei
1075 3860 1336 3928 templum
1363 3860 1672 3922 vocabitur,
1703 3867 1756 3913 et
1777 3859 1958 3912 diver-

384 3954 598 4009 sabitur
628 3953 681 4005 in
713 3967 776 4006 eo
803 3960 966 4020 atque
995 3951 1348 4014 inhabitabit,
1379 3959 1438 4004 ut
1469 3952 1737 4020 scriptum
1769 3957 1854 4004 est
1885 3950 1953 4002 ”.

383 4041 494 4097 Nec
523 4043 668 4097 enim
725 4040 920 4095 similis
953 4041 1057 4093 erit
1096 4041 1167 4103 ei,
1219 4041 1378 4108 cujus
1436 4040 1488 4092 in
1543 4039 1851 4109 Evangeliis
1896 4038 1954 4092 fit

385 4136 610 4196 mentio,
643 4133 776 4200 legis
822 4132 1055 4198 doctori,
1087 4133 1179 4203 qui
1233 4148 1341 4186 non
1396 4141 1707 4202 exspectata
1748 4132 1951 4186 Serva-

383 4227 520 4279 toris
545 4225 717 4294 gratia
744 4231 890 4276 motu
915 4238 1017 4277 suo
1044 4223 1109 4274 ad
1137 4238 1259 4276 ettm
1291 4223 1631 4292 sequendum
1666 4223 1951 4276 incitatmn

382 4331 440 4370 se
479 4315 679 4376 aiebat,
710 4329 946 4382 eumque
989 4313 1093 4366 sibi
1139 4314 1400 4366 honorem
1432 4314 1705 4378 arripiens
1738 4332 1749 4368 :
1787 4335 1805 4366 ι
1843 4314 1954 4368 Ma-

2062 3125 2181 3195 ούχὶ
2208 3125 2605 3197 προδηλότατον
2643 3124 2721 3187 ὡς
2753 3125 2810 3176 ὲν
2837 3121 2915 3192 τῷ
2942 3123 3016 3193 μὴ
3041 3121 3280 3192 τηρῆσαι
3315 3121 3413 3190 τῆς
3441 3119 3652 3181 κακίας

2062 3217 2094 3286 ή
2133 3216 2382 3284 γένεσις;
2443 3216 2755 3270 Ἀπὸκειται
2788 3214 2845 3267 δὲ
2888 3213 3077 3284 ὥσπερ
3105 3213 3183 3284 τῷ
3212 3213 3537 3284 τετηρηκότι
3583 3214 3650 3266 τὸ

2061 3306 2205 3376 ἔχειν
2233 3309 2290 3362 ὲν
2317 3307 2497 3378 ἑαυτῷ
2521 3308 2611 3361 τὸν
2647 3307 2866 3378 Πατέρα
2896 3307 2987 3360 καὶ
3014 3306 3104 3359 τὸν
3137 3305 3286 3368 Υίδν,
3332 3306 3466 3376 ὅπερ
3495 3306 3650 3360 ἐστὶν

2061 3400 2280 3471 ἁπάσης
2305 3399 2574 3470 θυμηδίας
2603 3416 2662 3452 τε
2693 3399 2788 3452 καὶ
2827 3397 2987 3469 δόξης
3017 3398 3159 3468 ἀρχὴ
3207 3399 3299 3450 καὶ
3346 3398 3600 3462 ὑπόθεσις
3629 3415 3648 3429 ο

2059 3491 2200 3544 οὕτω
2232 3491 2326 3545 καὶ
2351 3490 2410 3543 τδ
2437 3490 2552 3562 [γρ.
2583 3489 2683 3562 τῷ]
2730 3489 2804 3560 μὴ
2832 3490 3134 3560 τηρήσαντι
3159 3489 3219 3542 τδ
3247 3490 3446 3559 ἥκιστα
3478 3507 3648 3559 μετα-

2062 3583 2210 3650 σχεῖν
2245 3582 2346 3651 τῆς
2381 3579 2530 3644 θείας
2570 3598 2630 3633 τε
2661 3582 2751 3634 καὶ
2773 3583 3014 3652 ἀρρήτου
3043 3581 3279 3650 φύσεως,
3327 3583 3465 3650 ὅπερ
3493 3582 3648 3634 ἐστὶν

2058 3673 2271 3736 οὐδενὸς
2300 3672 2362 3725 τὸ
2405 3672 2628 3743 σύμπαν
2657 3671 2955 3736 ἀπόλαυσις
2989 3671 3218 3742 ἀγαθοῦ.
3253 3673 3462 3726 Οὐκοῦν
3485 3673 3538 3725 εί
3562 3690 3647 3742 τῳ

2059 3763 2222 3818 καλὸν
2251 3765 2345 3817 καὶ
2366 3763 2688 3835 ἀξιέραστον
2711 3760 2849 3818 εἶναι
2878 3765 3107 3817 δοκεῖτὸ
3126 3765 3224 3833 τῆς
3259 3764 3407 3828 θείας
3427 3765 3647 3834 φύσεως

2063 3854 2417 3925 μεταλαχείν,
2472 3852 2886 3924 ὲνδιαιτώμενόν
2933 3871 2993 3907 τε
3045 3854 3140 3908 καὶ
3174 3854 3487 3909 ἐνοικοῦντα
3529 3857 3646 3918 τοίς

2058 3948 2156 4019 τῆς
2188 3946 2413 4016 καρδίας
2441 3947 2689 4016 ταμείοις
2714 3947 2807 4000 τὸν
2829 3946 2940 4000 τῶν
2970 3947 3106 4000 ὅλων
3135 3946 3280 4017 ἔχειν
3309 3948 3525 4016 Πατέρα
3548 3948 3644 4001 καὶ

2057 4037 2188 4090 Θεὸν
2234 4036 2300 4090 δι’
2346 4036 2475 4089 Υἱοῦ
2511 4038 2570 4089 ὲν
2615 4035 2914 4107 Πνεύματι,
2969 4037 3252 4102 διανιζέτω
3294 4037 3394 4109 τὴν
3440 4038 3640 4093 ἑαυτοῦ

2056 4129 2253 4201 ψυχὴν,
2285 4130 2378 4183 καλ⁵
2413 4130 2512 4200 τὴν
2534 4129 2599 4182 ὲκ
2630 4130 2730 4198 τῆς
2757 4129 3108 4198 φαυλότητος,
3139 4129 3204 4182 δι’
3226 4125 3304 4183 ὧν
3333 4130 3398 4183 ἂν
3420 4132 3641 4184 δύναιτο

2056 4223 2292 4294 τρόπων,
2343 4221 2541 4291 μᾶλλον
2567 4221 2623 4273 δὲ
2653 4221 2719 4273 δι’
2748 4222 2967 4292 ἀπάσης
2997 4221 3368 4293 ἁγαθουργίας
3409 4226 3638 4292 ἀποτρι-

2058 4311 2197 4363 ϐέτω
2229 4309 2442 4380 κηλῖδα.
2480 4310 2790 4379 Χρηματιεῖ
2820 4309 2928 4380 γὰρ
2957 4309 3078 4362 τότε
3110 4311 3234 4372 ναὸς
3260 4311 3427 4374 ὅντως
3453 4312 3586 4365 Θεοῦ
3617 4329 3635 4345 ο

381 4405 571 4474 gister,
606 4407 804 4474 inquit,
838 4419 1038 4473 sequar
1075 4413 1123 4456 te
1172 4419 1504 4472 quocunque
1556 4404 1770 4460 ieris”.
1809 4426 1827 4457 ι
1887 4407 1954 4458 At

2063 4403 2431 4454 ἀναπαύσεται
2484 4400 2543 4452 δὲ
2595 4403 2654 4453 ὲν
2684 4399 2834 4470 αὐτῷ
2883 4402 2977 4454 καὶ
3024 4403 3340 4465 καταλύσει,
3388 4406 3528 4458 κατὰ
3574 4405 3642 4457 τὸ

379 4496 510 4565 quid
535 4495 600 4547 ad
627 4509 752 4548 eum
796 4493 1104 4547 Dominus?
1133 4492 1501 4563 Aﬁnigmatice
1532 4502 1586 4548 et
1636 4511 1732 4563 per
1783 4510 1948 4564 para-

379 4587 596 4640 bolam:
630 4604 646 4634 ι
695 4584 894 4654 Vulpes
941 4583 1127 4639 foveas
1159 4585 1382 4650 habent,
1435 4594 1489 4638 et
1525 4591 1779 4640 volucres
1819 4587 1945 4641 caeli

380 4677 580 4730 nidos:
616 4674 784 4730 Filius
819 4690 999 4730 autem
1044 4677 1285 4732 hominis
1319 4694 1428 4731 non
1464 4678 1627 4731 habet
1663 4679 1752 4732 ubi
1786 4688 1949 4747 caput

378 4773 608 4827 reclinet
633 4772 698 4827 ³¹.
739 4791 757 4822 ι
789 4770 990 4841 Vulpes
1026 4785 1206 4828 autem
1259 4781 1314 4828 et
1344 4773 1466 4826 coeli
1515 4787 1644 4826 aves
1678 4773 1948 4844 malignos

377 4873 431 4917 et
467 4863 707 4932 impuros
737 4864 1072 4932 nuncupavit
1097 4863 1401 4925 daemonas,
1456 4871 1510 4917 et
1569 4864 1732 4917 hosce
1789 4881 1950 4918 mun-

375 4953 550 5008 danos
578 4964 741 5023 atque
771 4955 952 5008 aerios
982 4953 1232 5023 spiritus,
1273 4954 1367 5022 qui
1421 4953 1474 5006 in
1526 4952 1949 5009 libidinosorum

377 5045 637 5100 cordibus
667 5056 953 5100 versantur
984 5057 1148 5114 atque
1199 5045 1530 5108 inhabitant,
1585 5063 1697 5100 suae
1750 5047 1947 5099 volun-

375 5137 504 5191 tatis
553 5137 758 5190 exitum
797 5136 1106 5199 consecuti,
1153 5137 1494 5206 miserasque
1534 5152 1723 5190 eorum
1764 5154 1794 5191 a
1823 5139 1949 5207 qui-

375 5229 479 5283 bus
508 5229 883 5298 suscipiuntur
916 5228 1126 5282 animas
1155 5229 1209 5281 in
1240 5235 1456 5281 arctum
1492 5229 1630 5282 adeo
1652 5239 1942 5298 cogentes.

374 5327 434 5372 ut
471 5321 680 5374 nullmn
731 5335 964 5389 prorsus
999 5320 1053 5373 in
1087 5320 1155 5374 iis
1203 5319 1583 5390 requiescendi
1620 5322 1771 5376 locus
1832 5321 1944 5378 Deo

373 5410 758 5481 relinquatur:
789 5411 842 5464 id
872 5412 1016 5466 enim
1046 5412 1342 5481 signiﬁcat,
1377 5433 1396 5465 ι
1421 5413 1690 5469 reclinare
1715 5423 1897 5484 caput.
1921 5435 1940 5467 ι

369 5499 677 5571 Purgemus
715 5502 902 5572 itaque
933 5501 1101 5557 corda
1141 5513 1330 5560 nostra
1367 5506 1441 5562 ab
1483 5508 1631 5562 omni
1664 5507 1823 5563 labe:
1862 5509 1942 5564 sic

439 5674 485 5706 ³⁸
519 5675 569 5729 ιι
597 5673 740 5731 Petr.
777 5692 815 5738 ι,
847 5677 898 5732 4.
975 5679 1070 5730 "l
1118 5681 1241 5736 Cor.
1295 5699 1374 5744 ιιι,
1419 5683 1498 5737 l6.

2055 4493 2461 4564 γεγραμμένον.
2501 4493 2576 4546 Ού
2607 4493 2714 4563 γὰρ
2743 4493 2896 4546 ἔσται
2928 4497 3046 4547 κατ’
3075 4496 3277 4547 ἐκεῖνον
3308 4495 3399 4549 τὸν
3427 4497 3486 4548 ὲν
3523 4499 3639 4558 τοῖς

2054 4586 2409 4654 Εὑαγγελίοις
2441 4586 2666 4656 νομικὸν
2693 4586 3100 4656 ὠνομασμένον,
3149 4588 3206 4651 ὃς
3233 4587 3331 4658 τὴν
3356 4589 3508 4658 παρὰ
3540 4588 3636 4641 τοῦ

2054 4679 2307 4750 Σωτῆρος
2335 4679 2396 4732 οὐ
2429 4679 2750 4749 περιμείνας
2775 4679 2956 4748 χάριν,
2984 4679 3314 4748 αὐτόκλητος
3337 4676 3475 4733 εἶναι
3498 4681 3639 4750 πρὸς

2055 4770 2414 4840 ἁκολούθησιν
2437 4769 2563 4846 ἔφη,
2589 4772 2682 4822 καὶ
2703 4772 2800 4840 τὴν
2821 4769 2993 4834 οὕτως
3018 4771 3344 4840 ἀξιάγαστον
3371 4772 3641 4843 ἁρπάζων

2055 4862 2245 4932 τιμὴν,
2277 4861 2409 4931 φησί
2432 4879 2447 4894 ’
2479 4861 2835 4923 «Διδάσκαλε,
2867 4861 3214 4932 ἀκολουθήσω
3248 4881 3348 4927 σοι,
3377 4864 3511 4916 ὅπου
3538 4865 3636 4918 ἐὰν

2057 4955 2291 5025 ἀπέρχῃ.
2326 4973 2345 5005 ›
2418 4954 2580 5007 Ἀλλὰ
2611 4955 2664 5006 τί
2700 4956 2834 5026 πρὸς
2867 4955 3029 5007 αὐτὸν
3073 4957 3101 5008 ὁ
3153 4955 3389 5026 Κύριος;
3455 4957 3543 5020 Ὠς
3576 4960 3637 5010 ὲν

2057 5047 2339 5117 παραϐολῇ
2391 5048 2484 5099 καὶ
2533 5047 2854 5116 αἰνίγματι·
2907 5065 2925 5098 ι
2955 5047 3021 5098 Αἱ
3069 5046 3354 5112 ἀλώπεκες
3393 5049 3636 5118 φωλεοὺς

2055 5139 2258 5209 ἔχουσι,
2280 5139 2374 5192 καὶ
2397 5139 2468 5191 τὰ
2491 5139 2710 5194 πετεινά
2735 5138 2829 5192 τοῦ
2859 5138 3091 5210 ούρανοῦ
3114 5141 3580 5212 κατασκηνώσεις·
3604 5141 3636 5192 ό

2046 5232 2104 5285 δὲ
2123 5232 2249 5295 Υἱὸς
2269 5232 2362 5284 τοῦ
2378 5231 2665 5303 ἀνθρώπου
2683 5230 2910 5302 οὐκοέχει
2929 5231 3030 5285 ποῦ
3049 5231 3147 5302 τὴν
3164 5232 3405 5302 κεφαλὴν
3420 5232 3594 5303 κλίνῃ.
3608 5251 3626 5282 ι

2059 5324 2376 5389 Ἀλώπεκας
2407 5325 2464 5377 δὲ
2499 5326 2594 5378 καὶ
2622 5326 2854 5398 ούρανοῦ
2885 5324 3108 5378 πετεινὰ
3140 5327 3268 5388 τοὺς
3293 5326 3634 5396 πανούργους

2049 5418 2142 5472 καὶ
2163 5419 2507 5490 ἀκαθάρτους
2537 5419 2790 5490 ὠνόμασε
2822 5419 3103 5489 δαίμονας,
3135 5417 3229 5470 καὶ
3256 5419 3324 5470 τά
3361 5419 3632 5487 ὲγκόσμια

2049 5511 2206 5563 ταυτῒ
2247 5510 2340 5562 καὶ
2399 5511 2560 5582 ἀέρια
2607 5509 2911 5582 πνεύματα,
2955 5511 2990 5562 ἃ
3020 5512 3138 5573 ταῖς
3170 5509 3468 5580 φιληδόνων
3496 5526 3630 5580 καρ-

1595 5686 1636 5716 ³⁰
1667 5684 1852 5738 Matth.
1916 5701 2031 5740 vm.
2075 5684 2159 5738 l9.
2200 5686 2238 5716 ³³
2271 5684 2410 5739 Ibid.
2450 5684 2540 5739 ‘20.
