3892 6202
144 336 268 391 £97
1221 334 1287 390 IN
1324 334 1540 392 .IOANN
1549 334 1611 390 IS
1656 334 1730 388 EI

1842 331 2107 387 GELIUM
2148 332 2283 386 LIB.
2329 331 2397 386 Χ.
3317 340 3421 395 293

150 453 293 513 δίαις
334 451 700 522 ἐμφιλοχωρεῖ
735 468 793 504 τε
826 452 919 503 καὶ
955 450 1318 518 ἐναυλίζεται,
1340 452 1440 521 τὴν
1460 449 1568 502 τῶν
1596 448 1730 501 ίδίωτ

1842 444 2013 508 enim,
2057 444 2141 499 sic
2169 452 2222 498 et
2257 445 2311 498 in
2351 442 2511 498 nobis
2546 443 2819 497 habitabit
2848 443 3010 511 Deus,
3042 454 3097 501 et
3128 450 3276 502 omni
3312 451 3421 505 dia—

150 542 475 612 θελημάτων
503 542 692 611 ἔχοντα
719 540 1024 611 πλήρωσιν,
1055 540 1491 611 στενοχωροῦντά
1512 556 1569 592 τε
1592 538 1730 590 οὐτω

1844 537 2025 590 bolico
2058 537 2265 589 insultu
2299 536 2613 605 superiores
2654 534 2872 603 efﬁciet,
2902 538 3203 610 beatosque
3248 557 3311 597 ac
3343 544 3422 598 fe-

148 636 250 699 τὰς
284 634 477 697 ἀθλίας
518 634 629 686 τῶν
658 634 961 705 δεχομένων
991 633 1188 703 ψυχὰς,
1226 634 1303 696 ὠς
1346 635 1511 685 τόπον
1542 630 1730 683 οὐδένα

1840 629 1979 683 lices
2013 627 2226 691 reddet,
2252 628 2416 699 835
2453 637 2617 699 atque
2644 628 2845 685 divinae
2879 640 2931 686 et
2962 631 3258 689 inetl‘abilis
3307 651 3422 691 suae

149 726 433 789 παντελῶς
457 728 815 789 ἀναπαύσεως
838 727 896 778 ἐν
922 727 1117 788 αὐταῖς
1150 724 1424 795 εὑρίσκειν
1448 723 1539 775 τὸν
1569 722 1701 773 Θεόν
1717 737 1729 749 ·

1838 729 2050 775 naturae
2078 720 2396 790 participes.

147 816 308 871 τοῦτο
340 819 450 891 γάρ
477 821 593 872 ἐστι
631 819 692 871 τὸ
728 818 906 872 κλῖναι
952 818 1049 889 τὴν
1092 817 1354 888 κεφαλήν.
1384 814 1789 887 Καθαρίσωμεν
1826 814 2004 868 τοίνυν
2035 814 2142 867 ἀπὸ
2189 814 2390 875 παντὸς
2433 815 2711 886 μολυσμοῦ
2752 816 2853 880 τάς
2896 816 3104 870 ἑαυτῶν
3150 821 3417 889 καρδίας·

147 910 291 966 οὕτω
325 912 455 982 γὰρ,
488 910 630 963 οὔτω
674 911 767 963 καὶ
803 912 861 964 ἐν
912 913 1045 981 ἡμῖν
1100 911 1309 981 οἰκήσει
1348 909 1501 973 Θεὸς,
1544 910 1639 961 καὶ
1675 908 1934 977 ἀμείνους
1973 909 2120 979 ἡμᾶς
2168 908 2387 977 ἀπάσης
2455 909 2722 980 ἐπηρείας
2768 911 3038 979 ἀποφανεί
3084 913 3418 984 διαϐολικῆς,

150 1001 457 1072 μακαρίους
482 1017 541 1052 τε
572 999 667 1052 καὶ
706 997 980 1069 ζηλωτοὺς
1015 999 1329 1069 ἐργάσεται,
1379 999 1472 1053 καὶ
1505 998 1796 1060 κοινωνοὺς
1826 996 2097 1061 ἀποδείξει
2124 997 2224 1067 τῆς
2257 996 2407 1060 θείας
2449 998 2612 1051 αὐτοῦ
2644 1000 2737 1053 καὶ
2764 1002 3004 1072 ἀρρήτου
3040 1003 3275 1070 φύσεως.

217 1093 329 1147 Καὶ
370 1094 403 1146 ὀ
430 1092 611 1161 λόγος
644 1090 718 1143 ὃν
742 1091 990 1143 ἀκούετε
1031 1091 1141 1143 οὐκ
1180 1090 1351 1143 ἔστιν
1375 1090 1539 1160 ἐμὸς,
1566 1089 1729 1144 ἀλλὰ

138 1190 255 1243 τοῦ
283 1187 636 1256 πέμψαντός
663 1202 741 1254 με
772 1185 1020 1252 Πατρός.

219 1280 511 1348 Οἰκονομεί
533 1295 584 1330 τι
612 1275 773 1330 πάλιν
794 1275 904 1328 τῶν
934 1275 1267 1344 ἀναγκαίων,
1300 1275 1392 1329 καῖ⁹
1421 1274 1727 1329 καλούντων

143 1371 227 1433 εἰς
254 1368 523 1439 ὀρθότητα
550 1365 847 1437 λογισμῶν,
874 1365 968 1418 καὶ
986 1365 1051 1417 δι’
1073 1358 1148 1418 ὧν
1175 1365 1397 1436 ἔμελλεν
1429 1364 1538 1436 [Ion
1567 1364 1728 1435 ἐμελ-

142 1463 267 1534 λον]
315 1461 721 1532 εὐμαθεστέραν
770 1458 914 1529 ἔχειν
964 1459 1203 1512 διάνοιαν
1248 1460 1329 1522 είς
1379 1458 1440 1511 τὸ
1487 1458 1726 1512 συνιέναι

143 1556 329 1619 καλῶς
360 1556 455 1607 τοῦ
502 1552 801 1625 μυστηρίου
832 1552 892 1605 τὸ
938 1550 1120 1619 βάθος,
1158 1549 1529 1622 παρακομίζει
1564 1550 1726 1603 πάλιν

140 1651 224 1712 εἰς
265 1650 448 1719 μέσον.
500 1646 752 1718 Στηρίςει
787 1645 843 1699 δὲ
895 1645 1003 1697 τῶν
1050 1643 1415 1714 ἀκροωμένων
1446 1643 1537 1696 τὸν
1580 1642 1723 1708 νοῦν,

1908 1087 2047 1151 XIV,
2078 1088 2167 1143 24.
2207 1086 2275 1140 Ει
2310 1104 2482 1142 sermo
2535 1106 2686 1159 quem
2728 1092 2926 1145 auditis
2963 1110 3065 1145 non
3118 1104 3197 1147 est
3247 1112 3412 1160 meus,

1835 1181 1926 1235 sed
1960 1181 2075 1251 ejus
2107 1182 2199 1251 qui
2228 1182 2373 1235 misit
2406 1198 2487 1235 me
2519 1180 2725 1237 Patris.

1904 1271 2287 1329 Necessarium
2324 1274 2532 1345 aliquid
2582 1290 2780 1330 rursus
2821 1274 3082 1341 instituit,
3136 1278 3282 1347 quod
3346 1281 3415 1334 ad

1835 1377 2042 1421 rectam
2077 1366 2204 1421 ﬁdei
2232 1367 2475 1437 regulam
2505 1367 2761 1433 deducat,
2787 1382 2959 1437 eaque
2987 1384 3182 1423 rursus
3208 1371 3418 1439 profert

1836 1458 1890 1513 in
1923 1460 2166 1515 medium
2199 1475 2296 1530 per
2318 1474 2440 1529 quae
2472 1460 2537 1514 ad
2564 1469 2710 1515 recte
2734 1459 3142 1530 percipiendam
3169 1463 3414 1531 mysterii

1838 1550 2185 1607 altitudinem
2216 1550 2438 1605 animus
2471 1551 2693 1608 facilius
2725 1552 3011 1606 evehatur.
3046 1550 3254 1606 Firmat
3286 1570 3417 1609 vero

1835 1648 2076 1697 mentem
2103 1641 2439 1705 auditorum,
2478 1658 2547 1697 ne
2573 1640 2888 1697 Iudaeorum
2943 1644 3161 1699 inscitia
3194 1646 3416 1715 quidam

147 1743 235 1794 ἶνα
262 1741 338 1811 μὴ
373 1743 490 1801 ταῖς
530 1738 799 1791 Ἰουδαίων
828 1736 1093 1807 ἀμαθίαις
1122 1734 1612 1804 συγκαθελκόμενοι
1638 1734 1730 1785 καὶ

1838 1732 2051 1803 abrepti
2101 1748 2403 1804 eorumque
2447 1735 2691 1789 furorem
2734 1743 2789 1789 et
2840 1735 3112 1789 insaniam
3152 1736 3414 1799 aemulati,

138 1836 260 1897 ταῖς
308 1831 532 1885 ἐκείνων
583 1830 861 1893 ὑπονοίαις
901 1828 969 1883 τά
1010 1831 1104 1882 ἶσα.
1147 1830 1286 1881 νοεῖν
1320 1827 1723 1897 ἀγαπήσαντες,

138 1928 241 1998 τὴν
296 1927 457 1995 ἁγίαν
500 1924 594 1977 καὶ
643 1923 1009 1994 εὐαγγελικήν
1059 1938 1202 1983 τινες
1237 1918 1555 1990 ἀτιμάζοιεν
1600 1918 1728 1971 παί-

140 2022 341 2074 δευσιν.
386 2020 452 2072 Ὀ
480 2019 537 2071 δὲ
576 2018 747 2070 εἰπεῖν
783 2016 1066 2086 βούλομαι,
1103 2012 1290 2083 σαφῶς
1318 2013 1434 2065 ἐστι
1462 1999 1724 2064 τοιοῦτον.

150 2114 213 2166 Ὀ
247 2113 411 2181 νόμος
448 2112 545 2180 μέν
567 2109 679 2180 γάρ
708 2108 862 2161 σκιὰν
893 2107 1032 2177 ἔχων
1061 2108 1156 2160 καὶ
1186 2106 1357 2158 τύπον
1401 2101 1565 2174 μέχρι
1602 2120 1725 2157 και-

146 2202 240 2271 ροῦ
275 2200 615 2272 διορθώσεως
660 2197 1029 2267 ἐπικείμενον,
1080 2195 1223 2248 κατά
1254 2196 1351 2265 τὴν
1385 2192 1478 2247 τοῦ
1509 2192 1724 2246 Παύλου

143 2294 353 2362 φωνὴν,
404 2290 748 2359 παιδαγωγὸς
786 2289 943 2361 ἡμῶν
971 2288 1196 2358 γέγονεν
1224 2289 1304 2351 εἰς
1336 2286 1591 2358 Χριστὸν,
1632 2286 1728 2339 καὶ¹

144 2383 550 2454 προμελέτησιν
580 2381 768 2453 ῶσπερ
793 2380 917 2433 τινὰ
940 2380 1041 2449 τῆς
1070 2381 1191 2434 κατ’
1221 2379 1501 2432 εὐσέϐειαν
1526 2379 1726 2450 ἀρετῆς

141 2472 477 2541 εἰσεκόμιζε.
508 2471 919 2541 Προγύμνασμα
950 2471 1131 2523 τοίνυν
1155 2469 1257 2540 τῆς
1285 2469 1516 2540 ἀληθοῦς
1551 2474 1643 2522 καὶ
1670 2470 1726 2520 ἐν

142 2564 420 2634 πνεύματι
449 2563 704 2632 λατρείας
733 2562 801 2615 τά
822 2561 912 2615 διὰ
936 2563 1179 2626 Μωσέως
1208 2562 1376 2615 είπῶν
1401 2579 1505 2625 τις,
1535 2561 1635 2614 οὐκ
1662 2559 1726 2613 ἂν

138 2655 379 2724 ἁμάρτοι
403 2654 497 2706 τοῦ
526 2655 851 2723 πρέποντος.
875 2653 973 2707 Διά
997 2655 1105 2726 γάρ
1128 2671 1210 2708 τοι
1240 2653 1400 2707 τοῦτο
1443 2652 1725 2706 τετελείω-

140 2764 235 2800 κεν
268 2746 297 2797 ὁ
345 2745 509 2816 νόμος
554 2746 729 2801 οὐδέν.
791 2746 849 2798 '0
894 2745 951 2797 δέ
993 2744 1197 2816 Κύριος
1243 2744 1399 2814 ἡμῶν
1456 2742 1661 2814 Ἰησοῦς
1699 2744 1728 2795 ὁ

138 2837 383 2909 Χριστὸς
442 2838 625 2891 οὐκέτι
700 2836 1045 2909 πραγμάτων
1093 2836 1343 2900 εἰκόνας,
1394 2835 1507 2888 ἀλλ’
1558 2835 1727 2904 αὐτὴν

138 2932 274 3001 ἡμῖν
298 2929 600 2999 ἀναφανδὸν
624 2928 872 2995 ὑπέδειξε
899 2926 997 2998 τὴν
1026 2926 1302 2998 ἀλήθειαν,
1328 2926 1428 2980 οὐκ
1457 2926 1511 2980 ἐν
1535 2925 1726 2987 τύποις

137 3022 221 3076 ἔτι
254 3022 349 3074 καὶ
382 3021 620 3091 σχήματι
661 3019 722 3073 τὸ
759 3019 859 3088 τῆς
904 3018 1107 3090 ἀρετῆς
1153 3017 1526 3089 καταγράφων
1561 3014 1723 3080 εἶδος,

1832 1834 2084 1881 sanctam
2116 1833 2172 1879 et
2210 1826 2583 1897 evangelicam
2620 1825 2930 1881 doctrinam
2976 1835 3411 1883 contemnerent.

1831 1916 1987 1983 Quod
2014 1924 2197 1972 autem
2223 1918 2351 1972 volo
2379 1927 2463 1973 est
2490 1919 2821 1975 istiusmodi.
2869 1920 2979 1975 Lex
3010 1923 3263 1977 umbram
3313 1924 3415 1978 ha-

1830 2009 1964 2064 bens
1998 2019 2051 2064 et
2086 2009 2313 2078 ﬁguram
2339 2012 2383 2042 ³¹
2411 2027 2589 2082 usque
2625 2012 2691 2066 ad
2722 2022 2938 2083 tempus
2965 2016 3324 2070 correctionis
3344 2017 3411 2079 ³³,

1826 2101 1985 2170 juxta
2012 2100 2170 2156 Pauli
2204 2118 2413 2165 vocem,
2447 2104 2780 2176 paedagogus
2831 2106 2990 2162 nobis
3020 2105 3124 2159 fuit
3168 2107 3223 2160 in
3254 2106 3416 2161 Chri-

1830 2206 1917 2250 sto
1942 2194 2006 2260 ³¹⁸,
2038 2203 2093 2251 et
2138 2197 2670 2265 praemeditationem
2714 2200 2885 2253 veluti
2941 2201 3233 2270 quamdam
3274 2218 3415 2257 verae

1829 2287 2052 2357 pietatis
2095 2288 2333 2342 induxit.
2369 2288 2426 2341 Si
2453 2289 2578 2359 quis
2610 2306 2741 2359 ergo
2774 2290 3065 2346 Mosaicam
3096 2294 3270 2363 legem
3298 2296 3412 2349 veri

1830 2388 1885 2433 et
1910 2380 2181 2449 spiritalis
2219 2380 2406 2435 cultus
2446 2383 3055 2451 praeexercitamentum
3098 2402 3221 2439 esse
3259 2387 3413 2439 dixe-

1830 2472 1925 2537 rit,
1958 2488 2066 2527 non
2098 2473 2307 2527 errabit
2347 2489 2377 2527 a
2413 2490 2562 2528 vero.
2602 2474 2813 2529 Idcirco
2844 2478 2988 2529 enim
3026 2479 3161 2531 nihil
3191 2480 3255 2532 ad
3290 2494 3412 2548 per-

1832 2562 2035 2617 fectum
2064 2563 2296 2618 adduxit
2320 2564 2402 2618 lex
2428 2564 2495 2620 ³⁸.
2532 2563 2802 2619 Dominus
2831 2576 3009 2621 autem
3036 2576 3223 2621 noster
3250 2568 3411 2624 Jesus

1829 2653 2088 2711 Christus
2118 2670 2229 2709 non
2260 2656 2502 2726 amplius
2537 2672 2722 2711 rerum
2757 2658 3040 2727 imagines,
3089 2659 3185 2712 sed
3236 2661 3409 2730 ipsam

1830 2745 1994 2799 nobis
2024 2754 2209 2815 aperte
2233 2747 2473 2800 ostendit
2497 2748 2808 2810 veritatem,
2852 2762 2959 2802 non
2996 2748 3109 2816 jam
3166 2750 3217 2802 in
3268 2752 3413 2820 typis

1833 2851 1897 2891 ac
1922 2838 2115 2907 figuris
2139 2838 2363 2894 virtutis
2388 2841 2627 2908 speciem
2652 2838 2977 2909 depingens,
3006 2840 3149 2909 quod
3178 2840 3413 2897 faciebat

1832 2928 2036 2994 Moses,
2078 2930 2173 2985 sed
2226 2930 2432 2984 nudam
2483 2931 2893 2999 quodammodo
2930 2940 2985 2987 et
3014 2942 3257 3000 apertam
3301 2942 3411 2988 sta-

1834 3029 2016 3081 tuens,
2052 3019 2438 3091 hominemque
2467 3021 2535 3075 ad
2564 3022 2824 3090 pietatem
2874 3022 3094 3090 plenum
3128 3036 3193 3075 ac
3225 3022 3412 3092 perfe-

134 3117 276 3186 ὃπερ
304 3083 724 3183 ἐποίει-Μωσῆς,
768 3083 903 3166 ἀλλά
933 3083 1145 3181 γυμνὴν
1176 3083 1366 3181 ῶσπερ
1390 3083 1486 3163 καὶ
1509 3110 1726 3181 ἐμφανῆ

1838 3118 1983 3164 etum
2028 3110 2288 3167 reddens.
2324 3083 2624 3180 [lisciplina
2656 3110 2824 3182 igitur
2873 3083 3172 3166 verborum
3207 3083 3413 3167 Christi

139 3204 432 3273 καθιστὰς,
477 3208 568 3260 καὶ
607 3204 792 3275 πλήρη
833 3204 966 3276 πρὸς
998 3202 1279 3255 εὐσέϐειαν
1314 3201 1407 3255 τὸν
1439 3201 1729 3271 ἄνθρωπον

138 3297 448 3353 ἀποτελῶν.
497 3293 605 3351 Ἦν
655 3294 749 3350 οὖν
795 3297 903 3367 ἄρα
953 3295 1063 3348 τῶν
1101 3294 1289 3349 τύπων
1340 3295 1421 3357 είς
1470 3293 1727 3364 ἀλήθειαν

140 3388 531 3460 μεταχώρησις
578 3387 672 3440 καὶ
705 3386 1040 3457 μετάπλασις
1072 3384 1181 3438 τῶν
1227 3384 1315 3437 διά
1355 3381 1593 3455 Χριστοῦ
1626 3384 1728 3453 ρη-

144 3482 335 3552 μάτων
384 3484 420 3551 ἡ
467 3479 768 3542 παίδευσις.
832 3477 1051 3549 Ἐπειδὴ
1094 3477 1150 3529 δέ
1195 3479 1296 3548 τῆς
1332 3476 1593 3547 ἀληθείας
1628 3476 1727 3548 ἥδη

143 3574 595 3645 διαλαμπούσης,
658 3570 911 3642 περιττὸν
962 3566 1030 3640 ἦν
1083 3568 1162 3622 ἔτι
1215 3568 1580 3638 κρατύνεσθαι
1630 3570 1729 3637 τὴν

148 3664 345 3728 σκιὰν,
406 3663 589 3715 οὐκέτι
650 3664 763 3724 τοῖς
814 3662 1059 3730 νομικοῖς
1108 3658 1301 3722 τύποις
1353 3659 1730 3712 πολιτεύεσθαι

146 3757 460 3827 ἐνομοθέτει
502 3755 733 3826 Χριστος
776 3755 901 3815 τοὺς
946 3752 1272 3823 προσιόντας
1313 3751 1465 3822 αὐτῷ
1504 3752 1592 3805 διὰ
1631 3754 1732 3822 τῆς

146 3848 410 3909 πίστεως.
459 3846 628 3898 Τοῦτο
655 3845 775 3897 λίαν
818 3843 1005 3897 ἐλύπει
1034 3845 1163 3906 τοὺς
1219 3842 1529 3907 Ἰουδαίους,
1560 3842 1730 3913 ᾤοντό

147 3958 209 3992 τε
238 3940 323 3992 ὅτι
358 3938 450 3992 τὸν
478 3938 705 4009 ἀρχαῖον
739 3935 1058 3989 καταλύσων
1084 3935 1247 4005 νόμον
1276 3935 1676 4006 ἐπιδεδήμηκεν
1702 3936 1730 3987 ὁ

148 4029 409 4100 Χριστὸς,
433 4029 608 4081 καίτοι
637 4027 931 4099 διαρρήδην
953 4026 1181 4097 βοῶντος
1203 4024 1491 4087 ἀκούοντες
1515 4040 1529 4054 ⁸
1572 4042 1592 4075 ι
1619 4024 1732 4078 Οὐκ

148 4120 316 4193 ἦλθον
351 4118 651 4174 καταλῦσαι
682 4119 771 4172 τὸν
809 4120 993 4185 νόμον,
1039 4117 1175 4172 ἀλλά
1212 4116 1520 4188 πληρῶσαι.
1573 4116 1732 4184 Λέγω

148 4217 260 4285 γὰρ
289 4216 441 4284 ὑμῖν,
468 4214 549 4265 ὅτι
587 4212 719 4265 ἰῶτα
752 4210 832 4274 ἓν,
865 4211 898 4281 ἢ
934 4210 1032 4281 μία
1061 4210 1257 4281 κεραία
1284 4210 1344 4262 οὐ
1378 4210 1452 4280 μὴ
1486 4209 1731 4281 παρέλθῃ

151 4308 263 4361 ἀπὸ
298 4305 395 4357 τοῦ
425 4304 610 4375 νόμου,
653 4303 758 4366 ἕως
799 4302 865 4356 ἂν
906 4303 1081 4356 πάντα
1106 4302 1350 4371 γένηται.
1384 4320 1402 4353 ι
1452 4300 1732 4373 Πλήρωμα

1829 3203 2245 3259 transforinatio
2276 3215 2331 3259 et
2355 3206 2645 3260 conversio
2670 3204 2964 3275 figurarum
2985 3213 3103 3259 erat
3137 3205 3191 3258 in
3214 3206 3415 3259 verita-

1830 3302 1962 3350 tem.
1995 3295 2133 3349 Cum
2165 3305 2347 3349 autem
2391 3296 2625 3351 veritate
2670 3296 2890 3350 demum
2926 3296 3178 3350 elucente
3223 3312 3415 3366 super-

1832 3385 2001 3439 ﬂuum
2037 3396 2190 3441 esset
2222 3388 2471 3441 umbram
2500 3387 2711 3442 diutius
2747 3388 3020 3453 obtinere,
3059 3404 3171 3443 non
3206 3388 3319 3458 jam
3360 3390 3412 3442 in

1834 3478 2105 3548 legalibus
2162 3479 2311 3549 typis
2355 3480 2541 3534 vivere
2603 3478 2959 3547 przecipiebat
3009 3480 3265 3535 Christus
3317 3495 3413 3535 eos

1832 3570 1925 3639 qui
1960 3570 2025 3623 ad
2059 3570 2237 3639 ipsum
2271 3586 2369 3641 per
2407 3569 2568 3624 ﬁdem
2607 3577 2984 3624 accesserant.
3036 3569 3149 3626 Iloc
3197 3570 3413 3626 Judaaos

1830 3662 2184 3717 vehementer
2216 3663 2513 3733 pungebat,
2547 3662 2763 3731 sibique
2804 3662 3209 3732 persuadebant
3252 3661 3417 3716 Chri-

1833 3769 1976 3813 stum
2005 3758 2294 3812 advenisse
2338 3765 2397 3809 ut
2430 3758 2605 3826 legem
2640 3756 2903 3821 solveret,
2938 3756 3065 3809 licet
3094 3763 3282 3824 aperte
3303 3756 3416 3810 cla-

1833 3859 2074 3905 mantem
2117 3849 2371 3904 audirent
2404 3866 2417 3901 :
2456 3868 2473 3898 ι
2513 3846 2629 3901 Νοη
2657 3847 2785 3901 veni
2825 3846 3040 3901 solvere
3082 3847 3279 3916 legem,
3316 3845 3412 3900 sed

1836 3942 2157 4011 adimplere.
2186 3940 2321 3995 Dico
2368 3942 2515 3996 enim
2562 3939 2741 4003 vobis,
2772 3938 2922 4007 quod
2963 3938 3073 3991 iota
3116 3953 3285 3991 unum
3320 3947 3415 3991 aut

1834 4048 1978 4087 unus
2010 4047 2149 4102 apex
2202 4047 2314 4087 non
2376 4031 2676 4100 praeteribit
2726 4045 2757 4083 a
2809 4031 2947 4100 lege,
3007 4030 3184 4085 donec
3231 4031 3415 4084 omnia

1834 4125 1967 4180 ﬁant
1991 4124 2056 4179 “.
2092 4143 2112 4178 ι
2139 4122 2282 4179 Vera
2306 4124 2452 4179 enim
2476 4124 2654 4178 virtus
2676 4137 2773 4193 per
2792 4121 2998 4177 Christi
3022 4122 3169 4193 leges
3196 4121 3415 4177 inducta

1834 4217 2026 4286 legalis
2055 4217 2266 4272 umbra
2314 4216 2717 4285 plenitudinem
2750 4214 3019 4269 continet.
3061 4212 3418 4285 Quandoqui—

1834 4310 1958 4365 dem
1988 4308 2133 4365 erim
2163 4307 2430 4379 praecipiti
2489 4306 2678 4361 furore
2702 4306 2760 4359 in
2804 4305 3248 4360 incredulitatem
3280 4306 3416 4374 lapsi

152 4398 261 4469 γὰρ
290 4397 402 4466 ἔχει
424 4399 521 4465 τῆς
542 4394 638 4447 τοῦ
668 4394 833 4464 νόμου
861 4396 1017 4456 σκιᾶς
1045 4395 1077 4463 ή
1109 4391 1249 4447 κατὰ
1279 4392 1535 4463 ἀλήθειαν
1560 4391 1727 4462 ἀρετὴ

1838 4399 1970 4455 etin
2010 4395 2187 4452 zelum
2219 4396 2363 4467 legis
2401 4396 2590 4461 delati,
2620 4410 2732 4449 non
2766 4395 3071 4450 secundum
3105 4395 3415 4459 scientiam,

152 4489 242 4541 διὰ
290 4488 401 4539 τῶν
450 4486 683 4558 Χριστοῦ
726 4487 904 4557 νόμων
935 4483 1426 4555 είσκεκομισμένη,
1480 4484 1729 4555 καθάπερ

154 4582 361 4650 ἀρτίως
410 4578 688 4649 ἐλέγομεν.
747 4576 966 4642 Ἐπειδὴ
1018 4576 1129 4646 γάρ
1181 4576 1393 4646 ἀκρίτῳ
1447 4574 1601 4645 θυμῷ
1654 4575 1732 4628 δι-

156 4673 525 4743 ωλισθηκότες
570 4673 651 4735 είς
680 4670 961 4725 ἀπείθειαν
1003 4670 1098 4723 καὶ
1136 4670 1216 4731 είς
1249 4667 1406 4737 ζῆλον
1446 4667 1613 4729 ἰόντες
1638 4666 1733 4718 τοῦ

158 4767 360 4835 νόμου,
411 4762 470 4815 οὐ
523 4764 645 4814 κατ’
681 4762 973 4828 ἐπίγνωσιν
1022 4758 1341 4828 συνηγορεῖν
1393 4756 1611 4809 ἐδόκουν
1654 4755 1733 4825 τῷ

158 4858 328 4925 νόμῳ,
355 4855 425 4905 τά
454 4853 542 4906 διὰ
564 4852 799 4923 Χριστοῦ
830 4849 1266 4923 παρωθούμενοι,
1299 4847 1388 4901 διά
1413 4848 1569 4901 τοῦτο
1600 4864 1735 4917 χρη-

160 4949 371 5017 σίμως,
425 4946 512 4999 ἵνα
560 4944 635 5015 μὴ
678 4943 858 5014 δοκοίη
888 4943 1000 4995 τισὶ
1034 4939 1255 5004 καινούς
1302 4957 1454 5002 τινας
1496 4940 1529 5010 ἢ
1568 4939 1733 5002 ἰδίους

161 5040 313 5111 παρὰ
340 5041 439 5108 τὴν
462 5038 685 5092 ἐνοῦσαν
716 5036 968 5108 βούλησιν
998 5033 1076 5104 τῷ
1102 5033 1221 5103 Θεῷ
1244 5034 1337 5086 καὶ
1369 5034 1543 5102 Ila—cpi.
1565 5031 1735 5101 διορί-

160 5132 272 5195 ζειν
301 5131 531 5200 νόμους,
566 5129 877 5198 ἀναγκαίως
909 5127 1233 5197 ἐπήνεγκεν,
1262 5125 1344 5177 ὅτι
1371 5143 1390 5174 ι
1414 5124 1472 5175 '0
1500 5122 1656 5191 λόγος
1675 5122 1736 5175 ὃν

160 5222 389 5275 ἀκούετε
425 5221 525 5273 οὐκ
583 5221 729 5275 ἔστιν
758 5220 909 5291 ἐμὸς,
957 5218 1092 5272 ἀλλά
1116 5216 1211 5271 τοῦ
1240 5215 1554 5287 πέμψαντός
1586 5233 1673 5286 με’
1710 5237 1728 5269 ι

167 5318 238 5385 μὴ
270 5314 382 5384 γάρ
427 5313 491 5383 δή
522 5330 607 5375 τις
638 5313 852 5375 οίέσθω,
895 5314 1057 5383 φησὶ,
1096 5311 1205 5364 τῶν
1241 5311 1573 5380 προσιόντων
1613 5312 1735 5379 ἐμοὶ

164 5407 250 5459 διὰ
272 5407 376 5475 τῆς
407 5405 662 5469 πίστεως,
711 5404 785 5467 ὡς
810 5404 1024 5474 ἀπῳδόν
1056 5421 1176 5458 τινα
1200 5402 1358 5471 λόγον
1391 5404 1737 5473 ἐποιησάμην

164 5495 239 5566 τῷ
269 5494 392 5565 Θεῷ
427 5493 521 5548 καὶ
544 5494 740 5565 Πατρί.
778 5493 955 5546 Αὐτοῦ
1002 5491 1163 5545 πάλιν
1196 5490 1291 5543 καὶ
1335 5490 1433 5561 οὐχ
1466 5491 1651 5558 ἐτέρου
1677 5490 1738 5542 τὸ

167 5586 519 5657 εὐαγγελικόν
540 5587 656 5639 ἐστι
680 5586 962 5656 κήρυγμα,
985 5584 1085 5637 οὐκ
1106 5583 1531 5656 ἐρυθριάσαντος
1549 5581 1738 5651 ὥσπερ

238 5764 283 5797 ³³
313 5762 478 5818 Ilenr.
520 5777 574 5825 ι,
607 5762 660 5815 I.
735 5763 779 5795 ³³
803 5760 967 5817 Hebr.
994 5778 1070 5825 ix,
1105 5762 1193 5816 10.
1266 5761 1308 5794 ³⁸
1348 5760 1525 5816 Galat.
1555 5775 1639 5826 Ill,
1673 5758 1765 5815 2i.

407 5856 681 5917 PATBOL.
716 5857 832 5918 Gn.
867 5854 1139 5917 LXXIV.

1837 4490 2039 4546 Christi
2086 4488 2341 4544 doctrina
2388 4488 2695 4558 repudiata,
2742 4486 3080 4557 patrocinari
3114 4487 3217 4557 legi
3267 4486 3418 4541 vide-

1836 4583 2074 4648 bantur;
2126 4581 2355 4645 idcirco,
2403 4594 2472 4634 ne
2536 4578 2866 4649 quibusdam
2906 4577 3186 4633 videretur
3246 4593 3417 4633 novas

1839 4671 2107 4740 quasdam
2148 4676 2244 4723 aut
2284 4668 2537 4738 proprias
2586 4676 2786 4738 praeter
2818 4666 3153 4721 voluntatem
3209 4665 3321 4721 Deo
3354 4682 3419 4721 ac

1840 4762 1991 4816 Patri
2042 4762 2191 4833 leges
2256 4760 2656 4833 praescribere,
2709 4758 3022 4813 necessario
3082 4757 3417 4827 subjunxit:

1845 4852 2094 4923 «;Sermo
2143 4866 2305 4921 quem
2354 4849 2556 4903 auditis
2604 4848 2773 4919 836
2821 4862 2933 4902 non
2966 4855 3052 4904 est
3087 4863 3266 4913 meus,
3324 4849 3419 4903 sed

1840 4944 1960 5013 ejus
2005 4944 2097 5014 qui
2133 4942 2284 4997 misit
2316 4957 2403 4996 me
2448 4941 2644 4997 Patris.
2686 4960 2705 4991 ›
2748 4941 2828 4996 Ne
2856 4941 2982 5011 quis
3025 4942 3170 4996 enim
3227 4956 3416 4995 eorum

1842 5035 1937 5105 qui
1962 5049 2057 5104 per
2094 5032 2254 5088 ﬁdem
2282 5033 2351 5087 ad
2383 5048 2470 5088 me
2503 5040 2866 5087 accesserunt
2894 5032 3196 5093 existimet,
3221 5032 3400 5100 inquit

1844 5140 1931 5181 me
1950 5139 2264 5181 sermonem
2294 5122 2494 5179 fecisse
2527 5123 2637 5179 Deo
2686 5138 2750 5179 ac
2781 5124 2930 5177 Patri
2981 5124 3396 5181 dissentaneum

1846 5219 2060 5275 Rursus
2090 5227 2269 5272 autem
2297 5216 2418 5285 ejus
2443 5223 2528 5271 est
2549 5255 2564 5279 ,
2594 5232 2703 5270 non
2739 5230 2870 5269 vero
2902 5214 3152 5277 alterius,
3183 5227 3419 5281 evange-

1844 5309 1949 5363 lica
1974 5304 2305 5377 praadicatio,
2330 5306 2421 5375 qui
2451 5321 2559 5359 non
2582 5305 2878 5370 erubescit,
2912 5311 2971 5358 ut
2999 5304 3073 5357 ita
3105 5303 3310 5365 dicam,
3350 5302 3421 5354 ob

1844 5399 1992 5468 leges
2023 5398 2301 5467 antiquas,
2336 5413 2437 5453 nec
2478 5397 2638 5468 quasi
2690 5397 2804 5466 jam
2840 5404 3119 5466 repertum
3179 5393 3251 5449 sit
3282 5407 3422 5462 prae-

1844 5491 2085 5547 stantius
2122 5490 2465 5553 mandatum,
2520 5489 2617 5544 sed
2651 5498 2907 5557 tanquam
2942 5488 2994 5540 in
3052 5494 3295 5554 tempore
3321 5499 3422 5551 op—

1846 5590 2105 5653 portuno,
2146 5583 2412 5637 translata
2458 5580 2527 5635 ad
2562 5582 2849 5637 veritatem
2905 5580 3099 5650 ﬁgura.
3132 5577 3235 5645 Qui
3270 5577 3418 5633 enim

1838 5760 1882 5793 υ
1921 5758 2090 5817 Ilebr.
2124 5775 2218 5825 vn,
2254 5759 2339 5815 19.
2417 5759 2464 5791 ιθ
2494 5757 2687 5812 Matth.
2721 5775 2773 5822 ν,
2807 5756 3010 5824 £7,18.

3004 5847 3069 5908 10
