3884 6208
457 329 564 389 299

1488 320 1545 376 S.
1579 317 1859 377 CYRILLI
1902 316 2377 375 ALEXANDRINI
2401 314 2722 373 ARCHIEP.

3604 312 3707 370 300

457 466 557 523 per
583 463 671 505 me
695 454 830 503 tunc
849 444 941 500 ulla
973 442 1252 501 veteribus
1277 442 1499 498 locutus
1527 447 1630 505 est,
1663 436 1857 492 eadem
1880 442 1935 492 et
1960 434 2034 491 ad

2140 437 2234 490 ἐπὶ
2264 439 2378 501 τοῖς
2406 437 2785 509 ἀρχαιοτέροις
2816 433 3058 505 θεσμοῖς,
3107 431 3222 486 ἀλλ’
3250 431 3371 486 οὐδὲ
3400 431 3477 494 ὡς
3505 431 3600 485 νῦν
3622 434 3707 503 ηὖ-

456 562 557 603 vos
603 557 754 601 nunc
807 539 1072 612 loquitur.
1127 536 1369 593 Verbum
1421 534 1625 590 etenim
1684 545 1807 587 sum
1845 530 2041 586 vivens

457 637 558 694 Dei
589 651 655 692 ac
678 633 861 690 Patris
884 630 1180 688 inell'abilis
1210 625 1510 684 voluntatis
1545 624 1853 692 interpres:
1890 619 2043 675 ideo-

456 743 568 801 que
606 732 839 783 vocatus
886 738 1009 781 sum
1052 720 1235 793 magni
1283 717 1502 774 consilii
1540 714 1785 786 Angelus
1808 713 1876 766 ⁸⁷.
1932 714 2042 767 Aut

457 823 605 880 enim
632 821 738 876 hac
762 818 975 876 ratione
1006 815 1215 872 dictum
1248 811 1383 868 illud
1414 808 1772 880 accipiemus,
1800 820 2039 877 nempe:

462 935 481 969 ι
540 912 864 970 Sermonem
898 923 1062 981 quem
1118 905 1381 967 audistis,
1435 916 1543 956 non
1575 908 1660 955 est
1693 912 1889 958 meus.
1947 895 2039 951 sed

455 1006 578 1075 ejus
608 1002 706 1074 qui
732 1000 884 1057 misit
910 1013 1018 1062 me,
1042 994 1255 1060 Patris;
1284 1013 1302 1045 ι
1334 1000 1433 1046 aut
1452 1000 1604 1046 certe
1626 988 1793 1044 aliter
1821 1000 2043 1059 quoque

457 1096 854 1168 intelligemus.
890 1090 986 1146 Dei
1028 1090 1174 1145 enim
1208 1102 1275 1142 ac
1315 1085 1497 1140 Patris
1531 1095 1692 1139 suum
1728 1093 2041 1137 sermonem

455 1190 613 1257 dicit,
648 1194 708 1243 ut
732 1186 827 1257 qui
855 1198 981 1240 eum
1004 1187 1230 1238 servant
1259 1177 1441 1235 sciant
1463 1190 1524 1232 se
1553 1174 1726 1230 Deum
1746 1171 2045 1236 honorare,

454 1280 804 1341 sermonibus
834 1278 957 1348 ejus
986 1273 1263 1347 persuasi.
1303 1270 1409 1338 Qui
1442 1283 1575 1325 vero
1610 1257 2040 1322 in'contrarium

454 1373 778 1431 ceciderunt
815 1378 872 1426 et
912 1366 1300 1423 incredulitate
1337 1377 1439 1418 sua
1467 1359 1658 1415 datum
1715 1356 2041 1412 mandatum

454 1465 662 1522 violare
693 1476 806 1518 non
840 1466 1122 1523 verentur,
1159 1456 1216 1510 in
1264 1454 1439 1524 ipsam
1503 1455 1741 1521 peccant
1789 1445 2041 1503 omnium

454 1554 702 1626 reginam
728 1558 1007 1607 naturam.
1040 1544 1265 1601 Duobus
1297 1548 1482 1597 autem
1516 1536 1699 1593 modis
1725 1536 2041 1591 auditorum

455 1648 674 1703 animus
707 1637 1272 1710 conﬁrmari'potcst:
1306 1642 1403 1689 aut
1423 1631 1571 1688 enim
1605 1628 1914 1686 honorandi
1944 1627 2043 1684 Dei

452 1740 722 1796 voluntas
751 1735 819 1791 ad
847 1732 1183 1790 credendum
1212 1727 1406 1798 utique
1432 1724 1734 1796 impulerit,
1767 1729 1863 1777 aut
1888 1728 2042 1777 certe

2142 527 2391 599 ρημένης
2416 531 2513 598 τῆς
2537 526 2820 598 ἀμείνονος
2843 526 3082 597 ἐντολῆς,
3107 524 3222 578 ἀλλ’
3252 525 3327 589 ὡς
3356 525 3413 577 ὲν
3443 524 3619 597 καιρῷ
3641 526 3711 596 τῷ

2140 620 2311 675 δέοντι
2348 620 2875 691 μεταπεπλασμένου
2922 619 3017 673 τοῦ
3059 617 3232 671 τύπου
3273 618 3407 689 πρὸς
3438 618 3710 688 ἀλήθειαν.

2153 712 2212 766 '0
2240 712 2348 783 7&9
2391 713 2573 765 ἐκεῖνα
2618 711 2860 782 λαλήσας
2904 710 2971 764 δι’
3008 710 3141 781 ἐμοῦ
3182 713 3295 775 τοῖς
3346 711 3714 782 ἀρχαιοτέροις

2140 803 2283 869 τότε,
2313 803 2407 856 καὶ
2430 803 2605 856 ταῦτα
2635 804 2759 857 νυνὶ
2776 802 2912 874 πρὸς
2941 804 3104 873 ὑμᾶς.
3131 802 3305 871 Λόγος
3332 804 3442 874 γάρ
3472 805 3588 873 εἰμι
3613 802 3716 868 ζῶν

2140 899 2240 969 τῆς
2259 895 2352 950 τοῦ
2382 895 2516 949 Θεοῦ
2541 896 2633 950 καί
2651 897 2863 964 Πατρδς
2886 897 3129 967 ἀρρήτου
3164 894 3437 967 θελήσεως
3459 898 3719 968 ἑρμηνευο

2141 987 2313 1050 τικὸς,
2344 985 2426 1039 διὸ
2451 986 2544 1040 καὶ
2587 985 2863 1057 κέκλημαι
2909 985 3154 1057 μεγάλης
3198 985 3395 1056 βουλῆς
3430 986 3715 1054 Ἄγγελος.

2147 1079 2218 1135 Ἢ
2250 1078 2358 1151 7&9
2388 1079 2528 1133 κατά
2552 1080 2739 1134 τοῦτον
2763 1079 2855 1133 τὸν
2892 1079 3093 1151 τρόπον
3122 1077 3450 1150 ὲκδεξόμεθα
3474 1079 3537 1132 τὸ
3568 1082 3717 1151 εἰρη-

2145 1171 2328 1243 μένον,
2357 1171 2501 1244 φημὶ
2537 1172 2594 1227 δὲ
2622 1172 2704 1236 τὸ,
2750 1191 2770 1225 ι
2805 1173 2863 1228 '0
2891 1171 3049 1241 λόγος
3073 1171 3132 1225 ὃν
3162 1172 3412 1238 ἀκούετε,
3444 1172 3549 1226 οὐκ
3578 1172 3719 1225 ἐστιν
3834 1182 3835 1229 ξ

2141 1262 2296 1334 ἐμὸς,
2342 1262 2480 1318 ἀλλά
2507 1263 2601 1317 τοῦ
2632 1263 2947 1336 πέμψαντός
2994 1281 3060 1335 με
3095 1263 3331 1335 Πατρδς,
3359 1283 3377 1314 ι
3425 1265 3596 1335 ἤγουν
3630 1267 3717 1319 καὶ

2141 1354 2344 1427 ἑτέρως
2397 1357 2687 1428 νοήσομεν.
2737 1354 2846 1410 Τοῦ
2893 1356 3003 1427 7&9
3054 1355 3190 1409 Θεοῦ
3237 1358 3334 1411 καὶ
3375 1356 3594 1429 Πατρὸς
3633 1357 3720 1410 τὸν

2141 1445 2337 1500 ἑαυτοῦ
2382 1446 2540 1515 λόγον
2585 1448 2785 1518 φησιν,
2835 1448 2925 1501 ἵνα
2954 1449 3004 1500 οἱ
3054 1448 3153 1518 μὲν
3204 1447 3502 1519 τηροῦντες
3535 1448 3723 1502 εἰδεῖεν

2140 1537 2222 1591 ὅτι
2243 1536 2376 1590 Θεὸν
2399 1537 2748 1609 τετιμήκασι,
2773 1540 2887 1596 τοῖς
2915 1538 3046 1609 παρ’
3079 1538 3244 1592 αὐτοῦ
3273 1541 3526 1608 γεγονόσι
3553 1559 3722 1596 κατα-

2141 1627 2456 1699 πειθόμενοι
2485 1626 2686 1697 λόγοις.
2722 1628 2784 1682 Οἰ
2811 1627 2869 1681 δέ
2904 1645 2971 1697 γε
3001 1628 3138 1701 πρὸς
3164 1629 3225 1682 τὸ
3254 1629 3431 1700 τούτῳ
3468 1631 3724 1695 πεσόντες

2140 1719 2406 1786 ἐναντίον,
2440 1720 2537 1774 καὶ
2583 1722 2703 1784 ταῖς
2744 1720 3055 1786 ἀπειθείαις
3097 1721 3196 1794 τὴν
3224 1722 3478 1777 δοθεῖσαν
3507 1725 3727 1792 ἐντολὴν

452 1833 604 1889 illius
632 1826 941 1886 offendendi
962 1832 1143 1880 metus
1172 1795 1412 1892 idipsum
1440 1795 1661 1874 elliciet.
1696 1814 1759 1871 ln
1799 1821 2034 1885 utroque

2140 1809 2444 1884 ἐξυϐρίζειν
2466 1811 2527 1865 οὐ
2562 1807 3010 1883 παραιτούμενοι,
3045 1814 3126 1876 είς
3157 1814 3324 1884 αὐτὴν
3350 1814 3726 1885 ἁμαρτάνουσι

451 1926 599 1982 enim
630 1931 779 1979 certa
828 1917 1081 1976 utilitatis
1114 1915 1256 1970 ratio
1314 1918 1619 1984 spectatur.
1672 1908 1813 1965 Cum
1854 1915 2040 1962 autem

450 2015 552 2080 ait,
590 2031 610 2065 ι
649 2010 767 2067 Non
798 2015 885 2066 est
922 2021 1106 2064 sermo
1136 2020 1316 2069 meus,
1377 2020 1396 2053 ι
1433 2001 1858 2072 haudquaquam
1893 2007 2043 2053 certe

451 2121 557 2163 nos
579 2119 609 2159 a
631 2117 732 2159 sua
761 2113 998 2172 persona
1021 2102 1217 2152 avocat
1247 2108 1357 2164 qua
1385 2090 1627 2147 Verbum
1651 2099 1736 2146 est
1765 2104 1830 2144 ac
1855 2088 2038 2144 Deus:

452 2199 548 2255 sed
575 2197 706 2268 quia
740 2193 997 2252 servilem
1040 2189 1274 2245 formam
1310 2186 1367 2241 in
1414 2199 1476 2241 se
1523 2183 1736 2239 habens
1767 2191 1824 2237 et
1876 2180 2042 2235 homo

451 2290 616 2347 sicuti
649 2301 752 2343 nos
783 2283 1063 2341 exsistens
1080 2281 1146 2345 ⁸⁸,
1192 2279 1307 2334 haec
1345 2276 1446 2341 ait,
1503 2288 1818 2331 sermonem
1875 2285 2040 2327 suum

449 2398 565 2439 non
596 2380 719 2437 vult
756 2378 1060 2432 humanum
1104 2368 1344 2434 censeri,
1400 2364 1496 2422 sed
1535 2365 1787 2421 divinum
1846 2377 2041 2419 revera

450 2483 507 2532 et
537 2472 774 2543 regium,
802 2482 931 2525 eum
961 2463 1278 2521 necessario
1302 2460 1371 2517 ad
1409 2458 1592 2514 Patris
1625 2471 1920 2528 personam
1956 2470 2040 2511 re-

451 2565 663 2626 ferens,
705 2576 799 2626 ne,
834 2559 883 2616 si
934 2556 1184 2631 seipsum
1219 2552 1518 2615 divideret.
1553 2565 1744 2607 ansam
1776 2550 2041 2621 praeberet

451 2661 594 2716 duos
624 2656 766 2711 lilios
799 2648 1166 2720 intelligendi,
1205 2661 1335 2702 cum
1368 2652 1499 2701 ante
1537 2651 1594 2700 et
1624 2650 1753 2715 post
1789 2642 2042 2697 incarna-

450 2753 656 2807 tionem
687 2760 829 2804 uuus
859 2744 934 2802 sit
955 2741 1154 2798 Filius.
1186 2737 1347 2797 Unus
1372 2738 1523 2794 enim
1550 2744 1637 2793 est
1666 2736 1945 2800 Christus.
1973 2747 2038 2790 ac

450 2855 562 2896 non
593 2838 723 2901 duo,
763 2833 932 2891 sicuti
964 2833 1160 2888 volunt
1186 2831 1385 2902 aliqui.
1419 2829 1566 2886 Deus
1594 2830 1739 2885 enim
1763 2829 2039 2885 exsistens

451 2928 694 2985 Verbum
749 2943 818 2984 ex
857 2925 1023 2981 Patre
1057 2938 1190 2980 caro
1221 2922 1428 2977 factum
1471 2930 1578 2990 est,
1607 2921 1766 2992 juxta
1800 2918 2037 2977 Joannis

452 3035 644 3077 vocem
667 3019 737 3085 ’9,
766 3033 877 3073 non
909 3018 965 3073 in
995 3031 1164 3072 carne
1197 3019 1656 3078 transmutatum,
1681 3010 1781 3069 sed
1810 3011 2035 3082 templo,

450 3114 507 3171 id
534 3121 621 3169 est
657 3127 858 3179 carne,
883 3125 949 3167 ex
983 3117 1177 3166 sancta
1208 3107 1434 3180 Virgine
1454 3105 1563 3163 sibi
1595 3113 1901 3176 assumpto.
1949 3105 2035 3161 Ne

2142 1903 2243 1973 τὴν
2272 1904 2491 1959 πάντων
2533 1903 2783 1976 βασιλίδα
2826 1903 3012 1973 φύσιν.
3052 1900 3160 1958 Ἧν
3193 1905 3251 1958 δὲ
3277 1906 3342 1977 δὴ
3383 1905 3549 1959 πάλιν
3588 1906 3727 1960 κατὰ

2142 1995 2237 2051 δύο
2284 1998 2520 2069 τρόπους
2584 1997 2675 2052 τὸν
2737 1996 2847 2052 τῶν
2905 1997 3272 2069 ἀκροωμένων
3319 1995 3729 2068 ἀσφαλίσασθαι

2142 2086 2286 2140 νοῦν.
2334 2089 2405 2140 Ἢ
2434 2087 2543 2158 γὰρ
2570 2086 2630 2140 τὸ
2665 2086 2840 2141 θέλειν
2876 2087 3101 2158 τιμῆσαι
3130 2088 3222 2142 τὸν
3254 2088 3385 2142 Θεὸν
3421 2091 3732 2161 προτρέψαι

2143 2180 2361 2243 πάντως
2382 2181 2459 2243 εἰς
2482 2179 2814 2244 εὐπείθειαν,
2838 2179 3007 2251 ἤγουν
3031 2179 3091 2233 τὸ
3111 2179 3341 2235 δεδιέναι
3362 2182 3729 2253 προσκρούειν

2141 2270 2288 2342 αὐτῷ
2320 2271 2477 2324 τοῦτο
2500 2270 2565 2342 δὴ
2596 2271 2759 2326 πάλιν
2797 2273 3113 2343 ἐργάσεται.
3139 2269 3260 2326 Εῐσι
3286 2274 3396 2346 γὰρ
3423 2274 3491 2327 δι’
3526 2277 3729 2344 ἀμφοῖν

2139 2367 2169 2418 ό
2200 2365 2293 2417 τοῦ
2320 2364 2591 2437 χρησίμου
2613 2381 2673 2418 τε
2702 2364 2797 2420 καὶ
2822 2366 3198 2438 συμφέροντος
3221 2367 3505 2439 λογισμός.
3536 2369 3728 2437 Δέγων

2139 2458 2197 2512 δὲ
2226 2460 2306 2512 ὅτι
2359 2476 2378 2509 ι
2411 2460 2524 2511 Οὐκ
2556 2457 2704 2513 ἔστιν
2746 2459 2877 2530 ὲμδς
2906 2460 2936 2512 ὁ
2968 2458 3145 2530 λόγος,
3181 2478 3200 2512 ι
3249 2462 3373 2533 οὐχὶ
3402 2461 3469 2532 δὴ
3509 2463 3729 2524 πάντως

2138 2553 2287 2624 ἡμᾶς
2328 2550 2572 2621 ἐξίστησι
2618 2551 2713 2606 τοῦ
2776 2552 2908 2606 ἰδίου
2954 2551 3251 2624 προσώπου
3310 2554 3563 2627 καθόπερ
3614 2557 3729 2609 ἐστὶ

2139 2644 2313 2713 Λόγος
2341 2644 2434 2697 καὶ
2466 2643 2598 2707 Θεός
2628 2659 2641 2672 ’
2688 2644 2875 2715 ἐπειδὴ
2906 2644 2963 2698 δὲ
2990 2645 3090 2716 τὴν
3118 2646 3397 2717 οἰκετικὴν
3428 2646 3572 2718 ἔχων
3602 2665 3729 2720 μορμ

2141 2734 2248 2807 φὴν
2282 2734 2362 2788 ἔτι
2404 2735 2503 2789 καὶ
2544 2736 2603 2788 tv
2640 2736 2965 2808 ἀνθρωπίνῳ
3004 2738 3330 2809 φαινόμενος
3361 2741 3611 2811 σχήματι
3639 2741 3727 2793 καὶ

2141 2830 2404 2902 ὑπάρχων
2458 2829 2677 2901 ἀληθῶς
2721 2829 2849 2884 καθ’
2894 2830 3064 2901 ἡμᾶς,
3128 2828 3198 2883 τὰ
3266 2828 3496 2884 τοιαῦτά
3541 2847 3727 2901 φησιν,

2137 2923 2241 2977 οὐκ
2265 2921 2607 2993 ἀνθρώπινον
2632 2922 2725 2976 τὸν
2754 2921 2951 2976 ἑαυτοῦ
2985 2921 3224 2976 νοεῖσθαι
3259 2921 3509 2992 βούλεται
3547 2923 3725 2992 λόγον,

2137 3013 2275 3069 ἀλλά
2305 3014 2446 3069 θεῖον
2475 3014 2649 3079 ὅντως
2690 3014 2789 3069 καὶ
2816 3013 3117 3085 βασιλικὸν,
3150 3013 3525 3086 περιενεγκὼν
3554 3015 3724 3084 ἀναγ-

2138 3106 2310 3170 καίως
2340 3108 2422 3170 εἰς
2451 3105 2512 3161 τὸ
2551 3105 2646 3160 τοῦ
2679 3106 2896 3178 Πατρός
2935 3105 3250 3179 πρόσωπον,
3284 3106 3375 3160 ἵνα
3403 3105 3503 3177 μὴ,
3536 3106 3726 3161 διελὼν

447 3220 583 3278 ergo
613 3217 911 3260 numanum
940 3217 1065 3258 esse
1100 3208 1359 3272 putemus
1402 3212 1717 3256 sermonem
1744 3196 1884 3268 ejus,
1932 3211 2034 3252 nec

2140 3197 2350 3263 ἑαυτὸν,
2380 3198 2474 3253 δύο
2511 3197 2699 3253 λοιπὸν
2738 3173 2889 3262 υἱοὺς
2922 3173 3159 3252 νοεῖσθαι
3192 3173 3617 3271 παρασκευάσῃἸ
3649 3193 3725 3263 εἷς

446 3313 480 3354 a
516 3304 715 3353 natura
749 3294 937 3350 divina
987 3292 1341 3363 disciplinam
1388 3289 1768 3361 evangelicam
1816 3288 2038 3345 abstraJ

344 3411 386 3425 η-
445 3388 672 3452 hamus,
704 3384 801 3441 sed
832 3384 927 3440 Dei
962 3381 1205 3456 supremi
1252 3394 1378 3437 esse
1405 3380 1719 3443 credamus,
1769 3377 2037 3449 singulari

446 3478 685 3536 consilio
719 3484 981 3547 recteque
1006 3473 1328 3540 admodum,
1363 3480 1561 3544 utpote
1601 3486 1729 3526 cum
1755 3479 1811 3527 et
1831 3471 1897 3526 in
1934 3471 2037 3526 hu-

448 3583 615 3626 mana
647 3566 826 3623 forma
869 3573 1180 3639 appareret,
1223 3572 1437 3619 naturae
1492 3562 1693 3618 divinae
1725 3577 2036 3618 sermonem

446 3676 644 3719 rursus
674 3660 893 3724 tribuit,
919 3666 1183 3728 tanquam
1217 3658 1274 3712 in
1320 3671 1558 3728 persona
1588 3654 1685 3712 Dei
1707 3669 1774 3712 ac
1827 3654 2030 3720 Patris,

448 3770 516 3811 ex
543 3769 653 3825 quo
677 3763 732 3808 et
758 3754 812 3807 in
839 3767 951 3824 quo
982 3750 1290 3807 secundum
1317 3757 1575 3804 natu-ram
1605 3754 1710 3811 est,
1750 3755 1812 3801 ut
1845 3747 2033 3818 splen-

449 3844 552 3901 dor
579 3855 634 3900 et
668 3843 905 3900 Verbum
935 3841 1100 3913 837
1134 3839 1278 3911 ejus,
1318 3848 1375 3896 ct
1415 3840 1707 3897 character
1739 3840 1863 3911 ejus
1901 3840 2032 3896 sub-

449 3936 669 3992 stantia:
688 3935 756 3990 ⁸⁸.

2132 3289 2209 3345 ὣν
2246 3291 2412 3359 Υἱὸς,
2464 3291 2561 3345 καὶ
2600 3290 2708 3362 πρὸ
2743 3290 2844 3361 τῆς
2900 3292 3234 3362 οαρκώσεως
3281 3292 3376 3346 καὶ
3425 3292 3571 3363 μετά
3622 3294 3722 3363 τὴν

2136 3385 2432 3457 σάρκωσιν.
2458 3380 2555 3449 Εἷς
2574 3385 2684 3457 γὰρ
2705 3386 2734 3439 ὁ
2759 3384 3016 3456 Χριστὸς,
3041 3386 3138 3439 καὶ
3156 3386 3217 3439 οὐ
3241 3385 3356 3451 δύο,
3378 3386 3524 3440 κατά
3549 3404 3724 3450 τινας.

2133 3478 2267 3543 Θεὸς
2295 3478 2405 3550 7&9
2431 3476 2507 3531 ὢν
2535 3478 2564 3531 ὁ
2597 3477 2769 3545 Λόγος
2797 3479 2863 3532 ἐκ
2894 3477 3111 3549 Πατρδς
3141 3477 3335 3548 γέγονε
3375 3478 3537 3550 σὰρξ,
3587 3481 3725 3534 κατὰ

2132 3568 2233 3639 τὴν
2267 3567 2516 3623 Ἰωάννου
2541 3567 2745 3639 φωνὴν,
2776 3569 2879 3622 ούκ
2907 3569 2989 3632 εἰς
3016 3569 3196 3640 σάρκα
3216 3570 3723 3642 μεταδεδλημένος,

2131 3661 2247 3715 ἀλλ’
2278 3660 2416 3715 ἰδίαν
2440 3660 2813 3731 ποιησάμενος
2834 3661 3016 3732 σάρκα
3043 3661 3136 3715 τὸν
3156 3664 3221 3716 ὲκ
3251 3662 3350 3734 τῆς
3381 3663 3552 3731 ἁγίας
3580 3665 3724 3735 Παρ-

2130 3752 2287 3807 θένου
2339 3751 2487 3806 ναόν.
2541 3751 2660 3806 ἰνα
2704 3751 2883 3806 τοίνυν
2918 3750 2994 3823 μὴ
3024 3750 3367 3823 ἀνθρώπινον
3392 3748 3540 3807 εἶναι
3568 3754 3722 3824 νομί-

2129 3840 2316 3912 ζωμεν
2343 3840 2436 3895 τὸν
2463 3840 2624 3910 λόγον
2654 3840 2841 3908 αὐτοῦ,
2877 3841 3014 3911 μηδὲ
3044 3840 3146 3911 τῆς
3174 3841 3337 3906 θείας
3359 3842 3724 3915 ὲκστήσωμεν

2128 3933 2345 4003 φύσεως
2388 3933 2452 3987 τδ
2499 3933 2732 4004 μάθημα
2767 3933 2828 3987 τὸ
2853 3933 3232 4006 εὐαγγελικὺν,
3274 3933 3412 3989 ἀλλά
3458 3935 3603 3989 Θεοῦ
3630 3936 3725 3989 τοῦ

447 4030 543 4084 ἐπὶ
588 4028 797 4093 πάντας
836 4023 977 4082 εἶναι
1020 4026 1389 4098 πιστεύωμεν,
1435 4025 1798 4098 οἰκονομικῶς
1847 4028 1943 4080 καὶ
1982 4026 2187 4102 σφόδρα
2252 4026 2456 4092 καλῶς,
2502 4027 2599 4081 ἀτε
2642 4026 2708 4099 δὴ
2755 4027 2854 4082 καὶ
2911 4028 2971 4082 tv
3017 4027 3347 4100 ἀνθρωπίνῳ
3396 4032 3725 4103 φαινόμενος

3445 4117 3474 4142 1’

448 4121 708 4192 σχήματι,
753 4121 820 4190 τῇ
870 4118 993 4190 θείᾳ
1034 4117 1196 4188 φύσει
1233 4116 1500 4188 ἀπονέμει
1531 4119 1695 4173 πάλιν
1728 4117 1820 4171 τὸν
1848 4117 2029 4186 λόγον,
2064 4117 2141 4182 ὡς
2171 4120 2231 4172 tv
2263 4118 2544 4191 προσώπῳ
2570 4118 2667 4174 τοῦ
2706 4119 2845 4174 Θεοῦ
2893 4121 2988 4174 καὶ
3043 4120 3281 4193 Πατρὸς,
3323 4122 3382 4189 ἐξ
3415 4117 3480 4178 οὗ
3525 4124 3627 4178 καὶ
3670 4126 3726 4177 ὲν

444 4205 491 4280 ᾧ
517 4210 658 4267 κατὰ
685 4210 845 4281 φύσιν
873 4210 1042 4275 ἐστὶν,
1071 4209 1149 4275 ὡς
1182 4209 1526 4281 ἀπαύγασμα
1557 4210 1650 4263 καὶ
1675 4210 1847 4279 Λόγος
1871 4209 2040 4265 αὐτοῦ
2080 4212 2176 4266 καὶ
2204 4212 2306 4282 τῆς
2338 4213 2691 4278 ὑποστάσεως
2715 4213 2882 4267 αὐτοῦ
2909 4216 3219 4285 χαρακτήρ.

514 4302 658 4370 XIV,
682 4303 774 4367 25,
811 4302 903 4358 26.
936 4302 1063 4357 Han:
1105 4300 1313 4356 locutus
1365 4318 1482 4356 sum
1536 4302 1717 4365 vobis,
1756 4303 1897 4371 apud
1937 4318 2027 4357 vos

444 4411 687 4451 manens.
720 4392 1042 4448 Paracletus
1079 4401 1257 4447 autem
1306 4389 1543 4462 Spiritus
1594 4402 1834 4459 sanctus,
1875 4410 2027 4464 quem

2209 4304 2402 4361 Ταῦτα
2429 4304 2744 4374 λελάληκα
2769 4304 2934 4376 ὑμῖν,
2967 4306 3102 4375 παρ’
3125 4305 3270 4376 ὑμῖν
3291 4306 3520 4377 μένων.
3570 4309 3636 4364 Ὃ
3662 4310 3729 4363 δὲ

2133 4398 2524 4466 Παράκλητος
2552 4396 2619 4451 τὸ
2640 4397 2887 4467 Πνεῦμα
2921 4397 2989 4452 τὸ
3026 4398 3215 4468 ἅγιον,
3263 4399 3294 4453 ὃ
3327 4400 3561 4471 πέμ-ψει
3586 4404 3729 4473 ὑμῖν

445 4491 618 4544 mittet
644 4487 813 4542 Pater
842 4488 899 4542 in
933 4486 1146 4541 nomine
1180 4501 1316 4552 meo,
1340 4485 1432 4541 ille
1461 4502 1550 4541 uos
1581 4484 1789 4542 docebit
1820 4487 2023 4552 omnia,

2140 4491 2169 4543 ό
2211 4490 2415 4560 Πατὴρ
2448 4489 2521 4544 ἐν
2559 4488 2642 4555 τῷ
2681 4490 2928 4560 ὀνόματι
2962 4508 3104 4559 μου,
3146 4491 3376 4559 ἐκεῖνος
3423 4494 3593 4562 ὑμᾶς
3631 4498 3731 4550 δι-

444 4594 496 4639 et
527 4593 767 4655 suggeret
795 4582 940 4638 vobis
968 4581 1152 4639 omnia
1183 4596 1506 4653 quacunque
1536 4578 1723 4636 dixero
1754 4580 1922 4637 vobis.

518 4755 700 4813 Habet
727 4772 926 4813 rursus
955 4756 1049 4812 hic
1091 4771 1275 4813 sermo
1305 4757 1676 4814 humanitatis
1715 4758 2032 4828 expressio-

442 4862 596 4911 nem,
621 4855 676 4903 et
716 4863 747 4902 a
777 4857 972 4905 nostra
1004 4848 1326 4905 conditione
1351 4864 1468 4905 non
1502 4850 1802 4907 admodum
1832 4851 2027 4917 distat,

440 4942 485 4994 si
543 4939 656 4994 loci
700 4937 868 5010 hujus
927 4955 1154 4997 sensum
1205 4944 1631 5001 convenientem
1685 4954 2026 5017 spectemus.

2131 4579 2304 4646 δάξει
2333 4580 2551 4648 πάντα,
2589 4581 2690 4636 καὶ
2714 4580 3053 4652 ὑπομνήσει
3086 4584 3243 4654 ὑμᾶς
3262 4586 3463 4640 πάντα
3484 4586 3528 4641 ἁ
3554 4584 3733 4643 εἶπον

2128 4671 2264 4726 ἐγώ.

2165 4689 2357 4834 ὝΕχει
2389 4763 2552 4818 πάλιν
2576 4766 2604 4818 ὁ
2634 4764 2791 4835 λόγος
2819 4766 2881 4820 τὸ
2912 4765 3275 4841 ἀνθρώπινον,
3324 4766 3423 4819 καὶ
3450 4767 3571 4823 τῶν
3606 4768 3731 4823 καθ’

2129 4854 2277 4925 ἡμᾶς
2295 4855 2358 4909 ού
2385 4856 2507 4910 λίαν
2535 4855 2884 4928 ἀπήλλακται
2914 4857 3151 4929 μέτρων,
3178 4858 3303 4911 ὅσον
3332 4852 3473 4930 ἧκεν
3494 4859 3585 4923 εἰς
3604 4858 3732 4913 νοῦν

2126 4951 2241 5012 τοῖς
2270 4948 2657 5020 προκειμένοις
2683 4950 2776 5004 τὸν
2814 4950 3112 5023 πρέποντα.
3148 4950 3285 5005 Πότε
3312 4951 3446 5022 γὰρ,
3478 4952 3731 5020 εὐλόγως

439 5029 809 5097 Quandonam
836 5032 1007 5099 enim,
1040 5033 1258 5104 inquiet
1301 5034 1434 5105 jure
1477 5036 1707 5107 aliquis,
1749 5039 1894 5109 apud
1927 5054 2031 5095 nos

2140 5039 2248 5106 ἐρεῖ
2287 5056 2393 5103 τις,
2427 5040 2504 5107 ὡς
2530 5041 2593 5094 οὐ
2643 5041 2776 5113 παρ’
2806 5043 2940 5112 ἡμῖν
2967 5045 3115 5097 ἐστιν
3142 5042 3172 5095 ὁ
3202 5041 3463 5114 Χριστὸς,
3487 5044 3645 5097 κατά
3668 5062 3731 5110 γε

438 5123 706 5180 Christus
753 5139 867 5181 non
931 5134 1041 5192 est,
1075 5126 1303 5183 deitatis
1350 5127 1619 5185 nimirum
1677 5131 1928 5202 potentia
1967 5147 2033 5188 ac

2140 5131 2228 5201 τὴν
2268 5132 2369 5201 τῆς
2416 5132 2669 5203 θεότητος
2712 5134 2964 5207 δύναμιν,
3015 5136 3193 5189 καίτοι
3240 5134 3441 5206 πληροῖ
3495 5136 3608 5205 μὲν
3664 5138 3733 5188 τά

440 5218 688 5283 virtute,
723 5217 920 5289 implet
953 5219 1161 5291 quippe
1205 5219 1627 5287 universa,nec
1679 5222 1750 5279 ab
1806 5224 1919 5279 ulla
1970 5239 2033 5280 re

2140 5222 2330 5286 πάντα,
2356 5223 2452 5277 καὶ
2479 5225 2692 5289 οὐδενὸς
2719 5226 2785 5279 τὸ
2814 5227 3037 5298 σύμπαν
3061 5226 3355 5298 ἀποδημεῖ,
3377 5227 3651 5298 περιέπει
3674 5229 3733 5282 δὲ

442 5309 609 5378 plane
664 5309 847 5377 abest,
876 5309 971 5366 sed
1022 5310 1286 5367 ineffabili
1329 5311 1538 5367 virtute
1584 5314 1770 5383 potius
1826 5324 2029 5371 cuncta

2140 5311 2335 5382 μᾶλλον
2363 5315 2591 5389 ἀρρήτῳ
2618 5316 2867 5389 δυνάμει,
2895 5320 3000 5389 γῆν
3032 5336 3093 5372 τε
3126 5319 3222 5373 καὶ
3250 5318 3502 5391 οὐρανὸν,
3532 5320 3655 5373 τῶν
3673 5321 3732 5371 δὲ

440 5408 712 5469 permeat,
746 5409 951 5456 terram
986 5417 1049 5456 ac
1084 5402 1309 5463 coelum,
1341 5417 1448 5457 nec
1496 5402 1655 5458 abest
1703 5419 1733 5457 a
1766 5416 2026 5475 penetra-

2140 5404 2358 5460 ιδύσσου
2387 5409 2574 5479 μυχῶν
2595 5409 2695 5463 οὐκ
2718 5411 3190 5482 ἀπολιμπάνεται;
3220 5411 3327 5465 Ποῦ
3352 5411 3464 5483 7&9
3479 5411 3591 5466 οὐκ
3608 5411 3729 5465 ἔστι

443 5492 591 5567 libus
620 5494 853 5565 abyssi?
884 5491 986 5549 Ubi
1011 5493 1156 5549 enim
1188 5510 1297 5549 non
1331 5503 1418 5551 est
1460 5493 1641 5550 Deus?
1672 5494 1806 5550 Cum
1855 5497 2026 5568 igitur

2140 5499 2299 5564 Bedg;
2351 5499 2522 5556 Ὅταν
2565 5498 2658 5559 οῦν
2697 5502 2831 5578 λέγῃ
2852 5521 2866 5536 ’
2925 5522 2943 5555 ι
2975 5504 3164 5561 Ταῦτα
3193 5505 3330 5576 πρὸς
3362 5505 3513 5575 ὑμᾶς
3545 5500 3728 5567 εἶπον,

445 5584 522 5641 ait
555 5604 570 5640 :
608 5603 627 5637 ι
665 5583 791 5657 llaec
817 5586 1036 5641 locutus
1059 5600 1182 5641 sum
1202 5585 1384 5653 vobis,
1409 5586 1553 5657 apud
1583 5602 1679 5645 vos
1711 5603 1966 5656 manens,
1997 5610 2015 5643 ι

2140 5596 2260 5664 παρ’
2288 5595 2416 5666 ὑμῖν
2454 5596 2648 5662 μένων,
2681 5616 2700 5648 ι
2730 5597 2870 5651 κατὰ
2890 5596 2951 5652 τὸ
2978 5596 3317 5669 ἀνθρώπινον
3339 5595 3729 5670 ὲκληψὸμεθα.

516 5762 559 5796 ³⁷
588 5763 690 5820 lsa.
735 5777 811 5832 ιχ,
842 5762 873 5820 6
914 5779 1028 5821 sec.
1066 5763 1232 5825 LXX.
1261 5821 1265 5824 .
1299 5769 1353 5803 ³⁸
1377 5766 1610 5837 Philipp.
1654 5781 1716 5831 ιι,
1752 5769 1805 5824 τ.
1884 5770 1930 5801 ³⁹
1968 5767 2033 5825 Jo

2182 5786 2235 5837 ι,
2290 5772 2378 5827 14.
2459 5774 2502 5805 ⁵ο
2550 5775 2715 5834 llebr.
2757 5791 2804 5842 I,
2847 5776 2902 5833 5.

3833 1544 3836 1601 Α
