3892 6202
186 342 287 397 SOI

1242 339 1308 394 IN
1348 334 1636 393 IOANNIS
1668 334 2110 392 EVANGELIUM
2151 336 2277 391 LIB.
2320 334 2385 393 X.

3338 343 3439 396 509.

184 460 305 514 Kal.
356 457 586 527 ἐπείπερ
638 455 862 527 ἔμελλεν
902 454 961 520 ἐξ
1017 455 1312 527 ὀφθαλμῶν
1360 455 1611 524 γενέσθαι
1660 455 1769 507 τῶν

1882 454 2233 509 humanitatis
2284 457 2499 509 ratione
2543 454 2596 508 id
2645 454 3033 523 intelligemus.
3074 455 3138 510 Et
3172 444 3297 526 quia
3349 474 3436 512 re-

184 550 495 623 ἠμετέρων,
526 550 665 603 κατά
696 565 760 617 γε
787 548 884 619 τὴν
912 548 1089 619 σάρκα
1121 549 1283 618 φημὶ,
1320 548 1417 617 τὴν
1445 549 1504 600 ἐν
1531 548 1643 609 τοῖς
1676 547 1769 597 οὺ-

190 646 377 713 ρανοῖς
428 639 732 711 ἀποδημίαν
782 638 1153 709 στειλάμενος,
1202 639 1268 691 τά
1318 638 1548 691 τοιαῦτά
1594 652 1766 707 φησι’

181 734 287 803 τὴν
312 734 369 786 δὲ
397 731 491 784 τοῦ
530 732 831 803 μυστηρίου
860 732 1205 801 τελειοτάτην
1233 732 1325 784 καὶ
1367 729 1769 799 ἀκριϐεστάτην

185 824 324 894 ἡμῖν
346 821 687 889 ἀποκάλυψιν
706 821 797 873 διὰ
816 820 910 874 τοῦ
940 821 1297 892 Παρακλήτου
1322 819 1575 887 γενέσθαι
1599 818 1767 886 λέγει,

184 916 333 968 τοῦτ’
366 914 503 979 ἔστι,
532 912 625 966 τοῦ
655 913 814 979 ἀγίου
841 914 1157 983 Πνεύματος
1191 911 1592 975 ἀποσταλέντος
1619 910 1772 983 παρὰ

183 1009 283 1061 τοῦ
311 1006 527 1078 Πατρὺς
552 1008 643 1061 ἐπὶ
668 1006 747 1077 τῷ
769 1006 990 1077 ὀνόματι
1018 1004 1205 1069 αὑτοῦ,
1230 1004 1374 1072 λέγω
1405 1004 1469 1076 δὴ
1498 1004 1591 1057 τοῦ
1616 1004 1767 1059 Υἱοῦ.

197 1100 291 1164 Ὦς
340 1099 450 1169 γάρ
493 1099 750 1169 Χριστὸς,
798 1098 856 1150 ἐν
900 1099 1032 1168 ἡμῖν
1073 1096 1134 1150 τὸ
1177 1096 1403 1167 Πνεῦμα
1431 1097 1617 1150 αὑτοῦ.
1674 1096 1771 1147 Διά

184 1191 350 1245 τοῦτό
380 1208 562 1262 φησιν,
597 1191 678 1243 ὅτι
711 1209 729 1241 ι
753 1190 990 1252 Ἐκεῖνος
1021 1187 1222 1255 διδάξει
1250 1189 1393 1259 ὑμᾶς
1422 1189 1596 1241 πάντα
1628 1188 1663 1242 ά
1694 1182 1771 1241 εἷ-

186 1300 293 1336 πον
322 1281 450 1353 ὑμῖν
485 1282 615 1349 ἐγώ.
647 1302 665 1333 ι
709 1281 928 1352 Ἐπειδὴ
959 1270 1066 1353 γάρ
1101 1283 1216 1334 ἐστι
1263 1282 1489 1351 Πνεῦμα
1532 1280 1770 1352 Χριστοῦ

188 1374 289 1428 καὶ
313 1372 438 1435 νοῦς
468 1372 656 1436 αὑτοῦ,
692 1372 834 1426 κατὰ
860 1371 922 1425 τὸ
948 1373 1353 1443 γεγραμμένον,
1386 1372 1483 1443 οὐχ
1510 1372 1695 1441 ’έτερόν
1719 1390 1771 1425 τι

187 1465 324 1537 παρ’
359 1463 520 1518 αὐτὸν
544 1463 622 1530 ὃν,
658 1463 801 1517 κατά
832 1481 895 1531 γε
920 1462 1012 1516 τὸν
1043 1466 1099 1516 ἐν
1128 1465 1416 1534 ταυτότητι
1448 1466 1650 1534 φυσικῇ
1687 1462 1773 1514 λόο

188 1575 315 1626 γον,
355 1556 535 1611 καίτοι
582 1555 871 1627 νοούμενόν
916 1572 975 1609 τε
1025 1556 1119 1609 καὶ
1164 1556 1408 1626 ὑπάρχον
1462 1556 1627 1617 ἰδίως,
1664 1552 1772 1608 οἶδε

188 1649 374 1702 πάντα
401 1645 469 1701 τά
502 1646 559 1699 ἐν
582 1645 750 1716 αὐτῷ.
775 1645 885 1699 Καὶ
920 1645 1261 1715 μαρτυρήσει
1281 1645 1455 1712 λέγων
1477 1648 1505 1698 6
1526 1644 1737 1708 Παῦλος
1755 1661 1769 1676 ’

195 1759 216 1791 ι
239 1739 338 1803 Τίς
368 1738 477 1811 γὰρ
504 1734 613 1793 οἵδε
649 1738 720 1791 τά
760 1736 853 1791 τοῦ
887 1736 1195 1807 ἀνθρώπου,
1235 1739 1282 1790 εί
1332 1737 1406 1808 μὴ
1454 1737 1513 1789 τὸ
1557 1735 1775 1807 πνεῦμα

1870 560 2067 599 versus
2103 544 2170 597 ad
2221 547 2393 600 caelos
2442 561 2771 601 evanescere
2823 546 3056 600 debebat
3108 562 3174 600 ex
3231 550 3437 603 nostris

1871 638 2072 703 oculis,
2102 639 2249 709 quod
2285 640 2353 693 ad
2380 655 2607 696 carnem
2645 648 2878 711 spectat,
2910 641 3120 696 ideirco
3152 636 3269 697 hare
3314 645 3391 697 ait
3423 665 3436 699 :

1871 729 2123 800 mysterii
2164 745 2296 785 vero
2346 730 2809 800 perfectissimam
2862 739 2913 785 el
2967 734 3438 788 accuratissimam

1871 821 2270 876 revelationem
2302 837 2398 892 per
2420 822 2765 878 Paracletum
2795 823 2957 878 nobis
2988 823 3189 877 factam
3218 825 3314 885 ait,
3339 825 3442 878 hoc

1870 922 1956 967 est
1982 928 2077 983 per
2107 923 2361 970 sanctum
2399 913 2690 984 Spiritum,
2730 915 2822 985 qui
2864 915 3065 968 missus
3098 924 3183 970 est
3214 930 3242 967 a
3279 914 3443 968 Patre

1873 1004 1927 1057 in
1960 1005 2183 1060 nomine
2214 1005 2361 1075 ejus,
2414 1006 2466 1059 id
2501 1013 2586 1061 est
2618 1005 2762 1061 Filii.
2795 1007 2865 1061 Ut
2912 1008 3057 1059 enim
3099 1007 3353 1061 Christus
3388 1008 3440 1060 in

1873 1092 2057 1156 nobis,
2089 1094 2162 1146 ita
2192 1100 2247 1148 et
2282 1092 2525 1163 Spiritus
2558 1092 2700 1160 ejus.
2738 1094 2953 1148 Idcirco
2984 1095 3062 1146 ait
3092 1112 3103 1146 :
3138 1113 3156 1145 ι
3198 1097 3319 1163 lpse
3347 1110 3444 1149 vos

1872 1183 2097 1238 docebit
2124 1184 2309 1238 omnia
2340 1199 2464 1253 quae
2494 1198 2596 1254 ego
2625 1184 2737 1237 dixi
2772 1183 2951 1238 vobis.
2994 1203 3011 1235 ι
3048 1181 3183 1236 Nam
3216 1198 3339 1237 cum
3374 1186 3445 1238 sit

1875 1264 2087 1330 Christi
2134 1275 2378 1346 Spiritus
2405 1282 2460 1329 et
2501 1290 2656 1329 mens
2696 1274 2838 1342 ejus,
2872 1285 2931 1329 ut
2964 1276 3233 1345 scriptum
3265 1284 3350 1330 est
3376 1277 3441 1337 υ,

1874 1384 1985 1421 non
2032 1367 2181 1421 aliud
2232 1366 2492 1436 quiddam
2538 1366 2811 1421 exsistens
2865 1367 2933 1419 ab
2988 1368 3126 1435 ipso,
3176 1364 3444 1418 naturalis

1875 1458 2182 1513 identitatis
2214 1458 2598 1524 ratione,licet
2628 1459 2682 1511 in
2716 1458 2941 1527 propria
2969 1458 3248 1526 hypostasi
3278 1457 3442 1510 intel—

1875 1549 2079 1620 ligatur
2105 1564 2170 1602 ac
2209 1550 2303 1613 sit,
2331 1549 2517 1603 omnia
2556 1549 2711 1603 novit
2743 1564 2862 1617 qua:
2894 1550 2949 1601 in
2982 1563 3047 1603 eo
3092 1554 3240 1601 sunt.
3274 1547 3446 1616 Cujus

1874 1642 1955 1698 rei
2000 1642 2163 1697 testis
2207 1641 2368 1698 nobis
2394 1641 2499 1696 erit
2528 1640 2753 1704 Paulus,
2781 1640 2975 1695 dicens
3012 1659 3023 1692 :
3059 1660 3077 1693 ι
3112 1639 3250 1707 Quis
3298 1641 3444 1693 enim

1876 1733 1984 1789 scit
2007 1748 2135 1804 quae
2179 1741 2314 1787 sunt
2348 1732 2615 1795 hominis,
2661 1734 2767 1787 nisi
2798 1733 3032 1802 spiritus
3078 1731 3319 1786 hominis
3349 1731 3441 1799 qui

186 1831 286 1884 τοῦ
318 1821 603 1900 ἀνθρώπου
629 1831 690 1883 τὸ
717 1829 779 1883 ὃν
808 1832 867 1883 ὲν
892 1830 1069 1901 αύτῷς
1121 1831 1275 1883 υῦτω
1306 1831 1399 1883 καὶ
1424 1828 1492 1882 τά
1519 1829 1610 1882 τοῦ
1638 1829 1772 1883 Θεοῦ

1882 1826 1932 1880 in
1963 1828 2087 1895 ipso
2112 1828 2235 1881 est?
2260 1826 2339 1881 lta
2370 1833 2424 1882 et
2471 1842 2595 1897 qum
2644 1827 2738 1880 Dei
2781 1834 2929 1888 sunt,
2964 1840 3126 1879 nemo
3166 1825 3443 1895 cognovit,

188 1912 371 1984 οὐδεὶς
396 1921 652 1989 ἔγνωκεν,
685 1923 732 1975 εί
767 1923 841 1992 μὴ
876 1922 937 1974 τὸ
965 1920 1189 1991 Πνεῦμα
1215 1919 1308 1974 τοῦ
1346 1918 1500 1974 Θεοῦ.
1539 1919 1770 1983 Οὐκοῦν,

192 2013 272 2075 ὼς
317 2011 454 2076 είδὸς
482 2012 551 2065 τὰ
582 2012 640 2065 ἐν
671 2016 735 2083 τῇ
769 2012 1017 2082 βουλήσει
1047 2012 1140 2067 τοῦ
1182 2006 1550 2081 Μονογενοῦς,
1596 2012 1775 2066 πάντα

195 2103 332 2172 ἡμῖν
362 2092 671 2171 ἀναγγέλει,
717 2103 817 2156 ούκ
846 2105 910 2156 ἐκ
942 2101 1231 2175 μαθήσεως
1262 2101 1383 2173 ἔχον
1412 2100 1512 2173 τὴν
1545 2103 1772 2173 εἴδησιν,

195 2192 287 2246 ἵνα
320 2194 393 2264 μὴ
422 2194 682 2265 φαίνηται
708 2193 954 2247 διακόνου
977 2192 1127 2259 τάξιν
1150 2193 1505 2265 ἀποπληροῦν
1535 2194 1627 2247 καὶ
1648 2195 1775 2257 τοὺς

192 2283 387 2353 ἐτέρου
423 2282 583 2353 τυχὸν
614 2282 1029 2354 διαπορθμεύων
1064 2283 1275 2352 λόγους,
1310 2284 1423 2337 ἀλλ’
1448 2283 1524 2347 ὼς
1557 2283 1775 2354 πνεῦμα

191 2371 486 2442 ἀνθρώπου
518 2372 615 2442 (1),
650 2371 901 2442 καθάπερ
930 2372 1133 2442 ἀρτίως
1156 2373 1478 2444 εἰρήκαμεν,
1514 2374 1608 2426 καὶ
1638 2372 1776 2437 είδὸς

191 2461 491 2524 ἀδιδάκτως
520 2462 695 2515 πάντα
726 2462 793 2516 τὰ
823 2462 881 2528 ἐξ
913 2452 972 2517 οῦ
999 2463 1093 2515 καὶ
1125 2465 1181 2517 ἐν
1208 2457 1357 2534 ᾧπέρ
1387 2466 1525 2527 ἐστι,
1556 2464 1626 2517 τά
1656 2464 1776 2519 θεῖα

190 2553 311 2613 τοῖς
353 2549 530 2617 ἁγίοις
556 2550 933 2604 ἀποκαλύπτει
970 2552 1269 2622 μυστήρια,
1302 2553 1550 2623 καθάπερ
1583 2553 1775 2623 ἀμέλει

192 2642 293 2696 καὶ
320 2642 349 2695 6
373 2640 709 2712 ἀνθρώπινος
736 2642 861 2706 νοῦς
891 2641 1070 2695 πάντα
1094 2643 1379 2711 γινώσκων
1411 2643 1480 2695 τά
1512 2645 1571 2695 ἐν
1604 2644 1776 2714 αὐτῷ,

192 2735 435 2788 διακονεῖ
460 2734 595 2803 πρὸς
625 2734 687 2787 τὸ
721 2734 846 2801 ἔξω,
877 2734 1022 2805 λόγῳ
1052 2735 1215 2805 τυχὸν
1244 2735 1324 2805 τῷ
1355 2735 1677 2807 προφορικῷ
1708 2737 1778 2791 τά

194 2825 483 2896 θελήματα
525 2828 624 2896 τῆς
656 2826 857 2896 ψυχῆς,
897 2818 965 2899 ἦς
988 2827 1228 2879 ἐστικαὶ
1260 2826 1402 2891 νοῦς,
1450 2828 1635 2898 ἕτερον
1678 2828 1777 2898 μέν

192 2937 251 2972 τι
286 2922 419 2990 παρ’
449 2918 619 2989 αὐτὴν
646 2921 767 2981 ταῖς
792 2919 1058 2981 ἐπινοίαις
1084 2917 1358 2989 ὁρώμενός
1383 2936 1442 2970 τε
1472 2919 1565 2971 καὶ
1587 2920 1777 2987 ὀνομαο

194 3011 445 3082 ζόμενος,
471 3011 656 3080 ἕτερος
684 3011 740 3063 δὲ
768 3010 910 3063 κατά
930 3010 1089 3079 φύσιν
1114 3011 1214 3063 οὐκ
1232 3010 1328 3074 ὢν,
1358 3010 1472 3063 ἀλλ’
1494 3011 1568 3074 ὡς
1591 3010 1777 3082 μόριον

192 3103 294 3155 τοῦ
325 3102 525 3165 παντὸς
554 3101 1014 3173 συμπληρωτικὸν
1043 3104 1101 3155 ἐν
1128 3101 1266 3173 αὐτῇ
1298 3118 1358 3154 τε
1390 3103 1651 3173 ὑπάρχον,
1682 3103 1777 3155 καλ¹

1874 1921 1980 1975 nisi
2011 1919 2257 1990 Spiritus
2287 1920 2379 1971 Dei
2404 1919 2470 1972 “.
2499 1938 2517 1968 ι
2554 1917 2825 1983 Quocirca
2861 1926 2920 1971 ut
2962 1917 3057 1986 qui
3085 1917 3238 1971 novit
3260 1917 3444 1969 omnia

1875 2028 1997 2080 qua:
2025 2021 2156 2065 sunt
2199 2013 2255 2064 in
2286 2012 2567 2065 voluntate
2602 2008 2902 2079 Unigeniti,
2934 2007 3117 2060 omnia
3153 2006 3313 2060 nobis
3348 2021 3448 2059 an-

1876 2102 2117 2162 nuntiat,
2151 2114 2258 2153 non
2284 2099 2581 2167 disciplina
2609 2106 2985 2167 comparatam
3021 2094 3306 2150 scientiam
3345 2095 3445 2148 ha—

1878 2193 2035 2259 bens,
2075 2206 2145 2246 ne
2177 2191 2417 2246 ministri
2446 2192 2619 2244 vicem
2670 2191 2897 2260 implere
2932 2189 3180 2243 videatur
3209 2196 3263 2241 et
3312 2190 3450 2240 alte-

1876 2285 1995 2339 rius
2047 2298 2329 2338 sermones
2372 2281 2608 2343 deferre,
2655 2283 2747 2335 sed
2798 2290 2857 2334 ut
2908 2282 3135 2350 spiritus
3187 2279 3445 2342 hominis,

1877 2375 2045 2431 sicuti
2078 2374 2240 2428 modo
2271 2372 2540 2435 diximus,
2574 2379 2627 2425 et
2656 2371 2749 2439 qui
2784 2372 2923 2424 citra
2947 2371 3193 2424 doctoris
3225 2384 3446 2439 Operam

1879 2465 2034 2520 novit
2065 2467 2249 2519 omnia
2292 2479 2411 2534 qua:
2458 2470 2589 2517 sunt
2620 2462 2742 2531 ejus
2775 2477 2843 2516 ex
2888 2478 2998 2531 quo
3024 2471 3080 2516 et
3114 2462 3168 2515 in
3201 2477 3311 2530 quo
3339 2470 3445 2516 est.

1878 2556 2065 2611 divina
2103 2557 2314 2611 sanctis
2346 2557 2551 2610 revelat
2583 2554 2869 2625 mysteria,
2901 2554 3065 2608 sicuti
3100 2554 3358 2608 nimirum
3396 2564 3468 2635 et.

1878 2665 2036 2703 mens
2081 2649 2321 2703 humana
2352 2649 2538 2703 ‘omnia
2580 2663 2701 2717 quae
2748 2648 2802 2700 in
2832 2662 2891 2701 se
2941 2656 3070 2701 sunt
3113 2662 3445 2715 agnoscens,

1879 2739 2230 2794 enuntiativo
2248 2740 2416 2794 verbo
2439 2747 2496 2792 ut
2516 2738 2663 2794 foras
2689 2739 2903 2793 emittat
2921 2740 3227 2794 voluntates
3255 2741 3449 2794 animm

1882 2831 2187 2892 ministrat,
2221 2830 2379 2901 cujus
2407 2838 2491 2885 est
2522 2832 2688 2885 etiam
2739 2844 2917 2892 mens,
2953 2830 3103 2884 aliud
3131 2831 3352 2899 quidem
3381 2832 3449 2884 ab

1882 2923 2003 2991 ipsa
2038 2922 2265 2977 nomine
2314 2932 2368 2977 et
2410 2931 2704 2992 conceptu,
2733 2921 2830 2977 sed
2864 2920 2969 2974 alia
3014 2922 3315 2976 secundum
3351 2938 3449 2975 na-

1882 3024 2064 3068 turam
2096 3030 2204 3068 non
2236 3014 2537 3077 exsistens,
2568 3015 2664 3070 sed
2692 3030 2814 3084 qua:
2840 3014 3008 3069 veluti
3044 3030 3172 3083 pars
3206 3015 3451 3082 comple-

1883 3107 1993 3160 tiva
2027 3106 2199 3161 totius
2228 3106 2284 3159 in
2311 3121 2374 3160 ea
2400 3107 2641 3171 exsistit,
2667 3114 2723 3159 et
2748 3122 2814 3160 ex
2844 3121 2906 3159 ea
2936 3106 3157 3175 prodire
3182 3105 3447 3159 creditur.

194 3194 258 3258 ἐξ
292 3195 462 3265 αὐτῆς
493 3194 827 3263 ἀναφύεσθαι
854 3195 1266 3265 πιστευόμενον.
1322 3194 1491 3267 ’Υπὲρ
1527 3196 1583 3249 δὲ
1621 3197 1779 3249 τοῦτο

1882 3197 2049 3268 838
2070 3198 2235 3267 Atqui
2259 3197 2441 3251 divina
2467 3207 2522 3251 et
2550 3197 2846 3251 ineﬂabilis
2877 3206 3070 3250 natura
3103 3212 3267 3267 supra
3306 3198 3449 3250 istud

191 3287 367 3341 ’ὶάλιν
410 3288 444 3356 ἡ
496 3286 615 3340 θεία
668 3303 726 3339 τε
779 3287 873 3340 καὶ
921 3287 1160 3358 άρῤητος
1198 3285 1380 3355 φύσις.
1436 3287 1624 3357 Μικρά
1670 3287 1780 3359 γὰρ

197 3379 356 3430 ’πᾶσα
380 3376 839 3448 παραδειγμάτων
863 3378 1036 3449 ἰσχὺς,
1068 3377 1171 3431 κᾶν
1196 3378 1284 3432 διὰ
1316 3378 1526 3431 λεπτῶν
1552 3379 1780 3450 ἔρχηται

198 3470 399 3538 λόγων.
446 3469 657 3523 Οὐκοῦν
688 3471 721 3539 ἡ
754 3466 933 3523 τελεία
968 3470 1205 3540 μάθησις
1230 3468 1319 3523 διὰ
1342 3468 1436 3522 τοῦ
1467 3471 1781 3540 Πνεύματος

197 3563 315 3622 τοῖς
341 3561 515 3627 ἁγίοις
544 3561 868 3615 ἐντίκτεται.
900 3562 1009 3615 Καὶ
1039 3560 1172 3629 γοῦν
1200 3562 1228 3614 6
1256 3560 1540 3624 θεσπέσιος
1570 3561 1782 3625 Παῦλος

200 3652 513 3706 ἐπιστέλλει
560 3654 696 3724 πρός
749 3671 900 3717 τινας
924 3670 939 3684 ·
997 3672 1015 3706 ι
1043 3653 1218 3722 Κάγὼ
1259 3654 1497 3717 ἀκούσας
1538 3655 1633 3723 τὴν
1663 3654 1784 3707 καθ’

203 3745 355 3813 ὑμᾶς
374 3744 555 3797 πίστιν
582 3746 640 3796 ἐν
668 3743 745 3814 τῷ
778 3742 967 3815 Κυρίῳ
1000 3743 1195 3814 Ἰησοῦ,
1222 3745 1318 3798 καὶ
1344 3744 1442 3814 τὴν
1474 3748 1552 3805 είς
1577 3743 1785 3804 πάντας

200 3834 336 3895 τοὺς
364 3834 549 3902 ἁγίους
579 3832 830 3905 ἀγάπην,
882 3833 944 3885 οὐ
989 3833 1233 3904 παύομαι
1278 3834 1613 3903 εὐχαριστῶν
1647 3832 1785 3903 ὑπὲρ

205 3924 386 3995 ὑμῶν,
438 3924 629 3994 μνείαν
662 3923 983 3994 ποιούμενος
1029 3924 1121 3976 ἐπὶ
1162 3923 1271 3976 τῶν
1307 3920 1623 3994 προσευχῶν
1660 3938 1782 3991 μου,

208 4012 299 4065 ἵνα
325 4014 353 4065 6
380 4012 513 4075 Θεὸς
542 4011 637 4064 τοῦ
664 4012 870 4083 Κυρίου
899 4011 1055 4082 ἡμῶν
1098 4012 1272 4081 Ἰησοῦ
1307 4011 1566 4082 Χριστοῦ,
1614 4012 1642 4063 6
1673 4012 1785 4065 Πα-

205 4104 313 4174 τὴρ
332 4102 432 4172 τῆς
454 4101 629 4171 δόξης,
654 4101 762 4174 δῴη
784 4104 911 4174 ὑμῖν
935 4102 1158 4174 Πνεῦμα
1181 4103 1371 4173 σοφίας
1396 4105 1489 4157 καὶ
1516 4102 1788 4156 ἀποκαλύ-

204 4198 356 4265 ψεως
384 4198 442 4249 ἐν
462 4192 753 4263 ἐπιγνώσει
774 4194 961 4260 αὐτοῦ,
984 4195 1432 4265 πεφωτισμένους
1447 4196 1572 4257 τοὺς
1592 4194 1788 4263 ὀφθαλ-

214 4287 352 4357 μοὺς
393 4287 493 4357 τῆς
521 4286 768 4355 καρδίας,
817 4289 898 4350 εἰς
937 4286 998 4339 τὸ
1031 4286 1229 4339 εἰδέναι
1261 4288 1403 4357 ὑμᾶς
1453 4286 1538 4348 τίς
1570 4288 1717 4339 ἐστιν
1754 4286 1788 4355 ἡ

211 4380 370 4441 ἐλπὶς
416 4378 517 4449 τῆς
562 4377 807 4448 κλήσεως
838 4377 1025 4442 αὑτοῦ,
1080 4379 1175 4432 καὶ
1221 4379 1305 4440 τίς
1347 4380 1375 4430 6
1418 4377 1644 4440 πλοῦτος
1688 4378 1791 4447 τῆς

210 4471 373 4541 δόξης
405 4471 497 4541 τῆς
524 4470 889 4542 κληρονομίας
934 4470 1101 4525 αὐτοῦ
1132 4473 1189 4524 ἐν
1216 4473 1328 4533 τοῖς
1358 4470 1552 4537 ἁγίοις,
1600 4471 1694 4522 καὶ
1737 4470 1789 4521 τί

210 4532 649 4634 τὸϋύῐπερδάλλονΙ
669 4532 895 4633 μέγεθος
918 4564 1016 4634 τῆς
1041 4564 1321 4633 δυνάμεως
1352 4532 1523 4614 αῦτοῦ
1540 4532 1621 4623 εἰς
1643 4562 1789 4632 ἡμᾶς
1820 4532 1865 4587 D

213 4656 344 4715 τοὺς
373 4652 747 4716 πιστεύοντας,
793 4652 935 4707 κατὰ
964 4654 1062 4724 τὴν
1088 4654 1368 4724 ἐνέργειαν
1396 4654 1462 4723 ἢν
1491 4654 1792 4723 ἐνήργηκεν

212 4746 273 4799 ἐν
295 4744 377 4814 τῷ
397 4745 641 4815 Χριστῷ,
663 4747 883 4816 ἐγείρας
912 4747 1073 4800 αὐτὸν
1099 4748 1161 4799 ἐκ
1183 4747 1414 4817 νεκρῶν,
1443 4748 1536 4799 καὶ
1563 4747 1793 4809 καθίσας

214 4838 274 4889 ἐν
312 4837 464 4907 δεξιᾷ
497 4838 662 4891 αὑτοῦ
690 4840 747 4891 ἐν
775 4841 887 4901 τοῖς
915 4840 1279 4909 ἐπουρανίοις,
1331 4838 1585 4908 ὑπεράνω
1613 4838 1793 4908 πάσης

227 4930 451 5000 Ἀρχῆς,
502 4931 596 4982 καί
635 4931 935 4995 Ἐξουσίας,
983 4933 1075 4985 καὶ
1104 4933 1414 5001 Δυνάμεως,
1462 4932 1556 4985 καὶ
1594 4932 1794 5003 Κυριό-

213 5037 401 5090 τητος,
446 5022 540 5074 καὶ⁹
566 5022 767 5086 παντὸς
800 5022 1062 5091 ὀνόματος
1089 5024 1509 5094 ὀνομαζομένου,
1540 5024 1600 5076 ού
1635 5024 1794 5093 μόνον

215 5112 276 5162 ὲν
301 5110 382 5180 τῷ
421 5110 579 5163 αἰῶνι
605 5112 800 5181 τούτῳ,
835 5113 971 5166 ἀλλά
1012 5114 1108 5167 καὶ
1138 5115 1195 5166 ἐν
1222 5114 1299 5185 τῷ
1331 5114 1595 5183 μέλλοντι.
1630 5134 1647 5166 ι
1706 5116 1796 5167 Ἐν

216 5201 326 5273 γάρ
352 5204 418 5271 τῇ
448 5202 556 5254 τῶν
582 5203 838 5256 τοιούτων
867 5204 1205 5274 ἀποκαλύψει
1236 5205 1322 5258 διὰ
1354 5204 1448 5258 τοῦ
1480 5205 1796 5275 Πνεύματος

217 5296 278 5345 ἐν
322 5295 459 5361 ἡμῖν
506 5295 835 5365 ἀπορρήτως
862 5295 1248 5367 ἐνεργουμένη,
1292 5297 1391 5364 τῆς
1428 5295 1563 5365 μετὰ
1597 5295 1797 5365 σαρκὸς

217 5385 535 5454 οίκονομίας
561 5386 627 5438 τὸ
654 5386 815 5455 βάθος
836 5387 928 5439 καὶ
954 5385 1046 5440 τοῦ
1073 5386 1457 5456 κεκρυμμένου
1495 5388 1793 5456 μυστηρίου

217 5480 315 5550 τὴν
364 5480 595 5549 δύναμιν
647 5479 977 5551 θεωροῦμεν.
1048 5481 1171 5532 Ὅτι
1218 5480 1275 5531 δὲ
1327 5480 1425 5549 τὴν
1487 5480 1649 5531 αὐτοῦ
1700 5480 1793 5532 τοῦ

286 5616 330 5646 δ’
373 5614 391 5667 l
434 5616 585 5674 Petr.
623 5632 678 5680 ι,
726 5616 812 5670 il.
890 5616 934 5647 δ’
974 5613 1153 5671 lCor.
1208 5633 1292 5683 ιι,
1336 5617 1423 5669 Η.

1883 3289 2043 3358 longe
2075 3288 2259 3357 posita
2302 3294 2407 3342 est.
2454 3284 2554 3341 Vis
2603 3286 2749 3341 enini
2794 3287 3171 3355 exemplorum
3221 3287 3289 3340 ad
3331 3300 3449 3339 eam

1881 3379 2263 3449 explicandam
2320 3377 2593 3432 imbecilla
2662 3392 2893 3447 prorsus
2940 3388 3044 3443 est,
3096 3380 3452 3447 quantumvis

1885 3469 2183 3525 subtilibus
2216 3468 2403 3524 verbis
2434 3468 2755 3523 eﬂ’erantur.
2792 3465 2967 3539 Igitur
3007 3468 3249 3539 perlecta
3280 3470 3452 3524 disci-

1884 3563 2034 3632 plina
2063 3577 2159 3631 per
2190 3556 2454 3630 Spiritum
2494 3560 2549 3614 in
2586 3562 2797 3617 sanctis
2826 3562 3091 3632 gignitur.
3128 3560 3283 3616 Unde
3315 3556 3454 3616 Pau-

1886 3655 1973 3708 lus
2019 3654 2110 3707 ille
2141 3652 2365 3707 divinus
2406 3652 2475 3706 ad
2507 3654 2805 3707 nonnullos
2842 3652 3073 3707 scribit:
3104 3671 3121 3703 ι
3161 3651 3451 3721 Propterea

1886 3754 1940 3799 et
1970 3759 2072 3813 ego
2107 3744 2339 3799 audiens
2370 3743 2527 3797 tidem
2574 3752 2837 3807 vestram,
2865 3759 2990 3812 quae
3032 3749 3116 3797 est
3149 3742 3203 3796 in
3237 3741 3456 3797 Christo

1886 3833 2040 3897 Jesu,
2076 3840 2131 3887 et
2158 3827 2505 3887 dilectionem
2545 3830 2599 3885 in
2630 3846 2821 3885 omnes
2877 3842 3123 3897 sanctos,
3155 3847 3265 3885 non
3296 3846 3457 3886 cesso

1891 3923 2104 3995 gratias
2150 3939 2319 3994 agens
2352 3939 2453 3993 pro
2479 3922 2658 3987 vobis,
2697 3924 3019 3977 memoriam
3049 3924 3219 3977 vestri
3251 3921 3458 3977 faciens

1888 4017 1945 4071 in
1977 4016 2328 4070 orationibus
2371 4014 2527 4079 meis,
2569 4023 2628 4067 ut
2674 4008 2819 4068 Deus
2861 4014 3069 4068 Domini
3112 4016 3289 4070 nostri
3328 4011 3456 4069 Jesu

1889 4106 2124 4169 Christi,
2157 4105 2322 4160 Pater
2349 4106 2557 4176 gloriae,
2589 4106 2682 4160 det
2705 4105 2859 4159 vobis
2882 4105 3151 4174 Spiritum
3180 4106 3460 4174 sapientiae

1889 4208 1944 4255 et
1994 4197 2376 4263 revelationis,
2424 4198 2479 4251 in
2544 4198 2826 4267 agnitione
2892 4197 3018 4265 ejus
3066 4216 3079 4249 :
3123 4197 3460 4251 illuminatos

1892 4293 2087 4347 oculos
2121 4291 2312 4345 cordis
2334 4290 2526 4351 vestri,
2565 4298 2623 4342 ut
2655 4288 2850 4343 sciatis
2891 4303 3012 4357 qua:
3045 4288 3116 4341 sit
3143 4303 3270 4354 spes
3303 4303 3459 4342 voca-

1893 4383 2060 4438 tionis
2095 4382 2238 4451 ejus,
2270 4389 2323 4437 et
2354 4396 2476 4451 qua:
2504 4380 2711 4435 divitiae
2738 4380 2925 4451 gloriae
2972 4379 3307 4435 haereditatis
3340 4380 3461 4448 ejus

1895 4476 1949 4529 in
1991 4475 2222 4538 sanctis,
2272 4482 2327 4528 et
2374 4489 2494 4543 quae
2552 4475 2624 4527 sit
2670 4472 3091 4543 supereminens
3140 4472 3461 4542 magnitudo

1895 4565 2113 4620 virtutis
2146 4564 2269 4634 ejus
2306 4564 2361 4618 in
2392 4578 2494 4619 nos
2524 4564 2615 4632 qui
2649 4564 2949 4623 credimus,
2990 4560 3298 4617 secundum
3333 4576 3461 4631 ope-

1890 4660 2162 4713 rationem
2195 4658 2453 4728 potentiae
2475 4658 2701 4711 virtutis
2729 4656 2873 4725 ejus,
2895 4669 3058 4725 quam
3094 4664 3355 4725 operatus
3377 4664 3461 4709 est

1891 4752 1947 4804 in
1983 4750 2231 4813 Christo,
2263 4750 2543 4804 suscitans
2596 4745 2746 4801 illum
2798 4762 2828 4799 a
2864 4744 3120 4810 mortuis,
3156 4755 3209 4800 et
3248 4747 3462 4801 consti-

1893 4851 2055 4897 tuens
2106 4840 2173 4894 ad
2237 4841 2516 4895 dexteram
2571 4854 2726 4894 suam
2784 4839 2839 4892 in
2902 4837 3250 4903 caelestibus,
3299 4854 3461 4908 supra

1896 4947 2113 4989 omnem
2149 4931 2553 5001 Principatum,
2580 4937 2634 4985 et
2680 4924 3042 4995 Potestatem,
3072 4937 3127 4985 et
3169 4928 3460 4991 Virtutem,

1893 5031 1947 5079 et
1977 5022 2441 5085 Dominationem,
2471 5028 2527 5076 et
2575 5036 2738 5075 omne
2768 5034 2968 5075 nomen
3021 5020 3167 5091 quod
3215 5021 3466 5074 nomina-

1893 5122 2004 5180 tur,
2036 5128 2142 5167 non
2178 5112 2353 5167 solum
2408 5113 2462 5166 in
2511 5112 2616 5165 hoc
2675 5111 2900 5175 szeculo,
2927 5111 3024 5166 sed
3058 5113 3223 5167 etiam
3275 5113 3330 5165 in
3381 5111 3465 5163 fu-

1893 5214 2019 5259 turo
2043 5206 2108 5259 ⁸³.
2153 5223 2171 5256 ι
2204 5205 2265 5258 ln
2303 5204 2537 5259 istorum
2583 5204 2784 5259 etenim
2832 5204 3171 5259 revelatione
3209 5218 3331 5273 quae
3370 5219 3465 5271 per

1895 5298 2161 5369 Spiritum
2196 5299 2252 5353 in
2299 5298 2460 5353 nobis
2490 5298 2792 5369 perﬁcitur,
2830 5298 3227 5352 incarnationis
3278 5297 3465 5350 altitu-

1897 5390 2083 5459 dinem
2113 5398 2167 5444 et
2196 5389 2503 5445 absconditi
2533 5392 2782 5461 mysterii
2811 5391 2918 5445 vim
2954 5400 3283 5461 spectamul.
3309 5387 3467 5453 Quod

1902 5490 2085 5535 autem
2126 5480 2300 5550 ipsius
2334 5481 2543 5536 Christi
2580 5484 2926 5552 prmsentiam
2962 5492 3017 5538 et
3059 5483 3319 5541 virtutem
3370 5481 3471 5535 ini-

1504 5616 1550 5647 ⁸³
1588 5615 1786 5688 Ephes.
1832 5634 1880 5683 ι,
1916 5619 2113 5675 iii—2i.

286 5772 368 5841 (Ι)
409 5770 535 5836 Ed.,
566 5769 752 5837 αὐτοῦ,
776 5771 912 5840 ejus,
947 5773 1092 5843 quod
1120 5770 1273 5827 ﬂuxit
1297 5786 1362 5827 ex
1395 5770 1802 5828 abbreviatione
1839 5771 2168 5844 descriptori
2203 5773 2343 5830 male
2375 5774 2671 5830 intellecta.
2717 5775 2873 5829 Eutr.
