3892 6202
427 397 533 453 305
1449 385 1508 437 S.
1548 377 1825 436 CYRILLI
1862 367 2332 430 ALEXANDRINI
2373 364 2696 422 ARCIIIE’P.
3589 355 3699 408 504

430 519 574 590 pleat
605 514 849 586 Spiritus
877 511 1022 582 ejus,
1050 510 1108 564 in
1150 506 1360 564 sanctis
1388 502 1730 566 inhabitans,
1771 509 1822 555 et
1865 513 1967 551 cun

2166 489 2349 564 ριστοῦ
2401 485 2711 559 παρουσίαν
2758 499 2817 534 τε
2867 481 2960 534 καὶ
3012 478 3244 547 δύναμιν
3291 475 3596 544 ἀναπληροῖ
3637 473 3700 525 τὸ

2230 585 2253 590 ..
2431 583 2442 590 .
2521 580 2546 590 .-
2682 579 2704 590 .ν
2775 577 2789 590 ο
2847 573 2859 590 ο
2977 575 2990 590 v
3130 570 3214 590 _",
3272 569 3360 590 --.Α
3402 568 3488 590 _.'._
3512 584 3572 590 __
3623 565 3669 590 ἓ.

431 565 573 590 r-v'"
608 565 843 586 ~r~—--—-
886 565 925 582 τ.
986 565 1022 577 ν,
1718 565 1724 566 ,

431 622 517 664 cta
571 610 766 664 doceat
813 617 1160 676 quaecunque
1210 603 1328 672 ipse
1372 598 1441 652 ad
1482 613 1586 652 nos
1635 597 1856 649 loculus
1902 606 1962 645 es

2167 585 2339 655 νεῦμα
2387 580 2573 642 αὑτοῦ,
2618 579 2732 640 τοῖς
2767 573 2942 643 ἁγίοις
2975 570 3237 636 ἐνοικοῦν,
3271 569 3366 622 καὶ
3398 568 3576 620 πάντα
3621 565 3701 617 δι-

2554 671 2624 676 ”
2701 667 2849 676 ““⁶“
3085 663 3100 676 ⁵
3180 663 3194 676 ¹
3263 662 3287 675 ο
3431 658 3701 676 ἐκποίηρ.

1025 658 1209 750 secius
1233 658 1398 745 nobis
1435 685 1760 758 explicabit,
1785 684 1968 738 dicens

2167 682 2306 732 ὶσκει
2337 676 2482 745 άπερ
2508 671 2670 732 αὐτὸς
2701 667 2968 735 λελάληκε
3007 663 3143 735 πρὸς
3169 662 3340 733 ἡμᾶς,
3373 658 3538 710 πάλιν
3568 659 3704 726 ἡμῖν

441 816 457 844 ι
502 791 676 860 Hujus
707 790 786 844 rei
811 789 992 860 gratia
1022 785 1181 841 ﬂecto
1221 799 1396 856 genua
1423 796 1542 835 mea
1575 778 1642 833 ad
1676 777 1918 838 Patrem,
1947 789 1976 828 e

2168 771 2267 823 ιδέν
2285 764 2446 841 ἦττον
2474 767 2502 818 ὁ
2532 761 2742 823 Παῦλος
2767 758 3017 828 σαφηνιεί
3037 755 3212 823 λέγων
3237 767 3254 784 ο
3289 750 3522 859 (Τούτου
3543 749 3705 818 χάριν

441 833 457 844 “
502 833 675 860 ἰυδυυ
709 833 786 844 -ν-
811 833 992 860 διν--η-
1023 833 1176 841 "vv"
1221 833 1396 856 o—--—-~
1488 833 1539 835 -ρ
1907 833 1915 838 .

435 900 546 954 quo
573 884 759 937 omnis
791 881 1094 951 paternitas
1126 879 1180 932 in
1215 876 1373 932 caelis
1405 883 1459 928 et
1487 874 1541 927 in
1574 880 1724 926 terra
1756 870 1972 924 nomina

2170 833 2360 933 ὶμπτιυ
2387 857 2455 911 τὰ
2483 854 2688 925 γόνατά
2721 869 2822 923 μου
2849 850 2981 921 πρὸς
3004 847 3095 901 τὸν
3118 844 3355 915 Πατέρα,
3381 841 3441 907 ἐξ
3463 833 3525 894 οὗ
3555 841 3707 893 πᾶσα

440 931 542 954 .,.--
578 931 757 937 --------
792 931 1088 951 τρνωρπ
1150 931 1155 932 ,
1262 931 1267 932 γ
1360 931 1363 932 ν

440 989 551 1040 tur,
581 987 637 1029 ut
676 975 768 1029 det
787 974 948 1028 vobis
979 971 1286 1027 secundum
1315 967 1538 1022 divitias
1559 965 1748 1036 gloria:
1772 976 1885 1016 suae
1909 962 1977 1013 vii

2174 931 2330 1024 ιιτριά
2369 949 2426 1004 ἐν
2471 966 2531 1001 τε
2577 943 2791 1018 οὐρανῷ
2820 942 2916 996 καὶ
2964 940 3059 993 ἐπὶ
3087 938 3191 1008 γῆς
3225 934 3574 1006 ὀνομάζεται,
3620 931 3711 984 ἵνα

440 1075 555 1121 tute
593 1065 948 1119 corroborari
995 1079 1088 1132 per
1121 1059 1388 1130 Spiritum
1425 1057 1548 1125 ejus
1595 1055 1649 1107 in
1696 1052 1977 1106 interiore:

2165 1047 2233 1117 ρη
2258 1046 2386 1114 ὑμῖν
2414 1039 2556 1095 κατά
2595 1039 2685 1092 τὸν
2727 1035 2956 1088 πλοῦτον
2991 1032 3090 1102 τῆς
3122 1028 3279 1101 δόξης
3312 1027 3537 1097 δυνάμει
3569 1042 3702 1096 κρα-

442 1158 742 1221 hominem,
775 1156 1060 1209 Christum
1115 1151 1366 1206 habitare
1402 1163 1497 1218 per
1531 1145 1690 1200 Iidem
1736 1144 1792 1196 in
1837 1140 1979 1195 cordi

2164 1140 2421 1210 αιωθῆναι
2448 1135 2538 1190 διὰ
2573 1134 2668 1188 τοῦ
2698 1131 3014 1199 Πνεύματος
3048 1125 3212 1181 αὐτοῦ
3240 1126 3320 1188 είς
3352 1123 3442 1176 τὸν
3477 1121 3585 1173 ἔσω
3613 1121 3701 1174 ἇν-

444 1249 546 1300 bus
582 1247 783 1301 vestris
818 1263 831 1298 :
863 1245 918 1299 in
968 1244 1241 1298 charitate
1291 1215 1524 1294 radicati
1569 1245 1624 1291 et
1674 1233 1911 1296 fundati,
1964 1248 1979 1284 l

2173 1249 2366 1294 οωπον,
2402 1231 2727 1297 κατοικῆσαι
2751 1225 2841 1279 τὸν
2871 1221 3106 1294 Χριστὸν
3139 1219 3227 1272 διὰ
3251 1218 3351 1286 τῆς
3384 1216 3623 1276 πίστεως
3652 1215 3710 1266 ἐν

444 1340 672 1410 possitis
701 1336 1175 1408 comprehendere
1203 1349 1328 1389 cum
1359 1332 1616 1386 omnibus
1641 1327 1875 1392 sanctis,
1902 1341 1981 1394 qui

2172 1327 2240 1388 ιῖς
2277 1321 2530 1392 καρδίαις
2551 1318 2724 1390 ὑμῶν,
2752 1318 2808 1369 ἐν
2830 1316 3018 1385 ἀγάπῃ
3045 1308 3400 1383 ἐρριζωμένοι
3433 1306 3528 1358 καὶ
3555 1303 3709 1356 τεθε-

445 1433 517 1488 sit
567 1395 908 1494 latitudo,.et
955 1427 1265 1498 longitudo,
1307 1433 1362 1480 et
1401 1422 1744 1486 sublimitas,
1776 1427 1830 1472 et
1893 1431 1982 1488 ρι’(

2175 1413 2479 1485 ελιωμένοι,
2515 1411 2605 1463 ἵνα
2641 1407 2961 1478 ἐξισχύσητε
2995 1398 3396 1456 καταλαϐέσθαι
3434 1398 3532 1449 σὺν
3577 1395 3712 1447 πᾶσι

445 1524 675 1577 fundum
731 1540 744 1576 :
801 1522 949 1576 scire
997 1520 1164 1574 etiam
1217 1515 1716 1587 supereminentem
1778 1507 1975 1564 scienti

2176 1511 2241 1572 ιῖς
2269 1505 2464 1576 ἁγίοις,
2487 1504 2540 1558 τί
2565 1503 2627 1556 τὸ
2659 1501 2882 1564 πλάτος,
2912 1499 3008 1552 καὶ
3047 1495 3242 1565 μῆκος,
3271 1493 3366 1546 καὶ
3401 1489 3586 1560 βάθος,
3617 1488 3713 1540 καὶ

444 1617 768 1669 charitalem
807 1613 1035 1674 Christi,
1073 1620 1134 1664 ut
1183 1607 1522 1679 impleamini
1560 1604 1614 1658 in
1653 1616 1869 1658 omnem
1908 1600 1981 1670 plt

2177 1603 2286 1673 ρος,
2335 1597 2540 1668 γνῶναί
2583 1613 2643 1649 τε
2693 1595 2792 1666 τὴν
2833 1589 3278 1662 ὑπερϐάλλουσαν
3323 1584 3424 1654 τῆς
3458 1580 3714 1652 γνώσεως

447 1705 755 1760 nitudinem
783 1703 877 1758 Dei
904 1702 970 1754 “.
1014 1721 1031 1753 ι
1067 1700 1382 1754 Notandum
1415 1709 1596 1751 autem
1623 1709 1823 1750 rursus
1856 1706 1984 1760 qum

2181 1695 2352 1766 γάπην
2401 1691 2497 1746 τοῦ
2551 1690 2822 1760 Χριστοῦ,
2877 1687 2964 1740 ἴνα
3006 1679 3329 1752 πληρωθῆτε
3376 1679 3455 1740 είς
3499 1677 3609 1728 πᾶν
3654 1673 3718 1726 τὸ

447 1814 574 1853 cum
626 1798 811 1852 omnia
871 1795 1081 1850 sanctis
1125 1809 1224 1865 per
1271 1791 1544 1863 Spiritum
1602 1788 1902 1844 revelatum
1964 1784 1977 1836 i

2181 1787 2407 1859 λήρωμα
2427 1783 2522 1838 τοῦ
2544 1781 2702 1837 Θεοῦ.
2736 1801 2754 1833 ι
2793 1776 3135 1850 Σημειωτέον
3162 1773 3218 1827 δέ
3248 1771 3412 1826 πάλιν
3434 1771 3514 1824 ὅτι
3538 1769 3718 1823 πάντα

448 1892 618 1957 dicat,
662 1903 1010 1959 nequaquam
1062 1863 1244 1942 tamen
1280 1900 1375 1941 eos
1423 1883 1519 1938 alii
1568 1880 1783 1937 doctori
1832 1877 1985 1932 tradi

2186 1881 2221 1935 ἀ
2268 1880 2364 1934 τοῦ
2414 1878 2732 1950 Πνεύματος
2779 1866 3336 1940 άποκαλυφθήσεσθαι
3378 1867 3490 1927 τοῖς
3541 1863 3719 1930 ἁγίοις

451 1981 547 2037 sed
584 1953 686 2037 sibi
721 1953 823 2048 ipsi
861 1953 957 2050 per
992 1978 1288 2048 Spiritum,
1334 1975 1428 2046 qui
1478 1990 1589 2030 non
1627 1971 1866 2044 amplius
1907 1985 1988 2024 con

2186 1971 2332 2037 πὼν,
2387 1971 2486 2042 ούχ
2534 1969 2708 2040 ἑτέρῳ
2759 1966 2974 2019 δίδωσιν
3030 1963 3225 2024 αὐτοὺς
3261 1955 3586 2026 διδασκάλῳ,
3643 1953 3720 2024 μὴ

453 2076 602 2146 poris
631 2047 832 2138 oculis,
855 2047 952 2127 sed
981 2047 1450 2126 intellectualibus
1487 2066 1675 2122 cordis
1707 2062 1990 2142 luminibus

2184 2065 2289 2120 ιῦτο
2327 2064 2576 2136 νομίσῃς,
2625 2057 2804 2130 ἐαυτῷ
2843 2058 2900 2111 δὲ
2945 2055 3240 2127 παρίστησι
3285 2050 3376 2106 διὰ
3407 2049 3500 2103 τοῦ
3548 2047 3721 2102 Πνεύ-

453 2181 552 2238 pro
578 2181 645 2222 eo
678 2181 741 2220 ac
774 2163 884 2220 Deo
916 2161 1198 2225 convenit,
1227 2157 1628 2232 conspicabilis
1653 2166 1758 2214 cst.

2181 2174 2326 2223 ατος,
2366 2155 2648 2227 σαρκικοῖς
2683 2152 2781 2223 μὲν
2815 2150 2999 2203 οὐκέτι
3030 2145 3355 2217 φαινόμενος
3393 2142 3718 2220 ὀφθαλμοῖς,

2131 2251 2243 2312 τοῖς
2274 2263 2339 2316 γε
2372 2247 2478 2318 μὴν
2507 2245 2720 2316 νοητοῖς
2757 2241 2857 2312 τῆς
2888 2238 3114 2312 καρδίας
3147 2236 3360 2308 ὄμμασι
3399 2231 3723 2303 θεοπρεπῶς

2133 2341 2529 2411 θεωρούμενος.

517 2440 686 2512 839
730 2437 873 2502 XlV,
927 2437 1020 2492 27.
1075 2437 1272 2490 Pacem
1326 2436 1566 2506 relinquo
1624 2434 1806 2500 vobis,
1852 2451 2032 2504 pacem

2208 2429 2478 2500 Εἰρήνην
2495 2429 2708 2498 ἀφίημι
2734 2425 2897 2496 ὑμῖν,
2919 2425 3169 2494 ειρήνην
3195 2422 3311 2488 τὴν
3332 2421 3486 2491 ἐμὴν
3514 2419 3723 2489 δίδωμι

451 2549 622 2586 meam
669 2531 736 2584 do
766 2530 910 2584 vobis
944 2545 1088 2582 :non
1124 2530 1386 2598 quomodo
1421 2527 1650 2581 mundus
1683 2526 1798 2592 dat,
1837 2544 1930 2597 ego
1965 2542 1988 2578 a

2188 2524 2280 2580 ιιῖν
2303 2540 2318 2556 ⁸
2367 2525 2440 2578 οὐ
2473 2521 2669 2586 καθὼς
2719 2523 2752 2574 ό
2787 2519 3016 2588 κόσμος
3070 2516 3340 2582 δίδωσιν,
3371 2513 3486 2582 ἐγὼ
3516 2510 3725 2580 δίδωμι

450 2623 593 2677 vobis
628 2637 647 2677 :
679 2638 780 2674 non
815 2620 1057 2674 turbetur
1087 2636 1176 2673 cor
1202 2629 1452 2682 vestrum,
1485 2634 1648 2687 neque
1687 2618 1958 2686 formidet.

2189 2613 2279 2668 uir
2307 2631 2319 2642 '
2384 2613 2470 2684 μὴ
2529 2610 2927 2681 ταρασσέσθω
2973 2610 3142 2680 ὑμῶν
3186 2609 3225 2677 ἡ
3284 2606 3530 2675 καρδία,
3569 2603 3726 2675 μηδὲ

2134 2705 2432 2761 δειλιάτω.

525 2796 622 2852 Sui
650 2794 706 2849 in
735 2794 908 2849 cmlos
935 2808 1202 2848 ascensus
1232 2793 1498 2848 memoria
1529 2794 1741 2850 sanctis
1769 2793 2032 2864 apostolis

2211 2798 2305 2862 El;
2353 2798 2660 2869 ἀνάμνησιν
2703 2794 2943 2864 ἐνεγκὼν
2999 2795 3126 2857 τοὺς
3170 2793 3360 2860 ἁγίους
3391 2788 3728 2852 ἀποστόλους

453 2893 742 2949 renovata.
775 2885 1088 2956 injectaque
1119 2886 1438 2957 suspicione
1472 2887 1592 2942 fore
1631 2896 1691 2941 ut
1729 2887 1835 2943 soli
1867 2888 1989 2941 relii

2193 2892 2236 2962 λς
2263 2893 2344 2954 εἰς
2377 2891 2640 2960 οὐρανοὺς
2669 2888 3010 2951 ἀναϐάσεως,
3039 2886 3134 2938 καὶ
3162 2885 3244 2938 ὅτι
3276 2883 3730 2955 περιλειφθήσον-

452 2990 775 3054 querentur,
806 2995 872 3033 ex
902 2993 967 3033 eo
993 2979 1142 3049 quod
1170 2978 1384 3033 dixerat
1410 2993 1425 3032 :
1454 2998 1474 3030 ι
1509 2981 1636 3033 Hazc
1664 2979 1886 3034 locutus
1911 2995 1989 3034 sm

2192 3001 2226 3036 ιι
2255 2982 2398 3036 κατά
2421 2983 2579 3035 τοῦτο
2624 2981 2773 3051 μόνοι
2819 2978 3242 3048 παρασκευάσας
3272 2977 3468 3028 ἐννοεῖν
3500 2974 3590 3028 διὰ
3635 2973 3729 3024 τοῦ

455 3074 609 3129 vobis
634 3071 777 3143 apud
798 3085 898 3126 vos
925 3085 1177 3133 manens,
1205 3090 1223 3122 ι
1247 3071 1395 3126 illico
1414 3071 1823 3139 animadvertit,
1842 3078 1992 3142 utpol

2187 3076 2328 3147 ῆναι,
2359 3094 2376 3126 ι
2406 3073 2591 3128 Ταῦτα
2634 3073 2906 3142 λελάληκα
2954 3070 3082 3141 ὑμῖν
3134 3069 3264 3140 παρ’
3295 3068 3423 3138 ὑμῖν
3465 3067 3666 3137 μένων,
3707 3085 3724 3115 ι

452 3166 546 3238 qui
580 3162 886 3220 secundum
918 3173 1170 3217 naturam
1196 3162 1342 3218 Deus
1363 3172 1503 3228 erat,
1533 3178 1847 3219 sermonem
1877 3164 1989 3216 ιιιυι

2196 3169 2390 3240 ›νίησιν
2421 3165 2480 3222 εὖ
2513 3167 2656 3239 μάλα
2682 3164 2920 3238 γοργῶς,
2953 3164 3048 3218 ἅτε
3077 3163 3142 3236 δὴ
3177 3161 3271 3216 καὶ
3302 3160 3566 3231 ὑπάρχων
3590 3159 3733 3211 κατά

454 3275 564 3313 non
601 3257 862 3312 mediocri
896 3255 1068 3311 fuisse
1103 3255 1174 3310 iis
1211 3257 1434 3320 terrori,
1469 3271 1646 3326 eoque
1683 3255 1991 3313 vehementi

2196 3260 2306 3313 5σιν
2360 3258 2513 3325 Θεὸς,
2563 3259 2640 3322 ὠς
2681 3258 2742 3310 οὐ
2791 3257 3018 3329 μετρίαν
3066 3255 3248 3317 αὐτοῖς
3308 3252 3582 3307 ἐντέθεικε
3635 3252 3733 3322 τὴν

453 3365 575 3404 esse
607 3348 883 3414 turbatos,
915 3355 972 3403 et
1004 3345 1274 3417 cujusque
1303 3348 1548 3402 animum
1579 3350 1851 3418 gravitate
1879 3348 1990 3404 doli

2195 3353 2338 3406 τοίαν
2376 3353 2404 3405 ό
2433 3351 2611 3420 λόγος,
2641 3349 2980 3421 τεθορύϐηκε
3019 3348 3076 3402 δὲ
3104 3346 3316 3413 δεινῶς,
3343 3346 3438 3398 καὶ
3466 3344 3544 3413 τῷ
3574 3344 3732 3415 βάρει

453 3445 532 3497 ris
577 3457 828 3513 pressum
867 3456 932 3495 ac
971 3441 1266 3510 dejectum.
1298 3439 1440 3504 Quid
1496 3441 1646 3495 enim
1685 3453 1772 3496 est
1815 3441 1910 3495 illo
1940 3441 1990 3496 (1(

2195 3447 2242 3516 ᾖς
2284 3444 2463 3515 λύπης
2513 3447 2922 3514 καταφορτίσας
2975 3441 3067 3495 τὸν
3113 3440 3345 3494 ἑκάστου
3387 3437 3732 3492 κατεθόλωσε

455 3536 573 3590 lore
603 3535 852 3606 gravius,
882 3543 977 3586 aut
1014 3532 1146 3602 quid
1187 3539 1403 3586 tantum
1455 3533 1740 3589 interioris
1782 3549 1986 3589 maeror

2194 3538 2286 3592 νῦν.
2315 3539 2380 3592 Τί
2403 3537 2510 3610 γὰρ
2536 3537 2602 3591 ἂν
2623 3537 2834 3606 γένοιτο
2855 3536 2955 3606 τῆς
2977 3535 3156 3605 λύπης
3183 3532 3243 3586 τὸ
3267 3531 3731 3602 δυσαχθέστερον;

455 3627 660 3683 inferre
706 3634 907 3697 potest,
935 3641 1103 3696 quam
1153 3624 1584 3693 jucundissimis
1616 3627 1781 3681 rebus
1826 3627 1992 3681 orbar

2223 3631 2279 3685 δέ
2305 3629 2450 3684 οὕτω
2482 3630 2762 3700 φορτικὸν,
2792 3629 2868 3692 ὡς
2907 3627 3016 3681 τῶν
3047 3627 3277 3698 ἡδίστων
3309 3627 3342 3698 ὴ
3377 3625 3732 3695 παραίρεσις,

456 3735 762 3788 eorumque
795 3733 918 3788 qua:
953 3716 1106 3770 cordi
1145 3717 1385 3770 maxime
1428 3717 1529 3772 tibi
1561 3717 1674 3773 sint
1698 3718 1993 3789 inopinata:

2196 3723 2239 3775 ιὶ
2281 3721 2341 3774 τὸ
2381 3721 2489 3773 τῶν
2524 3720 2602 3773 ἔτι
2651 3720 2888 3790 μάλιστα
2923 3718 3252 3787 φιλαιτάτων
3300 3716 3562 3786 ἀδόκητον
3597 3716 3733 3768 ὐπο-

457 3812 602 3866 l'erre
655 3808 965 3878 iacturam?
1007 3807 1300 3879 Componit
1352 3809 1522 3880 igitur
1576 3825 1673 3865 eos
1732 3810 1925 3865 dolore
1978 3826 1994 3862 ι

2198 3814 2330 3867 ἐνειν
2369 3812 2572 3883 ζημίαν
2602 3828 2616 3876 ;
2678 3810 2983 3880 Καθίστησι
3024 3808 3202 3862 τοίνυν
3230 3809 3430 3871 αὐτοὺς
3463 3807 3610 3881 λύπῃ
3642 3809 3735 3860 καὶ

459 3910 606 3956 metu
640 3901 917 3956 turbatos.
946 3901 1126 3956 Causa
1157 3901 1302 3955 enim
1350 3910 1405 3956 et
1433 3903 1589 3957 radix
1623 3903 1861 3968 doloris,
1893 3919 1996 3974 quo

2199 3906 2297 3976 Εόῳ
2340 3903 2806 3976 τεταραγμένους.
2851 3902 3134 3973 Πρόφασις
3167 3901 3263 3972 μὲν
3303 3900 3410 3972 γὰρ
3451 3899 3547 3953 καὶ
3610 3902 3736 3972 ῥίζα

457 3995 815 4050 discessurus
855 4003 1004 4049 esset
1039 3993 1113 4069 ab
1135 3993 1204 4047 iis
1246 4001 1301 4049 et
1330 3993 1398 4047 ad
1431 3993 1649 4051 Patrem
1686 4011 1994 4051 reversuru:

2200 3997 2346 4068 ἱπης,
2401 3997 2463 4050 τὸ
2499 3995 2714 4067 μέλλειν
2757 3994 2939 4048 αὐτῶν
2969 3995 3293 4065 ἀποφοιτᾷν,
3337 3993 3432 4048 καὶ
3469 3994 3737 4062 ἀνακομί-

453 4084 772 4154 justissima
819 4081 1228 4152 quodammodo
1255 4091 1394 4147 erat,
1419 4099 1520 4139 nec
1550 4085 1650 4141 abs
1699 4101 1760 4142 re
1789 4087 1990 4157 suspic:

2200 4088 2336 4141 ;σθαι
2367 4087 2504 4158 πρὸς
2525 4086 2618 4139 τὸν
2640 4083 2881 4156 Πατέρα,
2909 4083 3224 4152 δικαιοτάτη
3249 4097 3365 4144 πως
3387 4076 3477 4151 ἦν,
3501 4083 3737 4132 ἐποιεῖτο

456 4179 659 4232 bantur
691 4176 796 4230 sibi
836 4175 1028 4230 ultima
1063 4191 1297 4246 qumque
1330 4186 1542 4247 parata,
1575 4179 1622 4233 si
1658 4194 1896 4250 corpore
1929 4195 1993 4235 nc

2200 4223 2203 4230 .
2238 4180 2453 4252 μητέρα
2497 4179 2596 4250 τὴν
2646 4176 2883 4246 ὑποψίαν
2922 4174 3017 4230 τοῦ
3053 4176 3231 4229 πάντα
3270 4173 3590 4238 πείσεσθαι,
3643 4175 3737 4226 καὶ

457 4269 675 4324 adesset
713 4267 952 4337 amplius
996 4267 1044 4321 is
1077 4268 1172 4336 qui
1223 4283 1446 4322 servare
1484 4277 1720 4339 poterat.
1755 4271 1994 4337 Quomoc

2197 4276 2269 4326 Ῑαν
2293 4272 2546 4342 ἑτοίμως,
2577 4271 2638 4324 ού
2682 4268 3066 4340 συμπαρόντος
3100 4267 3203 4334 ἔτι,
3237 4267 3378 4321 κατά
3410 4283 3474 4334 γε
3500 4266 3601 4337 τὴν
3633 4267 3734 4336 ἐμ-

457 4368 638 4415 autem
674 4373 866 4414 eorum
899 4368 1106 4414 metum
1145 4358 1322 4423 sedat,
1352 4367 1449 4414 aut
1492 4378 1601 4431 quo
1641 4371 1802 4432 pacto
1831 4375 1994 4420 menti

2195 4365 2292 4434 ανῆ
2342 4363 2438 4416 τοῦ
2485 4363 2735 4432 σώματος
2780 4359 2924 4430 δψιν,
2962 4359 3056 4412 τοῦ
3095 4356 3384 4422 διασώζειν
3433 4357 3732 4426 ἰσχύοντος.

455 4464 649 4504 eorum
693 4449 762 4501 ad
791 4449 1034 4503 divinam
1081 4450 1542 4519 tranquillitatem
1587 4452 1836 4508 reducit?
1879 4475 1898 4507 ι
1940 4455 1992 4510 P:

2200 4457 2274 4519 ὥς
2305 4456 2361 4508 δέ
2394 4454 2737 4524 καθίστησιν,
2777 4453 2810 4524 ἢ
2855 4453 2976 4505 τίνα
2999 4451 3201 4523 τρόπον
3229 4451 3415 4515 αὐτοῖς
3447 4451 3508 4504 τὸ
3542 4453 3606 4504 ἐκ
3635 4453 3735 4522 τῆς

455 4556 598 4604 cem,
629 4540 832 4610 lnquit,
860 4555 1040 4593 meam
1089 4540 1162 4594 do
1201 4541 1379 4606 vobis,
1420 4552 1474 4597 et
1507 4559 1698 4612 pacem
1731 4562 1910 4601 meam
1951 4565 1992 4602 τι

2198 4548 2411 4619 ιθυμίας
2445 4546 2670 4618 φαιδρὸν
2697 4543 3073 4609 είσοικίζεται,
3115 4545 3210 4598 καὶ
3239 4543 3376 4616 πρὸς
3405 4543 3556 4597 θείαν
3579 4538 3735 4606 αὖθις

454 4633 646 4700 linquo
685 4633 866 4687 vobis.
907 4651 922 4682 ι
970 4631 1094 4686 Dixi
1129 4633 1426 4701 multoties,
1465 4636 1663 4706 inquit,
1691 4654 1777 4693 me
1803 4656 1904 4694 vos
1933 4656 1991 4694 nc

2198 4640 2389 4712 ιλήνην
2418 4641 2447 4692 ό
2477 4637 2602 4702 νοῦς
2627 4637 3050 4702 κατευνάζεται;
3092 4655 3110 4687 ι
3134 4636 3356 4706 Δίδωμι,
3394 4637 3577 4704 φησὶν.
3605 4637 3735 4706 ὑμῖν

455 4727 781 4781 relicturum
846 4726 1148 4796 orphanos,
1229 4725 1328 4781 sed
1380 4744 1560 4799 neque
1619 4746 1715 4786 vos
1778 4732 1834 4786 in
1891 4741 1992 4787 teri

2191 4733 2411 4802 ἱρήνην,
2463 4730 2558 4783 καὶ
2619 4726 2820 4798 ἀφίημι
2879 4727 3008 4798 ὑμῖν
3058 4727 3284 4797 εἰρήνην
3343 4725 3444 4796 τὴν
3507 4726 3668 4795 ἐμήν.
3709 4745 3728 4775 ι

460 4834 761 4875 mansuros
801 4820 1138 4891 epitulatore
1173 4819 1494 4877 destitutos.
1543 4823 1726 4878 Adero
1763 4825 1905 4880 enim
1947 4844 1997 4882 ν(

2198 4822 2384 4894 ἴρηκα,
2433 4821 2586 4892 φησὶ,
2644 4820 3000 4883 πλειστάκις,
3041 4818 3117 4882 ὡς
3171 4819 3273 4872 οὐκ
3334 4819 3532 4890 ἀφήσω
3587 4818 3735 4886 ὑμᾶς

458 4911 546 4966 bis
601 4926 834 4975 rursus,
882 4921 958 4974 et,
1004 4909 1206 4966 absens
1258 4927 1512 4983 corpore,
1558 4921 1772 4972 animos
1825 4925 1995 4974 vestri

2198 4916 2414 4986 upavobc;
2438 4932 2451 4947 °
2479 4915 2593 4968 ἀλλ’
2624 4914 2744 4968 οὐδὲ
2776 4912 2929 4985 μόνοι
2953 4913 3052 4984 τὴν
3074 4912 3177 4982 γῆν
3201 4912 3455 4982 οἰκήσετε
3484 4910 3581 4965 τοῦ
3608 4911 3735 4981 βοη-

456 5001 866 5073 tranquillitate
916 5003 1186 5067 muniam,
1223 5009 1284 5056 ut
1331 5002 1500 5070 Deus,
1535 5020 1638 5060 nec
1683 5007 1894 5062 turbari
1941 5026 1993 5064 Vt

2197 5009 2368 5074 iBVtoc
2427 5007 2626 5080 ἔρημοι
2673 5006 2767 5060 καὶ
2803 5004 3023 5075 γυμνοί.
3079 5002 3382 5073 Συνέσομαι
3419 5002 3530 5075 γὰρ
3569 5004 3734 5057 πάλιν

453 5097 656 5160 sinam,
685 5101 778 5148 aut
811 5095 979 5149 animi
1022 5093 1194 5149 vestri
1239 5095 1351 5150 vim
1384 5110 1449 5151 ac
1488 5097 1657 5152 robur
1687 5114 1717 5152 a
1761 5115 1982 5171 quoqua

2199 5105 2276 5156 ιῖν
2297 5141 2312 5168 ,
2367 5101 2462 5156 καὶ
2494 5099 2650 5156 ἀπὼν
2681 5097 2759 5170 τῷ
2795 5096 3032 5169 σώματι,
3069 5096 3362 5168 ἀνατειχιῶ
3413 5097 3575 5152 πάλιν
3611 5099 3736 5160 ταῖς

455 5189 731 5258 superari.
764 5185 960 5242 Omnis
995 5181 1200 5257 quippe
1229 5197 1412 5243 metus
1441 5203 1506 5244 ac
1542 5191 1812 5249 timiditas
1847 5210 1992 5265 procl

2196 5195 2479 5266 iusvsiatc,
2519 5193 2595 5258 ὡς
2645 5192 2799 5256 Θεὸς,
2839 5190 2952 5245 ἅνω
2981 5189 3218 5262 θήσομαι
3247 5190 3479 5263 θορύϐου
3508 5191 3733 5258 παντὸς,

455 5279 871 5344 amandahitur,
905 5285 960 5333 et
993 5277 1181 5332 divina
1223 5279 1474 5348 quaedam
1504 5281 1588 5336 vis
1615 5281 1670 5336 in
1711 5285 1869 5340 vobis
1896 5286 1992 5340 oril

2199 5285 2433 5357 εριέσται
2481 5282 2538 5337 δὲ
2583 5283 2684 5354 τῆς
2738 5282 3011 5353 ὑμετέρας
3065 5282 3359 5354 εὐτολμίας
3389 5282 3583 5345 οὐδείς.
3615 5285 3736 5346 Πᾶς

461 5379 574 5435 tur,
607 5387 728 5442 qua:
755 5381 948 5440 pacata
981 5378 1169 5424 mente
1197 5379 1251 5425 et
1280 5370 1451 5427 corde
1482 5375 1806 5444 tranquillo,
1835 5392 1934 5433 vos
1974 5393 1998 5432 a

2200 5380 2254 5448 ιρ
2289 5376 2538 5448 ἀτονήσει
2566 5375 2751 5445 φόϐος,
2781 5375 2877 5427 καὶ
2908 5374 3078 5428 δειλία
3109 5376 3207 5446 μὲν
3238 5374 3482 5429 ἐκποδὼν
3514 5376 3737 5446 οἰχήσε-

457 5464 853 5519 revelationem
893 5461 1124 5515 deducet
1153 5477 1346 5516 eorum
1380 5479 1502 5533 quae
1525 5474 1762 5522 mentem
1798 5468 1988 5524 homin

2203 5489 2258 5537 ιι,
2303 5469 2423 5524 θεία
2471 5469 2528 5522 δέ
2560 5485 2644 5532 τις
2692 5469 2751 5522 ἐν
2785 5468 2915 5539 ὑμῖν
2945 5468 3198 5524 ἀνατελεῖ
3231 5468 3482 5539 δύναμις,
3527 5468 3740 5538 σχολά-

457 5564 824 5624 cxsuperant.
881 5552 1041 5607 Nunc
1097 5561 1306 5619 autem,
1350 5575 1369 5607 ι
1418 5571 1609 5628 pacem
1667 5561 1738 5615 do
1787 5565 1968 5626 vobis,

2206 5581 2292 5616 ›ντι
2343 5561 2438 5632 νῷ,
2495 5561 2590 5615 καὶ
2639 5560 2956 5634 γαληνιώσῃ
2987 5561 3205 5634 καρδίᾳ,
3251 5560 3553 5630 ξεναγοῦσα
3598 5560 3743 5632 πρὸς

458 5660 570 5700 non
615 5643 963 5714 simpliciter,
1008 5640 1103 5696 sed
1140 5662 1159 5693 ι
1195 5657 1387 5714 pacem
1446 5663 1646 5704 meam.
1688 5671 1706 5704 ι
1752 5651 1810 5706 Id
1857 5664 1995 5711 autei

2207 5654 2490 5724 τοκάλυψιν
2543 5653 2650 5706 τῶν
2697 5652 2840 5724 ὑπὲρ
2901 5652 3246 5724 ἀνθρώπινον
3305 5653 3454 5710 νοῦν.
3504 5651 3621 5707 Νῦν
3679 5653 3744 5709 δὲ

530 5824 576 5856 ⁸⁸
615 5821 816 5894 Ephes.
855 5839 937 5888 ιιι,
979 5824 1164 5879 15-19.
