3892 6202
245 256 356 317 εοες

1287 251 1356 306 IN
1392 249 1678 306 JOA‘NNIS
1699 247 2149 308 EVANGELIUM
2187 248 2316 303 LIB.
2357 247 2425 306 Χ.

3415 257 3520 316 306

250 398 268 428 ι
299 377 496 445 δίδωμι
536 374 666 445 ὑμῖν
694 375 940 446 εἰρήνην,
973 393 991 426 ι
1036 373 1134 442 οὐχ
1178 372 1388 436 ἁπλῶς,
1416 372 1530 426 ἀλλ’
1569 391 1586 423 ι
1613 372 1837 441 εἰρήνην

1947 368 2084 422 nihil
2114 368 2265 422 aliud
2299 375 2385 423 est
2430 383 2618 439 quam,
2646 369 2796 425 Dabo
2828 367 3121 441 Spiritum,
3151 381 3204 427 et
3245 372 3412 430 adero
3439 379 3522 434 eis

237 467 346 538 τὴν
374 468 539 536 ἐμήν.
590 485 609 517 ι
654 465 825 518 Τοῦτο
861 465 920 517 δὲ
953 460 1022 536 ἦν
1055 463 1298 536 ἐναργῶς
1339 463 1491 516 οὐδὲν
1529 463 1716 534 ἕτερον
1760 463 1836 513 εἰ-

249 563 393 623 πεῖν,
424 560 458 630 ἢ
489 561 570 614 ὅτι
598 559 906 632 Χορηγήσω
931 557 992 610 τὸ
1022 557 1266 628 Πνεῦμα,
1301 557 1398 609 καὶ
1438 557 1735 626 συνέσομαι
1768 554 1832 607 δι’

248 652 488 722 ἐμαυτοῦ
535 653 645 714 τοῖς
690 651 998 721 δεχομένοις
1046 649 1197 704 αὑτό.
1249 650 1373 702 Ὅτι
1418 649 1527 720 γὰρ
1570 651 1602 718 ή
1645 648 1836 720 εἰρήνη

247 743 489 812 Χριστοῦ
524 744 583 797 τὸ
614 742 841 812 Πνεῦμά
873 743 1022 795 ἐστιν
1059 741 1249 808 αὑτοῦ,
1286 739 1497 811 μακροῦ
1541 739 1640 810 μὲν
1682 737 1837 810 οἶμαι

250 839 325 908 μὴ
354 837 564 892 δεῖσθαι
595 837 757 904 λόγου
809 835 946 907 πρὸς
999 835 1374 906 πληροφορίαν
1413 834 1507 886 καὶ
1536 833 1835 898 ἀπόδειξιν.

248 931 397 1000 Πλὴν
436 931 615 982 ἐκεῖνο
648 930 812 998 φάναι
856 929 964 982 δεῖν
996 925 1384 998 ὑπολαμϐάνοι.
1442 928 1506 980 Εἰ
1537 925 1647 996 γὰρ
1675 926 1836 991 αὑτός

248 1023 398 1074 ἐστιν
425 1023 458 1092 ή
482 1023 540 1074 ὲν
561 1024 676 1083 τοῖς
701 1021 949 1091 οὐρανοῖς
971 1019 1164 1090 εἰρήνη
1194 1020 1290 1072 καὶ
1317 1020 1410 1071 ἐπὶ
1439 1017 1539 1088 τῆς
1569 1020 1693 1088 γῆς,
1720 1016 1838 1080 πῶς

247 1114 348 1165 οὐκ
377 1113 442 1166 ἂν
477 1111 562 1183 εἴη
594 1113 782 1165 λοιπον
814 1110 977 1166 παντί
1021 1128 1098 1180 τῳ
1130 1110 1302 1179 σαφὲς
1329 1111 1431 1171 ὅτι,
1472 1109 1724 1180 καθάπερ
1759 1109 1837 1160 εἰ-

252 1205 526 1276 ρήκαμεν,
561 1207 593 1274 ή
629 1205 820 1275 εἰρήνη
863 1203 928 1275 δὴ
963 1203 1181 1267 πάντως
1226 1204 1342 1255 ἐστὶ
1387 1201 1449 1255 τὸ
1479 1202 1705 1272 Πνεῦμα
1741 1201 1839 1254 αὐ-

248 1295 345 1348 τοῦ
368 1311 382 1357 ;
427 1297 535 1348 Καὶ
563 1296 696 1365 γοῦν
729 1298 757 1348 6
785 1296 1073 1358 θεσπέσιος
1110 1293 1324 1358 Παῦλος
1351 1295 1488 1366 πρός
1517 1311 1670 1357 τινας
1694 1292 1797 1364 ἔφη
1820 1311 1834 1324 ⁵

254 1408 274 1438 ι
297 1390 408 1442 Καὶ
434 1391 466 1458 ἡ
495 1390 689 1460 εἰρήνη
719 1387 811 1441 τοῦ
845 1386 1000 1452 Θεοῦ,
1033 1389 1066 1458 ἡ
1103 1387 1444 1458 ὑπερέχουσα
1473 1387 1654 1441 πάντα
1689 1387 1837 1453 νοῦν,

249 1483 538 1554 φρουρήσῃ
570 1482 670 1544 τὰς
695 1480 924 1552 καρδίας
950 1480 1105 1552 ὑμῶν
1130 1481 1226 1534 καὶ
1250 1479 1318 1534 τὰ
1339 1480 1584 1551 νοήματα
1607 1480 1784 1549 ὑμῶν.
1811 1501 1828 1531 ι

246 1575 445 1628 Καίτοι
479 1573 595 1636 πῶς
631 1573 692 1626 οὐ
723 1573 930 1626 δίκαιον
959 1573 1183 1637 ἐννοεῖν,
1231 1571 1306 1635 ὡς
1347 1572 1408 1625 οὑ
1443 1571 1571 1643 περί
1604 1574 1836 1641 ταυτησί

246 1667 351 1736 τῆς
379 1666 600 1738 εἰρήνης
632 1667 730 1737 τῆς
768 1667 825 1718 ὲν
853 1665 931 1736 τῷ
962 1665 1129 1736 κοινῷ
1153 1665 1452 1737 νοουμένης
1474 1665 1618 1736 λόγῳ
1651 1682 1710 1717 τε
1742 1666 1836 1718 καὶ

247 1757 541 1827 πράγματι
583 1757 649 1810 τὰ
680 1757 906 1812 τοιαῦτά
948 1775 1142 1828 φησιν;
1199 1759 1266 1811 Ἦ
1300 1758 1397 1828 μὲν
1423 1758 1533 1828 γὰρ
1563 1757 1834 1827 ὰφιλὸμα-

248 1867 346 1917 χος
383 1850 476 1902 καὶ
507 1850 908 1920 ἀφιλοπόλεμος
951 1851 1084 1918 ἕξις,
1133 1853 1262 1905 ὅσον
1291 1853 1349 1904 ὲν
1385 1851 1614 1914 οἰκείαις
1645 1852 1838 1921 ῥοπαῖς

250 1939 349 1991 καὶ
397 1940 454 1990 ὲν
505 1938 722 2009 θελήσει
772 1943 836 2009 τῇ
885 1941 1007 1993 καθ’
1059 1941 1263 2013 ἑαυτήν
1306 1941 1532 2012 εἰρήνην
1583 1939 1695 2010 ἔχει
1746 1942 1839 1994 καὶ

249 2032 566 2100 ἐργάζεται.
622 2032 733 2084 Καὶ
788 2035 888 2086 οὐκ
946 2034 1308 2088 ὲνυπὸστατόν
1348 2053 1401 2088 τι
1442 2035 1538 2089 καὶ
1595 2036 1839 2106 ὑπάρχον

255 2124 402 2188 ἰδίως
451 2124 752 2195 οἰησόμεθά
785 2142 914 2178 ποτε
963 2126 1061 2195 τὴν
1091 2125 1233 2179 οὕτω
1262 2127 1561 2198 νοουμένην
1593 2129 1837 2198 εἰρήνην,

248 2217 369 2270 ἀλλ’
402 2219 459 2270 ὲν
507 2217 617 2281 ἕξει
664 2220 730 2287 τῇ
766 2217 875 2268 τῶν
922 2217 1263 2283 ἀγαπώντων
1307 2217 1476 2288 αὐτὴν
1522 2217 1840 2287 συμϐαίνειν

248 2311 649 2381 ὑπονοήσομεν.
686 2311 807 2374 Πῶς
833 2306 928 2364 οὗν
956 2313 1064 2382 ἄρα
1093 2313 1283 2381 νοήσαι
1306 2329 1392 2374 τις
1416 2311 1482 2365 ἃν
1514 2312 1690 2365 πάντα
1715 2311 1840 2365 νοῦν

247 2403 542 2474 ὑπερέχειν
590 2404 690 2474 τὴν
737 2404 993 2475 τοιαύτην
1039 2407 1298 2476 εἰρήνην;
1356 2405 1429 2458 Τὸ
1473 2405 1590 2477 γὰρ
1615 2405 1838 2477 μηδαμῆ

254 2495 522 2567 μηδαμῶς
583 2497 642 2550 ὃν
699 2499 819 2551 κατ’
871 2499 1010 2551 ἰδίαν
1075 2497 1343 2567 ὓπαρξιν,
1392 2498 1509 2561 πῶς
1550 2497 1616 2551 ἂν
1667 2499 1841 2552 νοοῖτο

251 2589 501 2657 κρεῖττόν
538 2607 596 2641 τε
630 2590 723 2642 καὶ
759 2589 978 2660 ἄμεινον
1023 2589 1326 2659 ἀνθρώπων
1370 2590 1554 2658 τυχὸν,
1604 2589 1636 2660 ἦ
1672 2589 1842 2658 ἀγγέ-

250 2681 386 2744 λων,
419 2681 451 2752 ἦ
484 2681 594 2734 τῶν
624 2681 706 2734 ἔτι
736 2682 994 2753 προσὰνω
1021 2683 1329 2754 νοουμένων
1355 2699 1369 2747 ;
1406 2682 1551 2735 Νοῦν
1572 2681 1680 2752 γὰρ
1703 2678 1842 2737 εἰναι

249 2775 352 2828 καὶ
402 2776 576 2830 ταῦτά
627 2794 828 2846 φαμεν.
880 2775 1090 2830 Οὐκοῦν
1119 2779 1153 2846 ὴ
1200 2777 1341 2848 ὑπὲρ
1384 2776 1602 2847 Ἀρχὰς,
1636 2777 1669 2846 ἡ
1702 2775 1843 2846 ὑπὲρ

263 2866 572 2931 Ἑξουσίας,
605 2868 637 2937 ἡ
677 2867 817 2938 ὑπὲρ
845 2868 1085 2939 Θρόνους
1114 2869 1147 2939 ἢ
1181 2871 1547 2940 Κυριότητας,
1580 2868 1674 2922 καὶ
1703 2868 1842 2938 ὑπὲρ

251 2959 433 3013 πάντα
467 2958 592 3013 νοῦν
623 2960 836 3030 εἰρήνη,
869 2959 929 3012 τὸ
967 2960 1191 3029 Πνεῦμα
1228 2960 1466 3030 Χριστοῦ
1501 2962 1640 3023 ἐστι,
1679 2959 1746 3011 δι’
1779 2955 1842 3011 οῦ

248 3052 323 3106 τὰ
355 3053 534 3106 πάντα
571 3050 648 3122 τῷ
673 3051 792 3123 Θεῷ
825 3052 920 3105 καὶ
952 3054 1129 3123 Πατρί
1159 3052 1495 3122 κατήλλαξεν
1527 3057 1555 3106 6
1584 3055 1730 3120 Υἱὸς,
1765 3054 1842 3124 τῷ

250 3144 328 3198 τὰ
358 3145 554 3198 ἑαυτοῦ
586 3144 762 3198 θέλειν
791 3145 885 3198 καὶ
919 3143 1222 3214 βούλεσθαι,
1264 3147 1406 3198 νοεῖν
1435 3162 1497 3197 τε
1542 3147 1633 3199 καὶ
1667 3147 1841 3218 πράτ-

249 3253 392 3298 τειν,
427 3237 520 3289 καὶ
557 3236 632 3308 μὴ
677 3235 913 3306 ἐτέρωσὲ
944 3252 1035 3288 ποι
1063 3238 1262 3306 χωρεῖν
1287 3237 1367 3300 εἰς
1401 3235 1723 3302 ἀπόστασιν,
1754 3237 1843 3291 διὰ

250 3332 356 3400 τῆς
382 3329 462 3391 εἰς
489 3327 560 3380 τὰ
605 3326 787 3395 φαῦλα
831 3327 1212 3399 παρατροπῆς.
1259 3329 1437 3380 Λυπεῖ
1483 3328 1544 3381 δὲ
1569 3328 1722 3381 οὐδὲν
1750 3329 1844 3381 καὶ

252 3419 516 3489 λογισμὸν
549 3420 642 3472 ἐπὶ
663 3421 841 3490 τούτῳ
862 3419 1046 3473 λαϐεῖν
1071 3419 1170 3471 οὐκ
1194 3418 1473 3474 ἀσύνετον.
1502 3421 1712 3492 Ὅνπερ
1733 3422 1844 3493 γὰρ

253 3511 458 3582 τρόπον
503 3510 738 3583 ἐπείπερ
786 3510 903 3582 ζωὴ
939 3510 1081 3564 κατὰ
1110 3511 1272 3580 φύσιν
1298 3512 1446 3565 ἐστὶν
1475 3514 1503 3565 6
1535 3513 1665 3577 Υἰὸς
1686 3553 1701 3574 ,
1751 3515 1844 3566 καὶ
1888 3501 1891 3506 ’

259 3602 424 3669 σοφία
469 3605 565 3655 καὶ
594 3601 823 3673 δύναμις
865 3600 1113 3654 καλεῖται
1147 3600 1203 3652 δὲ
1235 3601 1329 3654 καὶ
1360 3600 1478 3653 ἔστι
1527 3601 1589 3654 τὸ
1621 3601 1846 3672 Πνεῦμα

258 3694 447 3760 αὐτοῦ,
472 3694 698 3765 Πνεῦμά
723 3697 838 3747 ἐστι
861 3693 1028 3764 ζωῆς,
1056 3694 1149 3746 καὶ
1173 3693 1388 3762 σοφίας,
1410 3694 1504 3746 καὶ
1529 3695 1809 3764 δυνάμεως
1828 3713 1841 3726 ο

259 3781 432 3845 οὕτως
480 3783 714 3854 ἐπείπερ
758 3785 906 3836 ἐστὶν
940 3782 1106 3846 αὐτός
1149 3801 1210 3835 τε
1265 3784 1360 3838 καὶ
1412 3784 1510 3855 οὐχ
1561 3784 1767 3857 ἕτερος,
1809 3787 1842 3855 ἡ

259 3873 478 3944 ἀληθῶς
499 3892 558 3928 τε
589 3876 683 3927 καὶ
714 3874 918 3946 κυρίως
940 3875 1156 3946 εἰρήνη,
1190 3874 1386 3944 λέγοιτ’
1410 3875 1476 3928 ἂν
1504 3876 1730 3941 εἰκότως
1752 3878 1847 3932 καὶ

260 3969 437 4020 νοοῖτο
485 3967 651 4020 πάλιν
692 3966 814 4019 κατ’
845 3964 1006 4019 αὐτὸν
1055 3967 1250 4036 εἰρήνη
1300 3967 1362 4020 τὸ
1400 3969 1623 4038 Πνεῦμα
1653 3969 1840 4026 αὐτοῦ.

262 4060 365 4114 Διά
383 4077 464 4113 τοι
491 4059 648 4113 τοῦτο
677 4059 773 4112 καὶ
805 4059 986 4123 ἰδικῶς
1011 4056 1231 4124 ἀναθεὶς
1248 4064 1315 4132 τῇ
1337 4061 1531 4114 ἑαυτοῦ
1560 4061 1718 4131 φύσει
1749 4062 1847 4133 τὴν

268 4153 405 4208 ἰδίαν
454 4154 697 4224 εἰρήνην,
751 4151 900 4204 τοῦτ’
931 4151 1048 4204 ἐστι
1095 4152 1157 4206 τὸ
1205 4153 1470 4222 Πνεῦμα,
1525 4153 1672 4222 λέγει
1718 4157 1848 4226 περὶ

262 4243 430 4298 αὐτοῦ
456 4261 470 4274 ·
527 4263 546 4295 ι
580 4245 816 4314 Εἰρήνην
844 4244 943 4313 τὴν
977 4243 1115 4315 ἐμήν
1147 4244 1351 4314 ἀφίημι
1385 4246 1534 4315 ὑμῖν.
1568 4266 1586 4297 ι
1638 4247 1758 4302 ’Ότι
1791 4249 1849 4301 δὲ

265 4335 362 4388 καὶ
391 4335 539 4405 παρὰ
570 4337 680 4397 τοῖς
712 4335 885 4403 ἁγίοις
916 4336 1225 4406 προφήταις
1253 4333 1399 4388 οὕτω
1429 4337 1846 4407 κατωνόμασται

1939 461 2031 532 qui
2060 478 2156 531 per
2185 463 2457 534 meipsum
2501 464 2653 518 illum
2688 467 3055 535 susceperint.
3087 466 3284 523 Pacem
3317 472 3521 542 quippe

1937 552 2150 609 Christi
2181 554 2449 625 Spiritum
2482 555 2605 626 ejus
2638 571 2784 622 esse,
2813 556 2974 628 longa
3008 573 3116 612 non
3155 567 3242 614 est
3271 563 3523 616 oratione

1938 646 2306 716 probandum.
2342 646 2737 703 Verumtamen-
2773 648 2854 703 de
2876 649 2984 703 hoc
3025 650 3324 706 dicendum
3364 665 3520 724 puto.

1941 738 1996 793 Si
2033 740 2180 794 enim
2213 741 2333 810 ipse
2353 751 2436 795 est
2467 757 2572 812 pax
2609 743 2662 797 in
2691 742 2845 798 caelis
2875 751 2929 797 et
2962 744 3016 798 in
3051 752 3220 808 terra,
3248 748 3523 815 quomodo

1939 831 2116 887 cuivis
2171 848 2280 886 non
2343 835 2556 903 patebit
2608 834 2835 890 omnino
2878 851 3090 906 pacem,
3135 846 3192 891 ut
3254 839 3521 900 diximus.

1939 937 2063 978 esse
2103 922 2370 993 Spiritum
2414 926 2575 995 ejus?
2603 925 2668 980 Et
2709 928 2931 998 quidem
2967 928 3190 985 divinus
3220 929 3422 987 Paulus
3453 931 3520 986 ad

1939 1016 2205 1086 quosdam
2238 1019 2521 1073 scribebat
2549 1038 2560 1072 :
2596 1039 2614 1071 ι
2647 1021 2713 1075 Ει
2745 1037 2845 1090 pax
2876 1020 3042 1094 840
3076 1023 3191 1088 Dei,
3218 1039 3340 1092 qua:
3359 1039 3521 1080 exsu-

1940 1115 2097 1176 perat
2140 1123 2360 1164 omnem
2407 1125 2657 1173 sensum,
2701 1114 2975 1168 custodiat
3028 1115 3196 1169 corda
3241 1125 3423 1172 vestra
3468 1125 3521 1170 et

1940 1197 2335 1269 intelligentias
2379 1211 2595 1256 vestras
2619 1203 2762 1257 ⁴⁸·⁸⁸.
2811 1224 2830 1255 ι
2867 1206 2936 1261 At
2977 1207 3103 1276 quis
3138 1208 3390 1277 nonjure
3413 1209 3516 1264 sibi

1940 1292 2290 1359 persuadeat,
2328 1307 2436 1346 non
2469 1293 2537 1349 de
2571 1295 2673 1349 hac
2704 1311 2837 1366 pace
2867 1314 3032 1368 quam
3074 1301 3238 1372 vulgo
3278 1300 3518 1358 dicimus

1941 1396 2006 1436 ac
2030 1382 2390 1454 intelligimus
2408 1385 2512 1446 ista
2527 1385 2678 1440 diei?
2706 1387 2940 1444 Animus
2953 1391 3099 1444 enim
3119 1393 3267 1446 omni
3287 1401 3518 1448 conten-

1943 1475 2110 1531 tionis
2146 1477 2330 1532 studio
2362 1494 2569 1534 vacuus
2613 1479 2668 1532 in
2702 1493 2801 1534 sua
2831 1482 3198 1550 propensione
3237 1500 3300 1538 ac
3327 1485 3520 1540 volun-

1942 1574 2054 1620 tate
2089 1582 2278 1638 pacem
2317 1569 2478 1624 habet
2512 1585 2745 1641 eamque
2779 1573 2934 1628 colit.
2958 1572 3145 1645 Neque
3169 1591 3298 1630 vero
3330 1592 3518 1646 pacem

1942 1659 2256 1715 istiusmodi
2299 1677 2538 1731 unquam
2589 1663 2908 1732 puta-bimus
2945 1667 3185 1736 aliquam
3232 1685 3357 1725 esse
3386 1670 3516 1726 sub-

1939 1753 2227 1814 stantiam,
2258 1753 2354 1807 sed
2407 1754 2461 1806 in
2501 1769 2695 1808 eorum
2732 1757 2931 1814 animis
2963 1761 3057 1829 qui
3112 1761 3350 1831 diligunt
3398 1778 3519 1817 eam

1939 1842 2127 1898 habitu
2202 1844 2516 1900 formatam.
2571 1847 2860 1912 Quomodo
2922 1867 3052 1923 ergo
3117 1869 3307 1922 pacem
3376 1854 3522 1910 hanc

1940 1951 2158 1992 onmem
2209 1954 2432 1993 sensum
2498 1957 2838 2011 exsuperare
2905 1942 3314 2014 intelligemus?
3364 1946 3521 2012 Quod

1939 2028 2084 2082 enim
2133 2045 2405 2099 nusquam
2440 2032 2666 2086 omnino
2701 2049 2796 2101 per
2825 2049 2885 2088 se
2920 2035 3198 2100 subsistit,
3242 2039 3522 2106 quomodo

1941 2121 2298 2188 praestantius
2323 2122 2430 2177 erit
2460 2123 2802 2190 hominibus,
2825 2135 2920 2180 aut
2954 2129 3187 2197 angelis.
3215 2130 3332 2184 sive
3359 2131 3518 2186 etiam

1942 2213 2469 2286 archangelis,quos
2495 2226 2704 2274 mentes
2727 2218 2890 2273 etiam
2915 2235 3036 2274 esse
3056 2219 3523 2287 dieimus?Quare

1941 2321 2043 2375 pax
2076 2306 2168 2360 illa
2205 2322 2328 2378 quae
2361 2319 2661 2379 exsuperat
2690 2310 3061 2380 Principatus,
3095 2321 3146 2366 et
3188 2311 3521 2380 Potestates,

1942 2405 1996 2452 et
2021 2396 2277 2454 Thronos
2310 2401 2460 2470 ipsos
2481 2411 2534 2456 et
2559 2402 2994 2468 Dominationes,
3029 2405 3275 2475 adeoque
3305 2421 3522 2461 omnem

1945 2500 2210 2556 mentem,
2234 2491 2476 2562 Spiritus
2501 2495 2705 2550 Christi
2736 2506 2843 2559 est,
2872 2511 2970 2566 per
3001 2513 3161 2566 quem
3196 2500 3381 2553 omnia
3415 2497 3524 2552 Deo

1943 2601 2010 2641 ac
2045 2587 2193 2642 Patri
2225 2591 2628 2654 reconciliavit,
2653 2591 2782 2645 dum
2813 2592 2947 2644 nihil
2979 2593 3124 2645 aliud
3166 2593 3300 2656 vult,
3337 2593 3520 2657 sentit,

1944 2689 2039 2734 aut
2071 2680 2223 2745 facit,
2251 2697 2352 2736 nec
2383 2682 2751 2737 conversione
2789 2683 2854 2736 ad
2900 2684 3105 2736 malum
3133 2685 3242 2736 alio
3285 2684 3525 2739 deflectit

1943 2772 2013 2826 ab
2055 2773 2197 2841 ipso.
2231 2771 2379 2825 Nihil
2426 2783 2608 2826 autem
2666 2773 2823 2826 obest
2876 2772 3376 2826 considerationem
3437 2773 3525 2827 hic

1943 2879 2109 2932 porro
2151 2865 2347 2918 alTei-re
2399 2880 2508 2918 non
2567 2864 2835 2919 insulsam
2882 2871 3030 2918 certe
3073 2865 3157 2918 vel
3192 2865 3522 2935 imperitam.

1943 2952 2414 3019 Quemadmodum
2447 2956 2594 3008 enim
2633 2969 2757 3008 cum
2789 2954 2900 3007 vita
2930 2953 3233 3008 secundum
3273 2963 3524 3007 naturam

1947 3046 2020 3101 sit
2064 3045 2259 3106 Filius.
2305 3055 2360 3100 et
2412 3047 2710 3114 sapientia,
2755 3061 2820 3101 ac
2851 3046 3052 3111 virtus,
3093 3055 3148 3100 et
3182 3044 3417 3116 Spiritus
3455 3049 3527 3102 sit

1947 3147 2112 3206 atque
2146 3146 2374 3191 vocetur
2416 3137 2542 3207 ejus
2577 3137 2840 3206 Spiritus,
2879 3136 3118 3206 Spiritus
3162 3146 3247 3191 est
3288 3139 3430 3200 vitm,
3473 3145 3528 3192 et

1947 3229 2253 3298 sapientiae,
2307 3243 2372 3282 ac
2413 3228 2632 3283 virtutis
2684 3246 2696 3282 :
2742 3227 2817 3280 ita
2862 3243 2987 3281 cum
3024 3228 3096 3281 sit
3136 3227 3252 3296 ipse
3307 3238 3362 3282 et
3418 3244 3524 3281 non

1947 3321 2088 3376 alius
2115 3336 2246 3375 vera
2273 3329 2326 3374 et
2373 3323 2598 3390 propria
2649 3335 2776 3390 pax,
2808 3320 2932 3388 jure
2980 3319 3196 3374 dicetur
3229 3335 3293 3373 ac
3328 3335 3526 3375 cense-

1947 3414 2101 3467 bitur
2136 3413 2281 3467 sicut
2331 3413 2448 3481 ipse
2503 3428 2603 3482 pax
2660 3410 2902 3481 Spiritus
2949 3410 3089 3479 ejus.
3125 3411 3359 3480 ideoque
3414 3428 3528 3466 suae

1947 3505 2125 3574 ipsius
2169 3514 2378 3559 naturae
2431 3505 2709 3574 propriam
2748 3518 2936 3574 pacem
2987 3503 3340 3572 peculiariter
3368 3506 3526 3557 attri-

1949 3599 2146 3664 buens,
2203 3599 2256 3653 id
2317 3605 2403 3654 est
2450 3596 2752 3668 Spiritum,
2789 3596 2861 3651 de
2908 3597 3030 3665 ipso
3085 3595 3162 3650 ait
3201 3616 3212 3651 :
3257 3615 3274 3647 ι
3329 3597 3526 3652 Pacem

1950 3706 2125 3746 meam
2181 3691 2434 3760 relinquo
2472 3689 2650 3745 vobis.
2688 3707 2707 3741 ι
2742 3686 2898 3754 Quod
2944 3696 3126 3742 autem
3173 3689 3342 3742 etiam
3385 3687 3528 3758 apud

1951 3789 2176 3837 sanctos
2207 3781 2504 3851 pr0phetas
2553 3780 2627 3834 ita
2658 3788 3014 3849 nuncupatus
3059 3781 3130 3835 sit
3168 3779 3375 3835 Christi
3411 3779 3531 3848 Spi.

1951 3875 2111 3936 ritus,
2141 3888 2208 3927 ex
2245 3871 2405 3928 Isaiae
2445 3870 2628 3926 verbis
2673 3879 2828 3926 recte
2870 3871 3188 3941 intelliges:
3220 3888 3238 3920 ι
3280 3869 3528 3931 Domine,

1951 3967 2134 4037 inquit
2165 3965 2334 4025 enim,
2363 3964 2509 4019 Deus
2539 3971 2752 4024 noster,
2791 3979 2981 4033 pacem
3011 3962 3078 4016 da
3111 3963 3271 4016 nobis
3303 3983 3314 4016 :
3347 3965 3530 4016 omnia

1949 4059 2094 4115 enim
2148 4050 2437 4113 reddidisti
2491 4057 2651 4112 nobis
2672 4059 2739 4112 ".
2785 4076 2802 4108 ι
2848 4055 3019 4120 Quasi
3066 4056 3212 4110 enim
3261 4055 3349 4109 lex
3398 4056 3534 4108 nihil

1952 4153 2018 4207 ad
2056 4152 2359 4221 perfectum
2395 4151 2706 4213 adduxerit,
2752 4164 2932 4218 neque
2969 4148 3106 4202 adeo
3136 4146 3370 4203 sufﬁciat
3410 4146 3532 4215 ejus

1949 4245 2190 4315 justitia,
2222 4257 2281 4297 ut
2313 4243 2379 4298 ad
2417 4243 2794 4312 plenissimam
2818 4249 2874 4293 et
2920 4240 3379 4308 perfectissimam
3415 4241 3532 4307 pie-

1953 4345 2121 4392 tatem
2181 4337 2456 4390 hominom
2512 4342 2754 4396 revocet,
2801 4332 3047 4386 divinum
3107 4331 3224 4384 dari
3267 4331 3531 4399 Spiritum

263 4426 328 4478 τδ
359 4425 582 4495 Πνεῦμα
607 4425 865 4496 Χριστοῦ,
910 4427 1163 4497 συνήσεις
1190 4422 1250 4479 εὖ
1285 4426 1428 4496 μάλα
1455 4427 1517 4479 τὸ
1549 4428 1635 4481 διὰ
1663 4429 1842 4499 φωνῆς

1960 4429 2190 4499 ﬂagitat,
2236 4442 2332 4498 per
2378 4442 2540 4496 quem
2602 4425 2940 4482 reconciliati
2998 4423 3112 4478 Deo
3157 4438 3221 4476 ac
3279 4422 3429 4477 Patri
3468 4423 3532 4478 ad

275 4517 504 4568 Ἡσαΐου
549 4515 733 4585 μαθών
755 4531 769 4544 °
811 4534 828 4565 ι
853 4514 1026 4585 Κύριε
1058 4514 1186 4587 γὰρ,
1223 4517 1408 4586 φησὶν,
1443 4517 1472 4568 6
1501 4517 1633 4578 Θεὸς
1668 4519 1847 4588 ἡμῶν,

264 4607 491 4675 εἰρήνην
520 4604 606 4667 δὸς
633 4606 767 4674 ήμῖν
790 4621 803 4634 ·
839 4605 1016 4658 πάντα
1046 4604 1155 4674 γὰρ
1185 4607 1473 4668 ἀπέδωκας
1505 4608 1654 4677 ἡμῖν.
1687 4627 1706 4659 ι
1765 4609 1854 4672 Ὠς

264 4700 377 4768 γὰρ
409 4698 559 4752 οὐδὲν
588 4697 684 4750 τοῦ
719 4697 888 4768 νόμου
917 4697 1352 4764 τετελειωκὸτος,
1395 4698 1519 4752 οὔτε
1554 4700 1660 4772 μὴν
1692 4700 1853 4771 ἐξαρ-

267 4789 474 4858 κούσης
501 4789 600 4858 τῆς
637 4788 757 4842 κατ’
790 4789 956 4843 αὐτὸν
982 4790 1331 4860 δικαιοσύνης
1364 4792 1443 4854 εἰς
1473 4791 1854 4862 πληρεστάτην

269 4883 552 4936 εὐσέϐειαν
579 4884 914 4954 ἀνακομίσαι
960 4885 1050 4937 τὸν
1079 4885 1384 4956 ἄνθρωπον,
1428 4885 1488 4937 τὸ
1537 4884 1766 4955 Πνεῦμα
1793 4886 1856 4938 τὸ

267 4974 412 5026 θεῖον
457 4975 676 5044 δοθῆναι
723 4977 1068 5048 παρακαλεῖ,
1108 4978 1173 5031 δι’
1212 4971 1273 5031 οῦ
1307 4979 1748 5050 κατηλλαγμένοι
1776 4980 1855 5050 τῷ

267 5067 391 5137 Θεῷ
417 5069 510 5121 καὶ
530 5069 707 5138 Πατρί
739 5070 878 5141 πρὸς
910 5070 1090 5139 φιλίαν
1116 5071 1558 5142 ἁνακεκλήμεθα,
1589 5071 1856 5140 δραπέται

266 5159 330 5211 τὸ
359 5163 488 5230 πρὶν
521 5161 956 5231 ἀναδεδειγμὲνοι
985 5161 1072 5215 διὰ
1101 5163 1200 5234 τὴν
1225 5165 1309 5230 ἐφ’
1342 5165 1491 5234 ἡμᾶς
1541 5162 1856 5234 βασιλεύου-

273 5270 374 5306 σαν
433 5254 732 5324 ἁμαρτίαν.
781 5254 880 5318 Δὸς
929 5253 1220 5326 τοιγαροῦν
1271 5255 1370 5327 τὴν
1416 5257 1638 5326 εἰρήνην
1686 5257 1854 5326 ἡμῖν,

272 5348 463 5416 φησὶν,
502 5341 547 5399 ὦ
574 5349 838 5411 Δέσποτα,
874 5347 1052 5400 πάντα
1078 5347 1187 5416 γὰρ
1223 5347 1510 5412 ἀπέδωκας
1539 5349 1693 5419 ἡμῖν.
1744 5349 1855 5400 Καὶ

269 5439 302 5491 ὃ
353 5438 606 5508 βούλεται,
654 5438 844 5509 δηλοῦν
893 5435 1033 5491 εἷναί
1088 5457 1232 5509 φημι
1288 5439 1560 5493 τοιοῦτοψ
1623 5440 1854 5503 Ἐπίδος,

274 5525 533 5602 φησίν,ὧ
579 5529 844 5594 Δέσποτα,
892 5532 990 5602 τὴν
1033 5533 1278 5603 εἰρήνην.
1336 5531 1518 5586 Πάντα
1559 5532 1666 5603 γὰρ
1711 5532 1851 5604 ἔχειν

352 5707 469 5739 "'“‘
505 5708 741 5780 Philipp.
773 5725 847 5775 iv,
890 5708 938 5764 7.
1020 5710 1061 5743 "7
1099 5708 1201 5765 isa.
1243 5725 1390 5775 xxvi,
1441 5711 1518 5764 l2.

1954 4519 2252 4574 amicitiam
2296 4519 2538 4573 revocati
2572 4534 2788 4583 sumus,
2817 4517 2910 4587 qui
2951 4523 3170 4586 propter
3204 4531 3442 4586 regnans
3480 4516 3532 4569 in

1953 4628 2055 4667 nos
2089 4620 2378 4682 peccatum
2433 4609 2647 4680 fugitivi
2690 4610 2845 4679 prius
2889 4623 3131 4663 eramus.
3175 4625 3192 4656 ι
3231 4605 3306 4658 Da
3346 4621 3533 4674 pacem

1953 4706 2114 4760 nobis
2164 4706 2351 4775 igitur,
2402 4720 2436 4758 o
2477 4703 2707 4757 Domine
2758 4702 2988 4757 :omnia
3045 4701 3190 4754 enim
3247 4698 3534 4754 reddidisti

1954 4800 2139 4853 nobis.
2175 4817 2193 4849 ι
2229 4797 2375 4851 Idem
2407 4805 2493 4852 est
2529 4811 2598 4851 ac
2629 4795 2674 4852 si
2703 4796 2913 4850 diceret
2941 4810 2953 4845 :
2989 4792 3088 4858 Da,
3131 4792 3331 4862 inquit,
3365 4808 3398 4846 o
3429 4791 3534 4846 Do-

1959 4891 2125 4952 mine,
2157 4905 2369 4959 pacem.
2415 4889 2612 4944 Omnia
2661 4887 2807 4943 enim
2839 4893 2970 4940 tunc
3007 4901 3110 4941 nos
3146 4886 3353 4940 habere
3400 4885 3536 4940 fate-

1957 4983 2161 5046 bimur,
2191 4983 2440 5052 nihilque
2473 4982 2603 5037 boni
2653 4982 2849 5037 deesse
2878 4979 3153 5034 videbitur
3190 4980 3242 5035 ei
3287 4978 3379 5049 qui
3422 4979 3539 5048 ple-

1957 5075 2266 5131 nitudinem
2317 5074 2479 5150 841
2513 5073 2718 5130 Christi
2766 5072 3064 5142 acceperit.
3103 5071 3297 5127 Omnis
3337 5071 3538 5141 quippe

1959 5167 2089 5222 boni
2125 5166 2410 5238 plenitudo
2455 5174 2562 5230 est,
2606 5164 2778 5220 Deum
2822 5164 2876 5218 in
2925 5164 3088 5218 nobis
3143 5163 3392 5217 habitare
3441 5177 3540 5231 per

1966 5258 2232 5329 Spiritum
2275 5257 2343 5312 ⁸³.
2396 5257 2671 5324 Quoniam
2711 5271 2844 5327 ergo
2890 5253 3133 5326 Spiritus
3165 5270 3325 5308 omne
3366 5253 3537 5307 animi

1964 5352 2370 5407 turbamentum
2406 5351 2620 5416 sedare,
2645 5364 2974 5418 omnemque
3005 5347 3061 5400 in
3102 5347 3262 5401 nobis
3299 5345 3540 5398 formidi-

1965 5459 2088 5498 nem
2117 5459 2468 5513 compescere
2496 5443 2734 5498 maxime
2759 5447 2958 5512 potest,
2978 5439 3110 5492 illud
3135 5435 3539 5508 quodammodo

1969 5535 2276 5591 subsidium
2313 5537 2377 5590 ad
2411 5536 2578 5592 animi
2613 5535 2781 5592 robur
2803 5545 2856 5590 et
2890 5529 3323 5603 perturbationis
3355 5528 3539 5584 vacuiv

1606 5713 1651 5746 “3
1691 5713 1902 5770 Coloss.
1947 5729 1989 5780 ι,
2032 5715 2116 5772 19.
