  <div class='ocr_page' id='page_1' title='image "/cluster/home/n/w/nwhite01/storage/ocr_20150623/74/nnc1.0046980180/171.png"; bbox 0 0 3892 6202; ppageno 0'>
   <div class='ocr_carea' id='block_1_1' title="bbox 441 234 545 292">
    <p class='ocr_par' dir='ltr' id='par_1_1' title="bbox 441 234 545 292">
     <span class='ocr_line' id='line_1_1' title="bbox 441 234 545 292; baseline -0.01 0"><span class='ocrx_word' id='word_1_1' title='bbox 441 234 545 292; x_wconf 70' lang='grc'><strong>307</strong></span> 
     </span>
    </p>
   </div>
   <div class='ocr_carea' id='block_1_2' title="bbox 1462 233 2689 294">
    <p class='ocr_par' dir='ltr' id='par_1_2' title="bbox 1462 233 2689 294">
     <span class='ocr_line' id='line_1_2' title="bbox 1462 233 2689 294; baseline -0.004 0"><span class='ocrx_word' id='word_1_2' title='bbox 1462 239 1520 294; x_wconf 88' lang='lat' dir='ltr'><strong>S.</strong></span> <span class='ocrx_word' id='word_1_3' title='bbox 1548 236 1830 294; x_wconf 69' lang='lat' dir='ltr'><strong>(intlLLl</strong></span> <span class='ocrx_word' id='word_1_4' title='bbox 1862 234 2337 292; x_wconf 79' lang='lat' dir='ltr'><strong>ALEXANDRINI</strong></span> <span class='ocrx_word' id='word_1_5' title='bbox 2368 233 2689 291; x_wconf 73' lang='lat' dir='ltr'><strong>ARCHl-EP.</strong></span> 
     </span>
    </p>
   </div>
   <div class='ocr_carea' id='block_1_3' title="bbox 3546 226 3677 284">
    <p class='ocr_par' dir='ltr' id='par_1_3' title="bbox 3546 226 3677 284">
     <span class='ocr_line' id='line_1_3' title="bbox 3546 226 3677 284; baseline 0 0"><span class='ocrx_word' id='word_1_6' title='bbox 3546 226 3677 284; x_wconf 60' lang='grc' dir='ltr'><strong>’ΞΜ</strong></span> 
     </span>
    </p>
   </div>
   <div class='ocr_carea' id='block_1_4' title="bbox 439 342 2000 428">
    <p class='ocr_par' dir='ltr' id='par_1_4' title="bbox 439 354 2000 428">
     <span class='ocr_line' id='line_1_4' title="bbox 439 354 2000 428; baseline 0 -21"><span class='ocrx_word' id='word_1_7' title='bbox 439 361 606 409; x_wconf 90' lang='lat' dir='ltr'><strong>tatem</strong></span> <span class='ocrx_word' id='word_1_8' title='bbox 641 354 985 425; x_wconf 82' lang='lat' dir='ltr'><strong>aptissimum</strong></span> <span class='ocrx_word' id='word_1_9' title='bbox 1023 355 1280 412; x_wconf 88' lang='lat' dir='ltr'><strong>daturum</strong></span> <span class='ocrx_word' id='word_1_10' title='bbox 1328 371 1388 413; x_wconf 89' lang='lat' dir='ltr'><strong>se</strong></span> <span class='ocrx_word' id='word_1_11' title='bbox 1426 357 1719 428; x_wconf 72' lang='lat' dir='ltr'><strong>promittit,</strong></span> <span class='ocrx_word' id='word_1_12' title='bbox 1766 355 1956 410; x_wconf 88' lang='lat' dir='ltr'><strong>dicens</strong></span> <span class='ocrx_word' id='word_1_13' title='bbox 1989 372 2000 407; x_wconf 94' lang='lat'>:</span> 
     </span>
    </p>
   </div>
   <div class='ocr_carea' id='block_1_5' title="bbox 2110 342 3678 428">
    <p class='ocr_par' dir='ltr' id='par_1_5' title="bbox 2110 342 3678 424">
     <span class='ocr_line' id='line_1_5' title="bbox 2110 342 3678 424; baseline -0.006 -18"><span class='ocrx_word' id='word_1_14' title='bbox 2110 352 2517 424; x_wconf 78' lang='grc' dir='ltr'><strong>ὁμολογήσομεν</strong></span> <span class='ocrx_word' id='word_1_15' title='bbox 2544 351 2688 414; x_wconf 89' lang='grc' dir='ltr'><strong>τότε,</strong></span> <span class='ocrx_word' id='word_1_16' title='bbox 2718 348 3021 413; x_wconf 85' lang='grc' dir='ltr'><strong>ὲλλελοιπὺς</strong></span> <span class='ocrx_word' id='word_1_17' title='bbox 3053 347 3111 403; x_wconf 80' lang='grc' dir='ltr'><strong>δέ</strong></span> <span class='ocrx_word' id='word_1_18' title='bbox 3136 345 3380 418; x_wconf 76' lang='grc' dir='ltr'><strong>φανεῖται</strong></span> <span class='ocrx_word' id='word_1_19' title='bbox 3405 343 3513 398; x_wconf 84' lang='grc' dir='ltr'><strong>τῶν</strong></span> <span class='ocrx_word' id='word_1_20' title='bbox 3538 342 3678 411; x_wconf 83' lang='grc' dir='ltr'><strong>ἀγα-</strong></span> 
     </span>
    </p>
   </div>
   <div class='ocr_carea' id='block_1_6' title="bbox 442 446 2002 520">
    <p class='ocr_par' dir='ltr' id='par_1_6' title="bbox 442 446 2002 520">
     <span class='ocr_line' id='line_1_6' title="bbox 442 446 2002 520; baseline 0.001 -22"><span class='ocrx_word' id='word_1_21' title='bbox 442 466 460 497; x_wconf 75' lang='grc'><strong>(</strong></span> <span class='ocrx_word' id='word_1_22' title='bbox 504 446 704 502; x_wconf 85' lang='lat' dir='ltr'><strong>Pacem</strong></span> <span class='ocrx_word' id='word_1_23' title='bbox 741 464 917 504; x_wconf 89' lang='lat' dir='ltr'><strong>meam</strong></span> <span class='ocrx_word' id='word_1_24' title='bbox 950 450 1202 520; x_wconf 86' lang='lat' dir='ltr'><strong>relinquo</strong></span> <span class='ocrx_word' id='word_1_25' title='bbox 1238 449 1396 505; x_wconf 82' lang='lat' dir='ltr'><strong>vobis</strong></span> <span class='ocrx_word' id='word_1_26' title='bbox 1436 464 1453 504; x_wconf 88' lang='lat'><strong>:</strong></span> <span class='ocrx_word' id='word_1_27' title='bbox 1492 463 1562 504; x_wconf 89' lang='lat' dir='ltr'><strong>ne</strong></span> <span class='ocrx_word' id='word_1_28' title='bbox 1609 448 1867 502; x_wconf 77' lang='lat' dir='ltr'><strong>turbetur</strong></span> <span class='ocrx_word' id='word_1_29' title='bbox 1905 459 2002 500; x_wconf 89' lang='lat' dir='ltr'><strong>cor</strong></span> 
     </span>
    </p>
   </div>
   <div class='ocr_carea' id='block_1_7' title="bbox 438 541 1287 612">
    <p class='ocr_par' dir='ltr' id='par_1_7' title="bbox 438 541 1287 612">
     <span class='ocr_line' id='line_1_7' title="bbox 438 541 1287 612; baseline 0.004 -21"><span class='ocrx_word' id='word_1_30' title='bbox 438 548 703 605; x_wconf 80' lang='lat' dir='ltr'><strong>vestrum,</strong></span> <span class='ocrx_word' id='word_1_31' title='bbox 733 557 910 612; x_wconf 88' lang='lat' dir='ltr'><strong>neque</strong></span> <span class='ocrx_word' id='word_1_32' title='bbox 942 541 1223 598; x_wconf 85' lang='lat' dir='ltr'><strong>l&#39;ormidet.</strong></span> <span class='ocrx_word' id='word_1_33' title='bbox 1266 561 1287 594; x_wconf 74' lang='grc' dir='ltr'><strong>ι</strong></span> 
     </span>
    </p>
   </div>
   <div class='ocr_carea' id='block_1_8' title="bbox 2111 436 3681 514">
    <p class='ocr_par' dir='ltr' id='par_1_8' title="bbox 2111 436 3681 514">
     <span class='ocr_line' id='line_1_8' title="bbox 2111 436 3681 514; baseline -0.006 -16"><span class='ocrx_word' id='word_1_34' title='bbox 2111 444 2220 498; x_wconf 87' lang='grc' dir='ltr'><strong>θῶν</strong></span> <span class='ocrx_word' id='word_1_35' title='bbox 2253 444 2437 508; x_wconf 77' lang='grc' dir='ltr'><strong>οὐδὲν,</strong></span> <span class='ocrx_word' id='word_1_36' title='bbox 2491 442 2571 514; x_wconf 78' lang='grc' dir='ltr'><strong>τῷ</strong></span> <span class='ocrx_word' id='word_1_37' title='bbox 2602 460 2666 512; x_wconf 91' lang='grc' dir='ltr'><strong>γε</strong></span> <span class='ocrx_word' id='word_1_38' title='bbox 2712 438 2862 506; x_wconf 80' lang='grc' dir='ltr'><strong>ἀπαξ</strong></span> <span class='ocrx_word' id='word_1_39' title='bbox 2912 440 3266 512; x_wconf 83' lang='grc' dir='ltr'><strong>κομισαμένῳ</strong></span> <span class='ocrx_word' id='word_1_40' title='bbox 3302 437 3369 493; x_wconf 80' lang='grc' dir='ltr'><strong>τὸ</strong></span> <span class='ocrx_word' id='word_1_41' title='bbox 3408 436 3681 507; x_wconf 82' lang='grc' dir='ltr'><strong>πλήρωμα</strong></span> 
     </span>
    </p>
   </div>
   <div class='ocr_carea' id='block_1_9' title="bbox 2113 527 3681 607">
    <p class='ocr_par' dir='ltr' id='par_1_9' title="bbox 2113 527 3681 607">
     <span class='ocr_line' id='line_1_9' title="bbox 2113 527 3681 607; baseline -0.006 -18"><span class='ocrx_word' id='word_1_42' title='bbox 2113 534 2376 607; x_wconf 80' lang='grc' dir='ltr'><strong>Χριστοῦ.</strong></span> <span class='ocrx_word' id='word_1_43' title='bbox 2413 535 2621 599; x_wconf 78' lang='grc' dir='ltr'><strong>Παντὸς</strong></span> <span class='ocrx_word' id='word_1_44' title='bbox 2650 533 2759 607; x_wconf 84' lang='grc' dir='ltr'><strong>γὰρ</strong></span> <span class='ocrx_word' id='word_1_45' title='bbox 2790 533 3074 604; x_wconf 84' lang='grc' dir='ltr'><strong>πλήρωσις</strong></span> <span class='ocrx_word' id='word_1_46' title='bbox 3097 529 3323 602; x_wconf 79' lang='grc' dir='ltr'><strong>ἀγαθοῦ,</strong></span> <span class='ocrx_word' id='word_1_47' title='bbox 3357 527 3681 598; x_wconf 77' lang='grc' dir='ltr'><strong>κατοικῆσαι</strong></span> 
     </span>
    </p>
   </div>
   <div class='ocr_carea' id='block_1_10' title="bbox 434 618 3677 705">
    <p class='ocr_par' dir='ltr' id='par_1_10' title="bbox 434 618 3677 705">
     <span class='ocr_line' id='line_1_10' title="bbox 434 618 3677 705; baseline -0.003 -19"><span class='ocrx_word' id='word_1_48' title='bbox 434 633 568 687; x_wconf 77' lang='grc' dir='ltr'><strong>Θεὸν</strong></span> <span class='ocrx_word' id='word_1_49' title='bbox 601 635 661 686; x_wconf 83' lang='grc' dir='ltr'><strong>ἐν</strong></span> <span class='ocrx_word' id='word_1_50' title='bbox 710 634 842 705; x_wconf 78' lang='grc' dir='ltr'><strong>ἡμῖν</strong></span> <span class='ocrx_word' id='word_1_51' title='bbox 882 634 975 689; x_wconf 84' lang='grc' dir='ltr'><strong>διὰ</strong></span> <span class='ocrx_word' id='word_1_52' title='bbox 1019 633 1112 688; x_wconf 86' lang='grc' dir='ltr'><strong>τοῦ</strong></span> <span class='ocrx_word' id='word_1_53' title='bbox 1164 633 1501 705; x_wconf 78' lang='grc' dir='ltr'><strong>Πνεύματος.</strong></span> <span class='ocrx_word' id='word_1_54' title='bbox 1562 632 1783 705; x_wconf 77' lang='grc' dir='ltr'><strong>Ἐπειδὴ</strong></span> <span class='ocrx_word' id='word_1_55' title='bbox 1828 632 2006 688; x_wconf 79' lang='grc' dir='ltr'><strong>τοίνυν</strong></span> <span class='ocrx_word' id='word_1_56' title='bbox 2045 632 2375 688; x_wconf 77' lang='grc' dir='ltr'><strong>ἱκανώτατον</strong></span> <span class='ocrx_word' id='word_1_57' title='bbox 2405 629 2607 701; x_wconf 84' lang='grc' dir='ltr'><strong>σφόδρα</strong></span> <span class='ocrx_word' id='word_1_58' title='bbox 2650 629 2710 683; x_wconf 83' lang='grc' dir='ltr'><strong>τὸ</strong></span> <span class='ocrx_word' id='word_1_59' title='bbox 2737 626 2963 698; x_wconf 83' lang='grc' dir='ltr'><strong>Πνεῦμά</strong></span> <span class='ocrx_word' id='word_1_60' title='bbox 2988 628 3122 691; x_wconf 88' lang='grc' dir='ltr'><strong>ἐστι,</strong></span> <span class='ocrx_word' id='word_1_61' title='bbox 3157 625 3338 678; x_wconf 88' lang='grc' dir='ltr'><strong>πάντα</strong></span> <span class='ocrx_word' id='word_1_62' title='bbox 3396 621 3499 692; x_wconf 78' lang='grc' dir='ltr'><strong>τῆς</strong></span> <span class='ocrx_word' id='word_1_63' title='bbox 3560 618 3677 671; x_wconf 80' lang='grc' dir='ltr'><strong>δια-</strong></span> 
     </span>
    </p>
   </div>
   <div class='ocr_carea' id='block_1_11' title="bbox 440 711 3680 800">
    <p class='ocr_par' dir='ltr' id='par_1_11' title="bbox 440 711 3680 800">
     <span class='ocr_line' id='line_1_11' title="bbox 440 711 3680 800; baseline -0.004 -22"><span class='ocrx_word' id='word_1_64' title='bbox 440 724 584 790; x_wconf 87' lang='grc' dir='ltr'><strong>νοίας</strong></span> <span class='ocrx_word' id='word_1_65' title='bbox 647 729 977 800; x_wconf 61' lang='grc' dir='ltr'><strong>ωταραῖσαι</strong></span> <span class='ocrx_word' id='word_1_66' title='bbox 1043 727 1291 799; x_wconf 82' lang='grc' dir='ltr'><strong>θόρυϐον,</strong></span> <span class='ocrx_word' id='word_1_67' title='bbox 1335 731 1433 785; x_wconf 68' lang='grc' dir='ltr'><strong>καὶ</strong></span> <span class='ocrx_word' id='word_1_68' title='bbox 1475 730 1655 784; x_wconf 81' lang='grc' dir='ltr'><strong>πᾶσαν</strong></span> <span class='ocrx_word' id='word_1_69' title='bbox 1694 716 1794 800; x_wconf 85' lang='grc' dir='ltr'><strong>τὴν</strong></span> <span class='ocrx_word' id='word_1_70' title='bbox 1839 731 1898 782; x_wconf 83' lang='grc' dir='ltr'><strong>ἐν</strong></span> <span class='ocrx_word' id='word_1_71' title='bbox 1949 731 2084 800; x_wconf 78' lang='grc' dir='ltr'><strong>ἡμῖν</strong></span> <span class='ocrx_word' id='word_1_72' title='bbox 2120 727 2469 800; x_wconf 81' lang='grc' dir='ltr'><strong>καταργῆσαι</strong></span> <span class='ocrx_word' id='word_1_73' title='bbox 2494 723 2715 790; x_wconf 76' lang='grc' dir='ltr'><strong>δειλίαν,</strong></span> <span class='ocrx_word' id='word_1_74' title='bbox 2744 723 2954 794; x_wconf 86' lang='grc' dir='ltr'><strong>ἐφόδιον</strong></span> <span class='ocrx_word' id='word_1_75' title='bbox 2977 721 3167 792; x_wconf 83' lang='grc' dir='ltr'><strong>ὥσπερ</strong></span> <span class='ocrx_word' id='word_1_76' title='bbox 3204 721 3284 783; x_wconf 86' lang='grc' dir='ltr'><strong>είς</strong></span> <span class='ocrx_word' id='word_1_77' title='bbox 3310 716 3559 789; x_wconf 83' lang='grc' dir='ltr'><strong>ἀνδρείαν</strong></span> <span class='ocrx_word' id='word_1_78' title='bbox 3583 711 3680 767; x_wconf 76' lang='grc' dir='ltr'><strong>καὶ</strong></span> 
     </span>
    </p>
   </div>
   <div class='ocr_carea' id='block_1_12' title="bbox 350 809 3681 897">
    <p class='ocr_par' dir='ltr' id='par_1_12' title="bbox 350 809 3681 897">
     <span class='ocr_line' id='line_1_12' title="bbox 350 809 3681 897; baseline 0.003 -29"><span class='ocrx_word' id='word_1_79' title='bbox 350 836 355 841; x_wconf 54' lang='grc' dir='ltr'><strong>ο</strong></span> <span class='ocrx_word' id='word_1_80' title='bbox 436 814 738 886; x_wconf 79' lang='grc' dir='ltr'><strong>ἀταραξίαν</strong></span> <span class='ocrx_word' id='word_1_81' title='bbox 781 817 843 870; x_wconf 86' lang='grc' dir='ltr'><strong>τὺ</strong></span> <span class='ocrx_word' id='word_1_82' title='bbox 903 819 1205 890; x_wconf 82' lang='grc' dir='ltr'><strong>ἐπιτήδειον</strong></span> <span class='ocrx_word' id='word_1_83' title='bbox 1255 817 1539 873; x_wconf 78' lang='grc' dir='ltr'><strong>ἐπιδώσειν</strong></span> <span class='ocrx_word' id='word_1_84' title='bbox 1592 820 1987 889; x_wconf 79' lang='grc' dir='ltr'><strong>ἐπαγγέλλεται</strong></span> <span class='ocrx_word' id='word_1_85' title='bbox 2026 821 2201 889; x_wconf 78' lang='grc' dir='ltr'><strong>λέγων</strong></span> <span class='ocrx_word' id='word_1_86' title='bbox 2229 833 2245 849; x_wconf 78' lang='grc'><strong>⁰</strong></span> <span class='ocrx_word' id='word_1_87' title='bbox 2277 836 2297 870; x_wconf 77' lang='grc' dir='ltr'><strong>ι</strong></span> <span class='ocrx_word' id='word_1_88' title='bbox 2331 817 2573 891; x_wconf 84' lang='grc' dir='ltr'><strong>Εἰρήνην</strong></span> <span class='ocrx_word' id='word_1_89' title='bbox 2598 816 2700 886; x_wconf 79' lang='grc' dir='ltr'><strong>τὴν</strong></span> <span class='ocrx_word' id='word_1_90' title='bbox 2742 814 2882 897; x_wconf 68' lang='grc' dir='ltr'><strong>ἐμὴν</strong></span> <span class='ocrx_word' id='word_1_91' title='bbox 2917 813 3120 885; x_wconf 77' lang='grc' dir='ltr'><strong>ἀφίημι</strong></span> <span class='ocrx_word' id='word_1_92' title='bbox 3163 813 3291 884; x_wconf 78' lang='grc' dir='ltr'><strong>ὑμῖν</strong></span> <span class='ocrx_word' id='word_1_93' title='bbox 3314 827 3328 842; x_wconf 83' lang='grc'><strong><em>⁵</em></strong></span> <span class='ocrx_word' id='word_1_94' title='bbox 3371 809 3447 881; x_wconf 83' lang='grc' dir='ltr'><strong>μὴ</strong></span> <span class='ocrx_word' id='word_1_95' title='bbox 3483 823 3681 880; x_wconf 78' lang='grc' dir='ltr'><strong>ταρασ·</strong></span> 
     </span>
    </p>
   </div>
   <div class='ocr_carea' id='block_1_13' title="bbox 436 905 1609 981">
    <p class='ocr_par' dir='ltr' id='par_1_13' title="bbox 436 905 1609 981">
     <span class='ocr_line' id='line_1_13' title="bbox 436 905 1609 981; baseline 0.003 -23"><span class='ocrx_word' id='word_1_96' title='bbox 436 905 613 959; x_wconf 79' lang='grc' dir='ltr'><strong>σέσθω</strong></span> <span class='ocrx_word' id='word_1_97' title='bbox 640 906 794 977; x_wconf 84' lang='grc' dir='ltr'><strong>ὑμῶν</strong></span> <span class='ocrx_word' id='word_1_98' title='bbox 822 907 857 978; x_wconf 82' lang='grc' dir='ltr'><strong>ἡ</strong></span> <span class='ocrx_word' id='word_1_99' title='bbox 880 908 1098 980; x_wconf 83' lang='grc' dir='ltr'><strong>καρδία,</strong></span> <span class='ocrx_word' id='word_1_100' title='bbox 1126 910 1259 981; x_wconf 85' lang='grc' dir='ltr'><strong>μηδὲ</strong></span> <span class='ocrx_word' id='word_1_101' title='bbox 1287 909 1552 964; x_wconf 83' lang='grc' dir='ltr'><strong>δειλιάτω.</strong></span> <span class='ocrx_word' id='word_1_102' title='bbox 1591 930 1609 962; x_wconf 75' lang='grc' dir='ltr'><strong>ι</strong></span> 
     </span>
    </p>
   </div>
   <div class='ocr_carea' id='block_1_14' title="bbox 506 997 2005 1072">
    <p class='ocr_par' dir='ltr' id='par_1_14' title="bbox 506 997 2005 1072">
     <span class='ocr_line' id='line_1_14' title="bbox 506 997 2005 1072; baseline 0.004 -21"><span class='ocrx_word' id='word_1_103' title='bbox 506 997 649 1066; x_wconf 82' lang='lat' dir='ltr'><strong>XIV,</strong></span> <span class='ocrx_word' id='word_1_104' title='bbox 684 998 777 1055; x_wconf 76' lang='grc'><strong>28.</strong></span> <span class='ocrx_word' id='word_1_105' title='bbox 818 1000 1057 1056; x_wconf 85' lang='lat' dir='ltr'><strong>Audistis</strong></span> <span class='ocrx_word' id='word_1_106' title='bbox 1092 1002 1220 1071; x_wconf 87' lang='lat' dir='ltr'><strong>quia</strong></span> <span class='ocrx_word' id='word_1_107' title='bbox 1243 1017 1337 1072; x_wconf 85' lang='lat' dir='ltr'><strong>ego</strong></span> <span class='ocrx_word' id='word_1_108' title='bbox 1378 1001 1499 1055; x_wconf 76' lang='lat' dir='ltr'><strong>dixi</strong></span> <span class='ocrx_word' id='word_1_109' title='bbox 1539 1003 1681 1059; x_wconf 83' lang='lat' dir='ltr'><strong>vobis</strong></span> <span class='ocrx_word' id='word_1_110' title='bbox 1713 1021 1731 1059; x_wconf 91' lang='lat'><strong><em>:</em></strong></span> <span class='ocrx_word' id='word_1_111' title='bbox 1764 1003 1914 1059; x_wconf 85' lang='lat' dir='ltr'><strong>Vade</strong></span> <span class='ocrx_word' id='word_1_112' title='bbox 1955 1013 2005 1058; x_wconf 80' lang='lat' dir='ltr'><strong>et</strong></span> 
     </span>
    </p>
   </div>
   <div class='ocr_carea' id='block_1_15' title="bbox 436 1092 816 1147">
    <p class='ocr_par' dir='ltr' id='par_1_15' title="bbox 436 1092 816 1147">
     <span class='ocr_line' id='line_1_15' title="bbox 436 1092 816 1147; baseline 0.005 -2"><span class='ocrx_word' id='word_1_113' title='bbox 436 1094 582 1146; x_wconf 75' lang='lat' dir='ltr'><strong>venio</strong></span> <span class='ocrx_word' id='word_1_114' title='bbox 612 1092 680 1146; x_wconf 87' lang='lat' dir='ltr'><strong>ad</strong></span> <span class='ocrx_word' id='word_1_115' title='bbox 706 1109 816 1147; x_wconf 82' lang='lat' dir='ltr'><strong>vos.</strong></span> 
     </span>
    </p>
   </div>
   <div class='ocr_carea' id='block_1_16' title="bbox 507 1178 2005 1252">
    <p class='ocr_par' dir='ltr' id='par_1_16' title="bbox 507 1178 2005 1252">
     <span class='ocr_line' id='line_1_16' title="bbox 507 1178 2005 1252; baseline 0.003 -19"><span class='ocrx_word' id='word_1_116' title='bbox 507 1178 628 1234; x_wconf 83' lang='lat' dir='ltr'><strong>Non</strong></span> <span class='ocrx_word' id='word_1_117' title='bbox 658 1179 727 1234; x_wconf 90' lang='lat' dir='ltr'><strong>ab</strong></span> <span class='ocrx_word' id='word_1_118' title='bbox 751 1180 882 1246; x_wconf 86' lang='lat' dir='ltr'><strong>alio,</strong></span> <span class='ocrx_word' id='word_1_119' title='bbox 912 1181 1115 1250; x_wconf 79' lang='lat' dir='ltr'><strong>inquit,</strong></span> <span class='ocrx_word' id='word_1_120' title='bbox 1136 1195 1304 1252; x_wconf 89' lang='lat' dir='ltr'><strong>quam</strong></span> <span class='ocrx_word' id='word_1_121' title='bbox 1328 1196 1360 1236; x_wconf 91' lang='lat' dir='ltr'><strong>a</strong></span> <span class='ocrx_word' id='word_1_122' title='bbox 1389 1196 1477 1237; x_wconf 89' lang='lat' dir='ltr'><strong>me</strong></span> <span class='ocrx_word' id='word_1_123' title='bbox 1508 1181 1745 1239; x_wconf 88' lang='lat' dir='ltr'><strong>audistis</strong></span> <span class='ocrx_word' id='word_1_124' title='bbox 1788 1182 1853 1237; x_wconf 90' lang='lat' dir='ltr'><strong>de</strong></span> <span class='ocrx_word' id='word_1_125' title='bbox 1884 1198 2005 1237; x_wconf 88' lang='lat' dir='ltr'><strong>meo</strong></span> 
     </span>
    </p>
   </div>
   <div class='ocr_carea' id='block_1_17' title="bbox 436 1268 2006 1341">
    <p class='ocr_par' dir='ltr' id='par_1_17' title="bbox 436 1268 2006 1341">
     <span class='ocr_line' id='line_1_17' title="bbox 436 1268 2006 1341; baseline 0.001 -18"><span class='ocrx_word' id='word_1_126' title='bbox 436 1269 708 1332; x_wconf 87' lang='lat' dir='ltr'><strong>discessu,</strong></span> <span class='ocrx_word' id='word_1_127' title='bbox 756 1268 860 1339; x_wconf 88' lang='lat' dir='ltr'><strong>ipsi</strong></span> <span class='ocrx_word' id='word_1_128' title='bbox 914 1269 1122 1341; x_wconf 86' lang='lat' dir='ltr'><strong>quippe</strong></span> <span class='ocrx_word' id='word_1_129' title='bbox 1160 1284 1282 1325; x_wconf 87' lang='lat' dir='ltr'><strong>mea</strong></span> <span class='ocrx_word' id='word_1_130' title='bbox 1326 1270 1495 1326; x_wconf 86' lang='lat' dir='ltr'><strong>verba</strong></span> <span class='ocrx_word' id='word_1_131' title='bbox 1538 1270 1768 1326; x_wconf 83' lang='lat' dir='ltr'><strong>auribus</strong></span> <span class='ocrx_word' id='word_1_132' title='bbox 1808 1269 2006 1325; x_wconf 75' lang='lat' dir='ltr'><strong>vestris</strong></span> 
     </span>
    </p>
   </div>
   <div class='ocr_carea' id='block_1_18' title="bbox 437 1360 2009 1432">
    <p class='ocr_par' dir='ltr' id='par_1_18' title="bbox 437 1360 2009 1432">
     <span class='ocr_line' id='line_1_18' title="bbox 437 1360 2009 1432; baseline 0.001 -18"><span class='ocrx_word' id='word_1_133' title='bbox 437 1360 724 1416; x_wconf 83' lang='lat' dir='ltr'><strong>hausistis.</strong></span> <span class='ocrx_word' id='word_1_134' title='bbox 756 1360 904 1426; x_wconf 74' lang='lat' dir='ltr'><strong>Quid</strong></span> <span class='ocrx_word' id='word_1_135' title='bbox 938 1368 1122 1416; x_wconf 88' lang='lat' dir='ltr'><strong>autem</strong></span> <span class='ocrx_word' id='word_1_136' title='bbox 1159 1360 1320 1417; x_wconf 91' lang='lat' dir='ltr'><strong>vobis</strong></span> <span class='ocrx_word' id='word_1_137' title='bbox 1380 1361 1629 1432; x_wconf 86' lang='lat' dir='ltr'><strong>promisi,</strong></span> <span class='ocrx_word' id='word_1_138' title='bbox 1654 1362 1751 1432; x_wconf 92' lang='lat' dir='ltr'><strong>qui</strong></span> <span class='ocrx_word' id='word_1_139' title='bbox 1779 1360 2009 1418; x_wconf 87' lang='lat' dir='ltr'><strong>mentiri</strong></span> 
     </span>
    </p>
   </div>
   <div class='ocr_carea' id='block_1_19' title="bbox 437 1450 2006 1523">
    <p class='ocr_par' dir='ltr' id='par_1_19' title="bbox 437 1450 2006 1523">
     <span class='ocr_line' id='line_1_19' title="bbox 437 1450 2006 1523; baseline 0.002 -18"><span class='ocrx_word' id='word_1_140' title='bbox 437 1450 664 1507; x_wconf 88' lang='lat' dir='ltr'><strong>nescio?</strong></span> <span class='ocrx_word' id='word_1_141' title='bbox 693 1472 713 1504; x_wconf 85' lang='grc'><strong><em>‹</em></strong></span> <span class='ocrx_word' id='word_1_142' title='bbox 752 1450 868 1523; x_wconf 87' lang='lat' dir='ltr'><strong>Ego</strong></span> <span class='ocrx_word' id='word_1_143' title='bbox 898 1456 1056 1518; x_wconf 89' lang='lat' dir='ltr'><strong>vado,</strong></span> <span class='ocrx_word' id='word_1_144' title='bbox 1079 1459 1135 1508; x_wconf 89' lang='lat' dir='ltr'><strong>et</strong></span> <span class='ocrx_word' id='word_1_145' title='bbox 1156 1452 1316 1511; x_wconf 90' lang='lat' dir='ltr'><strong>venio</strong></span> <span class='ocrx_word' id='word_1_146' title='bbox 1339 1451 1408 1506; x_wconf 92' lang='lat' dir='ltr'><strong>ad</strong></span> <span class='ocrx_word' id='word_1_147' title='bbox 1441 1467 1558 1508; x_wconf 91' lang='lat' dir='ltr'><strong>vos.</strong></span> <span class='ocrx_word' id='word_1_148' title='bbox 1592 1471 1611 1505; x_wconf 70' lang='grc' dir='ltr'><strong>ι</strong></span> <span class='ocrx_word' id='word_1_149' title='bbox 1640 1451 1776 1507; x_wconf 84' lang='lat' dir='ltr'><strong>Nam</strong></span> <span class='ocrx_word' id='word_1_150' title='bbox 1809 1453 1856 1509; x_wconf 88' lang='lat' dir='ltr'><strong>si</strong></span> <span class='ocrx_word' id='word_1_151' title='bbox 1887 1453 2006 1508; x_wconf 82' lang='lat' dir='ltr'><strong>dis-</strong></span> 
     </span>
    </p>
   </div>
   <div class='ocr_carea' id='block_1_20' title="bbox 436 1544 2006 1613">
    <p class='ocr_par' dir='ltr' id='par_1_20' title="bbox 436 1544 2006 1613">
     <span class='ocr_line' id='line_1_20' title="bbox 436 1544 2006 1613; baseline 0.001 -15"><span class='ocrx_word' id='word_1_152' title='bbox 436 1557 633 1600; x_wconf 82' lang='lat' dir='ltr'><strong>cessus</strong></span> <span class='ocrx_word' id='word_1_153' title='bbox 687 1558 844 1599; x_wconf 92' lang='lat' dir='ltr'><strong>meus</strong></span> <span class='ocrx_word' id='word_1_154' title='bbox 876 1544 1276 1600; x_wconf 85' lang='lat' dir='ltr'><strong>consolationis</strong></span> <span class='ocrx_word' id='word_1_155' title='bbox 1323 1544 1465 1599; x_wconf 86' lang='lat' dir='ltr'><strong>nihil</strong></span> <span class='ocrx_word' id='word_1_156' title='bbox 1502 1552 1651 1600; x_wconf 80' lang='lat' dir='ltr'><strong>esset</strong></span> <span class='ocrx_word' id='word_1_157' title='bbox 1695 1544 2006 1613; x_wconf 89' lang='lat' dir='ltr'><strong>habiturus,</strong></span> 
     </span>
    </p>
   </div>
   <div class='ocr_carea' id='block_1_21' title="bbox 434 1633 2010 1706">
    <p class='ocr_par' dir='ltr' id='par_1_21' title="bbox 434 1633 2010 1706">
     <span class='ocr_line' id='line_1_21' title="bbox 434 1633 2010 1706; baseline 0 -17"><span class='ocrx_word' id='word_1_158' title='bbox 434 1648 647 1706; x_wconf 87' lang='lat' dir='ltr'><strong>vosque</strong></span> <span class='ocrx_word' id='word_1_159' title='bbox 688 1633 747 1688; x_wconf 88' lang='lat' dir='ltr'><strong>in</strong></span> <span class='ocrx_word' id='word_1_160' title='bbox 793 1644 1118 1706; x_wconf 90' lang='lat' dir='ltr'><strong>perpetuum</strong></span> <span class='ocrx_word' id='word_1_161' title='bbox 1162 1650 1341 1691; x_wconf 89' lang='lat' dir='ltr'><strong>essem</strong></span> <span class='ocrx_word' id='word_1_162' title='bbox 1390 1635 1720 1699; x_wconf 84' lang='lat' dir='ltr'><strong>relicturus,</strong></span> <span class='ocrx_word' id='word_1_163' title='bbox 1768 1635 2010 1706; x_wconf 76' lang='lat' dir='ltr'><strong>graviter</strong></span> 
     </span>
    </p>
   </div>
   <div class='ocr_carea' id='block_1_22' title="bbox 438 1725 2008 1798">
    <p class='ocr_par' dir='ltr' id='par_1_22' title="bbox 438 1725 2008 1798">
     <span class='ocr_line' id='line_1_22' title="bbox 438 1725 2008 1798; baseline 0 -18"><span class='ocrx_word' id='word_1_164' title='bbox 438 1725 631 1796; x_wconf 89' lang='lat' dir='ltr'><strong>utique</strong></span> <span class='ocrx_word' id='word_1_165' title='bbox 660 1725 716 1781; x_wconf 89' lang='lat' dir='ltr'><strong>id</strong></span> <span class='ocrx_word' id='word_1_166' title='bbox 746 1725 913 1795; x_wconf 76' lang='lat' dir='ltr'><strong>ferre,</strong></span> <span class='ocrx_word' id='word_1_167' title='bbox 942 1736 1105 1798; x_wconf 88' lang='lat' dir='ltr'><strong>atque</strong></span> <span class='ocrx_word' id='word_1_168' title='bbox 1139 1726 1210 1783; x_wconf 89' lang='lat' dir='ltr'><strong>ob</strong></span> <span class='ocrx_word' id='word_1_169' title='bbox 1236 1726 1290 1782; x_wconf 89' lang='lat' dir='ltr'><strong>id</strong></span> <span class='ocrx_word' id='word_1_170' title='bbox 1323 1726 1565 1781; x_wconf 88' lang='lat' dir='ltr'><strong>animum</strong></span> <span class='ocrx_word' id='word_1_171' title='bbox 1600 1726 1727 1797; x_wconf 85' lang='lat' dir='ltr'><strong>jure</strong></span> <span class='ocrx_word' id='word_1_172' title='bbox 1766 1725 2008 1797; x_wconf 89' lang='lat' dir='ltr'><strong>despon-</strong></span> 
     </span>
    </p>
   </div>
   <div class='ocr_carea' id='block_1_23' title="bbox 2189 987 3680 1061">
    <p class='ocr_par' dir='ltr' id='par_1_23' title="bbox 2189 987 3680 1061">
     <span class='ocr_line' id='line_1_23' title="bbox 2189 987 3680 1061; baseline -0.003 -10"><span class='ocrx_word' id='word_1_173' title='bbox 2189 996 2519 1052; x_wconf 79' lang='grc' dir='ltr'><strong>Ἠκούσατε</strong></span> <span class='ocrx_word' id='word_1_174' title='bbox 2545 992 2635 1046; x_wconf 83' lang='grc' dir='ltr'><strong>ὅτι</strong></span> <span class='ocrx_word' id='word_1_175' title='bbox 2680 990 2795 1061; x_wconf 73' lang='grc' dir='ltr'><strong>ἐγὼ</strong></span> <span class='ocrx_word' id='word_1_176' title='bbox 2845 1006 3021 1047; x_wconf 51' lang='grc' dir='ltr'><strong>δάϊον</strong></span> <span class='ocrx_word' id='word_1_177' title='bbox 3064 987 3226 1059; x_wconf 71' lang='grc' dir='ltr'><strong>ὑμῖν-ν</strong></span> <span class='ocrx_word' id='word_1_178' title='bbox 3278 988 3544 1060; x_wconf 74' lang='grc' dir='ltr'><strong>Ὑπάγω,</strong></span> <span class='ocrx_word' id='word_1_179' title='bbox 3579 993 3680 1047; x_wconf 75' lang='grc' dir='ltr'><strong>καὶ</strong></span> 
     </span>
    </p>
   </div>
   <div class='ocr_carea' id='block_1_24' title="bbox 2104 1081 2737 1157">
    <p class='ocr_par' dir='ltr' id='par_1_24' title="bbox 2104 1081 2737 1157">
     <span class='ocr_line' id='line_1_24' title="bbox 2104 1081 2737 1157; baseline -0.006 -16"><span class='ocrx_word' id='word_1_180' title='bbox 2104 1087 2351 1157; x_wconf 78' lang='grc' dir='ltr'><strong>ἔρχομαι</strong></span> <span class='ocrx_word' id='word_1_181' title='bbox 2379 1083 2530 1153; x_wconf 80' lang='grc' dir='ltr'><strong>πρὸς</strong></span> <span class='ocrx_word' id='word_1_182' title='bbox 2563 1081 2737 1154; x_wconf 82' lang='grc' dir='ltr'><strong>ὑμᾶς.</strong></span> 
     </span>
    </p>
   </div>
   <div class='ocr_carea' id='block_1_25' title="bbox 2175 1170 3683 1247">
    <p class='ocr_par' dir='ltr' id='par_1_25' title="bbox 2175 1170 3683 1247">
     <span class='ocr_line' id='line_1_25' title="bbox 2175 1170 3683 1247; baseline -0.002 -16"><span class='ocrx_word' id='word_1_183' title='bbox 2175 1178 2289 1247; x_wconf 85' lang='grc' dir='ltr'><strong>Οὐχ</strong></span> <span class='ocrx_word' id='word_1_184' title='bbox 2343 1175 2554 1246; x_wconf 81' lang='grc' dir='ltr'><strong>ἐτέρου,</strong></span> <span class='ocrx_word' id='word_1_185' title='bbox 2579 1176 2737 1243; x_wconf 71' lang='grc' dir='ltr'><strong>φησι,</strong></span> <span class='ocrx_word' id='word_1_186' title='bbox 2768 1170 3088 1226; x_wconf 86' lang='grc' dir='ltr'><strong>διεπύθεσθε</strong></span> <span class='ocrx_word' id='word_1_187' title='bbox 3125 1170 3374 1240; x_wconf 83' lang='grc' dir='ltr'><strong>λέγοντος</strong></span> <span class='ocrx_word' id='word_1_188' title='bbox 3398 1173 3500 1243; x_wconf 80' lang='grc' dir='ltr'><strong>τὴν</strong></span> <span class='ocrx_word' id='word_1_189' title='bbox 3537 1173 3683 1245; x_wconf 80' lang='grc' dir='ltr'><strong>ἐμὴν</strong></span> 
     </span>
    </p>
   </div>
   <div class='ocr_carea' id='block_1_26' title="bbox 2107 1260 3681 1335">
    <p class='ocr_par' dir='ltr' id='par_1_26' title="bbox 2107 1260 3681 1335">
     <span class='ocr_line' id='line_1_26' title="bbox 2107 1260 3681 1335; baseline -0.003 -16"><span class='ocrx_word' id='word_1_190' title='bbox 2107 1266 2359 1321; x_wconf 83' lang='grc' dir='ltr'><strong>ἐντεῦθεν</strong></span> <span class='ocrx_word' id='word_1_191' title='bbox 2390 1263 2720 1335; x_wconf 69' lang='grc' dir='ltr'><strong>ἀποδημίανο</strong></span> <span class='ocrx_word' id='word_1_192' title='bbox 2740 1262 3003 1332; x_wconf 80' lang='grc' dir='ltr'><strong>αὐτήκοοι</strong></span> <span class='ocrx_word' id='word_1_193' title='bbox 3034 1260 3141 1331; x_wconf 86' lang='grc' dir='ltr'><strong>γὰρ</strong></span> <span class='ocrx_word' id='word_1_194' title='bbox 3182 1260 3292 1315; x_wconf 82' lang='grc' dir='ltr'><strong>τῶν</strong></span> <span class='ocrx_word' id='word_1_195' title='bbox 3325 1261 3474 1332; x_wconf 86' lang='grc' dir='ltr'><strong>ἐμῶν</strong></span> <span class='ocrx_word' id='word_1_196' title='bbox 3498 1264 3681 1334; x_wconf 73' lang='grc' dir='ltr'><strong>ῥημά-</strong></span> 
     </span>
    </p>
   </div>
   <div class='ocr_carea' id='block_1_27' title="bbox 2104 1353 3679 1428">
    <p class='ocr_par' dir='ltr' id='par_1_27' title="bbox 2104 1353 3679 1428">
     <span class='ocr_line' id='line_1_27' title="bbox 2104 1353 3679 1428; baseline -0.003 -16"><span class='ocrx_word' id='word_1_197' title='bbox 2104 1376 2214 1413; x_wconf 89' lang='grc' dir='ltr'><strong>των</strong></span> <span class='ocrx_word' id='word_1_198' title='bbox 2237 1358 2518 1428; x_wconf 84' lang='grc' dir='ltr'><strong>γεγόνατε.</strong></span> <span class='ocrx_word' id='word_1_199' title='bbox 2542 1357 2606 1410; x_wconf 87' lang='grc' dir='ltr'><strong>Τι</strong></span> <span class='ocrx_word' id='word_1_200' title='bbox 2627 1356 2685 1411; x_wconf 81' lang='grc' dir='ltr'><strong>δὲ</strong></span> <span class='ocrx_word' id='word_1_201' title='bbox 2710 1356 2840 1426; x_wconf 76' lang='grc' dir='ltr'><strong>ὑμῖν</strong></span> <span class='ocrx_word' id='word_1_202' title='bbox 2861 1353 3298 1424; x_wconf 79' lang='grc' dir='ltr'><strong>ἐπηγγειλάμην,</strong></span> <span class='ocrx_word' id='word_1_203' title='bbox 3329 1356 3358 1408; x_wconf 90' lang='grc' dir='ltr'>ὁ</span> <span class='ocrx_word' id='word_1_204' title='bbox 3387 1353 3679 1423; x_wconf 81' lang='grc' dir='ltr'><strong>ψεύδεσθαι</strong></span> 
     </span>
    </p>
   </div>
   <div class='ocr_carea' id='block_1_28' title="bbox 2107 1443 3672 1521">
    <p class='ocr_par' dir='ltr' id='par_1_28' title="bbox 2107 1443 3672 1521">
     <span class='ocr_line' id='line_1_28' title="bbox 2107 1443 3672 1521; baseline -0.006 -17"><span class='ocrx_word' id='word_1_205' title='bbox 2107 1448 2184 1521; x_wconf 80' lang='grc' dir='ltr'><strong>μὴ</strong></span> <span class='ocrx_word' id='word_1_206' title='bbox 2211 1448 2401 1513; x_wconf 82' lang='grc' dir='ltr'><strong>είδώς;</strong></span> <span class='ocrx_word' id='word_1_207' title='bbox 2435 1467 2456 1499; x_wconf 71' lang='grc' dir='ltr'><strong>ι</strong></span> <span class='ocrx_word' id='word_1_208' title='bbox 2508 1446 2649 1517; x_wconf 85' lang='grc' dir='ltr'><strong>Ἐγὼ</strong></span> <span class='ocrx_word' id='word_1_209' title='bbox 2671 1446 2892 1514; x_wconf 84' lang='grc' dir='ltr'><strong>ὑπάγω,</strong></span> <span class='ocrx_word' id='word_1_210' title='bbox 2921 1444 3017 1497; x_wconf 80' lang='grc' dir='ltr'><strong>καὶ</strong></span> <span class='ocrx_word' id='word_1_211' title='bbox 3061 1443 3290 1515; x_wconf 76' lang='grc' dir='ltr'><strong>ἔρχομαι</strong></span> <span class='ocrx_word' id='word_1_212' title='bbox 3313 1445 3448 1516; x_wconf 85' lang='grc' dir='ltr'><strong>πρὸς</strong></span> <span class='ocrx_word' id='word_1_213' title='bbox 3473 1445 3672 1515; x_wconf 76' lang='grc' dir='ltr'><strong>ὑμᾶς.»</strong></span> 
     </span>
    </p>
   </div>
   <div class='ocr_carea' id='block_1_29' title="bbox 2103 1530 3678 1606">
    <p class='ocr_par' dir='ltr' id='par_1_29' title="bbox 2103 1530 3678 1606">
     <span class='ocr_line' id='line_1_29' title="bbox 2103 1530 3678 1606; baseline -0.001 -17"><span class='ocrx_word' id='word_1_214' title='bbox 2103 1536 2167 1589; x_wconf 86' lang='grc' dir='ltr'><strong>Εί</strong></span> <span class='ocrx_word' id='word_1_215' title='bbox 2198 1535 2297 1606; x_wconf 83' lang='grc' dir='ltr'><strong>μὲν</strong></span> <span class='ocrx_word' id='word_1_216' title='bbox 2340 1530 2434 1589; x_wconf 85' lang='grc' dir='ltr'><strong>οῦν</strong></span> <span class='ocrx_word' id='word_1_217' title='bbox 2457 1533 2839 1606; x_wconf 85' lang='grc' dir='ltr'><strong>ἀπαράκλητον</strong></span> <span class='ocrx_word' id='word_1_218' title='bbox 2872 1534 3001 1603; x_wconf 84' lang='grc' dir='ltr'><strong>ὑμῖν</strong></span> <span class='ocrx_word' id='word_1_219' title='bbox 3041 1533 3070 1585; x_wconf 88' lang='grc' dir='ltr'><strong>ό</strong></span> <span class='ocrx_word' id='word_1_220' title='bbox 3107 1532 3265 1601; x_wconf 81' lang='grc' dir='ltr'><strong>λόγος</strong></span> <span class='ocrx_word' id='word_1_221' title='bbox 3290 1533 3552 1603; x_wconf 73' lang='grc' dir='ltr'><strong>ἠπείλησε</strong></span> <span class='ocrx_word' id='word_1_222' title='bbox 3577 1535 3678 1605; x_wconf 81' lang='grc' dir='ltr'><strong>τὴν</strong></span> 
     </span>
    </p>
   </div>
   <div class='ocr_carea' id='block_1_30' title="bbox 2103 1621 3679 1697">
    <p class='ocr_par' dir='ltr' id='par_1_30' title="bbox 2103 1621 3679 1697">
     <span class='ocr_line' id='line_1_30' title="bbox 2103 1621 3679 1697; baseline -0.001 -16"><span class='ocrx_word' id='word_1_223' title='bbox 2103 1625 2436 1697; x_wconf 77' lang='grc' dir='ltr'><strong>ἀποδημίαν,</strong></span> <span class='ocrx_word' id='word_1_224' title='bbox 2485 1627 2578 1680; x_wconf 86' lang='grc' dir='ltr'><strong>καὶ</strong></span> <span class='ocrx_word' id='word_1_225' title='bbox 2614 1625 2839 1696; x_wconf 86' lang='grc' dir='ltr'><strong>διηνεκῆ</strong></span> <span class='ocrx_word' id='word_1_226' title='bbox 2891 1625 2991 1694; x_wconf 83' lang='grc' dir='ltr'><strong>τὴν</strong></span> <span class='ocrx_word' id='word_1_227' title='bbox 3020 1625 3326 1695; x_wconf 82' lang='grc' dir='ltr'><strong>ἀπόλειψιν,</strong></span> <span class='ocrx_word' id='word_1_228' title='bbox 3356 1621 3425 1697; x_wconf 79' lang='grc' dir='ltr'><strong>ἦν</strong></span> <span class='ocrx_word' id='word_1_229' title='bbox 3472 1626 3537 1697; x_wconf 86' lang='grc' dir='ltr'><strong>δή</strong></span> <span class='ocrx_word' id='word_1_230' title='bbox 3572 1644 3679 1680; x_wconf 81' lang='grc' dir='ltr'><strong>που</strong></span> 
     </span>
    </p>
   </div>
   <div class='ocr_carea' id='block_1_31' title="bbox 2104 1714 3681 1789">
    <p class='ocr_par' dir='ltr' id='par_1_31' title="bbox 2104 1714 3681 1789">
     <span class='ocr_line' id='line_1_31' title="bbox 2104 1714 3681 1789; baseline 0 -18"><span class='ocrx_word' id='word_1_231' title='bbox 2104 1718 2200 1772; x_wconf 74' lang='grc' dir='ltr'><strong>καὶ</strong></span> <span class='ocrx_word' id='word_1_232' title='bbox 2234 1717 2378 1789; x_wconf 86' lang='grc' dir='ltr'><strong>μάλα</strong></span> <span class='ocrx_word' id='word_1_233' title='bbox 2406 1717 2553 1781; x_wconf 81' lang='grc' dir='ltr'><strong>εἰκὸς</strong></span> <span class='ocrx_word' id='word_1_234' title='bbox 2577 1716 2670 1769; x_wconf 71' lang='grc' dir='ltr'><strong>ἐπὶ</strong></span> <span class='ocrx_word' id='word_1_235' title='bbox 2698 1716 2874 1787; x_wconf 85' lang='grc' dir='ltr'><strong>τούτῳ</strong></span> <span class='ocrx_word' id='word_1_236' title='bbox 2901 1714 3022 1769; x_wconf 88' lang='grc' dir='ltr'><strong>λίαν</strong></span> <span class='ocrx_word' id='word_1_237' title='bbox 3053 1716 3436 1786; x_wconf 81' lang='grc' dir='ltr'><strong>ἀσχάλλοντας,</strong></span> <span class='ocrx_word' id='word_1_238' title='bbox 3470 1718 3681 1789; x_wconf 79' lang='grc' dir='ltr'><strong>ἀφορή-</strong></span> 
     </span>
    </p>
   </div>
   <div class='ocr_carea' id='block_1_32' title="bbox 436 1791 2000 1885">
    <p class='ocr_par' dir='ltr' id='par_1_32' title="bbox 436 1816 2000 1885">
     <span class='ocr_line' id='line_1_32' title="bbox 436 1816 2000 1885; baseline -0.001 -13"><span class='ocrx_word' id='word_1_239' title='bbox 436 1817 567 1875; x_wconf 86' lang='lat' dir='ltr'><strong>dere</strong></span> <span class='ocrx_word' id='word_1_240' title='bbox 584 1816 910 1875; x_wconf 83' lang='lat' dir='ltr'><strong>.videremini</strong></span> <span class='ocrx_word' id='word_1_241' title='bbox 932 1835 946 1885; x_wconf 89' lang='lat'><strong>;</strong></span> <span class='ocrx_word' id='word_1_242' title='bbox 970 1817 1068 1874; x_wconf 89' lang='lat' dir='ltr'><strong>sed</strong></span> <span class='ocrx_word' id='word_1_243' title='bbox 1106 1833 1233 1873; x_wconf 91' lang='lat' dir='ltr'><strong>cum</strong></span> <span class='ocrx_word' id='word_1_244' title='bbox 1272 1818 1433 1874; x_wconf 88' lang='lat' dir='ltr'><strong>vobis</strong></span> <span class='ocrx_word' id='word_1_245' title='bbox 1457 1816 1694 1873; x_wconf 81' lang='lat' dir='ltr'><strong>dixerim</strong></span> <span class='ocrx_word' id='word_1_246' title='bbox 1728 1831 1842 1873; x_wconf 86' lang='lat' dir='ltr'><strong>non</strong></span> <span class='ocrx_word' id='word_1_247' title='bbox 1880 1824 2000 1871; x_wconf 83' lang='lat' dir='ltr'><strong>tan-</strong></span> 
     </span>
    </p>
   </div>
   <div class='ocr_carea' id='block_1_33' title="bbox 2110 1791 3680 1885">
    <p class='ocr_par' dir='ltr' id='par_1_33' title="bbox 2110 1807 3680 1879">
     <span class='ocr_line' id='line_1_33' title="bbox 2110 1807 3680 1879; baseline -0.001 -16"><span class='ocrx_word' id='word_1_248' title='bbox 2110 1826 2216 1873; x_wconf 91' lang='grc' dir='ltr'><strong>τως</strong></span> <span class='ocrx_word' id='word_1_249' title='bbox 2246 1808 2311 1879; x_wconf 82' lang='grc' dir='ltr'><strong>δὴ</strong></span> <span class='ocrx_word' id='word_1_250' title='bbox 2344 1807 2489 1879; x_wconf 78' lang='grc' dir='ltr'><strong>ἐχειν</strong></span> <span class='ocrx_word' id='word_1_251' title='bbox 2543 1808 2639 1861; x_wconf 77' lang='grc' dir='ltr'><strong>καὶ</strong></span> <span class='ocrx_word' id='word_1_252' title='bbox 2681 1809 2764 1871; x_wconf 84' lang='grc' dir='ltr'><strong>είς</strong></span> <span class='ocrx_word' id='word_1_253' title='bbox 2814 1807 3084 1876; x_wconf 82' lang='grc' dir='ltr'><strong>ἀκράτους</strong></span> <span class='ocrx_word' id='word_1_254' title='bbox 3138 1807 3436 1879; x_wconf 85' lang='grc' dir='ltr'><strong>δυσθυμίας</strong></span> <span class='ocrx_word' id='word_1_255' title='bbox 3460 1808 3680 1864; x_wconf 80' lang='grc' dir='ltr'><strong>κατολι-</strong></span> 
     </span>
    </p>
   </div>
   <div class='ocr_carea' id='block_1_34' title="bbox 436 1908 2008 1981">
    <p class='ocr_par' dir='ltr' id='par_1_34' title="bbox 436 1908 2008 1981">
     <span class='ocr_line' id='line_1_34' title="bbox 436 1908 2008 1981; baseline 0.001 -19"><span class='ocrx_word' id='word_1_256' title='bbox 436 1915 554 1963; x_wconf 90' lang='lat' dir='ltr'><strong>tum</strong></span> <span class='ocrx_word' id='word_1_257' title='bbox 596 1924 686 1964; x_wconf 89' lang='lat' dir='ltr'><strong>me</strong></span> <span class='ocrx_word' id='word_1_258' title='bbox 718 1908 997 1965; x_wconf 89' lang='lat' dir='ltr'><strong>abiturum</strong></span> <span class='ocrx_word' id='word_1_259' title='bbox 1018 1949 1035 1976; x_wconf 87' lang='lat'><strong>,</strong></span> <span class='ocrx_word' id='word_1_260' title='bbox 1072 1908 1169 1965; x_wconf 89' lang='lat' dir='ltr'><strong>sed</strong></span> <span class='ocrx_word' id='word_1_261' title='bbox 1207 1916 1362 1965; x_wconf 90' lang='lat' dir='ltr'><strong>certo</strong></span> <span class='ocrx_word' id='word_1_262' title='bbox 1385 1915 1635 1981; x_wconf 85' lang='lat' dir='ltr'><strong>tempore</strong></span> <span class='ocrx_word' id='word_1_263' title='bbox 1670 1924 1757 1965; x_wconf 89' lang='lat' dir='ltr'><strong>me</strong></span> <span class='ocrx_word' id='word_1_264' title='bbox 1797 1908 2008 1965; x_wconf 85' lang='lat' dir='ltr'><strong>reditu-</strong></span> 
     </span>
    </p>
   </div>
   <div class='ocr_carea' id='block_1_35' title="bbox 434 2001 2004 2072">
    <p class='ocr_par' dir='ltr' id='par_1_35' title="bbox 434 2001 2004 2072">
     <span class='ocr_line' id='line_1_35' title="bbox 434 2001 2004 2072; baseline 0.003 -17"><span class='ocrx_word' id='word_1_265' title='bbox 434 2014 582 2069; x_wconf 88' lang='lat' dir='ltr'><strong>rum,</strong></span> <span class='ocrx_word' id='word_1_266' title='bbox 636 2015 757 2068; x_wconf 88' lang='lat' dir='ltr'><strong>cur,</strong></span> <span class='ocrx_word' id='word_1_267' title='bbox 814 2001 1015 2072; x_wconf 88' lang='lat' dir='ltr'><strong>inquit,</strong></span> <span class='ocrx_word' id='word_1_268' title='bbox 1070 2001 1316 2057; x_wconf 83' lang='lat' dir='ltr'><strong>dolorem</strong></span> <span class='ocrx_word' id='word_1_269' title='bbox 1373 2002 1560 2057; x_wconf 88' lang='lat' dir='ltr'><strong>animo</strong></span> <span class='ocrx_word' id='word_1_270' title='bbox 1615 2001 2004 2072; x_wconf 85' lang='lat' dir='ltr'><strong>suscipientes,</strong></span> 
     </span>
    </p>
   </div>
   <div class='ocr_carea' id='block_1_36' title="bbox 434 2092 2008 2166">
    <p class='ocr_par' dir='ltr' id='par_1_36' title="bbox 434 2092 2008 2166">
     <span class='ocr_line' id='line_1_36' title="bbox 434 2092 2008 2166; baseline -0.003 -15"><span class='ocrx_word' id='word_1_271' title='bbox 434 2096 579 2166; x_wconf 89' lang='lat' dir='ltr'><strong>quod</strong></span> <span class='ocrx_word' id='word_1_272' title='bbox 608 2095 853 2154; x_wconf 75' lang='lat' dir='ltr'><strong>laetitiam</strong></span> <span class='ocrx_word' id='word_1_273' title='bbox 874 2094 1175 2150; x_wconf 88' lang='lat' dir='ltr'><strong>conciliare</strong></span> <span class='ocrx_word' id='word_1_274' title='bbox 1196 2093 1373 2165; x_wconf 89' lang='lat' dir='ltr'><strong>possit</strong></span> <span class='ocrx_word' id='word_1_275' title='bbox 1397 2094 1616 2164; x_wconf 89' lang='lat' dir='ltr'><strong>penitus</strong></span> <span class='ocrx_word' id='word_1_276' title='bbox 1637 2109 1702 2148; x_wconf 78' lang='lat' dir='ltr'><strong>ex</strong></span> <span class='ocrx_word' id='word_1_277' title='bbox 1738 2092 2008 2149; x_wconf 85' lang='lat' dir='ltr'><strong>memoria</strong></span> 
     </span>
    </p>
   </div>
   <div class='ocr_carea' id='block_1_37' title="bbox 433 2183 2006 2256">
    <p class='ocr_par' dir='ltr' id='par_1_37' title="bbox 433 2183 2006 2256">
     <span class='ocr_line' id='line_1_37' title="bbox 433 2183 2006 2256; baseline -0.004 -13"><span class='ocrx_word' id='word_1_278' title='bbox 433 2196 618 2244; x_wconf 90' lang='lat' dir='ltr'><strong>vestra</strong></span> <span class='ocrx_word' id='word_1_279' title='bbox 653 2185 888 2243; x_wconf 81' lang='lat' dir='ltr'><strong>deletis?</strong></span> <span class='ocrx_word' id='word_1_280' title='bbox 912 2184 1124 2256; x_wconf 87' lang='lat' dir='ltr'><strong>Pugnet</strong></span> <span class='ocrx_word' id='word_1_281' title='bbox 1161 2184 1467 2240; x_wconf 90' lang='lat' dir='ltr'><strong>remedium</strong></span> <span class='ocrx_word' id='word_1_282' title='bbox 1508 2183 1747 2249; x_wconf 88' lang='lat' dir='ltr'><strong>vulneri,</strong></span> <span class='ocrx_word' id='word_1_283' title='bbox 1773 2191 1829 2239; x_wconf 91' lang='lat' dir='ltr'><strong>et</strong></span> <span class='ocrx_word' id='word_1_284' title='bbox 1872 2198 2006 2253; x_wconf 82' lang='lat' dir='ltr'><strong>gau-</strong></span> 
     </span>
    </p>
   </div>
   <div class='ocr_carea' id='block_1_38' title="bbox 432 2275 2006 2337">
    <p class='ocr_par' dir='ltr' id='par_1_38' title="bbox 432 2275 2006 2337">
     <span class='ocr_line' id='line_1_38' title="bbox 432 2275 2006 2337; baseline -0.004 -1"><span class='ocrx_word' id='word_1_285' title='bbox 432 2280 509 2336; x_wconf 87' lang='lat' dir='ltr'><strong>dii</strong></span> <span class='ocrx_word' id='word_1_286' title='bbox 538 2280 625 2337; x_wconf 91' lang='lat' dir='ltr'><strong>vis</strong></span> <span class='ocrx_word' id='word_1_287' title='bbox 657 2278 836 2334; x_wconf 90' lang='lat' dir='ltr'><strong>dolori</strong></span> <span class='ocrx_word' id='word_1_288' title='bbox 866 2278 1114 2334; x_wconf 84' lang='lat' dir='ltr'><strong>resistat.</strong></span> <span class='ocrx_word' id='word_1_289' title='bbox 1155 2276 1391 2333; x_wconf 91' lang='lat' dir='ltr'><strong>Paratus</strong></span> <span class='ocrx_word' id='word_1_290' title='bbox 1432 2276 1580 2332; x_wconf 90' lang='lat' dir='ltr'><strong>enim</strong></span> <span class='ocrx_word' id='word_1_291' title='bbox 1624 2291 1748 2333; x_wconf 89' lang='lat' dir='ltr'><strong>sum</strong></span> <span class='ocrx_word' id='word_1_292' title='bbox 1798 2275 1868 2331; x_wconf 87' lang='lat' dir='ltr'><strong>ad</strong></span> <span class='ocrx_word' id='word_1_293' title='bbox 1900 2275 2006 2331; x_wconf 87' lang='lat' dir='ltr'><strong>Pa-</strong></span> 
     </span>
    </p>
   </div>
   <div class='ocr_carea' id='block_1_39' title="bbox 433 2363 2005 2431">
    <p class='ocr_par' dir='ltr' id='par_1_39' title="bbox 433 2363 2005 2431">
     <span class='ocr_line' id='line_1_39' title="bbox 433 2363 2005 2431; baseline 0.002 -11"><span class='ocrx_word' id='word_1_294' title='bbox 433 2374 571 2420; x_wconf 83' lang='lat' dir='ltr'><strong>trem</strong></span> <span class='ocrx_word' id='word_1_295' title='bbox 603 2379 669 2420; x_wconf 88' lang='lat' dir='ltr'><strong>ac</strong></span> <span class='ocrx_word' id='word_1_296' title='bbox 695 2363 868 2421; x_wconf 91' lang='lat' dir='ltr'><strong>Deum</strong></span> <span class='ocrx_word' id='word_1_297' title='bbox 895 2365 1214 2431; x_wconf 85' lang='lat' dir='ltr'><strong>ascendere,</strong></span> <span class='ocrx_word' id='word_1_298' title='bbox 1247 2364 1345 2421; x_wconf 88' lang='lat' dir='ltr'><strong>sed</strong></span> <span class='ocrx_word' id='word_1_299' title='bbox 1375 2365 1684 2421; x_wconf 90' lang='lat' dir='ltr'><strong>rediturum</strong></span> <span class='ocrx_word' id='word_1_300' title='bbox 1708 2380 1796 2422; x_wconf 90' lang='lat' dir='ltr'><strong>me</strong></span> <span class='ocrx_word' id='word_1_301' title='bbox 1822 2366 2005 2423; x_wconf 91' lang='lat' dir='ltr'><strong>denuo</strong></span> 
     </span>
    </p>
   </div>
   <div class='ocr_carea' id='block_1_40' title="bbox 434 2456 2003 2529">
    <p class='ocr_par' dir='ltr' id='par_1_40' title="bbox 434 2456 2003 2529">
     <span class='ocr_line' id='line_1_40' title="bbox 434 2456 2003 2529; baseline -0.001 -15"><span class='ocrx_word' id='word_1_302' title='bbox 434 2458 684 2528; x_wconf 88' lang='lat' dir='ltr'><strong>promisi.</strong></span> <span class='ocrx_word' id='word_1_303' title='bbox 762 2457 930 2514; x_wconf 89' lang='lat' dir='ltr'><strong>Sedat</strong></span> <span class='ocrx_word' id='word_1_304' title='bbox 1015 2457 1183 2529; x_wconf 81' lang='lat' dir='ltr'><strong>igitur</strong></span> <span class='ocrx_word' id='word_1_305' title='bbox 1236 2456 1782 2513; x_wconf 86' lang='lat' dir='ltr'><strong>vehementissimum</strong></span> <span class='ocrx_word' id='word_1_306' title='bbox 1848 2458 2003 2512; x_wconf 89' lang='lat' dir='ltr'><strong>illum</strong></span> 
     </span>
    </p>
   </div>
   <div class='ocr_carea' id='block_1_41' title="bbox 432 2538 2002 2619">
    <p class='ocr_par' dir='ltr' id='par_1_41' title="bbox 432 2538 2002 2619">
     <span class='ocr_line' id='line_1_41' title="bbox 432 2538 2002 2619; baseline 0 -17"><span class='ocrx_word' id='word_1_307' title='bbox 432 2565 598 2619; x_wconf 84' lang='lat' dir='ltr'><strong>quem</strong></span> <span class='ocrx_word' id='word_1_308' title='bbox 644 2549 702 2603; x_wconf 91' lang='lat' dir='ltr'><strong>in</strong></span> <span class='ocrx_word' id='word_1_309' title='bbox 740 2548 1033 2619; x_wconf 89' lang='lat' dir='ltr'><strong>discipulis</strong></span> <span class='ocrx_word' id='word_1_310' title='bbox 1081 2548 1327 2604; x_wconf 86' lang='lat' dir='ltr'><strong>dolorem</strong></span> <span class='ocrx_word' id='word_1_311' title='bbox 1363 2549 1591 2604; x_wconf 89' lang='lat' dir='ltr'><strong>invenit.</strong></span> <span class='ocrx_word' id='word_1_312' title='bbox 1622 2547 1691 2605; x_wconf 84' lang='lat' dir='ltr'><strong>Et</strong></span> <span class='ocrx_word' id='word_1_313' title='bbox 1735 2538 2002 2619; x_wconf 86' lang='lat' dir='ltr'><strong>quemad-</strong></span> 
     </span>
    </p>
   </div>
   <div class='ocr_carea' id='block_1_42' title="bbox 431 2638 2005 2710">
    <p class='ocr_par' dir='ltr' id='par_1_42' title="bbox 431 2638 2005 2710">
     <span class='ocr_line' id='line_1_42' title="bbox 431 2638 2005 2710; baseline 0.002 -18"><span class='ocrx_word' id='word_1_314' title='bbox 431 2638 658 2694; x_wconf 90' lang='lat' dir='ltr'><strong>modum</strong></span> <span class='ocrx_word' id='word_1_315' title='bbox 687 2648 846 2709; x_wconf 89' lang='lat' dir='ltr'><strong>pater</strong></span> <span class='ocrx_word' id='word_1_316' title='bbox 883 2639 1157 2710; x_wconf 81' lang='lat' dir='ltr'><strong>quispiam</strong></span> <span class='ocrx_word' id='word_1_317' title='bbox 1198 2639 1500 2696; x_wconf 89' lang='lat' dir='ltr'><strong>liberorum</strong></span> <span class='ocrx_word' id='word_1_318' title='bbox 1532 2654 1763 2696; x_wconf 90' lang='lat' dir='ltr'><strong>suorum</strong></span> <span class='ocrx_word' id='word_1_319' title='bbox 1813 2655 2005 2695; x_wconf 86' lang='lat' dir='ltr'><strong>aman-</strong></span> 
     </span>
    </p>
   </div>
   <div class='ocr_carea' id='block_1_43' title="bbox 433 2729 1999 2801">
    <p class='ocr_par' dir='ltr' id='par_1_43' title="bbox 433 2729 1999 2801">
     <span class='ocr_line' id='line_1_43' title="bbox 433 2729 1999 2801; baseline 0.001 -17"><span class='ocrx_word' id='word_1_320' title='bbox 433 2729 704 2795; x_wconf 86' lang='lat' dir='ltr'><strong>tissimus,</strong></span> <span class='ocrx_word' id='word_1_321' title='bbox 728 2746 917 2786; x_wconf 87' lang='lat' dir='ltr'><strong>rerum</strong></span> <span class='ocrx_word' id='word_1_322' title='bbox 954 2731 1394 2787; x_wconf 84' lang='lat' dir='ltr'><strong>necessariarum</strong></span> <span class='ocrx_word' id='word_1_323' title='bbox 1434 2745 1607 2788; x_wconf 87' lang='lat' dir='ltr'><strong>causa</strong></span> <span class='ocrx_word' id='word_1_324' title='bbox 1638 2732 1999 2801; x_wconf 79' lang='lat' dir='ltr'><strong>longinquam</strong></span> 
     </span>
    </p>
   </div>
   <div class='ocr_carea' id='block_1_44' title="bbox 431 2821 2003 2893">
    <p class='ocr_par' dir='ltr' id='par_1_44' title="bbox 431 2821 2003 2893">
     <span class='ocr_line' id='line_1_44' title="bbox 431 2821 2003 2893; baseline -0.001 -15"><span class='ocrx_word' id='word_1_325' title='bbox 431 2821 926 2893; x_wconf 81' lang='lat' dir='ltr'><strong>peregrinationem</strong></span> <span class='ocrx_word' id='word_1_326' title='bbox 961 2823 1243 2893; x_wconf 87' lang='lat' dir='ltr'><strong>suscipere</strong></span> <span class='ocrx_word' id='word_1_327' title='bbox 1275 2830 1526 2889; x_wconf 88' lang='lat' dir='ltr'><strong>coactus,</strong></span> <span class='ocrx_word' id='word_1_328' title='bbox 1553 2837 1785 2879; x_wconf 88' lang='lat' dir='ltr'><strong>cernens</strong></span> <span class='ocrx_word' id='word_1_329' title='bbox 1808 2836 1908 2879; x_wconf 88' lang='lat' dir='ltr'><strong>eos</strong></span> <span class='ocrx_word' id='word_1_330' title='bbox 1945 2823 2003 2877; x_wconf 78' lang='lat' dir='ltr'><strong>in</strong></span> 
     </span>
    </p>
   </div>
   <div class='ocr_carea' id='block_1_45' title="bbox 430 2913 2003 2986">
    <p class='ocr_par' dir='ltr' id='par_1_45' title="bbox 430 2913 2003 2986">
     <span class='ocr_line' id='line_1_45' title="bbox 430 2913 2003 2986; baseline 0.001 -18"><span class='ocrx_word' id='word_1_331' title='bbox 430 2913 704 2985; x_wconf 86' lang='lat' dir='ltr'><strong>laerymas</strong></span> <span class='ocrx_word' id='word_1_332' title='bbox 731 2913 958 2981; x_wconf 76' lang='lat' dir='ltr'><strong>eﬂusos,</strong></span> <span class='ocrx_word' id='word_1_333' title='bbox 996 2915 1201 2985; x_wconf 88' lang='lat' dir='ltr'><strong>quibus</strong></span> <span class='ocrx_word' id='word_1_334' title='bbox 1228 2922 1411 2986; x_wconf 88' lang='lat' dir='ltr'><strong>potest</strong></span> <span class='ocrx_word' id='word_1_335' title='bbox 1453 2914 1765 2970; x_wconf 89' lang='lat' dir='ltr'><strong>rationibus</strong></span> <span class='ocrx_word' id='word_1_336' title='bbox 1802 2929 2003 2970; x_wconf 84' lang='lat' dir='ltr'><strong>conso-</strong></span> 
     </span>
    </p>
   </div>
   <div class='ocr_carea' id='block_1_46' title="bbox 430 3004 2002 3069">
    <p class='ocr_par' dir='ltr' id='par_1_46' title="bbox 430 3004 2002 3069">
     <span class='ocr_line' id='line_1_46' title="bbox 430 3004 2002 3069; baseline 0.001 -11"><span class='ocrx_word' id='word_1_337' title='bbox 430 3006 598 3069; x_wconf 88' lang='lat' dir='ltr'><strong>latur,</strong></span> <span class='ocrx_word' id='word_1_338' title='bbox 621 3012 677 3061; x_wconf 91' lang='lat' dir='ltr'><strong>et</strong></span> <span class='ocrx_word' id='word_1_339' title='bbox 699 3004 945 3061; x_wconf 81' lang='lat' dir='ltr'><strong>futurum</strong></span> <span class='ocrx_word' id='word_1_340' title='bbox 971 3020 1037 3062; x_wconf 78' lang='lat' dir='ltr'><strong>ex</strong></span> <span class='ocrx_word' id='word_1_341' title='bbox 1061 3022 1162 3062; x_wconf 88' lang='lat' dir='ltr'><strong>suo</strong></span> <span class='ocrx_word' id='word_1_342' title='bbox 1187 3007 1436 3063; x_wconf 87' lang='lat' dir='ltr'><strong>discessu</strong></span> <span class='ocrx_word' id='word_1_343' title='bbox 1464 3007 1669 3063; x_wconf 83' lang='lat' dir='ltr'><strong>bonum</strong></span> <span class='ocrx_word' id='word_1_344' title='bbox 1697 3005 2002 3062; x_wconf 84' lang='lat' dir='ltr'><strong>identidem</strong></span> 
     </span>
    </p>
   </div>
   <div class='ocr_carea' id='block_1_47' title="bbox 429 3097 2069 3185">
    <p class='ocr_par' dir='ltr' id='par_1_47' title="bbox 429 3097 2069 3185">
     <span class='ocr_line' id='line_1_47' title="bbox 429 3097 2069 3185; baseline 0.001 -33"><span class='ocrx_word' id='word_1_345' title='bbox 429 3097 730 3169; x_wconf 87' lang='lat' dir='ltr'><strong>replicans,</strong></span> <span class='ocrx_word' id='word_1_346' title='bbox 776 3113 927 3168; x_wconf 88' lang='lat' dir='ltr'><strong>spem</strong></span> <span class='ocrx_word' id='word_1_347' title='bbox 986 3114 1169 3155; x_wconf 88' lang='lat' dir='ltr'><strong>rerum</strong></span> <span class='ocrx_word' id='word_1_348' title='bbox 1224 3099 1766 3170; x_wconf 83' lang='lat' dir='ltr'><strong>jucundissimarum</strong></span> <span class='ocrx_word' id='word_1_349' title='bbox 1820 3098 2069 3185; x_wconf 71' lang='lat' dir='ltr'><strong>doloric</strong></span> 
     </span>
    </p>
   </div>
   <div class='ocr_carea' id='block_1_48' title="bbox 434 3189 2003 3261">
    <p class='ocr_par' dir='ltr' id='par_1_48' title="bbox 434 3189 2003 3261">
     <span class='ocr_line' id='line_1_48' title="bbox 434 3189 2003 3261; baseline 0.001 -17"><span class='ocrx_word' id='word_1_350' title='bbox 434 3189 837 3261; x_wconf 86' lang='lat' dir='ltr'><strong>quodammodo</strong></span> <span class='ocrx_word' id='word_1_351' title='bbox 882 3191 1111 3261; x_wconf 89' lang='lat' dir='ltr'><strong>opponit</strong></span> <span class='ocrx_word' id='word_1_352' title='bbox 1138 3209 1154 3247; x_wconf 90' lang='lat'><strong>:</strong></span> <span class='ocrx_word' id='word_1_353' title='bbox 1178 3192 1259 3248; x_wconf 88' lang='lat' dir='ltr'><strong>sic</strong></span> <span class='ocrx_word' id='word_1_354' title='bbox 1290 3192 1453 3248; x_wconf 89' lang='lat' dir='ltr'><strong>etiam</strong></span> <span class='ocrx_word' id='word_1_355' title='bbox 1506 3190 1776 3247; x_wconf 85' lang='lat' dir='ltr'><strong>Dominus</strong></span> <span class='ocrx_word' id='word_1_356' title='bbox 1809 3199 2003 3247; x_wconf 86' lang='lat' dir='ltr'><strong>noster</strong></span> 
     </span>
    </p>
   </div>
   <div class='ocr_carea' id='block_1_49' title="bbox 425 3278 2000 3347">
    <p class='ocr_par' dir='ltr' id='par_1_49' title="bbox 425 3278 2000 3347">
     <span class='ocr_line' id='line_1_49' title="bbox 425 3278 2000 3347; baseline 0 -9"><span class='ocrx_word' id='word_1_357' title='bbox 425 3278 589 3338; x_wconf 78' lang='lat' dir='ltr'><strong>Jesus</strong></span> <span class='ocrx_word' id='word_1_358' title='bbox 610 3282 871 3339; x_wconf 88' lang='lat' dir='ltr'><strong>Christus</strong></span> <span class='ocrx_word' id='word_1_359' title='bbox 888 3298 957 3339; x_wconf 83' lang='lat' dir='ltr'><strong>ex</strong></span> <span class='ocrx_word' id='word_1_360' title='bbox 974 3284 1161 3339; x_wconf 89' lang='lat' dir='ltr'><strong>animo</strong></span> <span class='ocrx_word' id='word_1_361' title='bbox 1177 3294 1496 3339; x_wconf 88' lang='lat' dir='ltr'><strong>sanctorum</strong></span> <span class='ocrx_word' id='word_1_362' title='bbox 1522 3284 1768 3347; x_wconf 88' lang='lat' dir='ltr'><strong>dolorem</strong></span> <span class='ocrx_word' id='word_1_363' title='bbox 1793 3284 2000 3339; x_wconf 80' lang='lat' dir='ltr'><strong>evellit.</strong></span> 
     </span>
    </p>
   </div>
   <div class='ocr_carea' id='block_1_50' title="bbox 432 3369 2001 3443">
    <p class='ocr_par' dir='ltr' id='par_1_50' title="bbox 432 3369 2001 3443">
     <span class='ocr_line' id='line_1_50' title="bbox 432 3369 2001 3443; baseline -0.002 -18"><span class='ocrx_word' id='word_1_364' title='bbox 432 3369 607 3426; x_wconf 75' lang='lat' dir='ltr'><strong>Norat</strong></span> <span class='ocrx_word' id='word_1_365' title='bbox 628 3372 799 3437; x_wconf 88' lang='lat' dir='ltr'><strong>enim,</strong></span> <span class='ocrx_word' id='word_1_366' title='bbox 822 3378 1005 3437; x_wconf 90' lang='lat' dir='ltr'><strong>norat,</strong></span> <span class='ocrx_word' id='word_1_367' title='bbox 1040 3377 1231 3443; x_wconf 89' lang='lat' dir='ltr'><strong>utpote</strong></span> <span class='ocrx_word' id='word_1_368' title='bbox 1257 3385 1382 3426; x_wconf 88' lang='lat' dir='ltr'><strong>cum</strong></span> <span class='ocrx_word' id='word_1_369' title='bbox 1413 3386 1576 3426; x_wconf 87' lang='lat' dir='ltr'><strong>verus</strong></span> <span class='ocrx_word' id='word_1_370' title='bbox 1597 3369 1744 3426; x_wconf 91' lang='lat' dir='ltr'><strong>Deus</strong></span> <span class='ocrx_word' id='word_1_371' title='bbox 1759 3369 1854 3437; x_wconf 87' lang='lat' dir='ltr'><strong>sit,</strong></span> <span class='ocrx_word' id='word_1_372' title='bbox 1869 3383 2001 3440; x_wconf 85' lang='lat' dir='ltr'><strong>gra-</strong></span> 
     </span>
    </p>
   </div>
   <div class='ocr_carea' id='block_1_51' title="bbox 428 3462 1999 3535">
    <p class='ocr_par' dir='ltr' id='par_1_51' title="bbox 428 3462 1999 3535">
     <span class='ocr_line' id='line_1_51' title="bbox 428 3462 1999 3535; baseline -0.001 -18"><span class='ocrx_word' id='word_1_373' title='bbox 428 3463 717 3519; x_wconf 87' lang='lat' dir='ltr'><strong>vissimum</strong></span> <span class='ocrx_word' id='word_1_374' title='bbox 748 3464 855 3520; x_wconf 89' lang='lat' dir='ltr'><strong>illis</strong></span> <span class='ocrx_word' id='word_1_375' title='bbox 875 3464 994 3520; x_wconf 87' lang='lat' dir='ltr'><strong>l&#39;ore</strong></span> <span class='ocrx_word' id='word_1_376' title='bbox 1017 3465 1167 3535; x_wconf 88' lang='lat' dir='ltr'><strong>quod</strong></span> <span class='ocrx_word' id='word_1_377' title='bbox 1182 3479 1375 3520; x_wconf 88' lang='lat' dir='ltr'><strong>eorum</strong></span> <span class='ocrx_word' id='word_1_378' title='bbox 1401 3465 1596 3520; x_wconf 89' lang='lat' dir='ltr'><strong>oculos</strong></span> <span class='ocrx_word' id='word_1_379' title='bbox 1618 3462 1854 3534; x_wconf 79' lang='lat' dir='ltr'><strong>fugeret,</strong></span> <span class='ocrx_word' id='word_1_380' title='bbox 1871 3462 1999 3518; x_wconf 91' lang='lat' dir='ltr'><strong>licet</strong></span> 
     </span>
    </p>
   </div>
   <div class='ocr_carea' id='block_1_52' title="bbox 427 3553 1994 3626">
    <p class='ocr_par' dir='ltr' id='par_1_52' title="bbox 427 3553 1994 3626">
     <span class='ocr_line' id='line_1_52' title="bbox 427 3553 1994 3626; baseline -0.001 -15"><span class='ocrx_word' id='word_1_381' title='bbox 427 3570 552 3611; x_wconf 79' lang='lat' dir='ltr'><strong>eum</strong></span> <span class='ocrx_word' id='word_1_382' title='bbox 583 3555 667 3612; x_wconf 89' lang='lat' dir='ltr'><strong>eis</strong></span> <span class='ocrx_word' id='word_1_383' title='bbox 704 3566 967 3626; x_wconf 89' lang='lat' dir='ltr'><strong>perpetuo</strong></span> <span class='ocrx_word' id='word_1_384' title='bbox 1001 3556 1223 3613; x_wconf 82' lang='lat' dir='ltr'><strong>futurus</strong></span> <span class='ocrx_word' id='word_1_385' title='bbox 1246 3562 1395 3613; x_wconf 87' lang='lat' dir='ltr'><strong>esset</strong></span> <span class='ocrx_word' id='word_1_386' title='bbox 1426 3570 1525 3626; x_wconf 86' lang='lat' dir='ltr'><strong>per</strong></span> <span class='ocrx_word' id='word_1_387' title='bbox 1550 3554 1840 3626; x_wconf 87' lang='lat' dir='ltr'><strong>Spiritum.</strong></span> <span class='ocrx_word' id='word_1_388' title='bbox 1874 3553 1994 3610; x_wconf 85' lang='lat' dir='ltr'><strong>Hoc</strong></span> 
     </span>
    </p>
   </div>
   <div class='ocr_carea' id='block_1_53' title="bbox 426 3647 1994 3719">
    <p class='ocr_par' dir='ltr' id='par_1_53' title="bbox 426 3647 1994 3719">
     <span class='ocr_line' id='line_1_53' title="bbox 426 3647 1994 3719; baseline 0.001 -19"><span class='ocrx_word' id='word_1_389' title='bbox 426 3655 610 3703; x_wconf 86' lang='lat' dir='ltr'><strong>autem</strong></span> <span class='ocrx_word' id='word_1_390' title='bbox 640 3664 868 3704; x_wconf 71' lang='lat' dir='ltr'><strong>summa:</strong></span> <span class='ocrx_word' id='word_1_391' title='bbox 909 3649 1202 3706; x_wconf 89' lang='lat' dir='ltr'><strong>charitatis</strong></span> <span class='ocrx_word' id='word_1_392' title='bbox 1246 3663 1313 3704; x_wconf 91' lang='lat' dir='ltr'><strong>ac</strong></span> <span class='ocrx_word' id='word_1_393' title='bbox 1355 3647 1671 3703; x_wconf 84' lang='lat' dir='ltr'><strong>sanctitatis</strong></span> <span class='ocrx_word' id='word_1_394' title='bbox 1710 3653 1796 3704; x_wconf 86' lang='lat' dir='ltr'><strong>est</strong></span> <span class='ocrx_word' id='word_1_395' title='bbox 1831 3662 1994 3719; x_wconf 83' lang='lat' dir='ltr'><strong>argu-</strong></span> 
     </span>
    </p>
   </div>
   <div class='ocr_carea' id='block_1_54' title="bbox 426 3740 1997 3810">
    <p class='ocr_par' dir='ltr' id='par_1_54' title="bbox 426 3740 1997 3810">
     <span class='ocr_line' id='line_1_54' title="bbox 426 3740 1997 3810; baseline -0.001 -17"><span class='ocrx_word' id='word_1_396' title='bbox 426 3749 696 3795; x_wconf 89' lang='lat' dir='ltr'><strong>mentum.</strong></span> <span class='ocrx_word' id='word_1_397' title='bbox 726 3740 883 3797; x_wconf 85' lang='lat' dir='ltr'><strong>Velle</strong></span> <span class='ocrx_word' id='word_1_398' title='bbox 925 3742 1073 3796; x_wconf 90' lang='lat' dir='ltr'><strong>enim</strong></span> <span class='ocrx_word' id='word_1_399' title='bbox 1111 3756 1238 3797; x_wconf 90' lang='lat' dir='ltr'><strong>cum</strong></span> <span class='ocrx_word' id='word_1_400' title='bbox 1283 3740 1510 3797; x_wconf 77' lang='lat' dir='ltr'><strong>Christo</strong></span> <span class='ocrx_word' id='word_1_401' title='bbox 1560 3741 1781 3810; x_wconf 88' lang='lat' dir='ltr'><strong>degere,</strong></span> <span class='ocrx_word' id='word_1_402' title='bbox 1810 3753 1997 3793; x_wconf 79' lang='lat' dir='ltr'><strong>nonne</strong></span> 
     </span>
    </p>
   </div>
   <div class='ocr_carea' id='block_1_55' title="bbox 428 3829 1996 3900">
    <p class='ocr_par' dir='ltr' id='par_1_55' title="bbox 428 3829 1996 3900">
     <span class='ocr_line' id='line_1_55' title="bbox 428 3829 1996 3900; baseline 0.001 -16"><span class='ocrx_word' id='word_1_403' title='bbox 428 3831 639 3887; x_wconf 81' lang='lat' dir='ltr'><strong>sanctis</strong></span> <span class='ocrx_word' id='word_1_404' title='bbox 668 3839 752 3887; x_wconf 89' lang='lat' dir='ltr'><strong>est</strong></span> <span class='ocrx_word' id='word_1_405' title='bbox 784 3832 1606 3900; x_wconf 82' lang='lat' dir='ltr'><strong>convenientissimum?.Quem</strong></span> <span class='ocrx_word' id='word_1_406' title='bbox 1637 3847 1765 3886; x_wconf 92' lang='lat' dir='ltr'><strong>cum</strong></span> <span class='ocrx_word' id='word_1_407' title='bbox 1790 3829 1996 3886; x_wconf 89' lang='lat' dir='ltr'><strong>Paulus</strong></span> 
     </span>
    </p>
   </div>
   <div class='ocr_carea' id='block_1_56' title="bbox 427 3923 1996 3995">
    <p class='ocr_par' dir='ltr' id='par_1_56' title="bbox 427 3923 1996 3995">
     <span class='ocr_line' id='line_1_56' title="bbox 427 3923 1996 3995; baseline 0.002 -19"><span class='ocrx_word' id='word_1_408' title='bbox 427 3923 481 3977; x_wconf 90' lang='lat' dir='ltr'><strong>in</strong></span> <span class='ocrx_word' id='word_1_409' title='bbox 528 3938 588 3978; x_wconf 92' lang='lat' dir='ltr'><strong>se</strong></span> <span class='ocrx_word' id='word_1_410' title='bbox 625 3937 853 3993; x_wconf 85' lang='lat' dir='ltr'><strong>scopum</strong></span> <span class='ocrx_word' id='word_1_411' title='bbox 903 3924 1129 3981; x_wconf 86' lang='lat' dir='ltr'><strong>haberet</strong></span> <span class='ocrx_word' id='word_1_412' title='bbox 1161 3944 1177 3981; x_wconf 90' lang='lat'><strong>:</strong></span> <span class='ocrx_word' id='word_1_413' title='bbox 1214 3943 1238 3979; x_wconf 70' lang='grc' dir='ltr'><strong>ι</strong></span> <span class='ocrx_word' id='word_1_414' title='bbox 1274 3925 1466 3983; x_wconf 82' lang='lat' dir='ltr'><strong>Melius</strong></span> <span class='ocrx_word' id='word_1_415' title='bbox 1501 3932 1609 3995; x_wconf 87' lang='lat' dir='ltr'><strong>est,</strong></span> <span class='ocrx_word' id='word_1_416' title='bbox 1640 3923 1846 3995; x_wconf 89' lang='lat' dir='ltr'><strong>inquit,</strong></span> <span class='ocrx_word' id='word_1_417' title='bbox 1879 3923 1996 3979; x_wconf 85' lang='lat' dir='ltr'><strong>dis-</strong></span> 
     </span>
    </p>
   </div>
   <div class='ocr_carea' id='block_1_57' title="bbox 424 4011 1388 4075">
    <p class='ocr_par' dir='ltr' id='par_1_57' title="bbox 424 4011 1388 4075">
     <span class='ocr_line' id='line_1_57' title="bbox 424 4011 1388 4075; baseline 0 -6"><span class='ocrx_word' id='word_1_418' title='bbox 424 4011 587 4075; x_wconf 83' lang='lat' dir='ltr'><strong>solvi,</strong></span> <span class='ocrx_word' id='word_1_419' title='bbox 622 4019 679 4067; x_wconf 92' lang='lat' dir='ltr'><strong>et</strong></span> <span class='ocrx_word' id='word_1_420' title='bbox 705 4027 829 4068; x_wconf 90' lang='lat' dir='ltr'><strong>esse</strong></span> <span class='ocrx_word' id='word_1_421' title='bbox 858 4029 983 4068; x_wconf 91' lang='lat' dir='ltr'><strong>eum</strong></span> <span class='ocrx_word' id='word_1_422' title='bbox 1014 4013 1234 4072; x_wconf 87' lang='lat' dir='ltr'><strong>Christo</strong></span> <span class='ocrx_word' id='word_1_423' title='bbox 1259 4014 1326 4069; x_wconf 74' lang='grc' dir='ltr'><strong>δ’.</strong></span> <span class='ocrx_word' id='word_1_424' title='bbox 1366 4034 1388 4069; x_wconf 75' lang='grc' dir='ltr'><strong>ι</strong></span> 
     </span>
    </p>
   </div>
   <div class='ocr_carea' id='block_1_58' title="bbox 2111 1899 3678 1973">
    <p class='ocr_par' dir='ltr' id='par_1_58' title="bbox 2111 1899 3678 1973">
     <span class='ocr_line' id='line_1_58' title="bbox 2111 1899 3678 1973; baseline 0.001 -18"><span class='ocrx_word' id='word_1_425' title='bbox 2111 1900 2280 1955; x_wconf 75' lang='grc' dir='ltr'><strong>σθεϊνο</strong></span> <span class='ocrx_word' id='word_1_426' title='bbox 2299 1900 2485 1972; x_wconf 79' lang='grc' dir='ltr'><strong>ἐπειδὴ</strong></span> <span class='ocrx_word' id='word_1_427' title='bbox 2507 1899 2564 1955; x_wconf 83' lang='grc' dir='ltr'><strong>δὲ</strong></span> <span class='ocrx_word' id='word_1_428' title='bbox 2584 1899 2722 1971; x_wconf 75' lang='grc' dir='ltr'><strong>πρὸς</strong></span> <span class='ocrx_word' id='word_1_429' title='bbox 2748 1901 2892 1972; x_wconf 84' lang='grc' dir='ltr'><strong>ὑμᾶς</strong></span> <span class='ocrx_word' id='word_1_430' title='bbox 2918 1899 3075 1973; x_wconf 82' lang='grc' dir='ltr'><strong>ἔφην,</strong></span> <span class='ocrx_word' id='word_1_431' title='bbox 3093 1900 3168 1965; x_wconf 85' lang='grc' dir='ltr'><strong>ὼς</strong></span> <span class='ocrx_word' id='word_1_432' title='bbox 3186 1901 3286 1954; x_wconf 78' lang='grc' dir='ltr'><strong>οὐκ</strong></span> <span class='ocrx_word' id='word_1_433' title='bbox 3308 1901 3678 1972; x_wconf 80' lang='grc' dir='ltr'><strong>ἀπελεύσομαι</strong></span> 
     </span>
    </p>
   </div>
   <div class='ocr_carea' id='block_1_59' title="bbox 2111 1992 3678 2066">
    <p class='ocr_par' dir='ltr' id='par_1_59' title="bbox 2111 1992 3678 2066">
     <span class='ocr_line' id='line_1_59' title="bbox 2111 1992 3678 2066; baseline -0.001 -18"><span class='ocrx_word' id='word_1_434' title='bbox 2111 1993 2294 2066; x_wconf 89' lang='grc' dir='ltr'><strong>μόνον,</strong></span> <span class='ocrx_word' id='word_1_435' title='bbox 2319 1993 2440 2048; x_wconf 84' lang='grc' dir='ltr'><strong>ἀλλύ</strong></span> <span class='ocrx_word' id='word_1_436' title='bbox 2472 1995 2554 2047; x_wconf 85' lang='grc' dir='ltr'><strong>ὅτι</strong></span> <span class='ocrx_word' id='word_1_437' title='bbox 2607 1995 2702 2047; x_wconf 75' lang='grc' dir='ltr'><strong>καὶ</strong></span> <span class='ocrx_word' id='word_1_438' title='bbox 2745 1992 3000 2063; x_wconf 82' lang='grc' dir='ltr'><strong>ἐπανήξω</strong></span> <span class='ocrx_word' id='word_1_439' title='bbox 3046 1992 3189 2046; x_wconf 85' lang='grc' dir='ltr'><strong>κατά</strong></span> <span class='ocrx_word' id='word_1_440' title='bbox 3247 1992 3459 2063; x_wconf 64' lang='grc' dir='ltr'><strong>καιρὸν,</strong></span> <span class='ocrx_word' id='word_1_441' title='bbox 3496 1992 3678 2064; x_wconf 78' lang='grc' dir='ltr'><strong>τίδὴ,</strong></span> 
     </span>
    </p>
   </div>
   <div class='ocr_carea' id='block_1_60' title="bbox 2107 2083 3672 2158">
    <p class='ocr_par' dir='ltr' id='par_1_60' title="bbox 2107 2083 3672 2158">
     <span class='ocr_line' id='line_1_60' title="bbox 2107 2083 3672 2158; baseline -0.001 -19"><span class='ocrx_word' id='word_1_442' title='bbox 2107 2086 2263 2158; x_wconf 76' lang='grc' dir='ltr'><strong>φησὶ,</strong></span> <span class='ocrx_word' id='word_1_443' title='bbox 2292 2086 2451 2157; x_wconf 89' lang='grc' dir='ltr'><strong>μόνον</strong></span> <span class='ocrx_word' id='word_1_444' title='bbox 2475 2085 2538 2140; x_wconf 80' lang='grc' dir='ltr'><strong>τὸ</strong></span> <span class='ocrx_word' id='word_1_445' title='bbox 2558 2083 2765 2139; x_wconf 77' lang='grc' dir='ltr'><strong>λυποῦν.</strong></span> <span class='ocrx_word' id='word_1_446' title='bbox 2785 2086 2903 2148; x_wconf 75' lang='grc' dir='ltr'><strong>ταῖς</strong></span> <span class='ocrx_word' id='word_1_447' title='bbox 2932 2084 3138 2138; x_wconf 71' lang='grc' dir='ltr'><strong>ἑαυτῶν</strong></span> <span class='ocrx_word' id='word_1_448' title='bbox 3162 2084 3429 2148; x_wconf 70' lang='grc' dir='ltr'><strong>διανοίαις</strong></span> <span class='ocrx_word' id='word_1_449' title='bbox 3445 2084 3672 2139; x_wconf 76' lang='grc' dir='ltr'><strong>εἰσοικό-</strong></span> 
     </span>
    </p>
   </div>
   <div class='ocr_carea' id='block_1_61' title="bbox 2107 2177 3679 2248">
    <p class='ocr_par' dir='ltr' id='par_1_61' title="bbox 2107 2177 3679 2248">
     <span class='ocr_line' id='line_1_61' title="bbox 2107 2177 3679 2248; baseline -0.002 -15"><span class='ocrx_word' id='word_1_450' title='bbox 2107 2178 2313 2246; x_wconf 80' lang='grc' dir='ltr'><strong>ζοντες,</strong></span> <span class='ocrx_word' id='word_1_451' title='bbox 2362 2178 2425 2233; x_wconf 81' lang='grc' dir='ltr'><strong>τὸ</strong></span> <span class='ocrx_word' id='word_1_452' title='bbox 2479 2177 2722 2246; x_wconf 75' lang='grc' dir='ltr'><strong>πεφυκὸς</strong></span> <span class='ocrx_word' id='word_1_453' title='bbox 2785 2177 3095 2248; x_wconf 83' lang='grc' dir='ltr'><strong>εὐφραίνειν</strong></span> <span class='ocrx_word' id='word_1_454' title='bbox 3142 2180 3263 2241; x_wconf 75' lang='grc' dir='ltr'><strong>ταῖς</strong></span> <span class='ocrx_word' id='word_1_455' title='bbox 3319 2177 3679 2248; x_wconf 86' lang='grc' dir='ltr'><strong>ἀμνηστείαις</strong></span> 
     </span>
    </p>
   </div>
   <div class='ocr_carea' id='block_1_62' title="bbox 2106 2266 3679 2343">
    <p class='ocr_par' dir='ltr' id='par_1_62' title="bbox 2106 2266 3679 2343">
     <span class='ocr_line' id='line_1_62' title="bbox 2106 2266 3679 2343; baseline -0.003 -18"><span class='ocrx_word' id='word_1_456' title='bbox 2106 2270 2389 2343; x_wconf 71' lang='grc' dir='ltr'><strong>ὑϐρίζετε,</strong></span> <span class='ocrx_word' id='word_1_457' title='bbox 2418 2267 2837 2340; x_wconf 79' lang='grc' dir='ltr'><strong>’Λντεγειρέσθω</strong></span> <span class='ocrx_word' id='word_1_458' title='bbox 2857 2268 2935 2339; x_wconf 84' lang='grc' dir='ltr'><strong>τῷ</strong></span> <span class='ocrx_word' id='word_1_459' title='bbox 2962 2266 3248 2338; x_wconf 78' lang='grc' dir='ltr'><strong>πλήττοντι</strong></span> <span class='ocrx_word' id='word_1_460' title='bbox 3272 2267 3335 2321; x_wconf 80' lang='grc' dir='ltr'><strong>τὸ</strong></span> <span class='ocrx_word' id='word_1_461' title='bbox 3353 2268 3679 2339; x_wconf 86' lang='grc' dir='ltr'><strong>θεραπεύειν</strong></span> 
     </span>
    </p>
   </div>
   <div class='ocr_carea' id='block_1_63' title="bbox 2106 2358 3673 2430">
    <p class='ocr_par' dir='ltr' id='par_1_63' title="bbox 2106 2358 3673 2430">
     <span class='ocr_line' id='line_1_63' title="bbox 2106 2358 3673 2430; baseline -0.002 -16"><span class='ocrx_word' id='word_1_462' title='bbox 2106 2360 2268 2426; x_wconf 83' lang='grc' dir='ltr'><strong>είδὺς,</strong></span> <span class='ocrx_word' id='word_1_463' title='bbox 2293 2359 2694 2424; x_wconf 74' lang='grc' dir='ltr'><strong>ἀντιπαλαιέτω</strong></span> <span class='ocrx_word' id='word_1_464' title='bbox 2716 2362 2831 2423; x_wconf 86' lang='grc' dir='ltr'><strong>τοῖς</strong></span> <span class='ocrx_word' id='word_1_465' title='bbox 2847 2360 3002 2430; x_wconf 81' lang='grc' dir='ltr'><strong>ἀνιᾷν</strong></span> <span class='ocrx_word' id='word_1_466' title='bbox 3018 2358 3317 2427; x_wconf 82' lang='grc' dir='ltr'><strong>πεφυκόσιν</strong></span> <span class='ocrx_word' id='word_1_467' title='bbox 3344 2359 3376 2429; x_wconf 86' lang='grc' dir='ltr'>ή</span> <span class='ocrx_word' id='word_1_468' title='bbox 3407 2358 3505 2411; x_wconf 87' lang='grc' dir='ltr'><strong>τοῦ</strong></span> <span class='ocrx_word' id='word_1_469' title='bbox 3536 2376 3673 2412; x_wconf 80' lang='grc' dir='ltr'><strong>κατ-</strong></span> 
     </span>
    </p>
   </div>
   <div class='ocr_carea' id='block_1_64' title="bbox 2105 2449 3679 2524">
    <p class='ocr_par' dir='ltr' id='par_1_64' title="bbox 2105 2449 3679 2524">
     <span class='ocr_line' id='line_1_64' title="bbox 2105 2449 3679 2524; baseline -0.003 -17"><span class='ocrx_word' id='word_1_470' title='bbox 2105 2453 2488 2524; x_wconf 82' lang='grc' dir='ltr'><strong>ευφραίνοντος</strong></span> <span class='ocrx_word' id='word_1_471' title='bbox 2540 2451 2788 2523; x_wconf 86' lang='grc' dir='ltr'><strong>δύναμις.</strong></span> <span class='ocrx_word' id='word_1_472' title='bbox 2836 2450 3212 2520; x_wconf 70' lang='grc' dir='ltr'><strong>Συντὲταγμαι</strong></span> <span class='ocrx_word' id='word_1_473' title='bbox 3260 2451 3359 2521; x_wconf 85' lang='grc' dir='ltr'><strong>μὲν</strong></span> <span class='ocrx_word' id='word_1_474' title='bbox 3420 2450 3554 2520; x_wconf 80' lang='grc' dir='ltr'><strong>γάρ,</strong></span> <span class='ocrx_word' id='word_1_475' title='bbox 3600 2449 3679 2513; x_wconf 83' lang='grc' dir='ltr'><strong>ὡς</strong></span> 
     </span>
    </p>
   </div>
   <div class='ocr_carea' id='block_1_65' title="bbox 2105 2541 3679 2617">
    <p class='ocr_par' dir='ltr' id='par_1_65' title="bbox 2105 2541 3679 2617">
     <span class='ocr_line' id='line_1_65' title="bbox 2105 2541 3679 2617; baseline -0.003 -18"><span class='ocrx_word' id='word_1_476' title='bbox 2105 2544 2512 2617; x_wconf 88' lang='grc' dir='ltr'><strong>ἀναϐησόμενος</strong></span> <span class='ocrx_word' id='word_1_477' title='bbox 2569 2543 2706 2615; x_wconf 79' lang='grc' dir='ltr'><strong>πρὸς</strong></span> <span class='ocrx_word' id='word_1_478' title='bbox 2733 2543 2827 2597; x_wconf 74' lang='grc' dir='ltr'><strong>τὸν</strong></span> <span class='ocrx_word' id='word_1_479' title='bbox 2872 2543 3095 2614; x_wconf 79' lang='grc' dir='ltr'><strong>Πατέρα</strong></span> <span class='ocrx_word' id='word_1_480' title='bbox 3140 2542 3236 2596; x_wconf 77' lang='grc' dir='ltr'><strong>καὶ</strong></span> <span class='ocrx_word' id='word_1_481' title='bbox 3267 2542 3420 2606; x_wconf 81' lang='grc' dir='ltr'><strong>Θεὸν,</strong></span> <span class='ocrx_word' id='word_1_482' title='bbox 3446 2541 3561 2595; x_wconf 82' lang='grc' dir='ltr'><strong>ἀλλ’</strong></span> <span class='ocrx_word' id='word_1_483' title='bbox 3594 2542 3679 2596; x_wconf 80' lang='grc' dir='ltr'><strong>ὅτι</strong></span> 
     </span>
    </p>
   </div>
   <div class='ocr_carea' id='block_1_66' title="bbox 2104 2634 3677 2709">
    <p class='ocr_par' dir='ltr' id='par_1_66' title="bbox 2104 2634 3677 2709">
     <span class='ocr_line' id='line_1_66' title="bbox 2104 2634 3677 2709; baseline -0.003 -16"><span class='ocrx_word' id='word_1_484' title='bbox 2104 2640 2198 2693; x_wconf 74' lang='grc' dir='ltr'><strong>καὶ</strong></span> <span class='ocrx_word' id='word_1_485' title='bbox 2228 2638 2486 2709; x_wconf 75' lang='grc' dir='ltr'><strong>ἐπανήξω</strong></span> <span class='ocrx_word' id='word_1_486' title='bbox 2521 2638 2685 2692; x_wconf 90' lang='grc' dir='ltr'><strong>πάλιν</strong></span> <span class='ocrx_word' id='word_1_487' title='bbox 2712 2637 3080 2708; x_wconf 84' lang='grc' dir='ltr'><strong>ὲπήγγελμαι.</strong></span> <span class='ocrx_word' id='word_1_488' title='bbox 3126 2634 3469 2706; x_wconf 74' lang='grc' dir='ltr'><strong>Καταραὶζει</strong></span> <span class='ocrx_word' id='word_1_489' title='bbox 3496 2635 3677 2695; x_wconf 77' lang='grc' dir='ltr'><strong>τοίνυν</strong></span> 
     </span>
    </p>
   </div>
   <div class='ocr_carea' id='block_1_67' title="bbox 2102 2724 3673 2804">
    <p class='ocr_par' dir='ltr' id='par_1_67' title="bbox 2102 2724 3673 2804">
     <span class='ocr_line' id='line_1_67' title="bbox 2102 2724 3673 2804; baseline -0.003 -18"><span class='ocrx_word' id='word_1_490' title='bbox 2102 2733 2480 2804; x_wconf 81' lang='grc' dir='ltr'><strong>ἀκμαιοτάτην</strong></span> <span class='ocrx_word' id='word_1_491' title='bbox 2518 2732 2577 2785; x_wconf 87' lang='grc' dir='ltr'><strong>ἐν</strong></span> <span class='ocrx_word' id='word_1_492' title='bbox 2632 2732 2747 2795; x_wconf 85' lang='grc' dir='ltr'><strong>τοῖς</strong></span> <span class='ocrx_word' id='word_1_493' title='bbox 2783 2729 3054 2801; x_wconf 80' lang='grc' dir='ltr'><strong>μαθηταῖς</strong></span> <span class='ocrx_word' id='word_1_494' title='bbox 3096 2729 3196 2801; x_wconf 78' lang='grc' dir='ltr'><strong>τὴν</strong></span> <span class='ocrx_word' id='word_1_495' title='bbox 3243 2724 3419 2800; x_wconf 87' lang='grc' dir='ltr'><strong>λύπην</strong></span> <span class='ocrx_word' id='word_1_496' title='bbox 3473 2728 3673 2799; x_wconf 81' lang='grc' dir='ltr'><strong>εὑρὼν.</strong></span> 
     </span>
    </p>
   </div>
   <div class='ocr_carea' id='block_1_68' title="bbox 2103 2819 3677 2894">
    <p class='ocr_par' dir='ltr' id='par_1_68' title="bbox 2103 2819 3677 2894">
     <span class='ocr_line' id='line_1_68' title="bbox 2103 2819 3677 2894; baseline -0.002 -17"><span class='ocrx_word' id='word_1_497' title='bbox 2103 2823 2216 2877; x_wconf 76' lang='grc' dir='ltr'><strong>Καὶ</strong></span> <span class='ocrx_word' id='word_1_498' title='bbox 2238 2821 2426 2894; x_wconf 84' lang='grc' dir='ltr'><strong>ὥσπερ</strong></span> <span class='ocrx_word' id='word_1_499' title='bbox 2449 2822 2517 2877; x_wconf 81' lang='grc' dir='ltr'><strong>ἂν</strong></span> <span class='ocrx_word' id='word_1_500' title='bbox 2537 2822 2593 2876; x_wconf 86' lang='grc' dir='ltr'><strong>εῐ</strong></span> <span class='ocrx_word' id='word_1_501' title='bbox 2626 2839 2710 2887; x_wconf 89' lang='grc' dir='ltr'><strong>τις</strong></span> <span class='ocrx_word' id='word_1_502' title='bbox 2737 2820 2994 2891; x_wconf 88' lang='grc' dir='ltr'><strong>φιλόπαις</strong></span> <span class='ocrx_word' id='word_1_503' title='bbox 3023 2819 3195 2885; x_wconf 77' lang='grc' dir='ltr'><strong>ὅντως</strong></span> <span class='ocrx_word' id='word_1_504' title='bbox 3234 2820 3373 2893; x_wconf 81' lang='grc' dir='ltr'><strong>ἀνὴρ</strong></span> <span class='ocrx_word' id='word_1_505' title='bbox 3420 2821 3515 2874; x_wconf 67' lang='grc' dir='ltr'><strong>καὶ</strong></span> <span class='ocrx_word' id='word_1_506' title='bbox 3539 2821 3677 2889; x_wconf 80' lang='grc' dir='ltr'><strong>ἀγα-</strong></span> 
     </span>
    </p>
   </div>
   <div class='ocr_carea' id='block_1_69' title="bbox 2104 2911 3680 2985">
    <p class='ocr_par' dir='ltr' id='par_1_69' title="bbox 2104 2911 3680 2985">
     <span class='ocr_line' id='line_1_69' title="bbox 2104 2911 3680 2985; baseline -0.001 -16"><span class='ocrx_word' id='word_1_507' title='bbox 2104 2915 2364 2981; x_wconf 87' lang='grc' dir='ltr'><strong>θώτατος,</strong></span> <span class='ocrx_word' id='word_1_508' title='bbox 2388 2913 2487 2985; x_wconf 83' lang='grc' dir='ltr'><strong>τῆς</strong></span> <span class='ocrx_word' id='word_1_509' title='bbox 2508 2912 2838 2984; x_wconf 73' lang='grc' dir='ltr'><strong>ἐνεγκούσης</strong></span> <span class='ocrx_word' id='word_1_510' title='bbox 2856 2911 3110 2984; x_wconf 87' lang='grc' dir='ltr'><strong>ἀπαίρειν</strong></span> <span class='ocrx_word' id='word_1_511' title='bbox 3136 2911 3228 2966; x_wconf 84' lang='grc' dir='ltr'><strong>ἐπί</strong></span> <span class='ocrx_word' id='word_1_512' title='bbox 3245 2929 3355 2966; x_wconf 89' lang='grc' dir='ltr'><strong>τισι</strong></span> <span class='ocrx_word' id='word_1_513' title='bbox 3377 2912 3487 2966; x_wconf 83' lang='grc' dir='ltr'><strong>τῶν</strong></span> <span class='ocrx_word' id='word_1_514' title='bbox 3508 2913 3680 2981; x_wconf 77' lang='grc' dir='ltr'><strong>ἀναγ-</strong></span> 
     </span>
    </p>
   </div>
   <div class='ocr_carea' id='block_1_70' title="bbox 2101 2998 3679 3076">
    <p class='ocr_par' dir='ltr' id='par_1_70' title="bbox 2101 2998 3679 3076">
     <span class='ocr_line' id='line_1_70' title="bbox 2101 2998 3679 3076; baseline -0.003 -16"><span class='ocrx_word' id='word_1_515' title='bbox 2101 3005 2276 3060; x_wconf 81' lang='grc' dir='ltr'><strong>καίων</strong></span> <span class='ocrx_word' id='word_1_516' title='bbox 2303 3003 2692 3076; x_wconf 74' lang='grc' dir='ltr'><strong>ἐκϐιαξόμενος</strong></span> <span class='ocrx_word' id='word_1_517' title='bbox 2711 3044 2727 3071; x_wconf 93' lang='grc'><strong>,</strong></span> <span class='ocrx_word' id='word_1_518' title='bbox 2759 2998 2882 3057; x_wconf 74' lang='grc' dir='ltr'><strong>εἶτα</strong></span> <span class='ocrx_word' id='word_1_519' title='bbox 2908 3002 3043 3056; x_wconf 86' lang='grc' dir='ltr'><strong>πολὺ</strong></span> <span class='ocrx_word' id='word_1_520' title='bbox 3070 3003 3181 3057; x_wconf 84' lang='grc' dir='ltr'><strong>τῶν</strong></span> <span class='ocrx_word' id='word_1_521' title='bbox 3214 3003 3360 3057; x_wconf 81' lang='grc' dir='ltr'><strong>ἰδίων</strong></span> <span class='ocrx_word' id='word_1_522' title='bbox 3384 3004 3593 3057; x_wconf 83' lang='grc' dir='ltr'><strong>τέκνων</strong></span> <span class='ocrx_word' id='word_1_523' title='bbox 3612 3004 3679 3057; x_wconf 76' lang='grc' dir='ltr'><strong>τὸ</strong></span> 
     </span>
    </p>
   </div>
   <div class='ocr_carea' id='block_1_71' title="bbox 2100 3094 3679 3170">
    <p class='ocr_par' dir='ltr' id='par_1_71' title="bbox 2100 3094 3679 3170">
     <span class='ocr_line' id='line_1_71' title="bbox 2100 3094 3679 3170; baseline -0.001 -21"><span class='ocrx_word' id='word_1_524' title='bbox 2100 3096 2336 3170; x_wconf 83' lang='grc' dir='ltr'><strong>δάκρυον</strong></span> <span class='ocrx_word' id='word_1_525' title='bbox 2374 3095 2606 3167; x_wconf 77' lang='grc' dir='ltr'><strong>βλέπων,</strong></span> <span class='ocrx_word' id='word_1_526' title='bbox 2639 3095 2738 3167; x_wconf 84' lang='grc' dir='ltr'><strong>τὴν</strong></span> <span class='ocrx_word' id='word_1_527' title='bbox 2780 3095 3204 3168; x_wconf 87' lang='grc' dir='ltr'><strong>τρυφερωτάτην</strong></span> <span class='ocrx_word' id='word_1_528' title='bbox 3253 3094 3430 3149; x_wconf 77' lang='grc' dir='ltr'><strong>αὐτῶν</strong></span> <span class='ocrx_word' id='word_1_529' title='bbox 3458 3095 3552 3149; x_wconf 61' lang='grc' dir='ltr'><strong>καὶ⁵</strong></span> <span class='ocrx_word' id='word_1_530' title='bbox 3587 3095 3679 3164; x_wconf 82' lang='grc' dir='ltr'><strong>φί-</strong></span> 
     </span>
    </p>
   </div>
   <div class='ocr_carea' id='block_1_72' title="bbox 2100 3182 3679 3260">
    <p class='ocr_par' dir='ltr' id='par_1_72' title="bbox 2100 3182 3679 3260">
     <span class='ocr_line' id='line_1_72' title="bbox 2100 3182 3679 3260; baseline -0.001 -18"><span class='ocrx_word' id='word_1_531' title='bbox 2100 3187 2199 3260; x_wconf 90' lang='grc' dir='ltr'><strong>λην</strong></span> <span class='ocrx_word' id='word_1_532' title='bbox 2231 3187 2567 3259; x_wconf 80' lang='grc' dir='ltr'><strong>καταϐρέχον</strong></span> <span class='ocrx_word' id='word_1_533' title='bbox 2607 3186 2862 3257; x_wconf 82' lang='grc' dir='ltr'><strong>παρειάν,</strong></span> <span class='ocrx_word' id='word_1_534' title='bbox 2893 3187 2980 3242; x_wconf 88' lang='grc' dir='ltr'><strong>διά</strong></span> <span class='ocrx_word' id='word_1_535' title='bbox 3003 3187 3204 3250; x_wconf 81' lang='grc' dir='ltr'><strong>παντὸς</strong></span> <span class='ocrx_word' id='word_1_536' title='bbox 3227 3182 3334 3239; x_wconf 85' lang='grc' dir='ltr'><strong>εἶσι</strong></span> <span class='ocrx_word' id='word_1_537' title='bbox 3365 3186 3544 3255; x_wconf 84' lang='grc' dir='ltr'><strong>λόγου,</strong></span> <span class='ocrx_word' id='word_1_538' title='bbox 3576 3189 3679 3242; x_wconf 79' lang='grc' dir='ltr'><strong>καὶ</strong></span> 
     </span>
    </p>
   </div>
   <div class='ocr_carea' id='block_1_73' title="bbox 2094 3276 3679 3349">
    <p class='ocr_par' dir='ltr' id='par_1_73' title="bbox 2094 3276 3679 3349">
     <span class='ocr_line' id='line_1_73' title="bbox 2094 3276 3679 3349; baseline -0.003 -16"><span class='ocrx_word' id='word_1_539' title='bbox 2094 3279 2157 3333; x_wconf 82' lang='grc' dir='ltr'><strong>τὸ</strong></span> <span class='ocrx_word' id='word_1_540' title='bbox 2183 3282 2248 3333; x_wconf 85' lang='grc' dir='ltr'><strong>ἐκ</strong></span> <span class='ocrx_word' id='word_1_541' title='bbox 2270 3279 2369 3349; x_wconf 86' lang='grc' dir='ltr'><strong>τῆς</strong></span> <span class='ocrx_word' id='word_1_542' title='bbox 2395 3276 2706 3347; x_wconf 85' lang='grc' dir='ltr'><strong>ἀποδημίας</strong></span> <span class='ocrx_word' id='word_1_543' title='bbox 2734 3277 2993 3348; x_wconf 74' lang='grc' dir='ltr'><strong>ἐσόμενον</strong></span> <span class='ocrx_word' id='word_1_544' title='bbox 3020 3277 3223 3346; x_wconf 80' lang='grc' dir='ltr'><strong>ἀγαθὸν</strong></span> <span class='ocrx_word' id='word_1_545' title='bbox 3252 3277 3341 3330; x_wconf 78' lang='grc' dir='ltr'><strong>ἀεὶ</strong></span> <span class='ocrx_word' id='word_1_546' title='bbox 3368 3277 3679 3348; x_wconf 82' lang='grc' dir='ltr'><strong>παρακομίο</strong></span> 
     </span>
    </p>
   </div>
   <div class='ocr_carea' id='block_1_74' title="bbox 2095 3368 3677 3442">
    <p class='ocr_par' dir='ltr' id='par_1_74' title="bbox 2095 3368 3677 3442">
     <span class='ocr_line' id='line_1_74' title="bbox 2095 3368 3677 3442; baseline -0.003 -16"><span class='ocrx_word' id='word_1_547' title='bbox 2095 3372 2204 3437; x_wconf 78' lang='grc' dir='ltr'><strong>ζων</strong></span> <span class='ocrx_word' id='word_1_548' title='bbox 2233 3373 2313 3435; x_wconf 84' lang='grc' dir='ltr'><strong>είς</strong></span> <span class='ocrx_word' id='word_1_549' title='bbox 2343 3369 2528 3442; x_wconf 81' lang='grc' dir='ltr'><strong>μέσον,</strong></span> <span class='ocrx_word' id='word_1_550' title='bbox 2576 3368 2888 3433; x_wconf 77' lang='grc' dir='ltr'><strong>ἀνθοπλίζει</strong></span> <span class='ocrx_word' id='word_1_551' title='bbox 2918 3369 3117 3440; x_wconf 87' lang='grc' dir='ltr'><strong>τρόπον</strong></span> <span class='ocrx_word' id='word_1_552' title='bbox 3166 3368 3291 3423; x_wconf 83' lang='grc' dir='ltr'><strong>τινὰ</strong></span> <span class='ocrx_word' id='word_1_553' title='bbox 3317 3371 3435 3432; x_wconf 82' lang='grc' dir='ltr'><strong>ταῖς</strong></span> <span class='ocrx_word' id='word_1_554' title='bbox 3471 3368 3677 3431; x_wconf 79' lang='grc' dir='ltr'><strong>λύπαις</strong></span> 
     </span>
    </p>
   </div>
   <div class='ocr_carea' id='block_1_75' title="bbox 2091 3460 3677 3534">
    <p class='ocr_par' dir='ltr' id='par_1_75' title="bbox 2091 3460 3677 3534">
     <span class='ocr_line' id='line_1_75' title="bbox 2091 3460 3677 3534; baseline -0.002 -17"><span class='ocrx_word' id='word_1_555' title='bbox 2091 3463 2191 3534; x_wconf 80' lang='grc' dir='ltr'><strong>τὴν</strong></span> <span class='ocrx_word' id='word_1_556' title='bbox 2212 3463 2308 3515; x_wconf 79' lang='grc' dir='ltr'><strong>ἐπὶ</strong></span> <span class='ocrx_word' id='word_1_557' title='bbox 2327 3464 2442 3524; x_wconf 76' lang='grc' dir='ltr'><strong>τοῖς</strong></span> <span class='ocrx_word' id='word_1_558' title='bbox 2463 3461 2696 3532; x_wconf 77' lang='grc' dir='ltr'><strong>ἡδίστοις</strong></span> <span class='ocrx_word' id='word_1_559' title='bbox 2717 3461 2926 3521; x_wconf 81' lang='grc' dir='ltr'><strong>ἐλπίδα·</strong></span> <span class='ocrx_word' id='word_1_560' title='bbox 2946 3460 3089 3515; x_wconf 60' lang='grc' dir='ltr'><strong>οὕτω</strong></span> <span class='ocrx_word' id='word_1_561' title='bbox 3119 3462 3213 3523; x_wconf 77' lang='grc' dir='ltr'><strong>καὶ</strong></span> <span class='ocrx_word' id='word_1_562' title='bbox 3238 3463 3266 3516; x_wconf 85' lang='grc' dir='ltr'><strong>ό</strong></span> <span class='ocrx_word' id='word_1_563' title='bbox 3285 3461 3488 3533; x_wconf 79' lang='grc' dir='ltr'><strong>Κύριος</strong></span> <span class='ocrx_word' id='word_1_564' title='bbox 3510 3462 3677 3533; x_wconf 77' lang='grc' dir='ltr'><strong>ἡμῶν</strong></span> 
     </span>
    </p>
   </div>
   <div class='ocr_carea' id='block_1_76' title="bbox 2106 3552 3670 3628">
    <p class='ocr_par' dir='ltr' id='par_1_76' title="bbox 2106 3552 3670 3628">
     <span class='ocr_line' id='line_1_76' title="bbox 2106 3552 3670 3628; baseline 0 -20"><span class='ocrx_word' id='word_1_565' title='bbox 2106 3554 2314 3628; x_wconf 89' lang='grc' dir='ltr'><strong>Ἰησοῦς</strong></span> <span class='ocrx_word' id='word_1_566' title='bbox 2345 3555 2375 3607; x_wconf 89' lang='grc' dir='ltr'><strong>ό</strong></span> <span class='ocrx_word' id='word_1_567' title='bbox 2401 3554 2656 3627; x_wconf 80' lang='grc' dir='ltr'><strong>Χριστὸς,</strong></span> <span class='ocrx_word' id='word_1_568' title='bbox 2694 3555 2794 3626; x_wconf 85' lang='grc' dir='ltr'><strong>τῆς</strong></span> <span class='ocrx_word' id='word_1_569' title='bbox 2844 3553 2952 3612; x_wconf 84' lang='grc' dir='ltr'><strong>τῶν</strong></span> <span class='ocrx_word' id='word_1_570' title='bbox 2978 3552 3147 3625; x_wconf 84' lang='grc' dir='ltr'><strong>ἁγίων</strong></span> <span class='ocrx_word' id='word_1_571' title='bbox 3178 3553 3357 3625; x_wconf 77' lang='grc' dir='ltr'><strong>ψυχῆς</strong></span> <span class='ocrx_word' id='word_1_572' title='bbox 3394 3554 3670 3626; x_wconf 78' lang='grc' dir='ltr'><strong>περιστέλ-</strong></span> 
     </span>
    </p>
   </div>
   <div class='ocr_carea' id='block_1_77' title="bbox 2094 3643 3674 3718">
    <p class='ocr_par' dir='ltr' id='par_1_77' title="bbox 2094 3643 3674 3718">
     <span class='ocr_line' id='line_1_77' title="bbox 2094 3643 3674 3718; baseline 0.001 -20"><span class='ocrx_word' id='word_1_573' title='bbox 2094 3643 2175 3698; x_wconf 89' lang='grc' dir='ltr'><strong>λει</strong></span> <span class='ocrx_word' id='word_1_574' title='bbox 2200 3645 2298 3717; x_wconf 81' lang='grc' dir='ltr'><strong>τὴν</strong></span> <span class='ocrx_word' id='word_1_575' title='bbox 2322 3644 2519 3717; x_wconf 86' lang='grc' dir='ltr'><strong>λύπην.</strong></span> <span class='ocrx_word' id='word_1_576' title='bbox 2546 3645 2704 3718; x_wconf 78' lang='grc' dir='ltr'><strong>’ῌδει</strong></span> <span class='ocrx_word' id='word_1_577' title='bbox 2727 3646 2855 3717; x_wconf 80' lang='grc' dir='ltr'><strong>γὰρ,</strong></span> <span class='ocrx_word' id='word_1_578' title='bbox 2883 3646 3020 3718; x_wconf 75' lang='grc' dir='ltr'><strong>ᾔδει,</strong></span> <span class='ocrx_word' id='word_1_579' title='bbox 3040 3645 3172 3708; x_wconf 82' lang='grc' dir='ltr'><strong>Θεὸς</strong></span> <span class='ocrx_word' id='word_1_580' title='bbox 3200 3644 3461 3716; x_wconf 84' lang='grc' dir='ltr'><strong>ὑπάρχων</strong></span> <span class='ocrx_word' id='word_1_581' title='bbox 3487 3644 3674 3715; x_wconf 76' lang='grc' dir='ltr'><strong>ἀληθιο</strong></span> 
     </span>
    </p>
   </div>
   <div class='ocr_carea' id='block_1_78' title="bbox 2093 3736 3671 3809">
    <p class='ocr_par' dir='ltr' id='par_1_78' title="bbox 2093 3736 3671 3809">
     <span class='ocr_line' id='line_1_78' title="bbox 2093 3736 3671 3809; baseline -0.001 -18"><span class='ocrx_word' id='word_1_582' title='bbox 2093 3738 2204 3803; x_wconf 84' lang='grc' dir='ltr'><strong>νὸς,</strong></span> <span class='ocrx_word' id='word_1_583' title='bbox 2238 3737 2651 3809; x_wconf 71' lang='grc' dir='ltr'><strong>φορτικωτάτην</strong></span> <span class='ocrx_word' id='word_1_584' title='bbox 2688 3738 2872 3802; x_wconf 80' lang='grc' dir='ltr'><strong>αὐτοῖς</strong></span> <span class='ocrx_word' id='word_1_585' title='bbox 2916 3737 3137 3791; x_wconf 76' lang='grc' dir='ltr'><strong>ἔσεσθαι</strong></span> <span class='ocrx_word' id='word_1_586' title='bbox 3158 3737 3258 3808; x_wconf 84' lang='grc' dir='ltr'><strong>τὴν</strong></span> <span class='ocrx_word' id='word_1_587' title='bbox 3283 3736 3565 3806; x_wconf 75' lang='grc' dir='ltr'><strong>ἀπόλειψιν</strong></span> <span class='ocrx_word' id='word_1_588' title='bbox 3586 3737 3671 3809; x_wconf 77' lang='grc'><strong>(1)</strong></span> 
     </span>
    </p>
   </div>
   <div class='ocr_carea' id='block_1_79' title="bbox 2094 3827 3673 3899">
    <p class='ocr_par' dir='ltr' id='par_1_79' title="bbox 2094 3827 3673 3899">
     <span class='ocr_line' id='line_1_79' title="bbox 2094 3827 3673 3899; baseline 0.001 -17"><span class='ocrx_word' id='word_1_589' title='bbox 2094 3827 2280 3893; x_wconf 85' lang='grc' dir='ltr'><strong>αὐτοῦ,</strong></span> <span class='ocrx_word' id='word_1_590' title='bbox 2307 3828 2482 3884; x_wconf 88' lang='grc' dir='ltr'><strong>καίτοι</strong></span> <span class='ocrx_word' id='word_1_591' title='bbox 2504 3829 2754 3892; x_wconf 84' lang='grc' dir='ltr'><strong>συνόντος</strong></span> <span class='ocrx_word' id='word_1_592' title='bbox 2778 3829 2864 3883; x_wconf 72' lang='grc' dir='ltr'><strong>ἀεὶ</strong></span> <span class='ocrx_word' id='word_1_593' title='bbox 2893 3828 2980 3884; x_wconf 89' lang='grc' dir='ltr'><strong>διά</strong></span> <span class='ocrx_word' id='word_1_594' title='bbox 3007 3827 3102 3883; x_wconf 90' lang='grc' dir='ltr'><strong>τοῦ</strong></span> <span class='ocrx_word' id='word_1_595' title='bbox 3141 3828 3474 3899; x_wconf 89' lang='grc' dir='ltr'><strong>Πνεύματος.</strong></span> <span class='ocrx_word' id='word_1_596' title='bbox 3512 3828 3673 3896; x_wconf 83' lang='grc' dir='ltr'><strong>Ἀγά-</strong></span> 
     </span>
    </p>
   </div>
   <div class='ocr_carea' id='block_1_80' title="bbox 2094 3919 3666 3992">
    <p class='ocr_par' dir='ltr' id='par_1_80' title="bbox 2094 3919 3666 3992">
     <span class='ocr_line' id='line_1_80' title="bbox 2094 3919 3666 3992; baseline -0.001 -18"><span class='ocrx_word' id='word_1_597' title='bbox 2094 3937 2204 3991; x_wconf 88' lang='grc' dir='ltr'><strong>πης</strong></span> <span class='ocrx_word' id='word_1_598' title='bbox 2228 3920 2286 3974; x_wconf 84' lang='grc' dir='ltr'><strong>δὲ</strong></span> <span class='ocrx_word' id='word_1_599' title='bbox 2312 3921 2471 3975; x_wconf 84' lang='grc' dir='ltr'><strong>τοῦτο</strong></span> <span class='ocrx_word' id='word_1_600' title='bbox 2496 3920 2593 3976; x_wconf 76' lang='grc' dir='ltr'><strong>καὶ</strong></span> <span class='ocrx_word' id='word_1_601' title='bbox 2618 3921 2900 3991; x_wconf 79' lang='grc' dir='ltr'><strong>ὁσιότητος</strong></span> <span class='ocrx_word' id='word_1_602' title='bbox 2920 3920 3019 3992; x_wconf 85' lang='grc' dir='ltr'><strong>τῆς</strong></span> <span class='ocrx_word' id='word_1_603' title='bbox 3047 3923 3129 3982; x_wconf 86' lang='grc' dir='ltr'><strong>εἰς</strong></span> <span class='ocrx_word' id='word_1_604' title='bbox 3166 3921 3341 3992; x_wconf 81' lang='grc' dir='ltr'><strong>ἄκραν</strong></span> <span class='ocrx_word' id='word_1_605' title='bbox 3368 3919 3666 3984; x_wconf 83' lang='grc' dir='ltr'><strong>ἀπόδειξις.</strong></span> 
     </span>
    </p>
   </div>
   <div class='ocr_carea' id='block_1_81' title="bbox 2099 4010 3669 4084">
    <p class='ocr_par' dir='ltr' id='par_1_81' title="bbox 2099 4010 3669 4084">
     <span class='ocr_line' id='line_1_81' title="bbox 2099 4010 3669 4084; baseline 0 -18"><span class='ocrx_word' id='word_1_606' title='bbox 2099 4011 2173 4066; x_wconf 85' lang='grc' dir='ltr'>Τὸ</span> <span class='ocrx_word' id='word_1_607' title='bbox 2201 4011 2310 4084; x_wconf 83' lang='grc' dir='ltr'><strong>γὰρ</strong></span> <span class='ocrx_word' id='word_1_608' title='bbox 2371 4014 2609 4067; x_wconf 81' lang='grc' dir='ltr'><strong>συνεῖναι</strong></span> <span class='ocrx_word' id='word_1_609' title='bbox 2675 4012 2961 4083; x_wconf 85' lang='grc' dir='ltr'><strong>βούλεσθαι</strong></span> <span class='ocrx_word' id='word_1_610' title='bbox 2989 4011 3066 4084; x_wconf 84' lang='grc' dir='ltr'><strong>τῷ</strong></span> <span class='ocrx_word' id='word_1_611' title='bbox 3096 4010 3336 4084; x_wconf 80' lang='grc' dir='ltr'><strong>Χριστῷ,</strong></span> <span class='ocrx_word' id='word_1_612' title='bbox 3392 4011 3510 4075; x_wconf 81' lang='grc' dir='ltr'><strong>πῶς</strong></span> <span class='ocrx_word' id='word_1_613' title='bbox 3563 4013 3669 4066; x_wconf 81' lang='grc' dir='ltr'><strong>οὐκ</strong></span> 
     </span>
    </p>
   </div>
   <div class='ocr_carea' id='block_1_82' title="bbox 421 4105 3667 4181">
    <p class='ocr_par' dir='ltr' id='par_1_82' title="bbox 421 4105 3667 4181">
     <span class='ocr_line' id='line_1_82' title="bbox 421 4105 3667 4181; baseline -0.001 -19"><span class='ocrx_word' id='word_1_614' title='bbox 421 4105 639 4176; x_wconf 78' lang='grc' dir='ltr'><strong>ἀληθῶς</strong></span> <span class='ocrx_word' id='word_1_615' title='bbox 665 4110 779 4173; x_wconf 86' lang='grc' dir='ltr'><strong>τοῖς</strong></span> <span class='ocrx_word' id='word_1_616' title='bbox 807 4109 985 4179; x_wconf 84' lang='grc' dir='ltr'><strong>ἁγίοις</strong></span> <span class='ocrx_word' id='word_1_617' title='bbox 1012 4111 1499 4181; x_wconf 75' lang='grc' dir='ltr'><strong>πρεπωδέστατονς</strong></span> <span class='ocrx_word' id='word_1_618' title='bbox 1529 4111 1641 4166; x_wconf 77' lang='grc' dir='ltr'><strong>Καὶ</strong></span> <span class='ocrx_word' id='word_1_619' title='bbox 1665 4111 1798 4180; x_wconf 82' lang='grc' dir='ltr'><strong>γοῦν</strong></span> <span class='ocrx_word' id='word_1_620' title='bbox 1820 4111 1850 4165; x_wconf 84' lang='grc' dir='ltr'>ὁ</span> <span class='ocrx_word' id='word_1_621' title='bbox 1875 4108 2179 4180; x_wconf 79' lang='grc' dir='ltr'><strong>θαυμάσιος</strong></span> <span class='ocrx_word' id='word_1_622' title='bbox 2242 4107 2457 4173; x_wconf 86' lang='grc' dir='ltr'><strong>Παῦλος</strong></span> <span class='ocrx_word' id='word_1_623' title='bbox 2498 4108 2687 4163; x_wconf 86' lang='grc' dir='ltr'><strong>τοῦτον</strong></span> <span class='ocrx_word' id='word_1_624' title='bbox 2752 4109 2892 4179; x_wconf 76' lang='grc' dir='ltr'><strong>ἔχων</strong></span> <span class='ocrx_word' id='word_1_625' title='bbox 2947 4111 3007 4162; x_wconf 85' lang='grc' dir='ltr'><strong>ἐν</strong></span> <span class='ocrx_word' id='word_1_626' title='bbox 3061 4106 3239 4178; x_wconf 79' lang='grc' dir='ltr'><strong>ἐαυτῷ</strong></span> <span class='ocrx_word' id='word_1_627' title='bbox 3272 4107 3363 4160; x_wconf 81' lang='grc' dir='ltr'><strong>τὸν</strong></span> <span class='ocrx_word' id='word_1_628' title='bbox 3431 4105 3667 4161; x_wconf 62' lang='grc' dir='ltr'><strong>σκοπόν</strong></span> 
     </span>
    </p>
   </div>
   <div class='ocr_carea' id='block_1_83' title="bbox 426 4200 2322 4278">
    <p class='ocr_par' dir='ltr' id='par_1_83' title="bbox 426 4200 2322 4278">
     <span class='ocr_line' id='line_1_83' title="bbox 426 4200 2322 4278; baseline 0.001 -23"><span class='ocrx_word' id='word_1_629' title='bbox 426 4222 446 4254; x_wconf 73' lang='grc' dir='ltr'><strong>ι</strong></span> <span class='ocrx_word' id='word_1_630' title='bbox 477 4202 746 4275; x_wconf 79' lang='grc' dir='ltr'><strong>Κρεῖσσον</strong></span> <span class='ocrx_word' id='word_1_631' title='bbox 773 4204 911 4277; x_wconf 77' lang='grc' dir='ltr'><strong>γὰρ,</strong></span> <span class='ocrx_word' id='word_1_632' title='bbox 958 4206 1088 4278; x_wconf 70' lang='grc' dir='ltr'><strong>φησὶ</strong></span> <span class='ocrx_word' id='word_1_633' title='bbox 1107 4244 1122 4269; x_wconf 93' lang='grc'><strong>,</strong></span> <span class='ocrx_word' id='word_1_634' title='bbox 1167 4205 1230 4257; x_wconf 80' lang='grc' dir='ltr'><strong>τὸ</strong></span> <span class='ocrx_word' id='word_1_635' title='bbox 1259 4205 1546 4273; x_wconf 87' lang='grc' dir='ltr'><strong>ἀναλῦσαι,</strong></span> <span class='ocrx_word' id='word_1_636' title='bbox 1598 4208 1695 4261; x_wconf 74' lang='grc' dir='ltr'><strong>καὶ</strong></span> <span class='ocrx_word' id='word_1_637' title='bbox 1730 4207 1829 4261; x_wconf 84' lang='grc' dir='ltr'><strong>σὺν</strong></span> <span class='ocrx_word' id='word_1_638' title='bbox 1862 4205 2091 4278; x_wconf 79' lang='grc' dir='ltr'><strong>Χριστῷ</strong></span> <span class='ocrx_word' id='word_1_639' title='bbox 2113 4200 2275 4261; x_wconf 77' lang='grc' dir='ltr'><strong>εἶναι.</strong></span> <span class='ocrx_word' id='word_1_640' title='bbox 2300 4224 2322 4256; x_wconf 70' lang='grc' dir='ltr'><strong>ι</strong></span> 
     </span>
    </p>
   </div>
   <div class='ocr_carea' id='block_1_84' title="bbox 974 4316 1473 4403">
    <p class='ocr_par' dir='ltr' id='par_1_84' title="bbox 974 4316 1473 4403">
     <span class='ocr_line' id='line_1_84' title="bbox 974 4316 1473 4403; baseline -0.008 -31"><span class='ocrx_word' id='word_1_641' title='bbox 974 4316 1139 4403; x_wconf 68' lang='lat'><strong>342</strong></span> <span class='ocrx_word' id='word_1_642' title='bbox 1187 4317 1340 4374; x_wconf 85' lang='lat' dir='ltr'><strong>CAP.</strong></span> <span class='ocrx_word' id='word_1_643' title='bbox 1380 4316 1420 4372; x_wconf 85' lang='grc' dir='ltr'><strong>ι.</strong></span> <span class='ocrx_word' id='word_1_644' title='bbox 1468 4365 1473 4368; x_wconf 78' lang='lat'><strong>.</strong></span> 
     </span>
    </p>
   </div>
   <div class='ocr_carea' id='block_1_85' title="bbox 420 4427 1990 4501">
    <p class='ocr_par' dir='ltr' id='par_1_85' title="bbox 420 4427 1990 4501">
     <span class='ocr_line' id='line_1_85' title="bbox 420 4427 1990 4501; baseline 0.003 -20"><span class='ocrx_word' id='word_1_645' title='bbox 420 4427 574 4494; x_wconf 75' lang='lat' dir='ltr'><strong>Quod</strong></span> <span class='ocrx_word' id='word_1_646' title='bbox 602 4429 752 4501; x_wconf 66' lang='lat' dir='ltr'><strong>nulla</strong></span> <span class='ocrx_word' id='word_1_647' title='bbox 779 4431 836 4482; x_wconf 82' lang='lat' dir='ltr'><strong>in</strong></span> <span class='ocrx_word' id='word_1_648' title='bbox 873 4445 929 4484; x_wconf 89' lang='lat' dir='ltr'><strong>re</strong></span> <span class='ocrx_word' id='word_1_649' title='bbox 954 4430 1129 4484; x_wconf 85' lang='lat' dir='ltr'><strong>minor</strong></span> <span class='ocrx_word' id='word_1_650' title='bbox 1156 4433 1226 4484; x_wconf 84' lang='lat' dir='ltr'><strong>sit</strong></span> <span class='ocrx_word' id='word_1_651' title='bbox 1257 4432 1364 4486; x_wconf 86' lang='lat' dir='ltr'><strong>Deo</strong></span> <span class='ocrx_word' id='word_1_652' title='bbox 1390 4449 1452 4486; x_wconf 88' lang='lat' dir='ltr'><strong>ac</strong></span> <span class='ocrx_word' id='word_1_653' title='bbox 1479 4431 1641 4486; x_wconf 81' lang='lat' dir='ltr'><strong>Patre</strong></span> <span class='ocrx_word' id='word_1_654' title='bbox 1668 4430 1865 4497; x_wconf 82' lang='lat' dir='ltr'><strong>Filius,</strong></span> <span class='ocrx_word' id='word_1_655' title='bbox 1898 4431 1990 4487; x_wconf 85' lang='lat' dir='ltr'><strong>sed</strong></span> 
     </span>
    </p>
   </div>
   <div class='ocr_carea' id='block_1_86' title="bbox 468 4499 1917 4569">
    <p class='ocr_par' dir='ltr' id='par_1_86' title="bbox 468 4499 1917 4569">
     <span class='ocr_line' id='line_1_86' title="bbox 468 4499 1917 4569; baseline 0.002 -17"><span class='ocrx_word' id='word_1_656' title='bbox 468 4499 710 4568; x_wconf 72' lang='lat' dir='ltr'><strong>&quot;aequalis</strong></span> <span class='ocrx_word' id='word_1_657' title='bbox 734 4499 931 4569; x_wconf 76' lang='lat' dir='ltr'><strong>potius,</strong></span> <span class='ocrx_word' id='word_1_658' title='bbox 955 4501 1103 4569; x_wconf 81' lang='lat' dir='ltr'><strong>eique</strong></span> <span class='ocrx_word' id='word_1_659' title='bbox 1116 4502 1307 4555; x_wconf 73' lang='lat' dir='ltr'><strong>similis</strong></span> <span class='ocrx_word' id='word_1_660' title='bbox 1331 4502 1615 4556; x_wconf 78' lang='lat' dir='ltr'><strong>sectmdum</strong></span> <span class='ocrx_word' id='word_1_661' title='bbox 1646 4513 1917 4557; x_wconf 86' lang='lat' dir='ltr'><strong>naturam.</strong></span> 
     </span>
    </p>
   </div>
   <div class='ocr_carea' id='block_1_87' title="bbox 488 4652 1989 4731">
    <p class='ocr_par' dir='ltr' id='par_1_87' title="bbox 488 4652 1989 4731">
     <span class='ocr_line' id='line_1_87' title="bbox 488 4652 1989 4731; baseline 0.005 -24"><span class='ocrx_word' id='word_1_662' title='bbox 488 4652 626 4718; x_wconf 82' lang='lat' dir='ltr'><strong>XIV,</strong></span> <span class='ocrx_word' id='word_1_663' title='bbox 655 4655 746 4710; x_wconf 75' lang='lat'><strong>28.</strong></span> <span class='ocrx_word' id='word_1_664' title='bbox 780 4655 1160 4728; x_wconf 67' lang='lat' dir='ltr'><strong>Sidiligeretis</strong></span> <span class='ocrx_word' id='word_1_665' title='bbox 1193 4675 1295 4723; x_wconf 82' lang='lat' dir='ltr'><strong>me,</strong></span> <span class='ocrx_word' id='word_1_666' title='bbox 1324 4660 1623 4729; x_wconf 64' lang='lat' dir='ltr'><strong>gaudentis</strong></span> <span class='ocrx_word' id='word_1_667' title='bbox 1647 4660 1845 4729; x_wconf 84' lang='lat' dir='ltr'><strong>utique,</strong></span> <span class='ocrx_word' id='word_1_668' title='bbox 1863 4661 1989 4731; x_wconf 81' lang='lat' dir='ltr'><strong>quia</strong></span> 
     </span>
    </p>
   </div>
   <div class='ocr_carea' id='block_1_88' title="bbox 416 4744 1772 4821">
    <p class='ocr_par' dir='ltr' id='par_1_88' title="bbox 416 4744 1772 4821">
     <span class='ocr_line' id='line_1_88' title="bbox 416 4744 1772 4821; baseline 0.005 -22"><span class='ocrx_word' id='word_1_669' title='bbox 416 4744 551 4800; x_wconf 78' lang='lat' dir='ltr'><strong>uado</strong></span> <span class='ocrx_word' id='word_1_670' title='bbox 591 4745 659 4799; x_wconf 86' lang='lat' dir='ltr'><strong>ad</strong></span> <span class='ocrx_word' id='word_1_671' title='bbox 712 4745 949 4812; x_wconf 82' lang='lat' dir='ltr'><strong>Patrem,</strong></span> <span class='ocrx_word' id='word_1_672' title='bbox 989 4750 1117 4817; x_wconf 86' lang='lat' dir='ltr'><strong>quia</strong></span> <span class='ocrx_word' id='word_1_673' title='bbox 1147 4748 1311 4804; x_wconf 75' lang='lat' dir='ltr'><strong>Pater</strong></span> <span class='ocrx_word' id='word_1_674' title='bbox 1347 4751 1519 4821; x_wconf 84' lang='lat' dir='ltr'><strong>major</strong></span> <span class='ocrx_word' id='word_1_675' title='bbox 1547 4768 1628 4806; x_wconf 89' lang='lat' dir='ltr'><strong>me</strong></span> <span class='ocrx_word' id='word_1_676' title='bbox 1672 4761 1772 4807; x_wconf 80' lang='lat' dir='ltr'><strong>est.</strong></span> 
     </span>
    </p>
   </div>
   <div class='ocr_carea' id='block_1_89' title="bbox 488 4926 1985 5002">
    <p class='ocr_par' dir='ltr' id='par_1_89' title="bbox 488 4926 1985 5002">
     <span class='ocr_line' id='line_1_89' title="bbox 488 4926 1985 5002; baseline 0.003 -18"><span class='ocrx_word' id='word_1_677' title='bbox 488 4926 847 4985; x_wconf 82' lang='lat' dir='ltr'><strong>Occasionem</strong></span> <span class='ocrx_word' id='word_1_678' title='bbox 893 4927 1104 4984; x_wconf 89' lang='lat' dir='ltr'><strong>doloris</strong></span> <span class='ocrx_word' id='word_1_679' title='bbox 1150 4929 1318 4989; x_wconf 78' lang='lat' dir='ltr'><strong>vertit</strong></span> <span class='ocrx_word' id='word_1_680' title='bbox 1365 4929 1421 4983; x_wconf 88' lang='lat' dir='ltr'><strong>in</strong></span> <span class='ocrx_word' id='word_1_681' title='bbox 1460 4941 1843 5002; x_wconf 79' lang='lat' dir='ltr'><strong>argumentum</strong></span> <span class='ocrx_word' id='word_1_682' title='bbox 1889 4933 1985 4990; x_wconf 74' lang='lat' dir='ltr'><strong>lae--</strong></span> 
     </span>
    </p>
   </div>
   <div class='ocr_carea' id='block_1_90' title="bbox 2015 4301 2062 4356">
    <p class='ocr_par' dir='ltr' id='par_1_90' title="bbox 2015 4301 2062 4356">
     <span class='ocr_line' id='line_1_90' title="bbox 2015 4301 2062 4356; baseline 0 0"><span class='ocrx_word' id='word_1_683' title='bbox 2015 4301 2062 4356; x_wconf 92' lang='lat' dir='ltr'><strong>D</strong></span> 
     </span>
    </p>
   </div>
   <div class='ocr_carea' id='block_1_91' title="bbox 2683 4318 3059 4374">
    <p class='ocr_par' dir='ltr' id='par_1_91' title="bbox 2683 4318 3059 4374">
     <span class='ocr_line' id='line_1_91' title="bbox 2683 4318 3059 4374; baseline -0.003 -1"><span class='ocrx_word' id='word_1_684' title='bbox 2683 4319 2928 4374; x_wconf 77' lang='grc' dir='ltr'><strong>ΚΕΦΑΛ.</strong></span> <span class='ocrx_word' id='word_1_685' title='bbox 2981 4318 3059 4373; x_wconf 80' lang='lat' dir='ltr'><strong>A&#39;.</strong></span> 
     </span>
    </p>
   </div>
   <div class='ocr_carea' id='block_1_92' title="bbox 2136 4428 3665 4505">
    <p class='ocr_par' dir='ltr' id='par_1_92' title="bbox 2136 4428 3665 4505">
     <span class='ocr_line' id='line_1_92' title="bbox 2136 4428 3665 4505; baseline -0.006 -15"><span class='ocrx_word' id='word_1_686' title='bbox 2136 4453 2225 4505; x_wconf 61' lang='grc' dir='ltr'><strong>,τι¹</strong></span> <span class='ocrx_word' id='word_1_687' title='bbox 2242 4438 2368 4490; x_wconf 82' lang='grc' dir='ltr'><strong>κατ’</strong></span> <span class='ocrx_word' id='word_1_688' title='bbox 2396 4436 2577 4493; x_wconf 76' lang='grc' dir='ltr'><strong>οὐδὲν</strong></span> <span class='ocrx_word' id='word_1_689' title='bbox 2624 4434 2890 4505; x_wconf 73' lang='grc' dir='ltr'><strong>ἐλάττων</strong></span> <span class='ocrx_word' id='word_1_690' title='bbox 2910 4433 3083 4505; x_wconf 59' lang='grc' dir='ltr'><strong>ἐστὶν</strong></span> <span class='ocrx_word' id='word_1_691' title='bbox 3111 4436 3145 4487; x_wconf 79' lang='grc' dir='ltr'><em>ὁ</em></span> <span class='ocrx_word' id='word_1_692' title='bbox 3181 4430 3313 4505; x_wconf 70' lang='grc' dir='ltr'><strong>Υζός</strong></span> <span class='ocrx_word' id='word_1_693' title='bbox 3355 4428 3463 4483; x_wconf 85' lang='grc' dir='ltr'><strong>τοῦ</strong></span> <span class='ocrx_word' id='word_1_694' title='bbox 3510 4429 3665 4505; x_wconf 62' lang='grc' dir='ltr'><strong>Θεοῦ</strong></span> 
     </span>
    </p>
   </div>
   <div class='ocr_carea' id='block_1_93' title="bbox 2156 4500 3665 4594">
    <p class='ocr_par' dir='ltr' id='par_1_93' title="bbox 2156 4500 3665 4594">
     <span class='ocr_line' id='line_1_93' title="bbox 2156 4500 3665 4594; baseline -0.005 -35"><span class='ocrx_word' id='word_1_695' title='bbox 2156 4500 2256 4593; x_wconf 58' lang='grc' dir='ltr'><strong>καί</strong></span> <span class='ocrx_word' id='word_1_696' title='bbox 2279 4507 2531 4594; x_wconf 62' lang='grc' dir='ltr'><strong>Πιῖιτρρς³</strong></span> <span class='ocrx_word' id='word_1_697' title='bbox 2565 4507 2701 4572; x_wconf 74' lang='grc' dir='ltr'><strong>ἶσος</strong></span> <span class='ocrx_word' id='word_1_698' title='bbox 2751 4504 2821 4558; x_wconf 83' lang='grc' dir='ltr'><strong>δὲ</strong></span> <span class='ocrx_word' id='word_1_699' title='bbox 2860 4503 3101 4575; x_wconf 77' lang='grc' dir='ltr'><em>μᾶλλον</em></span> <span class='ocrx_word' id='word_1_700' title='bbox 3147 4502 3244 4556; x_wconf 80' lang='grc' dir='ltr'><strong>καὶ</strong></span> <span class='ocrx_word' id='word_1_701' title='bbox 3268 4501 3471 4570; x_wconf 83' lang='grc' dir='ltr'><strong>ὅμοιος</strong></span> <span class='ocrx_word' id='word_1_702' title='bbox 3512 4500 3665 4553; x_wconf 77' lang='grc' dir='ltr'><strong>κατὰ</strong></span> 
     </span>
    </p>
   </div>
   <div class='ocr_carea' id='block_1_94' title="bbox 2158 4592 2559 4645">
    <p class='ocr_par' dir='ltr' id='par_1_94' title="bbox 2158 4592 2559 4645">
     <span class='ocr_line' id='line_1_94' title="bbox 2158 4592 2559 4645; baseline 0 -15"><span class='ocrx_word' id='word_1_703' title='bbox 2158 4592 2348 4645; x_wconf 70' lang='grc' dir='ltr'><strong>φυσιν</strong></span> <span class='ocrx_word' id='word_1_704' title='bbox 2381 4592 2559 4639; x_wconf 85' lang='grc' dir='ltr'><strong>αυτῳ.</strong></span> 
     </span>
    </p>
   </div>
   <div class='ocr_carea' id='block_1_95' title="bbox 2157 4659 3661 4737">
    <p class='ocr_par' dir='ltr' id='par_1_95' title="bbox 2157 4659 3661 4737">
     <span class='ocr_line' id='line_1_95' title="bbox 2157 4659 3661 4737; baseline -0.007 -15"><span class='ocrx_word' id='word_1_705' title='bbox 2157 4669 2226 4721; x_wconf 75' lang='lat' dir='ltr'><em>El</em></span> <span class='ocrx_word' id='word_1_706' title='bbox 2287 4666 2556 4737; x_wconf 74' lang='grc' dir='ltr'><strong>ἠγαπᾶτέ</strong></span> <span class='ocrx_word' id='word_1_707' title='bbox 2589 4682 2686 4736; x_wconf 82' lang='grc' dir='ltr'><strong>με,</strong></span> <span class='ocrx_word' id='word_1_708' title='bbox 2746 4664 3002 4735; x_wconf 80' lang='grc' dir='ltr'><strong>ἐχάρητε</strong></span> <span class='ocrx_word' id='word_1_709' title='bbox 3059 4663 3156 4726; x_wconf 78' lang='grc' dir='ltr'><strong>ἂν,</strong></span> <span class='ocrx_word' id='word_1_710' title='bbox 3211 4661 3301 4715; x_wconf 85' lang='grc' dir='ltr'><strong>ὅτι</strong></span> <span class='ocrx_word' id='word_1_711' title='bbox 3329 4659 3661 4728; x_wconf 72' lang='grc' dir='ltr'><strong>πορεύομαι</strong></span> 
     </span>
    </p>
   </div>
   <div class='ocr_carea' id='block_1_96' title="bbox 2087 4751 3659 4828">
    <p class='ocr_par' dir='ltr' id='par_1_96' title="bbox 2087 4751 3659 4828">
     <span class='ocr_line' id='line_1_96' title="bbox 2087 4751 3659 4828; baseline -0.005 -16"><span class='ocrx_word' id='word_1_712' title='bbox 2087 4759 2239 4827; x_wconf 81' lang='grc' dir='ltr'><strong>πρὸς</strong></span> <span class='ocrx_word' id='word_1_713' title='bbox 2290 4758 2399 4812; x_wconf 79' lang='grc' dir='ltr'><strong>τὸν</strong></span> <span class='ocrx_word' id='word_1_714' title='bbox 2422 4758 2671 4828; x_wconf 80' lang='grc' dir='ltr'><strong>Πατέρα,</strong></span> <span class='ocrx_word' id='word_1_715' title='bbox 2720 4756 2810 4811; x_wconf 84' lang='grc' dir='ltr'><strong>ὅτι</strong></span> <span class='ocrx_word' id='word_1_716' title='bbox 2850 4760 2884 4810; x_wconf 88' lang='grc' dir='ltr'><em>ὀ</em></span> <span class='ocrx_word' id='word_1_717' title='bbox 2913 4757 3116 4825; x_wconf 82' lang='grc' dir='ltr'><strong>Πατήρ</strong></span> <span class='ocrx_word' id='word_1_718' title='bbox 3148 4770 3269 4824; x_wconf 85' lang='grc' dir='ltr'><strong>μου</strong></span> <span class='ocrx_word' id='word_1_719' title='bbox 3308 4751 3520 4822; x_wconf 66' lang='grc' dir='ltr'><strong>μείζων</strong></span> <span class='ocrx_word' id='word_1_720' title='bbox 3535 4770 3659 4821; x_wconf 83' lang='grc' dir='ltr'><strong>μου</strong></span> 
     </span>
    </p>
   </div>
   <div class='ocr_carea' id='block_1_97' title="bbox 2081 4846 2280 4901">
    <p class='ocr_par' dir='ltr' id='par_1_97' title="bbox 2081 4846 2280 4901">
     <span class='ocr_line' id='line_1_97' title="bbox 2081 4846 2280 4901; baseline 0.01 -2"><span class='ocrx_word' id='word_1_721' title='bbox 2081 4846 2280 4901; x_wconf 74' lang='grc' dir='ltr'><strong>ἐστίν.</strong></span> 
     </span>
    </p>
   </div>
   <div class='ocr_carea' id='block_1_98' title="bbox 2166 4931 3655 5011">
    <p class='ocr_par' dir='ltr' id='par_1_98' title="bbox 2166 4931 3655 5011">
     <span class='ocr_line' id='line_1_98' title="bbox 2166 4931 3655 5011; baseline -0.006 -19"><span class='ocrx_word' id='word_1_722' title='bbox 2166 4938 2643 5011; x_wconf 57' lang='grc' dir='ltr'><strong>’Δντιπεριτρέπειη</strong></span> <span class='ocrx_word' id='word_1_723' title='bbox 2687 4938 2785 5008; x_wconf 84' lang='grc' dir='ltr'><strong>τῆς</strong></span> <span class='ocrx_word' id='word_1_724' title='bbox 2815 4937 2991 5008; x_wconf 88' lang='grc' dir='ltr'><strong>λύπης</strong></span> <span class='ocrx_word' id='word_1_725' title='bbox 3021 4935 3122 5005; x_wconf 78' lang='grc' dir='ltr'><strong>τὴν</strong></span> <span class='ocrx_word' id='word_1_726' title='bbox 3159 4932 3413 5005; x_wconf 85' lang='grc' dir='ltr'><strong>ἀφορμὴν</strong></span> <span class='ocrx_word' id='word_1_727' title='bbox 3453 4934 3533 4994; x_wconf 85' lang='grc' dir='ltr'><strong>είς</strong></span> <span class='ocrx_word' id='word_1_728' title='bbox 3557 4931 3655 4984; x_wconf 89' lang='grc' dir='ltr'><strong>θυ-</strong></span> 
     </span>
    </p>
   </div>
   <div class='ocr_carea' id='block_1_99' title="bbox 410 5018 2000 5101">
    <p class='ocr_par' dir='ltr' id='par_1_99' title="bbox 410 5019 1986 5092">
     <span class='ocr_line' id='line_1_99' title="bbox 410 5019 1986 5092; baseline 0 -15"><span class='ocrx_word' id='word_1_729' title='bbox 410 5021 574 5084; x_wconf 65' lang='lat' dir='ltr'><strong>tiliae,</strong></span> <span class='ocrx_word' id='word_1_730' title='bbox 610 5021 903 5092; x_wconf 88' lang='lat' dir='ltr'><strong>palamque</strong></span> <span class='ocrx_word' id='word_1_731' title='bbox 962 5034 1059 5076; x_wconf 89' lang='lat' dir='ltr'><strong>eos</strong></span> <span class='ocrx_word' id='word_1_732' title='bbox 1116 5020 1301 5090; x_wconf 82' lang='lat' dir='ltr'><strong>arguit</strong></span> <span class='ocrx_word' id='word_1_733' title='bbox 1345 5019 1493 5082; x_wconf 83' lang='lat' dir='ltr'><strong>quod</strong></span> <span class='ocrx_word' id='word_1_734' title='bbox 1551 5034 1666 5081; x_wconf 83' lang='lat' dir='ltr'><strong>non</strong></span> <span class='ocrx_word' id='word_1_735' title='bbox 1729 5021 1986 5083; x_wconf 60' lang='lat' dir='ltr'><strong>laetentur</strong></span> 
     </span>
    </p>
   </div>
   <div class='ocr_carea' id='block_1_100' title="bbox 2110 5018 3657 5101">
    <p class='ocr_par' dir='ltr' id='par_1_100' title="bbox 2110 5018 3657 5100">
     <span class='ocr_line' id='line_1_100' title="bbox 2110 5018 3657 5100; baseline -0.006 -17"><span class='ocrx_word' id='word_1_736' title='bbox 2110 5028 2278 5100; x_wconf 84' lang='grc' dir='ltr'><strong>ιηδίας</strong></span> <span class='ocrx_word' id='word_1_737' title='bbox 2307 5028 2582 5096; x_wconf 82' lang='grc' dir='ltr'><strong>ὑπόθεσιν,</strong></span> <span class='ocrx_word' id='word_1_738' title='bbox 2613 5030 2706 5083; x_wconf 72' lang='grc' dir='ltr'><strong>καὶ</strong></span> <span class='ocrx_word' id='word_1_739' title='bbox 2757 5030 2838 5083; x_wconf 85' lang='grc' dir='ltr'><strong>ὅτι</strong></span> <span class='ocrx_word' id='word_1_740' title='bbox 2866 5027 2942 5100; x_wconf 84' lang='grc' dir='ltr'><strong>μὴ</strong></span> <span class='ocrx_word' id='word_1_741' title='bbox 2966 5026 3212 5099; x_wconf 85' lang='grc' dir='ltr'><strong>χαίρουσι</strong></span> <span class='ocrx_word' id='word_1_742' title='bbox 3269 5023 3469 5094; x_wconf 80' lang='grc' dir='ltr'><strong>μᾶλλον</strong></span> <span class='ocrx_word' id='word_1_743' title='bbox 3498 5023 3584 5094; x_wconf 82' lang='grc' dir='ltr'><strong>ἐφ’</strong></span> <span class='ocrx_word' id='word_1_744' title='bbox 3608 5018 3657 5092; x_wconf 80' lang='grc' dir='ltr'><strong>ᾧ</strong></span> 
     </span>
    </p>
   </div>
   <div class='ocr_carea' id='block_1_101' title="bbox 410 5107 2000 5197">
    <p class='ocr_par' dir='ltr' id='par_1_101' title="bbox 410 5107 1982 5180">
     <span class='ocr_line' id='line_1_101' title="bbox 410 5107 1982 5180; baseline 0.001 -14"><span class='ocrx_word' id='word_1_745' title='bbox 410 5110 595 5180; x_wconf 87' lang='lat' dir='ltr'><strong>potius</strong></span> <span class='ocrx_word' id='word_1_746' title='bbox 620 5108 690 5164; x_wconf 92' lang='lat' dir='ltr'><strong>de</strong></span> <span class='ocrx_word' id='word_1_747' title='bbox 720 5123 788 5165; x_wconf 90' lang='lat' dir='ltr'><strong>eo</strong></span> <span class='ocrx_word' id='word_1_748' title='bbox 836 5108 984 5179; x_wconf 87' lang='lat' dir='ltr'><strong>quod</strong></span> <span class='ocrx_word' id='word_1_749' title='bbox 1017 5108 1301 5164; x_wconf 85' lang='lat' dir='ltr'><strong>dolebant.</strong></span> <span class='ocrx_word' id='word_1_750' title='bbox 1340 5107 1517 5164; x_wconf 84' lang='lat' dir='ltr'><strong>Simul</strong></span> <span class='ocrx_word' id='word_1_751' title='bbox 1558 5117 1755 5171; x_wconf 62' lang='lat' dir='ltr'><strong>autem.</strong></span> <span class='ocrx_word' id='word_1_752' title='bbox 1781 5112 1982 5167; x_wconf 89' lang='lat' dir='ltr'><strong>docere</strong></span> 
     </span>
    </p>
   </div>
   <div class='ocr_carea' id='block_1_102' title="bbox 2110 5107 3651 5197">
    <p class='ocr_par' dir='ltr' id='par_1_102' title="bbox 2112 5114 3651 5197">
     <span class='ocr_line' id='line_1_102' title="bbox 2112 5114 3651 5197; baseline -0.005 -23"><span class='ocrx_word' id='word_1_753' title='bbox 2112 5120 2174 5174; x_wconf 85' lang='grc' dir='ltr'><strong>ὗν</strong></span> <span class='ocrx_word' id='word_1_754' title='bbox 2222 5120 2572 5197; x_wconf 82' lang='grc' dir='ltr'><strong>ἀσχάλλουσι,</strong></span> <span class='ocrx_word' id='word_1_755' title='bbox 2607 5122 2952 5175; x_wconf 78' lang='grc' dir='ltr'><strong>καταιτιᾶται</strong></span> <span class='ocrx_word' id='word_1_756' title='bbox 3006 5117 3216 5187; x_wconf 84' lang='grc' dir='ltr'><strong>σαφῶς.</strong></span> <span class='ocrx_word' id='word_1_757' title='bbox 3260 5116 3347 5169; x_wconf 87' lang='grc' dir='ltr'><strong>Ἐν</strong></span> <span class='ocrx_word' id='word_1_758' title='bbox 3372 5114 3553 5185; x_wconf 85' lang='grc' dir='ltr'><strong>ταυτῷ</strong></span> <span class='ocrx_word' id='word_1_759' title='bbox 3592 5114 3651 5168; x_wconf 88' lang='grc' dir='ltr'><strong>δὲ</strong></span> 
     </span>
    </p>
   </div>
   <div class='ocr_carea' id='block_1_103' title="bbox 408 5199 2000 5282">
    <p class='ocr_par' dir='ltr' id='par_1_103' title="bbox 408 5199 1980 5271">
     <span class='ocr_line' id='line_1_103' title="bbox 408 5199 1980 5271; baseline 0.003 -16"><span class='ocrx_word' id='word_1_760' title='bbox 408 5208 665 5267; x_wconf 79' lang='lat' dir='ltr'><strong>conatur,</strong></span> <span class='ocrx_word' id='word_1_761' title='bbox 702 5214 842 5271; x_wconf 83' lang='lat' dir='ltr'><strong>opus</strong></span> <span class='ocrx_word' id='word_1_762' title='bbox 868 5213 996 5256; x_wconf 89' lang='lat' dir='ltr'><strong>esse</strong></span> <span class='ocrx_word' id='word_1_763' title='bbox 1042 5206 1105 5255; x_wconf 89' lang='lat' dir='ltr'><strong>ut</strong></span> <span class='ocrx_word' id='word_1_764' title='bbox 1146 5199 1241 5271; x_wconf 89' lang='lat' dir='ltr'><strong>qui</strong></span> <span class='ocrx_word' id='word_1_765' title='bbox 1289 5215 1474 5256; x_wconf 88' lang='lat' dir='ltr'><strong>veram</strong></span> <span class='ocrx_word' id='word_1_766' title='bbox 1521 5215 1585 5255; x_wconf 90' lang='lat' dir='ltr'><strong>ac</strong></span> <span class='ocrx_word' id='word_1_767' title='bbox 1615 5204 1895 5261; x_wconf 87' lang='lat' dir='ltr'><strong>sinceram</strong></span> <span class='ocrx_word' id='word_1_768' title='bbox 1922 5202 1980 5259; x_wconf 85' lang='lat' dir='ltr'><strong>in</strong></span> 
     </span>
    </p>
   </div>
   <div class='ocr_carea' id='block_1_104' title="bbox 2110 5199 3653 5282">
    <p class='ocr_par' dir='ltr' id='par_1_104' title="bbox 2110 5206 3653 5282">
     <span class='ocr_line' id='line_1_104' title="bbox 2110 5206 3653 5282; baseline -0.005 -18"><span class='ocrx_word' id='word_1_769' title='bbox 2110 5213 2335 5282; x_wconf 64' lang='grc' dir='ltr'><strong>πειρᾶται</strong></span> <span class='ocrx_word' id='word_1_770' title='bbox 2394 5211 2687 5277; x_wconf 83' lang='grc' dir='ltr'><strong>διδάσκειν,</strong></span> <span class='ocrx_word' id='word_1_771' title='bbox 2750 5212 2835 5264; x_wconf 82' lang='grc' dir='ltr'><strong>ὅτι</strong></span> <span class='ocrx_word' id='word_1_772' title='bbox 2888 5210 3014 5274; x_wconf 78' lang='grc' dir='ltr'><strong>τοὺς</strong></span> <span class='ocrx_word' id='word_1_773' title='bbox 3041 5206 3421 5279; x_wconf 81' lang='grc' dir='ltr'><strong>ἀκαπήλευτόν</strong></span> <span class='ocrx_word' id='word_1_774' title='bbox 3455 5223 3516 5259; x_wconf 88' lang='grc' dir='ltr'><strong>τε</strong></span> <span class='ocrx_word' id='word_1_775' title='bbox 3554 5206 3653 5258; x_wconf 78' lang='grc' dir='ltr'><strong>καὶ</strong></span> 
     </span>
    </p>
   </div>
   <div class='ocr_carea' id='block_1_105' title="bbox 407 5291 1977 5365">
    <p class='ocr_par' dir='ltr' id='par_1_105' title="bbox 407 5291 1977 5365">
     <span class='ocr_line' id='line_1_105' title="bbox 407 5291 1977 5365; baseline 0.004 -19"><span class='ocrx_word' id='word_1_776' title='bbox 407 5292 548 5349; x_wconf 89' lang='lat' dir='ltr'><strong>alios</strong></span> <span class='ocrx_word' id='word_1_777' title='bbox 601 5291 926 5354; x_wconf 82' lang='lat' dir='ltr'><strong>charitatem</strong></span> <span class='ocrx_word' id='word_1_778' title='bbox 982 5292 1196 5357; x_wconf 88' lang='lat' dir='ltr'><strong>colunt,</strong></span> <span class='ocrx_word' id='word_1_779' title='bbox 1239 5307 1352 5347; x_wconf 86' lang='lat' dir='ltr'><strong>non</strong></span> <span class='ocrx_word' id='word_1_780' title='bbox 1406 5300 1625 5349; x_wconf 88' lang='lat' dir='ltr'><strong>tantum</strong></span> <span class='ocrx_word' id='word_1_781' title='bbox 1673 5296 1822 5365; x_wconf 86' lang='lat' dir='ltr'><strong>quod</strong></span> <span class='ocrx_word' id='word_1_782' title='bbox 1871 5295 1977 5354; x_wconf 88' lang='lat' dir='ltr'><strong>sibi</strong></span> 
     </span>
    </p>
   </div>
   <div class='ocr_carea' id='block_1_106' title="bbox 2073 5297 3651 5374">
    <p class='ocr_par' dir='ltr' id='par_1_106' title="bbox 2073 5297 3651 5374">
     <span class='ocr_line' id='line_1_106' title="bbox 2073 5297 3651 5374; baseline -0.005 -18"><span class='ocrx_word' id='word_1_783' title='bbox 2073 5300 2251 5373; x_wconf 87' lang='grc' dir='ltr'><strong>ἀληθῆ</strong></span> <span class='ocrx_word' id='word_1_784' title='bbox 2279 5303 2377 5374; x_wconf 83' lang='grc' dir='ltr'><strong>τὴν</strong></span> <span class='ocrx_word' id='word_1_785' title='bbox 2399 5305 2481 5367; x_wconf 81' lang='grc' dir='ltr'><strong>εἰς</strong></span> <span class='ocrx_word' id='word_1_786' title='bbox 2501 5303 2720 5373; x_wconf 80' lang='grc' dir='ltr'><strong>ἐτέρους</strong></span> <span class='ocrx_word' id='word_1_787' title='bbox 2751 5303 2972 5372; x_wconf 88' lang='grc' dir='ltr'><strong>ἀγάπην</strong></span> <span class='ocrx_word' id='word_1_788' title='bbox 3001 5298 3434 5371; x_wconf 83' lang='grc' dir='ltr'><strong>ἐπιτηδεύοντας,</strong></span> <span class='ocrx_word' id='word_1_789' title='bbox 3464 5297 3651 5367; x_wconf 81' lang='grc' dir='ltr'><strong>ζητεῖν</strong></span> 
     </span>
    </p>
   </div>
   <div class='ocr_carea' id='block_1_107' title="bbox 407 5381 2000 5466">
    <p class='ocr_par' dir='ltr' id='par_1_107' title="bbox 407 5381 1975 5457">
     <span class='ocr_line' id='line_1_107' title="bbox 407 5381 1975 5457; baseline 0.006 -20"><span class='ocrx_word' id='word_1_790' title='bbox 407 5382 564 5438; x_wconf 88' lang='lat' dir='ltr'><strong>cordi</strong></span> <span class='ocrx_word' id='word_1_791' title='bbox 612 5382 684 5438; x_wconf 88' lang='lat' dir='ltr'><strong>sit</strong></span> <span class='ocrx_word' id='word_1_792' title='bbox 718 5395 782 5437; x_wconf 84' lang='lat' dir='ltr'><strong>ae</strong></span> <span class='ocrx_word' id='word_1_793' title='bbox 811 5381 1078 5455; x_wconf 87' lang='lat' dir='ltr'><strong>voluptati</strong></span> <span class='ocrx_word' id='word_1_794' title='bbox 1111 5392 1378 5454; x_wconf 71' lang='lat' dir='ltr'><strong>quierant,</strong></span> <span class='ocrx_word' id='word_1_795' title='bbox 1413 5385 1507 5442; x_wconf 88' lang='lat' dir='ltr'><strong>sed</strong></span> <span class='ocrx_word' id='word_1_796' title='bbox 1536 5386 1684 5457; x_wconf 88' lang='lat' dir='ltr'><strong>quod</strong></span> <span class='ocrx_word' id='word_1_797' title='bbox 1730 5388 1856 5445; x_wconf 89' lang='lat' dir='ltr'><strong>usui</strong></span> <span class='ocrx_word' id='word_1_798' title='bbox 1899 5390 1975 5447; x_wconf 87' lang='lat' dir='ltr'><strong>sit</strong></span> 
     </span>
    </p>
   </div>
   <div class='ocr_carea' id='block_1_108' title="bbox 2110 5381 3646 5466">
    <p class='ocr_par' dir='ltr' id='par_1_108' title="bbox 2110 5388 3646 5466">
     <span class='ocr_line' id='line_1_108' title="bbox 2110 5388 3646 5466; baseline -0.005 -18"><span class='ocrx_word' id='word_1_799' title='bbox 2110 5397 2370 5463; x_wconf 86' lang='grc' dir='ltr'><strong>ναγκαῖον</strong></span> <span class='ocrx_word' id='word_1_800' title='bbox 2398 5396 2519 5466; x_wconf 75' lang='grc' dir='ltr'><strong>οὐχὶ</strong></span> <span class='ocrx_word' id='word_1_801' title='bbox 2575 5395 2640 5450; x_wconf 59' lang='grc' dir='ltr'><strong>δὶκ</strong></span> <span class='ocrx_word' id='word_1_802' title='bbox 2696 5395 2911 5459; x_wconf 81' lang='grc' dir='ltr'><strong>πάντως</strong></span> <span class='ocrx_word' id='word_1_803' title='bbox 2941 5393 3098 5464; x_wconf 89' lang='grc' dir='ltr'><strong>μόνον</strong></span> <span class='ocrx_word' id='word_1_804' title='bbox 3150 5391 3215 5446; x_wconf 71' lang='grc' dir='ltr'><strong>τὸ</strong></span> <span class='ocrx_word' id='word_1_805' title='bbox 3247 5388 3432 5460; x_wconf 86' lang='grc' dir='ltr'><strong>σφίσιν</strong></span> <span class='ocrx_word' id='word_1_806' title='bbox 3462 5388 3646 5450; x_wconf 75' lang='grc' dir='ltr'><strong>αὐτοῖς</strong></span> 
     </span>
    </p>
   </div>
   <div class='ocr_carea' id='block_1_109' title="bbox 473 5518 1011 5592">
    <p class='ocr_par' dir='ltr' id='par_1_109' title="bbox 473 5518 1011 5592">
     <span class='ocr_line' id='line_1_109' title="bbox 473 5518 1011 5592; baseline 0.002 -17"><span class='ocrx_word' id='word_1_807' title='bbox 473 5521 519 5553; x_wconf 69' lang='grc' dir='ltr'><strong>δ’</strong></span> <span class='ocrx_word' id='word_1_808' title='bbox 557 5518 795 5592; x_wconf 83' lang='lat' dir='ltr'><strong>Philipp.</strong></span> <span class='ocrx_word' id='word_1_809' title='bbox 832 5537 892 5587; x_wconf 83' lang='grc' dir='ltr'><strong>ι,</strong></span> <span class='ocrx_word' id='word_1_810' title='bbox 931 5523 1011 5576; x_wconf 73' lang='grc'><strong>25</strong></span> 
     </span>
    </p>
   </div>
   <div class='ocr_carea' id='block_1_110' title="bbox 475 5671 2000 5757">
    <p class='ocr_par' dir='ltr' id='par_1_110' title="bbox 475 5671 1996 5754">
     <span class='ocr_line' id='line_1_110' title="bbox 475 5671 1996 5754; baseline 0.009 -28"><span class='ocrx_word' id='word_1_811' title='bbox 475 5671 554 5745; x_wconf 83' lang='grc' dir='ltr'><strong>(Ι)</strong></span> <span class='ocrx_word' id='word_1_812' title='bbox 575 5673 948 5748; x_wconf 22' lang='grc' dir='ltr'><strong>η’Λποκάλυψιν</strong></span> <span class='ocrx_word' id='word_1_813' title='bbox 978 5677 1065 5736; x_wconf 85' lang='lat' dir='ltr'><strong>ed.</strong></span> <span class='ocrx_word' id='word_1_814' title='bbox 1089 5678 1254 5750; x_wconf 81' lang='lat' dir='ltr'><strong>Infra,</strong></span> <span class='ocrx_word' id='word_1_815' title='bbox 1282 5694 1339 5754; x_wconf 84' lang='lat' dir='ltr'><strong>p.</strong></span> <span class='ocrx_word' id='word_1_816' title='bbox 1372 5680 1496 5747; x_wconf 68' lang='lat' dir='ltr'><strong>8H,</strong></span> <span class='ocrx_word' id='word_1_817' title='bbox 1528 5680 1616 5737; x_wconf 83' lang='grc' dir='ltr'><strong>διά</strong></span> <span class='ocrx_word' id='word_1_818' title='bbox 1644 5681 1740 5754; x_wconf 61' lang='grc' dir='ltr'><strong>τὴν</strong></span> <span class='ocrx_word' id='word_1_819' title='bbox 1766 5681 1996 5740; x_wconf 78' lang='grc' dir='ltr'><strong>δοκοῦσα</strong></span> 
     </span>
    </p>
   </div>
   <div class='ocr_carea' id='block_1_111' title="bbox 2110 5671 2547 5757">
    <p class='ocr_par' dir='ltr' id='par_1_111' title="bbox 2110 5682 2547 5757">
     <span class='ocr_line' id='line_1_111' title="bbox 2110 5682 2547 5757; baseline 0.007 -20"><span class='ocrx_word' id='word_1_820' title='bbox 2110 5682 2348 5757; x_wconf 56' lang='grc' dir='ltr'><strong>ιὸλειξξιιν.</strong></span> <span class='ocrx_word' id='word_1_821' title='bbox 2392 5684 2547 5742; x_wconf 79' lang='lat' dir='ltr'><strong>EDII.</strong></span> 
     </span>
    </p>
   </div>
  </div>
