3892 6202
253 212 377 269 309

1303 212 1379 266 IN
1409 211 1696 268 JOANNIS
1727 212 2185 273 EVANGELIUM
2226 215 2356 271 LIB.
2402 214 2468 270 X.

3419 213 3525 269 510

255 333 364 403 ἡδύ
392 349 454 385 τε
486 332 585 384 καὶ
607 331 776 401 φίλον,
799 331 936 385 ἀλλά
966 333 1061 385 καὶ
1083 334 1198 395 τοῖς
1229 333 1619 403 ἀγαπωμένοις
1634 334 1847 386 λυσιτε-

1962 334 2023 391 iis
2062 350 2206 405 quos
2254 335 2512 406 diligunt,
2557 332 2851 388 occasione
2907 332 2959 386 id
3011 332 3343 403 postulante.
3378 331 3529 399 Quo-

258 423 378 490 λὲς,
417 423 620 494 καιροῦ·
638 423 731 477 καὶ
755 424 914 477 τοῦτο
942 424 1076 494 δρᾷν
1126 424 1536 487 ἀναπείθοντος.
1565 426 1664 479 Διά
1692 425 1852 479 τοῦτο

260 517 363 567 καὶ
414 516 444 567 ὁ
499 514 708 578 Παῦλος
755 515 1105 580 ἐπιστέλλων,
1168 516 1354 585 φησίν·
1395 535 1423 567 ι·
1455 516 1520 569 Ἠ
1571 517 1759 586 ἀγάπη
1789 518 1850 569 ού

265 606 689 677 περπερεύεται,
724 606 784 659 ού
824 604 1136 675 φυσιοῦται,
1161 607 1263 660 οὐκ
1306 609 1627 678 ἀσχημονεῆ
1661 610 1721 661 ού
1753 609 1850 679 ζη-

266 700 353 749 τεῖ
374 697 449 749 τά
469 698 683 767 ἑαυτῆς.
711 716 729 748 ι
755 697 917 765 Λέγει
945 698 1000 750 δὲ
1023 699 1159 768 πρός
1182 716 1351 762 τινας·
1386 719 1405 749 ε
1426 702 1517 769 Μὴ
1549 700 1619 754 τὰ
1645 701 1851 755 ἑαυτῶν

271 788 583 858 ζητοῦντες.
613 788 751 842 ἀλλά
782 791 877 842 καὶ
911 789 979 843 τὰ
1019 793 1243 862 ἐτέρων.
1280 811 1300 844 ι
1346 792 1590 863 Ἀγάπης
1616 792 1724 864 γὰρ
1766 792 1855 865 gi"

271 897 366 947 γον
387 882 488 951 τῆς
523 881 808 951 ἀκριϐοῦς,
839 883 960 953 οὐχὶ
981 883 1155 953 δήπου
1187 885 1404 947 πάντως
1433 884 1493 937 τὸ
1526 886 1685 954 μόνον
1707 888 1854 955 ἡμᾶς

269 976 524 1044 προνοεῖν
569 974 677 1027 τῶν
734 974 879 1028 ἰδίων
911 976 1152 1043 ἀγαθῶν,
1202 976 1336 1029 ἀλλὰ
1373 977 1469 1030 καὶ
1515 976 1595 1045 τῷ
1624 978 1853 1048 πλησίον

270 1064 735 1135 περισκέπτεσθαι
754 1065 814 1117 τὸ
843 1066 1133 1136 χρήσιμον’
1155 1065 1314 1118 τοῦτο
1342 1065 1452 1136 γὰρ
1478 1070 1695 1137 φρονεῖν
1726 1068 1855 1120 ἀνα-

271 1157 450 1210 πείθει
470 1158 593 1219 τοὺς
618 1156 813 1210 ἑαυτοῦ
869 1157 1116 1228 μαθητάς
1169 1158 1259 1212 διὰ
1285 1157 1395 1211 τῶν
1425 1159 1855 1229 προκειμένωνηό

270 1252 488 1321 Σωτήρ.
520 1250 631 1303 Καὶ
662 1249 796 1319 φέρε
819 1249 884 1318 δὴ
915 1249 1078 1302 πάλιν
1107 1250 1191 1318 ἐφ’
1222 1252 1354 1320 ἡμῖν
1388 1250 1573 1313 αὐτοῖς
1602 1249 1854 1320 καθάπερ

269 1343 366 1394 ἐπὶ
394 1343 600 1407 πίνακι,
636 1340 983 1410 λεπτοτέροις
1010 1340 1300 1411 γραφείοις
1321 1341 1418 1412 τὴν
1447 1341 1540 1394 τοῦ
1575 1341 1858 1411 θεωρήμα-

269 1452 367 1497 τος
398 1435 804 1498 ἀνατυποῦντες
856 1433 1107 1503 δύναμιν,
1172 1434 1552 1505 ἀναϐαίνωμεν
1609 1434 1856 1487 ἐντεῦθεν

270 1528 369 1581 ἐπὶ
387 1528 448 1580 τὸ
475 1528 713 1599 Χριστοῦ
752 1530 1069 1599 μυστήριον.
1124 1528 1381 1601 Προξενεί
1409 1529 1516 1600 γάρ
1548 1528 1859 1591 πολλάκις-ό

268 1622 332 1673 ἐν
351 1623 464 1683 τοῖς
490 1620 740 1673 ἐλάττοσι
762 1620 931 1684 τύπος
947 1621 1009 1674 τὺ
1027 1621 1311 1689 ἐφικέσθαι
1339 1620 1600 1675 δύνασθαι
1636 1623 1730 1675 καὶ
1748 1623 1856 1675 τῶν

1953 428 2101 482 circa
2130 437 2184 482 et
2202 425 2409 482 Paulus
2435 427 2501 481 ad
2533 425 2809 496 quosdam
2835 424 3061 479 scribit~:
3096 445 3113 476 ‹
3132 426 3387 481 Charitas
3417 441 3525 481 non

1954 519 2400 589 agit'perperam,
2430 535 2538 573 non
2565 518 2799 585 inﬂatur,
2826 532 2935 571 non
2957 525 3041 571 est
3077 517 3394 584 ambitiosa,
3420 536 3527 573 non

1954 614 2305 684 quaeritquae
2339 627 2439 667 sua
2471 619 2601 667 sunt
2626 611 2691 664 ⁵ο.
2742 629 2761 662 ι
2805 609 2886 663 Ad
2917 609 3056 664 alios
3092 616 3273 663 autem
3308 627 3320 662 :
3356 629 3377 661 ε
3410 610 3529 663 Νοιι

1955 720 2056 761 sua
2096 712 2429 776 quaerentes,
2458 704 2555 759 sed
2604 719 2725 774 quae
2769 709 2899 758 sunt
2948 701 3179 756 aliorum
3204 702 3273 756 ⁸¹.
3317 720 3336 754 ι
3376 700 3534 755 Vera:

1954 798 2159 854 etenim
2211 798 2500 853 charitatis
2552 812 2692 867 opus
2737 804 2855 861 est,
2892 810 3003 849 non
3039 795 3227 866 utique
3275 809 3379 850 nos
3440 810 3529 847 no'

1955 900 2198 947 strorum
2226 890 2498 945 bonorum
2524 891 2791 944 duntaxat
2819 902 3009 942 curam
3042 902 3252 959 gerere,
3279 886 3375 943 sed
3402 900 3529 956 pro-

1954 981 2163 1052 pinquo
2202 982 2349 1052 quod
2384 983 2509 1037 usui
2567 982 2638 1037 sit
2674 982 2981 1051 providere.
3017 981 3076 1035 1d
3124 981 3273 1036 enim
3326 982 3527 1036 sentire

1957 1089 2088 1129 suos
2139 1074 2446 1144 discipulos
2496 1073 2600 1127 hoc
2636 1075 2756 1128 loco
2811 1072 3067 1129 Servator
3112 1073 3389 1128 admonet.
3427 1069 3532 1123 Sed

1956 1182 2076 1235 age,
2114 1182 2314 1222 rursus
2363 1166 2420 1221 in
2462 1168 2622 1221 nobis
2671 1167 2805 1237 ipsis
2838 1168 2998 1222 velut
3031 1167 3085 1221 in
3124 1166 3313 1221 tabula
3364 1164 3532 1235 hujus

1957 1266 2143 1314 textus
2167 1259 2278 1314 vim
2312 1267 2367 1315 et
2397 1260 2665 1314 rationem
2716 1259 2991 1315 subtiliori
3042 1258 3299 1329 penicillo
3328 1257 3531 1328 depin-

1958 1360 2170 1419 gentes,
2219 1351 2349 1404 hinc
2405 1351 2469 1405 ad
2505 1351 2710 1405 Christi
2763 1351 3088 1422 mysterium
3142 1351 3530 1405 ascendamus.

1961 1440 2116 1510 Saepe
2148 1442 2293 1496 enim
2347 1457 2536 1496 rerum
2582 1442 2896 1497 tenuiorum
2946 1442 3257 1510 exemplum
3312 1440 3442 1494 facit
3474 1447 3532 1495 ut

1959 1532 2026 1587 ad
2079 1550 2170 1588 res
2222 1534 2688 1603 incomparabiles
2745 1534 3062 1590 evehamur.
3098 1533 3267 1604 Igitur
3322 1542 3531 1604 gratum

1959 1630 2099 1687 erat,
2126 1622 2282 1678 verbi
2315 1623 2513 1693 gratia,
2544 1622 2703 1677 Pauli
2738 1624 3031 1693 discipulis
3062 1637 3190 1677 cum
3220 1638 3284 1677 eo
3319 1637 3534 1693 semper

266 1713 617 1783 ἀσυγκρίτως
649 1713 793 1783 ἔχειν
825 1715 1299 1784 πεπιστευμένων.
1327 1715 1539 1769 Οὐκοῦν
1580 1717 1677 1785 ἡδὺ
1721 1717 1852 1786 μὲν,

1962 1715 2169 1769 versari
2207 1733 2221 1769 :
2256 1715 2361 1770 sed
2407 1716 2603 1770 melius
2636 1714 2809 1769 Paulo
2857 1731 2922 1770 ac
2977 1715 3153 1771 satius
3209 1714 3432 1770 dissolvi
3482 1721 3534 1769 et

267 1803 405 1875 φέρε
439 1807 633 1869 εἰπεῖν,
656 1809 770 1869 τοῖς
799 1805 1015 1859 Παύλου
1044 1806 1317 1877 μαθηταῖς
1352 1808 1413 1860 τὸ
1442 1808 1592 1878 αὐτῷ
1620 1811 1856 1862 συνεῖναι

264 1896 361 1948 διὰ
385 1897 608 1959 παντός·
642 1898 777 1950 ἀλλά
811 1900 1061 1967 κρεῖττον
1121 1898 1199 1969 τῷ
1248 1898 1448 1968 Παύλῳ
1499 1901 1560 1951 το
1594 1899 1857 1953 ἀναλῦσαι

265 1986 369 2037 καλ⁴
390 1986 489 2037 σὺν
522 1985 745 2056 Χριστῷ
766 1981 931 2050 εἶναι,
962 1986 1215 2057 καθάπερ
1250 1988 1410 2048 αὐτὸς
1436 1987 1858 2041 διεόεϐαιῶσατο

264 2078 519 2145 γράφων.
550 2074 661 2131 Ἦν
694 2074 787 2131 οῦν
836 2078 997 2149 ἔργον
1034 2083 1148 2143 τοῖς
1180 2082 1401 2150 ἀγαπᾷν
1445 2080 1719 2149 ἑλομένοις
1756 2082 1855 2134 αύ-

263 2168 382 2233 τὺν,
405 2168 467 2221 τὸ
488 2168 731 2240 πληροῦν
767 2170 1087 2239 ἐπείγεσθαι
1121 2171 1221 2240 τὴν
1261 2174 1341 2234 εἰς
1368 2171 1529 2226 αὑτὸν
1562 2172 1861 2243 ἀγάπησιν,

266 2261 370 2313 καὶ
411 2262 487 2331 μὴ
521 2261 803 2315 δύσοιστον
846 2262 935 2316 ἀεὶ
984 2263 1257 2317 ποιεῖσθαι
1278 2264 1341 2316 τὸ
1365 2264 1549 2327 αὐτοῖς
1578 2265 1671 2317 καὶ
1703 2265 1861 2334 μόνον

263 2350 393 2420 ἡδὺ,
426 2352 861 2422 περιαθροῦντας
898 2354 956 2408 δὲ
1010 2354 1214 2425 μᾶλλον
1237 2355 1334 2408 καὶ
1357 2355 1417 2407 τὸ
1448 2355 1527 2425 τῷ
1558 2355 1863 2425 διδασκάλῳ

265 2443 642 2514 ἁποδημοῦντι
672 2445 978 2516 συμφέρον,
1015 2447 1332 2515 ἐπείγεσθαι
1359 2450 1598 2501 συνεῖναι
1618 2446 1860 2518 Χριστῷ.

271 2536 461 2604 Ἔχεις
485 2537 579 2589 τοῦ
614 2537 970 2609 θεωρήματος
1003 2540 1061 2592 ἐν
1089 2541 1202 2602 τοῖς
1231 2541 1353 2594 καθ’
1376 2541 1523 2611 ἡμᾶς
1545 2539 1641 2610 τὴν
1673 2539 1851 2592 σκιάν.

263 2628 407 2698 Φέρε
434 2629 497 2698 δὴ
526 2629 727 2693 τοίνυν,
760 2630 868 2683 τῶν
908 2631 1003 2683 ἐπὶ
1036 2630 1259 2702 Χριστῷ
1294 2631 1611 2702 μυστηρίων
1640 2630 1739 2699 τὴν
1762 2629 1854 2682 δύ·-

1955 1820 2077 1861 esse
2136 1821 2262 1860 cum
2320 1805 2753 1871 Christo,.sicut
2810 1807 2927 1876 ipse
2978 1805 3347 1860 conﬁrmavit.
3386 1802 3535 1873 Opus

1955 1896 2124 1966 igitur
2155 1905 2240 1951 est
2295 1905 2355 1951 ut
2397 1897 2489 1967 qui
2542 1913 2667 1952 eum
2710 1897 2969 1969 diligunt,
3008 1898 3356 1953 dilectionem
3405 1911 3537 1966 erga

1954 2001 2079 2042 eum
2110 1988 2341 2057 implere
2369 1997 2665 2054 conentur,
2690 2005 2872 2059 neque
2904 1999 3119 2043 tantum
3160 2004 3317 2058 aequo
3352 1988 3535 2042 animo

1953 2094 2019 2135 ea
2060 2078 2237 2133 ferant
2287 2096 2411 2149 quae
2450 2081 2555 2136 sibi
2604 2082 2733 2137 unis
2767 2090 2924 2152 grata
2964 2092 3112 2144 sunt,
3144 2082 3237 2135 sed
3286 2080 3537 2135 conside-

1960 2181 2151 2227 rantes
2186 2172 2375 2240 potius
2409 2173 2555 2242 quod
2591 2173 2897 2229 discedenti
2947 2172 3213 2243 magistro
3257 2172 3538 2229 conduce-

1961 2271 2064 2328 ret,
2110 2263 2334 2319 studere
2376 2279 2502 2317 cum
2530 2264 2753 2321 Christo
2784 2265 3019 2322 versari.
3054 2264 3238 2321 Habes
3286 2266 3342 2320 in
3378 2267 3536 2321 nobis

1959 2354 2321 2410 theorematis
2359 2354 2510 2411 illius
2546 2357 2821 2412 umbram.
2855 2357 3098 2429 Agedum
3130 2372 3282 2428 ergo,
3326 2357 3435 2411 vim
3485 2363 3539 2410 et

1960 2446 2225 2501 rationem
2258 2446 2468 2503 Christi
2512 2448 2905 2518 mysteriorum
2957 2464 3059 2504 ceu
3106 2449 3322 2503 colores
3356 2446 3538 2500 varios

1961 2539 2174 2594 umbris
2224 2540 2573 2606 inducentes,
2604 2542 2779 2611 ipsam
2819 2542 2967 2598 clare
3016 2542 3236 2597 demum
3283 2538 3541 2596 ostenda-

1965 2647 2087 2687 mus
2110 2634 2419 2689 veritatem.

265 2738 437 2792 ναμιν
482 2723 734 2795 καθάπερ
771 2742 825 2778 τι
859 2724 1062 2796 χρῶμα
1103 2726 1385 2791 πολυειδὲς
1417 2729 1539 2789 ταῖς
1578 2727 1756 2788 σκιαῖς
1801 2724 2207 2795 ἐπαλείφοντες,
2263 2730 2433 2801 αὐτὴν
2471 2730 2570 2801 ἤδη
2618 2728 2802 2801 σαφῶς
2851 2730 3206 2803 ἐπιδείξωμεν
3258 2730 3355 2803 τὴν
3404 2730 3539 2802 ἁλή-

267 2819 445 2875 θειαν.

356 2918 442 2969 Ἐν
475 2920 653 2990 μορφῇ
685 2914 810 2990 γάρ’
834 2918 1097 2990 ὑπάρχων
1138 2918 1227 2972 τοῦ
1274 2920 1409 2973 Θεοῦ
1441 2921 1535 2975 καὶ
1576 2921 1790 2992 Πατρὸς
1832 2922 1858 2973 ὁ

2031 2915 2168 2969 Nam
2226 2930 2350 2970 cum
2378 2917 2435 2969 in
2482 2916 2659 2969 forma
2698 2913 2795 2970 Dei
2841 2928 2905 2969 ac
2939 2915 3125 2969 Patris
3165 2920 3310 2969 esset
3344 2912 3540 2984 Unige-

268 3008 603 3078 Μονογενὴς,
636 3009 729 3062 καὶ
785 3011 843 3063 ἐν
904 3010 1109 3080 ἰσότητι
1146 3014 1211 3082 τῇ
1245 3011 1387 3065 κατὰ
1445 3013 1709 3083 Πνεῦμα,
1759 3013 1858 3082 οὐχ

272 3102 570 3173 ἁρπαγμὸν
611 3104 858 3173 ἡγήσατο
889 3103 951 3155 τὸ
980 3100 1118 3157 εἶναι
1148 3104 1239 3159 ῐσα
1263 3104 1402 3174 Θεῷ,
1444 3106 1531 3158 διά
1554 3123 1613 3157 τε
1645 3104 1742 3175 τὴν
1776 3107 1858 3167 είς

272 3194 427 3260 ἡμᾶς
460 3194 734 3263 ἀγάπησιν
786 3194 1092 3248 κεκένωκεν
1147 3196 1361 3260 ἐαυτὸν,
1416 3195 1628 3267 μορφὴν
1671 3196 1856 3248 δούλου

270 3285 474 3345 λαϐὼν,
503 3287 597 3339 καὶ
618 3287 827 3356 ὑπέστη
848 3304 909 3355 γε
928 3287 1089 3341 τοῦτο
1116 3288 1322 3353 παθὼν,
1361 3290 1447 3341 ἴνα
1482 3291 1687 3353 πάντας
1711 3291 1858 3360 ἡμᾶς

271 3376 555 3448 ἀπευθύνῃ
592 3378 729 3449 πρὸς
759 3381 940 3432 πᾶσαν
984 3378 1194 3449 εἴδησιν
1229 3383 1451 3451 ἀρετῆς,
1486 3382 1594 3447 ἵνα,
1635 3383 1723 3436 διὰ
1760 3383 1860 3454 τῆς

270 3467 385 3518 τῶν
415 3467 707 3536 θαυμάτων
728 3469 1063 3541 ἀσυγκρίτου
1094 3472 1471 3542 φαιδρότητος,
1506 3472 1745 3543 θεωροὺς
1770 3492 1861 3541 γε·

270 3560 465 3612 νὲσθαι
492 3561 889 3633 παρασκευάσῃ
910 3562 1009 3632 τῆς
1040 3564 1266 3634 ἐνούσης
1316 3567 1382 3635 τῇ
1432 3564 1552 3635 θείᾳ
1582 3566 1740 3632 φύσει
1770 3565 1861 3617 δυ-

274 3648 494 3717 νάμεώς
522 3667 579 3702 τε
600 3651 695 3703 καὶ
728 3650 907 3721 δόξης,
940 3651 1035 3703 καὶ
1066 3653 1381 3725 ὑπερφυοῦς
1414 3653 1681 3719 ἐξουσίας.
1703 3653 1859 3706 Οὕτω

273 3740 383 3809 γὰρ
409 3735 476 3810 ἦν
502 3741 789 3794 ἀναπεῖσαι
820 3743 947 3805 τοὺς
988 3745 1067 3806 εἰς
1097 3745 1335 3813 ἐσχάτην
1361 3744 1601 3814 ἀμαθίαν
1631 3744 1860 3814 ὠλισθη-

276 3831 462 3893 κότας,
489 3833 798 3905 ἀνασφῆλαι
824 3834 985 3887 πάλιν
1024 3836 1103 3897 είς
1137 3835 1370 3900 σύνεσιν,
1399 3836 1493 3889 καὶ
1533 3841 1860 3907 προσκυνεῖν

278 3923 380 3991 μὲν
408 3924 591 3976 οὐκέτι
619 3927 685 3994 τῇ
717 3925 890 3977 κτίσει
918 3925 1069 3996 παρά
1092 3926 1183 3977 τὸν
1215 3927 1499 3992 κτίσαντα,
1526 3927 1625 3980 τὸν
1643 3928 1698 3980 δὲ
1722 3928 1859 3998 ἀλη-

277 4016 387 4079 θῶς
416 4017 511 4069 ἕνα
549 4018 644 4069 καὶ
676 4016 832 4085 φύσει
859 4017 990 4070 θεὸν
1042 4018 1468 4089 ἐπιγράφεσθαιι
1511 4019 1771 4089 Ὠφέλησε
1804 4021 1860 4072 δὲ

274 4107 373 4161 καὶ
404 4108 520 4160 καθ’
549 4108 765 4179 ἑτέρους
790 4110 1023 4179 τρόπους
1044 4112 1193 4180 ἡμᾶς
1210 4112 1238 4163 ό
1256 4111 1564 4180 Μονογενὴς
1592 4112 1862 4182 ἐνανθρω-

277 4201 476 4269 πήσας·
510 4200 841 4271 κατέστρεψε
864 4201 972 4270 γὰρ
1005 4201 1103 4254 τοῦ
1133 4202 1364 4255 θανάτου
1388 4202 1449 4256 τὸ
1474 4202 1700 4272 κράτος,
1726 4221 1858 4255 κατι-

1966 3009 2137 3073 nitus,
2187 3016 2242 3061 et
2289 3007 2344 3059 in
2392 3005 2707 3075 aequalitate
2758 3004 3060 3060 secundum
3103 3002 3391 3073 Spiritum,
3430 3018 3540 3057 non

1966 3101 2218 3170 rapinam
2259 3098 2562 3153 arbitratus
2596 3104 2680 3153 est
2712 3113 2837 3153 esse
2870 3114 2929 3153 se
2976 3098 3241 3167 aequalem
3278 3095 3409 3161 Deo,
3445 3094 3540 3150 sed

1966 3197 2192 3261 propter
2240 3205 2397 3243 suam
2452 3188 2509 3242 in
2568 3205 2667 3244 nos
2727 3190 3053 3242 charitatcm
3095 3187 3397 3242 exiuanivit
3453 3201 3540 3240 se-

1967 3282 2284 3353 metipsum,
2325 3281 2553 3336 formam
2590 3281 2735 3335 servi
2767 3280 2928 3351 85.3
2959 3279 3239 3347 accipiens
3268 3280 3335 3343 ⁵²,
3372 3279 3543 3348 idque

1966 3376 2256 3442 sustinuit,
2283 3383 2345 3428 ut
2378 3390 2482 3429 nos
2520 3389 2713 3428 omnes
2746 3374 2812 3426 ad
2840 3387 3057 3426 omnem
3094 3372 3321 3425 virtutis
3352 3370 3541 3440 cogni-

1967 3466 2544 3529 tioneminformaret,
2570 3475 2630 3519 ut
2654 3481 2749 3534 per
2786 3464 3273 3533 incomparabilem
3312 3463 3541 3516 miracu-

1966 3561 2143 3614 iorum
2175 3558 2481 3612 claritatem
2510 3565 2846 3626 spectatores
2878 3572 2980 3611 nos
3005 3556 3236 3611 efﬁceret
3268 3555 3390 3624 ejus
3419 3569 3543 3623 quae

1966 3661 2181 3706 naturae
2213 3649 2415 3705 divina:
2450 3650 2593 3703 inest
2623 3649 2849 3704 virtutis
2877 3655 2929 3703 et
2958 3648 3164 3717 gloriae,
3192 3664 3256 3702 ac
3282 3662 3549 3725 superna-o

1969 3744 2166 3799 turalis
2221 3725 2506 3813 potentiae.
2532 3741 2626 3795 Sic
2680 3742 2827 3796 enim
2885 3742 2938 3795 in
3000 3749 3299 3795 extremam
3359 3739 3541 3809 lapsos

1969 3836 2242 3891 inscitiam
2291 3834 2357 3889 ad
2396 3849 2585 3888 sanam
2620 3844 2856 3889 mentem
2906 3833 3088 3889 denuo
3137 3846 3399 3887 revocare
3448 3846 3544 3899 po-

1970 3937 2128 3992 terat,
2163 3928 2238 3981 ita
2272 3936 2329 3980 ut
2364 3935 2673 3981 creaturam
2709 3943 2816 3981 non
2843 3927 3082 3996 amplius
3108 3925 3410 3979 adorarent
3433 3938 3545 3993 pra:

1968 4020 2253 4083 Creatore,
2284 4018 2380 4073 sed
2422 4033 2593 4072 unum
2626 4033 2751 4072 vere
2781 4034 2846 4072 ac
2882 4026 3078 4072 natura
3112 4016 3280 4071 Deum
3330 4031 3545 4070 nuncu-

1969 4116 2184 4181 parent.
2219 4108 2325 4162 Sed
2370 4118 2425 4163 et
2456 4108 2582 4163 aliis
2616 4107 2793 4161 modis
2830 4124 2931 4162 nos
2967 4106 3298 4178 Unigenitus
3330 4121 3545 4161 assum-

1970 4212 2058 4272 pta
2120 4218 2287 4257 carne
2348 4196 2843 4270 juvitzdestruxit
2910 4199 3055 4253 enim
3120 4199 3313 4253 mortis
3376 4198 3544 4266 impeu

277 4293 437 4346 έλυσε
472 4294 568 4363 τῆς
604 4295 879 4363 ἁμαρτίας
917 4293 1016 4364 τὴν
1041 4294 1294 4364 δύναμιν,
1328 4295 1560 4348 δέδωκεν
1585 4297 1721 4366 ἡμῖν
1749 4312 1857 4348 πα-

1971 4293 2109 4347 rium
2138 4294 2206 4357 ⁵³,
2252 4293 2363 4346 vim
2401 4293 2614 4363 peccati
2666 4291 2916 4354 resolvit,
2951 4305 3117 4360 supra
3158 4298 3444 4360 serpentes
3493 4298 3542 4344 ct

276 4385 388 4433 τεῖν
420 4382 604 4434 ἐπάνω
634 4383 810 4451 ὄφεων
855 4384 949 4436 καὶ
978 4383 1278 4453 σκορπίων,
1313 4384 1408 4437 καὶ
1440 4384 1531 4435 ἐπὶ
1562 4386 1739 4438 πᾶσαν
1764 4383 1860 4454 τὴν

277 4474 505 4543 δύναμιν
539 4474 632 4526 τοῦ
666 4474 881 4546 ἐχθροῦ.
916 4470 1024 4527 Ἦν
1054 4470 1146 4527 οῦν
1169 4475 1297 4544 ἄρα,
1324 4475 1418 4528 καὶ
1464 4475 1584 4528 λίαν
1608 4476 1855 4540 εἰκότως,

279 4568 412 4635 ἡμῖν
441 4566 537 4636 μὲν
571 4566 772 4628 αὐτοῖς,
808 4566 840 4635 ἣ
878 4565 973 4618 καὶ
1010 4568 1123 4629 τοῖς
1148 4567 1324 4633 ἁγίοις
1348 4566 1644 4636 μαθηταῖς,
1674 4566 1771 4636 ἡδύ
1796 4584 1855 4618 τε

279 4660 373 4710 καὶ
394 4658 563 4726 φίλον,
597 4658 690 4710 καὶ
723 4657 921 4720 παντὸς
960 4656 1107 4721 ἄξιον
1157 4659 1338 4725 λόγου,
1377 4657 1438 4710 τὸ
1494 4660 1729 4711 συνεῖναι
1774 4658 1863 4710 διὰ

280 4751 479 4814 παντὸς
509 4750 588 4819 τῷ
616 4750 887 4803 τοσούτων
937 4751 1068 4820 ἡμῖν
1102 4750 1323 4818 ἀγαθῶν
1370 4750 1557 4820 δοτῆρι
1606 4748 1862 4821 Χριστῷ,

282 4841 637 4909 συμπαρόντα
671 4856 729 4890 τε
772 4839 859 4891 ἀεὶ
884 4839 979 4892 καὶ
1029 4838 1484 4909 συνδιαιτώμενον
1518 4840 1680 4909 ἔχειν.
1723 4841 1863 4891 Ἀλλ’

280 4931 341 4982 ού
378 4931 583 5000 σφόδρα
626 4932 896 5001 χρήσιμον
952 4931 1101 4999 αὐτῷ
1154 4931 1492 4999 διεφαίνετο,
1548 4933 1604 4983 ἐν
1637 4934 1866 5003 μακροῖς

280 5020 424 5074 οὕτω
485 5022 697 5090 χρόνοις
746 5021 1146 5092 ἐμφιλοχωρεῖν
1201 5022 1281 5091 τῷ
1329 5022 1428 5087 τῆς
1483 5019 1865 5083 ταπεινώσεως

130 5116 143 5129 ⁸
238 5117 243 5121 ’
282 5113 527 5182 σχήματι
558 5111 955 5181 παραδεχθέντι
1008 5113 1296 5183 χρησίμως
1340 5112 1429 5165 διά
1456 5111 1554 5180 τὴν
1604 5114 1684 5173 εἰς
1718 5114 1866 5183 ἡμᾶς

277 5205 583 5274 ἀγάπησιν,
614 5205 865 5276 καθάπερ
895 5206 998 5275 ἤδη
1027 5207 1381 5277 προείπομεν.
1418 5206 1565 5258 Ἔδει
1589 5206 1698 5275 γάρ
1732 5205 1867 5274 μᾶλ-

279 5295 371 5347 λον
396 5297 495 5365 τῆς
528 5296 651 5349 καθ’
682 5299 832 5367 ἡμᾶς
862 5299 1174 5368 οἰκονομίας
1207 5298 1516 5360 ἀκολούθως
1561 5299 1661 5369 ἤδη
1692 5314 1865 5350 πεπε-

282 5390 583 5459 ρασμένης,
617 5391 697 5453 εἰς
728 5389 827 5459 τὴν
876 5390 1013 5443 ἰδίαν
1068 5391 1430 5460 ἀναφοιτῆσαι
1461 5389 1616 5453 δόξαν
1668 5391 1861 5455 αὑτὸν,

279 5482 374 5535 καὶ
409 5480 549 5551 μετὰ
584 5480 687 5551 τῆς
730 5481 799 5533 δι’
843 5482 993 5552 ἡμᾶς
1020 5482 1322 5552 ληφθείσης
1352 5481 1552 5551 σαρκὸς
1576 5480 1861 5551 παλινδρο-

354 5655 403 5689 ⁸⁹
440 5657 461 5713 l
498 5657 631 5714 Cor.
659 5674 791 5727 xui,
824 5659 886 5729 4,
923 5660 973 5715 5.
1053 5660 1092 5693 ⁵³
1136 5659 1155 5713 l
1188 5658 1320 5714 Cor.
1360 5674 1414 5727 κ,
1445 5656 1533 5713 Ἡ.
1612 5658 1659 5690 ⁸³
1691 5656 1858 5730 Phili}

1975 5673 2036 5723 tr,
2082 5657 2200 5714 6-8.

1968 4384 2326 4452 scorpiones,
2383 4390 2438 4437 et
2496 4398 2664 4451 supra
2727 4396 2945 4435 omnem
3004 4381 3181 4436 hostis
3246 4382 3542 4450 potentiam

1969 4475 2184 4527 calcare
2214 4473 2342 4527 fecit
2367 4472 2436 4525 ⁸⁸.
2462 4472 2592 4525 Erat
2622 4472 2790 4542 igitur
2819 4470 3290 4542 iucundissimum
3314 4480 3366 4525 et
3391 4478 3544 4541 opta-

1968 4567 2264 4631 tissimum,
2295 4582 2417 4620 cum
2446 4566 2604 4620 nobis
2642 4566 2799 4635 ipsis,
2834 4575 2946 4618 tum
2984 4564 3195 4619 sanctis
3228 4563 3540 4633 discipulis,

1968 4674 2185 4728 semper
2214 4674 2338 4713 esse
2373 4672 2482 4710 una
2506 4672 2631 4711 cum
2663 4664 2945 4711 tantorum
2984 4656 3252 4711 bonorum
3284 4655 3547 4726 largitore

1964 4748 2206 4811 Christo,
2242 4762 2306 4801 ac
2354 4753 2686 4816 praesentem
2730 4762 2950 4815 semper
2980 4762 3107 4801 eum
3153 4762 3215 4801 ac
3252 4746 3540 4802 nobiscum

1965 4847 2277 4893 versantem
2311 4837 2514 4891 habere
2546 4856 2558 4890 :
2596 4835 2691 4890 sed
2727 4852 2839 4890 non
2874 4837 3107 4891 multum
3133 4837 3181 4891 ei
3226 4837 3364 4891 utile
3392 4837 3543 4891 vide-

1965 4930 2150 4995 batur,
2179 4937 2290 4983 tam
2337 4927 2521 4998 longis
2560 4928 2904 4997 temporibus
2952 4927 3286 4983 commorari
3336 4926 3390 4981 in
3443 4926 3543 4979 hu-

1966 5021 2219 5076 militatis
2282 5020 2458 5074 forma
2511 5035 2679 5090 quam
2738 5030 2963 5090 propter
3011 5020 3359 5076 dilectionem
3412 5034 3542 5088 erga

1965 5127 2068 5165 nos
2123 5118 2529 5181 assumpserat,
2563 5110 2731 5166 sicuti
2774 5111 2887 5181 jam
2929 5112 3191 5167 diximus.
3242 5110 3544 5180 Oportebat

1962 5205 2135 5270 enim,
2165 5216 2351 5261 nostra
2372 5206 2789 5275 dispensatione
2804 5205 2920 5275 jam
2943 5205 3009 5259 ad
3028 5206 3234 5261 exitum
3257 5204 3539 5275 perducta,

1965 5296 2031 5348 ad
2064 5310 2219 5349 suam
2248 5294 2478 5366 gloriam
2518 5296 2700 5365 ipsum
2742 5294 2949 5361 redire,
2976 5304 3031 5351 et
3056 5311 3178 5350 cum
3214 5309 3383 5349 carne
3413 5309 3542 5363 pro-

1964 5394 2089 5455 pter
2127 5403 2229 5444 nos
2289 5397 2570 5457 assumpta
2619 5386 2687 5443 ad
2735 5387 3103 5457 aequalitatem
3157 5401 3280 5439 cum
3321 5384 3431 5439 Deo
3478 5399 3541 5438 ac

1964 5479 2124 5536 Patre
2171 5482 2396 5547 reverti,
2432 5498 2596 5552 quam
2648 5497 2773 5537 cum
2810 5480 3057 5550 rapinam
3092 5480 3392 5533 arbitratus
3431 5494 3541 5533 non

2282 5659 2324 5690 ⁵³
2359 5657 2404 5712 ll
2443 5656 2585 5712 Tim.
2621 5672 2660 5724 ι,
2698 5656 2781 5713 ιο.
2856 5655 2902 5687 ⁵³
2938 5653 3071 5709 Luc.
3104 5670 3170 5720 χ,
3210 5654 3294 5709 i9.
