3884 6208
450 207 550 265 δη

1474 219 1534 276 S.
1575 220 1859 278 CYRILLI
1891 225 2373 285 ALEXANDRINI'
2401 229 2723 288 AKCIIIEP.

3611 232 3726 289 512‘

445 334 596 383 esset
632 327 833 399 (ipsam
882 329 1030 384 enim
1082 344 1185 386 ceu
1239 335 1525 405 proprium
1575 337 1782 393 bonum
1823 340 1995 396 haher

2134 349 2256 416 μεῖν
2285 351 2365 413 εἰς
2389 349 2612 419 ἰσότητα
2640 352 2739 420 τὴν
2769 349 2907 420 πρὸς
2936 346 3071 402 Θεὸν
3113 348 3209 402 καὶ
3237 346 3481 419 Πατέρα,
3516 346 3586 418 ἦν
3615 347 3713 417 οἰχ

447 419 709 486 licebat),
767 421 823 475 in
884 421 1184 478 humanam
1245 425 1642 496 ignobilitatem
1712 431 2018 488 descendit.

446 509 702 577 Quandiu
751 512 898 566 enim
949 523 1074 568 erat
1103 515 1159 569 in
1187 523 1358 581 terra,
1387 517 1515 574 licet
1549 521 1696 579 Deus
1739 524 2023 593 sitverus,

442 616 506 656 ac
552 603 796 658 universi
834 604 1126 671 Dominus,
1153 610 1306 664 nullo
1335 617 1519 666 tamen
1554 623 1804 670 nostrum
1837 619 2021 686 potior

437 695 800 764 reputabatur
836 698 1000 755 abiis
1025 700 1121 771 qui
1162 701 1398 774 gloriam
1433 705 1554 774 ejus
1581 722 1693 762 non
1725 719 2014 766 noverant.

440 781 597 840 Unde
644 793 700 840 et
731 787 985 858 colaphis
1023 805 1220 858 caesus,
1261 801 1316 847 et
1365 797 1544 865 sputis
1596 797 1937 868 inquinatus,
1962 811 2018 856 et

435 877 739 935 cruciﬁxus
782 892 887 947 est,
925 892 979 938 et
1019 882 1337 940 Iudaeorum
1380 904 1584 946 sannas
1622 893 1768 956 tulit,
1799 895 1897 965 qui
1933 896 2017 951 di-

434 983 561 1022 cere
616 972 742 1026 ausi
791 982 922 1028 sunt
955 993 968 1030 :
1008 995 1028 1029 ‹
1064 976 1120 1032 Si
1174 977 1345 1036 Filius
1389 979 1487 1036 Dei
1522 997 1603 1050 es,
1640 984 1913 1044 descende
1947 989 2014 1044 de

433 1075 619 1125 cruce,
656 1070 711 1116 et
739 1065 1036 1122 credemus
1074 1068 1174 1123 tibi
1198 1070 1266 1125 ⁵⁸.
1301 1091 1320 1122 ι
1368 1071 1668 1142 Postquam
1706 1083 1888 1132 autem
1931 1079 2013 1132 in-

431 1156 772 1214 carnationis
824 1160 1067 1231 implevit
1095 1166 1444 1235 mysterium,
1482 1167 1551 1222 ad
1581 1168 1861 1225 caelestem
1909 1168 2013 1226 Pa-

431 1254 569 1301 trem
603 1263 668 1304 ac
701 1249 874 1305 Deum
909 1268 970 1308 se
1011 1257 1242 1326 recepit,
1275 1269 1469 1313 exacto
1494 1260 1755 1316 nimirum
1789 1263 2012 1319 humili-

429 1339 560 1392 tatis
583 1349 850 1411 tempore,
871 1352 926 1398 et
957 1345 1285 1404 voluntariae
1311 1350 1632 1408 inanitionis
1664 1355 2009 1426 temporibus

377 1495 380 1497 Α
429 1429 496 1483 ad
536 1431 740 1486 exitum
797 1435 1100 1504 perductis,
1143 1437 1298 1494 Deus-
1343 1441 1565 1498 tandem
1606 1445 1864 1512 supernis
1908 1462 2006 1516 po-

427 1521 723 1579 testatibus
765 1527 1043 1596 apparuit.
1076 1527 1186 1584 Nec
1233 1533 1381 1586 enim
1422 1535 1723 1592 ascendere
1760 1537 2004 1596 universi

425 1609 722 1668 Dominum
753 1617 954 1672 caelum
982 1618 1276 1690 ignoravit,
1310 1623 1405 1679 sed
1435 1625 1581 1694 jussi
1619 1636 1751 1684 sunt
1783 1632 1880 1700 qui
1911 1647 2003 1686 su-

2131 441 2426 513 ἀρπαγμὸν
2480 443 2827 513 ἡγησάμενος
2888 441 3066 513 (ἐξῆν
3106 440 3216 510 γάρ
3262 439 3428 510 ἔχειν,
3462 438 3542 502 ὡς
3584 439 3711 492 ἴδιον

2126 535 2386 607 ἀγαθὸν),
2417 536 2495 600 εἰς
2521 535 2868 608 ἀνθρωπίνην
2897 533 3275 604 καταϐέϐηκεν
3303 531 3544 597 ἀδοξίαν.
3565 532 3710 594 Ἕως

2129 627 2227 698 μὲν
2253 629 2363 698 γὰρ
2384 622 2451 699 ἦν
2473 628 2568 681 ἐπὶ
2613 629 2711 700 τῆς
2753 628 2859 698 γῆς
2888 625 2990 693 ἔτι,
3038 626 3218 680 καίτοι
3260 625 3393 689 Θεὸς
3445 625 3711 696 ὑπάρχων

2123 721 2396 791 ἀληθινὸς,
2433 723 2528 776 καὶ
2557 721 2666 774 τῶν
2691 721 2827 775 ὅλων
2851 719 3074 790 Κύριος,
3095 719 3310 782 οὐδενὸς
3335 717 3580 789 ἀμείνων
3599 716 3708 768 τῶν

2123 813 2245 868 καθ’
2276 817 2425 886 ἡμᾶς
2467 813 2742 884 ἐλογίζετο
2791 813 2944 884 παρά
2981 829 3045 882 γε
3099 814 3212 875 τοῖς
3249 811 3349 864 οὐκ
3404 810 3578 863 εἰδόσι
3610 809 3709 878 τὴν

2120 907 2279 974 δόξαν
2305 906 2492 961 αὐτοῦ.
2524 909 2636 960 Καὶ
2684 905 2816 974 γοῦν
2860 902 3192 976 ὲῤῥαπίσθη,
3239 903 3333 955 καὶ
3360 899 3705 969 ὲνεπτύσθη,

2121 1000 2215 1053 καὶ
2236 999 2576 1070 ἐσταυρώθη,
2595 999 2690 1052 καὶ
2711 998 2810 1068 τῆς
2837 996 3105 1050 Ἰουδαίων
3126 994 3474 1064 ἀνοσιότητος
3489 991 3705 1061 ὑπέστη

2118 1091 2208 1145 τὸν
2228 1091 2460 1159 γέλωτα,
2482 1088 2866 1160 τολμησάντων
2881 1087 3075 1141 εἰπεῖν·
3102 1105 3119 1137 ι
3133 1087 3194 1139 Εἰ
3215 1084 3340 1149 Υἱὸς
3354 1079 3403 1136 εἰ
3426 1081 3524 1135 τοῦ
3541 1079 3702 1144 Θεοῦ,

2119 1185 2388 1253 κατάϐηθι
2416 1184 2512 1236 νῦν
2563 1183 2671 1235 ἀπὸ
2716 1180 2811 1235 τοῦ
2871 1179 3129 1251 σταυροῦ,
3185 1181 3280 1233 καὶ
3332 1173 3708 1244 πιστεύσομέν

2118 1293 2254 1329 σοι.)
2289 1274 2506 1343 Ἐπειδὴ
2541 1271 2602 1325 τὸ
2631 1271 2750 1325 καθ’
2773 1273 2921 1343 ἡμᾶς
2947 1268 3353 1338 ἀποπληρώσας
3377 1267 3698 1338 μυστήριον.

2115 1368 2252 1436 πρὸς
2280 1366 2370 1443 τὸν
2409 1367 2467 1418 ἐν
2495 1367 2607 1426 τοῖς
2638 1365 2886 1436 οὐρανοῖς
2923 1360 3276 1430 ἀνεκομίζετο
3329 1357 3555 1428 Πατέρα
3605 1358 3700 1408 καὶ

2113 1459 2269 1522 Θεὸν,
2291 1458 2387 1512 ἆτε
2407 1457 2470 1528 δὴ
2498 1456 2906 1526 παρελάσαντος
2933 1453 3034 1524 ἤδη
3063 1451 3158 1504 τοῦ
3189 1451 3288 1520 τῆς
3309 1449 3697 1509 ταπεινώσεως

2113 1551 2313 1622 χρόνου·
2337 1552 2429 1603 καὶ
2458 1547 2896 1618 πεπερασμένων
2921 1545 3030 1598 τῶν
3066 1543 3276 1614 καιρῶν
3309 1542 3410 1610 τῆς
3444 1539 3698 1594 ἑκουσίου

2111 1641 2416 1704 κενώσεως,
2449 1640 2582 1703 Θεὸς
2604 1639 2705 1711 ἤδη
2735 1639 2858 1702 ταῖς
2907 1637 3020 1690 ἄνω
3051 1635 3316 1705 δυνάμεσι
3363 1632 3690 1701 διεφαίνετο.

425 1705 612 1773 pernis
659 1706 849 1776 januis
883 1720 1150 1781 praesunt,
1184 1723 1516 1785 potestatum
1564 1718 1858 1776 Dominum
1908 1723 1995 1777 ad-

2111 1736 2186 1791 Οὐ
2211 1735 2320 1806 γάρ
2348 1705 3004 1804 ἠγνόησεν-ἀναϐαίνοντα
3051 1728 3141 1780 τὸν
3171 1727 3279 1780 τῶν
3309 1725 3448 1779 ὅλων
3483 1724 3694 1777 Δεσπό-

424 1795 660 1863 mittere,
691 1799 819 1856 licet
840 1816 965 1857 cum
995 1819 1165 1860 carne
1195 1809 1602 1878 ascendentem,
1624 1813 1785 1882 eique
1815 1822 2008 1884 portas

424 1888 678 1944 attollere
715 1892 1010 1948 mandabat
1037 1893 1304 1966 Spiritus,
1325 1897 1514 1958 dicens
1542 1920 1556 1956 :
1597 1921 1616 1955 ι
1657 1901 1854 1960 Tollite
1880 1922 2006 1975 por-

420 1985 528 2044 tas,
566 1982 869 2053 principes,
898 1997 1134 2054 vestras,
1167 1997 1222 2044 et
1265 1991 1580 2057 elevamini,
1611 2003 1786 2065 portae
1835 2005 1999 2052 aeter-

421 2071 606 2136 nales,
641 2082 696 2128 et
728 2076 979 2132 introibit
1014 2078 1128 2135 Rex
1176 2082 1384 2152 gloriae.
1425 2082 1691 2143 Dominus
1744 2087 1902 2145 fortis
1945 2099 2000 2145 et

418 2168 635 2230 potens,
667 2165 836 2239 844,
863 2169 1213 2241 omnipotens
1242 2174 1296 2229 in
1330 2176 1540 2246 praelio.
1595 2177 1860 2239 Dominus
1884 2183 1996 2238 vir-

417 2263 592 2311 tutum
625 2260 746 2331 ipse
784 2271 870 2320 est
914 2264 1032 2321 Rex
1070 2269 1259 2338 gloriae
1287 2271 1355 2326 ⁵³.
1403 2291 1424 2323 ι
1484 2273 1729 2329 l'nnotuit
1764 2277 1908 2342 enim
1943 2289 1996 2334 ct

414 2347 825 2422 Principatibus
852 2365 906 2412 et
935 2357 1313 2420 Patr-statibus
1334 2366 1693 2424 multiformis
1723 2371 1999 2441 sapientia

414 2441 530 2506 Dei,
555 2448 860 2503 secundum
891 2452 1310 2520 praeﬁnitionem
1351 2459 1678 2514 szeculorum
1711 2478 1875 2532 quam
1910 2464 1992 2520 fe-

409 2535 485 2588 cit
519 2537 573 2591 in
607 2537 851 2607 Christo,
895 2543 1063 2599 sicuti
1100 2543 1307 2602 Paulus
1340 2548 1506 2606 ait".
1537 2550 1814 2611 Reversus
1843 2557 1989 2610 enim

409 2627 478 2681 ad
509 2627 754 2698 Patrem,
791 2634 919 2690 licet
953 2638 1131 2708 major
1162 2655 1326 2709 quam
1357 2642 1479 2713 ipse
1518 2642 1642 2699 ideo
1672 2655 1985 2713 censeatur,

408 2721 555 2787 quod
589 2723 678 2777 hic
727 2726 947 2794 quidem
983 2731 1186 2787 mansit
1227 2733 1283 2787 in
1331 2733 1398 2789 iis
1429 2735 1485 2789 in
1531 2737 1732 2806 quibus
1770 2755 1990 2810 semper

407 2819 546 2876 erat,
575 2814 666 2869 ille
689 2833 818 2873 vero
844 2821 1212 2877 voluntariam
1246 2825 1606 2882 inanitionem
1641 2830 1886 2896 subiens,
1930 2833 1985 2886 in

407 2904 552 2957 servi
591 2904 766 2960 forma
797 2909 1108 2978 descendit,
1129 2912 1197 2968 ad
1230 2917 1510 2986 propriam
1543 2934 1739 2976 rursus
1762 2930 1985 2978 evectus

404 3003 491 3050 es:
541 2998 794 3069 gloriam,
852 3005 1173 3078 audivitque
1207 3029 1219 3064 :
1258 3029 1277 3061 ι
1319 3007 1460 3067 Sede
1487 3027 1519 3066 a
1563 3013 1772 3070 dextris
1824 3016 1982 3083 meis,

2110 1845 2209 1898 την
2240 1828 2266 1879 ὁ
2291 1828 2539 1898 οὐρανὸς,
2570 1825 2683 1878 ἀλλ’
2735 1822 3047 1876 ἐκελεύοντο
3081 1821 3180 1890 μὲν
3205 1823 3253 1874 οἱ
3286 1823 3406 1882 ταῖς
3440 1818 3555 1872 ἄνω
3586 1817 3690 1870 πύ-

2109 1920 2227 1985 λαις
2255 1919 2637 1989 ὲςρεστηκότες,
2671 1919 2747 1981 ὡς
2773 1917 2864 1970 τὸν
2900 1916 3009 1969 τῶν
3052 1914 3332 1984 δυνάμεων
3363 1911 3691 1984 προσίεσθαι

2108 2011 2332 2084 Κύριον,
2359 2010 2536 2062 καίτοι
2577 2009 2713 2079 μετὰ
2749 2007 2949 2078 σαρκὸς
2979 2005 3346 2075 ἀνιπτάμενον
3366 2019 3377 2031 ·
3417 2003 3598 2072 αἴρειν
3629 2018 3689 2053 τε

2106 2100 2204 2165 τὰς
2233 2101 2408 2165 πύλας
2430 2099 2576 2170 αὐτῷ
2606 2098 2859 2152 ὃίετύπου
2886 2097 2947 2150 τὸ
2971 2096 3218 2165 Πνεῦμα,
3236 2093 3412 2162 λέγον·
3442 2113 3459 2144 ι
3482 2094 3690 2161 ’Ἄρατε

2107 2194 2301 2259 πύλας,
2356 2195 2407 2246 οἱ
2459 2193 2740 2264 ἄρχοντες,
2771 2191 2949 2262 ὑμῶν,
3001 2190 3097 2243 καὶ
3149 2187 3461 2259 ἐπάροητε,
3517 2185 3688 2238 πύλαι

2104 2285 2334 2346 αἰώνιοι,
2363 2287 2458 2338 καί¹
2484 2283 2854 2337 εἰσελεύσεται
2874 2284 2903 2336 ὁ
2937 2281 3190 2352 βασιλεὺς
3211 2281 3312 2348 τῆς
3357 2277 3536 2348 δόξης.
3571 2275 3687 2330 Κύ-

2105 2395 2217 2449 ριος
2239 2377 2520 2447 κραταιὸς,
2552 2376 2647 2429 καὶ
2698 2375 2941 2436 δυνατὸς,
2998 2372 3200 2444 Κύριος
3245 2370 3470 2433 δυνατὸς
3494 2370 3555 2420 ὲν
3585 2385 3684 2420 πο-

2101 2473 2272 2542 λέμῳ.
2305 2471 2512 2542 Κύριος
2563 2467 2673 2522 τῶν
2724 2466 3006 2536 δυνάμεων
3060 2465 3222 2526 αύτός
3268 2465 3414 2516 ἐστιν
3467 2454 3625 2522 οὗτος
3655 2462 3686 2513 ὀ

2101 2564 2350 2636 βασιλεὺς
2405 2563 2504 2632 τῆς
2534 2561 2712 2632 δόξης.
2739 2581 2758 2615 ι
2808 2558 3084 2630 Ἐγνώσθη
3115 2559 3222 2628 γάρ
3281 2558 3399 2618 ταῖς
3459 2554 3684 2624 Ἀρχαῖς

2098 2657 2192 2710 καὶ
2229 2658 2350 2718 ταῖς
2390 2653 2691 2720 Ἑξουσίαις
2718 2654 2751 2723 ἡ
2800 2649 3183 2712 πολυποίκιλος
3209 2647 3371 2716 σοφία
3398 2645 3496 2698 τοῦ
3519 2644 3679 2707 Θεοῦ,

2095 2750 2161 2820 ἢν
2180 2746 2434 2818 ἐποίησεν
2461 2747 2519 2800 ὲν
2546 2745 2622 2816 τῷ
2641 2744 2881 2817 Χριστῷ,
2912 2743 3163 2814 καθάπερ
3193 2741 3221 2793 ὁ
3251 2739 3462 2802 nam;
3491 2756 3677 2809 φησιν.

2107 2840 2521 2911 Ἀνακομισθείς
2553 2839 2663 2908 γὰρ
2693 2839 2830 2910 πρὸς
2865 2837 2956 2891 τὸν
2976 2835 3216 2907 Πατέρα,
3249 2833 3428 2888 καίτοι
3451 2831 3679 2902 μείζονα

2092 2933 2126 3004 ἢ
2159 2934 2280 2988 κατ’
2308 2931 2470 2985 αὑτὸν
2500 2933 2622 2984 κατ’
2651 2931 2828 2984 ἐκεῖνο
2857 2927 3165 2999 νοούμενον,
3200 2926 3320 2978 καθ’
3348 2925 3485 2994 ὅπερ
3514 2924 3543 2974 ὁ
3577 2921 3678 2992 μὲν

2092 3025 2306 3096 ἔμεινεν
2338 3027 2396 3078 ὲν
2425 3019 2506 3088 οἷς
2536 3019 2605 3094 ἦν
2633 3023 2741 3086 ἀεὶ,
2765 3025 2794 3076 ὁ
2826 3022 2883 3074 δὲ
2909 3023 3008 3092 τὴν
3061 3020 3307 3073 ἑκούσιον
3369 3016 3678 3086 ὑπομείνας

403 3087 580 3144 donec
614 3107 813 3161 ponam
848 3096 1105 3155 inimicos
1129 3109 1254 3156 tuos
1289 3103 1594 3158 scabellum
1625 3104 1825 3174 pedum
1861 3115 1984 3160 tuo-

2100 3087 2342 3182 κένωσιν,
2369 3119 2427 3170 ὲν
2457 3119 2524 3188 τῇ
2551 3087 2646 3169 τοῦ
2672 3116 2859 3168 δούλου
2902 3087 3106 3184 κατέϐη
3161 3114 3364 3183 μορφῇ,
3407 3109 3547 3180 πρὸς
3575 3109 3684 3168 τὴν

403 3195 524 3234 rum
551 3182 620 3237 ⁸⁸.
654 3203 673 3237 ι
710 3183 818 3241 Sed
868 3204 938 3244 ne
970 3190 1090 3260 ipse
1123 3193 1407 3250 videretur
1457 3196 1723 3253 honorem
1759 3199 1863 3254 sibi
1897 3215 1985 3254 ra—

403 3273 611 3341 puisse,
645 3275 919 3351 Paterque
964 3284 1206 3341 caalestis
1253 3288 1339 3342 vel
1395 3289 1604 3346 invitus
1656 3288 1856 3346 Filium
1915 3293 1983 3348 ad

401 3365 650 3422 dextram
682 3373 1008 3438 collocasse,
1045 3376 1163 3446 ipse
1221 3378 1384 3436 Pater
1417 3381 1814 3449 introducitur,
1846 3384 1981 3440 illud

401 3458 590 3516 dicens
620 3480 633 3516 :
669 3481 687 3514 ι
732 3465 874 3522 Sede
903 3482 934 3522 a
968 3468 1181 3546 dextris
1209 3473 1369 3529 meis.
1409 3493 1429 3528 ι
1460 3475 1649 3545 Neque
1679 3493 1810 3532 vero
1853 3493 1982 3534 cor—

399 3549 561 3608 datus
602 3557 892 3628 quisquam
940 3562 1140 3619 dixerit
1166 3563 1386 3620 Patrem
1423 3565 1698 3623 secundas
1753 3568 1981 3627 honoris

400 3653 589 3712 partes
635 3647 856 3706 dedisse
902 3650 1067 3721 Filio,
1108 3656 1257 3726 quod
1285 3673 1412 3712 eum
1451 3674 1482 3713 a
1517 3661 1727 3716 dextris
1756 3660 1976 3727 haheat,

399 3736 498 3790 sed
529 3736 666 3793 illud
692 3743 836 3811 apud
865 3760 925 3800 se
969 3748 1248 3817 repntabit
1272 3751 1478 3820 potius,
1511 3754 1828 3822 oportuisse
1856 3769 1977 3808 om-

398 3825 531 3881 nino
564 3829 850 3887 dexternm
876 3843 933 3890 et
965 3838 1172 3895 nullius
1215 3839 1619 3898 imminutionis
1654 3853 1976 3914 suspectum

396 3913 602 3980 locum,
630 3935 739 3974 non
769 3923 992 3992 quidem
1018 3925 1296 3996 Patri,sed
1321 3929 1460 3985 Filio
1492 3913 1978 4005 attribui,iquippe

395 4007 513 4076 qui,
543 4019 768 4082 propter
823 4017 1190 4076 voluntariam
1249 4022 1624 4081 inanitionem.
1672 4033 1728 4082 et
1788 4027 1976 4098 subje-

394 4099 652 4164 ctionem,
679 4111 739 4157 ut
774 4107 960 4164 minor
981 4112 1316 4182 arguebatur
1347 4114 1414 4169 ab
1442 4116 1510 4170 iis
1533 4116 1627 4186 qui
1648 4118 1974 4188 mysterium

391 4189 792 4252 incarnationis
818 4213 1016 4270 capere
1045 4217 1155 4257 non
1193 4214 1437 4272 possent.
1463 4205 1677 4262 Idcirco
1705 4223 1735 4262 a
1760 4208 1972 4276 dextris

389 4289 477 4335 est
528 4283 733 4354 Patris,
776 4291 872 4358 qui
921 4294 1240 4351 nullatenus
1284 4298 1440 4367 argui
1499 4305 1702 4369 potest,
1739 4309 1801 4355 ut
1834 4300 1992 4356 Filio-

389 4381 638 4430 servetur
677 4377 906 4436 honoris
931 4385 1236 4454 aequalitas.

2083 3210 2289 3264 οἰκείαν
2317 3207 2473 3273 αὖθις
2525 3206 2856 3276 ἀνεϐιϐάσθη
2888 3204 3073 3272 δόξαν,
3123 3203 3385 3266 ἀκούσας·
3422 3222 3441 3253 ι
3483 3201 3675 3254 Κάθου

2084 3305 2148 3358 ἐκ
2183 3302 2372 3369 δεξιῶν
2399 3319 2522 3374 μου,
2563 3303 2667 3365 ἕως
2689 3302 2756 3355 ἂν
2786 3299 2865 3354 Θῶ
2901 3304 3028 3382 τοὺς
3079 3296 3307 3368 ἐχθρούς
3336 3313 3431 3348 σου
3463 3293 3676 3347 ὑποπέ-

2083 3396 2194 3450 διον
2219 3396 2330 3449 τῶν
2371 3394 2549 3448 ποδῶν
2568 3410 2681 3447 σου.
2713 3413 2730 3446 ι
2767 3394 2883 3447 Ἵνα
2904 3393 2961 3446 δὲ
2993 3391 3070 3463 μὴ
3117 3388 3301 3459 δοκοίη
3334 3387 3671 3454 πλεονεκτήυ

2085 3501 2204 3549 σας,
2239 3484 2336 3537 καὶ
2365 3484 2463 3554 οὐχ
2501 3483 2696 3536 ἑκόντα
2722 3482 2885 3553 τυχὸν
2917 3482 3009 3536 τὸν
3041 3483 3099 3534 ἐν
3121 3483 3235 3543 τοῖς
3267 3479 3522 3549 οὐρανοῖς
3551 3477 3669 3528 Πα-

2081 3576 2216 3647 τέρα
2245 3577 2340 3630 καὶ
2391 3576 2524 3628 Θεὸν
2573 3576 2796 3630 καθίσαι
2842 3575 2978 3646 πρὸς
3001 3576 3115 3638 τοῖς
3144 3573 3338 3638 δεξιοῖς
3379 3571 3472 3625 τὸν
3509 3571 3668 3632 Υἱὸν,

2081 3667 2244 3730 αὐτὸς
2270 3665 2428 3719 τοῦτο
2457 3665 2630 3734 λέγων
2657 3669 2686 3719 ὁ
2724 3665 2919 3736 Πατὴρ
2944 3665 3314 3736 εἰσενήνεκται
3346 3663 3405 3715 τὸ
3423 3701 3438 3724 ,
3501 3679 3522 3713 r
3569 3661 3672 3713 Ἐκ

2078 3757 2268 3825 δεξιῶν
2294 3776 2394 3829 μου
2425 3759 2617 3822 κάθου,
2646 3779 2665 3810 ι
2721 3759 2876 3829 φησί.
2914 3754 3111 3812 nardo
3151 3757 3213 3827 δή
3266 3774 3351 3819 τις
3398 3756 3518 3827 ὲρεῖ
3539 3754 3665 3807 νοῦν

2079 3849 2240 3920 ἔχων,
2273 3849 2350 3914 ὡς
2367 3851 2478 3913 τοῖς
2503 3849 2776 3923 δευτέροις
2797 3853 2824 3903 ὁ
2845 3849 3038 3921 Πατὴρ
3068 3848 3360 3919 τετίμηται
3389 3848 3483 3900 τὸν
3506 3847 3663 3909 Υίὸν,

2080 3939 2240 4011 ἔχων,
2263 3942 2329 3995 ἐκ
2363 3941 2574 4007 δεξιῶν,
2593 3942 2852 4008 λογιεῖται
2881 3939 2938 3993 δὲ
2963 3939 3163 4010 μᾶλλον
3193 3940 3389 4002 έκεῖνο,
3418 3939 3514 3990 καί
3545 3937 3664 3990 δια-

2080 4031 2359 4101 σκέψεται·
2393 4033 2512 4086 ἕδει-
2529 4033 2637 4105 γὰρ
2662 4032 2830 4097 ὅντως
2861 4034 2925 4086 ἐκ
2943 4031 3134 4096 δεξιῶν
3155 4030 3412 4094 νοεῖσθαι,
3437 4030 3538 4083 καὶ
3569 4030 3662 4082 τὸν

2077 4124 2386 4178 ἀνύποπτον
2443 4127 2524 4188 εἰς
2581 4125 2876 4179 ἐλάττωσιν
2920 4125 3064 4195 ἔχειν
3111 4125 3296 4185 τόπον,
3323 4124 3442 4194 οὐχὶ
3480 4123 3660 4194 δήπου

2077 4217 2295 4278 πάντως
2325 4217 2418 4271 τὸν
2479 4217 2717 4289 Πατέρα,
2749 4217 2951 4288 μᾶλλον
2983 4217 3040 4270 δὲ
3091 4218 3183 4271 τὸν
3226 4217 3377 4275 Υίὸν.
3437 4215 3528 4268 διὰ
3557 4217 3660 4285 τὴν

2075 4309 2322 4364 ἑκούσιον
2357 4309 2587 4365 κένωσιν
2642 4312 2737 4364 καὶ
2789 4309 3102 4382 ὑποταγὴν,
3157 4311 3231 4375 ὡς
3286 4309 3371 4362 ἐπ’
3404 4309 3673 4360 ἐλάττοσιν

2075 4399 2558 4472 κατηγορούμενον
2587 4399 2740 4471 παρά
2768 4400 2877 4454 τῶν
2937 4401 3177 4454 συνιέναι
3232 4399 3305 4470 μὴ
3335 4397 3670 4467 δυναμένων

387 4464 450 4518 τὸ
479 4468 734 4543 ἐπὀὐτῷ
766 4477 1206 4547 μυστήριον.-Διά
1232 4482 1390 4538 τοῦτο
1452 4488 1523 4542 ἐκ
1582 4489 1770 4556 δεξιῶν
1806 4492 1898 4546 τοῦ
1964 4464 2305 4567 μηδαμόθεν.
2334 4464 2759 4566 κατηγορεῖσθαι
2807 4494 3102 4565 δυναμένου
3157 4464 3407 4564 Πατρὸς,
3463 4464 3551 4544 ῖνα
3590 4491 3653 4543 τὸ

391 4559 634 4629 ἰσότιμον
658 4563 898 4636 σώζηται
935 4568 1015 4638 τῷ
1047 4569 1179 4640 Υἰῷ.

459 4651 638 4720 Atque
690 4655 806 4711 haec
851 4658 1071 4726 quidem
1141 4672 1270 4718 sunt
1315 4679 1346 4719 a
1415 4669 1577 4724 nobis
1643 4672 1848 4728 utiliter
1903 4673 1995 4727 ini

2137 4669 2246 4722 Καὶ
2281 4667 2441 4722 ταυτὶ⁸
2475 4668 2575 4740 μὲν
2625 4671 2757 4740 ἡμῖν
2813 4670 3164 4742 εἰσεκομίσθη
3207 4670 3275 4724 τὰ
3325 4671 3646 4745 διηγήματα

388 4756 632 4810 prmsens
679 4748 950 4815 exposita,
976 4767 1099 4820 qua:
1136 4753 1206 4808 ad
1263 4771 1382 4811 rem
1426 4761 1766 4831 propositam
1826 4779 1966 4819 eon-

2103 4763 2348 4834 ρησίμως
2381 4762 2461 4824 εἰς
2485 4761 2547 4813 τὸ
2572 4763 2767 4832 παρὸν,
2791 4763 2891 4816 οὐκ
2911 4762 3179 4834 ἀσυντελῆ
3202 4767 3315 4828 τοῖς
3348 4771 3646 4838 προκειμέ-

388 4832 622 4890 ducunt.
681 4835 790 4893 Sed
861 4840 1041 4897 denuo
1099 4854 1377 4916 repetens,
1425 4858 1609 4922 atque,
1660 4861 1721 4909 ut
1799 4857 1965 4912 verbo

2100 4832 2173 4917 οις
2199 4853 2391 4924 ἔχοντα
2449 4853 2542 4907 τὸν
2588 4852 2767 4922 λόγον.
2812 4854 3126 4909 Ἀναλαὸὼν
3166 4832 3222 4909 δὲ
3259 4832 3505 4926 ἐσαῦθις,
3546 4832 3643 4914 καὶ

385 4925 590 4992 dicam,
617 4934 790 4984 totum
817 4931 889 4986 ab
934 4933 1095 4990 initio
1139 4940 1478 4998 narrationis
1514 4959 1741 5015 scopum
1783 4949 1964 5002 revol-

2100 4948 2211 5010 λον,
2228 4947 2305 5009 ὡς
2332 4945 2460 5009 ἔπος
2485 4947 2677 5008 εἰπεῖν,
2705 4945 2767 5011 ἐξ
2815 4947 2992 5018 ἀρχῆς
3016 4948 3514 5022 ἁναμηρυσάμενος
3541 4955 3640 5024 τῆς

385 5032 545 5084 vens,
597 5020 776 5077 dicam
828 5025 1071 5094 tandem,
1117 5038 1332 5100 gratum
1395 5035 1557 5092 nobis
1611 5044 1666 5092 et
1721 5039 1964 5108 Optabile

2100 5035 2374 5107 Ξηγήσεως
2398 5036 2490 5089 τὸν
2524 5037 2746 5103 σκοπὸν,
2783 5039 2894 5107 ἐρῶ
2931 5039 2994 5109 δὴ
3027 5039 3236 5104 λοιπὸν,
3291 5020 3366 5104 ὡς
3406 5042 3504 5112 ἡδὺ
3535 5020 3643 5114 μέν

379 5122 508 5164 esse
537 5124 664 5165 cum
695 5111 986 5174 Servatore
1015 5118 1238 5178 Christo
1259 5127 1467 5181 versari
1501 5143 1737 5200 semper,
1763 5147 1957 5200 qnam-

2101 5125 2211 5193 μῖν,
2251 5125 2345 5177 καὶ
2373 5124 2439 5177 δι’
2467 5127 2652 5196 εὐχῆς,
2695 5127 2789 5180 καὶ
2834 5126 2988 5196 φίλον
3021 5128 3082 5181 τὸ
3116 5133 3355 5184 συνεῖναι
3385 5111 3475 5187 διά
3497 5111 3638 5188 παν-

380 5199 465 5256 vis
495 5213 720 5274 propter
756 5223 860 5264 nos
908 5211 1152 5283 seipsum
1203 5217 1555 5287 exinanierit,
1592 5199 1653 5276 ut
1688 5223 1954 5294 scriptum

2100 5223 2146 5281 ὣς
2172 5217 2250 5288 τῷ
2289 5221 2504 5290 Σωτῆρι
2531 5221 2774 5292 Χριστῷ,
2809 5223 2986 5276 καίτοι
3016 5223 3084 5277 δι’
3123 5225 3272 5295 ἡμᾶς
3305 5234 3638 5286 κεκενωκὸτι

375 5299 466 5348 est
495 5292 564 5358 ⁵⁸,
586 5304 637 5350 et
668 5296 722 5351 in
754 5297 929 5356 forma
963 5305 1107 5360 servi
1142 5305 1328 5376 fuerit,
1350 5309 1481 5364 etin
1519 5311 1770 5368 humanae
1801 5292 1956 5385 igno-

2100 5313 2264 5375 ιυτὸν,
2289 5312 2430 5365 καΘά
2451 5313 2780 5384 γέγραπται,
2805 5315 2898 5368 καὶ
2928 5317 3009 5379 εἰς
3045 5316 3106 5369 τὸ
3355 5323 3638 5393 γενομένῳ

376 5383 589 5441 bilitate
617 5397 844 5448 naturae.
871 5393 1008 5461 Quid
1044 5397 1188 5452 enim
1216 5407 1300 5455 est
1330 5408 1526 5456 natura
1565 5403 1805 5460 hominis
1829 5383 1953 5460 cum

2100 5415 2113 5454 >
2141 5404 2428 5469 οἰκετικὸν,
2490 5407 2585 5459 καὶ
2639 5408 2715 5470 εἰς
2777 5407 2876 5478 τὴν
2907 5409 3007 5479 τῆς
3035 5409 3384 5483 ἀνθρωπίνης
3416 5415 3636 5482 φύσεως

381 5474 490 5534 Deo
523 5487 876 5554 comparata?
900 5489 1068 5561 Atqui
1115 5506 1228 5547 non
1257 5501 1340 5548 est
1390 5494 1444 5548 id
1478 5493 1585 5565 ipsi
1618 5495 1759 5552 Filio
1796 5498 1950 5562 utile,

2100 5494 2285 5560 Ξοξίαν.
2336 5496 2402 5549 Τί
2440 5497 2549 5570 γὰρ
2596 5499 2629 5570 ὴ
2663 5474 2949 5570 ἀνθρώπου
2963 5474 3154 5571 *φύσις-
3190 5503 3267 5569 ὡς
3293 5474 3627 5576 Θεόνξ

379 5675 416 5716 Η
449 5591 724 5712 II7Matth.
767 5621 914 5660 xxvn
944 5645 957 5672 ,
1004 5606 1092 5662 40.
1208 5607 1256 5640 Μ
1294 5606 1440 5664 ρεδι.
1481 5627 1655 5679 nm,
1696 5613 1760 5681 ,⁷,
1796 5614 1851 5680 8:
1965 5617 1995 5649 εν,

2100 5611 2252 5683 phes.
2290 5629 2386 5679 ιιι,
2426 5613 2514 5669 10.
2627 5615 2672 5646 ⁸⁸
2707 5612 2850 5672 Psal.
2883 5630 3006 5683 clx,
3047 5615 3110 5680 1,
3151 5615 3207 5671 9..
3284 5618 3330 5650 ⁸⁹
3375 5615 3617 5688 Philipp.
