3884 6208
228 200 341 256 5³13

1308 185 1377 241 ΙΝ
1411 180 1700 242 JOANNIS
1733 180 2193 239 EVANGELIUM
2216 182 2348 239 LIB.
2392 185 2461 241 Χ.

3402 190 3507 244 3H

236 316 385 371 Ἀλλ’
410 313 510 367 οὐκ
538 310 687 381 αὑτῷ
714 307 791 380 τῷ
811 306 925 378 Υίῷ
954 306 1111 360 τοῦτο
1139 305 1429 378 χρήσιμον,
1467 302 1741 364 λυσιτελὲς
1758 301 1811 354 δὲ

1920 305 2015 357 sed
2053 303 2315 359 conducit
2336 305 2522 374 potius
2550 304 2616 359 ad
2645 304 2864 360 Patrem
2896 305 3215 371 ascendere,
3241 321 3508 379 suamque

224 408 437 479 μᾶλλον
452 404 513 457 τὸ
536 402 806 472 ἀναϐῆναι
828 400 963 472 πρὸς
986 399 1079 452 τὸν
1092 397 1333 468 Πατέρα,
1364 396 1461 451 κα)⁸
1488 396 1585 466 τὴν
1612 393 1819 447 οἰκείαν

224 494 669 569 ἀνακομίσασθαι
701 494 861 559 δόξαν
891 510 947 545 τε
978 491 1072 545 καὶ
1095 489 1347 557 ἐξουσίαν
1385 487 1481 541 καὶ
1514 486 1732 555 ἀξίωμα
1760 482 1819 537 τὸ

223 588 538 660 θεοπρεπὲς
582 586 909 655 ἀναφανδὸν,
938 584 1034 638 καὶ
1076 584 1260 636 οὐκέτι
1308 578 1814 649 κατεσκιασμένως.

224 681 507 737 Κεκάθικε
534 679 645 750 γὰρ
678 680 741 732 ἐκ
763 677 975 743 δεξιῶν,
1025 675 1302 738 ἐθέλοντος
1332 672 1491 729 τοῦτο
1518 673 1613 727 καλ⁵
1647 670 1815 725 αὐτοῦ

218 773 321 826 τοῦ
358 771 590 843 Πατρός
622 771 768 839 φιλεῖ
792 769 901 839 γὰρ
919 767 995 832 ὡς
1028 767 1160 820 ῐδιον
1180 766 1448 837 γέννημα,
1477 765 1569 817 καὶ
1583 763 1658 826 ὡς
1688 778 1819 833 καρ-

223 867 332 919 πὸν
368 867 467 936 τῆς
523 864 712 927 οὐσίας
770 860 958 916 αὐτοῦ.
1001 859 1214 915 υύκοῧν
1258 859 1349 913 διά
1395 857 1556 913 τοῦτό
1606 872 1813 926 φησιν’

223 959 291 1009 ΕΞ
323 956 580 1025 ἠγαπᾶτέ
624 974 713 1026 με,
749 955 984 1026 ἐχάρητε
1032 952 1098 1006 ἂν
1126 952 1209 1006 ὅτι
1233 950 1538 1020 πορεύομαι
1568 949 1704 1018 πρὸς
1724 946 1816 999 τὸν

224 1048 489 1120 Πατέρα,.
520 1047 602 1098 ὅτι
651 1047 681 1099 6
714 1045 903 1117 Πατὴρ
939 1042 1142 1113 μείζων
1180 1060 1282 1112 μου
1333 1041 1503 1095 ἐστίν.
1548 1058 1566 1090 ι
1605 1040 1813 1101 Ὄντως

222 1140 330 1209 τῆς
362 1141 441 1203 είς
470 1138 634 1194 αὐτὸν
667 1138 889 1208 ἀγάπης
918 1134 1190 1199 ἀπόδειξις
1217 1130 1286 1205 ἦν
1333 1133 1396 1186 τὸ
1424 1132 1503 1204 μὴ
1526 1130 1815 1185 λυπεῖσθαι

222 1231 486 1285 τοσοῦτον
515 1230 605 1285 διά
624 1230 723 1302 τὴν
746 1229 1012 1283 δοκοῦσαν
1042 1227 1332 1297 ἀπόλειψιν
1374 1227 1470 1279 καὶ
1500 1222 1817 1293 ἀναγκαίως

222 1324 684 1395 παραληφθεῖσαν
714 1322 1050 1391 ἀποδημίανσ
1069 1318 1475 1391 διενθυμεῖσθαι
1496 1318 1555 1371 δὲ
1591 1304 1812 1389 μᾶλλον,

222 1417 307 1468 ὃτι
337 1416 474 1487 πρὸς
494 1415 592 1486 τὴν
626 1416 774 1486 αὐτῷ
824 1412 1142 1485 πρέπουσάν
1200 1429 1262 1465 τε
1313 1412 1409 1464 καὶ
1454 1408 1814 1480 ὀφειλομένην

222 1508 529 1578 πεφοίτηκε
569 1507 747 1572 δόξαν,
797 1506 894 1560 καὶ
936 1507 1017 1570 είς
1053 1504 1115 1559 τὸ
1146 1505 1376 1576 ἀρχαῖον
1401 1502 1639 1572 ἀξίωμα.
1667 1500 1813 1555 τοῦτ’

220 1601 366 1665 ἔστι,
388 1601 449 1653 τὸ
473 1600 778 1670 θεοπρεπὲς
807 1598 1077 1671 ἐναργῶς.
1126 1599 1238 1653 Καὶ
1284 1597 1415 1666 γοῦν
1453 1598 1482 1649 6
1514 1595 1771 1666 Μελῳδός
1794 1632 1811 1659 ,

1924 397 2158 467 gloriam
2190 407 2244 452 et
2272 406 2596 468 potestatem
2616 413 2680 452 ac
2705 397 3029 469 dignitatem
3060 400 3303 455 divinam
3329 401 3505 471 palam

1924 498 1979 544 et
2028 506 2136 544 non
2184 490 2298 560 jam
2356 491 2574 545 occulte
2623 497 2788 560 atque
2847 490 3175 546 adumbrate
3237 492 3503 562 recipere.

1927 581 2082 637 Sedit
2105 583 2252 637 enim
2276 597 2305 635 a
2338 582 2568 649 dextris,
2594 583 2648 637 id
2676 584 2797 652 ipso
2824 599 3046 655 quoque
3069 584 3287 640 volente
3308 584 3503 642 Patre:

1924 683 2071 729 amat
2102 676 2303 747 quippe
2335 682 2397 730 ut
2425 691 2586 732 suum
2622 676 2899 747 genimcn,
2933 684 2988 731 et
3012 686 3070 730 ut
3101 676 3341 732 fructum
3371 677 3505 732 sub—

1924 769 2143 825 stantiae
2178 786 2310 826 sure.
2335 769 2605 837 Quocirca
2638 770 2751 824 ait:
2779 787 2797 820 ι
2836 768 2891 823 Si
2916 768 3217 839 diligeretis
3241 784 3347 835 me,
3376 785 3506 840 gau-

1923 862 2131 918 deretis
2169 862 2380 933 utique,
2424 864 2551 935 quia
2598 862 2737 917 vado
2771 862 2840 917 ad
2884 861 3101 916 Patrem
3138 881 3152 917 :
3187 863 3316 932 quia
3345 862 3508 917 Pater

1922 955 2102 1025 major
2131 971 2219 1011 me
2253 964 2359 1012 est.
2404 974 2425 1008 ι
2472 955 2539 1009 Et
2567 965 2714 1011 certe
2746 954 3059 1009 dilectionis
3095 968 3222 1025 erga
3258 969 3383 1009 eum
3414 969 3505 1008 ar-

1922 1061 2241 1118 gumentum
2284 1048 2503 1115 fuisset,
2544 1062 2898 1118 nequaquam
2940 1055 3153 1100 tantum
3186 1046 3394 1101 doloris
3441 1062 3504 1101 ex

1922 1140 2044 1211 ejus
2076 1141 2327 1197 absentia
2363 1150 2417 1196 et
2454 1140 2576 1211 ejus
2609 1139 2864 1195 discessu
2902 1153 3123 1209 capere,
3164 1138 3261 1193 sed
3298 1138 3354 1191 in
3390 1138 3503 1191 ani-

1924 1249 2072 1288 mum
2112 1236 2296 1305 potius
2335 1233 2626 1298 inducere,
2662 1232 2732 1287 ad
2764 1232 3184 1288 convenientem
3224 1229 3390 1302 845
3431 1230 3506 1285 si-

1922 1322 2091 1394 bique
2127 1323 2364 1378 debitam
2395 1323 2648 1394 gloriam,
2677 1330 2733 1377 et
2771 1320 2839 1376 ad
2876 1329 3117 1377 veterem
3158 1320 3503 1391 dignitatem,

1924 1414 2031 1469 hoc
2060 1423 2143 1471 est
2174 1415 2285 1471 Deo
2312 1416 2502 1486 utique
2532 1414 2777 1486 dignam,
2798 1415 2981 1485 ipsum
3006 1413 3329 1468 ascendere.
3352 1411 3507 1466 Unde

1925 1507 2238 1575 Psalmista,
2272 1510 2365 1579 qui
2395 1524 2492 1579 per
2522 1508 2787 1578 Spiritum
2816 1507 3077 1580 mysteria
3126 1506 3455 1575 loquebatur
3489 1523 3503 1559 :

1929 1620 1948 1652 ι
1990 1599 2194 1656 Omnes
2236 1610 2448 1671 gentes,
2511 1601 2712 1672 inquit,
2771 1600 3014 1671 plaudite
3067 1599 3322 1652 manibus
3360 1598 3436 1663 '°;
3482 1616 3499 1649 ι

222 1694 407 1748 καίτοι
440 1692 530 1746 διὰ
550 1693 645 1747 τοῦ
686 1692 1005 1763 Πνεύματος
1027 1689 1207 1744 λαλῶν
1252 1689 1550 1761 μυστήρια,
1581 1708 1599 1740 ι
1628 1688 1811 1742 Πάντα

1917 1691 2115 1747 deinde
2170 1692 2490 1748 festivitatis
2547 1708 2777 1748 causam
2838 1691 3163 1761 explicans,
3195 1687 3506 1744 Servatoris

217 1786 293 1838 τὰ
322 1784 472 1854 ἔθνη,
507 1784 660 1855 φησὶ,
696 1784 1003 1855 κροτήσατε
1035 1784 1247 1854 χεῖρας
1284 1800 1304 1834 ι
1336 1772 1456 1835 εἶτα
1485 1781 1587 1850 τῆς
1617 1778 1813 1850 ἑορτῆς

217 1876 325 1947 τὴν
352 1876 536 1929 αἰτίαν
569 1875 937 1947 ἐξηγούμενος
965 1874 1063 1947 τὴν
1097 1876 1179 1938 είς
1225 1875 1493 1947 οὐρανοὺς
1544 1872 1814 1943 ἀνάληψιν

217 1965 321 2018 τοῦ
352 1966 607 2036 Σωτῆρος
650 1963 1017 2037 παρεκόμιζε,
1054 1963 1250 2040 λέγων’
1321 1983 1340 2016 ι
1386 1963 1579 2033 Ἀνέϐη
1621 1964 1650 2016 6
1681 1961 1817 2027 Θεὸς

218 2060 281 2110 ἐν
305 2056 850 2129 ἀλαλαγμῷ,ςΚύριος
867 2059 924 2111 ἐν
942 2060 1095 2129 φωνῇ
1122 2057 1475 2126 σάλπιγγος,›
1498 2055 1816 2126 ἀλαλαγμὸν

216 2153 506 2223 ὀνομάζων
542 2152 639 2206 καὶ
681 2151 959 2221 σάλπιγγα
1000 2151 1099 2222 τὴν
1126 2150 1337 2222 ὑψηλὴν
1371 2150 1469 2204 καὶ
1488 2149 1816 2215 ἐξάκουστον

216 2244 317 2297 τοῦ
348 2243 664 2314 Πνεύματος
716 2245 923 2316 φωνήν·
967 2244 1057 2297 ὅτε
1099 2246 1218 2306 ταῖς
1276 2242 1391 2295 ἄνω
1421 2241 1689 2312 δυνάμεσι
1714 2239 1815 2305 τάς

218 2334 398 2398 πύλας
421 2337 599 2405 αἴρειν
625 2333 982 2401 διεκελεύετο,
1005 2336 1097 2389 καὶ
1130 2333 1338 2405 Κύριον
1371 2333 1536 2388 αὐτὸν
1559 2332 1814 2403 ὠνόμαζε

214 2429 330 2482 τῶν
368 2429 675 2498 δυνάμεων,
699 2428 952 2500 καθάπερ
980 2427 1241 2498 ἐλέγομεν
1273 2426 1500 2499 ἀρτίως.
1530 2427 1646 2479 Ἐπ’
1668 2425 1817 2497 αύτῷ

216 2521 278 2575 δὲ
310 2522 374 2593 δὴ
408 2521 585 2593 τούτῳ
634 2522 731 2575 καὶ
778 2520 944 2575 αὐτὸν
988 2521 1299 2593 εὑρήσομεν
1337 2519 1428 2573 τὸν
1480 2521 1591 2572 τῶν
1646 2521 1816 2587 ἁγίων

218 2612 384 2684 χορὸν
420 2613 515 2665 καὶ
543 2614 601 2666 ἐν
632 2611 854 2675 πολλαῖς
877 2610 1141 2680 γεγονότα
1190 2613 1312 2674 ταῖς
1343 2610 1653 2681 θυμηδίαις.
1694 2611 1818 2663 Τοι-

216 2707 414 2777 γάρτοι
442 2707 536 2759 καὶ
565 2706 793 2776 ἔφασκε,
830 2704 961 2759 ποτὲ
990 2706 1089 2775 μὲν
1117 2706 1198 2758 ὃτι
1235 2724 1254 2757 ‹
1301 2704 1360 2758 '0
1388 2704 1595 2777 Κύριος
1626 2703 1815 2758 ἐϐασί-

214 2800 429 2859 λευσεν,
461 2798 817 2867 ἀγαλλιάσθω
861 2799 895 2868 ἡ
927 2798 1019 2868 γῆ,
1048 2817 1065 2850 ›
1094 2797 1227 2851 ποτέ
1285 2798 1342 2851 δέ
1386 2794 1454 2851 αὖ
1482 2798 1665 2851 πάλιν·
1697 2817 1714 2849 ι
1759 2798 1817 2853 '0

216 2889 424 2962 Κύριος
454 2890 824 2954 ἐϐασίλευσεν,
845 2890 1181 2961 εὐπρέπειαν
1209 2889 1514 2942 ἐνεδύσατο·
1530 2888 1818 2942 ἐνεδύσατο

214 2980 425 3053 Κύριος
450 2980 701 3050 δύναμιν,
754 2979 850 3032 καὶ
909 2978 1305 3048 περιεζώσατο.
1340 2999 1358 3029 ι
1426 2979 1483 3032 Ὀ
1534 2980 1645 3051 γάρ
1693 2979 1885 3079 μεθό

216 3073 381 3143 ήμῶν
410 3072 719 3142 ἄνθρωπος,
776 3071 881 3143 πρὸ
908 3072 1007 3141 τῆς
1036 3072 1101 3123 ἐκ
1153 3071 1363 3141 νεκρῶν
1422 3071 1775 3135 ἀναστάσεως
1795 3113 1811 3137 ,

214 3167 307 3218 ὅτε
334 3165 472 3236 πρὸς
502 3164 592 3217 τὸν
623 3165 681 3216 ἐν
706 3166 819 3227 τοῖς
840 3164 1088 3233 οὐρανοῖς
1111 3162 1277 3234 ἀνέϐη
1305 3162 1544 3236 Πατέρα,
1573 3164 1697 3217 τότε
1716 3163 1814 3236 τὴν

218 3257 357 3309 ἰδίαν
392 3256 728 3327 εὐπρέπειαν
750 3256 1060 3322 ἐνεδύσατο,
1088 3257 1186 3309 καὶ
1217 3257 1317 3327 τὴν
1348 3256 1408 3321 ἐξ
1429 3257 1605 3328 ἀρχῆς
1635 3257 1815 3329 ὑπάρο

216 3364 422 3420 χουσαν
471 3346 620 3418 αὐτῷ
668 3345 1043 3417 περιεζώσατο
1104 3346 1355 3416 δύναμιν.
1397 3348 1672 3401 Κεκάθικε
1702 3349 1813 3419 γὰρ

220 3438 524 3509 βασιλεύων
567 3438 704 3510 μετά
737 3439 974 3510 Πατρός.
1007 3439 1236 3510 Χαίρειν
1265 3434 1359 3493 οὖν
1396 3441 1505 3510 ἄρα
1525 3439 1731 3493 δίκαιόν
1752 3457 1812 3492 τε

220 3532 314 3585 καὶ
352 3532 562 3602 πρέπον
586 3534 714 3595 τοὺς
743 3532 1078 3600 ἀγαπῶντας
1099 3532 1286 3596 αὑτὸν,
1343 3533 1425 3585 ὅτι
1477 3532 1812 3601 πεπόρευται

218 3627 358 3702 πρὸς
387 3626 476 3679 τὸν
502 3627 560 3679 ἐν
580 3627 691 3688 τοῖς
730 3625 979 3695 οὐρανοῖς
1034 3624 1287 3695 Πατέρα,
1323 3624 1421 3697 τὴν
1469 3625 1606 3679 ἰδίαν
1656 3624 1812 3690 δόξαν

216 3720 657 3790 ἀναληψόμενος,
686 3719 780 3771 καὶ
814 3717 977 3772 πάλιν
1021 3717 1170 3788 αὐτῷ
1200 3736 1265 3771 συ
1275 3718 1650 3789 μϐασιλεύσων
1669 3761 1682 3781 ,
1712 3737 1813 3773 κα-

219 3811 400 3883 θάπερ
430 3808 499 3884 ἦν
528 3813 585 3865 ἐν
619 3811 783 3883 ἀρχῇ.
816 3810 1057 3874 Μείζονα
1078 3810 1137 3864 δέ
1173 3829 1339 3882 φησιν
1372 3812 1553 3877 αὑτὸν,
1596 3813 1694 3883 οὐχ
1725 3814 1808 3867 ὅτι

219 3906 518 3959 κεκάθικεν
555 3906 620 3957 ἐκ
650 3902 863 3970 δεξιῶν,
894 3903 969 3966 ὡς
997 3903 1151 3967 Θεὸς,
1181 3904 1297 3957 ἀλλ’
1326 3903 1401 3967 ὡς
1433 3899 1502 3976 ἦν
1549 3904 1629 3957 ἔτι
1689 3904 1809 3976 μεθ’

216 3998 395 4069 ἡμῶν,
422 3996 565 4050 τοῦτ’
601 3995 767 4063 ἔστιν,
794 3997 852 4049 ἐν
879 3997 991 4060 τοῖς
1021 3994 1145 4049 καθ’
1177 3997 1344 4067 ἡμᾶς.
1376 3996 1467 4060 Ὧς
1495 3997 1605 4067 γάρ
1636 3996 1716 4050 ἔτι
1748 3997 1810 4051 τὸ

215 4092 584 4163 δουλοπρεπὲς
612 4090 750 4161 ἔχων
777 4091 983 4162 σχῆμα,
1016 4091 1109 4143 καὶ
1158 4090 1428 4162 παρόντος
1477 4091 1626 4162 αὐτῷ
1654 4090 1810 4146 οὔπω

215 4182 311 4237 τοῦ
343 4181 536 4252 καιροῦ
559 4181 682 4234 καθ’
709 4180 769 4235 ὃν
802 4178 910 4234 ἔδει
939 4180 1251 4244 ἀναλαϐεῖν,
1277 4179 1347 4233 τὰ
1385 4179 1614 4234 τοιαῦτά
1651 4198 1806 4251 φησι.

218 4278 331 4329 Καὶ
364 4274 494 4343 γοῦν
514 4275 602 4328 ὅτε
624 4275 719 4328 τὸν
756 4273 937 4344 τίμιον
962 4274 1102 4343 ὑπὲρ
1130 4273 1289 4345 ἡμῶν
1310 4274 1524 4345 ὑπέστη
1552 4275 1805 4346 σταυρὸν,

1919 1784 1976 1838 in
2004 1784 2178 1841 caelos
2208 1785 2594 1840 ascensionem
2630 1784 2886 1856 protulit,
2918 1784 3148 1839 dicens:
3188 1804 3206 1835 ι
3242 1783 3509 1837 Ascendit

1918 1875 2064 1932 Deus
2120 1877 2177 1931 in
2250 1876 2459 1947 jubilo,
2516 1875 2786 1934 Dominus
2858 1877 2913 1932 in
2973 1892 3108 1932 voce
3168 1877 3312 1931 tubae
3354 1877 3421 1940 σι,
3483 1896 3501 1929 ι

1914 1966 2299 2040 jubilationem
2345 1977 2401 2025 et
2436 1970 2626 2025 tubam
2672 1968 2968 2024 nominans
3023 1968 3316 2023 altisonam
3354 1967 3504 2021 illam

1919 2061 2096 2116 sancti
2138 2059 2383 2131 Spiritus
2415 2075 2629 2128 vocem,
2678 2060 2902 2132 quando
2957 2059 3215 2131 supernis
3258 2066 3508 2129 potesta-

1919 2153 2066 2209 tibus
2094 2162 2284 2223 portas
2313 2154 2571 2209 attollere
2611 2152 2802 2223 jussit,
2826 2161 2881 2207 et
2922 2152 3213 2207 Dominum
3241 2150 3503 2204 virtutum

1917 2246 2102 2318 ipsum
2135 2246 2496 2316 nuncupavit,
2544 2245 2709 2302 sicuti
2745 2245 2913 2301 modo
2948 2244 3289 2300 dicebamus.
3329 2243 3504 2309 Quam

1917 2342 1992 2397 ob
2038 2355 2152 2395 rem
2186 2339 2367 2411 ipsum
2399 2353 2621 2410 quoque
2654 2344 2977 2393 sanctorum
3015 2337 3248 2391 chorum
3297 2334 3505 2405 ingenti

1918 2434 2108 2490 laetitia
2141 2434 2453 2489 exsultasse
2506 2431 2932 2502 comperiemus.
2966 2429 3210 2500 Ideoque
3265 2428 3505 2491 dicebat,

1918 2527 2082 2583 modo
2148 2526 2368 2597 quidem
2426 2544 2441 2580 :
2500 2544 2520 2577 ι
2584 2524 2850 2581 Dominus
2926 2524 3209 2594 regnavit,
3276 2522 3510 2577 exsultet

1919 2626 2067 2673 terra
2112 2618 2189 2686 ⁶²;
2236 2637 2255 2671 ι
2283 2617 2445 2672 modo
2473 2632 2674 2672 rursus
2708 2635 2723 2671 :
2764 2635 2782 2668 ι
2818 2615 3087 2670 Dominus
3114 2614 3386 2684 regnavit,
3415 2612 3509 2668 de—

1918 2725 2103 2765 corem
2165 2709 2391 2764 induit:
2424 2707 2608 2763 induit
2660 2707 2931 2763 Dominus
2984 2705 3406 2768 fortitudinem,
3456 2711 3513 2759 et

1918 2802 2209 2872 praecinxit
2242 2817 2303 2857 se
2339 2801 2405 2856 ⁸³.
2448 2819 2468 2850 ι
2504 2798 2610 2865 Qui
2636 2799 2787 2854 enim
2812 2798 3127 2862 nobiscum,
3159 2802 3288 2850 ante
3317 2809 3508 2850 resur—

1918 2894 2220 2950 rectionem
2252 2910 2318 2948 ex
2349 2892 2607 2958 mortuis,
2642 2892 2808 2945 homo
2845 2890 3193 2952 versabatur,
3214 2895 3511 2959 postquam

1919 2987 1987 3041 ad
2031 2986 2253 3041 Patrem
2288 2986 2382 3055 qui
2436 2985 2492 3038 in
2539 2983 2694 3040 cmlis
2734 2990 2818 3038 est
2858 2982 3131 3044 ascendit,
3160 2990 3294 3035 tunc
3342 2995 3505 3035 suum

1918 3080 2175 3134 decorem
2227 3077 2447 3141 induit,
2492 3083 2548 3131 et
2599 3074 2832 3146 pristina
2882 3072 3210 3128 fortitudine
3266 3087 3327 3125 se
3363 3084 3512 3139 praz-v

1917 3172 2111 3226 cinxit.
2165 3170 2323 3226 Sedit
2374 3169 2522 3225 enim
2582 3181 2823 3238 regnans
2869 3181 2994 3220 cum
3040 3164 3221 3218 Patre.
3257 3160 3515 3215 Gaudere

1919 3267 2105 3335 itaque
2158 3263 2388 3333 dignum
2440 3268 2497 3315 et
2550 3260 2763 3331 justum
2826 3266 2913 3313 est
2961 3263 3235 3328 quotquot
3272 3254 3508 3325 diligunt

1916 3372 2067 3417 cum,
2100 3353 2229 3424 quia
2290 3351 2541 3408 ascendit
2598 3350 2666 3404 ad
2697 3348 2916 3403 Patrem
2965 3346 3058 3417 qui
3097 3346 3152 3400 in
3199 3343 3356 3400 coelis
3397 3349 3504 3407 est,

1917 3463 2071 3501 Suam
2105 3452 2495 3515 resumpturus
2543 3443 2800 3513 gloriam,
2839 3450 2894 3496 et
2923 3457 3045 3495 cum
3079 3454 3145 3494 eo
3189 3453 3385 3493 rursus
3421 3452 3517 3491 re-v

1917 3549 2208 3612 gnaturus,
2234 3537 2380 3594 sicut
2411 3544 2530 3591 erat
2576 3535 2634 3589 in
2686 3533 2984 3604 principio.
3014 3529 3277 3601 Maiorem
3320 3536 3502 3583 autem

1915 3649 2041 3689 enm
2088 3631 2243 3695 dicit,
2285 3645 2397 3685 non
2431 3629 2564 3699 quia
2601 3628 2746 3683 sedit
2775 3642 2805 3681 a
2854 3625 3087 3691 dextris,
3120 3630 3181 3678 ut
3212 3623 3378 3686 Deus,
3409 3622 3509 3677 sed

1914 3724 2042 3794 quia
2089 3721 2381 3776 nobiscum
2432 3719 2615 3774 adhuc
2664 3727 2805 3782 erat,
2845 3716 2899 3771 id
2954 3724 3039 3772 est
3080 3714 3241 3770 nobis
3282 3715 3507 3771 similis.

1912 3816 2022 3873 Ista
2051 3819 2256 3887 quippe
2281 3813 2437 3879 dicit,
2476 3823 2536 3868 ut
2561 3812 2653 3882 qui
2691 3810 2949 3866 servilem
2984 3810 3217 3864 formam
3253 3809 3506 3873 haberet,

1913 3923 2015 3963 nec
2067 3905 2250 3960 adhuc
2287 3913 2509 3974 tempus
2560 3904 2780 3957 adesset
2811 3914 2921 3969 quo
2966 3900 3210 3954 divinam
3260 3898 3503 3969 dignita-

1914 4009 2021 4056 tem
2060 4011 2343 4053 resumere
2382 3995 2637 4051 debebat.
2674 3991 2832 4049 Unde
2863 4009 2987 4047 cum
3029 4008 3130 4063 pro
3177 3991 3338 4046 nobis
3376 4004 3505 4043 (ξι-ιι⁴

1913 4108 2030 4148 cem
2083 4089 2455 4153 venerandam
2510 4086 2760 4156 pertulit,
2801 4093 3021 4141 acetum
3078 4092 3134 4140 et
3198 4082 3272 4137 fel
3329 4081 3503 4136 Judaei

1910 4185 2233 4242 obtulerunt
2259 4182 2309 4237 ei
2343 4180 2572 4245 sitienti,
2604 4185 2660 4235 et
2696 4186 2989 4249 postquam
3033 4177 3286 4241 bibisset,
3312 4174 3452 4229 dixit
3482 4193 3497 4230 :

1916 4296 1936 4329 ι
1976 4277 2435 4331 Consummatum
2491 4278 2579 4327 est
2602 4270 2669 4325 “.
2720 4290 2739 4322 ι
2790 4269 3074 4340 lmpletum
3122 4269 3326 4339 quippe
3384 4268 3500 4337 jam

216 4368 337 4432 ὅξος
396 4366 546 4438 αὐτῷ
594 4366 687 4419 καὶ
724 4366 887 4437 χολὴν
943 4365 1185 4421 Ἰουδαῖοι
1253 4368 1607 4437 προσήγαγον
1649 4368 1807 4438 διψή-

1916 4373 2028 4422 erat
2048 4361 2454 4419 humiliationis
2471 4368 2712 4431 tempus,
2733 4367 2788 4415 et
2814 4359 3113 4415 cruciﬁxus
3143 4358 3362 4429 quidem
3391 4365 3497 4423 est,

217 4476 393 4521 σαντι,
458 4457 552 4511 καὶ
608 4456 769 4523 πιὼν,
800 4456 927 4527 ἔφη·
981 4448 1410 4512 ἐτετέλεσται.»
1475 4458 1808 4531 Πεπλήρωτο

212 4552 322 4622 γὰρ
350 4550 451 4620 ἤδη
475 4550 503 4601 6
532 4548 633 4618 τῆς
659 4547 1042 4612 ταπεινώσεως
1093 4546 1286 4619 καιρὸς
1306 4589 1320 4613 ,
1352 4550 1446 4602 καλ⁸
1483 4550 1805 4621 ἐσταυρώθη

215 4644 336 4715 μὲν,
401 4642 477 4704 ὡς
509 4641 818 4711 ἄνθρωπος·
871 4640 1125 4711 νενίκηκε
1184 4640 1294 4712 γάρ
1336 4639 1432 4694 τοῦ
1485 4640 1717 4696 θανάτου
1745 4642 1806 4695 τὸ

209 4736 435 4804 κράτος,
463 4733 561 4804 οὐχ
606 4732 682 4797 ὡς
732 4732 1044 4805 ἅνθρωπος,
1070 4733 1154 4787 ἔτι
1185 4733 1388 4803 μᾶλλον
1416 4734 1475 4787 δέ
1503 4735 1580 4795 ώς
1631 4736 1764 4800 Θεὸς
1787 4776 1801 4799 ,

210 4825 353 4894 (sup).
380 4825 445 4896 δὴ
482 4826 626 4878 κατά
652 4824 753 4896 τὴν
782 4825 1065 4897 ἐνέργειαν
1089 4826 1184 4881 καὶ
1215 4826 1314 4898 τὴν
1353 4828 1448 4881 ἐπὶ
1476 4828 1556 4899 τῷ
1584 4830 1804 4899 νικῆσαι

205 4916 363 4980 δόξαν
391 4934 450 4970 τε
476 4918 570 4970 καὶ
597 4916 849 4987 δύναμιν,
915 4918 975 4971 οὑ
1019 4917 1160 4972 κατά
1210 4919 1308 4989 τὴν
1358 4920 1557 4992 σάρκα.
1585 4920 1804 4986 Μείζων

206 5004 347 5062 οὗνὸ
381 5009 594 5080 Πατὴρ,
629 5007 704 5073 ὡς
756 5008 837 5061 ἔτι
865 5008 1075 5074 δούλου,
1107 5012 1202 5064 καὶ
1226 5012 1286 5063 ἐν
1334 5014 1449 5075 τοῖς
1506 5012 1630 5066 καθ’
1657 5014 1805 5084 ἡμᾶς

205 5098 359 5163 ὄντος
389 5097 484 5151 τοῦ
516 5098 672 5152 Υίοῦο
722 5100 847 5153 ἐπεὶ
880 5101 974 5155 καὶ
1024 5101 1157 5155 Θεὸν
1187 5102 1382 5156 ἑαυτοῦ
1416 5122 1582 5177 φησιν
1606 5107 1801 5171 αὐτὸν,

212 5192 305 5243 καὶ
325 5192 486 5245 τοῦτο
511 5191 590 5262 τῷ
608 5191 936 5265 ἀνθρωπίνῳ
965 5195 1290 5267 προσνέμων
1313 5198 1573 5269 σχήματι.
1601 5200 1667 5255 El
1692 5202 1803 5273 γὰρ

215 5283 543 5355 πιστεύομεν
567 5285 649 5337 ὃτι
694 5284 969 5340 κεκένωκέ
1006 5302 1068 5340 τι
1115 5289 1211 5341 καὶ
1248 5291 1649 5347 τεταπείνωκεν
1671 5294 1800 5349 ἐαυ-

210 5374 323 5447 ςτὸν,
360 5374 478 5429 πῶς
507 5376 604 5445 οὐχ
628 5376 837 5431 ἅπασιν
880 5378 1033 5432 ἔσται
1066 5382 1378 5451 καταφανὲς
1398 5423 1411 5447 ,
1446 5383 1527 5436 ὅτι
1567 5386 1799 5439 καταϐέ-

216 5463 382 5534 ϐηκεν
405 5464 464 5529 ἐξ
501 5465 779 5538 ὑπεροχῆς
809 5485 957 5534 τινος
1004 5472 1085 5534 είς
1132 5472 1447 5538 ἐλάττωσιν,
1502 5474 1704 5544 μᾶλλον
1744 5479 1799 5532 δὲ

219 5662 256 5721 ll
278 5688 293 5718 ι
330 5650 383 5707 ⁷ο-

288 5579 515 5659 ‘°_Psal.
560 5582 852 5651 xtv1,20.
932 5587 972 5619 “
1018 5588 1151 5645 ibid.
1196 5590 1246 5645 6.
1328 5592 1371 5624 ⁸³
1411 5589 1559 5647 Psal.
1593 5608 1749 5659 xcw,
1796 5593 1840 5647 l.

1906 4465 1969 4512 ut
2017 4453 2389 4512 homozvicit
2431 4452 2581 4510 enim
2635 4451 2835 4507 mortis
2894 4451 3220 4521 potentiam,
3273 4466 3381 4505 non
3439 4457 3500 4504 ut

1908 4552 2096 4617 homo,
2144 4546 2241 4604 sed
2288 4546 2473 4619 potius
2520 4554 2581 4600 ut
2625 4544 2792 4610 Deus,
2836 4543 3082 4599 elllcacia
3133 4542 3394 4597 nimirum
3444 4552 3500 4599 et

1906 4640 2160 4697 vincendi
2211 4640 2388 4709 gloria
2441 4644 2607 4708 atque
2672 4643 2984 4707 potestate,
3024 4649 3137 4689 non
3191 4634 3496 4689 secundum

1903 4748 2151 4789 carnem.
2193 4731 2367 4801 Major
2408 4730 2596 4799 itaque
2638 4739 2725 4784 est
2777 4725 2944 4783 Pater
2994 4726 3160 4791 Filio,
3190 4741 3353 4781 servo
3408 4728 3495 4780 ιιίο

1904 4828 2107 4882 mirum
2150 4824 2354 4889 adhuc,
2390 4830 2446 4878 et
2494 4822 2551 4875 in
2600 4820 2863 4876 humanis
2904 4820 3251 4875 constituto:
3283 4834 3410 4873 nam
3445 4828 3498 4872 et

1904 4919 2084 4989 ipsum
2122 4916 2294 4971 Deum
2329 4929 2490 4970 suum
2525 4913 2796 4975 nominat,
2822 4911 3078 4966 humanze
3112 4911 3163 4965 id
3196 4910 3386 4966 formae,
3416 4920 3497 4963 at—

1905 5012 2177 5068 tribuens.
2207 5008 2342 5064 Nam
2374 5008 2419 5063 si
2464 5006 2745 5063 credimus
2777 5021 2902 5061 eum
2943 5006 3259 5061 exinanisse
3303 5013 3359 5060 et
3389 5004 3463 5057 bu

1904 5105 2153 5161 miliasse
2202 5101 2565 5171 semetipsum
2605 5098 2674 5164 ⁸⁵,
2728 5097 3011 5169 quomodo
3071 5114 3182 5153 non
3236 5094 3493 5152 omnibus

1906 5201 2113 5273 patebit
2149 5213 2277 5255 eum
2317 5195 2387 5252 de
2414 5192 2713 5251 eminentia
2741 5192 2978 5263 quadam
3015 5193 3073 5246 in
3102 5188 3493 5246 demissionem

1904 5291 2284 5355 descendisse,
2312 5290 2425 5344 imo
2463 5302 2594 5344 vero
2626 5301 2692 5342 ex
2723 5286 3037 5357 aequalitate
3076 5299 3199 5340 cum
3228 5282 3393 5336 Patre
3424 5280 3492 5334 ad

1903 5380 2536 5458 inaequalitatem?Nihil
2562 5388 2748 5435 autem
2783 5379 2979 5433 horum
3010 5376 3170 5431 Pater
3200 5375 3490 5440 sustinuit,

1920 5482 2017 5537 sed
2076 5477 2281 5533 mansit
2326 5482 2383 5530 et
2425 5480 2636 5546 perstat
2673 5472 2729 5527 in
2784 5471 2987 5541 quibus
3030 5477 3150 5525 erat
3187 5469 3257 5522 ab
3308 5466 3489 5523 initio.

1925 5594 1966 5625 ⁵³
2010 5591 2157 5649 Psal.
2195 5604 2383 5655 xcxrr,
2421 5586 2471 5641 l.
2572 5586 2615 5618 δ”
2655 5582 2811 5641 Joan.
2845 5600 2969 5651 xix,
3005 5583 3093 5639 50.
3174 5582 3217 5614 ⁸⁵
3252 5578 3495 5652 Philipp-
