3892 6202
368 285 480 345 315

1411 261 1469 317 5.
1512 251 1791 315 CYRILLI
1833 241 2317 302 ΑιΕΧΑΝῡιιιΝι
2348 234 2669 293 ARCHIEP.

3519 217 3630 274 516

374 398 549 469 Major
581 393 748 466 846
796 391 982 460 itaque
1027 393 1112 442 est
1159 399 1225 440 eo
1255 379 1348 452 qui
1397 393 1464 433 ex
1517 365 1981 442 dispensationis,

2087 362 2115 427 ξ
2149 361 2393 430 ἰσότητος
2417 355 2517 424 τῆς
2552 353 2688 423 πρὸς
2704 349 2795 404 τὸν
2832 347 3077 417 Πατέρα,
3107 342 3240 414 πρὸς
3268 340 3330 393 τὸ
3367 336 3635 410 μὴ-οὖτως

2244 451 2384 469 ...η
2443 449 2490 469 δι
2519 445 2720 469 _-.a._-
2767 438 3186 469 .-.-_.........:......,..
3215 433 3488 469 anna...
3541 447 3635 469 ης,

373 491 565 546 ordine
596 484 1012 541 minorationem
1047 475 1313 545 suscepit,
1338 470 1547 542 quique
1568 466 1626 518 in
1660 477 1727 518 ea
1761 457 1951 513 tandiu

375 584 506 646 fuit,
545 576 790 650 quandiu
835 572 901 626 ad
959 570 1103 625 illud
1164 577 1422 622 reversus
1457 567 1564 621 est,
1639 550 1951 624 pr0prium,

377 677 626 744 inquam,
656 677 712 724 et
760 664 1012 724 naturale
1080 661 1306 719 bonum,
1350 655 1408 709 in
1462 664 1571 722 quo
1601 654 1722 703 erat
1773 640 1952 698 initio.

378 742 558 821 Locus
606 770 791 818 autem
843 758 892 812 ei
929 748 1336 826 quodammodo
1373 743 1635 817 proprius
1685 753 1751 792 ac
1794 742 1956 789 natu-

380 858 521 916 ralis.
545 855 670 925 jure
719 849 1038 908 censebitur
1091 845 1184 900 illa
1239 855 1364 896 cum
1423 838 1582 891 Patre
1645 829 1956 902 mqualitas,

379 965 546 1020 quam
601 961 726 1001 cum
767 945 1020 999 obstante
1075 935 1299 994 nemine
1337 931 1542 986 habere
1598 926 1815 987 liceret,
1845 935 1960 975 non

381 1014 563 1098 tamen
591 1036 840 1107 rapinam
869 1032 1170 1087 arbitratus
1185 1033 1275 1082 est-
1293 1031 1520 1096 propter
1546 1033 1651 1074 nos
1669 1017 1738 1070 °'.
1763 1014 1957 1077 Porro,

381 1145 506 1184 cum
546 1127 614 1182 de
659 1102 980 1196 aequalitate
1008 1118 1137 1173 Filii
1172 1132 1299 1170 cum
1330 1112 1445 1168 Deo
1478 1125 1542 1164 ac
1582 1108 1744 1162 Patre
1786 1102 1960 1158 multa

383 1222 542 1276 nobis
564 1221 617 1274 in
651 1213 1028 1286 superioribus
1067 1208 1228 1265 libris
1259 1206 1412 1261 dicta
1459 1201 1594 1264 sint,
1622 1211 1804 1268 opera:
1833 1207 1961 1264 pre-

384 1314 519 1366 tium
551 1311 737 1364 forsan
789 1316 936 1362 esset
962 1303 1029 1358 ad
1057 1317 1120 1359 ea
1148 1314 1271 1371 quae
1301 1301 1620 1366 sequuntur
1637 1285 1963 1358 explicanda

385 1419 484 1458 nos
532 1403 844 1472 accingere,
883 1397 1041 1468 plura
1097 1393 1165 1448 de
1197 1391 1284 1445 his
1324 1389 1652 1458 imprazsens
1689 1381 1966 1436 disserere

383 1469 722 1547 amittentes.
751 1489 859 1546 Sed
899 1486 1159 1558 quoniam
1192 1499 1262 1538 ex
1294 1478 1506 1536 insanis
1535 1473 1813 1531 hmreticis
1843 1469 1966 1538 qui-

385 1582 535 1643 dam,
575 1594 682 1633 non
713 1578 992 1648 vulgarem
1031 1573 1173 1645 apud
1199 1569 1418 1625 Judaaos
1463 1579 1749 1621 sacrarum
1790 1561 1967 1614 Litte-

387 1686 570 1726 rarum
604 1669 975 1740 cognitionem
1005 1675 1226 1728 nactus,
1262 1663 1410 1715 hunc
1449 1661 1630 1714 locum
1653 1657 1964 1725 explicans,

385 1763 761 1819 intolerabiles
837 1756 1210 1828 blaspliemias
1284 1753 1549 1809 adversus
1606 1748 1964 1820 Unigenitum

386 1854 612 1924 scriptis
656 1851 910 1917 tradidit,
957 1864 1072 1906 rem
1127 1847 1294 1903 nimis
1342 1844 1576 1900 inertem
1625 1841 1901 1909 nimisque
1935 1851 1967 1891 a

386 1962 476 2001 me
519 1945 752 2005 alienam
799 1941 1076 1997 facturum
1113 1937 1324 2009 putavi,
1365 1936 1412 1992 si
1443 1941 1656 1989 tantam
1697 1929 1820 1998 ejus
1868 1929 1969 1980 ho-

386 2037 552 2092 minis
591 2035 865 2096 insaniam
897 2033 1118 2090 silentio
1157 2029 1518 2102 przeterirem.
1552 2021 1760 2080 Ordine
1803 2017 1970 2091 igitur

386 2130 437 2187 ei
467 2128 870 2186 occurrendum
922 2140 1158 2191 censeo,
1208 2118 1814 2186 demonstrandumque
1863 2129 1970 2184 pu-

387 2220 534 2279 tidas,
566 2235 691 2277 esse
725 2229 779 2274 et
812 2218 986 2274 aniles
1015 2216 1137 2286 ejus
1173 2215 1426 2276 fabellas,
1461 2217 1516 2266 et
1547 2209 1700 2265 omni
1735 2219 1971 2278 prorsus

385 2311 597 2385 judicio
622 2310 943 2373 destitutas,
976 2305 1337 2376 inaniumque
1387 2303 1663 2357 duntaxat
1690 2297 1971 2354 rationum

391 2402 640 2472 strophis
673 2401 885 2472 plenas.
930 2397 1022 2452 Ad
1061 2396 1291 2452 verbum
1333 2400 1516 2448 autem
1554 2389 1804 2446 recitabo
1849 2401 1974 2458 qua:

390 2495 636 2552 scribere
671 2507 846 2547 ausus
882 2498 990 2553 est,
1012 2504 1139 2543 cum
1172 2489 1324 2543 visus
1353 2493 1437 2541 est
1468 2483 1576 2540 sibi
1607 2497 1836 2539 sensum
1869 2481 1975 2535 loci

392 2588 560 2657 hujus
605 2599 903 2655 exponere.
943 2602 962 2634 ι
1003 2580 1266 2650 Majorem
1309 2587 1492 2633 autem
1531 2575 1720 2646 seipso
1755 2572 1974 2628 Patrem

393 2687 582 2752 aperte
629 2677 957 2749 prazdicans,
999 2688 1112 2728 non
1147 2672 1326 2727 solum
1359 2666 1752 2741 gratitudinem
1791 2680 1851 2720 se
1892 2663 1977 2719 di-

393 2786 556 2846 gnam
607 2768 879 2832 exhibuit,
907 2764 1004 2822 sed
1041 2773 1096 2820 et
1129 2777 1322 2819 eorum
1363 2761 1461 2831 qui
1493 2759 1698 2826 Iambos
1734 2757 1978 2827 aquales

393 2880 519 2920 esse
553 2868 752 2934 putant
797 2857 1152 2914 mendacium
1180 2855 1451 2924 coarguit.
1492 2871 1511 2903 ι
1547 2851 1762 2917 Quibus
1793 2847 1978 2903 verbis

397 2954 625 3011 Sabellii
671 2952 934 3024 opinione
971 2949 1221 3020 explosa,
1265 2945 1498 3000 infestus
1529 2953 1582 2999 et
1606 2958 1754 3006 acer,
1789 2950 1847 2996 ut
1876 2956 1979 3012 pu-

397 3058 499 3115 tat,
553 3048 608 3102 in
666 3063 764 3103 eos
821 3045 938 3101 ruit
992 3042 1088 3114 qui
1117 3040 1386 3112 aequalem
1433 3037 1584 3093 Patri
1619 3035 1819 3091 Filium
1867 3044 1985 3088 sta-

397 3149 584 3205 tuunt,
606 3140 663 3195 in
698 3139 850 3194 hunc
880 3150 1077 3191 rursus
1117 3133 1342 3189 modum
1376 3129 1630 3188 scribens
1669 3147 1684 3183 :
1725 3146 1744 3178 ε
1781 3125 1859 3179 Eo
1889 3125 1986 3181 de-

398 3231 620 3288 ruentia:
649 3229 874 3299 quidam
905 3240 1105 3282 rursus
1137 3220 1428 3294 progressi
1461 3229 1612 3284 sunt,
1643 3225 1703 3273 ut
1733 3216 1843 3272 dici
1875 3229 1987 3269 non

400 3323 582 3378 ferant
632 3319 917 3392 Uuigeniti
977 3317 1182 3373 deitate
1234 3315 1454 3370 Patrem
1513 3326 1639 3367 esse
1691 3308 1986 3379 majorem,

400 3412 495 3470 sed
528 3427 652 3467 eum
684 3410 955 3465 duntaxat
987 3406 1309 3479 prazcellere
1341 3403 1662 3459 existiment
1693 3413 1987 3469 compara-

400 3506 552 3560 tione
601 3517 726 3558 cum
760 3517 950 3564 carne,
983 3500 1076 3569 qui
1107 3514 1178 3553 ne
1200 3497 1286 3552 vel
1343 3496 1398 3550 in
1440 3494 1546 3548 hoc
1592 3490 1819 3562 quidem
1865 3504 1991 3559 per-

403 3597 616 3667 spicere
675 3601 914 3664 possunt
969 3591 1342 3660 heterogeuea
1403 3586 1561 3642 nullo
1611 3583 1776 3639 modo
1828 3597 1993 3653 posse

403 3689 738 3759 comparari.
764 3685 938 3741 Nemo
991 3684 1137 3739 enim
1182 3681 1387 3738 dixerit
1420 3693 1666 3750 unquam
1708 3677 1991 3732 hominem

401 3781 657 3856 jumento
713 3777 1106 3848 sapientiorem
1164 3791 1311 3840 esse,
1355 3787 1537 3842 neque
1593 3769 1733 3826 adeo
1785 3780 1993 3837 equum

404 3871 655 3929 velocius
700 3884 928 3926 currere
975 3867 1286 3931 testudine,
1327 3865 1425 3922 sed
1460 3863 1739 3920 hominem
1781 3858 1994 3916 homini

406 3965 662 4020 doctrina
710 3970 994 4032 praestare,
1044 3968 1101 4016 et
1146 3974 1352 4028 equum
1385 3956 1639 4013 velocius
1687 3967 1831 4023 equo
1870 3965 1997 4005 cur-

409 4073 554 4113 rere.
595 4055 732 4110 Cum
771 4069 903 4123 ergo
955 4053 1076 4108 sola
1116 4051 1467 4119 homogenea
1519 4045 1996 4116 comparationem

408 4152 554 4206 inter
583 4165 645 4202 se
678 4145 1012 4216 suscipiant,
1047 4157 1282 4200 necesse
1314 4153 1400 4197 est
1431 4156 1529 4196 eos
1579 4138 1742 4194 fateri
1781 4137 1999 4190 Patrem

410 4243 678 4311 majorem
730 4253 857 4294 esse
912 4237 1034 4306 ipsa
1084 4233 1373 4306 Unigeniti
1427 4232 1658 4288 deitate.
1710 4229 1848 4283 Nam
1905 4226 2000 4297 qui

411 4331 754 4389 contrarium
789 4329 1060 4395 sentiunt,
1090 4327 1149 4382 in
1181 4343 1248 4382 eo
1279 4325 1424 4397 quod
1459 4325 1642 4394 ipsum
1674 4338 1800 4377 eum
1833 4335 2003 4376 carne

2055 454 2212 525 ἔχονς
2242 451 2406 504 Οὐδὲν
2437 449 2496 502 δὲ
2517 445 2721 499 τούτων
2767 438 3186 525 ὑπομεμένηκεν
3215 434 3250 485 ὁ
3270 433 3455 502 Πατήρ
3474 447 3488 461 ·
3541 447 3640 500 με-

2059 515 2260 614 μένηκε
2289 540 2345 593 δὲ
2372 536 2638 593 καὶέστιν
2670 534 2729 586 ὲν
2751 523 2832 593 οἷς
2859 525 2927 600 ἦν
2953 527 3014 592 ἐξ
3059 524 3254 595 ἀρχῆς.
3299 519 3524 582 Μείζων.
3545 515 3640 570 οὖν

2055 609 2286 703 ἀρατοῦ
2333 628 2430 698 τὴν
2469 625 2764 678 ἐλάττωσιν
2818 615 3174 686 οἰκονομικῶς
3201 612 3494 680 ἑλομένου,
3545 609 3642 660 καὶ

2056 724 2193 786 τέως
2223 723 2372 783 ὖντος
2401 721 2458 773 ὲν
2478 719 2641 788 αὐτῇ⁴
2669 715 2825 785 ἄχρις
2849 711 2916 766 ἂν
2965 711 3140 762 έκεῖνο
3178 704 3339 757 πάλιν
3370 704 3637 768 ἀνακομι-

2059 817 2185 889 σθῇ,
2211 817 2273 870 τὸ
2295 815 2426 869 ἴδιον
2452 813 2514 883 δή
2545 787 2690 881 φημι
2738 806 2833 861 καὶ
2871 801 3102 873 φυσικὸν
3150 795 3371 866 ἀγαθὸν,
3405 794 3463 846 ὲν
3489 787 3643 860 ᾧπερ

2059 881 2214 980 ἦν’έν
2239 907 2402 979 ἀρχῇ.
2436 881 2612 966 Τόπος
2636 901 2690 954 δὲ
2716 898 2906 966 ὥσπερ
2946 891 3146 954 οἰκεῖός
3185 906 3247 943 τε
3297 886 3390 939 καί
3418 881 3645 952 φυσικὸς

2061 976 2211 1072 αὐτῷ
2241 976 2462 1070 νοηθείη
2515 994 2580 1048 ἂν
2627 991 2856 1052 εἰκότως
2881 989 2915 1056 ἡ
2971 984 3154 1054 ἰσότης
3184 983 3218 1052 ὴ
3260 978 3396 1048 πρὸς
3420 977 3507 1028 τὸν
3535 976 3647 1026 Πα-

2060 1067 2218 1166 τέρα,
2271 1067 2338 1162 ἣν
2385 1067 2528 1159 ἔχειν
2580 1083 2700 1148 ἐξὸν
2747 1076 3178 1140 ἀδιακωλύτως,
3213 1073 3312 1142 οὐχ
3355 1067 3647 1140 ἁρπαγμὸν

2063 1160 2308 1259 ἡγήσατο
2333 1182 2400 1236 δι’
2421 1179 2591 1250 ἡμᾶς.
2619 1175 2729 1230 Καὶ
2773 1170 2970 1226 πολλοῦ
2999 1171 3128 1240 ἡμῖν
3163 1164 3445 1235 γεγονότος
3487 1160 3668 1228 λόγου,

2063 1278 2320 1352 περὶτῆς
2355 1275 2598 1343 ἰσότητος
2632 1267 2728 1321 τοῦ
2767 1264 2898 1318 Υἰοῦ
2954 1263 3056 1332 τῆς
3094 1257 3232 1330 πρὸς
3275 1256 3364 1309 τὸν
3390 1254 3518 1308 Θεὸν
3552 1252 3670 1308 καὶ,

2065 1340 2287 1438 Πατέρα
2311 1364 2406 1417 καὶ
2438 1340 2631 1421 ἐντοῖς
2661 1355 2836 1410 ὀπίσω
2870 1351 3115 1424 βιϐλίοις,
3148 1347 3290 1418 τάχα
3311 1363 3424 1408 πως
3453 1340 3518 1414 ἦν
3546 1343 3652 1412 ἤδη

2065 1434 2275 1534 πρέπον
2291 1458 2383 1510 ἐπὶ
2410 1455 2508 1525 τὴν
2537 1450 2644 1504 τῶν
2675 1448 2804 1517 ἑξῆς
2846 1446 3145 1515 σαφήνειαν
3188 1440 3384 1500 ἐλθεῖν,
3425 1437 3486 1488 τὸ
3514 1434 3646 1503 περὶ

2065 1526 2273 1607 τούτων
2291 1550 2369 1602 ἔτι
2395 1543 2765 1619 μακρηγορεῖν
2786 1539 3023 1608 ἀφέντας
3040 1537 3119 1597 εἰς
3137 1533 3198 1586 τὸ
3217 1531 3410 1600 παρόν.
3431 1526 3654 1594 Ἐπειδὴ

2067 1647 2127 1700 δέ
2154 1663 2238 1709 τις
2261 1643 2368 1696 τῶν
2403 1638 2678 1694 ἀσυνέτων
2704 1631 2997 1706 αἰρετικῶν
3023 1628 3082 1681 οὑ
3137 1625 3254 1679 λίαν
3299 1620 3652 1690 ἀθαύμαστον

2072 1737 2224 1807 παρά
2249 1737 2358 1798 τοῖς
2399 1729 2674 1792 Ἰουδαίοις
2723 1723 2903 1797 λαχὼν
2953 1722 3061 1775 τῶν
3108 1717 3270 1790 ἱερῶν
3304 1711 3658 1783 Γραμμόιτων

2072 1831 2169 1903 τὴν
2191 1828 2416 1898 εἴδησιν,
2448 1823 2518 1876 τά
2544 1823 2601 1874 ἐν
2638 1818 2717 1890 τῷ
2765 1815 3110 1888 προκειμένῳ
3161 1805 3484 1881 ἑρμηνεύειν
3532 1805 3660 1854 ἐπι-

2074 1892 2510 1993 χειρῶν,’γραφῇ
2566 1909 2884 1982 παρέδωκεν
2938 1904 3000 1958 οὑ
3059 1898 3302 1972 φορητὰς
3344 1892 3663 1963 δυσφημίας

2074 1985 2218 2064 κατά
2247 2007 2341 2061 τοῦ
2367 1985 2730 2072 Μονογενοῦς,
2767 1995 2994 2066 ἀδρανὲς
3015 1994 3202 2064 ᾠήθην
3225 1991 3318 2045 καὶ
3357 1989 3476 2042 λίαν
3498 1985 3666 2053 ἁνὰρτ

2079 2119 2277 2176 μοστον
2307 2095 2534 2169 ἐμαυτῷ
2569 2095 2804 2166 πρᾶγμα
2826 2091 3000 2144 θέλειν
3031 2083 3358 2157 ὑφίστασθαι
3390 2080 3448 2134 τὺ
3483 2080 3671 2146 σιωπῇ

2076 2191 2458 2266 παραδραμεῖν
2493 2186 2593 2257 τὴν
2651 2182 2794 2237 οὑτω
2837 2180 3017 2250 δεινὴν
3054 2175 3148 2230 τοὺ
3203 2167 3672 2244 μνημονευθέντος

2077 2286 2358 2341 ἀπόνοιαν.
2387 2279 2595 2334 Οὐκοῦν
2627 2275 2883 2346 οἰήσομαι
2917 2272 3024 2325 δεῖν
3055 2267 3360 2335 ὑπαντῆσαι
3397 2263 3498 2332 μὲν
3523 2259 3670 2312 κατὰ

2077 2379 2237 2449 λόγον
2263 2373 2432 2444 αὐτῷ,
2451 2371 2622 2439 δεῖξαί
2645 2386 2712 2424 τε
2736 2365 2922 2436 σαφῶς
2951 2365 3033 2417 ὅτι
3057 2358 3232 2431 σαθρὰ
3246 2373 3304 2410 τε
3320 2355 3415 2408 καὶ
3442 2349 3674 2422 γραώδη

2078 2443 2306 2540 τας-..αρ’
2335 2443 2500 2520 αὑτοῦ
2532 2463 2792 2534 μυθάρια,
2815 2457 2912 2511 καὶ
2943 2454 3254 2527 φρονήσεως
3292 2448 3389 2518 μὲν
3415 2446 3511 2514 τῆς
3534 2443 3675 2508 ἀγα-

2081 2562 2185 2632 θῆς
2211 2534 2544 2630 ἀμοιροῦντα
2573 2549 2872 2613 παντελῶς,
2896 2542 3134 2618 στροφὰς
3157 2543 3214 2596 δὲ
3236 2537 3456 2592 εἰκαίων
3476 2534 3675 2603 ἔχοντα

2082 2651 2382 2722 λογισμῶν.
2444 2646 2564 2702 Ἐπ’
2595 2645 2765 2714 αὐτῆς
2786 2643 2842 2696 δὲ
2871 2641 2998 2710 ὑμῖν
3030 2634 3423 2704 ἀναγνώσομαι
3442 2627 3673 2691 λέξεως,

2083 2745 2121 2800 ἃ
2150 2744 2426 2799 συνθεῖναι
2458 2739 2784 2808 τετόλμηκε,
2807 2733 2906 2805 τὴν
2935 2723 3450 2799 τοῦ,προκειμένου,
3497 2716 3678 2772 καθα-

2085 2857 2193 2910 περ
2224 2837 2385 2899 αὐτδς
2413 2833 2588 2905 ᾠήθη,
2626 2827 2860 2898 θεωρίαν
2897 2821 3278 2893 ἐξηγούμενος.
3313 2812 3590 2877 ιΜείζονα
3611 2809 3686 2910 δὲ

2088 2896 2284 2983 έαὺτοῢ
2309 2896 2401 2978 τὸν
2429 2896 2657 2992 ἰῙατέρα
2712 2896 3004 2988 κηρύσσων
3039 2907 3248 2978 σαφῶς,
3281 2904 3342 2957 οὑ
3386 2901 3546 2972 μόνον
3574 2896 3682 2973 τὴν

2089 3018 2268 3089 ἑαυτῷ
2289 3016 2605 3088 πρέπουσαν
2654 3009 3000 3080 παρέστησεν
3056 2993 3502 3068 εὐγνωμοσύνην,
3540 2989 3686 3044 ἀλλὰ

2011 3081 2054 3138 C
2087 3116 2197 3184 γὰρ
2223 3112 2316 3165 καί⁸
2343 3108 2452 3162 τῶν
2480 3109 2536 3160 ὲν
2563 3101 2893 3174 ἀμφοτέροις
2940 3088 3443 3159 εἶναινομιζόντων
3468 3085 3528 3136 τὸ
3548 3081 3696 3150 ea?»

2085 3178 2177 3270 δος
2195 3201 2465 3274 διήλεγξε.
2493 3217 2512 3251 ι
2567 3196 2680 3254 Καὶ
2710 3192 2808 3263 τὴν
2840 3186 3130 3242 Σαὸελλίου
3159 3182 3250 3236 διὰ
3283 3178 3489 3232 τούτων
3519 3191 3689 3244 περιτ-

2090 3268 2564 3371 κρ-οτήσαςδόξαν,
2591 3286 2787 3349 δεινὸς,
2829 3283 2905 3346 ὡς
2952 3281 3147 3342 οἴεται,
3184 3273 3280 3329 καί¹
3314 3269 3509 3343 δριμὺς
3556 3268 3688 3320 ὲπι-

2091 3391 2237 3461 πηδᾷ
2268 3389 2383 3450 τοῖς
2412 3388 2468 3438 ἐν
2507 3376 2883 3451 ἰσότητιπρὸς
2934 3373 3026 3427 τὸν
3085 3368 3306 3438 Πατέρα
3358 3362 3559 3419 τιθεῖσι
3595 3358 3691 3412 τὸν

2091 3485 2243 3544 rem,
2270 3481 2414 3535 οὑτω
2444 3477 2607 3530 πάλιν
2637 3471 2826 3527 εἰπών·
2867 3487 2886 3521 r
2922 3469 3019 3530 Εἰς
3045 3461 3304 3519 τοσοῦτον
3358 3456 3521 3510 πάλιν
3550 3454 3694 3511 cia-:9.-

2093 3576 2241 3638 νοίας
2264 3570 2536 3643 προῆλθόν
2567 3583 2733 3629 τινες,
2761 3564 2837 3626 ὡς
2871 3559 3006 3633 μηδὲ
3048 3557 3188 3619 ὅλως
3229 3548 3521 3622 ἀνέχεσθαι
3573 3546 3696 3617 μεί-

2095 3668 2225 3733 ζονα
2257 3640 2520 3718 εἶναιτὸν.
2547 3658 2766 3725 Πατέρα
2793 3654 2890 3723 τῆς
2923 3649 3018 3704 τοῦ
3052 3643 3390 3714 Μονογενοῦς
3437 3640 3698 3709 θεότητος

2094 3729 2296 3829 λέγειν,
2315 3755 2451 3810 ἀλλά
2475 3753 2636 3825 μόνον
2657 3748 2818 3803 αὐτὸν
2841 3743 3128 3814 συγκρίσει
3149 3742 3218 3810 τῇ
3240 3735 3370 3808 περί
3392 3733 3490 3804 τὴν
3513 3729 3698 3804 σάρκα

2097 3852 2383 3924 ὑπερέχειν
2401 3848 2596 3910 δοκεῖν,
2621 3842 2760 3912 μηδὲ
2777 3838 2880 3893 κᾶν
2901 3833 3062 3889 τοῦτο
3080 3831 3194 3904 [γρ.
3216 3829 3320 3885 κάν
3336 3823 3534 3896 τούτῳ]
3556 3841 3702 3880 συνι-

2097 3915 2219 3998 δεῖν.
2238 3915 2578 4010 δυνηθέντες,
2608 3935 2684 3996 ὡς
2709 3931 2779 3984 τὰ
2804 3927 3094 3999 ἑτερογενῆ
3122 3919 3372 3990 οὐδαμῶς
3401 3915 3700 3986 συγκρίνε-

2101 4036 2226 4090 σθαι
2247 4008 2491 4086 δὺναται.
2525 4025 2715 4088 Οὐδεὶς
2739 4022 2850 4092 γὰρ
2875 4019 2940 4072 ἂν
2963 4019 3107 4070 εἴποι
3135 4013 3263 4066 ποτὲ
3291 4013 3374 4064 ὅτι
3408 4008 3703 4077 ἄνθρωπος

2102 4125 2410 4198 σοφώτερός
2434 4123 2551 4174 ἐστι
2587 4119 2839 4186 κτήνους,
2887 4111 3009 4165 οὐτε
3061 4109 3168 4179 μὴν
3215 4107 3380 4167 ἵππος
3422 4103 3703 4172 ὀξυτέρως

2100 4221 2286 4294 τρέχει
2316 4213 2578 4286 χελώνης,
2626 4208 2732 4261 ³ι.λλ’
2757 4205 3045 4276 ἄνθρωπον
3078 4196 3365 4270 ἀνθρώπου
3396 4194 3702 4263 ἐλλογιμὼ-

2099 4329 2281 4385 τερον,
2317 4309 2484 4362 ἵππον
2537 4304 2595 4357 δὲ
2649 4303 2818 4354 ἵππου
2863 4295 3120 4363 ὀξύτερον
3157 4289 3440 4360 φέρεσθαι.
3504 4287 3705 4339 Μόνων

412 4430 760 4494 comparant,
789 4428 1062 4491 quantum
1094 4419 1151 4475 in
1183 4419 1264 4475 eis
1305 4424 1414 4482 est,
1446 4414 1631 4471 Patris
1676 4413 1981 4484 dignitaten

2108 4405 2288 4459 τοίνυν
2316 4400 2426 4453 τῶν
2485 4391 2763 4466 ὁμογενῶν
2811 4389 2910 4460 τὴν
2953 4388 3090 4456 πρὸς
3146 4381 3353 4452 ἄλληλα
3410 4379 3698 4448 σύγκρισιι

2392 4493 2399 4494 ί
2620 4489 2631 4494 ·
2694 4487 2704 4494 ·
2934 4483 2945 4494 ·
3025 4481 3037 4494 κ
3143 4479 3154 4494 ο
3238 4474 3463 4494 Mur-“
3571 4471 3698 4494 2..-;

414 4516 690 4569 minuunt.
730 4531 747 4561 ι

2111 4493 2549 4567 ὲπιδεχομένων,
2609 4487 2824 4554 ἀνάγκη
2889 4481 3084 4540 αὐτοὺς
3135 4474 3509 4546 ὁμολογῆσαι,
3568 4471 3653 4522 ὅτι
3685 4471 3710 4518 ὁ

417 4609 607 4678 Πατὴρ
647 4606 847 4677 μείζων
874 4607 1046 4678 αὐτῆς
1087 4606 1187 4676 τῆς
1238 4606 1332 4660 τοῦ
1374 4602 1714 4673 Μονογενοῦς
1747 4603 2002 4674 θεότητος
2041 4597 2301 4667 ὑπάρχει.
2339 4591 2402 4644 Οἱ
2434 4588 2546 4658 γὰρ
2575 4581 2832 4644 ἐναντίως
2859 4577 3238 4649 σφαλλόμενοι,
3271 4569 3350 4622 τῶ
3407 4567 3548 4630 πρὸς
3609 4567 3709 4633 τὴν

419 4702 594 4773 σάρκα
622 4701 954 4772 συγκρίνειν,
1003 4704 1128 4755 ὅσον
1175 4701 1238 4754 τὸ
1279 4699 1366 4754 ἐπ’
1417 4702 1623 4767 αὐτοῖς,
1665 4699 1727 4752 τὸ
1769 4697 2036 4770 πατρικὸν
2072 4693 2292 4761 ἀξίωμα
2319 4682 2664 4755 καθαιροῦσι.
2713 4698 2730 4730 ι

488 4793 580 4848 Ha:
630 4793 855 4864 quidem
902 4801 1036 4848 sunt
1068 4793 1220 4848 illius
1255 4793 1421 4865 847
1476 4808 1655 4864 ungat.
1690 4790 2004 4845 Videndum

418 4902 551 4942 vero
581 4902 691 4956 quo
733 4893 896 4955 pacto
943 4886 1060 4940 suis
1095 4886 1216 4956 ipse
1245 4886 1432 4940 verbis
1472 4902 1540 4940 ne
1566 4886 1750 4940 sciens
1781 4883 2004 4953 quidem

422 4988 645 5050 pugnet.
693 4977 907 5031 Laudat
945 4979 1095 5032 enim
1144 4976 1370 5045 Filium,
1426 4987 1487 5031 ut
1530 4977 1626 5048 qui
1675 4976 1901 5047 dignam
1945 4989 2006 5028 se

422 5069 825 5140 gratitudinem
855 5078 911 5125 et
941 5070 1258 5140 aequitatem
1289 5071 1614 5134 servaverit,
1652 5083 1782 5123 cum
1816 5065 1957 5120 dixit
1990 5083 2002 5118 :

429 5181 447 5213 ι
483 5162 647 5216 Pater
675 5160 855 5230 major
883 5177 968 5217 me
999 5170 1120 5227 est;
1161 5179 1179 5211 ι
1209 5160 1307 5216 sed
1336 5163 1508 5216 miror
1533 5161 1629 5232 qui
1657 5174 1767 5214 non
1804 5157 1860 5212 in
1888 5156 2011 5210 ani-

425 5270 576 5308 mum
610 5253 762 5309 istud
791 5252 1093 5308 induxerit.
1131 5253 1274 5319 Quid
1309 5254 1479 5319 enim,
1506 5268 1715 5324 quaeso,
1739 5267 1864 5307 eum
1897 5247 2013 5303 adi-

428 5347 590 5416 gebat
614 5352 674 5400 ut
702 5345 770 5401 de
801 5345 1094 5402 divinitate
1123 5363 1224 5403 sua
1258 5362 1407 5402 nune
1437 5347 1605 5402 verba
1637 5345 1862 5410 faceret,
1888 5355 2013 5397 cum

432 5454 595 5495 nemo
627 5453 799 5494 sanus
829 5453 1076 5509 unquam
1109 5445 1329 5511 tempus
1376 5437 1637 5510 loquendi
1669 5435 2015 5504 faciendique

435 5539 808 5604 opportunum
845 5532 990 5588 scire
1042 5533 1383 5604 neglexerit?
1411 5532 1575 5600 Quid,
1611 5533 1856 5604 inquam,
1879 5542 2016 5598 opus

516 5706 558 5741 “
585 5706 824 5780 Philipp.
853 5723 914 5778 ιι,
949 5706 1004 5763 6.

2177 4758 2348 4835 Ταυτί
2369 4778 2465 4849 μὲν
2511 4773 2725 4827 ἐκείνου
2774 4769 2844 4821 τὰ
2872 4763 3083 4833 ὐθλὼδη
3115 4762 3427 4832 ληρήματα.
3479 4758 3710 4807 Διασκε-

2106 4874 2267 4928 πτέον
2297 4872 2352 4924 δὲ
2379 4871 2527 4930 ὅπως
2560 4866 2712 4920 οὐδὲν
2749 4862 2926 4916 εἰδότα
2970 4858 3234 4926 δείξωμεν
3281 4854 3365 4905 ὅτι
3396 4851 3511 4912 τοῖς
3549 4848 3708 4908 ἰδίοις

2105 4965 2270 5026 αὐτὸς
2304 4961 2538 5032 μάχεται
2573 4957 2775 5024 λόγοις.
2808 4951 3154 5020 Ἀποδέχεται
3175 4946 3275 5015 μὲν
3304 4943 3413 5014 γὰρ
3439 4942 3530 4995 τὸν
3555 4940 3708 5002 Υἰὸν,

2107 5058 2183 5122 ὡς
2203 5057 2302 5126 τὴν
2322 5051 2472 5122 αὑτῷ
2497 5049 2815 5121 πρέπουσαν
2833 5041 3256 5114 εὐγνωμοσύνην
3273 5035 3707 5106 διατηρήσαντα,

2109 5151 2187 5220 τῷ
2215 5125 2389 5202 εἰπεῖν
2409 5164 2421 5176 ·
2451 5165 2469 5197 ι
2508 5146 2565 5198 Ὀ
2597 5141 2789 5212 Πατὴρ
2818 5139 3020 5211 μείζων
3058 5151 3158 5206 μου
3194 5129 3331 5185 ἐστί.
3381 5147 3399 5180 ι
3431 5125 3712 5194 Θαυμὰζω

2111 5245 2167 5296 δὲ
2195 5243 2342 5304 ὅπως
2372 5238 2494 5292 οὑδὲ
2558 5238 2736 5290 ἐκεῖνο
2779 5231 2920 5286 κατὰ
2956 5229 3082 5283 νοῦν
3120 5221 3444 5286 εἰσεδέξατο.
3481 5217 3548 5270 Τί
3593 5217 3707 5286 γὰρ

2113 5331 2181 5406 ἦν
2205 5334 2342 5395 ὅλως
2375 5331 2436 5383 τὸ
2460 5327 2750 5384 ἀναπεῖθον
2781 5323 2942 5376 αὐτὸν
2977 5313 3255 5385 θεολογίας
3291 5308 3535 5380 ἀψασθαι
3567 5306 3709 5371 νυνὶ,

2119 5426 2298 5480 καίτοι
2323 5421 2383 5475 τὸ
2417 5419 2609 5492 καιρὸν
2637 5417 2835 5472 εἰδέναι
2867 5413 2960 5467 τὸν
2997 5409 3281 5480 πρέποντα
3313 5402 3408 5456 καὶ
3428 5399 3590 5468 λόγου
3609 5398 3710 5451 καὶ

2122 5519 2443 5594 πράγματος
2485 5515 2582 5569 οὐκ
2613 5510 2763 5583 ἐντῴ
2801 5507 2986 5581 μηδενί
3031 5503 3152 5575 θείη
3181 5500 3262 5564 τίς
3295 5495 3381 5562 ἂν,
3421 5495 3473 5547 εἰ
3510 5511 3571 5563 γε
3603 5508 3717 5546 crto-
