3892 6202
177 285 291 342 517

1251 277 1320 334 ΙΝ
1357 276 1648 335 JOANNIS
1683 276 2140 337 EVANGELIUM
2171 279 2302 338 LIB.
2345 280 2412 335 X.

3342 280 3454 338 318

181 399 447 472 φρονοίη;
487 398 554 452 Τί
580 394 674 452 οὗν
705 398 812 453 ἔδει
853 398 955 470 τῆς
994 395 1168 460 οὕτως
1217 396 1450 467 ἀκαίρου
1490 394 1770 462 θεολογίας

1895 403 1994 448 arat
2025 393 2413 464 intempestiva
2449 393 2542 449 illa
2567 393 2792 450 deitatis
2827 393 3200 450 declaratione
3233 397 3452 453 maestis

179 491 510 564 ἀνιωμένοις
531 493 647 556 τοῖς
704 490 993 563 μαθηταῖς,
1039 488 1273 560 ἐπείπερ
1309 487 1538 559 ἔμελλεν
1566 486 1770 556 ἀποδη-

187 588 310 654 μεῖν
337 583 446 638 ἀπὺ
463 584 671 652 κόσμου
724 583 862 654 πρὸς
894 582 987 636 τὸν
1013 581 1236 653 Πατέρα
1274 582 1370 635 καὶ
1390 580 1524 634 Θεόν
1550 597 1565 645 ;
1609 580 1771 632 Ποῖον

182 679 297 747 γὰρ
325 675 392 730 ἂν
415 674 652 728 ὲποίσειε
671 673 1026 745 παραμυθίας
1051 671 1251 743 τρόπον
1275 671 1459 733 αὐτοῖς
1492 669 1554 722 τὸ
1585 670 1771 739 πρᾶγ-

189 785 264 839 μα
294 766 502 837 τυχόν;
552 765 695 819 Ἀνθ¹
721 766 844 819 ὅτου
881 765 926 819 δ’
952 765 1091 828 ὅλως
1129 763 1412 836 μονονουχὶ
1446 764 1540 816 καὶ
1577 779 1772 817 καται-

183 861 370 912 τιᾶται
429 858 637 927 λέγων·
677 875 698 910 ι
734 859 798 911 Et
844 855 1099 929 ἠγαπᾶτέ
1157 873 1246 928 με,
1293 856 1526 928 ἐχάρητε
1581 856 1647 910 ἂν
1691 856 1774 908 ὅτι

189 951 494 1024 πορεύομαι
547 951 688 1023 πρὸς
745 949 840 1006 τὸν
884 950 1128 1022 Πατέρα,
1163 950 1246 1004 ὅτι
1283 951 1312 1003 6
1353 948 1542 1020 Πατὴρ
1575 946 1774 1018 μείζων

193 1061 296 1112 μου
328 1043 478 1097 ἐστίν
499 1062 519 1110 ;ι
547 1063 567 1096 ι
600 1039 751 1114 τΑρα
788 1041 919 1114 γὰρ,
959 1043 1084 1098 εἰπέ
1126 1061 1238 1114 μοι,
1271 1040 1579 1096 διακεῖσθαι
1615 1039 1778 1092 τοῦτο

192 1137 330 1207 πρὸς
380 1137 650 1208 θυμηδίαν
697 1137 873 1190 ἐποίει
925 1136 1052 1200 τοὺς
1107 1134 1375 1206 μαθητὰς,
1409 1135 1442 1204 ἢ
1479 1133 1579 1203 τῆς
1632 1129 1778 1184 οὕτω

192 1226 447 1296 φιλοθέου
474 1225 652 1297 λύπης
695 1225 1062 1294 ἀπήλλαττεν,
1094 1225 1179 1278 ὅτι
1223 1223 1361 1295 πρὸς
1414 1222 1506 1276 τὸν
1553 1221 1778 1292 μείζονα

192 1321 413 1393 Πατέρα
454 1320 746 1391 πορεύεται
768 1338 786 1386 ;-
835 1315 973 1374 Εἶτα
1027 1320 1183 1372 ποῖον
1230 1317 1439 1372 κατίδοι
1467 1333 1552 1380 τις
1587 1315 1652 1368 ἂν
1686 1313 1778 1366 τὸν

189 1413 294 1484 τῆς
323 1413 676 1484 παραμυθίας
725 1413 785 1464 ἐν
809 1409 1210 1482 τούτῳ.τρόπον
1234 1427 1249 1476 ;
1289 1408 1483 1461 Καίτοι
1510 1405 1778 1459 Φιλίππου

192 1507 294 1576 μὲν
316 1505 579 1577 ἐρομένου
599 1505 698 1558 καὶ
731 1503 982 1573 λέγοντος
1003 1520 1018 1536 ·
1050 1522 1068 1555 ι
1113 1501 1310 1574 Κύριε,
1337 1500 1510 1566 δεῖξον
1532 1501 1664 1570 ἡμῖν
1686 1499 1780 1550 τὸν

189 1601 439 1672 Πατέρα,
491 1599 588 1654 καὶ
649 1600 812 1671 ἀρκεῖ
847 1598 1002 1668 ἡμῖν,
1038 1615 1058 1648 ›
1095 1595 1218 1649 τότε
1253 1595 1341 1666 δὴ,
1379 1595 1503 1646 τότε
1533 1593 1628 1645 καὶ
1660 1591 1781 1643 λίαν

188 1694 487 1766 εὐκαίρως,
510 1692 604 1747 ἅτε
633 1692 698 1763 δὴ
728 1693 825 1745 καὶ⁸
852 1689 948 1745 τοῦ
976 1690 1077 1757 τῆς
1115 1687 1396 1756 θεολογίας
1429 1683 1783 1754 ἐνεστηκότος

189 1784 410 1857 καιροῦ,
440 1785 533 1839 τὸν
591 1783 813 1854 Πατέρα
874 1783 972 1854 μὲν
1017 1783 1076 1834 ὲν
1108 1778 1288 1850 ἑαυτῷ
1324 1777 1560 1840 δεικνὺς,
1589 1775 1780 1829 ἑαυτὸν

187 1878 232 1932 δ’
274 1874 342 1932 αὖ
379 1879 544 1933 πάλιν
577 1879 636 1931 ὲν
660 1875 740 1948 τῷ
771 1875 971 1945 Πατρὶ,
1004 1874 1098 1928 καὶ
1119 1875 1201 1927 ὅτι
1226 1872 1348 1927 κατ’
1376 1869 1526 1924 οὐδὲν
1542 1866 1782 1922 ἐλάττων

190 1969 344 2024 ἐστὶν
373 1969 565 2032 αὐτοῦ,
627 1971 694 2039 τῇ
745 1968 801 2021 δὲ
856 1965 998 2021 κατὰ
1045 1965 1154 2018 πᾶν
1191 1963 1399 2034 ἰσότητι
1442 1958 1780 2030 διαπρεπὴς,

191 2063 404 2132 ἔφασκε
434 2080 446 2092 ·
480 2081 498 2114 ‹
519 2061 774 2132 Τοσούτῳ
806 2059 984 2132 χρόνῳ
1022 2057 1148 2129 μεθ’
1195 2055 1350 2127 ὑμῶν
1394 2057 1534 2124 εἰμι,
1569 2052 1664 2107 καὶ
1685 2053 1786 2105 οὐκ

191 2155 445 2224 ἔγνωκάς
470 2173 558 2226 με,
597 2154 873 2219 Φίλιππε;
910 2151 968 2205 Ὀ
991 2147 1253 2219 ἑωρακὼς
1297 2147 1419 2218 ἐμὲ,
1448 2144 1662 2216 ἑώρακε
1694 2142 1786 2196 τὸν

191 2249 436 2321 Πατέρα.
477 2247 553 2301 Ού
592 2245 868 2309 πιστεύεις
913 2245 995 2298 ὅτι
1036 2241 1146 2311 ἐγὼ
1183 2241 1242 2295 ἐν
1275 2238 1354 2308 τῷ
1391 2239 1586 2308 Πατρὶ,
1620 2236 1715 2290 καὶ
1758 2237 1787 2288 6

191 2340 387 2412 Πατὴρ
408 2342 466 2392 ὲν
499 2338 622 2409 ἐμοί
653 2338 837 2402 Est-rw;
873 2333 1018 2403 Ἐγὼ
1049 2333 1143 2387 καὶ⁸
1172 2331 1200 2384 6
1234 2330 1426 2402 Πατὴρ
1454 2328 1515 2382 ἓν
1539 2329 1727 2396 ἐσμεν.
1761 2343 1781 2377 ι

204 2434 369 2486 Ἀλλὰ
425 2433 547 2486 τότε
608 2431 706 2502 μὲν
744 2427 1017 2499 εὐκαίρως
1088 2424 1181 2478 τὸν
1235 2423 1328 2476 ἐπὶ
1384 2420 1597 2483 τούτοις
1655 2417 1788 2488 ήμῖν

195 2524 504 2594 ἐξυφαίνων
537 2522 694 2591 λόγον
717 2519 942 2582 εἰκότως
977 2514 1317 2586 ἐθαυμάζετο
1336 2531 1356 2552 ·-
1383 2511 1502 2565 νυνὶ
1538 2511 1596 2564 δὲ
1635 2512 1789 2564 ποῖον

196 2617 312 2686 ἔχει
334 2616 396 2668 τὸ
418 2616 652 2686 πρᾶγμα
683 2612 896 2684 καιρὸν,
935 2609 968 2682 ἢ
1004 2611 1158 2662 ποῖον
1193 2607 1332 2670 ὅλως
1360 2603 1665 2670 ὲπιδέξεται
1695 2601 1787 2655 λοο

193 2710 419 2780 γισμδν,
451 2709 490 2780 ἣ
512 2707 800 2779 βούλεσθαι
835 2705 933 2776 μὲν
966 2702 1065 2774 τὴν
1091 2703 1149 2754 ἐν
1176 2703 1293 2762 τοῖς
1317 2697 1589 2770 μαθηταῖς
1618 2714 1789 2751 κατα-

198 2803 386 2874 ραῒσαι
413 2800 613 2869 λύπην,
646 2799 912 2868 φάρμακα
929 2795 985 2848 δὲ
1006 2793 1198 2862 ὥσπερ
1221 2789 1580 2862 παραμυθίας
1607 2791 1792 2856 αὐτοῖς

195 2899 457 2958 ἐπινοεῖν,
492 2895 554 2947 τὸ
592 2891 847 2956 ἐπιτάξαι
899 2889 1133 2960 χαίρειν,
1183 2887 1266 2939 ὅτι
1316 2884 1610 2956 πορεύεται
1651 2885 1792 2957 πρὸς

194 2989 291 3041 τὸν
325 2987 578 3059 Πατέρα;
604 2981 734 3056 ’Ἆρ’
779 2977 874 3036 οὗν
896 2982 998 3034 οὐκ
1054 2980 1130 3033 ἂν.
1159 2979 1374 3048 γένοιτο
1405 2977 1498 3030 καὶ
1527 2979 1640 3040 τοῖς
1669 2976 1792 3030 λίαν

1876 487 2192 556 discipulis,
2221 504 2291 543 ex
2325 503 2392 543 eo
2419 486 2567 557 quod
2596 487 2666 542 ad
2700 485 2918 542 Patrem
2955 501 3019 542 ac
3057 486 3226 542 Deum
3255 503 3321 542 ex
3346 489 3454 543 hoc
3507 542 3512 550 ,

1878 579 2086 634 mundo
2135 587 2286 635 esset
2332 579 2622 635 abiturus?
2648 579 2825 645 Quam
2874 578 3022 634 enim
3059 578 3454 634 consolationis
3507 583 3514 589 ’

1880 673 2144 728 rationem
2177 673 2232 728 id
2255 673 2338 729 eis
2367 673 2688 728 attulisset?
2711 671 2887 738 Quam
2919 678 3105 726 autem
3133 672 3206 726 ob
3229 685 3453 726 causam

1879 764 2280 834 propemodum
2312 779 2408 819 eos
2461 771 2710 828 accusat,
2738 763 2970 819 dicens:
3002 783 3021 814 ‹
3054 764 3112 816 Si
3153 741 3456 833 diligeretis

1880 873 1990 923 me,
2021 856 2342 927 gauderetis
2379 856 2572 925 utique
2602 856 2732 926 quia
2763 857 2904 912 vado
2939 855 3008 910 ad
3039 855 3257 909 Patrem
3283 874 3296 910 :
3325 852 3457 924 quia

1879 946 2043 1004 Pater
2075 948 2256 1017 major
2280 963 2369 1004 me
2395 947 2517 1003 est?
2546 967 2564 999 ι
2611 947 2872 1019 Nunquid
2901 949 3050 1004 enim
3073 945 3244 1012 istud,
3264 945 3458 1000 amabo

1882 1045 1956 1104 te,
1991 1035 2299 1107 discipulos
2347 1051 2606 1092 recreare
2635 1047 2733 1092 aut
2768 1045 2880 1091 tam
2914 1037 3064 1106 pium
3097 1050 3288 1090 eorum
3324 1049 3455 1090 mu:-

1882 1145 2064 1185 rorem
2111 1128 2310 1186 sedare
2359 1136 2602 1199 poterat,
2635 1128 2784 1198 quod
2831 1128 2895 1182 ad
2939 1127 3203 1197 majorem
3244 1124 3463 1180 Patrem

1883 1222 2288 1293 proﬁciscitur?
2313 1221 2490 1287 Quam
2523 1219 2848 1276 consolandi
2883 1219 3150 1274 rationem
3186 1218 3275 1272 hic
3307 1217 3464 1287 quis-

1881 1329 2050 1384 quam
2095 1314 2368 1385 reperiet?
2393 1313 2528 1368 Nam
2564 1328 2692 1368 cum
2725 1311 3014 1383 Philippus
3049 1327 3174 1366 eum
3216 1309 3464 1378 compel-

1883 1410 2022 1464 laret
2054 1427 2067 1463 :
2107 1428 2126 1460 ε
2164 1406 2414 1474 Domine,
2438 1406 2670 1462 ostende
2713 1405 2875 1461 nobis
2911 1403 3152 1470 Patrem,
3185 1411 3240 1458 et
3268 1402 3470 1459 sulIicit

1883 1501 2073 1567 nobis;
2113 1519 2132 1552 ι
2172 1507 2306 1555 tunc
2357 1507 2666 1570 opportune
2717 1497 3038 1562 admodum,
3085 1497 3290 1567 quippe
3339 1512 3466 1551 cum

1883 1595 2198 1650 divinitatis
2261 1592 2614 1648 declaranda;
2670 1602 2888 1663 tempus
2937 1591 3195 1658 instaret,
3246 1589 3466 1646 Patrem

1885 1689 2106 1759 quidem
2142 1687 2200 1741 in
2233 1687 2421 1756 seipso
2465 1684 2790 1754 ostendens,
2817 1694 2869 1740 et
2894 1685 3138 1754 seipsum
3173 1697 3369 1740 rursus
3411 1682 3470 1736 in

1885 1777 2069 1843 Patre,
2093 1785 2150 1833 et
2194 1776 2346 1832 nulla
2386 1776 2444 1831 in
2489 1791 2550 1831 re
2590 1791 2650 1830 se
2683 1790 2752 1831 eo
2799 1775 3110 1838 minorem,
3148 1773 3246 1830 sed
3292 1773 3474 1828 omni-

1887 1871 2050 1926 moda
2105 1870 2429 1941 aequalitate
2478 1867 2882 1939 conspicuum,
2928 1867 3112 1922 aiebat
3151 1885 3166 1922 :
3225 1883 3244 1918 ι
3294 1866 3474 1920 Tanto

1887 1972 2136 2035 tempore
2193 1963 2478 2018 vobiscum
2537 1976 2684 2027 sum,
2729 1970 2784 2016 et
2837 1975 2949 2014 non
3003 1957 3312 2028 cognovisti
3362 1972 3472 2021 me,

1886 2053 2180 2124 Philippe?
2206 2053 2312 2120 Qui
2339 2053 2488 2107 videt
2519 2067 2626 2115 me,
2657 2050 2806 2105 videt
2831 2057 2886 2105 et
2911 2048 3154 2104 Patrem.
3201 2047 3322 2101 Non
3354 2061 3477 2101 cre-

1887 2147 1976 2203 dis
2003 2148 2131 2217 quia
2160 2161 2260 2218 ego
2298 2145 2356 2200 in
2390 2144 2576 2212 Patre,
2604 2150 2661 2198 et
2691 2143 2857 2197 Pater
2894 2142 2950 2196 in
2987 2155 3078 2197 me
3102 2139 3229 2196 est?
3266 2138 3380 2209 ligo
3419 2143 3478 2191 et

1887 2242 2050 2298 Pater
2083 2256 2254 2296 unum
2284 2255 2498 2295 sumus.
2541 2256 2562 2291 ι
2597 2235 2806 2292 Verum
2837 2242 2972 2290 tunc
3008 2239 3320 2305 opportune
3351 2230 3477 2301 qui-

1889 2335 2014 2390 dem
2051 2334 2120 2388 de
2156 2332 2244 2388 his
2264 2331 2431 2386 verba
2474 2330 2690 2385 faciens
2717 2327 3074 2384 admirationi
3109 2332 3231 2381 erat
3273 2341 3288 2378 :
3320 2337 3472 2377 nunc

1890 2436 2074 2484 autem
2103 2441 2270 2497 quam
2298 2432 2613 2495 opportune
2652 2421 2800 2477 istud
2841 2419 3066 2482 dicitur,
3097 2425 3192 2472 aut
3222 2415 3350 2486 quid
3387 2428 3479 2468 ra.

1890 2521 2060 2578 tionis
2076 2520 2264 2584 habet,
2282 2516 2570 2574 tristitiam
2588 2513 2992 2583 discipulorum
3031 2511 3205 2566 lenire
3240 2507 3401 2572 velle,
3423 2514 3480 2560 et

1891 2611 2329 2670 consolatorium
2367 2608 2645 2680 quoddam
2681 2606 2764 2662 eis
2791 2606 3149 2676 pharmacum
3191 2599 3479 2660 adhibere,

1893 2708 2026 2764 dum
2073 2703 2312 2777 gaudere
2364 2701 2652 2773 jubentur,
2704 2698 2836 2772 quia
2887 2697 3040 2753 vadit
3093 2695 3161 2750 ad
3221 2691 3491 2747 Patrem?

1892 2797 2154 2870 Nunquid
2189 2811 2320 2867 ergo
2349 2793 2582 2850 rudibus
2621 2808 2688 2848 ac
2724 2790 2999 2862 imperitis
3039 2787 3127 2844 vel
3157 2801 3225 2842 ex
3266 2787 3386 2855 ipsa
3426 2798 3485 2836 re

1893 2891 2107 2963 liquido
2139 2896 2291 2960 patet
2321 2886 2494 2958 quod,
2542 2900 2670 2940 cum
2724 2884 2794 2939 ad
2847 2897 3005 2940 suam
3068 2878 3268 2935 reverti
3317 2876 3486 2932 vellet

1894 2983 2126 3058 gloriam
2159 2995 2286 3036 cum
2325 2976 2512 3040 Patre,
2567 2991 2689 3031 eam
2742 2975 2816 3030 ob
2861 2990 2979 3028 rem
3035 2969 3395 3041 diligentibus
3427 2982 3487 3022 se

196 3080 451 3149 ἀνοήτοις
500 3076 777 3147 συμφανὲς
836 3073 902 3126 δι’
953 3072 1118 3126 αὐτοῦ
1166 3069 1263 3124 τοῦ
1299 3067 1656 3139 πράγματος,
1715 3069 1791 3132 ὡς

1895 3072 2137 3146 gaudere
2161 3068 2354 3140 jussit,
2389 3066 2538 3121 hunc
2570 3064 2751 3135 ipsum
2785 3078 2950 3134 porro
2980 3076 3105 3116 cum
3138 3060 3262 3114 aliis
3288 3071 3488 3112 conso-

198 3171 435 3240 ἐπείπερ
491 3173 570 3233 είς
618 3170 716 3239 τὴν
772 3167 908 3220 ἰδίαν
959 3161 1116 3228 αὖθις
1157 3160 1592 3232 παλινδρομῆσαι
1625 3160 1784 3225 δόξαν

1893 3161 2120 3218 lationis
2154 3157 2379 3213 modum
2410 3151 2773 3224 excogitans?

201 3265 347 3334 μετὰ
385 3262 596 3334 [ἰατρὸς
650 3261 929 3331 ἠπείγετο,
965 3257 1175 3329 χαίρειν
1226 3253 1322 3307 ἐπὶ
1381 3252 1555 3322 τούτῳ
1589 3256 1700 3319 τοῖς
1758 3256 1922 3312 αὐτὸν
1954 3251 2215 3324 ἀγαπῶσι
2280 3246 2634 3310 διεκελεύετο,
2681 3243 3011 3313 ἁξιάγαστον
3081 3238 3242 3302 a616,;
3303 3235 3488 3299 αὐτοῖς

201 3355 606 3429 παρακλήσεως
637 3354 733 3408 καὶ
758 3352 948 3407 τοῦτον
981 3348 1122 3421 μετὰ
1153 3349 1262 3402 τῶν
1294 3346 1472 3401 ἄλλων
1495 3350 1792 3421 ἐπινοήσας
1827 3352 1922 3405 τὸν
1959 3348 2200 3419 τρόπον;

291 3448 449 3502 Ἀλλᾶ
505 3446 827 3516 παρήσομεν
879 3443 1041 3496 τοῦτο
1090 3445 1228 3510 νυνὶ,
1276 3445 1374 3498 καὶ
1424 3445 1546 3505 ταῖς
1587 3441 1799 3494 ἐκείνου

203 3537 659 3612 φρενοϐλαϐείαις
689 3535 750 3588 οὐ
811 3534 981 3597 πολὺς
1020 3533 1366 3604 ἐγκείσομαι.
1417 3531 1566 3601 Φημὶ
1600 3531 1656 3584 δὲ
1691 3530 1802 3583 δεῖν

204 3635 296 3686 ἐπ’
351 3633 534 3685 ὲκεῖνα
589 3628 789 3700 μᾶλλον
834 3627 1046 3680 ἐλθεῖν·
1109 3626 1262 3698 ᾠήθη
1295 3625 1402 3696 γὰρ
1435 3626 1566 3687 ἴσως
1587 3626 1655 3694 τῇ
1700 3623 1801 3692 τῆς

208 3725 461 3796 θεότητος
506 3722 666 3790 φύσει
725 3719 823 3790 τήν
859 3718 1040 3790 σάρκα
1080 3719 1498 3790 συγκρίνοντας,
1541 3715 1802 3786 ἀνόνητον

208 3817 404 3889 κομιδῇ
438 3814 710 3869 ποιεῖσθαι
746 3813 846 3884 τὴν
907 3813 1278 3879 ἀντεξέτασιν,
1314 3811 1406 3864 ὅτε
1464 3808 1802 3864 κεκενῶσθαι

208 3912 440 3982 λέγομεν
469 3909 560 3961 τὸν
589 3907 740 3974 Υίὸν,
798 3905 987 3976 ἐπειδὴ
1024 3905 1250 3974 γέγονεν
1291 3903 1598 3974 ἄνθρωπος.
1644 3901 1800 3970 Ἔχει

208 4005 266 4058 δὲ
292 4004 391 4073 οὐχ
411 4001 574 4064 οὕτω,
603 3999 768 4053 πόθεν
797 4016 812 4065 ;
841 3995 1114 4050 οίκετικοῦ
1165 3995 1223 4047 δὲ
1259 3993 1462 4065 μέτρου
1500 3991 1595 4045 καὶ
1615 3989 1800 4043 δουλο-

211 4095 459 4167 πρεποῦς
483 4091 794 4164 ἀξιώματος
814 4090 915 4159 τὴν
945 4089 1097 4142 θείαν
1143 4085 1394 4156 λέγοντες
1433 4083 1613 4148 δόξαν,
1633 4083 1803 4152 ἠλατ-

207 4188 417 4242 τῶσθαί
447 4203 629 4256 φαμεν
680 4183 774 4237 τοῦ
819 4181 1033 4252 Πατρδς
1079 4180 1170 4233 τὸν
1211 4179 1361 4244 Υίὸν,
1407 4175 1542 4229 καθὸ
1577 4174 1802 4244 γέγονεν

209 4281 520 4351 ἅνθρωπος,
545 4276 992 4347 ἀποκαταστῆσαί
1027 4293 1090 4344 γε
1130 4275 1237 4346 μὴν
1267 4275 1349 4337 είς
1380 4272 1443 4326 τὸ
1463 4265 1607 4324 εἶναι
1638 4269 1804 4323 πάλιν

210 4378 271 4445 έν
303 4375 405 4444 ἴσῳ
441 4374 521 4445 τῷ
560 4372 814 4442 φύσαντι,
873 4369 1014 4442 μετά
1061 4369 1160 4440 τὴν
1189 4366 1440 4421 ἐντεῦθεν
1467 4363 1804 4435 ἀποδημίαν,

210 4469 274 4522 οὔ
305 4467 520 4538 καινὴν,
554 4465 589 4535 ἦ
612 4465 926 4535 ἐπίκτητον,
967 4461 1090 4516 οὐδὲ
1128 4459 1273 4531 ἀήθη
1306 4457 1464 4523 δόξαν
1492 4455 1806 4526 ἠμφιεσμέ-

1979 3418 2181 3493 Verum
2250 3433 2357 3490 ista
2411 3441 2564 3484 nunc
2624 3423 2968 3486 omittemus,
3004 3435 3106 3475 nec
3151 3419 3300 3474 illius
3341 3418 3492 3471 insa-

1898 3534 2050 3588 niam
2107 3527 2343 3582 multum
2382 3522 2730 3594 urgebimus,
2760 3515 2846 3572 Ad
2880 3514 3015 3569 illud
3052 3512 3234 3583 potius
3260 3511 3490 3571 venien-

1901 3626 2035 3681 dum
2067 3633 2291 3684 censeo,
2325 3615 2472 3687 quod
2521 3613 2741 3684 putavit
2786 3624 2987 3666 vanam
3027 3623 3152 3662 esse
3195 3617 3488 3672 compara-

1898 3722 2104 3775 tionem
2135 3729 2242 3783 qua
2272 3709 2494 3766 deitatis
2526 3714 2738 3761 natura:
2776 3719 2908 3758 caro
2948 3705 3324 3770 comparatur,
3356 3712 3482 3750 cum

1900 3807 2244 3864 exinanitum
2266 3818 2391 3859 esse
2419 3799 2618 3854 Filium
2650 3796 2914 3859 dicimus,
2945 3790 3165 3863 quando
3190 3789 3369 3846 factus
3398 3796 3484 3849 est

1900 3899 2082 3954 homo.
2110 3895 2312 3951 Verum
2351 3908 2457 3947 non
2484 3894 2556 3946 ita
2575 3888 2748 3960 848
2776 3903 2864 3943 res
2889 3896 2976 3942 est
2999 3903 3011 3938 :
3038 3882 3222 3941 absit!
3254 3879 3351 3936 scd
3374 3895 3490 3935 ser-

1897 3990 2027 4046 vilis
2051 3982 2391 4042 conditionis
2409 3995 2474 4036 ac
2493 3977 2787 4048 dignitatis
2821 3974 3066 4030 divinam
3099 3969 3333 4040 gloriam
3362 3982 3488 4025 cum

1899 4082 2164 4141 dicimus.
2187 4077 2455 4131 minorem
2490 4086 2619 4128 esse
2647 4069 2810 4122 Patre
2841 4066 3040 4120 Filium
3072 4061 3401 4124 asserimus,
3438 4059 3491 4112 in

1901 4181 2169 4245 quantum
2192 4169 2376 4224 factus
2405 4175 2488 4222 est
2511 4165 2900 4224 homo,tamen
2921 4158 2977 4211 in
2996 4155 3179 4209 Patris
3205 4151 3494 4222 aequalita-

1905 4242 2015 4320 tem
2077 4261 2406 4317 restitutum.
2455 4270 2611 4318 esse,
2648 4260 2941 4322 postquam
2989 4247 3119 4304 hinc
3183 4244 3250 4299 ad
3321 4242 3495 4296 caelos

1905 4355 2178 4419 ascendit,
2207 4368 2320 4407 non
2349 4363 2512 4412 nova,
2535 4360 2718 4415 neque
2742 4340 3068 4404 adventitia,
3101 4353 3205 4393 nec
3227 4335 3494 4391 inusitata

1905 4445 2080 4517 gloria
2099 4445 2384 4507 vestitum,
2403 4439 2498 4496 sed
2523 4439 2615 4493 illa
2639 4437 2823 4492 denuo
2850 4434 3122 4488 fruentem
3157 4430 3212 4483 in
3237 4443 3343 4498 qua
3376 4435 3497 4482 erat

210 4579 325 4624 νον,
359 4560 476 4614 ἀλλ’
511 4561 568 4611 ὲν
592 4557 778 4630 ἐκείνῃ
808 4555 1071 4625 γεγονότα
1123 4553 1286 4606 πάλιν
1343 4552 1404 4604 ἐν
1444 4543 1590 4622 ᾖπερ
1637 4542 1707 4617 ἦν
1747 4547 1791 4599 Et

1905 4542 2066 4597 initio
2099 4554 2226 4594 cum
2260 4537 2446 4590 Patre.
2481 4531 2638 4588 Unde
2665 4528 2876 4582 Paulus
2918 4524 3113 4578 doctor
3144 4523 3237 4576 ille
3271 4520 3498 4575 divinus

212 4657 358 4726 ἀρχῇ
395 4653 531 4724 μετά
567 4651 661 4705 τοῦ
713 4649 944 4720 Πατρός.
973 4648 1085 4701 Καὶ
1109 4643 1239 4715 γοῦν
1261 4645 1288 4697 ό
1325 4643 1612 4705 θεσπέσιος
1640 4657 1780 4713 μυστ

1913 4634 2331 4691 convenientem
2389 4623 2713 4681 hominibus
2749 4617 3118 4674 humilitatem
3154 4629 3265 4668 non
3299 4614 3412 4684 jam
3444 4611 3496 4667 ei

2363 4722 2373 4726 -
2780 4722 2790 4726 _
2844 4713 2854 4722 .
3300 4720 3459 4726 ,μω

213 4748 469 4818 αγωγὸς,
507 4746 650 4815 φημὶ
680 4744 737 4797 δὲ
779 4744 870 4796 τὸν
921 4739 1166 4804 Παῦλον,
1195 4738 1295 4809 τὴν
1334 4736 1654 4808 πρέπουσαν
1694 4735 1810 4795 τοῖς

211 4839 523 4911 ἀνθρώποις
560 4835 892 4890 ταπείνωσιν
921 4831 1106 4885 οὐκέτι
1145 4827 1449 4901 περιτιθεὶς
1486 4825 1636 4896 αὐτῷ
1670 4823 1809 4895 μετὰ

215 4933 314 5006 τὴν
370 4935 436 4986 ὲκ
486 4930 698 5001 νεκρῶν
751 4928 1050 4982 ἀναϐίωσιν
1094 4926 1190 4978 καὶ¹
1241 4923 1342 4993 τὴν
1398 4921 1586 4976 ἄνοδον
1606 4919 1704 4988 τὴν
1729 4919 1809 4981 εἰς

211 5023 504 5096 οὐρανοὺς,
533 5017 837 5073 ἐπιστέλλει
882 5017 1100 5085 λέγων·
1135 5033 1154 5067 ‹
1187 5015 1251 5067 Εἰ
1279 5013 1387 5085 γὰρ
1425 5012 1523 5065 καὶ
1563 5009 1810 5079 ἐγνώκα-

217 5135 320 5188 μεν
350 5115 494 5169 κατὰ
519 5113 698 5184 σάρκα
737 5111 994 5180 Χριστὸν,
1022 5107 1160 5162 ἀλλά
1190 5105 1286 5160 νῦν
1327 5105 1512 5159 οὐκέτι
1538 5103 1808 5172 γινώσκο⁸

217 5221 340 5275 μεν.
387 5223 406 5256 ι
443 5203 578 5272 Περὶ
604 5202 661 5254 δὲ
701 5199 896 5253 ἑαυτοῦ
943 5198 1108 5251 πάλιν
1133 5218 1148 5231 ·
1191 5215 1210 5248 ι
1241 5195 1453 5258 Παῦλος
1509 5193 1812 5255 ἀπόστολος

227 5296 407 5360 Ἰησοῦ
426 5293 685 5366 Χριστοῦ,
699 5294 798 5346 οὐκ
816 5293 909 5347 ἀπ’
931 5289 1256 5362 ἀνθρώπων,
1273 5287 1394 5342 οὐδὲ
1410 5287 1478 5340 δι’
1491 5285 1808 5357 ἀνθρώπου,

215 5389 354 5444 ἀλλά
402 5386 494 5441 διὰ
525 5386 702 5458 Ἰησοῦ
732 5382 993 5456 Χριστοῦ.
1030 5401 1047 5433 ι
1080 5383 1277 5436 Καίτοι
1321 5379 1375 5432 τί
1407 5378 1610 5448 δήποτε
1645 5375 1809 5429 πάλιν

216 5479 380 5549 αὐτὸν
410 5479 546 5548 πρὸς
575 5479 721 5548 ἡμᾶς
746 5474 1036 5546 ἀφίξεσθαι
1051 5473 1226 5541 λέγων
1250 5466 1808 5542 μετασχηματιοῦντα

213 5575 281 5627 τδ
303 5573 468 5643 σῶμα
498 5570 595 5640 τῆς
621 5568 1004 5632 ταπεινώσεως
1035 5566 1192 5638 ἡμῶν
1237 5563 1562 5634 σύμμορφον
1591 5557 1670 5628 τῷ
1704 5558 1804 5610 σῶ-

289 5754 338 5796 07
377 5752 423 5818 ιι
455 5751 581 5810 Cor.
617 5769 671 5820 v,
711 5751 792 5809 ιθ.
874 5751 916 5784 ⁵⁸
953 5748 1131 5805 Galat.
1190 5761 1243 5814 ι,
1289 5745 1335 5802 Ι.

1908 4735 2036 4799 post
2074 4722 2542 4780 resurrectionem
2578 4731 2608 4769 a
2651 4713 2890 4768 mortuis
2924 4719 2980 4765 et
3010 4709 3064 4763 in
3093 4707 3264 4763 cmlos
3297 4720 3497 4761 ascen-

1909 4798 2121 4877 sionem
2183 4814 2516 4876 attribuens,
2570 4808 2764 4865 scribit
2819 4803 2880 4860 in
2929 4803 3048 4857 haec
3099 4799 3266 4856 verba
3317 4817 3329 4851 :
3379 4818 3397 4849 ι
3441 4798 3498 4852 Si

1907 4911 2054 4967 enim
2109 4903 2474 4976 cognovimus
2519 4897 2827 4956 secundum
2889 4907 3114 4949 carnem
3175 4888 3501 4953 Christum;

1911 5003 2007 5059 sed
2039 5014 2189 5056 nunc
2216 4998 2328 5068 jam
2359 5011 2469 5050 non
2510 4992 2771 5048 novimus
2803 4989 2870 5043 ⁸⁷.
2907 5009 2926 5040 ι
2954 4986 3178 5040 Rursus
3210 4993 3398 5038 autem
3434 4982 3502 5037 de

1907 5095 2096 5165 seipso
2129 5111 2144 5147 :
2183 5110 2200 5142 ι
2241 5090 2452 5143 Paulus
2499 5084 2800 5156 Apostolus
2833 5081 2964 5137 Jesu
3020 5076 3250 5143 Christi,
3287 5091 3398 5129 non
3436 5089 3500 5127 ex

1910 5186 2256 5247 hominibus,
2296 5196 2475 5252 neque
2521 5194 2621 5252 per
2673 5177 2981 5240 hominem,
3022 5173 3117 5228 sed
3165 5186 3266 5238 pPl‘
3312 5167 3501 5223 Jesum

1909 5280 2198 5336 Christum
2232 5277 2301 5330 σθ.
2351 5293 2368 5326 ι
2409 5273 2479 5328 At
2522 5287 2623 5326 cur
2661 5285 2786 5324 cum
2811 5283 2937 5324 eum
2970 5265 3036 5320 ad
3075 5280 3176 5319 nos
3206 5269 3499 5316 venturum

1908 5373 2140 5437 diceret,
2186 5377 2246 5425 ut
2273 5381 2480 5437 corpus
2522 5362 2852 5419 humilitatis
2888 5367 3093 5414 nostra:
3131 5353 3501 5423 contigurarct

1908 5465 2130 5537 corpori
2163 5464 2352 5534 gloria:
2380 5471 2496 5514 suae
2531 5458 2597 5523 ⁸³,
2637 5462 2800 5526 negat
2844 5451 3030 5512 modo,
3061 5449 3255 5503 dicens
3290 5460 3351 5499 se
3389 5459 3498 5498 non

1910 5559 1982 5614 ab
2011 5555 2352 5619 hominibus,
2379 5564 2561 5622 neque
2586 5563 2681 5619 per
2713 5543 3014 5606 hominem,
3051 5537 3144 5597 sed
3185 5551 3282 5606 per
3313 5531 3505 5591 Jcsum

1418 5747 1460 5777 εδ
1498 5738 1733 5810 Philipp.
1773 5751 1829 5793 ιιι
1856 5735 1991 5805 ,21.
