3892 6202
406 260 517 321 319

1436 260 1495 317 S.
1534 253 1813 316 CYRILLI
1851 248 2331 310 ALEXANDRINI
2366 247 2690 307 ARCHIEP.

3572 248 3695 307 520

407 381 695 439 Christum
739 381 979 437 electum
1034 378 1211 435 fuisse
1274 380 1331 434 in
1398 376 1817 449 apostolatum?
1848 372 2024 442 Quid.

2125 385 2233 423 ιατι
2260 368 2363 438 τῆς
2381 366 2543 437 δόξης
2571 364 2763 428 αὐτοῦ,
2793 362 2889 418 νῦν
2913 363 3223 436 ὲξαρνεῐται
3258 364 3435 435 λέγων
3463 364 3565 420 οὐκ
3586 367 3693 421 ἀπ’

409 482 617 541 autem,
652 488 863 546 quaso,
891 489 1017 530 eum
1053 488 1166 528 non
1215 486 1385 527 nosse
1415 470 1726 526 secundum
1768 481 1997 523 carnem

412 569 526 624 ait?
562 565 862 638 Nunquid,
910 567 1115 622 amabo
1162 575 1236 631 te,
1272 564 1564 619 Dominum
1623 562 1855 634 negavit
1904 560 1998 634 qui

409 673 533 714 eam
584 657 853 731 redemit?
876 656 1023 712 absit
1062 657 1076 710 l
1117 664 1269 711 recte
1315 654 1463 711 enim
1520 653 1689 725 sapit.
1748 650 2002 709 Perfecto

411 751 619 823 quippe
663 759 720 807 et
752 749 824 805 ad
869 749 1081 806 exitum
1134 747 1402 809 perducto
1450 757 1700 819 tempore
1746 747 2003 803 exinani-

414 838 588 895 tionis
614 839 733 896 sive
759 837 1166 894 humiliationis
1200 836 1503 910 Unigeniti,
1526 853 1635 895 non
1665 853 1730 893 ex
1756 853 1824 894 eo
1853 838 2004 910 quod

414 929 736 984 exinanitus
761 929 1032 993 cernitur,
1066 927 1163 984 sed
1201 943 1268 983 ex
1301 941 1369 983 eo
1403 928 1589 997 potius
1616 928 1764 998 quod
1797 943 2004 984 secun-

418 1021 548 1075 dum
578 1027 834 1075 naturam
862 1027 949 1075 est
1000 1018 1170 1086 Deus,
1192 1017 1496 1090 praedicare
1532 1019 1713 1090 ipsum
1745 1027 1804 1075 et
1832 1034 2006 1090 agno-

420 1129 579 1169 scere
634 1113 850 1169 nititur.
905 1111 1187 1169 Concessa
1241 1112 1390 1168 enim
1447 1122 1505 1167 et
1561 1111 1807 1169 admisso
1857 1112 2007 1182 quod

422 1206 587 1260 homo
619 1204 799 1262 lactus
837 1205 929 1270 sit,
959 1204 1100 1260 illud
1130 1204 1354 1261 demum
1390 1203 1574 1260 doceri
1606 1202 1796 1261 ﬁdeles
1839 1220 2008 1276 opor-

422 1297 594 1363 tebat,
636 1295 805 1352 Deum
866 1311 1089 1367 quoque
1140 1311 1266 1352 esse
1322 1296 1630 1352 secundum
1690 1305 2004 1353 naturam:

2100 459 2427 531 ἀνθρώπων,
2465 458 2590 512 οὐδὲ
2632 457 2701 511 δι’
2737 455 3054 529 ἀνθρώπου,
3105 458 3285 513 καίτοι
3333 472 3687 530 προκεχειρι-

2103 552 2303 626 σμένος
2352 554 2433 616 είς
2472 550 2780 621 ἀποστολὴν
2818 549 2909 604 διὰ
2966 549 3145 621 Ἰησοῦ
3199 548 3476 621 Χριστοῦς
3518 549 3583 604 Τί
3627 551 3690 605 δὲ

2102 645 2239 709 ὅλως
2302 644 2467 699 αὐτὸν
2508 642 2611 698 οὐκ
2665 640 2866 697 εἰδέναι
2909 640 3055 696 κατὰ
3103 641 3285 713 σάρκα
3320 642 3524 712 metu;
3557 638 3688 714 Ἆρ’

2103 732 2219 803 οὖν,
2267 736 2393 790 εἰπέ
2426 753 2538 806 μοι,
2574 734 2666 788 τὸν
2690 734 3041 805 ἀγοράσαντα
3071 733 3242 804 αὐτὴν
3273 734 3554 805 Δεσπότην
3585 735 3691 803 {79-

2104 831 2339 903 νήσατο;
2378 829 2455 899 μὴ
2483 828 2694 896 γένοιτο
2714 843 2728 857 ·
2758 829 2977 900 φρονεῖν
2999 826 3111 899 γάρ
3157 826 3355 900 ὀρθῶς.
3398 825 3695 880 Τετελειω-

2110 924 2272 997 μένου
2283 923 2392 994 7&9
2435 922 2541 993 ήδη
2583 922 2678 975 καὶ
2695 922 2777 985 είς
2800 919 2977 992 πέρας
2999 920 3228 990 ἥκοντος
3255 918 3350 972 τοῦ
3380 917 3571 990 καιροῦ
3597 918 3696 971 ἐπὶ

2102 1018 2206 1088 τῆς
2236 1016 2539 1088 νοουμένης
2566 1013 2646 1086 τῷ
2682 1016 2982 1082 Μονογενεῖ
3028 1012 3331 1078 κενώσεως,
3357 1013 3476 1085 ἦτοι
3499 1029 3696 1065 ταπει-

2107 1109 2350 1173 νώσεως,
2392 1109 2494 1163 οὐκ
2523 1108 2581 1172 ἐξ
2630 1101 2707 1161 ὧν
2745 1109 2939 1180 ὁρᾶται
2976 1107 3375 1176 κεκενωμένος,
3406 1104 3604 1176 μᾶλλον
3635 1104 3696 1157 δὲ

2109 1203 2170 1269 ὲξ
2189 1196 2266 1257 ὧν
2286 1203 2403 1256 ἐστι
2434 1201 2577 1255 κατὰ
2612 1200 2774 1270 φύσιν
2818 1201 2971 1267 Θεὸς,
3003 1198 3388 1270 διακηρύττειν
3433 1215 3494 1251 τε
3531 1197 3699 1252 αὐτὸν

2110 1298 2206 1351 καὶ
2226 1295 2611 1364 ἐπιγινώσκειν
2657 1295 2956 1364 ἐπείγεται.
3011 1293 3355 1357 Γνωσθέντος
3399 1293 3507 1364 γὰρ
3548 1292 3699 1358 ἅπαξ

422 1390 660 1459 ideoque
706 1387 919 1444 divinis
969 1389 1156 1459 potius
1208 1389 1278 1445 de
1327 1403 1394 1445 eo
1445 1389 1804 1446 sermonibus
1841 1407 2008 1461 quant

2125 1389 2208 1444 καὶ
2228 1388 2663 1462 παραδεχθέντος
2695 1386 2791 1440 τοῦ
2831 1387 2913 1440 ὁτι
2954 1385 3180 1454 γέγονεν
3226 1383 3533 1456 ἄνθρωπος,
3587 1381 3699 1436 ἔδει

421 1480 551 1535 aliis
577 1481 906 1536 oblectatur.
946 1478 1118 1535 Miror
1153 1488 1340 1536 autem
1384 1496 1497 1551 quo
1526 1491 1690 1552 pacto
1716 1497 1829 1537 non
1876 1498 2009 1538 eru-

2125 1482 2298 1536 λοιπὸν
2344 1481 2522 1535 ἐκεῖνο
2571 1477 2919 1533 διδάσκεσθαι
2951 1478 3079 1541 τοὺς
3115 1476 3568 1539 πεπιστευκότας,
3615 1475 3699 1527 ὁτι

420 1573 633 1635 bescat,
663 1572 856 1629 dicens
881 1572 1050 1645 quod,
1082 1589 1208 1629 cum
1241 1574 1364 1630 sola
1406 1574 1752 1646 homogenea
1785 1589 2012 1646 compa-

2125 1573 2209 1628 καὶ
2257 1571 2391 1636 Θεὸς
2431 1570 2572 1624 κατὰ
2630 1569 2797 1639 φύσιν
2835 1568 2986 1622 ἐστὶν
3007 1608 3021 1631 ,
3047 1567 3137 1620 διὰ
3173 1566 3331 1620 τοῦτο
3362 1566 3561 1637 μᾶλλον
3587 1568 3702 1629 τοῖς

422 1665 697 1721 rationem
731 1666 879 1721 inter
912 1681 974 1722 se
1017 1667 1350 1737 suscipiant,
1375 1668 1531 1738 ipsos
1574 1667 1741 1723 fateri
1779 1683 2013 1726 necesse

2125 1663 2450 1737 θεοπρεπέσι
2474 1664 2604 1735 περὶ
2626 1661 2792 1716 αὐτοῦ
2815 1661 3020 1728 λόγοις.
3044 1658 3077 1729 ἢ
3111 1662 3226 1722 τοῖς
3274 1658 3478 1729 ἑτέροις
3510 1658 3705 1727 ἐφήδε-

423 1756 499 1810 sit
545 1754 765 1811 Patrem
815 1758 1094 1829 Unigeniti
1147 1758 1357 1815 deitate
1396 1759 1665 1830 majorem
1709 1760 2006 1816 exsistere.

2125 1775 2228 1814 ται.
2266 1754 2546 1829 Θαυμάζω
2584 1754 2641 1809 δὲ
2695 1754 2845 1817 ὅπως
2900 1753 3001 1806 οὐκ
3059 1751 3309 1822 ἐρυθριᾷ,
3367 1751 3563 1818 λέγων,
3626 1750 3703 1814 ὡς

423 1847 548 1901 Non
579 1851 748 1904 sentit
770 1850 941 1916 enim,
976 1861 1036 1908 ut
1062 1853 1303 1918 videtur,
1339 1868 1440 1909 sua
1475 1867 1537 1910 se
1575 1853 1743 1909 verba
1793 1869 2012 1911 armare

2125 1849 2347 1919 ἐπείπερ
2371 1849 2507 1921 μόνα
2531 1848 2601 1902 τά
2630 1847 2867 1918 ὁμογενῆ
2891 1844 2989 1915 τὴν
3012 1844 3148 1913 πρὸς
3178 1843 3384 1913 ἄλληλα
3412 1843 3707 1914 σύγκρισιν

425 1940 483 1996 in
527 1942 794 2013 seipsum.
821 1943 1175 2016 Respondeat
1202 1948 1347 2003 enim
1380 1946 1735 2002 commodum
1767 1948 1819 2004 id
1852 1949 2014 2005 nobis

2125 1942 2449 2013 ἐπιδέχεται,
2471 1939 2687 2009 ἀνάγκη
2718 1938 2917 2000 αὐτοὺς
2950 1935 3305 2006 ὁμολογῆσαι,
3349 1936 3431 1989 ὁτι
3457 1936 3486 1987 ὁ
3513 1927 3708 2003 Πατὴρ

426 2036 845 2093 sciscitantibus
871 2056 885 2093 τ
917 2038 1032 2095 Illae
1074 2033 1545 2114 homogencorum
1575 2044 1722 2099 inter
1752 2057 1813 2098 se
1854 2058 2013 2099 com-

2125 2034 2325 2107 μείζων
2362 2035 2462 2104 τῆς
2506 2032 2600 2086 τοῦ
2625 2028 2964 2098 Μονογενοῦς
2997 2026 3253 2098 θεότητος
3300 2028 3557 2098 ὑπάρχει.
3587 2027 3707 2079 63x

425 2130 743 2200 parationes
772 2133 1105 2203 quibusnam
1130 2153 1198 2191 ex
1227 2137 1389 2193 rebus
1430 2138 1858 2193 convenientius
1887 2153 2014 2207 per-

2125 2125 2584 2196 αίσθάνεταιγὰρ,
2612 2124 2688 2187 ὡς
2720 2123 2889 2185 εἰκὸς,
2912 2120 3004 2175 τὸν
3032 2121 3235 2174 οἰκεῖον
3271 2120 3450 2190 ἑαυτῷ
3491 2120 3707 2186 ἐξοπλί-

426 2223 702 2292 aguntur?
726 2226 806 2280 An
843 2242 911 2282 ex
966 2226 1035 2283 iis
1086 2243 1209 2299 qua:
1266 2236 1397 2284 sunt
1438 2229 1597 2298 juxta
1649 2243 2013 2284 communem

2125 2236 2220 2285 σας
2246 2220 2426 2288 λόγον.
2458 2216 2680 2287 Λεγέτω
2709 2214 2820 2286 γὰρ
2858 2215 2994 2284 ἡμῖν
3040 2214 3219 2266 ἐκεῖνο
3245 2213 3532 2284 χρησίμως
3582 2212 3707 2284 ἐρέ-

426 2322 642 2370 natura:
674 2317 981 2373 rationem?
1013 2335 1081 2373 an
1109 2335 1177 2375 ex
1216 2320 1283 2377 iis
1313 2334 1435 2392 quae
1462 2320 1627 2377 habet
1660 2323 2017 2394 unumquod-

2125 2311 2246 2366 σθαι
2298 2308 2681 2382 βουλομένοιςο
2732 2306 2798 2359 Αἱ
2837 2303 2975 2375 πρὸς
3023 2302 3230 2373 ἄλληλα
3288 2300 3398 2357 τῶν
3443 2300 3713 2370 ὁμοειδῶν

427 2421 536 2476 que
582 2422 775 2463 eorum
827 2425 951 2481 quae
1012 2411 1219 2468 adsunt
1268 2390 1347 2469 et?
1379 2414 1617 2477 absunt,
1674 2390 2018 2472 inexsistunt

2125 2401 2438 2474 συγκρίσεις
2480 2397 2589 2453 ἀπὺ
2644 2395 2817 2449 ποίων
2877 2391 3078 2463 μᾶλλον
3121 2390 3453 2446 ὲπιτελοῖντο
3487 2407 3711 2460 πρεπωο

426 2506 483 2554 et
515 2515 626 2555 non
664 2502 1003 2558 inexsistnnt
1035 2504 1222 2572 justas
1255 2506 1328 2560 ob
1367 2507 1603 2561 causas?
1629 2504 1795 2563 Verbi
1838 2509 2017 2579 gratia

2125 2494 2409 2566 Bécrrepov;
2442 2487 2571 2563 'Ap’
2606 2490 2665 2556 ἐξ
2690 2481 2766 2542 ὧν
2797 2488 2926 2548 είσι,
2959 2485 3102 2540 κατά
3142 2502 3208 2554 γε
3243 2483 3334 2537 τὸν
3356 2483 3456 2554 τῆς
3488 2481 3712 2552 φύσεως

430 2593 599 2662 (idem
638 2596 784 2650 enim
836 2598 1147 2667 exemplum
1206 2597 1431 2653 aﬂeram
1470 2601 1620 2669 quod
1675 2601 1796 2671 ipse
1840 2573 2017 2659 nobis

2125 2586 2300 2642 κοινὸν
2332 2584 2511 2653 λόγον,
2533 2582 2567 2655 ἥ
2591 2581 2650 2649 ἐξ
2696 2573 2773 2635 ὧν
2803 2579 3037 2633 ἕκαστον
3074 2577 3190 2648 ἔχει
3219 2575 3328 2629 τῶν
3350 2576 3452 2630 ὅσα
3472 2573 3713 2645 προσγί-

429 2687 707 2758 protulit),
731 2688 777 2744 si
807 2690 933 2760 quis
957 2690 1234 2747 hominem
1270 2692 1482 2748 homini
1516 2709 1842 2764 comparare
1863 2696 2015 2761 velit,

2125 2678 2270 2735 νεταί
2313 2695 2375 2731 τε
2425 2676 2521 2731 καὶ
2579 2674 2937 2743 ἀπογίνεται,
3002 2669 3297 2740 ἐνυπάρχει
3355 2683 3417 2719 τε
3465 2666 3561 2720 καὶ
3607 2666 3717 2718 οὐκ

431 2780 502 2835 ad
537 2795 702 2835 unam
732 2789 790 2837 et
817 2798 1169 2839 communem
1203 2785 1527 2841 substantia:
1546 2786 1715 2859 85.9
1744 2789 2017 2845 rationem

2125 2770 2444 2841 ἐνυπάρχει,
2468 2767 2537 2822 δι’
2568 2766 2752 2829 αίτίας
2798 2762 3094 2831 εὐλόγους;
3129 2755 3255 2813 Οἷον
3290 2758 3348 2813 δὲ
3394 2757 3459 2828 δή
3489 2756 3543 2810 τί
3566 2774 3711 2827 φημι

429 2870 764 2942 respiciens,
807 2873 1015 2927 nullam
1066 2875 1121 2928 in
1174 2883 1411 2946 utroque
1465 2851 1704 2947 reperi-et
1755 2878 2022 2936 diﬂ'eren-

2125 2862 2472 2937 (παραθήσω
2522 2860 2635 2932 γὰρ
2696 2858 2875 2912 ἐκεῖνο
2923 2853 3105 2909 λαϐὼν
3153 2854 3294 2923 ὅπερ
3351 2851 3514 2916 αὐτὸς
3573 2852 3711 2922 ήμίν

433 2964 592 3019 tiatn.
614 2963 728 3021 Nec
763 2966 911 3021 enim
953 2967 1119 3024 homo
1148 2942 1335 3023 differt
1369 2970 1438 3023 ab
1471 2942 1717 3035 homine,
1744 2982 2021 3043 quatenus

2125 2956 2508 3027 είσκεκὸμικεν
2557 2953 2638 3015 εἰς
2697 2946 3143 3020 παραδείγματος
3191 2943 3389 3014 λόγον),
3420 2943 3586 3005 εἴτις
3616 2942 3711 2995 άν-

434 3065 521 3113 est
564 3058 770 3113 animal
808 3060 1040 3114 rationis
1076 3076 1305 3129 compos
1328 3103 1344 3126 ,
1380 3062 1633 3132 mortale,
1676 3033 2021 3134 intelligendi

2126 3049 2331 3123 θρώπῳ
2362 3048 2454 3101 τὸν
2478 3044 2766 3115 ἄνθρωπον
2817 3040 3074 3110 ἐθελήσαι
3122 3035 3455 3107 συγκρίνειν,
3491 3034 3573 3097 είς
3611 3033 3721 3104 μὲν

435 3156 493 3205 et
520 3150 733 3207 sciendi
763 3167 938 3222 capax
974 3153 1135 3208 :hzec
1184 3154 1332 3208 enim
1379 3154 1436 3209 in
1472 3155 1736 3212 omnibus
1783 3172 1893 3212 una
1935 3165 2024 3213 est

435 3243 615 3315 ipsius
638 3244 965 3301 substantiae
984 3244 1266 3314 deﬁnitio;
1293 3246 1389 3302 sed
1421 3263 1525 3303 nec
1554 3264 1736 3318 equus
1763 3249 1834 3305 ab
1852 3266 2020 3321 equo,

436 3352 544 3408 qua
575 3335 843 3392 nimirum
873 3345 960 3394 est
992 3354 1206 3409 equus;
1236 3339 1334 3395 sed
1367 3339 1649 3397 hominem
1696 3342 1767 3397 ab
1799 3343 2027 3399 homine

436 3429 660 3487 differre
682 3430 923 3486 dicimus
951 3431 1100 3503 quod
1126 3431 1217 3487 hic
1247 3433 1867 3503 grammaticam,verbi
1901 3450 2027 3504 gra-

436 3524 538 3589 tia,
580 3524 803 3589 calleat,
850 3523 946 3579 ille
996 3539 1109 3579 non
1163 3524 1315 3584 item.
1349 3531 1447 3578 aut
1502 3525 1685 3582 modis
1745 3527 2027 3597 aliquibus

438 3618 586 3674 aliis.
616 3617 784 3688 Atqui
822 3615 939 3673 haec
974 3626 1097 3673 non”
1116 3618 1394 3687 attingunt
1422 3618 1813 3684 substantiam,
1835 3635 2025 3675 verum

440 3708 606 3763 aliam
635 3707 825 3779 potius
859 3723 1088 3763 causam
1118 3715 1282 3762 nacta
1311 3706 1600 3763 videntur.
1625 3706 1733 3762 Sed
1763 3716 1819 3764 et
1848 3724 2028 3780 equus

438 3814 586 3871 equo
611 3799 855 3855 velocior
883 3807 989 3855 est.
1021 3806 1116 3853 aut
1148 3813 1385 3869 corpore
1433 3800 1639 3866 minor,
1678 3807 1775 3856 aut
1808 3801 2026 3873 major;

440 3900 825 3948 verumtamen
871 3893 991 3948 haec
1028 3890 1083 3945 in
1136 3892 1357 3948 ratione
1383 3892 1718 3949 substantiae
1748 3892 1859 3949 sita
1905 3910 2031 3951 esse

441 3999 555 4039 non
589 3985 1016 4055 comperiemus.
1038 3982 1261 4054 Alioqui
1291 3983 1440 4039 enim
1473 3998 1597 4054 quae
1625 3983 1772 4039 inter
1804 3991 1867 4040 se
1894 3998 2033 4041 con-

444 4077 700 4134 feruntur
729 4077 882 4132 nullo
909 4077 1075 4133 modo
1109 4077 1348 4133 invicem
1398 4076 1705 4131 diﬂ‘errent.
1738 4077 2031 4144 Quomodo

440 4172 590 4227 enim
631 4171 819 4235 homo,
852 4170 1007 4226 verbi
1036 4169 1237 4241 gratia,
1267 4168 1452 4224 minor
1479 4180 1572 4225 aut
1601 4169 1778 4242 major
1806 4169 2033 4225 homine

443 4266 552 4322 alio
584 4272 931 4329 censeretur,
960 4264 1018 4319 in
1059 4270 1333 4334 quantum
1377 4272 1507 4319 sunt
1557 4263 1853 4319 homines?
1881 4263 2031 4331 Qua-

445 4366 671 4430 propter
708 4358 763 4413 in
799 4357 1060 4413 omnibus
1095 4356 1458 4427 homogeneis
1485 4355 1719 4427 aequalia
1755 4364 1890 4413 sunt
1934 4371 2033 4409 na-

446 4451 682 4517 turalia;
721 4448 944 4504 diversa
992 4456 1176 4502 autem
1228 4445 1591 4516 reperiuntur
1644 4459 1768 4516 quae
1821 4444 2033 4501 inexsi-

448 4553 622 4607 stunt,
645 4552 704 4600 et
726 4540 1035 4598 secundum
1059 4538 1368 4595 accidentis
1387 4538 1659 4592 rationem
1685 4536 2034 4592 extrinsecus

447 4635 771 4691 adveniunt.
803 4632 1005 4704 Igitur,
1037 4645 1165 4684 cum
1216 4629 1372 4699 juxta
1416 4628 1568 4683 illius
1597 4626 2033 4698 propositionem

447 4734 543 4782 aut
589 4725 921 4782 sententiam
961 4721 1115 4793 (huic
1151 4720 1301 4775 enim
1336 4718 1639 4789 insistam),
1685 4718 1804 4773 sola
1836 4717 2034 4772 homo-

448 4834 620 4890 genea
647 4814 1122 4887 comparationem
1155 4812 1300 4867 inter
1334 4825 1395 4867 se
1423 4810 1650 4882 proprie
1694 4808 2031 4878 suscipiant,

449 4910 690 4980 primum
742 4908 983 4961 fateatur
1013 4904 1217 4959 Filium
1252 4903 1503 4973 ejusdem
1550 4917 1679 4958 esse
1706 4916 1834 4956 cum
1874 4899 2036 4956 Patre

448 5000 687 5073 generis,
713 4999 768 5054 id
801 5007 891 5055 est
921 4996 1452 5053 consubstantialem
1483 4995 1589 5065 (sic
1619 4994 1767 5051 enim
1801 4994 2036 5063 capien—

447 5101 580 5155 dum
630 5104 716 5153 est
768 5095 1171 5166 homogeneum
1207 5110 1223 5147 :
1263 5091 1545 5147 hominem
1612 5090 1761 5146 enim
1825 5088 2036 5144 homini

447 5187 761 5261 comparari
791 5186 997 5242 debere
1027 5183 1212 5241 fassus
1239 5189 1345 5245 est,
1368 5191 1424 5238 et
1451 5196 1655 5252 equum
1684 5180 1874 5252 equo),
1899 5195 2037 5234 cau-

450 5297 679 5355 samque
723 5279 948 5336 tandem
987 5277 1205 5339 doceat,
1229 5276 1303 5331 ob
1336 5289 1505 5346 quam
1538 5272 1731 5336 Filius,
1764 5272 1860 5344 qui
1904 5287 2030 5327 cum

453 5373 563 5433 Deo
617 5387 683 5429 ac
737 5371 902 5428 Patre
946 5374 1325 5440 comparatur,
1366 5372 1561 5436 utpote
1606 5363 1852 5434 ejusdem
1903 5377 2030 5417 cum

451 5467 575 5538 ipso
625 5463 867 5537 generis,
894 5462 1081 5532 aliqua
1132 5474 1202 5515 ex
1248 5467 1408 5529 parte
1438 5458 1621 5513 minor
1656 5457 1746 5511 sit.
1792 5455 2029 5512 Ubinam

452 5567 636 5615 autem
663 5557 931 5612 minorem
970 5568 1096 5609 esse
1126 5552 1552 5621 comperiemus,
1580 5564 1705 5602 cum
1748 5547 1803 5602 in
1841 5548 2033 5601 homo-

453 5650 644 5722 geneis
676 5663 786 5705 una
808 5649 882 5704 sit
910 5646 1165 5703 deﬁnitio
1189 5639 1732 5701 substantiae?Ratio
1758 5638 1906 5695 enim
1938 5653 2037 5692 cu-

454 5743 656 5817 jusque
687 5738 1011 5801 suhstantia:
1051 5739 1108 5796 in
1147 5736 1477 5810 quibusdam
1519 5734 1785 5806 perlecta,
1822 5731 1878 5786 in
1914 5728 2039 5784 aliis

2127 3145 2219 3199 τὸν
2246 3143 2343 3196 ἕνα
2375 3138 2471 3194 καὶ
2533 3135 2712 3192 κοινὸν
2761 3133 2862 3204 τῆς
2925 3130 3114 3194 οὐσίας
3171 3127 3487 3197 ἀποϐλέψας
3532 3127 3713 3193 λόγον,

2127 3232 2387 3305 οὐδεμίαν
2420 3229 2508 3284 ἐπ’
2550 3228 2754 3299 ἀμφοῖν
2805 3222 2959 3294 εὐροι
2990 3221 3275 3292 διαφοράν.
3306 3219 3446 3274 υύδὲ
3482 3219 3594 3290 γὰρ
3618 3218 3716 3272 ἄν.

2129 3324 2345 3398 θρωπος
2376 3318 2665 3390 ἀνθρώπου
2688 3316 2878 3372 διοίσει
2915 3314 3051 3368 ποτὲ
3075 3315 3219 3369 κατά
3237 3330 3302 3382 γε
3325 3312 3389 3366 τὸ
3413 3306 3552 3365 εἶναι
3574 3309 3725 3374 ζῶον

2127 3397 2365 3486 λογικὸν,
2394 3412 2611 3485 θνητὸν,
2642 3408 2735 3464 νοῦ
2777 3408 2872 3462 καὶ
2903 3406 3217 3478 ἐπιστήμης
3248 3404 3519 3459 δεκτικόν.
3547 3397 3719 3464 Οὗτος

2129 3511 2239 3583 7&9
2280 3510 2339 3563 ὲν
2376 3507 2579 3562 ἅπασιν
2624 3498 2705 3568 εἷς
2749 3519 2810 3556 τε
2853 3502 2954 3572 τῆς
2980 3498 3171 3563 οὐσίας
3197 3498 3370 3569 αὐτῆς
3415 3497 3561 3568 ὄρος
3597 3494 3718 3583 άλλ’

2128 3582 2237 3656 οὐδ’
2270 3602 2435 3662 ἵππος
2466 3596 2658 3660 ἵππου,
2687 3595 2808 3648 κατ’
2839 3590 2971 3646 αὐτό
2997 3607 3061 3660 γε
3086 3589 3248 3644 τοῦτο
3277 3588 3342 3642 τὸ
3377 3588 3545 3651 ἵππος
3575 3582 3719 3641 εἶναί

2130 3711 2297 3765 φημι.
2330 3690 2622 3762 Διαφέρειν
2657 3687 2715 3741 δὲ
2757 3684 3042 3756 ἄνθρωπον
3086 3680 3376 3751 ἀνθρώπου
3403 3719 3420 3743 ,
3470 3678 3593 3732 καθ’
3619 3679 3720 3749 ἦν-

2130 3803 2255 3841 τινα
2290 3780 2384 3839 οὖν
2412 3780 2747 3852 ἐπιστήμην,
2766 3771 2880 3832 οἷον
2904 3772 3324 3847 γραμματικὴν,
3373 3770 3407 3842 ἢ
3452 3770 3549 3825 καὶ
3595 3770 3719 3824 καθ’

2132 3879 2356 3950 ἑτέρους
2381 3875 2534 3940 τινὰς
2562 3870 2868 3928 τοιουτουσὶ
2910 3869 3170 3940 τρόπους.
3225 3865 3386 3920 Ἀλλὰ
3418 3864 3594 3919 ταῦτα
3620 3864 3723 3936 μὲν

2131 3969 2233 4039 οὐχ
2252 3967 2451 4036 ἅψεται
2483 3964 2584 4035 τῆς
2608 3961 2817 4025 οὐσίας,
2857 3957 3039 4011 αἰτίαν
3062 3956 3122 4010 δὲ
3173 3955 3376 4026 μᾶλλον
3404 3954 3597 4024 ἑτέραν
3621 3953 3719 4007 λα⁸

2134 4062 2298 4133 χὸντα
2322 4057 2598 4128 φαίνεται.
2639 4052 2799 4107 Ἀλλὰ
2827 4050 2923 4105 καὶ
2974 4050 3142 4112 ῖππος
3179 4047 3279 4119 μὲν
3306 4047 3475 4100 ἵππου
3533 4044 3723 4116 δρομι-

2135 4154 2397 4224 κώτερος,
2429 4150 2464 4222 ἢ
2504 4146 2648 4202 κατὰ
2690 4144 2852 4216 σῶμα
2897 4141 3067 4214 μείων
3113 4141 3147 4211 ἢ
3198 4137 3723 4211 περιλιπηθέστερος

2138 4247 2252 4320 [γρ.
2280 4236 2779 4316 περιλιπέστερος],
2808 4234 2946 4306 πλὴν
2968 4232 3067 4304 τὴν
3083 4233 3141 4286 ὲν
3167 4231 3380 4294 τούτοις
3408 4228 3724 4320 πλεονεξίαν

2135 4319 2257 4410 ήτοι
2284 4336 2386 4406 τὴν
2417 4333 2714 4387 ἐλάττωσιν
2736 4328 2838 4380 οὐκ
2872 4327 2930 4379 ὲν
2968 4325 3080 4396 ὅρῳ
3109 4323 3370 4394 κειμένην
3397 4320 3476 4392 τῷ
3504 4320 3609 4391 τῆς
3630 4319 3721 4373 οὐ-

2064 4411 2109 4466 D
2138 4432 2260 4494 σίας
2302 4428 2638 4500 εὑρήσομεν·
2674 4421 2708 4494 ἢ
2743 4420 2854 4492 7&9
2892 4419 2961 4474 ἂν
3003 4417 3125 4472 κατ’
3165 4415 3319 4470 οὐδὲν
3362 4412 3611 4483 ἀλλήλων
3644 4413 3723 4466 δι-

2132 4526 2331 4597 ήνεγκε
2346 4521 2417 4574 τὰ
2437 4520 2518 4581 είς
2537 4516 2823 4588 σύγκρισιν
2843 4511 3205 4567 ἀναϐαίνοντα
3220 4509 3319 4580 τὴν
3340 4507 3475 4578 πρὸς
3494 4506 3719 4577 ἄλληλα.

2131 4616 2320 4672 Μείων
2357 4613 2468 4685 γὰρ
2488 4609 2775 4682 ἄνθρωπος
2802 4604 3095 4677 ἀνθρώπου
3134 4603 3298 4673 τυχὸν
3322 4601 3491 4672 ἤγουν
3514 4600 3579 4652 τὸ
3608 4601 3723 4667 μεῖο

2133 4710 2227 4776 ζον
2251 4708 2414 4780 ἔχων,
2458 4704 2705 4775 καθόπερ
2763 4700 2900 4754 εἰσιν
2956 4697 3261 4770 ἄνθρωποι,
3308 4694 3426 4759 πῶς
3477 4692 3546 4747 ἂν
3589 4693 3724 4756 ὅλως

2134 4804 2309 4857 νοοῖτο
2338 4798 2435 4853 καὶ
2465 4796 2679 4864 λέγοιτο
2702 4812 2717 4859 ;
2744 4790 2976 4856 Οὐκοῦν,
3015 4791 3074 4842 ὲν
3116 4788 3218 4858 ῐσῳ
3246 4788 3429 4858 μέτρῳ
3457 4787 3593 4839 πᾶσι
3617 4787 3727 4846 τοῖς

2133 4892 2405 4967 ὁμοειδέσι
2427 4890 2499 4945 τὰ
2526 4888 2752 4959 φυσικὰ,
2791 4885 3027 4956 διάφορα
3060 4883 3116 4936 δὲ
3141 4882 3210 4936 τὰ
3232 4880 3421 4935 ἐνόντα
3450 4878 3726 4947 φαίνεται,

2133 4986 2231 5042 καὶ
2281 4984 2426 5038 κατὰ
2473 4982 2567 5036 τὸν
2618 4978 2716 5033 τοῦ
2750 4975 3162 5047 συμϐεϐηκότος
3206 4970 3407 5038 ἔξωθεν
3426 4969 3728 5038 ὲγκείμενα

2133 5081 2313 5149 λόγον.
2345 5075 2579 5140 Οὐκοῦν,
2602 5072 2901 5143 ἐπειδήπερ
2928 5068 3069 5123 κατὰ
3098 5067 3197 5138 τὴν
3216 5063 3426 5119 ἐκείνου
3459 5062 3729 5134 πρότασιν

2133 5173 2255 5244 ήτοι
2276 5169 2461 5242 φωνὴν
2491 5164 2829 5240 (ἀνθέξομαι
2852 5162 2963 5235 γὰρ
2990 5158 3186 5230 αὐτῆς)
3215 5156 3353 5229 μόνα
3383 5153 3454 5209 τὰ
3485 5152 3729 5225 ὁμογενῆ

2138 5266 2237 5338 τὴν
2257 5264 2396 5337 πρὸς
2434 5260 2641 5331 ἄλληλα
2699 5259 2987 5330 σύγκρισιν
3020 5252 3351 5322 οίκειότερον
3389 5247 3725 5338 ἐπιδείξεται,

2138 5335 2476 5427 ὁμολογείτω
2530 5350 2751 5422 πρῶτον
2796 5347 2874 5411 ὡς
2932 5344 3201 5415 ὁμογενὴς
3251 5343 3399 5395 ἐστιν
3430 5340 3460 5393 ὁ
3498 5339 3525 5390 ἱ
3548 5337 3630 5400 ιδς
3649 5335 3729 5427 τῷ

2142 5425 2338 5519 llas-91,
2371 5441 2516 5497 τοῦτ’
2539 5441 2708 5503 ἐστιν,
2737 5436 3024 5509 ὁμοούσιος
3045 5450 3060 5465 θ
3093 5431 3238 5486 οὕτω
3268 5428 3377 5499 γὰρ
3421 5425 3731 5519 νοήσειςᾼτδ

2143 5514 2431 5611 ὁμογενὲς·
2491 5533 2779 5603 ἄνθρωπον
2830 5527 2942 5599 7&9
3005 5520 3282 5608 ἀνθρώπῳ
3337 5514 3731 5611 συγκρίνεσθαι

2084 5647 2087 5649 '
2143 5598 2618 5696 Seiv~é6oxittaaav,
2649 5620 2786 5675 ἀλλὰ
2805 5619 2900 5673 καὶ
2912 5598 3078 5670 ἵππον
3100 5598 3293 5684 ἴππῴ)·
3320 5610 3413 5665 καὶ
3431 5608 3734 5663 διδασκέτω

2144 5722 2328 5776 λοιπὸν
2368 5720 2464 5791 τὴν
2513 5714 2690 5771 αἰτίαν
2723 5712 2789 5767 δι’
2825 5711 2891 5782 ἢν
2929 5710 2956 5763 ὁ
2986 5708 3062 5779 τῷ
3106 5705 3225 5778 Θεῷ
3254 5704 3347 5759 καὶ
3376 5701 3552 5777 Πατρὶ
3601 5716 3734 5769 συγ-
