3892 6202
234 375 334 430 Sil

1289 368 1362 424 IN
1391 367 1674 424 JOANNIS
1714 368 2161 425 EVANGELIUM
2200 366 2328 425 LIB.
2366 368 2436 423 Χ.

3389 348 3496 431 aee

235 489 555 561 κρινόμενος
596 487 745 551 Υἱὸς,
800 487 875 550 ὡς
923 485 1189 556 ὁμογενὴς
1230 484 1399 556 αὐτῷ,
1447 486 1547 556 τὴν
1588 488 1725 541 κατά
1762 505 1815 539 τι

1922 486 2240 556 imperfecta
2272 500 2380 539 non
2429 483 2697 548 cernitur,
2725 481 2823 539 sed
2865 496 2973 538 una
2999 491 3054 539 et
3086 484 3316 556 atqualis
3345 486 3498 542 vide-

234 580 364 648 γοῦν
387 579 681 632 ἐλάττωσιν
710 579 844 647 ἔχει.
903 578 1014 630 Ποῦ
1068 578 1125 629 δὲ
1185 578 1251 629 τὸ
1296 581 1447 648 μεῖον
1485 579 1813 648 εὑρήσομεν,

233 673 324 726 ὅτε
351 675 462 734 τοῖς
494 671 809 741 όμογενέσιν
843 665 923 733 εἷς
955 670 1020 723 ἂν
1045 670 1278 741 ὑπάρχοι
1307 673 1406 740 τῆς
1436 672 1627 736 οὐσίας
1657 674 1812 743 ὄρος;

248 764 520 832 Ἐκάστης
548 764 657 833 γὰρ
683 762 871 825 οὑσίας
906 762 935 814 6
973 763 1100 833 περί
1126 762 1295 833 αὐτῆς
1323 762 1482 831 λόγος
1522 764 1584 814 οὐ
1615 763 1816 826 τέλειος

239 858 340 927 μὲν
367 857 424 909 ἐν
451 875 613 921 τισιν,
668 857 862 928 ἀτελὴς
895 857 950 910 δὲ
1002 860 1059 911 ὲν
1099 858 1273 930 ἑτέρῳ
1302 858 1574 928 φαίνεται,
1602 859 1717 912 ἀλλ’
1736 853 1817 922 εἷς

236 947 333 999 καὶ
363 948 476 1009 ἶσος
499 947 591 999 ἐπὶ
615 949 835 1000 πάντων
868 949 1122 1016 φαίνεται
1146 965 1159 979 ·
1197 949 1376 1013 αἰτίας
1408 966 1472 1019 γε
1498 951 1604 1021 μὴν
1625 950 1816 1020 ἐτέρας

234 1039 385 1108 ἔχειν
412 1040 591 1109 φαμὲν
610 1040 720 1093 τῶν
742 1038 1170 1110 συμϐεϐηκότων
1216 1042 1471 1106 ἕκαστον,
1504 1043 1622 1113 ἦτοι
1648 1059 1817 1115 προσ-

236 1128 541 1197 γεγονότων
564 1129 685 1182 καθ⁹
709 1129 1041 1200 όνδηποτοῦν
1066 1131 1288 1201 τρόπον.
1316 1132 1457 1184 Αὑτὸ
1489 1132 1548 1185 δὲ
1569 1132 1633 1199 δὴ
1654 1134 1817 1186 πάλιν

237 1219 382 1291 ὑπὲρ
410 1221 707 1290 σαφηνείας
725 1221 834 1273 τῶν
857 1222 1165 1292 εἰρημένων
1192 1221 1253 1274 τὸ
1279 1222 1339 1287 ἐξ
1364 1224 1540 1294 ἀρχῆς
1570 1225 1817 1295 παροίσω

239 1314 610 1384 παράδειγμα.
650 1314 973 1384 Ἀνθρωπος
1022 1314 1120 1385 μὲν
1153 1314 1442 1385 ἀνθρώπου
1485 1316 1672 1371 διοίσει
1719 1318 1817 1385 μὲν

238 1404 376 1467 ὅλως
403 1405 573 1467 οὐδὲν,
636 1406 879 1477 καθόπερ
924 1407 1063 1458 εἰσὶν
1102 1405 1381 1476 ἄνθρωποι
1415 1409 1606 1477 τυχόν·
1644 1408 1818 1461 ἀλλ”ό

242 1496 344 1564 μέν
366 1497 449 1559 τίς
512 1498 659 1549 ἐστιν
708 1497 957 1567 εὐσεϐὴς,
1006 1499 1034 1550 ό
1082 1496 1137 1550 δὲ
1181 1498 1470 1563 κακόνους,
1523 1500 1619 1552 καί⁸
1665 1502 1817 1571 ὁμὲν

239 1587 471 1659 ἀσθενὴς
503 1589 596 1640 καὶ¹
618 1588 992 1658 λελωϐημένος
1030 1588 1091 1641 τὸ
1132 1589 1310 1658 σῶμα,
1345 1590 1483 1654 σῶος
1519 1592 1575 1644 δὲ
1616 1594 1708 1645 καὶ
1724 1593 1816 1645 εὑ-

240 1696 448 1749 ρωστος
464 1680 674 1750 ἕτερος,
702 1683 796 1734 καὶ
829 1683 858 1734 6
892 1682 990 1751 μέν
1033 1699 1116 1745 τις
1143 1681 1433 1752 βάσκανος,
1458 1685 1487 1737 6
1513 1684 1569 1737 δὲ
1594 1684 1814 1752 ἁγαθός.

250 1771 393 1823 Ἀλλ’
444 1774 571 1826 ὅταν
623 1790 706 1837 τις
754 1774 960 1826 τούτων
1003 1774 1101 1837 τὰς
1133 1775 1313 1837 αἰτίας
1367 1776 1610 1845 ἀκριϐῶς
1643 1794 1817 1829 κατα-

1918 582 2011 627 tur
2040 576 2093 628 in
2126 574 2389 628 omnibus
2427 592 2440 627 :
2472 588 2674 628 causas
2713 580 2898 628 tamen
2946 573 3084 629 alias
3126 577 3497 647 contingenti-

1921 666 2040 728 bus,
2068 674 2166 718 aut
2188 665 2269 721 .iis
2303 681 2424 735 quae
2454 664 2655 734 quovis
2683 663 2846 720 modo
2876 664 3161 730 accidunt,
3190 682 3315 723 esse
3356 668 3498 723 dici-

1920 773 2064 813 mus.
2110 757 2268 823 Quod
2326 767 2384 811 ut
2431 765 2639 823 pateat,
2673 766 2798 812 utar
2833 758 3085 828 exemplo
3140 758 3252 829 jam
3307 759 3495 815 allato.

1918 848 2097 903 llomo
2140 849 2290 904 enim
2359 849 2429 903 ab
2481 849 2704 905 homine
2751 850 2906 905 nullo
2961 850 3129 906 modo
3178 851 3385 919 differt,
3442 856 3497 908 in

1918 951 2185 1013 quantum
2219 951 2349 997 sunt
2388 942 2643 997 homines
2676 961 2689 996 :
2726 942 2821 997 sed
2862 942 2954 997 hic
2983 944 3202 1013 quidem
3234 953 3319 1000 est
3350 945 3494 1015 pius,

1918 1034 2012 1088 ille
2069 1048 2345 1102 nequam;
2403 1033 2494 1088 hic
2541 1032 2797 1089 inﬁrmus
2847 1048 2913 1088 ac
2967 1049 3203 1106 corpore
3246 1037 3497 1099 mutilus,

1919 1128 2058 1182 alter
2089 1126 2280 1181 ﬁrmus
2330 1139 2394 1179 ae
2426 1140 2628 1192 sanus;
2668 1126 2761 1181 ille
2816 1127 3045 1197 probus,
3076 1127 3165 1183 hic
3202 1130 3495 1200 malignus.

1920 1220 2027 1275 Sed
2081 1218 2129 1274 si
2180 1219 2308 1288 quis
2360 1217 2559 1272 borum
2611 1232 2812 1273 causas
2861 1221 3127 1276 attentius
3174 1220 3498 1290 inspexerit,

1920 1311 2243 1366 substantia:
2267 1309 2488 1379 quidem
2522 1308 2899 1364 deﬁnitionem
2932 1326 3046 1365 non
3078 1311 3379 1381 incusabit,
3405 1317 3502 1370 sed

1918 1404 2169 1474 corporis
2211 1403 2396 1473 potius
2432 1411 2490 1458 et
2527 1404 2699 1458 animi
2741 1402 3125 1460 affectionibus
3178 1420 3381 1461 causas
3416 1416 3502 1461 at-

1919 1496 2142 1549 tribuet.
2175 1494 2313 1550 Cum
2361 1511 2495 1566 ergo
2542 1511 2650 1551 una
2696 1504 2993 1553 censeatur
3037 1506 3095 1552 et
3144 1498 3217 1553 sit
3252 1500 3307 1553 in
3342 1498 3505 1556 Patre

1919 1599 1984 1641 ae
2032 1582 2169 1641 Filio
2225 1587 2448 1643 deitatis
2508 1588 2783 1654 delinitio,
2840 1597 2936 1643 aut
3001 1591 3505 1662 quomodocunque

1916 1677 2084 1749 850
2113 1693 2233 1733 eam
2260 1680 2514 1735 nomines
2547 1680 2971 1751 (comparantur
2993 1682 3140 1736 enim
3169 1692 3228 1737 ut
3263 1686 3359 1754 qui
3392 1686 3504 1741 sint

1918 1769 2165 1840 ejusdem
2203 1772 2444 1841 generis,
2481 1778 2717 1842 utarque
2753 1787 2946 1827 eorum
2980 1774 3168 1831 verbis
3202 1775 3272 1830 ob
3316 1792 3505 1832 neces-

240 1862 565 1930 σκὲπτηται,
584 1864 675 1917 τὸν
702 1866 799 1935 μὲν
844 1866 941 1933 τῆς
968 1865 1149 1927 αἰτίας
1174 1864 1287 1936 [γρ.
1314 1866 1530 1937 οὐσίας]
1563 1868 1687 1937 ὅρον
1719 1868 1818 1921 οὑκ

1922 1863 2121 1919 sariam
2154 1863 2233 1918 rei
2259 1864 2732 1936 explicationem),
2763 1865 2997 1921 doceant
3022 1867 3211 1925 miseri
3237 1869 3502 1938 quidnam

238 1956 566 2019 αἰτιάσεται,
594 1956 787 2010 πάθεσι
818 1957 873 2010 δὲ
916 1957 1115 2026 μᾶλλον
1158 1960 1492 2027 σωματικοῖς
1522 1960 1688 2029 ἥγουν
1716 1959 1821 2029 ψυ-

236 2048 412 2116 χικοῖς
441 2048 726 2120 ἀνατίθησι
769 2049 866 2112 τὰς
902 2050 1100 2114 αἰτίας.
1148 2050 1298 2113 Ἐνὸς
1342 2051 1631 2122 τοιγαροῦν
1670 2069 1822 2105 νοου-

242 2134 404 2205 μένου
433 2154 492 2190 τε
523 2140 616 2191 καὶ
644 2138 795 2201 όντος
843 2140 935 2192 ἐπί
967 2156 1025 2192 τε
1056 2138 1267 2209 Πατρὸς
1296 2140 1391 2192 καὶ
1415 2139 1547 2193 Υἱοῦ
1568 2140 1667 2209 τῆς
1698 2140 1821 2193 θεό-

237 2245 400 2299 τητος
437 2231 587 2301 ὅρου,
637 2230 670 2302 ῆ
714 2232 862 2296 ὅπως
907 2232 971 2285 άν
1016 2249 1101 2295 τις
1133 2229 1303 2284 εἰπὼν
1331 2232 1431 2284 οὑκ
1453 2232 1519 2284 ἂν
1545 2231 1643 2283 τοῦ
1684 2232 1818 2302 πρέ-

239 2338 435 2384 ποντος
477 2320 737 2392 ὲξοίχοιτο
798 2324 1201 2394 (συγκρίνονται
1238 2323 1348 2395 γάρ
1404 2322 1479 2386 ὡς
1510 2324 1815 2394 ὁμογενεῖς,

1916 1952 2168 2010 eﬂ‘ecisse
2207 1963 2405 2025 putent
2449 1963 2510 2011 ut
2552 1957 2664 2012 Deo
2696 1972 2761 2011 ac
2788 1955 2951 2013 Patre
2983 1959 3166 2012 minor
3201 1960 3275 2015 sit
3299 1959 3505 2015 Filius?

1916 2042 2059 2098 Num
2095 2046 2349 2113 morbus,
2381 2062 2514 2102 num
2565 2048 2831 2118 segnities
2879 2055 2935 2103 et
2977 2063 3323 2119 quaecunque
3354 2050 3504 2104 acci-

1916 2136 2047 2192 dere
2078 2139 2259 2194 solent
2307 2140 2377 2195 iis
2420 2139 2624 2211 quibus
2653 2148 2739 2195 est
2769 2149 2969 2195 natura
3009 2142 3237 2197 creata?
3272 2142 3342 2196 At
3376 2144 3503 2212 quis

1920 2228 1995 2282 ita
2027 2230 2241 2287 delirus
2275 2239 2328 2286 et
2361 2232 2428 2286 ab
2456 2232 2608 2286 omni
2638 2232 2853 2287 ratione
2887 2234 3103 2289 alienus
3133 2235 3260 2301 erit,
3292 2244 3351 2288 ut
3381 2244 3507 2289 tan-

1924 2327 2037 2374 tam
2089 2320 2493 2392 blasphemiam
2544 2321 2629 2377 vel
2680 2324 2739 2377 in
2798 2338 2964 2379 aures
3003 2324 3296 2379 admittere
3336 2325 3505 2380 velit?

236 2413 580 2482 κεχρήσομαι
610 2413 665 2466 δὲ
698 2410 786 2467 διὰ
814 2416 915 2485 τὴν
948 2415 1195 2487 ἀνάγκην
1222 2415 1318 2469 τοῦ
1342 2414 1696 2486 θεωρήματος
1722 2419 1821 2473 καὶ

1922 2414 2059 2468 Cum
2107 2430 2261 2487 ergo,
2306 2424 2368 2470 ut
2402 2417 2496 2485 qui
2537 2416 2783 2486 ejusdem
2827 2426 2913 2473 est
2946 2433 3072 2472 cum
3120 2419 3360 2473 naturali
3393 2418 3503 2475 Deo

236 2507 353 2567 τοῖς
374 2504 538 2557 αὑτοῦ
579 2505 802 2576 λόγοις),
852 2507 1213 2561 διδασκόντων
1262 2509 1311 2560 οἰ
1366 2507 1595 2571 τάλανες
1627 2509 1679 2562 τί
1707 2509 1814 2580 ἄρα

1922 2508 2164 2578 generis,
2199 2507 2343 2563 Deus
2382 2508 2501 2578 ipse
2531 2524 2754 2578 quoque
2801 2510 2873 2565 sit
2902 2510 3211 2565 secundum
3246 2520 3501 2565 naturam

240 2596 520 2665 νομίζουσι
550 2599 967 2670 παρασκευάσαι
996 2598 1087 2651 τὸν
1115 2600 1245 2653 Υίὸν
1273 2602 1329 2653 ὲν
1354 2602 1637 2655 ἐλάττοσιν
1673 2596 1813 2655 εἶναι

1922 2603 2297 2671 (comparatur
2340 2602 2486 2657 enim
2522 2600 2698 2668 Patri,
2739 2618 2842 2658 nec
2889 2603 3191 2674 quidquam
3247 2604 3502 2675 prohibet

237 2687 335 2740 τοῦ
379 2688 515 2742 Θεοῦ
564 2689 657 2743 καὶ
701 2685 1117 2761 Πατρός;Ἀρα
1161 2691 1355 2757 πάθος,
1387 2694 1420 2764 ἢ
1454 2692 1697 2764 ῥᾳθυμία
1721 2695 1815 2746 καὶ

1922 2695 2223 2763 quominus
2254 2697 2326 2749 sit
2358 2692 2509 2747 Patri
2571 2696 2815 2765 similis),
2849 2698 3124 2766 quomodo
3163 2700 3345 2753 minor
3386 2699 3504 2755 est?

237 2779 345 2833 ὅσα
367 2780 686 2850 συμϐαίνειν
735 2777 844 2834 οἶδε
866 2784 979 2844 τοῖς
1002 2783 1235 2853 γενητὴν
1269 2782 1451 2853 ἔχουσι
1496 2784 1594 2856 τὴν
1646 2784 1838 2852 φύσιν;
1886 2780 2024 2838 Εἶτα
2080 2785 2164 2848 τίς
2198 2783 2342 2837 οὑτω
2386 2783 2616 2855 ληρήσει
2672 2786 2765 2839 καὶ
2793 2785 3123 2841 διακείσεται
3146 2788 3498 2859 παραλόγως,

238 2868 319 2931 ὡς
359 2871 455 2923 καὶ
493 2870 651 2941 μόνον
679 2871 1007 2939 ἀνασχέσθαι
1038 2872 1140 2927 κᾶν
1164 2875 1295 2941 γοῦν
1322 2877 1402 2937 εἰς
1442 2872 1535 2939 οὖς
1574 2875 1790 2929 ἑλέσθαι
1811 2875 1908 2946 τὴν
1930 2875 2312 2947 βλασφημίαν;
2352 2876 2481 2929 Ὅτε
2500 2877 2700 2939 τοίνυν,
2729 2878 2804 2940 ὡς
2837 2878 3102 2950 ὁμογενὴς
3136 2880 3397 2951 ὑπάρχων
3422 2879 3503 2949 τῷ

242 2959 389 3012 κατὰ
418 2961 579 3029 φύσιν
605 2962 744 3034 Θεῷ,
771 2964 902 3026 Θεός
948 2965 1065 3017 ἐστι
1104 2966 1347 3034 δηλονότι
1372 2968 1514 3021 κατὰ
1548 2970 1710 3037 φύσιν
1777 2970 1872 3022 καὶ
1911 2969 2073 3034 αὑτὸς
2115 2970 2494 3041 (συγκρίνεται
2541 2970 2650 3042 γὰρ
2696 2970 2775 3041 τῷ
2822 2971 3019 3044 Πατρί,
3066 2972 3392 3026 διακωλύσει
3443 2972 3501 3025 δὲ

240 3052 393 3107 οὐδὲν
416 3054 477 3107 τὸ
508 3055 769 3121 ὡσαύτως
819 3057 963 3127 ἔχειν
996 3058 1072 3129 τῷ
1119 3061 1394 3130 φύσαντι),
1437 3062 1556 3126 πῶς
1594 3062 1831 3117 ἐλάττων
1864 3062 2048 3130 ὲστίν;

326 3170 545 3241 Ἐπειδὴ
575 3171 631 3224 δὲ
658 3171 1013 3243 ἀμαθέστατά
1043 3193 1103 3229 τε
1134 3177 1227 3230 καὶ
1266 3177 1588 3247 άλογώτατα
1616 3180 1673 3232 ἐν
1704 3181 1817 3242 τοῖς

1989 3178 2260 3244 Quoniam
2309 3188 2494 3233 autem
2532 3176 2787 3233 veritatis
2830 3176 3012 3232 hostis
3038 3177 3370 3234 stultissime
3418 3179 3503 3234 di-

242 3260 629 3332 προκειμὲνοις
672 3260 907 3329 διεξιὼν,
960 3264 1019 3317 οὑ
1072 3267 1387 3321 κατέδεισεν
1421 3270 1595 3320 εἰπεῖν
1644 3269 1672 3319 6
1720 3270 1818 3339 τῆς

1922 3286 2043 3326 cere
2073 3271 2283 3327 veritus
2314 3286 2426 3325 non
2451 3280 2538 3325 est
2564 3270 2768 3325 deitate
2796 3267 2924 3323 Filii
2957 3268 3221 3337 majorem
3253 3284 3376 3325 esse
3399 3270 3503 3324 Pa-

240 3351 503 3422 ἀληθείας
528 3352 743 3424 ἐχθρὸς,
774 3355 855 3408 ὅτι
897 3354 1098 3426 μείζων
1149 3359 1177 3410 ό
1210 3359 1399 3430 Πατὴρ
1438 3358 1541 3428 τῆς
1565 3358 1816 3429 θεότητος

1922 3371 2080 3424 trem,
2113 3361 2345 3429 agedum
2396 3358 2799 3414 incarnationis
2856 3372 3168 3413 sermonem
3213 3360 3500 3428 paululum

238 3445 339 3498 τοὺ
368 3444 520 3512 Υἰοῦ,
548 3446 678 3517 φέρε
730 3447 829 3517 τῆς
860 3447 997 3518 μετὰ
1030 3448 1231 3519 σαρκὸς
1258 3450 1569 3520 οἰκονομίας
1606 3451 1699 3504 τὸν
1732 3451 1818 3504 λό-

240 3553 338 3605 γον
366 3536 540 3609 βραχὺ
573 3555 625 3589 τι
656 3539 1116 3607 περιστείλαντες,
1137 3540 1232 3593 καὶ
1266 3541 1363 3610 τῆς
1393 3542 1503 3595 τῶν
1528 3543 1824 3613 προκειμέ-

242 3646 350 3684 νων
378 3629 583 3693 ὲννοίας
640 3630 1013 3695 ἀποδιελόντες
1058 3632 1147 3686 διὰ
1176 3633 1266 3687 τὸν
1302 3634 1543 3705 ἔλεγχον,
1576 3636 1676 3705 τὴν
1708 3636 1825 3688 θεό-

241 3737 384 3792 τητα
420 3721 510 3775 τοῦ
543 3721 674 3775 Υίοῦ
713 3725 779 3794 τῇ
818 3722 911 3777 τοῦ
956 3725 1171 3796 Πατρὸς
1232 3728 1634 3799 συγκρίνωμεν,
1682 3728 1826 3783 κατά

244 3831 309 3884 γε
330 3814 421 3868 τὸν
438 3814 661 3868 ἐκείνων
693 3814 871 3884 λόγον,
910 3816 1087 3869 ἐκεῖνο
1112 3817 1175 3888 δὴ
1202 3819 1418 3888 πρῶτον
1458 3822 1632 3875 εἰπεῖν
1656 3821 1825 3874 ἀπαι-

242 3904 513 3976 τήσαντες
539 3903 632 3956 τὸν
650 3903 808 3957 τοῦτο
838 3905 1006 3974 φάναι
1034 3906 1402 3977 τολμήσαντα,
1438 3908 1664 3980 πότερόν
1695 3926 1826 3962 ποτε

242 3998 377 4051 Θεὸν
409 3998 539 4051 ὄντα
590 3998 729 4051 κατὰ
763 3997 926 4066 φύσιν
964 3998 1229 4071 ὑπάρχειν
1266 3998 1437 4052 οἴεται
1471 4000 1563 4053 τὸν
1616 4001 1821 4073 Υἰὸν,ῆ

242 4091 433 4162 ἓτερον
470 4089 571 4162 μέν
593 4108 646 4144 τι
671 4089 820 4162 παρὰ
848 4090 1023 4154 τοῦτο,
1055 4090 1379 4160 τετιμῆσθαί
1408 4108 1471 4159 γε
1502 4090 1609 4162 μὴν
1638 4094 1701 4162 τῇ
1726 4093 1826 4161 τῆς

246 4183 501 4255 θεότητος
528 4183 739 4255 κλήσει,
782 4182 1035 4254 καθάπερ
1067 4181 1160 4236 οὑν
1195 4183 1386 4254 ἀμέλει
1416 4185 1601 4237 πολλοὶ
1636 4186 1734 4255 μὲν
1768 4187 1825 4238 ὲν

242 4277 460 4348 οὐρανῷ
507 4276 619 4330 θεοὶ
665 4276 762 4330 καὶ
807 4275 1010 4349 κύριοι,
1041 4276 1230 4329 πολλοὶ
1262 4276 1317 4328 δὲ
1350 4277 1443 4329 καὶ
1468 4277 1562 4329 ἐπὶ
1585 4279 1684 4346 τῆς
1722 4276 1827 4347 γῆς

245 4365 387 4422 εἶναι
410 4369 677 4438 λέγονται.
713 4368 1205 4439 Διαϐεϐαιουμένου
1242 4368 1341 4438 μὲν
1388 4368 1497 4439 γὰρ
1527 4366 1655 4438 ψιλῇ
1686 4367 1829 4420 δεδο-

250 4460 445 4525 ξάσθαι
472 4460 814 4532 προσηγορίᾳ
833 4460 935 4529 τῆς
957 4458 1229 4530 θεότητος,
1258 4459 1423 4529 φημὶ,
1456 4459 1546 4512 τὸν
1580 4459 1727 4523 Υἱὸν,
1752 4457 1826 4529 μὴ

1921 3453 2332 3517 contrahentes,
2355 3460 2410 3507 et
2439 3468 2469 3505 a
2504 3466 2685 3505 rerum
2717 3450 3125 3521 propositarum
3157 3465 3322 3505 sensu
3356 3452 3504 3505 avel-

1924 3544 2100 3598 lentes
2145 3551 2370 3614 propter
2404 3542 2918 3613 reprehensionem,
2958 3540 3221 3595 deitatem
3254 3540 3402 3605 Filii,
3442 3550 3503 3595 ut

1924 3634 2027 3704 ipsi
2060 3633 2381 3703 loquuntur,
2411 3648 2535 3687 cum
2567 3630 2749 3687 Patris
2770 3630 2973 3685 deitate
3002 3629 3381 3695 conferamus,
3414 3645 3504 3683 ro-

1923 3735 2116 3797 gantes
2148 3733 2207 3780 ut
2242 3726 2338 3796 qui
2372 3726 2504 3778 talia
2540 3722 2727 3778 dicere
2783 3738 2956 3777 ausus
3009 3729 3095 3778 est
3130 3723 3367 3793 primum
3412 3738 3503 3778 re-

1924 3817 2217 3887 spondeat,
2257 3825 2442 3871 utrum
2475 3814 2700 3877 Filium,
2733 3812 2880 3869 Deus
2913 3829 3039 3868 cum
3079 3816 3152 3869 sit
3196 3813 3500 3869 secundum

1925 3917 2203 3976 naturam,
2230 3908 2401 3962 Deum
2427 3922 2549 3962 esse
2581 3913 2762 3976 putet,
2785 3920 2854 3959 an
2891 3905 3097 3975 aliquid
3127 3905 3274 3969 aliud
3309 3915 3504 3976 praeter

1924 4001 2096 4065 istud,
2139 4006 2521 4055 verumtamen
2559 3996 2933 4067 appellatione
2968 3995 3189 4051 deitatis
3221 4004 3502 4053 ornatum.

1924 4087 2392 4163 quemadmodum
2428 4101 2625 4155 nempe
2676 4084 2834 4139 multi
2894 4093 3023 4139 sunt
3055 4086 3109 4138 in
3144 4084 3284 4143 caelo
3328 4085 3404 4139 dii
3439 4101 3505 4138 ac

1926 4181 2162 4245 domini,
2193 4178 2463 4247 multique
2518 4176 2684 4231 etiam
2741 4175 2797 4229 in
2848 4181 3000 4229 terra
3050 4188 3174 4228 esse
3221 4173 3499 4227 dicuntur.

1925 4270 2064 4325 Nam
2097 4270 2140 4327 si
2171 4269 2435 4340 probetur
2473 4264 2616 4320 nuda
2651 4272 2862 4319 tantum
2888 4264 3257 4334 appellatione
3288 4263 3505 4317 deitatis

1927 4369 2187 4416 ornatum
2226 4373 2351 4413 esse
2388 4356 2610 4421 Filium,
2638 4356 2822 4426 ipsum
2859 4364 3041 4410 tamen
3090 4369 3203 4408 non
3233 4366 3356 4408 esse
3378 4370 3507 4408 vene

1928 4450 1982 4505 id
2013 4449 2160 4519 quod
2186 4462 2315 4503 esse
2345 4445 2570 4509 dicitur,
2600 4444 2727 4515 jure
2753 4444 2955 4497 merito
2990 4442 3171 4514 palam
3212 4452 3266 4497 et
3291 4442 3507 4512 publice

251 4550 360 4621 μὴν
390 4550 486 4603 καὶ
520 4550 785 4621 ὑπάρχειν
814 4548 958 4604 κατὰ
1009 4548 1171 4618 φύσιν
1213 4549 1375 4601 αὑτὸν
1418 4548 1635 4620 ἀληθῶς
1674 4547 1820 4601 τοῦθ’

1923 4539 2347 4596 inelamabimus
2377 4557 2391 4593 :
2420 4552 2543 4601 nos,
2580 4537 2628 4590 si
2686 4545 2885 4601 natura
2920 4532 3065 4590 Deus
3107 4549 3216 4589 non
3269 4540 3376 4598 est,
3412 4534 3507 4587 ad-

247 4641 385 4711 ὅπερ
424 4634 565 4693 εἶναι
614 4641 710 4695 καὶ
747 4640 987 4708 λέγεται,
1011 4640 1081 4693 τὰ
1126 4640 1311 4694 εἰκότα
1349 4639 1674 4710 φρονοῦντες
1722 4641 1825 4691 ὑπ-

250 4733 577 4803 αντησόμεν,
596 4732 891 4805 διαρρήδην
914 4731 1354 4804 άνακεκραγότες
1379 4748 1393 4762 ο
1419 4727 1490 4784 Ὦ
1516 4733 1635 4796 τᾶν,
1674 4731 1750 4795 ὡς
1780 4732 1827 4785 εἰ

251 4825 328 4894 μὴ
358 4825 518 4893 φύσει
538 4824 669 4888 Θεός
692 4826 832 4890 ἐστι,
863 4824 1126 4895 κτίσματι
1146 4824 1560 4896 προσκυνοῦμεν
1577 4823 1657 4875 ἔτι
1678 4822 1830 4893 παρὰ

247 4916 341 4969 τὸν
380 4916 678 4981 Κτίσαντα,
708 4916 802 4969 καὶ
838 4916 958 4987 οὑχί
1013 4917 1171 4987 μόνον
1203 4918 1364 4987 ἡμεῖς
1417 4917 1467 4968 οἰ
1494 4914 1643 4967 τόνδε
1677 4914 1826 4986 περί-

248 5024 398 5075 γειον
431 5006 641 5078 ἔχοντες
676 5008 877 5080 χῶρον,
909 5009 1047 5063 ἀλλὰ
1078 5009 1173 5063 καὶ
1201 5007 1337 5080 αὑτὴ
1378 5007 1486 5061 τῶν
1514 5007 1686 5076 ἁγίων
1729 5007 1831 5075 ἁγ-

247 5098 428 5165 γέλων
472 5100 505 5168 ὴ
546 5097 776 5169 πληθύς.
842 5101 1312 5173 Κατηγορήσομεν
1366 5098 1423 5152 δὲ
1475 5099 1571 5151 καὶ
1631 5096 1833 5159 παντὸς

246 5188 407 5257 ἁγίου
440 5188 645 5252 λοιπὸν,
681 5189 814 5243 Θεὸν
854 5191 1018 5244 αὑτὸν
1049 5192 1192 5244 κατὰ
1228 5189 1389 5259 φύσιν
1426 5191 1709 5261 εἰρηκότος
1736 5190 1831 5242 καὶ

243 5273 502 5344 ἀληθινόν
523 5292 537 5306 ·
590 5277 828 5347 μάλιστα
880 5278 937 5331 δὲ
989 5278 1205 5334 πάντων
1237 5279 1596 5351 αἰτιασόμεθα
1620 5278 1712 5331 τὸν
1733 5297 1831 5349 μα-

248 5365 443 5435 κάριον
470 5366 725 5439 Ἰωάννην
781 5370 1045 5441 εἰρηκότα
1107 5370 1235 5441 περὶ
1295 5370 1457 5424 αὑτοῦ
1484 5386 1498 5400 ·
1534 5388 1553 5421 ι
1590 5371 1828 5440 Οἴδαμεν

246 5460 329 5512 ὅτι
354 5458 522 5521 όΥἰὸς
577 5460 673 5513 τοῦ
719 5462 854 5515 Θεοῦ
892 5464 1040 5533 ἥκει,
1075 5464 1171 5517 καὶ
1195 5462 1397 5516 ἔδωκεν
1426 5464 1557 5532 ἡμῖν
1586 5462 1824 5515 διάνοιαν

248 5550 338 5606 ’va.
363 5550 703 5621 γινώσκομεν
730 5553 819 5607 τὸν
854 5554 1105 5626 ἀληθινὸν
1127 5555 1282 5622 Θεὸν,
1324 5555 1418 5608 καί
1449 5554 1615 5625 ἐσμὲν
1662 5555 1719 5607 ὲν
1748 5553 1826 5624 τῷ

315 5795 365 5829 ⁷⁸
398 5797 416 5851 Ι
454 5794 612 5852 Joan.
656 5815 716 5863 v,
744 5797 833 5858 20.

1924 4647 2085 4688 orare
2107 4633 2408 4687 etiamnum
2439 4636 2781 4694 creaturam,
2808 4642 2919 4691 non
2944 4624 3295 4690 Creatorem,
3329 4640 3507 4694 neque

1924 4738 2028 4780 nos
2048 4731 2259 4777 tantum
2281 4721 2376 4792 qui
2412 4729 2689 4776 terrenam
2717 4716 3166 4789 haneregionem
3186 4715 3503 4777 incolimus,

1926 4815 2025 4871 sed
2054 4821 2109 4870 et
2142 4814 2318 4885 ipsam
2355 4819 2677 4869 sanctorum
2713 4809 3034 4881 angelorum
3073 4806 3503 4877 multitudinem.

1926 4905 2073 4973 Quin
2118 4916 2173 4962 et
2225 4915 2448 4962 sanctos
2500 4919 2692 4961 omnes
2742 4901 3156 4966 aceusabimus,
3191 4900 3508 4971 quicunque

1928 4996 2102 5054 Deum
2128 4998 2310 5070 ipsum
2340 4996 2650 5055 secundum
2686 5004 2943 5051 naturam
2972 5009 3037 5048 ae
3076 5007 3268 5049 verum
3304 4992 3503 5063 praedi-

1923 5098 2159 5157 carunt;
2200 5088 2296 5145 sed
2351 5089 2590 5144 maxime
2643 5087 2889 5143 omnium
2934 5085 3157 5141 beatum
3214 5082 3504 5149 Joannem,

1925 5184 2021 5254 qui
2076 5181 2145 5237 de
2201 5183 2323 5253 ipso
2382 5181 2649 5251 scripsit:
2681 5199 2700 5233 ι
2735 5176 2956 5234 Scimus
3013 5175 3280 5247 quoniam
3333 5174 3508 5229 Filius

1925 5275 2024 5333 Dei
2073 5274 2245 5338 venit,
2287 5282 2344 5331 et
2395 5273 2548 5329 dedit
2598 5273 2762 5329 nobis
2818 5285 3041 5328 sensum
3094 5278 3154 5323 ut
3203 5280 3508 5336 cognosca-

1925 5381 2052 5421 mus
2106 5379 2295 5420 verum
2336 5361 2531 5429 Deum,
2566 5368 2621 5416 et
2678 5362 2853 5442 simus
2903 5361 2960 5415 in
3007 5371 3139 5414 vero
3186 5352 3328 5408 Filio
3385 5352 3507 5422 ejus

1928 5456 2061 5514 Jesu
2105 5456 2348 5512 Christo.
2395 5454 2498 5509 Hic
2534 5462 2620 5510 est
2656 5469 2818 5511 verus
2868 5454 3033 5516 Deus,
3080 5457 3136 5505 et
3182 5447 3289 5501 vita
3343 5454 3506 5499 aeter-

1933 5565 2002 5604 na
2032 5550 2097 5603 7°.
2137 5568 2155 5601 ι
2193 5545 2352 5615 Quod
2404 5546 2453 5603 si
2487 5545 2833 5616 Scripturam
2869 5544 3159 5604 reveritus,
3186 5539 3354 5594 Deum
3377 5550 3507 5593 vere
