3892 6202
391 267 500 323 523
1414 261 1474 318 S.
1513 260 1791 318 CYRlLLl
1819 257 2287 315 ALEXANDRINI
2327 256 2646 315 ARCHIEP.
3535 244 3681 305 394

393 381 576 452 ipsum
607 376 970 450 nuncupabit,
1008 381 1062 432 et
1101 376 1178 432 ita
1220 391 1345 434 esse
1377 378 1614 442 sentiet,
1643 385 1808 448 atque
1852 377 1959 430 hoc

2087 373 2302 446 ιληθινῷ
2349 374 2514 428 αὑτοῦ
2554 373 2669 444 Υἱῷ
2714 372 2887 443 Ἰησοῦ
2930 366 3392 444 Χριστῷ.⁷οὗτός
3439 373 3601 428 ἐστιν
3639 375 3680 428 ὁ

393 473 562 528 modo
605 473 786 541 aliqua
817 470 1016 525 saltem
1045 486 1120 526 ex
1141 479 1300 541 parte
1347 471 1618 525 minorem
1653 486 1775 525 esse
1805 469 1968 523 Patre

2087 466 2321 535 ὶληθινὸς
2369 465 2502 528 Θεὸς
2546 465 2643 517 καὶ
2692 462 2804 533 ζωὴ
2833 466 2867 534 ἡ
2923 461 3160 524 αἰώνιος.
3197 481 3216 512 ι
3257 463 3318 515 Εἰ
3370 462 3427 516 δὲ
3466 467 3717 538 πᾶσαν-

391 564 712 630 existimat;
759 563 1031 633 numquid
1076 564 1244 617 alium
1283 563 1448 619 nobis
1479 562 1650 618 Deum
1687 562 1899 617 invexit
1936 577 1967 616 a

2087 557 2205 629 ὃμοῦ
2249 557 2668 628 δυσωπούμενος
2710 556 2809 628 τὴν
2849 555 3205 609 θεόπνευστον
3234 557 3477 627 Γραφὴν,
3512 556 3682 610 Θεὸν

390 655 634 712 naturali
661 655 884 726 quidem
913 670 1039 710 cum
1081 653 1244 709 Patre
1294 657 1563 711 relatione
1615 656 1837 726 penitus
1885 671 1974 710 re-

392 753 627 810 sectum,
664 752 720 800 et
756 744 850 815 qui
893 745 1116 815 propria
1155 745 1378 815 quidem
1417 747 1474 800 in
1531 747 1814 818 hypostasi
1867 746 1970 799 ali-

393 849 504 905 qua
543 848 667 890 esse
705 834 1074 903 concipiatur,
1108 849 1218 889 non
1244 842 1429 890 tamen
1479 850 1535 890 tn
1573 835 1665 891 Dei
1696 852 1761 890 ac
1789 834 1972 891 Patris

395 925 702 983 substantia
721 925 882 995 851
907 926 1238 980 inexsistat?
1260 926 1502 993 Nemi-ni,
1525 927 1744 998 opinor,
1768 927 1974 982 obscu-

393 1031 518 1071 rum
564 1015 712 1070 istud
761 1023 868 1071 est.
913 1013 1050 1071 Nam
1089 1017 1136 1071 si
1173 1018 1318 1071 nihil
1349 1019 1534 1087 seipso
1559 1018 1738 1088 majus
1765 1026 1849 1074 est
1881 1026 1975 1074 aut

395 1108 603 1172 minus,
636 1107 730 1162 sed
769 1106 955 1177 aliquo
988 1107 1205 1163 minore
1256 1108 1457 1178 majus,
1504 1117 1597 1163 aut
1631 1110 1840 1177 majore
1875 1109 1976 1162 ali-

393 1211 506 1264 quo
536 1188 743 1258 minus,
779 1195 1029 1265 nunquid
1060 1211 1290 1253 necesse
1319 1205 1402 1252 est
1432 1198 1574 1253 duos
1621 1193 1783 1268 plane
1815 1197 1975 1254 fateri

396 1287 537 1342 Deos
563 1303 687 1344 esse
715 1289 1021 1343 secundum
1052 1297 1304 1343 naturam
1340 1303 1404 1344 ac
1435 1304 1618 1356 veros,
1649 1299 1708 1343 ut
1739 1291 1827 1344 hic
1858 1291 1979 1360 qui-

395 1380 519 1434 dem
557 1380 732 1449 major
762 1381 1127 1452 intelligatur,
1160 1382 1250 1437 ille
1283 1396 1412 1437 vero
1444 1382 1568 1453 ipso
1597 1383 1822 1436 minor?
1864 1382 1974 1453 lgi-

399 1485 489 1529 tur
521 1472 686 1546 periit
717 1470 967 1527 funditus
1005 1471 1269 1527 Ecclesiae
1319 1473 1478 1537 fides,
1516 1475 1558 1529 si
1593 1473 1868 1528 credimus
1908 1475 1979 1527 il-

401 1569 494 1634 lis,
527 1579 627 1623 nec
658 1579 806 1622 unus
845 1579 1011 1634 super
1037 1580 1138 1619 nos
1177 1573 1261 1620 est
1288 1567 1453 1628 Deus,
1485 1567 1577 1622 scd
1619 1567 1746 1620 duo.
1777 1566 1978 1635 Cujus-

400 1676 528 1715 nam
567 1677 698 1731 ergo
732 1657 934 1726 templa
967 1655 1098 1710 dicti
1134 1671 1350 1720 sumus,
1385 1657 1688 1712 secundum
1723 1657 1978 1727 Scriptu-

2071 650 2241 714 ὅντως
2272 649 2436 704 αὐτὸν
2491 651 2752 721 προσερεῖ
2772 649 2865 703 καὶ
2894 649 3158 718 ὑπάρχειν
3191 649 3335 703 οὕτω
3371 650 3681 703 διακείσε-

2071 759 2183 804 ται,
2231 741 2510 794 πιστεύειν
2544 759 2606 794 τε
2659 740 2801 794 οὕτω
2837 739 3264 810 μειονεκτεῖσθαι
3305 739 3400 792 τοῦ
3434 740 3684 811 Πατρὸς

2072 833 2218 887 κατά
2260 851 2312 886 τι
2359 832 2491 901 γοῦν
2537 823 2675 896 ὅλως
2731 821 3136 902 ὑπολαμϐάνει·
3195 827 3283 900 ἆρ’
3319 833 3414 901 οὐχ
3462 833 3683 902 ἕτερον

2073 929 2207 998 ἡμῖν
2225 925 2577 996 είσκεκόμικε
2623 925 2776 990 Θεὸν,
2829 925 2932 996 τῆς
2973 925 3110 995 πρὸς
3131 924 3223 979 τὸν
3259 923 3480 994 Πατέρα
3529 923 3686 993 σχέ-

2075 1034 2214 1080 σεως
2247 1015 2485 1086 φυσικῆς
2519 1013 2830 1084 ὁλοκλήρως
2851 1013 3306 1085 διακεκομμένον,
3332 1013 3427 1067 καὶ
3448 1015 3507 1065 ἐν
3541 1013 3684 1080 ἰδίᾳ.

2077 1109 2177 1178 μέν
2209 1124 2315 1161 τινι
2349 1105 2638 1176 νοούμενον
2664 1106 2980 1171 ὑποστάσει,
3008 1105 3083 1175 μὴ
3118 1104 3223 1175 μὴν
3242 1103 3568 1174 ἐνυπάρχειν
3593 1105 3683 1172 τῇ

2074 1195 2170 1250 τοῦ
2211 1197 2346 1249 Θεοῦ
2400 1197 2495 1250 καὶ
2529 1195 2740 1266 Πατρὸς
2785 1195 2982 1265 οὐσίᾳ;
3039 1195 3200 1260 Ἀλλ’,
3249 1190 3435 1266 οἶμαι,
3495 1195 3682 1265 δῆλον

2075 1289 2249 1345 ἅπασι
2281 1289 2341 1343 τὸ
2368 1288 2604 1359 πρᾶγμά
2634 1292 2803 1343 ἐστιν.
2841 1289 2904 1341 Ei
2935 1289 3044 1359 γὰρ
3071 1287 3224 1340 οὐδὲν
3249 1288 3438 1342 ἑαυτοῦ
3470 1287 3682 1356 μεῖζον

2075 1381 2110 1452 ἦ
2137 1381 2377 1443 ἔλαττον,
2409 1380 2523 1434 ἀλλ’
2549 1380 2832 1442 ἐλάττονος
2851 1379 2952 1450 μέν
2974 1396 3120 1442 τινος
3138 1378 3320 1449 μεῖζόν
3342 1397 3395 1431 τι
3429 1381 3676 1441 νοεῖται,

2081 1473 2329 1544 μείζονος
2358 1471 2416 1525 δέ
2445 1489 2589 1535 τινος
2616 1472 2859 1537 ἔλαττον,
2892 1471 3120 1542 πότερόν
3162 1488 3278 1533 πως
3304 1471 3404 1523 οὐκ
3440 1471 3680 1540 ἀνάγκη

2077 1565 2171 1618 δύο
2199 1565 2263 1634 δὴ
2294 1565 2508 1627 πάντως
2571 1563 2907 1634 ὁμολογῆσαι
2970 1563 3137 1626 Θεοὺς
3164 1561 3307 1617 κατά
3345 1562 3508 1632 φύσιν
3560 1562 3682 1616 καὶ

2079 1656 2388 1728 ἀληθινοὺς,
2419 1655 2562 1708 ἴναὸ
2604 1656 2706 1726 μὲν
2727 1656 2916 1725 νοῆται
2964 1655 3187 1726 μείζων,
3232 1656 3261 1708 ὁ
3313 1655 3370 1708 δέ
3420 1653 3681 1708 ἐλάττων

399 1769 514 1818 ras,
549 1754 655 1808 nisi
694 1754 816 1822 ejus
850 1747 943 1823 qui
992 1763 1151 1802 suum
1184 1749 1240 1802 in
1278 1749 1485 1804 nostris
1517 1749 1806 1804 animabus
1847 1747 1977 1817 Spi-

2087 1748 2291 1814 αὐτοῦ;
2351 1747 2565 1801 Οὐκοῦν
2619 1749 2826 1818 οἴχεται
2859 1747 2957 1817 μὲν
3010 1749 3109 1818 ἤδη
3137 1747 3232 1800 καὶ
3253 1746 3681 1818 ἀνατέτραπται

401 1847 567 1901 ritum
599 1845 927 1902 collocavit?
956 1839 1093 1899 Cum
1125 1857 1258 1911 ergo
1292 1841 1636 1897 inveniamus
1681 1858 1746 1896 ex
1799 1842 1976 1898 sacris

403 1934 626 1992 Litteris
659 1953 770 1992 non
807 1937 986 1992 Patris
1036 1933 1242 1996 solum,
1289 1934 1382 1990 sed
1438 1942 1492 1989 et
1540 1932 1665 1988 Filii
1714 1933 1977 2004 Spiritum

402 2029 734 2098 nuncupari,
767 2028 900 2098 quid
935 2025 1496 2098 philosophabimur?
1539 2024 1648 2078 Aut
1674 2027 1806 2096 quid
1847 2041 1976 2080 sen-

402 2112 509 2171 tire
553 2131 655 2172 nos
698 2116 961 2172 decebit?
995 2117 1126 2172 Utro
1154 2118 1442 2172 amborum
1480 2115 1709 2186 rejecto.
1741 2117 1977 2171 alterum

401 2222 527 2261 esse
559 2205 728 2260 Deum
755 2199 1047 2264 dicemus?
1074 2205 1210 2260 Nam
1243 2209 1291 2262 si
1334 2198 1476 2261 duos
1515 2207 1676 2269 Deos,
1711 2208 1977 2262 minorem

402 2307 458 2352 et
485 2299 750 2367 majorem
787 2291 1167 2363 admittemus,
1198 2307 1254 2355 et
1288 2301 1480 2355 ambos
1527 2299 1582 2354 in
1620 2307 1827 2356 nostris
1859 2303 1980 2355 ani-

403 2386 509 2444 mis
541 2386 850 2445 inhabitare
882 2391 1130 2446 dicemus
1157 2405 1258 2461 per
1286 2392 1544 2461 proprios
1577 2406 1639 2445 ac
1672 2392 1979 2461 peculiares

406 2481 668 2553 Spiritus,
704 2482 904 2553 templa
952 2474 1189 2537 Deorum
1241 2481 1373 2536 facti
1421 2483 1640 2538 demum
1675 2484 1982 2553 deprehen-

403 2575 637 2628 demur:
671 2581 725 2629 et
766 2573 877 2629 duo
925 2573 981 2628 in
1029 2574 1190 2628 nobis
1220 2573 1463 2642 Spiritus
1491 2574 1766 2641 habitant,
1807 2578 1981 2644 major

404 2662 663 2717 nimirum
707 2669 763 2718 et
807 2664 1012 2728 minor,
1048 2677 1148 2732 pro
1176 2664 1388 2718 ratione
1417 2671 1628 2718 natura:
1655 2676 1847 2720 eorum
1888 2666 1982 2736 qui

407 2752 558 2824 ipsos
579 2751 869 2810 dederunt.
897 2751 1034 2819 Quis
1074 2769 1205 2824 ergo
1236 2753 1366 2807 talia
1408 2754 1546 2812 istos
1592 2764 1877 2812 vomentes
1905 2756 1984 2812 fe-

405 2844 532 2900 rat?
563 2846 671 2900 Aut
687 2847 813 2916 quis
839 2859 1030 2901 eorum
1060 2847 1156 2918 qui
1181 2846 1328 2919 apud
1357 2847 1483 2902 illos
1511 2856 1663 2914 sunt,
1697 2848 1980 2905 indoctum

406 2951 475 2991 ac
504 2935 662 2992 valde
702 2936 994 2992 ridiculum
1026 2951 1334 2994 sermonem
1373 2953 1498 2994 esse
1537 2953 1648 2993 non
1677 2939 1908 3007 videbit,
1937 2942 1983 2995 si

405 3041 599 3083 eorum
625 3041 750 3099 quae
796 3033 962 3082 antea
999 3027 1238 3085 diximus
1273 3045 1496 3085 sensum
1533 3030 1824 3086 attendat?
1875 3031 1984 3088 Sed

406 3116 598 3172 forsan
620 3124 846 3172 coactus
860 3117 1000 3174 duos
1023 3117 1328 3175 secundum
1350 3127 1604 3176 naturam
1633 3120 1790 3177 fateri
1817 3123 1980 3188 Deos.

408 3207 682 3278 siquidem
723 3208 902 3279 major
947 3210 1038 3264 hic
1073 3218 1180 3277 est,
1221 3212 1314 3273 ille
1362 3214 1566 3279 minor,
1600 3216 1666 3269 ad
1705 3215 1838 3270 illud
1877 3218 1982 3272 sibi

407 3299 601 3353 tritum
628 3313 694 3354 ac
725 3299 998 3356 familiare
1019 3317 1080 3356 se
1107 3302 1376 3369 conferet,
1406 3320 1600 3376 nempe
1625 3314 1684 3360 ut
1707 3309 1984 3378 propriam

405 3397 461 3445 et
511 3391 840 3460 peculiarem
885 3393 1180 3462 quamdam
1236 3404 1491 3449 naturam
1543 3395 1743 3453 Filium
1784 3400 1986 3456 habere

406 3481 577 3547 dicat,
608 3482 654 3536 si
691 3497 797 3537 nec
826 3490 1013 3538 creata
1061 3499 1293 3553 prorsus
1339 3490 1631 3546 exsolutus
1679 3492 1773 3554 sit,
1809 3508 1987 3563 neque

407 3573 544 3628 adeo
573 3571 668 3628 Dei
703 3587 768 3628 ac
796 3572 979 3629 Patris
1033 3584 1232 3630 natura
1267 3579 1430 3648 plane
1461 3582 1695 3638 excidat.
1721 3581 1859 3638 Nam
1891 3588 1983 3656 qui

407 3669 722 3720 creaturam
748 3673 845 3718 aut
873 3681 1016 3736 opus
1048 3667 1230 3724 dicere
1256 3681 1444 3741 aperte
1469 3689 1578 3729 non
1608 3684 1890 3744 verentur,
1917 3679 1985 3734 ad

411 3753 719 3809 istiusmodi
754 3754 1048 3810 verborum
1095 3758 1423 3830 confugiunt
1464 3762 1785 3834 elegantias,
1819 3768 1986 3823 urba-

410 3845 622 3900 niorem
671 3845 1078 3914 quodammodo
1132 3853 1513 3923 excogitantes
1563 3857 1982 3927 blasphemiam.

409 3935 548 3990 Cum
588 3950 720 4006 ergo
753 3937 827 3992 ita
861 3954 922 3995 se
955 3939 1156 3996 habere
1205 3940 1403 3997 Filium
1457 3943 1667 4013 dicant,
1710 3957 1770 4003 ut
1809 3965 1988 4022 neque

410 4028 555 4084 Deus
607 4031 913 4086 secundum
962 4040 1216 4088 naturam
1262 4036 1313 4089 in
1352 4045 1525 4091 totum
1562 4041 1657 4106 sit,
1698 4057 1798 4097 nec
1840 4043 1989 4101 inter

409 4131 691 4178 creaturas
721 4124 882 4195 plane
930 4134 1248 4190 censeatur,
1291 4129 1385 4184 sed
1419 4131 1658 4188 medium
1689 4138 1984 4204 quemdam

408 4215 702 4282 exsistere,
743 4222 802 4269 ut
826 4222 880 4270 et
911 4215 1004 4270 Dei
1035 4231 1100 4271 ac
1125 4216 1306 4273 Patris
1335 4221 1598 4292 dignitate
1629 4226 1703 4282 sit
1732 4226 1985 4292 inferior,

410 4313 466 4361 et
509 4322 678 4378 supra
727 4315 1107 4364 creaturarum
1143 4309 1370 4380 gloriam
1416 4315 1694 4374 emineat:
1747 4320 1985 4390 primum

2085 1841 2207 1894 κατ’
2237 1840 2476 1902 ἐκείνους
2509 1839 2607 1910 τῆς
2663 1838 3042 1909 Ἐκκλησίαςή
3077 1838 3292 1901 πίστις’
3327 1837 3460 1900 Θεὸς
3485 1836 3544 1889 δὲ
3563 1837 3681 1906 οὐχ

2084 1927 2165 1996 εἷς
2202 1933 2285 2002 ἐφ’
2321 1933 2489 2002 ἡμᾶς,
2526 1931 2664 1985 ἀλλά
2713 1929 2807 1983 δύο
2862 1930 3066 1984 λοιπόν.
3091 1930 3247 1993 Τίνος
3270 1924 3362 1984 οὖν
3405 1930 3513 2000 ἄρα
3543 1930 3682 1982 ναοὶ

2083 2024 2596 2096 κεχρηματίκαμεν,
2629 2021 2768 2075 κατὰ
2788 2020 2886 2083 τὰς
2916 2020 3139 2092 Γραφάς
3162 2038 3176 2087 ;
3203 2019 3237 2090 ἦ
3273 2020 3431 2089 δῆλον
3452 2020 3535 2072 ὅτι
3560 2017 3676 2072 τοῦ

2082 2116 2145 2169 τὸ
2200 2115 2329 2167 ἴδιον
2377 2112 2610 2181 Πνεῦμα
2664 2112 2787 2174 ταῖς
2827 2111 3126 2181 ἡμετέραις
3167 2109 3680 2179 ἐγκατοικήσαντος

2089 2207 2202 2280 [γρ.
2232 2202 2732 2276 ἐγκατοικίσαντος]
2768 2203 2995 2274 ψυχαῖς
3038 2203 3209 2256 Ὅταν
3259 2198 3354 2256 οῦν
3395 2202 3680 2273 εὐρίσκω-

2091 2318 2192 2371 μεν
2225 2300 2290 2353 ἐκ
2325 2299 2432 2352 τῶν
2491 2297 2650 2369 ἱερῶν
2709 2298 3080 2368 Γραμμάτων,
3133 2296 3255 2366 οὐχὶ
3295 2294 3390 2348 τοῦ
3450 2294 3679 2365 Πατρὸς

2091 2391 2274 2461 μόνον,
2333 2389 2469 2444 ἀλλά
2527 2390 2623 2445 καὶ
2684 2389 2778 2442 τοῦ
2834 2389 2962 2442 Υίοῦ
3005 2387 3233 2458 Πνεῦμα
3277 2386 3588 2458 λεγόμενον,
3612 2387 3678 2438 τί

2086 2484 2454 2554 λογισόμεθας
2487 2484 2552 2536 Τί
2600 2484 2656 2536 δὲ
2718 2482 2960 2554 προσῆκε
2995 2483 3248 2553 φρονεῖν;
3279 2481 3412 2536 Τίνα
3439 2480 3548 2533 τῶν
3570 2481 3681 2534 δύο

2088 2577 2503 2648 παρωσάμενοι,
2537 2576 2627 2628 τὸν
2656 2575 2842 2646 ἕτερον
2859 2569 2996 2628 εἶναι
3023 2573 3156 2627 Θεὸν
3182 2574 3411 2644 λέγομεν
3440 2591 3454 2640 ;
3485 2572 3549 2625 Ei
3568 2572 3678 2643 μὲν

2088 2665 2181 2721 οὖν
2214 2666 2308 2720 δύο
2331 2667 2519 2734 Θεοὺς,
2559 2667 2650 2720 τὸν
2706 2666 2914 2719 ἐλάττω
2937 2683 2997 2717 τε
3045 2665 3140 2718 καὶ
3171 2664 3262 2718 τὸν
3288 2663 3458 2736 μείζω
3482 2681 3680 2735 παρα-

2087 2757 2374 2828 δεξόμεθα,
2394 2757 2562 2827 ἄμφω
2579 2774 2638 2808 τε
2664 2759 2782 2820 ταῖς
2817 2756 3117 2828 ἡμετέραις
3153 2757 3354 2827 ψυχαῖς
3390 2757 3678 2821 ἐναυλίζε-

2093 2850 2216 2905 σθαι
2243 2851 2489 2921 φήσομεν
2517 2849 2608 2904 διὰ
2639 2849 2748 2902 τῶν
2799 2849 2944 2902 ἰδίων
2989 2849 3346 2920 Πνευμάτων,
3374 2849 3494 2902 ναοὶ
3517 2848 3679 2903 Θεῶν

2091 2943 2193 3013 ἤδη
2223 2943 2506 3012 γεγονότες
2529 2940 2880 3012 ἀλωσόμεθεν
2911 2939 3074 2994 δύοδὲ
3099 2941 3231 3011 ἡμῖν
3261 2941 3460 2994 ἐνοικεῖ
3497 2940 3680 2993 Πνεύ-

2096 3047 2263 3100 ματα,
2302 3030 2486 3101 μεῖζόν
2507 3048 2566 3083 τε
2589 3032 2682 3084 καὶ
2711 3031 2953 3096 ἔλαττον,
2972 3030 3255 3098 ἀναλόγως
3286 3033 3352 3102 τῇ
3382 3031 3541 3100 φύσει
3560 3030 3680 3084 τῶν

2090 3122 2384 3178 δεδοκότων
2424 3123 2582 3179 αὐτά.
2618 3123 2716 3188 Τίς
2755 3117 2848 3178 οῦν
2880 3124 2991 3195 ἄρα
3039 3124 3147 3178 τῶν
3175 3124 3433 3177 τοιούτων
3458 3123 3681 3194 ἐμετῶν

2089 3217 2340 3281 ἀνέξεται
2366 3234 2382 3284 ;
2413 3217 2508 3281 Τίς
2561 3216 2618 3268 δὲ
2674 3217 2783 3270 τῶν
2841 3217 2974 3288 παρ’
3006 3216 3236 3279 ἐκείνοις
3269 3215 3454 3286 ἀμαθῆ
3486 3231 3547 3268 τε
3578 3215 3682 3268 καὶ

2091 3309 2430 3379 γελοιότατον
2457 3305 2518 3363 οὐ
2555 3308 2852 3379 κατόψεται
2890 3309 3071 3379 λόγον,
3099 3309 3204 3378 τὴν
3225 3309 3333 3362 τῶν
3362 3308 3680 3379 εἰρημένων

2091 3400 2297 3473 ἀρτίως
2337 3402 2473 3472 ἡμῖν
2527 3401 2962 3473 διασκεψάμενος
3041 3401 3290 3467 ἐννοιανς
3348 3399 3490 3454 Ἀλλ’
3539 3399 3680 3463 ἴσως

2091 3499 2532 3569 ἀναγκαζόμενος
2575 3496 2668 3550 δύο
2707 3498 2849 3551 κατά
2902 3498 3065 3568 φύσιν
3101 3496 3430 3568 ὁμολογῆσαι
3479 3495 3675 3559 Θεοὺς,

2092 3590 2252 3661 εἴπερ
2281 3594 2310 3644 ὁ
2369 3592 2466 3661 μέν
2510 3592 2624 3644 ἐστι
2659 3588 2881 3661 μείζων,
2914 3592 2943 3643 ὁ
2971 3590 3027 3644 δὲ
3077 3589 3335 3654 ἐλάττων,
3366 3589 3452 3641 ἐπ’
3492 3583 3677 3641 ἐκεῖνο

2095 3677 2358 3752 βαδιεῖται
2379 3683 2440 3734 τὸ
2473 3681 2702 3753 σύνηθές
2731 3699 2792 3734 τε
2819 3681 2915 3736 καὶ
2944 3681 3305 3752 τετριμμένον
3326 3673 3496 3752 αύτῷ,
3527 3682 3674 3750 φημὶ

2092 3773 2156 3843 δὴ
2188 3773 2251 3826 τὸ
2312 3772 2474 3844 φύσιν
2530 3774 2666 3828 ἰδίαν
2722 3775 2847 3830 τινὰ
2893 3769 3074 3844 λέγειν
3133 3775 3282 3846 ἔχειν
3320 3771 3410 3829 τὸν
3440 3775 3590 3838 Υίὸν,
3621 3776 3673 3826 εἰ

2096 3867 2236 3938 μήτε
2262 3868 2359 3939 τῆς
2389 3868 2620 3939 γενητῆς
2648 3868 2993 3941 ἀπήλλακται
3047 3868 3347 3933 παντελῶς,
3391 3870 3528 3940 μήτε
3565 3867 3670 3939 μὴν

2093 3957 2402 4028 ὁλοκλήρως
2431 3955 2729 4013 ἀποπίπτει
2787 3963 2888 4032 τῆς
2915 3961 3008 4014 τοῦ
3041 3962 3178 4015 Θεοῦ
3213 3962 3308 4016 καὶ
3337 3961 3568 4032 Πατρός.
3607 3962 3669 4014 Oi

2093 4051 2200 4122 γὰρ
2231 4053 2436 4122 κτίσμα
2464 4051 2560 4106 καὶ
2613 4053 2824 4124 ποίημα
2870 4053 3048 4121 λέγειν
3083 4054 3329 4125 ἐναργῶς
3374 4055 3435 4106 οὐ
3467 4071 3672 4124 παραι-

2092 4142 2367 4213 τούμενοι,
2410 4144 2504 4196 ἐπὶ
2530 4143 2629 4207 τὰς
2664 4145 2773 4196 τῶν
2800 4142 3057 4197 τοιούτων
3104 4145 3365 4215 ῥημάτων
3399 4145 3674 4212 καταφεύ-

2093 4250 2251 4301 γουσι
2281 4233 2572 4305 κομψείας,
2600 4236 2951 4307 ἀστειοτέραν
2979 4236 3165 4309 ὥσπερ
3204 4237 3544 4300 ἐπινοοῦντες
3571 4233 3673 4307 τὴν

2093 4324 2426 4396 δυσφημίαν.
2456 4329 2623 4380 Ὀταν
2677 4329 2860 4381 τοίνυν
2887 4328 3060 4392 οὕτως
3091 4329 3236 4398 ἔχειν
3277 4330 3522 4398 λέγωμεν
3553 4328 3668 4401 [71).

409 4398 632 4468 quidem
679 4399 929 4456 dicemus
974 4402 1180 4458 nullam
1227 4420 1352 4461 esse
1401 4407 1674 4464 rationem
1727 4426 1852 4482 quae
1903 4416 1980 4472 eis

2095 4416 2350 4489 λέγωσιν]
2375 4418 2466 4472 τὸν
2495 4419 2649 4486 Υἱὸν,
2672 4419 2746 4484 ὡς
2773 4422 2911 4492 μήτε
2935 4422 3068 4474 Θεὸν
3083 4421 3224 4474 κατά
3244 4421 3404 4491 φύσιν
3440 4398 3670 4492 ὁλοκλή-

409 4487 728 4558 permiserit
755 4487 1054 4548 decernere
1084 4507 1148 4548 ac
1174 4494 1321 4564 loqui
1345 4512 1466 4564 quae
1492 4498 1679 4554 velint.
1711 4502 1820 4557 Aut
1841 4505 1980 4560 enim

2095 4530 2200 4583 ρως
2230 4487 2498 4584 ὑπάρχειν
2521 4513 2706 4576 αὐτὸν,
2739 4487 2876 4585 μήτε
2909 4513 3014 4585 μὴν
3038 4516 3095 4567 ἐν
3124 4487 3418 4586 κτίσμασιν
3446 4487 3671 4584 ὁλοκλη-

413 4574 572 4629 fidem
615 4577 774 4631 nobis
821 4594 889 4634 ex
929 4581 1105 4636 sacris
1140 4582 1456 4654 divinisque
1500 4585 1726 4643 Litteris
1758 4588 1988 4658 faciant,

411 4672 507 4718 aut
537 4664 583 4718 si
613 4667 762 4720 nulla
792 4683 858 4722 ex
895 4679 1053 4739 parte
1086 4673 1319 4741 probare
1343 4684 1574 4744 possunt
1603 4679 1748 4748 quod
1775 4681 1986 4750 dicunt,

412 4755 614 4826 pudeat
641 4757 791 4827 ipsos
812 4776 879 4815 ex
907 4777 1009 4817 suo
1040 4778 1206 4818 sensu
1241 4765 1306 4820 de
1333 4766 1436 4823 lide
1465 4775 1730 4827 statuere.
1759 4773 1989 4830 Verum-

411 4857 590 4902 tamen
622 4863 745 4903 cum
776 4865 888 4920 pra:
919 4855 1117 4908 mentis
1141 4855 1323 4926 inOpia
1356 4866 1564 4916 temere
1591 4862 1646 4916 id
1670 4863 1985 4933 eﬂ'uderint,

409 4935 476 4988 ad
511 4952 699 4993 eorum
733 4945 1161 5012 propositionem
1199 4964 1286 5004 me
1319 4961 1661 5023 convertam,
1692 4966 1747 5012 et
1781 4959 1864 5016 sic
1889 4976 1986 5018 eos

408 5041 602 5084 rursus
628 5033 933 5103 aggrediar.

2091 4621 2200 4674 ρως
2225 4604 2423 4668 τελεῖν,
2495 4600 2636 4657 εἶναι
2694 4605 2751 4658 δέ
2803 4623 2928 4659 τινα
2989 4607 3174 4676 μέσον,
3209 4606 3286 4669 ὡς
3322 4606 3537 4676 καὶτῆς
3570 4607 3666 4659 τοῦ

2088 4693 2221 4747 Θεοῦ
2252 4695 2348 4748 καὶ
2383 4697 2592 4767 Πατρὸς
2617 4694 2774 4762 ἀξίας
2795 4697 3291 4767 ἀπολιμπάνεσθαι,
3323 4697 3418 4751 καὶ
3436 4698 3532 4768 τὴν
3557 4700 3665 4750 τῶν

2087 4783 2403 4853 κτισμάτων
2431 4785 2829 4857 ὑπεράλλεσθαι
2851 4785 3028 4850 δόξαν·
3049 4788 3267 4860 πρῶτον
3285 4788 3383 4859 μὲν
3409 4789 3660 4862 ἐροῦμεν,

2086 4871 2164 4936 ὡς
2183 4874 2357 4938 οὐδεὶς
2385 4875 2573 4939 αὐτοῖς
2605 4877 2876 4949 ἐπέτρεψε
2934 4878 3091 4948 λόγος
3147 4880 3455 4950 νομοθετεῖν
3481 4880 3516 4935 ἃ
3543 4881 3664 4950 βού-

2085 4964 2270 5020 λονται
2295 4969 2391 5020 καὶ
2411 4967 2610 5022 λαλεῖν.
2640 4971 2710 5022 Ἢ
2744 4971 2851 5044 γὰρ
2879 4972 3026 5042 ἡμᾶς
3062 4973 3126 5026 ἐκ
3166 4972 3273 5026 τῶν
3303 4972 3462 5044 ἱερῶν
3487 4991 3544 5027 τε
3569 4974 3662 5027 καὶ
3720 5014 3730 5045 δ

2093 5055 2253 5110 θείων
2310 5059 2799 5132 πληροφορούντων
2856 5064 2895 5117 Γ
2902 5068 3226 5137 ραμμάτων,
3269 5067 3301 5138 ἢ
3352 5066 3663 5144 μηδαμσῖθεν

409 5125 901 5230 μεμαρτυρημένον
947 5128 1038 5230 τ-ὸν
1081 5129 1210 5230 ἴδιον
1253 5130 1468 5230 ἔχοντες
1504 5135 1683 5230 λόγον,
1739 5141 2184 5212 αἱσχυνέσθωσαν
2229 5151 2299 5204 τὰ
2493 5125 2720 5226 γνωμης
2763 5125 3032 5221 ἰδίας.
3069 5125 3247 5212 πίστει
3282 5125 3659 5230 διόριιζόμενξι.

406 5211 554 5284 Πλὴν
583 5215 812 5273 ἐπείπερ
838 5219 1020 5283 αὐτοῖς
1051 5222 1144 5274 καὶ
1187 5222 1344 5276 τοῦτο
1382 5227 1632 5300 παρέστη
1666 5232 1689 5282 ἐ

404 5322 585 5372 τασιν,
617 5308 729 5380 ἐρῶ
759 5309 816 5364 δὲ
846 5309 910 5381 δὴ
931 5311 1113 5368 πάλιν.

479 5399 538 5454 Si
569 5401 686 5455 sola
713 5401 1049 5473 homogenea
1078 5408 1538 5477 comparationem
1571 5412 1714 5469 inter
1754 5430 1814 5471 se
1849 5433 1971 5487 pro-

405 5489 523 5560 prie
557 5494 918 5564 susceperint,
950 5503 1005 5550 et
1037 5498 1277 5568 seipsum
1309 5503 1528 5574 proprie
1554 5505 1717 5575 852
1767 5505 1879 5561 Deo
1909 5524 1976 5563 ac

402 5581 554 5636 Patri
585 5587 892 5655 comparari
938 5585 1112 5646 Filius
1139 5592 1335 5662 voluit,
1365 5595 1708 5666 apertissime
1738 5596 1930 5654 dicens
1958 5618 1972 5654 :

411 5693 430 5726 ι
468 5673 622 5730 Pater
657 5677 832 5746 major
867 5693 952 5737 me
989 5689 1094 5748 est,
1128 5698 1153 5734 ι
1192 5687 1470 5756 quomodo
1498 5703 1725 5746 necesse
1753 5704 1862 5746 non
1890 5700 1975 5748 est

1698 5229 1726 5295 ξ
1765 5234 1990 5304 ἀκρίτου
2033 5238 2214 5310 λέγειν
2250 5245 2697 5314 φρενοὸλαὸείας,
2729 5249 2822 5303 ἐπὶ
2846 5249 2944 5321 τὴν
2979 5251 3162 5306 αὐτῶν
3198 5229 3498 5324 βαδιοῦμαι
3526 5255 3660 5324 πρόκ

2155 5417 2220 5472 Εἰ
2249 5420 2358 5492 γὰρ
2385 5423 2521 5493 μόνα
2567 5424 2636 5478 τὰ
2661 5427 2880 5498 ὁμοειδῆ
2922 5430 3022 5502 τὴν
3051 5434 3186 5502 πρὸς
3215 5432 3421 5505 ἄλληλα
3441 5438 3659 5511 σύγκρι-

2087 5531 2172 5567 σιν
2201 5515 2402 5587 κυρίως
2436 5518 2502 5569 ἀν
2521 5519 2843 5586 ἐπιδέξαιτο,
2886 5524 3274 5596 συγκρίνεσθαι
3303 5527 3358 5580 δὲ
3384 5527 3494 5582 δεῖν
3527 5531 3653 5585 ἐαυ-

2081 5608 2173 5660 τὸν
2196 5609 2400 5679 κυρίως
2433 5610 2512 5679 τῷ
2552 5611 2672 5684 Θεῷ
2714 5613 2811 5666 καὶ
2859 5615 3035 5686 Πατρὶ
3062 5618 3419 5689 δεδοκίμακεν
3448 5623 3475 5673 ὁ
3505 5623 3650 5687 Υίὸς,

2086 5697 2398 5768 σαφέστατα
2427 5698 2621 5767 λέγων·
2649 5719 2668 5753 ι
2689 5702 2749 5754 Ὀ
2772 5702 2962 5774 Πατὴρ
2995 5706 3195 5776 μείζων
3215 5724 3316 5779 μου
3340 5709 3510 5778 ﬁeri,»
3540 5710 3655 5774 πῶς
