3892 6202
268 309 381 367 39.5

1332 310 1400 367 1N
1431 310 1721 369 JOANNIS
1748 309 2201 368 EVANGELIUM
2241 312 2371 367 LIB.
2417 314 2490 373 X.

3441 324 3545 381 326

267 423 376 478 οὑκ
398 420 612 493 ἀνάγκη
648 420 892 476 τοιοῦτον
914 421 1152 477 νοεῖσθαι
1175 423 1380 477 καὶτὸν
1409 425 1652 497 Πατέρα,
1684 425 1852 485 ὁποῖος

1970 423 2133 478 talem
2157 439 2379 495 quoque
2415 427 2635 483 Patrem
2664 434 2911 499 censeri,
2928 433 3109 505 qualis
3133 450 3163 487 a
3191 436 3349 491 vobis
3372 438 3549 494 ΡΜ

271 514 343 571 ἂν
371 514 580 582 λέγοιτο
598 517 727 587 παρ’
781 514 936 585 ὑμῶν
984 517 1012 568 ὁ
1066 516 1228 584 Υἱός;
1263 516 1374 569 Καὶ
1408 516 1460 569 τί
1491 516 1551 569 τὸ
1577 516 1859 587 ἐντεῦθενξ;

272 606 437 660 ’Όλον
469 608 597 678 ὑμῖν
630 609 713 671 είς
751 608 812 660 τὸ
862 608 1027 678 μηδὲν
1081 608 1450 680 καταστρέφει
1479 608 1541 661 τὸ
1576 606 1859 679 θεώρημα.

271 699 424 762 Ἕως
490 701 589 770 μὲν
618 699 726 770 γάρ
756 700 960 771 μείζων
1014 701 1231 770 λέγεται
1255 701 1351 754 τοῦ
1397 701 1527 753 Υἱοῦ
1554 704 1685 772 παρ’
1709 700 1863 771 ὑμῶν

268 792 537 863 ὁΠατὴρ,
596 793 630 862 ἡ
692 793 749 845 δέ
807 792 985 857 κτίσις
1038 794 1298 858 ἐλάττων,
1345 794 1485 863 μέση
1518 812 1603 857 τις
1639 790 1708 866 ἦν
1739 794 1861 847 καθ’

269 882 419 953 ὑμᾶς
450 886 483 954 ἡ
513 884 607 936 τοῦ
649 882 993 952 Μονογενοῦς
1050 885 1230 954 φύσις.
1266 885 1781 955 Καταϐιϐασθείσης
1804 885 1861 938 δέ

266 978 375 1046 τῆς
392 975 487 1028 τοῦ
508 977 723 1047 Πατρὸς
747 978 826 1040 εἰς
848 977 950 1048 τὴν
968 976 1121 1043 Υἱοῦ,
1134 977 1279 1040 τίνος
1298 978 1450 1029 ἔσται
1474 976 1634 1046 μέσοι,
1652 976 1858 1039 λοιπὸν,

265 1069 372 1121 οὑκ
400 1068 549 1131 ὄντος
600 1068 679 1121 ἔτι
725 1069 820 1122 τοῦ
867 1070 1268 1141 ὑπερκειμένου
1315 1072 1410 1123 καὶ
1460 1071 1856 1141 ὑπερέχοντος;

266 1161 335 1214 Εἰ
366 1160 441 1223 δὲ,
469 1160 611 1215 καθά
640 1179 824 1233 φησιν,
844 1162 918 1225 ὼς
956 1163 1224 1233 ὁμογενὴς
1251 1165 1508 1233 ὁμογενεῖ
1554 1163 1632 1233 τῷ
1684 1164 1860 1234 Πατρὶ

267 1254 641 1323 συγκρίνεται,
699 1253 818 1317 πῶς
866 1255 965 1325 οὑχ
1024 1249 1104 1317 εἷς
1134 1255 1221 1308 ἐπ’
1252 1257 1455 1324 ἀμφοῖν
1490 1258 1518 1308 ὁ
1547 1256 1645 1325 τῆς
1671 1256 1860 1319 οὑσίας

265 1343 421 1395 ἔσται
465 1344 651 1413 λόγος;
706 1343 1144 1415 Παραιτούμενοι
1196 1346 1252 1398 δέ
1276 1346 1365 1397 τὸν
1396 1345 1525 1399 Υίὸν
1573 1346 1858 1415 ὁμοούσιον

266 1435 537 1506 ὑπάρχειν
559 1436 844 1507 ὁμολογεῖν
896 1437 975 1508 τῷ
1007 1439 1207 1509 Πατρὶ,
1239 1439 1410 1491 τιθεῖν
1440 1439 1495 1491 δὲ
1521 1439 1722 1508 μᾶλλον
1758 1441 1857 1492 αὑ-

277 1525 375 1577 τὸν
415 1527 473 1578 ἐν
521 1526 795 1587 ἐλάττοσι,
846 1527 942 1580 καί
989 1526 1085 1594 τὴν
1115 1528 1209 1580 τοῦ
1238 1529 1449 1598 Πατρὸ;
1474 1530 1856 1583 κατεσπάσατε

262 1615 425 1680 δόξαν
464 1619 545 1681 εἰς
582 1617 686 1688 τὴν
725 1618 822 1671 τοῦ
869 1618 991 1671 καθ’
1022 1620 1167 1690 ὑμᾶς
1198 1620 1478 1683 ἐλάττονός
1500 1638 1558 1673 τε
1593 1622 1685 1674 καὶ
1709 1639 1858 1691 μειο-

263 1708 651 1777 νεκτουμένου,
707 1706 796 1780 ἆρ’
842 1711 941 1782 οὑχ
990 1712 1151 1783 ὁρᾶτε
1206 1711 1393 1764 λοιπὸν
1424 1711 1668 1782 ἀκάνθης
1700 1713 1856 1782 δίκην

1964 514 2207 570 dicitur?
2235 518 2305 571 At
2341 520 2601 589 quidnam
2635 522 2761 578 inde
2791 525 3078 595 sequitur?
3111 527 3300 583 Onmis
3333 530 3424 583 illa
3454 548 3545 586 ve-

1964 616 2082 663 stra
2131 611 2187 664 in
2237 611 2472 665 nihilum
2515 613 2628 667 abit
2686 618 3010 685 propositio.
3072 618 3354 684 Quatenus
3396 624 3542 677 enim

1963 698 2126 755 Pater
2163 716 2193 754 a
2232 702 2387 757 vobis
2432 704 2609 772 major
2644 704 2781 759 Filio
2814 707 3040 774 dicitur,
3071 719 3321 764 creatura
3359 722 3542 767 autem

1964 792 2165 856 minor,
2201 794 2379 848 media
2412 796 2657 864 qntedam
2691 804 2776 852 est
2820 813 2883 851 ex
2920 802 3189 853 sententia
3222 809 3402 855 vestra
3441 819 3542 857 na—

1963 892 2087 937 tura
2122 884 2424 955 Unigeniti.
2477 887 2689 943 Natura
2740 899 2920 945 autem
2961 891 3142 946 Patris
3192 894 3245 945 in
3285 891 3407 947 Filii
3446 910 3545 948 na-

1963 982 2141 1029 turatn
2172 976 2457 1046 depressa,
2492 980 2780 1049 cujusnam
2816 982 3030 1036 tandem
3080 986 3187 1039 erit
3231 986 3467 1049 medius,
3498 987 3545 1041 si

1963 1084 2071 1123 non
2113 1070 2185 1124 sit
2216 1072 2309 1139 qui
2340 1087 2505 1141 supra
2537 1073 2608 1128 sit
2641 1076 2857 1144 positus
2887 1086 2941 1129 et
2968 1077 3247 1130 emineat?
3276 1077 3432 1142 Quod
3475 1080 3544 1139 si,

1963 1167 2022 1210 ut
2054 1160 2230 1223 aiunt,
2276 1168 2334 1214 ut
2381 1161 2757 1231 homogeneus
2806 1159 2953 1218 Patri
2993 1175 3373 1235 comparatur,
3405 1184 3540 1236 quo-

1961 1253 2124 1307 modo
2153 1269 2262 1307 non
2296 1268 2405 1307 una
2434 1254 2488 1307 in
2520 1256 2791 1312 ambobus
2840 1258 2943 1311 erit
2981 1258 3308 1313 substantia:
3358 1261 3544 1314 ratio?

1959 1343 2095 1397 Cum
2126 1353 2310 1400 autem
2346 1346 2527 1403 Patris
2561 1350 2798 1419 gloriam
2831 1352 2897 1405 ad
2945 1352 3066 1421 cjus
3117 1354 3207 1422 qui
3250 1369 3317 1408 ex
3362 1363 3544 1407 vestra

1961 1437 2235 1490 sententia
2287 1437 2471 1491 minor
2521 1446 2629 1505 est,
2683 1440 2910 1510 gloriam
2960 1439 3291 1505 deducatis,
3341 1439 3542 1493 Filium

1959 1531 2496 1586 consubstantialem
2548 1549 2671 1588 esse
2715 1532 2866 1587 Patri
2928 1533 3086 1589 fateri
3135 1534 3405 1597 nolentes,
3448 1532 3542 1587 sed

1957 1635 2083 1675 eum
2140 1623 2327 1691 potius
2394 1624 2663 1678 minorem
2720 1639 2843 1680 esse
2913 1633 3245 1691 statuentes,
3292 1624 3542 1693 nunquid

1959 1715 2131 1783 Spina
2160 1716 2339 1770 instar
2368 1730 2725 1772 succrescere
2762 1717 3159 1785 blasphemiam
3198 1717 3544 1771 animadver-

264 1800 664 1854 ἀνατέλλουσαν
717 1800 817 1873 τὴν
866 1802 1227 1873 δυσφημίαν;
1277 1798 1408 1873 ’Ἆρ’
1456 1802 1577 1873 οὐχὶ
1606 1802 1730 1875 ῥίζα
1765 1822 1852 1858 πι-

1957 1807 2112 1861 titis?
2162 1806 2350 1863 Nonne
2405 1809 2563 1863 radix
2620 1808 3007 1864 amaritudinis
3059 1824 3281 1864 sursum
3339 1809 3542 1879 germi-

265 1892 431 1961 κρίας
461 1892 574 1946 ἄνω
605 1893 819 1961 φύουσα
873 1894 974 1965 τὴν
1016 1895 1124 1949 τῶν
1153 1893 1297 1948 οὕτω
1325 1896 1684 1965 διακειμένων
1718 1914 1855 1968 καροσ

262 1985 385 2039 δίαν
417 1986 779 2057 παρενοχλεῖ;
843 1987 909 2039 Τί
960 1987 1164 2053 τοίνυν,
1194 1988 1425 2056 ἀφέντες
1464 1988 1556 2041 τὸν
1589 1989 1724 2059 εὑθῆ
1752 1989 1854 2057 τῆς

264 2074 525 2145 ἀληθείας
550 2076 730 2144 λόγον,
779 2078 859 2140 εἰς
918 2076 1192 2147 τοσαύτην
1218 2078 1451 2131 ἀτοπίαν
1483 2075 1853 2147 παρελαύνετε

263 2166 545 2236 λογισμῶν
570 2186 585 2235 ;
614 2169 742 2221 Δότε
774 2168 861 2240 δὴ,
916 2169 1035 2222 δότε
1070 2169 1146 2239 τῷ
1180 2171 1433 2239 ὁμογενεῖ
1478 2170 1599 2222 καθ’
1627 2171 1770 2241 ὑμᾶς
1794 2171 1855 2223 τὸ

262 2258 325 2309 ἐν
360 2257 566 2328 ἰσότητι
599 2258 816 2312 κεῖσθαι
878 2258 972 2312 τοῦ
1024 2260 1161 2313 Θεοῦ
1192 2261 1286 2313 καὶ
1318 2260 1548 2332 Πατρός.
1569 2259 1725 2314 Οὕτω
1748 2260 1855 2330 γὰρ

263 2341 347 2411 εἷς
406 2349 562 2404 ἔσται
605 2350 758 2414 Θεὸς,
811 2352 869 2404 ἐν
927 2352 1060 2422 ἁγίᾳ
1104 2370 1162 2406 τε
1226 2354 1322 2405 καὶ
1366 2353 1853 2425 ὁμοουσίῳΤριάδι

264 2438 747 2509 προσκυνούμενός
772 2457 831 2492 τε
868 2442 963 2494 καὶ
1006 2441 1285 2511 δοξολογού
1296 2460 1475 2513 μενος,
1500 2445 1637 2513 πρός
1669 2462 1729 2496 τε
1753 2445 1853 2517 ἤδη

261 2529 299 2599 ἡ
310 2527 425 2598 μῶν
453 2528 633 2582 αὑτῶν
658 2532 753 2583 καὶ¹
780 2530 889 2584 τῶν
925 2532 1098 2601 ἁγίων
1126 2534 1396 2603 ἀγγέλων.

340 2621 447 2675 Καὶ
472 2622 589 2676 νῦν
630 2622 845 2691 εἴρηκα
894 2624 1038 2695 ὑμῖν
1063 2627 1206 2694 πρὶν
1248 2628 1550 2697 γενέσθαι,
1579 2628 1680 2682 ἵνα
1709 2629 1856 2682 ὅταν

260 2713 510 2784 γένηται
532 2716 926 2784 πιστεύσητε.

350 2806 614 2876 Ἀσφαλὲς
641 2808 899 2881 ἐνέχυρον
920 2810 1030 2863 τῶν
1071 2810 1293 2865 ἔσεσθαι
1324 2812 1793 2884 προσδοκωμένων
1819 2827 1853 2884 η

262 2901 397 2971 περὶ
435 2900 615 2955 αὑτῶν
676 2903 872 2972 ὁρᾶται
923 2903 1246 2976 πρόρρησις.
1299 2906 1518 2958 Βεὸαιοῖ
1563 2905 1853 2977 τοιγαροῦν

260 2990 378 3042 τῶν
432 2989 691 3061 μαθητῶν
738 2992 839 3061 τὴν
892 2994 1144 3063 καρδίαν,
1176 2996 1272 3048 καὶ
1323 2997 1607 3065 ἀραρότως
1637 2998 1854 3066 φρονεῖν

262 3084 551 3137 ἀναπείθει
578 3084 836 3157 Χριστὸς,
878 3087 1071 3159 ὅτιπερ
1111 3087 1319 3141 ἄνεισιν
1353 3088 1570 3160 ἀληθῶς
1596 3090 1732 3161 πρὸς
1760 3090 1853 3143 τὸν

1955 1913 2096 1953 nans
2129 1913 2321 1953 eorum
2359 1900 2453 1969 qui
2502 1902 2575 1955 ita
2622 1902 2866 1956 sentiunt
2916 1917 3014 1956 cor
3056 1901 3371 1956 obturbat?
3430 1902 3541 1956 Cur

1955 1989 2161 2060 itaque,
2190 1992 2386 2045 relicta
2416 1993 2665 2048 veritatis
2694 2001 2841 2048 recta
2876 1994 3115 2060 ratione,
3134 1994 3189 2047 in
3214 2002 3420 2047 tantam
3450 2008 3539 2047 ra-

1954 2082 2373 2136 tiocinationum
2400 2083 2800 2139 absurditatem
2826 2083 3141 2140 dellectitis?
3156 2084 3309 2150 Date,
3328 2099 3536 2153 quaeso,

1953 2172 2083 2229 date
2112 2176 2479 2245 homogeneo,
2521 2184 2583 2229 ut
2608 2176 2797 2240 vultis,
2837 2175 3001 2241 Filio,
3033 2192 3156 2230 eum
3191 2176 3302 2231 Deo
3342 2192 3406 2230 ac
3435 2174 3538 2229 Pa-

1956 2274 2039 2320 tre
2073 2268 2466 2338 aequalitatem.
2512 2265 2604 2322 Sic
2630 2269 2776 2323 enim
2806 2285 2950 2324 unus
2975 2270 3079 2324 erit
3114 2269 3258 2324 Deus
3293 2284 3453 2339 quem
3484 2269 3538 2322 in

1955 2370 2146 2415 sancta
2181 2369 2235 2415 et
2262 2360 2728 2417 consubstantiali
2764 2360 3056 2428 Trinitate,
3098 2377 3222 2416 cum
3262 2378 3366 2416 nos
3412 2362 3538 2430 ipsi,

1955 2462 2069 2508 tum
2105 2453 2286 2509 sancti
2317 2453 2519 2524 angeli,
2551 2452 2846 2509 adoramus
2878 2463 2932 2509 et
2959 2453 3355 2525 gloriﬁcamus.

2026 2622 2170 2691 XIV,
2199 2624 2290 2681 29.
2330 2624 2401 2679 Et
2440 2643 2582 2681 nunc
2618 2626 2734 2681 dixi
2762 2627 2908 2681 vobis
2934 2628 3249 2698 priusquam
3295 2629 3393 2698 ﬁat
3418 2669 3432 2694 ,
3480 2637 3539 2682 ut

1954 2731 2077 2769 cum
2103 2716 2310 2784 factum
2343 2715 2527 2785 fuerit,
2559 2716 2815 2772 credatis.

2026 2808 2250 2862 Certum
2281 2811 2479 2881 pignus
2509 2816 2699 2865 earum
2728 2826 2848 2880 quae
2884 2808 3002 2865 fore
3028 2826 3314 2880 speramus
3343 2825 3535 2865 eorum

1954 2908 2040 2955 est
2071 2901 2376 2969 praedictio.
2420 2902 2729 2957 Conﬁrmat
2777 2903 2943 2972 igitur
2987 2916 3086 2957 cor
3116 2904 3536 2973 discipulorum,

1954 3002 2011 3047 at
2051 2993 2282 3049 ﬁrmiter
2309 2994 2535 3050 credere
2571 2996 2733 3066 jubet
2765 2995 3023 3050 Christus
3065 3011 3124 3051 se
3162 3011 3289 3051 vere
3341 2997 3404 3050 ad
3440 2996 3542 3050 Pa-

1956 3091 2097 3138 trem
2128 3083 2412 3138 emlestem
2443 3086 2671 3152 reverti,
2706 3093 3062 3154 regnaturum
3092 3101 3215 3140 cum
3261 3100 3328 3140 eo
3376 3093 3541 3155 atque

262 3176 329 3229 ὲν
355 3179 467 3239 τοῖς
490 3176 737 3249 οὐρανοῖς
765 3179 992 3248 Πατέρα
1012 3180 1108 3233 καὶ
1136 3180 1288 3247 Θεὸν,
1306 3181 1756 3251 συμϐασιλεύσων
1797 3200 1852 3235 τε

1963 3187 2071 3227 una
2104 3188 2529 3241 consessurum,
2559 3185 2619 3229 ut
2647 3176 2743 3243 qui
2775 3175 2918 3231 Deus
2951 3176 3041 3244 sit,
3077 3185 3131 3230 et
3165 3191 3232 3229 ex
3281 3176 3400 3247 ipso
3449 3192 3540 3231 se—

262 3266 530 3338 αὐτῷκαὶ
557 3269 949 3341 συνεδρεύσων,
982 3271 1059 3335 ὡς
1096 3272 1251 3336 Θεὸς,
1292 3274 1387 3327 καὶ
1426 3273 1485 3338 ἐξ
1513 3274 1679 3328 αὑτοῦ
1712 3274 1857 3327 κατά

258 3361 429 3429 φύσιν
454 3361 530 3426 ὡς
552 3361 685 3426 Θεὸς
710 3364 1132 3434 γεγεννημένος.
1173 3365 1267 3436 Μὴ
1307 3366 1417 3437 γὰρ
1442 3366 1529 3437 δὴ,
1564 3367 1722 3438 φησι,
1753 3366 1855 3439 τὴν

258 3453 405 3524 ἐμὴν
438 3454 748 3524 ἀπόλειψιν.
808 3457 909 3528 τὴν
964 3458 1106 3510 κατὰ
1138 3457 1320 3529 σάρκα
1340 3460 1436 3512 καλ⁸
1458 3461 1677 3530 ἐμφανῆ
1709 3461 1856 3528 (συν-

259 3544 460 3616 έσομαι
481 3546 591 3617 γὰρ
621 3548 771 3619 ὑμῖν,
798 3549 873 3612 ὡς
903 3549 1058 3613 Θεὸς,
1093 3549 1182 3603 διὰ
1211 3550 1458 3623 παντὸς),
1494 3552 1552 3604 ἐν
1585 3551 1684 3622 ἴσῳ
1708 3550 1856 3619 λογί-

261 3637 434 3709 σησθε
456 3639 557 3710 τῆς
590 3640 699 3695 τῶν
729 3642 903 3710 ἁγίων
930 3644 1250 3715 προφητῶν.
1283 3646 1346 3697 Οἱ
1379 3643 1478 3715 μὲν
1509 3645 1643 3716 γὰρ,
1666 3645 1761 3699 ἀτε
1790 3645 1854 3717 δὴ

261 3730 363 3784 καὶ
383 3731 489 3784 ἀπὸ
512 3732 618 3802 γῆς
674 3734 961 3801 γεγονότες
1008 3734 1105 3788 καὶ⁸
1136 3737 1203 3807 τῇ
1257 3734 1363 3807 ίδίᾳ
1401 3735 1561 3803 φύσει
1587 3736 1647 3789 τὸ
1676 3734 1854 3807 χρεὼν

258 3822 646 3890 ἀποτίσαντες,
684 3826 1090 3897 συνεστάλησάν
1143 3844 1204 3880 τε
1237 3829 1333 3881 καὶ
1366 3828 1752 3899 κεχωρήκασιν
1774 3828 1855 3892 εἰς

255 3916 354 3970 τὸν
386 3915 697 3991 ἀνθρώποις
723 3919 1004 3990 πρέποντα
1028 3920 1192 3991 νόμον
1218 3938 1230 3951 ·
1269 3920 1401 3984 Θεὸς
1432 3920 1488 3973 δὲ
1518 3922 1659 3973 κατά
1689 3920 1852 3990 φύσιν

257 4007 527 4077 ὑπάρχων
577 4007 709 4077 ἐγὼ,
762 4010 865 4063 οὑκ
923 4011 981 4063 ἐν
1027 4010 1127 4082 ἴσῳ
1162 4011 1346 4082 μέτρῳ
1378 4014 1491 4074 τοῖς
1512 4011 1577 4064 δι’
1610 4012 1851 4082 ἐμαυτοῦ

256 4102 513 4170 γεγονόσι
565 4103 837 4173 κείσομαι,
861 4102 953 4155 τὸν
986 4102 1090 4171 τῆς
1136 4102 1487 4166 ἀναστάσεως
1534 4102 1850 4173 περιμένων

257 4193 453 4264 καιρόν
481 4208 494 4222 ⁸
521 4192 599 4258 ζῶ
619 4193 728 4264 γὰρ
759 4195 867 4259 ἀεὶ,
898 4194 1010 4265 ζωὴ
1053 4195 1196 4248 κατά
1238 4194 1401 4263 φύσιν
1430 4195 1695 4266 ὑπάρχων
1716 4212 1729 4226 ⁶
1756 4196 1852 4249 καὶ

257 4285 548 4338 ἀποστελῶ
569 4288 661 4338 τὸν
688 4286 1077 4358 Παράκλητον,
1109 4286 1360 4339 ἐπιδώσω
1397 4287 1455 4339 δὲ
1482 4286 1609 4357 ὑμῖν
1638 4288 1732 4340 καὶ
1776 4290 1852 4341 εί-

260 4380 434 4450 ρήνην
464 4380 563 4449 τὴν
593 4380 755 4450 ἐμὴν,
802 4381 898 4433 καὶ
944 4380 1005 4432 οὑ
1064 4379 1450 4450 διαψεύσομαι,
1484 4379 1714 4434 ἀλλ’ἵνα
1752 4398 1848 4433 τυ-

1957 3266 2203 3321 cundum
2249 3276 2507 3321 naturam
2558 3276 2623 3321 ut
2665 3267 2809 3322 Deus
2848 3268 3092 3339 genitus.
3138 3267 3251 3323 Nec
3295 3270 3439 3324 enim
3473 3270 3542 3323 de

1956 3374 2076 3414 mea
2114 3360 2391 3423 absentia,
2441 3362 2644 3430 inquit,
2678 3362 2982 3415 secundum
3019 3376 3241 3416 carnem
3300 3366 3542 3431 (semper

1955 3453 2104 3508 enim
2133 3454 2419 3509 vobiscum
2455 3469 2574 3517 ero,
2608 3464 2669 3509 ut
2719 3454 2912 3524 Deus),
2947 3454 3175 3523 perinde
3207 3469 3269 3509 ac
3302 3454 3368 3508 de
3410 3471 3541 3508 san-

1956 3553 2172 3599 ctorum
2196 3546 2592 3617 prophetarum
2623 3547 2870 3601 absentia
2900 3546 3166 3616 judicale.
3195 3545 3259 3599 Hi
3284 3548 3451 3612 enim,
3470 3548 3539 3600 de

1955 3642 2105 3691 terra
2134 3636 2342 3690 conditi
2377 3644 2431 3691 et
2469 3652 2581 3691 sua:
2612 3645 2826 3690 naturae
2850 3636 3094 3690 debitum
3137 3637 3537 3705 persolventes,

1955 3729 2227 3784 subtraeti
2265 3738 2412 3792 sunt,
2457 3735 2512 3783 et
2553 3728 2725 3798 legem
2760 3728 3075 3783 hominibus
3116 3729 3536 3782 convenientem

1954 3821 2231 3876 inierunt:
2281 3819 2427 3875 Deus
2456 3828 2637 3874 autem
2666 3835 2790 3874 cum
2828 3835 2928 3890 ego
2963 3820 3068 3875 sim
3100 3820 3401 3875 secundum
3436 3836 3535 3874 na-

1955 3923 2161 3977 turam,
2196 3929 2305 3968 non
2334 3914 2561 3982 perinde
2608 3928 2673 3967 ac
2722 3915 2975 3968 homines
3016 3930 3115 3984 per
3144 3930 3229 3968 me
3258 3914 3412 3981 facti,
3448 3931 3537 3971 re—

1955 4008 2318 4064 surrectionis
2363 4014 2581 4076 tempus
2625 4007 2996 4076 exspectabo:
3048 4007 3172 4060 vivo
3204 4007 3349 4061 enim
3391 4022 3537 4061 sem-

1954 4118 2070 4172 per,
2104 4101 2214 4155 vita
2242 4116 2366 4155 cum
2400 4101 2502 4155 sim
2534 4100 2839 4154 secundum
2881 4108 3173 4166 naturam;
3220 4107 3274 4152 et
3323 4099 3533 4151 mittam

1952 4192 2323 4256 Paracletum,
2374 4204 2666 4258 meamque
2710 4189 2868 4242 vobis
2912 4202 3102 4255 pacem
3144 4186 3307 4251 dabo,
3357 4201 3537 4255 neque

1952 4287 2212 4351 mentiar,
2247 4284 2340 4338 sed
2376 4290 2435 4336 ut
2486 4280 2877 4352 promissionis
2924 4287 3210 4349 compotes
3256 4286 3310 4333 et
3356 4280 3534 4333 sancti

1954 4377 2195 4448 Spiritus
2241 4374 2405 4445 853
2457 4373 2717 4429 illustrati
2778 4372 2978 4443 gratia,
3033 4386 3152 4425 mea
3188 4371 3355 4425 verba
3405 4386 3535 4425 vera

256 4470 446 4540 χόντες
475 4470 574 4541 τῆς
607 4470 942 4542 ἐπαγγελίας
968 4471 1060 4524 καὶ
1098 4474 1164 4543 τῇ
1199 4470 1293 4525 τοῦ
1340 4472 1495 4539 ἁγίου
1530 4471 1849 4541 Πνεύματος

1957 4486 2077 4526 esse
2136 4467 2440 4531 fateamini,
2486 4466 2541 4519 in
2576 4464 3044 4525 recordationem,
3091 4463 3172 4516 uti
3212 4463 3349 4525 dixi,
3388 4462 3537 4517 facto

259 4562 744 4635 λελαμπρυσμένοι
791 4565 996 4637 χάριτι,
1023 4567 1135 4627 τοῖς
1190 4566 1343 4634 ἐμοῖς
1368 4564 1547 4633 λόγοις
1580 4566 1847 4638 ἐπιψηφί-

261 4654 421 4707 σεσοε
441 4655 540 4726 τὴν
561 4656 841 4727 ἀλήθειαν,
863 4658 945 4721 εἰς
964 4658 1291 4727 ἀνάμνησιν,
1312 4657 1387 4721 ὡς
1405 4657 1563 4728 ἔφην,
1591 4658 1729 4728 μετά
1749 4659 1848 4731 τὴν

260 4748 457 4818 πεῖραν
509 4748 818 4821 ἐρχόμενοι,
875 4749 970 4802 καὶ
1024 4750 1111 4802 ἵνα
1154 4750 1486 4819 πιστεύσητε
1519 4751 1848 4821 πεπηγότως

264 4838 349 4891 ὅτι
388 4838 604 4909 σύνειμι
632 4820 750 4893 καὶ.
789 4840 1177 4910 συμϐασιλεύω
1203 4841 1305 4912 -τῷ
1358 4842 1553 4911 Πατρ“ι,
1606 4844 1847 4913 προδιεί-

260 4930 463 5000 λεγμαι
486 4931 647 4983 ταυτὶ
687 4930 783 4983 καὶ
808 4931 1084 5001 λελάληκα
1114 4933 1250 5001 πρὸς
1283 4933 1449 5002 ὑμᾶς.
1490 4931 1848 5003 Ἐξεγγυήσε-

256 5041 350 5076 ται
375 5023 476 5092 τὴν
502 5024 559 5077 ἐν
580 5025 693 5086 τοῖς
726 5024 1041 5096 εἰρημένοις
1061 5025 1321 5095 ἀλήθειαν
1354 5025 1533 5078 τοίνυν
1552 5026 1651 5095 τῆς
1676 5026 1848 5093 ἐπαγ-

258 5115 445 5182 γελίας
470 5115 532 5167 τὸ
563 5116 758 5186 πέρας.
793 5116 856 5169 Εἰ
895 5116 1002 5187 γάρ
1029 5117 1104 5187 μὴ
1128 5117 1262 5186 ζωὴ,
1296 5118 1480 5188 φησὶν,
1528 5119 1578 5170 εί
1615 5117 1690 5189 μὴ
1725 5136 1848 5171 συν-

258 5204 463 5276 εδρεύω
488 5205 565 5276 τῷ
592 5206 711 5277 Θεῴ
750 5207 845 5260 καὶ
885 5207 1084 5279 Πατρὶ,
1130 5208 1248 5271 πῶς
1288 5208 1355 5262 ἂν
1393 5208 1556 5271 αὑτὸς
1602 5208 1846 5279 ἐπιδοίην

258 5301 328 5354 τὰ
353 5300 474 5354 θεῖα
508 5302 602 5354 καὶ
644 5301 992 5371 πνευματικά
1042 5302 1399 5372 χαρίσματα;
1464 5302 1714 5371 Διανεμῶ
1765 5302 1841 5367 δὲ,

257 5393 509 5463 καθάπερ
550 5393 921 5463 ἐπήγγελμαι,
988 5396 1282 5465 χορηγήσω
1311 5394 1367 5445 δέ
1411 5395 1504 5445 καὶ
1533 5392 1593 5446 τὸ
1622 5392 1846 5464 Πνεῦμα

259 5486 352 5537 καὶ
384 5484 484 5554 τὴν
534 5484 778 5553 εἰρήνην.
821 5479 955 5536 Εἶτα
1005 5485 1123 5547 πῶς
1179 5486 1281 5537 οὑκ
1339 5483 1711 5553 ἀναμφίλογον
1759 5486 1842 5537 ὅτι

258 5576 369 5648 ζωή
422 5579 539 5647 εἰμι
586 5577 681 5629 καὶ
728 5575 1111 5645 συμϐασιλεύω
1153 5574 1290 5646 μετά
1320 5577 1572 5646 Πατρὸς;
1626 5577 1700 5629 Οὐ
1732 5576 1841 5647 γὰρ

254 5667 350 5719 τοῦ
380 5668 455 5739 μὴ
481 5666 656 5731 ὄντος,
683 5667 717 5737 ἢ
755 5666 921 5737 μηδὲν
971 5666 1246 5735 ἰσχύοντος
1292 5666 1451 5739 ἔργον
1483 5669 1621 5731 ἐστὶ,
1641 5668 1700 5721 τὸ
1730 5671 1840 5731 τοῖς

258 5756 420 5813 θείοις
468 5756 955 5829 καταλαμπρύνειν
1001 5757 1303 5829 χαρίσματι
1359 5758 1484 5836 τοὺς
1507 5758 1839 5827 ἀγαπῶντας

1955 4562 2036 4617 rei
2090 4559 2340 4632 periculo
2376 4556 2618 4620 adducti,
2648 4564 2710 4610 et
2758 4567 2819 4609 ut
2872 4554 3103 4608 ﬁrmiter
3154 4553 3400 4607 credatis
3450 4570 3538 4605 me

1950 4667 2058 4707 una
2106 4666 2231 4707 esse
2276 4665 2342 4704 ac
2391 4649 2556 4705 simul
2588 4664 2714 4703 cum
2743 4646 2906 4701 Patre
2947 4662 3199 4717 regnare,
3252 4647 3355 4700 ista
3393 4660 3534 4714 prae-

1949 4746 2067 4799 dixi
2113 4752 2169 4798 et
2208 4744 2425 4798 locutus
2474 4757 2595 4795 sum
2638 4741 2817 4795 vobis.
2859 4740 3157 4795 Veritatem
3208 4739 3375 4809 igitur
3414 4753 3533 4791 ser-

1948 4853 2174 4893 monum
2224 4835 2614 4907 promissionis
2646 4835 2829 4889 exitus
2860 4832 3265 4903 comprobabit.
3306 4831 3442 4884 Nam
3485 4830 3533 4884 si

1948 4930 2060 4984 vita
2089 4944 2200 4984 non
2227 4943 2371 4992 sum,
2395 4927 2595 4996 inquit,
2628 4926 2676 4981 si
2705 4940 2816 4981 non
2850 4940 2958 4978 una
2984 4941 3107 4977 cum
3140 4923 3251 4978 Deo
3271 4938 3335 4976 ac
3367 4918 3532 4975 Patre

1945 5024 2141 5087 sedeo,
2166 5036 2409 5092 quonam
2450 5026 2612 5089 pacto
2640 5019 2759 5089 ipse
2787 5016 2976 5072 divina
3002 5025 3056 5071 et
3082 5016 3354 5087 Spiritalia
3389 5014 3531 5068 dona

1947 5117 2245 5172 dederim?
2278 5113 2624 5170 Distribuam
2666 5126 2819 5175 vero,
2858 5108 3018 5166 sicuti
3058 5108 3308 5178 promisi,
3343 5115 3397 5161 et
3422 5107 3531 5159 lar-

1948 5212 2066 5282 giar
2106 5209 2372 5280 Spiritum
2401 5215 2457 5264 et
2488 5222 2703 5278 pacem.
2732 5205 2802 5258 At
2828 5200 3106 5274 quomodo
3154 5216 3262 5253 non
3318 5206 3529 5252 certum

1947 5314 2001 5358 et
2034 5302 2399 5356 indubitatum
2440 5310 2525 5355 est
2563 5314 2652 5353 me
2698 5299 2864 5352 vitam
2897 5310 3041 5358 esse,
3076 5300 3131 5347 et
3161 5304 3387 5360 regnare
3420 5305 3530 5343 una

1946 5406 2071 5445 cum
2104 5390 2299 5445 Patre?
2326 5390 2537 5443 Divinis
2565 5388 2767 5457 quippe
2796 5386 2957 5439 donis
2990 5385 3272 5438 illustrare
3304 5378 3533 5449 diligen-

1949 5492 2028 5537 tes
2068 5498 2148 5545 se,
2194 5498 2335 5552 opus
2387 5498 2495 5537 non
2530 5488 2615 5535 est
2663 5479 2786 5546 ejus
2838 5477 2929 5546 qui
2982 5490 3088 5529 non
3137 5473 3229 5539 sit,
3257 5478 3353 5525 aut
3393 5471 3531 5525 nihil

1945 5575 2143 5644 possit,
2180 5575 2275 5630 sed
2309 5574 2429 5643 ejus
2459 5573 2551 5643 qui
2579 5580 2665 5626 est
2693 5585 2755 5624 ac
2789 5576 2987 5640 potest,
3023 5582 3086 5620 ac
3118 5567 3171 5619 in
3204 5575 3529 5637 perpetuum

1944 5676 2158 5736 regnat.
2210 5666 2363 5732 Quod
2416 5680 2549 5737 ergo
2587 5679 2698 5719 non
2755 5660 2958 5716 frustra
2999 5674 3183 5713 rerum
3221 5658 3531 5712 futurarum

1944 5757 2355 5829 praedictionem
2410 5756 2625 5822 fecerit,
2670 5755 2756 5808 his
2800 5753 2982 5809 verbis
3026 5751 3214 5805 docuit
3255 5751 3531 5816 Christus,
