3892 6202
390 367 499 421 327

1431 357 1491 412 S.
1519 353 1804 410 CYBILLI
1844 351 2316 409 A‘LEXANDR'INI
2350 348 2672 406 ARCIIIEP.

3562 345 3673 402 523

393 478 466 534 Ut
493 479 639 535 enim
685 479 979 534 certiorem
1013 475 1135 546 ejus
1175 474 1255 530 rei
1303 472 1464 528 [idem
1494 471 1785 535 haberent,
1823 487 1980 524 reno-

2087 470 2273 535 αύτὺν,
2323 468 2461 522 ἀλλά
2490 466 2585 520 τοῦ
2615 466 2770 528 ὄντος
2807 480 2865 516 τε
2901 463 2992 516 καὶ
3019 462 3342 534 δυναμένου,
3370 463 3467 516 καὶ
3496 462 3677 519 simul

392 583 521 627 vata
576 586 763 627 rerum
798 579 926 626 ante
956 569 1360 642 promissarum
1402 566 1669 621 memoria
1715 579 1839 619 cum
1881 564 1978 617 do-

392 680 591 718 norum
625 664 752 719 facti
781 673 970 720 essent
999 670 1306 734 eumpotes,
1340 659 1792 717 di‘ssertatiouem
1834 657 1977 710 hanc

392 774 519 810 cum
559 757 626 812 iis
659 758 902 811 habitam
935 772 1059 812 esse
1091 757 1188 810 ait.

2083 561 2482 632 βασιλεύοντος.
2509 560 2634 612 Ὅτι
2655 559 2835 610 τοίνυν
2864 556 2964 610 οὐκ
2990 556 3213 619 είκαίως
3241 555 3340 627 τὴν
3366 555 3678 627 πρόρρησιν

2081 656 2180 726 τὴν
2233 656 2324 707 ἐπὶ
2370 655 2484 715 τοῖς
2542 651 2821 722 ἐσομένοις
2863 651 3174 719 ἐποιήσατο,
3214 649 3303 701 διὰ
3330 648 3538 700 τούτων
3568 647 3678 700 εδε-

2076 746 2236 810 δαξεν
2265 747 2294 800 6
2337 745 2594 815 Χριστός.
2622 743 2739 795 Ἵνα
2772 741 2883 812 γὰρ
2935 740 3347 810 ἀσφαλεστέραν
3373 738 3548 811 ἔχοιεν
3575 737 3677 802 τὴν

394 853 482 904 ἐπ’
516 850 668 921 αύτῷ
709 850 912 914 πίστιν,
951 848 1091 919 μετὰ
1126 847 1358 918 τὴντῶν
1394 845 1751 918 χαρισμάτων
1817 843 2014 911 πεῖραν
2055 841 2134 903 είς
2185 837 2393 891 ἔννοιάν
2431 853 2492 890 τε
2550 836 2643 889 καὶ
2691 835 2912 906 μνήμην
2974 833 3084 886 τῶν
3131 831 3674 904 προεπηγγελμένων

389 944 680 1016 ἐρχόμενοι
703 941 1032 1014 πεποιῆσθαί
1057 958 1189 1011 φησι
1209 939 1307 1011 τὴν
1332 937 1585 1005 διάλεξιν.

470 1033 608 1099 XIV,
642 1035 733 1098 50,
761 1035 850 1088 ³51.
884 1032 1007 1086 lam
1049 1050 1152 1087 non
1188 1033 1359 1086 multa
1424 1031 1613 1101 loquar
1666 1028 1931 1084 vobiscum
1958 1043 1977 1080 :

395 1127 534 1182 venit
571 1127 708 1180 enim
735 1126 979 1196 princeps
1006 1124 1189 1178 mundi
1219 1123 1476 1192 Itujus,..et
1503 1125 1556 1176 in
1587 1138 1669 1175 me
1697 1138 1800 1174 non
1823 1119 1977 1172 habet

391 1221 724 1290 quidquam;
765 1217 854 1272 sed
906 1227 964 1270 ut
1021 1225 1305 1286 cognoscat
1356 1213 1586 1268 mundus
1636 1213 1763 1283 quia
1811 1211 1978 1281 diligo

399 1314 636 1375 Patrem,
681 1322 729 1364 et
769 1310 907 1364 sicut
956 1309 1271 1362 mandatum
1312 1306 1459 1362 dedit
1504 1306 1635 1359 mihi
1667 1301 1853 1369 Pater,
1899 1305 1978 1357 sic

396 1409 555 1461 facio.

461 1511 629 1579 Quasi
655 1508 832 1564 Judaei
854 1508 969 1578 jam
1001 1504 1244 1560 adfuturi
1276 1511 1462 1559 essent
1489 1518 1614 1557 cum
1649 1517 1712 1558 ea
1744 1516 1852 1573 qua
1879 1501 1980 1558 sti-

388 1606 560 1679 pandi
607 1611 767 1658 crant
813 1601 1045 1654 cohorte
1084 1599 1315 1668 ejusque
1353 1597 1612 1668 principe
1654 1603 1711 1650 et
1775 1595 1981 1648 antesi—

394 1713 600 1772 gnano,
635 1696 730 1766 qui
763 1710 823 1750 se
863 1693 1197 1747 traditurum
1221 1706 1354 1746 eum
1400 1690 1686 1760 pollicitus
1739 1695 1879 1753 erat,
1926 1697 1981 1743 ct

392 1787 849 1861 couiipreltensuri
885 1786 1130 1849 tandem,
1156 1798 1264 1838 nec
1293 1782 1468 1836 multo
1500 1791 1627 1852 post
1665 1781 1720 1835 in
1755 1797 1975 1836 crucem

393 1894 449 1942 et
473 1900 595 1956 quae
617 1897 844 1938 crucem
871 1879 1204 1935 antecedere
1253 1877 1529 1932 debebant
1575 1875 1846 1946 supplicia
1877 1874 1969 1930 dco
2009 1889 2050 1944 Β

395 1978 638 2046 ducturi,
664 1975 814 2046 loqui
863 1973 1085 2028 tandem
1126 1978 1484 2026 cessaturum
1530 1985 1591 2024 se
1624 1967 1803 2024 dixit:
1840 1982 1978 2023 con-

397 2081 636 2127 tractum
678 2069 880 2140 quippe
912 2075 1130 2136 tempus
1170 2073 1224 2120 et
1256 2063 1343 2117 vix
1379 2061 1502 2132 ejus
1539 2061 1748 2133 aliquid
1783 2077 1977 2131 super-

394 2180 538 2222 esse.
571 2162 888 2218 Judasorum
921 2159 1067 2216 enim
1111 2157 1438 2212 crudelitate
1471 2155 1529 2209 in
1557 2171 1646 2210 me
1697 2155 1975 2216 stet-iente.

394 2270 452 2316 et
474 2261 587 2330 jam
616 2258 758 2312 int-ra
790 2263 976 2327 portas
1005 2253 1156 2323 ipsas
1195 2249 1517 2314 exsistente,
1552 2263 1663 2303 non
1686 2247 1800 2317 jam
1843 2246 1978 2300 allo-

395 2348 599 2421 quendi
644 2363 763 2413 vos,
795 2344 889 2400 sed
912 2341 1164 2416 patiendi
1201 2349 1418 2411 tempus
1448 2340 1720 2394 imminet.
1759 2338 1980 2410 Quippe

402 2461 422 2494 ι
453 2441 605 2497 venit
634 2439 892 2510 princeps
924 2436 1114 2491 mundi
1141 2435 1330 2504 hujus,
1364 2432 1565 2504 inquit,
1591 2443 1645 2486 et
1671 2432 1726 2486 in
1755 2448 1840 2487 me
1867 2447 1979 2486 non

399 2535 566 2590 habet
584 2531 1161 2603 quidquaanoriar
1181 2546 1334 2597 vero,
1357 2531 1522 2599 idque
1543 2531 1902 2601 perlibenter,
1925 2537 1980 2586 et

397 2643 498 2699 pro
531 2628 648 2682 vita
682 2626 930 2683 omnium
959 2633 1194 2680 mortem
1224 2625 1522 2694 perpetiar,
1565 2624 1744 2680 Patris
1782 2639 1980 2694 nempe

397 2719 708 2774 reverentia
738 2724 794 2774 et
824 2717 1122 2772 dilectione
1145 2731 1275 2788 erga
1316 2732 1466 2781 eum,
1499 2716 1646 2771 ultro
1681 2732 1767 2771 me
1812 2719 1978 2772 etiam

397 2810 469 2867 iis
500 2811 704 2880 quibus
737 2825 896 2865 mens
926 2818 1199 2881 repugnat
1227 2811 1504 2880 ingeram,
1537 2816 1598 2864 ut
1624 2810 1750 2880 ejus
1777 2812 1979 2864 volun-

399 2911 569 2958 tatem
598 2903 882 2974 impleam.
933 2905 1114 2972 Atque
1163 2903 1254 2958 hic
1287 2902 1507 2973 quidem
1542 2904 1648 2958 loci
1709 2903 1980 2974 propositi

399 3009 604 3065 scopus
643 3010 712 3051 ex
751 2994 839 3050 his
872 2995 1060 3050 verbis
1105 2995 1436 3052 manifestus
1467 3012 1591 3052 esse
1623 3005 1822 3067 potest.
1873 2995 1977 3052 Sed

400 3086 664 3143 subtilius
733 3102 859 3142 eum
893 3085 1202 3143 enodantes
1245 3089 1513 3154 dicimus,
1549 3089 1816 3144 Adamum
1851 3091 1980 3160 qui-

400 3175 524 3232 dem
563 3177 783 3248 generis
816 3179 995 3232 nostri
1030 3185 1336 3244 auctorem,
1372 3181 1502 3248 quia
1526 3180 1719 3235 datum
1750 3182 1982 3236 manda-

401 3280 517 3325 tum
551 3271 874 3348 violaverat,
923 3273 1307 3328 exsecratione
1358 3273 1545 3328 divina
1580 3283 1813 3329 mortem
1847 3290 1912 3330 su

401 3363 558 3428 iisse,
582 3363 878 3434 ipsumque
912 3379 1038 3418 cum
1073 3379 1101 3418 a
1127 3364 1297 3437 854
1329 3366 1535 3436 seipso,
1569 3376 1682 3421 tum
1703 3383 1732 3421 a
1761 3367 1982 3424 diabolo

399 3463 724 3513 accusatum
752 3475 768 3524 ;
807 3457 985 3513 videri
1017 3468 1198 3514 tamen
1231 3459 1285 3512 id
1317 3474 1544 3528 passum
1568 3476 1693 3516 esse
1717 3461 1888 3532 justis
1914 3461 1984 3517 de

400 3549 630 3604 causis:
668 3562 770 3604 nec
801 3548 946 3603 enim
979 3547 1183 3618 injuste
1209 3549 1519 3619 puniuntur
1551 3551 1645 3620 qui
1679 3566 1792 3622 prae
1814 3552 1983 3607 animi

403 3640 640 3710 segnitie
693 3649 963 3710 peccant;
1011 3640 1316 3695 secundum
1370 3656 1504 3696 vero
1536 3642 1735 3709 Adam,
1787 3643 1840 3698 id
1897 3653 1985 3700 est

404 3731 699 3788 Dominum
723 3741 979 3788 nostrum
1026 3730 1216 3788 Iesum
1245 3733 1551 3801 Christum,
1582 3735 1788 3791 nullius
1819 3736 1986 3806 plane

403 3825 487 3879 rei
531 3824 788 3879 accusari
843 3839 1045 3895 posse:
1081 3825 1286 3896 quippe
1337 3845 1356 3878 ι
1396 3828 1490 3896 qui
1536 3835 1822 3896 peccatum
1869 3844 1983 3884 non

402 3916 564 3980 fecit,
617 3931 721 3971 nec
777 3915 1036 3972 inventus
1083 3925 1174 3972 est
1219 3917 1382 3973 dolus
1425 3919 1481 3972 in
1538 3935 1636 3975 ore
1685 3920 1808 3991 ejus
1831 3923 1900 3986 ⁷³,
1959 3941 1979 3974 ι

406 4014 638 4061 mortem
671 4019 770 4076 pro
802 4005 967 4060 nobis
991 4006 1241 4075 pertulit,
1275 4007 1487 4063 nullius
1525 4010 1692 4080 plane
1730 4013 1984 4068 criminis

404 4099 692 4162 conscius,
743 4097 840 4154 sed
889 4099 1135 4169 seipsum
1188 4114 1289 4169 pro
1321 4101 1434 4156 vita
1472 4103 1722 4159 omnium
1769 4106 1987 4160 redem-

405 4191 613 4261 ptionis
654 4191 891 4260 pretium
921 4191 1070 4246 Patri
1100 4191 1365 4258 offerens,
1397 4195 1530 4264 quia
1559 4195 1779 4253 Patrem
1805 4199 1987 4271 diligit

405 4281 596 4337 mundi
656 4282 891 4337 salutem
945 4283 1241 4339 sitientem.
1304 4283 1403 4340 Est
1460 4294 1646 4343 autem
1702 4288 1986 4361 diligentis

405 4373 646 4439 Patrem,
679 4377 908 4431 omnino
962 4376 1148 4433 facere
1172 4378 1515 4436 voluntatem
1567 4381 1711 4451 ejus,
1752 4391 1807 4439 et
1838 4385 1984 4455 quod

403 4469 791 4524 necessarium
825 4470 1008 4525 visum
1037 4470 1132 4538 sit,
1163 4486 1274 4526 non
1303 4489 1405 4544 pro
1431 4474 1606 4531 nihilo
1638 4476 1861 4544 habere,
1887 4481 1986 4534 sed

404 4561 597 4616 conari
635 4561 706 4615 ad
737 4563 950 4618 exitum
980 4562 1306 4632 perducere.
1342 4565 1488 4632 Quid
1515 4584 1646 4624 vero
1678 4570 1828 4625 istud
1859 4572 1986 4626 est?

407 4650 590 4706 Voluit
641 4653 922 4724 proprium
974 4653 1219 4723 Filium,
1276 4659 1406 4714 licet
1464 4660 1802 4717 conformem
1859 4679 1986 4718 eum

409 4746 620 4801 habens
663 4755 718 4802 et
749 4746 1069 4801 omnimoda
1109 4750 1424 4819 rqualitate
1479 4754 1868 4825 conspicuum,
1930 4757 1984 4812 in

408 4848 616 4894 tantam
675 4841 868 4896 venire
923 4841 1319 4898 dcmissionem
1348 4856 1416 4924 ‘ut
1450 4856 1504 4900 et
1539 4847 1706 4902 homo
1763 4859 1986 4920 propter

409 4924 508 4986 nos
539 4933 720 4988 factus
751 4934 846 5000 sit,
891 4950 992 4990 nec
1035 4953 1136 5008 pro
1168 4941 1418 4994 omnium
1452 4941 1561 4996 vita
1592 4950 1825 4997 mortem
1859 4959 1986 4997 eru-

408 5026 611 5080 buerit.
647 5025 761 5081 Hoc
796 5026 928 5082 fecit
961 5028 1159 5096 Filius,
1186 5033 1422 5104 diligens
1445 5033 1689 5101 Patrem,
1725 5037 1818 5106 qui
1852 5052 1988 5107 prae-

404 5119 622 5187 cepisse
651 5118 858 5174 dicitur
889 5129 948 5175 ut
995 5126 1215 5195 propria
1249 5127 1458 5182 virtute
1499 5143 1597 5198 per
1640 5131 1826 5186 carnis
1852 5147 1984 5201 pas-

405 5212 616 5263 sionem
652 5221 886 5266 mortem
926 5212 1289 5279 interimeret,
1317 5225 1372 5270 et
1400 5219 1780 5288 corruptionis
1807 5220 1985 5290 impe-

403 5299 547 5354 rium
579 5309 876 5368 everteret,
909 5314 1318 5376 corruptosque
1350 5307 1672 5374 viviﬁcaret,
1710 5319 1764 5364 et
1793 5312 1984 5382 pristi-

403 5408 528 5448 nam
557 5394 641 5448 eis
669 5394 852 5451 denuo
898 5398 1134 5468 gloriam
1184 5399 1543 5457 instauraret.
1609 5401 1823 5458 Idcirco
1852 5407 1930 5458 ait
1966 5425 1979 5461 :

401 5485 712 5555 Angustum
744 5496 832 5544 est
869 5498 1110 5560 tempus,
1146 5506 1257 5561 quo
1298 5491 1497 5563 loquar
1525 5495 1813 5551 vobiscum
1846 5515 1861 5563 ;
1897 5497 1984 5552 in-

402 5584 512 5629 stat
539 5579 686 5633 enim
716 5581 925 5650 passio,
953 5590 1008 5636 et
1042 5583 1098 5637 in
1133 5593 1267 5638 :estu
1299 5597 1384 5640 est
1421 5589 1570 5657 quod
1605 5589 1657 5643 in
1693 5607 1779 5645 me
1804 5589 1978 5646 Judaei

403 5669 579 5723 moliti
611 5679 740 5726 sunt
766 5672 1004 5729 facinus.
1039 5673 1224 5730 Patiar
1263 5677 1455 5735 lubens
1477 5721 1493 5746 ,
1534 5683 1980 5754 quandoquidem

473 5847 516 5876 ⁷⁴
560 5845 576 5898 1
623 5846 770 5903 Petr.
809 5866 880 5912 tt,
915 5850 1006 5906 9.2.

2152 1018 2363 1073 Οὐκέτι
2391 1013 2872 1080 πολ.ιὶὰ..1αλήσω
2906 1014 3033 1083 μεθ’
3067 1012 3236 1083 ὑμῶν
3257 1025 3269 1036 ·
3303 1013 3539 1083 ἔρχεται
3564 1015 3680 1084 γὰρ

2077 1115 2111 1166 ὁ
2144 1109 2251 1163 τοῦ
2281 1110 2515 1177 κόσμου
2539 1105 2760 1174 ἅρχων,
2796 1104 2893 1156 καὶ
2922 1105 2991 1156 ἐν
3018 1103 3149 1172 ἐμοὶ
3173 1105 3283 1157 οὐκ
3313 1105 3436 1172 ἔχει
3470 1105 3675 1166 οὐδὲν,

2076 1203 2216 1256 ἀλλ’
2252 1201 2354 1253 ἵνα
2394 1197 2514 1269 γνῷ
2544 1201 2577 1252 ό
2615 1199 2848 1266 κόσμος
2889 1196 2978 1248 ὅτι
3025 1194 3235 1265 ἀγαπῶ
3282 1195 3390 1248 τὸν
3421 1195 3676 1264 Πατέρα,

2077 1295 2176 1348 καὶ
2207 1291 2401 1358 καθὼς
2461 1288 2725 1356 ἐντολήν
2756 1307 2857 1358 μοι
2896 1287 3157 1342 δέδωκεν
3182 1291 3215 1342 ό
3257 1288 3489 1357 Πατὴρ,
3521 1289 3679 1342 οὕτω

2079 1385 2249 1440 ποιῶ.

2167 1479 2258 1540 Ὠς
2279 1476 2386 1530 τῶν
2433 1473 2665 1529 ἀνοσίων
2723 1473 2994 1526 Ἰουδαίων
3035 1473 3423 1545 παρεσομένων
3467 1491 3528 1526 τε
3571 1473 3676 1545 ήδη

2089 1569 2206 1640 μεθ’
2242 1564 2308 1640 ἧς
2337 1569 2604 1639 ἐπήγοντο
2633 1565 2867 1636 σπείρας
2903 1565 3118 1618 καὶτοῦ
3154 1565 3357 1636 ταύτης
3391 1565 3676 1637 ἄρχοντος,

2074 1662 2139 1727 ’ὃς
2175 1662 2270 1715 καὶ
2301 1659 2648 1729 παραδώσειν
2675 1657 2837 1710 αὐτὸν
2873 1656 3273 1726 ἐπηγγείλατο,
3330 1657 3677 1728 συλληψομέ-

2080 1773 2188 1809 νων
2218 1771 2279 1807 τε
2318 1754 2416 1824 ήδη
2464 1752 2557 1805 καὶ
2592 1751 2897 1822 μελλόντων
2928 1749 3172 1803 ἀποίσειν
3216 1749 3315 1802 οὐκ
3345 1751 3423 1813 είς
3453 1749 3676 1820 μακρὰν

2082 1850 2161 1912 εἰς
2199 1847 2268 1900 τὰ
2308 1845 2401 1898 ἐπὶ
2426 1843 2506 1914 τῷ
2545 1841 2765 1914 σταυρῷ
2808 1841 2906 1896 καὶ
2942 1841 3050 1914 πρὸ
3094 1841 3188 1895 τοῦ
3239 1841 3474 1912 σταυροῦ
3500 1841 3674 1910 πάθη,

2081 1935 2408 2008 καταλήξειν
2429 1935 2528 2004 ήδη
2557 1932 2652 1987 τοῦ
2679 1932 2814 2005 πρὸς
2832 1932 3029 1994 αὐτοὺς
3045 1930 3148 2000 ἔφη
3175 1929 3332 1999 λόγου
3355 1945 3369 1958 ⁸
3389 1930 3677 1982 συνεστάλη

2080 2030 2171 2085 θαι
2205 2029 2314 2100 γὰρ
2339 2028 2434 2080 καὶ
2463 2029 2544 2091 εἰς
2571 2027 2759 2098 μηδὲν,
2789 2025 2976 2095 φησὶν,
2996 2024 3187 2078 ἐλάσαι
3218 2024 3309 2078 τὸν
3335 2023 3677 2094 καιρόν.Τῆς

2080 2125 2190 2194 γὰρ
2234 2121 2509 2175 Ἰουδαίων
2540 2119 2858 2190 μιαιφονίας
2895 2115 3117 2188 ήϐὠσης
3148 2135 3209 2170 τε
3243 2117 3365 2170 λίαν
3399 2117 3487 2168 ἐπ’
3522 2117 3670 2187 ἐμοὶ,

2079 2217 2176 2270 καὶ
2201 2213 2379 2286 θυρῶν
2400 2212 2532 2266 εἵσω
2557 2212 2741 2265 λοιπὸν
2767 2210 3075 2282 όρωμένης,
3101 2211 3163 2262 οὑ
3183 2208 3445 2281 ῥημάτων
3462 2207 3541 2261 ἔτι
3566 2208 3679 2261 τῶν

2079 2311 2219 2383 πρὸς
2254 2310 2418 2380 ὑμᾶς,
2438 2306 2551 2360 ἀλλ’
2570 2305 2737 2360 αὑτοῦ
2761 2305 2854 2359 τοῦ
2880 2304 3074 2358 παθεῖν
3101 2304 3391 2375 ἐνέστηκεν
3412 2306 3440 2357 ὁ
3459 2304 3677 2373 καιρός.

2087 2422 2105 2455 ι
2129 2402 2280 2470 Πλὴν
2308 2399 2449 2468 ἥξει,
2472 2399 2657 2467 φησὶν,
2691 2398 2721 2449 ὁ
2748 2397 2842 2450 τοῦ
2877 2397 3085 2469 κόσμου
3110 2396 3317 2469 ἄρχων,
3343 2398 3436 2451 καὶ
3469 2400 3528 2450 ἐν
3553 2397 3679 2466 ἐμοὶ

2081 2494 2194 2565 ἔχει
2223 2493 2397 2546 οὐδέν.
2425 2511 2443 2544 ι
2467 2491 2884 2562 Τεθνήξομαιδέ
2903 2490 2996 2543 καὶ
3023 2490 3144 2544 λίαν
3174 2490 3425 2561 ἀσμένως
3458 2490 3554 2542 καὶ
3581 2488 3678 2540 τὸν

2082 2585 2223 2656 ὑπὲρ
2249 2585 2349 2654 τῆς
2383 2583 2640 2637 ἁπάντων
2666 2582 2812 2653 ζωῆς
2836 2583 3214 2654 ὑποστήσομαι
3246 2583 3500 2645 θάνατον,
3535 2582 3679 2635 αἰδοῖ

2095 2678 2164 2745 τῇ
2198 2674 2334 2744 πρὸς
2383 2673 2475 2726 τὸν
2499 2673 2803 2744 Γεννήτορα
2835 2674 2927 2725 καὶ
2971 2673 3161 2745 ἀγάπῃ
3203 2675 3270 2744 τῇ
3320 2674 3457 2744 πρὸς
3486 2673 3675 2737 αὐτὸν,

2081 2765 2364 2837 ἐθελοντὴς
2389 2764 2658 2835 ὁμιλήσας
2701 2765 2794 2818 καὶ
2822 2766 2935 2828 τοῖς
2973 2763 3124 2836 παρά
3157 2763 3383 2834 γνώμην
3402 2803 3415 2824 ,
3454 2765 3543 2816 ἵνα
3572 2765 3674 2835 τὴν

2080 2865 2250 2934 αὐτῆς
2296 2861 2571 2934 πληρὼσω
2617 2861 2890 2933 βούλησιν.
2957 2863 3017 2916 '0
3069 2862 3166 2934 μὲν
3211 2858 3415 2916 οὖντοῦ
3455 2879 3680 2932 προκει-

2085 2955 2249 3028 μένου
2287 2955 2489 3019 σκοπὸς
2517 2955 2730 3023 γένοιτο
2760 2955 2827 3009 ἂν
2856 2949 2914 3008 εὖ
2957 2955 3104 3025 μάλα
3139 2955 3196 3008 ὲν
3242 2955 3453 3018 τούτοις
3478 2954 3678 3022 διαφα-

2081 3043 2298 3118 νὲςῖ[τρ.
2317 3044 2627 3117 διαφανής].
2647 3047 2683 3098 ’1
2693 3044 2978 3116 σχνότερον
2997 3045 3055 3097 δὲ
3075 3043 3144 3097 τὰ
3161 3047 3219 3096 ἐν
3244 3044 3392 3114 αὑτῷ
3412 3043 3681 3098 διαπτύσ-

2084 3155 2290 3202 σοντες,
2327 3137 2503 3192 ἐκεῖνό
2535 3155 2716 3208 φαμεν
2736 3155 2749 3168 ·
2811 3138 2870 3190 Ὀ
2903 3138 3000 3208 μὲν
3031 3136 3140 3207 γὰρ
3175 3135 3267 3188 τοῦ
3300 3135 3490 3204 γένους
3516 3135 3679 3204 ἡμῶν

1921 3226 1982 3330 Β.
2008 3245 2054 3308 c
2085 3229 2398 3301 ἀρχηγέτης
2438 3229 2611 3299 Ἀδὰμ
2639 3229 2731 3281 τὸν
2760 3229 2826 3282 ἐκ
2851 3232 2948 3299 τῆς
2979 3228 3128 3290 Θείας
3155 3228 3294 3297 ἀρᾶς
3327 3227 3491 3279 ὑπέδυ
3513 3226 3682 3280 θάνα-

2082 3338 2197 3386 τον,
2225 3319 2316 3373 διὰ
2348 3319 2439 3374 τοῦ
2482 3319 2795 3390 παραλῦσαι
2821 3320 2922 3392 τὴν
2955 3318 3204 3372 δοθεῖσαν
3235 3318 3474 3388 ἐντολὴν,
3513 3317 3680 3382 αὑτός

2083 3429 2145 3465 τε
2189 3411 2280 3480 ὑφ’
2324 3411 2521 3464 ἑαυτοῦ
2579 3409 2810 3464 καὶτοῦ
2871 3409 3120 3463 διαϐόλου
3175 3409 3677 3480 κατηγορούμενος,

2086 3503 2336 3574 φαίνεταί
2365 3521 2429 3572 γε
2461 3502 2567 3574 μὴν
2605 3505 2692 3556 ἐπ’
2731 3502 2973 3571 εὐλόγοις
3011 3499 3173 3554 τοῦτο
3203 3499 3394 3554 παθὼν
3431 3500 3635 3564 αἰτίαις
3661 3517 3677 3532 ·

2084 3598 2274 3665 ἕψεται
2303 3596 2409 3670 γὰρ
2443 3596 2544 3650 οὐκ
2565 3595 2768 3658 ἀδίκως
2792 3597 2906 3657 τοῖς
2931 3595 2996 3646 ἐκ
3021 3592 3294 3664 ῥᾳθυμίας
3324 3592 3680 3664 ἡμαρτηκόσι

2085 3690 2146 3744 τὸ
2167 3688 2496 3754 κολάζεσθαι
2517 3688 2647 3742 δεῖν.
2673 3689 2730 3740 '0
2752 3687 2807 3740 δὲ
2835 3685 3087 3758 δεύτερος
3116 3684 3309 3756 Ἀδὰμ,
3335 3683 3480 3737 τοῦτ’
3503 3684 3675 3747 ἔστιν,

2085 3785 2114 3837 ὁ
2131 3783 2334 3854 Κύριος
2363 3781 2520 3853 ήμῶν
2555 3779 2764 3851 Ἰησοῦς
2790 3781 2818 3832 ὁ
2840 3778 3096 3848 Χριστὸς,
3136 3778 3222 3830 ἐπ’
3252 3776 3428 3830 οὐδενὶ
3452 3775 3517 3828 τὸ
3537 3775 3679 3846 σύμ-

2088 3893 2196 3929 παν
2238 3873 2665 3945 κατηγορεῖσθαι
2711 3871 3052 3941 δυνάμενοςο
3103 3890 3120 3920 ι
3152 3869 3226 3922 Οὐ
3272 3869 3382 3941 γὰρ
3418 3868 3679 3938 ἐποίησεν

2088 3968 2384 4039 ἁμαρτίαν,
2415 3967 2538 4018 οὐδὲ
2565 3963 2764 4036 εὑρέθη
2795 3963 2949 4026 δόλος
2975 3961 3130 4033 ἐντῷ
3155 3960 3387 4031 στόματι
3434 3961 3628 4023 αὑτοῦ,
3651 3980 3672 4012 ι

2085 4061 2148 4116 τὸ
2182 4061 2322 4132 ὑπὲρ
2357 4052 2516 4130 ήμῶν
2552 4057 2760 4126 ὑπέστη
2799 4055 3004 4120 πάθος,
3054 4053 3378 4116 ἁνυπαίτιος
3419 4053 3520 4124 μὲν
3573 4053 3679 4104 ὑπ-

2094 4153 2277 4224 άρχων
2305 4152 2374 4205 δι’
2402 4150 2594 4203 ἐαυτὸν
2623 4145 2925 4212 παντελῶς,
2949 4145 3264 4217 ἀντίλυτρον
3292 4143 3349 4197 δὲ
3371 4144 3468 4216 τῆς
3498 4143 3677 4198 ἀπάν-

2087 4259 2196 4295 των
2229 4240 2373 4311 ζωῆς
2402 4238 2593 4292 ἑαυτὸν
2619 4236 2700 4307 τῷ
2728 4236 2904 4306 Πατρὶ
2936 4232 3418 4308 προσκεκομικὼς,
3449 4233 3676 4303 ἐπειδή-

2088 4349 2195 4404 περ
2235 4331 2426 4402 ἀγαπᾷ
2463 4328 2555 4382 τὸν
2589 4329 2808 4398 Πατέρα
2849 4326 2948 4397 τὴν
2990 4325 3085 4379 τοῦ
3125 4325 3331 4396 κόσμου
3371 4323 3677 4395 διψήσαντα

2091 4420 2386 4493 σωτηρίαν.
2437 4418 2545 4472 Τοῦ
2573 4418 2631 4471 δὲ
2658 4416 2986 4485 ἀγαπῶντος
3035 4415 3128 4470 τὸν
3163 4415 3418 4486 Πατέρα,
3453 4415 3676 4478 πάντως

2089 4514 2261 4584 δήπου
2287 4513 2382 4566 καὶ
2410 4511 2572 4582 ἔργον
2591 4505 2659 4580 ἦν
2681 4508 2740 4561 τὸ
2767 4508 2956 4562 δοκοῦν
2975 4507 3145 4578 αύτῷ,
3166 4508 3260 4559 καὶ
3286 4508 3343 4558 ἐν
3362 4508 3472 4567 τοῖς
3500 4505 3674 4574 ἀναγ-

2017 4597 2062 4655 ο
2094 4605 2270 4669 καίοις
2297 4601 2674 4673 λελογισμένον
2694 4639 2709 4666 ,
2767 4601 2841 4670 μὴ
2873 4601 3002 4671 παρ’
3044 4599 3200 4652 οὐδὲν
3234 4597 3484 4669 ἡγεῖσθαι
3538 4597 3676 4666 μᾶλ-

2092 4695 2204 4760 λον,
2263 4693 2401 4748 ἀλλά
2455 4695 2534 4756 είς
2563 4694 2737 4762 πέρας
2762 4690 2916 4758 ἄγειν
2951 4685 3288 4758 ἐπείγεσθαι.
3335 4691 3399 4742 Τί
3428 4689 3482 4741 δὲ
3514 4689 3676 4741 τοῦτο

2089 4781 2192 4856 ἦνς
2249 4783 2510 4854 Ἦθέλησε
2557 4781 2648 4835 τὸν
2681 4780 2810 4834 ἴδιον
2838 4780 3000 4844 Υίὸν,
3053 4779 3231 4850 καίτοι
3267 4777 3588 4849 σύμμορφόν
3614 4795 3675 4832 τε

2090 4874 2230 4944 ἔχων
2263 4873 2424 4926 αὐτὸν
2444 4915 2458 4938 ,
2487 4871 2582 4924 καὶ
2613 4873 2679 4942 τῇ
2713 4870 2852 4924 κατὰ
2883 4873 2992 4923 πᾶν
3029 4870 3233 4940 ίσότητι
3266 4870 3563 4939 διαπρεπῆ,
3595 4870 3676 4930 εἰς

2089 4963 2358 5035 τοσαύτην
2399 4961 2702 5032 καταϐῆναι
2743 4961 3074 5015 ταπείνωσιν
3126 4959 3201 5023 ὡς
3249 4961 3344 5012 καὶ
3383 4957 3676 5029 ἄνθρωποι

2088 5051 2346 5118 γενέσθαι
2381 5050 2448 5102 δι’
2475 5050 2654 5120 ἡμᾶς,
2696 5049 2791 5102 καὶ
2817 5049 2908 5102 τὸν
2937 5049 3077 5120 ὑπὲρ
3105 5049 3212 5102 τῶν
3244 5049 3497 5102 ἁπάντων
3527 5048 3676 5118 ζωῆς

2088 5146 2164 5216 μὴ
2192 5143 2518 5214 ἐρυθριᾶσαι
2547 5141 2799 5195 θάνατον.
2817 5141 2988 5194 Τοῦτο
3018 5141 3299 5212 πέπραχεν
3323 5143 3350 5192 ό
3366 5139 3510 5204 Υἱὸς,
3534 5141 3677 5206 ἀγα-

2086 5235 2205 5289 πῶν
2239 5237 2331 5288 τὸν
2358 5235 2694 5306 Γεννήτορα,
2740 5233 2833 5286 τὸν
2884 5232 3199 5286 ἐντετάλθαι
3234 5231 3550 5302 λεγόμενον,
3597 5231 3676 5293 ὡς

2088 5323 2196 5396 ἰδία
2224 5323 2455 5394 δυνάμει
2486 5322 2763 5393 νεκρῶσαι
2801 5323 2898 5393 μὲν
2937 5322 3015 5392 τῷ
3039 5325 3137 5393 τῆς
3161 5321 3362 5392 σαρκὸς
3393 5319 3554 5374 πάθει
3581 5321 3678 5374 τὸν

2083 5417 2342 5482 θάνατον,
2380 5417 2440 5470 τὸ
2473 5415 2532 5470 δὲ
2560 5416 2660 5486 τῆς
2707 5415 2914 5487 φθορᾶς
2943 5415 3243 5470 καταλῦσαι
3277 5415 3497 5485 κράτος,
3537 5413 3676 5478 ζωο-

2093 5508 2314 5580 ποιῆσαι
2343 5525 2402 5560 τε
2440 5509 2567 5571 τοὺς
2613 5506 3094 5577 κατεφθαρμένους
3118 5547 3132 5570 ,
3179 5507 3273 5560 καὶ
3306 5507 3404 5576 τὴν
3439 5505 3674 5575 ἀρχαίαν

2089 5598 2272 5673 αὐτοῖς
2305 5592 2464 5661 αὖθις
2489 5596 2792 5652 ἀνανεῶσαι
2820 5595 2997 5660 δόξαν.
3034 5597 3133 5650 Διά
3175 5596 3336 5650 τοῦτό
3375 5613 3561 5666 φησιν,
3589 5596 3676 5650 ὃτι

2089 5690 2282 5754 Στενὸς
2323 5689 2420 5761 μὲν
2451 5692 2480 5744 ὁ
2506 5689 2614 5745 τῶν
2639 5690 2814 5758 λόγων
2843 5690 3032 5762 καιρός
3054 5707 3068 5724 ν
3101 5689 3401 5743 εἰσελαύνει
3428 5687 3535 5758 γὰρ
3567 5688 3674 5761 ήδη
