  <div class='ocr_page' id='page_1' title='image "/cluster/home/n/w/nwhite01/storage/ocr_20150623/74/nnc1.0046980180/182.png"; bbox 0 0 3892 6202; ppageno 0'>
   <div class='ocr_carea' id='block_1_1' title="bbox 186 310 293 365">
    <p class='ocr_par' dir='ltr' id='par_1_1' title="bbox 186 310 293 365">
     <span class='ocr_line' id='line_1_1' title="bbox 186 310 293 365; baseline 0.047 -5"><span class='ocrx_word' id='word_1_1' title='bbox 186 310 293 365; x_wconf 71' lang='lat'><strong>329</strong></span> 
     </span>
    </p>
   </div>
   <div class='ocr_carea' id='block_1_2' title="bbox 1239 302 2371 363">
    <p class='ocr_par' dir='ltr' id='par_1_2' title="bbox 1239 302 2371 363">
     <span class='ocr_line' id='line_1_2' title="bbox 1239 302 2371 363; baseline 0.001 -3"><span class='ocrx_word' id='word_1_2' title='bbox 1239 306 1311 361; x_wconf 79' lang='lat' dir='ltr'><strong>1N</strong></span> <span class='ocrx_word' id='word_1_3' title='bbox 1340 305 1624 363; x_wconf 68' lang='lat' dir='ltr'><strong>JOANNIS</strong></span> <span class='ocrx_word' id='word_1_4' title='bbox 1661 302 2106 361; x_wconf 72' lang='lat' dir='ltr'><strong>EVANGE’LIUM</strong></span> <span class='ocrx_word' id='word_1_5' title='bbox 2146 304 2275 361; x_wconf 80' lang='lat' dir='ltr'><strong>LlB.</strong></span> <span class='ocrx_word' id='word_1_6' title='bbox 2301 304 2371 361; x_wconf 70' lang='grc' dir='ltr'>Χ.</span> 
     </span>
    </p>
   </div>
   <div class='ocr_carea' id='block_1_3' title="bbox 3320 302 3428 359">
    <p class='ocr_par' dir='ltr' id='par_1_3' title="bbox 3320 302 3428 359">
     <span class='ocr_line' id='line_1_3' title="bbox 3320 302 3428 359; baseline -0.065 0"><span class='ocrx_word' id='word_1_7' title='bbox 3320 302 3428 359; x_wconf 68' lang='lat'><strong>350</strong></span> 
     </span>
    </p>
   </div>
   <div class='ocr_carea' id='block_1_4' title="bbox 190 421 1787 495">
    <p class='ocr_par' dir='ltr' id='par_1_4' title="bbox 190 424 1757 495">
     <span class='ocr_line' id='line_1_4' title="bbox 190 424 1757 495; baseline -0.003 -15"><span class='ocrx_word' id='word_1_8' title='bbox 190 428 249 480; x_wconf 83' lang='grc' dir='ltr'>τὸ</span> <span class='ocrx_word' id='word_1_9' title='bbox 278 425 481 490; x_wconf 89' lang='grc' dir='ltr'>πάθος,</span> <span class='ocrx_word' id='word_1_10' title='bbox 540 425 633 479; x_wconf 81' lang='grc' dir='ltr'>καὶ</span> <span class='ocrx_word' id='word_1_11' title='bbox 676 424 735 478; x_wconf 69' lang='grc' dir='ltr'>τὸ</span> <span class='ocrx_word' id='word_1_12' title='bbox 766 424 873 478; x_wconf 83' lang='grc' dir='ltr'><strong>τῶν</strong></span> <span class='ocrx_word' id='word_1_13' title='bbox 921 424 1187 478; x_wconf 75' lang='grc' dir='ltr'><strong>Ἰουδαίων</strong></span> <span class='ocrx_word' id='word_1_14' title='bbox 1227 425 1311 477; x_wconf 77' lang='grc' dir='ltr'>ἐπ’</span> <span class='ocrx_word' id='word_1_15' title='bbox 1354 426 1477 495; x_wconf 66' lang='grc' dir='ltr'>ἐμοὶ</span> <span class='ocrx_word' id='word_1_16' title='bbox 1508 424 1757 493; x_wconf 80' lang='grc' dir='ltr'>λογισθέν</span> 
     </span>
    </p>
   </div>
   <div class='ocr_carea' id='block_1_5' title="bbox 1888 421 3429 495">
    <p class='ocr_par' dir='ltr' id='par_1_5' title="bbox 1888 421 3429 491">
     <span class='ocr_line' id='line_1_5' title="bbox 1888 421 3429 491; baseline 0.006 -19"><span class='ocrx_word' id='word_1_17' title='bbox 1888 423 1933 477; x_wconf 75' lang='grc' dir='ltr'>ὼ</span> <span class='ocrx_word' id='word_1_18' title='bbox 1956 422 2105 478; x_wconf 99' lang='lat' dir='ltr'><strong>istud</strong></span> <span class='ocrx_word' id='word_1_19' title='bbox 2124 426 2268 479; x_wconf 87' lang='lat' dir='ltr'><strong>veni.</strong></span> <span class='ocrx_word' id='word_1_20' title='bbox 2307 421 2693 478; x_wconf 72' lang='lat' dir='ltr'><strong>Verumtamen</strong></span> <span class='ocrx_word' id='word_1_21' title='bbox 2723 441 2740 475; x_wconf 78' lang='grc' dir='ltr'><strong>ι</strong></span> <span class='ocrx_word' id='word_1_22' title='bbox 2776 421 2924 476; x_wconf 82' lang='lat' dir='ltr'><strong>venit</strong></span> <span class='ocrx_word' id='word_1_23' title='bbox 2954 421 3213 491; x_wconf 79' lang='lat' dir='ltr'><strong>princeps</strong></span> <span class='ocrx_word' id='word_1_24' title='bbox 3239 426 3429 481; x_wconf 87' lang='lat' dir='ltr'><strong>mundi</strong></span> 
     </span>
    </p>
   </div>
   <div class='ocr_carea' id='block_1_6' title="bbox 187 514 1762 587">
    <p class='ocr_par' dir='ltr' id='par_1_6' title="bbox 187 514 1762 587">
     <span class='ocr_line' id='line_1_6' title="bbox 187 514 1762 587; baseline -0.003 -15"><span class='ocrx_word' id='word_1_25' title='bbox 187 517 462 585; x_wconf 77' lang='grc' dir='ltr'>ἀνεκαύθη</span> <span class='ocrx_word' id='word_1_26' title='bbox 489 514 763 587; x_wconf 80' lang='grc' dir='ltr'><strong>τόλμημα.</strong></span> <span class='ocrx_word' id='word_1_27' title='bbox 822 516 1091 587; x_wconf 88' lang='grc' dir='ltr'>Πείσομαι</span> <span class='ocrx_word' id='word_1_28' title='bbox 1141 516 1248 587; x_wconf 80' lang='grc' dir='ltr'><strong>γὰρ</strong></span> <span class='ocrx_word' id='word_1_29' title='bbox 1284 515 1585 586; x_wconf 81' lang='grc' dir='ltr'>ἐθελοντὴς,</span> <span class='ocrx_word' id='word_1_30' title='bbox 1612 515 1762 569; x_wconf 78' lang='grc' dir='ltr'>ἐπεί-</span> 
     </span>
    </p>
   </div>
   <div class='ocr_carea' id='block_1_7' title="bbox 189 606 1762 681">
    <p class='ocr_par' dir='ltr' id='par_1_7' title="bbox 189 606 1762 681">
     <span class='ocr_line' id='line_1_7' title="bbox 189 606 1762 681; baseline -0.002 -18"><span class='ocrx_word' id='word_1_31' title='bbox 189 627 296 681; x_wconf 85' lang='grc' dir='ltr'><strong>περ</strong></span> <span class='ocrx_word' id='word_1_32' title='bbox 329 610 568 678; x_wconf 82' lang='grc' dir='ltr'><strong>ἀφῖγμαι</strong></span> <span class='ocrx_word' id='word_1_33' title='bbox 594 608 680 661; x_wconf 86' lang='grc' dir='ltr'>διὰ</span> <span class='ocrx_word' id='word_1_34' title='bbox 704 606 885 664; x_wconf 90' lang='grc' dir='ltr'>τοῦτο.</span> <span class='ocrx_word' id='word_1_35' title='bbox 925 607 1072 679; x_wconf 83' lang='grc' dir='ltr'>Πλὴν</span> <span class='ocrx_word' id='word_1_36' title='bbox 1097 625 1115 659; x_wconf 82' lang='grc' dir='ltr'><strong>ι</strong></span> <span class='ocrx_word' id='word_1_37' title='bbox 1137 607 1356 678; x_wconf 78' lang='grc' dir='ltr'>ἔρχεται</span> <span class='ocrx_word' id='word_1_38' title='bbox 1380 610 1408 661; x_wconf 99' lang='lat'><strong>6</strong></span> <span class='ocrx_word' id='word_1_39' title='bbox 1435 607 1528 661; x_wconf 89' lang='grc' dir='ltr'><strong>τοῦ</strong></span> <span class='ocrx_word' id='word_1_40' title='bbox 1559 607 1762 677; x_wconf 82' lang='grc' dir='ltr'>κόσμου</span> 
     </span>
    </p>
   </div>
   <div class='ocr_carea' id='block_1_8' title="bbox 189 697 1764 770">
    <p class='ocr_par' dir='ltr' id='par_1_8' title="bbox 189 697 1764 770">
     <span class='ocr_line' id='line_1_8' title="bbox 189 697 1764 770; baseline -0.001 -18"><span class='ocrx_word' id='word_1_41' title='bbox 189 700 403 770; x_wconf 83' lang='grc' dir='ltr'>ἄρχων,</span> <span class='ocrx_word' id='word_1_42' title='bbox 447 699 541 752; x_wconf 73' lang='grc' dir='ltr'>καὶ</span> <span class='ocrx_word' id='word_1_43' title='bbox 584 699 641 750; x_wconf 86' lang='grc' dir='ltr'><strong>ἐν</strong></span> <span class='ocrx_word' id='word_1_44' title='bbox 677 699 800 769; x_wconf 65' lang='grc' dir='ltr'><strong>ἐμοὶ⁸</strong></span> <span class='ocrx_word' id='word_1_45' title='bbox 841 698 941 752; x_wconf 82' lang='grc' dir='ltr'><strong>οὐκ</strong></span> <span class='ocrx_word' id='word_1_46' title='bbox 982 697 1093 769; x_wconf 76' lang='grc' dir='ltr'>ἔχει</span> <span class='ocrx_word' id='word_1_47' title='bbox 1131 699 1316 752; x_wconf 66' lang='grc' dir='ltr'>οὐδέν*</span> <span class='ocrx_word' id='word_1_48' title='bbox 1351 717 1369 751; x_wconf 75' lang='grc' dir='ltr'><strong>ι</strong></span> <span class='ocrx_word' id='word_1_49' title='bbox 1412 698 1557 751; x_wconf 88' lang='grc' dir='ltr'>τοῦτ’</span> <span class='ocrx_word' id='word_1_50' title='bbox 1594 697 1764 765; x_wconf 77' lang='grc' dir='ltr'>ἐστιν,</span> 
     </span>
    </p>
   </div>
   <div class='ocr_carea' id='block_1_9' title="bbox 189 788 1765 862">
    <p class='ocr_par' dir='ltr' id='par_1_9' title="bbox 189 788 1765 862">
     <span class='ocr_line' id='line_1_9' title="bbox 189 788 1765 862; baseline 0.001 -20"><span class='ocrx_word' id='word_1_51' title='bbox 189 792 301 861; x_wconf 82' lang='grc' dir='ltr'><strong>Οὐχ</strong></span> <span class='ocrx_word' id='word_1_52' title='bbox 336 790 616 860; x_wconf 75' lang='grc' dir='ltr'><strong>ἁλώσομαι</strong></span> <span class='ocrx_word' id='word_1_53' title='bbox 652 788 1167 860; x_wconf 84' lang='grc' dir='ltr'>πεπλημμεληκὼς,</span> <span class='ocrx_word' id='word_1_54' title='bbox 1198 789 1313 845; x_wconf 78' lang='grc' dir='ltr'>ἀλλ’</span> <span class='ocrx_word' id='word_1_55' title='bbox 1346 791 1466 843; x_wconf 84' lang='grc' dir='ltr'>οὑδὲ</span> <span class='ocrx_word' id='word_1_56' title='bbox 1496 790 1765 862; x_wconf 84' lang='grc' dir='ltr'>πρόφασις</span> 
     </span>
    </p>
   </div>
   <div class='ocr_carea' id='block_1_10' title="bbox 189 879 1763 954">
    <p class='ocr_par' dir='ltr' id='par_1_10' title="bbox 189 879 1763 954">
     <span class='ocr_line' id='line_1_10' title="bbox 189 879 1763 954; baseline 0.001 -21"><span class='ocrx_word' id='word_1_57' title='bbox 189 882 339 933; x_wconf 77' lang='grc' dir='ltr'>ἔσται</span> <span class='ocrx_word' id='word_1_58' title='bbox 367 884 479 944; x_wconf 87' lang='grc' dir='ltr'>τοῖς</span> <span class='ocrx_word' id='word_1_59' title='bbox 521 879 794 945; x_wconf 79' lang='grc' dir='ltr'><strong>Ἰουδαίοις</strong></span> <span class='ocrx_word' id='word_1_60' title='bbox 830 882 929 952; x_wconf 83' lang='grc' dir='ltr'>τῆς</span> <span class='ocrx_word' id='word_1_61' title='bbox 956 882 1038 944; x_wconf 88' lang='grc' dir='ltr'><strong>είς</strong></span> <span class='ocrx_word' id='word_1_62' title='bbox 1066 882 1166 951; x_wconf 83' lang='grc' dir='ltr'>ἐμὲ</span> <span class='ocrx_word' id='word_1_63' title='bbox 1197 881 1480 954; x_wconf 78' lang='grc' dir='ltr'><strong>παροινίας</strong></span> <span class='ocrx_word' id='word_1_64' title='bbox 1508 881 1726 950; x_wconf 76' lang='grc' dir='ltr'>εὑλογος</span> <span class='ocrx_word' id='word_1_65' title='bbox 1750 896 1763 910; x_wconf 84' lang='grc'><em>’</em></span> 
     </span>
    </p>
   </div>
   <div class='ocr_carea' id='block_1_11' title="bbox 189 970 1768 1045">
    <p class='ocr_par' dir='ltr' id='par_1_11' title="bbox 189 970 1768 1045">
     <span class='ocr_line' id='line_1_11' title="bbox 189 970 1768 1045; baseline 0.003 -22"><span class='ocrx_word' id='word_1_66' title='bbox 189 971 344 1023; x_wconf 77' lang='grc' dir='ltr'>οὐδὲν</span> <span class='ocrx_word' id='word_1_67' title='bbox 372 972 429 1023; x_wconf 88' lang='grc' dir='ltr'><strong>ἐν</strong></span> <span class='ocrx_word' id='word_1_68' title='bbox 466 971 591 1041; x_wconf 72' lang='grc' dir='ltr'>ἐμοὶ</span> <span class='ocrx_word' id='word_1_69' title='bbox 632 970 742 1024; x_wconf 81' lang='grc' dir='ltr'><strong>τῶν</strong></span> <span class='ocrx_word' id='word_1_70' title='bbox 772 970 917 1024; x_wconf 88' lang='grc' dir='ltr'>ίδίων</span> <span class='ocrx_word' id='word_1_71' title='bbox 960 973 989 1025; x_wconf 94' lang='lat'><strong>6</strong></span> <span class='ocrx_word' id='word_1_72' title='bbox 1033 972 1280 1037; x_wconf 77' lang='grc' dir='ltr'>διάϐολος</span> <span class='ocrx_word' id='word_1_73' title='bbox 1322 973 1455 1043; x_wconf 76' lang='grc' dir='ltr'>ἔχει.</span> <span class='ocrx_word' id='word_1_74' title='bbox 1493 975 1631 1028; x_wconf 81' lang='grc' dir='ltr'>Ἴδια</span> <span class='ocrx_word' id='word_1_75' title='bbox 1659 973 1768 1045; x_wconf 83' lang='grc' dir='ltr'>γὰρ</span> 
     </span>
    </p>
   </div>
   <div class='ocr_carea' id='block_1_12' title="bbox 187 1063 1770 1139">
    <p class='ocr_par' dir='ltr' id='par_1_12' title="bbox 187 1063 1770 1139">
     <span class='ocr_line' id='line_1_12' title="bbox 187 1063 1770 1139; baseline 0.002 -22"><span class='ocrx_word' id='word_1_76' title='bbox 187 1065 379 1136; x_wconf 82' lang='grc' dir='ltr'>ῶσπερ</span> <span class='ocrx_word' id='word_1_77' title='bbox 407 1063 618 1118; x_wconf 87' lang='grc' dir='ltr'>ἐκείνου</span> <span class='ocrx_word' id='word_1_78' title='bbox 652 1063 719 1117; x_wconf 87' lang='grc' dir='ltr'><strong>τά</strong></span> <span class='ocrx_word' id='word_1_79' title='bbox 750 1063 951 1135; x_wconf 76' lang='grc' dir='ltr'>φαῦλα,</span> <span class='ocrx_word' id='word_1_80' title='bbox 978 1066 1072 1119; x_wconf 74' lang='grc' dir='ltr'><strong>καὶ</strong></span> <span class='ocrx_word' id='word_1_81' title='bbox 1101 1068 1199 1133; x_wconf 87' lang='grc' dir='ltr'>τῆς</span> <span class='ocrx_word' id='word_1_82' title='bbox 1234 1066 1508 1139; x_wconf 84' lang='grc' dir='ltr'>ἁμαρτίας</span> <span class='ocrx_word' id='word_1_83' title='bbox 1546 1069 1578 1137; x_wconf 84' lang='grc' dir='ltr'><strong>ἡ</strong></span> <span class='ocrx_word' id='word_1_84' title='bbox 1612 1066 1770 1135; x_wconf 86' lang='grc' dir='ltr'>γένε-</span> 
     </span>
    </p>
   </div>
   <div class='ocr_carea' id='block_1_13' title="bbox 192 1151 1769 1227">
    <p class='ocr_par' dir='ltr' id='par_1_13' title="bbox 192 1151 1769 1227">
     <span class='ocr_line' id='line_1_13' title="bbox 192 1151 1769 1227; baseline -0.001 -17"><span class='ocrx_word' id='word_1_85' title='bbox 192 1174 277 1221; x_wconf 90' lang='grc' dir='ltr'><strong>σις</strong></span> <span class='ocrx_word' id='word_1_86' title='bbox 310 1158 516 1209; x_wconf 87' lang='grc' dir='ltr'>ἐκεῖνον</span> <span class='ocrx_word' id='word_1_87' title='bbox 551 1151 690 1209; x_wconf 83' lang='grc' dir='ltr'>οἶδεν</span> <span class='ocrx_word' id='word_1_88' title='bbox 735 1156 933 1227; x_wconf 90' lang='grc' dir='ltr'>ἀρχήν.</span> <span class='ocrx_word' id='word_1_89' title='bbox 976 1154 1098 1209; x_wconf 87' lang='grc' dir='ltr'><strong>Ὅτι</strong></span> <span class='ocrx_word' id='word_1_90' title='bbox 1126 1156 1182 1209; x_wconf 86' lang='grc' dir='ltr'><strong>δέ</strong></span> <span class='ocrx_word' id='word_1_91' title='bbox 1211 1155 1418 1227; x_wconf 84' lang='grc' dir='ltr'>ἀληθὴς</span> <span class='ocrx_word' id='word_1_92' title='bbox 1461 1154 1553 1209; x_wconf 86' lang='grc' dir='ltr'><strong>τοῦ</strong></span> <span class='ocrx_word' id='word_1_93' title='bbox 1589 1156 1769 1225; x_wconf 80' lang='grc' dir='ltr'><strong>Σωτῆ-</strong></span> 
     </span>
    </p>
   </div>
   <div class='ocr_carea' id='block_1_14' title="bbox 191 1245 1770 1318">
    <p class='ocr_par' dir='ltr' id='par_1_14' title="bbox 191 1245 1770 1318">
     <span class='ocr_line' id='line_1_14' title="bbox 191 1245 1770 1318; baseline 0 -19"><span class='ocrx_word' id='word_1_94' title='bbox 191 1263 286 1318; x_wconf 86' lang='grc' dir='ltr'><strong>ρος</strong></span> <span class='ocrx_word' id='word_1_95' title='bbox 312 1248 342 1298; x_wconf 90' lang='lat'><strong>6</strong></span> <span class='ocrx_word' id='word_1_96' title='bbox 380 1246 535 1314; x_wconf 80' lang='grc' dir='ltr'><strong>λόγος</strong></span> <span class='ocrx_word' id='word_1_97' title='bbox 553 1286 568 1309; x_wconf 90' lang='grc'><strong>,</strong></span> <span class='ocrx_word' id='word_1_98' title='bbox 624 1245 859 1316; x_wconf 88' lang='grc' dir='ltr'>μάλιστα</span> <span class='ocrx_word' id='word_1_99' title='bbox 908 1246 1006 1317; x_wconf 78' lang='grc' dir='ltr'>μὲν</span> <span class='ocrx_word' id='word_1_100' title='bbox 1035 1246 1131 1301; x_wconf 72' lang='grc' dir='ltr'><strong>καὶ</strong></span> <span class='ocrx_word' id='word_1_101' title='bbox 1162 1246 1221 1311; x_wconf 84' lang='grc' dir='ltr'><strong>ἐξ</strong></span> <span class='ocrx_word' id='word_1_102' title='bbox 1248 1246 1421 1317; x_wconf 81' lang='grc' dir='ltr'>αὑτῆς</span> <span class='ocrx_word' id='word_1_103' title='bbox 1450 1247 1654 1300; x_wconf 82' lang='grc' dir='ltr'><strong>κατίδοι</strong></span> <span class='ocrx_word' id='word_1_104' title='bbox 1684 1263 1770 1309; x_wconf 91' lang='grc' dir='ltr'><strong>τις</strong></span> 
     </span>
    </p>
   </div>
   <div class='ocr_carea' id='block_1_15' title="bbox 192 1336 1771 1410">
    <p class='ocr_par' dir='ltr' id='par_1_15' title="bbox 192 1336 1771 1410">
     <span class='ocr_line' id='line_1_15' title="bbox 192 1336 1771 1410; baseline -0.002 -17"><span class='ocrx_word' id='word_1_105' title='bbox 192 1339 260 1393; x_wconf 83' lang='grc' dir='ltr'><strong>ἂν</strong></span> <span class='ocrx_word' id='word_1_106' title='bbox 288 1338 389 1408; x_wconf 84' lang='grc' dir='ltr'>τῆς</span> <span class='ocrx_word' id='word_1_107' title='bbox 430 1337 774 1401; x_wconf 81' lang='grc' dir='ltr'>ἀκολουθίας.</span> <span class='ocrx_word' id='word_1_108' title='bbox 825 1336 951 1402; x_wconf 85' lang='grc' dir='ltr'>Πῶς</span> <span class='ocrx_word' id='word_1_109' title='bbox 988 1338 1095 1409; x_wconf 84' lang='grc' dir='ltr'><strong>γάρ</strong></span> <span class='ocrx_word' id='word_1_110' title='bbox 1119 1337 1427 1410; x_wconf 77' lang='grc' dir='ltr'>ἐξήμαρτεν</span> <span class='ocrx_word' id='word_1_111' title='bbox 1453 1341 1482 1392; x_wconf 93' lang='lat'><strong>6</strong></span> <span class='ocrx_word' id='word_1_112' title='bbox 1513 1340 1587 1410; x_wconf 83' lang='grc' dir='ltr'><strong>μὴ</strong></span> <span class='ocrx_word' id='word_1_113' title='bbox 1616 1337 1771 1402; x_wconf 80' lang='grc' dir='ltr'>εἰδὼς</span> 
     </span>
    </p>
   </div>
   <div class='ocr_carea' id='block_1_16' title="bbox 192 1429 1770 1503">
    <p class='ocr_par' dir='ltr' id='par_1_16' title="bbox 192 1429 1770 1503">
     <span class='ocr_line' id='line_1_16' title="bbox 192 1429 1770 1503; baseline 0.001 -21"><span class='ocrx_word' id='word_1_114' title='bbox 192 1430 499 1500; x_wconf 79' lang='grc' dir='ltr'>ἁμαρτίαν,</span> <span class='ocrx_word' id='word_1_115' title='bbox 545 1431 574 1483; x_wconf 98' lang='lat'><strong>6</strong></span> <span class='ocrx_word' id='word_1_116' title='bbox 604 1429 763 1498; x_wconf 84' lang='grc' dir='ltr'>φύσει</span> <span class='ocrx_word' id='word_1_117' title='bbox 805 1430 899 1484; x_wconf 76' lang='grc' dir='ltr'><strong>καὶ</strong></span> <span class='ocrx_word' id='word_1_118' title='bbox 927 1430 1155 1502; x_wconf 78' lang='grc' dir='ltr'>ἀληθείᾳ</span> <span class='ocrx_word' id='word_1_119' title='bbox 1189 1430 1352 1496; x_wconf 72' lang='grc' dir='ltr'>Θεὸς,</span> <span class='ocrx_word' id='word_1_120' title='bbox 1383 1431 1637 1503; x_wconf 85' lang='grc' dir='ltr'>ὁτροπῆς</span> <span class='ocrx_word' id='word_1_121' title='bbox 1669 1431 1770 1501; x_wconf 81' lang='grc' dir='ltr'>τῆς</span> 
     </span>
    </p>
   </div>
   <div class='ocr_carea' id='block_1_17' title="bbox 190 1519 1768 1590">
    <p class='ocr_par' dir='ltr' id='par_1_17' title="bbox 190 1519 1768 1590">
     <span class='ocr_line' id='line_1_17' title="bbox 190 1519 1768 1590; baseline 0.001 -19"><span class='ocrx_word' id='word_1_122' title='bbox 190 1520 286 1572; x_wconf 77' lang='grc' dir='ltr'><strong>ἐπί</strong></span> <span class='ocrx_word' id='word_1_123' title='bbox 306 1537 356 1573; x_wconf 90' lang='grc' dir='ltr'><strong>τι</strong></span> <span class='ocrx_word' id='word_1_124' title='bbox 374 1519 481 1573; x_wconf 88' lang='grc' dir='ltr'><strong>τῶν</strong></span> <span class='ocrx_word' id='word_1_125' title='bbox 505 1519 605 1573; x_wconf 88' lang='grc' dir='ltr'><strong>οὑκ</strong></span> <span class='ocrx_word' id='word_1_126' title='bbox 627 1520 862 1590; x_wconf 83' lang='grc' dir='ltr'>ἐχόντων</span> <span class='ocrx_word' id='word_1_127' title='bbox 883 1520 1059 1590; x_wconf 82' lang='grc' dir='ltr'>ὀρθῶς</span> <span class='ocrx_word' id='word_1_128' title='bbox 1084 1520 1434 1584; x_wconf 88' lang='grc' dir='ltr'>ἀνεπίδεκτος</span> <span class='ocrx_word' id='word_1_129' title='bbox 1459 1519 1768 1585; x_wconf 87' lang='grc' dir='ltr'>παντελῶς;</span> 
     </span>
    </p>
   </div>
   <div class='ocr_carea' id='block_1_18' title="bbox 190 1612 1772 1683">
    <p class='ocr_par' dir='ltr' id='par_1_18' title="bbox 190 1612 1772 1683">
     <span class='ocr_line' id='line_1_18' title="bbox 190 1612 1772 1683; baseline -0.001 -18"><span class='ocrx_word' id='word_1_130' title='bbox 190 1612 307 1683; x_wconf 81' lang='grc' dir='ltr'><strong>Οὐχ</strong></span> <span class='ocrx_word' id='word_1_131' title='bbox 332 1614 535 1683; x_wconf 83' lang='grc' dir='ltr'>ήκιστα</span> <span class='ocrx_word' id='word_1_132' title='bbox 571 1612 629 1666; x_wconf 75' lang='grc' dir='ltr'>δὲ</span> <span class='ocrx_word' id='word_1_133' title='bbox 662 1612 758 1666; x_wconf 78' lang='grc' dir='ltr'>καὶ</span> <span class='ocrx_word' id='word_1_134' title='bbox 781 1612 847 1665; x_wconf 87' lang='grc' dir='ltr'>δι’</span> <span class='ocrx_word' id='word_1_135' title='bbox 867 1612 1046 1665; x_wconf 87' lang='grc' dir='ltr'>αὑτῶν</span> <span class='ocrx_word' id='word_1_136' title='bbox 1064 1612 1306 1683; x_wconf 68' lang='grc' dir='ltr'>ὀψόμεθα</span> <span class='ocrx_word' id='word_1_137' title='bbox 1331 1612 1489 1667; x_wconf 90' lang='grc' dir='ltr'>τοῦτο</span> <span class='ocrx_word' id='word_1_138' title='bbox 1516 1612 1623 1666; x_wconf 90' lang='grc' dir='ltr'><strong>τῶν</strong></span> <span class='ocrx_word' id='word_1_139' title='bbox 1643 1613 1772 1666; x_wconf 89' lang='grc' dir='ltr'>ἀνα-</span> 
     </span>
    </p>
   </div>
   <div class='ocr_carea' id='block_1_19' title="bbox 190 1704 1771 1778">
    <p class='ocr_par' dir='ltr' id='par_1_19' title="bbox 190 1704 1771 1778">
     <span class='ocr_line' id='line_1_19' title="bbox 190 1704 1771 1778; baseline 0.002 -22"><span class='ocrx_word' id='word_1_140' title='bbox 190 1704 597 1775; x_wconf 82' lang='grc' dir='ltr'><strong>γεγραμμένων</strong></span> <span class='ocrx_word' id='word_1_141' title='bbox 630 1706 687 1758; x_wconf 87' lang='grc' dir='ltr'><strong>ἐν</strong></span> <span class='ocrx_word' id='word_1_142' title='bbox 736 1707 848 1764; x_wconf 82' lang='grc' dir='ltr'>τοῖς</span> <span class='ocrx_word' id='word_1_143' title='bbox 880 1705 1055 1774; x_wconf 85' lang='grc' dir='ltr'>ἀγίοις</span> <span class='ocrx_word' id='word_1_144' title='bbox 1098 1705 1527 1775; x_wconf 87' lang='grc' dir='ltr'>εὑαγγελισταῖς.</span> <span class='ocrx_word' id='word_1_145' title='bbox 1580 1706 1637 1760; x_wconf 84' lang='lat'><strong>&#39;0</strong></span> <span class='ocrx_word' id='word_1_146' title='bbox 1672 1707 1771 1778; x_wconf 90' lang='grc' dir='ltr'><strong>μέν</strong></span> 
     </span>
    </p>
   </div>
   <div class='ocr_carea' id='block_1_20' title="bbox 1868 512 3429 584">
    <p class='ocr_par' dir='ltr' id='par_1_20' title="bbox 1868 512 3429 584">
     <span class='ocr_line' id='line_1_20' title="bbox 1868 512 3429 584; baseline 0.004 -17"><span class='ocrx_word' id='word_1_147' title='bbox 1868 514 2055 583; x_wconf 87' lang='lat' dir='ltr'><strong>hujus,</strong></span> <span class='ocrx_word' id='word_1_148' title='bbox 2083 524 2137 568; x_wconf 92' lang='lat' dir='ltr'><strong>et</strong></span> <span class='ocrx_word' id='word_1_149' title='bbox 2164 514 2219 569; x_wconf 90' lang='lat' dir='ltr'><strong>in</strong></span> <span class='ocrx_word' id='word_1_150' title='bbox 2269 528 2357 570; x_wconf 88' lang='lat' dir='ltr'><strong>me</strong></span> <span class='ocrx_word' id='word_1_151' title='bbox 2402 528 2510 569; x_wconf 92' lang='lat' dir='ltr'><strong>non</strong></span> <span class='ocrx_word' id='word_1_152' title='bbox 2563 514 2724 569; x_wconf 90' lang='lat' dir='ltr'><strong>habet</strong></span> <span class='ocrx_word' id='word_1_153' title='bbox 2755 512 3082 584; x_wconf 87' lang='lat' dir='ltr'><strong>quidquam,</strong></span> <span class='ocrx_word' id='word_1_154' title='bbox 3125 533 3143 566; x_wconf 78' lang='grc' dir='ltr'><strong>ι</strong></span> <span class='ocrx_word' id='word_1_155' title='bbox 3194 518 3298 571; x_wconf 86' lang='lat' dir='ltr'><strong>hoc</strong></span> <span class='ocrx_word' id='word_1_156' title='bbox 3325 528 3429 582; x_wconf 88' lang='lat' dir='ltr'><strong>est.</strong></span> 
     </span>
    </p>
   </div>
   <div class='ocr_carea' id='block_1_21' title="bbox 1865 605 3433 677">
    <p class='ocr_par' dir='ltr' id='par_1_21' title="bbox 1865 605 3433 677">
     <span class='ocr_line' id='line_1_21' title="bbox 1865 605 3433 677; baseline 0.002 -16"><span class='ocrx_word' id='word_1_157' title='bbox 1865 620 1974 661; x_wconf 87' lang='lat' dir='ltr'><strong>non</strong></span> <span class='ocrx_word' id='word_1_158' title='bbox 2014 605 2314 662; x_wconf 85' lang='lat' dir='ltr'><strong>convincar</strong></span> <span class='ocrx_word' id='word_1_159' title='bbox 2343 606 2582 677; x_wconf 75' lang='lat' dir='ltr'><strong>peccati,</strong></span> <span class='ocrx_word' id='word_1_160' title='bbox 2615 621 2797 677; x_wconf 89' lang='lat' dir='ltr'><strong>neque</strong></span> <span class='ocrx_word' id='word_1_161' title='bbox 2831 621 2998 676; x_wconf 88' lang='lat' dir='ltr'><strong>porro</strong></span> <span class='ocrx_word' id='word_1_162' title='bbox 3020 605 3196 663; x_wconf 67' lang='lat' dir='ltr'><strong>Judaei</strong></span> <span class='ocrx_word' id='word_1_163' title='bbox 3230 624 3343 664; x_wconf 64' lang='lat' dir='ltr'><strong>suae</strong></span> <span class='ocrx_word' id='word_1_164' title='bbox 3378 612 3433 664; x_wconf 92' lang='lat' dir='ltr'><strong>in</strong></span> 
     </span>
    </p>
   </div>
   <div class='ocr_carea' id='block_1_22' title="bbox 1866 696 3435 768">
    <p class='ocr_par' dir='ltr' id='par_1_22' title="bbox 1866 696 3435 768">
     <span class='ocr_line' id='line_1_22' title="bbox 1866 696 3435 768; baseline 0.001 -16"><span class='ocrx_word' id='word_1_165' title='bbox 1866 712 1953 752; x_wconf 90' lang='lat' dir='ltr'><strong>me</strong></span> <span class='ocrx_word' id='word_1_166' title='bbox 1987 696 2310 766; x_wconf 71' lang='lat' dir='ltr'><strong>petulantia:</strong></span> <span class='ocrx_word' id='word_1_167' title='bbox 2328 705 2382 751; x_wconf 92' lang='lat' dir='ltr'><strong>et</strong></span> <span class='ocrx_word' id='word_1_168' title='bbox 2412 697 2992 768; x_wconf 87' lang='lat' dir='ltr'><strong>immanitatisjustam</strong></span> <span class='ocrx_word' id='word_1_169' title='bbox 3019 698 3186 751; x_wconf 84' lang='lat' dir='ltr'><strong>ullam</strong></span> <span class='ocrx_word' id='word_1_170' title='bbox 3213 713 3435 753; x_wconf 82' lang='lat' dir='ltr'><strong>causam</strong></span> 
     </span>
    </p>
   </div>
   <div class='ocr_carea' id='block_1_23' title="bbox 1869 782 3434 849">
    <p class='ocr_par' dir='ltr' id='par_1_23' title="bbox 1869 782 3434 849">
     <span class='ocr_line' id='line_1_23' title="bbox 1869 782 3434 849; baseline 0.004 -13"><span class='ocrx_word' id='word_1_171' title='bbox 1869 782 2121 838; x_wconf 86' lang='lat' dir='ltr'><strong>habituri</strong></span> <span class='ocrx_word' id='word_1_172' title='bbox 2150 793 2311 849; x_wconf 91' lang='lat' dir='ltr'><strong>sunt,</strong></span> <span class='ocrx_word' id='word_1_173' title='bbox 2342 784 2482 838; x_wconf 87' lang='lat' dir='ltr'><strong>nihil</strong></span> <span class='ocrx_word' id='word_1_174' title='bbox 2508 784 2565 839; x_wconf 91' lang='lat' dir='ltr'><strong>in</strong></span> <span class='ocrx_word' id='word_1_175' title='bbox 2596 801 2683 841; x_wconf 91' lang='lat' dir='ltr'><strong>me</strong></span> <span class='ocrx_word' id='word_1_176' title='bbox 2717 786 2820 841; x_wconf 85' lang='lat' dir='ltr'><strong>sibi</strong></span> <span class='ocrx_word' id='word_1_177' title='bbox 2864 786 3112 841; x_wconf 86' lang='lat' dir='ltr'><strong>vindicat</strong></span> <span class='ocrx_word' id='word_1_178' title='bbox 3162 787 3434 843; x_wconf 73' lang='lat' dir='ltr'><strong>diabolus.</strong></span> 
     </span>
    </p>
   </div>
   <div class='ocr_carea' id='block_1_24' title="bbox 1866 873 3437 951">
    <p class='ocr_par' dir='ltr' id='par_1_24' title="bbox 1866 873 3437 951">
     <span class='ocr_line' id='line_1_24' title="bbox 1866 873 3437 951; baseline 0.003 -23"><span class='ocrx_word' id='word_1_179' title='bbox 1866 873 2095 945; x_wconf 81' lang='lat' dir='ltr'><strong>Propria</strong></span> <span class='ocrx_word' id='word_1_180' title='bbox 2151 876 2354 947; x_wconf 88' lang='lat' dir='ltr'><strong>quippe</strong></span> <span class='ocrx_word' id='word_1_181' title='bbox 2385 876 2507 947; x_wconf 83' lang='lat' dir='ltr'><strong>ejus</strong></span> <span class='ocrx_word' id='word_1_182' title='bbox 2546 886 2677 933; x_wconf 90' lang='lat' dir='ltr'><strong>sunt</strong></span> <span class='ocrx_word' id='word_1_183' title='bbox 2714 878 2881 944; x_wconf 89' lang='lat' dir='ltr'><strong>mala,</strong></span> <span class='ocrx_word' id='word_1_184' title='bbox 2936 887 2993 936; x_wconf 87' lang='lat' dir='ltr'><strong>et</strong></span> <span class='ocrx_word' id='word_1_185' title='bbox 3041 881 3247 949; x_wconf 87' lang='lat' dir='ltr'><strong>peccati</strong></span> <span class='ocrx_word' id='word_1_186' title='bbox 3286 881 3437 951; x_wconf 89' lang='lat' dir='ltr'><strong>origo</strong></span> 
     </span>
    </p>
   </div>
   <div class='ocr_carea' id='block_1_25' title="bbox 1868 967 3437 1042">
    <p class='ocr_par' dir='ltr' id='par_1_25' title="bbox 1868 967 3437 1042">
     <span class='ocr_line' id='line_1_25' title="bbox 1868 967 3437 1042; baseline 0.003 -22"><span class='ocrx_word' id='word_1_187' title='bbox 1868 967 2175 1038; x_wconf 87' lang='lat' dir='ltr'><strong>principem</strong></span> <span class='ocrx_word' id='word_1_188' title='bbox 2204 977 2259 1024; x_wconf 89' lang='lat' dir='ltr'><strong>et</strong></span> <span class='ocrx_word' id='word_1_189' title='bbox 2286 977 2571 1024; x_wconf 88' lang='lat' dir='ltr'><strong>auctorem</strong></span> <span class='ocrx_word' id='word_1_190' title='bbox 2603 985 2731 1026; x_wconf 90' lang='lat' dir='ltr'><strong>eum</strong></span> <span class='ocrx_word' id='word_1_191' title='bbox 2767 971 3039 1042; x_wconf 83' lang='lat' dir='ltr'><strong>agnoscit.</strong></span> <span class='ocrx_word' id='word_1_192' title='bbox 3073 970 3230 1039; x_wconf 84' lang='lat' dir='ltr'><strong>Quod</strong></span> <span class='ocrx_word' id='word_1_193' title='bbox 3255 980 3437 1027; x_wconf 87' lang='lat' dir='ltr'><strong>autem</strong></span> 
     </span>
    </p>
   </div>
   <div class='ocr_carea' id='block_1_26' title="bbox 1868 1061 3437 1134">
    <p class='ocr_par' dir='ltr' id='par_1_26' title="bbox 1868 1061 3437 1134">
     <span class='ocr_line' id='line_1_26' title="bbox 1868 1061 3437 1134; baseline 0.003 -21"><span class='ocrx_word' id='word_1_194' title='bbox 1868 1074 2035 1115; x_wconf 84' lang='lat' dir='ltr'><strong>verus</strong></span> <span class='ocrx_word' id='word_1_195' title='bbox 2066 1061 2140 1115; x_wconf 88' lang='lat' dir='ltr'><strong>sit</strong></span> <span class='ocrx_word' id='word_1_196' title='bbox 2170 1061 2260 1117; x_wconf 91' lang='lat' dir='ltr'><strong>ille</strong></span> <span class='ocrx_word' id='word_1_197' title='bbox 2290 1076 2474 1116; x_wconf 86' lang='lat' dir='ltr'><strong>sermo</strong></span> <span class='ocrx_word' id='word_1_198' title='bbox 2504 1061 2832 1125; x_wconf 85' lang='lat' dir='ltr'><strong>Salvatoris,</strong></span> <span class='ocrx_word' id='word_1_199' title='bbox 2857 1079 2921 1117; x_wconf 83' lang='lat' dir='ltr'><strong>ex</strong></span> <span class='ocrx_word' id='word_1_200' title='bbox 2950 1063 3070 1133; x_wconf 88' lang='lat' dir='ltr'><strong>ipso</strong></span> <span class='ocrx_word' id='word_1_201' title='bbox 3096 1065 3437 1134; x_wconf 87' lang='lat' dir='ltr'><strong>potissimum</strong></span> 
     </span>
    </p>
   </div>
   <div class='ocr_carea' id='block_1_27' title="bbox 1866 1152 3439 1226">
    <p class='ocr_par' dir='ltr' id='par_1_27' title="bbox 1866 1152 3439 1226">
     <span class='ocr_line' id='line_1_27' title="bbox 1866 1152 3439 1226; baseline 0.001 -19"><span class='ocrx_word' id='word_1_202' title='bbox 1866 1152 2058 1207; x_wconf 82' lang='lat' dir='ltr'><strong>ordine</strong></span> <span class='ocrx_word' id='word_1_203' title='bbox 2090 1160 2144 1207; x_wconf 92' lang='lat' dir='ltr'><strong>et</strong></span> <span class='ocrx_word' id='word_1_204' title='bbox 2180 1153 2323 1209; x_wconf 86' lang='lat' dir='ltr'><strong>serie</strong></span> <span class='ocrx_word' id='word_1_205' title='bbox 2383 1154 2677 1209; x_wconf 87' lang='lat' dir='ltr'><strong>verborum</strong></span> <span class='ocrx_word' id='word_1_206' title='bbox 2726 1156 2859 1212; x_wconf 87' lang='lat' dir='ltr'><strong>licet</strong></span> <span class='ocrx_word' id='word_1_207' title='bbox 2918 1169 3239 1226; x_wconf 83' lang='lat' dir='ltr'><strong>agnoscere.</strong></span> <span class='ocrx_word' id='word_1_208' title='bbox 3289 1155 3439 1222; x_wconf 83' lang='lat' dir='ltr'><strong>Quo-</strong></span> 
     </span>
    </p>
   </div>
   <div class='ocr_carea' id='block_1_28' title="bbox 1870 1244 3440 1316">
    <p class='ocr_par' dir='ltr' id='par_1_28' title="bbox 1870 1244 3440 1316">
     <span class='ocr_line' id='line_1_28' title="bbox 1870 1244 3440 1316; baseline 0.001 -18"><span class='ocrx_word' id='word_1_209' title='bbox 1870 1244 2034 1299; x_wconf 87' lang='lat' dir='ltr'><strong>modo</strong></span> <span class='ocrx_word' id='word_1_210' title='bbox 2063 1244 2211 1300; x_wconf 91' lang='lat' dir='ltr'><strong>enim</strong></span> <span class='ocrx_word' id='word_1_211' title='bbox 2242 1246 2490 1316; x_wconf 85' lang='lat' dir='ltr'><strong>peccavit</strong></span> <span class='ocrx_word' id='word_1_212' title='bbox 2527 1245 2623 1315; x_wconf 90' lang='lat' dir='ltr'><strong>qui</strong></span> <span class='ocrx_word' id='word_1_213' title='bbox 2647 1254 2933 1316; x_wconf 89' lang='lat' dir='ltr'><strong>peccatum</strong></span> <span class='ocrx_word' id='word_1_214' title='bbox 2982 1262 3096 1301; x_wconf 86' lang='lat' dir='ltr'><strong>non</strong></span> <span class='ocrx_word' id='word_1_215' title='bbox 3131 1248 3316 1313; x_wconf 91' lang='lat' dir='ltr'><strong>novit,</strong></span> <span class='ocrx_word' id='word_1_216' title='bbox 3351 1249 3440 1302; x_wconf 84' lang='lat' dir='ltr'><strong>ille</strong></span> 
     </span>
    </p>
   </div>
   <div class='ocr_carea' id='block_1_29' title="bbox 1870 1338 3439 1413">
    <p class='ocr_par' dir='ltr' id='par_1_29' title="bbox 1870 1338 3439 1413">
     <span class='ocr_line' id='line_1_29' title="bbox 1870 1338 3439 1413; baseline 0.001 -20"><span class='ocrx_word' id='word_1_217' title='bbox 1870 1346 2072 1394; x_wconf 86' lang='lat' dir='ltr'><strong>natura</strong></span> <span class='ocrx_word' id='word_1_218' title='bbox 2096 1348 2149 1395; x_wconf 89' lang='lat' dir='ltr'><strong>et</strong></span> <span class='ocrx_word' id='word_1_219' title='bbox 2185 1338 2417 1395; x_wconf 81' lang='lat' dir='ltr'><strong>veritate</strong></span> <span class='ocrx_word' id='word_1_220' title='bbox 2451 1338 2617 1405; x_wconf 91' lang='lat' dir='ltr'><strong>Deus,</strong></span> <span class='ocrx_word' id='word_1_221' title='bbox 2663 1340 2868 1411; x_wconf 91' lang='lat' dir='ltr'><strong>quique</strong></span> <span class='ocrx_word' id='word_1_222' title='bbox 2911 1341 3050 1395; x_wconf 88' lang='lat' dir='ltr'><strong>nihil</strong></span> <span class='ocrx_word' id='word_1_223' title='bbox 3084 1341 3138 1396; x_wconf 93' lang='lat' dir='ltr'><strong>in</strong></span> <span class='ocrx_word' id='word_1_224' title='bbox 3201 1358 3261 1398; x_wconf 89' lang='lat' dir='ltr'><strong>se</strong></span> <span class='ocrx_word' id='word_1_225' title='bbox 3290 1344 3439 1413; x_wconf 87' lang='lat' dir='ltr'><strong>pravi</strong></span> 
     </span>
    </p>
   </div>
   <div class='ocr_carea' id='block_1_30' title="bbox 1869 1430 3439 1503">
    <p class='ocr_par' dir='ltr' id='par_1_30' title="bbox 1869 1430 3439 1503">
     <span class='ocr_line' id='line_1_30' title="bbox 1869 1430 3439 1503; baseline 0.001 -16"><span class='ocrx_word' id='word_1_226' title='bbox 1869 1431 2159 1502; x_wconf 75' lang='lat' dir='ltr'><strong>suscipere</strong></span> <span class='ocrx_word' id='word_1_227' title='bbox 2196 1447 2438 1502; x_wconf 82' lang='lat' dir='ltr'><strong>unquam</strong></span> <span class='ocrx_word' id='word_1_228' title='bbox 2464 1432 2683 1502; x_wconf 89' lang='lat' dir='ltr'><strong>possit?</strong></span> <span class='ocrx_word' id='word_1_229' title='bbox 2707 1430 2895 1503; x_wconf 83' lang='lat' dir='ltr'><strong>Neque</strong></span> <span class='ocrx_word' id='word_1_230' title='bbox 2919 1449 3050 1488; x_wconf 89' lang='lat' dir='ltr'><strong>vero</strong></span> <span class='ocrx_word' id='word_1_231' title='bbox 3083 1433 3266 1490; x_wconf 91' lang='lat' dir='ltr'><strong>minus</strong></span> <span class='ocrx_word' id='word_1_232' title='bbox 3298 1434 3349 1489; x_wconf 90' lang='lat' dir='ltr'><strong>id</strong></span> <span class='ocrx_word' id='word_1_233' title='bbox 3374 1451 3439 1490; x_wconf 87' lang='lat' dir='ltr'><strong>ex</strong></span> 
     </span>
    </p>
   </div>
   <div class='ocr_carea' id='block_1_31' title="bbox 1871 1523 3440 1597">
    <p class='ocr_par' dir='ltr' id='par_1_31' title="bbox 1871 1523 3440 1597">
     <span class='ocr_line' id='line_1_31' title="bbox 1871 1523 3440 1597; baseline 0.004 -20"><span class='ocrx_word' id='word_1_234' title='bbox 1871 1523 2010 1594; x_wconf 87' lang='lat' dir='ltr'><strong>ipsis</strong></span> <span class='ocrx_word' id='word_1_235' title='bbox 2036 1530 2354 1580; x_wconf 81' lang='lat' dir='ltr'><strong>sanctorum</strong></span> <span class='ocrx_word' id='word_1_236' title='bbox 2382 1525 2844 1597; x_wconf 88' lang='lat' dir='ltr'><strong>evangelistarum</strong></span> <span class='ocrx_word' id='word_1_237' title='bbox 2866 1527 3088 1596; x_wconf 89' lang='lat' dir='ltr'><strong>scriptis</strong></span> <span class='ocrx_word' id='word_1_238' title='bbox 3113 1528 3440 1583; x_wconf 82' lang='lat' dir='ltr'><strong>videbimus.</strong></span> 
     </span>
    </p>
   </div>
   <div class='ocr_carea' id='block_1_32' title="bbox 1872 1613 3445 1686">
    <p class='ocr_par' dir='ltr' id='par_1_32' title="bbox 1872 1613 3445 1686">
     <span class='ocr_line' id='line_1_32' title="bbox 1872 1613 3445 1686; baseline 0.004 -17"><span class='ocrx_word' id='word_1_239' title='bbox 1872 1613 2334 1686; x_wconf 85' lang='lat' dir='ltr'><strong>Sapientissimus</strong></span> <span class='ocrx_word' id='word_1_240' title='bbox 2393 1616 2596 1686; x_wconf 86' lang='lat' dir='ltr'><strong>quippe</strong></span> <span class='ocrx_word' id='word_1_241' title='bbox 2647 1614 2894 1673; x_wconf 78' lang='lat' dir='ltr'><strong>Joannes</strong></span> <span class='ocrx_word' id='word_1_242' title='bbox 2940 1616 3176 1672; x_wconf 81' lang='lat' dir='ltr'><strong>Pilatum</strong></span> <span class='ocrx_word' id='word_1_243' title='bbox 3228 1619 3445 1677; x_wconf 78' lang='lat' dir='ltr'><strong>induxit</strong></span> 
     </span>
    </p>
   </div>
   <div class='ocr_carea' id='block_1_33' title="bbox 1873 1706 3439 1779">
    <p class='ocr_par' dir='ltr' id='par_1_33' title="bbox 1873 1706 3439 1779">
     <span class='ocr_line' id='line_1_33' title="bbox 1873 1706 3439 1779; baseline -0.001 -17"><span class='ocrx_word' id='word_1_244' title='bbox 1873 1709 2184 1763; x_wconf 75' lang='lat' dir='ltr'><strong>dicentem:</strong></span> <span class='ocrx_word' id='word_1_245' title='bbox 2221 1727 2241 1760; x_wconf 77' lang='grc' dir='ltr'><strong>ι</strong></span> <span class='ocrx_word' id='word_1_246' title='bbox 2281 1706 2392 1779; x_wconf 87' lang='lat' dir='ltr'><strong>Ego</strong></span> <span class='ocrx_word' id='word_1_247' title='bbox 2417 1708 2623 1763; x_wconf 91' lang='lat' dir='ltr'><strong>nullam</strong></span> <span class='ocrx_word' id='word_1_248' title='bbox 2650 1709 2867 1764; x_wconf 90' lang='lat' dir='ltr'><strong>invenio</strong></span> <span class='ocrx_word' id='word_1_249' title='bbox 2891 1710 2944 1764; x_wconf 91' lang='lat' dir='ltr'><strong>in</strong></span> <span class='ocrx_word' id='word_1_250' title='bbox 2968 1725 3033 1765; x_wconf 91' lang='lat' dir='ltr'><strong>eo</strong></span> <span class='ocrx_word' id='word_1_251' title='bbox 3062 1711 3387 1777; x_wconf 82' lang='lat' dir='ltr'><strong>causam&quot;;</strong></span> <span class='ocrx_word' id='word_1_252' title='bbox 3421 1730 3439 1761; x_wconf 82' lang='grc'>›</span> 
     </span>
    </p>
   </div>
   <div class='ocr_carea' id='block_1_34' title="bbox 191 1795 1787 1872">
    <p class='ocr_par' dir='ltr' id='par_1_34' title="bbox 191 1795 1774 1870">
     <span class='ocr_line' id='line_1_34' title="bbox 191 1795 1774 1870; baseline 0.003 -21"><span class='ocrx_word' id='word_1_253' title='bbox 191 1795 305 1867; x_wconf 83' lang='grc' dir='ltr'>γὰρ</span> <span class='ocrx_word' id='word_1_254' title='bbox 352 1796 662 1867; x_wconf 81' lang='grc' dir='ltr'>σοφώτατος</span> <span class='ocrx_word' id='word_1_255' title='bbox 713 1797 966 1868; x_wconf 77' lang='grc' dir='ltr'><strong>Ἰωάννης</strong></span> <span class='ocrx_word' id='word_1_256' title='bbox 1016 1798 1107 1851; x_wconf 71' lang='grc' dir='ltr'><strong>τὸν</strong></span> <span class='ocrx_word' id='word_1_257' title='bbox 1151 1799 1384 1853; x_wconf 76' lang='grc' dir='ltr'>Πιλᾶτον</span> <span class='ocrx_word' id='word_1_258' title='bbox 1423 1799 1774 1870; x_wconf 83' lang='grc' dir='ltr'>είσκεκόμικε</span> 
     </span>
    </p>
   </div>
   <div class='ocr_carea' id='block_1_35' title="bbox 1888 1795 3445 1872">
    <p class='ocr_par' dir='ltr' id='par_1_35' title="bbox 1888 1800 3445 1872">
     <span class='ocr_line' id='line_1_35' title="bbox 1888 1800 3445 1872; baseline 0.001 -16"><span class='ocrx_word' id='word_1_259' title='bbox 1888 1811 1928 1856; x_wconf 67' lang='grc' dir='ltr'><strong>ιι</strong></span> <span class='ocrx_word' id='word_1_260' title='bbox 1958 1816 2175 1866; x_wconf 88' lang='lat' dir='ltr'><strong>rursus,</strong></span> <span class='ocrx_word' id='word_1_261' title='bbox 2212 1800 2404 1871; x_wconf 85' lang='lat' dir='ltr'><strong>spinea</strong></span> <span class='ocrx_word' id='word_1_262' title='bbox 2445 1816 2649 1855; x_wconf 89' lang='lat' dir='ltr'><strong>corona</strong></span> <span class='ocrx_word' id='word_1_263' title='bbox 2700 1801 2957 1872; x_wconf 88' lang='lat' dir='ltr'><strong>imposita</strong></span> <span class='ocrx_word' id='word_1_264' title='bbox 3003 1802 3333 1857; x_wconf 90' lang='lat' dir='ltr'><strong>clamantem</strong></span> <span class='ocrx_word' id='word_1_265' title='bbox 3382 1819 3445 1857; x_wconf 88' lang='lat' dir='ltr'><strong>ac</strong></span> 
     </span>
    </p>
   </div>
   <div class='ocr_carea' id='block_1_36' title="bbox 190 1887 1768 1963">
    <p class='ocr_par' dir='ltr' id='par_1_36' title="bbox 190 1887 1768 1963">
     <span class='ocr_line' id='line_1_36' title="bbox 190 1887 1768 1963; baseline 0 -21"><span class='ocrx_word' id='word_1_266' title='bbox 190 1889 421 1957; x_wconf 84' lang='grc' dir='ltr'>λέγοντα</span> <span class='ocrx_word' id='word_1_267' title='bbox 441 1906 455 1921; x_wconf 67' lang='grc' dir='ltr'>υ</span> <span class='ocrx_word' id='word_1_268' title='bbox 481 1908 502 1940; x_wconf 73' lang='grc' dir='ltr'><strong>ι</strong></span> <span class='ocrx_word' id='word_1_269' title='bbox 526 1887 668 1958; x_wconf 86' lang='grc' dir='ltr'><strong>Ἐγὼ</strong></span> <span class='ocrx_word' id='word_1_270' title='bbox 695 1890 953 1961; x_wconf 72' lang='grc' dir='ltr'>οὐδεμίαν</span> <span class='ocrx_word' id='word_1_271' title='bbox 984 1890 1162 1947; x_wconf 76' lang='grc' dir='ltr'>αἰτίαν</span> <span class='ocrx_word' id='word_1_272' title='bbox 1195 1892 1433 1963; x_wconf 83' lang='grc' dir='ltr'>εὑρίσκω</span> <span class='ocrx_word' id='word_1_273' title='bbox 1462 1892 1519 1944; x_wconf 90' lang='grc' dir='ltr'><strong>ἐν</strong></span> <span class='ocrx_word' id='word_1_274' title='bbox 1538 1890 1687 1963; x_wconf 82' lang='grc' dir='ltr'>αὑτῷ</span> <span class='ocrx_word' id='word_1_275' title='bbox 1707 1907 1720 1921; x_wconf 88' lang='grc'><strong>·</strong></span> <span class='ocrx_word' id='word_1_276' title='bbox 1749 1910 1768 1942; x_wconf 76' lang='grc' dir='ltr'><strong>ι</strong></span> 
     </span>
    </p>
   </div>
   <div class='ocr_carea' id='block_1_37' title="bbox 194 1981 1775 2053">
    <p class='ocr_par' dir='ltr' id='par_1_37' title="bbox 194 1981 1775 2053">
     <span class='ocr_line' id='line_1_37' title="bbox 194 1981 1775 2053; baseline 0.001 -19"><span class='ocrx_word' id='word_1_277' title='bbox 194 1981 293 2034; x_wconf 68' lang='grc' dir='ltr'><strong>καὶ</strong></span> <span class='ocrx_word' id='word_1_278' title='bbox 323 1982 487 2035; x_wconf 83' lang='grc' dir='ltr'>πάλιν</span> <span class='ocrx_word' id='word_1_279' title='bbox 534 1981 674 2052; x_wconf 85' lang='grc' dir='ltr'><strong>μετά</strong></span> <span class='ocrx_word' id='word_1_280' title='bbox 704 1982 767 2035; x_wconf 84' lang='grc' dir='ltr'><strong>τὸ</strong></span> <span class='ocrx_word' id='word_1_281' title='bbox 793 1981 1066 2035; x_wconf 81' lang='grc' dir='ltr'>ἐπιθεῖναι</span> <span class='ocrx_word' id='word_1_282' title='bbox 1098 1981 1360 2053; x_wconf 82' lang='grc' dir='ltr'>στέφανον</span> <span class='ocrx_word' id='word_1_283' title='bbox 1395 1982 1487 2036; x_wconf 84' lang='grc' dir='ltr'><strong>τὸν</strong></span> <span class='ocrx_word' id='word_1_284' title='bbox 1517 1982 1577 2050; x_wconf 80' lang='grc' dir='ltr'>ἐξ</span> <span class='ocrx_word' id='word_1_285' title='bbox 1603 1984 1775 2036; x_wconf 86' lang='grc' dir='ltr'>ἀκαν-</span> 
     </span>
    </p>
   </div>
   <div class='ocr_carea' id='block_1_38' title="bbox 196 2059 1776 2145">
    <p class='ocr_par' dir='ltr' id='par_1_38' title="bbox 196 2059 1776 2145">
     <span class='ocr_line' id='line_1_38' title="bbox 196 2059 1776 2145; baseline 0.001 -19"><span class='ocrx_word' id='word_1_286' title='bbox 196 2073 341 2137; x_wconf 87' lang='grc' dir='ltr'>θῶν,</span> <span class='ocrx_word' id='word_1_287' title='bbox 392 2073 820 2144; x_wconf 78' lang='grc' dir='ltr'>προσφωνοῦντα</span> <span class='ocrx_word' id='word_1_288' title='bbox 868 2075 962 2129; x_wconf 76' lang='grc' dir='ltr'><strong>καὶ</strong></span> <span class='ocrx_word' id='word_1_289' title='bbox 1005 2059 1253 2143; x_wconf 83' lang='grc' dir='ltr'>λέγοντα·</span> <span class='ocrx_word' id='word_1_290' title='bbox 1286 2094 1305 2127; x_wconf 75' lang='grc' dir='ltr'><strong>ι</strong></span> <span class='ocrx_word' id='word_1_291' title='bbox 1337 2075 1443 2129; x_wconf 81' lang='grc' dir='ltr'>Ἴδε</span> <span class='ocrx_word' id='word_1_292' title='bbox 1471 2076 1588 2145; x_wconf 78' lang='grc' dir='ltr'>ἄγω</span> <span class='ocrx_word' id='word_1_293' title='bbox 1615 2074 1776 2129; x_wconf 74' lang='grc' dir='ltr'>αὑτὸν</span> 
     </span>
    </p>
   </div>
   <div class='ocr_carea' id='block_1_39' title="bbox 198 2164 1777 2238">
    <p class='ocr_par' dir='ltr' id='par_1_39' title="bbox 198 2164 1777 2238">
     <span class='ocr_line' id='line_1_39' title="bbox 198 2164 1777 2238; baseline 0.002 -19"><span class='ocrx_word' id='word_1_294' title='bbox 198 2165 333 2235; x_wconf 83' lang='grc' dir='ltr'>ὑμῖν</span> <span class='ocrx_word' id='word_1_295' title='bbox 355 2164 479 2231; x_wconf 78' lang='grc' dir='ltr'>ἔξω,</span> <span class='ocrx_word' id='word_1_296' title='bbox 507 2166 595 2218; x_wconf 86' lang='grc' dir='ltr'><strong>ἵνα</strong></span> <span class='ocrx_word' id='word_1_297' title='bbox 615 2165 809 2235; x_wconf 86' lang='grc' dir='ltr'>γνῶτε,</span> <span class='ocrx_word' id='word_1_298' title='bbox 843 2166 931 2220; x_wconf 77' lang='grc' dir='ltr'>ὅτε</span> <span class='ocrx_word' id='word_1_299' title='bbox 953 2166 1207 2238; x_wconf 74' lang='grc' dir='ltr'>οὐδεμίαν</span> <span class='ocrx_word' id='word_1_300' title='bbox 1242 2168 1421 2221; x_wconf 77' lang='grc' dir='ltr'>αἰτίαν</span> <span class='ocrx_word' id='word_1_301' title='bbox 1450 2166 1689 2237; x_wconf 81' lang='grc' dir='ltr'>εὑρίσκω</span> <span class='ocrx_word' id='word_1_302' title='bbox 1719 2170 1777 2222; x_wconf 84' lang='grc' dir='ltr'><strong>ἐν</strong></span> 
     </span>
    </p>
   </div>
   <div class='ocr_carea' id='block_1_40' title="bbox 199 2257 1780 2331">
    <p class='ocr_par' dir='ltr' id='par_1_40' title="bbox 199 2257 1780 2331">
     <span class='ocr_line' id='line_1_40' title="bbox 199 2257 1780 2331; baseline 0.001 -20"><span class='ocrx_word' id='word_1_303' title='bbox 199 2257 371 2327; x_wconf 84' lang='grc' dir='ltr'>αὑτῷ.</span> <span class='ocrx_word' id='word_1_304' title='bbox 404 2276 423 2309; x_wconf 72' lang='grc' dir='ltr'><strong>ι</strong></span> <span class='ocrx_word' id='word_1_305' title='bbox 481 2257 539 2312; x_wconf 85' lang='lat'><strong>&#39;0</strong></span> <span class='ocrx_word' id='word_1_306' title='bbox 566 2257 623 2310; x_wconf 94' lang='grc' dir='ltr'><strong>δέ</strong></span> <span class='ocrx_word' id='word_1_307' title='bbox 652 2275 717 2326; x_wconf 90' lang='grc' dir='ltr'><strong>γε</strong></span> <span class='ocrx_word' id='word_1_308' title='bbox 743 2257 1020 2323; x_wconf 83' lang='grc' dir='ltr'>Ματθαῖος</span> <span class='ocrx_word' id='word_1_309' title='bbox 1042 2259 1123 2322; x_wconf 84' lang='grc' dir='ltr'><strong>είς</strong></span> <span class='ocrx_word' id='word_1_310' title='bbox 1142 2258 1413 2330; x_wconf 82' lang='grc' dir='ltr'>τοσαύτην</span> <span class='ocrx_word' id='word_1_311' title='bbox 1441 2259 1601 2313; x_wconf 81' lang='grc' dir='ltr'>αὑτὸν</span> <span class='ocrx_word' id='word_1_312' title='bbox 1626 2277 1780 2331; x_wconf 85' lang='grc' dir='ltr'>μισο-</span> 
     </span>
    </p>
   </div>
   <div class='ocr_carea' id='block_1_41' title="bbox 199 2350 1781 2423">
    <p class='ocr_par' dir='ltr' id='par_1_41' title="bbox 199 2350 1781 2423">
     <span class='ocr_line' id='line_1_41' title="bbox 199 2350 1781 2423; baseline 0.003 -20"><span class='ocrx_word' id='word_1_313' title='bbox 199 2350 468 2421; x_wconf 78' lang='grc' dir='ltr'>πονηρίαν</span> <span class='ocrx_word' id='word_1_314' title='bbox 492 2351 715 2421; x_wconf 71' lang='grc' dir='ltr'>ἀφῖχθαί</span> <span class='ocrx_word' id='word_1_315' title='bbox 751 2369 948 2423; x_wconf 86' lang='grc' dir='ltr'>φησιν,</span> <span class='ocrx_word' id='word_1_316' title='bbox 978 2352 1054 2416; x_wconf 84' lang='grc' dir='ltr'><strong>ῶς</strong></span> <span class='ocrx_word' id='word_1_317' title='bbox 1091 2352 1185 2405; x_wconf 59' lang='grc' dir='ltr'><strong>καὶ⁴</strong></span> <span class='ocrx_word' id='word_1_318' title='bbox 1217 2352 1585 2423; x_wconf 73' lang='grc' dir='ltr'>ἀπονίψασθαι</span> <span class='ocrx_word' id='word_1_319' title='bbox 1617 2354 1781 2409; x_wconf 82' lang='grc' dir='ltr'>αὑτὸν</span> 
     </span>
    </p>
   </div>
   <div class='ocr_carea' id='block_1_42' title="bbox 196 2440 1781 2517">
    <p class='ocr_par' dir='ltr' id='par_1_42' title="bbox 196 2440 1781 2517">
     <span class='ocr_line' id='line_1_42' title="bbox 196 2440 1781 2517; baseline 0.004 -25"><span class='ocrx_word' id='word_1_320' title='bbox 196 2444 316 2503; x_wconf 86' lang='grc' dir='ltr'>τοῖς</span> <span class='ocrx_word' id='word_1_321' title='bbox 352 2440 627 2506; x_wconf 76' lang='grc' dir='ltr'>Ἰουδαίοις</span> <span class='ocrx_word' id='word_1_322' title='bbox 648 2442 751 2506; x_wconf 83' lang='grc' dir='ltr'>τὰς</span> <span class='ocrx_word' id='word_1_323' title='bbox 780 2445 967 2513; x_wconf 82' lang='grc' dir='ltr'>χεῖρας</span> <span class='ocrx_word' id='word_1_324' title='bbox 1000 2442 1095 2498; x_wconf 77' lang='grc' dir='ltr'><strong>καὶ</strong></span> <span class='ocrx_word' id='word_1_325' title='bbox 1131 2446 1305 2497; x_wconf 81' lang='grc' dir='ltr'>εἰπεῖν</span> <span class='ocrx_word' id='word_1_326' title='bbox 1328 2458 1343 2473; x_wconf 85' lang='grc'>⁶</span> <span class='ocrx_word' id='word_1_327' title='bbox 1380 2464 1398 2495; x_wconf 83' lang='grc' dir='ltr'><strong>ι</strong></span> <span class='ocrx_word' id='word_1_328' title='bbox 1439 2443 1640 2509; x_wconf 82' lang='grc' dir='ltr'>Ἀθῶός</span> <span class='ocrx_word' id='word_1_329' title='bbox 1665 2448 1781 2517; x_wconf 86' lang='grc' dir='ltr'>είμι</span> 
     </span>
    </p>
   </div>
   <div class='ocr_carea' id='block_1_43' title="bbox 198 2537 1782 2609">
    <p class='ocr_par' dir='ltr' id='par_1_43' title="bbox 198 2537 1782 2609">
     <span class='ocr_line' id='line_1_43' title="bbox 198 2537 1782 2609; baseline 0.001 -16"><span class='ocrx_word' id='word_1_330' title='bbox 198 2539 313 2593; x_wconf 78' lang='grc' dir='ltr'><strong>ἀπὸ</strong></span> <span class='ocrx_word' id='word_1_331' title='bbox 334 2537 427 2592; x_wconf 84' lang='grc' dir='ltr'><strong>τοῦ</strong></span> <span class='ocrx_word' id='word_1_332' title='bbox 450 2540 679 2609; x_wconf 76' lang='grc' dir='ltr'>αἵματος</span> <span class='ocrx_word' id='word_1_333' title='bbox 704 2539 799 2592; x_wconf 89' lang='grc' dir='ltr'><strong>τοῦ</strong></span> <span class='ocrx_word' id='word_1_334' title='bbox 828 2538 1036 2593; x_wconf 85' lang='grc' dir='ltr'>δικαίου</span> <span class='ocrx_word' id='word_1_335' title='bbox 1063 2539 1271 2593; x_wconf 77' lang='grc' dir='ltr'>τούτου.</span> <span class='ocrx_word' id='word_1_336' title='bbox 1302 2559 1321 2592; x_wconf 74' lang='grc' dir='ltr'><strong>ι</strong></span> <span class='ocrx_word' id='word_1_337' title='bbox 1371 2540 1487 2593; x_wconf 81' lang='grc' dir='ltr'><strong>Ἐπ’</strong></span> <span class='ocrx_word' id='word_1_338' title='bbox 1521 2538 1700 2593; x_wconf 84' lang='grc' dir='ltr'>αὑτῶν</span> <span class='ocrx_word' id='word_1_339' title='bbox 1727 2540 1782 2594; x_wconf 82' lang='grc' dir='ltr'><strong>δέ</strong></span> 
     </span>
    </p>
   </div>
   <div class='ocr_carea' id='block_1_44' title="bbox 196 2630 1781 2702">
    <p class='ocr_par' dir='ltr' id='par_1_44' title="bbox 196 2630 1781 2702">
     <span class='ocr_line' id='line_1_44' title="bbox 196 2630 1781 2702; baseline 0.001 -19"><span class='ocrx_word' id='word_1_340' title='bbox 196 2630 313 2683; x_wconf 89' lang='grc' dir='ltr'><strong>τῶν</strong></span> <span class='ocrx_word' id='word_1_341' title='bbox 372 2630 673 2702; x_wconf 83' lang='grc' dir='ltr'>ἀρχιερέων</span> <span class='ocrx_word' id='word_1_342' title='bbox 741 2630 1228 2701; x_wconf 86' lang='grc' dir='ltr'>είσκεκομισμένον</span> <span class='ocrx_word' id='word_1_343' title='bbox 1289 2631 1421 2700; x_wconf 80' lang='grc' dir='ltr'>ἡμῖν</span> <span class='ocrx_word' id='word_1_344' title='bbox 1491 2631 1781 2697; x_wconf 77' lang='grc' dir='ltr'>ἐπιδείξας,</span> 
     </span>
    </p>
   </div>
   <div class='ocr_carea' id='block_1_45' title="bbox 194 2722 1782 2795">
    <p class='ocr_par' dir='ltr' id='par_1_45' title="bbox 194 2722 1782 2795">
     <span class='ocr_line' id='line_1_45' title="bbox 194 2722 1782 2795; baseline 0.002 -22"><span class='ocrx_word' id='word_1_345' title='bbox 194 2722 345 2774; x_wconf 80' lang='grc' dir='ltr'>οὑτω</span> <span class='ocrx_word' id='word_1_346' title='bbox 380 2722 543 2792; x_wconf 80' lang='grc' dir='ltr'>φησίν</span> <span class='ocrx_word' id='word_1_347' title='bbox 566 2738 579 2752; x_wconf 84' lang='lat'><strong><em>°</em></strong></span> <span class='ocrx_word' id='word_1_348' title='bbox 612 2742 631 2773; x_wconf 79' lang='grc' dir='ltr'><strong>ι</strong></span> <span class='ocrx_word' id='word_1_349' title='bbox 663 2723 727 2776; x_wconf 70' lang='lat' dir='ltr'><strong>Ol</strong></span> <span class='ocrx_word' id='word_1_350' title='bbox 754 2723 809 2776; x_wconf 80' lang='grc' dir='ltr'><strong>δὲ</strong></span> <span class='ocrx_word' id='word_1_351' title='bbox 833 2723 1111 2795; x_wconf 85' lang='grc' dir='ltr'>ἀρχιερεῖς</span> <span class='ocrx_word' id='word_1_352' title='bbox 1151 2723 1243 2776; x_wconf 74' lang='grc' dir='ltr'>καὶ</span> <span class='ocrx_word' id='word_1_353' title='bbox 1270 2723 1327 2776; x_wconf 81' lang='grc' dir='ltr'>τὸ</span> <span class='ocrx_word' id='word_1_354' title='bbox 1361 2722 1637 2794; x_wconf 87' lang='grc' dir='ltr'>συνέδριον</span> <span class='ocrx_word' id='word_1_355' title='bbox 1665 2722 1782 2776; x_wconf 79' lang='grc' dir='ltr'>ὅλον</span> 
     </span>
    </p>
   </div>
   <div class='ocr_carea' id='block_1_46' title="bbox 198 2812 1786 2886">
    <p class='ocr_par' dir='ltr' id='par_1_46' title="bbox 198 2812 1786 2886">
     <span class='ocr_line' id='line_1_46' title="bbox 198 2812 1786 2886; baseline 0.001 -20"><span class='ocrx_word' id='word_1_356' title='bbox 198 2813 432 2884; x_wconf 73' lang='grc' dir='ltr'>ἐζήτουν</span> <span class='ocrx_word' id='word_1_357' title='bbox 472 2812 950 2886; x_wconf 68' lang='grc' dir='ltr'>ψευδομαρτυρίαν</span> <span class='ocrx_word' id='word_1_358' title='bbox 989 2813 1132 2873; x_wconf 84' lang='grc' dir='ltr'><strong>κατά</strong></span> <span class='ocrx_word' id='word_1_359' title='bbox 1176 2814 1273 2867; x_wconf 78' lang='grc' dir='ltr'><strong>τοῦ</strong></span> <span class='ocrx_word' id='word_1_360' title='bbox 1317 2813 1554 2885; x_wconf 81' lang='grc' dir='ltr'>Χριστοῦ</span> <span class='ocrx_word' id='word_1_361' title='bbox 1579 2854 1595 2878; x_wconf 89' lang='grc'><strong>,</strong></span> <span class='ocrx_word' id='word_1_362' title='bbox 1638 2814 1786 2877; x_wconf 82' lang='grc' dir='ltr'>ὅπως</span> 
     </span>
    </p>
   </div>
   <div class='ocr_carea' id='block_1_47' title="bbox 200 2900 1785 2978">
    <p class='ocr_par' dir='ltr' id='par_1_47' title="bbox 200 2900 1785 2978">
     <span class='ocr_line' id='line_1_47' title="bbox 200 2900 1785 2978; baseline -0.001 -20"><span class='ocrx_word' id='word_1_363' title='bbox 200 2905 368 2959; x_wconf 78' lang='grc' dir='ltr'>αὑτὸν</span> <span class='ocrx_word' id='word_1_364' title='bbox 402 2904 756 2960; x_wconf 86' lang='grc' dir='ltr'>θανατώσωσι</span> <span class='ocrx_word' id='word_1_365' title='bbox 779 2950 793 2969; x_wconf 87' lang='grc'><strong>,</strong></span> <span class='ocrx_word' id='word_1_366' title='bbox 828 2908 922 2961; x_wconf 77' lang='grc' dir='ltr'><strong>καὶ</strong></span> <span class='ocrx_word' id='word_1_367' title='bbox 958 2907 1056 2977; x_wconf 86' lang='grc' dir='ltr'><strong>οὑχ</strong></span> <span class='ocrx_word' id='word_1_368' title='bbox 1083 2900 1269 2978; x_wconf 76' lang='grc' dir='ltr'>εὗρον,</span> <span class='ocrx_word' id='word_1_369' title='bbox 1317 2904 1525 2961; x_wconf 86' lang='grc' dir='ltr'>πολλῶν</span> <span class='ocrx_word' id='word_1_370' title='bbox 1555 2905 1785 2978; x_wconf 88' lang='grc' dir='ltr'>προσελ-</span> 
     </span>
    </p>
   </div>
   <div class='ocr_carea' id='block_1_48' title="bbox 198 2996 1788 3070">
    <p class='ocr_par' dir='ltr' id='par_1_48' title="bbox 198 2996 1788 3070">
     <span class='ocr_line' id='line_1_48' title="bbox 198 2996 1788 3070; baseline -0.001 -18"><span class='ocrx_word' id='word_1_371' title='bbox 198 2998 410 3052; x_wconf 75' lang='grc' dir='ltr'>θόντων</span> <span class='ocrx_word' id='word_1_372' title='bbox 450 2997 933 3069; x_wconf 72' lang='grc' dir='ltr'>ψευδομαρτύρων.</span> <span class='ocrx_word' id='word_1_373' title='bbox 984 2998 1048 3052; x_wconf 78' lang='lat' dir='ltr'><strong>El</strong></span> <span class='ocrx_word' id='word_1_374' title='bbox 1083 2997 1191 3070; x_wconf 86' lang='grc' dir='ltr'>γὰρ</span> <span class='ocrx_word' id='word_1_375' title='bbox 1240 2998 1337 3052; x_wconf 83' lang='grc' dir='ltr'><strong>καὶ</strong></span> <span class='ocrx_word' id='word_1_376' title='bbox 1378 2997 1447 3050; x_wconf 88' lang='grc' dir='ltr'>δι’</span> <span class='ocrx_word' id='word_1_377' title='bbox 1485 2996 1788 3070; x_wconf 84' lang='grc' dir='ltr'>ἀνθρώπων</span> 
     </span>
    </p>
   </div>
   <div class='ocr_carea' id='block_1_49' title="bbox 203 3089 1789 3163">
    <p class='ocr_par' dir='ltr' id='par_1_49' title="bbox 203 3089 1789 3163">
     <span class='ocr_line' id='line_1_49' title="bbox 203 3089 1789 3163; baseline -0.001 -21"><span class='ocrx_word' id='word_1_378' title='bbox 203 3091 451 3161; x_wconf 67' lang='grc' dir='ltr'>ἐζητεῖτο</span> <span class='ocrx_word' id='word_1_379' title='bbox 481 3091 548 3144; x_wconf 87' lang='grc' dir='ltr'><strong>τά</strong></span> <span class='ocrx_word' id='word_1_380' title='bbox 580 3090 699 3143; x_wconf 80' lang='grc' dir='ltr'>κατ’</span> <span class='ocrx_word' id='word_1_381' title='bbox 727 3090 907 3154; x_wconf 80' lang='grc' dir='ltr'>αὑτὸν,</span> <span class='ocrx_word' id='word_1_382' title='bbox 940 3090 1057 3144; x_wconf 79' lang='grc' dir='ltr'>ἀλλ’</span> <span class='ocrx_word' id='word_1_383' title='bbox 1086 3089 1161 3153; x_wconf 82' lang='grc' dir='ltr'>ὡς</span> <span class='ocrx_word' id='word_1_384' title='bbox 1183 3089 1436 3163; x_wconf 81' lang='grc' dir='ltr'>ὀργάνοις</span> <span class='ocrx_word' id='word_1_385' title='bbox 1465 3090 1559 3143; x_wconf 69' lang='grc' dir='ltr'><strong>καὶ</strong></span> <span class='ocrx_word' id='word_1_386' title='bbox 1587 3090 1789 3159; x_wconf 83' lang='grc' dir='ltr'>ὑπουρ-</span> 
     </span>
    </p>
   </div>
   <div class='ocr_carea' id='block_1_50' title="bbox 204 3177 1789 3253">
    <p class='ocr_par' dir='ltr' id='par_1_50' title="bbox 204 3177 1789 3253">
     <span class='ocr_line' id='line_1_50' title="bbox 204 3177 1789 3253; baseline -0.003 -18"><span class='ocrx_word' id='word_1_387' title='bbox 204 3184 327 3249; x_wconf 86' lang='grc' dir='ltr'>γοῖς</span> <span class='ocrx_word' id='word_1_388' title='bbox 353 3181 453 3251; x_wconf 82' lang='grc' dir='ltr'>τῆς</span> <span class='ocrx_word' id='word_1_389' title='bbox 481 3180 706 3251; x_wconf 75' lang='grc' dir='ltr'>ἐνούσης</span> <span class='ocrx_word' id='word_1_390' title='bbox 748 3180 898 3252; x_wconf 87' lang='grc' dir='ltr'>αὑτῷ</span> <span class='ocrx_word' id='word_1_391' title='bbox 936 3181 1265 3253; x_wconf 88' lang='grc' dir='ltr'>δυστροπίας</span> <span class='ocrx_word' id='word_1_392' title='bbox 1313 3180 1513 3252; x_wconf 80' lang='grc' dir='ltr'>ἐχρῆτο</span> <span class='ocrx_word' id='word_1_393' title='bbox 1548 3180 1577 3232; x_wconf 89' lang='lat'><strong>6</strong></span> <span class='ocrx_word' id='word_1_394' title='bbox 1610 3177 1789 3232; x_wconf 78' lang='grc' dir='ltr'>διάϐο-</span> 
     </span>
    </p>
   </div>
   <div class='ocr_carea' id='block_1_51' title="bbox 204 3268 1790 3343">
    <p class='ocr_par' dir='ltr' id='par_1_51' title="bbox 204 3268 1790 3343">
     <span class='ocr_line' id='line_1_51' title="bbox 204 3268 1790 3343; baseline -0.003 -16"><span class='ocrx_word' id='word_1_395' title='bbox 204 3274 321 3338; x_wconf 82' lang='grc' dir='ltr'>λος,</span> <span class='ocrx_word' id='word_1_396' title='bbox 348 3274 441 3326; x_wconf 75' lang='grc' dir='ltr'>καὶ</span> <span class='ocrx_word' id='word_1_397' title='bbox 468 3272 631 3336; x_wconf 83' lang='grc' dir='ltr'>αὑτὸς</span> <span class='ocrx_word' id='word_1_398' title='bbox 666 3268 735 3343; x_wconf 81' lang='grc' dir='ltr'>ἦν</span> <span class='ocrx_word' id='word_1_399' title='bbox 766 3272 993 3342; x_wconf 80' lang='grc' dir='ltr'>μᾶλλον,</span> <span class='ocrx_word' id='word_1_400' title='bbox 1040 3272 1183 3343; x_wconf 75' lang='grc' dir='ltr'>ήπερ</span> <span class='ocrx_word' id='word_1_401' title='bbox 1213 3271 1401 3342; x_wconf 72' lang='grc' dir='ltr'>ἕτερός</span> <span class='ocrx_word' id='word_1_402' title='bbox 1438 3288 1522 3333; x_wconf 90' lang='grc' dir='ltr'><strong>τις</strong></span> <span class='ocrx_word' id='word_1_403' title='bbox 1547 3272 1576 3323; x_wconf 90' lang='lat'><strong>6</strong></span> <span class='ocrx_word' id='word_1_404' title='bbox 1609 3272 1790 3341; x_wconf 82' lang='grc' dir='ltr'>εὑρεῖν</span> 
     </span>
    </p>
   </div>
   <div class='ocr_carea' id='block_1_52' title="bbox 203 3350 1793 3436">
    <p class='ocr_par' dir='ltr' id='par_1_52' title="bbox 203 3350 1793 3436">
     <span class='ocr_line' id='line_1_52' title="bbox 203 3350 1793 3436; baseline -0.003 -16"><span class='ocrx_word' id='word_1_405' title='bbox 203 3371 268 3420; x_wconf 72' lang='grc' dir='ltr'><strong>ἐν</strong></span> <span class='ocrx_word' id='word_1_406' title='bbox 294 3364 444 3436; x_wconf 85' lang='grc' dir='ltr'>αὑτῷ</span> <span class='ocrx_word' id='word_1_407' title='bbox 471 3364 651 3436; x_wconf 77' lang='grc' dir='ltr'>ζητῶν</span> <span class='ocrx_word' id='word_1_408' title='bbox 672 3364 1071 3436; x_wconf 79' lang='grc' dir='ltr'>πλημμέλημα.</span> <span class='ocrx_word' id='word_1_409' title='bbox 1106 3362 1315 3417; x_wconf 82' lang='grc' dir='ltr'>Οὐκοῦν</span> <span class='ocrx_word' id='word_1_410' title='bbox 1334 3350 1551 3435; x_wconf 82' lang='grc' dir='ltr'>ἀληθὲς,</span> <span class='ocrx_word' id='word_1_411' title='bbox 1573 3364 1655 3417; x_wconf 83' lang='grc' dir='ltr'>ὅτι</span> <span class='ocrx_word' id='word_1_412' title='bbox 1686 3363 1793 3416; x_wconf 88' lang='grc' dir='ltr'><strong>τῶν</strong></span> 
     </span>
    </p>
   </div>
   <div class='ocr_carea' id='block_1_53' title="bbox 210 3454 1797 3529">
    <p class='ocr_par' dir='ltr' id='par_1_53' title="bbox 210 3454 1797 3529">
     <span class='ocr_line' id='line_1_53' title="bbox 210 3454 1797 3529; baseline -0.003 -16"><span class='ocrx_word' id='word_1_413' title='bbox 210 3458 361 3513; x_wconf 86' lang='grc' dir='ltr'>ιδίων</span> <span class='ocrx_word' id='word_1_414' title='bbox 383 3458 535 3512; x_wconf 86' lang='grc' dir='ltr'>οὑδέν</span> <span class='ocrx_word' id='word_1_415' title='bbox 566 3454 712 3529; x_wconf 72' lang='grc' dir='ltr'>εἶχεν</span> <span class='ocrx_word' id='word_1_416' title='bbox 740 3460 770 3512; x_wconf 89' lang='lat'><strong>6</strong></span> <span class='ocrx_word' id='word_1_417' title='bbox 797 3457 1039 3521; x_wconf 76' lang='grc' dir='ltr'>διάϐολος</span> <span class='ocrx_word' id='word_1_418' title='bbox 1075 3459 1132 3510; x_wconf 81' lang='grc' dir='ltr'><strong>ἐν</strong></span> <span class='ocrx_word' id='word_1_419' title='bbox 1163 3456 1332 3529; x_wconf 81' lang='grc' dir='ltr'>αὑτῷ,</span> <span class='ocrx_word' id='word_1_420' title='bbox 1358 3455 1416 3512; x_wconf 84' lang='grc' dir='ltr'><strong>δν</strong></span> <span class='ocrx_word' id='word_1_421' title='bbox 1437 3457 1532 3510; x_wconf 70' lang='grc' dir='ltr'>καὶ</span> <span class='ocrx_word' id='word_1_422' title='bbox 1558 3455 1797 3527; x_wconf 78' lang='grc' dir='ltr'>ἄρχοντα</span> 
     </span>
    </p>
   </div>
   <div class='ocr_carea' id='block_1_54' title="bbox 209 3545 1799 3621">
    <p class='ocr_par' dir='ltr' id='par_1_54' title="bbox 209 3545 1799 3621">
     <span class='ocr_line' id='line_1_54' title="bbox 209 3545 1799 3621; baseline -0.002 -19"><span class='ocrx_word' id='word_1_423' title='bbox 209 3547 307 3603; x_wconf 82' lang='grc' dir='ltr'><strong>τοῦ</strong></span> <span class='ocrx_word' id='word_1_424' title='bbox 341 3549 548 3620; x_wconf 87' lang='grc' dir='ltr'>κόσμου</span> <span class='ocrx_word' id='word_1_425' title='bbox 577 3550 714 3621; x_wconf 86' lang='grc' dir='ltr'>πρὸς</span> <span class='ocrx_word' id='word_1_426' title='bbox 760 3552 821 3601; x_wconf 82' lang='grc' dir='ltr'><strong>τδ</strong></span> <span class='ocrx_word' id='word_1_427' title='bbox 851 3546 1024 3619; x_wconf 79' lang='grc' dir='ltr'>παρὸν</span> <span class='ocrx_word' id='word_1_428' title='bbox 1062 3547 1346 3619; x_wconf 84' lang='grc' dir='ltr'>ὠνόμασεν</span> <span class='ocrx_word' id='word_1_429' title='bbox 1367 3586 1383 3611; x_wconf 93' lang='grc'><strong>,</strong></span> <span class='ocrx_word' id='word_1_430' title='bbox 1430 3548 1528 3617; x_wconf 86' lang='grc' dir='ltr'><strong>οὑχ</strong></span> <span class='ocrx_word' id='word_1_431' title='bbox 1559 3547 1635 3609; x_wconf 85' lang='grc' dir='ltr'>ὡς</span> <span class='ocrx_word' id='word_1_432' title='bbox 1666 3545 1799 3616; x_wconf 84' lang='grc' dir='ltr'>ἀλη-</span> 
     </span>
    </p>
   </div>
   <div class='ocr_carea' id='block_1_55' title="bbox 208 3637 1797 3711">
    <p class='ocr_par' dir='ltr' id='par_1_55' title="bbox 208 3637 1797 3711">
     <span class='ocr_line' id='line_1_55' title="bbox 208 3637 1797 3711; baseline -0.003 -18"><span class='ocrx_word' id='word_1_433' title='bbox 208 3640 325 3705; x_wconf 80' lang='grc' dir='ltr'><strong>θῶς</strong></span> <span class='ocrx_word' id='word_1_434' title='bbox 350 3640 477 3694; x_wconf 76' lang='grc' dir='ltr'>ὄντα</span> <span class='ocrx_word' id='word_1_435' title='bbox 501 3640 768 3711; x_wconf 85' lang='grc' dir='ltr'>δεσπότην</span> <span class='ocrx_word' id='word_1_436' title='bbox 785 3682 798 3705; x_wconf 92' lang='grc'><strong>,</strong></span> <span class='ocrx_word' id='word_1_437' title='bbox 841 3639 959 3693; x_wconf 84' lang='grc' dir='ltr'>ἀλλ’</span> <span class='ocrx_word' id='word_1_438' title='bbox 984 3640 1172 3710; x_wconf 80' lang='grc' dir='ltr'>ῶσπερ</span> <span class='ocrx_word' id='word_1_439' title='bbox 1196 3638 1320 3692; x_wconf 86' lang='grc' dir='ltr'>τινὰ</span> <span class='ocrx_word' id='word_1_440' title='bbox 1355 3638 1463 3692; x_wconf 89' lang='grc' dir='ltr'><strong>τῶν</strong></span> <span class='ocrx_word' id='word_1_441' title='bbox 1500 3637 1797 3707; x_wconf 82' lang='grc' dir='ltr'>ἀλιτηρίων</span> 
     </span>
    </p>
   </div>
   <div class='ocr_carea' id='block_1_56' title="bbox 214 3728 1797 3803">
    <p class='ocr_par' dir='ltr' id='par_1_56' title="bbox 214 3728 1797 3803">
     <span class='ocr_line' id='line_1_56' title="bbox 214 3728 1797 3803; baseline -0.001 -20"><span class='ocrx_word' id='word_1_442' title='bbox 214 3732 508 3803; x_wconf 75' lang='grc' dir='ltr'>βαρϐάρων</span> <span class='ocrx_word' id='word_1_443' title='bbox 557 3731 874 3799; x_wconf 81' lang='grc' dir='ltr'>πλεονεξίας</span> <span class='ocrx_word' id='word_1_444' title='bbox 915 3730 1065 3803; x_wconf 87' lang='grc' dir='ltr'>νόμῳ</span> <span class='ocrx_word' id='word_1_445' title='bbox 1124 3731 1475 3802; x_wconf 80' lang='grc' dir='ltr'>κρατήσαντα</span> <span class='ocrx_word' id='word_1_446' title='bbox 1517 3728 1626 3782; x_wconf 91' lang='grc' dir='ltr'><strong>τῶν</strong></span> <span class='ocrx_word' id='word_1_447' title='bbox 1678 3728 1797 3782; x_wconf 78' lang='grc' dir='ltr'>κατ’</span> 
     </span>
    </p>
   </div>
   <div class='ocr_carea' id='block_1_57' title="bbox 212 3818 1799 3896">
    <p class='ocr_par' dir='ltr' id='par_1_57' title="bbox 212 3818 1799 3896">
     <span class='ocr_line' id='line_1_57' title="bbox 212 3818 1799 3896; baseline -0.004 -19"><span class='ocrx_word' id='word_1_448' title='bbox 212 3825 407 3878; x_wconf 78' lang='grc' dir='ltr'>οὐδένα</span> <span class='ocrx_word' id='word_1_449' title='bbox 448 3824 649 3896; x_wconf 87' lang='grc' dir='ltr'>τρόπον</span> <span class='ocrx_word' id='word_1_450' title='bbox 694 3823 1082 3895; x_wconf 86' lang='grc' dir='ltr'>προσηκόντων</span> <span class='ocrx_word' id='word_1_451' title='bbox 1108 3820 1276 3892; x_wconf 83' lang='grc' dir='ltr'>αὑτῷ.</span> <span class='ocrx_word' id='word_1_452' title='bbox 1337 3820 1457 3889; x_wconf 79' lang='grc' dir='ltr'><strong>Ὑφ’</strong></span> <span class='ocrx_word' id='word_1_453' title='bbox 1491 3819 1667 3890; x_wconf 81' lang='grc' dir='ltr'>ἐαυτῷ</span> <span class='ocrx_word' id='word_1_454' title='bbox 1690 3818 1799 3890; x_wconf 80' lang='grc' dir='ltr'>γὰρ</span> 
     </span>
    </p>
   </div>
   <div class='ocr_carea' id='block_1_58' title="bbox 215 3910 1798 3986">
    <p class='ocr_par' dir='ltr' id='par_1_58' title="bbox 215 3910 1798 3986">
     <span class='ocr_line' id='line_1_58' title="bbox 215 3910 1798 3986; baseline -0.002 -20"><span class='ocrx_word' id='word_1_455' title='bbox 215 3917 513 3986; x_wconf 77' lang='grc' dir='ltr'>ἐποιήσατο</span> <span class='ocrx_word' id='word_1_456' title='bbox 546 3915 633 3968; x_wconf 85' lang='grc' dir='ltr'>διὰ</span> <span class='ocrx_word' id='word_1_457' title='bbox 658 3914 757 3985; x_wconf 85' lang='grc' dir='ltr'>τῆς</span> <span class='ocrx_word' id='word_1_458' title='bbox 787 3914 1063 3984; x_wconf 76' lang='grc' dir='ltr'>ἁμαρτίας</span> <span class='ocrx_word' id='word_1_459' title='bbox 1091 3911 1182 3964; x_wconf 79' lang='grc' dir='ltr'><strong>τὸν</strong></span> <span class='ocrx_word' id='word_1_460' title='bbox 1215 3910 1533 3982; x_wconf 77' lang='grc' dir='ltr'>ἄνθρωπον,</span> <span class='ocrx_word' id='word_1_461' title='bbox 1575 3912 1668 3965; x_wconf 67' lang='grc' dir='ltr'><strong>καὶ</strong></span> <span class='ocrx_word' id='word_1_462' title='bbox 1694 3910 1798 3964; x_wconf 87' lang='grc' dir='ltr'>ῶσ-</span> 
     </span>
    </p>
   </div>
   <div class='ocr_carea' id='block_1_59' title="bbox 218 4002 1794 4080">
    <p class='ocr_par' dir='ltr' id='par_1_59' title="bbox 218 4002 1794 4080">
     <span class='ocr_line' id='line_1_59' title="bbox 218 4002 1794 4080; baseline -0.004 -17"><span class='ocrx_word' id='word_1_463' title='bbox 218 4027 327 4080; x_wconf 85' lang='grc' dir='ltr'><strong>περ</strong></span> <span class='ocrx_word' id='word_1_464' title='bbox 403 4007 526 4062; x_wconf 85' lang='grc' dir='ltr'><strong>τινά</strong></span> <span class='ocrx_word' id='word_1_465' title='bbox 580 4008 816 4078; x_wconf 88' lang='grc' dir='ltr'>ποίμνην</span> <span class='ocrx_word' id='word_1_466' title='bbox 863 4004 1290 4075; x_wconf 86' lang='grc' dir='ltr'>ἀνεπιστάτητον</span> <span class='ocrx_word' id='word_1_467' title='bbox 1350 4002 1794 4073; x_wconf 78' lang='grc' dir='ltr'>ἀποδουκολήσας</span> 
     </span>
    </p>
   </div>
   <div class='ocr_carea' id='block_1_60' title="bbox 215 4093 1793 4171">
    <p class='ocr_par' dir='ltr' id='par_1_60' title="bbox 215 4093 1793 4171">
     <span class='ocr_line' id='line_1_60' title="bbox 215 4093 1793 4171; baseline -0.002 -20"><span class='ocrx_word' id='word_1_468' title='bbox 215 4098 397 4165; x_wconf 83' lang='grc' dir='ltr'>Θεοῦ,</span> <span class='ocrx_word' id='word_1_469' title='bbox 455 4098 563 4152; x_wconf 90' lang='grc' dir='ltr'><strong>τῶν</strong></span> <span class='ocrx_word' id='word_1_470' title='bbox 590 4098 883 4171; x_wconf 87' lang='grc' dir='ltr'>ἀλλοτρίων</span> <span class='ocrx_word' id='word_1_471' title='bbox 928 4097 1170 4168; x_wconf 78' lang='grc' dir='ltr'>ἐκράτει.</span> <span class='ocrx_word' id='word_1_472' title='bbox 1234 4096 1523 4167; x_wconf 85' lang='grc' dir='ltr'>Τοιγάρτοι</span> <span class='ocrx_word' id='word_1_473' title='bbox 1574 4093 1793 4164; x_wconf 76' lang='grc' dir='ltr'>καὶτῆς</span> 
     </span>
    </p>
   </div>
   <div class='ocr_carea' id='block_1_61' title="bbox 215 4186 1817 4263">
    <p class='ocr_par' dir='ltr' id='par_1_61' title="bbox 215 4186 1817 4263">
     <span class='ocr_line' id='line_1_61' title="bbox 215 4186 1817 4263; baseline -0.002 -19"><span class='ocrx_word' id='word_1_474' title='bbox 215 4190 363 4244; x_wconf 77' lang='grc' dir='ltr'>οὕτω</span> <span class='ocrx_word' id='word_1_475' title='bbox 400 4191 752 4261; x_wconf 75' lang='grc' dir='ltr'>πορισθείσης</span> <span class='ocrx_word' id='word_1_476' title='bbox 781 4189 955 4263; x_wconf 81' lang='grc' dir='ltr'>ἀρχῆς</span> <span class='ocrx_word' id='word_1_477' title='bbox 979 4189 1201 4253; x_wconf 82' lang='grc' dir='ltr'>δικαίως</span> <span class='ocrx_word' id='word_1_478' title='bbox 1231 4187 1579 4258; x_wconf 74' lang='grc' dir='ltr'>ἐκδέδληται.</span> <span class='ocrx_word' id='word_1_479' title='bbox 1620 4186 1817 4241; x_wconf 66' lang='grc' dir='ltr'><strong>ΒεσαοΔ</strong></span> 
     </span>
    </p>
   </div>
   <div class='ocr_carea' id='block_1_62' title="bbox 221 4280 1798 4355">
    <p class='ocr_par' dir='ltr' id='par_1_62' title="bbox 221 4280 1798 4355">
     <span class='ocr_line' id='line_1_62' title="bbox 221 4280 1798 4355; baseline 0.002 -20"><span class='ocrx_word' id='word_1_480' title='bbox 221 4281 441 4337; x_wconf 85' lang='grc' dir='ltr'>σίλευκε</span> <span class='ocrx_word' id='word_1_481' title='bbox 484 4284 591 4354; x_wconf 78' lang='grc' dir='ltr'>γὰρ</span> <span class='ocrx_word' id='word_1_482' title='bbox 626 4283 710 4353; x_wconf 80' lang='grc' dir='ltr'><strong>ἐφ’</strong></span> <span class='ocrx_word' id='word_1_483' title='bbox 739 4285 884 4355; x_wconf 73' lang='grc' dir='ltr'>ἡμᾶς</span> <span class='ocrx_word' id='word_1_484' title='bbox 916 4285 945 4337; x_wconf 91' lang='lat'><strong>6</strong></span> <span class='ocrx_word' id='word_1_485' title='bbox 981 4283 1234 4353; x_wconf 86' lang='grc' dir='ltr'>Χριστός.</span> <span class='ocrx_word' id='word_1_486' title='bbox 1280 4280 1373 4334; x_wconf 86' lang='grc' dir='ltr'>Διό</span> <span class='ocrx_word' id='word_1_487' title='bbox 1413 4297 1581 4352; x_wconf 69' lang='grc' dir='ltr'>φησι*</span> <span class='ocrx_word' id='word_1_488' title='bbox 1639 4298 1656 4332; x_wconf 86' lang='lat' dir='ltr'><strong>t</strong></span> <span class='ocrx_word' id='word_1_489' title='bbox 1684 4281 1798 4338; x_wconf 87' lang='grc' dir='ltr'>Νῦν</span> 
     </span>
    </p>
   </div>
   <div class='ocr_carea' id='block_1_63' title="bbox 1875 1893 3447 1951">
    <p class='ocr_par' dir='ltr' id='par_1_63' title="bbox 1875 1893 3447 1951">
     <span class='ocr_line' id='line_1_63' title="bbox 1875 1893 3447 1951; baseline 0.001 -4"><span class='ocrx_word' id='word_1_490' title='bbox 1875 1893 2188 1948; x_wconf 86' lang='lat' dir='ltr'><strong>dicentem:</strong></span> <span class='ocrx_word' id='word_1_491' title='bbox 2224 1912 2245 1943; x_wconf 73' lang='grc' dir='ltr'><strong>ι</strong></span> <span class='ocrx_word' id='word_1_492' title='bbox 2310 1893 2455 1948; x_wconf 90' lang='lat' dir='ltr'><strong>Ecce</strong></span> <span class='ocrx_word' id='word_1_493' title='bbox 2498 1893 2719 1949; x_wconf 87' lang='lat' dir='ltr'><strong>adduco</strong></span> <span class='ocrx_word' id='word_1_494' title='bbox 2764 1895 2923 1951; x_wconf 87' lang='lat' dir='ltr'><strong>vobis</strong></span> <span class='ocrx_word' id='word_1_495' title='bbox 2971 1910 3096 1950; x_wconf 90' lang='lat' dir='ltr'><strong>eum</strong></span> <span class='ocrx_word' id='word_1_496' title='bbox 3147 1895 3336 1951; x_wconf 80' lang='lat' dir='ltr'><strong>foras:</strong></span> <span class='ocrx_word' id='word_1_497' title='bbox 3388 1906 3447 1950; x_wconf 91' lang='lat' dir='ltr'><strong>ut</strong></span> 
     </span>
    </p>
   </div>
   <div class='ocr_carea' id='block_1_64' title="bbox 1876 1984 3441 2056">
    <p class='ocr_par' dir='ltr' id='par_1_64' title="bbox 1876 1984 3441 2056">
     <span class='ocr_line' id='line_1_64' title="bbox 1876 1984 3441 2056; baseline 0.001 -17"><span class='ocrx_word' id='word_1_498' title='bbox 1876 1985 2225 2056; x_wconf 77' lang='lat' dir='ltr'><strong>cognoscatis</strong></span> <span class='ocrx_word' id='word_1_499' title='bbox 2248 1984 2609 2054; x_wconf 68' lang='lat' dir='ltr'><strong>quia‘nullam</strong></span> <span class='ocrx_word' id='word_1_500' title='bbox 2640 1985 2861 2042; x_wconf 80' lang='lat' dir='ltr'><strong>invenio</strong></span> <span class='ocrx_word' id='word_1_501' title='bbox 2892 1986 2946 2040; x_wconf 90' lang='lat' dir='ltr'><strong>in</strong></span> <span class='ocrx_word' id='word_1_502' title='bbox 2987 2002 3053 2042; x_wconf 89' lang='lat' dir='ltr'><strong>eo</strong></span> <span class='ocrx_word' id='word_1_503' title='bbox 3083 1988 3391 2044; x_wconf 79' lang='lat' dir='ltr'><strong>causam&quot;.</strong></span> <span class='ocrx_word' id='word_1_504' title='bbox 3424 2008 3441 2041; x_wconf 77' lang='grc' dir='ltr'><strong>ι</strong></span> 
     </span>
    </p>
   </div>
   <div class='ocr_carea' id='block_1_65' title="bbox 1879 2076 3449 2149">
    <p class='ocr_par' dir='ltr' id='par_1_65' title="bbox 1879 2076 3449 2149">
     <span class='ocr_line' id='line_1_65' title="bbox 1879 2076 3449 2149; baseline 0.002 -18"><span class='ocrx_word' id='word_1_505' title='bbox 1879 2076 2170 2132; x_wconf 77' lang='lat' dir='ltr'><strong>Matthaeus</strong></span> <span class='ocrx_word' id='word_1_506' title='bbox 2231 2091 2365 2131; x_wconf 88' lang='lat' dir='ltr'><strong>vero</strong></span> <span class='ocrx_word' id='word_1_507' title='bbox 2425 2076 2741 2133; x_wconf 65' lang='lat' dir='ltr'><strong>Iudaeorum</strong></span> <span class='ocrx_word' id='word_1_508' title='bbox 2800 2078 3111 2148; x_wconf 87' lang='lat' dir='ltr'><strong>nequitiam</strong></span> <span class='ocrx_word' id='word_1_509' title='bbox 3167 2089 3449 2149; x_wconf 86' lang='lat' dir='ltr'><strong>tantopere</strong></span> 
     </span>
    </p>
   </div>
   <div class='ocr_carea' id='block_1_66' title="bbox 1879 2168 3447 2232">
    <p class='ocr_par' dir='ltr' id='par_1_66' title="bbox 1879 2168 3447 2232">
     <span class='ocr_line' id='line_1_66' title="bbox 1879 2168 3447 2232; baseline 0.002 -9"><span class='ocrx_word' id='word_1_510' title='bbox 1879 2169 2234 2224; x_wconf 87' lang='lat' dir='ltr'><strong>abhorruisse</strong></span> <span class='ocrx_word' id='word_1_511' title='bbox 2252 2169 2404 2224; x_wconf 90' lang='lat' dir='ltr'><strong>illum</strong></span> <span class='ocrx_word' id='word_1_512' title='bbox 2430 2168 2647 2232; x_wconf 88' lang='lat' dir='ltr'><strong>scribit,</strong></span> <span class='ocrx_word' id='word_1_513' title='bbox 2668 2177 2729 2222; x_wconf 90' lang='lat' dir='ltr'><strong>ut</strong></span> <span class='ocrx_word' id='word_1_514' title='bbox 2749 2176 2804 2223; x_wconf 92' lang='lat' dir='ltr'><strong>et</strong></span> <span class='ocrx_word' id='word_1_515' title='bbox 2826 2183 3013 2223; x_wconf 89' lang='lat' dir='ltr'><strong>coram</strong></span> <span class='ocrx_word' id='word_1_516' title='bbox 3030 2168 3235 2224; x_wconf 68' lang='lat' dir='ltr'><strong>Iudaeis</strong></span> <span class='ocrx_word' id='word_1_517' title='bbox 3254 2184 3447 2226; x_wconf 82' lang='lat' dir='ltr'><strong>manus</strong></span> 
     </span>
    </p>
   </div>
   <div class='ocr_carea' id='block_1_67' title="bbox 1875 2258 3451 2331">
    <p class='ocr_par' dir='ltr' id='par_1_67' title="bbox 1875 2258 3451 2331">
     <span class='ocr_line' id='line_1_67' title="bbox 1875 2258 3451 2331; baseline 0.001 -18"><span class='ocrx_word' id='word_1_518' title='bbox 1875 2260 2041 2331; x_wconf 77' lang='lat'><strong>855</strong></span> <span class='ocrx_word' id='word_1_519' title='bbox 2097 2261 2357 2326; x_wconf 89' lang='lat' dir='ltr'><strong>abluerit,</strong></span> <span class='ocrx_word' id='word_1_520' title='bbox 2389 2274 2453 2314; x_wconf 89' lang='lat' dir='ltr'><strong>ac</strong></span> <span class='ocrx_word' id='word_1_521' title='bbox 2488 2259 2727 2315; x_wconf 84' lang='lat' dir='ltr'><strong>dixerit:</strong></span> <span class='ocrx_word' id='word_1_522' title='bbox 2764 2279 2782 2311; x_wconf 78' lang='grc' dir='ltr'><strong>ι</strong></span> <span class='ocrx_word' id='word_1_523' title='bbox 2822 2258 3093 2316; x_wconf 89' lang='lat' dir='ltr'><strong>lnnocens</strong></span> <span class='ocrx_word' id='word_1_524' title='bbox 3122 2276 3224 2331; x_wconf 92' lang='lat' dir='ltr'><strong>ego</strong></span> <span class='ocrx_word' id='word_1_525' title='bbox 3260 2276 3384 2317; x_wconf 88' lang='lat' dir='ltr'><strong>sum</strong></span> <span class='ocrx_word' id='word_1_526' title='bbox 3419 2276 3451 2315; x_wconf 86' lang='lat' dir='ltr'><strong>a</strong></span> 
     </span>
    </p>
   </div>
   <div class='ocr_carea' id='block_1_68' title="bbox 1880 2350 3451 2423">
    <p class='ocr_par' dir='ltr' id='par_1_68' title="bbox 1880 2350 3451 2423">
     <span class='ocr_line' id='line_1_68' title="bbox 1880 2350 3451 2423; baseline -0.001 -16"><span class='ocrx_word' id='word_1_527' title='bbox 1880 2351 2152 2423; x_wconf 76' lang='lat' dir='ltr'><strong>sanguine</strong></span> <span class='ocrx_word' id='word_1_528' title='bbox 2178 2350 2319 2422; x_wconf 81' lang='lat' dir='ltr'><strong>justi</strong></span> <span class='ocrx_word' id='word_1_529' title='bbox 2358 2351 2615 2422; x_wconf 77' lang='lat' dir='ltr'><strong>hujus&quot;.</strong></span> <span class='ocrx_word' id='word_1_530' title='bbox 2656 2372 2674 2404; x_wconf 76' lang='grc' dir='ltr'><strong>ι</strong></span> <span class='ocrx_word' id='word_1_531' title='bbox 2706 2351 2790 2406; x_wconf 84' lang='lat' dir='ltr'><strong>Ad</strong></span> <span class='ocrx_word' id='word_1_532' title='bbox 2828 2352 2980 2422; x_wconf 90' lang='lat' dir='ltr'><strong>ipsos</strong></span> <span class='ocrx_word' id='word_1_533' title='bbox 3011 2360 3193 2407; x_wconf 85' lang='lat' dir='ltr'><strong>autem</strong></span> <span class='ocrx_word' id='word_1_534' title='bbox 3224 2352 3451 2422; x_wconf 82' lang='lat' dir='ltr'><strong>pontiﬁ-</strong></span> 
     </span>
    </p>
   </div>
   <div class='ocr_carea' id='block_1_69' title="bbox 1881 2444 3452 2511">
    <p class='ocr_par' dir='ltr' id='par_1_69' title="bbox 1881 2444 3452 2511">
     <span class='ocr_line' id='line_1_69' title="bbox 1881 2444 3452 2511; baseline 0 -11"><span class='ocrx_word' id='word_1_535' title='bbox 1881 2461 1973 2502; x_wconf 89' lang='lat' dir='ltr'><strong>ccs</strong></span> <span class='ocrx_word' id='word_1_536' title='bbox 2008 2446 2312 2501; x_wconf 89' lang='lat' dir='ltr'><strong>adductum</strong></span> <span class='ocrx_word' id='word_1_537' title='bbox 2342 2460 2467 2500; x_wconf 91' lang='lat' dir='ltr'><strong>eum</strong></span> <span class='ocrx_word' id='word_1_538' title='bbox 2501 2444 2825 2511; x_wconf 90' lang='lat' dir='ltr'><strong>ostendens,</strong></span> <span class='ocrx_word' id='word_1_539' title='bbox 2856 2445 2938 2500; x_wconf 92' lang='lat' dir='ltr'><strong>sic</strong></span> <span class='ocrx_word' id='word_1_540' title='bbox 2973 2445 3207 2500; x_wconf 88' lang='lat' dir='ltr'><strong>scribit:</strong></span> <span class='ocrx_word' id='word_1_541' title='bbox 3240 2465 3258 2498; x_wconf 76' lang='grc' dir='ltr'><strong>ι</strong></span> <span class='ocrx_word' id='word_1_542' title='bbox 3293 2444 3452 2501; x_wconf 84' lang='lat' dir='ltr'><strong>Prin-</strong></span> 
     </span>
    </p>
   </div>
   <div class='ocr_carea' id='block_1_70' title="bbox 1882 2537 3453 2611">
    <p class='ocr_par' dir='ltr' id='par_1_70' title="bbox 1882 2537 3453 2611">
     <span class='ocr_line' id='line_1_70' title="bbox 1882 2537 3453 2611; baseline 0 -18"><span class='ocrx_word' id='word_1_543' title='bbox 1882 2540 2033 2611; x_wconf 90' lang='lat' dir='ltr'><strong>cipes</strong></span> <span class='ocrx_word' id='word_1_544' title='bbox 2064 2546 2246 2593; x_wconf 88' lang='lat' dir='ltr'><strong>autem</strong></span> <span class='ocrx_word' id='word_1_545' title='bbox 2288 2537 2632 2593; x_wconf 88' lang='lat' dir='ltr'><strong>sacerdotum</strong></span> <span class='ocrx_word' id='word_1_546' title='bbox 2670 2545 2726 2591; x_wconf 91' lang='lat' dir='ltr'><strong>et</strong></span> <span class='ocrx_word' id='word_1_547' title='bbox 2763 2552 2925 2593; x_wconf 90' lang='lat' dir='ltr'><strong>omne</strong></span> <span class='ocrx_word' id='word_1_548' title='bbox 2967 2538 3265 2592; x_wconf 90' lang='lat' dir='ltr'><strong>concilium</strong></span> <span class='ocrx_word' id='word_1_549' title='bbox 3306 2554 3453 2609; x_wconf 64' lang='lat' dir='ltr'><strong>quai-</strong></span> 
     </span>
    </p>
   </div>
   <div class='ocr_carea' id='block_1_71' title="bbox 1886 2629 3454 2698">
    <p class='ocr_par' dir='ltr' id='par_1_71' title="bbox 1886 2629 3454 2698">
     <span class='ocr_line' id='line_1_71' title="bbox 1886 2629 3454 2698; baseline 0 -13"><span class='ocrx_word' id='word_1_550' title='bbox 1886 2632 2080 2687; x_wconf 89' lang='lat' dir='ltr'><strong>rebant</strong></span> <span class='ocrx_word' id='word_1_551' title='bbox 2134 2630 2332 2686; x_wconf 83' lang='lat' dir='ltr'><strong>falsum</strong></span> <span class='ocrx_word' id='word_1_552' title='bbox 2370 2629 2750 2685; x_wconf 89' lang='lat' dir='ltr'><strong>testimonium</strong></span> <span class='ocrx_word' id='word_1_553' title='bbox 2785 2636 2980 2685; x_wconf 88' lang='lat' dir='ltr'><strong>contra</strong></span> <span class='ocrx_word' id='word_1_554' title='bbox 3015 2630 3334 2698; x_wconf 80' lang='lat' dir='ltr'><strong>Christum,</strong></span> <span class='ocrx_word' id='word_1_555' title='bbox 3394 2640 3454 2685; x_wconf 90' lang='lat' dir='ltr'><strong>ut</strong></span> 
     </span>
    </p>
   </div>
   <div class='ocr_carea' id='block_1_72' title="bbox 1884 2721 3454 2793">
    <p class='ocr_par' dir='ltr' id='par_1_72' title="bbox 1884 2721 3454 2793">
     <span class='ocr_line' id='line_1_72' title="bbox 1884 2721 3454 2793; baseline -0.002 -16"><span class='ocrx_word' id='word_1_556' title='bbox 1884 2738 2008 2777; x_wconf 88' lang='lat' dir='ltr'><strong>eum</strong></span> <span class='ocrx_word' id='word_1_557' title='bbox 2036 2722 2526 2793; x_wconf 57' lang='lat' dir='ltr'><strong>morti.traderent,</strong></span> <span class='ocrx_word' id='word_1_558' title='bbox 2547 2728 2601 2777; x_wconf 88' lang='lat' dir='ltr'><strong>et</strong></span> <span class='ocrx_word' id='word_1_559' title='bbox 2628 2736 2740 2776; x_wconf 90' lang='lat' dir='ltr'><strong>non</strong></span> <span class='ocrx_word' id='word_1_560' title='bbox 2769 2721 3118 2785; x_wconf 90' lang='lat' dir='ltr'><strong>invenerunt,</strong></span> <span class='ocrx_word' id='word_1_561' title='bbox 3143 2737 3269 2775; x_wconf 90' lang='lat' dir='ltr'><strong>cum</strong></span> <span class='ocrx_word' id='word_1_562' title='bbox 3299 2721 3454 2776; x_wconf 91' lang='lat' dir='ltr'><strong>multi</strong></span> 
     </span>
    </p>
   </div>
   <div class='ocr_carea' id='block_1_73' title="bbox 1885 2810 3459 2883">
    <p class='ocr_par' dir='ltr' id='par_1_73' title="bbox 1885 2810 3459 2883">
     <span class='ocr_line' id='line_1_73' title="bbox 1885 2810 3459 2883; baseline -0.002 -13"><span class='ocrx_word' id='word_1_563' title='bbox 1885 2814 2009 2870; x_wconf 83' lang='lat' dir='ltr'><strong>l‘alsi</strong></span> <span class='ocrx_word' id='word_1_564' title='bbox 2061 2821 2232 2869; x_wconf 84' lang='lat' dir='ltr'><strong>testes</strong></span> <span class='ocrx_word' id='word_1_565' title='bbox 2280 2812 2652 2869; x_wconf 90' lang='lat' dir='ltr'><strong>accessissent</strong></span> <span class='ocrx_word' id='word_1_566' title='bbox 2673 2812 2743 2865; x_wconf 82' lang='grc'>⁷³.</span> <span class='ocrx_word' id='word_1_567' title='bbox 2803 2831 2825 2866; x_wconf 74' lang='grc' dir='ltr'><strong>ι</strong></span> <span class='ocrx_word' id='word_1_568' title='bbox 2866 2810 3112 2867; x_wconf 89' lang='lat' dir='ltr'><strong>Tametsi</strong></span> <span class='ocrx_word' id='word_1_569' title='bbox 3157 2812 3301 2868; x_wconf 87' lang='lat' dir='ltr'><strong>enim</strong></span> <span class='ocrx_word' id='word_1_570' title='bbox 3360 2827 3459 2883; x_wconf 88' lang='lat' dir='ltr'><strong>per</strong></span> 
     </span>
    </p>
   </div>
   <div class='ocr_carea' id='block_1_74' title="bbox 1889 2904 3457 2975">
    <p class='ocr_par' dir='ltr' id='par_1_74' title="bbox 1889 2904 3457 2975">
     <span class='ocr_line' id='line_1_74' title="bbox 1889 2904 3457 2975; baseline 0 -15"><span class='ocrx_word' id='word_1_571' title='bbox 1889 2905 2138 2961; x_wconf 90' lang='lat' dir='ltr'><strong>homines</strong></span> <span class='ocrx_word' id='word_1_572' title='bbox 2182 2905 2303 2974; x_wconf 88' lang='lat' dir='ltr'><strong>ejus</strong></span> <span class='ocrx_word' id='word_1_573' title='bbox 2358 2904 2623 2975; x_wconf 86' lang='lat' dir='ltr'><strong>perdendi</strong></span> <span class='ocrx_word' id='word_1_574' title='bbox 2675 2919 2856 2960; x_wconf 63' lang='lat' dir='ltr'><strong>causae</strong></span> <span class='ocrx_word' id='word_1_575' title='bbox 2909 2905 3338 2975; x_wconf 64' lang='lat' dir='ltr'><strong>quaerebantur,</strong></span> <span class='ocrx_word' id='word_1_576' title='bbox 3390 2905 3457 2961; x_wconf 86' lang='lat' dir='ltr'><strong>iis</strong></span> 
     </span>
    </p>
   </div>
   <div class='ocr_carea' id='block_1_75' title="bbox 1889 2994 3461 3066">
    <p class='ocr_par' dir='ltr' id='par_1_75' title="bbox 1889 2994 3461 3066">
     <span class='ocr_line' id='line_1_75' title="bbox 1889 2994 3461 3066; baseline 0.001 -17"><span class='ocrx_word' id='word_1_577' title='bbox 1889 3004 2071 3052; x_wconf 90' lang='lat' dir='ltr'><strong>tamen</strong></span> <span class='ocrx_word' id='word_1_578' title='bbox 2135 3004 2400 3066; x_wconf 90' lang='lat' dir='ltr'><strong>tanquam</strong></span> <span class='ocrx_word' id='word_1_579' title='bbox 2470 2994 2856 3050; x_wconf 89' lang='lat' dir='ltr'><strong>instrumentis</strong></span> <span class='ocrx_word' id='word_1_580' title='bbox 2907 3010 2972 3049; x_wconf 89' lang='lat' dir='ltr'><strong>ac</strong></span> <span class='ocrx_word' id='word_1_581' title='bbox 3018 2995 3287 3051; x_wconf 86' lang='lat' dir='ltr'><strong>ministris</strong></span> <span class='ocrx_word' id='word_1_582' title='bbox 3347 3012 3461 3051; x_wconf 74' lang='lat' dir='ltr'><strong>sua:</strong></span> 
     </span>
    </p>
   </div>
   <div class='ocr_carea' id='block_1_76' title="bbox 1892 3086 3460 3160">
    <p class='ocr_par' dir='ltr' id='par_1_76' title="bbox 1892 3086 3460 3160">
     <span class='ocr_line' id='line_1_76' title="bbox 1892 3086 3460 3160; baseline 0 -17"><span class='ocrx_word' id='word_1_583' title='bbox 1892 3087 2254 3160; x_wconf 77' lang='lat' dir='ltr'><strong>malignitatis</strong></span> <span class='ocrx_word' id='word_1_584' title='bbox 2282 3087 2536 3142; x_wconf 84' lang='lat' dir='ltr'><strong>diabolus</strong></span> <span class='ocrx_word' id='word_1_585' title='bbox 2561 3087 2839 3152; x_wconf 85' lang='lat' dir='ltr'><strong>utebatur,</strong></span> <span class='ocrx_word' id='word_1_586' title='bbox 2879 3096 2933 3143; x_wconf 89' lang='lat' dir='ltr'><strong>et</strong></span> <span class='ocrx_word' id='word_1_587' title='bbox 2963 3086 3082 3158; x_wconf 90' lang='lat' dir='ltr'><strong>ipse</strong></span> <span class='ocrx_word' id='word_1_588' title='bbox 3122 3095 3242 3142; x_wconf 90' lang='lat' dir='ltr'><strong>erat</strong></span> <span class='ocrx_word' id='word_1_589' title='bbox 3276 3088 3460 3157; x_wconf 81' lang='lat' dir='ltr'><strong>potius</strong></span> 
     </span>
    </p>
   </div>
   <div class='ocr_carea' id='block_1_77' title="bbox 1888 3177 3459 3253">
    <p class='ocr_par' dir='ltr' id='par_1_77' title="bbox 1888 3177 3459 3253">
     <span class='ocr_line' id='line_1_77' title="bbox 1888 3177 3459 3253; baseline -0.002 -18"><span class='ocrx_word' id='word_1_590' title='bbox 1888 3196 2052 3253; x_wconf 90' lang='lat' dir='ltr'><strong>quam</strong></span> <span class='ocrx_word' id='word_1_591' title='bbox 2086 3180 2227 3236; x_wconf 87' lang='lat' dir='ltr'><strong>alius</strong></span> <span class='ocrx_word' id='word_1_592' title='bbox 2261 3182 2355 3250; x_wconf 90' lang='lat' dir='ltr'><strong>qui</strong></span> <span class='ocrx_word' id='word_1_593' title='bbox 2393 3187 2677 3250; x_wconf 83' lang='lat' dir='ltr'><strong>peccatum</strong></span> <span class='ocrx_word' id='word_1_594' title='bbox 2714 3180 2767 3233; x_wconf 93' lang='lat' dir='ltr'><strong>in</strong></span> <span class='ocrx_word' id='word_1_595' title='bbox 2797 3193 2863 3235; x_wconf 87' lang='lat' dir='ltr'><strong>eo</strong></span> <span class='ocrx_word' id='word_1_596' title='bbox 2901 3180 3206 3250; x_wconf 67' lang='lat' dir='ltr'><strong>quaerebat.</strong></span> <span class='ocrx_word' id='word_1_597' title='bbox 3260 3177 3459 3234; x_wconf 84' lang='lat' dir='ltr'><strong>Verum</strong></span> 
     </span>
    </p>
   </div>
   <div class='ocr_carea' id='block_1_78' title="bbox 1886 3271 3461 3345">
    <p class='ocr_par' dir='ltr' id='par_1_78' title="bbox 1886 3271 3461 3345">
     <span class='ocr_line' id='line_1_78' title="bbox 1886 3271 3461 3345; baseline -0.003 -16"><span class='ocrx_word' id='word_1_598' title='bbox 1886 3282 1972 3330; x_wconf 90' lang='lat' dir='ltr'><strong>est</strong></span> <span class='ocrx_word' id='word_1_599' title='bbox 2028 3274 2198 3345; x_wconf 83' lang='lat' dir='ltr'><strong>igitur</strong></span> <span class='ocrx_word' id='word_1_600' title='bbox 2244 3272 2381 3326; x_wconf 89' lang='lat' dir='ltr'><strong>nihil</strong></span> <span class='ocrx_word' id='word_1_601' title='bbox 2416 3273 2470 3325; x_wconf 93' lang='lat' dir='ltr'><strong>in</strong></span> <span class='ocrx_word' id='word_1_602' title='bbox 2524 3287 2593 3326; x_wconf 90' lang='lat' dir='ltr'><strong>eo</strong></span> <span class='ocrx_word' id='word_1_603' title='bbox 2643 3271 2750 3327; x_wconf 86' lang='lat' dir='ltr'><strong>sibi</strong></span> <span class='ocrx_word' id='word_1_604' title='bbox 2807 3272 3121 3327; x_wconf 88' lang='lat' dir='ltr'><strong>vindicasse</strong></span> <span class='ocrx_word' id='word_1_605' title='bbox 3159 3271 3461 3335; x_wconf 88' lang='lat' dir='ltr'><strong>diabolum,</strong></span> 
     </span>
    </p>
   </div>
   <div class='ocr_carea' id='block_1_79' title="bbox 1886 3364 3461 3438">
    <p class='ocr_par' dir='ltr' id='par_1_79' title="bbox 1886 3364 3461 3438">
     <span class='ocr_line' id='line_1_79' title="bbox 1886 3364 3461 3438; baseline -0.003 -16"><span class='ocrx_word' id='word_1_606' title='bbox 1886 3383 2049 3438; x_wconf 88' lang='lat' dir='ltr'><strong>quem</strong></span> <span class='ocrx_word' id='word_1_607' title='bbox 2071 3365 2260 3421; x_wconf 92' lang='lat' dir='ltr'><strong>mundi</strong></span> <span class='ocrx_word' id='word_1_608' title='bbox 2282 3365 2584 3435; x_wconf 74' lang='lat' dir='ltr'><strong>principem</strong></span> <span class='ocrx_word' id='word_1_609' title='bbox 2609 3365 2772 3421; x_wconf 88' lang='lat' dir='ltr'><strong>etiam</strong></span> <span class='ocrx_word' id='word_1_610' title='bbox 2793 3365 3113 3435; x_wconf 64' lang='lat' dir='ltr'><strong>impraesens</strong></span> <span class='ocrx_word' id='word_1_611' title='bbox 3138 3364 3461 3428; x_wconf 85' lang='lat' dir='ltr'><strong>nominavit,</strong></span> 
     </span>
    </p>
   </div>
   <div class='ocr_carea' id='block_1_80' title="bbox 1892 3455 3463 3532">
    <p class='ocr_par' dir='ltr' id='par_1_80' title="bbox 1892 3455 3463 3532">
     <span class='ocr_line' id='line_1_80' title="bbox 1892 3455 3463 3532; baseline -0.004 -17"><span class='ocrx_word' id='word_1_612' title='bbox 1892 3475 2000 3515; x_wconf 88' lang='lat' dir='ltr'><strong>non</strong></span> <span class='ocrx_word' id='word_1_613' title='bbox 2028 3459 2190 3532; x_wconf 92' lang='lat' dir='ltr'><strong>quasi</strong></span> <span class='ocrx_word' id='word_1_614' title='bbox 2220 3474 2350 3514; x_wconf 90' lang='lat' dir='ltr'><strong>vere</strong></span> <span class='ocrx_word' id='word_1_615' title='bbox 2376 3459 2447 3513; x_wconf 86' lang='lat' dir='ltr'><strong>sit</strong></span> <span class='ocrx_word' id='word_1_616' title='bbox 2479 3458 2628 3512; x_wconf 90' lang='lat' dir='ltr'><strong>illius</strong></span> <span class='ocrx_word' id='word_1_617' title='bbox 2661 3456 2944 3518; x_wconf 80' lang='lat' dir='ltr'><strong>dominus,</strong></span> <span class='ocrx_word' id='word_1_618' title='bbox 2986 3456 3081 3511; x_wconf 88' lang='lat' dir='ltr'><strong>sed</strong></span> <span class='ocrx_word' id='word_1_619' title='bbox 3122 3457 3215 3527; x_wconf 93' lang='lat' dir='ltr'><strong>qui</strong></span> <span class='ocrx_word' id='word_1_620' title='bbox 3256 3455 3463 3513; x_wconf 79' lang='lat' dir='ltr'><strong>eﬂ‘erati</strong></span> 
     </span>
    </p>
   </div>
   <div class='ocr_carea' id='block_1_81' title="bbox 1895 3548 3466 3620">
    <p class='ocr_par' dir='ltr' id='par_1_81' title="bbox 1895 3548 3466 3620">
     <span class='ocr_line' id='line_1_81' title="bbox 1895 3548 3466 3620; baseline -0.004 -13"><span class='ocrx_word' id='word_1_621' title='bbox 1895 3552 2115 3607; x_wconf 89' lang='lat' dir='ltr'><strong>barbari</strong></span> <span class='ocrx_word' id='word_1_622' title='bbox 2144 3551 2432 3619; x_wconf 86' lang='lat' dir='ltr'><strong>cujusdam</strong></span> <span class='ocrx_word' id='word_1_623' title='bbox 2468 3552 2645 3606; x_wconf 90' lang='lat' dir='ltr'><strong>instar</strong></span> <span class='ocrx_word' id='word_1_624' title='bbox 2675 3549 2985 3620; x_wconf 82' lang='lat' dir='ltr'><strong>tyrannidis</strong></span> <span class='ocrx_word' id='word_1_625' title='bbox 3015 3549 3132 3619; x_wconf 86' lang='lat' dir='ltr'><strong>lege</strong></span> <span class='ocrx_word' id='word_1_626' title='bbox 3155 3564 3279 3620; x_wconf 71' lang='lat' dir='ltr'><strong>qua:</strong></span> <span class='ocrx_word' id='word_1_627' title='bbox 3306 3548 3373 3603; x_wconf 90' lang='lat' dir='ltr'><strong>ad</strong></span> <span class='ocrx_word' id='word_1_628' title='bbox 3407 3564 3466 3603; x_wconf 83' lang='lat' dir='ltr'><strong>se</strong></span> 
     </span>
    </p>
   </div>
   <div class='ocr_carea' id='block_1_82' title="bbox 1894 3639 3464 3713">
    <p class='ocr_par' dir='ltr' id='par_1_82' title="bbox 1894 3639 3464 3713">
     <span class='ocr_line' id='line_1_82' title="bbox 1894 3639 3464 3713; baseline -0.004 -15"><span class='ocrx_word' id='word_1_629' title='bbox 1894 3645 2046 3699; x_wconf 89' lang='lat' dir='ltr'><strong>nullo</strong></span> <span class='ocrx_word' id='word_1_630' title='bbox 2077 3641 2241 3698; x_wconf 87' lang='lat' dir='ltr'><strong>modo</strong></span> <span class='ocrx_word' id='word_1_631' title='bbox 2265 3643 2547 3713; x_wconf 88' lang='lat' dir='ltr'><strong>pertinent</strong></span> <span class='ocrx_word' id='word_1_632' title='bbox 2592 3642 2877 3697; x_wconf 85' lang='lat' dir='ltr'><strong>invaserit.</strong></span> <span class='ocrx_word' id='word_1_633' title='bbox 2915 3639 3205 3696; x_wconf 87' lang='lat' dir='ltr'><strong>Hominem</strong></span> <span class='ocrx_word' id='word_1_634' title='bbox 3264 3641 3464 3711; x_wconf 83' lang='lat' dir='ltr'><strong>quippe</strong></span> 
     </span>
    </p>
   </div>
   <div class='ocr_carea' id='block_1_83' title="bbox 1896 3730 3463 3801">
    <p class='ocr_par' dir='ltr' id='par_1_83' title="bbox 1896 3730 3463 3801">
     <span class='ocr_line' id='line_1_83' title="bbox 1896 3730 3463 3801; baseline -0.006 -12"><span class='ocrx_word' id='word_1_635' title='bbox 1896 3749 2010 3789; x_wconf 74' lang='lat' dir='ltr'><strong>suae</strong></span> <span class='ocrx_word' id='word_1_636' title='bbox 2035 3732 2267 3787; x_wconf 85' lang='lat' dir='ltr'><strong>ditionis</strong></span> <span class='ocrx_word' id='word_1_637' title='bbox 2300 3731 2435 3787; x_wconf 81' lang='lat' dir='ltr'><strong>fecit</strong></span> <span class='ocrx_word' id='word_1_638' title='bbox 2464 3747 2560 3801; x_wconf 90' lang='lat' dir='ltr'><strong>per</strong></span> <span class='ocrx_word' id='word_1_639' title='bbox 2598 3740 2905 3800; x_wconf 87' lang='lat' dir='ltr'><strong>peccatum.</strong></span> <span class='ocrx_word' id='word_1_640' title='bbox 2943 3739 2998 3784; x_wconf 88' lang='lat' dir='ltr'><strong>et</strong></span> <span class='ocrx_word' id='word_1_641' title='bbox 3045 3744 3263 3799; x_wconf 83' lang='lat' dir='ltr'><strong>gregem</strong></span> <span class='ocrx_word' id='word_1_642' title='bbox 3296 3730 3463 3783; x_wconf 88' lang='lat' dir='ltr'><strong>veluti</strong></span> 
     </span>
    </p>
   </div>
   <div class='ocr_carea' id='block_1_84' title="bbox 1893 3822 3465 3898">
    <p class='ocr_par' dir='ltr' id='par_1_84' title="bbox 1893 3822 3465 3898">
     <span class='ocr_line' id='line_1_84' title="bbox 1893 3822 3465 3898; baseline -0.003 -16"><span class='ocrx_word' id='word_1_643' title='bbox 1893 3826 2184 3898; x_wconf 83' lang='lat' dir='ltr'><strong>quemdam</strong></span> <span class='ocrx_word' id='word_1_644' title='bbox 2216 3834 2437 3896; x_wconf 89' lang='lat' dir='ltr'><strong>pastore</strong></span> <span class='ocrx_word' id='word_1_645' title='bbox 2461 3826 2783 3879; x_wconf 88' lang='lat' dir='ltr'><strong>destitutum</strong></span> <span class='ocrx_word' id='word_1_646' title='bbox 2815 3825 3004 3894; x_wconf 86' lang='lat' dir='ltr'><strong>procul</strong></span> <span class='ocrx_word' id='word_1_647' title='bbox 3030 3839 3058 3876; x_wconf 92' lang='lat' dir='ltr'><strong>a</strong></span> <span class='ocrx_word' id='word_1_648' title='bbox 3085 3822 3195 3879; x_wconf 75' lang='lat' dir='ltr'><strong>Deo</strong></span> <span class='ocrx_word' id='word_1_649' title='bbox 3218 3823 3465 3893; x_wconf 80' lang='lat' dir='ltr'><strong>abigens.</strong></span> 
     </span>
    </p>
   </div>
   <div class='ocr_carea' id='block_1_85' title="bbox 1899 3914 3469 3986">
    <p class='ocr_par' dir='ltr' id='par_1_85' title="bbox 1899 3914 3469 3986">
     <span class='ocr_line' id='line_1_85' title="bbox 1899 3914 3469 3986; baseline -0.006 -12"><span class='ocrx_word' id='word_1_650' title='bbox 1899 3922 2078 3974; x_wconf 89' lang='lat' dir='ltr'><strong>aliena</strong></span> <span class='ocrx_word' id='word_1_651' title='bbox 2112 3918 2333 3973; x_wconf 87' lang='lat' dir='ltr'><strong>invasit.</strong></span> <span class='ocrx_word' id='word_1_652' title='bbox 2383 3915 2732 3985; x_wconf 80' lang='lat' dir='ltr'><strong>Proindeque</strong></span> <span class='ocrx_word' id='word_1_653' title='bbox 2792 3916 3103 3986; x_wconf 80' lang='lat' dir='ltr'><strong>principatu</strong></span> <span class='ocrx_word' id='word_1_654' title='bbox 3170 3916 3271 3967; x_wconf 89' lang='lat' dir='ltr'><strong>hoc</strong></span> <span class='ocrx_word' id='word_1_655' title='bbox 3308 3914 3469 3967; x_wconf 85' lang='lat' dir='ltr'><strong>modo</strong></span> 
     </span>
    </p>
   </div>
   <div class='ocr_carea' id='block_1_86' title="bbox 1898 4005 3471 4077">
    <p class='ocr_par' dir='ltr' id='par_1_86' title="bbox 1898 4005 3471 4077">
     <span class='ocr_line' id='line_1_86' title="bbox 1898 4005 3471 4077; baseline -0.006 -15"><span class='ocrx_word' id='word_1_656' title='bbox 1898 4016 2167 4077; x_wconf 86' lang='lat' dir='ltr'><strong>occupato</strong></span> <span class='ocrx_word' id='word_1_657' title='bbox 2214 4005 2341 4074; x_wconf 90' lang='lat' dir='ltr'><strong>jure</strong></span> <span class='ocrx_word' id='word_1_658' title='bbox 2370 4005 2594 4059; x_wconf 79' lang='lat' dir='ltr'><strong>excidit.</strong></span> <span class='ocrx_word' id='word_1_659' title='bbox 2636 4005 2906 4073; x_wconf 80' lang='lat' dir='ltr'><strong>Regnavit</strong></span> <span class='ocrx_word' id='word_1_660' title='bbox 2942 4005 3086 4059; x_wconf 89' lang='lat' dir='ltr'><strong>enim</strong></span> <span class='ocrx_word' id='word_1_661' title='bbox 3158 4019 3324 4073; x_wconf 86' lang='lat' dir='ltr'><strong>super</strong></span> <span class='ocrx_word' id='word_1_662' title='bbox 3371 4017 3471 4055; x_wconf 85' lang='lat' dir='ltr'><strong>nos</strong></span> 
     </span>
    </p>
   </div>
   <div class='ocr_carea' id='block_1_87' title="bbox 1900 4092 3471 4165">
    <p class='ocr_par' dir='ltr' id='par_1_87' title="bbox 1900 4092 3471 4165">
     <span class='ocr_line' id='line_1_87' title="bbox 1900 4092 3471 4165; baseline -0.006 -12"><span class='ocrx_word' id='word_1_663' title='bbox 1900 4100 2178 4153; x_wconf 81' lang='lat' dir='ltr'><strong>Christus.</strong></span> <span class='ocrx_word' id='word_1_664' title='bbox 2206 4095 2415 4151; x_wconf 83' lang='lat' dir='ltr'><strong>Idcirco</strong></span> <span class='ocrx_word' id='word_1_665' title='bbox 2444 4097 2520 4149; x_wconf 88' lang='lat' dir='ltr'><strong>ait</strong></span> <span class='ocrx_word' id='word_1_666' title='bbox 2544 4117 2557 4150; x_wconf 86' lang='lat'><strong>:</strong></span> <span class='ocrx_word' id='word_1_667' title='bbox 2587 4115 2605 4147; x_wconf 78' lang='grc' dir='ltr'><strong>ι</strong></span> <span class='ocrx_word' id='word_1_668' title='bbox 2636 4096 2790 4150; x_wconf 82' lang='lat' dir='ltr'><strong>Nunc</strong></span> <span class='ocrx_word' id='word_1_669' title='bbox 2818 4097 3073 4165; x_wconf 88' lang='lat' dir='ltr'><strong>princeps</strong></span> <span class='ocrx_word' id='word_1_670' title='bbox 3096 4095 3262 4162; x_wconf 83' lang='lat' dir='ltr'><strong>hujus</strong></span> <span class='ocrx_word' id='word_1_671' title='bbox 3286 4092 3471 4147; x_wconf 87' lang='lat' dir='ltr'><strong>mundi</strong></span> 
     </span>
    </p>
   </div>
   <div class='ocr_carea' id='block_1_88' title="bbox 1901 4186 3473 4262">
    <p class='ocr_par' dir='ltr' id='par_1_88' title="bbox 1901 4186 3473 4262">
     <span class='ocr_line' id='line_1_88' title="bbox 1901 4186 3473 4262; baseline -0.007 -15"><span class='ocrx_word' id='word_1_672' title='bbox 1901 4192 2158 4262; x_wconf 91' lang='lat' dir='ltr'><strong>ejicietur</strong></span> <span class='ocrx_word' id='word_1_673' title='bbox 2187 4189 2376 4256; x_wconf 82' lang='lat' dir='ltr'><strong>foras;</strong></span> <span class='ocrx_word' id='word_1_674' title='bbox 2405 4201 2458 4244; x_wconf 89' lang='lat' dir='ltr'><strong>et</strong></span> <span class='ocrx_word' id='word_1_675' title='bbox 2505 4205 2608 4260; x_wconf 83' lang='lat' dir='ltr'><strong>ego</strong></span> <span class='ocrx_word' id='word_1_676' title='bbox 2641 4188 2689 4244; x_wconf 92' lang='lat' dir='ltr'><strong>si</strong></span> <span class='ocrx_word' id='word_1_677' title='bbox 2738 4190 3016 4242; x_wconf 83' lang='lat' dir='ltr'><strong>exaltatus</strong></span> <span class='ocrx_word' id='word_1_678' title='bbox 3055 4186 3209 4243; x_wconf 80' lang='lat' dir='ltr'><strong>fuero</strong></span> <span class='ocrx_word' id='word_1_679' title='bbox 3239 4201 3269 4239; x_wconf 91' lang='lat' dir='ltr'><strong>a</strong></span> <span class='ocrx_word' id='word_1_680' title='bbox 3306 4194 3473 4245; x_wconf 88' lang='lat' dir='ltr'><strong>terra,</strong></span> 
     </span>
    </p>
   </div>
   <div class='ocr_carea' id='block_1_89' title="bbox 1902 4279 2871 4350">
    <p class='ocr_par' dir='ltr' id='par_1_89' title="bbox 1902 4279 2871 4350">
     <span class='ocr_line' id='line_1_89' title="bbox 1902 4279 2871 4350; baseline -0.008 -11"><span class='ocrx_word' id='word_1_681' title='bbox 1902 4285 2085 4339; x_wconf 87' lang='lat' dir='ltr'><strong>omnia</strong></span> <span class='ocrx_word' id='word_1_682' title='bbox 2114 4283 2324 4339; x_wconf 87' lang='lat' dir='ltr'><strong>traham</strong></span> <span class='ocrx_word' id='word_1_683' title='bbox 2358 4281 2424 4334; x_wconf 88' lang='lat' dir='ltr'><strong>ad</strong></span> <span class='ocrx_word' id='word_1_684' title='bbox 2450 4281 2717 4350; x_wconf 86' lang='lat' dir='ltr'><strong>meipsum</strong></span> <span class='ocrx_word' id='word_1_685' title='bbox 2743 4279 2812 4333; x_wconf 78' lang='grc'>⁷⁸.</span> <span class='ocrx_word' id='word_1_686' title='bbox 2854 4297 2871 4330; x_wconf 74' lang='grc' dir='ltr'><strong>ι</strong></span> 
     </span>
    </p>
   </div>
   <div class='ocr_carea' id='block_1_90' title="bbox 219 4366 3475 4445">
    <p class='ocr_par' dir='ltr' id='par_1_90' title="bbox 219 4366 3475 4445">
     <span class='ocr_line' id='line_1_90' title="bbox 219 4366 3475 4445; baseline -0.003 -16"><span class='ocrx_word' id='word_1_687' title='bbox 219 4378 251 4428; x_wconf 88' lang='lat'><strong>6</strong></span> <span class='ocrx_word' id='word_1_688' title='bbox 302 4375 490 4445; x_wconf 76' lang='grc' dir='ltr'>ἅρχων</span> <span class='ocrx_word' id='word_1_689' title='bbox 535 4371 629 4426; x_wconf 89' lang='grc' dir='ltr'><strong>τοῦ</strong></span> <span class='ocrx_word' id='word_1_690' title='bbox 677 4374 882 4443; x_wconf 87' lang='grc' dir='ltr'>κόσμου</span> <span class='ocrx_word' id='word_1_691' title='bbox 941 4372 1131 4426; x_wconf 73' lang='grc' dir='ltr'>τούτου</span> <span class='ocrx_word' id='word_1_692' title='bbox 1199 4369 1594 4441; x_wconf 76' lang='grc' dir='ltr'>ἐκόληθήσεται</span> <span class='ocrx_word' id='word_1_693' title='bbox 1661 4372 1799 4439; x_wconf 71' lang='grc' dir='ltr'>ἔξω,</span> <span class='ocrx_word' id='word_1_694' title='bbox 1839 4376 1993 4445; x_wconf 84' lang='grc' dir='ltr'>κάγὼ</span> <span class='ocrx_word' id='word_1_695' title='bbox 2036 4374 2131 4428; x_wconf 71' lang='grc' dir='ltr'>ἐὰν</span> <span class='ocrx_word' id='word_1_696' title='bbox 2164 4372 2363 4444; x_wconf 81' lang='grc' dir='ltr'>ὑψωθῶ</span> <span class='ocrx_word' id='word_1_697' title='bbox 2392 4374 2453 4424; x_wconf 87' lang='grc' dir='ltr'><strong>ἐκ</strong></span> <span class='ocrx_word' id='word_1_698' title='bbox 2482 4371 2580 4441; x_wconf 86' lang='grc' dir='ltr'>τῆς</span> <span class='ocrx_word' id='word_1_699' title='bbox 2610 4369 2743 4439; x_wconf 81' lang='grc' dir='ltr'>γῆς,</span> <span class='ocrx_word' id='word_1_700' title='bbox 2793 4368 3000 4431; x_wconf 86' lang='grc' dir='ltr'>πάντας</span> <span class='ocrx_word' id='word_1_701' title='bbox 3066 4366 3277 4421; x_wconf 73' lang='grc' dir='ltr'>ἐλκὺσω</span> <span class='ocrx_word' id='word_1_702' title='bbox 3342 4370 3475 4436; x_wconf 84' lang='grc' dir='ltr'>προς</span> 
     </span>
    </p>
   </div>
   <div class='ocr_carea' id='block_1_91' title="bbox 222 4467 483 4540">
    <p class='ocr_par' dir='ltr' id='par_1_91' title="bbox 222 4467 483 4540">
     <span class='ocr_line' id='line_1_91' title="bbox 222 4467 483 4540; baseline -0.011 -16"><span class='ocrx_word' id='word_1_703' title='bbox 222 4467 483 4540; x_wconf 74' lang='grc' dir='ltr'>ἐμαυτόν.</span> 
     </span>
    </p>
   </div>
   <div class='ocr_carea' id='block_1_92' title="bbox 308 4556 1269 4630">
    <p class='ocr_par' dir='ltr' id='par_1_92' title="bbox 308 4556 1269 4630">
     <span class='ocr_line' id='line_1_92' title="bbox 308 4556 1269 4630; baseline -0.001 -18"><span class='ocrx_word' id='word_1_704' title='bbox 308 4562 638 4630; x_wconf 75' lang='grc' dir='ltr'>Ἐγείρεσθε</span> <span class='ocrx_word' id='word_1_705' title='bbox 656 4601 671 4622; x_wconf 83' lang='grc'><strong>,</strong></span> <span class='ocrx_word' id='word_1_706' title='bbox 710 4560 943 4628; x_wconf 80' lang='grc' dir='ltr'>ἄγωμεν</span> <span class='ocrx_word' id='word_1_707' title='bbox 970 4556 1269 4614; x_wconf 77' lang='grc' dir='ltr'>ἐντεῦθεν.</span> 
     </span>
    </p>
   </div>
   <div class='ocr_carea' id='block_1_93' title="bbox 308 4650 1805 4723">
    <p class='ocr_par' dir='ltr' id='par_1_93' title="bbox 308 4650 1805 4723">
     <span class='ocr_line' id='line_1_93' title="bbox 308 4650 1805 4723; baseline -0.003 -16"><span class='ocrx_word' id='word_1_708' title='bbox 308 4654 367 4707; x_wconf 85' lang='lat'><strong>&#39;0</strong></span> <span class='ocrx_word' id='word_1_709' title='bbox 418 4655 515 4723; x_wconf 80' lang='grc' dir='ltr'>μὲν</span> <span class='ocrx_word' id='word_1_710' title='bbox 556 4656 732 4716; x_wconf 83' lang='grc' dir='ltr'>κοινὸς</span> <span class='ocrx_word' id='word_1_711' title='bbox 775 4656 886 4716; x_wconf 88' lang='grc' dir='ltr'>τοῖς</span> <span class='ocrx_word' id='word_1_712' title='bbox 926 4653 1137 4717; x_wconf 81' lang='grc' dir='ltr'>πολλοῖς</span> <span class='ocrx_word' id='word_1_713' title='bbox 1173 4654 1269 4706; x_wconf 76' lang='grc' dir='ltr'><strong>καὶ</strong></span> <span class='ocrx_word' id='word_1_714' title='bbox 1321 4652 1680 4721; x_wconf 80' lang='grc' dir='ltr'>τετριμμένος</span> <span class='ocrx_word' id='word_1_715' title='bbox 1709 4650 1805 4704; x_wconf 91' lang='grc' dir='ltr'><strong>τοῦ</strong></span> 
     </span>
    </p>
   </div>
   <div class='ocr_carea' id='block_1_94' title="bbox 227 4740 1808 4817">
    <p class='ocr_par' dir='ltr' id='par_1_94' title="bbox 227 4740 1808 4817">
     <span class='ocr_line' id='line_1_94' title="bbox 227 4740 1808 4817; baseline -0.004 -18"><span class='ocrx_word' id='word_1_716' title='bbox 227 4746 593 4817; x_wconf 81' lang='grc' dir='ltr'>προκειμένου</span> <span class='ocrx_word' id='word_1_717' title='bbox 620 4746 778 4815; x_wconf 90' lang='grc' dir='ltr'>λόγος</span> <span class='ocrx_word' id='word_1_718' title='bbox 803 4747 983 4798; x_wconf 87' lang='grc' dir='ltr'>ἐκεῖνο</span> <span class='ocrx_word' id='word_1_719' title='bbox 1011 4744 1192 4798; x_wconf 79' lang='grc' dir='ltr'>δίδωσι</span> <span class='ocrx_word' id='word_1_720' title='bbox 1218 4746 1357 4797; x_wconf 83' lang='grc' dir='ltr'>νοεῖν</span> <span class='ocrx_word' id='word_1_721' title='bbox 1376 4784 1390 4808; x_wconf 92' lang='grc'><strong>,</strong></span> <span class='ocrx_word' id='word_1_722' title='bbox 1424 4743 1499 4806; x_wconf 81' lang='grc' dir='ltr'>ὡς</span> <span class='ocrx_word' id='word_1_723' title='bbox 1526 4740 1753 4811; x_wconf 85' lang='grc' dir='ltr'>ἐπείπερ</span> <span class='ocrx_word' id='word_1_724' title='bbox 1779 4743 1808 4794; x_wconf 90' lang='lat'><strong>6</strong></span> 
     </span>
    </p>
   </div>
   <div class='ocr_carea' id='block_1_95' title="bbox 228 4836 1806 4909">
    <p class='ocr_par' dir='ltr' id='par_1_95' title="bbox 228 4836 1806 4909">
     <span class='ocr_line' id='line_1_95' title="bbox 228 4836 1806 4909; baseline -0.003 -17"><span class='ocrx_word' id='word_1_725' title='bbox 228 4839 333 4908; x_wconf 79' lang='grc' dir='ltr'>τῆς</span> <span class='ocrx_word' id='word_1_726' title='bbox 374 4838 642 4892; x_wconf 86' lang='grc' dir='ltr'>Ἰουδαίων</span> <span class='ocrx_word' id='word_1_727' title='bbox 674 4838 929 4899; x_wconf 85' lang='grc' dir='ltr'>ἀπονοίας</span> <span class='ocrx_word' id='word_1_728' title='bbox 954 4836 1236 4899; x_wconf 76' lang='grc' dir='ltr'>εἰσελάσας</span> <span class='ocrx_word' id='word_1_729' title='bbox 1262 4836 1362 4909; x_wconf 80' lang='grc' dir='ltr'><strong>ήδη</strong></span> <span class='ocrx_word' id='word_1_730' title='bbox 1391 4836 1581 4908; x_wconf 79' lang='grc' dir='ltr'>καιρὸς</span> <span class='ocrx_word' id='word_1_731' title='bbox 1617 4852 1806 4906; x_wconf 87' lang='grc' dir='ltr'>μονον-</span> 
     </span>
    </p>
   </div>
   <div class='ocr_carea' id='block_1_96' title="bbox 230 4925 1809 5000">
    <p class='ocr_par' dir='ltr' id='par_1_96' title="bbox 230 4925 1809 5000">
     <span class='ocr_line' id='line_1_96' title="bbox 230 4925 1809 5000; baseline -0.003 -18"><span class='ocrx_word' id='word_1_732' title='bbox 230 4930 357 5000; x_wconf 62' lang='grc' dir='ltr'><strong>ουχὶ⁸</strong></span> <span class='ocrx_word' id='word_1_733' title='bbox 412 4930 696 4998; x_wconf 75' lang='grc' dir='ltr'>πεπηγότα</span> <span class='ocrx_word' id='word_1_734' title='bbox 732 4926 935 4982; x_wconf 78' lang='grc' dir='ltr'>λοιπὸν</span> <span class='ocrx_word' id='word_1_735' title='bbox 956 4928 1047 4980; x_wconf 85' lang='grc' dir='ltr'><strong>τὸν</strong></span> <span class='ocrx_word' id='word_1_736' title='bbox 1073 4930 1252 4997; x_wconf 89' lang='grc' dir='ltr'>τίμιον</span> <span class='ocrx_word' id='word_1_737' title='bbox 1288 4925 1383 4980; x_wconf 88' lang='grc' dir='ltr'><strong>τοῦ</strong></span> <span class='ocrx_word' id='word_1_738' title='bbox 1411 4926 1662 4997; x_wconf 81' lang='grc' dir='ltr'>Σωτῆρος</span> <span class='ocrx_word' id='word_1_739' title='bbox 1691 4927 1809 4979; x_wconf 81' lang='grc' dir='ltr'>ἐπι·-</span> 
     </span>
    </p>
   </div>
   <div class='ocr_carea' id='block_1_97' title="bbox 230 5018 1809 5093">
    <p class='ocr_par' dir='ltr' id='par_1_97' title="bbox 230 5018 1809 5093">
     <span class='ocr_line' id='line_1_97' title="bbox 230 5018 1809 5093; baseline -0.004 -17"><span class='ocrx_word' id='word_1_740' title='bbox 230 5021 468 5076; x_wconf 84' lang='grc' dir='ltr'>δεικνὺει</span> <span class='ocrx_word' id='word_1_741' title='bbox 497 5022 745 5093; x_wconf 85' lang='grc' dir='ltr'>σταυρὸν,</span> <span class='ocrx_word' id='word_1_742' title='bbox 763 5023 840 5084; x_wconf 83' lang='grc' dir='ltr'><strong>είς</strong></span> <span class='ocrx_word' id='word_1_743' title='bbox 862 5021 1099 5083; x_wconf 78' lang='grc' dir='ltr'>ἐκείνους</span> <span class='ocrx_word' id='word_1_744' title='bbox 1121 5020 1444 5090; x_wconf 86' lang='grc' dir='ltr'>ἀποτρέχειν</span> <span class='ocrx_word' id='word_1_745' title='bbox 1461 5020 1584 5081; x_wconf 80' lang='grc' dir='ltr'>τοὺς</span> <span class='ocrx_word' id='word_1_746' title='bbox 1608 5018 1809 5081; x_wconf 90' lang='grc' dir='ltr'>τόπους</span> 
     </span>
    </p>
   </div>
   <div class='ocr_carea' id='block_1_98' title="bbox 232 5108 1810 5185">
    <p class='ocr_par' dir='ltr' id='par_1_98' title="bbox 232 5108 1810 5185">
     <span class='ocr_line' id='line_1_98' title="bbox 232 5108 1810 5185; baseline -0.004 -16"><span class='ocrx_word' id='word_1_747' title='bbox 232 5114 372 5185; x_wconf 84' lang='grc' dir='ltr'>ὁμοῦ</span> <span class='ocrx_word' id='word_1_748' title='bbox 400 5117 512 5179; x_wconf 90' lang='grc' dir='ltr'>τοῖς</span> <span class='ocrx_word' id='word_1_749' title='bbox 529 5114 703 5182; x_wconf 83' lang='grc' dir='ltr'>ἁγίοις</span> <span class='ocrx_word' id='word_1_750' title='bbox 735 5113 1001 5185; x_wconf 88' lang='grc' dir='ltr'>μαθηταῖς</span> <span class='ocrx_word' id='word_1_751' title='bbox 1029 5112 1289 5180; x_wconf 76' lang='grc' dir='ltr'>ἠπείγετο</span> <span class='ocrx_word' id='word_1_752' title='bbox 1306 5150 1320 5173; x_wconf 91' lang='grc'><strong>,</strong></span> <span class='ocrx_word' id='word_1_753' title='bbox 1343 5114 1399 5165; x_wconf 85' lang='grc' dir='ltr'><strong>ἐν</strong></span> <span class='ocrx_word' id='word_1_754' title='bbox 1425 5108 1617 5183; x_wconf 74' lang='grc' dir='ltr'>οἷσπερ</span> <span class='ocrx_word' id='word_1_755' title='bbox 1648 5110 1810 5164; x_wconf 76' lang='grc' dir='ltr'>αὑτὸν</span> 
     </span>
    </p>
   </div>
   <div class='ocr_carea' id='block_1_99' title="bbox 234 5203 1813 5279">
    <p class='ocr_par' dir='ltr' id='par_1_99' title="bbox 234 5203 1813 5279">
     <span class='ocr_line' id='line_1_99' title="bbox 234 5203 1813 5279; baseline -0.001 -18"><span class='ocrx_word' id='word_1_756' title='bbox 234 5208 270 5277; x_wconf 82' lang='grc' dir='ltr'><strong>ή</strong></span> <span class='ocrx_word' id='word_1_757' title='bbox 298 5207 411 5261; x_wconf 86' lang='grc' dir='ltr'><strong>τῶν</strong></span> <span class='ocrx_word' id='word_1_758' title='bbox 441 5207 728 5279; x_wconf 88' lang='grc' dir='ltr'>ὑπηρετῶν</span> <span class='ocrx_word' id='word_1_759' title='bbox 775 5206 1097 5261; x_wconf 67' lang='grc' dir='ltr'>ωνελάὅετο</span> <span class='ocrx_word' id='word_1_760' title='bbox 1141 5203 1376 5278; x_wconf 87' lang='grc' dir='ltr'>εὑροῦσα</span> <span class='ocrx_word' id='word_1_761' title='bbox 1430 5207 1650 5278; x_wconf 84' lang='grc' dir='ltr'>σπεῖρα.</span> <span class='ocrx_word' id='word_1_762' title='bbox 1698 5205 1813 5259; x_wconf 74' lang='grc' dir='ltr'><strong>Καὶ</strong></span> 
     </span>
    </p>
   </div>
   <div class='ocr_carea' id='block_1_100' title="bbox 236 5295 1813 5370">
    <p class='ocr_par' dir='ltr' id='par_1_100' title="bbox 236 5295 1813 5370">
     <span class='ocr_line' id='line_1_100' title="bbox 236 5295 1813 5370; baseline -0.003 -17"><span class='ocrx_word' id='word_1_763' title='bbox 236 5298 466 5363; x_wconf 84' lang='grc' dir='ltr'>πιθανὸς</span> <span class='ocrx_word' id='word_1_764' title='bbox 500 5300 599 5370; x_wconf 81' lang='grc' dir='ltr'>μὲν</span> <span class='ocrx_word' id='word_1_765' title='bbox 624 5302 651 5353; x_wconf 89' lang='grc' dir='ltr'>ὁ</span> <span class='ocrx_word' id='word_1_766' title='bbox 675 5299 799 5362; x_wconf 91' lang='grc' dir='ltr'>νοῦς</span> <span class='ocrx_word' id='word_1_767' title='bbox 826 5316 839 5330; x_wconf 88' lang='grc'><strong>·</strong></span> <span class='ocrx_word' id='word_1_768' title='bbox 892 5298 1031 5369; x_wconf 84' lang='grc' dir='ltr'>πλὴν</span> <span class='ocrx_word' id='word_1_769' title='bbox 1074 5297 1220 5361; x_wconf 84' lang='grc' dir='ltr'>είκός</span> <span class='ocrx_word' id='word_1_770' title='bbox 1255 5314 1313 5350; x_wconf 90' lang='grc' dir='ltr'><strong>τε</strong></span> <span class='ocrx_word' id='word_1_771' title='bbox 1350 5297 1446 5349; x_wconf 59' lang='grc' dir='ltr'><strong>καὶ¹</strong></span> <span class='ocrx_word' id='word_1_772' title='bbox 1474 5296 1659 5367; x_wconf 79' lang='grc' dir='ltr'>ἓτερον</span> <span class='ocrx_word' id='word_1_773' title='bbox 1692 5295 1813 5349; x_wconf 86' lang='grc' dir='ltr'>ἐθέ-</span> 
     </span>
    </p>
   </div>
   <div class='ocr_carea' id='block_1_101' title="bbox 236 5385 1815 5461">
    <p class='ocr_par' dir='ltr' id='par_1_101' title="bbox 236 5385 1815 5461">
     <span class='ocr_line' id='line_1_101' title="bbox 236 5385 1815 5461; baseline -0.004 -17"><span class='ocrx_word' id='word_1_774' title='bbox 236 5390 352 5444; x_wconf 81' lang='grc' dir='ltr'>λειν</span> <span class='ocrx_word' id='word_1_775' title='bbox 394 5388 691 5461; x_wconf 78' lang='grc' dir='ltr'>ὑποδηλοῦν</span> <span class='ocrx_word' id='word_1_776' title='bbox 743 5387 1109 5459; x_wconf 73' lang='grc' dir='ltr'>πνευματικὸν</span> <span class='ocrx_word' id='word_1_777' title='bbox 1146 5385 1388 5457; x_wconf 86' lang='grc' dir='ltr'>δηλονότι</span> <span class='ocrx_word' id='word_1_778' title='bbox 1427 5385 1521 5439; x_wconf 72' lang='grc' dir='ltr'><strong>καὶ</strong></span> <span class='ocrx_word' id='word_1_779' title='bbox 1570 5401 1815 5456; x_wconf 89' lang='grc' dir='ltr'>κεκρυμ-</span> 
     </span>
    </p>
   </div>
   <div class='ocr_carea' id='block_1_102' title="bbox 241 5475 1820 5554">
    <p class='ocr_par' dir='ltr' id='par_1_102' title="bbox 241 5475 1820 5554">
     <span class='ocr_line' id='line_1_102' title="bbox 241 5475 1820 5554; baseline -0.006 -17"><span class='ocrx_word' id='word_1_780' title='bbox 241 5483 422 5554; x_wconf 72' lang='grc' dir='ltr'>μένον.</span> <span class='ocrx_word' id='word_1_781' title='bbox 463 5482 575 5553; x_wconf 80' lang='grc' dir='ltr'><strong>Τὴν</strong></span> <span class='ocrx_word' id='word_1_782' title='bbox 605 5481 713 5552; x_wconf 90' lang='grc' dir='ltr'><strong>γάρ</strong></span> <span class='ocrx_word' id='word_1_783' title='bbox 741 5480 799 5547; x_wconf 79' lang='grc' dir='ltr'><strong>ἐξ</strong></span> <span class='ocrx_word' id='word_1_784' title='bbox 821 5480 1008 5551; x_wconf 87' lang='grc' dir='ltr'>ἐτέρου</span> <span class='ocrx_word' id='word_1_785' title='bbox 1030 5477 1174 5541; x_wconf 86' lang='grc' dir='ltr'>τινὸς</span> <span class='ocrx_word' id='word_1_786' title='bbox 1200 5478 1332 5549; x_wconf 78' lang='grc' dir='ltr'>πρὸς</span> <span class='ocrx_word' id='word_1_787' title='bbox 1361 5476 1546 5550; x_wconf 71' lang='grc' dir='ltr'>ἕτερόν</span> <span class='ocrx_word' id='word_1_788' title='bbox 1570 5494 1622 5529; x_wconf 90' lang='grc' dir='ltr'><strong>τι</strong></span> <span class='ocrx_word' id='word_1_789' title='bbox 1654 5475 1820 5546; x_wconf 87' lang='grc' dir='ltr'>μετά-</span> 
     </span>
    </p>
   </div>
   <div class='ocr_carea' id='block_1_103' title="bbox 239 5567 1811 5645">
    <p class='ocr_par' dir='ltr' id='par_1_103' title="bbox 239 5567 1811 5645">
     <span class='ocr_line' id='line_1_103' title="bbox 239 5567 1811 5645; baseline -0.006 -16"><span class='ocrx_word' id='word_1_790' title='bbox 239 5591 430 5630; x_wconf 85' lang='grc' dir='ltr'>στασιν</span> <span class='ocrx_word' id='word_1_791' title='bbox 456 5574 552 5628; x_wconf 76' lang='grc' dir='ltr'>καὶ</span> <span class='ocrx_word' id='word_1_792' title='bbox 575 5574 675 5645; x_wconf 80' lang='grc' dir='ltr'>τὴν</span> <span class='ocrx_word' id='word_1_793' title='bbox 699 5574 763 5626; x_wconf 83' lang='grc' dir='ltr'><strong>ἐκ</strong></span> <span class='ocrx_word' id='word_1_794' title='bbox 793 5572 903 5624; x_wconf 90' lang='grc' dir='ltr'><strong>τῶν</strong></span> <span class='ocrx_word' id='word_1_795' title='bbox 928 5569 1189 5641; x_wconf 75' lang='grc' dir='ltr'>γειρόνων</span> <span class='ocrx_word' id='word_1_796' title='bbox 1220 5571 1298 5632; x_wconf 84' lang='grc' dir='ltr'>εἰς</span> <span class='ocrx_word' id='word_1_797' title='bbox 1325 5568 1385 5622; x_wconf 83' lang='grc' dir='ltr'><strong>τὸ</strong></span> <span class='ocrx_word' id='word_1_798' title='bbox 1417 5567 1636 5638; x_wconf 81' lang='grc' dir='ltr'>ἄμεινον</span> <span class='ocrx_word' id='word_1_799' title='bbox 1674 5567 1811 5620; x_wconf 86' lang='grc' dir='ltr'>ἀπο-</span> 
     </span>
    </p>
   </div>
   <div class='ocr_carea' id='block_1_104' title="bbox 1840 4545 2865 4618">
    <p class='ocr_par' dir='ltr' id='par_1_104' title="bbox 1840 4545 2865 4618">
     <span class='ocr_line' id='line_1_104' title="bbox 1840 4545 2865 4618; baseline -0.009 -11"><span class='ocrx_word' id='word_1_800' title='bbox 1840 4562 1881 4616; x_wconf 86' lang='lat' dir='ltr'><strong>D</strong></span> <span class='ocrx_word' id='word_1_801' title='bbox 1984 4550 2119 4615; x_wconf 81' lang='lat' dir='ltr'><strong>XIV,</strong></span> <span class='ocrx_word' id='word_1_802' title='bbox 2145 4550 2233 4605; x_wconf 76' lang='grc'><strong>51.</strong></span> <span class='ocrx_word' id='word_1_803' title='bbox 2262 4547 2492 4618; x_wconf 75' lang='lat' dir='ltr'><strong>Surgite,</strong></span> <span class='ocrx_word' id='word_1_804' title='bbox 2517 4562 2698 4600; x_wconf 77' lang='lat' dir='ltr'><strong>eamus</strong></span> <span class='ocrx_word' id='word_1_805' title='bbox 2724 4545 2865 4599; x_wconf 75' lang='lat' dir='ltr'><strong>hinc.</strong></span> 
     </span>
    </p>
   </div>
   <div class='ocr_carea' id='block_1_105' title="bbox 1974 4634 3479 4709">
    <p class='ocr_par' dir='ltr' id='par_1_105' title="bbox 1974 4634 3479 4709">
     <span class='ocr_line' id='line_1_105' title="bbox 1974 4634 3479 4709; baseline -0.003 -12"><span class='ocrx_word' id='word_1_806' title='bbox 1974 4636 2300 4697; x_wconf 85' lang='lat' dir='ltr'><strong>Communis</strong></span> <span class='ocrx_word' id='word_1_807' title='bbox 2348 4638 2490 4709; x_wconf 90' lang='lat' dir='ltr'><strong>apud</strong></span> <span class='ocrx_word' id='word_1_808' title='bbox 2528 4637 2733 4693; x_wconf 90' lang='lat' dir='ltr'><strong>multos</strong></span> <span class='ocrx_word' id='word_1_809' title='bbox 2793 4643 2847 4691; x_wconf 91' lang='lat' dir='ltr'><strong>et</strong></span> <span class='ocrx_word' id='word_1_810' title='bbox 2886 4634 3013 4690; x_wconf 89' lang='lat' dir='ltr'><strong>trita</strong></span> <span class='ocrx_word' id='word_1_811' title='bbox 3048 4635 3214 4705; x_wconf 88' lang='lat' dir='ltr'><strong>hujus</strong></span> <span class='ocrx_word' id='word_1_812' title='bbox 3248 4635 3353 4692; x_wconf 88' lang='lat' dir='ltr'><strong>loci</strong></span> <span class='ocrx_word' id='word_1_813' title='bbox 3385 4655 3479 4694; x_wconf 88' lang='lat' dir='ltr'><strong>ex-</strong></span> 
     </span>
    </p>
   </div>
   <div class='ocr_carea' id='block_1_106' title="bbox 1906 4726 3479 4807">
    <p class='ocr_par' dir='ltr' id='par_1_106' title="bbox 1906 4726 3479 4807">
     <span class='ocr_line' id='line_1_106' title="bbox 1906 4726 3479 4807; baseline -0.003 -17"><span class='ocrx_word' id='word_1_814' title='bbox 1906 4734 2107 4807; x_wconf 89' lang='lat' dir='ltr'><strong>positio</strong></span> <span class='ocrx_word' id='word_1_815' title='bbox 2135 4740 2240 4798; x_wconf 89' lang='lat' dir='ltr'><strong>est,</strong></span> <span class='ocrx_word' id='word_1_816' title='bbox 2276 4730 2564 4793; x_wconf 91' lang='lat' dir='ltr'><strong>nimirum,</strong></span> <span class='ocrx_word' id='word_1_817' title='bbox 2597 4731 2727 4799; x_wconf 90' lang='lat' dir='ltr'><strong>quia</strong></span> <span class='ocrx_word' id='word_1_818' title='bbox 2767 4726 2983 4783; x_wconf 69' lang='lat' dir='ltr'><strong>Iudaici</strong></span> <span class='ocrx_word' id='word_1_819' title='bbox 3022 4726 3230 4785; x_wconf 81' lang='lat' dir='ltr'><strong>furoris</strong></span> <span class='ocrx_word' id='word_1_820' title='bbox 3264 4739 3479 4801; x_wconf 88' lang='lat' dir='ltr'><strong>tempus</strong></span> 
     </span>
    </p>
   </div>
   <div class='ocr_carea' id='block_1_107' title="bbox 1904 4818 3479 4894">
    <p class='ocr_par' dir='ltr' id='par_1_107' title="bbox 1904 4818 3479 4894">
     <span class='ocr_line' id='line_1_107' title="bbox 1904 4818 3479 4894; baseline -0.004 -13"><span class='ocrx_word' id='word_1_821' title='bbox 1904 4828 2166 4893; x_wconf 85' lang='lat' dir='ltr'><strong>ingruens</strong></span> <span class='ocrx_word' id='word_1_822' title='bbox 2186 4821 2485 4894; x_wconf 87' lang='lat' dir='ltr'><strong>pretiosam</strong></span> <span class='ocrx_word' id='word_1_823' title='bbox 2511 4818 2823 4874; x_wconf 84' lang='lat' dir='ltr'><strong>Servatoris</strong></span> <span class='ocrx_word' id='word_1_824' title='bbox 2843 4833 3064 4873; x_wconf 87' lang='lat' dir='ltr'><strong>crucem</strong></span> <span class='ocrx_word' id='word_1_825' title='bbox 3086 4823 3479 4891; x_wconf 82' lang='lat' dir='ltr'><strong>propemodum</strong></span> 
     </span>
    </p>
   </div>
   <div class='ocr_carea' id='block_1_108' title="bbox 1906 4908 3478 4977">
    <p class='ocr_par' dir='ltr' id='par_1_108' title="bbox 1906 4908 3478 4977">
     <span class='ocr_line' id='line_1_108' title="bbox 1906 4908 3478 4977; baseline -0.003 -4"><span class='ocrx_word' id='word_1_826' title='bbox 1906 4916 2141 4973; x_wconf 78' lang='lat' dir='ltr'><strong>deﬁxam</strong></span> <span class='ocrx_word' id='word_1_827' title='bbox 2173 4911 2521 4977; x_wconf 88' lang='lat' dir='ltr'><strong>ostendebat,</strong></span> <span class='ocrx_word' id='word_1_828' title='bbox 2574 4908 2783 4964; x_wconf 88' lang='lat' dir='ltr'><strong>idcirco</strong></span> <span class='ocrx_word' id='word_1_829' title='bbox 2824 4909 2892 4964; x_wconf 84' lang='lat' dir='ltr'><strong>ad</strong></span> <span class='ocrx_word' id='word_1_830' title='bbox 2939 4924 3003 4965; x_wconf 88' lang='lat' dir='ltr'><strong>ea</strong></span> <span class='ocrx_word' id='word_1_831' title='bbox 3034 4910 3151 4965; x_wconf 87' lang='lat' dir='ltr'><strong>loca</strong></span> <span class='ocrx_word' id='word_1_832' title='bbox 3192 4926 3299 4966; x_wconf 91' lang='lat' dir='ltr'><strong>una</strong></span> <span class='ocrx_word' id='word_1_833' title='bbox 3352 4927 3478 4968; x_wconf 90' lang='lat' dir='ltr'><strong>cum</strong></span> 
     </span>
    </p>
   </div>
   <div class='ocr_carea' id='block_1_109' title="bbox 1906 4998 3479 5075">
    <p class='ocr_par' dir='ltr' id='par_1_109' title="bbox 1906 4998 3479 5075">
     <span class='ocr_line' id='line_1_109' title="bbox 1906 4998 3479 5075; baseline -0.006 -11"><span class='ocrx_word' id='word_1_834' title='bbox 1906 5009 2120 5065; x_wconf 88' lang='lat' dir='ltr'><strong>sanctis</strong></span> <span class='ocrx_word' id='word_1_835' title='bbox 2170 5002 2462 5075; x_wconf 90' lang='lat' dir='ltr'><strong>discipulis</strong></span> <span class='ocrx_word' id='word_1_836' title='bbox 2511 5001 2692 5071; x_wconf 88' lang='lat' dir='ltr'><strong>ipsum</strong></span> <span class='ocrx_word' id='word_1_837' title='bbox 2751 4998 3108 5064; x_wconf 87' lang='lat' dir='ltr'><strong>contendere,</strong></span> <span class='ocrx_word' id='word_1_838' title='bbox 3171 5000 3226 5055; x_wconf 90' lang='lat' dir='ltr'><strong>in</strong></span> <span class='ocrx_word' id='word_1_839' title='bbox 3278 5001 3479 5071; x_wconf 84' lang='lat' dir='ltr'><strong>quibus</strong></span> 
     </span>
    </p>
   </div>
   <div class='ocr_carea' id='block_1_110' title="bbox 1904 5092 3482 5163">
    <p class='ocr_par' dir='ltr' id='par_1_110' title="bbox 1904 5092 3482 5163">
     <span class='ocr_line' id='line_1_110' title="bbox 1904 5092 3482 5163; baseline -0.006 -8"><span class='ocrx_word' id='word_1_840' title='bbox 1904 5114 2028 5157; x_wconf 90' lang='lat' dir='ltr'><strong>eum</strong></span> <span class='ocrx_word' id='word_1_841' title='bbox 2076 5096 2373 5153; x_wconf 89' lang='lat' dir='ltr'><strong>satellitum</strong></span> <span class='ocrx_word' id='word_1_842' title='bbox 2402 5093 2604 5149; x_wconf 89' lang='lat' dir='ltr'><strong>cohors</strong></span> <span class='ocrx_word' id='word_1_843' title='bbox 2639 5100 2913 5162; x_wconf 87' lang='lat' dir='ltr'><strong>repertum</strong></span> <span class='ocrx_word' id='word_1_844' title='bbox 2941 5092 3374 5163; x_wconf 88' lang='lat' dir='ltr'><strong>comprehendit.</strong></span> <span class='ocrx_word' id='word_1_845' title='bbox 3416 5092 3482 5147; x_wconf 81' lang='lat' dir='ltr'><strong>Et</strong></span> 
     </span>
    </p>
   </div>
   <div class='ocr_carea' id='block_1_111' title="bbox 1906 5184 3481 5262">
    <p class='ocr_par' dir='ltr' id='par_1_111' title="bbox 1906 5184 3481 5262">
     <span class='ocr_line' id='line_1_111' title="bbox 1906 5184 3481 5262; baseline -0.006 -15"><span class='ocrx_word' id='word_1_846' title='bbox 1906 5193 1996 5247; x_wconf 92' lang='lat' dir='ltr'><strong>hic</strong></span> <span class='ocrx_word' id='word_1_847' title='bbox 2043 5188 2265 5262; x_wconf 90' lang='lat' dir='ltr'><strong>quidem</strong></span> <span class='ocrx_word' id='word_1_848' title='bbox 2321 5201 2519 5242; x_wconf 90' lang='lat' dir='ltr'><strong>sensus</strong></span> <span class='ocrx_word' id='word_1_849' title='bbox 2564 5191 2649 5239; x_wconf 91' lang='lat' dir='ltr'><strong>est</strong></span> <span class='ocrx_word' id='word_1_850' title='bbox 2694 5184 3042 5239; x_wconf 89' lang='lat' dir='ltr'><strong>verisimilis:</strong></span> <span class='ocrx_word' id='word_1_851' title='bbox 3108 5192 3481 5239; x_wconf 87' lang='lat' dir='ltr'><strong>verumtamen</strong></span> 
     </span>
    </p>
   </div>
   <div class='ocr_carea' id='block_1_112' title="bbox 1908 5274 3478 5353">
    <p class='ocr_par' dir='ltr' id='par_1_112' title="bbox 1908 5274 3478 5353">
     <span class='ocr_line' id='line_1_112' title="bbox 1908 5274 3478 5353; baseline -0.007 -15"><span class='ocrx_word' id='word_1_852' title='bbox 1908 5286 2076 5339; x_wconf 89' lang='lat' dir='ltr'><strong>alium</strong></span> <span class='ocrx_word' id='word_1_853' title='bbox 2102 5279 2416 5353; x_wconf 89' lang='lat' dir='ltr'><strong>quemdam,</strong></span> <span class='ocrx_word' id='word_1_854' title='bbox 2438 5276 2741 5347; x_wconf 90' lang='lat' dir='ltr'><strong>spiritalem</strong></span> <span class='ocrx_word' id='word_1_855' title='bbox 2769 5275 3027 5330; x_wconf 88' lang='lat' dir='ltr'><strong>videlicet</strong></span> <span class='ocrx_word' id='word_1_856' title='bbox 3058 5282 3114 5329; x_wconf 91' lang='lat' dir='ltr'><strong>et</strong></span> <span class='ocrx_word' id='word_1_857' title='bbox 3140 5274 3478 5337; x_wconf 87' lang='lat' dir='ltr'><strong>abstrusum,</strong></span> 
     </span>
    </p>
   </div>
   <div class='ocr_carea' id='block_1_113' title="bbox 1904 5364 3484 5445">
    <p class='ocr_par' dir='ltr' id='par_1_113' title="bbox 1904 5364 3484 5445">
     <span class='ocr_line' id='line_1_113' title="bbox 1904 5364 3484 5445; baseline -0.008 -16"><span class='ocrx_word' id='word_1_858' title='bbox 1904 5375 2062 5445; x_wconf 88' lang='lat' dir='ltr'><strong>juvat</strong></span> <span class='ocrx_word' id='word_1_859' title='bbox 2091 5372 2361 5427; x_wconf 89' lang='lat' dir='ltr'><strong>indicare.</strong></span> <span class='ocrx_word' id='word_1_860' title='bbox 2386 5366 2741 5423; x_wconf 83' lang='lat' dir='ltr'><strong>Mutationem</strong></span> <span class='ocrx_word' id='word_1_861' title='bbox 2774 5365 2978 5437; x_wconf 91' lang='lat' dir='ltr'><strong>quippe</strong></span> <span class='ocrx_word' id='word_1_862' title='bbox 3006 5381 3071 5420; x_wconf 82' lang='lat' dir='ltr'><strong>ex</strong></span> <span class='ocrx_word' id='word_1_863' title='bbox 3115 5381 3226 5420; x_wconf 91' lang='lat' dir='ltr'><strong>uno</strong></span> <span class='ocrx_word' id='word_1_864' title='bbox 3246 5368 3306 5419; x_wconf 88' lang='lat' dir='ltr'><strong>in</strong></span> <span class='ocrx_word' id='word_1_865' title='bbox 3335 5364 3484 5418; x_wconf 88' lang='lat' dir='ltr'><strong>aliud</strong></span> 
     </span>
    </p>
   </div>
   <div class='ocr_carea' id='block_1_114' title="bbox 1912 5456 3487 5534">
    <p class='ocr_par' dir='ltr' id='par_1_114' title="bbox 1912 5456 3487 5534">
     <span class='ocr_line' id='line_1_114' title="bbox 1912 5456 3487 5534; baseline -0.008 -12"><span class='ocrx_word' id='word_1_866' title='bbox 1912 5478 1964 5522; x_wconf 89' lang='lat' dir='ltr'><strong>et</strong></span> <span class='ocrx_word' id='word_1_867' title='bbox 1997 5481 2028 5519; x_wconf 90' lang='lat' dir='ltr'><strong>a</strong></span> <span class='ocrx_word' id='word_1_868' title='bbox 2064 5464 2249 5534; x_wconf 88' lang='lat' dir='ltr'><strong>pravis</strong></span> <span class='ocrx_word' id='word_1_869' title='bbox 2275 5460 2344 5517; x_wconf 90' lang='lat' dir='ltr'><strong>ad</strong></span> <span class='ocrx_word' id='word_1_870' title='bbox 2380 5460 2609 5515; x_wconf 88' lang='lat' dir='ltr'><strong>meliora</strong></span> <span class='ocrx_word' id='word_1_871' title='bbox 2638 5458 3061 5512; x_wconf 88' lang='lat' dir='ltr'><strong>conversionem</strong></span> <span class='ocrx_word' id='word_1_872' title='bbox 3096 5471 3195 5526; x_wconf 90' lang='lat' dir='ltr'><strong>per</strong></span> <span class='ocrx_word' id='word_1_873' title='bbox 3227 5456 3406 5527; x_wconf 89' lang='lat' dir='ltr'><strong>ipsum</strong></span> <span class='ocrx_word' id='word_1_874' title='bbox 3433 5465 3487 5511; x_wconf 89' lang='lat' dir='ltr'><strong>et</strong></span> 
     </span>
    </p>
   </div>
   <div class='ocr_carea' id='block_1_115' title="bbox 1917 5547 3486 5627">
    <p class='ocr_par' dir='ltr' id='par_1_115' title="bbox 1917 5547 3486 5627">
     <span class='ocr_line' id='line_1_115' title="bbox 1917 5547 3486 5627; baseline -0.006 -15"><span class='ocrx_word' id='word_1_875' title='bbox 1917 5574 2042 5613; x_wconf 91' lang='lat' dir='ltr'><strong>cum</strong></span> <span class='ocrx_word' id='word_1_876' title='bbox 2081 5558 2198 5627; x_wconf 89' lang='lat' dir='ltr'><strong>ipso</strong></span> <span class='ocrx_word' id='word_1_877' title='bbox 2236 5554 2399 5610; x_wconf 88' lang='lat' dir='ltr'><strong>nobis</strong></span> <span class='ocrx_word' id='word_1_878' title='bbox 2448 5551 2704 5607; x_wconf 89' lang='lat' dir='ltr'><strong>omnibus</strong></span> <span class='ocrx_word' id='word_1_879' title='bbox 2747 5547 2867 5604; x_wconf 80' lang='lat' dir='ltr'><strong>fore</strong></span> <span class='ocrx_word' id='word_1_880' title='bbox 2916 5547 3228 5620; x_wconf 79' lang='lat' dir='ltr'><strong>signiﬁcare</strong></span> <span class='ocrx_word' id='word_1_881' title='bbox 3277 5548 3486 5616; x_wconf 77' lang='lat' dir='ltr'><strong>volens,</strong></span> 
     </span>
    </p>
   </div>
   <div class='ocr_carea' id='block_1_116' title="bbox 312 5729 3490 5813">
    <p class='ocr_par' dir='ltr' id='par_1_116' title="bbox 312 5729 3490 5813">
     <span class='ocr_line' id='line_1_116' title="bbox 312 5729 3490 5813; baseline -0.006 -7"><span class='ocrx_word' id='word_1_882' title='bbox 312 5751 357 5785; x_wconf 78' lang='grc'>’³</span> <span class='ocrx_word' id='word_1_883' title='bbox 393 5749 552 5807; x_wconf 82' lang='lat' dir='ltr'><strong>Joan.</strong></span> <span class='ocrx_word' id='word_1_884' title='bbox 589 5766 740 5813; x_wconf 88' lang='lat' dir='ltr'><strong>xvut,</strong></span> <span class='ocrx_word' id='word_1_885' title='bbox 768 5749 858 5804; x_wconf 77' lang='lat'><strong>38.</strong></span> <span class='ocrx_word' id='word_1_886' title='bbox 925 5750 971 5781; x_wconf 85' lang='lat'>‘”</span> <span class='ocrx_word' id='word_1_887' title='bbox 999 5748 1156 5804; x_wconf 84' lang='lat' dir='ltr'><strong>Joan.</strong></span> <span class='ocrx_word' id='word_1_888' title='bbox 1184 5764 1297 5809; x_wconf 84' lang='lat' dir='ltr'><strong>xtx,</strong></span> <span class='ocrx_word' id='word_1_889' title='bbox 1328 5747 1379 5801; x_wconf 75' lang='grc'>4.</span> <span class='ocrx_word' id='word_1_890' title='bbox 1447 5748 1490 5780; x_wconf 59' lang='grc' dir='ltr'><strong>τι</strong></span> <span class='ocrx_word' id='word_1_891' title='bbox 1525 5744 1718 5800; x_wconf 78' lang='lat' dir='ltr'><strong>Matth.</strong></span> <span class='ocrx_word' id='word_1_892' title='bbox 1744 5758 1923 5810; x_wconf 71' lang='lat' dir='ltr'><strong>xxv&quot;,</strong></span> <span class='ocrx_word' id='word_1_893' title='bbox 1957 5741 2046 5796; x_wconf 69' lang='lat'><strong>24.</strong></span> <span class='ocrx_word' id='word_1_894' title='bbox 2102 5739 2147 5772; x_wconf 84' lang='grc'><strong>⁷⁸</strong></span> <span class='ocrx_word' id='word_1_895' title='bbox 2175 5736 2366 5792; x_wconf 74' lang='lat' dir='ltr'><strong>Matth.</strong></span> <span class='ocrx_word' id='word_1_896' title='bbox 2408 5750 2557 5802; x_wconf 79' lang='lat' dir='ltr'><strong>xxvt,</strong></span> <span class='ocrx_word' id='word_1_897' title='bbox 2595 5732 2683 5798; x_wconf 78' lang='lat'><strong>59,</strong></span> <span class='ocrx_word' id='word_1_898' title='bbox 2712 5732 2798 5785; x_wconf 80' lang='lat'><strong>60.</strong></span> <span class='ocrx_word' id='word_1_899' title='bbox 2870 5733 2912 5763; x_wconf 83' lang='grc'><strong>⁷⁸</strong></span> <span class='ocrx_word' id='word_1_900' title='bbox 2949 5730 3109 5784; x_wconf 83' lang='lat' dir='ltr'><strong>Joan.</strong></span> <span class='ocrx_word' id='word_1_901' title='bbox 3142 5746 3241 5797; x_wconf 79' lang='lat' dir='ltr'><strong>xit,</strong></span> <span class='ocrx_word' id='word_1_902' title='bbox 3277 5730 3367 5797; x_wconf 74' lang='lat'><strong>31,</strong></span> <span class='ocrx_word' id='word_1_903' title='bbox 3400 5729 3490 5788; x_wconf 61' lang='grc' dir='ltr'><strong>τοί.</strong></span> 
     </span>
    </p>
   </div>
   <div class='ocr_carea' id='block_1_117' title="bbox 564 5841 1295 5910">
    <p class='ocr_par' dir='ltr' id='par_1_117' title="bbox 564 5841 1295 5910">
     <span class='ocr_line' id='line_1_117' title="bbox 564 5841 1295 5910; baseline -0.014 0"><span class='ocrx_word' id='word_1_904' title='bbox 564 5842 833 5910; x_wconf 65' lang='lat' dir='ltr'><strong>hrum.</strong></span> <span class='ocrx_word' id='word_1_905' title='bbox 880 5844 995 5903; x_wconf 75' lang='lat' dir='ltr'><strong>Gri.</strong></span> <span class='ocrx_word' id='word_1_906' title='bbox 1043 5841 1295 5901; x_wconf 76' lang='lat' dir='ltr'><strong>LXXIV.</strong></span> 
     </span>
    </p>
   </div>
   <div class='ocr_carea' id='block_1_118' title="bbox 3048 5823 3109 5885">
    <p class='ocr_par' dir='ltr' id='par_1_118' title="bbox 3048 5823 3109 5885">
     <span class='ocr_line' id='line_1_118' title="bbox 3048 5823 3109 5885; baseline 0.033 -2"><span class='ocrx_word' id='word_1_907' title='bbox 3048 5823 3109 5885; x_wconf 90' lang='grc'><strong>11</strong></span> 
     </span>
    </p>
   </div>
  </div>
