3892 6202
401 336 501 392 331

1436 325 1492 381 S.
1512 320 1788 382 CYRILLI
1816 322 2291 383 ALEXANDRINI
2308 323 2629 384 ARCBIEP.

3549 330 3657 386 '53!

402 450 708 506 exclamat:
750 461 772 497 ι
806 443 1053 515 Surgite,
1086 455 1279 498 eamus
1332 441 1484 505 hinc,
1524 460 1542 493 ι
1573 450 1634 494 ιιι
1673 442 1782 495 tale
1816 439 1979 511 quid-

2088 440 2329 513 δρομὴν,
2372 442 2439 495 δι’
2469 442 2637 498 αὑτοῦ
2666 460 2726 497 τε
2760 442 2855 498 καὶ
2887 444 2985 498 σὺν
3008 444 3157 516 αὺτῷ
3190 446 3355 499 πᾶσιν
3382 446 3515 517 ἡμῖν
3544 449 3667 501 ἐσο-

404 543 552 613 piam
584 538 887 608 imelligere
912 552 983 592 ex
1010 537 1091 591 rei
1120 536 1351 591 veritate
1385 534 1713 596 debeamus,
1742 548 1773 586 a
1804 527 1982 588 morte

404 632 625 701 quidem
648 630 725 685 ad
758 631 951 693 vitam,
986 637 1040 685 et
1068 643 1099 682 a
1135 628 1492 697 corruptione
1520 627 1587 680 ad
1612 626 1983 697 incorruptio-

406 738 555 787 nem,
596 737 693 793 per
728 722 908 791 ipsum
950 730 1006 774 et
1066 734 1191 773 cum
1244 718 1386 788 ipso,
1446 717 1612 772 sicuti
1644 715 1808 771 modo
1836 716 1980 779 dixi,

405 814 565 886 quasi
599 814 669 868 ab
704 828 813 868 uno
836 812 959 866 loco
988 812 1226 865 transire
1255 810 1310 864 in
1336 810 1525 863 alium.
1575 807 1745 863 Recte
1796 808 1985 878 itaque

408 906 567 971 illud,
609 924 628 958 ι
654 904 899 976 Surgite,
927 919 1118 960 eamus
1154 904 1304 968 hinc,
1328 922 1346 955 ι
1382 901 1585 973 inquit.
1616 899 1760 967 Quin
1795 909 1851 956 et
1876 901 1984 955 alio

408 999 574 1055 modo
601 999 671 1055 de
700 998 858 1053 nobis
890 997 1023 1068 ipsis
1052 997 1263 1051 dictum
1291 995 1424 1051 illud
1452 995 1746 1066 intelliges.
1776 992 1985 1048 Trans-

408 1092 621 1147 ferendi
664 1105 888 1146 eramus
928 1104 960 1144 a
999 1088 1195 1144 mundi
1247 1102 1437 1144 amore
1507 1087 1574 1142 ad
1646 1086 1984 1143 voluntatem

406 1182 642 1239 faciendi
681 1182 851 1254 853
878 1181 1024 1252 quod
1061 1180 1173 1235 Deo
1210 1182 1477 1253 placeret,
1510 1196 1575 1237 ac
1604 1190 1875 1252 praeterea
1916 1196 1984 1236 ex

406 1275 674 1331 servitute
720 1274 787 1329 ad
850 1273 1177 1345 dignitatem
1227 1272 1567 1344 adoptionis,
1599 1289 1665 1329 ex
1720 1281 1871 1328 terra
1916 1271 1985 1327 ad

408 1380 700 1436 supernam
723 1364 1025 1430 civitatem,
1080 1380 1147 1421 ex
1203 1372 1431 1437 peccato
1456 1366 1524 1419 ad
1571 1380 1689 1420 eam
1723 1380 1847 1436 qua:
1878 1378 1978 1435 per

408 1458 568 1515 ﬁdem
603 1459 660 1514 in
687 1458 911 1513 Christo
952 1464 1041 1513 est
1068 1457 1365 1528 justitiam,
1417 1473 1482 1513 ex
1519 1458 1842 1528 impuritate
1878 1458 1985 1512 hu-

409 1567 571 1608 mana
602 1552 670 1607 ad
699 1550 938 1623 Spiritus
957 1551 1416 1617 sanctimoniam,
1458 1566 1523 1607 ex
1551 1552 1885 1607 contumelia
1921 1552 1976 1606 in

406 1646 660 1716 gloriam,
692 1661 755 1700 ex
785 1644 1060 1716 imperitia
1091 1644 1147 1699 in
1182 1644 1500 1707 scientiam,
1528 1660 1597 1700 ex
1634 1644 1893 1699 socordia
1924 1652 1982 1700 et

409 1736 724 1792 inﬁrmitate
769 1735 836 1791 ad
889 1736 1150 1791 virtutem
1188 1737 1243 1790 in
1296 1736 1437 1791 bene
1484 1736 1721 1807 agendo.
1764 1734 1981 1791 Locum

2088 534 2257 605 μένην
2286 536 2670 607 κατασημῆναι
2703 534 2903 601 θέλων,
2928 536 2990 589 τὸ
3012 556 3031 589 ι
3072 537 3379 609 Ἐγείρεσθε
3399 580 3413 604 ,
3440 539 3667 609 ἄγωμεν

2084 625 2333 680 ἐντεῦθεν
2358 644 2377 678 ι
2416 627 2680 696 ἐπιφωνεῖ
2701 646 2714 657 ·
2752 627 2839 682 ἵνα
2865 645 2920 681 τι
2944 627 3205 692 τοιοῦτον,
3246 630 3321 694 ὼς
3348 630 3405 682 ἐν
3435 631 3670 704 ἀληθείᾳ⁵

2084 714 2278 786 νοῆσαι
2303 715 2588 788 μέλλωμεν
2608 757 2624 782 ,
2654 717 2765 771 ἀπὸ
2792 718 2890 789 μέν
2918 718 3148 773 θανάτου
3178 720 3313 791 πρὸς
3338 720 3511 793 ζωὴν,
3557 723 3671 777 ἀπὸ

2083 807 2142 861 δέ
2178 808 2382 880 φθορᾶς
2415 810 2495 874 είς
2526 809 2854 881 ἀφθαρσίαν,
2881 811 2946 864 δι’
2973 810 3139 865 αὐτοῦ
3160 830 3218 866 τε
3249 814 3344 866 καὶ
3367 814 3465 867 σὺν
3492 814 3669 886 αὐτῷ,

2085 898 2341 971 καθάπερ
2371 900 2507 971 ἔφην
2532 901 2765 972 ἀρτίως,
2812 902 2888 966 ὡς
2907 903 3014 956 ἀπό
3044 920 3190 968 τινος
3224 904 3393 958 τόπου
3423 924 3673 979 μεταχω-

2087 992 2202 1062 ρεῖν
2231 993 2311 1056 είς
2343 992 2548 1065 ἕτερον.
2597 994 2795 1058 Καλῶς
2828 989 2924 1050 οὖν
2974 997 3084 1067 ἀρα
3125 996 3224 1060 rb,
3268 1014 3288 1048 ι
3330 998 3671 1069 Ἐγείρεσθε,

2085 1082 2309 1152 ἄγωμεν
2339 1082 2620 1151 ἐντεῦθεν,
2660 1103 2679 1135 ι
2715 1083 2901 1153 φησίν.
2951 1079 3030 1137 Ἦ
3062 1084 3155 1137 καὶ
3181 1084 3302 1138 καθ’
3334 1085 3519 1157 ἕτερόν
3546 1102 3676 1141 τινα.

2085 1173 2287 1245 τρόπον
2307 1175 2393 1244 ἐφ’
2420 1175 2579 1246 ⁴ήμῶν
2617 1175 2795 1229 αὐτῶν
2818 1175 3029 1251 ἐκλήψῃ
3050 1183 3111 1230 rb
3144 1177 3451 1247 εἰρημένον.
3480 1178 3676 1248 Ἐμέλ-

2084 1268 2251 1339 λομεν
2279 1270 2379 1341 ήδη
2413 1270 2770 1342 μεθίστασθαι
2803 1274 2867 1325 ἐκ
2913 1271 3009 1325 τοῦ
3054 1272 3228 1341 φιλεῖν
3261 1272 3331 1326 τά
3370 1273 3429 1326 ἐν
3453 1272 3672 1343 κόσμῳ,

2085 1364 2305 1433 φρονεῖν
2325 1364 2405 1427 είς
2430 1364 2492 1417 rb
2514 1365 2731 1420 ἑλέσθαι
2764 1365 2896 1437 δρᾷν
2927 1365 3133 1420 ἐθέλειν
3161 1365 3224 1419 τὸ
3250 1364 3439 1419 δοκοῦν
3462 1366 3536 1436 τῷ
3549 1365 3678 1437 Θεῷ

2086 1457 2180 1511 καλ⁵
2208 1456 2288 1511 ἔτι
2324 1458 2459 1529 πρὸς
2486 1460 2659 1532 τούτῳ
2687 1462 2751 1516 ἐκ
2777 1462 3021 1525 δουλείας
3056 1460 3351 1536 ἀναφοιτᾷν
3377 1460 3457 1523 είς
3478 1459 3538 1513 rb
3567 1460 3674 1531 τῆς

2083 1549 2368 1615 υἱοθεσίας.
2402 1552 2657 1623 ἀξίωμα,
2704 1554 2814 1609 ἀπὸ
2844 1554 2946 1624 γῆς
2979 1554 3059 1617 είς
3106 1552 3207 1624 τὴν
3232 1554 3344 1609 ἄνω
3371 1553 3564 1619 πόλιν,
3608 1552 3673 1617 ἐξ

2083 1643 2465 1716 ἀμαρτίαςξείς
2492 1644 2840 1717 δικαιοσύνην
2879 1646 2980 1716 τὴν
3015 1645 3103 1699 διὰ
3131 1645 3367 1709 πίστεως
3401 1644 3457 1698 δέ
3484 1645 3671 1715 δηλον-

2084 1735 2166 1789 ότι
2220 1736 2320 1808 τῆς
2343 1739 2400 1790 ἐν
2434 1737 2682 1809 Χριστῷ,
2736 1739 2797 1803 ἐξ
2826 1737 3170 1809 ἀκαθαρσίας
3200 1739 3299 1809 τῆς
3321 1736 3671 1808 ἀνθρωπίνης

410 1832 593 1900 itaque
634 1830 800 1885 veluti
849 1828 1141 1899 quemdam
1185 1830 1393 1884 nostris
1448 1829 1684 1883 terrenis
1732 1829 1983 1898 peccatis

2088 1828 2166 1890 εἰς
2197 1828 2288 1881 τὸν
2326 1828 2415 1882 διά
2441 1829 2535 1883 τοῦ
2564 1829 2879 1900 Πνεύματος
2905 1830 3205 1900 ἀγιασμὸν,
3245 1829 3304 1895 ἐξ
3328 1828 3551 1899 ἀτιμίας
3588 1831 3668 1891 εἰς

408 1932 611 1977 terram
656 1924 795 1977 hanc
850 1930 1123 1987 statuens,
1169 1940 1188 1975 ι
1234 1919 1487 1992 Surgite,
1553 1921 1753 1991 inquit,
1791 1936 1984 1978 eamus

409 2016 557 2069 hinc.
600 2036 618 2065 ι
672 2012 824 2069 Licet
856 2014 1024 2076 enim,
1061 2013 1255 2083 quoad
1294 2012 1555 2083 loquendi
1605 2012 1861 2079 formam,
1897 2029 1984 2070 se-

411 2109 588 2176 ipsum
612 2106 774 2161 nobis
792 2106 1125 2176 conjungere
1152 2105 1421 2168 videatur,
1450 2106 1587 2162 nihil
1611 2114 1794 2161 tamen
1820 2106 1983 2164 nobis

408 2198 571 2267 plane
605 2196 752 2251 istud
782 2196 979 2257 oberit,
1012 2210 1136 2249 cum
1169 2197 1221 2249 id
1253 2194 1441 2251 facere
1469 2196 1664 2251 soleat.
1692 2194 1854 2253 Unde
1882 2199 1983 2253 ali-

408 2288 535 2343 cubi
573 2287 643 2342 ad
675 2301 805 2342 suos
836 2286 1139 2355 discipulos
1172 2287 1443 2343 dicentem
1496 2288 1652 2343 illum
1696 2292 1979 2359 reperies:

414 2400 433 2431 ι
492 2378 577 2435 Me
629 2385 836 2450 oportet
889 2378 1109 2446 operari
1159 2392 1329 2447 opera
1377 2378 1498 2447 ejus
1529 2381 1621 2449 qui
1668 2380 1818 2433 misit
1873 2396 1981 2446 me,

409 2466 583 2523 donec
632 2468 752 2522 dies
791 2476 893 2521 est.
920 2464 1089 2521 Venit
1130 2481 1237 2521 nox
1264 2507 1279 2533 ,
1327 2468 1550 2540 quando
1578 2484 1743 2524 nemo
1803 2479 1984 2539 potest

408 2560 623 2632 operari
645 2562 716 2616 ⁷⁷.
753 2578 772 2612 ι
800 2559 972 2616 Audis
996 2572 1053 2616 ut
1078 2562 1323 2632 seipsum
1360 2563 1523 2617 nobis
1552 2577 1793 2634 operum
1811 2564 1983 2620 comi-

410 2665 516 2710 tem
548 2655 834 2724 adjungat,
856 2654 981 2709 licet
1011 2655 1220 2710 nostris
1240 2656 1505 2725 operibus
1521 2673 1630 2712 non
1652 2659 1725 2714 sit
1756 2660 1982 2729 perinde

410 2761 475 2801 ac
526 2760 627 2800 nos
671 2745 993 2800 obnoxius?
1025 2744 1095 2799 At
1137 2745 1399 2800 usitatam
1459 2747 1599 2803 banc
1662 2763 1786 2804 esse
1836 2749 1983 2819 apud

414 2850 514 2893 nos
562 2837 818 2907 loquendi
859 2836 1089 2891 formam
1124 2838 1297 2893 nihilo
1324 2840 1507 2895 secius
1550 2842 1978 2911 comperiemus.

412 2929 625 2999 Quippe
670 2930 887 2985 divinus
914 2928 1120 2985 Paulus
1168 2930 1488 2987 Corinthios
1519 2932 1843 3005 objurgans,
1904 2936 1982 2989 ita

410 3021 602 3078 scribit
630 3038 644 3075 :
687 3039 705 3071 ι
746 3019 872 3075 "me
907 3030 1112 3086 autem,
1142 3020 1362 3087 fratres,
1395 3023 1783 3095 transfiguravi
1809 3026 1865 3081 in
1896 3043 1983 3083 me

2085 1919 2267 1987 δόξαν,
2304 1921 2364 1987 ἐξ
2396 1922 2636 1993 ἀμαθίας
2668 1925 2748 1987 είς
2778 1922 3029 1990 σύνεσινξ,
3069 1922 3179 1977 ἀπὸ
3223 1922 3281 1976 δέ
3315 1922 3518 1985 δειλίας
3570 1922 3672 1974 καὶ

2081 2014 2403 2085 ἀνανδρείας
2456 2014 2538 2077 εἰς
2581 2014 2871 2084 εὐτολμίαν
2924 2014 3021 2085 τὴν
3062 2014 3151 2068 ἐπ’
3198 2014 3440 2082 ἀγαθοῖς.
3489 2014 3670 2067 Τόπον

2082 2102 2175 2161 οὖν
2204 2106 2394 2179 ὥσπερ
2421 2108 2533 2170 τοῖς
2571 2106 2665 2159 ἐπὶ
2704 2106 2808 2177 γῆς
2842 2106 3003 2178 ὴμῶν
3032 2106 3466 2177 πλημμελήμασι
3495 2103 3557 2158 rb
3583 2106 3671 2158 ἐν-

2083 2201 2212 2255 θάδε
2241 2200 2434 2266 τιθεὶς,
2470 2220 2489 2253 ι
2526 2200 2861 2273 Ἐγείρεσθε,
2893 2200 3079 2270 φησὶν,
3102 2199 3324 2271 ἄγωμεν
3350 2198 3619 2253 ἐντεῦθεν.
3642 2217 3661 2249 ι

2083 2294 2148 2347 Ei
2185 2292 2295 2366 γὰρ
2321 2292 2418 2348 καὶ
2437 2333 2451 2358 ,
2476 2294 2600 2347 ὅσον
2633 2288 2769 2366 ἧκεν
2796 2294 2877 2357 είς
2908 2293 2970 2346 rb
3000 2292 3096 2346 τοῦ
3129 2291 3289 2362 λόγου
3323 2291 3539 2363 σχῆμα,
3573 2290 3673 2344 καῖ⁵

2083 2387 2275 2441 ἑαυτὸν
2304 2388 2435 2458 ἡμῖν
2462 2384 2728 2456 συνδήσας
2754 2385 3024 2456 φαίνεται,
3051 2385 3168 2439 ἀλλ’
3200 2383 3352 2439 οὐδὲν
3381 2385 3531 2455 ἡμᾶς
3551 2384 3664 2436 ἀδι-

2083 2478 2243 2547 κήσει
2276 2476 2435 2530 τοῦτο
2468 2475 2766 2539 παντελῶς,
2792 2475 3024 2545 ἐπείπερ
3060 2473 3212 2544 αὖτῷ
3244 2473 3402 2528 τοῦτο
3437 2472 3669 2542 σύνηθες

2081 2568 2238 2641 δρᾷν.
2271 2570 2379 2623 Καὶ
2398 2564 2529 2637 γοῦν
2558 2569 2617 2622 ἐν
2637 2568 2844 2638 ἑτέροις
2872 2566 3143 2620 ἁλώσεται
3177 2567 3350 2635 λέγων
3378 2565 3513 2636 πρὸς
3539 2566 3669 2628 τοὺς

2083 2663 2280 2717 ἐαυτοῦ
2323 2663 2570 2734 μαθητάς
2596 2680 2610 2693 ’
2653 2681 2672 2714 ι
2706 2660 2887 2732 Ἠμᾶς
2934 2661 3014 2714 δεῖ
3063 2660 3389 2732 ἐργάζεσθαι
3421 2659 3488 2712 τά
3528 2658 3669 2729 ἔργα

2082 2755 2178 2810 τοῦ
2202 2755 2517 2827 πέμψαντος
2538 2756 2710 2826 ἡμᾶς,
2734 2755 2840 2817 ἕως
2859 2752 3041 2824 ἡμέρα
3066 2752 3233 2805 ἐστίν.
3258 2751 3516 2822 Ἔρχεται
3546 2748 3669 2812 νὺξ,

2083 2850 2172 2903 ὅτε
2200 2849 2376 2912 οὐδεὶς
2402 2848 2623 2902 δύναται
2650 2845 3012 2920 ἐργάσασθαι.
3043 2865 3062 2897 ι
3103 2845 3344 2906 Ἀκούεις
3371 2845 3519 2906 ὅπως
3547 2843 3674 2895 έαυ⁸

2083 2941 2175 2994 τὸν
2204 2943 2335 3013 ἡμῖν
2382 2943 2462 3004 είς
2504 2941 2566 2995 rb
2608 2938 2938 3011 ἐργάζεσθαι
2982 2938 3215 3009 πρέπειν
3250 2935 3667 2998 συναναπλέκει,

2085 3033 2259 3089 καίτοι
2277 3032 2357 3104 τῷ
2381 3032 2708 3106 ἐργάζεσθαι
2735 3032 2845 3085 δεῖν
2871 3030 2991 3084 καθ’
3012 3031 3159 3101 ἡμᾶς
3186 3029 3247 3081 οὐ
3273 3027 3671 3097 συνυποκείμε-

411 3124 466 3169 et
487 3112 700 3183 Apollo,
733 3120 793 3167 ut
825 3114 880 3168 in
916 3114 1080 3169 nobis
1101 3113 1335 3169 discatis
1366 3131 1534 3186 supra
1564 3117 1620 3171 id
1656 3119 1802 3188 quod
1839 3120 1980 3175 scri-

2088 3144 2215 3193 νος;
2272 3124 2413 3179 Ἀλλ’
2458 3124 2707 3196 εὑτριὸἐς
2740 3125 2869 3195 ἡμῖν
2896 3122 3051 3176 τοῦτο
3074 3120 3168 3175 τοῦ
3198 3120 3357 3189 λόγου
3385 3120 3445 3172 τὸ
3480 3119 3672 3189 σχῆμα

411 3219 565 3277 ptum
596 3213 682 3261 est
713 3221 823 3260 non
862 3220 1056 3276 sapere
1073 3205 1141 3261 ⁷⁸.
1178 3225 1196 3258 ι
1229 3205 1388 3273 Quod
1436 3216 1616 3264 autem
1652 3211 1861 3268 nostris
1900 3212 1984 3266 in-

413 3295 763 3351 firmitatibus
830 3310 1181 3367 nequaquam
1236 3297 1579 3363 obnoxium,
1641 3300 1735 3354 sed
1786 3300 1981 3356 ducem

410 3389 622 3444 itineris
668 3388 722 3442 in
778 3390 1033 3445 omnibus
1081 3389 1246 3445 bonis
1294 3398 1350 3446 et
1403 3406 1471 3446 ex
1525 3392 1775 3463 pristinis
1835 3394 1985 3451 vitiis

408 3483 793 3539 conversionis
816 3484 870 3537 in
896 3484 1119 3547 melius,
1144 3498 1254 3538 non
1279 3484 1542 3555 legatum,
1564 3502 1677 3541 non
1705 3488 1982 3558 angelum,

410 3572 507 3627 sed
539 3572 720 3643 ipsum
755 3572 1115 3628 habuerimus
1142 3575 1392 3630 universi
1430 3574 1751 3643 Dominum,
1808 3578 1987 3633 nulla-

409 3673 571 3717 tenus
599 3662 960 3718 dubitandum
987 3674 1092 3722 est.
1126 3663 1417 3737 Redempti
1469 3669 1617 3723 enim
1647 3684 1840 3725 sumus
1872 3684 1985 3724 non

410 3771 509 3825 per
540 3771 641 3811 nos
675 3757 844 3827 ipsos,
874 3772 977 3811 nec
1004 3772 1102 3828 per
1131 3760 1298 3812 aliam
1346 3759 1513 3813 ullam
1544 3775 1659 3815 rem
1716 3773 1981 3827 creatam,

410 3846 506 3902 sed
540 3861 635 3916 per
681 3847 865 3916 ipsum
897 3849 1078 3916 potius
1110 3846 1466 3905 Servatorem
1516 3860 1772 3905 nostrum
1821 3852 1984 3909 Chri-

411 3946 577 3992 stum.
610 3936 882 4003 Quocirca
938 3940 1160 4010 quando
1195 3939 1331 3995 illud
1361 3941 1437 3995 ait
1469 3958 1484 3995 :
1537 3960 1557 3993 ι
1599 3940 1819 4013 Surgite
1840 3984 1855 4009 ,
1888 3960 1985 3999 ea-

410 4044 535 4085 mus
567 4028 718 4095 hinc,
757 4047 776 4081 ι
813 4030 971 4099 quasi
1008 4030 1338 4084 mundanam
1363 4032 1665 4102 nequitiam
1715 4049 1824 4089 una
1858 4051 1983 4091 cum

410 4122 573 4176 nobis
629 4120 842 4192 fugiat,
899 4137 1014 4177 non
1060 4129 1327 4193 tanquam
1379 4125 1635 4183 humanis
1680 4129 1846 4186 malis
1886 4131 1986 4185 ob-

411 4215 628 4281 noxius,
662 4213 761 4269 sed
795 4223 1057 4284 tanquam
1082 4214 1215 4280 dux,
1258 4226 1312 4271 et
1341 4218 1762 4289 antesignanus,
1797 4228 1853 4275 et
1882 4220 1988 4276 du-

409 4314 531 4363 ctor
559 4308 612 4362 in
644 4307 1111 4380 incorruptionem
1140 4316 1194 4361 et
1220 4323 1344 4362 eam
1388 4310 1560 4365 vitam
1608 4327 1732 4383 qua:
1779 4313 1985 4369 sancti-

410 4407 521 4455 tate
548 4411 601 4454 et
631 4399 726 4455 Dei
758 4414 942 4454 amore
964 4408 1203 4464 constat,
1233 4400 1379 4456 istud
1411 4401 1506 4455 ait.

2087 3219 2182 3273 καὶ
2208 3218 2337 3287 παρ’
2354 3219 2484 3288 ἡμῖν
2503 3216 2684 3279 αὐτοῖς
2707 3216 2858 3268 οὐδὲν
2873 3210 3037 3285 ἦττον
3058 3214 3383 3284 εὑρήσομεν.
3409 3212 3519 3264 Καὶ
3536 3210 3670 3279 γοῦν

2086 3312 2114 3362 ὁ
2148 3308 2433 3372 θεσπέσιος
2462 3306 2671 3371 Παῦλος
2721 3306 3026 3377 ἐπιπλήξας
3054 3303 3361 3375 Κορινθίοις
3388 3301 3548 3355 τοῦτο
3574 3318 3669 3353 τε-

2084 3398 2391 3469 τόλμηκεν,
2441 3395 2742 3451 ἐπιστέλλει
2775 3394 2831 3448 δὲ
2873 3394 3001 3447 ὡδί·
3044 3412 3063 3445 ι
3092 3393 3279 3446 Ταῦτα
3313 3392 3402 3457 δὲ,
3447 3389 3675 3458 ἀδελφοί

2089 3507 2227 3561 μου,
2277 3489 2724 3563 μετεσχημάτισα
2766 3489 2845 3549 εἰς
2870 3485 3103 3557 ἐμαυτὸν
3132 3485 3227 3539 καὶ
3262 3482 3530 3545 Ἀπολλῶ,
3578 3482 3672 3535 ἵνα

2086 3585 2143 3637 ἐν
2172 3586 2305 3655 ἡμῖν
2338 3583 2548 3655 μάθητε
2590 3582 2650 3635 rb
2680 3580 2754 3652 μὴ
2777 3581 2919 3651 ὑπὲρ
2945 3580 2974 3632 ὃ
3020 3578 3327 3650 γέγραπται
3371 3577 3607 3647 φρονεῖν.
3643 3593 3666 3625 ›

2089 3674 2209 3727 Ὀτι
2248 3673 2305 3727 δὲ
2352 3674 2401 3726 εί
2447 3672 2541 3725 καὶ
2594 3670 2668 3742 μὴ
2710 3670 3059 3724 συνυπαίτιον
3106 3670 3226 3731 ταῖς
3260 3666 3465 3721 ἑαυτῶν
3504 3664 3669 3718 ἀσθε-

2086 3765 2293 3829 νείαις,
2342 3764 2458 3818 ἀλλ’
2491 3759 2586 3817 οὖν
2634 3762 2881 3833 ήγεμόνα
2924 3760 3025 3831 τῆς
3066 3758 3183 3814 ὁδοῦ
3208 3760 3319 3821 τοῖς
3346 3759 3429 3826 ἐφ’
3461 3756 3671 3810 ἅπασιν

2085 3858 2311 3928 ἀγαθοῖς
2337 3858 2431 3910 καὶ
2454 3856 2555 3925 τῆς
2574 3857 2640 3908 ἐκ
2668 3853 2857 3907 παθῶν
2876 3853 2986 3906 τῶν
3012 3852 3255 3923 ἀρχαίων
3283 3852 3376 3903 ἐπὶ
3404 3849 3465 3902 τὸ
3486 3851 3670 3918 κρεῖτ-

2084 3968 2175 4005 τον
2228 3949 2593 4018 ἐπιστροφῆς,
2637 3946 2699 4000 οὑ
2751 3944 3027 4015 πρέσϐυν,
3090 3943 3191 3994 οὐκ
3235 3940 3493 4008 ἄγγελον,
3551 3937 3669 3991 ἀλλ’

2085 4042 2244 4098 αὐτὸν
2287 4042 2600 4112 ἐσχήκαμεν
2645 4036 2737 4091 τὸν
2792 4036 3046 4090 ἁπάντων
3082 4032 3313 4103 Κύριον,
3367 4028 3673 4099 οὐδαμόθεν

2084 4133 2401 4206 ἀμφίϐολον.
2460 4128 2859 4202 Λελυτρώμεθα
2901 4128 3039 4198 γάρ,
3084 4128 3146 4180 οὐ
3173 4126 3239 4178 δι’
3264 4122 3504 4185 ἑαυτῶν,
3550 4119 3668 4173 ἀλλ’

2083 4229 2207 4283 οὐδέ
2229 4228 2295 4281 δι’
2323 4224 2509 4296 ἐτέρου
2550 4222 2695 4285 τινὸς
2716 4220 2824 4274 τῶν
2850 4218 3113 4290 γενητῶν,
3144 4216 3210 4270 δι’
3237 4213 3404 4268 αὐτοῦ
3434 4214 3489 4265 δὲ
3527 4211 3669 4282 μᾶλ-

2084 4323 2173 4375 λον
2218 4318 2313 4373 τοῦ
2348 4316 2599 4388 Σωτῆρος
2642 4312 2802 4385 ἡμῶν
2849 4310 3106 4383 Χριστοῦ.
3165 4306 3376 4362 Οὐκοῦν
3416 4306 3545 4359 ὅταν
3591 4304 3672 4367 ὡς

2089 4415 2186 4467 σὺν
2222 4413 2354 4483 ήμῖν
2388 4410 2483 4463 καὶ
2511 4406 2629 4479 μεθ’
2661 4404 2821 4477 ήμῶν
2848 4405 2947 4475 τὴν
2984 4404 3041 4455 ἐν
3072 4400 3260 4472 κόσμῳ
3292 4394 3675 4468 παραδραμὼν

410 4497 718 4567 φαυλότητα
744 4495 876 4567 λέγῃ
897 4495 982 4560 rb,
1006 4513 1026 4547 ι
1049 4495 1385 4569 Ἐγείρεσθε,
1415 4496 1639 4569 ἄγωμεν
1667 4499 1935 4579 ἐντεῦθεν,
1962 4525 1981 4560 ι
2024 4510 2121 4579 οὐχ
2148 4508 2223 4570 ὡς
2259 4505 2626 4569 συνυπαίτιος,
2654 4502 2823 4573 ἧγουν
2851 4498 3167 4569 ἐνεχόμενος
3226 4496 3335 4553 τοῖς
3392 4489 3674 4561 ἀνθρωπι-

410 4607 522 4653 νοις
560 4588 819 4653 πάθεσιν,
872 4587 987 4642 ἀλλ’
1016 4588 1093 4653 ὡς
1126 4589 1367 4661 ἀρχηγὸς
1403 4592 1498 4643 καὶ
1536 4578 1849 4666 προστάτης
1892 4600 1988 4654 καὶ
2061 4578 2379 4673 καθηγητὴς
2446 4600 2545 4669 τῆς
2585 4597 2789 4652 εἰσόδου
2824 4595 2904 4659 είς
2938 4591 3246 4663 ἀφθαρσίαν
3274 4588 3369 4642 καὶ
3394 4585 3541 4656 ζωὴν
3571 4581 3676 4653 τὴν

411 4688 467 4738 ἐν
495 4681 751 4755 ἁγιασμῷ
776 4684 869 4737 καὶ
895 4682 1163 4756 φιλοθεῖᾳ,
1195 4684 1257 4737 rb
1279 4682 1520 4737 τοιοῦτον
1543 4686 1678 4754 ὲρεῖ.

976 4797 1141 4870 357
1177 4797 1327 4854 CAP.
1357 4798 1419 4854 ιι.

412 4910 567 4979 Quod
595 4909 707 4965 Deo
744 4927 806 4964 ac
845 4909 1003 4964 Patri
1031 4910 1505 4965 consubstantialis
1545 4913 1616 4966 sit
1648 4911 1849 4977 Filius,
1880 4931 1986 4969 non

482 4992 656 5035 autem
684 4981 904 5055 diuersae
930 4984 993 5055 ab
1022 4998 1081 5034 eo
1105 4992 1314 5055 natura:
1338 4984 1415 5036 vel
1436 4984 1658 5051 generis,
1686 4994 1744 5037 ut
1766 4985 1986 5055 quidam

479 5054 707 5119 perversi
734 5052 968 5106 hwretici
989 5053 1240 5107 sentiunt.

482 5156 602 5224 XV,
640 5160 691 5213 1.
730 5156 841 5231 Ego
875 5172 992 5213 sum
1027 5160 1147 5213 vitis
1182 5175 1325 5223 vera,
1364 5169 1414 5213 et
1446 5159 1613 5215 Pater
1648 5178 1795 5216 meus
1840 5165 1987 5234 agri-

411 5248 530 5305 cola
553 5262 655 5306 est.

482 5345 635 5411 Quod
688 5351 939 5416 oporteat
971 5341 1258 5398 dilectioni
1304 5356 1434 5413 erga
1478 5357 1539 5398 se
1593 5343 1879 5409 inhaerere,
1933 5354 1989 5399 et

409 5444 676 5506 quantum
710 5452 777 5491 ex
804 5451 871 5491 eo
904 5433 1049 5505 quod
1077 5434 1127 5488 ei
1157 5433 1442 5502 conjuncti
1481 5449 1679 5490 sumus
1710 5437 1985 5491 commodi

412 5529 571 5583 nobis
617 5529 836 5583 eveniat
864 5528 1052 5581 volens
1086 5525 1404 5592 ostendere,
1444 5528 1607 5582 vitem
1638 5529 1861 5599 quidem
1896 5544 1983 5585 se-

409 5620 587 5690 ipsum
630 5634 752 5674 esse
791 5618 965 5673 dicit:
1005 5617 1103 5688 qui
1136 5625 1320 5672 autem
1353 5618 1403 5674 ei
1449 5627 1581 5675 sunt
1611 5621 1772 5686 uniti,
1814 5629 1980 5691 atque

487 5776 530 5806 ’⁷
561 5773 713 5829 Joan.
747 5789 823 5839 Ix,
854 5774 907 5829 4.
985 5772 1030 5807 ’⁷⁸
1072 5775 1089 5829 l
1123 5772 1251 5829 Cor.
1291 5788 1376 5840 tv,
1410 5776 1461 5830 6.

2690 4793 2941 4849 ΚΕΦΔΔ.
2982 4793 3058 4846 B'.

2082 4908 2205 4963 Ὅτι
2228 4908 2308 4974 τῷ
2338 4907 2460 4974 Θεῷ
2485 4907 2583 4961 καὶ
2620 4906 2801 4975 "arpi
2827 4904 3149 4974 ὁμοούσιός
3202 4902 3375 4956 ἐστιν
3420 4905 3454 4975 ῤ
3511 4902 3673 4968 Υἱὸς,

2151 4978 2250 5032 καὶ
2277 4971 2390 5047 οὐχ
2411 4971 2762 5046 ἐτεροφυὴςζ
2787 4971 2931 5030 οὐδὲ
2956 4975 3242 5044 ἕκφυλος,
3295 4971 3447 5026 κατά
3502 4988 3675 5039 τινας

2152 5048 2274 5103 τῶν
2304 5047 2808 5118 διεστραμμένων.

2154 5160 2301 5231 Ἐγώ
2323 5161 2439 5229 εἰμι
2456 5160 2497 5227 ’ἡ
2524 5160 2789 5228 ἄμπελος
2822 5162 2861 5229 ἡ
2914 5156 3196 5227 ἀληθινὴ,
3240 5156 3341 5209 καὶ
3390 5157 3424 5209 ό
3469 5154 3674 5223 Πατήρ

2078 5270 2199 5323 μου
2232 5256 2266 5306 ό
2294 5252 2552 5323 γεωργός
2588 5251 2779 5304 ἐστιν.

2158 5346 2283 5397 Ὅτι
2313 5344 2577 5416 προσήκοι
2616 5342 2713 5410 τῆς
2759 5342 2839 5403 εἰς
2882 5339 3044 5392 αὐτὸν
3079 5336 3303 5407 ἀγάπης
3340 5334 3675 5405 ἐξηρτῆσθαι

2085 5436 2278 5507 φιλεῖν,
2310 5438 2405 5490 καὶ
2433 5436 2600 5488 πόσον
2640 5437 2704 5487 ἐκ
2747 5432 2844 5485 τοῦ
2879 5430 3171 5485 κολλᾶσθαι
3200 5426 3351 5497 αὐτῷ
3382 5426 3677 5497 κερδανοῦο

2088 5545 2186 5598 μεν
2205 5527 2466 5593 ἐπιδεῖξαι
2488 5526 2721 5596 θελήσας
2747 5524 2807 5577 rb
2831 5521 3097 5591 ὠφελοῦν,
3128 5518 3374 5590 ἄμπελον
3419 5517 3517 5588 μὲν
3550 5517 3676 5570 ἐαυ-

2082 5621 2173 5674 τὸν
2201 5616 2339 5676 εἷναί
2367 5637 2552 5691 φησιν,
2570 5619 2645 5683 ὡς
2675 5620 2733 5672 ἐν
2760 5615 3200 5687 παραδείγματος
3228 5613 3393 5682 λόγῳ,
3422 5609 3668 5680 κλήμασί
