3892 6202
242 334 353 389 553

1323 334 1387 388 IN
1421 331 1710 390 JOANNIS
1736 331 2188 390 EVANGELIUM
2219 333 2350 391 LIB.
2396 336 2463 393 Χ.

3411 345 3516 400 554

241 470 311 520 γε
348 452 455 522 μὴν
486 450 614 514 τοὺς
634 447 934 513 ἑνωθέντας
965 449 1114 520 αὐτῷ
1140 450 1234 503 καὶ
1260 450 1702 522 ἐνηρμοσμένους
1720 448 1831 520 τρό·

1950 449 2099 504 insiti
2130 451 2537 521 quodammodo
2574 462 2631 509 et
2659 453 2839 521 inﬁxi,
2868 463 2924 511 et
2949 456 3063 526 jam
3105 457 3235 512 facti
3267 467 3398 514 sunt
3422 474 3521 514 na-

245 563 349 597 πον
374 544 497 599 τινὰ
518 543 613 598 καὶ
635 542 1050 614 ἐμπεπηγότας,
1068 543 1359 613 γεγονότας
1375 561 1435 597 τε
1464 544 1566 614 ήδη
1587 543 1688 615 τῆς
1713 543 1839 596 ἑαυ-

242 636 340 689 τοῦ
394 635 613 706 φύσεως
657 636 985 701 κοινωνοὺς,
1028 635 1117 690 διὰ
1158 636 1252 691 τοῦ
1302 638 1626 710 μεταλαχεῖν
1680 638 1836 708 ἁγίου

243 727 569 799 Πνεῦματος
590 743 605 757 ⁸
630 726 693 781 τὸ
712 727 822 799 γάρ
845 728 1154 782 συνενδισαν
1180 731 1331 800 ἡμᾶς
1358 730 1435 802 τῷ
1469 731 1683 802 Σωτῆρι
1700 732 1839 802 Χρι-

243 819 358 890 στῷ
390 821 454 874 τὸ
485 822 640 890 άγιον
674 821 901 893 Πνεῦμα
931 822 1096 876 αὑτοῦ
1126 825 1296 877 ἐστιν.
1342 824 1711 896 Προαιρετικὴ
1739 824 1838 895 μὲν

240 911 354 983 γὰρ
381 914 415 983 ἠ
446 913 585 983 πρὸς
620 914 721 985 τὴν
755 912 1001 984 ἄμπελον
1042 914 1295 984 κόλλησις
1341 914 1448 968 τῶν
1504 915 1837 987 προσιόντων

244 1007 414 1076 αὐτῇ,
453 1005 680 1077 σχετικὴ
706 1005 765 1059 δὲ
784 1008 918 1078 παρ’
950 1006 1122 1078 αὐτῆς
1161 1009 1195 1077 ή
1225 1008 1363 1078 πρὸς
1401 1007 1569 1077 ἡμᾶς.
1606 1008 1701 1062 Ἐκ
1736 1007 1837 1080 μὲν

242 1098 357 1169 γὰρ
384 1098 760 1170 προαιρέσεως
793 1098 1006 1171 ἀγαθῆς
1032 1098 1519 1170 προσεληλύθαμεν
1540 1100 1704 1171 ἡμεῖς
1747 1099 1839 1153 διὰ

241 1192 347 1262 τῆς
373 1193 630 1259 πίστεως,
664 1194 823 1263 γένος
849 1194 910 1248 δὲ
949 1194 1254 1266 γεγόναμεν
1294 1194 1459 1250 αὐτοῦ
1484 1195 1545 1249 τὸ
1574 1196 1676 1267 τῆς
1720 1197 1836 1249 uio-

244 1283 433 1348 θεσίας
460 1284 680 1356 ἀξίωμα
708 1285 839 1357 παρ’
876 1285 1045 1340 αὐτοῦ
1074 1285 1453 1357 κομισάμενοι.
1488 1287 1599 1341 Καὶ
1632 1286 1743 1358 γάρ
1769 1286 1835 1358 δὴ

244 1377 391 1430 κατὰ
422 1377 512 1429 τὸν
538 1376 694 1444 ἆγιον
719 1376 951 1440 Παῦλον,
984 1396 1003 1429 ‹
1053 1377 1111 1430 '0
1149 1376 1487 1449 κολλώμενος
1512 1376 1590 1448 τῷ
1622 1376 1833 1449 Κυρίῳ,

246 1464 309 1517 ἓν
337 1464 557 1535 πνεῦμά
609 1467 780 1521 ἐστιν.
818 1485 838 1519 ι
877 1466 1088 1537 Ὥσπερ
1129 1460 1223 1519 οὖν
1272 1467 1332 1519 ἐν
1382 1466 1591 1537 ἑτέροις
1631 1466 1837 1537 κρηπὶς

245 1558 344 1611 καὶ
398 1556 648 1628 θεμέλιος
685 1556 775 1611 διὰ
822 1558 923 1628 τῆς
964 1557 1057 1611 τοῦ
1092 1558 1375 1630 προφήτου
1417 1558 1837 1629 κατωνόμασται

246 1649 433 1719 φωνῆς
468 1650 576 1718 (ἐπ’
629 1648 779 1720 αὐτῷ
829 1650 938 1721 γάρ
978 1649 1505 1721 ὲποικοδομούμεθα,
1555 1651 1693 1704 λίθοι
1741 1651 1838 1705 καὶ

244 1742 412 1817 ἡμεῖς
443 1741 904 1813 χρηματίσαντες,
939 1740 1143 1807 ζῶντες
1177 1743 1271 1795 καὶ
1317 1743 1700 1812 πνευματικοὶ,
1755 1745 1837 1807 είς

248 1799 570 1903 ἱεράτεῦμί
611 1832 768 1902 ἅγιον
787 1873 803 1897 ,
841 1799 922 1897 εἰ,
948 1799 1392 1906 ⁷κατοικητήριον
1439 1799 1532 1887 τοῦ
1580 1799 1716 1888 Θεοῦ
1778 1799 1838 1890 εὖ
1868 1799 1912 1859 Β

244 1921 547 1992 Πνεύματι,
570 1921 696 1976 καθ’
743 1923 930 1996 ἕτερον
955 1923 1013 1977 δέ
1041 1942 1164 1978 τινα
1202 1926 1401 1996 τρόπον
1440 1926 1839 1998 οἰκοδομεῖσθαι

244 2012 387 2084 πρὸς
407 2013 566 2067 τοῦτο
590 2014 666 2086 μὴ
695 2015 1007 2087 δυνάμενοι,
1026 2018 1075 2070 εί
1097 2016 1173 2089 μὴ
1201 2017 1423 2087 γέγονεν
1437 2021 1570 2090 ἡμῖν
1591 2019 1840 2091 θεμέλιος

241 2110 275 2162 ὁ
302 2108 581 2179 Χριστὸς),
615 2107 758 2163 οὕτω
790 2108 1021 2164 κάνθάδε
1050 2109 1194 2165 κατὰ
1228 2109 1327 2182 τὴν
1351 2111 1475 2183 ῐσην
1511 2111 1607 2166 τοῦ
1629 2113 1837 2184 νοήμα-

245 2217 336 2263 τος
371 2200 685 2270 ἀναλογίαν,
710 2201 955 2272 ἄμπελον
990 2203 1187 2257 ἑαυτὸν
1239 2199 1379 2257 εἷναί
1428 2222 1562 2274 φησι
1615 2204 1727 2260 τῶν
1779 2206 1840 2273 ἐξ

243 2291 420 2360 αὐτῆς
448 2292 764 2363 κλημάτων,
805 2292 881 2357 ὡς
932 2293 1144 2365 μητέρα
1186 2294 1281 2348 καὶ⁵
1323 2294 1544 2366 τροφόν.
1594 2295 1840 2365 Ἀνεγενδ

244 2382 491 2453 νήθημεν
520 2384 630 2455 γὰρ
657 2385 717 2450 ἐξ
748 2383 912 2437 αὐτοῦ
946 2401 1006 2437 τε
1037 2385 1134 2439 καὶ
1156 2386 1216 2438 ἐν
1245 2384 1394 2456 αὐτῷ
1440 2386 1498 2438 ἐν
1536 2386 1835 2458 Πνεύματι,

244 2475 386 2545 πρὸς
416 2476 792 2546 καρποφορίαν
820 2476 989 2546 ζωῆς,
1018 2477 1139 2548 οὐχὶ
1164 2478 1263 2548 τῆς
1297 2478 1531 2550 ἀρχαίας
1574 2481 1670 2533 καὶ
1726 2498 1836 2535 πα·

243 2566 427 2630 λαιᾶς,
457 2566 593 2620 ἀλλά
612 2567 714 2638 τῆς
747 2569 805 2620 ὲν
826 2569 1107 2639 καινότητι
1128 2567 1363 2633 πίστεώς
1391 2587 1450 2623 τε
1477 2572 1572 2624 καὶ
1614 2571 1836 2643 ἀγάπης

241 2658 344 2727 τῆς
371 2659 449 2721 εἰς
472 2659 655 2713 αὐτόν.
692 2658 1110 2731 Διατηρούμεθα
1147 2660 1204 2713 δὲ
1238 2662 1374 2733 πρὸς
1405 2661 1466 2715 τὸ
1499 2661 1643 2733 ἔχειν
1671 2663 1732 2719 τὸ
1756 2660 1836 2718 εί-

242 2766 357 2814 ναι,
391 2752 843 2822 προσπεφυκότες
868 2751 1059 2823 ὥσπερ
1087 2751 1238 2823 αὐτῷ
1273 2753 1366 2807 καὶ
1416 2753 1585 2825 ἀπρὶξ
1640 2756 1837 2827 ἐχόμε-

240 2858 327 2894 νοι
352 2841 449 2912 τῆς
479 2841 877 2913 παραδοθείσης
917 2844 1048 2913 ἡμῖν
1084 2843 1247 2911 ἁγίας
1276 2845 1494 2915 ἐντολῆς
1525 2846 1619 2899 καὶ
1632 2846 1721 2901 διὰ
1738 2846 1834 2901 τοῦ

243 2931 441 2998 σώζειν
469 2934 789 3001 ἐπείγεσθαι
808 2933 870 2987 τὸ
908 2935 974 2988 ἐκ
995 2935 1093 3005 τῆς
1130 2936 1413 3003 εὐγενείας
1448 2937 1673 3006 ἀγαθὸν,
1691 2937 1833 2991 τοῦτ’

240 3022 382 3087 ἔστι,
430 3023 518 3077 διὰ
551 3024 646 3077 τοῦ
690 3024 767 3095 μὴ
814 3023 1101 3093 ἀνέχεσθαι
1150 3024 1379 3093 λυπεῖν,
1421 3028 1564 3081 κατά
1605 3046 1657 3081 τι
1703 3027 1834 3097 γοῦν

236 3114 379 3179 ὅλως
400 3116 459 3168 τὸ
488 3115 786 3169 ὲνοικισθὲν
809 3116 941 3185 ἡμῖν
962 3115 1117 3184 ἆγιον
1155 3115 1401 3187 Πνεῦμα,
1442 3118 1509 3171 δι’
1538 3111 1601 3172 οῦ
1647 3136 1831 3172 κατοι-

236 3209 361 3260 κεῖν
397 3206 495 3277 μὲν
515 3207 575 3260 ἐν
606 3208 737 3278 ἡμῖν
791 3208 989 3261 νοεῖται
1020 3206 1174 3271 Θεός.
1214 3209 1375 3264 Κατά
1410 3210 1533 3264 τίνα
1565 3210 1675 3283 γὰρ
1704 3212 1831 3283 τρό-

237 3316 347 3353 πον
375 3299 540 3370 ἐσμὲν
567 3302 624 3354 ὲν
658 3298 901 3371 Χριστῷ,
933 3298 1028 3353 xa‘t
1059 3300 1222 3365 αὐτὸς
1244 3302 1302 3356 ὲν
1339 3303 1493 3373 ἡμῖν,
1518 3303 1679 3365 αὐτὸς
1702 3306 1833 3375 ἡμῖν

237 3392 269 3444 ὁ
300 3392 463 3462 σοφὸς
494 3391 749 3462 Ἰωάννης
779 3378 1021 3464 ἐπιδείξῃ
1048 3392 1223 3461 λέγων
1248 3410 1263 3425 ο
1304 3413 1323 3446 ι
1368 3395 1457 3448 Ἐν
1479 3396 1652 3467 τούτῳ
1671 3396 1835 3466 γινώ-

240 3508 468 3562 σκομεν,
500 3493 586 3545 ὃτι
606 3493 775 3563 ἐσμὲν
802 3494 861 3545 ὲν
893 3491 1061 3562 αὐτῷ,
1108 3492 1202 3544 κα)⁵
1256 3490 1418 3553 αὐτὸς
1463 3491 1522 3542 ὲν
1561 3491 1714 3560 ἡμῖν,
1766 3490 1832 3541 ὲκ

238 3582 338 3636 τοῦ
373 3583 713 3654 Πνεύματος,
747 3579 808 3637 οὗ
832 3582 1001 3636 ἔδωκε
1030 3585 1217 3654 ἡμῖν.»
1252 3582 1362 3634 Καὶ
1394 3580 1652 3651 ἔμπαλινο
1684 3599 1702 3632 ι
1742 3581 1830 3633 Ἐν

235 3674 414 3745 τούτῳ
450 3674 812 3745 γινώσκομεν,
845 3675 929 3728 ὃτι
966 3676 1025 3727 ὲν
1063 3672 1212 3743 αὐτῷ
1233 3674 1421 3742 ἐσμεν.
1453 3701 1521 3711 -
1550 3672 1611 3723 Ὁ
1656 3670 1831 3739 λέγων

236 3768 299 3819 ἐν
326 3766 474 3837 αὐτῷ
501 3766 703 3837 μένειν,
734 3764 958 3834 ὀφείλει,
992 3763 1177 3828 καθὼς
1207 3765 1412 3827 ἐκεῖνος
1432 3763 1828 3834 περιεπάτησε,

237 3859 335 3912 καὶ
362 3858 526 3921 αὐτὸς
555 3860 901 3929 περιπατεῖν.
944 3876 962 3908 ι
998 3859 1063 3910 Ὅ
1090 3856 1315 3918 καὶτοῖς
1346 3852 1714 3925 ἀκροωμένοις
1733 3870 1831 3907 σα-

234 3947 501 4017 φέστερον
534 3947 803 4010 καθιστὰς
827 3987 843 4011 ,
887 3946 1030 3999 οὓτω
1064 3945 1198 4016 φησὶ
1247 3943 1411 3998 πάλιν
1437 3957 1449 3970 ·
1495 3962 1514 3994 ι
1551 3943 1609 3998 Ὀ
1644 3942 1829 4015 τηρῶν

236 4043 339 4103 τὰς
367 4039 588 4102 ἐντολὰς
618 4039 877 4104 αὑτοῦ,ὲν
891 4038 1039 4109 αὐτῴ
1055 4038 1206 4108 μένει
1228 4037 1322 4091 καὶ
1350 4034 1512 4099 αὐτὸς
1534 4036 1592 4089 ὲν
1619 4035 1822 4106 αὐτῷ.)

235 4132 301 4185 Et
323 4131 432 4202 γὰρ
469 4133 504 4202 ὴ
533 4131 766 4201 τήρησις
795 4128 903 4183 τῶν
928 4127 1182 4193 ἐντολῶν,
1232 4126 1332 4197 τὴν
1372 4128 1452 4191 είς
1486 4126 1647 4180 αὐτὸν
1686 4126 1825 4195 ἀγά-

232 4239 346 4293 πην
370 4222 686 4291 ἐργάζεται,
741 4218 1061 4290 κολλώμεθα
1086 4216 1247 4272 δὲδιά
1274 4217 1374 4288 τῆς
1416 4218 1636 4287 ἀγάπης
1676 4218 1827 4290 αὐτῷ

233 4313 355 4378 πῶς
383 4315 486 4367 οὐκ
513 4310 711 4383 ἀληθὲς
741 4314 799 4364 ὲν
841 4311 1054 4374 τούτοις
1098 4310 1348 4378 φαίνεται
1393 4309 1454 4362 τὸ
1495 4309 1823 4380 είρημένον;

234 4407 446 4476 ’Ὀνπερ
474 4404 582 4475 γὰρ
602 4404 803 4475 τρόπον
829 4403 928 4474 τῆς
950 4401 1193 4473 ἀμπέλου
1214 4401 1275 4454 τὸ
1296 4400 1538 4472 πρέμνον
1567 4401 1664 4472 τῆς
1687 4400 1825 4464 ἰδίας

1943 548 2082 596 tnrae
2110 544 2288 613 ipsius
2316 556 2605 601 consortes
2636 547 2704 613 ⁷³,
2735 550 3066 620 participato
3099 566 3296 625 nempe
3325 564 3519 608 sancto

1942 630 2154 702 Spiritu
2196 638 2443 705 (sanctus
2480 637 2628 691 enim
2654 635 2864 693 Christi
2904 637 3147 710 Spiritus
3179 656 3281 696 nos
3317 643 3365 696 ei
3389 657 3492 698 con

1936 725 2165 797 jungit),
2194 728 2297 784 hos
2324 716 2644 799 palmitibus
2682 745 2990 803 comparat.
3021 733 3224 789 Eorum
3255 737 3404 792 enim
3426 740 3516 808 qui

1939 819 2009 874 ad
2045 821 2209 876 vitem
2260 823 2536 878 accedunt
2585 825 2829 882 adhaesio
2878 827 3180 884 voluntatis
3222 835 3309 884 est
3356 836 3524 898 atque

1939 913 2250 983 propositi:
2303 914 2427 985 ejus
2462 925 2647 973 autem
2693 918 3014 989 conjunctio
3046 920 3359 984 nobiscum,
3394 919 3520 976 aﬁ‘e-

1939 1012 2063 1059 ctus
2097 1014 2151 1061 et
2183 1006 2551 1065 habitudinis.
2584 1008 2665 1064 Ex
2695 1010 2842 1066 bono
2872 1011 3078 1082 quippe
3107 1013 3391 1083 proposito
3421 1028 3523 1069 nos

1937 1096 2007 1150 ad
2040 1095 2323 1152 Christum
2378 1100 2720 1157 accessimus
2763 1117 2860 1171 per
2897 1101 3059 1158 ﬁdem
3087 1121 3100 1157 :
3132 1118 3307 1174 genus
3337 1111 3519 1159 autem

1938 1185 2112 1256 ipsius
2161 1188 2288 1244 facti
2340 1206 2557 1257 sumus,
2604 1191 2915 1263 adoptionis
2968 1194 3295 1265 dignitatem
3334 1194 3405 1250 ab
3456 1211 3522 1249 eo

1937 1282 2251 1338 consecuti.
2289 1281 2530 1350 Etenim,
2564 1285 2723 1355 juxta
2752 1296 3006 1342 sanctum
3062 1287 3315 1352 Paulum,
3361 1307 3380 1339 ι
3414 1288 3517 1355 Qui

1940 1373 2183 1431 adhaeret
2212 1374 2465 1441 Domino,
2493 1394 2641 1435 unus
2673 1380 2904 1449 spiritus
2939 1390 3025 1437 est
3049 1382 3117 1435 '°.
3159 1401 3177 1433 ι
3208 1380 3365 1437 Sicut
3389 1398 3521 1452 ergo

1939 1468 2069 1523 alibi
2116 1484 2217 1539 per
2266 1484 2455 1526 vocem
2492 1471 2774 1542 prophetae
2813 1472 2967 1529 basis
3007 1481 3062 1529 et
3098 1472 3518 1530 fundamentum

1938 1559 2256 1615 nominatus
2286 1569 2372 1617 est
2404 1561 2593 1633 (super
2625 1562 2808 1633 ipsum
2833 1564 2980 1618 enim
3012 1580 3113 1621 nos
3152 1565 3515 1632 adiﬁcantur,

1937 1657 1993 1704 ct
2045 1649 2259 1722 lapides
2298 1653 2603 1723 uuucupati
2646 1668 2838 1709 sumus
2863 1656 3111 1711 viventes
3144 1671 3209 1710 ac
3241 1657 3519 1727 spiritales

1940 1739 1995 1793 in
2043 1742 2420 1798 sacerdotium
2469 1752 2744 1813 sanctum,
2796 1747 2853 1802 in
2903 1747 3279 1803 habitaculum
3322 1749 3416 1804 Dei
3464 1751 3517 1804 in

1943 1830 2177 1901 Spiritu,
2221 1849 2325 1890 nec
2353 1835 2465 1890 alio
2487 1836 2652 1892 modo
2679 1853 2979 1908 possumus
3007 1840 3062 1895 in
3093 1841 3198 1896 hoc
3235 1842 3515 1905 aediﬁcari.

1938 1922 2049 1979 nisi
2096 1922 2356 1981 Christus
2411 1926 2572 1982 nobis
2618 1924 3038 1985 fundamentum
3090 1931 3257 1986 fuerit
3292 1932 3385 2003 3‘),
3428 1932 3519 1986 hic

1937 2026 2156 2083 quoque
2186 2012 2379 2068 eodem
2419 2031 2591 2071 sensu
2619 2018 2788 2072 vitem
2821 2018 3065 2088 seipsum
3105 2035 3233 2075 esse
3272 2020 3371 2086 ait,
3397 2021 3517 2090 pal-

1939 2105 2136 2160 mitum
2171 2108 2265 2176 qui
2293 2121 2359 2162 ex
2395 2098 2463 2163 ea
2494 2116 2627 2163 sunt
2656 2110 2815 2179 quasi
2852 2120 3085 2165 matrem
3123 2119 3179 2167 et
3217 2110 3514 2166 alumnam.

1937 2193 2266 2265 Regeneratl
2296 2198 2442 2253 enim
2472 2214 2667 2255 sumus
2691 2215 2759 2255 ex
2801 2200 2923 2270 ipso
2956 2210 3015 2257 et
3044 2202 3097 2256 iu
3128 2203 3269 2271 ipso,
3305 2202 3358 2256 in
3391 2201 3517 2271 Spi-

1937 2287 2065 2352 ritu,
2109 2285 2180 2341 ad
2216 2286 2509 2349 ferendum
2542 2289 2781 2346 fructum
2827 2291 2971 2357 vitae,
2999 2307 3108 2346 non
3138 2293 3340 2349 veteris
3368 2293 3517 2348 illius

1937 2388 1993 2435 et
2026 2380 2277 2447 exoletae,
2313 2380 2410 2436 sed
2458 2381 2579 2451 ejus
2607 2398 2730 2453 quae
2774 2384 3015 2439 novitate
3040 2384 3165 2439 vitae
3193 2392 3435 2451 constat,
3462 2395 3519 2440 et

1935 2487 2062 2543 erga
2092 2471 2270 2543 ipsum
2297 2473 2596 2530 charitate.
2629 2473 3042 2530 Conservamur
3068 2485 3249 2532 autem
3286 2475 3343 2531 in
3372 2491 3515 2544 esse,

1938 2560 2041 2632 ipsi
2083 2563 2493 2633 quodammodo
2541 2565 2761 2629 inserti,
2788 2572 2843 2620 et
2872 2565 3078 2621 tradito
3116 2565 3278 2621 nobis
3322 2576 3520 2622 sancto

1936 2655 2197 2710 mandato
2238 2654 2518 2711 mordicus
2555 2656 2913 2722 inhaerentes,
2948 2665 3007 2712 et
3048 2657 3358 2715 nobilitatis
3412 2660 3515 2713 bo-

1937 2761 2068 2799 num
2104 2761 2327 2802 servare
2357 2746 2663 2813 studentes,
2705 2746 2760 2801 id
2787 2757 2894 2813 εει,
2938 2762 3048 2801 non
3079 2749 3326 2804 sinentes
3358 2764 3489 2819 pror

1936 2854 2032 2895 sus
2089 2838 2487 2895 inhabitantem
2524 2839 2579 2893 in
2613 2838 2777 2896 nobis
2805 2838 3073 2910 Spiritum
3105 2840 3189 2895 vel
3224 2840 3516 2894 minimum

1936 2928 2277 2993 contristari,
2314 2944 2411 2999 per
2440 2944 2604 3000 quem
2638 2928 2889 2984 habitare
2942 2930 2999 2984 in
3034 2929 3200 2985 nobis
3244 2928 3389 2986 Deus
3434 2932 3518 2985 in-

1936 3022 2219 3092 telligitur.
2253 3018 2543 3087 Quomodo
2571 3021 2721 3076 enim
2768 3021 2941 3077 simus
2992 3013 3049 3076 in
3098 3021 3344 3087 Christo,
3388 3023 3516 3078 etis

1938 3114 1991 3168 in
2019 3114 2204 3177 nobis,
2239 3114 2355 3183 ipse
2387 3113 2547 3169 nobis
2580 3114 2800 3184 sapiens
2852 3111 3095 3168 Joannes
3125 3113 3404 3179 ostendat,
3430 3113 3516 3168 di-

1936 3222 2109 3261 cens:
2158 3224 2178 3258 ι
2220 3205 2277 3260 In
2304 3206 2412 3260 hoc
2440 3207 2832 3275 cognoscimus
2891 3205 3151 3276 quoniam
3197 3205 3253 3260 in
3301 3221 3366 3261 eo
3396 3221 3515 3260 ma-

1936 3312 2151 3363 nemus,
2189 3306 2244 3352 et
2276 3296 2398 3368 ipse
2453 3296 2506 3350 in
2540 3297 2721 3360 nobis,
2762 3296 3027 3366 quoniam
3059 3296 3128 3351 de
3171 3294 3380 3367 Spiritu
3412 3312 3515 3351 suo

1934 3392 2088 3447 dedit
2114 3389 2285 3462 858
2310 3390 2475 3445 nobis
2500 3390 2566 3443 θ’.
2610 3407 2627 3441 ι
2672 3389 2737 3443 Et
2766 3404 2996 3445 rursus:
3044 3408 3062 3441 ‹
3100 3388 3156 3442 lu
3182 3389 3287 3444 hoc
3318 3405 3517 3461 cogno-

1935 3484 2140 3539 scimus
2175 3484 2304 3552 quia
2363 3482 2419 3536 in
2454 3482 2576 3552 ipso
2622 3497 2816 3536 sumus
2836 3480 2905 3536 ⁸³.
2932 3510 3003 3521 -—
3037 3480 3142 3548 Qui
3189 3482 3327 3536 dicit
3362 3496 3422 3537 se
3457 3483 3511 3536 in
3570 3492 3574 3497 '

1934 3574 2054 3644 ipso
2098 3588 2343 3637 manere,
2384 3573 2568 3638 debet,
2610 3574 2756 3628 sicut
2788 3573 2881 3628 ille
2922 3572 3249 3638 ambulavit,
3294 3583 3349 3628 et
3396 3574 3515 3643 ipse

1931 3663 2214 3720 ambulare
2236 3664 2304 3719 “.
2340 3683 2359 3715 ι
2390 3663 2548 3729 Quod
2582 3663 2748 3718 etiam
2779 3663 3129 3718 auditoribus
3168 3664 3374 3718 clarius
3414 3680 3511 3733 pa-

1932 3754 2218 3820 tefaciens,
2254 3755 2331 3809 ita
2362 3771 2559 3811 rursus
2594 3755 2757 3809 inﬁt:
2812 3773 2832 3806 ς
2886 3755 2990 3821 Qui
3028 3762 3211 3809 servat
3260 3759 3511 3812 mandata

1930 3849 2074 3918 ejus,
2102 3848 2159 3903 in
2196 3849 2288 3902 illo
2314 3855 2520 3910 manet,
2552 3855 2607 3902 et
2636 3847 2755 3917 ipse
2782 3847 2837 3901 in
2872 3862 2941 3902 eo
2970 3848 3037 3901 ⁸⁸.
3077 3868 3096 3901 ι
3132 3846 3266 3903 Nam
3295 3849 3337 3902 si
3365 3865 3511 3903 man-

1930 3941 2185 3998 datorum
2234 3941 2550 3997 observatio
2586 3939 2941 3996 dilectionem
2989 3941 3043 3995 in
3080 3941 3260 4011 ipsum
3312 3957 3515 4012 opera-

1932 4044 2043 4099 tur,
2076 4044 2133 4090 et
2168 4048 2264 4104 per
2312 4033 2664 4088 dilectionem
2704 4032 2753 4088 ei
2786 4031 3198 4101 conjungimur,
3234 4034 3513 4103 quomodo

1931 4141 2041 4181 non
2092 4124 2181 4179 hic
2230 4139 2423 4180 verum
2467 4137 2594 4179 esse
2649 4122 2869 4178 videtur
2921 4120 3073 4192 quod
3123 4122 3337 4177 dictum
3384 4122 3514 4178 est?

1928 4214 2402 4282 Quemadmodum
2437 4214 2584 4269 enim
2627 4213 2788 4269 radix
2830 4213 3141 4268 naturalem
3181 4226 3336 4267 suam
3368 4229 3509 4285 qua-

1929 4306 2141 4360 litatem
2197 4305 2515 4378 palmitibus
2553 4304 2836 4375 impertit,
2894 4304 2975 4359 sic
3029 4304 3371 4375 unigenitum
3414 4305 3508 4363 Dei

1928 4396 2173 4452 Verbum
2221 4396 2317 4452 Dei
2383 4411 2448 4452 ac
2495 4394 2675 4451 Patris
2714 4411 2937 4465 sumque
2968 4402 3180 4449 natura:
3213 4394 3508 4466 quamdam

231 4499 329 4551 καὶ
358 4496 583 4566 ἐνούσης
615 4495 763 4566 αὐτῷ
793 4496 1075 4566 ποιότητος
1105 4494 1342 4565 φυσικῆς
1363 4494 1601 4549 διακονεῖ
1627 4511 1687 4547 τε
1728 4494 1823 4547 καὶ

1933 4489 2099 4546 veluti
2141 4489 2526 4560 cognationem
2580 4488 2794 4544 sanctis
2826 4488 3044 4551 inserit,
3095 4486 3363 4557 Spiritum
3402 4488 3511 4543 lar-

228 4591 479 4659 διανέμει
508 4592 621 4653 τοῖς
647 4589 889 4661 κλήμασι
912 4588 1009 4659 τὴν
1043 4587 1367 4653 ἀπόλαυσιν,
1402 4586 1575 4649 οὕτως
1607 4588 1636 4640 ό
1668 4603 1827 4655 μονο-

227 4683 396 4754 γενὴς
442 4682 536 4735 τοῦ
588 4682 725 4735 Θεοῦ
765 4682 960 4748 Λόγος,
982 4683 1083 4751 τῆς
1119 4697 1180 4733 τε
1215 4678 1308 4733 τοῦ
1333 4677 1469 4757 θεοῦ
1493 4679 1586 4732 καὶ
1610 4677 1824 4749 Πατρὸς

228 4774 327 4827 καὶ
373 4773 472 4844 τῆς
526 4772 721 4827 ἑαυτοῦ
759 4771 977 4842 φύσεως
1012 4771 1112 4841 τὴν
1153 4771 1320 4824 οἱονεὶ
1364 4770 1689 4839 συγγένειαν
1709 4771 1824 4833 τοῖς

226 4868 408 4935 ἀγίοις
444 4866 709 4939 ἐντίθησι,
745 4865 806 4919 τὸ
832 4863 1057 4935 Πνεῦμα
1084 4863 1289 4928 διδοὺς,
1323 4862 1419 4916 ἆτε
1454 4862 1519 4934 δὴ
1543 4863 1639 4917 καὶ
1698 4880 1825 4916 συν-

226 4959 510 5013 ενωθεῖσιν
540 4958 690 5028 αὐτῷ
713 4957 803 5011 διά
830 4974 891 5009 τε
924 4956 1022 5025 τῆς
1054 4956 1291 5019 πίστεως
1321 4954 1415 5008 καὶ
1447 4956 1546 5027 τῆς
1585 4956 1818 5010 είσάπαν

224 5053 507 5119 ὁσιότητος
541 5068 555 5081 ·
582 5051 770 5121 τρέφει
815 5050 873 5102 δὲ
919 5049 1057 5121 πρὸς
1099 5048 1404 5112 εὐσέϐειαν,
1456 5049 1551 5102 καὶ⁵
1599 5049 1819 5121 ἀπάσης

225 5144 414 5205 αὐτοῖς
442 5142 643 5212 ἀρετῆς
669 5141 763 5195 καὶ
790 5139 1163 5212 ἀγαθουργίας
1202 5140 1407 5208 εἴδησιν
1438 5139 1815 5211 ἐνεργάζεται.

228 5234 482 5305 Γεωργὸν
523 5233 583 5287 δέ
617 5251 750 5305 φησι
796 5233 889 5287 τὸν
923 5231 1165 5303 Πατέρα,
1210 5231 1301 5284 διὰ
1349 5231 1511 5286 ποίαν
1558 5228 1668 5305 ἆρα
1724 5234 1822 5287 καὶ

220 5326 385 5379 τοῦτο
417 5326 598 5380 αἰτίαν
627 5343 643 5391 ;
674 5326 810 5380 Οὐδὲ
840 5325 951 5397 γὰρ
979 5324 1311 5395 ἄπρακτοςῆ
1350 5323 1549 5395 ἀεργος
1569 5327 1649 5389 εἰς
1676 5326 1822 5397 ἡμᾶς

1922 4583 2079 4653 giens
2130 4581 2198 4636 iis
2246 4580 2598 4651 potissimum
2640 4580 2736 4649 qui
2768 4579 2908 4634 uniti
2946 4586 3074 4635 sunt
3107 4578 3157 4635 ei
3192 4594 3289 4651 per
3321 4578 3506 4645 ﬁdem,

1922 4683 1977 4732 et
2022 4674 2395 4730 omnimodam
2448 4672 2826 4737 sanctitatem,
2876 4687 3087 4743 eosque
3121 4672 3190 4727 ad
3248 4672 3506 4742 pietatem

1922 4769 2041 4833 alit,
2081 4768 2369 4837 omnisque
2398 4766 2621 4821 virtutis
2655 4781 2719 4820 ac
2754 4765 3017 4821 bonitatis
3053 4766 3419 4836 cognitionem
3449 4768 3506 4821 in

1922 4860 1990 4915 iis
2050 4867 2332 4929 operatur.
2397 4856 2710 4925 Agricolam
2774 4870 2907 4910 vero
2955 4854 3171 4911 Patrem
3236 4858 3505 4919 nominat,

1920 4968 2109 5023 quam,
2154 4965 2371 5021 precor,
2413 4950 2483 5004 ob
2532 4964 2757 5003 causam
2782 4949 2806 5001 ’ἒ
2830 4945 2944 5003 Nec
2973 4948 3119 5003 enim
3152 4950 3366 5004 otiosus
3413 4960 3508 5005 aut

1920 5050 2171 5098 cessator
2201 5056 2331 5111 erga
2378 5055 2479 5095 nos
2511 5048 2597 5095 est
2642 5039 2824 5103 Pater,
2867 5041 2998 5093 dum
3037 5038 3210 5095 Filius
3249 5056 3353 5097 nos
3404 5057 3507 5095 nu-

1922 5135 2018 5189 trit
2046 5149 2108 5188 ac
2142 5133 2287 5189 [Oret
2319 5134 2373 5187 in
2410 5140 2604 5187 sancto
2638 5130 2881 5202 Spiritu;
2918 5133 3012 5187 sed
3042 5133 3213 5186 totius
3239 5132 3508 5200 quodam-

1920 5227 2085 5283 modo
2129 5235 2295 5297 atque
2343 5224 2836 5280 consubstantialis
2890 5223 3181 5280 Trinitatis
3221 5240 3362 5293 opus
3418 5226 3504 5278 iu-

1921 5321 2193 5380 stauratio
2222 5328 2417 5375 nostra
2447 5327 2553 5385 est,
2584 5328 2639 5374 et
2672 5318 2742 5375 ad
2771 5326 2940 5374 totam
2976 5327 3231 5372 naturam
3259 5316 3502 5371 divinam

220 5421 250 5470 ὁ
282 5418 496 5491 Πατὴρ,
527 5417 819 5490 τρέφοντός
856 5434 917 5470 τε
950 5417 1047 5469 καὶ
1091 5416 1406 5486 συνέχοντος
1438 5418 1519 5480 είς
1555 5418 1617 5471 τὸ
1680 5415 1821 5473 εἶναι

1933 5416 2159 5470 Jertinet
2204 5413 2454 5467 omnium
2506 5428 2630 5481 quae
2669 5412 2738 5467 ab
2785 5412 2904 5483 ipsa
2944 5410 3084 5464 ﬁunt
3132 5409 3385 5463 voluntas
3437 5423 3504 5462 ac

223 5507 407 5571 καλῶς
432 5507 526 5560 τοῦ
553 5506 685 5559 Υίοῦ
709 5508 768 5561 ὲν
790 5506 931 5577 ἁγίῳ
947 5504 1244 5576 Πνεύματι,
1278 5504 1406 5574 ὅλης
1425 5505 1485 5558 δὲ
1501 5504 1689 5580 ὥσπερ
1717 5509 1817 5579 τῆς

223 5600 387 5667 ἀγίας
416 5599 511 5651 καὶ
539 5598 825 5668 ὁμοουσίου
855 5598 1085 5671 Τριάδος
1127 5596 1286 5670 ἔργον
1319 5600 1466 5651 ἐστὶν
1492 5601 1525 5671 ή
1554 5600 1660 5655 τῶν
1694 5603 1816 5657 καθ’

295 5710 343 5742 ’⁸
380 5709 425 5764 ll
466 5709 618 5763 Petr.
659 5726 707 5773 ι,
737 5710 791 5764 4,
867 5710 914 5743 ⁸⁰
948 5710 967 5762 1
1001 5710 1127 5765 Cor.
1165 5726 1255 5779 vt,
1294 5709 1380 5765 l7.

227 5797 305 5847 ιι,
335 5781 388 5835 6.
469 5782 513 5813 ⁸⁸
552 5779 571 5834 1
605 5779 767 5836 Joan.
806 5796 903 5850 ιιι,
944 5782 1034 5835 ει.

1483 5713 1523 5744 ⁸³·
1563 5717 1580 5767 1
1619 5714 1745 5771 Cor.
1786 5732 1881 5784 ιιι,
1920 5718 2005 5772 Η.

1925 5515 2190 5579 potestas.
2215 5503 2564 5575 Proindeque
2596 5505 2650 5559 in
2683 5503 2918 5560 solidum
2951 5503 3118 5557 etiam
3153 5500 3207 5555 in
3241 5514 3347 5553 una
3374 5516 3501 5569 per-

1925 5616 2059 5656 sona
2090 5615 2121 5656 a
2160 5599 2321 5655 nobis
2366 5597 2725 5670 gloriﬁcatur.
2765 5596 3113 5652 Servatorem
3156 5593 3359 5649 etenim
3405 5609 3505 5648 vo-

2110 5716 2153 5747 ”
2195 5713 2403 5770 lJoan.
2445 5715 2650 5783 Iv,13.
2756 5713 2802 5745 ⁸⁸
2837 5711 2974 5769 Ibid.
3018 5708 3104 5764 16.
3208 5709 3252 5741 ⁸⁸
3288 5707 3307 5763 Ι
3340 5707 3505 5774 Joan.
