3892 6202
383 352 490 407 5.35

1411 356 1469 410 ὃ.
1508 353 1785 410 CYRILLI
1810 351 2285 409 ALEXANDRINI
2323 353 2645 411 ARCHIEP.

3537 353 3652 408 356

383 484 575 524 camus
615 464 811 531 Deum,
846 483 955 523 non
1001 472 1232 527 seorsim
1267 472 1488 543 quidem
1518 469 1695 539 Patri,
1725 470 1942 527 seursin

2065 472 2213 542 ἡμᾶς
2242 471 2638 542 ἑπανόρθωσις,
2671 468 2767 524 καὶ
2796 466 2882 522 διὰ
2907 468 3085 538 πάσης
3118 466 3338 539 ἔρχεται
3369 467 3471 540 τῆς
3496 470 3652 534 θείας

380 572 563 615 autem
613 558 717 630 ipsi
768 558 932 627 Filio,
979 562 1097 617 sive
1146 574 1340 619 sancto
1386 563 1597 635 Spiritu
1648 564 1957 636 gratiarum

378 653 629 707 actiones
677 652 749 706 ob
788 667 850 707 ea
899 668 1021 724 qua:
1068 656 1509 712 misericorditer
1541 656 1825 712 consecuti
1862 670 1957 710 su-

378 759 501 799 mus
529 743 877 814 ,referentes,
914 746 1010 801 sed
1041 761 1233 801 revera
1262 747 1567 803 divinitatis
1609 747 1775 801 unius
1816 760 1956 815 Opus

377 843 626 889 nostram
654 837 886 891 salutem
919 851 1040 891 esse
1081 838 1347 894 dicentes.
1399 837 1554 893 Licet
1588 854 1719 910 ergo
1756 837 1957 907 cuique

376 942 626 997 personat
677 928 844 983 tribui
894 928 1147 984 videatur
1192 930 1400 1001 aliquid
1431 946 1622 985 eorum
1670 945 1793 1000 qua:
1823 943 1954 1000 erga

377 1035 499 1082 nos,
532 1026 622 1072 aut
650 1033 776 1089 erga
802 1027 1114 1074 creaturam
1149 1019 1310 1084 ﬁunt,
1355 1021 1720 1076 nihilominus
1771 1028 1955 1077 tamen

376 1111 653 1166 credimus
688 1122 885 1166 cuncta
909 1127 1032 1167 esse
1062 1127 1092 1165 a
1125 1111 1285 1166 Patre
1333 1129 1431 1183 per
1477 1112 1675 1168 Filium
1728 1113 1781 1167 in
1832 1112 1955 1184 Spi-

376 1204 508 1281 ritu.
557 1201 885 1259 Rectissime
934 1205 1118 1276 itaque
1172 1206 1448 1278 intelliges
1495 1206 1713 1262 Patrem
1762 1222 1865 1264 nos
1894 1208 1953 1263 in

376 1294 630 1365 pietatem
675 1297 899 1366 quidem
947 1298 1181 1365 nutrire,
1217 1315 1313 1370 per
1356 1298 1555 1355 Filium
1603 1300 1660 1355 in
1697 1299 1951 1371 Spiritu:

375 1402 611 1458 eumque
634 1404 830 1445 rursus
865 1404 995 1461 erga
1027 1405 1130 1446 nos
1159 1391 1415 1463 agricola:
1442 1394 1617 1447 vicem
1646 1408 1862 1464 gerere,
1896 1392 1954 1449 id

373 1490 457 1534 est
494 1483 809 1552 prospicere
844 1491 898 1537 et
930 1484 1249 1549 observare.
1284 1499 1495 1555 uosque
1524 1486 1675 1540 omni
1714 1500 1847 1540 cura
1871 1485 1955 1541 di-

374 1577 574 1644 rigere,
610 1591 704 1645 per
743 1573 940 1629 Filium
983 1575 1037 1629 in
1082 1574 1314 1646 Spiritu.
1349 1575 1441 1631 Sic
1473 1578 1620 1633 enim
1654 1592 1776 1633 meo
1795 1578 1952 1648 judi-

372 1667 462 1720 rio
505 1668 711 1721 rectius
759 1669 919 1738 longe
958 1682 1123 1737 quam
1174 1668 1285 1722 alio
1322 1670 1487 1724 modo
1535 1670 1953 1741 pliilosopliabi-

374 1773 518 1811 mur.
554 1756 686 1810 Nam
725 1758 772 1812 si
805 1759 1175 1815 concedemus
1215 1776 1666 1832 unumquemque
1713 1762 1949 1818 seorsim

2066 562 2283 631 φύσεως
2303 566 2337 635 ὴ
2354 565 2439 633 ἐφ’
2453 564 2626 618 ἅπασι
2642 566 2753 627 τοῖς
2772 563 2902 635 παρ’
2930 562 3098 633 αὐτῆς
3118 560 3413 632 δρωμένοις
3430 561 3653 632 θέλησίς

2061 672 2123 709 τε
2140 658 2233 709 καί
2257 655 2502 727 δύναμις.
2539 656 2637 710 Διὰ
2666 653 2825 709 τοῦτο
2855 656 2949 708 καὶ
2980 653 3292 725 ὁλοκλήρως
3331 653 3427 706 καὶ
3456 654 3514 706 tv
3565 655 3654 706 ἑνὶ

2064 746 2345 819 προσώπῳ
2376 749 2505 819 παρ’
2529 747 2685 819 ήμῶν
2716 747 3020 812 δοξάζεται.
3052 746 3281 817 Σωτῆρα
3307 744 3417 815 γὰρ
3445 743 3651 798 καλοῦ-

2067 854 2166 909 μεν
2186 836 2278 890 τὸν
2308 836 2439 891 Θεὸν
2463 839 2563 891 ούκ
2595 838 2702 892 άνά
2729 837 2895 909 μέρος
2920 838 3017 908 μὲν
3030 836 3111 909 τῷ
3131 836 3328 907 Πατρὶ,
3354 836 3456 889 άνὰ
3482 835 3653 907 μέρος

2060 927 2117 981 δὲ
2156 927 2304 1001 αὐτῷ
2322 927 2400 1000 τῷ
2431 929 2565 1000 Υἰῷ,
2606 929 2725 1001 ήτοι
2755 929 2832 1001 τῷ
2860 929 3001 1000 άγίῳ
3022 928 3303 1000 Πνεύματι
3334 927 3401 981 τά
3445 926 3530 997 ἑφ*
3563 922 3652 989 οἷς

2061 1020 2347 1093 ἡλεήμεθα
2368 1020 2798 1093 ἀποκομίζοντες
2824 1022 3180 1094 χαριστήρια,
3214 1021 3328 1074 ἀλλ’
3347 1020 3517 1084 ὅντως
3544 1019 3651 1089 τῆς

2065 1115 2195 1184 μιᾶς
2219 1113 2469 1185 θεότητος
2499 1114 2829 1186 κατόρθωμα
2863 1114 3112 1183 λέγοντες
3138 1114 3237 1184 τὴν
3286 1111 3495 1166 ἑαυτῶν
3541 1128 3647 1163 σω-

2060 1206 2275 1278 τηρίαν.
2305 1205 2424 1261 Κᾶν
2457 1206 2587 1277 γοῦν
2614 1207 2829 1278 ἑκάστῳ
2876 1205 3158 1278 προσώπῳ
3194 1202 3545 1275 διανέμεσθαι
3588 1218 3645 1255 τι

2060 1298 2192 1370 δοκῇ
2214 1296 2324 1353 τῶν
2350 1301 2430 1363 εἰς
2450 1300 2601 1370 ἡμᾶς
2642 1299 2964 1369 γεγονότων,
3007 1299 3125 1370 ήτοι
3167 1298 3276 1353 τῶν
3319 1297 3643 1369 ἐνεργουμέ-

2060 1408 2167 1444 νων
2224 1391 2351 1462 περί
2401 1390 2500 1463 τὴν
2552 1390 2753 1454 κτίσιν,
2786 1390 2901 1444 ἀλλ’
2944 1390 3094 1444 οὐδὲν
3126 1384 3290 1461 ἦττον
3313 1391 3644 1461 πιστεύομεν

2060 1484 2141 1537 ὅτι
2178 1484 2357 1537 πάντα
2385 1483 2502 1535 ἐστὶ
2537 1483 2687 1554 παρὰ
2724 1481 2817 1536 τοῦ
2857 1482 3071 1554 Πατρὸς
3103 1482 3171 1536 δι’
3216 1481 3346 1536 Υἱοῦ
3370 1484 3429 1535 ἑν
3471 1481 3643 1534 Πνεύ-

2063 1591 2214 1647 ματι.
2264 1575 2497 1646 Νοήσεις
2553 1571 2646 1629 οὖν
2696 1576 2803 1647 ἄρα
2844 1574 2941 1629 καὶ
2981 1574 3101 1629 λίαν
3140 1573 3318 1646 ὀρθῶς
3344 1575 3427 1628 ὅτι
3449 1574 3641 1649 τρέφει

2063 1669 2163 1740 μὲν
2188 1670 2336 1739 ἡμᾶς
2364 1670 2442 1732 εἰς
2468 1667 2751 1721 εὐσέϐειαν
2791 1670 2819 1721 6
2847 1667 3036 1739 Πατὴρ
3079 1669 3145 1722 δι’
3179 1668 3313 1722 Υίοῦ
3362 1669 3420 1721 tv
3472 1667 3645 1720 Πνεύ-

2061 1780 2192 1832 ματι
2217 1777 2235 1793 δ
2268 1763 2507 1833 γεωργεῖ
2526 1760 2583 1815 δὲ
2610 1756 2676 1815 αὗ
2704 1761 2883 1826 πάλιν,
2912 1760 3056 1815 τοῦτ’
3079 1761 3243 1824 ἐστιν,
3271 1761 3441 1833 ἐφορᾷ
3466 1777 3523 1813 τε
3547 1762 3643 1812 καὶ

372 1847 578 1918 aliquid
626 1849 843 1917 operari
894 1847 1042 1919 quod
1090 1849 1321 1905 alterius
1363 1866 1476 1907 nun
1514 1866 1641 1908 esse
1675 1851 1942 1918 dicamus.

2056 1854 2465 1919 ἑπισκέπτεται,
2501 1854 2597 1908 καὶ
2634 1853 2915 1927 φροντίδος
2937 1853 3037 1925 τῆς
3061 1852 3467 1926 ἑπανορθούσης
3500 1851 3644 1916 άξιοῖ

370 1956 501 1993 num
534 1940 821 2009 quisquam
861 1941 1123 2011 ambiget,
1153 1956 1278 1997 cum
1312 1942 1439 1997 vitis
1470 1940 1648 1999 Filius
1678 1960 1828 1999 nunc
1857 1960 1942 2017 ap-

2052 1946 2123 2000 δι’
2152 1945 2283 1999 Υίοῦ
2309 1947 2369 1999 tv
2398 1945 2698 2017 Πνεύματι.
2734 1943 3077 2016 Λογιούμεθα
3094 1944 3202 2015 γὰρ
3234 1943 3433 2015 μᾶλλον
3467 1942 3641 2006 οὕτως

370 2031 602 2099 pellalus
633 2034 728 2095 sit,
762 2032 924 2089 Pater
969 2041 1155 2087 autem
1206 2035 1469 2104 agricola,
1507 2050 1608 2090 nos
1630 2036 1701 2090 ali
1729 2034 1942 2106 quidem

2051 2036 2404 2109 ὀρθῶς,ήπερ
2434 2032 2527 2090 οὖν
2552 2035 2773 2106 ἑτέρως,
2794 2037 2935 2090 κατά
2962 2051 3026 2105 γε
3056 2034 3151 2089 τὸν
3182 2033 3453 2107 ἡμέτερον
3477 2032 3627 2086 νοῦν.

368 2122 601 2175 seorsim
636 2131 692 2176 et
720 2120 892 2178 foveri
929 2138 959 2177 a
994 2124 1116 2180 solo
1146 2122 1309 2190 Filio,
1338 2139 1369 2178 a
1412 2125 1573 2182 Patre
1602 2142 1737 2181 vero
1773 2127 1947 2182 solam

367 2226 469 2266 nos
500 2213 775 2267 culturam
806 2215 1046 2271 habere?
1077 2213 1189 2270 Viti
1215 2216 1363 2271 enim
1390 2217 1673 2287 proprium
1702 2227 1784 2274 est
1815 2235 1947 2275 suos

363 2306 581 2361 nutrire
613 2307 905 2377 palmites:
941 2309 1193 2380 agricolae
1232 2324 1366 2365 vero
1411 2310 1584 2382 859
1603 2312 1723 2381 ejus
1755 2327 1944 2367 curam

367 2398 591 2454 habere.
638 2397 744 2454 Sed
784 2402 832 2455 si
866 2412 1013 2457 recte
1041 2403 1314 2473 sapimus,
1352 2406 1583 2459 omnino
1622 2404 1949 2475 putabimus

368 2505 541 2560 neque
572 2490 710 2546 illud
744 2493 959 2563 absque
984 2494 1171 2561 Patre,
1204 2511 1385 2566 neque
1437 2495 1588 2550 aliud
1634 2497 1755 2551 sine
1805 2495 1945 2551 Filio

365 2598 459 2638 seu
497 2594 690 2640 saneto
725 2583 935 2655 Spiritu
969 2602 1201 2657 prorsus
1225 2589 1435 2659 peragi.
1483 2589 1695 2645 Cuncta
1729 2592 1878 2645 enim
1912 2606 1943 2645 a

364 2673 528 2730 Patre
564 2692 659 2746 per
692 2675 889 2732 Filium
926 2679 980 2733 in
1017 2677 1251 2749 Spiritu,
1292 2682 1460 2737 sicuti
1508 2681 1769 2737 diximus.
1816 2683 1943 2738 Sin-

363 2768 541 2836 gulari
578 2776 762 2823 autem
796 2771 1035 2826 consilio
1062 2769 1327 2827 Servator
1347 2773 1511 2828 etiam
1541 2789 1689 2829 nunc
1723 2773 1941 2829 Patrem

367 2862 609 2929 appellat
637 2861 937 2931 agricolam
966 2881 985 2930 ;
1010 2879 1176 2933 quam
1210 2880 1341 2919 vero
1386 2869 1458 2921 ob
1485 2881 1736 2931 causam,
1776 2882 1943 2938 grave

365 2968 475 3007 non
507 2954 612 3008 erit
639 2971 938 3025 exponere.
988 2957 1067 3014 Ne
1123 2962 1250 3030 quis
1298 2964 1447 3017 enim
1492 2970 1714 3033 putaret
1759 2964 1941 3018 solum

368 3043 721 3115 Uuigenitum
760 3049 937 3103 nostri
964 3066 1159 3105 curam
1193 3068 1382 3122 agere,
1414 3051 1637 3110 Patrem
1666 3069 1731 3110 ac
1767 3054 1939 3110 Deum

361 3136 531 3192 veluti
577 3148 998 3209 cooperatorem
1047 3142 1289 3209 induxit,
1321 3145 1563 3214 seipsum
1602 3144 1829 3215 quidem
1859 3145 1940 3199 vi-

2051 2129 2115 2185 El
2161 2130 2271 2203 γὰρ
2319 2132 2535 2201 ἑκάστῳ
2572 2128 2816 2201 δώσομεν
2851 2129 2954 2183 ἀνά
2999 2126 3166 2200 μέρος
3203 2125 3544 2199 ἐργάσασθαί
3583 2142 3639 2177 τι

2048 2225 2162 2279 τῶν
2185 2224 2308 2279 καθ’
2335 2225 2506 2296 ἡμᾶς,
2543 2222 2571 2277 6
2603 2224 2741 2295 μήτε
2762 2221 2859 2276 τοῦ
2902 2220 3089 2293 ἑτέρου
3117 2219 3279 2291 τυχὸν
3336 2216 3475 2274 εἷναί
3529 2237 3637 2289 φα-

2051 2334 2171 2390 μεν,
2198 2316 2317 2380 πῶς
2348 2317 2450 2370 οὐκ
2479 2314 2870 2387 ἀναμφίλογον,
2910 2312 2985 2377 ὡς
3007 2311 3234 2382 ἐπείπερ
3263 2310 3506 2380 ἄμπελος
3538 2310 3643 2379 μὲν

2047 2412 2075 2464 ὁ
2119 2408 2246 2472 Υἰὸς
2295 2406 2611 2478 ὠνόμασται
2652 2403 2771 2471 νῦν,
2826 2403 3072 2475 γεωργὸς
3120 2402 3177 2456 δὲ
3208 2404 3237 2455 6
3275 2402 3481 2472 Πατὴρ.
3514 2417 3641 2470 τρες-

2047 2496 2260 2567 φόμεθα
2314 2495 2414 2567 μὲν
2465 2494 2686 2563 ίδικῶς,
2749 2492 3087 2564 συνεχόμεθα
3136 2508 3196 2545 τε
3265 2492 3401 2562 πρὸς
3449 2490 3510 2543 τὸ
3574 2486 3635 2542 εὖ

2045 2585 2187 2643 εἶναι
2224 2587 2378 2659 παρὰ
2413 2588 2576 2658 μόνου
2639 2586 2735 2640 τοῦ
2781 2584 2934 2639 Υἱοῦ·
2992 2583 3141 2654 παρὰ
3180 2583 3236 2637 δέ
3272 2599 3334 2652 γε
3375 2582 3469 2635 τοῦ
3519 2581 3634 2635 Πα-

2042 2682 2172 2754 τρὸς
2213 2681 2378 2753 ψιλὴν
2434 2679 2632 2751 ἔχομεν
2695 2678 2795 2750 τὴν
2844 2676 3178 2747 ἑπίσκεψιν;
3225 2674 3480 2746 ’Δμπέλῳ
3536 2674 3635 2745 μὲν

2043 2778 2150 2848 γάρ
2188 2776 2251 2829 τὸ
2274 2775 2496 2848 τρέφειν
2536 2774 2735 2827 οίκεῖον
2768 2771 2838 2826 τὰ
2870 2772 2975 2826 ἴδια
3008 2770 3285 2841 κλήματα,
3338 2767 3417 2839 τῷ
3447 2768 3504 2823 δὸ
3536 2786 3637 2839 γη-

2042 2869 2298 2925 πονοῦντι
2354 2870 2419 2923 τὸ
2454 2864 2906 2921 ἑπισκέπτεσθαι.
2978 2861 3118 2917 Ἀλλ’
3153 2862 3267 2932 εῐγε
3328 2860 3638 2934 φρονοῦμεν

2042 2963 2239 3036 ὀρθῶς,
2267 2960 2590 3035 ἡγησόμεθα
2616 2958 2679 3032 δὴ
2714 2959 2953 3023 πάντως,
2985 2958 3069 3012 ὅτι
3097 2955 3221 3010 οὗτε
3261 2957 3437 3009 έκεῖνο
3464 2954 3638 3026 χωρὶς

2039 3055 2135 3110 τοῦ
2170 3055 2405 3127 Πατρὸς,
2428 3052 2553 3108 οὔτε
2595 3051 2702 3124 μὴν
2729 3051 2791 3105 τὸ
2817 3050 3005 3122 ἑτερον
3036 3048 3160 3119 δίχα
3184 3046 3276 3102 τοῦ
3297 3045 3447 3112 Υίοῦ,
3465 3047 3635 3117 ἠγουν

2041 3147 2135 3201 τοῦ
2172 3147 2336 3216 ἁγίου
2394 3145 2710 3216 Πνεύματος
2756 3139 3127 3213 κατορθώσειε
3168 3138 3230 3193 τὸ
3262 3140 3391 3194 πᾶν.
3438 3138 3629 3192 Πάντα

361 3238 470 3283 tem
520 3231 816 3289 nominans
853 3250 976 3303 qua:
1012 3236 1334 3305 palmitibus
1366 3236 1486 3292 suis
1519 3238 1690 3291 vitam
1739 3236 1941 3308 largia-

2044 3239 2154 3309 γάρ
2185 3238 2335 3311 παρά
2358 3215 2572 3307 Πατρὸς
2602 3236 2672 3290 δι’
2701 3233 2833 3288 Υἰοῦ
2860 3236 2917 3286 tv
2940 3231 3242 3303 Πνεύματι,
3275 3228 3632 3301 καθάπερ.εί-

361 3333 449 3375 tur
495 3331 547 3377 et
594 3322 1027 3394 fecunditatem;
1074 3326 1295 3382 Patrem
1344 3337 1528 3384 autem
1578 3330 1886 3400 agricolam
1923 3372 1939 3397 ,

360 3430 457 3484 per
488 3416 592 3470 hoc
620 3434 815 3473 rursus
842 3418 1047 3475 docens
1074 3420 1237 3475 aliam
1261 3422 1560 3492 quamdam
1583 3422 1785 3477 divina:
1809 3422 1942 3478 sub-

359 3515 575 3562 stautiae
619 3525 746 3579 erga
794 3525 895 3565 nos
931 3513 1313 3581 Operationem
1358 3512 1587 3584 peragi,
1641 3512 1941 3583 providen-

359 3602 489 3653 tiam
528 3601 791 3656 nimirum
843 3617 909 3658 ac
940 3618 1155 3661 curam.
1211 3602 1442 3660 Discere
1485 3606 1693 3676 quippe
1739 3620 1942 3660 conve-

359 3692 547 3748 niebat
578 3690 746 3747 Deum
780 3709 885 3749 nos
919 3709 1029 3749 non
1060 3701 1274 3749 tantum
1310 3712 1428 3751 sua:
1458 3705 1748 3753 consortes
1783 3707 1942 3752 natu-

357 3800 432 3840 rae
479 3782 679 3840 fecisse
710 3784 779 3848 ‘°.
827 3786 882 3839 in
919 3795 1114 3841 sancta
1146 3795 1202 3842 et
1228 3788 1701 3844 consubstantiali
1752 3787 1939 3843 Trini—

358 3884 468 3929 tate
514 3884 867 3945 conceptum,
911 3877 1006 3932 sed
1035 3886 1089 3932 et
1115 3880 1299 3934 nostri
1346 3894 1622 3935 summam
1664 3895 1855 3935 curam
1886 3890 1941 3936 et

358 3968 762 4043 providentiam
795 3984 979 4039 agere,
1021 3984 1188 4040 quam
1219 3971 1323 4027 sub
1348 3972 1707 4042 agricultura}
1754 3989 1941 4027 exem-

354 4059 447 4129 plo
478 4046 713 4115 recteet
740 4071 1116 4117 consentanee
1146 4062 1234 4118 hic
1261 4062 1654 4134 intelligimus.
1684 4063 1824 4118 Vitis
1871 4064 1941 4119 si-

353 4151 575 4221 quidem
628 4149 862 4221 ejusque
904 4151 1194 4222 palmitum
1250 4152 1396 4208 facta
1435 4154 1591 4223 prius
1630 4156 1939 4221 mentione,

352 4241 633 4313 quomodo
684 4257 797 4297 non
844 4244 1083 4299 maxime
1111 4244 1371 4300 convenit
1401 4245 1699 4316 agricolam
1745 4248 1834 4301 liic
1862 4248 1939 4303 si.

354 4335 630 4405 gniﬁcari,
660 4352 777 4407 quo
818 4351 1003 4392 rerum
1044 4338 1296 4393 omnium
1332 4339 1618 4410 inspector
1656 4342 1938 4411 guberna-

354 4436 554 4498 torque
602 4427 969 4497 signiﬁcatur,
1004 4430 1267 4485 nimirum
1306 4429 1501 4487 Deus?
1533 4430 1693 4498 Quod
1720 4434 1767 4488 si
1815 4448 1935 4488 cre-

2047 3331 2323 3403 ρήκαμεν.
2382 3325 2756 3399 οἰκονομικῶς
2815 3324 2874 3379 δὲ
2924 3321 3045 3378 λίαν
3093 3323 3188 3377 καὶ
3224 3321 3318 3378 νῦν
3361 3323 3391 3374 6
3440 3320 3634 3391 Σωτήρ

2042 3422 2289 3495 γεωργὸν
2321 3422 2575 3493 ὠνόμασε
2610 3420 2701 3474 τὸν
2746 3419 2996 3490 Πατέρα,
3024 3417 3119 3472 καί
3159 3434 3245 3479 τις
3292 3416 3399 3487 ἄρα
3437 3416 3629 3484 γέγονε

2040 3514 2231 3569 τούτου
2259 3514 2552 3584 πρόφασις,
2569 3511 2722 3567 οὐδὲν
2750 3510 2885 3575 ὅλως
2906 3512 3079 3564 εἰπεῖν
3104 3508 3360 3580 χαλεπόν.
3382 3507 3501 3561 Ἵνα
3521 3506 3629 3577 γὰρ

2046 3608 2122 3679 μή
2151 3624 2233 3671 τις
2261 3606 2443 3677 οἴηται
2486 3604 2649 3677 μόνου
2693 3602 2788 3657 τοῦ
2846 3600 3189 3671 Μονογενοῦς
3236 3600 3336 3672 τὴν
3383 3602 3467 3669 ἐφ’
3496 3602 3633 3669 ἡμῖν

2041 3697 2297 3769 γενέσθαι
2321 3695 2597 3770 φροντίδα,
2649 3693 2990 3765 συνεργάτην
3036 3691 3226 3762 ῶσπερ
3274 3690 3629 3759 είσκεκόμικε

2040 3784 2134 3840 τὸν
2162 3787 2381 3855 Πατέρα
2430 3785 2525 3839 καὶ
2578 3783 2732 3847 Θεὸν,
2791 3783 2982 3836 ἑαυτὸν
3023 3781 3121 3853 μὲν
3172 3779 3418 3850 ἄμπελον
3458 3777 3630 3832 εἰπὼν

2038 3879 2154 3941 τοίς
2188 3876 2337 3940 ἰδίοις
2392 3875 2633 3947 κλήμασι
2694 3872 3037 3946 χορηγοῦσαν
3088 3870 3187 3942 τὴν
3229 3870 3396 3942 ζωὴν,
3446 3869 3538 3922 καὶ
3565 3869 3626 3921 τὸ

2040 3968 2299 4025 δύνασθαι
2325 3969 2712 4040 καρποφορεῖν,
2746 3966 2994 4038 γεωργὸν
3036 3964 3094 4018 δὲ
3128 3965 3221 4017 τὸν
3245 3965 3581 4033 γεννήσαντα
3608 3978 3618 3988 ·

2040 4063 2136 4116 καὶ
2163 4060 2253 4116 διὰ
2273 4059 2461 4115 τούτου
2498 4057 2682 4126 πάλιν,
2716 4058 2911 4131 ἑτέραν
2959 4058 3149 4128 ὥσπερ
3176 4055 3301 4110 τινὰ
3343 4055 3443 4125 τῆς
3473 4056 3622 4118 θείας

2039 4150 2227 4214 οὐσίας
2250 4149 2537 4219 ἐνέργειαν
2590 4147 2688 4219 τὴν
2713 4148 2834 4203 κατ’
2868 4146 3156 4217 ἐπίσκεψιν
3185 4146 3501 4216 νοουμένην,
3542 4147 3623 4207 εἰς

2037 4243 2188 4313 ήμᾶς
2207 4240 2573 4295 ἐπιτελεῖσθαι
2600 4238 2886 4295 διδάσκων.
2919 4239 3067 4293 Ἔδει
3112 4238 3239 4309 γὰρ,
3274 4237 3382 4291 ἔδει
3418 4235 3622 4308 μανθά-

2036 4350 2151 4387 νειν
2179 4333 2348 4405 ⁴ήμᾶς,
2378 4332 2461 4396 ὡς
2487 4333 2551 4387 ού
2589 4332 2749 4404 μόνον
2789 4332 3080 4396 κοινωνοὺς
3130 4332 3232 4403 τῆς
3276 4329 3475 4385 ἑαυτοῦ
3519 4328 3621 4399 φύ-

2040 4444 2178 4491 σεως
2206 4426 2567 4499 ἐξειργάσατο
2626 4426 2760 4491 Θεὸς
2804 4428 2864 4481 tv
2914 4426 3047 4499 ἁγίᾳ
3090 4443 3151 4479 τε
3208 4425 3303 4480 καὶ
3344 4424 3618 4495 ὁμοουσίῳ

352 4520 537 4575 dimus
577 4514 910 4576 naturaliter
951 4520 1176 4593 quidem
1222 4538 1290 4579 ac
1331 4538 1461 4579 vere
1493 4522 1694 4579 Filium
1724 4540 1846 4581 esse
1877 4526 1933 4580 in

2044 4519 2232 4590 Τριάδι
2259 4517 2571 4591 νοούμενος’
2604 4518 2741 4573 ἀλλὰ
2779 4518 2875 4572 καὶ
2915 4518 3024 4573 τῶν
3068 4516 3189 4571 καθ’
3212 4516 3360 4588 ἡμᾶς
3394 4514 3617 4586 ἀκριϐε-

353 4626 457 4666 suo
495 4608 681 4676 Patre,
723 4619 779 4667 et
809 4611 1015 4669 habere
1045 4612 1102 4669 in
1131 4629 1232 4669 sua
1267 4623 1469 4670 natura
1518 4616 1762 4683 Patrem,
1799 4634 1932 4673 cun-

352 4713 443 4757 cta
481 4718 579 4774 per
614 4703 808 4759 ambos
836 4704 893 4758 in
925 4704 1138 4775 Spiritu
1182 4720 1284 4761 ceu
1322 4722 1389 4762 ex
1422 4722 1532 4762 una
1565 4708 1773 4764 deitate
1820 4726 1937 4779 per-

350 4806 609 4866 agentnr,
640 4812 745 4852 nec
778 4812 809 4851 a
841 4798 1005 4854 nobis
1039 4799 1255 4857 alendis
1282 4797 1450 4857 Pater
1489 4803 1843 4870 excludetur,
1878 4813 1934 4859 et

351 4906 382 4942 a
414 4890 591 4943 nostri
634 4890 860 4945 cultura
901 4888 1076 4948 Filius
1108 4908 1458 4965 nequaquam
1491 4896 1710 4952 alienus
1738 4912 1933 4953 cense-

351 4976 520 5039 bitur,
564 4974 731 5047 idque
752 4979 879 5049 jure
902 4980 1123 5036 merito.
1157 4978 1263 5036 Ubi
1299 4984 1450 5037 enim
1487 4994 1701 5040 natura:
1736 4986 1932 5040 identi-

348 5077 435 5124 ιιι
466 5082 563 5139 per
587 5069 774 5124 omnia
807 5069 1005 5127 similis
1038 5073 1307 5137 cernitur,
1343 5073 1421 5128 ibi
1447 5074 1705 5144 quamvis
1743 5076 1931 5131 multis

348 5160 629 5231 variisque
653 5160 834 5217 modis
861 5160 981 5217 ﬁeri
1016 5164 1285 5219 nonnulla
1330 5165 1648 5233 videantur,
1693 5181 1802 5220 non
1844 5176 1931 5222 est

348 5258 531 5306 tamen
572 5253 822 5323 operatio
850 5252 1091 5310 diversa.
1123 5254 1261 5310 Cum
1298 5263 1486 5312 autem
1520 5272 1629 5331 una
1681 5258 1755 5312 sit
1794 5258 1928 5313 sub-

349 5344 578 5410 Stantia,
628 5344 682 5400 id
716 5356 821 5413 est,
864 5360 992 5402 vera
1023 5353 1078 5401 et
1112 5347 1421 5402 secundum
1451 5357 1709 5404 naturam
1742 5349 1928 5408 Deitas

348 5437 404 5492 in
431 5439 607 5494 tribus
640 5437 1029 5510 hypostasibus
1067 5438 1433 5511 intelligatur,
1466 5440 1523 5497 in
1570 5440 1735 5499 Patre
1768 5445 1925 5499 nimi-

347 5544 492 5596 rum,
536 5538 591 5584 et
638 5530 801 5596 Filio,
841 5540 1145 5602 sanctoque
1191 5529 1425 5603 Spiritu,
1472 5535 1756 5605 quomodo
1809 5553 1920 5592 non

347 5619 867 5678 manifestissimum
899 5633 953 5678 et
996 5623 1370 5681 indubitatum
1401 5634 1487 5683 est
1538 5626 1916 5701 quodcunque

414 5794 462 5826 °'
495 5792 536 5848 ll
568 5790 715 5849 Pctr.
752 5809 802 5861 ι,
838 5794 891 5847 ι.

1965 4565 2013 4619 D

2039 4610 2242 4683 στάτην
2267 4606 2328 4665 εὖ
2366 4610 2512 4681 μάλα
2540 4613 2775 4665 ποιεῖται
2800 4609 2900 4682 τήν
2925 4609 3235 4678 ἐπίσκεψιν,
3255 4608 3332 4670 ὡς
3347 4609 3405 4660 tv
3428 4606 3619 4677 τρόπῳ

2032 4702 2310 4773 γεωργίας
2341 4701 2792 4773 παραὶήφθείσαν
2816 4704 2895 4767 εἰς
2921 4702 2983 4756 τὸ
3005 4701 3180 4774 παρὸν
3224 4698 3534 4762 ἀκολούθως
3555 4715 3615 4751 τε

2033 4792 2128 4848 καὶ
2163 4793 2369 4866 σφόδρα
2401 4792 2603 4857 καλῶς.
2640 4793 3153 4865 Προωνομασμένης
3181 4792 3293 4865 γάρ
3322 4790 3573 4863 ἀμπέλου
3597 4831 3613 4855 ,

2030 4885 2126 4941 καὶ
2150 4886 2258 4940 τῶν
2293 4885 2353 4951 ἑξ
2373 4886 2544 4958 αὐτῆς
2568 4886 2887 4957 κλημάτων,
2911 4885 3029 4950 πῶς
3054 4886 3117 4939 ού
3150 4885 3271 4939 λίαν
3314 4886 3374 4939 tv
3401 4884 3615 4949 τούτοις

2028 4979 2456 5052 πρεπωδεστάτη
2482 4978 2580 5034 τοῦ
2607 4979 2980 5051 γεωργοῦντος
3005 4980 3040 5051 ή
3078 4978 3335 5049 δήλωσις,
3384 4977 3479 5031 τὸν
3514 4978 3615 5029 ἑπ-

2027 5072 2201 5144 όπτην
2228 5073 2336 5127 τῶν
2359 5073 2499 5128 ὅλων
2530 5072 2628 5128 καὶ
2682 5074 3023 5145 ἐπιμελητὴν
3059 5073 3411 5145 εἰσφέρουσα,
3464 5070 3613 5124 τοῦτ’

2028 5163 2143 5218 ἑστι
2176 5164 2344 5233 Θεόν;
2378 5165 2441 5219 Εἰ
2494 5165 2552 5219 δὲ
2613 5166 3060 5238 πεπιστεύκαμεν
3108 5167 3189 5221 ὅτι
3236 5162 3482 5235 φυσικῶς
3514 5163 3612 5233 μὲν

2028 5258 2122 5311 xa't
2149 5258 2366 5329 άληθῶς
2402 5259 2552 5312 ἑστιν
2580 5259 2610 5313 6
2642 5258 2770 5323 Υίὸς
2800 5262 2858 5314 ἑν
2882 5257 2961 5331 τῷ
3020 5259 3139 5330 ἰδίῳ
3185 5257 3383 5329 Πατρὶ,
3411 5255 3526 5327 ἔχει
3552 5256 3611 5309 δὲ

2027 5351 2086 5403 ἑν
2120 5349 2228 5421 ἰδίᾳ
2254 5349 2415 5421 φύσει
2446 5351 2539 5405 τὸν
2570 5351 2930 5422 γεννήσαντα,
2967 5350 3146 5406 πάντα
3208 5349 3275 5404 δι’
3300 5350 3505 5419 ἀμφοῖν
3552 5348 3612 5399 ἑν

2031 5442 2327 5515 Πνεύματι,
2347 5443 2423 5509 ὼς
2456 5446 2521 5499 ἑκ
2552 5445 2680 5517 μιᾶς
2702 5444 2966 5515 Θεόττιτος
2996 5443 3493 5515 ἐπιτελεσθήσεται,
3515 5442 3612 5496 καὶ

2026 5532 2152 5588 οὔτε
2172 5534 2267 5589 τοῦ
2302 5535 2524 5607 τρέφειν
2576 5537 2724 5608 ήμᾶς
2775 5538 2806 5589 6
2838 5534 3028 5607 Πατήρ
3070 5533 3176 5601 ἔξω
3225 5532 3488 5599 κείσεται,
3513 5530 3611 5585 καὶ

2024 5626 2125 5698 τῆς
2150 5626 2235 5695 ἐφ’
2273 5628 2407 5699 ἡμῖν
2431 5627 2709 5701 γεωργίας
2732 5629 2833 5685 οὑκ
2877 5627 3156 5699 ἀλλότριος
3187 5628 3216 5682 6
3252 5626 3377 5691 Υίὸς
3401 5625 3572 5681 νοοῖτο
3589 5663 3607 5691 ,
