3892 6202
272 246 383 303 357

1325 249 1395 306 IN
1420 247 1710 307 IOANNIS
1745 247 2196 307 EVANGELIUM
2236 251 2363 307 LIB.
2393 251 2462 307 Χ.

3412 250 3518 309 338

271 367 369 421 καὶ
395 365 641 428 εἰκότως.
670 366 843 419 Ὅπου
866 365 975 438 γάρ
1000 383 1215 436 φυσεως
1240 367 1507 439 ταυτότης
1528 370 1585 424 ἐν
1609 368 1855 439 ἀπαραλ-

1967 369 2122 425 unius
2151 385 2296 440 Opus
2315 372 2544 435 dicitur,
2580 370 2632 426 id
2664 370 2831 426 totius
2861 385 2988 438 esse,
3023 376 3078 424 et
3109 369 3270 425 unius
3299 369 3519 424 deitatis

277 458 495 517 λάκτοις
523 458 716 529 ὁρᾶται
741 457 942 526 λόγοις,
972 459 1090 513 ἐκεῖ
1115 458 1178 512 τὸ
1202 460 1300 531 τῆς
1333 460 1614 531 ἐνεργείας
1660 463 1721 516 οὐ
1756 477 1850 530 με·

283 547 633 619 μερισμένον,
664 547 766 601 κᾶν
797 549 1058 613 ποικίλως
1083 567 1143 604 τε
1166 551 1264 604 καὶ
1307 550 1581 623 διαφόρως
1609 552 1852 623 ἐνεργεῖ-

281 637 406 691 σθαι
434 639 597 709 τυχὸν
628 640 798 694 νοοῖτό
828 658 957 695 τινι.
986 643 1132 706 Μιᾶς
1184 641 1241 695 δὲ
1266 643 1473 707 οὐσίας.
1526 641 1669 697 τοῦτ’
1698 642 1852 707 ἐστι,

276 732 377 803 τῆς
400 731 637 804 ἀληθοῦς
660 733 754 786 καὶ
785 732 924 788 κατά
959 733 1121 804 φύσιν
1155 733 1406 805 θεότητος
1432 736 1492 789 ἐν
1522 735 1699 806 τρισὶν
1723 734 1855 787 ὑπο-

273 824 500 879 στάσεσι
535 825 853 898 νοουμένης.
884 826 943 881 ἐν
991 844 1053 881 τε
1099 826 1177 900 τῷ
1206 828 1404 900 Πατρὶ,
1453 829 1619 899 φημὶ,
1652 828 1748 882 καί⁵
1776 826 1855 899 τῷ

276 917 391 989 Υἰῷ
420 918 517 973 καὶ
543 917 620 988 τῷ
646 918 787 989 άγίῳ
816 918 1117 989 Πνεύματι,
1160 918 1277 983 πῶς
1334 919 1395 973 οὐ
1430 920 1636 990 σφόδρα
1662 918 1856 991 τρανές

275 1010 666 1074 ἀνενδοιάστως
687 1009 831 1081 ἔχον,
850 1011 926 1075 ὡς
945 1012 1081 1083 ὅπερ
1103 1011 1169 1066 ἂν
1192 1012 1310 1077 ἐνός
1324 1029 1378 1066 τι
1394 1014 1557 1085 τυχὸν
1577 1013 1858 1086 ἐνέργημα

275 1100 526 1172 λέγηται,
553 1100 712 1154 τοῦτο
733 1101 831 1171 τῆς
862 1102 991 1172 ὅλης
1010 1103 1128 1156 ἐστὶ
1159 1103 1254 1156 καὶ
1287 1103 1417 1172 μιᾶς
1445 1102 1699 1176 θεότητος
1728 1107 1859 1161 ἀπο⁹

275 1192 539 1262 τέλεσμα,
577 1192 718 1247 κατά
758 1210 822 1261 γε
871 1192 962 1247 τὸν
988 1194 1045 1246 ἐν
1074 1193 1301 1264 δυνάμει
1342 1197 1410 1267 τῇ
1442 1198 1645 1268 φυσικῇ
1674 1195 1855 1267 λόγον.

277 1282 390 1336 Καὶ
416 1282 546 1351 γοῦν
575 1285 604 1336 ό
643 1282 848 1355 Κύριος
874 1285 905 1354 ἡ
915 1283 1031 1354 μῶν
1062 1284 1271 1356 Ἰησοῦς
1297 1286 1552 1358 Χριστὸς,
1591 1290 1859 1362 συνεργά-

278 1389 379 1443 την
431 1372 517 1441 ἐφ’
560 1371 734 1426 ἅπασι
794 1374 887 1428 τὸν
944 1375 1161 1447 Πατέρα
1217 1377 1689 1449 παραδεχόμενος,
1746 1382 1859 1445 τοῖς

278 1463 515 1527 ἀνοσίοις
554 1463 831 1529 Ἰουδαίοις
859 1468 991 1519 ποτὲ
1033 1467 1331 1539 προσέμιξε
1368 1469 1577 1540 λέγων’
1634 1491 1654 1523 ι
1682 1472 1859 1527 Πολλά

282 1556 419 1610 καλὰ
447 1556 587 1628 έργα
619 1557 795 1625 ἔδειξα
816 1558 943 1630 ὑμῖν
971 1561 1037 1614 ἐκ
1064 1560 1158 1615 τοῦ
1186 1562 1399 1633 Πατρός
1424 1581 1547 1634 μου,
1597 1564 1684 1620 διὰ
1707 1569 1859 1621 ποῖον

282 1649 462 1703 αὐτῶν
485 1649 645 1721 ἔργον
672 1650 920 1716 λιθάζετέ
957 1670 1026 1724 με
1049 1671 1064 1720 ;
1087 1672 1105 1705 ι
1123 1654 1235 1707 Καὶ
1262 1654 1422 1708 πάλιν
1442 1655 1693 1727 περὶτῆς
1719 1656 1857 1712 κατά

280 1739 342 1793 τδ
357 1738 636 1793 Σάϐϐατον
657 1740 919 1813 ἐργασίας
940 1754 955 1769 ’
991 1760 1011 1793 ι
1057 1741 1116 1796 '0
1153 1743 1344 1815 Πατήρ
1379 1760 1503 1814 μου,
1538 1745 1724 1814 φησὶν,
1757 1746 1860 1810 ἓως

231 1856 235 1860 ι
282 1831 408 1901 ἀρτι
434 1829 750 1901 ἐργάζεται,
784 1831 941 1902 κάγὼ
964 1832 1288 1904 ἐργάζομαι.
1308 1835 1418 1888 Καὶ
1446 1830 1545 1890 οὐκ
1562 1837 1650 1901 ἂν,
1685 1834 1857 1906 οἶμαι,

281 1923 365 1985 τὶς
395 1921 607 1995 οἰηθείη
634 1921 813 1991 λέγειν
836 1923 1022 1991 αὐτὸν,
1055 1922 1132 1987 ὡς
1165 1924 1269 1978 ἀνά
1301 1925 1468 1996 μέρος
1493 1925 1591 1996 μὲν
1610 1929 1639 1980 6
1671 1927 1862 2001 Πατὴρ

282 2012 516 2083 ἐργάται
544 2031 596 2068 τι
620 2013 728 2067 τῶν
755 2015 886 2087 περ)⁹
919 2015 1017 2086 τὴν
1045 2016 1244 2082 κτίσιν,
1291 2018 1394 2072 ἀνὰ
1422 2018 1667 2090 μέροςδέ
1702 2020 1862 2075 πάλιν

282 2104 313 2158 6
337 2105 485 2169 Υἰός·
518 2105 706 2174 ἐπειδὴ
734 2106 790 2160 δὲ
808 2107 876 2160 δι’
898 2106 1033 2161 Υἱοῦ
1060 2106 1129 2162 τὰ
1150 2108 1333 2164 πάντα
1359 2113 1386 2164 ό
1416 2110 1626 2182 Πατὴρ.
1644 2112 1739 2165 καὶ
1764 2112 1864 2166 οὐκ

282 2194 350 2249 ἀν
383 2197 583 2269 ἑτέρως
610 2198 904 2269 ἐργάσαιτό
926 2216 981 2253 τι
1004 2200 1110 2253 τῶν
1134 2202 1350 2255 πώποτε
1374 2196 1546 2271 (οὗτος
1565 2204 1673 2274 γάρ
1717 2205 1863 2258 ἐστιν

282 2290 321 2358 ἢ
350 2290 509 2360 σοφία
565 2290 660 2344 καὶ
697 2292 731 2363 ἡ
760 2290 987 2363 δύναμις
1016 2294 1180 2347 αὑτοῦ
1203 2292 1245 2366 ),
1280 2294 1369 2350 διὰ
1388 2295 1543 2351 τοῦτο
1574 2295 1680 2349 τῶν
1721 2296 1864 2351 ἰδίων

282 2382 461 2453 ἔργων
496 2384 733 2457 ἐργάτην
762 2384 921 2439 πάλιν
968 2386 1218 2457 ὠνόμασε
1246 2386 1337 2440 τὸν
1371 2387 1609 2459 Πατέρα,
1661 2387 1861 2442 εἰπών·

292 2492 312 2528 ι
365 2475 484 2528 Ἀπ’
514 2475 753 2546 ἐμαυτοῦ
807 2476 947 2531 ποιῶ
998 2477 1185 2544 οὐδὲν,
1232 2478 1345 2532 ἀλλ’
1377 2482 1406 2533 6
1445 2480 1633 2551 Πατὴρ
1659 2482 1717 2534 ἐν
1741 2480 1866 2550 ἐμοὶ

291 2563 463 2633 μένων
494 2565 724 2618 ποιεῖτά
753 2563 889 2636 ἔργα
918 2565 1102 2628 αὑτός.
1133 2586 1151 2619 ι
1182 2563 1351 2638 Οἶμαι
1396 2568 1495 2638 μὲν
1548 2564 1642 2623 οὖν
1696 2586 1866 2641 προσ-

285 2656 444 2725 ήκειν
477 2658 624 2727 ἡμᾶς
650 2658 749 2729 οὐχ
783 2657 1181 2731 ἐτέρωςῆτῇδε
1214 2661 1375 2724 νοεῖν,
1422 2659 1498 2724 ὡς
1535 2660 1593 2714 ἐν
1616 2660 1865 2732 ἀμπέλου

290 2746 390 2816 μὲν
415 2746 565 2814 τάξει
594 2749 809 2804 κεῖσθαι
839 2750 1097 2821 Χριστὸν,
1125 2751 1272 2820 ἡμᾶς
1291 2750 1348 2804 δὲ
1376 2751 1672 2822 κλημάτων
1701 2753 1868 2825 ἠρτῆ-

290 2837 416 2893 σθαι
439 2838 615 2911 δίκην,
645 2843 1029 2913 πιαινομένους
1067 2842 1256 2913 ὥσπερ
1300 2846 1368 2914 τῇ
1416 2845 1599 2915 χάριτι
1643 2845 1739 2900 καὶ⁹
1768 2845 1867 2917 τὴν

290 2927 378 2982 διὰ
415 2929 512 2982 τοῦ
539 2929 852 3001 Πνεύματος
884 2934 1207 2995 ἐκπίνοντας
1234 2933 1462 3005 δύναμιν
1487 2937 1566 2999 εἰς
1585 2953 1868 3008 καρποφο-

294 3020 415 3089 ρίαν
450 3024 845 3094 πνευματικήν.
877 3024 1092 3097 Ἐπειδὴ
1115 3025 1172 3079 δέ
1201 3026 1362 3081 πάλιν
1390 3028 1537 3099 ἡμᾶς
1557 3027 1868 3097 ὀρθοποδεῖν

293 3112 582 3181 ἑλομένους
603 3114 633 3166 6
656 3114 855 3187 πικρὸς
870 3115 980 3170 τῶν
994 3116 1061 3170 δι’
1084 3116 1332 3182 ἐναντίας
1355 3121 1673 3190 περικροτεῖ
1693 3119 1869 3188 λόγος,

290 3206 389 3259 καὶ
417 3205 729 3260 ἀναπείθειν
759 3209 1077 3280 πειρᾶταιά
1109 3211 1185 3281 μὴ
1216 3210 1375 3282 θέμις
1414 3213 1636 3277 ἐννοεῖν,
1669 3213 1876 3284 φανερὰ

294 3301 406 3362 τοῖς
437 3300 809 3371 ἀκροωμένοις
861 3304 1279 3373 καταστήσομεν
1314 3302 1623 3367 συνελόντες
1662 3303 1876 3372 λόγοις,

297 3389 441 3461 άπερ
492 3408 577 3455 τις
626 3392 850 3447 ἐκείνων
904 3395 962 3448 ἐν
1003 3397 1235 3467 μακροῖς
1294 3394 1605 3449 συντέθεικε
1654 3396 1875 3466 στίχοις.

298 3502 323 3534 τι
355 3478 429 3537 Εὖ
486 3484 595 3555 γὰρ
646 3483 819 3554 δήτοι,
850 3486 1034 3558 φησὶν,
1086 3486 1116 3538 ό
1168 3485 1482 3557 Μονογενὴς
1516 3485 1766 3557 διήλεγξέ
1818 3502 1878 3539 τε

298 3574 392 3627 καὶ
423 3575 868 3643 καταγελάστους
897 3577 1166 3649 ἀπέφηνε,
1222 3577 1349 3642 τοὺς
1386 3576 1668 3648 οἰομένους
1719 3577 1880 3633 αὑτὸν

292 3664 581 3736 όμοούσιον
606 3661 746 3721 εἷναι
768 3666 845 3738 τῷ
881 3668 1002 3741 Θεῷ
1022 3670 1116 3723 καὶ
1166 3670 1362 3741 Πατρίτ
1410 3669 1544 3723 Ἰδοὺ
1568 3669 1677 3740 γὰρ
1703 3669 1882 3740 ἀμπεο

297 3758 387 3811 λον
414 3755 604 3810 ἑαυτὸν
624 3756 882 3829 ὀνομάζει
914 3760 1123 3830 σαφῶς,
1160 3761 1407 3832 γεωργὸν
1435 3759 1494 3814 δὲ
1523 3760 1615 3812 τὸν
1636 3758 1878 3829 Πατέρα.

299 3854 512 3926 Ὥσπερ
543 3850 636 3910 οὖν
666 3855 726 3908 οὐ
758 3854 953 3908 ταυτὸν
976 3855 1055 3918 εἰς
1071 3853 1286 3918 οὐσίαν,
1314 3850 1559 3923 ἀμπελός
1596 3867 1676 3914 τε,
1707 3850 1879 3921 φησὶ,

298 3946 395 4000 καὶ
436 3946 679 4017 γεωργὸς
734 3947 830 4019 (τὸ
874 3947 973 4018 μὲν
1038 3947 1147 4016 γὰρ
1208 3945 1385 4013 ξύλον,
1443 3946 1472 3998 6
1502 3943 1560 3997 δέ
1585 3943 1731 3996 ἐστιν
1785 3944 1882 3999 άν-

298 4036 585 4109 θρωπος),
622 4038 885 4109 ἀλλογενῆ
910 4039 967 4092 δέ
996 4038 1192 4104 ταῦτα,
1241 4036 1336 4091 καὶ
1361 4034 1660 4108 ἑτερόφυλα
1688 4052 1884 4089 παντε-

296 4128 425 4193 λῶς·
452 4128 624 4193 οὕτως
646 4130 744 4201 οὐχ
768 4128 1055 4202 ὀμοούσιος
1075 4132 1103 4183 6
1136 4129 1264 4192 Υἱὸς
1289 4128 1367 4198 τῷ
1402 4128 1601 4197 Πατρὶ,
1630 4126 1883 4199 διέστηκε

295 4221 354 4276 δὲ
378 4223 517 4277 κατά
540 4222 675 4278 πολὺ
699 4223 793 4277 καὶ
818 4223 1082 4294 οὐσιώδης
1127 4222 1324 4285 αὐτοὺς
1362 4220 1593 4292 διείργει
1625 4220 1803 4290 λόγος,
1834 4221 1887 4273 et

296 4332 361 4383 γε
394 4316 423 4369 6
449 4316 550 4387 μὲν
576 4316 692 4371 ἔστι
714 4317 981 4389 γεωργὸς,
1004 4318 1032 4370 6
1080 4315 1138 4369 δὲ
1166 4314 1431 4386 ἄμπελος.
1476 4314 1599 4369 Ὀτι
1637 4312 1744 4384 γὰρ
1783 4313 1884 4365 οὐκ

1891 3064 1939 3124 C

1954 476 2115 532 opus,
2143 462 2407 519 naturalis
2440 464 2701 537 nimirum
2756 463 3044 535 potestatis
3077 461 3335 517 ratione?
3366 459 3521 518 Unde

1954 551 2219 609 Dominus
2266 561 2459 610 noster
2489 553 2651 611 Jesus
2682 554 2937 610 Christus
2994 562 3411 623 c00peratorem
3466 554 3519 608 in

1954 644 2171 699 cunctis
2220 643 2439 700 Patrem
2486 645 2716 708 habens,
2750 660 2878 700 cum
2910 644 3116 700 Iudaeis
3170 647 3355 715 impiis
3387 648 3518 700 olim

1954 735 2283 791 versabatur
2309 736 2533 793 dicens:
2573 757 2591 790 ι
2621 736 2790 791 Multa
2811 736 2953 791 bona
2985 752 3150 807 opera
3179 738 3396 793 ostendi
3423 754 3519 790 vo—

1954 826 2043 883 bis
2079 842 2149 882 ex
2199 826 2362 883 Patre
2409 842 2535 883 meo
2564 843 2577 879 :
2610 835 2831 899 propter
2863 826 3009 897 quod
3044 842 3234 882 eorum
3262 842 3402 898 opus
3437 845 3523 882 Ine

1954 919 2215 991 lapidatis
2245 919 2333 975 '7?
2358 940 2378 972 ι
2409 920 2475 975 Et
2504 935 2703 977 rursus
2751 921 2819 976 de
2850 920 2998 975 facto
3030 920 3082 974 in
3110 920 3199 976 die
3250 921 3478 975 Sabbati
3508 940 3519 973 :

1961 1029 1981 1063 ι
2019 1009 2180 1067 Pater
2226 1025 2404 1077 meus,
2445 1009 2647 1080 inquit,
2694 1024 2873 1079 usque
2927 1008 3087 1066 modo
3134 1016 3420 1079 operatur,
3470 1017 3524 1063 et

1956 1117 2059 1172 ego
2088 1116 2291 1172 operor
2314 1100 2381 1156 ⁸⁸.
2422 1119 2442 1154 ι
2470 1098 2658 1171 Neque
2677 1100 2990 1156 censuerim
3018 1102 3332 1172 quempiam
3373 1100 3525 1154 arbi-

1955 1195 2095 1251 trari
2141 1210 2267 1249 eum
2317 1193 2525 1258 dicere,
2579 1191 2798 1248 Patrem
2829 1191 3051 1262 quidem
3083 1192 3249 1264 830
3287 1192 3521 1247 seorsim

1957 1285 2166 1356 aliquid
2206 1284 2358 1341 circa
2405 1292 2713 1339 creaturam
2767 1282 3014 1352 operari,
3056 1283 3288 1338 seorsim
3344 1292 3523 1335 autem

1959 1379 2158 1434 Filium
2184 1396 2201 1432 ε
2238 1375 2336 1433 sed
2363 1391 2490 1430 cum
2516 1375 2707 1431 omnia
2745 1372 2908 1429 Pater
2935 1388 3030 1443 per
3052 1373 3274 1437 Filium,
3302 1388 3405 1427 nec
3433 1372 3528 1425 ali-

1959 1478 2044 1525 ter
2074 1468 2209 1540 quid
2237 1475 2498 1539 operatus
2532 1481 2774 1536 unquam
2807 1465 2973 1520 fuerit
3002 1465 3116 1537 (hic
3145 1464 3291 1519 enim
3326 1470 3410 1518 est
3439 1477 3529 1516 sa-

1963 1563 2169 1635 pientia
2212 1568 2269 1616 et
2317 1562 2493 1615 virtus
2546 1558 2715 1628 ejus),
2776 1556 2988 1612 idcirco
3034 1553 3251 1609 Patrem
3300 1568 3525 1608 suorum

1961 1666 2190 1721 operum
2237 1649 2502 1705 factorem
2554 1662 2751 1703 rursus
2786 1644 3116 1708 nominavit,
3154 1643 3382 1698 dicens:
3426 1660 3445 1694 ι
3488 1644 3529 1695 Α

1893 1712 1935 1768 Β
1964 1745 2173 1815 meipso
2208 1743 2346 1798 nihil
2390 1741 2558 1803 facio,
2584 1739 2680 1796 sed
2726 1737 2891 1794 Pater
2918 1737 2972 1791 in
3014 1751 3102 1792 me
3129 1748 3376 1795 manens,
3414 1733 3530 1803 ipse

1960 1836 2099 1890 facit
2133 1849 2301 1905 opera
2330 1833 2397 1887 ⁸⁸.
2452 1852 2470 1885 ο
2516 1830 2775 1886 Arbitror
2819 1829 3007 1898 itaque
3050 1842 3159 1881 non
3199 1839 3322 1881 esse
3373 1823 3531 1876 aliter

1959 1928 2111 1985 istud
2143 1927 2305 1982 nobis
2326 1923 2685 1996 capiendum,
2717 1922 2823 1977 nisi
2848 1919 3127 1975 Christum
3154 1915 3374 1987 quidem
3402 1913 3531 1969 vitis

1962 2022 2086 2077 loco
2126 2019 2392 2089 positum,
2440 2031 2545 2071 nos
2596 2022 2783 2069 autem
2826 2011 3117 2082 palmitum
3152 2009 3326 2064 instar
3350 2006 3421 2060 ab
3463 2020 3532 2060 co

1958 2113 2229 2185 pendere,
2266 2111 2442 2180 gratia
2469 2106 2639 2163 veluti
2668 2104 2979 2175 saginatos,
3007 2108 3061 2156 et.
3090 2100 3353 2156 virtutem
3382 2097 3531 2152 illam

1964 2221 2086 2278 quae
2113 2219 2208 2275 per
2245 2201 2516 2273 Spiritum
2556 2205 2647 2255 est
2692 2196 2980 2251 ebibentes
3036 2194 3092 2247 in
3141 2188 3531 2245 fecunditatem

1962 2276 2296 2364 spiritalem.
2328 2288 2436 2344 Sed
2456 2286 2717 2358 quoniam
2748 2298 2851 2338 nos
2870 2283 2926 2337 in
2952 2280 3205 2357 doctrina
3236 2276 3357 2333 (idei
3386 2282 3534 2332 recte

1962 2382 2312 2442 ambulantes
2336 2382 2653 2450 importuna
2682 2376 3071 2430 haereticorum
3094 2369 3389 2426 contundit
3416 2383 3536 2421 ora-

1967 2477 2066 2539 tio,
2094 2483 2148 2529 et
2195 2468 2530 2543 persuadere
2568 2473 2810 2522 conatur
2839 2478 2959 2535 quae
2992 2478 3061 2518 ne
3095 2463 3280 2515 animo
3309 2458 3534 2529 quidem

1967 2568 2053 2623 Ias
2082 2567 2158 2621 sit
2198 2564 2464 2635 cogitare,
2514 2574 2578 2616 ea
2622 2558 2803 2630 palam
2845 2555 3193 2611 auditoribus
3244 2552 3534 2615 faciemus,

1966 2654 2161 2731 paucis
2186 2656 2614 2726 complectentes
2640 2665 2764 2722 qua:
2799 2648 2988 2703 multis
3018 2645 3270 2701 versibus
3311 2643 3537 2713 quidam

1961 2766 2156 2807 eorum
2200 2746 2481 2802 edisserit.
2517 2762 2536 2795 ι
2572 2742 2739 2796 Recte
2766 2738 2937 2801 enim,
2970 2735 3169 2806 inquit,
3202 2731 3539 2803 Unigenitus

1968 2841 2319 2912 reprehendit
2358 2852 2421 2892 ac
2462 2834 2728 2890 ridiculos
2754 2846 2877 2886 esse
2912 2827 3156 2884 ostendit
3189 2841 3287 2882 eos
3317 2825 3410 2895 qui
3443 2839 3542 2895 pu-

1966 2942 2085 2990 tant
2134 2933 2313 3002 ipsum
2365 2944 2491 2985 esse
2535 2926 2646 2981 Deo
2682 2939 2746 2980 ac
2792 2922 2942 2977 Patri
2988 2918 3543 2976 consubstantialem.

1972 3028 2114 3082 Ecce
2145 3024 2295 3081 enim
2326 3024 2494 3078 vitem
2531 3022 2778 3090 seipsum
2810 3023 2997 3087 aperte
3026 3014 3295 3076 nominat,
3328 3010 3545 3065 Patrem

1978 3128 2161 3174 autem
2203 3115 2523 3188 agricolam.
2550 3107 3031 3178 Quemadmodum
3078 3120 3209 3175 ergo
3251 3118 3363 3158 non
3392 3102 3546 3172 ejus-

1978 3213 2101 3268 dem
2134 3209 2465 3266 substantia:
2494 3212 2624 3260 sunt
2659 3202 2813 3266 vitis,
2843 3198 3043 3269 inquit,
3073 3205 3127 3252 et
3158 3196 3399 3266 agricola
3431 3194 3545 3261 (illa

1978 3303 2125 3358 enim
2164 3300 2394 3370 lignum,
2435 3295 2529 3349 hic
2576 3294 2742 3348 homo
2783 3290 2931 3361 est),
2976 3289 3073 3343 sed
3118 3288 3348 3343 alterius
3388 3286 3551 3356 plane

1980 3392 2201 3465 generis
2222 3391 2351 3446 :‘ita
2378 3399 2727 3456 nequaquam
2761 3378 3255 3437 consubstantialis
3286 3386 3371 3432 est
3400 3376 3550 3430 Patri

1978 3487 2173 3550 Filius,
2221 3481 2320 3539 sed
2371 3479 2606 3534 multum
2656 3476 2887 3537 distant,
2928 3486 3138 3541 eosque
3167 3468 3551 3526 substantialis

1981 3578 2217 3632 invicem
2254 3573 2397 3628 ratio
2441 3568 2677 3636 dirimit,
2718 3566 2986 3637 siquidem
3029 3564 3119 3617 hic
3162 3562 3431 3633 agricola,
3462 3560 3554 3616 ille

1979 3669 2110 3724 vitis
2154 3672 2263 3723 est.
2295 3662 2452 3730 Quod
2498 3668 2682 3715 autem
2723 3657 2792 3712 ad
2835 3656 3238 3711 incarnationis
3284 3653 3552 3708 rationem

1983 3760 2089 3814 ista
2125 3755 2375 3812 nonnulli
2418 3754 2723 3809 transferre
2771 3765 3059 3823 perperam
3101 3747 3357 3805 conaturi
3416 3747 3551 3810 sint,

1983 3866 2092 3904 non
2144 3856 2231 3904 est
2271 3843 2682 3915 ambigendum.
2710 3841 2823 3898 Nec
2853 3841 3001 3898 enim
3027 3854 3188 3896 suam
3216 3852 3443 3894 carnem
3478 3835 3559 3888 vi-

1985 3950 2093 3995 tem
2129 3954 2253 3995 esse
2303 3938 2398 4003 ait,
2432 3934 2529 3993 sed
2570 3934 2756 4006 potius
2801 3934 3085 3989 deitatem.
3128 3928 3232 3985 Cui
3265 3928 3413 3985 enim
3446 3941 3558 3981 non

1984 4030 2343 4088 manifestum
2380 4035 2489 4094 est,
2527 4027 2729 4099 inquit,
2755 4034 3010 4081 nostrum
3038 4036 3243 4093 corpus
3287 4036 3317 4075 a
3365 4020 3560 4074 Serva-

1985 4122 2121 4179 toris
2151 4136 2321 4177 carne
2348 4135 2456 4174 non
2488 4117 2749 4188 pendere,
2781 4117 2927 4174 sicut
2956 4130 2986 4170 a
3014 4116 3126 4170 vite
3160 4113 3433 4185 palmites,
3458 4125 3557 4165 ne-

1985 4232 2092 4288 que
2135 4214 2274 4270 adeo
2317 4221 2640 4269 sanctorum
2677 4209 2919 4265 fructum
2961 4207 3239 4263 carnalem
3284 4219 3433 4267 esse,
3464 4203 3560 4260 sed

1986 4306 2334 4378 spiritalem?
2362 4292 2710 4375 Quapropter
2742 4316 2913 4356 carne
2942 4302 2996 4354 in
3027 4312 3273 4369 praesens
3328 4296 3559 4352 scorsim

296 4386 534 4477 εὐλόγως
583 4408 727 4472 τινές
775 4386 854 4474 είς
903 4408 995 4462 τὸν
1022 4407 1123 4479 τῆς
1158 4406 1295 4478 μετὰ
1335 4405 1538 4477 σαρκὸς
1570 4404 1866 4477 οἰκονομίας

1984 4401 2188 4472 posita,
2226 4399 2331 4469 ipsi
2357 4396 2632 4451 divinitati
2660 4393 2784 4449 Filii
2813 4394 2922 4448 vim
2954 4400 3009 4446 et
3037 4388 3377 4445 intellectum
3406 4386 3563 4442 vocis

297 4499 452 4569 λόγον
494 4501 563 4555 τά
585 4501 810 4556 τοιαῦτα
843 4502 1219 4573 περιενεγκεῖν
1275 4499 1742 4570 ἐπιχειρήσουσιν,
1777 4497 1866 4550 οὐκ

1981 4494 2138 4548 illius
2177 4492 2512 4555 tribuemus,
2555 4502 2794 4557 eumque
2842 4485 3093 4540 dicemus
3129 4497 3255 4538 esse
3296 4480 3483 4543 vitem,
3531 4495 3564 4533 a

297 4591 444 4647 ἔστιν
472 4593 795 4665 ἀμφίϐολον.
835 4595 909 4648 Οὐ
942 4594 1053 4665 γὰρ
1084 4594 1184 4666 τὴν
1214 4592 1395 4664 σάρκα
1424 4591 1521 4663 τὴν
1548 4587 1748 4644 ἑαυτοῦ
1777 4604 1866 4659 φη-

1986 4601 2095 4657 qua
2126 4585 2428 4654 pendemus
2462 4596 2561 4650 per
2595 4578 2774 4634 Iidem.
2814 4596 2831 4629 ι

296 4702 383 4740 σιν
412 4662 675 4757 εἶναιτὴν
697 4662 964 4757 ἄμπελον,
1012 4662 1211 4757 μᾶλλον
1246 4662 1305 4739 δέ
1337 4683 1436 4756 τὴν
1476 4662 1724 4753 θεότητα.
1756 4679 1871 4734 Τίνι
1910 4679 2023 4748 γὰρ
2052 4678 2113 4731 οὐ
2151 4675 2320 4744 σαφὲς
2381 4672 2554 4738 ἔσται,
2618 4670 2804 4742 φησὶν,
2868 4668 2943 4733 ὡς
2985 4669 3047 4722 τὸ
3092 4667 3373 4739 ἡμέτερον
3407 4662 3567 4734 σῶμα

294 4780 417 4847 οὐχὶ
442 4778 543 4849 τῆς
570 4778 664 4832 τοῦ
696 4778 947 4850 Σωτῆρος
1010 4777 1351 4847 ἐκκρεμᾶται
1407 4775 1629 4847 σαρκὸς,
1689 4771 1941 4842 καθάπερ
1978 4768 2225 4839 ἀμπέλου
2263 4765 2332 4819 τὰ
2355 4764 2631 4835 κληματα,
2661 4762 2786 4816 οὕτε
2823 4761 2929 4832 μὴν
2952 4762 2981 4816 6
3014 4759 3123 4814 τῶν
3151 4759 3323 4829 ἀγίων
3355 4757 3568 4828 καρπὸς

298 4871 582 4944 σαρκικὸς,
618 4869 754 4923 ἀλλὰ
780 4869 1176 4941 πνευματικός;
1213 4868 1423 4923 Οὐκοῦν
1448 4870 1506 4922 ἐν
1532 4866 1709 4939 μέρει,
1727 4864 1883 4937 φησὶ,
1923 4864 2173 4933 τεθείσης
2203 4861 2281 4924 είς
2317 4859 2379 4913 τὸ
2401 4857 2573 4928 παρὸν
2624 4858 2724 4927 τῆς
2777 4854 2997 4927 σαρκὸς,
3027 4854 3167 4944 αὐτῇ
3232 4855 3296 4925 τῇ
3354 4850 3568 4944 θεότητι

295 4940 391 5019 τοθ
432 4964 565 5018 Υἰοῦ
614 4962 711 5035 τὴν
739 4963 835 5019 τοῦ
862 4940 1021 5032 λόγου
1058 4962 1431 5035 περιθήσομεν
1492 4961 1744 5034 δύναμιν,
1777 4958 1876 5012 καὶ
1914 4957 2076 5010 αὐτὸν
2102 4954 2334 5027 ἐροῦμεν
2356 4947 2497 5005 εἶναι
2542 4948 2641 5019 τὴν
2706 4946 2973 5018 ἄμπελον,
3020 4940 3089 5018 ἦς
3133 4944 3419 5018 ἐξήμμιθα
3474 4942 3569 4997 διὰ

295 5076 394 5122 της
417 5074 671 5122 πιστεως.
697 5075 716 5108 ι

417 5077 571 5112 πιστε
658 5098 671 5111 .
697 5077 716 5108 ι

328 5077 543 5204 71fruar-ri.
575 5077 677 5220 Ἐν
710 5148 903 5220 ἐκείνῳ
943 5147 1398 5219 καταφλυαρῆσαι
1449 5143 1699 5217 παρέστη
1752 5160 1866 5214 παρ

2066 5134 2193 5189 llzec
2241 5132 2335 5188 ille
2375 5137 2638 5201 nugatur,
2666 5126 2984 5183 divinorum
3031 5125 3347 5196 dogmatum
3381 5142 3567 5182 veram

294 5244 589 5314 ωθουμένιρ
613 5219 890 5307 ποικίλως,
917 5240 1060 5295 κατά
1086 5257 1151 5305 γε
1174 5238 1235 5293 τὸ
1258 5237 1408 5309 αὐτῷ
1430 5236 1612 5301 καλῶς
1630 5236 1775 5306 ἔχειν
1805 5234 1864 5288 δο

1993 5230 2262 5285 rationem
2293 5240 2394 5297 pro
2423 5237 2522 5279 sua
2550 5220 2781 5278 libidine
2811 5226 3154 5290 pervertens,
3186 5227 3241 5274 et
3294 5219 3360 5272 ad
3405 5235 3567 5275 suum

295 5308 456 5401 xoﬁv,
498 5308 599 5405 την
634 5335 744 5387 τῶν
790 5334 953 5388 θείων
999 5333 1286 5404 δογμάτων
1318 5308 1605 5402 ὀρθότητα,
1650 5328 1744 5382 καὶ
1797 5327 1866 5381 σὺ

1990 5338 2220 5393 scopum
2251 5316 2519 5388 singulari
2575 5314 2787 5369 malitia
2827 5312 3189 5383 detorquens.
3234 5308 3348 5367 Nos
3384 5319 3567 5366 autem

301 5426 473 5498 πολλῇ
502 5403 808 5498 κακουργίᾳ
841 5426 977 5497 πρὸς
1005 5403 1277 5494 τδνίαῦτῷ
1330 5421 1663 5494 προτεθέντα
1713 5436 1866 5489 παρα

1991 5416 2196 5483 ubique
2243 5410 2579 5467 inhaerentes
2624 5406 2889 5469 veritati,
2945 5421 3052 5460 non
3108 5405 3185 5459 ita
3240 5403 3565 5468 sentiemus.

297 5495 555 5588 τρέποντι
587 5495 813 5573 σκοπόν.
854 5495 1045 5587 Ἡμεῖς
1072 5514 1130 5568 δὲ
1172 5514 1269 5584 τῆς
1315 5510 1571 5583 ἀληθείας
1603 5508 1850 5579 ἐχόμενοι

1991 5505 2175 5561 absit!
2214 5502 2311 5559 sed
2354 5507 2675 5557 sanctorum
2711 5495 2938 5553 Patrum
2988 5495 3280 5554 sententia:
3308 5496 3568 5553 insisten-

373 5700 417 5732 ⁸⁷
459 5697 618 5756 Joan.
657 5715 724 5763 ι,
757 5700 851 5756 52.
925 5701 969 5735 "
1007 5698 1166 5756 Joan.
1202 5714 1256 5767 v,
1296 5699 1377 5755 l7.
1453 5698 1496 5730 "
1538 5694 1694 5750 Joan.
1738 5708 1864 5761 nv,
1917 5692 2013 5745 l0.
