3892 6202
316 233 423 291 339
1356 228 1413 282 S.
1441 226 1721 283 CYRILLI
1762 223 2235 281 ALEXANDRINI
2276 225 2580 282 ARCHIEP
3471 226 3581 284 540

317 359 403 406 tes
448 346 702 402 veritatis
738 342 993 415 dogmata
1041 356 1357 413 sequemur.
1415 340 1535 407 Quo
1578 349 1743 412 pacto
1789 339 1938 401 loci,

2042 340 2249 408 ανταχῆ
2283 335 2666 409 διακεισόμεθα
2698 335 2799 407 μὲν
2825 335 2922 407 οὑχ
2956 334 3148 400 οὕτως,
3176 337 3369 391 πολλοῦ
3397 356 3459 407 γε
3484 341 3583 394 καί¹

322 439 487 509 hujus
526 453 728 494 sensus
777 436 1168 507 intelligendus
1217 436 1329 499 sit,
1374 448 1486 487 non
1538 433 1743 488 inscite
1782 432 1897 503 jam

2042 430 2103 493 εἰ,
2134 428 2232 499 τὴν
2268 427 2357 481 διὰ
2386 427 2497 480 τῶν
2531 427 2703 496 ἁγίων
2742 426 2900 498 ἡμῶν
2940 426 3200 498 Πατέρων
3237 428 3583 497 ἰχνηλατοῦν-

319 530 503 601 quoad
522 531 577 584 in
610 529 775 585 nobis
802 537 924 584 erat
944 527 1367 599 disquisivimus
1392 542 1405 576 :
1434 525 1531 582 sed
1549 540 1746 581 rursus
1766 538 1901 579 con-

2042 537 2092 585 ες
2147 519 2384 585 σύνεσιν,
2420 522 2534 584 τοῖς
2559 520 2659 591 τῆς
2715 518 2974 590 ἀληθείας
3022 519 3263 591 ἑψόμεθα
3295 520 3584 592 δόγμασιν.

322 623 679 679 siderandum
728 628 814 678 est
860 620 1140 692 quomodo
1189 619 1462 690 adversus
1514 617 1639 673 illos
1691 616 1902 672 armari

2042 616 2195 677 [ιπως
2225 613 2323 684 μὲν
2350 612 2417 667 ἂν
2444 612 2640 683 νοῆσαι
2672 612 2939 684 προσήκοι
2968 612 3063 665 τοῦ
3098 614 3455 685 προκειμένου
3484 615 3591 684 τὴν

324 733 429 772 nos
456 724 735 787 oporteat,
766 722 823 771 et
843 728 952 786 quo
980 721 1143 785 pacto
1168 712 1329 783 861
1363 710 1479 765 sint
1513 724 1704 766 eorum
1732 710 1904 763 ratio-

2042 705 2254 776 ύναμιν,
2279 705 2380 759 οὑκ
2398 704 2661 776 ἀκόμψως
2693 704 2795 775 ήδη
2846 704 3305 775 διηρευνήσαμεν,
3356 707 3498 761 κατά
3520 725 3589 776 γε

324 824 424 864 ncs
463 806 848 863 retundenda.
896 804 953 861 Si
990 805 1137 861 enim
1179 819 1245 859 ex
1297 811 1489 859 nostro
1512 802 1738 859 silentio
1766 800 1905 855 nihil

2042 797 2147 852 δέν
2178 799 2310 869 ἡμῖν
2334 796 2572 867 ἐφικτόν·
2611 796 2875 850 σκεπτέον
2908 796 2965 850 δὲ
2993 796 3153 850 πάλιν
3178 797 3327 861 ὅπως
3351 815 3410 851 τε
3440 800 3594 869 ήμᾶς

325 902 511 956 damni
545 900 946 971 simpliciorum
990 898 1275 954 mentibus
1310 898 1611 968 ingrueret,
1639 894 1903 966 repudia-

2045 892 2103 946 αὶ
2138 891 2257 945 τίνα
2279 890 2343 960 δὴ
2372 890 2573 961 τρόπον
2603 889 2978 955 ἐξοπλίζεσθαι
3007 889 3113 961 χρὴ
3132 930 3147 954 ,
3184 890 3277 943 καί⁸
3312 893 3423 954 τοῖς
3457 890 3596 962 παρ’

328 992 400 1047 tis
427 992 586 1047 vanis
616 990 968 1046 sermonibus
998 988 1064 1043 ad
1112 1004 1176 1045 ea
1210 1002 1336 1059 quae
1382 997 1697 1058 sequuntur
1735 985 1910 1057 expli-

2042 983 2234 1038 κείνων
2275 981 2751 1037 άνταποδύσασθαι
2807 982 3005 1051 λόγοις.
3037 980 3101 1035 Εἰ
3136 982 3235 1053 μὲν
3270 983 3376 1053 γὰρ
3410 988 3593 1055 σιωπῇ

328 1083 501 1136 canda
536 1098 638 1136 nos
676 1080 1093 1136 conferremus:
1150 1080 1248 1134 sed
1298 1094 1427 1133 cum
1478 1094 1589 1133 non
1631 1075 1911 1131 mediocre

2042 1076 2441 1148 παρελάσαντες,
2461 1076 2614 1129 οὐδὲν
2632 1071 2700 1148 ἦν
2728 1074 2979 1130 ἐντεῦθεν
3011 1076 3138 1130 ἰδεῖν
3160 1076 3221 1131 τὸ
3247 1076 3443 1147 βλάϐος
3470 1079 3599 1139 ταῖς

328 1175 590 1229 damnum
643 1174 930 1229 incumbat
979 1173 1030 1228 ei
1073 1175 1167 1243 qui
1210 1171 1601 1242 hujuscemodi
1652 1170 1910 1241 dogmata

2042 1169 2121 1222 (iw
2166 1169 2553 1241 ἁπλουστέρων
2589 1170 2851 1234 διανοίαις
2906 1170 3217 1241 εἰστρέχον,
3273 1172 3495 1235 εἰκότως
3530 1171 3599 1224 τὸ

331 1266 660 1337 susceperit,
693 1264 945 1336 nunquid
993 1271 1428 1319 consentaneum
1464 1270 1550 1321 est
1580 1270 1641 1316 ut
1693 1264 1785 1333 pio
1832 1262 1915 1315 in-

2042 1262 2269 1326 ιαταίοις
2296 1262 2637 1334 ἐντρίϐεσθαι
2695 1262 2875 1332 λόγοις
2907 1264 3038 1334 παρ’
3080 1262 3229 1323 οὐδὲν
3259 1265 3602 1335 ἡγησάμενοι

331 1356 591 1410 ﬂammati
618 1355 760 1410 -zelo
798 1354 1107 1410 rationibus
1147 1368 1211 1407 ac
1262 1353 1449 1409 verbis
1493 1352 1917 1424 depugnemus?

2042 1357 2134 1418 ἀῖς
2173 1354 2282 1408 τῶν
2312 1353 2511 1425 ἑφεξῆς
2560 1354 2833 1426 κειμένων
2880 1355 3136 1428 θεωρίαις
3192 1356 3598 1427 ὲπενηχόμεθα.

335 1446 428 1501 Sic
470 1446 617 1502 enim
658 1446 953 1517 perspicua
977 1446 1082 1501 erit
1111 1444 1560 1501 adversariorum
1610 1444 1914 1501 calliditas.

2042 1445 2247 1518 Επειδὴ
2275 1446 2334 1500 δὲ
2356 1446 2419 1500 οὑ
2462 1446 2668 1518 μικρὰν
2718 1448 2817 1519 τὴν
2869 1448 3072 1519 ζημίαν
3122 1448 3389 1502 ὲποίσειεν
3432 1448 3500 1503 ἂν
3549 1448 3605 1501 εἰ

332 1537 582 1607 Agedum
612 1552 761 1609 ergo,
786 1536 1022 1607 primum
1056 1536 1189 1591 illud
1225 1537 1499 1598 dicamus,
1536 1537 1767 1592 stultum
1793 1549 1917 1591 esse

2042 1538 2409 1611 ιαραδεχθεῖεν
2435 1539 2538 1592 ὑπό
2566 1556 2657 1593 του
2688 1538 2756 1594 τὰ
2803 1538 2943 1593 οὕτω
2994 1539 3448 1613 δογματιζόμενα,
3483 1541 3607 1603 πῶς

335 1645 564 1699 prorsus
594 1630 661 1684 ad
721 1637 937 1684 natura:
966 1629 1049 1684 vel
1081 1628 1403 1685 substantiae
1449 1628 1912 1701 signiﬁcationem

2042 1629 2121 1684 ›ὑκ
2143 1629 2433 1684 ἀκόλουθον
2462 1629 2610 1701 ζήλῳ
2646 1629 2725 1701 τῷ
2748 1628 2977 1701 φιλοθέῳ
3008 1632 3396 1703 κεκινημένους
3422 1633 3612 1687 καθεῖ-

336 1722 719 1792 intempestive
756 1722 1047 1778 traducere
1092 1721 1239 1792 quod
1268 1735 1367 1793 per
1398 1722 1711 1792 exemplum
1745 1736 1809 1776 ac
1834 1722 1912 1776 rei

2042 1739 2104 1775 ¹αι
2126 1722 2225 1793 τὴν
2247 1723 2429 1794 μάχην
2457 1721 2555 1794 τὴν
2598 1723 2655 1775 ἐν
2688 1721 2969 1793 λογισμοῖς
3014 1740 3074 1776 τε
3119 1724 3214 1777 καὶ
3253 1723 3470 1790 λόγοις;
3504 1726 3605 1795 Εῖη

336 1814 755 1869 similitudinem
806 1814 1010 1868 dictum
1060 1820 1165 1868 est.
1212 1812 1487 1869 Existimo
1518 1814 1663 1869 enim
1699 1811 1768 1869 iis
1821 1812 1917 1884 qui

2042 1813 2129 1886 τὰρ
2155 1815 2221 1867 ἂν
2245 1812 2417 1877 οὑτως
2444 1814 2779 1877 εὑκάτοπτός
2800 1832 2859 1867 τε
2889 1814 3083 1887 κομιδῇ
3116 1816 3223 1869 τῶν
3260 1816 3329 1870 δι’
3357 1816 3608 1879 ἐναντίας

337 1905 552 1975 singda
592 1913 743 1960 recte
772 1904 1255 1976 comprehendere
1290 1905 1484 1969 velint,
1531 1905 1599 1959 ad
1636 1903 1770 1959 dicti
1806 1919 1923 1960 sco-

2042 1908 2057 1979 j
2086 1906 2413 1977 πανουργία.
2457 1907 2569 1961 Καὶ
2595 1906 2728 1978 φέρε
2768 1907 2833 1977 δὴ
2865 1907 3083 1978 πρῶτον
3115 1908 3293 1961 ἐκεῖνο
3312 1907 3561 1978 λέγωμεν
3581 1946 3599 1972 ,

339 2013 468 2068 pum
508 1997 918 2074 respiciendum
961 2013 1107 2061 esse,
1158 2013 1473 2070 magnoque
1522 1998 1709 2054 studio
1742 1997 1924 2052 consi-

2042 2000 2104 2051 ἱτι
2124 1998 2186 2051 τὸ
2212 1998 2271 2051 ὲν
2291 1998 2737 2069 παραδείγματος
2752 1998 2901 2065 τάξει
2924 1998 3127 2068 ληφθὲν
3145 1999 3238 2054 καὶ
3256 2002 3335 2063 εἰς
3348 2000 3609 2070 ὁμοίωσιν

338 2087 647 2143 derandum
676 2088 808 2160 quid
842 2090 1187 2160 propositum
1226 2090 1297 2145 sit
1328 2090 1378 2145 ei
1407 2088 1501 2160 qui
1544 2089 1812 2160 loquitur.
1844 2087 1921 2143 Ex

2042 2090 2121 2162 τὴν
2141 2090 2234 2144 τοῦ
2265 2091 2593 2164 πράγματος
2620 2091 3109 2163 εἶσκεκομισμένον
3134 2093 3214 2156 εἰς
3259 2091 3614 2161 φυσιολογίας

341 2180 428 2234 his
488 2187 672 2235 autem
712 2181 937 2237 adverte
984 2197 1180 2237 rursus
1217 2181 1486 2252 numquid
1525 2193 1675 2237 recte
1738 2182 1925 2237 dicere

2042 2182 2246 2255 τρόπον,
2280 2182 2400 2253 ήτοι
2430 2182 2621 2246 οὐσίας
2638 2182 2871 2253 δήλωσιν
2916 2182 3166 2236 ἐκλαϐεῖν
3202 2183 3305 2237 οὑκ
3335 2183 3612 2252 εὐκαίρως

341 2271 438 2327 tibi
480 2272 785 2329 videamur.
831 2273 1113 2329 Servatori
1151 2272 1374 2328 Christo
1411 2275 1757 2345 propositum
1813 2290 1922 2329 non

2042 2274 2251 2346 ἰνόητον
2280 2273 2580 2337 παντελῶς.
2614 2269 2783 2345 Οἶμαι
2812 2273 2920 2345 γὰρ
2946 2273 3122 2343 ἔγωγε
3147 2275 3273 2337 τοὺς
3294 2274 3374 2336 εἰς
3403 2274 3613 2325 ἕκαστα

339 2372 459 2417 erat
500 2364 808 2434 discipulos
859 2364 1093 2420 edocere
1127 2380 1187 2419 se
1216 2365 1440 2435 quidem
1482 2365 1650 2420 alium
1690 2381 1815 2421 esse
1845 2381 1927 2421 se-

340 2453 582 2509 cundum
621 2464 900 2520 naturam,
933 2455 1105 2509 alium
1128 2470 1259 2511 vero
1297 2454 1541 2522 Patrem,
1579 2472 1681 2511 nee
1716 2457 1925 2511 idcirco

341 2536 562 2595 Patrem
602 2540 913 2596 vocandum
946 2542 1250 2613 agricolam
1276 2544 1653 2609 existimabat,
1696 2560 1756 2601 se
1797 2562 1927 2601 vero

344 2633 534 2688 vitem.
574 2632 711 2689 Nam
744 2635 789 2690 si
824 2636 949 2692 talis
988 2637 1037 2690 ei
1088 2652 1291 2707 scopus
1321 2636 1541 2701 fuisset,
1579 2640 1774 2709 quidni
1818 2656 1929 2697 ser-

344 2742 563 2783 monem
591 2728 665 2785 ibi
696 2729 839 2784 llniit
864 2731 977 2785 alio
1007 2731 1158 2785 nullo
1187 2733 1416 2802 insuper
1444 2734 1662 2789 addito?
1686 2735 1925 2806 Scoputn

346 2819 491 2875 enim
529 2834 691 2876 suum
724 2822 865 2876 citra
908 2821 1292 2879 confusionem
1331 2825 1503 2880 ullam
1553 2827 1927 2897 patefecisset,

344 2910 504 2978 juxta
533 2918 772 2967 vestram
804 2915 1163 2980 sententiam,
1204 2917 1249 2971 si
1302 2918 1547 2988 seipsum
1582 2919 1854 2975 duntaxat
1878 2932 1932 2977 et

346 3000 569 3058 Patrem
602 3004 965 3061 nominasset.
1000 3004 1162 3062 Nunc
1201 3015 1383 3064 autem
1423 3024 1548 3065 cum
1601 3013 1931 3082 praemiserit

352 3106 413 3146 se
442 3090 610 3147 vitem
635 3106 784 3157 esse,
824 3107 1038 3163 nosque
1068 3093 1364 3164 palmitum
1397 3094 1578 3150 instar
1612 3111 1679 3151 ex
1708 3112 1771 3152 ea
1799 3113 1931 3167 pen-

350 3183 501 3249 dere,
560 3198 627 3239 ac
676 3194 948 3255 praeterea
976 3186 1208 3242 cultura:
1246 3185 1483 3242 oliicium
1514 3188 1724 3243 tribuat
1755 3188 1930 3252 Patri,

350 3275 604 3343 nemini,
641 3277 861 3347 opinor,
904 3294 1013 3333 non
1052 3279 1263 3349 patebit
1310 3279 1451 3335 nihil
1476 3295 1601 3335 eum
1628 3281 1735 3336 tale
1766 3282 1937 3351 signi-

354 3371 523 3427 ﬁcare
557 3371 723 3442 quale
760 3387 859 3428 vos
900 3372 1130 3443 putatis,
1169 3372 1267 3428 sed
1296 3372 1678 3429 crassioribus
1703 3372 1936 3444 quibus-

352 3463 483 3517 dam
514 3471 571 3519 et
632 3464 737 3520 sub
795 3465 988 3521 oculos
1027 3463 1361 3520 cadentibus
1419 3465 1690 3535 exemplis
1729 3462 1939 3518 audito-

354 3555 515 3612 ribus
563 3557 900 3628 persuadere
938 3558 1079 3614 velle
1114 3572 1333 3614 omnem
1375 3557 1539 3614 nobis
1576 3557 1938 3613 fecunditatis

357 3649 627 3717 spiritalis
661 3649 770 3704 vim
803 3664 928 3705 esse
958 3649 1027 3705 ab
1067 3650 1212 3720 ipso,
1245 3648 1712 3720 quemadmodum
1749 3657 1803 3702 et
1833 3648 1941 3717 pal-

357 3740 584 3798 mitibus
605 3755 639 3795 a
665 3741 850 3797 radice
877 3741 1289 3812 prodeuntibus
1316 3741 1564 3813 qualitas
1587 3748 1673 3796 est
1696 3740 1765 3794 ab
1794 3741 1935 3810 ipsa.

360 3830 630 3889 Donatum
670 3833 823 3889 enim
857 3843 944 3890 est
982 3834 1356 3905 quodcunque
1393 3843 1479 3890 est
1532 3834 1586 3888 in
1625 3834 1786 3889 nobis
1850 3833 1945 3887 bo-

358 3938 489 3977 num
522 3940 539 3986 ;
580 3923 639 3978 in
698 3922 811 3979 Deo
849 3940 981 3980 vero
1041 3941 1149 3981 non
1204 3926 1335 3981 item
1369 3943 1387 3978 :
1423 3925 1543 3996 ipse
1578 3924 1726 3980 enim
1767 3932 1850 3980 est
1883 3925 1940 3978 in

358 4017 542 4086 seipso
580 4030 811 4072 suarum
864 4018 1354 4089 prmrogativarum
1392 4060 1406 4084 ,
1461 4018 1649 4088 glorim
1686 4032 1751 4071 ac
1794 4025 1944 4086 pote-

360 4108 517 4165 statis
548 4108 652 4165 sibi
691 4109 787 4165 uni
818 4110 1199 4166 convenientis
1238 4112 1537 4181 ipsummet
1576 4110 1937 4180 principium.

360 4198 572 4256 idcirco
612 4200 772 4256 radix
812 4216 876 4257 ac
920 4200 1050 4256 vitis
1096 4200 1504 4271 quodammodo
1536 4201 1794 4256 Christus
1832 4209 1940 4266 est;

360 4306 463 4347 nos
489 4307 621 4349 vero
658 4293 934 4364 palmites.
967 4292 1125 4359 Quod
1176 4302 1357 4348 autem
1387 4292 1691 4363 agricolam
1723 4291 1939 4347 Patrem

2024 2367 2134 2420 τῶν
2160 2365 2472 2437 λεγομένων
2522 2365 2761 2420 συνιέναι
2790 2365 3041 2429 θέλοντας
3061 2364 3257 2435 ὀρθῶς,
3294 2366 3373 2425 εἰς
3400 2365 3489 2417 τὸν
3518 2364 3615 2416 τοῦ

2028 2460 2385 2532 θεωρήματος
2411 2458 2747 2513 ἀποϐλέπειν
2781 2458 3004 2520 σκοπὸν,
3045 2459 3139 2511 καὶ
3167 2456 3219 2511 τί
3258 2458 3395 2527 μετά
3426 2459 3618 2526 χεῖρας

2028 2553 2167 2624 ἔχων
2194 2554 2223 2605 6
2246 2550 2339 2605 τοῦ
2365 2550 2527 2621 λόγου
2549 2550 2879 2622 δημιουργὸς
2935 2552 3175 2604 ποιεῖται
3212 2548 3311 2619 τὴν
3352 2546 3615 2613 διάλεξιν,

2032 2644 2129 2698 σὺν
2154 2642 2323 2715 πολλῇ
2348 2645 2416 2714 τῇ
2442 2643 2703 2715 φρονήσει
2738 2641 3219 2695 κατασκέπτεσθαι
3243 2641 3375 2695 δεῖν.
3414 2640 3617 2693 Σκόπει

2029 2733 2087 2787 δὲ
2113 2732 2177 2805 δὴ
2204 2733 2365 2789 πάλιν
2392 2731 2453 2798 ἐξ
2477 2732 2657 2786 αὑτῶν
2678 2733 2811 2804 ἡμῖν
2858 2732 2966 2786 τῶν
3018 2733 3416 2804 προκειμένων,
3462 2735 3511 2787 εἰ
3538 2734 3616 2804 μή

2033 2844 2115 2881 σοι
2138 2826 2402 2898 δοκοῦμεν
2428 2826 2625 2898 ἄριστα
2646 2825 2847 2895 λέγειν.
2883 2826 2998 2879 Οὑκ
3037 2821 3105 2897 ἦν
3148 2826 3287 2897 μετὰ
3310 2830 3500 2897 χεῖρας
3541 2828 3622 2897 τῷ

2034 2919 2248 2991 Σωτῆρι
2276 2917 2501 2991 Χριστῷ
2533 2917 2741 2982 διδάξαι
2771 2919 2899 2981 τοὺς
2937 2918 3209 2989 μαθητὰς,
3258 2918 3334 2982 ὠς
3380 2919 3466 2990 εἴη
3520 2919 3624 2989 μὲν

2034 3010 2202 3073 αὐτὸς
2252 3008 2397 3063 κατὰ
2427 3008 2590 3079 φύσιν
2622 3009 2831 3080 ἕτερος,
2864 3010 3100 3078 ἑτεροῖος
3126 3009 3182 3063 δὲ
3206 3012 3235 3063 6
3266 3010 3476 3082 Πατὴρ,
3499 3010 3623 3063 οὐδὲ

2033 3100 2122 3154 διά
2146 3098 2303 3154 τοῦτο
2324 3099 2574 3171 γεωργὸν
2603 3099 2702 3169 μὲν
2734 3098 2826 3153 τὸν
2850 3098 3100 3165 φύσαντα
3116 3098 3301 3152 καλεῖν
3321 3096 3458 3169 ᾤετο
3488 3098 3620 3160 δεῖν,

2035 3192 2280 3263 ἄμπελον
2303 3192 2359 3246 δὲ
2386 3192 2570 3247 αὐτόν.
2591 3190 2655 3245 Εἰ
2678 3191 2787 3263 γάρ
2819 3186 2975 3254 οὑτος
2994 3186 3062 3261 ἦν
3082 3193 3110 3244 6
3141 3190 3342 3255 σκοπὸς
3367 3192 3423 3243 ὲν
3447 3189 3623 3260 αὑτῷ,

2034 3285 2087 3338 τί
2129 3284 2204 3356 μὴ
2240 3282 2404 3354 μέχρι
2425 3282 2633 3337 τούτων
2661 3284 2784 3354 ἵστη
2814 3282 2907 3336 τδν
2933 3282 3113 3351 λόγον,
3149 3282 3302 3337 οὐδὲν
3336 3282 3472 3346 ὅλως
3504 3283 3625 3335 ἔτε-

2040 3392 2130 3446 ρον
2153 3372 2695 3445 προεπεισενεγκών;
2734 3371 3069 3442 Ἀσύγχυτον
3102 3371 3210 3442 γάρ
3241 3369 3307 3424 ἂν
3328 3371 3627 3442 ἐποιήσατο

2035 3467 2136 3539 τὴν
2166 3467 2401 3538 δήλωσιν
2457 3465 2549 3519 τοῦ
2593 3464 2795 3519 οἰκείου
2848 3462 3074 3528 σκοποῦ,
3126 3463 3271 3517 κατά
3296 3480 3358 3531 γε
3392 3462 3452 3516 τὸ
3496 3462 3625 3532 ὑμῖν

2037 3557 2250 3621 δοκοῦν,
2270 3559 2321 3610 εἰ
2345 3556 2505 3627 μόνον
2528 3557 2811 3627 ὠνόμασεν
2834 3556 3024 3610 ἑαυτόν
3056 3572 3116 3609 τε
3147 3556 3238 3608 καὶ
3261 3556 3352 3609 τὸν
3385 3556 3622 3626 Πατέρα.

2040 3650 2176 3702 Νυνί
2207 3649 2264 3703 δὲ
2289 3649 2653 3719 πῳκαταθείς
2684 3647 2929 3719 ἄμπελον
2960 3646 3059 3718 μὲν
3084 3646 3297 3709 ἑαυτὸν,
3332 3647 3627 3718 κλημάτων

2040 3740 2097 3793 δὲ
2125 3740 2282 3811 δίκην
2312 3740 2587 3813 ἠρτῆσθαι
2614 3740 2795 3809 λέγων
2848 3741 3019 3811 ἡμᾶς,
3051 3734 3170 3793 εἶτα
3202 3741 3300 3811 τῆς
3352 3738 3629 3810 γεωργίας

2043 3833 2104 3886 τὸ
2136 3832 2477 3903 ἐπιτήδευμα
2508 3832 2753 3903 περιθεὶς
2778 3832 2857 3903 τῷ
2879 3834 3079 3902 Πατρί,
3121 3831 3280 3903 δῆλος
3310 3832 3376 3885 ἂν
3400 3833 3483 3903 εἴη
3535 3834 3629 3886 καὶ

2046 3927 2234 3989 πᾶσιν,
2271 3922 2446 3997 οἶμαι,
2502 3926 2844 3998 καταφανὴς,
2904 3926 2979 3989 ὡς
3033 3926 3189 3979 οὐδὲν
3243 3926 3343 3996 μὲν
3387 3924 3632 3978 τοιοῦτον

2044 4021 2228 4073 ὁποῖον
2250 4019 2407 4089 ὑμεῖς
2430 4019 2767 4089 ὑπειλήφατε
2800 4017 2971 4088 δηλοῖ,
3002 4017 3088 4071 διὰ
3120 4017 3341 4088 παχέων
3360 4016 3417 4070 δὲ
3440 4016 3633 4086 ὥσπερ

2046 4112 2139 4166 καὶ
2162 4113 2275 4174 τοῖς
2299 4108 2395 4163 τοῦ
2412 4108 2661 4179 σώματος
2680 4108 2977 4179 ὀφθαλμοῖς
2996 4109 3413 4161 ὑποπιπτόντων
3450 4125 3632 4179 napa-

2044 4205 2356 4278 δειγμάτων
2384 4204 2675 4258 ἀναπεῖσαι
2726 4203 2973 4273 βούλεται
3021 4203 3149 4265 τοὺς
3204 4202 3630 4272 ἀκροωμένους,

2047 4300 2130 4353 ὅτι
2163 4300 2346 4369 πάσης
2369 4300 2504 4369 ήμῖν
2530 4296 2909 4367 καρποφορίας
2934 4294 3310 4366 πνευματικῆς
3336 4297 3368 4365 ἡ
3404 4295 3635 4364 δύναμις

360 4383 754 4452 nominaverit,
789 4400 858 4440 ne
890 4384 1045 4440 dicas
1076 4384 1150 4439 ita
1190 4384 1498 4453 nuncupari
1525 4384 1683 4453 quasi
1711 4384 1938 4437 diversa:

2050 4394 2179 4462 παρ’
2200 4391 2385 4453 αὑτοῦ,
2422 4389 2675 4460 καθάπερ
2695 4385 2788 4442 οὖν
2821 4387 3015 4458 ἀμέλει
3043 4388 3139 4440 καί
3176 4389 3293 4449 τοῖς
3342 4386 3442 4455 τῆς
3474 4386 3633 4458 ῥίζης

360 4474 433 4528 sit
459 4474 818 4531 substantiae:
861 4490 966 4530 nec
1000 4474 1149 4530 enim
1176 4474 1228 4529 id
1252 4475 1369 4528 vult
1409 4473 1746 4543 significare,
1779 4473 1939 4528 sicuti

359 4564 645 4632 diximus;
704 4565 801 4621 sed
847 4562 1142 4621 ostendere
1180 4563 1352 4617 voluit
1389 4570 1642 4617 naturam
1696 4561 1939 4617 divinam

360 4657 604 4714 radicem
653 4665 708 4713 et
739 4656 1074 4728 principium
1112 4654 1169 4709 in
1220 4653 1385 4726 862
1435 4654 1598 4709 nobis
1639 4652 1946 4708 fertilitatis

361 4749 547 4807 omnis
610 4749 1002 4821 spiritalis'ac
1056 4746 1224 4811 vitae,
1260 4762 1383 4817 quae
1422 4756 1619 4816 praeter
1668 4761 1732 4799 ea
1800 4745 1945 4799 bona

360 4858 487 4914 quae
518 4842 781 4907 diximus,
827 4842 1006 4897 instar
1032 4840 1287 4910 agricola:
1314 4839 1549 4909 largitur
1581 4847 1635 4893 et
1688 4837 1845 4893 oﬂ'ert
1876 4838 1945 4894 iis

363 4935 457 5008 qui
510 4950 606 5007 per
664 4932 828 4990 ﬁdem
885 4932 959 4989 ad
1019 4932 1173 4988 illius
1226 4931 1705 5002 participationem
1763 4933 1945 4987 vocati

364 5035 514 5093 sunt,
540 5042 732 5083 curam
760 5033 817 5082 et
856 5025 1257 5097 providentiam
1298 5025 1609 5080 charitatis.
1642 5022 1789 5078 Nihil
1816 5040 1948 5095 ergo

364 5121 531 5193 plane
566 5116 635 5176 ad
664 5119 923 5177 essentia:
960 5118 1239 5173 rationem
1279 5117 1659 5185 exemplorum
1711 5117 1948 5172 dissimi-

365 5211 583 5269 litudo:
624 5226 726 5267 uec
755 5210 904 5266 enim
936 5205 1217 5265 Servatori
1255 5206 1478 5262 Christo
1515 5222 1665 5261 nunc
1705 5206 1950 5276 proposi-

364 5315 479 5361 tum
517 5312 605 5362 est
637 5306 707 5359 de
745 5304 853 5358 hoc
915 5299 1123 5372 aliquid
1180 5296 1388 5362 dicere,
1424 5297 1520 5354 sed
1555 5298 1726 5352 alium
1784 5298 1950 5354 habet

364 5412 593 5468 scopum
656 5396 800 5449 ratio
838 5393 1131 5450 doctrinm.
1171 5388 1375 5445 Verum
1416 5390 1679 5459 quoniam
1718 5390 1948 5445 demens

364 5491 458 5547 ille
482 5490 644 5547 solita
677 5504 779 5543 sua
810 5485 1118 5543 temeritate
1147 5498 1270 5555 quae
1302 5497 1470 5554 prava
1504 5494 1637 5538 sunt
1663 5484 1948 5555 amplecti-

369 5593 481 5647 tur,
520 5582 707 5651 aitquc
745 5579 952 5635 nullam
996 5591 1123 5632 esse
1160 5578 1430 5632 rationem
1472 5591 1597 5646 qua;
1631 5576 1737 5631 loci
1782 5576 1947 5646 hujus

376 5690 603 5747 scnpum
634 5691 663 5729 a
694 5680 844 5730 recto
885 5684 1051 5728 sensu
1085 5668 1366 5726 detortum
1411 5668 1477 5725 ad
1508 5668 1947 5726 incarnationem

2052 4480 2466 4552 προσπεφυκόσι
2499 4478 2743 4548 κλήμασι
2800 4476 3027 4546 ποιότης
3080 4474 3214 4546 παρ’
3243 4473 3432 4544 αὑτῆς.
3470 4474 3635 4526 Δοτδν

2052 4573 2151 4642 μὲν
2185 4572 2296 4641 γὰρ
2329 4573 2385 4623 ἐν
2411 4572 2545 4641 ἡμῖν
2575 4571 2704 4633 πᾶν,
2744 4569 2887 4639 ὅπερ
2924 4566 3123 4637 ἔχομεν
3166 4564 3390 4633 ἀγαθὸν,
3424 4564 3544 4635 Θεῷ
3576 4565 3634 4617 δὲ

2048 4663 2251 4717 οὐκέτι·
2275 4662 2513 4733 ἔστιγὰρ
2541 4661 2704 4725 αὐτὸς
2733 4661 2790 4713 ἐν
2814 4658 2993 4729 ἐαυτῷ
3010 4658 3117 4713 τῶν
3142 4657 3287 4711 ἰδίων
3310 4657 3638 4726 πλεονεκτη-

2054 4754 2264 4826 μάτων,
2295 4754 2454 4824 δόξης
2484 4770 2546 4807 τε
2596 4753 2692 4807 καί
2742 4751 3014 4817 ἐξουσίας,
3048 4750 3149 4821 τῆς
3179 4748 3328 4819 αὑτῷ
3364 4749 3460 4803 καὶ
3487 4748 3637 4818 μόνῳ

2050 4846 2370 4919 πρεπούσης
2400 4845 2624 4919 ἔναρχος
2657 4846 2821 4917 ἀρχή.
2864 4844 2963 4899 Διά
2986 4842 3144 4897 τοῦτο
3176 4843 3273 4914 μὲν
3287 4829 3423 4915 ’ῥίζα
3444 4840 3637 4911 ὥσπερ

2049 4942 2145 4996 καὶ
2169 4940 2415 5012 ἄμπελος
2456 4941 2487 4993 6
2540 4939 2797 5010 Χριστὸς,
2844 4938 3106 5009 κλήματα
3148 4937 3204 4990 δὲ
3243 4938 3423 5007 ἡμεῖς.
3468 4935 3533 4988 Εἰ
3574 4934 3634 4987 δὲ

2048 5030 2295 5103 γεωργὸν
2318 5029 2569 5100 ὠνόμασε
2597 5028 2691 5083 τὸν
2709 5028 2955 5099 Πατέρα,
2988 5027 3063 5098 μὴ
3097 5028 3255 5098 εἴπῃς
3279 5027 3355 5091 ὡς
3381 5026 3599 5097 έτεροού
3615 5055 3633 5066 ο

2051 5139 2187 5177 σιον·
2226 5122 2288 5176 οὑ
2317 5121 2427 5193 γὰρ
2456 5120 2615 5175 τοῦτο
2650 5121 2891 5191 σημῆναι
2945 5117 3216 5189 βούλεται,
3250 5117 3507 5189 καθάπερ
3555 5117 3633 5169 εί-

2054 5217 2324 5288 ρήκαμενο
2378 5215 2494 5269 ἀλλ’
2522 5214 2788 5281 ἐπιδεῖξαι
2837 5212 3070 5283 θελήσας
3128 5212 3209 5265 ὅτι
3254 5211 3347 5264 καί
3379 5210 3503 5281 ῥίζα
3536 5211 3635 5264 καὶ

2049 5308 2341 5380 άρχὴ,τῆς
2396 5309 2455 5361 ὲν
2485 5309 2619 5379 ἡμῖν
2677 5304 3058 5378 καρποφορίας
3099 5304 3481 5373 πνευματικῆς
3539 5304 3636 5356 καὶ

2052 5396 2255 5468 ζωῆςή
2316 5397 2437 5450 θεία
2482 5396 2673 5465 γέγονε
2737 5393 2919 5463 φύσις,
2971 5393 3108 5462 πρὸς
3152 5393 3268 5454 τοῖς
3321 5390 3638 5461 εἰρημένοις

2051 5490 2296 5559 ἀγαθοῖς,
2330 5488 2404 5552 ὡς
2432 5489 2491 5541 ὲν
2521 5486 2773 5559 γεωργοῦ
2805 5503 2952 5547 τινος
2975 5484 3127 5549 τάξει
3156 5482 3513 5553 χαριζομένη,
3540 5483 3635 5533 καὶ.

2055 5583 2389 5654 ἐπιφέρουσα
2411 5583 2520 5643 τοῖς
2551 5582 2639 5634 διά
2671 5580 2907 5642 πίστεως
2951 5576 3309 5648 κεκλημένοις
3342 5577 3421 5637 εἰς
3444 5591 3635 5626 κοινω-

2055 5676 2173 5731 νίαν
2216 5675 2408 5745 αὐτῇς,
2463 5674 2557 5745 την
2594 5672 2884 5743 ἐπίσκεψιν
2933 5670 3030 5740 τῆς
3066 5669 3303 5739 ἀγάπης.
3343 5666 3507 5721 Οὐδὲν
3537 5660 3638 5721 οὖν
