3892 6202
265 239 372 295 341

1298 239 1366 297 IN
1401 241 1693 300 JOANNIS
1719 241 2172 303 EVANGELIUM
2210 248 2340 306 LIB.
2373 250 2449 307 X.

3421 256 3529 314 342

263 352 377 425 ἀρα
424 352 708 418 παντελῶς
762 355 796 428 ἡ
842 353 950 408 τῶν
1004 355 1463 428 παραδειγμάτων
1493 357 1845 430 ἀνομοιότης,

1970 358 2156 417 Ihristi
2194 363 2485 420 transferri
2529 364 2676 421 sinat
2707 379 2721 417 :
2765 380 2875 421 nec'
2893 366 3040 421 enim
3071 367 3137 423 ei-
3164 383 3394 441 corpore
3427 390 3529 430 nos

266 446 406 515 πρὸς
427 445 520 499 τὸν
567 446 669 516 τῆς
718 446 905 512 οὐσίας
933 446 1047 513 ἕξει
1098 447 1273 516 λόγον·
1310 450 1372 502 οὐ
1422 449 1533 521 γὰρ
1564 450 1851 521 πρόκειται

264 539 387 591 νυνὶ
413 537 492 608 τῷ
513 538 728 610 Σωτῆρι
761 539 983 611 Χριστῷ
1017 541 1147 613 περὶ
1180 541 1371 595 τούτου
1398 559 1453 595 τι
1502 541 1703 610 λέγειν,
1735 543 1850 595 ἀλλ’

265 628 456 700 ἓτερον
477 628 589 700 ἔχει
618 630 817 684 σκοπὸν
835 631 933 703 τῆς
954 631 1299 697 διδασκαλίας
1325 633 1355 687 ὀ
1383 633 1604 705 τρόπος.
1633 634 1851 706 Ἐπειδὴ

266 718 329 771 δὲ
354 718 535 786 λέγειν
567 720 597 773 ὀ
635 721 940 793 παράφρων
967 723 1032 776 ἐκ
1058 722 1158 793 τῆς
1179 724 1408 795 ἐνούσης
1436 723 1586 795 αὐτῷ
1622 723 1853 777 δυσϐου-

266 807 392 873 λίας
425 809 495 863 τὰ
523 810 623 864 οὐκ
652 810 828 882 ὀρθῶς
856 812 1048 883 ἔχοντα
1102 812 1373 884 βούλεται,
1433 814 1527 868 καί
1574 831 1739 885 φησιν
1771 814 1853 867 ὀτι

268 899 431 969 λόγος
450 902 625 965 οὐδεὶς
652 904 935 975 ἐπιτρέψει
962 905 1062 975 τῆς
1084 906 1302 970 εὐθείας
1322 906 1512 978 ὥσπερ
1536 906 1854 974 ἐξέλκοντας

269 995 365 1048 τὸν
415 994 510 1049 τοῦ
562 995 924 1067 προκειμένου
974 998 1174 1053 σκοπὸν
1231 999 1581 1071 περιτρέπειν
1632 1000 1713 1063 εἰς
1782 1000 1880 1071 τὴν

1949 450 2279 520 conjunctos
2313 468 2478 519 esse,
2539 455 2635 511 sed
2694 470 2875 526 neque
2929 460 3212 530 apostolos
3268 468 3525 532 tanquam

1950 544 2207 612 palmites
2234 546 2288 600 in
2309 545 2513 604 Christi
2536 563 2770 617 corpore
2800 548 2993 616 fuisse,
3026 566 3126 607 nec
3155 552 3204 607 ei
3236 552 3342 608 hoc
3367 556 3530 612 modo

1951 634 2300 703 conjunctos,
2336 639 2431 695 sed
2488 638 2686 695 allectu
2737 656 2804 697 ac
2838 641 2944 698 ﬁde
2970 642 3224 699 sincera:
3270 645 3527 716 agedum,

1952 727 2147 796 paucis
2181 730 2247 785 ad
2283 730 2400 786 hac
2427 733 2888 803 respondeamus,
2918 734 3269 793 ostendentes
3289 752 3416 792 eum
3448 740 3503 792 in

1952 819 2137 874 sanire
2171 823 2412 891 penitus,
2451 839 2555 879 nec
2598 840 2885 881 sacrarum
2931 825 3265 882 Litterarum
3316 836 3529 885 rectum

1951 911 2054 964 iter
2092 911 2370 968 insistere.

1950 1002 2366 1074 ἐνανθρώπησιν
2378 1006 2473 1060 τοῦ
2491 1006 2747 1079 Χριστοῦ·
2776 1006 2836 1060 οὐ
2870 1007 2978 1081 γὰρ
3009 1008 3362 1080 συνήφθημεν
3383 1009 3533 1082 αὐτῷ

270 1090 418 1144 κατά
442 1090 502 1144 τὸ
523 1090 712 1161 σῶμα,
753 1090 869 1144 ἀλλ’
900 1092 1021 1146 οὐδέ
1059 1091 1251 1164 ἔμενον
1305 1093 1355 1146 οί
1394 1093 1685 1149 ἀπόστολοι
1711 1135 1726 1160 ,
1776 1094 1851 1158 ὡς
1886 1094 2141 1167 κλήματα
2167 1098 2329 1168 τυχὸν
2359 1100 2416 1152 ἐν
2441 1099 2520 1170 τῷ
2548 1100 2763 1171 σώματι
2800 1100 2894 1155 τοῦ
2917 1103 3177 1174 Χριστοῦ,
3240 1101 3365 1157 οὐτε
3426 1106 3533 1177 μὴν

271 1183 423 1255 αὐτῷ
454 1185 596 1240 κατὰ
621 1182 811 1239 τοῦτον
842 1186 1177 1256 συνήπτοντο
1201 1185 1291 1239 τὸν
1314 1186 1492 1256 λόγον,
1523 1188 1659 1243 ἀλλά
1684 1188 1919 1242 διαθέσει
1959 1189 2053 1243 καὶ
2123 1190 2306 1244 πίστει
2368 1191 2672 1264 εἰλικρινεῖ,
2721 1194 2855 1265 φέρε
2917 1213 2969 1249 τι
3008 1195 3182 1269 βραχὺ
3259 1199 3359 1253 καὶ
3398 1198 3535 1271 πρὸς

270 1277 447 1331 ταῦτα
481 1278 749 1349 λέγωμεν,
776 1280 1025 1349 πανταχῆ
1049 1278 1353 1343 δεικνύντες
1384 1279 1736 1352 ἀφραίνοντα,
1756 1280 1851 1333 καὶ
1883 1280 1993 1333 τῶν
2026 1281 2185 1352 ίερῶν
2215 1283 2565 1355 Γραμμάτων
2609 1284 2709 1338 οὐκ
2743 1285 2889 1341 ίόντα
2918 1289 3038 1340 κατ’
3072 1288 3226 1343 εὐθύ.

347 1370 470 1423 Ὅτι
498 1370 600 1439 μὲν
632 1369 741 1443 γὰρ
761 1369 1002 1423 διαθέσει
1044 1372 1122 1442 ’τῇ
1171 1370 1437 1443 νοουμένη
1465 1371 1608 1426 κατὰ
1630 1371 1728 1442 τὴν
1766 1388 1857 1425 τε-

270 1465 423 1519 λείαν
458 1465 699 1537 ἀγάπην,
730 1464 863 1537 ὀρθῇ
895 1483 957 1518 τε
996 1467 1089 1519 καὶ
1131 1466 1477 1538 ἀδιαστρόφῳ
1508 1467 1709 1533 πίστει,
1733 1466 1858 1537 φιλ-

273 1558 456 1628 αρέτῳ
492 1574 552 1611 τε
589 1557 684 1611 καὶ
711 1557 996 1629 εἰλικρινεῖ
1025 1557 1272 1630 λογισμῷ
1300 1559 1669 1630 συνενούμεθα
1691 1576 1857 1614 πνευ-

277 1649 526 1722 ματικῶς
548 1649 625 1722 τῷ
650 1649 891 1723 Χριστῷ,
912 1650 1162 1723 οὐδαμῶς
1190 1650 1552 1723 ἐξαρνήσεται
1584 1651 1692 1706 τῶν
1726 1652 1858 1724 παρ’

274 1744 411 1813 ἡμῖν
432 1742 720 1814 δογμάτων
743 1744 771 1797 ὀ
797 1743 977 1812 λόγος’
999 1742 1335 1817 συνεροῦμεν
1378 1743 1486 1814 γὰρ
1514 1745 1595 1798 ὅτι
1624 1744 1689 1816 δὴ
1711 1745 1858 1816 μάλα
1888 1775 1931 1830 Β

273 1835 435 1889 τοῦτό
469 1852 630 1904 φασιν
656 1836 852 1909 ὀρθῶς.
878 1835 950 1889 Τὸ
983 1834 1041 1889 δέ
1083 1852 1147 1905 γε
1203 1835 1619 1908 καταθαρσῆσαι
1644 1836 1854 1906 λέγειν,

274 1928 354 1991 ὼς
381 1927 558 1992 οὐδεὶς
587 1929 714 2001 ἡμῖν
750 1929 1042 1999 συναφείας
1073 1929 1172 1999 τῆς
1203 1930 1343 1984 κατά
1390 1931 1568 2002 σάρκα
1596 1930 1732 2001 πρὸς
1760 1930 1858 1984 αὐ-

274 2017 369 2069 τὸν
404 2020 431 2072 ό
460 2016 634 2086 λόγος,
685 2017 994 2092 ὁλοκλήρως
1042 2019 1246 2091 ἀπᾷδον
1304 2023 1424 2085 ταῖς
1482 2020 1861 2085 θεοπνεύστοις

276 2110 521 2181 Γραφαῖς
547 2110 901 2183 ἐπιδείξομεν.
928 2111 1054 2179 Πῶς
1102 2113 1211 2184 γὰρ
1255 2113 1321 2168 ἂν
1346 2114 1671 2185 ἀμφίλογον,
1722 2114 1755 2186 ῆ
1778 2115 1861 2180 τίς

275 2201 347 2254 ἂν
375 2201 513 2267 ὅλως
539 2202 809 2258 ἐνδοιάσαι
838 2204 967 2257 ποτὲ
987 2203 1094 2257 τῶν
1123 2200 1182 2258 εὖ
1214 2207 1429 2277 φρονεῖν
1458 2205 1749 2269 εἰωθότων,
1785 2206 1862 2269 ὡς

278 2292 525 2363 ἄμπελος
582 2294 680 2365 μέν
717 2296 833 2348 ἐστι
881 2294 1026 2349 κατά
1085 2294 1243 2349 τοῦτο
1288 2296 1548 2366 Χριστός·
1608 2298 1770 2369 ἡμεῖς
1806 2297 1862 2350 δὲ

280 2385 580 2457 κλημάτων
629 2386 1022 2452 ἀποτελοῦντες
1070 2387 1259 2459 σχῆμα
1295 2389 1394 2460 τὴν
1441 2389 1502 2453 ἐξ
1560 2388 1726 2443 αὐτοῦ
1770 2390 1865 2441 καὶ

280 2480 411 2550 παρ’
444 2478 611 2533 αὐτοῦ
644 2478 791 2553 ζωὴν
816 2480 898 2543 εις
922 2480 1120 2544 αὐτοὺς
1152 2480 1513 2553 κομιζόμεθα,
1548 2480 1726 2535 καίτοι
1766 2481 1863 2535 τοῦ

278 2570 494 2624 Παύλου
516 2571 787 2641 λέγοντος·
818 2593 836 2624 ι
864 2574 927 2626 Ol
955 2573 1065 2644 γὰρ
1088 2573 1288 2637 πάντες
1314 2574 1372 2628 ἒν
1411 2573 1573 2645 σῶμά
1611 2576 1780 2645 ἐσμεν
1807 2575 1865 2627 ἐν

278 2663 518 2736 Χριστῷ,
538 2666 620 2719 ὅτι
649 2659 728 2729 εἷς
750 2667 914 2737 ἄρτος
943 2666 993 2720 οἱ
1025 2666 1206 2720 πολλοί
1238 2669 1423 2738 ἐσμεν·
1448 2668 1497 2722 οἱ
1531 2666 1639 2740 γὰρ
1666 2667 1867 2729 πάντες

278 2758 346 2807 ὲκ
373 2754 466 2808 τοῦ
499 2754 616 2819 ἐνὸς
642 2756 805 2827 ἀρτου
832 2757 1152 2828 μετέχομεν.
1193 2777 1212 2810 ι
1247 2757 1467 2826 Λεγέτω
1496 2758 1607 2830 γάρ
1629 2775 1713 2821 τις
1734 2759 1867 2829 ἡμῖν

278 2844 379 2915 τὴν
411 2844 624 2910 αἰτίαν,
666 2847 763 2900 καὶ
800 2846 1098 2900 διδασκέτω
1145 2846 1434 2922 παρελθὼν
1470 2847 1570 2918 τῆς
1600 2848 1869 2918 μυστικῆς

280 2938 532 3007 εὐλογίας
564 2938 665 3011 τὴν
706 2939 955 3011 δύναμιν.
1014 2941 1227 2996 Γίνεται
1267 2942 1377 3013 γὰρ
1423 2943 1480 2996 ἐν
1534 2943 1668 3014 ἡμῖν
1688 2942 1865 3009 διατί;

284 3024 407 3101 'Ap‘
437 3029 560 3101 οὐχὶ
584 3031 678 3084 καὶ
710 3032 1039 3102 σωματικῶς
1077 3036 1211 3104 ἡμῖν
1251 3033 1589 3099 ἐνοικίζουσα
1616 3034 1708 3087 τὸν
1734 3036 1867 3107 Χρι-

2028 1371 2139 1428 Nos
2167 1375 2372 1444 quippe
2399 1374 2598 1431 all'ectu
2627 1376 2921 1434 charitatis
2964 1380 3246 1449 perfectae,
3275 1390 3535 1455 rectaque

1956 1473 2011 1519 et
2044 1464 2376 1522 inconcussa
2410 1467 2539 1531 ﬁde,
2578 1476 2634 1523 et
2681 1468 2897 1525 sincera
2925 1486 2990 1526 ac
3029 1472 3255 1529 virtutis
3281 1476 3533 1532 studiosa

1958 1568 2142 1613 mente
2177 1558 2406 1615 Christo
2474 1563 2801 1631 spiritaliter
2849 1565 3021 1629 uniri,
3070 1578 3389 1624 n05trorum
3436 1570 3535 1625 do-

1958 1658 2208 1720 gmatum
2231 1652 2373 1707 ratio
2405 1653 2718 1710 nullatenus
2745 1654 3119 1712 inﬁciabitur:
3159 1675 3260 1715 nos
3275 1661 3419 1716 enim
3451 1678 3537 1719 re-

1958 1752 2044 1796 cte
2070 1743 2120 1797 id
2152 1758 2248 1798 eos
2285 1746 2484 1800 docere
2517 1744 2833 1802 fatebimur.
2860 1747 3018 1815 Quod
3045 1764 3177 1805 vero
3207 1750 3390 1807 dicere
3418 1754 3536 1809 ausi

1960 1841 2091 1887 sunt
2130 1836 2336 1889 nullam
2383 1851 2507 1891 esse
2550 1835 2711 1892 nobis
2753 1854 2879 1893 cum
2913 1854 2979 1895 eo
3008 1841 3253 1898 carnalis
3300 1843 3537 1913 conjun-

1959 1924 2161 1980 ctionis
2193 1928 2487 1991 rationem,
2524 1930 2703 1985 sacris
2733 1928 2958 1987 Litteris
2980 1931 3286 1990 dissentire
3316 1936 3537 2005 penitus

1961 2019 2338 2075 ostendemus.
2370 2020 2506 2086 Quis
2552 2022 2699 2077 enim
2732 2039 2903 2079 sanus
2935 2024 3273 2082 dubitaverit
3296 2043 3537 2098 unquam

1961 2123 2025 2163 ea
2076 2110 2289 2166 ratione
2334 2111 2617 2167 Christum
2653 2128 2776 2170 esse
2808 2115 2996 2179 vitem,
3037 2131 3139 2172 nos
3181 2133 3311 2173 vero
3341 2117 3539 2190 palmi-

1963 2210 2076 2254 tum
2114 2200 2343 2257 formam
2391 2202 2715 2268 referentes,
2752 2206 2918 2260 vitam
2968 2222 3035 2262 ex
3086 2208 3205 2277 ipso
3234 2219 3283 2264 et
3321 2210 3391 2264 ab
3420 2210 3541 2282 ipso

1963 2291 2017 2345 in
2060 2306 2162 2346 nos
2192 2294 2432 2359 trahere,
2464 2310 2589 2349 cum
2636 2296 2842 2351 Paulus
2868 2297 3056 2353 dicat:
3091 2317 3110 2350 ι
3159 2298 3362 2356 Omnes
3395 2304 3538 2356 enim

1965 2395 2135 2435 unum
2165 2396 2367 2453 corpus
2396 2400 2590 2440 sumus
2624 2386 2679 2439 in
2713 2385 2958 2456 Christo,
2986 2391 3247 2460 quoniam
3278 2407 3422 2447 unus
3446 2407 3543 2463 pa-

1965 2490 2053 2529 nis
2087 2475 2245 2530 multi
2281 2492 2515 2534 sumus:
2558 2494 2750 2537 omnes
2785 2482 2931 2537 enim
2962 2483 3029 2538 de
3058 2499 3169 2539 uno
3199 2500 3339 2556 pane
3374 2486 3545 2556 parti-

1966 2566 2216 2635 cipamus
2248 2567 2337 2622 “?
2373 2588 2393 2621 ι
2428 2567 2584 2624 Dicat
2604 2571 2751 2625 enim
2786 2572 2947 2628 nobis
2981 2573 3182 2643 aliquis
3212 2590 3462 2640 causam,
3492 2585 3545 2631 et

1965 2657 2076 2711 vim
2121 2658 2355 2731 eulogia:
2404 2662 2654 2732 mystica:
2701 2662 2880 2718 obiter
2926 2664 3140 2720 doceat.
3169 2665 3313 2721 'Nam
3359 2684 3459 2723 cur
3488 2670 3543 2722 in

1969 2750 2130 2805 nobis
2162 2751 2468 2806 inseritur?
2496 2751 2690 2811 Nonne
2717 2765 2777 2810 ut
2814 2755 3096 2812 Christum
3124 2758 3436 2815 inhabitare
3469 2760 3548 2814 fa-

1969 2842 2082 2897 ciat
2110 2844 2165 2898 in
2195 2844 2376 2911 nobis,
2403 2846 2569 2901 etiam
2606 2849 2997 2919 corporaliter,
3032 2851 3464 2921 participatione
3490 2861 3545 2908 et

1969 2939 2355 2995 communione
2376 2950 2581 2995 sancta:
2603 2956 2718 2997 suae
2752 2943 2978 2999 carnis?
3003 2941 3273 3000 Praeclare
3297 2944 3545 3015 quidem:

1972 3029 2164 3084 scribit
2194 3030 2340 3085 enim
2374 3030 2580 3087 Paulus
2604 3040 2795 3102 gentes
2820 3032 2997 3089 factas
3024 3048 3146 3089 esse
3184 3053 3201 3085 ι
3240 3048 3548 3104 concorpo—

284 3121 409 3175 στὸν
426 3125 493 3192 τῇ
520 3122 733 3193 μεθέξει
759 3124 854 3178 καὶ
876 3125 1130 3197 κοινωνίᾳ
1144 3126 1245 3197 τῆς
1264 3126 1428 3196 ἁγίας
1447 3126 1612 3180 αὐτοῦ
1630 3127 1829 3199 σαρκός
1850 3145 1865 3193 ;

1971 3122 2141 3186 rales.
2178 3130 2233 3178 et
2269 3124 2714 3195 comparticipes,
2747 3134 2802 3181 et
2834 3125 3149 3184 coha‘redes
3179 3124 3389 3182 Christi
3426 3128 3496 3181 ’⁸.
3527 3147 3545 3179 ι

297 3212 439 3265 Ἀλλ’
465 3209 619 3284 οἶμαι
644 3213 824 3283 λέγειν
860 3215 1056 3287 ὀρθῶς·
1098 3217 1299 3289 γράφει
1329 3218 1438 3289 γὰρ
1472 3220 1501 3272 ὁ
1538 3218 1749 3282 Παῦλος
1780 3236 1870 3287 γε-

283 3304 546 3375 γενῆσθαι
571 3307 639 3359 τὰ
671 3306 797 3378 ἐθνη
844 3326 862 3359 ι
902 3308 1186 3379 σύσσωμα,
1243 3310 1337 3365 καὶ
1395 3315 1741 3383 συμμέτοχα,
1776 3312 1872 3365 καὶ

289 3397 706 3469 συγκληρονόμα
731 3399 991 3471 Χριστοῦ.
1025 3420 1044 3453 ι
1081 3401 1357 3473 Σύσσωμα
1400 3402 1695 3474 τοιγαροῦν
1725 3403 1871 3457 κατά

286 3491 440 3543 ποῖον
476 3489 763 3563 ἀπεφάνθη
796 3492 1031 3564 τρόπον;
1072 3493 1403 3560 Ἀξιωθέντα
1436 3495 1547 3566 γὰρ
1579 3499 1872 3567 μετασχεῖν

286 3581 384 3651 τῆς
414 3580 665 3650 εὐλογίας
692 3584 790 3654 τῆς
843 3585 1133 3656 μυστικῆς,
1190 3585 1252 3638 ἓν
1284 3587 1421 3654 πρὸς
1472 3587 1636 3641 αὐτὸν
1681 3588 1873 3656 γέγονε

288 3673 472 3743 σῶμα,
497 3673 747 3747 καθάπερ
777 3676 969 3746 ἀμέλει
1000 3679 1095 3732 καὶ.
1121 3678 1230 3732 τῶν
1258 3679 1431 3748 ἁγίων
1474 3679 1707 3745 ἕκαστος
1736 3682 1873 3735 ἀπο-

291 3766 513 3819 στόλων.
551 3767 704 3821 Ἐπεὶ
730 3768 819 3822 διὰ
847 3770 1008 3823 ποίαν
1039 3770 1217 3826 αἰτίαν
1251 3771 1388 3843 μέλη
1416 3771 1512 3826 τοῦ
1536 3772 1774 3844 Χριστοῦ
1807 3774 1875 3828 τὰ

289 3858 489 3923 οἰκεῖα,
528 3860 728 3929 μᾶλλον
756 3860 814 3914 δέ
859 3860 928 3915 τά
961 3863 1200 3928 πάντων,
1230 3863 1307 3927 ὡς
1325 3862 1491 3918 αὐτοῦ
1516 3865 1875 3934 κατωνόμασε

291 3951 426 4024 μέλη
452 3969 466 4019 ;
505 3952 712 4024 Γράφει
744 3952 852 4024 γάρ
884 3952 1075 4018 οὕτως·
1104 3973 1122 4006 ι
1159 3955 1273 4009 Οὐκ
1297 3955 1497 4021 οἴδατε,
1528 3956 1610 4009 ὅτι
1634 3956 1703 4009 τά
1736 3956 1872 4028 μέλη

288 4044 466 4114 ὐμῶν,
500 4044 637 4116 μέλη
671 4044 912 4116 Χριστοῦ
936 4048 1116 4112 ἐστιν;
1151 4048 1327 4121 Ἀρας
1360 4043 1453 4101 οῦν
1488 4048 1559 4102 τὰ
1600 4049 1735 4119 μέλη
1768 4047 1873 4101 τοῦ

287 4136 550 4206 Χριστοῦ,
592 4138 806 4209 ποιήσω
838 4138 1047 4210 πόρνης
1074 4138 1244 4210 μέλη;
1274 4138 1367 4211 Μὴ
1396 4139 1625 4208 γένοιτο.
1650 4160 1668 4190 ι
1716 4139 1877 4193 Ἀλλά

288 4233 385 4286 καὶ
409 4231 574 4295 αὐτὸς
600 4232 630 4284 ὀ
663 4231 873 4303 Σωτήρ
922 4249 941 4284 ι
982 4232 1041 4285 '0
1081 4230 1310 4303 τρώγων
1366 4249 1469 4303 μου
1522 4232 1621 4304 τὴν
1658 4232 1876 4303 σάρκα,

290 4322 447 4394 φησὶ,
474 4322 570 4375 καὶ
596 4320 765 4377 πίνων
813 4338 915 4393 μου
972 4321 1034 4375 τὸ
1062 4318 1224 4393 αἷμα,
1249 4324 1307 4377 ἐν
1336 4323 1461 4393 ἐμοὶ
1497 4323 1672 4393 μένει,
1721 4319 1877 4391 κάγὼ

1972 3212 2410 3285 Concorporales
2460 3226 2644 3271 autem
2678 3231 2920 3287 quonam
2968 3219 3135 3273 modo
3180 3217 3339 3274 factae
3381 3217 3554 3274 sunt?

1970 3303 2180 3377 Nempe
2219 3307 2451 3378 eulogia:
2484 3309 2731 3379 mystica:
2774 3309 3199 3379 participatione
3245 3310 3548 3373 honoratae,

1973 3412 2149 3451 unum
2185 3414 2310 3453 cum
2348 3414 2415 3453 eo
2460 3398 2618 3454 facta:
2664 3408 2794 3455 sunt
2842 3415 3069 3471 corpus.
3106 3402 3254 3457 sicut
3291 3412 3346 3458 et
3381 3418 3555 3457 unus-

1974 3488 2210 3559 quisque
2233 3496 2551 3544 sanctorum
2584 3490 2980 3561 apostolorum.
3008 3492 3251 3564 Alioqui,
3285 3509 3449 3564 quam
3483 3494 3559 3550 ob

1974 3593 2202 3633 causam
2256 3593 2374 3644 sua,
2420 3580 2533 3634 imo
2581 3581 2832 3635 omnium
2879 3582 3132 3636 membra
3215 3582 3383 3638 sicuti
3429 3598 3554 3649 sua,

1974 3668 2222 3724 membra
2269 3668 2477 3725 Christi
2533 3671 2923 3740 nuncupavit?
2972 3672 3067 3727 Sic
3120 3672 3270 3727 enim
3317 3674 3553 3729 scribit':

1981 3780 1999 3813 ι
2032 3759 2273 3817 Nescitis
2306 3760 2567 3831 quoniam
2599 3761 2765 3833 863
2798 3762 3046 3818 membra
3090 3773 3273 3819 vestra
3311 3764 3558 3821 membra

1975 3863 2106 3908 sunt
2150 3852 2407 3909 Christi?
2440 3852 2666 3909 Tollens
2707 3868 2839 3925 ergo
2886 3855 3130 3910 membra
3181 3854 3434 3919 Christi,
3472 3857 3557 3911 fa.-

1975 3947 2119 4001 ciam
2147 3946 2394 4002 membra
2428 3946 2783 4002 meretricis?
2812 3945 2974 4001 Absit
2996 3947 3077 4000 κε
3118 3965 3139 3999 ι
3171 3945 3279 4002 Sed
3302 3946 3560 4003 Servaton

1976 4038 2095 4110 ipse
2133 4054 2146 4091 :
2187 4058 2206 4091 ι
2250 4038 2356 4105 Qui
2404 4040 2705 4095 manducat
2746 4053 2925 4095 meam
2981 4053 3231 4105 carnem,
3270 4041 3476 4110 inquit,
3504 4049 3560 4096 et

1976 4130 2113 4187 bibit
2155 4146 2338 4187 meum
2388 4131 2736 4202 sanguinem,
2764 4131 2831 4185 in-
2865 4146 2954 4185 me
3002 4140 3211 4198 manet,
3260 4139 3316 4187 et
3357 4146 3460 4202 ego
3502 4132 3560 4187 in

1978 4221 2074 4277 illo
2104 4222 2172 4275 ⁸⁸.
2212 4240 2235 4275 ι
2272 4219 2373 4276 Hic
2422 4222 2573 4277 enim
2624 4221 3071 4277 animadvertere
3106 4232 3192 4277 est
3229 4235 3413 4291 operae
3441 4237 3563 4293 pre-

1981 4313 2145 4381 tium,
2192 4312 2475 4368 Christum
2509 4328 2621 4367 non
2661 4313 2850 4368 dicere
2882 4328 2944 4369 se
2982 4313 3256 4368 duntaxat
3304 4313 3360 4367 in
3398 4313 3564 4369 nobis

290 4414 348 4467 ὲν
400 4412 571 4484 αὐτῷ.
616 4432 636 4467 ι
717 4414 805 4467 Ἐν
825 4412 935 4484 γὰρ
978 4413 1043 4485 δὴ
1107 4413 1284 4485 τούτῳ
1345 4414 1583 4485 μάλιστα
1636 4414 1868 4468 κατιδεῖν

1980 4404 2229 4459 futurum
2270 4404 2575 4461 secundum
2606 4405 2940 4461 relationem.
2970 4403 3266 4476 quamdam
3299 4403 3563 4459 aﬂ'ectua-

289 4508 465 4575 ἀξιον,
492 4474 568 4572 ῶς
592 4507 655 4560 οὐ
673 4508 815 4561 κατά
838 4474 1043 4577 ,σέέσιν
1060 4506 1182 4560 τινά
1211 4474 1382 4576 μόνη-ν
1414 4505 1512 4577 τὴν
1552 4506 1611 4558 ἐν
1636 4505 1868 4560 διαθέσει

1980 4497 2111 4562 lem,
2137 4497 2233 4552 sed
2261 4504 2317 4552 et
2341 4511 2440 4568 per
2463 4496 2942 4567 participationem
2966 4474 3297 4551 naturalem.
3328 4494 3397 4551 Ut
3418 4497 3564 4552 enim

290 4600 589 4671 νοουμένην
615 4600 674 4652 ἐν
704 4599 834 4669 ἡμῖν
859 4597 1077 4654 ἔσεσθαί
1096 4614 1263 4669 φησιν
1286 4598 1314 4650 ὁ
1334 4598 1592 4668 Χριστὸς,
1625 4596 1762 4649 ἀλλὰ
1782 4597 1877 4650 καὶ

289 4692 437 4747 κατά
465 4691 681 4763 μέθεξιν
699 4691 958 4761 φυσικήν.
975 4691 1186 4761 Ὥσπερ
1206 4688 1316 4760 γὰρ
1336 4688 1390 4742 εί
1411 4705 1497 4751 τις
1521 4688 1691 4759 κηρὸν
1707 4688 1880 4759 ἑτέρῳ

293 4784 700 4850 συναναπλέξας
727 4783 905 4855 κηρῷ,
955 4783 1050 4837 καὶ
1078 4784 1214 4854 πυρὶ
1272 4782 1711 4853 συγκατατήξας,
1740 4782 1798 4834 ἓν
1825 4798 1878 4835 τι

288 4877 355 4930 τὸ
381 4875 441 4940 ἐξ
464 4876 666 4947 ἀμφοῖν
709 4875 1025 4947 ἐργάζεται,
1066 4873 1211 4928 οὕτω
1238 4873 1327 4927 διὰ
1370 4875 1471 4944 τῆς
1520 4872 1880 4943 μεταλ-ήψεως

293 4967 395 5021 τοῦ
437 4967 695 5039 σώματος
726 4967 821 5021 τοῦ
858 4966 1118 5039 Χριστοῦ,
1151 4966 1247 5020 καὶ
1283 4965 1379 5019 τοῦ
1406 4964 1587 5035 τιμίου
1619 4967 1884 5037 αἵματος,

297 5059 465 5123 αὐτὸς
500 5059 599 5131 μὲν
622 5061 681 5113 ἐν
708 5060 860 5132 ἡμῖν,
918 5060 1082 5130 ἡμεῖς
1104 5057 1163 5111 δὲ
1194 5053 1262 5113 αὖ
1290 5060 1454 5115 πάλιν
1482 5061 1541 5113 ἐν
1574 5058 1724 5130 αὐτῷ
1758 5077 1887 5114 συν-

294 5153 588 5223 ενούμεθα.
613 5154 690 5207 Οὐ
718 5153 826 5225 γὰρ
848 5148 918 5223 ῆν
945 5153 1150 5224 ἑτέρως
1169 5151 1576 5223 ζωοποιηθῆναι
1602 5150 1884 5216 δύνασθαι,

292 5244 357 5297 τὸ
385 5242 704 5316 φθείρεσθαι
732 5244 996 5316 πεφυκὸς,
1027 5245 1076 5297 εἰ
1114 5243 1188 5314 μὴ
1224 5242 1532 5313 συνεπλάκη
1560 5241 1888 5312 σωματικῶς

292 5336 378 5405 τῷ
409 5336 624 5406 σώματι
654 5335 757 5406 τῆς
803 5336 947 5390 κατά
1001 5336 1163 5404 φύσιν
1220 5334 1387 5405 ζωῆς,
1433 5333 1580 5387 τοῦτ’
1620 5333 1759 5398 ἐστι,
1786 5331 1882 5387 τοῦ

295 5427 659 5494 Μονογενοῦς.
701 5428 811 5481 Καὶ
834 5428 883 5480 εἰ
913 5426 989 5497 μὴ
1018 5429 1131 5489 τοῖς
1160 5426 1313 5496 ἐμοῖς
1343 5422 1652 5496 καταπείθῃ
1680 5423 1881 5492 λόγοις,

246 5554 249 5555 ν
296 5517 483 5581 ἐπίδος
511 5515 609 5587 τὴν
664 5517 849 5570 πίστιν
900 5515 1049 5586 αὐτῷ
1074 5514 1265 5586 βοῶντι
1316 5512 1564 5583 Χριστῷ·
1613 5532 1631 5564 ι
1674 5514 1880 5583 ’Λμὴν,

1975 4590 2023 4646 si
2050 4589 2175 4661 quis
2205 4603 2393 4645 ceram
2437 4602 2579 4644 cera:
2610 4589 2860 4643 indutam
2898 4588 3023 4659 igne
3051 4586 3217 4643 simul
3249 4586 3564 4658 liquaverit,

1975 4697 2147 4738 unum
2197 4681 2332 4753 quid
2382 4697 2453 4736 ex
2495 4681 2768 4736 ambobus
2815 4679 3002 4746 edicit,
3040 4681 3115 4734 ita
3164 4694 3263 4750 per
3313 4681 3568 4751 corporis

1976 4773 2208 4838 Christi,
2235 4780 2289 4828 et
2321 4772 2550 4843 pretiosi
2586 4772 2879 4841 sanguinis
2918 4764 3413 4842 participationem
3448 4772 3567 4840 ipse

1977 4865 2205 4937 quidem
2256 4864 2315 4920 in
2357 4864 2538 4930 nobis,
2594 4880 2698 4921 nos
2734 4872 2918 4919 autem
2953 4879 3150 4920 rursus
3185 4864 3239 4918 in
3285 4879 3351 4919 eo
3402 4864 3565 4919 simul

1984 4961 2233 5016 unimur.
2267 4957 2381 5015 Nec
2410 4959 2556 5014 enim
2588 4959 2747 5014 aliter
2774 4957 3039 5013 viviﬁcari
3076 4965 3256 5029 potest
3281 4957 3431 5028 quod
3466 4974 3568 5011 na-

1984 5059 2112 5106 tura
2163 5065 2264 5107 sua
2321 5058 2409 5106 est
2451 5050 2847 5120 corruptibile,
2899 5065 3067 5121 quam
3119 5050 3168 5105 si
3202 5049 3570 5119 corporaliter

1986 5145 2201 5201 unitum
2250 5144 2323 5199 sit
2370 5143 2591 5214 corpori
2636 5143 2760 5212 ejus
2814 5143 2911 5212 qui
2962 5142 3271 5198 secundum
3311 5152 3567 5196 naturam

1987 5252 2146 5293 suam
2197 5245 2284 5291 est
2318 5236 2449 5300 vita,
2499 5234 2606 5289 hoc
2652 5242 2739 5290 est
2775 5231 3079 5303 Unigeniti.
3114 5231 3273 5300 Quod
3329 5231 3375 5286 si
3430 5232 3570 5287 meis

1990 5329 2176 5385 verbis
2209 5327 2534 5399 persuaderi
2574 5335 2629 5381 te
2680 5341 2791 5382 non
2829 5325 2993 5389 sinis,
3034 5323 3142 5395 ipsi
3189 5322 3415 5377 Christo
3460 5325 3573 5375 cla-

1991 5421 2163 5475 manti
2210 5420 2371 5475 ﬁdem
2419 5418 2657 5473 adhibe:
2698 5437 2716 5469 ι
2756 5418 2951 5479 Amen,
2995 5431 3155 5471 amen
3211 5414 3335 5467 dico
3370 5412 3566 5468 vobis:

1993 5514 2103 5568 nisi
2133 5511 2596 5566 manducaveritis
2625 5523 2848 5565 carnem
2874 5506 2999 5562 Filii
3030 5504 3294 5573 hominis,
3320 5511 3376 5561 et
3419 5504 3572 5560 bibe.

374 5700 423 5734 ’θ
466 5700 481 5755 I
518 5701 647 5756 Cor.
687 5717 716 5755 x
757 5743 770 5768 ,
812 5700 894 5756 l7.
974 5703 1013 5736 "
1062 5701 1263 5770 Ephcs.
1304 5716 1398 5765 ιιι,
1432 5699 1486 5755 6.
1566 5700 1614 5729 ⁹²
1658 5696 1676 5750 l
1717 5700 1843 5755 Cor.

2033 5697 2118 5751 15.
2192 5696 2237 5727 ’³
2277 5692 2436 5749 Joan.
2486 5709 2570 5759 v1,
