3892 6202
318 173 425 233 διδ

1362 166 1422 226 5.
1444 167 1727 226 CYRlLLl
1765 163 2240 222 ALEXANDHINI
2273 164 2587 222 ARCHIEP.

3478 171 3591 228 διδ

316 288 440 346 ritis
490 287 612 359 ejus
656 287 1005 361 sanguinem.
1038 304 1146 344 non
1183 287 1465 344 habebitis
1494 287 1664 342 vitam
1709 286 1767 340 in
1806 299 1904 339 vo-

2018 282 2151 355 ὶμήν
2174 282 2318 352 λέγω
2347 282 2497 353 ὑμῖν,
2530 284 2625 337 ἐὰν
2655 282 2731 354 μὴ
2766 281 2977 353 φάγητε
3005 282 3105 353 τήν
3135 283 3315 356 σάρκα
3336 284 3434 338 τοῦ
3451 284 3591 340 Υίοῦ

319 383 423 439 bis.
465 380 569 449 Qui
619 381 768 438 enim
814 380 1112 436 manducat
1156 395 1334 436 meam
1383 394 1632 445 carnem,
1670 385 1726 434 et
1764 377 1904 433 bibit

319 488 497 528 meum
535 474 885 544 sanguinem,
919 473 1082 528 habet
1130 471 1299 528 vitam
1348 480 1649 528 aeternam:
1697 478 1754 527 et
1801 482 1906 541 ego

322 566 663 622 resuscitabo
688 582 813 622 eum
843 566 897 620 in
929 566 1236 622 novissimo
1273 564 1365 622 die
1392 564 1460 618 ’ἡ
1502 582 1522 618 ι
1564 560 1741 618 Audis
1777 576 1905 617 eum

320 667 509 730 aperte
534 660 929 731 praedicantem
968 657 1142 730 quod,
1178 659 1285 715 nisi
1326 672 1554 714 carnem
1597 654 1721 727 ejus
1749 669 1908 710 man-

321 753 708 808 ducavarimus
735 761 791 808 et
825 752 1129 808 hiberimus
1151 751 1274 820 ejus
1299 749 1651 822 sanguinem.
1669 762 1778 803 non
1807 746 1912 801 lia-

324 845 489 899 bituri
518 845 694 901 simus
723 845 780 899 in
806 844 988 910 nobis,
1022 843 1130 899 hoc
1159 853 1243 899 est
1268 844 1322 897 in
1348 842 1571 913 propria
1604 855 1796 906 carne,
1826 838 1910 894 vi-

326 942 436 987 tam
465 935 768 989 aeternam?
795 933 1026 989 IEterna
1060 942 1245 990 autem
1278 935 1390 989 vita
1416 933 1544 1003 jure
1593 930 1920 988 censebitur

334 1019 463 1057 caro
496 1007 640 1073 vita,
681 1008 788 1063 hoc
828 1016 915 1065 est
950 1008 1247 1081 Unigeniti.
1281 1008 1409 1067 Haec
1440 1026 1570 1067 vero
1598 1026 1711 1082 quo
1743 1020 1905 1082 pacto

335 1111 434 1152 nos
472 1097 525 1152 in
558 1106 803 1154 extrema
838 1100 927 1156 die
950 1102 1203 1168 suscitet,
1241 1103 1432 1160 audies
1476 1111 1536 1158 tu
1582 1113 1733 1160 certe
1781 1105 1905 1174 qui-

331 1186 477 1253 dem,
494 1205 593 1261 ego
610 1206 736 1247 vero
760 1191 966 1248 referre
988 1209 1101 1249 non
1122 1196 1413 1265 gravabor.
1436 1193 1733 1267 Postquam
1760 1195 1905 1250 facta

332 1288 417 1335 est
446 1297 578 1337 caro
605 1285 745 1348 vitai,
779 1283 885 1340 hoc
913 1294 997 1341 est
1025 1285 1188 1342 Verbi
1219 1288 1365 1359 quod
1399 1302 1465 1342 ex
1499 1285 1609 1343 Deo
1661 1295 1717 1342 et
1745 1286 1906 1342 Patre

330 1371 556 1439 etlulsit,
588 1374 655 1428 ad
702 1377 824 1431 vita:
859 1377 968 1431 vim
1002 1378 1242 1445 transiit,
1280 1394 1381 1435 nec
1424 1378 1537 1435 ﬁeri
1578 1386 1758 1449 potest
1786 1386 1905 1433 uta

334 1474 510 1521 morte
546 1466 656 1521 vita
686 1468 958 1525 vincatur.
989 1469 1444 1542 Quandoquidem
1484 1486 1619 1543 ergo
1648 1471 1797 1525 facta
1822 1480 1907 1528 est

335 1557 391 1611 in
420 1557 579 1613 nobis
612 1559 744 1623 vita,
772 1560 993 1616 vincula
1023 1562 1221 1619 mortis
1258 1578 1605 1635 nequaquam
1642 1563 1911 1633 patietur,

2008 375 2103 429 τοῦ
2130 373 2444 447 ἀνθρώπου,
2473 374 2569 431 καὶ
2595 374 2754 444 πίητε
2788 374 2950 429 αὑτοῦ
2977 375 3040 429 τὸ
3067 368 3229 447 αἷμα,
3281 377 3381 431 οὑκ
3435 377 3593 448 ἔχετο

2010 464 2155 538 ζωὴν
2188 467 2247 521 ἐν
2267 467 2469 529 αὐτοῖς.
2504 468 2570 521 '0
2590 466 2819 538 τρώγων
2854 485 2955 540 μου
2983 468 3083 540 τὴν
3134 470 3331 541 σάρκα,
3363 471 3458 524 καὶ
3496 471 3595 523 πί-

2009 575 2116 611 νων
2142 575 2246 629 μου
2271 557 2333 611 τὸ
2365 554 2524 627 αἷμα,
2544 556 2655 628 ἔχει
2682 557 2826 630 ζωὴν
2851 559 3087 616 αἰώνιον
3114 560 3270 629 κάγὼ
3297 563 3595 632 ἀναστήσω

2010 650 2173 705 αὑτὸν
2199 652 2259 704 ἐν
2309 654 2375 723 τῇ
2430 650 2631 723 ἐσχάτῃ
2681 653 2927 724 ἡμέρα.»
2976 653 3216 717 Ἀκούεις
3252 653 3353 724 ήδη
3403 653 3595 706 λοιπὸν

2010 742 2259 815 ἐναργῶς
2281 742 2581 806 διειπόντος
2635 743 2821 809 αὑτοῦ,
2851 744 2929 807 ὡς
2967 744 3034 799 ἄν
3068 744 3141 817 μὴ
3188 744 3451 815 φάγωμεν
3489 745 3593 816 τὴν

2012 832 2193 905 σάρκα
2216 832 2403 895 αὑτοῦ,
2454 833 2548 886 καὶ
2606 832 2822 904 πίωμεν
2874 836 2936 887 τὸ
2967 829 3127 905 αἷμα,
3161 835 3261 888 οὐκ
3309 835 3503 905 ἔχομεν
3530 836 3595 889 ὲν

2010 924 2244 989 ἑαυτοῖς,
2272 922 2416 977 τοῦτ’
2445 922 2608 987 ἔστιν,
2647 926 2705 976 ὲν
2743 926 2809 995 τῇ
2859 924 2964 996 ίδίᾳ
2996 924 3157 996 σαρκὶ
3174 924 3317 996 ζωὴν
3336 924 3594 993 αἱώνιον;

2011 1013 2248 1086 Νοηθείη
2271 1014 2316 1067 δ’
2352 1012 2418 1067 ἂν
2440 1016 2474 1084 ἡ
2507 1013 2725 1078 αἰώνιος
2754 1012 2902 1085 ζωὴ,
2958 1017 3053 1068 καὶ
3089 1015 3233 1085 μάλα
3278 1015 3522 1078 δικαίως.
3550 1017 3588 1083 ἡ

2012 1106 2151 1179 σὰρξ
2175 1106 2277 1177 τῆς
2305 1105 2475 1176 ζωῆς,
2525 1107 2673 1161 τοῦτ’
2701 1106 2837 1170 ἐστι,
2887 1106 2982 1159 τοῦ
3037 1107 3394 1175 Μονογενοῦς.
3438 1106 3593 1176 Αὕτη

2010 1197 2068 1251 δὲ
2096 1198 2246 1269 ἡμᾶς
2269 1198 2549 1270 ἀνίστησιν
2592 1198 2649 1250 ὲν
2683 1200 2748 1269 τῇ
2780 1198 2988 1269 ἐσχάτῃ
3036 1198 3241 1270 ἡμέρᾳ,
3275 1198 3392 1261 πῶς
3414 1197 3446 1267 ἢ
3468 1198 3596 1250 τίνα

2011 1290 2212 1362 τρόπον
2266 1289 2477 1363 ἀκούσῃ
2510 1290 2609 1360 μὲν
2642 1289 2705 1362 δή
2747 1306 2848 1343 που
2904 1291 3152 1356 πάντως,
3186 1288 3297 1357 ἐγὼ
3324 1289 3382 1344 δὲ
3415 1292 3599 1343 εἰπεῖν

2010 1381 2112 1435 οὐκ
2136 1382 2371 1452 ὀκνήσω.
2409 1380 2626 1452 Ἐπειδὴ
2679 1380 2787 1453 γὰρ
2843 1380 2979 1452 σὰρξ
3023 1380 3237 1448 ἐγένετο
3264 1379 3364 1449 τῆς
3406 1378 3548 1450 ζωῆς
3571 1415 3595 1445 ν

2010 1471 2161 1526 τοῦτ’
2182 1472 2318 1537 ἔστι,
2349 1473 2445 1526 τοῦ
2475 1474 2541 1527 ὲκ
2575 1471 2712 1526 Θεοῦ
2765 1474 2861 1526 καὶ
2918 1474 3133 1544 nam;
3176 1472 3598 1543 ἁναλάμψαντος

2011 1563 2209 1631 Λόγου,
2243 1563 2381 1635 πρὸς
2409 1564 2506 1635 τήν
2536 1564 2637 1633 τῆς
2673 1561 2818 1635 ζωῆς
2841 1563 3194 1635 μετεχώρησε
3222 1563 3471 1635 δύναμιν,
3492 1566 3595 1618 καὶ

334 1648 431 1704 sed
457 1652 868 1722 corruptionem
896 1653 1086 1723 utique
1117 1654 1422 1724 superabit,
1454 1668 1583 1708 eum
1610 1668 1674 1709 ea
1694 1669 1815 1724 qua:
1839 1668 1908 1708 ex

2018 1655 2125 1709 ἔστι
2147 1654 2258 1709 τῶν
2282 1655 2580 1725 ἀμηχάνων
2603 1654 2817 1725 θανάτῳ
2843 1654 3099 1709 νικᾶσθαι
3123 1654 3223 1725 τὴν
3252 1653 3420 1725 ζωήν.
3445 1656 3595 1708 Οὐκ-

333 1743 694 1812 corruptione
725 1753 948 1799 manent
987 1748 1263 1801 sustinere
1293 1746 1523 1801 nesciat.
1559 1763 1578 1797 ι
1618 1743 1730 1800 Nec
1763 1745 1915 1799 enim

331 1834 615 1904 corruptio
636 1836 1062 1907 incorruptelam
1084 1838 1408 1907 possidebit,
1423 1857 1442 1890 ι
1465 1837 1623 1907 juxta
1642 1836 1794 1891 Pauli
1817 1852 1912 1890 vo-

333 1940 452 1980 cem
475 1926 543 1981 ".
562 1923 697 1980 Nam
728 1942 853 1983 cum
876 1927 1131 1984 Christus
1155 1928 1502 1999 potissimum
1532 1927 1713 1983 dicat:
1744 1949 1762 1980 ι
1800 1927 1915 1999 Ego

330 2015 615 2071 suscitabo
640 2031 789 2081 eum,
827 2036 850 2070 ι
879 2034 1226 2089 nequaquam
1269 2019 1335 2075 ad
1374 2034 1599 2074 carnem
1637 2034 1794 2073 suam
1822 2035 1910 2074 re-

330 2108 443 2161 fert
467 2114 714 2163 mortuos
743 2109 1048 2165 suscitandi
1075 2119 1420 2181 potestatem.
1444 2110 1551 2167 Sed
1580 2127 1708 2167 cum
1740 2127 1911 2167 unum

331 2201 406 2252 sit
440 2214 567 2253 cum
601 2214 766 2255 carne
796 2215 895 2255 sua
928 2201 1024 2271 qui
1056 2202 1112 2255 in
1139 2217 1202 2256 ea
1234 2209 1319 2258 est
1362 2200 1508 2258 Deus
1544 2201 1823 2268 Verbum,
1846 2203 1914 2257 il-

332 2289 427 2345 lud
455 2307 551 2362 ego
584 2292 683 2356 ait,
716 2292 883 2363 idque
924 2292 1260 2349 rectissime.
1314 2292 1427 2350 Nec
1474 2295 1622 2350 enim
1657 2296 1915 2352 Christus

328 2381 388 2435 in
423 2381 563 2437 duos
594 2382 734 2439 ﬁlios
757 2382 1057 2450 scinditur,
1088 2400 1190 2440 nec
1213 2384 1453 2441 alienum
1486 2401 1611 2443 esse
1648 2387 1718 2441 ah
1772 2386 1913 2444 Uni-

325 2474 520 2544 genito
559 2489 759 2546 corpus
801 2476 921 2545 ejus
969 2477 1265 2547 quisquam
1304 2479 1602 2548 putaverit,
1642 2476 1912 2550 quemad-

332 2563 556 2619 modum
604 2581 797 2636 nempe
834 2574 892 2621 et
933 2582 965 2621 a
1018 2576 1206 2622 nostra
1240 2568 1425 2623 anima
1454 2584 1638 2632 nemo,
1670 2577 1732 2623 ut
1761 2584 1919 2633 reor,

335 2657 578 2711 alienum
610 2672 814 2728 corpus
850 2659 1122 2728 ejusesse
1154 2660 1318 2716 dicet.
1348 2659 1487 2716 Cum
1521 2661 1690 2732 igitur
1723 2678 1791 2717 ex
1827 2663 1913 2719 his

336 2746 781 2803 demonstratum
818 2748 980 2803 nobis
1025 2749 1097 2804 sit
1155 2749 1320 2803 vitem
1356 2748 1578 2818 quidem
1621 2749 1792 2823 864
1830 2750 1915 2807 id-

338 2841 487 2894 eirco
509 2838 798 2895 Christum
837 2856 982 2904 esse,
1007 2857 1113 2897 nos
1140 2857 1276 2896 vero
1300 2843 1577 2913 palmites,
1608 2852 1797 2912 utpote
1819 2843 1913 2914 qui

339 2934 459 3003 ejus
487 2933 897 3003 participationi
927 2950 1037 2988 non
1067 2934 1305 3004 spiritali
1339 2935 1690 2999 tantum,sed
1715 2943 1770 2991 et
1793 2949 1923 2990 cor-7

340 3027 516 3098 porali
546 3027 912 3092 adhmremus,
950 3026 1082 3105 quid
1123 3028 1176 3081 in
1207 3042 1314 3083 nos
1354 3026 1557 3083 frustra
1586 3027 1914 3091 deblaterat,

336 3119 531 3174 «licens
562 3134 631 3173 ex
663 3132 731 3172 co
754 3118 900 3188 quod
932 3134 1039 3173 non
1069 3118 1454 3188 corporaliter,
1484 3117 1587 3174 sed
1612 3117 1717 3173 ﬁde
1737 3119 1923 3189 potius

337 3216 396 3263 et
427 3206 625 3262 allecto
677 3208 932 3278 legitimae
965 3207 1258 3262 cbaritatis
1291 3208 1339 3263 ei
1390 3208 1761 3272 adhaeremus,
1794 3224 1918 3264 car—

339 3314 468 3356 nem
516 3314 672 3355 suam
712 3299 926 3356 idcirco
956 3300 1120 3355 vitem
1167 3316 1277 3355 non
1312 3302 1657 3367 nominasse,
1695 3301 1793 3359 sed
1825 3316 1925 3372 po-

341 3392 455 3447 tius
487 3391 790 3449 deitatem?

2010 1747 2105 1801 οῦν
2140 1746 2373 1817 ἐπείπερ
2402 1748 2459 1799 ἐν
2490 1746 2623 1818 ήμῖν
2650 1746 2873 1815 γέγονεν
2903 1748 2936 1817 ἡ
2967 1746 3080 1816 ζωὴ
3100 1786 3115 1810 ,
3151 1746 3262 1801 τῶν
3309 1746 3401 1800 τοῦ
3432 1747 3598 1802 θανά-

2007 1854 2104 1890 του
2124 1835 2341 1907 δεσμῶν
2369 1835 2475 1889 οὑκ
2527 1835 2817 1901 ἀνέξεται,
2880 1837 3092 1908 νικήσει
3138 1836 3197 1890 δὲ
3233 1836 3449 1899 πάντως
3489 1836 3597 1906 τὴν

2011 1926 2241 1998 φθοράν,
2282 1926 2517 1998 ἐπείπερ
2546 1927 2646 1980 οὑκ
2683 1920 2793 1981 οἶδε
2855 1926 2924 1997 τὰ
2969 1928 3028 1992 ἐξ
3080 1926 3249 1996 αὑτῆς
3272 1926 3592 1996 ὑπομένειν.

2017 2036 2037 2071 ι
2076 2019 2152 2072 Ui)
2177 2018 2285 2089 γὰρ
2308 2020 2342 2089 ή
2365 2018 2544 2089 φθορά
2566 2018 2668 2090 τὴν
2698 2017 3008 2091 ἀφθαρσίαν
3045 2018 3389 2090 κληρονομεῖ,
3410 2037 3428 2070 ι
3447 2017 3597 2073 κατὰ

2009 2111 2110 2183 τὴν
2146 2110 2243 2164 τοῦ
2277 2110 2493 2165 Παύλου
2543 2113 2749 2182 φωνήν.
2809 2110 2874 2163 Εί
2911 2110 3023 2181 γάρ
3062 2110 3157 2164 καὶ
3211 2110 3292 2163 ὅτι
3353 2110 3595 2179 μάλιστα

2010 2203 2267 2276 Χριστὸς,
2308 2222 2327 2255 ι
2377 2203 2541 2273 Ἐγὼ,
2594 2203 2780 2276 φησὶν,
2817 2204 3109 2275 ἀναστήσω
3160 2202 3350 2267 αὑτὸν,
3391 2221 3410 2255 ι
3469 2202 3593 2272 οὐχὶ

2015 2298 2151 2367 μόνῃ
2166 2298 2231 2366 τῇ
2262 2296 2371 2366 ἰδίᾳ
2391 2294 2735 2368 περιτέθεικε
2766 2296 2929 2366 σαρκί⁷
2955 2296 3018 2349 τὸ
3038 2294 3299 2350 δύνασθαι
3313 2295 3602 2365 διανιστᾷν

2010 2388 2137 2450 τοὺς
2174 2386 2631 2458 κεκοιμημένους.
2648 2386 2762 2440 ἀλλ’
2786 2385 2844 2440 ἓν
2878 2385 3141 2458 ὑπάρχων
3170 2384 3310 2455 μετά
3334 2385 3433 2457 τῆς
3455 2383 3599 2448 ιδίας

2013 2476 2213 2549 σαρκὸς
2235 2477 2264 2529 ὁ
2301 2478 2357 2531 ὲν
2386 2477 2525 2547 αὑτῇ
2554 2475 2687 2540 Θεὸς
2710 2476 2898 2544 Λόγος,
2925 2475 2988 2529 τὸ
3018 2474 3134 2545 ἐγὼ
3168 2475 3322 2545 φησὶ,
3355 2475 3451 2528 καὶ
3468 2473 3599 2528 λίαν

2011 2568 2206 2638 ὀρθῶς.
2244 2568 2321 2621 Οὐ
2348 2568 2457 2639 γὰρ
2495 2569 2575 2632 είς
2622 2567 2753 2621 υίῶν
2807 2567 2977 2621 δυάδα
3019 2566 3277 2637 τέμνεται
3320 2564 3592 2636 Χριστὸς,

2012 2659 2137 2714 οὔτε
2163 2659 2268 2732 μὴν
2295 2659 2577 2731 ἀλλότριον
2599 2657 2693 2712 τοῦ
2728 2658 3068 2727 Μονογενοῦς
3094 2659 3389 2729 ὑπονοήσαι
3413 2674 3499 2721 τις
3526 2656 3596 2709 ἂν

2012 2748 2073 2804 τὸ
2102 2750 2261 2820 σῶμα
2296 2749 2483 2812 αὑτοῦ,
2508 2748 2697 2819 ὥσπερ
2716 2744 2811 2802 οὖν
2838 2747 3163 2818 ἀμέλει,καὶ
3194 2746 3292 2815 τῆς
3318 2743 3598 2816 ἡμετέρας

2012 2841 2209 2912 ψυχῆς,
2226 2842 2327 2895 οὑκ
2350 2841 2436 2905 ἂν,
2458 2834 2638 2911 οἶμαι,
2653 2841 2738 2903 τἰς
2761 2839 3037 2909 ἀλλότριον
3069 2839 3329 2907 προσερεῖ
3347 2836 3409 2888 τὸ
3435 2834 3599 2904 σῶμα

2016 2931 2207 2999 αὐτῆς.
2244 2932 2373 2983 ’Ὀτε
2406 2929 2605 2995 τοίνυν,
2637 2930 2731 2983 καὶ
2767 2928 2855 2981 διὰ
2887 2927 3091 2981 τούτων
3120 2927 3252 2998 ἡμῖν
3283 2925 3599 2993 ἀναπέφαν-

2016 3041 2107 3079 ται
2140 3023 2249 3077 τῶν
2290 3022 2685 3094 θεωρημάτων.
2716 3020 2959 3092 ἄμπελος
3016 3019 3113 3090 μὲν
3166 3016 3429 3086 ὑπάρχων
3454 3015 3597 3068 κατὰ

2016 3120 2173 3173 τοῦτο
2235 3120 2492 3190 Χριστὸς,
2527 3119 2787 3191 κλήματα
2817 3119 2875 3172 δὲ
2922 3121 3101 3189 ἡμεῖς,
3139 3117 3236 3171 ἆτε
3279 3116 3344 3187 δὴ
3378 3116 3474 3169 καὶ
3496 3115 3600 3186 τῆς

2017 3210 2155 3281 πρὸς
2193 3212 2355 3265 αὑτὸν
2389 3210 2641 3282 ἐχόμενοι
2695 3208 3016 3275 κοινωνίας,
3060 3210 3181 3280 οὐχὶ
3214 3208 3376 3279 μόνον
3429 3224 3605 3261 πνευο

2020 3304 2277 3375 ματικής,
2318 3304 2454 3358 ἀλλὰ
2476 3305 2571 3358 καὶ
2594 3303 2931 3375 σωματικῆς·
2959 3302 3015 3357 τί
3045 3303 3221 3374 μάτην
3240 3302 3399 3371 ήμῶν
3431 3317 3603 3354 καταο

2019 3394 2268 3463 φλυαρεῖν,
2309 3395 2483 3464 λέγων
2503 3396 2579 3459 ὡς
2603 3396 2839 3466 ἐπείπερ
2874 3394 2935 3448 οὑ
2991 3395 3318 3464 σωματικῶς
3338 3394 3435 3463 τῆς
3462 3390 3605 3463 πρὸς

341 3483 507 3537 αὑτὸν
539 3485 821 3548 κοινωνίας
877 3486 1188 3557 ἔξήμμεθα,
1237 3487 1422 3540 πίστει
1473 3487 1528 3541 δὲ
1565 3487 1787 3558 μᾶλλον,
1820 3486 1916 3542 καὶ
1953 3489 2189 3543 διαθέσει
2213 3492 2311 3561 τῆς
2340 3490 2482 3545 κατὰ
2513 3491 2603 3544 τὸν
2628 3491 2789 3562 νόμον
2818 3489 3057 3559 ἀγάπης,
3092 3488 3153 3542 οὑ
3221 3488 3320 3558 τὴν
3384 3488 3603 3558 σάρκα,

344 3576 543 3648 φησίν,
591 3577 692 3649 τὴν
723 3578 859 3631 ἰδίαν
896 3579 1139 3650 ἄμπελον
1165 3579 1445 3651 ὠνόμασε,
1484 3580 1689 3651 μᾶλλον
1730 3581 1788 3635 δὲ
1817 3582 1917 3653 τὴν
1954 3581 2207 3651 θεότητα.

414 3670 487 3725 At
518 3687 619 3726 cur
650 3672 891 3736 tandem,
940 3673 1154 3743 inquiet
1201 3675 1426 3744 aliquis,
1478 3676 1925 3732 convenientiori

344 3772 402 3818 ct
446 3766 623 3834 magis
666 3765 893 3834 proprio
927 3780 1091 3821 sensu
1127 3767 1344 3833 relicto,
1373 3767 1441 3823 ad
1478 3767 1641 3838 longe
1666 3768 1925 3824 dissitum

342 3866 401 3910 et
447 3855 695 3911 alienum,
721 3863 778 3912 te
818 3855 1041 3913 confers
1067 3858 1089 3912 τ
1118 3857 1400 3929 Numquid
1435 3859 1586 3915 enim
1615 3875 1927 3931 congruen-

346 3948 461 4003 tius
504 3947 673 4005 etiam
725 3949 1029 4004 secundum
1059 3950 1246 4007 carnis
1271 3952 1722 4007 communionem
1758 3954 1925 4008 vitem

343 4038 568 4108 quidem
597 4055 724 4096 esse
752 4039 1003 4098 dicemus
1029 4040 1244 4108 Iesum,
1272 4058 1375 4098 nos
1420 4053 1605 4098 autem
1646 4045 1926 4114 palmites,

2093 3680 2286 3732 Καίτοι
2313 3677 2367 3731 τί
2392 3676 2457 3748 δή
2487 3694 2639 3739 ποτε,
2676 3676 2809 3747 φαίη
2860 3692 2945 3739 τις
2969 3674 3055 3735 ἂν,
3103 3672 3195 3726 τὸν
3225 3670 3604 3742 πρεπωδέστε-

2025 3769 2117 3837 ρόν
2146 3785 2206 3821 τε
2240 3767 2333 3820 καὶ
2361 3765 2688 3835 οἰκειότερον
2720 3765 2833 3826 τοῖς
2858 3761 3175 3832 θεωρήμασι
3193 3758 3391 3830 τρόπον
3419 3756 3604 3824 ἀφεὶς,

2024 3860 2117 3912 ἐπὶ
2139 3859 2201 3912 τὸ
2240 3857 2377 3911 πολὺ
2424 3854 2779 3927 διωρισμένον
2803 3850 3039 3922 ltissim;
3071 3850 3143 3903 Ἢ
3185 3850 3295 3917 γὰρ
3323 3847 3444 3917 οὑχὶ
3470 3862 3603 3916 πρε-

2025 3950 2387 4021 πωδέστερον,
2420 3948 2516 4001 καὶ
2572 3947 2716 4001 κατὰ
2738 3945 2841 4015 τήν
2890 3944 2992 4013 τῆς
3039 3940 3241 4013 σαρκὸς
3277 3935 3600 4003 κοινωνίαν,

2026 4041 2268 4112 ἄμπελον
2299 4042 2396 4110 μὲν
2422 4036 2564 4093 εἶναι
2619 4038 2863 4107 δώσομεν
2888 4035 2979 4089 τὸν
3012 4032 3242 4105 Ἰησοῦν,
3284 4031 3511 4091 ἑαυτοὺς
3546 4028 3607 4081 δὲ

342 4147 412 4187 ex
437 4148 503 4188 eo
534 4132 680 4202 quod
709 4132 954 4202 ejusdem
978 4142 1193 4189 natura:
1225 4150 1420 4190 sumus
1438 4136 1463 4188 Ἰ
1487 4133 1749 4205 Ejusdem
1778 4136 1917 4189 enim

2028 4134 2301 4204 κλήματα,
2330 4133 2419 4186 διὰ
2454 4132 2515 4185 τὸ
2538 4129 2817 4202 ὀμοφυὲς;
2849 4128 3100 4197 Ὀμοφυῆ
3131 4126 3241 4196 γὰρ
3273 4126 3340 4194 τῇ
3375 4120 3603 4191 ἀμπέλῳ

344 4228 478 4277 sunt
521 4238 645 4277 cum
693 4223 805 4279 vite
844 4232 1059 4279 natura:
1099 4240 1226 4295 qua:
1263 4233 1393 4280 sunt
1440 4241 1505 4281 ex
1567 4227 1708 4296 ipsa.
1750 4227 1917 4296 Atque

2030 4225 2096 4277 τὰ
2118 4224 2176 4288 ἐξ
2202 4223 2391 4293 αὐτῆς.
2419 4224 2530 4276 Καὶ
2577 4221 2754 4276 ταῦτά
2806 4236 3008 4290 φαμεν,
3067 4218 3167 4271 οὑκ
3201 4213 3603 4286 ἐπιχειροῦντες

347 4315 463 4370 haec
506 4314 766 4378 dicimus,
795 4330 907 4370 non
936 4315 1086 4385 quod
1118 4332 1318 4387 negare
1343 4317 1577 4372 velimus
1620 4332 1784 4386 posse
1826 4332 1917 4371 nos

2030 4318 2275 4385 ἀναιρεῖν
2313 4315 2373 4368 τὸ
2400 4312 2752 4368 συνενοῢσθαι
2811 4311 3074 4365 δύνασθαι
3109 4307 3191 4378 τῷ
3220 4305 3463 4379 Χριστῷ,
3517 4304 3606 4357 διά

345 4407 571 4462 Christo
622 4406 767 4462 uuiri
827 4422 927 4477 per
996 4415 1207 4463 rectam
1269 4406 1431 4462 ﬁdem
1489 4408 1917 4479 charitatemque

2028 4421 2088 4457 τε
2131 4405 2365 4467 πίστεως
2409 4403 2595 4473 ὀρθῆς,
2659 4402 2755 4456 καὶ
2803 4401 3025 4470 ἀγάπης
3078 4397 3424 4469 εἰλικρινοῦς,
3473 4396 3607 4449 ἁπο-

346 4503 665 4564 sinceram,
717 4499 819 4556 sed
864 4499 1229 4556 ostendentes
1284 4500 1468 4569 potius
1524 4499 1810 4555 Christum
1875 4508 1917 4553 el

2023 4495 2328 4559 δεικνύντες
2351 4496 2408 4549 δὲ
2436 4495 2633 4567 μᾶλλον
2662 4495 2744 4547 ὅτι
2764 4493 2859 4547 καὶ
2883 4490 3268 4562 πνευματικῶς
3292 4488 3388 4541 καὶ
3416 4502 3607 4557 σωμα-

346 4589 670 4659 spiritaliter
701 4596 757 4645 et
783 4589 1153 4661 corporaliter
1189 4588 1415 4660 quidem
1443 4590 1609 4645 vitem
1638 4605 1787 4655 esse,
1825 4608 1928 4661 nos

344 4696 477 4737 vero
500 4680 776 4751 palmites.
813 4680 976 4752 Atqui
1011 4680 1245 4750 simplex
1278 4687 1332 4734 et
1360 4680 1692 4750 perspicuus
1727 4691 1812 4737 est
1837 4682 1929 4736 ille

347 4788 536 4829 sermo
571 4773 863 4841 veritatis;
909 4774 1007 4830 sed
1038 4773 1189 4829 vafre
1226 4782 1280 4829 et
1311 4773 1542 4829 subdole
1572 4774 1928 4830 adversarius

348 4866 513 4922 fateri
559 4876 781 4924 recusat
831 4866 1116 4923 Christum
1162 4865 1527 4936 corporaliter
1577 4868 1741 4921 vitem
1785 4882 1929 4929 esse,

346 4960 441 5033 qui
474 4974 632 5016 suam
656 4960 1002 5030 palmitibus,
1028 4959 1082 5015 id
1112 4967 1198 5014 est
1228 4958 1415 5019 nobis,
1442 4958 1608 5012 vitam
1641 4958 1931 5029 largiatur,

346 5053 515 5111 sicuti
549 5052 671 5109 suis
716 5051 1038 5123 palmitibus
1067 5050 1353 5106 sensibilis
1402 5064 1467 5103 ac
1505 5057 1725 5103 terrena
1782 5050 1931 5115 vitis,

348 5146 443 5203 sed
466 5145 671 5201 horum
709 5145 1007 5199 verborum
1036 5156 1263 5197 sensum
1295 5140 1589 5209 detorquet
1639 5140 1705 5194 ad
1754 5141 1932 5196 solam

346 5237 468 5308 ejus
514 5235 800 5292 deitatem.
847 5232 981 5287 Eam
1034 5233 1239 5302 quippe
1285 5230 1368 5285 sic
1400 5231 1728 5286 calumniari
1761 5246 1928 5303 posse

350 5345 547 5387 rursus
571 5327 810 5399 putavit,
843 5326 978 5381 illud
1005 5326 1174 5381 stulte
1196 5323 1505 5393 ohjiciens:
1543 5341 1562 5373 ε
1595 5322 1650 5378 Si
1679 5324 1808 5380 vitis
1840 5332 1927 5380 est

347 5420 548 5488 Filius,
573 5419 778 5492 inquit,
811 5417 972 5473 Pater
1000 5426 1183 5473 autem
1225 5417 1492 5487 agricola,
1524 5432 1719 5471 rursus
1743 5428 1926 5475 autem

424 5600 471 5631 ”
510 5597 677 5657 ιυτω..
706 5614 799 5665 VL,
840 5597 944 5661 31,
1147 5597 1189 5628 9’
1229 5596 1248 5651 Ι
1281 5599 1407 5653 Cor.
1449 5615 1551 5664 ιν,
1594 5596 1677 5652 5οι

2021 4588 2211 4654 τικῶς,
2238 4585 2483 4657 ἄμπελος
2542 4587 2640 4657 μὲν
2681 4586 2710 4637 ὁ
2740 4585 2975 4654 Χριστὸς
2996 4626 3012 4648 ,
3048 4582 3305 4653 κλήματα
3331 4580 3386 4633 δὲ
3420 4580 3601 4649 ἡμεῖς.

2036 4680 2196 4733 Ἀλλὰ
2222 4680 2330 4750 γὰρ
2358 4681 2387 4732 ὁ
2413 4679 2509 4749 μὲν
2545 4679 2645 4748 τῆς
2671 4676 2932 4747 ἀληθείας
2957 4676 3114 4744 λόγος
3132 4672 3335 4736 ἁπλοῦς
3366 4672 3460 4725 καὶ
3488 4671 3604 4723 δια-

2022 4772 2219 4844 φανὴς,
2256 4772 2579 4842 πανούργως
2610 4772 2667 4825 δὲ
2688 4773 2716 4824 ὁ
2743 4770 2810 4824 δι’
2836 4768 3083 4832 ἐναντίας
3123 4768 3471 4838 παραιτεῖται
3503 4764 3606 4831 μὲν

2024 4863 2329 4933 ὁμολογεῖν,
2372 4863 2454 4916 ὅτι
2502 4862 2596 4915 καί
2662 4860 2991 4931 σωματικῶς
3037 4858 3282 4926 ἄμπελος
3315 4852 3382 4925 ἦν
3411 4857 3439 4907 ὁ
3468 4856 3605 4923 Χρι-

2029 4955 2174 5019 στὸς,
2213 4955 2309 5009 ἅτε
2331 4954 2395 5023 δὴ
2419 4954 2512 5007 καὶ
2548 4953 2646 5025 τὴν
2685 4953 2820 5006 ἰδίαν
2840 4955 2952 5016 τοῖς
2986 4951 3251 5021 κλήμασι,
3281 4944 3604 5007 τοῦτ’ἕστιν,

2028 5050 2161 5117 ἡμῖν
2197 5046 2558 5118 χαριζόμενος
2596 5045 2763 5116 ζωήν·
2803 5044 3052 5115 καθάπερ
3089 5037 3182 5095 οὖν
3220 5041 3333 5102 τοῖς
3355 5039 3602 5106 ἐμπεφο-

2029 5142 2185 5196 κόσιν
2212 5142 2348 5212 αὑτῇ
2406 5141 2678 5212 κλήμασιν
2719 5140 2751 5210 ή
2778 5138 3010 5207 αἰσθητή
3042 5152 3102 5187 τε
3134 5132 3228 5186 καὶ
3259 5132 3352 5184 ἐπὶ
3377 5130 3480 5198 γῆς
3500 5128 3609 5197 ἄμ-

2032 5234 2218 5297 πελος,
2250 5233 2569 5303 περιτρέπει
2593 5232 2651 5285 δὲ
2681 5230 2774 5285 καὶ
2810 5231 3051 5299 βιάζεται
3083 5225 3181 5296 τὴν
3220 5222 3313 5278 τοῦ
3340 5221 3605 5292 νοήματος

2032 5324 2281 5396 δύναμιν,
2325 5325 2419 5377 ἐπὶ
2466 5324 2633 5395 μόνην
2688 5322 2852 5378 αὑτοῦ
2903 5322 3001 5391 τὴν
3052 5318 3300 5387 θεότητα.
3341 5310 3606 5367 Δύνασθαι

2038 5420 2155 5490 γὰρ.
2180 5417 2327 5473 οὕτω
2352 5418 2702 5487 συκοφαντεῖν
2731 5415 2899 5486 αὐτὴν
2941 5412 3096 5484 ᾠήθη
3122 5410 3186 5480 δὴ
3224 5408 3404 5473 πάλιν,
3437 5404 3613 5457 ἐκεῖνον
