  <div class='ocr_page' id='page_1' title='image "/cluster/home/n/w/nwhite01/storage/ocr_20150623/74/nnc1.0046980180/190.png"; bbox 0 0 3892 6202; ppageno 0'>
   <div class='ocr_carea' id='block_1_1' title="bbox 192 284 300 341">
    <p class='ocr_par' dir='ltr' id='par_1_1' title="bbox 192 284 300 341">
     <span class='ocr_line' id='line_1_1' title="bbox 192 284 300 341; baseline 0.019 -2"><span class='ocrx_word' id='word_1_1' title='bbox 192 284 300 341; x_wconf 63' lang='lat'><strong>365</strong></span> 
     </span>
    </p>
   </div>
   <div class='ocr_carea' id='block_1_2' title="bbox 1223 281 2395 345">
    <p class='ocr_par' dir='ltr' id='par_1_2' title="bbox 1223 281 2395 345">
     <span class='ocr_line' id='line_1_2' title="bbox 1223 281 2395 345; baseline 0.006 -8"><span class='ocrx_word' id='word_1_2' title='bbox 1223 281 1290 338; x_wconf 74' lang='lat' dir='ltr'><strong>IN</strong></span> <span class='ocrx_word' id='word_1_3' title='bbox 1328 282 1618 339; x_wconf 68' lang='lat' dir='ltr'><strong>JOANNIS</strong></span> <span class='ocrx_word' id='word_1_4' title='bbox 1653 283 2104 342; x_wconf 74' lang='lat' dir='ltr'><strong>EVANGELIUM</strong></span> <span class='ocrx_word' id='word_1_5' title='bbox 2147 289 2276 345; x_wconf 85' lang='lat' dir='ltr'><strong>LIB.</strong></span> <span class='ocrx_word' id='word_1_6' title='bbox 2325 287 2395 344; x_wconf 77' lang='grc' dir='ltr'><strong>Χ.</strong></span> 
     </span>
    </p>
   </div>
   <div class='ocr_carea' id='block_1_3' title="bbox 3346 289 3453 346">
    <p class='ocr_par' dir='ltr' id='par_1_3' title="bbox 3346 289 3453 346">
     <span class='ocr_line' id='line_1_3' title="bbox 3346 289 3453 346; baseline -0.019 0"><span class='ocrx_word' id='word_1_7' title='bbox 3346 289 3453 346; x_wconf 67' lang='grc'><strong>546</strong></span> 
     </span>
    </p>
   </div>
   <div class='ocr_carea' id='block_1_4' title="bbox 194 395 1772 473">
    <p class='ocr_par' dir='ltr' id='par_1_4' title="bbox 194 395 1772 473">
     <span class='ocr_line' id='line_1_4' title="bbox 194 395 1772 473; baseline -0.002 -19"><span class='ocrx_word' id='word_1_8' title='bbox 194 398 496 473; x_wconf 73' lang='grc' dir='ltr'><strong>προτείνων</strong></span> <span class='ocrx_word' id='word_1_9' title='bbox 514 396 760 466; x_wconf 80' lang='grc' dir='ltr'><strong>ἀμαθῶς.</strong></span> <span class='ocrx_word' id='word_1_10' title='bbox 787 414 805 448; x_wconf 79' lang='grc' dir='ltr'><strong>ι</strong></span> <span class='ocrx_word' id='word_1_11' title='bbox 833 397 896 450; x_wconf 78' lang='lat' dir='ltr'><strong>El</strong></span> <span class='ocrx_word' id='word_1_12' title='bbox 912 396 1020 467; x_wconf 91' lang='grc' dir='ltr'><strong>γάρ</strong></span> <span class='ocrx_word' id='word_1_13' title='bbox 1033 395 1277 467; x_wconf 77' lang='grc' dir='ltr'>ἄμπελος</span> <span class='ocrx_word' id='word_1_14' title='bbox 1298 398 1396 468; x_wconf 70' lang='grc' dir='ltr'>μὶν</span> <span class='ocrx_word' id='word_1_15' title='bbox 1412 397 1559 451; x_wconf 74' lang='grc' dir='ltr'>ἔστιν</span> <span class='ocrx_word' id='word_1_16' title='bbox 1577 398 1606 450; x_wconf 99' lang='lat'><strong>6</strong></span> <span class='ocrx_word' id='word_1_17' title='bbox 1627 398 1772 463; x_wconf 78' lang='grc' dir='ltr'>Υἱὸς,</span> 
     </span>
    </p>
   </div>
   <div class='ocr_carea' id='block_1_5' title="bbox 1875 395 3451 473">
    <p class='ocr_par' dir='ltr' id='par_1_5' title="bbox 1881 396 3451 472">
     <span class='ocr_line' id='line_1_5' title="bbox 1881 396 3451 472; baseline 0.004 -19"><span class='ocrx_word' id='word_1_18' title='bbox 1881 400 2111 456; x_wconf 88' lang='lat' dir='ltr'><strong>alterius</strong></span> <span class='ocrx_word' id='word_1_19' title='bbox 2168 410 2378 456; x_wconf 72' lang='lat' dir='ltr'><strong>natura:</strong></span> <span class='ocrx_word' id='word_1_20' title='bbox 2423 396 2594 455; x_wconf 81' lang='lat' dir='ltr'><strong>Filius</strong></span> <span class='ocrx_word' id='word_1_21' title='bbox 2645 398 2809 454; x_wconf 85' lang='lat' dir='ltr'><strong>sicuti</strong></span> <span class='ocrx_word' id='word_1_22' title='bbox 2863 399 2989 455; x_wconf 84' lang='lat' dir='ltr'><strong>vitis</strong></span> <span class='ocrx_word' id='word_1_23' title='bbox 3034 415 3157 454; x_wconf 90' lang='lat' dir='ltr'><strong>cum</strong></span> <span class='ocrx_word' id='word_1_24' title='bbox 3208 404 3451 472; x_wconf 77' lang='lat' dir='ltr'><strong>agricola</strong></span> 
     </span>
    </p>
   </div>
   <div class='ocr_carea' id='block_1_6' title="bbox 196 487 1774 561">
    <p class='ocr_par' dir='ltr' id='par_1_6' title="bbox 196 487 1774 561">
     <span class='ocr_line' id='line_1_6' title="bbox 196 487 1774 561; baseline -0.001 -16"><span class='ocrx_word' id='word_1_25' title='bbox 196 492 353 561; x_wconf 68' lang='grc' dir='ltr'>φησι,</span> <span class='ocrx_word' id='word_1_26' title='bbox 392 489 720 561; x_wconf 83' lang='grc' dir='ltr'>γεωργὸςδὲ</span> <span class='ocrx_word' id='word_1_27' title='bbox 770 490 799 542; x_wconf 93' lang='lat'><strong>6</strong></span> <span class='ocrx_word' id='word_1_28' title='bbox 841 487 1051 559; x_wconf 76' lang='grc' dir='ltr'>Πατὴρ,</span> <span class='ocrx_word' id='word_1_29' title='bbox 1099 488 1502 561; x_wconf 74' lang='grc' dir='ltr'>έτεροφυὴςδὲ</span> <span class='ocrx_word' id='word_1_30' title='bbox 1551 489 1713 543; x_wconf 83' lang='grc' dir='ltr'>πάλιν</span> <span class='ocrx_word' id='word_1_31' title='bbox 1745 491 1774 543; x_wconf 91' lang='lat'><strong>6</strong></span> 
     </span>
    </p>
   </div>
   <div class='ocr_carea' id='block_1_7' title="bbox 194 580 1775 654">
    <p class='ocr_par' dir='ltr' id='par_1_7' title="bbox 194 580 1775 654">
     <span class='ocr_line' id='line_1_7' title="bbox 194 580 1775 654; baseline -0.001 -17"><span class='ocrx_word' id='word_1_32' title='bbox 194 583 345 649; x_wconf 74' lang='grc' dir='ltr'>Υἱὸς,</span> <span class='ocrx_word' id='word_1_33' title='bbox 365 583 441 647; x_wconf 85' lang='grc' dir='ltr'>ὡς</span> <span class='ocrx_word' id='word_1_34' title='bbox 466 582 605 653; x_wconf 78' lang='grc' dir='ltr'>πρὸς</span> <span class='ocrx_word' id='word_1_35' title='bbox 625 583 726 654; x_wconf 83' lang='grc' dir='ltr'><strong>τὴν</strong></span> <span class='ocrx_word' id='word_1_36' title='bbox 748 580 1013 653; x_wconf 75' lang='grc' dir='ltr'><strong>ἄμπελον,</strong></span> <span class='ocrx_word' id='word_1_37' title='bbox 1062 582 1162 652; x_wconf 82' lang='grc' dir='ltr'><strong>οὐχ</strong></span> <span class='ocrx_word' id='word_1_38' title='bbox 1207 580 1494 651; x_wconf 75' lang='grc' dir='ltr'>ὁμοούσιος</span> <span class='ocrx_word' id='word_1_39' title='bbox 1516 581 1668 636; x_wconf 74' lang='grc' dir='ltr'>ἔσται</span> <span class='ocrx_word' id='word_1_40' title='bbox 1696 581 1775 652; x_wconf 85' lang='grc' dir='ltr'><strong>τῷ</strong></span> 
     </span>
    </p>
   </div>
   <div class='ocr_carea' id='block_1_8' title="bbox 193 670 1773 743">
    <p class='ocr_par' dir='ltr' id='par_1_8' title="bbox 193 670 1773 743">
     <span class='ocr_line' id='line_1_8' title="bbox 193 670 1773 743; baseline -0.002 -15"><span class='ocrx_word' id='word_1_41' title='bbox 193 675 368 743; x_wconf 76' lang='grc' dir='ltr'>Πατρὶ</span> <span class='ocrx_word' id='word_1_42' title='bbox 394 676 422 727; x_wconf 90' lang='grc' dir='ltr'><strong>ὀ</strong></span> <span class='ocrx_word' id='word_1_43' title='bbox 446 673 595 737; x_wconf 77' lang='grc' dir='ltr'>Υἱὸς,</span> <span class='ocrx_word' id='word_1_44' title='bbox 622 672 775 743; x_wconf 87' lang='grc' dir='ltr'>φησί.</span> <span class='ocrx_word' id='word_1_45' title='bbox 804 691 824 725; x_wconf 71' lang='grc' dir='ltr'><strong>ι</strong></span> <span class='ocrx_word' id='word_1_46' title='bbox 863 672 975 725; x_wconf 80' lang='grc' dir='ltr'>Καὶ</span> <span class='ocrx_word' id='word_1_47' title='bbox 1009 670 1144 741; x_wconf 78' lang='grc' dir='ltr'>βαθὺ</span> <span class='ocrx_word' id='word_1_48' title='bbox 1181 671 1280 742; x_wconf 87' lang='grc' dir='ltr'><strong>μέν</strong></span> <span class='ocrx_word' id='word_1_49' title='bbox 1316 689 1399 725; x_wconf 86' lang='grc' dir='ltr'><strong>τοι</strong></span> <span class='ocrx_word' id='word_1_50' title='bbox 1431 671 1527 726; x_wconf 72' lang='grc' dir='ltr'><strong>καὶ</strong></span> <span class='ocrx_word' id='word_1_51' title='bbox 1555 673 1773 743; x_wconf 83' lang='grc' dir='ltr'>πικρὸν,</span> 
     </span>
    </p>
   </div>
   <div class='ocr_carea' id='block_1_9' title="bbox 191 764 1774 837">
    <p class='ocr_par' dir='ltr' id='par_1_9' title="bbox 191 764 1774 837">
     <span class='ocr_line' id='line_1_9' title="bbox 191 764 1774 837; baseline -0.001 -17"><span class='ocrx_word' id='word_1_52' title='bbox 191 769 289 820; x_wconf 70' lang='grc' dir='ltr'>καὶ</span> <span class='ocrx_word' id='word_1_53' title='bbox 319 764 581 837; x_wconf 86' lang='grc' dir='ltr'>θεώρημα</span> <span class='ocrx_word' id='word_1_54' title='bbox 603 765 1044 837; x_wconf 84' lang='grc' dir='ltr'>δυσανάτρεπτον</span> <span class='ocrx_word' id='word_1_55' title='bbox 1074 764 1405 835; x_wconf 81' lang='grc' dir='ltr'><strong>ἐπιτειχίσαι</strong></span> <span class='ocrx_word' id='word_1_56' title='bbox 1434 764 1645 836; x_wconf 78' lang='grc' dir='ltr'><strong>νομίζει</strong></span> <span class='ocrx_word' id='word_1_57' title='bbox 1663 767 1774 829; x_wconf 86' lang='grc' dir='ltr'>τοῖς</span> 
     </span>
    </p>
   </div>
   <div class='ocr_carea' id='block_1_10' title="bbox 188 853 1775 930">
    <p class='ocr_par' dir='ltr' id='par_1_10' title="bbox 188 853 1775 930">
     <span class='ocr_line' id='line_1_10' title="bbox 188 853 1775 930; baseline -0.003 -15"><span class='ocrx_word' id='word_1_58' title='bbox 188 859 291 929; x_wconf 85' lang='grc' dir='ltr'>τῆς</span> <span class='ocrx_word' id='word_1_59' title='bbox 330 858 658 929; x_wconf 86' lang='grc' dir='ltr'>Ἐκκλησίας</span> <span class='ocrx_word' id='word_1_60' title='bbox 688 857 975 929; x_wconf 80' lang='grc' dir='ltr'><strong>δόγμασιν,</strong></span> <span class='ocrx_word' id='word_1_61' title='bbox 1005 857 1277 912; x_wconf 85' lang='grc' dir='ltr'>ἀλώσεται</span> <span class='ocrx_word' id='word_1_62' title='bbox 1335 858 1394 911; x_wconf 81' lang='grc' dir='ltr'>δὲ</span> <span class='ocrx_word' id='word_1_63' title='bbox 1425 858 1581 912; x_wconf 78' lang='grc' dir='ltr'>οὐδὲν</span> <span class='ocrx_word' id='word_1_64' title='bbox 1612 853 1775 930; x_wconf 80' lang='grc' dir='ltr'>ἦττον</span> 
     </span>
    </p>
   </div>
   <div class='ocr_carea' id='block_1_11' title="bbox 189 950 1777 1024">
    <p class='ocr_par' dir='ltr' id='par_1_11' title="bbox 189 950 1777 1024">
     <span class='ocr_line' id='line_1_11' title="bbox 189 950 1777 1024; baseline 0 -19"><span class='ocrx_word' id='word_1_65' title='bbox 189 952 489 1005; x_wconf 83' lang='grc' dir='ltr'>κάντεῦθεν</span> <span class='ocrx_word' id='word_1_66' title='bbox 517 950 721 1023; x_wconf 82' lang='grc' dir='ltr'>ληρῶν.</span> <span class='ocrx_word' id='word_1_67' title='bbox 767 951 993 1023; x_wconf 84' lang='grc' dir='ltr'>Πρῶτον</span> <span class='ocrx_word' id='word_1_68' title='bbox 1048 952 1147 1022; x_wconf 80' lang='grc' dir='ltr'>μὲν</span> <span class='ocrx_word' id='word_1_69' title='bbox 1180 952 1289 1024; x_wconf 85' lang='grc' dir='ltr'>γὰρ</span> <span class='ocrx_word' id='word_1_70' title='bbox 1338 950 1599 1023; x_wconf 93' lang='grc' dir='ltr'>ἀλλογενῆ</span> <span class='ocrx_word' id='word_1_71' title='bbox 1633 951 1777 1005; x_wconf 83' lang='grc' dir='ltr'>κατὰ</span> 
     </span>
    </p>
   </div>
   <div class='ocr_carea' id='block_1_12' title="bbox 190 1038 1773 1117">
    <p class='ocr_par' dir='ltr' id='par_1_12' title="bbox 190 1038 1773 1117">
     <span class='ocr_line' id='line_1_12' title="bbox 190 1038 1773 1117; baseline 0 -22"><span class='ocrx_word' id='word_1_72' title='bbox 190 1042 354 1111; x_wconf 77' lang='grc' dir='ltr'>φύσιν</span> <span class='ocrx_word' id='word_1_73' title='bbox 411 1042 890 1112; x_wconf 73' lang='grc' dir='ltr'>διαϐεϐαιούμενος</span> <span class='ocrx_word' id='word_1_74' title='bbox 931 1038 1070 1095; x_wconf 72' lang='grc' dir='ltr'>εἶναι</span> <span class='ocrx_word' id='word_1_75' title='bbox 1102 1042 1197 1096; x_wconf 86' lang='grc' dir='ltr'><strong>τὸν</strong></span> <span class='ocrx_word' id='word_1_76' title='bbox 1229 1042 1380 1108; x_wconf 86' lang='grc' dir='ltr'>Υίὸν,</span> <span class='ocrx_word' id='word_1_77' title='bbox 1427 1042 1523 1097; x_wconf 63' lang='grc' dir='ltr'><strong>καὶ¹</strong></span> <span class='ocrx_word' id='word_1_78' title='bbox 1550 1042 1654 1117; x_wconf 86' lang='grc' dir='ltr'>τῆς</span> <span class='ocrx_word' id='word_1_79' title='bbox 1680 1042 1773 1095; x_wconf 87' lang='grc' dir='ltr'><strong>τοῦ</strong></span> 
     </span>
    </p>
   </div>
   <div class='ocr_carea' id='block_1_13' title="bbox 188 1132 1773 1208">
    <p class='ocr_par' dir='ltr' id='par_1_13' title="bbox 188 1132 1773 1208">
     <span class='ocr_line' id='line_1_13' title="bbox 188 1132 1773 1208; baseline 0.001 -21"><span class='ocrx_word' id='word_1_80' title='bbox 188 1135 440 1197; x_wconf 81' lang='grc' dir='ltr'>τεκόντος</span> <span class='ocrx_word' id='word_1_81' title='bbox 472 1135 658 1198; x_wconf 79' lang='grc' dir='ltr'>οὐσίας</span> <span class='ocrx_word' id='word_1_82' title='bbox 683 1132 789 1200; x_wconf 72' lang='grc' dir='ltr'><strong>ἔξω</strong></span> <span class='ocrx_word' id='word_1_83' title='bbox 804 1134 995 1200; x_wconf 73' lang='grc' dir='ltr'>τιθεὶς,</span> <span class='ocrx_word' id='word_1_84' title='bbox 1017 1136 1137 1200; x_wconf 85' lang='grc' dir='ltr'><strong>πῶς</strong></span> <span class='ocrx_word' id='word_1_85' title='bbox 1157 1135 1222 1190; x_wconf 84' lang='grc' dir='ltr'>ἂν</span> <span class='ocrx_word' id='word_1_86' title='bbox 1242 1134 1322 1188; x_wconf 77' lang='grc' dir='ltr'>ἔτι</span> <span class='ocrx_word' id='word_1_87' title='bbox 1344 1135 1562 1207; x_wconf 79' lang='grc' dir='ltr'>Πατέρα</span> <span class='ocrx_word' id='word_1_88' title='bbox 1583 1134 1773 1208; x_wconf 82' lang='grc' dir='ltr'>καλοίη</span> 
     </span>
    </p>
   </div>
   <div class='ocr_carea' id='block_1_14' title="bbox 191 1228 1774 1299">
    <p class='ocr_par' dir='ltr' id='par_1_14' title="bbox 191 1228 1774 1299">
     <span class='ocr_line' id='line_1_14' title="bbox 191 1228 1774 1299; baseline 0.001 -20"><span class='ocrx_word' id='word_1_89' title='bbox 191 1228 283 1280; x_wconf 88' lang='grc' dir='ltr'><strong>τὸν</strong></span> <span class='ocrx_word' id='word_1_90' title='bbox 319 1228 473 1292; x_wconf 82' lang='grc' dir='ltr'>Θεὸν,</span> <span class='ocrx_word' id='word_1_91' title='bbox 512 1228 639 1281; x_wconf 87' lang='grc' dir='ltr'>Υίὸν</span> <span class='ocrx_word' id='word_1_92' title='bbox 659 1228 717 1281; x_wconf 80' lang='grc' dir='ltr'>δὲ</span> <span class='ocrx_word' id='word_1_93' title='bbox 740 1228 879 1293; x_wconf 83' lang='grc' dir='ltr'><strong>ὅλως</strong></span> <span class='ocrx_word' id='word_1_94' title='bbox 933 1228 1027 1282; x_wconf 88' lang='grc' dir='ltr'><strong>τὸν</strong></span> <span class='ocrx_word' id='word_1_95' title='bbox 1051 1228 1181 1282; x_wconf 86' lang='grc' dir='ltr'>Υἱόν</span> <span class='ocrx_word' id='word_1_96' title='bbox 1207 1245 1222 1295; x_wconf 87' lang='lat'><strong>;</strong></span> <span class='ocrx_word' id='word_1_97' title='bbox 1257 1229 1321 1281; x_wconf 81' lang='lat' dir='ltr'><strong>Ei.</strong></span> <span class='ocrx_word' id='word_1_98' title='bbox 1350 1228 1458 1299; x_wconf 86' lang='grc' dir='ltr'>γὰρ</span> <span class='ocrx_word' id='word_1_99' title='bbox 1489 1228 1561 1299; x_wconf 83' lang='grc' dir='ltr'>μὴ</span> <span class='ocrx_word' id='word_1_100' title='bbox 1580 1244 1774 1299; x_wconf 90' lang='grc' dir='ltr'>γεγεν-</span> 
     </span>
    </p>
   </div>
   <div class='ocr_carea' id='block_1_15' title="bbox 190 1318 1776 1391">
    <p class='ocr_par' dir='ltr' id='par_1_15' title="bbox 190 1318 1776 1391">
     <span class='ocr_line' id='line_1_15' title="bbox 190 1318 1776 1391; baseline 0.001 -19"><span class='ocrx_word' id='word_1_101' title='bbox 190 1320 388 1390; x_wconf 79' lang='grc' dir='ltr'>νῆσθαι</span> <span class='ocrx_word' id='word_1_102' title='bbox 426 1322 589 1391; x_wconf 75' lang='grc' dir='ltr'>φησὶν</span> <span class='ocrx_word' id='word_1_103' title='bbox 637 1319 823 1383; x_wconf 81' lang='grc' dir='ltr'>αὐτὸν,</span> <span class='ocrx_word' id='word_1_104' title='bbox 878 1319 1024 1374; x_wconf 85' lang='grc' dir='ltr'>τοῦτ’</span> <span class='ocrx_word' id='word_1_105' title='bbox 1059 1319 1197 1382; x_wconf 82' lang='grc' dir='ltr'>ἔστι,</span> <span class='ocrx_word' id='word_1_106' title='bbox 1234 1320 1522 1391; x_wconf 78' lang='grc' dir='ltr'>προελθεῖν</span> <span class='ocrx_word' id='word_1_107' title='bbox 1562 1321 1626 1372; x_wconf 82' lang='grc' dir='ltr'>ὲκ</span> <span class='ocrx_word' id='word_1_108' title='bbox 1675 1318 1776 1389; x_wconf 79' lang='grc' dir='ltr'>τῆς</span> 
     </span>
    </p>
   </div>
   <div class='ocr_carea' id='block_1_16' title="bbox 190 1410 1778 1483">
    <p class='ocr_par' dir='ltr' id='par_1_16' title="bbox 190 1410 1778 1483">
     <span class='ocr_line' id='line_1_16' title="bbox 190 1410 1778 1483; baseline 0 -20"><span class='ocrx_word' id='word_1_109' title='bbox 190 1411 379 1474; x_wconf 80' lang='grc' dir='ltr'>οὐσίας</span> <span class='ocrx_word' id='word_1_110' title='bbox 407 1410 500 1464; x_wconf 90' lang='grc' dir='ltr'><strong>τοῦ</strong></span> <span class='ocrx_word' id='word_1_111' title='bbox 523 1411 756 1483; x_wconf 88' lang='grc' dir='ltr'>Πατρὸς,</span> <span class='ocrx_word' id='word_1_112' title='bbox 781 1411 1034 1483; x_wconf 79' lang='grc' dir='ltr'>καθάπερ</span> <span class='ocrx_word' id='word_1_113' title='bbox 1068 1412 1165 1465; x_wconf 77' lang='grc' dir='ltr'>καὶ</span> <span class='ocrx_word' id='word_1_114' title='bbox 1185 1410 1244 1478; x_wconf 81' lang='grc' dir='ltr'><strong>ἐξ</strong></span> <span class='ocrx_word' id='word_1_115' title='bbox 1276 1410 1600 1483; x_wconf 84' lang='grc' dir='ltr'>ἀνθρώπων,</span> <span class='ocrx_word' id='word_1_116' title='bbox 1622 1410 1689 1464; x_wconf 89' lang='grc' dir='ltr'><strong>τά</strong></span> <span class='ocrx_word' id='word_1_117' title='bbox 1717 1410 1778 1476; x_wconf 76' lang='grc' dir='ltr'>ἐξ</span> 
     </span>
    </p>
   </div>
   <div class='ocr_carea' id='block_1_17' title="bbox 192 1503 1772 1576">
    <p class='ocr_par' dir='ltr' id='par_1_17' title="bbox 192 1503 1772 1576">
     <span class='ocr_line' id='line_1_17' title="bbox 192 1503 1772 1576; baseline -0.001 -18"><span class='ocrx_word' id='word_1_118' title='bbox 192 1504 374 1559; x_wconf 77' lang='grc' dir='ltr'>αὐτῶν</span> <span class='ocrx_word' id='word_1_119' title='bbox 400 1506 740 1575; x_wconf 87' lang='grc' dir='ltr'>γεννήματα,</span> <span class='ocrx_word' id='word_1_120' title='bbox 771 1506 890 1569; x_wconf 82' lang='grc' dir='ltr'><strong>πῶς</strong></span> <span class='ocrx_word' id='word_1_121' title='bbox 928 1504 995 1558; x_wconf 79' lang='grc' dir='ltr'>ἂν</span> <span class='ocrx_word' id='word_1_122' title='bbox 1033 1504 1122 1576; x_wconf 77' lang='grc' dir='ltr'><strong>εἴη</strong></span> <span class='ocrx_word' id='word_1_123' title='bbox 1153 1503 1297 1559; x_wconf 88' lang='grc' dir='ltr'><strong>κατά</strong></span> <span class='ocrx_word' id='word_1_124' title='bbox 1324 1504 1582 1576; x_wconf 81' lang='grc' dir='ltr'>ἀλήθειαν</span> <span class='ocrx_word' id='word_1_125' title='bbox 1610 1503 1772 1570; x_wconf 87' lang='grc' dir='ltr'>Υίός;</span> 
     </span>
    </p>
   </div>
   <div class='ocr_carea' id='block_1_18' title="bbox 192 1593 1771 1669">
    <p class='ocr_par' dir='ltr' id='par_1_18' title="bbox 192 1593 1771 1669">
     <span class='ocr_line' id='line_1_18' title="bbox 192 1593 1771 1669; baseline -0.003 -18"><span class='ocrx_word' id='word_1_126' title='bbox 192 1594 327 1651; x_wconf 78' lang='grc' dir='ltr'>Εἶτα</span> <span class='ocrx_word' id='word_1_127' title='bbox 358 1596 476 1660; x_wconf 85' lang='grc' dir='ltr'><strong>πῶς</strong></span> <span class='ocrx_word' id='word_1_128' title='bbox 492 1598 583 1649; x_wconf 86' lang='grc' dir='ltr'><strong>τὸν</strong></span> <span class='ocrx_word' id='word_1_129' title='bbox 618 1597 888 1669; x_wconf 83' lang='grc' dir='ltr'>μακάριον</span> <span class='ocrx_word' id='word_1_130' title='bbox 923 1596 1178 1667; x_wconf 81' lang='grc' dir='ltr'>Ἰωάννην</span> <span class='ocrx_word' id='word_1_131' title='bbox 1199 1596 1498 1668; x_wconf 80' lang='grc' dir='ltr'>ἀποστήσει</span> <span class='ocrx_word' id='word_1_132' title='bbox 1523 1593 1771 1663; x_wconf 85' lang='grc' dir='ltr'>λέγοντα’</span> 
     </span>
    </p>
   </div>
   <div class='ocr_carea' id='block_1_19' title="bbox 195 1688 1772 1761">
    <p class='ocr_par' dir='ltr' id='par_1_19' title="bbox 195 1688 1772 1761">
     <span class='ocr_line' id='line_1_19' title="bbox 195 1688 1772 1761; baseline -0.002 -18"><span class='ocrx_word' id='word_1_133' title='bbox 195 1710 214 1743; x_wconf 73' lang='grc' dir='ltr'>α</span> <span class='ocrx_word' id='word_1_134' title='bbox 261 1690 322 1743; x_wconf 85' lang='lat'><strong>&#39;0</strong></span> <span class='ocrx_word' id='word_1_135' title='bbox 342 1689 673 1761; x_wconf 79' lang='grc' dir='ltr'>ἀρνούμενος</span> <span class='ocrx_word' id='word_1_136' title='bbox 699 1690 790 1743; x_wconf 87' lang='grc' dir='ltr'><strong>τὸν</strong></span> <span class='ocrx_word' id='word_1_137' title='bbox 811 1688 961 1749; x_wconf 84' lang='grc' dir='ltr'>Υἱὸν,</span> <span class='ocrx_word' id='word_1_138' title='bbox 985 1689 1081 1743; x_wconf 78' lang='grc' dir='ltr'>καὶ</span> <span class='ocrx_word' id='word_1_139' title='bbox 1105 1689 1197 1742; x_wconf 88' lang='grc' dir='ltr'><strong>τὸν</strong></span> <span class='ocrx_word' id='word_1_140' title='bbox 1212 1688 1433 1760; x_wconf 82' lang='grc' dir='ltr'>Πατέρα</span> <span class='ocrx_word' id='word_1_141' title='bbox 1453 1688 1772 1759; x_wconf 74' lang='grc' dir='ltr'>ἀρνήσεταιο</span> 
     </span>
    </p>
   </div>
   <div class='ocr_carea' id='block_1_20' title="bbox 186 1780 1763 1853">
    <p class='ocr_par' dir='ltr' id='par_1_20' title="bbox 186 1780 1763 1853">
     <span class='ocr_line' id='line_1_20' title="bbox 186 1780 1763 1853; baseline -0.004 -15"><span class='ocrx_word' id='word_1_142' title='bbox 186 1787 216 1838; x_wconf 91' lang='lat'><strong>6</strong></span> <span class='ocrx_word' id='word_1_143' title='bbox 267 1783 548 1853; x_wconf 76' lang='grc' dir='ltr'>ὁμολογῶν</span> <span class='ocrx_word' id='word_1_144' title='bbox 574 1782 667 1835; x_wconf 88' lang='grc' dir='ltr'><strong>τὸν</strong></span> <span class='ocrx_word' id='word_1_145' title='bbox 702 1782 852 1844; x_wconf 87' lang='grc' dir='ltr'>Υἱὸν,</span> <span class='ocrx_word' id='word_1_146' title='bbox 882 1781 1138 1852; x_wconf 81' lang='grc' dir='ltr'>ὁμολογεῖ</span> <span class='ocrx_word' id='word_1_147' title='bbox 1189 1781 1288 1835; x_wconf 79' lang='grc' dir='ltr'>καὶ</span> <span class='ocrx_word' id='word_1_148' title='bbox 1338 1780 1430 1835; x_wconf 85' lang='grc' dir='ltr'><strong>τὸν</strong></span> <span class='ocrx_word' id='word_1_149' title='bbox 1461 1780 1711 1853; x_wconf 87' lang='grc' dir='ltr'>Πατέρα;</span> <span class='ocrx_word' id='word_1_150' title='bbox 1744 1799 1763 1831; x_wconf 73' lang='grc' dir='ltr'><strong>ι</strong></span> 
     </span>
    </p>
   </div>
   <div class='ocr_carea' id='block_1_21' title="bbox 186 1867 1767 1946">
    <p class='ocr_par' dir='ltr' id='par_1_21' title="bbox 186 1867 1767 1946">
     <span class='ocr_line' id='line_1_21' title="bbox 186 1867 1767 1946; baseline -0.002 -17"><span class='ocrx_word' id='word_1_151' title='bbox 186 1876 301 1929; x_wconf 68' lang='grc' dir='ltr'>Καὶ</span> <span class='ocrx_word' id='word_1_152' title='bbox 330 1874 535 1946; x_wconf 77' lang='grc' dir='ltr'>ἀληθὴς</span> <span class='ocrx_word' id='word_1_153' title='bbox 555 1876 584 1928; x_wconf 90' lang='lat'><strong>6</strong></span> <span class='ocrx_word' id='word_1_154' title='bbox 608 1874 786 1943; x_wconf 88' lang='grc' dir='ltr'>λόγος.</span> <span class='ocrx_word' id='word_1_155' title='bbox 815 1871 905 1926; x_wconf 86' lang='grc' dir='ltr'>Ἐν</span> <span class='ocrx_word' id='word_1_156' title='bbox 928 1873 1039 1946; x_wconf 89' lang='grc' dir='ltr'><strong>γάρ</strong></span> <span class='ocrx_word' id='word_1_157' title='bbox 1055 1867 1133 1944; x_wconf 80' lang='grc' dir='ltr'>τῷ</span> <span class='ocrx_word' id='word_1_158' title='bbox 1155 1872 1327 1944; x_wconf 80' lang='grc' dir='ltr'>ἑτέρῳ</span> <span class='ocrx_word' id='word_1_159' title='bbox 1357 1875 1767 1944; x_wconf 82' lang='grc' dir='ltr'>συναναιρεῖται</span> 
     </span>
    </p>
   </div>
   <div class='ocr_carea' id='block_1_22' title="bbox 188 1965 1768 2037">
    <p class='ocr_par' dir='ltr' id='par_1_22' title="bbox 188 1965 1768 2037">
     <span class='ocr_line' id='line_1_22' title="bbox 188 1965 1768 2037; baseline -0.001 -17"><span class='ocrx_word' id='word_1_160' title='bbox 188 1969 410 2031; x_wconf 81' lang='grc' dir='ltr'>πάντως</span> <span class='ocrx_word' id='word_1_161' title='bbox 438 1967 533 2020; x_wconf 76' lang='grc' dir='ltr'>καὶ</span> <span class='ocrx_word' id='word_1_162' title='bbox 566 1966 961 2035; x_wconf 83' lang='grc' dir='ltr'>συνυφίσταται</span> <span class='ocrx_word' id='word_1_163' title='bbox 1005 1965 1072 2018; x_wconf 91' lang='grc' dir='ltr'><strong>τὸ</strong></span> <span class='ocrx_word' id='word_1_164' title='bbox 1099 1965 1308 2037; x_wconf 74' lang='grc' dir='ltr'>ἕτερον.</span> <span class='ocrx_word' id='word_1_165' title='bbox 1340 1965 1415 2018; x_wconf 82' lang='grc' dir='ltr'><strong>Οὐ</strong></span> <span class='ocrx_word' id='word_1_166' title='bbox 1451 1966 1559 2037; x_wconf 91' lang='grc' dir='ltr'><strong>γάρ</strong></span> <span class='ocrx_word' id='word_1_167' title='bbox 1589 1966 1656 2019; x_wconf 87' lang='grc' dir='ltr'><strong>ἂν</strong></span> <span class='ocrx_word' id='word_1_168' title='bbox 1682 1967 1768 2037; x_wconf 84' lang='grc' dir='ltr'><strong>εῐη</strong></span> 
     </span>
    </p>
   </div>
   <div class='ocr_carea' id='block_1_23' title="bbox 189 2056 1768 2129">
    <p class='ocr_par' dir='ltr' id='par_1_23' title="bbox 189 2056 1768 2129">
     <span class='ocr_line' id='line_1_23' title="bbox 189 2056 1768 2129; baseline -0.001 -18"><span class='ocrx_word' id='word_1_169' title='bbox 189 2056 404 2128; x_wconf 76' lang='grc' dir='ltr'>Πατὴρ,</span> <span class='ocrx_word' id='word_1_170' title='bbox 442 2057 543 2111; x_wconf 81' lang='grc' dir='ltr'><strong>οὐκ</strong></span> <span class='ocrx_word' id='word_1_171' title='bbox 568 2056 721 2120; x_wconf 79' lang='grc' dir='ltr'>δντος</span> <span class='ocrx_word' id='word_1_172' title='bbox 746 2056 903 2123; x_wconf 75' lang='grc' dir='ltr'>Υίοῦ,</span> <span class='ocrx_word' id='word_1_173' title='bbox 933 2057 1043 2111; x_wconf 71' lang='grc' dir='ltr'>οὐδ’</span> <span class='ocrx_word' id='word_1_174' title='bbox 1077 2056 1144 2111; x_wconf 82' lang='grc' dir='ltr'><strong>ἂν</strong></span> <span class='ocrx_word' id='word_1_175' title='bbox 1176 2057 1302 2123; x_wconf 88' lang='grc' dir='ltr'>Υίὸς</span> <span class='ocrx_word' id='word_1_176' title='bbox 1326 2059 1499 2113; x_wconf 83' lang='grc' dir='ltr'>νοοῖτό</span> <span class='ocrx_word' id='word_1_177' title='bbox 1529 2075 1660 2111; x_wconf 84' lang='grc' dir='ltr'>ποτε</span> <span class='ocrx_word' id='word_1_178' title='bbox 1693 2057 1768 2129; x_wconf 84' lang='grc' dir='ltr'>μὴ</span> 
     </span>
    </p>
   </div>
   <div class='ocr_carea' id='block_1_24' title="bbox 185 2148 1764 2222">
    <p class='ocr_par' dir='ltr' id='par_1_24' title="bbox 185 2148 1764 2222">
     <span class='ocr_line' id='line_1_24' title="bbox 185 2148 1764 2222; baseline 0.001 -20"><span class='ocrx_word' id='word_1_179' title='bbox 185 2149 310 2219; x_wconf 72' lang='grc' dir='ltr'>οὐχὶ</span> <span class='ocrx_word' id='word_1_180' title='bbox 336 2149 555 2211; x_wconf 78' lang='grc' dir='ltr'>πάντως</span> <span class='ocrx_word' id='word_1_181' title='bbox 613 2148 763 2220; x_wconf 83' lang='grc' dir='ltr'>αὐτῷ</span> <span class='ocrx_word' id='word_1_182' title='bbox 798 2150 1283 2221; x_wconf 85' lang='grc' dir='ltr'>συνεπινοουμένου</span> <span class='ocrx_word' id='word_1_183' title='bbox 1330 2151 1425 2205; x_wconf 90' lang='grc' dir='ltr'><strong>τοῦ</strong></span> <span class='ocrx_word' id='word_1_184' title='bbox 1473 2150 1764 2222; x_wconf 82' lang='grc' dir='ltr'>φύσαντος.</span> 
     </span>
    </p>
   </div>
   <div class='ocr_carea' id='block_1_25' title="bbox 184 2236 1770 2313">
    <p class='ocr_par' dir='ltr' id='par_1_25' title="bbox 184 2236 1770 2313">
     <span class='ocr_line' id='line_1_25' title="bbox 184 2236 1770 2313; baseline 0.001 -19"><span class='ocrx_word' id='word_1_185' title='bbox 184 2242 249 2294; x_wconf 84' lang='grc' dir='ltr'>Εἰ</span> <span class='ocrx_word' id='word_1_186' title='bbox 269 2239 450 2293; x_wconf 88' lang='grc' dir='ltr'>τοίνυν</span> <span class='ocrx_word' id='word_1_187' title='bbox 504 2240 749 2310; x_wconf 83' lang='grc' dir='ltr'>ἀρνεῖται</span> <span class='ocrx_word' id='word_1_188' title='bbox 785 2240 877 2293; x_wconf 92' lang='grc' dir='ltr'><strong>τὸν</strong></span> <span class='ocrx_word' id='word_1_189' title='bbox 925 2240 1055 2294; x_wconf 80' lang='grc' dir='ltr'>Υίὸν</span> <span class='ocrx_word' id='word_1_190' title='bbox 1110 2239 1439 2313; x_wconf 74' lang='grc' dir='ltr'>(ἑτερογενῆ</span> <span class='ocrx_word' id='word_1_191' title='bbox 1478 2242 1588 2312; x_wconf 79' lang='grc' dir='ltr'><strong>γὰρ</strong></span> <span class='ocrx_word' id='word_1_192' title='bbox 1627 2236 1770 2295; x_wconf 78' lang='grc' dir='ltr'>εἷναί</span> 
     </span>
    </p>
   </div>
   <div class='ocr_carea' id='block_1_26' title="bbox 184 2326 1770 2403">
    <p class='ocr_par' dir='ltr' id='par_1_26' title="bbox 184 2326 1770 2403">
     <span class='ocr_line' id='line_1_26' title="bbox 184 2326 1770 2403; baseline 0.001 -17"><span class='ocrx_word' id='word_1_193' title='bbox 184 2330 394 2403; x_wconf 81' lang='grc' dir='ltr'>φησι),</span> <span class='ocrx_word' id='word_1_194' title='bbox 422 2331 517 2385; x_wconf 70' lang='grc' dir='ltr'>καὶ</span> <span class='ocrx_word' id='word_1_195' title='bbox 553 2330 718 2384; x_wconf 85' lang='grc' dir='ltr'>αὑτὸν</span> <span class='ocrx_word' id='word_1_196' title='bbox 746 2332 1024 2402; x_wconf 78' lang='grc' dir='ltr'>ἠρνήσατο</span> <span class='ocrx_word' id='word_1_197' title='bbox 1061 2332 1155 2385; x_wconf 89' lang='grc' dir='ltr'><strong>τὸν</strong></span> <span class='ocrx_word' id='word_1_198' title='bbox 1198 2332 1442 2403; x_wconf 86' lang='grc' dir='ltr'>Πατέρα.</span> <span class='ocrx_word' id='word_1_199' title='bbox 1475 2332 1542 2385; x_wconf 90' lang='grc' dir='ltr'>Τί</span> <span class='ocrx_word' id='word_1_200' title='bbox 1573 2328 1687 2398; x_wconf 82' lang='grc' dir='ltr'>οὖν,</span> <span class='ocrx_word' id='word_1_201' title='bbox 1723 2326 1770 2388; x_wconf 84' lang='grc' dir='ltr'>ὧ</span> 
     </span>
    </p>
   </div>
   <div class='ocr_carea' id='block_1_27' title="bbox 186 2422 1765 2495">
    <p class='ocr_par' dir='ltr' id='par_1_27' title="bbox 186 2422 1765 2495">
     <span class='ocr_line' id='line_1_27' title="bbox 186 2422 1765 2495; baseline 0.002 -19"><span class='ocrx_word' id='word_1_202' title='bbox 186 2422 456 2491; x_wconf 80' lang='grc' dir='ltr'>βέλτιστε,</span> <span class='ocrx_word' id='word_1_203' title='bbox 476 2423 614 2495; x_wconf 87' lang='grc' dir='ltr'>πρὸς</span> <span class='ocrx_word' id='word_1_204' title='bbox 628 2422 801 2477; x_wconf 91' lang='grc' dir='ltr'>ταῦτα</span> <span class='ocrx_word' id='word_1_205' title='bbox 826 2425 1001 2495; x_wconf 79' lang='grc' dir='ltr'>ὲρεῖς;</span> <span class='ocrx_word' id='word_1_206' title='bbox 1023 2424 1119 2487; x_wconf 87' lang='grc' dir='ltr'>Είς</span> <span class='ocrx_word' id='word_1_207' title='bbox 1143 2423 1267 2478; x_wconf 88' lang='grc' dir='ltr'>τίνα</span> <span class='ocrx_word' id='word_1_208' title='bbox 1291 2423 1478 2477; x_wconf 87' lang='grc' dir='ltr'>λοιπὸν</span> <span class='ocrx_word' id='word_1_209' title='bbox 1495 2425 1529 2495; x_wconf 75' lang='grc' dir='ltr'>ἡ</span> <span class='ocrx_word' id='word_1_210' title='bbox 1552 2424 1765 2492; x_wconf 88' lang='grc' dir='ltr'>πίστις;</span> 
     </span>
    </p>
   </div>
   <div class='ocr_carea' id='block_1_28' title="bbox 186 2514 1770 2587">
    <p class='ocr_par' dir='ltr' id='par_1_28' title="bbox 186 2514 1770 2587">
     <span class='ocr_line' id='line_1_28' title="bbox 186 2514 1770 2587; baseline -0.001 -18"><span class='ocrx_word' id='word_1_211' title='bbox 186 2516 299 2569; x_wconf 89' lang='grc' dir='ltr'><strong>Ποῦ</strong></span> <span class='ocrx_word' id='word_1_212' title='bbox 322 2515 425 2585; x_wconf 77' lang='grc' dir='ltr'>τῆς</span> <span class='ocrx_word' id='word_1_213' title='bbox 479 2516 642 2585; x_wconf 90' lang='grc' dir='ltr'>ἀγίας</span> <span class='ocrx_word' id='word_1_214' title='bbox 694 2514 927 2586; x_wconf 81' lang='grc' dir='ltr'>Τριάδος</span> <span class='ocrx_word' id='word_1_215' title='bbox 959 2516 994 2586; x_wconf 84' lang='grc' dir='ltr'><strong>ἡ</strong></span> <span class='ocrx_word' id='word_1_216' title='bbox 1049 2514 1214 2579; x_wconf 75' lang='grc' dir='ltr'>δόξας</span> <span class='ocrx_word' id='word_1_217' title='bbox 1247 2515 1483 2569; x_wconf 88' lang='grc' dir='ltr'>Λέλυται</span> <span class='ocrx_word' id='word_1_218' title='bbox 1521 2515 1631 2587; x_wconf 88' lang='grc' dir='ltr'><strong>γάρ</strong></span> <span class='ocrx_word' id='word_1_219' title='bbox 1673 2515 1770 2570; x_wconf 78' lang='grc' dir='ltr'>καὶ</span> 
     </span>
    </p>
   </div>
   <div class='ocr_carea' id='block_1_29' title="bbox 186 2606 1769 2681">
    <p class='ocr_par' dir='ltr' id='par_1_29' title="bbox 186 2606 1769 2681">
     <span class='ocr_line' id='line_1_29' title="bbox 186 2606 1769 2681; baseline -0.002 -19"><span class='ocrx_word' id='word_1_220' title='bbox 186 2607 391 2681; x_wconf 75' lang='grc' dir='ltr'>φρούδη</span> <span class='ocrx_word' id='word_1_221' title='bbox 423 2607 610 2662; x_wconf 90' lang='grc' dir='ltr'>λοιπὸν</span> <span class='ocrx_word' id='word_1_222' title='bbox 637 2609 670 2679; x_wconf 84' lang='grc' dir='ltr'><strong>ἡ</strong></span> <span class='ocrx_word' id='word_1_223' title='bbox 692 2606 804 2660; x_wconf 87' lang='grc' dir='ltr'><strong>τῶν</strong></span> <span class='ocrx_word' id='word_1_224' title='bbox 824 2607 961 2661; x_wconf 85' lang='grc' dir='ltr'>ὅλων</span> <span class='ocrx_word' id='word_1_225' title='bbox 990 2606 1270 2678; x_wconf 81' lang='grc' dir='ltr'>κρατοῦσα</span> <span class='ocrx_word' id='word_1_226' title='bbox 1289 2606 1473 2676; x_wconf 81' lang='grc' dir='ltr'>φύσις,</span> <span class='ocrx_word' id='word_1_227' title='bbox 1497 2607 1557 2661; x_wconf 84' lang='grc' dir='ltr'>ὲν</span> <span class='ocrx_word' id='word_1_228' title='bbox 1587 2606 1769 2677; x_wconf 80' lang='grc' dir='ltr'>ψιλαῖς</span> 
     </span>
    </p>
   </div>
   <div class='ocr_carea' id='block_1_30' title="bbox 183 2696 1765 2771">
    <p class='ocr_par' dir='ltr' id='par_1_30' title="bbox 183 2696 1765 2771">
     <span class='ocr_line' id='line_1_30' title="bbox 183 2696 1765 2771; baseline -0.018 -11"><span class='ocrx_word' id='word_1_229' title='bbox 183 2703 320 2771; x_wconf 70' lang='grc' dir='ltr'>ἡμῖν</span> <span class='ocrx_word' id='word_1_230' title='bbox 352 2698 692 2770; x_wconf 82' lang='grc' dir='ltr'>σημανθεῖσα</span> <span class='ocrx_word' id='word_1_231' title='bbox 721 2697 899 2762; x_wconf 80' lang='grc' dir='ltr'>λέξεσι</span> <span class='ocrx_word' id='word_1_232' title='bbox 954 2698 1107 2768; x_wconf 77' lang='grc' dir='ltr'>παρὰ</span> <span class='ocrx_word' id='word_1_233' title='bbox 1147 2696 1247 2766; x_wconf 78' lang='grc' dir='ltr'>τῆς</span> <span class='ocrx_word' id='word_1_234' title='bbox 1308 2698 1471 2767; x_wconf 76' lang='grc' dir='ltr'>ἁγίας</span> <span class='ocrx_word' id='word_1_235' title='bbox 1520 2699 1765 2771; x_wconf 71' lang='grc' dir='ltr'><strong>Γραφῆς.</strong></span> 
     </span>
    </p>
   </div>
   <div class='ocr_carea' id='block_1_31' title="bbox 185 2786 1769 2860">
    <p class='ocr_par' dir='ltr' id='par_1_31' title="bbox 185 2786 1769 2860">
     <span class='ocr_line' id='line_1_31' title="bbox 185 2786 1769 2860; baseline -0.001 -17"><span class='ocrx_word' id='word_1_236' title='bbox 185 2788 488 2858; x_wconf 74' lang='grc' dir='ltr'>ἀναγκάζει</span> <span class='ocrx_word' id='word_1_237' title='bbox 514 2789 626 2859; x_wconf 73' lang='grc' dir='ltr'>γὰρ</span> <span class='ocrx_word' id='word_1_238' title='bbox 646 2790 796 2860; x_wconf 77' lang='grc' dir='ltr'>ἡμᾶς</span> <span class='ocrx_word' id='word_1_239' title='bbox 818 2788 913 2841; x_wconf 72' lang='grc' dir='ltr'>καὶ</span> <span class='ocrx_word' id='word_1_240' title='bbox 935 2788 1022 2842; x_wconf 90' lang='grc' dir='ltr'><strong>διά</strong></span> <span class='ocrx_word' id='word_1_241' title='bbox 1042 2787 1154 2841; x_wconf 85' lang='grc' dir='ltr'><strong>τῶν</strong></span> <span class='ocrx_word' id='word_1_242' title='bbox 1172 2786 1348 2850; x_wconf 79' lang='grc' dir='ltr'>οὕτως</span> <span class='ocrx_word' id='word_1_243' title='bbox 1376 2788 1769 2860; x_wconf 83' lang='grc' dir='ltr'>ἀπηχεστάτων</span> 
     </span>
    </p>
   </div>
   <div class='ocr_carea' id='block_1_32' title="bbox 187 2878 1766 2953">
    <p class='ocr_par' dir='ltr' id='par_1_32' title="bbox 187 2878 1766 2953">
     <span class='ocr_line' id='line_1_32' title="bbox 187 2878 1766 2953; baseline 0.001 -19"><span class='ocrx_word' id='word_1_244' title='bbox 187 2881 323 2934; x_wconf 77' lang='grc' dir='ltr'>ίέναι</span> <span class='ocrx_word' id='word_1_245' title='bbox 352 2880 527 2949; x_wconf 89' lang='grc' dir='ltr'>λόγων</span> <span class='ocrx_word' id='word_1_246' title='bbox 559 2881 593 2951; x_wconf 78' lang='grc' dir='ltr'>ἡ</span> <span class='ocrx_word' id='word_1_247' title='bbox 627 2880 851 2933; x_wconf 74' lang='grc' dir='ltr'>ἐκείνων</span> <span class='ocrx_word' id='word_1_248' title='bbox 902 2878 1216 2951; x_wconf 80' lang='grc' dir='ltr'>ἁποπληξία</span> <span class='ocrx_word' id='word_1_249' title='bbox 1252 2882 1349 2934; x_wconf 75' lang='grc' dir='ltr'><strong>καὶ</strong></span> <span class='ocrx_word' id='word_1_250' title='bbox 1409 2881 1766 2953; x_wconf 79' lang='grc' dir='ltr'>ψευδομυθία.</span> 
     </span>
    </p>
   </div>
   <div class='ocr_carea' id='block_1_33' title="bbox 197 2971 1766 3044">
    <p class='ocr_par' dir='ltr' id='par_1_33' title="bbox 197 2971 1766 3044">
     <span class='ocr_line' id='line_1_33' title="bbox 197 2971 1766 3044; baseline 0.013 -28"><span class='ocrx_word' id='word_1_251' title='bbox 197 2973 341 3026; x_wconf 74' lang='grc' dir='ltr'>Ἀλλ’</span> <span class='ocrx_word' id='word_1_252' title='bbox 370 2971 499 3036; x_wconf 84' lang='grc' dir='ltr'>ἴσως</span> <span class='ocrx_word' id='word_1_253' title='bbox 524 2972 586 3026; x_wconf 91' lang='grc' dir='ltr'><strong>τὸ</strong></span> <span class='ocrx_word' id='word_1_254' title='bbox 637 2972 738 3042; x_wconf 85' lang='grc' dir='ltr'>τῆς</span> <span class='ocrx_word' id='word_1_255' title='bbox 782 2971 1094 3042; x_wconf 79' lang='grc' dir='ltr'>δυσφημίας</span> <span class='ocrx_word' id='word_1_256' title='bbox 1130 2972 1459 3036; x_wconf 84' lang='grc' dir='ltr'>καταδείσας</span> <span class='ocrx_word' id='word_1_257' title='bbox 1501 2972 1731 3044; x_wconf 83' lang='grc' dir='ltr'>μέγεθος</span> <span class='ocrx_word' id='word_1_258' title='bbox 1752 3013 1766 3037; x_wconf 70' lang='grc' dir='ltr'><strong>ν</strong></span> 
     </span>
    </p>
   </div>
   <div class='ocr_carea' id='block_1_34' title="bbox 183 3059 1769 3137">
    <p class='ocr_par' dir='ltr' id='par_1_34' title="bbox 183 3059 1769 3137">
     <span class='ocr_line' id='line_1_34' title="bbox 183 3059 1769 3137; baseline 0 -18"><span class='ocrx_word' id='word_1_259' title='bbox 183 3065 448 3135; x_wconf 84' lang='grc' dir='ltr'>ἀλλογενῆ</span> <span class='ocrx_word' id='word_1_260' title='bbox 482 3065 579 3135; x_wconf 82' lang='grc' dir='ltr'>μὲν</span> <span class='ocrx_word' id='word_1_261' title='bbox 604 3059 743 3118; x_wconf 73' lang='grc' dir='ltr'>εἶναί</span> <span class='ocrx_word' id='word_1_262' title='bbox 774 3082 930 3136; x_wconf 86' lang='grc' dir='ltr'>φησι,</span> <span class='ocrx_word' id='word_1_263' title='bbox 972 3064 1334 3133; x_wconf 79' lang='grc' dir='ltr'>γεγεννῆσθαί</span> <span class='ocrx_word' id='word_1_264' title='bbox 1376 3082 1440 3133; x_wconf 87' lang='grc' dir='ltr'><strong>γε</strong></span> <span class='ocrx_word' id='word_1_265' title='bbox 1483 3065 1589 3137; x_wconf 83' lang='grc' dir='ltr'>μὴν</span> <span class='ocrx_word' id='word_1_266' title='bbox 1620 3066 1769 3137; x_wconf 85' lang='grc' dir='ltr'><strong>παρά</strong></span> 
     </span>
    </p>
   </div>
   <div class='ocr_carea' id='block_1_35' title="bbox 182 3152 1772 3228">
    <p class='ocr_par' dir='ltr' id='par_1_35' title="bbox 182 3152 1772 3228">
     <span class='ocr_line' id='line_1_35' title="bbox 182 3152 1772 3228; baseline -0.001 -18"><span class='ocrx_word' id='word_1_267' title='bbox 182 3156 282 3210; x_wconf 92' lang='grc' dir='ltr'><strong>τοῦ</strong></span> <span class='ocrx_word' id='word_1_268' title='bbox 312 3156 449 3210; x_wconf 88' lang='grc' dir='ltr'>Θεοῦ</span> <span class='ocrx_word' id='word_1_269' title='bbox 477 3156 575 3210; x_wconf 72' lang='grc' dir='ltr'><strong>καὶ</strong></span> <span class='ocrx_word' id='word_1_270' title='bbox 628 3156 862 3228; x_wconf 85' lang='grc' dir='ltr'>Πατρός.</span> <span class='ocrx_word' id='word_1_271' title='bbox 906 3157 1100 3228; x_wconf 80' lang='grc' dir='ltr'>Ἡμεῖς</span> <span class='ocrx_word' id='word_1_272' title='bbox 1160 3156 1217 3210; x_wconf 80' lang='grc' dir='ltr'>δὲ</span> <span class='ocrx_word' id='word_1_273' title='bbox 1269 3152 1337 3211; x_wconf 73' lang='grc' dir='ltr'><strong>αὖ</strong></span> <span class='ocrx_word' id='word_1_274' title='bbox 1376 3155 1541 3210; x_wconf 81' lang='grc' dir='ltr'>πάλιν</span> <span class='ocrx_word' id='word_1_275' title='bbox 1599 3158 1772 3209; x_wconf 78' lang='grc' dir='ltr'>εἰπεῖν</span> 
     </span>
    </p>
   </div>
   <div class='ocr_carea' id='block_1_36' title="bbox 182 3249 1776 3322">
    <p class='ocr_par' dir='ltr' id='par_1_36' title="bbox 182 3249 1776 3322">
     <span class='ocr_line' id='line_1_36' title="bbox 182 3249 1776 3322; baseline -0.001 -18"><span class='ocrx_word' id='word_1_276' title='bbox 182 3252 569 3322; x_wconf 81' lang='grc' dir='ltr'>ἀπαιτήσομεν</span> <span class='ocrx_word' id='word_1_277' title='bbox 620 3249 740 3314; x_wconf 85' lang='grc' dir='ltr'><strong>πῶς</strong></span> <span class='ocrx_word' id='word_1_278' title='bbox 788 3249 898 3320; x_wconf 75' lang='grc' dir='ltr'>ἄρα</span> <span class='ocrx_word' id='word_1_279' title='bbox 956 3250 1322 3319; x_wconf 79' lang='grc' dir='ltr'>γεγεννῆσθαι</span> <span class='ocrx_word' id='word_1_280' title='bbox 1347 3249 1530 3302; x_wconf 90' lang='grc' dir='ltr'>δίδωσί</span> <span class='ocrx_word' id='word_1_281' title='bbox 1573 3266 1635 3302; x_wconf 85' lang='grc' dir='ltr'><strong>τε</strong></span> <span class='ocrx_word' id='word_1_282' title='bbox 1681 3251 1776 3303; x_wconf 76' lang='grc' dir='ltr'><strong>καὶ</strong></span> 
     </span>
    </p>
   </div>
   <div class='ocr_carea' id='block_1_37' title="bbox 183 3339 1777 3413">
    <p class='ocr_par' dir='ltr' id='par_1_37' title="bbox 183 3339 1777 3413">
     <span class='ocr_line' id='line_1_37' title="bbox 183 3339 1777 3413; baseline -0.001 -17"><span class='ocrx_word' id='word_1_283' title='bbox 183 3342 459 3413; x_wconf 81' lang='grc' dir='ltr'>ὁμολογεῖ.</span> <span class='ocrx_word' id='word_1_284' title='bbox 487 3341 551 3394; x_wconf 82' lang='grc' dir='ltr'><strong>Εἰ</strong></span> <span class='ocrx_word' id='word_1_285' title='bbox 602 3340 699 3411; x_wconf 82' lang='grc' dir='ltr'>μὲν</span> <span class='ocrx_word' id='word_1_286' title='bbox 743 3340 853 3410; x_wconf 91' lang='grc' dir='ltr'><strong>γάρ</strong></span> <span class='ocrx_word' id='word_1_287' title='bbox 904 3339 977 3404; x_wconf 85' lang='grc' dir='ltr'>ὡς</span> <span class='ocrx_word' id='word_1_288' title='bbox 1011 3340 1068 3391; x_wconf 84' lang='grc' dir='ltr'>ἒν</span> <span class='ocrx_word' id='word_1_289' title='bbox 1116 3339 1224 3392; x_wconf 84' lang='grc' dir='ltr'><strong>τῶν</strong></span> <span class='ocrx_word' id='word_1_290' title='bbox 1252 3339 1589 3408; x_wconf 79' lang='grc' dir='ltr'>κτισμάτων,</span> <span class='ocrx_word' id='word_1_291' title='bbox 1638 3340 1777 3394; x_wconf 78' lang='grc' dir='ltr'>κατὰ</span> 
     </span>
    </p>
   </div>
   <div class='ocr_carea' id='block_1_38' title="bbox 187 3430 1778 3504">
    <p class='ocr_par' dir='ltr' id='par_1_38' title="bbox 187 3430 1778 3504">
     <span class='ocr_line' id='line_1_38' title="bbox 187 3430 1778 3504; baseline -0.002 -17"><span class='ocrx_word' id='word_1_292' title='bbox 187 3435 374 3504; x_wconf 83' lang='grc' dir='ltr'>σχέσιν</span> <span class='ocrx_word' id='word_1_293' title='bbox 408 3433 507 3504; x_wconf 81' lang='grc' dir='ltr'>τὴν</span> <span class='ocrx_word' id='word_1_294' title='bbox 550 3432 624 3496; x_wconf 79' lang='grc' dir='ltr'><strong>ὡς</strong></span> <span class='ocrx_word' id='word_1_295' title='bbox 674 3433 732 3485; x_wconf 81' lang='grc' dir='ltr'>ὲν</span> <span class='ocrx_word' id='word_1_296' title='bbox 763 3431 965 3503; x_wconf 81' lang='grc' dir='ltr'>ἀγάπῃ.</span> <span class='ocrx_word' id='word_1_297' title='bbox 1011 3431 1106 3483; x_wconf 72' lang='grc' dir='ltr'><strong>καὶ</strong></span> <span class='ocrx_word' id='word_1_298' title='bbox 1150 3430 1291 3484; x_wconf 86' lang='grc' dir='ltr'><strong>κατά</strong></span> <span class='ocrx_word' id='word_1_299' title='bbox 1314 3430 1531 3501; x_wconf 84' lang='grc' dir='ltr'>θέλησιν</span> <span class='ocrx_word' id='word_1_300' title='bbox 1560 3430 1778 3503; x_wconf 88' lang='grc' dir='ltr'>(πάντα</span> 
     </span>
    </p>
   </div>
   <div class='ocr_carea' id='block_1_39' title="bbox 185 3516 1777 3595">
    <p class='ocr_par' dir='ltr' id='par_1_39' title="bbox 185 3516 1777 3595">
     <span class='ocr_line' id='line_1_39' title="bbox 185 3516 1777 3595; baseline -0.001 -17"><span class='ocrx_word' id='word_1_301' title='bbox 185 3526 297 3595; x_wconf 76' lang='grc' dir='ltr'>γὰρ</span> <span class='ocrx_word' id='word_1_302' title='bbox 327 3524 392 3577; x_wconf 83' lang='grc' dir='ltr'>ὲκ</span> <span class='ocrx_word' id='word_1_303' title='bbox 421 3521 557 3577; x_wconf 83' lang='grc' dir='ltr'>Θεοῦ</span> <span class='ocrx_word' id='word_1_304' title='bbox 582 3522 836 3592; x_wconf 87' lang='grc' dir='ltr'>λέγεται)</span> <span class='ocrx_word' id='word_1_305' title='bbox 862 3564 875 3586; x_wconf 87' lang='grc'><strong>,</strong></span> <span class='ocrx_word' id='word_1_306' title='bbox 934 3521 1022 3575; x_wconf 77' lang='grc' dir='ltr'>διὰ</span> <span class='ocrx_word' id='word_1_307' title='bbox 1052 3522 1158 3576; x_wconf 82' lang='grc' dir='ltr'><strong>τῶν</strong></span> <span class='ocrx_word' id='word_1_308' title='bbox 1210 3522 1389 3575; x_wconf 79' lang='grc' dir='ltr'>αὐτῶν</span> <span class='ocrx_word' id='word_1_309' title='bbox 1435 3520 1587 3575; x_wconf 84' lang='grc' dir='ltr'>οὐδὲν</span> <span class='ocrx_word' id='word_1_310' title='bbox 1615 3516 1777 3595; x_wconf 75' lang='grc' dir='ltr'>ἧττον</span> 
     </span>
    </p>
   </div>
   <div class='ocr_carea' id='block_1_40' title="bbox 187 3614 1775 3688">
    <p class='ocr_par' dir='ltr' id='par_1_40' title="bbox 187 3614 1775 3688">
     <span class='ocr_line' id='line_1_40' title="bbox 187 3614 1775 3688; baseline -0.003 -14"><span class='ocrx_word' id='word_1_311' title='bbox 187 3617 308 3688; x_wconf 69' lang='grc' dir='ltr'>ἥξει</span> <span class='ocrx_word' id='word_1_312' title='bbox 366 3616 753 3687; x_wconf 85' lang='grc' dir='ltr'>βλασφημιῶν.</span> <span class='ocrx_word' id='word_1_313' title='bbox 807 3615 1010 3687; x_wconf 78' lang='grc' dir='ltr'>’Δληθῆ</span> <span class='ocrx_word' id='word_1_314' title='bbox 1042 3614 1099 3668; x_wconf 83' lang='grc' dir='ltr'>δὲ</span> <span class='ocrx_word' id='word_1_315' title='bbox 1125 3614 1217 3669; x_wconf 89' lang='grc' dir='ltr'><strong>τὸν</strong></span> <span class='ocrx_word' id='word_1_316' title='bbox 1244 3616 1404 3669; x_wconf 85' lang='grc' dir='ltr'>τόκον</span> <span class='ocrx_word' id='word_1_317' title='bbox 1444 3614 1616 3669; x_wconf 85' lang='grc' dir='ltr'>είπὼν</span> <span class='ocrx_word' id='word_1_318' title='bbox 1637 3657 1651 3681; x_wconf 90' lang='grc'><strong>,</strong></span> <span class='ocrx_word' id='word_1_319' title='bbox 1682 3616 1775 3671; x_wconf 82' lang='grc' dir='ltr'>έκ-</span> 
     </span>
    </p>
   </div>
   <div class='ocr_carea' id='block_1_41' title="bbox 189 3707 1777 3779">
    <p class='ocr_par' dir='ltr' id='par_1_41' title="bbox 189 3707 1777 3779">
     <span class='ocr_line' id='line_1_41' title="bbox 189 3707 1777 3779; baseline 0 -17"><span class='ocrx_word' id='word_1_320' title='bbox 189 3710 357 3778; x_wconf 87' lang='grc' dir='ltr'>φυλόν</span> <span class='ocrx_word' id='word_1_321' title='bbox 388 3726 449 3763; x_wconf 83' lang='grc' dir='ltr'><strong>τε</strong></span> <span class='ocrx_word' id='word_1_322' title='bbox 470 3707 609 3763; x_wconf 69' lang='grc' dir='ltr'>εἶναι</span> <span class='ocrx_word' id='word_1_323' title='bbox 645 3708 1142 3779; x_wconf 77' lang='grc' dir='ltr'>διαόεόαιούμενος,</span> <span class='ocrx_word' id='word_1_324' title='bbox 1185 3708 1282 3762; x_wconf 71' lang='grc' dir='ltr'><strong>καὶ</strong></span> <span class='ocrx_word' id='word_1_325' title='bbox 1314 3708 1577 3779; x_wconf 87' lang='grc' dir='ltr'>ἀλλογενῆ</span> <span class='ocrx_word' id='word_1_326' title='bbox 1603 3708 1777 3779; x_wconf 89' lang='grc' dir='ltr'>λέγων</span> 
     </span>
    </p>
   </div>
   <div class='ocr_carea' id='block_1_42' title="bbox 189 3798 1778 3872">
    <p class='ocr_par' dir='ltr' id='par_1_42' title="bbox 189 3798 1778 3872">
     <span class='ocr_line' id='line_1_42' title="bbox 189 3798 1778 3872; baseline -0.001 -19"><span class='ocrx_word' id='word_1_327' title='bbox 189 3801 381 3855; x_wconf 68' lang='grc' dir='ltr'>ἔτικαὶ</span> <span class='ocrx_word' id='word_1_328' title='bbox 411 3801 551 3872; x_wconf 86' lang='grc' dir='ltr'><strong>μετά</strong></span> <span class='ocrx_word' id='word_1_329' title='bbox 588 3799 769 3866; x_wconf 89' lang='grc' dir='ltr'>τοῦτο,</span> <span class='ocrx_word' id='word_1_330' title='bbox 800 3799 1126 3870; x_wconf 80' lang='grc' dir='ltr'>δυσσεϐήσει</span> <span class='ocrx_word' id='word_1_331' title='bbox 1149 3798 1366 3863; x_wconf 83' lang='grc' dir='ltr'>πάντως</span> <span class='ocrx_word' id='word_1_332' title='bbox 1386 3800 1466 3864; x_wconf 90' lang='grc' dir='ltr'><strong>είς</strong></span> <span class='ocrx_word' id='word_1_333' title='bbox 1497 3800 1658 3854; x_wconf 78' lang='grc' dir='ltr'>αὐτὸν</span> <span class='ocrx_word' id='word_1_334' title='bbox 1686 3800 1778 3853; x_wconf 92' lang='grc' dir='ltr'><strong>τὸν</strong></span> 
     </span>
    </p>
   </div>
   <div class='ocr_carea' id='block_1_43' title="bbox 188 3888 1777 3962">
    <p class='ocr_par' dir='ltr' id='par_1_43' title="bbox 188 3888 1777 3962">
     <span class='ocr_line' id='line_1_43' title="bbox 188 3888 1777 3962; baseline 0 -19"><span class='ocrx_word' id='word_1_335' title='bbox 188 3892 548 3962; x_wconf 78' lang='grc' dir='ltr'>γεννήσαντα.</span> <span class='ocrx_word' id='word_1_336' title='bbox 589 3892 655 3944; x_wconf 86' lang='grc' dir='ltr'>Ὀ</span> <span class='ocrx_word' id='word_1_337' title='bbox 685 3890 795 3962; x_wconf 90' lang='grc' dir='ltr'><strong>γάρ</strong></span> <span class='ocrx_word' id='word_1_338' title='bbox 854 3891 947 3945; x_wconf 79' lang='grc' dir='ltr'><strong>καὶ</strong></span> <span class='ocrx_word' id='word_1_339' title='bbox 1000 3888 1139 3962; x_wconf 81' lang='grc' dir='ltr'>αὐτὴ</span> <span class='ocrx_word' id='word_1_340' title='bbox 1191 3890 1554 3962; x_wconf 74' lang='grc' dir='ltr'>παρῃτήσατο</span> <span class='ocrx_word' id='word_1_341' title='bbox 1585 3890 1777 3943; x_wconf 89' lang='grc' dir='ltr'>παθεῖν</span> 
     </span>
    </p>
   </div>
   <div class='ocr_carea' id='block_1_44' title="bbox 187 3981 1777 4053">
    <p class='ocr_par' dir='ltr' id='par_1_44' title="bbox 187 3981 1777 4053">
     <span class='ocr_line' id='line_1_44' title="bbox 187 3981 1777 4053; baseline -0.001 -16"><span class='ocrx_word' id='word_1_342' title='bbox 187 3983 296 4037; x_wconf 83' lang='grc' dir='ltr'>τῶν</span> <span class='ocrx_word' id='word_1_343' title='bbox 326 3982 574 4053; x_wconf 84' lang='grc' dir='ltr'>γενητῶν</span> <span class='ocrx_word' id='word_1_344' title='bbox 610 3985 644 4053; x_wconf 81' lang='grc' dir='ltr'>ἡ</span> <span class='ocrx_word' id='word_1_345' title='bbox 670 3982 854 4053; x_wconf 85' lang='grc' dir='ltr'>φύσις,</span> <span class='ocrx_word' id='word_1_346' title='bbox 909 3981 1069 4035; x_wconf 85' lang='grc' dir='ltr'>τοῦτο</span> <span class='ocrx_word' id='word_1_347' title='bbox 1102 3981 1165 4053; x_wconf 77' lang='grc' dir='ltr'>δὴ</span> <span class='ocrx_word' id='word_1_348' title='bbox 1197 3982 1414 4047; x_wconf 81' lang='grc' dir='ltr'>πάντως</span> <span class='ocrx_word' id='word_1_349' title='bbox 1451 3981 1777 4047; x_wconf 79' lang='grc' dir='ltr'>ύποδείξειεν</span> 
     </span>
    </p>
   </div>
   <div class='ocr_carea' id='block_1_45' title="bbox 189 4071 1779 4147">
    <p class='ocr_par' dir='ltr' id='par_1_45' title="bbox 189 4071 1779 4147">
     <span class='ocr_line' id='line_1_45' title="bbox 189 4071 1779 4147; baseline 0 -18"><span class='ocrx_word' id='word_1_350' title='bbox 189 4077 561 4147; x_wconf 83' lang='grc' dir='ltr'>ὑπομείναντα</span> <span class='ocrx_word' id='word_1_351' title='bbox 585 4076 678 4130; x_wconf 85' lang='grc' dir='ltr'><strong>τὸν</strong></span> <span class='ocrx_word' id='word_1_352' title='bbox 699 4075 852 4129; x_wconf 89' lang='grc' dir='ltr'>Θεόν.</span> <span class='ocrx_word' id='word_1_353' title='bbox 886 4071 962 4128; x_wconf 86' lang='grc' dir='ltr'>Ἦ</span> <span class='ocrx_word' id='word_1_354' title='bbox 989 4075 1099 4146; x_wconf 77' lang='grc' dir='ltr'>γὰρ</span> <span class='ocrx_word' id='word_1_355' title='bbox 1128 4076 1250 4146; x_wconf 71' lang='grc' dir='ltr'>οὐχὶ</span> <span class='ocrx_word' id='word_1_356' title='bbox 1272 4076 1333 4129; x_wconf 88' lang='grc' dir='ltr'><strong>τὸ</strong></span> <span class='ocrx_word' id='word_1_357' title='bbox 1374 4074 1439 4129; x_wconf 78' lang='grc' dir='ltr'>ἐκ</span> <span class='ocrx_word' id='word_1_358' title='bbox 1466 4092 1609 4140; x_wconf 89' lang='grc' dir='ltr'>τινος</span> <span class='ocrx_word' id='word_1_359' title='bbox 1637 4074 1779 4129; x_wconf 81' lang='grc' dir='ltr'>κατὰ</span> 
     </span>
    </p>
   </div>
   <div class='ocr_carea' id='block_1_46' title="bbox 1875 489 3446 563">
    <p class='ocr_par' dir='ltr' id='par_1_46' title="bbox 1875 489 3446 563">
     <span class='ocr_line' id='line_1_46' title="bbox 1875 489 3446 563; baseline 0.003 -18"><span class='ocrx_word' id='word_1_360' title='bbox 1875 500 2216 563; x_wconf 88' lang='lat' dir='ltr'><strong>comparata,</strong></span> <span class='ocrx_word' id='word_1_361' title='bbox 2247 507 2356 546; x_wconf 92' lang='lat' dir='ltr'><strong>non</strong></span> <span class='ocrx_word' id='word_1_362' title='bbox 2380 492 2488 546; x_wconf 88' lang='lat' dir='ltr'><strong>erit</strong></span> <span class='ocrx_word' id='word_1_363' title='bbox 2517 490 3016 545; x_wconf 88' lang='lat' dir='ltr'><strong>consubstantialis</strong></span> <span class='ocrx_word' id='word_1_364' title='bbox 3039 489 3189 546; x_wconf 80' lang='lat' dir='ltr'><strong>Patri</strong></span> <span class='ocrx_word' id='word_1_365' title='bbox 3222 491 3446 549; x_wconf 67' lang='lat' dir='ltr'><strong>Filius.»</strong></span> 
     </span>
    </p>
   </div>
   <div class='ocr_carea' id='block_1_47' title="bbox 1875 582 3457 654">
    <p class='ocr_par' dir='ltr' id='par_1_47' title="bbox 1875 582 3457 654">
     <span class='ocr_line' id='line_1_47' title="bbox 1875 582 3457 654; baseline 0.003 -17"><span class='ocrx_word' id='word_1_366' title='bbox 1875 582 2008 650; x_wconf 82' lang='lat' dir='ltr'><strong>Quae</strong></span> <span class='ocrx_word' id='word_1_367' title='bbox 2058 599 2184 638; x_wconf 91' lang='lat' dir='ltr'><strong>cum</strong></span> <span class='ocrx_word' id='word_1_368' title='bbox 2231 584 2391 647; x_wconf 89' lang='lat' dir='ltr'><strong>dicit,</strong></span> <span class='ocrx_word' id='word_1_369' title='bbox 2437 582 2720 638; x_wconf 80' lang='lat' dir='ltr'><strong>existimat</strong></span> <span class='ocrx_word' id='word_1_370' title='bbox 2774 598 2833 637; x_wconf 89' lang='lat' dir='ltr'><strong>se</strong></span> <span class='ocrx_word' id='word_1_371' title='bbox 2886 584 3057 637; x_wconf 89' lang='lat' dir='ltr'><strong>altum</strong></span> <span class='ocrx_word' id='word_1_372' title='bbox 3090 584 3351 654; x_wconf 86' lang='lat' dir='ltr'><strong>quiddam</strong></span> <span class='ocrx_word' id='word_1_373' title='bbox 3401 596 3457 642; x_wconf 87' lang='lat' dir='ltr'><strong>et</strong></span> 
     </span>
    </p>
   </div>
   <div class='ocr_carea' id='block_1_48' title="bbox 1877 674 3457 745">
    <p class='ocr_par' dir='ltr' id='par_1_48' title="bbox 1877 674 3457 745">
     <span class='ocr_line' id='line_1_48' title="bbox 1877 674 3457 745; baseline 0.002 -16"><span class='ocrx_word' id='word_1_374' title='bbox 1877 674 2079 730; x_wconf 91' lang='lat' dir='ltr'><strong>subtile</strong></span> <span class='ocrx_word' id='word_1_375' title='bbox 2111 675 2479 745; x_wconf 83' lang='lat' dir='ltr'><strong>excogitasse,</strong></span> <span class='ocrx_word' id='word_1_376' title='bbox 2512 681 2567 729; x_wconf 91' lang='lat' dir='ltr'><strong>et</strong></span> <span class='ocrx_word' id='word_1_377' title='bbox 2596 674 2863 729; x_wconf 86' lang='lat' dir='ltr'><strong>invictum</strong></span> <span class='ocrx_word' id='word_1_378' title='bbox 2897 674 3168 730; x_wconf 88' lang='lat' dir='ltr'><strong>adversus</strong></span> <span class='ocrx_word' id='word_1_379' title='bbox 3196 675 3457 732; x_wconf 75' lang='lat' dir='ltr'><strong>Ecclesia:</strong></span> 
     </span>
    </p>
   </div>
   <div class='ocr_carea' id='block_1_49' title="bbox 1876 767 3455 837">
    <p class='ocr_par' dir='ltr' id='par_1_49' title="bbox 1876 767 3455 837">
     <span class='ocr_line' id='line_1_49' title="bbox 1876 767 3455 837; baseline 0.001 -15"><span class='ocrx_word' id='word_1_380' title='bbox 1876 767 2131 836; x_wconf 89' lang='lat' dir='ltr'><strong>dogmata</strong></span> <span class='ocrx_word' id='word_1_381' title='bbox 2160 774 2545 837; x_wconf 76' lang='lat' dir='ltr'><strong>argumentum</strong></span> <span class='ocrx_word' id='word_1_382' title='bbox 2576 782 2975 836; x_wconf 86' lang='lat' dir='ltr'><strong>comparasse:</strong></span> <span class='ocrx_word' id='word_1_383' title='bbox 3035 767 3131 823; x_wconf 90' lang='lat' dir='ltr'><strong>sed</strong></span> <span class='ocrx_word' id='word_1_384' title='bbox 3171 770 3455 824; x_wconf 88' lang='lat' dir='ltr'><strong>nihilomi-</strong></span> 
     </span>
    </p>
   </div>
   <div class='ocr_carea' id='block_1_50' title="bbox 1876 857 3450 929">
    <p class='ocr_par' dir='ltr' id='par_1_50' title="bbox 1876 857 3450 929">
     <span class='ocr_line' id='line_1_50' title="bbox 1876 857 3450 929; baseline 0.001 -17"><span class='ocrx_word' id='word_1_385' title='bbox 1876 872 1984 913; x_wconf 88' lang='lat' dir='ltr'><strong>nus</strong></span> <span class='ocrx_word' id='word_1_386' title='bbox 2003 857 2129 912; x_wconf 89' lang='lat' dir='ltr'><strong>hinc</strong></span> <span class='ocrx_word' id='word_1_387' title='bbox 2145 873 2365 928; x_wconf 88' lang='lat' dir='ltr'><strong>quoque</strong></span> <span class='ocrx_word' id='word_1_388' title='bbox 2383 858 2578 929; x_wconf 80' lang='lat' dir='ltr'><strong>nugari</strong></span> <span class='ocrx_word' id='word_1_389' title='bbox 2599 859 2990 928; x_wconf 86' lang='lat' dir='ltr'><strong>comperietur.</strong></span> <span class='ocrx_word' id='word_1_390' title='bbox 3010 858 3258 914; x_wconf 90' lang='lat' dir='ltr'><strong>Primum</strong></span> <span class='ocrx_word' id='word_1_391' title='bbox 3280 862 3450 926; x_wconf 90' lang='lat' dir='ltr'><strong>enim,</strong></span> 
     </span>
    </p>
   </div>
   <div class='ocr_carea' id='block_1_51' title="bbox 1876 948 3454 1022">
    <p class='ocr_par' dir='ltr' id='par_1_51' title="bbox 1876 948 3454 1022">
     <span class='ocr_line' id='line_1_51' title="bbox 1876 948 3454 1022; baseline 0.003 -19"><span class='ocrx_word' id='word_1_392' title='bbox 1876 964 2003 1003; x_wconf 88' lang='lat' dir='ltr'><strong>cum</strong></span> <span class='ocrx_word' id='word_1_393' title='bbox 2051 948 2280 1005; x_wconf 84' lang='lat' dir='ltr'><strong>alterius</strong></span> <span class='ocrx_word' id='word_1_394' title='bbox 2321 948 2625 1005; x_wconf 90' lang='lat' dir='ltr'><strong>secundum</strong></span> <span class='ocrx_word' id='word_1_395' title='bbox 2654 958 2909 1004; x_wconf 91' lang='lat' dir='ltr'><strong>naturam</strong></span> <span class='ocrx_word' id='word_1_396' title='bbox 2960 950 3180 1022; x_wconf 84' lang='lat' dir='ltr'><strong>generis</strong></span> <span class='ocrx_word' id='word_1_397' title='bbox 3201 968 3325 1007; x_wconf 88' lang='lat' dir='ltr'><strong>esse</strong></span> <span class='ocrx_word' id='word_1_398' title='bbox 3362 951 3454 1007; x_wconf 82' lang='lat' dir='ltr'><strong>Fi-</strong></span> 
     </span>
    </p>
   </div>
   <div class='ocr_carea' id='block_1_52' title="bbox 1877 1042 3453 1113">
    <p class='ocr_par' dir='ltr' id='par_1_52' title="bbox 1877 1042 3453 1113">
     <span class='ocr_line' id='line_1_52' title="bbox 1877 1042 3453 1113; baseline 0.002 -16"><span class='ocrx_word' id='word_1_399' title='bbox 1877 1042 2009 1097; x_wconf 93' lang='lat' dir='ltr'><strong>lium</strong></span> <span class='ocrx_word' id='word_1_400' title='bbox 2056 1050 2357 1107; x_wconf 75' lang='lat' dir='ltr'><strong>assereret,</strong></span> <span class='ocrx_word' id='word_1_401' title='bbox 2388 1058 2625 1113; x_wconf 90' lang='lat' dir='ltr'><strong>eumque</strong></span> <span class='ocrx_word' id='word_1_402' title='bbox 2654 1050 2811 1098; x_wconf 80' lang='lat' dir='ltr'><strong>extra</strong></span> <span class='ocrx_word' id='word_1_403' title='bbox 2861 1043 3139 1100; x_wconf 88' lang='lat' dir='ltr'><strong>Genitoris</strong></span> <span class='ocrx_word' id='word_1_404' title='bbox 3188 1044 3453 1100; x_wconf 85' lang='lat' dir='ltr'><strong>substan-</strong></span> 
     </span>
    </p>
   </div>
   <div class='ocr_carea' id='block_1_53' title="bbox 1876 1130 3452 1201">
    <p class='ocr_par' dir='ltr' id='par_1_53' title="bbox 1876 1130 3452 1201">
     <span class='ocr_line' id='line_1_53' title="bbox 1876 1130 3452 1201; baseline 0.003 -16"><span class='ocrx_word' id='word_1_405' title='bbox 1876 1131 2009 1185; x_wconf 82' lang='lat' dir='ltr'><strong>tiam</strong></span> <span class='ocrx_word' id='word_1_406' title='bbox 2041 1131 2293 1197; x_wconf 89' lang='lat' dir='ltr'><strong>collocet,</strong></span> <span class='ocrx_word' id='word_1_407' title='bbox 2327 1131 2605 1201; x_wconf 90' lang='lat' dir='ltr'><strong>quomodo</strong></span> <span class='ocrx_word' id='word_1_408' title='bbox 2626 1130 2850 1186; x_wconf 85' lang='lat' dir='ltr'><strong>Patrem</strong></span> <span class='ocrx_word' id='word_1_409' title='bbox 2885 1134 3105 1188; x_wconf 83' lang='lat' dir='ltr'><strong>vocabit</strong></span> <span class='ocrx_word' id='word_1_410' title='bbox 3130 1132 3322 1199; x_wconf 82' lang='lat' dir='ltr'><strong>Deum,</strong></span> <span class='ocrx_word' id='word_1_411' title='bbox 3356 1143 3452 1189; x_wconf 88' lang='lat' dir='ltr'><strong>aut</strong></span> 
     </span>
    </p>
   </div>
   <div class='ocr_carea' id='block_1_54' title="bbox 1877 1223 3451 1297">
    <p class='ocr_par' dir='ltr' id='par_1_54' title="bbox 1877 1223 3451 1297">
     <span class='ocr_line' id='line_1_54' title="bbox 1877 1223 3451 1297; baseline 0.004 -22"><span class='ocrx_word' id='word_1_412' title='bbox 1877 1224 2104 1279; x_wconf 92' lang='lat' dir='ltr'><strong>omnino</strong></span> <span class='ocrx_word' id='word_1_413' title='bbox 2134 1223 2330 1279; x_wconf 86' lang='lat' dir='ltr'><strong>Filium</strong></span> <span class='ocrx_word' id='word_1_414' title='bbox 2356 1223 2501 1279; x_wconf 91' lang='lat' dir='ltr'><strong>dicet</strong></span> <span class='ocrx_word' id='word_1_415' title='bbox 2526 1223 2770 1279; x_wconf 86' lang='lat' dir='ltr'><strong>Filium?</strong></span> <span class='ocrx_word' id='word_1_416' title='bbox 2794 1223 2928 1279; x_wconf 78' lang='lat' dir='ltr'><strong>Nam</strong></span> <span class='ocrx_word' id='word_1_417' title='bbox 2965 1226 3010 1281; x_wconf 92' lang='lat' dir='ltr'><strong>si</strong></span> <span class='ocrx_word' id='word_1_418' title='bbox 3052 1242 3161 1280; x_wconf 92' lang='lat' dir='ltr'><strong>non</strong></span> <span class='ocrx_word' id='word_1_419' title='bbox 3202 1242 3325 1281; x_wconf 91' lang='lat' dir='ltr'><strong>esse</strong></span> <span class='ocrx_word' id='word_1_420' title='bbox 3357 1243 3451 1297; x_wconf 86' lang='lat' dir='ltr'><strong>ge--</strong></span> 
     </span>
    </p>
   </div>
   <div class='ocr_carea' id='block_1_55' title="bbox 1876 1316 3453 1389">
    <p class='ocr_par' dir='ltr' id='par_1_55' title="bbox 1876 1316 3453 1389">
     <span class='ocr_line' id='line_1_55' title="bbox 1876 1316 3453 1389; baseline 0.001 -18"><span class='ocrx_word' id='word_1_421' title='bbox 1876 1316 2053 1371; x_wconf 89' lang='lat' dir='ltr'><strong>nitum</strong></span> <span class='ocrx_word' id='word_1_422' title='bbox 2090 1316 2269 1387; x_wconf 91' lang='lat' dir='ltr'><strong>ipsum</strong></span> <span class='ocrx_word' id='word_1_423' title='bbox 2296 1318 2393 1382; x_wconf 91' lang='lat' dir='ltr'><strong>ait,</strong></span> <span class='ocrx_word' id='word_1_424' title='bbox 2427 1316 2529 1370; x_wconf 92' lang='lat' dir='ltr'><strong>hoc</strong></span> <span class='ocrx_word' id='word_1_425' title='bbox 2557 1327 2730 1371; x_wconf 79' lang='lat' dir='ltr'><strong>estex</strong></span> <span class='ocrx_word' id='word_1_426' title='bbox 2764 1318 3078 1371; x_wconf 83' lang='lat' dir='ltr'><strong>substantia</strong></span> <span class='ocrx_word' id='word_1_427' title='bbox 3111 1317 3293 1373; x_wconf 87' lang='lat' dir='ltr'><strong>Patris</strong></span> <span class='ocrx_word' id='word_1_428' title='bbox 3327 1334 3453 1389; x_wconf 85' lang='lat' dir='ltr'><strong>pro-</strong></span> 
     </span>
    </p>
   </div>
   <div class='ocr_carea' id='block_1_56' title="bbox 1876 1405 3451 1477">
    <p class='ocr_par' dir='ltr' id='par_1_56' title="bbox 1876 1405 3451 1477">
     <span class='ocr_line' id='line_1_56' title="bbox 1876 1405 3451 1477; baseline -0.001 -15"><span class='ocrx_word' id='word_1_429' title='bbox 1876 1405 2095 1470; x_wconf 88' lang='lat' dir='ltr'><strong>cedere,</strong></span> <span class='ocrx_word' id='word_1_430' title='bbox 2133 1405 2603 1477; x_wconf 86' lang='lat' dir='ltr'><strong>quemadmodum</strong></span> <span class='ocrx_word' id='word_1_431' title='bbox 2630 1414 2684 1461; x_wconf 88' lang='lat' dir='ltr'><strong>et</strong></span> <span class='ocrx_word' id='word_1_432' title='bbox 2708 1422 2776 1461; x_wconf 85' lang='lat' dir='ltr'><strong>ex</strong></span> <span class='ocrx_word' id='word_1_433' title='bbox 2808 1407 3123 1461; x_wconf 90' lang='lat' dir='ltr'><strong>hominibus</strong></span> <span class='ocrx_word' id='word_1_434' title='bbox 3152 1424 3341 1462; x_wconf 87' lang='lat' dir='ltr'><strong>eorum</strong></span> <span class='ocrx_word' id='word_1_435' title='bbox 3385 1409 3451 1462; x_wconf 87' lang='lat' dir='ltr'><strong>li-</strong></span> 
     </span>
    </p>
   </div>
   <div class='ocr_carea' id='block_1_57' title="bbox 1876 1496 3455 1569">
    <p class='ocr_par' dir='ltr' id='par_1_57' title="bbox 1876 1496 3455 1569">
     <span class='ocr_line' id='line_1_57' title="bbox 1876 1496 3455 1569; baseline 0.003 -18"><span class='ocrx_word' id='word_1_436' title='bbox 1876 1496 1969 1561; x_wconf 83' lang='lat' dir='ltr'><strong>lii,</strong></span> <span class='ocrx_word' id='word_1_437' title='bbox 2010 1497 2290 1568; x_wconf 92' lang='lat' dir='ltr'><strong>quomodo</strong></span> <span class='ocrx_word' id='word_1_438' title='bbox 2335 1513 2464 1553; x_wconf 81' lang='lat' dir='ltr'><strong>vere</strong></span> <span class='ocrx_word' id='word_1_439' title='bbox 2505 1497 2680 1552; x_wconf 87' lang='lat' dir='ltr'><strong>Filius</strong></span> <span class='ocrx_word' id='word_1_440' title='bbox 2718 1498 2868 1552; x_wconf 87' lang='lat' dir='ltr'><strong>erit?</strong></span> <span class='ocrx_word' id='word_1_441' title='bbox 2922 1499 3127 1554; x_wconf 89' lang='lat' dir='ltr'><strong>Deinde</strong></span> <span class='ocrx_word' id='word_1_442' title='bbox 3175 1502 3455 1569; x_wconf 86' lang='lat' dir='ltr'><strong>quomodo</strong></span> 
     </span>
    </p>
   </div>
   <div class='ocr_carea' id='block_1_58' title="bbox 1877 1585 3451 1658">
    <p class='ocr_par' dir='ltr' id='par_1_58' title="bbox 1877 1585 3451 1658">
     <span class='ocr_line' id='line_1_58' title="bbox 1877 1585 3451 1658; baseline 0.003 -16"><span class='ocrx_word' id='word_1_443' title='bbox 1877 1587 2096 1642; x_wconf 89' lang='lat' dir='ltr'><strong>beatum</strong></span> <span class='ocrx_word' id='word_1_444' title='bbox 2144 1585 2413 1643; x_wconf 82' lang='lat' dir='ltr'><strong>Joannem</strong></span> <span class='ocrx_word' id='word_1_445' title='bbox 2463 1587 2779 1658; x_wconf 89' lang='lat' dir='ltr'><strong>repudiabit</strong></span> <span class='ocrx_word' id='word_1_446' title='bbox 2827 1587 3142 1645; x_wconf 89' lang='lat' dir='ltr'><strong>dicentem:</strong></span> <span class='ocrx_word' id='word_1_447' title='bbox 3182 1611 3200 1641; x_wconf 77' lang='grc' dir='ltr'><strong>ι</strong></span> <span class='ocrx_word' id='word_1_448' title='bbox 3257 1590 3451 1647; x_wconf 83' lang='lat' dir='ltr'><strong>Omnis</strong></span> 
     </span>
    </p>
   </div>
   <div class='ocr_carea' id='block_1_59' title="bbox 1872 1678 3451 1752">
    <p class='ocr_par' dir='ltr' id='par_1_59' title="bbox 1872 1678 3451 1752">
     <span class='ocr_line' id='line_1_59' title="bbox 1872 1678 3451 1752; baseline 0.002 -17"><span class='ocrx_word' id='word_1_449' title='bbox 1872 1680 1969 1750; x_wconf 76' lang='lat' dir='ltr'><strong>qui</strong></span> <span class='ocrx_word' id='word_1_450' title='bbox 2000 1687 2165 1749; x_wconf 89' lang='lat' dir='ltr'><strong>negat</strong></span> <span class='ocrx_word' id='word_1_451' title='bbox 2196 1678 2419 1746; x_wconf 83' lang='lat' dir='ltr'><strong>Filium,</strong></span> <span class='ocrx_word' id='word_1_452' title='bbox 2451 1696 2553 1736; x_wconf 88' lang='lat' dir='ltr'><strong>nec</strong></span> <span class='ocrx_word' id='word_1_453' title='bbox 2585 1680 2803 1736; x_wconf 88' lang='lat' dir='ltr'><strong>Patrem</strong></span> <span class='ocrx_word' id='word_1_454' title='bbox 2840 1681 3038 1736; x_wconf 89' lang='lat' dir='ltr'><strong>habet:</strong></span> <span class='ocrx_word' id='word_1_455' title='bbox 3086 1683 3180 1752; x_wconf 88' lang='lat' dir='ltr'><strong>qui</strong></span> <span class='ocrx_word' id='word_1_456' title='bbox 3226 1683 3451 1739; x_wconf 64' lang='lat' dir='ltr'><strong>conﬁteo</strong></span> 
     </span>
    </p>
   </div>
   <div class='ocr_carea' id='block_1_60' title="bbox 1806 1760 3455 1844">
    <p class='ocr_par' dir='ltr' id='par_1_60' title="bbox 1806 1760 3455 1844">
     <span class='ocr_line' id='line_1_60' title="bbox 1806 1760 3455 1844; baseline 0.002 -18"><span class='ocrx_word' id='word_1_457' title='bbox 1806 1760 1848 1815; x_wconf 87' lang='grc' dir='ltr'><strong>Β</strong></span> <span class='ocrx_word' id='word_1_458' title='bbox 1877 1780 1971 1826; x_wconf 82' lang='lat' dir='ltr'><strong>tur</strong></span> <span class='ocrx_word' id='word_1_459' title='bbox 2002 1770 2227 1833; x_wconf 86' lang='lat' dir='ltr'><strong>Filium.</strong></span> <span class='ocrx_word' id='word_1_460' title='bbox 2264 1781 2320 1827; x_wconf 90' lang='lat' dir='ltr'><strong>et</strong></span> <span class='ocrx_word' id='word_1_461' title='bbox 2344 1771 2566 1826; x_wconf 86' lang='lat' dir='ltr'><strong>Patrem</strong></span> <span class='ocrx_word' id='word_1_462' title='bbox 2599 1772 2763 1827; x_wconf 90' lang='lat' dir='ltr'><strong>habet</strong></span> <span class='ocrx_word' id='word_1_463' title='bbox 2783 1772 2885 1825; x_wconf 77' lang='grc'><strong>⁸⁸.»</strong></span> <span class='ocrx_word' id='word_1_464' title='bbox 2925 1771 3079 1838; x_wconf 87' lang='lat' dir='ltr'><strong>Quod</strong></span> <span class='ocrx_word' id='word_1_465' title='bbox 3104 1773 3323 1844; x_wconf 90' lang='lat' dir='ltr'><strong>quidem</strong></span> <span class='ocrx_word' id='word_1_466' title='bbox 3361 1790 3455 1829; x_wconf 81' lang='lat' dir='ltr'><strong>ve-</strong></span> 
     </span>
    </p>
   </div>
   <div class='ocr_carea' id='block_1_61' title="bbox 1875 1862 3457 1935">
    <p class='ocr_par' dir='ltr' id='par_1_61' title="bbox 1875 1862 3457 1935">
     <span class='ocr_line' id='line_1_61' title="bbox 1875 1862 3457 1935; baseline 0.001 -16"><span class='ocrx_word' id='word_1_467' title='bbox 1875 1879 1996 1919; x_wconf 78' lang='lat' dir='ltr'><strong>rum</strong></span> <span class='ocrx_word' id='word_1_468' title='bbox 2027 1872 2131 1919; x_wconf 87' lang='lat' dir='ltr'><strong>est.</strong></span> <span class='ocrx_word' id='word_1_469' title='bbox 2163 1862 2353 1919; x_wconf 84' lang='lat' dir='ltr'><strong>Altero</strong></span> <span class='ocrx_word' id='word_1_470' title='bbox 2382 1865 2525 1919; x_wconf 91' lang='lat' dir='ltr'><strong>enim</strong></span> <span class='ocrx_word' id='word_1_471' title='bbox 2562 1864 2748 1919; x_wconf 88' lang='lat' dir='ltr'><strong>ablato</strong></span> <span class='ocrx_word' id='word_1_472' title='bbox 2776 1872 2873 1919; x_wconf 90' lang='lat' dir='ltr'><strong>aut</strong></span> <span class='ocrx_word' id='word_1_473' title='bbox 2909 1867 3114 1935; x_wconf 92' lang='lat' dir='ltr'><strong>posito,</strong></span> <span class='ocrx_word' id='word_1_474' title='bbox 3141 1866 3351 1920; x_wconf 90' lang='lat' dir='ltr'><strong>tollitur</strong></span> <span class='ocrx_word' id='word_1_475' title='bbox 3386 1867 3457 1921; x_wconf 74' lang='lat' dir='ltr'><strong>si-</strong></span> 
     </span>
    </p>
   </div>
   <div class='ocr_carea' id='block_1_62' title="bbox 1875 1955 3453 2025">
    <p class='ocr_par' dir='ltr' id='par_1_62' title="bbox 1875 1955 3453 2025">
     <span class='ocr_line' id='line_1_62' title="bbox 1875 1955 3453 2025; baseline 0.002 -15"><span class='ocrx_word' id='word_1_476' title='bbox 1875 1956 1988 2010; x_wconf 92' lang='lat' dir='ltr'><strong>mul</strong></span> <span class='ocrx_word' id='word_1_477' title='bbox 2012 1955 2268 2020; x_wconf 90' lang='lat' dir='ltr'><strong>alterum,</strong></span> <span class='ocrx_word' id='word_1_478' title='bbox 2300 1965 2356 2011; x_wconf 91' lang='lat' dir='ltr'><strong>et</strong></span> <span class='ocrx_word' id='word_1_479' title='bbox 2386 1957 2629 2025; x_wconf 88' lang='lat' dir='ltr'><strong>ponitur.</strong></span> <span class='ocrx_word' id='word_1_480' title='bbox 2650 1955 2760 2011; x_wconf 81' lang='lat' dir='ltr'><strong>Nec</strong></span> <span class='ocrx_word' id='word_1_481' title='bbox 2780 1958 2925 2012; x_wconf 87' lang='lat' dir='ltr'><strong>enim</strong></span> <span class='ocrx_word' id='word_1_482' title='bbox 2948 1956 3112 2011; x_wconf 88' lang='lat' dir='ltr'><strong>Pater</strong></span> <span class='ocrx_word' id='word_1_483' title='bbox 3132 1959 3238 2013; x_wconf 91' lang='lat' dir='ltr'><strong>erit</strong></span> <span class='ocrx_word' id='word_1_484' title='bbox 3266 1959 3311 2013; x_wconf 92' lang='lat' dir='ltr'><strong>si</strong></span> <span class='ocrx_word' id='word_1_485' title='bbox 3343 1974 3453 2013; x_wconf 93' lang='lat' dir='ltr'><strong>non</strong></span> 
     </span>
    </p>
   </div>
   <div class='ocr_carea' id='block_1_63' title="bbox 1875 2046 3453 2120">
    <p class='ocr_par' dir='ltr' id='par_1_63' title="bbox 1875 2046 3453 2120">
     <span class='ocr_line' id='line_1_63' title="bbox 1875 2046 3453 2120; baseline -0.001 -15"><span class='ocrx_word' id='word_1_486' title='bbox 1875 2049 1947 2105; x_wconf 88' lang='lat' dir='ltr'><strong>sit</strong></span> <span class='ocrx_word' id='word_1_487' title='bbox 1983 2046 2177 2111; x_wconf 83' lang='lat' dir='ltr'><strong>Filius,</strong></span> <span class='ocrx_word' id='word_1_488' title='bbox 2217 2063 2317 2102; x_wconf 87' lang='lat' dir='ltr'><strong>nec</strong></span> <span class='ocrx_word' id='word_1_489' title='bbox 2342 2047 2522 2103; x_wconf 82' lang='lat' dir='ltr'><strong>Filius</strong></span> <span class='ocrx_word' id='word_1_490' title='bbox 2552 2050 2894 2120; x_wconf 90' lang='lat' dir='ltr'><strong>concipietur</strong></span> <span class='ocrx_word' id='word_1_491' title='bbox 2928 2065 3195 2120; x_wconf 88' lang='lat' dir='ltr'><strong>unquam,</strong></span> <span class='ocrx_word' id='word_1_492' title='bbox 3221 2051 3325 2105; x_wconf 90' lang='lat' dir='ltr'><strong>nisi</strong></span> <span class='ocrx_word' id='word_1_493' title='bbox 3350 2050 3453 2104; x_wconf 84' lang='lat' dir='ltr'><strong>Pa-</strong></span> 
     </span>
    </p>
   </div>
   <div class='ocr_carea' id='block_1_64' title="bbox 1873 2140 3451 2212">
    <p class='ocr_par' dir='ltr' id='par_1_64' title="bbox 1873 2140 3451 2212">
     <span class='ocr_line' id='line_1_64' title="bbox 1873 2140 3451 2212; baseline 0.001 -18"><span class='ocrx_word' id='word_1_494' title='bbox 1873 2147 1959 2194; x_wconf 93' lang='lat' dir='ltr'><strong>ter</strong></span> <span class='ocrx_word' id='word_1_495' title='bbox 1988 2155 2098 2194; x_wconf 91' lang='lat' dir='ltr'><strong>una</strong></span> <span class='ocrx_word' id='word_1_496' title='bbox 2132 2155 2352 2210; x_wconf 91' lang='lat' dir='ltr'><strong>quoque</strong></span> <span class='ocrx_word' id='word_1_497' title='bbox 2393 2141 2758 2210; x_wconf 87' lang='lat' dir='ltr'><strong>concipiatur.</strong></span> <span class='ocrx_word' id='word_1_498' title='bbox 2792 2140 2849 2196; x_wconf 90' lang='lat' dir='ltr'><strong>Si</strong></span> <span class='ocrx_word' id='word_1_499' title='bbox 2896 2157 3025 2211; x_wconf 79' lang='lat' dir='ltr'><strong>ergo</strong></span> <span class='ocrx_word' id='word_1_500' title='bbox 3058 2151 3222 2212; x_wconf 83' lang='lat' dir='ltr'><strong>negat</strong></span> <span class='ocrx_word' id='word_1_501' title='bbox 3253 2142 3451 2195; x_wconf 85' lang='lat' dir='ltr'><strong>Filiqu</strong></span> 
     </span>
    </p>
   </div>
   <div class='ocr_carea' id='block_1_65' title="bbox 1875 2231 3455 2307">
    <p class='ocr_par' dir='ltr' id='par_1_65' title="bbox 1875 2231 3455 2307">
     <span class='ocr_line' id='line_1_65' title="bbox 1875 2231 3455 2307; baseline 0 -21"><span class='ocrx_word' id='word_1_502' title='bbox 1875 2231 2103 2302; x_wconf 86' lang='lat' dir='ltr'><strong>(diversi</strong></span> <span class='ocrx_word' id='word_1_503' title='bbox 2143 2232 2351 2304; x_wconf 85' lang='lat' dir='ltr'><strong>quippe</strong></span> <span class='ocrx_word' id='word_1_504' title='bbox 2385 2234 2604 2305; x_wconf 76' lang='lat' dir='ltr'><strong>generis</strong></span> <span class='ocrx_word' id='word_1_505' title='bbox 2640 2249 2770 2290; x_wconf 91' lang='lat' dir='ltr'><strong>esse</strong></span> <span class='ocrx_word' id='word_1_506' title='bbox 2808 2235 2930 2303; x_wconf 90' lang='lat' dir='ltr'><strong>ait),</strong></span> <span class='ocrx_word' id='word_1_507' title='bbox 2967 2244 3022 2291; x_wconf 93' lang='lat' dir='ltr'><strong>et</strong></span> <span class='ocrx_word' id='word_1_508' title='bbox 3054 2235 3220 2307; x_wconf 73' lang='lat'><strong>865</strong></span> <span class='ocrx_word' id='word_1_509' title='bbox 3267 2235 3455 2305; x_wconf 86' lang='lat' dir='ltr'><strong>ipsum</strong></span> 
     </span>
    </p>
   </div>
   <div class='ocr_carea' id='block_1_66' title="bbox 1874 2324 3457 2400">
    <p class='ocr_par' dir='ltr' id='par_1_66' title="bbox 1874 2324 3457 2400">
     <span class='ocr_line' id='line_1_66' title="bbox 1874 2324 3457 2400; baseline 0.003 -22"><span class='ocrx_word' id='word_1_510' title='bbox 1874 2324 2094 2381; x_wconf 90' lang='lat' dir='ltr'><strong>Patrem</strong></span> <span class='ocrx_word' id='word_1_511' title='bbox 2139 2327 2442 2398; x_wconf 84' lang='lat' dir='ltr'><strong>negaverit.</strong></span> <span class='ocrx_word' id='word_1_512' title='bbox 2488 2327 2629 2394; x_wconf 85' lang='lat' dir='ltr'><strong>Quid</strong></span> <span class='ocrx_word' id='word_1_513' title='bbox 2660 2329 2828 2400; x_wconf 91' lang='lat' dir='ltr'><strong>igitur</strong></span> <span class='ocrx_word' id='word_1_514' title='bbox 2859 2327 2927 2383; x_wconf 91' lang='lat' dir='ltr'><strong>ad</strong></span> <span class='ocrx_word' id='word_1_515' title='bbox 2959 2330 3073 2384; x_wconf 62' lang='lat' dir='ltr'><strong>haec</strong></span> <span class='ocrx_word' id='word_1_516' title='bbox 3117 2330 3291 2391; x_wconf 89' lang='lat' dir='ltr'><strong>dices,</strong></span> <span class='ocrx_word' id='word_1_517' title='bbox 3325 2328 3457 2382; x_wconf 87' lang='lat' dir='ltr'><strong>ami-</strong></span> 
     </span>
    </p>
   </div>
   <div class='ocr_carea' id='block_1_67' title="bbox 1875 2418 3455 2489">
    <p class='ocr_par' dir='ltr' id='par_1_67' title="bbox 1875 2418 3455 2489">
     <span class='ocr_line' id='line_1_67' title="bbox 1875 2418 3455 2489; baseline 0.001 -17"><span class='ocrx_word' id='word_1_518' title='bbox 1875 2419 1980 2473; x_wconf 80' lang='lat' dir='ltr'><strong>ce?</strong></span> <span class='ocrx_word' id='word_1_519' title='bbox 2014 2418 2069 2473; x_wconf 92' lang='lat' dir='ltr'><strong>In</strong></span> <span class='ocrx_word' id='word_1_520' title='bbox 2108 2436 2270 2489; x_wconf 81' lang='lat' dir='ltr'><strong>quem</strong></span> <span class='ocrx_word' id='word_1_521' title='bbox 2306 2420 2527 2475; x_wconf 90' lang='lat' dir='ltr'><strong>demum</strong></span> <span class='ocrx_word' id='word_1_522' title='bbox 2574 2420 2711 2477; x_wconf 83' lang='lat' dir='ltr'><strong>ﬂdes</strong></span> <span class='ocrx_word' id='word_1_523' title='bbox 2734 2421 2874 2476; x_wconf 76' lang='lat' dir='ltr'><strong>erit?</strong></span> <span class='ocrx_word' id='word_1_524' title='bbox 2907 2420 3009 2476; x_wconf 84' lang='lat' dir='ltr'><strong>Ubi</strong></span> <span class='ocrx_word' id='word_1_525' title='bbox 3043 2431 3248 2477; x_wconf 68' lang='lat' dir='ltr'><strong>sanctae</strong></span> <span class='ocrx_word' id='word_1_526' title='bbox 3275 2420 3455 2475; x_wconf 84' lang='lat' dir='ltr'><strong>Trini-</strong></span> 
     </span>
    </p>
   </div>
   <div class='ocr_carea' id='block_1_68' title="bbox 1875 2513 3454 2584">
    <p class='ocr_par' dir='ltr' id='par_1_68' title="bbox 1875 2513 3454 2584">
     <span class='ocr_line' id='line_1_68' title="bbox 1875 2513 3454 2584; baseline -0.002 -16"><span class='ocrx_word' id='word_1_527' title='bbox 1875 2515 2009 2569; x_wconf 84' lang='lat' dir='ltr'><strong>tatis</strong></span> <span class='ocrx_word' id='word_1_528' title='bbox 2048 2514 2261 2584; x_wconf 79' lang='lat' dir='ltr'><strong>gloria?</strong></span> <span class='ocrx_word' id='word_1_529' title='bbox 2290 2513 2439 2568; x_wconf 89' lang='lat' dir='ltr'><strong>Perit</strong></span> <span class='ocrx_word' id='word_1_530' title='bbox 2463 2514 2613 2569; x_wconf 91' lang='lat' dir='ltr'><strong>enim</strong></span> <span class='ocrx_word' id='word_1_531' title='bbox 2645 2525 2699 2569; x_wconf 91' lang='lat' dir='ltr'><strong>et</strong></span> <span class='ocrx_word' id='word_1_532' title='bbox 2732 2515 2915 2570; x_wconf 88' lang='lat' dir='ltr'><strong>inanis</strong></span> <span class='ocrx_word' id='word_1_533' title='bbox 2955 2513 3206 2568; x_wconf 90' lang='lat' dir='ltr'><strong>redditur</strong></span> <span class='ocrx_word' id='word_1_534' title='bbox 3231 2514 3454 2568; x_wconf 90' lang='lat' dir='ltr'><strong>demum</strong></span> 
     </span>
    </p>
   </div>
   <div class='ocr_carea' id='block_1_69' title="bbox 1877 2603 3457 2669">
    <p class='ocr_par' dir='ltr' id='par_1_69' title="bbox 1877 2603 3457 2669">
     <span class='ocr_line' id='line_1_69' title="bbox 1877 2603 3457 2669; baseline -0.002 -9"><span class='ocrx_word' id='word_1_535' title='bbox 1877 2606 1967 2660; x_wconf 90' lang='lat' dir='ltr'><strong>illa</strong></span> <span class='ocrx_word' id='word_1_536' title='bbox 2004 2606 2247 2660; x_wconf 85' lang='lat' dir='ltr'><strong>universi</strong></span> <span class='ocrx_word' id='word_1_537' title='bbox 2298 2604 2524 2658; x_wconf 86' lang='lat' dir='ltr'><strong>domina</strong></span> <span class='ocrx_word' id='word_1_538' title='bbox 2574 2613 2795 2669; x_wconf 90' lang='lat' dir='ltr'><strong>natura,</strong></span> <span class='ocrx_word' id='word_1_539' title='bbox 2829 2605 2989 2660; x_wconf 91' lang='lat' dir='ltr'><strong>nobis</strong></span> <span class='ocrx_word' id='word_1_540' title='bbox 3019 2620 3046 2659; x_wconf 93' lang='lat' dir='ltr'><strong>a</strong></span> <span class='ocrx_word' id='word_1_541' title='bbox 3083 2615 3274 2660; x_wconf 88' lang='lat' dir='ltr'><strong>sancta</strong></span> <span class='ocrx_word' id='word_1_542' title='bbox 3306 2603 3457 2659; x_wconf 86' lang='lat' dir='ltr'><strong>Scri-</strong></span> 
     </span>
    </p>
   </div>
   <div class='ocr_carea' id='block_1_70' title="bbox 1875 2695 3458 2768">
    <p class='ocr_par' dir='ltr' id='par_1_70' title="bbox 1875 2695 3458 2768">
     <span class='ocr_line' id='line_1_70' title="bbox 1875 2695 3458 2768; baseline -0.002 -17"><span class='ocrx_word' id='word_1_543' title='bbox 1875 2707 2036 2768; x_wconf 89' lang='lat' dir='ltr'><strong>ptura</strong></span> <span class='ocrx_word' id='word_1_544' title='bbox 2085 2698 2249 2752; x_wconf 87' lang='lat' dir='ltr'><strong>nudis</strong></span> <span class='ocrx_word' id='word_1_545' title='bbox 2300 2696 2606 2765; x_wconf 77' lang='lat' dir='ltr'><strong>significata</strong></span> <span class='ocrx_word' id='word_1_546' title='bbox 2652 2696 3030 2751; x_wconf 87' lang='lat' dir='ltr'><strong>dictionibus:</strong></span> <span class='ocrx_word' id='word_1_547' title='bbox 3065 2710 3132 2751; x_wconf 77' lang='lat' dir='ltr'><strong>eo</strong></span> <span class='ocrx_word' id='word_1_548' title='bbox 3172 2695 3319 2749; x_wconf 89' lang='lat' dir='ltr'><strong>enim</strong></span> <span class='ocrx_word' id='word_1_549' title='bbox 3360 2695 3458 2749; x_wconf 80' lang='lat' dir='ltr'><strong>ab-</strong></span> 
     </span>
    </p>
   </div>
   <div class='ocr_carea' id='block_1_71' title="bbox 1875 2786 3457 2863">
    <p class='ocr_par' dir='ltr' id='par_1_71' title="bbox 1875 2786 3457 2863">
     <span class='ocr_line' id='line_1_71' title="bbox 1875 2786 3457 2863; baseline -0.004 -19"><span class='ocrx_word' id='word_1_550' title='bbox 1875 2789 2205 2844; x_wconf 87' lang='lat' dir='ltr'><strong>surditatum</strong></span> <span class='ocrx_word' id='word_1_551' title='bbox 2257 2788 2510 2858; x_wconf 78' lang='lat' dir='ltr'><strong>progredi</strong></span> <span class='ocrx_word' id='word_1_552' title='bbox 2559 2788 2779 2843; x_wconf 91' lang='lat' dir='ltr'><strong>illorum</strong></span> <span class='ocrx_word' id='word_1_553' title='bbox 2830 2786 2985 2843; x_wconf 77' lang='lat' dir='ltr'><strong>furor</strong></span> <span class='ocrx_word' id='word_1_554' title='bbox 3017 2796 3070 2843; x_wconf 91' lang='lat' dir='ltr'><strong>et</strong></span> <span class='ocrx_word' id='word_1_555' title='bbox 3109 2786 3457 2863; x_wconf 80' lang='lat' dir='ltr'><strong>mendacium</strong></span> 
     </span>
    </p>
   </div>
   <div class='ocr_carea' id='block_1_72' title="bbox 1875 2868 3464 2952">
    <p class='ocr_par' dir='ltr' id='par_1_72' title="bbox 1875 2868 3464 2952">
     <span class='ocr_line' id='line_1_72' title="bbox 1875 2868 3464 2952; baseline -0.001 -16"><span class='ocrx_word' id='word_1_556' title='bbox 1875 2898 1978 2937; x_wconf 89' lang='lat' dir='ltr'><strong>nos</strong></span> <span class='ocrx_word' id='word_1_557' title='bbox 2026 2881 2220 2950; x_wconf 78' lang='lat' dir='ltr'><strong>adigit.</strong></span> <span class='ocrx_word' id='word_1_558' title='bbox 2274 2881 2382 2935; x_wconf 86' lang='lat' dir='ltr'><strong>Sed</strong></span> <span class='ocrx_word' id='word_1_559' title='bbox 2450 2881 2850 2937; x_wconf 85' lang='lat' dir='ltr'><strong>immanitatem</strong></span> <span class='ocrx_word' id='word_1_560' title='bbox 2904 2883 3057 2937; x_wconf 87' lang='lat' dir='ltr'><strong>illius</strong></span> <span class='ocrx_word' id='word_1_561' title='bbox 3102 2868 3464 2952; x_wconf 62' lang='lat' dir='ltr'><strong>blasphemia:</strong></span> 
     </span>
    </p>
   </div>
   <div class='ocr_carea' id='block_1_73' title="bbox 1876 2971 3459 3045">
    <p class='ocr_par' dir='ltr' id='par_1_73' title="bbox 1876 2971 3459 3045">
     <span class='ocr_line' id='line_1_73' title="bbox 1876 2971 3459 3045; baseline -0.002 -17"><span class='ocrx_word' id='word_1_562' title='bbox 1876 2973 2064 3029; x_wconf 73' lang='lat' dir='ltr'><strong>forsan</strong></span> <span class='ocrx_word' id='word_1_563' title='bbox 2088 2973 2321 3039; x_wconf 84' lang='lat' dir='ltr'><strong>veritus,</strong></span> <span class='ocrx_word' id='word_1_564' title='bbox 2345 2971 2548 3027; x_wconf 83' lang='lat' dir='ltr'><strong>diversi</strong></span> <span class='ocrx_word' id='word_1_565' title='bbox 2576 2972 2798 3042; x_wconf 86' lang='lat' dir='ltr'><strong>quidem</strong></span> <span class='ocrx_word' id='word_1_566' title='bbox 2825 2988 2949 3029; x_wconf 89' lang='lat' dir='ltr'><strong>esse</strong></span> <span class='ocrx_word' id='word_1_567' title='bbox 2966 2973 3206 3045; x_wconf 82' lang='lat' dir='ltr'><strong>generis,</strong></span> <span class='ocrx_word' id='word_1_568' title='bbox 3240 2988 3459 3028; x_wconf 83' lang='lat' dir='ltr'><strong>verum--</strong></span> 
     </span>
    </p>
   </div>
   <div class='ocr_carea' id='block_1_74' title="bbox 1876 3067 3458 3139">
    <p class='ocr_par' dir='ltr' id='par_1_74' title="bbox 1876 3067 3458 3139">
     <span class='ocr_line' id='line_1_74' title="bbox 1876 3067 3458 3139; baseline 0 -17"><span class='ocrx_word' id='word_1_569' title='bbox 1876 3076 2061 3124; x_wconf 89' lang='lat' dir='ltr'><strong>tamen</strong></span> <span class='ocrx_word' id='word_1_570' title='bbox 2098 3085 2127 3123; x_wconf 90' lang='lat' dir='ltr'><strong>a</strong></span> <span class='ocrx_word' id='word_1_571' title='bbox 2159 3068 2267 3124; x_wconf 91' lang='lat' dir='ltr'><strong>Deo</strong></span> <span class='ocrx_word' id='word_1_572' title='bbox 2298 3077 2352 3124; x_wconf 91' lang='lat' dir='ltr'><strong>et</strong></span> <span class='ocrx_word' id='word_1_573' title='bbox 2393 3067 2553 3122; x_wconf 86' lang='lat' dir='ltr'><strong>Patre</strong></span> <span class='ocrx_word' id='word_1_574' title='bbox 2583 3071 2827 3139; x_wconf 82' lang='lat' dir='ltr'><strong>genitum</strong></span> <span class='ocrx_word' id='word_1_575' title='bbox 2866 3085 2990 3125; x_wconf 89' lang='lat' dir='ltr'><strong>esse</strong></span> <span class='ocrx_word' id='word_1_576' title='bbox 3011 3070 3106 3124; x_wconf 84' lang='lat' dir='ltr'><strong>ait.</strong></span> <span class='ocrx_word' id='word_1_577' title='bbox 3132 3067 3243 3125; x_wconf 83' lang='lat' dir='ltr'><strong>Nos</strong></span> <span class='ocrx_word' id='word_1_578' title='bbox 3273 3081 3458 3123; x_wconf 86' lang='lat' dir='ltr'><strong>autem</strong></span> 
     </span>
    </p>
   </div>
   <div class='ocr_carea' id='block_1_75' title="bbox 1875 3159 3457 3231">
    <p class='ocr_par' dir='ltr' id='par_1_75' title="bbox 1875 3159 3457 3231">
     <span class='ocr_line' id='line_1_75' title="bbox 1875 3159 3457 3231; baseline -0.001 -16"><span class='ocrx_word' id='word_1_579' title='bbox 1875 3177 2071 3217; x_wconf 78' lang='lat' dir='ltr'><strong>rursus</strong></span> <span class='ocrx_word' id='word_1_580' title='bbox 2101 3160 2418 3231; x_wconf 90' lang='lat' dir='ltr'><strong>urgebimus</strong></span> <span class='ocrx_word' id='word_1_581' title='bbox 2444 3168 2504 3213; x_wconf 92' lang='lat' dir='ltr'><strong>ut</strong></span> <span class='ocrx_word' id='word_1_582' title='bbox 2527 3159 2675 3214; x_wconf 81' lang='lat' dir='ltr'><strong>dicat</strong></span> <span class='ocrx_word' id='word_1_583' title='bbox 2705 3176 2817 3231; x_wconf 87' lang='lat' dir='ltr'><strong>quo</strong></span> <span class='ocrx_word' id='word_1_584' title='bbox 2850 3170 3010 3231; x_wconf 89' lang='lat' dir='ltr'><strong>pacto</strong></span> <span class='ocrx_word' id='word_1_585' title='bbox 3038 3161 3285 3231; x_wconf 89' lang='lat' dir='ltr'><strong>genitum</strong></span> <span class='ocrx_word' id='word_1_586' title='bbox 3330 3176 3457 3215; x_wconf 88' lang='lat' dir='ltr'><strong>eum</strong></span> 
     </span>
    </p>
   </div>
   <div class='ocr_carea' id='block_1_76' title="bbox 1873 3251 3457 3321">
    <p class='ocr_par' dir='ltr' id='par_1_76' title="bbox 1873 3251 3457 3321">
     <span class='ocr_line' id='line_1_76' title="bbox 1873 3251 3457 3321; baseline -0.001 -14"><span class='ocrx_word' id='word_1_587' title='bbox 1873 3268 1999 3308; x_wconf 91' lang='lat' dir='ltr'><strong>esse</strong></span> <span class='ocrx_word' id='word_1_588' title='bbox 2023 3252 2277 3307; x_wconf 81' lang='lat' dir='ltr'><strong>fateatur.</strong></span> <span class='ocrx_word' id='word_1_589' title='bbox 2307 3251 2363 3305; x_wconf 89' lang='lat' dir='ltr'><strong>Si</strong></span> <span class='ocrx_word' id='word_1_590' title='bbox 2389 3254 2536 3306; x_wconf 87' lang='lat' dir='ltr'><strong>enim</strong></span> <span class='ocrx_word' id='word_1_591' title='bbox 2570 3260 2830 3321; x_wconf 86' lang='lat' dir='ltr'><strong>tanquam</strong></span> <span class='ocrx_word' id='word_1_592' title='bbox 2853 3260 3239 3307; x_wconf 87' lang='lat' dir='ltr'><strong>creaturarum</strong></span> <span class='ocrx_word' id='word_1_593' title='bbox 3267 3267 3457 3315; x_wconf 87' lang='lat' dir='ltr'><strong>unam,</strong></span> 
     </span>
    </p>
   </div>
   <div class='ocr_carea' id='block_1_77' title="bbox 1876 3328 3461 3413">
    <p class='ocr_par' dir='ltr' id='par_1_77' title="bbox 1876 3328 3461 3413">
     <span class='ocr_line' id='line_1_77' title="bbox 1876 3328 3461 3413; baseline -0.001 -16"><span class='ocrx_word' id='word_1_594' title='bbox 1876 3346 2146 3399; x_wconf 88' lang='lat' dir='ltr'><strong>relatione</strong></span> <span class='ocrx_word' id='word_1_595' title='bbox 2187 3344 2448 3399; x_wconf 88' lang='lat' dir='ltr'><strong>videlicet</strong></span> <span class='ocrx_word' id='word_1_596' title='bbox 2491 3352 2545 3397; x_wconf 89' lang='lat' dir='ltr'><strong>et</strong></span> <span class='ocrx_word' id='word_1_597' title='bbox 2579 3343 2909 3400; x_wconf 87' lang='lat' dir='ltr'><strong>habitudine</strong></span> <span class='ocrx_word' id='word_1_598' title='bbox 2954 3328 3249 3399; x_wconf 59' lang='lat' dir='ltr'><strong>charitatis</strong></span> <span class='ocrx_word' id='word_1_599' title='bbox 3294 3352 3461 3413; x_wconf 76' lang='lat' dir='ltr'><strong>atque.</strong></span> 
     </span>
    </p>
   </div>
   <div class='ocr_carea' id='block_1_78' title="bbox 1873 3433 3460 3505">
    <p class='ocr_par' dir='ltr' id='par_1_78' title="bbox 1873 3433 3460 3505">
     <span class='ocr_line' id='line_1_78' title="bbox 1873 3433 3460 3505; baseline -0.001 -15"><span class='ocrx_word' id='word_1_600' title='bbox 1873 3437 2174 3493; x_wconf 82' lang='lat' dir='ltr'><strong>voluntatis</strong></span> <span class='ocrx_word' id='word_1_601' title='bbox 2207 3433 2417 3505; x_wconf 89' lang='lat' dir='ltr'><strong>(omnia</strong></span> <span class='ocrx_word' id='word_1_602' title='bbox 2444 3433 2651 3505; x_wconf 90' lang='lat' dir='ltr'><strong>quippe</strong></span> <span class='ocrx_word' id='word_1_603' title='bbox 2680 3452 2744 3489; x_wconf 86' lang='lat' dir='ltr'><strong>ex</strong></span> <span class='ocrx_word' id='word_1_604' title='bbox 2774 3435 2886 3490; x_wconf 89' lang='lat' dir='ltr'><strong>Deo</strong></span> <span class='ocrx_word' id='word_1_605' title='bbox 2910 3451 3035 3492; x_wconf 91' lang='lat' dir='ltr'><strong>esse</strong></span> <span class='ocrx_word' id='word_1_606' title='bbox 3067 3435 3373 3503; x_wconf 89' lang='lat' dir='ltr'><strong>dicuntur),</strong></span> <span class='ocrx_word' id='word_1_607' title='bbox 3402 3434 3460 3489; x_wconf 92' lang='lat' dir='ltr'><strong>in</strong></span> 
     </span>
    </p>
   </div>
   <div class='ocr_carea' id='block_1_79' title="bbox 1874 3525 3460 3601">
    <p class='ocr_par' dir='ltr' id='par_1_79' title="bbox 1874 3525 3460 3601">
     <span class='ocr_line' id='line_1_79' title="bbox 1874 3525 3460 3601; baseline -0.004 -16"><span class='ocrx_word' id='word_1_608' title='bbox 1874 3526 2096 3585; x_wconf 88' lang='lat' dir='ltr'><strong>easdem</strong></span> <span class='ocrx_word' id='word_1_609' title='bbox 2155 3527 2531 3601; x_wconf 84' lang='lat' dir='ltr'><strong>hlasphemias</strong></span> <span class='ocrx_word' id='word_1_610' title='bbox 2582 3527 2806 3584; x_wconf 81' lang='lat' dir='ltr'><strong>recidet.</strong></span> <span class='ocrx_word' id='word_1_611' title='bbox 2863 3525 2963 3581; x_wconf 89' lang='lat' dir='ltr'><strong>Sin</strong></span> <span class='ocrx_word' id='word_1_612' title='bbox 3025 3534 3207 3582; x_wconf 89' lang='lat' dir='ltr'><strong>autem</strong></span> <span class='ocrx_word' id='word_1_613' title='bbox 3264 3540 3460 3580; x_wconf 87' lang='lat' dir='ltr'><strong>verum</strong></span> 
     </span>
    </p>
   </div>
   <div class='ocr_carea' id='block_1_80' title="bbox 1876 3619 3461 3694">
    <p class='ocr_par' dir='ltr' id='par_1_80' title="bbox 1876 3619 3461 3694">
     <span class='ocr_line' id='line_1_80' title="bbox 1876 3619 3461 3694; baseline -0.003 -17"><span class='ocrx_word' id='word_1_614' title='bbox 1876 3622 2100 3694; x_wconf 88' lang='lat' dir='ltr'><strong>quidem</strong></span> <span class='ocrx_word' id='word_1_615' title='bbox 2120 3620 2320 3678; x_wconf 81' lang='lat' dir='ltr'><strong>Filium</strong></span> <span class='ocrx_word' id='word_1_616' title='bbox 2369 3637 2494 3678; x_wconf 91' lang='lat' dir='ltr'><strong>esse</strong></span> <span class='ocrx_word' id='word_1_617' title='bbox 2521 3619 2716 3685; x_wconf 90' lang='lat' dir='ltr'><strong>dicat,</strong></span> <span class='ocrx_word' id='word_1_618' title='bbox 2758 3619 2988 3675; x_wconf 84' lang='lat' dir='ltr'><strong>alterius</strong></span> <span class='ocrx_word' id='word_1_619' title='bbox 3030 3625 3216 3674; x_wconf 89' lang='lat' dir='ltr'><strong>tamen</strong></span> <span class='ocrx_word' id='word_1_620' title='bbox 3243 3619 3461 3688; x_wconf 83' lang='lat' dir='ltr'><strong>generis</strong></span> 
     </span>
    </p>
   </div>
   <div class='ocr_carea' id='block_1_81' title="bbox 1876 3710 3458 3783">
    <p class='ocr_par' dir='ltr' id='par_1_81' title="bbox 1876 3710 3458 3783">
     <span class='ocr_line' id='line_1_81' title="bbox 1876 3710 3458 3783; baseline 0.001 -18"><span class='ocrx_word' id='word_1_621' title='bbox 1876 3720 2129 3776; x_wconf 80' lang='lat' dir='ltr'><strong>asserat,</strong></span> <span class='ocrx_word' id='word_1_622' title='bbox 2188 3713 2244 3767; x_wconf 90' lang='lat' dir='ltr'><strong>in</strong></span> <span class='ocrx_word' id='word_1_623' title='bbox 2295 3713 2475 3783; x_wconf 92' lang='lat' dir='ltr'><strong>ipsum</strong></span> <span class='ocrx_word' id='word_1_624' title='bbox 2505 3712 2698 3782; x_wconf 91' lang='lat' dir='ltr'><strong>utique</strong></span> <span class='ocrx_word' id='word_1_625' title='bbox 2746 3710 3064 3767; x_wconf 88' lang='lat' dir='ltr'><strong>Genitorem</strong></span> <span class='ocrx_word' id='word_1_626' title='bbox 3120 3711 3458 3781; x_wconf 87' lang='lat' dir='ltr'><strong>impietatem</strong></span> 
     </span>
    </p>
   </div>
   <div class='ocr_carea' id='block_1_82' title="bbox 1876 3803 3462 3875">
    <p class='ocr_par' dir='ltr' id='par_1_82' title="bbox 1876 3803 3462 3875">
     <span class='ocr_line' id='line_1_82' title="bbox 1876 3803 3462 3875; baseline -0.003 -16"><span class='ocrx_word' id='word_1_627' title='bbox 1876 3821 2032 3859; x_wconf 79' lang='lat' dir='ltr'><strong>suam</strong></span> <span class='ocrx_word' id='word_1_628' title='bbox 2058 3814 2262 3860; x_wconf 79' lang='lat' dir='ltr'><strong>exet-et.</strong></span> <span class='ocrx_word' id='word_1_629' title='bbox 2300 3804 2457 3871; x_wconf 81' lang='lat' dir='ltr'><strong>Quod</strong></span> <span class='ocrx_word' id='word_1_630' title='bbox 2504 3805 2653 3860; x_wconf 91' lang='lat' dir='ltr'><strong>enim</strong></span> <span class='ocrx_word' id='word_1_631' title='bbox 2696 3820 2969 3875; x_wconf 92' lang='lat' dir='ltr'><strong>nusquam</strong></span> <span class='ocrx_word' id='word_1_632' title='bbox 3003 3803 3058 3858; x_wconf 88' lang='lat' dir='ltr'><strong>in</strong></span> <span class='ocrx_word' id='word_1_633' title='bbox 3084 3819 3268 3858; x_wconf 90' lang='lat' dir='ltr'><strong>rerum</strong></span> <span class='ocrx_word' id='word_1_634' title='bbox 3298 3818 3462 3857; x_wconf 83' lang='lat' dir='ltr'><strong>crea-</strong></span> 
     </span>
    </p>
   </div>
   <div class='ocr_carea' id='block_1_83' title="bbox 1877 3891 3463 3963">
    <p class='ocr_par' dir='ltr' id='par_1_83' title="bbox 1877 3891 3463 3963">
     <span class='ocr_line' id='line_1_83' title="bbox 1877 3891 3463 3963; baseline 0 -18"><span class='ocrx_word' id='word_1_635' title='bbox 1877 3900 2057 3945; x_wconf 87' lang='lat' dir='ltr'><strong>tarum</strong></span> <span class='ocrx_word' id='word_1_636' title='bbox 2116 3900 2367 3946; x_wconf 87' lang='lat' dir='ltr'><strong>naturam</strong></span> <span class='ocrx_word' id='word_1_637' title='bbox 2396 3892 2685 3958; x_wconf 89' lang='lat' dir='ltr'><strong>ceciderit,</strong></span> <span class='ocrx_word' id='word_1_638' title='bbox 2722 3892 2829 3947; x_wconf 88' lang='lat' dir='ltr'><strong>hoc</strong></span> <span class='ocrx_word' id='word_1_639' title='bbox 2887 3893 3080 3963; x_wconf 90' lang='lat' dir='ltr'><strong>utique</strong></span> <span class='ocrx_word' id='word_1_640' title='bbox 3109 3891 3257 3947; x_wconf 85' lang='lat' dir='ltr'><strong>Patri</strong></span> <span class='ocrx_word' id='word_1_641' title='bbox 3309 3892 3463 3946; x_wconf 79' lang='lat' dir='ltr'><strong>aliin-</strong></span> 
     </span>
    </p>
   </div>
   <div class='ocr_carea' id='block_1_84' title="bbox 1876 3982 3463 4055">
    <p class='ocr_par' dir='ltr' id='par_1_84' title="bbox 1876 3982 3463 4055">
     <span class='ocr_line' id='line_1_84' title="bbox 1876 3982 3463 4055; baseline 0.002 -20"><span class='ocrx_word' id='word_1_642' title='bbox 1876 3993 1986 4055; x_wconf 79' lang='lat' dir='ltr'><strong>get.</strong></span> <span class='ocrx_word' id='word_1_643' title='bbox 2015 3982 2290 4054; x_wconf 83' lang='lat' dir='ltr'><strong>Numquid</strong></span> <span class='ocrx_word' id='word_1_644' title='bbox 2329 3987 2474 4039; x_wconf 92' lang='lat' dir='ltr'><strong>enim</strong></span> <span class='ocrx_word' id='word_1_645' title='bbox 2525 3985 2670 4054; x_wconf 90' lang='lat' dir='ltr'><strong>quod</strong></span> <span class='ocrx_word' id='word_1_646' title='bbox 2701 4000 2769 4040; x_wconf 81' lang='lat' dir='ltr'><strong>ex</strong></span> <span class='ocrx_word' id='word_1_647' title='bbox 2804 3985 2989 4054; x_wconf 90' lang='lat' dir='ltr'><strong>aliquo</strong></span> <span class='ocrx_word' id='word_1_648' title='bbox 3022 3986 3328 4039; x_wconf 90' lang='lat' dir='ltr'><strong>secundum</strong></span> <span class='ocrx_word' id='word_1_649' title='bbox 3364 4000 3463 4038; x_wconf 87' lang='lat' dir='ltr'><strong>na-</strong></span> 
     </span>
    </p>
   </div>
   <div class='ocr_carea' id='block_1_85' title="bbox 1878 4077 3460 4147">
    <p class='ocr_par' dir='ltr' id='par_1_85' title="bbox 1878 4077 3460 4147">
     <span class='ocr_line' id='line_1_85' title="bbox 1878 4077 3460 4147; baseline -0.001 -16"><span class='ocrx_word' id='word_1_650' title='bbox 1878 4087 2055 4131; x_wconf 87' lang='lat' dir='ltr'><strong>turam</strong></span> <span class='ocrx_word' id='word_1_651' title='bbox 2094 4092 2221 4131; x_wconf 90' lang='lat' dir='ltr'><strong>vere</strong></span> <span class='ocrx_word' id='word_1_652' title='bbox 2249 4087 2331 4132; x_wconf 91' lang='lat' dir='ltr'><strong>est</strong></span> <span class='ocrx_word' id='word_1_653' title='bbox 2372 4077 2621 4147; x_wconf 90' lang='lat' dir='ltr'><strong>genitum</strong></span> <span class='ocrx_word' id='word_1_654' title='bbox 2664 4077 3145 4133; x_wconf 85' lang='lat' dir='ltr'><strong>eonsubstantiale</strong></span> <span class='ocrx_word' id='word_1_655' title='bbox 3206 4078 3460 4133; x_wconf 87' lang='lat' dir='ltr'><strong>Genitori</strong></span> 
     </span>
    </p>
   </div>
   <div class='ocr_carea' id='block_1_86' title="bbox 186 4163 1772 4238">
    <p class='ocr_par' dir='ltr' id='par_1_86' title="bbox 186 4166 1772 4238">
     <span class='ocr_line' id='line_1_86' title="bbox 186 4166 1772 4238; baseline -0.002 -16"><span class='ocrx_word' id='word_1_656' title='bbox 186 4168 353 4237; x_wconf 77' lang='grc' dir='ltr'>φύσιν</span> <span class='ocrx_word' id='word_1_657' title='bbox 402 4166 804 4237; x_wconf 88' lang='grc' dir='ltr'>γεγεννημένον</span> <span class='ocrx_word' id='word_1_658' title='bbox 853 4166 1093 4237; x_wconf 83' lang='grc' dir='ltr'>ἀληθῶς,</span> <span class='ocrx_word' id='word_1_659' title='bbox 1122 4166 1411 4238; x_wconf 85' lang='grc' dir='ltr'>ὁμοούσιον</span> <span class='ocrx_word' id='word_1_660' title='bbox 1440 4166 1518 4237; x_wconf 80' lang='grc' dir='ltr'><strong>τῷ</strong></span> <span class='ocrx_word' id='word_1_661' title='bbox 1563 4169 1772 4221; x_wconf 78' lang='grc' dir='ltr'>τεκόντι</span> 
     </span>
    </p>
   </div>
   <div class='ocr_carea' id='block_1_87' title="bbox 1875 4163 3460 4238">
    <p class='ocr_par' dir='ltr' id='par_1_87' title="bbox 1875 4163 3460 4235">
     <span class='ocr_line' id='line_1_87' title="bbox 1875 4163 3460 4235; baseline -0.004 -12"><span class='ocrx_word' id='word_1_662' title='bbox 1875 4184 2001 4223; x_wconf 84' lang='lat' dir='ltr'><strong>esse</strong></span> <span class='ocrx_word' id='word_1_663' title='bbox 2019 4167 2197 4221; x_wconf 88' lang='lat' dir='ltr'><strong>cuivis</strong></span> <span class='ocrx_word' id='word_1_664' title='bbox 2232 4166 2588 4221; x_wconf 82' lang='lat' dir='ltr'><strong>manifestum</strong></span> <span class='ocrx_word' id='word_1_665' title='bbox 2631 4164 2755 4219; x_wconf 81' lang='lat' dir='ltr'><strong>est?</strong></span> <span class='ocrx_word' id='word_1_666' title='bbox 2796 4163 2941 4235; x_wconf 88' lang='lat' dir='ltr'><strong>Ergo</strong></span> <span class='ocrx_word' id='word_1_667' title='bbox 2980 4174 3231 4219; x_wconf 89' lang='lat' dir='ltr'><strong>creatura</strong></span> <span class='ocrx_word' id='word_1_668' title='bbox 3256 4180 3460 4219; x_wconf 89' lang='lat' dir='ltr'><strong>conve-</strong></span> 
     </span>
    </p>
   </div>
   <div class='ocr_carea' id='block_1_88' title="bbox 186 4257 1772 4331">
    <p class='ocr_par' dir='ltr' id='par_1_88' title="bbox 186 4257 1772 4330">
     <span class='ocr_line' id='line_1_88' title="bbox 186 4257 1772 4330; baseline -0.001 -18"><span class='ocrx_word' id='word_1_669' title='bbox 186 4259 462 4327; x_wconf 82' lang='grc' dir='ltr'>φαίνεται,</span> <span class='ocrx_word' id='word_1_670' title='bbox 490 4259 585 4312; x_wconf 77' lang='grc' dir='ltr'>καὶ</span> <span class='ocrx_word' id='word_1_671' title='bbox 619 4257 738 4321; x_wconf 85' lang='grc' dir='ltr'>πῶς</span> <span class='ocrx_word' id='word_1_672' title='bbox 789 4259 889 4329; x_wconf 86' lang='grc' dir='ltr'>οὐχ</span> <span class='ocrx_word' id='word_1_673' title='bbox 940 4259 1114 4312; x_wconf 72' lang='grc' dir='ltr'>ἅπασι</span> <span class='ocrx_word' id='word_1_674' title='bbox 1144 4258 1457 4329; x_wconf 87' lang='grc' dir='ltr'>συμφανές;</span> <span class='ocrx_word' id='word_1_675' title='bbox 1499 4258 1710 4313; x_wconf 83' lang='grc' dir='ltr'>Οὐκοῦν</span> <span class='ocrx_word' id='word_1_676' title='bbox 1739 4259 1772 4330; x_wconf 86' lang='grc' dir='ltr'><strong>ἡ</strong></span> 
     </span>
    </p>
   </div>
   <div class='ocr_carea' id='block_1_89' title="bbox 1875 4257 3465 4331">
    <p class='ocr_par' dir='ltr' id='par_1_89' title="bbox 1878 4257 3465 4331">
     <span class='ocr_line' id='line_1_89' title="bbox 1878 4257 3465 4331; baseline -0.004 -13"><span class='ocrx_word' id='word_1_677' title='bbox 1878 4262 2053 4318; x_wconf 90' lang='lat' dir='ltr'><strong>nieuti</strong></span> <span class='ocrx_word' id='word_1_678' title='bbox 2079 4262 2185 4316; x_wconf 89' lang='lat' dir='ltr'><strong>sibi</strong></span> <span class='ocrx_word' id='word_1_679' title='bbox 2223 4262 2435 4314; x_wconf 91' lang='lat' dir='ltr'><strong>ratione</strong></span> <span class='ocrx_word' id='word_1_680' title='bbox 2458 4261 2707 4331; x_wconf 86' lang='lat' dir='ltr'><strong>procedit</strong></span> <span class='ocrx_word' id='word_1_681' title='bbox 2735 4275 2747 4309; x_wconf 89' lang='lat'><strong>:</strong></span> <span class='ocrx_word' id='word_1_682' title='bbox 2785 4260 2929 4329; x_wconf 88' lang='lat' dir='ltr'><strong>parit</strong></span> <span class='ocrx_word' id='word_1_683' title='bbox 2958 4257 3105 4311; x_wconf 91' lang='lat' dir='ltr'><strong>enim</strong></span> <span class='ocrx_word' id='word_1_684' title='bbox 3129 4257 3275 4325; x_wconf 86' lang='lat' dir='ltr'><strong>quod</strong></span> <span class='ocrx_word' id='word_1_685' title='bbox 3313 4258 3465 4325; x_wconf 87' lang='lat' dir='ltr'><strong>ejus-</strong></span> 
     </span>
    </p>
   </div>
   <div class='ocr_carea' id='block_1_90' title="bbox 189 4347 1772 4421">
    <p class='ocr_par' dir='ltr' id='par_1_90' title="bbox 189 4347 1771 4419">
     <span class='ocr_line' id='line_1_90' title="bbox 189 4347 1771 4419; baseline -0.001 -16"><span class='ocrx_word' id='word_1_686' title='bbox 189 4350 291 4419; x_wconf 75' lang='grc' dir='ltr'>μὲν</span> <span class='ocrx_word' id='word_1_687' title='bbox 326 4350 502 4412; x_wconf 86' lang='grc' dir='ltr'>κτίσις</span> <span class='ocrx_word' id='word_1_688' title='bbox 530 4350 672 4403; x_wconf 86' lang='grc' dir='ltr'><strong>κατά</strong></span> <span class='ocrx_word' id='word_1_689' title='bbox 703 4348 859 4417; x_wconf 87' lang='grc' dir='ltr'>λόγον</span> <span class='ocrx_word' id='word_1_690' title='bbox 890 4347 1103 4419; x_wconf 86' lang='grc' dir='ltr'>πρόεισι</span> <span class='ocrx_word' id='word_1_691' title='bbox 1134 4347 1226 4399; x_wconf 88' lang='grc' dir='ltr'><strong>τὸν</strong></span> <span class='ocrx_word' id='word_1_692' title='bbox 1259 4347 1559 4419; x_wconf 86' lang='grc' dir='ltr'>πρέποντα·</span> <span class='ocrx_word' id='word_1_693' title='bbox 1597 4347 1771 4402; x_wconf 79' lang='grc' dir='ltr'>τίκτει</span> 
     </span>
    </p>
   </div>
   <div class='ocr_carea' id='block_1_91' title="bbox 1875 4347 3461 4421">
    <p class='ocr_par' dir='ltr' id='par_1_91' title="bbox 1878 4348 3461 4421">
     <span class='ocr_line' id='line_1_91' title="bbox 1878 4348 3461 4421; baseline -0.004 -12"><span class='ocrx_word' id='word_1_694' title='bbox 1878 4355 2023 4418; x_wconf 87' lang='lat' dir='ltr'><strong>dem,</strong></span> <span class='ocrx_word' id='word_1_695' title='bbox 2067 4369 2175 4407; x_wconf 91' lang='lat' dir='ltr'><strong>non</strong></span> <span class='ocrx_word' id='word_1_696' title='bbox 2216 4352 2418 4407; x_wconf 86' lang='lat' dir='ltr'><strong>diversi</strong></span> <span class='ocrx_word' id='word_1_697' title='bbox 2456 4352 2674 4421; x_wconf 88' lang='lat' dir='ltr'><strong>generis</strong></span> <span class='ocrx_word' id='word_1_698' title='bbox 2711 4352 2821 4417; x_wconf 89' lang='lat' dir='ltr'><strong>sit;</strong></span> <span class='ocrx_word' id='word_1_699' title='bbox 2854 4352 3032 4406; x_wconf 89' lang='lat' dir='ltr'><strong>solum</strong></span> <span class='ocrx_word' id='word_1_700' title='bbox 3080 4358 3261 4405; x_wconf 89' lang='lat' dir='ltr'><strong>autem</strong></span> <span class='ocrx_word' id='word_1_701' title='bbox 3291 4348 3461 4403; x_wconf 89' lang='lat' dir='ltr'><strong>Deum</strong></span> 
     </span>
    </p>
   </div>
   <div class='ocr_carea' id='block_1_92' title="bbox 185 4436 1772 4521">
    <p class='ocr_par' dir='ltr' id='par_1_92' title="bbox 185 4436 1772 4513">
     <span class='ocr_line' id='line_1_92' title="bbox 185 4436 1772 4513; baseline -0.003 -18"><span class='ocrx_word' id='word_1_702' title='bbox 185 4445 297 4513; x_wconf 67' lang='grc' dir='ltr'>γὰρ</span> <span class='ocrx_word' id='word_1_703' title='bbox 356 4442 457 4495; x_wconf 83' lang='grc' dir='ltr'><strong>οὐκ</strong></span> <span class='ocrx_word' id='word_1_704' title='bbox 503 4441 787 4511; x_wconf 88' lang='grc' dir='ltr'>ἀλλογενῆ·</span> <span class='ocrx_word' id='word_1_705' title='bbox 836 4439 996 4510; x_wconf 86' lang='grc' dir='ltr'>μόνον</span> <span class='ocrx_word' id='word_1_706' title='bbox 1033 4438 1089 4491; x_wconf 77' lang='grc' dir='ltr'>δὲ</span> <span class='ocrx_word' id='word_1_707' title='bbox 1145 4436 1387 4491; x_wconf 88' lang='grc' dir='ltr'>παθόντα</span> <span class='ocrx_word' id='word_1_708' title='bbox 1420 4438 1511 4491; x_wconf 88' lang='grc' dir='ltr'><strong>τὸν</strong></span> <span class='ocrx_word' id='word_1_709' title='bbox 1552 4438 1686 4492; x_wconf 84' lang='grc' dir='ltr'>Θεὸν</span> <span class='ocrx_word' id='word_1_710' title='bbox 1713 4438 1772 4491; x_wconf 91' lang='grc' dir='ltr'><strong>τὸ</strong></span> 
     </span>
    </p>
   </div>
   <div class='ocr_carea' id='block_1_93' title="bbox 1875 4436 3467 4521">
    <p class='ocr_par' dir='ltr' id='par_1_93' title="bbox 1878 4441 3467 4519">
     <span class='ocr_line' id='line_1_93' title="bbox 1878 4441 3467 4519; baseline -0.005 -14"><span class='ocrx_word' id='word_1_711' title='bbox 1878 4450 2215 4519; x_wconf 89' lang='lat' dir='ltr'><strong>reperiemus</strong></span> <span class='ocrx_word' id='word_1_712' title='bbox 2243 4455 2441 4501; x_wconf 90' lang='lat' dir='ltr'><strong>contra</strong></span> <span class='ocrx_word' id='word_1_713' title='bbox 2476 4446 2640 4511; x_wconf 78' lang='lat' dir='ltr'><strong>allici,</strong></span> <span class='ocrx_word' id='word_1_714' title='bbox 2678 4447 2722 4501; x_wconf 91' lang='lat' dir='ltr'><strong>si</strong></span> <span class='ocrx_word' id='word_1_715' title='bbox 2750 4445 2973 4516; x_wconf 89' lang='lat' dir='ltr'><strong>quidem</strong></span> <span class='ocrx_word' id='word_1_716' title='bbox 3004 4441 3204 4499; x_wconf 83' lang='lat' dir='ltr'><strong>Filium</strong></span> <span class='ocrx_word' id='word_1_717' title='bbox 3236 4442 3467 4497; x_wconf 74' lang='lat' dir='ltr'><strong>alterius</strong></span> 
     </span>
    </p>
   </div>
   <div class='ocr_carea' id='block_1_94' title="bbox 188 4530 1772 4615">
    <p class='ocr_par' dir='ltr' id='par_1_94' title="bbox 188 4530 1770 4603">
     <span class='ocr_line' id='line_1_94' title="bbox 188 4530 1770 4603; baseline -0.004 -16"><span class='ocrx_word' id='word_1_718' title='bbox 188 4533 433 4587; x_wconf 74' lang='grc' dir='ltr'>ἐναντίον</span> <span class='ocrx_word' id='word_1_719' title='bbox 457 4533 786 4603; x_wconf 70' lang='grc' dir='ltr'>εὑρήσομεν,</span> <span class='ocrx_word' id='word_1_720' title='bbox 823 4534 980 4601; x_wconf 83' lang='grc' dir='ltr'>ετπερ</span> <span class='ocrx_word' id='word_1_721' title='bbox 1007 4530 1271 4601; x_wconf 83' lang='grc' dir='ltr'>ἀλλογενῆ</span> <span class='ocrx_word' id='word_1_722' title='bbox 1306 4531 1605 4601; x_wconf 86' lang='grc' dir='ltr'>γεγέννηκε</span> <span class='ocrx_word' id='word_1_723' title='bbox 1626 4572 1641 4597; x_wconf 96' lang='grc'><strong>,</strong></span> <span class='ocrx_word' id='word_1_724' title='bbox 1676 4531 1770 4583; x_wconf 82' lang='grc' dir='ltr'><strong>καὶ</strong></span> 
     </span>
    </p>
   </div>
   <div class='ocr_carea' id='block_1_95' title="bbox 1875 4530 2935 4615">
    <p class='ocr_par' dir='ltr' id='par_1_95' title="bbox 1875 4536 2935 4615">
     <span class='ocr_line' id='line_1_95' title="bbox 1875 4536 2935 4615; baseline -0.006 -18"><span class='ocrx_word' id='word_1_725' title='bbox 1875 4541 2109 4615; x_wconf 80' lang='lat' dir='ltr'><strong>generis,</strong></span> <span class='ocrx_word' id='word_1_726' title='bbox 2141 4555 2241 4594; x_wconf 86' lang='lat' dir='ltr'><strong>nec</strong></span> <span class='ocrx_word' id='word_1_727' title='bbox 2269 4555 2338 4595; x_wconf 77' lang='lat' dir='ltr'><strong>ex</strong></span> <span class='ocrx_word' id='word_1_728' title='bbox 2372 4554 2473 4593; x_wconf 83' lang='lat' dir='ltr'><strong>sua</strong></span> <span class='ocrx_word' id='word_1_729' title='bbox 2500 4545 2698 4592; x_wconf 84' lang='lat' dir='ltr'><strong>natura</strong></span> <span class='ocrx_word' id='word_1_730' title='bbox 2722 4536 2935 4606; x_wconf 83' lang='lat' dir='ltr'><strong>genuit.</strong></span> 
     </span>
    </p>
   </div>
   <div class='ocr_carea' id='block_1_96' title="bbox 191 4622 1094 4692">
    <p class='ocr_par' dir='ltr' id='par_1_96' title="bbox 191 4622 1094 4692">
     <span class='ocr_line' id='line_1_96' title="bbox 191 4622 1094 4692; baseline -0.002 -13"><span class='ocrx_word' id='word_1_731' title='bbox 191 4626 293 4679; x_wconf 74' lang='grc' dir='ltr'><strong>οὐκ</strong></span> <span class='ocrx_word' id='word_1_732' title='bbox 320 4627 379 4691; x_wconf 74' lang='grc' dir='ltr'><strong>ἐξ</strong></span> <span class='ocrx_word' id='word_1_733' title='bbox 410 4624 546 4686; x_wconf 76' lang='grc' dir='ltr'>ἰδίας</span> <span class='ocrx_word' id='word_1_734' title='bbox 574 4623 789 4692; x_wconf 87' lang='grc' dir='ltr'>φύσεως</span> <span class='ocrx_word' id='word_1_735' title='bbox 822 4624 913 4676; x_wconf 91' lang='grc' dir='ltr'><strong>τὸν</strong></span> <span class='ocrx_word' id='word_1_736' title='bbox 944 4622 1094 4677; x_wconf 88' lang='grc' dir='ltr'>Υίόν.</span> 
     </span>
    </p>
   </div>
   <div class='ocr_carea' id='block_1_97' title="bbox 263 4709 1772 4786">
    <p class='ocr_par' dir='ltr' id='par_1_97' title="bbox 263 4709 1770 4786">
     <span class='ocr_line' id='line_1_97' title="bbox 263 4709 1770 4786; baseline -0.006 -15"><span class='ocrx_word' id='word_1_737' title='bbox 263 4714 375 4771; x_wconf 83' lang='grc' dir='ltr'>Ἦν</span> <span class='ocrx_word' id='word_1_738' title='bbox 412 4718 511 4786; x_wconf 77' lang='grc' dir='ltr'>μὲν</span> <span class='ocrx_word' id='word_1_739' title='bbox 545 4712 639 4769; x_wconf 71' lang='grc' dir='ltr'><strong>οὖν</strong></span> <span class='ocrx_word' id='word_1_740' title='bbox 687 4715 832 4777; x_wconf 78' lang='grc' dir='ltr'>εἰκὸς</span> <span class='ocrx_word' id='word_1_741' title='bbox 883 4714 1035 4768; x_wconf 77' lang='grc' dir='ltr'>οὐδὲν</span> <span class='ocrx_word' id='word_1_742' title='bbox 1078 4714 1158 4767; x_wconf 79' lang='grc' dir='ltr'>ἔτι</span> <span class='ocrx_word' id='word_1_743' title='bbox 1202 4712 1340 4784; x_wconf 88' lang='grc' dir='ltr'>πρὸς</span> <span class='ocrx_word' id='word_1_744' title='bbox 1388 4711 1562 4764; x_wconf 85' lang='grc' dir='ltr'>ταῦτα</span> <span class='ocrx_word' id='word_1_745' title='bbox 1596 4709 1770 4763; x_wconf 85' lang='grc' dir='ltr'>θέλειν</span> 
     </span>
    </p>
   </div>
   <div class='ocr_carea' id='block_1_98' title="bbox 1875 4709 3464 4786">
    <p class='ocr_par' dir='ltr' id='par_1_98' title="bbox 1940 4709 3464 4786">
     <span class='ocr_line' id='line_1_98' title="bbox 1940 4709 3464 4786; baseline -0.007 -13"><span class='ocrx_word' id='word_1_746' title='bbox 1940 4718 2023 4773; x_wconf 78' lang='lat' dir='ltr'><strong>Ad</strong></span> <span class='ocrx_word' id='word_1_747' title='bbox 2074 4724 2187 4771; x_wconf 64' lang='lat' dir='ltr'><strong>haec</strong></span> <span class='ocrx_word' id='word_1_748' title='bbox 2217 4714 2444 4786; x_wconf 82' lang='lat' dir='ltr'><strong>quidem</strong></span> <span class='ocrx_word' id='word_1_749' title='bbox 2489 4713 2627 4768; x_wconf 87' lang='lat' dir='ltr'><strong>nihil</strong></span> <span class='ocrx_word' id='word_1_750' title='bbox 2666 4712 2811 4765; x_wconf 82' lang='lat' dir='ltr'><strong>ultra</strong></span> <span class='ocrx_word' id='word_1_751' title='bbox 2845 4710 3035 4766; x_wconf 87' lang='lat' dir='ltr'><strong>dicere</strong></span> <span class='ocrx_word' id='word_1_752' title='bbox 3079 4709 3464 4767; x_wconf 88' lang='lat' dir='ltr'><strong>adversarium</strong></span> 
     </span>
    </p>
   </div>
   <div class='ocr_carea' id='block_1_99' title="bbox 189 4800 1772 4883">
    <p class='ocr_par' dir='ltr' id='par_1_99' title="bbox 189 4800 1771 4875">
     <span class='ocr_line' id='line_1_99' title="bbox 189 4800 1771 4875; baseline -0.006 -13"><span class='ocrx_word' id='word_1_753' title='bbox 189 4812 366 4862; x_wconf 81' lang='grc' dir='ltr'>εἰπεῖν</span> <span class='ocrx_word' id='word_1_754' title='bbox 395 4808 485 4862; x_wconf 90' lang='grc' dir='ltr'><strong>τὸν</strong></span> <span class='ocrx_word' id='word_1_755' title='bbox 515 4808 581 4861; x_wconf 86' lang='grc' dir='ltr'>δι’</span> <span class='ocrx_word' id='word_1_756' title='bbox 611 4807 884 4872; x_wconf 76' lang='grc' dir='ltr'>ἐναντίας,</span> <span class='ocrx_word' id='word_1_757' title='bbox 914 4807 1014 4859; x_wconf 84' lang='grc' dir='ltr'><strong>οὐκ</strong></span> <span class='ocrx_word' id='word_1_758' title='bbox 1044 4804 1384 4875; x_wconf 78' lang='grc' dir='ltr'>ὲξισταμένῳ</span> <span class='ocrx_word' id='word_1_759' title='bbox 1411 4803 1469 4856; x_wconf 86' lang='grc' dir='ltr'>δὲ</span> <span class='ocrx_word' id='word_1_760' title='bbox 1498 4805 1597 4874; x_wconf 86' lang='grc' dir='ltr'>τῆς</span> <span class='ocrx_word' id='word_1_761' title='bbox 1622 4800 1771 4854; x_wconf 74' lang='grc' dir='ltr'>ἐνού-</span> 
     </span>
    </p>
   </div>
   <div class='ocr_carea' id='block_1_100' title="bbox 1875 4800 3465 4883">
    <p class='ocr_par' dir='ltr' id='par_1_100' title="bbox 1875 4800 3465 4883">
     <span class='ocr_line' id='line_1_100' title="bbox 1875 4800 3465 4883; baseline -0.008 -16"><span class='ocrx_word' id='word_1_762' title='bbox 1875 4828 1969 4883; x_wconf 89' lang='lat' dir='ltr'><strong>par</strong></span> <span class='ocrx_word' id='word_1_763' title='bbox 1993 4819 2184 4875; x_wconf 86' lang='lat' dir='ltr'><strong>esset;</strong></span> <span class='ocrx_word' id='word_1_764' title='bbox 2224 4806 2320 4862; x_wconf 89' lang='lat' dir='ltr'><strong>sed</strong></span> <span class='ocrx_word' id='word_1_765' title='bbox 2361 4806 2622 4875; x_wconf 87' lang='lat' dir='ltr'><strong>quoniam</strong></span> <span class='ocrx_word' id='word_1_766' title='bbox 2662 4802 2908 4858; x_wconf 89' lang='lat' dir='ltr'><strong>insanire</strong></span> <span class='ocrx_word' id='word_1_767' title='bbox 2944 4818 3055 4857; x_wconf 92' lang='lat' dir='ltr'><strong>non</strong></span> <span class='ocrx_word' id='word_1_768' title='bbox 3098 4810 3305 4864; x_wconf 85' lang='lat' dir='ltr'><strong>cessat,</strong></span> <span class='ocrx_word' id='word_1_769' title='bbox 3341 4800 3465 4856; x_wconf 79' lang='lat' dir='ltr'><strong>Dei-</strong></span> 
     </span>
    </p>
   </div>
   <div class='ocr_carea' id='block_1_101' title="bbox 190 4894 1772 4975">
    <p class='ocr_par' dir='ltr' id='par_1_101' title="bbox 190 4894 1771 4973">
     <span class='ocr_line' id='line_1_101' title="bbox 190 4894 1771 4973; baseline -0.004 -19"><span class='ocrx_word' id='word_1_770' title='bbox 190 4920 291 4973; x_wconf 86' lang='grc' dir='ltr'><strong>σης</strong></span> <span class='ocrx_word' id='word_1_771' title='bbox 331 4901 481 4973; x_wconf 82' lang='grc' dir='ltr'>αὐτῷ</span> <span class='ocrx_word' id='word_1_772' title='bbox 503 4900 844 4964; x_wconf 79' lang='grc' dir='ltr'>δυσὸουλίας,</span> <span class='ocrx_word' id='word_1_773' title='bbox 892 4898 1124 4969; x_wconf 82' lang='grc' dir='ltr'>οἰομένῳ</span> <span class='ocrx_word' id='word_1_774' title='bbox 1162 4915 1222 4951; x_wconf 82' lang='grc' dir='ltr'><strong>τε</strong></span> <span class='ocrx_word' id='word_1_775' title='bbox 1279 4896 1545 4965; x_wconf 85' lang='grc' dir='ltr'>ἀλλογενῆ</span> <span class='ocrx_word' id='word_1_776' title='bbox 1589 4894 1682 4947; x_wconf 92' lang='grc' dir='ltr'><strong>τὸν</strong></span> <span class='ocrx_word' id='word_1_777' title='bbox 1706 4895 1771 4948; x_wconf 84' lang='grc' dir='ltr'>ὲκ</span> 
     </span>
    </p>
   </div>
   <div class='ocr_carea' id='block_1_102' title="bbox 1875 4894 3462 4975">
    <p class='ocr_par' dir='ltr' id='par_1_102' title="bbox 1875 4895 3462 4975">
     <span class='ocr_line' id='line_1_102' title="bbox 1875 4895 3462 4975; baseline -0.009 -16"><span class='ocrx_word' id='word_1_778' title='bbox 1875 4920 1979 4975; x_wconf 88' lang='lat' dir='ltr'><strong>que</strong></span> <span class='ocrx_word' id='word_1_779' title='bbox 2012 4918 2077 4956; x_wconf 90' lang='lat' dir='ltr'><strong>ac</strong></span> <span class='ocrx_word' id='word_1_780' title='bbox 2126 4899 2307 4954; x_wconf 88' lang='lat' dir='ltr'><strong>Patris</strong></span> <span class='ocrx_word' id='word_1_781' title='bbox 2337 4897 2537 4952; x_wconf 88' lang='lat' dir='ltr'><strong>Filium</strong></span> <span class='ocrx_word' id='word_1_782' title='bbox 2592 4895 2821 4951; x_wconf 87' lang='lat' dir='ltr'><strong>alterius</strong></span> <span class='ocrx_word' id='word_1_783' title='bbox 2866 4895 3087 4965; x_wconf 81' lang='lat' dir='ltr'><strong>generis</strong></span> <span class='ocrx_word' id='word_1_784' title='bbox 3121 4910 3247 4949; x_wconf 86' lang='lat' dir='ltr'><strong>esse</strong></span> <span class='ocrx_word' id='word_1_785' title='bbox 3286 4901 3462 4962; x_wconf 88' lang='lat' dir='ltr'><strong>putat,</strong></span> 
     </span>
    </p>
   </div>
   <div class='ocr_carea' id='block_1_103' title="bbox 188 4981 1772 5067">
    <p class='ocr_par' dir='ltr' id='par_1_103' title="bbox 188 4988 1772 5067">
     <span class='ocr_line' id='line_1_103' title="bbox 188 4988 1772 5067; baseline -0.007 -17"><span class='ocrx_word' id='word_1_786' title='bbox 188 4996 325 5050; x_wconf 86' lang='grc' dir='ltr'>Θεοῦ</span> <span class='ocrx_word' id='word_1_787' title='bbox 355 4996 451 5050; x_wconf 72' lang='grc' dir='ltr'><strong>καὶ</strong></span> <span class='ocrx_word' id='word_1_788' title='bbox 480 4994 693 5067; x_wconf 83' lang='grc' dir='ltr'>Πατρὸς</span> <span class='ocrx_word' id='word_1_789' title='bbox 714 4990 1162 5064; x_wconf 81' lang='grc' dir='ltr'>ύπάρχειν.Υίὸν,</span> <span class='ocrx_word' id='word_1_790' title='bbox 1195 4991 1294 5044; x_wconf 83' lang='grc' dir='ltr'><strong>οὐκ</strong></span> <span class='ocrx_word' id='word_1_791' title='bbox 1334 4988 1638 5059; x_wconf 80' lang='grc' dir='ltr'>ὲνδώσομεν</span> <span class='ocrx_word' id='word_1_792' title='bbox 1658 4990 1772 5051; x_wconf 84' lang='grc' dir='ltr'>τοῖς</span> 
     </span>
    </p>
   </div>
   <div class='ocr_carea' id='block_1_104' title="bbox 1875 4981 3461 5067">
    <p class='ocr_par' dir='ltr' id='par_1_104' title="bbox 1875 4981 3461 5058">
     <span class='ocr_line' id='line_1_104' title="bbox 1875 4981 3461 5058; baseline -0.011 -9"><span class='ocrx_word' id='word_1_793' title='bbox 1875 4991 2127 5049; x_wconf 87' lang='lat' dir='ltr'><strong>veritatis</strong></span> <span class='ocrx_word' id='word_1_794' title='bbox 2177 4988 2451 5058; x_wconf 86' lang='lat' dir='ltr'><strong>dogmatis</strong></span> <span class='ocrx_word' id='word_1_795' title='bbox 2500 4984 2840 5056; x_wconf 85' lang='lat' dir='ltr'><strong>patrocinari</strong></span> <span class='ocrx_word' id='word_1_796' title='bbox 2884 4999 2996 5038; x_wconf 88' lang='lat' dir='ltr'><strong>non</strong></span> <span class='ocrx_word' id='word_1_797' title='bbox 3048 4981 3461 5037; x_wconf 85' lang='lat' dir='ltr'><strong>cunctabimur.</strong></span> 
     </span>
    </p>
   </div>
   <div class='ocr_carea' id='block_1_105' title="bbox 188 5074 1772 5160">
    <p class='ocr_par' dir='ltr' id='par_1_105' title="bbox 188 5080 1772 5160">
     <span class='ocr_line' id='line_1_105' title="bbox 188 5080 1772 5160; baseline -0.006 -17"><span class='ocrx_word' id='word_1_798' title='bbox 188 5089 287 5160; x_wconf 79' lang='grc' dir='ltr'>τῆς</span> <span class='ocrx_word' id='word_1_799' title='bbox 316 5086 573 5160; x_wconf 86' lang='grc' dir='ltr'>ἀληθείας</span> <span class='ocrx_word' id='word_1_800' title='bbox 603 5084 1026 5158; x_wconf 87' lang='grc' dir='ltr'>συνηγοροῦντες</span> <span class='ocrx_word' id='word_1_801' title='bbox 1068 5083 1350 5153; x_wconf 83' lang='grc' dir='ltr'>δόγμασιν.</span> <span class='ocrx_word' id='word_1_802' title='bbox 1398 5080 1772 5151; x_wconf 82' lang='grc' dir='ltr'>Ἐπιδείξομεν</span> 
     </span>
    </p>
   </div>
   <div class='ocr_carea' id='block_1_106' title="bbox 1875 5074 3465 5160">
    <p class='ocr_par' dir='ltr' id='par_1_106' title="bbox 1875 5074 3465 5143">
     <span class='ocr_line' id='line_1_106' title="bbox 1875 5074 3465 5143; baseline -0.011 -1"><span class='ocrx_word' id='word_1_803' title='bbox 1875 5085 2245 5143; x_wconf 89' lang='lat' dir='ltr'><strong>Ostendemus</strong></span> <span class='ocrx_word' id='word_1_804' title='bbox 2297 5081 2446 5136; x_wconf 91' lang='lat' dir='ltr'><strong>enim</strong></span> <span class='ocrx_word' id='word_1_805' title='bbox 2490 5094 2616 5134; x_wconf 91' lang='lat' dir='ltr'><strong>eum</strong></span> <span class='ocrx_word' id='word_1_806' title='bbox 2672 5077 2856 5133; x_wconf 88' lang='lat' dir='ltr'><strong>dicere</strong></span> <span class='ocrx_word' id='word_1_807' title='bbox 2904 5076 3077 5131; x_wconf 90' lang='lat' dir='ltr'><strong>Deum</strong></span> <span class='ocrx_word' id='word_1_808' title='bbox 3131 5090 3196 5130; x_wconf 92' lang='lat' dir='ltr'><strong>ac</strong></span> <span class='ocrx_word' id='word_1_809' title='bbox 3244 5074 3465 5128; x_wconf 90' lang='lat' dir='ltr'><strong>Patrem</strong></span> 
     </span>
    </p>
   </div>
   <div class='ocr_carea' id='block_1_107' title="bbox 187 5164 1772 5253">
    <p class='ocr_par' dir='ltr' id='par_1_107' title="bbox 187 5172 1771 5253">
     <span class='ocr_line' id='line_1_107' title="bbox 187 5172 1771 5253; baseline -0.008 -15"><span class='ocrx_word' id='word_1_810' title='bbox 187 5181 299 5253; x_wconf 78' lang='grc' dir='ltr'>γὰρ</span> <span class='ocrx_word' id='word_1_811' title='bbox 320 5180 558 5251; x_wconf 84' lang='grc' dir='ltr'>ὁμογενῆ</span> <span class='ocrx_word' id='word_1_812' title='bbox 586 5178 815 5248; x_wconf 86' lang='grc' dir='ltr'>λέγοντα</span> <span class='ocrx_word' id='word_1_813' title='bbox 843 5180 909 5249; x_wconf 87' lang='grc' dir='ltr'>τῇ</span> <span class='ocrx_word' id='word_1_814' title='bbox 941 5176 1117 5230; x_wconf 82' lang='grc' dir='ltr'>κτίσει</span> <span class='ocrx_word' id='word_1_815' title='bbox 1145 5174 1236 5228; x_wconf 90' lang='grc' dir='ltr'><strong>τὸν</strong></span> <span class='ocrx_word' id='word_1_816' title='bbox 1252 5174 1387 5228; x_wconf 85' lang='grc' dir='ltr'>Θεὸν</span> <span class='ocrx_word' id='word_1_817' title='bbox 1411 5174 1505 5227; x_wconf 74' lang='grc' dir='ltr'><strong>καὶ</strong></span> <span class='ocrx_word' id='word_1_818' title='bbox 1532 5172 1771 5243; x_wconf 83' lang='grc' dir='ltr'>Πατέρα·</span> 
     </span>
    </p>
   </div>
   <div class='ocr_carea' id='block_1_108' title="bbox 1875 5164 3462 5253">
    <p class='ocr_par' dir='ltr' id='par_1_108' title="bbox 1875 5164 3462 5248">
     <span class='ocr_line' id='line_1_108' title="bbox 1875 5164 3462 5248; baseline -0.012 -15"><span class='ocrx_word' id='word_1_819' title='bbox 1875 5177 2122 5248; x_wconf 87' lang='lat' dir='ltr'><strong>ejusdem</strong></span> <span class='ocrx_word' id='word_1_820' title='bbox 2144 5188 2270 5230; x_wconf 90' lang='lat' dir='ltr'><strong>esse</strong></span> <span class='ocrx_word' id='word_1_821' title='bbox 2301 5188 2429 5226; x_wconf 92' lang='lat' dir='ltr'><strong>cum</strong></span> <span class='ocrx_word' id='word_1_822' title='bbox 2451 5178 2707 5225; x_wconf 83' lang='lat' dir='ltr'><strong>creatura</strong></span> <span class='ocrx_word' id='word_1_823' title='bbox 2730 5167 2948 5237; x_wconf 89' lang='lat' dir='ltr'><strong>generis</strong></span> <span class='ocrx_word' id='word_1_824' title='bbox 2974 5182 2985 5217; x_wconf 90' lang='lat'><strong>:</strong></span> <span class='ocrx_word' id='word_1_825' title='bbox 3009 5164 3292 5235; x_wconf 87' lang='lat' dir='ltr'><strong>quomodo</strong></span> <span class='ocrx_word' id='word_1_826' title='bbox 3309 5178 3462 5224; x_wconf 90' lang='lat' dir='ltr'><strong>vero,</strong></span> 
     </span>
    </p>
   </div>
   <div class='ocr_carea' id='block_1_109' title="bbox 188 5253 1772 5340">
    <p class='ocr_par' dir='ltr' id='par_1_109' title="bbox 188 5263 1772 5340">
     <span class='ocr_line' id='line_1_109' title="bbox 188 5263 1772 5340; baseline -0.006 -15"><span class='ocrx_word' id='word_1_827' title='bbox 188 5271 443 5338; x_wconf 75' lang='grc' dir='ltr'>καὶπῶς,</span> <span class='ocrx_word' id='word_1_828' title='bbox 473 5270 507 5340; x_wconf 84' lang='grc' dir='ltr'>ἦ</span> <span class='ocrx_word' id='word_1_829' title='bbox 538 5269 704 5323; x_wconf 88' lang='grc' dir='ltr'>πόθεν</span> <span class='ocrx_word' id='word_1_830' title='bbox 733 5266 974 5323; x_wconf 86' lang='grc' dir='ltr'>ἀκούοιτ’</span> <span class='ocrx_word' id='word_1_831' title='bbox 1014 5265 1081 5320; x_wconf 84' lang='grc' dir='ltr'><strong>ἂν</strong></span> <span class='ocrx_word' id='word_1_832' title='bbox 1128 5266 1229 5336; x_wconf 76' lang='grc' dir='ltr'>ἠδη</span> <span class='ocrx_word' id='word_1_833' title='bbox 1284 5264 1468 5319; x_wconf 86' lang='grc' dir='ltr'>πάλιν.</span> <span class='ocrx_word' id='word_1_834' title='bbox 1496 5263 1772 5334; x_wconf 74' lang='grc' dir='ltr'>’Ἄμπελον</span> 
     </span>
    </p>
   </div>
   <div class='ocr_carea' id='block_1_110' title="bbox 1875 5253 3463 5340">
    <p class='ocr_par' dir='ltr' id='par_1_110' title="bbox 1878 5253 3463 5326">
     <span class='ocr_line' id='line_1_110' title="bbox 1878 5253 3463 5326; baseline -0.009 -7"><span class='ocrx_word' id='word_1_835' title='bbox 1878 5273 1973 5319; x_wconf 91' lang='lat' dir='ltr'><strong>aut</strong></span> <span class='ocrx_word' id='word_1_836' title='bbox 2020 5262 2186 5326; x_wconf 87' lang='lat' dir='ltr'><strong>unde,</strong></span> <span class='ocrx_word' id='word_1_837' title='bbox 2238 5275 2435 5315; x_wconf 85' lang='lat' dir='ltr'><strong>rursus</strong></span> <span class='ocrx_word' id='word_1_838' title='bbox 2483 5255 2905 5312; x_wconf 78' lang='lat' dir='ltr'><strong>audiat.Vitem</strong></span> <span class='ocrx_word' id='word_1_839' title='bbox 2936 5265 3123 5325; x_wconf 91' lang='lat' dir='ltr'><strong>aperte</strong></span> <span class='ocrx_word' id='word_1_840' title='bbox 3151 5253 3310 5316; x_wconf 89' lang='lat' dir='ltr'><strong>dicit,</strong></span> <span class='ocrx_word' id='word_1_841' title='bbox 3350 5267 3463 5305; x_wconf 91' lang='lat' dir='ltr'><strong>non</strong></span> 
     </span>
    </p>
   </div>
   <div class='ocr_carea' id='block_1_111' title="bbox 187 5348 1772 5432">
    <p class='ocr_par' dir='ltr' id='par_1_111' title="bbox 187 5352 1770 5432">
     <span class='ocr_line' id='line_1_111' title="bbox 187 5352 1770 5432; baseline -0.007 -16"><span class='ocrx_word' id='word_1_842' title='bbox 187 5360 436 5432; x_wconf 73' lang='grc' dir='ltr'>ἐναργῶς</span> <span class='ocrx_word' id='word_1_843' title='bbox 466 5359 793 5413; x_wconf 86' lang='grc' dir='ltr'>διατείνεται</span> <span class='ocrx_word' id='word_1_844' title='bbox 814 5357 908 5411; x_wconf 91' lang='grc' dir='ltr'><strong>καί</strong></span> <span class='ocrx_word' id='word_1_845' title='bbox 957 5373 1140 5425; x_wconf 89' lang='grc' dir='ltr'>φησιν,</span> <span class='ocrx_word' id='word_1_846' title='bbox 1170 5356 1231 5407; x_wconf 86' lang='grc' dir='ltr'><strong>οὐ</strong></span> <span class='ocrx_word' id='word_1_847' title='bbox 1274 5354 1373 5425; x_wconf 83' lang='grc' dir='ltr'><strong>τὴν</strong></span> <span class='ocrx_word' id='word_1_848' title='bbox 1413 5354 1595 5424; x_wconf 83' lang='grc' dir='ltr'>σάρκα</span> <span class='ocrx_word' id='word_1_849' title='bbox 1633 5352 1770 5423; x_wconf 79' lang='grc' dir='ltr'><strong>μᾶλ-</strong></span> 
     </span>
    </p>
   </div>
   <div class='ocr_carea' id='block_1_112' title="bbox 1875 5348 3465 5432">
    <p class='ocr_par' dir='ltr' id='par_1_112' title="bbox 1875 5348 3465 5423">
     <span class='ocr_line' id='line_1_112' title="bbox 1875 5348 3465 5423; baseline -0.008 -12"><span class='ocrx_word' id='word_1_850' title='bbox 1875 5370 2117 5415; x_wconf 82' lang='lat' dir='ltr'><strong>carnem.</strong></span> <span class='ocrx_word' id='word_1_851' title='bbox 2142 5353 2240 5409; x_wconf 89' lang='lat' dir='ltr'><strong>sed</strong></span> <span class='ocrx_word' id='word_1_852' title='bbox 2274 5353 2452 5423; x_wconf 89' lang='lat' dir='ltr'><strong>ipsam</strong></span> <span class='ocrx_word' id='word_1_853' title='bbox 2481 5349 2761 5421; x_wconf 89' lang='lat' dir='ltr'><strong>Unigeniti</strong></span> <span class='ocrx_word' id='word_1_854' title='bbox 2788 5348 3053 5402; x_wconf 84' lang='lat' dir='ltr'><strong>deitatem</strong></span> <span class='ocrx_word' id='word_1_855' title='bbox 3084 5361 3209 5401; x_wconf 88' lang='lat' dir='ltr'><strong>esse</strong></span> <span class='ocrx_word' id='word_1_856' title='bbox 3246 5359 3465 5398; x_wconf 78' lang='lat' dir='ltr'><strong>nuneu-</strong></span> 
     </span>
    </p>
   </div>
   <div class='ocr_carea' id='block_1_113' title="bbox 187 5440 1772 5523">
    <p class='ocr_par' dir='ltr' id='par_1_113' title="bbox 187 5444 1772 5523">
     <span class='ocr_line' id='line_1_113' title="bbox 187 5444 1772 5523; baseline -0.006 -18"><span class='ocrx_word' id='word_1_857' title='bbox 187 5462 300 5517; x_wconf 67' lang='grc' dir='ltr'>λον,</span> <span class='ocrx_word' id='word_1_858' title='bbox 325 5452 443 5507; x_wconf 86' lang='grc' dir='ltr'>ἀλλ’</span> <span class='ocrx_word' id='word_1_859' title='bbox 477 5452 651 5523; x_wconf 80' lang='grc' dir='ltr'>αὐτὴν</span> <span class='ocrx_word' id='word_1_860' title='bbox 680 5450 997 5521; x_wconf 82' lang='grc' dir='ltr'>ὠνομάσθαι</span> <span class='ocrx_word' id='word_1_861' title='bbox 1042 5449 1141 5519; x_wconf 79' lang='grc' dir='ltr'>τὴν</span> <span class='ocrx_word' id='word_1_862' title='bbox 1165 5446 1395 5517; x_wconf 85' lang='grc' dir='ltr'>θεότητα</span> <span class='ocrx_word' id='word_1_863' title='bbox 1415 5444 1509 5498; x_wconf 90' lang='grc' dir='ltr'><strong>τοῦ</strong></span> <span class='ocrx_word' id='word_1_864' title='bbox 1534 5446 1772 5511; x_wconf 83' lang='grc' dir='ltr'>Μονογε-</span> 
     </span>
    </p>
   </div>
   <div class='ocr_carea' id='block_1_114' title="bbox 1875 5440 3458 5523">
    <p class='ocr_par' dir='ltr' id='par_1_114' title="bbox 1875 5440 3458 5521">
     <span class='ocr_line' id='line_1_114' title="bbox 1875 5440 3458 5521; baseline -0.007 -20"><span class='ocrx_word' id='word_1_865' title='bbox 1875 5459 2078 5521; x_wconf 85' lang='lat' dir='ltr'><strong>patam.</strong></span> <span class='ocrx_word' id='word_1_866' title='bbox 2104 5445 2233 5501; x_wconf 85' lang='lat' dir='ltr'><strong>Esto</strong></span> <span class='ocrx_word' id='word_1_867' title='bbox 2250 5459 2411 5508; x_wconf 85' lang='lat' dir='ltr'><strong>vero;</strong></span> <span class='ocrx_word' id='word_1_868' title='bbox 2434 5440 2765 5512; x_wconf 88' lang='lat' dir='ltr'><strong>respondeat</strong></span> <span class='ocrx_word' id='word_1_869' title='bbox 2794 5440 2983 5509; x_wconf 87' lang='lat' dir='ltr'><strong>igitur,</strong></span> <span class='ocrx_word' id='word_1_870' title='bbox 3003 5452 3213 5506; x_wconf 59' lang='lat' dir='ltr'><strong>quaeso,</strong></span> <span class='ocrx_word' id='word_1_871' title='bbox 3236 5451 3458 5495; x_wconf 81' lang='lat' dir='ltr'><strong>rursus.</strong></span> 
     </span>
    </p>
   </div>
   <div class='ocr_carea' id='block_1_115' title="bbox 184 5528 1772 5615">
    <p class='ocr_par' dir='ltr' id='par_1_115' title="bbox 184 5537 1772 5615">
     <span class='ocr_line' id='line_1_115' title="bbox 184 5537 1772 5615; baseline -0.008 -15"><span class='ocrx_word' id='word_1_872' title='bbox 184 5545 330 5610; x_wconf 83' lang='grc' dir='ltr'>νοῦς.</span> <span class='ocrx_word' id='word_1_873' title='bbox 374 5546 580 5614; x_wconf 79' lang='grc' dir='ltr'>Ἐγέτω</span> <span class='ocrx_word' id='word_1_874' title='bbox 638 5544 765 5615; x_wconf 82' lang='grc' dir='ltr'>τῇδε</span> <span class='ocrx_word' id='word_1_875' title='bbox 812 5543 993 5614; x_wconf 82' lang='grc' dir='ltr'>τυχόν·</span> <span class='ocrx_word' id='word_1_876' title='bbox 1046 5540 1265 5606; x_wconf 75' lang='grc' dir='ltr'>οὐκοῦν,</span> <span class='ocrx_word' id='word_1_877' title='bbox 1316 5540 1581 5611; x_wconf 81' lang='grc' dir='ltr'>ἐρήσομαι</span> <span class='ocrx_word' id='word_1_878' title='bbox 1642 5537 1772 5608; x_wconf 77' lang='grc' dir='ltr'>γὰρ,</span> 
     </span>
    </p>
   </div>
   <div class='ocr_carea' id='block_1_116' title="bbox 1875 5528 3458 5615">
    <p class='ocr_par' dir='ltr' id='par_1_116' title="bbox 1875 5528 3458 5602">
     <span class='ocr_line' id='line_1_116' title="bbox 1875 5528 3458 5602; baseline -0.009 -6"><span class='ocrx_word' id='word_1_879' title='bbox 1875 5548 2065 5597; x_wconf 89' lang='lat' dir='ltr'><strong>utrum</strong></span> <span class='ocrx_word' id='word_1_880' title='bbox 2102 5537 2270 5593; x_wconf 90' lang='lat' dir='ltr'><strong>Deum</strong></span> <span class='ocrx_word' id='word_1_881' title='bbox 2299 5550 2488 5592; x_wconf 78' lang='lat' dir='ltr'><strong>verum</strong></span> <span class='ocrx_word' id='word_1_882' title='bbox 2517 5534 2785 5589; x_wconf 77' lang='lat' dir='ltr'><strong>exsistere</strong></span> <span class='ocrx_word' id='word_1_883' title='bbox 2803 5539 2955 5602; x_wconf 86' lang='lat' dir='ltr'><strong>putet</strong></span> <span class='ocrx_word' id='word_1_884' title='bbox 2977 5528 3201 5598; x_wconf 79' lang='lat' dir='ltr'><strong>Filium,</strong></span> <span class='ocrx_word' id='word_1_885' title='bbox 3228 5544 3296 5584; x_wconf 88' lang='lat' dir='ltr'><strong>an</strong></span> <span class='ocrx_word' id='word_1_886' title='bbox 3324 5544 3458 5593; x_wconf 84' lang='lat' dir='ltr'><strong>non,</strong></span> 
     </span>
    </p>
   </div>
   <div class='ocr_carea' id='block_1_117' title="bbox 259 5725 832 5795">
    <p class='ocr_par' dir='ltr' id='par_1_117' title="bbox 259 5725 832 5795">
     <span class='ocr_line' id='line_1_117' title="bbox 259 5725 832 5795; baseline 0.005 -15"><span class='ocrx_word' id='word_1_887' title='bbox 259 5728 301 5757; x_wconf 77' lang='lat'>”</span> <span class='ocrx_word' id='word_1_888' title='bbox 344 5726 359 5780; x_wconf 86' lang='lat' dir='ltr'><strong>l</strong></span> <span class='ocrx_word' id='word_1_889' title='bbox 398 5725 562 5783; x_wconf 71' lang='lat' dir='ltr'><strong>Joan.</strong></span> <span class='ocrx_word' id='word_1_890' title='bbox 602 5743 662 5781; x_wconf 82' lang='grc' dir='ltr'><strong>ιιι</strong></span> <span class='ocrx_word' id='word_1_891' title='bbox 690 5771 702 5795; x_wconf 82' lang='lat'><strong>,</strong></span> <span class='ocrx_word' id='word_1_892' title='bbox 742 5729 832 5783; x_wconf 75' lang='grc'><strong>25.</strong></span> 
     </span>
    </p>
   </div>
  </div>
