3892 6202
445 261 563 323 σιτ

1488 256 1548 312 S.
1590 252 1875 311 CYRILLI
1911 249 2388 307 ALEXANDRINI
2415 248 2734 307 ARCHIEP.

3625 251 3740 308 348

446 365 686 449 ευηιίιυέ
719 376 971 432 dicturus
1014 390 1087 431 Sit
1118 371 1369 444 spurium
1415 375 1470 427 et
1509 370 1629 425 sola
1676 368 1920 425 nominis
1955 365 2041 421 dio

2155 363 2521 433 ἀπολογείσθω
2551 363 2608 415 δὲ
2640 362 2826 426 πάλιν,
2864 358 3095 433 πότερόν
3141 377 3270 414 ποτε
3302 360 3435 414 Θεὸν
3473 361 3737 434 ἀληθινὸν

445 473 657 543 gnitate
684 470 1000 541 praeditum.
1051 466 1189 521 Nam
1226 466 1273 521 si
1305 481 1416 520 non
1460 478 1585 519 esse
1615 460 1923 518 secundum
1946 474 2048 514 na-

450 575 631 617 turam
666 560 838 617 Deum
868 561 1174 623 existimet,
1228 560 1405 629 ipsum
1457 554 1811 623 Unigenitum
1856 552 2047 607 dicen—

450 664 561 709 tem
597 651 789 707 audiat
815 669 829 705 :
859 671 879 703 ι
914 649 1025 722 Ego
1061 665 1185 705 sum
1227 648 1435 702 veritas
1468 646 1537 700 ’⁷.
1578 664 1597 696 ι
1637 644 1856 699 Veritas
1889 640 2042 698 enim

448 745 588 802 nihil
626 746 681 799 in
714 760 775 798 se
798 743 969 799 habet
1000 740 1296 796 adulterini
1334 754 1397 793 ac
1432 736 1575 793 falso
1603 735 1829 792 nomine
1853 732 2045 787 adum-

450 838 617 894 brati.
655 836 927 891 Praeterea
970 832 1439 904 sapientissimum
1490 830 1765 885 Joannem
1802 827 2048 882 claman-

453 941 563 984 tem
598 928 825 982 audiat:
867 945 885 977 ι
914 925 979 979 Et
1002 940 1193 979 sumus
1224 925 1279 977 in
1310 939 1442 979 vero
1474 920 1616 975 Filio
1644 919 1775 975 Jesu
1799 918 2045 975 Christo.

455 1021 558 1076 llic
597 1028 681 1075 est
710 1032 876 1073 verus
908 1015 1074 1081 Deus,
1112 1024 1167 1068 et
1197 1014 1309 1066 vita
1336 1010 1630 1067 aeterna“.
1670 1028 1689 1060 ι
1729 1006 1936 1062 Verum
1998 1003 2047 1057 si

455 1113 668 1183 pudore
702 1112 974 1168 victus,et
1001 1106 1355 1161 contentione
1392 1103 1606 1167 relicta,
1644 1114 1838 1154 verum
1874 1096 2047 1152 Deum

455 1220 578 1259 esse
604 1202 868 1257 fatebitur
900 1198 1121 1263 Filium,
1146 1197 1214 1251 ad
1245 1196 1353 1251 alia
1398 1206 1747 1263 nequaquam
1778 1205 1879 1245 nos
1910 1203 2047 1243 con-

457 1297 722 1356 feremus,
764 1293 857 1349 sed
887 1292 1009 1362 ejus
1043 1290 1230 1345 verbis
1279 1295 1501 1342 utemur
1544 1284 1610 1338 ad
1653 1282 1822 1354 866
1868 1280 2047 1352 ipsius

458 1390 606 1442 dicta
637 1386 947 1441 refutanda.
977 1383 1174 1438 Nonne
1216 1382 1361 1437 sicut
1404 1377 1644 1450 agricola
1680 1374 1884 1430 diversi
1904 1382 1989 1429 est
2016 1388 2048 1428 a

458 1480 568 1533 vite
600 1477 840 1548 generis,
871 1472 1145 1544 siquidem
1192 1474 1286 1528 ille
1318 1472 1482 1527 homo
1504 1478 1613 1533 est,
1646 1469 1761 1523 hazc
1798 1468 2044 1539 lignum:

459 1569 532 1623 ita
564 1578 713 1623 recte
746 1583 811 1622 ac
848 1582 977 1622 vere
1016 1564 1262 1635 ejusdem
1306 1564 1526 1635 generis
1570 1562 1701 1618 vitis
1732 1561 2048 1617 censebitur

459 1676 585 1717 cum
622 1661 740 1717 suis
779 1657 1131 1729 palmitibus?
1171 1654 1456 1711 Neminem
1487 1654 1687 1726 opinor
1726 1668 1792 1708 eo
1827 1652 2047 1707 venisse

2153 456 2422 528 ὑπάρχειν
2450 456 2619 508 οίεται
2648 455 2739 508 τὸν
2772 453 2925 519 Υἱὸν,
2956 453 2990 524 ἦ
3019 453 3157 524 οὐχὶ,
3214 455 3473 525 προσερεῖ
3496 454 3553 507 δὲ
3577 454 3737 509 νόθον

2148 546 2245 600 καὶ
2270 548 2328 599 ὲν
2356 544 2540 615 ψιλαῖς
2570 544 2761 615 ἔχοντα
2790 546 2993 614 φωναῖς
3018 544 3079 596 τὸ
3116 542 3352 613 ἀξίωμα.
3380 545 3449 601 Εἰ
3492 546 3595 615 μὲν
3624 547 3737 618 γάρ

2147 638 2248 691 οὐκ
2273 636 2411 692 εἶναι
2440 636 2584 691 κατά
2604 637 2766 706 φύσιν
2814 636 2966 703 Θεὸν,
2987 634 3147 689 αὐτὸν
3177 636 3261 705 ἐφ’
3288 636 3461 707 ἑαυτῷ
3490 636 3740 708 δεχέσθω

2152 732 2407 803 μάρτυρα
2434 731 2524 787 τὸν
2554 728 2836 799 Μονογενῆ
2860 728 3106 797 λέγοντα·
3145 746 3165 781 t
3216 728 3356 799 Ἐγώ
3387 732 3502 801 εἰμι
3530 732 3565 801 ἡ
3600 731 3737 801 ἀλή·

2149 822 2291 878 θεια.
2321 843 2340 875 ι
2379 822 2634 894 Ἀλήθεια
2678 822 2789 895 γάρ
2843 821 2968 875 καθ’
3010 820 3107 874 ἕνα
3137 821 3337 891 τρόπον
3390 823 3451 875 οὑ
3483 821 3544 876 τὸ
3577 823 3742 877 νόθον

2148 914 2263 986 ἔχει
2313 915 2409 969 καὶ
2465 914 2838 985 ψευδώνυμον.
2903 912 3303 984 Παραδεχέσθω
3347 914 3402 967 δὲ
3440 916 3537 970 xal.
3568 914 3743 968 αὐτὸν

2152 1007 2243 1064 \nl.
2268 1007 2444 1078 τούτῳ
2494 1006 2586 1060 τὸν
2635 1006 2942 1075 σοφώτατον
2987 1006 3265 1077 Ἰωάννην,
3314 1006 3744 1077 ἀνακεκραγότα

2150 1101 2339 1171 σαφῶς
2366 1101 2461 1154 καὶ
2485 1101 2737 1169 λέγοντα*
2774 1119 2793 1152 t
2814 1100 2923 1153 Kal
2963 1100 3134 1171 ἐσμὲν
3164 1101 3223 1154 ὲν
3257 1100 3335 1170 τῷ
3357 1100 3599 1173 ἀληθινῷ
3615 1101 3741 1171 Θεῷ

2162 1194 2339 1266 Ἰησοῦ
2370 1193 2614 1266 Χριστῷ;
2648 1186 2812 1256 Οὗτός
2840 1195 2988 1247 ἐστιν
3033 1195 3062 1247 ό
3109 1192 3361 1265 ἀληθινὸς
3396 1193 3546 1257 Θεὸς.
3578 1194 3681 1247 καὶ
3706 1195 3741 1263 ἡ

2150 1286 2264 1358 ζωὴ
2284 1288 2319 1359 ἡ
2346 1285 2581 1351 αίὼνιος.
2609 1304 2627 1339 ι
2661 1285 2801 1338 Ἀλλ’
2828 1286 2878 1339 εί
2902 1286 2998 1339 καὶ⁵
3028 1285 3165 1357 πρὸς
3200 1285 3357 1339 τοῦτο
3411 1286 3575 1356 τυχὸν
3640 1287 3741 1339 ὑπ-

2149 1377 2503 1449 ερυθρίασας,
2521 1377 2615 1431 καὶ
2642 1376 2703 1430 τὸ
2722 1374 3083 1431 διατείνεσθαι
3114 1376 3299 1448 μεθεὶς
3320 1378 3570 1449 ἀληθινὸν
3598 1380 3740 1449 ὁμο-

2148 1469 2369 1541 λογήσει
2398 1468 2530 1523 Θεὸν
2563 1468 2656 1522 τὸν
2680 1469 2832 1532 Υἰὸν,
2852 1467 2952 1541 οὑχ
2980 1469 3217 1541 ἑτέρωσέ
3249 1487 3339 1523 ποι
3366 1471 3701 1541 χωρὴσομεν
3720 1510 3737 1533 ,

2149 1561 2329 1630 λόγοις
2359 1560 2416 1614 δὲ
2445 1561 2559 1624 τοῖς
2589 1559 2719 1631 παρ’
2752 1560 2914 1613 αὑτοῦ
2968 1560 3285 1632 χρησόμεθα
3338 1560 3474 1631 πρὸς
3501 1562 3741 1632 ἀνατρο-

2152 1654 2261 1727 πὴν
2310 1653 2427 1707 τῶν
2468 1653 2601 1725 παρ’
2660 1652 2826 1707 αὑτοῦ
2875 1653 3204 1725 λεγομένων.
3237 1652 3367 1725 'Ap‘
3418 1656 3517 1727 οὐχ
3541 1655 3742 1728 ὥσπερ

458 1767 704 1821 unquam
737 1750 1008 1814 stultitiae,
1031 1759 1090 1803 ut
1126 1764 1239 1803 rem
1273 1748 1409 1802 adeo
1448 1746 1800 1802 manifestam
1841 1759 2047 1815 negare

2155 1726 2389 1816 γεωργὸς
2418 1744 2715 1815 ἀλλογενὴς
2765 1746 2883 1797 ἐστι
2911 1747 2977 1818 τῇ
3038 1746 3287 1817 ἀμπέλῳ·
3316 1748 3344 1800 ό
3379 1726 3610 1820 μὲνγὰρ
3639 1726 3741 1802 άν-

461 1842 684 1897 audeat.
715 1840 853 1895 Cum
901 1855 1034 1911 ergo
1086 1838 1231 1894 Deus
1263 1839 1540 1895 exsistens
1574 1852 1761 1900 verus,
1803 1835 2040 1890 consub-

460 1934 738 1990 stantialis
767 1949 899 1990 vero
920 1932 1229 1989 secundum
1263 1942 1515 1986 naturam
1543 1930 1676 1994 Deo,
1709 1930 1813 1984 hoc
1832 1936 1920 1983 est
1953 1927 2049 1981 Pa-

460 2026 553 2087 tri,
602 2034 657 2081 et
706 2026 836 2082 vitis
881 2024 1103 2097 quidem
1153 2024 1267 2089 sit,
1317 2039 1420 2079 nos
1471 2023 1749 2095 palmites,
1795 2018 2046 2091 ejusdem

460 2135 657 2190 nempe
698 2119 903 2174 idcirco
934 2118 1151 2190 generis
1190 2132 1316 2172 cum
1345 2116 1475 2183 vite,
1498 2114 1780 2185 quomodo
1803 2114 1876 2168 dii
1907 2128 2048 2183 quo-

459 2226 567 2281 que
602 2226 702 2267 nos
740 2210 1047 2267 secundum
1091 2218 1347 2265 naturam
1388 2217 1577 2265 nostra
1626 2207 1795 2262 veluti
1824 2204 2048 2276 spoliati

460 2313 658 2357 natura
695 2318 806 2357 non
837 2301 1101 2358 erimus?
1147 2299 1256 2356 Sed
1302 2306 1564 2355 extrema:
1609 2298 1910 2367 impietatis
1964 2302 2050 2351 est

460 2398 536 2452 ita
579 2396 806 2451 sentire.
838 2394 996 2451 Facti
1032 2394 1237 2463 quippe
1280 2408 1381 2447 nos
1408 2405 1638 2447 sumus:
1679 2388 1823 2443 Deus
1856 2403 2051 2445 secun-

460 2488 591 2541 dum
622 2494 875 2540 naturam
900 2492 985 2540 est
1007 2483 1201 2539 Filius.
1226 2482 1294 2536 At
1316 2480 1595 2553 quomodo
1628 2481 1877 2533 futurum
1900 2476 2048 2534 istud

458 2579 583 2633 est?
617 2578 727 2631 Aut
760 2576 1039 2647 quomodo
1061 2592 1250 2631 verum
1281 2582 1367 2630 est
1396 2574 1540 2643 quod
1574 2573 1641 2628 de
1675 2573 1797 2643 ipso
1822 2572 2048 2637 dicitur,

460 2672 509 2727 si
538 2670 788 2741 ejusdem
812 2669 1030 2740 generis
1051 2676 1329 2724 suntcum
1356 2666 1462 2720 vite
1495 2664 1791 2735 palmites?
1812 2662 2051 2719 Necesse

459 2762 609 2817 enim
638 2768 723 2817 est
754 2768 851 2815 aut
894 2775 998 2815 nos
1026 2760 1175 2829 ipsos
1205 2758 1275 2813 ad
1310 2772 1451 2813 vera:
1482 2756 1706 2812 deitatis
1740 2754 1921 2811 efferri
1954 2770 2052 2810 na-

459 2862 669 2915 turam,
707 2860 803 2906 aut
851 2852 1001 2906 illam
1058 2850 1126 2904 ad
1173 2866 1275 2906 nos
1322 2849 1553 2903 deduci:
1610 2847 1857 2917 ejusdem
1900 2848 2047 2903 enim

460 2951 591 2998 sunt
618 2940 837 3012 generis
860 2955 985 2996 cum
1017 2938 1129 2993 vite
1156 2938 1433 3008 palmites.
1467 2937 1717 3005 Cumque
1752 2934 1927 2990 Filius
1966 2934 2052 2988 di-

459 3045 588 3087 cat:
633 3050 652 3085 t
712 3032 826 3102 Ego
853 3039 907 3085 et
933 3030 1097 3085 Pater
1121 3046 1291 3084 unum
1329 3045 1524 3084 sumus
1556 3030 1624 3096 ’9,
1663 3047 1681 3079 ι
1733 3029 1897 3083 etiam
1949 3042 2049 3082 nos

461 3124 569 3194 ipsi
611 3138 719 3177 una
754 3124 1053 3179 evehemur
1086 3122 1153 3175 ad
1188 3120 1561 3176 omnimodam
1599 3135 1726 3175 cum
1778 3119 1943 3174 Patre
1976 3119 2049 3174 si-

462 3217 853 3283 militudinem,
883 3225 977 3269 aut
1013 3215 1132 3285 ipse
1159 3214 1321 3280 Pater
1350 3213 1418 3267 ad
1450 3222 1698 3267 nostram
1736 3210 2053 3267 similitudi~

461 3322 587 3362 nem
635 3305 969 3362 detrudetur
1015 3320 1123 3359 una
1171 3319 1296 3360 cum
1330 3304 1491 3369 Filio,
1526 3304 1620 3375 qui
1668 3303 1914 3374 ejusdem
1949 3318 2052 3357 no-

461 3395 678 3451 biscum
713 3404 794 3451 est
825 3395 1063 3467 generis.
1102 3392 1296 3449 Videte
1326 3409 1457 3464 ergo
1485 3403 1692 3463 quanta
1729 3392 1861 3447 hinc
1902 3392 2053 3447 blas-

462 3486 807 3557 pbemiarum
864 3485 1027 3540 turba
1062 3500 1120 3541 se
1141 3484 1360 3556 prodat.
1394 3484 1664 3549 Quocirca
1688 3483 1935 3537 rationes
1963 3496 2052 3537 se-

462 3594 697 3649 quemur
736 3578 942 3649 potius,
993 3576 1284 3633 credentes
1333 3575 1534 3630 Filium
1580 3591 1679 3646 per
1707 3575 1931 3628 modum
1968 3574 2047 3629 si-

462 3670 794 3726 militudinis
819 3679 876 3726 et
903 3670 1143 3741 exempli
1164 3670 1351 3725 dicere
1380 3689 1393 3724 :
1430 3686 1450 3720 ι
1480 3670 1595 3739 Ego
1622 3683 1745 3743 sum
1779 3667 1926 3729 vitis.
1952 3681 2051 3721 vos

463 3762 740 3831 palmites,
778 3762 943 3819 Pater
970 3779 1127 3819 meus
1157 3763 1397 3834 agricola
1426 3770 1531 3817 est.
1576 3780 1595 3814 ι

2147 1836 2385 1907 θρωπος,
2421 1840 2455 1909 ἡ
2486 1838 2543 1891 δὲ
2578 1838 2752 1903 ξύλον·
2782 1838 2956 1902 οὕτως
2986 1840 3021 1909 ὴ
3060 1840 3325 1910 ἄμπελος,
3364 1840 3539 1911 ὀρθῶς
3557 1858 3618 1894 τε
3645 1842 3745 1894 καὶ

2145 1927 2383 1997 ἀληθῶς,
2412 1928 2662 1999 όμοφυὴς
2695 1928 2761 1983 ἂν
2786 1933 2976 1995 νοοῖτο,
3005 1930 3140 2000 πρὸς
3196 1930 3264 1983 τά
3296 1930 3405 1984 ίδια
3440 1930 3741 2001 κλήματα;

2160 2016 2299 2070 Ἀλλ’
2331 2011 2487 2089 οἶμαί
2518 2033 2583 2084 γε
2612 2017 2718 2089 μὴν
2748 2018 2952 2090 μηδένα
2996 2020 3132 2088 πρὸς
3179 2018 3336 2073 τοῦτο
3374 2019 3584 2091 μωρίας
3611 2018 3742 2072 ὲθε-
3844 2068 3847 2073 ,

2146 2111 2307 2182 λῆσαι
2334 2110 2639 2175 κατελθεῖν,
2674 2110 2751 2175 ὡς
2782 2110 3065 2183 ἀρνεῖσθαι
3087 2111 3288 2183 τολμᾷν
3312 2111 3372 2164 τὸ
3399 2111 3542 2165 οὕτω
3564 2128 3742 2166 κατα·-

2148 2202 2333 2274 φανές.
2364 2204 2492 2257 Ὅτε
2515 2204 2697 2257 τοίνυν
2716 2202 2849 2266 Θεὸς
2868 2204 3127 2275 ὑπάρχων
3158 2203 3432 2275 ἀληθινὸς,
3449 2202 3742 2273 όμοούσιός

2148 2297 2264 2349 ἐστι
2284 2293 2364 2365 τῷ
2401 2292 2545 2349 κατὰ
2601 2298 2765 2365 φύσιν
2801 2296 3042 2369 ἀληθινῷ
3094 2295 3235 2367 Θεῷ,
3286 2294 3432 2350 τοῦτ’
3482 2296 3599 2349 ἔστι
3656 2296 3742 2367 τῷ

2149 2386 2344 2459 Πατρὶ,
2372 2387 2469 2442 καὶ
2516 2388 2761 2454 ἄμπελος
2810 2390 2907 2460 μὲν
2952 2388 3091 2453 ἔστι,
3139 2389 3397 2461 κλήματα
3422 2389 3482 2443 δὲ
3528 2390 3740 2459 ἡμεῖς,

2148 2479 2363 2551 όμοφυῆ
2386 2478 2628 2550 δηλονότι
2654 2480 2743 2533 διὰ
2774 2482 2932 2535 τοῦτο
2962 2484 3026 2553 τῇ
3061 2481 3310 2553 ἀμπέλῳ,
3344 2482 3462 2545 πῶς
3481 2482 3602 2551 οὐχὶ
3624 2482 3743 2535 θεοὶ

2150 2570 2293 2624 κατά
2346 2570 2508 2639 φύσιν
2560 2570 2800 2642 ἐσόμεθα
2823 2573 2917 2627 καὶ
2960 2576 3145 2645 ἡμεῖς,
3192 2572 3291 2643 τὴν
3346 2572 3483 2626 ἰδίαν
3542 2572 3741 2642 ὥσπερ

2149 2661 2382 2730 ἀφέντες
2415 2662 2611 2733 φύσιν;
2680 2664 2820 2718 Ἀλλ’
2848 2665 2963 2719 ἔστι
3013 2666 3075 2720 τὸ
3099 2666 3243 2720 οὕτω
3272 2668 3490 2737 φρονεῖν
3510 2666 3621 2720 τῶν
3656 2669 3740 2730 είς

2150 2754 2319 2826 ἀκρον
2342 2756 2662 2821 δυσσεϐείας
2701 2758 2942 2830 ἡκόντων
2995 2760 3202 2814 κακῶν.
3238 2762 3594 2833 Πεποιήμεθα
3625 2763 3740 2834 γὰρ

2151 2849 2332 2917 ἡμεῖς·
2381 2848 2515 2912 Θεὸς
2540 2849 2599 2903 δὲ
2632 2850 2776 2904 κατὰ
2810 2852 2972 2920 φύσιν
3006 2854 3153 2907 ἐστὶν
3191 2856 3219 2907 ό
3257 2854 3403 2916 Υίός.
3446 2852 3582 2910 Εἶτα
3619 2856 3741 2919 πῶς

2153 2940 2305 2994 ἔσται
2332 2940 2488 2994 τοῦτο
2516 2958 2529 3007 ;
2555 2942 2679 3005 Πῶς
2715 2943 2770 2997 δὲ
2801 2944 3002 3015 ἀληθὲς
3028 2947 3114 2999 ἐπ’
3139 2946 3287 3017 αὑτῷ
3324 2947 3387 3000 τὸ
3419 2948 3738 3017 λεγόμενον,

2154 3030 2312 3102 είπερ
2340 3031 2478 3084 εἰσὶν
2506 3032 2721 3103 όμοφυῆ
2743 3036 2806 3104 τῇ
2836 3032 3156 3105 ἀμπέλῳτά
3173 3034 3466 3106 κλήματα;
3496 3037 3742 3107 Ἀνάγκη

2153 3120 2283 3192 γὰρ,
2313 3120 2347 3192 ἢ
2384 3122 2479 3175 καὶ
2517 3124 2668 3194 ἡμᾶς
2714 3124 2909 3187 αὐτοὺς
2941 3126 3023 3188 είς
3058 3125 3157 3195 τὴν
3207 3127 3307 3198 τῆς
3356 3127 3614 3198 θεότητος
3639 3130 3745 3200 τῆς

2150 3211 2387 3282 ἀληθοῦς
2420 3213 2847 3284 ἀνακομίζεσθαι
2897 3214 3079 3284 φύσιν,
3128 3217 3296 3287 ἤγουν
3326 3219 3542 3289 ἐκείνην
3569 3238 3745 3273 κατα-

2151 3302 2467 3367 ϐιϐάζεσθαι
2498 3306 2635 3376 πρὸς
2666 3307 2832 3375 ἡμᾶς’
2860 3308 3071 3379 όμοφυῆ
3122 3307 3230 3381 γάρ
3264 3312 3329 3380 τῇ
3387 3310 3619 3380 ἀμπέλῳ
3666 3312 3741 3366 τά

2151 3395 2423 3465 κλήματα.
2449 3397 2560 3450 Kal.
2585 3398 2815 3470 ἐπείπερ
2845 3399 3089 3468 φαίνεται
3121 3399 3338 3469 λέγωνό
3364 3402 3512 3466 Υἱόςο
3539 3422 3558 3456 t
3594 3402 3742 3471 Ἐγὼ

2152 3487 2247 3540 καὶ
2279 3488 2307 3540 ό
2341 3487 2531 3559 Πατὴρ
2556 3488 2614 3543 ἓν
2636 3489 2827 3555 ἐσμεν,
2854 3508 2873 3543 ι
2914 3490 3009 3544 καὶ
3050 3491 3211 3562 ἡμεῖς
3257 3494 3388 3548 αὐτὸ
3425 3493 3538 3566 [γρ.
3559 3495 3737 3568 αὐτοὶ]

2159 3579 2645 3650 συναναόησόμεθα
2699 3579 2836 3650 πρὸς
2896 3580 3224 3652 ὁμοιότητα,
3286 3584 3387 3654 τὴν
3437 3586 3579 3639 κατά
3627 3587 3740 3639 πᾶν

2156 3668 2337 3723 ὁτιοῦν
2360 3670 2496 3741 πρὸς
2522 3670 2612 3723 τὸν
2659 3670 2903 3743 Πατέρα,
2943 3671 3101 3742 ῆκαὶ
3157 3673 3317 3737 αὐτὸς
3362 3675 3391 3726 ό
3442 3676 3629 3746 Πατὴρ
3657 3679 3740 3732 si:

2158 3762 2433 3833 ἡμετέραν
2464 3762 2724 3833 ὁμοίωσιν
2762 3764 3364 3837 συγκαθελκυσθήσεται
3387 3767 3464 3839 τῷ
3501 3770 3637 3840 Υίῷ,
3659 3769 3739 3840 τῷ

464 3854 605 3925 πρὸς
633 3858 783 3927 ἡμᾶς
807 3857 1053 3927 ὁμοφυεῖ.
1095 3857 1290 3928 Ὁρᾶτε
1316 3856 1381 3927 δὴ
1409 3850 1525 3918 οὖν,
1553 3854 1678 3907 ὅσον
1707 3854 1837 3924 ἡμῖν
1858 3852 2108 3907 ὲντεῦθεν
2133 3854 2457 3925 δυσφημιῶν
2485 3856 2766 3911 ἀνατέλλει
2794 3856 3043 3930 θόρυόος.
3114 3860 3213 3913 Διά
3270 3860 3335 3930 δὴ
3392 3862 3570 3929 τοῦτο,
3623 3865 3735 3932 τοῖς

462 3948 522 4016 ἑξ
555 3948 813 4019 ἀληθείας
842 3949 1041 4019 μᾶλλον
1064 3949 1306 4020 ἑψόμεθα
1353 3950 1655 4019 λογισμοῖς,
1699 3948 1756 3998 ὲν
1788 3945 2186 4018 ὑποδείγματος
2249 3948 2463 4020 τρόπῳ,
2498 3949 2851 4015 πιστεύοντες
2900 3952 2992 4007 τὸν
3055 3951 3185 4005 Υἱδν
3251 3954 3460 4007 εἰπεῖν·
3532 3973 3551 4006 t
3598 3956 3738 4024 Ἐγώ

463 4045 581 4112 εἰμι
610 4044 644 4111 ἡ
675 4041 938 4111 ἄμπελος,
972 4042 1129 4113 ὑμεῖς
1159 4041 1227 4095 τά
1278 4041 1554 4111 κλήματα,
1582 4042 1611 4094 ό
1662 4038 1854 4109 Πατήρ
1888 4056 1992 4110 μου
2022 4040 2050 4091 ὁ
2090 4041 2337 4111 γεωργός
2369 4042 2537 4095 ἐστιν.
2562 4062 2581 4093 ›

538 4133 655 4198 XV,
703 4133 760 4187 2.
818 4134 1039 4188 Omnem
1080 4133 1355 4203 palmitem
1399 4134 1454 4187 in
1505 4150 1587 4186 me
1644 4151 1749 4189 non
1801 4134 2053 4203 ferentem

462 4226 721 4296 fructum,
760 4226 907 4279 tollet
940 4242 1060 4279 eum
1092 4267 1106 4292 ,
1143 4234 1193 4281 et
1224 4241 1432 4279 omnem
1486 4226 1578 4296 qui
1632 4226 1736 4295 [ert
1793 4225 2049 4295 fructum,

460 4317 707 4388 purgabit
736 4332 877 4379 eum,
912 4325 969 4369 ut
997 4317 1235 4386 fructum
1267 4316 1388 4384 plus
1421 4317 1640 4386 a/ferat.

538 4410 746 4465 Aﬂ'eztu
799 4418 854 4463 et
898 4409 1224 4464 habitudine
1259 4416 1483 4464 constat
1533 4418 1727 4465 nostra
1777 4409 2051 4482 congluti-

2226 4133 2358 4189 Πᾶν
2395 4133 2603 4203 κλῆμα
2634 4134 2704 4188 ἐν
2752 4135 2880 4205 ἐμοὶ
2917 4136 3004 4206 μὴ
3059 4137 3247 4207 φέρον
3290 4137 3543 4207 καρπόν,
3586 4138 3737 4207 αἴρει

2150 4226 2317 4289 αὐτὸ,
2352 4227 2451 4281 καὶ
2480 4228 2605 4283 πᾶν
2651 4227 2718 4279 τὸ
2771 4229 3006 4296 καρπὸν
3038 4231 3223 4299 φέρον
3261 4232 3527 4300 καθαίρει
3553 4233 3733 4296 αὐτὸ,

2150 4317 2254 4371 ἵνα
2280 4318 2517 4385 καρπὸν
2548 4318 2805 4373 πλείονα
2824 4319 2998 4388 φέρῃ.

2234 4409 2458 4480 Ἐκτικὴ
2490 4410 2588 4481 μὲν
2620 4410 2777 4480 ἡμῶν
2806 4412 2837 4482 ἡ
2862 4411 3116 4483 κόλλησις
3163 4413 3297 4483 πρὸς
3326 4414 3582 4484 Χριστὸν,
3601 4430 3735 4485 προ-

463 4502 619 4556 natio
643 4516 768 4556 cum
805 4501 1052 4566 Christo,
1080 4515 1203 4571 qua:
1233 4500 1505 4555 claritatis
1534 4501 1641 4555 vim
1664 4518 1731 4556 ex
1762 4502 2049 4572 proposito

2155 4505 2433 4577 αιρετικὴν
2465 4504 2664 4575 ἔχουσα
2714 4505 2814 4575 τῆς
2871 4506 3170 4576 σαφηνείας
3227 4507 3326 4577 τὴν
3355 4506 3605 4576 δύναμιν,
3650 4524 3736 4559 τε-

464 4601 522 4647 et
556 4593 840 4647 voluntate
873 4593 1059 4657 habet,
1092 4592 1189 4648 sed
1217 4606 1337 4646 eam
1367 4591 1639 4648 charitate
1690 4608 1755 4648 ac
1788 4593 1895 4648 fide
1932 4608 2052 4664 per-

466 4685 601 4741 ﬁcit.
637 4683 704 4738 Et
756 4684 894 4741 fides
938 4684 1161 4756 quidem
1210 4684 1421 4739 nostris
1461 4684 1668 4741 animis
1698 4684 1921 4749 insidet,
1953 4700 2054 4753 pu-

464 4791 584 4831 ram
624 4776 828 4833 divina:
850 4776 1191 4849 cognitionis
1220 4777 1475 4847 praebens
1504 4777 2010 4832 manifestationem
2036 4795 2052 4833 :

465 4868 763 4926 cbaritatis
795 4877 981 4924 autem
1025 4870 1168 4925 ratio
1214 4868 1461 4924 mandati
1514 4868 1677 4925 nobis
1710 4870 1779 4924 ab
1808 4884 1875 4924 eo
1911 4884 2054 4939 pra!-

466 4959 660 5029 scripti
718 4960 956 5032 requirit
994 4960 1460 5017 observationem.
1506 4957 1600 5015 Sic
1648 4961 1795 5016 enim
1851 4962 2057 5016 alicubi

2152 4596 2373 4650 λειοῦσα
2396 4596 2451 4649 δὲ
2478 4595 2671 4668 ἀγάπῃ
2701 4597 2796 4650 καὶ
2818 4596 3021 4649 πίστει.
3056 4597 3167 4651 Kal.
3196 4598 3228 4668 ἡ
3267 4597 3367 4668 μὲν
3409 4597 3590 4661 πίστις
3617 4600 3735 4661 ταῖς

2152 4687 2457 4759 ἡμετέραις
2484 4686 2838 4751 είσοικίζεται
2864 4686 3087 4757 ψυχαῖς,
3105 4688 3381 4759 ἀκραιφνῆ
3399 4688 3497 4757 τῆς
3514 4688 3731 4757 θεογνω

2158 4778 2278 4841 σίας
2320 4777 2637 4850 παρέχουσα
2685 4778 2785 4849 τὴν
2841 4778 3095 4848 δήλωσιν.
3146 4779 3207 4832 '0
3256 4778 3313 4831 δὲ
3372 4780 3472 4848 τῆς
3516 4779 3734 4849 ἀγάπης

2156 4868 2377 4940 τρόπος,
2408 4868 2508 4938 τῆς
2566 4867 2696 4939 παρ’
2754 4867 2921 4922 αὐτοῦ
2959 4868 3327 4940 διορισθείσης
3362 4871 3492 4940 ἡμῖν
3517 4869 3734 4940 ἐντολῆς

2162 4962 2388 5015 ἀπαιτεῖ
2409 4959 2508 5031 τὴν
2534 4960 2790 5031 τήρησιν.
2841 4958 2999 5013 Οὕτω
3028 4963 3134 5032 γάρ
3172 4978 3276 5015 που
3310 4959 3405 5013 καὶ
3456 4960 3621 5023 αὐτὸς
3646 4960 3733 5013 τὸν

465 5049 633 5103 etiam
666 5049 786 5121 ipse
822 5051 1147 5123 diligentem
1185 5064 1247 5105 se
1272 5050 1598 5114 ostendens,
1629 5052 1853 5107 aiebat:
1886 5070 1906 5103 ι
1962 5051 2043 5117 Qu

2160 5052 2462 5121 ἀγαπῶντα
2501 5051 2717 5115 δεικνὺς
2774 5050 3031 5121 ἔφασκεν·
3096 5071 3115 5103 ι
3164 5051 3222 5105 Ὀ
3254 5050 3485 5120 ἀγαπῶν
3529 5068 3599 5121 με
3640 5051 3734 5115 τὰς

468 5138 652 5209 diligit
703 5156 813 5207 me,
863 5143 1123 5197 mandata
1160 5154 1279 5195 mea
1330 5140 1647 5196 servabit‘.
1689 5160 1707 5193 ι
1761 5140 2049 5197 Sciendum

2157 5143 2381 5207 ἐντολάς
2411 5160 2512 5214 μου
2537 5144 2791 5215 τηρήσει.
2823 5162 2841 5194 ι
2887 5142 3084 5197 ’ἰστέον
3104 5139 3196 5198 οὖν
3228 5145 3311 5197 ὅτι
3360 5144 3734 5215 συνενούμενοι

467 5231 675 5300 itaque,
726 5232 856 5288 licet
896 5234 949 5289 ei
995 5235 1132 5290 uniti
1167 5235 1343 5290 simus
1386 5248 1485 5305 per
1518 5232 1700 5298 fidem,
1734 5242 1788 5288 et
1828 5234 1883 5288 in
1914 5234 2049 5288 nuda

2161 5234 2261 5306 μὲν
2300 5234 2389 5288 διά
2435 5236 2673 5297 πίστεως
2717 5233 2887 5304 αὐτῷ,
2931 5234 3027 5287 καὶ
3076 5237 3135 5289 ὲν
3189 5234 3374 5305 ψιλαῖς
3405 5235 3502 5290 καὶ
3548 5235 3736 5306 μόναις

466 5338 535 5377 ac
569 5322 687 5379 sola
731 5324 1090 5383 confessione
1134 5326 1550 5398 conjunctionis
1585 5324 1809 5380 modum
1845 5334 2049 5382 statua-

2155 5326 2468 5396 ὁμολογίαις
2524 5326 2586 5378 τὸ
2638 5325 2738 5395 τῆς
2802 5324 3108 5397 κολλὴσεως
3180 5322 3321 5391 εἶδος
3387 5325 3734 5397 ἐπιτηδεύον-

470 5429 619 5479 mus,
648 5429 829 5485 neque
855 5432 986 5473 vero
1026 5419 1190 5475 bonis
1226 5421 1518 5477 charitatis
1568 5420 1886 5476 actionibus
1931 5435 2049 5475 con-

2155 5436 2245 5481 τες
2276 5457 2292 5483 ,
2330 5419 2392 5470 οὺ
2462 5417 2569 5488 μὴν
2614 5417 2709 5470 καὶ
2749 5419 2863 5481 τοῖς
2908 5416 2965 5483 ἐξ
3000 5418 3222 5489 ἀγάπης
3284 5418 3737 5490 ἀνδραγαθήμασι

465 5505 773 5574 junctionis
807 5507 956 5566 illius
984 5511 1267 5569 vinculum
1296 5514 1521 5585 insuper
1546 5513 1910 5584 stringamus,
1939 5514 2049 5583 pal-

2161 5511 2253 5564 τὸν
2310 5509 2413 5579 τῆς
2480 5508 2769 5577 συναφείας
2835 5508 3032 5579 δεσμὸν
3092 5510 3543 5580 ὲπισφίγγοντες,
3610 5510 3734 5581 κλή-

548 5686 593 5715 ντ
636 5684 794 5742 Joan.
831 5703 937 5751 xw,
973 5688 1025 5743 6.

1105 5690 1147 5721 ⁹⁸
1189 5688 1206 5743 1
1243 5689 1397 5745 luan.
1434 5708 1492 5757 v,
1524 5691 1616 5745 20.
1694 5694 1736 5723 99
1779 5690 1937 5749 Joan.
1976 5707 2040 5754 κ,
2082 5689 2171 5744 50.
2256 5691 2268 5721 ¹
2310 5686 2464 5743 Joau.
2503 5704 2612 5752 xiv,
2649 5689 2740 5744 2'5.
