3892 6202
123 308 231 367 349

134 535 153 563 ι
194 514 324 584 Λίχα
387 513 496 585 γάρ
551 513 730 585 ἔργων
778 515 811 585 ἡ
867 514 1051 577 πίστις
1094 515 1266 585 νεκρά
1320 515 1467 581 ἐστι,
1513 532 1531 565 ι
1563 514 1706 567 κατά

125 607 225 679 τήν
286 606 380 662 τοῦ
427 609 584 677 ἁγίου
621 608 828 679 φωνήν.
864 606 927 660 Εἰ
983 608 1165 661 τοίνυν
1226 607 1337 677 ἄρα
1396 606 1537 661 κατά
1593 604 1712 659 τοῦ-

126 721 215 756 τον
244 702 335 754 τδν
356 702 554 773 τρόπον
582 701 754 773 ὁρῷτό
776 719 832 755 τε
868 700 963 755 καὶ
1006 701 1241 772 ὑπάρχοι
1267 700 1474 771 κλῆμα,
1509 701 1707 771 μάτην,

126 797 201 858 ὡς
227 794 357 857 ἔπος
387 796 579 859 εἰπεῖν,
610 795 720 847 τῶν
740 795 838 863 τῆς
866 793 1112 864 ἀμπέλου
1141 792 1406 864 πελεχῶν
1445 794 1711 861 ἐκκεκρε-

132 885 450 957 μασμένων,
476 886 608 939 ἴστω
638 885 702 956 δὴ
724 885 940 949 πάντως
963 888 1028 956 τῇ
1057 883 1151 938 τοῦ
1187 884 1435 955 γεωργοῦ
1466 884 1712 958 δρεπάνῃ

131 976 603 1049 περιτευξόμενον.
656 978 949 1047 Ἀποτεμεῖ
994 977 1103 1048 γάρ
1150 976 1368 1040 πάντως
1420 976 1587 1040 αὐτὸ,
1616 974 1712 1028 καὶ

132 1067 385 1137 καθάπερ
433 1068 641 1119 εἰκαῖον
694 1065 960 1135 συρφετὸν
1018 1065 1153 1137 πυρὶ
1207 1064 1470 1135 νέμεσθαι
1527 1064 1708 1121 δώσει.

132 1157 301 1211 Τοῦτο
333 1158 443 1228 γὰρ
478 1157 586 1210 τῶν
612 1157 878 1227 ἀκάρπων
913 1157 975 1210 τὸ
1004 1159 1178 1230 κρῖμα
1198 1198 1212 1223 ,
1238 1157 1511 1232 καθάπερ,
1534 1153 1710 1229 οἶμαι,

132 1254 226 1304 καὶ
250 1253 343 1305 ἐπὶ
372 1251 471 1321 τῆς
518 1250 593 1313 ὡς
620 1252 678 1304 ἐν
715 1249 846 1304 εἴδει
894 1252 1209 1323 παραϐολῆς
1252 1252 1713 1324 παραληφθείσης

134 1346 327 1414 auxi;
361 1342 436 1413 τῷ
458 1343 787 1414 γηπονοῦντί
822 1361 985 1415 φησιν
1018 1344 1161 1398 ὁτοῦ
1196 1344 1397 1417 χωρίου
1424 1345 1709 1417 δεσπότης·

138 1457 156 1487 ι
192 1435 465 1505 Ἐκκοψον
502 1435 693 1506 αὐτὴν,
725 1435 812 1488 ἵνα
856 1436 909 1489 τί
949 1436 1043 1489 καὶ
1068 1436 1168 1508 τὴν
1215 1438 1319 1507 γῆν
1349 1440 1652 1507 καταργεί;
1688 1456 1708 1490 ι

134 1526 293 1580 υῦτω
314 1527 548 1581 κάνθάδε
568 1525 775 1598 νομίζω
798 1527 891 1580 τὸν
918 1528 1171 1582 ἀπάντων
1193 1528 1325 1583 Θεὸν
1350 1529 1444 1583 καλ⁸
1472 1528 1712 1601 Πατέρα,

132 1619 225 1671 τὸν
281 1620 501 1686 στεγνόν
533 1635 592 1671 τε
634 1619 727 1672 καὶ
764 1620 955 1688 ἄγονον
991 1620 1100 1674 τῶν
1125 1621 1421 1692 κλημάτων
1459 1620 1716 1692 ὰποθερί-

134 1710 249 1774 ζειν
282 1710 459 1779 ὄχλον,
490 1711 576 1763 ἐπ’
600 1710 776 1764 οὐδενὶ
804 1711 912 1764 τῶν
939 1711 1225 1783 χρησίμων
1257 1712 1354 1782 τῆς
1380 1711 1578 1783 νοητῆς
1608 1712 1715 1783 ἀμ-

133 1766 778 1873 πέλουηπαριηρτημένον.
815 1766 987 1874 οῖμέί
1001 1766 1059 1857 δέ
1092 1766 1224 1873 ἐγὼ,
1380 1766 1489 1857 τῶν
1510 1766 1718 1876 ημετιέ-
1750 1766 1793 1826 Β

138 1912 249 1965 ρων
264 1894 452 1965 ψυχῶν
474 1895 988 1967 ἐπιμελητὴν,τοῦτ’
1014 1896 1129 1950 ἐστι
1157 1897 1310 1962 Θεὸν,
1340 1895 1601 1962 ἐπιδείξαι
1638 1895 1724 1949 θέ-

134 1985 249 2039 λειν
295 1987 384 2040 διὰ
414 1989 516 2058 τῆς
551 1989 609 2041 ἐν
657 1988 869 2052 τούτοις
915 1989 1269 2060 παραϐολῆς,
1302 1989 1488 2042 ὁποῖόν
1536 2005 1596 2041 τε
1629 1988 1723 2041 καὶ

135 2079 262 2132 ὅσον
298 2079 559 2149 ὑπομένει
587 2079 647 2133 τὸ
676 2080 921 2152 βλάϐοςή
955 2082 1051 2151 τῆς
1077 2082 1211 2150 πρὸς
1249 2083 1411 2137 αὐτὸν
1441 2082 1723 2146 κοινωνίας

136 2169 523 2239 ἀποτμηθεῖσα
576 2172 746 2245 ψυχή.
793 2174 935 2242 Πρὸς
977 2174 1039 2228 τὸ
1087 2175 1252 2245 μηδὲν
1294 2176 1402 2247 γάρ
1446 2177 1725 2248 οἰχήσεται

138 2262 233 2314 καὶ
269 2260 544 2333 ἄχρηστος
569 2263 723 2318 ἔσται
758 2266 895 2337 πρὸς
920 2269 1101 2321 πᾶσαν
1126 2268 1188 2335 ἀγ
1200 2268 1513 2340 αθουργίαν,
1545 2271 1724 2339 ἀναμ-

138 2353 381 2422 φιϐόλως
416 2371 482 2423 γε
533 2356 641 2426 μὴν
675 2357 895 2411 κολάσει
928 2358 1387 2430 παραδοθήσεται,
1428 2360 1522 2413 καὶ
1551 2359 1727 2430 πυρὸς

137 2444 291 2497 ἔσται
314 2443 410 2498 τοῦ
438 2446 739 2516 παμφάγου
778 2449 973 2520 τροφή.
1008 2449 1119 2502 Καὶ
1161 2448 1292 2518 γοῦν
1331 2450 1419 2503 διὰ
1451 2450 1546 2504 τοῦ
1590 2467 1729 2521 προ-

139 2538 315 2604 φήτου
350 2537 515 2592 πάλιν
554 2538 811 2611 Ἰεζεχιὴλ
840 2540 970 2594 αὐτὸ
999 2540 1062 2611 δὴ
1109 2540 1289 2603 τοῦτο,
1321 2541 1414 2595 καὶ
1447 2541 1591 2612 μάλα
1626 2559 1727 2598 σα·-

140 2629 261 2697 φῶς
315 2629 688 2701 διερμηνεύων
728 2630 915 2701 ἔλεγεν
949 2650 961 2661 ·
996 2651 1015 2684 ι
1055 2633 1152 2686 Υἱὲ
1208 2633 1496 2703 ἀνθρώπου
1520 2676 1535 2700 ,
1564 2635 1618 2687 τί
1662 2634 1730 2689 ἂν

143 2722 359 2790 γένοιτο
405 2723 466 2775 τὸ
498 2722 651 2788 ξύλον
684 2724 785 2795 τῆς
809 2725 1057 2795 ἀμπέλου
1089 2727 1152 2779 ἐκ
1185 2726 1403 2779 πάντων
1431 2724 1538 2778 τῶν
1559 2725 1732 2793 ξύλων

144 2814 256 2867 τῶν
293 2815 462 2869 ὄντων
498 2817 690 2880 ἐντοῖς
731 2816 907 2881 ξύλοις
935 2817 1031 2871 τοῦ
1069 2816 1317 2889 δρυμοῦ;
1354 2818 1444 2889 Μὴ
1473 2817 1732 2889 λήψονται

145 2906 205 2974 ἐξ
240 2907 409 2962 αὐτοῦ
436 2907 589 2973 ξύλον
616 2908 711 2963 τοῦ
744 2910 967 2980 ποιῆσαι
994 2912 1073 2975 είς
1104 2910 1367 2983 ἐργασίαν
1392 2928 1406 2977 ;
1430 2909 1463 2981 ἢ
1487 2909 1582 2964 τοῦ
1613 2926 1737 2979 κρε-

149 3000 323 3069 μάσαι
357 3001 415 3053 ἐν
448 3001 596 3072 αὐτῷ
632 3002 742 3055 πᾶν
772 3001 1001 3066 σκεῦος;
1037 3003 1148 3075 Τὴν
1176 3001 1297 3057 κατ’
1329 3001 1573 3056 ἐνιαυτὸν
1604 3000 1735 3055 κάθ-

146 3108 309 3189 αρσιν
338 3092 508 3189 αὐτῆς
531 3094 813 3189 ἀναλίσκει
841 3095 903 3147 τὸ
929 3094 1060 3165 πῦρ,
1075 3095 1167 3147 καὶ
1186 3093 1428 3149 ἐκλείπει
1457 3094 1536 3156 είς
1557 3094 1729 3158 τέλος,
1759 3130 1802 3189 C

150 3183 228 3254 μὴ
259 3184 529 3256 χρήσιμον
556 3185 709 3240 ἔσται
738 3189 820 3251 είς
862 3186 1125 3259 ἐργασίαν
1154 3204 1170 3253 ;
1204 3206 1221 3238 ι
1266 3186 1433 3251 Σύνες
1457 3185 1521 3257 δὴ
1558 3181 1651 3240 οῦν
1673 3186 1735 3239 τὸ

148 3275 298 3340 ἅπαξ
348 3277 669 3349 ἀποτμηθὲν
696 3318 712 3343 ,
745 3280 839 3333 καὶ
894 3279 1209 3351 ὁλοκλήρως
1264 3278 1693 3350 ἀπεσπασμένον
1719 3318 1735 3343 ,

148 3369 428 3441 ἄχρηστον
477 3370 576 3441 μὲν
604 3371 887 3436 παντελῶς
930 3372 1026 3426 καὶ
1057 3372 1138 3436 είς
1172 3370 1327 3425 οὐδέν
1352 3372 1473 3426 ἐστι
1500 3370 1611 3425 τῶν
1640 3371 1737 3425 ἀν-

150 3463 864 3545 αγκαίωνιπαραληφθῆναι
916 3464 1236 3535 δυνάμενον,
1292 3464 1439 3534 μόνῳ
1490 3463 1548 3518 δέ
1597 3464 1743 3535 τάχα

152 3551 492 3624 χρησιμεῦον
521 3553 677 3625 πυρί.
712 3549 840 3626 ’Ἆρ’
876 3551 970 3611 οὖν
995 3556 1056 3608 οὐ
1112 3554 1379 3626 πρόδηλον
1405 3593 1420 3619 9
1450 3555 1526 3618 ὡς
1564 3556 1612 3608 εἶ
1648 3555 1743 3609 καὶ

155 3646 344 3716 κλῆμα
376 3645 689 3717 γενοίμεθα,
729 3649 828 3718 τῆς
860 3647 959 3717 μὲν
987 3647 1252 3701 πολυθέου
1277 3646 1488 3717 πλάνης
1511 3645 1743 3711 ἐξεσπα-

157 3738 368 3808 σμένοι,
386 3738 823 3811 ὁμολογήσαντες
847 3739 903 3793 δέ
928 3738 1025 3810 τὴν
1048 3738 1232 3794 πίστιν
1260 3738 1357 3811 τὴν
1379 3741 1458 3803 εἰς
1484 3738 1742 3810 Χριστὸν,

156 3830 359 3902 ἔρημοι
394 3830 449 3884 δὲ
477 3830 566 3885 διὰ
597 3833 697 3903 τῆς
736 3830 846 3886 τῶν
871 3830 1049 3903 ἔργων
1091 3831 1402 3902 κολλήσεως
1427 3830 1743 3902 γενοίμεθα,

157 3924 381 3986 πάντως
407 3923 580 3994 δήπου
619 3922 687 3977 τὰ
718 3923 827 3977 τῶν
866 3924 1087 3978 είκαίων
1111 3924 1407 3995 κλημάτων
1440 3924 1746 3996 ὑποστησό-

160 4017 337 4088 μεθα;
384 4017 498 4069 Καὶ
538 4015 592 4069 τί
624 4017 685 4070 τὸ
728 4016 957 4081 λοιπόν;
1004 4016 1451 4088 Ἀποτεμνόμεθα
1484 4016 1593 4088 γὰρ
1632 4017 1750 4070 ὁλο-

160 4111 400 4181 κλήρως,
437 4109 778 4180 δοθησόμεθα
824 4108 933 4180 γὰρ
969 4110 1065 4163 καὶ
1105 4111 1240 4179 πυρὶ
1288 4110 1385 4163 καὶ
1428 4110 1494 4179 ἢν
1530 4108 1749 4181 εἴχομέν

158 4218 296 4253 ποτε
351 4200 503 4271 παρὰ
549 4201 649 4271 τῆς
697 4201 947 4271 ἀμπέλου
998 4200 1267 4266 ζωοποιδν
1329 4201 1569 4271 ἰκμάδα,
1602 4201 1750 4255 τοῦτ’

160 4292 299 4355 ἔστι,
332 4290 394 4344 τὸ
424 4290 652 4362 Πνεῦμα
683 4290 1209 4364 προσαποόαλόντες.
1248 4291 1314 4343 Ὅ
1337 4289 1447 4360 γὰρ
1482 4289 1587 4360 ἔφη
1617 4290 1753 4361 Χρι-

163 4386 311 4450 στὸς,
350 4384 444 4438 ἐπὶ
485 4382 582 4437 τοῦ
625 4381 686 4436 τὸ
735 4381 1001 4437 τάλαντον
1032 4379 1472 4451 καταχώσαντος,
1498 4378 1658 4434 τοῦτο
1685 4380 1751 4452 δὴ

1194 304 1263 360 ΙΝ
1290 304 1581 363 JOANNIS
1614 299 2063 359 EVANGELIUM
2098 299 2226 356 LIB.
2261 297 2331 354 Χ.

127 425 281 493 para"
338 419 435 491 μὲν
481 417 719 490 ἐσόμεθα
752 459 767 484 ,
824 416 994 491 νεκρά
1042 418 1099 473 δὲ
1153 418 1303 490 ὅμως
1343 420 1437 475 καὶ
1463 420 1706 489 ἄκαρπα.

1834 416 1976 471 nites
2010 414 2230 484 quidem
2265 427 2369 468 nos
2399 409 2537 476 fore,
2582 409 2678 465 sed
2711 412 2959 464 mortuos
2990 414 3197 473 tamen,
3218 420 3282 461 ac
3313 407 3401 462 in-
3514 386 3517 387 ν

3289 293 3397 349 350

1812 506 2150 563 fructuosos.
2174 505 2308 560 Nam
2336 525 2354 557 ι
2385 505 2522 560 lides
2545 505 2666 558 sine
2697 502 2965 572 operibus
2997 507 3215 554 mortua
3241 508 3346 563 est,
3374 519 3395 552 ›

1809 598 1975 670 867
2004 599 2159 669 juxta
2198 599 2346 654 illius
2374 598 2547 653 saneti
2575 612 2762 652 vocem
2784 598 2826 647 ².
2850 593 2909 649 Si
2931 594 3055 665 quis
3086 607 3215 662 ergo
3236 592 3401 647 istius

1810 690 1959 745 modi
2002 701 2261 746 cernatur
2306 699 2362 745 et
2388 692 2457 745 sit
2486 690 2723 761 palmes,
2751 687 2984 750 frustra,
3011 694 3072 739 ut
3096 698 3209 738 uno
3229 685 3402 738 verbo

1812 782 2019 847 dicam,
2040 782 2343 837 sarmentis
2371 798 2401 837 e
2426 782 2535 836 vite
2554 780 2944 853 pendentibus,
2962 778 3102 833 sciat
3131 777 3319 847 utique
3345 776 3401 829 in

1810 874 2067 929 vinitoris
2110 873 2305 929 falcem
2347 890 2407 929 se
2462 875 2846 929 incursurum.
2894 870 3217 941 Amputabit
3252 868 3398 923 enim

1814 967 2017 1037 ipsum,
2041 984 2106 1023 ac
2136 968 2285 1023 velut
2320 967 2537 1022 inanem
2567 967 2775 1036 paleam
2818 966 2871 1018 in
2909 965 3087 1035 ignem
3123 960 3398 1033 projiciet.

1814 1057 1933 1115 Hoc
1954 1062 2101 1115 enim
2126 1069 2211 1117 est
2237 1061 2508 1117 sterilium
2529 1069 2583 1115 et
2608 1058 3077 1113 infructuosorum
3100 1054 3399 1126 judicium,

1812 1154 2276 1224 quemadmodum
2309 1162 2363 1209 et
2396 1153 2464 1209 de
2502 1152 2609 1207 ficu
2638 1151 2914 1224 parabolae
2955 1151 3076 1204 loco
3116 1154 3401 1215 assumpta

1815 1244 1932 1314 agri
1957 1244 2218 1301 dominus
2241 1245 2439 1300 colono
2473 1244 2587 1298 ait:
2640 1261 2659 1294 ι
2701 1241 2940 1296 Succide
2994 1239 3164 1300 illam,
3199 1236 3396 1306 utquid

1814 1334 1977 1389 etiam
2012 1342 2216 1389 terram
2241 1346 2472 1405 occupat
2492 1333 2514 1365 ³
2534 1334 2585 1387 ⁸2»
2619 1333 2693 1388 ita
2724 1341 2779 1387 et
2812 1331 2900 1385 hic
2928 1329 3126 1399 opinor
3156 1326 3400 1381 universi

1815 1425 1986 1481 Deum
2018 1443 2081 1482 ac
2124 1426 2344 1481 Patrem
2392 1425 2633 1482 sterilem
2668 1430 2726 1478 et
2759 1421 3162 1475 infructuosam
3210 1416 3404 1486 palmi—

1814 1528 1930 1575 tum
1964 1537 2031 1576 ex
2064 1521 2423 1575 intellectuali
2454 1520 2562 1573 vite
2591 1516 2793 1571 frustra
2832 1512 3156 1585 pendentem
3186 1508 3402 1563 turbam

1817 1613 2114 1667 demetere.
2154 1610 2422 1665 Existimo
2462 1617 2646 1662 autem
2689 1620 2791 1675 ego
2828 1611 3144 1658 nostrarum
3190 1598 3405 1652 anima-

1820 1720 1945 1759 rum
1982 1710 2327 1768 curatorem,
2365 1701 2471 1755 hoc
2503 1706 2587 1755 est
2630 1696 2823 1761 Deum,
2858 1709 2953 1766 per
2985 1693 3085 1747 has
3111 1690 3406 1761 parabolas

1823 1796 2117 1852 ostendere
2158 1794 2301 1849 velle
2334 1792 2553 1863 qualem
2583 1796 2640 1844 et
2670 1796 2931 1859 quantam
2972 1784 3249 1854 jacturam
3283 1795 3410 1850 pas-

1823 1902 1954 1944 sura
1984 1887 2057 1941 sit
2085 1885 2270 1941 anima
2305 1885 2376 1939 ab
2404 1883 2523 1953 ejus
2563 1882 2844 1937 consortio
2888 1884 3126 1932 resecta.
3164 1873 3222 1928 ln
3263 1872 3409 1927 nihi-

1823 1980 1936 2035 lum
1966 1979 2168 2049 quippe
2196 1977 2428 2042 recidet,
2471 1983 2525 2030 et
2552 1974 2618 2029 ad
2653 1987 2873 2027 omnem
2904 1970 3176 2023 actionem
3204 1967 3407 2021 bonam

1823 2070 1931 2127 erit
1972 2070 2223 2135 inutilis,
2275 2068 2523 2138 adeoque
2582 2066 2719 2121 citra
2784 2062 3184 2118 dubitationem
3240 2056 3407 2111 ullam

1826 2164 2099 2233 supplicio
2128 2161 2401 2224 tradetur,
2428 2166 2640 2214 aeterno
2669 2158 2796 2228 igne
2825 2151 3225 2211 consumenda.
3252 2147 3409 2203 Unde

1826 2272 1924 2327 per
1950 2254 2286 2309 Ezechielem
2311 2250 2632 2321 prophetam
2667 2247 2905 2316 idipsum
2935 2244 3083 2298 clare
3114 2238 3408 2295 admodum

1826 2345 2109 2416 explicans
2149 2343 2328 2398 aiebat
2359 2361 2371 2397 :
2414 2361 2431 2391 ι
2465 2339 2567 2394 Fili
2592 2336 2855 2399 hominis,
2891 2332 3024 2405 quid
3056 2333 3145 2387 ﬁet
3171 2329 3238 2385 de
3263 2330 3412 2399 ligno

1826 2437 1958 2493 vitis
2013 2451 2084 2491 ex
2141 2434 2398 2490 omnibus
2440 2430 2610 2501 lignis
2660 2436 3071 2485 sarmentorum
3122 2438 3243 2493 qua;
3284 2426 3413 2475 sunt

1829 2529 1972 2583 inter
2008 2526 2154 2598 ligna
2198 2524 2391 2581 silvae?
2450 2522 2507 2577 Si
2565 2521 2759 2575 tollent
2812 2519 2881 2574 de
2942 2517 3035 2571 illa
3086 2515 3294 2584 lignum
3344 2510 3413 2565 ad

1830 2620 2145 2676 faciendum
2188 2618 2245 2672 in
2280 2614 2533 2688 opus?si
2585 2613 2781 2668 tollent
2814 2613 2884 2666 de
2937 2624 2999 2664 ea
3048 2605 3308 2678 paxillum
3346 2600 3415 2655 ad

1831 2708 2284 2783 suspendendum
2319 2722 2487 2777 super
2519 2720 2644 2761 eum
2678 2702 3051 2774 quodcunque
3084 2695 3229 2752 vas?
3274 2693 3418 2747 Ecce

1832 2806 1944 2876 igni
1979 2803 2167 2859 datum
2202 2809 2309 2864 est,
2345 2814 2587 2855 annuam
2616 2795 3000 2868 purgationem
3032 2807 3099 2846 ex
3121 2804 3185 2845 ea
3218 2802 3420 2841 consu-

1832 2898 1933 2953 mit
1962 2896 2127 2967 ignis,
2158 2902 2213 2950 et
2239 2893 2470 2948 dimittit
2515 2891 2568 2946 in
2602 2890 2764 2945 finem
2795 2905 2810 2943 :
2858 2882 3108 2955 nunquid
3148 2881 3282 2936 utile
3309 2879 3416 2934 erit

1837 2990 1904 3044 ad
1938 3004 2079 3059 opus
2105 2987 2170 3041 "?
2210 3006 2228 3039 ι
2256 2983 2645 3039 Animadverte
2670 2981 2838 3052 igitur
2868 2992 2977 3049 quo
3004 2982 3162 3047 pacto
3197 2971 3249 3027 id
3275 2969 3421 3040 quod

1838 3080 2006 3137 semei
2032 3079 2269 3134 recisum
2309 3084 2419 3141 est,
2454 3090 2517 3130 ac
2544 3073 2766 3145 penitus
2812 3070 3086 3132 avulsum,
3124 3063 3317 3119 inutile
3349 3062 3424 3117 sit

1838 3192 2087 3250 prorsus,
2118 3189 2221 3229 nec
2248 3172 2317 3227 ad
2343 3171 2509 3225 ullam
2542 3183 2655 3222 rem
2690 3165 2899 3220 utiliter
2945 3159 3191 3216 adhiberi
3224 3154 3420 3228 possit,

1839 3245 1937 3325 sed
1968 3268 2079 3339 igni
2116 3265 2383 3321 duntaxat
2410 3259 2699 3315 inserviat.
2727 3252 3003 3324 Numquid
3034 3264 3164 3320 ergo
3193 3245 3425 3302 manife.

1840 3369 1988 3419 stum
2022 3367 2128 3425 est,
2158 3356 2380 3412 tametsi
2411 3352 2668 3424 palmites
2717 3350 2894 3406 simus
2925 3362 2956 3400 a
3003 3343 3142 3399 falso
3195 3340 3423 3395 deorum

1840 3455 1993 3513 cultu
2027 3450 2223 3513 avulsi,
2282 3457 2337 3503 et
2368 3445 2528 3500 [idem
2573 3444 2630 3498 in
2678 3440 2966 3501 Christum
3013 3431 3279 3492 confessi,
3315 3428 3425 3483 nisi

1843 3554 2025 3600 tamen
2056 3540 2314 3613 operibus
2336 3536 2387 3593 ei
2422 3532 2708 3606 conjuncti
2742 3529 3034 3591 fuerimus,
3080 3524 3224 3580 idem
3262 3518 3427 3576 nobis

1842 3636 1991 3710 quod
2040 3632 2329 3690 inutilibus
2386 3626 2712 3701 palmitibus
2761 3630 3123 3679 eventurum,
3180 3613 3429 3681 adeoque

1844 3747 1949 3787 nos
1986 3728 2233 3785 excisum
2279 3724 2348 3778 iri
2378 3721 2625 3794 penitus,
2662 3715 2773 3787 igni
2809 3710 3130 3772 tradendos,
3172 3723 3238 3761 eo
3265 3718 3428 3774 quem

1847 3822 1977 3877 olim
2006 3835 2036 3874 a
2076 3819 2187 3873 vite
2212 3813 2558 3870 habebamus
2588 3806 2807 3863 vivifico
2831 3804 3086 3865 humore,
3119 3796 3174 3852 id
3202 3803 3288 3852 est
3308 3794 3413 3863 Spi.

1847 3916 1982 3979 ritu,
2015 3912 2242 3980 insuper
2280 3902 2529 3960 amisso?
2563 3897 2722 3967 Quod
2758 3896 2906 3951 enim
2958 3890 3217 3947 Christus
3251 3886 3319 3941 de
3367 3898 3430 3938 eo

1848 3977 1988 4062 dixit
2019 4003 2113 4075 qui
2136 3977 2399 4056 talentum
2432 3992 2709 4050 infoderat
2726 3989 2769 4053 ⁵,
2798 3989 2901 4041 hcc
2934 3983 3127 4052 utique
3147 3977 3430 4047 impletum

1849 4069 2240 4167 videri-potest
2261 4092 2329 4148 de
2359 4090 2427 4146 iis
2456 4086 2551 4157 qui
2582 4082 2806 4157 penitus
2826 4076 3024 4135 resecti
3057 4079 3207 4129 sunt.
3239 4069 3413 4135 Quem

1851 4160 2143 4246 admodum
2174 4183 2322 4241 enim
2356 4181 2425 4235 ab
2457 4180 2553 4234 illo
2589 4175 2859 4230 talentum
2894 4169 3165 4227 aufertur,
3199 4160 3422 4230 sic,opi-

1852 4298 1976 4347 nor,
2001 4287 2057 4337 et
2090 4293 2156 4335 ex
2192 4274 2441 4347 palmite,
2483 4267 2735 4324 humoris
2760 4273 2854 4318 aut
2889 4258 3177 4332 qualitatis
3234 4256 3433 4315 instar,

1856 4374 2120 4447 Spiritus.
2162 4344 2276 4422 (iur
2302 4363 2552 4419 aufertur
2584 4358 2763 4416 vero?
2792 4355 2871 4413 Ne
2925 4368 3033 4408 una
3074 4365 3196 4407 eum
3245 4347 3311 4401 iis
3342 4344 3433 4414 qui

164 4437 441 4549 θεωρήσαι
473 4493 559 4539 τις
577 4476 644 4529 ἂν
676 4473 1051 4546 πληρούμενον
1078 4437 1288 4526 καὶἢέπὶ
1311 4437 1735 4543 τοῖς-όλοκλήρως

1857 4437 1915 4525 in
1972 4466 2154 4537 ignem
2205 4454 2530 4516 detrudendi
2584 4460 2714 4509 sunt
2762 4464 2792 4504 a
2838 4447 3027 4517 judice
3078 4437 3433 4497 condemnari

162 4570 501 4641 ὑπομείνασι
545 4568 645 4638 τὴν
689 4567 992 4637 ἀποτομήν.
1042 4565 1381 4635 ’Δφαιρεῖται
1409 4564 1520 4635 γάρ
1562 4562 1754 4635 ὥσπερ

164 4663 381 4717 ἐκείνου
408 4661 472 4715 τὸ
516 4661 780 4715 τάλαντον
827 4659 943 4730 ἅμα
964 4698 979 4723 ,
1010 4656 1205 4721 οὕτως,
1249 4652 1423 4726 οἶμαι,
1454 4656 1550 4711 καὶ
1572 4658 1636 4710 ἐκ
1658 4655 1753 4710 τοῦ

166 4758 473 4829 κλήματος,
497 4754 571 4816 ὡς
602 4754 662 4807 ἐν
699 4752 923 4823 ἰκμάδος
953 4750 1121 4815 τινὸς,
1141 4745 1259 4822 ἦτοι
1278 4750 1560 4820 ποιότητος
1588 4749 1754 4819 λόγῳ,

167 4850 421 4921 Πνεῦμα.
468 4849 810 4918 Ἀφαιρεϊται
847 4845 903 4898 δὲ
948 4843 1038 4897 διὰ
1076 4843 1237 4896 ποίαν
1281 4841 1497 4906 αἱτίανς
1530 4841 1649 4896 Ἵνα
1681 4840 1756 4911 μὴ

168 4946 285 5007 τοῖς
314 4945 395 5004 είς
411 4941 473 4995 τὸ
494 4940 604 5013 πῦρ
621 4936 1044 5010 κατοιχήσεσθαι
1074 4935 1327 5006 μέλλουσι
1348 4933 1502 5006 παρὰ
1517 4934 1610 4988 τοῦ
1633 4951 1760 5005 κριο

170 5038 268 5091 τοῦ
318 5032 890 5104 συγκαταδικάζεσθαι
917 5031 979 5084 τὸ
1009 5029 1236 5102 Πνεῦμα
1264 5030 1394 5100 δοκῇ
1422 5027 1484 5082 τὸ
1513 5027 1763 5081 δεσποτι-

173 5127 291 5180 κόν.
327 5127 391 5178 El
421 5124 530 5195 γὰρ
556 5126 603 5177 οί
633 5122 741 5176 τῶν
766 5119 1022 5189 ἐπιγείων
1062 5116 1391 5190 κρατοῦντες
1420 5113 1762 5186 πραγμάτων

173 5218 286 5272 τῶν
316 5215 466 5283 ἅπαξ
503 5212 885 5285 τετιμημένων
925 5209 1021 5264 καὶ
1054 5208 1353 5277 βασιλικοῖς
1374 5204 1762 5275 δεδοξασμένον

176 5306 314 5381 [πρ.
356 5301 797 5375 δεδοξασμένων]
845 5316 1109 5372 νευμασιν
1139 5339 1154 5364 ,
1188 5296 1251 5351 οὐ
1309 5293 1664 5364 καθορίζουσί
1708 5311 1762 5346 τι

177 5377 489 5466 προχείρως
507 5433 523 5457 ,
552 5393 686 5447 ἀλλά
716 5393 809 5446 καὶ
849 5389 903 5443 εί
943 5405 1029 5453 τις
1057 5386 1213 5455 ἁλοίη
1251 5385 1435 5455 τυχὸν,
1475 5385 1560 5451 ἐφ’
1589 5377 1671 5447 οἷς
1697 5382 1764 5436 ἂν

176 5487 420 5556 εὐλόγως
467 5483 776 5541 ἀποτιννύοι
833 5482 990 5545 δίκας
1015 5522 1030 5544 ,
1059 5479 1160 5532 οὐκ
1189 5477 1254 5531 ἂν
1281 5475 1439 5529 τοῦτο
1472 5474 1633 5529 πάθοι
1659 5474 1765 5545 πρὸ

178 5583 279 5653 τῆς
308 5580 419 5633 τῶν
450 5578 777 5648 ἀξιωμάτων
813 5572 1088 5644 ἀποϐολῆς
1108 5586 1121 5599 '
1161 5568 1278 5633 πῶς
1305 5568 1405 5621 οὐκ
1445 5568 1761 5635 ἀναγκαῖον,

251 5763 271 5792 ¹
305 5759 424 5815 Jac.
463 5775 531 5821 Il,
569 5758 658 5815 ‘20.
737 5761 755 5789 ³
798 5758 927 5818 Luc.
962 5775 1094 5823 xm,
1133 5759 1182 5813 7.

1849 4531 2105 4614 videatur
2136 4551 2462 4607 Dominicus
2498 4543 2766 4615 Spiritus.
2799 4537 2969 4610 868
2999 4533 3131 4588 Nam
3166 4531 3211 4585 si
3252 4543 3434 4582 rerum

1852 4658 2202 4705 terrenarum
2235 4637 2449 4697 domini
2490 4651 2601 4691 non
2646 4642 2849 4689 temere
2887 4627 3184 4698 quidquam
3234 4622 3289 4674 in
3342 4633 3434 4674 eos

1853 4745 2105 4795 statuunt
2135 4749 2279 4805 quos
2307 4732 2376 4785 ad
2405 4730 2649 4784 honores
2680 4722 2848 4781 semel
2878 4720 3161 4776 evexerint
3187 4732 3253 4771 ac
3284 4715 3435 4778 regio

1855 4838 1992 4889 nutu
2023 4827 2297 4888 ornarint,
2330 4821 2425 4878 sed
2459 4819 2505 4875 si
2534 4817 2663 4890 quis
2696 4828 2888 4870 eorum
2920 4810 3110 4865 forsan
3145 4811 3433 4879 perpetra-

1855 4924 1936 4980 rit
1964 4919 2116 4977 unde
2172 4917 2301 4986 jure
2329 4925 2523 4984 pmnas
2574 4910 2713 4971 luat,
2749 4920 2861 4960 non
2929 4911 3057 4956 ante
3092 4899 3138 4954 ei
3182 4899 3431 4967 irrogan-

1858 5022 1951 5068 tur
1982 5023 2150 5081 quam
2172 5001 2483 5061 honoribus
2514 5007 2571 5055 et
2602 4993 2975 5069 dignitatibus
3006 4989 3226 5047 amissis
3252 5007 3266 5040 :
3298 5002 3429 5055 quo-

1858 5075 2027 5161 modo
2061 5113 2292 5158 necesse
2325 5110 2438 5151 non
2476 5099 2564 5149 est
2594 5088 2661 5145 'ut
2697 5088 2882 5144 anima
2915 5099 3044 5156 quae
3084 5078 3309 5150 superni
3340 5075 3431 5130 Ju-

1858 5196 2000 5253 dieis
2048 5190 2322 5250 sententia
2380 5183 2449 5241 ad
2509 5180 2844 5253 supplicium
2897 5172 3263 5232 condemnata
3311 5174 3437 5229 est,

1860 5471 1938 5525 ait
1983 5468 2401 5523 infructuosum
2434 5460 2718 5533 palmitem
2747 5494 2763 5520 ,
2798 5459 2952 5509 recte
2996 5447 3292 5504 admodum
3341 5461 3438 5499 no-

1862 5572 2010 5619 stras
2036 5569 2249 5617 mentes
2266 5555 2624 5618 conﬁrmans,
2657 5556 2718 5606 ut
2751 5546 2806 5603 iu
2829 5541 3124 5601 dilectione
3153 5540 3273 5612 ejus
3312 5553 3439 5594 ocr-

1298 5758 1315 5787 δ
1350 5753 1545 5811 Ezcclt.
1585 5763 1675 5814 xv,
1703 5744 1823 5800 2-4.
1900 5744 1918 5775 ⁵
1962 5743 2159 5799 Matth.
2198 5756 2336 5803 xxv,
2372 5735 2460 5789 18.
