3868 6200
482 220 577 268 3M

1506 223 1565 283 S.
1588 226 1868 284 CYRILLI
1895 229 2374 309 ALEXANDBINI
2406 240 2724 297 ARCIIIEP.

480 339 711 392 stemus,
764 329 985 387 actione
1020 331 1265 400 virtutis,
1326 343 1383 389 et
1445 334 1782 395 inconcussa
1841 341 1897 395 in
1932 357 2058 397 eum

2169 346 2262 417 τὴν
2300 348 2394 401 ἐπὶ
2437 348 2515 419 τῷ
2540 351 2738 422 χρῆναι
2768 352 3096 418 κολάζεσθαι
3132 354 3622 412 καταδικασθείσαν
3649 361 3760 429 ψυ-

482 421 607 476 ﬁde.
634 419 1011 478 Fructiferum
1070 440 1205 480 vero
1234 426 1515 496 palmitem
1546 446 1659 485 non
1689 432 1879 503 utique
1915 434 2060 489 vini-

480 515 622 568 totis
652 529 789 569 cura
818 524 1099 587 expertem
1137 516 1258 576 fore
1288 519 1388 582 ait.
1421 521 1516 576 sed
1549 533 1841 595 purgatum
1877 525 1966 590 iri,
1997 535 2058 581 ut

481 605 774 661 uberiores
830 606 1049 664 fructus
1102 609 1411 680 producere
1457 624 1660 683 queat:
1723 626 2059 687 cooperatur

478 697 623 751 enim
657 696 801 753 Deus
831 699 902 754 iis
930 698 1025 770 qui
1071 709 1225 757 recte
1254 702 1437 758 vivere
1470 718 1537 759 ac
1571 704 1711 761 bene
1766 723 1928 779 agere
1962 726 2060 766 co-

479 800 706 858 nantur,
737 800 793 846 et
830 808 929 863 per
960 808 1123 849 omne
1154 795 1378 865 pietatis
1411 812 1587 868 genus
1625 814 1749 855 eum
1781 802 1889 857 sibi
1932 820 2062 874 pro-

479 881 680 937 mereri
734 884 984 949 student,
1037 884 1217 942 instar
1276 887 1434 944 falcis
1490 890 1778 960 cujusdam
1816 892 2061 965 Spiritus

479 971 862 1030 cﬁicacitatem
893 976 1184 1043 adhibens,
1216 987 1273 1034 ct
1322 980 1487 1036 modo
1530 983 1849 1054 voluptates
1883 986 1937 1040 in
1992 988 2062 1043 iis

478 1066 887 1123 circumcidens
914 1084 1038 1140 qua:
1063 1069 1132 1124 ad
1158 1070 1347 1126 carnis
1374 1086 1615 1129 amorem
1636 1072 1842 1146 jugiter
1872 1076 2064 1147 impel-

478 1164 623 1227 lunt,
650 1163 817 1223 modo
845 1178 1189 1235 quaecunque
1238 1165 1389 1221 novit
1432 1164 1722 1223 hominum
1772 1169 2066 1229 animabus

479 1255 825 1327 contingere,
863 1257 1014 1311 varia
1062 1257 1331 1313 malorum
1366 1258 1555 1329 specie
1604 1267 1840 1317 mentem
1876 1262 2062 1335 inqui-

481 1356 702 1402 natura.
738 1345 890 1402 Hanc
910 1347 1114 1420 quippe
1135 1348 1374 1405 dicimus
1402 1366 1525 1407 esse
1551 1368 1661 1407 non
1688 1354 2064 1411 inanufactam

478 1447 535 1496 et
562 1440 869 1511 spiritalem
901 1440 1050 1495 illam
1076 1442 1588 1505 circumcisionem.
1626 1448 1695 1501 de
1725 1463 1835 1517 qua
1858 1446 2065 1505 Paulus

480 1533 646 1587 modo
676 1531 902 1603 quidem
935 1533 1051 1588 ait:
1090 1551 1109 1585 ι
1149 1531 1272 1589 Non
1312 1535 1460 1590 enim
1490 1539 1587 1608 qui
1640 1537 1698 1593 in
1746 1539 2063 1609 manifesto,

2167 440 2289 509 χὴν,
2323 440 2414 494 διά
2456 442 2641 514 ψήφου
2692 445 2791 515 τῆς
2846 445 3501 521 ἀνωθεν,προαποθέσθαι
3550 453 3761 522 τρόπον

2167 531 2309 597 τινὰ,
2334 533 2429 587 καὶ
2458 536 2936 605 προαποδύσασθαι
2963 540 3061 609 τῆς
3086 539 3194 592 τῶν
3220 540 3405 595 κακῶν
3436 543 3633 615 πείρας
3653 544 3761 616 τὴν

2166 624 2262 677 τοῦ
2301 624 2619 696 Πνεύματος
2673 628 2876 698 χάριν;
2916 630 3208 687 Πείσεσθαι
3242 633 3342 704 μὲν
3373 628 3464 688 οὗν
3516 652 3648 705 φησι
3686 638 3761 689 τὰ

2168 715 2392 769 τοιαῦτα
2415 718 2476 771 τὸ
2507 717 2755 789 ἄκαρπον
2789 719 2993 791 κλῆμα,
3020 722 3203 787 καλῶς
3235 740 3298 792 γε
3324 723 3390 797 δὴ
3420 726 3627 798 σφόδρα
3655 726 3760 790 τὰς

2166 808 2441 879 ἡμετέρας
2477 810 2714 876 διανοίας
2758 813 3226 885 ἀσφαλιζόμενος,
3283 818 3363 881 είς
3412 817 3474 871 τὸ
3526 818 3763 889 ἔχεσθαι

2169 901 2342 969 φιλεῖν
2361 903 2461 973 τῆς
2481 906 2560 968 είς
2578 905 2740 959 αὑτὸν
2755 906 2997 978 ἀγάπης,
3027 907 3117 961 διά
3136 925 3197 962 τε
3216 908 3315 981 τῆς
3338 910 3762 983 κατ’ὲνέργειαν

2169 994 2402 1066 ἀρετῆς,
2432 996 2528 1050 καὶ
2573 997 2675 1076 τῇς
2722 998 2942 1062 ἀσινοῦς
2977 999 3219 1071 δηλονότι
3267 999 3522 1066 πίστεως.
3554 1001 3669 1071 Τῆς
3700 1002 3763 1055 δὲ

2169 1088 2265 1143 τοῦ
2308 1089 2674 1159 γηπονοῦντος
2718 1093 2997 1165 φροντίδος
3038 1093 3143 1148 οὐκ
3192 1092 3484 1166 ἀπείρατον
3534 1093 3761 1147 ἔσεσθαι

2172 1182 2451 1246 παντελῶς
2481 1183 2543 1236 τὸ
2584 1184 2931 1258 καρποφόρον
2980 1184 3169 1257 κλῆμα
3197 1202 3348 1257 φησι·
3390 1185 3765 1256 διακαθαρθή-

2173 1272 2360 1326 σεσθαι
2385 1273 2494 1344 γάρ
2532 1274 2669 1345 πρὸς
2694 1275 2755 1329 τὸ
2788 1277 2880 1329 καὶ
2910 1275 3171 1347 μειζόνως
3193 1275 3447 1330 δύνασθαι
3473 1293 3764 1348 καρποφο-

2174 1366 2288 1436 ρεῖν
2324 1381 2339 1397 ·
2366 1367 2479 1430 τοῖς
2515 1366 2625 1438 γάρ
2669 1367 2806 1433 ὅλως
2844 1368 3045 1441 ἄριστα
3098 1369 3227 1440 μὲν,
3257 1369 3387 1431 καὶ,
3419 1368 3493 1434 ὡς
3528 1369 3595 1423 ἂν
3641 1369 3765 1439 ἔχοι

2172 1459 2353 1522 καλῶς
2376 1457 2567 1530 διαζῆν
2594 1459 2892 1531 ἑλομένοις,
2914 1460 3276 1533 ἀγαθουργεῖν
3305 1461 3363 1515 δὲ
3392 1461 3474 1514 ὅτι
3517 1460 3765 1532 μάλιστα

2172 1546 2268 1599 καὶ
2297 1546 2386 1601 διὰ
2426 1548 2608 1619 πάσης
2651 1551 2787 1604 ἱέναι
2832 1549 3108 1615 πολιτείας
3150 1549 3427 1621 θεοφιλοῦς
3458 1551 3767 1624 ᾑρημένοις

478 1624 706 1684 Iudaeus
732 1634 857 1694 εει,
888 1642 1067 1699 neque
1101 1644 1223 1698 qua:
1258 1627 1315 1683 in
1341 1629 1663 1695 manifesto,
1700 1631 1755 1686 in
1786 1647 1957 1689 carne
1979 1641 2064 1689 est

2175 1639 2567 1711 συνεργάζεται
2618 1642 2771 1709 Θεὸς,
2811 1645 3061 1716 καθάπερ
3110 1645 3218 1698 τινὶ
3261 1644 3502 1717 δρεπάνῃ
3551 1648 3618 1716 τῇ
3659 1643 3764 1699 τοῦ

481 1716 838 1775 circumcisio
863 1738 874 1773 :
911 1718 1007 1774 sed
1043 1720 1137 1790 qui
1168 1718 1223 1774 in
1252 1720 1472 1776 occulto
1497 1719 1722 1778 Judans
1751 1732 1808 1780 et
1828 1724 2064 1780 circum-

2169 1734 2487 1803 Πνεύματος
2540 1736 2792 1807 ἐνεργείᾳ
2848 1711 3130 1808 χρώμενος
3154 1776 3168 1800 ,
3198 1711 3667 1809 καίπεριτέμνων
3699 1739 3764 1791 ὲν

481 1812 626 1869 cisio
649 1811 838 1869 cordis
867 1811 923 1867 in
963 1810 1195 1883 Spiritu,
1229 1828 1341 1868 non
1374 1812 1560 1869 littera
1584 1831 1599 1868 :
1622 1816 1785 1885 cujus
1806 1817 1927 1874 laus
1954 1833 2065 1874 non

478 1921 549 1961 ex
590 1904 928 1971 hominibus,
959 1905 1054 1960 sed
1086 1921 1151 1960 ex
1179 1905 1289 1961 Deo
1313 1915 1398 1962 est
1418 1906 1471 1973 ⁶;
1500 1925 1523 1959 ο
1560 1906 1723 1963 modo
1756 1924 1884 1965 vero
1909 1926 1925 1965 :
1954 1929 1975 1963 ι
2006 1911 2067 1968 In

480 2012 592 2067 quo
644 2006 698 2051 et
735 1997 1024 2053 credentes
1078 1997 1401 2053 circumcisi
1449 1998 1585 2054 estis
1631 2000 2066 2061 circumcisione

480 2106 593 2146 non
630 2090 1013 2146 manufacta'.
1080 2111 1099 2144 ι
1153 2091 1236 2146 Ad
1271 2107 1394 2163 qua:
1441 2095 1487 2148 si
1538 2093 2067 2167 nonnullirespon-

478 2183 648 2239 deant
671 2183 838 2255 quod,
871 2183 918 2239 si
956 2192 1265 2254 purgentur
1300 2185 1578 2256 spiritalis
1606 2187 1738 2244 vitis
1786 2189 2065 2260 palmites,

481 2276 538 2331 id
568 2291 675 2330 non
708 2276 828 2330 sine
857 2275 1045 2331 labore
1072 2275 1321 2331 futurum
1358 2277 1471 2345 sit;
1505 2294 1663 2351 teque
1693 2281 1842 2336 enim
1886 2297 1950 2337 ac
1995 2282 2066 2336 li-

476 2383 647 2437 gnum
676 2368 1003 2437 patiuntur:
1039 2366 1091 2422 id
1122 2382 1225 2423 nos
1262 2366 1332 2423 de
1363 2369 1571 2425 sanctis
1616 2370 1874 2426 similiter
1908 2372 2068 2426 intel-

478 2459 762 2531 ligendum
793 2459 1109 2515 fatebimur.
1151 2456 1353 2515 Erudit
1395 2462 1602 2533 quippe
1653 2478 1754 2518 nos
1788 2479 1887 2533 per
1917 2464 2068 2519 labo-

478 2567 597 2606 rem
628 2559 684 2607 et
703 2550 1117 2606 tribulationem
1147 2551 1415 2606 virtutum
1452 2568 1647 2610 amans
1671 2553 1817 2610 Deus
1851 2566 2061 2613 n05ter.

481 2641 641 2700 Unde
678 2644 946 2714 propheta
996 2643 1158 2700 nobis
1193 2644 1364 2701 Isaias
1395 2644 1547 2699 inﬁt:
1589 2663 1610 2697 ι
1666 2645 1864 2703 Abluet
1918 2650 2065 2703 enim

480 2734 750 2792 Dominus
781 2735 973 2793 sordes
1014 2738 1249 2792 ﬁliorum
1276 2744 1331 2793 et
1375 2738 1611 2793 ﬁliarum
1646 2737 1801 2801 Sion.
1845 2747 1900 2796 et
1937 2756 2066 2796 san-

476 2831 703 2900 guinem
747 2829 1070 2885 emundabit
1111 2831 1179 2885 de
1226 2831 1408 2885 medio
1446 2847 1639 2886 eorum
1666 2873 1682 2898 ,
1750 2833 1804 2888 in
1866 2833 2064 2904 spiritu

478 2920 695 2988 judicii,
725 2928 782 2975 et
814 2921 1014 2990 spiritu
1049 2920 1455 2976 combustionis
1478 2922 1519 2975 ⁸.
1561 2942 1579 2973 ι
1614 2921 1887 2979 Praeterea
1916 2923 2064 2979 divi-

482 3029 586 3067 nus
618 3013 709 3067 ille
755 3011 1003 3068 Paulus:
1044 3032 1062 3065 ι
1108 3011 1166 3067 Si
1206 3012 1263 3067 in
1320 3013 1619 3083 disciplina
1669 3016 2062 3084 perseveratis,

478 3122 744 3179 tanquam
774 3095 902 3163 lilﬂs
934 3108 1094 3164 vobis
1127 3123 1187 3163 se
1210 3107 1392 3163 oll‘ert.
1422 3108 1562 3174 Quis
1595 3109 1742 3163 enim
1796 3118 1882 3164 est
1914 3109 2062 3165 ﬁlius

478 3218 645 3272 quem
673 3216 781 3257 non
812 3202 981 3273 869
1013 3200 1282 3270 corripiat
1322 3201 1564 3270 pater”?
1609 3220 1629 3253 ι
1669 3200 1812 3267 Quin
1858 3208 1911 3256 et
1953 3201 2070 3272 ipse

476 3311 701 3351 onmem
734 3295 1161 3350 admirationem
1193 3296 1471 3352 excedens
1500 3304 1821 3351 sanctorum
1865 3299 2069 3352 CIIOI'US

476 3387 902 3457 castigationem
951 3386 1112 3442 istam
1162 3401 1276 3440 non
1305 3385 1526 3447 renuit,
1565 3384 1661 3440 sed
1703 3385 2068 3441 libentissime

480 3480 668 3550 potius
693 3494 814 3534 eam
846 3478 1081 3548 suscipit
1106 3476 1329 3534 dicens:
1358 3497 1377 3531 ι
1402 3477 1632 3548 Corripe
1653 3492 1776 3541 nos,
1804 3476 2063 3543 Domine;

481 3580 862 3627 verumtamen
885 3574 940 3625 in
966 3569 1199 3640 judicio.
1223 3578 1278 3625 et
1300 3585 1409 3626 non
1436 3569 1495 3624 in
1528 3570 1738 3635 furore,
1771 3578 1831 3624 ut
1861 3584 2068 3639 paucos

482 3680 596 3719 non
632 3663 809 3720 facias
840 3679 945 3720 nos
971 3664 1036 3719 ³⁸.
1072 3682 1091 3715 ι
1124 3661 1186 3719 In
1226 3663 1415 3719 furore
1452 3664 1657 3735 quippe
1688 3662 2067 3719 infructuoso-

479 3772 605 3811 rum
644 3755 931 3828 palmitqu
969 3754 1030 3809 ﬁt
1057 3755 1416 3826 exstirpatio;
1453 3754 1554 3809 hos
1602 3769 1801 3824 nempe
1834 3754 1890 3809 in
1933 3769 2068 3823 sup-

482 3849 709 3921 plicium
762 3849 970 3905 mittit:
1029 3848 1125 3905 sed
1175 3848 1232 3903 in
1284 3848 1497 3919 judicio
1547 3847 1773 3919 potius,
1827 3846 1934 3903 hoc
1981 3854 2068 3901 est

474 3940 834 3998 considerate
856 3949 912 3998 et
942 3955 1072 3997 cum
1102 3939 1286 4004 modo,
1321 3939 1741 3996 fructiferorum
1775 3939 2065 4009 palmitum

2168 1828 2374 1892 αὐτοῖς,
2420 1829 2549 1881 ποτὲ
2606 1829 2705 1900 μὲν
2768 1829 2868 1895 τὰς
2916 1830 3132 1901 ἡδονὰς,
3162 1831 3218 1884 αἳ
3256 1830 3343 1884 ἀεὶ
3390 1828 3646 1883 καλοῦσιν
3675 1830 3765 1893 είς

2168 1919 2547 1991 φιλοσαρκίαν,
2584 1921 2679 1974 καὶ
2723 1921 2869 1992 πάθη
2899 1922 3207 1993 σωματικὰ,
3233 1922 3363 1975 ποτὲ
3398 1921 3453 1974 δὲ
3486 1916 3554 1976 αὖ
3592 1920 3764 1975 πάλιν

2167 2011 2237 2065 τά
2268 2013 2477 2077 ὅσαπερ
2505 2008 2613 2066 οἶδε
2660 2016 2779 2078 ταῖς
2806 2014 2916 2068 τῶν
2960 2013 3262 2085 ἀνθρώπιον
3296 2014 3613 2085 συμϐαίνειν
3652 2014 3764 2083 ψυ-

2166 2106 2311 2175 χαῖς,
2340 2104 2427 2158 διά
2478 2104 2729 2177 ποικίλης
2772 2104 2963 2160 κακῶν
2997 2106 3142 2169 ίδέας
3196 2104 3632 2160 κατασπιλοῧντα
3660 2106 3761 2159 τὸν

2168 2197 2311 2250 νοῦν.
2340 2196 2557 2266 Ταύτην
2586 2197 2694 2270 γὰρ
2722 2193 2859 2251 εἷναί
2892 2215 3075 2268 φαμεν
3107 2198 3207 2270 τὴν
3246 2196 3663 2268 ἀχειροποίητόν
3690 2214 3756 2251 τε

2168 2290 2263 2343 καὶ
2311 2290 2368 2342 ὲν
2405 2291 2682 2361 Πνεύματι
2734 2291 3032 2361 νοουμένην
3089 2290 3416 2362 περιτομὴν,
3447 2291 3575 2363 περὶ
3625 2284 3697 2364 ἦς
3727 2293 3757 2344 6

2169 2382 2379 2446 Παῦλός
2437 2399 2570 2453 φησι
2625 2381 2757 2435 ποτὲ
2804 2381 2904 2453 μέν
2930 2398 2944 2412 ⁸
2975 2402 2993 2434 ι
3041 2382 3117 2436 Οὐ
3149 2381 3259 2453 γὰρ
3302 2383 3361 2436 έν
3404 2380 3485 2453 τῷ
3532 2382 3757 2455 φανερῷ

2181 2473 2431 2536 Ἰουδαῖός
2461 2474 2631 2537 ἐστιν,
2662 2472 2784 2526 οὐδὲ
2819 2474 2852 2544 ἡ
2882 2473 2941 2525 ὲν
2969 2470 3048 2543 τῷ
3083 2470 3303 2542 φανερῷ
3324 2472 3380 2523 ἐν
3408 2471 3572 2542 σαρκὶ
3600 2488 3757 2541 περι-

2167 2560 2328 2631 τομὴ,
2362 2559 2477 2613 ἀλλ’
2510 2561 2540 2613 6
2591 2562 2649 2612 ὲν
2678 2559 2757 2631 τῷ
2790 2559 3018 2630 κρυπτῷ
3058 2557 3326 2625 Ἰουδαῖος,
3356 2560 3447 2613 καὶ
3480 2560 3756 2631 περιτομὴ

2168 2650 2398 2723 καρδίας
2455 2653 2513 2704 ἑν
2562 2650 2842 2722 Πνεύματι
2868 2692 2883 2717 ,
2911 2651 2973 2704 οὐ
3027 2651 3318 2723 γράμματι
3342 2692 3357 2715 ,
3381 2643 3442 2704 οὗ
3475 2651 3504 2702 6
3533 2651 3759 2715 ἔπαινος

2167 2744 2268 2797 οὐκ
2293 2744 2351 2809 ἐξ
2377 2744 2702 2816 ἀνθρώπων,
2732 2743 2847 2798 ἀλλ’
2881 2746 2946 2798 ἐκ
2975 2744 3067 2797 τοῦ
3091 2744 3227 2799 Θεοῦ
3254 2760 3270 2776 °
3304 2743 3433 2797 ποτὲ
3457 2743 3514 2797 δὲ
3540 2743 3706 2797 πάλιν
3740 2759 3754 2772 ·

2173 2854 2194 2887 ι
2233 2829 2391 2903 Ἐνῷ
2443 2835 2540 2889 καὶ
2588 2835 2979 2900 πιστεύσαντες
3028 2836 3432 2908 περιετμήθητε
3480 2836 3755 2907 περιτομῇ

2170 2927 2586 2998 ἀχειροποιήτῳ.
2631 2945 2650 2979 ι
2706 2926 2979 2981 Φάσκουσί
3023 2944 3085 2981 τε
3114 2926 3251 2998 πρὸς
3290 2925 3465 2980 ταῦτά
3486 2943 3651 2991 τισιν,
3684 2926 3759 2990 ὡς

2170 3018 2329 3090 είπερ
2354 3035 2438 3082 τις
2466 3020 2679 3085 γένοιτο
2701 3018 3061 3090 διακάθαρσις
3090 3021 3204 3082 τοῖς
3225 3018 3323 3089 τῆς
3352 3017 3547 3089 νοητῆς
3573 3018 3759 3089 ἀμπέ-

2171 3110 2265 3164 λου
2290 3111 2584 3182 κλήμασιν,
2602 3111 2702 3165 οὑκ
2732 3112 2819 3177 ἂν,
2854 3107 3030 3183 οἶμαι,
3055 3111 3177 3182 δίχα
3201 3111 3362 3165 πόνου
3392 3111 3755 3181 συμϐήσεταν

2172 3202 2327 3271 ἀλγεῖ
2355 3204 2465 3274 γὰρ
2492 3203 2746 3257 τοσοῦτον
2772 3244 2787 3269 ,
2822 3204 2947 3257 ὅσον
2993 3220 3051 3256 τε
3097 3204 3193 3257 καὶ
3220 3204 3367 3266 ὅπως
3400 3197 3538 3255 οἶδεν
3569 3202 3761 3268 ἀλγεῖν

2168 3294 2230 3347 τὸ
2258 3292 2413 3358 ξύλον
2429 3311 2443 3326 ο
2465 3293 2746 3363 ἀναλόγως
2772 3291 2867 3348 οὖν
2891 3294 3021 3365 ἄρα,
3042 3292 3136 3347 καὶ
3164 3292 3257 3346 ἐπὶ
3279 3292 3387 3347 τῶν
3418 3292 3588 3360 ἁγίων
3610 3292 3643 3361 ἠ
3652 3292 3761 3361 μᾶς

2167 3388 2361 3457 νοῆσαι
2395 3387 2693 3458 προσήκοι,
2720 3386 3103 3457 συναινέσομέν
3128 3403 3189 3439 τε
3213 3384 3305 3439 καὶ
3335 3383 3669 3455 συνεροῢμεν
3700 3379 3760 3436 εὖ

2173 3478 2320 3549 μάλα
2355 3478 2759 3550 διεσκεμμένοι.
2816 3478 3072 3532 Παιδεύει
3122 3477 3232 3550 γάρ
3277 3479 3422 3549 ἡμᾶς
3454 3477 3544 3531 διὰ
3590 3476 3760 3530 πόνου

2170 3572 2264 3626 καὶ
2311 3571 2543 3642 θλίψεως
2586 3573 2616 3626 6
2662 3572 2951 3644 φιλάρετος
3000 3571 3158 3643 ἡμῶν
3214 3572 3365 3635 Θεός.
3407 3572 3516 3625 Kal
3562 3570 3697 3639 γοῦν
3732 3573 3761 3623 6

2169 3663 2455 3736 προφήτης
2510 3664 2642 3734 ἡμῖν
2682 3663 2912 3727 Ἡσαΐας
2934 3662 3124 3733 φησὶν,
3154 3663 3237 3717 ὅτι
3269 3682 3288 3715 ι
3331 3662 3617 3716 Ἐκπλυνεί
3640 3660 3759 3714 Κύ-

2170 3773 2285 3827 ριος
2319 3756 2411 3809 τὸν
2443 3755 2614 3825 ῥύπον
2646 3754 2756 3809 τῶν
2803 3755 2957 3823 υἱῶν,
2988 3755 3084 3808 καὶ
3110 3754 3220 3808 τῶν
3250 3753 3565 3826 θυγατέρων
3593 3751 3757 3818 Σιὼν,

2167 3847 2265 3900 καὶ
2300 3846 2361 3899 τδ
2407 3840 2549 3917 αἷμα
2596 3846 2920 3919 ὲκκαθαριεῖ
2955 3850 3021 3901 ὲκ
3050 3846 3219 3918 μέσου
3254 3845 3433 3900 αὐτῶν
3454 3886 3469 3911 ,
3498 3846 3559 3898 ἐν
3592 3847 3759 3897 πνεύ-

2167 3958 2302 4010 ματι
2347 3940 2584 4013 κρίσεως
2608 3982 2623 4006 ,
2654 3940 2750 3994 καὶ
2787 3939 3059 4011 πνεύματι
3100 3938 3366 4003 καύσεως.
3403 3958 3421 3990 ι
3453 3939 3563 3992 Kal
3594 3936 3759 4000 αὐτὸς

2164 4034 2224 4088 δὲ
2266 4034 2404 4106 πρδς
2452 4034 2628 4105 τούτῳ
2663 4036 2691 4088 6
2722 4033 3011 4098 θεσπέσιος
3050 4033 3302 4097 Παῦλος·
3343 4052 3361 4085 ι
3400 4033 3463 4086 El
3506 4031 3757 4085 παιδείαν

2168 4128 2469 4199 ὕπομένετε
2493 4167 2507 4191 ,
2531 4126 2608 4192 ὼς
2653 4127 2790 4190 υίοῖς
2834 4127 2964 4196 ὑμῖν
2998 4125 3365 4197 προσφέρεται
3409 4126 3437 4178 6
3474 4123 3628 4186 Θεός.
3660 4124 3759 4187 Τίς

480 4034 735 4106 purgatio
760 4033 842 4097 ﬁt,
881 4032 1082 4105 exiguo
1104 4032 1292 4089 labore
1323 4032 1635 4089 ubertatem
1667 4045 1732 4086 ac
1758 4030 2066 4087 fecundita-

482 4137 591 4184 tem
627 4126 957 4183 concilians.
1004 4125 1162 4193 Quod
1207 4125 1358 4181 nacti
1388 4124 1654 4197 quidam.
1713 4124 2063 4180 exclamant:

480 4241 505 4274 η
541 4220 794 4283 Domine,
822 4220 880 4275 in
902 4219 1262 4275 tribulatione
1287 4234 1459 4289 parva
1482 4217 1762 4289 correptio
1783 4224 1878 4272 tua
1905 4215 2064 4271 nobis

2169 4218 2276 4288 γάρ
2300 4218 2447 4270 ἐστιν
2476 4217 2611 4281 υίὸς,
2640 4216 2701 4271 ὃν
2730 4218 2789 4270 οὐ
2816 4215 3059 4271 παιδεύει
3083 4217 3265 4286 πατήρ
3288 4216 3346 4281 ;ἶ»
3378 4215 3490 4268 Καὶ
3522 4215 3634 4285 μὴν
3660 4214 3757 4267 καὶ

479 4323 565 4370 εει
588 4314 655 4371 “.
700 4332 720 4366 ι
758 4312 969 4383 Exigua
997 4313 1145 4368 enim
1182 4312 1346 4384 plane
1367 4318 1454 4367 est
1484 4312 1770 4367 tribulatio
1797 4324 1907 4381 qua
1932 4323 2064 4381 pur-

2169 4310 2329 4376 αὐτὸς
2354 4313 2383 4364 6
2405 4309 2603 4374 παντὸς
2636 4309 2895 4364 ἐπέκεινα
2924 4307 3200 4379 θαύματος
3231 4308 3339 4362 τῶν
3368 4308 3539 4375 ἁγίων
3571 4307 3756 4378 χορὸς,

473 4420 697 4479 gamur,
733 4404 829 4461 sed
856 4405 987 4460 dum
1017 4420 1312 4476 supernam
1344 4404 1493 4459 illam
1520 4404 1872 4475 disciplinam
1902 4403 2064 4459 nobis

2169 4403 2267 4475 τὴν
2318 4402 2405 4458 διὰ
2434 4402 2540 4456 τῶν
2578 4403 2750 4470 ἁγίων
2790 4403 3112 4471 πεφυκότων
3153 4400 3255 4455 οὐκ
3283 4400 3599 4454 ἀποσείεται
3629 4399 3757 4452 τ’..αί⁸

476 4498 712 4568 ιπεεδει,
746 4498 937 4553 beatos
981 4512 1084 4552 nos
1120 4496 1308 4552 eﬁlcit.
1351 4496 1525 4566 Cujus
1569 4498 1652 4552 rei
1686 4497 1847 4552 testis
1899 4496 2064 4552 nobis

2169 4493 2393 4557 δευσιν,
2430 4491 2809 4564 ἀσμενέστατα
2854 4492 2911 4544 δὲ
2956 4490 3155 4562 μᾶλλον
3206 4489 3487 4562 προσίεται
3543 4489 3753 4559 λέγων·

479 4589 589 4644 erit
642 4589 836 4644 beatus
888 4585 1094 4652 David,
1144 4587 1220 4642 ita
1260 4588 1547 4643 clamans:
1590 4604 1609 4639 ι
1669 4586 1872 4642 Beatus
1904 4586 2064 4641 homo

2170 4606 2188 4637 ι
2221 4585 2520 4638 Παίδευσον
2542 4585 2714 4656 ἡμᾶς,
2738 4583 2935 4655 Κύριε,
2962 4582 3101 4655 πλὴν
3148 4582 3206 4635 ὲν
3234 4580 3433 4655 κρίσει,
3465 4582 3561 4636 καὶ
3588 4582 3663 4653 μὴ
3698 4582 3757 4633 ὲν

476 4695 645 4749 quem
681 4689 737 4734 tu
769 4679 1068 4742 erudieris,
1100 4678 1355 4741 Domine,
1393 4688 1447 4736 et
1475 4680 1544 4735 de
1572 4681 1694 4749 lege
1726 4689 1821 4734 tua
1859 4679 2064 4735 docue-

2169 4675 2364 4748 θυμῷ,
2393 4677 2480 4729 ἵνα
2522 4675 2597 4747 μὴ
2638 4676 2856 4746 ὀλίγους
2899 4676 3049 4745 ἡμᾶς
3097 4674 3348 4744 ποιήσῃς.
3386 4692 3405 4726 ι
3452 4673 3542 4726 Ἐν
3592 4673 3756 4745 θυμῷ

481 4770 561 4825 ris
590 4785 739 4833 eum,
767 4779 830 4825 ut
879 4771 1099 4841 mitiges
1158 4771 1208 4826 ei
1249 4785 1279 4825 a
1333 4771 1529 4828 diebus
1577 4771 1827 4828 malis".
1872 4790 1890 4823 ι
1940 4770 2064 4828 Dies

2169 4769 2265 4838 μὲν
2302 4768 2411 4840 γάρ
2437 4771 2470 4839 ὴ
2500 4767 2791 4839 ὁλόκληρος
2818 4766 2972 4821 ἔσται
3002 4767 3114 4820 τῶν
3148 4766 3414 4836 ἀκάρπων
3451 4765 3752 4836 κλημάτων

477 4865 629 4919 enim
659 4864 908 4933 profecto
948 4865 1284 4935 inauspicati
1310 4873 1365 4921 et
1386 4865 1518 4919 mali
1551 4874 1682 4920 sunt
1715 4864 1940 4935 penitus
1970 4880 2061 4920 re-

2169 4862 2511 4932 ἀπότμησιςο
2541 4860 2750 4931 πέμπει
2806 4859 2916 4930 γὰρ
2966 4859 3045 4922 είς
3093 4858 3334 4919 κόλασιν.
3374 4859 3433 4911 ἐν
3481 4858 3663 4929 κρίσει
3693 4858 3750 4912 δὲ

475 4954 650 5011 sectis
697 4965 749 5011 et
798 4957 854 5010 in
899 4956 1232 5027 supplicium
1277 4956 1424 5028 ignis
1470 4955 1869 5020 detrudendis,
1919 4955 2059 5021 dies,

2169 4952 2384 5024 μᾶλλον,
2417 4952 2562 5005 τοῦτ’
2594 4951 2741 5006 ἔστιν
2761 4992 2775 5018 ,
2806 4952 2864 5005 ὲν
2906 4951 3191 5019 διασκέψει
3232 4948 3327 5003 καὶ
3379 4948 3598 5020 μέτρῳ,
3642 4949 3754 5003 τῶν

479 5044 898 5115 inquam,illius
928 5046 1105 5103 severi
1133 5053 1190 5101 et
1222 5046 1529 5117 incorrupti
1560 5044 1753 5115 judicii
1775 5058 1790 5099 :
1811 5044 1905 5100 sed
1930 5052 2063 5099 tunc

2169 5045 2527 5117 καρποφόρων
2568 5046 2600 5116 ἡ
2644 5043 3003 5115 διακάθαρσις
3028 5082 3045 5107 ,
3095 5042 3273 5109 ὀλίγον
3311 5040 3512 5111 ἔχουσα
3551 5041 3749 5111 κομιδῇ

474 5137 771 5207 castigatis
800 5144 854 5193 et
876 5138 1153 5210 correptis
1177 5139 1364 5193 mitem
1396 5154 1457 5194 se
1482 5138 1692 5209 prabet
1722 5136 1892 5192 Deus.
1924 5135 2060 5189 Nam

2169 5140 2249 5193 τὸν
2291 5139 2453 5192 πόνον
2495 5139 2575 5202 εἰς
2620 5136 3000 5208 καρποφορίας
3038 5132 3421 5205 παροξυσμὸν,
3456 5134 3552 5188 καὶ
3590 5134 3753 5187 εὐαν-

477 5229 573 5300 qui
609 5230 738 5285 talis
768 5236 854 5286 est
881 5245 1230 5301 nequaquam
1270 5229 1682 5284 damnationem
1728 5241 2063 5298 poenamque

2169 5228 2423 5300 θεστέρας
2469 5228 2786 5300 ἀναδρομῆς
2840 5227 2938 5298 τὴν
2983 5226 3235 5281 ἐντεῦθεν
3284 5225 3579 5297 πρόφασιν.
3640 5226 3752 5279 Καὶ

472 5322 723 5386 subibit.
765 5321 1216 5393 quandoquidem
1259 5335 1370 5375 non
1413 5318 1796 5376 infructuosus
1847 5319 2062 5389 palmes

2169 5319 2297 5388 γοῦν
2343 5319 2735 5391 ἀποδεχόμενοι
2780 5316 2936 5372 τοῦτο
2987 5316 3150 5387 βοῶσι
3200 5333 3382 5380 τινεςο
3413 5335 3431 5367 ι
3465 5316 3661 5388 Κύριε,
3694 5318 3752 5368 ὲν

469 5415 710 5469 «exstitit.
731 5414 1117 5486 Conjungatur
1145 5413 1328 5482 itaque
1350 5411 1477 5467 ﬁdei
1500 5410 1841 5467 confessioni
1875 5411 2063 5480 splen-

2169 5412 2343 5482 θλίψει
2373 5414 2606 5484 μικρᾷ-ἠ
2641 5409 2860 5465 παιδεία
2901 5427 2995 5463 σου
3031 5410 3181 5479 ἡμῖν.
3220 5428 3236 5458 ι
3268 5409 3615 5481 Σμικροτάτη
3652 5407 3751 5479 μὲν

473 5506 580 5561 dor
630 5508 798 5563 etiam
861 5522 1129 5578 operum,
1189 5514 1245 5561 et
1295 5504 1649 5563 sermonibus
1695 5504 1763 5559 de
1811 5501 1924 5557 Deo
1969 5518 2056 5558 res

2169 5506 2276 5577 γὰρ
2298 5508 2331 5577 ἡ
2350 5506 2445 5560 τοῦ
2474 5504 2927 5577 διακαθαίρεσθαι
2949 5502 3146 5573 θλίψις,
3173 5501 3312 5556 ἀλλά
3340 5500 3591 5557 παιδείαν
3618 5502 3750 5569 ἡμῖν

554 5618 573 5685 ἢ
608 5615 767 5670 Rom.
804 5633 874 5673 ll.
917 5616 1008 5680 28,
1050 5616 1139 5670 29.
1183 5615 1202 5647 ⁷
1236 5616 1454 5672 Coloss.
1495 5631 1566 5681 Il,
1604 5617 1685 5673 ll.
1766 5617 1785 5647 ⁸
1823 5616 1931 5671 Isa.
1972 5629 2044 5681 tv,

2208 5619 2225 5650 ⁸
2268 5614 2430 5673 llebr.
2499 5634 2596 5683 xu,
2635 5616 2685 5669 7.
2766 5616 2808 5647 ¹⁰
2842 5613 3042 5671 Jerem.
3079 5629 3133 5678 x,
3175 5613 3267 5669 23.
3350 5614 3389 5645 ¹¹
3435 5610 3541 5669 lsa.
3579 5628 3745 5677 uri,

482 5683 572 5751 ιο,
609 5702 723 5744 sec.
754 5686 917 5742 LXX.
1002 5690 1042 5719 ”
1084 5687 1230 5743 Psal.
1269 5702 1421 5753 xcni,
1463 5686 1543 5743 12.
