  <div class='ocr_page' id='page_1' title='image "/cluster/home/n/w/nwhite01/storage/ocr_20150623/74/nnc1.0046980180/194.png"; bbox 0 0 3868 6200; ppageno 0'>
   <div class='ocr_carea' id='block_1_1' title="bbox 100 336 1700 431">
    <p class='ocr_par' dir='ltr' id='par_1_1' title="bbox 100 338 1700 431">
     <span class='ocr_line' id='line_1_1' title="bbox 100 338 1700 431; baseline -0.018 -10"><span class='ocrx_word' id='word_1_1' title='bbox 100 375 209 431; x_wconf 74' lang='lat'><strong>555</strong></span> <span class='ocrx_word' id='word_1_2' title='bbox 1171 344 1238 401; x_wconf 72' lang='lat' dir='ltr'><strong>1N</strong></span> <span class='ocrx_word' id='word_1_3' title='bbox 1272 339 1558 399; x_wconf 62' lang='lat' dir='ltr'><strong>JOANNIS</strong></span> <span class='ocrx_word' id='word_1_4' title='bbox 1588 338 1700 395; x_wconf 55' lang='lat' dir='ltr'><strong>EVA</strong></span> 
     </span>
    </p>
   </div>
   <div class='ocr_carea' id='block_1_2' title="bbox 1802 336 3380 431">
    <p class='ocr_par' dir='ltr' id='par_1_2' title="bbox 1802 336 3380 396">
     <span class='ocr_line' id='line_1_2' title="bbox 1802 336 3380 396; baseline -0.002 -2"><span class='ocrx_word' id='word_1_5' title='bbox 1802 336 2043 396; x_wconf 69' lang='lat' dir='ltr'><strong>3ELIUM</strong></span> <span class='ocrx_word' id='word_1_6' title='bbox 2079 336 2210 393; x_wconf 86' lang='lat' dir='ltr'><strong>LIB.</strong></span> <span class='ocrx_word' id='word_1_7' title='bbox 2248 338 2317 392; x_wconf 69' lang='grc' dir='ltr'><strong>Χ.</strong></span> <span class='ocrx_word' id='word_1_8' title='bbox 3272 337 3380 394; x_wconf 68' lang='grc' dir='ltr'><strong>55ι</strong></span> 
     </span>
    </p>
   </div>
   <div class='ocr_carea' id='block_1_3' title="bbox 101 446 1700 553">
    <p class='ocr_par' dir='ltr' id='par_1_3' title="bbox 101 448 1696 553">
     <span class='ocr_line' id='line_1_3' title="bbox 101 448 1696 553; baseline -0.024 -15"><span class='ocrx_word' id='word_1_9' title='bbox 101 482 426 553; x_wconf 80' lang='grc' dir='ltr'>παρέχουσα</span> <span class='ocrx_word' id='word_1_10' title='bbox 454 472 555 545; x_wconf 80' lang='grc' dir='ltr'>τὴν</span> <span class='ocrx_word' id='word_1_11' title='bbox 603 456 813 525; x_wconf 70' lang='grc' dir='ltr'>ἀνωῦεν</span> <span class='ocrx_word' id='word_1_12' title='bbox 833 503 849 527; x_wconf 91' lang='grc'><strong>,</strong></span> <span class='ocrx_word' id='word_1_13' title='bbox 887 457 1194 532; x_wconf 75' lang='grc' dir='ltr'>μακαρίους</span> <span class='ocrx_word' id='word_1_14' title='bbox 1225 449 1535 553; x_wconf 56' lang='grc' dir='ltr'>ἀποφαίνει.</span> <span class='ocrx_word' id='word_1_15' title='bbox 1582 448 1696 553; x_wconf 52' lang='lat' dir='ltr'><strong>iiut</strong></span> 
     </span>
    </p>
   </div>
   <div class='ocr_carea' id='block_1_4' title="bbox 1802 446 3393 553">
    <p class='ocr_par' dir='ltr' id='par_1_4' title="bbox 1802 446 3393 511">
     <span class='ocr_line' id='line_1_4' title="bbox 1802 446 3393 511; baseline 0.001 -8"><span class='ocrx_word' id='word_1_16' title='bbox 1802 447 2171 503; x_wconf 86' lang='lat' dir='ltr'><strong>consentiant.</strong></span> <span class='ocrx_word' id='word_1_17' title='bbox 2218 446 2376 501; x_wconf 82' lang='lat' dir='ltr'><strong>Tunc</strong></span> <span class='ocrx_word' id='word_1_18' title='bbox 2429 446 2601 511; x_wconf 81' lang='lat' dir='ltr'><strong>enim,</strong></span> <span class='ocrx_word' id='word_1_19' title='bbox 2647 453 2780 501; x_wconf 91' lang='lat' dir='ltr'><strong>tunc</strong></span> <span class='ocrx_word' id='word_1_20' title='bbox 2835 462 2944 501; x_wconf 88' lang='lat' dir='ltr'><strong>una</strong></span> <span class='ocrx_word' id='word_1_21' title='bbox 2993 462 3120 503; x_wconf 89' lang='lat' dir='ltr'><strong>cum</strong></span> <span class='ocrx_word' id='word_1_22' title='bbox 3166 448 3393 504; x_wconf 85' lang='lat' dir='ltr'><strong>Christo</strong></span> 
     </span>
    </p>
   </div>
   <div class='ocr_carea' id='block_1_5' title="bbox 101 540 1700 645">
    <p class='ocr_par' dir='ltr' id='par_1_5' title="bbox 101 540 1700 645">
     <span class='ocr_line' id='line_1_5' title="bbox 101 540 1700 645; baseline -0.023 -15"><span class='ocrx_word' id='word_1_23' title='bbox 101 540 605 645; x_wconf 72' lang='grc' dir='ltr'>παραληφθήσεται</span> <span class='ocrx_word' id='word_1_24' title='bbox 656 560 869 634; x_wconf 83' lang='grc' dir='ltr'><strong>μάρτυς</strong></span> <span class='ocrx_word' id='word_1_25' title='bbox 918 557 947 609; x_wconf 88' lang='grc' dir='ltr'>ὁ</span> <span class='ocrx_word' id='word_1_26' title='bbox 1004 550 1276 645; x_wconf 75' lang='grc' dir='ltr'>μακάριος</span> <span class='ocrx_word' id='word_1_27' title='bbox 1325 544 1492 645; x_wconf 58' lang='grc' dir='ltr'>ἀαδὶδ</span> <span class='ocrx_word' id='word_1_28' title='bbox 1517 541 1700 645; x_wconf 46' lang='grc' dir='ltr'>,οῦτοι</span> 
     </span>
    </p>
   </div>
   <div class='ocr_carea' id='block_1_6' title="bbox 1802 540 3394 645">
    <p class='ocr_par' dir='ltr' id='par_1_6' title="bbox 1808 540 3394 608">
     <span class='ocr_line' id='line_1_6' title="bbox 1808 540 3394 608; baseline -0.002 -12"><span class='ocrx_word' id='word_1_29' title='bbox 1808 540 2050 603; x_wconf 87' lang='lat' dir='ltr'><strong>erimus,</strong></span> <span class='ocrx_word' id='word_1_30' title='bbox 2080 546 2367 608; x_wconf 94' lang='lat' dir='ltr'><strong>tutamque</strong></span> <span class='ocrx_word' id='word_1_31' title='bbox 2411 553 2477 593; x_wconf 85' lang='lat' dir='ltr'><strong>ac</strong></span> <span class='ocrx_word' id='word_1_32' title='bbox 2522 552 2774 593; x_wconf 85' lang='lat' dir='ltr'><strong>securam</strong></span> <span class='ocrx_word' id='word_1_33' title='bbox 2812 540 3222 595; x_wconf 85' lang='lat' dir='ltr'><strong>communionis</strong></span> <span class='ocrx_word' id='word_1_34' title='bbox 3266 554 3394 593; x_wconf 90' lang='lat' dir='ltr'><strong>cum</strong></span> 
     </span>
    </p>
   </div>
   <div class='ocr_carea' id='block_1_7' title="bbox 102 630 1700 737">
    <p class='ocr_par' dir='ltr' id='par_1_7' title="bbox 102 630 1700 737">
     <span class='ocr_line' id='line_1_7' title="bbox 102 630 1700 737; baseline -0.023 -15"><span class='ocrx_word' id='word_1_35' title='bbox 102 630 241 737; x_wconf 63' lang='grc' dir='ltr'>βοιῦν</span> <span class='ocrx_word' id='word_1_36' title='bbox 264 681 277 694; x_wconf 80' lang='grc'><em>’</em></span> <span class='ocrx_word' id='word_1_37' title='bbox 315 630 669 729; x_wconf 35' lang='lat' dir='ltr'><strong>i&#39;Muxdptoc‘</strong></span> <span class='ocrx_word' id='word_1_38' title='bbox 689 630 1004 722; x_wconf 78' lang='grc' dir='ltr'>ἄνθρωπος,</span> <span class='ocrx_word' id='word_1_39' title='bbox 1041 644 1102 698; x_wconf 82' lang='grc' dir='ltr'><strong>όν</strong></span> <span class='ocrx_word' id='word_1_40' title='bbox 1131 642 1198 698; x_wconf 81' lang='grc' dir='ltr'>ἂν</span> <span class='ocrx_word' id='word_1_41' title='bbox 1232 637 1552 737; x_wconf 62' lang='grc' dir='ltr'>παιδεύσης,</span> <span class='ocrx_word' id='word_1_42' title='bbox 1586 632 1700 688; x_wconf 81' lang='grc' dir='ltr'><strong>Κύ-</strong></span> 
     </span>
    </p>
   </div>
   <div class='ocr_carea' id='block_1_8' title="bbox 1802 630 3392 737">
    <p class='ocr_par' dir='ltr' id='par_1_8' title="bbox 1807 630 3392 701">
     <span class='ocr_line' id='line_1_8' title="bbox 1807 630 3392 701; baseline -0.001 -14"><span class='ocrx_word' id='word_1_43' title='bbox 1807 645 1873 687; x_wconf 93' lang='lat' dir='ltr'><strong>eo</strong></span> <span class='ocrx_word' id='word_1_44' title='bbox 1902 631 2013 686; x_wconf 85' lang='lat' dir='ltr'><strong>vim</strong></span> <span class='ocrx_word' id='word_1_45' title='bbox 2063 631 2475 696; x_wconf 88' lang='lat' dir='ltr'><strong>nanciscemur,</strong></span> <span class='ocrx_word' id='word_1_46' title='bbox 2515 630 2689 684; x_wconf 90' lang='lat' dir='ltr'><strong>vitato</strong></span> <span class='ocrx_word' id='word_1_47' title='bbox 2735 631 3070 687; x_wconf 76' lang='lat' dir='ltr'><strong>resectionis</strong></span> <span class='ocrx_word' id='word_1_48' title='bbox 3124 631 3392 701; x_wconf 88' lang='lat' dir='ltr'><strong>periculo.</strong></span> 
     </span>
    </p>
   </div>
   <div class='ocr_carea' id='block_1_9' title="bbox 101 725 3398 834">
    <p class='ocr_par' dir='ltr' id='par_1_9' title="bbox 101 725 3398 834">
     <span class='ocr_line' id='line_1_9' title="bbox 101 725 3398 834; baseline -0.011 -19"><span class='ocrx_word' id='word_1_49' title='bbox 101 725 207 834; x_wconf 76' lang='grc' dir='ltr'>ριε,</span> <span class='ocrx_word' id='word_1_50' title='bbox 245 759 342 813; x_wconf 60' lang='grc' dir='ltr'><strong>καὶ⁸</strong></span> <span class='ocrx_word' id='word_1_51' title='bbox 370 760 437 812; x_wconf 81' lang='grc' dir='ltr'>ἐκ</span> <span class='ocrx_word' id='word_1_52' title='bbox 463 725 558 809; x_wconf 84' lang='grc' dir='ltr'>τοῦ</span> <span class='ocrx_word' id='word_1_53' title='bbox 601 751 769 823; x_wconf 91' lang='grc' dir='ltr'>νόμου</span> <span class='ocrx_word' id='word_1_54' title='bbox 795 764 891 801; x_wconf 90' lang='grc' dir='ltr'><strong>σου</strong></span> <span class='ocrx_word' id='word_1_55' title='bbox 920 741 1144 813; x_wconf 78' lang='grc' dir='ltr'>διδάξῃς</span> <span class='ocrx_word' id='word_1_56' title='bbox 1173 737 1361 801; x_wconf 79' lang='grc' dir='ltr'>αὐτὸν,</span> <span class='ocrx_word' id='word_1_57' title='bbox 1416 731 1527 834; x_wconf 65' lang='grc' dir='ltr'><strong>τοῦΔ</strong></span> <span class='ocrx_word' id='word_1_58' title='bbox 1562 726 1826 834; x_wconf 43' lang='grc' dir='ltr'>’πραθναι</span> <span class='ocrx_word' id='word_1_59' title='bbox 1861 725 2033 834; x_wconf 51' lang='grc' dir='ltr'>αὐτῷ</span> <span class='ocrx_word' id='word_1_60' title='bbox 2058 766 2073 791; x_wconf 91' lang='grc'><strong>,</strong></span> <span class='ocrx_word' id='word_1_61' title='bbox 2130 725 2232 834; x_wconf 47' lang='grc' dir='ltr'><strong>⁸ἀφῖ</strong></span> <span class='ocrx_word' id='word_1_62' title='bbox 2314 725 2540 834; x_wconf 64' lang='grc' dir='ltr'>ἡμερῶν</span> <span class='ocrx_word' id='word_1_63' title='bbox 2912 745 2931 778; x_wconf 74' lang='grc' dir='ltr'><strong>ι</strong></span> <span class='ocrx_word' id='word_1_64' title='bbox 2958 726 3233 834; x_wconf 59' lang='grc' dir='ltr'><strong>ιἩμέραι</strong></span> <span class='ocrx_word' id='word_1_65' title='bbox 3286 726 3398 796; x_wconf 88' lang='grc' dir='ltr'>γὰρ</span> 
     </span>
    </p>
   </div>
   <div class='ocr_carea' id='block_1_10' title="bbox 98 816 3398 919">
    <p class='ocr_par' dir='ltr' id='par_1_10' title="bbox 98 816 3398 919">
     <span class='ocr_line' id='line_1_10' title="bbox 98 816 3398 919; baseline -0.007 -24"><span class='ocrx_word' id='word_1_66' title='bbox 98 816 271 915; x_wconf 57' lang='grc' dir='ltr'><strong>ὲντξυς</strong></span> <span class='ocrx_word' id='word_1_67' title='bbox 319 844 639 919; x_wconf 75' lang='grc' dir='ltr'><strong>ἀποφράδες</strong></span> <span class='ocrx_word' id='word_1_68' title='bbox 667 816 790 896; x_wconf 48' lang='grc' dir='ltr'>’καὶ</span> <span class='ocrx_word' id='word_1_69' title='bbox 836 834 1079 908; x_wconf 73' lang='grc' dir='ltr'>πονηραὶ</span> <span class='ocrx_word' id='word_1_70' title='bbox 1112 832 1229 893; x_wconf 87' lang='grc' dir='ltr'>τοῖς</span> <span class='ocrx_word' id='word_1_71' title='bbox 1275 822 1673 919; x_wconf 78' lang='grc' dir='ltr'>ἀποτμηθεῖσιν</span> <span class='ocrx_word' id='word_1_72' title='bbox 1708 817 2003 882; x_wconf 86' lang='grc' dir='ltr'>ὁλοτελῶς,</span> <span class='ocrx_word' id='word_1_73' title='bbox 2060 818 2155 919; x_wconf 66' lang='grc' dir='ltr'>καὶ</span> <span class='ocrx_word' id='word_1_74' title='bbox 2184 819 2267 919; x_wconf 75' lang='grc' dir='ltr'><strong>είς</strong></span> <span class='ocrx_word' id='word_1_75' title='bbox 2296 817 2520 871; x_wconf 77' lang='grc' dir='ltr'><strong>κόλασιν</strong></span> <span class='ocrx_word' id='word_1_76' title='bbox 2578 818 2679 890; x_wconf 85' lang='grc' dir='ltr'>τὴν</span> <span class='ocrx_word' id='word_1_77' title='bbox 2712 816 2801 872; x_wconf 86' lang='grc' dir='ltr'><strong>διά</strong></span> <span class='ocrx_word' id='word_1_78' title='bbox 2840 817 3016 890; x_wconf 81' lang='grc' dir='ltr'>πυρὸς</span> <span class='ocrx_word' id='word_1_79' title='bbox 3072 822 3398 891; x_wconf 78' lang='grc' dir='ltr'>κατοικήσε-</span> 
     </span>
    </p>
   </div>
   <div class='ocr_carea' id='block_1_11' title="bbox 100 910 3397 1014">
    <p class='ocr_par' dir='ltr' id='par_1_11' title="bbox 100 910 3397 1014">
     <span class='ocr_line' id='line_1_11' title="bbox 100 910 3397 1014; baseline -0.01 -16"><span class='ocrx_word' id='word_1_80' title='bbox 100 944 226 998; x_wconf 86' lang='grc' dir='ltr'>σθαι</span> <span class='ocrx_word' id='word_1_81' title='bbox 251 910 573 1014; x_wconf 69' lang='grc' dir='ltr'>μέλλουσιν,</span> <span class='ocrx_word' id='word_1_82' title='bbox 613 934 669 989; x_wconf 83' lang='grc' dir='ltr'><strong>αῖ</strong></span> <span class='ocrx_word' id='word_1_83' title='bbox 693 934 794 1006; x_wconf 82' lang='grc' dir='ltr'><strong>τῆς</strong></span> <span class='ocrx_word' id='word_1_84' title='bbox 814 929 1119 985; x_wconf 81' lang='grc' dir='ltr'><strong>ἀδεκάστου</strong></span> <span class='ocrx_word' id='word_1_85' title='bbox 1147 925 1413 997; x_wconf 89' lang='grc' dir='ltr'>κρίσεως,</span> <span class='ocrx_word' id='word_1_86' title='bbox 1446 916 1586 972; x_wconf 88' lang='grc' dir='ltr'><strong>ἀλλά</strong></span> <span class='ocrx_word' id='word_1_87' title='bbox 1610 914 1736 968; x_wconf 87' lang='grc' dir='ltr'>τότε</span> <span class='ocrx_word' id='word_1_88' title='bbox 1805 914 1920 975; x_wconf 88' lang='grc' dir='ltr'>τοῖς</span> <span class='ocrx_word' id='word_1_89' title='bbox 1973 910 2385 1014; x_wconf 73' lang='grc' dir='ltr'>παιδευομένοις</span> <span class='ocrx_word' id='word_1_90' title='bbox 2441 910 2820 983; x_wconf 79' lang='grc' dir='ltr'>καταπραΰνει</span> <span class='ocrx_word' id='word_1_91' title='bbox 2845 910 2998 975; x_wconf 84' lang='grc' dir='ltr'>Θεός,</span> <span class='ocrx_word' id='word_1_92' title='bbox 3047 912 3238 984; x_wconf 88' lang='grc' dir='ltr'>Τελοίη</span> <span class='ocrx_word' id='word_1_93' title='bbox 3284 913 3397 986; x_wconf 87' lang='grc' dir='ltr'>γὰρ</span> 
     </span>
    </p>
   </div>
   <div class='ocr_carea' id='block_1_12' title="bbox 98 1005 3399 1102">
    <p class='ocr_par' dir='ltr' id='par_1_12' title="bbox 98 1005 3399 1102">
     <span class='ocr_line' id='line_1_12' title="bbox 98 1005 3399 1102; baseline -0.013 -10"><span class='ocrx_word' id='word_1_94' title='bbox 98 1036 161 1091; x_wconf 82' lang='grc' dir='ltr'>ἂν</span> <span class='ocrx_word' id='word_1_95' title='bbox 186 1039 217 1090; x_wconf 89' lang='lat'><strong>6</strong></span> <span class='ocrx_word' id='word_1_96' title='bbox 237 1005 480 1100; x_wconf 67' lang='grc' dir='ltr'>τοιοῦτος</span> <span class='ocrx_word' id='word_1_97' title='bbox 515 1030 770 1102; x_wconf 82' lang='grc' dir='ltr'><strong>οὐδαμῶς</strong></span> <span class='ocrx_word' id='word_1_98' title='bbox 795 1029 854 1083; x_wconf 82' lang='grc' dir='ltr'>ὲν</span> <span class='ocrx_word' id='word_1_99' title='bbox 883 1027 994 1090; x_wconf 82' lang='grc' dir='ltr'>τοῖς</span> <span class='ocrx_word' id='word_1_100' title='bbox 1025 1023 1131 1078; x_wconf 82' lang='grc' dir='ltr'><strong>ὑπὸ</strong></span> <span class='ocrx_word' id='word_1_101' title='bbox 1160 1021 1342 1093; x_wconf 88' lang='grc' dir='ltr'>κρίσιν</span> <span class='ocrx_word' id='word_1_102' title='bbox 1362 1016 1457 1073; x_wconf 74' lang='grc' dir='ltr'>καὶ</span> <span class='ocrx_word' id='word_1_103' title='bbox 1476 1015 1722 1077; x_wconf 81' lang='grc' dir='ltr'><strong>κόλασιν,</strong></span> <span class='ocrx_word' id='word_1_104' title='bbox 1763 1008 1994 1078; x_wconf 77' lang='grc' dir='ltr'>ἐπείπερ</span> <span class='ocrx_word' id='word_1_105' title='bbox 2018 1007 2119 1060; x_wconf 79' lang='grc' dir='ltr'><strong>οὐκ</strong></span> <span class='ocrx_word' id='word_1_106' title='bbox 2139 1005 2388 1102; x_wconf 80' lang='grc' dir='ltr'>ἄκαρπον</span> <span class='ocrx_word' id='word_1_107' title='bbox 2409 1006 2601 1076; x_wconf 80' lang='grc' dir='ltr'>γέγονε</span> <span class='ocrx_word' id='word_1_108' title='bbox 2640 1007 2845 1079; x_wconf 83' lang='grc' dir='ltr'>κλῆμα.</span> <span class='ocrx_word' id='word_1_109' title='bbox 2900 1008 2969 1060; x_wconf 91' lang='grc' dir='ltr'>Συ</span> <span class='ocrx_word' id='word_1_110' title='bbox 2979 1008 3399 1080; x_wconf 77' lang='grc' dir='ltr'>μπαραζευγνύ..</span> 
     </span>
    </p>
   </div>
   <div class='ocr_carea' id='block_1_13' title="bbox 102 1100 3395 1205">
    <p class='ocr_par' dir='ltr' id='par_1_13' title="bbox 102 1100 3395 1205">
     <span class='ocr_line' id='line_1_13' title="bbox 102 1100 3395 1205; baseline -0.012 -14"><span class='ocrx_word' id='word_1_111' title='bbox 102 1136 215 1191; x_wconf 89' lang='grc' dir='ltr'><strong>σθω</strong></span> <span class='ocrx_word' id='word_1_112' title='bbox 266 1128 562 1205; x_wconf 80' lang='grc' dir='ltr'><strong>τοιγαροῦν</strong></span> <span class='ocrx_word' id='word_1_113' title='bbox 588 1100 663 1200; x_wconf 14' lang='grc' dir='ltr'><strong>τῇή</strong></span> <span class='ocrx_word' id='word_1_114' title='bbox 708 1128 810 1198; x_wconf 79' lang='grc' dir='ltr'>τῆς</span> <span class='ocrx_word' id='word_1_115' title='bbox 835 1123 1074 1185; x_wconf 87' lang='grc' dir='ltr'>πίστεως</span> <span class='ocrx_word' id='word_1_116' title='bbox 1119 1114 1402 1192; x_wconf 77' lang='grc' dir='ltr'><strong>ὁμολογίᾳ,</strong></span> <span class='ocrx_word' id='word_1_117' title='bbox 1432 1113 1529 1166; x_wconf 76' lang='grc' dir='ltr'>καὶ</span> <span class='ocrx_word' id='word_1_118' title='bbox 1560 1110 1595 1181; x_wconf 80' lang='grc' dir='ltr'><strong>ἡ</strong></span> <span class='ocrx_word' id='word_1_119' title='bbox 1628 1106 1719 1162; x_wconf 84' lang='grc' dir='ltr'>διὰ</span> <span class='ocrx_word' id='word_1_120' title='bbox 1748 1102 2079 1205; x_wconf 44' lang='lat' dir='ltr'><strong>«EN-spwa</strong></span> <span class='ocrx_word' id='word_1_121' title='bbox 2101 1100 2426 1205; x_wconf 57' lang='grc' dir='ltr'>φαιδρότης,</span> <span class='ocrx_word' id='word_1_122' title='bbox 2469 1102 2565 1205; x_wconf 70' lang='grc' dir='ltr'>καὶ</span> <span class='ocrx_word' id='word_1_123' title='bbox 2612 1102 2874 1205; x_wconf 72' lang='grc' dir='ltr'>συνθείτω</span> <span class='ocrx_word' id='word_1_124' title='bbox 2906 1106 3018 1166; x_wconf 85' lang='grc' dir='ltr'>τοῖς</span> <span class='ocrx_word' id='word_1_125' title='bbox 3079 1104 3209 1175; x_wconf 81' lang='grc' dir='ltr'>περὶ</span> <span class='ocrx_word' id='word_1_126' title='bbox 3258 1104 3395 1159; x_wconf 75' lang='grc' dir='ltr'>Θεοῦ</span> 
     </span>
    </p>
   </div>
   <div class='ocr_carea' id='block_1_14' title="bbox 102 1193 3399 1302">
    <p class='ocr_par' dir='ltr' id='par_1_14' title="bbox 102 1193 3399 1302">
     <span class='ocr_line' id='line_1_14' title="bbox 102 1193 3399 1302; baseline -0.014 -15"><span class='ocrx_word' id='word_1_127' title='bbox 102 1234 284 1302; x_wconf 78' lang='grc' dir='ltr'>λόγοις</span> <span class='ocrx_word' id='word_1_128' title='bbox 334 1193 405 1284; x_wconf 36' lang='grc' dir='ltr'>τὶ</span> <span class='ocrx_word' id='word_1_129' title='bbox 433 1193 785 1299; x_wconf 60' lang='grc' dir='ltr'>’,πράγματῷ</span> <span class='ocrx_word' id='word_1_130' title='bbox 838 1219 975 1275; x_wconf 87' lang='grc' dir='ltr'><strong>Τότε</strong></span> <span class='ocrx_word' id='word_1_131' title='bbox 1011 1217 1121 1287; x_wconf 85' lang='grc' dir='ltr'><strong>γὰρ</strong></span> <span class='ocrx_word' id='word_1_132' title='bbox 1146 1255 1160 1279; x_wconf 94' lang='grc'><strong>,</strong></span> <span class='ocrx_word' id='word_1_133' title='bbox 1194 1212 1317 1266; x_wconf 90' lang='grc' dir='ltr'>τότε</span> <span class='ocrx_word' id='word_1_134' title='bbox 1381 1200 1719 1302; x_wconf 66' lang='grc' dir='ltr'>συνεσόμεθα</span> <span class='ocrx_word' id='word_1_135' title='bbox 1750 1198 1831 1302; x_wconf 73' lang='grc' dir='ltr'>τῷ</span> <span class='ocrx_word' id='word_1_136' title='bbox 1867 1195 2110 1302; x_wconf 43' lang='grc' dir='ltr'>Χρὶστιῖέ,</span> <span class='ocrx_word' id='word_1_137' title='bbox 2130 1195 2254 1300; x_wconf 45' lang='grc' dir='ltr'>καὶ,</span> <span class='ocrx_word' id='word_1_138' title='bbox 2282 1196 2384 1265; x_wconf 81' lang='grc' dir='ltr'>τῆς</span> <span class='ocrx_word' id='word_1_139' title='bbox 2421 1193 2781 1302; x_wconf 37' lang='grc' dir='ltr'>πρὸςθαύτδν</span> <span class='ocrx_word' id='word_1_140' title='bbox 2818 1196 3102 1261; x_wconf 81' lang='grc' dir='ltr'>κοινωνίας</span> <span class='ocrx_word' id='word_1_141' title='bbox 3124 1195 3222 1268; x_wconf 76' lang='grc' dir='ltr'>τὴν</span> <span class='ocrx_word' id='word_1_142' title='bbox 3245 1196 3399 1251; x_wconf 82' lang='grc' dir='ltr'>δύνα.</span> 
     </span>
    </p>
   </div>
   <div class='ocr_carea' id='block_1_15' title="bbox 104 1283 2747 1399">
    <p class='ocr_par' dir='ltr' id='par_1_15' title="bbox 104 1283 2747 1399">
     <span class='ocr_line' id='line_1_15' title="bbox 104 1283 2747 1399; baseline 0.012 -97"><span class='ocrx_word' id='word_1_143' title='bbox 104 1283 481 1399; x_wconf 36' lang='grc' dir='ltr'><strong>ᾖνῴν-ἇσφαλῆ</strong></span> <span class='ocrx_word' id='word_1_144' title='bbox 503 1283 724 1374; x_wconf 50' lang='grc' dir='ltr'><strong>,τεμκαὶ</strong></span> <span class='ocrx_word' id='word_1_145' title='bbox 770 1312 998 1386; x_wconf 80' lang='grc' dir='ltr'>βεϐαίαν</span> <span class='ocrx_word' id='word_1_146' title='bbox 1025 1283 1344 1377; x_wconf 24' lang='grc' dir='ltr'>τεῦροιμεν,</span> <span class='ocrx_word' id='word_1_147' title='bbox 1373 1298 1469 1354; x_wconf 79' lang='grc' dir='ltr'><strong>τὸν</strong></span> <span class='ocrx_word' id='word_1_148' title='bbox 1503 1294 1710 1399; x_wconf 48' lang='grc' dir='ltr'>ὲκῃτῆς</span> <span class='ocrx_word' id='word_1_149' title='bbox 1747 1286 2027 1399; x_wconf 50' lang='grc' dir='ltr'>ἀποτεμῆς</span> <span class='ocrx_word' id='word_1_150' title='bbox 2066 1283 2453 1399; x_wconf 46' lang='grc' dir='ltr'>δια-φεύγρντες</span> <span class='ocrx_word' id='word_1_151' title='bbox 2481 1283 2747 1399; x_wconf 58' lang='grc' dir='ltr'><strong>κίνδυνοῖἶ</strong></span> 
     </span>
    </p>
   </div>
   <div class='ocr_carea' id='block_1_16' title="bbox 170 1376 1700 1490">
    <p class='ocr_par' dir='ltr' id='par_1_16' title="bbox 170 1376 1700 1490">
     <span class='ocr_line' id='line_1_16' title="bbox 170 1376 1700 1490; baseline -0.021 -19"><span class='ocrx_word' id='word_1_152' title='bbox 170 1376 408 1490; x_wconf 63' lang='grc' dir='ltr'>έῖρηται</span> <span class='ocrx_word' id='word_1_153' title='bbox 442 1376 500 1467; x_wconf 47' lang='grc' dir='ltr'>δὲ</span> <span class='ocrx_word' id='word_1_154' title='bbox 531 1410 707 1466; x_wconf 88' lang='grc' dir='ltr'>ταῦτα</span> <span class='ocrx_word' id='word_1_155' title='bbox 736 1376 858 1463; x_wconf 72' lang='grc' dir='ltr'>νυνὶ</span> <span class='ocrx_word' id='word_1_156' title='bbox 890 1403 1023 1476; x_wconf 86' lang='grc' dir='ltr'>παρ’</span> <span class='ocrx_word' id='word_1_157' title='bbox 1047 1398 1225 1473; x_wconf 83' lang='grc' dir='ltr'>ἡμῶν,</span> <span class='ocrx_word' id='word_1_158' title='bbox 1258 1394 1493 1464; x_wconf 79' lang='grc' dir='ltr'>ἐπείπερ</span> <span class='ocrx_word' id='word_1_159' title='bbox 1524 1389 1700 1490; x_wconf 65' lang='grc' dir='ltr'>ἐδόκει</span> 
     </span>
    </p>
   </div>
   <div class='ocr_carea' id='block_1_17' title="bbox 1802 1376 3397 1490">
    <p class='ocr_par' dir='ltr' id='par_1_17' title="bbox 1877 1376 3397 1449">
     <span class='ocr_line' id='line_1_17' title="bbox 1877 1376 3397 1449; baseline -0.001 -16"><span class='ocrx_word' id='word_1_160' title='bbox 1877 1378 2039 1433; x_wconf 86' lang='lat' dir='ltr'><strong>Nunc</strong></span> <span class='ocrx_word' id='word_1_161' title='bbox 2070 1387 2255 1434; x_wconf 85' lang='lat' dir='ltr'><strong>autem</strong></span> <span class='ocrx_word' id='word_1_162' title='bbox 2288 1377 2407 1432; x_wconf 71' lang='lat' dir='ltr'><strong>haac</strong></span> <span class='ocrx_word' id='word_1_163' title='bbox 2446 1392 2477 1432; x_wconf 94' lang='lat' dir='ltr'><strong>a</strong></span> <span class='ocrx_word' id='word_1_164' title='bbox 2508 1376 2670 1432; x_wconf 87' lang='lat' dir='ltr'><strong>nobis</strong></span> <span class='ocrx_word' id='word_1_165' title='bbox 2694 1376 2845 1431; x_wconf 89' lang='lat' dir='ltr'><strong>dicta</strong></span> <span class='ocrx_word' id='word_1_166' title='bbox 2873 1382 3025 1441; x_wconf 87' lang='lat' dir='ltr'><strong>sunt,</strong></span> <span class='ocrx_word' id='word_1_167' title='bbox 3062 1376 3192 1447; x_wconf 84' lang='lat' dir='ltr'><strong>quia</strong></span> <span class='ocrx_word' id='word_1_168' title='bbox 3230 1378 3397 1449; x_wconf 87' lang='lat' dir='ltr'><strong>spiri-</strong></span> 
     </span>
    </p>
   </div>
   <div class='ocr_carea' id='block_1_18' title="bbox 102 1469 1700 1583">
    <p class='ocr_par' dir='ltr' id='par_1_18' title="bbox 102 1469 1700 1583">
     <span class='ocr_line' id='line_1_18' title="bbox 102 1469 1700 1583; baseline -0.019 -16"><span class='ocrx_word' id='word_1_169' title='bbox 102 1469 497 1583; x_wconf 57' lang='grc' dir='ltr'>πνευμάτικῶς</span> <span class='ocrx_word' id='word_1_170' title='bbox 526 1507 592 1577; x_wconf 77' lang='grc' dir='ltr'>τῇ</span> <span class='ocrx_word' id='word_1_171' title='bbox 623 1502 734 1557; x_wconf 83' lang='grc' dir='ltr'><strong>τῶν</strong></span> <span class='ocrx_word' id='word_1_172' title='bbox 775 1469 1158 1572; x_wconf 77' lang='grc' dir='ltr'>προκειμένων</span> <span class='ocrx_word' id='word_1_173' title='bbox 1193 1483 1700 1583; x_wconf 33' lang='grc' dir='ltr'>θεωρίᾳ-προσθάλ-</span> 
     </span>
    </p>
   </div>
   <div class='ocr_carea' id='block_1_19' title="bbox 1802 1469 3396 1583">
    <p class='ocr_par' dir='ltr' id='par_1_19' title="bbox 1803 1469 3396 1583">
     <span class='ocr_line' id='line_1_19' title="bbox 1803 1469 3396 1535; baseline -0.001 -7"><span class='ocrx_word' id='word_1_174' title='bbox 1803 1473 1986 1528; x_wconf 85' lang='lat' dir='ltr'><strong>taliter</strong></span> <span class='ocrx_word' id='word_1_175' title='bbox 2017 1471 2169 1527; x_wconf 87' lang='lat' dir='ltr'><strong>hunc</strong></span> <span class='ocrx_word' id='word_1_176' title='bbox 2222 1472 2407 1527; x_wconf 92' lang='lat' dir='ltr'><strong>locum</strong></span> <span class='ocrx_word' id='word_1_177' title='bbox 2460 1469 2801 1526; x_wconf 83' lang='lat' dir='ltr'><strong>intellexisse</strong></span> <span class='ocrx_word' id='word_1_178' title='bbox 2853 1469 3160 1535; x_wconf 82' lang='lat' dir='ltr'><strong>videbatur;</strong></span> <span class='ocrx_word' id='word_1_179' title='bbox 3213 1481 3396 1527; x_wconf 85' lang='lat' dir='ltr'><strong>tamen</strong></span> 
     </span>
     <span class='ocr_line' id='line_1_20' title="bbox 1816 1561 3357 1583; baseline -0.001 3"><span class='ocrx_word' id='word_1_180' title='bbox 2246 1563 2450 1583; x_wconf 42' lang='lat' dir='ltr'><strong>mm-”</strong></span> <span class='ocrx_word' id='word_1_181' title='bbox 2682 1561 2996 1583; x_wconf 50' lang='grc' dir='ltr'><strong>,ςμμεημμ</strong></span> <span class='ocrx_word' id='word_1_182' title='bbox 3208 1562 3275 1583; x_wconf 71' lang='grc' dir='ltr'><strong>η-</strong></span> <span class='ocrx_word' id='word_1_183' title='bbox 3308 1566 3357 1583; x_wconf 24' lang='grc' dir='ltr'><strong>γε</strong></span> 
     </span>
    </p>
   </div>
   <div class='ocr_carea' id='block_1_20' title="bbox 101 1561 1700 1665">
    <p class='ocr_par' dir='ltr' id='par_1_20' title="bbox 101 1561 1699 1665">
     <span class='ocr_line' id='line_1_21' title="bbox 101 1561 1699 1665; baseline -0.017 -10"><span class='ocrx_word' id='word_1_184' title='bbox 101 1561 440 1661; x_wconf 49' lang='lat' dir='ltr'><strong>Este;</strong></span> <span class='ocrx_word' id='word_1_185' title='bbox 475 1561 539 1651; x_wconf 76' lang='grc' dir='ltr'>δὲ</span> <span class='ocrx_word' id='word_1_186' title='bbox 566 1561 647 1665; x_wconf 46' lang='grc' dir='ltr'><strong>’δή</strong></span> <span class='ocrx_word' id='word_1_187' title='bbox 684 1610 738 1647; x_wconf 89' lang='grc' dir='ltr'><strong>τι</strong></span> <span class='ocrx_word' id='word_1_188' title='bbox 782 1561 877 1645; x_wconf 74' lang='grc' dir='ltr'>καὶ</span> <span class='ocrx_word' id='word_1_189' title='bbox 918 1561 1106 1659; x_wconf 69' lang='grc' dir='ltr'>ἕτερον</span> <span class='ocrx_word' id='word_1_190' title='bbox 1148 1561 1699 1649; x_wconf 15' lang='grc' dir='ltr'>ἐθέλειννὺποδηλοῦν</span> 
     </span>
    </p>
   </div>
   <div class='ocr_carea' id='block_1_21' title="bbox 1802 1561 3395 1665">
    <p class='ocr_par' dir='ltr' id='par_1_21' title="bbox 1802 1561 3395 1638">
     <span class='ocr_line' id='line_1_22' title="bbox 1802 1561 3395 1638; baseline -0.001 -17"><span class='ocrx_word' id='word_1_191' title='bbox 1802 1565 2087 1638; x_wconf 89' lang='lat' dir='ltr'><strong>probabile</strong></span> <span class='ocrx_word' id='word_1_192' title='bbox 2113 1572 2200 1622; x_wconf 88' lang='lat' dir='ltr'><strong>est</strong></span> <span class='ocrx_word' id='word_1_193' title='bbox 2243 1563 2453 1635; x_wconf 88' lang='lat' dir='ltr'><strong>aliquid</strong></span> <span class='ocrx_word' id='word_1_194' title='bbox 2496 1562 2646 1618; x_wconf 92' lang='lat' dir='ltr'><strong>aliud</strong></span> <span class='ocrx_word' id='word_1_195' title='bbox 2680 1561 3002 1635; x_wconf 87' lang='lat' dir='ltr'><strong>signiﬁcare</strong></span> <span class='ocrx_word' id='word_1_196' title='bbox 3038 1563 3180 1618; x_wconf 83' lang='lat' dir='ltr'><strong>velle</strong></span> <span class='ocrx_word' id='word_1_197' title='bbox 3205 1562 3395 1619; x_wconf 86' lang='lat' dir='ltr'><strong>Domi-</strong></span> 
     </span>
    </p>
   </div>
   <div class='ocr_carea' id='block_1_22' title="bbox 99 1654 1700 1763">
    <p class='ocr_par' dir='ltr' id='par_1_22' title="bbox 99 1654 1697 1763">
     <span class='ocr_line' id='line_1_23' title="bbox 99 1654 1697 1763; baseline -0.015 -15"><span class='ocrx_word' id='word_1_198' title='bbox 99 1694 192 1747; x_wconf 79' lang='grc' dir='ltr'><strong>τὸν</strong></span> <span class='ocrx_word' id='word_1_199' title='bbox 232 1654 471 1763; x_wconf 74' lang='grc' dir='ltr'>Κύριον,</span> <span class='ocrx_word' id='word_1_200' title='bbox 504 1688 593 1743; x_wconf 89' lang='grc' dir='ltr'><strong>διά</strong></span> <span class='ocrx_word' id='word_1_201' title='bbox 624 1654 720 1740; x_wconf 75' lang='grc' dir='ltr'><strong>τοῦ</strong></span> <span class='ocrx_word' id='word_1_202' title='bbox 759 1684 925 1755; x_wconf 80' lang='grc' dir='ltr'>φάναι</span> <span class='ocrx_word' id='word_1_203' title='bbox 959 1654 1151 1750; x_wconf 81' lang='grc' dir='ltr'>σαφῶς</span> <span class='ocrx_word' id='word_1_204' title='bbox 1171 1694 1183 1708; x_wconf 73' lang='grc'><strong><em>⁸</em></strong></span> <span class='ocrx_word' id='word_1_205' title='bbox 1218 1696 1237 1729; x_wconf 79' lang='grc' dir='ltr'><strong>ι</strong></span> <span class='ocrx_word' id='word_1_206' title='bbox 1277 1675 1395 1731; x_wconf 82' lang='grc' dir='ltr'>Πᾶν</span> <span class='ocrx_word' id='word_1_207' title='bbox 1422 1671 1612 1742; x_wconf 82' lang='grc' dir='ltr'><strong>κλῆμα</strong></span> <span class='ocrx_word' id='word_1_208' title='bbox 1637 1670 1697 1763; x_wconf 77' lang='grc' dir='ltr'>ἐν</span> 
     </span>
    </p>
   </div>
   <div class='ocr_carea' id='block_1_23' title="bbox 1802 1654 3393 1763">
    <p class='ocr_par' dir='ltr' id='par_1_23' title="bbox 1802 1654 3393 1732">
     <span class='ocr_line' id='line_1_24' title="bbox 1802 1654 3393 1732; baseline -0.003 -16"><span class='ocrx_word' id='word_1_209' title='bbox 1802 1675 1953 1727; x_wconf 90' lang='lat' dir='ltr'><strong>num,</strong></span> <span class='ocrx_word' id='word_1_210' title='bbox 1984 1675 2050 1715; x_wconf 78' lang='lat' dir='ltr'><strong>ex</strong></span> <span class='ocrx_word' id='word_1_211' title='bbox 2081 1674 2149 1715; x_wconf 92' lang='lat' dir='ltr'><strong>eo</strong></span> <span class='ocrx_word' id='word_1_212' title='bbox 2169 1658 2318 1732; x_wconf 90' lang='lat' dir='ltr'><strong>quod</strong></span> <span class='ocrx_word' id='word_1_213' title='bbox 2349 1658 2486 1714; x_wconf 88' lang='lat' dir='ltr'><strong>dicit</strong></span> <span class='ocrx_word' id='word_1_214' title='bbox 2521 1664 2752 1728; x_wconf 90' lang='lat' dir='ltr'><strong>aperte:</strong></span> <span class='ocrx_word' id='word_1_215' title='bbox 2794 1676 2812 1708; x_wconf 84' lang='grc'><strong><em>‹</em></strong></span> <span class='ocrx_word' id='word_1_216' title='bbox 2844 1654 3078 1712; x_wconf 89' lang='lat' dir='ltr'><strong>Omnem</strong></span> <span class='ocrx_word' id='word_1_217' title='bbox 3110 1656 3393 1727; x_wconf 88' lang='lat' dir='ltr'><strong>palmitem</strong></span> 
     </span>
    </p>
   </div>
   <div class='ocr_carea' id='block_1_24' title="bbox 101 1748 1700 1857">
    <p class='ocr_par' dir='ltr' id='par_1_24' title="bbox 101 1748 1693 1857">
     <span class='ocr_line' id='line_1_25' title="bbox 101 1748 1693 1857; baseline -0.016 -17"><span class='ocrx_word' id='word_1_218' title='bbox 101 1786 225 1857; x_wconf 68' lang='grc' dir='ltr'>ἐμοὶ</span> <span class='ocrx_word' id='word_1_219' title='bbox 280 1748 358 1855; x_wconf 54' lang='grc' dir='ltr'>μῖη</span> <span class='ocrx_word' id='word_1_220' title='bbox 406 1748 572 1854; x_wconf 82' lang='grc' dir='ltr'>φέρον</span> <span class='ocrx_word' id='word_1_221' title='bbox 639 1748 886 1850; x_wconf 73' lang='grc' dir='ltr'>καρπὸν,</span> <span class='ocrx_word' id='word_1_222' title='bbox 919 1748 1064 1844; x_wconf 76' lang='grc' dir='ltr'>αἴρει</span> <span class='ocrx_word' id='word_1_223' title='bbox 1119 1769 1290 1832; x_wconf 75' lang='grc' dir='ltr'>αὐτὸ,</span> <span class='ocrx_word' id='word_1_224' title='bbox 1320 1766 1416 1821; x_wconf 76' lang='grc' dir='ltr'>καὶ</span> <span class='ocrx_word' id='word_1_225' title='bbox 1471 1765 1594 1857; x_wconf 64' lang='grc' dir='ltr'><strong>πάν</strong></span> <span class='ocrx_word' id='word_1_226' title='bbox 1631 1762 1693 1816; x_wconf 83' lang='grc' dir='ltr'>τὸ</span> 
     </span>
    </p>
   </div>
   <div class='ocr_carea' id='block_1_25' title="bbox 1802 1748 3397 1857">
    <p class='ocr_par' dir='ltr' id='par_1_25' title="bbox 1802 1748 3397 1811">
     <span class='ocr_line' id='line_1_26' title="bbox 1802 1748 3397 1811; baseline -0.004 -4"><span class='ocrx_word' id='word_1_227' title='bbox 1802 1753 1852 1807; x_wconf 83' lang='grc' dir='ltr'>ἱη</span> <span class='ocrx_word' id='word_1_228' title='bbox 1905 1767 1993 1807; x_wconf 91' lang='lat' dir='ltr'><strong>me</strong></span> <span class='ocrx_word' id='word_1_229' title='bbox 2049 1766 2161 1806; x_wconf 92' lang='lat' dir='ltr'><strong>non</strong></span> <span class='ocrx_word' id='word_1_230' title='bbox 2222 1749 2488 1805; x_wconf 83' lang='lat' dir='ltr'><strong>ferentem</strong></span> <span class='ocrx_word' id='word_1_231' title='bbox 2534 1748 2777 1803; x_wconf 80' lang='lat' dir='ltr'><strong>fructum</strong></span> <span class='ocrx_word' id='word_1_232' title='bbox 2808 1786 2823 1811; x_wconf 92' lang='lat'><strong>,</strong></span> <span class='ocrx_word' id='word_1_233' title='bbox 2885 1748 3046 1802; x_wconf 91' lang='lat' dir='ltr'><strong>tollet</strong></span> <span class='ocrx_word' id='word_1_234' title='bbox 3094 1762 3220 1802; x_wconf 87' lang='lat' dir='ltr'><strong>eum</strong></span> <span class='ocrx_word' id='word_1_235' title='bbox 3270 1766 3285 1802; x_wconf 89' lang='lat'><strong>:</strong></span> <span class='ocrx_word' id='word_1_236' title='bbox 3341 1756 3397 1803; x_wconf 80' lang='lat' dir='ltr'><strong>et</strong></span> 
     </span>
    </p>
   </div>
   <div class='ocr_carea' id='block_1_26' title="bbox 102 1840 1700 1946">
    <p class='ocr_par' dir='ltr' id='par_1_26' title="bbox 102 1840 1695 1946">
     <span class='ocr_line' id='line_1_27' title="bbox 102 1840 1695 1946; baseline -0.014 -16"><span class='ocrx_word' id='word_1_237' title='bbox 102 1840 493 1946; x_wconf 61' lang='grc' dir='ltr'>κὶιρπᾶφὲρόῡᾷ</span> <span class='ocrx_word' id='word_1_238' title='bbox 550 1840 804 1940; x_wconf 74' lang='grc' dir='ltr'>καθαίρει</span> <span class='ocrx_word' id='word_1_239' title='bbox 859 1840 1026 1929; x_wconf 76' lang='grc' dir='ltr'>αὐτδ,</span> <span class='ocrx_word' id='word_1_240' title='bbox 1084 1862 1172 1916; x_wconf 80' lang='grc' dir='ltr'>ἵνα</span> <span class='ocrx_word' id='word_1_241' title='bbox 1209 1858 1422 1931; x_wconf 77' lang='grc' dir='ltr'>καρπὸν</span> <span class='ocrx_word' id='word_1_242' title='bbox 1472 1854 1695 1910; x_wconf 84' lang='grc' dir='ltr'>πλείονα</span> 
     </span>
    </p>
   </div>
   <div class='ocr_carea' id='block_1_27' title="bbox 1802 1840 3393 1946">
    <p class='ocr_par' dir='ltr' id='par_1_27' title="bbox 1802 1840 3393 1914">
     <span class='ocr_line' id='line_1_28' title="bbox 1802 1840 3393 1914; baseline -0.001 -17"><span class='ocrx_word' id='word_1_243' title='bbox 1802 1858 2018 1899; x_wconf 90' lang='lat' dir='ltr'><strong>omnem</strong></span> <span class='ocrx_word' id='word_1_244' title='bbox 2044 1844 2138 1914; x_wconf 90' lang='lat' dir='ltr'><strong>qui</strong></span> <span class='ocrx_word' id='word_1_245' title='bbox 2161 1842 2269 1899; x_wconf 77' lang='lat' dir='ltr'><strong>fert</strong></span> <span class='ocrx_word' id='word_1_246' title='bbox 2294 1841 2562 1909; x_wconf 80' lang='lat' dir='ltr'><strong>fructum,</strong></span> <span class='ocrx_word' id='word_1_247' title='bbox 2586 1841 2848 1913; x_wconf 85' lang='lat' dir='ltr'><strong>purgabit</strong></span> <span class='ocrx_word' id='word_1_248' title='bbox 2878 1855 3028 1906; x_wconf 89' lang='lat' dir='ltr'><strong>eum,</strong></span> <span class='ocrx_word' id='word_1_249' title='bbox 3061 1849 3122 1896; x_wconf 91' lang='lat' dir='ltr'><strong>ut</strong></span> <span class='ocrx_word' id='word_1_250' title='bbox 3151 1840 3393 1896; x_wconf 83' lang='lat' dir='ltr'><strong>fructum</strong></span> 
     </span>
    </p>
   </div>
   <div class='ocr_carea' id='block_1_28' title="bbox 103 1933 1700 2036">
    <p class='ocr_par' dir='ltr' id='par_1_28' title="bbox 103 1933 1697 2036">
     <span class='ocr_line' id='line_1_29' title="bbox 103 1933 1697 2036; baseline -0.014 -16"><span class='ocrx_word' id='word_1_251' title='bbox 103 1933 268 2036; x_wconf 75' lang='grc' dir='ltr'>φέρῃ.</span> <span class='ocrx_word' id='word_1_252' title='bbox 301 1933 330 2014; x_wconf 53' lang='grc' dir='ltr'><strong>ἰ</strong></span> <span class='ocrx_word' id='word_1_253' title='bbox 363 1933 569 2031; x_wconf 68' lang='grc' dir='ltr'>ίςλῆμα</span> <span class='ocrx_word' id='word_1_254' title='bbox 605 1933 736 2030; x_wconf 73' lang='grc' dir='ltr'>γὰρ,</span> <span class='ocrx_word' id='word_1_255' title='bbox 782 1950 962 2027; x_wconf 74' lang='grc' dir='ltr'>οἴμαι,</span> <span class='ocrx_word' id='word_1_256' title='bbox 991 1953 1053 2007; x_wconf 84' lang='grc' dir='ltr'><strong>τὸ</strong></span> <span class='ocrx_word' id='word_1_257' title='bbox 1075 1954 1143 2024; x_wconf 80' lang='grc' dir='ltr'>τῇ</span> <span class='ocrx_word' id='word_1_258' title='bbox 1192 1947 1287 2003; x_wconf 90' lang='grc' dir='ltr'><strong>τοῦ</strong></span> <span class='ocrx_word' id='word_1_259' title='bbox 1323 1946 1535 2019; x_wconf 80' lang='grc' dir='ltr'>Πατρὸς</span> <span class='ocrx_word' id='word_1_260' title='bbox 1559 1946 1697 2036; x_wconf 77' lang='grc' dir='ltr'><strong>ἀπο⁴</strong></span> 
     </span>
    </p>
   </div>
   <div class='ocr_carea' id='block_1_29' title="bbox 1802 1933 3395 2036">
    <p class='ocr_par' dir='ltr' id='par_1_29' title="bbox 1802 1933 3395 2008">
     <span class='ocr_line' id='line_1_30' title="bbox 1802 1933 3395 2008; baseline -0.001 -17"><span class='ocrx_word' id='word_1_261' title='bbox 1802 1935 1923 2008; x_wconf 91' lang='lat' dir='ltr'><strong>plus</strong></span> <span class='ocrx_word' id='word_1_262' title='bbox 1958 1935 2170 1992; x_wconf 85' lang='lat' dir='ltr'><strong>aﬁerat.</strong></span> <span class='ocrx_word' id='word_1_263' title='bbox 2202 1954 2223 1988; x_wconf 70' lang='grc' dir='ltr'><strong>ι</strong></span> <span class='ocrx_word' id='word_1_264' title='bbox 2269 1934 2487 1992; x_wconf 86' lang='lat' dir='ltr'><strong>Palmes</strong></span> <span class='ocrx_word' id='word_1_265' title='bbox 2530 1937 2704 2002; x_wconf 90' lang='lat' dir='ltr'><strong>enim,</strong></span> <span class='ocrx_word' id='word_1_266' title='bbox 2755 1946 2816 1991; x_wconf 95' lang='lat' dir='ltr'><strong>ut</strong></span> <span class='ocrx_word' id='word_1_267' title='bbox 2868 1951 3019 2003; x_wconf 88' lang='lat' dir='ltr'><strong>reor,</strong></span> <span class='ocrx_word' id='word_1_268' title='bbox 3077 1933 3395 1991; x_wconf 63' lang='lat' dir='ltr'><strong>Judmorum</strong></span> 
     </span>
    </p>
   </div>
   <div class='ocr_carea' id='block_1_30' title="bbox 101 2035 1698 2129">
    <p class='ocr_par' dir='ltr' id='par_1_30' title="bbox 101 2035 1698 2129">
     <span class='ocr_line' id='line_1_31' title="bbox 101 2035 1698 2129; baseline -0.013 -19"><span class='ocrx_word' id='word_1_269' title='bbox 101 2035 268 2129; x_wconf 75' lang='grc' dir='ltr'>τομίᾳ</span> <span class='ocrx_word' id='word_1_270' title='bbox 297 2054 401 2125; x_wconf 78' lang='grc' dir='ltr'><strong>τῆς</strong></span> <span class='ocrx_word' id='word_1_271' title='bbox 430 2054 510 2117; x_wconf 85' lang='grc' dir='ltr'><strong>είς</strong></span> <span class='ocrx_word' id='word_1_272' title='bbox 537 2049 773 2123; x_wconf 83' lang='grc' dir='ltr'>Χριστὸν</span> <span class='ocrx_word' id='word_1_273' title='bbox 797 2045 1082 2108; x_wconf 80' lang='grc' dir='ltr'>κοινωνίας</span> <span class='ocrx_word' id='word_1_274' title='bbox 1128 2040 1580 2110; x_wconf 75' lang='grc' dir='ltr'><strong>ἀπεσπασμένον,</strong></span> <span class='ocrx_word' id='word_1_275' title='bbox 1604 2035 1698 2090; x_wconf 75' lang='grc' dir='ltr'>τὸν</span> 
     </span>
    </p>
   </div>
   <div class='ocr_carea' id='block_1_31' title="bbox 102 2132 1699 2219">
    <p class='ocr_par' dir='ltr' id='par_1_31' title="bbox 102 2132 1699 2219">
     <span class='ocr_line' id='line_1_32' title="bbox 102 2132 1699 2219; baseline -0.011 -17"><span class='ocrx_word' id='word_1_276' title='bbox 102 2151 180 2213; x_wconf 82' lang='grc' dir='ltr'><strong>είς</strong></span> <span class='ocrx_word' id='word_1_277' title='bbox 211 2146 525 2219; x_wconf 79' lang='grc' dir='ltr'>εὐκαρπίαν</span> <span class='ocrx_word' id='word_1_278' title='bbox 542 2144 645 2198; x_wconf 81' lang='grc' dir='ltr'>οὐκ</span> <span class='ocrx_word' id='word_1_279' title='bbox 669 2140 978 2212; x_wconf 77' lang='grc' dir='ltr'>ἐπιτήδειον</span> <span class='ocrx_word' id='word_1_280' title='bbox 996 2138 1106 2193; x_wconf 86' lang='grc' dir='ltr'><strong>τῶν</strong></span> <span class='ocrx_word' id='word_1_281' title='bbox 1132 2133 1403 2191; x_wconf 82' lang='grc' dir='ltr'>Ἰουδαίων</span> <span class='ocrx_word' id='word_1_282' title='bbox 1440 2132 1699 2204; x_wconf 79' lang='grc' dir='ltr'>σημαίνει</span> 
     </span>
    </p>
   </div>
   <div class='ocr_carea' id='block_1_32' title="bbox 108 2227 1700 2310">
    <p class='ocr_par' dir='ltr' id='par_1_32' title="bbox 108 2227 1700 2310">
     <span class='ocr_line' id='line_1_33' title="bbox 108 2227 1700 2310; baseline -0.013 -13"><span class='ocrx_word' id='word_1_283' title='bbox 108 2242 255 2310; x_wconf 80' lang='grc' dir='ltr'>λαὸν,</span> <span class='ocrx_word' id='word_1_284' title='bbox 284 2235 368 2305; x_wconf 71' lang='grc' dir='ltr'>οἷς</span> <span class='ocrx_word' id='word_1_285' title='bbox 399 2240 493 2295; x_wconf 57' lang='grc' dir='ltr'><strong>καὶ⁵</strong></span> <span class='ocrx_word' id='word_1_286' title='bbox 521 2238 709 2308; x_wconf 81' lang='grc' dir='ltr'>ἀξίνην</span> <span class='ocrx_word' id='word_1_287' title='bbox 742 2230 1207 2305; x_wconf 82' lang='grc' dir='ltr'>έπενεχθήσεσθαί</span> <span class='ocrx_word' id='word_1_288' title='bbox 1236 2243 1403 2299; x_wconf 86' lang='grc' dir='ltr'>φησιν</span> <span class='ocrx_word' id='word_1_289' title='bbox 1421 2227 1700 2299; x_wconf 83' lang='grc' dir='ltr'>ὁτρισμα-</span> 
     </span>
    </p>
   </div>
   <div class='ocr_carea' id='block_1_33' title="bbox 109 2313 1700 2401">
    <p class='ocr_par' dir='ltr' id='par_1_33' title="bbox 109 2313 1700 2401">
     <span class='ocr_line' id='line_1_34' title="bbox 109 2313 1700 2401; baseline -0.013 -16"><span class='ocrx_word' id='word_1_290' title='bbox 109 2332 304 2401; x_wconf 87' lang='grc' dir='ltr'>κάριος</span> <span class='ocrx_word' id='word_1_291' title='bbox 371 2330 643 2400; x_wconf 81' lang='grc' dir='ltr'><strong>Ἰωάννης,</strong></span> <span class='ocrx_word' id='word_1_292' title='bbox 695 2325 832 2397; x_wconf 75' lang='grc' dir='ltr'>πυρὶ</span> <span class='ocrx_word' id='word_1_293' title='bbox 889 2318 1364 2394; x_wconf 83' lang='grc' dir='ltr'>παραδοθήσεσθαι</span> <span class='ocrx_word' id='word_1_294' title='bbox 1406 2315 1585 2384; x_wconf 85' lang='grc' dir='ltr'>λέγων</span> <span class='ocrx_word' id='word_1_295' title='bbox 1637 2313 1700 2367; x_wconf 85' lang='grc' dir='ltr'>τὸ</span> 
     </span>
    </p>
   </div>
   <div class='ocr_carea' id='block_1_34' title="bbox 102 2408 1697 2493">
    <p class='ocr_par' dir='ltr' id='par_1_34' title="bbox 102 2408 1697 2493">
     <span class='ocr_line' id='line_1_35' title="bbox 102 2408 1697 2493; baseline -0.011 -16"><span class='ocrx_word' id='word_1_296' title='bbox 102 2421 549 2493; x_wconf 81' lang='grc' dir='ltr'>ἀποτεμνόμενον</span> <span class='ocrx_word' id='word_1_297' title='bbox 589 2418 822 2490; x_wconf 78' lang='grc' dir='ltr'><strong>δένδρον.</strong></span> <span class='ocrx_word' id='word_1_298' title='bbox 854 2416 933 2470; x_wconf 90' lang='grc' dir='ltr'><strong>Τά</strong></span> <span class='ocrx_word' id='word_1_299' title='bbox 959 2415 1016 2468; x_wconf 82' lang='grc' dir='ltr'>δὲ</span> <span class='ocrx_word' id='word_1_300' title='bbox 1043 2413 1251 2477; x_wconf 81' lang='grc' dir='ltr'>τελείας</span> <span class='ocrx_word' id='word_1_301' title='bbox 1294 2410 1395 2482; x_wconf 86' lang='grc' dir='ltr'>μὲν</span> <span class='ocrx_word' id='word_1_302' title='bbox 1420 2409 1481 2463; x_wconf 81' lang='grc' dir='ltr'>οὐ</span> <span class='ocrx_word' id='word_1_303' title='bbox 1511 2408 1697 2477; x_wconf 87' lang='grc' dir='ltr'>δεδεη-</span> 
     </span>
    </p>
   </div>
   <div class='ocr_carea' id='block_1_35' title="bbox 108 2498 1701 2585">
    <p class='ocr_par' dir='ltr' id='par_1_35' title="bbox 108 2498 1701 2585">
     <span class='ocr_line' id='line_1_36' title="bbox 108 2498 1701 2585; baseline -0.011 -17"><span class='ocrx_word' id='word_1_304' title='bbox 108 2512 243 2585; x_wconf 71' lang='grc' dir='ltr'>μένα</span> <span class='ocrx_word' id='word_1_305' title='bbox 263 2515 463 2584; x_wconf 85' lang='grc' dir='ltr'><strong>τομῆς,</strong></span> <span class='ocrx_word' id='word_1_306' title='bbox 487 2511 830 2582; x_wconf 83' lang='grc' dir='ltr'>ἀπομένοντα</span> <span class='ocrx_word' id='word_1_307' title='bbox 853 2507 910 2561; x_wconf 81' lang='grc' dir='ltr'>δὲ</span> <span class='ocrx_word' id='word_1_308' title='bbox 933 2507 991 2561; x_wconf 81' lang='grc' dir='ltr'>ὲν</span> <span class='ocrx_word' id='word_1_309' title='bbox 1014 2508 1084 2577; x_wconf 83' lang='grc' dir='ltr'><strong>τῇ</strong></span> <span class='ocrx_word' id='word_1_310' title='bbox 1115 2501 1346 2576; x_wconf 81' lang='grc' dir='ltr'>ἀμπέλῳ</span> <span class='ocrx_word' id='word_1_311' title='bbox 1366 2503 1461 2557; x_wconf 78' lang='grc' dir='ltr'>καὶ</span> <span class='ocrx_word' id='word_1_312' title='bbox 1481 2503 1548 2572; x_wconf 79' lang='grc' dir='ltr'><strong>τῇ</strong></span> <span class='ocrx_word' id='word_1_313' title='bbox 1580 2498 1701 2570; x_wconf 77' lang='grc' dir='ltr'>θείᾳ</span> 
     </span>
    </p>
   </div>
   <div class='ocr_carea' id='block_1_36' title="bbox 106 2592 1701 2680">
    <p class='ocr_par' dir='ltr' id='par_1_36' title="bbox 106 2592 1701 2680">
     <span class='ocr_line' id='line_1_37' title="bbox 106 2592 1701 2680; baseline -0.012 -17"><span class='ocrx_word' id='word_1_314' title='bbox 106 2606 349 2680; x_wconf 80' lang='grc' dir='ltr'>φροντίδι</span> <span class='ocrx_word' id='word_1_315' title='bbox 381 2600 834 2675; x_wconf 89' lang='grc' dir='ltr'>διακαθαίρεσθαι</span> <span class='ocrx_word' id='word_1_316' title='bbox 865 2599 1127 2673; x_wconf 85' lang='grc' dir='ltr'>μέλλοντα</span> <span class='ocrx_word' id='word_1_317' title='bbox 1145 2636 1160 2662; x_wconf 91' lang='grc'><strong>,</strong></span> <span class='ocrx_word' id='word_1_318' title='bbox 1186 2595 1313 2660; x_wconf 82' lang='grc' dir='ltr'>τούς</span> <span class='ocrx_word' id='word_1_319' title='bbox 1340 2611 1400 2647; x_wconf 89' lang='grc' dir='ltr'><strong>τε</strong></span> <span class='ocrx_word' id='word_1_320' title='bbox 1434 2592 1495 2659; x_wconf 72' lang='grc' dir='ltr'>ἐξ</span> <span class='ocrx_word' id='word_1_321' title='bbox 1520 2592 1701 2646; x_wconf 80' lang='grc' dir='ltr'>αὐτῶν</span> 
     </span>
    </p>
   </div>
   <div class='ocr_carea' id='block_1_37' title="bbox 106 2685 1699 2763">
    <p class='ocr_par' dir='ltr' id='par_1_37' title="bbox 106 2685 1699 2763">
     <span class='ocr_line' id='line_1_38' title="bbox 106 2685 1699 2763; baseline -0.012 -9"><span class='ocrx_word' id='word_1_322' title='bbox 106 2698 545 2763; x_wconf 84' lang='grc' dir='ltr'>πεπιστευκότας</span> <span class='ocrx_word' id='word_1_323' title='bbox 586 2697 693 2751; x_wconf 85' lang='grc' dir='ltr'>τῶν</span> <span class='ocrx_word' id='word_1_324' title='bbox 737 2692 1031 2757; x_wconf 85' lang='grc' dir='ltr'>Ἰουδαίων,</span> <span class='ocrx_word' id='word_1_325' title='bbox 1062 2691 1309 2763; x_wconf 78' lang='grc' dir='ltr'>καὶτοὺς</span> <span class='ocrx_word' id='word_1_326' title='bbox 1351 2687 1438 2741; x_wconf 77' lang='grc' dir='ltr'><strong>ἐπ’</strong></span> <span class='ocrx_word' id='word_1_327' title='bbox 1469 2685 1699 2747; x_wconf 75' lang='grc' dir='ltr'>ἐκείνοις</span> 
     </span>
    </p>
   </div>
   <div class='ocr_carea' id='block_1_38' title="bbox 107 2776 1695 2864">
    <p class='ocr_par' dir='ltr' id='par_1_38' title="bbox 107 2776 1695 2864">
     <span class='ocr_line' id='line_1_39' title="bbox 107 2776 1695 2864; baseline -0.011 -19"><span class='ocrx_word' id='word_1_328' title='bbox 107 2792 541 2864; x_wconf 69' lang='grc' dir='ltr'>ἐπιστρέφοντας</span> <span class='ocrx_word' id='word_1_329' title='bbox 569 2789 629 2856; x_wconf 72' lang='grc' dir='ltr'>ἐξ</span> <span class='ocrx_word' id='word_1_330' title='bbox 670 2786 862 2852; x_wconf 73' lang='grc' dir='ltr'>ἐθνῶν,</span> <span class='ocrx_word' id='word_1_331' title='bbox 899 2780 981 2849; x_wconf 75' lang='grc' dir='ltr'>οἷς</span> <span class='ocrx_word' id='word_1_332' title='bbox 1033 2783 1131 2855; x_wconf 86' lang='grc' dir='ltr'><strong>μία</strong></span> <span class='ocrx_word' id='word_1_333' title='bbox 1176 2782 1275 2854; x_wconf 81' lang='grc' dir='ltr'>μὲν</span> <span class='ocrx_word' id='word_1_334' title='bbox 1308 2782 1343 2851; x_wconf 74' lang='grc' dir='ltr'>ἡ</span> <span class='ocrx_word' id='word_1_335' title='bbox 1390 2776 1695 2849; x_wconf 77' lang='grc' dir='ltr'>κάθαρσιςο</span> 
     </span>
    </p>
   </div>
   <div class='ocr_carea' id='block_1_39' title="bbox 107 2870 1702 2955">
    <p class='ocr_par' dir='ltr' id='par_1_39' title="bbox 107 2870 1702 2955">
     <span class='ocr_line' id='line_1_40' title="bbox 107 2870 1702 2955; baseline -0.011 -16"><span class='ocrx_word' id='word_1_336' title='bbox 107 2888 164 2939; x_wconf 73' lang='grc' dir='ltr'>ὲν</span> <span class='ocrx_word' id='word_1_337' title='bbox 196 2884 482 2955; x_wconf 84' lang='grc' dir='ltr'>Πνεύματι</span> <span class='ocrx_word' id='word_1_338' title='bbox 502 2881 611 2953; x_wconf 72' lang='grc' dir='ltr'>γὰρ</span> <span class='ocrx_word' id='word_1_339' title='bbox 636 2881 870 2935; x_wconf 86' lang='grc' dir='ltr'>τελεῖται</span> <span class='ocrx_word' id='word_1_340' title='bbox 902 2876 982 2950; x_wconf 79' lang='grc' dir='ltr'><strong>τῷ</strong></span> <span class='ocrx_word' id='word_1_341' title='bbox 1007 2877 1167 2946; x_wconf 86' lang='grc' dir='ltr'>ἀγίῳ,</span> <span class='ocrx_word' id='word_1_342' title='bbox 1208 2894 1227 2927; x_wconf 78' lang='grc' dir='ltr'><strong>ι</strong></span> <span class='ocrx_word' id='word_1_343' title='bbox 1267 2872 1409 2927; x_wconf 86' lang='grc' dir='ltr'><strong>κατά</strong></span> <span class='ocrx_word' id='word_1_344' title='bbox 1438 2870 1536 2934; x_wconf 81' lang='grc' dir='ltr'><strong>τὰς</strong></span> <span class='ocrx_word' id='word_1_345' title='bbox 1559 2870 1702 2940; x_wconf 85' lang='grc' dir='ltr'>Γρα-</span> 
     </span>
    </p>
   </div>
   <div class='ocr_carea' id='block_1_40' title="bbox 110 2958 1702 3050">
    <p class='ocr_par' dir='ltr' id='par_1_40' title="bbox 110 2958 1702 3050">
     <span class='ocr_line' id='line_1_41' title="bbox 110 2958 1702 3050; baseline -0.014 -16"><span class='ocrx_word' id='word_1_346' title='bbox 110 2980 234 3050; x_wconf 82' lang='grc' dir='ltr'>φάς.</span> <span class='ocrx_word' id='word_1_347' title='bbox 292 2976 565 3047; x_wconf 83' lang='grc' dir='ltr'>Ἐτεροῖός</span> <span class='ocrx_word' id='word_1_348' title='bbox 611 2990 676 3043; x_wconf 86' lang='grc' dir='ltr'><strong>γε</strong></span> <span class='ocrx_word' id='word_1_349' title='bbox 737 2972 868 3044; x_wconf 84' lang='grc' dir='ltr'>μὴν,</span> <span class='ocrx_word' id='word_1_350' title='bbox 900 2971 994 3025; x_wconf 75' lang='grc' dir='ltr'>καὶ</span> <span class='ocrx_word' id='word_1_351' title='bbox 1046 2962 1506 3040; x_wconf 83' lang='grc' dir='ltr'>παρηλλαγμένος</span> <span class='ocrx_word' id='word_1_352' title='bbox 1548 2963 1577 3015; x_wconf 98' lang='lat'><strong>6</strong></span> <span class='ocrx_word' id='word_1_353' title='bbox 1605 2958 1702 3050; x_wconf 89' lang='grc' dir='ltr'><strong>τοῦ</strong></span> 
     </span>
    </p>
   </div>
   <div class='ocr_carea' id='block_1_41' title="bbox 109 3048 1704 3137">
    <p class='ocr_par' dir='ltr' id='par_1_41' title="bbox 109 3048 1704 3137">
     <span class='ocr_line' id='line_1_42' title="bbox 109 3048 1704 3137; baseline -0.013 -13"><span class='ocrx_word' id='word_1_354' title='bbox 109 3048 470 3137; x_wconf 83' lang='grc' dir='ltr'>καθαίρεσθαι</span> <span class='ocrx_word' id='word_1_355' title='bbox 532 3065 754 3135; x_wconf 85' lang='grc' dir='ltr'>τρόπος.</span> <span class='ocrx_word' id='word_1_356' title='bbox 828 3059 1219 3131; x_wconf 86' lang='grc' dir='ltr'>Ἀποτέμνεται</span> <span class='ocrx_word' id='word_1_357' title='bbox 1288 3055 1397 3127; x_wconf 85' lang='grc' dir='ltr'><strong>γὰρ</strong></span> <span class='ocrx_word' id='word_1_358' title='bbox 1465 3053 1575 3108; x_wconf 85' lang='grc' dir='ltr'><strong>τῶν</strong></span> <span class='ocrx_word' id='word_1_359' title='bbox 1640 3048 1704 3117; x_wconf 74' lang='grc' dir='ltr'>ἐξ</span> 
     </span>
    </p>
   </div>
   <div class='ocr_carea' id='block_1_42' title="bbox 1798 2026 3397 2101">
    <p class='ocr_par' dir='ltr' id='par_1_42' title="bbox 1798 2026 3397 2101">
     <span class='ocr_line' id='line_1_43' title="bbox 1798 2026 3397 2101; baseline 0 -18"><span class='ocrx_word' id='word_1_360' title='bbox 1798 2026 2060 2101; x_wconf 87' lang='lat' dir='ltr'><strong>populum</strong></span> <span class='ocrx_word' id='word_1_361' title='bbox 2095 2026 2389 2099; x_wconf 88' lang='lat' dir='ltr'><strong>signiﬁcat,</strong></span> <span class='ocrx_word' id='word_1_362' title='bbox 2434 2041 2466 2082; x_wconf 92' lang='lat' dir='ltr'><strong>a</strong></span> <span class='ocrx_word' id='word_1_363' title='bbox 2504 2029 2897 2084; x_wconf 87' lang='lat' dir='ltr'><strong>communione</strong></span> <span class='ocrx_word' id='word_1_364' title='bbox 2931 2026 3140 2084; x_wconf 86' lang='lat' dir='ltr'><strong>Christi</strong></span> <span class='ocrx_word' id='word_1_365' title='bbox 3171 2043 3201 2081; x_wconf 84' lang='lat' dir='ltr'><strong>a</strong></span> <span class='ocrx_word' id='word_1_366' title='bbox 3232 2026 3397 2083; x_wconf 84' lang='lat' dir='ltr'><strong>Patre</strong></span> 
     </span>
    </p>
   </div>
   <div class='ocr_carea' id='block_1_43' title="bbox 1800 2116 3394 2192">
    <p class='ocr_par' dir='ltr' id='par_1_43' title="bbox 1800 2116 3394 2192">
     <span class='ocr_line' id='line_1_44' title="bbox 1800 2116 3394 2192; baseline -0.003 -17"><span class='ocrx_word' id='word_1_367' title='bbox 1800 2126 2170 2192; x_wconf 83' lang='lat' dir='ltr'><strong>amputatum,</strong></span> <span class='ocrx_word' id='word_1_368' title='bbox 2200 2118 2357 2174; x_wconf 91' lang='lat' dir='ltr'><strong>illum</strong></span> <span class='ocrx_word' id='word_1_369' title='bbox 2384 2116 2799 2191; x_wconf 86' lang='lat' dir='ltr'><strong>infrugil&#39;erum,</strong></span> <span class='ocrx_word' id='word_1_370' title='bbox 2826 2118 3031 2190; x_wconf 84' lang='lat' dir='ltr'><strong>quibus</strong></span> <span class='ocrx_word' id='word_1_371' title='bbox 3065 2125 3121 2173; x_wconf 89' lang='lat' dir='ltr'><strong>et</strong></span> <span class='ocrx_word' id='word_1_372' title='bbox 3154 2118 3394 2173; x_wconf 87' lang='lat' dir='ltr'><strong>securim</strong></span> 
     </span>
    </p>
   </div>
   <div class='ocr_carea' id='block_1_44' title="bbox 1800 2208 3398 2284">
    <p class='ocr_par' dir='ltr' id='par_1_44' title="bbox 1800 2208 3398 2284">
     <span class='ocr_line' id='line_1_45' title="bbox 1800 2208 3398 2284; baseline 0 -17"><span class='ocrx_word' id='word_1_373' title='bbox 1800 2212 2106 2267; x_wconf 89' lang='lat' dir='ltr'><strong>adhibitum</strong></span> <span class='ocrx_word' id='word_1_374' title='bbox 2138 2210 2208 2267; x_wconf 88' lang='lat' dir='ltr'><strong>iri</strong></span> <span class='ocrx_word' id='word_1_375' title='bbox 2240 2218 2327 2266; x_wconf 89' lang='lat' dir='ltr'><strong>ter</strong></span> <span class='ocrx_word' id='word_1_376' title='bbox 2353 2211 2553 2267; x_wconf 89' lang='lat' dir='ltr'><strong>beatus</strong></span> <span class='ocrx_word' id='word_1_377' title='bbox 2586 2208 2830 2267; x_wconf 80' lang='lat' dir='ltr'><strong>Joannes</strong></span> <span class='ocrx_word' id='word_1_378' title='bbox 2856 2211 3157 2284; x_wconf 88' lang='lat' dir='ltr'><strong>signiﬁcat,</strong></span> <span class='ocrx_word' id='word_1_379' title='bbox 3197 2210 3398 2267; x_wconf 81' lang='lat' dir='ltr'><strong>dicens</strong></span> 
     </span>
    </p>
   </div>
   <div class='ocr_carea' id='block_1_45' title="bbox 1800 2303 3397 2377">
    <p class='ocr_par' dir='ltr' id='par_1_45' title="bbox 1800 2303 3397 2377">
     <span class='ocr_line' id='line_1_46' title="bbox 1800 2303 3397 2377; baseline -0.003 -16"><span class='ocrx_word' id='word_1_380' title='bbox 1800 2306 1915 2377; x_wconf 89' lang='lat' dir='ltr'><strong>igni</strong></span> <span class='ocrx_word' id='word_1_381' title='bbox 1951 2304 2216 2360; x_wconf 91' lang='lat' dir='ltr'><strong>traditum</strong></span> <span class='ocrx_word' id='word_1_382' title='bbox 2243 2304 2312 2359; x_wconf 91' lang='lat' dir='ltr'><strong>iri</strong></span> <span class='ocrx_word' id='word_1_383' title='bbox 2336 2304 2613 2360; x_wconf 88' lang='lat' dir='ltr'><strong>succisam</strong></span> <span class='ocrx_word' id='word_1_384' title='bbox 2639 2304 2916 2360; x_wconf 88' lang='lat' dir='ltr'><strong>arborem.</strong></span> <span class='ocrx_word' id='word_1_385' title='bbox 2945 2303 3055 2358; x_wconf 87' lang='lat' dir='ltr'><strong>Sed</strong></span> <span class='ocrx_word' id='word_1_386' title='bbox 3086 2309 3142 2358; x_wconf 91' lang='lat' dir='ltr'><strong>et</strong></span> <span class='ocrx_word' id='word_1_387' title='bbox 3174 2317 3240 2357; x_wconf 87' lang='lat' dir='ltr'><strong>ea</strong></span> <span class='ocrx_word' id='word_1_388' title='bbox 3274 2317 3397 2372; x_wconf 73' lang='lat' dir='ltr'><strong>qua:</strong></span> 
     </span>
    </p>
   </div>
   <div class='ocr_carea' id='block_1_46' title="bbox 1800 2394 3398 2470">
    <p class='ocr_par' dir='ltr' id='par_1_46' title="bbox 1800 2394 3398 2470">
     <span class='ocr_line' id='line_1_47' title="bbox 1800 2394 3398 2470; baseline -0.002 -17"><span class='ocrx_word' id='word_1_389' title='bbox 1800 2398 1965 2470; x_wconf 89' lang='lat' dir='ltr'><strong>digna</strong></span> <span class='ocrx_word' id='word_1_390' title='bbox 2001 2412 2108 2451; x_wconf 89' lang='lat' dir='ltr'><strong>non</strong></span> <span class='ocrx_word' id='word_1_391' title='bbox 2138 2404 2269 2452; x_wconf 89' lang='lat' dir='ltr'><strong>sunt</strong></span> <span class='ocrx_word' id='word_1_392' title='bbox 2298 2411 2403 2451; x_wconf 90' lang='lat' dir='ltr'><strong>cur</strong></span> <span class='ocrx_word' id='word_1_393' title='bbox 2434 2396 2660 2468; x_wconf 89' lang='lat' dir='ltr'><strong>penitus</strong></span> <span class='ocrx_word' id='word_1_394' title='bbox 2682 2402 3032 2460; x_wconf 87' lang='lat' dir='ltr'><strong>resecentur,</strong></span> <span class='ocrx_word' id='word_1_395' title='bbox 3058 2394 3155 2451; x_wconf 92' lang='lat' dir='ltr'><strong>sed</strong></span> <span class='ocrx_word' id='word_1_396' title='bbox 3193 2394 3249 2450; x_wconf 91' lang='lat' dir='ltr'><strong>in</strong></span> <span class='ocrx_word' id='word_1_397' title='bbox 3282 2396 3398 2450; x_wconf 82' lang='lat' dir='ltr'><strong>vite</strong></span> 
     </span>
    </p>
   </div>
   <div class='ocr_carea' id='block_1_47' title="bbox 1805 2487 3395 2560">
    <p class='ocr_par' dir='ltr' id='par_1_47' title="bbox 1805 2487 3395 2560">
     <span class='ocr_line' id='line_1_48' title="bbox 1805 2487 3395 2560; baseline -0.001 -16"><span class='ocrx_word' id='word_1_398' title='bbox 1805 2497 2124 2555; x_wconf 88' lang='lat' dir='ltr'><strong>remanent,</strong></span> <span class='ocrx_word' id='word_1_399' title='bbox 2159 2503 2224 2545; x_wconf 88' lang='lat' dir='ltr'><strong>ac</strong></span> <span class='ocrx_word' id='word_1_400' title='bbox 2254 2488 2444 2545; x_wconf 85' lang='lat' dir='ltr'><strong>divina</strong></span> <span class='ocrx_word' id='word_1_401' title='bbox 2484 2503 2620 2543; x_wconf 88' lang='lat' dir='ltr'><strong>cura</strong></span> <span class='ocrx_word' id='word_1_402' title='bbox 2652 2487 2939 2560; x_wconf 82' lang='lat' dir='ltr'><strong>purganda</strong></span> <span class='ocrx_word' id='word_1_403' title='bbox 2980 2487 3246 2552; x_wconf 91' lang='lat' dir='ltr'><strong>veniunt,</strong></span> <span class='ocrx_word' id='word_1_404' title='bbox 3278 2498 3395 2543; x_wconf 88' lang='lat' dir='ltr'><strong>tum</strong></span> 
     </span>
    </p>
   </div>
   <div class='ocr_carea' id='block_1_48' title="bbox 1801 2579 3396 2655">
    <p class='ocr_par' dir='ltr' id='par_1_48' title="bbox 1801 2579 3396 2655">
     <span class='ocr_line' id='line_1_49' title="bbox 1801 2579 3396 2655; baseline -0.003 -16"><span class='ocrx_word' id='word_1_405' title='bbox 1801 2583 1895 2655; x_wconf 90' lang='lat' dir='ltr'><strong>qui</strong></span> <span class='ocrx_word' id='word_1_406' title='bbox 1940 2597 2007 2639; x_wconf 79' lang='lat' dir='ltr'><strong>ex</strong></span> <span class='ocrx_word' id='word_1_407' title='bbox 2043 2579 2249 2637; x_wconf 67' lang='lat' dir='ltr'><strong>Iudaeis</strong></span> <span class='ocrx_word' id='word_1_408' title='bbox 2308 2582 2448 2652; x_wconf 88' lang='lat' dir='ltr'><strong>ipsis</strong></span> <span class='ocrx_word' id='word_1_409' title='bbox 2503 2581 2887 2646; x_wconf 88' lang='lat' dir='ltr'><strong>crediderunt,</strong></span> <span class='ocrx_word' id='word_1_410' title='bbox 2914 2580 3084 2651; x_wconf 78' lang='lat'><strong>870</strong></span> <span class='ocrx_word' id='word_1_411' title='bbox 3129 2590 3242 2634; x_wconf 94' lang='lat' dir='ltr'><strong>tum</strong></span> <span class='ocrx_word' id='word_1_412' title='bbox 3299 2579 3396 2649; x_wconf 91' lang='lat' dir='ltr'><strong>qui</strong></span> 
     </span>
    </p>
   </div>
   <div class='ocr_carea' id='block_1_49' title="bbox 1802 2671 3397 2747">
    <p class='ocr_par' dir='ltr' id='par_1_49' title="bbox 1802 2671 3397 2747">
     <span class='ocr_line' id='line_1_50' title="bbox 1802 2671 3397 2747; baseline -0.004 -17"><span class='ocrx_word' id='word_1_413' title='bbox 1802 2684 1932 2747; x_wconf 90' lang='lat' dir='ltr'><strong>post</strong></span> <span class='ocrx_word' id='word_1_414' title='bbox 1966 2674 2090 2731; x_wconf 90' lang='lat' dir='ltr'><strong>illos</strong></span> <span class='ocrx_word' id='word_1_415' title='bbox 2131 2690 2199 2729; x_wconf 79' lang='lat' dir='ltr'><strong>ex</strong></span> <span class='ocrx_word' id='word_1_416' title='bbox 2250 2674 2513 2745; x_wconf 82' lang='lat' dir='ltr'><strong>gentibus</strong></span> <span class='ocrx_word' id='word_1_417' title='bbox 2545 2674 2802 2728; x_wconf 80' lang='lat' dir='ltr'><strong>conversi</strong></span> <span class='ocrx_word' id='word_1_418' title='bbox 2843 2681 2994 2737; x_wconf 90' lang='lat' dir='ltr'><strong>sunt,</strong></span> <span class='ocrx_word' id='word_1_419' title='bbox 3041 2671 3246 2743; x_wconf 83' lang='lat' dir='ltr'><strong>quibus</strong></span> <span class='ocrx_word' id='word_1_420' title='bbox 3282 2686 3397 2725; x_wconf 78' lang='lat' dir='ltr'><strong>una</strong></span> 
     </span>
    </p>
   </div>
   <div class='ocr_carea' id='block_1_50' title="bbox 1803 2763 3397 2838">
    <p class='ocr_par' dir='ltr' id='par_1_50' title="bbox 1803 2763 3397 2838">
     <span class='ocr_line' id='line_1_51' title="bbox 1803 2763 3397 2838; baseline -0.001 -17"><span class='ocrx_word' id='word_1_421' title='bbox 1803 2768 2024 2838; x_wconf 88' lang='lat' dir='ltr'><strong>quidem</strong></span> <span class='ocrx_word' id='word_1_422' title='bbox 2062 2774 2147 2822; x_wconf 89' lang='lat' dir='ltr'><strong>est</strong></span> <span class='ocrx_word' id='word_1_423' title='bbox 2207 2766 2502 2836; x_wconf 88' lang='lat' dir='ltr'><strong>purgatio:</strong></span> <span class='ocrx_word' id='word_1_424' title='bbox 2569 2767 2627 2820; x_wconf 88' lang='lat' dir='ltr'><strong>in</strong></span> <span class='ocrx_word' id='word_1_425' title='bbox 2669 2763 2885 2837; x_wconf 90' lang='lat' dir='ltr'><strong>Spiritu</strong></span> <span class='ocrx_word' id='word_1_426' title='bbox 2935 2764 3141 2836; x_wconf 90' lang='lat' dir='ltr'><strong>quippe</strong></span> <span class='ocrx_word' id='word_1_427' title='bbox 3201 2772 3397 2820; x_wconf 89' lang='lat' dir='ltr'><strong>sancto</strong></span> 
     </span>
    </p>
   </div>
   <div class='ocr_carea' id='block_1_51' title="bbox 1804 2856 3398 2931">
    <p class='ocr_par' dir='ltr' id='par_1_51' title="bbox 1804 2856 3398 2931">
     <span class='ocr_line' id='line_1_52' title="bbox 1804 2856 3398 2931; baseline 0 -16"><span class='ocrx_word' id='word_1_428' title='bbox 1804 2859 2107 2931; x_wconf 88' lang='lat' dir='ltr'><strong>perﬁcitur,</strong></span> <span class='ocrx_word' id='word_1_429' title='bbox 2149 2858 2312 2929; x_wconf 82' lang='lat' dir='ltr'><strong>juxta</strong></span> <span class='ocrx_word' id='word_1_430' title='bbox 2366 2858 2708 2930; x_wconf 88' lang='lat' dir='ltr'><strong>Scripturas,</strong></span> <span class='ocrx_word' id='word_1_431' title='bbox 2755 2856 2853 2913; x_wconf 85' lang='lat' dir='ltr'><strong>sed</strong></span> <span class='ocrx_word' id='word_1_432' title='bbox 2906 2857 3164 2915; x_wconf 88' lang='lat' dir='ltr'><strong>diversus</strong></span> <span class='ocrx_word' id='word_1_433' title='bbox 3209 2868 3398 2915; x_wconf 89' lang='lat' dir='ltr'><strong>tamen</strong></span> 
     </span>
    </p>
   </div>
   <div class='ocr_carea' id='block_1_52' title="bbox 1803 2951 3399 3024">
    <p class='ocr_par' dir='ltr' id='par_1_52' title="bbox 1803 2951 3399 3024">
     <span class='ocr_line' id='line_1_53' title="bbox 1803 2951 3399 3024; baseline 0 -17"><span class='ocrx_word' id='word_1_434' title='bbox 1803 2953 2076 3024; x_wconf 85' lang='lat' dir='ltr'><strong>purgandi</strong></span> <span class='ocrx_word' id='word_1_435' title='bbox 2129 2952 2348 3007; x_wconf 90' lang='lat' dir='ltr'><strong>modus.</strong></span> <span class='ocrx_word' id='word_1_436' title='bbox 2399 2953 2732 3022; x_wconf 86' lang='lat' dir='ltr'><strong>Amputatur</strong></span> <span class='ocrx_word' id='word_1_437' title='bbox 2788 2952 2936 3006; x_wconf 89' lang='lat' dir='ltr'><strong>enim</strong></span> <span class='ocrx_word' id='word_1_438' title='bbox 3004 2951 3074 3005; x_wconf 89' lang='lat' dir='ltr'><strong>ab</strong></span> <span class='ocrx_word' id='word_1_439' title='bbox 3127 2951 3399 3007; x_wconf 88' lang='lat' dir='ltr'><strong>lsraelitis</strong></span> 
     </span>
    </p>
   </div>
   <div class='ocr_carea' id='block_1_53' title="bbox 1805 3038 3397 3110">
    <p class='ocr_par' dir='ltr' id='par_1_53' title="bbox 1805 3038 3397 3110">
     <span class='ocr_line' id='line_1_54' title="bbox 1805 3038 3397 3110; baseline -0.001 -15"><span class='ocrx_word' id='word_1_440' title='bbox 1805 3040 2062 3095; x_wconf 81' lang='lat' dir='ltr'><strong>voluntas</strong></span> <span class='ocrx_word' id='word_1_441' title='bbox 2080 3039 2299 3094; x_wconf 75' lang='lat' dir='ltr'><strong>vivendi</strong></span> <span class='ocrx_word' id='word_1_442' title='bbox 2323 3040 2483 3109; x_wconf 77' lang='lat' dir='ltr'><strong>juxta</strong></span> <span class='ocrx_word' id='word_1_443' title='bbox 2504 3040 2673 3110; x_wconf 84' lang='lat' dir='ltr'><strong>legem</strong></span> <span class='ocrx_word' id='word_1_444' title='bbox 2694 3038 3027 3095; x_wconf 87' lang='lat' dir='ltr'><strong>Mosaicam:</strong></span> <span class='ocrx_word' id='word_1_445' title='bbox 3058 3040 3128 3094; x_wconf 92' lang='lat' dir='ltr'><strong>ab</strong></span> <span class='ocrx_word' id='word_1_446' title='bbox 3163 3040 3397 3095; x_wconf 84' lang='lat' dir='ltr'><strong>idolola-</strong></span> 
     </span>
    </p>
   </div>
   <div class='ocr_carea' id='block_1_54' title="bbox 119 3116 1700 3233">
    <p class='ocr_par' dir='ltr' id='par_1_54' title="bbox 119 3116 1699 3233">
     <span class='ocr_line' id='line_1_55' title="bbox 119 3116 1699 3233; baseline -0.013 -16"><span class='ocrx_word' id='word_1_447' title='bbox 119 3116 619 3233; x_wconf 30' lang='lat' dir='ltr'><strong>r‘-lwavp:&#39;l;):,vvxatrldt</strong></span> <span class='ocrx_word' id='word_1_448' title='bbox 641 3116 803 3227; x_wconf 74' lang='grc' dir='ltr'>νόμον</span> <span class='ocrx_word' id='word_1_449' title='bbox 828 3154 908 3207; x_wconf 77' lang='grc' dir='ltr'>ἔτι</span> <span class='ocrx_word' id='word_1_450' title='bbox 937 3116 1040 3207; x_wconf 49' lang='grc' dir='ltr'>τὸν.</span> <span class='ocrx_word' id='word_1_451' title='bbox 1054 3116 1347 3206; x_wconf 74' lang='grc' dir='ltr'>Μωσαῖκδν</span> <span class='ocrx_word' id='word_1_452' title='bbox 1368 3116 1563 3218; x_wconf 81' lang='grc' dir='ltr'>διαζῇν</span> <span class='ocrx_word' id='word_1_453' title='bbox 1583 3116 1699 3198; x_wconf 56' lang='grc' dir='ltr'>ἐθέέ</span> 
     </span>
    </p>
   </div>
   <div class='ocr_carea' id='block_1_55' title="bbox 1802 3116 3395 3233">
    <p class='ocr_par' dir='ltr' id='par_1_55' title="bbox 1802 3116 3395 3203">
     <span class='ocr_line' id='line_1_56' title="bbox 1802 3116 3395 3203; baseline 0.001 -18"><span class='ocrx_word' id='word_1_454' title='bbox 1802 3137 2013 3185; x_wconf 87' lang='lat' dir='ltr'><strong>trarum</strong></span> <span class='ocrx_word' id='word_1_455' title='bbox 2068 3140 2250 3186; x_wconf 87' lang='lat' dir='ltr'><strong>autem</strong></span> <span class='ocrx_word' id='word_1_456' title='bbox 2319 3130 2487 3187; x_wconf 91' lang='lat' dir='ltr'><strong>corde</strong></span> <span class='ocrx_word' id='word_1_457' title='bbox 2536 3130 2741 3186; x_wconf 85' lang='lat' dir='ltr'><strong>veteris</strong></span> <span class='ocrx_word' id='word_1_458' title='bbox 2788 3116 3013 3186; x_wconf 56' lang='lat' dir='ltr'><strong>erroris‘</strong></span> <span class='ocrx_word' id='word_1_459' title='bbox 3048 3132 3395 3203; x_wconf 88' lang='lat' dir='ltr'><strong>propositum</strong></span> 
     </span>
    </p>
   </div>
   <div class='ocr_carea' id='block_1_56' title="bbox 106 3236 1700 3317">
    <p class='ocr_par' dir='ltr' id='par_1_56' title="bbox 106 3236 1700 3317">
     <span class='ocr_line' id='line_1_57' title="bbox 106 3236 1700 3317; baseline -0.011 -12"><span class='ocrx_word' id='word_1_460' title='bbox 106 3254 215 3308; x_wconf 87' lang='grc' dir='ltr'>λειν</span> <span class='ocrx_word' id='word_1_461' title='bbox 241 3252 341 3306; x_wconf 72' lang='grc' dir='ltr'>καὶ</span> <span class='ocrx_word' id='word_1_462' title='bbox 374 3246 776 3315; x_wconf 87' lang='grc' dir='ltr'>πολιτεύεσθαι,</span> <span class='ocrx_word' id='word_1_463' title='bbox 822 3246 923 3317; x_wconf 80' lang='grc' dir='ltr'>τῆς</span> <span class='ocrx_word' id='word_1_464' title='bbox 950 3242 1008 3298; x_wconf 84' lang='grc' dir='ltr'>δὲ</span> <span class='ocrx_word' id='word_1_465' title='bbox 1034 3242 1143 3297; x_wconf 84' lang='grc' dir='ltr'><strong>τῶν</strong></span> <span class='ocrx_word' id='word_1_466' title='bbox 1173 3236 1700 3310; x_wconf 80' lang='grc' dir='ltr'>είδωλολατρούντων</span> 
     </span>
    </p>
   </div>
   <div class='ocr_carea' id='block_1_57' title="bbox 106 3330 1702 3416">
    <p class='ocr_par' dir='ltr' id='par_1_57' title="bbox 106 3330 1702 3416">
     <span class='ocr_line' id='line_1_58' title="bbox 106 3330 1702 3416; baseline -0.01 -18"><span class='ocrx_word' id='word_1_467' title='bbox 106 3343 336 3416; x_wconf 78' lang='grc' dir='ltr'>καρδίας</span> <span class='ocrx_word' id='word_1_468' title='bbox 385 3342 735 3413; x_wconf 88' lang='grc' dir='ltr'>παραιτεῖται</span> <span class='ocrx_word' id='word_1_469' title='bbox 773 3336 883 3412; x_wconf 81' lang='grc' dir='ltr'><strong>[ῑσ.</strong></span> <span class='ocrx_word' id='word_1_470' title='bbox 924 3332 1283 3407; x_wconf 74' lang='grc' dir='ltr'>παραιρεῖται]</span> <span class='ocrx_word' id='word_1_471' title='bbox 1317 3331 1418 3403; x_wconf 84' lang='grc' dir='ltr'>τῆς</span> <span class='ocrx_word' id='word_1_472' title='bbox 1466 3330 1702 3402; x_wconf 87' lang='grc' dir='ltr'>ἀρχαίας</span> 
     </span>
    </p>
   </div>
   <div class='ocr_carea' id='block_1_58' title="bbox 104 3421 1703 3505">
    <p class='ocr_par' dir='ltr' id='par_1_58' title="bbox 104 3421 1703 3505">
     <span class='ocr_line' id='line_1_59' title="bbox 104 3421 1703 3505; baseline -0.008 -16"><span class='ocrx_word' id='word_1_473' title='bbox 104 3436 325 3505; x_wconf 82' lang='grc' dir='ltr'>ἀπάτης</span> <span class='ocrx_word' id='word_1_474' title='bbox 364 3435 394 3486; x_wconf 87' lang='grc' dir='ltr'><strong>ό</strong></span> <span class='ocrx_word' id='word_1_475' title='bbox 424 3432 645 3497; x_wconf 84' lang='grc' dir='ltr'>σκοπὸς,</span> <span class='ocrx_word' id='word_1_476' title='bbox 677 3431 771 3485; x_wconf 81' lang='grc' dir='ltr'>καὶ</span> <span class='ocrx_word' id='word_1_477' title='bbox 793 3429 897 3501; x_wconf 82' lang='grc' dir='ltr'>τῆς</span> <span class='ocrx_word' id='word_1_478' title='bbox 920 3427 1032 3483; x_wconf 81' lang='grc' dir='ltr'><strong>τῶν</strong></span> <span class='ocrx_word' id='word_1_479' title='bbox 1054 3426 1329 3481; x_wconf 88' lang='grc' dir='ltr'>ἀσυνέτων</span> <span class='ocrx_word' id='word_1_480' title='bbox 1361 3421 1703 3494; x_wconf 84' lang='grc' dir='ltr'>ἀκαθαρσίας</span> 
     </span>
    </p>
   </div>
   <div class='ocr_carea' id='block_1_59' title="bbox 104 3514 1703 3600">
    <p class='ocr_par' dir='ltr' id='par_1_59' title="bbox 104 3514 1703 3600">
     <span class='ocr_line' id='line_1_60' title="bbox 104 3514 1703 3600; baseline -0.009 -19"><span class='ocrx_word' id='word_1_481' title='bbox 104 3531 132 3581; x_wconf 84' lang='lat'><strong>6</strong></span> <span class='ocrx_word' id='word_1_482' title='bbox 163 3527 457 3600; x_wconf 81' lang='grc' dir='ltr'>συρφετὸς,</span> <span class='ocrx_word' id='word_1_483' title='bbox 487 3524 576 3579; x_wconf 74' lang='grc' dir='ltr'>ἵνα</span> <span class='ocrx_word' id='word_1_484' title='bbox 630 3524 896 3578; x_wconf 85' lang='grc' dir='ltr'>δύνωνται</span> <span class='ocrx_word' id='word_1_485' title='bbox 940 3520 1131 3594; x_wconf 85' lang='grc' dir='ltr'>φέρειν</span> <span class='ocrx_word' id='word_1_486' title='bbox 1177 3518 1280 3591; x_wconf 84' lang='grc' dir='ltr'>τῆς</span> <span class='ocrx_word' id='word_1_487' title='bbox 1316 3516 1469 3579; x_wconf 87' lang='grc' dir='ltr'>θείας</span> <span class='ocrx_word' id='word_1_488' title='bbox 1509 3531 1570 3568; x_wconf 90' lang='grc' dir='ltr'><strong>τε</strong></span> <span class='ocrx_word' id='word_1_489' title='bbox 1607 3514 1703 3569; x_wconf 76' lang='grc' dir='ltr'>καὶ</span> 
     </span>
    </p>
   </div>
   <div class='ocr_carea' id='block_1_60' title="bbox 106 3604 1703 3689">
    <p class='ocr_par' dir='ltr' id='par_1_60' title="bbox 106 3604 1703 3689">
     <span class='ocr_line' id='line_1_61' title="bbox 106 3604 1703 3689; baseline -0.01 -15"><span class='ocrx_word' id='word_1_490' title='bbox 106 3619 471 3689; x_wconf 74' lang='grc' dir='ltr'>εὐαγγελικῆς</span> <span class='ocrx_word' id='word_1_491' title='bbox 501 3616 836 3679; x_wconf 84' lang='grc' dir='ltr'>παιδεύσεως</span> <span class='ocrx_word' id='word_1_492' title='bbox 862 3615 954 3669; x_wconf 83' lang='grc' dir='ltr'>τὸν</span> <span class='ocrx_word' id='word_1_493' title='bbox 975 3611 1235 3685; x_wconf 75' lang='grc' dir='ltr'>ἐδώδιμον</span> <span class='ocrx_word' id='word_1_494' title='bbox 1264 3608 1454 3681; x_wconf 83' lang='grc' dir='ltr'>ὥσπερ</span> <span class='ocrx_word' id='word_1_495' title='bbox 1481 3606 1561 3679; x_wconf 84' lang='grc' dir='ltr'>τῷ</span> <span class='ocrx_word' id='word_1_496' title='bbox 1582 3604 1703 3677; x_wconf 87' lang='grc' dir='ltr'><strong>Θεῷ</strong></span> 
     </span>
    </p>
   </div>
   <div class='ocr_carea' id='block_1_61' title="bbox 108 3696 1703 3783">
    <p class='ocr_par' dir='ltr' id='par_1_61' title="bbox 108 3696 1703 3783">
     <span class='ocr_line' id='line_1_62' title="bbox 108 3696 1703 3783; baseline -0.009 -16"><span class='ocrx_word' id='word_1_497' title='bbox 108 3716 199 3767; x_wconf 77' lang='grc' dir='ltr'>καὶ</span> <span class='ocrx_word' id='word_1_498' title='bbox 232 3712 390 3782; x_wconf 82' lang='grc' dir='ltr'>φίλον</span> <span class='ocrx_word' id='word_1_499' title='bbox 420 3711 590 3774; x_wconf 76' lang='grc' dir='ltr'>ὅντως</span> <span class='ocrx_word' id='word_1_500' title='bbox 619 3709 855 3783; x_wconf 88' lang='grc' dir='ltr'>καρπόν.</span> <span class='ocrx_word' id='word_1_501' title='bbox 883 3707 1007 3761; x_wconf 86' lang='grc' dir='ltr'>Ὅτι</span> <span class='ocrx_word' id='word_1_502' title='bbox 1035 3704 1092 3758; x_wconf 80' lang='grc' dir='ltr'>δὲ</span> <span class='ocrx_word' id='word_1_503' title='bbox 1138 3702 1301 3760; x_wconf 86' lang='grc' dir='ltr'>πάλιν</span> <span class='ocrx_word' id='word_1_504' title='bbox 1340 3702 1476 3772; x_wconf 81' lang='grc' dir='ltr'>ἡμῖν</span> <span class='ocrx_word' id='word_1_505' title='bbox 1505 3696 1703 3770; x_wconf 81' lang='grc' dir='ltr'>ἀληθὲς</span> 
     </span>
    </p>
   </div>
   <div class='ocr_carea' id='block_1_62' title="bbox 107 3790 1701 3876">
    <p class='ocr_par' dir='ltr' id='par_1_62' title="bbox 107 3790 1701 3876">
     <span class='ocr_line' id='line_1_63' title="bbox 107 3790 1701 3876; baseline -0.011 -16"><span class='ocrx_word' id='word_1_506' title='bbox 107 3806 356 3876; x_wconf 88' lang='grc' dir='ltr'>φαίνεται</span> <span class='ocrx_word' id='word_1_507' title='bbox 390 3804 455 3857; x_wconf 78' lang='grc' dir='ltr'>τὸ</span> <span class='ocrx_word' id='word_1_508' title='bbox 487 3801 798 3875; x_wconf 79' lang='grc' dir='ltr'>εἰρημένον,</span> <span class='ocrx_word' id='word_1_509' title='bbox 832 3798 1073 3872; x_wconf 78' lang='grc' dir='ltr'>χαλεπὸν</span> <span class='ocrx_word' id='word_1_510' title='bbox 1104 3796 1261 3851; x_wconf 80' lang='grc' dir='ltr'>οὐδὲν</span> <span class='ocrx_word' id='word_1_511' title='bbox 1288 3790 1701 3867; x_wconf 81' lang='grc' dir='ltr'>πληροφορῆσαι</span> 
     </span>
    </p>
   </div>
   <div class='ocr_carea' id='block_1_63' title="bbox 105 3883 1703 3966">
    <p class='ocr_par' dir='ltr' id='par_1_63' title="bbox 105 3883 1703 3966">
     <span class='ocr_line' id='line_1_64' title="bbox 105 3883 1703 3966; baseline -0.011 -13"><span class='ocrx_word' id='word_1_512' title='bbox 105 3899 165 3963; x_wconf 64' lang='grc' dir='ltr'>ἐξ</span> <span class='ocrx_word' id='word_1_513' title='bbox 195 3899 383 3952; x_wconf 73' lang='grc' dir='ltr'>αὐτῶν</span> <span class='ocrx_word' id='word_1_514' title='bbox 409 3897 520 3952; x_wconf 84' lang='grc' dir='ltr'>τῶν</span> <span class='ocrx_word' id='word_1_515' title='bbox 548 3895 708 3950; x_wconf 85' lang='grc' dir='ltr'>θείων</span> <span class='ocrx_word' id='word_1_516' title='bbox 735 3891 1111 3966; x_wconf 87' lang='grc' dir='ltr'>Γραμμάτων.</span> <span class='ocrx_word' id='word_1_517' title='bbox 1153 3886 1494 3944; x_wconf 88' lang='grc' dir='ltr'>Ἐπιστέλλει</span> <span class='ocrx_word' id='word_1_518' title='bbox 1537 3883 1646 3955; x_wconf 87' lang='grc' dir='ltr'><strong>γὰρ</strong></span> <span class='ocrx_word' id='word_1_519' title='bbox 1674 3883 1703 3937; x_wconf 93' lang='grc' dir='ltr'><strong>ό</strong></span> 
     </span>
    </p>
   </div>
   <div class='ocr_carea' id='block_1_64' title="bbox 107 3975 1702 4058">
    <p class='ocr_par' dir='ltr' id='par_1_64' title="bbox 107 3975 1702 4058">
     <span class='ocr_line' id='line_1_65' title="bbox 107 3975 1702 4058; baseline -0.009 -15"><span class='ocrx_word' id='word_1_520' title='bbox 107 3992 396 4055; x_wconf 52' lang='lat' dir='ltr'><strong>ﬁstulato;</strong></span> <span class='ocrx_word' id='word_1_521' title='bbox 429 3988 642 4053; x_wconf 80' lang='grc' dir='ltr'>Παῦλος</span> <span class='ocrx_word' id='word_1_522' title='bbox 670 3990 782 4052; x_wconf 86' lang='grc' dir='ltr'>τοῖς</span> <span class='ocrx_word' id='word_1_523' title='bbox 815 3986 914 4058; x_wconf 77' lang='grc' dir='ltr'>μὲν</span> <span class='ocrx_word' id='word_1_524' title='bbox 946 3985 1004 4053; x_wconf 82' lang='grc' dir='ltr'><strong>έξ</strong></span> <span class='ocrx_word' id='word_1_525' title='bbox 1036 3982 1307 4038; x_wconf 86' lang='grc' dir='ltr'>Ἰουδαίων</span> <span class='ocrx_word' id='word_1_526' title='bbox 1343 3975 1702 4034; x_wconf 86' lang='grc' dir='ltr'>πεπιστευκό-</span> 
     </span>
    </p>
   </div>
   <div class='ocr_carea' id='block_1_65' title="bbox 109 4073 1700 4150">
    <p class='ocr_par' dir='ltr' id='par_1_65' title="bbox 109 4073 1700 4150">
     <span class='ocr_line' id='line_1_66' title="bbox 109 4073 1700 4150; baseline -0.008 -15"><span class='ocrx_word' id='word_1_527' title='bbox 109 4099 222 4148; x_wconf 89' lang='grc' dir='ltr'>σιν,</span> <span class='ocrx_word' id='word_1_528' title='bbox 250 4083 345 4136; x_wconf 84' lang='grc' dir='ltr'>ὃτε</span> <span class='ocrx_word' id='word_1_529' title='bbox 374 4081 485 4136; x_wconf 82' lang='grc' dir='ltr'>τῶν</span> <span class='ocrx_word' id='word_1_530' title='bbox 529 4079 902 4150; x_wconf 84' lang='grc' dir='ltr'>εὐαγγελικῶν</span> <span class='ocrx_word' id='word_1_531' title='bbox 933 4076 1220 4149; x_wconf 78' lang='grc' dir='ltr'>δογμάτων</span> <span class='ocrx_word' id='word_1_532' title='bbox 1243 4073 1700 4144; x_wconf 85' lang='grc' dir='ltr'>ὀλιγωρήσαντες,</span> 
     </span>
    </p>
   </div>
   <div class='ocr_carea' id='block_1_66' title="bbox 105 4162 1700 4245">
    <p class='ocr_par' dir='ltr' id='par_1_66' title="bbox 105 4162 1700 4245">
     <span class='ocr_line' id='line_1_67' title="bbox 105 4162 1700 4245; baseline -0.008 -19"><span class='ocrx_word' id='word_1_533' title='bbox 105 4173 283 4228; x_wconf 67' lang='grc' dir='ltr'>ὀπίσω</span> <span class='ocrx_word' id='word_1_534' title='bbox 302 4174 467 4228; x_wconf 83' lang='grc' dir='ltr'>πάλιν</span> <span class='ocrx_word' id='word_1_535' title='bbox 487 4172 690 4245; x_wconf 77' lang='grc' dir='ltr'>ᾤχοντο</span> <span class='ocrx_word' id='word_1_536' title='bbox 703 4171 804 4235; x_wconf 83' lang='grc' dir='ltr'><strong>τὰς</strong></span> <span class='ocrx_word' id='word_1_537' title='bbox 831 4167 926 4223; x_wconf 89' lang='grc' dir='ltr'><strong>τοῦ</strong></span> <span class='ocrx_word' id='word_1_538' title='bbox 949 4168 1115 4239; x_wconf 88' lang='grc' dir='ltr'>νόμου</span> <span class='ocrx_word' id='word_1_539' title='bbox 1139 4163 1500 4236; x_wconf 85' lang='grc' dir='ltr'>τετιμηκότες</span> <span class='ocrx_word' id='word_1_540' title='bbox 1521 4162 1700 4227; x_wconf 77' lang='grc' dir='ltr'>σκιάς’</span> 
     </span>
    </p>
   </div>
   <div class='ocr_carea' id='block_1_67' title="bbox 112 4250 1703 4338">
    <p class='ocr_par' dir='ltr' id='par_1_67' title="bbox 112 4250 1703 4338">
     <span class='ocr_line' id='line_1_68' title="bbox 112 4250 1703 4338; baseline -0.008 -20"><span class='ocrx_word' id='word_1_541' title='bbox 112 4286 131 4318; x_wconf 82' lang='grc' dir='ltr'><strong>ι</strong></span> <span class='ocrx_word' id='word_1_542' title='bbox 189 4250 701 4338; x_wconf 80' lang='grc' dir='ltr'>Ἀπηλλοτριῶθητε</span> <span class='ocrx_word' id='word_1_543' title='bbox 741 4260 850 4317; x_wconf 81' lang='grc' dir='ltr'>ἀπὸ</span> <span class='ocrx_word' id='word_1_544' title='bbox 882 4256 1158 4331; x_wconf 83' lang='grc' dir='ltr'>Χριστοῦ,</span> <span class='ocrx_word' id='word_1_545' title='bbox 1198 4258 1394 4319; x_wconf 80' lang='grc' dir='ltr'>οἵτινες</span> <span class='ocrx_word' id='word_1_546' title='bbox 1446 4256 1504 4307; x_wconf 88' lang='grc' dir='ltr'>ὲν</span> <span class='ocrx_word' id='word_1_547' title='bbox 1553 4253 1703 4325; x_wconf 84' lang='grc' dir='ltr'>νόμῳ</span> 
     </span>
    </p>
   </div>
   <div class='ocr_carea' id='block_1_68' title="bbox 104 4346 1702 4430">
    <p class='ocr_par' dir='ltr' id='par_1_68' title="bbox 104 4346 1702 4430">
     <span class='ocr_line' id='line_1_69' title="bbox 104 4346 1702 4430; baseline -0.011 -18"><span class='ocrx_word' id='word_1_548' title='bbox 104 4358 419 4414; x_wconf 81' lang='grc' dir='ltr'>δικαιοῦσθε</span> <span class='ocrx_word' id='word_1_549' title='bbox 446 4397 462 4421; x_wconf 90' lang='grc'><strong>,</strong></span> <span class='ocrx_word' id='word_1_550' title='bbox 502 4357 600 4430; x_wconf 83' lang='grc' dir='ltr'>τῆς</span> <span class='ocrx_word' id='word_1_551' title='bbox 646 4356 872 4429; x_wconf 87' lang='grc' dir='ltr'>χάριτος</span> <span class='ocrx_word' id='word_1_552' title='bbox 914 4350 1237 4418; x_wconf 78' lang='grc' dir='ltr'>ἐξεπέσατε.</span> <span class='ocrx_word' id='word_1_553' title='bbox 1282 4366 1301 4400; x_wconf 72' lang='grc' dir='ltr'><strong>ι</strong></span> <span class='ocrx_word' id='word_1_554' title='bbox 1350 4348 1462 4402; x_wconf 77' lang='grc' dir='ltr'><strong>Καὶ</strong></span> <span class='ocrx_word' id='word_1_555' title='bbox 1489 4346 1653 4402; x_wconf 90' lang='grc' dir='ltr'>πάλιν</span> <span class='ocrx_word' id='word_1_556' title='bbox 1683 4379 1702 4395; x_wconf 91' lang='grc'><strong>.</strong></span> 
     </span>
    </p>
   </div>
   <div class='ocr_carea' id='block_1_69' title="bbox 110 4439 1698 4523">
    <p class='ocr_par' dir='ltr' id='par_1_69' title="bbox 110 4439 1698 4523">
     <span class='ocr_line' id='line_1_70' title="bbox 110 4439 1698 4523; baseline -0.009 -18"><span class='ocrx_word' id='word_1_557' title='bbox 110 4473 128 4505; x_wconf 77' lang='grc' dir='ltr'><strong>ι</strong></span> <span class='ocrx_word' id='word_1_558' title='bbox 153 4453 318 4520; x_wconf 82' lang='grc' dir='ltr'>Λέγω</span> <span class='ocrx_word' id='word_1_559' title='bbox 333 4452 442 4523; x_wconf 77' lang='grc' dir='ltr'><strong>γὰρ</strong></span> <span class='ocrx_word' id='word_1_560' title='bbox 460 4452 608 4522; x_wconf 83' lang='grc' dir='ltr'>ὑμῖν,</span> <span class='ocrx_word' id='word_1_561' title='bbox 628 4450 710 4503; x_wconf 83' lang='grc' dir='ltr'><strong>ὅτι</strong></span> <span class='ocrx_word' id='word_1_562' title='bbox 728 4449 823 4503; x_wconf 68' lang='lat' dir='ltr'><strong>saw</strong></span> <span class='ocrx_word' id='word_1_563' title='bbox 851 4442 1275 4518; x_wconf 84' lang='grc' dir='ltr'>περιτέμνησθε,</span> <span class='ocrx_word' id='word_1_564' title='bbox 1291 4439 1524 4512; x_wconf 84' lang='grc' dir='ltr'>Χριστὸς</span> <span class='ocrx_word' id='word_1_565' title='bbox 1549 4439 1698 4510; x_wconf 87' lang='grc' dir='ltr'>ὑμᾶς</span> 
     </span>
    </p>
   </div>
   <div class='ocr_carea' id='block_1_70' title="bbox 104 4529 1697 4611">
    <p class='ocr_par' dir='ltr' id='par_1_70' title="bbox 104 4529 1697 4611">
     <span class='ocr_line' id='line_1_71' title="bbox 104 4529 1697 4611; baseline -0.008 -15"><span class='ocrx_word' id='word_1_566' title='bbox 104 4544 258 4597; x_wconf 72' lang='grc' dir='ltr'>οὐδὲν</span> <span class='ocrx_word' id='word_1_567' title='bbox 321 4541 613 4611; x_wconf 77' lang='grc' dir='ltr'>ὠφελήσει.</span> <span class='ocrx_word' id='word_1_568' title='bbox 647 4560 666 4591; x_wconf 74' lang='lat' dir='ltr'><strong>r</strong></span> <span class='ocrx_word' id='word_1_569' title='bbox 719 4539 783 4591; x_wconf 85' lang='grc' dir='ltr'><strong>Εἰ</strong></span> <span class='ocrx_word' id='word_1_570' title='bbox 830 4537 887 4591; x_wconf 83' lang='grc' dir='ltr'>δὲ</span> <span class='ocrx_word' id='word_1_571' title='bbox 917 4535 979 4589; x_wconf 81' lang='grc' dir='ltr'><strong>τὸ</strong></span> <span class='ocrx_word' id='word_1_572' title='bbox 1021 4533 1306 4606; x_wconf 78' lang='grc' dir='ltr'>βούλεσθαι</span> <span class='ocrx_word' id='word_1_573' title='bbox 1357 4529 1697 4585; x_wconf 86' lang='grc' dir='ltr'>δικαιοῦσθαι</span> 
     </span>
    </p>
   </div>
   <div class='ocr_carea' id='block_1_71' title="bbox 107 4621 1702 4704">
    <p class='ocr_par' dir='ltr' id='par_1_71' title="bbox 107 4621 1702 4704">
     <span class='ocr_line' id='line_1_72' title="bbox 107 4621 1702 4704; baseline -0.009 -14"><span class='ocrx_word' id='word_1_574' title='bbox 107 4637 251 4690; x_wconf 83' lang='grc' dir='ltr'><strong>κατά</strong></span> <span class='ocrx_word' id='word_1_575' title='bbox 298 4635 390 4690; x_wconf 83' lang='grc' dir='ltr'>τὸν</span> <span class='ocrx_word' id='word_1_576' title='bbox 434 4634 599 4704; x_wconf 88' lang='grc' dir='ltr'>νόμον</span> <span class='ocrx_word' id='word_1_577' title='bbox 648 4629 965 4701; x_wconf 88' lang='grc' dir='ltr'>ἀλλοτρίους</span> <span class='ocrx_word' id='word_1_578' title='bbox 1015 4626 1214 4689; x_wconf 80' lang='grc' dir='ltr'>αὐτοὺς</span> <span class='ocrx_word' id='word_1_579' title='bbox 1263 4622 1551 4693; x_wconf 89' lang='grc' dir='ltr'>ἀποφαίνει</span> <span class='ocrx_word' id='word_1_580' title='bbox 1607 4621 1702 4675; x_wconf 89' lang='grc' dir='ltr'><strong>τοῦ</strong></span> 
     </span>
    </p>
   </div>
   <div class='ocr_carea' id='block_1_72' title="bbox 104 4713 1705 4798">
    <p class='ocr_par' dir='ltr' id='par_1_72' title="bbox 104 4713 1705 4798">
     <span class='ocr_line' id='line_1_73' title="bbox 104 4713 1705 4798; baseline -0.008 -18"><span class='ocrx_word' id='word_1_581' title='bbox 104 4725 386 4798; x_wconf 80' lang='grc' dir='ltr'>Χριστοῦ,</span> <span class='ocrx_word' id='word_1_582' title='bbox 436 4724 555 4788; x_wconf 82' lang='grc' dir='ltr'><strong>πῶς</strong></span> <span class='ocrx_word' id='word_1_583' title='bbox 605 4722 729 4795; x_wconf 72' lang='grc' dir='ltr'>οὐχὶ</span> <span class='ocrx_word' id='word_1_584' title='bbox 774 4721 992 4785; x_wconf 88' lang='grc' dir='ltr'>πάντως</span> <span class='ocrx_word' id='word_1_585' title='bbox 1041 4716 1449 4789; x_wconf 82' lang='grc' dir='ltr'>ἀναμφίλογον,</span> <span class='ocrx_word' id='word_1_586' title='bbox 1479 4716 1565 4768; x_wconf 82' lang='grc' dir='ltr'><strong>ὅτι</strong></span> <span class='ocrx_word' id='word_1_587' title='bbox 1604 4713 1705 4785; x_wconf 85' lang='grc' dir='ltr'>τῆς</span> 
     </span>
    </p>
   </div>
   <div class='ocr_carea' id='block_1_73' title="bbox 105 4808 1701 4889">
    <p class='ocr_par' dir='ltr' id='par_1_73' title="bbox 105 4808 1701 4889">
     <span class='ocr_line' id='line_1_74' title="bbox 105 4808 1701 4889; baseline -0.009 -17"><span class='ocrx_word' id='word_1_588' title='bbox 105 4818 253 4872; x_wconf 83' lang='grc' dir='ltr'><strong>κατά</strong></span> <span class='ocrx_word' id='word_1_589' title='bbox 300 4818 464 4889; x_wconf 90' lang='grc' dir='ltr'>νόμον</span> <span class='ocrx_word' id='word_1_590' title='bbox 528 4814 806 4878; x_wconf 87' lang='grc' dir='ltr'>πολιτείας</span> <span class='ocrx_word' id='word_1_591' title='bbox 841 4816 876 4888; x_wconf 78' lang='grc' dir='ltr'><strong>ἡ</strong></span> <span class='ocrx_word' id='word_1_592' title='bbox 918 4811 1222 4875; x_wconf 88' lang='grc' dir='ltr'>ἀπόθεσις,</span> <span class='ocrx_word' id='word_1_593' title='bbox 1279 4810 1380 4879; x_wconf 88' lang='grc' dir='ltr'>τῆς</span> <span class='ocrx_word' id='word_1_594' title='bbox 1434 4810 1513 4871; x_wconf 82' lang='grc' dir='ltr'><strong>είς</strong></span> <span class='ocrx_word' id='word_1_595' title='bbox 1563 4808 1701 4879; x_wconf 76' lang='grc' dir='ltr'>Χρι-</span> 
     </span>
    </p>
   </div>
   <div class='ocr_carea' id='block_1_74' title="bbox 108 4900 1703 4979">
    <p class='ocr_par' dir='ltr' id='par_1_74' title="bbox 108 4900 1703 4979">
     <span class='ocr_line' id='line_1_75' title="bbox 108 4900 1703 4979; baseline -0.008 -15"><span class='ocrx_word' id='word_1_596' title='bbox 108 4913 235 4965; x_wconf 82' lang='grc' dir='ltr'>στὸν</span> <span class='ocrx_word' id='word_1_597' title='bbox 259 4909 559 4979; x_wconf 86' lang='grc' dir='ltr'>συναφείας</span> <span class='ocrx_word' id='word_1_598' title='bbox 590 4908 844 4979; x_wconf 81' lang='grc' dir='ltr'>προξενεῖ</span> <span class='ocrx_word' id='word_1_599' title='bbox 887 4907 985 4978; x_wconf 83' lang='grc' dir='ltr'>τὴν</span> <span class='ocrx_word' id='word_1_600' title='bbox 1015 4904 1242 4974; x_wconf 85' lang='grc' dir='ltr'>δύναμιν</span> <span class='ocrx_word' id='word_1_601' title='bbox 1268 4920 1284 4971; x_wconf 90' lang='grc'><strong>;</strong></span> <span class='ocrx_word' id='word_1_602' title='bbox 1309 4900 1703 4973; x_wconf 83' lang='grc' dir='ltr'>Περιτέμνεται</span> 
     </span>
    </p>
   </div>
   <div class='ocr_carea' id='block_1_75' title="bbox 104 4989 1702 5071">
    <p class='ocr_par' dir='ltr' id='par_1_75' title="bbox 104 4989 1702 5071">
     <span class='ocr_line' id='line_1_76' title="bbox 104 4989 1702 5071; baseline -0.009 -16"><span class='ocrx_word' id='word_1_603' title='bbox 104 5001 293 5055; x_wconf 84' lang='grc' dir='ltr'>τοίνυν</span> <span class='ocrx_word' id='word_1_604' title='bbox 341 5000 485 5054; x_wconf 77' lang='grc' dir='ltr'>οὕτω</span> <span class='ocrx_word' id='word_1_605' title='bbox 516 4999 615 5069; x_wconf 82' lang='grc' dir='ltr'>μὲν</span> <span class='ocrx_word' id='word_1_606' title='bbox 641 5001 670 5052; x_wconf 89' lang='lat'><strong>6</strong></span> <span class='ocrx_word' id='word_1_607' title='bbox 702 4998 941 5071; x_wconf 76' lang='grc' dir='ltr'>Ἰσραὴλ,</span> <span class='ocrx_word' id='word_1_608' title='bbox 971 4994 1380 5064; x_wconf 88' lang='grc' dir='ltr'>διακαθαίρεται</span> <span class='ocrx_word' id='word_1_609' title='bbox 1410 4990 1467 5044; x_wconf 84' lang='grc' dir='ltr'>δὲ</span> <span class='ocrx_word' id='word_1_610' title='bbox 1504 4989 1702 5061; x_wconf 86' lang='grc' dir='ltr'>μᾶλλον</span> 
     </span>
    </p>
   </div>
   <div class='ocr_carea' id='block_1_76' title="bbox 109 5086 1698 5164">
    <p class='ocr_par' dir='ltr' id='par_1_76' title="bbox 109 5086 1698 5164">
     <span class='ocr_line' id='line_1_77' title="bbox 109 5086 1698 5164; baseline -0.006 -18"><span class='ocrx_word' id='word_1_611' title='bbox 109 5095 203 5146; x_wconf 74' lang='grc' dir='ltr'>καὶ</span> <span class='ocrx_word' id='word_1_612' title='bbox 230 5095 259 5147; x_wconf 90' lang='grc' dir='ltr'><strong>ό</strong></span> <span class='ocrx_word' id='word_1_613' title='bbox 288 5092 422 5145; x_wconf 76' lang='grc' dir='ltr'><strong>ποτὲ⁹</strong></span> <span class='ocrx_word' id='word_1_614' title='bbox 466 5095 533 5164; x_wconf 73' lang='grc' dir='ltr'><strong>τῇ</strong></span> <span class='ocrx_word' id='word_1_615' title='bbox 564 5092 741 5145; x_wconf 87' lang='grc' dir='ltr'>κτίσει</span> <span class='ocrx_word' id='word_1_616' title='bbox 780 5088 1085 5161; x_wconf 83' lang='grc' dir='ltr'>λατρεύσας</span> <span class='ocrx_word' id='word_1_617' title='bbox 1112 5088 1262 5159; x_wconf 83' lang='grc' dir='ltr'>παρὰ</span> <span class='ocrx_word' id='word_1_618' title='bbox 1290 5087 1384 5141; x_wconf 80' lang='grc' dir='ltr'><strong>τὸν</strong></span> <span class='ocrx_word' id='word_1_619' title='bbox 1414 5086 1698 5149; x_wconf 88' lang='grc' dir='ltr'>κτίσαντα,</span> 
     </span>
    </p>
   </div>
   <div class='ocr_carea' id='block_1_77' title="bbox 103 5179 1701 5256">
    <p class='ocr_par' dir='ltr' id='par_1_77' title="bbox 103 5179 1701 5256">
     <span class='ocr_line' id='line_1_78' title="bbox 103 5179 1701 5256; baseline -0.004 -20"><span class='ocrx_word' id='word_1_620' title='bbox 103 5185 206 5255; x_wconf 76' lang='grc' dir='ltr'>τὴν</span> <span class='ocrx_word' id='word_1_621' title='bbox 234 5183 469 5256; x_wconf 82' lang='grc' dir='ltr'>ἀρχαίαν</span> <span class='ocrx_word' id='word_1_622' title='bbox 511 5184 666 5238; x_wconf 86' lang='grc' dir='ltr'>νόσον</span> <span class='ocrx_word' id='word_1_623' title='bbox 699 5181 1011 5238; x_wconf 75' lang='grc' dir='ltr'>ἀποϐαλών.</span> <span class='ocrx_word' id='word_1_624' title='bbox 1041 5182 1106 5235; x_wconf 90' lang='grc' dir='ltr'>Τί</span> <span class='ocrx_word' id='word_1_625' title='bbox 1138 5181 1249 5253; x_wconf 87' lang='grc' dir='ltr'>γὰρ</span> <span class='ocrx_word' id='word_1_626' title='bbox 1279 5180 1415 5252; x_wconf 80' lang='grc' dir='ltr'>πρὸς</span> <span class='ocrx_word' id='word_1_627' title='bbox 1445 5179 1641 5241; x_wconf 80' lang='grc' dir='ltr'>αὐτοὺς</span> <span class='ocrx_word' id='word_1_628' title='bbox 1673 5180 1701 5230; x_wconf 90' lang='grc' dir='ltr'><strong>ό</strong></span> 
     </span>
    </p>
   </div>
   <div class='ocr_carea' id='block_1_78' title="bbox 105 5268 1700 5347">
    <p class='ocr_par' dir='ltr' id='par_1_78' title="bbox 105 5268 1700 5347">
     <span class='ocr_line' id='line_1_79' title="bbox 105 5268 1700 5347; baseline -0.008 -17"><span class='ocrx_word' id='word_1_629' title='bbox 105 5274 324 5340; x_wconf 88' lang='grc' dir='ltr'>Παῦλός</span> <span class='ocrx_word' id='word_1_630' title='bbox 361 5292 558 5347; x_wconf 88' lang='grc' dir='ltr'>φησιν;</span> <span class='ocrx_word' id='word_1_631' title='bbox 595 5295 613 5328; x_wconf 80' lang='grc' dir='ltr'><strong>ι</strong></span> <span class='ocrx_word' id='word_1_632' title='bbox 652 5276 716 5329; x_wconf 82' lang='lat' dir='ltr'><strong>El</strong></span> <span class='ocrx_word' id='word_1_633' title='bbox 738 5274 847 5347; x_wconf 78' lang='grc' dir='ltr'>γὰρ</span> <span class='ocrx_word' id='word_1_634' title='bbox 872 5273 1060 5345; x_wconf 72' lang='grc' dir='ltr'>ἐχθροὶ</span> <span class='ocrx_word' id='word_1_635' title='bbox 1082 5271 1254 5337; x_wconf 75' lang='grc' dir='ltr'>ὄντες,</span> <span class='ocrx_word' id='word_1_636' title='bbox 1278 5268 1700 5340; x_wconf 85' lang='grc' dir='ltr'>κατηλλάγημεν</span> 
     </span>
    </p>
   </div>
   <div class='ocr_carea' id='block_1_79' title="bbox 105 5356 1697 5438">
    <p class='ocr_par' dir='ltr' id='par_1_79' title="bbox 105 5356 1697 5438">
     <span class='ocr_line' id='line_1_80' title="bbox 105 5356 1697 5438; baseline -0.009 -14"><span class='ocrx_word' id='word_1_637' title='bbox 105 5366 184 5437; x_wconf 80' lang='grc' dir='ltr'><strong>τῷ</strong></span> <span class='ocrx_word' id='word_1_638' title='bbox 215 5365 338 5438; x_wconf 81' lang='grc' dir='ltr'>Θεῷ</span> <span class='ocrx_word' id='word_1_639' title='bbox 365 5408 380 5433; x_wconf 92' lang='grc'><strong>,</strong></span> <span class='ocrx_word' id='word_1_640' title='bbox 411 5367 500 5421; x_wconf 88' lang='grc' dir='ltr'><strong>διά</strong></span> <span class='ocrx_word' id='word_1_641' title='bbox 530 5366 621 5420; x_wconf 90' lang='grc' dir='ltr'><strong>τοῦ</strong></span> <span class='ocrx_word' id='word_1_642' title='bbox 667 5364 898 5419; x_wconf 86' lang='grc' dir='ltr'>θανάτου</span> <span class='ocrx_word' id='word_1_643' title='bbox 956 5363 1051 5417; x_wconf 87' lang='grc' dir='ltr'><strong>τοῦ</strong></span> <span class='ocrx_word' id='word_1_644' title='bbox 1103 5359 1237 5416; x_wconf 82' lang='grc' dir='ltr'>Υίοῦ</span> <span class='ocrx_word' id='word_1_645' title='bbox 1279 5360 1445 5415; x_wconf 84' lang='grc' dir='ltr'>αὐτοῦ</span> <span class='ocrx_word' id='word_1_646' title='bbox 1466 5400 1481 5424; x_wconf 85' lang='grc'><strong>,</strong></span> <span class='ocrx_word' id='word_1_647' title='bbox 1518 5356 1697 5428; x_wconf 83' lang='grc' dir='ltr'>πολλῷ</span> 
     </span>
    </p>
   </div>
   <div class='ocr_carea' id='block_1_80' title="bbox 110 5448 1689 5528">
    <p class='ocr_par' dir='ltr' id='par_1_80' title="bbox 110 5448 1689 5528">
     <span class='ocr_line' id='line_1_81' title="bbox 110 5448 1689 5528; baseline -0.009 -15"><span class='ocrx_word' id='word_1_648' title='bbox 110 5457 315 5528; x_wconf 80' lang='grc' dir='ltr'>μᾶλλον</span> <span class='ocrx_word' id='word_1_649' title='bbox 336 5457 759 5526; x_wconf 83' lang='grc' dir='ltr'>καταλλαγέντες</span> <span class='ocrx_word' id='word_1_650' title='bbox 783 5454 1141 5526; x_wconf 76' lang='grc' dir='ltr'>σωθησόμεθα</span> <span class='ocrx_word' id='word_1_651' title='bbox 1167 5454 1225 5505; x_wconf 84' lang='grc' dir='ltr'>ὲν</span> <span class='ocrx_word' id='word_1_652' title='bbox 1244 5454 1310 5523; x_wconf 82' lang='grc' dir='ltr'><strong>τῇ</strong></span> <span class='ocrx_word' id='word_1_653' title='bbox 1335 5452 1445 5521; x_wconf 79' lang='grc' dir='ltr'>ζωῇ</span> <span class='ocrx_word' id='word_1_654' title='bbox 1470 5448 1689 5503; x_wconf 77' lang='grc' dir='ltr'><strong>αὑτοῦ.»</strong></span> 
     </span>
    </p>
   </div>
   <div class='ocr_carea' id='block_1_81' title="bbox 107 5543 1695 5620">
    <p class='ocr_par' dir='ltr' id='par_1_81' title="bbox 107 5543 1695 5620">
     <span class='ocr_line' id='line_1_82' title="bbox 107 5543 1695 5620; baseline -0.007 -15"><span class='ocrx_word' id='word_1_655' title='bbox 107 5553 361 5605; x_wconf 75' lang='grc' dir='ltr'>Αίτιᾶται</span> <span class='ocrx_word' id='word_1_656' title='bbox 392 5550 451 5603; x_wconf 78' lang='grc' dir='ltr'>δὲ</span> <span class='ocrx_word' id='word_1_657' title='bbox 476 5550 567 5604; x_wconf 82' lang='grc' dir='ltr'><strong>καί</strong></span> <span class='ocrx_word' id='word_1_658' title='bbox 592 5567 756 5620; x_wconf 80' lang='grc' dir='ltr'>φησιν</span> <span class='ocrx_word' id='word_1_659' title='bbox 795 5550 852 5600; x_wconf 84' lang='grc' dir='ltr'>ὲν</span> <span class='ocrx_word' id='word_1_660' title='bbox 882 5548 1094 5619; x_wconf 79' lang='grc' dir='ltr'>ἑτέροις</span> <span class='ocrx_word' id='word_1_661' title='bbox 1119 5565 1129 5578; x_wconf 77' lang='grc' dir='ltr'><strong>ο</strong></span> <span class='ocrx_word' id='word_1_662' title='bbox 1166 5562 1183 5595; x_wconf 79' lang='grc' dir='ltr'><strong>ι</strong></span> <span class='ocrx_word' id='word_1_663' title='bbox 1222 5545 1360 5597; x_wconf 78' lang='grc' dir='ltr'>Νυνὶ</span> <span class='ocrx_word' id='word_1_664' title='bbox 1395 5544 1451 5596; x_wconf 83' lang='grc' dir='ltr'>δὲ</span> <span class='ocrx_word' id='word_1_665' title='bbox 1479 5543 1695 5611; x_wconf 87' lang='grc' dir='ltr'>γνόντες</span> 
     </span>
    </p>
   </div>
   <div class='ocr_carea' id='block_1_82' title="bbox 105 5632 1698 5715">
    <p class='ocr_par' dir='ltr' id='par_1_82' title="bbox 105 5632 1698 5715">
     <span class='ocr_line' id='line_1_83' title="bbox 105 5632 1698 5715; baseline -0.008 -17"><span class='ocrx_word' id='word_1_666' title='bbox 105 5642 264 5710; x_wconf 71' lang='grc' dir='ltr'>Θεδν,</span> <span class='ocrx_word' id='word_1_667' title='bbox 286 5641 485 5715; x_wconf 78' lang='grc' dir='ltr'>μᾶλλον</span> <span class='ocrx_word' id='word_1_668' title='bbox 514 5642 571 5695; x_wconf 85' lang='grc' dir='ltr'>δὲ</span> <span class='ocrx_word' id='word_1_669' title='bbox 590 5639 924 5710; x_wconf 86' lang='grc' dir='ltr'>γνωσθέντες</span> <span class='ocrx_word' id='word_1_670' title='bbox 943 5637 1047 5692; x_wconf 79' lang='grc' dir='ltr'><strong>ὑπὸ</strong></span> <span class='ocrx_word' id='word_1_671' title='bbox 1073 5633 1232 5702; x_wconf 86' lang='grc' dir='ltr'>Θεοῦ,</span> <span class='ocrx_word' id='word_1_672' title='bbox 1248 5633 1363 5699; x_wconf 83' lang='grc' dir='ltr'><strong>πῶς</strong></span> <span class='ocrx_word' id='word_1_673' title='bbox 1398 5632 1558 5686; x_wconf 85' lang='grc' dir='ltr'>πάλιν</span> <span class='ocrx_word' id='word_1_674' title='bbox 1575 5635 1698 5687; x_wconf 76' lang='grc' dir='ltr'>ἐπι-</span> 
     </span>
    </p>
   </div>
   <div class='ocr_carea' id='block_1_83' title="bbox 1808 3222 3395 3293">
    <p class='ocr_par' dir='ltr' id='par_1_83' title="bbox 1808 3222 3395 3293">
     <span class='ocr_line' id='line_1_84' title="bbox 1808 3222 3395 3293; baseline 0.001 -16"><span class='ocrx_word' id='word_1_675' title='bbox 1808 3222 2105 3287; x_wconf 90' lang='lat' dir='ltr'><strong>avellitur,</strong></span> <span class='ocrx_word' id='word_1_676' title='bbox 2152 3233 2208 3278; x_wconf 93' lang='lat' dir='ltr'><strong>et</strong></span> <span class='ocrx_word' id='word_1_677' title='bbox 2262 3223 2603 3293; x_wconf 88' lang='lat' dir='ltr'><strong>impuritatis</strong></span> <span class='ocrx_word' id='word_1_678' title='bbox 2664 3222 3048 3293; x_wconf 87' lang='lat' dir='ltr'><strong>insipientium</strong></span> <span class='ocrx_word' id='word_1_679' title='bbox 3107 3225 3395 3280; x_wconf 87' lang='lat' dir='ltr'><strong>hominum</strong></span> 
     </span>
    </p>
   </div>
   <div class='ocr_carea' id='block_1_84' title="bbox 1802 3316 3395 3388">
    <p class='ocr_par' dir='ltr' id='par_1_84' title="bbox 1802 3316 3395 3388">
     <span class='ocr_line' id='line_1_85' title="bbox 1802 3316 3395 3388; baseline 0.001 -17"><span class='ocrx_word' id='word_1_680' title='bbox 1802 3317 1983 3388; x_wconf 88' lang='lat' dir='ltr'><strong>palea,</strong></span> <span class='ocrx_word' id='word_1_681' title='bbox 2022 3316 2305 3371; x_wconf 78' lang='lat' dir='ltr'><strong>utdivinte</strong></span> <span class='ocrx_word' id='word_1_682' title='bbox 2361 3324 2417 3372; x_wconf 86' lang='lat' dir='ltr'><strong>et</strong></span> <span class='ocrx_word' id='word_1_683' title='bbox 2456 3317 2788 3388; x_wconf 69' lang='lat' dir='ltr'><strong>evangelicae</strong></span> <span class='ocrx_word' id='word_1_684' title='bbox 2836 3316 3110 3373; x_wconf 68' lang='lat' dir='ltr'><strong>doctrinae</strong></span> <span class='ocrx_word' id='word_1_685' title='bbox 3150 3317 3395 3373; x_wconf 78' lang='lat' dir='ltr'><strong>fructum</strong></span> 
     </span>
    </p>
   </div>
   <div class='ocr_carea' id='block_1_85' title="bbox 1804 3408 3399 3481">
    <p class='ocr_par' dir='ltr' id='par_1_85' title="bbox 1804 3408 3399 3481">
     <span class='ocr_line' id='line_1_86' title="bbox 1804 3408 3399 3481; baseline 0.002 -16"><span class='ocrx_word' id='word_1_686' title='bbox 1804 3409 2211 3481; x_wconf 89' lang='lat' dir='ltr'><strong>quodammodo</strong></span> <span class='ocrx_word' id='word_1_687' title='bbox 2250 3409 2449 3464; x_wconf 89' lang='lat' dir='ltr'><strong>edilem</strong></span> <span class='ocrx_word' id='word_1_688' title='bbox 2480 3408 2706 3481; x_wconf 88' lang='lat' dir='ltr'><strong>Deoqne</strong></span> <span class='ocrx_word' id='word_1_689' title='bbox 2750 3425 2939 3465; x_wconf 87' lang='lat' dir='ltr'><strong>revera</strong></span> <span class='ocrx_word' id='word_1_690' title='bbox 2972 3418 3213 3481; x_wconf 87' lang='lat' dir='ltr'><strong>gratum,</strong></span> <span class='ocrx_word' id='word_1_691' title='bbox 3244 3411 3399 3468; x_wconf 82' lang='lat' dir='ltr'><strong>ferre</strong></span> 
     </span>
    </p>
   </div>
   <div class='ocr_carea' id='block_1_86' title="bbox 1803 3499 3397 3575">
    <p class='ocr_par' dir='ltr' id='par_1_86' title="bbox 1803 3499 3397 3575">
     <span class='ocr_line' id='line_1_87' title="bbox 1803 3499 3397 3575; baseline -0.001 -16"><span class='ocrx_word' id='word_1_692' title='bbox 1803 3504 2041 3575; x_wconf 87' lang='lat' dir='ltr'><strong>possint.</strong></span> <span class='ocrx_word' id='word_1_693' title='bbox 2103 3499 2261 3568; x_wconf 86' lang='lat' dir='ltr'><strong>Quod</strong></span> <span class='ocrx_word' id='word_1_694' title='bbox 2317 3510 2503 3556; x_wconf 88' lang='lat' dir='ltr'><strong>autem</strong></span> <span class='ocrx_word' id='word_1_695' title='bbox 2553 3517 2744 3556; x_wconf 88' lang='lat' dir='ltr'><strong>verum</strong></span> <span class='ocrx_word' id='word_1_696' title='bbox 2784 3501 2920 3557; x_wconf 92' lang='lat' dir='ltr'><strong>illud</strong></span> <span class='ocrx_word' id='word_1_697' title='bbox 2975 3501 3083 3566; x_wconf 84' lang='lat' dir='ltr'><strong>sit,</strong></span> <span class='ocrx_word' id='word_1_698' title='bbox 3134 3517 3245 3556; x_wconf 91' lang='lat' dir='ltr'><strong>non</strong></span> <span class='ocrx_word' id='word_1_699' title='bbox 3288 3503 3397 3557; x_wconf 77' lang='lat' dir='ltr'><strong>erit</strong></span> 
     </span>
    </p>
   </div>
   <div class='ocr_carea' id='block_1_87' title="bbox 1803 3590 3397 3649">
    <p class='ocr_par' dir='ltr' id='par_1_87' title="bbox 1803 3590 3397 3649">
     <span class='ocr_line' id='line_1_88' title="bbox 1803 3590 3397 3649; baseline 0 0"><span class='ocrx_word' id='word_1_700' title='bbox 1803 3592 2023 3649; x_wconf 81' lang='lat' dir='ltr'><strong>diﬁ‘tcile</strong></span> <span class='ocrx_word' id='word_1_701' title='bbox 2072 3607 2139 3648; x_wconf 81' lang='lat' dir='ltr'><strong>ex</strong></span> <span class='ocrx_word' id='word_1_702' title='bbox 2191 3590 2417 3647; x_wconf 85' lang='lat' dir='ltr'><strong>Litteris</strong></span> <span class='ocrx_word' id='word_1_703' title='bbox 2446 3591 2653 3649; x_wconf 90' lang='lat' dir='ltr'><strong>divinis</strong></span> <span class='ocrx_word' id='word_1_704' title='bbox 2722 3593 3126 3648; x_wconf 89' lang='lat' dir='ltr'><strong>demonstrare.</strong></span> <span class='ocrx_word' id='word_1_705' title='bbox 3186 3591 3397 3649; x_wconf 79' lang='lat' dir='ltr'><strong>Scribit</strong></span> 
     </span>
    </p>
   </div>
   <div class='ocr_carea' id='block_1_88' title="bbox 1803 3680 3396 3753">
    <p class='ocr_par' dir='ltr' id='par_1_88' title="bbox 1803 3680 3396 3753">
     <span class='ocr_line' id='line_1_89' title="bbox 1803 3680 3396 3753; baseline -0.002 -11"><span class='ocrx_word' id='word_1_706' title='bbox 1803 3686 1952 3742; x_wconf 89' lang='lat' dir='ltr'><strong>enim</strong></span> <span class='ocrx_word' id='word_1_707' title='bbox 1982 3683 2206 3740; x_wconf 88' lang='lat' dir='ltr'><strong>divinus</strong></span> <span class='ocrx_word' id='word_1_708' title='bbox 2238 3681 2448 3738; x_wconf 88' lang='lat' dir='ltr'><strong>Paulus</strong></span> <span class='ocrx_word' id='word_1_709' title='bbox 2477 3680 2686 3740; x_wconf 70' lang='lat' dir='ltr'><strong>Iudaeis</strong></span> <span class='ocrx_word' id='word_1_710' title='bbox 2722 3682 2981 3738; x_wconf 91' lang='lat' dir='ltr'><strong>ﬁdelibus</strong></span> <span class='ocrx_word' id='word_1_711' title='bbox 3002 3724 3017 3749; x_wconf 90' lang='lat'><strong>,</strong></span> <span class='ocrx_word' id='word_1_712' title='bbox 3048 3681 3142 3753; x_wconf 89' lang='lat' dir='ltr'><strong>qui</strong></span> <span class='ocrx_word' id='word_1_713' title='bbox 3190 3684 3396 3753; x_wconf 89' lang='lat' dir='ltr'><strong>spretis</strong></span> 
     </span>
    </p>
   </div>
   <div class='ocr_carea' id='block_1_89' title="bbox 1803 3774 3396 3849">
    <p class='ocr_par' dir='ltr' id='par_1_89' title="bbox 1803 3774 3396 3849">
     <span class='ocr_line' id='line_1_90' title="bbox 1803 3774 3396 3849; baseline -0.003 -15"><span class='ocrx_word' id='word_1_714' title='bbox 1803 3776 2137 3848; x_wconf 80' lang='lat' dir='ltr'><strong>evangelicis</strong></span> <span class='ocrx_word' id='word_1_715' title='bbox 2184 3775 2468 3849; x_wconf 88' lang='lat' dir='ltr'><strong>dogmatis</strong></span> <span class='ocrx_word' id='word_1_716' title='bbox 2509 3782 2662 3832; x_wconf 89' lang='lat' dir='ltr'><strong>retro</strong></span> <span class='ocrx_word' id='word_1_717' title='bbox 2690 3790 2890 3830; x_wconf 88' lang='lat' dir='ltr'><strong>rursus</strong></span> <span class='ocrx_word' id='word_1_718' title='bbox 2930 3774 3220 3840; x_wconf 85' lang='lat' dir='ltr'><strong>abierant,</strong></span> <span class='ocrx_word' id='word_1_719' title='bbox 3254 3774 3396 3846; x_wconf 85' lang='lat' dir='ltr'><strong>legis</strong></span> 
     </span>
    </p>
   </div>
   <div class='ocr_carea' id='block_1_90' title="bbox 1806 3864 3395 3937">
    <p class='ocr_par' dir='ltr' id='par_1_90' title="bbox 1806 3864 3395 3937">
     <span class='ocr_line' id='line_1_91' title="bbox 1806 3864 3395 3937; baseline -0.002 -14"><span class='ocrx_word' id='word_1_720' title='bbox 1806 3869 2033 3923; x_wconf 83' lang='lat' dir='ltr'><strong>umbras</strong></span> <span class='ocrx_word' id='word_1_721' title='bbox 2068 3867 2319 3923; x_wconf 85' lang='lat' dir='ltr'><strong>venerati</strong></span> <span class='ocrx_word' id='word_1_722' title='bbox 2350 3884 2365 3921; x_wconf 92' lang='lat'><strong>:</strong></span> <span class='ocrx_word' id='word_1_723' title='bbox 2406 3884 2425 3918; x_wconf 84' lang='grc' dir='ltr'><strong>ι</strong></span> <span class='ocrx_word' id='word_1_724' title='bbox 2457 3864 2723 3921; x_wconf 86' lang='lat' dir='ltr'><strong>Evacuati</strong></span> <span class='ocrx_word' id='word_1_725' title='bbox 2752 3866 2945 3922; x_wconf 74' lang='lat' dir='ltr'><strong>estisa</strong></span> <span class='ocrx_word' id='word_1_726' title='bbox 2973 3865 3234 3922; x_wconf 79' lang='lat' dir='ltr'><strong>Christo:</strong></span> <span class='ocrx_word' id='word_1_727' title='bbox 3266 3866 3395 3937; x_wconf 89' lang='lat' dir='ltr'><strong>qui-</strong></span> 
     </span>
    </p>
   </div>
   <div class='ocr_carea' id='block_1_91' title="bbox 1804 3961 3387 4034">
    <p class='ocr_par' dir='ltr' id='par_1_91' title="bbox 1804 3961 3387 4034">
     <span class='ocr_line' id='line_1_92' title="bbox 1804 3961 3387 4034; baseline -0.003 -15"><span class='ocrx_word' id='word_1_728' title='bbox 1804 3978 2023 4034; x_wconf 90' lang='lat' dir='ltr'><strong>cunque</strong></span> <span class='ocrx_word' id='word_1_729' title='bbox 2041 3962 2094 4017; x_wconf 92' lang='lat' dir='ltr'><strong>in</strong></span> <span class='ocrx_word' id='word_1_730' title='bbox 2109 3962 2228 4034; x_wconf 89' lang='lat' dir='ltr'><strong>lege</strong></span> <span class='ocrx_word' id='word_1_731' title='bbox 2242 3961 2650 4033; x_wconf 89' lang='lat' dir='ltr'><strong>justiﬁcamini,</strong></span> <span class='ocrx_word' id='word_1_732' title='bbox 2670 3975 2699 4016; x_wconf 88' lang='lat' dir='ltr'><strong>a</strong></span> <span class='ocrx_word' id='word_1_733' title='bbox 2714 3962 2889 4033; x_wconf 87' lang='lat' dir='ltr'><strong>gratia</strong></span> <span class='ocrx_word' id='word_1_734' title='bbox 2906 3962 3195 4018; x_wconf 81' lang='lat' dir='ltr'><strong>excidistis</strong></span> <span class='ocrx_word' id='word_1_735' title='bbox 3217 3961 3387 4018; x_wconf 59' lang='lat' dir='ltr'><strong>&quot;‘&quot;n</strong></span> 
     </span>
    </p>
   </div>
   <div class='ocr_carea' id='block_1_92' title="bbox 1803 4056 3395 4129">
    <p class='ocr_par' dir='ltr' id='par_1_92' title="bbox 1803 4056 3395 4129">
     <span class='ocr_line' id='line_1_93' title="bbox 1803 4056 3395 4129; baseline -0.001 -17"><span class='ocrx_word' id='word_1_736' title='bbox 1803 4056 1873 4114; x_wconf 91' lang='lat' dir='ltr'><strong>Et</strong></span> <span class='ocrx_word' id='word_1_737' title='bbox 1904 4073 2141 4114; x_wconf 87' lang='lat' dir='ltr'><strong>rursus:</strong></span> <span class='ocrx_word' id='word_1_738' title='bbox 2198 4076 2219 4110; x_wconf 75' lang='grc' dir='ltr'><strong>ι</strong></span> <span class='ocrx_word' id='word_1_739' title='bbox 2270 4056 2405 4113; x_wconf 90' lang='lat' dir='ltr'><strong>Dico</strong></span> <span class='ocrx_word' id='word_1_740' title='bbox 2462 4057 2612 4113; x_wconf 86' lang='lat' dir='ltr'><strong>enim</strong></span> <span class='ocrx_word' id='word_1_741' title='bbox 2667 4057 2826 4113; x_wconf 92' lang='lat' dir='ltr'><strong>vobis</strong></span> <span class='ocrx_word' id='word_1_742' title='bbox 2870 4057 3158 4129; x_wconf 87' lang='lat' dir='ltr'><strong>quoniam,</strong></span> <span class='ocrx_word' id='word_1_743' title='bbox 3198 4058 3244 4113; x_wconf 92' lang='lat' dir='ltr'><strong>si</strong></span> <span class='ocrx_word' id='word_1_744' title='bbox 3284 4059 3395 4112; x_wconf 84' lang='lat' dir='ltr'><strong>cir-</strong></span> 
     </span>
    </p>
   </div>
   <div class='ocr_carea' id='block_1_93' title="bbox 1804 4148 3390 4220">
    <p class='ocr_par' dir='ltr' id='par_1_93' title="bbox 1804 4148 3390 4220">
     <span class='ocr_line' id='line_1_94' title="bbox 1804 4148 3390 4220; baseline -0.003 -13"><span class='ocrx_word' id='word_1_745' title='bbox 1804 4150 2222 4217; x_wconf 90' lang='lat' dir='ltr'><strong>cumcidamini,</strong></span> <span class='ocrx_word' id='word_1_746' title='bbox 2262 4149 2522 4206; x_wconf 88' lang='lat' dir='ltr'><strong>Christus</strong></span> <span class='ocrx_word' id='word_1_747' title='bbox 2574 4148 2733 4207; x_wconf 87' lang='lat' dir='ltr'><strong>vobis</strong></span> <span class='ocrx_word' id='word_1_748' title='bbox 2780 4149 2918 4204; x_wconf 88' lang='lat' dir='ltr'><strong>nihil</strong></span> <span class='ocrx_word' id='word_1_749' title='bbox 2970 4150 3217 4220; x_wconf 89' lang='lat' dir='ltr'><strong>proderit</strong></span> <span class='ocrx_word' id='word_1_750' title='bbox 3244 4150 3308 4203; x_wconf 82' lang='lat'><strong>“.</strong></span> <span class='ocrx_word' id='word_1_751' title='bbox 3365 4168 3390 4202; x_wconf 63' lang='grc' dir='ltr'><strong>ι</strong></span> 
     </span>
    </p>
   </div>
   <div class='ocr_carea' id='block_1_94' title="bbox 1805 4242 3391 4313">
    <p class='ocr_par' dir='ltr' id='par_1_94' title="bbox 1805 4242 3391 4313">
     <span class='ocr_line' id='line_1_95' title="bbox 1805 4242 3391 4313; baseline -0.001 -15"><span class='ocrx_word' id='word_1_752' title='bbox 1805 4243 1966 4311; x_wconf 85' lang='lat' dir='ltr'><strong>Quod</strong></span> <span class='ocrx_word' id='word_1_753' title='bbox 2013 4244 2061 4299; x_wconf 89' lang='lat' dir='ltr'><strong>si</strong></span> <span class='ocrx_word' id='word_1_754' title='bbox 2117 4243 2257 4299; x_wconf 89' lang='lat' dir='ltr'><strong>velle</strong></span> <span class='ocrx_word' id='word_1_755' title='bbox 2302 4243 2593 4313; x_wconf 86' lang='lat' dir='ltr'><strong>justiﬁcari</strong></span> <span class='ocrx_word' id='word_1_756' title='bbox 2643 4243 2804 4313; x_wconf 80' lang='lat' dir='ltr'><strong>juxta</strong></span> <span class='ocrx_word' id='word_1_757' title='bbox 2855 4242 3052 4313; x_wconf 88' lang='lat' dir='ltr'><strong>legem,</strong></span> <span class='ocrx_word' id='word_1_758' title='bbox 3098 4243 3306 4298; x_wconf 86' lang='lat' dir='ltr'><strong>alienos</strong></span> <span class='ocrx_word' id='word_1_759' title='bbox 3359 4257 3391 4297; x_wconf 79' lang='lat' dir='ltr'><strong>a</strong></span> 
     </span>
    </p>
   </div>
   <div class='ocr_carea' id='block_1_95' title="bbox 1805 4333 3393 4407">
    <p class='ocr_par' dir='ltr' id='par_1_95' title="bbox 1805 4333 3393 4407">
     <span class='ocr_line' id='line_1_96' title="bbox 1805 4333 3393 4407; baseline -0.002 -15"><span class='ocrx_word' id='word_1_760' title='bbox 1805 4335 2027 4392; x_wconf 87' lang='lat' dir='ltr'><strong>Christo</strong></span> <span class='ocrx_word' id='word_1_761' title='bbox 2056 4349 2152 4391; x_wconf 90' lang='lat' dir='ltr'><strong>eos</strong></span> <span class='ocrx_word' id='word_1_762' title='bbox 2184 4334 2387 4399; x_wconf 86' lang='lat' dir='ltr'><strong>reddit,</strong></span> <span class='ocrx_word' id='word_1_763' title='bbox 2424 4335 2704 4407; x_wconf 83' lang='lat' dir='ltr'><strong>quomodo</strong></span> <span class='ocrx_word' id='word_1_764' title='bbox 2739 4347 2851 4388; x_wconf 92' lang='lat' dir='ltr'><strong>non</strong></span> <span class='ocrx_word' id='word_1_765' title='bbox 2903 4333 3272 4388; x_wconf 86' lang='lat' dir='ltr'><strong>indubitatum</strong></span> <span class='ocrx_word' id='word_1_766' title='bbox 3305 4344 3393 4389; x_wconf 78' lang='lat' dir='ltr'><strong>est</strong></span> 
     </span>
    </p>
   </div>
   <div class='ocr_carea' id='block_1_96' title="bbox 1805 4427 3390 4506">
    <p class='ocr_par' dir='ltr' id='par_1_96' title="bbox 1805 4427 3390 4506">
     <span class='ocr_line' id='line_1_97' title="bbox 1805 4427 3390 4506; baseline -0.004 -19"><span class='ocrx_word' id='word_1_767' title='bbox 1805 4446 2060 4506; x_wconf 89' lang='lat' dir='ltr'><strong>prorsus,</strong></span> <span class='ocrx_word' id='word_1_768' title='bbox 2079 4430 2275 4502; x_wconf 91' lang='lat' dir='ltr'><strong>legalis</strong></span> <span class='ocrx_word' id='word_1_769' title='bbox 2306 4431 2748 4487; x_wconf 89' lang='lat' dir='ltr'><strong>conversationis</strong></span> <span class='ocrx_word' id='word_1_770' title='bbox 2776 4429 3006 4499; x_wconf 88' lang='lat' dir='ltr'><strong>repudio</strong></span> <span class='ocrx_word' id='word_1_771' title='bbox 3036 4427 3390 4499; x_wconf 83' lang='lat' dir='ltr'><strong>conjunctio-</strong></span> 
     </span>
    </p>
   </div>
   <div class='ocr_carea' id='block_1_97' title="bbox 1804 4520 3395 4589">
    <p class='ocr_par' dir='ltr' id='par_1_97' title="bbox 1804 4520 3395 4589">
     <span class='ocr_line' id='line_1_98' title="bbox 1804 4520 3395 4589; baseline -0.005 -6"><span class='ocrx_word' id='word_1_772' title='bbox 1804 4542 1931 4583; x_wconf 91' lang='lat' dir='ltr'><strong>nem</strong></span> <span class='ocrx_word' id='word_1_773' title='bbox 1970 4542 2095 4581; x_wconf 92' lang='lat' dir='ltr'><strong>cum</strong></span> <span class='ocrx_word' id='word_1_774' title='bbox 2121 4524 2349 4579; x_wconf 89' lang='lat' dir='ltr'><strong>Christo</strong></span> <span class='ocrx_word' id='word_1_775' title='bbox 2383 4522 2715 4579; x_wconf 85' lang='lat' dir='ltr'><strong>conciliari?</strong></span> <span class='ocrx_word' id='word_1_776' title='bbox 2745 4520 3179 4577; x_wconf 91' lang='lat' dir='ltr'><strong>Circumciditur</strong></span> <span class='ocrx_word' id='word_1_777' title='bbox 3206 4521 3395 4589; x_wconf 84' lang='lat' dir='ltr'><strong>itaque</strong></span> 
     </span>
    </p>
   </div>
   <div class='ocr_carea' id='block_1_98' title="bbox 1802 4610 3387 4685">
    <p class='ocr_par' dir='ltr' id='par_1_98' title="bbox 1802 4610 3387 4685">
     <span class='ocr_line' id='line_1_99' title="bbox 1802 4610 3387 4685; baseline -0.006 -12"><span class='ocrx_word' id='word_1_778' title='bbox 1802 4619 1907 4673; x_wconf 91' lang='lat' dir='ltr'><strong>hoc</strong></span> <span class='ocrx_word' id='word_1_779' title='bbox 1953 4616 2120 4672; x_wconf 91' lang='lat' dir='ltr'><strong>modo</strong></span> <span class='ocrx_word' id='word_1_780' title='bbox 2175 4614 2397 4685; x_wconf 89' lang='lat' dir='ltr'><strong>quidem</strong></span> <span class='ocrx_word' id='word_1_781' title='bbox 2450 4615 2659 4678; x_wconf 89' lang='lat' dir='ltr'><strong>Israel,</strong></span> <span class='ocrx_word' id='word_1_782' title='bbox 2709 4612 2822 4666; x_wconf 90' lang='lat' dir='ltr'><strong>imo</strong></span> <span class='ocrx_word' id='word_1_783' title='bbox 2874 4618 3167 4682; x_wconf 82' lang='lat' dir='ltr'><strong>purgatur,</strong></span> <span class='ocrx_word' id='word_1_784' title='bbox 3214 4610 3387 4664; x_wconf 83' lang='lat' dir='ltr'><strong>veteri</strong></span> 
     </span>
    </p>
   </div>
   <div class='ocr_carea' id='block_1_99' title="bbox 1800 4702 3398 4781">
    <p class='ocr_par' dir='ltr' id='par_1_99' title="bbox 1800 4702 3398 4781">
     <span class='ocr_line' id='line_1_100' title="bbox 1800 4702 3398 4781; baseline -0.007 -16"><span class='ocrx_word' id='word_1_785' title='bbox 1800 4709 1996 4765; x_wconf 87' lang='lat' dir='ltr'><strong>morbo</strong></span> <span class='ocrx_word' id='word_1_786' title='bbox 2024 4709 2297 4781; x_wconf 91' lang='lat' dir='ltr'><strong>deposito,</strong></span> <span class='ocrx_word' id='word_1_787' title='bbox 2335 4706 2429 4777; x_wconf 86' lang='lat' dir='ltr'><strong>qui</strong></span> <span class='ocrx_word' id='word_1_788' title='bbox 2465 4716 2781 4761; x_wconf 87' lang='lat' dir='ltr'><strong>creaturam</strong></span> <span class='ocrx_word' id='word_1_789' title='bbox 2824 4718 2924 4774; x_wconf 93' lang='lat' dir='ltr'><strong>pro</strong></span> <span class='ocrx_word' id='word_1_790' title='bbox 2957 4702 3219 4758; x_wconf 86' lang='lat' dir='ltr'><strong>Creatore</strong></span> <span class='ocrx_word' id='word_1_791' title='bbox 3256 4702 3398 4756; x_wconf 79' lang='lat' dir='ltr'><strong>olim</strong></span> 
     </span>
    </p>
   </div>
   <div class='ocr_carea' id='block_1_100' title="bbox 1800 4786 3388 4867">
    <p class='ocr_par' dir='ltr' id='par_1_100' title="bbox 1800 4786 3388 4867">
     <span class='ocr_line' id='line_1_101' title="bbox 1800 4786 3388 4867; baseline -0.008 -9"><span class='ocrx_word' id='word_1_792' title='bbox 1800 4802 1991 4858; x_wconf 90' lang='lat' dir='ltr'><strong>coluit.</strong></span> <span class='ocrx_word' id='word_1_793' title='bbox 2024 4800 2167 4867; x_wconf 85' lang='lat' dir='ltr'><strong>Quid</strong></span> <span class='ocrx_word' id='word_1_794' title='bbox 2218 4800 2366 4857; x_wconf 88' lang='lat' dir='ltr'><strong>enim</strong></span> <span class='ocrx_word' id='word_1_795' title='bbox 2420 4798 2489 4853; x_wconf 84' lang='lat' dir='ltr'><strong>ad</strong></span> <span class='ocrx_word' id='word_1_796' title='bbox 2540 4812 2637 4853; x_wconf 93' lang='lat' dir='ltr'><strong>eos</strong></span> <span class='ocrx_word' id='word_1_797' title='bbox 2695 4796 2902 4851; x_wconf 89' lang='lat' dir='ltr'><strong>Paulus</strong></span> <span class='ocrx_word' id='word_1_798' title='bbox 2936 4792 3200 4850; x_wconf 78' lang='lat' dir='ltr'><strong>.scribit?</strong></span> <span class='ocrx_word' id='word_1_799' title='bbox 3251 4810 3271 4843; x_wconf 77' lang='grc' dir='ltr'><strong>ι</strong></span> <span class='ocrx_word' id='word_1_800' title='bbox 3329 4786 3388 4846; x_wconf 88' lang='lat' dir='ltr'><strong>Si</strong></span> 
     </span>
    </p>
   </div>
   <div class='ocr_carea' id='block_1_101' title="bbox 1802 4888 3400 4963">
    <p class='ocr_par' dir='ltr' id='par_1_101' title="bbox 1802 4888 3400 4963">
     <span class='ocr_line' id='line_1_102' title="bbox 1802 4888 3400 4963; baseline -0.006 -9"><span class='ocrx_word' id='word_1_801' title='bbox 1802 4897 1973 4963; x_wconf 89' lang='lat' dir='ltr'><strong>enim,</strong></span> <span class='ocrx_word' id='word_1_802' title='bbox 1992 4912 2119 4952; x_wconf 93' lang='lat' dir='ltr'><strong>cum</strong></span> <span class='ocrx_word' id='word_1_803' title='bbox 2145 4896 2355 4951; x_wconf 89' lang='lat' dir='ltr'><strong>inimici</strong></span> <span class='ocrx_word' id='word_1_804' title='bbox 2385 4910 2660 4958; x_wconf 91' lang='lat' dir='ltr'><strong>essemus,</strong></span> <span class='ocrx_word' id='word_1_805' title='bbox 2682 4891 3027 4949; x_wconf 92' lang='lat' dir='ltr'><strong>reconciliati</strong></span> <span class='ocrx_word' id='word_1_806' title='bbox 3054 4905 3245 4947; x_wconf 90' lang='lat' dir='ltr'><strong>sumus</strong></span> <span class='ocrx_word' id='word_1_807' title='bbox 3276 4888 3400 4944; x_wconf 91' lang='lat' dir='ltr'><strong>Deo-</strong></span> 
     </span>
    </p>
   </div>
   <div class='ocr_carea' id='block_1_102' title="bbox 1803 4982 3385 5061">
    <p class='ocr_par' dir='ltr' id='par_1_102' title="bbox 1803 4982 3385 5061">
     <span class='ocr_line' id='line_1_103' title="bbox 1803 4982 3385 5061; baseline -0.006 -16"><span class='ocrx_word' id='word_1_808' title='bbox 1803 5004 1901 5061; x_wconf 90' lang='lat' dir='ltr'><strong>per</strong></span> <span class='ocrx_word' id='word_1_809' title='bbox 1930 4996 2162 5044; x_wconf 89' lang='lat' dir='ltr'><strong>mortem</strong></span> <span class='ocrx_word' id='word_1_810' title='bbox 2212 4987 2340 5043; x_wconf 90' lang='lat' dir='ltr'><strong>Filii</strong></span> <span class='ocrx_word' id='word_1_811' title='bbox 2397 4988 2544 5057; x_wconf 89' lang='lat' dir='ltr'><strong>ejus,</strong></span> <span class='ocrx_word' id='word_1_812' title='bbox 2598 4986 2774 5040; x_wconf 89' lang='lat' dir='ltr'><strong>multo</strong></span> <span class='ocrx_word' id='word_1_813' title='bbox 2806 4985 2981 5055; x_wconf 85' lang='lat' dir='ltr'><strong>magis</strong></span> <span class='ocrx_word' id='word_1_814' title='bbox 3016 4982 3385 5044; x_wconf 90' lang='lat' dir='ltr'><strong>reconciliati,</strong></span> 
     </span>
    </p>
   </div>
   <div class='ocr_carea' id='block_1_103' title="bbox 1801 5074 3388 5150">
    <p class='ocr_par' dir='ltr' id='par_1_103' title="bbox 1801 5074 3388 5150">
     <span class='ocr_line' id='line_1_104' title="bbox 1801 5074 3388 5150; baseline -0.007 -14"><span class='ocrx_word' id='word_1_815' title='bbox 1801 5081 1940 5137; x_wconf 89' lang='lat' dir='ltr'><strong>salvi</strong></span> <span class='ocrx_word' id='word_1_816' title='bbox 1969 5081 2177 5136; x_wconf 89' lang='lat' dir='ltr'><strong>erimus</strong></span> <span class='ocrx_word' id='word_1_817' title='bbox 2210 5079 2264 5133; x_wconf 88' lang='lat' dir='ltr'><strong>in</strong></span> <span class='ocrx_word' id='word_1_818' title='bbox 2291 5078 2405 5134; x_wconf 88' lang='lat' dir='ltr'><strong>vita</strong></span> <span class='ocrx_word' id='word_1_819' title='bbox 2438 5078 2615 5150; x_wconf 90' lang='lat' dir='ltr'><strong>ipsius</strong></span> <span class='ocrx_word' id='word_1_820' title='bbox 2638 5078 2703 5131; x_wconf 84' lang='grc'><strong>¹⁷.</strong></span> <span class='ocrx_word' id='word_1_821' title='bbox 2746 5096 2764 5129; x_wconf 75' lang='grc' dir='ltr'><strong>ι</strong></span> <span class='ocrx_word' id='word_1_822' title='bbox 2808 5074 3109 5146; x_wconf 79' lang='lat' dir='ltr'><strong>lledarguit</strong></span> <span class='ocrx_word' id='word_1_823' title='bbox 3140 5088 3296 5136; x_wconf 91' lang='lat' dir='ltr'><strong>vero,</strong></span> <span class='ocrx_word' id='word_1_824' title='bbox 3331 5080 3388 5126; x_wconf 87' lang='lat' dir='ltr'><strong>et</strong></span> 
     </span>
    </p>
   </div>
   <div class='ocr_carea' id='block_1_104' title="bbox 1800 5163 3384 5238">
    <p class='ocr_par' dir='ltr' id='par_1_104' title="bbox 1800 5163 3384 5238">
     <span class='ocr_line' id='line_1_105' title="bbox 1800 5163 3384 5238; baseline -0.008 -12"><span class='ocrx_word' id='word_1_825' title='bbox 1800 5172 1875 5228; x_wconf 90' lang='lat' dir='ltr'><strong>ait</strong></span> <span class='ocrx_word' id='word_1_826' title='bbox 1899 5171 2071 5226; x_wconf 88' lang='lat' dir='ltr'><strong>alibi:</strong></span> <span class='ocrx_word' id='word_1_827' title='bbox 2111 5188 2130 5222; x_wconf 82' lang='grc' dir='ltr'><strong>ι</strong></span> <span class='ocrx_word' id='word_1_828' title='bbox 2165 5169 2325 5225; x_wconf 87' lang='lat' dir='ltr'><strong>Nunc</strong></span> <span class='ocrx_word' id='word_1_829' title='bbox 2371 5181 2553 5224; x_wconf 90' lang='lat' dir='ltr'><strong>autem</strong></span> <span class='ocrx_word' id='word_1_830' title='bbox 2590 5184 2714 5222; x_wconf 93' lang='lat' dir='ltr'><strong>cum</strong></span> <span class='ocrx_word' id='word_1_831' title='bbox 2754 5166 3133 5238; x_wconf 87' lang='lat' dir='ltr'><strong>cognoveritis</strong></span> <span class='ocrx_word' id='word_1_832' title='bbox 3188 5163 3384 5225; x_wconf 86' lang='lat' dir='ltr'><strong>Deum,</strong></span> 
     </span>
    </p>
   </div>
   <div class='ocr_carea' id='block_1_105' title="bbox 1800 5254 3384 5336">
    <p class='ocr_par' dir='ltr' id='par_1_105' title="bbox 1800 5254 3384 5336">
     <span class='ocr_line' id='line_1_106' title="bbox 1800 5254 3384 5336; baseline -0.007 -18"><span class='ocrx_word' id='word_1_833' title='bbox 1800 5265 1910 5320; x_wconf 92' lang='lat' dir='ltr'><strong>imo</strong></span> <span class='ocrx_word' id='word_1_834' title='bbox 1964 5263 2171 5336; x_wconf 90' lang='lat' dir='ltr'><strong>cogniti</strong></span> <span class='ocrx_word' id='word_1_835' title='bbox 2227 5263 2350 5319; x_wconf 90' lang='lat' dir='ltr'><strong>sitis</strong></span> <span class='ocrx_word' id='word_1_836' title='bbox 2398 5278 2429 5317; x_wconf 89' lang='lat' dir='ltr'><strong>a</strong></span> <span class='ocrx_word' id='word_1_837' title='bbox 2476 5261 2610 5329; x_wconf 89' lang='lat' dir='ltr'><strong>Deo,</strong></span> <span class='ocrx_word' id='word_1_838' title='bbox 2674 5259 2955 5330; x_wconf 87' lang='lat' dir='ltr'><strong>quomodo</strong></span> <span class='ocrx_word' id='word_1_839' title='bbox 2997 5254 3384 5310; x_wconf 77' lang='lat' dir='ltr'><strong>convertimini</strong></span> 
     </span>
    </p>
   </div>
   <div class='ocr_carea' id='block_1_106' title="bbox 1802 5347 3386 5425">
    <p class='ocr_par' dir='ltr' id='par_1_106' title="bbox 1802 5347 3386 5425">
     <span class='ocr_line' id='line_1_107' title="bbox 1802 5347 3386 5425; baseline -0.008 -15"><span class='ocrx_word' id='word_1_840' title='bbox 1802 5356 1998 5411; x_wconf 86' lang='lat' dir='ltr'><strong>iterum</strong></span> <span class='ocrx_word' id='word_1_841' title='bbox 2032 5356 2101 5411; x_wconf 92' lang='lat' dir='ltr'><strong>ad</strong></span> <span class='ocrx_word' id='word_1_842' title='bbox 2127 5355 2348 5410; x_wconf 88' lang='lat' dir='ltr'><strong>inﬁrma</strong></span> <span class='ocrx_word' id='word_1_843' title='bbox 2373 5362 2430 5410; x_wconf 88' lang='lat' dir='ltr'><strong>et</strong></span> <span class='ocrx_word' id='word_1_844' title='bbox 2458 5368 2629 5425; x_wconf 85' lang='lat' dir='ltr'><strong>egena</strong></span> <span class='ocrx_word' id='word_1_845' title='bbox 2659 5353 2953 5413; x_wconf 91' lang='lat' dir='ltr'><strong>elementa,</strong></span> <span class='ocrx_word' id='word_1_846' title='bbox 2977 5349 3179 5420; x_wconf 92' lang='lat' dir='ltr'><strong>quibus</strong></span> <span class='ocrx_word' id='word_1_847' title='bbox 3204 5347 3386 5401; x_wconf 83' lang='lat' dir='ltr'><strong>denuo</strong></span> 
     </span>
    </p>
   </div>
   <div class='ocr_carea' id='block_1_107' title="bbox 1803 5438 3386 5517">
    <p class='ocr_par' dir='ltr' id='par_1_107' title="bbox 1803 5438 3386 5517">
     <span class='ocr_line' id='line_1_108' title="bbox 1803 5438 3386 5517; baseline -0.009 -13"><span class='ocrx_word' id='word_1_848' title='bbox 1803 5448 2016 5504; x_wconf 88' lang='lat' dir='ltr'><strong>servire</strong></span> <span class='ocrx_word' id='word_1_849' title='bbox 2044 5448 2210 5504; x_wconf 78' lang='lat' dir='ltr'><strong>vultis</strong></span> <span class='ocrx_word' id='word_1_850' title='bbox 2231 5448 2318 5501; x_wconf 63' lang='lat'><strong>&#39;3?</strong></span> <span class='ocrx_word' id='word_1_851' title='bbox 2345 5467 2364 5499; x_wconf 85' lang='grc'><strong>›</strong></span> <span class='ocrx_word' id='word_1_852' title='bbox 2392 5447 2528 5502; x_wconf 87' lang='lat' dir='ltr'><strong>Cum</strong></span> <span class='ocrx_word' id='word_1_853' title='bbox 2550 5460 2682 5517; x_wconf 85' lang='lat' dir='ltr'><strong>ergo</strong></span> <span class='ocrx_word' id='word_1_854' title='bbox 2713 5443 2809 5515; x_wconf 89' lang='lat' dir='ltr'><strong>qui</strong></span> <span class='ocrx_word' id='word_1_855' title='bbox 2835 5442 3073 5498; x_wconf 84' lang='lat' dir='ltr'><strong>inﬁrmis</strong></span> <span class='ocrx_word' id='word_1_856' title='bbox 3096 5438 3386 5494; x_wconf 88' lang='lat' dir='ltr'><strong>elementis</strong></span> 
     </span>
    </p>
   </div>
   <div class='ocr_carea' id='block_1_108' title="bbox 1804 5527 3387 5601">
    <p class='ocr_par' dir='ltr' id='par_1_108' title="bbox 1804 5527 3387 5601">
     <span class='ocr_line' id='line_1_109' title="bbox 1804 5527 3387 5601; baseline -0.008 -6"><span class='ocrx_word' id='word_1_857' title='bbox 1804 5540 2054 5595; x_wconf 86' lang='lat' dir='ltr'><strong>serviunt</strong></span> <span class='ocrx_word' id='word_1_858' title='bbox 2086 5538 2249 5594; x_wconf 89' lang='lat' dir='ltr'><strong>alieni</strong></span> <span class='ocrx_word' id='word_1_859' title='bbox 2278 5539 2390 5595; x_wconf 90' lang='lat' dir='ltr'><strong>sint</strong></span> <span class='ocrx_word' id='word_1_860' title='bbox 2427 5553 2457 5592; x_wconf 89' lang='lat' dir='ltr'><strong>a</strong></span> <span class='ocrx_word' id='word_1_861' title='bbox 2497 5537 2744 5601; x_wconf 88' lang='lat' dir='ltr'><strong>Christo,</strong></span> <span class='ocrx_word' id='word_1_862' title='bbox 2775 5549 2897 5589; x_wconf 85' lang='lat' dir='ltr'><strong>cum</strong></span> <span class='ocrx_word' id='word_1_863' title='bbox 2926 5547 2993 5587; x_wconf 88' lang='lat' dir='ltr'><strong>eo</strong></span> <span class='ocrx_word' id='word_1_864' title='bbox 3023 5545 3155 5586; x_wconf 89' lang='lat' dir='ltr'><strong>vero</strong></span> <span class='ocrx_word' id='word_1_865' title='bbox 3191 5527 3387 5582; x_wconf 87' lang='lat' dir='ltr'><strong>unian-</strong></span> 
     </span>
    </p>
   </div>
   <div class='ocr_carea' id='block_1_109' title="bbox 1808 5622 3388 5703">
    <p class='ocr_par' dir='ltr' id='par_1_109' title="bbox 1808 5622 3388 5703">
     <span class='ocr_line' id='line_1_110' title="bbox 1808 5622 3388 5703; baseline -0.008 -18"><span class='ocrx_word' id='word_1_866' title='bbox 1808 5640 1899 5686; x_wconf 87' lang='lat' dir='ltr'><strong>tur</strong></span> <span class='ocrx_word' id='word_1_867' title='bbox 1920 5631 2013 5701; x_wconf 90' lang='lat' dir='ltr'><strong>qui</strong></span> <span class='ocrx_word' id='word_1_868' title='bbox 2046 5641 2317 5687; x_wconf 64' lang='lat' dir='ltr'><strong>creaturae</strong></span> <span class='ocrx_word' id='word_1_869' title='bbox 2338 5646 2451 5703; x_wconf 80' lang='lat' dir='ltr'><strong>prae</strong></span> <span class='ocrx_word' id='word_1_870' title='bbox 2472 5629 2733 5686; x_wconf 85' lang='lat' dir='ltr'><strong>Creatore</strong></span> <span class='ocrx_word' id='word_1_871' title='bbox 2759 5625 2969 5683; x_wconf 87' lang='lat' dir='ltr'><strong>servire</strong></span> <span class='ocrx_word' id='word_1_872' title='bbox 2999 5622 3218 5687; x_wconf 87' lang='lat' dir='ltr'><strong>nolunt,</strong></span> <span class='ocrx_word' id='word_1_873' title='bbox 3246 5634 3388 5690; x_wconf 82' lang='lat' dir='ltr'><strong>quo—</strong></span> 
     </span>
    </p>
   </div>
   <div class='ocr_carea' id='block_1_110' title="bbox 184 5790 1700 5899">
    <p class='ocr_par' dir='ltr' id='par_1_110' title="bbox 184 5790 1618 5899">
     <span class='ocr_line' id='line_1_111' title="bbox 184 5790 1618 5899; baseline 0.002 -18"><span class='ocrx_word' id='word_1_874' title='bbox 184 5828 301 5899; x_wconf 63' lang='grc' dir='ltr'><strong>η-ξε</strong></span> <span class='ocrx_word' id='word_1_875' title='bbox 340 5825 519 5882; x_wconf 83' lang='lat' dir='ltr'><strong>Galat.</strong></span> <span class='ocrx_word' id='word_1_876' title='bbox 549 5841 603 5894; x_wconf 89' lang='lat' dir='ltr'><strong>v,</strong></span> <span class='ocrx_word' id='word_1_877' title='bbox 631 5825 685 5880; x_wconf 75' lang='grc'><strong>4.</strong></span> <span class='ocrx_word' id='word_1_878' title='bbox 764 5824 807 5855; x_wconf 74' lang='grc' dir='ltr'><strong>ιε</strong></span> <span class='ocrx_word' id='word_1_879' title='bbox 844 5822 981 5880; x_wconf 74' lang='lat' dir='ltr'><strong>lbiul.</strong></span> <span class='ocrx_word' id='word_1_880' title='bbox 1012 5822 1066 5877; x_wconf 68' lang='grc' dir='ltr'>ε.</span> <span class='ocrx_word' id='word_1_881' title='bbox 1118 5790 1185 5855; x_wconf 72' lang='grc' dir='ltr'>ἰτ</span> <span class='ocrx_word' id='word_1_882' title='bbox 1222 5818 1380 5875; x_wconf 75' lang='lat' dir='ltr'><strong>Rom.</strong></span> <span class='ocrx_word' id='word_1_883' title='bbox 1422 5833 1492 5885; x_wconf 81' lang='grc' dir='ltr'>ν,</span> <span class='ocrx_word' id='word_1_884' title='bbox 1534 5818 1618 5873; x_wconf 73' lang='grc' dir='ltr'><strong>ιο.</strong></span> 
     </span>
    </p>
   </div>
   <div class='ocr_carea' id='block_1_111' title="bbox 1802 5790 2173 5899">
    <p class='ocr_par' dir='ltr' id='par_1_111' title="bbox 1802 5813 2173 5881">
     <span class='ocr_line' id='line_1_112' title="bbox 1802 5813 2173 5881; baseline -0.005 -12"><span class='ocrx_word' id='word_1_885' title='bbox 1802 5814 1958 5871; x_wconf 78' lang='lat' dir='ltr'><strong>ialat.</strong></span> <span class='ocrx_word' id='word_1_886' title='bbox 1998 5828 2047 5868; x_wconf 78' lang='lat' dir='ltr'><strong>tv</strong></span> <span class='ocrx_word' id='word_1_887' title='bbox 2072 5854 2086 5881; x_wconf 89' lang='lat'><strong>,</strong></span> <span class='ocrx_word' id='word_1_888' title='bbox 2119 5813 2173 5867; x_wconf 91' lang='lat'><strong>9.</strong></span> 
     </span>
    </p>
   </div>
  </div>
