3868 6200
467 303 577 360 555

1493 294 1552 349 S.
1589 293 1870 349 αϊιιιιιι
1897 292 2370 348 ΛΙΛΞΧΛΝΒΚΙΝΙ
2405 292 2740 351 ARCHIEP.

3618 295 3731 352 356

464 414 632 473 modo
673 427 785 467 non
836 419 945 467 erit
1007 407 1364 464 manifestum
1416 409 1760 479 purgationis
1817 408 2040 463 modum

2152 407 2409 477 στρέφετε
2451 409 2543 461 ἐπὶ
2589 407 2658 462 τὰ
2706 406 2909 477 ἀσθενῆ
2964 409 3058 461 καὶ
3095 406 3287 477 πτωχά
3342 407 3576 476 στοιχεῖα
3629 407 3730 460 τοῦ

465 505 762 578 gentilibus
813 517 938 559 esse
991 501 1198 556 veteris
1253 501 1462 556 erroris
1501 501 1856 556 utilissimam
1895 515 2046 556 rese-

465 600 701 656 ctionem
731 611 830 668 per
860 594 1156 666 Spiritum,
1191 607 1312 663 quae
1357 593 1626 648 bonorum
1657 607 1833 663 genus
1882 606 2047 648 omne

466 691 618 748 illius
666 691 788 745 loco
836 685 1196 742 multifariam
1245 685 1405 740 nobis
1429 685 1641 740 infert?
1693 683 1850 739 Malis
1897 683 2048 738 enim

467 781 736 854 depositis
781 789 950 852 atque
985 779 1230 847 rejectis,
1259 779 1314 832 in
1357 792 1552 833 eorum
1603 777 1783 833 locum
1823 776 2046 834 virtutis

470 873 828 946 pulchritudo
847 870 1117 927 succedit.
1136 868 1242 925 Ubi
1268 870 1416 925 enim
1434 869 1608 939 ejecta
1629 881 1713 925 est
1739 867 2045 939 turpitudo,

470 965 546 1021 ibi
587 965 835 1036 gravitas
881 963 1060 1018 oritur
1083 969 1141 1016 et
1190 961 1427 1017 exsistit.
1464 958 1880 1016 Observandum
1917 973 2048 1016 vero

469 1058 950 1115 circumcisionem
985 1055 1206 1127 quidem
1257 1070 1354 1124 per
1392 1054 1657 1124 Spiritum
1703 1051 2048 1126 purgationis

470 1149 708 1205 officium
745 1150 802 1203 in
833 1149 994 1203 nobis
1025 1148 1274 1218 implere,
1317 1144 1520 1200 Filium
1561 1153 1747 1202 autem
1805 1145 2048 1218 Spiritus

470 1240 787 1312 largitorem
818 1253 985 1294 esse:
1010 1255 1030 1290 ι
1060 1237 1135 1292 De
1155 1237 1497 1308 plenitudine
1523 1237 1671 1292 enim
1701 1236 1823 1306 ejus
1852 1252 2049 1294 omnes

470 1331 810 1401 accepimus,
848 1349 868 1381 ι
905 1337 966 1383 ιιι
998 1328 1076 1383 ait
1103 1327 1348 1384 Joannes
1373 1329 1441 1392 ",
1477 1335 1532 1384 et
1581 1329 1699 1400 ipse
1729 1337 1814 1385 est
1845 1330 1940 1400 qui
1978 1327 2049 1384 ad

471 1437 576 1477 nos
607 1421 785 1477 dixit:
821 1439 841 1473 ‹
879 1419 1126 1490 Accipite
1154 1420 1316 1490 871
1347 1417 1611 1490 Spiritum
1639 1429 1898 1476 sanctum
1924 1421 1992 1478 ³⁸.
2024 1439 2044 1475 ι

470 1511 621 1567 Illam
669 1514 856 1582 itaque
903 1511 1287 1582 purgationem
1356 1510 1414 1566 in
1467 1513 1629 1570 nobis
1679 1528 1778 1582 per
1825 1513 2050 1568 modum

470 1605 738 1673 spiritalis
763 1604 1206 1659 circumcisionis
1237 1603 1399 1660 Pater
1420 1619 1518 1675 per
1540 1603 1740 1659 Filium
1765 1612 2046 1674 operatur.

470 1695 741 1762 Quocirca
772 1697 828 1750 in
858 1696 1090 1752 nihilum
1139 1697 1254 1751 abit
1294 1705 1434 1752 tetra
1467 1706 1522 1752 et
1560 1695 1727 1767 impia
1776 1697 2043 1754 adversa-

470 1788 679 1842 riorum
710 1786 960 1851 audacia,
993 1788 1086 1859 qui
1123 1789 1307 1844 dicere
1343 1789 1506 1844 veriti
1547 1804 1656 1843 non
1699 1796 1860 1846 erant
1913 1789 2045 1861 quia

469 1880 639 1934 vitem
674 1880 918 1950 seipsum
947 1877 1120 1936 Filius
1145 1880 1473 1947 nominavit,
1506 1879 1724 1937 Patrem
1757 1889 1944 1938 autem
1983 1898 2049 1940 ac

469 1967 644 2024 Deum
676 1970 998 2040 agricolam,
1028 1971 1241 2026 idcirco
1277 1972 1531 2028 eumdem
1567 1987 1677 2027 non
1707 1989 1831 2030 esse
1853 1983 2051 2030 natura

470 2076 596 2116 cum
621 2061 764 2132 ipso.
797 2061 956 2118 Nulla
977 2064 1182 2135 quippe
1209 2065 1373 2128 ratio,
1405 2064 1606 2136 inquit,
1631 2067 1797 2122 vitem
1820 2075 1875 2123 et
1902 2069 2048 2140 agri-

469 2153 648 2208 colam
677 2156 1020 2224 persuaserit
1047 2172 1220 2212 unum
1255 2167 1311 2214 et
1340 2157 1486 2213 idem
1512 2174 1638 2215 esse
1657 2166 1875 2214 natura.
1911 2161 2050 2217 Cum

465 2259 602 2315 ergo
635 2243 835 2301 Filium
875 2247 1179 2319 agricolam
1215 2264 1339 2305 esse
1362 2250 1768 2322 comperiamus
1800 2266 1900 2323 per
1939 2251 2054 2324 spi-,

468 2335 686 2391 ritalem
715 2337 1218 2407 circumcisionem,
1259 2340 1442 2397 sciant
1498 2341 1719 2398 demum
1749 2343 1898 2414 quod
1926 2359 2053 2400 cum

467 2427 718 2497 ejusdem
746 2431 952 2502 speciei
989 2432 1103 2486 sint
1125 2433 1270 2488 inter
1298 2449 1357 2490 se
1383 2433 1661 2505 agricolas,
1694 2435 1750 2491 in
1780 2445 2050 2508 quantum

467 2529 665 2574 natura
707 2536 808 2577 sua
844 2530 976 2577 sunt
1010 2523 1283 2588 homines,
1319 2523 1674 2581 manifestum
1719 2535 1805 2583 est
1851 2526 2051 2583 Filium

467 2624 580 2666 non
649 2627 777 2669 esse
821 2627 853 2668 a
895 2615 1474 2674 consubstantialitate
1532 2633 1659 2674 cum
1722 2615 1888 2676 Patre
1944 2621 2054 2677 Deo

467 2701 733 2758 alienum.

2146 501 2376 570 κόσμου,
2405 494 2489 565 οἷς
2521 500 2685 554 πάλιν
2724 498 2932 556 ἀνωθεν
2979 498 3253 553 δουλεύειν
3281 497 3462 551 θέλετε
3492 515 3507 564 ;
3543 517 3560 549 ι
3594 499 3730 551 Ὅτε

2153 593 2336 648 τοίνυν
2367 593 2418 647 oi
2463 595 2577 657 τοῖς
2604 591 2855 647 ἀσθενέσι
2888 593 3172 662 στοιχείοις
3193 590 3461 645 δουλεύειν
3486 590 3736 652 θέλοντες

2145 685 2563 758 ἀλλοτριοῦνται
2594 683 2857 758 Χριστοῦ,
2897 682 3243 738 συνενοῦνταί
3287 700 3353 752 γε
3389 682 3496 754 μὴν
3535 683 3585 735 oi
3612 681 3737 734 δου-

2146 777 2326 834 λεύειν
2354 780 2456 832 οὐκ
2479 779 2796 851 ἀνεχόμενοι
2827 780 2894 850 τῇ
2925 778 3105 832 κτίσει
3140 776 3295 850 παρά
3323 776 3414 830 τὸν
3444 776 3736 839 κτίσαντα,

2147 869 2267 934 πῶς
2285 871 2386 925 οὐκ
2413 870 2565 924 ἐσται
2579 870 2688 925 τῶν
2708 868 3154 941 ὁμολογουμένων
3182 869 3264 923 ὅτι
3291 868 3491 942 τρόπος
3523 870 3636 930 τοῖς
3675 864 3744 931 ἐξ

2148 964 2321 1019 ἐθνῶν
2347 965 2377 1018 6
2405 963 2506 1035 τῆς
2529 963 2937 1035 διακαθάρσεως
2966 961 3118 1016 ἔσται
3137 962 3236 1033 τῆς
3262 959 3492 1033 ἀρχαίας
3515 959 3742 1028 ἀπάτης

2147 1052 2238 1108 διὰ
2265 1051 2358 1107 τοῦ
2394 1052 2718 1124 Πνεύματος
2749 1053 3170 1123 ἐπωφελεστάτη
3211 1050 3273 1104 τὸ
3328 1050 3403 1122 μὴ
3435 1048 3550 1122 [γρ.
3599 1050 3742 1103 ἀπο-

2148 1146 2314 1221 τομὴ]
2357 1149 2468 1202 πᾶν
2499 1142 2636 1212 εἶδος
2668 1148 2799 1218 ἡμῖν
2827 1144 3047 1214 ἀγαθῶν
3069 1144 3419 1214 πολυτρόπως
3453 1145 3742 1196 ἀντεισκο⁸

2153 1237 2429 1310 μίζουσα;
2482 1240 2571 1293 Ἐν
2618 1237 2730 1309 γὰρ
2774 1241 2840 1311 τῇ
2887 1237 2996 1292 τῶν
3043 1237 3260 1308 φαύλων
3318 1236 3571 1290 ὑποθέσει

2149 1329 2434 1401 ἀποθέσει]
2471 1330 2566 1384 καὶ
2594 1328 2833 1401 ἀποδολῇ
2863 1329 2926 1383 τὸ
2950 1329 3051 1401 τῆς
3076 1329 3275 1401 ἀρετῆς
3308 1327 3746 1398 ἀντεισκρίνεται

2151 1423 2368 1488 κάλλος.
2407 1424 2580 1477 Ὅπου
2627 1423 2736 1496 γὰρ
2773 1423 3066 1494 αἰσχρότης
3117 1421 3378 1485 ἐκποδὼν,
3408 1423 3526 1475 ἐκεῖ
3566 1419 3629 1474 τὸ
3658 1437 3749 1472 σε·

2155 1518 2285 1587 μνὸν
2329 1514 2540 1586 ἀνίσχει
2587 1515 2684 1569 καὶ
2718 1514 2988 1586 φαίνεται.
3024 1513 3364 1586 Σημειωτέον
3389 1513 3479 1576 δὲ,
3515 1514 3596 1567 ὃτι
3650 1512 3749 1566 διὰ

2155 1607 2255 1679 μὲν
2286 1605 2381 1660 τοῦ
2420 1606 2741 1678 Πνεύματος
2769 1609 2804 1677 ἡ
2838 1606 3130 1678 περιτομὴ,
3163 1606 3260 1678 τὴν
3290 1609 3386 1678 τῆς
3401 1607 3487 1659 διά
3527 1603 3748 1675 καθάρ-

2156 1715 2294 1762 σεως
2346 1697 2742 1769 ἀποπληροῦσα
2775 1699 2966 1770 χρείαν
3013 1699 3070 1750 ἐν
3113 1699 3266 1769 ἡμῖν,
3299 1697 3531 1768 χορηγὸς
3563 1697 3622 1750 δὲ
3645 1694 3750 1749 τοῦ

2148 1789 2467 1862 Πνεύματος
2491 1792 2520 1844 6
2546 1791 2694 1854 Υἱός.
2731 1808 2751 1842 ι
2807 1790 2942 1844 Ἀπὸ
2968 1790 3077 1861 γάρ
3115 1789 3210 1843 τοῦ
3237 1789 3602 1861 πληρώματος
3641 1790 3752 1841 αὑ⁴

2144 1881 2242 1936 τοῦ
2288 1881 2488 1946 πάντες
2536 1884 2698 1954 ἡμεῖς
2755 1881 3053 1952 ἐλάϐομεν,
3093 1901 3112 1934 ι
3163 1880 3306 1936 κατά
3349 1883 3448 1953 τὴν
3488 1881 3752 1934 Ἰωάννου

2147 1975 2356 2047 φωνὴν,
2378 1975 2476 2029 καὶ
2495 1975 2658 2040 αὐτός
2678 1977 2827 2030 ἐστιν
2850 1977 2878 2029 6
2901 1975 3037 2046 πρὸς
3064 1976 3097 2046 ἠ
3106 1975 3213 2045 μᾶς
3241 1975 3411 2028 εἰπών
3431 1991 3445 2004 ·
3483 1994 3502 2026 ι
3533 1973 3752 2028 Λάϐετε

2147 2066 2376 2139 Πνεῦμα
2423 2068 2599 2137 ἀγιον.
2635 2086 2655 2120 ι
2702 2068 2948 2140 Ἐνεργεῖ
2974 2066 3269 2138 τοιγαροῦν
3319 2067 3418 2139 τὴν
3461 2070 3542 2131 εἰς
3593 2068 3752 2137 ἡμᾶς

2147 2160 2548 2234 ἀνακάθαρσιν,
2575 2160 2652 2225 ὼς
2701 2161 2759 2214 ἐν
2801 2159 2991 2231 τρόπῳ
3031 2159 3131 2230 τῆς
3161 2159 3249 2214 διὰ
3288 2159 3383 2213 τοῦ
3432 2149 3751 2230 πνεύματος

2147 2252 2447 2324 νοουμένης
2503 2251 2809 2324 περιτομῆς
2835 2253 2864 2306 6
2903 2251 3096 2324 Πατὴρ
3128 2250 3198 2305 δι’
3233 2250 3388 2308 Υίοῦ.
3419 2253 3749 2306 Κεκένωται

2146 2343 2328 2397 τοίνυν
2344 2343 2404 2396 τὸ
2424 2342 2621 2414 πικρὸν
2637 2343 2731 2396 καί)⁸
2751 2342 2965 2396 ἀνόσιον
2985 2340 3092 2395 τῶν
3114 2341 3180 2395 δι’
3193 2342 3443 2406 ἐναντίας
3459 2341 3744 2413 τόλμημα,

2151 2434 2230 2507 μὴ
2273 2434 2712 2489 καταδεισάντων
2743 2434 2938 2501 εἰπεῖν,
2975 2434 3050 2498 ὡς
3079 2433 3310 2505 ἐπείπερ
3340 2435 3588 2505 ἄμπελον
3644 2433 3750 2504 μὲν

2149 2525 2340 2579 ἐαυτὸν
2375 2526 2598 2598 εἴρηκεν
2628 2527 2656 2578 6
2699 2525 2850 2588 Υἱὸς,
2894 2525 3139 2598 γεωργὸν
3165 2525 3223 2578 δὲ
3260 2525 3350 2578 τὸν
3392 2525 3615 2596 Πατέρα
3648 2525 3752 2579 καὶ

2147 2616 2301 2684 Θεὸν,
2325 2619 2354 2670 6
2375 2616 2539 2680 αὐτὸς
2562 2618 2660 2670 οὐκ
2689 2615 2843 2669 ἐσται
2873 2616 3016 2670 κατά
3047 2616 3210 2685 φύσιν
3242 2617 3412 2686 αὐτῷ.
3439 2617 3616 2685 Λόγος
3636 2616 3752 2688 γάρ

2157 2710 2332 2774 οὐδεὶς
2363 2709 2667 2780 ἐπιτρέψει,
2697 2713 2852 2782 φησὶ,
2883 2709 3080 2763 ταυτὸν
3109 2711 3190 2774 είς
3215 2710 3402 2764 οὐσίαν
3421 2710 3668 2781 γεωργὸν
3684 2727 3751 2762 τε

467 2793 565 2848 καὶ
606 2797 852 2868 ἄμπελον
905 2799 1148 2855 νοεῖσθαι
1195 2819 1346 2855 ποτε.
1391 2801 1560 2856 Ὅταν
1601 2796 1694 2857 οῦν
1726 2802 2049 2876 εὑρίσκηται
2087 2804 2334 2877 γεωργὸς
2385 2807 2414 2858 6
2476 2803 2604 2868 Υἱὸς
2657 2803 2747 2857 διὰ
2803 2803 2902 2874 τῆς
2955 2805 3014 2856 ἐν
3092 2803 3368 2874 πνεύματι
3415 2802 3746 2875 περιτομῆς,

466 2884 858 2944 διακείσθωσαν
878 2890 980 2962 ἤδη
1006 2891 1212 2956 λοιπὸν,
1231 2896 1306 2958 ὼς
1332 2896 1560 2970 ἐπείπερ
1589 2897 1841 2970 ἀλλήλοις
1870 2901 2135 2972 ὁμοειδεῖς
2165 2903 2214 2956 oi
2240 2903 2499 2973 γεωργοὶ,
2561 2899 2699 2954 καθὸ
2753 2899 3064 2970 πεφύκασιν
3125 2900 3421 2972 ἄνθρωποι,
3478 2898 3750 2971 πρόδηλον

466 2982 549 3034 ὅτι
577 2981 678 3052 τῆς
706 2983 840 3054 πρὸς
863 2983 952 3038 τὸν
981 2985 1198 3058 Πατέρα
1223 2989 1318 3040 καί
1341 2987 1474 3046 Θεὸν
1499 2991 1918 3066 όμοουσιότητος
1948 2996 2050 3050 οὐκ
2087 2997 2367 3069 ἀλλότριος
2392 2998 2420 3048 6
2447 2995 2594 3058 Υἱός.

538 3073 733 3142 τιμε.
770 3075 897 3130 lam
935 3095 1023 3133 vos
1071 3083 1254 3138 mundi
1297 3085 1424 3140 estis
1477 3096 1694 3156 propter
1744 3105 2039 3146 sermonem

465 3183 620 3238 quem
649 3167 857 3224 locutus
889 3187 1006 3224 sum
1036 3173 1204 3229 vobis.

538 3259 853 3331 Discipulos
885 3263 1090 3319 indicio
1125 3275 1183 3320 et
1213 3281 1540 3338 argumento
1569 3271 1886 3327 certissimo
1925 3288 2048 3329 esse

467 3353 543 3406 ait
585 3353 720 3408 artis
750 3353 871 3424 ejus
910 3369 939 3408 a
964 3371 1074 3426 quo
1117 3368 1443 3430 purgantur.
1481 3360 1601 3416 Jam
1632 3364 1779 3418 enim
1813 3365 2044 3420 munda-

465 3449 556 3496 tos
586 3457 708 3497 esse
740 3444 963 3509 asserit,
1017 3454 1241 3518 pr0pter
1288 3449 1470 3504 solum
1521 3467 1833 3508 sermonem
1885 3471 2048 3523 quem

465 3531 686 3586 locutus
735 3541 820 3586 est
858 3534 960 3596 eis.
1005 3535 1111 3590 hoc
1151 3545 1237 3593 est
1284 3538 1525 3595 divinam
1579 3552 1633 3598 et
1674 3545 2046 3615 evangelicatu

466 3623 798 3680 doctrinam.
834 3623 935 3680 llic
957 3634 1138 3683 autem
1166 3645 1350 3687 sermo
1380 3641 1467 3689 est
1491 3648 1521 3686 a
1551 3632 1792 3692 Christo.
1826 3639 1894 3692 At
1925 3638 2050 3709 quis

465 3729 616 3769 sanae
657 3717 858 3772 mentis
888 3735 1132 3790 unquam
1173 3721 1516 3780 dubitaverit
1549 3729 1686 3796 quin
1736 3729 1851 3786 falx
1880 3733 2049 3788 veluti

465 3803 718 3875 quaedam
750 3813 806 3860 et
845 3821 1042 3865 manus
1085 3808 1268 3868 Patris
1307 3815 1380 3870 sit
1425 3815 1538 3880 ille,
1571 3831 1670 3886 per
1701 3835 1864 3889 quem
1921 3830 2052 3876 sunt

466 3895 675 3962 omnia,
722 3898 774 3952 id
804 3906 888 3954 est
914 3897 1112 3968 Filius,
1147 3903 1247 3974 qui
1282 3906 1517 3962 cultura:
1548 3917 1756 3966 nostrae
1785 3911 2045 3968 virtutem

467 3989 762 4058 adimplet,
816 4006 983 4062 quam
1033 3993 1212 4051 Patris
1255 4011 1506 4066 personae
1552 4000 1791 4067 tribuit,
1838 4003 2045 4061 docens

465 4083 653 4137 omnia
698 4098 824 4139 esse
873 4099 905 4138 a
957 4083 1142 4153 Patre,
1201 4099 1578 4147 verumtamen
1631 4100 1895 4166 tanquam
1953 4114 2049 4168 per

466 4173 590 4230 Filii
619 4175 877 4233 virtutem
904 4179 929 4232 ?
962 4177 1178 4235 Etenim
1206 4180 1522 4240 Servatoris
1557 4201 1744 4242 sermo
1785 4205 1888 4246 nos
1917 4206 2052 4261 puro

463 4275 580 4340 gat,
624 4269 883 4343 quamvis
914 4271 1136 4327 colendi
1157 4276 1332 4330 nostri
1361 4275 1597 4334 ollicium
1624 4280 1905 4337 tribuatur
1938 4282 2049 4338 Deo

462 4374 530 4415 ac
561 4360 732 4415 Patri.
786 4379 804 4413 ι
840 4359 964 4432 Ipse
995 4364 1143 4419 enim
1171 4373 1258 4421 est
1301 4367 1484 4434 vivus,
1538 4379 1594 4426 et
1629 4370 2050 4432 eﬂicacissimus

463 4453 586 4522 ejus
611 4468 817 4520 sermo,
839 4456 1157 4528 pertingens
1187 4475 1367 4530 usque
1397 4461 1465 4517 ad
1491 4463 1820 4521 divisionem
1854 4467 2051 4523 animae

464 4558 533 4597 ac
566 4543 818 4613 spiritus,
847 4559 1174 4619 compagum
1210 4563 1432 4620 quoque
1462 4567 1528 4607 ac
1564 4554 1956 4619 medullarum,
1993 4567 2048 4611 et

465 4634 732 4690 discretor
753 4637 1149 4707 cogitationum
1184 4649 1239 4696 et
1279 4641 1657 4700 intentionum
1699 4649 1887 4706 cordis
1911 4650 1978 4705 “.
2025 4669 2044 4703 ι

465 4723 787 4796 Pertingens
856 4729 1002 4782 enim
1075 4745 1252 4801 usque
1317 4732 1384 4786 ad
1447 4735 1782 4804 profundum
1853 4739 2050 4794 animat

465 4813 754 4884 cujusque,
803 4827 858 4872 et
904 4820 1187 4874 occultum
1229 4823 1672 4898 uniuscujusque
1707 4845 1937 4900 scopum
1984 4845 2050 4886 ac

466 4908 810 4978 propositum
868 4911 1214 4981 exploratum
1271 4925 1324 4969 et
1383 4925 1636 4986 apertum
1694 4919 1941 4990 habens,
1987 4931 2049 4978 ut

467 4998 633 5064 Deus,
652 5002 810 5056 vanis
834 5004 1053 5072 quidem
1081 5006 1292 5062 nostris
1320 5007 1594 5066 institutis
1625 5021 1842 5068 acutam
1869 5016 2045 5070 aciem

465 5089 689 5147 adhibet
737 5109 838 5162 per
886 5095 1266 5153 edicacitatetn
1319 5101 1582 5170 Spiritus.
1637 5103 1698 5159 Id
1752 5109 1900 5161 enim
1951 5123 2051 5178 per

462 5184 846 5252 purgationem
911 5186 1209 5256 significari
1284 5190 1624 5258 putabimus.
1693 5192 2048 5267 Quaacunque

462 5287 596 5325 vero
622 5281 818 5327 natura
855 5289 952 5328 sua
983 5290 1084 5330 nos
1121 5276 1188 5331 ad
1237 5279 1463 5335 virtutis
1513 5281 1850 5338 desiderium
1882 5287 2045 5355 adju-

460 5372 612 5427 vant,
646 5364 761 5418 haec
793 5366 1151 5435 multiplicari
1192 5367 1324 5424 facit
1357 5371 1426 5426 ad
1461 5375 1687 5444 pietatis
1729 5376 2045 5434 fecundita-

460 5461 590 5509 tem.
632 5453 766 5509 Cum
804 5473 935 5529 ergo
964 5474 1061 5529 per
1088 5459 1284 5515 Filium
1311 5477 1341 5516 a
1375 5461 1542 5520 Patre
1571 5467 1804 5524 culturae
1838 5482 2045 5526 nostra:

461 5542 601 5597 ratio
631 5555 948 5616 peragatur,
986 5551 1250 5621 numquid
1279 5553 1332 5608 in
1368 5554 1600 5611 nihilum
1634 5557 1853 5615 demum
1894 5565 2038 5618 rcci~

2224 3091 2378 3159 Ἤδη
2411 3089 2582 3160 ὑμεῖς
2612 3090 2860 3158 καθαροί
2889 3088 3030 3143 ἐστε
3053 3086 3151 3142 διὰ
3187 3087 3295 3142 τὸν
3317 3089 3522 3156 λόγον,
3542 3085 3618 3141 ὃν
3642 3089 3749 3142 .13-

2150 3182 2394 3250 λάληκα
2416 3181 2579 3250 ὑμῖν.

2232 3273 2533 3339 Ἀπόδειξιν
2590 3272 2780 3344 ὥσπερ
2825 3271 3058 3342 διαφανῆ
3109 3287 3169 3325 τε
3217 3270 3311 3324 κοιλ⁵
3365 3268 3748 3338 ἀναμφίλογον

2151 3365 2250 3434 τῆς
2279 3365 2372 3418 τοῦ
2405 3363 2855 3435 διακαθαίροντος
2881 3365 3081 3428 αὐτοὺς
3117 3364 3312 3435 τέχνης
3352 3367 3586 3417 ποιεῖται
3619 3365 3756 3426 τοὺς

2154 3455 2424 3527 μαθητάς.
2463 3458 2601 3528 Ἤδη
2655 3457 2763 3529 γάρ
2820 3458 3017 3520 αὐτοὺς
3069 3455 3499 3527 διακεκαθάρθαι
3556 3456 3752 3526 φησιν,

2151 3549 2250 3619 οὐχ
2299 3549 2488 3622 ἐτέρου
2519 3549 2665 3612 τινὸς
2717 3548 3168 3612 ἀπολαύσαντας,
3213 3548 3372 3618 μόνον
3417 3547 3475 3600 δέ
3525 3547 3614 3600 διά
3657 3547 3754 3599 τὸν

2153 3642 2292 3712 πρὸς
2322 3641 2522 3705 αὐτοὺς
2540 3641 2841 3711 λαληθέντα
2877 3641 3053 3710 λόγον,
3078 3639 3223 3695 τοῦτ’
3245 3640 3363 3693 ἐστι
3384 3641 3481 3710 τὴν
3507 3639 3664 3694 θείαν
3690 3655 3751 3691 τε

2152 3734 2247 3787 καὶ
2272 3733 2635 3802 εὐαγγελικὴν
2658 3734 2950 3804 ὑφήγησιν.
2983 3733 3156 3801 Λόγος
3185 3732 3243 3786 δὲ
3271 3727 3422 3796 οὗτός
3448 3733 3566 3784 ἐστι
3593 3735 3754 3806 παρὰ

2150 3824 2411 3895 Χριστοῦ.
2437 3821 2569 3878 Εἶτα
2612 3824 2696 3888 τίς
2734 3825 2844 3896 ἄρα
2889 3821 3006 3876 ἐστὶ
3047 3824 3156 3876 τῶν
3192 3817 3250 3876 εὖ
3284 3824 3650 3895 φρονούντων,
3691 3825 3755 3888 ὃς

2150 3917 2415 3971 ἐνδοιάσει
2449 3917 2657 3982 λοιπὸν,
2675 3917 2757 3971 ὃτι
2781 3915 3024 3989 δρεπάνη
3055 3933 3139 3980 τις
3165 3915 3354 3988 ῶσπερ
3379 3918 3472 3971 καὶ
3495 3917 3620 3988 χεὶρ
3652 3918 3752 3972 τοῦ

2151 4011 2389 4084 Πατρὸς,
2417 4015 2446 4066 6
2476 4012 2542 4066 δι’
2578 4005 2638 4065 οῦ
2686 4011 2755 4064 τά
2788 4011 2967 4066 πάντα
2999 4009 3116 4064 ἐστὶ
3139 4052 3154 4077 ,
3184 4010 3328 4064 τοῦτ’
3363 4010 3510 4064 ἔστιν
3543 4014 3572 4066 6
3594 4011 3752 4076 Υἱὸς,

2149 4103 2247 4174 τὴν
2270 4105 2371 4175 τῆς
2401 4107 2480 4169 είς
2508 4106 2655 4175 ἡμᾶς
2682 4105 2958 4178 γεωργίας
2989 4105 3268 4175 ἐνέργειαν
3295 4104 3656 4176 ἀποπληρῶν,
3683 4106 3756 4177 ἦν

2148 4193 2228 4264 τῷ
2257 4193 2349 4247 τοῦ
2382 4195 2597 4264 Πατρὸς
2654 4195 2963 4266 προσάπτει
3011 4193 3327 4265 προσώπῳ,
3359 4193 3630 4249 διδάσκων
3664 4197 3755 4249 ὅτι

2149 4285 2332 4341 πάντα
2374 4286 2473 4356 μὲν
2499 4285 2650 4357 παρά
2678 4286 2914 4358 Πατρὸς,
2944 4285 3084 4358 πλὴν
3113 4286 3189 4350 ὼς
3217 4285 3305 4339 διά
3331 4285 3619 4356 δυνάμεως
3652 4287 3752 4341 τοῦ

2151 4376 2283 4430 Υίοῦ
2313 4393 2328 4442 ;
2359 4378 2452 4430 καὶ
2479 4375 2588 4449 γὰρ
2616 4377 2645 4430 6
2671 4378 2765 4430 τοῦ
2817 4377 3072 4450 Σωτῆρος
3105 4379 3252 4449 ἡμᾶς
3280 4377 3628 4450 διακαθαίρει
3664 4379 3754 4432 λό-

2149 4485 2245 4537 γος
2270 4511 2285 4535 ,
2317 4470 2493 4524 καίτοι
2526 4471 2629 4541 τῆς
2669 4470 2793 4524 καθ’
2833 4472 2983 4543 ἡμᾶς
3014 4472 3291 4543 γεωργίας
3318 4471 3754 4542 ἀνατεθειμένος

2085 4593 2127 4649 D
2155 4559 2233 4630 τῷ
2255 4558 2377 4630 Θεῷ
2429 4560 2526 4614 καὶ
2573 4560 2769 4632 Πατρί.
2811 4580 2832 4613 ι
2873 4561 3044 4626 Αὐτὸς
3077 4563 3186 4631 γάρ
3229 4563 3380 4616 ἐστιν
3411 4565 3441 4616 6
3481 4560 3613 4626 ζῶν,
3650 4581 3728 4617 κα

2151 4649 2469 4720 τομὼτατος
2501 4652 2668 4707 αὐτοῦ
2706 4653 2884 4722 λόγος,
2926 4655 2954 4707 6
2985 4653 3361 4725 διικνούμενος
3412 4653 3543 4726 ἄχρι
3589 4673 3748 4726 μερι-

2149 4741 2290 4813 σμοῦ
2337 4744 2518 4814 ψυχῆς
2561 4745 2658 4798 καὶ
2697 4745 3037 4815 πνεύματος,
3073 4746 3266 4817 ἁρμῶν
3295 4763 3354 4798 τε
3384 4749 3479 4800 καὶ
3503 4747 3742 4818 μυελῶν,

2149 4833 2245 4885 καὶ
2263 4834 2508 4905 κριτικὸς
2533 4834 2885 4906 ἐνθυμήσεων
2917 4835 3010 4890 καὶ
3027 4836 3245 4890 ἐννοιῶν
3267 4836 3514 4908 καρδίας.
3547 4856 3566 4888 ι
3589 4837 3740 4891 Καθ-

2151 4926 2468 4997 ικνούμενος
2497 4926 2607 4998 γάρ
2643 4930 2722 4991 εἰς
2770 4927 2839 4981 τὰ
2873 4928 3012 5001 βάθη
3045 4929 3144 4999 τῆς
3166 4929 3396 4983 ἑκάστου
3417 4930 3620 5001 ψυχῆς,
3649 4933 3744 4986 καὶ

2145 5015 2239 5069 τὸν
2280 5017 2338 5070 ἐν
2382 5017 2600 5089 ἑκάστῳ
2643 5019 3023 5090 κεκρυμμένον
3053 5020 3254 5074 σκοπὸν
3281 5021 3744 5075 ἀκατακάλυπτον

2144 5104 2286 5176 έχων
2313 5107 2389 5172 ὼς
2411 5105 2574 5173 Θεὸς,
2602 5113 2715 5173 τοῖς
2761 5112 2859 5182 μὲν
2899 5112 3130 5176 είκαίοις
3170 5112 3328 5184 ἡμῶν
3351 5113 3741 5184 σπουδάσμασι

2142 5200 2244 5269 τὴν
2265 5198 2443 5264 ὀξεῖαν
2459 5202 2657 5271 ἐπάγει
2684 5203 2858 5274 τομὴν
2884 5203 2972 5256 διὰ
2994 5203 3093 5272 τῆς
3118 5204 3212 5258 τοῦ
3243 5203 3384 5257 Πνεύ
3393 5221 3563 5274 ματος
3585 5206 3746 5276 ἐνερ-

2143 5290 2318 5358 γείας.
2347 5291 2518 5345 Τοῦτο
2541 5292 2672 5363 γάρ,
2695 5289 2868 5364 οἶμαι,
2885 5293 3180 5364 νομιοῦμεν
3209 5295 3308 5367 τὴν
3333 5293 3736 5367 ἀποκάθαρσιν.

2143 5379 2226 5433 Τὰ
2247 5381 2303 5433 δὲ
2329 5383 2430 5435 ὅσα
2463 5381 2706 5452 πέφυκεν
2745 5385 2977 5452 ὠφελεῖν
3004 5386 3152 5456 ἡμᾶς
3181 5387 3261 5449 είς
3298 5385 3485 5456 ἔφεσιν
3507 5387 3741 5457 ἀρετῆς.

2143 5469 2317 5526 ταῦτα
2345 5472 2881 5538 πολυπλασιάζεσθαι
2920 5479 3065 5529 ποιεῖ
3095 5477 3228 5546 πρὸς
3258 5477 3667 5553 καρποφορίαν,
3703 5479 3739 5553 ᾖ

2145 5569 2343 5623 νοεῖται
2400 5571 2521 5625 κατ’
2553 5571 2857 5628 εὐσέϐειαν.
2915 5573 3043 5626 Ὅτε
3098 5572 3277 5627 τοίνυν
3307 5572 3374 5626 δι’
3406 5551 3741 5648 Υίοῦθπαρά

532 5717 578 5750 ⁸⁸
606 5716 764 5778 Joan.
802 5738 855 5792 ι,
891 5723 980 5780 16.
1059 5726 1106 5759 ²⁶
1132 5725 1295 5788 Joan.
1333 5746 1399 5787 xx
1427 5773 1443 5799 ,
1496 5733 1587 5789 22.
1665 5737 1705 5767 “
1746 5735 1914 5794 Ilcbr.
1965 5757 2016 5796 tv
2043 5783 2058 5810 ,
2097 5744 2187 5798 η.
