3862 6206
120 341 236 395 357

1205 334 1272 389 IN
1299 329 1584 390 JOANNIS
1616 324 2065 385 EVANGELIUM
2096 325 2228 383 LIB.
2274 324 2338 379 Χ.

3306 328 3413 382 558

120 453 357 527 Πατρός
390 452 694 524 ἐνεργεῖται
743 450 925 515 καλῶς
953 450 1054 521 τῆς
1098 451 1178 514 εἰς
1213 451 1365 520 ἡμᾶς
1405 442 1715 519 γεωργίαςί

1831 443 1915 498 dit
1972 439 2216 496 nefarius
2261 440 2357 494 ille
2405 438 2855 494 adversariorum
2906 446 3163 503 conatus,
3210 436 3412 496 Filium

118 544 359 615 τρόπος,
386 543 768 613 μεματαίωται
790 559 803 572 ·
825 541 943 604 πῶς
974 541 1083 611 γὰρ
1116 541 1256 611 οὐχὶ,
1277 540 1338 593 τὸ
1356 538 1610 610 περιττὸν
1636 537 1731 591 καὶ

118 632 582 704 κακουργότατον
617 632 727 686 τῶν
765 631 832 686 δι’
867 631 1114 695 ἐναντίας
1158 630 1523 702 ἐπιχείρημα,
1548 629 1733 700 ἐτερο-

120 726 249 794 φυᾶ
277 726 374 779 τὸν
416 724 544 777 Υἰὸν
566 723 657 777 διὰ
678 723 837 777 τοῦτο
865 724 1137 793 λεγόντων
1166 721 1456 793 ὑπάρχειν,
1487 719 1564 783 ὡς
1592 718 1730 790 πρὸς

122 816 364 887 Πατέρα
404 817 499 869 καὶ
540 815 675 869 Θεὸν
703 857 718 880 ,
754 816 1053 887 ἐπειδήπερ
1109 814 1351 885 ἄμπελος
1400 813 1499 884 μὲν
1544 811 1729 877 αὐτὸς,

122 908 559 978 κατωνόμασται
606 907 662 961 δὲ
699 908 942 980 γεωργὸς
982 910 1010 961 6
1042 908 1271 978 Πατήρ;
1304 904 1731 960 Διασκεπτέσθω

123 998 188 1052 δὲ
226 999 521 1064 πάλιν,καὶ
554 999 921 1071 περιαθρείτω
948 1000 1156 1068 σαφῶς,
1186 1001 1267 1052 ὅτι
1290 997 1567 1070 καθαροὺς
1590 992 1730 1051 εῖναι

124 1089 436 1163 διορίζεται
478 1092 605 1155 τοὺς
657 1090 822 1144 αὐτοῦ
868 1090 1137 1163 μαθητάς,
1176 1092 1296 1160 οὐχὶ
1328 1089 1514 1153 ἰδικῶς
1542 1106 1602 1143 τε
1636 1090 1731 1143 καὶ

124 1182 546 1255 ἀφορισμένως,
575 1182 718 1236 τοῦτ’
750 1182 886 1250 ἐστι,
920 1183 1042 1255 δίχα
1069 1182 1162 1237 τοῦ
1196 1181 1555 1252 Μονογενοῦς,
1582 1183 1735 1254 ἐνερ-

127 1273 413 1344 γήσαντός
460 1291 513 1326 τι
551 1273 681 1348 περὶ
742 1275 940 1338 αὐτοὺς
993 1275 1089 1329 τοῦ
1142 1275 1279 1329 Θεοῦ
1327 1276 1425 1329 καὶ
1475 1275 1727 1347 Πατρόςο

127 1362 253 1416 ἀλλ’
285 1362 521 1435 ἐπείπερ
568 1363 849 1418 ἐπείθοντο
873 1364 950 1436 τῷ
977 1366 1109 1436 παρ’
1133 1362 1298 1418 αὐτοῦ
1333 1364 1495 1435 λόγῳ.
1520 1366 1731 1439 ’Ὠσπερ

127 1450 229 1508 οὖν
279 1456 543 1520 ζωοποιός
587 1457 703 1508 ἐστι
748 1456 815 1509 δι’
863 1456 995 1510 Υἰοῦ
1026 1458 1119 1511 καὶ
1165 1458 1224 1511 ἐν
1254 1457 1389 1528 Υῐῷ,
1427 1458 1518 1511 τὸν
1548 1457 1729 1523 αὑτὸν,

129 1542 319 1618 οἶμαι,
353 1549 554 1619 τρόπον
593 1549 687 1601 καὶ
727 1547 992 1617 γεωργὸς,
1022 1548 1140 1619 ἧτοι
1169 1548 1277 1602 τῶν
1305 1548 1589 1620 ἡμετέρων
1624 1547 1731 1619 ψυ-

128 1640 247 1709 χῶν
303 1640 664 1712 ἐπιμελητὴς,
700 1641 927 1704 εἰκότως
964 1640 1031 1695 ἂν
1074 1644 1247 1695 νοοῖτο
1280 1641 1463 1707 πάλιν,
1492 1643 1592 1713 οὐχ
1618 1642 1733 1695 ἐτέ-

131 1747 266 1800 ρως,
302 1730 335 1801 ἢ
366 1731 435 1783 δι’
463 1731 617 1785 Υἰοῦ.
649 1732 791 1785 Εἰδέ
820 1735 935 1796 τοῖς
978 1732 1126 1798 ἄπαξ
1168 1732 1269 1786 οὐκ
1298 1732 1476 1805 ὀρθῶς
1500 1732 1730 1805 εἰρημέ-

1831 534 2064 590 diversae
2092 548 2122 587 a
2158 532 2268 589 Deo
2296 548 2359 587 ac
2383 530 2549 587 Patre
2581 540 2791 589 naturae
2821 530 3033 587 idcirco
3067 547 3191 587 esse
3222 532 3414 588 dicen-

1831 628 1971 683 tium
2009 626 2177 697 872
2202 626 2349 696 quod
2386 625 2513 681 vitis
2534 625 2759 697 quidem
2800 625 2953 695 ipse,
2988 623 3150 680 Pater
3183 639 3313 680 vero
3343 629 3414 681 sit

1833 716 2077 788 agricola
2134 716 2532 786 nuncupatus?
2584 713 2915 771 Consideret
2960 722 3147 770 autem
3214 730 3413 770 rursus

1830 816 1885 862 et
1943 807 2091 863 clare
2143 805 2565 878 circumspiciat
2636 808 2820 876 ipsum
2877 802 3124 862 statuere
3171 808 3412 863 mundos

1830 913 1958 955 esse
2021 914 2156 957 suos
2190 899 2529 969 discipulos,
2588 915 2701 954 non
2761 897 3022 969 privatim
3073 898 3294 968 quidem
3348 914 3414 954 ac

1831 992 2091 1056 seorsim,
2117 992 2169 1047 id
2206 999 2291 1048 est
2317 993 2528 1061 absque
2556 989 2878 1062 Unigenito,
2913 999 3178 1062 operante
3207 989 3319 1045 Deo
3348 1005 3413 1044 ac

1831 1083 1997 1140 Patre
2026 1103 2041 1140 :
2084 1083 2183 1140 sed
2206 1084 2336 1155 quia
2363 1084 2490 1154 ejus
2537 1084 2783 1139 sermoni
2819 1084 3106 1154 parebant.
3138 1082 3415 1149 Quemad-

1832 1171 2056 1227 modum
2084 1187 2217 1244 ergo
2246 1172 2499 1228 viviﬁcus
2528 1184 2615 1229 est
2646 1189 2744 1244 per
2779 1172 2978 1228 Filium
3035 1181 3090 1229 et
3141 1173 3195 1233 in
3246 1172 3409 1234 Filio,

1832 1265 2049 1331 eodem,
2084 1275 2145 1322 ut
2176 1280 2323 1335 reor,
2354 1267 2520 1321 modo
2553 1266 2717 1321 etiam
2755 1266 2995 1338 agricola
3037 1267 3154 1322 sive
3201 1275 3413 1322 nostra-

1832 1370 1956 1410 rum
2041 1357 2351 1411 animarum
2406 1358 2593 1413 cultor
2631 1359 2756 1429 jure
2798 1359 2997 1414 merito
3040 1374 3238 1415 rursus
3281 1374 3415 1414 cen-

1829 1447 2044 1503 sebitur
2114 1464 2224 1504 non
2274 1450 2434 1504 aliter
2493 1466 2659 1522 quam
2725 1466 2822 1521 per
2865 1450 3088 1506 Filium.
3148 1450 3307 1518 Quod
3362 1453 3411 1508 si

1832 1552 1941 1593 non
1985 1546 2136 1594 recte
2168 1540 2338 1595 semel
2374 1539 2536 1597 dictis
2567 1540 2938 1596 insistendum
2971 1542 3289 1598 existimant
3314 1543 3413 1615 qui

1832 1628 1996 1685 nobis
2049 1631 2333 1685 contraria
2382 1632 2601 1699 dorent,
2645 1640 2698 1687 et
2753 1634 2886 1704 quia
2942 1634 3112 1688 vitem
3166 1636 3410 1705 seipsum

1832 1720 2095 1778 Christus
2120 1722 2280 1787 dixit,
2311 1723 2519 1779 idcirco
2541 1726 2589 1780 ei
2620 1733 2831 1781 naturae
2855 1725 3235 1782 diversitatem
3264 1728 3411 1784 velut

126 1797 246 1884 νοις
273 1797 479 1875 οῖονται
506 1823 618 1878 δεῖν
646 1824 930 1895 ἐπιμένειν
947 1824 996 1876 οἰ
1022 1797 1117 1878 τὸν
1148 1797 1391 1879 ἐναντίον
1429 1797 1569 1897 ἡμῖν.

1831 1830 1900 1871 ex
1927 1816 2260 1873 necessitate
2286 1817 2560 1881 tribuunt,
2595 1819 2725 1887 quid
2760 1826 2910 1874 vetat
2943 1819 3162 1874 demum
3199 1820 3413 1890 quomi-

127 1914 422 1978 σϐεύοντες
474 1914 654 1985 λόγον,
703 1916 797 1971 καὶ
835 1915 1066 1989 ἐπείπερ
1107 1917 1351 1989 ἄμπελον
1378 1916 1571 1972 ἐαυτὸν
1623 1916 1729 1989 ἐφη

125 2006 173 2057 Χ
183 2005 387 2075 ριστδς,
405 2005 491 2060 διὰ
516 2007 693 2072 τοῦτο,
720 2007 973 2079 καθάπερ
998 2007 1056 2074 ἐξ
1096 2008 1361 2079 ἀνάγκης.
1386 2010 1465 2072 εἰς
1498 2007 1730 2078 ἔκφυλον

126 2097 433 2169 ἑτερότητα
488 2099 764 2171 παρωθεῖν
818 2099 1191 2165 ἐκϐιάζονται,
1219 2100 1273 2154 τί
1316 2100 1377 2154 τὸ
1407 2099 1616 2155 κωλῦον
1649 2100 1728 2155 ἐτι

125 2190 221 2242 καὶ
246 2191 397 2260 ἡμᾶς
424 2190 619 2254 αὐτοὺς
646 2190 735 2244 διὰ
766 2192 868 2262 τῆς
894 2192 1015 2261 ἴσης
1039 2191 1426 2262 ἀναισχυντίας
1448 2192 1583 2246 ἰέναι
1616 2193 1728 2248 λοι-

128 2282 255 2345 πὸν,
286 2282 381 2335 καὶ
410 2282 764 2355 περιτρέπειν
797 2283 877 2337 ἔτι
912 2284 1008 2337 καὶ
1039 2285 1137 2356 οὐχ
1163 2285 1390 2348 ἑκόντας
1416 2285 1613 2350 αὐτοὺς
1640 2284 1729 2339 διὰ

125 2375 227 2445 τῆς
278 2375 569 2447 ἰσοτρόπου
602 2375 893 2449 φλυαρίας,
921 2378 1021 2447 τῆς
1069 2377 1467 2449 μειρακιὼδους
1492 2380 1728 2451 ταυτησὶ

126 2464 223 2517 καὶ
242 2466 476 2535 ἀνοήτου
502 2466 781 2531 παντελῶς
799 2468 1103 2539 διαλήψεως
1126 2468 1495 2523 ἀπανίσασθαι
1518 2470 1724 2540 φιλεῖν;

126 2556 190 2609 Εἰ
217 2556 332 2629 γάρ
362 2558 591 2631 ἐπείπερ
647 2560 887 2631 ἄμπελος
936 2561 1151 2633 εἴρηται
1171 2600 1186 2625 ,
1218 2560 1307 2615 διὰ
1334 2560 1538 2632 ταύτην
1563 2563 1725 2617 αὐτὸν

124 2648 333 2702 οῖονται
373 2649 473 2721 τὴν
528 2650 729 2713 αἰτίαν,
758 2651 859 2721 τῆς
886 2651 1024 2723 πρὸς
1053 2652 1187 2706 Θεὸν
1214 2653 1310 2707 καὶ
1358 2654 1579 2725 Πατέρα
1607 2653 1724 2707 δια-

124 2740 355 2795 πίπτειν
411 2741 743 2813 οἰκειότητος
788 2747 1047 2816 φυσικῆς,
1084 2745 1178 2798 καὶ
1214 2744 1553 2815 ἐτεροούσιον
1585 2740 1723 2800 εἶναι

126 2830 434 2897 παντελῶς,
458 2831 690 2904 ἐπείπερ
712 2832 772 2885 οὐ
797 2833 1014 2898 ταυτὸν,
1034 2836 1114 2898 εἰς
1146 2834 1450 2906 ταυτότητα
1483 2835 1720 2906 φύσεως,

122 2922 376 2994 ἄμπελός
400 2940 457 2976 τε
489 2923 586 2977 καὶ
613 2923 878 2995 γεωργὸς,
906 2924 958 2977 τί
993 2926 1067 2997 μὴ
1096 2924 1191 2978 καὶ
1222 2928 1407 2995 ἡμεῖς,
1440 2927 1531 2979 τὸν
1560 2926 1722 2981 αὐτὸν

124 3016 361 3079 ἐκείνοις
391 3016 859 3087 ἀνθυποφέροντες
900 3017 1090 3088 ἀμαθῆ
1129 3036 1188 3072 τε
1212 3019 1308 3073 καὶ
1340 3019 1720 3091 ἀκομψότατον

123 3106 410 3178 λογισμὸν,
460 3108 637 3161 ἐκεῖνό
670 3124 885 3179 φαμεν;
919 3103 1068 3180 *Αρα
1096 3110 1279 3181 μόνοις
1299 3112 1415 3174 τοῖς
1445 3112 1719 3182 κλήμασιν
1748 3151 1790 3210 C

123 3200 157 3270 ή
194 3199 306 3252 τῶν
353 3202 609 3269 γηπονεῖν
650 3199 915 3254 εἰωθότων
945 3201 1219 3255 ἐπιείκεια
1236 3202 1519 3274 λυσιτελὴς
1543 3202 1609 3258 ἂν
1633 3204 1724 3272 γέ-

122 3307 292 3353 νοιτο,
316 3290 410 3343 καὶ
431 3290 559 3363 περί
588 3292 723 3361 μόνα
748 3291 908 3362 τυχὸν
930 3291 999 3345 τὰ
1030 3293 1094 3345 ἐκ
1122 3292 1230 3347 τῶν
1258 3293 1527 3365 στελεχῶν
1559 3296 1722 3368 ἐξηρ-

122 3384 361 3454 τημένα,
394 3384 455 3436 τὺ
494 3384 558 3436 ἐκ
591 3384 690 3455 τῆς
729 3384 928 3461 τέχνης
974 3385 1312 3458 προϐήσεται
1355 3388 1651 3460 χρήσιμον,
1685 3389 1718 3461 ἢ

124 3475 385 3546 δεήσεταί
417 3493 559 3541 τινος
590 3476 907 3548 ἐπιμελείας
929 3476 1023 3530 καὶ
1052 3477 1191 3548 αὐτὴ
1219 3478 1328 3533 τῶν
1354 3480 1650 3551 κλημάτων
1683 3482 1716 3551 ή

123 3568 348 3637 τροφὸς,
379 3568 524 3622 τοῦτ’
547 3569 694 3623 ἐστιν
720 3571 753 3641 ή
784 3568 1053 3640 ἄμπελος,
1157 3570 1515 3641 προσπέφυκε
1550 3588 1609 3623 τε
1648 3570 1719 3625 τὰ

125 3658 190 3724 ἐξ
229 3659 397 3730 αὐτῆς
427 3659 524 3713 καί⁵
562 3661 897 3731 ἐνήρμοσται
938 3660 1221 3731 φυσικῶς;
1270 3662 1411 3716 Ἀλλ’
1441 3658 1719 3724 066E:va-

130 3768 250 3823 μαι,
280 3752 462 3823 δεήσει
487 3751 624 3823 πρὸς
651 3752 927 3820 ἀπόδειξιν
950 3752 1115 3806 πόνου
1133 3770 1146 3783 ⁸
1178 3756 1396 3825 συνερεῖ
1421 3755 1530 3825 γὰρ
1557 3754 1719 3819 εὐθὺς

125 3844 263 3913 ἡμῖν
287 3844 385 3896 καὶ
414 3843 577 3907 αὐτὸς
606 3845 634 3896 6
660 3843 728 3896 δι’
755 3844 1033 3909 ἐναντίας,
1059 3844 1135 3908 ὡς
1164 3846 1213 3897 εἰ
1252 3846 1326 3917 μή
1375 3863 1460 3910 τις
1507 3847 1718 3915 γένοιτο

124 3932 237 3987 τῶν
256 3933 571 4004 στελεχῶνή
599 3933 841 4005 φροντὶς,
868 3934 977 3987 οὐδ’
992 3934 1057 3988 ἂν
1079 3935 1263 3998 αὐτοῖς
1279 3935 1578 4007 ἐνυπάρξαι
1607 3938 1720 4000 τοῖς

124 4025 372 4096 κλήμασι
407 4025 469 4079 τὸ
498 4021 637 4080 εἶναι
664 4025 844 4089 καλῶς
868 4044 882 4057 ο
918 4026 1105 4099 ἐπειδὴ
1138 4028 1317 4081 τοίνυν
1338 4028 1587 4099 ἄμπελον
1620 4030 1719 4100 μὲν

125 4118 322 4171 ἑαυτὸν
355 4118 745 4189 κατωνόμακεν
793 4121 823 4172 6
865 4120 1132 4190 Χριστὸς,
1168 4120 1339 4175 δεῖταί
1388 4138 1451 4191 γε
1487 4121 1595 4193 μὴν
1622 4122 1717 4175 καί

124 4206 261 4260 αὐτὸ
289 4208 389 4278 τῆς
418 4207 665 4278 ἀμπέλου
690 4207 752 4261 τὸ
806 4207 1053 4279 στέλεχος
1089 4210 1191 4280 τῆς
1216 4210 1310 4264 τοῦ
1340 4211 1707 4282 γηπονοῦντος

124 4299 519 4372 ἐπιεικείας,ἢ
571 4300 747 4371 πάντη
788 4316 851 4353 τε
891 4301 985 4354 καὶ
1015 4301 1233 4366 πάντως
1282 4302 1705 4375 ἀδικηθήσεταιο

1830 1922 1937 1964 nus
1968 1908 2133 1964 etiam
2183 1925 2285 1966 nos
2321 1910 2490 1966 simili
2528 1920 2749 1966 utamur
2810 1912 3171 1983 impudentia,
3204 1928 3412 1983 eosque

1830 1998 1916 2053 vel
1939 1999 2142 2056 invitos
2182 2016 2445 2072 cogamus
2481 2016 2580 2072 per
2640 2000 2860 2058 easdem
2917 2017 3096 2074 nugas
3144 2002 3411 2073 juvenilis

1830 2089 2063 2162 hujusce
2107 2100 2163 2147 et
2203 2094 2415 2149 insanae
2448 2110 2679 2165 prorsus
2708 2096 2957 2151 stultitiae
3017 2097 3318 2167 progredi?
3349 2094 3409 2150 Si

1828 2185 1976 2241 enim
2008 2201 2076 2242 ex
2106 2200 2171 2241 eo
2202 2187 2351 2257 quod
2374 2187 2502 2243 vitis
2540 2189 2724 2244 dictus
2749 2198 2853 2255 est,
2893 2189 3103 2245 idcirco
3133 2204 3257 2244 eum
3292 2189 3411 2243 exi-

1827 2275 2056 2330 stimant
2093 2275 2161 2331 de
2183 2277 2579 2347 conjunctione
2614 2281 2851 2334 naturali
2890 2295 3014 2334 cum
3044 2278 3160 2334 Deo
3197 2294 3261 2333 ac
3302 2278 3410 2332 Pa-

1828 2373 1912 2422 tre
1959 2367 2236 2433 excidere,
2300 2378 2356 2426 et
2406 2372 2637 2428 alterius
2679 2388 2805 2429 esse
2847 2373 3009 2443 plane
3042 2374 3407 2437 substantim,

1826 2459 2275 2530 quandoquidem
2323 2478 2434 2517 non
2492 2464 2633 2519 idem
2682 2473 2811 2521 sunt
2851 2467 3140 2522 identitate
3198 2476 3409 2522 natura;

1824 2550 1955 2607 vitis
1983 2559 2037 2607 et
2069 2552 2333 2623 agricola,
2366 2554 2562 2624 quidni
2590 2557 2755 2612 etiam
2788 2573 2890 2613 nos
2917 2559 3170 2614 eamdem
3205 2560 3258 2615 in
3284 2561 3406 2617 illos

1826 2644 2051 2699 stultam
2101 2654 2158 2700 et
2206 2646 2616 2716 putidissimam
2682 2648 2960 2704 rationem
3018 2660 3405 2720 retorquentes

1825 2735 1962 2790 illud
2020 2735 2299 2793 dicimus:
2356 2737 2495 2792 Num
2555 2739 2694 2796 solis
2734 2741 3055 2810 palmitibus
3107 2743 3404 2798 vinitorqu

1825 2828 2069 2885 studium
2106 2831 2400 2895 conducet,
2428 2842 2481 2887 et
2517 2848 2647 2903 erga
2686 2848 2751 2887 ea
2792 2834 2971 2889 solum
3005 2851 3128 2905 qua:
3167 2836 3406 2906 pendent

1823 2936 1891 2976 ex
1922 2922 2136 2978 truncis
2166 2939 2261 2979 ars
2297 2923 2508 2981 utiliter
2533 2925 2906 2992 adhibebitur,
2945 2942 3015 2982 an
3047 2927 3231 2998 aliqua
3271 2944 3403 2984 cura

1824 3011 2092 3084 indigebit
2120 3016 2284 3070 etiam
2318 3017 2435 3086 ipsa
2487 3016 2676 3071 nutrix
2730 3018 3044 3087 palmitum,
3076 3018 3204 3073 vitis
3238 3019 3405 3073 nimi-

1823 3120 1966 3171 rum,
2001 3106 2091 3161 cui
2132 3106 2320 3162 adnati
2353 3116 2483 3163 sunt
2515 3108 2729 3164 surculi
2775 3118 2830 3164 et
2868 3109 3199 3165 naturaliter
3230 3111 3403 3166 iuba:-

1824 3197 1987 3251 reut?
2016 3196 2179 3267 Atqui
2209 3199 2360 3259 nullo
2396 3199 2472 3263 id,
2506 3199 2725 3269 opinor,
2772 3199 2964 3256 labore
2999 3200 3406 3257 demonstrabi-

1822 3298 1955 3346 tur:
1996 3289 2114 3361 ipse
2143 3293 2349 3362 quippe
2377 3293 2561 3347 statim
2596 3292 2756 3347 nobis
2789 3292 3146 3350 adversarius
3192 3294 3405 3365 astipu-

1820 3383 2045 3451 labitur,
2072 3385 2178 3441 nisi
2207 3395 2527 3440 truncorum
2566 3400 2703 3440 cura
2729 3386 2983 3456 quaedam
3014 3387 3300 3449 habeatur,
3332 3402 3403 3442 ne

1817 3472 1958 3529 bene
2007 3475 2227 3545 quidem
2290 3474 2407 3530 fore
2456 3475 2794 3546 palmitibus.
2850 3477 2989 3531 Cum
3042 3492 3177 3548 ergo
3235 3479 3399 3532 vitem

1817 3568 2039 3639 quidem
2087 3569 2330 3640 seipsum
2374 3568 2632 3626 Christus
2696 3570 3100 3636 nominaverit,
3152 3571 3400 3641 adeoque

1814 3660 1935 3731 ipse
1962 3661 2091 3717 vitis
2118 3662 2327 3717 caudex
2353 3661 2612 3718 vinitoris
2636 3661 2822 3718 studio
2848 3662 3115 3733 indigeat,
3147 3663 3396 3733 alioquin

1815 3750 2075 3806 damnum
2125 3763 2487 3822 suscepturus
2515 3795 2530 3820 ,
2568 3753 2877 3822 cogitemus
2920 3755 3141 3810 tandem
3193 3752 3397 3809 Filium

1814 3858 1939 3900 esse
1966 3844 2129 3900 sicuti
2156 3860 2280 3911 nos,
2312 3852 2367 3900 et
2398 3860 2534 3900 cura
2578 3845 2763 3901 Patris
2795 3846 3087 3901 nobiscum
3127 3848 3396 3916 indigere,

1816 3952 1885 3993 ne
1914 3935 2036 4007 ipse
2066 3936 2123 3992 in
2160 3937 2310 3993 aliud
2341 3938 2606 4008 quiddam
2645 3955 2813 4008 quam
2859 3939 3005 4011 quod
3034 3948 3118 3995 est
3166 3955 3398 3995 conver-

1814 4035 1985 4096 tatur,
2021 4037 2075 4084 et
2118 4043 2223 4085 suo
2268 4030 2393 4085 loco
2453 4045 2549 4085 seu
2597 4030 2858 4086 ﬁrmitate
2902 4047 3001 4086 sua
3047 4031 3286 4087 excidat.
3319 4030 3399 4088 Eo

1811 4121 2015 4191 quippe
2056 4136 2159 4177 nos
2188 4120 2411 4176 deducit
2446 4121 2541 4178 Dei
2572 4123 2811 4179 hostium
2839 4124 3107 4194 juvenilis
3133 4124 3395 4194 objectio.

1815 4210 1922 4268 Sed
1952 4212 2169 4268 valeant
2202 4214 2524 4269 istiusmodi
2558 4231 2736 4286 nugas,
2782 4224 2837 4271 et
2871 4217 2939 4271 ad
2992 4224 3219 4272 sanctos
3260 4231 3396 4287 apo-

1814 4305 1990 4360 stolos
2015 4314 2207 4361 nostra
2238 4307 2622 4377 progrediatur
2646 4308 2848 4363 oratio.

121 4390 465 4462 λογισώμεθα
510 4391 697 4445 λοιπὸν
727 4393 786 4446 ἐν
810 4393 960 4460 τάξει
1011 4394 1110 4464 μὲν
1158 4388 1297 4447 εἶναι
1332 4398 1397 4466 τῇ
1430 4394 1722 4466 καθ’ήμᾶς
1758 4396 1850 4451 τὸν
1886 4398 2033 4463 Υἰὸν,
2067 4398 2275 4453 δεῖσθαι
2306 4400 2364 4475 δὲ
2422 4400 2543 4471 μεθ’
2606 4400 2765 4472 ήμῶν
2808 4401 2912 4472 τῆς
2958 4402 3107 4475 παρά
3179 4400 3397 4473 Πατρός

120 4481 477 4551 ἐπιμελείας,
512 4482 601 4537 ἵνα
650 4482 725 4553 μὴ
780 4483 872 4535 καὶ
940 4483 1104 4546 αὐτὸς
1155 4484 1235 4547 εἰς
1285 4484 1473 4557 ἕτερόν
1518 4502 1572 4538 τι
1638 4485 1769 4566 παρ’
1807 4486 1945 4559 ὅπερ
1986 4487 2105 4540 ἐστὶ
2148 4488 2578 4560 περιτρέπηται,
2606 4490 2703 4545 καὶ
2744 4490 3009 4566 διαπίπτῃ
3039 4495 3139 4564 τῆς
3188 4495 3395 4557 οἰκείας

119 4572 348 4639 τάξεως,
382 4573 499 4643 ήτοι
519 4572 620 4643 τῆς
645 4571 867 4644 ἐνούσης
907 4573 1252 4645 ἐδραιότητος
1273 4573 1441 4644 αὐτῷ.
1468 4563 1843 4647 Συνάγειδγάρ
1868 4579 1948 4640 εἰς
1971 4578 2128 4631 τοῦτο
2168 4577 2352 4632 λοιπὸν
2378 4580 2486 4633 τῶν
2518 4580 2806 4654 θεομαχεῖν
2840 4563 3108 4639 εἰωθότων
3166 4588 3200 4656 ή
3271 4605 3392 4657 μει-

122 4663 392 4734 ρακιώδης
424 4663 692 4728 ἔνστασις.
722 4664 863 4717 Ἀλλ’
887 4664 1118 4737 οἰχέσθω
1150 4665 1249 4736 μὲν
1278 4666 1471 4732 ταῦτα,
1496 4666 1697 4737 πολλὴν
1734 4670 1994 4724 νοσοῦντα
2020 4672 2120 4743 τήν
2143 4671 2420 4739 ἀϐουλίαν,
2438 4675 2625 4729 εἰσίτω
2652 4692 2715 4746 γε
2747 4676 2855 4749 μὴν
2889 4679 3017 4748 περὶ
3052 4678 3162 4733 τῶν
3217 4680 3393 4749 ἁγίων

119 4754 433 4809 ἀποστόλων
464 4754 593 4825 ἡμῖν
622 4757 650 4808 6
678 4754 855 4822 λόγος.

199 4869 217 4901 ι
264 4848 405 4916 Ἤδη
430 4847 561 4919 γὰρ,
612 4848 797 4918 φησὶν,
832 4849 991 4919 ὑμεῖς
1038 4847 1269 4920 καθαροί
1295 4848 1443 4911 ἐστε,
1477 4848 1566 4903 διά
1608 4849 1701 4903 τὸν

1885 4867 1903 4900 ‹
1951 4847 2069 4903 Jam
2116 4849 2285 4915 enim,
2337 4850 2538 4920 inquit,
2592 4866 2690 4907 vos
2742 4852 2932 4908 mundi
2966 4856 3125 4921 estis,
3164 4871 3389 4931 propter

117 4941 279 5008 λόγον
306 4980 323 5005 ,
385 4939 445 4992 ὃν
507 4939 784 5010 λελάληκα
837 4942 967 5012 ὑμῖν
1000 4957 1015 4972 ο
1048 4961 1067 4994 ι
1106 4942 1292 5012 ὅμοιον
1351 4940 1482 4994 ὡσεὶ
1534 4941 1703 5011 λέγοι,

120 5033 443 5105 Πέπρακται
482 5035 636 5106 παρά
684 5033 900 5106 Πατρός
940 5033 1028 5087 διὰ
1074 5034 1166 5087 τὸν
1200 5034 1333 5103 ἐμὸν
1378 5034 1570 5103 λόγον,
1611 5034 1705 5088 ἐπὶ

122 5126 373 5197 πρώτους
405 5126 573 5197 ὑμᾶς,
608 5127 637 5181 6
662 5126 762 5197 τῆς
787 5124 989 5195 νοητῆς
1015 5124 1111 5179 καὶ
1137 5124 1227 5179 διὰ
1252 5123 1572 5195 Πνεύματος
1608 5127 1703 5179 καὶ

122 5224 182 5275 ἐν
207 5220 485 5292 Πνεύματι
518 5220 815 5291 νοουμένης
843 5217 1257 5289 διακαθάρσεως
1295 5218 1521 5290 τρόπος.
1568 5219 1699 5272 Ἰδοὺ

122 5316 231 5370 τῶν
266 5314 486 5369 εἰκαίων
516 5314 653 5368 ἐθῶν
678 5354 692 5380 ,
741 5316 837 5368 καὶ
878 5314 1207 5386 νεκρότητος
1240 5313 1517 5384 κοσμικῆς
1560 5314 1695 5367 ἀπο-

123 5408 371 5472 σαλόντες
414 5409 512 5479 τὴν
550 5408 773 5479 ὄχλησιν
799 5447 814 5471 ,
858 5408 1067 5476 ἕτοιμοι
1126 5404 1265 5478 πρὸς
1315 5406 1696 5477 καρποφορίαν

122 5502 241 5556 ἐστέ
269 5502 366 5573 τὴν
399 5501 643 5571 θεοφιλῆ.
696 5501 826 5556 Ἰδοὺ
875 5500 1107 5571 νομικῆς
1158 5498 1546 5570 ἀπηλλάχθητε
1594 5500 1691 5553 καὶ

121 5597 463 5666 εἰκαιοτάτης
509 5594 617 5647 τῶν
688 5592 961 5647 Ἰουδαίων
1020 5593 1419 5663 ἐπιτηρήσεως.
1481 5589 1691 5656 Ἔξεκά-

119 5691 246 5758 θαρε
275 5688 433 5758 λόγος
476 5688 623 5757 ὑμᾶς
666 5688 695 5740 6
735 5688 885 5759 ἐμός.
929 5685 1005 5739 Οὐ
1055 5684 1164 5756 γὰρ
1221 5683 1302 5737 ἔτι
1339 5682 1691 5738 πολιτεύεσθε

1806 4953 2117 4993 sermonem
2142 4954 2304 5009 quem
2331 4940 2498 5011 873
2528 4942 2747 4998 locutus
2778 4960 2901 4999 sum
2934 4946 3093 5003 vobis
3122 4967 3135 5003 :
3180 4969 3199 5001 ι
3239 4967 3303 5006 ac
3337 4954 3384 5008 si

1802 5032 2035 5094 diceret,
2065 5030 2268 5087 Factus
2312 5042 2399 5088 est
2430 5034 2485 5087 in
2511 5050 2611 5092 vos
2643 5036 2853 5106 primos
2876 5052 2906 5091 a
2940 5037 3123 5104 Patre,
3161 5052 3387 5113 propter

1800 5140 1982 5179 meum
2006 5140 2336 5190 sermonem,
2362 5126 2750 5185 intellectualis
2775 5130 2886 5196 ille,
2904 5139 2959 5185 et
2991 5146 3089 5201 per
3118 5130 3382 5203 Spiritum

1800 5230 1963 5287 atque
1998 5218 2052 5271 in
2081 5216 2308 5288 Spiritu,
2344 5220 2684 5291 purgationis
2710 5221 2926 5277 modus.
2964 5220 3102 5278 Ecce
3134 5234 3379 5280 veternm

1801 5322 2016 5361 morum
2056 5316 2110 5361 et
2146 5309 2440 5364 mundanae
2501 5311 2852 5367 mortalitatis
2883 5312 3097 5383 abjecta
3130 5316 3381 5371 molestia

1803 5398 1870 5452 ad
1908 5399 2126 5468 pietatis
2161 5400 2376 5456 fructus
2408 5403 2790 5473 producendos
2834 5406 3013 5475 parati
3051 5407 3206 5461 estis.
3240 5405 3385 5461 Ecce

1803 5488 1963 5559 legali
1987 5500 2041 5546 et
2071 5493 2238 5546 stulta
2274 5502 2440 5564 atque
2481 5497 2780 5550 vanissima
2814 5494 3130 5552 Judaeorum
3189 5498 3383 5554 obser-

1803 5583 2026 5639 vatione
2087 5586 2252 5641 soluti
2309 5587 2464 5642 estis.
2522 5586 2719 5642 Sermo
2746 5603 2847 5643 vos
2896 5604 3050 5644 meus
3101 5590 3377 5661 purgavit.

1798 5673 1918 5729 Non
1951 5676 2066 5747 jam
2111 5678 2257 5732 enim
2311 5694 2376 5733 ex
2423 5678 2592 5735 Mosis
2655 5680 2979 5751 praescripto
3016 5680 3240 5748 vivitis,
3283 5692 3379 5739 aut

119 5777 442 5843 Μωσαῖκῶς,
481 5778 599 5848 ήτοι
636 5778 778 5834 κατά
811 5778 902 5832 τὸν
935 5774 1030 5830 τοῦ
1079 5773 1307 5847 νομικοῦ
1360 5773 1691 5847 γράμματος

1824 5780 1950 5825 uxta
1997 5770 2185 5843 legalis
2217 5772 2411 5828 litterae
2446 5772 2666 5828 modum
2696 5792 2709 5829 :
2745 5789 2847 5832 nec
2898 5776 3045 5833 enim
3079 5776 3137 5835 in
3160 5776 3284 5835 cibo
3309 5790 3377 5838 ac
