  <div class='ocr_page' id='page_1' title='image "/cluster/home/n/w/nwhite01/storage/ocr_20150623/74/nnc1.0046980180/197.png"; bbox 0 0 3862 6206; ppageno 0'>
   <div class='ocr_carea' id='block_1_1' title="bbox 452 293 559 353">
    <p class='ocr_par' dir='ltr' id='par_1_1' title="bbox 452 293 559 353">
     <span class='ocr_line' id='line_1_1' title="bbox 452 293 559 353; baseline -0.056 0"><span class='ocrx_word' id='word_1_1' title='bbox 452 293 559 353; x_wconf 79' lang='lat'><strong>559</strong></span> 
     </span>
    </p>
   </div>
   <div class='ocr_carea' id='block_1_2' title="bbox 1489 290 2713 348">
    <p class='ocr_par' dir='ltr' id='par_1_2' title="bbox 1489 290 2713 348">
     <span class='ocr_line' id='line_1_2' title="bbox 1489 290 2713 348; baseline 0.002 -3"><span class='ocrx_word' id='word_1_2' title='bbox 1489 290 1546 347; x_wconf 89' lang='lat' dir='ltr'><strong>S.</strong></span> <span class='ocrx_word' id='word_1_3' title='bbox 1578 290 1858 348; x_wconf 73' lang='lat' dir='ltr'><strong>CYRILLI</strong></span> <span class='ocrx_word' id='word_1_4' title='bbox 1889 291 2361 346; x_wconf 69' lang='lat' dir='ltr'><strong>ALEXANDRINI</strong></span> <span class='ocrx_word' id='word_1_5' title='bbox 2394 290 2713 348; x_wconf 65' lang='lat' dir='ltr'><strong>metuar.</strong></span> 
     </span>
    </p>
   </div>
   <div class='ocr_carea' id='block_1_3' title="bbox 3623 295 3731 349">
    <p class='ocr_par' dir='ltr' id='par_1_3' title="bbox 3623 295 3731 349">
     <span class='ocr_line' id='line_1_3' title="bbox 3623 295 3731 349; baseline 0.009 -1"><span class='ocrx_word' id='word_1_6' title='bbox 3623 295 3731 349; x_wconf 77' lang='lat'><strong>350</strong></span> 
     </span>
    </p>
   </div>
   <div class='ocr_carea' id='block_1_4' title="bbox 456 406 2051 484">
    <p class='ocr_par' dir='ltr' id='par_1_4' title="bbox 456 406 2040 481">
     <span class='ocr_line' id='line_1_4' title="bbox 456 406 2040 481; baseline -0.001 -17"><span class='ocrx_word' id='word_1_7' title='bbox 456 420 610 481; x_wconf 86' lang='lat' dir='ltr'><strong>potu,</strong></span> <span class='ocrx_word' id='word_1_8' title='bbox 645 421 748 463; x_wconf 90' lang='lat' dir='ltr'><strong>nec</strong></span> <span class='ocrx_word' id='word_1_9' title='bbox 778 407 833 462; x_wconf 93' lang='lat' dir='ltr'><strong>in</strong></span> <span class='ocrx_word' id='word_1_10' title='bbox 869 406 1262 462; x_wconf 86' lang='lat' dir='ltr'><strong>lustrationum</strong></span> <span class='ocrx_word' id='word_1_11' title='bbox 1294 406 1574 471; x_wconf 75' lang='lat' dir='ltr'><strong>doctrina,</strong></span> <span class='ocrx_word' id='word_1_12' title='bbox 1611 423 1709 462; x_wconf 89' lang='lat' dir='ltr'><strong>nec</strong></span> <span class='ocrx_word' id='word_1_13' title='bbox 1734 408 2040 465; x_wconf 84' lang='lat' dir='ltr'><strong>oblationi-</strong></span> 
     </span>
    </p>
   </div>
   <div class='ocr_carea' id='block_1_5' title="bbox 2157 406 3734 484">
    <p class='ocr_par' dir='ltr' id='par_1_5' title="bbox 2157 410 3734 484">
     <span class='ocr_line' id='line_1_5' title="bbox 2157 410 3734 484; baseline 0 -20"><span class='ocrx_word' id='word_1_14' title='bbox 2157 412 2382 484; x_wconf 77' lang='grc' dir='ltr'>τρόπον’</span> <span class='ocrx_word' id='word_1_15' title='bbox 2417 414 2541 468; x_wconf 77' lang='grc' dir='ltr'>οὕτε</span> <span class='ocrx_word' id='word_1_16' title='bbox 2593 414 2700 483; x_wconf 88' lang='grc' dir='ltr'><strong>γάρ</strong></span> <span class='ocrx_word' id='word_1_17' title='bbox 2748 414 2806 466; x_wconf 80' lang='grc' dir='ltr'>ὲν</span> <span class='ocrx_word' id='word_1_18' title='bbox 2848 411 3098 483; x_wconf 82' lang='grc' dir='ltr'><strong>βρώμασι</strong></span> <span class='ocrx_word' id='word_1_19' title='bbox 3169 411 3265 464; x_wconf 78' lang='grc' dir='ltr'>καὶ</span> <span class='ocrx_word' id='word_1_20' title='bbox 3310 411 3574 481; x_wconf 82' lang='grc' dir='ltr'>πόμασιν,</span> <span class='ocrx_word' id='word_1_21' title='bbox 3606 410 3734 464; x_wconf 70' lang='grc' dir='ltr'>οὔτε</span> 
     </span>
    </p>
   </div>
   <div class='ocr_carea' id='block_1_6' title="bbox 456 500 2040 570">
    <p class='ocr_par' dir='ltr' id='par_1_6' title="bbox 456 500 2040 570">
     <span class='ocr_line' id='line_1_6' title="bbox 456 500 2040 570; baseline -0.001 -13"><span class='ocrx_word' id='word_1_22' title='bbox 456 506 560 558; x_wconf 73' lang='lat' dir='ltr'><strong>lius</strong></span> <span class='ocrx_word' id='word_1_23' title='bbox 632 501 882 556; x_wconf 88' lang='lat' dir='ltr'><strong>cruentis</strong></span> <span class='ocrx_word' id='word_1_24' title='bbox 948 500 1449 556; x_wconf 87' lang='lat' dir='ltr'><strong>sanctiﬁcationem</strong></span> <span class='ocrx_word' id='word_1_25' title='bbox 1506 500 1789 570; x_wconf 74' lang='lat' dir='ltr'><strong>qumritis,</strong></span> <span class='ocrx_word' id='word_1_26' title='bbox 1833 502 1931 557; x_wconf 92' lang='lat' dir='ltr'><strong>sed</strong></span> <span class='ocrx_word' id='word_1_27' title='bbox 1983 501 2040 556; x_wconf 89' lang='lat' dir='ltr'><strong>in</strong></span> 
     </span>
    </p>
   </div>
   <div class='ocr_carea' id='block_1_7' title="bbox 455 589 2042 661">
    <p class='ocr_par' dir='ltr' id='par_1_7' title="bbox 455 589 2042 661">
     <span class='ocr_line' id='line_1_7' title="bbox 455 589 2042 661; baseline -0.001 -14"><span class='ocrx_word' id='word_1_28' title='bbox 455 592 562 647; x_wconf 86' lang='lat' dir='ltr'><strong>ﬁde</strong></span> <span class='ocrx_word' id='word_1_29' title='bbox 599 592 756 646; x_wconf 86' lang='lat' dir='ltr'><strong>ﬁrma</strong></span> <span class='ocrx_word' id='word_1_30' title='bbox 783 589 971 661; x_wconf 77' lang='lat' dir='ltr'><strong>perﬁci</strong></span> <span class='ocrx_word' id='word_1_31' title='bbox 1005 605 1104 646; x_wconf 85' lang='lat' dir='ltr'><strong>vos</strong></span> <span class='ocrx_word' id='word_1_32' title='bbox 1133 590 1376 653; x_wconf 84' lang='lat' dir='ltr'><strong>creditis.</strong></span> <span class='ocrx_word' id='word_1_33' title='bbox 1403 600 1460 645; x_wconf 86' lang='lat' dir='ltr'><strong>et</strong></span> <span class='ocrx_word' id='word_1_34' title='bbox 1486 606 1586 661; x_wconf 90' lang='lat' dir='ltr'><strong>per</strong></span> <span class='ocrx_word' id='word_1_35' title='bbox 1616 606 1837 646; x_wconf 91' lang='lat' dir='ltr'><strong>omnem</strong></span> <span class='ocrx_word' id='word_1_36' title='bbox 1868 592 2042 646; x_wconf 88' lang='lat' dir='ltr'><strong>actio-</strong></span> 
     </span>
    </p>
   </div>
   <div class='ocr_carea' id='block_1_8' title="bbox 455 683 2043 756">
    <p class='ocr_par' dir='ltr' id='par_1_8' title="bbox 455 683 2043 756">
     <span class='ocr_line' id='line_1_8' title="bbox 455 683 2043 756; baseline 0.002 -18"><span class='ocrx_word' id='word_1_37' title='bbox 455 699 580 739; x_wconf 93' lang='lat' dir='ltr'><strong>nem</strong></span> <span class='ocrx_word' id='word_1_38' title='bbox 621 684 823 739; x_wconf 85' lang='lat' dir='ltr'><strong>bonam</strong></span> <span class='ocrx_word' id='word_1_39' title='bbox 858 684 1077 754; x_wconf 85' lang='lat' dir='ltr'><strong>placere</strong></span> <span class='ocrx_word' id='word_1_40' title='bbox 1124 683 1237 739; x_wconf 88' lang='lat' dir='ltr'><strong>Deo</strong></span> <span class='ocrx_word' id='word_1_41' title='bbox 1288 684 1548 740; x_wconf 83' lang='lat' dir='ltr'><strong>studetis.</strong></span> <span class='ocrx_word' id='word_1_42' title='bbox 1590 684 1650 739; x_wconf 91' lang='lat' dir='ltr'><strong>In</strong></span> <span class='ocrx_word' id='word_1_43' title='bbox 1703 685 1795 741; x_wconf 78' lang='lat' dir='ltr'><strong>liis</strong></span> <span class='ocrx_word' id='word_1_44' title='bbox 1838 686 2043 756; x_wconf 89' lang='lat' dir='ltr'><strong>quippe</strong></span> 
     </span>
    </p>
   </div>
   <div class='ocr_carea' id='block_1_9' title="bbox 456 776 2043 850">
    <p class='ocr_par' dir='ltr' id='par_1_9' title="bbox 456 776 2043 850">
     <span class='ocr_line' id='line_1_9' title="bbox 456 776 2043 850; baseline 0.001 -18"><span class='ocrx_word' id='word_1_45' title='bbox 456 778 728 848; x_wconf 84' lang='lat' dir='ltr'><strong>spiritalis</strong></span> <span class='ocrx_word' id='word_1_46' title='bbox 766 778 953 833; x_wconf 89' lang='lat' dir='ltr'><strong>cultus</strong></span> <span class='ocrx_word' id='word_1_47' title='bbox 1001 776 1086 833; x_wconf 91' lang='lat' dir='ltr'><strong>vis</strong></span> <span class='ocrx_word' id='word_1_48' title='bbox 1117 786 1173 833; x_wconf 88' lang='lat' dir='ltr'><strong>et</strong></span> <span class='ocrx_word' id='word_1_49' title='bbox 1204 777 1350 832; x_wconf 86' lang='lat' dir='ltr'><strong>ratio</strong></span> <span class='ocrx_word' id='word_1_50' title='bbox 1398 784 1700 846; x_wconf 84' lang='lat' dir='ltr'><strong>spectatur.</strong></span> <span class='ocrx_word' id='word_1_51' title='bbox 1752 777 1859 843; x_wconf 84' lang='lat' dir='ltr'><strong>Qui</strong></span> <span class='ocrx_word' id='word_1_52' title='bbox 1910 793 2043 850; x_wconf 88' lang='lat' dir='ltr'><strong>ergo</strong></span> 
     </span>
    </p>
   </div>
   <div class='ocr_carea' id='block_1_10' title="bbox 458 865 2045 939">
    <p class='ocr_par' dir='ltr' id='par_1_10' title="bbox 458 865 2045 939">
     <span class='ocr_line' id='line_1_10' title="bbox 458 865 2045 939; baseline 0.001 -18"><span class='ocrx_word' id='word_1_53' title='bbox 458 866 732 939; x_wconf 74' lang='lat' dir='ltr'><strong>purgandi</strong></span> <span class='ocrx_word' id='word_1_54' title='bbox 771 867 1022 930; x_wconf 88' lang='lat' dir='ltr'><strong>veniunt,</strong></span> <span class='ocrx_word' id='word_1_55' title='bbox 1052 872 1241 930; x_wconf 90' lang='lat' dir='ltr'><strong>erunt,</strong></span> <span class='ocrx_word' id='word_1_56' title='bbox 1273 865 1476 934; x_wconf 86' lang='lat' dir='ltr'><strong>inquit,</strong></span> <span class='ocrx_word' id='word_1_57' title='bbox 1520 865 1687 922; x_wconf 81' lang='lat' dir='ltr'><strong>sicuti</strong></span> <span class='ocrx_word' id='word_1_58' title='bbox 1721 880 1839 921; x_wconf 90' lang='lat' dir='ltr'><strong>vos.</strong></span> <span class='ocrx_word' id='word_1_59' title='bbox 1879 865 2045 922; x_wconf 83' lang='lat' dir='ltr'><strong>Doce-</strong></span> 
     </span>
    </p>
   </div>
   <div class='ocr_carea' id='block_1_11' title="bbox 462 956 2040 1029">
    <p class='ocr_par' dir='ltr' id='par_1_11' title="bbox 462 956 2040 1029">
     <span class='ocr_line' id='line_1_11' title="bbox 462 956 2040 1029; baseline -0.002 -15"><span class='ocrx_word' id='word_1_60' title='bbox 462 960 671 1014; x_wconf 89' lang='lat' dir='ltr'><strong>buntur</strong></span> <span class='ocrx_word' id='word_1_61' title='bbox 695 959 842 1013; x_wconf 89' lang='lat' dir='ltr'><strong>enim</strong></span> <span class='ocrx_word' id='word_1_62' title='bbox 872 958 965 1028; x_wconf 90' lang='lat' dir='ltr'><strong>qui</strong></span> <span class='ocrx_word' id='word_1_63' title='bbox 993 971 1169 1025; x_wconf 88' lang='lat' dir='ltr'><strong>nuper</strong></span> <span class='ocrx_word' id='word_1_64' title='bbox 1198 957 1407 1011; x_wconf 87' lang='lat' dir='ltr'><strong>diaboli</strong></span> <span class='ocrx_word' id='word_1_65' title='bbox 1441 956 1627 1029; x_wconf 89' lang='lat' dir='ltr'><strong>plagas</strong></span> <span class='ocrx_word' id='word_1_66' title='bbox 1648 964 2040 1022; x_wconf 79' lang='lat' dir='ltr'><strong>excusserunt,</strong></span> 
     </span>
    </p>
   </div>
   <div class='ocr_carea' id='block_1_12' title="bbox 458 1048 2044 1121">
    <p class='ocr_par' dir='ltr' id='par_1_12' title="bbox 458 1048 2044 1121">
     <span class='ocr_line' id='line_1_12' title="bbox 458 1048 2044 1121; baseline -0.003 -13"><span class='ocrx_word' id='word_1_67' title='bbox 458 1061 515 1108; x_wconf 90' lang='lat' dir='ltr'><strong>et</strong></span> <span class='ocrx_word' id='word_1_68' title='bbox 567 1051 896 1106; x_wconf 75' lang='lat' dir='ltr'><strong>idololatria:</strong></span> <span class='ocrx_word' id='word_1_69' title='bbox 954 1049 1196 1120; x_wconf 80' lang='lat' dir='ltr'><strong>expediti</strong></span> <span class='ocrx_word' id='word_1_70' title='bbox 1266 1050 1477 1121; x_wconf 82' lang='lat' dir='ltr'><strong>laqueis</strong></span> <span class='ocrx_word' id='word_1_71' title='bbox 1544 1048 1876 1121; x_wconf 69' lang='lat' dir='ltr'><strong>effugerunt,</strong></span> <span class='ocrx_word' id='word_1_72' title='bbox 1932 1064 2044 1104; x_wconf 91' lang='lat' dir='ltr'><strong>non</strong></span> 
     </span>
    </p>
   </div>
   <div class='ocr_carea' id='block_1_13' title="bbox 461 1141 2043 1215">
    <p class='ocr_par' dir='ltr' id='par_1_13' title="bbox 461 1141 2043 1215">
     <span class='ocr_line' id='line_1_13' title="bbox 461 1141 2043 1215; baseline -0.002 -17"><span class='ocrx_word' id='word_1_73' title='bbox 461 1144 698 1215; x_wconf 84' lang='lat' dir='ltr'><strong>amplius</strong></span> <span class='ocrx_word' id='word_1_74' title='bbox 721 1142 873 1197; x_wconf 90' lang='lat' dir='ltr'><strong>illius</strong></span> <span class='ocrx_word' id='word_1_75' title='bbox 905 1142 1090 1197; x_wconf 83' lang='lat' dir='ltr'><strong>vivere</strong></span> <span class='ocrx_word' id='word_1_76' title='bbox 1119 1141 1356 1214; x_wconf 78' lang='lat' dir='ltr'><strong>legibus,</strong></span> <span class='ocrx_word' id='word_1_77' title='bbox 1390 1142 1511 1206; x_wconf 87' lang='lat' dir='ltr'><strong>sed,</strong></span> <span class='ocrx_word' id='word_1_78' title='bbox 1550 1152 1802 1197; x_wconf 87' lang='lat' dir='ltr'><strong>veterum</strong></span> <span class='ocrx_word' id='word_1_79' title='bbox 1834 1142 2043 1196; x_wconf 89' lang='lat' dir='ltr'><strong>rituum</strong></span> 
     </span>
    </p>
   </div>
   <div class='ocr_carea' id='block_1_14' title="bbox 463 1233 2045 1306">
    <p class='ocr_par' dir='ltr' id='par_1_14' title="bbox 463 1233 2045 1306">
     <span class='ocr_line' id='line_1_14' title="bbox 463 1233 2045 1306; baseline -0.003 -15"><span class='ocrx_word' id='word_1_80' title='bbox 463 1236 782 1306; x_wconf 88' lang='lat' dir='ltr'><strong>impuritate</strong></span> <span class='ocrx_word' id='word_1_81' title='bbox 806 1250 910 1290; x_wconf 91' lang='lat' dir='ltr'><strong>ceu</strong></span> <span class='ocrx_word' id='word_1_82' title='bbox 944 1234 1104 1289; x_wconf 90' lang='lat' dir='ltr'><strong>vanis</strong></span> <span class='ocrx_word' id='word_1_83' title='bbox 1136 1235 1312 1305; x_wconf 84' lang='lat' dir='ltr'><strong>paleis</strong></span> <span class='ocrx_word' id='word_1_84' title='bbox 1338 1250 1597 1296; x_wconf 75' lang='lat' dir='ltr'><strong>excussa,</strong></span> <span class='ocrx_word' id='word_1_85' title='bbox 1626 1241 1792 1305; x_wconf 90' lang='lat' dir='ltr'><strong>atque</strong></span> <span class='ocrx_word' id='word_1_86' title='bbox 1815 1233 1889 1288; x_wconf 89' lang='lat' dir='ltr'><strong>ita</strong></span> <span class='ocrx_word' id='word_1_87' title='bbox 1916 1248 2045 1305; x_wconf 89' lang='lat' dir='ltr'><strong>pro-</strong></span> 
     </span>
    </p>
   </div>
   <div class='ocr_carea' id='block_1_15' title="bbox 461 1327 2046 1399">
    <p class='ocr_par' dir='ltr' id='par_1_15' title="bbox 461 1327 2046 1399">
     <span class='ocr_line' id='line_1_15' title="bbox 461 1327 2046 1399; baseline -0.001 -15"><span class='ocrx_word' id='word_1_88' title='bbox 461 1328 737 1386; x_wconf 88' lang='lat' dir='ltr'><strong>ducendis</strong></span> <span class='ocrx_word' id='word_1_89' title='bbox 763 1328 986 1399; x_wconf 85' lang='lat' dir='ltr'><strong>pietatis</strong></span> <span class='ocrx_word' id='word_1_90' title='bbox 1020 1328 1302 1383; x_wconf 78' lang='lat' dir='ltr'><strong>fructibus</strong></span> <span class='ocrx_word' id='word_1_91' title='bbox 1360 1342 1456 1398; x_wconf 87' lang='lat' dir='ltr'><strong>per</strong></span> <span class='ocrx_word' id='word_1_92' title='bbox 1515 1328 1762 1383; x_wconf 88' lang='lat' dir='ltr'><strong>divinam</strong></span> <span class='ocrx_word' id='word_1_93' title='bbox 1812 1327 2046 1398; x_wconf 88' lang='lat' dir='ltr'><strong>gratiam</strong></span> 
     </span>
    </p>
   </div>
   <div class='ocr_carea' id='block_1_16' title="bbox 464 1419 2043 1491">
    <p class='ocr_par' dir='ltr' id='par_1_16' title="bbox 464 1419 2043 1491">
     <span class='ocr_line' id='line_1_16' title="bbox 464 1419 2043 1491; baseline -0.003 -15"><span class='ocrx_word' id='word_1_94' title='bbox 464 1421 648 1477; x_wconf 89' lang='lat' dir='ltr'><strong>idonei</strong></span> <span class='ocrx_word' id='word_1_95' title='bbox 676 1421 897 1485; x_wconf 88' lang='lat' dir='ltr'><strong>redditi,</strong></span> <span class='ocrx_word' id='word_1_96' title='bbox 930 1421 1217 1491; x_wconf 88' lang='lat' dir='ltr'><strong>palmitum</strong></span> <span class='ocrx_word' id='word_1_97' title='bbox 1254 1420 1432 1475; x_wconf 81' lang='lat' dir='ltr'><strong>instar</strong></span> <span class='ocrx_word' id='word_1_98' title='bbox 1476 1421 1614 1473; x_wconf 90' lang='lat' dir='ltr'><strong>mihi</strong></span> <span class='ocrx_word' id='word_1_99' title='bbox 1659 1419 2043 1483; x_wconf 62' lang='lat' dir='ltr'><strong>adhaerebunt,</strong></span> 
     </span>
    </p>
   </div>
   <div class='ocr_carea' id='block_1_17' title="bbox 462 1509 2046 1584">
    <p class='ocr_par' dir='ltr' id='par_1_17' title="bbox 462 1509 2046 1584">
     <span class='ocr_line' id='line_1_17' title="bbox 462 1509 2046 1584; baseline -0.002 -15"><span class='ocrx_word' id='word_1_100' title='bbox 462 1522 518 1569; x_wconf 92' lang='lat' dir='ltr'><strong>et</strong></span> <span class='ocrx_word' id='word_1_101' title='bbox 544 1530 611 1570; x_wconf 84' lang='lat' dir='ltr'><strong>ex</strong></span> <span class='ocrx_word' id='word_1_102' title='bbox 640 1513 916 1568; x_wconf 88' lang='lat' dir='ltr'><strong>charitate</strong></span> <span class='ocrx_word' id='word_1_103' title='bbox 947 1528 1076 1584; x_wconf 90' lang='lat' dir='ltr'><strong>erga</strong></span> <span class='ocrx_word' id='word_1_104' title='bbox 1108 1528 1197 1568; x_wconf 89' lang='lat' dir='ltr'><strong>me</strong></span> <span class='ocrx_word' id='word_1_105' title='bbox 1227 1512 1529 1583; x_wconf 90' lang='lat' dir='ltr'><strong>pendentes</strong></span> <span class='ocrx_word' id='word_1_106' title='bbox 1560 1511 1769 1567; x_wconf 83' lang='lat' dir='ltr'><strong>inlluxu</strong></span> <span class='ocrx_word' id='word_1_107' title='bbox 1798 1509 2046 1582; x_wconf 84' lang='lat' dir='ltr'><strong>Spiritus</strong></span> 
     </span>
    </p>
   </div>
   <div class='ocr_carea' id='block_1_18' title="bbox 463 1604 2049 1677">
    <p class='ocr_par' dir='ltr' id='par_1_18' title="bbox 463 1604 2049 1677">
     <span class='ocr_line' id='line_1_18' title="bbox 463 1604 2049 1677; baseline -0.003 -15"><span class='ocrx_word' id='word_1_108' title='bbox 463 1607 634 1662; x_wconf 89' lang='lat' dir='ltr'><strong>corde</strong></span> <span class='ocrx_word' id='word_1_109' title='bbox 664 1606 1097 1677; x_wconf 83' lang='lat' dir='ltr'><strong>saginabuntur,</strong></span> <span class='ocrx_word' id='word_1_110' title='bbox 1130 1612 1185 1660; x_wconf 86' lang='lat' dir='ltr'><strong>et</strong></span> <span class='ocrx_word' id='word_1_111' title='bbox 1219 1620 1352 1660; x_wconf 67' lang='lat' dir='ltr'><strong>mea:</strong></span> <span class='ocrx_word' id='word_1_112' title='bbox 1381 1606 1643 1661; x_wconf 83' lang='lat' dir='ltr'><strong>bonitatis</strong></span> <span class='ocrx_word' id='word_1_113' title='bbox 1674 1604 1904 1675; x_wconf 86' lang='lat' dir='ltr'><strong>gratiam</strong></span> <span class='ocrx_word' id='word_1_114' title='bbox 1951 1618 2049 1673; x_wconf 91' lang='lat' dir='ltr'><strong>po-</strong></span> 
     </span>
    </p>
   </div>
   <div class='ocr_carea' id='block_1_19' title="bbox 2146 500 3732 574">
    <p class='ocr_par' dir='ltr' id='par_1_19' title="bbox 2146 500 3732 574">
     <span class='ocr_line' id='line_1_19' title="bbox 2146 500 3732 574; baseline -0.003 -17"><span class='ocrx_word' id='word_1_115' title='bbox 2146 503 2253 574; x_wconf 78' lang='grc' dir='ltr'><strong>μὴν</strong></span> <span class='ocrx_word' id='word_1_116' title='bbox 2306 505 2364 557; x_wconf 85' lang='grc' dir='ltr'><strong>ὲν</strong></span> <span class='ocrx_word' id='word_1_117' title='bbox 2420 503 2663 574; x_wconf 78' lang='grc' dir='ltr'><strong>διδαχαῖς</strong></span> <span class='ocrx_word' id='word_1_118' title='bbox 2720 502 3048 573; x_wconf 84' lang='grc' dir='ltr'><strong>βαπτισμῶν</strong></span> <span class='ocrx_word' id='word_1_119' title='bbox 3073 541 3089 565; x_wconf 94' lang='grc'><strong>,</strong></span> <span class='ocrx_word' id='word_1_120' title='bbox 3150 500 3267 554; x_wconf 82' lang='grc' dir='ltr'>ἀλλ’</span> <span class='ocrx_word' id='word_1_121' title='bbox 3319 500 3439 553; x_wconf 82' lang='grc' dir='ltr'>οὐδὲ</span> <span class='ocrx_word' id='word_1_122' title='bbox 3488 502 3615 564; x_wconf 89' lang='grc' dir='ltr'>ταῖς</span> <span class='ocrx_word' id='word_1_123' title='bbox 3664 501 3732 553; x_wconf 80' lang='grc' dir='ltr'>δι’</span> 
     </span>
    </p>
   </div>
   <div class='ocr_carea' id='block_1_20' title="bbox 2141 591 3739 667">
    <p class='ocr_par' dir='ltr' id='par_1_20' title="bbox 2141 591 3739 667">
     <span class='ocr_line' id='line_1_20' title="bbox 2141 591 3739 667; baseline 0.006 -18"><span class='ocrx_word' id='word_1_124' title='bbox 2141 596 2390 667; x_wconf 86' lang='grc' dir='ltr'><strong>αἱμάτων</strong></span> <span class='ocrx_word' id='word_1_125' title='bbox 2439 596 2832 667; x_wconf 87' lang='grc' dir='ltr'>προσαγωγαῖς</span> <span class='ocrx_word' id='word_1_126' title='bbox 2898 593 3261 665; x_wconf 75' lang='grc' dir='ltr'>ἑκζητήσεται</span> <span class='ocrx_word' id='word_1_127' title='bbox 3313 592 3447 663; x_wconf 75' lang='grc' dir='ltr'>[γρ.</span> <span class='ocrx_word' id='word_1_128' title='bbox 3501 591 3739 665; x_wconf 73' lang='grc' dir='ltr'>ἐκζητή-</span> 
     </span>
    </p>
   </div>
   <div class='ocr_carea' id='block_1_21' title="bbox 2145 685 3729 763">
    <p class='ocr_par' dir='ltr' id='par_1_21' title="bbox 2145 685 3729 763">
     <span class='ocr_line' id='line_1_21' title="bbox 2145 685 3729 763; baseline -0.004 -19"><span class='ocrx_word' id='word_1_129' title='bbox 2145 689 2312 763; x_wconf 87' lang='grc' dir='ltr'>σετε]</span> <span class='ocrx_word' id='word_1_130' title='bbox 2340 689 2434 745; x_wconf 82' lang='grc' dir='ltr'><strong>τόν</strong></span> <span class='ocrx_word' id='word_1_131' title='bbox 2463 690 2760 761; x_wconf 82' lang='grc' dir='ltr'>ἀγιασμὸν,</span> <span class='ocrx_word' id='word_1_132' title='bbox 2801 687 2916 743; x_wconf 84' lang='grc' dir='ltr'>ἀλλ’</span> <span class='ocrx_word' id='word_1_133' title='bbox 2945 687 3003 740; x_wconf 80' lang='grc' dir='ltr'><strong>ὲν</strong></span> <span class='ocrx_word' id='word_1_134' title='bbox 3038 687 3219 741; x_wconf 83' lang='grc' dir='ltr'><strong>πίστει</strong></span> <span class='ocrx_word' id='word_1_135' title='bbox 3248 685 3445 757; x_wconf 73' lang='grc' dir='ltr'>βεϐαίᾳ</span> <span class='ocrx_word' id='word_1_136' title='bbox 3485 686 3729 757; x_wconf 76' lang='grc' dir='ltr'>πληροῦ-</span> 
     </span>
    </p>
   </div>
   <div class='ocr_carea' id='block_1_22' title="bbox 2145 780 3739 852">
    <p class='ocr_par' dir='ltr' id='par_1_22' title="bbox 2145 780 3739 852">
     <span class='ocr_line' id='line_1_22' title="bbox 2145 780 3739 852; baseline -0.004 -14"><span class='ocrx_word' id='word_1_137' title='bbox 2145 783 2271 838; x_wconf 90' lang='grc' dir='ltr'>σθαι</span> <span class='ocrx_word' id='word_1_138' title='bbox 2302 784 2615 849; x_wconf 87' lang='grc' dir='ltr'>πιστεύετε,</span> <span class='ocrx_word' id='word_1_139' title='bbox 2662 784 2757 837; x_wconf 71' lang='grc' dir='ltr'><strong>καὶ</strong></span> <span class='ocrx_word' id='word_1_140' title='bbox 2792 782 2880 836; x_wconf 87' lang='grc' dir='ltr'><strong>διά</strong></span> <span class='ocrx_word' id='word_1_141' title='bbox 2916 781 3098 852; x_wconf 82' lang='grc' dir='ltr'>πάσης</span> <span class='ocrx_word' id='word_1_142' title='bbox 3136 780 3511 851; x_wconf 88' lang='grc' dir='ltr'>ἀγαθουργίας</span> <span class='ocrx_word' id='word_1_143' title='bbox 3536 781 3739 852; x_wconf 85' lang='grc' dir='ltr'>εὐαρε-</span> 
     </span>
    </p>
   </div>
   <div class='ocr_carea' id='block_1_23' title="bbox 2145 868 3743 945">
    <p class='ocr_par' dir='ltr' id='par_1_23' title="bbox 2145 868 3743 945">
     <span class='ocr_line' id='line_1_23' title="bbox 2145 868 3743 945; baseline -0.004 -16"><span class='ocrx_word' id='word_1_144' title='bbox 2145 878 2293 929; x_wconf 90' lang='grc' dir='ltr'>στεῖν</span> <span class='ocrx_word' id='word_1_145' title='bbox 2319 874 2399 945; x_wconf 83' lang='grc' dir='ltr'>τῷ</span> <span class='ocrx_word' id='word_1_146' title='bbox 2426 874 2547 945; x_wconf 86' lang='grc' dir='ltr'><strong>Θεῷ</strong></span> <span class='ocrx_word' id='word_1_147' title='bbox 2573 872 2925 938; x_wconf 76' lang='grc' dir='ltr'>σπουδάζετε.</span> <span class='ocrx_word' id='word_1_148' title='bbox 2954 872 3252 943; x_wconf 87' lang='grc' dir='ltr'>Θεωρεῖται</span> <span class='ocrx_word' id='word_1_149' title='bbox 3294 870 3404 943; x_wconf 84' lang='grc' dir='ltr'>γὰρ</span> <span class='ocrx_word' id='word_1_150' title='bbox 3432 871 3493 923; x_wconf 80' lang='grc' dir='ltr'>ὲν</span> <span class='ocrx_word' id='word_1_151' title='bbox 3520 868 3743 932; x_wconf 81' lang='grc' dir='ltr'><strong>τούτοις</strong></span> 
     </span>
    </p>
   </div>
   <div class='ocr_carea' id='block_1_24' title="bbox 2142 961 3741 1040">
    <p class='ocr_par' dir='ltr' id='par_1_24' title="bbox 2142 961 3741 1040">
     <span class='ocr_line' id='line_1_24' title="bbox 2142 961 3741 1040; baseline -0.004 -18"><span class='ocrx_word' id='word_1_152' title='bbox 2142 969 2243 1040; x_wconf 89' lang='grc' dir='ltr'><strong>τῆς</strong></span> <span class='ocrx_word' id='word_1_153' title='bbox 2299 966 2683 1039; x_wconf 83' lang='grc' dir='ltr'><strong>πνευματικῆς</strong></span> <span class='ocrx_word' id='word_1_154' title='bbox 2731 965 2991 1038; x_wconf 80' lang='grc' dir='ltr'><strong>λατρείας</strong></span> <span class='ocrx_word' id='word_1_155' title='bbox 3045 966 3079 1036; x_wconf 83' lang='grc' dir='ltr'><strong>ἠ</strong></span> <span class='ocrx_word' id='word_1_156' title='bbox 3131 963 3380 1035; x_wconf 86' lang='grc' dir='ltr'>δύναμις.</span> <span class='ocrx_word' id='word_1_157' title='bbox 3429 962 3495 1017; x_wconf 87' lang='grc' dir='ltr'>Οἰ</span> <span class='ocrx_word' id='word_1_158' title='bbox 3549 961 3741 1017; x_wconf 79' lang='grc' dir='ltr'>τοίνυν</span> 
     </span>
    </p>
   </div>
   <div class='ocr_carea' id='block_1_25' title="bbox 2144 1053 3741 1132">
    <p class='ocr_par' dir='ltr' id='par_1_25' title="bbox 2144 1053 3741 1132">
     <span class='ocr_line' id='line_1_25' title="bbox 2144 1053 3741 1132; baseline -0.005 -18"><span class='ocrx_word' id='word_1_159' title='bbox 2144 1054 2702 1132; x_wconf 82' lang='grc' dir='ltr'>ἀποκαθαρθήσεσθάι</span> <span class='ocrx_word' id='word_1_160' title='bbox 2735 1057 3057 1129; x_wconf 83' lang='grc' dir='ltr'><strong>μέλλοντες,</strong></span> <span class='ocrx_word' id='word_1_161' title='bbox 3088 1054 3303 1109; x_wconf 74' lang='grc' dir='ltr'>ἔσονται.</span> <span class='ocrx_word' id='word_1_162' title='bbox 3325 1094 3341 1120; x_wconf 94' lang='grc'><strong>,</strong></span> <span class='ocrx_word' id='word_1_163' title='bbox 3400 1054 3539 1125; x_wconf 76' lang='grc' dir='ltr'><strong>φησί</strong></span> <span class='ocrx_word' id='word_1_164' title='bbox 3562 1094 3581 1121; x_wconf 86' lang='grc'><strong>,</strong></span> <span class='ocrx_word' id='word_1_165' title='bbox 3615 1053 3741 1107; x_wconf 83' lang='grc' dir='ltr'>καθ’</span> 
     </span>
    </p>
   </div>
   <div class='ocr_carea' id='block_1_26' title="bbox 2145 1145 3738 1225">
    <p class='ocr_par' dir='ltr' id='par_1_26' title="bbox 2145 1145 3738 1225">
     <span class='ocr_line' id='line_1_26' title="bbox 2145 1145 3738 1225; baseline -0.007 -17"><span class='ocrx_word' id='word_1_166' title='bbox 2145 1155 2311 1225; x_wconf 79' lang='grc' dir='ltr'>ὑμᾶς.</span> <span class='ocrx_word' id='word_1_167' title='bbox 2339 1151 2802 1223; x_wconf 82' lang='grc' dir='ltr'>Παιδευθήσονται</span> <span class='ocrx_word' id='word_1_168' title='bbox 2827 1150 2960 1222; x_wconf 86' lang='grc' dir='ltr'>γὰρ,</span> <span class='ocrx_word' id='word_1_169' title='bbox 2988 1150 3041 1203; x_wconf 83' lang='grc' dir='ltr'><strong>οἰ</strong></span> <span class='ocrx_word' id='word_1_170' title='bbox 3076 1147 3175 1220; x_wconf 80' lang='grc' dir='ltr'><strong>μὲν</strong></span> <span class='ocrx_word' id='word_1_171' title='bbox 3212 1146 3337 1218; x_wconf 80' lang='grc' dir='ltr'>ἄρτι</span> <span class='ocrx_word' id='word_1_172' title='bbox 3366 1148 3467 1218; x_wconf 85' lang='grc' dir='ltr'><strong>τῆς</strong></span> <span class='ocrx_word' id='word_1_173' title='bbox 3491 1145 3591 1199; x_wconf 84' lang='grc' dir='ltr'><strong>τοῦ</strong></span> <span class='ocrx_word' id='word_1_174' title='bbox 3620 1145 3738 1198; x_wconf 89' lang='grc' dir='ltr'>δια-</span> 
     </span>
    </p>
   </div>
   <div class='ocr_carea' id='block_1_27' title="bbox 2147 1237 3740 1318">
    <p class='ocr_par' dir='ltr' id='par_1_27' title="bbox 2147 1237 3740 1318">
     <span class='ocr_line' id='line_1_27' title="bbox 2147 1237 3740 1318; baseline -0.007 -17"><span class='ocrx_word' id='word_1_175' title='bbox 2147 1247 2306 1302; x_wconf 79' lang='grc' dir='ltr'>ϐόλου</span> <span class='ocrx_word' id='word_1_176' title='bbox 2332 1247 2576 1318; x_wconf 82' lang='grc' dir='ltr'>σαγήνης</span> <span class='ocrx_word' id='word_1_177' title='bbox 2610 1243 3057 1315; x_wconf 84' lang='grc' dir='ltr'>ὲκδιδράσκοντες</span> <span class='ocrx_word' id='word_1_178' title='bbox 3083 1281 3099 1307; x_wconf 88' lang='grc'><strong>,</strong></span> <span class='ocrx_word' id='word_1_179' title='bbox 3147 1242 3241 1296; x_wconf 83' lang='grc' dir='ltr'><strong>καὶ</strong></span> <span class='ocrx_word' id='word_1_180' title='bbox 3280 1240 3410 1303; x_wconf 79' lang='grc' dir='ltr'>τοὺς</span> <span class='ocrx_word' id='word_1_181' title='bbox 3442 1238 3547 1308; x_wconf 84' lang='grc' dir='ltr'><strong>τῆς</strong></span> <span class='ocrx_word' id='word_1_182' title='bbox 3581 1237 3740 1291; x_wconf 78' lang='grc' dir='ltr'>εἰδωο</span> 
     </span>
    </p>
   </div>
   <div class='ocr_carea' id='block_1_28' title="bbox 2145 1328 3742 1411">
    <p class='ocr_par' dir='ltr' id='par_1_28' title="bbox 2145 1328 3742 1411">
     <span class='ocr_line' id='line_1_28' title="bbox 2145 1328 3742 1411; baseline -0.011 -14"><span class='ocrx_word' id='word_1_183' title='bbox 2145 1341 2466 1411; x_wconf 89' lang='grc' dir='ltr'>λολατρείας</span> <span class='ocrx_word' id='word_1_184' title='bbox 2507 1337 2827 1410; x_wconf 83' lang='grc' dir='ltr'><strong>διαδράντες</strong></span> <span class='ocrx_word' id='word_1_185' title='bbox 2884 1334 3151 1406; x_wconf 82' lang='grc' dir='ltr'>βρόχους,</span> <span class='ocrx_word' id='word_1_186' title='bbox 3208 1329 3394 1386; x_wconf 82' lang='grc' dir='ltr'>οὐκέτι</span> <span class='ocrx_word' id='word_1_187' title='bbox 3451 1328 3552 1400; x_wconf 76' lang='grc' dir='ltr'><strong>μὲν</strong></span> <span class='ocrx_word' id='word_1_188' title='bbox 3625 1329 3742 1389; x_wconf 82' lang='grc' dir='ltr'>τοῖς</span> 
     </span>
    </p>
   </div>
   <div class='ocr_carea' id='block_1_29' title="bbox 2147 1419 3862 1505">
    <p class='ocr_par' dir='ltr' id='par_1_29' title="bbox 2147 1419 3862 1505">
     <span class='ocr_line' id='line_1_29' title="bbox 2147 1419 3862 1505; baseline -0.012 -16"><span class='ocrx_word' id='word_1_189' title='bbox 2147 1436 2357 1493; x_wconf 75' lang='grc' dir='ltr'>ἐκείνου</span> <span class='ocrx_word' id='word_1_190' title='bbox 2380 1430 2759 1505; x_wconf 84' lang='grc' dir='ltr'>πολιτεύεσθαι.</span> <span class='ocrx_word' id='word_1_191' title='bbox 2778 1428 2985 1500; x_wconf 87' lang='grc' dir='ltr'>νόμοις,</span> <span class='ocrx_word' id='word_1_192' title='bbox 3010 1422 3467 1493; x_wconf 79' lang='grc' dir='ltr'>ἀποτιναξάμενοι</span> <span class='ocrx_word' id='word_1_193' title='bbox 3488 1420 3547 1474; x_wconf 83' lang='grc' dir='ltr'>δὲ</span> <span class='ocrx_word' id='word_1_194' title='bbox 3571 1419 3745 1473; x_wconf 80' lang='grc' dir='ltr'>καθά·</span> 
     </span>
    </p>
   </div>
   <div class='ocr_carea' id='block_1_30' title="bbox 2147 1514 3744 1601">
    <p class='ocr_par' dir='ltr' id='par_1_30' title="bbox 2147 1514 3744 1601">
     <span class='ocr_line' id='line_1_30' title="bbox 2147 1514 3744 1601; baseline -0.013 -17"><span class='ocrx_word' id='word_1_195' title='bbox 2147 1547 2255 1601; x_wconf 90' lang='grc' dir='ltr'><strong>περ</strong></span> <span class='ocrx_word' id='word_1_196' title='bbox 2301 1527 2508 1582; x_wconf 81' lang='grc' dir='ltr'>εἰκαῖον</span> <span class='ocrx_word' id='word_1_197' title='bbox 2547 1522 2835 1597; x_wconf 78' lang='grc' dir='ltr'>συρφετὸν,</span> <span class='ocrx_word' id='word_1_198' title='bbox 2872 1519 2971 1591; x_wconf 82' lang='grc' dir='ltr'><strong>τὴν</strong></span> <span class='ocrx_word' id='word_1_199' title='bbox 2997 1517 3106 1572; x_wconf 84' lang='grc' dir='ltr'>τῶν</span> <span class='ocrx_word' id='word_1_200' title='bbox 3138 1516 3383 1588; x_wconf 87' lang='grc' dir='ltr'>ἀρχαίων</span> <span class='ocrx_word' id='word_1_201' title='bbox 3411 1514 3553 1567; x_wconf 81' lang='grc' dir='ltr'><strong>ὲθῶν</strong></span> <span class='ocrx_word' id='word_1_202' title='bbox 3602 1514 3744 1566; x_wconf 83' lang='grc' dir='ltr'>ἀκα-</span> 
     </span>
    </p>
   </div>
   <div class='ocr_carea' id='block_1_31' title="bbox 2150 1606 3862 1695">
    <p class='ocr_par' dir='ltr' id='par_1_31' title="bbox 2150 1606 3862 1695">
     <span class='ocr_line' id='line_1_31' title="bbox 2150 1606 3862 1695; baseline -0.011 -18"><span class='ocrx_word' id='word_1_203' title='bbox 2150 1621 2400 1695; x_wconf 81' lang='grc' dir='ltr'>θαρσίαν,</span> <span class='ocrx_word' id='word_1_204' title='bbox 2433 1618 2588 1673; x_wconf 77' lang='grc' dir='ltr'>οὕτω</span> <span class='ocrx_word' id='word_1_205' title='bbox 2608 1635 2669 1671; x_wconf 92' lang='grc' dir='ltr'><strong>τε</strong></span> <span class='ocrx_word' id='word_1_206' title='bbox 2699 1614 2889 1671; x_wconf 82' lang='grc' dir='ltr'>λοιπὸν</span> <span class='ocrx_word' id='word_1_207' title='bbox 2913 1612 3208 1684; x_wconf 73' lang='grc' dir='ltr'>ἐπιτήδειοι</span> <span class='ocrx_word' id='word_1_208' title='bbox 3237 1610 3374 1682; x_wconf 76' lang='grc' dir='ltr'>πρὸς</span> <span class='ocrx_word' id='word_1_209' title='bbox 3395 1610 3454 1661; x_wconf 78' lang='grc' dir='ltr'><strong>τὸ</strong></span> <span class='ocrx_word' id='word_1_210' title='bbox 3471 1606 3746 1659; x_wconf 88' lang='grc' dir='ltr'>δύνασθαι</span> <span class='ocrx_word' id='word_1_211' title='bbox 3860 1642 3862 1659; x_wconf 79' lang='grc' dir='ltr'><strong>ι</strong></span> 
     </span>
    </p>
   </div>
   <div class='ocr_carea' id='block_1_32' title="bbox 466 1697 2051 1785">
    <p class='ocr_par' dir='ltr' id='par_1_32' title="bbox 466 1697 2049 1770">
     <span class='ocr_line' id='line_1_32' title="bbox 466 1697 2049 1770; baseline -0.001 -16"><span class='ocrx_word' id='word_1_212' title='bbox 466 1707 651 1756; x_wconf 87' lang='lat' dir='ltr'><strong>tantes</strong></span> <span class='ocrx_word' id='word_1_213' title='bbox 684 1700 895 1765; x_wconf 79' lang='lat' dir='ltr'><strong>vivent,</strong></span> <span class='ocrx_word' id='word_1_214' title='bbox 928 1708 1093 1770; x_wconf 85' lang='lat' dir='ltr'><strong>atque</strong></span> <span class='ocrx_word' id='word_1_215' title='bbox 1124 1698 1192 1753; x_wconf 89' lang='lat' dir='ltr'><strong>ad</strong></span> <span class='ocrx_word' id='word_1_216' title='bbox 1227 1699 1484 1770; x_wconf 86' lang='lat' dir='ltr'><strong>pietatem</strong></span> <span class='ocrx_word' id='word_1_217' title='bbox 1514 1699 1753 1753; x_wconf 87' lang='lat' dir='ltr'><strong>alentur.</strong></span> <span class='ocrx_word' id='word_1_218' title='bbox 1789 1697 2049 1753; x_wconf 60' lang='lat' dir='ltr'><strong>Israelita:</strong></span> 
     </span>
    </p>
   </div>
   <div class='ocr_carea' id='block_1_33' title="bbox 2157 1697 3749 1785">
    <p class='ocr_par' dir='ltr' id='par_1_33' title="bbox 2157 1697 3749 1785">
     <span class='ocr_line' id='line_1_33' title="bbox 2157 1697 3749 1785; baseline -0.011 -17"><span class='ocrx_word' id='word_1_219' title='bbox 2157 1715 2525 1785; x_wconf 79' lang='grc' dir='ltr'>καρποφορεῖν</span> <span class='ocrx_word' id='word_1_220' title='bbox 2576 1709 2647 1764; x_wconf 90' lang='grc' dir='ltr'><strong>τά</strong></span> <span class='ocrx_word' id='word_1_221' title='bbox 2708 1709 2808 1780; x_wconf 89' lang='grc' dir='ltr'><strong>τῆς</strong></span> <span class='ocrx_word' id='word_1_222' title='bbox 2863 1702 3148 1775; x_wconf 80' lang='grc' dir='ltr'>θεοφιλοῦς</span> <span class='ocrx_word' id='word_1_223' title='bbox 3199 1702 3401 1774; x_wconf 86' lang='grc' dir='ltr'>ἀρετῆς</span> <span class='ocrx_word' id='word_1_224' title='bbox 3442 1700 3599 1772; x_wconf 73' lang='grc' dir='ltr'>’ἔργα</span> <span class='ocrx_word' id='word_1_225' title='bbox 3656 1697 3749 1751; x_wconf 65' lang='grc' dir='ltr'>διὰ</span> 
     </span>
    </p>
   </div>
   <div class='ocr_carea' id='block_1_34' title="bbox 465 1792 2047 1863">
    <p class='ocr_par' dir='ltr' id='par_1_34' title="bbox 465 1792 2047 1863">
     <span class='ocr_line' id='line_1_34' title="bbox 465 1792 2047 1863; baseline -0.003 -15"><span class='ocrx_word' id='word_1_226' title='bbox 465 1808 603 1848; x_wconf 84' lang='lat' dir='ltr'><strong>vero</strong></span> <span class='ocrx_word' id='word_1_227' title='bbox 633 1808 763 1848; x_wconf 86' lang='lat' dir='ltr'><strong>cum</strong></span> <span class='ocrx_word' id='word_1_228' title='bbox 798 1793 903 1848; x_wconf 77' lang='lat' dir='ltr'><strong>ﬁde</strong></span> <span class='ocrx_word' id='word_1_229' title='bbox 955 1793 1087 1848; x_wconf 87' lang='lat' dir='ltr'><strong>mihi</strong></span> <span class='ocrx_word' id='word_1_230' title='bbox 1120 1793 1418 1863; x_wconf 89' lang='lat' dir='ltr'><strong>palmitum</strong></span> <span class='ocrx_word' id='word_1_231' title='bbox 1467 1792 1647 1847; x_wconf 89' lang='lat' dir='ltr'><strong>instar</strong></span> <span class='ocrx_word' id='word_1_232' title='bbox 1694 1792 2047 1858; x_wconf 71' lang='lat' dir='ltr'><strong>adhaeserint,</strong></span> 
     </span>
    </p>
   </div>
   <div class='ocr_carea' id='block_1_35' title="bbox 468 1885 2051 1958">
    <p class='ocr_par' dir='ltr' id='par_1_35' title="bbox 468 1885 2051 1958">
     <span class='ocr_line' id='line_1_35' title="bbox 468 1885 2051 1958; baseline 0 -17"><span class='ocrx_word' id='word_1_233' title='bbox 468 1895 600 1942; x_wconf 90' lang='lat' dir='ltr'><strong>tunc</strong></span> <span class='ocrx_word' id='word_1_234' title='bbox 631 1902 790 1954; x_wconf 87' lang='lat' dir='ltr'><strong>sane,</strong></span> <span class='ocrx_word' id='word_1_235' title='bbox 825 1894 961 1941; x_wconf 88' lang='lat' dir='ltr'><strong>tunc</strong></span> <span class='ocrx_word' id='word_1_236' title='bbox 993 1886 1100 1942; x_wconf 90' lang='lat' dir='ltr'><strong>mei</strong></span> <span class='ocrx_word' id='word_1_237' title='bbox 1150 1886 1426 1943; x_wconf 89' lang='lat' dir='ltr'><strong>sermonis</strong></span> <span class='ocrx_word' id='word_1_238' title='bbox 1459 1885 1839 1958; x_wconf 78' lang='lat' dir='ltr'><strong>purgationem</strong></span> <span class='ocrx_word' id='word_1_239' title='bbox 1868 1893 2051 1941; x_wconf 90' lang='lat' dir='ltr'><strong>mente</strong></span> 
     </span>
    </p>
   </div>
   <div class='ocr_carea' id='block_1_36' title="bbox 467 1979 2049 2051">
    <p class='ocr_par' dir='ltr' id='par_1_36' title="bbox 467 1979 2049 2051">
     <span class='ocr_line' id='line_1_36' title="bbox 467 1979 2049 2051; baseline 0 -19"><span class='ocrx_word' id='word_1_240' title='bbox 467 1980 860 2051; x_wconf 85' lang='lat' dir='ltr'><strong>suscipientes,</strong></span> <span class='ocrx_word' id='word_1_241' title='bbox 891 1996 999 2034; x_wconf 90' lang='lat' dir='ltr'><strong>non</strong></span> <span class='ocrx_word' id='word_1_242' title='bbox 1028 1980 1141 2049; x_wconf 86' lang='lat' dir='ltr'><strong>jam</strong></span> <span class='ocrx_word' id='word_1_243' title='bbox 1176 1979 1374 2035; x_wconf 74' lang='lat' dir='ltr'><strong>litterae</strong></span> <span class='ocrx_word' id='word_1_244' title='bbox 1420 1980 1705 2036; x_wconf 89' lang='lat' dir='ltr'><strong>mordicus</strong></span> <span class='ocrx_word' id='word_1_245' title='bbox 1758 1981 2049 2044; x_wconf 73' lang='lat' dir='ltr'><strong>inhaerent,</strong></span> 
     </span>
    </p>
   </div>
   <div class='ocr_carea' id='block_1_37' title="bbox 470 2069 2049 2140">
    <p class='ocr_par' dir='ltr' id='par_1_37' title="bbox 470 2069 2049 2140">
     <span class='ocr_line' id='line_1_37' title="bbox 470 2069 2049 2140; baseline 0 -17"><span class='ocrx_word' id='word_1_246' title='bbox 470 2085 570 2125; x_wconf 88' lang='lat' dir='ltr'><strong>nec</strong></span> <span class='ocrx_word' id='word_1_247' title='bbox 628 2070 820 2140; x_wconf 85' lang='lat' dir='ltr'><strong>ﬁguris</strong></span> <span class='ocrx_word' id='word_1_248' title='bbox 868 2070 1191 2126; x_wconf 87' lang='lat' dir='ltr'><strong>umbraticis</strong></span> <span class='ocrx_word' id='word_1_249' title='bbox 1238 2070 1402 2124; x_wconf 83' lang='lat' dir='ltr'><strong>siculi</strong></span> <span class='ocrx_word' id='word_1_250' title='bbox 1456 2084 1604 2124; x_wconf 89' lang='lat' dir='ltr'><strong>nunc</strong></span> <span class='ocrx_word' id='word_1_251' title='bbox 1652 2070 1821 2125; x_wconf 88' lang='lat' dir='ltr'><strong>corde</strong></span> <span class='ocrx_word' id='word_1_252' title='bbox 1863 2069 2049 2134; x_wconf 78' lang='lat' dir='ltr'><strong>alﬁxi,</strong></span> 
     </span>
    </p>
   </div>
   <div class='ocr_carea' id='block_1_38' title="bbox 466 2161 2050 2234">
    <p class='ocr_par' dir='ltr' id='par_1_38' title="bbox 466 2161 2050 2234">
     <span class='ocr_line' id='line_1_38' title="bbox 466 2161 2050 2234; baseline 0 -18"><span class='ocrx_word' id='word_1_253' title='bbox 466 2178 657 2217; x_wconf 82' lang='lat' dir='ltr'><strong>verum</strong></span> <span class='ocrx_word' id='word_1_254' title='bbox 686 2178 751 2219; x_wconf 86' lang='lat' dir='ltr'><strong>ac</strong></span> <span class='ocrx_word' id='word_1_255' title='bbox 790 2164 1095 2234; x_wconf 88' lang='lat' dir='ltr'><strong>spiritalem</strong></span> <span class='ocrx_word' id='word_1_256' title='bbox 1126 2165 1334 2218; x_wconf 91' lang='lat' dir='ltr'><strong>cultum</strong></span> <span class='ocrx_word' id='word_1_257' title='bbox 1372 2161 1484 2217; x_wconf 87' lang='lat' dir='ltr'><strong>Deo</strong></span> <span class='ocrx_word' id='word_1_258' title='bbox 1512 2164 1818 2233; x_wconf 78' lang='lat' dir='ltr'><strong>proferunt.</strong></span> <span class='ocrx_word' id='word_1_259' title='bbox 1865 2182 1883 2214; x_wconf 79' lang='grc' dir='ltr'><strong>ι</strong></span> <span class='ocrx_word' id='word_1_260' title='bbox 1924 2161 2050 2232; x_wconf 88' lang='lat' dir='ltr'><strong>Spi-</strong></span> 
     </span>
    </p>
   </div>
   <div class='ocr_carea' id='block_1_39' title="bbox 468 2254 2049 2325">
    <p class='ocr_par' dir='ltr' id='par_1_39' title="bbox 468 2254 2049 2325">
     <span class='ocr_line' id='line_1_39' title="bbox 468 2254 2049 2325; baseline 0.001 -18"><span class='ocrx_word' id='word_1_261' title='bbox 468 2256 609 2310; x_wconf 88' lang='lat' dir='ltr'><strong>ritus</strong></span> <span class='ocrx_word' id='word_1_262' title='bbox 638 2255 784 2310; x_wconf 87' lang='lat' dir='ltr'><strong>enim</strong></span> <span class='ocrx_word' id='word_1_263' title='bbox 828 2254 973 2310; x_wconf 87' lang='lat' dir='ltr'><strong>Deus</strong></span> <span class='ocrx_word' id='word_1_264' title='bbox 1003 2261 1114 2319; x_wconf 83' lang='lat' dir='ltr'><strong>est,</strong></span> <span class='ocrx_word' id='word_1_265' title='bbox 1146 2263 1194 2310; x_wconf 89' lang='lat' dir='ltr'><strong>et</strong></span> <span class='ocrx_word' id='word_1_266' title='bbox 1236 2270 1333 2310; x_wconf 87' lang='lat' dir='ltr'><strong>eos</strong></span> <span class='ocrx_word' id='word_1_267' title='bbox 1365 2254 1459 2325; x_wconf 90' lang='lat' dir='ltr'><strong>qui</strong></span> <span class='ocrx_word' id='word_1_268' title='bbox 1508 2254 1742 2309; x_wconf 86' lang='lat' dir='ltr'><strong>adorant</strong></span> <span class='ocrx_word' id='word_1_269' title='bbox 1784 2270 1948 2321; x_wconf 88' lang='lat' dir='ltr'><strong>eum,</strong></span> <span class='ocrx_word' id='word_1_270' title='bbox 1995 2254 2049 2309; x_wconf 93' lang='lat' dir='ltr'><strong>in</strong></span> 
     </span>
    </p>
   </div>
   <div class='ocr_carea' id='block_1_40' title="bbox 469 2347 2052 2419">
    <p class='ocr_par' dir='ltr' id='par_1_40' title="bbox 469 2347 2052 2419">
     <span class='ocr_line' id='line_1_40' title="bbox 469 2347 2052 2419; baseline 0 -17"><span class='ocrx_word' id='word_1_271' title='bbox 469 2348 665 2417; x_wconf 86' lang='lat' dir='ltr'><strong>spiritu</strong></span> <span class='ocrx_word' id='word_1_272' title='bbox 697 2357 751 2403; x_wconf 87' lang='lat' dir='ltr'><strong>et</strong></span> <span class='ocrx_word' id='word_1_273' title='bbox 774 2348 1007 2404; x_wconf 90' lang='lat' dir='ltr'><strong>veritate</strong></span> <span class='ocrx_word' id='word_1_274' title='bbox 1040 2357 1259 2419; x_wconf 80' lang='lat' dir='ltr'><strong>Oportet</strong></span> <span class='ocrx_word' id='word_1_275' title='bbox 1295 2348 1531 2402; x_wconf 87' lang='lat' dir='ltr'><strong>adorare</strong></span> <span class='ocrx_word' id='word_1_276' title='bbox 1557 2350 1625 2402; x_wconf 81' lang='lat'><strong>“.</strong></span> <span class='ocrx_word' id='word_1_277' title='bbox 1668 2367 1686 2401; x_wconf 75' lang='grc' dir='ltr'><strong>ι</strong></span> <span class='ocrx_word' id='word_1_278' title='bbox 1724 2347 1896 2402; x_wconf 86' lang='lat' dir='ltr'><strong>Simul</strong></span> <span class='ocrx_word' id='word_1_279' title='bbox 1919 2363 2052 2419; x_wconf 89' lang='lat' dir='ltr'><strong>ergo</strong></span> 
     </span>
    </p>
   </div>
   <div class='ocr_carea' id='block_1_41' title="bbox 472 2440 2052 2512">
    <p class='ocr_par' dir='ltr' id='par_1_41' title="bbox 472 2440 2052 2512">
     <span class='ocr_line' id='line_1_41' title="bbox 472 2440 2052 2512; baseline 0.001 -20"><span class='ocrx_word' id='word_1_280' title='bbox 472 2449 525 2492; x_wconf 89' lang='lat' dir='ltr'><strong>ct</strong></span> <span class='ocrx_word' id='word_1_281' title='bbox 557 2454 748 2493; x_wconf 89' lang='lat' dir='ltr'><strong>eorum</strong></span> <span class='ocrx_word' id='word_1_282' title='bbox 790 2440 884 2509; x_wconf 89' lang='lat' dir='ltr'><strong>qui</strong></span> <span class='ocrx_word' id='word_1_283' title='bbox 920 2440 1190 2512; x_wconf 85' lang='lat' dir='ltr'><strong>purgandi</strong></span> <span class='ocrx_word' id='word_1_284' title='bbox 1231 2448 1360 2496; x_wconf 89' lang='lat' dir='ltr'><strong>sunt</strong></span> <span class='ocrx_word' id='word_1_285' title='bbox 1394 2440 1631 2494; x_wconf 77' lang='lat' dir='ltr'><strong>futuram</strong></span> <span class='ocrx_word' id='word_1_286' title='bbox 1682 2440 2052 2510; x_wconf 86' lang='lat' dir='ltr'><strong>pulchritudi-</strong></span> 
     </span>
    </p>
   </div>
   <div class='ocr_carea' id='block_1_42' title="bbox 472 2532 2051 2605">
    <p class='ocr_par' dir='ltr' id='par_1_42' title="bbox 472 2532 2051 2605">
     <span class='ocr_line' id='line_1_42' title="bbox 472 2532 2051 2605; baseline 0.003 -22"><span class='ocrx_word' id='word_1_287' title='bbox 472 2547 594 2585; x_wconf 84' lang='lat' dir='ltr'><strong>nem</strong></span> <span class='ocrx_word' id='word_1_288' title='bbox 624 2532 773 2586; x_wconf 83' lang='lat' dir='ltr'><strong>clare</strong></span> <span class='ocrx_word' id='word_1_289' title='bbox 801 2534 1029 2603; x_wconf 84' lang='lat' dir='ltr'><strong>exponit</strong></span> <span class='ocrx_word' id='word_1_290' title='bbox 1062 2550 1159 2605; x_wconf 91' lang='lat' dir='ltr'><strong>per</strong></span> <span class='ocrx_word' id='word_1_291' title='bbox 1196 2533 1413 2588; x_wconf 89' lang='lat' dir='ltr'><strong>modum</strong></span> <span class='ocrx_word' id='word_1_292' title='bbox 1454 2535 1688 2604; x_wconf 83' lang='lat' dir='ltr'><strong>exempli</strong></span> <span class='ocrx_word' id='word_1_293' title='bbox 1733 2536 1849 2589; x_wconf 90' lang='lat' dir='ltr'><strong>suis</strong></span> <span class='ocrx_word' id='word_1_294' title='bbox 1883 2535 2051 2589; x_wconf 87' lang='lat' dir='ltr'><strong>disci-</strong></span> 
     </span>
    </p>
   </div>
   <div class='ocr_carea' id='block_1_43' title="bbox 470 2624 2052 2697">
    <p class='ocr_par' dir='ltr' id='par_1_43' title="bbox 470 2624 2052 2697">
     <span class='ocr_line' id='line_1_43' title="bbox 470 2624 2052 2697; baseline 0.002 -22"><span class='ocrx_word' id='word_1_295' title='bbox 470 2624 637 2690; x_wconf 86' lang='lat' dir='ltr'><strong>pulis,</strong></span> <span class='ocrx_word' id='word_1_296' title='bbox 671 2632 725 2677; x_wconf 88' lang='lat' dir='ltr'><strong>et</strong></span> <span class='ocrx_word' id='word_1_297' title='bbox 765 2639 861 2678; x_wconf 89' lang='lat' dir='ltr'><strong>eos</strong></span> <span class='ocrx_word' id='word_1_298' title='bbox 890 2626 1066 2695; x_wconf 87' lang='lat' dir='ltr'><strong>magis</strong></span> <span class='ocrx_word' id='word_1_299' title='bbox 1093 2626 1380 2697; x_wconf 84' lang='lat' dir='ltr'><strong>magisque</strong></span> <span class='ocrx_word' id='word_1_300' title='bbox 1411 2626 1704 2680; x_wconf 86' lang='lat' dir='ltr'><strong>conﬁrmat</strong></span> <span class='ocrx_word' id='word_1_301' title='bbox 1736 2626 1803 2680; x_wconf 90' lang='lat' dir='ltr'><strong>ad</strong></span> <span class='ocrx_word' id='word_1_302' title='bbox 1829 2626 2052 2680; x_wconf 88' lang='lat' dir='ltr'><strong>uberio-</strong></span> 
     </span>
    </p>
   </div>
   <div class='ocr_carea' id='block_1_44' title="bbox 470 2716 2047 2781">
    <p class='ocr_par' dir='ltr' id='par_1_44' title="bbox 470 2716 2047 2781">
     <span class='ocr_line' id='line_1_44' title="bbox 470 2716 2047 2781; baseline 0.003 -13"><span class='ocrx_word' id='word_1_303' title='bbox 470 2730 583 2770; x_wconf 90' lang='lat' dir='ltr'><strong>rem</strong></span> <span class='ocrx_word' id='word_1_304' title='bbox 638 2716 817 2770; x_wconf 75' lang='lat' dir='ltr'><strong>adliuc</strong></span> <span class='ocrx_word' id='word_1_305' title='bbox 862 2717 1122 2771; x_wconf 89' lang='lat' dir='ltr'><strong>virtutem</strong></span> <span class='ocrx_word' id='word_1_306' title='bbox 1168 2717 1575 2781; x_wconf 86' lang='lat' dir='ltr'><strong>assumendam,</strong></span> <span class='ocrx_word' id='word_1_307' title='bbox 1612 2717 1913 2772; x_wconf 87' lang='lat' dir='ltr'><strong>ostendens</strong></span> <span class='ocrx_word' id='word_1_308' title='bbox 1952 2734 2047 2773; x_wconf 86' lang='lat' dir='ltr'><strong>eos</strong></span> 
     </span>
    </p>
   </div>
   <div class='ocr_carea' id='block_1_45' title="bbox 469 2807 2049 2871">
    <p class='ocr_par' dir='ltr' id='par_1_45' title="bbox 469 2807 2049 2871">
     <span class='ocr_line' id='line_1_45' title="bbox 469 2807 2049 2871; baseline -0.001 -7"><span class='ocrx_word' id='word_1_309' title='bbox 469 2825 580 2864; x_wconf 92' lang='lat' dir='ltr'><strong>non</strong></span> <span class='ocrx_word' id='word_1_310' title='bbox 617 2807 818 2864; x_wconf 80' lang='lat' dir='ltr'><strong>frustra</strong></span> <span class='ocrx_word' id='word_1_311' title='bbox 846 2809 949 2863; x_wconf 84' lang='lat' dir='ltr'><strong>sibi</strong></span> <span class='ocrx_word' id='word_1_312' title='bbox 981 2809 1300 2871; x_wconf 59' lang='lat' dir='ltr'><strong>adliaisisse,</strong></span> <span class='ocrx_word' id='word_1_313' title='bbox 1329 2824 1431 2863; x_wconf 91' lang='lat' dir='ltr'><strong>nec</strong></span> <span class='ocrx_word' id='word_1_314' title='bbox 1461 2808 1713 2863; x_wconf 86' lang='lat' dir='ltr'><strong>inutilem</strong></span> <span class='ocrx_word' id='word_1_315' title='bbox 1757 2809 1838 2863; x_wconf 91' lang='lat' dir='ltr'><strong>eis</strong></span> <span class='ocrx_word' id='word_1_316' title='bbox 1873 2808 2049 2863; x_wconf 83' lang='lat' dir='ltr'><strong>fuisse</strong></span> 
     </span>
    </p>
   </div>
   <div class='ocr_carea' id='block_1_46' title="bbox 471 2901 2052 2970">
    <p class='ocr_par' dir='ltr' id='par_1_46' title="bbox 471 2901 2052 2970">
     <span class='ocr_line' id='line_1_46' title="bbox 471 2901 2052 2970; baseline -0.001 -16"><span class='ocrx_word' id='word_1_317' title='bbox 471 2901 778 2955; x_wconf 88' lang='lat' dir='ltr'><strong>doctrinam</strong></span> <span class='ocrx_word' id='word_1_318' title='bbox 810 2910 863 2955; x_wconf 91' lang='lat' dir='ltr'><strong>et</strong></span> <span class='ocrx_word' id='word_1_319' title='bbox 894 2901 1296 2956; x_wconf 81' lang='lat' dir='ltr'><strong>institutionem</strong></span> <span class='ocrx_word' id='word_1_320' title='bbox 1332 2901 1728 2970; x_wconf 85' lang='lat' dir='ltr'><strong>evangelicam,</strong></span> <span class='ocrx_word' id='word_1_321' title='bbox 1767 2915 1865 2969; x_wconf 90' lang='lat' dir='ltr'><strong>per</strong></span> <span class='ocrx_word' id='word_1_322' title='bbox 1887 2916 2052 2969; x_wconf 83' lang='lat' dir='ltr'><strong>quam</strong></span> 
     </span>
    </p>
   </div>
   <div class='ocr_carea' id='block_1_47' title="bbox 474 2991 2056 3063">
    <p class='ocr_par' dir='ltr' id='par_1_47' title="bbox 474 2991 2056 3063">
     <span class='ocr_line' id='line_1_47' title="bbox 474 2991 2056 3063; baseline 0.003 -19"><span class='ocrx_word' id='word_1_323' title='bbox 474 2991 720 3047; x_wconf 85' lang='lat' dir='ltr'><strong>universi</strong></span> <span class='ocrx_word' id='word_1_324' title='bbox 753 2993 908 3047; x_wconf 90' lang='lat' dir='ltr'><strong>orbis</strong></span> <span class='ocrx_word' id='word_1_325' title='bbox 950 2992 1269 3048; x_wconf 83' lang='lat' dir='ltr'><strong>hominibus</strong></span> <span class='ocrx_word' id='word_1_326' title='bbox 1305 3008 1465 3063; x_wconf 87' lang='lat' dir='ltr'><strong>opem</strong></span> <span class='ocrx_word' id='word_1_327' title='bbox 1507 2992 1725 3048; x_wconf 89' lang='lat' dir='ltr'><strong>allaturi</strong></span> <span class='ocrx_word' id='word_1_328' title='bbox 1760 3001 1939 3057; x_wconf 88' lang='lat' dir='ltr'><strong>erant,</strong></span> <span class='ocrx_word' id='word_1_329' title='bbox 1970 3008 2056 3048; x_wconf 83' lang='lat' dir='ltr'><strong>sc-</strong></span> 
     </span>
    </p>
   </div>
   <div class='ocr_carea' id='block_1_48' title="bbox 2150 1789 3748 1879">
    <p class='ocr_par' dir='ltr' id='par_1_48' title="bbox 2150 1789 3748 1879">
     <span class='ocr_line' id='line_1_48' title="bbox 2150 1789 3748 1879; baseline -0.015 -18"><span class='ocrx_word' id='word_1_330' title='bbox 2150 1809 2249 1879; x_wconf 88' lang='grc' dir='ltr'><strong>τῆς</strong></span> <span class='ocrx_word' id='word_1_331' title='bbox 2296 1805 2448 1869; x_wconf 81' lang='grc' dir='ltr'>θείας</span> <span class='ocrx_word' id='word_1_332' title='bbox 2495 1800 2909 1872; x_wconf 77' lang='grc' dir='ltr'>ἀποδειχθέντες</span> <span class='ocrx_word' id='word_1_333' title='bbox 2964 1798 3215 1869; x_wconf 90' lang='grc' dir='ltr'>χάριτος,</span> <span class='ocrx_word' id='word_1_334' title='bbox 3250 1793 3551 1863; x_wconf 82' lang='grc' dir='ltr'>κλημάτων</span> <span class='ocrx_word' id='word_1_335' title='bbox 3583 1789 3748 1858; x_wconf 82' lang='grc' dir='ltr'>δίκην</span> 
     </span>
    </p>
   </div>
   <div class='ocr_carea' id='block_1_49' title="bbox 2151 1883 3752 1970">
    <p class='ocr_par' dir='ltr' id='par_1_49' title="bbox 2151 1883 3752 1970">
     <span class='ocr_line' id='line_1_49' title="bbox 2151 1883 3752 1970; baseline -0.012 -17"><span class='ocrx_word' id='word_1_336' title='bbox 2151 1898 2276 1970; x_wconf 76' lang='grc' dir='ltr'>ἐμοὶ</span> <span class='ocrx_word' id='word_1_337' title='bbox 2310 1894 2790 1967; x_wconf 85' lang='grc' dir='ltr'>προσαφθήσονται</span> <span class='ocrx_word' id='word_1_338' title='bbox 2812 1930 2828 1956; x_wconf 94' lang='grc'><strong>,</strong></span> <span class='ocrx_word' id='word_1_339' title='bbox 2873 1889 2972 1945; x_wconf 76' lang='grc' dir='ltr'><strong>καὶ</strong></span> <span class='ocrx_word' id='word_1_340' title='bbox 3016 1888 3239 1957; x_wconf 79' lang='grc' dir='ltr'>ἀγάπης</span> <span class='ocrx_word' id='word_1_341' title='bbox 3267 1886 3369 1956; x_wconf 87' lang='grc' dir='ltr'><strong>τῆς</strong></span> <span class='ocrx_word' id='word_1_342' title='bbox 3397 1886 3478 1947; x_wconf 91' lang='grc' dir='ltr'><strong>είς</strong></span> <span class='ocrx_word' id='word_1_343' title='bbox 3518 1883 3626 1955; x_wconf 71' lang='grc' dir='ltr'><strong>ἐμὲ</strong></span> <span class='ocrx_word' id='word_1_344' title='bbox 3662 1883 3752 1948; x_wconf 78' lang='grc' dir='ltr'><strong>ἑξ-</strong></span> 
     </span>
    </p>
   </div>
   <div class='ocr_carea' id='block_1_50' title="bbox 2152 1974 3753 2063">
    <p class='ocr_par' dir='ltr' id='par_1_50' title="bbox 2152 1974 3753 2063">
     <span class='ocr_line' id='line_1_50' title="bbox 2152 1974 3753 2063; baseline -0.013 -17"><span class='ocrx_word' id='word_1_345' title='bbox 2152 1989 2454 2063; x_wconf 82' lang='grc' dir='ltr'>ηρτημένοι</span> <span class='ocrx_word' id='word_1_346' title='bbox 2477 1986 2870 2057; x_wconf 87' lang='grc' dir='ltr'>πιανθήσονται</span> <span class='ocrx_word' id='word_1_347' title='bbox 2906 1982 3007 2054; x_wconf 76' lang='grc' dir='ltr'><strong>τὴν</strong></span> <span class='ocrx_word' id='word_1_348' title='bbox 3034 1980 3263 2050; x_wconf 77' lang='grc' dir='ltr'>καρδίαν</span> <span class='ocrx_word' id='word_1_349' title='bbox 3284 1981 3403 2041; x_wconf 88' lang='grc' dir='ltr'>ταῖς</span> <span class='ocrx_word' id='word_1_350' title='bbox 3434 1975 3531 2029; x_wconf 88' lang='grc' dir='ltr'><strong>τοῦ</strong></span> <span class='ocrx_word' id='word_1_351' title='bbox 3567 1974 3753 2028; x_wconf 78' lang='grc' dir='ltr'>Πνεῦ-</span> 
     </span>
    </p>
   </div>
   <div class='ocr_carea' id='block_1_51' title="bbox 2156 2066 3752 2156">
    <p class='ocr_par' dir='ltr' id='par_1_51' title="bbox 2156 2066 3752 2156">
     <span class='ocr_line' id='line_1_51' title="bbox 2156 2066 3752 2156; baseline -0.013 -19"><span class='ocrx_word' id='word_1_352' title='bbox 2156 2100 2327 2156; x_wconf 80' lang='grc' dir='ltr'>ματος</span> <span class='ocrx_word' id='word_1_353' title='bbox 2349 2079 2679 2154; x_wconf 73' lang='grc' dir='ltr'>ἐπιρροίαις.</span> <span class='ocrx_word' id='word_1_354' title='bbox 2723 2077 2817 2131; x_wconf 74' lang='grc' dir='ltr'><strong>καὶ</strong></span> <span class='ocrx_word' id='word_1_355' title='bbox 2857 2074 2955 2145; x_wconf 87' lang='grc' dir='ltr'><strong>τὴν</strong></span> <span class='ocrx_word' id='word_1_356' title='bbox 2982 2073 3083 2143; x_wconf 86' lang='grc' dir='ltr'><strong>τῆς</strong></span> <span class='ocrx_word' id='word_1_357' title='bbox 3109 2072 3251 2142; x_wconf 78' lang='grc' dir='ltr'>ἐμῆς</span> <span class='ocrx_word' id='word_1_358' title='bbox 3279 2068 3621 2139; x_wconf 86' lang='grc' dir='ltr'>ἀγαθότητος</span> <span class='ocrx_word' id='word_1_359' title='bbox 3652 2066 3752 2118; x_wconf 77' lang='grc' dir='ltr'><strong>ἐκ·</strong></span> 
     </span>
    </p>
   </div>
   <div class='ocr_carea' id='block_1_52' title="bbox 2154 2160 3752 2243">
    <p class='ocr_par' dir='ltr' id='par_1_52' title="bbox 2154 2160 3752 2243">
     <span class='ocr_line' id='line_1_52' title="bbox 2154 2160 3752 2243; baseline -0.012 -14"><span class='ocrx_word' id='word_1_360' title='bbox 2154 2177 2400 2238; x_wconf 84' lang='grc' dir='ltr'>πίνοντες</span> <span class='ocrx_word' id='word_1_361' title='bbox 2448 2173 2607 2243; x_wconf 80' lang='grc' dir='ltr'>χάριν</span> <span class='ocrx_word' id='word_1_362' title='bbox 2650 2168 3021 2240; x_wconf 69' lang='grc' dir='ltr'>διαζήσονται,</span> <span class='ocrx_word' id='word_1_363' title='bbox 3055 2164 3149 2219; x_wconf 72' lang='grc' dir='ltr'>καὶ</span> <span class='ocrx_word' id='word_1_364' title='bbox 3190 2163 3565 2235; x_wconf 75' lang='grc' dir='ltr'>τραφήσονται</span> <span class='ocrx_word' id='word_1_365' title='bbox 3611 2160 3752 2229; x_wconf 79' lang='grc' dir='ltr'>πρὸς</span> 
     </span>
    </p>
   </div>
   <div class='ocr_carea' id='block_1_53' title="bbox 2152 2251 3751 2333">
    <p class='ocr_par' dir='ltr' id='par_1_53' title="bbox 2152 2251 3751 2333">
     <span class='ocr_line' id='line_1_53' title="bbox 2152 2251 3751 2333; baseline -0.013 -10"><span class='ocrx_word' id='word_1_366' title='bbox 2152 2268 2457 2323; x_wconf 79' lang='grc' dir='ltr'>εὐσέϐειαν.</span> <span class='ocrx_word' id='word_1_367' title='bbox 2491 2266 2554 2319; x_wconf 77' lang='lat' dir='ltr'><strong>Oi</strong></span> <span class='ocrx_word' id='word_1_368' title='bbox 2587 2263 2644 2317; x_wconf 84' lang='grc' dir='ltr'>δὲ</span> <span class='ocrx_word' id='word_1_369' title='bbox 2694 2263 2802 2333; x_wconf 80' lang='grc' dir='ltr'>μὴν</span> <span class='ocrx_word' id='word_1_370' title='bbox 2843 2259 2902 2327; x_wconf 77' lang='grc' dir='ltr'><strong>ἐξ</strong></span> <span class='ocrx_word' id='word_1_371' title='bbox 2957 2258 3211 2330; x_wconf 83' lang='grc' dir='ltr'>Ἰσραὴλ,</span> <span class='ocrx_word' id='word_1_372' title='bbox 3273 2256 3402 2309; x_wconf 82' lang='grc' dir='ltr'>ὅταν</span> <span class='ocrx_word' id='word_1_373' title='bbox 3432 2255 3501 2325; x_wconf 76' lang='grc' dir='ltr'>τῇ</span> <span class='ocrx_word' id='word_1_374' title='bbox 3560 2251 3751 2304; x_wconf 79' lang='grc' dir='ltr'>πίστει</span> 
     </span>
    </p>
   </div>
   <div class='ocr_carea' id='block_1_54' title="bbox 2154 2345 3752 2434">
    <p class='ocr_par' dir='ltr' id='par_1_54' title="bbox 2154 2345 3752 2434">
     <span class='ocr_line' id='line_1_54' title="bbox 2154 2345 3752 2434; baseline -0.013 -18"><span class='ocrx_word' id='word_1_375' title='bbox 2154 2360 2560 2434; x_wconf 86' lang='grc' dir='ltr'>προσηλωθεῖεν</span> <span class='ocrx_word' id='word_1_376' title='bbox 2593 2357 2735 2429; x_wconf 74' lang='grc' dir='ltr'>ἐμοὶ,</span> <span class='ocrx_word' id='word_1_377' title='bbox 2760 2354 3060 2425; x_wconf 85' lang='grc' dir='ltr'>κλημάτων</span> <span class='ocrx_word' id='word_1_378' title='bbox 3088 2352 3143 2404; x_wconf 77' lang='grc' dir='ltr'>δὲ</span> <span class='ocrx_word' id='word_1_379' title='bbox 3159 2350 3315 2404; x_wconf 79' lang='grc' dir='ltr'><strong>αὑτοί</strong></span> <span class='ocrx_word' id='word_1_380' title='bbox 3333 2345 3752 2417; x_wconf 81' lang='grc' dir='ltr'>παραρτηθεῖεν</span> 
     </span>
    </p>
   </div>
   <div class='ocr_carea' id='block_1_55' title="bbox 2153 2435 3752 2521">
    <p class='ocr_par' dir='ltr' id='par_1_55' title="bbox 2153 2435 3752 2521">
     <span class='ocr_line' id='line_1_55' title="bbox 2153 2435 3752 2521; baseline -0.014 -14"><span class='ocrx_word' id='word_1_381' title='bbox 2153 2454 2331 2521; x_wconf 89' lang='grc' dir='ltr'>δίκην,</span> <span class='ocrx_word' id='word_1_382' title='bbox 2384 2451 2505 2505; x_wconf 85' lang='grc' dir='ltr'>τότε</span> <span class='ocrx_word' id='word_1_383' title='bbox 2554 2449 2643 2520; x_wconf 80' lang='grc' dir='ltr'><strong>δὴ,</strong></span> <span class='ocrx_word' id='word_1_384' title='bbox 2691 2446 2813 2500; x_wconf 85' lang='grc' dir='ltr'>τότε</span> <span class='ocrx_word' id='word_1_385' title='bbox 2846 2444 2946 2515; x_wconf 75' lang='grc' dir='ltr'>τὴν</span> <span class='ocrx_word' id='word_1_386' title='bbox 2985 2442 3075 2496; x_wconf 80' lang='grc' dir='ltr'><strong>διὰ</strong></span> <span class='ocrx_word' id='word_1_387' title='bbox 3113 2441 3205 2494; x_wconf 79' lang='grc' dir='ltr'><strong>τὸν</strong></span> <span class='ocrx_word' id='word_1_388' title='bbox 3253 2439 3385 2510; x_wconf 81' lang='grc' dir='ltr'>ὲμδν</span> <span class='ocrx_word' id='word_1_389' title='bbox 3427 2436 3596 2505; x_wconf 91' lang='grc' dir='ltr'>λόγον</span> <span class='ocrx_word' id='word_1_390' title='bbox 3634 2435 3752 2486; x_wconf 79' lang='grc' dir='ltr'>δια-</span> 
     </span>
    </p>
   </div>
   <div class='ocr_carea' id='block_1_56' title="bbox 2156 2525 3751 2613">
    <p class='ocr_par' dir='ltr' id='par_1_56' title="bbox 2156 2525 3751 2613">
     <span class='ocr_line' id='line_1_56' title="bbox 2156 2525 3751 2613; baseline -0.014 -15"><span class='ocrx_word' id='word_1_391' title='bbox 2156 2544 2424 2613; x_wconf 85' lang='grc' dir='ltr'>κάθαρσιν</span> <span class='ocrx_word' id='word_1_392' title='bbox 2452 2543 2532 2604; x_wconf 89' lang='grc' dir='ltr'><strong>εἰς</strong></span> <span class='ocrx_word' id='word_1_393' title='bbox 2555 2538 2679 2593; x_wconf 88' lang='grc' dir='ltr'>νοῦν</span> <span class='ocrx_word' id='word_1_394' title='bbox 2697 2536 3003 2607; x_wconf 80' lang='grc' dir='ltr'>δεξάμενοι,</span> <span class='ocrx_word' id='word_1_395' title='bbox 3022 2532 3206 2586; x_wconf 70' lang='grc' dir='ltr'>οὐκέτι</span> <span class='ocrx_word' id='word_1_396' title='bbox 3224 2531 3323 2601; x_wconf 84' lang='grc' dir='ltr'>μὲν</span> <span class='ocrx_word' id='word_1_397' title='bbox 3346 2531 3411 2598; x_wconf 81' lang='grc' dir='ltr'>τῇ</span> <span class='ocrx_word' id='word_1_398' title='bbox 3434 2525 3530 2580; x_wconf 91' lang='grc' dir='ltr'><strong>τοῦ</strong></span> <span class='ocrx_word' id='word_1_399' title='bbox 3558 2525 3751 2596; x_wconf 82' lang='grc' dir='ltr'>γράμ-</span> 
     </span>
    </p>
   </div>
   <div class='ocr_carea' id='block_1_57' title="bbox 2159 2619 3750 2706">
    <p class='ocr_par' dir='ltr' id='par_1_57' title="bbox 2159 2619 3750 2706">
     <span class='ocr_line' id='line_1_57' title="bbox 2159 2619 3750 2706; baseline -0.013 -18"><span class='ocrx_word' id='word_1_400' title='bbox 2159 2651 2328 2706; x_wconf 84' lang='grc' dir='ltr'>ματος</span> <span class='ocrx_word' id='word_1_401' title='bbox 2376 2631 2704 2704; x_wconf 80' lang='grc' dir='ltr'>προσεδρείᾳ</span> <span class='ocrx_word' id='word_1_402' title='bbox 2747 2625 3108 2699; x_wconf 79' lang='grc' dir='ltr'>σχολάζουσι,</span> <span class='ocrx_word' id='word_1_403' title='bbox 3159 2622 3285 2676; x_wconf 79' lang='grc' dir='ltr'>οὑδὲ</span> <span class='ocrx_word' id='word_1_404' title='bbox 3340 2623 3454 2682; x_wconf 84' lang='grc' dir='ltr'>τοῖς</span> <span class='ocrx_word' id='word_1_405' title='bbox 3507 2620 3568 2672; x_wconf 76' lang='grc' dir='ltr'><strong>ὲν</strong></span> <span class='ocrx_word' id='word_1_406' title='bbox 3616 2619 3750 2687; x_wconf 76' lang='grc' dir='ltr'>σκιᾷ</span> 
     </span>
    </p>
   </div>
   <div class='ocr_carea' id='block_1_58' title="bbox 2156 2711 3749 2799">
    <p class='ocr_par' dir='ltr' id='par_1_58' title="bbox 2156 2711 3749 2799">
     <span class='ocr_line' id='line_1_58' title="bbox 2156 2711 3749 2799; baseline -0.013 -18"><span class='ocrx_word' id='word_1_407' title='bbox 2156 2725 2571 2799; x_wconf 76' lang='grc' dir='ltr'>προσπήξαντες</span> <span class='ocrx_word' id='word_1_408' title='bbox 2596 2723 2787 2785; x_wconf 84' lang='grc' dir='ltr'>τύποις</span> <span class='ocrx_word' id='word_1_409' title='bbox 2813 2762 2827 2785; x_wconf 92' lang='grc'><strong>,</strong></span> <span class='ocrx_word' id='word_1_410' title='bbox 2871 2720 3125 2788; x_wconf 84' lang='grc' dir='ltr'>καθάπερ</span> <span class='ocrx_word' id='word_1_411' title='bbox 3154 2717 3272 2770; x_wconf 76' lang='grc' dir='ltr'>νυνὶ</span> <span class='ocrx_word' id='word_1_412' title='bbox 3294 2758 3309 2781; x_wconf 95' lang='grc'><strong>,</strong></span> <span class='ocrx_word' id='word_1_413' title='bbox 3345 2713 3444 2785; x_wconf 81' lang='grc' dir='ltr'><strong>τὴν</strong></span> <span class='ocrx_word' id='word_1_414' title='bbox 3488 2711 3749 2784; x_wconf 76' lang='grc' dir='ltr'>καρδίαν,</span> 
     </span>
    </p>
   </div>
   <div class='ocr_carea' id='block_1_59' title="bbox 2154 2801 3751 2890">
    <p class='ocr_par' dir='ltr' id='par_1_59' title="bbox 2154 2801 3751 2890">
     <span class='ocr_line' id='line_1_59' title="bbox 2154 2801 3751 2890; baseline -0.012 -18"><span class='ocrx_word' id='word_1_415' title='bbox 2154 2819 2253 2890; x_wconf 82' lang='grc' dir='ltr'>τὴν</span> <span class='ocrx_word' id='word_1_416' title='bbox 2289 2817 2462 2889; x_wconf 84' lang='grc' dir='ltr'>ἀληθῆ</span> <span class='ocrx_word' id='word_1_417' title='bbox 2493 2817 2587 2868; x_wconf 73' lang='grc' dir='ltr'><strong>καὶ</strong></span> <span class='ocrx_word' id='word_1_418' title='bbox 2629 2816 2686 2867; x_wconf 79' lang='grc' dir='ltr'><strong>ἐν</strong></span> <span class='ocrx_word' id='word_1_419' title='bbox 2736 2812 3008 2883; x_wconf 88' lang='grc' dir='ltr'>πνεύματι</span> <span class='ocrx_word' id='word_1_420' title='bbox 3041 2809 3299 2880; x_wconf 86' lang='grc' dir='ltr'>λατρείαν</span> <span class='ocrx_word' id='word_1_421' title='bbox 3328 2801 3751 2877; x_wconf 76' lang='grc' dir='ltr'>καρποφοροῦσι</span> 
     </span>
    </p>
   </div>
   <div class='ocr_carea' id='block_1_60' title="bbox 2154 2898 3751 2976">
    <p class='ocr_par' dir='ltr' id='par_1_60' title="bbox 2154 2898 3751 2976">
     <span class='ocr_line' id='line_1_60' title="bbox 2154 2898 3751 2976; baseline -0.009 -18"><span class='ocrx_word' id='word_1_422' title='bbox 2154 2905 2234 2976; x_wconf 81' lang='grc' dir='ltr'>τῷ</span> <span class='ocrx_word' id='word_1_423' title='bbox 2261 2904 2400 2976; x_wconf 84' lang='grc' dir='ltr'>Θεῷ.</span> <span class='ocrx_word' id='word_1_424' title='bbox 2436 2923 2455 2955; x_wconf 69' lang='grc' dir='ltr'>ι</span> <span class='ocrx_word' id='word_1_425' title='bbox 2493 2902 2719 2974; x_wconf 84' lang='grc' dir='ltr'>Πνεῦμα</span> <span class='ocrx_word' id='word_1_426' title='bbox 2766 2903 2876 2973; x_wconf 79' lang='grc' dir='ltr'><strong>γὰρ</strong></span> <span class='ocrx_word' id='word_1_427' title='bbox 2922 2903 2952 2955; x_wconf 88' lang='grc' dir='ltr'><strong>ὁ</strong></span> <span class='ocrx_word' id='word_1_428' title='bbox 2995 2899 3160 2965; x_wconf 82' lang='grc' dir='ltr'>Θεὸς,</span> <span class='ocrx_word' id='word_1_429' title='bbox 3212 2898 3466 2957; x_wconf 75' lang='grc' dir='ltr'>καὶτοὺς</span> <span class='ocrx_word' id='word_1_430' title='bbox 3496 2910 3751 2965; x_wconf 79' lang='grc' dir='ltr'>προσκυο</span> 
     </span>
    </p>
   </div>
   <div class='ocr_carea' id='block_1_61' title="bbox 2156 2989 3751 3065">
    <p class='ocr_par' dir='ltr' id='par_1_61' title="bbox 2156 2989 3751 3065">
     <span class='ocr_line' id='line_1_61' title="bbox 2156 2989 3751 3065; baseline -0.01 -12"><span class='ocrx_word' id='word_1_431' title='bbox 2156 2998 2382 3061; x_wconf 87' lang='grc' dir='ltr'>νοῦντας</span> <span class='ocrx_word' id='word_1_432' title='bbox 2415 2996 2598 3061; x_wconf 80' lang='grc' dir='ltr'>αὐτὸν,</span> <span class='ocrx_word' id='word_1_433' title='bbox 2628 2997 2685 3049; x_wconf 82' lang='grc' dir='ltr'><strong>ὲν</strong></span> <span class='ocrx_word' id='word_1_434' title='bbox 2713 2994 2989 3065; x_wconf 88' lang='grc' dir='ltr'>πνεύματι</span> <span class='ocrx_word' id='word_1_435' title='bbox 3015 2992 3112 3047; x_wconf 73' lang='grc' dir='ltr'>καὶ</span> <span class='ocrx_word' id='word_1_436' title='bbox 3153 2990 3381 3062; x_wconf 78' lang='grc' dir='ltr'>ἀληθείᾳ</span> <span class='ocrx_word' id='word_1_437' title='bbox 3404 2989 3486 3042; x_wconf 86' lang='grc' dir='ltr'><strong>δεῖ</strong></span> <span class='ocrx_word' id='word_1_438' title='bbox 3507 3004 3751 3058; x_wconf 75' lang='grc' dir='ltr'>προσκυ-</span> 
     </span>
    </p>
   </div>
   <div class='ocr_carea' id='block_1_62' title="bbox 470 3080 2051 3162">
    <p class='ocr_par' dir='ltr' id='par_1_62' title="bbox 470 3084 2051 3157">
     <span class='ocr_line' id='line_1_62' title="bbox 470 3084 2051 3157; baseline 0.001 -19"><span class='ocrx_word' id='word_1_439' title='bbox 470 3084 623 3154; x_wconf 88' lang='lat' dir='ltr'><strong>ipsos</strong></span> <span class='ocrx_word' id='word_1_440' title='bbox 657 3086 967 3155; x_wconf 82' lang='lat' dir='ltr'><strong>exemplum</strong></span> <span class='ocrx_word' id='word_1_441' title='bbox 1003 3086 1355 3142; x_wconf 82' lang='lat' dir='ltr'><strong>credentibus</strong></span> <span class='ocrx_word' id='word_1_442' title='bbox 1390 3087 1445 3141; x_wconf 93' lang='lat' dir='ltr'><strong>in</strong></span> <span class='ocrx_word' id='word_1_443' title='bbox 1479 3084 1760 3140; x_wconf 83' lang='lat' dir='ltr'><strong>Christqu</strong></span> <span class='ocrx_word' id='word_1_444' title='bbox 1805 3087 2051 3157; x_wconf 63' lang='lat' dir='ltr'><strong>praeben-</strong></span> 
     </span>
    </p>
   </div>
   <div class='ocr_carea' id='block_1_63' title="bbox 2157 3080 3755 3162">
    <p class='ocr_par' dir='ltr' id='par_1_63' title="bbox 2157 3080 3755 3159">
     <span class='ocr_line' id='line_1_63' title="bbox 2157 3080 3755 3159; baseline -0.009 -15"><span class='ocrx_word' id='word_1_445' title='bbox 2157 3091 2290 3145; x_wconf 87' lang='grc' dir='ltr'>νεῖν.</span> <span class='ocrx_word' id='word_1_446' title='bbox 2331 3110 2350 3142; x_wconf 75' lang='grc' dir='ltr'><strong>ι</strong></span> <span class='ocrx_word' id='word_1_447' title='bbox 2401 3087 2569 3159; x_wconf 80' lang='grc' dir='ltr'>Ὁμοῦ</span> <span class='ocrx_word' id='word_1_448' title='bbox 2613 3085 2943 3159; x_wconf 82' lang='grc' dir='ltr'>τοιγαροῦν,</span> <span class='ocrx_word' id='word_1_449' title='bbox 2984 3087 3079 3139; x_wconf 78' lang='grc' dir='ltr'><strong>καὶ</strong></span> <span class='ocrx_word' id='word_1_450' title='bbox 3120 3085 3230 3138; x_wconf 83' lang='grc' dir='ltr'><strong>τῶν</strong></span> <span class='ocrx_word' id='word_1_451' title='bbox 3280 3082 3581 3155; x_wconf 80' lang='grc' dir='ltr'>μελλόντων</span> <span class='ocrx_word' id='word_1_452' title='bbox 3630 3080 3755 3131; x_wconf 78' lang='grc' dir='ltr'><strong>διιιι⁴</strong></span> 
     </span>
    </p>
   </div>
   <div class='ocr_carea' id='block_1_64' title="bbox 472 3175 2057 3246">
    <p class='ocr_par' dir='ltr' id='par_1_64' title="bbox 472 3175 2057 3246">
     <span class='ocr_line' id='line_1_64' title="bbox 472 3175 2057 3246; baseline 0.003 -17"><span class='ocrx_word' id='word_1_453' title='bbox 472 3185 578 3230; x_wconf 88' lang='lat' dir='ltr'><strong>tes.</strong></span> <span class='ocrx_word' id='word_1_454' title='bbox 612 3175 891 3246; x_wconf 92' lang='lat' dir='ltr'><strong>Scriptum</strong></span> <span class='ocrx_word' id='word_1_455' title='bbox 920 3176 1066 3231; x_wconf 86' lang='lat' dir='ltr'><strong>enim</strong></span> <span class='ocrx_word' id='word_1_456' title='bbox 1095 3184 1181 3232; x_wconf 90' lang='lat' dir='ltr'><strong>est</strong></span> <span class='ocrx_word' id='word_1_457' title='bbox 1218 3177 1287 3232; x_wconf 88' lang='lat' dir='ltr'><strong>de</strong></span> <span class='ocrx_word' id='word_1_458' title='bbox 1312 3178 1543 3242; x_wconf 87' lang='lat' dir='ltr'><strong>sanctis,</strong></span> <span class='ocrx_word' id='word_1_459' title='bbox 1574 3178 1783 3232; x_wconf 82' lang='lat' dir='ltr'><strong>exitum</strong></span> <span class='ocrx_word' id='word_1_460' title='bbox 1821 3194 2057 3234; x_wconf 90' lang='lat' dir='ltr'><strong>conver-</strong></span> 
     </span>
    </p>
   </div>
   <div class='ocr_carea' id='block_1_65' title="bbox 472 3268 2056 3351">
    <p class='ocr_par' dir='ltr' id='par_1_65' title="bbox 472 3268 2056 3351">
     <span class='ocr_line' id='line_1_65' title="bbox 472 3268 2056 3351; baseline 0.003 -30"><span class='ocrx_word' id='word_1_461' title='bbox 472 3268 706 3322; x_wconf 88' lang='lat' dir='ltr'><strong>sationis</strong></span> <span class='ocrx_word' id='word_1_462' title='bbox 737 3269 906 3341; x_wconf 69' lang='grc'><strong>874</strong></span> <span class='ocrx_word' id='word_1_463' title='bbox 938 3285 1128 3324; x_wconf 90' lang='lat' dir='ltr'><strong>eorum</strong></span> <span class='ocrx_word' id='word_1_464' title='bbox 1183 3285 1307 3351; x_wconf 86' lang='lat' dir='ltr'><strong>esse</strong></span> <span class='ocrx_word' id='word_1_465' title='bbox 1352 3270 1740 3341; x_wconf 91' lang='lat' dir='ltr'><strong>spectandum,</strong></span> <span class='ocrx_word' id='word_1_466' title='bbox 1786 3281 1842 3326; x_wconf 88' lang='lat' dir='ltr'><strong>et</strong></span> <span class='ocrx_word' id='word_1_467' title='bbox 1893 3271 2056 3327; x_wconf 81' lang='lat' dir='ltr'><strong>ﬁdem</strong></span> 
     </span>
    </p>
   </div>
   <div class='ocr_carea' id='block_1_66' title="bbox 473 3359 2058 3419">
    <p class='ocr_par' dir='ltr' id='par_1_66' title="bbox 473 3359 2058 3419">
     <span class='ocr_line' id='line_1_66' title="bbox 473 3359 2058 3419; baseline 0.003 -7"><span class='ocrx_word' id='word_1_468' title='bbox 473 3359 797 3415; x_wconf 81' lang='lat' dir='ltr'><strong>imitandam</strong></span> <span class='ocrx_word' id='word_1_469' title='bbox 826 3362 915 3419; x_wconf 83' lang='lat'><strong>&quot;‘.</strong></span> <span class='ocrx_word' id='word_1_470' title='bbox 949 3360 1154 3417; x_wconf 88' lang='lat' dir='ltr'><strong>Paulus</strong></span> <span class='ocrx_word' id='word_1_471' title='bbox 1178 3370 1361 3418; x_wconf 89' lang='lat' dir='ltr'><strong>autem</strong></span> <span class='ocrx_word' id='word_1_472' title='bbox 1391 3362 1555 3417; x_wconf 87' lang='lat' dir='ltr'><strong>etiam</strong></span> <span class='ocrx_word' id='word_1_473' title='bbox 1591 3362 1661 3417; x_wconf 91' lang='lat' dir='ltr'><strong>ad</strong></span> <span class='ocrx_word' id='word_1_474' title='bbox 1693 3362 2058 3418; x_wconf 86' lang='lat' dir='ltr'><strong>imitationem</strong></span> 
     </span>
    </p>
   </div>
   <div class='ocr_carea' id='block_1_67' title="bbox 474 3449 1330 3521">
    <p class='ocr_par' dir='ltr' id='par_1_67' title="bbox 474 3449 1330 3521">
     <span class='ocr_line' id='line_1_67' title="bbox 474 3449 1330 3521; baseline 0.006 -20"><span class='ocrx_word' id='word_1_475' title='bbox 474 3450 560 3502; x_wconf 85' lang='lat' dir='ltr'><strong>sui</strong></span> <span class='ocrx_word' id='word_1_476' title='bbox 588 3449 777 3506; x_wconf 88' lang='lat' dir='ltr'><strong>ﬁdeles</strong></span> <span class='ocrx_word' id='word_1_477' title='bbox 803 3452 1006 3521; x_wconf 77' lang='lat' dir='ltr'><strong>sa-pius</strong></span> <span class='ocrx_word' id='word_1_478' title='bbox 1037 3453 1234 3507; x_wconf 81' lang='lat' dir='ltr'><strong>invitat</strong></span> <span class='ocrx_word' id='word_1_479' title='bbox 1260 3454 1330 3506; x_wconf 78' lang='grc'><strong>³³.</strong></span> 
     </span>
    </p>
   </div>
   <div class='ocr_carea' id='block_1_68' title="bbox 2154 3171 3752 3254">
    <p class='ocr_par' dir='ltr' id='par_1_68' title="bbox 2154 3171 3752 3254">
     <span class='ocr_line' id='line_1_68' title="bbox 2154 3171 3752 3254; baseline -0.008 -18"><span class='ocrx_word' id='word_1_480' title='bbox 2154 3181 2602 3254; x_wconf 87' lang='grc' dir='ltr'>καθαρθήσεσθαι</span> <span class='ocrx_word' id='word_1_481' title='bbox 2642 3180 2833 3249; x_wconf 79' lang='grc' dir='ltr'>σαφῶς</span> <span class='ocrx_word' id='word_1_482' title='bbox 2864 3178 3105 3233; x_wconf 85' lang='grc' dir='ltr'>δεικνύει</span> <span class='ocrx_word' id='word_1_483' title='bbox 3151 3177 3212 3231; x_wconf 85' lang='grc' dir='ltr'>τὸ</span> <span class='ocrx_word' id='word_1_484' title='bbox 3242 3177 3499 3246; x_wconf 79' lang='grc' dir='ltr'>ἐσόμενον</span> <span class='ocrx_word' id='word_1_485' title='bbox 3543 3171 3752 3233; x_wconf 80' lang='grc' dir='ltr'>κάλλος</span> 
     </span>
    </p>
   </div>
   <div class='ocr_carea' id='block_1_69' title="bbox 2153 3264 3753 3346">
    <p class='ocr_par' dir='ltr' id='par_1_69' title="bbox 2153 3264 3753 3346">
     <span class='ocr_line' id='line_1_69' title="bbox 2153 3264 3753 3346; baseline -0.011 -15"><span class='ocrx_word' id='word_1_486' title='bbox 2153 3278 2229 3342; x_wconf 88' lang='grc' dir='ltr'>ὼς</span> <span class='ocrx_word' id='word_1_487' title='bbox 2253 3278 2309 3330; x_wconf 80' lang='grc' dir='ltr'><strong>ὲν</strong></span> <span class='ocrx_word' id='word_1_488' title='bbox 2333 3276 2699 3346; x_wconf 85' lang='grc' dir='ltr'>ὑποδείγματι</span> <span class='ocrx_word' id='word_1_489' title='bbox 2728 3276 2843 3336; x_wconf 86' lang='grc' dir='ltr'>τοῖς</span> <span class='ocrx_word' id='word_1_490' title='bbox 2873 3270 3067 3326; x_wconf 79' lang='grc' dir='ltr'>ἑαυτοῦ</span> <span class='ocrx_word' id='word_1_491' title='bbox 3094 3270 3383 3342; x_wconf 77' lang='grc' dir='ltr'>μαθηταῖς,</span> <span class='ocrx_word' id='word_1_492' title='bbox 3416 3266 3510 3320; x_wconf 69' lang='grc' dir='ltr'><strong>καὶ</strong></span> <span class='ocrx_word' id='word_1_493' title='bbox 3542 3264 3753 3325; x_wconf 75' lang='grc' dir='ltr'>αὐτοὺς</span> 
     </span>
    </p>
   </div>
   <div class='ocr_carea' id='block_1_70' title="bbox 2154 3356 3752 3439">
    <p class='ocr_par' dir='ltr' id='par_1_70' title="bbox 2154 3356 3752 3439">
     <span class='ocr_line' id='line_1_70' title="bbox 2154 3356 3752 3439; baseline -0.011 -16"><span class='ocrx_word' id='word_1_494' title='bbox 2154 3369 2213 3423; x_wconf 81' lang='grc' dir='ltr'>δὲ</span> <span class='ocrx_word' id='word_1_495' title='bbox 2260 3368 2522 3439; x_wconf 76' lang='grc' dir='ltr'>μειζόνως</span> <span class='ocrx_word' id='word_1_496' title='bbox 2564 3365 3002 3437; x_wconf 82' lang='grc' dir='ltr'>παραθαρσύνει,</span> <span class='ocrx_word' id='word_1_497' title='bbox 3048 3365 3186 3434; x_wconf 83' lang='grc' dir='ltr'>πρὸς</span> <span class='ocrx_word' id='word_1_498' title='bbox 3216 3360 3482 3431; x_wconf 80' lang='grc' dir='ltr'>ἀνάληψιν</span> <span class='ocrx_word' id='word_1_499' title='bbox 3508 3358 3613 3426; x_wconf 84' lang='grc' dir='ltr'><strong>τῆς</strong></span> <span class='ocrx_word' id='word_1_500' title='bbox 3665 3356 3752 3408; x_wconf 79' lang='grc' dir='ltr'>ἔτι</span> 
     </span>
    </p>
   </div>
   <div class='ocr_carea' id='block_1_71' title="bbox 2159 3445 3756 3531">
    <p class='ocr_par' dir='ltr' id='par_1_71' title="bbox 2159 3445 3756 3531">
     <span class='ocr_line' id='line_1_71' title="bbox 2159 3445 3756 3531; baseline -0.009 -20"><span class='ocrx_word' id='word_1_501' title='bbox 2159 3459 2567 3531; x_wconf 83' lang='grc' dir='ltr'>πλουσιωτέρας</span> <span class='ocrx_word' id='word_1_502' title='bbox 2589 3457 2818 3530; x_wconf 78' lang='grc' dir='ltr'>ἀρετῆς,</span> <span class='ocrx_word' id='word_1_503' title='bbox 2836 3457 2938 3510; x_wconf 79' lang='grc' dir='ltr'><strong>οὐκ</strong></span> <span class='ocrx_word' id='word_1_504' title='bbox 2966 3456 3181 3509; x_wconf 92' lang='grc' dir='ltr'>εἰκαίαν</span> <span class='ocrx_word' id='word_1_505' title='bbox 3209 3454 3389 3514; x_wconf 85' lang='grc' dir='ltr'>αὐτοῖς</span> <span class='ocrx_word' id='word_1_506' title='bbox 3409 3445 3756 3519; x_wconf 82' lang='grc' dir='ltr'>γεγενῆσθαι</span> 
     </span>
    </p>
   </div>
   <div class='ocr_carea' id='block_1_72' title="bbox 470 3538 3754 3616">
    <p class='ocr_par' dir='ltr' id='par_1_72' title="bbox 470 3538 3754 3616">
     <span class='ocr_line' id='line_1_72' title="bbox 470 3538 3754 3616; baseline -0.007 -4"><span class='ocrx_word' id='word_1_507' title='bbox 470 3540 571 3612; x_wconf 71' lang='grc' dir='ltr'><strong>τὴν</strong></span> <span class='ocrx_word' id='word_1_508' title='bbox 596 3543 957 3613; x_wconf 78' lang='grc' dir='ltr'>προσεδρείαν</span> <span class='ocrx_word' id='word_1_509' title='bbox 980 3583 994 3604; x_wconf 74' lang='grc' dir='ltr'><strong>ν</strong></span> <span class='ocrx_word' id='word_1_510' title='bbox 1022 3544 1118 3596; x_wconf 71' lang='grc' dir='ltr'>καὶ</span> <span class='ocrx_word' id='word_1_511' title='bbox 1145 3542 1243 3614; x_wconf 80' lang='grc' dir='ltr'><strong>τὴν</strong></span> <span class='ocrx_word' id='word_1_512' title='bbox 1271 3544 1337 3597; x_wconf 73' lang='grc' dir='ltr'>ἐκ</span> <span class='ocrx_word' id='word_1_513' title='bbox 1367 3543 1466 3613; x_wconf 79' lang='grc' dir='ltr'>τῆς</span> <span class='ocrx_word' id='word_1_514' title='bbox 1496 3545 1873 3616; x_wconf 80' lang='grc' dir='ltr'>γεγενημένης</span> <span class='ocrx_word' id='word_1_515' title='bbox 1927 3544 2281 3612; x_wconf 87' lang='grc' dir='ltr'>διδασκαλίας</span> <span class='ocrx_word' id='word_1_516' title='bbox 2327 3548 2617 3615; x_wconf 81' lang='grc' dir='ltr'>ἀποδείξας</span> <span class='ocrx_word' id='word_1_517' title='bbox 2660 3547 2943 3601; x_wconf 86' lang='grc' dir='ltr'>παίδευσιν</span> <span class='ocrx_word' id='word_1_518' title='bbox 2964 3584 2979 3608; x_wconf 94' lang='grc'><strong>,</strong></span> <span class='ocrx_word' id='word_1_519' title='bbox 3037 3541 3399 3611; x_wconf 83' lang='grc' dir='ltr'>εύαγγελικῆς</span> <span class='ocrx_word' id='word_1_520' title='bbox 3457 3538 3516 3593; x_wconf 80' lang='grc' dir='ltr'>δὲ</span> <span class='ocrx_word' id='word_1_521' title='bbox 3552 3538 3754 3607; x_wconf 61' lang='grc' dir='ltr'><strong>δῆλον⁹</strong></span> 
     </span>
    </p>
   </div>
   <div class='ocr_carea' id='block_1_73' title="bbox 475 3632 3754 3714">
    <p class='ocr_par' dir='ltr' id='par_1_73' title="bbox 475 3632 3754 3714">
     <span class='ocr_line' id='line_1_73' title="bbox 475 3632 3754 3714; baseline -0.002 -24"><span class='ocrx_word' id='word_1_522' title='bbox 475 3638 563 3690; x_wconf 91' lang='grc' dir='ltr'><strong>ότι</strong></span> <span class='ocrx_word' id='word_1_523' title='bbox 594 3636 797 3707; x_wconf 83' lang='grc' dir='ltr'>φαμὲν,</span> <span class='ocrx_word' id='word_1_524' title='bbox 855 3637 920 3690; x_wconf 91' lang='grc' dir='ltr'>δι’</span> <span class='ocrx_word' id='word_1_525' title='bbox 966 3632 1035 3709; x_wconf 80' lang='grc' dir='ltr'>ἦς</span> <span class='ocrx_word' id='word_1_526' title='bbox 1067 3636 1293 3708; x_wconf 78' lang='grc' dir='ltr'>ἔμελλον</span> <span class='ocrx_word' id='word_1_527' title='bbox 1337 3638 1494 3691; x_wconf 75' lang='grc' dir='ltr'>αὐτοὶ</span> <span class='ocrx_word' id='word_1_528' title='bbox 1525 3640 1653 3703; x_wconf 74' lang='grc' dir='ltr'>τοὺς</span> <span class='ocrx_word' id='word_1_529' title='bbox 1698 3640 1845 3694; x_wconf 86' lang='grc' dir='ltr'><strong>κατά</strong></span> <span class='ocrx_word' id='word_1_530' title='bbox 1878 3642 2061 3695; x_wconf 79' lang='grc' dir='ltr'>πᾶσαν</span> <span class='ocrx_word' id='word_1_531' title='bbox 2098 3641 2259 3706; x_wconf 75' lang='grc' dir='ltr'>ὄντας</span> <span class='ocrx_word' id='word_1_532' title='bbox 2295 3644 2514 3714; x_wconf 83' lang='grc' dir='ltr'>ὀνήσειν</span> <span class='ocrx_word' id='word_1_533' title='bbox 2545 3643 2644 3712; x_wconf 80' lang='grc' dir='ltr'><strong>τὴν</strong></span> <span class='ocrx_word' id='word_1_534' title='bbox 2672 3640 3028 3713; x_wconf 77' lang='grc' dir='ltr'>οἰκουμένην,</span> <span class='ocrx_word' id='word_1_535' title='bbox 3052 3639 3283 3701; x_wconf 76' lang='grc' dir='ltr'>ἑαυτοὺς</span> <span class='ocrx_word' id='word_1_536' title='bbox 3319 3638 3399 3700; x_wconf 90' lang='grc' dir='ltr'><strong>εἰς</strong></span> <span class='ocrx_word' id='word_1_537' title='bbox 3457 3633 3754 3688; x_wconf 79' lang='grc' dir='ltr'>ὑποτύπω-</span> 
     </span>
    </p>
   </div>
   <div class='ocr_carea' id='block_1_74' title="bbox 476 3727 3746 3807">
    <p class='ocr_par' dir='ltr' id='par_1_74' title="bbox 476 3727 3746 3807">
     <span class='ocr_line' id='line_1_74' title="bbox 476 3727 3746 3807; baseline 0 -27"><span class='ocrx_word' id='word_1_538' title='bbox 476 3744 562 3781; x_wconf 90' lang='grc' dir='ltr'><strong>σιν</strong></span> <span class='ocrx_word' id='word_1_539' title='bbox 627 3731 742 3792; x_wconf 84' lang='grc' dir='ltr'>τοῖς</span> <span class='ocrx_word' id='word_1_540' title='bbox 796 3730 877 3792; x_wconf 78' lang='grc' dir='ltr'><strong>είς</strong></span> <span class='ocrx_word' id='word_1_541' title='bbox 936 3730 1172 3802; x_wconf 81' lang='grc' dir='ltr'>Χριστὸν</span> <span class='ocrx_word' id='word_1_542' title='bbox 1213 3730 1532 3784; x_wconf 88' lang='grc' dir='ltr'>πιστεύουσι</span> <span class='ocrx_word' id='word_1_543' title='bbox 1581 3733 1969 3804; x_wconf 80' lang='grc' dir='ltr'>παρεχόμενοι.</span> <span class='ocrx_word' id='word_1_544' title='bbox 2018 3734 2333 3806; x_wconf 78' lang='grc' dir='ltr'>Γέγραπται</span> <span class='ocrx_word' id='word_1_545' title='bbox 2387 3737 2496 3807; x_wconf 89' lang='grc' dir='ltr'>γὰρ</span> <span class='ocrx_word' id='word_1_546' title='bbox 2543 3736 2673 3807; x_wconf 76' lang='grc' dir='ltr'>περὶ</span> <span class='ocrx_word' id='word_1_547' title='bbox 2719 3734 2829 3788; x_wconf 84' lang='grc' dir='ltr'><strong>τῶν</strong></span> <span class='ocrx_word' id='word_1_548' title='bbox 2889 3733 3104 3803; x_wconf 82' lang='grc' dir='ltr'>ἁγίων,</span> <span class='ocrx_word' id='word_1_549' title='bbox 3162 3731 3239 3795; x_wconf 81' lang='grc' dir='ltr'>ὡς</span> <span class='ocrx_word' id='word_1_550' title='bbox 3293 3731 3564 3801; x_wconf 81' lang='grc' dir='ltr'>προσήκει</span> <span class='ocrx_word' id='word_1_551' title='bbox 3637 3727 3746 3798; x_wconf 79' lang='grc' dir='ltr'>μὲν</span> 
     </span>
    </p>
   </div>
   <div class='ocr_carea' id='block_1_75' title="bbox 476 3818 3754 3899">
    <p class='ocr_par' dir='ltr' id='par_1_75' title="bbox 476 3818 3754 3899">
     <span class='ocr_line' id='line_1_75' title="bbox 476 3818 3754 3899; baseline 0.001 -27"><span class='ocrx_word' id='word_1_552' title='bbox 476 3818 656 3872; x_wconf 81' lang='grc' dir='ltr'>αὐτῶν</span> <span class='ocrx_word' id='word_1_553' title='bbox 682 3819 1017 3891; x_wconf 82' lang='grc' dir='ltr'>ἀναθεωρεῖν</span> <span class='ocrx_word' id='word_1_554' title='bbox 1040 3820 1137 3890; x_wconf 81' lang='grc' dir='ltr'><strong>τὴν</strong></span> <span class='ocrx_word' id='word_1_555' title='bbox 1160 3821 1387 3875; x_wconf 76' lang='grc' dir='ltr'>ἔκϐασιν</span> <span class='ocrx_word' id='word_1_556' title='bbox 1417 3823 1517 3892; x_wconf 86' lang='grc' dir='ltr'><strong>τῆς</strong></span> <span class='ocrx_word' id='word_1_557' title='bbox 1548 3825 1919 3895; x_wconf 85' lang='grc' dir='ltr'>ἀναστροφῆς.</span> <span class='ocrx_word' id='word_1_558' title='bbox 1963 3828 2057 3879; x_wconf 68' lang='grc' dir='ltr'><strong>καὶ</strong></span> <span class='ocrx_word' id='word_1_559' title='bbox 2094 3827 2264 3899; x_wconf 78' lang='grc' dir='ltr'>αὐτὴν</span> <span class='ocrx_word' id='word_1_560' title='bbox 2290 3828 2346 3880; x_wconf 82' lang='grc' dir='ltr'>δὲ</span> <span class='ocrx_word' id='word_1_561' title='bbox 2378 3826 2665 3898; x_wconf 87' lang='grc' dir='ltr'>μιμεῖσθαι</span> <span class='ocrx_word' id='word_1_562' title='bbox 2699 3826 2798 3898; x_wconf 78' lang='grc' dir='ltr'><strong>τὴν</strong></span> <span class='ocrx_word' id='word_1_563' title='bbox 2840 3826 3046 3879; x_wconf 85' lang='grc' dir='ltr'>πίστιν.</span> <span class='ocrx_word' id='word_1_564' title='bbox 3086 3822 3311 3877; x_wconf 85' lang='grc' dir='ltr'>Ἑαυτοῦ</span> <span class='ocrx_word' id='word_1_565' title='bbox 3375 3822 3433 3876; x_wconf 81' lang='grc' dir='ltr'>δὲ</span> <span class='ocrx_word' id='word_1_566' title='bbox 3493 3821 3754 3885; x_wconf 86' lang='grc' dir='ltr'>γίνεσθαι</span> 
     </span>
    </p>
   </div>
   <div class='ocr_carea' id='block_1_76' title="bbox 478 3914 2329 3991">
    <p class='ocr_par' dir='ltr' id='par_1_76' title="bbox 478 3914 2329 3991">
     <span class='ocr_line' id='line_1_76' title="bbox 478 3914 2329 3991; baseline 0.006 -26"><span class='ocrx_word' id='word_1_567' title='bbox 478 3914 725 3984; x_wconf 86' lang='grc' dir='ltr'>μιμητὰς</span> <span class='ocrx_word' id='word_1_568' title='bbox 760 3918 886 3980; x_wconf 87' lang='grc' dir='ltr'>τοὺς</span> <span class='ocrx_word' id='word_1_569' title='bbox 912 3917 990 3987; x_wconf 83' lang='grc' dir='ltr'>τῷ</span> <span class='ocrx_word' id='word_1_570' title='bbox 1031 3916 1151 3987; x_wconf 82' lang='grc' dir='ltr'><strong>Θεῷ</strong></span> <span class='ocrx_word' id='word_1_571' title='bbox 1176 3916 1544 3988; x_wconf 77' lang='grc' dir='ltr'>λατρεύοντας</span> <span class='ocrx_word' id='word_1_572' title='bbox 1574 3919 1877 3991; x_wconf 78' lang='grc' dir='ltr'>προτρέπει</span> <span class='ocrx_word' id='word_1_573' title='bbox 1907 3921 2001 3973; x_wconf 73' lang='grc' dir='ltr'><strong>καὶ</strong></span> <span class='ocrx_word' id='word_1_574' title='bbox 2035 3923 2062 3973; x_wconf 82' lang='grc' dir='ltr'>ὁ</span> <span class='ocrx_word' id='word_1_575' title='bbox 2102 3921 2329 3985; x_wconf 88' lang='grc' dir='ltr'>Παῦλος.</span> 
     </span>
    </p>
   </div>
   <div class='ocr_carea' id='block_1_77' title="bbox 549 4002 2057 4081">
    <p class='ocr_par' dir='ltr' id='par_1_77' title="bbox 549 4002 2057 4081">
     <span class='ocr_line' id='line_1_77' title="bbox 549 4002 2057 4081; baseline 0.005 -23"><span class='ocrx_word' id='word_1_576' title='bbox 549 4002 667 4071; x_wconf 81' lang='lat' dir='ltr'><strong>XV,</strong></span> <span class='ocrx_word' id='word_1_577' title='bbox 707 4006 763 4060; x_wconf 68' lang='grc'><strong>4.</strong></span> <span class='ocrx_word' id='word_1_578' title='bbox 794 4006 1004 4062; x_wconf 81' lang='lat' dir='ltr'><strong>Manete</strong></span> <span class='ocrx_word' id='word_1_579' title='bbox 1040 4009 1093 4061; x_wconf 84' lang='lat' dir='ltr'><strong>in</strong></span> <span class='ocrx_word' id='word_1_580' title='bbox 1127 4025 1226 4072; x_wconf 82' lang='lat' dir='ltr'><strong>me,</strong></span> <span class='ocrx_word' id='word_1_581' title='bbox 1258 4018 1308 4063; x_wconf 85' lang='lat' dir='ltr'><strong>et</strong></span> <span class='ocrx_word' id='word_1_582' title='bbox 1340 4026 1434 4080; x_wconf 88' lang='lat' dir='ltr'><strong>ego</strong></span> <span class='ocrx_word' id='word_1_583' title='bbox 1470 4011 1524 4063; x_wconf 85' lang='lat' dir='ltr'><strong>in</strong></span> <span class='ocrx_word' id='word_1_584' title='bbox 1554 4010 1722 4065; x_wconf 77' lang='lat' dir='ltr'><strong>vobis.</strong></span> <span class='ocrx_word' id='word_1_585' title='bbox 1763 4011 2057 4081; x_wconf 80' lang='lat' dir='ltr'><strong>Sicutpal-</strong></span> 
     </span>
    </p>
   </div>
   <div class='ocr_carea' id='block_1_78' title="bbox 476 4099 2056 4169">
    <p class='ocr_par' dir='ltr' id='par_1_78' title="bbox 476 4099 2056 4169">
     <span class='ocr_line' id='line_1_78' title="bbox 476 4099 2056 4169; baseline 0.004 -18"><span class='ocrx_word' id='word_1_586' title='bbox 476 4114 583 4152; x_wconf 78' lang='lat' dir='ltr'><strong>mes</strong></span> <span class='ocrx_word' id='word_1_587' title='bbox 610 4114 715 4151; x_wconf 83' lang='lat' dir='ltr'><strong>non</strong></span> <span class='ocrx_word' id='word_1_588' title='bbox 741 4107 912 4165; x_wconf 81' lang='lat' dir='ltr'><strong>potest</strong></span> <span class='ocrx_word' id='word_1_589' title='bbox 933 4099 1072 4168; x_wconf 75' lang='lat' dir='ltr'><strong>ferre</strong></span> <span class='ocrx_word' id='word_1_590' title='bbox 1101 4099 1334 4169; x_wconf 75' lang='lat' dir='ltr'><strong>fructum</strong></span> <span class='ocrx_word' id='word_1_591' title='bbox 1363 4118 1395 4153; x_wconf 89' lang='lat' dir='ltr'><strong>a</strong></span> <span class='ocrx_word' id='word_1_592' title='bbox 1440 4103 1740 4169; x_wconf 76' lang='lat' dir='ltr'><strong>semetipso,</strong></span> <span class='ocrx_word' id='word_1_593' title='bbox 1770 4104 1877 4157; x_wconf 84' lang='lat' dir='ltr'><strong>nisi</strong></span> <span class='ocrx_word' id='word_1_594' title='bbox 1906 4121 2056 4157; x_wconf 85' lang='lat' dir='ltr'><strong>man-</strong></span> 
     </span>
    </p>
   </div>
   <div class='ocr_carea' id='block_1_79' title="bbox 475 4190 1913 4258">
    <p class='ocr_par' dir='ltr' id='par_1_79' title="bbox 475 4190 1913 4258">
     <span class='ocr_line' id='line_1_79' title="bbox 475 4190 1913 4258; baseline 0.006 -16"><span class='ocrx_word' id='word_1_595' title='bbox 475 4190 603 4243; x_wconf 75' lang='lat' dir='ltr'><strong>serit</strong></span> <span class='ocrx_word' id='word_1_596' title='bbox 627 4191 683 4245; x_wconf 83' lang='lat' dir='ltr'><strong>in</strong></span> <span class='ocrx_word' id='word_1_597' title='bbox 715 4190 817 4245; x_wconf 79' lang='lat' dir='ltr'><strong>vite</strong></span> <span class='ocrx_word' id='word_1_598' title='bbox 840 4233 855 4256; x_wconf 89' lang='lat'><strong>,</strong></span> <span class='ocrx_word' id='word_1_599' title='bbox 877 4192 953 4245; x_wconf 81' lang='lat' dir='ltr'><strong>sic</strong></span> <span class='ocrx_word' id='word_1_600' title='bbox 976 4208 1069 4245; x_wconf 85' lang='lat' dir='ltr'><strong>nec</strong></span> <span class='ocrx_word' id='word_1_601' title='bbox 1106 4210 1215 4258; x_wconf 76' lang='lat' dir='ltr'><strong>vos,</strong></span> <span class='ocrx_word' id='word_1_602' title='bbox 1252 4196 1359 4249; x_wconf 77' lang='lat' dir='ltr'><strong>nisi</strong></span> <span class='ocrx_word' id='word_1_603' title='bbox 1388 4195 1441 4248; x_wconf 86' lang='lat' dir='ltr'><strong>in</strong></span> <span class='ocrx_word' id='word_1_604' title='bbox 1474 4211 1555 4249; x_wconf 84' lang='lat' dir='ltr'><strong>me</strong></span> <span class='ocrx_word' id='word_1_605' title='bbox 1586 4197 1913 4250; x_wconf 77' lang='lat' dir='ltr'><strong>manseritis.</strong></span> 
     </span>
    </p>
   </div>
   <div class='ocr_carea' id='block_1_80' title="bbox 551 4369 2061 4444">
    <p class='ocr_par' dir='ltr' id='par_1_80' title="bbox 551 4369 2061 4444">
     <span class='ocr_line' id='line_1_80' title="bbox 551 4369 2061 4444; baseline 0.003 -22"><span class='ocrx_word' id='word_1_606' title='bbox 551 4369 763 4426; x_wconf 76' lang='lat' dir='ltr'><strong>Rursus</strong></span> <span class='ocrx_word' id='word_1_607' title='bbox 787 4379 1043 4425; x_wconf 86' lang='lat' dir='ltr'><strong>accurate</strong></span> <span class='ocrx_word' id='word_1_608' title='bbox 1078 4372 1257 4426; x_wconf 90' lang='lat' dir='ltr'><strong>locum</strong></span> <span class='ocrx_word' id='word_1_609' title='bbox 1293 4373 1440 4427; x_wconf 89' lang='lat' dir='ltr'><strong>hunc</strong></span> <span class='ocrx_word' id='word_1_610' title='bbox 1467 4372 1869 4444; x_wconf 89' lang='lat' dir='ltr'><strong>perpendentes</strong></span> <span class='ocrx_word' id='word_1_611' title='bbox 1891 4388 2061 4444; x_wconf 86' lang='lat' dir='ltr'><strong>agno-</strong></span> 
     </span>
    </p>
   </div>
   <div class='ocr_carea' id='block_1_81' title="bbox 481 4463 2057 4534">
    <p class='ocr_par' dir='ltr' id='par_1_81' title="bbox 481 4463 2057 4534">
     <span class='ocr_line' id='line_1_81' title="bbox 481 4463 2057 4534; baseline 0.003 -17"><span class='ocrx_word' id='word_1_612' title='bbox 481 4479 701 4518; x_wconf 86' lang='lat' dir='ltr'><strong>scemus</strong></span> <span class='ocrx_word' id='word_1_613' title='bbox 739 4463 976 4533; x_wconf 88' lang='lat' dir='ltr'><strong>primum</strong></span> <span class='ocrx_word' id='word_1_614' title='bbox 1018 4478 1158 4533; x_wconf 87' lang='lat' dir='ltr'><strong>opus</strong></span> <span class='ocrx_word' id='word_1_615' title='bbox 1189 4464 1455 4521; x_wconf 87' lang='lat' dir='ltr'><strong>salutaris</strong></span> <span class='ocrx_word' id='word_1_616' title='bbox 1485 4480 1550 4518; x_wconf 93' lang='lat' dir='ltr'><strong>ac</strong></span> <span class='ocrx_word' id='word_1_617' title='bbox 1581 4466 1684 4534; x_wconf 51' lang='lat' dir='ltr'><strong>pia).</strong></span> <span class='ocrx_word' id='word_1_618' title='bbox 1732 4481 1881 4521; x_wconf 72' lang='lat' dir='ltr'><strong>curae</strong></span> <span class='ocrx_word' id='word_1_619' title='bbox 1912 4481 2057 4529; x_wconf 89' lang='lat' dir='ltr'><strong>esse,</strong></span> 
     </span>
    </p>
   </div>
   <div class='ocr_carea' id='block_1_82' title="bbox 482 4553 2057 4628">
    <p class='ocr_par' dir='ltr' id='par_1_82' title="bbox 482 4553 2057 4628">
     <span class='ocr_line' id='line_1_82' title="bbox 482 4553 2057 4628; baseline 0.003 -21"><span class='ocrx_word' id='word_1_620' title='bbox 482 4570 577 4625; x_wconf 89' lang='lat' dir='ltr'><strong>per</strong></span> <span class='ocrx_word' id='word_1_621' title='bbox 604 4553 766 4609; x_wconf 86' lang='lat' dir='ltr'><strong>Iidem</strong></span> <span class='ocrx_word' id='word_1_622' title='bbox 824 4554 1101 4609; x_wconf 86' lang='lat' dir='ltr'><strong>sinceram</strong></span> <span class='ocrx_word' id='word_1_623' title='bbox 1137 4570 1203 4609; x_wconf 89' lang='lat' dir='ltr'><strong>ac</strong></span> <span class='ocrx_word' id='word_1_624' title='bbox 1233 4571 1422 4611; x_wconf 88' lang='lat' dir='ltr'><strong>veram</strong></span> <span class='ocrx_word' id='word_1_625' title='bbox 1468 4571 1497 4609; x_wconf 91' lang='lat' dir='ltr'><strong>a</strong></span> <span class='ocrx_word' id='word_1_626' title='bbox 1547 4554 1772 4611; x_wconf 87' lang='lat' dir='ltr'><strong>Christo</strong></span> <span class='ocrx_word' id='word_1_627' title='bbox 1828 4558 2057 4628; x_wconf 91' lang='lat' dir='ltr'><strong>suscipi.</strong></span> 
     </span>
    </p>
   </div>
   <div class='ocr_carea' id='block_1_83' title="bbox 484 4646 2060 4720">
    <p class='ocr_par' dir='ltr' id='par_1_83' title="bbox 484 4646 2060 4720">
     <span class='ocr_line' id='line_1_83' title="bbox 484 4646 2060 4720; baseline 0.003 -19"><span class='ocrx_word' id='word_1_628' title='bbox 484 4646 602 4701; x_wconf 73' lang='lat' dir='ltr'><strong>lioc</strong></span> <span class='ocrx_word' id='word_1_629' title='bbox 644 4648 792 4703; x_wconf 88' lang='lat' dir='ltr'><strong>enim</strong></span> <span class='ocrx_word' id='word_1_630' title='bbox 847 4655 932 4703; x_wconf 89' lang='lat' dir='ltr'><strong>est</strong></span> <span class='ocrx_word' id='word_1_631' title='bbox 972 4649 1187 4702; x_wconf 87' lang='lat' dir='ltr'><strong>censeri</strong></span> <span class='ocrx_word' id='word_1_632' title='bbox 1238 4648 1456 4703; x_wconf 92' lang='lat' dir='ltr'><strong>demum</strong></span> <span class='ocrx_word' id='word_1_633' title='bbox 1499 4652 1641 4704; x_wconf 87' lang='lat' dir='ltr'><strong>inter</strong></span> <span class='ocrx_word' id='word_1_634' title='bbox 1677 4650 1932 4719; x_wconf 90' lang='lat' dir='ltr'><strong>palmites</strong></span> <span class='ocrx_word' id='word_1_635' title='bbox 1967 4651 2060 4720; x_wconf 91' lang='lat' dir='ltr'><strong>qui</strong></span> 
     </span>
    </p>
   </div>
   <div class='ocr_carea' id='block_1_84' title="bbox 478 4739 2061 4802">
    <p class='ocr_par' dir='ltr' id='par_1_84' title="bbox 478 4739 2061 4802">
     <span class='ocr_line' id='line_1_84' title="bbox 478 4739 2061 4802; baseline 0.001 -8"><span class='ocrx_word' id='word_1_636' title='bbox 478 4753 623 4794; x_wconf 63' lang='lat' dir='ltr'><strong>verm</strong></span> <span class='ocrx_word' id='word_1_637' title='bbox 645 4741 765 4802; x_wconf 86' lang='lat' dir='ltr'><strong>viti,</strong></span> <span class='ocrx_word' id='word_1_638' title='bbox 798 4740 854 4793; x_wconf 90' lang='lat' dir='ltr'><strong>id</strong></span> <span class='ocrx_word' id='word_1_639' title='bbox 885 4750 968 4795; x_wconf 86' lang='lat' dir='ltr'><strong>est</strong></span> <span class='ocrx_word' id='word_1_640' title='bbox 995 4739 1218 4795; x_wconf 88' lang='lat' dir='ltr'><strong>Christo</strong></span> <span class='ocrx_word' id='word_1_641' title='bbox 1247 4741 1549 4797; x_wconf 76' lang='lat' dir='ltr'><strong>adlucreut.</strong></span> <span class='ocrx_word' id='word_1_642' title='bbox 1583 4741 1853 4798; x_wconf 61' lang='lat' dir='ltr'><strong>Secunda?</strong></span> <span class='ocrx_word' id='word_1_643' title='bbox 1881 4752 2061 4798; x_wconf 82' lang='lat' dir='ltr'><strong>autem</strong></span> 
     </span>
    </p>
   </div>
   <div class='ocr_carea' id='block_1_85' title="bbox 477 4830 2060 4905">
    <p class='ocr_par' dir='ltr' id='par_1_85' title="bbox 477 4830 2060 4905">
     <span class='ocr_line' id='line_1_85' title="bbox 477 4830 2060 4905; baseline 0.004 -22"><span class='ocrx_word' id='word_1_644' title='bbox 477 4846 625 4885; x_wconf 69' lang='lat' dir='ltr'><strong>curae</strong></span> <span class='ocrx_word' id='word_1_645' title='bbox 658 4830 895 4885; x_wconf 76' lang='lat' dir='ltr'><strong>fructum</strong></span> <span class='ocrx_word' id='word_1_646' title='bbox 931 4847 1055 4886; x_wconf 86' lang='lat' dir='ltr'><strong>esse</strong></span> <span class='ocrx_word' id='word_1_647' title='bbox 1080 4847 1223 4899; x_wconf 91' lang='lat' dir='ltr'><strong>reor,</strong></span> <span class='ocrx_word' id='word_1_648' title='bbox 1252 4834 1405 4887; x_wconf 90' lang='lat' dir='ltr'><strong>nullo</strong></span> <span class='ocrx_word' id='word_1_649' title='bbox 1437 4834 1601 4888; x_wconf 87' lang='lat' dir='ltr'><strong>modo</strong></span> <span class='ocrx_word' id='word_1_650' title='bbox 1644 4836 1818 4905; x_wconf 90' lang='lat' dir='ltr'><strong>prima</strong></span> <span class='ocrx_word' id='word_1_651' title='bbox 1850 4836 1942 4889; x_wconf 88' lang='lat' dir='ltr'><strong>illa</strong></span> <span class='ocrx_word' id='word_1_652' title='bbox 1977 4836 2060 4890; x_wconf 88' lang='lat' dir='ltr'><strong>in-</strong></span> 
     </span>
    </p>
   </div>
   <div class='ocr_carea' id='block_1_86' title="bbox 478 4923 2062 4997">
    <p class='ocr_par' dir='ltr' id='par_1_86' title="bbox 478 4923 2062 4997">
     <span class='ocr_line' id='line_1_86' title="bbox 478 4923 2062 4997; baseline 0.004 -22"><span class='ocrx_word' id='word_1_653' title='bbox 478 4923 757 4986; x_wconf 73' lang='lat' dir='ltr'><strong>feriorem,</strong></span> <span class='ocrx_word' id='word_1_654' title='bbox 798 4923 910 4978; x_wconf 91' lang='lat' dir='ltr'><strong>imo</strong></span> <span class='ocrx_word' id='word_1_655' title='bbox 953 4924 1218 4992; x_wconf 87' lang='lat' dir='ltr'><strong>majorem</strong></span> <span class='ocrx_word' id='word_1_656' title='bbox 1273 4926 1700 4981; x_wconf 86' lang='lat' dir='ltr'><strong>sollicitudinem</strong></span> <span class='ocrx_word' id='word_1_657' title='bbox 1768 4927 1823 4981; x_wconf 93' lang='lat' dir='ltr'><strong>in</strong></span> <span class='ocrx_word' id='word_1_658' title='bbox 1878 4927 2062 4997; x_wconf 84' lang='lat' dir='ltr'><strong>seipso</strong></span> 
     </span>
    </p>
   </div>
   <div class='ocr_carea' id='block_1_87' title="bbox 474 5014 2062 5076">
    <p class='ocr_par' dir='ltr' id='par_1_87' title="bbox 474 5014 2062 5076">
     <span class='ocr_line' id='line_1_87' title="bbox 474 5014 2062 5076; baseline 0.003 -7"><span class='ocrx_word' id='word_1_659' title='bbox 474 5014 877 5076; x_wconf 86' lang='lat' dir='ltr'><strong>continentem,</strong></span> <span class='ocrx_word' id='word_1_660' title='bbox 920 5015 1205 5070; x_wconf 66' lang='lat' dir='ltr'><strong>adhaerere</strong></span> <span class='ocrx_word' id='word_1_661' title='bbox 1253 5016 1512 5070; x_wconf 87' lang='lat' dir='ltr'><strong>nimirum</strong></span> <span class='ocrx_word' id='word_1_662' title='bbox 1555 5034 1621 5072; x_wconf 88' lang='lat' dir='ltr'><strong>ac</strong></span> <span class='ocrx_word' id='word_1_663' title='bbox 1663 5017 1894 5073; x_wconf 87' lang='lat' dir='ltr'><strong>ﬁrmiter</strong></span> <span class='ocrx_word' id='word_1_664' title='bbox 1929 5036 2062 5074; x_wconf 86' lang='lat' dir='ltr'><strong>con-</strong></span> 
     </span>
    </p>
   </div>
   <div class='ocr_carea' id='block_1_88' title="bbox 470 5106 2062 5180">
    <p class='ocr_par' dir='ltr' id='par_1_88' title="bbox 470 5106 2062 5180">
     <span class='ocr_line' id='line_1_88' title="bbox 470 5106 2062 5180; baseline 0.004 -21"><span class='ocrx_word' id='word_1_665' title='bbox 470 5107 629 5177; x_wconf 85' lang='lat' dir='ltr'><strong>jungi</strong></span> <span class='ocrx_word' id='word_1_666' title='bbox 658 5106 768 5163; x_wconf 88' lang='lat' dir='ltr'><strong>Deo</strong></span> <span class='ocrx_word' id='word_1_667' title='bbox 802 5123 903 5177; x_wconf 91' lang='lat' dir='ltr'><strong>per</strong></span> <span class='ocrx_word' id='word_1_668' title='bbox 929 5108 1257 5162; x_wconf 87' lang='lat' dir='ltr'><strong>charitatem</strong></span> <span class='ocrx_word' id='word_1_669' title='bbox 1288 5124 1601 5179; x_wconf 90' lang='lat' dir='ltr'><strong>operosam,</strong></span> <span class='ocrx_word' id='word_1_670' title='bbox 1632 5127 1754 5180; x_wconf 66' lang='lat' dir='ltr'><strong>quae</strong></span> <span class='ocrx_word' id='word_1_671' title='bbox 1784 5113 1962 5166; x_wconf 89' lang='lat' dir='ltr'><strong>sancti</strong></span> <span class='ocrx_word' id='word_1_672' title='bbox 1998 5128 2062 5166; x_wconf 90' lang='lat' dir='ltr'><strong>ac</strong></span> 
     </span>
    </p>
   </div>
   <div class='ocr_carea' id='block_1_89' title="bbox 479 5198 2061 5269">
    <p class='ocr_par' dir='ltr' id='par_1_89' title="bbox 479 5198 2061 5269">
     <span class='ocr_line' id='line_1_89' title="bbox 479 5198 2061 5269; baseline 0.004 -16"><span class='ocrx_word' id='word_1_673' title='bbox 479 5199 651 5253; x_wconf 85' lang='lat' dir='ltr'><strong>divini</strong></span> <span class='ocrx_word' id='word_1_674' title='bbox 677 5198 921 5253; x_wconf 86' lang='lat' dir='ltr'><strong>mandati</strong></span> <span class='ocrx_word' id='word_1_675' title='bbox 947 5198 1338 5269; x_wconf 81' lang='lat' dir='ltr'><strong>perfectionem</strong></span> <span class='ocrx_word' id='word_1_676' title='bbox 1363 5201 1633 5256; x_wconf 89' lang='lat' dir='ltr'><strong>continet.</strong></span> <span class='ocrx_word' id='word_1_677' title='bbox 1654 5203 1767 5256; x_wconf 87' lang='lat' dir='ltr'><strong>Hoc</strong></span> <span class='ocrx_word' id='word_1_678' title='bbox 1789 5205 1933 5258; x_wconf 86' lang='lat' dir='ltr'><strong>enim</strong></span> <span class='ocrx_word' id='word_1_679' title='bbox 1960 5220 2061 5259; x_wconf 88' lang='lat' dir='ltr'><strong>nos</strong></span> 
     </span>
    </p>
   </div>
   <div class='ocr_carea' id='block_1_90' title="bbox 478 5288 2051 5364">
    <p class='ocr_par' dir='ltr' id='par_1_90' title="bbox 478 5288 2051 5364">
     <span class='ocr_line' id='line_1_90' title="bbox 478 5288 2051 5364; baseline 0.006 -23"><span class='ocrx_word' id='word_1_680' title='bbox 478 5289 533 5342; x_wconf 94' lang='lat' dir='ltr'><strong>in</strong></span> <span class='ocrx_word' id='word_1_681' title='bbox 571 5304 637 5342; x_wconf 89' lang='lat' dir='ltr'><strong>eo</strong></span> <span class='ocrx_word' id='word_1_682' title='bbox 676 5288 955 5343; x_wconf 89' lang='lat' dir='ltr'><strong>indivulse</strong></span> <span class='ocrx_word' id='word_1_683' title='bbox 997 5292 1271 5345; x_wconf 82' lang='lat' dir='ltr'><strong>exsistere</strong></span> <span class='ocrx_word' id='word_1_684' title='bbox 1308 5298 1364 5345; x_wconf 88' lang='lat' dir='ltr'><strong>et</strong></span> <span class='ocrx_word' id='word_1_685' title='bbox 1404 5292 1672 5347; x_wconf 65' lang='lat' dir='ltr'><strong>inhaerere</strong></span> <span class='ocrx_word' id='word_1_686' title='bbox 1709 5295 1861 5359; x_wconf 83' lang='lat' dir='ltr'><strong>facit,</strong></span> <span class='ocrx_word' id='word_1_687' title='bbox 1894 5296 2051 5364; x_wconf 78' lang='lat' dir='ltr'><strong>juxta</strong></span> 
     </span>
    </p>
   </div>
   <div class='ocr_carea' id='block_1_91' title="bbox 472 5378 2046 5457">
    <p class='ocr_par' dir='ltr' id='par_1_91' title="bbox 472 5378 2046 5457">
     <span class='ocr_line' id='line_1_91' title="bbox 472 5378 2046 5457; baseline 0.004 -24"><span class='ocrx_word' id='word_1_688' title='bbox 472 5378 605 5434; x_wconf 91' lang='lat' dir='ltr'><strong>illud</strong></span> <span class='ocrx_word' id='word_1_689' title='bbox 625 5378 933 5436; x_wconf 66' lang='lat' dir='ltr'><strong>Psalmistae</strong></span> <span class='ocrx_word' id='word_1_690' title='bbox 960 5399 973 5434; x_wconf 92' lang='lat'>:</span> <span class='ocrx_word' id='word_1_691' title='bbox 1007 5401 1025 5432; x_wconf 77' lang='grc' dir='ltr'><strong>ι</strong></span> <span class='ocrx_word' id='word_1_692' title='bbox 1053 5382 1297 5437; x_wconf 64' lang='lat' dir='ltr'><strong>Adhaesit</strong></span> <span class='ocrx_word' id='word_1_693' title='bbox 1326 5384 1509 5438; x_wconf 82' lang='lat' dir='ltr'><strong>aniiua</strong></span> <span class='ocrx_word' id='word_1_694' title='bbox 1544 5400 1663 5457; x_wconf 77' lang='lat' dir='ltr'><strong>mea</strong></span> <span class='ocrx_word' id='word_1_695' title='bbox 1697 5397 1820 5456; x_wconf 90' lang='lat' dir='ltr'><strong>post</strong></span> <span class='ocrx_word' id='word_1_696' title='bbox 1850 5396 1903 5441; x_wconf 85' lang='lat' dir='ltr'><strong>te</strong></span> <span class='ocrx_word' id='word_1_697' title='bbox 1926 5389 2046 5441; x_wconf 71' lang='grc' dir='ltr'><strong>η’.»</strong></span> 
     </span>
    </p>
   </div>
   <div class='ocr_carea' id='block_1_92' title="bbox 471 5469 2048 5545">
    <p class='ocr_par' dir='ltr' id='par_1_92' title="bbox 471 5469 2048 5545">
     <span class='ocr_line' id='line_1_92' title="bbox 471 5469 2048 5545; baseline 0.004 -21"><span class='ocrx_word' id='word_1_698' title='bbox 471 5469 590 5530; x_wconf 79' lang='lat' dir='ltr'><strong>Non</strong></span> <span class='ocrx_word' id='word_1_699' title='bbox 628 5471 863 5527; x_wconf 80' lang='lat' dir='ltr'><strong>sulﬁciet</strong></span> <span class='ocrx_word' id='word_1_700' title='bbox 893 5474 1058 5545; x_wconf 89' lang='lat' dir='ltr'><strong>igitur</strong></span> <span class='ocrx_word' id='word_1_701' title='bbox 1087 5473 1247 5529; x_wconf 90' lang='lat' dir='ltr'><strong>nobis</strong></span> <span class='ocrx_word' id='word_1_702' title='bbox 1295 5474 1362 5529; x_wconf 91' lang='lat' dir='ltr'><strong>ad</strong></span> <span class='ocrx_word' id='word_1_703' title='bbox 1395 5472 1629 5530; x_wconf 89' lang='lat' dir='ltr'><strong>solidam</strong></span> <span class='ocrx_word' id='word_1_704' title='bbox 1662 5477 1832 5530; x_wconf 89' lang='lat' dir='ltr'><strong>animi</strong></span> <span class='ocrx_word' id='word_1_705' title='bbox 1896 5485 2048 5532; x_wconf 87' lang='lat' dir='ltr'><strong>tran-</strong></span> 
     </span>
    </p>
   </div>
   <div class='ocr_carea' id='block_1_93' title="bbox 471 5560 2045 5639">
    <p class='ocr_par' dir='ltr' id='par_1_93' title="bbox 471 5560 2045 5639">
     <span class='ocr_line' id='line_1_93' title="bbox 471 5560 2045 5639; baseline 0.004 -24"><span class='ocrx_word' id='word_1_706' title='bbox 471 5560 794 5630; x_wconf 86' lang='lat' dir='ltr'><strong>quillitatem</strong></span> <span class='ocrx_word' id='word_1_707' title='bbox 826 5569 880 5617; x_wconf 88' lang='lat' dir='ltr'><strong>et</strong></span> <span class='ocrx_word' id='word_1_708' title='bbox 901 5563 1261 5634; x_wconf 90' lang='lat' dir='ltr'><strong>voluptatem,</strong></span> <span class='ocrx_word' id='word_1_709' title='bbox 1296 5565 1414 5621; x_wconf 91' lang='lat' dir='ltr'><strong>sive</strong></span> <span class='ocrx_word' id='word_1_710' title='bbox 1448 5565 1518 5639; x_wconf 86' lang='lat' dir='ltr'><strong>ad</strong></span> <span class='ocrx_word' id='word_1_711' title='bbox 1549 5565 2045 5623; x_wconf 89' lang='lat' dir='ltr'><strong>sanctiﬁcationem</strong></span> 
     </span>
    </p>
   </div>
   <div class='ocr_carea' id='block_1_94' title="bbox 2233 4007 3757 4084">
    <p class='ocr_par' dir='ltr' id='par_1_94' title="bbox 2233 4007 3757 4084">
     <span class='ocr_line' id='line_1_94' title="bbox 2233 4007 3757 4084; baseline -0.007 -14"><span class='ocrx_word' id='word_1_712' title='bbox 2233 4016 2490 4070; x_wconf 81' lang='grc' dir='ltr'>Μείνατε</span> <span class='ocrx_word' id='word_1_713' title='bbox 2539 4015 2609 4068; x_wconf 82' lang='grc' dir='ltr'><strong>ἐν</strong></span> <span class='ocrx_word' id='word_1_714' title='bbox 2651 4014 2781 4084; x_wconf 78' lang='grc' dir='ltr'>ἐμοὶ</span> <span class='ocrx_word' id='word_1_715' title='bbox 2808 4053 2823 4079; x_wconf 88' lang='grc'><strong>,</strong></span> <span class='ocrx_word' id='word_1_716' title='bbox 2876 4012 3038 4081; x_wconf 77' lang='grc' dir='ltr'>κάγὼ</span> <span class='ocrx_word' id='word_1_717' title='bbox 3086 4011 3155 4064; x_wconf 82' lang='grc' dir='ltr'><strong>ἐν</strong></span> <span class='ocrx_word' id='word_1_718' title='bbox 3204 4008 3366 4079; x_wconf 82' lang='grc' dir='ltr'><strong>ὑμῖν.</strong></span> <span class='ocrx_word' id='word_1_719' title='bbox 3416 4007 3625 4073; x_wconf 80' lang='grc' dir='ltr'>Καθὼς</span> <span class='ocrx_word' id='word_1_720' title='bbox 3678 4008 3757 4060; x_wconf 82' lang='grc' dir='ltr'>τὸ</span> 
     </span>
    </p>
   </div>
   <div class='ocr_carea' id='block_1_95' title="bbox 2164 4100 3754 4176">
    <p class='ocr_par' dir='ltr' id='par_1_95' title="bbox 2164 4100 3754 4176">
     <span class='ocr_line' id='line_1_95' title="bbox 2164 4100 3754 4176; baseline -0.005 -16"><span class='ocrx_word' id='word_1_721' title='bbox 2164 4105 2371 4176; x_wconf 76' lang='grc' dir='ltr'>κλῆμα</span> <span class='ocrx_word' id='word_1_722' title='bbox 2418 4108 2490 4161; x_wconf 87' lang='grc' dir='ltr'>οὐ</span> <span class='ocrx_word' id='word_1_723' title='bbox 2529 4105 2781 4160; x_wconf 82' lang='grc' dir='ltr'>δύναται</span> <span class='ocrx_word' id='word_1_724' title='bbox 2832 4105 3038 4175; x_wconf 74' lang='grc' dir='ltr'>φέρειν</span> <span class='ocrx_word' id='word_1_725' title='bbox 3086 4103 3321 4171; x_wconf 64' lang='grc' dir='ltr'>καρπὸν</span> <span class='ocrx_word' id='word_1_726' title='bbox 3362 4100 3463 4170; x_wconf 69' lang='grc' dir='ltr'>ἀφ’</span> <span class='ocrx_word' id='word_1_727' title='bbox 3501 4100 3754 4162; x_wconf 79' lang='grc' dir='ltr'>ἑαυτοῦ,</span> 
     </span>
    </p>
   </div>
   <div class='ocr_carea' id='block_1_96' title="bbox 2164 4191 3753 4270">
    <p class='ocr_par' dir='ltr' id='par_1_96' title="bbox 2164 4191 3753 4270">
     <span class='ocr_line' id='line_1_96' title="bbox 2164 4191 3753 4270; baseline -0.005 -18"><span class='ocrx_word' id='word_1_728' title='bbox 2164 4198 2273 4252; x_wconf 80' lang='grc' dir='ltr'><strong>ἐὰν</strong></span> <span class='ocrx_word' id='word_1_729' title='bbox 2304 4198 2389 4270; x_wconf 82' lang='grc' dir='ltr'>μὴ</span> <span class='ocrx_word' id='word_1_730' title='bbox 2414 4200 2594 4268; x_wconf 81' lang='grc' dir='ltr'>μείνῃ</span> <span class='ocrx_word' id='word_1_731' title='bbox 2626 4199 2697 4253; x_wconf 80' lang='grc' dir='ltr'><strong>ἐν</strong></span> <span class='ocrx_word' id='word_1_732' title='bbox 2726 4198 2802 4267; x_wconf 74' lang='grc' dir='ltr'>τῇ</span> <span class='ocrx_word' id='word_1_733' title='bbox 2839 4197 3090 4267; x_wconf 77' lang='grc' dir='ltr'>ἀμπέλῳ</span> <span class='ocrx_word' id='word_1_734' title='bbox 3112 4237 3127 4261; x_wconf 93' lang='grc'><strong>,</strong></span> <span class='ocrx_word' id='word_1_735' title='bbox 3159 4196 3350 4263; x_wconf 82' lang='grc' dir='ltr'>οὕτως</span> <span class='ocrx_word' id='word_1_736' title='bbox 3377 4192 3521 4248; x_wconf 79' lang='grc' dir='ltr'>οὐδὲ</span> <span class='ocrx_word' id='word_1_737' title='bbox 3548 4191 3753 4261; x_wconf 77' lang='grc' dir='ltr'>ὑμεῖς,</span> 
     </span>
    </p>
   </div>
   <div class='ocr_carea' id='block_1_97' title="bbox 2164 4290 2948 4361">
    <p class='ocr_par' dir='ltr' id='par_1_97' title="bbox 2164 4290 2948 4361">
     <span class='ocr_line' id='line_1_97' title="bbox 2164 4290 2948 4361; baseline 0 -16"><span class='ocrx_word' id='word_1_738' title='bbox 2164 4290 2273 4345; x_wconf 79' lang='grc' dir='ltr'><strong>ἐὰν</strong></span> <span class='ocrx_word' id='word_1_739' title='bbox 2305 4290 2388 4361; x_wconf 79' lang='grc' dir='ltr'>μὴ</span> <span class='ocrx_word' id='word_1_740' title='bbox 2428 4292 2499 4344; x_wconf 78' lang='grc' dir='ltr'><strong>ἐν</strong></span> <span class='ocrx_word' id='word_1_741' title='bbox 2530 4290 2660 4360; x_wconf 73' lang='grc' dir='ltr'>ἐμοὶ</span> <span class='ocrx_word' id='word_1_742' title='bbox 2683 4292 2948 4360; x_wconf 78' lang='grc' dir='ltr'>μείνητε.</span> 
     </span>
    </p>
   </div>
   <div class='ocr_carea' id='block_1_98' title="bbox 2237 4378 3756 4453">
    <p class='ocr_par' dir='ltr' id='par_1_98' title="bbox 2237 4378 3756 4453">
     <span class='ocr_line' id='line_1_98' title="bbox 2237 4378 3756 4453; baseline -0.005 -18"><span class='ocrx_word' id='word_1_743' title='bbox 2237 4383 2510 4453; x_wconf 83' lang='grc' dir='ltr'>Εἰσόμεθα</span> <span class='ocrx_word' id='word_1_744' title='bbox 2534 4383 2717 4448; x_wconf 81' lang='grc' dir='ltr'>πάλιν,</span> <span class='ocrx_word' id='word_1_745' title='bbox 2750 4384 2845 4437; x_wconf 75' lang='grc' dir='ltr'><strong>καὶ</strong></span> <span class='ocrx_word' id='word_1_746' title='bbox 2877 4382 2967 4437; x_wconf 75' lang='grc' dir='ltr'>διὰ</span> <span class='ocrx_word' id='word_1_747' title='bbox 2994 4382 3094 4452; x_wconf 89' lang='grc' dir='ltr'><strong>τῆς</strong></span> <span class='ocrx_word' id='word_1_748' title='bbox 3128 4383 3183 4434; x_wconf 79' lang='grc' dir='ltr'><strong>ὲν</strong></span> <span class='ocrx_word' id='word_1_749' title='bbox 3215 4384 3330 4445; x_wconf 85' lang='grc' dir='ltr'>τοῖς</span> <span class='ocrx_word' id='word_1_750' title='bbox 3355 4378 3756 4451; x_wconf 81' lang='grc' dir='ltr'>προκειμένοις</span> 
     </span>
    </p>
   </div>
   <div class='ocr_carea' id='block_1_99' title="bbox 2164 4469 3755 4547">
    <p class='ocr_par' dir='ltr' id='par_1_99' title="bbox 2164 4469 3755 4547">
     <span class='ocr_line' id='line_1_99' title="bbox 2164 4469 3755 4547; baseline -0.004 -19"><span class='ocrx_word' id='word_1_751' title='bbox 2164 4475 2426 4546; x_wconf 72' lang='grc' dir='ltr'>ἀκριϐοῦς</span> <span class='ocrx_word' id='word_1_752' title='bbox 2467 4475 2722 4547; x_wconf 85' lang='grc' dir='ltr'>θεωρίας,</span> <span class='ocrx_word' id='word_1_753' title='bbox 2764 4477 2840 4539; x_wconf 79' lang='grc' dir='ltr'>ὡς</span> <span class='ocrx_word' id='word_1_754' title='bbox 2870 4476 2975 4546; x_wconf 82' lang='grc' dir='ltr'>ἄρα</span> <span class='ocrx_word' id='word_1_755' title='bbox 3018 4476 3138 4528; x_wconf 81' lang='grc' dir='ltr'><strong>ἐστί</strong></span> <span class='ocrx_word' id='word_1_756' title='bbox 3178 4473 3393 4543; x_wconf 86' lang='grc' dir='ltr'>πρῶτον</span> <span class='ocrx_word' id='word_1_757' title='bbox 3437 4472 3535 4543; x_wconf 74' lang='grc' dir='ltr'>μὲν</span> <span class='ocrx_word' id='word_1_758' title='bbox 3586 4469 3755 4543; x_wconf 70' lang='grc' dir='ltr'>ἔργον</span> 
     </span>
    </p>
   </div>
   <div class='ocr_carea' id='block_1_100' title="bbox 2144 4561 3753 4637">
    <p class='ocr_par' dir='ltr' id='par_1_100' title="bbox 2144 4561 3753 4637">
     <span class='ocr_line' id='line_1_100' title="bbox 2144 4561 3753 4637; baseline -0.006 -17"><span class='ocrx_word' id='word_1_759' title='bbox 2144 4566 2402 4637; x_wconf 51' lang='grc' dir='ltr'>ῢπουδῆς</span> <span class='ocrx_word' id='word_1_760' title='bbox 2443 4569 2746 4636; x_wconf 85' lang='grc' dir='ltr'>ἀναγκαίας</span> <span class='ocrx_word' id='word_1_761' title='bbox 2800 4568 2897 4620; x_wconf 77' lang='grc' dir='ltr'><strong>καὶ</strong></span> <span class='ocrx_word' id='word_1_762' title='bbox 2946 4564 3263 4636; x_wconf 84' lang='grc' dir='ltr'>θεοφιλοῦς,</span> <span class='ocrx_word' id='word_1_763' title='bbox 3311 4564 3374 4617; x_wconf 80' lang='grc' dir='ltr'>τὸ</span> <span class='ocrx_word' id='word_1_764' title='bbox 3400 4561 3753 4633; x_wconf 80' lang='grc' dir='ltr'>εἰσδεχθῆναι</span> 
     </span>
    </p>
   </div>
   <div class='ocr_carea' id='block_1_101' title="bbox 2161 4652 3751 4729">
    <p class='ocr_par' dir='ltr' id='par_1_101' title="bbox 2161 4652 3751 4729">
     <span class='ocr_line' id='line_1_101' title="bbox 2161 4652 3751 4729; baseline -0.004 -17"><span class='ocrx_word' id='word_1_765' title='bbox 2161 4659 2251 4713; x_wconf 88' lang='grc' dir='ltr'><strong>διά</strong></span> <span class='ocrx_word' id='word_1_766' title='bbox 2296 4660 2394 4729; x_wconf 87' lang='grc' dir='ltr'><strong>τῆς</strong></span> <span class='ocrx_word' id='word_1_767' title='bbox 2444 4660 2681 4722; x_wconf 85' lang='grc' dir='ltr'>πίστεως</span> <span class='ocrx_word' id='word_1_768' title='bbox 2727 4659 2829 4729; x_wconf 86' lang='grc' dir='ltr'><strong>τῆς</strong></span> <span class='ocrx_word' id='word_1_769' title='bbox 2887 4656 3213 4728; x_wconf 84' lang='grc' dir='ltr'>εἰλικρινοῦς</span> <span class='ocrx_word' id='word_1_770' title='bbox 3268 4674 3328 4710; x_wconf 89' lang='grc' dir='ltr'><strong>τε</strong></span> <span class='ocrx_word' id='word_1_771' title='bbox 3383 4656 3477 4708; x_wconf 86' lang='grc' dir='ltr'><strong>καί</strong></span> <span class='ocrx_word' id='word_1_772' title='bbox 3508 4652 3751 4724; x_wconf 83' lang='grc' dir='ltr'>ἀληθοῦς</span> 
     </span>
    </p>
   </div>
   <div class='ocr_carea' id='block_1_102' title="bbox 2163 4743 3753 4820">
    <p class='ocr_par' dir='ltr' id='par_1_102' title="bbox 2163 4743 3753 4820">
     <span class='ocr_line' id='line_1_102' title="bbox 2163 4743 3753 4820; baseline -0.003 -19"><span class='ocrx_word' id='word_1_773' title='bbox 2163 4748 2315 4820; x_wconf 85' lang='grc' dir='ltr'><strong>παρά</strong></span> <span class='ocrx_word' id='word_1_774' title='bbox 2358 4748 2619 4820; x_wconf 90' lang='grc' dir='ltr'>Χριστοῦ.</span> <span class='ocrx_word' id='word_1_775' title='bbox 2670 4749 2833 4802; x_wconf 72' lang='grc' dir='ltr'>Τουτὶ</span> <span class='ocrx_word' id='word_1_776' title='bbox 2872 4748 2983 4819; x_wconf 86' lang='grc' dir='ltr'>γὰρ</span> <span class='ocrx_word' id='word_1_777' title='bbox 3028 4746 3094 4800; x_wconf 85' lang='grc' dir='ltr'>ἂν</span> <span class='ocrx_word' id='word_1_778' title='bbox 3149 4746 3237 4817; x_wconf 77' lang='grc' dir='ltr'><strong>εἴη</strong></span> <span class='ocrx_word' id='word_1_779' title='bbox 3284 4744 3345 4799; x_wconf 84' lang='grc' dir='ltr'><strong>τὸ</strong></span> <span class='ocrx_word' id='word_1_780' title='bbox 3388 4743 3753 4815; x_wconf 77' lang='grc' dir='ltr'>ἀριθμεῖσθαι</span> 
     </span>
    </p>
   </div>
   <div class='ocr_carea' id='block_1_103' title="bbox 2162 4837 3749 4912">
    <p class='ocr_par' dir='ltr' id='par_1_103' title="bbox 2162 4837 3749 4912">
     <span class='ocr_line' id='line_1_103' title="bbox 2162 4837 3749 4912; baseline -0.003 -20"><span class='ocrx_word' id='word_1_781' title='bbox 2162 4839 2347 4893; x_wconf 83' lang='grc' dir='ltr'>λοιπὸν</span> <span class='ocrx_word' id='word_1_782' title='bbox 2377 4843 2435 4894; x_wconf 80' lang='grc' dir='ltr'><strong>ὲν</strong></span> <span class='ocrx_word' id='word_1_783' title='bbox 2465 4840 2708 4912; x_wconf 82' lang='grc' dir='ltr'>κλήμασι</span> <span class='ocrx_word' id='word_1_784' title='bbox 2739 4842 2852 4903; x_wconf 88' lang='grc' dir='ltr'>τοῖς</span> <span class='ocrx_word' id='word_1_785' title='bbox 2884 4842 2951 4911; x_wconf 80' lang='grc' dir='ltr'>τῇ</span> <span class='ocrx_word' id='word_1_786' title='bbox 2978 4839 3211 4911; x_wconf 79' lang='grc' dir='ltr'>ἀμπέλῳ</span> <span class='ocrx_word' id='word_1_787' title='bbox 3237 4837 3651 4910; x_wconf 82' lang='grc' dir='ltr'>προσπεφυκόσι</span> <span class='ocrx_word' id='word_1_788' title='bbox 3676 4840 3749 4907; x_wconf 80' lang='grc' dir='ltr'>τῇ</span> 
     </span>
    </p>
   </div>
   <div class='ocr_carea' id='block_1_104' title="bbox 2160 4926 3747 5005">
    <p class='ocr_par' dir='ltr' id='par_1_104' title="bbox 2160 4926 3747 5005">
     <span class='ocr_line' id='line_1_104' title="bbox 2160 4926 3747 5005; baseline -0.003 -18"><span class='ocrx_word' id='word_1_789' title='bbox 2160 4932 2430 5004; x_wconf 80' lang='grc' dir='ltr'>ἀληθινῇ,</span> <span class='ocrx_word' id='word_1_790' title='bbox 2494 4935 2642 5003; x_wconf 76' lang='grc' dir='ltr'>φημὶ</span> <span class='ocrx_word' id='word_1_791' title='bbox 2697 4933 2761 5005; x_wconf 80' lang='grc' dir='ltr'>δὴ</span> <span class='ocrx_word' id='word_1_792' title='bbox 2816 4932 3061 5003; x_wconf 78' lang='grc' dir='ltr'>Χριστῷ.</span> <span class='ocrx_word' id='word_1_793' title='bbox 3124 4931 3392 5004; x_wconf 83' lang='grc' dir='ltr'>Δευτέρας</span> <span class='ocrx_word' id='word_1_794' title='bbox 3435 4931 3517 4992; x_wconf 80' lang='grc' dir='ltr'><strong>δὲ,</strong></span> <span class='ocrx_word' id='word_1_795' title='bbox 3565 4926 3747 5001; x_wconf 78' lang='grc' dir='ltr'>οἶμαι.</span> 
     </span>
    </p>
   </div>
   <div class='ocr_carea' id='block_1_105' title="bbox 2162 5020 3750 5095">
    <p class='ocr_par' dir='ltr' id='par_1_105' title="bbox 2162 5020 3750 5095">
     <span class='ocr_line' id='line_1_105' title="bbox 2162 5020 3750 5095; baseline -0.003 -19"><span class='ocrx_word' id='word_1_796' title='bbox 2162 5023 2442 5095; x_wconf 80' lang='grc' dir='ltr'>φροντίδος</span> <span class='ocrx_word' id='word_1_797' title='bbox 2468 5022 2684 5094; x_wconf 80' lang='grc' dir='ltr'>καρπὸς</span> <span class='ocrx_word' id='word_1_798' title='bbox 2706 5065 2719 5088; x_wconf 92' lang='grc'><strong>,</strong></span> <span class='ocrx_word' id='word_1_799' title='bbox 2753 5023 2873 5076; x_wconf 82' lang='grc' dir='ltr'>κατ’</span> <span class='ocrx_word' id='word_1_800' title='bbox 2905 5022 3098 5076; x_wconf 78' lang='grc' dir='ltr'>οὐδένα</span> <span class='ocrx_word' id='word_1_801' title='bbox 3135 5022 3336 5094; x_wconf 86' lang='grc' dir='ltr'>τρόπον</span> <span class='ocrx_word' id='word_1_802' title='bbox 3381 5023 3480 5090; x_wconf 82' lang='grc' dir='ltr'><strong>τῆς</strong></span> <span class='ocrx_word' id='word_1_803' title='bbox 3519 5020 3750 5093; x_wconf 76' lang='grc' dir='ltr'>πρώτης</span> 
     </span>
    </p>
   </div>
   <div class='ocr_carea' id='block_1_106' title="bbox 2165 5114 3746 5186">
    <p class='ocr_par' dir='ltr' id='par_1_106' title="bbox 2165 5114 3746 5186">
     <span class='ocr_line' id='line_1_106' title="bbox 2165 5114 3746 5186; baseline 0 -19"><span class='ocrx_word' id='word_1_804' title='bbox 2165 5115 2653 5185; x_wconf 87' lang='grc' dir='ltr'>μειονεκτούμενος</span> <span class='ocrx_word' id='word_1_805' title='bbox 2672 5156 2687 5181; x_wconf 95' lang='grc'><strong>,</strong></span> <span class='ocrx_word' id='word_1_806' title='bbox 2736 5115 2935 5186; x_wconf 86' lang='grc' dir='ltr'>μᾶλλον</span> <span class='ocrx_word' id='word_1_807' title='bbox 2965 5115 3023 5169; x_wconf 85' lang='grc' dir='ltr'>δὲ</span> <span class='ocrx_word' id='word_1_808' title='bbox 3055 5114 3457 5184; x_wconf 82' lang='grc' dir='ltr'>συντονωτέραν</span> <span class='ocrx_word' id='word_1_809' title='bbox 3488 5114 3627 5183; x_wconf 83' lang='grc' dir='ltr'>ἔχων</span> <span class='ocrx_word' id='word_1_810' title='bbox 3657 5115 3746 5182; x_wconf 72' lang='grc' dir='ltr'><strong>ἐφ’</strong></span> 
     </span>
    </p>
   </div>
   <div class='ocr_carea' id='block_1_107' title="bbox 2160 5205 3752 5280">
    <p class='ocr_par' dir='ltr' id='par_1_107' title="bbox 2160 5205 3752 5280">
     <span class='ocr_line' id='line_1_107' title="bbox 2160 5205 3752 5280; baseline -0.002 -20"><span class='ocrx_word' id='word_1_811' title='bbox 2160 5205 2339 5277; x_wconf 78' lang='grc' dir='ltr'>ἑαυτῷ</span> <span class='ocrx_word' id='word_1_812' title='bbox 2361 5205 2459 5277; x_wconf 80' lang='grc' dir='ltr'>τὴν</span> <span class='ocrx_word' id='word_1_813' title='bbox 2488 5207 2780 5279; x_wconf 83' lang='grc' dir='ltr'>μέριμναν,</span> <span class='ocrx_word' id='word_1_814' title='bbox 2804 5207 2864 5261; x_wconf 78' lang='grc' dir='ltr'><strong>τὸ</strong></span> <span class='ocrx_word' id='word_1_815' title='bbox 2884 5209 3223 5280; x_wconf 70' lang='grc' dir='ltr'>ἐνηρμόσθαι</span> <span class='ocrx_word' id='word_1_816' title='bbox 3246 5206 3439 5278; x_wconf 80' lang='grc' dir='ltr'>φιλεῖν,</span> <span class='ocrx_word' id='word_1_817' title='bbox 3464 5206 3558 5259; x_wconf 70' lang='grc' dir='ltr'><strong>καὶ</strong></span> <span class='ocrx_word' id='word_1_818' title='bbox 3572 5207 3752 5277; x_wconf 77' lang='grc' dir='ltr'>ἀπρὶξ</span> 
     </span>
    </p>
   </div>
   <div class='ocr_carea' id='block_1_108' title="bbox 2159 5296 3746 5372">
    <p class='ocr_par' dir='ltr' id='par_1_108' title="bbox 2159 5296 3746 5372">
     <span class='ocr_line' id='line_1_108' title="bbox 2159 5296 3746 5372; baseline 0.003 -23"><span class='ocrx_word' id='word_1_819' title='bbox 2159 5297 2382 5368; x_wconf 79' lang='grc' dir='ltr'>ἔχεσθαι</span> <span class='ocrx_word' id='word_1_820' title='bbox 2437 5296 2530 5351; x_wconf 91' lang='grc' dir='ltr'><strong>τοῦ</strong></span> <span class='ocrx_word' id='word_1_821' title='bbox 2579 5298 2717 5352; x_wconf 84' lang='grc' dir='ltr'>Θεοῦ</span> <span class='ocrx_word' id='word_1_822' title='bbox 2742 5340 2757 5364; x_wconf 95' lang='grc'><strong>,</strong></span> <span class='ocrx_word' id='word_1_823' title='bbox 2800 5299 2890 5353; x_wconf 88' lang='grc' dir='ltr'><strong>διά</strong></span> <span class='ocrx_word' id='word_1_824' title='bbox 2936 5299 3036 5372; x_wconf 89' lang='grc' dir='ltr'><strong>τῆς</strong></span> <span class='ocrx_word' id='word_1_825' title='bbox 3077 5302 3135 5353; x_wconf 80' lang='grc' dir='ltr'><strong>ἐν</strong></span> <span class='ocrx_word' id='word_1_826' title='bbox 3189 5299 3373 5372; x_wconf 78' lang='grc' dir='ltr'>ἔργοις</span> <span class='ocrx_word' id='word_1_827' title='bbox 3410 5297 3672 5369; x_wconf 74' lang='grc' dir='ltr'>ἀγάπης.</span> <span class='ocrx_word' id='word_1_828' title='bbox 3708 5298 3746 5369; x_wconf 77' lang='grc' dir='ltr'>ἢ</span> 
     </span>
    </p>
   </div>
   <div class='ocr_carea' id='block_1_109' title="bbox 2160 5387 3750 5462">
    <p class='ocr_par' dir='ltr' id='par_1_109' title="bbox 2160 5387 3750 5462">
     <span class='ocr_line' id='line_1_109' title="bbox 2160 5387 3750 5462; baseline -0.009 -4"><span class='ocrx_word' id='word_1_829' title='bbox 2160 5388 2295 5462; x_wconf 75' lang='grc' dir='ltr'><strong>[τρο</strong></span> <span class='ocrx_word' id='word_1_830' title='bbox 2331 5387 2404 5462; x_wconf 75' lang='grc' dir='ltr'>ἦ]</span> <span class='ocrx_word' id='word_1_831' title='bbox 2446 5389 2671 5461; x_wconf 76' lang='grc' dir='ltr'>καὶτῆς</span> <span class='ocrx_word' id='word_1_832' title='bbox 2715 5392 2879 5460; x_wconf 89' lang='grc' dir='ltr'>ἀγίας</span> <span class='ocrx_word' id='word_1_833' title='bbox 2920 5408 2980 5445; x_wconf 88' lang='grc' dir='ltr'><strong>τε</strong></span> <span class='ocrx_word' id='word_1_834' title='bbox 3036 5393 3131 5446; x_wconf 67' lang='grc' dir='ltr'><strong>καὶ</strong></span> <span class='ocrx_word' id='word_1_835' title='bbox 3178 5392 3328 5457; x_wconf 81' lang='grc' dir='ltr'>θείας</span> <span class='ocrx_word' id='word_1_836' title='bbox 3378 5391 3597 5462; x_wconf 76' lang='grc' dir='ltr'>ἐντολῆς</span> <span class='ocrx_word' id='word_1_837' title='bbox 3644 5392 3750 5462; x_wconf 72' lang='grc' dir='ltr'>τὴν</span> 
     </span>
    </p>
   </div>
   <div class='ocr_carea' id='block_1_110' title="bbox 2164 5479 3750 5555">
    <p class='ocr_par' dir='ltr' id='par_1_110' title="bbox 2164 5479 3750 5555">
     <span class='ocr_line' id='line_1_110' title="bbox 2164 5479 3750 5555; baseline 0.002 -24"><span class='ocrx_word' id='word_1_838' title='bbox 2164 5479 2443 5551; x_wconf 87' lang='grc' dir='ltr'>πλήρωσιν</span> <span class='ocrx_word' id='word_1_839' title='bbox 2472 5479 2607 5550; x_wconf 78' lang='grc' dir='ltr'>ἔχει.</span> <span class='ocrx_word' id='word_1_840' title='bbox 2651 5480 2823 5535; x_wconf 82' lang='grc' dir='ltr'>Τοῦτο</span> <span class='ocrx_word' id='word_1_841' title='bbox 2867 5483 2978 5555; x_wconf 80' lang='grc' dir='ltr'><strong>γὰρ</strong></span> <span class='ocrx_word' id='word_1_842' title='bbox 3026 5485 3172 5555; x_wconf 74' lang='grc' dir='ltr'>ἡμᾶς</span> <span class='ocrx_word' id='word_1_843' title='bbox 3224 5484 3605 5547; x_wconf 81' lang='grc' dir='ltr'>ἀδιασπάστως</span> <span class='ocrx_word' id='word_1_844' title='bbox 3660 5484 3750 5535; x_wconf 76' lang='grc' dir='ltr'><strong>ἰν-</strong></span> 
     </span>
    </p>
   </div>
   <div class='ocr_carea' id='block_1_111' title="bbox 2155 5571 3748 5648">
    <p class='ocr_par' dir='ltr' id='par_1_111' title="bbox 2155 5571 3748 5648">
     <span class='ocr_line' id='line_1_111' title="bbox 2155 5571 3748 5648; baseline 0.005 -27"><span class='ocrx_word' id='word_1_845' title='bbox 2155 5571 2427 5642; x_wconf 86' lang='grc' dir='ltr'>υπὰρχειν</span> <span class='ocrx_word' id='word_1_846' title='bbox 2479 5572 2662 5643; x_wconf 76' lang='grc' dir='ltr'>αὐτῷ,</span> <span class='ocrx_word' id='word_1_847' title='bbox 2713 5576 2809 5627; x_wconf 78' lang='grc' dir='ltr'><strong>καὶ</strong></span> <span class='ocrx_word' id='word_1_848' title='bbox 2855 5577 3212 5648; x_wconf 77' lang='grc' dir='ltr'>ἐμπεπῆχθαι</span> <span class='ocrx_word' id='word_1_849' title='bbox 3245 5580 3421 5644; x_wconf 86' lang='grc' dir='ltr'>ποιεῖ,</span> <span class='ocrx_word' id='word_1_850' title='bbox 3463 5575 3607 5632; x_wconf 85' lang='grc' dir='ltr'><strong>κατά</strong></span> <span class='ocrx_word' id='word_1_851' title='bbox 3652 5576 3748 5630; x_wconf 70' lang='grc' dir='ltr'><strong>τὸν</strong></span> 
     </span>
    </p>
   </div>
   <div class='ocr_carea' id='block_1_112' title="bbox 543 5739 2051 5825">
    <p class='ocr_par' dir='ltr' id='par_1_112' title="bbox 543 5739 2041 5817">
     <span class='ocr_line' id='line_1_112' title="bbox 543 5739 2041 5817; baseline 0.009 -22"><span class='ocrx_word' id='word_1_852' title='bbox 543 5741 587 5773; x_wconf 80' lang='grc'><strong><em>²²</em></strong></span> <span class='ocrx_word' id='word_1_853' title='bbox 616 5739 774 5797; x_wconf 83' lang='lat' dir='ltr'><strong>Joan.</strong></span> <span class='ocrx_word' id='word_1_854' title='bbox 806 5759 892 5809; x_wconf 83' lang='lat' dir='ltr'><strong>iv,</strong></span> <span class='ocrx_word' id='word_1_855' title='bbox 932 5743 1019 5801; x_wconf 66' lang='grc'><strong>⁵24.</strong></span> <span class='ocrx_word' id='word_1_856' title='bbox 1100 5749 1163 5780; x_wconf 79' lang='grc'><strong>³¹¹</strong></span> <span class='ocrx_word' id='word_1_857' title='bbox 1195 5747 1359 5805; x_wconf 87' lang='lat' dir='ltr'><strong>llcbr.</strong></span> <span class='ocrx_word' id='word_1_858' title='bbox 1394 5765 1512 5817; x_wconf 75' lang='lat' dir='ltr'><strong>xm,</strong></span> <span class='ocrx_word' id='word_1_859' title='bbox 1559 5752 1609 5806; x_wconf 83' lang='lat'><strong>7.</strong></span> <span class='ocrx_word' id='word_1_860' title='bbox 1688 5754 1731 5784; x_wconf 72' lang='grc'><strong>*⁵</strong></span> <span class='ocrx_word' id='word_1_861' title='bbox 1764 5754 1783 5807; x_wconf 84' lang='grc' dir='ltr'><strong>ι</strong></span> <span class='ocrx_word' id='word_1_862' title='bbox 1826 5752 1951 5810; x_wconf 78' lang='lat' dir='ltr'><strong>Cor.</strong></span> <span class='ocrx_word' id='word_1_863' title='bbox 1989 5772 2041 5809; x_wconf 82' lang='grc' dir='ltr'><strong>ιι·</strong></span> 
     </span>
    </p>
   </div>
   <div class='ocr_carea' id='block_1_113' title="bbox 2157 5739 3002 5825">
    <p class='ocr_par' dir='ltr' id='par_1_113' title="bbox 2157 5756 3002 5825">
     <span class='ocr_line' id='line_1_113' title="bbox 2157 5756 3002 5825; baseline 0.007 -18"><span class='ocrx_word' id='word_1_864' title='bbox 2157 5756 2199 5824; x_wconf 79' lang='grc' dir='ltr'><strong>ἰ;</strong></span> <span class='ocrx_word' id='word_1_865' title='bbox 2244 5772 2323 5818; x_wconf 74' lang='grc' dir='ltr'><strong>ιι,</strong></span> <span class='ocrx_word' id='word_1_866' title='bbox 2367 5759 2417 5812; x_wconf 84' lang='lat' dir='ltr'><strong>l.</strong></span> <span class='ocrx_word' id='word_1_867' title='bbox 2498 5759 2562 5791; x_wconf 81' lang='grc'>³³·</span> <span class='ocrx_word' id='word_1_868' title='bbox 2594 5757 2741 5815; x_wconf 84' lang='lat' dir='ltr'><strong>Psal.</strong></span> <span class='ocrx_word' id='word_1_869' title='bbox 2773 5772 2905 5825; x_wconf 78' lang='lat' dir='ltr'><strong>Lm,</strong></span> <span class='ocrx_word' id='word_1_870' title='bbox 2949 5758 3002 5813; x_wconf 83' lang='lat'><strong>9.</strong></span> 
     </span>
    </p>
   </div>
  </div>
