3862 6206
208 290 307 347 Ml

1274 289 1339 347 ΚΝ
1362 288 1644 349 JOANNIS
1686 289 2138 353 EVANGELIUM
2180 297 2306 352 LIB.
2350 297 2415 353 Χ.

3362 296 3463 353 56!

209 407 440 478 λέγοντα
463 409 796 480 Ψαλμῳδόν·
835 428 851 458 ι
897 408 1251 481 Ἰῖκολλήθηή
1290 412 1436 483 ψυχή
1473 430 1573 483 μου
1609 413 1788 464 ὀπίσω

1906 431 1997 482 μια
2029 415 2339 472 sanctiﬁcat
2370 430 2471 469 nos
2489 414 2767 473 Christus.
2790 413 2997 484 suscipi
3034 413 3254 483 quidem
3288 415 3467 469 instar

212 515 331 552 σου.
369 518 387 550 ι
425 500 539 552 Οὐκ
569 501 791 570 ἀρκέσει
836 498 1123 569 τοιγαροῦν
1171 499 1307 570 πρὸς
1339 502 1631 573 ὁλόκληρον
1659 503 1790 570 ἡμῖν

210 589 514 661 θυμηδίαν,
550 592 667 662 ἦτοι
710 591 846 662 πῶς
873 592 1145 662 ἁγιασμόν
1169 634 1184 657 ,
1216 593 1307 646 τὸν
1335 593 1411 656 ὡς
1447 595 1537 646 ἐπὶ
1580 592 1792 646 ἐκθέσει

211 682 306 735 τοῦ
338 682 656 750 άγιάζοντος
683 686 832 754 ἡμᾶς
865 685 1104 754 Χριστοῦ
1125 725 1140 749 ,
1198 684 1259 737 τὺ
1305 686 1638 757 εἰσδεχθῆναι
1671 686 1789 755 μὲν,

210 773 287 837 ὡς
312 776 370 826 ἐν
403 775 553 838 τάξει
587 776 885 845 κλημάτων
908 793 920 806 ·
957 778 1154 848 χρῆναι
1186 778 1243 830 δὲ
1274 777 1411 849 πρὸς
1442 777 1603 831 τοῦτό
1626 796 1789 849 φημι,

211 868 310 921 καὶ
342 868 401 920 τὸ
440 868 526 922 διὰ
569 868 669 937 τῆς
705 867 913 931 τελείας
952 887 1010 921 τε
1065 870 1158 923 καίΙ
1203 870 1521 935 ἀνελλιποῦς
1571 871 1794 941 ἀγάπης

211 959 453 1027 γνησίως
500 957 831 1011 ἀκολουθεῖν.
913 960 1000 1011 Ἐν
1051 960 1160 1030 γάρ
1210 959 1276 1033 δὴ
1325 958 1503 1031 τούτῳ
1561 961 1794 1031 μάλιστα

212 1049 399 1114 καλῶς
434 1049 500 1103 ἂν
527 1050 639 1120 ἔχοι
678 1051 767 1103 καὶ
803 1052 1031 1116 σώζοιτο
1071 1051 1170 1119 τῆς
1202 1052 1259 1105 ὲν
1293 1053 1567 1122 πνεύματι
1600 1051 1795 1116 κολλή-

214 1158 353 1203 σεως
392 1143 706 1213 νοουμένης,
740 1143 858 1213 ῆτοι
893 1143 1188 1211 συναφείας
1221 1145 1254 1214 ἡ
1286 1142 1534 1212 δύναμις.
1574 1142 1793 1213 Ἐπειδὴ

210 1234 396 1286 τοίνυν
428 1235 530 1304 ἔφη
583 1236 815 1306 Χριστὸς
854 1238 965 1299 τοῖς
1011 1235 1206 1288 ἑαυτοῦ
1261 1236 1560 1306 μαθηταῖς’
1600 1256 1616 1286 ‹
1654 1236 1793 1304 Ἤδη

214 1325 378 1395 ὑμεῖς
400 1326 628 1397 καθαροί
657 1329 803 1391 ἐστε,
824 1326 913 1379 διά
934 1327 1197 1394 τὸνλόγον
1216 1326 1276 1378 δν
1302 1327 1572 1397 λελάληκα
1595 1327 1743 1397 ὑμῖν·
1771 1345 1789 1378 ι

218 1419 309 1473 ἵνα
343 1420 417 1491 μή
452 1437 534 1483 τις
564 1420 772 1491 οἰηθείη
823 1423 953 1474 ποτὲ
1008 1422 1115 1474 τῶν
1152 1420 1298 1486 ama
1346 1422 1794 1493 κεκαθαρμένων,

212 1510 570 1576 ἀδιαπτώτως
602 1512 744 1582 ἔχειν
769 1512 1053 1576 δύνασθαι,
1077 1512 1170 1566 καὶ
1203 1513 1252 1564 εί
1289 1516 1362 1582 μή
1386 1529 1508 1564 τινα
1533 1511 1692 1581 τυχὸν
1716 1513 1795 1575 είς

212 1602 275 1654 τὸ
300 1596 360 1656 εὖ
384 1598 521 1655 εἶναι
547 1606 748 1657 ποιοῖτο
771 1604 1028 1675 σπουδὴν,
1054 1606 1475 1674 προσεπιτάττοι
1506 1603 1617 1676 [πο.
1638 1620 1798 1675 προσ-

211 1693 536 1766 ιπιτάττει]
566 1694 872 1767 χρησίμως,
897 1696 980 1748 ὃτι
1013 1698 1283 1767 προσήκοι
1318 1696 1505 1766 μένειν
1533 1698 1591 1749 ἐν
1621 1695 1793 1765 αὐτῷ.

211 1786 322 1838 Καὶ
354 1785 406 1837 τί
435 1761 796 1853 rod-coierat;
822 1761 1069 1859 Ἕτερον⁷
1090 1761 1262 1850 οὐδεν,
1292 1761 1366 1852 ῶς
1390 1787 1454 1856 γέ
1486 1805 1576 1858 μοι
1605 1761 1793 1857 φαῖνε·
1830 1761 1869 1818 Β

212 1896 326 1940 ται,
361 1877 561 1948 μᾶλλον
608 1878 664 1931 δὲ
704 1879 951 1951 ἐναργῶς
983 1882 1044 1934 τὸ
1085 1880 1174 1934 διὰ
1220 1881 1314 1934 τοῦ
1351 1880 1566 1934 Παύλου
1616 1881 1797 1944 καλῶς

212 1968 509 2040 εἰρημένον
532 1984 543 1997 °
580 1987 599 2019 ι
636 1970 799 2022 Ὥστε
848 1973 875 2025 6
907 1971 1083 2024 δοκῶν
1126 1972 1381 2038 ἑστάναι,
1439 1971 1683 2041 βλεπέτω
1721 1972 1795 2041 μὴ

215 2062 383 2134 πέσῃ.
414 2080 433 2114 ι
470 2062 656 2133 Μυρία
679 2062 787 2134 γὰρ
814 2062 879 2117 ἂν
907 2063 1000 2116 καὶ
1024 2066 1137 2127 τοῖς
1163 2065 1262 2135 ἤδη
1291 2064 1524 2133 βεϐαίως
1551 2062 1798 2117 δοκοῦσιν

216 2154 441 2209 ἑστάναι
472 2156 805 2225 συναντῆσαι
842 2156 1306 2229 ταρλισθήματα,
1344 2158 1419 2228 μὴ
1450 2155 1799 2226 οὐχἰδιεδρά-

217 2247 346 2299 σθαι
365 2244 545 2309 καλῶς
570 2249 629 2299 ὲν
653 2242 809 2301 οἷσπε
819 2265 850 2319 ρ
878 2248 943 2303 ἂν
969 2245 1100 2314 εἷεν,
1116 2249 1203 2303 διὰ
1234 2250 1433 2319 πολλῆς
1454 2249 1591 2316 άίαν
1622 2264 1799 2301 ποιου-

219 2340 409 2409 μένοις
447 2340 702 2408 σπουδῆς.
755 2342 844 2393 Δεῖ
889 2340 969 2404 δὲ,
1014 2336 1164 2412 οἶμαι
1193 2379 1209 2405 ,
1265 2342 1359 2395 καὶ
1414 2341 1595 2409 πάσης
1649 2340 1796 2410 ἡμᾶς

215 2430 405 2498 ἀξιοῦν
445 2432 743 2496 ἐπιεικείας
770 2434 864 2487 καὶ
895 2433 1112 2504 νήψεως
1136 2435 1205 2487 τά
1245 2435 1365 2488 καθ’
1397 2434 1661 2497 ἑαυτοὺς,
1695 2432 1798 2485 κᾶν

218 2520 541 2595 ἑρηρεῖσθαί
573 2541 689 2587 πως
717 2523 849 2595 δοκῇ
882 2541 987 2588 τις,
1029 2524 1095 2577 δι’
1132 2525 1373 2578 ἐπίδοσιν
1403 2526 1501 2595 τὴν
1527 2523 1625 2593 ἤδη
1662 2540 1801 2595 προ-

217 2614 537 2685 ηνυσμένην
570 2616 649 2678 είς
683 2616 1022 2685 κατόρθωσιν
1048 2616 1292 2685 ἀγαθῶν.
1335 2616 1559 2670 ὐποίαν
1586 2614 1695 2687 γάρ
1716 2631 1802 2678 τις

217 2706 321 2759 καὶ
353 2706 482 2777 ὅσην
513 2706 774 2777 ὑπομένει
812 2708 912 2778 τὴν
939 2707 1165 2776 ζημίαν,
1202 2710 1301 2777 τῆς
1332 2711 1470 2777 πρὸς
1502 2706 1634 2760 Θεὸν
1666 2723 1804 2777 συμ-

220 2799 388 2865 φυΐας
441 2799 893 2869 ἀποκεκομμένος
945 2798 1134 2869 ὥσπερ
1196 2799 1285 2853 διά
1345 2798 1439 2851 τοῦ
1495 2800 1581 2868 ἐφ’
1632 2797 1669 2852 ἃ
1727 2797 1805 2869 μὴ

220 2890 504 2960 προσῆκεν
559 2891 623 2944 ἐκ
678 2890 953 2960 ῥᾳθυμίας
1022 2889 1405 2960 παρολισθεῖν,
1482 2888 1802 2963 παρέδειξεν

221 2982 539 3051 ἀναγκαίως
576 2984 817 3036 ἐπειπών
840 2997 854 3013 ο
889 3001 907 3033 ι
951 2981 1147 3045 Καθὼς
1182 2982 1244 3035 τὸ
1268 2982 1455 3053 κλῆμα
1491 2984 1551 3035 οὐ
1578 2982 1806 3037 δύναται

1895 506 2205 574 palmitum,
2239 506 2332 562 sed
2369 516 2632 577 praeterea
2680 521 2777 576 per
2806 506 3133 562 charitatem
3165 507 3463 577 perfectam

1893 606 1947 649 et
2001 596 2397 653 indesinentem
2462 598 2679 654 sincere
2727 598 3043 668 sequendus
3084 608 3191 654 est.
3248 607 3307 653 In
3363 598 3467 653 hoc

1893 688 2040 742 enim
2076 689 2425 758 potissimum
2467 690 2727 746 consistit
2758 699 2812 745 et
2846 698 3097 745 servatur
3127 689 3214 746 vis
3241 700 3295 746 et
3327 690 3466 744 ratio

1896 778 2307 848 coniunctionis
2354 783 2641 852 spiritalis.
2676 780 2947 848 Quoniam
2981 797 3114 853 ergo
3146 782 3287 837 dixit
3308 781 3468 837 Chri-

1896 881 2014 927 stus
2049 873 2166 928 suis
2194 873 2520 945 discipulis:
2552 893 2569 925 ι
2603 872 2724 928 .lam
2750 889 2846 929 vos
2869 874 3060 929 mundi
3082 875 3217 930 estis
3246 884 3471 945 propter

1896 978 2206 1019 sermonem
2252 980 2413 1035 quem
2460 966 2679 1021 locutus
2729 982 2850 1022 sum
2910 966 3106 1021 vobis:
3146 984 3167 1019 ι
3223 981 3295 1021 ne
3346 966 3471 1036 quis

1898 1054 2067 1111 semel
2129 1063 2396 1126 purgatus
2434 1071 2465 1109 a
2521 1072 2655 1111 casu
2722 1057 3023 1111 immunem
3093 1071 3154 1111 se
3206 1062 3468 1126 putaret,

1896 1148 2108 1203 etiamsi
2140 1150 2343 1203 nullam
2378 1149 2443 1203 ad
2475 1148 2526 1202 id
2548 1164 2735 1203 curam
2763 1149 3038 1213 adhibeat,
3079 1149 3285 1204 utiliter
3317 1149 3472 1217 jubet

1898 1237 1953 1290 in
1982 1252 2049 1292 eo
2082 1253 2421 1309 permanere.
2453 1238 2727 1305 Quidnam
2758 1248 2939 1295 autem
2983 1240 3135 1295 aliud
3167 1239 3314 1295 istud
3362 1249 3467 1300 est,

1896 1344 2059 1397 quam
2090 1332 2234 1399 quod
2268 1346 2364 1401 per
2402 1329 2631 1385 Paulum
2660 1341 2808 1387 recte
2832 1333 3037 1386 dicitur
3066 1350 3080 1385 :
3118 1350 3137 1383 ι
3169 1330 3351 1397 Quare
3376 1333 3471 1401 qui

1898 1421 2005 1476 sibi
2062 1423 2276 1477 videtur
2322 1431 2494 1487 stare,
2546 1426 2727 1479 videat
2768 1440 2835 1479 ne
2869 1425 3031 1479 cadat
3053 1422 3166 1475 ⁸⁸⁸2
3206 1440 3223 1473 ι
3267 1422 3469 1476 lnliniti

1898 1514 2043 1567 enim
2090 1516 2275 1585 lapsus
2311 1517 2477 1570 etiam
2520 1516 2589 1571 iis
2622 1524 2927 1571 occurrmit
2958 1518 3050 1586 qui
3100 1516 3205 1571 sibi
3230 1516 3342 1584 jam
3378 1514 3473 1568 lir-

1900 1606 2060 1658 miter
2092 1614 2240 1660 stare
2279 1607 2560 1669 videntur,
2588 1609 2694 1661 nisi
2730 1611 2968 1664 maxime
3002 1609 3259 1663 studeant
3285 1607 3342 1661 in
3407 1626 3473 1661 eo

1902 1697 1954 1748 in
1988 1712 2096 1765 quo
2128 1706 2259 1751 sunt
2289 1699 2461 1766 gradu
2504 1699 2733 1755 ﬁrmiter
2766 1700 2993 1755 haerere.
3020 1699 3257 1755 Necesse
3290 1707 3471 1753 autem

1898 1798 2004 1853 est,
2030 1790 2249 1860 opinor,
2287 1806 2386 1846 nos
2419 1808 2635 1846 onmem
2673 1806 2862 1847 curam
2896 1808 2959 1847 ac
2994 1794 3333 1864 vigilantiam
3375 1791 3475 1845 ad-

1897 1881 2107 1946 hibere,
2138 1885 2390 1953 quamvis
2417 1900 2709 1955 progressu
2734 1885 2801 1938 ad
2845 1886 2983 1941 bene
3012 1885 3281 1955 agendum
3321 1900 3475 1939 cum-

1898 1975 2093 2042 primis
2134 1977 2380 2032 lirmatos
2404 1985 2458 2029 et
2490 1976 2771 2031 stabilitos
2802 1990 2903 2031 nos
2934 1985 3211 2045 putemus.
3246 1975 3473 2042 Qualem

1898 2068 2044 2120 enim
2075 2075 2129 2122 et
2158 2074 2425 2137 quantam
2448 2068 2722 2136 jacturam
2759 2066 3015 2137 patiatur,
3049 2066 3214 2137 875
3259 2068 3352 2136 qui
3380 2083 3477 2137 per

1900 2157 2290 2229 negligentiam
2321 2158 2378 2212 in
2400 2157 2531 2212 vitia
2563 2158 2927 2228 prolabendo,
2960 2173 2989 2211 a
3024 2157 3116 2212 Dei
3150 2157 3478 2229 cognatione

1900 2247 2137 2318 quodam
2174 2247 2338 2303 modo
2365 2256 2616 2304 resectus
2655 2248 2843 2315 fuerit,
2872 2249 3085 2304 utiliter
3118 2248 3365 2304 ostendit
3392 2248 3477 2302 his

1898 2340 2123 2395 verbis:
2154 2359 2172 2390 ι
2217 2341 2369 2395 Sicut
2394 2342 2603 2411 palmes
2628 2356 2737 2395 non
2769 2350 2950 2413 potest
2990 2340 3134 2395 ferre
3165 2340 3405 2395 fructum
3448 2355 3478 2392 a

1903 2434 2222 2505 semetipso,
2257 2435 2362 2489 nisi
2396 2434 2665 2490 manserit
2713 2435 2767 2488 in
2813 2435 2923 2489 vite
2950 2472 2965 2499 ,
3000 2434 3079 2489 sic
3126 2450 3299 2503 neque
3340 2450 3438 2488 vos
3461 2474 3477 2499 ,

1903 2528 2012 2581 nisi
2040 2528 2096 2581 in
2135 2544 2219 2582 me
2260 2528 2600 2582 manseritis.
2636 2544 2655 2578 ι
2684 2524 2798 2581 Nisi
2845 2527 2990 2581 enim
3048 2526 3253 2596 palmes
3285 2542 3314 2580 a
3370 2526 3481 2581 vite

1904 2626 2168 2687 tanquam
2198 2632 2229 2670 a
2261 2625 2435 2672 matre
2464 2616 2741 2671 vivilicum
2781 2616 3063 2669 humorem
3111 2614 3313 2678 trahat,
3343 2631 3482 2685 quu~

1904 2712 2070 2765 modo
2118 2726 2278 2765 uvam
2331 2710 2529 2779 pariet,
2579 2715 2676 2763 aut
2717 2723 2914 2778 quem,
2947 2720 3000 2762 et
3043 2706 3189 2762 unde
3240 2708 3479 2763 fructum

1904 2800 2079 2855 edet?
2108 2797 2287 2854 Simili
2325 2799 2511 2869 itaque
2550 2798 2762 2853 ratione
2788 2798 2857 2853 de
2895 2798 3058 2851 nobis
3100 2812 3319 2869 quoque
3348 2799 3485 2867 ipSls

1905 2892 2116 2946 dictum
2169 2891 2466 2961 intelliges.
2521 2888 2717 2943 Nullus
2772 2888 2919 2943 enim
2978 2903 3216 2960 unquam
3262 2888 3485 2941 virtutis

1909 2983 2123 3037 fructus
2172 2983 2227 3037 in
2267 2980 2427 3037 nobis
2462 2980 2815 3051 germinabit,
2875 2982 2921 3037 si
2955 2980 3349 3050 conjunctione
3394 2980 3485 3034 illa

222 3075 412 3145 φέρειν
463 3074 673 3145 καρπὸν
704 3074 798 3141 ἀφ’
830 3073 1068 3135 ἑαυτοῦ,
1123 3072 1219 3126 ἐὰν
1271 3075 1346 3144 μὴ
1408 3074 1567 3147 μείνῃ
1624 3075 1681 3125 ἐν
1735 3075 1801 3143 τῇ

1914 3090 2034 3129 cum
2067 3073 2287 3129 Christo
2313 3073 2701 3127 cxciderimus.
2739 3072 2897 3138 Quod
2929 3072 2975 3129 si
3007 3072 3129 3141 ejus
3163 3074 3257 3142 qui
3288 3072 3485 3142 impin-

220 3166 490 3237 ἀμπέλῳ,
539 3165 712 3229 οὕτως
756 3166 876 3219 οὐδὲ
925 3166 1120 3237 ὑμεῖς,
1159 3166 1254 3219 ὲάν
1291 3165 1365 3237 μὴ
1400 3169 1457 3219 ἐν
1508 3166 1631 3237 ἐμοὶ
1683 3167 1804 3237 μεί-

221 3274 375 3328 νητε.
418 3276 436 3308 i
472 3257 532 3309 Εί
586 3256 695 3327 γάρ
740 3256 815 3328 μὴ
869 3256 983 3327 ἔχοι
1035 3257 1097 3310 τὸ
1162 3257 1349 3327 κλῆμα
1400 3257 1650 3328 καθάπερ
1700 3258 1806 3310 ἀπὸ

224 3348 434 3421 μητρὸς
467 3349 565 3419 τῆς
596 3348 842 3418 ἀμπέλου
894 3349 993 3419 τὴν
1039 3347 1305 3414 ζωοποιδν
1353 3349 1505 3421 αὑτῷ
1542 3366 1808 3420 χορηγου-

226 3441 397 3511 μένην
429 3440 651 3510 ἰκμάδα,
682 3440 793 3503 πιῖις
828 3439 893 3493 ἂν
929 3441 1191 3494 ἀποτέκοι
1228 3441 1320 3494 τὸν
1356 3441 1571 3510 βότρυν,
1602 3441 1634 3512 ἢ
1663 3442 1805 3501 τίνα,

225 3532 326 3585 καὶ
354 3532 515 3584 πόθεν
557 3532 754 3596 ἐξοίσει
799 3532 1047 3604 καρπόν;
1100 3533 1407 3600 ’Δναλὸγως
1449 3528 1543 3585 οὖν
1577 3533 1684 3603 ἄρα
1717 3534 1808 3585 καὶ

224 3624 313 3691 ἐφ’
354 3624 509 3694 ἡμῶν
542 3624 721 3677 αὐτῶν
749 3627 963 3692 νοήσεις
1004 3626 1062 3677 τὸ
1094 3625 1406 3696 εἰρημένον.
1439 3626 1671 3694 Καρπὸς
1700 3624 1807 3694 γάρ

224 3716 403 3778 οὐδεὶς
444 3718 501 3769 ὲν
554 3718 686 3786 ἡμῖν
725 3717 929 3787 ἀρετῆς
976 3716 1380 3788 ἀναϐλαστήσει
1431 3716 1561 3769 ποτὲ
1594 3716 1690 3786 τῆς
1729 3716 1809 3779 είς

226 3806 463 3877 Χριστὸν
494 3808 792 3874 συναφείας
823 3807 1263 3861 ἐκπεπτωκόσιν.
1309 3808 1727 3879 Ἐξηρτυμένοις
1746 3825 1810 3876 γε

231 3897 339 3968 μὴν
371 3897 465 3951 τοῦ
498 3900 882 3952 καταπιαίνειν
921 3899 1195 3968 ἰσχύοντος
1217 3941 1233 3965 ,
1282 3900 1375 3951 καὶ
1407 3899 1812 3971 ἀποτρέφοντος

229 3993 312 4054 είς
362 3992 681 4057 εὐσέϐειαν,
742 3993 993 4064 καθάπερ
1050 3992 1201 4047 ὕδατι
1264 3993 1547 4064 ζωοποιῷ,
1606 3997 1672 4065 τῇ
1718 3994 1809 4048 τοῦ

230 4082 551 4153 Πνεύματος
606 4085 844 4157 χορηγίᾳ
893 4085 991 4137 καὶ
1044 4086 1266 4156 χάριτι,
1319 4085 1415 4139 καὶ
1460 4085 1520 4138 τὺ
1549 4084 1812 4139 δύνασθαι

228 4178 603 4246 καρποφορεῖν
644 4177 940 4246 προσέσται
981 4178 1199 4249 ῥᾳδίως.
1238 4177 1351 4231 Καὶ
1396 4175 1558 4230 τοῦτο
1596 4177 1749 4242 εἰδὼς
1784 4181 1813 4231 6

228 4267 584 4338 Μονογενὴς,
628 4270 686 4322 ὲν
726 4269 1080 4339 Εὑαγγελίοις
1124 4270 1337 4337 ἔλεγεν·
1377 4289 1394 4321 ι
1434 4271 1501 4323 Εἴ
1529 4288 1613 4334 τις
1658 4271 1809 4343 διψᾷ,

229 4358 481 4429 ἐρχέσθω
514 4361 649 4432 πρός
702 4378 807 4433 με,
860 4363 957 4415 καὶ
1008 4362 1230 4415 πινέτω.
1274 4380 1290 4412 ι
1348 4362 1413 4413 Ὃ
1457 4361 1553 4414 καὶ
1607 4362 1811 4433 σφόδρα

1911 3178 2079 3234 guare
2106 3172 2286 3233 potest
2320 3179 2383 3219 ac
2425 3165 2477 3218 in
2518 3164 2725 3234 pietate
2765 3164 2961 3229 nutrit,
3028 3163 3274 3233 Spiritus
3316 3164 3487 3235 largi-

1910 3257 2060 3309 tione
2087 3264 2141 3310 et
2170 3257 2346 3326 gratia
2376 3272 2475 3311 ceu
2503 3257 2648 3310 unda
2677 3256 2912 3324 quadam
2940 3257 3153 3311 vivilica
3183 3256 3339 3327 rigati
3370 3257 3485 3311 lue-

1911 3346 2103 3410 rimus,
2156 3347 2315 3400 facile
2360 3361 2582 3416 quoque
2637 3346 2745 3401 erit
2792 3345 3011 3402 fructus
3046 3347 3375 3417 producere.
3428 3346 3487 3399 lil

1911 3453 2034 3493 cum
2082 3438 2249 3493 sciret
2284 3438 2631 3508 Unigenitus,
2664 3437 2718 3491 in
2765 3436 3076 3510 Evangeliis
3129 3439 3308 3493 dixit:
3355 3457 3373 3489 ι
3424 3438 3486 3492 Si

1911 3533 2036 3601 quis
2066 3531 2198 3594 sitit,
2232 3531 2416 3585 veniat
2448 3530 2514 3585 ad
2542 3546 2648 3593 me,
2688 3540 2743 3586 ct
2792 3530 2941 3585 bibat
2968 3531 3037 3583 ’⁵.
3083 3549 3101 3582 ι
3150 3532 3306 3597 Quod
3342 3542 3488 3586 recte

1910 3638 2131 3693 quoque
2158 3622 2321 3675 nobis
2351 3622 2723 3691 interpretans
2755 3621 2978 3676 divinus
3004 3623 3367 3692 evangelista,
3405 3630 3488 3675 te-

1912 3723 2088 3769 status
2117 3722 2201 3770 est
2235 3714 2464 3769 dicens:
2506 3732 2523 3763 ι
2571 3712 2687 3765 lloe
2730 3720 2912 3767 autem
2957 3712 3114 3780 dixit,
3166 3711 3365 3783 inquit,
3421 3711 3489 3766 de

1915 3805 2145 3875 Spiritu,
2170 3819 2329 3875 quem
2360 3804 2643 3873 accepturi
2665 3803 3126 3859 erantcredentes
3152 3805 3203 3857 in
3229 3819 3351 3859 eum
3370 3803 3433 3856 ".
3463 3822 3480 3853 ι

1913 3898 1981 3952 Et
2034 3901 2152 3969 ipse
2208 3906 2471 3971 praeterea
2517 3898 2709 3952 beatus
2768 3895 2937 3951 David
2997 3898 3369 3967 precabatur,
3421 3899 3486 3949 ad

1914 3987 2083 4043 Deum
2113 4004 2178 4042 ac
2205 3989 2421 4043 Patrem
2454 3986 2751 4057 inquiens:
2790 4005 2809 4037 ‹
2844 3985 3113 4051 Quoniam
3147 3987 3287 4054 apud
3325 3995 3376 4040 te
3406 3996 3489 4039 est

1915 4082 2041 4135 fons
2059 4083 2205 4145 vitaz,
2225 4090 2279 4135 et
2301 4087 2548 4135 torrente
2572 4079 2873 4149 voluptatis
2899 4087 3005 4133 tua:
3027 4078 3240 4147 potabis
3264 4093 3358 4133 eos
3374 4078 3439 4130 ".
3466 4097 3482 4126 ι

1914 4173 2063 4229 Fons
2095 4174 2242 4229 enim
2284 4172 2482 4228 divinae
2511 4172 2656 4235 vita,
2695 4181 2749 4225 et
2792 4170 3124 4240 spiritalium
3164 4168 3488 4223 deliciarum

1915 4277 2132 4322 torrens
2164 4265 2388 4335 quinam
2433 4264 2748 4319 censendus
2788 4271 2873 4317 est
2923 4262 3066 4316 alius
3099 4275 3263 4329 quam
3318 4258 3490 4313 Filius

1914 4359 2008 4431 qui
2046 4358 2372 4430 impinguat,
2407 4365 2461 4415 et
2486 4356 2682 4427 irrigat
2716 4355 2933 4409 vivilica
2966 4361 3020 4408 et
3061 4352 3221 4406 hilari
3251 4349 3490 4418 Spiritus

230 4452 417 4516 καλῶς
455 4452 832 4525 διερμηνεὺων
864 4455 995 4524 ἡμῖν
1024 4455 1053 4506 6
1094 4451 1539 4522 πνευματοφόρος
1578 4452 1801 4521 εὐαγγε-

1916 4453 2117 4522 gratia,
2150 4465 2258 4505 non
2292 4464 2456 4504 secus
2508 4463 2572 4501 ac
2602 4447 2856 4518 palmites
2914 4444 2961 4500 ei
2997 4444 3343 4499 adhaerentes
3394 4458 3489 4512 pcr

228 4543 442 4615 λιπὴς,
476 4543 880 4617 διεμαρτύρατο
903 4544 1076 4613 λέγων
1098 4559 1111 4571 ·
1151 4562 1168 4594 ι
1197 4544 1369 4595 Τοῦτο
1403 4542 1460 4595 δὲ
1484 4537 1626 4607 εἶπε,
1654 4545 1808 4614 φησι,

1916 4543 2243 4599 cbaritatem
2274 4555 2339 4593 ac
2374 4539 2555 4601 ﬁdem,
2588 4544 2808 4592 nostras
2832 4537 3046 4589 animas

230 4634 366 4702 περὶ
393 4633 484 4686 τοῦ
506 4634 844 4703 Ιινεύματος.
872 4628 933 4687 οὗ
987 4630 1212 4702 ἔμελλον
1266 4629 1565 4700 λαμϐάνειν
1620 4633 1668 4683 oi
1725 4634 2073 4697 πιστεύοντες
2106 4632 2187 4694 εἰς
2218 4631 2400 4685 αὐτόν.
2442 4648 2461 4681 ι
2498 4628 2610 4684 Καὶ
2638 4626 2799 4688 αὐτὸς
2848 4626 2906 4678 δὲ
2943 4624 3080 4694 πρὸς
3108 4622 3281 4693 τούτῳ
3324 4638 3489 4691 προσο

230 4723 434 4795 ηύχετο
474 4723 649 4791 λέγων
686 4725 715 4776 6
751 4723 1019 4794 μακάριος
1046 4722 1242 4785 Δαῦὶδ,
1273 4721 1348 4784 ὡς
1386 4721 1522 4792 πρὸς
1550 4720 1685 4774 Θεὸν
1716 4727 1811 4777 καὶ
1844 4727 2101 4796 Πατέραο
2149 4742 2165 4774 ι
2211 4723 2332 4775 ’Ὁτι
2373 4719 2524 4791 παρὰ
2564 4720 2647 4773 σοὶ
2680 4716 2831 4789 πηγὴ
2858 4716 3030 4786 ζωῆς,
3065 4715 3160 4768 καλ⁸
3222 4713 3312 4767 τὸν
3375 4730 3491 4783 χει-

231 4818 482 4890 μάρρουν
524 4818 619 4887 τῆς
674 4818 886 4887 τρυφῆς
936 4817 1138 4878 ποτιεῖς
1186 4813 1403 4876 αὐτούς.
1452 4834 1468 4865 ι
1510 4814 1666 4886 Πηγὴ
1736 4816 1847 4889 γάρ
1881 4819 2027 4888 ζωῆς
2101 4814 2249 4879 θείας
2294 4815 2389 4867 καὶ
2440 4810 2815 4883 πνευματικῆς
2862 4809 3197 4880 χειμάρρους
3252 4805 3490 4877 τρυφῆς,

227 4906 316 4968 τίς
352 4906 416 4959 ἂν
444 4907 629 4977 ἕτερος
664 4909 835 4959 νοοῖτο
874 4904 1025 4976 παρὰ
1056 4904 1147 4958 τὸν
1178 4903 1332 4967 Υίδν,
1374 4902 1431 4966 ὃς
1458 4904 1811 4957 καταπιαίνει
1850 4923 1909 4959 τε
1936 4908 2030 4959 καὶ
2058 4905 2404 4976 καταρδεύει,
2434 4905 2500 4974 τῇ
2562 4899 2811 4970 ζωοποιῷ
2839 4901 2933 4954 καὶ
2975 4900 3134 4971 ἱλαρᾷ
3180 4899 3275 4953 τοῦ
3321 4899 3491 4953 Ilvati-

228 5014 404 5064 ματος
457 4999 638 5067 χάριτι
664 5037 677 5057 ,

224 5086 261 5155 ἡ
272 5086 401 5154 μετέ
411 5101 505 5153 ρας
538 5083 734 5155 ιξυχάς.

334 5174 461 5244 Ε’γώ
507 5177 623 5242 ειμι
664 5175 703 5241 ἠ
750 5174 1035 5242 ἄμπελος.
1068 5172 1237 5241 ὑμεῖς
1285 5173 1355 5225 τὰ
1393 5172 1685 5240 κλήματα.
1752 5171 1813 5223 '0

222 5268 428 5338 μένων
446 5268 515 5320 ἐν
535 5266 685 5333 ἐμοὶ,
710 5266 872 5335 κάγὼ
901 5267 970 5319 ἐν
992 5263 1173 5329 αὐτῷ,
1198 5257 1371 5329 οὗτος
1402 5265 1565 5333 φέρει
1582 5265 1814 5331 καρπὸν

226 5359 449 5412 πολύν·
491 5358 579 5410 ὅτι
607 5357 783 5425 lingit;
808 5357 952 5426 ἐμοῦ
985 5358 1057 5409 οὐ
1098 5355 1361 5408 δύνασθε
1394 5354 1585 5409 ποιεῖν
1610 5353 1773 5407 οὐδέ)
1797 5392 1808 5404 .

227 5448 358 5501 Ε’ὰν
379 5446 463 5516 μή
492 5464 577 5513 τις
596 5447 774 5515 μείνῃ
795 5446 866 5499 ἐν
902 5447 1054 5515 ἐμοὶ,
1078 5444 1435 5512 ἐϐλήθηέξω
1456 5446 1536 5509 ὡς
1572 5445 1636 5499 τὸ
1664 5443 1809 5509 κλῆ-

220 5552 330 5607 μα,
368 5538 463 5591 καί
490 5537 810 5605 ἐξηράνθη·
844 5540 943 5591 καὶ
972 5537 1349 5607 συνάγουσιν
1386 5536 1565 5600 αὐτὸ,
1597 5536 1693 5589 καὶ
1722 5542 1810 5601 εἰς

224 5629 350 5697 πῦρ
372 5631 704 5695 βάιῖοιοσι,
739 5630 835 5682 καὶ
859 5630 1105 5684 καίεται.

714 4996 966 5065 καθάπερ
1040 4998 1097 5048 ὲν
1171 4992 1323 5058 τάξει
1375 4992 1671 5063 κλημάτων
1730 4998 2203 5065 προσπεφυκότων
2257 4995 2407 5065 αὐτῷ
2454 4995 2522 5047 δι’
2585 4994 2809 5062 ἀγάπης
2896 4994 2990 5045 καὶ
3042 4993 3283 5057 πίστεως
3320 5034 3333 5057 ,

3392 4992 3491 5055 τάς

1991 5167 2107 5233 XV,
2151 5168 2202 5232 5,
2229 5167 2281 5223 6.
2312 5167 2422 5239 Ego
2452 5184 2569 5222 sum
2603 5169 2745 5231 ritis,
2784 5184 2868 5222 vos
2894 5170 3159 5235 palmites.
3187 5166 3290 5235 Qui
3318 5185 3491 5227 manet

1919 5264 1975 5316 in
2002 5280 2101 5324 me,
2129 5274 2177 5316 et
2208 5278 2300 5332 ego
2332 5262 2385 5313 in
2418 5277 2500 5323 eo,
2548 5259 2632 5314 hic
2672 5259 2773 5327 fert
2804 5260 3039 5329 fructum
3079 5261 3302 5313 multum
3323 5278 3341 5315 :
3367 5267 3492 5331 quia

1918 5357 2032 5409 sine
2061 5371 2141 5407 me
2170 5354 2303 5407 nihil
2326 5354 2541 5423 potestis
2565 5354 2758 5421 facere.
2797 5351 2857 5407 Si
2884 5353 3001 5422 quis
3032 5354 3085 5405 in
3111 5369 3189 5406 me
3216 5369 3317 5407 non
3345 5371 3494 5406 ma»-

1917 5449 2064 5511 serit,
2113 5448 2349 5500 mittetur
2386 5448 2533 5516 foras
2581 5449 2717 5502 sicut
2768 5447 2991 5516 palmes,
3043 5456 3093 5499 et
3151 5457 3392 5501 arescet:
3446 5456 3494 5501 et

1917 5537 2164 5607 colligeul
2195 5555 2334 5605 cum,
2369 5550 2417 5592 et
2448 5542 2500 5593 in
2534 5540 2703 5611 ignem
2745 5539 2979 5601 mittent,
3006 5546 3057 5589 et
3087 5536 3260 5589 ardet.

302 5722 368 5753 ’δ’
409 5722 587 5777 lCor.
619 5736 647 5773 x
671 5761 684 5778 .
719 5720 801 5772 l2.
878 5719 924 5751 "
964 5718 1118 5772 luan.
1156 5735 1249 5778 vn,
1281 5719 1370 5774 37.
1450 5722 1492 5752 ’⁸
1535 5718 1664 5773 ibid.
1697 5716 1785 5772 39.

1944 5714 2089 5770 l‘saI.
2128 5731 2295 5782 xxxv,
2331 5718 2383 5771 9.

558 5813 833 5874 Ριιτιιοι..
876 5814 989 5873 Gn.
1025 5815 1291 5875 LXXlY.

3091 5806 3163 5872 12
