3868 6200
371 263 478 324 363

369 478 550 535 solum
580 477 652 532 ob
689 491 913 532 causam
967 477 1210 546 seipsum
1262 477 1485 548 quidem
1519 479 1684 531 vitem
1735 491 1950 530 nuncu-

373 579 557 639 patum
603 585 727 626 esse
772 571 869 635 ait,
903 577 964 624 ut
1003 576 1152 626 clare
1197 585 1573 636 cerneremus,
1615 581 1669 624 et
1701 571 1951 640 corporis

373 663 766 734 propemodum
785 664 962 720 oculis
982 671 1243 734 tanquam
1268 665 1322 718 in
1347 664 1490 729 rudi,
1513 672 1568 719 et
1587 664 1860 727 sensibili,
1888 677 1952 716 ac

375 755 671 811 manifesto
705 757 954 827 exemplo
999 757 1464 827 perspiceremus,
1514 756 1584 810 ad
1637 755 1952 826 pariendam

375 849 655 913 virtutem,
695 847 1017 918 fructusque
1072 848 1352 917 Spiritales
1397 847 1788 917 producendos
1831 846 1953 900 ido-

376 951 512 992 neos
546 938 672 991 illos
705 951 850 1003 esse,
902 937 997 1008 qui
1031 938 1081 992 ei
1121 937 1400 992 mordicus
1436 938 1715 992 adhaerere
1749 946 1955 993 statue-

375 1031 512 1097 rint,
548 1044 579 1083 a
603 1030 710 1084 vite
737 1030 998 1084 nimirum
1033 1040 1260 1100 accepta
1291 1032 1495 1084 virtute
1527 1031 1698 1101 876
1723 1029 1881 1100 quasi
1923 1045 1953 1084 a

375 1128 571 1186 matre,
602 1127 663 1172 ut
697 1120 864 1174 etiam
890 1121 1110 1189 operari
1147 1121 1382 1189 possint.
1435 1120 1536 1186 Qui
1570 1135 1699 1174 vero
1737 1121 1806 1175 ab
1833 1120 1956 1188 ejus

374 1212 775 1280 conjunctione
809 1212 984 1266 avulsi
1015 1212 1425 1282 quodammodo
1472 1221 1567 1265 aut
1596 1214 1796 1266 resecti
1829 1222 1958 1268 sunt

375 1305 742 1360 conversione
781 1305 847 1359 ad
885 1305 1037 1368 vitia,
1090 1314 1143 1358 et
1196 1305 1362 1358 vitam
1410 1303 1519 1360 Deo
1566 1305 1793 1359 minime
1844 1308 1956 1376 pla-

375 1412 610 1464 centem,
643 1399 794 1452 nullo
824 1399 985 1450 modo
1010 1396 1076 1450 ad
1101 1397 1356 1451 virtutem
1389 1397 1567 1452 idonei
1596 1397 1952 1463 videbuntur,

377 1501 471 1547 aut
512 1495 782 1548 bonorum
820 1507 1047 1562 operum
1076 1493 1380 1546 claritatem
1416 1491 1648 1562 adipisci
1673 1500 1953 1562 poterunt,

378 1585 471 1640 sed
505 1586 797 1639 omnivoro
849 1584 963 1653 igni
1011 1584 1303 1638 tradentur
1350 1592 1613 1654 tanquam
1652 1583 1954 1640 inevitabili

378 1675 706 1729 necessitate
756 1675 1142 1730 consumendi.
1191 1674 1346 1741 Quod
1380 1675 1528 1728 enim
1590 1674 1657 1728 ad
1693 1675 1952 1745 pietatem

1401 263 1458 316 5.
1500 259 1775 317 CYRILLI
1804 255 2271 314 ALEXANDRINI
2296 251 2612 313 ARCHIEP.

440 387 646 456 Aperte
707 379 972 440 Dominus
1032 392 1221 441 noster
1271 382 1437 442 Jesus
1501 387 1761 442 Christus
1816 384 2034 442 hancA

3540 259 3650 314 564

2145 401 2472 470 Ἀναιρανδὺν
2505 403 2533 454 ὀ
2568 399 2769 472 Κύριος
2788 399 2990 470 Ἰησοῦς
3017 399 3045 454 ό
3068 400 3299 472 Χριστὸς
3327 401 3530 470 ταύτης
3565 420 3652 454 τοι

2053 496 2149 548 καὶ
2190 496 2359 566 μόνης
2397 489 2561 548 ἕνεκα
2608 498 2709 566 τῆς
2747 495 2958 559 αίτίας,
3008 493 3249 564 ἄμπελον
3306 488 3406 564 μὲν
3455 495 3655 547 ἑαυτὸν

2053 588 2474 656 κατωνομάσθαι
2506 587 2691 656 φησὶν,
2733 585 2874 658 ὑπὲρ
2905 584 2996 638 τοῦ
3024 582 3261 638 συνιέναι
3295 583 3502 652 σαφῶς,
3556 585 3657 652 μό-

2052 695 2142 732 νον
2167 679 2224 732 δὲ
2245 678 2365 748 οὐχὶ
2390 679 2484 731 καί
2506 678 2620 741 τοῖς
2657 676 2753 730 τοῦ
2795 677 3044 746 σώματος
3071 675 3366 746 ὀφθαλμοῖς
3393 675 3655 738 κατιδεῖν,

2051 770 2128 834 ὼς
2173 771 2232 822 ὲν
2261 770 2427 839 παχεῖ
2454 785 2513 821 τε
2553 768 2648 822 καὶ
2683 766 2931 836 αίσθητῷ
2960 768 3054 820 καὶ
3085 767 3368 835 φανοτάτῳ
3403 765 3523 819 λίαν
3547 783 3658 818 πα-

2056 861 2402 932 ραδείγματι,
2436 859 2513 922 ὼς
2551 862 2663 922 τοῖς
2701 859 2800 928 μὲν
2849 857 2998 928 αὐτῷ
3045 855 3430 928 προσηλῶσθαι
3483 873 3657 908 σπου-

2053 953 2313 1016 δάζουσι,
2393 951 2489 1005 καὶ
2562 950 2732 1022 ἀπρὶξ
2807 949 3081 1020 ἑλομένοις
3166 947 3658 1018 προσπεφυκέναι,

2057 1043 2341 1112 περιέσται
2362 1040 2563 1104 καλῶς,
2591 1040 2651 1093 τὸ
2670 1039 2929 1094 δύνασθαί
2948 1057 3009 1092 τε
3029 1039 3120 1091 καὶ
3140 1037 3459 1107 ἐπιτηδείως
3485 1036 3656 1105 ἔχειν,

2058 1134 2194 1204 πρὸς
2243 1132 2344 1204 τὴν
2396 1131 2498 1200 τῆς
2557 1131 2761 1202 ἀρετῆς
2818 1128 3158 1199 ἀποκύησιν,
3218 1128 3314 1181 καὶ
3368 1141 3660 1196 καρποφο-

2059 1225 2179 1296 ρίας
2207 1223 2601 1293 πνευματικῆς,
2621 1222 3061 1294 χορηγουμένους
3090 1218 3350 1290 δηλονότι,
3396 1217 3660 1287 καθάπερ

2057 1319 2122 1370 ἐκ
2154 1316 2359 1388 μητρὸς
2386 1316 2487 1386 τῆς
2527 1314 2796 1385 ἀμπέλου,
2829 1314 2928 1384 τὴν
2963 1312 3021 1377 ἐξ
3074 1310 3242 1380 αὐτῆς
3287 1309 3543 1379 δύναμιν,
3573 1310 3659 1370 εἰ,

2056 1410 2118 1461 τὸ
2143 1409 2401 1463 δύνασθαι
2450 1409 2544 1460 καὶ
2587 1408 2835 1478 ἐνεργεῖν
2869 1423 2883 1436 ο
2919 1408 3030 1469 τοῖς
3062 1422 3127 1474 γε
3174 1404 3281 1474 μὴν
3319 1402 3663 1472 ἀποσπωμέ-

2059 1519 2169 1564 νοις
2227 1500 2436 1571 ῶσπερ,
2494 1501 2611 1572 ήτοι
2655 1499 3131 1570 διακεκομμένοις,
3193 1498 3295 1568 τῆς
3351 1498 3430 1559 είς
3489 1487 3701 1549 αὐτὸν’

2060 1594 2298 1664 σχέσεως
2341 1591 2553 1647 διάτοῦ
2631 1633 2645 1646 .
2728 1632 2742 1644 .
2825 1634 2838 1646 .
2920 1632 2932 1644 .
3014 1632 3028 1644 .
3107 1630 3122 1644 .
3203 1631 3216 1644 .
3297 1631 3313 1646 .
3392 1586 3666 1657 ,πρὸςᾶ

2062 1687 2138 1757 μὴ
2182 1687 2314 1750 δεῖν,
2342 1687 2436 1740 καὶ
2466 1689 2544 1750 είς
2581 1685 2796 1757 ἀπῳδὸν
2847 1683 2924 1755 τῷ
2950 1683 3068 1752 Θεῷ
3097 1681 3367 1736 πολιτείαν
3385 1721 3399 1742 ,
3431 1679 3666 1749 οὐδεμία

377 1779 462 1823 est
494 1768 711 1828 inutile.
759 1766 941 1836 poenis
976 1767 1190 1822 luendis
1239 1767 1646 1838 quodammodo
1689 1744 1775 1820 est
1835 1767 1956 1821 ido-

2066 1744 2162 1848 μέν
2185 1744 2417 1848 δύναμις
2456 1744 2826 1846 ἐποφθήσεται
2865 1744 2962 1846 τῖῆς
2993 1744 3071 1836 είς
3113 1772 3312 1846 ἀρετὴν
3349 1744 3659 1838 ἐπιτηδειό-

379 1877 566 1927 neum,
594 1859 1054 1930 quemadmodum
1086 1875 1281 1930 nempe
1308 1868 1360 1914 et
1384 1860 1528 1928 quod
1558 1860 1612 1913 in
1641 1859 1958 1930 palmitibus

379 1962 463 2009 est
513 1953 751 2014 aridum,
807 1951 872 2006 ad
917 1951 1099 2022 ignem
1144 1952 1321 2005 solum
1369 1961 1452 2005 est
1498 1951 1652 2005 utile.
1711 1949 1958 2016 Quorum

380 2044 647 2100 indicium
705 2052 762 2100 et
815 2052 1202 2116 argumentum
1251 2058 1445 2100 verum
1492 2052 1548 2098 et
1587 2042 1956 2098 indubitatum

379 2138 643 2209 accipies,
676 2152 787 2191 non
815 2136 1036 2206 quidem
1070 2136 1118 2190 si
1146 2143 1391 2191 veterum
1423 2145 1745 2192 sanctorum
1779 2131 1958 2205 capita

378 2229 669 2299 respicias,
702 2226 796 2282 sed
829 2226 896 2280 ad
931 2227 1080 2296 ipsos
1127 2233 1352 2280 sanctos
1392 2225 1672 2294 apostolos
1717 2234 1957 2278 mentem

379 2322 657 2375 advertas.
691 2317 758 2372 Hi
788 2318 969 2383 enim,
999 2318 1150 2372 nullo
1181 2317 1343 2372 modo
1373 2327 1556 2388 spreta
1585 2318 1793 2372 Christi
1823 2317 1959 2371 dile-

379 2412 596 2477 ctione,
640 2409 736 2465 sed
779 2416 1167 2480 permanentes
1221 2409 1279 2463 in
1326 2424 1425 2475 eo,
1477 2410 1727 2478 nihilque
1769 2408 1958 2478 pietati

377 2518 506 2574 erga
530 2518 656 2558 eum
685 2501 1116 2572 praeponendum
1142 2501 1248 2554 rati
1269 2500 1613 2557 celeberrimi
1644 2500 1774 2554 facti
1805 2508 1956 2562 sunt,

376 2597 729 2667 fructumque
763 2611 878 2651 suae
910 2595 1129 2649 virtutis
1157 2595 1329 2649 totius
1354 2594 1505 2650 orbis
1539 2596 1956 2650 conversionem

373 2691 750 2762 protulerunt,
791 2695 846 2743 et
875 2687 1089 2757 seipsos
1131 2687 1236 2757 pite
1289 2688 1734 2742 conversationis
1769 2702 1957 2742 exem-

373 2783 525 2852 plum
551 2797 648 2836 ceu
681 2782 951 2836 illustrem
983 2777 1277 2849 quamdam
1312 2777 1476 2834 terris
1507 2779 1800 2848 imaginem
1831 2793 1960 2848 pro-

375 2880 666 2943 ponentes,
701 2869 1218 2923 immarcescibilem
1254 2868 1442 2938 gloria:
1470 2883 1591 2936 qua:
1617 2869 1758 2937 apud
1791 2867 1957 2923 Deum

373 2974 462 3021 est
500 2975 765 3017 coronam
800 2960 907 3015 sibi
966 2969 1301 3030 pepererunt
1323 2961 1390 3014 ³⁸.
1450 2957 1590 3016 Vilis
1625 2970 1810 3014 autem
1844 2960 1956 3026 ille,

2059 1889 2241 1942 τητος,
2271 1870 2384 1923 ἀλλ’
2423 1870 2544 1923 οὐδὲ
2586 1869 2682 1922 τοῦ
2707 1867 2966 1922 δύνασθαι
3011 1869 3122 1930 τοῖς
3161 1866 3225 1918 ὲκ
3260 1865 3359 1932 τῆς
3385 1861 3664 1930 ἀγαθουρ-

2059 1963 2187 2032 γίας
2236 1963 2557 2033 διαπρέπειν
2611 1963 2868 2033 καρποῖς,
2929 1959 3080 2012 ἔσται
3131 1957 3188 2012 δὲ
3224 1955 3446 2028 μᾶλλον,
3485 1954 3560 2017 ὡς
3597 1953 3663 2019 ἐξ

2059 2056 2305 2124 ἀνάγκης
2349 2054 2721 2125 ἀπαραιτήτου
2768 2049 2972 2117 λοιπὸν,
3023 2050 3083 2103 τὸ
3128 2049 3325 2120 χρῆναι
3373 2047 3665 2118 παμφαγῳ

2058 2146 2400 2202 δαπανᾶσθαι
2467 2146 2620 2216 πυρί.
2693 2145 2766 2198 Τὸ
2825 2145 2933 2214 γὰρ
3006 2143 3277 2214 ἄχρηστον
3357 2143 3437 2204 είς
3504 2138 3663 2192 εὐσέ-

2061 2240 2234 2306 ϐειαν,
2274 2239 2574 2310 ἐπιτήδειόν
2606 2256 2722 2301 πως
2768 2239 2846 2300 είς
2877 2238 2937 2290 τὸ
2988 2236 3144 2298 δίκας
3179 2233 3520 2287 ἀποτιννύειν
3567 2230 3662 2283 60-

2060 2337 2167 2399 κεῖ,
2223 2332 2412 2403 ῶσπερ
2463 2327 2556 2384 οὗν
2587 2331 2779 2400 ἀμέλει
2823 2330 2916 2383 καὶ
2948 2329 3008 2382 τὸ
3042 2327 3273 2381 αὐανθὲν
3304 2326 3361 2379 ἐν
3393 2324 3662 2396 κλήμασι,

2063 2424 2208 2495 μόνῳ
2246 2425 2513 2494 χρήσιμον
2545 2421 2695 2474 ἔσται
2724 2419 2876 2491 πυρί.
2911 2419 3110 2482 Λάϐοις
3138 2418 3180 2470 δ’
3202 2417 3267 2470 ἂν
3294 2417 3403 2470 τῶν
3433 2414 3662 2486 εἰρημέ-

2058 2531 2164 2569 νων
2196 2514 2566 2584 ἀναμφίλογόν
2606 2530 2665 2565 τε
2690 2513 2783 2566 καὶ
2819 2511 2994 2582 ἀληθῆ
3027 2511 3122 2582 τὴν
3140 2508 3432 2573 ἀπόδειξιν,
3462 2505 3525 2559 οὐ
3557 2508 3663 2569 τὰς

2059 2607 2167 2659 τῶν
2262 2606 2507 2676 ἀρχαίων
2564 2605 2732 2672 ἁγίων
2807 2603 3310 2672 περισκοπούμενος
3391 2598 3663 2668 κεφαλὰς,

2059 2700 2174 2754 ἀλλ’
2209 2700 2392 2760 αὐτοῖς
2417 2698 2647 2765 ἐπαφεὶς
2675 2696 2772 2767 τὴν
2795 2695 3032 2748 διάνοιαν
3069 2696 3180 2756 τοῖς
3214 2693 3389 2761 ἁγίοις
3421 2691 3664 2743 ἀποστει-

2060 2792 2190 2854 λοις.
2225 2791 2287 2844 Οἱ
2322 2790 2417 2860 μὲν
2445 2790 2554 2860 γάρ
2574 2788 2673 2858 τῆς
2705 2790 2784 2851 εἰς
2809 2786 3042 2856 Χριστὸν
3071 2786 3291 2854 ἀγάπης
3320 2784 3441 2838 κατ’
3464 2783 3661 2836 οὸδενα

2059 2883 2258 2953 τρόπον
2307 2881 2762 2951 ὀλιγωρήσαντες,
2811 2875 3275 2948 διαμεμενηκότες
3304 2875 3359 2928 δὲ
3392 2877 3448 2927 ἐν
3482 2875 3662 2942 αὐιηυ,

2061 2973 2155 3025 καὶ
2195 2971 2358 3042 μηδὲν
2405 2971 2542 3033 ὅλως
2587 2966 2983 3040 προτάττεσθαι
3008 2967 3108 3032 τῆς
3166 2967 3246 3030 είς
3284 2964 3448 3019 αὐτὸν
3498 2964 3664 3016 εὐσε-

374 3064 428 3110 et
459 3055 666 3110 venalis
698 3051 873 3109 Judas
905 3054 1056 3107 tenui
1105 3053 1304 3108 lucello
1351 3063 1568 3123 captus,
1613 3052 1684 3106 ab
1739 3052 1956 3107 intelle-

2066 3064 2214 3126 δείας
2265 3064 2502 3132 οἰόμενοι
2557 3061 2692 3124 δεῖν,
2762 3061 3015 3128 γεγόνασι
3080 3058 3443 3127 παναοίδιμοιο
3521 3073 3666 3127 καρ-

373 3147 545 3202 ctuali
576 3145 706 3210 vite,
731 3144 836 3199 hoc
865 3152 949 3199 est
981 3142 1225 3208 Christo,
1247 3151 1522 3205 rcsectus,
1546 3142 1959 3213 quodammodo

373 3241 606 3304 exaruit,
639 3253 747 3292 una
775 3252 900 3292 cum
945 3237 1204 3306 discipuli
1239 3235 1536 3305 dignitate,
1572 3234 1792 3289 viviﬁca
1836 3232 1960 3303 Spi-

374 3335 517 3388 ritus
560 3332 764 3386 amissa
801 3330 853 3383 vi
896 3330 1184 3399 qualitate.
1224 3326 1395 3381 Foras
1425 3327 1575 3380 enim
1610 3325 1823 3395 ejectus
1851 3332 1955 3386 est,

369 3427 526 3496 juxta
561 3421 876 3478 Servatoris
916 3437 1108 3476 vocem
1149 3438 1164 3475 :
1203 3419 1548 3474 abalienatus
1597 3417 1798 3487 quippe
1852 3423 1958 3478 est,

376 3524 539 3586 atque
599 3513 896 3567 ultricibus
955 3509 1195 3565 ﬂammis
1244 3510 1421 3564 instar
1470 3509 1643 3577 paleae
1699 3506 1957 3560 traditus.

380 3606 598 3662 Utiliter
627 3606 813 3674 itaque
849 3603 1115 3657 Dominus
1147 3609 1339 3656 noster
1381 3599 1545 3656 Jesus
1575 3598 1832 3654 Christus
1859 3611 1960 3651 au-

378 3698 656 3752 ditoribus
687 3697 806 3752 suis
835 3694 1082 3750 ostendit
1112 3703 1319 3764 quanta
1369 3707 1468 3749 eos
1499 3691 1690 3747 laatitia
1745 3697 1962 3744 maneat

377 3791 473 3862 qui
505 3790 609 3846 sibi
641 3788 919 3842 adurerere
949 3786 1200 3849 student,
1237 3793 1292 3840 et
1340 3791 1609 3856 quantum
1644 3791 1836 3836 contra
1873 3780 1964 3851 ja-

378 3895 569 3943 cturae,
617 3881 662 3935 si
709 3880 802 3950 qui
852 3895 882 3933 a
923 3896 981 3935 se
1028 3885 1350 3934 resecentur
1378 3917 1393 3943 ,
1441 3875 1717 3946 duplicem
1767 3873 1964 3929 salutis

379 3957 601 4029 modum
635 3972 977 4042 exeogilans.
1012 3969 1109 4026 Vel
1135 3971 1281 4026 enim
1314 3970 1502 4041 gloriae
1552 3983 1617 4023 ac
1648 3969 1771 4022 vitae
1802 3966 1960 4038 cupi-

379 4068 570 4131 ditate,
599 4067 680 4120 vel
704 4066 847 4136 ignis
877 4065 1134 4134 supplicii
1178 4073 1326 4118 metu
1356 4077 1421 4117 ac
1455 4061 1604 4131 fuga,
1636 4069 1756 4115 toto
1789 4059 1963 4115 animi

380 4158 564 4214 studio
608 4159 656 4212 ei
706 4155 902 4212 fortius
943 4155 1363 4225 conjungemur.
1418 4153 1734 4223 Agricolam
1775 4161 1960 4206 autem

380 4250 596 4305 Patrem
629 4249 725 4312 ait,
762 4258 974 4303 natura:
1012 4249 1214 4303 divina:
1249 4249 1653 4317 inspectionem
1690 4246 1746 4300 in
1777 4261 1880 4301 nos
1910 4253 1994 4300 ct'

379 4358 570 4397 curam
605 4341 942 4404 attribuens,
975 4337 1439 4409 quemadmodum
1472 4346 1528 4393 et
1567 4338 1624 4392 in
1654 4336 1962 4407 superiori-

380 4435 485 4493 bus
525 4434 704 4490 fusius
741 4431 1264 4487 demonstravimus.
1301 4428 1482 4500 Ipsum
1507 4429 1712 4499 quippe
1736 4443 1962 4498 compe-
1995 4421 2039 4475 D

380 4526 591 4581 riemus
621 4540 744 4580 esse
792 4523 1054 4594 agricolm
1095 4537 1343 4588 manum,
1390 4536 1739 4592 nequaquam
1787 4520 1856 4574 ab
1897 4536 1964 4574 eo

380 4619 626 4674 essentia
649 4618 890 4672 alienam
916 4631 980 4670 ac
1003 4616 1276 4681 dissitam,
1303 4614 1398 4670 sed
1421 4630 1487 4669 ex
1515 4615 1636 4685 ipso
1659 4622 1712 4669 et
1735 4614 1791 4668 in
1821 4613 1961 4684 ipso,

383 4707 845 4780 quemadmodum
873 4716 928 4762 et
955 4708 1010 4760 in
1039 4707 1202 4762 nobis
1227 4706 1420 4761 videre
1454 4707 1603 4762 licet.
1629 4705 1782 4772 Quod
1817 4706 1961 4760 enim

383 4807 588 4854 cuncta
619 4797 731 4853 sint
763 4812 861 4869 per
885 4796 1088 4852 Filium
1111 4838 1126 4863 ,
1155 4798 1321 4868 quasi
1369 4813 1464 4868 per
1500 4813 1723 4852 manum
1764 4796 1960 4860 Patris,

381 4892 548 4965 877
591 4891 772 4961 ipsum
804 4889 873 4946 de
905 4889 1185 4946 creaturis
1211 4889 1530 4959 loquentem
1572 4889 1742 4943 audi:
1779 4906 1800 4939 ι
1847 4888 1963 4942 Ma-

392 4971 501 5039 nus
535 4995 657 5036 mea
690 4980 821 5036 fecit
861 4981 980 5037 haec
1011 4981 1198 5036 omnia
1219 4980 1305 5035 "z
1343 4980 1561 5034 tametsi
1600 4979 1784 5033 omnia
1821 4978 1966 5032 facta

383 5080 514 5130 sunt
543 5085 640 5144 per
665 5069 895 5134 Filium,
945 5069 1103 5139 juxta
1149 5078 1374 5124 sanctas
1419 5068 1821 5139 Scripturas“.
1857 5067 1966 5123 No-

383 5164 609 5220 tandum
670 5178 804 5220 vero
836 5162 1082 5218 divinum
1138 5159 1372 5215 Paulum
1402 5164 1765 5217 resectionem
1799 5178 1961 5232 quam

384 5257 472 5313 hic
527 5255 932 5327 intelligimus,
988 5253 1076 5308 his
1135 5253 1273 5308 forte
1319 5254 1506 5309 verbis
1581 5255 1961 5310 subinnuere:

390 5368 409 5399 ι
448 5345 584 5403 Vide
617 5360 750 5416 ergo
775 5344 1080 5401 bonitatem
1119 5351 1173 5398 et
1202 5345 1550 5400 severitatem
1588 5344 1726 5401 Dei:
1765 5347 1821 5400 in
1865 5362 1963 5403 eos

388 5437 606 5508 quidem
636 5439 731 5510 qui
776 5438 1118 5499 ceciderunt,
1161 5437 1508 5492 severitatem
1535 5454 1547 5467 °
1583 5439 1638 5493 in
1680 5448 1734 5494 te
1780 5445 1962 5494 autem

455 5700 502 5732 ⁸³
537 5699 557 5755 ι
588 5699 734 5756 Petr.
765 5717 817 5765 ν,
855 5701 889 5755 4
967 5703 1008 5734 ³⁸
1046 5700 1150 5757 lsa.
1186 5720 1304 5759 vai
1336 5752 1343 5766 ,
1379 5707 1431 5763 2.
1514 5705 1556 5737 ³⁸
1597 5703 1755 5760 toan.
1795 5721 1854 5773 t,
1887 5706 1939 5760 '5.

2063 3155 2163 3208 πδν
2185 3155 2240 3208 δὲ
2288 3155 2387 3223 τῆς
2426 3154 2634 3207 ἑαυτῶν
2681 3153 2880 3224 ἀρετῆς
2927 3150 3134 3218 ἔδειξαν
3167 3151 3264 3221 τὴν
3307 3148 3663 3219 οἰκουμένην,

2061 3249 2154 3300 καὶ
2183 3245 2428 3314 φιλοθέου
2465 3244 2738 3308 πολιτείας
2770 3242 3153 3314 ὑπογραμμὸν,
3186 3241 3254 3295 τὰ
3284 3240 3405 3294 καθ’
3432 3240 3665 3302 ἑαυτοὺς

2063 3340 2372 3405 ἀναθέντες,
2434 3337 2688 3408 καθάπερ
2744 3337 2928 3390 εἰκόνα
2987 3340 3053 3408 τῇ
3107 3336 3317 3406 ὐφηλίῳ
3370 3334 3662 3406 λαμπρὰν,

2062 3431 2152 3484 τὸν
2213 3431 2529 3500 ἀμάραντον
2581 3429 2681 3499 τῆς
2741 3429 2892 3500 παρά
2959 3427 3078 3498 Θεῷ
3136 3427 3294 3496 δόξης
3339 3425 3670 3479 ὲνεδύσαντο

2064 3522 2344 3590 στέφανον.
2381 3522 2441 3574 '0
2472 3521 2528 3573 δὲ
2589 3523 2808 3592 μικροῖς
2841 3520 3126 3592 ἀργυρίοις
3181 3518 3539 3590 σαγηνευθεὶς
3579 3519 3666 3580 είς

2063 3613 2358 3678 ἀπώλειαν,
2414 3612 2556 3683 (ρημᾶ⁹
2600 3611 2656 3664 δὲ
2695 3613 2787 3664 τὸν
2831 3611 3030 3682 εὐχερῆ
3087 3627 3147 3663 τε
3177 3611 3272 3664 καὶ
3325 3609 3668 3662 εὐωνότατον

2076 3702 2296 3767 Ἰούδαν,
2376 3700 2716 3772 ἀποτμηθεὶς
2798 3702 2900 3769 τῆς
2961 3699 3212 3770 ἀμπέλου
3276 3698 3374 3769 τῆς
3439 3697 3664 3766 νοητῆς,

2062 3794 2207 3848 τοῦτ’
2242 3794 2357 3848 ἐστι
2422 3794 2680 3866 Χριστοῦ,
2737 3792 3113 3864 κατεξηράνθη
3149 3790 3347 3863 τρόπον
3393 3789 3537 3856 τινὰ,
3581 3790 3667 3860 τῷ

2064 3885 2165 3956 τῆς
2197 3885 2497 3957 μαθητείας
2519 3885 2809 3955 ἀξιώματι.
2837 3885 2932 3938 καὶ
2955 3885 3051 3954 τὴν
3081 3882 3341 3946 ζωοποιδν
3363 3881 3456 3935 τοῦ
3491 3883 3664 3936 πνεὺ-

2068 3991 2240 4047 ματος
2292 3977 2556 4046 ποιότητα
2607 3974 3018 4030 συναποϐαλών.
3057 3973 3323 4042 Βέϐληται
3385 3972 3493 4043 γὰρ
3535 3971 3669 4036 ἔξω,

2065 4069 2208 4122 κατὰ
2237 4067 2335 4139 τὴν
2369 4066 2462 4121 τοῦ
2502 4067 2756 4138 Σωτῆρος
2803 4069 3006 4136 φωνήνο
3063 4063 3496 4134 ἀπηλλοτρίωται
3529 4064 3665 4132 γὰρ,

2065 4165 2159 4217 καὶ
2188 4163 2323 4233 πυρὶ
2379 4162 2455 4233 τῷ
2509 4161 2790 4226 κολάζοντι
2839 4157 3105 4229 συρφετοῦ
3165 4155 3440 4228 παρεδόθη
3484 4154 3666 4223 δίκην.

2065 4256 2367 4326 Χρησίμως
2430 4248 2522 4306 οὖν
2580 4252 2686 4323 ἀρα
2739 4253 2852 4310 τοῖς
2925 4247 3298 4320 ἀκροωμένοις
3364 4246 3393 4298 δ
3457 4245 3668 4312 Κύριος

2066 4347 2224 4418 ήμῶν
2271 4344 2477 4418 Ἰησοῦς
2509 4346 2538 4397 ὁ
2573 4343 2834 4413 Χριστὸς,
2875 4343 2976 4412 τήν
3017 4358 3074 4394 τε
3139 4341 3202 4392 ἐκ
3245 4337 3340 4392 τοῦ
3382 4336 3665 4409 προσηλῶ-

2070 4440 2193 4494 σθαι
2235 4437 2553 4500 σπουδάζειν
2595 4437 2740 4506 αὐτῷ
2771 4433 3085 4505 παρέδειξεν
3130 4432 3414 4503 εὐθυμίαν,
3441 4432 3537 4483 καὶ
3565 4431 3668 4498 τὴν

2070 4533 2134 4584 ὲκ
2163 4531 2255 4584 τοῦ
2286 4531 2676 4600 παρακοπῆναι
2705 4525 2908 4596 ζημίαν
2957 4523 3401 4594 ἀντιπαρίστησι,
3443 4519 3668 4573 διπλοῦν

2071 4625 2364 4692 ἐπινοήσας
2393 4621 2492 4690 τῆς
2531 4619 2798 4688 σωτηρίας
2828 4617 2918 4670 τὸν
2945 4615 3164 4686 τρόπον.
3225 4615 3295 4667 Ἥ
3327 4613 3437 4684 γὰρ
3480 4613 3666 4680 ἐφέσει

2071 4715 2136 4782 τῇ
2201 4711 2338 4780 πρὸς
2396 4708 2552 4773 δόξαν
2619 4706 2799 4781 δρώσῃ
2851 4708 2945 4760 καὶ
2998 4705 3162 4774 ζωὴν,
3218 4705 3384 4774 ἦγουν
3429 4703 3489 4755 τὸ
3533 4703 3663 4772 πυρῖ

2071 4801 2398 4866 κολάζεσθαι
2470 4799 2897 4871 παραιτούμενοι
2943 4797 3042 4865 τῆς
3109 4797 3244 4866 πρὸς
3303 4793 3469 4846 αὐτὸν
3538 4809 3662 4845 συν-

2071 4895 2268 4964 αφείας
2306 4893 2585 4963 ὁλοκλήρῳ
2639 4890 2720 4962 τῷ
2759 4889 2856 4959 τῆς
2902 4887 3143 4952 διανοίας
3198 4887 3334 4956 τόνῳ
3388 4885 3650 4938 σπουδαιό

2070 5002 2231 5056 τερον
2260 4983 2580 5053 ἀνεξόμεθα.
2611 4979 2862 5052 Γεωργὸν
2916 4979 2973 5032 δέ
3013 4995 3145 5051 φησι
3177 4978 3268 5030 τὸν
3318 4974 3558 5046 Πατέρα,
3590 4977 3664 5044 τῇ

2074 5075 2194 5146 θείᾳ
2239 5077 2398 5145 φύσει
2450 5074 2624 5137 διδοὺς
2678 5073 2786 5128 τῶν
2833 5071 2957 5126 καθ’
2998 5072 3149 5143 ἡμᾶς
3199 5069 3299 5140 τὴν
3349 5064 3664 5136 ἐπίσκεψιν,

2075 5165 2219 5219 καθά
2245 5167 2340 5219 καὶ
2369 5167 2424 5217 ὲν
2473 5167 2585 5228 τοῖς
2622 5163 2880 5234 ἀνωτέρω
2919 5161 3009 5215 διὰ
3041 5158 3249 5213 πολλῶν
3283 5160 3416 5231 ἡμῖν
3445 5155 3658 5210 ἀπεδεί-

2071 5255 2175 5328 χθη
2222 5255 2414 5325 λόγων.
2466 5253 2837 5326 Εὐρεθήσεται
2880 5251 2988 5322 γὰρ
3039 5249 3302 5319 ὑπάρχων
3349 5247 3514 5311 αὐτὸς
3566 5245 3666 5298 τοῦ

2071 5348 2439 5420 γεωργοῦντος
2469 5349 2502 5418 ἡ
2529 5348 2672 5418 χεὶρ,
2702 5346 2798 5416 οὐχ
2826 5345 2988 5416 ἑτέρα.
3013 5342 3143 5414 παρ’
3182 5341 3344 5396 αὐτὸν
3372 5338 3663 5408 νοουμένη,

2072 5442 2212 5497 κατά
2248 5458 2309 5512 γε
2338 5441 2397 5496 τὸ
2428 5438 2711 5511 ὁμοούσιον
2740 5438 2833 5493 καὶ
2867 5436 2923 5504 ἐξ
2957 5432 3121 5489 αὐτοῦ
3182 5450 3241 5488 τε
3278 5431 3372 5487 καὶ
3398 5433 3459 5487 ἐν
3490 5429 3665 5502 αὐτῷ,
