3868 6200
196 326 304 391 363
1260 329 1329 387 IN
1368 327 1653 388 JOANNIS
1688 326 2138 389 EVANGELIUM
2180 331 2309 388 LIB.
2348 331 2421 386 X.
3364 335 3471 393 366

198 448 454 519 καθάπερ
503 445 596 503 οὗν
648 450 764 502 ἔστι
818 449 1019 520 χα“ιὲῳ’
1073 450 1235 520 ἡμῶν
1286 450 1459 513 οὕτως
1489 449 1612 520 ἔχον
1643 450 1789 503 ἰδεῖν.

1905 450 2209 507 bonitatem
2253 449 2373 513 Dei,
2408 451 2456 507 si
2511 455 2884 523 permanseris
2931 455 2985 509 in
3017 454 3306 513 bonitate:
3337 457 3475 511 alio-

201 541 329 592 Ὀτι
366 540 474 612 γὰρ
497 541 563 595 δι’
589 540 719 593 Υίοῦ
743 540 815 593 τά
846 542 1044 606 πάντα,
1076 540 1329 612 καθάπερ
1357 540 1446 594 διὰ
1484 542 1665 612 χειρδς
1692 540 1787 593 τοῦ

1905 544 2032 611 quin
2062 550 2119 597 et
2148 552 2202 596 tu
2237 544 2598 601 excideris".
2635 566 2654 596 ι

199 634 614 705 Πατρὸς,αυτοῦ
638 632 885 702 λέγοντος
916 634 1146 687 ἄκουσον
1164 635 1291 703 περὶ
1317 634 1424 685 τῶν
1457 637 1792 704 κτισμάτωψ
1838 654 1857 686 ι
1904 636 1967 687 Ἢ
2013 636 2134 706 χείρ
2186 654 2286 706 μου
2321 637 2542 709 ἐποίησε
2596 637 2767 692 ταῦτα
2803 638 2999 704 πάντα,
3040 658 3062 692 ι
3144 640 3319 696 καίτοι
3368 642 3477 695 τῶν

198 730 423 783 πάντων
452 730 752 798 γεγονότων
782 730 850 783 δι’
878 731 1027 793 Υίοῦ,
1058 731 1200 785 κατά
1251 732 1351 792 τὰς
1384 732 1544 799 ἁγίας
1607 732 1849 803 Γραφάς.
1888 734 2233 803 Σημειωτέον
2266 735 2347 800 δὲ,
2377 734 2459 787 ὅτι
2487 734 2578 786 καὶ
2614 736 2641 786 ὁ
2682 734 2964 797 θεσπέσιος
2998 733 3229 801 Παῦλος,
3266 733 3362 804 τὴν
3395 734 3481 785 ὲν-

198 825 325 877 θάδε
359 825 655 893 νοουμένην
692 826 823 895 ἡμῖν
851 824 1224 877 ὑπαινίττεται
1259 826 1453 895 τομὴν,
1502 827 1548 878 εἰ
1584 827 1676 878 καὶ
1717 826 1793 897 μὴ
1832 826 1908 891 ὡς
1936 825 2181 897 ἄμπελον
2218 828 2326 900 [ιον.
2352 828 2622 900 ἀμπέλου]
2653 828 2833 898 τυχὸν,
2867 828 3011 883 οὓτω
3049 828 3243 896 λέγων·
3299 846 3318 879 ι
3366 825 3474 879 Ἴδε

195 913 289 969 οὖν
362 916 706 987 χρηστότητα
755 917 848 969 καὶ
901 918 1203 988 ἀποτομίαν
1240 917 1397 971 Θεοῦ·
1458 919 1550 973 ἐπὶ
1602 919 1854 989 μὲντοὺς
1888 923 2149 986 πεσόντας
2207 923 2531 993 ἀποτομίαν,
2596 924 2686 976 ἐπὶ
2747 923 2803 976 δὲ
2864 924 2923 977 σὲ
2966 923 3331 994 χρηστότητα,
3380 921 3477 975 ἐὰν

196 1012 487 1083 ὲπιμείνης
525 1013 591 1081 τῇ
634 1011 963 1081 χρηστότητι
1002 1030 1017 1045 ο
1044 1013 1168 1065 ἐπεὶ
1206 1014 1392 1068 καὶσὺ
1423 1015 1723 1087 ἐκκοπήσῃ.
1769 1034 1787 1065 ›

280 1103 417 1157 Ἐὰν
464 1106 702 1172 μείνητε
729 1106 798 1158 ἐν
829 1107 978 1175 ἐμοὶ,
1034 1106 1133 1160 καὶ
1166 1107 1238 1161 τὰ
1281 1108 1523 1176 ῥήματά
1551 1128 1670 1178 μου
1727 1110 1798 1163 ἐν

195 1195 342 1264 ὑμῖν
358 1198 558 1264 μείνῃ,
586 1197 616 1249 ὃ
651 1198 761 1251 ἐὰν
790 1202 1005 1267 θέλητε
1041 1200 1388 1268 αἰτήσεσθε,
1423 1204 1519 1256 καὶ
1550 1204 1799 1272 γενήσε-

196 1305 291 1341 ται
312 1288 475 1357 ὑμῖν.

277 1381 463 1444 Ῥίζαν
496 1381 718 1435 ἔσεσθαί
744 1400 906 1453 φησιν
936 1384 1225 1453 εὐμενείας
1254 1387 1437 1450 αὐτοῖς
1463 1388 1561 1457 τῆς
1593 1388 1798 1442 ἀνωτά-

191 1490 291 1536 τω,
335 1474 399 1526 τὸ
428 1476 861 1543 προσκολλᾶσθαι
888 1478 1063 1545 φιλεῖν
1108 1479 1461 1550 ἀδιατμήτως
1485 1480 1655 1550 αὐτῷ,
1701 1481 1797 1534 καὶ

195 1565 487 1631 φυλάττειν
577 1567 635 1618 ὲν
708 1566 808 1637 νῷ,
880 1570 1134 1641 καθάπερ
1202 1571 1324 1625 τινὰ
1402 1574 1797 1645 παρακαταθή-

194 1674 302 1725 κην
333 1656 481 1709 θείαν
505 1674 563 1711 τε
594 1660 689 1712 καὶ
739 1662 1136 1735 πνευματικὴν,
1188 1663 1284 1735 τὴν
1317 1668 1795 1738 ἀκραιφνεστάτην

191 1747 304 1800 τῶν
332 1749 699 1815 εὐαγγελικῶν
718 1753 1122 1823 παιδευμάτων,
1159 1758 1253 1809 καὶ
1282 1755 1497 1810 τῶνὲπὶ
1514 1761 1581 1829 τῇ
1607 1758 1791 1811 πίστει

191 1838 480 1907 δογμάτων
508 1839 607 1911 τὴν
629 1842 802 1914 ἀληθῆ
826 1861 884 1896 τε
912 1844 1081 1908 ὅντως
1112 1845 1414 1911 παίδευσιν,
1442 1850 1534 1902 καὶ
1558 1848 1789 1920 εἰλικρισ

1968 1100 2089 1165 XV,
2119 1102 2171 1159 7.
2211 1101 2269 1157 Si
2301 1105 2604 1157 manseritis
2633 1105 2686 1158 in
2722 1122 2825 1168 me,
2867 1115 2915 1160 et
2952 1108 3108 1161 verba
3153 1125 3269 1163 mea
3299 1110 3355 1164 in
3388 1128 3478 1165 voc

1897 1196 1973 1249 bis
2008 1196 2321 1260 manserint,
2360 1195 2703 1267 quodcunque
2728 1197 3000 1252 volueritis
3058 1203 3265 1269 patetis,
3290 1211 3343 1256 et
3382 1203 3476 1273 ﬁet

1894 1288 2057 1344 vobis.

1966 1380 2230 1437 Radicem
2259 1384 2338 1438 eis
2383 1399 2636 1454 superna:
2686 1384 3082 1441 benevolentia:
3121 1385 3238 1442 fore
3284 1389 3383 1452 ait,
3424 1387 3474 1444 si

1897 1472 2003 1527 sibi
2038 1474 2483 1543 inseparabiliter
2533 1476 2871 1540 adhaereant,
2920 1487 2974 1532 et
3022 1478 3076 1532 in
3110 1480 3295 1533 animo
3339 1496 3476 1535 con-

1896 1573 2118 1618 servent
2162 1565 2410 1619 divinum
2452 1568 2620 1623 veluti
2656 1569 2931 1640 quoddam
2971 1585 3035 1624 ac
3085 1572 3333 1640 spiritale
3378 1571 3475 1626 de-

1892 1657 2157 1725 positum,
2184 1658 2535 1727 purissimam
2562 1675 2765 1730 nempe
2796 1662 3125 1730 evangelica)
3157 1662 3470 1733 disciplinae

1891 1757 1946 1802 et
1993 1765 2180 1803 veram
2218 1749 2340 1805 ﬁdei
2381 1750 2698 1821 dogmatum
2736 1754 3067 1819 doctrinam,
3123 1771 3188 1810 ac
3237 1758 3473 1812 sinceris

1890 1840 2321 1909 cogitationibus
2361 1844 2653 1898 munitam.
2718 1844 2776 1899 In
2824 1844 2909 1899 his
2957 1847 3101 1900 enim
3162 1846 3473 1904 Servatoris

192 1931 344 1983 νέσιν
394 1933 625 1995 ἐννοίαις
662 1937 1160 2008 κατωχυρωμένην,
1206 1939 1294 1992 Ἐν
1346 1940 1455 2011 γὰρ
1488 1940 1551 2011 δὴ
1580 1915 1791 2003 τούτοις

1905 1933 2072 1986 omnis
2110 1942 2612 2002 sermoversatur,
2664 1935 2710 1989 si
2771 1935 3188 2005 Evangeliorum
3241 1938 3475 2010 scopum

192 2024 330 2091 ἡμῖν
358 2024 575 2094 σύμπας
622 2025 686 2079 ἂν
718 2027 804 2096 εἴη
850 2029 944 2081 τοῦ
976 2031 1226 2101 Σωτῆρος
1256 2032 1285 2083 ὁ
1330 2031 1509 2101 λόγος,
1540 2035 1587 2086 εἰ
1615 2035 1706 2086 τὸν
1734 2035 1791 2087 ἐν

190 2118 308 2177 τοῖς
369 2114 718 2184 Εὐαγγελίοις
772 2121 1145 2192 περιαθρῆσαι
1207 2125 1409 2177 σκοπὸν
1468 2125 1789 2196 θελήσομεν.

191 2206 269 2257 Τὸ
301 2207 410 2277 γὰρ
453 2212 567 2271 τοῖς
616 2209 858 2265 αἰτοῦσιν
901 2212 1167 2284 ἀμελλητὶ
1203 2214 1478 2286 διανέμειν
1520 2217 1589 2270 τὰ
1614 2218 1794 2285 ἀγαθὰ

190 2299 738 2367 κατεπαγγέλλεσθαι
786 2302 875 2354 τὸν
904 2304 1157 2372 Χριστὸν,
1210 2306 1325 2369 πῶς
1354 2308 1474 2377 οὐχὶ
1503 2306 1663 2361 τοῦτο
1700 2310 1794 2363 καὶ

195 2388 346 2457 μάλα
378 2389 567 2460 σαφῶς
611 2394 912 2461 ἐγγυᾶσθαι
938 2398 1220 2469 φήσομεν;
1248 2399 1311 2450 Τί
1344 2399 1401 2452 δὲ
1432 2400 1496 2466 δὴ
1546 2398 1794 2470 βούλεται

192 2481 339 2561 πρὸς
364 2482 572 2547 τούτοις
598 2486 728 2555 ἡμῖν
767 2488 862 2538 καὶ
928 2489 1022 2540 τοῦ
1064 2489 1223 2557 λόγου
1251 2490 1311 2543 τὸ
1346 2492 1591 2562 ἀκριϐὲς,
1642 2495 1796 2562 ἐρευ-

190 2573 357 2642 νῆσαι
386 2575 497 2627 δεῖν
538 2576 923 2648 ὑπολαμϐάνω.
962 2598 983 2629 ι
1051 2582 1176 2635 Ἐὰν
1223 2584 1464 2653 μείνητε,
1503 2586 1687 2655 φησὶν,
1738 2589 1795 2639 ἐν

191 2665 322 2731 ἐμοὶ
352 2666 445 2718 καὶ
472 2666 542 2720 τὰ
574 2670 797 2739 ῥήματά
825 2688 925 2741 μου
972 2673 1029 2725 ὲν
1060 2674 1189 2743 ὑμῖν
1227 2674 1406 2747 μείνῃ,
1438 2674 1465 2726 ὂ
1506 2675 1600 2728 ἐὰν
1632 2676 1795 2747 θέλη-

191 2774 257 2810 τε
307 2760 621 2829 αἰτήσεσθε,
677 2764 769 2816 καὶ
816 2766 1108 2831 γενήσεται
1159 2767 1307 2835 ὑμῖν.
1341 2786 1359 2817 ι
1408 2767 1655 2835 Ἑφικτὸν
1688 2770 1797 2839 γάρ

190 2851 332 2914 ὅλως
365 2853 480 2923 δοίη
510 2871 593 2916 τις
626 2853 692 2908 ἂν
744 2856 804 2908 τὸ
846 2859 1027 2926 μένειν
1054 2859 1110 2909 ἐν
1143 2858 1366 2929 Χριστῷ
1406 2858 1685 2925 δύνασθαι,
1722 2862 1796 2932 μὴ

192 2943 308 3013 μὴν
329 2943 471 3013 ἔχειν
509 2948 565 2998 ὲν
606 2946 783 3017 ἐαυτῷ
827 2950 919 3001 καὶ¹
948 2950 1072 3011 τοὺς
1103 2948 1270 3002 αὐτοῦ
1305 2950 1516 3018 λόγους.
1546 2952 1653 3004 Ναὶ
1707 2953 1792 3023 δὴ,

192 3037 355 3102 φαῖεν
400 3036 511 3107 γὰρ
556 3037 621 3091 ἂν
655 3040 883 3102 εἰκότως
914 3041 963 3093 oi
1007 3042 1269 3111 φρονήσει
1317 3042 1793 3115 διαπρεπέστεροι.

194 3130 602 3197 Διαμεμνήσθω
624 3131 776 3201 γάρό
802 3132 1079 3201 φιλήκοος,
1101 3134 1183 3186 ὅτι
1206 3134 1298 3186 τὸν
1327 3134 1427 3205 τῆς
1458 3137 1539 3199 εἰς
1564 3135 1796 3207 Χριστὸν

1895 2022 2179 2080 attendere
2213 2026 2468 2081 velimus.
2511 2026 2672 2091 Quod
2702 2028 2846 2081 enim
2880 2027 3139 2084 Christus
3173 2014 3325 2085 bona
3375 2047 3472 2101 pe-

1895 2118 2139 2175 tentibus
2201 2119 2590 2175 incunctanter
2644 2119 2970 2190 largiturum
3038 2140 3097 2178 se
3154 2125 3468 2194 pollicetur,

1893 2211 2162 2280 numquid
2195 2212 2345 2266 clare
2382 2212 2678 2267 admodum
2711 2212 2859 2267 istud
2886 2215 3136 2284 polliceri
3186 2218 3474 2274 dicemus?

1895 2300 2035 2368 Quid
2061 2312 2247 2357 autem
2277 2304 2384 2358 sibi
2410 2314 2673 2375 praeterea
2701 2306 2852 2365 velit.
2880 2315 2934 2361 et
2957 2324 3077 2377 quae
3098 2324 3225 2363 vera
3261 2311 3333 2365 sit
3365 2313 3469 2366 loci

1896 2392 2061 2463 hujus
2117 2394 2431 2460 sententia,
2495 2394 2942 2467 investigandum
2996 2398 3269 2455 arbitror:
3338 2418 3357 2451 ι
3413 2402 3472 2454 Si

1896 2485 2234 2552 manseritis,
2262 2486 2462 2555 inquit,
2505 2486 2562 2540 in
2617 2502 2724 2550 me,
2756 2496 2809 2540 et
2838 2490 3006 2543 verba
3058 2505 3177 2543 mea
3213 2492 3268 2545 in
3316 2491 3474 2546 vobis

1899 2577 2225 2638 manserint,
2256 2575 2627 2647 quodcunque
2670 2579 2980 2643 volueritis,
3011 2582 3228 2648 petetis,
3273 2590 3329 2636 ct
3385 2583 3477 2638 ﬁet

1899 2669 2075 2722 vobis.
2113 2686 2133 2718 ›
2182 2666 2329 2721 Fieri
2362 2668 2511 2722 enim
2552 2668 2779 2722 omnino
2810 2685 2971 2739 posse
3004 2672 3368 2729 concedemus
3418 2685 3477 2727 ut

1897 2760 1952 2813 in
1978 2758 2200 2814 Christo
2230 2761 2355 2828 quis
2387 2772 2626 2828 maneat,
2670 2777 2777 2815 non
2809 2773 2989 2817 tamen
3032 2765 3086 2819 in
3142 2766 3325 2836 seipse
3355 2768 3476 2837 ejus

1899 2869 2120 2923 quoque
2159 2854 2325 2908 verba
2364 2854 2584 2911 habeat.
2644 2855 2720 2909 lta
2758 2872 2990 2926 prorsus
3026 2859 3364 2917 cordatiores
3399 2862 3482 2916 lo—

1898 2957 2153 3015 quentur.
2196 2945 2505 3002 Meminerit
2543 2950 2687 3003 enim
2720 2950 3002 3006 studiosus
3042 2953 3260 3008 auditor
3302 2956 3475 3024 quod,

1900 3053 2024 3092 cum
2067 3039 2382 3094 dilectionis
2436 3040 2490 3094 in
2538 3040 2818 3096 Christum
2872 3044 3143 3099 rationem
3188 3046 3479 3117 indagare—

1903 3147 2047 3197 mus,
2083 3140 2137 3186 et
2160 3148 2408 3202 quaenam
2441 3144 2589 3189 esset
2623 3150 2799 3204 quove
2828 3144 2989 3204 pacto
3030 3136 3182 3192 θεῖοι
3215 3155 3479 3208 perscru-

192 3220 419 3291 ἀγάπης
451 3222 865 3293 διερευνώμενοι
906 3224 1127 3295 τρόπον,
1173 3225 1257 3289 τίς
1292 3243 1350 3279 τε
1379 3227 1484 3297 εἴη,
1512 3229 1605 3280 καὶ
1649 3228 1796 3291 ὅπως

1905 3228 2187 3285 taremur,
2238 3221 2511 3293 duplicem
2552 3226 2695 3278 viam
2749 3229 3033 3281 continere
3084 3228 3346 3294 diximus,
3381 3246 3482 3300 per

197 3312 271 3365 ἂν
347 3313 560 3381 γένοιτο
626 3316 806 3379 καλῶς
872 3317 1280 3388 δοκιμάζοντες,
1355 3319 1538 3389 διττὴν
1611 3321 1795 3390 ἐλέγο-

200 3423 303 3476 μεν
343 3406 487 3477 ἔχειν
516 3409 654 3472 ὁδὸν,
683 3410 825 3479 φημὶ
856 3410 913 3463 δὲ
940 3410 1141 3479 τὴνδιά
1168 3412 1429 3475 πίστεως,
1459 3413 1559 3482 τῆς
1587 3414 1728 3466 κατά
1748 3431 1799 3464 τι

196 3498 334 3567 γοῦν
362 3501 682 3553 ἀνυπαιτίου
742 3502 1039 3567 παντελῶς,
1094 3503 1189 3556 καὶ
1221 3504 1318 3574 τῆς
1347 3506 1467 3557 κατ’
1522 3505 1800 3576 ἐνέργειαν

198 3592 540 3662 πρακτικῆς.
586 3594 620 3662 ἢ
668 3594 761 3646 καί¹
790 3594 877 3651 διὰ
924 3595 1024 3664 τῆς
1059 3595 1385 3665 εἰλικρινοῦς
1408 3596 1626 3667 ἀγάπης
1661 3615 1802 3669 παρ-

203 3684 559 3753 εισκρίνεται.
628 3686 814 3754 Ἔχειν
842 3686 896 3738 δὲ
961 3685 1133 3751 οὕτως
1184 3690 1316 3758 ἡμῖν
1346 3690 1800 3759 πεπιστευμένων

199 3776 315 3828 τῶν
348 3776 546 3843 λόγων,
600 3779 649 3830 οἱ
681 3778 777 3845 μὲν
808 3777 867 3828 οὐ
914 3778 1032 3831 λίαν
1084 3778 1302 3848 ἀσφαλῆ
1351 3779 1446 3832 καὶ
1473 3779 1801 3832 εὑκάθεκτον

201 3869 296 3922 τὸν
316 3872 418 3940 τῆς
442 3869 761 3937 συναφείας,
785 3869 902 3939 ἦτοι
924 3870 1019 3939 τῆς
1039 3870 1371 3939 οἰκειότητος
1388 3870 1799 3941 ἐπιτηδεύοντες

202 3962 433 4032 τρόπον,
477 3960 638 4031 ψιλὴν
670 3960 767 4031 τὴν
809 3963 866 4013 ὲν
899 3960 1077 4027 λόγοις
1132 3960 1561 4032 ὁμολογήσαντες
1596 3962 1798 4027 πίστιν,

201 4055 306 4123 τήν
333 4070 397 4121 γε
454 4054 560 4123 μὴν
588 4052 676 4105 διὰ
712 4051 821 4103 τῶν
870 4051 1311 4122 κατορθωμάτων
1358 4055 1437 4115 είς
1487 4052 1802 4124 τελειότητα

210 4145 596 4216 μορφουμὲνην
662 4144 883 4210 ἀγάπην
938 4144 1038 4195 οὐκ
1099 4142 1519 4214 ὲπιδεξάμενοι,
1580 4146 1800 4216 μένουσι

208 4236 314 4306 μὲν
354 4239 411 4290 ὲν
435 4236 675 4305 Χριστῷ.
706 4236 848 4289 κατά
875 4253 937 4304 γε
976 4237 1074 4306 τὴν
1100 4238 1162 4289 ἐκ
1192 4236 1284 4289 τοῦ
1324 4238 1610 4292 πιστεῦσαι
1640 4238 1801 4310 τυχὸν

205 4329 539 4399 οἰκειότητα,
574 4328 669 4380 καὶ
704 4327 791 4380 διὰ
823 4326 919 4379 τοῦ
970 4329 1043 4399 μὴ
1076 4330 1212 4399 πρὸς
1250 4330 1441 4398 ἑτέραν
1498 4331 1801 4400 ἐξοίχεσθαι

204 4421 485 4491 λατρείαν.
509 4418 709 4473 Οὐκέτι
733 4420 789 4473 δὲ
804 4420 895 4473 καὶ
914 4422 1040 4483 τοὺς
1060 4420 1252 4488 λόγους
1275 4421 1487 4490 ἔχοντες
1512 4423 1569 4473 ὲν
1590 4423 1800 4487 ἑαυτοῖς

207 4512 725 4582 καταληφθήσονται
781 4511 875 4565 τοῦ
926 4512 1182 4584 Χριστοῦ.
1244 4513 1352 4565 Καὶ
1404 4513 1523 4582 οὐχὶ
1551 4514 1615 4581 δὴ
1644 4514 1802 4566 τοῦτο

1905 3312 2063 3365 ﬁdem
2097 3313 2356 3367 nimirum
2400 3317 2547 3368 omni
2579 3333 2645 3370 ex
2680 3324 2835 3386 parte
2882 3319 3269 3389 inculpabilem
3314 3329 3480 3392 atque

1903 3418 2192 3472 operosam
2238 3405 2385 3458 illam
2428 3416 2481 3458 et
2511 3406 2565 3460 in
2599 3408 2811 3477 agendo
2846 3408 3106 3476 positam,
3145 3425 3265 3478 quae
3298 3419 3351 3462 et
3383 3426 3482 3480 per

1904 3498 2180 3551 sinceram
2218 3498 2546 3553 charitatem
2596 3499 2897 3553 inducitur.
2945 3499 3077 3565 Quae
3127 3516 3252 3555 cum
3304 3502 3377 3554 ita
3420 3518 3482 3558 se

1903 3589 2111 3643 habere
2145 3592 2460 3651 credamus,
2491 3590 2805 3660 quicunque
2837 3592 3245 3660 conjunctionis
3270 3592 3357 3648 vel
3382 3609 3481 3649 ne-

1902 3680 2258 3753 cessitudinis
2320 3680 2542 3735 modum
2599 3696 2707 3735 non
2764 3681 3059 3736 admodum
3109 3691 3478 3744 constantem.

1904 3773 1997 3828 sed
2030 3775 2201 3829 levem
2228 3788 2292 3827 ac
2323 3772 2571 3843 fragilem
2612 3774 2822 3838 colunt,
2861 3773 3024 3829 nudis
3047 3781 3259 3828 tantum
3296 3775 3480 3832 verbis

1904 3865 2065 3919 fidem
2116 3865 2481 3936 proﬁtentes.
2531 3864 2779 3934 adeoque
2840 3881 2938 3936 per
2987 3866 3162 3920 bonas
3230 3868 3481 3922 actiones

1902 3959 2228 4017 charitatem
2263 3958 2328 4012 ad
2360 3958 2760 4029 perfectionem
2791 3973 2902 4012 non
2932 3959 3324 4028 suscipientes,
3362 3974 3481 4013 ma-

1904 4061 2037 4107 nent
2063 4052 2282 4120 quidem
2308 4049 2365 4105 in
2399 4050 2647 4115 Christo,
2691 4050 2955 4104 nimirum
2986 4048 3383 4119 conjunctione
3411 4050 3480 4104 ﬁ»

1904 4145 2015 4206 dei,
2053 4150 2108 4197 et
2140 4143 2270 4212 quia
2314 4142 2381 4195 ad
2433 4142 2673 4195 alienum
2717 4141 2925 4194 cultum
2958 4138 3026 4195 ab
3069 4155 3135 4194 eo
3164 4154 3273 4193 non
3316 4138 3480 4194 deﬁe-

1903 4243 2082 4297 ctunt,
2110 4249 2219 4288 non
2250 4233 2363 4301 jam
2396 4238 2581 4286 tamen
2610 4231 2779 4285 verba
2811 4229 3023 4285 Christi
3052 4230 3108 4283 in
3145 4230 3343 4300 seipsis
3379 4229 3481 4283 ha-

1903 4326 2033 4381 bere
2074 4323 2577 4393 deprehendentur.
2625 4321 2811 4393 Neque
2856 4336 2986 4377 vero
3030 4321 3199 4392 878
3244 4320 3482 4378 dicimus

1903 4432 2000 4473 eos
2054 4417 2384 4487 evangelicae
2448 4413 2857 4483 praedicationis
2915 4414 3119 4469 oblitos
3186 4414 3480 4469 verborum

1909 4508 2228 4565 Servatoris
2263 4523 2389 4563 esse
2418 4522 2647 4575 prorsus
2680 4507 3045 4572 immemores,
3081 4506 3176 4562 sed
3205 4506 3483 4561 illecebris

209 4607 432 4667 πάντως
461 4605 656 4672 φαμὲν,
682 4604 763 4657 ὃτι
800 4603 942 4678 λήθῃ
966 4604 1382 4675 καταχώσαντες
1414 4605 1521 4657 τῶν
1554 4606 1799 4673 Εὑαγγε-

1910 4603 2249 4670 voluptatum
2281 4607 2334 4653 et
2369 4597 2634 4653 effrenata
2671 4613 2851 4652 rerum
2893 4606 3238 4653 terrenarum
3274 4600 3483 4668 cupidi-

208 4693 420 4745 λίωντδ
439 4695 724 4764 κήρυγμα,
756 4693 1031 4755 παντελῶς
1061 4695 1167 4745 εἱσι
1200 4692 1307 4745 τῶν
1327 4692 1421 4745 τοῦ
1444 4694 1691 4765 Σωτῆρος
1719 4694 1807 4746 λό-

208 4803 327 4852 γων
358 4786 686 4855 ἀμνῂμονες,
726 4785 840 4837 ἀλλ’
875 4787 957 4838 ὅτι
999 4785 1227 4856 μηδενὸς
1269 4784 1477 4849 ἀξιοῦσι
1525 4786 1681 4854 λόγου
1712 4788 1809 4856 τὴν

210 4880 273 4929 ἐν
306 4878 526 4945 Χριστῷ
581 4877 877 4941 πολιτείαν,
904 4881 1022 4939 ταῖς
1064 4878 1220 4941 ἰδίαις
1248 4879 1308 4929 τὸ
1337 4879 1443 4930 πᾶν
1492 4878 1809 4948 ἐπιτρέπον-

210 4987 306 5032 τες
342 4969 550 5038 ἡδοναῖς
576 4969 670 5021 καὶ
699 4969 835 5038 πρὸς
856 4969 915 5021 τὸ
958 4970 1092 5038 μόνα
1126 4973 1341 5040 φρονεῖν
1363 4972 1431 5023 τά
1462 4970 1552 5022 ἐπὶ
1580 4971 1677 5040 τῆς
1707 4972 1809 5039 γῆς

212 5061 470 5131 ἀχάλινον
503 5060 718 5130 ἔχοντες
744 5060 842 5131 τὴν
878 5061 1071 5132 ῥοπὴν,
1104 5061 1193 5113 διά
1217 5078 1274 5114 τε
1300 5062 1457 5114 τοῦτο
1486 5062 1585 5129 τῆς
1609 5060 1805 5130 νοητῆς

212 5154 311 5206 καὶ
352 5154 513 5219 ἁγίας
552 5153 797 5223 ἀμπέλου
851 5151 1295 5222 κατασπώμενοι,
1356 5154 1450 5207 καὶ
1482 5153 1634 5206 αὐτοὶ
1689 5155 1807 5213 ταῖς

214 5247 369 5317 σφῶν
398 5246 575 5299 αὐτῶν
624 5245 1021 5313 φιλοπαθείαις.
1054 5244 1150 5315 τὴν
1176 5245 1278 5316 τῆς
1313 5244 1643 5314 οἰκειότητος
1669 5243 1807 5296 ἀπο-

211 5337 565 5401 λακτίζοντες
607 5338 787 5408 χάριν.
819 5338 1024 5401 Παντὸς
1060 5338 1116 5390 δὲ
1148 5336 1393 5390 τοιούτου
1434 5338 1559 5406 πέρι
1588 5337 1683 5389 καὶ
1710 5335 1808 5387 αὐ-

210 5431 307 5491 τος
341 5429 444 5499 ἔφη
483 5430 737 5499 Χριστός·
774 5447 793 5480 ι
836 5431 911 5482 Οὐ
940 5431 1047 5491 πᾶς
1076 5431 1101 5481 ὀ
1136 5429 1310 5496 λέγων
1338 5445 1449 5499 μοι·
1483 5426 1674 5498 Κύριε,
1697 5426 1812 5480 Κύ-

217 5538 326 5589 ριε,
362 5519 731 5573 εἰσελεύσεται
755 5522 833 5583 εἰς
852 5518 949 5589 τὴν
972 5519 1250 5588 βασιλείαν
1268 5520 1378 5573 τῶν
1400 5519 1671 5592 οὐρανῶν,
1695 5518 1813 5572 ἀλλ’

212 5615 242 5665 ὁ
280 5611 451 5664 ποιῶν
480 5613 541 5665 τὸ
570 5611 783 5682 θέλημα
807 5612 899 5666 τοῦ
930 5613 1141 5683 Πατρός
1170 5630 1272 5684 μου
1305 5613 1400 5668 τοῦ
1425 5617 1613 5677 ἐντοῖς
1650 5613 1817 5686 οὐρα-

287 5789 334 5823 ³¹
378 5787 540 5846 Rom.
583 5805 665 5855 χι,
707 5788 795 5845 22.
875 5789 917 5821 ³·
974 5787 1171 5844 Matth.
1200 5794 1306 5860 γης,
1349 5788 1439 5842 21.

1911 4698 2022 4745 tate
2048 4691 2330 4753 delinitos,
2356 4688 2701 4759 proindeque
2728 4689 2797 4742 ah
2825 4687 3184 4743 intellectuali
3210 4697 3264 4744 et
3290 4698 3482 4743 sancta

1907 4784 2018 4838 vite
2067 4783 2321 4847 avulsos,
2358 4781 2647 4852 gratiaque
2695 4778 3093 4835 familiaritatis
3148 4788 3204 4835 et
3249 4780 3491 4849 conjun~

1906 4872 2107 4927 ctionis
2134 4872 2440 4943 repudiata,
2461 4872 2628 4925 vitam
2656 4878 2711 4928 et
2733 4871 3209 4926 conversationem
3241 4872 3297 4926 in
3321 4870 3510 4928 Chiis

1908 4974 1993 5021 sto
2024 4965 2178 5019 nihili
2210 4979 2439 5033 prorsus
2471 4962 2692 5019 ducere.
2728 4962 2803 5018 De
2829 4963 3087 5018 omnibus
3108 4963 3175 5016 iis
3210 4961 3302 5033 qui
3335 4963 3489 5033 ejus-

1906 5057 2119 5113 cemodi
2160 5067 2287 5113 sunt
2318 5057 2570 5111 Christus
2605 5057 2721 5124 ipse
2766 5056 2937 5110 dixit:
2984 5075 3003 5107 ι
3036 5054 3155 5109 Non
3184 5056 3368 5111 omnis
3395 5059 3492 5126 qui

1908 5150 2045 5205 dicit
2079 5150 2251 5206 mihi:
2288 5149 2537 5215 Domine,
2583 5147 2833 5210 Domine,
2877 5149 3103 5202 intrabit
3156 5148 3213 5202 in
3260 5164 3492 5219 regnum
3542 5216 3545 5221 Α

1913 5244 2198 5307 cmlorum,
2246 5242 2341 5297 sed
2373 5243 2464 5312 qui
2498 5242 2632 5295 facit
2662 5240 2992 5295 voluntatem
3026 5238 3209 5295 Patris
3235 5240 3367 5303 mei,
3399 5243 3494 5311 qui

1913 5339 1967 5392 in
1997 5336 2155 5391 cmlis
2185 5344 2271 5390 est
2294 5336 2358 5389 ".
2396 5353 2415 5385 ι
2460 5332 2618 5399 Quod
2644 5340 2826 5387 autem
2864 5331 2981 5386 sola
3022 5330 3159 5387 ﬁdes
3207 5332 3317 5388 nisi
3368 5346 3496 5401 0pc-

1917 5444 2037 5483 rum
2104 5426 2396 5499 splendore
2450 5425 2677 5497 praedita
2742 5422 2809 5479 ad
2871 5423 3275 5479 conciliandam
3334 5424 3497 5478 nobis

1922 5536 2045 5576 eum
2092 5519 2205 5576 Deo
2245 5519 2693 5589 conjunctionem
2752 5531 2861 5572 non
2918 5515 3189 5578 suﬁleiat,
3226 5514 3500 5586 signiﬁcat

1924 5627 2143 5685 quoque
2218 5611 2304 5666 his
2375 5610 2559 5667 verbis
2630 5608 2833 5664 Christi
2891 5607 3242 5677 discipulus:
3323 5624 3341 5660 ι
3415 5605 3499 5662 Tu
