3868 6200
343 326 454 385 567

1381 317 1439 373 3.
1482 315 1760 375 υῖιιιιιι
1795 310 2273 375 Αιδυσυκιω
2310 311 2632 373 ARCIUEP.

3522 309 3634 371 $68

342 447 528 505 credis
586 444 850 518 quoniam
918 454 1069 498 unus
1134 444 1221 496 est
1284 434 1476 497 Deus:
1527 446 1584 493 et
1643 436 1925 492 dmmoues

2041 434 2161 496 νοῖς.
2200 449 2219 484 ι
2249 432 2371 485 Ὀτι
2390 431 2446 484 δὲ
2472 430 2632 502 μόνη,
2667 428 2763 484 καὶ
2793 428 2917 483 καθ’
2936 428 3190 502 εαυτῆνή
3229 429 3415 494 πίστις
3438 428 3539 499 τῆς
3567 428 3632 482 ὲκ

342 538 609 603 credunt,
657 545 715 592 et
762 532 1203 591 contremiscunt
1229 528 1295 583 ³³.
1351 547 1370 580 ι
1424 529 1493 583 At
1539 527 1688 583 dicet
1728 528 1931 598 aliquis

342 633 413 687 iis
458 630 555 702 qui
609 628 818 685 nudam
873 633 929 681 et
979 623 1154 680 solam
1201 621 1361 679 ﬁdem
1421 621 1529 679 sibi
1575 619 1931 676 suffecturam

344 733 581 795 putant,
618 729 680 778 ut
724 732 1025 790 supernam
1084 715 1537 786 conjunctionem
1593 729 1926 784 comparare

345 815 561 884 possint
582 832 594 867 :
613 812 831 884 Ergone
863 810 1112 881 ipsorum
1139 809 1306 865 etiam
1333 808 1644 865 dmmonum
1673 808 1933 863 cohortes

344 910 415 965 ad
441 908 871 963 familiaritatem
904 918 1028 958 cum
1092 901 1203 959 Deo
1261 902 1521 957 redibunt
1546 916 1611 956 ex
1670 916 1740 955 eo
1782 900 1931 971 quod

346 1019 517 1058 unum
560 1003 714 1057 illum
750 1013 878 1055 esse
909 995 1191 1053 credunt?
1219 997 1290 1050 At
1320 993 1599 1066 quomodo
1630 993 1775 1050 istud
1813 994 1931 1048 tlcri

346 1098 569 1171 potest?
609 1096 763 1153 Scire
790 1096 937 1151 enim
960 1101 1179 1149 tantum
1200 1089 1375 1146 Deum
1406 1104 1577 1144 unum
1600 1103 1747 1151 esse,
1775 1087 1929 1145 ill-um

346 1193 590 1248 universi
654 1190 917 1245 factorem
951 1198 1007 1243 et
1056 1192 1365 1257 parentem,
1399 1193 1486 1239 est
1545 1182 1739 1237 inutile
1785 1181 1928 1237 :seil

346 1284 566 1356 pietatis
600 1284 654 1337 in
686 1283 864 1354 ipsum
887 1281 1123 1352 gloriam
1150 1277 1277 1333 ﬁdei
1298 1278 1554 1332 comitem
1583 1290 1706 1330 esse
1731 1274 1934 1330 debere

345 1383 596 1432 autumo.
621 1373 760 1428 Nam
795 1373 892 1445 qui
926 1372 1055 1428 talis
1083 1378 1192 1435 est,
1233 1369 1403 1424 etiam
1441 1368 1500 1421 in
1533 1364 1761 1421 Christo
1809 1381 1928 1419 ma-

346 1476 460 1534 net,
488 1478 545 1523 et
589 1468 713 1537 ejus
744 1466 921 1521 verba
975 1463 1181 1519 habere
1218 1460 1612 1529 comperietur,
1662 1458 1821 1527 juxta
1876 1457 1931 1513 id

343 1559 493 1632 quod
527 1560 583 1615 in
634 1557 778 1613 libro
831 1555 1173 1613 Psalmorum
1226 1561 1491 1623 tanquam
1530 1550 1595 1607 ad
1635 1549 1807 1605 Deum
1844 1549 1932 1604 die

344 1661 495 1706 etum
536 1660 664 1707 est:
702 1669 720 1700 ι
759 1645 817 1702 l-n
850 1645 1017 1703 corde
1051 1660 1180 1701 meo
1227 1644 1499 1701 abscondi
1551 1643 1772 1713 eloquia
1812 1649 1925 1705 tua,

345 1748 406 1794 ut
438 1754 548 1797 non
596 1752 817 1809 peccem
877 1735 1064 1795 tibi“.
1104 1753 1123 1787 ι
1167 1734 1238 1792 Ut
1285 1735 1433 1788 enim
1486 1733 1630 1804 ignis
1686 1733 1740 1790 in
1798 1748 1929 1788 vase

2033 523 2145 579 τῶν
2191 524 2369 595 ἔργων
2396 522 2753 594 φαιδρότητος
2791 524 2852 577 οὐ
2897 523 3137 593 λαχοῦσα
3176 522 3274 594 τὴν
3305 519 3630 592 συνδρομὴν.

2031 616 2401 689 ἀποχρώντως
2429 617 2527 687 οὐχ
2559 615 2669 681 ἕξει
2711 617 2791 678 είς
2823 616 2883 669 τὸ
2917 615 3172 671 δύνασθαι
3215 613 3498 688 προξενεῦν
3532 615 3635 685 τὴν

2033 711 2114 775 είς
2145 709 2277 763 Θεὸν
2320 709 2653 780 οἰκειότητα,
2690 708 2946 779 σημαίνει
2993 708 3166 778 λέγων
3200 709 3295 764 καὶ
3336 708 3367 760 6
3393 707 3634 779 Χριστεῦ

2036 801 2304 874 μαθητής
2338 820 2355 853 ι
2393 801 2465 854 Σὺ
2498 800 2798 866 πιστεύεις,
2831 803 2915 855 ὅτι
2945 796 3026 865 εἷς
3051 803 3081 856 6
3103 801 3255 864 Θεός·
3292 802 3386 854 καὶ
3416 798 3489 852 τὰ
3515 798 3633 853 δαιο

2036 892 2197 963 μόνια
2252 892 2593 957 πιστεύουσι,
2644 892 2736 946 καὶ
2765 892 3100 964 φρίττουσιν.
3140 909 3160 943 ι
3195 888 3329 946 Εἶτα
3354 889 3474 955 πῶς
3513 889 3633 961 ἐρεῖ

2031 1003 2116 1050 τις
2162 986 2262 1057 ἤδη
2300 987 2417 1049 τοῖς
2466 986 2724 1057 ἀρκέσειν
2765 987 2952 1050 αὐτοῖς
2978 988 3193 1057 γυμνήν
3217 1002 3278 1039 τε
3333 984 3430 1040 καὶ
3460 983 3633 1055 μόνην

2032 1078 2304 1151 οἰομένοις
2341 1076 2440 1149 τὴν
2472 1077 2678 1143 πίστιν,
2713 1079 2795 1141 είς
2851 1078 2914 1132 τὸ
2958 1077 3221 1133 δύνασθαι
3261 1077 3361 1148 τὴν
3414 1075 3625 1132 ἀνωθεν

2031 1172 2341 1245 οἰκειότητα
2377 1173 2705 1244 περιποιεῖ-ι’
2737 1168 2851 1245 ἆρα
2879 1173 2974 1227 καὶ
3012 1172 3195 1227 αὐτῶν
3222 1171 3330 1226 τῶν
3356 1171 3631 1244 δαιμόνων

2029 1263 2094 1317 τὸ
2127 1263 2313 1333 στίφος
2328 1264 2721 1335 ἀναδραμεῖται
2744 1264 2882 1333 πρὸς
2919 1264 3226 1336 οξκειότητα
3256 1263 3357 1334 τήν
3384 1263 3462 1326 ὡς
3493 1264 3633 1336 πρὸς

2029 1355 2186 1423 Θεὸν,
2226 1355 2456 1428 ἐπείπερ
2484 1350 2625 1410 οἶδεν
2649 1355 2749 1409 ἕνα
2775 1372 2834 1410 τε
2867 1357 2963 1410 καὶ
2984 1356 3115 1410 ὄντα
3130 1355 3459 1410 πεπίστευκε
3486 1358 3631 1423 ;Καὶ

2032 1449 2149 1511 πῶς
2167 1448 2234 1502 ἂν
2268 1449 2354 1520 εἴη
2380 1447 2549 1502 τοῦτό
2571 1465 2637 1519 γε
2668 1465 2683 1515 ;
2713 1449 2787 1505 Τὸ
2819 1449 2930 1522 γὰρ
2958 1449 3157 1504 εἰδέναι
3193 1449 3355 1521 μόνον
3378 1450 3629 1519 ἀχρεῖον,
3664 1490 3669 1495 .

2029 1540 2114 1594 ὅτι
2129 1540 2261 1605 Θεός
2278 1543 2426 1597 ἐστιν
2451 1535 2533 1607 εἷς
2554 1544 2585 1596 6
2609 1543 2828 1599 πάντων
2859 1543 3092 1614 ποιητής
3117 1558 3177 1595 τε
3200 1542 3296 1596 καὶ
3317 1557 3599 1612 γενεσιουρ
3615 1570 3632 1583 -

2030 1634 2146 1703 γός·
2185 1633 2296 1688 δεῖν
2322 1634 2378 1689 δὲ
2417 1631 2571 1705 οἶμαι
2593 1638 2663 1707 τῇ
2685 1635 2867 1689 πίστει
2892 1635 3383 1707 συμπαρομαρτεῖν
3403 1633 3501 1691 καὶ
3526 1632 3633 1703 τῆς

2031 1727 2110 1787 εἰς
2140 1725 2305 1780 αὑτὸν
2328 1725 2618 1790 εὐλαϐείας
2647 1727 2709 1783 τὸ
2737 1727 3021 1800 καύχημα.
3061 1728 3121 1783 '0
3145 1727 3255 1800 γὰρ
3271 1723 3514 1790 τοιοῦτος
3537 1727 3638 1779 καί

343 1847 487 1890 areo
520 1808 840 1887 reconditus
875 1843 1041 1885 suum
1073 1827 1124 1882 ei
1155 1827 1397 1883 calorem
1449 1825 1643 1894 utique
1681 1840 1928 1881 commu-

2041 1819 2087 1869 ιν
2121 1817 2348 1889 Χριστῷ
2384 1819 2558 1889 μένει,
2606 1821 2700 1874 καὶ
2748 1818 2889 1892 ἔχων
2931 1820 3230 1892 ὀφθήσεται
3261 1819 3390 1883 τοὺς
3436 1817 3633 1888 λόγους

342 1926 517 1986 nicat.
545 1925 626 1980 sie
654 1938 779 1994 quae
838 1936 938 1991 per
981 1920 1166 1975 omnis
1217 1918 1442 1979 virtutis
1475 1916 1813 1973 desiderium
1872 1917 1927 1972 in

342 2012 526 2067 anima
555 2020 609 2069 et
641 2010 807 2067 corde
854 2008 1140 2064 caelestem
1200 2021 1266 2063 ac
1326 2005 1577 2061 divinum
1612 2021 1926 2061 sermonem

341 2100 497 2161 inens
531 2103 799 2166 continet,
833 2115 1053 2170 semper
1078 2098 1146 2157 ad
1182 2097 1316 2157 illud
1342 2114 1441 2170 per
1462 2113 1588 2155 eum
1618 2098 1927 2157 incalescit.

342 2195 627 2264 Scriptum
676 2201 762 2248 est
796 2193 992 2254 enim:
1070 2211 1089 2245 ι
1136 2188 1374 2262 Ignitum
1427 2190 1713 2261 eloquium
1772 2201 1925 2247 tuum

342 2287 720 2348 vehementer,
753 2292 809 2338 et
848 2298 1045 2339 servus
1080 2290 1209 2341 tuus
1246 2282 1444 2340 dilexit
1473 2282 1607 2341 illud
1634 2282 1701 2336 ³³.
1740 2302 1758 2337 ι
1788 2282 1926 2349 Qui-

338 2395 555 2450 cunque
596 2379 782 2450 igitur,
822 2377 1023 2446 inquit,
1068 2391 1201 2433 suas
1255 2390 1344 2431 res
1379 2374 1435 2429 in
1479 2376 1564 2431 his
1610 2379 1924 2438 constituit.

337 2491 514 2546 eoque
566 2483 799 2529 evectus
843 2481 929 2528 est
986 2471 1176 2544 glorias
1220 2476 1282 2524 ut
1322 2477 1379 2526 et
1428 2471 1486 2524 in
1535 2486 1622 2525 me
1680 2479 1922 2535 maneat,

339 2582 572 2636 nueaque
604 2565 745 2636 apud
777 2578 837 2619 se
873 2563 1036 2619 verba
1065 2562 1288 2626 habeat,
1324 2559 1719 2616 incunctanter
1752 2576 1915 2617 acce-

339 2659 456 2722 dat,
488 2664 544 2713 et
572 2656 943 2727 quodcunque
974 2654 1202 2709 libuerit
1245 2666 1373 2709 eum
1409 2666 1626 2707 summa
1661 2652 1915 2708 libertate

341 2761 517 2823 petat,
550 2760 607 2806 et
639 2750 781 2803 citra
808 2762 1016 2803 moram
1063 2747 1232 2801 ullam
1255 2744 1479 2801 dabitur
1502 2744 1551 2801 ei
1587 2763 1599 2799 :
1630 2761 1734 2801 nec
1776 2746 1923 2801 enim

339 2844 569 2915 negabo.
618 2840 758 2896 Num
813 2855 945 2910 ergo
1001 2840 1049 2894 si
1103 2839 1234 2892 mali
1277 2838 1484 2909 aliquid
1535 2845 1713 2909 petat,
1773 2839 1923 2893 illico

340 2935 632 3006 suscipiet,
675 2932 926 3002 illudque
978 2931 1203 2988 virtutis
1240 2944 1433 2986 amans
1494 2929 1639 2986 Deus
1678 2929 1925 2986 tribuet?

339 3024 540 3080 Procul
577 3024 677 3090 sit,
702 3037 910 3093 quaeso.
949 3029 1100 3076 tanta
1135 3018 1557 3075 insanialNihil
1589 3019 1798 3091 quippe
1831 3022 1916 3075 vi-

340 3116 467 3172 tiosi
526 3123 619 3170 aut
670 3113 939 3185 inquinati
997 3110 1143 3168 Deus
1191 3112 1454 3183 largietur
1495 3127 1765 3183 prorsus:
1825 3114 1919 3167 sed

337 3208 506 3285 879
536 3207 889 3277 cogitandum
939 3206 1123 3276 potius
1156 3204 1369 3275 justum
1417 3216 1471 3261 et
1531 3221 1751 3275 {equum
1803 3220 1926 3260 esse

341 3302 524 3373 utqui
574 3308 759 3357 manet
801 3299 858 3354 in
894 3298 1140 3364 Christo,
1176 3306 1232 3352 et
1290 3296 1458 3353 verba
1510 3296 1634 3366 ejus
1666 3297 1833 3352 habet
1869 3298 1928 3352 in

340 3394 548 3464 seipse,
581 3391 895 3463 praesertim
925 3406 1052 3447 cum
1084 3390 1264 3447 bonus
1293 3390 1367 3445 sit
1392 3404 1457 3443 ac
1478 3390 1627 3459 pius.
1651 3404 1718 3444 ea
1744 3389 1925 3445 solum

338 3486 471 3543 velit
505 3500 628 3554 quae
679 3491 812 3541 sunt
863 3481 979 3538 Deo
1018 3483 1357 3553 gratissima.
1418 3480 1673 3536 Divinum
1725 3481 1928 3552 quippe

339 3594 653 3636 sermonem
682 3579 737 3634 in
761 3576 930 3633 corde
948 3576 1285 3633 habentibus
1310 3583 1493 3646 petere
1512 3576 1781 3646 permittit
1804 3591 1928 3644 qua:

338 3687 465 3731 cum
507 3670 721 3727 ratione
752 3669 959 3737 volent,
1005 3683 1116 3723 non
1157 3668 1420 3739 ignorans
1459 3683 1558 3725 eos
1591 3666 1926 3739 spiritalium

339 3765 601 3820 nimirum
644 3778 711 3820 ac
755 3762 1081 3819 divinorum
1129 3760 1415 3817 bonorum
1446 3759 1926 3831 participationem

340 3855 758 3927 concupiscere.
803 3852 947 3909 Cum
986 3864 1117 3907 vero
1148 3866 1217 3908 ex
1277 3851 1366 3908 his
1420 3849 1686 3908 Senator
1737 3862 1929 3909 uester

338 3949 597 4004 Chrisxus
628 3946 905 4016 imprimis
937 3946 1197 4003 statuerit
1223 3944 1440 4016 qualem
1470 3953 1526 4001 et
1555 3943 1760 4014 quibus
1804 3958 1929 3998 mo-

341 4041 496 4095 ribus
523 4038 809 4109 praeditum
848 4053 972 4094 esse
1007 4038 1163 4092 illum
1202 4045 1457 4110 Oporteat
1494 4037 1591 4107 qui
1637 4044 1929 4106 precatur,

340 4145 395 4189 et
423 4147 775 4205 quaecunque
805 4130 925 4185 vult
952 4144 986 4184 a
1018 4126 1130 4185 Deo
1155 4130 1358 4201 dignus
1387 4135 1475 4184 est
1517 4127 1790 4199 accipere,
1824 4142 1929 4183 no-

340 4237 516 4283 strum
546 4225 860 4282 institutum
900 4222 1031 4278 huic
1062 4220 1500 4282 conformemus.
1530 4220 1578 4276 si
1613 4219 1928 4291 benignita-

339 4322 412 4376 tis
424 4336 487 4376 su
496 4333 678 4391 pernae
693 4323 979 4386 compotes
1004 4315 1120 4368 lleri
1147 4314 1400 4368 velimus.
1433 4311 1532 4367 Sin
1554 4321 1769 4379 autem,
1788 4315 1929 4369 scito

341 4422 396 4468 te
427 4411 590 4467 talem
635 4408 773 4474 fore,
804 4407 1027 4478 qualem
1060 4406 1223 4460 nobis
1252 4403 1510 4460 Christus
1555 4404 1721 4461 modo
1752 4404 1926 4475 signi-

2031 1910 2220 1977 αὐτοῦ,
2248 1911 2389 1968 κατά
2427 1912 2488 1967 τὸ
2507 1915 2563 1967 εν
2594 1913 2763 1987 βίϐλῳ
2781 1913 3030 1986 ιΨαλμῶν
3051 1911 3364 1985 εἰρημένον.
3390 1912 3468 1976 ὡς
3492 1911 3635 1984 πρὸς

2030 2006 2184 2060 Θεόν·
2232 2027 2252 2059 ι
2305 2008 2395 2062 Ἐν
2453 2006 2745 2080 τῇκαρδίᾳ
2784 2024 2886 2079 μου
2943 2006 3157 2078 ἔκρυψα
3181 2005 3252 2061 τὰ
3300 2004 3456 2074 λόγιά
3510 2021 3639 2067 σου,

2028 2098 2178 2164 ὅπως
2204 2099 2272 2153 ἂν
2327 2099 2404 2173 μὴ
2444 2101 2685 2174 ἁμάρτω
2712 2117 2835 2157 σοι.·
2859 2119 2882 2153 ι
2916 2101 3129 2174 Ὠσπερ
3170 2099 3300 2172 γὰρ,
3358 2098 3415 2153 εἴ
3455 2114 3540 2161 τις
3575 2098 3636 2150 ὲν

2027 2191 2188 2262 ἄγγει
2217 2192 2403 2264 χαλκῷ
2432 2193 2604 2266 πυρὸς
2633 2193 2890 2249 ἀπόθοιτο
2924 2193 3166 2266 σπέρμα,
3196 2192 3415 2256 πάντως
3434 2190 3500 2261 δή
3525 2207 3641 2244 που

2028 2288 2121 2345 καὶ
2147 2286 2249 2357 τῆς
2276 2285 2411 2358 παρ’
2448 2285 2615 2341 αὐτοῦ
2656 2286 2990 2360 θερμότητος
3017 2285 3337 2341 ἀποτελέσει
3376 2284 3631 2357 μέτοχονο

2014 2378 2199 2443 ὀὕτως
2235 2380 2265 2434 6
2299 2380 2361 2434 ιν
2389 2378 2537 2451 ψυχῇ
2557 2396 2617 2434 τε
2647 2382 2745 2435 καὶ
2790 2380 2988 2451 καρδίᾳ
3018 2378 3109 2433 τὸν
3146 2377 3289 2432 θεῖόν
3318 2394 3380 2432 τε
3413 2376 3511 2431 καὶ
3536 2375 3635 2430 οὑ-

2028 2473 2214 2542 ράνιον
2239 2470 2399 2541 λόγον
2448 2470 2786 2542 διακατέχων
2842 2471 2990 2535 νοῦς,
3024 2470 3092 2525 δι’
3121 2470 3360 2540 ἐφέσεως
3400 2468 3506 2540 τῆς
3550 2469 3637 2537 εις

2027 2566 2255 2621 ἃπασαν
2277 2563 2505 2636 ἀρετὴν,
2535 2564 2624 2618 ἀεὶ
2653 2562 2793 2635 πρὸς
2834 2562 2994 2617 τοῦτο
3026 2563 3094 2617 δι’
3124 2560 3295 2617 αὐτοῦ
3337 2560 3637 2634 θερμαίνε-

2024 2675 2135 2711 ται.
2162 2659 2475 2729 Γέγραπται
2493 2656 3068 2729 γάρΊΠεπυρωμὲνον
3096 2656 3158 2710 τὸ
3180 2654 3359 2725 λόγιόν
3379 2671 3476 2709 σου
3499 2653 3636 2723 σφό-

2024 2750 2147 2822 δρα.
2183 2751 2280 2806 καὶ
2303 2751 2333 2804 6
2379 2748 2566 2815 δοῦλός
2597 2766 2692 2804 σου
2729 2751 3019 2821 ἠγάπησεν
3064 2748 3219 2805 αὐτό.
3258 2766 3278 2800 ι
3322 2744 3384 2801 '0
3420 2745 3635 2810 τοίνυν,

2025 2842 2184 2912 φησὶ,
2219 2842 2571 2912 καταστήσας
2597 2842 2658 2897 ὲν
2684 2841 2893 2904 τούτοις
2914 2841 2984 2896 τὰ
3029 2840 3152 2896 καθ’
3177 2839 3391 2904 ἑαυτὸν,
3420 2838 3518 2893 καὶ
3548 2840 3635 2904 είς

2022 2933 2180 2989 τοῦτο
2200 2933 2385 2989 λοιπὸν
2400 2934 2755 3006 καυχήματος
2769 2933 3226 3005 ἀναϐεϐηκὼς,ὠς
3240 2937 3298 2988 εν
3318 2936 3440 3008 ἐμοί
3452 2953 3514 2997 τε
3531 2937 3639 3008 μέση

2022 3043 2134 3081 νειν
2150 3026 2332 3094 αὑτὸν,
2364 3027 2508 3100 ἔχειν
2534 3045 2594 3081 τε
2626 3029 2757 3099 παρ’
2779 3029 2957 3100 ἑαυτῷ
2972 3029 3100 3092 τοὺς
3133 3030 3300 3101 εμοὺς
3316 3030 3638 3101 λόγους,ἀν-

2027 3118 2338 3184 υποστόλως
2354 3120 2620 3192 προσίτω,
2638 3123 2733 3174 καὶ
2754 3121 2892 3193 ὅπερ
2909 3119 2975 3175 ἀν
2998 3121 3102 3193 ἔχῃ
3114 3121 3251 3193 πρὸς
3268 3122 3464 3195 ἡδονὴν
3479 3121 3637 3190 ἐξαι-

2027 3212 2193 3267 τείτω
2219 3213 2343 3267 τότε
2378 3214 2474 3266 σὺν
2502 3213 2787 3286 παρρησίᾳ
2817 3212 3013 3285 πολλῇ,
3042 3213 3139 3268 καὶ
3169 3213 3484 3286 μελλησμοῦ
3506 3216 3638 3286 δίχα

2027 3303 2312 3377 δοθήσεται
2371 3303 2522 3375 αὐτῷ
2549 3319 2564 3332 ·
2604 3305 2928 3359 κατανεύσω
2965 3304 3094 3377 γὰρ,
3151 3306 3335 3377 φησίν.
3374 3302 3501 3377 'Ap’
3539 3303 3640 3361 οὖν

2028 3396 2179 3460 εἴτις
2206 3398 2309 3453 κάν
2336 3415 2388 3451 τι
2410 3396 2519 3451 τῶν
2549 3397 2771 3466 φαύλων
2800 3400 2925 3469 αἰτῇ
2952 3399 3352 3470 προαλέστερον
3370 3398 3633 3470 λήψεται.

2028 3489 2124 3542 καὶ¹
2148 3489 2355 3545 τούτων
2387 3489 2851 3561 ἔσταιδιανομεὺς
2878 3493 2907 3544 6
2929 3490 3248 3562 φιλάρετος;
3288 3492 3500 3561 ’Δπαγε
3530 3493 3639 3563 τῆς

2027 3576 2689 3652 δυσϐουλίας,”ἇνθρωπε.
2778 3581 3017 3651 Ἀπηχὲς
3069 3581 3180 3654 γὰρ
3230 3582 3404 3651 οὐδὲν,
3458 3583 3492 3653 ἢ
3522 3582 3639 3637 τῶν

2027 3673 2165 3739 ὅλως
2186 3674 2679 3745 κατηγορουμένων
2707 3675 2804 3727 ἐπ’
2820 3676 3143 3747 αἱσχρότητι
3161 3677 3462 3747 χορηγήσει
3475 3673 3639 3736 Θεός·

2028 3766 2210 3822 ὲκεῖνο
2233 3765 2292 3820 δὲ
2318 3765 2517 3836 μᾶλλον
2546 3763 2801 3836 ἐννοῆσαι
2837 3766 3290 3838 πρεπωδέστερον
3314 3766 3369 3838 (ἢ
3396 3767 3509 3838 γὰρ
3531 3769 3638 3821 οὐκ

2030 3856 2186 3913 ἔσται
2246 3854 2453 3911 δίκαιόν
2502 3872 2563 3910 τε
2606 3856 2701 3910 καὶ
2745 3855 2923 3928 όρθῶς
2961 3855 3131 3927 ἔχον),
3179 3855 3257 3920 ὡς
3284 3857 3314 3909 6
3368 3856 3549 3927 μένων
3578 3858 3641 3911 ἐν

2028 3947 2272 4024 Χριστῷ,
2306 3949 2401 4003 καὶ
2441 3948 2581 4020 ἔχων
2615 3950 2672 4001 ἐν
2699 3948 2877 4022 ἑαυτῷ
2901 3950 3030 4014 τοὺς
3065 3948 3258 4019 λόγους
3281 3949 3468 4012 αὐτοῦ,
3498 3951 3663 4021 ’πρό-Δ

2027 4044 2191 4116 δηλον
2216 4044 2298 4099 ὅτι
2323 4043 2419 4099 am
2443 4044 2541 4098 καὶ
2574 4043 2779 4113 ἀγαθὸς
2808 4044 2883 4098 ὢν
2913 4045 3009 4099 καὶ
3037 4044 3308 4117 ἐπιεικὴς,
3332 4044 3470 4115 μόνα
3498 4061 3641 4115 φρο-

2028 4137 2139 4190 νεῖν
2170 4134 2377 4205 ἔγνωκε
2402 4134 2472 4189 τά
2494 4132 2616 4205 Θεῷ
2638 4134 2784 4206 θυμη
2794 4135 3048 4206 ρέστατα.
3074 4136 3200 4199 Τοῖς
3222 4135 3405 4205 γὰρέν
3432 4134 3639 4205 καρδίᾳ

2027 4229 2121 4284 τὸν
2148 4228 2294 4283 θεῖον
2314 4228 2499 4300 ἔχουσι
2551 4228 2730 4297 λόγον,
2765 4228 2909 4301 ἆπερ
2954 4228 3022 4283 ἂν
3054 4229 3330 4301 βούλοιντο
3357 4226 3636 4298 καθηκόν-

2027 4333 2156 4381 τως,
2202 4316 2506 4388 ἐπέτρεψεν
2545 4318 2739 4381 αἰτεῖν,
2785 4320 2887 4373 οὐκ
2918 4319 3193 4391 ἀγνοήσας
3241 4317 3635 4389 πνευματικῶν

2028 4408 2270 4478 δηλονότι
2306 4410 2403 4464 καὶ
2429 4410 2591 4465 θείων
2639 4411 2860 4479 ἀγαθῶν
2900 4412 3155 4483 όρεκτίαν
3190 4414 3305 4485 [γρ.
3347 4410 3632 4484 όρεκτιᾷν]

342 4507 549 4560 licavit.
582 4502 707 4558 Noli
761 4501 1038 4572 repulsam
1084 4513 1228 4568 {egre
1274 4499 1408 4569 pati.
1451 4495 1608 4565 Quod
1663 4497 1712 4553 si
1763 4512 1928 4567 grave

2041 4503 2130 4572 τῆς
2183 4501 2480 4573 μεθέξεως.
2516 4503 2876 4575 Ὁρισαμένου
2902 4503 2961 4559 δὲ
3001 4503 3091 4558 διὰ
3139 4505 3330 4558 τούτου
3374 4499 3437 4559 εὖ
3480 4504 3635 4574 μάλα

342 4599 488 4656 istud
518 4598 617 4652 tibi
638 4595 877 4656 videtur.
893 4592 1241 4662 coniungens
1266 4591 1392 4647 lidei
1408 4590 1679 4647 bonorum
1699 4605 1926 4662 operum

2041 4593 2120 4648 τοῦ
2148 4594 2398 4667 Σωτῆρος
2430 4594 2589 4666 ήμῶν
2628 4592 2890 4667 Χριστοῦ,
2924 4596 3010 4660 τίς
3038 4611 3098 4649 τε
3131 4594 3240 4666 εἴη.
3269 4597 3363 4649 καὶ
3387 4594 3633 4660 ποδαπὸς

340 4691 573 4765 gloriam
613 4689 746 4761 (hoc
777 4686 926 4741 enim
986 4683 1161 4739 estin
1206 4681 1431 4739 Christo
1474 4696 1723 4750 manere,
1767 4690 1824 4737 et
1873 4682 1927 4736 in

2041 4684 2118 4738 τὸν
2139 4684 2341 4755 τρόπον
2369 4685 2400 4737 6
2427 4686 2885 4756 προσευχόμενος,
2937 4686 3032 4740 καὶ¹
3086 4685 3388 4757 λαμϐάνειν
3431 4684 3633 4752 ἀξιῶν,

341 4785 534 4854 seipse
576 4779 748 4836 verba
804 4777 928 4848 ejus
962 4774 1169 4831 habere
1187 4774 1231 4846 ).
1290 4790 1522 4832 securus
1561 4773 1830 4835 accedito,
1875 4783 1928 4828 et

2041 4778 2172 4849 Ξιπερ
2198 4776 2266 4831 ἂν
2290 4776 2557 4849 βούληται.
2576 4779 2729 4850 παρὰ
2773 4777 2933 4843 Θεοῦ,
2971 4777 3072 4849 τὴν
3105 4777 3313 4832 ἑαυτῶν
3356 4778 3437 4841 εἰς
3467 4776 3635 4831 τοῦτο

341 4877 483 4930 citra
508 4869 926 4928 cunctationem
954 4867 1124 4922 ullam
1162 4866 1405 4938 accipies
1430 4865 1802 4937 quodcunque
1830 4879 1927 4935 po-

2041 4867 2443 4940 5ιαπλάττωμεν
2492 4869 2815 4933 πολιτείαν.-
2845 4870 2898 4922 εί
2948 4870 3133 4939 τυχεῖν
3190 4866 3465 4939 εὐχόμεθα
3523 4865 3635 4935 τῆς

340 4967 590 5039 posceris
617 4979 648 5018 a
683 4962 817 5018 Deo.

2041 4959 2238 5015 ἰνωθεν
2263 4963 2574 5031 εὐμενείας.
2609 4964 2673 5016 Et
2728 4963 2785 5017 δὲ
2820 4962 2916 5035 μὴ,
2949 4962 3145 5016 σαυτὸν
3179 4956 3336 5016 οἶσθα
3364 4959 3634 5031 γεγονότα

338 5063 599 5127 τοιοῦτον,
643 5059 827 5115 ὁποῖον
867 5061 998 5131 ήμίν
1043 5058 1246 5131 ἀρτίως
1288 5053 1567 5120 ὑπέδειξεν
1613 5054 1643 5106 ὁ
1679 5055 1932 5124 Χριστός.
1996 5056 2090 5129 Μὴ
2134 5056 2401 5130 δυσφόρει.
2446 5059 2951 5131 παρακρουόμενος.
3007 5059 3072 5113 Et
3135 5058 3194 5113 δέ
3223 5075 3306 5112 σοι
3355 5057 3504 5111 δοκεῖ
3566 5071 3637 5121 1.5

341 5159 574 5232 πρᾶγμα
598 5153 876 5225 φορτικόν,
894 5136 1354 5222 συμπαμζεῦξας
1372 5149 1438 5218 τῇ
1463 5146 1642 5198 πίστει
1680 5146 1746 5198 τὰ
1780 5148 1846 5199 ἐκ
1875 5148 1971 5218 τῆς
2008 5147 2379 5220 ἀγαθουργίας
2407 5152 2736 5222 καυχήματα
2753 5148 2932 5207 (τοῦτο
2958 5150 3068 5219 γάρ
3102 5151 3219 5203 ἐστι
3248 5149 3312 5205 τὸ
3337 5149 3519 5220 μένειν
3574 5153 3638 5203 ἐν

339 5253 564 5325 Χριστῷ
585 5290 601 5315 ,
631 5248 727 5304 καὶ
760 5247 906 5317 ἔχειν
935 5249 995 5300 ἐν
1024 5241 1202 5313 ἑαυτῷ
1225 5242 1354 5304 τοὺς
1396 5238 1588 5306 λόγους
1622 5237 1832 5307 αὑτοῦ),
1887 5240 2104 5311 πρόσιθι
2143 5241 2442 5305 πεποιθὼς.
2498 5241 2595 5297 καὶ
2627 5241 2776 5316 λήψῃ
2811 5243 2904 5299 καὶ
2952 5241 3112 5306 αὐτὸς
3152 5241 3464 5315 μελλησμοῦ
3506 5241 3641 5313 δίχα

340 5349 561 5413 παντὸς,
594 5348 733 5416 ὅπερ
750 5343 817 5398 ἂν
838 5342 1067 5412 αἰτήσῃς
1101 5338 1252 5406 παρὰ
1272 5332 1443 5392 Θεοῦ.

410 5435 532 5502 XV,
571 5438 626 5492 8.
671 5434 738 5490 In
786 5433 885 5486 hoc
916 5429 1252 5498 clari/iectus
1309 5435 1388 5480 est
1431 5424 1595 5479 Pater
1644 5440 1831 5488 meus,
1872 5433 1930 5477 ut

342 5532 577 5600 fructum
605 5527 897 5597 plurimum
923 5521 1200 5590 offeratis,
1230 5527 1281 5572 et
1301 5514 1603 5589 emciantini
1634 5515 1733 5567 mei
1766 5514 1933 5567 disci-

380 5620 479 5673 ali.

341 5638 376 5690 ρ
415 5710 792 5766 Clariﬁcatum
831 5723 956 5764 esse
995 5706 1128 5761 dicit
1169 5716 1330 5759 suum
1372 5700 1591 5756 Patrem
1640 5712 1705 5755 ac
1732 5697 1929 5763 Deum,

422 5828 466 5860 ³³
501 5824 620 5880 Jac.
660 5842 735 5893 lt,
777 5827 859 5881 l9.
939 5828 982 5858 ³³
1018 5823 1141 5880 Psnl
1193 5835 1363 5877 cum
1390 5860 1403 5885 ,
1450 5817 1536 5871 ll.
1617 5816 1661 5847 ³⁸
1698 5814 1831 5870 ibid.
1873 5813 1996 5867 140.

2122 5423 2218 5477 Ἐν
2260 5425 2450 5492 τούτῳ
2481 5422 2783 5491 ἐδοξάσθη
2831 5426 2865 5476 ὁ
2911 5422 3113 5491 Πατήρ
3140 5413 3295 5492 μου,
3336 5425 3434 5480 ἵνα
3485 5442 3641 5496 κιτρ-

2037 5515 2160 5569 πόν
2210 5516 2412 5570 πολὺν
2474 5517 2691 5585 φέρητε
2712 5557 2727 5580 ,
2781 5515 2881 5570 καὶ
2936 5517 3301 5586 γενήσεσθε’
3331 5518 3462 5587 ἐμοὶ
3514 5537 3643 5588 μα-

2039 5609 2234 5674 dumi.

2108 5700 2427 5767 Δεῶξάτθαι
2476 5702 2609 5773 φησὶ
2660 5702 2749 5759 τὸν
2815 5701 3009 5758 ἑαυτοῦ
3063 5703 3283 5774 Πατέρα
3330 5701 3421 5757 καὶ
3473 5701 3637 5775 Θεδνἷ
