3868 6200
252 338 362 393 369

1272 326 1348 382 IN
1368 323 1653 382 JOANNIS
1689 319 2133 377 EVANGEUUM
2164 318 2293 372 LIB.
2334 316 2405 372 Χ.

3425 310 3529 364 570

256 457 345 508 ἐπ’
371 452 688 523 ἁσυγκρίτῳ
715 450 937 513 δικαίως
968 448 1380 519 θαυμαζόμενον
1402 446 1723 517 ἁγαθὸτητι,
1752 444 1847 498 καὶ
1875 493 1880 504 η

1994 444 2153 511 uippe
2179 441 2271 511 qui
2290 440 2360 493 ob
2382 434 2869 506 incomparabilem
2898 432 3193 485 bonitatem
3220 427 3274 482 in
3292 426 3534 481 admira-

256 546 361 615 τῆς
397 546 478 607 είς
502 543 672 613 ἄκρον
708 542 890 613 ἰούσης
917 541 1255 612 ἡμερότητος
1289 541 1540 609 καθάπερ
1570 538 1693 592 τινὰ
1727 539 1849 591 στέα

1953 539 2103 589 tione
2127 534 2250 603 jure
2279 532 2351 587 sit
2387 530 2609 584 habitus
2629 570 2641 587 ,
2672 536 2725 581 et
2751 540 2817 579 ex
2853 523 2943 576 illa
2979 519 3353 577 celebratione
3380 533 3526 573 sum-

262 611 431 705 φανον
460 611 867 708 ἀναδησάμενον
895 635 992 708 τὴν
1024 634 1298 700 ἀπόδειξιν
1319 651 1331 663 ·
1373 656 1391 685 ι
1432 634 1717 705 Ἥγάπησε
1742 633 1852 706 γὰρ

1984 642 2056 681 nae
2082 622 2436 695 benignitatis
2484 635 2688 674 corona
2733 616 2901 671 veluti
2957 611 3195 682 quadam
3248 617 3481 663 ornatus
3521 625 3534 659 :

261 731 408 785 οὕτω
443 731 537 783 τὸν
580 730 805 801 κόσμον,
857 730 998 783 κατὰ
1042 729 1105 781 τὸ
1138 728 1544 798 γεγραμμένον,
1584 726 1726 781 ὥστε
1762 726 1853 779 τὸν

266 821 399 872 Τίον
424 819 589 874 αὑτοῦ
615 821 708 873 τὸν
731 821 991 890 μονογενῆ
1023 818 1241 883 ἔδωκεν,
1270 819 1358 872 ἵνα
1388 820 1495 883 πᾶς
1522 820 1553 870 ὁ
1582 817 1855 871 πιστεύων

266 915 350 973 εἰς
384 912 546 965 αὑτὸν
594 911 667 983 μὴ
717 911 1003 981 ἀπόληται,
1055 909 1185 965 ἁλλῗ
1217 910 1317 983 ἔχῃ
1361 909 1506 980 ζωὴν
1555 908 1793 962 αἰώνιον.
1832 927 1851 959 ι

271 1003 500 1074 Καρπὺς
531 998 625 1055 οὖν
654 1002 762 1072 ἄρα
788 1005 887 1073 τῆς
921 1003 1254 1073 ἡμερότητος
1292 1000 1386 1054 τοῦ
1417 999 1552 1053 Θεοῦ
1602 999 1697 1053 κα)⁵
1744 1001 1858 1052 [Ια-

269 1096 421 1166 τρὺς,
454 1096 487 1166 ἡ
525 1095 743 1148 πάντων
772 1094 906 1164 ζωὴ,
949 1093 1299 1165 πληρουμένη
1334 1092 1575 1161 δηλονότι
1606 1091 1695 1143 διὰ
1727 1092 1860 1161 Χρι-

270 1185 427 1241 στοῦ.
462 1186 560 1239 Διὰ
591 1186 750 1239 τοῦτο
776 1187 870 1240 καὶ
903 1186 1062 1249 αὐτὸς
1090 1186 1193 1254 ἔφη
1222 1203 1346 1247 που,
1373 1182 1756 1252 διαλεγόμενος
1785 1182 1862 1244 ὡς

277 1277 418 1347 πρὸς
451 1276 583 1330 Θεὸν
611 1276 708 1331 καὶ
737 1278 986 1349 Πατέρα·
1026 1298 1042 1328 ι
1097 1275 1239 1344 Ἐγώ
1270 1293 1327 1329 σε
1371 1275 1597 1339 ἐδόξασα
1639 1274 1733 1326 ἐπὶ
1765 1275 1866 1342 τῆς

273 1369 403 1437 γῆς,
447 1367 508 1420 τὸ
558 1367 718 1439 ἔργον
772 1367 1083 1431 τελειώσας,
1127 1366 1156 1419 ὃ
1202 1365 1440 1428 δέδωκάς
1475 1382 1589 1434 μοι,
1617 1364 1704 1417 ἵνα
1736 1366 1868 1431 πλη-

281 1459 445 1525 ρώσω
471 1460 623 1514 αὑτό.
650 1479 667 1511 ›
708 1460 1184 1532 Ἐγχειρισάμενος
1208 1458 1317 1529 γὰρ
1352 1458 1502 1520 παρὰ
1529 1456 1622 1511 τοῦ
1654 1457 1869 1527 ΙΙατρὸς

274 1553 473 1625 ὥσπερ
513 1556 613 1625 τὴν
654 1554 910 1608 ἁπάντων
944 1554 1101 1624 ἡμῶν
1142 1554 1418 1624 σωτηρίαν
1459 1554 1488 1606 ὁ
1536 1550 1867 1621 Μονογενὴς,

281 1643 346 1700 εὖ
381 1646 523 1716 μάλα
553 1646 931 1717 κατώρθωκεν.
956 1646 1058 1699 οὐκ
1092 1647 1148 1699 ἐν
1182 1645 1485 1716 ὑπουργίας
1510 1644 1661 1708 τάξει
1687 1660 1869 1714 παραυ

284 1738 533 1811 ληφθεὶς,
567 1738 682 1791 ἀλλ’
711 1738 1022 1807 αύτοσοφία,
1054 1738 1148 1791 καὶ
1200 1737 1427 1807 δύναμις
1464 1736 1559 1790 τοῦ
1604 1735 1872 1804 φύσαντος

1961 716 2085 771 «Sic
2103 716 2248 771 enim
2272 714 2463 768 dilexit
2485 712 2774 775 mundum,
2793 707 2940 762 sicut
2963 706 3226 770 scripturn
3246 709 3351 763 est,
3378 707 3438 752 ut
3453 694 3541 751 Fi-

1960 811 2094 862 lium
2121 822 2282 863 suum
2327 805 2667 873 unigenitum
2702 802 2893 861 daret,
2936 806 2995 851 ut
3026 795 3205 850 omnis
3235 793 3334 863 qui
3364 789 3536 845 credit

1960 904 2013 955 in
2047 914 2193 962 eum,
2222 912 2331 953 non
2362 904 2569 967 pereat.
2591 895 2685 949 sed
2718 893 2912 946 haheat
2946 889 3116 943 vitam
3145 893 3405 940 aeternam
3432 881 3532 933 ".o

1963 993 2197 1048 Fructus
2229 993 2397 1063 igitur
2423 988 2683 1042 bonitatis
2715 984 2809 1038 Dei
2840 998 2903 1035 ac
2933 980 3138 1039 Patris,
3168 976 3278 1030 vita
3309 981 3397 1027 est
3420 988 3540 1025 om-

1965 1089 2141 1151 nium,
2168 1099 2289 1154 quae
2316 1098 2412 1152 per
2441 1081 2718 1135 Christum
2751 1076 2963 1130 scilicet
2994 1072 3274 1141 impletur.
3304 1065 3547 1134 Ideoque

1966 1181 2083 1250 ipse
2129 1179 2197 1234 ad
2246 1177 2417 1231 Deum
2467 1184 2521 1229 et
2577 1173 2793 1226 Patrem
2830 1182 2989 1223 suum
3043 1168 3278 1233 loquens
3342 1156 3544 1211 alicubi

1966 1273 2107 1326 dixit
2139 1291 2150 1326 :
2188 1290 2206 1322 ι
2244 1269 2357 1341 Ego
2389 1278 2441 1322 te
2471 1262 2789 1321 clarificavi.
2823 1274 2963 1329 opus
2993 1251 3366 1311 consummavi
3398 1246 3545 1317 quod

1967 1365 2171 1421 dedisti
2203 1362 2359 1425 tnihi,
2396 1367 2456 1414 ut
2488 1356 2685 1411 faciam
2715 1355 2779 1407 ³⁷.
2819 1371 2835 1403 ι
2872 1353 3169 1419 Acceptatn
3202 1344 3349 1400 enim
3385 1358 3412 1395 a
3444 1340 3548 1392 Pa-

1969 1464 2053 1509 tre
2091 1448 2503 1524 quodammodo
2556 1448 2943 1501 universorum
3002 1438 3237 1495 salutem
3278 1434 3385 1487 rite
3433 1442 3551 1501 per-

1972 1548 2083 1619 egit
2109 1521 2470 1615 Unigenitus,
2504 1555 2611 1594 non
2649 1534 2890 1591 ministri
2923 1533 3045 1586 loco
3079 1534 3417 1596 assumptus,
3454 1521 3548 1577 sed

1974 1641 2209 1709 ipsamet
2239 1636 2424 1689 Patris
2468 1630 2735 1701 sapientia
2767 1634 2823 1680 et
2863 1623 3043 1676 virtus
3087 1619 3367 1674 exsistens
3400 1612 3552 1683 geni-

1978 1702 2137 1795 toris,
2192 1729 2313 1784 sine
2362 1739 2471 1795 qua
2534 1722 2648 1777 fieri
2706 1717 2840 1772 nihil
2896 1714 3058 1784 plane
3092 1714 3293 1781 potest.
3357 1702 3553 1757 Omnia

284 1830 570 1900 ὓπάρχων,
616 1826 684 1899 ἧς
732 1831 824 1885 καὶ
867 1830 989 1900 δίχα
1021 1829 1231 1898 γένοιτο
1272 1830 1334 1882 τὸ
1384 1829 1645 1902 παράπαν
1698 1826 1871 1880 οὐδέν.

1984 1792 2180 1894 quippe
2232 1835 2328 1890 per
2373 1792 2577 1887 ipsum,
2632 1812 2790 1882 juxta
2842 1814 3098 1863 sanctum
3134 1796 3553 1868 evangelistam,

288 1922 477 1975 Πάντα
504 1920 611 1991 γάρ
655 1920 722 1973 δι’
758 1921 945 1983 αὐτοῦ,
980 1921 1119 1975 κατὰ
1154 1922 1244 1976 τὸν
1279 1922 1432 1989 ἆγιον
1461 1919 1872 1990 εύαγγελιστῂν,

286 2011 586 2081 ἐξαιρέτως
631 2010 686 2063 δὲ
732 2011 801 2065 τὰ
845 2010 965 2065 καθ’
1004 2013 1170 2081 ἡμᾶς.
1215 2012 1325 2064 Καὶ
1366 2010 1496 2078 γοῦν
1532 2012 1560 2062 ὁ
1608 2008 1878 2081 μακάριος

288 2102 457 2155 Δαόὶδ
488 2101 595 2155 τῶν
638 2100 758 2157 καθ’
802 2103 950 2173 ἡμᾶς
1001 2103 1342 2175 πραγμάτιον
1392 2103 1491 2173 τὴν
1546 2101 1877 2171 οἰκονομίαν,

285 2195 389 2247 καὶ
415 2194 515 2263 τῆς
545 2194 800 2248 ἁπάντων
829 2193 975 2264 ζωῆς
1005 2197 1104 2266 τὴν
1127 2196 1464 2265 κατόρθωσιν
1486 2194 1879 2265 ἐπιτρέπεσθαι

287 2286 376 2355 τῷ
402 2286 516 2357 Υίῷ
554 2287 704 2359 παρὰ
735 2286 969 2357 Πατρὸς,
1016 2287 1111 2340 ἅτε
1147 2286 1210 2357 δὴ
1262 2286 1358 2340 καὶ
1390 2287 1690 2358 ὑπάρχοντι
1722 2285 1881 2339 δυνά-

298 2393 391 2443 μει
434 2378 529 2429 καὶ
574 2378 735 2448 σοφίᾳ
766 2374 954 2441 αὐτοῦ,
991 2379 1297 2446 παρακαλεῖ
1345 2378 1518 2447 λέγων
1563 2378 1691 2431 ποτὲ
1748 2378 1879 2447 μὲν·

300 2487 322 2519 ε
364 2470 653 2528 Ἐντει).αι,
682 2474 710 2523 ὁ
740 2472 891 2533 Θεὸς,
922 2474 987 2541 τῇ
1034 2471 1261 2540 δυνάμει
1313 2488 1437 2524 σου·
1488 2472 1825 2541 δυνάμωσον,
1857 2473 1885 2523 ὁ

297 2559 455 2620 Θεὸς.
484 2560 639 2611 τοῦτο
668 2560 695 2611 ὃ
724 2562 1070 2632 κατειργάσω
1099 2564 1157 2615 ὲν
1187 2566 1339 2635 ἡμῖν,
1379 2584 1396 2615 ι
1431 2564 1558 2616 ποτὲ
1594 2564 1649 2616 δὲ
1688 2564 1847 2617 πάλιν
1866 2581 1881 2594 ’

306 2666 328 2697 ι
371 2648 426 2701 ’0
458 2648 607 2712 Θεὸς,
652 2650 711 2702 τὸ
759 2652 935 2721 κρῖμά
989 2671 1080 2707 σου
1125 2654 1201 2723 τῷ
1236 2654 1446 2723 βασιλεῖ
1478 2655 1586 2715 δός.
1629 2674 1646 2705 ι
1688 2656 1885 2728 Ἔργον

299 2737 415 2808 γὰρ
442 2733 509 2808 ῆν
542 2739 704 2808 μόνου
734 2741 827 2795 τοῦ
858 2744 1349 2812 συμϐασιλεύοντος
1376 2744 1453 2815 τῷ
1490 2744 1609 2815 Θεῷ
1641 2747 1733 2799 καὶ
1778 2748 1890 2799 Πα-

303 2831 419 2899 cpi,
440 2829 500 2883 τδ
530 2833 709 2887 πᾶσαν
746 2834 1203 2907 κατεφθαρμένην
1230 2836 1611 2908 ἐπανορθῶσαι
1640 2838 1739 2908 τὴν
1763 2838 1886 2907 γῆν,

304 2921 405 2973 καὶ
432 2921 824 2995 άναμορφῶσαι
857 2924 1118 2981 δύνασθαι
1148 2925 1284 2997 πρὸς
1312 2927 1450 2996 ὅπερ
1477 2921 1545 2996 ἦν
1584 2929 1641 2979 ἐν
1674 2929 1888 2997 ἀρχαῖς.

314 3013 611 3083 Ἐδοξάσθη
650 3016 939 3087 τοιγαροῦν
982 3019 1011 3070 ὁ
1051 3018 1240 3088 Πατήρ
1287 3034 1389 3087 μου
1433 3017 1652 3078 ἐπιδοὺς
1681 3018 1893 3071 ἀντίλυ-

1980 1882 2205 1971 έειίιῖοε
2234 1882 2439 1967 eximio
2470 1904 2707 1976 quodam
2734 1900 2914 1954 modo.
2965 1895 3121 1950 Unde
3147 1892 3342 1947 beatus
3385 1882 3556 1940 David

1982 2015 2294 2061 nostrarum
2331 2016 2518 2056 rerum
2552 1994 3030 2065 dispensationem
3070 1995 3126 2042 et
3167 1987 3294 2038 vitae
3334 1980 3556 2035 univer-

1980 2113 2167 2153 sorum
2207 2093 2599 2165 perfectionem
2638 2087 2779 2141 Filio
2810 2101 2839 2138 a
2866 2083 3029 2137 Patre
3068 2075 3342 2139 mandari,
3372 2077 3564 2143 utpote

1982 2206 2106 2246 cum
2139 2190 2212 2244 sit
2240 2187 2418 2241 virtus
2448 2185 2572 2254 ejus
2603 2193 2657 2236 et
2686 2176 2953 2249 sapientia
2976 2174 3043 2237 ³⁸,
3070 2173 3323 2227 hortatur
3345 2167 3560 2229 dicens,

1985 2283 2149 2336 modo
2189 2278 2411 2348 quidem
2444 2295 2454 2329 :
2496 2294 2513 2324 ι
2547 2271 2740 2326 litanda
2766 2310 2781 2333 ,
2812 2267 2957 2322 Deus
2978 2306 2995 2331 ,
3025 2260 3217 2317 virtuti
3248 2269 3388 2323 tuae;
3428 2270 3565 2311 con-

1988 2374 2143 2427 firma
2168 2347 2295 2433 hoc,
2325 2368 2490 2427 Deus,
2514 2365 2680 2435 880
2700 2360 2845 2431 quod
2871 2356 3149 2426 pet-fecisti
3176 2353 3230 2408 in
3261 2351 3420 2405 nobis
3445 2347 3558 2414 ³⁹;ι

1986 2466 2149 2519 modo
2182 2477 2412 2517 rursus:
2446 2478 2463 2509 ι
2496 2458 2661 2520 Deus,
2688 2452 2957 2523 judicium
2998 2457 3153 2502 tuum
3191 2444 3304 2514 regi
3336 2442 3404 2496 da
3430 2440 3498 2492 ⁸ο.
3538 2455 3555 2487 ι

1989 2556 2139 2626 Opus
2172 2555 2320 2609 enim
2372 2560 2459 2605 est
2496 2550 2616 2616 ejus
2666 2546 2833 2599 unius
2868 2542 2960 2611 qui
3006 2539 3171 2594 simul
3202 2551 3327 2589 cum
3362 2533 3473 2587 Deo
3500 2542 3566 2585 ac

1990 2647 2150 2701 Patre
2185 2649 2396 2714 regnat,
2429 2642 2744 2694 universam
2770 2644 2973 2691 terram
3001 2639 3317 2698 corruptam
3351 2628 3569 2681 instau-

1992 2753 2137 2796 rare.
2167 2744 2221 2789 et
2255 2734 2321 2786 ad
2354 2731 2407 2785 id
2440 2731 2586 2800 quod
2629 2735 2745 2784 erat
2801 2725 2984 2787 initio,
3034 2721 3343 2777 reformare
3381 2732 3566 2787 posse.

1991 2827 2341 2884 Clarificatus
2374 2824 2538 2893 igitur
2567 2830 2652 2877 cst
2685 2821 2846 2874 Pater
2877 2832 3034 2873 meus
3071 2814 3201 2869 dato
3225 2811 3447 2883 proprio
3480 2808 3571 2862 Fi-

1994 2918 2069 2971 lio
2126 2919 2182 2970 in
2235 2915 2473 2985 pretium
2528 2908 2927 2979 redemptionis
2963 2905 3087 2959 vita:
3133 2900 3321 2956 mundi
3361 2899 3569 2967 hujus,

1992 3007 2216 3077 quando
2246 3003 2455 3074 placuit
2482 3003 2536 3056 in
2566 3001 2806 3054 humana
2839 3012 3005 3051 carne
3026 2994 3212 3049 videre
3242 3006 3329 3046 me
3359 2992 3454 3060 qui
3479 3004 3573 3043 su-

302 3121 338 3201 τ
348 3123 438 3173 ρον
458 3105 557 3176 τῆς
585 3105 679 3160 τοῦ
709 3109 913 3178 κόσμου
948 3108 1092 3178 ζωῆς
1120 3110 1211 3163 τὸν
1243 3110 1371 3163 ἴδιον
1396 3108 1590 3164 ἑαυτοῦ
1616 3110 1763 3174 Υίδν,
1796 3111 1880 3163 εύ-

1997 3112 2095 3169 pra
2138 3111 2357 3152 onmem
2405 3102 2716 3150 creaturam
2766 3105 2907 3153 sum,
2965 3103 3076 3142 non
3107 3095 3165 3140 ut
3197 3083 3402 3154 aliquid
3444 3080 3574 3137 boni

2228 3200 2233 3201 ,
2530 3186 2603 3201 ,-I-
2652 3200 2672 3201 γε
2711 3193 2725 3201 .
2767 3179 3236 3201 1..--ΡΑ-ιε--2---..-.
3309 3177 3449 3201 Anius
3489 3183 3572 3201 ΔΑ..

303 3198 545 3269 δοκήσας
576 3200 701 3253 ἰδεῖν
729 3201 789 3254 ὲν
819 3204 932 3265 τοῖς
957 3202 1077 3255 καθ’
1105 3204 1252 3273 ἡμᾶς
1290 3202 1379 3255 τὸν
1408 3203 1547 3275 ὑπὲρ
1579 3205 1760 3258 πᾶσαν
1794 3205 1892 3273 τὴν

305 3290 509 3354 κτίσιν,
541 3291 637 3360 οὔχ
684 3292 770 3346 ἵνα
818 3310 871 3346 τι
913 3293 1022 3346 τῶν
1047 3293 1270 3362 ἀγαθῶν
1317 3297 1382 3364 τῇ
1420 3295 1525 3365 ἰδίᾳ
1572 3296 1895 3368 κατορθώσῃ

311 3378 475 3443 φύσει
499 3380 836 3449 (παντέλειος
862 3383 973 3454 γὰρ
1010 3383 1104 3435 καὶ
1132 3383 1460 3456 ἀπροσδεης,
1484 3383 1738 3439 ἁπάντων
1759 3385 1897 3456 ἔχων

304 3469 375 3523 τὺ
407 3472 651 3541 κράτος),
689 3472 803 3527 ἀλλ’
837 3474 924 3527 ἵνα
966 3474 1125 3544 ὑμεῖς
1160 3476 1382 3529 πλείονα
1428 3476 1640 3547 καρπὸν
1670 3475 1896 3547 φέρητε,

311 3562 411 3614 καὶ
448 3561 678 3634 γένησθε
723 3563 849 3633 ἐμοὶ
900 3562 1160 3634 μαθηταί.
1211 3561 1275 3616 Εἰ
1310 3564 1385 3634 μὴ
1423 3564 1530 3635 γὰρ
1562 3565 1783 3634 γέγονεν
1808 3565 1900 3620 ἄν·

308 3651 553 3724 θρωπος,
601 3655 710 3707 οὐδ’
746 3655 813 3708 ἂν
863 3655 998 3718 ὅλως
1039 3656 1201 3726 ἡμεῖς
1242 3654 1345 3726 τῆς
1383 3656 1521 3726 πρὸς
1565 3658 1726 3710 αὑτὸν
1758 3674 1899 3728 συμ-

314 3744 481 3813 φυῖας
507 3744 819 3814 ἠξιωμένοι.
845 3745 940 3799 καὶ
987 3747 1282 3816 κλημάτων
1311 3745 1466 3816 δίκην
1500 3747 1900 3817 ἐμπεφυκότες,

1998 3206 2111 3247 suae
2148 3200 2360 3244 natura:
2406 3186 2731 3242 conciliaret
2764 3179 3239 3253 (perfectissimus
3305 3177 3450 3230 enim
3488 3183 3575 3229 est

1998 3298 2062 3338 ac
2090 3283 2295 3338 nullius
2324 3280 2404 3335 rei
2455 3277 2695 3348 indigus,
2735 3276 2919 3329 omnia
2952 3279 3227 3344 potestate
3259 3282 3358 3324 sua
3399 3283 3576 3321 conn-

1998 3373 2181 3447 ncns),
2216 3373 2311 3429 sed
2345 3381 2404 3426 ut
2441 3387 2538 3426 vos
2583 3369 2893 3424 uberiorem
2929 3365 3171 3420 fructum
3218 3360 3478 3423 all‘eratis,
3523 3365 3578 3413 et

1999 3464 2314 3522 cfﬁciamini
2361 3464 2467 3517 mei
2515 3460 2794 3530 discipuli.
2845 3455 2962 3511 Nisi
3008 3455 3152 3510 enim
3194 3454 3357 3506 homo
3396 3449 3579 3505 factus

1999 3566 2169 3621 esset,
2217 3556 2534 3625 neutiquam
2578 3565 2727 3607 certe
2764 3565 2865 3605 nos
2898 3549 3018 3619 ejus
3069 3544 3323 3601 honorati
3377 3556 3581 3612 cogna-

2002 3655 2169 3714 tione,
2202 3658 2258 3705 et
2303 3648 2590 3720 palmitum
2619 3646 2795 3698 instar
2841 3642 2891 3696 ei
2941 3640 3107 3702 afﬁxi,
3155 3645 3209 3693 et
3261 3636 3328 3689 ad
3363 3634 3582 3689 fructus

2004 3740 2387 3814 producendos
2410 3740 2479 3793 ab
2513 3752 2579 3793 eo
2605 3734 2792 3790 donati
2820 3748 2917 3803 per
2947 3730 3428 3801 participationem
3458 3724 3584 3794 Spi-

316 3835 413 3890 acal.
450 3836 679 3907 δύναμιν
713 3838 793 3900 εἰς
830 3838 1211 3910 καρποφορίαν
1259 3837 1608 3908 ποριζόμενοι
1652 3840 1783 3908 παρ’
1809 3840 1907 3891 αὐ·-

314 3928 435 3992 τοῦ,
468 3928 557 3983 διὰ
600 3929 889 3999 μετουσίας
931 3931 1026 3983 τοῦ
1081 3931 1418 4000 Πνεύματος,
1452 3931 1796 4001 ἁπετέκομεν
1838 3931 1905 3985 ἂν

317 4021 411 4072 τὸν
454 4021 556 4090 τῆς
599 4021 878 4092 θεοφιλοῦς
912 4022 1187 4085 πολιτείας
1223 4023 1456 4094 καρπὸν,
1502 4024 1562 4076 ὃν
1600 4024 1695 4076 καὶ
1740 4025 1907 4077 πολὺν

315 4110 598 4181 ὀνομάζει,
628 4113 718 4165 τὸν
747 4114 813 4167 ὲκ
843 4114 944 4183 τῆς
971 4114 1199 4184 νομικῆς
1221 4114 1479 4185 λατρείας
1510 4115 1685 4169 ὀπίσω
1715 4115 1905 4181 τιθεὶς,

320 4205 380 4254 ἒν
413 4203 691 4256 ἐλάττοσιν
723 4198 861 4256 εἶναι
900 4204 1095 4274 δηλῶν.
1135 4223 1152 4254 ι
1186 4204 1512 4259 Τετελειωκε
1547 4207 1654 4277 γάρ
1680 4210 1708 4260 ὁ
1746 4207 1910 4276 νόμος

318 4295 496 4358 οὐδὲν,
536 4314 554 4345 ι
592 4294 734 4348 κατὰ
783 4294 882 4365 τὴν
925 4294 1017 4348 τοῦ
1068 4295 1280 4349 Παύλου
1333 4297 1537 4368 φωνήν.
1600 4297 1701 4350 Διὰ
1749 4271 1878 4350 tot}:

2010 4292 2122 4345 into
2150 4304 2281 4363 verp
2317 4286 2504 4358 potius
2533 4285 2600 4339 ad
2644 4298 2746 4339 nos
2791 4296 3006 4344 omnes,
3045 4277 3141 4348 qui
3184 4290 3281 4344 per
3333 4271 3490 4325 fidem
3541 4278 3595 4322 et

321 4383 459 4455 πρὸς
497 4385 624 4448 τοὺς
670 4382 856 4451 ἁγίους
906 4382 1108 4450 ἔφασκε
1145 4384 1412 4455 μαθητὰς,
1444 4366 1645 4454 μᾶλλον
1667 4385 1729 4438 δὲ
1772 4388 1877 4459 πρὸ

2011 4382 2382 4439 omnimodam
2410 4381 2736 4436 charitatem
2787 4378 2835 4434 ei
2886 4376 3280 4429 adhaercmus:
3331 4387 3349 4418 ι
3393 4366 3592 4427 Amen,

323 4479 573 4540 ἅπαντας
626 4478 806 4547 ἡμᾶς,
857 4476 909 4530 οἳ
956 4477 1045 4530 διὰ
1095 4476 1332 4542 πίστεως
1385 4478 1478 4532 καὶ
1524 4479 1625 4549 τῆς
1680 4480 1880 4533 εἱσάπα

1984 4508 1989 4544 ,
2019 4490 2183 4529 auten
2219 4474 2346 4527 dico
2376 4473 2559 4537 vobis,
2604 4471 2710 4525 nisi
2759 4465 3126 4523 abundaverit
3163 4461 3382 4532 justitia
3414 4467 3596 4513 vestra

324 4569 547 4639 ἀγάπης
573 4568 723 4640 αύτῷ
752 4568 1092 4640 κεκλήμεθαο
1120 4589 1138 4621 ι
1174 4570 1370 4640 Ἀμὴν,
1404 4570 1551 4656 άμὴν
1582 4571 1725 4637 λέγω
1760 4572 1880 4642 ὑμῖι

2016 4568 2140 4636 plus
2169 4580 2331 4634 quam
2366 4564 2688 4617 Scribarum
2730 4571 2784 4615 et
2815 4559 3246 4616 Pharisaeorum,
3281 4567 3391 4606 non
3420 4551 3598 4604 intra-

324 4662 419 4713 ἐὰν
455 4660 532 4731 μὴ
583 4659 922 4731 περισσεύσῃ
971 4660 1005 4730 ἡ
1048 4658 1359 4731 δικαιοσύνη
1404 4640 1567 4730 ύμῶν
1612 4660 1776 4714 πλέον
1801 4640 1880 4715 τῶ

2016 4659 2144 4712 bitis
2173 4656 2227 4709 in
2259 4670 2489 4725 regnum
2517 4655 2786 4709 cmlorum
2816 4652 2883 4703 ι’.
2930 4669 2948 4700 ι
2981 4648 3047 4702 Ει
3075 4661 3270 4701 rursus
3304 4663 3317 4699 :
3351 4661 3368 4694 ι
3405 4640 3598 4697 Omnis

325 4751 708 4821 Γραμματέων
740 4752 836 4804 καὶ
886 4751 1214 4824 Φαρισαίων,
1262 4752 1323 4804 οὐ
1377 4751 1453 4824 μὴ
1506 4752 1785 4823 εἰσέλθητε
1839 4753 1880 4804 εἰ

2018 4748 2212 4803 Scriba
2246 4746 2443 4801 doctus
2480 4745 2533 4798 in
2568 4758 2738 4813 regno
2767 4743 3062 4804 caelorum,
3116 4736 3314 4793 similis
3364 4741 3451 4790 est
3496 4732 3595 4786 ho.

324 4843 426 4913 τὴν
479 4842 753 4913 βασιλείαν
800 4843 909 4896 τῶν
964 4842 1224 4914 οὐρανῶν.
1268 4862 1288 4896 ι
1325 4843 1437 4898 Καὶ
1489 4844 1683 4897 πάλιν·
1740 4863 1759 4894 ι
1808 4845 1880 4898 Πᾶ

2020 4840 2156 4894 mini
2209 4838 2364 4891 diviti
2412 4836 2505 4906 qui
2545 4835 2757 4903 profert
2808 4834 2876 4890 de
2927 4833 3189 4887 thesauro
3221 4844 3324 4885 suo
3370 4842 3511 4882 nova
3543 4835 3600 4883 et

325 4933 697 5005 Γραμματεὺς
723 4933 1085 5005 μαθητευθεὶς
1112 4937 1176 5006 τῇ
1214 4934 1463 5008 βασιλείᾳ
1494 4935 1604 4990 τῶν
1644 4937 1880 5007 οὐρανῶν

2021 4939 2208 4985 vetera
2240 4930 2285 4961 ι’
2318 4948 2329 4982 :
2368 4948 2385 4979 ι
2420 4945 2451 4982 ε
2482 4928 2741 4983 thesauro
2771 4924 2958 4981 cordis
2987 4924 3274 4988 nimirum,
3304 4919 3604 4975 Mosaicam

329 5026 513 5126 ὅμοιος
569 5027 730 5125 ἐστιῖ
764 5026 1037 5097 ἀνθρώπῳ
1078 5026 1339 5099 πλουσίῳ,
1374 5028 1522 5091 ὅστις
1564 5029 1815 5083 ἐκϐάλλει
1851 5030 1876 5082 ὲ

2023 5020 2312 5077 historiam
2345 5028 2403 5074 et
2442 5027 2689 5073 veterum
2742 5018 3077 5086 scriptorum
3111 5011 3458 5068 memoriam.
3500 5008 3605 5063 Do-

2059 5113 2112 5126 -ιο
2257 5120 2268 5126 -
2421 5118 2434 5126 .
2540 5125 2587 5126 ,,
2653 5109 2782 5126 ,I'__-
2825 5106 3215 5126 S|I___._-.2-__2._
3250 5103 3443 5126 -I-_-.-
3510 5114 3573 5126 ΛΑ

327 5114 421 5168 τοῦ
458 5113 733 5185 θησαυροῦ
777 5115 942 5169 αὐτοῦ
988 5116 1153 5169 καινὰ
1193 5119 1288 5171 καὶ
1321 5118 1556 5172 παλαιὰ’
1607 5135 1626 5168 υ
1664 5118 1877 5173 καθάπε

2022 5113 2146 5168 cilis
2182 5120 2364 5166 autem
2386 5118 2440 5165 et
2463 5109 2795 5180 evangelica:
2825 5106 3219 5161 illustrationis
3249 5103 3467 5173 plenus,
3507 5114 3606 5153 co—

330 5210 439 5278 γὰρ
477 5208 543 5260 ἐκ
572 5206 847 5279 θησαυροῦ
886 5209 984 5277 τῆς
1022 5207 1250 5281 καρδίας
1290 5208 1361 5264 τὰ
1410 5209 1682 5265 Μωσαῖκὰ
1726 5212 1880 5282 διηγή

2027 5209 2241 5280 piosus,
2266 5216 2323 5263 et
2349 5206 2520 5277 duplo
2546 5207 2715 5260 ditior
2750 5211 2855 5269 est,
2900 5201 3241 5273 spiritalibus
3283 5211 3484 5265 nempe
3521 5193 3639 5251 di-t

334 5317 502 5368 ματα,
537 5298 766 5353 καὶτῶν
799 5300 1044 5371 ἀρχαίων
1066 5303 1513 5374 συγγραμμάτων
1547 5302 1647 5375 τὴν
1672 5304 1880 5375 μνήμηι

2027 5300 2199 5355 vitiis.
2236 5297 2384 5354 Nova
2417 5299 2560 5353 enim
2591 5294 2800 5368 profert
2840 5302 2895 5347 ct
2924 5301 3131 5353 vetera,
3176 5288 3312 5360 legis
3351 5286 3604 5340 umbram

335 5393 403 5496 :0
427 5408 497 5496 γε
534 5392 642 5496 μὴν
666 5392 1019 5496 κατήκούςῡτε
1049 5394 1143 5447 καὶ
1175 5394 1418 5466 εὐμαθὴς
1442 5396 1537 5449 καὶ
1564 5399 1661 5467 τῆς
1692 5397 1880 5465 εὐαγγε

2026 5392 2313 5457 nimirum,
2345 5398 2400 5447 et
2424 5391 2535 5445 vim
2570 5390 2755 5445 cultus
2784 5387 2975 5458 legalis
3014 5386 3069 5439 in
3107 5379 3442 5452 evangelicae
3478 5379 3606 5431 vita:

2031 5483 2053 5496 ιι
2304 5493 2313 5496 -
2463 5481 2485 5496 η
2704 5478 2746 5496 ιι
2799 5493 2815 5496 _
2843 5478 2857 5496 ι
2895 5476 3029 5496 Α-ξκ-.
3071 5476 3151 5496 ι---
3178 5488 3273 5496 ..Λ-
3296 5470 3499 5496 ηις-..-ηρ
3532 5471 3573 5496 ..ζ

332 5483 493 5586 λικῆέ
536 5483 823 5586 δᾳδουχίας
864 5484 1172 5548 ἀνάπλεως,
1209 5486 1376 5550 πολὺς
1427 5488 1524 5542 καὶ
1568 5487 1787 5550 διπλοῦς
1841 5491 1880 5543 εἰ

2029 5483 2267 5539 formam
2299 5481 2668 5538 transferens.
2703 5478 2860 5544 Quod
2887 5476 3033 5531 enim
3070 5476 3151 5529 lex
3178 5488 3273 5541 per
3296 5470 3503 5540 figuras
3531 5471 3606 5523 si-

2108 5575 2160 5586 ...
2236 5574 2251 5586 ι
2315 5584 2323 5586 Α
2376 5575 2391 5586 ι
2512 5572 2567 5586 nn
2625 5572 2637 5585 ο
2677 5580 2688 5586 -
2790 5570 2802 5582 ο
2919 5569 3100 5586 ,~!._.-
3153 5562 3297 5586 --.Δρ
3327 5572 3371 5586 ,ι
3399 5568 3582 5586 ...ιη-ι...

334 5573 592 5638 πλοῦτον,
620 5574 711 5629 τὸν
739 5576 797 5629 ὲν
822 5575 1099 5646 Πνεύματι
1128 5576 1185 5629 δὲ
1214 5575 1454 5648 δηλονότι
1480 5578 1643 5648 φημί.
1670 5577 1782 5631 Νέα
1813 5580 1880 5647 γά

2030 5574 2351 5647 gnificabat,
2376 5575 2482 5630 hoc
2509 5572 2764 5628 Christus
2790 5570 2844 5623 in
2872 5569 3126 5629 veritate,
3153 5562 3301 5620 node
3322 5572 3377 5618 et
3398 5568 3602 5631 aperte,

412 5685 458 5716 “
500 5681 659 5758 Idan.
698 5700 804 5758 ut,
832 5686 917 5758 16.
994 5687 1037 5718 ³⁷
1078 5684 1234 5744 Joau.
1267 5705 1399 5747 xvu.
1443 5690 1495 5745 ιί.
1575 5690 1619 5721 ³⁵
1660 5688 1676 5740 1
1712 5691 1839 5744 Cor.
1878 5711 1880 5745 ε

1984 5692 2062 5747 3i.
2145 5695 2187 5725 ⁸⁸
2230 5690 2373 5746 Psal.
2408 5687 2689 5753 minim.
2774 5682 2982 5741 “Psal.
3030 5696 3180 5748 tut,
3216 5680 3267 5738 1.
3346 5680 3390 5713 ’⁵⁸
3428 5676 3595 5734 Hebr.

343 5770 461 5825 vn,
513 5756 595 5812 18.
674 5758 715 5789 “
762 5756 950 5811 Matth.
995 5774 1047 5824 v,
1099 5758 1187 5813 20.
1271 5761 1314 5792 “
1358 5760 1550 5817 Matth.
1590 5778 1721 5823 xui,
1755 5761 1843 5817 δὲ.

2004 3836 2170 3898 ritus,
2196 3834 2301 3904 piae
2321 3832 2765 3887 conversationis
2788 3828 3025 3883 fructum
3049 3835 3395 3895 pareremus,
3422 3831 3584 3889 quem

2004 3940 2059 3984 et
2099 3928 2399 3997 plurimum
2432 3932 2700 3985 nominat,
2736 3919 2969 3990 legalem
3004 3915 3213 3969 cultum
3264 3911 3394 3964 huic
3435 3916 3586 3978 post-

2008 4033 2241 4088 ponens,
2290 4025 2347 4070 ct
2398 4015 2667 4068 minorem
2726 4025 2849 4064 esse
2899 4007 3312 4060 demonstrans.
3438 3994 3586 4051 Nihil

2008 4110 2155 4164 enim
2185 4107 2253 4162 ad
2292 4105 2597 4177 perfectum
2634 4101 2863 4156 adduxit
2893 4099 3004 4160 lex,
3040 4114 3057 4148 ι
3092 4094 3249 4165 juxta
3279 4090 3432 4146 Pauli
3457 4104 3587 4144 seu-

2009 4199 2243 4255 tentiam
2278 4197 2344 4248 δι.
2392 4194 2602 4249 Idcirco
2634 4192 2700 4247 ad
2738 4200 2964 4247 sanctos
3014 4185 3319 4254 discipulos
3366 4179 3591 4237 aiebat.

2145 5695 2187 5725 ⁸⁸
2230 5690 2373 5746 Psal.
2408 5687 2689 5753 minim.
2774 5686 2814 5718 ‘°
2840 5682 2982 5741 Psal.
3030 5696 3180 5748 tut,
3216 5680 3267 5738 1.
