3868 6200
371 277 474 336 371

1381 279 1437 336 S.
1479 279 1760 338 CYRILLI
1796 285 2264 347 ALEXANDRINI
2305 289 2630 352 ARCIIIEP.

3523 293 3632 349 372

362 396 598 469 Ideoque
627 395 891 454 dicebat:
949 417 966 448 ι
1001 393 1122 452 Non
1171 397 1293 452 veni
1347 399 1565 454 solvere
1607 401 1801 472 legem,
1845 406 1926 460 sec‘

2048 410 2322 476 ἐκϐάλλει,
2355 413 2450 466 καὶ
2481 410 2712 478 παλαιὰ,
2744 411 2840 484 τὴν
2869 409 2960 466 τοῦ
2990 409 3154 482 νόμου
3188 410 3365 476 σκιὰν,
3399 411 3492 465 καὶ
3528 413 3631 480 τῆς

362 487 773 559 adimplere“;
821 507 839 540 ι
887 499 939 544 et
986 505 1233 545 rursus:
1279 508 1298 540 ι
1344 490 1516 544 Amen
1545 533 1558 555 ,
1611 507 1768 548 amen
1811 495 1940 548 dico

347 583 521 637 vobis
545 621 560 639 .
598 582 708 636 iota
737 598 907 637 unum
945 592 1042 637 aut
1073 597 1219 637 unus
1249 597 1388 651 apex
1429 601 1536 637 non
1576 587 1876 652 przeteribit
1907 603 1936 641 a

361 675 501 743 lege,
529 672 708 729 donec
745 674 931 728 omnia
968 673 1098 728 ﬁant
1128 672 1195 727 ⁸³.
1235 693 1253 726 ι
1282 673 1520 730 Fructus
1549 677 1734 746 itaque
1761 678 1939 748 pluri-

360 782 487 820 mus
512 767 605 837 qui
635 766 690 820 in
720 763 934 836 Spiritu
967 775 1020 820 et
1049 765 1285 820 veritate
1312 767 1596 834 consistit,
1628 769 1936 840 evangelici

358 860 543 912 cultus
576 857 661 913 vis
698 865 754 912 et
791 858 933 911 ra‘io
972 865 1077 920 est,
1111 857 1560 927 quandoquidem
1607 860 1662 914 in
1704 861 1935 931 gloriam

359 949 455 1002 Dei
495 964 559 1004 ac
591 948 768 1005 Patris
804 949 968 1004 homo
1004 949 1186 1003 lactus
1219 957 1304 1003 est
1334 949 1692 1018 Unigenitus.
1722 951 1938 1007 Idcirco

358 1056 490 1096 vero
518 1041 753 1110 contigit
784 1048 843 1094 ut
870 1049 925 1095 et
975 1041 1226 1094 homines
1275 1041 1397 1109 ejus
1429 1041 1687 1110 discipuli
1718 1043 1933 1096 lierent.

358 1131 708 1202 Loquebatur
741 1133 888 1187 enim
917 1132 1197 1187 veteribus
1223 1132 1386 1185 etiam
1413 1133 1542 1184 olim
1572 1147 1670 1202 per
1699 1136 1937 1204 prophe-

359 1235 444 1279 tas
469 1223 548 1289 “,
585 1232 644 1278 ut
675 1222 840 1288 Deus,
869 1223 965 1279 sed
993 1239 1156 1279 causa
1188 1225 1350 1295 881
1387 1227 1559 1280 nostri
1596 1235 1650 1280 et
1679 1227 1746 1279 de
1775 1226 1936 1281 nobis

357 1311 568 1367 dictum
605 1322 690 1368 est
730 1331 744 1367 :
780 1332 800 1364 ι
846 1313 913 1367 Et
955 1323 1119 1370 erunt
1151 1329 1343 1369 omnes
1377 1315 1643 1371 docibiles
1677 1315 1772 1372 Dei
1803 1317 1869 1371 ⁸⁷.
1909 1335 1929 1369 ι

357 1404 526 1462 Nobis
560 1406 707 1460 enim
742 1407 839 1476 qui
893 1407 948 1461 in
1008 1423 1132 1460 eum
1183 1405 1522 1461 credidimus
1571 1409 1713 1464 alius
1771 1424 1936 1465 nemo

357 1513 664 1552 sermonem
693 1498 816 1567 ejus
845 1499 1218 1563 annuntiavit,
1252 1499 1348 1553 sed
1377 1514 1480 1555 nec
1517 1499 1640 1570 ejus
1675 1501 1934 1556 volunta-

356 1599 470 1643 tum
533 1589 908 1646 internuntius
957 1593 1250 1661 quisquam
1325 1591 1452 1659 l'uit,
1513 1593 1680 1649 sicuti
1737 1610 1935 1664 nempe

356 1680 537 1736 Moses
581 1680 844 1736 lsraelitis
897 1683 953 1735 in
1002 1691 1185 1736 monte
1240 1681 1393 1747 Sina,
1433 1690 1529 1736 aut
1564 1693 1694 1754 post
1745 1683 1931 1740 Mosen

354 1773 634 1842 propheta:
691 1773 779 1828 sui
833 1774 1100 1842 temporis
1154 1772 1506 1840 hominibus;
1572 1788 1762 1828 verum
1813 1775 1933 1846 ipse

351 1881 454 1920 nos
484 1865 672 1919 docuit
702 1864 980 1920 Christus.
1041 1865 1318 1920 Docibiles
1374 1875 1559 1921 autem
1592 1865 1687 1922 Dei
1738 1882 1932 1924 omnes

351 1956 565 2010 idcirco
601 1971 816 2011 sumus.
866 1955 985 2010 Non
1016 1969 1149 2024 ergo
1203 1953 1333 2008 lacti
1395 1970 1646 2011 essemus
1697 1957 1925 2013 omnino

349 2048 471 2117 ejus
499 2047 791 2118 discipuli,
829 2063 931 2101 nec
959 2045 1133 2102 divini
1165 2046 1374 2101 amoris
1410 2046 1657 2102 fructum
1691 2063 1930 2119 eumque

349 2140 582 2194 multum
635 2139 961 2202 ederemus,
1012 2139 1126 2194 nisi
1175 2153 1272 2208 per
1319 2138 1713 2210 benignitatem
1767 2155 1926 2195 suam

347 2231 682 2285 clariticatus
733 2239 882 2285 esset
916 2229 1100 2294 Pater,
1146 2229 1236 2283 cui
1273 2229 1354 2284 sic
1406 2230 1810 2300 beneplacitum
1842 2239 1930 2287 est

346 2327 404 2378 in
433 2325 612 2388 nobis,
637 2332 697 2378 ut
721 2322 961 2379 Verbum
988 2324 1137 2394 quod
1166 2339 1232 2379 ex
1257 2325 1373 2393 ejus
1401 2322 1711 2380 substantia
1737 2339 1929 2395 proce-

352 2416 433 2470 dit
460 2417 736 2470 hoiiiinem
775 2416 892 2471 ﬁeri
929 2417 1191 2471 voluerit.
1227 2415 1319 2471 Sic
1353 2416 1725 2488 intelligemus
1754 2418 1922 2482 enim,

347 2523 472 2563 cum
510 2511 562 2563 in
613 2509 920 2578 Scripturis
952 2509 1152 2564 divinis
1198 2509 1486 2565 audiemus
1531 2526 1657 2564 eum
1702 2509 1926 2565 dedisse

345 2599 543 2655 Filium
574 2619 757 2657 suum.
789 2603 847 2658 ld
879 2603 1024 2658 enim
1051 2603 1386 2673 complacuit
1413 2604 1462 2659 ei
1494 2604 1588 2674 qui
1626 2620 1725 2675 pro
1760 2603 1923 2660 nobis

345 2693 457 2762 pati
500 2695 695 2755 voluit,
733 2695 1072 2764 proindeque
1103 2692 1267 2751 etiam
1320 2694 1540 2751 dedisse.
1573 2696 1794 2760 dicitur,
1837 2695 1923 2750 id-

343 2799 454 2854 que
487 2785 644 2839 valde
683 2794 1074 2842 consentanee.

2041 505 2101 556 ὲν
2155 504 2303 576 νόμῳ
2351 505 2609 575 λατρείας
2656 504 2756 574 τὴν
2815 503 3044 575 δύναμιν
3104 503 3495 574 μεταπλάττων
3549 504 3630 566 εἰς

2042 596 2226 666 σχῆμα
2281 596 2557 660 πολιτείας
2605 596 2984 666 εύαγγελικῆς.
3021 598 3088 649 '0
3139 597 3247 666 γὰρ
3303 594 3490 665 ἐδήλου
3540 594 3630 646 διὰ

2038 686 2148 740 τῶν
2177 687 2363 740 τύπων
2399 691 2427 740 ὁ
2460 689 2641 758 νόμος.
2673 685 2829 740 τοῦτο
2856 687 3090 758 Χριστὸς
3132 684 3625 756 ἀπημφιεσμένως,

2039 779 2097 830 ὲν
2120 777 2366 850 ἀληθείᾳ.
2404 779 2495 831 Διὸ
2528 781 2620 832 καὶ
2654 779 2834 848 ἔλεγεν
2856 796 2870 810 ·
2903 799 2918 829 ι
2960 779 3074 831 Ούκ
3119 774 3284 848 ἦλθον
3323 775 3626 830 καταλῦσαι

2038 869 2128 921 τὸν
2172 871 2353 940 νόμον,
2409 871 2545 923 ἀλλὰ
2592 873 2908 942 πληρῶσαι·
2951 890 2969 922 ›
2999 872 3094 924 καὶ
3133 871 3323 924 πάλιν*
3363 889 3380 921 ι
3431 869 3626 938 Ἀμὴν,

2039 963 2186 1030 ἀμὴν
2219 963 2362 1032 λέγω
2390 965 2538 1034 ὑμῖν,
2571 965 2704 1016 ἰῶτα
2737 964 2814 1024 ἓν,
2843 964 2874 1033 ἢ
2927 963 3024 1033 μία
3059 963 3258 1031 κεραία
3289 962 3347 1014 ού
3381 963 3453 1031 μή
3486 977 3629 1030 παρ-

2038 1054 2168 1124 έλθῃ
2192 1056 2298 1108 ἀπὸ
2321 1055 2412 1108 τοῦ
2433 1057 2618 1126 νόμον,
2645 1057 2748 1120 ἕως
2774 1056 2838 1109 ἂν
2881 1057 3057 1109 πάντα
3081 1056 3324 1126 γένηται.
3359 1073 3376 1105 ›
3400 1054 3627 1122 Καρπδς

2037 1141 2129 1198 οὖν
2157 1145 2267 1214 ἄρα
2295 1147 2459 1209 πολὺς
2490 1149 2517 1198 ό
2552 1149 2608 1198 ἐν
2640 1145 2916 1216 Πνεύματι
2939 1148 3034 1199 καὶ
3059 1146 3304 1216 ἀληθείᾳ,
3329 1148 3428 1214 τῆς
3460 1146 3629 1212 εὐαγ-

2036 1237 2258 1308 γελικῆς
2304 1238 2557 1308 λατρείας
2586 1241 2618 1308 ἠ
2653 1238 2901 1308 δύναμις,
2951 1237 3182 1309 ἐπείπερ
3218 1239 3298 1300 είς
3339 1237 3496 1302 δόξαν
3527 1235 3626 1289 τοῦ

2035 1327 2170 1380 Θεοῦ
2219 1330 2312 1382 καὶ
2360 1329 2594 1401 Πατρδς.
2633 1330 2918 1400 ἄνθρωπος
2947 1330 3167 1397 γέγονεν
3210 1331 3238 1383 ό
3288 1328 3619 1397 Μονογενής.

2036 1419 2358 1491 Συμὸἐδηκε
2385 1421 2440 1474 δὲ
2473 1421 2560 1474 διὰ
2586 1420 2743 1474 τοῦτο
2771 1420 2864 1474 καὶ
2895 1421 3058 1473 αὑτοῦ
3087 1419 3342 1488 γενέσθαι
3375 1420 3626 1489 μαθητὰς

2033 1511 2160 1574 τοὺς
2186 1511 2345 1573 ὄντας
2371 1511 2464 1563 ἐπὶ
2487 1511 2587 1576 τῆς
2615 1511 2738 1580 γῆς.
2774 1509 3104 1581 Πῳσελὰλει
3131 1512 3239 1581 γὰρ
3261 1514 3372 1572 τοῖς
3405 1512 3627 1581 ἀρχαιο-

2034 1602 2233 1673 τέροις,
2269 1604 2365 1656 καὶ
2399 1603 2566 1656 παλαι
2601 1603 2688 1657 διὰ
2730 1603 2841 1658 τῶν
2874 1604 3168 1676 προφητῶν
3206 1605 3282 1666 ὡς
3316 1605 3468 1670 Θεὸς,
3505 1603 3628 1656 ἀλλ’

2034 1695 2113 1758 εἰς
2144 1696 2176 1764 ή
2187 1696 2312 1764 μᾶς,
2340 1697 2431 1748 καὶ
2455 1713 2521 1748 πε
2532 1697 2584 1767 ρὶ
2611 1696 2766 1766 ἡμῶν
2795 1697 3030 1766 ἐλέγετο·
3062 1716 3078 1748 ι
3108 1697 3219 1750 Καὶ
3251 1695 3462 1749 ἔσονται
3486 1696 3623 1750 πάν-

2032 1801 2124 1849 τες
2151 1785 2386 1839 διδακτοὶ
2423 1785 2579 1839 Θεοῦ.
2613 1805 2631 1838 ›
2673 1787 2838 1858 Ἡμῖν
2875 1789 2985 1859 γὰρ
3037 1790 3149 1850 τοῖς
3192 1789 3273 1850 είς
3315 1787 3474 1838 αὐτὸν
3526 1803 3621 1837 πι-

2031 1877 2342 1942 στεύσασιν,
2378 1880 2478 1949 οὐχ
2527 1879 2715 1950 ἕτερός
2771 1897 2854 1944 τις
2907 1880 3302 1951 μεσολαϐήσας,
3349 1877 3438 1930 τὸν
3485 1879 3623 1947 παρ’

2027 1969 2192 2022 αὑτοῦ
2221 1970 2615 2041 διεπόρθμευσε
2643 1972 2818 2040 λόγον.
2845 1971 2962 2025 ἀλλ’
2995 1970 3115 2024 οὐδὲ
3157 1971 3382 2040 μεσίτης
3419 1970 3611 2037 γέγονε

2024 2061 2134 2114 τῶν
2171 2061 2492 2132 θελημάτων
2531 2063 2694 2117 αὐτοῦ
2745 2064 2882 2135 πρὸς
2926 2065 3093 2132 ἡμᾶς,
3129 2062 3378 2131 καθάπερ
3423 2060 3618 2130 ἀμέλει

2025 2154 2227 2224 Μωσῆς
2264 2157 2374 2220 τοῖς
2405 2155 2463 2219 ἐξ
2499 2156 2730 2228 Ἰσραὴλ,
2773 2155 2932 2227 ἐν·εῷ
2974 2156 3092 2226 όρει
3142 2156 3290 2227 Σινᾷ,
3344 2156 3515 2224 ἤγουν
3566 2156 3620 2207 οξ

2030 2245 2168 2314 μετὰ
2196 2246 2401 2300 Μωσέα
2441 2249 2718 2318 προφῆται
2760 2250 2872 2310 τοῖς
2915 2246 3036 2300 κατ’
3064 2247 3281 2309 αὐτοὺς,
3313 2245 3426 2298 ἀλλ’
3454 2243 3616 2308 αὐτὸς

2025 2337 2176 2406 ἡμᾶς
2208 2337 2452 2403 ἐδίδαξεν
2478 2340 2505 2390 ό
2529 2337 2780 2408 Χριστός.
2821 2339 3068 2391 Διδαιιιτοδ⁹
3099 2338 3155 2391 δὲ
3182 2337 3315 2390 Θεοῦ
3345 2336 3433 2388 διὰ
3457 2335 3616 2388 τοῦτο

2025 2429 2226 2492 πάντες
2269 2431 2449 2500 ἡμεῖς.
2503 2432 2618 2483 Οὐκ
2667 2431 2732 2483 ἂν
2781 2427 2873 2484 οὗν
2918 2431 3054 2492 ὅλως
3103 2429 3267 2484 αὐτοῦ
3307 2429 3619 2498 γεγόναμεν

2027 2520 2288 2589 μαθηταὶ,
2315 2521 2414 2574 οὐκ
2457 2520 2523 2574 ἂν
2558 2521 2819 2592 ἐτέκομεν
2847 2521 2936 2575 τὸν
2968 2523 3066 2592 τῆς
3097 2520 3370 2590 φιλοθεῖας
3395 2516 3612 2591 καρπὲν

2030 2609 2124 2661 καὶ
2151 2606 2339 2662 τοῦτον
2382 2609 2570 2673 πολὺν,
2611 2612 2660 2662 εί
2710 2609 2783 2682 μὴ
2829 2609 3088 2680 ἐδοξάσθη
3125 2611 3192 2662 δι’
3219 2609 3558 2680 ἡμερότητος
3583 2609 3614 2659 δ

2029 2698 2240 2770 Πατὴρ,
2264 2697 2560 2768 εὐδοκήσας
2598 2700 2654 2751 ὲν
2693 2701 2845 2770 ἡμῖν,
2888 2699 2961 2764 ὠς
3009 2701 3100 2753 καὶ
3148 2699 3434 2769 ἄνθρωπον
3461 2696 3613 2765 γενέ⁴

2032 2789 2176 2852 σθαι,
2207 2790 2298 2842 τὸν
2342 2792 2407 2843 ὲκ
2451 2790 2554 2860 τῆς
2592 2791 2781 2854 οὐσίας
2826 2791 2990 2845 αὐτοῦ
3035 2791 3362 2861 προελθόντα
3415 2789 3608 2857 Λόγον.

344 2880 630 2950 Νοήσομεν
677 2878 785 2950 γὰρ
835 2879 1028 2943 οὕτως,
1075 2881 1164 2934 ὅτε
1203 2879 1469 2950 λεγούσης
1515 2879 1787 2951 ἀκούομεν
1829 2882 1927 2951 τῆς
1969 2881 2120 2946 θείας
2146 2883 2368 2954 Γραφῆς
2413 2885 2494 2938 ὅτι
2521 2884 2720 2938 δέδωκε
2769 2885 2860 2938 τὸν
2890 2885 3018 2939 ἴδιον
3053 2885 3203 2939 Υίόν.
3241 2885 3614 2954 Συνευδόκησε

343 2972 454 3042 γὰρ
503 2971 660 3024 τοῦτο
697 2971 775 3041 τῷ
809 2971 1000 3026 παθεῖν
1047 2972 1187 3042 ὑπὲρ
1222 2971 1379 3047 ἡμῶν
1414 2973 1676 3043 ἑλομένῳ,
1718 2973 1811 3025 καὶ
1838 2971 1927 3025 διὰ
1959 2974 2116 3028 τοῦτο
2141 2977 2235 3028 καὶ
2259 2975 2550 3029 δεδωκέναι
2574 2977 2812 3045 λέγεται,
2834 2978 2931 3030 καὶ
2957 2977 3097 3047 μάλα
3125 2977 3368 3040 εἰκότως.
3461 2993 3472 3005 ·

418 3063 536 3130 XV,
579 3065 612 3119 9
637 3105 650 3126 ,
699 3064 783 3118 10.
828 3064 982 3119 Sicut
1016 3064 1203 3118 dilexit
1235 3081 1315 3118 me
1349 3043 1536 3127 Pater,
1566 3076 1612 3117 et
1639 3081 1733 3134 ego
1763 3063 1926 3116 dilexi

2100 3065 2306 3133 Καθὼς
2357 3043 2742 3138 ἠγάπησέ-με
2781 3071 2814 3122 ὀ
2852 3043 3075 3136 Πατὴρ,
3127 3067 3288 3136 κάγὼ
3321 3067 3613 3136 ἠγάπησα

349 3171 484 3214 ros:
535 3163 739 3210 manete
778 3153 832 3207 in
873 3153 1152 3207 dilectione
1193 3168 1330 3206 mea.
1387 3153 1448 3208 Si
1495 3163 1756 3221 prwcepta
1807 3167 1924 3204 mea

347 3251 702 3310 servaveritis,
745 3247 1024 3300 manebitis
1071 3247 1127 3300 in
1171 3247 1452 3300 dilectione
1503 3262 1651 3311 mea,
1687 3247 1824 3298 sicut
1871 3254 1922 3298 et

345 3359 436 3414 ego
473 3340 651 3395 Patris
679 3351 941 3407 prwcepta
978 3339 1213 3401 servavi,
1241 3349 1290 3391 et
1328 3355 1513 3391 maneo
1547 3338 1600 3390 in
1636 3335 1750 3405 ejus
1785 3336 1922 3389 dile-

344 3435 533 3490 ctione.

418 3527 725 3581 Subtiliore
752 3527 952 3580 mentis
991 3525 1154 3579 oculo
1192 3523 1587 3579 consideranda
1634 3529 1764 3577 sunt
1795 3536 1921 3575 rur-

345 3636 441 3675 sus
478 3619 673 3672 horum
727 3617 1022 3672 verborum
1079 3616 1366 3685 mysteria.
1409 3616 1566 3669 Altus
1598 3616 1800 3684 quippe
1839 3622 1922 3666 est

344 3725 549 3772 sermo,
584 3709 885 3778 totiusque,
927 3716 986 3761 ut
1029 3709 1200 3761 verbo
1261 3707 1463 3771 dicam,
1519 3705 1922 3760 incarnationis

345 3804 618 3856 rationem
659 3801 817 3854 nobis
844 3801 1041 3870 aperit.
1083 3799 1346 3852 Dilectum
1383 3798 1529 3854 enim
1562 3813 1622 3852 se
1657 3813 1685 3850 a
1729 3795 1839 3851 Deo
1868 3803 1922 3851 et

344 3895 506 3950 Patre
536 3894 755 3957 asserit,
796 3908 1008 3962 nosque
1040 3892 1119 3946 sie
1150 3890 1398 3945 vicissim
1431 3889 1690 3960 diligere,
1729 3889 1919 3942 eodem

344 3987 508 4041 modo
533 3986 744 4040 scilicet
771 3999 884 4054 quo
905 3991 961 4039 et
995 3984 1108 4052 ipse
1137 3998 1167 4034 a
1199 3996 1299 4036 suo
1325 3981 1486 4034 Patre
1516 3979 1669 4050 diligi
1697 3993 1924 4032 censea-

345 4091 459 4137 tur.
489 4079 736 4147 Suhjccit
764 4076 965 4132 deinde
987 4116 1002 4142 ,
1036 4089 1259 4129 manere
1286 4088 1387 4127 nos
1419 4081 1679 4142 oportere
1711 4071 1766 4125 in
1801 4069 1922 4138 ejus

347 4173 666 4232 dilectione.
709 4169 1026 4236 Quinetiam
1066 4181 1292 4221 causam
1341 4163 1636 4233 quamdam
1688 4177 1923 4232 eamque

344 4265 716 4322 necessariam
763 4262 920 4317 allert
965 4275 1066 4315 cur
1099 4273 1128 4312 a
1167 4256 1334 4311 Patre
1382 4255 1695 4330 diligatur,.
1723 4269 1922 4324 nempe

345 4357 490 4427 quod
517 4357 637 4426 ejus
660 4358 914 4410 observet
938 4356 1231 4424 praecepta.
1250 4347 1404 4413 Quod
1425 4347 1602 4417 ipsum
1620 4361 1721 4400 nos
1747 4345 1924 4399 facere

2030 3157 2217 3226 ὑμᾶς·
2268 3159 2512 3227 μείνατε
2553 3160 2624 3213 ἐν
2677 3158 2752 3228 τῇ
2796 3160 2996 3229 ἀγάπῃ
3044 3160 3118 3229 τῇ
3165 3160 3297 3230 ἐμῇ.
3336 3161 3480 3216 Ἐὰν
3507 3163 3612 3229 τὰς

2013 3249 2283 3326 ’ἐντολάς
2331 3267 2452 3319 μου
2503 3251 2820 3319 τηρήσητε,
2874 3252 3107 3320 μενεῖτε
3159 3253 3230 3306 ἐν
3280 3251 3354 3322 τῇ
3407 3253 3610 3323 ἀγάπῃ

2023 3358 2176 3408 μου,
2222 3341 2416 3406 καθὼς
2451 3342 2612 3412 κάγὼ
2652 3344 2758 3408 τὰς
2793 3344 3049 3410 ἐντολὰς
3087 3345 3189 3398 τοῦ
3226 3347 3458 3412 Πατρός
3487 3362 3612 3414 μου

2029 3431 2340 3501 τετήρηκα,
2367 3434 2466 3486 καὶ
2486 3433 2648 3502 μενῶ
2684 3435 2871 3489 αὑτοῦ
2898 3437 2967 3488 ἐν
2998 3435 3072 3502 τῇ
3095 3434 3318 3504 ἀγάπῃ.

2113 3523 2422 3596 Ἰσχνοτέρῳ
2460 3525 2621 3577 πάλιν
2647 3525 2725 3596 τῷ
2751 3527 2850 3596 τῆς
2877 3525 3114 3589 διανοίας
3149 3525 3412 3596 ὀφθαλμῷ
3443 3527 3512 3580 τὰ
3552 3529 3609 3581 ὲν

2028 3617 2140 3680 τοῖς
2171 3615 2550 3689 προκειμένοις
2589 3615 2853 3686 ἁθρητέον
2898 3619 3170 3688 μυστήρια
3220 3617 3396 3680 Βαθὺς
3436 3618 3546 3687 γὰρ
3579 3620 3608 3670 ό

2029 3706 2206 3774 λόγος,
2233 3707 2326 3758 καὶ
2346 3705 2474 3775 ὅλην
2504 3707 2654 3776 ἡμῖν,
2683 3705 2758 3768 ὡς
2784 3705 2913 3768 ἔπος
2943 3707 3138 3768 εἰπεῖν,
3169 3710 3268 3777 τῆς
3300 3708 3437 3777 μετὰ
3477 3724 3607 3777 σαρ-

2030 3799 2125 3861 κὸς
2171 3797 2479 3866 οἰκονομίας
2531 3795 2797 3866 παραθεὶς
2833 3796 2931 3867 τὴν
2970 3797 3221 3867 δήλωσιν.
3260 3796 3607 3866 Ἠγαπῆσθαι

2031 3890 2131 3960 μὲν
2163 3891 2270 3962 γὰρ
2319 3889 2506 3970 ὲαιξτὸν
2551 3887 2941 3960 διῖσχυρίζεται
2989 3889 3138 3957 παρὰ
3189 3889 3284 3941 τοῦ
3335 3888 3472 3941 Θεοῦ
3514 3891 3607 3942 καὶ

2030 3985 2261 4054 Πατρὸς,
2295 3981 2682 4051 ἀνταγαπῆσαι
2713 3981 2768 4034 δὲ
2799 3981 2972 4044 οὕτως
3006 3982 3172 4050 ἡμᾶς,
3204 3981 3345 4035 κατὰ
3382 3983 3474 4034 τὸν
3507 3983 3605 4036 αύ-

2027 4076 2120 4128 τὸν
2148 4074 2387 4145 δηλονότι
2411 4075 2630 4146 τρόπον,
2657 4073 2779 4128 καθ’
2803 4075 2970 4146 ὅνπερ
2993 4073 3060 4127 ἂν
3085 4074 3404 4144 ἡγαπῆσθαι
3437 4077 3608 4128 νοοῖτο

2030 4169 2124 4221 καὶ
2149 4167 2308 4230 αὐτὸς
2330 4168 2480 4238 παρὰ
2509 4168 2600 4220 τοῦ
2640 4167 2770 4220 ἰδίου
2795 4167 3138 4236 γεννήτορος.
3165 4163 3296 4220 Εἶτα
3317 4167 3368 4220 τί
3395 4166 3608 4230 τούτοις

2029 4261 2363 4332 ὲπήνεγκεν;
2397 4259 2515 4311 Ὅτι
2546 4259 2809 4329 προσήκει
2843 4257 3024 4328 μένειν
3050 4259 3198 4328 ἡμᾶς
3229 4261 3285 4311 ἐν
3315 4261 3378 4328 τῇ
3415 4259 3608 4331 ἀγάπῃ

2030 4349 2216 4405 αὑτοῦ.
2253 4349 2412 4403 ’Δλλὰ
2459 4349 2556 4402 καὶ
2600 4349 2872 4419 πρόφασιν
2911 4347 3099 4419 ὥσπερ
3127 4350 3270 4414 τινὰ,
3315 4351 3408 4402 καὶ
3440 4351 3608 4418 ἀναγο

341 4449 520 4519 jubet,
555 4457 611 4502 et
639 4447 721 4501 sic
759 4459 982 4499 manere
1015 4458 1116 4497 nos
1154 4442 1208 4494 in
1240 4441 1362 4509 ejus
1393 4439 1712 4494 dilectione.
1748 4438 1924 4507 Atque

2032 4443 2320 4513 καιοτάτην
2347 4441 2523 4494 αἰτίαν
2551 4440 2860 4502 ἀποδίδωσι,
2893 4440 2987 4494 τοῦ
3019 4443 3111 4494 καὶ
3145 4441 3351 4512 σφόδρα
3383 4443 3609 4507 δικαίως

347 4538 462 4592 haec
486 4537 779 4591 verborum
816 4535 1048 4588 istorum
1081 4530 1475 4602 compendiosa
1509 4540 1595 4585 est
1621 4531 1922 4600 expositio.

344 4629 456 4687 Sed
496 4629 754 4700 quoniam
788 4627 914 4682 inde
947 4625 1350 4695 simpliciorum
1399 4631 1640 4678 mentem
1685 4637 1795 4676 non
1829 4637 1926 4691 pa-

348 4740 470 4780 rum
501 4722 780 4777 turbatum
813 4721 878 4774 iri
908 4730 1158 4781 autumo,
1195 4731 1296 4786 age
1328 4731 1520 4772 rursus
1541 4715 1793 4770 dicamus
1817 4728 1927 4784 quo

347 4828 510 4890 pacto
543 4829 765 4871 sensum
799 4813 995 4867 horum
1017 4811 1310 4866 verborum
1342 4822 1721 4878 assequamur.
1765 4805 1925 4859 Vide-

347 4921 442 4966 tur
486 4908 750 4962 Dominus
784 4917 974 4961 noster
1013 4901 1175 4958 Jesus
1216 4901 1476 4956 Christus
1515 4909 1705 4969 typum
1753 4897 1927 4952 veluti

349 4999 642 5073 quemdam
670 5006 726 5052 et
770 5005 978 5052 sancta:
1008 4993 1448 5050 conversationis
1487 4991 1794 5060 exemplum
1840 5004 1927 5044 se-

351 5095 533 5162 ipsum
574 5089 740 5146 nobis
789 5101 1136 5160 proponere,
1171 5085 1406 5140 maxime
1454 5097 1579 5136 cum
1624 5081 1788 5136 luerit
1823 5081 1927 5136 sub

351 5188 500 5258 lege,
532 5194 587 5240 et
619 5192 822 5240 nostra:
853 5181 1193 5262 paupertatis
1224 5178 1596 5232 conditionem
1643 5189 1927 5230 assumere

349 5295 462 5335 non
499 5276 828 5348 dedignatus
859 5275 954 5338 sit,
991 5281 1052 5326 ut
1091 5269 1259 5341 882
1295 5270 1503 5322 nostris
1531 5267 1784 5324 moribus
1813 5269 1926 5322 sin-

352 5369 528 5441 gulari
550 5368 786 5423 consilio
814 5363 1217 5424 conformatus,
1253 5360 1369 5414 suis
1399 5359 1652 5428 exemplo
1682 5375 1785 5414 suo
1818 5361 1926 5414 dux

351 5471 408 5516 et
453 5466 651 5515 auctor
698 5464 850 5514 esset
893 5455 1130 5511 insolitae
1162 5460 1216 5506 et
1254 5452 1412 5506 nobis
1447 5451 1743 5504 inaccessae
1770 5466 1927 5519 pror-

351 5565 450 5605 sus
491 5547 948 5604 conversationis.
986 5544 1219 5600 Ubinam
1264 5553 1396 5614 ergo
1430 5551 1523 5596 aut
1551 5542 1712 5612 quale
1746 5539 1926 5597 Patris

427 5727 471 5758 “
514 5716 708 5782 Matth.
745 5740 808 5792 v,
849 5722 936 5781 17.
1014 5724 1061 5758 ⁸⁸
1097 5724 1236 5782 ibid.
1270 5720 1355 5777 18.
1432 5718 1481 5754 ⁸⁸
1524 5717 1684 5773 Hebr.
1737 5737 1787 5787 ι,
1831 5723 1879 5774 l.

2022 4533 2338 4605 ὴγαπῆσθαι
2370 4533 2518 4604 παρὰ
2559 4532 2652 4585 τοῦ
2689 4533 2915 4602 Πατρὸς,
2951 4533 3012 4585 τὸ
3045 4535 3280 4604 τηρῆσαι
3325 4535 3423 4596 τὰς
3454 4537 3603 4590 ἐντοσ

2023 4629 2120 4692 λὰς
2161 4627 2346 4692 αὑτοῦ,
2379 4629 2473 4680 καὶ
2520 4628 2649 4696 ἡμῖν
2677 4626 2733 4678 δὲ
2781 4627 2964 4688 αὐτοῖς
3010 4625 3170 4678 τοῦτο
3213 4627 3604 4694 διακελεύεται,

2024 4721 2297 4791 διαμένειν
2321 4736 2380 4772 τε
2405 4718 2563 4781 οὕτω,
2603 4719 2787 4788 φησὶν,
2822 4721 2879 4771 ἐν
2921 4721 2986 4790 τῇ
3016 4719 3205 4791 ἀγάπῃ
3240 4721 3424 4774 αὐτοῦ.
3470 4721 3605 4774 Eu).-

2024 4811 2224 4882 λήδδην
2253 4811 2376 4864 ὅσον
2407 4809 2504 4880 μὲν
2536 4805 2630 4862 οὖν
2663 4809 2807 4862 ἐστιν
2837 4811 3028 4876 εἰπεῖν,
3052 4813 3146 4863 καὶ
3183 4811 3252 4864 τὰ
3283 4815 3343 4865 ὲν
3368 4812 3444 4881 τῷ
3477 4831 3607 4884 προ-

2029 4901 2266 4972 κειμένῳ
2297 4900 2638 4967 συνενεγκεῖν
2664 4898 2896 4969 ἀθρόως,
2924 4901 2981 4951 ἐν
3020 4901 3228 4963 τούτοις
3256 4896 3312 4954 εὖ
3353 4901 3498 4970 μάλα
3521 4902 3606 4953 δε-

2027 4991 2372 5063 δηλώκαμεν.
2409 4989 2628 5059 Ἐπειδὴ
2678 4989 2734 5043 δὲ
2779 4987 2932 5060 οἶμαι
2992 4990 3102 5043 δεῖν
3150 4991 3210 5044 τὸ
3255 4991 3446 5045 δοκοῦν
3497 4992 3606 5045 ἔσθ’

2029 5085 2118 5137 ὅτε
2163 5082 2486 5154 θορυϐήσειν
2518 5082 2578 5134 οὐ
2613 5079 2823 5152 μικρῶς
2870 5081 2979 5134 τῶν
3024 5082 3300 5151 ἀκεραίων
3353 5084 3444 5137 τὸν
3486 5085 3608 5138 νοῦν

2030 5173 2527 5245 κατεξευμαρίσαι,
2577 5173 2738 5226 πάλιν
2789 5174 2918 5246 φέρε
2956 5174 3017 5245 δὴ
3060 5175 3325 5244 λέγωμεν,
3368 5177 3516 5238 ὅπως
3548 5195 3606 5230 τε

2034 5269 2128 5323 καὶ
2159 5267 2282 5320 τίνα
2313 5267 2514 5336 τρόπον
2548 5265 2639 5318 τὸν
2689 5268 2747 5319 ὲν
2797 5269 2906 5329 τοῖς
2946 5269 3327 5337 προκειμένοις
3375 5269 3605 5338 ἐκληψόο

2039 5358 2177 5426 μεθα
2204 5357 2347 5410 νοῦν.
2378 5358 2632 5409 Φαίνεται
2677 5355 2853 5408 τοίνυν
2904 5357 2932 5409 ὁ
2973 5356 3176 5426 Κύριος
3209 5359 3364 5429 ἡμῶν
3403 5359 3603 5428 Ἰησοῦς

2033 5451 2060 5500 ὁ
2092 5448 2345 5518 Χριστος,
2370 5447 2540 5500 τύπον
2563 5445 2752 5516 ὥσπερ
2789 5445 2928 5507 τινὰ,
2976 5450 3067 5499 καὶ
3110 5449 3208 5514 τῆς
3258 5450 3488 5517 εύαγοῦς
3519 5468 3600 5503 πο-

2033 5537 2235 5600 λιτείας
2262 5537 2622 5606 ὑπογραμμὸν
2662 5537 2852 5590 ἑαυτὸν
2895 5538 3025 5608 ἡμῖν
3067 5539 3357 5609 παραθεὶς,
3409 5540 3497 5594 ire
3539 5539 3600 5608 δὴ

1965 5724 1997 5754 ³⁷
2040 5715 2198 5776 Ιοτηι.
2238 5738 2309 5786 γι,
2375 5721 2464 5777 45.
