3868 6200
197 313 313 375 3η

1367 297 1649 358 JOANNIS
1702 291 2152 350 EVANGELIUM
2190 290 2324 350 LIB.
2357 288 2430 345 Χ.

3377 261 3486 322 876

195 430 292 479 καὶ
329 423 416 477 διὰ
446 419 859 490 τοῦτο.γεγονὼς
885 417 994 473 ὑπὸ
1038 418 1223 488 νόμον,
1267 414 1362 468 καὶ
1385 416 1481 484 τῆς
1509 409 1784 482 ἡμετέρας
1812 439 1824 468 λ

1928 406 2204 460 tandatum
2241 399 2566 464 servaverit,
2608 404 2702 452 aut
2731 393 2896 450 etiam
2936 385 3212 462 quomodo
3256 382 3324 436 ab
3365 383 3487 451 ipso

198 517 476 589 πτωχείας
510 516 610 568 οὑκ
654 511 972 577 ἀπαξιώσας
1016 511 1076 564 τὸ
1117 508 1314 582 μέτρον
1355 506 1516 569 ἑλεῖν,
1563 503 1650 557 ἵνα
1685 502 1795 564 τοῖς

203 610 496 680 ἡμετέροις
545 606 723 660 ἔθεσιν
767 603 1128 676 οἰκονομικῶς
1175 595 1795 667 συναναπλαττόμενος,

201 667 399 772 ὁδηγὸς
444 700 668 772 εὑρεθῇ,
699 667 964 769 καθάπερ.
981 698 1040 749 ἐν
1073 693 1480 764 παραδείγμασι
1523 691 1634 752 τοῖς
1677 667 1796 740 καθ’

204 793 432 856 ἐαυτὸν,
491 791 628 863 πρὸς
671 787 939 858 ἀνάληψιν
995 784 1308 848 πολιτείας,
1366 780 1460 836 καὶ
1511 779 1656 850 ζωῆς
1698 775 1799 846 τῆς

203 887 410 957 ἀήθους
443 888 576 957 ἡμῖν
607 884 699 938 καὶ
730 880 990 944 ἀστιόοῦς
1019 876 1320 940 παντελῶς.
1349 871 1456 928 Ποῦ
1485 867 1798 942 τοιγαροῦν,

205 979 241 1044 ἢ
274 977 436 1030 ποίαν
482 975 576 1028 τοῦ
621 972 833 1044 Πατρὸς
871 973 1174 1041 τετήρηκεν
1220 960 1515 1033 ἐντολὴν,ἢ
1547 960 1639 1012 καὶ
1679 957 1800 1009 τίνα

218 1070 410 1140 τρόπον
452 1065 770 1138 ήγαπῆσθαι
809 1061 1064 1132 λέγεσθαι
1093 1058 1205 1132 [τσ.
1236 1051 1482 1125 λέγεται]
1527 1051 1657 1122 παρ’
1699 1048 1799 1102 αὑ-

207 1161 330 1226 τοῦ,
357 1159 640 1232 ζητητέον.
668 1156 934 1228 Παρέστω
955 1150 1242 1223 τοιγαροῦν
1266 1145 1479 1210 Παῦλος
1500 1147 1527 1200 6
1553 1142 1798 1214 σοφώτα-

208 1273 324 1319 τος,
351 1253 445 1307 καὶ
486 1248 914 1323 μυσταγωγείτω
953 1245 1128 1315 λέγων
1171 1241 1300 1314 ’περὶ¹
1326 1238 1514 1305 αὑτοῦ,
1548 1236 1625 1301 ὡς
1651 1254 1670 1288 ι
1714 1235 1802 1287 Ἐν

215 1349 400 1418 μορφῇ
449 1345 663 1416 ὑπῆρχε
705 1341 863 1407 Θεοῦ,
909 1339 1023 1394 ἀλλ’
1070 1335 1260 1392 ἐαυτὸν
1310 1332 1545 1388 ἐκένωσε
1590 1327 1801 1399 μορφὴν

210 1439 401 1493 δούλου
437 1435 650 1500 λαϐὼν,
693 1436 750 1488 ἐν
795 1428 1102 1505 ὁμοιώματι
1152 1424 1452 1498 ἀνθρώπων
1489 1421 1802 1491 γενόμενος,

213 1530 312 1583 καὶ
349 1528 590 1600 σχήματι
627 1525 873 1597 εὑρεθεὶς
919 1521 997 1585 ὡς
1050 1519 1356 1591 ἄνθρωπος.
1391 1510 1804 1566 Τεταπείνωκεν

213 1622 429 1684 ἑαυτὸν,
458 1619 748 1690 γενόμενος
781 1617 1018 1686 ὑπήκοος
1068 1614 1230 1684 μέχρι
1280 1607 1535 1670 θανάτου,
1568 1604 1802 1660 θανάτου

211 1717 271 1770 δὲ
301 1711 558 1785 σταυροῦ.
593 1710 685 1764 Διὸ
717 1710 811 1764 καὶ
861 1710 890 1762 ό
943 1706 1075 1770 Θεὸς
1119 1703 1283 1760 αὑτὸν
1317 1697 1668 1771 ὑπερύψωσε,
1709 1694 1804 1748 καὶ

1898 499 2051 569 diligi
2079 498 2320 558 dicatur,
2362 489 2720 564 quaerendum
2763 485 2932 541 venit.
2973 479 3135 535 Adsit
3172 488 3303 544 ergo
3343 470 3490 524 Pau-

1899 591 1986 646 lus
2020 586 2490 659 sapientissimus,
2525 582 2704 650 deque
2749 594 2815 633 eo
2857 575 3076 635 doceat,
3111 566 3260 639 quod
3296 584 3314 616 ι
3348 561 3487 617 Cum

1898 683 1954 737 in
1996 679 2173 736 forma
2208 679 2304 734 Dei
2339 685 2528 740 esset,
2563 674 2806 744 seipsum
2873 661 3177 722 exinanivit
3200 701 3215 723 ,
3251 657 3486 712 formam

1899 775 2042 830 servi
2071 772 2376 843 accipiens,
2406 771 2460 824 in
2489 763 2908 824 similitudinem
2946 755 3226 813 hominum
3265 750 3445 805 factus
3467 785 3486 808 .

1900 875 1958 922 et
2012 866 2205 921 habitu
2256 867 2517 919 inventus
2559 870 2620 914 ut
2665 855 2863 913 'homo.
2920 846 3238 928 llumiliavit
3284 847 3487 897 semet-

1900 961 2109 1032 ipsum,
2145 957 2326 1012 factus
2357 954 2626 1011 obediens
2657 965 2835 1020 usque
2864 946 2937 1002 ad
2966 951 3221 1002 mortem,
3256 943 3489 990 mortem

1902 1059 2087 1108 autem
2145 1050 2352 1110 crucis.
2415 1046 2646 1116 Propter
2705 1041 2852 1112 quod
2911 1045 2967 1093 et
3021 1034 3166 1088 Deus
3230 1025 3491 1085 exaltarit

1903 1146 2095 1209 illum,
2152 1150 2206 1197 et
2259 1140 2412 1196 dedit
2462 1137 2514 1192 ei
2551 1151 2758 1191 nomen
2796 1130 2947 1202 quod
2991 1136 3076 1183 est
3121 1138 3288 1192 super
3328 1133 3495 1172 omne

1904 1252 2108 1294 nomen
2142 1234 2210 1289 ".
2235 1252 2254 1286 ι
2284 1231 2502 1287 Audisti
2537 1245 2648 1299 qm)
2675 1235 2858 1298 pacto,
2886 1223 3011 1278 licet
3033 1218 3180 1274 Deus
3205 1230 3367 1269 verus
3399 1227 3489 1265 es-

1904 1341 2010 1396 set,
2035 1337 2227 1399 utpote
2250 1326 2416 1382 etiam
2445 1320 2752 1378 conformis
2773 1315 2925 1371 Patri
2957 1328 2987 1366 a
3014 1326 3124 1383 quo
3147 1308 3360 1377 genitus
3386 1309 3492 1363 est,

1906 1418 2216 1477 humiliavit
2243 1425 2426 1472 tamen
2461 1413 2843 1482 semetipsum,
2880 1406 3063 1461 factus
3097 1397 3361 1455 ohediens
3395 1410 3491 1448 us-

1904 1528 2013 1582 que
2038 1511 2108 1565 ad
2143 1508 2417 1564 mortem?
2438 1504 2572 1560 Nam
2603 1519 2730 1558 cum
2763 1499 2909 1555 Deus
2936 1511 2999 1552 ac
3021 1494 3183 1550 Pater
3206 1504 3368 1546 omne
3395 1503 3494 1558 ge-

1907 1621 2012 1659 nus
2044 1603 2325 1658 hominum
2360 1607 2683 1668 corruptum
2717 1594 2934 1649 salvare
2976 1587 3287 1646 statuisset,
3318 1595 3498 1650 neque

1907 1698 1962 1752 id
2001 1698 2068 1752 ab
2103 1696 2219 1752 ulla.
2255 1701 2513 1749 creatura
2557 1689 2670 1744 ﬁeri
2709 1691 2916 1746 nosset,
2952 1696 3081 1736 cum
3115 1684 3495 1733 creaturarum

212 1768 510 1882 ἐχαρίσατο
537 1805 685 1876 αὑτῷ
713 1803 904 1874 ὄνομα,
933 1801 995 1855 τὸ
1024 1768 1167 1871 ὑπὲρ
1205 1799 1314 1851 πᾶν
1347 1768 1540 1864 ὄνομα.
1573 1811 1592 1844 ›
1636 1789 1803 1859 Ἀκή-

1928 1791 2054 1845 rit‘es
2087 1802 2282 1842 omnes
2323 1786 2486 1854 longe
2515 1780 2807 1838 excederet
2830 1818 2843 1843 ,
2878 1777 2997 1846 ipse
3027 1768 3496 1841 dispensationem

2201 1880 2231 1882 κ-
2395 1878 2404 1882 -
2716 1870 2751 1882 ..
2795 1870 2806 1878 .
2947 1864 2988 1882 π,
3029 1864 3128 1882 ,μ-
3156 1860 3496 1882 “Annum

214 1881 350 1968 κοας
380 1903 548 1966 ὅπως,
589 1899 769 1954 καίτοι
815 1895 951 1959 Θεὸς
989 1892 1252 1964 ὑπάρχων
1304 1886 1578 1960 ἀληθινὸς,
1615 1883 1711 1938 an
1744 1881 1810 1952 δὴ

213 1998 313 2052 καὶ
375 1995 700 2065 σύμμορφος
746 1988 826 2060 τῷ
879 1987 1093 2041 τεκόντι
1152 1983 1350 2055 Πατρὶ,
1414 1977 1811 2034 τεταπείνωκεν

215 2088 434 2150 ἑαυτὸν,
465 2085 755 2156 γενόμενος
782 2082 1044 2152 ὑπήκοος,
1086 2076 1251 2148 μέχρι
1284 2073 1554 2136 θανάτου;
1594 2066 1814 2137 Ἐπειδὴ

214 2179 330 2248 γὰρ
356 2155 621 2230 διασῶσαι
651 2173 711 2226 τὸ
745 2167 1192 2240 κατεφθαρμένον
1225 2164 1317 2218 ἐπὶ
1345 2164 1448 2233 γῆς
1477 2160 1632 2229 γένος
1661 2155 1817 2210 ἐϐου-

214 2247 454 2323 λεὺσατο
497 2269 527 2320 6
570 2265 704 2329 Θεὸς
751 2263 849 2317 καὶ
893 2259 1124 2330 Πατὴρ,
1161 2257 1264 2312 οὑκ
1309 2250 1382 2324 ἦν
1427 2251 1484 2306 δὲ
1540 2249 1700 2303 τοῦτο
1734 2247 1816 2300 δι-

217 2359 421 2416 ανῦσαι
451 2357 608 2429 θέμις
633 2357 744 2408 τῶν
774 2356 830 2408 ἐν
877 2351 1088 2421 γενέσει
1113 2348 1238 2410 τινὶ,
1285 2347 1468 2404 πᾶσαν
1496 2342 1685 2413 ὥσπερ
1719 2339 1818 2412 τὴν

219 2453 450 2508 ἐνοῦσαν
482 2453 548 2522 τῇ
592 2449 769 2503 κτίσει
805 2446 1032 2517 δύναμιν
1064 2440 1446 2513 ἁναπηδῶντος
1490 2436 1582 2490 τοῦ
1623 2451 1820 2505 κατορ-

221 2547 500 2616 θώματος,
531 2543 690 2615 αὑτὸς
737 2538 904 2594 ὑπέδυ
953 2538 1052 2608 τὴν
1098 2533 1432 2604 οἰκονομίαν,
1460 2532 1488 2584 6
1532 2527 1821 2599 γινώσκων

223 2641 285 2694 τὸ
327 2638 543 2708 θέλημα
592 2633 686 2688 τοῦ
742 2630 876 2686 Θεοῦ
923 2630 1019 2684 καὶ
1069 2627 1285 2698 Πατρὸς
1331 2624 1464 2689 Θεὸς
1506 2620 1819 2695 μονογενής.

226 2730 452 2800 Κατέὸη
497 2729 555 2782 δέ
609 2725 782 2789 οὕτως
834 2725 914 2787 είς
969 2721 1216 2775 ἑκούσιον
1259 2715 1560 2786 ὑποταγὴν,
1606 2713 1682 2776 ὡς
1729 2711 1825 2766 καί⁸

231 2824 395 2893 μέχρι
428 2819 662 2876 θανάτου
694 2814 1018 2872 καθικέσθαι
1071 2812 1168 2866 καὶ
1215 2809 1405 2864 τούτου
1469 2804 1823 2876 άτιμοτάτου.

228 2916 303 2969 Τὸ
342 2914 454 2986 γὰρ
516 2909 849 2984 ἐξηρτῆσθαι
907 2904 1166 2977 σταυροῦ,
1200 2902 1316 2966 πῶς
1363 2900 1430 2954 ἂν
1485 2899 1572 2969 εἴη
1620 2897 1823 2967 τίμιον,

233 3007 438 3078 μᾶλλον
489 3005 546 3058 δέ
605 3003 722 3067 πῶς
788 3001 887 3072 οὑχ
950 2999 1171 3066 ἁπάσης
1239 2994 1456 3061 ἀδοξίας
1523 2989 1822 3050 ἐπέκεινα;

244 3099 467 3170 Ἐπειδὴ
504 3099 566 3170 δὴ
613 3098 670 3152 δὲ
720 3095 896 3150 ταῦτα
939 3093 1170 3163 ὑπέστη,
1203 3089 1388 3160 φησιν,
1430 3089 1459 3140 6
1502 3085 1634 3147 Θεὸς
1665 3082 1826 3136 αὑτὸν

229 3191 612 3262 ὑπερύψωσεν.
645 3186 856 3242 Οὐκοῦν
886 3185 1052 3257 ἔχεις,
1103 3185 1160 3237 ἐν
1195 3182 1294 3251 μὲν
1338 3181 1403 3250 τῇ
1439 3177 1580 3232 κατὰ
1609 3175 1826 3244 θέλησιν

232 3285 454 3354 ὑπακοῇ
487 3281 596 3336 τῶν
645 3279 739 3334 τοῦ
781 3278 996 3348 Πατρὸς
1048 3273 1431 3346 βουλευμάτων
1475 3270 1574 3338 τὴν
1607 3268 1828 3338 πλήρω-

234 3393 356 3433 σιν·
408 3377 445 3432 ἆ
494 3375 588 3430 καὶ
625 3376 682 3428 ἐν
735 3371 888 3439 τάξει
943 3369 1170 3423 ἐντολῶν
1223 3382 1357 3434 φησι
1403 3361 1656 3432 γενέσθαι
1693 3358 1828 3430 πρὸς

233 3472 402 3527 αὑτὸν
452 3470 481 3523 6
525 3468 674 3529 Υἱός.
722 3464 908 3528 Συνεὶς
956 3462 1065 3532 γὰρ
1109 3459 1184 3523 ὡς
1239 3457 1412 3525 Λόγος
1459 3454 1528 3508 τὰ
1564 3454 1622 3506 ἐν
1652 3451 1830 3521 Πατρ¹ι

236 3565 555 3637 σκέμματα,
593 3560 689 3614 καὶ
720 3557 814 3612 τοῦ
848 3554 1097 3618 τεκόντος
1135 3550 1297 3606 αὑτὸν
1349 3547 1419 3602 τὰ
1449 3545 1589 3616 βάθη
1621 3543 1830 3614 διερευ-

234 3634 504 3726 νώμενος,
539 3652 738 3724 μᾶλλον
776 3649 832 3702 δὲ
876 3647 1040 3708 αὐτὸς
1091 3644 1352 3716 ὑπάρχων
1375 3642 1410 3710 ή
1444 3637 1624 3706 σοφία,
1664 3636 1757 3688 καὶ
1795 3634 1828 3703 ἡ

236 3749 471 3816 δύναμις
521 3743 614 3798 τοῦ
661 3741 896 3812 Πατρὸς,
936 3739 1016 3801 είς
1069 3734 1230 3806 ἔργον
1270 3733 1394 3802 ἄγει
1437 3730 1498 3784 τὸ
1539 3727 1720 3792 δόξαν,
1753 3726 1833 3788 εἰς

238 3842 407 3895 τόπον
438 3836 573 3892 αὑτὸ
599 3835 768 3897 τιθεὶς
799 3830 1043 3900 ἐντολῆς,
1091 3828 1183 3881 καὶ
1221 3821 1502 3896 ὀνομάζων
1533 3820 1705 3884 οὑτως
1736 3819 1832 3874 ἀν-

241 3931 680 4005 Θρωπινώτερον.
720 3926 898 3980 Βλέπε
930 3924 987 3977 δὲ
1015 3923 1119 3976 κάν
1155 3917 1331 3989 τούτῳ
1367 3916 1470 3987 τῆς
1515 3912 1736 3982 ἀγάπης
1775 3909 1837 3962 τὸ

247 4018 870 4100 μέτρον.”Υπερύψωσε
916 4017 1028 4088 γὰρ
1077 4015 1240 4070 αὑτὸν
1281 4015 1311 4067 6
1354 4011 1508 4074 Θεὸς,
1542 4007 1695 4078 φησί.
1731 4005 1837 4058 Τὸν

243 4097 453 4190 ὑψηλὸν
484 4118 586 4188 ήδη
627 4114 722 4169 καὶ
748 4109 1140 4181 δεδοξασμένον
1167 4104 1438 4174 ὑπερυψοῖ
1481 4102 1576 4155 καὶ
1599 4097 1835 4165 δοξάζει,

246 4188 430 4266 καίτοι
461 4209 595 4270 Θεὸς
639 4205 781 4260 κατὰ
823 4203 986 4272 φύσιν
1015 4200 1153 4265 ἐστὶ,
1196 4197 1294 4253 καὶ
1343 4191 1614 4264 ἀληθινὸς,
1645 4190 1742 4244 ὅτε
1773 4188 1838 4258 δὴ

247 4305 345 4356 καὶ
377 4300 642 4371 ὑπάρχων
667 4297 766 4367 οὑχ
793 4290 873 4359 εἷς
910 4294 1020 4348 τῶν
1058 4287 1406 4360 κτισμάτων,
1459 4284 1601 4338 κατά
1630 4298 1696 4349 γε
1740 4280 1838 4350 τὴν

248 4396 556 4464 ταυτότητα
583 4391 682 4461 τὴν
709 4392 774 4444 ἐκ
809 4388 908 4459 τῆς
938 4385 1126 4448 οὐσίας
1165 4379 1354 4442 αὑτοῦ,
1377 4379 1466 4433 διὰ
1501 4374 1660 4431 τοῦτο
1685 4372 1837 4426 νοοὺ⁸

1915 1884 2062 1938 illam
2094 1880 2283 1956 subiit,
2314 1878 2518 1949 quippe
2557 1888 2680 1928 cum
2715 1870 2810 1925 Dei
2852 1882 2915 1922 ac
2947 1864 3136 1919 Patris
3156 1860 3498 1915 voluntatem

1915 1975 2058 2031 Deus
2095 1971 2422 2043 unigenitus
2455 1971 2801 2036 agnosceret.
2855 1960 2950 2014 Sic
2991 1964 3172 2011 autem
3217 1952 3272 2005 in
3315 1947 3500 2016 subje-

1915 2067 2158 2122 ctionem
2193 2060 2563 2117 voluntariam
2601 2057 2749 2111 ultro
2781 2048 3087 2113 descendit,
3131 2054 3191 2099 ut
3221 2042 3386 2098 etiam
3432 2036 3500 2092 ad

1918 2169 2150 2214 mortem
2175 2168 2368 2222 usque,
2387 2161 2621 2216 eamque
2646 2141 3047 2214 turpissimam,
3078 2151 3137 2191 se
3160 2133 3500 2188 demitteret.

1920 2253 1976 2306 In
2007 2264 2173 2305 cruce
2202 2247 2360 2302 enim.
2381 2241 2641 2314 pendere,
2696 2251 2883 2291 nonne
2911 2243 3128 2286 omnem
3160 2223 3386 2279 omnino
3416 2220 3504 2272 in.-

1922 2343 2144 2400 l‘amiam
2165 2337 2431 2409 superat?
2459 2333 2600 2400 Quia
2629 2344 2758 2384 vero
2785 2326 2899 2381 ista
2926 2336 3125 2394 passus
3159 2322 3266 2376 est,
3303 2311 3500 2381 inquit,
3586 2319 3594 2328 ‘

1922 2439 2130 2496 idcirco
2166 2433 2312 2489 Deus
2351 2421 2785 2499 superexaltavit
2814 2431 2961 2473 eum.
3007 2411 3190 2466 Habes
3228 2405 3397 2476 igitur
3444 2401 3504 2454 in

1921 2528 2269 2599 subjectioue
2296 2494 2613 2579 voluntaria
2634 2515 2979 2570 voluntatum
3019 2503 3203 2560 Patris
3237 2494 3506 2566 adimple-

1924 2629 2154 2685 tionem,
2183 2635 2324 2691 quas
2353 2619 2486 2670 loco.
2515 2608 2902 2666 mandatorum
2926 2598 3099 2654 Filius
3128 2591 3268 2664 apud
3295 2606 3353 2645 se
3383 2601 3510 2640 esse

1925 2713 2020 2765 ait.
2060 2678 2360 2762 Nam'cum
2396 2700 2578 2756 Patris
2606 2694 2864 2756 consilia,
2908 2700 2968 2744 ut
2999 2686 3259 2744 Verbum,
3306 2678 3511 2733 intelli-

1927 2809 2018 2872 gat
2038 2839 2054 2862 ,
2081 2798 2311 2867 ejusque
2344 2787 2616 2863 profunda
2649 2789 2952 2841 scrutetur,
2979 2777 3090 2830 imo
3120 2787 3252 2827 vero
3279 2785 3403 2824 cum
3441 2767 3514 2822 sit

1928 2890 2195 2964 sapientia
2221 2863 2288 2942 ac
2315 2886 2490 2940 virtus
2525 2879 2729 2940 Patris,
2753 2874 3091 2930 voluntatem
3128 2865 3248 2932 ejus
3273 2863 3341 2916 ad
3373 2874 3512 2928 opus

1930 2984 2208 3057 perducit,
2253 2976 2495 3034 mandati
2538 2975 2663 3028 loco
2695 2983 2816 3024 eam
2847 2964 3076 3027 habens,
3116 2966 3280 3027 atque
3311 2956 3386 3008 ita
3414 2953 3514 3006 liu—

1931 3090 2095 3132 mano
2125 3087 2281 3127 more
2315 3085 2436 3124 eam
2471 3076 2820 3132 nuncupans.
2854 3054 2990 3110 Vide
3021 3065 3185 3122 porro
3217 3047 3379 3103 etiam
3423 3043 3516 3096 hic

1934 3163 2250 3222 dilectionis
2311 3158 2556 3214 modum.
2632 3145 3076 3222 Superexaltavit
3135 3141 3281 3195 enim
3333 3136 3513 3207 ipsum

1935 3259 2104 3318 Deus,
2147 3253 2345 3323 inquit.
2397 3248 2684 3303 Exeelsum
2729 3242 2842 3312 jam
2892 3245 2946 3292 et
2987 3233 3161 3306 gloria
3203 3228 3516 3285 redimitum

1937 3347 2313 3421 superexaltat
2345 3352 2399 3398 et
2427 3339 2699 3412 gloriﬁcat
2722 3377 2737 3402 ,
2771 3329 2990 3388 tametsi
3033 3327 3176 3380 Deus
3206 3323 3278 3378 sit
3313 3335 3514 3376 secun-

1937 3446 2068 3500 dum
2109 3449 2386 3501 naturam,
2417 3450 2483 3488 ac
2505 3444 2691 3495 verus,
2734 3423 2984 3495 ejusdem
3021 3432 3217 3487 nempe
3244 3429 3366 3468 cum
3399 3413 3518 3479 ipso

1939 3531 2286 3591 substantiae,
2317 3533 2504 3597 utpote
2541 3536 2665 3578 cum
2696 3533 2806 3573 non
2839 3515 2966 3570 site
2999 3519 3378 3564 creaturarum
3413 3517 3516 3554 nu-

1940 3641 2114 3691 mero,
2147 3632 2202 3677 et
2248 3621 2458 3674 ideirco
2509 3617 2806 3670 censeatur
2841 3621 2906 3660 ac
2952 3617 3080 3659 vere
3126 3600 3200 3654 sit
3252 3607 3416 3664 supra
3467 3590 3521 3643 id

1939 3732 2105 3772 omne
2137 3709 2285 3783 quod
2313 3716 2496 3763 mente
2521 3696 3028 3772 comprehenditur,
3061 3692 3306 3761 adeoque
3335 3682 3524 3753 gloria

1943 3808 2206 3863 Dominus
2226 3804 2597 3868 nuncupetur,
2626 3789 2930 3849 secundum
2959 3784 3307 3854 Scripturas,
3331 3773 3522 3830 Enim-

1942 3915 2072 3956 vero
2114 3897 2424 3956 exaltatur,
2457 3887 2659 3959 inquit,
2707 3893 2763 3939 et
2807 3879 3169 3936 clarilicatur.
3212 3872 3333 3938 Quo
3363 3871 3526 3939 pacto

1943 4007 2096 4057 vero,
2145 3999 2240 4044 aut
2270 3983 2514 4058 quando,
2561 3989 2658 4034 aut
2704 3971 3022 4048 quomodo?
3069 3965 3302 4035 Quando
3331 3973 3530 4028 nempe

1945 4083 2125 4138 factus
2153 4088 2236 4134 est
2267 4052 2319 4130 in
2349 4074 2525 4129 forma
2570 4067 2738 4133 servi,
2781 4072 2836 4120 et
2866 4063 2925 4118 in
2953 4055 3286 4117 humilitatis
3328 4052 3526 4110 forma,

1947 4360 2307 4432 gloriﬁcatur,
2347 4360 2403 4407 et
2431 4350 2663 4405 dilectus
2703 4353 2791 4400 est
2823 4342 2893 4396 ab
2921 4355 3007 4403 eo,
3043 4351 3153 4390 non
3189 4332 3379 4400 utique
3410 4335 3528 4379 tum

254 4419 556 4464 ταυτοτητα.
583 4419 682 4461 την
709 4419 774 4444 ut.
809 4419 904 4459 -ιιιμ,
938 4419 1123 4448 υυυιιυιι,
1165 4419 1232 4437 νιν
1248 4419 1354 4442 υνυ,
1379 4419 1466 4433 ν...
1511 4419 1658 4431 ηι---
1696 4419 1802 4426 η--

254 4487 417 4558 μενός
444 4501 504 4539 τε
541 4483 636 4537 καὶ⁵
666 4481 741 4537 ὢν
766 4479 984 4550 άληθῶς
1018 4475 1220 4538 παντὸς
1265 4470 1560 4543 ὑψώματος
1587 4467 1824 4521 ἐπέκεινα

1948 4455 2187 4526 primum
2231 4462 2356 4503 cum
2392 4439 2762 4498 voluntariam
2813 4429 3212 4500 subiectionem
3257 4419 3530 4491 implevit,

2030 4546 2041 4558 -
2085 4546 2098 4558 -
2226 4541 2430 4558 ηιξ-..-
2464 4534 2515 4558 :-I
2542 4530 2808 4558 :.....tt:.m.
2876 4515 3350 4558 ιὶιιηηιοιὶηὶηῑιιιιιι
3384 4511 3530 4558 enim

252 4577 472 4650 νοητοῦ,
500 4574 636 4631 άλλὰ
663 4573 759 4628 καὶ
792 4574 891 4644 τῆς
920 4569 1080 4641 δόξης
1109 4567 1336 4638 Κύριος,
1364 4562 1505 4617 κατὰ
1551 4558 1650 4623 τὰς
1685 4558 1846 4626 ἁγίας

252 4671 500 4743 Γραφάς.
537 4666 698 4720 Ἀλλὰ
733 4665 845 4728 ναὶ,
877 4663 1064 4734 φησὶν,
1113 4657 1344 4728 ὑψοῦται
1390 4654 1486 4709 καὶ
1539 4650 1846 4717 δοξάζεται.

254 4741 387 4826 Πῶς
441 4759 521 4823 δὲ,
565 4760 600 4830 ἢ
653 4757 784 4812 πότε
837 4756 931 4810 καὶ
957 4753 1080 4808 τίνα
1133 4749 1372 4822 τρόπον;
1416 4746 1545 4798 Ὅτε
1608 4741 1853 4814 δηλονότι

258 4854 489 4922 γέγονεν
521 4851 580 4903 ἐν
609 4851 678 4920 τῇ
706 4847 802 4901 τοῦ
829 4845 1017 4900 δούλου
1064 4843 1268 4916 μορφῇ,
1303 4839 1396 4892 καὶ
1425 4838 1482 4891 ἐν
1511 4834 1590 4906 τῷ
1629 4834 1729 4905 τῆς
1753 4850 1853 4885 τα-

258 4939 574 5003 πεινώσεως
629 4939 889 5010 σχήματι,
948 4934 1092 4988 τοῦτ’
1148 4933 1332 4998 ἐστιν,
1389 4927 1677 4999 ἄνθρωπος
1733 4917 1854 4977 καθ’

259 5037 434 5107 ἡμᾶς.
471 5033 788 5104 Ἀνατρέχει
817 5029 926 5100 γὰρ
952 5028 1044 5082 καὶ
1079 5024 1220 5096 μετὰ
1247 5021 1450 5093 σαρκὸς
1499 5020 1579 5082 εἰς
1622 5016 1685 5070 τὸ
1727 5031 1852 5069 συν-

261 5128 536 5199 υψοῦσθαι
565 5126 745 5190 πάλιν,
777 5124 870 5178 καὶ
905 5118 1318 5188 συνδοξάζεσθαι
1361 5113 1440 5186 τῷ
1473 5110 1686 5182 Πατρί·
1716 5109 1855 5178 ήγα-

263 5221 420 5290 πήθη
451 5236 510 5272 τε
543 5217 670 5288 παρ’
696 5213 884 5278 αὑτοῦ,
911 5213 1006 5266 καὶ
1041 5209 1162 5281 οὐχὶ
1191 5207 1315 5263 τότε
1347 5204 1588 5275 πρῶτον,
1621 5201 1710 5255 ὅτε
1751 5198 1852 5270 τὴν

265 5311 519 5365 ἑκούσιον
566 5310 846 5376 ὑποταγὴν
889 5303 1244 5374 πεπλήρωκε,
1287 5299 1502 5368 νοήσεις
1537 5294 1597 5348 δὲ
1650 5290 1850 5364 μᾶλλον

267 5403 516 5466 ἐκείνως.
551 5399 764 5469 ’Ὀνπερ
807 5397 915 5472 γάρ
954 5395 1163 5465 ,τρόπον
1211 5390 1414 5463 ὑψηλὸς
1447 5386 1710 5458 ὑπάρχων
1741 5383 1852 5448 ἀεὶ,

271 5498 367 5552 καὶ
399 5493 808 5563 δεδοξασμένον
851 5490 975 5543 όσον
1021 5488 1100 5552 εἰς
1146 5483 1282 5539 ἰδίαν
1332 5481 1514 5551 φύσιν,
1545 5474 1856 5544 δεδοξάσθαι

272 5608 330 5643 τε
362 5606 460 5642 και
485 5586 732 5656 aeneam
752 5585 988 5652 λέγεται,
1011 5581 1096 5634 ὅτε
1121 5578 1340 5647 γέγονεν
1372 5573 1466 5629 5.νο
1477 5587 1677 5644 ρωπος,
1706 5570 1734 5624 6
1761 5567 1858 5638 τῆς

351 5777 396 5808 ιι
438 5769 673 5842 Philipp.
721 5780 802 5835 ιι,
846 5767 876 5822 6
910 5766 966 5823 9.

1948 4515 2044 4602 sed
2085 4546 2188 4598 hac
2225 4541 2434 4594 ratione
2464 4534 2518 4588 id
2542 4530 2832 4598 intelliges.
2876 4515 3350 4591 Quen'iadmodum
3384 4515 3532 4564 enim

1950 4731 2225 4788 exaltatus
2250 4723 2450 4778 dicitur
2465 4714 2802 4773 cum.l‘actus
2826 4717 2912 4764 est
2935 4708 3124 4766 homo,
3153 4701 3340 4755 divina
3361 4696 3536 4768 gloria

1953 4830 2219 4893 (maritum
2265 4814 2332 4869 ad
2363 4813 2760 4868 humanitatem
2809 4806 3024 4873 spectat
3073 4793 3416 4850 destitutus:
3459 4788 3542 4843 sic

1955 4919 2119 4972 etiam
2159 4926 2284 4966 cum
2322 4923 2352 4961 a
2383 4901 2674 4976 principio,
2704 4906 2759 4954 et
2786 4908 3024 4965 semper,
3066 4896 3122 4944 et
3160 4893 3427 4958 perpetuo
3459 4880 3543 4934 di-

1955 5009 2184 5078 ligatur,
2220 5002 2455 5056 dilectus
2497 5004 2680 5050 tamen
2726 4989 2897 5044 fuisse
2941 4984 3146 5039 dicitur
3199 4978 3365 5033 etiam
3413 4989 3540 5030 cum

1955 5115 2140 5154 carne.
2194 5090 2463 5163 Apparuit
2513 5086 2660 5142 enim
2709 5081 2918 5136 idcirco
2967 5072 3132 5131 sicuti
3166 5085 3290 5134 nos,
3341 5066 3395 5120 id
3455 5069 3542 5118 est

1955 5157 2306 5260 nuncupatus
2340 5193 2424 5239 est
2473 5189 2528 5236 et
2563 5177 2745 5232 lactus
2789 5179 2876 5227 est
2929 5170 3116 5230 homo,
3175 5172 3237 5217 ut
3285 5174 3410 5216 eum
3448 5157 3546 5226 qui

1949 5286 2080 5341 olim
2127 5254 2255 5338 odio
2282 5287 2368 5335 est
2400 5275 2622 5330 habitus
2665 5273 2890 5338 propter
2926 5260 3162 5332 primam
3213 5254 3363 5308 illam
3400 5263 3547 5319 prae-

1964 5374 2390 5434 varicationem,
2425 5374 2480 5422 et
2512 5362 2890 5422 intromissum
2937 5357 3249 5423 peccatum,
3280 5341 3546 5397 dilectum

1966 5471 2078 5525 Deo
2113 5465 2387 5524 redderet.
2421 5460 2598 5516 Janna
2643 5455 2790 5512 cnim
2839 5447 3071 5506 idcirco,
3103 5448 3155 5494 et
3190 5434 3546 5508 principium,

1969 5572 2021 5618 et
2057 5561 2147 5618 via
2176 5557 2420 5616 omnium
2457 5551 2615 5610 nobis
2647 5547 2916 5605 bonorum
2966 5532 3253 5592 exstitisse
3293 5526 3553 5585 Christus
