3868 6200
322 207 431 266 Z75

1326 203 1385 260 S.
1426 201 1701 260 CYBILLI
1740 197 2215 258 ALEXANDRINI
2257 201 2577 260 ARCHIEP.

3486 207 3594 264 τῗο

319 325 544 382 dicitur.
588 321 860 394 Numquid
901 337 1031 396 ergo
1076 322 1298 378 demum
1351 330 1502 378 recte
1533 330 1589 379 et
1627 321 1883 391 inculpat:

2010 320 2348 392 θεοπρεποῦς
2371 323 2532 392 δόξης
2561 323 2766 394 ἕρημος
2792 323 2888 390 ὢν,
2910 323 3033 378 ὅσον
3067 323 3147 388 εἰς
3175 325 3592 398 ἀνθρωπότητος

317 433 380 473 se
404 415 666 470 dilectum
700 429 823 470 esse
857 415 955 475 ait.
1002 430 1067 470 ex
1094 428 1161 469 eo
1203 413 1351 484 quod
1399 422 1672 484 praecepta
1717 411 1900 470 Patris

316 509 662 564 onservarit?
708 506 984 578 Numquid
1021 507 1120 562 tibi
1175 508 1425 580 mysterii
1483 507 1624 561 ratio
1663 507 1784 562 visa
1816 514 1901 562 est

316 600 572 666 dlmcilis,
611 609 668 654 et
699 601 867 655 menti
916 607 1026 656 tua:
1065 600 1641 670 incomprehensibilis
1675 601 1902 672 dispen-

315 694 554 749 sationis
585 702 814 764 propter
837 710 942 750 nos
979 694 1222 764 impletae
1252 693 1524 750 altitudo?
1567 713 1585 746 ι
1613 694 1682 749 At
1712 694 1896 749 omnia

316 785 608 852 praesentia
679 784 1150 854 intelligentibus,
1206 799 1425 838 necnon
1491 793 1638 838 recta
1689 785 1895 838 haben-

315 875 462 929 tibus
495 875 826 938 scientiam,
869 895 888 927 ι
930 876 1080 930 sicut
1128 876 1400 946 scriptum
1446 886 1534 930 est
1569 875 1634 929 δ’.
1681 875 1896 932 Manete

313 969 503 1038 igitur,
537 969 741 1038 inquit,
792 969 847 1022 in
899 968 1196 1024 dilectione
1244 985 1385 1031 inea,
1439 969 1542 1024 hoc
1593 980 1697 1034 est,
1745 970 1893 1024 omni

311 1075 445 1113 cura
488 1075 554 1115 ac
599 1060 785 1116 studio
817 1060 1095 1116 conamini
1145 1061 1240 1114 tali
1270 1075 1373 1117 vos
1405 1075 1434 1114 a
1481 1075 1568 1116 me
1598 1060 1895 1117 dilectione

310 1151 542 1219 donari,
578 1152 797 1222 qualem
820 1167 923 1223 ego
955 1166 1176 1223 quoque
1199 1151 1344 1220 apud
1373 1151 1541 1206 Deum
1576 1166 1641 1205 ac
1671 1149 1916 1206 Patrem”

308 1244 504 1300 habeo.
550 1243 700 1300 Patri
731 1245 935 1317 quippe
981 1261 1068 1300 me
1100 1244 1336 1314 subjeci,
1367 1245 1601 1314 ejusque
1631 1246 1892 1300 volunta~

309 1345 419 1392 tem
454 1338 678 1408 peregi:
725 1339 958 1408 ideoque
991 1353 1208 1398 maneo.
1245 1345 1570 1394 constanter
1604 1337 1674 1394 ab
1703 1352 1770 1393 eo
1811 1338 1894 1393 di-

308 1423 503 1479 lectus.
549 1425 654 1482 Sed
697 1426 744 1481 si
775 1441 873 1482 vos
911 1441 1029 1480 mea
1070 1427 1173 1496 ipsi
1202 1442 1425 1496 quoque
1460 1435 1732 1496 praecepta
1770 1443 1890 1482 ser-

306 1517 588 1582 vaveritis,
638 1519 834 1574 eodem
889 1519 1080 1590 utique
1131 1521 1294 1574 modo
1340 1521 1394 1575 in
1431 1520 1732 1576 dilectione
1769 1535 1889 1576 mea

307 1609 622 1665 manebitis.
669 1609 888 1666 Nullam
923 1615 1341 1669 excusationem
1398 1613 1635 1683 pigritia:
1689 1614 1746 1667 in
1785 1613 1888 1667 hoc

305 1700 603 1767 habebitis,
652 1717 753 1758 nec
782 1704 930 1758 enim
964 1704 1121 1758 labor
1161 1705 1415 1760 mercede
1466 1706 1700 1762 carebit.
1743 1704 1889 1760 Tan-

305 1801 420 1844 tum
455 1794 602 1848 enim
651 1794 968 1849 dilectionis
1020 1796 1179 1852 vobis
1251 1797 1556 1867 impertiar,
1619 1809 1887 1869 quantum

304 1883 480 1938 habeo
514 1884 629 1954 ipse
661 1901 690 1938 a
724 1885 911 1949 Patre,
939 1887 1251 1958 aequalibus
1285 1889 1684 1960 propemodum
1721 1890 1888 1945 hono-

303 1976 454 2030 ιἸΙιιιε
486 1990 732 2031 meorum
765 1993 1090 2033 sermonum
1135 1981 1419 2036 custodem
1466 1997 1766 2037 coronans.
1803 1981 1888 2038 ΜΘ

300 2066 504 2136 quippe
528 2071 960 2138 superexaltavit
995 2070 1176 2136 Pater,
1202 2088 1514 2144 nomenque
1540 2073 1694 2130 dedit
1737 2075 1884 2146 quod

299 2167 384 2214 est
418 2175 586 2229 super
615 2176 780 2216 omne
810 2178 1033 2218 nomen.
1080 2163 1403 2219 Declaratus
1432 2164 1577 2220 enim
1602 2181 1724 2221 sum
1758 2167 1887 2221 uni-

297 2250 445 2305 versi
488 2249 662 2319 Deus;
705 2252 802 2308 sed
838 2268 949 2308 non
995 2255 1301 2310 accusabor
1353 2263 1505 2309 tanta
1535 2256 1685 2311 bona
1723 2256 1884 2312 vobis

297 2343 587 2400 invidisse.
618 2344 730 2402 Vos
775 2346 924 2400 enim
972 2348 1193 2401 tametsi
1228 2347 1506 2413 homines,
1544 2363 1610 2404 ac
1649 2349 1882 2418 proinde

297 2437 486 2491 servili
529 2438 792 2507 praeditos
821 2446 1016 2492 natura
1059 2439 1198 2494 deos
1233 2455 1297 2494 ac
1323 2439 1420 2495 Dei
1455 2438 1596 2497 ﬁlios
1625 2440 1880 2505 reddidi,

297 2530 816 2597 supernaturalibus
848 2530 1164 2584 illustratos
1213 2531 1566 2601 dogmatibus
1610 2547 1709 2602 per
1757 2548 1879 2602 gra-

294 2621 452 2680 tiam.
487 2621 541 2675 in
573 2623 730 2694 regni
755 2623 861 2676 mei
893 2629 1105 2691 partem
1140 2623 1321 2692 recepi
1344 2663 1360 2686 ,
1397 2622 1719 2678 conl'ormes
1749 2638 1880 2678 cor-

296 2713 414 2782 pori
450 2712 639 2781 gloria:
662 2728 797 2767 mete
843 2711 1058 2767 reddidi
1089 2713 1170 2776 '°,
1221 2713 1644 2783 incorruptione
1668 2730 1732 2770 ac
1767 2714 1879 2768 vita

294 2806 508 2862 ornavi.
553 2805 661 2860 Sed
699 2806 814 2861 haec
855 2807 1081 2877 quidem
1135 2805 1189 2860 in
1224 2821 1356 2875 spe,
1399 2813 1454 2860 et
1507 2805 1562 2860 in
1614 2806 1878 2861 saeculum

295 2899 542 2953 futurum
577 2909 887 2958 servantur.
925 2898 1094 2975 884
1129 2898 1270 2964 Quid
1324 2915 1456 2955 vero
1496 2900 1879 2970 inprcesentia-

2003 415 2182 484 λόγον,
2210 417 2354 471 οὕτω
2406 417 2501 470 καὶ
2549 417 2607 483 ἐξ
2634 417 2828 487 ἀρχῆς,
2880 417 2968 470 ἀεί
3009 433 3068 471 τε
3117 419 3212 471 καὶ
3253 417 3340 472 διὰ
3390 421 3594 484 παντὸς

2002 507 2387 580 ἀγαπώμενος,
2414 508 2734 578 ἠγαπῆσθαι
2782 508 2998 578 λέγεται
3050 510 3144 563 καὶ
3189 509 3329 579 μετά
3361 513 3589 582 σαρκός.

2002 602 2216 673 Πέφηνε
2251 602 2361 673 γὰρ
2393 601 2481 656 διά
2509 600 2667 655 τοῦτο
2699 599 2822 655 καθ’
2855 603 3022 672 ἡμᾶς,
3046 601 3194 654 τοῦτ’
3221 600 3360 668 ἔστι,
3388 620 3596 674 κεχρηο

2003 695 2198 766 μάτικε
2228 694 2322 748 καὶ
2351 695 2573 762 γέγονεν
2603 692 2700 748 ἀνθ
2711 709 2913 764 ρωπος,
2946 693 3031 746 ἵνα
3073 694 3165 747 τὸν
3209 693 3395 748 πάλαι·
3423 711 3594 764 μεμιο

2001 787 2258 859 σημένον,
2287 787 2376 840 διὰ
2398 787 2497 856 τὴν
2541 787 2599 838 ὲν
2643 787 2785 858 ἀρχῇ
2824 786 3136 856 παράϐασιν
3168 787 3260 840 καὶ
3298 787 3398 857 τὴν
3427 789 3488 841 ὲν
3512 787 3595 857 τῷ

2001 877 2204 950 μεταξὺ
2256 877 2748 950 παρεισφρήσασαν
2785 876 3081 947 ἁμαρτίαν,
3127 877 3410 947 ἀγαπητὸν
3451 879 3596 930 ἀπο-

1997 971 2191 1042 τελέσῃ
2224 969 2303 1040 τῷ
2343 970 2486 1041 Θεῷ.
2535 969 2687 1039 Θύρα
2717 968 2827 1040 γὰρ
2855 969 2942 1022 διὰ
2988 970 3166 1032 τοῦτο,
3198 969 3290 1022 καὶ
3314 971 3460 1041 ἀρχὴ
3492 971 3595 1024 καὶ

1996 1063 2112 1126 ὁδὸς
2139 1063 2396 1117 ἀπάντων
2437 1062 2571 1132 ἡμῖν
2601 1061 2711 1114 τῶν
2759 1060 2980 1129 ἀγαθῶν
3029 1061 3329 1130 πεφηνέναι
3367 1061 3590 1128 λέγεται

1995 1155 2251 1226 Χριστός.
2300 1149 2446 1226 *Αρα
2494 1154 2557 1226 δή
2609 1169 2692 1207 σοι
2737 1153 2925 1206 λοιπὸν
2982 1151 3332 1223 ἀνεγκλήτως
3393 1153 3594 1204 ἑαυτὸν

1992 1246 2311 1318 ἡγαπῆσθαί
2347 1263 2502 1317 φησι,
2533 1246 2620 1300 διὰ
2663 1245 2724 1298 τὸ
2757 1244 3088 1316 τετηρῆσθαι
3133 1245 3260 1316 παρ’
3291 1243 3455 1297 αὑτοῦ
3485 1242 3591 1306 τὰς

1992 1337 2087 1390 τοῦ
2114 1337 2328 1408 Πατρός
2357 1336 2606 1401 ὲντολάς;
2646 1336 2792 1407 ’Ἄρα
2835 1336 2908 1407 μή
2953 1351 3034 1388 σοι
3060 1335 3263 1406 τραχὺς
3297 1337 3326 1388 ό
3354 1333 3450 1388 τοῦ
3481 1351 3591 1404 μυ-

1995 1429 2218 1502 στηρίου
2245 1429 2522 1499 κατεφάνη
2554 1427 2731 1496 λόγος,
2755 1428 2850 1481 καὶ
2881 1427 2981 1496 τῆς
3005 1425 3072 1479 δι’
3097 1428 3242 1496 ἡμᾶς
3265 1422 3590 1495 τετελεσμέο

1992 1537 2089 1590 νης
2127 1522 2436 1590 οἰκονομίας
2471 1521 2530 1572 τὸ
2559 1519 2721 1590 βάθος
2763 1521 2839 1592 μὴ
2881 1519 3203 1588 δυσέφικτόν
3239 1535 3357 1580 πως
3382 1516 3460 1588 τῷ
3498 1515 3583 1586 σῷ

1993 1614 2182 1683 γέγονε
2207 1615 2281 1684 νῷ
2305 1632 2319 1672 :
2357 1613 2495 1666 Ἀλλ’
2516 1614 2662 1666 ἔστιν
2681 1612 2888 1666 ἐνώπια
2907 1614 3018 1674 τοῖς
3047 1609 3306 1674 συνιοῦσι,
3325 1610 3418 1663 καὶ
3439 1608 3581 1679 ὀρθά

1994 1707 2173 1760 πάντα
2209 1710 2322 1770 τοῖς
2373 1705 2554 1776 έχουσι
2587 1706 2830 1774 γνῶσιν,
2874 1704 3016 1759 κατὰ
3059 1703 3119 1757 τὸ
3167 1703 3574 1777 γεγραμμένον.

1987 1800 2226 1854 Μείνατε
2262 1799 2462 1862 τοίνυν,
2515 1799 2704 1870 φησιν,
2729 1800 2786 1851 ἐν
2819 1801 2886 1869 τῇ
2935 1797 3123 1868 ἀγάπῃ
3150 1800 3217 1868 τῇ
3257 1799 3384 1866 ἐμῇ,
3425 1793 3574 1848 τοῦτ’

1985 1893 2119 1953 ἔστι,
2157 1892 2246 1946 διὰ
2286 1891 2520 1962 σπουδῆς
2554 1893 2771 1962 ἀπάσης
2810 1889 2904 1945 καὶ
2932 1889 3241 1962 προθυμίας
3267 1889 3573 1960 ἐρχόμενοι.

1983 1985 2576 2058 διαπραγματεύσασθέ
2602 2001 2661 2038 τε
2695 1987 2787 2038 καὶ
2820 1981 3248 2052 ἐπιτηδεύσασθε
3285 1980 3346 2033 τὸ
3382 1979 3574 2033 τοιαύ-

1983 2081 2082 2150 τῆς
2121 2079 2402 2146 ἀξιοῦσθαι
2445 2079 2572 2148 παρ’
2616 2076 2751 2148 ἐμοῦ
2798 2075 2898 2145 τῆς
2942 2075 3185 2142 ἀγάπης,
3231 2071 3420 2126 όποίαν
3461 2071 3578 2140 ἔχω

1983 2171 2142 2240 κάγὼ
2191 2171 2344 2241 παρᾶ
2386 2169 2464 2240 τῷ
2508 2169 2629 2239 Θεῷ
2674 2169 2770 2222 καὶ
2822 2166 3020 2238 Πατρί.
3070 2165 3277 2231 Γέγονα
3320 2163 3419 2233 μὲν
3459 2162 3576 2232 γὰρ

1984 2264 2227 2334 ὑπήκοος
2255 2260 2388 2330 ὲγὼ,
2422 2262 2516 2314 καὶ
2553 2261 2661 2314 τῶν
2689 2259 2784 2313 τοῦ
2838 2257 3052 2328 Πατρδς
3080 2255 3208 2325 θελη
3218 2255 3402 2324 μάτων
3429 2253 3573 2305 ἀπο-

1982 2355 2257 2422 τελεστὴς,
2292 2354 2439 2424 μένω
2467 2370 2526 2406 τε
2557 2351 2648 2405 διὰ
2675 2349 2853 2411 τοῦτο,
2899 2349 2995 2402 καὶ
3039 2345 3321 2417 ἀραρότως
3346 2346 3573 2414 ἠγαπη-

1985 2449 2164 2519 μένος.
2205 2447 2344 2500 Ἀλλ’
2373 2447 2502 2500 ὅταν
2534 2443 2767 2514 γένησθε
2802 2443 2894 2495 καί
2941 2440 3098 2493 αὐτοὶ
3136 2437 3246 2500 τῶν
3281 2437 3430 2504 ἐμῶν
3462 2435 3572 2503 φύ-

1981 2541 2144 2604 λακες
2173 2537 2423 2598 ἐντολῶν,
2472 2537 2614 2590 κατὰ
2650 2535 2744 2588 τὸν
2793 2534 2907 2586 ἴσον
2939 2531 3143 2603 τρόπον
3184 2531 3397 2600 μενεῖτε
3428 2529 3573 2581 πᾶν-

1978 2651 2088 2698 τως
2133 2635 2191 2686 ὲν
2239 2635 2306 2704 τῇ
2363 2631 2552 2701 ἀγάπῃ
2603 2631 2672 2699 τῇ
2728 2630 2860 2698 ἐμῇ.
2895 2624 3328 2694 Ἀπροφάσιστον
3378 2619 3436 2674 ἃ
3468 2619 3573 2688 τὴν

1981 2727 2061 2787 είς
2091 2723 2272 2786 τοῦτο,
2296 2723 2480 2792 φησιν.
2509 2721 2660 2786 ἕξετε
2688 2717 2993 2790 ῥαθυμίαν·
3027 2715 3088 2769 οὐ
3118 2713 3227 2784 γὰρ
3255 2710 3448 2782 ἀμισθὶ
3475 2709 3572 2762 τὸν

1980 2813 2074 2867 ἐπὶ
2104 2813 2315 2874 τούτοις
2349 2810 2549 2882 ἱδρῶτα
2575 2807 2906 2877 διατλήσετε.
2949 2807 3266 2875 Φανήσομαι
3305 2801 3414 2871 γὰρ
3439 2816 3570 2853 τοσ-

1979 2909 2148 2979 αύτην
2186 2909 2317 2978 ὑμῖν
2365 2906 2582 2968 ἐπιδοὺς
2632 2905 2732 2974 τὴν
2779 2903 3020 2972 ἀγάπην,
3077 2901 3209 2970 ὅσην
3249 2898 3408 2961 αὐτὸς
3457 2896 3574 2966 ἔχω

292 2989 457 3043 rum?
488 2988 764 3060 Numquid
800 2990 1047 3046 illustres
1088 2998 1143 3046 et
1165 2991 1340 3061 gloria
1375 2990 1710 3059 conspicuos
1753 2990 1876 3044 red-

1988 2999 2133 3069 παρά
2165 2996 2400 3068 Πατρός,
2431 2997 2526 3049 καὶ
2561 2994 2845 3066 μονονουχὶ
2882 2995 3001 3056 ταῖς
3037 2990 3348 3062 ίσορῤόποις
3379 2990 3572 3055 τιμαῖς

291 3079 406 3133 didi
439 3088 495 3136 et
525 3083 668 3150 apud
705 3080 828 3150 pios
855 3095 1049 3137 omnes
1083 3082 1428 3138 venerandos
1465 3097 1562 3138 vos
1597 3083 1876 3152 praestiti?

1988 3091 2072 3144 τὸν
2101 3090 2208 3144 τῶν
2247 3088 2397 3161 ἐμῶν
2443 3088 2617 3156 λόγων
2663 3087 2880 3156 φύλακα
2933 3084 3234 3153 στεφανῶν.
3279 3080 3412 3150 Ἐμὲ
3457 3094 3574 3150 γαρ

293 3171 507 3243 Quippe
529 3171 807 3228 daemones
834 3174 1082 3244 impuros
1108 3174 1449 3245 increpastis
1474 3193 1488 3228 :
1518 3175 1698 3230 omnis
1731 3189 1880 3228 mor-

293 3267 387 3331 bi,
419 3278 472 3322 et
495 3268 680 3324 omnis
713 3267 1052 3327 inﬁrmitatis
1077 3273 1339 3324 sanandae
1370 3278 1696 3340 potestatem
1723 3270 1876 3325 vobis

291 3359 418 3415 feci.
445 3359 734 3416 Pollicitus
762 3377 884 3418 sum
908 3362 1099 3418 dicens
1127 3382 1140 3417 :
1169 3382 1186 3414 ι
1213 3365 1405 3426 Amen,
1433 3379 1592 3418 amen
1620 3363 1749 3416 dico
1779 3379 1880 3417 vo-

290 3450 406 3506 bis:
444 3451 538 3521 qui
571 3452 749 3507 credit
773 3452 826 3506 in
861 3468 967 3516 me,
1001 3467 1170 3522 opera
1202 3468 1324 3522 quae
1349 3469 1448 3523 ego
1483 3454 1647 3517 facio,
1677 3463 1728 3509 et
1761 3455 1877 3524 ipse

290 3543 480 3610 faciet,
508 3552 562 3599 et
593 3544 803 3613 majora
831 3546 1028 3599 horum
1063 3545 1230 3600 faciet
1261 3547 1330 3599 δι.
1355 3566 1372 3597 ι
1399 3545 1526 3600 llaec
1556 3547 1765 3602 sanctis
1791 3547 1876 3601 di-

291 3634 524 3705 acipulis
556 3636 736 3704 ipsum
769 3635 1174 3705 quodammodo
1212 3634 1398 3692 dicere
1435 3637 1753 3706 putabimus
1779 3677 1794 3701 ,
1829 3639 1875 3694 si

291 3727 698 3796 propositorum
743 3727 1033 3782 verborum
1083 3742 1309 3782 sensum
1345 3727 1492 3796 apud
1527 3742 1630 3783 nos
1667 3741 1877 3798 expen-

291 3818 509 3874 damus.
536 3817 752 3888 Ubique
775 3833 905 3872 vero
933 3818 1182 3873 veritatis
1201 3817 1478 3887 dogmatis
1503 3828 1742 3874 mentem
1770 3833 1874 3872 no-

293 3920 466 3966 stram
498 3911 918 3971 submittentes,
939 3917 994 3963 et
1019 3924 1368 3980 quaecunque
1394 3911 1725 3980 exponenda
1749 3925 1876 3966 sese

1983 3181 2341 3252 ὑπερύψωσεν
2369 3183 2397 3234 ὁ
2425 3181 2637 3250 Πατὴρ,
2664 3177 2956 3250 ἐχαρίσατό
2977 3193 3037 3229 τε
3061 3175 3120 3228 τὸ
3147 3175 3316 3245 ὃνομα
3340 3173 3401 3226 τὸ
3427 3173 3572 3241 ὑπὲρ

1981 3275 2091 3329 πᾶν
2119 3275 2310 3344 ὄνομα.
2350 3272 2756 3340 Ἀναδέδειγμαι
2799 3269 2910 3339 γὰρ
2939 3268 3046 3322 τῶν
3088 3267 3226 3320 ὅλων
3266 3264 3419 3329 Θεὸς,
3450 3262 3572 3316 ἀλλ’

1978 3367 2077 3436 οὐχ
2125 3364 2406 3434 ἁλώσομαι
2461 3363 2749 3433 βάσκανος,
2800 3361 2918 3414 οὐδὲ
2970 3359 3078 3412 τῶν
3125 3356 3383 3411 τοιούτων
3438 3357 3572 3426 ὑμῖν

1978 3457 2343 3528 διαφθονήσας
2391 3455 2635 3524 ἀγαθῶν.
2684 3453 3028 3524 Ἀνθρώπους
3075 3451 3184 3519 γὰρ
3225 3449 3409 3512 ὄντας,
3447 3445 3571 3499 δού-

1978 3551 2076 3622 λην
2098 3567 2157 3602 τε
2185 3548 2274 3602 διὰ
2302 3548 2461 3601 τοῦτο
2485 3547 2746 3618 λαχόντας
2776 3545 2872 3616 τὴν
2898 3543 3080 3612 φύσιν,
3105 3543 3260 3604 θεοὺς
3289 3539 3384 3593 καὶ
3417 3538 3571 3600 υἱοὺς

1979 3642 2236 3707 ἀπέδειξα
2265 3640 2422 3701 Θεοῦ,
2455 3642 2564 3702 τοῖς
2601 3639 2742 3709 ὑπὲρ
2770 3639 2933 3707 φύσιν
2977 3635 3252 3704 ἀξιώμασι
3290 3648 3566 3699 καταφαι-

1976 3736 2176 3808 δρύνας
2204 3735 2293 3788 διά
2321 3733 2424 3802 τῆς
2462 3733 2685 3803 χάριτος
2710 3770 2724 3792 ,
2783 3731 3074 3789 κοινωνοὺς
3107 3728 3202 3796 τῆς
3232 3727 3372 3795 ἐμῆς
3412 3725 3567 3793 βασι-

1975 3829 2124 3892 λείας
2160 3827 2534 3898 εἰσεδεξάμην,
2570 3823 2925 3895 συμμόρφους
2959 3819 3217 3886 ἀπέδειξα
3247 3817 3323 3887 τῷ
3353 3816 3567 3885 σώματι

1975 3922 2075 3992 τῆς
2115 3920 2274 3991 δόξης
2311 3920 2410 3988 τῆς
2456 3919 2616 3988 ἐμῆς,
2655 3915 2935 3986 ἀφθαρσίᾳ
2979 3911 3248 3982 τετίμηκα
3291 3908 3387 3962 καὶ
3425 3905 3561 3976 ζωῇ.

287 4002 551 4064 oll'erunt,
582 4010 751 4064 recte,
783 4003 964 4071 quoad
1001 4001 1147 4064 licet,
1179 4001 1400 4072 pietatis
1425 4001 1639 4057 artibus
1671 4003 1738 4058 ad
1764 4003 1874 4058 uti-

1988 4019 2148 4074 ’Λλλά
2175 4017 2348 4071 ταῦτα
2379 4017 2478 4087 μὲν
2512 4018 2570 4068 ὲν
2615 4014 2816 4073 ἐλπίσι,
2850 4013 2948 4065 καὶ
2984 4011 3062 4073 εἰς
3107 4006 3280 4062 αἰῶνα
3315 4006 3567 4074 τηρεῖται

288 4097 497 4150 litatem
545 4095 864 4149 auditorum
905 4103 1296 4150 convertentes
1323 4135 1338 4158 ,
1366 4095 1689 4153 cavebimus
1715 4113 1784 4153 ne
1817 4098 1872 4152 in

1988 4114 2065 4167 τὸν
2102 4111 2386 4182 μέλλοντα.
2426 4109 2469 4161 Τ
2477 4108 2491 4161 ί
2525 4107 2581 4160 δὲ
2615 4107 2679 4178 δὴ
2722 4105 2818 4159 καὶ
2850 4107 2930 4168 εἰς
2955 4103 3014 4157 τὸ
3049 4102 3224 4171 παρόν
3248 4117 3262 4164 ;
3289 4093 3416 4166 Ἆρ’
3445 4097 3567 4164 οὐχὶ

287 4186 613 4241 scandalum
645 4188 812 4244 stulte
840 4187 1172 4242 incidamus.
1218 4185 1496 4256 Scriptum
1523 4195 1611 4244 est
1635 4189 1783 4244 enim
1815 4192 1872 4246 in

1988 4199 2296 4271 lapnpobg,
2351 4197 2446 4251 καὶ
2495 4193 2920 4262 δεδοξασμένους
2976 4192 3274 4259 ἀπέφηνα;
3334 4185 3565 4246 σεπτοὺς

289 4278 435 4334 libro
472 4277 820 4334 Psalmorum
849 4299 863 4336 :
898 4299 916 4331 ι
944 4279 1058 4335 Pax
1095 4281 1270 4334 multa
1303 4279 1663 4351 diligentibus
1697 4284 1868 4354 legem

1988 4294 2031 4347 se
2058 4292 2178 4362 οὐχὶ
2207 4289 2362 4361 παρὰ
2391 4289 2524 4342 πᾶσι
2551 4289 2664 4349 τοῖς
2697 4283 2964 4354 φιλοθέοις
2991 4280 3301 4349 κατέστησα
3325 4295 3338 4340 ;
3370 4274 3567 4329 Καίτοι

287 4382 460 4437 tuam,
498 4382 553 4428 et
574 4389 681 4428 non
713 4380 799 4428 est
831 4373 943 4428 illis
972 4373 1295 4428 scandalum
1328 4374 1396 4427 ⁵¹.
1435 4394 1453 4426 ι

1988 4389 2090 4449 τοῖς
2117 4383 2354 4445 ἀνοσίοις
2382 4379 2754 4450 ἐπετιμήσατε
2783 4375 3002 4444 δαίμοσι
3021 4390 3037 4406 ⁸
3067 4373 3247 4426 πᾶσαν
3269 4369 3446 4433 νόσον,
3471 4367 3569 4419 καὶ

289 4464 470 4515 πᾶσαν
512 4463 804 4533 μαλακίαν,
837 4461 1115 4533 ἐπέτρεψα
1139 4461 1484 4532 θεραπεύειν.
1532 4464 2000 4546 Ἐπηγγειλάμην,
2026 4473 2229 4543 λέγων’
2266 4490 2283 4524 ι
2330 4471 2527 4540 Ἀμὴν,
2595 4467 2744 4539 ἀμὴν
2785 4466 2930 4534 λέγω
2973 4465 3133 4535 ὑμῖν·
3197 4463 3227 4516 ὁ
3292 4458 3566 4513 πιστεύων

289 4557 370 4620 εἰς
408 4555 529 4624 ἐμὲ.
556 4555 624 4607 τᾶ
656 4554 794 4626 ἔργα
823 4552 858 4608 δ’
891 4553 1001 4621 ἐγὼ
1031 4553 1194 4617 ποιῶν
1222 4554 1472 4620 κάκεῖνος
1506 4559 1740 4628 ποιήσει,
1771 4565 1868 4616 καὶ
1909 4567 2133 4636 μείζονα
2158 4565 2364 4620 τούτων
2395 4565 2634 4633 ποιήσει.
2684 4584 2702 4614 ι
2735 4560 2922 4614 Ταῦτά
2951 4577 3068 4622 πως
3093 4561 3206 4622 τοῖς
3247 4557 3423 4625 ἁγίοις
3459 4572 3564 4625 μα-

290 4650 480 4717 θηταῖς
511 4645 810 4716 οἰησόμεθα
854 4645 1034 4713 λέγειν
1072 4647 1256 4709 αὐτὸν,
1291 4648 1382 4700 τὸν
1431 4647 1538 4702 τῶν
1580 4657 1957 4727 προκειμένων
1987 4661 2424 4731 ἀναματτόμενοι
2459 4656 2604 4711 νοῦν.
2664 4653 2951 4726 Πανταχοῦ
2981 4654 3039 4706 δὲ
3095 4655 3206 4716 τοῖς
3265 4651 3364 4718 τῆς
3432 4648 3568 4714 ἀλη-

290 4741 442 4802 θείας
494 4737 727 4808 δόγμασι
766 4737 865 4807 τὴν
905 4737 1145 4792 διάνοιαν
1184 4739 1612 4807 ὑποζεύξαντες.
1665 4749 1762 4801 καὶ
1805 4753 1875 4806 τὰ
1914 4753 2372 4825 παρεμπίπτοντα
2397 4751 2507 4804 τῶν
2531 4747 2924 4818 θεωρημάτων,
2949 4745 3026 4806 ὡς
3055 4743 3156 4809 ενι,
3213 4739 3393 4803 καλῶς
3448 4740 3566 4799 ταῖς

286 4833 369 4897 εἰς
398 4829 679 4884 εὐσέϐειαν
711 4829 927 4898 τέχναις
965 4832 1045 4894 είς
1088 4833 1149 4883 τὸ
1195 4833 1307 4896 τοῖς
1333 4833 1708 4906 ἀκροωμένοις
1777 4843 2058 4908 λυσιτελὲς
2136 4843 2585 4915 περιτρέποντες,
2652 4843 2714 4896 τὸ
2759 4839 2893 4910 γοῦν
2942 4835 3222 4905 σκανδάλῳ
3262 4832 3370 4886 τινὶ
3411 4848 3570 4901 περι,

289 4925 476 4977 πεσεῖν
530 4922 771 4991 ἀνοήτως
823 4920 1245 4991 διαφευξόμεθα.
1295 4925 1608 4997 Γέγραπται
1654 4933 1763 5004 γὰρ
1815 4937 1873 4989 ὲν
1912 4937 2083 5010 βίβλῳ
2111 4936 2392 5008 Ψαλμῶν·
2468 4955 2488 4988 ε
2520 4937 2726 5007 Εἰρήνη
2773 4933 2942 5004 πολλὴ
2989 4934 3104 4996 τοῖς
3143 4926 3402 4998 ἀγαπῶσι
3474 4927 3568 4979 τὸν

288 5017 452 5087 νόμον
486 5033 605 5078 σου,
645 5015 739 5068 καὶ
767 5014 867 5066 οῦκ
897 5013 1044 5067 ἔστιν
1074 5015 1256 5079 αὐτοῖς
1281 5017 1598 5078 σκάνδαλον.
1638 5042 1656 5074 ι

359 5105 478 5171 XV,
539 5107 626 5161 Η.
669 5105 795 5161 ch
841 5105 1051 5160 locutus
1103 5123 1222 5166 sum
1272 5109 1452 5174 vobis,
1505 5123 1564 5164 ut
1615 5117 1873 5184 gaudium

2059 5117 2253 5172 ταῦτα
2278 5116 2590 5182 λελάληκα
2624 5113 2768 5185 ὑμῖν
2791 5157 2806 5180 ,
2860 5115 2963 5168 ἵνα
2991 5117 3030 5181 ἠ
3067 5115 3225 5183 χαρὰ
3255 5113 3290 5181 ἠ
3332 5111 3447 5183 ἐμὴ
3495 5112 3568 5166 έν

289 5217 466 5258 meum
495 5201 551 5254 in
586 5199 729 5254 vobis
758 5199 863 5264 sit,
893 5208 945 5252 et
978 5199 1238 5270 gaudium
1286 5214 1520 5258 vestrum
1560 5207 1870 5277 impleatur.

362 5293 532 5351 Facta
563 5294 694 5350 vitis
725 5294 1028 5361 mentione,
1077 5303 1131 5349 et
1180 5295 1426 5366 palmitis
1463 5299 1534 5353 ah
1565 5315 1629 5355 ea
1671 5306 1872 5367 avulsi,

291 5404 356 5443 ac
378 5388 528 5441 velut
557 5387 628 5441 ab
655 5389 799 5440 alma
827 5396 1005 5442 matre
1034 5389 1259 5454 resecti,
1295 5403 1358 5444 ac
1392 5392 1625 5460 proinde
1657 5394 1871 5451 inutilis

301 5482 464 5552 plane
509 5478 700 5544 futuri,
741 5477 988 5551 adeoque
1025 5481 1150 5552 igne
1195 5482 1578 5547 consumendi,
1627 5501 1735 5540 non
1773 5502 1874 5556 pa-

363 5657 408 5692 “
435 5656 592 5714 Prov.
624 5674 740 5726 vui,
764 5657 817 5717 9.
894 5659 1189 5734 “Philipp.
1216 5676 1297 5729 ιιι,
1323 5661 1413 5718 21.
1489 5663 1530 5751 ξ’
1551 5660 1706 5719 Joan.
1738 5679 1851 5732 xxv,

1980 5208 2126 5279 ὑμῖν
2154 5209 2360 5278 μείνῃ,
2390 5209 2491 5261 καὶ
2530 5210 2569 5276 ἡ
2601 5208 2760 5278 χαρὰ
2794 5205 2952 5277 ὑμῶν
2989 5202 3297 5273 πλψυθῇ.

2053 5301 2156 5354 Τὸν
2186 5301 2317 5372 περὶ
2364 5303 2465 5372 τῆς
2497 5301 2746 5372 ἀμπέλου
2783 5301 2941 5370 λόγον
2971 5302 3106 5372 ἡμῖν
3141 5293 3564 5366 είσκεκομικὼς.

1982 5391 2104 5448 εἶτα
2147 5394 2209 5448 τὸ
2245 5393 2652 5464 ἀποσπώμενον
2688 5393 2876 5464 κλῆμα
2896 5436 2913 5461 ,
2963 5394 3058 5447 καὶ
3105 5391 3270 5446 οἱονεὶ
3303 5388 3404 5459 τῆς
3435 5403 3564 5459 τρε-

1989 5485 2197 5558 φούσης
2239 5486 2373 5540 αὐτὸ
2419 5487 2625 5558 μητρὸς
2680 5486 3149 5558 διακεκομμένον,
3189 5486 3411 5558 ἀχρεῖσν
3463 5480 3564 5554 μὲν

2032 5665 2077 5698 ¹²
2107 5663 2250 5721 Psal.
2281 5681 2469 5732 cum,
2524 5664 2646 5720 165.
