3868 6200
175 250 277 305 377

1160 247 1230 305 IN
1270 248 1560 306 JOANNIS
1591 251 2050 312 EYANGELIL‘M
2089 256 2221 314 LIB.
2248 258 2317 313 Χ.

3337 259 3447 315 378

174 366 395 422 ῐσεσθαι
425 365 730 430 παντελῶς,
756 365 890 439 πυρὶ
919 364 977 418 δὲ
1011 366 1210 437 χρῆναι
1239 367 1583 423 δαπανᾶσθαι
1608 369 1743 423 διδά-

1867 388 1985 427 rum
2018 374 2090 428 ob
2118 374 2172 429 id
2205 373 2441 429 terroris
2477 373 2766 444 discipulis
2788 375 3048 432 mcussit.
3087 376 3279 432 Solent
3301 381 3451 435 enim

174 460 308 525 ξας,
352 460 414 513 οὑ
464 459 666 532 μικράν
711 459 999 529 ἐνεποίησε
1049 461 1165 521 τοῖς
1223 459 1492 532 μαθηταῖς
1530 462 1631 530 τὴν
1665 465 1757 517 ἐπὶ

172 552 349 623 τούτῳ
399 552 613 606 πτοίαν.
668 552 731 605 Ai
787 550 898 623 γὰρ
942 551 1052 605 τῶν
1100 552 1392 607 ἀπευκτῶν
1438 556 1755 625 ἀκροάσεις,

174 646 268 699 καὶ
300 645 349 696 εί
379 647 452 715 μή
494 662 582 698 πω
629 644 907 715 φαίνοιντο
936 644 1178 715 παρόντα
1206 644 1392 716 τυχὸν,
1424 647 1486 698 οὑ
1520 647 1758 719 μετρίως

174 736 311 790 εἰσιν
349 737 707 807 ἐκταράττειν
760 738 987 800 ἱκαναὶ,
1052 738 1269 808 μάλισθ’
1330 739 1459 792 ὅταν
1516 739 1755 795 ὲντίκτοι

172 826 313 881 τισὶν
342 829 439 882 τοῦ
488 828 809 898 συμϐαίνειν
852 828 991 882 αὑτά
1044 827 1308 881 δύνασθαι
1363 829 1464 900 τὴν
1516 829 1757 899 ὑποψίαν

170 917 278 969 τῶν
308 918 585 989 ὲσομένων
630 917 694 972 τὸ
739 918 953 989 ἄδηλον.
1007 919 1274 990 Καθάπερ
1322 920 1545 991 ἀμέλει,
1598 921 1695 974 καὶ
1726 921 1757 973 ὁ

170 1010 330 1080 τήνδε
370 1010 582 1080 μέλλων
613 1008 861 1064 διαπλεῖν
891 1009 988 1081 τὴν
1034 1009 1332 1073 θάλασσαν,
1361 1010 1435 1074 ὡς
1470 1011 1755 1083 ἐνδεχομέ-

172 1117 264 1153 νου
296 1103 393 1155 καὶ
432 1101 703 1173 χειμῶνος
750 1102 833 1164 είς
883 1104 1081 1172 πεῖραν
1126 1102 1323 1166 ἐλθεῖν,
1366 1103 1462 1156 καὶ
1509 1104 1616 1174 μὴν
1659 1106 1756 1158 κα)⁵

169 1193 366 1264 ἀγρίου
409 1192 651 1263 κύματος
700 1192 796 1245 καὶ
834 1192 1148 1247 ἀτιθάσσων
1182 1194 1446 1265 κυμάτων
1494 1196 1756 1267 καταδρο-

174 1285 303 1354 μῆς,
336 1286 430 1337 καὶ
474 1287 522 1338 εί
570 1286 645 1356 μή
699 1302 787 1338 πω
840 1285 1087 1355 παρόντα
1129 1286 1445 1357 καταθεῷτο
1476 1288 1660 1358 τυχὸν,
1693 1290 1754 1341 ὲν

172 1376 365 1446 μόναις
406 1376 687 1448 φροντίσιν
736 1377 818 1431 ἔτι
865 1377 963 1431 καὶ
1006 1376 1167 1432 τοῦτο
1215 1378 1464 1450 ἀδήλως,
1514 1379 1591 1444 ὡς
1650 1379 1750 1451 ἤδη

168 1468 417 1538 παρόντα
435 1468 625 1523 δέδιεν.
666 1468 1128 1539 ’Υποφρίττοντας
1159 1470 1339 1524 τοίνυν
1369 1474 1498 1536 τοὺς
1521 1471 1752 1525 ἀποστό-

167 1558 315 1623 λους,
350 1560 446 1614 καὶ
480 1563 547 1632 τῇ
578 1561 690 1615 τῶν
721 1562 915 1615 δεινῶν
942 1563 1079 1634 ἀκοῇ
1123 1564 1264 1634 τάχα
1293 1581 1433 1631 πως,
1468 1566 1563 1619 καὶ
1591 1582 1752 1634 γεγο-

165 1651 326 1715 νότας
357 1652 629 1722 περιδεεῖς
653 1694 668 1716 ,
719 1656 812 1708 καὶ
858 1654 994 1726 πρὸς
1041 1655 1141 1724 τὴν
1172 1655 1281 1708 τῶν
1312 1656 1590 1727 ἐσομένων
1622 1657 1752 1710 ἀπο-

1866 464 1985 519 dira
2021 481 2276 536 quaeque,
2311 467 2533 521 tametsi
2581 467 2823 522 nondum
2875 468 3081 532 adsint,
3126 470 3211 523 vel
3258 472 3451 526 auditu

1862 559 1983 610 SOIO
2016 560 2375 618 COIIIUI‘hIII'O.
2425 559 2667 614 maxime
2724 575 2848 613 ειιιιι
2904 576 3087 613 ιθτιιιη
3136 561 3450 617 ίυιυιήιηιιιι

1861 650 2108 705 incertus
2154 660 2390 706 eventus
2439 651 2725 706 nonnullis
2762 653 3137 721 suspicionem
3173 654 3351 720 injicit
3385 670 3449 708 ea

1860 756 2021 812 posse
2052 742 2374 814 contingere
2404 760 2418 797 :
2465 758 2573 797 non
2610 759 2773 799 secus
2802 758 2865 797 ac
2897 744 2989 814 qui
3021 744 3128 799 hoc
3165 761 3318 799 mare
3346 755 3453 797 tra-

1859 833 2045 886 naturi
2082 842 2233 895 sunt,
2286 834 2446 903 quasi
2488 835 2816 905 contingere
2864 836 3043 904 possit
3085 842 3145 888 ut
3190 836 3450 904 procellis

1858 924 2123 995 durisque
2152 926 2577 995 tempestatibus
2605 925 2905 991 jactentur,
2938 928 3067 981 licet
3093 942 3156 982 ea
3201 930 3448 981 nondum

1801 1010 1819 1029 '
1858 1016 2052 1072 adesse
2078 1017 2322 1080 videant.
2370 1034 2504 1073 cura
2533 1029 2715 1074 tamen
2747 1027 2802 1074 et
2848 1020 3146 1082 anxietate,
3193 1020 3321 1073 licet
3351 1020 3449 1073 ad-

1857 1110 1967 1163 huc
2010 1109 2223 1162 incerto
2274 1110 2465 1173 exitu,
2514 1111 2672 1180 quasi
2725 1110 3013 1181 praesentia
3061 1110 3444 1166 reformidant.

1856 1199 1999 1254 Metu
2035 1202 2220 1271 itaque
2266 1208 2319 1255 et
2372 1201 2604 1255 horrore
2656 1200 2973 1255 futurorum
3011 1203 3284 1257 malorum
3321 1218 3449 1273 per-

1854 1292 2040 1347 culsos
2077 1292 2359 1361 apostolos
2387 1292 2454 1347 ad
2489 1293 2659 1347 animi
2705 1293 2966 1347 virtutem
3004 1293 3295 1349 commode
3325 1310 3449 1348 rur-

1854 1401 1950 1441 sus
1990 1386 2222 1451 excitat,
2274 1385 2533 1455 tristique
2578 1399 2839 1440 sermone
2887 1384 3108 1447 relicto,
3153 1384 3221 1438 de
3260 1384 3446 1439 laetitia

1853 1493 1974 1547 qua:
2000 1477 2302 1533 secundum
2342 1477 2511 1532 Deum
2543 1486 2628 1532 est
2658 1478 2728 1532 iis
2757 1476 3043 1532 disseruit.
3091 1473 3211 1529 Non
3260 1477 3404 1530 enim
3426 1502 3444 1537 ,

1852 1571 2051 1641 inquit,
2083 1585 2117 1625 ο
2147 1570 2254 1625 mei
2286 1569 2583 1640 discipuli,
2633 1570 2773 1624 hanc
2807 1569 2878 1623 ob
2913 1582 3143 1622 causam
3193 1584 3343 1623 nunc
3374 1573 3445 1624 ad

1852 1678 1953 1717 vos
1976 1676 2285 1717 sermonem
2310 1662 2498 1726 habui,
2530 1672 2590 1715 ut
2612 1661 2890 1717 imbellem
2918 1659 2974 1715 in
3010 1661 3172 1715 vobis
3197 1660 3444 1715 animum

165 1744 543 1814 ναρκήσαντες
566 1743 694 1817 [γρ.
721 1746 1256 1820 ἀποναρκήσαντας]
1288 1750 1506 1819 πεῖραν,
1535 1749 1743 1801 ἀνανεο]

1869 1753 2091 1819 iaciam,
2134 1762 2228 1807 aut
2258 1768 2353 1808 vos
2383 1754 2596 1808 incerto
2628 1761 2778 1808 metu
2818 1753 3293 1822 perterrefaciam,
3342 1771 3446 1811 nec

164 1835 456 1906 χρησίμως
500 1838 579 1900 εἰς
614 1835 829 1891 εὔτονον
864 1838 1122 1909 φρόνημα
1147 1878 1161 1902 ,
1218 1840 1313 1891 καὶ
1367 1839 1610 1906 στυγνῶν
1649 1840 1752 1908 ἀερ-

163 1928 362 1997 ἑμενος
398 1927 595 1996 λόγων,
626 1931 757 2001 περὶ
785 1929 888 2000 τῆς
915 1930 1059 1983 κατά
1101 1929 1236 1982 Θεὸν
1265 1932 1450 1993 αὐτοῖς
1474 1930 1752 1998 διελέγετο

164 2018 458 2089 θυμηδίας.
490 2019 565 2071 υὺ
603 2020 715 2089 γάρ
755 2036 859 2083 τοι,
892 2020 1080 2089 φησὶν,
1107 2014 1153 2073 ὦ
1183 2020 1444 2091 ἡμέτεροι
1485 2020 1748 2090 μαθηταὶ,

162 2112 357 2166 τούτου
390 2130 455 2181 γε
486 2115 649 2170 ἕνεκα
694 2116 813 2167 νυνὶ
837 2115 929 2167 τὸν
969 2114 1109 2186 πρὸς
1141 2116 1288 2186 ὑμᾶς
1318 2115 1630 2185 πεποίημαι
1664 2116 1749 2169 λό-

163 2221 303 2272 γον,
359 2205 437 2269 ὡς
489 2205 754 2277 ἄνανδρον
808 2207 907 2277 μὲν
957 2208 1087 2277 ὑμῖν
1137 2208 1437 2279 ἐμποιῆσαι
1469 2207 1746 2279 φρόνημα,

162 2300 336 2368 ἤγουν
368 2299 456 2351 ἐπ’
482 2297 666 2368 ἀδήλῳ
693 2297 937 2369 δείματι,
968 2298 1064 2351 καὶ
1104 2298 1227 2369 οὐχὶ
1262 2299 1479 2363 πάντως
1501 2298 1750 2370 ἐσομένῳ

161 2388 324 2459 κακῷ
362 2388 969 2461 προσκατακλωμένους
1008 2389 1173 2459 ὑμᾶς,
1207 2392 1303 2445 καὶ
1346 2390 1749 2461 ἀτολμοτάτους

158 2480 397 2550 ὁρᾶσθαι
426 2481 563 2551 πρὸς
591 2480 932 2551 κατόρθωσιν
965 2480 1187 2549 ἀγαθῶν
1206 2522 1221 2545 ,
1254 2480 1369 2535 ἀλλ’
1411 2482 1501 2536 ῖνα
1528 2481 1742 2547 τούτοις

162 2571 438 2643 συμϐαίνῃ
497 2572 566 2625 τά
618 2570 879 2636 ἐναντία,
942 2574 1038 2626 καὶ
1088 2571 1358 2644 θυμηδίαν
1421 2573 1583 2644 ἔχητε
1649 2573 1752 2646 τὴν

158 2665 325 2737 ἐμὴν,
364 2666 485 2735 ἦτοι
509 2666 543 2736 ὴ
586 2664 694 2736 ἐμὴ
731 2664 879 2735 χαρά
905 2665 964 2717 ὲν
990 2665 1123 2735 ὑμῖν
1155 2665 1336 2737 μείνῃ.
1368 2666 1479 2719 Καὶ
1506 2667 1560 2718 τί
1587 2665 1748 2721 τοῦτό

158 2757 303 2820 ἐστι,
336 2756 390 2809 τί
433 2756 493 2809 δὲ
535 2756 627 2809 διά
678 2755 871 2809 τούτου
919 2758 1061 2809 νοεῖν
1102 2758 1251 2827 ἡμᾶς
1281 2756 1459 2811 ἐθέλει
1488 2759 1746 2828 Χριστὸς,

155 2848 490 2917 πικρότερον
521 2842 675 2916 οἶμαι
705 2847 1111 2917 διασκέψασθαι
1148 2849 1280 2904 δεῖν.
1321 2847 1495 2919 Διχῶς
1527 2867 1749 2921 τοιγαρ-

154 2939 253 2994 οὖν
277 2938 527 3009 νοητέον.
560 2940 632 2993 Ἢ
658 2939 767 3010 γὰρ
791 2938 982 3013 ὥσπερ
1006 2942 1065 2993 ὲν
1095 2940 1344 3012 λογισμῷ
1376 2941 1543 3012 μηδὲν
1568 2942 1747 3012 ἔχοντι

156 3032 443 3096 παντελῶς
487 3032 912 3104 περιεργότερον
954 3033 1075 3102 ἐρεῖ
1120 3049 1207 3095 τις
1262 3033 1466 3102 τυχὸν,
1505 3032 1592 3086 ἵνα
1644 3031 1743 3103 τὴν

156 3126 291 3198 περὶ
344 3125 446 3195 ἐμὲ
495 3123 669 3195 χαρὰν
715 3122 918 3194 ἔχητε,
958 3123 1077 3194 ἦτοι
1125 3123 1225 3192 τὴν
1276 3125 1358 3187 εἰς
1407 3123 1531 3194 ἐμέ.
1585 3122 1744 3178 Οὕτω

152 3220 267 3289 γάρ
302 3217 369 3272 ἂν
401 3218 497 3271 καὶ
542 3217 699 3271 αὑτοὶ
749 3216 849 3287 τὴν
916 3216 1053 3269 ἰδίαν
1102 3214 1578 3286 ἀναπληρώσητε,
1633 3215 1744 3270 τῶν

155 3309 550 3382 ὑπερκοσμίων
592 3307 815 3377 ἀγαθῶν
862 3309 1175 3371 ἐννοοῦντες
1205 3308 1307 3379 τὴν
1334 3307 1574 3379 ἀμοιδὴν
1602 3347 1617 3371 ,
1648 3308 1745 3361 καὶ

151 3404 254 3474 τὴν
299 3402 575 3473 ἐσομένην
615 3402 732 3465 τοῖς
780 3400 919 3470 παρ’
978 3400 1136 3471 ὑμῶν
1185 3397 1407 3471 ἱδρῶσιν
1452 3399 1742 3466 ἀντίδοσιν,

154 3496 249 3548 καὶ
284 3494 388 3567 τῆς
417 3493 573 3564 παρά
600 3492 720 3563 Θεῷ
746 3491 906 3562 δόξης
933 3492 996 3545 τὸ
1027 3491 1282 3563 μέγεθος.
1321 3492 1528 3559 Ἥγουν
1555 3492 1744 3564 ἕτερόν

152 3603 205 3639 τι
235 3584 574 3647 σκοποῦντες
595 3584 691 3637 καὶ
718 3583 1082 3653 λογιζόμενοι,
1108 3582 1247 3653 πρὸς
1274 3580 1582 3654 βαθυτέραν
1605 3582 1741 3637 ἱέναι

154 3677 392 3748 θεωρίαν
423 3676 527 3730 οὐκ
554 3677 958 3747 ἀπηκνήσομεν.
1010 3675 1227 3746 Χρῆναι
1277 3675 1389 3747 γὰρ
1423 3671 1601 3747 οἶμαι,
1643 3677 1742 3732 καὶ

152 3769 274 3823 λίαν
306 3764 365 3821 εὖ
400 3767 547 3839 μάλα
579 3768 893 3839 φιλοθηρεῖν
938 3767 1183 3831 εὐσεϐῶς
1229 3768 1450 3840 ἀπάσης
1499 3769 1736 3841 θεωρίας

150 3862 243 3915 τὸν
277 3862 503 3915 σκοπόν.
534 3860 600 3913 Τί
636 3857 731 3915 οὖν
758 3862 868 3932 ἄρα
894 3860 1047 3930 δηλοῖ
1081 3859 1169 3923 τὸ,
1205 3879 1222 3912 ι
1264 3862 1447 3932 ’Ὶναή
1497 3865 1646 3934 χαρά
1704 3866 1737 3936 ὴ

151 3953 259 4024 ἐμὴ
384 3957 444 4007 ὲν
486 3954 649 4024 ὑμῖν’
691 3971 711 4005 ι
759 3952 926 4023 ῆτδ,
978 3953 1060 4006 ὅτι
1104 3956 1297 4021 γέγονε
1350 3954 1472 4008 καθ’
1519 3956 1668 4026 ἡμᾶς
1709 3960 1738 4011 ὁ

150 4044 481 4116 Μονογενὴς,
510 4042 660 4098 τοῦτ’
697 4044 863 4107 ἔστιν,
896 4043 1182 4115 ἄνθρωπος
1211 4045 1337 4115 δίχα
1362 4046 1530 4117 μόνης
1560 4048 1739 4119 ἀμαρ-

148 4138 289 4201 τίις,
326 4138 506 4191 πάντα
549 4134 825 4206 κεκρικὼς
869 4136 1167 4206 ὑπομεῖναι
1216 4138 1312 4190 καὶ
1369 4137 1559 4191 παθεῖν
1592 4141 1737 4193 ὅσων

149 4228 358 4297 ἢγαγεν
394 4229 475 4291 εἰς
520 4230 715 4299 πεῖραν
744 4227 907 4281 αὑτὸν
938 4229 973 4297 ἡ
1006 4228 1286 4298 ἐπάρατος
1309 4228 1418 4282 τῶν
1466 4229 1734 4283 Ἰουδαίων

149 4319 416 4384 ἀπόνοιας
450 4320 775 4391 Εὑρήσομεν
805 4318 915 4388 γὰρ
946 4319 1277 4389 ὑϐρισθέντα
1308 4338 1369 4373 τε
1400 4321 1496 4375 καὶ
1534 4322 1729 4377 διωκό-

1857 1846 2015 1915 plane
2057 1854 2117 1898 ιιι
2140 1843 2213 1897 ob
2246 1851 2576 1898 eventurum
2605 1842 2811 1896 malum
2849 1840 3011 1896 fracti
3058 1850 3114 1897 et
3153 1858 3352 1913 segnes
3376 1845 3445 1900 ad

1852 1937 1994 1992 bene
2026 1935 2299 2006 agendum
2350 1935 2496 2000 sitis,
2550 1934 2646 1990 sed
2709 1944 2769 1988 ut
2813 1934 2900 1990 his
2955 1935 3232 1989 contraria
3286 1936 3445 1991 vobis

1851 2026 2133 2091 eveniant,
2174 2038 2229 2081 et
2272 2024 2537 2096 gaudium
2576 2039 2760 2079 meum
2790 2023 3065 2089 habeatis,
3102 2023 3207 2079 hoc
3237 2034 3345 2086 est.
3384 2034 3444 2079 ut

1849 2118 2107 2188 gaudium
2150 2130 2332 2172 meum
2371 2117 2426 2169 in
2472 2116 2626 2171 vobis
2657 2124 2895 2170 maneat.
2930 2114 3073 2182 Quid
3109 2131 3277 2187 porro
3310 2118 3440 2172 illud

1854 2210 2021 2281 885
2056 2211 2151 2273 sit,
2189 2219 2283 2263 aut
2305 2209 2441 2279 quid
2472 2208 2558 2263 his
2593 2209 2781 2265 verbis
2818 2210 3129 2280 intelligere
3155 2225 3258 2266 nos
3282 2210 3444 2265 Chri-

1850 2310 1971 2354 stus
2000 2299 2151 2364 velit,
2183 2297 2442 2354 subtilius
2478 2296 2639 2352 nobis
2678 2296 3144 2352 considerandum
3172 2298 3439 2355 arbitror.

1848 2392 2042 2462 Itaque
2090 2390 2388 2462 dupliciter
2464 2397 2554 2445 eet
2615 2390 3055 2460 intelligendum.
3126 2390 3238 2445 Aut
3289 2391 3440 2446 enim

1848 2483 2173 2554 simpliciter
2209 2482 2314 2537 hoc
2341 2479 2509 2536 modo
2532 2480 2660 2551 quis
2695 2480 3148 2551 interpretabitur
3174 2499 3189 2536 τ
3226 2493 3284 2537 ut
3306 2499 3442 2554 gan-

1848 2576 1997 2632 dium
2042 2591 2172 2646 erga
2201 2590 2288 2631 me
2321 2575 2597 2637 habeatis.
2646 2574 2734 2629 vel
2785 2575 2843 2629 in
2898 2590 3005 2631 me.
3060 2573 3152 2631 Sic
3186 2577 3331 2631 enim
3384 2586 3440 2632 et

1847 2669 1953 2738 ipsi
1992 2674 2239 2721 vestrum
2290 2664 2630 2735 implebitis,
2687 2665 3092 2735 perpendentes
3138 2667 3286 2736 apud
3341 2682 3438 2723 vos

1848 2761 2154 2816 caelestium
2215 2758 2487 2813 bonorum
2543 2758 3007 2822 retributionem,
3066 2767 3120 2813 et
3188 2758 3436 2813 futuram

1845 2853 2049 2909 vestris
2080 2852 2370 2907 laboribus
2410 2851 2953 2920 compensationem,
2998 2858 3053 2903 et
3088 2852 3278 2921 gloriae
3314 2867 3438 2920 qua:

1850 2944 1996 3014 apud
2028 2942 2198 2998 Deum
2226 2949 2312 2997 est
2346 2940 2808 3011 magnitudinem.
2849 2941 2960 2995 Aut
2998 2940 3151 2995 aliud
3171 2939 3434 3011 quiddam

1848 3033 2248 3104 excogitantes,
2273 3032 2341 3086 ad
2375 3031 2627 3086 altiorem
2655 3031 3185 3100 contemplationem
3216 3032 3293 3085 ire
3324 3046 3435 3085 non

1848 3124 2226 3196 gravabimur.
2260 3123 2535 3178 Existimo
2563 3122 2709 3177 enim
2756 3123 2847 3191 pie
2891 3123 3166 3193 imprimis
3213 3123 3437 3177 investi-

1846 3216 2091 3286 gandum
2149 3230 2275 3271 esse
2349 3215 2526 3269 totius
2600 3215 3099 3284 contemplationis
3180 3230 3432 3285 scopum.

1845 3309 1989 3375 Quid
2038 3322 2172 3378 ergo
2234 3306 2517 3377 signiﬁcat
2550 3306 2711 3370 illud,
2766 3326 2785 3359 ι
2838 3315 2899 3360 ut
2942 3307 3207 3377 gaudium
3249 3323 3433 3362 meum

1845 3401 1916 3455 sit
1941 3401 1994 3455 in
2031 3400 2213 3463 vobis,
2256 3417 2276 3449 ι
2314 3399 2421 3454 nisi
2451 3398 2603 3469 quod
2637 3400 2821 3453 lactus
2855 3399 2930 3453 sit
2965 3398 3132 3453 sicuti
3166 3412 3269 3452 nos
3298 3395 3426 3452 Uni-

1843 3495 2088 3564 genitus,
2120 3491 2174 3546 id
2214 3498 2301 3545 est
2337 3490 2528 3555 homo,
2565 3491 2781 3561 absque
2811 3498 3060 3559 peccato,
3079 3504 3205 3543 cum
3238 3490 3434 3543 volun-

1847 3593 1955 3638 tate
1984 3598 2048 3637 ac
2088 3581 2378 3653 proposito
2408 3596 2472 3636 ea
2509 3579 2786 3652 patiendi,
2830 3594 3177 3649 quaecunque
3206 3576 3428 3633 Judwo-

1842 3690 1964 3729 rum
1995 3673 2357 3730 exsecrabilis
2391 3673 2751 3742 intemperies
2806 3670 2991 3741 ipsum
3038 3671 3277 3740 experiri
3335 3686 3431 3725 co-

1841 3767 1987 3838 egit?
2013 3764 2364 3822 lnveniemus
2395 3765 2544 3820 enim
2574 3780 2700 3819 eum
2736 3764 2960 3833 injuriis
2989 3779 3054 3818 ac
3086 3766 3429 3834 persecutio-

1843 3858 2007 3913 nibus
2028 3858 2281 3929 petitum,
2307 3856 2643 3927 probrisque
2665 3856 2885 3912 acerbis
2912 3856 3219 3926 pulsatum,
3249 3859 3428 3926 sputis

1842 3951 2213 4021 inquinatum,
2262 3948 2513 4020 colaphis
2562 3947 2757 4013 ictum,
2800 3948 3133 4004 verberibus
3178 3963 3426 4010 caesum,

1839 4043 2175 4112 tandemque
2200 4042 2357 4096 cruci
2392 4050 2616 4111 propter
2640 4056 2742 4096 nos
2773 4046 2827 4094 et
2862 4056 2963 4110 pro
2992 4040 3157 4096 nobis
3181 4039 3422 4095 allixum.

1838 4136 2054 4203 Quibus
2086 4136 2256 4191 tantis
2303 4150 2369 4191 ac
2408 4144 2520 4189 tam
2554 4134 2830 4206 gravibus
2875 4134 3038 4190 malis
3087 4135 3140 4188 in
3175 4130 3422 4189 doloreln

1838 4244 2187 4300 nequaquam
2228 4226 2504 4284 abductus
2553 4235 2661 4288 est,
2700 4240 2884 4296 neque
2937 4226 3217 4296 passionis
3265 4226 3423 4292 igno—

1838 4321 2066 4377 miniam
2102 4330 2382 4392 quatenus
2429 4320 2869 4390 dispensationis
2924 4334 3059 4389 ergo
3111 4317 3425 4390 patiebatur

152 4434 315 4487 μενον
341 4417 438 4471 καὶ
468 4421 687 4488 πικροῖς
719 4418 951 4472 ὀνείδεσι
976 4417 1496 4489 διακεκρουσμένον,
1523 4417 1732 4485 ὲμπτυ·

1846 4414 2151 4476 exhorruit.
2204 4413 2301 4469 sed
2346 4412 2538 4469 laetitia
2590 4413 2698 4469 sibi
2746 4412 3103 4467 convenienti
3135 4418 3191 4466 et
3219 4411 3423 4481 gaudio

149 4508 351 4562 σθέντα
386 4525 448 4562 τε
493 4509 590 4564 καὶ
638 4509 974 4581 ραπισθέντα
1000 4552 1013 4576 ,
1054 4510 1149 4563 καὶ
1177 4509 1277 4579 τῆς
1306 4508 1397 4561 διά
1448 4506 1732 4578 μαστίγων

147 4599 334 4663 αἰκίας
374 4600 474 4654 οὐκ
507 4602 889 4675 ἁμοιρήσαντα
914 4646 930 4670 ,
979 4604 1073 4658 καὶ
1119 4604 1434 4657 τελευταῖον
1474 4604 1567 4655 ἐπὶ
1611 4603 1737 4655 τού-

148 4709 261 4755 τοις
289 4691 373 4762 τῷ
417 4692 484 4746 δι’
522 4695 709 4764 ἡμᾶς,
760 4696 856 4749 καὶ
904 4696 1045 4766 ὑπὲρ
1091 4696 1251 4767 ήμῶν
1306 4695 1733 4767 προσηλωθὲντα

150 4782 390 4853 σταυρῷ.
432 4784 556 4837 Ἐπὶ
601 4784 658 4838 δὲ
703 4785 917 4850 τούτοις
959 4785 1134 4840 ἅπασι
1178 4790 1291 4852 τοῖς
1322 4786 1464 4841 οὕτω
1516 4788 1733 4849 δεινοῖς,

147 4874 205 4927 οὑ
247 4874 610 4946 κατεσπάσθη
642 4876 781 4946 πρὸς
821 4876 1032 4949 λύπην,
1066 4877 1207 4947 πλὴν
1249 4878 1373 4932 ὅσον
1401 4878 1497 4932 τοῦ
1534 4878 1733 4931 παθεῖν

148 4966 514 5036 οἰκονομικῶς
547 4967 610 5020 οὑ
659 4968 963 5039 κατέφριξε
994 4969 1094 5041 τὴν
1145 4970 1364 5035 ἀδοξίαν
1389 5010 1403 5037 ,
1458 4972 1595 5025 ἀλλά
1633 4972 1734 5045 τῆς

148 5058 471 5130 πρεπούσης
497 5058 766 5130 θυμηδίας
787 5060 961 5131 αὑτῷ,
993 5062 1088 5114 καὶ
1121 5063 1297 5135 χαρᾶς
1324 5063 1610 5127 ἀνάπλεως
1635 5059 1728 5135 ἦν,

149 5151 386 5222 ἐπείπερ
407 5151 672 5206 ἐθεάσατο
698 5151 798 5223 τὴν
822 5152 934 5206 τῶν
961 5153 1290 5225 σωζομένων
1320 5154 1558 5226 πληθὺν,
1589 5156 1730 5227 πλη-

151 5243 412 5315 ρούμενόν
442 5262 504 5298 τε
546 5244 606 5299 τὸ
641 5245 853 5317 θέλημα
883 5244 976 5299 τοῦ
1016 5245 1155 5301 Θεοῦ
1200 5248 1298 5302 καὶ
1344 5247 1579 5317 Πατρός.
1624 5249 1726 5304 Διά

148 5338 302 5391 τοῦτο
324 5337 505 5407 χαράν
535 5338 778 5392 ἐποιεῖτο
807 5338 910 5410 τὴν
937 5342 1185 5411 ἀτιμίαν,
1212 5343 1428 5412 τρυφὴν
1451 5342 1728 5411 ἐλογίζετο

151 5430 275 5493 τους
298 5429 519 5493 πόνους.
560 5431 755 5485 Καίτοι
780 5433 889 5503 γὰρ
922 5432 1166 5497 πολλῶν,
1198 5434 1293 5489 καὶ
1326 5435 1725 5505 ἀπηχεστάτιιιν

151 5522 267 5571 κατ’
306 5518 476 5572 αὑτοῦ
517 5520 884 5592 τολμωμένων
908 5563 922 5590 ,
975 5526 1363 5598 γεγραμμένον
1393 5526 1722 5597 εὑρήσομεν,

222 5691 477 5750 "Matth.
508 5713 584 5765 xl,
614 5698 704 5766 ‘25,
733 5698 821 5754 ‘26.

1837 4506 2032 4575 plenus
2069 4514 2208 4565 erat,
2251 4502 2706 4573 quandoquidem
2738 4502 3134 4557 salvandorum
3166 4500 3421 4554 multitu-

1834 4600 2022 4653 dinem
2049 4597 2293 4660 videbat,
2334 4595 2547 4665 Deique
2574 4610 2639 4650 ac
2670 4594 2851 4650 Patris
2877 4596 3219 4649 voluntatem
3250 4593 3421 4649 adim-

1834 4692 2010 4762 pleri;
2051 4690 2286 4760 ideoque
2336 4689 2522 4760 gaudii
2578 4689 2699 4743 loco
2752 4687 2991 4743 habebat
3030 4686 3415 4757 ignominiam,

1834 4783 2055 4838 labores
2084 4782 2376 4852 reputabat.
2423 4780 2673 4835 delicias.
2727 4779 2995 4846 Quamvis
3044 4781 3190 4835 enim
3246 4780 3418 4835 multa

1832 4889 2011 4945 eaque
2042 4873 2430 4929 crudelissima
2474 4872 2531 4925 in
2583 4887 2709 4928 eum
2753 4879 3236 4943 perpetrareutur,
3279 4873 3419 4926 scri-

1837 4978 1987 5039 ptum
2029 4976 2214 5021 tamen
2270 4964 2618 5021 inveniemus
2676 4962 2870 5020 Jesum
2920 4972 3054 5020 tunc
3105 4966 3419 5021 exsultasse

1837 5058 2070 5131 Spiritu,
2101 5066 2158 5115 et
2184 5056 2392 5115 dixisse
2417 5076 2430 5113 :
2461 5078 2481 5110 ι
2508 5056 2789 5114 Conﬁteor
2820 5056 2946 5121 tibi,
2971 5056 3157 5122 Pater,
3187 5058 3418 5113 Domine

1833 5154 1957 5208 caeli
1996 5166 2061 5208 ac
2094 5158 2275 5217 terras,
2304 5150 2437 5221 quia
2472 5149 2824 5205 abscondisti
2859 5150 2975 5205 haec
3005 5166 3035 5204 a
3071 5150 3416 5219 sapientibus

1831 5255 1885 5301 et
1917 5243 2304 5316 prudentibus,
2333 5252 2389 5298 et
2422 5244 2680 5299 revelasti
2704 5257 2770 5299 ea
2800 5244 3067 5313 parvulis.
3102 5243 3200 5306 lia,
3229 5242 3412 5305 Pater,

1832 5338 2093 5409 quoniam
2130 5337 2219 5393 sic
2266 5336 2368 5391 fuit
2406 5336 2669 5407 placitum
2726 5345 2855 5392 ante
2882 5345 2939 5390 te
2971 5336 3068 5390 “.0
3116 5335 3292 5389 Audis
3327 5345 3406 5396 ut,

1834 5447 1958 5487 cum
1988 5432 2204 5487 videret
2251 5428 2321 5484 ad
2368 5430 2699 5500 sapientiam
2743 5430 2954 5485 erudiri
3006 5444 3104 5485 eos
3147 5428 3241 5499 qui
3279 5442 3408 5497 par-

1836 5524 1947 5582 vuli
1974 5526 2104 5582 olim
2133 5534 2188 5582 et
2215 5523 2372 5582 stulti
2398 5530 2579 5591 erant,
2605 5526 2841 5597 gaudeat
2865 5525 3112 5596 quidem,
3139 5533 3192 5580 et
3219 5523 3406 5581 exsul-
