3868 6200
411 280 565 349 319‘

1407 289 1467 348 S.
1508 288 1786 349 CYRILLI
1821 284 2293 346 ALEXANDRINI
2323 290 2647 351 ARCHIEP.

3566 298 3684 355 380

412 417 492 462 tet
520 421 621 478 per
652 403 945 478 Spiritum,
974 412 1035 462 et
1071 406 1286 476 gratias
1321 405 1734 477 quodammodo
1760 419 1863 475 pro
1894 420 1995 461 no-

2102 401 2326 459 δτιτία
2352 408 2389 460 ὁ
2430 405 2644 477 Ἰηωῦς
2676 404 3062 479 ﬂantis-aro
3107 406 3188 479 τῷ
3234 408 3532 480 Πνεύματι,
3574 412 3672 475 καὶ

414 500 500 557 bis
523 510 646 571 agat
679 501 927 557 servanti
957 497 1149 554 Patri?
1180 498 1324 566 Quin
1352 508 1411 556 et
1446 515 1576 557 om
1610 499 1992 555 W-

410 605 534 644 ηιι
562 590 844 659 legi-nn-
870 599 1231 661 ma.
1260 606 1331 645 ae
1364 589 1435 646 de
1466 591 1559 645 via
1606 591 1791 646 lassus
1823 596 1992 656 esset,

408 689 477 734 ιιι
496 680 771 750 scriptum
798 690 883 736 est
903 679 972 743 “,
999 681 1065 735 ad
1101 688 1322 752 puteum
1346 679 1519 736 Jacoh
1546 678 1723 746 sedit;
1755 693 1992 748 cumque

413 772 739 827 muliercula
769 772 820 828 ei
854 772 1151 828 obtulisset
1197 773 1344 828 unde
1392 787 1594 843 aquam
1630 771 1897 836 hauriret,
1939 775 1994 825 et

415 864 679 918 salutaria
703 864 756 920 ei
804 866 1024 920 locutus
1054 874 1163 930 est,
1192 872 1248 920 et
1293 864 1771 919 Samaritanorum
1799 860 1994 916 multi-

413 956 604 1011 tudine
629 965 968 1027 exspectata,
995 956 1314 1013 necessario
1350 971 1572 1028 quoque
1599 956 1726 1011 cibo
1755 970 1815 1012 se
1845 955 1992 1010 frau-

414 1047 589 1101 davit.
639 1046 782 1114 Quid
829 1049 978 1103 enim
1027 1047 1099 1103 ad
1148 1048 1458 1117 discipulos
1502 1060 1637 1103 suos
1691 1046 1853 1109 dixit,
1895 1045 1992 1115 qui

416 1149 478 1194 ut
515 1140 640 1195 cibo
669 1156 872 1212 corpus
907 1142 1162 1196 reticeret
1191 1156 1318 1195 eum
1346 1139 1752 1196 hortabantur?
1789 1156 1810 1190 ι
1842 1138 1995 1194 Meus

414 1232 576 1288 cibus
608 1239 694 1288 est
721 1240 781 1287 ut
822 1232 1021 1287 faciam
1053 1234 1397 1288 voluntatem
1440 1233 1613 1305 886
1650 1231 1831 1287 Patris
1864 1231 1993 1296 mei,

414 1337 467 1378 et
496 1324 778 1392 perﬁciam
809 1325 936 1396 ejus
965 1341 1107 1397 opus
1139 1326 1208 1381 ".
1243 1344 1263 1378 ι
1298 1324 1495 1381 Nonne
1538 1326 1704 1397 igitur
1735 1325 1820 1380 vel
1864 1324 1996 1378 hinc

418 1417 631 1486 patebit
657 1417 889 1475 delicias
909 1420 962 1476 ei
986 1427 1041 1475 et
1071 1420 1330 1491 gaudium
1360 1418 1557 1485 fuisse,
1585 1417 1768 1474 Patris
1799 1419 1996 1473 volun-

416 1516 586 1563 tatem
637 1510 961 1583 adimplere,
1011 1513 1117 1569 hoc
1158 1520 1267 1577 est,
1315 1528 1415 1569 eos
1461 1512 1558 1583 qui
1597 1515 1875 1584 perierant
1925 1509 1992 1565 ad

417 1602 652 1658 salutem
688 1604 992 1660 revocare?
1022 1603 1261 1660 Dubium
1292 1604 1349 1659 id
1383 1611 1534 1660 certe
1577 1619 1690 1659 non
1716 1611 1823 1659 est.
1865 1600 1996 1657 Haec

415 1693 584 1763 igitur
612 1696 822 1759 omnia,
876 1696 1078 1768 inquit,
1116 1696 1336 1753 locutus
1380 1711 1504 1753 sum
1536 1694 1716 1762 vobis,
1768 1705 1825 1750 ut
1857 1709 1988 1766 gau-

413 1785 565 1840 dium
597 1802 781 1843 meum
811 1788 885 1844 sit
905 1788 961 1843 in
983 1788 1163 1854 vobis,
1187 1788 1244 1844 id
1275 1795 1382 1854 est,
1413 1796 1476 1843 ut
1501 1787 1574 1843 ob
1600 1787 1694 1842 illa
1723 1786 1993 1842 duntaxat

416 1877 589 1947 laetari
626 1881 829 1948 velitis,
858 1882 1061 1951 quibus
1094 1881 1311 1953 gaudeo
1337 1894 1468 1950 ego,
1503 1888 1561 1935 ut
1586 1879 1652 1935 ad
1687 1878 1995 1934 certamina

416 1969 591 2024 fortes
627 1969 964 2038 elllciamini,
1010 1980 1064 2028 et
1105 1988 1203 2045 spe
1250 1972 1649 2029 salvandorum
1702 1970 1992 2025 hominum

414 2066 725 2135 praecincti,
767 2067 896 2124 licet
927 2067 1135 2139 aliquid
1178 2068 1391 2123 idcirco
1420 2066 1534 2140 pati
1575 2065 1883 2136 contingat,
1925 2078 1997 2118 ne

411 2157 655 2212 animum
686 2159 987 2229 dejiciatis,
1020 2175 1209 2215 verum
1241 2166 1402 2215 tanto
1451 2166 1587 2213 tunc
1632 2156 1810 2228 magis
1855 2171 1996 2228 gau-

412 2249 613 2318 deatis,
665 2252 797 2323 quia
828 2268 926 2322 per
953 2266 1055 2308 vos
1102 2251 1365 2324 impletur
1410 2251 1673 2306 voluntas
1724 2249 1845 2321 ejus
1898 2247 1996 2320 qui

411 2342 533 2396 vult
564 2357 758 2399 omnes
789 2342 1042 2401 homines
1073 2343 1261 2399 salvos
1291 2342 1433 2410 fieri,
1463 2349 1521 2399 et
1550 2342 1621 2396 ad
1655 2341 1994 2413 agnitionem

409 2434 664 2491 veritatis
697 2436 886 2492 venire
913 2436 983 2493 ”.
1005 2435 1247 2493 Gavisus
1275 2436 1424 2492 enim
1457 2451 1585 2492 sum
1617 2435 1693 2490 ob
1726 2434 1844 2490 haec
1867 2448 1993 2504 ego.

410 2530 467 2578 et
514 2524 675 2595 longe
714 2524 1084 2581 suavissimos
1120 2525 1346 2580 labores
1402 2520 1561 2577 duxi.
1624 2521 1764 2577 Cum
1837 2532 1995 2590 ergo,

413 2615 613 2684 inquit,
639 2615 899 2686 gaudium
929 2616 1137 2673 habere
1167 2615 1484 2678 volueritis,
1515 2612 1664 2685 quod
1693 2612 1826 2667 mihi
1858 2626 1993 2667 con-

411 2708 600 2763 venire
648 2708 863 2778 putavi,
915 2716 1049 2764 tunc
1099 2708 1406 2780 perfectum
1468 2707 1605 2764 illud
1656 2721 1723 2763 ac
1755 2706 1993 2763 solidum

411 2799 553 2855 estis
584 2799 852 2857 habituri.
891 2800 1204 2857 Perfectum
1235 2801 1384 2857 enim
1426 2808 1579 2856 certe
1614 2810 1672 2856 et
1698 2799 1993 2855 abundan-

414 2889 690 2946 tissimum
740 2906 870 2947 esse
930 2892 1196 2964 gaudium
1252 2892 1389 2947 illud
1439 2902 1696 2962 putamus
1738 2893 1886 2962 quod
1936 2893 1993 2947 in

323 2972 329 2979 ’
412 2978 528 3036 Deo
561 2989 667 3045 est,
703 2991 758 3039 et
800 2990 1028 3055 propter
1072 2983 1268 3050 Deum,
1302 2992 1358 3041 et
1389 2985 1459 3041 de
1499 2984 1663 3041 bouis
1705 2984 1992 3056 operibus,

2097 492 2255 552 εἴτην
2277 515 2292 530 ν
2329 518 2350 551 ι
2407 498 2873 572 Ἐξομολογοῦμαί
2917 517 3044 565 σοι,
3090 500 3273 573 Πάτερ
3295 539 3313 565 ,
3359 502 3537 573 Κύριε
3575 502 3674 556 τοῦ

2095 589 2327 662 ούρανοῦ
2378 592 2473 645 καὶ
2513 591 2616 661 τῆς
2651 592 2791 662 γῆς,
2838 591 2920 646 ὅτι
2965 592 3290 665 ἀπέκρυψας
3334 593 3510 647 ταῦτα
3562 593 3673 648 ἀπὸ

2101 683 2283 752 σοφῶν
2313 684 2407 737 καὶ
2450 684 2709 749 συνετῶν,
2738 685 2834 738 καὶ
2865 683 3222 754 ἀπεκάλυψας
3247 684 3388 739 αύτά
3432 684 3669 756 νηπίοις.

2095 774 2225 838 Ναὶ,
2252 777 2281 828 ό
2301 774 2513 848 Πατὴρ,
2542 776 2624 831 ὅτι
2653 774 2828 841 οὕτως
2854 776 3074 832 εὐδοκία
3108 776 3325 846 ἐγένετο
3359 776 3671 850 ἔμπροσθέν

2097 881 2212 919 σου.
2251 884 2271 917 ι
2316 865 2560 930 Ἀκούεις
2586 907 2602 930 ,
2652 868 2737 922 ὅτι
2789 867 3022 939 ἐπείπερ
3068 867 3260 922 ἐθεᾶτο
3301 869 3673 940 σοφουμένους

2092 956 2220 1021 τοὺς
2244 958 2473 1028 νηπίους
2523 976 2587 1014 τε
2630 960 2794 1024 ὄντας
2844 960 2941 1015 καὶ
2986 961 3250 1032 ἀνοήτους
3293 962 3447 1025 ποτὲ,
3485 960 3672 1032 χαίρει

2097 1049 2198 1120 μὲν
2242 1051 2337 1106 καὶ
2375 1052 2701 1122 ἀγαλλιᾶται
2737 1052 2829 1107 διά
2878 1052 2973 1109 τοῦ
3020 1053 3374 1126 Πνιύματος,
3416 1053 3580 1126 χάριν
3607 1052 3673 1108 δι

2094 1131 2284 1214 ὥσπερ
2312 1144 2453 1216 ὑπὲρ
2488 1145 2647 1216 ἡμῶν
2682 1146 2929 1200 ἀνατιθεῖ
2963 1144 3042 1218 τῷ
3086 1146 3409 1213 διασώζοντι
3453 1147 3666 1218 Πατρί;

2107 1235 2267 1289 Ἀλλά
2309 1237 2406 1290 καὶ
2452 1237 2540 1291 ὅτε
2579 1236 2680 1310 τὴν
2723 1236 2836 1291 τῶν
2878 1236 3236 1312 Σαμαρειτῶν
3262 1238 3426 1293 διέθει
3457 1236 3667 1308 χώραν,
3711 1274 3717 1278 -

2093 1328 2343 1398 κέκμηκε
2394 1329 2454 1383 δὲ
2505 1331 2573 1384 ὲκ
2614 1331 2719 1402 τῆς
2745 1330 3089 1403 ὁδοιπορίας,
3137 1330 3286 1385 καθά
3332 1329 3669 1400 γέγραπται,

2092 1420 2387 1486 ἐκαθέζετο
2423 1422 2519 1476 ἐπὶ
2560 1424 2629 1494 τῇ
2661 1425 2816 1495 πηγῇ
2857 1422 2954 1477 τοῦ
3009 1421 3226 1478 Ἰακώϐ.
3268 1420 3486 1493 Ἐπειδὴ
3525 1419 3586 1475 δὲ
3611 1420 3677 1474 τὸ

2092 1512 2315 1580 γύναιον
2371 1513 2525 1585 αὐτῷ
2600 1514 2967 1584 προσεκόμιζε
3040 1513 3141 1584 τὴν
3196 1511 3290 1567 τοῦ
3361 1510 3675 1583 ἀρύσασθαι

2093 1603 2306 1675 χρείαν,
2331 1603 2706 1676 προσελάλησέ
2731 1621 2791 1658 τε
2827 1604 2981 1670 αὐτῷ
3004 1604 3075 1657 τὰ
3103 1604 3315 1669 εἰκότα,
3350 1603 3444 1656 καὶ
3489 1604 3678 1672 Σαμα-

2099 1690 2293 1763 ρειτῶν
2318 1691 2478 1761 ὄχλον
2505 1691 2708 1762 ἥξοντα
2744 1692 3113 1763 προσεδόκησε
3145 1691 3242 1745 καὶ
3270 1690 3476 1763 τροφῆς
3504 1692 3680 1757 ἀναγι·

2024 1753 2070 1810 Β
2098 1753 2261 1848 καίας
2289 1753 2572 1855 ἀλογήσας
2616 1753 2887 1854 φαίνεται.
2937 1784 3004 1836 Τί
3036 1753 3156 1853 ’γὰρ
3200 1753 3320 1853 ἔφη,
3546 1753 3680 1845 τούς

2099 1875 2371 1947 μαθητὰς,
2392 1876 2708 1946 ἐδεσμάτων
2742 1875 2890 1946 αὐτῷ
2922 1875 3246 1947 μεταλαϐεῖν
3274 1874 3678 1945 συμϐουλεύον-

2094 1987 2232 2036 τας;
2271 1989 2291 2022 ι
2338 1968 2498 2037 Ἐμὸν
2526 1967 2722 2040 βρῶμά
2767 1971 2935 2031 ἐστιν,
2979 1970 3066 2023 ἵνα
3098 1970 3308 2040 ποιήσω
3346 1968 3407 2022 τὸ
3454 1966 3673 2039 θέλημα

2095 2060 2190 2116 τοῦ
2224 2062 2438 2134 Πατρός
2468 2080 2568 2133 μου
2593 2104 2609 2129 ,
2649 2063 2745 2117 καὶ
2776 2060 3051 2116 τελειώσω
3099 2060 3267 2116 αὑτοῦ
3313 2061 3376 2115 τὸ
3424 2060 3612 2132 ἔργον.
3650 2079 3670 2110 ι

2093 2148 2223 2226 ’Ἆρ’
2259 2150 2353 2208 οὖν
2389 2154 2686 2209 κάντεῦθεν
2735 2154 2837 2209 οὐκ
2885 2153 2952 2208 ἂν
2997 2153 3211 2223 γένοιτο
3258 2153 3544 2224 συμφανὲς
3591 2151 3678 2205 ὅτι

2095 2246 2308 2319 τρυφὴν
2354 2248 2592 2301 ἐποιεῖτο
2623 2247 2720 2301 καὶ
2767 2244 2944 2318 χαρὰν
2978 2245 3089 2301 τῶν
3122 2243 3393 2318 πατρῴων
3431 2244 3679 2314 θελημά-

2095 2356 2204 2394 των
2227 2340 2328 2411 τὴν
2377 2340 2695 2411 πλήρωσιν,
2729 2338 2876 2393 τοῦτ’
2910 2338 3061 2404 εστι,
3108 2337 3209 2411 τὴν
3258 2339 3339 2402 είς
3392 2337 3675 2410 σωτηρίαν

2096 2429 2409 2502 ἀναδρομὴν
2440 2431 2549 2485 τῶν
2582 2433 2664 2496 είς
2694 2431 2974 2486 ἀπώλειαν
3017 2430 3485 2502 διωλισθηκότων;
3528 2429 3676 2482 Ἀλλ’

2098 2525 2246 2579 εστιν
2294 2524 2397 2578 οὐκ
2435 2522 2761 2594 ἀμφίλογον.
2795 2521 2983 2577 Ταῦτα
3038 2521 3218 2576 τοίνυν
3257 2523 3476 2587 πάντα,
3514 2521 3694 2593 φησὶμ

2094 2617 2399 2687 διείλεγμαι
2421 2618 2560 2689 πρὸς
2583 2618 2749 2689 ὑμᾶς,
2785 2616 2876 2671 ινα
2905 2617 2938 2687 ἡ
2970 2614 3117 2687 χαρὰ
3146 2615 3180 2685 ἡ
3207 2614 3314 2686 ἐμὴ
3342 2615 3399 2668 ὲν
3427 2614 3560 2684 ὑμῖν
3591 2609 3628 2688 ᾖ
3660 2631 3675 2645 '

2094 2708 2241 2763 τοῦτ’
2276 2708 2445 2773 ἔστιν,
2487 2708 2578 2762 ἵνα
2616 2708 2703 2761 ἐπ’
2730 2707 2964 2770 ἐκείνοις
3003 2705 3226 2775 ἐθέλητε
3263 2704 3683 2775 διευθυμεῖσθαε

2098 2801 2284 2872 μόνοις
2308 2843 2324 2868 ,
2364 2800 2451 2869 ἐφ’
2477 2797 2673 2872 οἷσπερ
2705 2798 2863 2868 κάγὼ
2884 2838 2900 2865 ,
2952 2798 3041 2853 ἵνα
3077 2797 3215 2867 πρὸς
3240 2796 3457 2863 ἀγῶνας
3487 2795 3679 2866 ἀνδρί-

2098 2896 2265 2965 σησθε
2289 2934 2306 2960 ,
2355 2892 2452 2948 καὶ
2483 2891 2582 2965 τὴν
2628 2891 2723 2946 ἐπὶ
2754 2893 2867 2956 τοῖς
2910 2890 3240 2962 σωζομένοις
3287 2889 3483 2943 ἐλπίδα
3518 2904 3683 2958 περι-

2096 2987 2429 3058 ζωσάμενοι,
2467 2985 2571 3040 κάν
2612 3002 2667 3039 τι
2694 2983 2784 3039 διὰ
2811 2982 2973 3037 τοῦτο
3018 2981 3293 3054 συμϐαίνῃ
3345 2980 3559 3046 παθεῖν,
3600 2978 3687 3051 μὴ

416 3082 645 3142 propter
702 3087 855 3144 spent
915 3075 1129 3130 firmam
1177 3083 1234 3130 et
1283 3074 1709 3138 inconcussam,
1760 3082 1818 3130 et
1859 3075 1990 3145 quia

2102 3078 2238 3149 πρὸς
2276 3077 2505 3145 ἀκηδίας
2551 3077 2804 3148 ἀδρανεῖς
2842 3072 3229 3146 καταφέρησθε
3263 3072 3499 3143 μᾶλλον,
3549 3072 3687 3142 χαίε

413 3167 482 3218 de
519 3167 588 3221 iis
614 3165 818 3236 quibus
848 3182 948 3238 par
975 3174 1063 3221 est
1091 3181 1201 3221 non
1232 3167 1411 3222 solum
1445 3183 1567 3233 nos,
1603 3168 1697 3223 sed
1726 3177 1779 3223 et
1807 3167 1991 3237 ipsum

412 3254 602 3313 Jesum
647 3257 819 3313 laatari
851 3259 1079 3330 contigit
1111 3278 1125 3314 :
1161 3259 1548 3330 imperfectum
1591 3274 1724 3315 vero
1759 3258 1997 3314 munda-

414 3364 545 3403 num
585 3351 844 3421 gaudium
879 3351 1017 3406 illud
1060 3350 1387 3414 asserimus,
1418 3366 1544 3405 cum
1594 3358 1821 3421 propter
1857 3351 1996 3405 levi-

413 3447 582 3495 tatem
610 3450 664 3497 et
684 3442 1137 3508 inconstantiam,
1165 3449 1283 3497 tum
1303 3441 1453 3512 quod
1473 3442 1545 3497 ob
1568 3456 1633 3496 ea
1655 3457 1779 3512 quae
1809 3442 1994 3497 minus

412 3532 573 3588 decet
620 3540 940 3604 peragatur,
988 3534 1044 3590 id
1089 3541 1177 3590 est
1211 3534 1285 3589 ob
1342 3548 1434 3589 res
1494 3534 1825 3597 mundanas,
1874 3548 1997 3605 quae

412 3624 863 3695 phantasmatum
916 3633 968 3683 et
1018 3626 1230 3681 umbrae
1273 3625 1452 3682 instar
1490 3626 1759 3682 avolant:
1803 3643 1998 3696 quem-

414 3717 707 3772 admodum
754 3716 1062 3787 perfectum
1114 3717 1302 3772 odium
1351 3733 1478 3774 esse
1531 3718 1794 3785 dicimus,
1847 3717 1996 3788 quod

418 3817 571 3862 recte
605 3817 660 3863 et
681 3807 832 3877 juste
866 3809 941 3863 ob
963 3808 1265 3864 nonnullas
1300 3824 1389 3864 res
1415 3824 1447 3862 a
1479 3810 1642 3865 nobis
1668 3811 1996 3881 suscipitur.

419 3897 619 3955 Sicuti‘
642 3915 840 3972 nempe
872 3900 1068 3957 beatus
1100 3901 1195 3955 ille
1242 3899 1419 3956 David
1463 3901 1533 3957 de
1570 3902 1640 3958 iis
1672 3903 1765 3973 qui
1808 3904 1999 3974 gloriae

416 3988 514 4046 Dei
545 4000 853 4063 repugnant
878 3993 991 4049 ait:
1013 4012 1034 4046 ι
1058 3991 1311 4049 Perfecto
1333 3993 1466 4050 odio
1484 3994 1709 4051 oderam
1734 3995 1922 4053 illos"
1941 4013 1991 4065 ς»

419 4081 717 4155 perfectam
748 4099 881 4140 vero
929 4085 1309 4151 dilectionem,
1348 4100 1473 4157 quae
1524 4086 1634 4144 Deo
1679 4097 1823 4145 totos
1856 4104 1998 4146 con-

413 4158 606 4246 juiigit
647 4192 744 4232 eos
776 4175 872 4249 qui
930 4176 1061 4232 llam
1094 4179 1454 4249 susceperint
1495 4179 1555 4234 in
1606 4179 1721 4236 Deo
1766 4189 1824 4236 et
1876 4197 2002 4254 pro-

420 4275 541 4338 pter
568 4266 780 4337 Deum,
825 4284 935 4327 non
981 4277 1171 4327 autem
1206 4284 1331 4326 eam
1383 4285 1509 4342 quae
1552 4271 1613 4329 in
1652 4276 1894 4332 terrenis
1934 4287 2000 4331 ac

419 4361 575 4417 nihili
610 4363 778 4420 rebus
808 4370 1083 4420 versatur.

2103 3189 2233 3245 ρητε
2278 3171 2337 3226 δὲ
2374 3170 2498 3226 τότε
2551 3168 2985 3240 πλουσιώτερον,
3017 3168 3251 3238 ἐπείπερ
3287 3165 3383 3220 καὶ
3423 3166 3489 3220 δι’
3521 3166 3693 3236 ὑμῶν»

2099 3261 2513 3335 ἀναπληροῦται
2561 3262 2625 3316 τὸ
2674 3261 2887 3333 θέλημα
2931 3260 3026 3313 τοῦ
3078 3259 3292 3324 πάντας
3354 3257 3685 3329 ἀνθρώπους

2099 3355 2349 3418 θέλοντος
2384 3352 2689 3419 σώζεσθαι,
2729 3353 2828 3408 καὶ
2870 3354 2951 3417 εἰς
2979 3351 3273 3420 ἐπίγνωσιν
3306 3349 3562 3419 ἀληθείας
3594 3350 3686 3403 ελ-

2100 3443 2236 3499 θεῖν.
2280 3443 2545 3514 Ἔχαιρον
2568 3441 2680 3513 γάρ
2716 3442 2810 3495 ἐπὶ
2839 3440 3048 3506 τούτοις
3080 3439 3258 3509 κάγὼ,
3287 3440 3383 3494 καί
3415 3440 3536 3493 λίαν
3564 3440 3687 3509 ἠδί-

2102 3554 2262 3602 στους
2287 3535 2610 3607 ἐλογιζόμην
2646 3534 2774 3600 τοὺς
2823 3534 3042 3596 πόνους.
3085 3534 3255 3586 Ὅταν
3282 3531 3485 3596 τοίνυν,
3521 3533 3681 3602 φησὶ,

2098 3631 2357 3702 τοιαύτην
2405 3630 2607 3702 ἕλησθε
2645 3629 2791 3701 ἔχειν
2817 3627 2994 3701 χαρὰν
3019 3670 3035 3695 ,
3079 3628 3147 3699 ἢν
3177 3625 3401 3697 ἐμαυτῷ
3446 3626 3686 3696 πρέπειν

2100 3724 2456 3795 ἐλογισάμην,
2485 3722 2607 3776 τότε
2641 3720 2854 3775 τελείαν
2895 3720 3065 3791 αὐτὴν
3098 3720 3248 3785 ἕξετε
3271 3759 3288 3785 ,
3321 3719 3417 3772 καί¹
3458 3717 3685 3788 ὁλόκλη-

2103 3833 2216 3888 ρον.
2270 3814 2662 3887 Πληρεστάτην
2714 3813 2825 3885 γὰρ
2887 3813 3056 3876 ὅντως
3111 3812 3205 3866 καὶ⁸
3269 3810 3483 3864 τελείαν
3536 3805 3685 3863 εἶναι

2101 3907 2275 3981 χαρὰν
2311 3905 2660 3977 λογιζόμεθα,
2696 3904 2797 3976 τὴν
2845 3905 2904 3958 ὲν
2932 3903 3087 3975 Θεῷ,
3121 3904 3217 3958 καὶ
3260 3902 3350 3956 διά
3388 3900 3554 3964 Θεὸν,
3586 3899 3689 3953 καὶ

2102 4000 2189 4054 ἐπ’
2220 3999 2404 4072 ἔργοις
2443 3996 2694 4068 ἀγαθοῖς,
2723 3993 2812 4050 διὰ
2857 3995 2921 4049 τὸ
2950 3993 3220 4065 πεπηγὸς,
3254 3993 3350 4047 καὶ
3390 3992 3688 4061 ἀκλόνητον

2101 4093 2203 4164 τῆς
2228 4091 2444 4155 ἐλπίδος
2467 4106 2483 4122 ·
2519 4090 2615 4144 καὶ
2642 4090 2725 4143 ὅτι
2750 4088 2974 4157 γέγονεν
2999 4126 3014 4150 ,
3044 4087 3129 4156 ἐφ’
3157 4079 3240 4150 οἷς
3268 4080 3336 4155 ἦν
3365 4083 3535 4147 εἰκὸς,
3560 4082 3691 4152 οὐχὶ

2106 4187 2302 4258 μόνους
2333 4185 2500 4255 ἡμᾶς,
2535 4180 2676 4237 ἀλλὰ
2701 4181 2797 4234 καὶ
2825 4179 2988 4233 αὐτὸν
3015 4178 3251 4250 ἡσθῆναι
3293 4176 3386 4231 τὸν
3424 4174 3642 4246 Ἰησοῦν
3669 4190 3688 4209 ο

2103 4276 2270 4348 ἀτελῆ
2297 4276 2356 4330 δὲ
2381 4273 2556 4348 χαράν
2582 4272 2681 4344 τὴν
2719 4274 2776 4327 ὲν
2801 4271 2994 4343 κόσμῳ
3013 4269 3213 4340 φαμὲν,
3238 4267 3331 4321 διά
3356 4284 3415 4320 τε
3438 4264 3688 4336 εὐπαράο

2106 4386 2294 4444 φορον,
2335 4366 2433 4421 καὶ
2455 4363 2517 4419 τὸ
2549 4365 2634 4434 ἐφ’
2663 4358 2745 4426 οἷς
2779 4363 2979 4434 ἣκιστα
3024 4362 3161 4430 χρῆν
3189 4356 3523 4428 τελουμένην
3547 4356 3688 4427 ὁρᾶ-

420 4453 566 4521 σθαι,
597 4453 743 4510 τοῦτ’
806 4454 944 4525 ἔστι,
1004 4456 1299 4528 πράγμασι
1354 4459 1662 4528 κοσμικοῖς,
1716 4458 1757 4515 ἃ
1817 4468 2223 4541 φαντασμάτων
2276 4463 2372 4518 καὶ
2430 4460 2590 4521 σκιᾶς
2650 4456 2937 4524 ἐξίπταται
2995 4453 3187 4525 δίκην·
3233 4451 3423 4521 ὥσπερ
3479 4449 3692 4504 τέλειον

422 4552 578 4620 μῖσος
600 4543 740 4603 εἷναί
766 4565 968 4620 φαμεν,
994 4547 1059 4602 τὸ
1084 4548 1310 4613 δικαίως
1344 4565 1404 4602 τε
1437 4549 1532 4604 καὶ
1558 4550 1736 4623 ὀρθῶς
1770 4554 1863 4609 ἐπί
1899 4573 2009 4613 τισι
2040 4561 2170 4631 παρ’
2193 4555 2351 4630 ἡμῶν
2371 4553 2673 4623 γινόμενον.
2710 4550 2919 4621 Ὥσπερ
2946 4543 3040 4603 οὖν
3075 4545 3267 4618 ἀμέλει
3300 4546 3392 4600 καὶ
3439 4546 3469 4599 ό
3503 4543 3687 4615 μακά-

421 4659 536 4714 ριος
588 4641 786 4709 Δασὶδ,
832 4642 1104 4713 περὶτῶν
1135 4642 1547 4714 ἀνθεστηκότων
1607 4648 1675 4718 τῇ
1732 4647 1861 4720 δόξῃ
1925 4652 2022 4706 τοῦ
2066 4652 2203 4708 Θεοῦ
2237 4665 2409 4720 φησι·
2453 4667 2471 4698 ι
2515 4644 2729 4700 Τέλειον
2771 4645 2926 4714 μῖσος
2964 4643 3190 4713 ἐμίσουν
3248 4639 3471 4702 αὐτούς’
3508 4658 3527 4689 ι
3588 4654 3687 4692 τε-

415 4739 567 4794 λείαν
601 4737 660 4793 δὲ
702 4737 943 4810 ἀγάπην,
981 4736 1083 4808 τὴν
1126 4736 1436 4809 ὁλοκλήρως
1460 4738 1784 4795 ἀνακεῖσθαι
1832 4743 1952 4817 Θεῷ
1980 4742 2508 4820 παρασκευάζουσαν
2556 4741 2682 4802 τοὺς
2715 4738 2936 4802 ἑλόντας
2983 4735 3154 4807 αὐτὴν
3203 4737 3260 4789 ὲν
3300 4734 3420 4805 Θεῴ
3463 4735 3558 4787 καὶ
3589 4733 3691 4790 διὰ

415 4831 584 4895 Θεὸν,
639 4827 701 4883 οὐ
754 4826 853 4901 τὴν
904 4827 997 4882 ὲπί
1039 4842 1183 4881 τισιν
1228 4828 1531 4899 ἐπιγείοις,
1603 4831 1698 4885 καὶ
1739 4831 1900 4903 λόγου
1937 4837 2165 4910 μηδενὸς
2188 4834 2362 4901 ἀξίοις
2393 4832 2733 4905 πράγμασιν.

445 5013 454 5021 .
488 4965 610 5033 XV,
663 4965 770 5032 12,
813 4966 903 5022 15.
948 4963 1065 5021 Hoc
1102 4973 1184 5022 est
1205 4974 1526 5036 praceptum
1565 4983 1763 5032 meum,
1794 4979 1854 5023 ut
1877 4969 2002 5026 dili-

417 5060 558 5132 gatis
599 5060 845 5123 invicem,
875 5059 1017 5114 sicut
1046 5056 1216 5113 dilexi
1252 5074 1367 5113 vos.
1416 5056 1678 5128 Majorem
1724 5058 1823 5113 hac
1868 5059 2006 5116 dile-

2176 4970 2340 5037 Αὕτη
2386 4968 2559 5024 ἐστίν
2614 4969 2654 5035 ἡ
2702 4964 2923 5035 ἐντολή
2977 4967 3014 5034 ἡ
3052 4964 3165 5034 ἐμὴ
3192 5006 3207 5031 ,
3259 4965 3361 5018 ἵνα
3418 4963 3699 5033 ἀγαπᾶτε·

2103 5060 2461 5129 ἀλλήλους,
2510 5058 2708 5125 καθὼς
2755 5058 2918 5128 κάγὼ
2971 5056 3262 5127 ἠγάπησα
3314 5055 3490 5127 ὑμᾶς.
3547 5058 3698 5112 Μει-

418 5154 649 5207 ctionem
683 5165 834 5205 nemo
863 5147 1041 5214 habet,
1071 5163 1231 5221 quam
1260 5156 1320 5202 ut
1365 5147 1606 5203 animam
1641 5164 1798 5203 suam
1841 5164 1995 5221 ponat

2104 5152 2244 5215 (ora
2273 5153 2498 5220 ταύτης
2527 5149 2775 5221 ἀγάπην
2824 5148 3025 5216 οὐδεὶς
3081 5149 3244 5218 ἔχει,
3292 5148 3394 5202 ἵνα
3445 5166 3537 5214 τις
3572 5147 3700 5218 τήν

417 5244 535 5314 quis
561 5259 660 5313 pro
691 5241 880 5297 amicis
909 5241 1045 5297 suis.

490 5375 730 5432 Sensum
761 5391 954 5433 eorum
977 5391 1100 5447 quae
1123 5376 1281 5448 prius
1302 5376 1450 5434 dicta
1490 5383 1622 5435 sunt
1648 5375 1999 5434 manifestius

420 5471 508 5526 his
531 5470 714 5526 verbis
736 5470 938 5540 aperit,
961 5470 1065 5525 hoc
1089 5477 1195 5534 est,
1229 5469 1431 5526 debere
1455 5470 1766 5541 discipulos
1795 5469 2002 5524 habere

421 5561 681 5633 gaudium
718 5560 840 5632 ejus
869 5560 925 5616 in
957 5561 1173 5632 seipsis.
1200 5560 1334 5632 Ego,
1361 5560 1563 5634 inquit,
1591 5561 1693 5616 huc
1722 5559 2001 5632 praecipio,

2108 5240 2325 5312 ψυχὴν
2348 5239 2534 5296 αὐτοῦ
2564 5239 2662 5310 θῇ,
2695 5239 2848 5310 ὑπὲρ
2883 5237 3000 5295 τῶν
3031 5241 3228 5310 φίλων
3260 5240 3469 5295 αὑτοῦ.

2195 5373 2645 5446 Ἐμφανεστέραν
2689 5374 2791 5447 ἤδη
2829 5374 3154 5446 καθίστησι,
3201 5372 3292 5428 διὰ
3340 5372 3444 5444 τῆς
3480 5373 3703 5429 τούτων

2109 5467 2446 5538 ἐπαγωγῆς,
2509 5467 2618 5521 τῶν
2678 5467 2777 5539 ἤδη
2831 5468 3247 5539 προειρημένων
3305 5466 3403 5538 τὴν
3435 5465 3699 5536 δύναμιν,

2111 5559 2255 5616 τοῦτ’
2288 5559 2442 5625 ἔστι,
2494 5558 2555 5613 τὸ
2611 5560 2808 5632 χρῆναι
2852 5561 2977 5626 τοὺς
3030 5560 3320 5632 μαθητὰς,
3374 5557 3476 5633 τὴν
3520 5557 3699 5614 αὑτοῦ

497 5744 544 5776 ³⁸
585 5743 744 5801 Joan.
788 5758 861 5798 tv.
938 5743 983 5776 "
1036 5740 1193 5800 Joan.
1230 5759 1383 5810 uxr,
1415 5743 1507 5799 δι.
1586 5743 1631 5776 ⁸⁸
1687 5743 1706 5797 Ι
1748 5742 1890 5803 Tim.
1924 5764 1984 5813 ιι,

2161 5744 2204 5775 ³⁷
2247 5742 2394 5805 Pal.
2428 5760 2658 5813 cxxvut,
2690 5744 2783 5799 22.
