3868 6200
127 277 225 334 38!

1189 290 1259 348 ιΝ
1288 290 1583 352 ,JOANNIS
1616 294 2070 358 EVANGELIUM
2119 300 2250 359 LIB.
2290 303 2359 359 Χ.

3302 306 3441 364 2583~

126 398 305 470 χαρὰν
351 398 494 471 ἔχειν
530 401 588 454 ὲν
628 402 861 468 ἑαυτοῖς.
931 406 1259 477 Ἀναφανδδν
1302 413 1362 466 δέ
1412 430 1582 482 φησιν
1622 415 1712 468 ὅτι

1815 427 1872 471 et
1906 418 2012 475 hoc
2045 421 2223 476 doceo
2284 419 2597 477 faciendum
2658 438 2721 478 ac
2780 423 3131 480 sentiendum
3184 424 3253 481 iis
3312 430 3405 497 qui

126 492 287 545 τοῦτο
338 494 652 564 ἐντέλλομαι
682 539 698 562 ,
754 498 844 551 καὶ
881 498 1038 551 τοῦτο
1074 501 1314 557 διδάσκω
1353 506 1488 576 δρᾷν
1530 523 1588 558 τε
1621 506 1715 559 καὶ

129 589 375 655 φρονεῖν,
407 590 535 651 τοὺς
560 590 793 645 ἕπεσθαι
837 593 950 645 δεῖν
992 596 1273 665 οἰομένους
1301 599 1444 667 ἐμοὶ,
1475 603 1713 652 τοιουτό-

127 694 332 747 τροπον
361 681 441 741 είς
469 681 732 752 ἀλλήλους
760 685 1068 756 ἐκμελετᾷν
1113 689 1215 758 τὴν
1243 690 1487 759 ἀγάπην,
1522 692 1715 745 ὁποίαν

128 770 239 838 ἐγὼ
308 771 525 839 φθάσας
568 775 933 847 ἐπεδειξάμην
993 780 1086 832 καὶ
1137 781 1501 853 πεπλήρωκα.
1557 786 1717 838 Ποῖον

128 858 219 915 οὖν
246 864 356 933 ἄρα
390 865 451 918 τὸ
480 866 676 937 μέτρον
709 868 988 940 θεωρῆσαι
1017 889 1103 935 τις
1130 871 1194 924 ἂν
1228 877 1327 943 τῆς
1357 875 1578 947 ἀγάπης
1618 876 1715 930 τοῦ

128 956 391 1025 Χριστοῦ,
426 958 590 1011 πάλιν
639 960 802 1024 αὑτὸς
830 962 1142 1033 ὑπέφηνεν,
1197 966 1365 1019 εἰπὼν
1387 1008 1401 1032 ,
1436 968 1497 1021 τὸ
1531 968 1715 1038 μεῖζον

127 1041 267 1098 εἶναι
332 1047 499 1117 μηδὲν
556 1052 656 1119 τῆς
709 1051 963 1123 τοιαύτης
1010 1054 1273 1125 ἀγάπης,
1326 1058 1360 1128 ἢ
1406 1060 1502 1112 καὶ
1543 1062 1716 1132 αὑτὴν

126 1137 397 1206 προέσθαι
440 1138 540 1209 τὴν
580 1140 758 1209 ψυχὴν
790 1143 930 1213 ὑπὲρ
967 1144 1077 1199 τῶν
1108 1148 1495 1216 ἀγαπωμένων
1526 1152 1715 1205 διακε-

124 1227 366 1284 λεύεται.
414 1231 510 1286 Ἐκ
565 1234 629 1305 δὴ
681 1235 888 1289 τούτων
946 1238 1202 1293 ἁπάντων
1259 1244 1544 1315 μονονουχὶ
1602 1247 1715 1309 τοῖς

128 1323 281 1386 ἰδίοις
304 1324 684 1381 διακελεύεται
722 1329 1014 1400 μαθηταῖς,
1043 1334 1125 1386 ὅτι
1156 1336 1426 1405 προσήκει
1461 1335 1716 1389 τοσοῦτον

124 1415 432 1482 ἀφεστάναι
456 1416 552 1470 τοῦ
580 1417 812 1472 δεδιέναι
849 1420 1026 1489 φιλεῖν
1070 1422 1198 1485 τοὺς
1229 1423 1372 1492 ὑπὲρ
1402 1423 1510 1477 τῶν
1548 1422 1717 1487 σωζο-

125 1506 308 1576 μένων
341 1509 583 1576 ἀγῶνας,
611 1511 707 1563 καὶ
735 1512 899 1565 αὑτὸν
930 1514 1256 1576 ἀοκνότατα,
1292 1515 1387 1568 καὶ
1426 1514 1545 1568 λίαν
1578 1515 1716 1569 ἑτοί-

126 1617 244 1669 pm;
268 1600 417 1670 ἔχειν
448 1602 754 1674 ὑποστῆναι
798 1604 892 1658 τὸν
917 1608 1017 1674 τῆς
1050 1608 1252 1677 σαρκὸς
1280 1607 1531 1660 θάνατον.
1561 1607 1679 1660 Καθ
1697 1636 1713 1648 -

125 1692 273 1745 ίκετο
327 1694 439 1765 γὰρ
498 1697 591 1747 καὶ
646 1696 808 1766 μέχρι
861 1697 1015 1750 τοῦδε
1060 1698 1156 1751 τοῦ
1210 1700 1414 1770 μέτρου
1471 1701 1572 1768 τῆς
1617 1699 1713 1752 τοῦ

1818 526 1904 565 me
1930 513 2095 581 sequi
2128 514 2456 580 uoluerim,
2512 513 2680 567 talem
2734 516 2883 570 inter
2938 532 2997 571 se
3047 517 3406 574 dilectionem

1816 618 2095 669 exercere,
2137 605 2355 671 qualem
2390 621 2493 675 ego
2534 607 2694 676 prius
2752 608 2977 661 exitiin
3032 616 3086 662 et
3144 609 3403 678 implevi.

1818 692 2033 758 Quanta
2064 711 2197 749 vero
2228 696 2395 765 887
2423 698 2495 750 sit
2526 698 2844 753 dilectionis
2871 698 3079 755 Christi
3119 716 3405 765 mensura,

1819 783 1936 852 ipse
1968 799 2168 839 rursus
2221 786 2580 855 significavit,
2631 788 2821 843 dicens
2872 788 3006 842 nihil
3055 804 3180 845 esse
3221 793 3405 860 majus

1817 892 1878 929 ea
1917 877 2218 933 dilectione
2255 894 2377 948 quae
2417 880 2502 933 vel
2545 880 2785 933 animam
2831 881 3004 949 ipsam
3057 897 3159 951 pro
3213 884 3407 939 amicis

1811 966 2001 1035 julueat
2035 966 2392 1036 profundere.
2423 969 2501 1022 Ex
2535 969 2624 1024 his
2648 970 2927 1035 omnibus,
2958 972 3075 1026 suis
3108 986 3406 1041 prOpemo-

1818 1057 1945 1112 dum
1986 1059 2210 1113 mandat
2255 1062 2546 1131 discipulis
2575 1078 2748 1132 usque
2781 1062 2920 1117 adeo
2957 1078 3065 1118 non
3109 1079 3235 1119 esse
3287 1080 3407 1119 meo

1821 1153 2020 1206 tuenda
2054 1168 2152 1222 pro
2185 1154 2469 1210 salvandis
2506 1154 2824 1209 hominibus
2858 1156 3185 1219 certamina,
3231 1165 3290 1210 ut
3316 1157 3403 1213 vel

1817 1243 1993 1313 ipsam
2039 1246 2225 1301 carnis
2276 1255 2509 1300 mortem
2543 1256 2771 1303 strenue
2830 1256 2885 1302 et
2931 1247 3165 1319 impigre
3217 1250 3407 1304 subire

1815 1335 2208 1392 detrectemus.
2247 1336 2323 1389 Eo
2349 1339 2496 1391 enim
2540 1338 2849 1393 Salvatoris
2885 1342 3059 1394 nostri
3088 1340 3406 1393 dilectionis

1815 1425 1899 1480 vis
1950 1429 2220 1495 pervenit.
2272 1429 2383 1483 lloe
2434 1438 2620 1483 autem
2669 1432 2888 1493 dicere,
2942 1429 3095 1485 aliud
3133 1431 3268 1485 nihil
3321 1442 3406 1486 est

1816 1534 1979 1587 quam
2017 1519 2086 1573 ad
2134 1523 2617 1589 supernaturalent
2675 1531 2731 1576 et
2772 1523 3033 1577 eximiam
3085 1522 3254 1576 animi
3289 1524 3404 1575 vir-

1816 1619 1986 1665 tutem
2019 1626 2082 1664 ac
2137 1613 2441 1666 maximum
2502 1613 2735 1667 fratrum
2793 1628 3037 1667 amorem
3094 1612 3405 1683 discipulos

1815 1704 2087 1770 excitare,
2140 1703 2195 1757 in
2247 1705 2441 1774 eisque
2486 1721 2814 1776 generosum
2850 1720 2913 1758 ac
2954 1706 3103 1775 pium
3159 1708 3402 1759 animqu

121 1785 376 1855 Σωτῆρος
425 1786 585 1856 ἡμῶν
647 1788 870 1859 ἀγάπης
922 1791 956 1860 ἡ
1012 1790 1262 1859 δύναμις.
1318 1792 1390 1843 Τὸ
1439 1792 1496 1844 δὲ
1541 1792 1712 1845 ταῦτα

1816 1794 2043 1858 cudere,
2070 1803 2125 1849 et
2157 1795 2225 1848 ad
2298 1795 2570 1851 invictum
2629 1812 2692 1851 ac
2739 1794 3109 1863 insuperabile
3158 1795 3404 1849 studium

120 1878 305 1945 λέγειν
334 1880 523 1950 ἕτερον
575 1877 645 1952 ἦν
696 1882 933 1953 δρῶντος
977 1884 1168 1945 οὑδὲν,
1214 1884 1246 1955 ἢ
1295 1883 1712 1954 παραθήσοντος

120 1969 253 2042 [ιον.
285 1973 749 2047 παραθήγοντος]
793 1974 893 2046 μὲν
926 1978 1005 2040 είς
1052 1977 1312 2047 ὑπερφυᾶ
1341 1994 1399 2028 τε
1434 1977 1530 2030 καὶ
1574 1977 1714 2041 ἐξαί-

124 2080 283 2133 ρετον
339 2066 589 2137 ἀνδρείαν
644 2069 770 2132 τοὺς
832 2067 1118 2138 μαθητὰς.
1182 2069 1615 2132 διανιστάνοντος
1657 2068 1715 2121 δὲ

121 2158 244 2211 λίαν
274 2160 357 2221 είς
385 2160 765 2229 ἀκμαιοτάτην
799 2161 1174 2229 φιλαδελφίαν,
1216 2163 1311 2214 καὶ
1346 2161 1606 2232 φρόνημα
1650 2161 1713 2214 τὸ

123 2250 378 2302 νεανικὸν
415 2251 511 2303 καὶ
548 2252 799 2320 φιλόθεον
828 2251 1292 2322 ἐγχαλκεύοντος,
1332 2252 1426 2305 καὶ
1471 2254 1550 2315 είς
1580 2253 1716 2321 ἅμα·

123 2343 219 2411 χόν
247 2360 393 2406 τινα,
427 2344 522 2398 καὶ
556 2344 1000 2413 ἀκαταγὼνιστον
1045 2345 1352 2416 ἐγείροντος
1381 2344 1711 2416 προθυμίαν,

123 2438 205 2498 εἰς
232 2437 299 2489 τὸ
332 2437 512 2490 πάντα
542 2437 843 2509 κατορθοῦν
874 2438 1190 2505 ἐπείγεσθαι
1216 2438 1434 2509 γοργῶς
1458 2437 1530 2491 τὰ
1562 2437 1713 2508 αύτῷ

125 2529 545 2599 θυμηρέστατα.
580 2531 833 2585 Τοιοῦτον
867 2532 998 2601 ἡμῖν
1020 2531 1211 2585 ἑαυτὸν
1234 2530 1515 2583 ἐπεδείκνυ
1539 2529 1714 2598 λέγων

126 2621 155 2673 ὁ
187 2621 400 2684 Παῦλος
430 2637 445 2653 ·
485 2641 505 2674 ι
556 2623 710 2694 Ἐμοὶ
770 2623 881 2694 γὰρ
922 2624 982 2677 τὸ
1024 2626 1124 2695 ζῇν
1159 2626 1435 2699 Χριστὸς,
1498 2626 1593 2678 καὶ
1652 2626 1714 2678 τὸ

126 2712 425 2766 ἀποθανεῖν
468 2715 675 2783 κέρδος.
715 2734 734 2765 ›
770 2717 880 2768 Καὶ
930 2716 1093 2769 πάλιν
1119 2733 1131 2747 ·
1173 2737 1191 2769 ι
1240 2719 1304 2770 Ἥ
1359 2719 1470 2789 γάρ
1516 2717 1712 2786 ἀγάπη

126 2803 220 2856 τοῦ
249 2803 493 2874 Χριστοῦ
522 2805 739 2874 συνέχει
773 2807 924 2876 ἡμᾶς
967 2805 1260 2877 κρίναντας
1305 2806 1482 2868 τοῦτο,
1516 2807 1597 2861 ὅτι
1633 2801 1715 2869 εἷς

127 2896 273 2965 ὑπὲρ
301 2896 523 2948 πάντων
550 2897 825 2949 ἀπέθανεν
853 2914 864 2924 ·
894 2897 1001 2966 ἄρα
1036 2899 1086 2950 οἱ
1127 2900 1327 2961 πάντες
1364 2898 1655 2952 ἀπέθανον.
1688 2917 1706 2949 ι

126 2989 241 3041 Καὶ
276 2988 414 3060 πρὸς
442 2988 653 3053 τούτοις
692 2989 772 3044 ἔτι
799 3007 814 3020 ·
853 3011 869 3042 ι
916 2991 1012 3055 Τίς
1042 2993 1187 3063 ἡμᾶς
1226 2993 1452 3063 χωρίσει
1481 2991 1587 3045 ἀπὸ
1615 2991 1714 3060 τῆς

1817 1889 2051 1957 erigere,
2089 1888 2156 1943 ad
2192 1890 2380 1943 omnia
2421 1900 2673 1960 prompte
2719 1888 3026 1958 praestanda
3057 1903 3405 1958 quaecunque

1816 1982 1866 2035 ei
1900 1981 2235 2051 placuerint.
2272 1982 2459 2037 Talem
2507 1998 2567 2038 se
2622 1982 2786 2036 nobis
2829 1980 3036 2035 Paulus
3081 1981 3401 2043 exhibebat,

1815 2071 2006 2127 dicens
2038 2086 2053 2125 :
2104 2092 2122 2124 ι
2152 2072 2289 2127 Mihi
2322 2074 2469 2128 enim
2500 2074 2683 2128 vivere
2725 2072 2982 2127 Christus
3016 2082 3124 2135 est,
3159 2084 3216 2127 et
3262 2071 3403 2127 mor)

1817 2166 2035 2220 lucrum
2065 2166 2144 2233 ";
2186 2184 2205 2217 ›
2248 2174 2302 2221 et
2336 2181 2579 2223 rursus:
2634 2184 2653 2217 ι
2694 2165 2952 2222 Charitas
3003 2166 3151 2220 enim
3186 2163 3397 2217 Christi

1815 2265 1976 2327 urget
2005 2272 2129 2319 nos,
2159 2257 2501 2311 aestimantes
2542 2257 2672 2320 hoc,
2710 2257 2997 2327 quoniam,
3036 2256 3081 2310 si
3124 2270 3271 2309 unus
3302 2270 3404 2323 pro

1816 2348 2076 2402 omnibus
2107 2355 2365 2400 mortuus
2388 2354 2495 2412 est,
2525 2361 2660 2415 ergo
2688 2362 2881 2401 omnes
2908 2346 3111 2399 mortui
3138 2352 3269 2398 sunt
3294 2345 3396 2398 ⁸⁸.»

1816 2436 2083 2493 Praeterea
2121 2456 2135 2491 :
2185 2457 2202 2489 ι
2253 2436 2395 2503 Quis
2426 2453 2529 2493 nos
2565 2438 2846 2508 separabit
2873 2454 2901 2492 a
2935 2438 3212 2491 charitate
3239 2437 3403 2492 Ohri‘

1816 2530 1923 2584 sti?
1960 2528 2293 2595 Tribulatio,
2329 2544 2396 2583 an
2438 2531 2717 2599 angustia,
2752 2544 2819 2583 an
2858 2529 3104 2594 nuditas,
3150 2543 3217 2582 an
3251 2530 3400 2597 peri-

1815 2622 2039 2685 culum,
2092 2637 2160 2674 an
2208 2621 2427 2690 gladius
2472 2621 2558 2673 c°?
2603 2639 2622 2671 ›
2679 2621 2854 2675 Audis
2906 2636 3016 2690 quo
3071 2629 3233 2690 pacto
3268 2619 3401 2672 nihil

1815 2726 1912 2765 eos
1944 2725 1973 2763 a
2005 2710 2215 2766 Christi
2257 2710 2555 2763 dilectione
2578 2710 2756 2780 possit
2792 2709 3083 2778 seiungere
3110 2708 3137 2761 Ἰη
3163 2708 3316 2773 Quod
3353 2705 3401 2761 si

1818 2819 2014 2874 greges
2045 2814 2097 2858 et
2129 2818 2301 2874 agnos
2339 2803 2550 2858 Christi
2585 2817 2831 2871 pascere,
2868 2809 2953 2856 est
2984 2801 3163 2871 ipsum
3191 2813 3401 2861 amare,

1818 2898 2097 2967 quomodo
2126 2898 2643 2953 manifestissimum
2688 2912 2796 2950 non
2840 2898 2948 2949 erit
2980 2904 3158 2948 morte
3186 2900 3235 2947 et
3275 2908 3401 2962 per-

1819 2988 2205 3043 secutionibus
2241 2988 2585 3057 superiorem
2620 2986 2761 3050 fore,
2798 3000 2994 3039 omnes
3020 2983 3261 3052 denique
3291 2997 3405 3035 an-

126 3082 356 3149 ἀγάπης
399 3081 495 3136 τοῦ
547 3082 819 3154 Χριστοῦ;
871 3082 1104 3152 Θλίψις,
1163 3085 1195 3155 ἢ
1249 3085 1624 3155 στενοχωρία,
1674 3083 1705 3153 ἢ

1815 3080 2030 3149 gustins
2076 3095 2179 3149 pro
2218 3080 2395 3133 nihilo
2446 3079 2756 3133 habiturum
2796 3094 2921 3133 eum
2970 3077 3062 3147 qui
3102 3078 3403 3133 salutarem

126 3169 329 3241 )ιμὺς,
379 3171 414 3241 ἢ
470 3173 778 3243 γυμνότης,
832 3172 865 3244 ἢ
927 3173 1208 3237 κίνδυνος,
1269 3175 1302 3244 ἢ
1358 3176 1643 3246 μάχαιρα;
1689 3194 1706 3225 ›

140 3261 427 3327 Ἀκούεις,
480 3262 629 3325 ὅπως
676 3263 831 3315 οὐδὲν
876 3263 1012 3327 ὅλως
1064 3263 1207 3327 ’ἐξειν
1243 3264 1304 3316 τὸ
1354 3264 1713 3317 ἀντιστατοῦν

128 3351 572 3421 ιπαγγέλλεται,
632 3354 802 3425 ἤγουν
857 3354 1173 3408 διακόπτειν
1235 3355 1416 3426 ἰσχύον
1470 3357 1572 3424 τῆς
1630 3356 1712 3419 εἰς

129 3448 368 3516 Χριστὸν
412 3447 637 3517 ἀγάπης
683 3446 919 3512 αὑτούς;
974 3448 1036 3500 Εἰ
1084 3447 1141 3501 δὲ
1184 3446 1246 3500 τὸ
1302 3447 1613 3517 ποιμαίνειν
1646 3446 1714 3499 τὰ

131 3539 362 3609 ποίμνια
398 3540 496 3593 καὶ
554 3540 616 3592 τὸ
674 3540 894 3609 βόσκειν
959 3540 1027 3593 τὰ
1076 3540 1239 3611 ἀρνία
1296 3540 1392 3593 τοῦ
1450 3540 1713 3611 Χριστοῦ,

130 3632 290 3686 τοῦτο
317 3632 383 3686 ἀν
415 3632 501 3701 είη
540 3633 602 3685 τὸ
629 3634 850 3702 ἀγαπᾷν
894 3633 1077 3697 αὑτὸν,
1114 3632 1233 3695 πῶς
1262 3632 1362 3685 οὑκ
1396 3632 1551 3685 ἔσται
1586 3649 1716 3700 προ-

131 3725 448 3796 δηλότατον,
496 3726 579 3778 ὃτι
619 3726 713 3779 καὶ
750 3725 984 3780 θανάτου
1021 3726 1289 3797 κρείττων
1325 3726 1530 3791 ἔσεται,
1558 3726 1712 3795 φησὶ,

130 3818 389 3887 διωγμῶν
438 3834 499 3870 τε
547 3818 641 3871 καὶ
690 3819 966 3888 μαχαίρας
1028 3818 1310 3887 ἀμείνων,
1368 3818 1627 3888 ἀλογήσει
1659 3817 1715 3869 δὲ

131 3908 416 3969 παντελῶς
444 3908 538 3960 καὶ
568 3909 930 3977 στενοχωρίας
971 3908 999 3959 ὁ
1037 3908 1127 3959 τὸν
1163 3907 1431 3978 σωτήριον
1463 3912 1576 3970 τοῖς
1615 3908 1714 3961 οὑκ

130 3998 297 4051 εἰδόσι
335 3997 469 4050 Θεὸν
505 3997 887 4068 διακηρύττων
919 3998 1109 4063 ).όγον;
1146 3999 1208 4051 Εἰ
1246 3998 1302 4051 δὲ
1348 3997 1410 4066 δὴ
1449 3999 1714 4069 προσήκοι

128 4088 215 4143 διὰ
235 4090 336 4157 τὴν
360 4088 455 4140 τοῦ
491 4090 766 4159 νοήματος
810 4088 1120 4158 συστροφὴν
1142 4128 1155 4149 ,
1206 4089 1299 4141 τὸν
1340 4087 1434 4140 τοῦ
1466 4088 1717 4156 Σωτῆρος

132 4178 559 4247 συνενεγκόντας
606 4179 799 4247 λόγον,
858 4180 1401 4249 κεφαλαιωδέστερον
1455 4181 1632 4232 εἰπεῖν
1688 4177 1716 4230 ὃ

134 4270 383 4339 βούλεται
428 4271 560 4341 δρᾷν
599 4271 726 4332 τοὺς
760 4269 955 4322 ἐαυτοῦ
994 4269 1262 4339 μαθητὰς,
1299 4270 1625 4323 ἀοκνότατόν
1656 4286 1714 4321 τε

129 4362 225 4414 καὶ
253 4361 455 4423 παντὸς
485 4359 589 4425 ἔξω
629 4360 923 4429 δείματος,
962 4360 1053 4411 τὸν
1100 4362 1301 4413 οἰκεῖον
1347 4359 1714 4424 διασῴζοντας

1814 3171 2122 3226 doctrinam
2150 3170 2317 3226 Deum
2352 3172 2741 3241 ignorantibus
2762 3170 3061 3241 przedicat?
3083 3168 3135 3222 lu
3162 3184 3408 3232 summa,

1817 3262 2080 3318 Servator
2110 3263 2195 3317 his
2229 3264 2417 3318 verbis
2472 3279 2605 3318 suos
2643 3263 2951 3332 discipulos
2998 3261 3156 3329 jubet
3204 3260 3405 3314 incun-

1815 3365 2031 3411 ctanter
2064 3364 2119 3410 et
2171 3357 2445 3427 intrepide
2483 3356 2608 3410 fidei
2664 3355 2975 3410 doctrinam
3032 3354 3401 3416 sanctificare,

1814 3454 1869 3501 et
1900 3446 2159 3501 omnibus
2185 3461 2283 3515 per
2326 3446 2651 3501 universum
2685 3446 2876 3499 orbem
2917 3442 3241 3498 hominibus
3280 3457 3403 3496 ma-

1816 3537 2084 3592 nifestare
2147 3535 2531 3607 Evangelium.
2606 3535 2851 3604 ldipsum
2931 3542 3117 3588 autem
3174 3533 3250 3586 ait
3308 3547 3404 3602 per

1819 3630 1973 3684 Isaiae
2011 3644 2198 3683 vocem
2232 3647 2243 3681 :
2284 3648 2300 3679 ι
2341 3627 2520 3697 Super
2555 3638 2798 3681 montem
2825 3628 3107 3682 excelsum
3138 3624 3399 3685 ascende,

1816 3723 1909 3791 qui
1950 3720 2297 3791 evangelizas
2331 3720 2498 3787 Sion;
2531 3721 2711 3773 exalta
2749 3720 2804 3772 in
2852 3717 3178 3772 fortitudine
3212 3732 3402 3770 vocent

1818 3823 1992 3878 tuam,
2030 3814 2124 3880 qui
2154 3812 2513 3882 evangelizas
2552 3811 2859 3866 Jerusalem
2889 3828 2904 3876 ;
2937 3811 3197 3873 exaltatc,
3235 3808 3405 3863 nolite

1818 3906 2103 3961 timere“.
2130 3924 2147 3957 ι
2171 3904 2330 3970 Quod
2361 3914 2419 3958 nt
2448 3903 2631 3959 facere
2659 3912 2887 3974 possent
2920 3903 3095 3958 sancti
3117 3902 3400 3971 discipuli,

1818 3999 2164 4054 inveniemus
2212 4013 2310 4053 eos
2365 3997 2852 4051 vehementissima
2907 3996 3162 4050 oratione
3208 4010 3238 4047 a
3289 3992 3404 4048 Deo

1818 4101 2023 4162 petere,
2076 4105 2200 4144 cum
2242 4088 2556 4144 Judaeorum
2616 4089 2859 4142 furorem
2913 4096 2968 4141 et
3020 4086 3402 4155 intemperiem

1818 4188 2148 4236 accusantes
2179 4180 2444 4234 dicebant
2482 4198 2495 4234 :
2531 4198 2552 4229 ι
2584 4177 2648 4231 Ει
2681 4194 2850 4242 nunc,
2893 4177 3146 4238 Domine,
3189 4176 3403 4245 respice

1819 4272 1872 4324 in
1908 4272 2085 4325 minas
2110 4286 2326 4330 eorum,
2351 4279 2406 4323 et
2431 4271 2498 4323 da
2537 4270 2715 4323 servis
2743 4268 2854 4322 tuis
2883 4282 3009 4321 cunt
3048 4267 3220 4337 888
3251 4266 3401 4319 omni

1819 4362 2016 4417 fiducia
2051 4362 2202 4431 loqui
2234 4361 2463 4415 verbum
2495 4370 2649 4414 tuum
2678 4359 2746 4411 ".
2788 4378 2806 4410 ι
2854 4356 3014 4412 Multi
3060 4358 3207 4410 enim
3239 4371 3402 4424 pror-

127 4452 278 4512 νοῦν,
304 4453 396 4505 τὸν
422 4452 520 4521 τῆς
546 4454 625 4514 είς
654 4451 817 4505 αὑτὸν
844 4452 1079 4514 πίστεως
1110 4452 1465 4523 ίερουργῆσαι
1500 4452 1711 4505 κελεύει

1818 4472 1915 4510 sus
1967 4454 2336 4509 adversantur
2384 4452 2454 4507 iis
2507 4452 2600 4522 qui
2647 4452 2998 4507 sanctificant
3037 4449 3399 4520 Evangeliutn

128 4543 309 4611 λόγον,
341 4542 570 4606 καὶτοῖς
599 4544 700 4595 ἀνά
739 4544 920 4596 πᾶσαν
968 4543 1066 4613 τὴν
1107 4544 1435 4613 οἰκουμένην
1465 4543 1711 4614 ἐμφανὲς

129 4635 473 4701 καταστῆσαι
515 4635 575 4686 τὸ
618 4634 969 4702 Εὑαγγέλιον.
1017 4633 1159 4686 Αὐτὸ
1184 4632 1238 4684 δὲ
1270 4632 1461 4694 τοῦτο,
1502 4633 1597 4686 καὶ
1625 4633 1713 4687 διὰ

128 4730 315 4796 φωνῆς
354 4727 579 4779 Ἠσαίου
609 4726 806 4795 φησίν·
836 4746 854 4777 ι
908 4728 1023 4779 Ἐπ’
1047 4725 1174 4795 ὅρος
1217 4725 1420 4795 ὑψηλὸν
1454 4725 1709 4796 ἀνάϐηθι,

125 4818 156 4871 ὁ
183 4814 673 4885 εὐαγγελιζόμενος
701 4814 839 4867 Σιών
859 4831 873 4845 ·
922 4814 1139 4884 ὑψωσον
1170 4818 1237 4886 τῇ
1283 4816 1427 4886 ἰσχύϊ
1458 4816 1557 4887 τὴν
1601 4835 1714 4885 φω-

125 4908 225 4978 νήν
268 4924 385 4967 σου,
412 4909 439 4959 ὁ
467 4905 956 4975 εὐαγγελιζόμενος
990 4906 1350 4977 Ἰερουσαλήμ
1373 4923 1385 4935 ³
1423 4907 1705 4978 ἰσχύσατε,

130 4998 204 5069 μὴ
234 4998 509 5067 φοϐεῖσθε.
562 5018 579 5049 ι
623 5000 689 5051 Ὃ
737 4999 830 5052 καὶ
863 4998 1119 5052 δύνασθαι
1160 5000 1509 5063 ἐξαιτοῦντας
1561 5001 1712 5072 παρὰ

86 5092 265 5151 ἰθεοῦ
311 5091 614 5162 κατορθοῦν
652 5092 718 5145 δι’
767 5094 1161 5160 ὲκτενεστάτης
1217 5095 1567 5165 προσευχῆς,
1617 5096 1712 5148 καὶ

123 5184 325 5247 αὑτοὺς
379 5184 686 5254 εὑρήσομεν
742 5186 869 5247 τοὺς
906 5185 1094 5252 ἁγίους
1142 5184 1420 5255 μαθητὰς,
1470 5186 1559 5238 ὅτε
1611 5186 1710 5254 τῆς

136 5276 408 5330 Ἰουδαίων
426 5275 859 5344 κατηγοροῦντες
878 5276 1138 5340 ἀπονοίας
1164 5276 1421 5344 ἕφασκοψ
1454 5296 1471 5327 ι
1501 5276 1611 5329 Καὶ
1636 5278 1706 5331 τὰ

123 5365 239 5425 νῦν.
272 5365 449 5435 Κύριε
470 5406 484 5428 ,
519 5364 667 5419 ἔπιδε
717 5366 808 5417 ἐπὶ
853 5365 950 5428 τὰς
979 5364 1211 5427 ἀπειλὰς
1247 5364 1449 5423 αὑτῶν,
1494 5366 1586 5418 καὶ
1619 5365 1706 5429 δὸς

124 5462 236 5521 τοῖς
262 5458 472 5520 δούλοις
516 5475 609 5510 σου
648 5458 782 5526 μετὰ
824 5459 1140 5529 παρρησίας
1186 5457 1371 5511 λαλεῖν
1416 5456 1506 5509 τὸν
1546 5458 1703 5526 λόγον

122 5566 239 5602 σου.
282 5568 299 5600 ι
343 5548 825 5620 Ὀμολογουμένως
858 5548 954 5618 μὲν
992 5547 1102 5617 γάρ
1126 5549 1235 5610 τοῖς
1266 5548 1616 5618 ἱερουργοῦσι
1646 5548 1703 5602 τὸ

195 5664 243 5696 ⁸⁸
266 5663 502 5732 Philipp.
539 5679 578 5723 ι,
614 5662 701 5717 2|.
798 5662 843 5694 ⁸³
868 5660 904 5713 ll
938 5662 1063 5718 Cor.
1102 5679 1150 5729 γ,
1200 5661 1280 5716 Η.

128 5735 187 5801 2,
214 5735 267 5789 5.
370 5735 412 5765 ⁸³
442 5734 641 5804 Ephcs.
678 5750 736 5802 ιι,
776 5734 859 5787 l2.

1372 5664 1413 5695 ⁸ο
1442 5662 1600 5719 Rern.
1640 5682 1759 5737 rm,
1800 5671 1883 5726 55.

1810 4546 2054 4610 Christi,
2105 4545 2377 4614 multique
2432 4546 2811 4613 obstrepunt:
2874 4541 2972 4597 sed
3033 4543 3163 4597 licet
3218 4542 3403 4612 gravis

1812 4647 1994 4692 metus
2030 4638 2273 4707 ingruat,
2313 4646 2369 4690 et
2404 4636 2737 4690 insidiarum
2784 4634 3265 4689 vehementissimi
3299 4634 3400 4688 flu-

1810 4733 1938 4778 ctus
1975 4725 2295 4794 insurgant,
2327 4724 2598 4794 supplicia
2639 4731 2827 4778 tamen
2858 4739 2969 4778 non
3011 4722 3405 4779 detrectabunt

1811 4810 1939 4870 vere
1978 4814 2275 4884 discipuli,
2327 4815 2506 4870 donec
2553 4814 2620 4869 ad
2661 4816 2871 4870 exitum
2919 4816 3239 4886 dilectionis
3284 4834 3400 4873 sua:

1807 4923 1974 4977 opera
2033 4906 2425 4976 perduxerint,
2493 4906 2850 4972 dilectionis,
2920 4906 3171 4977 inquam,
3229 4909 3397 4973 talis,

1809 5000 2030 5071 qualem
2067 4999 2229 5055 nobis
2258 4998 2517 5053 Servator
2550 4998 2821 5064 exhibuit,
2854 5000 2946 5069 qui
2982 4999 3102 5055 loco
3126 5000 3399 5070 propositi

1810 5094 1915 5155 sibi
1961 5092 2149 5161 gaudii
2203 5106 2427 5146 crucem
2474 5091 2763 5156 sustinuit,
2807 5091 3112 5161 ignominia
3144 5102 3396 5147 contem-

1812 5194 1924 5251 pta,
1958 5192 2013 5236 ut
2061 5182 2451 5253 peccatoribus
2505 5184 2744 5239 salutem
2797 5184 3090 5255 perficeret
3122 5185 3188 5239 ⁸³.
3218 5185 3396 5252 lQuod

1814 5282 1859 5335 si
1888 5295 1989 5350 pro
2029 5279 2192 5335 nobis
2220 5280 2329 5349 pati
2361 5280 2654 5345 noluisset,
2682 5279 2885 5334 mortui
2921 5279 3100 5334 adhuc
3119 5294 3390 5337 essemus.

1814 5371 2019 5427 diaboli
2075 5370 2301 5435 famuli,
2346 5372 2502 5427 stulti
2549 5387 2614 5427 ac
2648 5373 2804 5438 caeci,
2849 5381 3017 5442 atque
3060 5372 3209 5426 omni
3244 5370 3395 5426 bono

1814 5463 2101 5527 destituti,
2133 5463 2283 5518 servi
2330 5463 2629 5533 voluptatis
2662 5472 2716 5518 et
2766 5463 3021 5533 peccati,
3072 5476 3226 5530 spem
3282 5476 3390 5515 non

1816 5556 2101 5621 habentes,
2140 5564 2193 5610 et
2234 5556 2352 5611 sine
2388 5556 2496 5611 Deo
2532 5556 2586 5609 in
2622 5556 2725 5610 hoc
2755 5554 2962 5609 mundo
3004 5554 3068 5606 "‘.
3099 5550 3255 5606 Nunc
3292 5567 3387 5605 au-

1983 5671 2022 5701 “
2049 5668 2131 5724 lsa
2185 5685 2275 5736 XL,
2309 5669 2362 5724 9.
2482 5671 2524 5702 ε’
2559 5670 2679 5724 Act.
2714 5685 2787 5736 tv,
2816 5668 2906 5724 ‘29.
3014 5670 3061 5701 ⁸³
3086 5666 3252 5725 llehr.
3288 5678 3390 5733 ιιι,
