3868 6200
427 278 537 335 583

1478 274 1535 330 S.
1564 273 1843 332 CYRILLI
1881 275 2355 334 ALEXANDRINI
2396 276 2721 339 ARCillEP.

3596 289 3701 344 εει

432 403 541 450 tem
573 394 738 449 etiam
769 394 942 464 ipsam
990 407 1090 463 pro
1122 393 1282 449 nobis
1313 395 1551 449 animam
1597 411 1699 465 pro
1744 411 1845 451 sua
1883 410 2013 466 erga

2142 400 2456 467 Ξύαγγέλιον
2496 400 2591 454 τοῦ
2629 401 2901 472 Χριστοῦ,
2948 401 3131 455 πολλοὶ
3181 403 3300 456 λίαν
3352 402 3401 457 oi
3445 402 3700 459 ἀνθιστά-

431 504 538 544 nos
570 488 872 543 dilectione
898 488 1163 541 Servator
1196 488 1403 557 posuit,
1445 494 1499 543 et
1526 487 2015 557 incomparabilem

430 580 726 649 quamdam
781 580 1086 635 bonitatem
1136 595 1264 650 erga
1332 595 1433 635 nos
1478 581 1785 642 exhibens.
1827 582 2019 637 beatos

436 674 689 737 reddidit,
724 690 788 729 ac
818 684 902 729 ter
938 675 1147 737 felices,
1178 676 1385 730 nullius
1412 676 1575 745 plane
1602 676 1731 730 boni
1772 676 2013 748 indiges.

433 766 642 821 'l‘estus
667 769 850 835 itaque
879 768 1150 835 propositi
1180 782 1381 822 sensus
1414 767 1574 837 juxta
1606 770 1752 823 hunc
1788 783 2016 839 scopum

433 858 638 913 divinis
679 858 1081 928 discipulorum
1131 858 1409 928 capitibus
1453 860 1732 914 convenit.
1779 859 1937 925 Quod
1972 860 2018 915 si

436 949 499 1000 azl
529 950 669 1003 alios
699 964 891 1004 omnes
918 951 1125 1003 dictum
1154 948 1288 1003 illud
1328 951 1682 1012 extendatur.
1711 952 1972 1006 nimirum
2003 972 2016 1007 :

442 1062 460 1093 ι
504 1042 616 1097 lloc
646 1051 731 1098 est
770 1052 1100 1113 praeceptum
1131 1058 1312 1097 meum
1344 1052 1405 1097 ut
1451 1043 1699 1113 diligatis
1736 1045 1973 1101 invicem
1997 1087 2012 1109 ,

438 1138 581 1189 sicut
619 1137 781 1191 dilexi
819 1151 918 1190 vos
957 1136 1039 1201 “,
1091 1153 1110 1188 ι
1169 1136 1402 1189 multttm
1455 1137 1711 1191 utilitatis
1763 1138 2020 1192 omnibus

435 1228 719 1295 continget
751 1240 817 1280 es
858 1226 1008 1279 illius
1046 1224 1324 1294 indagine.
1360 1223 1495 1278 Nam
1539 1227 1587 1280 si
1619 1228 1867 1281 omnium
1896 1227 2022 1280 Sal-

437 1318 645 1373 vatoris
680 1318 851 1371 nostri
884 1316 1271 1371 mandatorum
1314 1319 1847 1373 consummationem
1881 1334 2021 1373 con-

438 1414 577 1464 tinet
614 1423 679 1465 ac
710 1419 976 1481 operatur
1020 1409 1255 1464 fratrum
1301 1409 1549 1475 dilectio,
1599 1413 1881 1483 quomodo
1912 1428 2021 1468 non

439 1500 595 1555 valde
624 1501 909 1556 mirandus
939 1510 1026 1556 est
1072 1503 1167 1568 qui
1210 1502 1349 1557 hanc
1379 1503 1595 1557 sincere
1638 1512 1692 1557 et
1743 1504 2025 1574 inculpate

439 1594 593 1659 colit,
622 1608 745 1647 cum
774 1594 1039 1655 omnium,
1067 1600 1127 1645 ut
1155 1593 1324 1647 semel
1346 1594 1546 1657 dit-am,
1569 1595 1834 1649 virtutum
1859 1603 2026 1666 eaput

441 1685 497 1739 in
532 1699 596 1739 ea
630 1685 1020 1740 contineatur?
1058 1685 1311 1740 Secunda
1352 1686 1499 1741 enim
1533 1696 1619 1742 est
1654 1698 1781 1759 post
1817 1687 1909 1744 Dei
1943 1689 2026 1743 di-

2125 507 2309 561 μενοι,
2360 494 2457 545 καὶ
2514 494 2795 557 δυσσεϐῶς
2862 493 3271 565 ἐπιτρίζοντεςθ
3326 495 3443 549 ἀλλ’
3498 498 3548 550 εί
3602 500 3697 551 καὶ

2120 583 2315 653 δριμὺς
2346 586 2375 637 ό
2405 585 2600 654 φόϐος,
2634 587 2729 639 καὶ
2760 585 3042 640 δεινότατα
3076 586 3147 639 τὰ
3182 587 3247 640 ἐκ
3276 586 3375 657 τῆς
3407 587 3702 658 ἐπιϐουλῆς

2119 676 2457 731 διανίσταται
2487 677 2730 749 κύματα,
2766 679 2926 747 λόγος
2955 678 3048 732 τοῦ
3080 679 3275 732 παθεῖν
3315 680 3518 746 οὐδεὶς,
3553 682 3703 750 παρά

2122 783 2185 832 γε
2228 770 2342 830 τοῖς
2380 768 2596 837 ἀληθῶς
2632 770 2902 839 μαθηταῖς
2925 813 2939 837 ,
2995 770 3106 823 ἐστ’
3134 770 3200 823 ἂν
3230 770 3314 842 εἴη
3360 770 3497 842 πρὸς
3543 770 3702 842 ἔργον

2123 860 2309 924 αὐτοῖς
2343 861 2414 914 τὰ
2458 864 2523 914 ἐκ
2551 863 2650 931 τῆς
2686 862 2908 933 ἀγάπης
2936 863 3357 934 κατορθώματα,
3394 865 3615 934 ἀγάπης
3642 864 3700 916 δέ

2124 970 2267 1022 φημι
2296 953 2396 1023 τῆς
2428 952 2717 1026 τοιαύτης,
2770 956 2961 1009 ὁποίαν
3010 956 3148 1027 πρὸς
3190 958 3338 1027 ἡμᾶς
3368 955 3651 1021 ὑπέδειξεν
3675 957 3705 1008 6

2124 1045 2349 1115 Σωτὴρ,
2392 1044 2453 1108 ὃς
2494 1046 2615 1099 ἀντὶ
2658 1047 2757 1117 τῆς
2790 1047 3160 1117 προκειμένης
3196 1047 3344 1117 αὐτῷ
3394 1049 3571 1118 χαρᾶς
3600 1047 3706 1098 ὐπ-

2124 1136 2311 1207 ἐμεινε
2340 1137 2575 1208 σταυρὸν
2594 1178 2609 1202 ,
2638 1139 2903 1207 αἰσχύνης
2951 1140 3375 1209 καταφρονήσας
3397 1180 3412 1204 ,
3458 1138 3549 1191 ἵνα
3593 1140 3706 1200 τοῖς

2125 1226 2473 1297 ἡμαρτηκόσι
2522 1225 2847 1299 κατορθώσῃ
2895 1226 2995 1297 τὴν
3054 1226 3349 1297 σωτηρίαν.
3405 1225 3468 1277 El
3516 1225 3577 1276 δέ
3630 1223 3706 1293 μὴ

2126 1318 2323 1372 παθεῖν
2364 1317 2631 1388 ἠθέλησεν
2680 1318 2823 1390 ὑπὲρ
2869 1317 3051 1388 ἡμῶν,
3086 1313 3229 1387 ἦμεν
3266 1316 3333 1370 ἂν
3362 1316 3442 1368 ἐτι
3496 1314 3706 1385 νεκροὶ,

2125 1410 2334 1464 οἰκέται
2370 1408 2619 1464 διαϐόλου
2643 1451 2659 1477 ,
2715 1410 2929 1482 μωροὶ,
2979 1410 3075 1464 καὶ
3104 1408 3327 1478 τυφλοὶ,
3365 1409 3461 1463 καὶ
3504 1406 3708 1469 παντὸς

2130 1504 2384 1573 μένοντες
2407 1502 2637 1567 ἐπιδεεῖς
2658 1502 2890 1571 ἀγαθοῦ,
2913 1502 3109 1572 ἡδονῆς
3134 1501 3191 1554 δὲ
3214 1500 3392 1555 δοῦλοι
3411 1501 3507 1555 καὶ
3532 1502 3711 1570 ἁμαρ·

2127 1595 2269 1658 τίας,
2298 1594 2488 1648 ἐλπίδα
2522 1595 2597 1666 μὴ
2625 1593 2864 1664 ἔχοντες,
2906 1594 3003 1647 καὶ
3050 1592 3201 1646 ἀθεοι
3251 1594 3309 1645 ἐν
3358 1590 3435 1663 τῷ
3487 1592 3704 1660 κόσμῳ.

2130 1684 2268 1737 Νυνὶ
2295 1684 2353 1737 δέ
2384 1686 2475 1738 καὶ
2508 1685 2678 1755 αὐτὴν
2714 1684 2855 1755 ὐπέρ
2886 1682 3046 1756 ἡμῶν
3070 1683 3285 1737 τέθεικε
3310 1681 3410 1753 τὴν
3437 1681 3619 1752 ψυχὴν
3647 1679 3708 1743 ἐξ

442 1774 757 1834 lectionem.
782 1776 835 1828 in
870 1774 1071 1829 fratres
1102 1776 1369 1839 charitas,
1401 1784 1455 1830 et
1484 1756 1670 1832 omnis
1696 1793 1823 1848 erga
1852 1777 2018 1833 Deum

2142 1776 2350 1846 ὶγάπης
2371 1775 2470 1844 τῆς
2494 1777 2572 1838 είς
2609 1776 2762 1845 ἡμᾶς
2794 1778 2822 1828 6
2847 1776 3061 1847 Σωτὴρ.
3088 1775 3180 1829 καὶ
3222 1774 3556 1845 ἀσύγκριτον
3584 1790 3709 1825 τινα

442 1867 663 1934 pietatis
698 1869 778 1922 vis
819 1867 921 1921 hoc
963 1882 1071 1921 uno
1101 1868 1271 1921 verbo
1315 1868 1729 1939 quodammodo
1769 1886 2021 1940 compre-

442 1956 747 2013 henditur:
786 1976 805 2010 ι
860 1956 1065 2028 Diliges
1121 1958 1435 2027 proximum
1489 1966 1647 2013 tuum
1696 1960 1843 2015 sicut
1878 1961 2020 2031 teip-

441 2063 564 2104 sum
589 2050 653 2104 “.
695 2066 714 2100 ο

2127 1870 2228 1939 τὴν
2286 1868 2698 1941 φιλανθρωπίαν
2758 1868 3195 1939 ἐπιδειξάμενος,
3271 1866 3547 1938 ζηλωτοὺς
3604 1866 3711 1918 ἀπ-

2131 1963 2319 2033 έφηνε,
2348 1963 2440 2015 καὶ
2466 1962 2920 2033 τρισμακαρίους,
2967 1961 3180 2025 οὐδενὸς
3206 1962 3269 2013 τὸ
3309 1960 3572 2030 παράπαν
3598 1956 3709 2009 τῶν

2134 2053 2359 2121 ἀγαθῶν
2394 2053 2648 2117 ἐπιδεεῖς.
2690 2052 2950 2124 Ἀρμόσει
2988 2054 3086 2123 μὲν
3127 2048 3221 2107 οὖν
3265 2051 3376 2106 τῶν
3413 2048 3714 2119 προκειμέ-

442 2143 607 2212 νωνή
640 2141 892 2213 δύναμις,
921 2140 1061 2195 κατά
1090 2139 1281 2194 τοῦτον
1319 2134 1474 2211 οἶμαι
1523 2140 1615 2194 τὸν
1660 2142 1862 2195 σκοπὸν
1908 2145 2029 2207 ταῖς
2062 2141 2447 2207 θεοπνεύστοις
2479 2144 2588 2198 τῶν
2638 2144 2899 2216 μαθητῶν
2935 2144 3218 2213 κεφαλαῖς.
3263 2142 3327 2196 Εἰ
3367 2140 3423 2194 δέ
3488 2138 3554 2211 δὴ
3619 2135 3715 2192 καὶ

442 2237 522 2297 είς
552 2234 794 2295 ἅπαντας
832 2232 962 2297 ἐξίοι
1000 2232 1061 2285 τὸ
1094 2232 1404 2302 εἰρημένον,
1442 2229 1587 2285 τοῦτ’
1610 2230 1777 2298 ἔστιν,
1816 2249 1834 2281 s
1867 2231 2016 2302 Λῦτη
2056 2232 2205 2285 ἐστὶν
2232 2232 2265 2303 ἡ
2291 2232 2477 2304 ἐντολὴ
2508 2236 2541 2304 ἡ
2573 2235 2701 2305 ἐμὴ,
2739 2235 2826 2288 ἵνα
2884 2234 3137 2300 ἀγαπᾶτε
3204 2230 3492 2302 ἀλλήλους,
3532 2225 3717 2286 καθὼς

441 2325 704 2397 ἠγάπησα
734 2326 914 2398 ὑμᾶς’
948 2344 965 2375 ι
1004 2324 1140 2377 πολύ
1213 2342 1266 2377 τι
1308 2326 1423 2387 τοῖς
1474 2324 1619 2386 ὅλοις
1663 2323 1943 2386 λυσιτελὲς
2012 2322 2101 2377 διά
2138 2324 2237 2393 τῆς
2270 2327 2503 2397 ἐρεύνης
2545 2328 2881 2397 είσϐήσεται.
2928 2328 2992 2380 Εἰ
3045 2325 3153 2397 γὰρ
3203 2322 3425 2391 ἀπάσης
3469 2320 3572 2389 τῆς
3620 2315 3749 2370 τοῦ.

443 2423 694 2493 Σωτῆρος
732 2421 888 2493 ἡμῶν
934 2420 1157 2489 ἐντολῆς
1184 2418 1283 2491 τὴν
1313 2419 1615 2492 πλήρωσιν,
1651 2420 1683 2490 ἡ
1739 2420 1820 2482 είς
1863 2420 2129 2489 ἀδελφοὺς
2154 2421 2347 2490 ἀγάπη
2374 2425 2534 2492 τηρεῖ
2600 2424 2693 2477 καὶ
2734 2423 3049 2494 ἐργάζεται,
3120 2419 3238 2483 πῶς
3293 2420 3354 2473 οὐ
3412 2415 3532 2468 λίαν
3567 2412 3717 2475 ἀξιο-

444 2515 759 2584 θαύμαστος
787 2517 814 2565 6
840 2512 1045 2583 ταύτην
1089 2512 1172 2565 ὅτι
1238 2510 1475 2580 μάλιστα
1545 2510 1850 2582 κατορθοῦν
1896 2511 2223 2583 ἐπιχειρῶν,
2264 2513 2629 2585 ἀλοιδορήτως
2690 2532 2750 2567 τε
2794 2515 2888 2567 καὶ⁵
2928 2513 3291 2575 ἀνυπαιτίως,
3360 2510 3449 2562 ὅτε
3505 2504 3719 2566 πασῶν,

443 2609 518 2670 (is;
548 2607 677 2670 ἔπος
703 2607 909 2665 εἰπεῖν,
944 2603 1053 2657 τῶν
1096 2602 1309 2673 ἀρετῶν
1355 2604 1709 2656 ἐναπόκειται
1762 2604 1821 2657 τὸ
1855 2604 2193 2669 κεφάλαιον;
2263 2607 2506 2678 Δευτέρα
2560 2607 2669 2679 γὰρ
2713 2607 2816 2676 τῆς
2864 2608 2945 2670 εἰς
2985 2607 3118 2660 Θεὸν
3193 2604 3455 2673 ἀγάπης,
3535 2602 3571 2670 ἡ
3640 2601 3720 2659 είς

446 2698 709 2769 ἀλλήλους
766 2697 901 2757 ἐστί,
953 2692 1047 2745 καὶ
1092 2694 1242 2750 πᾶσα
1286 2693 1389 2763 τῆς
1442 2695 1523 2756 είς
1566 2693 1698 2746 Θεὸν
1738 2693 2021 2758 εὐσεϐείας
2053 2696 2087 2765 η
2122 2694 2353 2767 δύναμις
2381 2695 2457 2759 ὡς
2496 2697 2556 2748 ἐν
2599 2696 2680 2749 ἐνὶ
2723 2695 2899 2766 τούτῳ
2954 2692 3390 2765 συμπεραιοῦται
3427 2690 3610 2759 λόγῳ,
3664 2689 3721 2739 ἐν

446 2792 545 2863 τῷ,
583 2811 599 2842 ι
626 2793 952 2861 Ἀγαπήσεις
983 2793 1074 2844 τὸν
1104 2790 1328 2861 πλησίον
1357 2807 1473 2855 σου,
1505 2790 1580 2853 ὡς
1605 2790 1818 2844 ἑαυτόν.
1860 2810 1879 2842 ι

522 2883 639 2947 XV,
684 2885 781 2946 Η,
828 2884 911 2936 l5.
976 2881 1077 2935 Vos
1126 2882 1287 2935 amici
1337 2882 1439 2935 mei
1488 2884 1653 2944 estis,
1697 2882 1743 2934 si
1799 2882 2031 2951 feceritis

2222 2877 2410 2948 Ὑμεῖς
2447 2877 2615 2946 φίλοι
2637 2876 2757 2945 μού
2809 2876 2989 2940 ἐστε,
3036 2874 3150 2928 ἐὰν
3196 2875 3408 2942 ποιῆτε
3448 2876 3570 2930 ὅσα
3604 2878 3722 2945 ἐγὼ

447 2994 566 3048 qua:
586 2994 680 3047 rgo
706 2978 954 3046 pra'cipio
988 2976 1151 3031 vobis.
1187 2976 1313 3029 lam
1346 2991 1450 3029 non
1479 2974 1656 3028 dicam
1700 2992 1788 3031 eos
1815 2994 1993 3031 servos
2013 3017 2029 3040 ,

2142 2970 2495 3039 ἐντέλλομαι
2534 2968 2699 3038 ὑμῖν.
2750 2968 2961 3021 Οὐκέτι
3010 2968 3165 3038 λέγω
3213 2967 3370 3036 ὑμᾶς
3428 2968 3719 3036 δούλους.

448 3072 576 3139 quia
620 3085 800 3124 servus
853 3070 1016 3122 nescit
1066 3067 1192 3137 quid
1243 3067 1409 3137 faciat
1443 3066 1690 3121 dominus
1743 3068 1906 3137 ejus:
1942 3085 2031 3125 vos

2142 3060 2229 3114 ὄτι
2259 3065 2291 3114 ό
2334 3060 2558 3126 δοῦλος
2598 3062 2711 3114 οὐκ
2742 3056 2865 3114 οἶδε
2896 3060 2954 3114 τί
2986 3059 3147 3114 ποιεῖ
3173 3060 3362 3114 αὐτοῦ
3403 3064 3437 3114 ό
3476 3064 3684 3129 κύριος
3704 3080 3722 3094 ο

449 3176 629 3219 autem
661 3163 776 3216 dixi
808 3164 1029 3222 amicos.
1064 3162 1189 3231 quia
1224 3161 1403 3215 omnia
1449 3176 1769 3232 quwcunque
1792 3159 1973 3216 audivi
2001 3177 2037 3215 α

2142 3151 2295 3222 ὑμᾶς
2341 3152 2410 3206 δὲ
2455 3154 2673 3222 εἴρηκα
2723 3155 2978 3223 φίλους,
3028 3152 3117 3206 ὅτι
3149 3152 3347 3205 πάντα
3402 3150 3441 3205 ἃ
3480 3152 3727 3219 ἤκουσα

464 3253 618 3310 Patre
652 3270 761 3307 meo
794 3264 919 3306 nota
951 3252 1051 3322 feci
1085 3250 1249 3306 vobis.

2142 3244 2299 3314 παρὰ
2330 3244 2438 3299 τοῦ
2468 3247 2699 3313 Πατρός
2722 3263 2842 3315 μου
2884 3244 3179 3315 ἐγνώρισα
3204 3243 3367 3312 ὑμῖν.

524 3346 794 3418 Opposuit
841 3360 1037 3401 rursus
1081 3344 1365 3401 eventuris
1418 3344 1720 3415 aliquando
1775 3359 1839 3399 ex
1899 3344 2031 3400 obe-

2224 3335 2508 3402 Ἀντέταξε
2557 3337 2717 3391 πάλιν
2756 3338 2868 3400 τοῖς
2907 3338 2972 3389 ὲκ
3017 3336 3117 3405 τῆς
3162 3335 3412 3405 ὑπακοῆς
3454 3337 3553 3388 καὶ
3610 3335 3729 3404 φιλ-

455 3442 661 3499 .1ientia
693 3449 748 3497 et
794 3440 1011 3495 virtutis
1060 3439 1243 3494 studio
1290 3440 1556 3510 periculis
1605 3454 1670 3493 ac
1725 3440 2037 3493 terroribus

2142 3434 2337 3502 αρέτου
2364 3432 2592 3501 γνώμης
2637 3430 2919 3501 ἐσομένοις
2948 3428 3059 3482 ἔσθ’
3087 3430 3176 3483 ὅτε
3214 3429 3462 3499 δείμασι,
3501 3428 3605 3498 τῆς
3648 3430 3730 3491 εἰς

454 3535 671 3590 li-crnm
708 3532 856 3603 quod
892 3547 957 3588 ex
988 3545 1173 3586 amore
1216 3546 1346 3599 erga
1400 3548 1460 3587 se
1495 3531 1832 3601 reportaturi
1884 3540 2037 3593 sunt,

459 3640 509 3682 .tt
549 3626 750 3697 gaudio
786 3624 914 3680 inde
940 3630 1209 3694 concepto
1238 3632 1293 3678 et
1330 3624 1383 3677 in
1419 3623 1601 3692 majus
1650 3622 2038 3693 progrediendi

457 3719 780 3789 .mpiditate,
827 3732 1021 3773 eorum
1054 3717 1467 3785 abstergeretur
1506 3717 1781 3780 molestia,
1808 3727 1861 3769 et
1894 3715 2040 3785 quod

458 3827 624 3879 grave
682 3807 1015 3880 quandoque
1060 3808 1281 3862 videtur
1342 3808 1395 3861 in
1456 3806 1691 3862 nihilum
1747 3806 2041 3861 recideret.

461 3903 647 3960 Dulcis
677 3904 822 3957 enim
871 3909 984 3955 tum
1027 3900 1183 3955 labor
1220 3907 1306 3955 est
1346 3898 1518 3955 Deum
1561 3898 1880 3952 amantibus
1915 3914 2042 3953 cum

463 3993 709 4062 proxima
759 3997 814 4047 et
853 3991 1081 4060 capiosa
1135 3998 1220 4045 est
1274 4005 1509 4045 merces.
1554 3989 1625 4043 At
1666 3988 1799 4059 quid
1840 3989 2041 4058 majus,

464 4094 559 4141 aut
597 4084 871 4140 illustrius
900 4083 1069 4155 889
1100 4083 1210 4137 dici
1242 4090 1429 4153 potest
1452 4098 1615 4154 quam
1648 4081 1861 4137 Christi
1906 4082 2046 4136 ami-

466 4193 589 4231 eum
622 4185 829 4232 etesse
872 4185 927 4230 et
960 4175 1260 4246 appellari?
1305 4177 1550 4229 Observa
1590 4174 1737 4227 enim
1775 4182 2045 4243 quantum

464 4283 581 4324 meo
628 4267 868 4338 dignitas
922 4274 1133 4321 natura:
1168 4266 1421 4319 humanae
1476 4266 1741 4320 terminos
1796 4264 2045 4317 excedat.

462 4360 663 4415 Omnia
709 4359 855 4414 enim
909 4356 1160 4412 Creatori
1211 4356 1483 4419 serviunt,
1526 4354 1684 4425 juxta
1740 4354 2050 4409 Psalmistze

2140 3523 2301 3577 αὐτὸν
2333 3524 2517 3593 φιλίας
2545 3522 2605 3576 τὸ
2632 3522 2844 3594 κέρδος,
2876 3523 2963 3575 ἵνα
2992 3524 3113 3585 ταῖς
3150 3520 3402 3573 ἐντεῦθεν
3435 3520 3730 3590 εὐθυμίαις

2142 3618 2238 3669 καὶ
2265 3617 2330 3685 τῇ
2362 3614 2500 3685 πρὸς
2529 3614 2590 3666 τὸ
2622 3613 2806 3684 μεῖζον
2836 3613 3045 3680 ἐφέσει,
3077 3611 3139 3664 τὸ
3177 3612 3236 3663 ἐν
3264 3612 3495 3673 ἐκείνοις
3528 3611 3730 3680 ἀφανί-

2144 3709 2308 3779 ζηται
2338 3707 2619 3777 φορτικὸν,
2647 3707 2743 3760 καὶ
2776 3704 2836 3759 τὸ
2873 3705 3062 3758 λυπεῖν
3096 3702 3207 3757 ἔσθ’
3234 3704 3323 3757 ὅτε
3351 3702 3546 3756 δοκοῦν
3576 3705 3728 3774 οἱχήο

2146 3813 2298 3851 σεται
2320 3796 2459 3868 πρὸς
2482 3796 2544 3849 τὸ
2574 3796 2764 3866 μηδὲν.
2796 3795 3008 3858 Duxi);
3032 3795 3142 3866 γάρ
3166 3795 3287 3847 τότε
3314 3797 3427 3856 τοῖς
3456 3794 3731 3864 φιλοθέοις

2144 3890 2172 3942 6
2203 3890 2406 3953 πόνος,
2454 3890 2545 3943 ὅτε
2590 3886 2789 3957 γείτων
2842 3888 2951 3959 ἀρα
3008 3888 3104 3942 καὶ
3160 3886 3416 3950 πλούσιος
3446 3887 3477 3939 6
3516 3887 3732 3958 μισθός.

2146 3978 2280 4035 Εἶτα
2309 3982 2394 4045 τίς
2423 3981 2490 4035 ἂν
2516 3980 2732 4052 οἰηθείη
2775 3981 2828 4034 τί
2865 3980 3049 4051 μεῖζον
3072 4020 3089 4046 ,
3130 3980 3180 4033 τί
3215 3980 3271 4033 δὲ
3300 3976 3441 4035 εἶναι
3481 3978 3737 4051 λαμπρό-

2146 4090 2305 4147 τερον
2345 4075 2464 4147 ἐρεῖ
2500 4074 2594 4128 τοῦ
2631 4074 2785 4143 φίλον
2831 4069 2972 4127 εἶναι
3015 4072 3110 4127 καὶ
3155 4073 3414 4141 λέγεσθαι
3445 4070 3735 4141 Χριστοῦ;

2148 4165 2260 4220 Θέα
2290 4166 2398 4238 γὰρ
2431 4166 2582 4229 ὅπως
2627 4165 2723 4219 καὶ
2772 4165 2911 4235 ὑπὲρ
2948 4165 3148 4228 αὐτοὺς
3195 4166 3320 4228 τούς
3378 4164 3481 4233 τῆς
3520 4164 3738 4235 ἀνθρωσ

2150 4261 2313 4323 πείας
2338 4259 2555 4329 φύσεως
2584 4259 2744 4329 ὄρους
2778 4258 2895 4310 ἐστὶ
2928 4258 2989 4311 τὸ
3018 4257 3255 4327 ἀξίωμα.
3288 4256 3459 4309 Δούλα
3501 4256 3606 4327 μὲν
3635 4259 3740 4327 γὰρ

2150 4354 2331 4407 πάντα
2352 4351 2447 4405 τοῦ
2473 4350 2834 4421 πεποιηκότος
2865 4350 3026 4412 αὐτὰ,
3062 4349 3204 4403 κατά
3232 4350 3332 4418 τὴν
3367 4348 3462 4401 τοῦ
3491 4350 3743 4406 Ψάλλον-

468 4469 656 4510 vocem
689 4452 757 4518 ",
791 4466 893 4506 nec
927 4451 1036 4504 ulla
1074 4465 1165 4505 res
1194 4457 1280 4504 est
1303 4456 1487 4504 creata
1524 4464 1647 4518 qua:
1680 4446 1904 4501 subdita
1936 4460 2038 4499 non

2156 4460 2247 4506 τος
2269 4442 2484 4512 φωνὴν,
2516 4441 2613 4493 καὶ
2641 4440 2795 4493 οὐδὲν
2817 4479 2831 4503 ,
2862 4434 3017 4509 οἶμαι
3042 4478 3057 4501 ,
3098 4439 3206 4492 τῶν
3232 4439 3538 4506 γεγονότων
3596 4441 3742 4493 ἐστὶν

466 4549 540 4602 sit
575 4546 709 4618 jugo
746 4545 1057 4606 servitutis,
1108 4544 1153 4599 si
1192 4544 1331 4598 ratio
1370 4542 1654 4598 Creatoris
1682 4550 1738 4596 et
1783 4549 2056 4594 creatura:

470 4645 765 4707 spectetur.
818 4635 928 4691 Nec
966 4636 1114 4690 enim
1147 4634 1373 4704 :equalis
1412 4640 1496 4689 est
1548 4641 1806 4688 creatura
1862 4630 2056 4685 [actori

470 4744 596 4792 suo,
636 4729 789 4782 nullo
821 4726 984 4781 modo
1019 4746 1033 4780 :
1067 4726 1162 4781 sed
1200 4726 1436 4795 imperat
1466 4724 1655 4795 potius
1687 4731 1741 4779 et
1794 4721 2058 4794 praeposi-

469 4830 562 4876 tus
588 4820 793 4891 estqui
825 4834 993 4889 supra
1020 4832 1214 4873 omnes
1244 4825 1330 4872 est
1364 4815 1530 4872 Deus.
1565 4816 1845 4886 Subjectis
1892 4815 2060 4886 igitur

469 4915 836 4980 omnibus,et
896 4911 1010 4968 Deo
1060 4910 1396 4973 substratis,
1454 4909 1522 4963 ad
1580 4908 2058 4979 supernaturalem

473 5008 703 5077 gloriam
747 5014 976 5063 sanctos
1017 5002 1277 5059 mandata
1311 5017 1411 5057 sua
1463 5011 1750 5056 servantes
1794 5000 2062 5056 Dominus

473 5100 660 5172 erigit,
686 5107 742 5155 et
769 5099 836 5153 ad
878 5098 1216 5166 incnlpatam
1245 5092 1644 5159 subjectioneni
1672 5092 1827 5162 quasi
1866 5107 2062 5145 mune-

477 5196 551 5246 ris
586 5195 710 5248 loco
761 5190 1010 5247 deducit.
1047 5186 1211 5243 Clara
1242 5186 1409 5255 igitur
1436 5191 1491 5238 et
1535 5184 1769 5238 illustris
1797 5184 1955 5239 valde
1980 5194 2065 5239 est

478 5300 689 5341 merces
725 5302 738 5339 :
774 5290 1154 5338 verumtamen
1192 5279 1323 5331 illud
1356 5277 1447 5331 hic
1486 5276 1761 5346 imprimis
1800 5275 2059 5329 Conside-

480 5379 713 5433 randum
749 5384 836 5431 est
873 5375 997 5445 (nec
1039 5372 1185 5427 enim
1239 5384 1430 5441 parum
1476 5370 1793 5433 conducct).
1826 5367 1970 5437 quod
2010 5368 2054 5422 si

483 5470 605 5525 Filii
637 5483 789 5523 amor
832 5468 899 5521 ad
942 5466 1213 5520 libertatis
1260 5463 1606 5532 dignitatern,
1652 5469 1817 5531 atque
1846 5471 1905 5515 ut
1955 5476 2063 5515 non

481 5563 719 5634 amplius
749 5560 890 5616 servi
945 5565 1233 5621 vocentur,
1293 5555 1571 5609 nonnullis
1612 5554 1875 5618 sulliciat,
1925 5569 2063 5623 quo-

2152 4534 2183 4586 ὃ
2215 4534 2290 4605 μὴ
2316 4533 2396 4603 τῷ
2434 4533 2533 4603 τῆς
2565 4532 2813 4594 δουλείας
2854 4529 3137 4601 ὑπηνέχθη
3169 4530 3338 4601 ζυγῷ,
3374 4532 3518 4585 κατά
3547 4548 3612 4598 γε
3652 4530 3744 4583 τὸν

2158 4625 2439 4697 πρέποντα
2478 4624 2638 4692 λόγον
2673 4624 2767 4676 καὶ
2799 4622 3143 4693 δημιουργῷ,
3186 4624 3282 4677 καὶ
3325 4624 3619 4693 ποιήματι.
3668 4625 3742 4677 Οὐ

2156 4719 2266 4790 γὰρ
2310 4719 2368 4770 ἐν
2405 4716 2504 4784 ῖσῳ
2549 4714 2611 4767 τὸ
2674 4713 2898 4784 ποιηθὲν
2954 4714 3035 4784 τῷ
3090 4714 3479 4784 τεκτηναμένῳ
3552 4713 3742 4774 ποθὲν,

2159 4806 2421 4879 κατάρξει
2461 4806 2519 4859 δὲ
2574 4803 2812 4875 μᾶλλον,
2864 4803 2962 4857 καὶ
3010 4803 3392 4875 καθηγήσεται
3437 4802 3548 4856 τῶν
3598 4802 3748 4856 ἰδίων

2159 4902 2334 4973 ἔργων
2359 4901 2388 4952 6
2421 4898 2514 4951 ἐπὶ
2541 4898 2750 4960 πάντας
2784 4895 2939 4959 Θεός.
2981 4896 3444 4967 ’Υπεζευγμένων
3494 4892 3591 4949 οὖν
3640 4896 3749 4966 ἀρα

2159 4994 2269 5045 τῶν
2313 4992 2484 5054 ὅλων,
2536 4991 2631 5043 καὶ
2663 4988 2849 5043 δοῦλον
2890 4988 3324 5060 ὐπεστρωκότων
3361 4988 3442 5059 τῷ
3488 4986 3615 5058 Θεῷ
3659 4989 3751 5041 τὸν

2162 5088 2389 5157 αὐχένα,
2429 5083 2564 5154 πρὸς
2586 5081 2686 5152 τὴν
2717 5081 2859 5152 ὑπὲρ
2890 5080 3052 5149 φύσιν
3084 5078 3408 5149 ἀνακομίζει
3433 5077 3596 5143 δόξαν
3625 5082 3753 5141 τοὺς

2162 5179 2350 5245 ἁγίους
2394 5177 2423 5227 ὁ
2474 5171 2711 5242 Κύριος,
2766 5174 2813 5223 εἰ
2855 5171 2986 5242 δρᾷν
3030 5169 3307 5232 ἐθέλοντες
3351 5170 3638 5240 φαίνοιντο
3688 5169 3757 5221 τὰ

2168 5268 2429 5325 δοκοῦντα
2454 5265 2602 5333 αὐτῷ
2630 5303 2645 5329 ,
2682 5264 2776 5317 καὶ
2805 5262 3060 5333 καθάπερ
3101 5266 3159 5316 ἐν
3193 5263 3346 5327 τάξει
3384 5263 3750 5332 δωροφορίας.

2171 5359 2588 5431 ἀκατηγόρητον
2659 5354 2810 5426 αὐτῷ
2865 5352 3230 5427 προσκομίζει
3286 5354 3386 5425 τὴν
3442 5354 3752 5423 ὐποταγήν.

2175 5453 2441 5525 Λαμπρὸς
2464 5447 2556 5505 οὖν
2587 5449 2715 5521 ἄρα,
2745 5448 2841 5502 καὶ
2883 5445 3246 5519 ἀξιοζήλωτος
3273 5448 3301 5500 6
3337 5445 3532 5517 μισθός
3556 5461 3570 5475 ο
3614 5444 3755 5511 πλὴν

2176 5551 2349 5602 ἐκεῖνο
2375 5540 2786 5599 κατασκεπτὲον
2809 5542 2865 5595 ἐν
2891 5540 3101 5605 τούτοις
3124 5537 3181 5595 εὖ
3213 5538 3359 5612 μάλα
3388 5536 3753 5608 (λυσιτελήσει

560 5737 785 5793 “Joan.
823 5739 1023 5805 “,1?”
1106 5741 1148 5772 ⁸⁸
1183 5738 1373 5795 Matth.
1399 5755 1451 5804 ν,
1484 5740 1571 5796 43.
1652 5740 1691 5770 *τ
1734 5738 1880 5795 Psal.
1910 5754 2075 5795 cum
2107 5777 2119 5804 ,
2155 5737 2244 5794 9i.
