3868 6200
141 326 249 383 385

1164 303 1231 358 IN
1256 300 1542 358 JOANNIS
1578 294 2028 355 EVANGELIUM
2071 292 2203 348 LIB.
2240 293 2312 348 Χ.

3290 288 3402 348 386

141 436 252 506 γὰρ
278 431 342 488 οὐ
382 424 670 501 μικρῶς),
718 424 766 477 cl
812 421 918 493 γὰρ
959 419 1242 490 ἐξαρκέσει
1279 418 1423 470 τισὶν
1458 418 1539 478 εις
1572 412 1771 471 nas-4

1853 407 1991 463 nodo
2025 420 2220 462 servus
2249 403 2392 469 erit,
2428 409 2522 456 aut
2557 410 2816 471 tanquam
2866 408 3117 454 creatura
3163 408 3218 454 et
3255 415 3409 456 creo-

141 528 305 599 θερον
333 522 573 591 ἀξίωμα,
605 515 860 587 καὶπρὸς
885 515 946 567 τδ
969 511 1169 583 μηκέτι
1194 507 1481 563 καλεῖσθαι
1505 506 1725 568 δούλους

142 618 177 688 ἡ
380 613 475 667 τὸν
510 609 638 665 Υίὸν
668 607 820 676 φιλία
841 645 856 670 ,
900 604 1019 667 πῶς
1065 602 1131 657 ἂν
1182 602 1269 670 εἴη
1302 599 1490 661 δοῦλος
1511 636 1527 661 ,
1574 598 1609 668 ἢ
1653 596 1727 657 ὡς

146 708 388 774 ποίημα,
435 703 530 757 καὶ
557 698 803 770 γενητὸς,
836 697 980 751 κατά
1006 697 1103 765 τήν
1125 710 1288 749 τινων
1313 690 1574 746 ἀϐουλίαν
1596 706 1611 754 ;
1653 688 1726 741 Οὐ

146 800 259 871 γάρ
286 798 353 866 δὴ
389 796 501 857 τοῖς
539 790 747 861 ἑτέροις
788 789 887 858 τὴν
938 786 1037 856 μὲν
1072 786 1169 855 τῆς
1202 781 1514 852 ἐλευθερίας
1560 778 1729 871 τιμὴν

146 868 428 959 διανέμειν
453 886 602 939 ἐστὶν
644 880 826 943 ἱκανὸς
846 920 861 941 ,
902 878 1106 949 ἔρημον
1131 875 1188 929 δὲ
1224 873 1429 943 ταύτης
1461 872 1560 942 τὴν
1596 868 1731 959 ἰδίαν

147 982 262 1047 Ξξει
283 958 446 1047 ιρύσιν
467 992 480 1005 ο
510 974 707 1045 χρῆναι
741 969 852 1039 γὰρ
876 963 1050 1037 οἶμαι,
1080 964 1187 1035 πρὸ
1222 961 1330 1016 τῶν
1364 960 1539 1016 ἄλλων
1570 958 1732 1012 αὑτὸν

147 1070 393 1124 τοιοῦτον
432 1060 569 1119 εἶναι
609 1059 919 1129 φαίνεσθαι.
978 1056 1149 1109 Δὼσει
1207 1052 1317 1122 γάρ
1350 1050 1472 1105 τότε
1507 1065 1731 1119 πρεπω-

148 1162 304 1213 δέστε
316 1175 404 1226 ρον
435 1157 546 1219 τοῖς
576 1154 679 1207 οὐκ
708 1151 893 1222 ἔχουσι
922 1147 983 1200 τὸ
1005 1146 1137 1201 ἴδιον
1163 1144 1386 1212 ἀγαθόν.
1431 1140 1595 1194 Ἀλλά
1618 1141 1731 1202 τοῖς

149 1252 332 1318 ἁγίοις
361 1245 683 1309 ἀποστόλοις
706 1284 721 1309 ,
761 1242 795 1314 ἢ
829 1240 920 1294 καὶ
953 1241 1063 1301 τοῖς
1108 1236 1288 1298 ἄλλοις
1346 1233 1519 1288 ἆπασι
1572 1230 1733 1300 τυχὸν

148 1346 262 1406 τοῖς
291 1341 379 1394 διὰ
414 1338 653 1398 πίστεως
695 1335 774 1397 εἰς
809 1331 993 1402 φιλίαν
1043 1326 1397 1382 ἀναϐαίνουσι
1444 1324 1545 1393 τὴν
1595 1321 1733 1392 πρὸς

149 1436 243 1490 τὸν
274 1434 479 1495 Κύριον
512 1428 667 1501 ἡμῶν
708 1425 915 1496 Ἰησοῦν
960 1421 1194 1494 Χριστὸν
1219 1459 1234 1483 ,
1273 1417 1509 1472 ἐπακτὸν
1542 1416 1608 1469 ἂν
1646 1414 1731 1485 εἰη

149 1523 247 1576 καὶ
279 1520 430 1574 δοτὸν
455 1560 471 1582 ,
517 1519 592 1580 ὡς
623 1519 681 1571 ὲν
727 1513 880 1579 τάξει
909 1513 1077 1582 τιμῆς
1109 1510 1170 1565 τὸ
1204 1509 1421 1577 ἀξίωμα
1444 1548 1461 1573 ,
1507 1506 1629 1575 ἕχον
1677 1504 1735 1557 δὲ.

149 1613 338 1667 οὐκέτι
362 1609 508 1665 κατά
535 1610 628 1661 τὸν
658 1611 774 1662 ἴσον
801 1605 1024 1676 τρόπον.
1062 1604 1125 1656 Οἱ
1166 1600 1277 1673 γὰρ
1308 1604 1375 1671 τῇ
1407 1597 1543 1669 πρὸς
1570 1596 1733 1652 αὑτὸν

148 1702 407 1775 ὁμοιώσει
464 1700 600 1772 πρὸς
668 1698 768 1770 τὴν
823 1697 921 1768 τῆς
969 1693 1283 1765 ἐλευθερίας
1340 1688 1732 1761 ἀνατρέχοντες

1830 506 1941 563 tus,
1969 503 2028 549 ut
2067 493 2323 564 imperite
2350 490 2573 562 quidam
2613 489 2917 547 asserunt?
2957 487 3069 545 Nec
3104 490 3249 545 enim
3285 490 3413 545 aliis

1830 588 2107 643 libertatis
2137 588 2406 639 honorem
2431 582 2673 639 tribuere
2704 588 2906 653 potest,
2948 580 3043 649 qui
3074 592 3280 637 natura
3312 596 3413 635 sua

1830 693 2026 744 expers
2058 676 2177 747 ejus
2219 676 2313 737 sit,
2349 672 2443 728 sed
2477 686 2588 741 prae
2613 670 2831 727 caeteris
2868 670 3051 741 ipsum
3091 670 3257 725 talem
3292 685 3416 725 esse

1831 767 2036 821 debere
2088 772 2336 819 autumo.
2398 760 2555 815 Tunc
2612 762 2759 816 enim
2800 760 3151 816 convenienti
3202 762 3419 817 ratione

1834 859 2039 913 bonum
2071 872 2233 911 suum
2271 856 2614 924 impertietur
2646 869 2712 908 eo
2743 853 3048 909 destitutis.
3072 850 3180 906 Sed
3205 853 3416 905 sanctis

1832 948 2123 1020 apostolis,
2157 947 2272 1001 imo
2301 947 2516 1001 caeteris
2562 946 2747 1001 forsan
2782 944 3045 998 omnibus
3089 945 3183 1013 qui
3225 959 3322 1013 per
3355 942 3416 997 li-

1833 1042 1956 1096 dem
1989 1040 2057 1095 ad
2097 1039 2393 1093 amicitiam
2425 1036 2643 1091 Domini
2677 1038 2854 1092 nostri
2896 1033 3027 1091 Jesu
3060 1033 3269 1089 Christi
3294 1049 3420 1089 eve-

1835 1132 2066 1195 huntur,
2125 1130 2423 1183 adventitia
2472 1137 2556 1182 est
2596 1137 2760 1196 atque
2816 1126 3046 1180 honoris
3106 1124 3230 1178 loco
3290 1123 3422 1178 data

1834 1224 2095 1292 dignitas,
2130 1236 2240 1277 non
2282 1228 2464 1277 tamen
2499 1219 2695 1289 aequali
2728 1218 2913 1273 modo.
2943 1216 3007 1271 lii
3044 1216 3188 1270 enim
3222 1215 3421 1270 simili-

1834 1314 2026 1367 tudine
2057 1327 2182 1366 cum
2214 1314 2336 1383 ipso
2369 1312 2434 1364 ad
2470 1310 2739 1366 libertatis
2771 1309 3002 1381 gloriam
3034 1308 3248 1373 evecti,
3286 1304 3340 1362 id
3371 1307 3421 1358 ci

1835 1419 1899 1458 ac
1932 1404 2035 1459 soli
2069 1403 2401 1458 naturaliter
2431 1403 2617 1457 inesse
2650 1399 3017 1457 ostenderint.
3071 1396 3227 1464 Quod
3272 1400 3420 1452 enim

1836 1494 2153 1565 adoptivum
2188 1502 2273 1547 est
2302 1494 2539 1547 naturali
2572 1506 2787 1563 semper
2820 1489 3183 1545 assimilatur.
3214 1485 3422 1543 Obser-

1834 1589 2073 1642 vandum
2114 1597 2296 1640 tamen
2332 1586 2567 1654 (etenim
2608 1600 2704 1655 per
2733 1597 2897 1639 omne
2931 1598 3104 1653 genus
3152 1581 3422 1652 indaginis

1835 1677 2100 1740 eundum,
2124 1690 2245 1746 qua:
2278 1676 2342 1729 ad
2372 1674 2770 1745 expositionem
2803 1673 2954 1727 utilis
2982 1674 3050 1728 sit
3080 1687 3143 1725 ac
3171 1686 3421 1724 necessa-

149 1761 347 1857 δόξαν,
383 1761 534 1860 αύτῷ
568 1761 632 1855 δὴ
670 1761 846 1856 τούτῳ
878 1761 991 1837 ’καὶ
1042 1761 1188 1853 μόνῴ
1244 1779 1448 1850 προσὸν
1482 1777 1727 1846 φυσικῶς
1764 1761 1771 1816 Ῑ

1853 1769 1938 1839 'ia)
1957 1768 2322 1838 antiquiorem
2348 1783 2471 1823 csSe
2494 1765 2927 1823 declarationem
2951 1764 3183 1834 ⁸ῖιιειίιὶιςιι
3207 1778 3331 1833 quae
3356 1778 3428 1817 ea

150 1882 518 1950 ἀποδείξειαν.
545 1879 634 1949 Τῷ
669 1878 778 1949 γὰρ
802 1876 946 1931 κατά
974 1873 1158 1944 φύσιν,
1191 1873 1279 1925 ἀεὶ
1306 1872 1367 1924 τὸ
1400 1870 1543 1924 κατὰ
1580 1868 1733 1921 θέσιν

152 1972 575 2043 παρεικάζεται.
607 1966 951 2040 Σημειωτέον
995 1981 1058 2034 γε
1107 1963 1215 2034 μὴν
1261 1960 1410 2033 (δεῖν
1440 1959 1552 2031 γὰρ
1578 1954 1733 2027 οἶμαι

150 2067 241 2120 διὰ
278 2064 480 2127 παντὸς
515 2063 651 2116 ἰέναι
681 2059 1040 2131 θεωρήματος
1077 2054 1353 2127 χρησίμου
1392 2068 1452 2105 τε
1493 2049 1587 2104 καὶ
1615 2048 1733 2102 λίαν

154 2155 473 2224 ἀναγκαίαν
522 2153 738 2222 ἔχοντος
787 2150 888 2219 τὴν
942 2144 1242 2217 ἐξήγησιν)
1311 2143 1394 2197 ὅτι
1444 2140 1545 2211 τῆς
1592 2139 1734 2193 κατὰ

153 2250 321 2319 νόμον
354 2245 704 2315 δικαιοσύνης
726 2283 741 2306 ,
792 2245 832 2313 ἡ
864 2244 929 2294 ὲκ
982 2242 1220 2303 πίστεως
1253 2237 1353 2307 τῆς
1389 2238 1468 2298 εἰς
1498 2233 1734 2305 Χριστὸν

152 2338 523 2411 ἀρχαιοτέραν
560 2336 674 2405 ἔχει
723 2333 822 2403 τὴν
854 2331 1125 2395 ἀνάδειξιν
1149 2346 1162 2358 ·
1202 2328 1298 2381 καὶ
1332 2326 1465 2397 πρὸς
1504 2323 1735 2385 τούτοις,

152 2435 237 2491 ὅτι
294 2433 407 2496 τοῖς
460 2427 779 2483 πιστεύουσι
839 2426 934 2479 καὶ
1012 2420 1354 2477 ὑπακούουσι
1400 2418 1478 2489 τῷ
1533 2412 1776 2487 Χριστῷ,

1835 1858 1937 1913 ﬁde
1971 1860 2023 1914 in
2053 1858 2356 1921 Christum,
2390 1871 2554 1928 quam
2586 1857 2658 1909 sit
2681 1856 2913 1924 iustitia
2933 1854 3124 1926 legalis
3150 1872 3163 1907 :
3191 1868 3253 1908 ac
3282 1867 3424 1923 pra--

1834 1960 1983 2007 terea
2005 1949 2362 2006 credentibus
2381 1959 2436 2003 et
2451 1946 2838 2004 obedientibus
2854 1946 3097 2010 ChriSto,
3116 1945 3430 2000 divinorum

1833 2043 2223 2116 mysteriorum
2258 2041 2630 2111 cognitionem
2652 2038 2909 2104 revelari,
2931 2052 2985 2094 et
3014 2038 3109 2093 Dei
3148 2053 3212 2091 ac
3243 2035 3437 2090 Patrisr

1835 2139 2170 2193 voluntatem
2199 2150 2227 2188 a
2259 2132 2420 2199 Filio,
2448 2134 2546 2205 qui
2574 2148 2695 2188 eam
2721 2132 2904 2197 novit,
2937 2132 3162 2207 aperiri,
3184 2129 3425 2186 infideli-

1846 2230 1947 2284 bus
1987 2243 2095 2281 non
2137 2226 2289 2281 item.
2307 2226 2421 2297 Age
2459 2240 2591 2280 vero
2631 2224 2873 2296 idipsum
2905 2239 3104 2279 rursus
3136 2238 3204 2279 ex
3228 2220 3431 2277 divinis

1845 2320 2069 2375 Litteris
2096 2317 2481 2382 ostendamus,
2519 2332 2621 2372 nos
2655 2317 2867 2372 utiliter
2898 2317 2952 2372 in
2987 2318 3058 2374 iis
3086 2320 3429 2371 exercentes.

1853 2413 1888 2483 ἡ
1939 2409 2047 2463 τῶν
2097 2409 2261 2464 θείων
2325 2408 2641 2481 μυστηρίων
2700 2407 3150 2464 ἀποκαλύπτεται
3201 2402 3433 2474 γνῶσις,

152 2527 255 2580 καὶ
334 2526 369 2595 ἡ
417 2523 513 2577 τοῦ
560 2519 696 2575 Θεοῦ
750 2522 844 2574 καὶ
907 2518 1117 2589 ῐιατρδς
1179 2511 1539 2586 ἑρμηνεύεται
1611 2508 1779 2581 βουλὴ
1813 2504 1965 2578 παρὰ
2013 2504 2108 2559 τοῦ
2160 2502 2367 2572 ταύτην
2416 2503 2618 2567 εἰδότος
2667 2502 2838 2558 Υίοῦ·
2884 2505 2998 2566 τοῖς
3048 2501 3107 2555 δὲ
3196 2498 3426 2569 ἀπειθή-

160 2591 368 2669 σασιν*
398 2612 605 2666 οὐκέτι.
658 2610 770 2662 Καὶ
817 2607 952 2679 φέρε
1000 2606 1162 2660 πάλιν
1210 2602 1380 2669 αὐτὸ,
1428 2601 1518 2653 διὰ
1576 2599 1676 2669 τῆς
1743 2594 2107 2650 θεοπνεύστου
2177 2592 2514 2663 δεικνύωμεν
2583 2593 2841 2666 Γραφῆς,
2913 2592 3071 2663 ὀλίγα
3128 2591 3420 2665 χρησίμως

156 2708 424 2777 ἀδολεσχὴ
433 2718 639 2765 σαντες.

232 2772 547 2871 Γέγραπται
595 2794 776 2848 τοίνυν
826 2791 885 2843 ἐν
935 2787 1102 2859 βίϐλῳ
1152 2786 1417 2850 Μωσέως,
1458 2784 1542 2837 ὅτι
1587 2772 1746 2836 πεπί-ἶ

158 2912 357 2951 στευκε
405 2892 504 2962 μὲν
541 2885 795 2958 Ἀϐραὰμ
826 2882 905 2953 τῷ
931 2880 1070 2952 Θεῷ,
1100 2880 1239 2951 πλὴν
1279 2880 1313 2950 ἡ
1363 2878 1548 2940 πίστις
1597 2874 1745 2945 αὐτῷ

156 2987 467 3053 λελόγισται
509 2981 588 3042 είς
620 2975 986 3045 δικαιοσύνην,
1010 2972 1109 3027 καὶ
1140 2972 1292 3040 φίλος
1331 2969 1466 3022 Θεοῦ
1517 2966 1741 3037 ἐκλήθη.

1923 2772 2199 2842 Scriptum
2230 2782 2309 2825 est
2359 2769 2525 2841 igitur
2571 2769 2625 2823 in
2672 2769 2814 2824 libro
2863 2768 3096 2839 Moysis,
3128 2772 3433 2831 credidisse

1848 2865 2071 2935 quidem
2102 2865 2377 2917 Abraham
2431 2861 2564 2922 Deo.
2595 2873 2649 2917 et
2704 2862 2860 2917 ﬁdem
2888 2863 2938 2917 ei
2969 2872 3277 2935 reptttatam
3312 2883 3431 2923 esse

1848 2958 1917 3011 ad
1947 2958 2219 3027 justitiam
2258 2955 2323 3019 ⁸³,
2355 2963 2410 3010 et
2442 2956 2681 3009 amicum
2733 2953 2826 3009 Dei
2862 2963 3243 3026 nuncupatum
3288 2974 3432 3014 esse.

158 3079 275 3130 Καὶ
296 3045 382 3137 τίς
412 3072 443 3123 ὁ
462 3071 558 3141 τῆς
576 3069 812 3140 πίστεως
840 3062 1111 3135 τρόπος,ῆ
1137 3059 1253 3124 πῶς
1275 3059 1384 3129 ἄρα
1406 3057 1557 3127 φίλος
1582 3056 1743 3124 ἐκλή-

1853 3053 2114 3118 ριιιιιιιιιιῐι
2172 3056 2356 3103 autem
2412 3056 2496 3102 est
2542 3047 2632 3100 illa
2677 3045 2804 3101 ﬁdei
2833 3047 2997 3113 ratio,
3030 3056 3126 3103 aut
3155 3050 3435 3119 quomodo

159 3169 234 3237 θη
267 3164 440 3227 Θεοῦ;
470 3139 742 3214 Ἤκουσεν
766 3173 781 3188 ο
823 3174 842 3208 ι
869 3152 1091 3222 Ἔξελθε
1125 3153 1191 3205 ἐκ
1221 3150 1318 3220 τῆς
1349 3150 1453 3219 γῆς
1492 3164 1616 3221 σου,
1653 3147 1746 3198 καὶ

1853 3143 2063 3196 amicus
2112 3139 2204 3193 Dei
2243 3147 2471 3194 vocatus
2520 3139 2647 3193 est?
2683 3139 2850 3209 890
2897 3139 3131 3197 Audiit:
3170 3160 3189 3194 ι
3232 3140 3331 3197 Exi
3371 3142 3432 3197 dt

164 3264 234 3314 ὲκ
260 3260 358 3329 τῆς
399 3252 720 3324 συγγενείας
772 3266 867 3302 σου
891 3287 906 3314 ,
938 3247 1031 3300 καὶ
1079 3244 1239 3315 δεῦρο
1270 3243 1349 3305 είς
1387 3240 1486 3311 τὴν
1521 3239 1645 3310 γῆν,
1682 3239 1750 3309 ἣν

164 3354 233 3407 ἄν
265 3367 348 3403 σοι
388 3348 567 3414 δείξω.
612 3365 633 3396 ι
668 3342 827 3396 Ἀλλά
869 3339 964 3393 καὶ
1012 3341 1101 3391 ὅτε
1145 3336 1237 3388 τὸν
1279 3332 1548 3404 μονογενῆ
1579 3348 1750 3401 προσ-

165 3444 425 3497 ετάττετο
476 3439 621 3492 θύειν
665 3436 745 3497 είς
777 3433 948 3486 τύπον
990 3427 1252 3502 Χριστοῦ,
1287 3425 1381 3480 τὸν
1427 3428 1483 3479 ὲν
1515 3425 1593 3495 τῷ
1634 3422 1753 3495 Θεῷ

165 3530 555 3603 κεκρυμμένον
586 3529 897 3582 ὲδιδάσκετο
931 3523 1154 3577 σκοπόν.
1193 3519 1302 3572 Καὶ
1346 3515 1477 3584 γοῦν
1506 3518 1535 3569 ὁ
1565 3513 1754 3585 Σωτὴρ

168 3629 276 3695 ἔφη
308 3624 437 3695 περὶ
470 3620 634 3675 αὑτοῦ
668 3621 779 3681 τοῖς
813 3616 1050 3679 ἀνοσίοις
1102 3610 1375 3673 Ἰουδαίοις
1405 3604 1751 3695 προσλαλῶν·

178 3692 496 3785 ι”.λὸραάμ
532 3713 561 3764 ὁ
602 3708 789 3780 Πατὴρ
830 3704 985 3777 ὑμῶν
1014 3699 1405 3773 ἠγαλλιάσατο,
1434 3696 1521 3749 ἵνα
1548 3695 1631 3766 ἴδῃ

170 3782 385 3880 ἡμέραν
409 3782 506 3876 τὴν
536 3801 698 3873 ἐμὴν,
736 3799 831 3854 καὶ
874 3793 1005 3861 εἶδε,
1034 3794 1128 3847 καὶ
1156 3792 1353 3863 ἐχάρη.
1386 3808 1404 3840 ι
1441 3782 1757 3880 Οὐκοῦν-*δι’

172 3876 445 3969 ῦπακοῆς,
497 3896 593 3949 καὶ
653 3892 842 3955 θυσίας
898 3891 929 3943 ὁ
978 3885 1265 3945 θεσπέσιος
1305 3879 1559 3952 Ἀϐραὰμ
1608 3876 1760 3946 φίλος

170 3988 380 4059 ὶκλήθη
437 3983 614 4049 Θεοῦ,
644 3983 739 4037 καὶ
794 3981 855 4036 τὸ
910 3978 1013 4049 τῆς
1061 3972 1410 4043 δικαιοσύνης
1462 3970 1765 4059 ἀνεδήσατο

172 4058 439 4149 καύῄμα
475 4091 489 4105 ο
540 4075 634 4128 καὶ
679 4072 801 4144 οὐχὶ
854 4068 1013 4124 τοῦτο
1057 4067 1217 4139 μόνον
1240 4104 1254 4129 ,
1279 4063 1415 4118 ἀλλὰ
1462 4062 1557 4115 καὶ
1602 4058 1762 4149 θείων

173 4148 386 4239 ἠξιώθη
418 4169 611 4236 λόγων,
641 4165 737 4218 καὶ
762 4162 957 4234 βουλὴν
992 4160 1132 4228 ἔγνω
1164 4156 1321 4217 Θεοῦ,
1357 4155 1455 4224 τὴν
1490 4152 1575 4204 ἐπ’
1594 4148 1760 4217 ἐσχά-

172 4279 290 4325 τοις
321 4259 623 4329 γενομένην
645 4257 879 4326 καιροῖς.
911 4252 1035 4305 Ἐπὶ
1058 4246 1337 4317 συντελείᾳ
1361 4244 1467 4314 γὰρ
1496 4241 1603 4295 τῶν
1633 4239 1763 4292 aito-

175 4371 285 4406 νων
320 4352 461 4422 ὑπὲρ
487 4348 645 4420 ἡμῶν
687 4346 961 4401 ἀπέθανεν
992 4344 1020 4396 ό
1054 4339 1307 4412 Χριστὸς,
1340 4336 1399 4390 τὸ
1427 4334 1568 4405 ἱερὸν
1596 4333 1764 4395 δντως

1852 3243 2001 3289 terra
2034 3240 2130 3286 tua
2161 3240 2216 3287 et
2244 3230 2313 3285 de
2341 3231 2671 3301 cognatione
2720 3240 2834 3295 tua,
2876 3238 2932 3285 et
2960 3232 3085 3286 veni
3140 3233 3196 3288 in
3234 3242 3433 3288 terram

1852 3340 2016 3397 quam
2047 3334 2426 3381 monstravero
2464 3322 2560 3375 tibi
2598 3317 2666 3375 '9.
2715 3340 2734 3372 ι
2781 3320 2888 3378 Sed
2928 3331 2985 3378 et
3017 3338 3142 3380 cum
3174 3325 3433 3395 unigenio

1854 3426 1968 3471 tum
1999 3431 2159 3471 suum
2182 3415 2372 3484 jussus
2398 3421 2484 3468 est
2535 3413 2820 3467 immolare
2849 3414 2903 3467 in
2942 3415 3170 3484 ﬁguram
3208 3414 3433 3475 Christi,

1856 3507 2238 3563 absconditum
2276 3506 2330 3559 in
2360 3504 2472 3561 Deo
2508 3516 2734 3572 scopum
2762 3502 2993 3560 edoctus
3041 3513 3147 3560 est.
3204 3503 3273 3557 Et
3309 3521 3433 3562 διιιιε

1858 3600 2113 3654 Salvator
2155 3596 2359 3653 Judaeis
2401 3597 2585 3667 impiis
2636 3596 2704 3651 de
2744 3595 2865 3665 ipso
2924 3595 3158 3667 loquens
3212 3595 3433 3648 aiebat:

1867 3710 1886 3743 ι
1927 3690 2202 3746 Abraham
2232 3688 2396 3743 Pater
2434 3696 2616 3744 vester
2642 3687 2941 3744 exsultavit
2974 3696 3034 3742 ut
3063 3687 3271 3743 videret
3296 3687 3436 3742 diem

1860 3797 2041 3837 meum
2070 3801 2082 3836 :
2132 3781 2299 3845 vidit,
2324 3789 2379 3835 et
2428 3781 2653 3849 gavisus
2688 3790 2773 3835 est
2801 3781 2870 3835 το.
2908 3798 2927 3831 ι
2976 3779 3148 3853 Igitur
3178 3796 3276 3852 per
3310 3780 3435 3834 obo-

1862 3873 2123 3928 dientiam
2172 3883 2227 3926 et
2263 3872 2597 3926 sacrificium
2647 3872 2868 3927 divinus
2926 3871 3198 3926 Abraham
3236 3872 3440 3926 amicus

1863 3962 1957 4017 Dei
1991 3972 2225 4017 vocatus
2256 3971 2360 4024 est,
2391 3969 2446 4016 et
2470 3962 2701 4031 iustitiae
2749 3964 2925 4033 gloria
2978 3963 3269 4017 redimitus
3311 3973 3402 4016 cst
3434 3978 3446 4011 ·.

1864 4066 2043 4121 neque
2080 4052 2132 4104 id
2169 4058 2405 4114 tantum,
2451 4051 2546 4105 sed
2590 4059 2645 4105 et
2695 4051 2904 4107 divinis
2950 4055 3302 4108 sermonibus
3345 4054 3445 4105 lio-

1864 4148 2114 4196 nestatus
2136 4150 2241 4205 est,
2265 4150 2322 4195 et
2350 4140 2643 4196 consilium
2674 4140 2768 4195 Dei
2799 4143 3067 4199 extremis
3106 4143 3449 4212 temporibus

1865 4231 1931 4283 ad
1980 4232 2188 4286 exitum
2240 4231 2650 4299 perducendum
2688 4232 2936 4304 agnovit.
2991 4233 3047 4289 ιιι
3094 4248 3445 4288 consumma-

1867 4322 2018 4375 tione
2076 4322 2278 4391 quippe
2338 4321 2663 4376 saaculorum
2717 4339 2815 4391 pro
2854 4323 3014 4377 nobis
3066 4332 3318 4377 mortuus
3365 4335 3447 4377 cst

175 4446 273 4498 καὶ
300 4413 455 4512 ἅγιον
661 4439 723 4493 τδ
759 4433 913 4509 αἷρον
954 4434 1053 4505 τὴν
1102 4430 1378 4501 ἁμαρτίαν
1406 4424 1501 4480 τοῦ
1531 4426 1754 4494 κόσμου.

1865 4413 2144 4476 Christus,
2172 4429 2335 4468 sacra
2387 4414 2481 4468 illa
2532 4428 2657 4467 vere
2694 4424 2749 4467 et
2798 4420 2991 4468 sancta
3034 4414 3285 4479 victima,
3329 4430 3447 4482 qmc

192 4536 337 4589 Ἀλλ’
364 4536 469 4606 ὅρα
503 4549 593 4604 μοι
622 4531 782 4584 πόλιν
814 4528 882 4582 τὰ
916 4526 1008 4579 ἴσα
1032 4520 1389 4594 πληρούμενα
1422 4519 1517 4570 καὶ
1541 4514 1762 4606 ὲπὶᾲτῶν

178 4626 270 4680 διὰ
302 4604 537 4685 πίστεως
573 4621 655 4683 εἰς
701 4617 883 4687 φιλίαν
938 4610 1336 4667 ἀναϐαινόντων
1383 4606 1479 4660 τοῦ
1514 4604 1767 4674 Σωτῆρος

180 4714 341 4786 ἡμῶν
368 4709 626 4783 Χριστοῦ,
654 4709 930 4761 Ἤκουσαν
973 4704 1065 4756 καλ⁵
1089 4701 1274 4754 αὐτοί*
1317 4695 1537 4761 Ἔξελθε
1572 4697 1636 4748 ὲκ
1670 4693 1769 4786 τῆς

178 4780 288 4875 γης
312 4780 432 4865 σου,
448 4802 542 4854 καὶ
562 4800 645 4852 ὅτι
670 4797 959 4868 δεδράκασι
983 4792 1299 4864 προθύμως,
1317 4789 1481 4842 ἄκουε
1502 4787 1556 4840 τί
1583 4780 1765 4854 φασινῖ

190 4918 209 4950 ι
248 4897 327 4949 Οὐ
352 4894 461 4962 γὰρ
486 4892 683 4961 ἔχομεν
704 4884 802 4942 ὧδε
843 4887 1108 4956 μένουσαν
1136 4884 1309 4945 πόλιν,
1344 4881 1479 4935 ἀλλά
1514 4880 1614 4948 τὴν
1644 4876 1769 4947 μέλ-

183 4992 387 5043 λουσαν
419 4982 816 5053 ἐπιζητοῦμεν·
850 5000 869 5033 ι
902 4977 966 5051 ἧς
995 4977 1243 5048 τεχνίτης
1272 4975 1367 5029 καὶ
1385 4970 1714 5043 δημιουργὸς
1743 4968 1772 5020 ὁ

182 5081 340 5143 Θεός.
377 5079 636 5132 Μέτοικοι
680 5074 791 5143 γὰρ
828 5073 933 5123 εἰσι
958 5113 972 5136 ,
1000 5072 1094 5121 καὶ
1135 5065 1508 5138 παρεπίδημοι
1541 5062 1633 5115 ἐπὶ
1676 5060 1772 5129 τῆς

181 5172 311 5241 γῆς,
334 5170 448 5229 τοῖς
480 5166 590 5219 ἂνω
614 5160 1042 5229 πολιτευόμενοι,
1077 5157 1172 5210 καὶ
1192 5157 1291 5222 τὴν
1317 5153 1416 5222 μὲν
1445 5148 1774 5217 ὲνεγκοῦσαν

185 5240 421 5331 ἀφέντες
453 5298 469 5319 ,
499 5258 621 5311 ὅσον
655 5250 791 5326 ἧκεν
823 5253 997 5303 εἰπεῖν
1027 5251 1106 5311 εἰς
1139 5246 1394 5319 φρόνημα
1420 5242 1480 5296 τὸ
1508 5240 1774 5311 φιλόθεον,

184 5354 503 5423 γλιχόμενοι
540 5349 599 5401 δὲ
649 5348 746 5414 τῆς
801 5345 912 5398 ἀνω
944 5341 1128 5413 μονῆς.
1162 5338 1377 5407 Ταύτην
1409 5336 1514 5405 γὰρ
1541 5334 1769 5396 αὑτοῖςό

185 5447 384 5517 Σωτὴρ
422 5439 664 5503 ὑπέδειξε
706 5438 913 5505 λέγων·
945 5454 962 5485 ι
1012 5430 1320 5500 Πορεύομαι
1356 5427 1450 5480 καὶ
1496 5423 1771 5493 έτοιμάσω

185 5538 355 5591 τόπον
386 5538 515 5605 ὑμῖν
541 5550 555 5562 ·
588 5533 677 5585 ὅτε
724 5529 781 5584 δὲ
823 5527 962 5581 ἔλθω
984 5567 1000 5593 ,
1035 5521 1429 5595 παραλήψομαι
1464 5518 1607 5587 ὑμᾶς
1654 5518 1769 5585 μετ’

287 5717 335 5749 ⁸⁸
380 5716 519 5774 Gen.
562 5731 647 5781 xv,
679 5714 733 5772 6.
812 5713 857 5746 "
895 5714 1028 5772 Gen.
1064 5725 1164 5776 ιιι,
1205 5708 1256 5764 1.

1866 4506 2008 4561 tollit
2046 4515 2328 4573 peccatum
2368 4505 2558 4559 mundi
2611 4505 2676 4557 ⁷⁸.
2713 4504 2819 4559 Sed
2875 4504 3000 4558 vide
3050 4505 3207 4570 mihi,
3237 4520 3448 4574 quaeso.

1863 4598 2053 4651 eadem
2111 4597 2323 4667 impleri
2382 4612 2604 4667 quoque
2661 4597 2716 4651 in
2777 4598 2845 4651 iis
2895 4598 2989 4668 qui
3041 4597 3109 4653 ad
3149 4598 3454 4651 amicitiam

1869 4687 2181 4743 Servatoris
2217 4690 2401 4743 nostri
2428 4690 2627 4743 Christi
2678 4689 3017 4744 evehuntur.
3043 4690 3355 4743 Audierunt
3397 4700 3451 4742 et

1869 4782 1973 4848 ipsi
2003 4800 2014 4835 :
2052 4801 2069 4832 ι
2100 4779 2200 4833 Exi
2222 4779 2290 4835 de
2314 4789 2458 4834 terra
2486 4792 2614 4837 tua:
2643 4799 2662 4830 ι
2697 4782 2844 4851 quod
2876 4797 3041 4851 quam
3074 4789 3302 4836 strenue
3332 4798 3451 4852 egit-

1872 4876 2002 4937 rint,
2032 4874 2158 4927 audi
2216 4872 2351 4941 quid
2384 4872 2572 4927 dicant
2601 4892 2613 4929 :
2659 4893 2676 4927 ι
2714 4871 2831 4928 Non
2864 4875 3012 4927 enim
3046 4874 3319 4929 habemus
3363 4875 3448 4929 hic

1870 4976 2181 5020 manentem
2215 4964 2518 5028 civitatem,
2549 4966 2641 5021 sed
2675 4965 2913 5021 futuram
2951 4966 3291 5036 inquirimus
3319 4967 3389 5030 ",
3434 4987 3450 5017 ι

1871 5058 2035 5127 cujus
2065 5055 2244 5126 upifex
2275 5065 2329 5111 et
2361 5056 2618 5111 conditor
2647 5066 2732 5112 est
2766 5056 2935 5112 Deus.
2975 5055 3262 5128 Peregrini
3307 5058 3452 5112 enim

1875 5156 2008 5203 sunt
2054 5156 2109 5203 et
2162 5147 2385 5201 advenat
2420 5147 2652 5202 interra
2704 5149 2794 5218 qui
2823 5150 3102 5204 cwlestem
3139 5150 3307 5203 vitam
3353 5149 3447 5202 du-

1876 5249 2029 5301 cunt,
2061 5247 2115 5290 et
2149 5248 2349 5290 terram
2374 5238 2574 5292 affectu
2603 5253 2665 5292 ac
2685 5242 2872 5293 studio
2892 5241 3112 5309 pictatis
3136 5255 3265 5310 erga
3289 5239 3457 5292 Deum

1878 5333 2222 5403 relinquunt,
2273 5346 2523 5399 superna:
2572 5333 2875 5387 mansionis
2902 5331 3183 5387 ilesiderio
3211 5349 3223 5384 :
3256 5328 3451 5399 quippc

1878 5423 2019 5477 hanc
2050 5425 2133 5477 eis
2163 5423 2413 5477 Salvator
2443 5424 2703 5488 ostendit,
2741 5422 2932 5478 dicens
2968 5441 2983 5478 :
3020 5444 3038 5475 ι
3080 5420 3232 5476 Vado
3264 5434 3454 5493 parare

1885 5516 2037 5570 vobis
2069 5516 2249 5568 locnn
2275 5530 2290 5579 ;
2320 5529 2444 5569 cum
2472 5526 2651 5569 autem
2684 5530 2910 5581 venero,
2962 5515 3225 5586 accipiam
3261 5524 3355 5569 vos
3391 5514 3459 5569 ad

1334 5709 1379 5742 ⁷⁸
1426 5705 1586 5760 Joan.
1615 5719 1675 5769 ιι,
1714 5700 1804 5758 26.
1883 5703 1923 5735 τ’
1949 5699 2109 5757 Joan.
2135 5740 2171 5765 .,
2197 5700 2293 5757 29.
2368 5698 2862 5762 7’1lcbr.xm,lt.
