3868 6200
425 243 535 308 $87

1426 237 1484 292 S.
1533 229 1807 290 CYRILLI
1868 225 2338 282 ALEXANDRINI
2379 227 2696 286 ARCIHEP.

3587 236 3695 292 388

426 369 739 438 meipsum,
806 369 863 418 ut
914 363 1004 418 ubi
1066 377 1185 416 sum
1248 375 1370 432 ego,
1422 369 1477 416 et
1529 374 1627 413 vos
1684 359 1806 413 sitis
1856 357 1924 412 ".
1983 373 1998 404 ι

2112 353 2372 422 ἐμαυτοῦ,
2409 356 2495 408 ἴνα
2527 356 2660 409 ὅπου
2690 355 2806 426 εἰμὶ
2835 355 2961 422 ἐγὼ,
2984 356 3076 409 κοιλ⁸
3111 355 3267 426 ὑμεῖς
3295 351 3413 426 ἦτε.
3441 373 3456 406 ι
3491 357 3698 409 Ἤκου-

427 459 734 514 Audierunt
797 453 1106 508 exeundum
1165 466 1292 507 esse
1355 449 1424 504 de
1489 448 1822 518 cognatione
1881 459 2002 498 sua.

427 554 500 608 At
536 547 814 622 quomodo
872 545 1018 600 istud
1069 542 1632 600 demonstrabimus?
1685 539 1867 610 Ipsum
1906 538 2003 591 tibi

425 643 708 699 Christum
737 639 1088 708 interpretem
1119 635 1494 690 adducemus:
1535 652 1554 684 ι
1593 633 1696 698 Qui
1731 637 1880 684 amat
1913 644 2007 700 pa-

427 743 569 790 trem
614 741 708 788 aut
740 739 970 785 matrem
1012 731 1137 800 plus
1166 743 1335 797 quam
1369 741 1476 790 me,
1511 740 1618 780 non
1654 731 1738 778 est
1789 739 1874 777 me
1923 720 2007 775 di-

430 843 571 898 gnus
593 826 662 880 “.
704 844 722 878 ›
758 822 917 889 Quod
962 829 1142 875 autem
1196 818 1444 874 terrestri
1478 827 1531 872 et
1560 817 1772 872 carnali
1806 830 2008 884 cogna-

431 920 565 973 tioni
617 923 836 988 pra-stet
873 915 964 970 Dei
1015 911 1280 976 amicitia,
1308 920 1363 965 et
1405 911 1549 978 apud
1610 909 1732 977 ejus
1761 908 2008 962 cultores

429 1011 590 1078 longe
625 1008 805 1076 potior
836 1005 906 1059 sit
959 1005 1012 1056 in
1039 1003 1316 1056 Christum
1354 1001 1601 1064 dilectio,
1635 1000 1823 1068 utique
1847 998 2007 1052 dubi-

429 1103 656 1156 tandum
703 1114 812 1154 non
863 1107 964 1153 est.
1020 1096 1086 1150 Et
1133 1097 1328 1151 beatus
1368 1093 1588 1164 quidem
1621 1092 1896 1147 Abraham
1943 1090 2007 1144 ﬁ-

429 1196 567 1251 lium
606 1207 768 1248 suum
816 1191 871 1244 in
913 1190 1136 1244 odorem
1170 1187 1458 1242 suavitatis
1499 1182 1697 1239 oﬁ'erre
1739 1182 1848 1236 Deo
1885 1183 2007 1251 jus-

430 1301 528 1341 sus
557 1292 640 1339 est
665 1283 746 1331 7":
788 1281 844 1335 hi
876 1295 1005 1335 vero
1037 1279 1252 1348 justitia
1301 1277 1423 1332 ﬁdei
1466 1275 1768 1346 praecincti,
1801 1289 2008 1344 nequa-

431 1392 593 1448 quam
627 1375 786 1440 alios,
818 1374 912 1430 sed
950 1374 1161 1443 seipsos
1193 1371 1337 1440 jussi
1371 1377 1500 1424 sunt
1535 1369 1753 1424 oﬁ‘erre.
1779 1388 1799 1420 ι
1840 1368 2006 1422 Exhi-

430 1467 609 1522 beatis
665 1468 841 1530 enim,
878 1465 1077 1534 inquit,
1129 1477 1366 1532 corpora
1411 1468 1594 1516 vestra
1645 1459 1880 1514 hostiam
1927 1459 2008 1511 vi-

428 1567 674 1622 ventem,
717 1564 989 1619 sanctam,
1022 1555 1131 1610 Deo
1163 1557 1492 1625 placentem,
1545 1553 1874 1609 rationabile
1912 1552 2009 1606 ob-

430 1653 683 1720 sequium
719 1657 963 1704 vestrum
988 1649 1060 1714 ",
1097 1666 1116 1698 ι
1152 1663 1275 1703 cum
1305 1656 1359 1702 et
1391 1647 1458 1702 de
1488 1647 1556 1702 iis
1583 1647 1849 1716 scriptum
1892 1645 2004 1700 sit:

435 1762 454 1794 ι
494 1741 598 1809 Qui
625 1752 803 1796 autem
836 1750 964 1796 sunt
1011 1740 1214 1795 Christi
1245 1737 1398 1806 Jesu,
1429 1754 1651 1794 carnem
1683 1754 1837 1793 suam
1875 1753 2004 1792 cru-

431 1837 723 1890 citixerunt
751 1849 876 1888 cum
908 1834 1056 1888 vitiis
1108 1841 1162 1886 et
1193 1831 1655 1902 concupiscentiis
1687 1831 1754 1883 "".
1800 1850 1818 1880 ι
1866 1829 2010 1882 Prm-

430 1938 581 1982 terea
614 1935 988 1998 cognoverunt
1021 1926 1125 1996 ipsi
1157 1940 1378 1996 quoque
1416 1924 1623 1978 Christi
1657 1922 2006 1995 mysterium.

430 2019 628 2076 Sciunt
653 2021 802 2075 enim
836 2020 1071 2074 virtutes
1115 2018 1282 2072 futuri
1314 2017 1524 2082 saeculi,
1560 2027 1613 2072 ct
1641 2031 1759 2085 quae
1791 2015 1843 2068 in
1879 2014 2008 2068 ulti-

431 2113 536 2166 mis
568 2111 750 2166 futura
785 2117 915 2165 sunt
939 2111 1306 2180 temporibus,
1349 2111 1452 2164 sibi
1482 2125 1705 2164 suorum
1759 2109 2007 2161 laborum

431 2205 653 2275 pra’mia
683 2205 871 2259 datum
903 2204 993 2267 iri,
1025 2213 1078 2258 et
1105 2203 1330 2273 pietatis
1361 2203 1416 2256 in
1450 2201 1735 2292 Christ‘um
1773 2200 2005 2254 retribu-

429 2299 657 2351 tionem.
692 2295 854 2366 891
905 2295 1094 2361 Itaque
1120 2296 1257 2366 justi
1294 2303 1348 2349 et
1380 2295 1544 2348 amici
1577 2293 1670 2347 Dei
1721 2308 2008 2360 nuncupa-

432 2387 635 2448 bimur,
670 2388 833 2441 sicuti
854 2385 1152 2440 Abraham.
1177 2385 1364 2453 Longe
1394 2400 1524 2439 vero
1549 2385 1706 2454 legali
1731 2384 2012 2452 antiquior

426 2485 514 2532 est
566 2476 878 2545 evangelica
913 2475 1279 2540 conversatio,
1314 2475 1366 2528 id
1397 2483 1481 2528 est
1521 2475 1612 2528 illa
1649 2489 1773 2545 quae
1819 2489 1918 2543 per
1946 2473 2009 2526 ﬁ-

431 2570 556 2624 dem
585 2578 641 2623 et
669 2568 972 2622 amicitiam
1000 2567 1094 2620 Dei
1121 2569 1174 2621 in
1212 2568 1387 2637 primo
1422 2567 1647 2637 quidem
1703 2576 1835 2623 tunc
1870 2566 2010 2636 ﬁgu-

431 2671 550 2716 rata
581 2674 664 2717 est
704 2662 1038 2724 Abrahamo,
1093 2670 1152 2714 ut
1198 2664 1252 2714 in
1287 2663 1506 2731 generis
1548 2662 1848 2716 secundum
1885 2677 2009 2714 car-

431 2769 578 2816 nem,
621 2752 723 2804 hoc
755 2759 840 2806 est
871 2751 1091 2804 Israelis
1123 2750 1413 2820 principio,
1442 2749 1540 2804 sed
1574 2767 1719 2805 nunc
1746 2760 2007 2820 tanquam

432 2861 463 2899 a
499 2855 628 2915 typo
668 2842 735 2897 ad
782 2843 1065 2897 veritatem
1101 2841 1372 2912 pervenit,
1407 2850 1463 2895 et
1502 2842 1556 2895 in
1613 2841 1824 2896 sanctis
1873 2841 2010 2911 ipsis

433 2935 721 3003 discipulis
752 2935 901 2988 velut
932 2935 985 2986 in
1019 2934 1282 3003 primitiis
1309 2933 1525 3002 generis
1553 2933 1855 2988 secundum
1901 2935 2010 3003 spi—

2109 462 2208 499 σαν
2257 445 2492 510 ἐξελθεῖν
2526 446 2634 500 ἀπὸ
2675 445 2778 516 τῆς
2833 445 3151 517 συγγενείας
3185 447 3386 503 αὐτῶν.
3428 448 3539 500 Καὶ
3575 448 3693 511 πῶς

2105 538 2266 592 τοῦτο
2307 537 2594 609 δείξομεν;
2626 540 2799 592 Αὐτόν
2833 557 2914 592 σοι
2963 540 3298 611 παροίσομεν
3342 540 3568 608 λέγοντα
3601 541 3695 592 τὸν

2108 633 2370 703 Χριστόν·
2404 653 2424 683 ‹
2447 633 2505 685 ’0
2538 631 2704 702 φιλῶν
2731 633 2997 703 πατέραῆ
3025 633 3235 705 μητέρα
3274 633 3416 704 ὑπὲρ
3449 633 3696 704 ἐμέ,ούκ

2107 725 2222 778 ἐστι
2254 743 2357 795 μου
2386 726 2553 790 ἄξιος.
2571 745 2589 776 ι
2618 728 2740 780 "Uti.
2766 727 2820 779 δὲ
2848 729 3167 796 συγγενείας
3192 727 3290 798 τῆς
3322 727 3566 795 ἐπιγείου
3598 727 3696 778 καὶ

2108 818 2380 889 σαρκικῆς
2421 820 2815 890 προτετίμηται
2844 820 2913 873 τὰ
2943 820 3094 890 παρὰ
3134 820 3290 883 Θεοῦ,
3324 819 3418 873 καὶ
3463 817 3596 870 πολὺ
3624 817 3690 886 δὴ

2107 912 2374 981 κρείττων
2416 914 2449 983 ὴ
2505 915 2583 976 είς
2626 914 2856 984 Χριστὸν
2891 914 3080 983 ἀγάπη
3127 912 3401 978 τέθειται,
3441 910 3594 981 παρά
3627 926 3692 977 γε

2106 1006 2218 1068 τοῖς
2243 1003 2556 1075 σεϐομένοις
2588 1006 2779 1071 αὑτὸν,
2805 1005 3018 1078 άληθῶς
3040 1005 3142 1059 ούκ
3168 1004 3489 1075 ἀμφίλογον.
3523 1003 3636 1057 Καὶ
3664 1003 3694 1054 ὁ

2112 1099 2212 1168 μὲν
2236 1099 2504 1170 μακάριος
2533 1099 2784 1172 Ἀὕραὰμ
2807 1100 2899 1153 τὸν
2944 1100 3072 1154 ῐδιον
3113 1099 3225 1153 υίὺν
3268 1101 3347 1162 εἰς
3381 1097 3554 1168 ὀσμὴν
3597 1098 3693 1150 εῦ-

2107 1189 2273 1253 ωδίας
2295 1194 2668 1261 προσαγαγεῖν
2695 1192 2773 1262 τῷ
2796 1192 2915 1261 Θεῷ
2949 1190 3278 1245 διεκελεύετο
3296 1205 3311 1220 ⁶
3347 1191 3394 1242 οί
3425 1190 3480 1241 δὲ
3503 1188 3603 1258 τὴν
3634 1190 3694 1240 ἐν

2110 1281 2291 1335 πίστει
2313 1282 2656 1354 δικαιοσύνην
2677 1282 3136 1353 περιζωσάμενοι,
3156 1284 3253 1353 οὑχ
3282 1281 3499 1352 ἐτέρους
3523 1296 3695 1350 προσ-

2109 1373 2357 1440 αγαγεῖν,
2386 1372 2500 1426 ἀλλ’
2530 1375 2753 1437 ἑαυτοὺς
2787 1372 3205 1443 ἐκελεύσθησαν.
3246 1389 3263 1422 ι
3292 1369 3693 1441 Παραστήσατε

2109 1461 2239 1532 γάρ,
2277 1463 2429 1534 φησὶ,
2461 1464 2530 1518 τὰ
2573 1463 2799 1534 σώματα
2844 1463 2998 1534 ὑμῶν
3043 1462 3234 1516 θυσίαν
3275 1460 3474 1525 ζῶσαν,
3504 1459 3689 1528 ἁγίαν,

2110 1555 2403 1625 εὐάρεστον
2429 1555 2507 1626 τῷ
2555 1555 2695 1627 Θεῷ,
2740 1555 2838 1626 τὴν
2885 1555 3107 1627 λογικὴν
3145 1554 3399 1625 λατρείαν
3448 1553 3632 1622 ύμῶνξ
3669 1569 3687 1602 ι

2110 1645 2200 1699 ὅτε
2235 1648 2329 1700 καὶ
2362 1647 2670 1720 γέγραπται
2697 1648 2824 1718 περὶ
2871 1647 3050 1702 αὐτῶν
3081 1663 3094 1677 ο
3129 1665 3148 1698 ι
3194 1645 3257 1699 Ui
3292 1647 3400 1716 γὰρ
3423 1645 3516 1698 τοῦ
3556 1645 3696 1715 Χρι-

2111 1737 2238 1790 στοῦ
2283 1739 2459 1808 Ἰησοῦ
2510 1740 2608 1811 τὴν
2643 1739 2824 1811 σάρκα
2852 1737 3202 1810 ἐσταύρωσαν
3235 1738 3332 1792 σὺν
3368 1739 3478 1800 τοῖς
3510 1736 3693 1805 παθή-

2113 1843 2245 1896 μασι
2295 1830 2389 1884 καὶ
2430 1833 2547 1893 ταῖς
2594 1830 2927 1900 ἐπιθυμίαις.
2963 1849 2982 1882 ι
3018 1830 3299 1898 Ἔγνωσαν
3321 1826 3377 1881 δὲ
3410 1827 3506 1881 καὶ
3536 1825 3697 1880 αὐτοὶ

2108 1925 2170 1978 τὸ
2201 1926 2259 1977 ἐν
2288 1923 2508 1995 Χριστῷ
2549 1922 2868 1993 μυστήριον.
2903 1923 3078 1974 Ἴσασι
3107 1921 3213 1992 γὰρ
3259 1919 3516 1990 δυνάμεις
3563 1919 3695 1988 μέλ-

2109 2015 2291 2078 λοντος
2319 2013 2514 2076 αἰῶνος
2539 2052 2553 2076 ,
2581 2012 2678 2066 καὶ
2699 2013 2766 2066 τὰ
2811 2012 2867 2064 ἐν
2898 2012 3147 2082 ἐσχάτοις
3192 2011 3425 2080 ἐσόμενα
3451 2011 3692 2079 καιροῖς,

2109 2110 2192 2162 ὅτι
2234 2107 2343 2161 τῶν
2374 2108 2520 2160 ἰδίων
2546 2106 2911 2176 ἀπολήψονται
2953 2105 3128 2158 πόνων
3159 2105 3284 2168 τοὺς
3318 2102 3562 2174 μισθοὺς,
3596 2100 3694 2155 καὶ

2109 2203 2208 2273 τῆς
2232 2205 2311 2267 εἰς
2355 2203 2594 2272 Χριστὸν
2632 2201 2914 2264 εὐσεϐείας
2945 2199 3385 2270 ἀντικομιοῦνται
3408 2199 3508 2268 τὴν
3530 2199 3695 2265 ἁμοεερ

2111 2295 2459 2366 6ἠν.ούκοῦν
2491 2295 2691 2348 δίκαιοί
2719 2312 2776 2348 τε
2805 2294 2898 2347 καὶ
2925 2293 3065 2363 φίλοι
3086 2291 3219 2345 Θεοῦ
3253 2289 3691 2364 χρηματιοῦμεν,

2110 2387 2362 2457 καθάπερ
2425 2385 2696 2457 Ἀϐραάμ.
2735 2384 3091 2456 Ἀρχαιοτέρα
3123 2383 3178 2435 δὲ
3233 2383 3435 2453 σφόδρα
3465 2381 3567 2451 τῆς
3606 2399 3694 2434 νου

2114 2480 2279 2548 μικῆς
2324 2478 2599 2540 πολιτείας
2629 2480 2662 2548 ἡ
2713 2477 3080 2546 εύαγγελικὴ,
3117 2474 3261 2529 τοῦτ’
3318 2475 3485 2539 ἐστιν,
3525 2476 3559 2545 ἡ
3602 2473 3695 2527 διὰ

2110 2570 2346 2631 πίστεως
2369 2610 2383 2633 ,
2413 2568 2508 2621 καὶ
2540 2567 2724 2636 φιλίας
2768 2567 2926 2629 Θεοῦ,
2955 2570 3012 2620 ἐν
3049 2566 3250 2638 πρώτῳ
3289 2567 3386 2636 μὲν
3426 2567 3549 2618 τότε
3576 2566 3693 2620 δια-

2111 2659 2469 2730 πεπλασμένη
2515 2657 2593 2729 τῷ
2661 2657 3045 2729 Ἀϐραὰμ,ὡς
3097 2660 3155 2710 ἐν
3202 2658 3340 2729 ἀρχῇ
3393 2657 3488 2710 τοῦ
3548 2657 3693 2710 κατὰ

2113 2752 2290 2822 σάρκα
2316 2751 2506 2820 γένους
2525 2793 2539 2815 ,
2569 2751 2715 2805 τοῦτ’
2760 2752 2874 2804 ἐστι
2912 2751 3007 2805 τοῦ
3052 2750 3266 2822 Ἰσραήλ
3288 2767 3301 2777 ·
3333 2749 3604 2822 ἐρχομένη
3635 2751 3693 2805 δὲ

2112 2846 2246 2907 νυνὶ,
2278 2845 2528 2914 καθάπερ
2557 2845 2619 2896 ἐκ
2652 2843 2822 2896 τύπου
2852 2843 2988 2914 πρὸς
3034 2842 3310 2914 ἀλήθειαν,
3334 2841 3693 2913 πληρουμένη

2109 2955 2168 2991 τε
2223 2935 2401 2999 καλῶς
2446 2939 2504 2988 ἐν
2555 2937 2737 2999 αὐτοῖς
2789 2939 2900 2998 τοῖς
2948 2937 3123 3005 ἁγίοις
3181 2935 3478 3005 μαθηταῖς,
3508 2935 3588 2998 ὡς
3635 2937 3694 2986 ἐν

434 3025 604 3080 ritum
642 3033 789 3081 recte
817 3025 1168 3094 adimpletur,
1199 3026 1348 3095 quod
1384 3026 1675 3094 acquisivit
1717 3026 1771 3079 in
1817 3027 2002 3094 acqui-

2112 3031 2328 3100 άπαρχῇ
2365 3029 2455 3082 τοῦ
2488 3030 2626 3082 κατὰ
2657 3027 2874 3099 πνεῦμα
2899 3029 3107 3096 γένους,
3125 3027 3218 3080 τοῦ
3251 3029 3345 3080 καὶ
3371 3044 3694 3096 περιποιου-

435 3118 687 3172 sitionem
737 3117 947 3187 populi,
985 3117 1078 3186 qui
1127 3125 1180 3171 et
1204 3133 1338 3188 gens
1383 3127 1595 3181 sancta,
1627 3127 1680 3173 et
1708 3118 1890 3186 regale
1921 3134 2012 3172 sa-

434 3211 738 3265 cerdotium
773 3223 1122 3278 nuncupatur
1155 3212 1219 3266 ⁷⁸.
1251 3211 1484 3282 Ideoque
1518 3220 1572 3267 et
1595 3213 1663 3267 ad
1697 3211 2010 3267 Judazorum

434 3311 688 3365 matrem,
718 3301 772 3357 id
803 3311 888 3358 est
934 3301 1303 3373 Synagogam,
1340 3319 1437 3372 per
1475 3300 1780 3358 Psalmistze
1818 3317 2011 3356 vocem

433 3397 642 3451 dictum
673 3402 756 3451 est
785 3412 800 3450 :
839 3413 859 3448 ι
892 3395 1000 3450 Pro
1025 3396 1276 3466 patribus
1305 3396 1414 3451 tuis
1465 3395 1578 3449 nati
1629 3405 1760 3450 sunt
1798 3395 1896 3449 tibi
1953 3393 2026 3447 [i-’

433 3487 495 3544 lii
523 3487 593 3542 ".
627 3507 648 3540 ι
686 3487 950 3554 Quamvis
1004 3490 1152 3544 enim
1187 3497 1370 3544 essent
1423 3489 1519 3542 lilii
1566 3488 1867 3560 Synagogae
1915 3486 2013 3542 Ju-

434 3579 678 3636 dazorum
720 3579 889 3634 divini
942 3581 1201 3650 discipuli
1249 3581 1522 3651 (moribus
1571 3582 1716 3636 enim
1761 3579 2013 3635 Judaicis

435 3669 690 3724 innutriti
742 3671 1011 3740 fuerant).
1069 3673 1125 3727 in
1187 3681 1370 3742 patres
1426 3681 1610 3726 tamen
1671 3673 1803 3726 facti
1861 3681 2011 3738 sunt,

434 3758 732 3815 Abrahami
785 3763 966 3816 locum
1027 3771 1299 3828 tenentes,
1360 3773 1415 3819 et
1470 3764 1689 3834 generis
1745 3763 2012 3833 spiritalis

435 3853 766 3923 principium
798 3852 929 3908 facti
956 3864 1103 3916 sunt,
1142 3862 1306 3924 atque
1340 3853 1545 3909 idcirco
1577 3854 1739 3923 primi
1769 3869 1867 3923 per
1898 3855 2015 3908 uni-

439 3959 662 3998 versum
711 3946 898 3999 orbem
939 3946 1224 4000 constituti
1261 3954 1411 4007 sunt,
1445 3955 1501 4000 et
1539 3945 1631 4015 qui
1669 3945 2015 3999 immolarent

434 4037 892 4108 [ianetilicarentj
928 4036 1284 4108 Evangelium
1321 4037 1550 4103 Christi,
1575 4039 1720 4093 sicut
1751 4039 1844 4092 ille
1870 4038 1924 4091 in
1954 4037 2015 4091 li-

436 4141 572 4198 gma
605 4128 810 4183 Christi
845 4127 1014 4182 ﬁlium
1047 4145 1210 4184 suum
1244 4131 1417 4185 Isaac.
1449 4129 1574 4184 Ilaec
1626 4130 1883 4194 dicimus,
1921 4145 2014 4184 ne-

435 4235 710 4292 quaquam
732 4221 915 4276 debita
943 4229 996 4276 et
1019 4223 1367 4276 convenienti
1391 4224 1564 4292 gloria
1588 4223 1806 4278 beatum
1838 4223 2016 4277 Abra-

437 4311 657 4367 hamum
705 4311 1118 4374 defraudantes.
1154 4315 1251 4369 sed
1299 4314 1658 4370 ostendentes
1701 4317 1757 4369 in
1792 4331 1856 4370 eo
1889 4325 2012 4369 tan-

435 4419 598 4474 quam
645 4405 700 4458 in
731 4412 861 4477 typo
903 4407 1218 4476 dispensata
1270 4405 1441 4462 fuisse
1476 4423 1571 4475 per
1619 4407 1900 4462 Christum
1947 4423 2010 4461 ea

435 4509 558 4562 quae
588 4494 908 4550 novissimis
935 4497 1274 4566 temporibus
1301 4498 1671 4567 contigerunt.
1707 4500 2012 4552 Comitatur

435 4585 640 4654 itaque,
669 4597 724 4640 et
747 4587 1006 4658 colligata
1048 4596 1132 4643 est
1162 4589 1569 4658 quodammodo
1602 4592 1841 4646 libertati
1889 4591 2009 4646 ﬁdei

437 4678 643 4733 amoris
687 4695 815 4748 erga
858 4679 1026 4733 Deum
1075 4681 1350 4750 dignitas:
1400 4684 1542 4753 quod
1577 4685 1753 4739 visum
1790 4686 2010 4755 quidem

435 4776 518 4821 est
547 4775 680 4822 tunc
712 4768 766 4821 in
797 4769 976 4838 primo
1004 4770 1095 4824 illo
1114 4773 1459 4828 Abrahamo:
1498 4791 1645 4828 nunc
1675 4784 1858 4830 autem
1889 4792 2014 4831 rur-

437 4875 532 4915 sus
589 4860 642 4914 in
695 4863 904 4918 sanctis
957 4863 1249 4934 discipulis
1303 4873 1564 4935 tanquam
1623 4867 1678 4922 in
1731 4871 2010 4939 primitiis.

437 4941 594 5020 Quod
629 4961 685 5008 ut
719 4971 1032 5011 asseramus
1060 4956 1282 5012 divinus
1309 4959 1401 5014 ille
1431 4959 1633 5014 Paulus
1677 4977 1780 5017 nos
1817 4963 2012 5033 adigit,

439 5047 532 5115 qui
563 5061 686 5101 cum
716 5046 921 5104 Judazis
960 5052 1122 5104 enixe
1170 5053 1541 5106 contendebat
1574 5053 1696 5108 ﬁdei
1743 5055 2013 5124 justitiam

440 5135 598 5206 longe
645 5140 1013 5209 antiquiorem
1058 5156 1182 5196 esse
1215 5142 1396 5212 legali.
1448 5145 1584 5197 Cum
1623 5145 1770 5198 enim
1804 5145 1871 5199 de
1904 5145 2012 5198 cir-

438 5228 780 5284 enmcisione
830 5232 1017 5288 carnis
1071 5234 1242 5287 verba
1297 5234 1534 5298 faceret,
1571 5251 1682 5290 non
1743 5237 1905 5291 aliam
1940 5237 2013 5291 ob

437 5333 660 5375 causam
690 5321 871 5376 datam
907 5338 1031 5378 esse
1075 5322 1219 5379 hanc
1249 5325 1469 5393 generis
1500 5326 1782 5396 primitiis,
1832 5326 1888 5382 id
1933 5338 2018 5383 est

439 5409 771 5477 Abrahamo,
800 5413 1170 5477 conﬁrmavit,
1203 5429 1368 5484 quam
1420 5427 1480 5472 ut
1513 5427 1898 5489 argumentum
1926 5434 2014 5475 cs-

439 5507 522 5553 set
551 5513 617 5554 ac
663 5501 1004 5572 signaculum
1033 5503 1159 5558 ﬁdei
1193 5519 1313 5574 quae
1343 5505 1398 5561 in
1443 5511 1728 5581 praeputio.
1759 5507 1913 5576 Quod
1963 5511 2009 5567 si

509 5616 731 5693 τξιοςιιι.
755 5636 864 5693 διν.
898 5624 950 5675 3.
1027 5625 1072 5654 ⁷⁸
1099 5625 1285 5681 Matth.
1319 5630 1474 5693 x,57.

442 5699 502 5754 lt,
545 5687 597 5743 9.
692 5691 734 5720 7’
762 5691 907 5745 Psztl.
951 5709 1092 5756 XLIV,
1129 5696 1177 5747 Τ.

1559 5633 1597 5663 ³⁵
1627 5633 1739 5688 Crn
1792 5651 1929 5700 χιιι,
1971 5637 1990 5688 ί
2027 5652 2182 5709 seqq.

2115 3121 2278 3192 μένου
2303 3123 2404 3184 ἐίς
2453 3121 2800 3192 περιποίησιν
2832 3120 2981 3186 λαοῦ,
3014 3117 3072 3184 ὃς
3105 3120 3200 3174 καὶ
3226 3119 3374 3183 ἔθνος
3403 3120 3560 3188 ἅγιον
3597 3120 3694 3172 καὶ

2114 3213 2385 3284 βασίλειον
2432 3213 2727 3283 ἱεράτευμα
2778 3211 3264 3283 προσαγορεύεται.
3303 3211 3394 3264 Διὸ
3424 3212 3520 3264 καὶ
3556 3209 3698 3281 πρὸς

2111 3307 2210 3374 τὴν
2234 3305 2342 3358 τῶν
2376 3305 2641 3358 Ἰουδαίων
2675 3304 2904 3376 μητέρα,
2939 3305 3081 3376 φημὶ
3115 3304 3177 3374 δὴ
3206 3304 3304 3375 τὴν
3334 3305 3694 3375 Συναγωγὴν,

2112 3397 2201 3450 διὰ
2238 3399 2334 3468 τῆς
2373 3398 2466 3451 τοῦ
2491 3397 2801 3460 Ψάλλοντος
2843 3397 3056 3469 εἴρηται
3092 3397 3304 3468 φωνῆς’
3341 3418 3360 3451 ι
3403 3401 3550 3453 Ἀντὶ
3585 3401 3696 3453 τῶν

2115 3486 2364 3557 πατέρων
2408 3503 2502 3539 σου
2572 3486 2941 3557 ἐγεννήθησαν
3003 3488 3053 3538 οἱ
3111 3487 3216 3539 υίοί
3277 3505 3390 3542 σου.
3436 3507 3454 3539 ι
3496 3489 3694 3542 Καίτοι

2113 3579 2221 3650 γὰρ
2255 3579 2405 3642 ὄντες
2427 3579 2532 3631 υἱοὶ
2551 3578 2652 3649 τῆς
2675 3578 2948 3632 Ἰουδαίων
2980 3579 3307 3648 Συναγωγῆς
3333 3579 3383 3631 οἱ
3415 3579 3694 3632 θεσπέσιοι

2117 3672 2355 3744 μαθηταὶ
2395 3671 2562 3743 (ἐθεσι
2607 3672 2716 3743 γὰρ
2758 3671 3142 3743 ἀνετράφησαν
3190 3674 3297 3735 τοῖς
3329 3672 3692 3742 Μωσαῖκοῖς),

2115 3765 2404 3834 γεγόνασιν
2433 3768 2511 3829 είς
2554 3765 2818 3837 πατέρας,
2843 3766 2942 3835 τὴν
2977 3764 3071 3819 τοῦ
3115 3764 3368 3836 Ἀϐραὰμ
3398 3766 3694 3836 ἐπέχοντες

2115 3859 2284 3922 τάξιν,
2311 3858 2404 3911 καὶ
2433 3859 2619 3926 γένους
2636 3859 2780 3928 ἀρχὴ
2804 3858 3142 3930 κατέστησαν
3171 3856 3268 3911 τοῦ
3291 3859 3690 3928 πνευματικοῦ,

2114 3947 2373 4020 ἄρχοντές
2403 3965 2462 4000 τε
2490 3947 2577 4001 διὰ
2621 3947 2780 3999 τοῦτο
2829 3946 3297 4018 κεχειροτόνηνται
3331 3947 3476 3999 κατὰ
3513 3948 3695 3999 πᾶσαν

2114 4041 2212 4110 τὴν
2267 4039 2590 4108 οἰκουμένην
2653 4039 3060 4109 ίερουργοῦντες
3106 4038 3167 4090 τὸ
3215 4037 3548 4106 Εὐαγγέλιον
3597 4036 3692 4090 τοῦ

2116 4132 2388 4205 Χριστοῦ,
2424 4132 2678 4201 καθάπερ
2733 4134 2940 4194 ἐκεῖνος
2991 4133 3048 4183 ἐν
3097 4131 3250 4200 τύπῳ
3306 4131 3547 4201 Χριστοῦ
3604 4131 3693 4183 τὸν

2129 4225 2332 4279 Ἰσαάκ.
2391 4225 2574 4278 Ταῦτά
2607 4241 2806 4293 φαμεν,
2849 4225 2968 4294 ούχὶ
3017 4224 3116 4293 τῆς
3147 4223 3505 4295 ὀφειλομένης
3545 4223 3694 4294 αύτῷ

2120 4319 2213 4371 καὶ
2270 4317 2588 4388 πρεπούσης
2633 4317 2790 4386 δόξης
2847 4315 2949 4380 ἔξω
2989 4315 3227 4378 τιθέντες
3279 4313 3369 4367 τὸν
3423 4316 3694 4387 μακάριον

2128 4412 2400 4483 Ἀϐραὰμ,
2429 4411 2544 4464 ἀλλ’
2575 4408 2650 4470 ὡς
2671 4411 2728 4462 ἐν
2761 4409 2916 4480 τύπῳ
2960 4408 3297 4472 δεικνύοντες
3339 4409 3398 4460 ἐν
3441 4410 3595 4480 αὐτῷ
3628 4410 3693 4462 τὰ

2113 4505 2170 4556 ἐν
2221 4503 2472 4573 ἐσχάτοις
2537 4504 2747 4573 καιροῖς
2805 4499 3227 4570 οἰκονομηθέντα
3290 4499 3378 4552 διὰ
3425 4499 3690 4570 Χριστοῦ.

2112 4594 2424 4665 ΙΙαρέπεται
2475 4594 2654 4646 τοίνυν
2698 4592 2790 4644 καὶ
2845 4590 3195 4654 συνέζευκταί
3239 4609 3354 4654 πως
3387 4594 3450 4660 τῇ
3485 4590 3578 4644 διὰ
3609 4592 3696 4644 πί-

2115 4705 2284 4751 στεως
2313 4687 2612 4757 ἐλευθερίᾳ,
2635 4685 2696 4737 τὸ
2719 4685 2816 4754 τῆς
2850 4684 2984 4755 πρὸς
3013 4683 3145 4736 Θεὸν
3173 4683 3352 4752 φιλίας
3372 4683 3432 4736 τὸ
3452 4682 3692 4752 ἀξίωμα,

2113 4783 2248 4850 ὅπερ
2279 4779 2437 4847 ὤφθη
2470 4778 2566 4848 μὲν
2600 4779 2656 4830 ἐν
2687 4777 2888 4846 πρώτῳ
2918 4776 3038 4828 τότε
3067 4775 3143 4845 τῷ
3183 4775 3460 4846 Ἀϐραάμο
3495 4781 3618 4829 νυνὶ
3640 4778 3696 4830 δὲ

2113 4872 2293 4932 πάλιν,
2330 4871 2405 4932 ὡς
2446 4871 2502 4922 ἐν
2533 4869 2756 4938 ἁπαρχῇ
2792 4869 2903 4928 τοῖς
2950 4864 3124 4932 ἁγίοις
3184 4865 3474 4934 μαθηταῖς.
3508 4865 3697 4935 Παρα-

2112 4963 2334 5034 κομίσαι
2369 4961 2424 5014 δέ
2453 4978 2570 5022 πως
2615 4960 2706 5012 ἐπί
2752 4960 2814 5012 τὸ
2850 4957 3022 5010 ταῦτα
3065 4957 3259 5026 χρῆναι
3285 4955 3464 5021 λέγειν
3498 4957 3697 5026 ἡμᾶςό

2115 5052 2401 5113 θεσπέσιος
2430 5048 2660 5111 Παῦλος,
2693 5048 2753 5100 οῦ
2810 5047 3044 5118 μετρίως
3084 5049 3194 5110 τοῖς
3233 5045 3508 5107 Ἰουδαίοις
3554 5044 3697 5114 φιλο-

2115 5144 2330 5206 νεικῶν,
2349 5143 2431 5195 ὅτι
2464 5145 2563 5212 τῆς
2601 5139 2742 5192 κατὰ
2768 5141 2932 5209 νόμον
2958 5135 3305 5205 δικαιοσύνης
3342 5135 3695 5206 πρεσϐυτέρα

2118 5236 2238 5288 λίαν
2273 5237 2418 5288 ἐστὶν
2465 5235 2498 5304 ἡ
2545 5233 2910 5302 ἐκπίστεως.
2951 5231 3080 5283 Ὅτε
3131 5229 3241 5298 γὰρ
3285 5229 3376 5282 τὸν
3414 5227 3514 5297 τῆς
3553 5228 3694 5282 κατὰ

2121 5329 2301 5398 σάρκα
2347 5325 2652 5396 περιτομῆς
2686 5325 2922 5378 ἐποιεῖτο
2955 5321 3150 5390 λόγον,
3177 5322 3276 5392 οὐχ
3319 5320 3512 5392 ἐτέρου
3547 5320 3696 5382 τινος

2118 5424 2276 5493 χάριν
2319 5419 2564 5473 δεδόσθαι
2614 5417 2820 5488 ταύτην
2861 5416 3236 5485 διῖσχυρίσατο
3280 5417 3348 5483 τῇ
3380 5413 3476 5466 τοῦ
3508 5414 3695 5481 γένους

2119 5514 2366 5585 ἁπαρχῇ,
2412 5509 2556 5564 τοῦτ’
2604 5509 2716 5562 ἔστι
2766 5508 2844 5578 τῷ
2887 5508 3158 5580 Ἀϐραὰμ,
3211 5507 3244 5576 ἢ
3299 5506 3395 5559 τοῦ
3444 5504 3692 5574 γενέσθαι

2284 5637 2330 5668 ’⁸
2356 5633 2510 5689 Rom.
2559 5648 2654 5698 ιιι,
2695 5635 2742 5687 t.
2851 5631 3100 5686 "Galat.
3140 5647 3194 5698 τ,
3225 5631 3316 5686 24.
3422 5629 3512 5686 "1
3547 5628 3681 5685 Petr.
