3868 6200
165 299 277 358 589

1185 289 1260 346 ΙΝ
1291 288 1578 347 JOANNIS
1617 286 2070 345 EVANGELIUM
2111 285 2238 344 LIB.
2275 286 2341 342 Χ.

3339 278 3448 339 ἔω

169 409 403 480 σημεῖον
445 407 538 460 καὶ⁵
582 403 856 477 σφραγῖδα
910 402 1010 474 τῆς
1059 403 1116 457 ἐν
1145 402 1479 473 ἀκροϐυστία
1509 401 1764 466 πίστεως.

1879 411 1998 455 ante
2038 402 2210 470 legem
2245 411 2362 456 erat
2390 399 2738 471 praeputium,
2767 414 2890 454 cum
2917 411 3026 470 quo
3075 400 3239 454 etiam
3275 399 3448 462 fides:

167 501 237 554 Ei
268 500 325 552 δέ
354 499 461 569 πρὸ
492 498 656 569 νόμου
684 499 717 567 ἠ
747 494 1102 567 ἀκροϐυστία,
1138 495 1257 566 μεθ’
1283 490 1350 568 ἧς
1379 496 1471 548 καὶ
1500 497 1532 566 ἡ
1564 496 1766 558 πίστις,

174 591 317 663 μετὰ
362 591 420 644 δὲ
472 591 564 644 τὸν
613 590 777 660 νόμον
815 591 847 660 ἠ
885 589 1156 660 περιτομὴ
1201 589 1263 641 τὸ
1308 591 1373 642 ἐκ
1406 589 1640 652 πίστεως
1669 588 1768 640 οὑκ

173 684 377 754 ἔχουσα
432 683 718 753 καύχημα,
753 681 1085 734 πεπίστευκε
1116 680 1172 732 δέ
1237 680 1487 750 Ἀϐραὰμ
1513 681 1572 733 ἐν
1613 679 1770 750 ἀκρο-

174 775 393 848 ϐυστίᾳ,
423 776 541 839 πῶς
590 777 648 828 οὑ
690 775 1040 846 πρεσϐυτέρα
1077 775 1176 845 τῆς
1210 775 1267 826 ἐν
1299 774 1450 844 νόμῳ
1495 772 1770 834 πολιτείας

174 873 209 940 ἡ
235 870 326 924 διὰ
349 870 590 933 πίστεως
613 869 769 921 ἔσται
797 866 1138 938 δικαιοσύνη,
1172 865 1564 935 δικαιουμένων
1594 881 1652 917 τε
1675 864 1769 917 καὶ

175 961 650 1032 ἐλευθερουμένων
685 959 774 1012 διὰ
829 959 929 1028 τῆς
974 960 1053 1022 εἰς
1097 958 1230 1012 Θεὸν
1275 958 1490 1027 φιλίας,
1518 957 1770 1028 καθάπερ

188 1053 480 1124 Ἀῦραάμς
511 1052 654 1105 οὕτω
687 1051 796 1121 γὰρ
831 1050 984 1103 ἔσται
1013 1050 1108 1102 καὶ
1138 1051 1318 1119 πατὴρ
1339 1048 1548 1101 πολλῶν
1578 1047 1768 1114 ἐθνῶν,

176 1143 238 1210 ἐξ
270 1142 600 1212 ἐπαγγελίας
621 1184 636 1208 ,
662 1143 723 1195 οὑ
753 1141 894 1194 κατὰ.
928 1142 1128 1212 σάρκα.
1158 1140 1268 1194 Καὶ
1296 1140 1467 1194 ταῦτα
1496 1142 1611 1193 νυνὶ
1637 1157 1772 1211 xm-

179 1233 355 1302 σίμως
384 1234 707 1303 εἰρήκαμεν,
737 1231 824 1285 διὰ
852 1231 911 1284 τὸ
936 1233 1102 1299 φάναι
1128 1231 1218 1283 τὸν
1247 1231 1450 1302 Κύριον
1479 1249 1491 1261 ·
1523 1250 1542 1281 ε
1575 1233 1771 1285 Οὐκέτι

175 1325 324 1392 λέγω
353 1325 496 1393 ὑμᾶς
525 1322 744 1384 δούλους
773 1339 784 1350 ·
824 1323 980 1392 ὑμεῖς
1015 1323 1158 1390 φίλοι
1195 1321 1295 1392 μού
1328 1326 1471 1385 ἐστε,
1491 1323 1572 1376 ὅτι
1597 1324 1773 1377 πάντα

177 1416 214 1469 ἃ.
237 1417 449 1486 ἦκουσα
475 1414 626 1481 παρά
651 1412 746 1467 τοῦ
780 1415 995 1484 Πατρὸς
1022 1415 1323 1484 ἁνήγγειλα
1356 1416 1504 1484 ὑμῖψ
1546 1433 1563 1466 ι

257 1512 382 1576 Οὐχ
433 1507 602 1576 ὑμεῖς
624 1523 701 1574 με
742 1506 1136 1571 ἐξελέξασθε,
1178 1509 1317 1561 ἀλλ’
1354 1507 1468 1578 ἐγὼ
1494 1507 1774 1574 ἐξελεξά-

171 1617 303 1671 μην
339 1598 529 1668 ὑμᾶς,
555 1599 654 1652 καὶ
692 1598 925 1652 τέθεικα
977 1598 1166 1668 ὑμᾶς,
1209 1601 1309 1653 ἵνα
1355 1600 1622 1669 ὑπάγητε
1672 1603 1770 1655 καί

175 1691 417 1759 καρπὸν
467 1689 716 1758 φέρητε,
761 1689 858 1742 καὶ
895 1692 926 1742 ό
963 1688 1193 1757 καρπὸς
1243 1690 1410 1759 ὑμῶν
1441 1691 1593 1759 μένῃ
1623 1707 1636 1720 ⁶
1672 1694 1771 1747 ἵνα

1872 504 1995 565 post
2040 495 2214 567 legem
2265 507 2445 550 autem
2493 493 2866 560 circumcisio,
2908 509 3029 564 quae
3066 492 3449 563 gloriationem

1870 603 1936 642 ex
1971 588 2074 642 ﬁde
2103 603 2214 642 non
2248 587 2431 650 habet,
2463 595 2516 640 et
2566 586 2843 640 Abraham
2883 587 2936 639 in
2977 585 3247 655 praaputio
3273 583 3449 638 credi-

1870 678 1987 732 dit:
2022 679 2114 749 qui
2151 679 2264 733 ﬁeri
2302 685 2485 748 potest
2521 677 2806 746 utjustitia
2843 676 3005 746 legali
3030 691 3140 729 non
3171 673 3444 744 antiquior

1870 770 1945 826 sit
1971 771 2186 841 justitia
2211 771 2358 835 tidei,
2385 786 2509 826 cum
2552 785 2648 840 per
2674 770 2974 824 amicitiam
3000 783 3130 839 erga
3164 767 3333 823 Deum
3361 767 3453 836 ju-

1871 863 2182 918 stiﬁcentur
2211 879 2276 918 ac
2315 863 2473 918 liberi
2505 862 2636 916 ﬁant
2669 863 2920 918 homines
2953 862 3098 916 sicut
3129 858 3454 914 Abraham?

1872 955 1965 1010 Sic
2010 956 2154 1010 enim
2189 956 2294 1011 erit
2336 972 2554 1026 quoque
2591 963 2750 1025 pater
2779 955 3079 1008 multarum
3112 955 3356 1023 gentium
3385 968 3451 1006 ex

1871 1047 2258 1117 promissione,
2312 1063 2420 1101 non
2473 1046 2777 1101 secundum
2820 1061 3063 1101 carnem.
3100 1046 3282 1112 Atque
3337 1045 3454 1099 haec

1871 1138 2158 1194 commode
2203 1153 2349 1192 ltllllc
2396 1139 2658 1203 diximus,
2718 1146 3005 1207 propterea
3054 1137 3199 1208 quod
3247 1138 3325 1191 ait
3349 1135 3455 1189 llo—

1872 1231 2100 1286 minus:
2148 1251 2166 1282 ι
2210 1229 2330 1284 Jam
2366 1246 2474 1284 non
2519 1231 2696 1283 dicam
2745 1246 2845 1284 vos
2889 1245 3118 1284 servos:
3156 1245 3252 1284 vos
3288 1227 3452 1282 amici

1874 1323 1978 1377 mei
2011 1323 2171 1386 estis,
2221 1324 2352 1392 quia
2397 1323 2580 1375 omnia
2613 1338 2959 1392 quaecunque
3004 1322 3190 1375 audivi
3223 1337 3253 1375 a
3288 1319 3454 1376 Patre

1877 1427 2018 1479 meo,
2053 1422 2184 1469 nota
2215 1414 2318 1469 feci
2350 1415 2510 1468 vobis
2544 1414 2611 1468 3°.
2649 1432 2670 1464 ι

1943 1505 2108 1576 892
2162 1504 2278 1569 XV,
2309 1504 2394 1560 i6.
2429 1505 2549 1558 Non
2582 1522 2668 1559 vos
2709 1521 2789 1557 me
2817 1503 3070 1573 elegistis.
3101 1499 3190 1556 sed
3209 1518 3301 1573 ego
3321 1500 3454 1572 elegi

1875 1607 2050 1661 vos,et
2074 1599 2226 1664 posui
2251 1614 2340 1652 vos
2364 1607 2419 1650 ut
2453 1599 2609 1662 eatis,
2638 1607 2686 1651 et
2712 1599 2946 1665 fructum
2965 1597 3228 1665 a/j‘eratis,
3256 1605 3306 1650 et
3330 1595 3450 1665 fru-

1874 1698 1990 1742 ctus
2019 1697 2183 1742 vester
2218 1698 2464 1741 maneat:
2499 1698 2552 1740 ut
2583 1688 2928 1757 quodcunque
2949 1687 3206 1756 petieritis
3237 1685 3454 1768 Patren:

175 1784 208 1834 ὅ
242 1800 297 1835 τι
322 1781 401 1835 ἂν
427 1780 718 1848 αἰτήσητε
749 1780 854 1834 τὸν
881 1781 1115 1849 Πατέρα
1147 1783 1216 1835 ἐν
1251 1780 1330 1847 τῷ
1362 1784 1606 1853 ὀνόματι
1627 1803 1762 1854 μου,

1879 1783 1921 1834 in
1948 1783 2156 1835 nomine
2188 1797 2318 1834 meo.
2353 1780 2437 1834 det
2471 1781 2637 1836 vobis.

174 1872 260 1938 δῷ
309 1873 470 1943 ὑμῖν.

247 1963 390 2018 Οὔτε
448 1966 560 2027 τοῖς
603 1963 743 2031 ἄγαν
778 1963 1230 2035 δυσαχθεστέροις
1277 1965 1772 2038 καταφορτίζεσθαι

174 2054 360 2123 λόγοις
389 2055 516 2117 τοὺς
541 2055 730 2121 ἁγίους
753 2055 938 2123 ἐφίησι
969 2053 1238 2125 μαθητὰς,
1265 2057 1325 2109 τὸ
1353 2057 1487 2111 πολὺ
1524 2059 1774 2123 νενευκὸς

175 2149 257 2213 εἰς
286 2147 575 2200 ἀσθένειαν
604 2145 712 2200 τῶν
745 2145 1105 2217 ἀνθρωπίνων
1139 2145 1417 2217 λογισμῶν
1455 2149 1554 2202 οὑκ
1577 2150 1775 2222 ἀγνοήο

177 2257 302 2302 σας,
329 2238 406 2302 ὼς
442 2237 594 2302 Θεὸς,
638 2236 760 2291 οὔτε
794 2236 900 2308 μὴν
943 2241 1064 2302 ταῖς
1090 2239 1456 2313 ὑπερμέτροις
1484 2243 1772 2316 θυμηδίαις

176 2332 243 2401 ἐᾷ
301 2328 606 2382 διακεῖσθαι
651 2328 787 2398 πρὸς
824 2329 886 2381 τὸ
929 2331 1204 2408 εὑόλισθον
1236 2332 1471 2404 (νόσημα
1506 2335 1616 2406 γάρ
1657 2353 1773 2401 πως

177 2424 275 2475 καὶ
312 2422 472 2474 τοῦτο
513 2421 728 2492 πικρόν)
753 2439 767 2452 ’
807 2422 932 2492 μίαν
963 2424 1019 2476 δὲ
1058 2423 1249 2494 ὥσπερ
1275 2425 1332 2492 ἐξ
1363 2428 1566 2496 ἀμφοῖν
1594 2428 1773 2481 διακε-

178 2515 356 2585 ράσας
418 2514 730 2584 μεσότητα,
763 2514 990 2585 ποδηγεῖ
1035 2515 1385 2584 καθηκόντως
1432 2520 1512 2582 είς
1556 2520 1771 2591 ἀσφαλῆ

177 2609 368 2679 τρίϐον
398 2651 412 2672 ,
448 2609 542 2660 καὶ
595 2609 868 2662 πολιτείαν
925 2608 1037 2680 [γρ.
1090 2609 1388 2684 πολιτείας]
1432 2613 1613 2677 αὑτοῖς
1671 2614 1773 2684 τῆς

177 2701 534 2772 ἐδραιοτέρας
558 2740 570 2762 ,
601 2703 698 2754 καὶ
731 2701 1134 2771 σφαλερότητος
1168 2703 1385 2775 ἁπάσης
1415 2703 1772 2776 ἀπηλλαγμέ-

179 2807 278 2860 νης
318 2791 672 2861 ἐνεργάζεται
703 2791 925 2860 γνῶσιν.
957 2792 1338 2862 Διαρκέστατα
1367 2794 1544 2847 τοίνυν
1575 2795 1773 2858 αὑτοὺς

177 2887 296 2946 τοῖς
338 2885 420 2947 είς
471 2883 820 2954 παράκλησιν
863 2884 1171 2954 ἀπαλείψας
1213 2885 1428 2954 λόγοις,
1463 2887 1557 2940 καὶ
1585 2889 1670 2955 ἐφ’
1693 2882 1774 2951 οἷς

182 2971 253 3044 ἦν
284 2975 433 3039 εἰκὸς
463 2975 910 3043 καταστυγνάσαε
944 2975 1198 3045 πρέπειν,
1234 2977 1446 3046 χαίρειν
1475 2977 1775 3040 ἀναπείσας

178 3068 240 3132 ἐξ
272 3067 662 3138 ἀντιστροφῆς,
712 3069 834 3130 ταῖς
864 3069 944 3127 εἰς
971 3066 1286 3138 φιλεργείαν
1321 3067 1564 3132 ἐντολαῖς
1594 3088 1771 3140 παρα-

181 3159 340 3225 θήσει
391 3157 501 3230 [ῃο.
530 3158 864 3231 παραθήγει]
906 3159 1068 3212 πάλιν
1096 3161 1174 3223 εἰς
1201 3158 1463 3229 εὑτολμον
1495 3159 1771 3231 φρόνημα,

181 3252 279 3304 καὶ
306 3249 396 3302 διὰ
447 3251 629 3319 πάσης
671 3249 850 3312 ίόντας
886 3250 1122 3320 σπουδῆς
1155 3250 1250 3303 καὶ
1277 3249 1369 3302 τὸν
1395 3247 1673 3320 ἐξαίρετον
1695 3250 1775 3314 είς

182 3341 535 3412 φιλαλληλίαν
575 3339 997 3413 ἐπιτηδεύοντας
1027 3343 1250 3412 τρόπον,
1291 3342 1524 3410 ὠφελεῖν
1557 3340 1774 3394 κελεύει

178 3432 310 3493 τιὺς
341 3430 604 3494 ἀπίστους
655 3429 766 3495 ἔτι,
801 3430 896 3483 καὶ
924 3432 1039 3493 τοῖς
1070 3431 1149 3492 είς
1189 3430 1472 3483 εὐσέϐειαν
1514 3429 1693 3497 λόγοις
1714 3446 1775 3483 τε

180 3523 278 3575 καὶ
315 3523 604 3592 πράγμασι
636 3519 958 3591 σαγηνεύειν
989 3519 1311 3589 ἐπείγεσθαι
1343 3521 1468 3582 τοὺς
1500 3520 1778 3590 πεπλανη-

185 3613 402 3684 μένους,
432 3615 513 3678 είς
566 3613 628 3664 τὸ
674 3612 848 3666 θέλειν
892 3612 978 3665 διὰ
1025 3611 1258 3674 πίστεως
1293 3611 1588 3665 κολλᾶσθαι
1634 3611 1773 3682 Θεῷ.

195 3701 423 3753 Ἑαυτὸν
460 3699 753 3771 τοιγαροῦν
794 3700 980 3752 εἰκόνα
1026 3700 1121 3753 καὶ
1143 3700 1312 3753 τύπον
1335 3699 1428 3752 τοῦ
1453 3699 1779 3770 πράγματος

183 3791 478 3863 παραθεὶς,
517 3793 610 3845 καὶ
659 3791 1018 3862 παρενεγκὼν
1061 3795 1140 3855 εἰς
1171 3792 1336 3861 μέσον
1369 3791 1427 3844 τὸ
1455 3794 1536 3854 εἰς
1581 3793 1779 3857 αὐτοὺς

159 3874 289 3951 ¹ἤδη
339 3879 726 3950 τετελεσμένον
765 3881 914 3951 αὑτῷ
937 3920 952 3946 ,
983 3881 1266 3951 μιμεῖσθαί
1287 3898 1344 3933 τε
1374 3882 1549 3934 πείθει
1580 3882 1672 3934 τὸν
1697 3881 1776 3936 δι-

183 3968 478 4030 δάσκαλον,
506 3971 602 4022 καὶ
646 3973 758 4034 τοῖς
807 3970 942 4034 ίσοις
973 3970 1302 4039 διαλάμπειν
1353 3972 1549 4034 αὐτοὺς
1578 3989 1774 4043 κατορ-

185 4061 428 4130 θὼμασι,
457 4061 630 4130 λέγων
655 4079 701 4114 ἰ
728 4063 840 4134 υὺχ
867 4064 1024 4134 ὑμεῖς
1056 4081 1122 4134 με
1151 4063 1494 4130 ἐξελέξασθε,
1524 4064 1638 4117 ἀλλ’
1669 4064 1779 4133 ἐγὼ

185 4152 334 4219 ὑμᾶς
369 4151 726 4223 ἐξελεξάμην,
771 4172 791 4204 ι
821 4154 916 4206 καὶ
958 4153 1029 4206 τὰ
1071 4153 1283 4214 τούτοις
1319 4152 1536 4224 ἐφεξῆς.
1582 4153 1780 4208 Ἐννόει

183 4245 296 4314 γάρ
352 4243 579 4311 λέγοντα
627 4243 826 4314 τυχόν*
860 4243 1251 4313 Περιζώσασθε
1286 4244 1386 4316 τὴν
1413 4247 1493 4309 είς
1516 4244 1778 4316 ἀλλήλους

185 4328 496 4404 ἁγάπην,ὧ
528 4335 805 4407 μαθηταί·
837 4335 1007 4390 ταῦτα
1041 4336 1147 4409 γὰρ
1175 4337 1325 4407 δήτοι
1357 4339 1574 4405 φρονεῖν
1595 4354 1652 4390 τε
1687 4339 1780 4390 καὶ

183 4427 321 4496 δρᾷν
348 4427 428 4489 είς
462 4426 684 4496 ἑτέρους
730 4426 976 4495 ὀφείλετε
1018 4427 1117 4482 καὶ
1156 4427 1316 4497 ὑμεῖς
1364 4428 1536 4490 αὑτοὶ,
1567 4429 1660 4481 καὶ
1691 4421 1779 4482 διὰ

189 4519 447 4570 συντόνου
477 4518 716 4590 σπουδῆς
747 4519 1078 4591 ἐργάζεσθαι
1110 4520 1314 4588 φιλεῖν,
1357 4521 1500 4590 ειπερ
1530 4521 1607 4583 είς
1641 4521 1786 4591 ὑμᾶς

187 4609 304 4676 ἐγὼ
332 4609 593 4663 τετέλεκα
636 4609 870 4679 φθάσας.
930 4609 1072 4679 Ἐγὼ
1101 4610 1208 4680 γὰρ
1243 4610 1574 4681 ἐξελεξάμην
1606 4612 1748 4682 ὑμᾶς
1769 4629 1782 4643 '

187 4701 291 4752 οὑκ
319 4700 421 4770 ἐμὲ
453 4700 653 4770 μᾶλλον
682 4702 864 4770 ὑμεῖς.
895 4701 1039 4768 Ἐγὼ
1070 4703 1503 4773 προσηγαγόμην
1533 4703 1628 4755 καὶ
1654 4704 1788 4770 γνὼ-

192 4805 359 4860 ριμον
388 4789 486 4858 μὲν
527 4791 628 4842 οὑκ
662 4791 828 4844 εἰδόσι
859 4791 1190 4862 κατέστησα,
1224 4791 1290 4844 δι’
1334 4791 1589 4862 ὑπερφυᾶ
1612 4793 1785 4864 γαλη-

191 4876 419 4946 νὸτητα,
451 4878 533 4940 είς
578 4878 802 4950 ἑδραίαν
850 4879 907 4932 δὲ
957 4879 1131 4943 οὑτως
1185 4881 1486 4952 ἀνεκόμισα
1534 4882 1782 4953 γνώμην,

190 4967 335 5020 ὥστε
382 4968 527 5037 ὑμᾶς
569 4970 815 5037 ἀνάγειν,
846 4969 992 5022 τοῦτ’
1023 4970 1192 5033 ἔστιν,
1224 4973 1311 5026 ἀεὶ
1346 4975 1482 5045 πρὸς
1506 4974 1566 5026 τὸ
1603 4976 1785 5045 μεῖζον

190 5057 547 5111 ἐκτείνεσθαι’
579 5059 676 5112 καὶ
720 5065 1091 5131 καρποφορεῖν
1123 5061 1384 5116 δύνασθαι
1411 5063 1487 5134 τῷ
1520 5064 1658 5136 Θεῷ.
1687 5064 1787 5118 Διά

189 5163 251 5200 τε
282 5147 477 5200 τούτου
504 5150 639 5219 πρὸς
665 5150 934 5221 τοσαύτην
981 5150 1112 5204 forte
1156 5152 1495 5222 παρρησίαν,
1523 5151 1664 5206 ὥστε
1691 5155 1786 5208 καὶ

190 5241 221 5294 ὃ
240 5257 295 5292 τι
330 5239 400 5294 ἂν
431 5239 621 5310 αἰτῆτε
652 5240 837 5294 λοιπὸν
868 5242 960 5294 ἐπὶ
987 5241 1064 5313 τῷ
1092 5243 1318 5313 ὀνόματί
1345 5261 1470 5313 μου,
1503 5244 1661 5298 τοῦτο
1694 5247 1786 5300 καὶ

191 5331 402 5388 λαϐεῖν.
431 5332 642 5385 Οὐκοῦν
672 5333 905 5404 ἐπείπερ
929 5333 1036 5386 τῶν
1065 5334 1212 5405 ἐμῶν
1248 5339 1371 5388 κατ’
1397 5338 1542 5407 ἴχνος
1575 5337 1786 5408 βαίνετε

194 5425 374 5493 λόγων
404 5439 464 5475 τε
493 5423 585 5477 καὶ
612 5423 956 5497 διοικήσεων,
983 5426 1077 5480 καὶ
1106 5425 1206 5496 τὴν
1239 5429 1350 5491 τοῖς
1383 5428 1627 5498 γνησίοις
1654 5431 1791 5500 πρέ-

196 5532 411 5571 πουσαν
445 5515 713 5587 μαθηταῖς
744 5518 1167 5592 περιζώσασθαι.
1192 5516 1302 5592 [ῑσ.
1351 5517 1788 5593 περιεζώσασθε]

269 5712 316 5744 ⁸⁸
338 5705 502 5767 Joan.
543 5726 634 5781 xv,
659 5712 708 5767 5.

1948 1959 2058 2015 Nec
2109 1971 2336 2017 sanctos
2381 1962 2683 2032 discipulos
2726 1963 3074 2034 gravioribus
3105 1965 3288 2020 verbis
3320 1979 3452 2021 one-

1876 2048 1986 2101 rari
2019 2049 2171 2112 sinit,
2203 2050 2429 2104 humani
2456 2052 2662 2122 ingenii
2695 2053 3126 2109 imbecillitatem
3150 2071 3261 2108 non
3292 2055 3452 2125 igno-

1878 2156 2030 2206 rans,
2073 2150 2132 2194 ut
2183 2139 2346 2207 Deus,
2378 2158 2480 2198 nec
2515 2143 2879 2199 immoderata
2934 2146 3122 2199 laetitia
3155 2145 3322 2200 dilabi
3354 2160 3453 2217 pa-

1876 2230 2009 2284 titur
2038 2234 2244 2301 (gravis
2266 2235 2413 2287 enim
2435 2234 2527 2288 hic
2555 2251 2777 2306 quoque
2812 2237 3040 2293 morbus
3069 2238 3194 2304 est),
3226 2239 3321 2293 sed
3344 2255 3453 2294 una

1875 2323 2282 2391 quodammodo
2311 2341 2376 2380 ex
2408 2325 2678 2382 ambobus
2708 2328 3089 2384 mediocritate
3133 2339 3452 2400 temperata,

1875 2415 1929 2467 in
1987 2423 2164 2469 tutum
2217 2416 2322 2470 iter
2355 2432 2453 2473 eos
2504 2419 2898 2474 convenienter
2931 2419 3176 2487 deducit,
3229 2429 3284 2477 et
3325 2424 3454 2477 vine

1875 2507 2182 2562 stabilioris
2228 2521 2396 2579 atque
2427 2512 2578 2564 omni
2632 2527 2823 2566 errore
2849 2527 3039 2566 vacuae
3083 2513 3454 2583 cognitionem

1876 2599 2088 2653 inserit.
2121 2601 2228 2656 Eos
2258 2601 2443 2672 itaque
2484 2602 2620 2657 satis
2661 2618 2938 2672 superque
2973 2604 3270 2659 verborum
3303 2606 3454 2660 sola-

1875 2693 1951 2744 tio
1980 2691 2264 2760 delinitos,
2304 2705 2360 2747 et
2393 2694 2597 2763 quibus
2630 2709 2695 2748 ex
2730 2696 2894 2751 rebus
2928 2711 3025 2765 par
3072 2704 3190 2750 erat
3223 2711 3319 2752 eos
3348 2696 3455 2750 tri-

1873 2783 2023 2838 etitia
2065 2785 2228 2847 allici,
2257 2800 2287 2839 e
2315 2787 2600 2839 contrario
2632 2787 2873 2855 gaudere
2909 2802 3223 2855 persuasos,
3269 2789 3335 2842 ad
3373 2789 3452 2842 la.-

1873 2867 2022 2923 b0ris
2051 2869 2292 2923 studium
2328 2871 2602 2928 hortando
2636 2889 2833 2928 rursus
2858 2874 2924 2928 ad
2956 2890 3279 2945 generosam
3305 2892 3454 2930 men-

1877 2969 1981 3014 tem
2037 2962 2220 3029 erigit,
2268 2949 2532 3032 omnique
2579 2967 2794 3020 ratione
2831 2967 2883 3018 in
2913 2977 3159 3020 mutuum
3213 2984 3454 3024 amorem

1872 3067 2066 3106 versos
2101 3054 2358 3122 opitulari
2387 3055 2547 3124 jubet
2579 3055 2892 3111 inﬁdelibus
2922 3057 3124 3122 adhuc,
3156 3066 3210 3112 et
3237 3058 3458 3129 pietatis

1876 3143 2225 3197 sermonibus
2261 3159 2326 3198 ac
2375 3146 2637 3215 operibus
2669 3155 2944 3213 errantes,
2991 3148 3218 3219 adigere
3263 3154 3323 3203 ut
3360 3163 3460 3219 per

1876 3230 2038 3284 ﬁdem
2065 3230 2177 3287 Deo
2211 3233 2545 3290 cohaereant.
2581 3235 2834 3306 Seipsum
2867 3239 3035 3308 igitur
3067 3239 3357 3310 imaginem
3391 3254 3458 3294 ac

1875 3324 2064 3388 typum
2117 3321 2281 3376 istius
2322 3323 2399 3376 rei
2436 3323 2728 3391 exhibens,
2763 3334 2818 3380 et
2871 3327 2924 3378 in
2984 3327 3220 3380 medium
3277 3329 3458 3398 profe-

1876 3425 2004 3465 rens
2034 3413 2178 3481 quod
2218 3428 2350 3484 erga
2388 3430 2484 3469 eos
2515 3425 2824 3486 peregerat,
2852 3417 3175 3484 magistrum
3212 3435 3370 3471 suum
3399 3429 3459 3472 ut

1878 3500 2161 3556 imitentur
2213 3505 2530 3573 persuadet,
2588 3521 2653 3560 ac
2705 3505 2982 3561 similibus
3033 3506 3300 3576 operibus
3341 3508 3458 3560 ela—

1877 3601 2055 3658 rcant,
2101 3592 2331 3649 dicens:
2377 3614 2396 3647 ‹
2442 3595 2563 3651 Non
2620 3611 2722 3651 vos
2775 3612 2862 3650 me
2915 3597 3180 3666 elegistis,
3215 3596 3312 3653 sed
3357 3614 3458 3668 ego

1877 3683 2014 3751 elegi
2050 3697 2170 3748 vos,
2223 3702 2242 3735 ι
2295 3694 2350 3739 et
2380 3701 2502 3754 qua?
2538 3694 2864 3756 sequuntur.
2910 3685 3076 3757 Finge
3130 3687 3278 3742 enim
3329 3703 3456 3743 eum

1879 3773 1952 3827 ita
1987 3775 2172 3844 loqui:
2201 3775 2611 3849 Praeeingimini
2645 3779 2936 3834 dilectione
2977 3789 3195 3840 mutua.
3222 3794 3255 3836 ο
3287 3778 3457 3835 disci-

1879 3868 2015 3936 puli.
2067 3869 2194 3921 Hzrc
2226 3869 2372 3922 enim
2412 3869 2658 3939 proiecto
2692 3886 2886 3940 sapere
2921 3879 2975 3926 et
3030 3870 3211 3927 facere
3258 3873 3351 3927 alii
3402 3874 3472 3927 in.

1880 3961 2019 4012 alios
2063 3959 2168 4028 ipsi
2210 3960 2445 4026 debetis,
2478 3975 2542 4014 ac
2575 3961 3062 4016 vehementissimo
3103 3963 3288 4018 studio
3326 3979 3458 4033 ope-

1880 4051 1990 4103 rari
2020 4057 2184 4119 atque
2212 4051 2345 4105 eniti
2385 4067 2507 4121 qua:
2531 4053 2685 4122 prius
2713 4053 2767 4107 in
2810 4068 2906 4107 vos
2938 4068 3040 4124 ego
3082 4054 3312 4122 perfeci.
3345 4054 3459 4124 Ego

1879 4144 2024 4195 enim
2057 4141 2196 4211 elegi
2241 4157 2361 4205 vos,
2397 4159 2505 4196 non
2538 4158 2637 4198 vos
2678 4159 2786 4198 mc.
2820 4141 2932 4215 Ego
2981 4159 3068 4197 me
3106 4145 3261 4200 vobis
3304 4145 3457 4215 igno-

1881 4233 2134 4288 rantibus
2199 4233 2445 4288 inaudita
2511 4234 2753 4288 bonitate
2806 4246 2860 4289 et
2919 4235 3209 4289 clementia
3267 4245 3458 4290 notum

1881 4326 2009 4391 feci,
2041 4335 2096 4380 et
2135 4327 2204 4379 ad
2246 4334 2453 4379 tantam
2492 4329 2660 4380 animi
2711 4327 3079 4381 constantiam
3116 4342 3180 4381 ac
3229 4327 3458 4382 firmita-

1811 4446 1854 4501 υ
1887 4427 1994 4473 lem
2043 4434 2145 4488 ego
2188 4435 2285 4474 vos
2327 4419 2605 4483 revocavi,
2661 4427 2719 4472 ut
2752 4419 3047 4489 procedere
3096 4421 3460 4492 progrediquc

1884 4529 2102 4583 semper
2148 4513 2200 4567 in
2235 4513 2440 4581 majus,
2467 4520 2522 4567 et
2553 4513 2792 4565 fructum
2840 4511 3036 4565 aﬂ'erre
3061 4509 3171 4565 Deo
3207 4514 3459 4581 possitis,

1880 4613 1935 4659 et
1971 4620 2066 4674 per
2098 4605 2201 4657 hoc
2230 4604 2296 4658 ad
2333 4613 2541 4657 tantam
2577 4603 2834 4657 ﬁduciam
2866 4603 3042 4666 evehi,
3072 4609 3131 4656 ut
3173 4603 3454 4674 quodcun-

1881 4714 1989 4766 que
2033 4696 2302 4764 petieritis
2356 4697 2409 4748 in
2448 4696 2665 4748 nomine
2716 4709 2858 4760 meo,
2896 4694 2947 4748 id
2985 4695 3258 4764 accepturi
3314 4693 3458 4751 sitis.

1879 4787 2225 4855 Quapropter
2258 4799 2382 4838 cum
2427 4799 2674 4837 meorum
2709 4798 3025 4837 sermonum
3072 4799 3135 4838 ac
3169 4787 3457 4854 dispensa-

1881 4879 2046 4932 tionis
2074 4876 2306 4945 vestigia
2356 4875 2686 4944 sequamini,
2718 4882 2771 4927 et
2804 4889 2869 4928 eo
2903 4875 2994 4944 qui
3027 4891 3189 4930 veros
3231 4891 3294 4932 ac
3327 4877 3458 4948 legi-

1883 4971 2047 5024 timos
2083 4969 2388 5038 discipulos
2441 4969 2599 5020 decet
2653 4967 2838 5020 animo
2888 4966 3099 5036 prtediti
3153 4967 3298 5035 sitis,
3347 4985 3458 5024 non

1877 5063 1990 5133 jam
2027 5059 2401 5115 cunctandum
2429 5059 2585 5114 vobis
2612 5066 2718 5122 est,
2753 5059 3296 5128 exspectantiumque
3327 5061 3459 5115 dum

1883 5155 1949 5207 ad
1998 5151 2158 5207 ﬁdem
2203 5150 2369 5221 893
2415 5158 2472 5204 et
2505 5150 2570 5202 ad
2605 5149 2860 5219 pietatem
2896 5150 3039 5203 ultro
3079 5165 3138 5204 se
3166 5151 3456 5221 quisquam

1883 5247 2118 5316 ingerat,
2169 5242 2266 5298 sed
2300 5241 2686 5313 ignorantibus
2712 5250 2767 5295 et
2813 5242 3130 5296 errantibus
3177 5243 3379 5310 adhuc,
3406 5252 3456 5298 et

1885 5340 1977 5408 qui
2034 5335 2278 5401 nondum
2340 5335 2640 5390 salutarem
2693 5333 3136 5404 praedicationem
3196 5348 3456 5403 suscepe-

1884 5439 2015 5484 runt
2051 5429 2221 5491 ultro,
2251 5441 2351 5481 vos
2395 5424 2654 5479 ductores
2707 5421 2926 5488 offerre,
2982 5437 3188 5493 eosque
3239 5430 3460 5480 strenue

1887 5521 2166 5578 adhortari
2211 5518 2468 5576 convenit
2515 5513 2580 5570 ad
2614 5529 2753 5570 vera:
2785 5512 2877 5570 Dei
2932 5513 3264 5585 cognitionis
3312 5528 3460 5571 com-
