3868 6200
446 265 545 320 591

1476 268 1535 322 S.
1573 267 1851 327 CYRILLI
1889 273 2365 331 ALEXANDRINI
2404 275 2725 334 ARClllEP.

3612 283 3714 338 59?.

444 385 890 458 prehensionem.
922 386 1053 442 licet
1080 387 1144 441 ad
1185 389 1626 446 incredulitatem
1659 403 2017 465 exasperetur

2129 398 2397 470 γνώμην,
2447 399 2549 453 οὐκ
2597 399 2929 452 ἀνακόπτειν
2981 397 3272 453 ἀκόλουθον
3331 399 3710 470 περιμένοντας

443 479 786 535 audientium
816 481 1057 536 animus.
1091 479 1186 535 Sic
1217 483 1363 536 enim
1393 491 1448 537 et
1481 484 1585 554 ipsi
1625 486 1784 542 vobis
1816 489 2026 544 similes

441 581 626 639 erunt,
659 574 766 628 hoc
793 584 878 627 est
905 573 1213 643 proﬁcient,
1254 591 1317 628 ac
1350 576 1611 631 redibunt
1645 593 1944 650 progressu
1973 583 2025 635 in

442 667 639 721 melius
690 667 758 721 ad
814 666 1054 721 fructum
1093 669 1146 722 in
1177 667 1290 722 Deo
1324 668 1634 736 ferendum,
1669 681 1728 724 ut
1784 673 2025 728 lructnm

441 757 662 826 quidem
697 757 937 812 habeant
966 759 1117 813 illum
1151 775 1370 829 semper
1407 769 1721 816 manentem
1755 778 1820 817 ac
1861 764 2028 817 dura-

442 849 630 914 bilem,
658 865 960 920 preCcsque
991 859 1100 904 tam
1129 859 1318 922 gratas
1353 861 1408 906 et
1442 861 1721 923 acceptas,
1765 863 1825 908 ιιι
1852 855 2030 924 quod-

443 956 664 1008 cunque
719 939 890 996 velint
938 943 1237 1013 accipiant,
1277 941 1322 997 si
1378 951 1591 998 tantum
1644 943 1780 999 illud
1818 944 1872 999 in
1923 959 2027 999 no-

442 1033 593 1088 mine
619 1047 740 1088 meo
774 1033 1058 1103 petierint.
1094 1033 1288 1104 Igitur,
1329 1041 1390 1088 ut
1433 1035 1537 1090 loci
1579 1035 1745 1104 hujus
1794 1050 2026 1106 scopum

441 1141 640 1182 rursus
676 1127 867 1197 paucis
897 1126 1171 1198 complexi
1211 1126 1566 1182 manifestum
1593 1143 1720 1183 eum
1756 1127 2028 1184 faciamus

439 1220 808 1282 auditoribus,
836 1220 1000 1275 talem
1031 1221 1086 1274 in
1113 1219 1253 1274 alios
1285 1220 1637 1276 dilectionem
1667 1222 1873 1278 habere
1903 1237 2027 1293 per-

440 1310 638 1367 suadet
661 1311 985 1382 discipulos,
1017 1312 1238 1382 taleque
1267 1313 1385 1366 vult
1417 1327 1512 1368 eos
1549 1311 1796 1369 studium
1825 1328 1936 1384 prae
1965 1328 2026 1369 se

440 1404 586 1460 ferre
619 1404 674 1458 in
705 1411 929 1458 strenue
959 1403 1361 1473 pertrahendos
1393 1403 1460 1458 ad
1493 1404 1655 1461 fidem
1703 1420 1897 1460 eorum
1933 1405 2023 1476 qui

437 1498 682 1554 nondum
713 1497 948 1553 credunt
983 1497 1220 1562 animos,
1260 1498 1482 1568 qualem
1513 1514 1574 1554 se
1621 1499 1740 1572 ipse
1780 1501 1937 1572 prius
1971 1500 2025 1554 in

437 1605 542 1646 nos
568 1597 662 1644 aut
688 1604 820 1660 erga
858 1604 957 1644 eos
988 1588 1262 1645 exhibuit.
1290 1589 1450 1656 Quod
1492 1590 1641 1646 enim
1691 1591 1808 1662 ipse
1854 1591 2025 1647 disci-

436 1681 597 1751 pulos
631 1681 878 1752 elegerit,
913 1696 1077 1736 nemo
1103 1680 1352 1747 dubitat,
1397 1691 1454 1738 et
1481 1697 1597 1754 quo
1630 1691 1794 1754 pacto
1831 1683 2026 1742 unius-

2131 489 2321 554 ἁπλῶς
2347 490 2438 544 τὸν
2468 491 2545 553 είς
2576 491 2760 543 πίστιν
2794 489 3111 559 αὐτόμολον,
3142 489 3238 542 καὶ⁵
3277 489 3607 559 αὐτόκλητον
3636 494 3710 555 είς

2129 580 2437 634 εὐσέϐειαν.
2477 580 2736 643 Ἑαυτοὺς
2777 578 2834 632 δὲ
2880 579 3082 649 μᾶλλον
3133 581 3242 642 τοῖς
3275 577 3560 646 ἀγνοοῦσιν
3602 580 3706 644 ἔτι,

2130 673 2227 727 καὶ
2259 673 2633 744 πλανωμένοις
2676 672 2976 744 προσάγειν
3016 671 3395 742 χειραγωγούς
3421 673 3514 724 καὶ
3545 689 3710 742 προσ-

2131 763 2404 833 κομίζειν,
2439 765 2536 818 καὶ
2581 768 2694 828 τοῖς
2723 763 2879 818 οὐπω
2923 764 3117 833 μαθεῖν
3152 763 3428 834 ἑλομένοις
3459 763 3520 816 τὸ
3548 767 3708 833 σωτήο

2133 873 2248 927 ριον
2295 857 2557 926 κήρυγμα
2581 895 2596 917 ,
2631 855 2971 926 παρακαλεῖν
3000 872 3060 908 τε
3101 853 3400 925 προθύμως
3443 853 3576 923 πρὸς
3616 853 3706 922 τὴν

2131 951 2228 1018 τῆς
2255 948 2490 1018 ἀληθοῦς
2533 948 2865 1017 θεογνωσίας
2900 949 3035 1000 ἰέναι
3089 946 3416 1016 κατάληψιν,
3448 945 3550 1000 κᾶν
3581 945 3712 1000 ἀπο-

2129 1038 2469 1119 τραχύνηταί
2496 1058 2612 1104 πως
2640 1043 2720 1104 είς
2741 1040 3026 1094 ἀπείθειαν
3047 1040 3156 1093 τῶν
3184 1041 3492 1094 ἀκουόντων
3514 1041 3543 1094 ό
3567 1040 3708 1103 νοῦς.

2130 1128 2255 1185 Εἶεν
2291 1132 2397 1203 γὰρ
2428 1133 2495 1186 ἂν
2527 1131 2672 1186 οὕτω
2710 1133 2803 1186 καὶ
2851 1133 3007 1186 αὐτοὶ
3040 1131 3162 1186 καθ’
3201 1133 3365 1203 ὑμᾶς,
3387 1132 3532 1186 τοῦτ’
3575 1133 3708 1195 ἔστι,

2130 1224 2467 1297 προκόψουσι
2515 1228 2612 1280 καὶ
2661 1227 3058 1282 ἀπελεύσονται
3103 1226 3225 1290 ταῖς
3271 1227 3353 1291 είς
3393 1225 3453 1278 τὸ
3495 1224 3714 1296 ἄμεινον

2131 1318 2465 1384 ὲπιδόσεσιν,
2497 1321 2578 1385 είς
2613 1321 2991 1393 καρποφορίαν
3017 1319 3112 1390 τὴν
3137 1320 3194 1372 ὲν
3226 1317 3367 1389 Θεῷ,
3395 1317 3469 1381 ὡς
3506 1317 3715 1389 καρπὸν

2132 1411 2234 1481 μὲν
2263 1411 2408 1482 ἔχειν
2432 1412 2526 1466 τὸν
2569 1413 2657 1467 ἀεὶ
2682 1414 2910 1486 μένοντα
2941 1414 3034 1468 καὶ
3058 1411 3384 1483 σωζόμενον,
3411 1408 3718 1481 προσευχὴν

2127 1503 2184 1556 δὲ
2225 1504 2369 1559 οῦτω
2415 1505 2649 1578 δεκτὴν,
2681 1508 2758 1571 ὡς
2809 1507 2947 1581 ὅπερ
2987 1506 3054 1562 ἀν
3099 1505 3381 1578 βούλονται
3413 1503 3632 1564 λαϐεῖν,
3668 1504 3714 1556 εί

2132 1593 2292 1665 μόνον
2341 1599 2542 1650 αἰτοῖεν
2576 1598 2672 1651 ἐπὶ
2701 1597 2780 1670 τῷ
2824 1598 3049 1670 ὀνόματί
3096 1614 3218 1669 μου.
3249 1595 3480 1662 Οὐκοῦν,
3520 1595 3717 1666 χρῆναι

2131 1685 2239 1758 γὰρ
2265 1687 2446 1752 πάλιν,
2472 1687 2548 1753 ὡς
2576 1691 2634 1743 ἐν
2663 1690 2864 1760 ὀλίγοις
2895 1689 3184 1743 συνελόντα
3211 1688 3303 1743 τὸν
3349 1687 3443 1742 τοῦ
3498 1704 3722 1758 προκειο

436 1776 708 1846 cujusque
751 1775 971 1831 vocatio
1007 1777 1324 1847 contigerit,
1356 1776 1694 1848 superﬂuum
1727 1793 1853 1835 esse
1899 1795 2017 1836 reor

2133 1777 2295 1850 μένου
2347 1780 2571 1846 σκοπὸν,
2623 1782 2770 1852 σαφῆ
2803 1783 3145 1854 καταστῆσαι
3168 1785 3281 1845 τοῖς
3325 1779 3718 1852 ἀκροωμένοις.

436 1868 527 1924 hic
572 1869 804 1924 all'erre:
840 1877 1026 1925 tamen
1062 1868 1376 1927 Servatoris
1407 1886 1720 1927 sermonem
1744 1887 1870 1926 eum
1899 1887 2024 1928 sen-

437 1975 561 2014 sum
604 1974 798 2032 parere
830 1973 995 2030 quem
1030 1959 1198 2015 modo
1247 1960 1387 2028 dixi,
1426 1976 1536 2017 non
1587 1961 1773 2017 minus
1819 1975 1886 2017 ex
1933 1977 2024 2018 se-

435 2055 737 2121 quentibus
769 2052 997 2122 patebit.

2130 1870 2386 1942 τοιαύτην
2433 1871 2579 1944 ἔχειν
2623 1876 2702 1938 είς
2752 1873 2973 1944 ἐτέρους
3000 1873 3284 1927 ἀναπείθει
3315 1875 3440 1935 τοὺς
3472 1869 3718 1942 μαθητὰς

2129 1961 2230 2033 τὴν
2262 1963 2506 2036 ἀγάπην,
2537 1966 2631 2019 καὶ
2683 1967 2945 2036 τοιαύτην
2974 1965 3172 2028 αὐτοῦς
3206 1963 3546 2034 ἐπιτηδεύειν
3578 1961 3718 2014 θέλει

2129 2054 2228 2137 ⁸τὴν
2260 2055 2571 2127 προθυμίαν
2609 2057 2690 2121 είς
2718 2058 2781 2112 τὸ
2809 2056 3122 2130 μηδαμόθεν
3161 2058 3444 2110 κατοκνεῖν
3485 2053 3583 2117 τάς
3610 2053 3718 2105 τῶν

434 2143 588 2199 οὐπω
616 2144 1060 2199 πεπιστευκότων
1080 2143 1262 2215 ψυχὰς
1283 2142 1594 2215 φιλοθηρεῖν
1614 2144 1694 2206 είς
1713 2139 2024 2207 εὐσέϐειαν,
2065 2145 2365 2218 ὁποίανπερ
2399 2148 2612 2217 φθάσας
2639 2151 2802 2214 αὐτὸς
2830 2152 2908 2213 είς
2951 2150 3118 2219 ἡμᾶς,
3148 2149 3266 2219 ἤτοι
3321 2148 3458 2217 πρὸς
3519 2146 3714 2205 αὐτοὺς

433 2240 755 2306 ἑνεδείξατο.
787 2240 912 2294 Ὅτι
948 2238 1059 2312 γάρ
1091 2237 1256 2302 αὐτὸς
1293 2237 1590 2302 ἐπελέξατο
1618 2236 1746 2301 τούς
1815 2235 2064 2306 μαθητάς
2102 2238 2203 2292 οὐκ
2255 2240 2556 2311 ἀμφίϐολον
2581 2283 2597 2307 ,
2629 2245 2723 2299 καὶ
2759 2242 3047 2315 περιττὸν,
3071 2235 3246 2311 οἶμαι,
3295 2241 3498 2309 λέγειν,
3569 2241 3714 2300 iiut»;

430 2354 492 2390 τε
539 2337 634 2390 καὶ
662 2333 783 2388 τίνα
823 2333 1026 2406 τρόπον
1063 2333 1097 2403 ἡ
1121 2331 1354 2386 ἑκάστου
1390 2331 1580 2400 γέγονε
1615 2329 1844 2401 κλῆσιςο
1884 2327 2024 2399 πλὴν
2062 2329 2147 2384 ὃτι
2177 2334 2420 2390 τοιοῦτον
2449 2336 2626 2392 ὼδίνει
2659 2337 2753 2391 τὸν
2781 2335 2983 2390 σκοπὸν
3006 2333 3100 2387 τοῦ
3135 2333 3385 2404 Σωτῆρος
3441 2335 3469 2386 ὁ
3534 2332 3714 2403 λόγος,

431 2432 615 2486 ὁποῖον
645 2425 781 2496 ἔφην
825 2425 1052 2497 ἀρτίως,
1087 2425 1244 2480 οὐδὲν
1276 2420 1439 2496 ἦττον
1465 2424 1616 2494 ἡμᾶς
1642 2421 2002 2476 ἀναπείσεται
2032 2423 2249 2496 ἐφεξῆς.

503 2519 594 2575 XV
613 2560 627 2584 ,
660 2518 750 2574 l7.
784 2515 917 2572 Hac
942 2515 1138 2570 mando
1171 2515 1340 2583 vobis,
1367 2525 1426 2569 ut
1453 2515 1692 2586 diligatis
1713 2514 1952 2568 invicem.

501 2690 782 2764 Numquid
813 2706 1086 2761 suprema:
1110 2693 1360 2746 omnium
1394 2689 1711 2745 dilectionis
1736 2704 1876 2759 opus
1906 2703 2028 2743 esse

434 2787 732 2843 fatebimur
767 2781 1018 2838 inﬁdeles
1046 2783 1228 2838 adhuc
1249 2790 1304 2837 et
1330 2788 1582 2837 errantes
1607 2779 1672 2834 ad
1699 2779 2024 2850 obsequium

434 2878 530 2934 Dei
558 2877 803 2934 vocare?
851 2874 1251 2946 Ambigendum
1286 2881 1436 2930 certe
1463 2888 1570 2928 non
1614 2879 1719 2928 est.
1751 2871 1906 2938 Quod
1935 2872 2020 2942 ip-

431 2989 555 3030 sum
583 2974 767 3030 facere
795 2971 1004 3026 Paulus
1037 2968 1368 3030 conabatur,
1398 2965 1622 3020 dicens:
1664 2981 1682 3014 ι
1725 2962 1831 3018 Pro
1861 2961 2015 3017 Chri-

2201 2518 2398 2575 Ταῦτα
2440 2521 2798 2591 ἐντέλλομαι
2845 2519 3026 2590 ὑμῖν,
3057 2518 3159 2572 ἵνα
3202 2517 3472 2589 ἀγαπᾶτε
3517 2516 3716 2586 ἀλλή-

2123 2615 2238 2667 λου

2204 2634 2238 2667 υ

2201 2634 2273 2756 ’Ἓξ
2312 2704 2420 2773 γάρ
2460 2703 2581 2775 οὐχὶ
2621 2703 2721 2776 τῆς
2771 2703 3032 2758 ἀνωτάτω
3063 2701 3255 2758 πασῶν
3301 2702 3524 2773 ἀγάπης
3552 2699 3718 2773 ἔργον

2123 2789 2262 2848 εἶναι
2312 2794 2560 2866 δώσομεν
2586 2793 2650 2847 τὸ
2701 2793 3057 2860 ἐπιλέξασθαί
3102 2811 3160 2848 τε
3195 2795 3288 2848 καὶ
3321 2794 3550 2848 καλέσαι
3577 2794 3717 2864 πρὸς

2130 2886 2377 2956 ὑπακοὴν
2416 2886 2496 2958 τῷ
2543 2885 2663 2957 Θεῷ
2684 2926 2699 2951 ,
2734 2889 2860 2952 τοὺς
2890 2887 3153 2951 ἀπίστους
3180 2887 3259 2939 ἔτι
3297 2887 3392 2940 καὶ
3425 2886 3702 2955 πλανωμέ-

2127 2993 2282 3044 νους;
2323 2977 2467 3030 Ἀλλ’
2498 2977 2647 3032 ἔστιν
2680 2977 2780 3030 οὐκ
2813 2977 3131 3048 ἀμφίϐολον.
3170 2978 3235 3030 "U
3264 2978 3359 3031 καὶ
3389 2977 3522 3047 δρᾷν
3555 2975 3718 3044 ἠπεί-

431 3081 519 3126 sto
546 3085 678 3141 ergo
720 3068 994 3140 legatione
1029 3063 1336 3136 fungimur,
1367 3070 1631 3133 tanquam
1663 3057 1775 3115 Deo
1818 3056 2017 3112 exhor-

2126 3085 2273 3137 γετο,
2305 3069 2480 3138 λέγων
2510 3071 2539 3123 ὁ
2577 3069 2824 3134 Παῦλος·
2863 3089 2881 3121 ι
2929 3069 3102 3141 ’Υπὲρ
3152 3068 3392 3140 Χριστοῦ
3436 3064 3529 3122 οῦν
3575 3083 3718 3139 πρε-

431 3172 586 3217 tante
632 3179 731 3234 per
777 3176 897 3216 nos.
933 3157 1305 3216 Obsecramus
1341 3170 1440 3226 pro
1485 3153 1732 3218 Christo,
1767 3150 2019 3208 reconci-

430 3256 643 3310 liatnini
678 3254 790 3311 Deo
820 3255 890 3308 ⁸⁸.
926 3271 945 3305 ι
973 3251 1120 3318 Quin
1140 3257 1196 3305 et
1222 3248 1420 3304 Petrus
1452 3245 1770 3302 Iudaeorum
1800 3243 2018 3316 populis

427 3363 556 3402 cum
593 3347 789 3402 fiducia
821 3346 1054 3416 loquens
1088 3360 1100 3396 :
1137 3360 1156 3393 ι
1181 3338 1247 3396 Ει
1276 3355 1447 3406 nunc,
1476 3337 1699 3402 fratres,
1736 3337 1855 3393 scio
1887 3337 2016 3406 quia

430 3455 528 3511 per
544 3439 909 3511 ignorantiam
935 3435 1168 3501 fecistis,
1189 3433 1335 3490 sicut
1351 3439 1405 3487 et
1421 3431 1700 3503 principes
1719 3429 1894 3484 vestri
1911 3427 1978 3481 ⁸¹.
1992 3445 2010 3479 ι

435 3551 454 3582 ε
498 3529 852 3587 Ρωιιὶιειιιίιιὶ
907 3529 1101 3599 igitur,
1140 3535 1195 3583 et
1261 3526 1578 3596 haptizetur
1629 3522 2017 3592 unusquisque

429 3632 676 3680 vestrum
703 3623 759 3677 in
785 3623 1007 3678 nomine
1039 3619 1258 3676 Domini
1282 3616 1412 3674 Jesu
1443 3617 1650 3673 Christi
1675 3617 1742 3671 ⁸³.
1789 3635 1808 3666 ›
1847 3612 2017 3668 Vides

429 3725 490 3772 ut
516 3727 572 3773 et
601 3717 670 3773 iis
700 3716 792 3787 qui
823 3715 1068 3770 nondum
1095 3712 1258 3769 fidem
1295 3717 1656 3780 susceperant
1678 3708 1930 3764 studiose
1957 3721 2018 3760 se

427 3809 687 3876 offerant,
726 3817 781 3864 et
830 3805 1076 3863 nondum
1138 3805 1194 3860 in
1258 3803 1710 3874 disquisitionem
1765 3806 2014 3854 vocatam

427 3901 738 3956 doctrinam
793 3897 1100 3970 proferant,
1140 3895 1533 3966 ignorantibus
1562 3893 1700 3964 ipsis
1752 3906 1860 3944 non
1889 3904 2014 3959 pcr-

428 3992 713 4047 mittentes
751 4002 810 4044 ut
843 3989 1004 4059 primi
1055 3993 1324 4042 vocentur
1359 3983 1464 4054 ipsi
1499 3978 1770 4050 magistri,
1816 3978 1914 4032 sed
1957 3975 2012 4030 in

427 4086 536 4141 hoc
567 4100 691 4140 eum
741 4084 908 4139 etiam
943 4079 1347 4154 praevenientes
1380 4075 1477 4147 qui
1526 4072 1770 4129 nondum
1804 4069 2012 4141 aliquid

426 4193 618 4234 eorum
663 4191 785 4245 quae
835 4173 943 4230 sibi
988 4170 1115 4228 usui
1155 4169 1337 4226 forent
1383 4169 1598 4224 discere
1651 4166 1833 4220 vellet.
1873 4162 2011 4218 Cum

427 4280 612 4324 autem
645 4267 906 4322 Servator
934 4265 1086 4320 dicat
1119 4282 1134 4319 :
1183 4282 1201 4315 ι
1239 4262 1313 4318 Ut
1351 4276 1450 4316 vos
1476 4259 1638 4324 eatis,
1669 4265 1726 4312 et
1771 4254 2012 4310 fructum

427 4361 693 4425 aﬂeratis,
722 4368 776 4414 et
809 4359 1022 4413 fructus
1075 4363 1262 4412 vester
1297 4361 1535 4416 maneat,
1573 4370 1592 4402 ι
1627 4349 1758 4420 quid
1787 4347 2008 4402 demum

429 4453 702 4524 s-gniﬁcet
737 4451 868 4506 illud
899 4464 1150 4520 qumrere
1180 4447 1456 4503 convenit.
1486 4442 1630 4512 Quid
1660 4444 1805 4498 enim
1833 4441 2009 4512 signi-

429 4547 573 4609 licat,
614 4541 783 4616 894
834 4553 929 4596 aut
979 4540 1256 4612 quomodo
1304 4537 1687 4609 accipiendum
1730 4542 1837 4598 est,
1867 4531 2016 4604 quod

430 4639 529 4706 ait,
576 4652 801 4693 manere
847 4636 1091 4690 fructum
1124 4630 1568 4704 discipulorum?
1608 4628 1882 4683 Existimo
1915 4627 2017 4680 ita-

426 4747 535 4802 que
580 4730 929 4784 Servatorem
987 4728 1232 4782 fructum
1285 4730 1596 4778 manentem
1644 4735 1845 4775 vocare
1902 4716 2019 4771 fru-

427 4832 576 4878 ctum
603 4821 934 4892 evangelicae
977 4819 1304 4890 disciplinis,
1336 4832 1446 4871 non
1478 4821 1663 4868 autem
1705 4809 1899 4882 legalis
1924 4808 2014 4878 ju-

426 4913 613 4968 stitiae.
645 4910 950 4980 Antiquata
980 4909 1127 4964 enim
1161 4915 1246 4962 est
1278 4907 1389 4971 illa,
1420 4911 1708 4976 propterea
1747 4898 1894 4970 quod
1925 4897 2010 4952 ni-

428 5005 507 5058 hil
538 5002 767 5073 implere
793 5009 1027 5074 poterat.
1068 5020 1086 5052 ι
1123 4999 1264 5054 Nihil
1292 5001 1440 5054 enim
1474 4997 1543 5050 ad
1577 4991 1876 5066 perfectum
1911 4989 2011 5044 ad-

427 5095 591 5152 duxit
633 5099 745 5157 lex,
787 5115 806 5147 ι
846 5095 1004 5166 juxta
1035 5092 1190 5147 Pauli
1222 5092 1431 5146 dictum
1477 5088 1564 5154 ⁸⁵⁵;
1595 5086 1690 5143 sed
1728 5087 1852 5155 ejus
1893 5084 2014 5138 loco

423 5197 616 5248 exorta
647 5197 732 5244 est
765 5203 929 5250 nova,
961 5201 1084 5258 quae
1117 5185 1351 5256 primam
1400 5181 1655 5251 antiquat
1686 5195 1751 5233 ac
1772 5178 1936 5236 delet,
1961 5183 2015 5229 et

422 5297 552 5339 vere
612 5289 926 5336 manentem
990 5295 1055 5334 ac
1105 5277 1416 5332 durabilem
1474 5273 1712 5328 fructum
1769 5269 2001 5324 inducit.

422 5372 775 5444 Quapropter
814 5373 979 5425 etiam
1035 5369 1258 5424 divinus
1316 5368 1407 5424 ille
1457 5364 1664 5421 Paulus
1715 5377 1814 5418 nos
1863 5360 2004 5414 allo-

422 5481 624 5536 quens,
651 5462 1017 5519 libentissime
1047 5479 1107 5517 se
1127 5460 1357 5532 justitia:
1395 5459 1584 5528 legalis
1611 5457 1886 5528 jacturam
1921 5451 2002 5506 fe-

420 5559 569 5614 cisse
612 5557 710 5623 ait,
737 5565 795 5608 ut
840 5552 1121 5609 Christum
1155 5554 1527 5619 luorifaceret,
1557 5553 1663 5607 hoc
1691 5557 1776 5606 est
1807 5563 1904 5618 per
1934 5550 1993 5603 ti-

496 5739 536 5771 “
563 5737 606 5794 11
637 5736 766 5793 Cor.
803 5753 856 5806 v,
899 5736 986 5792 ‘20.
1066 5735 1249 5790 "Act.
1292 5750 1375 5801 ιιι,
1421 5733 1499 5788 l7.
1578 5735 1623 5766 ⁸³
1653 5737 1771 5789 ,ιι-ι.
1821 5748 1879 5799 ιι,
1916 5730 2004 5786 3S.

2124 3161 2411 3232 σεεύομεν,
2437 3161 2512 3226 ὡς
2538 3161 2630 3216 τοῦ
2655 3160 2790 3216 Θεοῦ
2823 3160 3268 3232 παρακαλοῦντος
3289 3161 3354 3213 δι’
3374 3160 3533 3232 ἡμῶν
3555 3177 3570 3190 υ
3598 3159 3718 3212 δεό-

2123 3254 2265 3327 μεθα
2289 3255 2430 3326 ὐπὲρ
2451 3255 2688 3326 Χριστοῦ
2708 3301 2720 3323 ,
2745 3257 3126 3328 καταλλάγητε
3147 3256 3224 3327 τῷ
3244 3254 3383 3326 Θεῷ.
3411 3273 3431 3306 ι
3461 3254 3574 3308 Καὶ
3607 3252 3718 3324 μὴν

2119 3351 2147 3402 ό
2174 3349 2378 3420 Πέτρος
2407 3352 2520 3412 τοῖς
2565 3349 2840 3413 Ἰουδαίοις
2872 3349 3067 3421 δήμοις
3096 3350 3155 3402 ἐν
3185 3346 3469 3420 παρρησίᾳ
3496 3345 3717 3400 λαλῶν·

2124 3459 2143 3492 ‹
2183 3441 2291 3494 Καὶ
2334 3440 2462 3505 νῦν,
2492 3441 2730 3510 ἀδελφοὶ,
2785 3437 2928 3505 οἴδα,
2979 3441 3062 3495 ὅτι
3096 3439 3237 3494 κατά
3275 3439 3498 3507 ἀγνοιαν
3539 3438 3718 3508 ἐπρά-

2121 3531 2468 3603 ξατε,ῶσπερ
2485 3533 2576 3587 καὶ
2592 3535 2641 3586 οἱ
2661 3533 2920 3604 ἄρχοντες
2934 3534 3106 3604 ὐμῶν.
3131 3553 3151 3586 ι
3178 3564 3246 3572 -
3277 3553 3293 3583 ι
3321 3533 3716 3602 Μετανοήσατε

2117 3618 2210 3676 οὖν
2245 3624 2338 3676 καὶ
2377 3623 2733 3695 βαπτισθήτω
2779 3625 3009 3688 ἕκαστος
3045 3623 3198 3694 ὑμῶν
3222 3664 3236 3687 ,
3270 3623 3328 3676 ὲν
3365 3621 3446 3692 τῷ
3483 3621 3716 3691 ὀνόματι

2117 3715 2212 3769 τοῦ
2265 3716 2474 3789 Κυρίου
2530 3715 2689 3788 ήμῶν
2750 3716 2926 3788 Ἰησοῦ
2986 3715 3246 3787 Χριστοῦ.
3294 3733 3314 3766 ι
3357 3714 3523 3786 Ὁρᾷς
3561 3714 3715 3780 ὃπως

2121 3807 2219 3877 μὲν
2274 3807 2371 3859 καὶ
2421 3808 2534 3869 τοῖς
2594 3805 2750 3860 οὐπω
2809 3806 3236 3858 πεπιστευκόσιν
3269 3803 3556 3859 ὑπαντῶσι
3609 3804 3716 3876 μὲν

2118 3897 2526 3970 προθυμότατα,
2560 3897 2650 3949 τὸν
2690 3897 2747 3950 δὲ
2784 3895 2937 3950 οὐπω
2970 3896 3271 3968 ζητηθέντα
3309 3895 3716 3966 προκομίζουσι

2117 3988 2274 4057 λόγον
2305 4028 2319 4052 ,
2355 3989 2416 4042 οὐ
2465 3990 2576 4051 τοῖς
2629 3987 2914 4056 ἀγνοοῦσιν
2967 3991 3152 4054 αὐτοῖς
3208 3989 3606 4062 ἐπιτρέποντες
3651 3989 3715 4042 τὸ

2117 4081 2316 4152 χρῆναι
2378 4079 2629 4152 πρώτους
2676 4081 2877 4144 αὐτοὺς
2923 4080 3274 4151 ἐπιλέγεσθαι
3328 4081 3712 4147 διδασκάλους,

2119 4171 2252 4225 ἀλλά
2284 4169 2576 4239 φθάνοντες
2625 4173 2706 4236 είς
2756 4171 2915 4226 τοῦτο
2937 4212 2950 4235 ,
2982 4173 3077 4225 καὶ
3106 4172 3198 4225 τὸν
3236 4171 3391 4226 οῦπω
3431 4173 3631 4243 μαθεῖν
3659 4189 3714 4225 τι

2115 4261 2226 4314 τῶν
2256 4263 2568 4331 ἀναγκαίων
2601 4261 2877 4317 ἐθέλοντα.
2921 4264 3138 4333 Ἐπειδὴ
3173 4264 3232 4318 δὲ
3255 4267 3368 4329 τοῖς
3386 4265 3482 4318 τοῦ
3518 4265 3707 4335 Σωτῆ.

2121 4370 2214 4425 ρος
2244 4355 2276 4425 ἡ
2285 4353 2402 4425 μῶν
2435 4354 2757 4426 πρόσκειται
2786 4354 2966 4424 λόγοις
2986 4355 3045 4409 τὸ
3066 4375 3084 4406 ι
3111 4356 3230 4410 Ἵνα
3250 4357 3408 4427 ὑμεῖς
3430 4357 3714 4428 ὑπάγητε,

2120 4447 2216 4500 καὶ
2258 4447 2471 4516 καρπὸν
2505 4447 2727 4518 φέρητε,
2762 4449 2854 4502 κα)⁵
2886 4450 2914 4501 ὀ
2958 4448 3169 4519 καρπὸς
3203 4449 3355 4520 ὐμῶν
3383 4448 3560 4523 μένῃ·
3598 4469 3619 4500 ι
3659 4451 3714 4503 τί

2117 4557 2248 4593 ποτε
2285 4541 2392 4610 ἀρα
2419 4540 2514 4594 καὶ
2555 4539 2715 4593 τοῦτο
2737 4539 2886 4611 δηλοῖ
2917 4539 3148 4611 ζητῆσαι
3178 4541 3469 4612 προσήκει.
3499 4541 3568 4594 Τί
3601 4542 3714 4610 γὰρ

2117 4630 2184 4685 ἂν
2212 4634 2403 4695 νοοῖτο,
2446 4633 2540 4684 καὶ
2571 4631 2690 4695 πῶς
2716 4631 2776 4684 τὸ
2804 4631 3003 4702 λέγειν,
3024 4633 3106 4685 ὅτι
3137 4632 3287 4704 μένει
3307 4634 3414 4685 τῶν
3444 4632 3712 4703 μαθητῶν

2115 4724 2144 4776 ὁ
2178 4724 2422 4794 καρπός;
2462 4719 2634 4794 Οἶμαι
2680 4723 2878 4785 τοίνυν,
2917 4725 2998 4778 ὅτι
3035 4723 3250 4795 καρπὸν
3279 4724 3515 4794 μένοντά
3541 4743 3712 4796 φησιν

2115 4812 2144 4864 ό
2183 4813 2396 4885 Σωτὴρ,
2430 4813 2523 4868 τὸν
2553 4814 2644 4868 διὰ
2681 4815 2782 4885 τῆς
2815 4815 3179 4885 εὐαγγελικῆς
3211 4814 3550 4880 παιδεύσεως
3571 4857 3586 4878 ,
3616 4818 3713 4870 καὶ

2113 4907 2234 4976 οὐχὶ
2263 4907 2360 4977 τῆς
2382 4909 2438 4959 ὲν
2467 4907 2616 4978 νόμῳ
2640 4905 3004 4974 δικαιοσύνης.
3041 4907 3427 4961 Πεπαλαίωται
3459 4907 3565 4975 μὲν
3600 4910 3711 4975 γάρ

2115 4999 2320 5067 ἐκείνη,
2347 4998 2437 5051 διὰ
2464 4999 2525 5051 τὸ
2553 4998 2719 5070 μηδὲν
2740 4998 3001 5052 δύνασθαι
3029 4998 3294 5071 πληροῦν.
3319 5017 3337 5050 ι
3371 4997 3710 5052 Τετελείωκε

2113 5089 2221 5160 γάρ
2260 5090 2288 5141 ὀ
2326 5091 2490 5159 νόμος
2515 5090 2690 5150 οὐδὲν.
2724 5110 2742 5142 ι
2783 5089 2926 5143 κατά
2964 5091 3067 5160 τὴν
3105 5089 3201 5143 τοῦ
3235 5089 3448 5145 [Ia-57.00
3493 5093 3708 5160 φωνὴν,

2113 5180 2440 5234 ἀντανέθαλε
2477 5181 2533 5233 δὲ
2565 5180 2754 5250 ὥσπερ
2793 5183 2887 5234 καὶ
2917 5181 3289 5252 ἀπανέκυψεν
3323 5182 3356 5250 ἡ
3389 5183 3578 5250 καινὴ,
3599 5199 3709 5234 πα-

2114 5271 2342 5325 λαιοῦσά
2388 5289 2445 5324 τε
2499 5272 2596 5342 τὴν
2653 5272 2874 5343 πρώτην
2896 5311 2912 5337 ,
2945 5272 3040 5325 καὶ
3078 5270 3418 5340 ἀφανίζουσα
3440 5313 3456 5335 ,
3489 5273 3587 5325 καὶ
3616 5273 3711 5324 τὸν

2113 5362 2329 5434 ἀληθῶς
2363 5364 2599 5434 μένοντά
2636 5381 2691 5416 τε
2720 5364 2815 5416 καὶ
2856 5363 3164 5432 σωζόμενον
3193 5363 3532 5432 εἰσφέρουσα
3562 5380 3706 5432 καρ-

2111 5456 2234 5508 πόν.
2290 5453 2579 5525 Τοιγάρτοι
2613 5457 2706 5508 καὶ
2739 5454 2952 5518 Παῦλος
2989 5457 3122 5524 ἡμῖν
3155 5456 3184 5508 ό
3216 5454 3506 5518 θεσπέσιος
3535 5469 3708 5526 προσ-

2102 5547 2299 5612 λαλῶν,
2321 5547 2514 5618 ἥδιστά
2559 5565 2617 5601 τε
2659 5549 2751 5602 καὶ
2803 5547 3048 5619 εὐμενῶς
3089 5548 3189 5619 τὴν
3232 5549 3289 5601 ὲν
3323 5547 3476 5618 νόμῳ
3504 5547 3688 5601 δικαιο

2098 5728 2141 5761 ⁷⁵
2173 5727 2338 5784 "chr.
2388 5747 2455 5784 VII
2480 5775 2491 5788 .
2536 5730 2615 5784 19.
