3868 6200
1197 320 1265 376 ΙΝ
1303 316 1595 375 JOANNIS
1633 314 2084 373 EVANGELIUM
2116 316 2244 371 LIB.
2279 315 2349 370 X.
3306 317 3412 372 59L

144 327 255 383 393

148 447 320 517 σύνην
350 442 689 515 ἐζημιῶσθαί
723 459 908 513 φησιν,
932 442 1019 495 ῖνα
1046 457 1105 494 κε
1117 442 1279 513 ρδάνῃ
1306 440 1563 511 Χριστὸν,
1590 436 1722 491 τοῦτ

1840 436 1963 493 dem
2012 438 2067 491 in
2100 437 2302 507 ipsum,
2333 434 2600 506 justitiam
2632 446 2685 490 et
2713 434 3189 490 fructiﬁcationem
3243 451 3411 491 evan-

144 538 300 599 ἐστι,
338 537 425 591 διὰ
469 536 708 599 πίστεως
745 536 844 605 τῆς
892 537 972 597 είς
1005 534 1202 597 αὑτὸν,
1250 531 1597 601 δικαιοσύνην
1642 532 1722 583 καί

1835 530 2088 601 gelicam.
2112 528 2265 584 Talis
2295 528 2496 583 etenim
2529 529 2868 599 permanebit
2891 543 2954 583 ac
2984 539 3280 598 perpetuus
3307 531 3414 583 erit

144 628 528 700 καρποφορίαν
579 627 963 697 εὐαγγελικήν.
1006 628 1265 697 Διαμενεῖ
1294 625 1406 696 γὰρ
1437 625 1465 677 ό
1497 621 1722 683 τοιοῦτος

1835 622 2073 685 fructus,
2104 622 2197 694 qui
2246 622 2425 693 possit
2465 622 2709 678 hominis
2757 623 2994 677 animam
3037 624 3106 677 ad
3155 625 3413 693 pietatem

144 722 241 772 καὶ
272 720 528 793 διηνεκὴς
570 721 724 774 ἔσται
772 719 1006 790 καρπὸς,
1038 718 1425 789 πληρεστάτην
1467 718 1547 781 είς
1583 714 1722 768 εύσέ-

1835 713 2274 768 cumulatissime
2328 712 2610 783 perficere.
2660 714 2771 770 Nec
2813 715 2959 770 enim
3008 715 3115 769 alia
3160 717 3271 770 ulla
3314 718 3415 770 do.

145 811 302 864 ϐειαν
334 811 431 883 τὴν
459 815 553 866 τοῦ
587 815 877 887 ἀνθρώπου
911 814 1090 884 ψυχὴν
1109 813 1395 867 ἀποτελεῖν
1416 810 1733 880 δυνάμενος.

144 902 220 956 Οὐ
248 903 358 975 γὰρ
380 907 494 967 τοῖς
520 906 895 975 εὐαγγελικοῖς
912 907 1254 978 κηρύγμασι,
1277 905 1437 974 καινή
1469 919 1550 964 τις
1572 900 1734 970 ἑτέρα

146 996 643 1068 παρεισδραμείται
670 997 953 1061 παίδευσις
994 996 1307 1051 παλαιοῦσα
1337 994 1436 1065 τὴν
1464 991 1690 1063 πρώτην
1718 1008 1732 1021 ·

146 1087 401 1159 καθάπερ
447 1090 640 1158 ἀμέλει
675 1091 898 1158 γέγονεν
930 1090 1022 1143 ἐπὶ
1045 1091 1145 1160 τῆς
1172 1088 1261 1143 διὰ
1306 1086 1552 1147 Μωσέως
1582 1084 1732 1135 ἐντο-

143 1178 263 1247 λῆς,
300 1181 415 1233 ἀλλ’
460 1183 541 1244 είς
579 1181 752 1235 αἰῶνα
796 1182 1052 1252 στήσεται
1078 1180 1172 1234 τοῦ
1213 1180 1465 1250 Σωτῆρος
1496 1177 1525 1228 ὁ
1552 1175 1731 1242 λόγος,

1835 807 2014 861 ctrina
2046 806 2357 877 antiquabit
2384 807 2775 879 evangelicam,
2812 808 2973 864 sicuti
3010 808 3266 863 nimirum
3297 809 3414 863 Mo-

1838 899 1989 953 saica
2022 898 2304 970 antiquata
2335 909 2418 956 est
2460 916 2554 970 per
2583 902 2976 972 evangelicam,
3009 902 3106 957 sed
3150 903 3204 957 in
3250 912 3413 959 reter-

1839 1004 1973 1042 num
2026 990 2196 1046 stabit
2244 991 2555 1047 Servatoris
2601 1008 2803 1057 sermo,
2851 993 3311 1063 quemadmodum
3361 1002 3415 1049 et

1840 1082 1957 1152 ipse
1979 1083 2056 1136 ait
2087 1084 2319 1139 alicubi:
2358 1104 2377 1136 ι
2406 1084 2617 1140 Caelum
2646 1096 2699 1140 et
2725 1094 2869 1141 terra
2895 1087 3415 1154 transibunt,verba

1840 1183 2021 1228 autem
2053 1191 2173 1230 mea
2206 1191 2315 1231 non
2341 1178 2657 1232 transibunt
2682 1178 2749 1233 ⁸⁸.
2789 1197 2807 1230 ι

143 1276 291 1329 καθά
328 1294 431 1330 που
478 1278 571 1330 καὶ
623 1278 787 1341 αὑτός
838 1295 1003 1349 φησιν
1031 1293 1046 1309 ο
1084 1297 1103 1330 ι
1147 1277 1208 1329 '0
1258 1274 1522 1347 οὐρανὸς,
1592 1269 1688 1325 καὶ
1727 1269 1761 1339 ἠ
1803 1268 1875 1337 γῆ
1933 1270 2358 1342 παρελεύσεται,
2425 1273 2475 1326 οἱ
2521 1273 2576 1327 δὲ
2620 1273 2766 1342 λόγοι
2820 1291 2922 1345 μου
2971 1274 3031 1328 ού
3079 1274 3154 1346 μὴ
3211 1275 3414 1348 παρέλ-

142 1365 329 1419 θωσιν.
362 1386 381 1417 ι

212 1460 285 1511 Εἰ
325 1460 361 1511 ὁ
402 1458 628 1527 κόσμος
673 1459 829 1529 ὑμᾶς
878 1461 1065 1531 μισεῖ,
1115 1460 1439 1531 γινώσκετε
1491 1457 1580 1512 ὅτι
1624 1456 1730 1525 ἐμὲ

138 1548 379 1617 πρῶτον
410 1549 575 1619 ὑμῶν
591 1553 909 1621 μεμίσηκε.

211 1642 325 1713 Τῆς
354 1641 463 1694 τῶν
493 1642 692 1714 ἰατρῶν
724 1645 1038 1716 ἐμπειρίας,
1072 1646 1167 1699 καὶ
1205 1645 1482 1717 ἐξαιρέτου
1513 1644 1727 1716 τέχνης,

136 1731 295 1786 οὐδὲν
344 1728 501 1804 οἶμαι
532 1735 812 1802 παντελῶς
845 1737 1181 1792 ἀποδέουσαν
1207 1738 1307 1811 τὴν
1351 1738 1445 1791 τοῦ
1477 1739 1729 1808 Σωτῆρος

138 1826 451 1898 εὑρήσομεν
495 1829 751 1900 μέθοδον,
788 1833 856 1902 ἢν
907 1832 992 1900 ἐφ’
1041 1832 1257 1903 ἐκάστῳ
1303 1833 1537 1885 ποιεῖται
1588 1830 1729 1925 πρά·
1764 1866 1805 1925 Β

137 1934 312 1989 γματι
338 1961 353 1985 ,
396 1922 737 1993 πανταχόθεν
783 1923 844 1977 τὸ
889 1922 1167 1987 λυσιτελὲς
1213 1924 1325 1987 τοῖς
1360 1922 1731 1994 ἀκροωμένοις

138 2011 229 2065 ἀεὶ
275 2012 771 2083 μηχανώμενος,οί
804 2015 906 2086 μὲν
946 2016 1053 2089 γὰρ
1083 2017 1184 2087 τὴν
1211 2015 1479 2087 ἐσομένην
1504 2014 1615 2067 ἐσθ’
1644 2015 1732 2068 ὅτε

138 2106 341 2167 ἐντοῖς
388 2104 604 2175 σώμασι
639 2106 747 2159 τῶν
808 2106 1000 2160 παθῶν
1054 2106 1385 2177 δυστροπίαν
1436 2106 1732 2179 ἀνασειρά-

138 2195 318 2258 Coum,
358 2200 483 2261 ταῖς
520 2197 628 2251 ἀπὸ
653 2199 752 2270 τῆς
774 2198 971 2271 τέχνης
995 2200 1315 2268 ἐπαγωγαῖς
1334 2216 1347 2229 °
1383 2202 1412 2255 ὁ
1438 2199 1495 2252 δέ
1529 2198 1625 2270 τὴν
1652 2201 1734 2263 είς

136 2287 200 2339 τὸ
239 2288 431 2360 πρόσω
480 2289 713 2360 πάροδον
752 2291 1088 2361 ἀποφράττει
1147 2293 1263 2354 τοῖς
1324 2293 1552 2356 κακοῖς,
1602 2307 1735 2358 προ-

138 2381 506 2450 φυλακτικαῖς
565 2382 757 2455 ὥσπερ
811 2384 921 2436 τισὶ
981 2384 1442 2454 προανατειχίζων
1494 2383 1732 2447 ἐντολαῖς

138 2473 242 2542 τὴν
284 2474 514 2526 ἑκάστου
555 2472 754 2543 ψυχήν.
798 2475 1015 2547 Ἐπειδὴ
1044 2476 1222 2529 τοίνυν
1258 2474 1481 2546 ἔμελλον
1518 2476 1618 2528 ούκ
1643 2475 1727 2543 ἐφ’

133 2562 258 2626 ἐνὸς
307 2562 495 2627 ἔθνους
533 2565 693 2635 τυχὸν
717 2606 731 2629 ,
757 2566 871 2619 ἀλλ’
905 2567 1028 2620 ούδέ
1071 2570 1164 2621 ἐπὶ
1194 2568 1378 2639 χώρας
1421 2571 1549 2638 μιᾶς
1593 2585 1729 2640 προ-

132 2656 383 2727 εδρεύειν
410 2658 459 2710 οἱ
488 2660 750 2729 μαθηταὶ,
768 2660 1185 2730 καθηγήσασθαι
1206 2661 1263 2714 δὲ
1287 2660 1485 2730 μᾶλλον
1512 2660 1730 2730 ἀπάσης

134 2748 238 2817 τῆς
271 2747 364 2817 ὑφ’
392 2748 528 2819 ἡλίῳ
554 2789 568 2812 ,
601 2750 697 2802 καὶ
728 2753 842 2814 τοῖς
874 2750 1015 2804 κατᾶ
1046 2753 1227 2805 πᾶσαν
1272 2752 1369 2822 τὴν
1402 2753 1728 2824 οἰκουμένην

132 2842 227 2893 τὸν
262 2843 618 2911 εὐαγγελικδν
653 2843 748 2897 καὶ
794 2845 938 2899 θεῖον
973 2845 1300 2917 διακηρύξαι
1336 2847 1520 2916 λόγον,
1547 2865 1728 2919 παρα-

131 2935 361 3003 τρέπειν
409 2953 468 2989 τε
504 2938 631 3000 τοὺς
678 2937 1060 3009 ἀκροωμένους
1090 2940 1183 2991 ἐπὶ
1226 2939 1287 2992 τὸ
1317 2940 1462 3009 μόνῳ
1487 2939 1565 3010 τῷ
1606 2939 1726 3009 Θεῷ

128 3022 348 3088 δοκοῦν,
400 3025 496 3077 καὶ
532 3026 857 3097 μεταθήσειν
889 3027 947 3094 ἐξ
982 3028 1261 3098 ἁμαρτίας
1310 3031 1402 3082 ἐπὶ
1434 3031 1494 3082 τὸ
1539 3029 1725 3099 βούλε-

133 3114 263 3168 σθαι
288 3115 421 3185 δρᾷν
453 3117 521 3168 τὰ
552 3119 733 3181 αὐτοῖς
762 3119 1061 3188 πρέποντα,
1099 3122 1193 3173 καὶ
1244 3119 1441 3173 κανόνα
1472 3120 1570 3192 τῆς
1600 3122 1725 3175 ἐαυ-

1906 1450 2025 1517 ΧὙ,
2059 1452 2148 1507 18.
2181 1452 2242 1507 Si
2268 1454 2496 1508 mundus
2528 1471 2615 1509 vos
2636 1454 2769 1519 odit,
2802 1456 2989 1510 scitote
3010 1457 3134 1525 quia
3158 1473 3237 1512 me
3266 1460 3412 1527 prio-

1836 1560 1945 1599 rem
1975 1545 2121 1599 vobis
2155 1546 2277 1601 odio
2303 1545 2510 1602 habuit.

1909 1634 2218 1693 Servatoris
2248 1638 2567 1693 methodum
2615 1653 2779 1709 quant
2818 1640 3017 1711 cuique
3064 1641 3141 1696 rei
3191 1642 3415 1699 adhibet

1835 1737 1890 1783 et
1920 1745 2029 1799 qua
2065 1729 2196 1801 quid
2251 1730 2597 1787 auditoribus
2635 1732 2811 1802 prosit
2844 1744 3110 1804 perpetuo
3154 1735 3413 1797 rimatur,

1834 1824 1991 1887 nihil,
2021 1824 2238 1894 Opinor,
2287 1822 2506 1879 diii'erre
2548 1824 2950 1894 comperiemus
2981 1826 3050 1881 ab
3083 1828 3284 1881 eximia
3323 1828 3415 1882 illa

1833 1916 2029 1985 peritia
2055 1924 2110 1969 et
2140 1923 2257 1970 arte
2292 1914 2652 1969 medicorum.
2686 1914 2752 1970 Hi
2783 1918 2929 1970 enim
2982 1915 3243 1973 adhibitis
3275 1919 3413 1975 artis

1832 2007 2093 2063 remediis
2118 2008 2339 2063 morbos
2367 2008 2697 2078 corporibus
2729 2009 3054 2078 ingruentes
3086 2011 3410 2065 retundunt:

1832 2100 1923 2156 ille
1948 2099 2157 2154 aditum
2182 2100 2342 2156 malis
2365 2101 2698 2165 intercludit,
2727 2101 3082 2173 cautionibus
3105 2105 3269 2159 veluti
3292 2106 3415 2175 qui-

1830 2191 2063 2248 busdam
2096 2192 2537 2263 uniuscujusque
2571 2191 2813 2246 animum
2844 2195 3237 2262 prmmunicns.
3272 2194 3409 2262 Quia

1830 2299 1960 2355 ergo
1994 2284 2266 2340 debebant
2310 2300 2419 2340 non
2454 2284 2618 2340 unius
2649 2286 3033 2341 tantummodo
3080 2288 3280 2357 gentis,
3309 2304 3412 2343 nec

1830 2376 1999 2432 unius
2042 2378 2310 2433 duntaxat
2354 2378 2597 2449 regionis
2626 2379 2794 2434 duces
2829 2395 2954 2435 esse
2998 2380 3276 2451 discipuli,
3311 2384 3410 2439 sed

1830 2469 2147 2525 constitutis
2190 2485 2289 2540 per
2333 2470 2654 2527 universum
2685 2471 2873 2527 orbem
2929 2472 3244 2531 hominibus
3270 2474 3413 2529 divi-

1831 2576 1961 2616 num
1990 2570 2043 2616 et
2066 2562 2447 2631 evangelicum
2491 2579 2801 2620 sermonem
2842 2567 3193 2636 praedicaturi
3226 2577 3408 2632 erant,

1828 2660 1994 2723 atque
2050 2654 2117 2708 ad
2165 2654 2329 2709 unius
2360 2654 2457 2711 Dei
2504 2655 2832 2725 obsequium
2868 2657 3152 2715 auditores
3181 2675 3410 2716 conver-

1830 2745 1970 2807 suri,
2003 2754 2057 2800 et
2084 2760 2115 2799 a
2171 2754 2397 2815 peccato
2423 2746 2490 2801 ad
2521 2748 2780 2801 virtutem
2815 2756 2869 2804 et
2913 2749 3254 2807 honestatem
3295 2760 3408 2806 tra~

1829 2834 2071 2903 ducturi,
2120 2850 2341 2906 suaeque
2382 2836 2508 2891 vitae
2541 2837 2784 2907 regulam
2831 2838 3004 2909 legem
3034 2841 3408 2911 evangelicam

1828 2927 2146 2994 adhibituri,
2174 2929 2494 2986 necessario
2521 2930 2587 2987 iis
2632 2932 2881 3001 praecipit
2921 2943 2979 2986 ut
3010 2934 3169 2990 nihili
3200 2933 3410 2990 faciant

1828 3020 1954 3075 odio
1983 3036 2016 3074 a
2045 3022 2250 3078 mundo
2288 3023 2499 3088 haberi,
2534 3024 2585 3079 id
2613 3033 2717 3090 est,
2742 3027 2811 3081 ab
2842 3025 2914 3081 iis
2942 3027 3035 3097 qui
3064 3043 3185 3097 quae
3214 3030 3409 3085 mundi

1829 3119 1962 3164 sunt
1993 3111 2237 3181 sapiunt,
2270 3119 2324 3167 et
2356 3112 2523 3183 impie
2561 3122 2727 3184 atque
2757 3114 3049 3170 libidinose
3096 3116 3265 3170 vitam
3315 3118 3409 3173 de-

129 3200 241 3252 τῶν
272 3199 419 3271 ζωῆς
448 3204 719 3257 ποιεῖσθαι
751 3205 841 3259 τὸν
870 3206 1053 3277 νόμον,
1086 3208 1229 3279 φημὶ
1254 3208 1311 3261 δὲ
1330 3209 1419 3262 τὸν
1444 3210 1722 3279 εὐαγγελι-

1829 3212 1982 3273 gunt.
2007 3203 2078 3256 At
2111 3218 2362 3273 qumnam
2392 3214 2475 3261 est
2496 3205 2733 3275 hujusce
2756 3207 2833 3262 rei
2866 3208 3034 3263 ratio?
3066 3208 3204 3263 Num
3232 3210 3402 3270 enim,

132 3291 252 3355 κδν,
293 3292 613 3360 ἀναγκαίως
654 3297 841 3360 αὐτοῖς
866 3301 998 3367 παρ’
1025 3299 1178 3352 οὐδὲν
1207 3301 1478 3355 ποιεῖσθαι
1509 3302 1721 3357 κελεύει

126 3384 194 3436 τὸ
220 3385 374 3456 παρά
398 3385 492 3439 τοῦ
518 3388 723 3459 κόσμου
756 3390 1051 3459 μισεῖσθαι,
1079 3391 1224 3445 τοῦτ’
1254 3393 1390 3457 ἔστι,
1422 3395 1575 3468 παρά
1611 3396 1721 3450 τῶν

131 3474 477 3544 φρονούντων
507 3477 576 3531 τὰ
612 3479 670 3532 ἐν
691 3480 902 3550 κόσμῳ,
926 3482 1021 3535 καὶ
1056 3483 1359 3553 φιληδόνως
1386 3487 1481 3540 καὶ
1508 3487 1721 3551 ἀσεϐῶς

131 3564 233 3636 ζῇν
259 3566 550 3637 ἑλομένων.
588 3571 697 3623 Καὶ
729 3571 815 3635 τίς
841 3573 907 3626 ἂν
938 3573 1022 3645 εἴη
1055 3575 1217 3629 πάλιν
1252 3578 1279 3631 ό
1306 3578 1495 3631 τούτου
1527 3580 1718 3648 λόγος;

129 3652 280 3730 ’Δρα
304 3659 434 3731 γὰρ,
465 3662 585 3726 εἰπέ
610 3680 721 3732 μοι,
750 3666 976 3733 φήσειεν
1003 3665 1067 3718 ἄν
1092 3684 1177 3730 τις
1193 3668 1377 3739 τυχὸν,
1404 3672 1472 3723 τὰ
1495 3671 1722 3725 τοιαῦτα

129 3754 243 3813 τοῖς
272 3752 467 3805 ἑαυτοῦ
503 3752 772 3822 μαθηταῖς
803 3755 1216 3811 διακελεύεσθαι
1249 3761 1361 3813 δεῖν
1400 3763 1721 3835 ἐδοκίμασεν

129 3843 158 3893 ό
181 3842 435 3912 Χριστὸς,
464 3844 745 3913 ἐπωφελές
767 3865 820 3900 τι
865 3848 1057 3919 χρῆμα
1088 3849 1149 3903 τὸ
1190 3851 1465 3921 μισεῖσθαι
1486 3853 1718 3920 δεικνὺς,

129 3934 462 4004 ἀδιακρίτως
490 3953 552 3991 τε
599 3939 696 3992 καὶ
742 3941 832 3993 ἐπ’
866 3942 1043 3995 οὐδενὶ
1066 3944 1230 4015 τυχὸν
1256 3944 1364 3998 τῶν
1403 3947 1721 4014 ἀναγκαίων

128 4028 210 4089 εἰς
232 4026 455 4098 δνησιν;
485 4029 701 4098 Ἄπαγε
724 4033 823 4104 τῆς
852 4033 1112 4105 ἀμαθίας.
1138 4038 1213 4090 Οὐ
1241 4040 1349 4110 γὰρ
1372 4039 1438 4093 ἃν
1462 4042 1542 4104 είς
1564 4041 1722 4096 τοῦτο

126 4116 410 4173 διὼλισθεν
441 4123 471 4175 ό
497 4122 654 4192 λόγος
690 4124 841 4195 αὐτῷ
861 4140 875 4155 ο
898 4126 960 4178 τὸ
998 4128 1275 4197 μισεῖσθαι
1299 4131 1356 4183 δὲ
1378 4132 1476 4203 ούχ
1508 4134 1718 4200 ἁπλῶς,

125 4210 191 4263 ού
246 4212 452 4285 σφόδρα
500 4215 863 4284 φυλάττεσθαι
901 4220 1051 4290 παρά
1092 4221 1293 4284 παντὸς
1325 4224 1718 4294 συμὸουλεύει,

126 4299 505 4371 διωρισμένως
534 4305 701 4373 φησὶν
722 4345 738 4370 ,
765 4306 965 4377 ἄριστά
1007 4327 1066 4362 τε
1102 4311 1197 4365 καὶ
1243 4311 1676 4386 διακεκριμένως
1702 4336 1716 4351 ο

132 4407 150 4440 ι
190 4390 259 4443 Ei
287 4392 315 4444 ό
343 4392 548 4462 κόσμος
569 4395 712 4465 ὑμᾶς
753 4400 920 4467 μισεῖ,
950 4418 967 4450 ι
999 4398 1146 4454 τοῦτ’
1182 4400 1348 4468 ἐστιν,
1379 4405 1427 4457 εἰ
1457 4407 1550 4460 καὶ
1586 4409 1718 4478 μέλ-

125 4479 271 4531 λοιεν
305 4480 450 4549 ὑμᾶς
474 4481 561 4536 διὰ
590 4484 782 4552 μίσους
812 4486 955 4557 ἔχειν
983 4490 1031 4542 oi
1078 4490 1148 4544 τὰ
1171 4492 1229 4544 ἐν
1263 4494 1454 4565 κόσμῳ
1494 4514 1720 4571 τετιμηο

1823 3297 1968 3351 dicet
2000 3295 2186 3352 forsan
2222 3297 2444 3369 aliquis,
2486 3300 2603 3355 suis
2633 3300 2922 3370 discipulis
2982 3302 3240 3360 Christus
3288 3305 3407 3362 haec

1824 3386 2087 3443 mandare
2129 3387 2305 3442 voluit
2336 3388 2502 3459 895
2540 3392 2687 3460 quod
2743 3393 3062 3449 ostenderet
3094 3395 3229 3451 utile
3259 3412 3403 3461 esse.

1824 3480 1952 3535 odio
1983 3480 2171 3536 haberi
2212 3480 2689 3537 indiscrimiuatim
2737 3492 2792 3539 et
2847 3484 2900 3538 in
2942 3500 3002 3539 re
3043 3487 3251 3544 nullius
3282 3505 3405 3545 mo-

1822 3572 2037 3627 menti?
2085 3572 2245 3628 Absit
2284 3580 2438 3629 tanta
2472 3574 2777 3646 imperitia!
2818 3577 2929 3633 Nec
2957 3580 3099 3634 enim
3132 3596 3199 3636 eo
3234 3584 3404 3653 perti-

1823 3669 1916 3717 net
1949 3662 2070 3732 ejus
2112 3663 2330 3718 oratio:
2373 3678 2485 3720 non
2520 3666 2667 3720 enim
2708 3666 3038 3737 simpliciter
3068 3672 3309 3726 consulit
3344 3683 3405 3727 ut

1822 3752 1878 3807 in
1910 3751 2095 3807 odium
2141 3754 2387 3825 cujusvis
2423 3756 2709 3812 incurrere
2739 3772 2839 3828 pro
2873 3759 3047 3816 nihilo
3085 3762 3355 3821 ducamus
3384 3785 3401 3826 ;

1822 3844 1920 3899 sed
1952 3845 2213 3901 distincte
2242 3848 2343 3912 ait,
2393 3856 2448 3902 et
2488 3856 2639 3904 recte
2693 3851 3018 3922 cumprimis
3054 3868 3119 3910 ac
3148 3855 3353 3913 diserte
3385 3879 3400 3913 :

1829 3956 1848 3989 ι
1887 3935 1943 3992 Si
1974 3952 2072 3992 vos
2104 3938 2223 3993 odit
2261 3938 2524 4005 mundus,
2560 3959 2579 3992 ι
2611 3939 2664 3995 id
2708 3951 2812 4006 est,
2857 3945 2983 4001 licet
3014 3946 3144 4002 odio
3167 3964 3265 4004 vos
3302 3950 3405 4004 ha-

1822 4027 1990 4083 bituri
2021 4029 2135 4083 sint
2170 4030 2264 4099 qui
2299 4031 2490 4085 mundi
2524 4046 2615 4087 res
2639 4032 2694 4087 in
2734 4036 2912 4104 pretio
2944 4037 3168 4105 habent,
3202 4055 3266 4095 ac
3295 4049 3405 4097 ter-

1821 4135 1956 4177 rena
2005 4128 2217 4177 tantum
2255 4123 2517 4192 sapiunt,
2562 4126 2781 4195 scitote,
2824 4129 3046 4199 inquit,
3092 4132 3199 4187 hoc
3250 4136 3404 4204 prius

1822 4215 2073 4271 evenisse
2112 4218 2397 4288 magistro.
2448 4219 2605 4285 Quod
2637 4231 2817 4278 autem
2852 4239 3037 4279 rerum
3068 4228 3401 4296 optimarum

1823 4308 2141 4366 doctoribus
2173 4325 2283 4364 non
2312 4326 2507 4381 parum
2536 4314 2792 4370 utilitatis
2832 4316 3132 4372 allaturum
3167 4321 3239 4374 sit
3268 4318 3402 4376 Ser-

1820 4401 2032 4456 vatoris
2065 4402 2408 4467 mandatum,
2448 4404 2612 4460 facile
2652 4408 2700 4460 is
2758 4418 3022 4477 agnoscet
3061 4413 3153 4481 qui
3212 4428 3399 4468 rerum

1823 4499 2076 4547 naturam
2102 4491 2275 4562 ipsam
2301 4496 2616 4551 attenderit.
2648 4497 2839 4552 Solent
2862 4501 3006 4553 enim
3036 4503 3127 4571 qui
3156 4506 3402 4573 spurcis—

124 4570 303 4635 κότες,
339 4573 435 4626 καὶ
460 4575 596 4644 μόνα
642 4577 963 4648 φρονοῦντες
1006 4581 1073 4636 τὰ
1116 4582 1209 4636 ἐπὶ
1229 4586 1329 4655 τῆς
1350 4587 1475 4658 γῆςς
1508 4589 1619 4644 ἴστε
1652 4570 1716 4663 δὴ

1829 4585 1977 4642 simis
2021 4586 2184 4643 rebus
2233 4589 2459 4644 student
2487 4597 2543 4645 et
2576 4590 2909 4669 impuritatis
2950 4570 3247 4654 mundanae
3283 4601 3404 4655 cul-

121 4664 268 4727 τότε,
312 4666 469 4736 φησὶ,
500 4670 916 4736 προπεπονθότα
936 4673 1094 4727 τοῦτο
1123 4674 1215 4728 τὸν
1243 4675 1714 4738 διδάσκαλον.”οτι

121 4754 179 4807 δὲ
212 4759 328 4820 τοῖς
369 4757 477 4811 τῶν
526 4761 826 4817 καλλίστων
873 4766 1193 4836 είσηγηταῖς
1221 4771 1281 4822 ού
1312 4776 1548 4846 μετρίως
1577 4778 1713 4831 οἴσει

118 4846 221 4917 τὴν
241 4847 432 4918 ὄνησιν
458 4850 552 4903 τοῦ
584 4853 837 4925 Σωτῆρος
868 4859 900 4927 ἠ
944 4859 1157 4931 ἐντολὴ,
1190 4863 1395 4919 κατίδοι
1430 4883 1514 4930 τις
1556 4868 1623 4922 ἂν
1651 4866 1710 4923 εὖ

124 4939 271 5032 pii—11a
302 4941 524 5011 ῥᾳδίως,
558 4946 606 4997 εξ
654 4949 721 5016 τῇ
766 4947 876 5001 τῶν
903 4953 1247 5022 πραγμάτων
1289 4956 1495 5032 ἐνορῴη
1530 4965 1709 5031 φύσει.

118 5030 275 5082 Φίλον
312 5032 413 5101 μὲν
438 5032 548 5103 γάρ
580 5052 697 5098 πως
734 5038 841 5099 ἀεὶ,
881 5039 1081 5105 μᾶλλον
1110 5041 1167 5094 δέ
1186 5042 1262 5106 ὡς
1291 5030 1495 5100 ἐπίπαν
1516 5051 1714 5106 ἐσπου-

118 5120 389 5193 δασμένον
427 5128 543 5188 τοῖς
576 5128 687 5181 τῶν
730 5130 1029 5200 αἰσχίστων
1059 5134 1336 5204 ἐρασταῖς,
1372 5139 1467 5192 καὶ
1495 5144 1607 5207 τοῖς
1637 5148 1719 5208 εἰς

119 5212 289 5306 ἀκρον
311 5214 508 5284 ἥκουσι
540 5216 825 5291 βδελυρίας
850 5222 1145 5295 κοσμικῆς,
1181 5230 1595 5299 παρακούεσθαι
1619 5238 1719 5306 μὲν

116 5304 192 5367 ὡς
218 5304 465 5376 δυσαχθῆ
517 5308 612 5362 καὶ
642 5310 930 5367 ἀλλόκοτον
959 5315 1052 5367 τὸν
1088 5319 1491 5388 σωφρονίζοντα
1538 5304 1718 5393 λόγον,

116 5396 446 5466 ἐπιφύεσθαι
487 5400 545 5453 δὲ
592 5405 701 5468 τοῖς
741 5407 1082 5476 εἰσηγεῖσθαι
1119 5412 1477 5478 σπουδάζουσι
1502 5418 1570 5472 τά
1601 5420 1711 5473 τῶν

120 5488 466 5559 μαθημάτων
499 5492 697 5562 ἄριστα
717 5537 731 5561 ,
764 5499 861 5551 καὶ
897 5498 968 5552 τὰ
994 5500 1062 5553 δι’
1088 5493 1164 5555 ὧν
1189 5504 1445 5574 ἀμείνους
1472 5509 1713 5575 ἔσονται,

116 5580 150 5650 ἤ
191 5582 460 5653 πρότερον
488 5581 650 5657 ἦσαν,
684 5589 872 5659 μόναις
897 5594 1018 5656 ταῖς
1054 5594 1211 5657 ίδίαις
1243 5596 1453 5667 ἡδοναῖς
1478 5602 1538 5656 τὸ
1565 5621 1701 5674 κριι⁴

191 5768 239 5801 ⁸³
267 5769 439 5827 Marc.
468 5786 595 5833 xm.
634 5774 721 5826 5|.

465 5867 732 5926 Patitor.
769 5866 882 5924 Gn.
912 5864 1179 5925 LXXIV.

1824 4692 1947 4732 men
1978 4679 2300 4750 attigerunt,
2339 4678 2747 4737 admonitiones
2782 4692 2840 4737 ut
2888 4687 3149 4745 molestas
3177 4699 3231 4745 et
3269 4707 3399 4764 gra—

1823 4781 1915 4823 ves
1946 4769 2202 4836 abjicere,
2234 4771 2371 4827 etin
2417 4786 2513 4827 eos
2554 4772 2651 4843 qui
2704 4784 2854 4829 recta
2905 4776 3107 4833 docere
3154 4784 3399 4852 aggressi

1819 4859 2048 4927 fuerint,
2093 4862 2300 4931 quibus
2342 4864 2411 4919 ad
2460 4865 2745 4921 meliorem
2780 4866 3001 4940 frugem
3041 4886 3396 4942 revocentur,

1816 4955 2039 5024 gravius
2089 4955 2396 5026 insurgere,
2424 4957 2801 5027 voluptatibus
2834 4962 2950 5016 suis
2989 4964 3086 5018 toti
3137 4982 3394 5023 succum-

1815 5047 2027 5102 bentes.
2060 5043 2258 5102 Verum
2290 5048 2424 5102 utile
2449 5049 2710 5117 quiddam
2744 5067 2831 5108 me
2877 5057 3272 5124 propemodum
3306 5059 3395 5115 fu-

1814 5139 1913 5208 git,
1944 5139 2090 5209 quod
2123 5141 2534 5211 propositorum
2562 5143 2853 5199 verborum
2902 5148 3259 5217 explicationi
3302 5153 3393 5207 iu-

1816 5232 2011 5301 primis
2042 5234 2305 5289 convenit
2330 5248 2396 5289 ac
2422 5232 2676 5290 debetur.
2716 5236 2887 5293 Judaei
2917 5240 3121 5311 quippe
3152 5244 3242 5297 uni
3274 5244 3394 5299 Mo-

1818 5321 1981 5378 saicae
2008 5325 2202 5379 litterae
2247 5340 2311 5379 ac
2348 5325 2536 5397 ﬁguris
2562 5327 2922 5396 adharentes,
2957 5348 3131 5403 usque
3157 5334 3225 5388 ad
3252 5346 3395 5391 tem-

1818 5428 1923 5484 pus
1979 5415 2344 5470 correctionis
2405 5418 2681 5472 obtirmati
2743 5420 2973 5488 animo,
3044 5422 3395 5493 disciplinam

1821 5506 2192 5575 evangelicum
2226 5507 2384 5561 nihili
2417 5509 2577 5579 plane
2607 5510 2904 5579 faciebant,
2932 5512 3084 5569 illius
3110 5523 3291 5569 autem
3323 5517 3401 5571 in-

1824 5607 2090 5667 terpretes
2138 5599 2529 5658 infensissimis
2576 5603 2833 5660 hostibus
2883 5605 3167 5674 graviores
3214 5606 3400 5677 duce-

2992 5882 3064 5943 13
