3868 6200
408 323 516 389 395

1431 318 1487 374 s.
1525 295 1804 373 CYRILLI
1841 308 2317 369 ALEXANDle
2355 299 2676 364 ARCHIEP.

3567 299 3684 359 590

411 445 581 500 bant:
629 447 820 514 gentes
873 451 1024 502 vero,
1063 435 1345 493 diversum
1395 433 1717 507 proﬁtentes
1743 447 1988 490 errorem

2112 432 2205 484 πεῖν
2237 425 2652 500 ἐπιτρέψαντες.
2707 420 2869 477 Ἀλλὰ
2902 419 3011 493 γὰρ
3039 417 3238 492 μικροῦ
3264 417 3337 492 μέ
3371 435 3424 474 τι
3447 417 3558 473 τῶν
3583 419 3679 473 ἀνι

407 540 464 590 et
522 531 852 590 ineffabilem
899 529 994 586 Dei
1045 529 1281 602 gloriam
1327 537 1598 583 creaturas
1649 524 1994 598 aiﬁngentes,

411 625 718 682 doctrinam
748 638 856 696 qua
887 621 1268 679 illuminentur
1294 619 1439 676 haud
1468 633 1626 691 aequo
1657 618 1843 674 animo
1871 632 2000 674 ευδ-

411 718 649 788 cipiunt.
679 715 974 772 Veteribus
1025 713 1231 785 quippe
1282 713 1441 768 malis
1475 710 1883 782 quodammodo
1907 711 1996 765 in-

413 809 566 868 olitis
603 821 959 879 summopere
989 805 1465 877 amplectebantur
1508 802 1810 866 inscitiam,
1843 811 1900 858 et
1928 802 1998 857 ab

415 900 667 974 ingenito
689 899 882 956 morbo
902 898 1162 954 recedere
1190 896 1278 951 vix
1312 910 1378 950 ac
1407 910 1474 951 ne
1501 895 1592 951 vix
1625 893 1848 966 quidem
1881 901 2000 949 stu-

415 991 640 1048 debant.
701 989 839 1044 Cum
887 1001 1022 1058 ergo
1071 999 1256 1041 rerum
1303 994 1502 1039 natura
1551 984 1627 1064 ita
1669 998 1729 1040 se
1770 982 1995 1050 haheat,

415 1081 542 1154 quis
587 1081 806 1138 dubitet
831 1081 1143 1139 Servatoris
1193 1078 1504 1149 discipulos
1537 1093 1740 1134 exosos
1766 1075 1883 1130 fore
1904 1073 2003 1129 Ju-

415 1171 550 1229 daeis
583 1186 646 1226 ac
675 1170 971 1243 gentilibus
1012 1168 1280 1232 infensos,
1315 1168 1643 1239 voluptariis
1682 1175 1864 1221 autem
1903 1167 2003 1221 bo-

415 1265 663 1321 minibus
697 1265 858 1334 longe
891 1259 1302 1335 gravissimos?
1329 1260 1399 1314 At
1427 1261 1474 1314 si
1503 1258 1761 1328 discipuli
1803 1256 2003 1312 Serva-

418 1356 556 1412 toris
576 1371 721 1427 aegre
749 1355 915 1409 laturi
938 1362 1129 1411 essent
1151 1353 1220 1407 ab
1242 1351 1432 1423 aliquo
1460 1365 1650 1406 eorum
1680 1364 1822 1420 quos
1841 1347 2004 1404 modo

417 1449 802 1505 recensuimus
821 1446 952 1503 odio
979 1445 1193 1513 haberi,
1219 1460 1284 1500 ac
1300 1458 1410 1499 non
1433 1443 1621 1514 potius
1641 1457 1834 1498 eorum
1863 1441 2004 1496 ami-

419 1541 606 1596 citiam
642 1540 792 1594 omni
822 1538 1010 1594 studio
1043 1537 1236 1593 venari
1271 1537 1561 1599 deberent,
1590 1531 1857 1604 numquid
1887 1547 2006 1588 om-

416 1634 580 1690 nibus
605 1640 756 1703 patet
789 1631 994 1687 nullam
1025 1631 1189 1701 plane
1223 1628 1441 1684 laudem
1472 1633 1876 1699 reportaturos,
1907 1623 2004 1695 qui

418 1725 731 1782 doctrinam
781 1724 918 1778 nulli
966 1737 1196 1794 prorsus
1238 1722 1426 1777 utilem
1469 1720 1856 1793 proﬁteantur,
1905 1716 2007 1774 sed

422 1817 783 1875 assentationi
822 1815 994 1887 896
1046 1815 1230 1886 potius
1274 1815 1553 1880 studeant,
1601 1811 1864 1883 arguendi
1914 1825 2005 1864 se-

419 1911 661 1966 cundum
701 1906 870 1963 Deum
922 1907 1181 1962 ﬁduciam
1206 1906 1598 1976 comprimant,
1623 1903 1773 1975 quod
1806 1903 2010 1974 cuique

419 2013 632 2076 gratum
664 2003 736 2059 sit
768 2003 1058 2074 loquentes
1081 2008 1248 2073 atque
1279 1996 1579 2056 docentes?
1616 1996 2007 2053 Necessarium

417 2103 504 2152 est
545 2095 710 2167 igitur
737 2109 966 2150 monere
994 2108 1107 2148 non
1138 2107 1265 2149 esse
1291 2091 1596 2146 amicitiam
1625 2089 2006 2160 quaerendam,

418 2189 515 2246 sed
547 2188 633 2244 vel
658 2188 714 2242 in
743 2186 1141 2242 nonnullorum
1161 2185 1349 2240 odium
1372 2183 1660 2239 incurrere
1687 2181 1833 2237 haud
1866 2180 2010 2235 mul-

421 2292 537 2337 tum
571 2278 922 2345 curandum,
965 2293 1093 2334 cum
1135 2293 1203 2334 ex
1239 2276 1619 2342 admonitione
1667 2274 1877 2347 aliquid
1926 2273 2010 2329 eis

419 2375 681 2431 utilitatis
719 2373 962 2429 exsistit.
994 2371 1111 2428 Hoc
1134 2371 1326 2442 utique
1353 2380 1411 2426 et
1433 2369 1662 2425 Paulum
1697 2369 1898 2425 iecisse
1928 2367 2010 2422 vi-

420 2467 699 2533 debimus,
729 2473 784 2521 et
808 2465 958 2520 clare
989 2463 1200 2520 dixisse
1227 2481 1242 2518 :
1273 2483 1291 2514 σ
1322 2461 1483 2516 Modo
1508 2461 1654 2517 enim
1690 2459 2011 2515 hominibus

422 2558 652 2625 suadeo,
693 2571 760 2612 an
793 2555 948 2612 Deo?
978 2554 1060 2610 An
1082 2571 1273 2627 quaero
1307 2554 1624 2610 hominibus
1657 2552 1919 2624 placere?
1952 2552 2010 2606 Si

423 2652 605 2706 adhuc
640 2649 956 2706 hominibus
983 2648 1280 2720 placerem,
1313 2647 1522 2702 Christi
1552 2661 1746 2702 servus
1781 2660 1893 2700 non
1920 2658 2012 2700 es-

422 2760 540 2801 sem
567 2744 635 2798 °‘.
667 2762 688 2796 ι
717 2742 854 2798 Cum
890 2752 1074 2797 autem
1114 2739 1464 2796 Corinthium
1493 2739 1791 2810 quemdam
1837 2737 2014 2794 corri—

423 2837 660 2908 puisset,
691 2843 856 2906 atque
888 2833 942 2887 id
975 2831 1300 2901 gravissime
1332 2831 1529 2886 tulisse
1563 2829 1875 2892 didicisset,
1911 2828 2009 2884 ait:

429 2945 448 2978 ι
493 2926 548 2981 Si
596 2925 742 2980 enim
779 2938 882 2995 ego
919 2922 1193 2978 contristo
1237 2937 1358 2987 vos,
1405 2931 1460 2976 et
1511 2919 1638 2992 quis
1684 2925 1769 2975 est
1797 2919 1889 2988 qui
1926 2933 2014 2972 me

422 3016 685 3080 imtiflcet,
717 3013 824 3069 nisi
847 3013 941 3082 qui
977 3013 1346 3067 contristatur
1379 3026 1446 3064 ex
1486 3025 1574 3065 me
1599 3008 1684 3063 ⁸τῖ
1714 3027 1732 3060 ι
1763 3005 2012 3063 Tristitia

2097 523 2346 593 αγκαίων
2401 518 2719 592 παρελάσαν
2746 515 2940 589 ᾤχετο,
2970 513 3150 570 καίτοι
3173 514 3294 575 ταῖς
3319 510 3429 566 τῶν
3457 527 3687 585 προκεις

2101 615 2281 687 μένων
2307 611 2563 684 θεωρίαις
2583 610 2667 665 ὃτι
2689 607 2925 681 μάλιστα
2943 605 3156 678 πρέπον
3173 621 3234 658 τε
3254 603 3351 657 καὶ
3381 600 3692 674 χρεωστού-

2102 723 2280 778 μενον.
2324 703 2567 758 Ἰουδαῖοι
2618 701 2717 773 μὲν
2755 699 2868 772 γὰρ
2904 698 3049 770 μόνῳ
3075 696 3155 769 τῷ
3202 692 3486 765 Μωσαῖκῷ
3516 708 3696 762 προσ-

2101 794 2412 870 εδρεύοντες
2463 792 2751 866 πράγματι
2785 789 2914 863 [γρ.
2967 784 3281 861 γράμματι]
3330 785 3427 838 καὶ
3464 783 3582 845 τοῖς
3628 782 3695 834 ὲν

2098 887 2258 957 τύπῳ
2294 882 2736 955 τετελεσμένοις,
2767 881 2929 953 μέχρι
2978 878 3176 951 καιροῦ
3221 875 3564 948 διορθώσεως
3596 872 3698 925 τὸν

2101 983 2302 1036 οίκεῖον
2333 977 2716 1051 ὲνιδρύσαντες
2761 975 2907 1042 νοῦν,
2937 974 3039 1045 τῆς
3064 969 3430 1041 εύαγγελικῆς
3461 963 3698 1022 παιδεύ-

2102 1093 2244 1141 σεως
2265 1073 2457 1128 οὐδένα
2509 1070 2609 1144 μὲν
2655 1069 2717 1124 τὸ
2745 1068 3008 1140 παράπαν
3037 1063 3317 1120 ἐποιοῦντο
3342 1061 3528 1129 λόγον,
3561 1057 3698 1120 τοὺς

2102 1169 2158 1223 δέ
2185 1187 2252 1238 γε
2299 1163 2644 1239 πρεσϐευτὰς
2665 1204 2681 1229 ,
2715 1161 3010 1234 φορτικοὺς
3053 1156 3302 1230 ἡγεῖσθαι
3343 1153 3548 1226 μᾶλλον
3582 1150 3703 1204 τῶν

2105 1260 2312 1333 σφόδρα
2347 1256 2771 1326 πολεμιωτάτων
2811 1252 2978 1324 ᾤοντο
3003 1251 3144 1304 δεῖν’
3176 1248 3228 1302 oi
3275 1246 3333 1300 δὲ
3363 1244 3465 1316 τὴν
3496 1242 3705 1314 ἑτέραν

2108 1352 2387 1425 μετιόντες
2421 1349 2691 1420 πλάνησιν
2714 1387 2730 1413 ,
2765 1347 2860 1400 καὶ
2884 1346 2986 1416 τὴν
3029 1345 3272 1416 ἀῤῥητον
3307 1339 3404 1394 τοῦ
3433 1336 3573 1392 Θεοῦ
3606 1334 3705 1390 δό-

2106 1445 2203 1512 ξαν
2241 1443 2614 1518 περιτιθέντες
2651 1443 2718 1511 τῇ
2752 1439 2952 1503 κτίσει,
2990 1435 3136 1507 φημὶ
3159 1433 3214 1488 δὲ
3247 1434 3374 1494 τοὺς
3405 1429 3468 1494 ἐξ
3499 1426 3703 1491 ἐθνῶν,

2105 1539 2168 1593 ού
2194 1517 2327 1592 λίαν
2354 1534 2609 1608 ἀσμένως
2635 1531 2728 1586 τὸν
2770 1525 3254 1599 καταλαμπρύνειν
3283 1521 3481 1584 αὐτοὺς
3520 1517 3712 1572 εἰδότα

2107 1629 2508 1703 παραδέχονται
2562 1624 2742 1695 λόγον.
2801 1618 3186 1689 Ἐντετηκότες
3215 1614 3326 1687 γάρ
3364 1613 3558 1683 ὥσπερ
3577 1611 3710 1703 ’ῖς

2107 1629 2508 1703 παραδέχονται
2562 1624 2742 1695 λόγον.
2801 1623 3186 1689 Ἐντετηκότες
3215 1623 3326 1687 γὰρ
3364 1623 3558 1683 ῶσπερ
3553 1623 3710 1768 ἐκ

2107 1722 2362 1794 ἀρχαίοις
2400 1718 2594 1782 κακοῖς
2613 1757 2627 1782 ,
2655 1713 2980 1786 φιλαιτάτην
3009 1709 3289 1764 ἐποιοῦντο
3308 1707 3408 1778 τὴν
3432 1707 3550 1776 ἁμα
3647 1720 3714 1766 ν,

2107 1815 2204 1869 καὶ
2233 1811 2530 1882 συντρόφου
2570 1809 2879 1880 νοσήματος
2919 1803 3220 1872 ἀποφοιτᾷν
3252 1795 3394 1870 ἦσαν
3421 1799 3503 1850 ὅτι
3538 1795 3710 1866 μάλι-

2109 1925 2211 1962 στα
2243 1904 2640 1959 δυσοκνότατοι.
2666 1900 2826 1955 Οὕτω
2852 1894 3142 1968 τοιγαροῦν
3173 1893 3271 1964 τῆς
3300 1891 3409 1944 τῶν
3436 1889 3714 1962 πραγμά-

2107 2016 2217 2052 των
2246 1997 2482 2070 ὲχούσης
2540 1993 2778 2065 φύσεως,
2806 1989 2890 2054 τίς
2945 1989 3010 2043 ἂν
3066 1985 3336 2040 ἐνδοιάσαι
3384 1981 3598 2056 λοιπὸν,
3628 1980 3715 2044 ὡς

2107 2087 2336 2160 ἔμελλον
2382 2084 2603 2140 ἔσεσθαι
2630 2081 2725 2138 τοῦ
2761 2080 3010 2152 Σωτῆρος
3050 2079 3100 2131 οἱ
3147 2076 3410 2148 μαθηταὶ,
3439 2073 3717 2143 στυγητοὶ

2112 2181 2213 2253 μὲν
2245 2181 2358 2244 τοῖς
2417 2175 2691 2239 Ἰουδαίοις
2711 2215 2726 2240 ,
2759 2170 3140 2241 διεπτυσμένοι
3171 2168 3228 2222 δὲ
3273 2167 3428 2237 παρὰ
3459 2166 3577 2227 τοῖς
3604 2161 3715 2232 τὴν

2121 2272 2393 2344 Ἐλλήνων
2418 2267 2635 2324 νοσοῦσι
2665 2266 2931 2336 πλάνησιν
2959 2280 2973 2295 ’
2999 2263 3200 2334 ἥκιστα
3224 2260 3282 2314 δὲ
3305 2260 3474 2331 ἡδεῖς,
3503 2255 3716 2328 μᾶλλον

2110 2364 2168 2419 δὲ
2203 2362 2626 2436 δυσαγθέστατοι
2673 2358 2790 2423 τοῖς
2814 2355 3120 2428 φιληδονεῖν
3149 2352 3461 2424 ἑλομένοις,
3495 2348 3595 2403 καὶ
3617 2347 3716 2401 τὸν

2111 2457 2357 2531 ἐξίτηλον
2418 2457 2478 2510 ὲν
2515 2455 2750 2526 τρυφαῖς
2792 2448 3119 2521 τετιμηκόσι
3161 2445 3308 2518 βίονς
3366 2442 3511 2498 Ἀλλ’
3546 2441 3711 2512 εἴπερ

2111 2549 2338 2622 ἔμελλον
2381 2547 2477 2602 τοῦ
2507 2545 2760 2617 Σωτῆρος
2805 2544 2857 2596 οἱ
2905 2541 3188 2614 μαθηταὶ,
3221 2538 3282 2593 τὸ
3322 2539 3420 2610 μὲν
3468 2535 3579 2590 ὑπὸ
3608 2533 3714 2588 τοῦ

2113 2641 2230 2715 [77).
2256 2640 2364 2694 ὑπό
2397 2637 2521 2711 του]
2555 2635 2830 2709 μισεῖσθαι
2852 2631 3017 2704 τυχὸν
3053 2631 3163 2685 τῶν
3196 2630 3298 2702 ῆδη
3332 2623 3708 2696 κατειλεγμέ-

2112 2751 2219 2788 νων
2241 2730 2513 2786 ποιεῖσθαι
2540 2727 2817 2800 φορτικὸν,
2841 2724 3038 2796 ζηλοῦν
3058 2723 3116 2778 δὲ
3156 2721 3356 2793 μᾶλλον
3383 2715 3718 2786 ἐπείγεσθαι

2113 2826 2211 2882 καὶ
2259 2823 2577 2896 φιλοθηρεῖν
2633 2821 2881 2883 ἐκτόπως
2911 2819 3004 2871 καὶ
3031 2816 3132 2888 τὴν
3179 2813 3331 2885 παρὰ
3352 2811 3461 2866 τῶν
3491 2809 3565 2863 τά
3592 2824 3714 2862 τοι·

2113 2919 2252 2977 αῦτα
2283 2916 2583 2974 νοσούντων
2611 2913 2914 2983 ἀγάπησιν,
2961 2907 3081 2972 πῶς
3111 2907 3173 2960 ού
3209 2907 3345 2960 πᾶσι
3372 2899 3718 2972 προδηλότα-

2114 3029 2228 3077 τον,
2262 3011 2339 3074 ὡς
2367 3009 2468 3062 ούκ
2492 3006 2558 3062 ἂν
2588 3004 2836 3074 ἐγένοντο
2863 2998 3209 3073 περιφανεῖς,
3238 2995 3414 3048 οὐδενὶ
3433 2992 3496 3046 τὸ
3529 2991 3716 3063 παρά·

425 3109 626 3180 quippe
657 3122 780 3179 qua:
814 3104 1119 3162 secundum
1149 3102 1320 3159 Deum
1361 3111 1471 3164 est,
1527 3101 1911 3173 paenitentiam
1953 3100 2008 3154 in

2115 3121 2224 3158 παν
2249 3103 2341 3156 τὸν
2365 3099 2594 3170 ὠφελεῖν
2634 3095 2888 3167 ἰσχύοντα
2926 3090 3313 3166 προϊσχόμενοι
3343 3086 3527 3154 λόγον,
3564 3099 3718 3153 κομ-

425 3203 660 3257 salutem
718 3195 1117 3252 immutabilem
1173 3199 1459 3265 operatur.
1528 3191 1765 3246 Dubium
1825 3189 2011 3259 itaque

426 3308 540 3349 non
585 3291 695 3347 erit
733 3301 1070 3354 sermonem,
1117 3285 1187 3340 ad
1235 3283 1656 3341 oblectationem
1692 3279 2011 3337 auditorum

427 3383 794 3454 compositum
821 3388 878 3436 et
923 3379 1018 3450 qui
1052 3377 1199 3449 quod
1241 3376 1367 3432 usui
1397 3375 1470 3430 sit
1507 3375 1588 3431 eis
1619 3389 1730 3429 non
1761 3373 2010 3444 exponit,

429 3475 636 3529 mundo
667 3472 852 3544 potius
881 3469 1153 3525 assentari
1187 3481 1352 3539 quam
1401 3465 1669 3538 prodesse
1697 3484 1710 3521 :
1750 3465 1845 3535 qui
1881 3478 2017 3520 vero

433 3565 747 3621 Servatoris
804 3562 996 3618 verbis
1033 3559 1231 3628 credit,
1284 3558 1427 3614 nihil
1465 3557 1779 3613 istiusmodi
1815 3555 2017 3627 praedi-

430 3659 601 3714 cabit.
640 3657 700 3712 Ei
733 3657 938 3727 quippe
967 3655 1190 3726 placere
1231 3653 1337 3709 sibi
1382 3652 1561 3708 satius
1603 3666 1728 3707 esse
1776 3649 2014 3721 putabit,

431 3758 487 3806 et
521 3748 855 3820 spiritalium
888 3745 1204 3805 divitiarum
1246 3744 1371 3799 loco
1397 3741 1740 3797 existimabit
1775 3740 1906 3796 odio
1945 3738 2019 3794 ab

433 3843 506 3898 iis
547 3841 736 3897 haberi
782 3839 878 3912 qui
907 3837 1297 3909 gravissimum
1325 3834 1517 3890 virtuti
1564 3833 1774 3889 bellum
1804 3832 2018 3886 indixe-

432 3945 582 3990 runt.
614 3933 752 3988 Cum
781 3945 914 4000 ergo
941 3928 1110 4004 vestri
1137 3926 1382 3982 nominis
1419 3924 1701 3995 splendori
1742 3923 2016 3979 interdum

433 4025 650 4084 clTlcere
681 4023 959 4078 videbitur
987 4021 1114 4076 odio
1146 4034 1272 4076 esse
1303 4020 1533 4082 mundo,
1565 4017 2019 4088 impedimentum

435 4118 570 4174 illud
625 4114 925 4187 projicite,
971 4110 1306 4182 contemptis
1365 4109 1475 4165 illis
1526 4107 1860 4172 honoribus,
1911 4107 2022 4164 nisi

435 4225 562 4266 cum
608 4205 872 4263 utilitatis
916 4205 1136 4259 ratione
1194 4201 1640 4272 coniungantur:
1680 4212 1859 4269 neque
1892 4213 2024 4254 vero

437 4302 734 4358 molestum
765 4298 926 4356 vobis
960 4297 1035 4353 sit
1075 4295 1206 4352 odio
1233 4293 1450 4361 haberi,
1486 4307 1612 4346 cum
1659 4293 1812 4363 prior
1839 4289 1890 4345 id
1922 4304 2025 4360 ego

438 4395 546 4449 sim
589 4399 870 4464 expertus.
915 4387 1050 4444 Sum
1101 4395 1286 4441 autem
1336 4383 1611 4439 Dominus
1657 4391 1713 4438 et
1758 4384 2026 4455 magister

437 4486 671 4543 scilicet.
699 4482 860 4551 Quod
886 4490 1071 4538 autem
1101 4478 1189 4535 sui
1212 4476 1413 4549 capitis
1441 4476 1613 4530 exitio
1641 4475 1826 4546 ipsum
1857 4475 2026 4531 etiam

437 4578 718 4635 Christum
749 4574 970 4632 oderint
1008 4572 1105 4644 qui
1164 4569 1446 4625 mundana
1491 4567 1712 4639 sapiunt
1749 4583 1815 4622 ac
1855 4568 2028 4622 coale-

438 4671 545 4727 stia
584 4671 729 4724 bona
758 4672 1148 4730 contemnunt,
1179 4661 1440 4717 existimo
1487 4658 1720 4730 probatu
1760 4673 1871 4715 non
1902 4673 2029 4715 esse

438 4761 679 4818 dillicile.
707 4759 828 4832 Ipse
853 4758 1002 4816 enim
1030 4757 1086 4811 in
1126 4753 1442 4825 Evangeliis
1475 4751 1545 4808 ad
1587 4751 1859 4824 quosdam
1907 4751 2025 4806 ait:

444 4876 466 4909 ι
495 4853 618 4911 Non
647 4859 824 4925 potest
853 4850 1093 4908 mundus
1151 4847 1337 4904 odisse
1383 4861 1505 4912 vos,
1551 4860 1640 4901 me
1671 4855 1852 4900 autem
1887 4844 2027 4912 odit,

437 4948 570 5020 quia
607 4963 709 5019 ego
733 4946 1107 5004 testimonium
1137 4941 1402 5014 perhibeo
1431 4939 1501 4995 de
1535 4938 1630 4994 illo
1665 4938 1814 5010 quod
1855 4952 2028 5010 opera

438 5040 562 5112 ejus
597 5040 741 5094 mala
774 5047 907 5094 sunt
929 5038 997 5093 ⁸³.
1025 5055 1047 5089 ι
1079 5033 1374 5104 Exemplar
1396 5031 1589 5101 itaque
1623 5032 1872 5102 seipsum
1898 5044 2030 5101 pra:-

438 5134 578 5189 bens
607 5131 774 5188 etiam
803 5130 892 5186 hic
921 5129 1133 5187 sanctis
1166 5123 1459 5197 apostolis,
1493 5123 1601 5178 hoc
1630 5122 1736 5177 iter
1767 5121 2028 5178 insistere

434 5226 612 5299 jubet,
641 5241 769 5282 cum
809 5223 938 5279 alibi
982 5236 1184 5279 rursus
1231 5226 1422 5292 aperte
1465 5215 1583 5271 ait:
1628 5233 1647 5268 ι
1688 5214 1840 5271 Beati
1890 5215 2030 5273 estis

439 5334 566 5374 cum
597 5316 992 5374 maledixerint
1035 5313 1193 5369 vobis
1237 5309 1514 5374 homines,
1562 5316 1618 5362 et
1651 5308 2027 5379 exprobrave-

437 5419 576 5476 rint,
608 5420 667 5465 et
695 5409 937 5465 dixerint
965 5421 1128 5463 omne
1167 5405 1376 5460 malum
1407 5401 1706 5458 adversum
1737 5415 1838 5457 vos
1867 5415 2029 5455 men-

441 5503 642 5559 tientes
668 5510 892 5572 propter
921 5513 1010 5557 me
1035 5515 1050 5555 :
1076 5498 1308 5572 gaudete
1341 5505 1399 5554 et
1421 5494 1722 5562 esxultate,
1763 5493 2027 5566 quoniam

528 5767 574 5799 “
595 5765 774 5822 Galat.
815 5782 856 5832 ι,
890 5767 980 5824 10.

1084 5769 1126 5802 ⁸⁷
1152 5767 1192 5821 ll
1227 5769 1355 5827 Cor.
1391 5782 1456 5831 ιι,
1494 5763 1550 5817 2.
1647 5760 1692 5792 ⁸⁸
1729 5759 1891 5816 Joan.
1923 5772 2025 5823 vn,
2057 5755 2091 5809 ’ἲ

2113 3194 2296 3266 ψείαις
2332 3191 2390 3245 δὲ
2430 3189 2632 3261 μᾶλλον
2657 3185 2986 3246 ἐπιδιδόντες
3011 3183 3079 3236 τὰ
3105 3181 3453 3252 φρονήματα,
3485 3175 3585 3229 καὶ
3615 3173 3718 3226 τὸν

2117 3265 2218 3357 μὲν
2254 3285 2320 3336 ἐκ
2347 3279 2658 3353 παρρησίας
2682 3277 2782 3346 τῆς
2814 3274 2956 3329 κατὰ
2985 3271 3120 3326 Θεὸν
3151 3268 3534 3328 συστείλαντες
3554 3265 3720 3333 ἔλεγε-

2114 3395 2228 3450 χον,
2255 3374 2318 3429 τό
2340 3392 2404 3445 γε
2447 3373 2554 3445 μὴν
2580 3370 2796 3439 ἑκάστῳ
2822 3365 3022 3440 μᾶλλον
3051 3364 3170 3437 ἡδὺ,
3205 3359 3501 3422 λαλοῦντές
3529 3375 3591 3410 τε
3615 3358 3722 3410 καὶ

2116 3447 2495 3541 εἰσηγούμενοι
2515 3485 2530 3533 ;
2547 3461 2850 3532 Ἀναγκαία
2874 3456 3166 3530 τοιγαροῦν
3198 3456 3232 3527 ἡ
3261 3452 3592 3521 παραίνεσις
3615 3447 3726 3502 τοῦ

2119 3563 2196 3634 μὴ
2224 3561 2432 3631 σφόδρα
2463 3555 2736 3629 φιλεῖσθαι
2763 3554 2968 3625 ζητεῖν,
2991 3547 3262 3604 ποιεῖσθαι
3282 3547 3340 3600 δὲ
3375 3545 3504 3615 παρ’
3533 3541 3722 3606 οὐδὲν,

2115 3633 2178 3708 τὸ
2205 3651 2300 3706 καὶ
2323 3649 2413 3704 διὰ
2433 3649 2622 3721 μίσους
2654 3646 2789 3700 ἱέναι
2810 3643 2951 3697 τισὶν
2985 3641 3096 3694 ἐστ’
3126 3639 3192 3692 ἂν
3225 3638 3410 3700 αὐτοῖς
3439 3633 3501 3688 τὸ
3518 3635 3584 3686 ἐκ
3615 3634 3725 3702 τῆς

2117 3744 2400 3807 νουθεσίας
2420 3741 2656 3812 ύπάρχοι
2686 3739 2973 3808 χρήσιμον.
3003 3731 3177 3786 Τοῦτό
3202 3748 3256 3785 τι
3278 3728 3396 3802 [γρ.
3422 3725 3583 3782 τοῦτό
3607 3724 3726 3797 τοι]

2120 3839 2217 3894 καὶ
2267 3837 2485 3893 Παῦλον
2536 3831 2842 3906 δεδρακότα
2874 3828 3265 3900 θεωρήσομεν,
3297 3823 3396 3878 καὶ
3446 3822 3726 3892 εἰρηκότα

2123 3930 2340 4000 σαφῶςο
2379 3948 2398 3981 ι
2443 3930 2604 3998 Ἀρτι
2641 3924 2750 3996 γὰρ
2778 3921 3102 3994 ἀνθρώπους
3134 3917 3327 3983 πείθω,
3360 3914 3395 3986 ἢ
3419 3914 3511 3967 τὸν
3543 3911 3683 3966 Θεόν
3705 3928 3730 3978 ;

2127 4021 2198 4076 Ἢ
2247 4020 2397 4092 ζητῶ
2449 4015 2762 4090 ἀνθρώποις
2802 4013 3101 4086 ἀρέσκειν;
3133 4009 3198 4062 Εἰ
3229 4005 3310 4059 ἔτι
3337 4003 3602 4074 ἀρέσκειν
3622 4003 3729 4056 ἀν-

2125 4113 2369 4188 θρώποις
2426 4111 2620 4184 ῆθελον
2651 4149 2669 4176 ,
2696 4105 2936 4178 Χριστοῦ
2985 4102 3171 4165 δοῦλος
3211 4095 3429 4164 ούκ,ἂν
3474 4095 3654 4166 ἢμην.
3699 4112 3728 4146 ›

2137 4187 2506 4278 Ἐπιτιμήσας
2541 4203 2601 4257 δὲ
2633 4200 2796 4257 πάλιν
2833 4198 2941 4253 τῶν
2969 4197 3027 4250 ὲν
3057 4191 3308 4266 Κορίνθῳ
3334 4190 3464 4254 τινὶ,
3507 4187 3738 4258 ἀφορή-

2125 4315 2235 4363 τως
2257 4314 2318 4351 τε
2363 4295 2485 4348 λίαν
2523 4291 2888 4363 ἀπηλγηκότα
2924 4287 3086 4341 τοῦτο
3114 4280 3324 4354 μαθὼν,
3355 4278 3522 4350 φησίν
3549 4292 3565 4308 ·
3597 4297 3618 4328 ι
3660 4278 3736 4330 Εἰ

2128 4392 2238 4463 γὰρ
2265 4388 2377 4459 ἐγὼ
2403 4386 2558 4441 λυπῶ
2581 4386 2746 4456 ὑμᾶς.
2781 4381 2876 4434 καὶ
2900 4379 2983 4442 τίς
3020 4380 3048 4431 ὁ
3077 4373 3385 4446 εὐφραίνων
3423 4387 3513 4463 μεν
3557 4372 3613 4422 εἰ
3650 4370 3736 4440 μὴ

2058 4463 2102 4519 D
2130 4462 2512 4554 ὀλυπούμενος
2541 4478 2602 4544 ἐξ
2624 4475 2795 4548 ὲμοῦς
2824 4494 2845 4526 ›
2873 4474 2936 4526 Ἡ
2966 4471 3076 4540 γάρ
3109 4466 3255 4522 κατά
3280 4464 3412 4518 Θεὸν
3441 4462 3593 4554 λύπη
3628 4479 3730 4532 με-

2132 4550 2368 4629 τάνοιανν
2403 4572 2486 4635 είς
2539 4566 2813 4640 σωτηρίαν
2856 4560 3238 4634 ἀμετάϐλητον
3289 4550 3734 4626 κατεργάζεται.

2137 4667 2330 4720 Ἔσται
2366 4658 2659 4732 τοιγαροῦν
2688 4655 2993 4728 οὐδαμόθεν
3016 4651 3321 4723 ἀμφίλογον
3352 4647 3428 4710 ὼς
3450 4643 3740 4698 κολακεύ-

2135 4776 2221 4812 σει
2283 4756 2384 4828 μὲν
2426 4753 2520 4808 τὸν
2572 4751 2779 4822 κόσμον
2816 4789 2832 4815 ,
2864 4748 3011 4818 ῆπερ
3059 4743 3246 4814 ὀνήσει
3304 4738 3503 4810 μᾶλλον
3533 4736 3562 4788 ὁ
3603 4734 3735 4789 καθ’

2131 4849 2326 4922 ἡδονὴν
2348 4849 2462 4912 τοῖς
2479 4843 2848 4918 ἀκροωμένοις
2879 4839 3134 4910 ἐσόμενος
3165 4834 3344 4901 λόγος,
3361 4831 3456 4922 καὶ
3477 4829 3605 4922 οὐχὶ
3632 4828 3740 4922 τὴν

2132 4918 2226 4990 τοῦ
2251 4918 2620 5008 συμφέροντος
2651 4929 2880 5001 γνώμην
2919 4924 3245 4998 παρατιθείς
3278 4936 3294 4950 ⁸
3323 4924 3352 4975 ό
3379 4921 3438 4974 δὲ
3479 4921 3599 4982 τοῖς
3634 4918 3740 4972 τοῦ

2133 5029 2386 5102 Σωτῆρος
2421 5024 2748 5096 πειθόμενος
2795 5021 2998 5090 λόγοις,
3045 5017 3168 5090 οὐχὶ
3203 5012 3366 5068 τοῦτο
3391 5009 3742 5102 πρεσϐεύσει

2134 5101 2321 5176 ποθέν.
2370 5117 2692 5191 Πρωλεῖται
2729 5114 2839 5186 γὰρ
2893 5109 3098 5184 μᾶλλον
3137 5108 3201 5162 τὸ
3245 5105 3508 5178 ἀρέσκειν
3547 5101 3741 5174 αὐτῷ,

2128 5216 2226 5272 καὶ
2244 5209 2613 5284 πνευματικὸν
2638 5209 2908 5280 ἡγήσεται
2937 5201 3189 5264 πλοῦτον,
3219 5197 3316 5252 καὶ
3353 5195 3416 5250 τὸ
3447 5193 3743 5266 μισεῖσθαι

2127 5307 2319 5362 λοιπὸν
2346 5307 2498 5378 παρὰ
2529 5302 2638 5357 τῶν
2671 5297 2922 5372 ἡγεῖσθαι
2946 5291 3368 5365 πολεμιωτάτην
3389 5286 3491 5360 τὴν
3521 5285 3744 5358 ἀρετὴ»

2131 5400 2424 5471 ἑλομένων.
2462 5395 2632 5450 Ὅταν
2663 5392 2845 5447 τοίνυν
2867 5434 2880 5455 ,
2906 5388 3062 5458 φησι,
3087 5386 3213 5448 ταῖς
3245 5380 3547 5454 ὑμετέραις
3576 5378 3736 5471 εύδο-

2131 5470 2427 5564 κιμησεσιν
2465 5486 2855 5559 ἀντιπράττειν
2887 5480 2997 5536 ἔσθ’
3027 5481 3118 5535 ὅτε
3152 5473 3328 5550 ὁρῷτο
3366 5470 3743 5545 κεκινημένον
