3868 6200
143 324 257 385 397
1199 324 1266 382 IN
1296 325 1583 384 JOANNIS
1622 324 2076 385 EVANGELIUM
2113 324 2246 382 LIB.
2286 326 2353 383 Χ.
3325 330 3430 388 398

137 446 205 499 τὸ
232 447 511 517 μισεῖσθαι
554 446 706 519 παρὰ
742 446 837 501 τοῦ
888 446 1098 520 κόσμου
1118 465 1130 479 ’
1163 448 1425 514 νικάσθω,
1452 450 1549 504 καὶ
1587 449 1746 502 τοῦτο

1863 462 2068 503 merces
2092 454 2277 503 vestra
2328 444 2552 518 copiosa
2580 454 2665 502 est
2698 446 2755 501 in
2783 446 2962 505 caelis.
3000 446 3094 504 Sic
3130 446 3278 505 enim
3308 463 3437 520 per-

137 538 565 611 διαρῤίπτεσθαι
620 540 680 593 τὸ
735 540 1169 613 παραπόδισμα,
1223 540 1313 594 διὰ
1349 540 1446 594 τοῦ
1496 540 1571 611 μὴ
1612 539 1732 593 λίαν

1863 540 2031 595 secuti
2064 547 2194 595 sunt
2220 539 2541 610 prephetas,
2575 538 2673 609 qui
2701 536 2924 595 fuerunt
2952 548 3081 599 ante
3108 553 3209 595 vos
3231 539 3301 592 ”.
3340 559 3360 593 ι

140 632 440 701 ἐφήδεσθαι
471 634 592 696 ταῖς
623 632 732 686 τῶν
776 633 1119 702 ἀγαπώντων
1159 634 1324 688 αὐτὸν
1353 636 1560 704 τιμαῖς,
1582 634 1632 686 εἰ
1664 632 1742 704 μὴ
1778 631 1873 686 τοῦ
1919 632 2227 703 πεφυκότος
2265 631 2498 702 ὠφελεῖν
2541 630 2819 703 ἀνέχοιντο
2846 631 3008 701 λόγου
3032 648 3046 662 ’
3108 631 3327 704 ὁράσθω
3382 632 3438 686 δὲ

144 724 423 795 μηδαμῶς
478 724 543 778 τὸ
579 725 861 793 μισεῖσθαι
917 727 1195 799 φορτικὸν,
1240 726 1375 798 ἐμοῦ
1424 726 1579 781 τοῦτο
1618 725 2230 799 προπεπονθότος.Εἰμὶ
2256 725 2312 780 δὲ
2343 724 2585 798 δηλονότι
2645 724 2851 796 Κύριος
2917 724 3012 778 καὶ
3084 723 3437 785 Διδάσκαλος,

142 818 272 871 Ὀτι
296 820 354 872 δὲ
408 818 496 872 ἐπ’
540 820 748 892 ὀλέθρῳ
784 820 888 892 τῆς
924 821 1135 878 ἑαυτῶν
1185 821 1425 893 κεφαλῆς
1452 821 1548 877 καὶ
1576 822 1742 877 αὑτὸν
1782 822 2126 894 μεμισήκασι
2175 822 2270 876 τὸν
2352 821 2622 893 Χριστὸν,
2684 822 2735 876 οί
2777 822 2845 877 τὰ
2885 822 2945 874 ὲν
2988 822 3180 893 κόσμῳ
3225 822 3439 892 φρονεῖν

138 913 436 983 ᾑρημένοι,
465 915 701 970 καὶτῶν
738 916 1011 988 οὐρανίων
1060 917 1575 990 ὑπερφρονήσαντες
1600 917 1844 987 ἀγαθῶν,
1878 917 1981 970 οὑκ
2050 916 2211 989 ἔργον
2248 912 2404 989 οἶμαι
2442 917 2730 971 δεικνύειν.
2780 918 2926 989 Ἔφη
2970 918 3079 989 γάρ
3139 917 3304 982 αὐτὸς
3382 918 3441 972 ὲν

138 1009 254 1069 τοῖς
286 1009 641 1078 Εὑαγγελίοις
667 1010 803 1082 πρός
828 1027 981 1073 τινας
1003 1026 1020 1044 ο
1060 1029 1079 1062 ι
1114 1011 1189 1065 Οὐ
1215 1010 1440 1065 δύναται
1469 1014 1498 1065 ὁ
1527 1010 1733 1082 κόσμος
1772 1012 1951 1082 μισεῖν
1982 1010 2127 1081 ὑμᾶς
2150 1025 2167 1039 ’
2200 1010 2300 1081 ἐμὲ
2347 1009 2407 1063 δὲ
2457 1012 2629 1079 μισεῖ,
2668 1012 2751 1065 ὅτι
2797 1010 2910 1080 ἐγὼ
2978 1011 3246 1083 μαρτυρῶ
3314 1010 3455 1080 περὶ.

136 1100 348 1166 αὐτοῦ,
377 1100 553 1155 ὅτιτά
573 1100 711 1172 ἔργα
756 1100 926 1155 αὑτοῦ
959 1102 1177 1174 πονηρά
1214 1103 1353 1158 ἐστι.
1401 1121 1421 1154 ι
1453 1101 1639 1156 Τύπον
1694 1097 1788 1156 οῦν
1824 1102 1938 1174 ἀρα
1992 1103 2107 1165 τοῖς
2174 1102 2355 1171 ἁγίοις
2400 1102 2743 1167 ἀποστόλοις,
2779 1103 2849 1157 τὰ
2903 1103 3025 1157 καθ’
3070 1104 3289 1169 ἑαυτὸν,
3339 1104 3444 1158 κάν

139 1198 322 1268 τούτῳ
371 1198 437 1270 δὴ
484 1199 649 1253 πάλιν
695 1197 999 1269 παραθεὶς,
1044 1198 1353 1270 ἰχνηλατεῖν
1399 1197 1613 1252 κελεύει
1644 1197 1743 1253 καὶ
1778 1196 1880 1269 τὴν
1908 1199 2004 1252 ἐπὶ
2042 1196 2256 1262 τούτοις
2301 1197 2441 1262 ὁδὸν,
2463 1200 2552 1253 ὅτε
2587 1200 2682 1253 καὶ
2724 1198 3025 1272 διαρρήδην
3077 1200 3266 1269 ἔλεγεν
3323 1199 3447 1253 ἑτέ-

144 1294 285 1363 ρωθί
343 1312 437 1349 ποι
486 1296 686 1349 πάλινο
762 1314 779 1349 ι
813 1294 1094 1368 Μακάριοι
1136 1296 1283 1362 ἐστε,
1327 1296 1460 1350 ὅταν
1510 1294 1777 1361 διώξωσιν
1849 1295 1998 1366 ὑμᾶς
2036 1296 2131 1349 καὶ
2175 1294 2478 1349 ὁνειδίσωσι
2530 1294 2627 1349 καὶ
2676 1296 2871 1349 εἴπωσι
2917 1297 3026 1350 πᾶν
3053 1296 3290 1368 πονηρὸν
3318 1295 3446 1350 καθ’

141 1388 305 1459 ὑμῶν
351 1390 675 1462 ψευδόμενοι
721 1392 911 1447 ἕνεκεν
954 1390 1095 1461 ἐμοῦ
1131 1408 1145 1421 ·
1222 1391 1446 1462 χαίρετε
1504 1390 1602 1445 καὶ
1648 1391 2027 1461 ἀγαλλιᾶσθε,
2102 1391 2186 1445 ὃτι
2231 1393 2261 1444 ὁ
2310 1390 2502 1462 μισθὸς
2570 1389 2726 1461 ὑμῶν
2780 1390 2951 1455 πολὺς
3007 1392 3067 1444 ὲν
3119 1394 3232 1455 τοῖς
3271 1392 3440 1464 οὐρα-

139 1487 277 1548 νοῑς.
318 1484 476 1539 Οῦτω
521 1485 630 1557 γὰρ
679 1485 907 1550 ἐδίωξαν
949 1486 1077 1551 τοὺς
1123 1488 1409 1559 προφήτας
1456 1488 1583 1552 τοὺς
1632 1488 1740 1561 πρὸ
1773 1488 1949 1560 ὐμιῖιν.
1988 1506 2008 1540 ι

216 1588 289 1640 Εἰ
323 1586 393 1639 ἐκ
447 1583 555 1638 τοῦ
599 1583 835 1651 κόσμου
861 1578 986 1654 ἦτε,
1016 1586 1051 1639 ό
1079 1584 1311 1654 κόσμος
1353 1584 1433 1639 ἂν
1473 1585 1542 1640 τὸ
1588 1585 1749 1639 ἴδιον

1919 1583 2085 1656 897
2122 1582 2237 1648 XV,
2264 1583 2352 1639 19.
2380 1582 2440 1639 Si
2462 1582 2525 1639 de
2550 1584 2745 1637 mundo
2764 1583 3024 1653 fuissetis,
3047 1582 3275 1639 mundus
3300 1584 3442 1655 quod

139 1679 361 1747 ἐφίλει·
397 1676 487 1731 ὅτι
519 1674 588 1730 δὲ
606 1675 676 1730 ἐκ
709 1675 816 1730 τοῦ
864 1676 1101 1745 κόσμου
1136 1679 1248 1731 οὐκ
1269 1676 1431 1742 ἐστὲ,
1466 1677 1605 1732 ἀλλ’
1631 1676 1747 1748 ἐγὼ

1863 1693 2006 1732 suum
2040 1686 2156 1731 erat
2187 1676 2464 1748 diligeret:
2490 1676 2617 1747 quia
2659 1692 2779 1730 vero
2820 1674 2883 1729 de
2915 1676 3113 1731 mundo
3145 1692 3248 1730 non
3279 1679 3443 1743 estis,

140 1767 526 1838 ἐξελεξάμην
548 1765 704 1839 ὑμᾶς
726 1767 795 1822 ἐκ
814 1768 925 1823 τοῦ
950 1768 1206 1839 κόσμου,
1237 1768 1337 1823 διὰ
1370 1769 1549 1824 τοῦτο
1576 1770 1752 1841 μισεῖ

1863 1774 1945 1827 sed
1992 1788 2088 1843 ego
2138 1771 2272 1843 elegi
2327 1788 2416 1826 vos
2461 1769 2526 1825 de
2571 1767 2809 1838 mundo,
2862 1778 3140 1838 propterea
3192 1770 3306 1825 odit
3350 1787 3443 1826 vos

143 1859 306 1931 ὑμᾶς
345 1863 379 1914 ό
408 1862 660 1929 κόσμος.

228 1951 497 2023 Ἐλαφρὸν
516 1952 581 2005 ὲκ
607 1949 802 2023 τέχνης
826 1951 923 2006 καὶ
949 1951 1010 2005 τὸ
1030 1952 1246 2007 πάντων
1264 1953 1347 2007 ὅτι
1379 1953 1615 2025 μάλιστα
1628 1954 1755 2009 δυσ-

141 2045 483 2116 αχθέστατον
517 2044 613 2098 καὶ
656 2046 743 2116 ἐφ’
768 2046 905 2117 ὅπερ
947 2044 1062 2117 [τσ.
1096 2038 1275 2119 ᾧπερ]
1308 2042 1377 2119 ἦν
1402 2047 1549 2111 εἰκὸς
1574 2047 1635 2100 οὐ
1660 2064 1755 2119 με·

142 2139 316 2210 τρίως
334 2137 729 2209 δυσχεραίνειν,
758 2137 1076 2209 παραδόξως
1113 2138 1339 2210 ἥδεσθαι
1376 2142 1541 2194 ποιεῖ.
1563 2142 1757 2211 Φορτι-

146 2233 243 2286 κὸν
275 2234 377 2303 μὲν
402 2230 512 2304 γὰρ
548 2229 719 2294 ὅντως
742 2229 805 2284 τὸ
833 2230 1110 2301 μισεῖσθαι
1156 2231 1295 2301 πρός
1327 2248 1514 2293 τινων,
1566 2231 1657 2286 διὰ
1684 2233 1755 2287 τά

144 2323 403 2377 ἐντεῦθεν
447 2321 561 2376 ἐσθ’
609 2323 697 2376 ὅτε
717 2321 1112 2377 διεκκύπτοντα
1134 2322 1306 2394 βλάϐη
1334 2324 1428 2377 καὶ
1459 2323 1755 2397 άδοκήτους

146 2412 471 2478 ἐπιϐουλὰς,
528 2412 645 2467 ἀλλ’
688 2414 790 2483 ήδὺ
837 2415 935 2468 καὶ
975 2412 1136 2467 τοῦτο
1164 2413 1254 2468 διὰ
1290 2413 1445 2480 Θεὸν,
1485 2415 1580 2468 καὶ
1626 2415 1753 2469 ὅταν

149 2506 433 2579 συμϐαίνῃ
461 2505 528 2559 δι’
566 2504 868 2572 εὐσέϐειαν,
898 2505 1171 2571 ἀπόδειξιν
1207 2507 1611 2578 ἐναργεστάτην
1641 2507 1754 2560 εἰσ-

147 2600 311 2671 φέρει
338 2598 433 2653 τοῦ
467 2598 542 2669 μὴ
572 2592 712 2652 εἶναι
739 2598 1022 2668 κοσμικὸν,
1052 2598 1141 2652 τὸν
1170 2599 1255 2669 ἐφ’
1313 2591 1467 2671 ᾧπερ
1495 2599 1562 2653 ἂν
1585 2600 1757 2671 πράτ-

148 2711 298 2748 τοιτο
322 2692 475 2764 παρά
491 2710 673 2747 τινων.
694 2692 906 2764 Ὥσπερ
920 2692 1026 2765 γὰρ
1052 2693 1339 2762 σωμάτων,
1362 2691 1555 2757 οὕτως,
1577 2687 1750 2763 οἶμαι,

148 2785 245 2838 καὶ
295 2785 515 2853 τρόπων
546 2784 869 2852 συγγενείας
911 2786 1239 2856 εὑρήσομεν,
1278 2786 1374 2838 καὶ
1410 2785 1519 2838 τῶν
1554 2785 1693 2840 ὲθῶν
1719 2785 1753 2855 ή

150 2877 437 2948 ταυτότης,
462 2876 557 2930 καὶ
585 2877 618 2945 ἡ
667 2874 809 2930 κατά
838 2877 946 2930 πᾶν
1017 2876 1194 2929 ὁτιοῦν
1256 2876 1530 2948 ὁμοιότης,
1570 2876 1669 2947 τὴν
1696 2875 1754 2943 ἐξ

151 2970 385 3040 αῖματος
405 2967 722 3039 ἀγχιστείαν
755 2962 1091 3039 ὑποδραμεῖν
1138 2968 1316 3038 ἱκανή.
1348 2968 1463 3021 Πᾶν
1484 2966 1592 3038 γάρ
1618 2968 1755 3031 ζῶον

153 3060 389 3129 ἀγαπῶν
420 3061 482 3113 τὸ
509 3060 693 3130 ὅμοιον
722 3058 892 3130 αὐτῷ,
920 3058 1062 3113 κατά
1109 3058 1171 3112 τὸ
1224 3058 1630 3130 γεγραμμένον,
1661 3058 1755 3111 καὶ

1855 1863 2110 1919 mundus.

1926 1952 2241 2008 Artiﬁciose
2291 1951 2455 2023 plane
2507 1950 2690 2006 reddit
2740 1948 2963 2005 facilem
3011 1964 3131 2005 rem
3194 1948 3442 2004 omnium

1854 2047 2019 2119 longe
2058 2046 2447 2118 gravissimam
2473 2084 2489 2109 ,
2527 2060 2708 2115 eoque
2745 2055 2943 2115 praeter
2981 2058 3134 2114 spem
3172 2042 3441 2098 obiectari

1855 2140 2017 2206 facit,
2054 2136 2203 2209 quod
2232 2152 2340 2192 non
2374 2135 2709 2192 mediocrem
2752 2135 3065 2192 molestiam
3087 2135 3213 2206 jure
3239 2135 3442 2189 allatu-

1855 2244 1981 2285 rum
2027 2228 2339 2285 videbatur.
2386 2225 2566 2283 Grave
2609 2227 2757 2282 enim
2799 2234 2886 2282 est
2923 2241 3117 2281 revera
3149 2225 3279 2281 odio
3318 2240 3445 2281 esse

1855 2322 2161 2387 nonnullis,
2179 2328 2407 2393 propter
2430 2320 2633 2376 damna
2663 2334 2787 2391 quae
2807 2320 3083 2375 interdum
3111 2317 3239 2374 hinc
3261 2335 3442 2374 emer-

1852 2421 2025 2485 gunt,
2068 2422 2124 2470 et
2156 2412 2472 2484 inopinatas
2511 2411 2745 2469 insidias
2778 2430 2793 2467 :
2844 2411 2940 2468 sed
2981 2426 3151 2467 suave
3181 2410 3314 2467 illud
3359 2421 3447 2467 est

1856 2520 2088 2581 propter
2120 2508 2315 2573 Deum,
2341 2516 2418 2576 et,
2455 2506 2503 2564 si
2535 2506 2609 2563 ob
2636 2508 2898 2578 pietatem
2929 2506 3235 2578 contingat,
3261 2507 3444 2560 mani-

1858 2602 2162 2659 festissimo
2209 2609 2542 2672 argumento
2593 2608 2682 2656 est
2735 2614 2801 2655 ac
2879 2597 3086 2654 indicio
3155 2614 3264 2653 non
3321 2613 3447 2654 esse

1857 2692 2196 2747 mundanum
2235 2706 2361 2747 eum
2414 2692 2470 2747 in
2520 2707 2684 2763 quem
2724 2689 2871 2747 istud
2914 2690 3084 2763 aliqui
3122 2692 3443 2747 moliantur.

1856 2786 1931 2841 Ut
1962 2785 2107 2841 enim
2144 2798 2475 2854 corporum,
2514 2784 2590 2839 ita
2633 2800 2847 2839 morum
2896 2783 3158 2856 cognatio
3196 2783 3447 2852 quaedam

1856 2886 1945 2934 est
1983 2895 1999 2933 :
2055 2886 2111 2933 et
2138 2891 2353 2931 morum
2384 2875 2623 2948 perfecta
2652 2877 2958 2933 similitudo
2999 2876 3071 2932 ad
3121 2876 3449 2947 propinqui-

1857 2977 2027 3025 tatem
2077 2968 2365 3040 sanguinis
2411 2968 2828 3040 exprimendam
2864 2969 3030 3024 valet.
3094 2966 3271 3023 Omne
3301 2969 3448 3023 enim

1858 3063 2066 3117 animal
2104 3063 2286 3134 diligit
2325 3062 2505 3117 simile
2548 3061 2695 3123 sibi,
2746 3068 2805 3115 ut
2840 3061 3109 3131 scriptum
3155 3068 3242 3117 est
3263 3061 3309 3093 “
3336 3102 3351 3126 ,
3392 3068 3451 3115 et

151 3155 235 3223 τῷ
292 3152 462 3224 ὁμοίῳ
499 3152 664 3207 αὐτοῦ
721 3153 1257 3224 προσκολληθήσεται
1310 3153 1472 3224 ἀνήρ.
1529 3152 1641 3222 Τῆς
1699 3151 1756 3206 δὲ

1863 3154 2045 3209 omnis
2096 3154 2261 3209 homo
2302 3153 2473 3209 simili
2512 3154 2600 3207 sui
2630 3153 2958 3208 soeiabitur.
3007 3152 3217 3207 Murum
3262 3160 3447 3207 autem

152 3247 449 3319 ὁμοηθείας
469 3246 713 3319 δηλονότι
742 3247 834 3301 τὸν
873 3249 972 3316 τῆς
1003 3248 1082 3310 εἰς
1103 3246 1367 3317 ἀλλήλους
1382 3246 1604 3315 ἀγάπης
1628 3246 1759 3299 ἀνα-

152 3339 385 3409 νεοὺσης
430 3339 616 3409 νόμον,
649 3338 806 3406 ἀγιος
848 3338 946 3409 μὲν
973 3339 1113 3410 ἁγίῳ
1146 3338 1602 3410 συνδιαιτήσεται,
1665 3339 1761 3393 καὶ

153 3430 277 3484 λίαν
296 3430 468 3501 ἡδέως
497 3429 679 3483 ἔσεται
699 3430 840 3484 κατά
870 3431 1065 3484 ταυτὸν
1096 3431 1191 3484 καὶ
1230 3431 1483 3484 συνέσται
1506 3430 1761 3502 φιλοφρό-

154 3540 282 3587 νως·
317 3522 531 3594 βεϐήλῳ
556 3522 613 3576 δὲ
641 3522 803 3576 πάλιν
834 3524 863 3577 ὁ
883 3522 1124 3586 τοιοῦτος
1169 3523 1260 3576 τὸν
1297 3522 1517 3595 τρόπον.
1547 3522 1762 3594 Ταύτῃ-

155 3632 240 3669 τοι
278 3616 376 3669 καὶ
405 3615 571 3686 νόμος
612 3618 643 3669 ὁ
680 3614 771 3669 διὰ
808 3616 1055 3679 Μωσέως
1086 3615 1370 3686 διαστολὴν
1399 3618 1633 3669 ἐποιεῖτο
1663 3615 1762 3687 τὴν

154 3706 268 3762 ἀνά
334 3706 499 3777 μέσον
564 3707 723 3777 ἁγίου
779 3725 842 3762 τε
894 3708 989 3762 καὶ
1049 3707 1279 3778 βεϐήλου
1335 3708 1501 3778 φημὶ,
1553 3707 1763 3779 ἄμικτά

158 3817 278 3863 πως
303 3799 556 3871 ἀλλήλοις
586 3801 681 3855 καὶ
708 3799 990 3872 ἀσύγχυτα
1036 3801 1106 3855 τὰ
1133 3801 1357 3857 τοιαῦτα
1390 3818 1455 3873 τη
1467 3801 1595 3873 ρῶν,
1622 3802 1763 3855 κατά

156 3907 223 3959 γε
259 3890 353 3945 τὸν
387 3892 444 3943 ἐν
495 3891 684 3962 ἀγάπῃ
712 3890 889 3960 λόγον.
927 3912 944 3942 ι
968 3890 1253 3963 Φθείρουσι
1278 3891 1386 3963 γάρ
1416 3893 1518 3963 ήθη
1551 3893 1763 3963 χρηστά

155 3983 370 4058 ὁμιλίαι
401 3984 591 4045 κακαὶ,
634 4002 651 4032 ι
692 3984 789 4035 καὶ
836 3984 1066 4054 πολεμεῖ
1106 4000 1223 4046 πως
1266 3982 1517 4053 ἀλλήλοις
1546 3984 1615 4037 τά
1642 3986 1764 4037 ἑτε-

162 4076 448 4146 ροτροπεῖν
480 4075 753 4145 ᾑρημένα,
789 4076 883 4127 καὶ
931 4074 1000 4128 τά
1026 4077 1139 4139 τοῖς
1174 4076 1255 4139 εἰς
1278 4075 1340 4128 τὸ
1368 4073 1607 4128 ἐναντίον
1637 4074 1762 4145 βλέ-

159 4182 323 4221 πουσι
382 4166 717 4237 διῳκισμένα
771 4166 1063 4239 θελήμασι,
1120 4168 1402 4239 μονονουχὶ
1453 4168 1546 4222 καὶ
1597 4168 1763 4240 ἀλλή-

159 4259 269 4313 λων
316 4262 633 4329 κατηγορεῖ,
688 4259 949 4330 ἐκατέρου
1020 4260 1080 4314 τὸ
1131 4261 1331 4315 οἰκεῖον
1392 4259 1764 4332 θαυμάζοντος

158 4350 525 4420 ἐπιτήδευμα.
584 4348 793 4403 υὺκοῦν
832 4350 1045 4422 ἀνάγκη
1095 4352 1370 4422 μισεῖσθαι
1415 4352 1506 4405 τὸν
1539 4352 1764 4424 φιλάρε-

158 4458 275 4504 τον,
303 4441 371 4493 δι’
405 4434 479 4494 ὧν
505 4440 666 4504 αὐτὸς
715 4440 1047 4511 θαυμάζοιτο
1081 4443 1178 4514 τὴν
1211 4444 1523 4515 φαυλότητα
1549 4446 1758 4515 διελέγ-

159 4547 350 4601 χοντα,
375 4531 469 4584 καὶ
486 4531 549 4583 τὸ
565 4532 621 4583 ἐν
645 4533 759 4593 τοῖς
783 4534 1040 4599 πονηροῖς
1061 4529 1248 4603 αἶσχος
1267 4533 1753 4599 ἀπολευκαίνοντα,

158 4624 224 4693 τῇ
259 4622 371 4675 τῶν
394 4620 607 4674 οἰκείων
637 4621 1063 4692 ἀντιπαραθέσει
1089 4623 1327 4694 τρόπωψ
1364 4624 1757 4696 παραδειχθέν-

158 4732 248 4778 eo;
284 4713 395 4785 γὰρ
439 4713 531 4766 τοῦ
579 4711 810 4782 ἀγαθοῦ,
866 4714 1033 4785 πολλή
1064 4731 1181 4778 πως
1221 4716 1437 4788 ἀνάγκη
1464 4718 1524 4770 τὸ
1554 4718 1758 4787 φαῦλον

160 4805 513 4875 ἀσχημονεῖν.
538 4806 637 4858 Διά
664 4806 886 4874 ταύτην,
909 4800 1081 4874 οἶμαι,
1109 4806 1209 4876 τὴν
1256 4808 1457 4870 αἰτίαν,
1505 4812 1618 4871 τοῖς
1647 4809 1762 4879 φιλ-

159 4898 379 4968 αρέτοις
411 4898 839 4968 ἐπιμεμήνασιν,
875 4899 925 4951 οἰ
950 4899 1024 4969 μὴ
1071 4898 1161 4952 τὸν
1194 4898 1305 4953 ῐσον
1337 4901 1522 4964 αὐτοῖς
1550 4900 1760 4971 ἐζηλω-

160 4988 319 5052 κότες
352 4987 575 5058 τρόπον.
600 4989 715 5041 υῦκ
746 4989 811 5060 ἐᾷ
854 4990 1142 5061 τοιγαροῦν
1173 4990 1460 5045 λυπεῖσθαι
1490 4993 1619 5056 τοὺς
1654 5010 1762 5064 μα-

160 5081 358 5152 θητὰς,
388 5080 493 5133 κᾶν
521 5080 950 5151 ἀπηχθημένους
980 5083 1208 5147 ἑαυτοὺς
1245 5085 1413 5155 ὁρῶσι
1442 5085 1521 5157 τῷ
1550 5087 1762 5167 κόσμῳν

159 5170 248 5225 διὰ
272 5171 333 5224 τὸ
361 5171 650 5240 φιλάρετον
677 5172 770 5225 καὶ
797 5171 898 5243 τὴν
922 5175 1002 5237 εἰς
1039 5174 1201 5228 αὐτὸν
1225 5175 1525 5242 εὐσέϐειαν,
1550 5177 1763 5249 χαίρειν

158 5265 216 5318 δὲ
260 5264 468 5337 μᾶλλον
494 5266 559 5318 ὲκ
588 5263 697 5319 τῶν
721 5266 980 5320 ἐναντίων
1033 5269 1336 5339 εἰσηγεῖται
1372 5270 1502 5336 δεῖν,
1534 5271 1763 5342 δεχομέ-

156 5372 283 5417 νους
312 5357 392 5417 εἰς
425 5354 701 5421 ἀπόδειξιν
721 5356 816 5409 τοῦ
852 5357 1005 5429 παρά
1048 5357 1167 5428 Θεῷ
1195 5361 1481 5432 λαμπροὺς
1521 5361 1759 5426 ἔσεσθαι,

160 5448 253 5500 καὶ
296 5447 457 5515 λόγου
508 5447 710 5510 παντὸς
764 5448 969 5515 ἀξίους,
1028 5450 1089 5502 τὸ
1149 5452 1425 5521 μισεῖσθαι
1466 5452 1617 5522 παρά
1664 5454 1759 5507 τοῦ

161 5538 390 5609 κόσμου.
422 5536 597 5590 Βλέπε
636 5538 747 5609 γὰρ
794 5538 942 5602 ὅπως
977 5540 1244 5611 σφαλερὸν
1279 5541 1586 5606 ἀπέδειξεν,
1621 5543 1758 5615 ὅπερ

159 5626 226 5701 ἦν
262 5630 412 5693 εἰκὸς
439 5629 656 5684 ἑλέσθαι
691 5632 877 5702 τυχὸν,
900 5632 1196 5704 τληπαθεῖν
1221 5634 1322 5687 οὐκ
1374 5636 1755 5706 ἀνεχομένους.

1859 3246 2246 3303 conformitate
2293 3254 2501 3300 mutua:
2529 3245 2852 3300 dilectionis
2890 3245 3065 3316 legem
3106 3254 3447 3308 renovante,

1859 3350 2085 3396 sanctus
2115 3339 2337 3410 quidem
2368 3352 2494 3393 cum
2527 3345 2721 3392 sancto
2750 3336 3195 3403 conversabitur,
3231 3345 3285 3392 et
3316 3352 3451 3392 sua-

1859 3431 2085 3486 vissime
2135 3438 2302 3499 atque
2369 3428 2753 3484 amantissime
2811 3443 2919 3482 una
2971 3442 3099 3482 eum
3146 3442 3213 3483 eo
3263 3428 3446 3497 deget,

1861 3522 2127 3594 profanus
2150 3522 2278 3576 item
2306 3534 2431 3575 cum
2462 3518 2717 3590 profano.
2740 3520 2954 3576 idcirco
2984 3520 3068 3573 lex
3097 3534 3317 3589 quoque
3338 3516 3451 3575 Mo-

1860 3616 2009 3672 saica
2057 3613 2198 3667 inter
2230 3618 2483 3666 sanctum
2526 3617 2582 3666 et
2613 3608 2906 3680 profanum
2939 3609 3243 3664 discrimen
3279 3624 3451 3679 pone-

1861 3708 1975 3769 bat,
1998 3719 2273 3775 nusquam
2304 3717 2367 3758 ea
2395 3703 2541 3757 inter
2567 3716 2627 3757 se
2658 3701 2811 3756 coire
2839 3715 3001 3771 posse
3030 3709 3281 3755 statuens
3312 3700 3451 3753 ami-

1861 3799 2004 3854 citiae
2041 3798 2179 3869 lege.
2218 3817 2236 3849 ι
2261 3795 2641 3865 Corrumpunt
2674 3794 2819 3849 enim
2861 3793 3037 3849 bonos
3068 3808 3249 3850 mores
3278 3793 3451 3848 collo-

1860 3890 1990 3961 quia
2023 3902 2193 3959 prava
2220 3888 2323 3951 ",i
2358 3895 2414 3941 et
2441 3900 2564 3956 qua:
2592 3885 2911 3956 discrepant
2937 3883 3173 3940 diversis
3205 3885 3450 3941 moribus

1863 3999 1928 4037 ac
1957 3984 2011 4037 in
2037 3982 2317 4037 diversum
2346 3979 2699 4035 tendentibus
2744 3978 2970 4042 animis,
3018 3978 3164 4032 inter
3206 3992 3267 4033 se
3308 3992 3453 4048 quo-

1862 4073 2159 4130 dammodo
2197 4072 2405 4129 bellum
2449 4078 2686 4142 gerunt,
2723 4084 2894 4141 seque
2927 4076 3123 4124 mutuo
3156 4083 3452 4141 propemo-

1864 4168 1994 4222 dum
2029 4172 2334 4230 accusant,
2366 4163 2729 4220 exosculante
2762 4171 3000 4232 utroque
3034 4177 3199 4217 suum
3236 4162 3454 4217 institu-

1866 4270 2003 4316 tum.
2032 4260 2302 4327 Quocirca
2328 4272 2559 4313 necesse
2582 4264 2667 4313 est
2696 4255 2827 4312 odio
2854 4255 3046 4310 haberi
3075 4254 3300 4309 virtutis
3330 4262 3454 4310 stu-

1864 4352 2083 4409 diosum
2133 4368 2201 4407 ex
2247 4351 2317 4407 iis
2368 4351 2441 4406 ob
2478 4365 2603 4420 qua:
2642 4348 2992 4404 admirationi
3030 4362 3156 4403 esse
3207 4336 3447 4411 debeat,

1865 4447 2071 4517 quippe
2116 4444 2211 4515 qui
2262 4442 2673 4515 improbitatem
2716 4446 2981 4511 coarguat
3011 4479 3027 4505 ,
3076 4447 3130 4493 et
3176 4438 3449 4493 malorum

1866 4538 2267 4594 obscenitatem
2306 4534 2578 4606 oppositis
2603 4532 2720 4588 suis
2745 4532 2993 4587 moribus
3023 4538 3233 4600 retegat
3258 4546 3273 4582 :
3300 4530 3452 4585 bono

1864 4631 2069 4700 quippe
2101 4628 2348 4684 exhibito
2377 4640 2609 4683 necesse
2632 4633 2717 4681 est
2744 4623 2874 4677 mali
2905 4631 3092 4695 patere
3119 4620 3447 4678 fmditatem.

1865 4720 2043 4785 llanc,
2063 4720 2281 4790 opinor,
2310 4719 2381 4773 ob
2400 4732 2624 4774 causam
2662 4717 2885 4771 virtutis
2920 4715 3188 4771 studiosis
3218 4732 3452 4772 succen-

1866 4821 2023 4877 sent,
2054 4813 2150 4883 qui
2184 4828 2294 4866 non
2327 4811 2551 4866 eosdem
2581 4818 2864 4865 sectantur
2896 4824 3098 4863 mores.
3135 4807 3451 4880 Discipulos

1865 4905 2035 4977 igitur
2060 4904 2185 4975 angi
2212 4918 2323 4958 non
2351 4902 2505 4969 sinit,
2531 4901 2785 4973 quamvis
2808 4900 3023 4971 seipsos
3056 4915 3257 4957 exosos
3288 4916 3451 4957 mun-

1869 4996 1941 5051 do
1977 4994 2200 5049 videant
2242 5002 2469 5064 propter
2502 4991 2728 5048 virtutis
2778 4992 3112 5063 pietatisque
3159 4992 3447 5049 studium:

1870 5088 1964 5144 sed
1998 5103 2030 5143 e
2068 5086 2347 5142 contrario
2387 5084 2685 5140 laetandum
2716 5099 2840 5140 esse
2865 5083 3066 5151 docet,
3102 5082 3303 5140 futurae
3342 5086 3451 5140 sibi

1870 5180 2015 5250 apud
2050 5178 2221 5234 Deum
2270 5178 2540 5233 claritatis
2581 5190 2644 5232 ac
2679 5175 2996 5246 splendoris
3058 5183 3282 5246 sumpto
3323 5176 3453 5230 hinc

1870 5276 2195 5341 argumento
2223 5276 2278 5323 et
2313 5266 2542 5331 indicio,
2570 5266 2717 5336 quod
2751 5267 2879 5321 odio
2903 5282 2933 5319 a
2965 5265 3177 5322 mundo
3206 5266 3454 5322 habean-

1870 5371 1980 5418 tur.
2016 5358 2153 5417 Vide
2185 5360 2332 5415 enim
2360 5374 2471 5431 quo
2495 5368 2657 5429 pacto
2682 5358 3055 5430 periculosum
3101 5373 3227 5414 esse
3266 5365 3457 5414 osten-

1868 5453 1965 5508 dat
2006 5452 2153 5507 nolle
2213 5451 2328 5522 pati
2386 5450 2534 5522 quod
2572 5450 2713 5505 velle
2746 5450 2959 5504 deceat.
3000 5446 3143 5503 Odia
3184 5447 3392 5519 quippe
3422 5463 3454 5503 a

1868 5542 2149 5599 nonnullis
2170 5542 2383 5608 haberi,
2405 5540 2654 5614 periculo
2681 5539 2873 5609 utique
2891 5552 3125 5610 prorsus
3146 5552 3257 5594 non
3281 5546 3456 5603 caret,

1866 5637 2091 5693 liberam
2119 5644 2303 5694 tamen
2331 5635 2476 5708 apud
2507 5633 2680 5706 898
2702 5631 2873 5691 Deum
2899 5632 3319 5690 excusationem
3345 5646 3459 5687 non

231 5812 279 5845 ”
305 5810 501 5869 Matth.
537 5829 590 5882 ν,
632 5813 719 5882 li,
766 5812 851 5869 l2.
926 5814 972 5847 ’⁸
1000 5813 1165 5872 Eccli.
1195 5829 1315 5883 xm,
1364 5814 1449 5879 l9,
1488 5813 1580 5869 20.
1628 5815 1701 5892 g“
1728 5815 1747 5871 Ι
1778 5813 1909 5872 Cor.
1947 5831 2037 5884 xv,
2083 5816 2173 5871 53.
