  <div class='ocr_page' id='page_1' title='image "/cluster/home/n/w/nwhite01/storage/ocr_20150623/74/nnc1.0046980180/217.png"; bbox 0 0 3868 6200; ppageno 0'>
   <div class='ocr_carea' id='block_1_1' title="bbox 410 340 518 400">
    <p class='ocr_par' dir='ltr' id='par_1_1' title="bbox 410 340 518 400">
     <span class='ocr_line' id='line_1_1' title="bbox 410 340 518 400; baseline 0.028 -3"><span class='ocrx_word' id='word_1_1' title='bbox 410 340 518 400; x_wconf 72' lang='lat'><strong>399</strong></span> 
     </span>
    </p>
   </div>
   <div class='ocr_carea' id='block_1_2' title="bbox 1442 312 2668 398">
    <p class='ocr_par' dir='ltr' id='par_1_2' title="bbox 1442 312 2668 398">
     <span class='ocr_line' id='line_1_2' title="bbox 1442 312 2668 398; baseline 0.005 -6"><span class='ocrx_word' id='word_1_2' title='bbox 1442 340 1500 393; x_wconf 90' lang='lat' dir='ltr'><strong>s.</strong></span> <span class='ocrx_word' id='word_1_3' title='bbox 1534 335 1809 393; x_wconf 74' lang='lat' dir='ltr'><strong>cvnuu</strong></span> <span class='ocrx_word' id='word_1_4' title='bbox 1845 312 2322 394; x_wconf 64' lang='lat' dir='ltr'><strong>ALEXANDRINI</strong></span> <span class='ocrx_word' id='word_1_5' title='bbox 2346 337 2668 398; x_wconf 78' lang='lat' dir='ltr'><strong>ARGHIEP.</strong></span> 
     </span>
    </p>
   </div>
   <div class='ocr_carea' id='block_1_3' title="bbox 3594 350 3701 403">
    <p class='ocr_par' dir='ltr' id='par_1_3' title="bbox 3594 350 3701 403">
     <span class='ocr_line' id='line_1_3' title="bbox 3594 350 3701 403; baseline 0 0"><span class='ocrx_word' id='word_1_6' title='bbox 3594 350 3701 403; x_wconf 77' lang='grc' dir='ltr'><strong>ισο</strong></span> 
     </span>
    </p>
   </div>
   <div class='ocr_carea' id='block_1_4' title="bbox 410 455 1990 535">
    <p class='ocr_par' dir='ltr' id='par_1_4' title="bbox 410 455 1990 530">
     <span class='ocr_line' id='line_1_4' title="bbox 410 455 1990 530; baseline -0.003 -12"><span class='ocrx_word' id='word_1_7' title='bbox 410 462 615 529; x_wconf 81' lang='lat' dir='ltr'><strong>habet,</strong></span> <span class='ocrx_word' id='word_1_8' title='bbox 653 457 750 516; x_wconf 89' lang='lat' dir='ltr'><strong>sed</strong></span> <span class='ocrx_word' id='word_1_9' title='bbox 786 457 927 514; x_wconf 89' lang='lat' dir='ltr'><strong>lucri</strong></span> <span class='ocrx_word' id='word_1_10' title='bbox 963 455 1264 530; x_wconf 89' lang='lat' dir='ltr'><strong>plurimum</strong></span> <span class='ocrx_word' id='word_1_11' title='bbox 1298 457 1483 528; x_wconf 79' lang='lat' dir='ltr'><strong>potius</strong></span> <span class='ocrx_word' id='word_1_12' title='bbox 1517 474 1643 513; x_wconf 89' lang='lat' dir='ltr'><strong>eum</strong></span> <span class='ocrx_word' id='word_1_13' title='bbox 1678 467 1863 514; x_wconf 88' lang='lat' dir='ltr'><strong>manet</strong></span> <span class='ocrx_word' id='word_1_14' title='bbox 1896 459 1990 529; x_wconf 86' lang='lat' dir='ltr'><strong>qui</strong></span> 
     </span>
    </p>
   </div>
   <div class='ocr_carea' id='block_1_5' title="bbox 2098 455 3696 535">
    <p class='ocr_par' dir='ltr' id='par_1_5' title="bbox 2098 458 3696 535">
     <span class='ocr_line' id='line_1_5' title="bbox 2098 458 3696 535; baseline 0.005 -24"><span class='ocrx_word' id='word_1_15' title='bbox 2098 458 2172 511; x_wconf 80' lang='grc' dir='ltr'><strong>Τὸ</strong></span> <span class='ocrx_word' id='word_1_16' title='bbox 2201 459 2299 530; x_wconf 81' lang='grc' dir='ltr'>μὲν</span> <span class='ocrx_word' id='word_1_17' title='bbox 2328 458 2438 531; x_wconf 92' lang='lat'><strong>7&amp;9</strong></span> <span class='ocrx_word' id='word_1_18' title='bbox 2470 459 2741 532; x_wconf 80' lang='grc' dir='ltr'><strong>μισεῖσθαι</strong></span> <span class='ocrx_word' id='word_1_19' title='bbox 2797 461 2950 533; x_wconf 86' lang='grc' dir='ltr'>παρά</span> <span class='ocrx_word' id='word_1_20' title='bbox 2979 480 3163 529; x_wconf 86' lang='grc' dir='ltr'>τινων,</span> <span class='ocrx_word' id='word_1_21' title='bbox 3184 458 3254 535; x_wconf 83' lang='grc' dir='ltr'>ἦν</span> <span class='ocrx_word' id='word_1_22' title='bbox 3282 464 3455 535; x_wconf 83' lang='grc' dir='ltr'>δήπου</span> <span class='ocrx_word' id='word_1_23' title='bbox 3485 465 3696 528; x_wconf 69' lang='grc' dir='ltr'>πάντως</span> 
     </span>
    </p>
   </div>
   <div class='ocr_carea' id='block_1_6' title="bbox 413 548 2000 622">
    <p class='ocr_par' dir='ltr' id='par_1_6' title="bbox 413 548 2000 622">
     <span class='ocr_line' id='line_1_6' title="bbox 413 548 2000 622; baseline -0.003 -11"><span class='ocrx_word' id='word_1_24' title='bbox 413 557 549 612; x_wconf 90' lang='lat' dir='ltr'><strong>illud</strong></span> <span class='ocrx_word' id='word_1_25' title='bbox 584 555 729 609; x_wconf 91' lang='lat' dir='ltr'><strong>ultro</strong></span> <span class='ocrx_word' id='word_1_26' title='bbox 758 551 1087 622; x_wconf 74' lang='lat' dir='ltr'><strong>susceperit.</strong></span> <span class='ocrx_word' id='word_1_27' title='bbox 1134 548 1193 605; x_wconf 89' lang='lat' dir='ltr'><strong>Si</strong></span> <span class='ocrx_word' id='word_1_28' title='bbox 1223 550 1371 605; x_wconf 80' lang='lat' dir='ltr'><strong>enim</strong></span> <span class='ocrx_word' id='word_1_29' title='bbox 1401 549 1496 620; x_wconf 91' lang='lat' dir='ltr'><strong>qui</strong></span> <span class='ocrx_word' id='word_1_30' title='bbox 1526 550 1654 604; x_wconf 88' lang='lat' dir='ltr'><strong>odio</strong></span> <span class='ocrx_word' id='word_1_31' title='bbox 1688 557 1774 604; x_wconf 88' lang='lat' dir='ltr'><strong>est</strong></span> <span class='ocrx_word' id='word_1_32' title='bbox 1804 549 1872 606; x_wconf 89' lang='lat' dir='ltr'><strong>iis</strong></span> <span class='ocrx_word' id='word_1_33' title='bbox 1902 552 2000 622; x_wconf 87' lang='lat' dir='ltr'><strong>qui</strong></span> 
     </span>
    </p>
   </div>
   <div class='ocr_carea' id='block_1_7' title="bbox 2102 550 3694 628">
    <p class='ocr_par' dir='ltr' id='par_1_7' title="bbox 2102 550 3694 628">
     <span class='ocr_line' id='line_1_7' title="bbox 2102 550 3694 628; baseline 0.003 -26"><span class='ocrx_word' id='word_1_34' title='bbox 2102 550 2202 621; x_wconf 81' lang='grc' dir='ltr'><strong>οὐχ</strong></span> <span class='ocrx_word' id='word_1_35' title='bbox 2220 550 2525 624; x_wconf 82' lang='grc' dir='ltr'><strong>ὁλοκλήρως</strong></span> <span class='ocrx_word' id='word_1_36' title='bbox 2550 551 2653 625; x_wconf 78' lang='grc' dir='ltr'><strong>ἀζή</strong></span> <span class='ocrx_word' id='word_1_37' title='bbox 2664 569 2806 624; x_wconf 73' lang='grc' dir='ltr'>μιονο</span> <span class='ocrx_word' id='word_1_38' title='bbox 2830 553 2945 607; x_wconf 77' lang='grc' dir='ltr'><strong>ἀλλ⁹</strong></span> <span class='ocrx_word' id='word_1_39' title='bbox 2974 553 3075 607; x_wconf 84' lang='grc' dir='ltr'><strong>οὐκ</strong></span> <span class='ocrx_word' id='word_1_40' title='bbox 3107 552 3222 625; x_wconf 74' lang='grc' dir='ltr'>ἔχει</span> <span class='ocrx_word' id='word_1_41' title='bbox 3239 553 3337 626; x_wconf 83' lang='grc' dir='ltr'>τὴν</span> <span class='ocrx_word' id='word_1_42' title='bbox 3366 555 3694 628; x_wconf 79' lang='grc' dir='ltr'><strong>παραίτησιν</strong></span> 
     </span>
    </p>
   </div>
   <div class='ocr_carea' id='block_1_8' title="bbox 409 641 1990 718">
    <p class='ocr_par' dir='ltr' id='par_1_8' title="bbox 409 642 1990 718">
     <span class='ocr_line' id='line_1_8' title="bbox 409 642 1990 718; baseline -0.003 -13"><span class='ocrx_word' id='word_1_43' title='bbox 409 648 694 705; x_wconf 87' lang='lat' dir='ltr'><strong>mundana</strong></span> <span class='ocrx_word' id='word_1_44' title='bbox 730 647 992 718; x_wconf 86' lang='lat' dir='ltr'><strong>sapiunt,</strong></span> <span class='ocrx_word' id='word_1_45' title='bbox 1034 654 1296 715; x_wconf 84' lang='lat' dir='ltr'><strong>tanquam</strong></span> <span class='ocrx_word' id='word_1_46' title='bbox 1323 651 1480 698; x_wconf 75' lang='lat' dir='ltr'><strong>extra</strong></span> <span class='ocrx_word' id='word_1_47' title='bbox 1514 642 1781 698; x_wconf 90' lang='lat' dir='ltr'><strong>mundum</strong></span> <span class='ocrx_word' id='word_1_48' title='bbox 1812 657 1990 700; x_wconf 82' lang='lat' dir='ltr'><strong>cense-</strong></span> 
     </span>
    </p>
   </div>
   <div class='ocr_carea' id='block_1_9' title="bbox 2098 641 3693 718">
    <p class='ocr_par' dir='ltr' id='par_1_9' title="bbox 2102 641 3693 718">
     <span class='ocr_line' id='line_1_9' title="bbox 2102 641 3693 718; baseline 0.003 -25"><span class='ocrx_word' id='word_1_49' title='bbox 2102 641 2392 715; x_wconf 81' lang='grc' dir='ltr'><strong>ἐλευθέραν</strong></span> <span class='ocrx_word' id='word_1_50' title='bbox 2426 643 2579 716; x_wconf 85' lang='grc' dir='ltr'>παρὰ</span> <span class='ocrx_word' id='word_1_51' title='bbox 2595 642 2738 715; x_wconf 85' lang='grc' dir='ltr'>Θεῷ,</span> <span class='ocrx_word' id='word_1_52' title='bbox 2777 643 2914 698; x_wconf 85' lang='grc' dir='ltr'>πολὺ</span> <span class='ocrx_word' id='word_1_53' title='bbox 2946 644 3003 699; x_wconf 84' lang='grc' dir='ltr'>δὲ</span> <span class='ocrx_word' id='word_1_54' title='bbox 3030 645 3094 718; x_wconf 83' lang='grc' dir='ltr'>δή</span> <span class='ocrx_word' id='word_1_55' title='bbox 3125 662 3178 698; x_wconf 88' lang='grc' dir='ltr'><strong>τι</strong></span> <span class='ocrx_word' id='word_1_56' title='bbox 3210 646 3273 700; x_wconf 85' lang='grc' dir='ltr'>τὸ</span> <span class='ocrx_word' id='word_1_57' title='bbox 3304 645 3495 718; x_wconf 79' lang='grc' dir='ltr'><strong>κέρδος</strong></span> <span class='ocrx_word' id='word_1_58' title='bbox 3530 647 3587 700; x_wconf 89' lang='grc' dir='ltr'><strong>ἐν</strong></span> <span class='ocrx_word' id='word_1_59' title='bbox 3615 647 3693 716; x_wconf 77' lang='grc' dir='ltr'>τῷ</span> 
     </span>
    </p>
   </div>
   <div class='ocr_carea' id='block_1_10' title="bbox 414 733 2002 809">
    <p class='ocr_par' dir='ltr' id='par_1_10' title="bbox 414 733 2002 809">
     <span class='ocr_line' id='line_1_10' title="bbox 414 733 2002 809; baseline -0.003 -14"><span class='ocrx_word' id='word_1_60' title='bbox 414 750 506 795; x_wconf 87' lang='lat' dir='ltr'><strong>tur</strong></span> <span class='ocrx_word' id='word_1_61' title='bbox 537 755 697 795; x_wconf 77' lang='lat' dir='ltr'><strong>esse:</strong></span> <span class='ocrx_word' id='word_1_62' title='bbox 733 752 866 809; x_wconf 76' lang='lat' dir='ltr'><strong>ergo</strong></span> <span class='ocrx_word' id='word_1_63' title='bbox 896 736 988 807; x_wconf 88' lang='lat' dir='ltr'><strong>qui</strong></span> <span class='ocrx_word' id='word_1_64' title='bbox 1021 752 1130 792; x_wconf 90' lang='lat' dir='ltr'><strong>non</strong></span> <span class='ocrx_word' id='word_1_65' title='bbox 1156 734 1392 790; x_wconf 85' lang='lat' dir='ltr'><strong>habetur</strong></span> <span class='ocrx_word' id='word_1_66' title='bbox 1429 733 1559 790; x_wconf 90' lang='lat' dir='ltr'><strong>odio</strong></span> <span class='ocrx_word' id='word_1_67' title='bbox 1582 775 1598 799; x_wconf 91' lang='lat'><strong>,</strong></span> <span class='ocrx_word' id='word_1_68' title='bbox 1640 748 1870 792; x_wconf 86' lang='lat' dir='ltr'><strong>necesse</strong></span> <span class='ocrx_word' id='word_1_69' title='bbox 1916 744 2002 792; x_wconf 87' lang='lat' dir='ltr'><strong>est</strong></span> 
     </span>
    </p>
   </div>
   <div class='ocr_carea' id='block_1_11' title="bbox 413 823 2002 897">
    <p class='ocr_par' dir='ltr' id='par_1_11' title="bbox 413 823 2002 897">
     <span class='ocr_line' id='line_1_11' title="bbox 413 823 2002 897; baseline -0.004 -10"><span class='ocrx_word' id='word_1_70' title='bbox 413 831 603 887; x_wconf 61' lang='lat' dir='ltr'><strong>mundi</strong></span> <span class='ocrx_word' id='word_1_71' title='bbox 635 829 795 885; x_wconf 86' lang='lat' dir='ltr'><strong>malis</strong></span> <span class='ocrx_word' id='word_1_72' title='bbox 824 827 1120 897; x_wconf 88' lang='lat' dir='ltr'><strong>implicari.</strong></span> <span class='ocrx_word' id='word_1_73' title='bbox 1165 823 1309 893; x_wconf 86' lang='lat' dir='ltr'><strong>Quid</strong></span> <span class='ocrx_word' id='word_1_74' title='bbox 1337 839 1470 896; x_wconf 76' lang='lat' dir='ltr'><strong>ergo</strong></span> <span class='ocrx_word' id='word_1_75' title='bbox 1499 824 1588 880; x_wconf 85' lang='lat' dir='ltr'><strong>bis</strong></span> <span class='ocrx_word' id='word_1_76' title='bbox 1625 825 1809 881; x_wconf 83' lang='lat' dir='ltr'><strong>verbis</strong></span> <span class='ocrx_word' id='word_1_77' title='bbox 1837 825 2002 881; x_wconf 85' lang='lat' dir='ltr'><strong>Chri-</strong></span> 
     </span>
    </p>
   </div>
   <div class='ocr_carea' id='block_1_12' title="bbox 412 916 1999 988">
    <p class='ocr_par' dir='ltr' id='par_1_12' title="bbox 412 916 1999 988">
     <span class='ocr_line' id='line_1_12' title="bbox 412 916 1999 988; baseline -0.003 -8"><span class='ocrx_word' id='word_1_78' title='bbox 412 932 533 980; x_wconf 87' lang='lat' dir='ltr'><strong>stus</strong></span> <span class='ocrx_word' id='word_1_79' title='bbox 565 921 801 978; x_wconf 74' lang='lat' dir='ltr'><strong>statuit?</strong></span> <span class='ocrx_word' id='word_1_80' title='bbox 836 919 971 974; x_wconf 87' lang='lat' dir='ltr'><strong>Cum</strong></span> <span class='ocrx_word' id='word_1_81' title='bbox 1007 917 1205 972; x_wconf 82' lang='lat' dir='ltr'><strong>ﬁducia</strong></span> <span class='ocrx_word' id='word_1_82' title='bbox 1243 925 1298 972; x_wconf 90' lang='lat' dir='ltr'><strong>et</strong></span> <span class='ocrx_word' id='word_1_83' title='bbox 1337 916 1511 973; x_wconf 85' lang='lat' dir='ltr'><strong>libere</strong></span> <span class='ocrx_word' id='word_1_84' title='bbox 1544 932 1641 974; x_wconf 90' lang='lat' dir='ltr'><strong>eos</strong></span> <span class='ocrx_word' id='word_1_85' title='bbox 1663 917 1850 988; x_wconf 62' lang='lat' dir='ltr'><strong>,loqui,</strong></span> <span class='ocrx_word' id='word_1_86' title='bbox 1895 933 1999 976; x_wconf 84' lang='lat' dir='ltr'><strong>nec</strong></span> 
     </span>
    </p>
   </div>
   <div class='ocr_carea' id='block_1_13' title="bbox 412 1009 1999 1088">
    <p class='ocr_par' dir='ltr' id='par_1_13' title="bbox 412 1009 1999 1088">
     <span class='ocr_line' id='line_1_13' title="bbox 412 1009 1999 1088; baseline -0.003 -17"><span class='ocrx_word' id='word_1_87' title='bbox 412 1024 763 1088; x_wconf 74' lang='lat' dir='ltr'><strong>peccatorum</strong></span> <span class='ocrx_word' id='word_1_88' title='bbox 786 1019 934 1068; x_wconf 91' lang='lat' dir='ltr'><strong>metu</strong></span> <span class='ocrx_word' id='word_1_89' title='bbox 965 1019 1266 1066; x_wconf 86' lang='lat' dir='ltr'><strong>auteorum</strong></span> <span class='ocrx_word' id='word_1_90' title='bbox 1295 1011 1413 1080; x_wconf 87' lang='lat' dir='ltr'><strong>qui,</strong></span> <span class='ocrx_word' id='word_1_91' title='bbox 1441 1009 1627 1065; x_wconf 85' lang='lat' dir='ltr'><strong>divina</strong></span> <span class='ocrx_word' id='word_1_92' title='bbox 1652 1010 1999 1082; x_wconf 60' lang='lat' dir='ltr'><strong>praedicatio-</strong></span> 
     </span>
    </p>
   </div>
   <div class='ocr_carea' id='block_1_14' title="bbox 413 1101 1998 1175">
    <p class='ocr_par' dir='ltr' id='par_1_14' title="bbox 413 1101 1998 1175">
     <span class='ocr_line' id='line_1_14' title="bbox 413 1101 1998 1175; baseline -0.004 -11"><span class='ocrx_word' id='word_1_93' title='bbox 413 1124 482 1164; x_wconf 88' lang='lat' dir='ltr'><strong>ne</strong></span> <span class='ocrx_word' id='word_1_94' title='bbox 505 1113 841 1175; x_wconf 86' lang='lat' dir='ltr'><strong>contempta,</strong></span> <span class='ocrx_word' id='word_1_95' title='bbox 876 1102 1276 1173; x_wconf 77' lang='lat' dir='ltr'><strong>castigationes</strong></span> <span class='ocrx_word' id='word_1_96' title='bbox 1302 1109 1356 1156; x_wconf 90' lang='lat' dir='ltr'><strong>et</strong></span> <span class='ocrx_word' id='word_1_97' title='bbox 1373 1101 1782 1158; x_wconf 79' lang='lat' dir='ltr'><strong>admonitiones</strong></span> <span class='ocrx_word' id='word_1_98' title='bbox 1811 1102 1998 1173; x_wconf 89' lang='lat' dir='ltr'><strong>prohi-</strong></span> 
     </span>
    </p>
   </div>
   <div class='ocr_carea' id='block_1_15' title="bbox 411 1191 1997 1264">
    <p class='ocr_par' dir='ltr' id='par_1_15' title="bbox 411 1191 1997 1264">
     <span class='ocr_line' id='line_1_15' title="bbox 411 1191 1997 1264; baseline -0.001 -10"><span class='ocrx_word' id='word_1_99' title='bbox 411 1200 562 1264; x_wconf 73' lang='lat' dir='ltr'><strong>bent,</strong></span> <span class='ocrx_word' id='word_1_100' title='bbox 593 1196 711 1251; x_wconf 87' lang='lat' dir='ltr'><strong>sine</strong></span> <span class='ocrx_word' id='word_1_101' title='bbox 736 1194 919 1249; x_wconf 83' lang='lat' dir='ltr'><strong>fructu</strong></span> <span class='ocrx_word' id='word_1_102' title='bbox 946 1193 1226 1249; x_wconf 82' lang='lat' dir='ltr'><strong>dimittere</strong></span> <span class='ocrx_word' id='word_1_103' title='bbox 1249 1191 1554 1258; x_wconf 85' lang='lat' dir='ltr'><strong>auditores,</strong></span> <span class='ocrx_word' id='word_1_104' title='bbox 1579 1194 1701 1259; x_wconf 86' lang='lat' dir='ltr'><strong>sed,</strong></span> <span class='ocrx_word' id='word_1_105' title='bbox 1730 1195 1997 1264; x_wconf 80' lang='lat' dir='ltr'><strong>periculis</strong></span> 
     </span>
    </p>
   </div>
   <div class='ocr_carea' id='block_1_16' title="bbox 410 1284 1997 1361">
    <p class='ocr_par' dir='ltr' id='par_1_16' title="bbox 410 1284 1997 1361">
     <span class='ocr_line' id='line_1_16' title="bbox 410 1284 1997 1361; baseline -0.001 -17"><span class='ocrx_word' id='word_1_106' title='bbox 410 1305 532 1361; x_wconf 75' lang='lat' dir='ltr'><strong>quae</strong></span> <span class='ocrx_word' id='word_1_107' title='bbox 570 1304 636 1343; x_wconf 79' lang='lat' dir='ltr'><strong>ex</strong></span> <span class='ocrx_word' id='word_1_108' title='bbox 682 1286 813 1342; x_wconf 88' lang='lat' dir='ltr'><strong>odio</strong></span> <span class='ocrx_word' id='word_1_109' title='bbox 848 1300 994 1356; x_wconf 67' lang='lat' dir='ltr'><strong>saepe</strong></span> <span class='ocrx_word' id='word_1_110' title='bbox 1028 1285 1357 1355; x_wconf 80' lang='lat' dir='ltr'><strong>contingunt</strong></span> <span class='ocrx_word' id='word_1_111' title='bbox 1389 1285 1657 1355; x_wconf 78' lang='lat' dir='ltr'><strong>neglectis</strong></span> <span class='ocrx_word' id='word_1_112' title='bbox 1678 1325 1694 1349; x_wconf 88' lang='lat'><strong>,</strong></span> <span class='ocrx_word' id='word_1_113' title='bbox 1729 1284 1905 1342; x_wconf 80' lang='lat' dir='ltr'><strong>fortes</strong></span> <span class='ocrx_word' id='word_1_114' title='bbox 1933 1301 1997 1343; x_wconf 85' lang='lat' dir='ltr'><strong>ac</strong></span> 
     </span>
    </p>
   </div>
   <div class='ocr_carea' id='block_1_17' title="bbox 412 1376 1994 1448">
    <p class='ocr_par' dir='ltr' id='par_1_17' title="bbox 412 1376 1994 1448">
     <span class='ocr_line' id='line_1_17' title="bbox 412 1376 1994 1448; baseline -0.004 -11"><span class='ocrx_word' id='word_1_115' title='bbox 412 1391 670 1437; x_wconf 79' lang='lat' dir='ltr'><strong>strenuos</strong></span> <span class='ocrx_word' id='word_1_116' title='bbox 704 1380 754 1432; x_wconf 90' lang='lat' dir='ltr'><strong>in</strong></span> <span class='ocrx_word' id='word_1_117' title='bbox 786 1377 1067 1448; x_wconf 89' lang='lat' dir='ltr'><strong>proposito</strong></span> <span class='ocrx_word' id='word_1_118' title='bbox 1100 1391 1343 1441; x_wconf 88' lang='lat' dir='ltr'><strong>manere,</strong></span> <span class='ocrx_word' id='word_1_119' title='bbox 1367 1390 1471 1431; x_wconf 89' lang='lat' dir='ltr'><strong>nec</strong></span> <span class='ocrx_word' id='word_1_120' title='bbox 1505 1377 1661 1447; x_wconf 90' lang='lat' dir='ltr'><strong>prius</strong></span> <span class='ocrx_word' id='word_1_121' title='bbox 1692 1376 1994 1447; x_wconf 87' lang='lat' dir='ltr'><strong>quidquam</strong></span> 
     </span>
    </p>
   </div>
   <div class='ocr_carea' id='block_1_18' title="bbox 413 1467 1992 1540">
    <p class='ocr_par' dir='ltr' id='par_1_18' title="bbox 413 1467 1992 1540">
     <span class='ocr_line' id='line_1_18' title="bbox 413 1467 1992 1540; baseline -0.003 -11"><span class='ocrx_word' id='word_1_122' title='bbox 413 1473 614 1529; x_wconf 84' lang='lat' dir='ltr'><strong>habere</strong></span> <span class='ocrx_word' id='word_1_123' title='bbox 662 1482 757 1525; x_wconf 88' lang='lat' dir='ltr'><strong>aut</strong></span> <span class='ocrx_word' id='word_1_124' title='bbox 801 1471 1011 1525; x_wconf 88' lang='lat' dir='ltr'><strong>ducere</strong></span> <span class='ocrx_word' id='word_1_125' title='bbox 1063 1484 1225 1540; x_wconf 84' lang='lat' dir='ltr'><strong>quam</strong></span> <span class='ocrx_word' id='word_1_126' title='bbox 1272 1478 1331 1522; x_wconf 91' lang='lat' dir='ltr'><strong>ut</strong></span> <span class='ocrx_word' id='word_1_127' title='bbox 1386 1467 1499 1523; x_wconf 88' lang='lat' dir='ltr'><strong>Deo</strong></span> <span class='ocrx_word' id='word_1_128' title='bbox 1525 1469 1802 1539; x_wconf 87' lang='lat' dir='ltr'><strong>placeant.</strong></span> <span class='ocrx_word' id='word_1_129' title='bbox 1833 1468 1992 1536; x_wconf 82' lang='lat' dir='ltr'><strong>Quod</strong></span> 
     </span>
    </p>
   </div>
   <div class='ocr_carea' id='block_1_19' title="bbox 410 1560 1995 1635">
    <p class='ocr_par' dir='ltr' id='par_1_19' title="bbox 410 1560 1995 1635">
     <span class='ocr_line' id='line_1_19' title="bbox 410 1560 1995 1635; baseline -0.004 -12"><span class='ocrx_word' id='word_1_130' title='bbox 410 1582 535 1623; x_wconf 88' lang='lat' dir='ltr'><strong>cum</strong></span> <span class='ocrx_word' id='word_1_131' title='bbox 558 1566 760 1620; x_wconf 81' lang='lat' dir='ltr'><strong>Paulus</strong></span> <span class='ocrx_word' id='word_1_132' title='bbox 783 1563 1006 1635; x_wconf 70' lang='lat' dir='ltr'><strong>egregie</strong></span> <span class='ocrx_word' id='word_1_133' title='bbox 1035 1569 1361 1632; x_wconf 68' lang='lat' dir='ltr'><strong>praestaret,</strong></span> <span class='ocrx_word' id='word_1_134' title='bbox 1396 1561 1470 1616; x_wconf 86' lang='lat' dir='ltr'><strong>ita</strong></span> <span class='ocrx_word' id='word_1_135' title='bbox 1502 1560 1699 1616; x_wconf 88' lang='lat' dir='ltr'><strong>scribit</strong></span> <span class='ocrx_word' id='word_1_136' title='bbox 1729 1580 1743 1616; x_wconf 89' lang='lat'><strong>:</strong></span> <span class='ocrx_word' id='word_1_137' title='bbox 1778 1580 1797 1614; x_wconf 79' lang='grc' dir='ltr'><strong>ι</strong></span> <span class='ocrx_word' id='word_1_138' title='bbox 1832 1561 1995 1618; x_wconf 80' lang='lat' dir='ltr'><strong>Modo</strong></span> 
     </span>
    </p>
   </div>
   <div class='ocr_carea' id='block_1_20' title="bbox 409 1654 1995 1725">
    <p class='ocr_par' dir='ltr' id='par_1_20' title="bbox 409 1654 1995 1725">
     <span class='ocr_line' id='line_1_20' title="bbox 409 1654 1995 1725; baseline -0.003 -9"><span class='ocrx_word' id='word_1_139' title='bbox 409 1662 556 1715; x_wconf 80' lang='lat' dir='ltr'><strong>enim</strong></span> <span class='ocrx_word' id='word_1_140' title='bbox 587 1658 901 1714; x_wconf 81' lang='lat' dir='ltr'><strong>hominibus</strong></span> <span class='ocrx_word' id='word_1_141' title='bbox 927 1656 1167 1722; x_wconf 85' lang='lat' dir='ltr'><strong>suadeo,</strong></span> <span class='ocrx_word' id='word_1_142' title='bbox 1201 1670 1269 1710; x_wconf 87' lang='lat' dir='ltr'><strong>an</strong></span> <span class='ocrx_word' id='word_1_143' title='bbox 1300 1654 1450 1711; x_wconf 86' lang='lat' dir='ltr'><strong>Deo?</strong></span> <span class='ocrx_word' id='word_1_144' title='bbox 1477 1654 1561 1709; x_wconf 82' lang='lat' dir='ltr'><strong>An</strong></span> <span class='ocrx_word' id='word_1_145' title='bbox 1591 1670 1781 1725; x_wconf 66' lang='lat' dir='ltr'><strong>quaero</strong></span> <span class='ocrx_word' id='word_1_146' title='bbox 1812 1654 1995 1712; x_wconf 86' lang='lat' dir='ltr'><strong>homi-</strong></span> 
     </span>
    </p>
   </div>
   <div class='ocr_carea' id='block_1_21' title="bbox 409 1748 1994 1823">
    <p class='ocr_par' dir='ltr' id='par_1_21' title="bbox 409 1748 1994 1823">
     <span class='ocr_line' id='line_1_21' title="bbox 409 1748 1994 1823; baseline -0.002 -15"><span class='ocrx_word' id='word_1_147' title='bbox 409 1754 573 1809; x_wconf 88' lang='lat' dir='ltr'><strong>nibus</strong></span> <span class='ocrx_word' id='word_1_148' title='bbox 597 1752 852 1823; x_wconf 70' lang='lat' dir='ltr'><strong>placere?</strong></span> <span class='ocrx_word' id='word_1_149' title='bbox 880 1750 937 1806; x_wconf 88' lang='lat' dir='ltr'><strong>Si</strong></span> <span class='ocrx_word' id='word_1_150' title='bbox 960 1749 1141 1806; x_wconf 83' lang='lat' dir='ltr'><strong>adhuc</strong></span> <span class='ocrx_word' id='word_1_151' title='bbox 1169 1748 1485 1804; x_wconf 84' lang='lat' dir='ltr'><strong>hominibus</strong></span> <span class='ocrx_word' id='word_1_152' title='bbox 1507 1749 1806 1818; x_wconf 78' lang='lat' dir='ltr'><strong>placerem,</strong></span> <span class='ocrx_word' id='word_1_153' title='bbox 1830 1748 1994 1805; x_wconf 89' lang='lat' dir='ltr'><strong>Chri-</strong></span> 
     </span>
    </p>
   </div>
   <div class='ocr_carea' id='block_1_22' title="bbox 2106 735 3692 810">
    <p class='ocr_par' dir='ltr' id='par_1_22' title="bbox 2106 735 3692 810">
     <span class='ocr_line' id='line_1_22' title="bbox 2106 735 3692 810; baseline 0.001 -23"><span class='ocrx_word' id='word_1_154' title='bbox 2106 735 2308 805; x_wconf 79' lang='grc' dir='ltr'>μᾶλλον</span> <span class='ocrx_word' id='word_1_155' title='bbox 2350 736 2607 807; x_wconf 85' lang='grc' dir='ltr'>ἐθελῆσαι</span> <span class='ocrx_word' id='word_1_156' title='bbox 2647 736 2843 791; x_wconf 83' lang='grc' dir='ltr'><strong>παθεῖν</strong></span> <span class='ocrx_word' id='word_1_157' title='bbox 2873 737 3025 791; x_wconf 87' lang='grc' dir='ltr'>αὐτό.</span> <span class='ocrx_word' id='word_1_158' title='bbox 3059 737 3124 792; x_wconf 75' lang='lat' dir='ltr'><strong>Ei</strong></span> <span class='ocrx_word' id='word_1_159' title='bbox 3178 736 3286 810; x_wconf 98' lang='lat'><strong>7&amp;9</strong></span> <span class='ocrx_word' id='word_1_160' title='bbox 3317 739 3347 791; x_wconf 86' lang='grc' dir='ltr'><strong>ό</strong></span> <span class='ocrx_word' id='word_1_161' title='bbox 3374 736 3692 807; x_wconf 78' lang='grc' dir='ltr'><strong>μισούμενος</strong></span> 
     </span>
    </p>
   </div>
   <div class='ocr_carea' id='block_1_23' title="bbox 2101 826 3691 902">
    <p class='ocr_par' dir='ltr' id='par_1_23' title="bbox 2101 826 3691 902">
     <span class='ocr_line' id='line_1_23' title="bbox 2101 826 3691 902; baseline 0.001 -22"><span class='ocrx_word' id='word_1_162' title='bbox 2101 828 2255 899; x_wconf 75' lang='grc' dir='ltr'>παρὰ</span> <span class='ocrx_word' id='word_1_163' title='bbox 2281 827 2391 883; x_wconf 85' lang='grc' dir='ltr'><strong>τῶν</strong></span> <span class='ocrx_word' id='word_1_164' title='bbox 2408 828 2476 882; x_wconf 82' lang='grc' dir='ltr'><strong>τὰ</strong></span> <span class='ocrx_word' id='word_1_165' title='bbox 2500 831 2559 884; x_wconf 84' lang='grc' dir='ltr'>ἐν</span> <span class='ocrx_word' id='word_1_166' title='bbox 2581 829 2773 900; x_wconf 85' lang='grc' dir='ltr'>κόσμῳ</span> <span class='ocrx_word' id='word_1_167' title='bbox 2794 829 3238 902; x_wconf 89' lang='grc' dir='ltr'>πεφρονηκότων,</span> <span class='ocrx_word' id='word_1_168' title='bbox 3266 828 3343 893; x_wconf 86' lang='grc' dir='ltr'>ὡς</span> <span class='ocrx_word' id='word_1_169' title='bbox 3369 826 3475 894; x_wconf 77' lang='grc' dir='ltr'><strong>ἔξω</strong></span> <span class='ocrx_word' id='word_1_170' title='bbox 3491 829 3691 899; x_wconf 87' lang='grc' dir='ltr'>κόσμου</span> 
     </span>
    </p>
   </div>
   <div class='ocr_carea' id='block_1_24' title="bbox 2100 920 3695 994">
    <p class='ocr_par' dir='ltr' id='par_1_24' title="bbox 2100 920 3695 994">
     <span class='ocr_line' id='line_1_24' title="bbox 2100 920 3695 994; baseline -0.001 -19"><span class='ocrx_word' id='word_1_171' title='bbox 2100 922 2429 991; x_wconf 80' lang='grc' dir='ltr'><strong>λελόγισται,</strong></span> <span class='ocrx_word' id='word_1_172' title='bbox 2454 921 2548 976; x_wconf 74' lang='grc' dir='ltr'>τὸν</span> <span class='ocrx_word' id='word_1_173' title='bbox 2579 922 2686 993; x_wconf 82' lang='grc' dir='ltr'><strong>ἀρα</strong></span> <span class='ocrx_word' id='word_1_174' title='bbox 2733 922 2808 994; x_wconf 86' lang='grc' dir='ltr'>μὴ</span> <span class='ocrx_word' id='word_1_175' title='bbox 2848 921 3168 994; x_wconf 74' lang='grc' dir='ltr'>μισηθέντα,</span> <span class='ocrx_word' id='word_1_176' title='bbox 3215 923 3330 985; x_wconf 86' lang='grc' dir='ltr'>τοῖς</span> <span class='ocrx_word' id='word_1_177' title='bbox 3353 920 3449 976; x_wconf 79' lang='grc' dir='ltr'>τοῦ</span> <span class='ocrx_word' id='word_1_178' title='bbox 3486 920 3695 991; x_wconf 61' lang='grc' dir='ltr'>κόσμοα</span> 
     </span>
    </p>
   </div>
   <div class='ocr_carea' id='block_1_25' title="bbox 2099 1008 3690 1084">
    <p class='ocr_par' dir='ltr' id='par_1_25' title="bbox 2099 1008 3690 1084">
     <span class='ocr_line' id='line_1_25' title="bbox 2099 1008 3690 1084; baseline -0.002 -16"><span class='ocrx_word' id='word_1_179' title='bbox 2099 1016 2292 1078; x_wconf 79' lang='grc' dir='ltr'><strong>κακοῖς</strong></span> <span class='ocrx_word' id='word_1_180' title='bbox 2331 1013 2638 1068; x_wconf 87' lang='grc' dir='ltr'>συνδεῖσθαι</span> <span class='ocrx_word' id='word_1_181' title='bbox 2687 1014 2875 1068; x_wconf 85' lang='grc' dir='ltr'>λοιπὸν</span> <span class='ocrx_word' id='word_1_182' title='bbox 2904 1014 3118 1083; x_wconf 81' lang='grc' dir='ltr'><strong>ἀνάγκη</strong></span> <span class='ocrx_word' id='word_1_183' title='bbox 3152 1015 3314 1068; x_wconf 88' lang='grc' dir='ltr'>νοεῖν.</span> <span class='ocrx_word' id='word_1_184' title='bbox 3354 1013 3420 1065; x_wconf 91' lang='grc' dir='ltr'>Τί</span> <span class='ocrx_word' id='word_1_185' title='bbox 3447 1008 3540 1066; x_wconf 82' lang='grc' dir='ltr'><strong>οὖν</strong></span> <span class='ocrx_word' id='word_1_186' title='bbox 3582 1013 3690 1084; x_wconf 84' lang='grc' dir='ltr'><strong>ἀρα</strong></span> 
     </span>
    </p>
   </div>
   <div class='ocr_carea' id='block_1_26' title="bbox 2097 1107 3697 1181">
    <p class='ocr_par' dir='ltr' id='par_1_26' title="bbox 2097 1107 3697 1181">
     <span class='ocr_line' id='line_1_26' title="bbox 2097 1107 3697 1181; baseline -0.001 -19"><span class='ocrx_word' id='word_1_187' title='bbox 2097 1107 2187 1163; x_wconf 75' lang='grc' dir='ltr'><strong>διά</strong></span> <span class='ocrx_word' id='word_1_188' title='bbox 2212 1107 2421 1163; x_wconf 87' lang='grc' dir='ltr'>τούτων</span> <span class='ocrx_word' id='word_1_189' title='bbox 2448 1108 2802 1180; x_wconf 79' lang='grc' dir='ltr'>ᾡκονόμησεν</span> <span class='ocrx_word' id='word_1_190' title='bbox 2852 1109 2881 1162; x_wconf 88' lang='grc' dir='ltr'><strong>δ</strong></span> <span class='ocrx_word' id='word_1_191' title='bbox 2911 1109 3147 1181; x_wconf 82' lang='grc' dir='ltr'>Χριστός</span> <span class='ocrx_word' id='word_1_192' title='bbox 3172 1126 3186 1173; x_wconf 88' lang='grc'>;</span> <span class='ocrx_word' id='word_1_193' title='bbox 3233 1108 3308 1163; x_wconf 85' lang='grc' dir='ltr'><strong>Τὸ</strong></span> <span class='ocrx_word' id='word_1_194' title='bbox 3326 1110 3386 1162; x_wconf 87' lang='grc' dir='ltr'><strong>ἐν</strong></span> <span class='ocrx_word' id='word_1_195' title='bbox 3412 1109 3697 1181; x_wconf 71' lang='grc' dir='ltr'>παρρησίᾳ.</span> 
     </span>
    </p>
   </div>
   <div class='ocr_carea' id='block_1_27' title="bbox 2100 1199 3695 1273">
    <p class='ocr_par' dir='ltr' id='par_1_27' title="bbox 2100 1199 3695 1273">
     <span class='ocr_line' id='line_1_27' title="bbox 2100 1199 3695 1273; baseline 0.001 -20"><span class='ocrx_word' id='word_1_196' title='bbox 2100 1200 2373 1255; x_wconf 83' lang='grc' dir='ltr'>ποιεῖσθαι</span> <span class='ocrx_word' id='word_1_197' title='bbox 2394 1200 2488 1256; x_wconf 85' lang='grc' dir='ltr'>τὸν</span> <span class='ocrx_word' id='word_1_198' title='bbox 2503 1200 2661 1271; x_wconf 85' lang='grc' dir='ltr'>λόγον</span> <span class='ocrx_word' id='word_1_199' title='bbox 2683 1202 2904 1268; x_wconf 76' lang='grc' dir='ltr'>αὐτοὺς,</span> <span class='ocrx_word' id='word_1_200' title='bbox 2925 1203 3019 1255; x_wconf 76' lang='grc' dir='ltr'>καὶ</span> <span class='ocrx_word' id='word_1_201' title='bbox 3053 1199 3128 1273; x_wconf 84' lang='grc' dir='ltr'>μὴ</span> <span class='ocrx_word' id='word_1_202' title='bbox 3148 1200 3287 1256; x_wconf 89' lang='grc' dir='ltr'>αίδοῖ</span> <span class='ocrx_word' id='word_1_203' title='bbox 3308 1203 3373 1273; x_wconf 80' lang='grc' dir='ltr'><strong>τῇ</strong></span> <span class='ocrx_word' id='word_1_204' title='bbox 3401 1202 3527 1273; x_wconf 88' lang='grc' dir='ltr'>περί</span> <span class='ocrx_word' id='word_1_205' title='bbox 3540 1217 3695 1264; x_wconf 81' lang='grc' dir='ltr'>τινας</span> 
     </span>
    </p>
   </div>
   <div class='ocr_carea' id='block_1_28' title="bbox 2096 1291 3697 1368">
    <p class='ocr_par' dir='ltr' id='par_1_28' title="bbox 2096 1291 3697 1368">
     <span class='ocr_line' id='line_1_28' title="bbox 2096 1291 3697 1368; baseline 0 -22"><span class='ocrx_word' id='word_1_206' title='bbox 2096 1294 2206 1347; x_wconf 81' lang='grc' dir='ltr'>τῶν</span> <span class='ocrx_word' id='word_1_207' title='bbox 2235 1294 2656 1368; x_wconf 76' lang='grc' dir='ltr'>ἡμαρτηκότων,</span> <span class='ocrx_word' id='word_1_208' title='bbox 2692 1294 2861 1366; x_wconf 77' lang='grc' dir='ltr'>ἧγουν</span> <span class='ocrx_word' id='word_1_209' title='bbox 2886 1293 3133 1349; x_wconf 79' lang='grc' dir='ltr'><strong>ἀπειθεῖν</strong></span> <span class='ocrx_word' id='word_1_210' title='bbox 3161 1292 3428 1364; x_wconf 75' lang='grc' dir='ltr'><strong>ἑλομένων</strong></span> <span class='ocrx_word' id='word_1_211' title='bbox 3457 1291 3538 1364; x_wconf 84' lang='grc' dir='ltr'>τῷ</span> <span class='ocrx_word' id='word_1_212' title='bbox 3561 1292 3697 1363; x_wconf 81' lang='grc' dir='ltr'>θείῳ</span> 
     </span>
    </p>
   </div>
   <div class='ocr_carea' id='block_1_29' title="bbox 2097 1384 3690 1459">
    <p class='ocr_par' dir='ltr' id='par_1_29' title="bbox 2097 1384 3690 1459">
     <span class='ocr_line' id='line_1_29' title="bbox 2097 1384 3690 1459; baseline -0.002 -19"><span class='ocrx_word' id='word_1_213' title='bbox 2097 1386 2436 1459; x_wconf 83' lang='grc' dir='ltr'><strong>κηρύγματι,</strong></span> <span class='ocrx_word' id='word_1_214' title='bbox 2461 1387 2555 1441; x_wconf 83' lang='grc' dir='ltr'>τὸν</span> <span class='ocrx_word' id='word_1_215' title='bbox 2585 1389 2887 1458; x_wconf 81' lang='grc' dir='ltr'>σωφρονεῖν</span> <span class='ocrx_word' id='word_1_216' title='bbox 2903 1385 3264 1440; x_wconf 77' lang='grc' dir='ltr'>ἀναπείθοντα</span> <span class='ocrx_word' id='word_1_217' title='bbox 3292 1384 3690 1448; x_wconf 81' lang='grc' dir='ltr'><strong>διακωλύοντας</strong></span> 
     </span>
    </p>
   </div>
   <div class='ocr_carea' id='block_1_30' title="bbox 2095 1476 3687 1554">
    <p class='ocr_par' dir='ltr' id='par_1_30' title="bbox 2095 1476 3687 1554">
     <span class='ocr_line' id='line_1_30' title="bbox 2095 1476 3687 1554; baseline -0.001 -21"><span class='ocrx_word' id='word_1_218' title='bbox 2095 1476 2689 1554; x_wconf 84' lang='grc' dir='ltr'>λόγον,’άνωφελήτους</span> <span class='ocrx_word' id='word_1_219' title='bbox 2718 1482 2814 1553; x_wconf 83' lang='grc' dir='ltr'><strong>ἐᾷν</strong></span> <span class='ocrx_word' id='word_1_220' title='bbox 2872 1479 2999 1545; x_wconf 79' lang='grc' dir='ltr'>τοὺς</span> <span class='ocrx_word' id='word_1_221' title='bbox 3035 1478 3442 1552; x_wconf 81' lang='grc' dir='ltr'><strong>ἀκροωμένους,</strong></span> <span class='ocrx_word' id='word_1_222' title='bbox 3476 1495 3687 1549; x_wconf 80' lang='grc' dir='ltr'>παριπ-</span> 
     </span>
    </p>
   </div>
   <div class='ocr_carea' id='block_1_31' title="bbox 2095 1570 3689 1645">
    <p class='ocr_par' dir='ltr' id='par_1_31' title="bbox 2095 1570 3689 1645">
     <span class='ocr_line' id='line_1_31' title="bbox 2095 1570 3689 1645; baseline -0.003 -19"><span class='ocrx_word' id='word_1_223' title='bbox 2095 1572 2364 1637; x_wconf 88' lang='grc' dir='ltr'>πεύοντας</span> <span class='ocrx_word' id='word_1_224' title='bbox 2394 1573 2452 1626; x_wconf 77' lang='grc' dir='ltr'>δὲ</span> <span class='ocrx_word' id='word_1_225' title='bbox 2486 1573 2584 1627; x_wconf 71' lang='grc' dir='ltr'><strong>καὶ</strong></span> <span class='ocrx_word' id='word_1_226' title='bbox 2612 1574 2680 1627; x_wconf 87' lang='grc' dir='ltr'><strong>τά</strong></span> <span class='ocrx_word' id='word_1_227' title='bbox 2704 1575 2768 1627; x_wconf 87' lang='grc' dir='ltr'>ὲκ</span> <span class='ocrx_word' id='word_1_228' title='bbox 2808 1572 2919 1626; x_wconf 85' lang='grc' dir='ltr'><strong>τῶν</strong></span> <span class='ocrx_word' id='word_1_229' title='bbox 2952 1570 3228 1645; x_wconf 83' lang='grc' dir='ltr'>μισεῖσθαι</span> <span class='ocrx_word' id='word_1_230' title='bbox 3276 1571 3538 1632; x_wconf 80' lang='grc' dir='ltr'>πολλάκις</span> <span class='ocrx_word' id='word_1_231' title='bbox 3567 1570 3689 1623; x_wconf 74' lang='grc' dir='ltr'>ἐσδο</span> 
     </span>
    </p>
   </div>
   <div class='ocr_carea' id='block_1_32' title="bbox 2099 1662 3691 1737">
    <p class='ocr_par' dir='ltr' id='par_1_32' title="bbox 2099 1662 3691 1737">
     <span class='ocr_line' id='line_1_32' title="bbox 2099 1662 3691 1737; baseline -0.002 -20"><span class='ocrx_word' id='word_1_232' title='bbox 2099 1682 2236 1736; x_wconf 84' lang='grc' dir='ltr'>μενα</span> <span class='ocrx_word' id='word_1_233' title='bbox 2254 1665 2423 1736; x_wconf 84' lang='grc' dir='ltr'>βλάϐη</span> <span class='ocrx_word' id='word_1_234' title='bbox 2450 1668 2623 1737; x_wconf 78' lang='grc' dir='ltr'>γοργῇ</span> <span class='ocrx_word' id='word_1_235' title='bbox 2643 1665 2738 1719; x_wconf 71' lang='grc' dir='ltr'>καὶ</span> <span class='ocrx_word' id='word_1_236' title='bbox 2761 1665 3112 1736; x_wconf 86' lang='grc' dir='ltr'>άνυποστόλῳ</span> <span class='ocrx_word' id='word_1_237' title='bbox 3132 1662 3435 1735; x_wconf 86' lang='grc' dir='ltr'>κεχρῆσθαι</span> <span class='ocrx_word' id='word_1_238' title='bbox 3454 1664 3519 1733; x_wconf 78' lang='grc' dir='ltr'>τῇ</span> <span class='ocrx_word' id='word_1_239' title='bbox 3550 1679 3691 1732; x_wconf 69' lang='grc' dir='ltr'>συμσ</span> 
     </span>
    </p>
   </div>
   <div class='ocr_carea' id='block_1_33' title="bbox 2094 1752 3691 1826">
    <p class='ocr_par' dir='ltr' id='par_1_33' title="bbox 2094 1752 3691 1826">
     <span class='ocr_line' id='line_1_33' title="bbox 2094 1752 3691 1826; baseline 0.001 -22"><span class='ocrx_word' id='word_1_240' title='bbox 2094 1752 2284 1823; x_wconf 82' lang='grc' dir='ltr'>ϐουλῇ,</span> <span class='ocrx_word' id='word_1_241' title='bbox 2307 1753 2475 1824; x_wconf 75' lang='grc' dir='ltr'>μηδὲν</span> <span class='ocrx_word' id='word_1_242' title='bbox 2489 1754 2550 1807; x_wconf 81' lang='grc' dir='ltr'>τὸ</span> <span class='ocrx_word' id='word_1_243' title='bbox 2574 1754 2835 1824; x_wconf 83' lang='grc' dir='ltr'>παράπαν</span> <span class='ocrx_word' id='word_1_244' title='bbox 2860 1754 3271 1826; x_wconf 81' lang='grc' dir='ltr'>ὑφορωμένους,</span> <span class='ocrx_word' id='word_1_245' title='bbox 3287 1754 3453 1824; x_wconf 79' lang='grc' dir='ltr'>ῆγουν</span> <span class='ocrx_word' id='word_1_246' title='bbox 3481 1752 3691 1822; x_wconf 84' lang='grc' dir='ltr'>προύρ-</span> 
     </span>
    </p>
   </div>
   <div class='ocr_carea' id='block_1_34' title="bbox 410 1836 1990 1916">
    <p class='ocr_par' dir='ltr' id='par_1_34' title="bbox 410 1838 1990 1911">
     <span class='ocr_line' id='line_1_34' title="bbox 410 1838 1990 1911; baseline -0.003 -11"><span class='ocrx_word' id='word_1_247' title='bbox 410 1847 478 1900; x_wconf 88' lang='lat' dir='ltr'><strong>sti</strong></span> <span class='ocrx_word' id='word_1_248' title='bbox 516 1862 709 1901; x_wconf 80' lang='lat' dir='ltr'><strong>servus</strong></span> <span class='ocrx_word' id='word_1_249' title='bbox 736 1861 843 1900; x_wconf 90' lang='lat' dir='ltr'><strong>non</strong></span> <span class='ocrx_word' id='word_1_250' title='bbox 875 1858 1055 1900; x_wconf 80' lang='lat' dir='ltr'><strong>essent</strong></span> <span class='ocrx_word' id='word_1_251' title='bbox 1082 1843 1152 1897; x_wconf 68' lang='grc' dir='ltr'><strong>θ’.</strong></span> <span class='ocrx_word' id='word_1_252' title='bbox 1186 1859 1205 1892; x_wconf 74' lang='grc' dir='ltr'><strong>ι</strong></span> <span class='ocrx_word' id='word_1_253' title='bbox 1251 1838 1361 1895; x_wconf 85' lang='lat' dir='ltr'><strong>Nec</strong></span> <span class='ocrx_word' id='word_1_254' title='bbox 1393 1841 1541 1895; x_wconf 91' lang='lat' dir='ltr'><strong>enim</strong></span> <span class='ocrx_word' id='word_1_255' title='bbox 1573 1839 1691 1895; x_wconf 76' lang='lat' dir='ltr'><strong>fieri</strong></span> <span class='ocrx_word' id='word_1_256' title='bbox 1716 1850 1896 1911; x_wconf 87' lang='lat' dir='ltr'><strong>potest</strong></span> <span class='ocrx_word' id='word_1_257' title='bbox 1930 1853 1990 1898; x_wconf 91' lang='lat' dir='ltr'><strong>ut</strong></span> 
     </span>
    </p>
   </div>
   <div class='ocr_carea' id='block_1_35' title="bbox 2098 1836 3697 1916">
    <p class='ocr_par' dir='ltr' id='par_1_35' title="bbox 2098 1841 3697 1916">
     <span class='ocr_line' id='line_1_35' title="bbox 2098 1841 3697 1916; baseline 0.001 -21"><span class='ocrx_word' id='word_1_258' title='bbox 2098 1844 2372 1912; x_wconf 85' lang='grc' dir='ltr'>γιαίτερόν</span> <span class='ocrx_word' id='word_1_259' title='bbox 2396 1860 2449 1897; x_wconf 88' lang='grc' dir='ltr'><strong>τι</strong></span> <span class='ocrx_word' id='word_1_260' title='bbox 2470 1842 2858 1915; x_wconf 78' lang='grc' dir='ltr'>λογιζομένους</span> <span class='ocrx_word' id='word_1_261' title='bbox 2881 1844 2976 1899; x_wconf 83' lang='grc' dir='ltr'><strong>τοῦ</strong></span> <span class='ocrx_word' id='word_1_262' title='bbox 3005 1845 3116 1899; x_wconf 87' lang='grc' dir='ltr'>δεῖν</span> <span class='ocrx_word' id='word_1_263' title='bbox 3138 1844 3335 1916; x_wconf 85' lang='grc' dir='ltr'>ἀρέσαι</span> <span class='ocrx_word' id='word_1_264' title='bbox 3357 1841 3497 1914; x_wconf 78' lang='grc' dir='ltr'>Θεῷ.</span> <span class='ocrx_word' id='word_1_265' title='bbox 3535 1846 3602 1897; x_wconf 85' lang='grc' dir='ltr'><strong>Ὃ</strong></span> <span class='ocrx_word' id='word_1_266' title='bbox 3626 1844 3697 1914; x_wconf 70' lang='grc' dir='ltr'>δὴ</span> 
     </span>
    </p>
   </div>
   <div class='ocr_carea' id='block_1_36' title="bbox 406 1932 1995 2010">
    <p class='ocr_par' dir='ltr' id='par_1_36' title="bbox 406 1932 1995 2010">
     <span class='ocr_line' id='line_1_36' title="bbox 406 1932 1995 2010; baseline 0 -20"><span class='ocrx_word' id='word_1_267' title='bbox 406 1939 533 2010; x_wconf 78' lang='lat' dir='ltr'><strong>quis</strong></span> <span class='ocrx_word' id='word_1_268' title='bbox 562 1939 827 2007; x_wconf 80' lang='lat' dir='ltr'><strong>improbis</strong></span> <span class='ocrx_word' id='word_1_269' title='bbox 851 1936 1064 2006; x_wconf 80' lang='lat' dir='ltr'><strong>placeat</strong></span> <span class='ocrx_word' id='word_1_270' title='bbox 1090 1941 1145 1989; x_wconf 86' lang='lat' dir='ltr'><strong>et</strong></span> <span class='ocrx_word' id='word_1_271' title='bbox 1192 1933 1323 1988; x_wconf 88' lang='lat' dir='ltr'><strong>Deo.</strong></span> <span class='ocrx_word' id='word_1_272' title='bbox 1350 1932 1640 1999; x_wconf 84' lang='lat' dir='ltr'><strong>Quomodo</strong></span> <span class='ocrx_word' id='word_1_273' title='bbox 1663 1935 1809 1989; x_wconf 92' lang='lat' dir='ltr'><strong>enim</strong></span> <span class='ocrx_word' id='word_1_274' title='bbox 1831 1934 1995 1990; x_wconf 89' lang='lat' dir='ltr'><strong>ambo</strong></span> 
     </span>
    </p>
   </div>
   <div class='ocr_carea' id='block_1_37' title="bbox 407 2026 1995 2099">
    <p class='ocr_par' dir='ltr' id='par_1_37' title="bbox 407 2026 1995 2099">
     <span class='ocr_line' id='line_1_37' title="bbox 407 2026 1995 2099; baseline -0.001 -14"><span class='ocrx_word' id='word_1_275' title='bbox 407 2031 463 2085; x_wconf 88' lang='lat' dir='ltr'><strong>bi</strong></span> <span class='ocrx_word' id='word_1_276' title='bbox 509 2030 566 2085; x_wconf 92' lang='lat' dir='ltr'><strong>in</strong></span> <span class='ocrx_word' id='word_1_277' title='bbox 615 2045 785 2083; x_wconf 90' lang='lat' dir='ltr'><strong>unum</strong></span> <span class='ocrx_word' id='word_1_278' title='bbox 821 2027 1137 2082; x_wconf 86' lang='lat' dir='ltr'><strong>coalescent</strong></span> <span class='ocrx_word' id='word_1_279' title='bbox 1159 2067 1175 2091; x_wconf 89' lang='lat'><strong>,</strong></span> <span class='ocrx_word' id='word_1_280' title='bbox 1218 2039 1345 2080; x_wconf 90' lang='lat' dir='ltr'><strong>cum</strong></span> <span class='ocrx_word' id='word_1_281' title='bbox 1376 2026 1632 2083; x_wconf 77' lang='lat' dir='ltr'><strong>voluntas</strong></span> <span class='ocrx_word' id='word_1_282' title='bbox 1667 2027 1722 2081; x_wconf 92' lang='lat' dir='ltr'><strong>in</strong></span> <span class='ocrx_word' id='word_1_283' title='bbox 1754 2035 1995 2099; x_wconf 89' lang='lat' dir='ltr'><strong>utroque</strong></span> 
     </span>
    </p>
   </div>
   <div class='ocr_carea' id='block_1_38' title="bbox 408 2120 1994 2198">
    <p class='ocr_par' dir='ltr' id='par_1_38' title="bbox 408 2120 1994 2198">
     <span class='ocr_line' id='line_1_38' title="bbox 408 2120 1994 2198; baseline -0.003 -18"><span class='ocrx_word' id='word_1_284' title='bbox 408 2126 566 2198; x_wconf 74' lang='lat' dir='ltr'><strong>longe</strong></span> <span class='ocrx_word' id='word_1_285' title='bbox 592 2126 667 2180; x_wconf 92' lang='lat' dir='ltr'><strong>sit</strong></span> <span class='ocrx_word' id='word_1_286' title='bbox 690 2122 1012 2178; x_wconf 71' lang='lat' dir='ltr'><strong>dissimilis?</strong></span> <span class='ocrx_word' id='word_1_287' title='bbox 1039 2122 1166 2175; x_wconf 63' lang='lat' dir='ltr'><strong>Haec</strong></span> <span class='ocrx_word' id='word_1_288' title='bbox 1192 2120 1337 2175; x_wconf 84' lang='lat' dir='ltr'><strong>enim</strong></span> <span class='ocrx_word' id='word_1_289' title='bbox 1363 2120 1648 2187; x_wconf 79' lang='lat' dir='ltr'><strong>virtute‘m,</strong></span> <span class='ocrx_word' id='word_1_290' title='bbox 1675 2121 1771 2175; x_wconf 92' lang='lat' dir='ltr'><strong>illa</strong></span> <span class='ocrx_word' id='word_1_291' title='bbox 1803 2122 1994 2177; x_wconf 82' lang='lat' dir='ltr'><strong>vitium</strong></span> 
     </span>
    </p>
   </div>
   <div class='ocr_carea' id='block_1_39' title="bbox 407 2211 1992 2291">
    <p class='ocr_par' dir='ltr' id='par_1_39' title="bbox 407 2211 1992 2291">
     <span class='ocr_line' id='line_1_39' title="bbox 407 2211 1992 2291; baseline -0.003 -18"><span class='ocrx_word' id='word_1_292' title='bbox 407 2218 648 2291; x_wconf 83' lang='lat' dir='ltr'><strong>respicit.</strong></span> <span class='ocrx_word' id='word_1_293' title='bbox 684 2216 788 2283; x_wconf 76' lang='lat' dir='ltr'><strong>Qui</strong></span> <span class='ocrx_word' id='word_1_294' title='bbox 818 2228 950 2286; x_wconf 77' lang='lat' dir='ltr'><strong>ergo</strong></span> <span class='ocrx_word' id='word_1_295' title='bbox 985 2213 1196 2269; x_wconf 80' lang='lat' dir='ltr'><strong>servire</strong></span> <span class='ocrx_word' id='word_1_296' title='bbox 1230 2211 1343 2267; x_wconf 86' lang='lat' dir='ltr'><strong>Deo</strong></span> <span class='ocrx_word' id='word_1_297' title='bbox 1374 2212 1729 2269; x_wconf 82' lang='lat' dir='ltr'><strong>uniformiter</strong></span> <span class='ocrx_word' id='word_1_298' title='bbox 1755 2216 1951 2270; x_wconf 85' lang='lat' dir='ltr'><strong>statuit</strong></span> <span class='ocrx_word' id='word_1_299' title='bbox 1976 2254 1992 2278; x_wconf 88' lang='lat'><strong>,</strong></span> 
     </span>
    </p>
   </div>
   <div class='ocr_carea' id='block_1_40' title="bbox 407 2305 1991 2381">
    <p class='ocr_par' dir='ltr' id='par_1_40' title="bbox 407 2305 1991 2381">
     <span class='ocr_line' id='line_1_40' title="bbox 407 2305 1991 2381; baseline -0.003 -14"><span class='ocrx_word' id='word_1_300' title='bbox 407 2328 511 2367; x_wconf 73' lang='lat' dir='ltr'><strong>nec.</strong></span> <span class='ocrx_word' id='word_1_301' title='bbox 556 2311 762 2381; x_wconf 87' lang='lat' dir='ltr'><strong>pietate</strong></span> <span class='ocrx_word' id='word_1_302' title='bbox 797 2321 927 2379; x_wconf 78' lang='lat' dir='ltr'><strong>erga</strong></span> <span class='ocrx_word' id='word_1_303' title='bbox 963 2322 1088 2363; x_wconf 87' lang='lat' dir='ltr'><strong>eum</strong></span> <span class='ocrx_word' id='word_1_304' title='bbox 1140 2305 1297 2377; x_wconf 86' lang='lat' dir='ltr'><strong>prius</strong></span> <span class='ocrx_word' id='word_1_305' title='bbox 1343 2306 1645 2377; x_wconf 88' lang='lat' dir='ltr'><strong>quidquam</strong></span> <span class='ocrx_word' id='word_1_306' title='bbox 1682 2307 1882 2370; x_wconf 85' lang='lat' dir='ltr'><strong>habet,</strong></span> <span class='ocrx_word' id='word_1_307' title='bbox 1932 2307 1991 2362; x_wconf 86' lang='lat' dir='ltr'><strong>in</strong></span> 
     </span>
    </p>
   </div>
   <div class='ocr_carea' id='block_1_41' title="bbox 405 2398 1989 2459">
    <p class='ocr_par' dir='ltr' id='par_1_41' title="bbox 405 2398 1989 2459">
     <span class='ocr_line' id='line_1_41' title="bbox 405 2398 1989 2459; baseline 0.001 -6"><span class='ocrx_word' id='word_1_308' title='bbox 405 2404 766 2459; x_wconf 80' lang='lat' dir='ltr'><strong>oll&#39;ensioncm</strong></span> <span class='ocrx_word' id='word_1_309' title='bbox 806 2398 1214 2455; x_wconf 83' lang='lat' dir='ltr'><strong>mundanorum</strong></span> <span class='ocrx_word' id='word_1_310' title='bbox 1256 2398 1542 2454; x_wconf 83' lang='lat' dir='ltr'><strong>hominum</strong></span> <span class='ocrx_word' id='word_1_311' title='bbox 1593 2401 1841 2455; x_wconf 86' lang='lat' dir='ltr'><strong>incurrat</strong></span> <span class='ocrx_word' id='word_1_312' title='bbox 1892 2414 1989 2456; x_wconf 61' lang='lat' dir='ltr'><strong>ne.</strong></span> 
     </span>
    </p>
   </div>
   <div class='ocr_carea' id='block_1_42' title="bbox 405 2486 1991 2563">
    <p class='ocr_par' dir='ltr' id='par_1_42' title="bbox 405 2486 1991 2563">
     <span class='ocr_line' id='line_1_42' title="bbox 405 2486 1991 2563; baseline -0.004 -10"><span class='ocrx_word' id='word_1_313' title='bbox 405 2512 561 2553; x_wconf 81' lang='lat' dir='ltr'><strong>cosse</strong></span> <span class='ocrx_word' id='word_1_314' title='bbox 584 2486 690 2557; x_wconf 71' lang='lat' dir='ltr'><strong>est,</strong></span> <span class='ocrx_word' id='word_1_315' title='bbox 723 2493 773 2549; x_wconf 90' lang='lat' dir='ltr'><strong>si</strong></span> <span class='ocrx_word' id='word_1_316' title='bbox 805 2491 1029 2563; x_wconf 89' lang='lat' dir='ltr'><strong>quando</strong></span> <span class='ocrx_word' id='word_1_317' title='bbox 1060 2493 1130 2545; x_wconf 87' lang='lat' dir='ltr'><strong>ab</strong></span> <span class='ocrx_word' id='word_1_318' title='bbox 1156 2491 1480 2562; x_wconf 88' lang='lat' dir='ltr'><strong>impuritate</strong></span> <span class='ocrx_word' id='word_1_319' title='bbox 1515 2491 1704 2546; x_wconf 90' lang='lat' dir='ltr'><strong>mundi</strong></span> <span class='ocrx_word' id='word_1_320' title='bbox 1734 2506 1830 2548; x_wconf 91' lang='lat' dir='ltr'><strong>eos</strong></span> <span class='ocrx_word' id='word_1_321' title='bbox 1857 2507 1991 2547; x_wconf 85' lang='lat' dir='ltr'><strong>avo-</strong></span> 
     </span>
    </p>
   </div>
   <div class='ocr_carea' id='block_1_43' title="bbox 403 2580 1990 2652">
    <p class='ocr_par' dir='ltr' id='par_1_43' title="bbox 403 2580 1990 2652">
     <span class='ocr_line' id='line_1_43' title="bbox 403 2580 1990 2652; baseline -0.003 -8"><span class='ocrx_word' id='word_1_322' title='bbox 403 2599 508 2644; x_wconf 86' lang='lat' dir='ltr'><strong>cet.</strong></span> <span class='ocrx_word' id='word_1_323' title='bbox 549 2584 906 2640; x_wconf 69' lang='lat' dir='ltr'><strong>Gravissima:</strong></span> <span class='ocrx_word' id='word_1_324' title='bbox 952 2580 1101 2637; x_wconf 88' lang='lat' dir='ltr'><strong>enim</strong></span> <span class='ocrx_word' id='word_1_325' title='bbox 1150 2590 1279 2636; x_wconf 89' lang='lat' dir='ltr'><strong>sunt</strong></span> <span class='ocrx_word' id='word_1_326' title='bbox 1328 2582 1634 2652; x_wconf 80' lang='lat' dir='ltr'><strong>voluptatis</strong></span> <span class='ocrx_word' id='word_1_327' title='bbox 1683 2583 1990 2639; x_wconf 87' lang='lat' dir='ltr'><strong>cultoribus</strong></span> 
     </span>
    </p>
   </div>
   <div class='ocr_carea' id='block_1_44' title="bbox 402 2669 1992 2743">
    <p class='ocr_par' dir='ltr' id='par_1_44' title="bbox 402 2669 1992 2743">
     <span class='ocr_line' id='line_1_44' title="bbox 402 2669 1992 2743; baseline -0.003 -11"><span class='ocrx_word' id='word_1_328' title='bbox 402 2674 817 2732; x_wconf 78' lang='lat' dir='ltr'><strong>exhortationes</strong></span> <span class='ocrx_word' id='word_1_329' title='bbox 844 2711 861 2736; x_wconf 89' lang='lat'><strong>,</strong></span> <span class='ocrx_word' id='word_1_330' title='bbox 904 2685 1029 2742; x_wconf 71' lang='lat' dir='ltr'><strong>qua:</strong></span> <span class='ocrx_word' id='word_1_331' title='bbox 1053 2671 1117 2724; x_wconf 86' lang='lat' dir='ltr'><strong>ad</strong></span> <span class='ocrx_word' id='word_1_332' title='bbox 1152 2671 1433 2725; x_wconf 81' lang='lat' dir='ltr'><strong>meliorem</strong></span> <span class='ocrx_word' id='word_1_333' title='bbox 1467 2669 1680 2743; x_wconf 77' lang='lat' dir='ltr'><strong>frugem</strong></span> <span class='ocrx_word' id='word_1_334' title='bbox 1703 2687 1802 2728; x_wconf 88' lang='lat' dir='ltr'><strong>eos</strong></span> <span class='ocrx_word' id='word_1_335' title='bbox 1832 2687 1992 2728; x_wconf 84' lang='lat' dir='ltr'><strong>revo-</strong></span> 
     </span>
    </p>
   </div>
   <div class='ocr_carea' id='block_1_45' title="bbox 402 2761 1987 2831">
    <p class='ocr_par' dir='ltr' id='par_1_45' title="bbox 402 2761 1987 2831">
     <span class='ocr_line' id='line_1_45' title="bbox 402 2761 1987 2831; baseline -0.003 -9"><span class='ocrx_word' id='word_1_336' title='bbox 402 2779 566 2831; x_wconf 84' lang='lat' dir='ltr'><strong>cant,</strong></span> <span class='ocrx_word' id='word_1_337' title='bbox 617 2763 780 2821; x_wconf 88' lang='lat' dir='ltr'><strong>sicuti</strong></span> <span class='ocrx_word' id='word_1_338' title='bbox 829 2762 1093 2818; x_wconf 85' lang='lat' dir='ltr'><strong>nimirum</strong></span> <span class='ocrx_word' id='word_1_339' title='bbox 1135 2774 1190 2817; x_wconf 87' lang='lat' dir='ltr'><strong>et</strong></span> <span class='ocrx_word' id='word_1_340' title='bbox 1232 2761 1307 2816; x_wconf 89' lang='lat' dir='ltr'><strong>iis</strong></span> <span class='ocrx_word' id='word_1_341' title='bbox 1334 2762 1537 2831; x_wconf 88' lang='lat' dir='ltr'><strong>quibus</strong></span> <span class='ocrx_word' id='word_1_342' title='bbox 1583 2761 1738 2817; x_wconf 85' lang='lat' dir='ltr'><strong>hisce</strong></span> <span class='ocrx_word' id='word_1_343' title='bbox 1774 2762 1987 2818; x_wconf 83' lang='lat' dir='ltr'><strong>morbis</strong></span> 
     </span>
    </p>
   </div>
   <div class='ocr_carea' id='block_1_46' title="bbox 401 2854 1989 2929">
    <p class='ocr_par' dir='ltr' id='par_1_46' title="bbox 401 2854 1989 2929">
     <span class='ocr_line' id='line_1_46' title="bbox 401 2854 1989 2929; baseline -0.003 -14"><span class='ocrx_word' id='word_1_344' title='bbox 401 2875 605 2929; x_wconf 88' lang='lat' dir='ltr'><strong>corpus</strong></span> <span class='ocrx_word' id='word_1_345' title='bbox 633 2865 957 2928; x_wconf 88' lang='lat' dir='ltr'><strong>corruptum</strong></span> <span class='ocrx_word' id='word_1_346' title='bbox 975 2862 1083 2922; x_wconf 87' lang='lat' dir='ltr'><strong>est,</strong></span> <span class='ocrx_word' id='word_1_347' title='bbox 1102 2854 1345 2910; x_wconf 85' lang='lat' dir='ltr'><strong>remedia</strong></span> <span class='ocrx_word' id='word_1_348' title='bbox 1371 2854 1462 2908; x_wconf 90' lang='lat' dir='ltr'><strong>illa</strong></span> <span class='ocrx_word' id='word_1_349' title='bbox 1485 2862 1620 2911; x_wconf 91' lang='lat' dir='ltr'><strong>sunt</strong></span> <span class='ocrx_word' id='word_1_350' title='bbox 1643 2854 1843 2910; x_wconf 87' lang='lat' dir='ltr'><strong>acerba</strong></span> <span class='ocrx_word' id='word_1_351' title='bbox 1864 2870 1989 2926; x_wconf 69' lang='lat' dir='ltr'><strong>qua:</strong></span> 
     </span>
    </p>
   </div>
   <div class='ocr_carea' id='block_1_47' title="bbox 402 2948 687 3005">
    <p class='ocr_par' dir='ltr' id='par_1_47' title="bbox 402 2948 687 3005">
     <span class='ocr_line' id='line_1_47' title="bbox 402 2948 687 3005; baseline -0.014 0"><span class='ocrx_word' id='word_1_352' title='bbox 402 2948 687 3005; x_wconf 82' lang='lat' dir='ltr'><strong>salutaria.</strong></span> 
     </span>
    </p>
   </div>
   <div class='ocr_carea' id='block_1_48' title="bbox 2091 1935 3690 2009">
    <p class='ocr_par' dir='ltr' id='par_1_48' title="bbox 2091 1935 3690 2009">
     <span class='ocr_line' id='line_1_48' title="bbox 2091 1935 3690 2009; baseline 0.001 -20"><span class='ocrx_word' id='word_1_353' title='bbox 2091 1937 2188 1990; x_wconf 79' lang='grc' dir='ltr'>καὶ</span> <span class='ocrx_word' id='word_1_354' title='bbox 2217 1935 2430 1999; x_wconf 79' lang='grc' dir='ltr'>Παῦλος</span> <span class='ocrx_word' id='word_1_355' title='bbox 2474 1936 2673 2007; x_wconf 79' lang='grc' dir='ltr'>ἄριστα</span> <span class='ocrx_word' id='word_1_356' title='bbox 2705 1936 3012 2009; x_wconf 84' lang='grc' dir='ltr'>κατορθῶν,</span> <span class='ocrx_word' id='word_1_357' title='bbox 3034 1935 3177 1991; x_wconf 73' lang='grc' dir='ltr'>οὕτω</span> <span class='ocrx_word' id='word_1_358' title='bbox 3207 1937 3435 2007; x_wconf 71' lang='grc' dir='ltr'><strong>γράφει⁸</strong></span> <span class='ocrx_word' id='word_1_359' title='bbox 3469 1956 3488 1988; x_wconf 74' lang='grc' dir='ltr'><strong>ι</strong></span> <span class='ocrx_word' id='word_1_360' title='bbox 3531 1938 3690 2009; x_wconf 81' lang='grc' dir='ltr'>Ἀρτι</span> 
     </span>
    </p>
   </div>
   <div class='ocr_carea' id='block_1_49' title="bbox 2091 2028 3690 2103">
    <p class='ocr_par' dir='ltr' id='par_1_49' title="bbox 2091 2028 3690 2103">
     <span class='ocr_line' id='line_1_49' title="bbox 2091 2028 3690 2103; baseline 0 -20"><span class='ocrx_word' id='word_1_361' title='bbox 2091 2029 2202 2101; x_wconf 82' lang='grc' dir='ltr'>γὰρ</span> <span class='ocrx_word' id='word_1_362' title='bbox 2228 2028 2552 2100; x_wconf 80' lang='grc' dir='ltr'>ἀνθρώπους</span> <span class='ocrx_word' id='word_1_363' title='bbox 2576 2028 2770 2096; x_wconf 86' lang='grc' dir='ltr'>πείθω,</span> <span class='ocrx_word' id='word_1_364' title='bbox 2794 2030 2828 2102; x_wconf 83' lang='grc' dir='ltr'>ἢ</span> <span class='ocrx_word' id='word_1_365' title='bbox 2859 2030 2951 2087; x_wconf 82' lang='grc' dir='ltr'>τὸν</span> <span class='ocrx_word' id='word_1_366' title='bbox 2990 2030 3158 2098; x_wconf 88' lang='grc' dir='ltr'>Θεόν;</span> <span class='ocrx_word' id='word_1_367' title='bbox 3199 2032 3271 2085; x_wconf 85' lang='grc' dir='ltr'><strong>’Ἡ</strong></span> <span class='ocrx_word' id='word_1_368' title='bbox 3296 2030 3445 2103; x_wconf 79' lang='grc' dir='ltr'><strong>ζητῶ</strong></span> <span class='ocrx_word' id='word_1_369' title='bbox 3474 2030 3690 2103; x_wconf 68' lang='grc' dir='ltr'>ἀνθριῖμ</span> 
     </span>
    </p>
   </div>
   <div class='ocr_carea' id='block_1_50' title="bbox 2093 2121 3693 2195">
    <p class='ocr_par' dir='ltr' id='par_1_50' title="bbox 2093 2121 3693 2195">
     <span class='ocr_line' id='line_1_50' title="bbox 2093 2121 3693 2195; baseline 0.001 -20"><span class='ocrx_word' id='word_1_370' title='bbox 2093 2139 2219 2185; x_wconf 84' lang='grc' dir='ltr'>ποις</span> <span class='ocrx_word' id='word_1_371' title='bbox 2244 2122 2538 2193; x_wconf 84' lang='grc' dir='ltr'>άρέσκειν;</span> <span class='ocrx_word' id='word_1_372' title='bbox 2574 2123 2639 2176; x_wconf 86' lang='grc' dir='ltr'><strong>Εἰ</strong></span> <span class='ocrx_word' id='word_1_373' title='bbox 2677 2122 2759 2177; x_wconf 75' lang='grc' dir='ltr'>ἔτι</span> <span class='ocrx_word' id='word_1_374' title='bbox 2810 2121 3121 2193; x_wconf 85' lang='grc' dir='ltr'>ἀνθρώποις</span> <span class='ocrx_word' id='word_1_375' title='bbox 3158 2123 3415 2195; x_wconf 70' lang='grc' dir='ltr'>ἤρεσκον,</span> <span class='ocrx_word' id='word_1_376' title='bbox 3451 2122 3693 2195; x_wconf 74' lang='grc' dir='ltr'>Χριστοῦ</span> 
     </span>
    </p>
   </div>
   <div class='ocr_carea' id='block_1_51' title="bbox 2089 2211 3692 2285">
    <p class='ocr_par' dir='ltr' id='par_1_51' title="bbox 2089 2211 3692 2285">
     <span class='ocr_line' id='line_1_51' title="bbox 2089 2211 3692 2285; baseline 0.001 -20"><span class='ocrx_word' id='word_1_377' title='bbox 2089 2211 2276 2275; x_wconf 79' lang='grc' dir='ltr'>δοῦλος</span> <span class='ocrx_word' id='word_1_378' title='bbox 2300 2213 2403 2265; x_wconf 82' lang='grc' dir='ltr'><strong>οὐκ</strong></span> <span class='ocrx_word' id='word_1_379' title='bbox 2425 2212 2491 2266; x_wconf 81' lang='grc' dir='ltr'>ἂν</span> <span class='ocrx_word' id='word_1_380' title='bbox 2520 2213 2720 2284; x_wconf 73' lang='grc' dir='ltr'>ἥμην.»</span> <span class='ocrx_word' id='word_1_381' title='bbox 2751 2213 2825 2267; x_wconf 79' lang='grc' dir='ltr'>Ού</span> <span class='ocrx_word' id='word_1_382' title='bbox 2852 2214 2962 2284; x_wconf 82' lang='grc' dir='ltr'>γὰρ</span> <span class='ocrx_word' id='word_1_383' title='bbox 2981 2213 3125 2279; x_wconf 76' lang='grc' dir='ltr'>ἐστι,</span> <span class='ocrx_word' id='word_1_384' title='bbox 3142 2214 3249 2268; x_wconf 85' lang='grc' dir='ltr'><strong>ούκ</strong></span> <span class='ocrx_word' id='word_1_385' title='bbox 3270 2214 3416 2268; x_wconf 75' lang='grc' dir='ltr'>ἐστιν</span> <span class='ocrx_word' id='word_1_386' title='bbox 3432 2215 3692 2285; x_wconf 83' lang='grc' dir='ltr'>πονηροῖς</span> 
     </span>
    </p>
   </div>
   <div class='ocr_carea' id='block_1_52' title="bbox 2093 2302 3697 2377">
    <p class='ocr_par' dir='ltr' id='par_1_52' title="bbox 2093 2302 3697 2377">
     <span class='ocr_line' id='line_1_52' title="bbox 2093 2302 3697 2377; baseline 0.001 -20"><span class='ocrx_word' id='word_1_387' title='bbox 2093 2302 2351 2372; x_wconf 80' lang='grc' dir='ltr'>ἀρέσκειν</span> <span class='ocrx_word' id='word_1_388' title='bbox 2391 2304 2488 2358; x_wconf 73' lang='grc' dir='ltr'>καὶ</span> <span class='ocrx_word' id='word_1_389' title='bbox 2543 2303 2684 2375; x_wconf 83' lang='grc' dir='ltr'>Θεῷ.</span> <span class='ocrx_word' id='word_1_390' title='bbox 2737 2304 2864 2369; x_wconf 86' lang='grc' dir='ltr'>Πῶς</span> <span class='ocrx_word' id='word_1_391' title='bbox 2908 2304 3021 2377; x_wconf 80' lang='lat'><strong>7&amp;9</strong></span> <span class='ocrx_word' id='word_1_392' title='bbox 3068 2304 3137 2359; x_wconf 82' lang='grc' dir='ltr'>ἂν</span> <span class='ocrx_word' id='word_1_393' title='bbox 3194 2306 3267 2360; x_wconf 90' lang='grc' dir='ltr'><strong>ῖοι</strong></span> <span class='ocrx_word' id='word_1_394' title='bbox 3301 2305 3442 2360; x_wconf 90' lang='grc' dir='ltr'><strong>κατά</strong></span> <span class='ocrx_word' id='word_1_395' title='bbox 3490 2307 3697 2359; x_wconf 72' lang='grc' dir='ltr'>ταυτὸν</span> 
     </span>
    </p>
   </div>
   <div class='ocr_carea' id='block_1_53' title="bbox 2092 2393 3697 2469">
    <p class='ocr_par' dir='ltr' id='par_1_53' title="bbox 2092 2393 3697 2469">
     <span class='ocr_line' id='line_1_53' title="bbox 2092 2393 3697 2469; baseline 0.002 -23"><span class='ocrx_word' id='word_1_396' title='bbox 2092 2394 2304 2466; x_wconf 86' lang='grc' dir='ltr'>άμφότε</span> <span class='ocrx_word' id='word_1_397' title='bbox 2313 2411 2402 2467; x_wconf 87' lang='grc' dir='ltr'><strong>ρα,</strong></span> <span class='ocrx_word' id='word_1_398' title='bbox 2428 2393 2568 2449; x_wconf 84' lang='grc' dir='ltr'>πολύ</span> <span class='ocrx_word' id='word_1_399' title='bbox 2580 2412 2634 2448; x_wconf 90' lang='grc' dir='ltr'><strong>τι</strong></span> <span class='ocrx_word' id='word_1_400' title='bbox 2653 2397 2734 2458; x_wconf 88' lang='grc' dir='ltr'><strong>είς</strong></span> <span class='ocrx_word' id='word_1_401' title='bbox 2759 2396 3123 2468; x_wconf 84' lang='grc' dir='ltr'>ἀνομοιότητα</span> <span class='ocrx_word' id='word_1_402' title='bbox 3136 2396 3503 2469; x_wconf 87' lang='grc' dir='ltr'>διῳκισμένης</span> <span class='ocrx_word' id='word_1_403' title='bbox 3516 2397 3615 2467; x_wconf 86' lang='grc' dir='ltr'>τῆς</span> <span class='ocrx_word' id='word_1_404' title='bbox 3633 2398 3697 2449; x_wconf 86' lang='grc' dir='ltr'><strong>ἐν</strong></span> 
     </span>
    </p>
   </div>
   <div class='ocr_carea' id='block_1_54' title="bbox 2091 2485 3691 2562">
    <p class='ocr_par' dir='ltr' id='par_1_54' title="bbox 2091 2485 3691 2562">
     <span class='ocr_line' id='line_1_54' title="bbox 2091 2485 3691 2562; baseline 0.001 -23"><span class='ocrx_word' id='word_1_405' title='bbox 2091 2486 2338 2559; x_wconf 85' lang='grc' dir='ltr'>ἐκατέρῳ</span> <span class='ocrx_word' id='word_1_406' title='bbox 2368 2485 2677 2558; x_wconf 86' lang='grc' dir='ltr'>θελήσεως;</span> <span class='ocrx_word' id='word_1_407' title='bbox 2719 2488 2784 2542; x_wconf 84' lang='grc' dir='ltr'><strong>Ἦ</strong></span> <span class='ocrx_word' id='word_1_408' title='bbox 2813 2488 2911 2559; x_wconf 84' lang='grc' dir='ltr'>μὲν</span> <span class='ocrx_word' id='word_1_409' title='bbox 2936 2489 3048 2562; x_wconf 83' lang='lat'><strong>7&amp;9</strong></span> <span class='ocrx_word' id='word_1_410' title='bbox 3074 2491 3156 2554; x_wconf 87' lang='grc' dir='ltr'><strong>είς</strong></span> <span class='ocrx_word' id='word_1_411' title='bbox 3190 2490 3410 2562; x_wconf 82' lang='grc' dir='ltr'>ἀρετὴν,</span> <span class='ocrx_word' id='word_1_412' title='bbox 3447 2492 3483 2562; x_wconf 75' lang='grc' dir='ltr'><strong>ἡ</strong></span> <span class='ocrx_word' id='word_1_413' title='bbox 3521 2488 3583 2543; x_wconf 82' lang='grc' dir='ltr'><strong>δέ</strong></span> <span class='ocrx_word' id='word_1_414' title='bbox 3610 2492 3691 2552; x_wconf 74' lang='grc' dir='ltr'>εἰς</span> 
     </span>
    </p>
   </div>
   <div class='ocr_carea' id='block_1_55' title="bbox 2088 2578 3697 2653">
    <p class='ocr_par' dir='ltr' id='par_1_55' title="bbox 2088 2578 3697 2653">
     <span class='ocr_line' id='line_1_55' title="bbox 2088 2578 3697 2653; baseline 0.003 -22"><span class='ocrx_word' id='word_1_415' title='bbox 2088 2578 2402 2649; x_wconf 80' lang='grc' dir='ltr'>φαυλότητα</span> <span class='ocrx_word' id='word_1_416' title='bbox 2462 2578 2670 2649; x_wconf 83' lang='grc' dir='ltr'>βλέπει.</span> <span class='ocrx_word' id='word_1_417' title='bbox 2722 2578 2828 2633; x_wconf 79' lang='grc' dir='ltr'><strong>Τὸν</strong></span> <span class='ocrx_word' id='word_1_418' title='bbox 2872 2579 2984 2650; x_wconf 77' lang='grc' dir='ltr'>ἄρα</span> <span class='ocrx_word' id='word_1_419' title='bbox 3030 2580 3380 2653; x_wconf 83' lang='grc' dir='ltr'>μονοτρόπως</span> <span class='ocrx_word' id='word_1_420' title='bbox 3434 2581 3697 2636; x_wconf 81' lang='grc' dir='ltr'>ἐθέλοντα</span> 
     </span>
    </p>
   </div>
   <div class='ocr_carea' id='block_1_56' title="bbox 2094 2670 3696 2743">
    <p class='ocr_par' dir='ltr' id='par_1_56' title="bbox 2094 2670 3696 2743">
     <span class='ocr_line' id='line_1_56' title="bbox 2094 2670 3696 2743; baseline 0 -18"><span class='ocrx_word' id='word_1_421' title='bbox 2094 2670 2368 2725; x_wconf 78' lang='grc' dir='ltr'>δουλεύειν</span> <span class='ocrx_word' id='word_1_422' title='bbox 2384 2671 2465 2743; x_wconf 81' lang='grc' dir='ltr'><strong>τῷ</strong></span> <span class='ocrx_word' id='word_1_423' title='bbox 2490 2671 2628 2743; x_wconf 84' lang='grc' dir='ltr'>Θεῷ,</span> <span class='ocrx_word' id='word_1_424' title='bbox 2659 2671 2753 2726; x_wconf 75' lang='grc' dir='ltr'><strong>καὶ</strong></span> <span class='ocrx_word' id='word_1_425' title='bbox 2782 2672 2886 2743; x_wconf 82' lang='grc' dir='ltr'>τῆς</span> <span class='ocrx_word' id='word_1_426' title='bbox 2921 2673 3001 2737; x_wconf 85' lang='grc' dir='ltr'><strong>είς</strong></span> <span class='ocrx_word' id='word_1_427' title='bbox 3032 2673 3196 2728; x_wconf 77' lang='grc' dir='ltr'>αὐτὸν</span> <span class='ocrx_word' id='word_1_428' title='bbox 3234 2674 3517 2739; x_wconf 83' lang='grc' dir='ltr'>εὐσεϐείας</span> <span class='ocrx_word' id='word_1_429' title='bbox 3537 2674 3696 2729; x_wconf 75' lang='grc' dir='ltr'><strong>οὐδὲν</strong></span> 
     </span>
    </p>
   </div>
   <div class='ocr_carea' id='block_1_57' title="bbox 2093 2762 3699 2838">
    <p class='ocr_par' dir='ltr' id='par_1_57' title="bbox 2093 2762 3699 2838">
     <span class='ocr_line' id='line_1_57' title="bbox 2093 2762 3699 2838; baseline 0.001 -21"><span class='ocrx_word' id='word_1_430' title='bbox 2093 2762 2315 2818; x_wconf 78' lang='grc' dir='ltr'>τιθέντα</span> <span class='ocrx_word' id='word_1_431' title='bbox 2347 2762 2405 2818; x_wconf 77' lang='grc' dir='ltr'>τὸ</span> <span class='ocrx_word' id='word_1_432' title='bbox 2451 2762 2696 2836; x_wconf 82' lang='grc' dir='ltr'>ἄμεινον,</span> <span class='ocrx_word' id='word_1_433' title='bbox 2746 2764 3110 2836; x_wconf 84' lang='grc' dir='ltr'>προσκρούειν</span> <span class='ocrx_word' id='word_1_434' title='bbox 3166 2766 3381 2838; x_wconf 77' lang='grc' dir='ltr'>ἀνάγκη</span> <span class='ocrx_word' id='word_1_435' title='bbox 3410 2768 3529 2830; x_wconf 86' lang='grc' dir='ltr'>τοῖς</span> <span class='ocrx_word' id='word_1_436' title='bbox 3556 2767 3699 2834; x_wconf 81' lang='grc' dir='ltr'>ἀγα-</span> 
     </span>
    </p>
   </div>
   <div class='ocr_carea' id='block_1_58' title="bbox 2094 2854 3694 2931">
    <p class='ocr_par' dir='ltr' id='par_1_58' title="bbox 2094 2854 3694 2931">
     <span class='ocr_line' id='line_1_58' title="bbox 2094 2854 3694 2931; baseline 0.001 -22"><span class='ocrx_word' id='word_1_437' title='bbox 2094 2854 2241 2909; x_wconf 88' lang='grc' dir='ltr'>πῶσι</span> <span class='ocrx_word' id='word_1_438' title='bbox 2264 2854 2355 2910; x_wconf 81' lang='grc' dir='ltr'>τὸν</span> <span class='ocrx_word' id='word_1_439' title='bbox 2387 2855 2612 2927; x_wconf 86' lang='grc' dir='ltr'>κόσμον,</span> <span class='ocrx_word' id='word_1_440' title='bbox 2641 2857 2772 2910; x_wconf 85' lang='grc' dir='ltr'>ὅταν</span> <span class='ocrx_word' id='word_1_441' title='bbox 2798 2856 3069 2931; x_wconf 80' lang='grc' dir='ltr'>άναπείθῃ</span> <span class='ocrx_word' id='word_1_442' title='bbox 3101 2861 3317 2929; x_wconf 78' lang='grc' dir='ltr'>φρονεῖν</span> <span class='ocrx_word' id='word_1_443' title='bbox 3347 2857 3414 2912; x_wconf 83' lang='grc' dir='ltr'>τὰ</span> <span class='ocrx_word' id='word_1_444' title='bbox 3453 2858 3554 2930; x_wconf 77' lang='grc' dir='ltr'>τῆς</span> <span class='ocrx_word' id='word_1_445' title='bbox 3596 2858 3694 2911; x_wconf 81' lang='grc' dir='ltr'><strong>χό-</strong></span> 
     </span>
    </p>
   </div>
   <div class='ocr_carea' id='block_1_59' title="bbox 2095 2946 3696 3022">
    <p class='ocr_par' dir='ltr' id='par_1_59' title="bbox 2095 2946 3696 3022">
     <span class='ocr_line' id='line_1_59' title="bbox 2095 2946 3696 3022; baseline 0.001 -21"><span class='ocrx_word' id='word_1_446' title='bbox 2095 2964 2233 3020; x_wconf 89' lang='grc' dir='ltr'>σμου</span> <span class='ocrx_word' id='word_1_447' title='bbox 2312 2946 2597 3020; x_wconf 78' lang='grc' dir='ltr'>βδελυρίας</span> <span class='ocrx_word' id='word_1_448' title='bbox 2679 2947 3009 3022; x_wconf 77' lang='grc' dir='ltr'>ἐκφέροντα.</span> <span class='ocrx_word' id='word_1_449' title='bbox 3083 2948 3499 3021; x_wconf 84' lang='grc' dir='ltr'>Δυσφορὼτατοι</span> <span class='ocrx_word' id='word_1_450' title='bbox 3578 2949 3696 3020; x_wconf 86' lang='lat'><strong>7&amp;9</strong></span> 
     </span>
    </p>
   </div>
   <div class='ocr_carea' id='block_1_60' title="bbox 400 3028 3696 3117">
    <p class='ocr_par' dir='ltr' id='par_1_60' title="bbox 400 3028 3696 3117">
     <span class='ocr_line' id='line_1_60' title="bbox 400 3028 3696 3117; baseline 0.002 -20"><span class='ocrx_word' id='word_1_451' title='bbox 400 3047 513 3107; x_wconf 84' lang='grc' dir='ltr'>τοῖς</span> <span class='ocrx_word' id='word_1_452' title='bbox 563 3042 884 3113; x_wconf 74' lang='grc' dir='ltr'>φιληδόνοις,</span> <span class='ocrx_word' id='word_1_453' title='bbox 940 3042 1003 3095; x_wconf 74' lang='lat' dir='ltr'><strong>ai</strong></span> <span class='ocrx_word' id='word_1_454' title='bbox 1049 3039 1187 3112; x_wconf 84' lang='grc' dir='ltr'>πρὸς</span> <span class='ocrx_word' id='word_1_455' title='bbox 1230 3040 1418 3110; x_wconf 72' lang='grc' dir='ltr'>ἔτερόν</span> <span class='ocrx_word' id='word_1_456' title='bbox 1467 3058 1520 3095; x_wconf 89' lang='grc' dir='ltr'><strong>τι</strong></span> <span class='ocrx_word' id='word_1_457' title='bbox 1561 3028 1837 3097; x_wconf 76' lang='grc' dir='ltr'>καλοῦσαι</span> <span class='ocrx_word' id='word_1_458' title='bbox 1866 3044 2191 3117; x_wconf 73' lang='grc' dir='ltr'>συμϐουλαὶ,</span> <span class='ocrx_word' id='word_1_459' title='bbox 2226 3044 2479 3117; x_wconf 85' lang='grc' dir='ltr'>καθάπερ</span> <span class='ocrx_word' id='word_1_460' title='bbox 2511 3045 2705 3117; x_wconf 84' lang='grc' dir='ltr'>ἀμέλει</span> <span class='ocrx_word' id='word_1_461' title='bbox 2736 3046 2834 3101; x_wconf 80' lang='grc' dir='ltr'>καὶ</span> <span class='ocrx_word' id='word_1_462' title='bbox 2878 3049 2993 3112; x_wconf 88' lang='grc' dir='ltr'>τοῖς</span> <span class='ocrx_word' id='word_1_463' title='bbox 3022 3045 3129 3100; x_wconf 80' lang='grc' dir='ltr'><strong>ὑπὸ</strong></span> <span class='ocrx_word' id='word_1_464' title='bbox 3180 3046 3386 3101; x_wconf 87' lang='grc' dir='ltr'>τούτων</span> <span class='ocrx_word' id='word_1_465' title='bbox 3438 3047 3550 3100; x_wconf 86' lang='grc' dir='ltr'><strong>τῶν</strong></span> <span class='ocrx_word' id='word_1_466' title='bbox 3585 3064 3696 3102; x_wconf 82' lang='grc' dir='ltr'>πα-</span> 
     </span>
    </p>
   </div>
   <div class='ocr_carea' id='block_1_61' title="bbox 402 3131 2606 3208">
    <p class='ocr_par' dir='ltr' id='par_1_61' title="bbox 402 3131 2606 3208">
     <span class='ocr_line' id='line_1_61' title="bbox 402 3131 2606 3208; baseline -0.001 -17"><span class='ocrx_word' id='word_1_467' title='bbox 402 3138 511 3192; x_wconf 81' lang='grc' dir='ltr'>θῶν</span> <span class='ocrx_word' id='word_1_468' title='bbox 537 3137 599 3190; x_wconf 74' lang='grc' dir='ltr'>τὸ</span> <span class='ocrx_word' id='word_1_469' title='bbox 619 3136 779 3207; x_wconf 74' lang='grc' dir='ltr'>σῶμα</span> <span class='ocrx_word' id='word_1_470' title='bbox 808 3132 1229 3205; x_wconf 80' lang='grc' dir='ltr'>διεφθαρμένοις</span> <span class='ocrx_word' id='word_1_471' title='bbox 1257 3131 1328 3185; x_wconf 82' lang='grc' dir='ltr'>τὰ</span> <span class='ocrx_word' id='word_1_472' title='bbox 1358 3132 1617 3204; x_wconf 81' lang='grc' dir='ltr'>ἐπωφελῆ</span> <span class='ocrx_word' id='word_1_473' title='bbox 1651 3132 1747 3187; x_wconf 68' lang='grc' dir='ltr'>καὶ</span> <span class='ocrx_word' id='word_1_474' title='bbox 1767 3133 2037 3190; x_wconf 72' lang='grc' dir='ltr'>δάκνοντα</span> <span class='ocrx_word' id='word_1_475' title='bbox 2071 3135 2181 3190; x_wconf 84' lang='grc' dir='ltr'><strong>τῶν</strong></span> <span class='ocrx_word' id='word_1_476' title='bbox 2218 3135 2606 3208; x_wconf 88' lang='grc' dir='ltr'>βοηθημάτων.</span> 
     </span>
    </p>
   </div>
   <div class='ocr_carea' id='block_1_62' title="bbox 470 3221 1990 3299">
    <p class='ocr_par' dir='ltr' id='par_1_62' title="bbox 470 3223 1987 3294">
     <span class='ocr_line' id='line_1_62' title="bbox 470 3223 1987 3294; baseline -0.005 -9"><span class='ocrx_word' id='word_1_477' title='bbox 470 3228 568 3285; x_wconf 76' lang='lat' dir='ltr'><strong>XV</strong></span> <span class='ocrx_word' id='word_1_478' title='bbox 589 3270 605 3294; x_wconf 90' lang='lat'><strong>,</strong></span> <span class='ocrx_word' id='word_1_479' title='bbox 645 3228 737 3282; x_wconf 72' lang='lat'><strong>20.</strong></span> <span class='ocrx_word' id='word_1_480' title='bbox 776 3225 1095 3281; x_wconf 78' lang='lat' dir='ltr'><strong>Mementote</strong></span> <span class='ocrx_word' id='word_1_481' title='bbox 1126 3223 1387 3278; x_wconf 79' lang='lat' dir='ltr'><strong>sermonis</strong></span> <span class='ocrx_word' id='word_1_482' title='bbox 1420 3223 1522 3276; x_wconf 81' lang='lat' dir='ltr'><strong>mei</strong></span> <span class='ocrx_word' id='word_1_483' title='bbox 1552 3238 1706 3293; x_wconf 82' lang='lat' dir='ltr'><strong>quem</strong></span> <span class='ocrx_word' id='word_1_484' title='bbox 1739 3239 1832 3294; x_wconf 84' lang='lat' dir='ltr'><strong>ego</strong></span> <span class='ocrx_word' id='word_1_485' title='bbox 1871 3225 1987 3278; x_wconf 70' lang='grc' dir='ltr'><strong>αξπῑ</strong></span> 
     </span>
    </p>
   </div>
   <div class='ocr_carea' id='block_1_63' title="bbox 2098 3221 3693 3299">
    <p class='ocr_par' dir='ltr' id='par_1_63' title="bbox 2161 3221 3693 3299">
     <span class='ocr_line' id='line_1_63' title="bbox 2161 3221 3693 3299; baseline 0.003 -19"><span class='ocrx_word' id='word_1_486' title='bbox 2161 3226 2585 3295; x_wconf 75' lang='grc' dir='ltr'>Μνημονεύετε</span> <span class='ocrx_word' id='word_1_487' title='bbox 2606 3225 2713 3282; x_wconf 83' lang='grc' dir='ltr'>τοῦ</span> <span class='ocrx_word' id='word_1_488' title='bbox 2740 3227 2930 3297; x_wconf 72' lang='grc' dir='ltr'>λόγου</span> <span class='ocrx_word' id='word_1_489' title='bbox 2961 3221 3035 3282; x_wconf 84' lang='grc' dir='ltr'><strong>οὗ</strong></span> <span class='ocrx_word' id='word_1_490' title='bbox 3062 3226 3179 3299; x_wconf 75' lang='grc' dir='ltr'>ἐγὼ</span> <span class='ocrx_word' id='word_1_491' title='bbox 3197 3222 3371 3283; x_wconf 74' lang='grc' dir='ltr'>εἷπον</span> <span class='ocrx_word' id='word_1_492' title='bbox 3381 3226 3543 3296; x_wconf 72' lang='grc' dir='ltr'><strong>ὐμῑνο</strong></span> <span class='ocrx_word' id='word_1_493' title='bbox 3564 3231 3693 3284; x_wconf 75' lang='grc' dir='ltr'><strong>Οὐκ</strong></span> 
     </span>
    </p>
   </div>
   <div class='ocr_carea' id='block_1_64' title="bbox 402 3313 1989 3383">
    <p class='ocr_par' dir='ltr' id='par_1_64' title="bbox 402 3313 1989 3383">
     <span class='ocr_line' id='line_1_64' title="bbox 402 3313 1989 3383; baseline -0.006 -4"><span class='ocrx_word' id='word_1_494' title='bbox 402 3325 543 3380; x_wconf 72' lang='lat' dir='ltr'><strong>vobis</strong></span> <span class='ocrx_word' id='word_1_495' title='bbox 572 3341 589 3376; x_wconf 91' lang='lat'><strong><em>:</em></strong></span> <span class='ocrx_word' id='word_1_496' title='bbox 643 3320 769 3375; x_wconf 81' lang='lat' dir='ltr'><strong>Non</strong></span> <span class='ocrx_word' id='word_1_497' title='bbox 812 3330 891 3374; x_wconf 81' lang='lat' dir='ltr'><strong>est</strong></span> <span class='ocrx_word' id='word_1_498' title='bbox 931 3333 1110 3373; x_wconf 73' lang='lat' dir='ltr'><strong>servus</strong></span> <span class='ocrx_word' id='word_1_499' title='bbox 1164 3313 1341 3383; x_wconf 85' lang='lat' dir='ltr'><strong>major</strong></span> <span class='ocrx_word' id='word_1_500' title='bbox 1381 3313 1596 3369; x_wconf 77' lang='lat' dir='ltr'><strong>domino</strong></span> <span class='ocrx_word' id='word_1_501' title='bbox 1637 3331 1758 3369; x_wconf 79' lang='lat' dir='ltr'><strong>suo.</strong></span> <span class='ocrx_word' id='word_1_502' title='bbox 1804 3314 1864 3370; x_wconf 79' lang='lat' dir='ltr'><strong>Si</strong></span> <span class='ocrx_word' id='word_1_503' title='bbox 1907 3333 1989 3370; x_wconf 87' lang='lat' dir='ltr'><strong>me</strong></span> 
     </span>
    </p>
   </div>
   <div class='ocr_carea' id='block_1_65' title="bbox 400 3407 1988 3487">
    <p class='ocr_par' dir='ltr' id='par_1_65' title="bbox 400 3407 1988 3487">
     <span class='ocr_line' id='line_1_65' title="bbox 400 3407 1988 3487; baseline -0.006 -16"><span class='ocrx_word' id='word_1_504' title='bbox 400 3415 656 3487; x_wconf 80' lang='lat' dir='ltr'><strong>persecuti</strong></span> <span class='ocrx_word' id='word_1_505' title='bbox 685 3421 805 3467; x_wconf 75' lang='lat' dir='ltr'><strong>sunt</strong></span> <span class='ocrx_word' id='word_1_506' title='bbox 833 3452 847 3473; x_wconf 86' lang='grc'><strong>,</strong></span> <span class='ocrx_word' id='word_1_507' title='bbox 901 3420 952 3465; x_wconf 82' lang='lat' dir='ltr'><strong>et</strong></span> <span class='ocrx_word' id='word_1_508' title='bbox 995 3426 1082 3464; x_wconf 76' lang='lat' dir='ltr'><strong>vos</strong></span> <span class='ocrx_word' id='word_1_509' title='bbox 1126 3416 1503 3478; x_wconf 81' lang='lat' dir='ltr'><strong>persequentur</strong></span> <span class='ocrx_word' id='word_1_510' title='bbox 1532 3422 1552 3460; x_wconf 91' lang='lat'><strong><em>:</em></strong></span> <span class='ocrx_word' id='word_1_511' title='bbox 1601 3407 1650 3461; x_wconf 76' lang='lat' dir='ltr'><strong>si</strong></span> <span class='ocrx_word' id='word_1_512' title='bbox 1693 3423 1988 3462; x_wconf 78' lang='lat' dir='ltr'><strong>sermonem</strong></span> 
     </span>
    </p>
   </div>
   <div class='ocr_carea' id='block_1_66' title="bbox 400 3498 1666 3568">
    <p class='ocr_par' dir='ltr' id='par_1_66' title="bbox 400 3498 1666 3568">
     <span class='ocr_line' id='line_1_66' title="bbox 400 3498 1666 3568; baseline -0.009 -6"><span class='ocrx_word' id='word_1_513' title='bbox 400 3524 573 3562; x_wconf 83' lang='lat' dir='ltr'><strong>meum</strong></span> <span class='ocrx_word' id='word_1_514' title='bbox 602 3511 975 3568; x_wconf 73' lang='lat' dir='ltr'><strong>servaverunt,</strong></span> <span class='ocrx_word' id='word_1_515' title='bbox 1011 3510 1061 3555; x_wconf 86' lang='lat' dir='ltr'><strong>et</strong></span> <span class='ocrx_word' id='word_1_516' title='bbox 1097 3509 1326 3554; x_wconf 78' lang='lat' dir='ltr'><strong>vestrum</strong></span> <span class='ocrx_word' id='word_1_517' title='bbox 1359 3498 1666 3553; x_wconf 75' lang='lat' dir='ltr'><strong>servabunt.</strong></span> 
     </span>
    </p>
   </div>
   <div class='ocr_carea' id='block_1_67' title="bbox 456 3589 1989 3669">
    <p class='ocr_par' dir='ltr' id='par_1_67' title="bbox 456 3589 1989 3669">
     <span class='ocr_line' id='line_1_67' title="bbox 456 3589 1989 3669; baseline -0.007 -15"><span class='ocrx_word' id='word_1_518' title='bbox 456 3598 753 3669; x_wconf 82' lang='lat' dir='ltr'><strong>Postquam</strong></span> <span class='ocrx_word' id='word_1_519' title='bbox 788 3594 1043 3664; x_wconf 88' lang='lat' dir='ltr'><strong>superius</strong></span> <span class='ocrx_word' id='word_1_520' title='bbox 1075 3591 1321 3647; x_wconf 90' lang='lat' dir='ltr'><strong>ostendit</strong></span> <span class='ocrx_word' id='word_1_521' title='bbox 1340 3591 1550 3645; x_wconf 87' lang='lat' dir='ltr'><strong>bonum</strong></span> <span class='ocrx_word' id='word_1_522' title='bbox 1583 3605 1706 3647; x_wconf 89' lang='lat' dir='ltr'><strong>esse</strong></span> <span class='ocrx_word' id='word_1_523' title='bbox 1737 3589 1864 3645; x_wconf 85' lang='lat' dir='ltr'><strong>odio</strong></span> <span class='ocrx_word' id='word_1_524' title='bbox 1894 3591 1989 3645; x_wconf 87' lang='lat' dir='ltr'><strong>ha-</strong></span> 
     </span>
    </p>
   </div>
   <div class='ocr_carea' id='block_1_68' title="bbox 400 3682 1985 3758">
    <p class='ocr_par' dir='ltr' id='par_1_68' title="bbox 400 3682 1985 3758">
     <span class='ocr_line' id='line_1_68' title="bbox 400 3682 1985 3758; baseline -0.008 -11"><span class='ocrx_word' id='word_1_525' title='bbox 400 3694 541 3756; x_wconf 82' lang='lat' dir='ltr'><strong>beri,</strong></span> <span class='ocrx_word' id='word_1_526' title='bbox 583 3697 628 3746; x_wconf 89' lang='lat' dir='ltr'><strong>si</strong></span> <span class='ocrx_word' id='word_1_527' title='bbox 660 3697 878 3758; x_wconf 83' lang='lat' dir='ltr'><strong>tempus</strong></span> <span class='ocrx_word' id='word_1_528' title='bbox 911 3687 962 3741; x_wconf 87' lang='lat' dir='ltr'><strong>id</strong></span> <span class='ocrx_word' id='word_1_529' title='bbox 995 3684 1234 3756; x_wconf 89' lang='lat' dir='ltr'><strong>postulet</strong></span> <span class='ocrx_word' id='word_1_530' title='bbox 1266 3682 1650 3752; x_wconf 80' lang='lat' dir='ltr'><strong>(levissimum</strong></span> <span class='ocrx_word' id='word_1_531' title='bbox 1682 3683 1833 3738; x_wconf 88' lang='lat' dir='ltr'><strong>enim</strong></span> <span class='ocrx_word' id='word_1_532' title='bbox 1880 3694 1985 3747; x_wconf 73' lang='grc' dir='ltr'>εει,</span> 
     </span>
    </p>
   </div>
   <div class='ocr_carea' id='block_1_69' title="bbox 400 3776 1988 3850">
    <p class='ocr_par' dir='ltr' id='par_1_69' title="bbox 400 3776 1988 3850">
     <span class='ocr_line' id='line_1_69' title="bbox 400 3776 1988 3850; baseline -0.006 -11"><span class='ocrx_word' id='word_1_533' title='bbox 400 3787 513 3840; x_wconf 88' lang='lat' dir='ltr'><strong>imo</strong></span> <span class='ocrx_word' id='word_1_534' title='bbox 546 3799 677 3837; x_wconf 73' lang='lat' dir='ltr'><strong>vero</strong></span> <span class='ocrx_word' id='word_1_535' title='bbox 708 3792 792 3837; x_wconf 89' lang='lat' dir='ltr'><strong>ter</strong></span> <span class='ocrx_word' id='word_1_536' title='bbox 821 3777 1124 3850; x_wconf 83' lang='lat' dir='ltr'><strong>optandum</strong></span> <span class='ocrx_word' id='word_1_537' title='bbox 1158 3776 1529 3847; x_wconf 81' lang='lat' dir='ltr'><strong>quodcunque</strong></span> <span class='ocrx_word' id='word_1_538' title='bbox 1561 3776 1831 3847; x_wconf 70' lang='lat' dir='ltr'><strong>contingit</strong></span> <span class='ocrx_word' id='word_1_539' title='bbox 1860 3790 1988 3845; x_wconf 89' lang='lat' dir='ltr'><strong>pro-</strong></span> 
     </span>
    </p>
   </div>
   <div class='ocr_carea' id='block_1_70' title="bbox 399 3864 1988 3947">
    <p class='ocr_par' dir='ltr' id='par_1_70' title="bbox 399 3864 1988 3947">
     <span class='ocr_line' id='line_1_70' title="bbox 399 3864 1988 3947; baseline -0.008 -15"><span class='ocrx_word' id='word_1_540' title='bbox 399 3884 522 3947; x_wconf 64' lang='lat' dir='ltr'><strong>pter</strong></span> <span class='ocrx_word' id='word_1_541' title='bbox 550 3875 741 3937; x_wconf 87' lang='lat' dir='ltr'><strong>Deum,</strong></span> <span class='ocrx_word' id='word_1_542' title='bbox 772 3874 866 3942; x_wconf 86' lang='lat' dir='ltr'><strong>qui</strong></span> <span class='ocrx_word' id='word_1_543' title='bbox 896 3878 957 3923; x_wconf 88' lang='lat' dir='ltr'><strong>ut</strong></span> <span class='ocrx_word' id='word_1_544' title='bbox 985 3868 1272 3925; x_wconf 86' lang='lat' dir='ltr'><strong>obstacula</strong></span> <span class='ocrx_word' id='word_1_545' title='bbox 1298 3880 1529 3937; x_wconf 63' lang='lat' dir='ltr'><strong>quaeque</strong></span> <span class='ocrx_word' id='word_1_546' title='bbox 1557 3866 1841 3921; x_wconf 86' lang='lat' dir='ltr'><strong>vincamus</strong></span> <span class='ocrx_word' id='word_1_547' title='bbox 1870 3864 1988 3932; x_wconf 76' lang='lat' dir='ltr'><strong>elli-</strong></span> 
     </span>
    </p>
   </div>
   <div class='ocr_carea' id='block_1_71' title="bbox 399 3957 1988 4037">
    <p class='ocr_par' dir='ltr' id='par_1_71' title="bbox 399 3957 1988 4037">
     <span class='ocr_line' id='line_1_71' title="bbox 399 3957 1988 4037; baseline -0.006 -16"><span class='ocrx_word' id='word_1_548' title='bbox 399 3984 524 4023; x_wconf 72' lang='lat' dir='ltr'><strong>cere</strong></span> <span class='ocrx_word' id='word_1_549' title='bbox 554 3962 807 4037; x_wconf 85' lang='lat' dir='ltr'><strong>potest),</strong></span> <span class='ocrx_word' id='word_1_550' title='bbox 842 3961 998 4018; x_wconf 88' lang='lat' dir='ltr'><strong>addit</strong></span> <span class='ocrx_word' id='word_1_551' title='bbox 1028 3961 1255 4031; x_wconf 86' lang='lat' dir='ltr'><strong>insuper</strong></span> <span class='ocrx_word' id='word_1_552' title='bbox 1283 3958 1495 4013; x_wconf 89' lang='lat' dir='ltr'><strong>utiliter</strong></span> <span class='ocrx_word' id='word_1_553' title='bbox 1522 3957 1673 4029; x_wconf 88' lang='lat' dir='ltr'><strong>quod</strong></span> <span class='ocrx_word' id='word_1_554' title='bbox 1703 3958 1891 4022; x_wconf 84' lang='lat' dir='ltr'><strong>novit,</strong></span> <span class='ocrx_word' id='word_1_555' title='bbox 1929 3967 1988 4011; x_wconf 92' lang='lat' dir='ltr'><strong>ut</strong></span> 
     </span>
    </p>
   </div>
   <div class='ocr_carea' id='block_1_72' title="bbox 402 4049 1988 4131">
    <p class='ocr_par' dir='ltr' id='par_1_72' title="bbox 402 4049 1988 4131">
     <span class='ocr_line' id='line_1_72' title="bbox 402 4049 1988 4131; baseline -0.008 -15"><span class='ocrx_word' id='word_1_556' title='bbox 402 4059 549 4115; x_wconf 78' lang='lat' dir='ltr'><strong>Deus</strong></span> <span class='ocrx_word' id='word_1_557' title='bbox 574 4099 591 4125; x_wconf 90' lang='lat'><strong>,</strong></span> <span class='ocrx_word' id='word_1_558' title='bbox 632 4055 1050 4112; x_wconf 87' lang='lat' dir='ltr'><strong>retardaturum</strong></span> <span class='ocrx_word' id='word_1_559' title='bbox 1083 4067 1181 4107; x_wconf 92' lang='lat' dir='ltr'><strong>eos</strong></span> <span class='ocrx_word' id='word_1_560' title='bbox 1216 4052 1516 4131; x_wconf 86' lang='lat' dir='ltr'><strong>quominus</strong></span> <span class='ocrx_word' id='word_1_561' title='bbox 1557 4049 1771 4105; x_wconf 86' lang='lat' dir='ltr'><strong>ardenti</strong></span> <span class='ocrx_word' id='word_1_562' title='bbox 1804 4049 1988 4106; x_wconf 90' lang='lat' dir='ltr'><strong>studio</strong></span> 
     </span>
    </p>
   </div>
   <div class='ocr_carea' id='block_1_73' title="bbox 401 4140 1988 4215">
    <p class='ocr_par' dir='ltr' id='par_1_73' title="bbox 401 4140 1988 4215">
     <span class='ocr_line' id='line_1_73' title="bbox 401 4140 1988 4215; baseline -0.007 -8"><span class='ocrx_word' id='word_1_563' title='bbox 401 4154 681 4209; x_wconf 62' lang='lat' dir='ltr'><strong>emtostem</strong></span> <span class='ocrx_word' id='word_1_564' title='bbox 733 4145 1048 4201; x_wconf 74' lang='lat' dir='ltr'><strong>doctrinam</strong></span> <span class='ocrx_word' id='word_1_565' title='bbox 1103 4142 1424 4215; x_wconf 74' lang='lat' dir='ltr'><strong>praedicent.</strong></span> <span class='ocrx_word' id='word_1_566' title='bbox 1475 4140 1614 4196; x_wconf 85' lang='lat' dir='ltr'><strong>Nam</strong></span> <span class='ocrx_word' id='word_1_567' title='bbox 1649 4142 1750 4212; x_wconf 81' lang='lat' dir='ltr'><strong>qui</strong></span> <span class='ocrx_word' id='word_1_568' title='bbox 1784 4140 1988 4197; x_wconf 86' lang='lat' dir='ltr'><strong>delecti</strong></span> 
     </span>
    </p>
   </div>
   <div class='ocr_carea' id='block_1_74' title="bbox 400 4233 1986 4306">
    <p class='ocr_par' dir='ltr' id='par_1_74' title="bbox 400 4233 1986 4306">
     <span class='ocr_line' id='line_1_74' title="bbox 400 4233 1986 4306; baseline -0.008 -6"><span class='ocrx_word' id='word_1_569' title='bbox 400 4253 531 4300; x_wconf 90' lang='lat' dir='ltr'><strong>sunt</strong></span> <span class='ocrx_word' id='word_1_570' title='bbox 562 4243 630 4299; x_wconf 81' lang='lat' dir='ltr'><strong>ad</strong></span> <span class='ocrx_word' id='word_1_571' title='bbox 662 4238 994 4303; x_wconf 83' lang='lat' dir='ltr'><strong>docendum,</strong></span> <span class='ocrx_word' id='word_1_572' title='bbox 1023 4236 1202 4292; x_wconf 91' lang='lat' dir='ltr'><strong>solent</strong></span> <span class='ocrx_word' id='word_1_573' title='bbox 1235 4242 1296 4290; x_wconf 90' lang='lat' dir='ltr'><strong>ut</strong></span> <span class='ocrx_word' id='word_1_574' title='bbox 1322 4233 1621 4305; x_wconf 89' lang='lat' dir='ltr'><strong>plurimum</strong></span> <span class='ocrx_word' id='word_1_575' title='bbox 1656 4234 1714 4289; x_wconf 85' lang='lat' dir='ltr'><strong>in</strong></span> <span class='ocrx_word' id='word_1_576' title='bbox 1741 4235 1986 4306; x_wconf 84' lang='lat' dir='ltr'><strong>pericula</strong></span> 
     </span>
    </p>
   </div>
   <div class='ocr_carea' id='block_1_75' title="bbox 398 4326 1988 4407">
    <p class='ocr_par' dir='ltr' id='par_1_75' title="bbox 398 4326 1988 4407">
     <span class='ocr_line' id='line_1_75' title="bbox 398 4326 1988 4407; baseline -0.007 -14"><span class='ocrx_word' id='word_1_577' title='bbox 398 4346 455 4394; x_wconf 87' lang='lat' dir='ltr'><strong>et</strong></span> <span class='ocrx_word' id='word_1_578' title='bbox 481 4334 816 4407; x_wconf 79' lang='lat' dir='ltr'><strong>ignominias</strong></span> <span class='ocrx_word' id='word_1_579' title='bbox 849 4331 1134 4387; x_wconf 83' lang='lat' dir='ltr'><strong>incurrere</strong></span> <span class='ocrx_word' id='word_1_580' title='bbox 1158 4368 1174 4392; x_wconf 91' lang='lat'><strong>,</strong></span> <span class='ocrx_word' id='word_1_581' title='bbox 1207 4342 1333 4382; x_wconf 93' lang='lat' dir='ltr'><strong>cum</strong></span> <span class='ocrx_word' id='word_1_582' title='bbox 1378 4327 1447 4381; x_wconf 92' lang='lat' dir='ltr'><strong>iis</strong></span> <span class='ocrx_word' id='word_1_583' title='bbox 1500 4341 1640 4397; x_wconf 90' lang='lat' dir='ltr'><strong>quos</strong></span> <span class='ocrx_word' id='word_1_584' title='bbox 1689 4326 1988 4383; x_wconf 85' lang='lat' dir='ltr'><strong>admonent</strong></span> 
     </span>
    </p>
   </div>
   <div class='ocr_carea' id='block_1_76' title="bbox 402 4423 1988 4497">
    <p class='ocr_par' dir='ltr' id='par_1_76' title="bbox 402 4423 1988 4497">
     <span class='ocr_line' id='line_1_76' title="bbox 402 4423 1988 4497; baseline -0.005 -13"><span class='ocrx_word' id='word_1_585' title='bbox 402 4430 585 4484; x_wconf 49' lang='lat' dir='ltr'><strong>minus</strong></span> <span class='ocrx_word' id='word_1_586' title='bbox 642 4430 863 4497; x_wconf 85' lang='lat' dir='ltr'><strong>placent</strong></span> <span class='ocrx_word' id='word_1_587' title='bbox 925 4440 1049 4495; x_wconf 64' lang='lat' dir='ltr'><strong>quae</strong></span> <span class='ocrx_word' id='word_1_588' title='bbox 1088 4423 1387 4488; x_wconf 86' lang='lat' dir='ltr'><strong>dicuntur;</strong></span> <span class='ocrx_word' id='word_1_589' title='bbox 1434 4436 1673 4491; x_wconf 87' lang='lat' dir='ltr'><strong>cumque</strong></span> <span class='ocrx_word' id='word_1_590' title='bbox 1722 4429 1988 4493; x_wconf 60' lang='lat' dir='ltr'><strong>praeterea</strong></span> 
     </span>
    </p>
   </div>
   <div class='ocr_carea' id='block_1_77' title="bbox 400 4511 1985 4587">
    <p class='ocr_par' dir='ltr' id='par_1_77' title="bbox 400 4511 1985 4587">
     <span class='ocr_line' id='line_1_77' title="bbox 400 4511 1985 4587; baseline -0.006 -13"><span class='ocrx_word' id='word_1_591' title='bbox 400 4522 679 4587; x_wconf 73' lang='lat' dir='ltr'><strong>contingat</strong></span> <span class='ocrx_word' id='word_1_592' title='bbox 711 4524 771 4572; x_wconf 81' lang='lat' dir='ltr'><strong>ut</strong></span> <span class='ocrx_word' id='word_1_593' title='bbox 802 4516 1089 4585; x_wconf 88' lang='lat' dir='ltr'><strong>repudiata</strong></span> <span class='ocrx_word' id='word_1_594' title='bbox 1119 4527 1220 4569; x_wconf 81' lang='lat' dir='ltr'><strong>sua</strong></span> <span class='ocrx_word' id='word_1_595' title='bbox 1248 4511 1501 4568; x_wconf 83' lang='lat' dir='ltr'><strong>doctrina</strong></span> <span class='ocrx_word' id='word_1_596' title='bbox 1526 4511 1698 4583; x_wconf 73' lang='lat'><strong>899</strong></span> <span class='ocrx_word' id='word_1_597' title='bbox 1728 4527 1985 4581; x_wconf 85' lang='lat' dir='ltr'><strong>persecu-</strong></span> 
     </span>
    </p>
   </div>
   <div class='ocr_carea' id='block_1_78' title="bbox 339 4594 1983 4681">
    <p class='ocr_par' dir='ltr' id='par_1_78' title="bbox 339 4594 1983 4681">
     <span class='ocr_line' id='line_1_78' title="bbox 339 4594 1983 4681; baseline -0.004 -15"><span class='ocrx_word' id='word_1_598' title='bbox 339 4594 343 4598; x_wconf 22' lang='lat' dir='ltr'><strong>l</strong></span> <span class='ocrx_word' id='word_1_599' title='bbox 399 4613 605 4666; x_wconf 55' lang='lat' dir='ltr'><strong>tionem</strong></span> <span class='ocrx_word' id='word_1_600' title='bbox 636 4612 939 4681; x_wconf 72' lang='lat' dir='ltr'><strong>patiantur,</strong></span> <span class='ocrx_word' id='word_1_601' title='bbox 969 4608 1136 4663; x_wconf 90' lang='lat' dir='ltr'><strong>etiam</strong></span> <span class='ocrx_word' id='word_1_602' title='bbox 1172 4604 1439 4660; x_wconf 83' lang='lat' dir='ltr'><strong>adversus</strong></span> <span class='ocrx_word' id='word_1_603' title='bbox 1471 4604 1586 4660; x_wconf 57' lang='lat' dir='ltr'><strong>hac</strong></span> <span class='ocrx_word' id='word_1_604' title='bbox 1609 4606 1896 4675; x_wconf 80' lang='lat' dir='ltr'><strong>expeditos</strong></span> <span class='ocrx_word' id='word_1_605' title='bbox 1918 4619 1983 4659; x_wconf 86' lang='lat' dir='ltr'><strong>ac</strong></span> 
     </span>
    </p>
   </div>
   <div class='ocr_carea' id='block_1_79' title="bbox 400 4696 1983 4775">
    <p class='ocr_par' dir='ltr' id='par_1_79' title="bbox 400 4696 1983 4775">
     <span class='ocr_line' id='line_1_79' title="bbox 400 4696 1983 4775; baseline -0.004 -16"><span class='ocrx_word' id='word_1_606' title='bbox 400 4714 626 4761; x_wconf 75' lang='lat' dir='ltr'><strong>strenue</strong></span> <span class='ocrx_word' id='word_1_607' title='bbox 661 4712 883 4775; x_wconf 83' lang='lat' dir='ltr'><strong>paratos</strong></span> <span class='ocrx_word' id='word_1_608' title='bbox 917 4716 1041 4757; x_wconf 85' lang='lat' dir='ltr'><strong>esse</strong></span> <span class='ocrx_word' id='word_1_609' title='bbox 1061 4700 1241 4771; x_wconf 87' lang='lat' dir='ltr'><strong>jubet.</strong></span> <span class='ocrx_word' id='word_1_610' title='bbox 1264 4699 1387 4754; x_wconf 56' lang='lat' dir='ltr'><strong>Hac</strong></span> <span class='ocrx_word' id='word_1_611' title='bbox 1415 4706 1595 4752; x_wconf 86' lang='lat' dir='ltr'><strong>autem</strong></span> <span class='ocrx_word' id='word_1_612' title='bbox 1628 4696 1814 4752; x_wconf 83' lang='lat' dir='ltr'><strong>futura</strong></span> <span class='ocrx_word' id='word_1_613' title='bbox 1843 4713 1983 4768; x_wconf 88' lang='lat' dir='ltr'><strong>quo-</strong></span> 
     </span>
    </p>
   </div>
   <div class='ocr_carea' id='block_1_80' title="bbox 399 4788 1982 4864">
    <p class='ocr_par' dir='ltr' id='par_1_80' title="bbox 399 4788 1982 4864">
     <span class='ocr_line' id='line_1_80' title="bbox 399 4788 1982 4864; baseline -0.004 -15"><span class='ocrx_word' id='word_1_614' title='bbox 399 4797 698 4850; x_wconf 80' lang='lat' dir='ltr'><strong>dammodo</strong></span> <span class='ocrx_word' id='word_1_615' title='bbox 743 4793 1018 4864; x_wconf 73' lang='lat' dir='ltr'><strong>prazdicit,</strong></span> <span class='ocrx_word' id='word_1_616' title='bbox 1056 4798 1279 4862; x_wconf 86' lang='lat' dir='ltr'><strong>propter</strong></span> <span class='ocrx_word' id='word_1_617' title='bbox 1313 4805 1505 4845; x_wconf 88' lang='lat' dir='ltr'><strong>eorum</strong></span> <span class='ocrx_word' id='word_1_618' title='bbox 1554 4791 1647 4858; x_wconf 81' lang='lat' dir='ltr'><strong>qui</strong></span> <span class='ocrx_word' id='word_1_619' title='bbox 1691 4788 1982 4844; x_wconf 87' lang='lat' dir='ltr'><strong>erudiendi</strong></span> 
     </span>
    </p>
   </div>
   <div class='ocr_carea' id='block_1_81' title="bbox 399 4882 1981 4955">
    <p class='ocr_par' dir='ltr' id='par_1_81' title="bbox 399 4882 1981 4955">
     <span class='ocr_line' id='line_1_81' title="bbox 399 4882 1981 4955; baseline -0.001 -18"><span class='ocrx_word' id='word_1_620' title='bbox 399 4889 696 4943; x_wconf 80' lang='lat' dir='ltr'><strong>veniebant</strong></span> <span class='ocrx_word' id='word_1_621' title='bbox 724 4885 1161 4955; x_wconf 87' lang='lat' dir='ltr'><strong>improbitatem.</strong></span> <span class='ocrx_word' id='word_1_622' title='bbox 1194 4882 1353 4949; x_wconf 88' lang='lat' dir='ltr'><strong>Quod</strong></span> <span class='ocrx_word' id='word_1_623' title='bbox 1387 4883 1517 4938; x_wconf 87' lang='lat' dir='ltr'><strong>alibi</strong></span> <span class='ocrx_word' id='word_1_624' title='bbox 1553 4897 1774 4952; x_wconf 88' lang='lat' dir='ltr'><strong>quoque</strong></span> <span class='ocrx_word' id='word_1_625' title='bbox 1815 4882 1981 4951; x_wconf 75' lang='lat' dir='ltr'><strong>signi~</strong></span> 
     </span>
    </p>
   </div>
   <div class='ocr_carea' id='block_1_82' title="bbox 400 4974 1989 5043">
    <p class='ocr_par' dir='ltr' id='par_1_82' title="bbox 400 4974 1989 5043">
     <span class='ocr_line' id='line_1_82' title="bbox 400 4974 1989 5043; baseline -0.003 -8"><span class='ocrx_word' id='word_1_626' title='bbox 400 4981 620 5043; x_wconf 79' lang='lat' dir='ltr'><strong>ﬁcabat,</strong></span> <span class='ocrx_word' id='word_1_627' title='bbox 649 4979 837 5035; x_wconf 82' lang='lat' dir='ltr'><strong>dicens</strong></span> <span class='ocrx_word' id='word_1_628' title='bbox 870 4999 883 5033; x_wconf 90' lang='lat'><strong>:</strong></span> <span class='ocrx_word' id='word_1_629' title='bbox 924 4997 944 5029; x_wconf 78' lang='grc' dir='ltr'><strong>ι</strong></span> <span class='ocrx_word' id='word_1_630' title='bbox 976 4974 1075 5031; x_wconf 70' lang='lat' dir='ltr'><strong>Va:</strong></span> <span class='ocrx_word' id='word_1_631' title='bbox 1109 4975 1315 5030; x_wconf 88' lang='lat' dir='ltr'><strong>mundo</strong></span> <span class='ocrx_word' id='word_1_632' title='bbox 1344 4990 1373 5028; x_wconf 90' lang='lat' dir='ltr'><strong>a</strong></span> <span class='ocrx_word' id='word_1_633' title='bbox 1398 4974 1681 5030; x_wconf 84' lang='lat' dir='ltr'><strong>scandatis</strong></span> <span class='ocrx_word' id='word_1_634' title='bbox 1709 4993 1723 5028; x_wconf 91' lang='lat'><strong>:</strong></span> <span class='ocrx_word' id='word_1_635' title='bbox 1759 4989 1989 5031; x_wconf 88' lang='lat' dir='ltr'><strong>necesse</strong></span> 
     </span>
    </p>
   </div>
   <div class='ocr_carea' id='block_1_83' title="bbox 398 5058 1988 5137">
    <p class='ocr_par' dir='ltr' id='par_1_83' title="bbox 398 5058 1988 5137">
     <span class='ocr_line' id='line_1_83' title="bbox 398 5058 1988 5137; baseline -0.002 -12"><span class='ocrx_word' id='word_1_636' title='bbox 398 5071 546 5125; x_wconf 88' lang='lat' dir='ltr'><strong>enim</strong></span> <span class='ocrx_word' id='word_1_637' title='bbox 596 5079 683 5126; x_wconf 90' lang='lat' dir='ltr'><strong>est</strong></span> <span class='ocrx_word' id='word_1_638' title='bbox 717 5077 775 5124; x_wconf 91' lang='lat' dir='ltr'><strong>ut</strong></span> <span class='ocrx_word' id='word_1_639' title='bbox 826 5070 1050 5124; x_wconf 83' lang='lat' dir='ltr'><strong>veniant</strong></span> <span class='ocrx_word' id='word_1_640' title='bbox 1097 5066 1359 5122; x_wconf 84' lang='lat' dir='ltr'><strong>scandala</strong></span> <span class='ocrx_word' id='word_1_641' title='bbox 1391 5066 1459 5121; x_wconf 75' lang='grc'><strong>’³.</strong></span> <span class='ocrx_word' id='word_1_642' title='bbox 1498 5085 1517 5117; x_wconf 74' lang='grc' dir='ltr'><strong>ι</strong></span> <span class='ocrx_word' id='word_1_643' title='bbox 1556 5058 1770 5136; x_wconf 88' lang='lat' dir='ltr'><strong>Ubique</strong></span> <span class='ocrx_word' id='word_1_644' title='bbox 1819 5082 1988 5137; x_wconf 87' lang='lat' dir='ltr'><strong>porro</strong></span> 
     </span>
    </p>
   </div>
   <div class='ocr_carea' id='block_1_84' title="bbox 400 5161 1984 5233">
    <p class='ocr_par' dir='ltr' id='par_1_84' title="bbox 400 5161 1984 5233">
     <span class='ocr_line' id='line_1_84' title="bbox 400 5161 1984 5233; baseline -0.003 -15"><span class='ocrx_word' id='word_1_645' title='bbox 400 5162 667 5233; x_wconf 81' lang='lat' dir='ltr'><strong>singulari</strong></span> <span class='ocrx_word' id='word_1_646' title='bbox 695 5162 927 5217; x_wconf 81' lang='lat' dir='ltr'><strong>consilio</strong></span> <span class='ocrx_word' id='word_1_647' title='bbox 949 5162 1258 5231; x_wconf 83' lang='lat' dir='ltr'><strong>exemplum</strong></span> <span class='ocrx_word' id='word_1_648' title='bbox 1300 5176 1361 5215; x_wconf 89' lang='lat' dir='ltr'><strong>se</strong></span> <span class='ocrx_word' id='word_1_649' title='bbox 1398 5161 1640 5230; x_wconf 69' lang='lat' dir='ltr'><strong>praebet,</strong></span> <span class='ocrx_word' id='word_1_650' title='bbox 1679 5177 1750 5214; x_wconf 89' lang='lat' dir='ltr'><strong>ne</strong></span> <span class='ocrx_word' id='word_1_651' title='bbox 1779 5161 1984 5229; x_wconf 82' lang='lat' dir='ltr'><strong>majora</strong></span> 
     </span>
    </p>
   </div>
   <div class='ocr_carea' id='block_1_85' title="bbox 326 5253 1982 5326">
    <p class='ocr_par' dir='ltr' id='par_1_85' title="bbox 326 5253 1982 5326">
     <span class='ocr_line' id='line_1_85' title="bbox 326 5253 1982 5326; baseline 0 -20"><span class='ocrx_word' id='word_1_652' title='bbox 326 5261 329 5264; x_wconf 77' lang='lat'><em>‘</em></span> <span class='ocrx_word' id='word_1_653' title='bbox 400 5261 720 5326; x_wconf 85' lang='lat' dir='ltr'><strong>appetentes</strong></span> <span class='ocrx_word' id='word_1_654' title='bbox 755 5253 902 5307; x_wconf 90' lang='lat' dir='ltr'><strong>aliud</strong></span> <span class='ocrx_word' id='word_1_655' title='bbox 946 5255 1184 5309; x_wconf 79' lang='lat' dir='ltr'><strong>infamia:</strong></span> <span class='ocrx_word' id='word_1_656' title='bbox 1227 5268 1403 5324; x_wconf 79' lang='lat' dir='ltr'><strong>genus</strong></span> <span class='ocrx_word' id='word_1_657' title='bbox 1455 5253 1741 5306; x_wconf 87' lang='lat' dir='ltr'><strong>incurrere</strong></span> <span class='ocrx_word' id='word_1_658' title='bbox 1786 5253 1982 5321; x_wconf 86' lang='lat' dir='ltr'><strong>depre-</strong></span> 
     </span>
    </p>
   </div>
   <div class='ocr_carea' id='block_1_86' title="bbox 398 5339 1982 5412">
    <p class='ocr_par' dir='ltr' id='par_1_86' title="bbox 398 5339 1982 5412">
     <span class='ocr_line' id='line_1_86' title="bbox 398 5339 1982 5412; baseline -0.003 -13"><span class='ocrx_word' id='word_1_659' title='bbox 398 5346 715 5400; x_wconf 83' lang='lat' dir='ltr'><strong>hendantur</strong></span> <span class='ocrx_word' id='word_1_660' title='bbox 742 5386 755 5408; x_wconf 86' lang='lat'><strong>,</strong></span> <span class='ocrx_word' id='word_1_661' title='bbox 798 5345 894 5400; x_wconf 88' lang='lat' dir='ltr'><strong>sed</strong></span> <span class='ocrx_word' id='word_1_662' title='bbox 928 5346 1259 5399; x_wconf 84' lang='lat' dir='ltr'><strong>necessitate</strong></span> <span class='ocrx_word' id='word_1_663' title='bbox 1297 5343 1465 5399; x_wconf 73' lang='grc' dir='ltr'>νιοιιιιί</span> <span class='ocrx_word' id='word_1_664' title='bbox 1496 5342 1737 5412; x_wconf 87' lang='lat' dir='ltr'><strong>quadam</strong></span> <span class='ocrx_word' id='word_1_665' title='bbox 1763 5339 1982 5400; x_wconf 81' lang='lat' dir='ltr'><strong>Domini</strong></span> 
     </span>
    </p>
   </div>
   <div class='ocr_carea' id='block_1_87' title="bbox 399 5430 1982 5505">
    <p class='ocr_par' dir='ltr' id='par_1_87' title="bbox 399 5430 1982 5505">
     <span class='ocr_line' id='line_1_87' title="bbox 399 5430 1982 5505; baseline -0.002 -17"><span class='ocrx_word' id='word_1_666' title='bbox 399 5435 630 5504; x_wconf 70' lang='lat' dir='ltr'><strong>gloriam</strong></span> <span class='ocrx_word' id='word_1_667' title='bbox 663 5449 805 5505; x_wconf 88' lang='lat' dir='ltr'><strong>pone</strong></span> <span class='ocrx_word' id='word_1_668' title='bbox 838 5447 1131 5504; x_wconf 84' lang='lat' dir='ltr'><strong>sequentes</strong></span> <span class='ocrx_word' id='word_1_669' title='bbox 1171 5448 1339 5503; x_wconf 87' lang='lat' dir='ltr'><strong>supra</strong></span> <span class='ocrx_word' id='word_1_670' title='bbox 1390 5448 1515 5489; x_wconf 87' lang='lat' dir='ltr'><strong>eum</strong></span> <span class='ocrx_word' id='word_1_671' title='bbox 1559 5430 1743 5487; x_wconf 69' lang='lat' dir='ltr'><strong>eﬂ‘erri</strong></span> <span class='ocrx_word' id='word_1_672' title='bbox 1782 5430 1982 5490; x_wconf 86' lang='lat' dir='ltr'><strong>nolint.</strong></span> 
     </span>
    </p>
   </div>
   <div class='ocr_carea' id='block_1_88' title="bbox 403 5524 1985 5598">
    <p class='ocr_par' dir='ltr' id='par_1_88' title="bbox 403 5524 1985 5598">
     <span class='ocr_line' id='line_1_88' title="bbox 403 5524 1985 5598; baseline -0.001 -18"><span class='ocrx_word' id='word_1_673' title='bbox 403 5527 509 5583; x_wconf 74' lang='lat' dir='ltr'><strong>Eos</strong></span> <span class='ocrx_word' id='word_1_674' title='bbox 540 5529 707 5598; x_wconf 80' lang='lat' dir='ltr'><strong>igitur</strong></span> <span class='ocrx_word' id='word_1_675' title='bbox 741 5528 1101 5597; x_wconf 75' lang='lat' dir='ltr'><strong>ignominiam</strong></span> <span class='ocrx_word' id='word_1_676' title='bbox 1149 5529 1480 5583; x_wconf 86' lang='lat' dir='ltr'><strong>incursuros</strong></span> <span class='ocrx_word' id='word_1_677' title='bbox 1529 5524 1820 5581; x_wconf 84' lang='lat' dir='ltr'><strong>subinnuit</strong></span> <span class='ocrx_word' id='word_1_678' title='bbox 1846 5564 1862 5591; x_wconf 87' lang='lat'><strong>,</strong></span> <span class='ocrx_word' id='word_1_679' title='bbox 1902 5525 1985 5579; x_wconf 91' lang='lat' dir='ltr'><strong>di-</strong></span> 
     </span>
    </p>
   </div>
   <div class='ocr_carea' id='block_1_89' title="bbox 324 5615 1983 5691">
    <p class='ocr_par' dir='ltr' id='par_1_89' title="bbox 324 5615 1983 5691">
     <span class='ocr_line' id='line_1_89' title="bbox 324 5615 1983 5691; baseline 0 -18"><span class='ocrx_word' id='word_1_680' title='bbox 324 5668 339 5691; x_wconf 64' lang='lat'><strong>,</strong></span> <span class='ocrx_word' id='word_1_681' title='bbox 401 5635 530 5673; x_wconf 84' lang='lat' dir='ltr'><strong>cens</strong></span> <span class='ocrx_word' id='word_1_682' title='bbox 561 5636 577 5673; x_wconf 90' lang='lat'><strong>:</strong></span> <span class='ocrx_word' id='word_1_683' title='bbox 635 5638 654 5671; x_wconf 82' lang='grc' dir='ltr'><strong>ι</strong></span> <span class='ocrx_word' id='word_1_684' title='bbox 688 5618 806 5673; x_wconf 78' lang='lat' dir='ltr'><strong>Non</strong></span> <span class='ocrx_word' id='word_1_685' title='bbox 837 5629 921 5675; x_wconf 89' lang='lat' dir='ltr'><strong>est</strong></span> <span class='ocrx_word' id='word_1_686' title='bbox 965 5635 1163 5676; x_wconf 80' lang='lat' dir='ltr'><strong>servus</strong></span> <span class='ocrx_word' id='word_1_687' title='bbox 1201 5619 1381 5690; x_wconf 83' lang='lat' dir='ltr'><strong>major</strong></span> <span class='ocrx_word' id='word_1_688' title='bbox 1412 5618 1637 5674; x_wconf 87' lang='lat' dir='ltr'><strong>domino</strong></span> <span class='ocrx_word' id='word_1_689' title='bbox 1676 5631 1798 5674; x_wconf 85' lang='lat' dir='ltr'><strong>suo.</strong></span> <span class='ocrx_word' id='word_1_690' title='bbox 1836 5637 1853 5668; x_wconf 79' lang='grc' dir='ltr'><strong>ι</strong></span> <span class='ocrx_word' id='word_1_691' title='bbox 1898 5615 1983 5673; x_wconf 80' lang='lat' dir='ltr'><strong>Me</strong></span> 
     </span>
    </p>
   </div>
   <div class='ocr_carea' id='block_1_90' title="bbox 474 5796 1554 5863">
    <p class='ocr_par' dir='ltr' id='par_1_90' title="bbox 474 5796 1554 5863">
     <span class='ocr_line' id='line_1_90' title="bbox 474 5796 1554 5863; baseline 0 -11"><span class='ocrx_word' id='word_1_692' title='bbox 474 5796 711 5852; x_wconf 80' lang='lat' dir='ltr'><strong>&quot;Galat.</strong></span> <span class='ocrx_word' id='word_1_693' title='bbox 743 5814 779 5862; x_wconf 87' lang='grc' dir='ltr'><strong>ι,</strong></span> <span class='ocrx_word' id='word_1_694' title='bbox 818 5796 904 5853; x_wconf 85' lang='lat' dir='ltr'><strong>lO.</strong></span> <span class='ocrx_word' id='word_1_695' title='bbox 994 5796 1257 5853; x_wconf 74' lang='lat' dir='ltr'><strong>&quot;Matth.</strong></span> <span class='ocrx_word' id='word_1_696' title='bbox 1294 5813 1454 5863; x_wconf 76' lang='grc' dir='ltr'>ινιιι,</span> <span class='ocrx_word' id='word_1_697' title='bbox 1494 5797 1554 5852; x_wconf 79' lang='grc' dir='ltr'>ἶ.</span> 
     </span>
    </p>
   </div>
   <div class='ocr_carea' id='block_1_91' title="bbox 2088 3315 3697 3391">
    <p class='ocr_par' dir='ltr' id='par_1_91' title="bbox 2088 3315 3697 3391">
     <span class='ocr_line' id='line_1_91' title="bbox 2088 3315 3697 3391; baseline 0.002 -21"><span class='ocrx_word' id='word_1_698' title='bbox 2088 3317 2222 3371; x_wconf 71' lang='grc' dir='ltr'>ἐστι</span> <span class='ocrx_word' id='word_1_699' title='bbox 2272 3315 2497 3384; x_wconf 75' lang='grc' dir='ltr'>δοῦλος</span> <span class='ocrx_word' id='word_1_700' title='bbox 2525 3316 2739 3388; x_wconf 79' lang='grc' dir='ltr'>μείζων</span> <span class='ocrx_word' id='word_1_701' title='bbox 2794 3316 2902 3372; x_wconf 85' lang='grc' dir='ltr'>τοῦ</span> <span class='ocrx_word' id='word_1_702' title='bbox 2952 3319 3164 3386; x_wconf 81' lang='grc' dir='ltr'>κυρίου</span> <span class='ocrx_word' id='word_1_703' title='bbox 3208 3319 3415 3375; x_wconf 82' lang='grc' dir='ltr'>αὐτοῦ.</span> <span class='ocrx_word' id='word_1_704' title='bbox 3465 3320 3538 3373; x_wconf 68' lang='lat' dir='ltr'><strong>Et</strong></span> <span class='ocrx_word' id='word_1_705' title='bbox 3584 3321 3697 3391; x_wconf 73' lang='grc' dir='ltr'>ἐμὲ</span> 
     </span>
    </p>
   </div>
   <div class='ocr_carea' id='block_1_92' title="bbox 2088 3407 3699 3482">
    <p class='ocr_par' dir='ltr' id='par_1_92' title="bbox 2088 3407 3699 3482">
     <span class='ocr_line' id='line_1_92' title="bbox 2088 3407 3699 3482; baseline 0.004 -22"><span class='ocrx_word' id='word_1_706' title='bbox 2088 3407 2364 3473; x_wconf 75' lang='grc' dir='ltr'>ἐδίωξαν,</span> <span class='ocrx_word' id='word_1_707' title='bbox 2413 3410 2511 3463; x_wconf 78' lang='grc' dir='ltr'>καὶ</span> <span class='ocrx_word' id='word_1_708' title='bbox 2568 3409 2726 3479; x_wconf 82' lang='grc' dir='ltr'>ὑμᾶς</span> <span class='ocrx_word' id='word_1_709' title='bbox 2754 3409 3085 3475; x_wconf 78' lang='grc' dir='ltr'>διώξουσιν</span> <span class='ocrx_word' id='word_1_710' title='bbox 3106 3428 3120 3442; x_wconf 87' lang='grc'><strong>·</strong></span> <span class='ocrx_word' id='word_1_711' title='bbox 3147 3413 3202 3465; x_wconf 84' lang='grc' dir='ltr'>εὶ</span> <span class='ocrx_word' id='word_1_712' title='bbox 3227 3412 3335 3465; x_wconf 74' lang='grc' dir='ltr'><strong>τὸν</strong></span> <span class='ocrx_word' id='word_1_713' title='bbox 3358 3413 3547 3482; x_wconf 73' lang='grc' dir='ltr'>λόγον</span> <span class='ocrx_word' id='word_1_714' title='bbox 3568 3429 3699 3482; x_wconf 80' lang='grc' dir='ltr'><strong>μου</strong></span> 
     </span>
    </p>
   </div>
   <div class='ocr_carea' id='block_1_93' title="bbox 2088 3500 3423 3572">
    <p class='ocr_par' dir='ltr' id='par_1_93' title="bbox 2088 3500 3423 3572">
     <span class='ocr_line' id='line_1_93' title="bbox 2088 3500 3423 3572; baseline 0.004 -21"><span class='ocrx_word' id='word_1_715' title='bbox 2088 3500 2418 3568; x_wconf 77' lang='grc' dir='ltr'>ἐτήρησαν,</span> <span class='ocrx_word' id='word_1_716' title='bbox 2447 3501 2543 3555; x_wconf 75' lang='grc' dir='ltr'>καὶ</span> <span class='ocrx_word' id='word_1_717' title='bbox 2580 3501 2691 3555; x_wconf 79' lang='grc' dir='ltr'><strong>τὸν</strong></span> <span class='ocrx_word' id='word_1_718' title='bbox 2726 3500 3015 3572; x_wconf 78' lang='grc' dir='ltr'>ὑμέτερον</span> <span class='ocrx_word' id='word_1_719' title='bbox 3062 3502 3423 3572; x_wconf 78' lang='grc' dir='ltr'>τηρήσουσι.</span> 
     </span>
    </p>
   </div>
   <div class='ocr_carea' id='block_1_94' title="bbox 2162 3588 3693 3666">
    <p class='ocr_par' dir='ltr' id='par_1_94' title="bbox 2162 3588 3693 3666">
     <span class='ocr_line' id='line_1_94' title="bbox 2162 3588 3693 3666; baseline 0.003 -23"><span class='ocrx_word' id='word_1_720' title='bbox 2162 3590 2565 3660; x_wconf 77' lang='grc' dir='ltr'>Προαποδείξας</span> <span class='ocrx_word' id='word_1_721' title='bbox 2602 3588 2663 3646; x_wconf 85' lang='grc' dir='ltr'>εὖ</span> <span class='ocrx_word' id='word_1_722' title='bbox 2721 3594 2869 3664; x_wconf 88' lang='grc' dir='ltr'>μάλα</span> <span class='ocrx_word' id='word_1_723' title='bbox 2906 3594 3001 3647; x_wconf 78' lang='grc' dir='ltr'>καὶ</span> <span class='ocrx_word' id='word_1_724' title='bbox 3047 3594 3110 3647; x_wconf 84' lang='grc' dir='ltr'>τὸ</span> <span class='ocrx_word' id='word_1_725' title='bbox 3167 3596 3444 3666; x_wconf 88' lang='grc' dir='ltr'>μισεῖσθαι</span> <span class='ocrx_word' id='word_1_726' title='bbox 3500 3596 3693 3659; x_wconf 81' lang='grc' dir='ltr'>καλὸν,</span> 
     </span>
    </p>
   </div>
   <div class='ocr_carea' id='block_1_95' title="bbox 2090 3683 3697 3760">
    <p class='ocr_par' dir='ltr' id='par_1_95' title="bbox 2090 3683 3697 3760">
     <span class='ocr_line' id='line_1_95' title="bbox 2090 3683 3697 3760; baseline 0.006 -25"><span class='ocrx_word' id='word_1_727' title='bbox 2090 3684 2249 3752; x_wconf 87' lang='grc' dir='ltr'>εῖπερ</span> <span class='ocrx_word' id='word_1_728' title='bbox 2280 3683 2363 3755; x_wconf 77' lang='grc' dir='ltr'>εἴη</span> <span class='ocrx_word' id='word_1_729' title='bbox 2398 3687 2494 3737; x_wconf 79' lang='grc' dir='ltr'>καὶ</span> <span class='ocrx_word' id='word_1_730' title='bbox 2525 3684 2718 3739; x_wconf 87' lang='grc' dir='ltr'>τούτου</span> <span class='ocrx_word' id='word_1_731' title='bbox 2746 3687 2938 3757; x_wconf 85' lang='grc' dir='ltr'>καιρὸς</span> <span class='ocrx_word' id='word_1_732' title='bbox 2956 3686 3214 3759; x_wconf 78' lang='grc' dir='ltr'>(φορητὸν</span> <span class='ocrx_word' id='word_1_733' title='bbox 3232 3688 3340 3760; x_wconf 85' lang='grc' dir='ltr'>γὰρ</span> <span class='ocrx_word' id='word_1_734' title='bbox 3364 3689 3527 3759; x_wconf 78' lang='grc' dir='ltr'>ἄγαν,</span> <span class='ocrx_word' id='word_1_735' title='bbox 3552 3689 3697 3760; x_wconf 78' lang='grc' dir='ltr'>μᾶλ-</span> 
     </span>
    </p>
   </div>
   <div class='ocr_carea' id='block_1_96' title="bbox 2088 3775 3696 3850">
    <p class='ocr_par' dir='ltr' id='par_1_96' title="bbox 2088 3775 3696 3850">
     <span class='ocr_line' id='line_1_96' title="bbox 2088 3775 3696 3850; baseline 0.003 -22"><span class='ocrx_word' id='word_1_736' title='bbox 2088 3775 2178 3829; x_wconf 83' lang='grc' dir='ltr'>λον</span> <span class='ocrx_word' id='word_1_737' title='bbox 2199 3775 2254 3828; x_wconf 82' lang='grc' dir='ltr'>δὲ</span> <span class='ocrx_word' id='word_1_738' title='bbox 2275 3775 2625 3847; x_wconf 82' lang='grc' dir='ltr'>τριπόθητον,</span> <span class='ocrx_word' id='word_1_739' title='bbox 2652 3778 2790 3850; x_wconf 81' lang='grc' dir='ltr'>ὅπερ</span> <span class='ocrx_word' id='word_1_740' title='bbox 2813 3776 2880 3831; x_wconf 84' lang='grc' dir='ltr'><strong>ἂν</strong></span> <span class='ocrx_word' id='word_1_741' title='bbox 2904 3777 3181 3849; x_wconf 82' lang='grc' dir='ltr'>συμϐαίνῃ</span> <span class='ocrx_word' id='word_1_742' title='bbox 3204 3778 3296 3833; x_wconf 87' lang='grc' dir='ltr'>διὰ</span> <span class='ocrx_word' id='word_1_743' title='bbox 3320 3779 3475 3845; x_wconf 85' lang='grc' dir='ltr'>Θεὸν,</span> <span class='ocrx_word' id='word_1_744' title='bbox 3512 3797 3696 3849; x_wconf 86' lang='grc' dir='ltr'>παρα-</span> 
     </span>
    </p>
   </div>
   <div class='ocr_carea' id='block_1_97' title="bbox 2087 3867 3698 3943">
    <p class='ocr_par' dir='ltr' id='par_1_97' title="bbox 2087 3867 3698 3943">
     <span class='ocr_line' id='line_1_97' title="bbox 2087 3867 3698 3943; baseline 0.004 -24"><span class='ocrx_word' id='word_1_745' title='bbox 2087 3867 2436 3937; x_wconf 85' lang='grc' dir='ltr'>ποδισμάτων</span> <span class='ocrx_word' id='word_1_746' title='bbox 2474 3868 2731 3938; x_wconf 83' lang='grc' dir='ltr'>ἀμείνους</span> <span class='ocrx_word' id='word_1_747' title='bbox 2783 3869 3112 3941; x_wconf 80' lang='grc' dir='ltr'>ἐργάζεσθαι</span> <span class='ocrx_word' id='word_1_748' title='bbox 3135 3870 3474 3943; x_wconf 83' lang='grc' dir='ltr'>δυνάμενον),</span> <span class='ocrx_word' id='word_1_749' title='bbox 3522 3888 3698 3943; x_wconf 85' lang='grc' dir='ltr'>προσ-</span> 
     </span>
    </p>
   </div>
   <div class='ocr_carea' id='block_1_98' title="bbox 2088 3958 3698 4034">
    <p class='ocr_par' dir='ltr' id='par_1_98' title="bbox 2088 3958 3698 4034">
     <span class='ocr_line' id='line_1_98' title="bbox 2088 3958 3698 4034; baseline 0.006 -24"><span class='ocrx_word' id='word_1_750' title='bbox 2088 3961 2281 4034; x_wconf 77' lang='grc' dir='ltr'>ανερεῖ</span> <span class='ocrx_word' id='word_1_751' title='bbox 2324 3958 2389 4029; x_wconf 81' lang='grc' dir='ltr'>δὴ</span> <span class='ocrx_word' id='word_1_752' title='bbox 2452 3959 2763 4031; x_wconf 81' lang='grc' dir='ltr'>χρησίμως,</span> <span class='ocrx_word' id='word_1_753' title='bbox 2821 3961 2960 4033; x_wconf 86' lang='grc' dir='ltr'>ὅπερ</span> <span class='ocrx_word' id='word_1_754' title='bbox 3046 3958 3187 4020; x_wconf 77' lang='grc' dir='ltr'>οἶδεν</span> <span class='ocrx_word' id='word_1_755' title='bbox 3241 3964 3318 4027; x_wconf 88' lang='grc' dir='ltr'>ὼς</span> <span class='ocrx_word' id='word_1_756' title='bbox 3364 3964 3518 4027; x_wconf 76' lang='grc' dir='ltr'>Θεὸς,</span> <span class='ocrx_word' id='word_1_757' title='bbox 3562 3981 3698 4019; x_wconf 89' lang='grc' dir='ltr'>κατ-</span> 
     </span>
    </p>
   </div>
   <div class='ocr_carea' id='block_1_99' title="bbox 2087 4049 3699 4126">
    <p class='ocr_par' dir='ltr' id='par_1_99' title="bbox 2087 4049 3699 4126">
     <span class='ocr_line' id='line_1_99' title="bbox 2087 4049 3699 4126; baseline 0.004 -24"><span class='ocrx_word' id='word_1_758' title='bbox 2087 4050 2341 4118; x_wconf 80' lang='grc' dir='ltr'>οκνήσειν</span> <span class='ocrx_word' id='word_1_759' title='bbox 2363 4049 2654 4104; x_wconf 89' lang='grc' dir='ltr'>ἀναπεῖθον</span> <span class='ocrx_word' id='word_1_760' title='bbox 2683 4051 2880 4115; x_wconf 78' lang='grc' dir='ltr'>αὐτοὺς</span> <span class='ocrx_word' id='word_1_761' title='bbox 2915 4052 3052 4124; x_wconf 82' lang='grc' dir='ltr'>πρὸς</span> <span class='ocrx_word' id='word_1_762' title='bbox 3097 4054 3165 4107; x_wconf 72' lang='grc' dir='ltr'>τὸ</span> <span class='ocrx_word' id='word_1_763' title='bbox 3180 4053 3387 4126; x_wconf 83' lang='grc' dir='ltr'>σφόδρα</span> <span class='ocrx_word' id='word_1_764' title='bbox 3421 4056 3699 4110; x_wconf 75' lang='grc' dir='ltr'>συντείνε-</span> 
     </span>
    </p>
   </div>
   <div class='ocr_carea' id='block_1_100' title="bbox 2090 4141 3699 4218">
    <p class='ocr_par' dir='ltr' id='par_1_100' title="bbox 2090 4141 3699 4218">
     <span class='ocr_line' id='line_1_100' title="bbox 2090 4141 3699 4218; baseline 0.004 -23"><span class='ocrx_word' id='word_1_765' title='bbox 2090 4141 2216 4195; x_wconf 90' lang='grc' dir='ltr'>σθαι</span> <span class='ocrx_word' id='word_1_766' title='bbox 2251 4141 2426 4197; x_wconf 88' lang='grc' dir='ltr'>θέλειν</span> <span class='ocrx_word' id='word_1_767' title='bbox 2456 4142 2587 4215; x_wconf 75' lang='grc' dir='ltr'>περὶ</span> <span class='ocrx_word' id='word_1_768' title='bbox 2637 4142 2700 4196; x_wconf 83' lang='grc' dir='ltr'>τὸ</span> <span class='ocrx_word' id='word_1_769' title='bbox 2732 4144 2932 4216; x_wconf 82' lang='grc' dir='ltr'>χρῆναι</span> <span class='ocrx_word' id='word_1_770' title='bbox 2982 4144 3274 4217; x_wconf 88' lang='grc' dir='ltr'>κηρύττειν</span> <span class='ocrx_word' id='word_1_771' title='bbox 3314 4146 3407 4201; x_wconf 83' lang='grc' dir='ltr'>τὸν</span> <span class='ocrx_word' id='word_1_772' title='bbox 3435 4147 3699 4218; x_wconf 81' lang='grc' dir='ltr'>οὐράνιον</span> 
     </span>
    </p>
   </div>
   <div class='ocr_carea' id='block_1_101' title="bbox 2088 4235 3699 4309">
    <p class='ocr_par' dir='ltr' id='par_1_101' title="bbox 2088 4235 3699 4309">
     <span class='ocr_line' id='line_1_101' title="bbox 2088 4235 3699 4309; baseline 0.004 -21"><span class='ocrx_word' id='word_1_773' title='bbox 2088 4235 2266 4304; x_wconf 85' lang='grc' dir='ltr'>λόγον.</span> <span class='ocrx_word' id='word_1_774' title='bbox 2312 4236 2613 4308; x_wconf 84' lang='grc' dir='ltr'>Ἐπόμενον</span> <span class='ocrx_word' id='word_1_775' title='bbox 2643 4236 2756 4309; x_wconf 83' lang='lat'><strong>7&amp;9</strong></span> <span class='ocrx_word' id='word_1_776' title='bbox 2783 4238 2877 4291; x_wconf 77' lang='grc' dir='ltr'>ἐπὶ</span> <span class='ocrx_word' id='word_1_777' title='bbox 2910 4237 3045 4292; x_wconf 83' lang='grc' dir='ltr'>πολὺ</span> <span class='ocrx_word' id='word_1_778' title='bbox 3073 4242 3187 4304; x_wconf 88' lang='grc' dir='ltr'>τοῖς</span> <span class='ocrx_word' id='word_1_779' title='bbox 3219 4241 3301 4304; x_wconf 82' lang='grc' dir='ltr'><strong>εἰς</strong></span> <span class='ocrx_word' id='word_1_780' title='bbox 3326 4240 3390 4294; x_wconf 78' lang='grc' dir='ltr'>τὸ</span> <span class='ocrx_word' id='word_1_781' title='bbox 3414 4240 3699 4295; x_wconf 85' lang='grc' dir='ltr'>διδάσκειν</span> 
     </span>
    </p>
   </div>
   <div class='ocr_carea' id='block_1_102' title="bbox 2091 4326 3698 4401">
    <p class='ocr_par' dir='ltr' id='par_1_102' title="bbox 2091 4326 3698 4401">
     <span class='ocr_line' id='line_1_102' title="bbox 2091 4326 3698 4401; baseline 0.004 -22"><span class='ocrx_word' id='word_1_782' title='bbox 2091 4326 2637 4398; x_wconf 85' lang='grc' dir='ltr'>προκεχειρισμένοις</span> <span class='ocrx_word' id='word_1_783' title='bbox 2682 4327 2744 4381; x_wconf 74' lang='grc' dir='ltr'>τὸ</span> <span class='ocrx_word' id='word_1_784' title='bbox 2801 4328 3166 4401; x_wconf 75' lang='grc' dir='ltr'>ἀτιμάζεσθαι</span> <span class='ocrx_word' id='word_1_785' title='bbox 3194 4331 3289 4384; x_wconf 74' lang='grc' dir='ltr'>καὶ</span> <span class='ocrx_word' id='word_1_786' title='bbox 3333 4331 3698 4396; x_wconf 84' lang='grc' dir='ltr'>κινδυνεύειν,</span> 
     </span>
    </p>
   </div>
   <div class='ocr_carea' id='block_1_103' title="bbox 2087 4417 3701 4493">
    <p class='ocr_par' dir='ltr' id='par_1_103' title="bbox 2087 4417 3701 4493">
     <span class='ocr_line' id='line_1_103' title="bbox 2087 4417 3701 4493; baseline 0.004 -22"><span class='ocrx_word' id='word_1_787' title='bbox 2087 4417 2216 4474; x_wconf 80' lang='grc' dir='ltr'>ὅταν</span> <span class='ocrx_word' id='word_1_788' title='bbox 2240 4418 2338 4489; x_wconf 84' lang='grc' dir='ltr'><strong>οὐχ</strong></span> <span class='ocrx_word' id='word_1_789' title='bbox 2357 4418 2503 4488; x_wconf 73' lang='grc' dir='ltr'>ἡδεῖς</span> <span class='ocrx_word' id='word_1_790' title='bbox 2521 4421 2635 4482; x_wconf 86' lang='grc' dir='ltr'>τοῖς</span> <span class='ocrx_word' id='word_1_791' title='bbox 2662 4418 3106 4491; x_wconf 80' lang='grc' dir='ltr'>νουθετουμένοις</span> <span class='ocrx_word' id='word_1_792' title='bbox 3138 4422 3188 4475; x_wconf 77' lang='grc' dir='ltr'><strong>οἱ</strong></span> <span class='ocrx_word' id='word_1_793' title='bbox 3227 4423 3359 4493; x_wconf 88' lang='grc' dir='ltr'>παρ’</span> <span class='ocrx_word' id='word_1_794' title='bbox 3386 4425 3576 4487; x_wconf 76' lang='grc' dir='ltr'>αὐτοῖς</span> <span class='ocrx_word' id='word_1_795' title='bbox 3602 4426 3701 4478; x_wconf 79' lang='grc' dir='ltr'><strong>εὑ-</strong></span> 
     </span>
    </p>
   </div>
   <div class='ocr_carea' id='block_1_104' title="bbox 2093 4513 3699 4589">
    <p class='ocr_par' dir='ltr' id='par_1_104' title="bbox 2093 4513 3699 4589">
     <span class='ocr_line' id='line_1_104' title="bbox 2093 4513 3699 4589; baseline 0.005 -24"><span class='ocrx_word' id='word_1_796' title='bbox 2093 4514 2371 4583; x_wconf 82' lang='grc' dir='ltr'>ρίσκονται</span> <span class='ocrx_word' id='word_1_797' title='bbox 2401 4513 2570 4582; x_wconf 83' lang='grc' dir='ltr'>λόγοι,</span> <span class='ocrx_word' id='word_1_798' title='bbox 2605 4513 2995 4585; x_wconf 81' lang='grc' dir='ltr'>συμϐαίνοντός</span> <span class='ocrx_word' id='word_1_799' title='bbox 3024 4533 3085 4568; x_wconf 80' lang='grc' dir='ltr'><strong>τε</strong></span> <span class='ocrx_word' id='word_1_800' title='bbox 3114 4516 3250 4589; x_wconf 85' lang='grc' dir='ltr'>πρὸς</span> <span class='ocrx_word' id='word_1_801' title='bbox 3273 4517 3449 4588; x_wconf 83' lang='grc' dir='ltr'>τούτῳ</span> <span class='ocrx_word' id='word_1_802' title='bbox 3474 4519 3573 4573; x_wconf 72' lang='grc' dir='ltr'>καὶ</span> <span class='ocrx_word' id='word_1_803' title='bbox 3598 4519 3699 4573; x_wconf 74' lang='grc' dir='ltr'><strong>τοῦ</strong></span> 
     </span>
    </p>
   </div>
   <div class='ocr_carea' id='block_1_105' title="bbox 2087 4604 3696 4679">
    <p class='ocr_par' dir='ltr' id='par_1_105' title="bbox 2087 4604 3696 4679">
     <span class='ocr_line' id='line_1_105' title="bbox 2087 4604 3696 4679; baseline 0.004 -22"><span class='ocrx_word' id='word_1_804' title='bbox 2087 4604 2444 4659; x_wconf 85' lang='grc' dir='ltr'>διαπυθέσθαι</span> <span class='ocrx_word' id='word_1_805' title='bbox 2496 4605 2573 4677; x_wconf 80' lang='grc' dir='ltr'>μὴ</span> <span class='ocrx_word' id='word_1_806' title='bbox 2628 4606 3063 4678; x_wconf 83' lang='grc' dir='ltr'>παραδεχθέντος</span> <span class='ocrx_word' id='word_1_807' title='bbox 3107 4608 3220 4662; x_wconf 78' lang='grc' dir='ltr'>ἐσθ’</span> <span class='ocrx_word' id='word_1_808' title='bbox 3254 4610 3343 4662; x_wconf 78' lang='grc' dir='ltr'>ὅτε</span> <span class='ocrx_word' id='word_1_809' title='bbox 3368 4608 3463 4663; x_wconf 80' lang='grc' dir='ltr'><strong>τοῦ</strong></span> <span class='ocrx_word' id='word_1_810' title='bbox 3507 4610 3696 4679; x_wconf 78' lang='grc' dir='ltr'>λόγου,</span> 
     </span>
    </p>
   </div>
   <div class='ocr_carea' id='block_1_106' title="bbox 2088 4692 3705 4773">
    <p class='ocr_par' dir='ltr' id='par_1_106' title="bbox 2088 4692 3705 4773">
     <span class='ocr_line' id='line_1_106' title="bbox 2088 4692 3705 4773; baseline 0.005 -24"><span class='ocrx_word' id='word_1_811' title='bbox 2088 4697 2376 4769; x_wconf 77' lang='grc' dir='ltr'>εὐτρεπεῖς</span> <span class='ocrx_word' id='word_1_812' title='bbox 2409 4692 2547 4750; x_wconf 80' lang='grc' dir='ltr'>εἶναι</span> <span class='ocrx_word' id='word_1_813' title='bbox 2596 4697 2690 4750; x_wconf 75' lang='grc' dir='ltr'>καὶ</span> <span class='ocrx_word' id='word_1_814' title='bbox 2741 4699 2876 4769; x_wconf 85' lang='grc' dir='ltr'>πρὸς</span> <span class='ocrx_word' id='word_1_815' title='bbox 2921 4699 3099 4755; x_wconf 81' lang='grc' dir='ltr'>ταῦτα</span> <span class='ocrx_word' id='word_1_816' title='bbox 3127 4700 3247 4754; x_wconf 90' lang='grc' dir='ltr'>λίαν</span> <span class='ocrx_word' id='word_1_817' title='bbox 3298 4702 3547 4773; x_wconf 79' lang='grc' dir='ltr'>εὐχερεῖς</span> <span class='ocrx_word' id='word_1_818' title='bbox 3600 4706 3705 4759; x_wconf 70' lang='grc' dir='ltr'>καὶ</span> 
     </span>
    </p>
   </div>
   <div class='ocr_carea' id='block_1_107' title="bbox 2094 4786 3701 4866">
    <p class='ocr_par' dir='ltr' id='par_1_107' title="bbox 2094 4786 3701 4866">
     <span class='ocr_line' id='line_1_107' title="bbox 2094 4786 3701 4866; baseline 0.006 -27"><span class='ocrx_word' id='word_1_819' title='bbox 2094 4786 2389 4859; x_wconf 84' lang='grc' dir='ltr'>προθύμως</span> <span class='ocrx_word' id='word_1_820' title='bbox 2455 4788 2549 4841; x_wconf 76' lang='grc' dir='ltr'>καὶ</span> <span class='ocrx_word' id='word_1_821' title='bbox 2605 4788 2869 4852; x_wconf 79' lang='grc' dir='ltr'>νεανικῶς</span> <span class='ocrx_word' id='word_1_822' title='bbox 2929 4789 3326 4848; x_wconf 84' lang='grc' dir='ltr'>διακελεύεται.</span> <span class='ocrx_word' id='word_1_823' title='bbox 3372 4794 3701 4866; x_wconf 82' lang='grc' dir='ltr'>Προμηνύει</span> 
     </span>
    </p>
   </div>
   <div class='ocr_carea' id='block_1_108' title="bbox 2091 4878 3701 4958">
    <p class='ocr_par' dir='ltr' id='par_1_108' title="bbox 2091 4878 3701 4958">
     <span class='ocr_line' id='line_1_108' title="bbox 2091 4878 3701 4958; baseline 0.004 -25"><span class='ocrx_word' id='word_1_824' title='bbox 2091 4878 2151 4933; x_wconf 84' lang='grc' dir='ltr'><strong>δέ</strong></span> <span class='ocrx_word' id='word_1_825' title='bbox 2182 4879 2372 4951; x_wconf 76' lang='grc' dir='ltr'>ὥσπερ</span> <span class='ocrx_word' id='word_1_826' title='bbox 2399 4881 2578 4950; x_wconf 83' lang='grc' dir='ltr'>πάντη</span> <span class='ocrx_word' id='word_1_827' title='bbox 2614 4897 2673 4932; x_wconf 85' lang='grc' dir='ltr'><strong>τε</strong></span> <span class='ocrx_word' id='word_1_828' title='bbox 2723 4881 2816 4934; x_wconf 77' lang='grc' dir='ltr'>καὶ</span> <span class='ocrx_word' id='word_1_829' title='bbox 2869 4882 3088 4946; x_wconf 88' lang='grc' dir='ltr'>πάντως</span> <span class='ocrx_word' id='word_1_830' title='bbox 3120 4884 3416 4955; x_wconf 85' lang='grc' dir='ltr'>ἐσομένων,</span> <span class='ocrx_word' id='word_1_831' title='bbox 3473 4885 3568 4939; x_wconf 81' lang='grc' dir='ltr'><strong>διὰ</strong></span> <span class='ocrx_word' id='word_1_832' title='bbox 3594 4885 3701 4958; x_wconf 81' lang='grc' dir='ltr'><strong>τὴν</strong></span> 
     </span>
    </p>
   </div>
   <div class='ocr_carea' id='block_1_109' title="bbox 2093 4972 3703 5048">
    <p class='ocr_par' dir='ltr' id='par_1_109' title="bbox 2093 4972 3703 5048">
     <span class='ocr_line' id='line_1_109' title="bbox 2093 4972 3703 5048; baseline 0.005 -23"><span class='ocrx_word' id='word_1_833' title='bbox 2093 4973 2202 5026; x_wconf 85' lang='grc' dir='ltr'><strong>τῶν</strong></span> <span class='ocrx_word' id='word_1_834' title='bbox 2235 4972 2538 5044; x_wconf 75' lang='grc' dir='ltr'>μελλόντων</span> <span class='ocrx_word' id='word_1_835' title='bbox 2559 4972 3153 5046; x_wconf 71' lang='grc' dir='ltr'>παιδαγωγηθήσεσθαι</span> <span class='ocrx_word' id='word_1_836' title='bbox 3173 4976 3495 5048; x_wconf 82' lang='grc' dir='ltr'>μοχθηρίαν.</span> <span class='ocrx_word' id='word_1_837' title='bbox 3520 4978 3703 5033; x_wconf 76' lang='grc' dir='ltr'><strong>Τοῦτο</strong></span> 
     </span>
    </p>
   </div>
   <div class='ocr_carea' id='block_1_110' title="bbox 2091 5064 3704 5143">
    <p class='ocr_par' dir='ltr' id='par_1_110' title="bbox 2091 5064 3704 5143">
     <span class='ocr_line' id='line_1_110' title="bbox 2091 5064 3704 5143; baseline 0.006 -26"><span class='ocrx_word' id='word_1_838' title='bbox 2091 5064 2148 5117; x_wconf 80' lang='grc' dir='ltr'>δὲ</span> <span class='ocrx_word' id='word_1_839' title='bbox 2181 5066 2276 5117; x_wconf 80' lang='grc' dir='ltr'>καὶ</span> <span class='ocrx_word' id='word_1_840' title='bbox 2309 5066 2368 5118; x_wconf 88' lang='grc' dir='ltr'><strong>ἐν</strong></span> <span class='ocrx_word' id='word_1_841' title='bbox 2409 5066 2619 5137; x_wconf 79' lang='grc' dir='ltr'>ἑτέροις</span> <span class='ocrx_word' id='word_1_842' title='bbox 2662 5066 2850 5137; x_wconf 78' lang='grc' dir='ltr'>ἐδήλου</span> <span class='ocrx_word' id='word_1_843' title='bbox 2895 5067 3090 5138; x_wconf 86' lang='grc' dir='ltr'>λέγων·</span> <span class='ocrx_word' id='word_1_844' title='bbox 3129 5088 3148 5121; x_wconf 81' lang='grc' dir='ltr'><strong>ι</strong></span> <span class='ocrx_word' id='word_1_845' title='bbox 3209 5070 3347 5124; x_wconf 79' lang='grc' dir='ltr'><strong>υὺαὶ</strong></span> <span class='ocrx_word' id='word_1_846' title='bbox 3388 5069 3470 5141; x_wconf 81' lang='grc' dir='ltr'>τῷ</span> <span class='ocrx_word' id='word_1_847' title='bbox 3499 5072 3704 5143; x_wconf 80' lang='grc' dir='ltr'>κόσμῳ</span> 
     </span>
    </p>
   </div>
   <div class='ocr_carea' id='block_1_111' title="bbox 2090 5154 3703 5232">
    <p class='ocr_par' dir='ltr' id='par_1_111' title="bbox 2090 5154 3703 5232">
     <span class='ocr_line' id='line_1_111' title="bbox 2090 5154 3703 5232; baseline 0.007 -24"><span class='ocrx_word' id='word_1_848' title='bbox 2090 5155 2199 5209; x_wconf 82' lang='grc' dir='ltr'>ἀπὸ</span> <span class='ocrx_word' id='word_1_849' title='bbox 2231 5154 2342 5209; x_wconf 81' lang='grc' dir='ltr'>τῶν</span> <span class='ocrx_word' id='word_1_850' title='bbox 2386 5155 2722 5211; x_wconf 64' lang='grc' dir='ltr'>’σκανδάλωνι</span> <span class='ocrx_word' id='word_1_851' title='bbox 2783 5158 2996 5230; x_wconf 88' lang='grc' dir='ltr'>ἀνάγκη</span> <span class='ocrx_word' id='word_1_852' title='bbox 3053 5160 3164 5232; x_wconf 84' lang='lat'><strong>7&amp;9</strong></span> <span class='ocrx_word' id='word_1_853' title='bbox 3204 5160 3382 5215; x_wconf 87' lang='grc' dir='ltr'>ἐλθεῖν</span> <span class='ocrx_word' id='word_1_854' title='bbox 3419 5162 3494 5217; x_wconf 80' lang='grc' dir='ltr'><strong>τά</strong></span> <span class='ocrx_word' id='word_1_855' title='bbox 3528 5165 3703 5218; x_wconf 78' lang='grc' dir='ltr'>σκάν-</span> 
     </span>
    </p>
   </div>
   <div class='ocr_carea' id='block_1_112' title="bbox 2089 5248 3704 5322">
    <p class='ocr_par' dir='ltr' id='par_1_112' title="bbox 2089 5248 3704 5322">
     <span class='ocr_line' id='line_1_112' title="bbox 2089 5248 3704 5322; baseline 0.005 -20"><span class='ocrx_word' id='word_1_856' title='bbox 2089 5248 2245 5303; x_wconf 85' lang='grc' dir='ltr'>δαλα.</span> <span class='ocrx_word' id='word_1_857' title='bbox 2288 5268 2307 5299; x_wconf 76' lang='grc' dir='ltr'><strong>ι</strong></span> <span class='ocrx_word' id='word_1_858' title='bbox 2343 5251 2632 5320; x_wconf 81' lang='grc' dir='ltr'>Οἰκονομεῖ</span> <span class='ocrx_word' id='word_1_859' title='bbox 2656 5249 2713 5303; x_wconf 84' lang='grc' dir='ltr'>δὲ</span> <span class='ocrx_word' id='word_1_860' title='bbox 2745 5254 2995 5322; x_wconf 84' lang='grc' dir='ltr'>πανταχῆ</span> <span class='ocrx_word' id='word_1_861' title='bbox 3024 5252 3094 5306; x_wconf 90' lang='grc' dir='ltr'><strong>τά</strong></span> <span class='ocrx_word' id='word_1_862' title='bbox 3118 5253 3239 5307; x_wconf 82' lang='grc' dir='ltr'>καθ’</span> <span class='ocrx_word' id='word_1_863' title='bbox 3268 5252 3467 5309; x_wconf 77' lang='grc' dir='ltr'>ἐαυτὸν</span> <span class='ocrx_word' id='word_1_864' title='bbox 3486 5256 3554 5310; x_wconf 83' lang='grc' dir='ltr'><strong>ἐν</strong></span> <span class='ocrx_word' id='word_1_865' title='bbox 3575 5260 3704 5310; x_wconf 83' lang='grc' dir='ltr'>τού-</span> 
     </span>
    </p>
   </div>
   <div class='ocr_carea' id='block_1_113' title="bbox 2085 5342 3705 5418">
    <p class='ocr_par' dir='ltr' id='par_1_113' title="bbox 2085 5342 3705 5418">
     <span class='ocr_line' id='line_1_113' title="bbox 2085 5342 3705 5418; baseline 0.005 -24"><span class='ocrx_word' id='word_1_866' title='bbox 2085 5360 2167 5415; x_wconf 85' lang='grc' dir='ltr'>τῳ</span> <span class='ocrx_word' id='word_1_867' title='bbox 2230 5342 2619 5411; x_wconf 80' lang='grc' dir='ltr'>παραδεικνὺς,</span> <span class='ocrx_word' id='word_1_868' title='bbox 2662 5344 2750 5397; x_wconf 87' lang='grc' dir='ltr'><strong>ῖνα</strong></span> <span class='ocrx_word' id='word_1_869' title='bbox 2794 5345 2869 5416; x_wconf 83' lang='grc' dir='ltr'>μὴ</span> <span class='ocrx_word' id='word_1_870' title='bbox 2916 5345 3182 5416; x_wconf 68' lang='grc' dir='ltr'>μειζόνων</span> <span class='ocrx_word' id='word_1_871' title='bbox 3222 5345 3529 5418; x_wconf 82' lang='grc' dir='ltr'>ἐφιέμενοι,</span> <span class='ocrx_word' id='word_1_872' title='bbox 3574 5350 3705 5402; x_wconf 80' lang='grc' dir='ltr'>καθ’</span> 
     </span>
    </p>
   </div>
   <div class='ocr_carea' id='block_1_114' title="bbox 2085 5437 3707 5513">
    <p class='ocr_par' dir='ltr' id='par_1_114' title="bbox 2085 5437 3707 5513">
     <span class='ocr_line' id='line_1_114' title="bbox 2085 5437 3707 5513; baseline 0.004 -24"><span class='ocrx_word' id='word_1_873' title='bbox 2085 5437 2274 5507; x_wconf 67' lang='grc' dir='ltr'>ἕτερον</span> <span class='ocrx_word' id='word_1_874' title='bbox 2300 5449 2500 5508; x_wconf 86' lang='grc' dir='ltr'>τροπον</span> <span class='ocrx_word' id='word_1_875' title='bbox 2521 5437 2958 5508; x_wconf 80' lang='grc' dir='ltr'>ἀσχημονοῦντες</span> <span class='ocrx_word' id='word_1_876' title='bbox 2980 5438 3333 5507; x_wconf 75' lang='grc' dir='ltr'>ἁλίσκωνται,</span> <span class='ocrx_word' id='word_1_877' title='bbox 3363 5438 3482 5495; x_wconf 84' lang='grc' dir='ltr'>ἀλλ’</span> <span class='ocrx_word' id='word_1_878' title='bbox 3501 5439 3707 5513; x_wconf 81' lang='grc' dir='ltr'>ὥσπερ</span> 
     </span>
    </p>
   </div>
   <div class='ocr_carea' id='block_1_115' title="bbox 2091 5525 3706 5613">
    <p class='ocr_par' dir='ltr' id='par_1_115' title="bbox 2091 5525 3706 5613">
     <span class='ocr_line' id='line_1_115' title="bbox 2091 5525 3706 5613; baseline 0.006 -34"><span class='ocrx_word' id='word_1_879' title='bbox 2091 5526 2152 5593; x_wconf 77' lang='grc' dir='ltr'>ἐξ</span> <span class='ocrx_word' id='word_1_880' title='bbox 2192 5525 2443 5596; x_wconf 78' lang='grc' dir='ltr'>ἀνάγκης</span> <span class='ocrx_word' id='word_1_881' title='bbox 2464 5528 2703 5581; x_wconf 85' lang='grc' dir='ltr'>κατόπιν</span> <span class='ocrx_word' id='word_1_882' title='bbox 2726 5528 2828 5597; x_wconf 79' lang='grc' dir='ltr'>τῆς</span> <span class='ocrx_word' id='word_1_883' title='bbox 2865 5528 2959 5583; x_wconf 81' lang='grc' dir='ltr'><strong>τοῦ</strong></span> <span class='ocrx_word' id='word_1_884' title='bbox 2989 5531 3195 5602; x_wconf 77' lang='grc' dir='ltr'>Κυρίου</span> <span class='ocrx_word' id='word_1_885' title='bbox 3220 5529 3509 5613; x_wconf 65' lang='grc' dir='ltr'>βαίνοντες</span> <span class='ocrx_word' id='word_1_886' title='bbox 3537 5531 3706 5602; x_wconf 72' lang='grc' dir='ltr'>δόξης</span> 
     </span>
    </p>
   </div>
   <div class='ocr_carea' id='block_1_116' title="bbox 2074 5618 3707 5695">
    <p class='ocr_par' dir='ltr' id='par_1_116' title="bbox 2074 5618 3707 5695">
     <span class='ocr_line' id='line_1_116' title="bbox 2074 5618 3707 5695; baseline 0.002 -21"><span class='ocrx_word' id='word_1_887' title='bbox 2074 5622 2149 5675; x_wconf 56' lang='grc' dir='ltr'><strong>»τὸ</strong></span> <span class='ocrx_word' id='word_1_888' title='bbox 2183 5620 2257 5692; x_wconf 78' lang='grc' dir='ltr'>μὴ</span> <span class='ocrx_word' id='word_1_889' title='bbox 2278 5621 2417 5692; x_wconf 77' lang='grc' dir='ltr'>ὑπὲρ</span> <span class='ocrx_word' id='word_1_890' title='bbox 2453 5621 2614 5677; x_wconf 67' lang='grc' dir='ltr'>αὐτὸν</span> <span class='ocrx_word' id='word_1_891' title='bbox 2639 5623 2892 5692; x_wconf 83' lang='grc' dir='ltr'>γενέσθαι</span> <span class='ocrx_word' id='word_1_892' title='bbox 2945 5622 3310 5688; x_wconf 75' lang='grc' dir='ltr'>σπουδάζωσι.</span> <span class='ocrx_word' id='word_1_893' title='bbox 3346 5624 3424 5677; x_wconf 82' lang='grc' dir='ltr'><strong>Τὸ</strong></span> <span class='ocrx_word' id='word_1_894' title='bbox 3467 5622 3577 5695; x_wconf 74' lang='grc' dir='ltr'>μὲν</span> <span class='ocrx_word' id='word_1_895' title='bbox 3606 5618 3707 5680; x_wconf 75' lang='grc' dir='ltr'><strong>οὖν</strong></span> 
     </span>
    </p>
   </div>
  </div>
