3862 6206
175 267 286 322 401

1181 261 1245 314 ΙΝ
1277 258 1567 316 JOANNIS
1608 257 2060 315 EVARGELIUM
2102 258 2227 315 LIB.
2255 257 2323 314 Χ.

3343 266 3452 323 £02

174 384 662 457 ἀτιμασθὴσεσθαι
694 385 909 447 πάντως
935 383 1133 447 αὐτοὺς
1158 384 1523 455 ὑποσημαίνει
1554 383 1725 450 λέγων
1760 400 1771 411 ο

1883 383 2025 435 enim
2051 422 2067 446 ,
2112 382 2291 453 inquit
2319 425 2333 448 ,
2371 380 2635 436 eﬂ‘rcnata
2666 382 2850 454 lingua
2884 385 3161 453 petierunt
3189 428 3201 448 ,
3243 386 3450 439 nullum

183 500 203 530 ι
243 480 359 533 Οὐκ
386 478 499 530 ἐστι
538 477 717 540 δοῦλος
773 476 908 546 ὑπὲρ
967 476 1057 529 τὸν
1106 476 1293 546 κύριον
1322 476 1509 529 αὑτοῦ.
1556 494 1574 526 ι
1641 475 1772 545 Ἐμὲ

176 569 313 638 γάρ,
378 570 562 636 φησὶν,
628 568 865 638 ἀχαλίνῳ
917 568 1017 637 μὲν
1064 568 1475 638 κατεκρότησαν
1536 564 1770 635 γλώττῃ,

172 661 447 730 λοιδορίας
466 678 493 712 τ
504 660 664 727 ρόπον
680 660 1092 731 ἀνεπιτήδευτον
1108 660 1207 713 οὐκ
1219 659 1445 728 ἀφέντες
1461 659 1509 711 oi
1530 658 1769 722 δείλαιοι,

176 753 521 824 δαιμονῶντα
548 754 640 806 καὶ
671 753 904 823 μέθυσον
935 752 1031 805 καὶ
1061 754 1315 822 πορνείας
1363 752 1590 806 ἐκάλουν
1639 768 1775 821 καρ-

181 847 307 900 πόν.
349 846 486 899 Ἀλλ’
517 847 616 899 οὐκ
658 845 885 915 ἐζήτουν
914 846 1262 917 παραχρῆμα
1312 844 1412 908 τὰς
1436 845 1611 907 δίκας,
1655 844 1771 897 ἀλλ’

180 940 308 992 οὐδὲ
331 942 451 1000 ταῖς
476 938 604 1008 παρ’
629 938 807 991 αὐτῶν
832 939 1117 1010 λοιδορίαις
1142 937 1524 1009 καταδηχθεὶς,
1544 938 1635 990 τὸν
1660 940 1771 1001 τοῖς

180 1030 554 1101 ἀκροωμένοις
588 1030 853 1100 σωτήριον
898 1030 1191 1101 ἀνέκαμψα
1226 1030 1403 1099 λόγον.
1434 1027 1645 1084 Οὐκοῦν
1699 1028 1772 1101 μὴ

182 1123 455 1190 ζητείσθω
494 1123 620 1193 παρ’
651 1121 803 1192 ὑμῶν
851 1122 910 1175 τὸ
960 1122 1144 1192 μεῖξον
1199 1123 1465 1194 ἀκαίρως,
1501 1122 1634 1194 μηδὲ
1663 1121 1772 1175 τῶν

179 1215 279 1268 τοῦ
309 1215 513 1284 Κυρίου
542 1214 1045 1286 κατασοϐαρεύεσθε
1076 1215 1309 1288 μέτρων,
1342 1216 1481 1288 πρὸς
1502 1214 1773 1285 τοσαύτην

184 1308 379 1361 ἑαυτὸν
413 1307 481 1359 δι’
510 1310 658 1379 ἡμᾶς
689 1308 1156 1373 καταδιδάσαντος
1181 1308 1280 1379 τὴν
1307 1308 1658 1373 ταπείνωσιν,
1685 1308 1772 1361 διὰ

182 1400 247 1452 τὸ
302 1401 436 1453 πᾶσι
488 1399 780 1464 λυσιτελές.
830 1400 1035 1454 Οὐκοῦν
1066 1400 1323 1471 ἀμείνους
1352 1400 1646 1470 ἐργάζεται
1679 1402 1774 1454 καὶ

182 1491 287 1560 τῆς
310 1494 368 1544 ὲν
390 1491 568 1559 λόγοις
591 1492 952 1563 σκληρότητος
974 1493 1066 1545 καὶ
1088 1492 1187 1563 τῆς
1206 1492 1312 1547 τῶν
1329 1493 1637 1563 φιλοψογεῖν
1654 1496 1773 1547 είω-

181 1584 358 1637 θότων
387 1583 749 1655 ἀνοσιότητος,
801 1584 1052 1654 καθάπερ
1083 1584 1278 1654 ἀμέλει
1329 1586 1422 1638 καὶ¹
1443 1587 1471 1638 ό
1507 1587 1775 1657 μακάριος

184 1675 474 1745 προφήτης
530 1675 817 1745 Ἱερεμίας,
855 1674 990 1745 πρὸς
1036 1676 1167 1729 αὐτὸ
1199 1676 1262 1746 δὴ
1300 1675 1455 1729 τοῦτο
1494 1694 1771 1747 γεγυμνα-

187 1763 386 1832 σμένος
437 1763 638 1832 ἔλεγεν·
693 1784 710 1815 ι
763 1765 824 1817 Ἠ
886 1764 1035 1834 ἰσχύς
1100 1784 1200 1835 μου
1254 1765 1500 1831 ἐξέλιπεν
1554 1769 1612 1820 ἐν
1660 1771 1773 1832 τοῖς

184 1856 597 1925 καταρωμένοις
658 1874 743 1926 με.
805 1875 824 1908 ι
861 1857 1136 1920 Μειζόνως
1164 1874 1225 1924 γε
1282 1859 1387 1927 μὴν
1417 1860 1445 1910 ὁ
1490 1858 1773 1922 Θεσπέσιος

184 1946 399 2011 Παῦλος
429 1947 735 2018 διαλάμψας
769 1950 825 2001 ἐν
876 1948 1045 2018 αὐτῷ,
1103 1950 1197 2001 καὶ
1260 1952 1393 2003 πολὺ
1430 1950 1775 2021 καταθλήσας

183 2039 286 2105 τῆς
326 2038 432 2090 τῶν
486 2039 815 2108 ὑϐριζόντων
864 2040 1232 2108 ἀνοσιότητος,
1261 2058 1279 2090 ι
1337 2041 1771 2112 Λοιδορούμενοι,

185 2130 374 2198 φησιν,
448 2130 795 2200 εὐλογοῦμεν,
876 2130 1339 2202 δυσφημούμενοι,
1424 2134 1774 2203 παρακαλοῦ-

186 2240 311 2292 μεν.
341 2243 360 2275 ι
400 2223 473 2275 Τὸ
496 2225 593 2293 μὲν
612 2224 719 2295 γὰρ
738 2222 842 2276 τῶν
866 2224 1121 2296 τοιούτων
1148 2226 1660 2281 κατανεανιεύεσθαι
1685 2245 1773 2295 φι-

182 2315 318 2379 λεῖν,
369 2313 529 2386 ἔργον
585 2314 651 2367 ἂν
699 2315 911 2383 γένοιτο
968 2315 1204 2376 διανοίας
1256 2317 1645 2389 πτωχευούσης
1697 2319 1776 2389 τῷ

182 2404 479 2475 πνεύματι,
520 2405 664 2458 κατά
697 2406 757 2459 τὸ
797 2406 1206 2477 γεγραμμένον,
1251 2409 1346 2461 καὶ
1387 2409 1590 2480 μετρίῳ
1619 2429 1778 2479 κομι-

180 2498 249 2568 δῇ
306 2498 726 2568 κεκοσμημένης
770 2498 1100 2568 φρονήματι.
1133 2498 1331 2551 Φύεται
1370 2500 1478 2570 γάρ
1531 2519 1648 2564 πως
1684 2503 1778 2555 καὶ

183 2588 442 2658 καθάπερ
489 2590 553 2641 ὲκ
582 2589 736 2660 ῥίζης
780 2588 993 2659 ἀνίσχει
1034 2589 1228 2660 καλῆς,
1268 2593 1331 2644 ὲκ
1370 2592 1561 2647 τούτου
1595 2593 1649 2646 δὲ
1677 2594 1780 2663 μά-

182 2680 367 2742 λιστα,
396 2678 457 2730 τὸ
486 2678 833 2748 μακρόθυμόν
861 2696 918 2731 τε
956 2678 1050 2733 καὶ
1087 2681 1429 2748 ἀνεξίκακον.
1464 2684 1537 2736 Τὸ
1564 2683 1619 2737 δὲ
1641 2686 1777 2755 ἀφο-

188 2772 370 2842 ρήτως
426 2771 567 2841 ἔχειν
630 2772 710 2834 εἱς
769 2770 962 2839 λόγους
1013 2774 1139 2837 τοὺς
1176 2775 1646 2846 παροτρύνοντας,
1700 2780 1780 2842 είς

185 2863 409 2917 πάντων
439 2862 550 2934 [γρ.
600 2861 752 2933 xiv],
790 2863 821 2931 ἢ
866 2863 962 2915 καὶ
1005 2863 1181 2916 ὁτιοῦν
1224 2866 1446 2934 ἀτιμίας
1476 2863 1633 2934 εἶδος,
1681 2870 1781 2939 τῆς

187 2956 344 3027 παρά
371 2973 551 3021 τινων,
577 2954 797 3020 ἔνδειξιν
829 2954 895 3008 ἂν
920 2955 1033 3026 ἔχοι
1056 2956 1202 3026 σαφῆ
1223 2957 1484 3029 λογισμοῦ
1519 2961 1781 3032 φιλοκόμ-

1875 475 2110 529 convicii
2146 490 2319 545 genus
2353 475 2619 529 intactum
2658 476 3034 545 relinquentes
3066 477 3287 537 miseri,
3342 478 3455 530 dae-

1875 566 2219 631 moniacum,
2269 566 2627 621 temulentum
2665 576 2718 620 et
2751 568 2999 637 spurium
3036 578 3319 621 vocarunt.
3357 566 3454 621 Ve-

1874 674 1995 713 rum
2030 675 2138 714 non
2170 661 2356 715 statim
2393 676 2584 732 ρωπος
2620 662 2808 729 exegi,
2844 663 2940 716 sed
2977 679 3150 731 neque
3186 662 3453 716 conviciis

1872 768 2062 807 eorum
2103 756 2381 825 appetitus
2424 755 2723 810 salutarem
2766 756 3114 811 auditoribus
3146 756 3453 808 doctrinam

1873 846 2107 900 inhibui.
2135 846 2317 912 Quare
2347 847 2515 901 nolite
2545 849 2714 901 altum
2750 848 3136 916 intempestive
3167 861 3357 917 sapere
3384 844 3449 909 “,

1873 953 1976 993 nec
2017 937 2229 993 Domini
2270 939 2709 994 mediocritatem
2746 940 2979 1009 superbe
3015 938 3313 1007 despicite,
3356 938 3452 1003 qui

1873 1038 2078 1083 tantam
2119 1029 2185 1084 ad
2227 1031 2619 1086 demissionem
2661 1040 2883 1101 propter
2928 1048 3030 1085 nos
3091 1039 3147 1083 ut
3198 1030 3452 1083 omnibus

1874 1120 2162 1189 prodesset
2192 1137 2253 1177 se
2282 1121 2575 1192 depressit.
2608 1122 2778 1194 Igitur
2808 1123 3122 1192 Superiores
3153 1138 3249 1174 cos
3290 1120 3452 1182 facit.

1873 1220 1931 1266 et
1959 1214 2249 1267 verborum
2278 1214 2481 1269 duritie
2507 1256 2519 1278 ,
2565 1224 2616 1269 ct
2662 1215 3095 1269 conviciatorum
3130 1214 3407 1282 impietate
3437 1252 3452 1272 ,

1875 1305 2333 1375 quemadmodum
2366 1322 2561 1377 nempe
2590 1308 2786 1361 beatus
2815 1307 2907 1360 ille
2929 1322 3149 1375 quoque.
3188 1304 3457 1373 propheta

1874 1396 2141 1453 Jeremias
2165 1397 2218 1452 in
2250 1412 2316 1453 eo
2349 1398 2469 1468 ipso
2496 1399 2832 1453 exercitatus
2860 1398 3041 1453 aiebat
3068 1416 3079 1450 :
3122 1414 3139 1445 ι
3168 1394 3455 1451 Fortitudo

1876 1499 1997 1540 mea
2028 1484 2233 1553 defecit
2265 1486 2319 1539 in
2348 1487 2415 1539 iis
2465 1487 2559 1555 qui
2602 1487 2941 1541 maledicunt
2987 1485 3119 1540 mihi
3144 1485 3211 1536 9‘.
3247 1504 3267 1537 ι
3310 1486 3455 1551 Quin

1875 1582 1930 1631 et
1955 1577 2177 1633 divinus
2215 1578 2308 1632 ille
2338 1576 2543 1633 Paulus
2582 1593 2645 1633 ea
2684 1594 2743 1632 re
2777 1579 3013 1633 maxime
3046 1586 3329 1648 spectatus
3353 1617 3365 1641 ,
3403 1583 3458 1631 et

1878 1670 2173 1740 impiorum
2205 1686 2346 1739 saepe
2379 1671 2747 1725 contumelias
2794 1684 3092 1739 perpessus
3125 1687 3137 1722 :
3178 1688 3195 1718 ι
3229 1666 3458 1721 Maledi-

1874 1763 2074 1826 cimur,
2104 1763 2303 1831 inquit,
2339 1772 2393 1816 et
2434 1762 2811 1818 benedicimus
2842 1780 2855 1828 ;
2897 1760 3366 1831 blasphemamur,
3400 1767 3456 1813 et

1875 1854 2237 1908 obsecramus
2273 1856 2339 1905 ⁸⁸.
2378 1874 2396 1905 ι
2466 1854 2572 1908 Ista
2628 1855 2832 1924 quippe
2876 1868 3143 1924 generose
3201 1853 3408 1920 perpeti
3440 1892 3455 1916 ,

1875 1962 2014 2017 opus
2054 1957 2136 2002 est
2177 1947 2375 2000 mentis
2414 1946 2669 2015 pauperis
2712 1946 2909 2013 spiritu
2943 1984 2958 2008 ,
3000 1947 3144 1999 sicut
3186 1942 3455 2012 scriptum

1875 2047 1960 2096 est
2000 2040 2045 2070 ⁹⁷
2070 2078 2085 2101 ,
2124 2048 2180 2093 et
2224 2039 2493 2109 singulari
2536 2037 2800 2091 modestia
2836 2036 3100 2105 prmditzc.
3138 2032 3280 2086 llinc
3309 2032 3457 2086 enim

1875 2132 2024 2187 velut
2057 2148 2122 2185 ex
2158 2132 2300 2184 bona
2332 2130 2519 2184 radice
2553 2131 2814 2184 oriuntur
2842 2125 3237 2194 longanimitas
3268 2134 3323 2178 et
3360 2139 3458 2192 pa-

1877 2223 2091 2279 tientia.
2116 2222 2270 2277 Nolle
2305 2230 2485 2276 autem
2524 2237 2593 2275 ne
2627 2221 2795 2274 verbo
2822 2218 3046 2289 quidem
3083 2218 3196 2270 ullo
3235 2215 3458 2280 lacessi,

1878 2323 1973 2369 aut
2022 2314 2309 2367 minimum
2350 2311 2697 2367 contumelia:
2742 2326 2915 2380 genus
2958 2308 3188 2379 perpeti,
3227 2305 3465 2360 manife-

1879 2417 2024 2463 stmn
2073 2414 2160 2463 est
2205 2413 2591 2477 argumentum
2628 2404 2794 2457 animi
2838 2402 3105 2473 superbi,
3160 2415 3262 2454 nec
3311 2398 3460 2453 inani

1876 2501 2067 2572 gloria:
2121 2498 2417 2553 mundanae
2473 2497 2657 2552 studio
2712 2497 2946 2551 multum
3004 2495 3265 2565 expediti.
3320 2492 3461 2558 Quid

1879 2593 2024 2647 enim
2048 2591 2234 2657 faciet,
2258 2605 2469 2660 quaeso,
2492 2598 2587 2643 aut
2612 2604 2721 2659 qua
2755 2590 2811 2642 in
2843 2603 2903 2643 re
2928 2588 3203 2642 hominem
3233 2602 3262 2639 a
3294 2587 3463 2655 typho

1880 2685 2121 2739 alienum
2153 2681 2313 2738 laedet
2340 2682 2728 2738 contumelia?
2767 2682 2878 2736 Aut
2916 2680 3191 2752 quomodo
3224 2679 3462 2734 munda-

1880 2791 1966 2830 nae
2011 2773 2200 2846 gloriae
2243 2780 2592 2843 contemptor
2627 2772 2897 2827 conviciis
2942 2772 3073 2827 ullis
3112 2771 3467 2826 ollcndetur?

1882 2865 1998 2921 Hac
2038 2867 2224 2936 itaque
2279 2864 2583 2921 vanissima
2627 2872 2682 2919 et
2728 2879 2891 2934 quam
2933 2863 3173 2917 mundus
3224 2861 3465 2930 suspicit

1882 2958 2057 3029 gloria
2117 2964 2359 3012 mentem
2429 2955 2682 3011 altiorem
2749 2971 2941 3025 gerere
3005 2955 3203 3009 merito
3262 2953 3463 3022 jubet,

190 3065 317 3113 που,
344 3049 439 3103 καὶ
468 3050 564 3118 τῆς
596 3050 653 3102 ὲν
685 3048 873 3119 κόσμῳ
902 3048 1207 3118 φιλοδοξίας
1234 3051 1295 3103 οὐ
1339 3050 1461 3105 λίαν
1502 3053 1782 3124 ἀπηλλαγ,

1888 3051 2054 3121 900
2079 3049 2380 3121 quinetiam
2414 3048 2790 3103 necessariam
2821 3048 2985 3102 veluti
3021 3048 3336 3100 cautionem
3372 3061 3468 3098 ex-

106 3130 115 3137 ’
194 3140 359 3212 μένου
384 3140 748 3210 φρονήματος.
768 3139 831 3191 Τί
856 3140 966 3209 γάρ
989 3138 1054 3192 ἂν
1074 3140 1250 3212 δράσῃ
1275 3142 1459 3212 τυχὸν,
1493 3144 1526 3215 ἢ
1554 3145 1605 3197 τί
1631 3145 1787 3217 ὕϐρις

192 3232 427 3305 ἀδικήσῃ
450 3231 538 3283 τὸν
575 3231 673 3303 τῆς
718 3229 946 3299 ἀτυφίας
982 3232 1254 3303 ἑραστήν;
1288 3233 1378 3305 Τῷ
1415 3234 1473 3288 δὲ
1520 3236 1594 3307 μὴ
1630 3236 1788 3308 δόξης

194 3327 471 3397 ἐφιεμένῳ
504 3322 795 3393 κοσμικῆς,
830 3322 946 3386 πῶς
982 3324 1204 3395 ἀνιαρὸν
1236 3325 1389 3379 ἔσται
1441 3326 1503 3379 τὸ
1529 3328 1788 3398 λοιδορεῖ-

197 3421 323 3474 σθαι
362 3421 497 3490 πρός
528 3436 672 3483 τινος
698 3436 713 3482 ;
746 3418 911 3488 Δόξης
930 3414 1021 3472 οὖν
1060 3419 1170 3488 ἄρα
1197 3420 1426 3489 ταυτησὶ
1455 3422 1553 3489 τῆς
1590 3422 1791 3479 εἰκαιο-

194 3517 387 3584 τάτης,
417 3513 577 3581 φημὶ,
612 3512 706 3564 καὶ
737 3512 836 3581 τῆς
862 3514 920 3563 ὲν
938 3510 1129 3580 κόσμῳ
1154 3514 1525 3582 τετιμημένης
1556 3514 1667 3567 ἄνω
1699 3514 1787 3583 βε-

197 3607 407 3675 6ηκότα
443 3606 532 3657 τὸν
580 3604 727 3666 νοῦν,
757 3604 851 3656 καὶ
895 3603 986 3656 τὸν
1037 3603 1293 3656 τοιούτων
1345 3604 1789 3675 ὑπεριπτάμενον

198 3697 362 3766 ἔχειν,
419 3697 642 3756 εἰκότως
691 3694 1081 3748 διακελεύεται·
1142 3700 1457 3766 προεπινοεῖ
1499 3698 1555 3750 δὲ
1600 3698 1789 3769 ὥσπερ

198 3790 501 3858 ἀναγκαίαν
526 3790 847 3857 ἀσφάλειαν,
882 3788 1018 3859 πρὸς
1045 3788 1105 3841 τὸ
1127 3788 1236 3842 δεῖν
1268 3788 1474 3843 ἐθέλειν
1504 3792 1560 3843 ὲν
1584 3791 1789 3857 τούτοις

200 3883 453 3947 ὁρᾶσθαι,
504 3882 600 3934 καὶ
663 3880 914 3951 καθάπερ
968 3881 1155 3934 αἰκίαν
1211 3880 1312 3952 τὴν
1343 3882 1421 3945 είς
1453 3883 1612 3936 τοῦτο
1660 3900 1792 3938 κατ-

198 3974 445 4028 ωθοῦντα
476 3973 657 4041 τίθησι
690 3973 968 4043 λογισμὸν,
1004 3974 1142 4043 ὅπερ
1187 3973 1448 4045 ἐλέγομεν
1491 3976 1551 4039 ἐξ
1592 3976 1787 4048 ἀρχῆς,

200 4069 261 4121 τὸ
287 4067 515 4121 κατόπιν
547 4066 681 4117 ἰέναι
715 4063 814 4134 τῆς
848 4064 943 4117 τοῦ
992 4064 1200 4136 Κυρίου
1256 4067 1442 4137 τιμῆς,
1492 4068 1681 4137 ἥδιστα
1735 4069 1791 4123 δὲ

200 4161 323 4214 λίαν
350 4157 667 4230 προσίεσθαι
697 4158 803 4211 πᾶν
828 4158 965 4228 ὅπερ
996 4156 1061 4209 ἂν
1094 4157 1162 4210 ίοι
1184 4158 1325 4212 κατά
1345 4160 1554 4229 καιρὸν,
1586 4159 1698 4213 ἐστ’
1724 4162 1791 4214 ἂν

201 4252 384 4312 αὐτοῖς
402 4248 463 4301 τὸ
479 4248 780 4317 εὐδοκιμεῖν
804 4248 1023 4319 ὑπάρχῃ
1044 4247 1131 4299 διὰ
1154 4248 1307 4311 Θεὸν,
1322 4250 1385 4301 οὐ
1402 4252 1523 4313 ταῖς
1549 4251 1792 4321 ἀτιμίαις

203 4342 617 4415 ἱιπιουμὲνους,
676 4339 751 4401 ὡς
814 4338 969 4393 ὄκνον
1013 4339 1298 4410 ἀνωφελῆ,
1360 4340 1480 4393 οὐδὲ
1536 4342 1641 4396 ὑπό
1692 4360 1788 4395 του

1891 3146 2137 3214 cogitat,
2182 3149 2242 3195 ut
2280 3142 2419 3195 tales
2464 3156 2589 3197 esse
2626 3140 2833 3204 velint,
2878 3150 2931 3196 et
2974 3139 3223 3194 adhibito
3259 3139 3310 3191 in
3343 3152 3467 3190 eam

1888 3250 2003 3289 rem
2040 3233 2279 3303 quodam
2307 3234 2465 3305 quasi
2495 3234 2721 3289 stimulo
2751 3240 2908 3303 urget
2937 3248 3034 3287 eos
3058 3234 3271 3287 ratione
3303 3247 3468 3301 quam

1889 3326 2048 3381 initio
2076 3327 2339 3386 diximus,
2366 3341 2563 3395 nempe
2585 3324 2796 3380 Domini
2820 3326 3051 3397 gloriam
3080 3341 3204 3380 esse
3232 3339 3470 3394 sequen-

1888 3420 2037 3485 dam,
2075 3427 2129 3474 et
2171 3418 2543 3489 quodcunque
2594 3434 2654 3473 se
2691 3418 2953 3472 obtulerit
2984 3417 3221 3471 libenter
3258 3416 3467 3483 ample-

1888 3512 2170 3573 ctendum,
2204 3511 2425 3581 quoties
2465 3509 2687 3565 occasio
2717 3525 2777 3563 se
2831 3509 2982 3564 dabit
3017 3508 3203 3579 gloriae
3246 3517 3469 3577 propter

1892 3605 2057 3659 Deum
2083 3602 2476 3671 adipiscendae,
2510 3611 2570 3656 ut
2594 3619 2696 3657 nec
2728 3602 2973 3656 infamiae
3010 3611 3162 3655 metu
3197 3601 3377 3654 inutili
3408 3615 3470 3655 se

1889 3695 2092 3752 dedant
2126 3694 2371 3757 inet-tim,
2410 3708 2513 3747 nec
2545 3709 2613 3747 ex
2642 3708 2711 3748 eo
2742 3692 2890 3762 quod
2941 3693 3010 3745 ab
3054 3692 3241 3760 aliquo
3275 3690 3469 3745 forsan

1890 3789 2157 3844 conviciis
2186 3790 2373 3842 acrius
2407 3785 2632 3855 appetiti
2666 3785 2899 3851 fuerint,
2934 3784 3173 3839 docendi
3212 3782 3467 3838 ﬁduciam

1890 3880 2189 3937 retundant
2212 3921 2228 3942 ,
2284 3894 2385 3934 nec
2426 3877 2616 3932 divina
2648 3876 2907 3931 mandata
2943 3886 3338 3943 contemnant,
3374 3875 3470 3930 sed

1889 3974 2239 4030 dilectionem
2275 3973 2461 4043 potius
2499 3971 2647 4023 illam
2684 3970 2740 4023 in
2781 3969 2983 4023 fratres
3029 3967 3469 4036 ampirctantur,

1890 4075 1943 4122 et
1972 4075 2227 4121 errantes
2255 4063 2515 4117 omnibus
2542 4061 2723 4116 modis
2768 4061 2965 4130 juvare
2993 4059 3272 4113 studeant.
3309 4056 3473 4112 Post-

1890 4174 2054 4229 quam
2088 4159 2256 4227 igitur
2284 4154 2562 4225 persuasit
2590 4152 2926 4207 mundanam
2956 4151 3107 4206 illam
3154 4166 3217 4204 ac
3254 4158 3471 4217 tempo-

1892 4252 2091 4307 rariam
2120 4250 2349 4321 gloriam
2385 4246 2789 4316 aspernandam
2810 4285 2824 4309 ,
2861 4243 3013 4299 aliud
3044 4243 3304 4312 quiddam
3338 4241 3473 4296 utile

1892 4358 1958 4397 ac
2005 4341 2385 4396 necessarium
2434 4340 2661 4407 insuper
2708 4336 2979 4390 molitur:
3040 4354 3057 4386 ι
3094 4332 3151 4387 Si
3191 4332 3338 4388 enim
3387 4348 3475 4386 me

202 4434 362 4503 τυχὸν
405 4431 634 4500 ἐπείπερ
673 4428 1154 4498 διαλελοιδόρηνται
1209 4429 1439 4500 πικρῶς,
1470 4431 1567 4501 τὴν
1609 4432 1666 4483 ἐν
1711 4431 1782 4503 τῷ

1896 4432 2171 4503 persecuti
2202 4438 2353 4496 sunt,
2385 4428 2586 4500 inquit,
2616 4436 2671 4483 et
2703 4443 2803 4482 vos
2831 4435 3235 4496 persequentur
3257 4422 3326 4475 ⁸⁸.
3358 4441 3378 4475 ι
3410 4421 3476 4475 Et

197 4526 473 4578 διδάσκειν
508 4518 817 4592 παρρησίαν
868 4519 1343 4591 ἀνασειράζοντας,
1372 4521 1596 4575 καὶτῶν
1630 4522 1791 4575 θείων

204 4614 558 4685 ὲνταλμάτων
596 4612 1058 4681 ὀλιγωρήσαντας,
1111 4611 1432 4682 ἀντέχεσθαι
1481 4612 1537 4664 δὲ
1589 4613 1789 4682 μᾶλλον

203 4709 305 4779 τῆς
346 4709 424 4770 είς
450 4705 711 4773 ἀδελφοὺς
741 4703 981 4774 ἀγάπης,
1012 4704 1104 4757 καὶ
1142 4703 1229 4758 διὰ
1252 4704 1449 4767 παντὸς
1475 4704 1789 4773 ἐπείγεσθαι

205 4799 407 4872 τρόπον
434 4798 556 4861 τοὺς
579 4794 959 4865 πλανωμένους
980 4793 1226 4863 ὠφελεῖν.
1274 4795 1591 4859 Ἀναπείσας
1610 4796 1790 4849 τοίνυν

206 4890 315 4945 ὑπὸ
366 4890 531 4953 πόδας
593 4889 691 4959 τῆς
763 4887 1097 4958 προσκαίρου
1148 4887 1306 4959 δόξης
1351 4888 1626 4957 φείδεσθαι
1688 4889 1789 4959 τῆς

206 4981 505 5052 κοσμικῆς,
588 4980 773 5050 ἕτερόν
840 4996 894 5031 τι
973 4979 1535 5051 προσεπαγωνίζεται,
1598 4980 1795 5051 χρήσι-

212 5074 312 5146 μόν
337 5090 394 5125 τε
418 5074 510 5125 καὶ
535 5072 849 5137 ἀναγκαῖον.
885 5090 903 5122 ι
940 5072 1005 5125 El.
1040 5073 1147 5141 γάρ
1170 5072 1289 5141 ἐμὲ,
1332 5072 1516 5141 φησὶν.
1551 5072 1793 5137 ἐδίωξαν,

209 5165 307 5218 καὶ⁵
343 5164 486 5236 ὑμᾶς
516 5163 781 5229 διώξουσι.
816 5183 833 5213 ι
881 5164 991 5217 Καὶ
1018 5164 1253 5234 συγγενῆ
1296 5164 1394 5234 μὲν
1424 5168 1533 5225 τοῖς
1563 5164 1799 5234 πρώτοις

211 5258 325 5330 ἔχει
356 5256 451 5309 καὶ¹
479 5256 637 5309 τοῦτο
680 5257 779 5325 τὴν
811 5254 1066 5326 θεωρίαν.
1104 5257 1145 5308 Τ
1149 5255 1412 5326 ληπαθεῖν
1466 5257 1509 5309 δ’
1531 5252 1623 5310 οὖν
1649 5258 1799 5327 ὅμως

210 5348 516 5413 ἀναπείθει,
551 5348 644 5402 καὶ
675 5347 783 5401 τῶν
820 5346 1035 5401 ἔσεσθαι
1066 5350 1121 5401 ἐν
1156 5350 1286 5419 ἡμῖν
1320 5347 1796 5420 προσδοκηθέντων

210 5439 575 5509 διαλογισμῶν
614 5443 935 5511 προαναιρεῖ
969 5441 1069 5510 τὴν
1095 5440 1399 5495 ἀσθένειαν.
1421 5436 1529 5493 Ἦν
1562 5441 1660 5510 μὲν
1688 5441 1795 5513 γὰρ

212 5534 316 5587 οῦκ
348 5531 668 5601 ἀμφίϐολον,
693 5533 773 5585 ὅτι
804 5534 923 5595 ταῖς
952 5531 1057 5585 τῶν
1090 5532 1389 5585 διωκόντων
1417 5531 1514 5603 τὴν
1543 5532 1796 5602 ἀλήθειαν

294 5724 339 5763 οδ
364 5720 524 5778 Rom.
556 5738 632 5790 ιι,
663 5720 752 5774 20.
832 5719 876 5752 ’⁵
902 5717 1100 5777 Jcrcm.
1135 5738 1224 5789 xv,
1266 5721 1346 5778 lt).
1422 5723 1506 5780 “l
1540 5724 1666 5780 Cor.
1713 5740 1782 5792 tv,

1883 5728 1909 5779 ι.
1988 5724 2247 5781 "Matth.
2284 5740 2336 5791 ι’,
2379 5726 2432 5781 5.

1898 4530 2013 4581 htec
2045 4523 2264 4595 quidem
2294 4523 2527 4579 similem
2562 4520 2768 4574 habent
2798 4535 2921 4572 cum
2954 4517 3230 4587 prioribus
3254 4524 3481 4570 senten-

1897 4620 2050 4672 tiam.
2093 4615 2355 4670 Tolerare
2400 4613 2582 4681 itaque
2635 4610 2969 4680 persuadet.
3015 4616 3070 4661 et
3113 4621 3303 4659 eorum
3353 4620 3477 4675 quae

1896 4707 2189 4781 cogitaturi
2230 4719 2423 4761 sumus
2465 4703 2841 4757 infirmitatem
2896 4700 3192 4771 praevertit.
3239 4698 3476 4753 Dubium

1894 4803 2103 4873 quippe
2128 4815 2241 4854 non
2270 4808 2391 4854 erat
2414 4798 2545 4868 quin
2566 4795 2880 4852 Servatoris
2910 4793 3197 4863 discipuli,
3231 4790 3288 4846 in
3330 4791 3476 4845 veri-

1892 4895 2021 4951 tatis
2048 4900 2429 4963 persecutores
2461 4889 2791 4952 incidentes,
2824 4888 2942 4942 dira
2974 4901 3208 4956 quaeque
3233 4884 3477 4940 subituri

1891 4995 2120 5044 essent:
2172 5001 2363 5040 verum
2398 4982 2683 5055 probabile
2708 4990 2796 5036 est
2823 4996 2920 5036 eos
2946 4980 3002 5034 in
3036 4980 3283 5033 animum
3317 4978 3478 5033 indu-

1892 5080 2062 5145 xisse,
2096 5093 2223 5132 cum
2256 5077 2325 5132 de
2353 5076 2526 5148 gloria
2558 5075 2765 5130 Christi
2794 5074 2963 5129 verba
2993 5071 3264 5137 facerent,
3297 5070 3477 5125 abun-

1895 5173 2081 5228 dantis
2127 5171 2250 5240 ejus
2295 5168 2690 5225 misericordia:
2725 5182 2784 5223 se
2822 5166 2940 5221 fore
2968 5164 3305 5235 participes,
3339 5161 3477 5217 adeo

1896 5273 1957 5319 ut
1984 5264 2119 5319 nihil
2144 5274 2251 5317 tam
2272 5263 2593 5332 praeclarum
2621 5258 2867 5314 studium
2889 5272 3122 5328 prorsus
3144 5254 3472 5315 retardaret,

1900 5356 1996 5411 sed
2028 5356 2210 5410 omnis
2252 5354 2483 5408 omnino
2523 5351 2791 5405 tumultus
2832 5366 2897 5405 ac
2943 5347 3180 5419 periculi
3223 5354 3475 5415 expertes

1898 5453 2108 5507 essent,
2139 5444 2381 5514 nihilque
2420 5444 2576 5497 triste
2616 5450 2959 5511 paterentur,
2992 5440 3087 5495 sed
3123 5438 3191 5491 ab
3218 5436 3477 5492 omnibus

1900 5537 2301 5601 laudarentur,
2358 5542 2549 5608 utpote
2587 5534 2679 5603 qui
2717 5533 3016 5588 salutarem
3050 5532 3135 5605 eis
3164 5528 3475 5589 doctrinam

2510 5725 2553 5759 ’⁸
2581 5722 2717 5781 Ibid.
2746 5724 2829 5781 10.
