3862 6206
366 182 476 239 Δοό

1390 182 1448 240 s.
1491 175 1770 240 evan.“
1810 177 2283 239 ALEXANDRINI
2319 161 2639 242 ABCHIEP.

3531 159 3655 238 to;

369 299 787 356 annuntiarent.
833 299 903 355 Et
954 298 1070 356 haec
1121 295 1342 372 quidem
1391 314 1490 357 eos
1527 306 1856 372 exspectare
1893 307 1948 355 et

2083 304 2466 373 περιπταίοντες
2495 305 2687 377 ὀργαῖς
2708 302 2801 358 τοῦ
2827 301 3080 376 Σωτῆρος
3097 301 3148 356 οἱ
3179 298 3418 372 μαθηταί⁷
3435 301 3550 364 τοῖς
3578 302 3654 354 ἐκ

368 407 574 462 cupere
623 391 721 448 abs
756 407 818 448 re
866 407 974 447 non
1013 400 1174 458 erat,
1219 393 1312 464 qui
1360 392 1430 447 ad
1466 401 1731 449 aeternam
1779 393 1949 448 vitam

275 480 278 484 ⁸
371 483 512 538 alios
556 497 758 539 vocare
809 484 1110 539 studebant
1160 493 1214 539 et
1254 483 1602 540 auditoribus
1635 483 1950 539 divinarum

371 576 681 641 gratiarum
712 585 967 632 auctores
1007 583 1171 647 atque
1202 577 1409 647 pararii
1442 592 1568 632 esse
1599 577 1948 632 videbantur.

374 665 483 722 Sed
517 682 644 722 cum
681 670 1066 740 unusquisque
1109 670 1166 724 in
1199 684 1320 724 eam
1351 678 1561 741 partem
1597 669 1804 726 feratur
1831 684 1955 740 quae

375 759 619 815 maxime
663 761 906 828 arridet,
948 763 1481 834 eiquevoluptatem
1514 762 1694 829 affert,
1725 762 1955 818 demon-

375 851 665 906 strandum
699 854 883 923 potius
914 863 1032 909 erat
1072 857 1388 927 quicunque
1417 856 1636 912 veritati
1675 858 1955 913 contraria

376 942 661 1010 sentiunt,
697 951 750 1000 et
789 945 948 1002 malis
981 948 1362 1018 voluptatibus
1396 947 1802 1014 succumbunt,
1836 949 1957 1004 bel-

377 1031 490 1085 lum
536 1033 622 1089 eis
675 1034 922 1092 indicere
966 1039 1060 1108 qui
1115 1053 1146 1092 a
1196 1039 1363 1096 rebus
1409 1039 1762 1096 suavissimis
1806 1039 1957 1110 ipsos

377 1126 643 1182 avellunt.
687 1126 800 1185 Nec
847 1130 995 1186 enim
1051 1132 1383 1203 voluptariis
1424 1131 1743 1188 hominibus
1795 1141 1955 1204 grata

377 1227 511 1274 sunt
559 1237 683 1292 quae
731 1237 800 1279 eo
845 1232 1100 1294 spectant
1146 1227 1376 1281 monita.
1422 1225 1754 1282 Necessario
1790 1225 1959 1296 igitur

379 1315 783 1372 ostendendum
827 1328 946 1374 erat
985 1319 1100 1375 fore
1148 1320 1242 1390 qui
1283 1328 1542 1392 tanquam
1586 1319 1956 1376 infensissimi

379 1405 571 1464 hostes
612 1421 1101 1482 persequerentur,
1136 1421 1191 1468 et
1222 1414 1409 1485 plagas
1446 1413 1760 1479 inferrent,
1796 1423 1959 1484 atque

379 1511 544 1554 omne
576 1503 943 1558 tentationum
976 1520 1151 1576 genus
1179 1506 1577 1577 excogitarent.
1607 1506 1767 1577 θοι
1798 1505 1957 1562 Virili

2053 395 2148 449 τοῦ
2203 396 2493 451 διώκεσθαι
2533 395 2955 468 περιπεσοῦνται
3007 394 3219 458 δεινοῖς⁶
3265 393 3382 447 ἀλλ’
3425 389 3498 463 ἦν
3549 392 3655 464 δὴ-

2055 504 2158 540 που
2193 491 2288 541 καὶ
2320 489 2463 559 μάλα
2501 488 2648 552 εἰκὸς
2679 486 3010 557 λογίζεσθαι,
3035 489 3115 542 ὅτι
3137 487 3229 540 τὸν
3249 485 3391 556 ὑπὲρ
3427 484 3532 554 τῆς
3555 484 3652 537 δός

2056 581 2152 653 ξης
2183 581 2420 652 Χριστοῦ
2444 580 2753 652 ποιούμενοι
2783 580 2959 651 λόγον,
3003 579 3221 642 πάντως
3247 595 3352 631 που
3381 576 3657 639 πλουσίας

2054 673 2156 743 τῆς
2175 673 2306 746 παρ’
2336 673 2501 727 αὑτοῦ
2536 672 2820 745 μεθέξουσι
2846 672 3079 743 φειδοῦς,
3109 671 3186 734 ὡς
3220 670 3384 742 μηδὲν
3417 669 3555 732 ὅλως
3586 668 3659 721 τὸ

2056 765 2429 838 παραποδίζον
2477 765 2708 839 ὁρᾶσθαι
2770 765 2906 839 πρὸς
2953 765 3053 837 τὴν
3101 762 3274 826 οὕτως
3318 761 3662 831 ἀξιάγαστον

2057 859 2367 931 προθυμίαν
2420 859 2619 924 αὐτῶν,
2684 858 2911 930 θορύϐου
2968 857 3025 911 δὲ
3083 854 3284 919 παντὸς
3329 854 3424 908 καὶ
3467 851 3662 906 κινδύ-

2057 967 2149 1005 νου
2180 949 2406 1022 όρᾶσθαι
2459 950 2795 1023 κρείττονας,
2851 947 3218 1019 ὑπομένοντας
3258 945 3315 999 δὲ
3353 944 3415 998 τὸ
3461 942 3658 1014 παρά-

2058 1060 2169 1100 παν
2218 1043 2371 1097 οὐδέν
2425 1042 2531 1097 τῶν
2581 1044 2681 1097 ὅσα
2735 1041 2945 1112 πέφυκε
3013 1041 3221 1104 λυτπῖν,
3264 1036 3662 1110 ἐντρυφῶντας

2057 1138 2115 1193 δὲ
2147 1139 2349 1209 μᾶλλον
2385 1139 2506 1200 ταῖς
2534 1135 2688 1208 παρά
2707 1135 2925 1189 πάντων
2952 1136 3160 1205 τιμαῖς,
3193 1132 3291 1186 ἆτε
3327 1131 3392 1203 δὴ
3437 1129 3535 1184 καὶ
3558 1127 3664 1181 τὸν

2061 1232 2328 1303 σωτήριον
2351 1231 2537 1294 αὐτοῖς
2559 1227 2960 1301 πρεσϐεύοντας
2985 1226 3161 1296 λόγον.
3189 1225 3299 1279 Καὶ
3325 1218 3393 1296 ἦν
3427 1223 3527 1294 μὲν
3551 1220 3666 1273 οὐκ

2060 1326 2170 1380 ἀπὸ
2219 1323 2421 1379 σκοποῦ
2448 1321 2544 1377 τοῦ
2591 1321 2913 1394 πρέποντος,
2963 1318 3025 1372 τὸ
3061 1317 3130 1371 τά
3161 1315 3386 1371 τοιαῦτα
3417 1311 3665 1385 προσδο-

2060 1417 2183 1488 κᾷν,
2230 1416 2326 1470 κα)⁵
2377 1417 2435 1469 ἐν
2477 1411 2690 1476 τούτοις
2719 1406 2858 1464 εἶναι
2890 1409 3095 1479 ζητεῖν,
3134 1408 3259 1470 τοὺς
3299 1405 3355 1459 οἴ
3372 1422 3436 1474 γε
3467 1402 3665 1456 καλεῖν

2062 1507 2451 1572 σπουδάζουσιν
2477 1507 2556 1568 είς
2575 1504 2793 1558 αἰώνιον
2817 1503 2984 1575 ζωὴν,
3012 1499 3264 1574 πρόξενοί
3284 1515 3344 1551 τε
3366 1495 3475 1550 τῶν
3500 1493 3666 1564 παρὰ

381 1588 569 1659 itaque
606 1593 798 1649 animo
831 1575 1084 1652 Christus
1127 1611 1222 1652 eos
1260 1575 1386 1652 esse
1414 1597 1595 1668 jubet,
1624 1575 1957 1653 nonﬁcelans

2083 1599 2197 1655 9506
2226 1598 2582 1672 χαρισμάτων
2609 1599 2723 1660 τοῖς
2743 1594 3116 1668 ἀκροωμένοις
3133 1592 3477 1664 ηὑρίσκοντο.
3513 1575 3668 1639 Ἀλλ’

380 1683 526 1749 quod
556 1689 675 1737 erat
707 1695 1058 1756 eventurum,
1096 1689 1190 1745 sed
1221 1705 1288 1744 ex
1325 1705 1393 1745 eo
1417 1664 1586 1760 quod
1625 1689 1783 1760 jubet
1813 1690 1958 1745 virili

2083 1664 2422 1760 :xdﬂou'rﬁ;
2456 1688 2592 1752 ίδίας
2616 1664 2989 1760 προαιρέσεως
3013 1684 3110 1756 τὴν
3129 1683 3302 1756 ῥοπὴν
3323 1680 3406 1748 ἐφ’
3434 1678 3574 1747 ὅπερ
3593 1674 3672 1728 ἂν

381 1784 506 1834 esse
548 1773 754 1839 animo,
800 1777 1106 1846 praedicens
1156 1779 1347 1834 adfore
1387 1787 1796 1849 persecutores.
1845 1799 1863 1832 ι
1898 1779 1957 1835 Si

381 1851 529 1918 edim
561 1880 646 1920 me
671 1869 947 1936 persecuti
993 1878 1144 1937 sunt,
1171 1871 1368 1942 inquit,
1396 1880 1452 1926 et
1494 1887 1592 1928 vos
1615 1887 1963 1944 persequen-

382 1959 496 2008 tur.
513 1953 711 2021 iQuasi
738 1957 980 2014 diceret:
1001 1961 1112 2030 Ego
1135 1961 1378 2016 universi
1404 1962 1610 2032 cpifex,
1627 1961 1786 2034 cujus
1805 1970 1962 2033 pote-

387 2046 518 2099 stati
539 2057 738 2103 cuncta
762 2050 1053 2120 subjacent
1077 2068 1417 2123 quaecunque
1442 2054 1495 2108 in
1512 2055 1652 2111 cmlo
1672 2064 1725 2110 et
1741 2054 1797 2109 in
1813 2063 1965 2110 terra

383 2145 548 2200 sunt,
579 2136 798 2195 frenum
827 2143 1032 2200 animis
1081 2144 1365 2199 hominum
1412 2160 1520 2200 non
1563 2147 1827 2217 imposui,
1862 2161 1966 2202 nec

386 2231 546 2299 quasi
575 2233 752 2304 plagis
784 2244 839 2290 et
867 2237 1189 2293 verberibus
1229 2238 1544 2294 auditorum
1581 2255 1830 2295 meorum
1864 2240 1969 2295 im-

385 2331 574 2392 petum
606 2327 851 2394 coercui,
871 2327 969 2385 sed
992 2329 1268 2400 cujusque
1285 2331 1554 2386 voluntati
1573 2333 1759 2403 potius
1789 2333 1967 2405 quod-

386 2428 608 2487 cunque
636 2417 833 2476 liberet
867 2435 932 2476 ac
961 2421 1143 2479 facere
1167 2423 1331 2479 vellet
1357 2424 1604 2494 permisi.
1633 2424 1702 2480 Et
1740 2427 1963 2498 quidem

387 2519 517 2562 eum
577 2511 1023 2579 persecutionem
1079 2523 1334 2584 paterer,
1392 2515 1669 2582 sustinui,
1718 2518 1972 2587 quamvis

390 2599 543 2656 illius
577 2601 891 2660 inhibenda:
922 2613 1247 2676 potestatem
1281 2607 1565 2664 haberem.
1595 2607 1831 2675 Quando
1876 2625 1971 2666 er-

391 2708 461 2764 go
503 2698 944 2764 persecutionem
1001 2699 1109 2770 ipsi
1170 2715 1395 2772 quoque
1448 2701 1774 2772 patiemini,
1822 2703 1973 2759 illico

390 2782 691 2843 tolerantes
727 2804 953 2844 osorum
989 2792 1358 2857 aversionem,
1395 2807 1498 2847 nec
1531 2793 1602 2848 ob
1630 2807 1824 2849 eorum
1851 2795 1976 2864 qui-

392 2876 500 2932 bus
528 2877 782 2950 Opitulati
813 2879 1032 2936 fueritis
1059 2881 1512 2954 ingratitudinem
1543 2882 1710 2940 nimis
1742 2898 1974 2954 exaspe-

2066 1781 2308 1853 βούλοιτο
2333 1777 2679 1841 διῖθύνοντος,
2697 1772 3144 1848 παρατρέποντός
3170 1788 3231 1824 τε
3257 1769 3393 1840 πρὸς
3414 1767 3474 1820 τὸ
3507 1763 3669 1834 αὐτῷ

2065 1872 2311 1946 θελητὸν,
2341 1869 2640 1942 καῖ’ήδέως
2676 1885 2793 1932 πως
2819 1866 2960 1937 ἕχον,
3008 1857 3492 1932 ἁναδειχθήσεσθαι
3525 1855 3669 1946 p.539-

2063 1966 2156 2020 λον
2184 1945 2319 2024 ἔδει,
2351 1963 2447 2017 καὶ
2471 1960 2706 2030 τοὺςτῆς
2729 1958 2842 2031 [γρ.
2873 1955 2967 2029 τῇ]
2982 1954 3210 2027 ἀληθείᾳ
3234 1949 3568 2023 φρονοῦντας
3591 1945 3666 1998 τὰ

2066 2056 2308 2120 ἐναντία,
2337 2053 2434 2108 καὶ
2451 2051 2837 2124 νενικημένους
2861 2051 2982 2112 ταῖς
3009 2048 3090 2110 εἰς
3117 2045 3176 2100 τὸ
3192 2043 3394 2114 φαῦλον
3421 2041 3668 2112 ἡδοναῖς,

2071 2146 2340 2222 μάχεσθαι
2363 2145 2474 2198 δεῖν
2496 2142 2804 2212 ἐγνωκότας
2829 2141 2942 2204 τοῖς
2973 2137 3026 2192 οἵ
3047 2155 3113 2207 γε
3141 2134 3394 2190 καλοῦσιν
3424 2131 3532 2198 ἔξω
3553 2129 3675 2222 τῶν

2066 2239 2303 2314 ἡδίστων
2343 2237 2563 2301 αὐτούς.
2599 2237 2676 2291 Οὐ
2709 2235 2819 2308 γάρ
2849 2232 3072 2304 θυμὴρη
3115 2230 3227 2292 τοῖς
3263 2224 3570 2297 φιληδόνοις
3595 2221 3672 2276 τὰ

2069 2335 2210 2407 πρὸς
2245 2329 2406 2386 τοῦτο
2450 2329 2715 2401 βλέποντα
2756 2325 3079 2398 μαθήματα.
3119 2319 3233 2374 Ἦν
3282 2314 3375 2373 οῦν
3407 2317 3518 2389 ἄρα
3556 2315 3672 2367 λοι-

2070 2424 2172 2489 τὸν
2223 2421 2475 2492 καθάπερ
2540 2417 2600 2483 ἐξ
2648 2415 2897 2486 ἀνάγκης
2937 2407 3425 2481 ἅναδειχθήσεσθαι
3489 2422 3671 2476 προσ-

2070 2517 2255 2589 δοκᾷν,
2311 2513 2437 2578 τοὺς
2482 2511 2537 2565 οἵ
2577 2527 2642 2580 γε
2700 2511 2759 2563 ἐν
2811 2507 2963 2572 τάξει
3009 2501 3281 2574 πολεμίων
3338 2499 3625 2589 γεγονότες
3649 2537 3666 2560 ,

2072 2607 2321 2678 διώξουσι
2381 2622 2442 2660 τε
2497 2603 2593 2659 καὶ
2661 2600 3095 2661 καταικίσονται,
3169 2595 3264 2649 καὶ
3341 2593 3452 2646 πᾶν
3523 2585 3668 2651 εἶδος

2072 2701 2417 2772 ἐπινοήσουσι
2491 2693 2836 2768 πειρασμῶν.
2905 2689 3192 2763 Ἀνδρείως
3255 2681 3347 2741 οὗν
3399 2685 3510 2756 ἄρα
3567 2682 3668 2772 καὶ

2074 2791 2212 2864 πρὸς
2242 2770 2401 2844 τοῦτο
2438 2786 2585 2858 ἒχειν
2631 2784 2830 2848 αὐτοὺς
2857 2777 3232 2836 διακελεύεται
3255 2774 3528 2846 Χριστὸς,
3556 2770 3663 2824 οὐκ

2075 2882 2366 2952 ἀποφήσας
2403 2881 2487 2933 ὃτι
2528 2876 2908 2949 συμϐήσεταιο
2949 2871 3040 2926 διὰ
3080 2869 3138 2924 δὲ
3167 2867 3262 2922 τοῦ
3288 2865 3492 2940 χρῆναι
3525 2865 3668 2935 μᾶλ-

394 2969 523 3034 rati,
548 2986 726 3026 meum
747 2972 1064 3029 institutum
1091 2984 1385 3046 sequentes
1406 2990 1506 3046 per
1528 2976 1748 3032 easdem
1780 2977 1973 3031 volun-

2083 2975 2170 3029 λον
2203 2972 2435 3043 ὁρᾶσθαι
2474 2969 2760 3032 νεανικοὺς
2789 2965 3102 3020 ἐπιτάττειν
3128 2959 3560 3035 προκηρύττων,
3585 2956 3671 3009 ὅτι

2214 3066 2224 3068 _
2531 3061 2591 3068 _-
2672 3061 2684 3068 .
2763 3061 2776 3068 ι
2835 3059 2852 3068 ι
3023 3057 3036 3068 ι
3129 3057 3142 3068 ι
3159 3055 3207 3068 ιι
3257 3053 3281 3068 μ
3451 3049 3489 3068 ,,\
3529 3049 3545 3068 ο
3567 3067 3573 3068 ,
3586 3067 3593 3068 κ
3612 3048 3638 3068 2
3653 3064 3671 3068 Α

393 3070 538 3117 tates
571 3062 834 3131 incedite,
865 3072 925 3120 ut
953 3073 1010 3122 et
1041 3065 1243 3123 similis
1276 3067 1468 3138 gloriae
1499 3067 1624 3124 sitis
1656 3068 1976 3138 participes.

402 3171 426 3202 ο
457 3151 562 3218 Qui
605 3153 752 3209 enim
799 3155 1245 3226 compatiuntur,
1287 3167 1344 3214 et
1391 3158 1818 3229 conregnabunt
1851 3159 1918 3214 ’9.
1955 3177 1975 3211 ›

397 3241 535 3299 Cum
567 3256 751 3302 autem
790 3247 944 3302 addit
980 3248 1209 3304 tertium
1233 3289 1250 3313 ,
1284 3249 1549 3306 nimirum
1585 3269 1600 3305 :
1639 3269 1658 3303 ι
1685 3249 1744 3305 Si
1771 3265 1982 3308 sermo-

397 3352 522 3393 nem
556 3353 740 3394 meum
787 3347 1182 3408 servaverunt,
1206 3348 1262 3397 et
1288 3349 1536 3397 vestrum
1572 3343 1875 3398 servabunt
1899 3342 1978 3408 ,⁸)

397 3430 746 3501 despondere
783 3447 880 3489 eos
933 3433 1120 3490 animo
1169 3449 1282 3490 non
1333 3435 1502 3502 sinit,
1554 3435 1601 3491 si
1648 3433 1986 3506 quandoque

399 3523 706 3580 doctrinam
763 3540 921 3581 suam
961 3525 1188 3582 videant
1247 3541 1362 3582 non
1399 3526 1592 3598 recipi.
1627 3525 1788 3594 Quod
1833 3535 1986 3583 recte

398 3617 620 3684 quidem
659 3616 812 3673 facit.
853 3618 1148 3674 Existimat
1184 3619 1332 3674 enim
1381 3619 1476 3689 qui
1519 3619 1587 3674 ad
1635 3619 1688 3674 id
1737 3620 1986 3675 muneris

400 3709 648 3768 delectus
680 3719 766 3768 est
798 3711 988 3767 irritos
1021 3727 1146 3768 esse
1173 3727 1304 3768 suos
1332 3712 1584 3776 labores,
1625 3711 1735 3768 nisi
1764 3713 1983 3768 audito-

402 3819 495 3860 res
534 3803 916 3874 obtemperare
956 3804 1128 3860 velint
1169 3804 1286 3860 suis
1319 3804 1698 3860 sermonibus.
1733 3802 1843 3860 Sed
1871 3820 1986 3860 non

403 3897 485 3952 ita
523 3911 612 3952 res
640 3904 767 3964 est;
802 3911 964 3952 nemo
997 3897 1103 3953 hoc
1134 3898 1240 3953 sibi
1276 3897 1630 3968 persuadeat.
1661 3896 1799 3952 Nam
1834 3906 1987 3970 post-

405 4005 571 4059 quam
603 3990 888 4046 consultor
919 4005 1104 4046 rerum
1143 3990 1360 4045 utilium
1397 3991 1768 4062 cognitionem
1813 3993 1980 4047 semel

404 4083 678 4154 exposuit,
711 4082 858 4153 quod
890 4082 945 4137 in
967 4098 1026 4138 se
1053 4091 1173 4138 erat
1198 4082 1460 4154 praestitit
1486 4100 1501 4135 :
1534 4085 1680 4153 quod
1707 4083 1986 4147 reliquum

403 4185 509 4236 est,
542 4177 600 4229 in
629 4174 911 4229 voluntate
937 4174 1253 4230 auditorum
1285 4183 1372 4231 est
1404 4175 1670 4246 positum.
1705 4174 1814 4231 Eos
1836 4177 1986 4231 enim

403 4266 473 4322 ad
505 4266 654 4338 quod
684 4268 922 4339 quisque
945 4267 1079 4323 velit
1107 4280 1432 4324 convertere
1463 4268 1681 4324 facilius
1711 4277 1799 4325 est
1820 4285 1986 4340 quam

2084 3066 2435 3138 παρέσονται.
2478 3081 2497 3116 ι
2531 3061 2595 3116 Εἰ
2623 3061 2731 3134 γὰρ
2760 3059 2882 3131 ἐμὲ,
2912 3057 3099 3129 φησὶν,
3127 3053 3372 3120 ἐδίωξαν,
3399 3049 3497 3105 καὶ
3520 3048 3674 3118 ὑμᾶς

2083 3159 2390 3224 διώξουσιν.
2423 3175 2442 3209 ι
2499 3157 2643 3210 Ἴσον
2687 3155 2763 3216 ὡς
2803 3154 2853 3206 εί
2883 3151 3068 3221 ἔλεγεν
3091 3167 3105 3181 ·
3157 3145 3301 3215 Ἐγὼ
3337 3143 3446 3198 τῶν
3471 3141 3613 3196 ὅλων
3642 3140 3676 3194 ὁ

2086 3251 2336 3321 ποιητὴς,
2355 3250 2383 3303 ὁ
2411 3249 2589 3303 πάντα
2610 3247 2715 3301 ὑπὸ
2737 3248 2895 3318 χεῖρα
2917 3243 3078 3315 ἔχων,
3101 3241 3170 3297 τά
3194 3258 3254 3293 τε
3276 3241 3333 3293 ἐν
3348 3237 3426 3307 τῷ
3452 3232 3677 3307 οὐρανῷ

2086 3343 2183 3396 καὶ
2214 3341 2282 3395 τὰ
2310 3341 2405 3394 ἐπὶ⁷
2431 3339 2531 3410 τῆς
2559 3340 2685 3409 γῆς,
2711 3339 2770 3391 ού
2804 3336 3020 3408 χαλινὸν
3045 3333 3294 3404 ἐπέθηκα
3320 3331 3432 3394 τοῖς
3454 3327 3672 3398 θυμοῖς,

2085 3434 2207 3488 οὐδὲ
2235 3433 2498 3506 καθεῖρξα
2540 3431 2793 3504 καθάπερ
2826 3431 3032 3493 αἰκίαις
3077 3427 3140 3480 τὸ
3190 3424 3422 3480 ἑκάστου
3461 3423 3678 3491 κίνημα

2085 3525 2194 3579 τῶν
2221 3524 2614 3597 ἀκροωμένων,
2649 3523 2831 3594 ἐφῆκα
2860 3522 2918 3576 δέ
2955 3519 3158 3593 μᾶλλον
3177 3521 3245 3589 τῇ
3281 3516 3514 3571 ἑκάστου
3538 3530 3674 3584 προ-

2087 3619 2296 3690 αιρέσει
2327 3617 2387 3672 τὸ
2425 3617 2645 3671 ἑλέσθαι
2677 3615 2739 3670 τδ
2767 3614 2978 3680 δοκοῦν,
3007 3615 3205 3685 δρᾶσαι
3234 3611 3293 3664 δὲ
3326 3610 3356 3662 ὃ
3388 3608 3442 3662 τί
3469 3624 3578 3677 περ
3607 3603 3678 3659 ἂν

2090 3712 2353 3785 βούλοιτο.
2403 3711 2517 3764 Καὶ
2561 3708 2694 3779 γοῦν
2720 3707 3055 3779 διωκόμενος
3089 3702 3455 3776 ἐκαρτέρουν,
3493 3698 3675 3752 καίτοι

2087 3805 2181 3859 τοῦ
2223 3803 2559 3858 διακωλῦσαι
2597 3802 2737 3873 ἔχων
2769 3801 2868 3872 τὴν
2914 3799 3184 3867 ἐξουσίαν.
3221 3798 3395 3851 Ὅταν
3437 3789 3532 3847 οῦν
3565 3793 3674 3864 ἀρα

2088 3897 2361 3970 διώκησθε
2409 3895 2506 3950 καὶ
2571 3894 2728 3948 αὐτοὶ
2779 3889 3273 3963 διακαρτεροῦντες
3330 3885 3675 3958 παραχρῆμα

2088 3990 2188 4062 τὴν
2215 3989 2327 4044 τῶν
2361 3986 2663 4060 μισούντων
2689 3983 3040 4057 ἀποτροπὴν,
3093 3982 3229 4053 μηδέ
3277 3978 3676 4050 δυσφοροῦντες

2090 4083 2230 4154 ἄγαν
2269 4083 2362 4137 ἐπὶ¹
2401 4083 2522 4145 ταῖς
2549 4078 2898 4151 ἀχαριστίαις
2934 4076 3043 4130 τῶν
3069 4072 3464 4145 ὠφελουμένων
3485 4112 3500 4137 ,
3540 4086 3678 4122 κατ-

2089 4175 2215 4229 όπιν
2241 4175 2340 4245 τῆς
2369 4173 2509 4244 ἐμῆς
2540 4173 2708 4235 ἰόντες
2733 4168 3046 4239 οἰκονομίας
3065 4209 3080 4232 ,
3115 4165 3203 4219 διὰ
3235 4165 3345 4218 τῶν
3376 4163 3559 4218 αὐτῶν
3585 4161 3677 4232 ἐρ-

2091 4269 2252 4341 χεσθε
2305 4267 2663 4338 θελημάτων,
2719 4264 2806 4317 ἵνα
2853 4261 3079 4331 καὶτῆς
3121 4257 3315 4329 ὁμοίας
3364 4254 3678 4328 μετάσχητε

403 4359 473 4413 ad
511 4359 838 4430 obsequium
861 4399 878 4424 ,
919 4366 1015 4413 aut
1040 4367 1256 4414 eontra.
1297 4359 1536 4415 Strenue
1568 4361 1756 4431 itaque
1786 4359 1973 4416 debent

2092 4363 2270 4433 δόξης.
2297 4379 2315 4412 ι
2339 4362 2402 4415 Ol.
2422 4360 2531 4431 γὰρ
2554 4356 2970 4429 συμπάσχοντες
2997 4353 3091 4407 καὶ
3109 4349 3630 4423 συμϐασιλεύσουσι.
3652 4365 3672 4398 ι

402 4466 591 4507 rerum
626 4451 961 4522 optimarum
992 4451 1246 4522 magistri
1290 4458 1346 4507 et
1405 4451 1499 4522 qui
1535 4466 1660 4507 cum
1696 4451 1802 4507 fide
1828 4452 1991 4524 perli~

403 4556 535 4598 cere
563 4557 727 4612 posse
757 4542 1010 4598 tribuunt
1040 4558 1163 4613 quae
1192 4543 1330 4599 alias
1360 4559 1470 4599 non
1504 4558 1806 4614 possumus
1835 4558 1990 4600 asse-

405 4635 503 4706 qui
530 4676 545 4703 ,
578 4637 742 4692 etiam
765 4635 1076 4707 desperatis
1099 4636 1412 4692 doctrinam
1442 4651 1548 4708 qua
1577 4636 1763 4708 juvari
1787 4647 1990 4707 queant

407 4731 657 4786 inserere
689 4729 896 4785 virtute
939 4729 1143 4785 divina.
1191 4729 1347 4796 Quod
1376 4730 1599 4800 quidem
1633 4729 1843 4785 factum
1873 4731 1991 4786 sive

408 4830 559 4879 recte
588 4822 976 4878 adumbratum
1008 4821 1065 4877 in
1098 4822 1194 4877 illa
1223 4822 1616 4880 distributione
1643 4823 1986 4880 talentorum

407 4915 833 4984 comperiemus.
863 4912 965 4969 Hic
991 4913 1139 4968 enim
1166 4915 1355 4970 decem
1382 4917 1665 4984 accepisse
1688 4914 1989 4986 reperitur,

406 5006 500 5062 ille
528 5005 772 5077 quinque
792 5047 808 5073 ,
857 5005 1002 5062 alius
1038 5014 1227 5062 autem
1270 5006 1381 5062 duo
1402 5050 1416 5074 ,
1463 5015 1518 5062 et
1547 5005 1694 5062 alius
1722 5015 1988 5078 praeterea

405 5111 618 5164 unum,
658 5098 757 5169 qui
790 5106 1161 5153 mercaturam
1202 5097 1385 5154 facere
1435 5114 1677 5155 renuens
1720 5099 1986 5155 talentum

405 5189 562 5245 humi
589 5187 805 5244 infodit.
828 5187 1176 5260 Proindeque
1199 5189 1390 5245 audit:
1427 5209 1446 5242 ‹
1478 5189 1650 5247 Serve
1670 5206 1907 5262 nequam
1937 5200 1991 5247 et

407 5284 587 5356 piger,
603 5281 850 5354 oportuit
868 5290 921 5336 te
945 5283 1286 5339 committere
1309 5283 1596 5354 pecuniam
1617 5299 1792 5340 meam
1824 5300 1990 5340 num-

407 5375 662 5432 mulariis
687 5417 702 5443 ,
733 5382 790 5431 et
819 5374 1048 5431 veniens
1091 5390 1195 5446 ego
1233 5376 1571 5445 recepissem
1605 5377 1803 5448 utique
1841 5377 1989 5447 quod

407 5481 592 5523 meum
639 5475 760 5534 est,
802 5480 928 5521 cum
977 5480 1148 5522 usura
1178 5467 1218 5520 ‘.
1254 5486 1274 5520 ι
1321 5467 1801 5535 Quemadmodum
1841 5469 1986 5526 enim

478 5648 524 5680 ’³
549 5649 595 5705 ιι
623 5652 764 5709 Tim.
792 5669 853 5723 tt,
889 5653 976 5709 1'2.
1076 5648 1303 5706 l.‘llattb.
1341 5665 1468 5717 xxv,
1494 5646 1584 5702 εδ.

2093 4454 2362 4529 Προσθεὶς
2406 4453 2464 4506 δὲ
2497 4451 2595 4506 καὶ
2629 4450 2812 4520 τρίτον
2833 4488 2848 4513 ,
2891 4467 2908 4500 ι
2940 4448 3004 4500 Ei
3026 4445 3120 4498 τὸν
3147 4443 3307 4512 λόγον
3340 4460 3442 4513 μου
3477 4442 3678 4510 ἐτήρη-

2097 4565 2196 4602 σαν
2217 4588 2230 4610 ,
2272 4545 2370 4600 καὶ
2415 4545 2505 4598 τὸν
2534 4544 2803 4615 ὑμέτερον
2832 4542 3190 4612 τηρήσουσιν,
3221 4556 3241 4588 ι
3277 4535 3503 4604 ἀθύμως
3533 4533 3680 4602 ἔχειν

2094 4637 2195 4690 οὒκ
2228 4637 2295 4708 ἐᾷ
2342 4635 2418 4706 μὴ
2470 4631 2904 4704 παραδεχθείσης
2954 4627 3136 4682 αὐτῶν
3181 4627 3278 4696 τῆς
3323 4621 3676 4686 διδασκαλίας

2093 4729 2205 4784 ἔσθ’
2237 4730 2346 4783 ὅτε.
2393 4729 2547 4782 Ποιεῖ
2587 4725 2646 4780 δέ
2683 4724 2890 4796 σφόδρα
2931 4720 3024 4775 καὶ
3066 4718 3226 4773 τοῦτο
3252 4716 3454 4780 καλῶς.
3491 4715 3674 4770 Οἴεται

2097 4821 2198 4894 μὲν
2227 4820 2336 4890 γὰρ
2366 4820 2395 4872 ό
2428 4819 2565 4888 πρὸς
2593 4816 2753 4870 τοῦτο
2786 4808 3326 4885 προκεχειρισμένος,
3359 4808 3443 4861 ὃτι
3501 4808 3679 4861 πόνων

2095 4912 2306 4980 ὑπέστη
2343 4909 2574 4981 ζημίαν,
2605 4909 2654 4961 εἰ
2685 4907 2760 4979 μὴ
2790 4903 3066 4977 βούλοιντό
3099 4919 3246 4965 τινες
3271 4902 3386 4963 τοῖς
3423 4901 3556 4970 παρ’
3579 4899 3676 4953 αύ-

2093 5005 2190 5059 τοῦ
2222 5001 2508 5058 πείθεσθαι
2539 5001 2718 5069 λόγοις
2744 5014 2758 5029 ·
2789 4997 2852 5051 τὸ
2873 4997 2930 5051 δέ
2948 4996 3048 5068 οὐχ
3079 4992 3252 5057 οὓτως
3282 4991 3426 5062 ἐχειο
3467 4990 3545 5062 μὴ
3570 4989 3678 5061 γὰρ

2091 5100 2155 5171 δή
2181 5115 2264 5161 τις
2289 5095 2483 5150 οἰέσθω
2510 5094 2694 5148 ποθέν.
2739 5088 2994 5162 Είρηκὼς
3021 5087 3132 5159 γὰρ
3162 5083 3309 5150 ἅπαξ
3338 5083 3433 5139 καὶ
3463 5081 3564 5154 τὴν
3585 5081 3676 5136 τοῦ

2097 5190 2473 5262 συμφέροντος
2496 5186 2699 5257 γνῶσιν
2727 5185 2756 5236 ὸ
2787 5182 3090 5255 σύμϐουλος
3121 5177 3407 5251 παραθεὶς,
3443 5175 3583 5246 ὅπερ
3610 5171 3675 5245 ἦν

2097 5287 2155 5338 ἐν
2187 5282 2335 5353 αὐτῷ
2360 5280 2518 5335 τοῦτο
2561 5280 2657 5334 καὶ
2686 5277 2934 5351 δέδρακε·
2977 5275 3220 5329 κείσεται
3263 5270 3450 5324 λοιπὸν
3475 5271 3536 5322 ἐν
3555 5271 3671 5330 ταῖς

2101 5377 2214 5432 τῶν
2246 5373 2612 5448 ἀκροωμένων
2645 5371 2914 5443 γνώμαις.
2969 5365 3286 5440 Τραπέσθαι
3325 5364 3435 5434 γὰρ
3477 5361 3668 5423 αὐτοὺς

2096 5472 2182 5541 ἐφ’
2210 5471 2348 5542 ὅπερ
2373 5468 2602 5531 ἕκαστος
2628 5465 2798 5520 ἐθέλει
2832 5463 3010 5535 ῥάδιον
3040 5463 3074 5527 ἠ
3104 5460 3218 5531 [γρ.
3239 5455 3299 5531 ἦ]
3333 5455 3469 5528 πρὸς
3494 5451 3669 5508 sumi-
