3862 6206
176 228 289 290 «τε

1193 221 1260 277 IN
1297 220 1583 278 JOANNIS
1617 216 2066 275 EVANGELIUM
2108 216 2235 272 LIB.
2277 215 2347 271 X.

3329 200 3436 257 ιοδ

180 346 356 411 σειαν,
387 344 422 415 ἢ
441 343 503 398 τὸ
528 340 788 397 ἐναντίον.
839 340 955 395 Ούκ
985 339 1322 409 ἀποκνητέον
1364 332 1457 393 οῦν
1486 338 1596 409 ἀρα
1639 336 1751 396 τοῖς
1779 381 1783 391 .

1889 332 2132 402 gricolae,
2161 340 2309 386 terra
2336 334 2522 383 aratro
2551 322 2832 397 proscissa
2884 318 3141 389 factaque
3167 322 3433 372 semente.

180 436 291 489 τῶν
310 435 551 506 ἀρίστων
571 434 912 504 εἰσηγηταῖς,
936 431 997 485 τὸ
1018 431 1113 485 καὶ
1131 430 1475 499 ἀπεγνωκόσι
1504 428 1595 482 τὸν
1614 427 1757 497 ὠφε-

183 525 298 578 λεῖν
325 526 623 596 δυνάμενον
650 525 954 595 ὲνσπείρειν
978 523 1135 593 λόγον
1163 525 1229 593 τῇ
1254 522 1376 592 θείᾳ
1392 520 1638 591 δυνάμει,
1665 520 1758 573 καὶ

186 616 254 670 τά
270 620 405 688 ἡμῖν
424 618 524 671 οὐκ
547 616 743 686 ἐφικτὰ
763 615 1023 670 δύνασθαι
1040 614 1338 684 κατορθοῦν
1358 612 1497 684 μετά
1522 613 1758 675 πίστεως

186 708 581 777 ἀπονέμουσιν,
614 706 643 760 ὃ
669 705 733 777 δὴ
763 705 858 759 καὶ
889 705 1130 774 γεγονὸς,
1160 705 1282 775 ἦτοι
1314 702 1493 764 καλῶς
1514 703 1759 772 ἐσχημα-

186 797 445 864 τισμένον
478 797 574 850 καὶ
604 798 662 850 ὲν
690 798 811 859 ταῖς
836 794 945 848 τῶν
967 795 1249 850 ταλάντων
1280 794 1562 864 διανομαῖς
1596 791 1766 863 εὑρή-

190 905 375 957 σομεν.
414 889 473 941 '0
498 887 599 958 μὲν
622 887 728 959 γὰρ
748 886 1058 957 εὑρίσκεται
1075 886 1206 940 δέκα
1224 883 1426 949 λαϐὼν,
1445 885 1475 937 ό
1507 882 1565 937 δὲ
1582 882 1764 947 πέντε,

186 983 219 1035 ὀ
245 982 307 1035 δὲ
336 980 458 1046 δύο,
488 981 583 1035 καὶ
616 981 754 1053 πρὸς
785 980 994 1045 τούτοις
1022 980 1103 1035 ἔτι
1130 981 1192 1035 τὸ
1225 980 1313 1045 ἓν,
1350 979 1409 1044 ὃς
1442 978 1507 1049 δὴ
1539 979 1635 1033 καὶ
1666 979 1769 1049 ὲμ-

190 1071 567 1142 πορεύσασθαι
589 1071 1049 1143 παραιτούμενος,
1070 1072 1351 1142 κατέχωσε
1378 1072 1477 1142 μὲν
1501 1071 1562 1124 τὸ
1580 1070 1772 1124 τάλαν-

189 1181 287 1218 τον
321 1164 401 1227 εἰς
446 1164 545 1236 τὴν
586 1164 709 1235 γῆν.
764 1164 1003 1217 Ἤκουσε
1046 1163 1104 1217 δὲ
1143 1163 1233 1217 διὰ
1281 1162 1477 1216 τοῦτο’
1512 1180 1531 1213 ι
1558 1160 1773 1231 Πονηρὲ

190 1252 350 1305 δοῦλε
398 1253 492 1305 καὶ
534 1252 764 1323 όκνηρὲ,
805 1253 914 1306 ἔδει
944 1269 1005 1305 σε
1048 1251 1230 1323 βαλεῖν
1270 1251 1332 1306 τὸ
1373 1250 1636 1323 ἀργύριόν
1670 1270 1771 1322 μου

191 1346 310 1408 τοῖς
358 1344 747 1415 τραπεζὲαις,
815 1342 972 1413 κάγὼ
1013 1341 1180 1398 ἐλθὼν
1216 1343 1561 1415 ἐκομισάμην
1606 1342 1673 1397 ἂν
1713 1342 1774 1396 τὺ

192 1435 329 1506 ἐμὸν
361 1437 458 1489 σὺν
481 1436 645 1507 τόκῳ.
674 1456 693 1489 ι
724 1436 931 1507 Ὅνπερ
958 1434 1070 1507 γὰρ
1097 1435 1298 1506 τρόπον
1326 1434 1376 1488 οἱ
1405 1434 1541 1505 πρὸς
1577 1433 1647 1487 τὰ
1675 1434 1776 1505 τῆς

193 1527 465 1597 γηπονίας
510 1527 648 1600 ἔργα
688 1528 1158 1599 γεγυμνασμένοι,
1203 1526 1299 1581 καὶ
1334 1527 1523 1581 τοῦτον
1558 1526 1776 1598 ἔχοντες

193 1616 289 1668 τὸν
341 1617 544 1671 σκοπὸν
566 1658 581 1681 ,
628 1617 1021 1689 ἀνατέμνοντες
1064 1619 1177 1680 τοῖς
1221 1616 1473 1688 ἀρότροις
1513 1615 1612 1688 τὴν
1650 1617 1773 1688 γῆν,

1856 440 1967 479 non
1998 423 2114 491 jam
2142 436 2258 477 suae
2287 418 2499 490 peritia:
2529 415 2738 485 reliqua
2777 410 3064 473 tribuunt,
3101 407 3195 464 sed
3236 405 3437 459 divinat

1856 515 2120 587 potestati
2150 513 2466 583 relinquunt
2486 508 2670 579 potius
2694 512 2748 560 et
2764 504 2976 575 gratiae,
2995 515 3191 570 nempe
3223 495 3436 553 semina

1860 618 2020 665 terra:
2045 606 2303 662 mandata
2329 603 2602 668 radicare,
2626 600 2790 671 902
2819 605 2873 653 ct
2901 598 2956 651 in
2992 592 3292 666 perfectam
3319 589 3435 643 l-ru-

1862 718 1982 774 gem
2008 702 2246 757 educare
2288 717 2304 754 :
2352 699 2435 754 sic
2470 695 2709 758 arbitror
2747 704 2932 747 rerum
2962 689 3229 743 bonarum
3258 681 3436 752 magi-

1862 807 2039 852 strum
2059 792 2365 848 doctrinam
2394 789 2659 844 duntaxat
2689 781 2956 853 impertiri
2985 779 3206 842 debere,
3238 783 3439 831 cmtera

1864 902 1995 942 vero
2028 884 2137 939 Deo
2178 882 2511 952 relinquere.
2552 876 2872 933 Remedium
2922 873 3111 942 itaque
3159 867 3441 924 solvendae

1866 976 2310 1051 pusillanimitati
2341 982 2397 1029 et
2430 971 2665 1044 pigritiae
2705 967 3145 1023 adhortationem
3192 960 3438 1015 adhibet.

1866 1070 1947 1127 Ne
1983 1066 2289 1141 gravemini
2319 1065 2543 1135 quippe,
2574 1062 2671 1124 ait,
2705 1074 2871 1129 porro
2898 1057 3117 1119 docere,
3148 1054 3280 1109 licet
3311 1054 3441 1123 qui-

1870 1165 1993 1218 dam
2022 1159 2190 1218 semel
2227 1155 2495 1212 admoniti
2522 1153 2830 1210 doctrinam
2862 1149 2967 1205 sibi
3006 1147 3262 1204 traditam
3304 1158 3443 1197 con-

1869 1260 2157 1317 temnant;
2206 1249 2301 1305 sed
2347 1261 2471 1301 cum
2519 1260 2671 1300 meas
2715 1256 2937 1313 quoque
2965 1254 3132 1295 voces
3177 1252 3209 1291 a
3255 1234 3444 1290 multis

1872 1342 2201 1414 quandoque
2227 1337 2546 1409 repudiatas
2576 1333 2844 1396 cernatis,
2870 1330 3042 1385 nolite
3070 1342 3237 1400 supra
3266 1341 3443 1380 meam

1871 1436 2103 1508 gloriam
2132 1432 2349 1497 eﬂ‘crri,
2383 1430 2477 1488 sed
2512 1430 2566 1485 in
2612 1430 2721 1483 hoc
2748 1441 2950 1481 rursus
2983 1438 3125 1495 pone
3155 1435 3446 1478 remanen-

1872 1538 1977 1593 tes,
2022 1528 2264 1582 animum
2305 1539 2373 1579 ne
2409 1520 2827 1593 despondeatis.
2860 1518 2976 1573 lloc
3013 1523 3198 1571 autem
3234 1513 3449 1568 discere

1874 1621 2033 1677 valde
2059 1618 2435 1676 necessarium
2468 1622 2587 1671 erat
2616 1614 2827 1669 sanctis
2855 1609 3123 1682 apostolis
3144 1648 3161 1675 ,
3195 1606 3325 1677 quia
3353 1619 3451 1674 per

194 1703 318 1761 εἶτα
357 1707 437 1780 τῷ
474 1708 627 1780 βώλῳ
656 1708 748 1764 τὸν
797 1686 996 1781 σπόρον
1022 1686 1397 1779 ἐγχώσαντες,
1436 1686 1625 1762 οὐκέτι
1656 1686 1775 1771 ταῖς

1887 1710 2194 1766 universum
2234 1706 2424 1762 orbem
2465 1703 2790 1759 constitutis
2834 1699 3152 1755 hominibus
3201 1696 3447 1751 divinum

193 1801 414 1855 ἑαυτῶν
445 1802 763 1873 ἐμπειρίαις
790 1802 1127 1873 ἀπονέμουσι
1160 1800 1230 1854 τά
1266 1800 1449 1866 λοιπά,
1479 1802 1545 1872 τῇ
1573 1800 1631 1854 δὲ
1657 1799 1781 1871 θείᾳ

200 1893 408 1966 μᾶλλον
452 1896 811 1967 ἐπιτρέπουσι
835 1894 1063 1965 δυνάμει
1095 1895 1191 1947 καὶ
1219 1895 1436 1967 χάριτι,
1467 1893 1528 1947 τὸ
1553 1893 1780 1965 ῥιζῶσαι

198 2002 348 2056 φημι
378 1984 439 2039 τὸ
477 1986 813 2056 καταϐληθὲν
847 1984 941 2039 καὶ
983 1986 1066 2050 είς
1093 1985 1306 2056 καρπὸν
1347 1984 1649 2056 ἀναθρέψαι
1688 1984 1781 2037 τὸν

196 2076 427 2131 τέλειον⁸
448 2077 619 2143 οὓτως
640 2073 792 2149 οἶμαι
808 2077 918 2132 δεῖν
937 2077 1027 2131 τὸν
1042 2076 1151 2132 τῶν
1177 2076 1465 2147 βελτίστων
1485 2078 1781 2148 εἰσηγητὴν

197 2165 481 2239 διανέμειν
509 2168 687 2237 μόνως
715 2169 806 2223 τὸν
843 2169 1021 2238 λόγον,
1053 2168 1264 2237 ἐφεῖναι
1287 2185 1351 2237 γε
1391 2167 1498 2240 μὴν
1522 2169 1592 2223 τὰ
1620 2168 1783 2222 λοιπὰ

201 2257 285 2328 τῷ
308 2259 448 2330 Θεῷ.
475 2261 767 2333 Φάρμακον
795 2257 886 2317 οῦν
909 2261 1019 2333 ἀρα
1050 2260 1416 2332 μικροψυχίας
1442 2278 1504 2315 τε
1534 2261 1629 2316 καὶ
1647 2262 1784 2333 ἀκη-

202 2351 326 2412 δίας
357 2351 572 2407 λυτικὸν
601 2355 796 2423 ἐπάγει
830 2356 945 2418 τοῖς
981 2354 1175 2407 ἑαυτοῦ
1212 2354 1483 2425 μαθηταῖς
1505 2356 1534 2408 ὁ
1568 2354 1781 2424 Σωτὴρ,

205 2443 303 2498 καὶ
330 2443 431 2515 τὴν
459 2445 552 2498 ἐπὶ
577 2445 751 2517 τούτῳ
774 2445 1117 2518 παραίνεσιν.
1139 2445 1231 2516 Μὴ
1257 2444 1366 2516 γάρ
1390 2445 1456 2516 δὴ
1478 2449 1781 2511 κατοκνεῖν,

207 2535 406 2605 φησὶν,
451 2535 638 2589 ἓλεσθέ
675 2555 805 2590 ποτε
840 2537 1115 2592 διδάσκειν
1145 2536 1228 2591 ἔτι
1250 2578 1264 2603 ,
1300 2537 1395 2591 καὶ
1427 2539 1476 2590 εί
1498 2537 1606 2591 τῶν
1635 2537 1787 2603 ἅπαξ

207 2627 681 2697 νενουθετημένων
724 2630 867 2694 τινὲς
909 2630 1098 2685 οὐδένα
1136 2633 1374 2683 ποιοῖντο
1399 2630 1498 2702 τῆς
1533 2630 1785 2703 δοθείσης

206 2718 393 2783 αὐτοῖς
416 2719 764 2784 διδασκαλίας
790 2720 883 2777 τὸν
904 2720 1057 2790 λόγον
1080 2736 1094 2751 ·
1124 2720 1534 2793 ἀπαραδέκτους
1556 2721 1787 2795 δὲπαρά

211 2809 430 2873 πολλοῖς
476 2810 572 2865 καὶ
612 2811 711 2877 τὰς
759 2810 900 2883 ὲμάς
930 2812 1040 2866 ἔσθ’
1073 2812 1162 2865 ὅτε
1199 2812 1381 2881 φωνὰς
1415 2812 1784 2883 εὑρίσκοντες,

212 2896 290 2967 μὴ
317 2899 416 2969 τῆς
438 2899 578 2971 ὲμῆς
599 2900 981 2973 ύπερτείνεσθε
1002 2901 1179 2973 δόξης,
1206 2904 1310 2956 κάν
1338 2903 1513 2974 τούτῳ
1537 2904 1597 2957 δὲ
1625 2905 1786 2958 πάλιν

210 2987 444 3041 κατόπιν
476 2989 745 3059 μένοντες,
762 2991 824 3047 τὸ
846 2992 1009 3045 δυσθυ
1017 2995 1139 3063 μεῖν
1159 2993 1574 3063 ἀποπέμπεσθε.
1593 2995 1785 3063 ’Δναγ-

208 3081 475 3152 καιοτάτη
517 3081 576 3135 δὲ
620 3082 886 3155 τούτωνὴ
917 3082 1153 3155 μάθησις
1180 3078 1249 3155 ἦν
1292 3086 1406 3148 τοῖς
1453 3084 1629 3155 ἁγίοις
1657 3088 1793 3140 ἀπο-

214 3172 457 3238 στόλοις,
530 3173 761 3247 ὲπείπερ
805 3173 1029 3245 ἔμελλον
1072 3175 1421 3248 διακηρύξειν
1464 3180 1576 3241 τοῖς
1622 3179 1795 3232 ἀπαν-

213 3265 356 3335 ταχῆ
386 3265 478 3317 τὸν
507 3264 650 3319 θεῖόν
692 3283 752 3318 τε
795 3267 890 3319 καὶ
922 3268 1187 3339 σωτήριον
1216 3268 1394 3333 λόγον.
1465 3270 1575 3322 Καὶ
1608 3270 1740 3339 γοῦν
1765 3273 1795 3325 ὁ

217 3356 507 3422 θεσπέσιος
531 3358 744 3423 Παῦλος
763 3400 778 3425 ,
820 3361 916 3413 ἀτε
949 3359 1012 3431 δὴ
1042 3360 1178 3431 πρὸς
1208 3361 1514 3433 ἀποστολὴν
1540 3363 1627 3417 διὰ
1658 3366 1795 3436 Χρι-

219 3450 347 3503 στοῦ
396 3452 932 3523 προκεχειρισμένος,
960 3451 1198 3517 τοιοῦτός
1248 3471 1332 3518 τις
1380 3455 1512 3525 ἡμῖν
1556 3456 1797 3525 γεγονὼς

220 3544 575 3613 κατεφαίνετο
594 3584 609 3609 ,
654 3545 747 3599 καὶ
772 3545 861 3599 διὰ
883 3546 982 3616 τῆς
1026 3546 1085 3599 ἐν
1116 3544 1326 3610 τούτοις
1356 3546 1604 3618 ἀνδρείας
1640 3546 1800 3619 ἐρχό-

223 3652 386 3706 μενος
410 3636 604 3706 ὁρᾶται
634 3635 913 3698 πολλάκις.
943 3636 1068 3690 ’Ότι
1095 3636 1203 3710 γὰρ
1232 3637 1327 3691 καὶ
1356 3636 1659 3706 φιλοδοξίας
1693 3655 1795 3691 κα-

219 3730 512 3797 ταφρονεῖν
532 3728 669 3798 ῷετο
693 3728 822 3790 δεῖν,
850 3727 1066 3796 ἀλογεῖν
1086 3728 1140 3781 δὲ
1166 3729 1368 3799 σφόδρα
1394 3729 1492 3783 καὶ
1516 3729 1799 3801 διωγμῶν,

219 3819 462 3871 ἐποιεῖτο
503 3819 561 3871 δὲ
591 3819 721 3890 περὶ
747 3816 942 3871 πολλοῦ
964 3856 980 3882 ,
1032 3818 1128 3871 καὶ
1155 3818 1217 3871 τὸ
1255 3819 1331 3889 μὴ
1369 3818 1491 3872 λίαν
1520 3821 1801 3886 ὲκκακεῖν,

225 3909 323 3962 καί
354 3908 409 3960 εί
438 3909 539 3961 πού
572 3925 715 3973 τινες
747 3908 885 3972 ὅλως
912 3908 1002 3961 τὸν
1031 3908 1178 3972 ἅπαξ
1208 3909 1391 3974 αὐτοῖς
1424 3910 1803 3984 ἐγκατεσπαρ-

228 4001 392 4071 μένον
427 4002 486 4055 ού
523 4002 889 4074 παρεδέξαντο
920 4002 1096 4071 λόγον,
1126 4002 1309 4074 ῥᾴδιον
1339 4004 1629 4069 ἐπιδεῖξαι.
1662 4008 1805 4081 Γρά-

227 4111 320 4160 φει
346 4092 456 4165 γὰρ
483 4095 618 4165 πρός
646 4109 824 4158 τινας·
882 4113 899 4143 ι
938 4094 1130 4164 Ὑμεῖς
1173 4093 1426 4165 φρόνιμοι
1474 4095 1533 4147 ὲν
1559 4098 1803 4169 Χριστῷ,

1878 1812 1934 1861 et
1978 1803 2280 1861 salutarem
2332 1812 2645 1856 sermonem
2702 1794 3001 1866 praedicare
3046 1789 3337 1846 debebant.
3384 1785 3453 1839 Et

1879 1894 2103 1972 quidem
2157 1892 2379 1948 divinus
2419 1889 2646 1953 Paulus,
2674 1894 2864 1957 utpote
2915 1900 3011 1954 per
3061 1881 3343 1937 Christum
3383 1878 3451 1932 ad

1879 1968 2245 2056 apostolatum
2281 1982 2516 2045 electus,
2550 1978 2680 2033 talis
2710 1975 2873 2031 nobis
2905 1975 3055 2029 visus
3098 1979 3203 2035 est,
3234 1985 3299 2024 ac
3336 1968 3454 2040 pari

1880 2077 2050 2133 animi
2080 2076 2285 2131 virtute
2330 2073 2597 2145 praeditus
2634 2085 2779 2140 saepe
2818 2067 3088 2123 cernitur.
3118 2062 3279 2130 Quod
3305 2060 3454 2117 enim

1882 2172 2100 2227 inanem
2129 2167 2360 2238 gloriam
2392 2162 2850 2221 contemnendam
2881 2168 3140 2230 putaret,
3186 2164 3240 2212 et
3270 2169 3458 2226 perse-

1882 2262 2139 2318 cutiones
2166 2258 2322 2313 nihili
2347 2256 2651 2319 faciendas,
2688 2269 2864 2324 neque
2891 2250 3172 2306 ferendum
3200 2245 3457 2303 acerbius

1881 2356 1926 2413 si
1954 2354 2045 2425 qui
2079 2353 2265 2407 forsan
2299 2348 2407 2405 sibi
2436 2348 2743 2418 dispersum
2774 2358 3082 2401 sermonem
3115 2356 3225 2396 non
3261 2353 3449 2396 susce-

1881 2448 2097 2519 pissent
2120 2484 2135 2508 ,
2168 2442 2330 2497 facile
2358 2447 2443 2495 est
2476 2438 2792 2495 ostendere.
2829 2435 3038 2490 Scribit
3068 2433 3213 2488 enim
3252 2430 3320 2485 ad
3357 2429 3460 2482 ali—

1881 2556 2059 2614 quos:
2096 2560 2114 2592 (
2144 2539 2253 2593 Vos
2283 2536 2577 2607 prudentes
2603 2534 2659 2588 in
2689 2532 2934 2593 Christo,
2960 2543 3059 2582 nos
3085 2531 3266 2579 autem
3299 2522 3458 2578 stulti

1884 2610 2108 2704 propter
2136 2629 2417 2685 Christum
2454 2644 2468 2680 :
2502 2638 2605 2678 nos
2633 2620 2836 2675 infirmi
2862 2660 2878 2685 ,
2906 2632 3007 2671 vos
3029 2620 3211 2668 autem
3240 2610 3411 2666 fortes
3443 2629 3458 2663 :

1884 2702 2287 2794 nosiignohiles
2315 2761 2329 2784 ,
2376 2733 2476 2773 vos
2507 2726 2688 2771 autem
2727 2711 2960 2766 nobiles.
3002 2706 3193 2777 Usque
3223 2704 3279 2759 in
3319 2702 3463 2757 hanc

1885 2816 2077 2870 horam
2115 2820 2170 2869 et
2214 2812 2463 2873 sitimus,
2515 2815 2570 2862 et
2609 2804 2887 2861 esurimus
2913 2805 2955 2855 ³.
2990 2819 3008 2851 ι
3053 2798 3118 2851 Ει
3150 2804 3414 2869 praeterea
3446 2812 3462 2848 :

1889 2926 1908 2958 ι
1956 2904 2241 2974 Tanquam
2268 2907 2652 2971 purgamenta,
2688 2893 2887 2964 inquit,
2917 2890 3084 2959 hujus
3116 2887 3301 2942 mundi
3336 2884 3465 2938 facti

1815 3026 1865 3086 ο
1893 3013 2118 3059 sumus,
2147 2994 2390 3048 omnium
2416 2989 2721 3060 peripsema
2750 3001 2925 3055 usque
2962 2982 3139 3038 adhuc
3164 2980 3206 3034 ³.
3243 2997 3260 3029 ι
3298 2973 3467 3031 Vides

1898 3099 1957 3144 ut
1986 3086 2338 3158 Splendorem
2386 3091 2441 3137 et
2481 3081 2708 3151 gloriam
2758 3075 2948 3132 mundi
2995 3079 3217 3145 superet
3252 3077 3470 3140 propter

1893 3182 2099 3239 Christi
2118 3176 2483 3234 mandatum?
2512 3172 2813 3228 Strenuum
2843 3176 3024 3222 autem
3050 3165 3105 3219 in
3128 3158 3470 3234 persecutio-

1894 3276 2058 3330 uibus
2086 3271 2328 3326 animum
2359 3265 2656 3337 prazfercns
2685 3262 2864 3316 aiebat
2892 3276 2905 3313 :
2962 3275 2981 3308 ι
3012 3255 3151 3323 Quis
3185 3267 3285 3307 nos
3315 3265 3473 3320 sepa-

1894 3366 2040 3422 rabit
2073 3379 2104 3418 a
2133 3350 2404 3417 ch‘aritate
2430 3355 2675 3412 Christi?
2703 3349 3011 3407 Tribulatin
3030 3388 3045 3412 ,
3082 3362 3149 3400 an
3180 3342 3433 3415 angustia
3454 3378 3471 3404 ,

1896 3472 1964 3512 an
1996 3452 2304 3528 persecutio
2326 3490 2342 3513 .
2376 3465 2444 3504 an
2479 3448 2651 3502 fames
2681 3485 2696 3509 ,
2748 3458 2816 3497 an
2850 3441 3072 3496 nuditas
3097 3479 3111 3504 ,
3155 3452 3224 3490 an
3256 3435 3473 3506 pericu-

1898 3523 2047 3614 lurn,
2083 3561 2149 3600 an
2191 3540 2491 3615 gladius‘?
2528 3558 2546 3590 ι
2586 3535 2728 3604 Quin
2761 3533 2928 3589 etiam
2966 3532 3031 3585 ad
3076 3528 3214 3583 alios
3242 3523 3474 3581 scribit:

1906 3661 1924 3694 ι
1964 3639 2164 3695 Eadem
2196 3635 2353 3691 vobis
2393 3633 2577 3687 dicere
2602 3669 2617 3693 ,
2664 3625 2800 3682 mihi
2826 3623 3048 3696 quidem
3082 3635 3191 3675 non
3222 3618 3439 3690 pigrum
3460 3654 3475 3679 ,

1899 3733 2059 3788 vobis
2098 3737 2282 3785 autem
2332 3721 2706 3781 necessarium
2733 3719 2777 3773 '.
2817 3737 2835 3770 ι
2889 3714 2997 3771 Sed
3038 3720 3092 3768 et
3134 3711 3201 3766 ad
3253 3709 3476 3764 Galatas

1903 3835 2164 3896 prteterea
2196 3840 2210 3876 :
2257 3840 2275 3871 ‹
2307 3816 2486 3871 Filioli
2511 3814 2616 3869 mei
2647 3853 2662 3877 ,
2693 3826 2831 3882 quos
2856 3810 3055 3863 iterum
3086 3803 3351 3876 parturio,
3376 3798 3474 3851 do-

1903 3894 2006 3971 nec
2036 3913 2301 3967 formetur
2325 3906 2580 3963 Christus
2608 3903 2665 3957 in
2692 3900 2850 3955 vobis
2870 3899 2945 3952 ⁸.»
2981 3894 3153 3950 Audis
3181 3907 3289 3963 quo
3316 3897 3477 3960 pacto

1904 4010 2155 4067 eumdem
2190 4003 2421 4074 impigre
2451 4010 2760 4056 sermonem
2791 3992 3025 4062 repetit,
3078 3986 3255 4059 primo
3286 3996 3481 4050 nempe

1906 4118 2019 4159 non
2048 4099 2293 4155 admisso
2321 4135 2337 4159 ,
2382 4103 2438 4150 et
2474 4104 2675 4147 rursus
2702 4088 2841 4142 alios
2873 4083 3145 4155 parturire
3174 4095 3231 4133 se
3255 4077 3354 4139 ait,
3381 4074 3482 4128 do-

224 4188 392 4255 ἡμεῖς
424 4186 479 4239 δὲ
522 4186 696 4258 μωροὶ
737 4186 825 4240 διὰ
852 4184 1116 4258 Χριστόν
1165 4185 1326 4255 ἡμεῖς
1356 4185 1624 4253 ἀσθενεῖς,
1649 4189 1783 4260 ὑμεῖ.

1908 4209 2011 4251 nec
2053 4192 2110 4247 in
2153 4189 2233 4246 eis
2283 4185 2541 4244 formatio
2570 4180 2776 4237 Christi
2803 4174 3130 4234 elucescat?
3164 4170 3356 4226 Sermo
3389 4182 3485 4219 au-

227 4277 287 4331 δὲ
321 4278 561 4349 ίσχυροί·
599 4280 762 4349 ἡμεῖς
796 4276 1010 4347 ἀτιμοι,
1058 4274 1217 4347 ὑμεῖς
1266 4276 1323 4330 δὲ
1356 4276 1580 4345 ἔνδοξοι.
1640 4282 1806 4353 ’Λχρι

1911 4294 2022 4342 tem
2053 4282 2109 4338 id
2134 4279 2361 4337 omnino
2409 4284 2630 4348 praestat
2653 4313 2669 4338 ,
2717 4270 2998 4327 auditores
3027 4265 3093 4320 ad
3123 4263 3217 4318 Dei
3246 4274 3486 4315 amorem

226 4370 330 4440 τῆς
356 4370 480 4442 ἄρτι
520 4369 669 4443 ὥρας
701 4369 796 4424 καὶ
841 4366 1148 4438 πεινῶμεν,
1199 4367 1294 4421 καὶ
1337 4368 1602 4441 διψῶμεν.
1635 4389 1655 4424 ι
1704 4375 1783 4428 Κα

1887 4385 1893 4420 l
1918 4386 1973 4434 et
2005 4374 2073 4430 ad
2101 4371 2309 4429 Christi
2339 4368 2634 4439 imaginem
2659 4379 2756 4435 per
2784 4360 2942 4417 ﬁdem
2981 4356 3313 4413 reformans.

228 4469 315 4523 ἔτι
340 4465 501 4519 πάλιν
527 4466 622 4519 ἐπὶ
647 4464 857 4528 τούτοις
875 4481 889 4496 ο
930 4482 949 4516 ι
988 4463 1076 4527 Ὠς
1100 4461 1589 4535 περικαθάρματα,
1654 4472 1840 4539 φησὶν,
1880 4454 2218 4543 ἐγενήθημεν
2237 4465 2331 4520 τοῦ
2353 4463 2581 4536 κόσμου,
2598 4460 2814 4515 πάντων
2832 4453 3120 4527 περίψημα
3170 4447 3276 4511 ἓως
3295 4445 3438 4517 ἄρτι.
3464 4460 3484 4495 ι

240 4564 410 4635 Ὁρᾷς
436 4562 584 4623 ὅπως
608 4556 677 4628 ἦν
710 4556 959 4619 εὐκλείας
983 4555 1221 4625 ἀμείνων
1258 4557 1533 4627 κοσμικῆς
1550 4596 1565 4618 ,
1604 4557 1695 4613 διὰ
1713 4562 1810 4635 τὴν
1848 4565 1941 4623 τοῦ
1963 4540 2216 4634 Σωτῆρος
2236 4558 2487 4627 ὲντολήνς
2508 4556 2582 4608 Τὸ
2608 4553 2664 4607 δὲ
2691 4550 2934 4622 γενναῖον
2958 4549 3015 4599 ἐν
3075 4542 3334 4613 διωγμοῖς
3390 4540 3496 4621 an:

233 4630 478 4724 Wallicwv
511 4652 663 4720 ἔλεγε
687 4666 701 4681 ⁸
740 4669 769 4702 ο
791 4649 887 4713 Τίς
912 4649 1059 4720 ἡμᾶς
1079 4648 1303 4720 χωρίσει
1366 4645 1474 4701 ἀπὸ
1538 4647 1636 4717 τῆς
1688 4630 1911 4726 ἀγάπης
1942 4654 2037 4708 τοῦ
2066 4630 2339 4724 Χριστοῦ;
2386 4646 2577 4716 Θλίψις
2596 4683 2611 4708 ,
2642 4643 2674 4713 ἢ
2704 4636 3062 4709 στενοχωρία,
3091 4634 3125 4705 ἢ
3157 4631 3424 4703 διωγμὸς,
3454 4630 3489 4703 ἢ

232 4747 415 4818 λιμὸς.
440 4745 474 4816 ἢ
504 4743 799 4814 γυμνότης,
830 4742 863 4813 ἢ
897 4741 1158 4804 κίνδυνος,
1181 4739 1214 4811 ἦ
1244 4738 1489 4809 μάχαιρα
1509 4755 1525 4804 ;
1546 4757 1564 4789 ι
1584 4740 1788 4812 Γράφει
1896 4746 1990 4799 καὶ
2018 4744 2246 4814 ἑτέροις,
2277 4741 2358 4793 ὅτι
2380 4759 2398 4790 ι
2421 4739 2503 4792 Τά
2530 4734 2669 4789 αὐτά
2694 4732 2896 4801 λέγειν,
2928 4728 3051 4801 ἐμοὶ
3080 4727 3185 4818 μὲν
3200 4725 3301 4779 ούκ
3327 4725 3492 4794 ὀκνη-

237 4806 367 4912 ρόν,
404 4806 531 4907 ὑμῖν
690 4806 951 4902 ἀσφαλές.
984 4850 1002 4883 ι
1058 4806 1357 4884 Ἀλλά
1419 4806 1689 4893 Ταλάτατις
1711 4806 1724 4812 ’
1749 4831 1832 4886 ἔτι
1857 4849 1874 4865 ο
1922 4853 1941 4887 ι
1974 4806 2177 4886 Τεκνία
2210 4806 2314 4901 μου
2364 4826 2459 4891 οὓς
2493 4824 2653 4885 πάλιν
2687 4821 2897 4884 ὠδίνω,
2930 4818 3086 4888 ἄχρις
3129 4806 3190 4870 οῦ
3228 4813 3493 4887 μορφωθῇ

235 4904 475 5005 ᾖὶριστδς
502 4930 559 4982 ὲν
587 4928 736 4997 ὑμῖν.
769 4944 787 4977 ι
832 4922 1077 4987 Ἀκούεις
1100 4922 1249 4985 ὃπως
1271 4917 1576 4973 ἀοκνότατα
1602 4921 1702 4991 μὲν
1724 4924 1814 4979 τὸν
1851 4925 2013 4980 αὐτὸν
2052 4921 2347 4979 ἀνακυκλεῖ
2379 4920 2571 4989 λόγον,
2618 4915 2677 4968 ού
2732 4908 3163 4983 παραδεχθέντος
3230 4907 3339 4977 ἄρα
3397 4904 3493 4958 τοῦ

235 5000 481 5096 πρώτου,
516 5020 610 5074 καὶ
638 5020 696 5072 ἐν
725 5019 924 5091 ἀρχαῖς
957 5015 1262 5085 γεγονότος,
1296 5013 1391 5066 καὶ
1425 5008 1493 5066 αὖ
1524 5013 1709 5068 ὠδῖναί
1740 5033 1893 5082 τινας
1921 5015 1979 5074 εῦ
2030 5018 2177 5090 μάλα
2209 5016 2409 5089 φησὶν,
2440 5013 2598 5084 ἄχρις
2638 5009 2703 5064 ἂν
2766 5008 2823 5060 ὲν
2865 5005 3048 5068 αὐτοῖς
3109 5003 3143 5073 ὴ
3212 5000 3498 5072 μόρφωσις

236 5088 537 5186 ἀναλάμψῃ
582 5088 857 5181 Χριστοῦ;
893 5108 1066 5177 Λόγος
1092 5106 1149 5159 δὲ
1176 5104 1395 5167 πάντως
1456 5105 1487 5157 ὁ
1544 5102 1738 5158 τούτου
1790 5088 2122 5183 δημιουρῨδς
2160 5106 2516 5162 ἀναπλάττων
2565 5101 2645 5163 είς
2696 5095 2975 5173 φιλοθεῖαν
3031 5091 3127 5148 καὶ
3198 5093 3279 5155 είς
3313 5088 3497 5143 εἰκόνα

238 5205 480 5282 Χριστοῦ
501 5203 589 5258 διὰ
610 5202 712 5273 τῆς
740 5201 977 5263 πίστεως
1013 5197 1141 5260 τοὺς
1170 5193 1586 5267 ἀκροωμένους.

326 5296 506 5352 Ἀλλὰ
550 5294 736 5349 ταῦτα
778 5291 976 5346 πάντα
1016 5287 1387 5355 ποιήσουσιν
1432 5285 1578 5356 ὑμῖν
1623 5286 1723 5341 διὰ
1753 5288 1819 5344 τὸ

239 5388 436 5460 ὄνομά
455 5406 597 5459 μου,
631 5386 719 5440 ὅτι
743 5387 855 5440 οὐκ
881 5383 1081 5439 οἴδασι
1107 5380 1216 5434 τὸν
1245 5378 1568 5448 πέμψαντά
1598 5397 1697 5449 με.

318 5480 434 5555 οὐχ
454 5478 648 5551 ἑτέραν
680 5474 897 5529 ἔσεσθαι
929 5474 1040 5540 τοῖς
1064 5470 1344 5526 δυσσεϐεῖν
1369 5469 1648 5542 ἑλομένοις
1679 5472 1822 5528 κατά

321 5656 546 5733 ,³10οτ.
573 5671 652 5726 ιν,
688 5655 772 5726 to,
802 5653 889 5709 ll.
965 5649 1145 5707 ‘lbid.
1176 5650 1265 5708 l5.
1357 5648 1555 5705 ‘Rom.
1599 5662 1719 5715 νιιι,
1745 5648 1837 5704 35.

1995 5284 2115 5353 XV,
2153 5284 2244 5339 2!.
2288 5282 2393 5340 Sed
2422 5281 2531 5335 haec
2564 5278 2744 5334 omnia
2774 5276 2969 5346 facient
2998 5274 3141 5329 vobis
3169 5280 3378 5341 propter
3407 5287 3495 5324 no-

1927 5395 2045 5432 men
2076 5392 2281 5440 meum,
2317 5375 2441 5441 quia
2476 5370 2713 5426 nesciunt
2748 5384 2865 5422 eum
2902 5365 2992 5437 qui
3029 5365 3173 5418 misit
3214 5378 3315 5416 me.

1998 5467 2220 5523 Nullum
2254 5466 2423 5520 alium
2456 5464 2526 5520 iis
2554 5461 2650 5533 qui
2684 5460 2739 5515 in
2771 5468 2996 5514 sanctos
3026 5454 3309 5528 apostolos

1923 5663 1938 5691 ν
1960 5645 2193 5718 Philipp.
2222 5659 2303 5712 ιιι,
2332 5643 2383 5699 l.
2461 5643 2481 5674 '
2507 5639 2685 5699 Galat.
2719 5655 2792 5704 ιν,
2826 5636 2917 5693 l9.
