3868 6200
187 258 291 315 109

1261 262 1333 319 ΙΝ
1367 262 1658 321 JOANNIS
1697 266 2155 327 EVANGELIUM
2200 268 2327 324 LIB.
2373 269 2440 324 Χ.

3345 266 3452 325 410

180 378 516 447 ⁴ὴγνοηκὸτες
537 377 841 435 ἁλώσονται
869 379 963 434 καὶ
1002 381 1152 451 αὐτῷ
1184 384 1484 453 μαχόμενοι
1510 383 1588 453 τῷ
1620 385 1765 454 πέμ-

1894 396 2093 456 gnorat
2121 388 2216 458 qui
2254 389 2441 453 misit,
2482 386 2649 442 simul
2680 386 2843 441 etiam
2881 385 3053 442 Deum
3091 386 3348 457 ignorat,
3398 394 3453 439 et

180 466 345 535 φαντί
368 486 436 538 με
462 486 477 534 ;
501 471 598 523 Διά
623 471 732 541 γὰρ
759 470 856 524 τοῦ
886 472 1224 541 πέμπεσθαι
1255 473 1455 542 λέγειν,
1481 474 1610 543 ὃλην
1632 478 1763 546 ἡμῖν

1872 479 2161 535 missionis
2196 480 2503 535 contemnit
2536 481 2885 550 mysterium.

182 558 281 625 τῆς
311 557 451 627 μετά
480 560 680 630 σαρκὸς
707 562 1019 631 οἰκονομίας
1047 564 1347 631 εἰσκομίζει
1378 564 1476 633 τὴν
1502 565 1754 635 δήλωσιν.
1807 568 1866 621 '0
1894 570 1951 622 δὲ
1981 571 2272 641 ⁴ίίγνοηκὼς
2301 572 2395 625 τὸν
2462 570 2756 642 πέμψαντα
2779 610 2795 635 ,
2851 570 2947 624 καὶ
3009 571 3142 625 Θεὸν
3188 570 3456 642 ἠγνόηκεν

186 651 239 703 ἐν
262 653 445 723 ταυτῷ
462 697 476 718 ,
513 654 607 706 καὶ
633 656 695 707 τὸ
716 655 816 723 τῆς
839 656 1146 726 ἀποστολῆς
1166 657 1422 728 ἀτιμάζει
1449 661 1767 729 μυστήριον.

255 748 325 800 Ei
356 747 445 815 μὴ
476 746 791 817 ἦλθον-,καὶ
806 749 1085 817 ἐλάλησα
1109 751 1315 817 αὐτοῖς
1346 752 1643 822 ἁμαρτίαν
1664 755 1777 807 οὐκ

190 838 474 905 ειχοσαν·
510 839 628 893 νῦν
664 840 734 893 δὲ
773 842 1077 911 πρόφασιν
1110 845 1222 896 οὐκ
1263 843 1479 912 ἔχουσι
1509 844 1777 913 περὶτῆς

185 932 475 999 ἁμαρτίας
504 931 723 987 αὐτῶν.

255 1024 389 1093 Διχῆ
430 1024 650 1095 νοητέον
671 1025 730 1078 τὸ
762 1026 828 1078 ἐκ
859 1024 968 1078 τῶν
998 1025 1380 1097 προκειμένων
1412 1028 1780 1099 ὑποδηλούμεο

188 1132 298 1168 νον.
348 1116 412 1168 Ei
448 1117 558 1186 γὰρ
597 1116 764 1170 οἴοιτό
796 1133 882 1180 τις
910 1118 1073 1187 τυχὸν
1101 1119 1241 1189 πρὸς
1282 1118 1555 1190 Ἕλληνάς
1584 1138 1643 1173 τε
1681 1120 1775 1173 καὶ

200 1206 494 1270 Ἰουδαίους
524 1207 615 1260 τὸν
640 1208 733 1261 ἐπὶ
757 1207 935 1279 τούτῳ
962 1208 1216 1277 γενέσθαι
1247 1209 1403 1277 λόγον
1424 1251 1439 1276 ,
1470 1211 1644 1264 ἐκεῖνό
1673 1227 1776 1279 φα-

193 1315 312 1367 μεν,
340 1298 415 1362 ὡς
442 1300 491 1351 εί
516 1300 591 1372 μὴ
630 1299 875 1369 ἐγεγόνει
904 1301 1040 1371 πρὸς
1069 1302 1317 1366 ἃπαντας
1340 1303 1467 1365 τοὺς
1494 1302 1654 1366 ὄντας
1682 1304 1776 1357 ἐπὶ

188 1392 290 1463 τῆς
318 1395 425 1463 γῆς
455 1393 515 1446 τὸ
554 1394 696 1447 θεῖόν
723 1411 784 1446 τε
816 1394 912 1447 καὶ
937 1393 1188 1463 οὐράνιον
1215 1395 1477 1465 κήρυγμα
1500 1436 1516 1459 ,
1541 1394 1686 1465 φημὶ
1714 1393 1779 1465 δὴ

193 1486 255 1538 τὸ
289 1484 665 1553 εὐαγγελικὺν,
701 1486 1097 1557 παραδεικνύον
1126 1485 1343 1555 ἑκάστῳ
1371 1486 1470 1556 τῆς
1501 1485 1774 1556 σωτηρίας

196 1578 293 1645 τὴν
325 1578 477 1644 ὁδὸν,
529 1577 625 1632 καὶ
649 1578 720 1633 τά
748 1578 848 1649 τῆς
872 1578 1222 1649 δικαιοσύνης
1244 1578 1383 1649 ἔργα
1414 1578 1774 1631 καταλευκαῖ-

196 1686 286 1722 νον
306 1710 321 1731 ,
351 1665 420 1740 ἦν
452 1669 521 1723 ἀν
546 1669 676 1733 ἴσως
704 1670 921 1740 ἑκάστῳ
944 1670 1099 1739 λόγος
1125 1670 1225 1724 οὐκ
1257 1670 1488 1740 ἀσθενὴς
1510 1671 1591 1732 εἰς
1629 1685 1774 1739 παρ-

1947 750 2063 815 κγ,
2106 752 2199 807 2‘2.
2241 752 2304 808 Si
2333 769 2435 807 non
2460 753 2752 814 venissem,
2778 760 2829 806 et
2859 752 3068 805 locutus
3098 751 3314 820 fuissem
3341 755 3447 815 eis,

1876 855 2156 914 peccatum
2196 862 2301 900 non
2340 846 2594 901 haberent
2620 861 2638 898 :
2675 861 2813 899 nunc
2850 854 3027 899 autem
3061 846 3455 900 excusationem

1873 953 1978 991 non
2005 936 2201 989 habent
2229 937 2293 990 de
2316 946 2533 1004 peccato
2557 952 2673 991 suo.

1948 1027 2251 1098 Dupliciter
2286 1028 2376 1082 hic
2411 1028 2567 1083 locus
2607 1027 3006 1096 intelligendus
3053 1035 3162 1083 est.
3220 1026 3279 1081 Si
3329 1027 3457 1095 quis

1873 1121 2020 1175 enim
2079 1119 2265 1175 forsan
2307 1119 2589 1174 existimet
2626 1118 2693 1174 ad
2734 1118 2959 1175 Graecos
2993 1127 3048 1175 et
3084 1116 3305 1173 Judazos
3343 1118 3457 1173 hac

1875 1214 2040 1268 verba
2078 1214 2355 1282 pertinere
2378 1252 2393 1274 ,
2429 1210 2668 1267 dicimus
2697 1212 2845 1282 quod
2880 1211 2989 1266 nisi
3024 1212 3090 1265 ad
3124 1225 3317 1265 omnes
3342 1226 3460 1263 om-

1874 1304 2010 1359 nino
2044 1304 2300 1359 homines
2334 1304 2525 1358 divina
2553 1310 2609 1359 et
2638 1304 2882 1358 caelestis
2915 1302 3265 1373 praedicatio.
3295 1316 3460 1356 evan-

1879 1397 2055 1466 gelica
2085 1397 2345 1451 nimirum
2369 1436 2384 1462 ,
2416 1396 2564 1451 facta
2590 1403 2772 1462 esset,
2815 1396 3123 1451 ostendens
3158 1394 3461 1462 unicuique

1879 1488 2027 1541 viam
2083 1488 2322 1553 salutis,
2372 1494 2426 1542 et
2473 1486 2708 1556 iustitia:
2741 1501 2908 1557 opera
2954 1486 3277 1554 explicans,
3313 1493 3462 1540 esset

1881 1580 2071 1636 forsan
2102 1580 2326 1636 virtutis
2358 1578 2842 1649 contemptoribus
2890 1577 3271 1633 excusationis
3315 1578 3463 1631 ratio

1882 1690 1991 1728 non
2058 1672 2314 1738 infirma,
2362 1671 2515 1743 quod
2574 1671 2798 1743 penitus
2856 1672 3115 1741 ignorent
3166 1668 3299 1740 quid
3348 1667 3460 1724 Deo

193 1762 413 1833 αίτησιν
435 1762 547 1816 τῶν
585 1763 645 1816 οὐ
679 1762 883 1834 σφόδρα
907 1762 1310 1833 φιλεργοῦντων
1356 1764 1436 1825 εἰς
1461 1761 1663 1834 ἀρετὴν
1682 1799 1699 1826 ν
1737 1763 1771 1832 ἢ

1886 1766 2106 1833 placeat,
2153 1763 2388 1833 ideoque
2419 1761 2640 1815 veniam
2672 1770 2855 1831 petere
2902 1760 3136 1830 possint.
3186 1760 3324 1813 Cum
3359 1773 3460 1811 au-

191 1849 301 1902 τῶν
344 1850 690 1920 ἀρεσκόντων
731 1852 852 1923 Θεῷ
898 1852 1170 1921 παντελὴς
1217 1851 1462 1923 ἀμαθία·
1498 1852 1671 1923 ταύτῃ
1696 1868 1778 1904 τοι

194 1938 528 2009 συγγνώμης
563 1938 844 2005 ἀξιοῦσθαι
876 1944 1236 2013 παρακαλεῖν.
1299 1942 1518 2014 Ἐπειδὴ
1549 1944 1605 1996 δὲ
1640 1943 1779 2013 πρὸς

194 2031 443 2095 ἅπαντας
472 2034 502 2087 ό
527 2034 625 2104 τῆς
655 2035 993 2104 εἰσηγήσεως
1035 2033 1193 2102 λόγος
1222 2033 1557 2103 πεποίηται,
1606 2031 1687 2095 τίς
1711 2033 1777 2085 ἂν

193 2127 280 2194 εἴη
321 2126 507 2179 λοιπὸν
554 2125 583 2179 ό
615 2126 714 2196 τῆς
756 2127 1141 2196 παραιτήσεως
1184 2125 1375 2192 λόγος,
1428 2124 1664 2194 ἢποίοις
1711 2122 1777 2176 ἂν

194 2214 461 2287 χρήσαιτό
500 2233 584 2279 τις
608 2216 745 2285 πρὸς
776 2214 866 2268 τὸν
890 2214 1140 2286 κρίνοντα
1173 2214 1351 2284 λόγοις
1371 2254 1385 2276 ,
1422 2215 1517 2268 ἐπὶ
1549 2216 1661 2277 τοῖς
1691 2214 1776 2266 αῖ-

197 2308 439 2378 σχίστοις
492 2307 629 2377 μετά
668 2309 765 2375 τὴν
805 2306 1006 2375 γνῶσιν
1032 2305 1571 2378 σκατηγορούμενοςς
1617 2307 1680 2359 Εἰ
1721 2306 1779 2359 δὲ

195 2401 325 2470 περὶ
356 2400 533 2469 μόνων
564 2398 715 2466 λέγοι
737 2400 886 2452 τουτὶ
907 2400 1013 2451 τῶν
1060 2398 1326 2451 Ἰουδαίων
1359 2402 1387 2452 ὁ
1421 2398 1647 2470 Κύριος,
1682 2397 1779 2450 an

192 2492 259 2563 δὴ
298 2493 395 2545 καὶ
422 2491 683 2555 πολλάκις
713 2493 1142 2563 ἀκροασαμένων
1181 2491 1542 2554 διδάσκοντος,
1572 2492 1665 2544 καὶ
1690 2491 1779 2542 οὐ·

190 2584 281 2638 δὲν
307 2584 656 2654 ἠγνοηκότων
684 2584 793 2639 τῶν
814 2586 914 2638 ὅσα
945 2584 1321 2638 διεκελεύσατο
1348 2587 1565 2655 φρονεῖν
1597 2602 1655 2637 τε
1685 2584 1779 2637 καὶ

191 2677 352 2748 δρᾷν,
389 2675 581 2747 ἐκδέξῃ
608 2676 854 2729 τοιῶσδε·
887 2678 998 2747 Τῆς
1032 2677 1130 2746 μὲν
1162 2677 1432 2747 ὑμετέρας
1449 2677 1548 2729 οὐκ
1574 2675 1782 2740 ἀνέξον-

192 2785 286 2821 ται
315 2768 456 2823 διδαι
473 2768 693 2831 καλίας,
738 2770 936 2839 φησὶν,
988 2769 1268 2822 ἐποίσουσι
1306 2769 1362 2821 δὲ
1415 2770 1777 2838 πειρασμοὺς,

195 2861 294 2915 καὶ
312 2860 607 2932 διωγμοὺς,
622 2862 717 2915 καὶ
733 2863 840 2915 πᾶν
862 2857 999 2924 εἶδος
1022 2862 1152 2930 ὑμῖν
1169 2862 1322 2931 ἐννοή
1332 2877 1482 2914 σουσι
1507 2860 1778 2929 θορύϐων,

195 2954 294 3007 καὶ
335 2955 417 3016 είς
464 2956 617 3023 μῖσος
661 2954 844 3008 ἄδικον
887 2956 949 3006 ἐκ
1004 2953 1231 3024 πικρίας
1287 2951 1779 3022 ἀνακαυθήσονται,

196 3044 585 3115 πλημμέλημα
617 3045 715 3115 μὲν
747 3045 899 3099 οὐδὲν
927 3045 1137 3115 ἔχοντες
1169 3046 1343 3097 εἰπεῖν
1366 3084 1381 3109 ,
1419 3042 1780 3111 ἐγκαλοῦντες

1882 1863 1989 1913 tem
2024 1853 2293 1909 doctrinas
2325 1868 2509 1908 sermo
2539 1852 2608 1906 ad
2638 1866 2835 1907 omnes
2871 1852 3177 1921 pertineat,
3206 1864 3459 1919 quaenam

1881 1946 2099 2001 demum
2134 1947 2238 2000 erit
2279 1944 2587 2001 excusandi
2641 1944 2825 2007 ratio.
2875 1951 2970 1998 aut
3020 1944 3227 2014 quibus
3280 1941 3481 1996 verbis

1880 2041 2023 2107 apud
2056 2038 2306 2095 Iudicem
2358 2047 2601 2103 utemur,
2654 2037 3112 2107 turpissimorum
3162 2037 3460 2090 criminum

1882 2140 2006 2202 post
2060 2132 2435 2202 cognitionem
2485 2130 2800 2200 postulati?
2834 2127 2992 2194 Quod
3041 2127 3086 2181 si
3140 2127 3208 2181 de
3256 2126 3464 2180 Judasis

1880 2229 2093 2274 tantum
2132 2222 2236 2275 hoc
2264 2221 2415 2275 dicat
2444 2220 2748 2283 Dominus,
2777 2226 2971 2287 utpote
3017 2216 3111 2287 qui
3164 2231 3312 2285 sche
3364 2216 3465 2269 do-

1882 2322 2098 2367 centem
2131 2312 2313 2381 ipsum
2352 2312 2684 2377 audierant,
2719 2311 2974 2381 nihilque
3009 2310 3342 2380 ignorabant
3366 2324 3463 2363 eo-

1882 2420 2003 2458 rum
2035 2419 2157 2473 qua:
2191 2404 2399 2458 sentire
2430 2412 2526 2456 aut
2562 2403 2739 2457 facere
2760 2404 3007 2472 jusserat
3029 2443 3043 2466 ,
3081 2403 3134 2457 in
3164 2403 3313 2456 hunc
3343 2418 3464 2457 mo-

1881 2494 2010 2550 dum
2042 2495 2282 2564 acripics
2307 2514 2318 2549 :
2345 2492 2597 2549 Vestram
2631 2493 2941 2550 doctrinam
2974 2507 3083 2547 non
3130 2492 3333 2558 ferent,
3377 2492 3466 2546 in-

1881 2594 2020 2665 quit,
2057 2590 2153 2645 sed
2201 2590 2535 2644 tentationes
2563 2598 2618 2644 et
2648 2590 3069 2660 persecutiones
3118 2588 3463 2649 excitaliunt,

1878 2692 1933 2737 et
1961 2682 2171 2736 nullum
2205 2696 2314 2735 non
2352 2680 2589 2750 lapidem
2617 2680 2671 2733 in
2696 2695 2792 2734 vos
2833 2679 3157 2739 movebunt,
3182 2686 3237 2733 et
3266 2679 3459 2748 iniquo

1882 2777 1937 2829 in
1985 2790 2084 2831 vos
2125 2774 2397 2830 ardebunt
2445 2773 2609 2839 odio,
2658 2773 2795 2827 nihil
2840 2772 2989 2827 aliud
3037 2773 3261 2827 crimini
3306 2774 3505 2829 vobis‘

1883 2866 2112 2929 dantes,
2148 2868 2253 2921 nisi
2288 2865 2435 2936 quod
2470 2881 2557 2919 me
2586 2864 2854 2935 diligatis.
2894 2862 3001 2919 Sed
3036 2864 3466 2921 furiosissimam

1884 2973 2038 3013 suam
2070 2957 2456 3012 crudelitatem
2502 2955 2632 3010 fuco
2665 2956 2960 3011 verborum
2994 2964 3277 3026 tegentes,
3312 2964 3367 3012 et
3402 2957 3471 3010 li-

1884 3050 2090 3105 bidiuis
2120 3064 2234 3104 suae
2287 3047 2549 3117 probrum
2582 3046 2894 3114 diluentes,
2938 3046 3131 3102 Mosen
3178 3048 3370 3119 utique
3416 3057 3473 3104 et

192 3138 253 3190 δὲ
304 3137 473 3207 μόνην
506 3136 727 3207 ἀγάπην
757 3138 856 3207 τὴν
902 3140 983 3201 εἰς
1014 3138 1134 3208 ἐμέ.
1177 3137 1682 3207 Κατασοφιζόμενοι
1722 3136 1780 3188 δὲ

1886 3132 2125 3197 Mosaica
2182 3141 2440 3196 mandata
2492 3139 2816 3207 proferent,
2869 3155 2936 3195 ac
2994 3143 3192 3212 patriis
3252 3143 3469 3213 legibus

194 3227 390 3300 ὥσπερ
410 3229 510 3298 τῆς
539 3228 750 3282 ἑαυτῶν
782 3230 1037 3293 ἀπονοίας
1068 3229 1165 3301 τὴν
1187 3230 1470 3302 ὠμότητα,
1502 3230 1678 3284 καὶτὸ
1716 3231 1781 3283 ἐκ

192 3324 298 3391 τῆς
331 3320 662 3393 ἡδυπαθείας
709 3316 896 3391 αἶσχος
949 3321 1407 3393 ἁποτριόόμενοι,
1468 3321 1676 3376 Μωσέα
1716 3321 1781 3391 δὴ

194 3413 422 3476 πάντως
462 3410 863 3484 προόαλοῦνται
907 3410 1092 3465 καὶτὰ
1126 3412 1393 3477 Μωσέως,
1426 3413 1782 3479 συνασπίζειν

193 3505 256 3559 δὲ
282 3504 473 3575 ὥσπερ
511 3505 625 3564 τοῖς
656 3502 928 3576 πατρῴοις
954 3505 1375 3575 ὑποκρινοῦνται
1400 3503 1587 3574 νόμοις
1610 3520 1625 3536 ⁸
1666 3504 1783 3559 ἀλλ’

195 3599 247 3651 εὶ
292 3595 393 3667 μὲν
435 3596 510 3666 μὴ
540 3593 712 3649 ἐλθὼν
744 3598 843 3666 τῆς
878 3596 966 3650 διὰ
992 3596 1238 3659 Μωσέως
1284 3594 1505 3666 ἐντολῆς
1547 3597 1607 3649 οὐ
1639 3614 1784 3667 παρ-

196 3688 380 3753 έδειξα
408 3687 478 3741 τὰ
502 3686 771 3758 βελτίονα,
799 3688 847 3739 εί
872 3688 945 3758 μὴ
968 3687 1056 3741 διὰ
1082 3687 1293 3741 πολλῶν
1317 3687 1496 3758 πεπλη
1507 3687 1786 3758 ροφόρηκα
1816 3714 1825 3720 -

194 3777 391 3846 λόγων,
414 3776 490 3840 ὡς
520 3775 605 3847 εἴη
640 3776 736 3846 μὲν
758 3776 859 3847 ἤδη
888 3776 1078 3846 καιρὸς
1112 3776 1181 3829 τὰ
1207 3778 1263 3829 ἐν
1289 3775 1446 3848 τύπῳ
1478 3776 1785 3848 παρελάσαι

194 3871 405 3927 λοιπὸν.
426 3869 520 3923 καὶ
532 3870 613 3923 ὅτι
628 3868 925 3940 σχημάτων
945 3870 1042 3938 μὲν
1056 3869 1174 3933 ἃλις
1189 3871 1281 3923 καὶ
1300 3871 1480 3934 σκιᾶς,
1497 3870 1616 3941 ὥρα
1627 3870 1682 3923 δὲ
1696 3870 1788 3924 αὑ-

193 3964 296 4034 τὴν
316 3961 632 4032 ἀναλάμψαι
654 3960 752 4033 τὴν
774 3960 1031 4032 ἀλήθειαν
1049 3978 1062 3992 ·
1089 3963 1139 4015 εἰ
1156 3964 1233 4033 μὴ
1247 3961 1405 4015 τοῦτο
1431 3964 1523 4017 καὶ
1542 3963 1601 4029 ἐξ
1620 3962 1785 4016 αὐτοῦ

193 4058 410 4127 δέδειχα
432 4053 947 4127 νόμου,σαφέστατα
963 4053 1138 4122 λέγων
1156 4070 1168 4084 ⁸
1200 4072 1218 4104 ι
1243 4055 1305 4107 Εἰ
1327 4054 1640 4108 ἐπιστεύετε
1658 4057 1787 4109 Μω-

196 4154 304 4215 σεῖ,
326 4146 732 4203 ἐπιστεύετεμᾶν
754 4148 912 4217 ἐμοί·
946 4147 1074 4216 περὶ
1102 4146 1212 4217 γὰρ
1236 4145 1371 4214 ἐμοῦ
1393 4147 1598 4209 ἐκεῖνος
1618 4146 1786 4217 ἔγρα-

190 4244 317 4313 ψεν·
348 4262 369 4296 ι
396 4244 444 4295 εί
478 4240 552 4313 μὴ
579 4244 699 4305 ταῖς
725 4239 833 4292 τῶν
871 4238 1166 4310 προφητῶν
1194 4239 1522 4309 μαρτυρίαις
1553 4240 1786 4310 συνῳδὸν

192 4333 374 4401 ἔδειξα
390 4334 484 4386 τὸν
508 4331 745 4402 ἐμαυτοῦ
761 4331 938 4397 λόγον,
958 4330 1053 4383 καὶ
1079 4330 1179 4399 τῆς
1199 4329 1340 4400 ἐμῆς
1361 4330 1664 4401 παρουσίας
1684 4330 1786 4401 τὴν

190 4424 428 4493 δύναμιν
451 4422 851 4496 προρρηθεῖσαν
868 4439 924 4474 τε
942 4422 1040 4492 ἠδη
1062 4422 1153 4474 καὶ
1171 4438 1306 4492 κεκη
1317 4422 1609 4493 ρυγμένηψ
1628 4422 1784 4493 ἔσχον

106 4570 120 4582 ,
190 4519 264 4571 ἂν
295 4515 555 4587 ἀφορμὰς
580 4515 833 4583 εὐλόγους
862 4514 961 4583 τῆς
994 4514 1113 4566 κατ’
1149 4513 1284 4583 ἐμοῦ
1330 4515 1425 4566 καὶ
1465 4514 1620 4583 ὑμῶν
1650 4515 1787 4568 ἀπο-

194 4608 366 4665 νοίας.
412 4605 630 4675 Ἐπειδὴ
666 4604 721 4657 δὲ
753 4603 1182 4674 παραλέλειπται
1224 4602 1324 4672 μὲν
1358 4603 1532 4672 οὐδὲν,
1563 4603 1782 4678 εἴρηται

192 4704 253 4755 δὲ
282 4702 431 4775 (stay
451 4743 465 4765 ,
524 4702 648 4754 ὅσον
687 4696 822 4773 ἧκεν
853 4699 1026 4751 εἰπεῖν
1063 4700 1358 4765 ἀναγκαῖον
1381 4740 1394 4762 ,
1448 4702 1690 4763 εἰκαῖος,
1723 4698 1783 4763 ὃς

194 4796 384 4856 αὐτοῖς
429 4794 510 4854 εἰς
542 4792 815 4862 πρόφασιν
861 4789 1284 4861 ἐπινοηθήσεται
1314 4791 1471 4860 λόγος
1498 4791 1601 4861 τῆς
1639 4790 1783 4845 οῦτω

195 4885 417 4955 γυμνῆς
447 4882 741 4955 ἁμαρτίας.
784 4882 1001 4950 Ταύτην
1036 4875 1191 4953 οἶμαι
1225 4882 1338 4935 δεῖν
1378 4884 1493 4947 τοῖς
1533 4882 1626 4936 τοῦ
1666 4884 1782 4936 Σω-

194 4977 366 5047 τῆρος
400 4976 580 5042 λόγοις
624 4975 937 5045 ἐφαρμόσαι
982 4974 1102 5027 νυνὶ
1140 4973 1238 5044 τὴν
1280 4975 1541 5032 διάνοιαν.
1585 4974 1784 5045 Ἀσύγ-

193 5083 418 5136 γνωςτα
449 5067 507 5120 δὲ
549 5069 660 5130 τοῖς
697 5068 780 5127 εἰς
822 5066 983 5119 αὑτὸν
1017 5066 1431 5137 πλημμελοῦσιν
1471 5069 1785 5133 ἐπιδεικνὺς

194 5159 265 5212 τά
296 5157 645 5229 ἐγκλήματα,
678 5160 772 5212 καὶ
804 5157 1235 5228 κολασθήσεσθαι
1265 5176 1396 5212 ποτε
1430 5160 1556 5225 τοὺς
1585 5162 1653 5215 τά
1677 5178 1795 5215 τοι·⁵

194 5249 343 5302 αῦτα
368 5247 684 5317 τολμῶντας
716 5245 889 5300 εἰπὼν
912 5286 927 5310 ,
986 5247 1340 5317 παραιρεῖται
1386 5248 1487 5318 τῆς
1516 5247 1692 5320 λύπης
1720 5250 1782 5303 τὸ

194 5343 361 5396 πλέον
386 5346 484 5396 καῖ⁵
512 5341 845 5395 ὑποκλέπτει
878 5339 1078 5410 σοφῶς,
1099 5340 1238 5411 ὅπερ
1268 5337 1336 5412 ἦν
1362 5342 1509 5406 εἰκὸς
1537 5344 1783 5399 ἀνιάσειν

191 5435 257 5488 οὐ
294 5434 534 5505 μετρίως
566 5433 784 5497 αὐτούς.
819 5432 1059 5504 Φορητὸν
1099 5431 1209 5502 γὰρ
1252 5432 1365 5487 ἐσθ’
1396 5434 1484 5487 ὅτε
1519 5437 1631 5499 τοῖς
1671 5435 1784 5490 ἁδι-

196 5528 484 5597 κουμένοις
523 5528 623 5599 τὴν
668 5525 979 5592 πλεονεξίαν
1023 5526 1353 5597 ἐργάζεται,
1407 5527 1469 5580 τὸ
1496 5527 1781 5600 ἀραρότως

275 5712 480 5772 ’Joan.
523 5732 575 5783 ν,
609 5716 695 5771 46.
808 5720 849 5751 ιο
878 5713 1038 5781 Rom.
1080 5740 1178 5794 xu,
1216 5724 1298 5779 19.

1886 3234 2291 3304 quodammodo
2339 3248 2401 3288 se
2453 3232 2791 3302 patrocinari
2846 3231 3204 3287 simulahuut.
3264 3233 3468 3289 Verum

1887 3326 1996 3381 nisi
2048 3325 2115 3378 ad
2164 3339 2261 3379 eos
2309 3320 2590 3392 profectus
2636 3320 2884 3375 Mosaico
2928 3324 3188 3377 mandato
3239 3324 3469 3377 meliora

1885 3416 2231 3481 docuissem,
2286 3414 2393 3469 nisi
2443 3413 2639 3469 multis
2669 3412 2831 3483 905
2872 3411 3188 3470 rationibus
3232 3414 3471 3471 demon-

1886 3517 2151 3564 strassem
2183 3520 2397 3577 tempus
2424 3521 2548 3562 esse
2575 3505 2797 3562 demum
2826 3514 2887 3561 ut
2916 3506 3105 3576 ﬁgurae
3139 3513 3466 3574 transeant,

1885 3614 2188 3669 earumque
2221 3600 2359 3655 satis
2391 3600 2567 3655 fuisse
2623 3598 2893 3654 hactenus
2946 3605 3003 3654 et
3041 3598 3290 3653 umbrae:
3326 3608 3468 3653 tem-

1888 3707 1992 3763 pus
2022 3700 2205 3746 autem
2235 3706 2360 3746 esse
2395 3699 2457 3745 ut
2501 3692 2620 3761 ipsa
2666 3690 2873 3745 veritas
2916 3691 3167 3754 eluceat;
3214 3691 3323 3745 nisi
3364 3690 3471 3745 hoc

1887 3783 2054 3838 etiam
2088 3799 2157 3838 ex
2187 3783 2304 3853 ipsa
2355 3782 2475 3851 lege
2522 3782 3003 3837 demonstrassem
3033 3819 3050 3845 ,
3117 3779 3471 3850 apertissime

1887 3876 2125 3932 dicens:
2155 3894 2173 3927 ι
2210 3874 2268 3929 Si
2302 3873 2603 3929 crederetis
2636 3872 2849 3944 Moysi,
2887 3872 3196 3929 crederetis
3239 3873 3470 3928 forsitan

1887 3980 1943 4027 et
1976 3970 2143 4036 mihi;
2175 3968 2244 4025 de
2278 3984 2366 4023 me
2398 3968 2543 4023 cnim
2576 3967 2670 4022 ille
2703 3966 2931 4037 scripsit
2958 3969 3011 4033 ’ς
3040 3985 3058 4019 ι
3087 3967 3193 4021 nisi
3230 3966 3472 4037 prophe-

1887 4069 2067 4116 tarum
2103 4060 2436 4116 testimoniis
2475 4068 2912 4114 conscutaneam
2945 4059 3257 4113 doctrinam
3293 4072 3470 4112 meam

1888 4154 2299 4219 ostendissem,
2358 4151 2577 4221 meique
2635 4151 2910 4206 adventus
2975 4150 3086 4205 vim
3127 4149 3468 4220 praedictam

1887 4261 2009 4301 esse
2043 4259 2108 4301 ac
2141 4243 2599 4315 praenuntiatam:
2634 4243 2905 4297 haberent
2933 4256 3069 4295 sane
3097 4256 3322 4296 causam
3359 4249 3470 4294 tam

1888 4338 1943 4393 in
1992 4354 2077 4391 me
2106 4353 2270 4407 quam
2317 4336 2372 4390 in
2424 4352 2523 4391 vos
2576 4334 2921 4405 insurgendi.
2967 4332 3105 4389 Cum
3156 4340 3338 4386 autem
3389 4332 3473 4385 ni-

1891 4428 1968 4482 liil
2005 4427 2438 4498 praetermissum
2476 4426 2585 4492 sit,
2622 4425 2716 4479 sed
2765 4438 3111 4494 quaecunque
3154 4422 3473 4477 necessaria

1888 4528 2047 4573 erant
2080 4517 2330 4585 exposita
2369 4516 2609 4581 fuerint,
2648 4530 2789 4568 vana
2822 4524 2907 4569 est
2936 4528 3328 4584 quamcunque
3372 4512 3471 4566 dc-

1882 4626 2033 4665 mum
2072 4610 2289 4663 allaturi
2330 4618 2458 4665 sunt
2499 4618 2613 4662 tam
2654 4608 2829 4677 aperti
2870 4605 3130 4660 criminis
3158 4603 3471 4660 excusatio.

1882 4703 2043 4759 Hunc
2071 4718 2204 4775 ergo
2237 4701 2548 4757 Servatoris
2576 4701 2762 4755 verbis
2787 4714 3014 4754 sensum
3048 4698 3475 4751 accommodan—

1881 4799 2011 4853 dum
2036 4798 2296 4851 arbitror.
2323 4793 2682 4850 Ostendendn
2710 4808 2842 4849 vero
2872 4791 3081 4846 nullam
3112 4789 3231 4844 fore
3256 4790 3474 4844 veniam

1889 4885 2195 4941 sceleribus
2233 4886 2289 4939 in
2328 4885 2507 4953 ipsum
2559 4883 2846 4945 admissis,
2879 4889 2934 4937 et
2977 4881 3296 4951 quicunque
3342 4879 3474 4933 talia

1889 4975 2009 5030 ausi
2039 4972 2246 5029 fuerint
2275 4972 2578 5043 aliquando
2610 4973 2867 5043 punitum
2902 4971 3010 5034 iri,
3044 4970 3340 5024 maximam
3371 4967 3472 5023 do-

1890 5066 2023 5123 loris
2056 5076 2267 5137 partem
2315 5075 2532 5121 amovet
2580 5081 2644 5121 ac
2688 5065 2972 5136 sapienter
3018 5063 3281 5119 subducit
3322 5061 3472 5132 quod

1889 5174 2001 5213 non
2039 5158 2375 5213 mediocrem
2411 5158 2493 5212 eis
2524 5172 2782 5228 angorem
2819 5156 3115 5211 allaturum
3152 5153 3466 5208 videbatur.

1890 5249 2153 5320 lnjuriam
2187 5249 2389 5319 quippe
2421 5249 2634 5318 aequius
2670 5249 2885 5311 ferunt‘,
2929 5248 3021 5317 qui
3056 5245 3178 5315 ejus
3212 5251 3471 5299 auctores

1890 5356 2082 5412 pwnas
2114 5342 2186 5399 ob
2210 5357 2330 5398 eam
2364 5340 2593 5397 daturos
2628 5340 2734 5395 sibi
2766 5338 3127 5409 persuadent.
3158 5335 3312 5402 Quod
3343 5350 3469 5389 cum

1891 5437 1995 5506 ipsi
2027 5442 2248 5507 quoque
2273 5443 2462 5490 notum
2490 5442 2637 5489 esset
2668 5432 2912 5501 universi
2945 5428 3216 5485 Domino:
3247 5444 3269 5479 ι
3296 5424 3428 5480 ΜΗιί
3449 5466 3466 5491 ,

1892 5529 2091 5601 inquit,
2116 5530 2360 5586 vindicta
2389 5547 2402 5586 :
2432 5543 2534 5600 ego
2562 5526 2867 5584 retribuam
2886 5562 2900 5590 ,
2928 5521 3063 5582 dicit
3083 5516 3462 5575 Dominus'M
