3868 6200
356 220 458 279 ιιι

1350 218 1409 274 S.
1451 215 1731 276 CYRILLI
1757 218 2235 277 ALEXANDRINI
2268 219 2589 279 ARCHIEP.

3520 216 3635 275 ΜΞ

358 334 464 390 Sed
500 340 557 390 et
590 334 707 406 ipse
736 334 938 390 beatus
970 330 1204 395 Paulus,
1233 345 1264 385 a
1298 331 1539 401 quodam
1560 334 1811 404 principe
1847 349 1939 388 sa-

2058 335 2255 389 ›ῐεσθαι
2286 336 2443 399 δίκας
2474 336 2583 389 τῶν
2630 333 3137 407 πλημμεληθέντων
3180 333 3459 389 ἀποτίσειν
3499 336 3631 396 τοὺς

356 427 639 481 cerdotum
674 442 888 492 caesus,
937 424 1295 480 acerbitatem
1345 424 1628 495 plagarum
1672 424 1777 478 hac
1820 424 1936 494 ipsa

358 519 572 574 ratione
611 518 906 590 mitigavit.
946 515 1089 583 Quid
1122 517 1274 571 enim
1308 515 1496 569 dixit?
1524 532 1543 566 ι
1574 514 1852 572 Percutiet
1886 524 1940 571 te

358 610 537 677 Dens,
570 612 751 682 paries
793 610 1046 666 dealbate
1089 608 1154 663 “.
1186 627 1204 659 ι
1234 604 1582 661 lniirmitatis
1629 606 1796 677 igitur
1842 607 1945 661 hu-

359 718 536 757 mana:
569 702 874 758 remedium
910 700 1057 757 istud
1088 714 1312 769 quoque
1349 708 1470 765 est,
1498 714 1752 769 sperare.
1787 699 1939 767 inju-

361 794 571 848 riarum
621 804 877 849 auctores
928 791 1227 862 aliquando
1278 806 1402 847 esse
1453 790 1787 861 puniendos.
1837 788 1947 845 Sed

359 886 599 940 humana
633 885 1088 957 pusillanimitate
1117 884 1279 955 longe
1309 882 1492 954 potior
1518 892 1603 939 est
1635 881 1903 937 Dominus
1929 900 1942 936 :

360 995 511 1044 nam,
540 998 558 1029 ι
586 976 722 1033 Cum
760 977 1205 1040 malediceretur,
1241 990 1352 1030 non
1380 974 1783 1040 maledicebat;
1817 989 1946 1028 cum

361 1079 668 1142 pateretur,
700 1086 811 1126 non
843 1069 1311 1132 comminabatur,
1335 1086 1357 1121 ι
1379 1076 1441 1123 ιιι
1471 1067 1744 1138 scriptum
1765 1076 1851 1123 est
1880 1068 1947 1121 ".

361 1163 548 1217 Caesus
577 1169 758 1217 autem
791 1162 928 1215 nihil
957 1161 1157 1216 acerbe
1188 1160 1348 1227 dixit,
1375 1174 1555 1229 neque
1584 1167 1672 1214 est
1702 1158 1950 1215 minatus

360 1256 410 1308 ei
445 1255 537 1325 qui
564 1254 777 1311 caedere
803 1254 982 1325 ipsum
1014 1268 1187 1308 ausus
1221 1250 1538 1316 fuerat,sed
1574 1249 1867 1306 mitissime
1894 1260 1950 1307 et

367 1349 642 1416 patienter
676 1346 972 1403 admodum
1002 1363 1016 1401 :
1046 1343 1134 1399 «Si
1154 1345 1315 1409 male,
1337 1343 1779 1415 inquit,’_locutus
1800 1358 1948 1405 sum,

360 1439 743 1494 testimonium
771 1438 1000 1509 perhibe
1024 1438 1093 1493 de
1120 1438 1300 1492 male:
1327 1437 1375 1492 si
1400 1443 1582 1490 autem
1612 1436 1753 1491 bene
1774 1473 1791 1499 ,
1814 1433 1948 1506 quid

363 1544 452 1586 me
481 1532 650 1587 caedis
686 1532 772 1585 "?
798 1550 817 1583 ι
847 1530 989 1587 Vere
1014 1532 1184 1601 igitur
1211 1546 1239 1586 a
1272 1529 1557 1601 prophetis
1586 1527 1797 1583 dictum
1827 1536 1947 1583 est:

369 1642 389 1675 ‹
419 1624 558 1691 Quis
592 1625 645 1679 in
675 1625 919 1681 nubibus
958 1625 1269 1696 aequabitur
1300 1622 1568 1687 Domino,
1615 1630 1671 1679 et
1702 1622 1832 1693 quis
1869 1622 1947 1679 si—

363 1718 510 1773 milis
541 1718 650 1773 erit
683 1716 918 1772 Domino
951 1717 1095 1773 inter
1122 1716 1265 1772 filios
1290 1714 1386 1770 Dei
1420 1713 1507 1767 “1’
1536 1734 1554 1765 ›

2050 429 2153 499 τῆς
2182 429 2495 495 πλεονεξίας
2521 428 2781 501 ἐργάτας.
2830 430 2943 483 Καὶ
2976 428 3137 481 τοῦτο
3162 427 3318 491 εἰδὼς
3342 429 3435 481 καὶ
3464 425 3629 490 αὐτὸς

2050 520 2079 572 ὁ
2119 520 2337 574 πάντων
2363 522 2640 592 Δεσπότης
2664 563 2678 583 ,
2717 540 2737 573 ι
2772 521 2950 592 Ἐμοὶ,
2977 520 3161 591 φησὶν,
3192 521 3488 590 ἑκδίκησις,
3514 516 3631 584 ἐγὼ

2049 611 2444 675 ἀνταποδώσω,
2497 613 2644 681 λέγει
2669 611 2891 684 Κύριος,
2921 630 2940 663 ›
2989 610 3153 665 Ἀλλά
3188 611 3284 665 καὶ
3312 610 3469 674 αὐτὸς
3492 610 3631 680 ἡμῖν

2049 701 2079 753 ὁ
2114 703 2383 774 μακάριος
2404 703 2636 769 Παῦλος,
2670 704 2774 757 ὑπό
2798 721 2943 768 τινος
2965 704 3074 759 τῶν
3096 703 3401 775 ἀρχιερέων
3426 700 3630 755 τυπτό-

2054 810 2234 864 μενος,
2257 794 2359 866 τῆς
2389 795 2484 849 ἐπὶ
2508 796 2587 867 τῷ
2622 796 2853 867 πάσχειν
2881 796 3110 868 πικρίας
3134 796 3237 865 οὐχ
3277 794 3468 866 ἑτέραν
3501 793 3633 864 ἔσχε

2051 886 2404 959 παραψυχὴν,
2432 887 2465 959 ἢ
2497 887 2701 959 ταύτην
2722 889 2912 959 αὑτήν.
2946 888 3012 941 Τί
3042 889 3149 959 γάρ
3171 887 3309 959 ἔφης
3350 906 3369 939 ι
3396 886 3633 939 Τύπτειν

2051 996 2111 1032 σε
2149 979 2333 1049 μέλλει
2371 980 2400 1032 ό
2442 980 2608 1046 Θεὸς,
2657 983 2804 1051 τοῖχε
2837 980 3212 1051 κεκονιαμένε.
3243 1000 3262 1033 ι
3317 977 3635 1041 ’Δσθενείας

2050 1067 2142 1125 οὖν
2176 1071 2285 1143 ἄρα
2312 1071 2603 1143 φάρμακον
2628 1073 2976 1145 ἀνθρωπίνης
2999 1074 3094 1127 καὶ
3124 1073 3311 1135 τοῦτο.
3343 1072 3437 1125 καὶ
3466 1071 3632 1127 κολά-

2051 1163 2264 1230 ζεσθαι,
2320 1166 2489 1237 φημὶ,
2527 1167 2833 1239 προσδοκᾷν
2884 1168 3010 1231 τοὺς
3064 1167 3271 1221 ἀδικεῖν
3318 1165 3630 1236 ἑλομένους.

2049 1257 2333 1326 Κρείττων
2356 1274 2419 1327 γε
2449 1259 2555 1331 μὴν
2574 1300 2591 1324 ,
2617 1260 2709 1313 καὶ
2734 1261 2794 1313 ἑν
2825 1259 3031 1315 πλείονι
3062 1259 3269 1330 μέτρῳ,
3295 1258 3397 1329 τῆς
3419 1257 3637 1328 ἀνθρω-

2050 1348 2212 1418 πίνης
2253 1349 2669 1421 μικροψυχίαςό
2698 1350 2927 1423 Κύριος.
2971 1370 2992 1403 ι
3036 1350 3463 1421 Δοιδορούμενος
3497 1349 3634 1420 γὰρ.

2048 1437 2147 1511 οὐκ
2183 1438 2567 1511 ἀντελοιδόρει,
2593 1442 2820 1512 πάσχων
2842 1442 2945 1496 οὐκ
2966 1441 3199 1512 ἠπείλει,
3232 1460 3251 1492 ι
3285 1439 3427 1494 κατά
3453 1440 3517 1492 τὸ
3539 1457 3635 1507 γε-

2049 1530 2392 1601 γραμμένον.
2430 1533 2825 1604 Ῥαπιζόμενος
2858 1533 2951 1599 δὲ,
2979 1532 3236 1606 φορτικὸν
3262 1530 3417 1587 εἶπεν
3441 1532 3597 1587 οὐδὲν
3614 1571 3633 1596 ,

2050 1624 2173 1678 οὔτε
2200 1626 2306 1697 μὴν
2327 1627 2592 1699 ἠπείλησε
2619 1628 2695 1700 τῷ
2714 1631 2907 1682 παῖσαι
2935 1626 3317 1696 τετολμηκότιο
3345 1624 3635 1696 πραότατα

2049 1715 2107 1770 δὲ
2130 1718 2225 1770 καὶ
2249 1719 2592 1786 ἀνεξικάκως
2622 1720 2821 1792 κομιδῇ
2844 1762 2861 1787 ,
2912 1738 2931 1772 ι
2959 1720 3023 1773 Εἰ
3052 1716 3263 1781 κακῶς,
3291 1717 3477 1787 φησὶν,
3505 1715 3637 1769 ἑλά-

365 1805 525 1877 λησα,
565 1807 917 1879 μαρτύρησον
950 1807 1076 1877 περὶ
1098 1805 1192 1860 τοῦ
1222 1803 1392 1859 κακοῦ
1413 1820 1427 1835 ⁸
1469 1804 1520 1857 εί
1556 1803 1612 1857 δὲ
1642 1802 1855 1867 καλῶς,
1890 1801 1944 1856 τί
1984 1819 2051 1873 με
2086 1806 2300 1879 δέρεις;
2336 1829 2355 1861 ι
2402 1811 2645 1883 Ἀληθῶς
2669 1808 2764 1866 οὖν
2784 1812 2895 1883 ἄρα
2918 1813 3033 1874 τοῖς
3055 1810 3363 1882 προφήταις
3390 1810 3420 1861 ὁ
3455 1807 3638 1877 λόγος,

360 1899 441 1953 ὅτι
473 1918 492 1950 ι
531 1898 627 1962 Τίς
662 1900 721 1952 ἑν
753 1898 1004 1967 νεφέλαις
1038 1897 1361 1969 ίσωθήσεται
1390 1896 1468 1966 τῷ
1504 1897 1722 1967 Κυρίῳ,
1751 1896 1784 1967 ἢ
1820 1895 1903 1960 τίς
1938 1898 2341 1973 ὁμοιωθήσεται
2366 1904 2443 1977 τῷ
2477 1905 2666 1977 Κυρίῳ
2693 1906 2754 1959 ἑν
2779 1906 2918 1969 υἱοῖς
2949 1904 3107 1958 Θεοῦ.
3140 1922 3161 1956 ›

435 1988 555 2055 XV,
596 1989 689 2044 25.
728 1988 833 2056 Qui
870 2007 950 2044 me
990 1989 1132 2056 odit,
1169 1998 1219 2043 et
1249 1989 1469 2043 Patrem
1499 2005 1671 2043 meum
1710 1987 1841 2041 odit.
1979 1996 2023 2050 Β

433 2081 733 2150 lmpietatis
771 2097 899 2153 erga
948 2081 1115 2137 Deum
1167 2081 1375 2136 crimen
1416 2081 1486 2136 iis
1526 2079 1823 2136 manifeste
1856 2078 1957 2133 tri-

362 2172 485 2227 buit
511 2174 607 2243 qui
636 2181 820 2229 emota
842 2188 907 2229 ac
929 2174 1141 2229 nefaria
1172 2181 1356 2230 mente
1386 2172 1583 2228 Filium
1610 2173 1741 2229 odio
1757 2188 1954 2244 prose.

362 2270 622 2332 quentur.
665 2263 824 2330 Quod
864 2263 1089 2336 quidem
1132 2280 1327 2320 verum
1360 2272 1468 2320 est.
1508 2263 1621 2319 Nec
1647 2266 1792 2320 enim
1824 2279 1961 2333 pos-

360 2363 496 2409 sunt
538 2354 593 2409 in
632 2354 850 2411 Patrem
895 2372 1003 2410 non
1044 2356 1211 2427 906
1244 2371 1507 2428 peccare,
1538 2357 1636 2427 qui
1671 2363 1962 2413 contume-

363 2446 490 2501 liosi
539 2453 673 2500 sunt
728 2446 783 2501 in
838 2443 1076 2510 Filium,
1127 2454 1223 2499 aut
1272 2462 1402 2501 eum
1446 2445 1703 2501 oderunt.
1753 2448 1959 2514 Quem-

364 2537 655 2593 admodum
691 2538 838 2593 enim
874 2538 971 2607 qui
1007 2538 1145 2594 solis
1214 2538 1403 2593 radios
1438 2548 1500 2593 ut
1535 2539 1766 2594 inutiles
1799 2539 1959 2594 flocci

364 2628 647 2699 pendunt,
680 2628 825 2683 idem
856 2628 923 2684 de
956 2630 1074 2685 sole
1103 2630 1225 2699 ipso
1258 2631 1508 2686 sentiunt
1536 2649 1549 2686 :
1583 2640 1639 2686 et
1666 2632 1762 2702 qui
1797 2630 1954 2687 ﬂoris

362 2720 590 2775 odorem
625 2729 1022 2791 aspernantur,
1072 2721 1263 2776 liorem
1315 2722 1496 2791 ipsum
1543 2730 1954 2781 contemnunt:

365 2813 449 2867 sic
505 2813 671 2868 etiam
702 2812 771 2868 de
801 2811 1103 2884 Unigenito
1136 2822 1191 2869 et
1225 2812 1347 2883 ejus
1412 2813 1575 2869 Patre
1607 2818 1831 2872 evenire
1859 2832 1959 2886 pu-

366 2905 590 2960 tandum
628 2913 736 2961 est.
777 2905 890 2961 Nec
932 2906 1079 2961 enim
1120 2906 1237 2960 fieri
1273 2914 1453 2976 potest
1489 2916 1551 2962 ut
1580 2908 1675 2977 qui
1705 2910 1855 2979 quod
1889 2925 1958 2966 ex

366 2997 554 3067 aliquo
593 3006 680 3054 est
722 2998 1078 3068 vituperant,
1128 2998 1353 3054 laudent
1394 2999 1447 3055 id
1482 3016 1549 3055 ex
1580 3014 1692 3071 quo
1724 3010 1830 3056 est.
1866 2999 1957 3054 ld-

365 3088 519 3143 <irco
551 3088 773 3144 dicebat
802 3087 1059 3143 Christus
1089 3085 1296 3143 Iudaeis
1324 3105 1339 3142 :
1367 3105 1386 3140 ι
1416 3086 1538 3144 Non
1574 3097 1759 3161 potest
1793 3088 1962 3145 arbor

367 3181 513 3236 bona
543 3180 717 3235 malos
752 3179 965 3235 fructus
1000 3178 1202 3247 facere,
1252 3195 1435 3250 neque
1474 3181 1643 3237 arbor
1674 3181 1817 3236 mala
1861 3182 1993 3237 bo--'

369 3289 474 3330 nos
505 3272 720 3329 fructus
746 3271 929 3329 facere
956 3274 1024 3337 ",
1055 3290 1075 3326 ι
1104 3287 1231 3327 cum
1274 3274 1441 3329 etiam
1479 3280 1742 3330 accurato
1772 3281 1829 3329 et
1859 3287 1959 3327 ex-

369 3376 495 3422 acto
516 3365 731 3435 judicio
758 3365 1075 3422 discernere
1106 3372 1402 3436 utrumque
1423 3366 1644 3435 luberet
1668 3384 1682 3421 :
1707 3366 1844 3421 «Aut
1870 3364 1955 3419 fa-

366 3460 476 3514 cite
506 3459 761 3515 arborem
792 3459 993 3514 malam
1015 3498 1032 3525 ,
1064 3466 1120 3515 et
1156 3459 1397 3515 fructum
1426 3459 1549 3529 ejus
1587 3460 1796 3514 malum
1831 3459 1896 3515 “.
1930 3476 1953 3510 ι

368 3551 525 3617 Quod
553 3552 700 3606 enim
730 3550 800 3606 de
827 3550 1028 3607 horum
1056 3567 1169 3607 uno
1200 3566 1335 3607 vere
1370 3551 1597 3618 dicitur,
1631 3551 1735 3607 hoc
1766 3552 1961 3621 utique

370 3644 437 3697 ad
474 3643 709 3698 alterum
769 3643 1054 3713 pertinere
1099 3644 1420 3700 necessaria
1456 3659 1560 3699 nos
1601 3644 1747 3698 ratio
1784 3642 1962 3713 adigit

370 3744 433 3789 ut
463 3736 776 3791 credamus.
813 3734 992 3791 Unius
1022 3736 1171 3791 enim
1218 3744 1432 3792 natura:
1474 3736 1760 3808 quomodo
1804 3751 1961 3791 com-

372 3828 558 3882 munia
593 3843 702 3881 non
728 3836 893 3882 erunt
913 3842 1035 3897 qua:
1061 3826 1128 3881 ad
1157 3827 1283 3896 ejus
1312 3828 1528 3883 laudem
1553 3836 1840 3898 spectant,
1865 3837 1963 3881 aut

372 3918 703 3974 infamiam?
733 3917 799 3973 Et
821 3919 971 3989 quod
999 3918 1127 3990 quis
1157 3919 1213 3973 in
1241 3921 1418 3975 rivum
1452 3920 1683 3983 fecerit,
1717 3920 1821 3993 hoc
1853 3920 1963 3974 uti-

370 4030 479 4082 que
522 4027 707 4067 nonne
752 4012 808 4065 in
849 4012 1055 4067 fontem
1102 4012 1284 4083 ipsum
1330 4014 1566 4068 fecerit?
1617 4012 1832 4067 Idcirco
1884 4013 1963 4067 ait

371 4105 632 4166 Christus
661 4122 674 4158 :
708 4122 726 4155 ι
756 4103 862 4169 Qui
894 4108 982 4158 me
1011 4101 1164 4167 odit,
1198 4111 1253 4157 et
1286 4102 1504 4157 Patrem
1538 4118 1717 4158 meum
1754 4102 1893 4157 odit.
1935 4120 1956 4154 ›

372 4197 597 4253 Utiliter
628 4203 812 4251 autem
856 4202 913 4251 et
961 4194 1028 4248 ad
1064 4193 1248 4249 Patris
1278 4210 1572 4263 personam
1617 4194 1783 4250 refert
1814 4195 1962 4265 quod

374 4287 429 4341 in
457 4302 517 4343 se
549 4302 579 4341 a
613 4285 897 4341 nonnullis
925 4284 1095 4339 fuerit
1125 4292 1487 4341 attentatum.
1530 4285 1626 4341 His
1654 4286 1802 4341 enim
1841 4301 1965 4339 ver-

373 4378 461 4433 bis
480 4377 850 4433 certissimam
874 4375 1039 4431 nobis
1064 4375 1225 4431 ﬁdem
1253 4374 1390 4430 facit
1414 4391 1474 4432 se
1491 4391 1603 4431 non
1629 4376 1799 4430 alium
1816 4391 1963 4442 esse,

374 4470 471 4525 sed
499 4469 755 4526 eumdem
782 4484 909 4524 cum
941 4468 1083 4539 ipso,
1102 4468 1432 4523 omnimodae
1450 4468 1765 4524 identitatis
1797 4468 1968 4524 ratio-

374 4579 466 4618 ne.
492 4562 723 4632 Insuper
747 4574 881 4617 vero
907 4567 1078 4617 terret
1105 4560 1413 4627 auditores,
1430 4561 1733 4617 ostendens
1749 4561 1878 4617 odio
1906 4576 1968 4617 se

2136 1993 2188 2046 Ὀ
2219 1996 2323 2065 ἐμὲ
2350 1995 2568 2066 μισῶν,
2598 1998 2696 2053 καὶ
2733 1998 2841 2052 τὸν
2866 1996 3098 2065 Πατέρα
3118 2014 3238 2066 μου
3259 1993 3448 2065 μισεῖ.

2142 2086 2458 2160 Ἀθεότητος
2485 2090 2739 2161 ἔγκλημα
2767 2090 3048 2161 καθορίζει
3082 2087 3272 2158 σαφῶς
3299 2087 3409 2141 τῶν
3454 2087 3514 2151 ἐξ
3545 2087 3645 2140 ἀν-

2056 2178 2202 2231 οσίου
2227 2178 2450 2250 γνώμης
2474 2181 2567 2234 καὶ
2594 2180 2791 2251 φρενὸς
2817 2179 3300 2252 ἑκκεκρουσμένης
3331 2178 3509 2248 μισεῖν
3535 2177 3645 2229 αὑ-

2056 2269 2149 2323 τὸν
2177 2270 2465 2342 ἑλομένων.
2498 2272 2606 2326 Καὶ
2627 2272 2735 2345 γάρ
2756 2274 2902 2326 ἑστιν
2924 2270 3145 2342 ἀληθές.
3179 2270 3255 2325 Οὐ
3282 2269 3390 2341 γὰρ
3418 2268 3644 2339 ἀφέξον-

2054 2379 2147 2415 ται
2170 2364 2269 2432 τῆς
2310 2365 2393 2428 εἰς
2432 2366 2524 2420 τὸν
2554 2365 2776 2437 Πατέρα
2819 2364 3235 2437 πλημμελείας,
3284 2363 3336 2417 οἱ
3369 2362 3461 2417 τὸν
3510 2361 3643 2416 Tib»

2057 2455 2453 2525 ἀτιμάζοντες,
2502 2458 2671 2528 ἡγουν
2712 2459 2794 2511 ὅτι
2835 2457 3038 2528 πρέπει
3091 2458 3271 2527 μισεῖν
3312 2456 3637 2523 ἐγνωκότες.

2060 2546 2267 2618 Ὄνπερ
2310 2548 2418 2619 γάρ
2445 2548 2646 2620 τρόπον
2684 2549 2783 2620 τὴν
2810 2548 2905 2603 τοῦ
2942 2548 3095 2619 ἡλίου
3130 2544 3532 2619 μαρμαρυγὴν,
3562 2543 3646 2607 ὡς

2057 2637 2144 2689 ἐπ’
2167 2638 2342 2691 οὐδενὶ
2363 2638 2471 2691 τῶν
2491 2638 2806 2707 ἀναγκαίων
2826 2636 3010 2707 φαίνοι
3038 2653 3098 2689 τε
3124 2636 3216 2689 καὶ
3245 2634 3501 2704 ὑπάρχοι,
3520 2631 3641 2684 δια-

2058 2730 2313 2801 σύροντες
2354 2729 2452 2792 τάς
2494 2729 2593 2800 τῆς
2624 2730 2983 2800 ἀχρειότητος
3026 2728 3242 2791 αίτίας,
3295 2724 3392 2778 κα)⁵
3430 2723 3528 2793 τὴν
3552 2721 3647 2775 ἐπ’

2056 2821 2193 2890 αὐτῇ
2222 2819 2424 2890 ψῆφον,
2441 2821 2521 2883 είς
2552 2819 2718 2873 αὐτὸν
2740 2818 3081 2879 ἀνατείνουσι
3104 2818 3196 2871 τὸν
3222 2815 3280 2882 ἐξ
3304 2810 3475 2886 οὗπερ
3499 2813 3644 2866 ἑοτί·

2056 2912 2152 2967 καὶ
2194 2912 2412 2983 ὅτῳπερ
2457 2910 2524 2965 ἂν
2559 2909 2795 2965 κακύναι
2836 2910 2968 2981 δοκῇ
3002 2909 3102 2980 τὴν
3142 2907 3203 2973 ἑξ
3239 2906 3445 2961 ἀνθέων
3477 2905 3651 2975 τυχὸν

2057 3004 2287 3058 εὐωδίαν
2306 3045 2320 3067 ,
2367 3004 2457 3057 ἐπ’
2481 3005 2660 3058 ἐκεῖνο
2704 3002 2769 3075 δὴ
2799 3003 3020 3066 πάντως
3054 3000 3263 3055 ἀνοίσει
3292 2998 3353 3053 τὸ
3388 2998 3651 3067 ἔγκλημα

2057 3096 2148 3149 τὸν
2178 3097 2238 3163 ἑξ
2264 3091 2434 3167 οὗπερ
2467 3096 2534 3150 ἀν
2560 3096 2801 3151 τίκτοιτο
2824 3113 2838 3127 ·
2872 3095 2964 3149 τὸν
2996 3092 3180 3157 αὑτὸν,
3207 3088 3382 3162 οἶμαι,
3416 3091 3651 3162 τρόπον,

2058 3190 2150 3243 ἐπί
2185 3207 2247 3259 γε
2274 3190 2368 3244 τοῦ
2394 3187 2756 3257 Μονογενοῦς,
2795 3188 2890 3241 καὶ
2918 3185 3014 3241 τοῦ
3035 3185 3286 3249 τεκόντος
3318 3184 3481 3238 αὑτὸν
3509 3201 3654 3253 συμ-

2061 3282 2311 3352 ϐήσεται.
2363 3282 2439 3335 Οὐ
2468 3280 2577 3353 γὰρ
2608 3281 2744 3347 ἐστι,
2778 3281 2878 3333 οὐκ
2910 3278 3025 3331 ἔστι
3061 3275 3471 3344 καταψέγοντάς
3488 3292 3654 3337 τινας

2059 3373 2120 3425 τό
2161 3390 2304 3436 τινος
2335 3370 2675 3440 ἐκπεφυκὸς,
2724 3369 3014 3423 ἐπαινέσαι
3059 3367 3122 3420 τὸ
3164 3366 3225 3431 ἑξ
3263 3363 3433 3438 οὗπερ
3472 3365 3651 3419 ἑστίν.

2059 3465 2157 3519 Διά
2203 3480 2284 3517 τοι
2334 3463 2494 3516 τοῦτο
2541 3465 2656 3526 τοῖς
2699 3461 2973 3525 Ἰουδαίοις
3024 3459 3128 3530 ἔφη
3170 3459 3444 3531 Χριστόςο
3500 3475 3521 3508 ι
3570 3457 3651 3510 Οὐ

2057 3554 2282 3608 δύναται
2319 3554 2537 3624 δένδρον
2587 3552 2794 3621 ἀγαθὸν
2834 3552 3081 3624 καρποὺς
3129 3550 3405 3623 πονηροὺς
3447 3552 3652 3614 ποιεῖν,

2044 3648 2178 3701 -ούδὲ
2215 3646 2433 3718 δένδρον
2463 3646 2693 3716 σαπρὸν,
2726 3646 2977 3717 καρποὺς
3011 3644 3251 3711 ἀγαθοὺς
3279 3645 3474 3697 ποιεῖν·
3502 3664 3522 3696 ι
3559 3644 3655 3697 ὅτε

2059 3737 2154 3789 καὶ
2177 3736 2276 3807 τὴν
2309 3736 2403 3789 ἐπὶ
2456 3734 2632 3805 τούτῳ
2675 3734 2950 3805 διάκρισιν
2981 3734 3186 3805 ἀκριϐῆ
3226 3750 3287 3786 τε
3321 3732 3417 3788 καὶ
3460 3733 3658 3787 ἀνεπί-

2060 3828 2264 3899 ληπτον
2289 3826 2627 3880 διεκελεύετο
2660 3824 2932 3879 ποιεῖσθαι
2952 3840 2966 3853 ⁸
3006 3844 3023 3876 ι
3065 3826 3135 3877 Ἢ
3161 3824 3427 3895 ποιήσατε
3450 3823 3514 3875 τὸ
3539 3823 3659 3876 δέν-

2060 3921 2184 3991 δρον
2216 3919 2446 3990 σαπρὸν,
2476 3918 2573 3971 καὶ
2602 3916 2694 3970 τὸν
2721 3915 2932 3987 καρπὸν
2961 3915 3128 3969 αὐτοῦ
3156 3915 3387 3985 σαπρόν.
3416 3934 3435 3965 ι
3473 3915 3656 3985 Ὅπερ

2061 4013 2170 4082 γὰρ
2212 4010 2279 4065 ἂν
2322 4011 2439 4064 καθ’
2471 4010 2590 4070 ἑνὸς
2632 4008 2739 4062 τῶν
2784 4006 3043 4061 τοιούτων
3096 4004 3422 4077 ἀληθεύοιτο
3466 4006 3657 4075 τυχὸν,

2061 4103 2220 4156 τοῦτο
2248 4102 2313 4174 δὴ
2350 4102 2567 4164 πάντως
2590 4100 2802 4171 διήκειν
2838 4100 2928 4151 ἐπ’
2956 4101 3163 4169 ἀμφοῖν
3210 4098 3513 4167 ἀναγκαῖός
3551 4115 3657 4161 τις,

2063 4190 2213 4263 οἶμαι
2236 4237 2249 4260 ,
2287 4191 2647 4263 παρατρέψει.
2690 4191 2837 4253 Μιᾶς
2868 4189 2978 4261 γάρ
3016 4188 3263 4257 φύσεως,
3297 4188 3414 4251 πῶς
3446 4188 3566 4257 οὐχὶ
3591 4187 3659 4257 δὴ

2065 4286 2284 4349 πάντως
2313 4284 2467 4339 κοινά
2494 4283 2649 4337 ἔσται
2677 4282 2745 4336 τά
2769 4281 3061 4352 ἡττώμενα
3082 4321 3098 4345 ,
3123 4282 3293 4351 ἤγουν
3323 4282 3420 4333 καὶ
3451 4280 3658 4349 ἑτέρως

2066 4375 2553 4448 καταλαμπρύνειν
2602 4374 2826 4438 είδότα;
2878 4374 2989 4426 Καὶ
3024 4374 3162 4442 ὅπερ
3209 4372 3277 4427 ἂν
3314 4372 3536 4442 δράσειέ
3574 4389 3662 4435 τις

2066 4472 2145 4534 εἰς
2183 4469 2242 4522 τὸ
2268 4469 2332 4523 ἐκ
2368 4484 2515 4531 τινος
2544 4466 2727 4536 πηγῆς
2750 4507 2765 4531 ,
2813 4465 2975 4520 τοῦτο
3018 4465 3083 4535 δὴ
3119 4464 3339 4528 πάντως
3377 4464 3662 4536 δεδρακὼς

2068 4560 2136 4614 ἂν
2166 4559 2253 4629 είη
2283 4559 2378 4613 καὶ
2418 4559 2500 4623 είς
2530 4558 2703 4629 αὐτὴν
2729 4557 2831 4629 τὴν
2865 4557 3071 4629 πηγήν.
3117 4556 3217 4610 Διά
3250 4556 3410 4610 τοῦτό
3440 4574 3607 4628 φησιν
3632 4559 3662 4610 ὁ

376 4651 568 4706 haberi
600 4649 973 4721 periculosum
993 4689 1009 4716 ,
1036 4665 1276 4720 eumque
1301 4665 1407 4719 ope
1431 4649 1759 4707 destitutum
1787 4650 1884 4717 iri,
1911 4658 1956 4707 el

2070 4652 2327 4722 Χριστὸς,
2364 4652 2449 4704 ὅτι
2493 4667 2511 4701 ι
2556 4651 2614 4704 '0
2660 4649 2762 4720 ἐμὲ
2787 4649 2983 4720 μισῶν,
3031 4650 3126 4702 καὶ
3152 4648 3245 4702 τὸν
3276 4649 3506 4718 Πατέρα
3558 4667 3661 4720 μου

376 4744 432 4797 in
462 4742 702 4812 praedam
748 4741 915 4797 facile
955 4756 1250 4798 cessurum
1291 4741 1560 4809 afﬁrmat,
1602 4743 1700 4813 qui
1742 4743 1956 4799 omninc

2070 4748 2236 4817 μισεῖ.
2263 4763 2281 4795 ι
2335 4744 2499 4814 Φέρει
2540 4742 2599 4796 δὲ
2643 4742 2933 4813 χρησίμως
2963 4740 3059 4795 καὶ
3088 4742 3168 4805 είς
3206 4741 3271 4794 τὸ
3310 4739 3408 4794 τοῦ
3442 4742 3665 4812 Πατρὺς

377 4834 613 4890 adorare
641 4834 801 4899 nolit,
829 4832 1039 4904 quippe
1081 4832 1258 4902 quiin
1298 4832 1476 4902 ipsam
1516 4846 1742 4903 quoque
1783 4832 1956 4888 Patris

2065 4838 2379 4909 πρόσωπον.
2396 4834 2541 4906 ἅπερ
2560 4832 2627 4888 ἀν
2647 4836 2726 4897 είς
2747 4834 2909 4887 αὑτὸν
2932 4834 3267 4904 ἐπιχειροῖτο
3287 4833 3446 4904 παρά
3462 4852 3651 4889 τινων.

378 4942 671 4998 personam
726 4926 800 4981 sit
848 4924 1313 4980 contumeliosus.
1368 4921 1609 4978 Omnino
1658 4924 1811 4979 enim
1858 4939 1956 4979 una

2065 4927 2481 4999 Πληροφορήσει
2512 4926 2611 4997 μὲν
2635 4925 2744 4997 γὰρ
2766 4925 2919 4979 οὐδὲν
2941 4922 3106 4997 ἦττον
3141 4926 3290 4996 ἡμᾶς
3325 4925 3417 4980 διά
3452 4924 3664 4980 τούτων

377 5019 544 5076 Pater
574 5018 924 5075 succensebit
944 5056 960 5082 ,
996 5024 1060 5071 ut
1086 5016 1182 5087 qui
1214 5030 1325 5070 una
1351 5029 1481 5069 cum
1511 5030 1615 5069 suo
1649 5014 1790 5070 Filio
1820 5016 1956 5087 inju-

2062 5017 2170 5071 τῶν
2196 5017 2400 5085 λόγων,
2455 5015 2532 5078 ὡς
2576 5014 2675 5084 οὐχ
2719 5014 2909 5084 ἑτερός
2939 5015 3089 5067 ἐστιν
3151 5014 3229 5079 ὡς
3274 5014 3420 5085 πρὸς
3471 5016 3663 5091 αύτδν,

378 5111 519 5165 riam
570 5111 799 5181 patitur.
848 5108 1091 5165 Sanctos
1136 5115 1324 5163 autem
1370 5108 1657 5178 apostolos
1696 5123 1808 5164 non
1854 5124 1956 5164 me-

2071 5106 2213 5161 κατά
2243 5123 2307 5175 γε
2328 5105 2419 5158 τὸν
2446 5104 2506 5159 ὲν
2530 5104 2820 5174 ταυτότητι
2846 5106 2913 5175 τῇ
2942 5103 3090 5158 κατά
3118 5106 3229 5159 πᾶν
3268 5106 3545 5178 νοουμένῃ
3574 5106 3667 5159 λό-

380 5203 641 5259 diocriter
683 5220 751 5259 ex
798 5203 970 5273 hujus
1012 5201 1097 5258 rei
1148 5199 1258 5257 ﬁde
1286 5200 1644 5255 corroborari
1691 5200 1820 5272 quis
1852 5216 1956 5257 non

2072 5216 2188 5267 γον.
2239 5198 2553 5251 Καταπτοεῖ
2582 5196 2641 5251 δὲ
2686 5196 2827 5269 πρὸς
2869 5196 3047 5269 τούτῳ
3083 5198 3214 5261 τοὺς
3244 5196 3667 5271 ἀκροωμένους,

382 5295 576 5349 videt?
621 5295 893 5350 Praeterea
938 5292 1091 5349 aliud
1145 5292 1451 5363 quiddam,
1496 5292 1737 5363 opinor,
1787 5308 1956 5364 opera

2077 5290 2343 5362 σφαλερὸν
2377 5289 2458 5343 ἑτι
2488 5289 2702 5353 δεικνὺς
2727 5289 2789 5343 τὸ
2820 5287 2915 5342 ἑπῖ⁵
2942 5288 3005 5342 τὸ
3040 5291 3221 5361 μισεῖν
3251 5291 3420 5346 αὐτὸν
3445 5291 3668 5346 ἑλέσθαι

386 5384 623 5453 pretium
652 5392 710 5441 et
735 5384 1025 5455 sapientiae
1061 5381 1289 5455 plenum
1332 5380 1594 5439 Christus
1628 5383 1956 5455 peragebat,

2077 5382 2487 5453 πλημμέλημα,
2532 5380 2829 5453 εὐσύλητόν
2859 5398 2919 5434 τε
2951 5382 3046 5435 καὶ
3073 5382 3518 5456 ἀνεπικούρητον
3548 5382 3668 5436 ἑσεο

392 5586 654 5711 ωυὲἑεῑ.
680 5595 836 5658 nm,
873 5592 925 5649 5.
1009 5596 1050 5627 ι’
1087 5590 1103 5647 l
1138 5589 1282 5649 Pctr.
1307 5590 1474 5660 11,93.
1556 5587 1778 5645 “Joan.
1803 5600 1956 5653 xvm,

2058 5624 2070 5639 .
2152 5586 2193 5620 ”
2223 5584 2368 5643 Psal.
2392 5600 2659 5657 Lxxxvm,
2686 5586 2736 5641 7.
2820 5586 2861 5619 "
2885 5584 3076 5642 Matth.
3103 5601 3202 5653 vn,
3229 5583 3316 5641 18.
3401 5584 3447 5617 ¹⁸
3472 5582 3666 5641 Matth.

476 5693 617 5721 ’Wo
