3868 6200
150 267 261 325 M3

1204 273 1275 333 ΙΝ
1306 275 1592 337 JOANNIS
1627 277 2086 339 EVANGELIUM
2128 279 2258 340 LIB.
2292 280 2363 339 X.

3328 280 3436 336 ιιι

155 384 282 439 σθαι
301 384 585 451 παντελῶς
612 384 704 441 τὸν
728 386 880 461 αὖτῷ
903 389 977 461 μὴ
1003 396 1335 463 προσκυνεῖν
1354 395 1737 469 ἐπιχειροῦντα

1865 396 1989 467 [und
2024 412 2224 453 rursus
2260 396 2351 452 hic
2376 396 2535 467 juvat
2569 408 2866 466 exponere.
2895 392 3213 450 Incredibili
3248 394 3441 452 furore

151 477 566 549 διῖσχυρίζεται,
590 478 686 533 ἀτε
707 480 772 552 δὴ
806 483 902 535 καὶ
928 484 1007 546 είς
1040 484 1174 538 αὐτὸ
1201 484 1263 538 τὸ
1282 486 1377 540 τοῦ
1402 488 1618 556 Πατρὸς
1645 492 1745 559 ἐμ-

153 572 524 643 παροινοῦντα
563 572 874 644 πρόσωπον.
931 576 1412 651 Συναγανακτήσει
1456 582 1566 653 γὰρ
1604 583 1744 637 πάν-

152 681 298 729 τως,
346 665 421 729 ὡς
457 667 947 739 συνυϐριξόμενος,
994 671 1074 742 τῷ
1120 672 1236 744 ἰδίῳ
1265 676 1584 745 γεννήματι.
1618 675 1745 729 Ὅτι

152 753 211 808 δὲ
235 757 366 821 τοὺς
393 756 586 827 ἁγίους
616 760 950 825 ἀποστόλους
988 762 1420 835 εὐτολμοτάτους
1453 767 1621 821 ἐτίθει
1651 770 1747 824 καὶ

153 845 317 902 τοῦτο
345 850 685 921 παραδεχθὲν
716 852 799 917 είς
840 853 1045 919 πίστιν,
1083 856 1203 921 πῶς
1229 857 1289 910 οὐ
1322 859 1529 931 σφόδρα
1554 859 1749 930 διαφα-

156 939 292 1006 νές;
340 940 509 1012 Ὁμοῦ
538 942 595 995 δὲ
628 944 766 1015 πρὸς
793 944 1005 1009 τούτοις
1036 947 1223 1018 ἕτερον
1256 949 1556 1019 ἀναγκαῖον
1590 947 1748 1024 οἶμαι

158 1030 256 1085 καὶ
303 1032 470 1101 σοφὸν
501 1034 757 1089 ἀπετέλει
786 1038 1021 1107 Χριστός
1044 1053 1059 1067 ⁶
1109 1040 1389 1095 καὶτοῦτο
1417 1043 1583 1097 πάλιν
1612 1045 1745 1117 ἐρῶ·

172 1123 264 1188 Ἔξ
278 1125 615 1198 ἀσυγκρίτου
641 1128 1069 1199 φρενοϐλαϐείας
1094 1133 1188 1187 καὶ
1215 1134 1411 1205 μανίας
1433 1135 1750 1207 ὑπερφυοῦς

159 1215 328 1289 ᾤοντό
354 1237 519 1284 τινες,
547 1221 631 1275 ὅτι
661 1221 1111 1295 πλημμελοῦντες
1138 1227 1219 1291 είς
1246 1227 1338 1281 τὸν
1358 1228 1486 1283 Υἱὸν
1517 1231 1613 1284 καὶ
1636 1234 1750 1295 τοῖς

158 1308 255 1362 τοῦ
288 1310 545 1382 Σωτῆρος
586 1313 1043 1386 ἀντιπράττοντες
1071 1317 1287 1386 λόγοις,
1336 1319 1432 1373 τὸν
1462 1320 1557 1374 τοῦ
1583 1323 1749 1393 νόμου

166 1402 373 1473 δοτῆρα
419 1403 555 1457 Θεὸν
606 1404 999 1477 εὐφραίνουσι,
1058 1409 1155 1462 καὶ
1210 1413 1325 1475 τοῖς
1374 1411 1461 1471 διὰ
1506 1413 1752 1477 Μωσέως

158 1494 613 1567 τεθεσπισμένοις
656 1497 719 1552 τὸ
766 1502 965 1570 χρῆναι
1011 1503 1169 1573 νικᾷν
1216 1503 1305 1557 ἀεὶ
1369 1504 1749 1577 χαριζόμενοι,

159 1587 377 1657 γνήσιοί
405 1605 553 1653 τινες
580 1590 681 1661 τῆς
723 1592 804 1654 είς
834 1591 969 1645 Θεὸν
1012 1593 1237 1663 ἀγάπης
1267 1596 1615 1668 εὑρίσκονται
1648 1596 1753 1666 φύ-

1847 496 1904 543 et
1935 488 2173 542 amentia
2209 487 2467 542 nonnulli
2512 488 2785 558 putabant
2828 500 2888 542 se
2932 486 3213 556 peccando
3251 486 3307 541 in
3343 484 3438 541 Fi-

1849 582 1984 637 lium
2015 591 2064 638 et
2100 581 2415 638 Servatoris
2452 581 2803 638 sermonibus
2829 580 3146 636 resistendo
3170 623 3184 645 ,
3222 580 3331 636 Deo
3358 582 3439 636 le-

1850 674 1933 745 gis
1962 676 2177 729 auctori
2209 683 2428 745 gratum
2465 673 2649 728 facere
2672 716 2686 739 ,
2734 680 2791 727 et
2834 673 3049 744 priores
3089 679 3275 741 partes
3320 669 3439 725 Mo-

1851 765 2019 822 saicis
2051 767 2325 823 mandatis
2358 781 2538 837 usque
2569 764 2902 829 tribuendo,
2938 779 3102 820 veros
3136 778 3197 819 se
3227 778 3292 818 ac
3328 764 3444 818 sin-

1850 871 2011 913 ceros
2058 858 2376 913 dilectionis
2430 873 2562 929 erga
2616 855 2787 912 Deum
2840 856 3233 912 observatores
3289 868 3442 910 esse.

1851 944 2151 1017 Oportebat
2184 947 2359 1017 igitur
2389 960 2589 1000 vanum
2625 960 2819 1001 eorum
2869 943 3076 1000 fastum
3106 941 3399 997 ostendere
3425 979 3441 1003 ,

1851 1040 2144 1110 palamque
2171 1040 2433 1095 universo
2462 1046 2739 1094 terrarum
2768 1035 2893 1092 orbi
2925 1035 3111 1091 facere
3131 1076 3144 1099 ,
3176 1033 3323 1105 quod
3347 1032 3443 1103 qui

1855 1131 2166 1189 Servatoris
2209 1132 2424 1203 legibus
2461 1130 2770 1196 resistunt,
2806 1136 2980 1184 totam
3028 1126 3444 1198 quodammodo

1852 1234 2106 1280 naturam
2149 1225 2312 1295 907
2355 1223 2597 1277 divinam
2639 1222 2842 1291 injuria
2882 1218 3125 1274 afficiunt
3166 1218 3221 1272 in
3263 1214 3444 1280 Filio,

1852 1335 1952 1391 per
1980 1319 2197 1389 longam
2229 1326 2285 1373 et
2316 1315 2752 1373 inexcusabilem
2781 1312 3216 1369 inobedientiam
3235 1349 3251 1375 ,
3278 1324 3444 1379 quam

1854 1426 1967 1468 non
1997 1412 2179 1467 solum
2211 1412 2268 1465 in
2298 1425 2454 1467 suam
2487 1421 2784 1481 personam
2817 1404 3179 1475 singulariter
3206 1401 3323 1456 fieri
3353 1416 3446 1456 as-

1856 1504 2014 1569 serit,
2048 1504 2143 1560 sed
2175 1510 2230 1558 et
2270 1502 2325 1557 in
2360 1517 2458 1558 eos
2484 1500 2581 1571 qui
2616 1515 2720 1571 pro
2747 1499 2872 1570 ipso
2900 1504 2956 1552 et
2987 1512 3084 1567 per
3113 1498 3293 1566 ipsum
3327 1509 3447 1549 ser-

1854 1611 2076 1653 monem
2103 1595 2462 1650 annuntiant.
2485 1591 2581 1648 Dei
2608 1592 2789 1648 hostis
2825 1590 2996 1661 igitur
3032 1596 3088 1645 et
3115 1603 3245 1658 erga
3276 1595 3447 1641 totam

160 1672 349 1738 λακες.
401 1676 551 1730 Ἔδει
583 1678 876 1749 τοιγαροῦν
923 1681 985 1735 τὸ
1023 1682 1124 1753 μὲν
1164 1685 1224 1738 ὲν
1276 1685 1507 1751 ἐκείνοις
1542 1689 1754 1742 εἰκαῖον

1865 1687 2189 1745 ineffabilem
2221 1695 2276 1743 et
2305 1684 2753 1756 inexplicabilem
2785 1691 3043 1737 naturam
3074 1678 3446 1734 contumelio-

160 1767 567 1836 ἀποφαίνεσθαι
607 1770 868 1843 φύσημα,
923 1775 1117 1844 μαθεῖν
1152 1776 1211 1829 δὲ
1256 1777 1356 1851 τὴν
1400 1780 1749 1853 οἰκουμένην,

1865 1795 1955 1838 sus
1992 1788 2112 1843 est,
2150 1754 2465 1847 quicunque
2512 1775 2682 1830 etiam
2732 1775 2948 1831 sanctis
2992 1772 3129 1843 ipsis
3174 1768 3447 1840 apostolis

160 1856 244 1910 ὅτι
289 1861 408 1922 τοῖς
452 1861 547 1914 τοῦ
594 1861 849 1934 Σωτῆρος
908 1865 1302 1935 ἀντεξάγοντες
1340 1870 1561 1941 νόμοις,
1614 1873 1753 1943 πρὸς

1865 1870 2125 1928 resistere
2150 1870 2491 1939 aggreditur.
2525 1864 2638 1922 Nec
2668 1866 2817 1922 enim
2854 1866 3069 1935 seipsos
3101 1862 3449 1933 praedicant,

159 1946 357 2018 ὁλόκλη
368 1966 460 2021 ρον
489 1949 679 2023 ὥσπερ
704 1951 803 2023 τὴν
836 1951 988 2007 Θείαν
1015 1955 1201 2027 ἔχουσι
1229 1957 1395 2026 φύσιν
1416 1959 1752 2032 ὑϐρισμένην

1865 1963 1957 2019 sed
1987 1961 2235 2018 universi
2272 1959 2443 2014 Deum
2475 1973 2540 2014 ac
2568 1957 2865 2013 Dominum
2891 1996 2907 2022 ,
2938 1955 2994 2010 id
3023 1962 3111 2011 est
3140 1954 3449 2010 Christum.

160 2037 220 2089 ὲν
243 2039 362 2110 Υἱῷ
397 2039 487 2094 διά
535 2042 633 2114 τῆς
661 2045 984 2115 παρακοῆς,
1033 2046 1130 2100 καὶ
1167 2049 1272 2119 τῆς
1321 2049 1466 2105 οὕτω
1509 2054 1749 2125 μακρᾶς,
1790 2057 1885 2110 καὶ⁵
1908 2053 2322 2128 ἀπροφασίστου
2352 2052 2540 2106 λοιπὸν
2570 2051 2877 2115 ἀπειθείας,
2909 2050 2978 2121 ἢν
3046 2046 3108 2100 οὐ
3177 2045 3336 2117 μόνον
3373 2046 3455 2097 εί-

160 2130 329 2196 δικῶς
359 2135 439 2199 είς
469 2134 533 2189 τὸ
561 2137 759 2191 οἰκεῖον
788 2139 1155 2195 ἐπιτελεῖσθαι
1189 2143 1480 2213 προσώπον
1543 2142 1603 2201 εὖ
1666 2149 1811 2219 μάλα.
1848 2149 2273 2220 διῖσχυρίςεται,
2321 2145 2456 2199 ἀλλὰ
2489 2145 2584 2198 καὶ
2613 2146 2670 2197 ὲν
2715 2146 2829 2206 τοῖς
2855 2141 2948 2195 τὸν
2980 2142 3120 2212 ὑπὲρ
3146 2138 3312 2192 αὐτοῦ
3340 2135 3441 2189 καὶ

162 2224 252 2279 διὰ
287 2226 451 2281 αὐτὸν
496 2229 861 2300 πρεσϐεύουσι
909 2232 1088 2302 λόγον.
1147 2234 1429 2308 Θεομάχος
1482 2235 1576 2293 οὖν
1619 2241 1750 2313 ἀρα,
1790 2242 1885 2296 καὶ
1915 2240 2213 2315 ὑϐριστὴς,
2263 2239 2360 2292 καὶ
2398 2237 2535 2309 πρὸς
2571 2236 2702 2308 ὅλην
2767 2234 2907 2306 ἔχων
2946 2234 3046 2306 τὴν
3106 2232 3346 2306 ἀρῤητόν
3386 2246 3449 2283 τε

164 2320 261 2373 καὶ
288 2320 569 2394 ἄφραστον
598 2325 790 2396 φύσιν,
839 2329 869 2382 ὁ
913 2330 1008 2383 καὶ
1056 2332 1241 2397 αὐτοῖς
1268 2336 1380 2396 τοῖς
1414 2334 1593 2403 ἁγίοις
1621 2338 1943 2401 ἀποστόλοις
1996 2334 2384 2406 ἀντιπράττειν
2405 2329 2721 2403 ἐπιχειρῶν.
2780 2327 3128 2400 Κηρύττουσι
3187 2326 3298 2397 γάρ
3353 2322 3454 2393 οὐχ

162 2411 429 2479 ἑαυτοὺς,
462 2415 599 2471 ἀλλά
625 2418 717 2472 τὸν
749 2420 859 2474 τῶν
886 2423 1026 2477 ὅλων
1055 2426 1189 2480 Θεὸν
1216 2428 1312 2482 καὶ
1340 2430 1544 2500 Κύριον
1563 2470 1578 2494 ,
1610 2429 1757 2483 τοῦτ’
1795 2428 1912 2483 ἔστι
1941 2428 2199 2500 Χριστόν.

238 2509 309 2560 Et
342 2508 415 2562 τὰ
451 2510 595 2579 ἔργα
639 2512 725 2582 μὴ
775 2514 1036 2583 ἐποίησα
1076 2519 1147 2573 ἐν
1191 2522 1429 2591 αὐτοῖς,
1482 2524 1522 2578 ᾰ
1548 2523 1762 2594 μηδεὶς

164 2598 366 2666 ἄλλος
408 2600 762 2670 πεποίηκεν,
804 2606 1098 2675 ἁμαρτίαν
1137 2612 1249 2664 οὐκ
1285 2608 1457 2681 εἶχον
1480 2631 1493 2643 ·
1548 2612 1665 2667 νῦν
1694 2612 1763 2666 δὲ

165 2691 269 2746 καὶ
306 2691 627 2761 ἑωράκασι,
673 2697 774 2751 καὶ
807 2700 1187 2769 μεμισήκασι
1228 2704 1330 2757 καὶ
1385 2704 1490 2774 ἐμὲ
1526 2706 1623 2759 καὶ
1655 2706 1763 2760 τὸν

166 2785 412 2853 Πατέρα
444 2802 586 2855 μου.

239 2876 451 2930 Οὐδένα
492 2881 606 2943 τοῖς
647 2880 925 2946 Ἰουδαίοις
959 2884 1370 2955 περιλελεῖφθαι
1405 2887 1560 2957 λόγον
1594 2888 1674 2951 είς
1698 2888 1760 2941 τὸ

171 2967 251 3040 μὴ
297 2969 495 3039 χρῆναι
557 2971 885 3036 κολάζεσθαι
932 2977 1030 3028 καὶ
1070 2979 1185 3041 τοῖς
1230 2977 1553 3048 ἀνηκέστοις
1600 2996 1760 3050 περι-

168 3062 401 3124 πεσεῖν,
453 3061 546 3114 καὶ
588 3062 676 3116 διά
724 3064 929 3119 τούτων
976 3066 1130 3119 οὐδὲν
1181 3062 1346 3139 ἦττον
1403 3070 1685 3141 ἀπέφηνεν
1732 3071 1761 3122 ὁ

168 3153 432 3223 Χριστός.
468 3154 721 3210 Φαίνεται
770 3156 877 3228 γὰρ
907 3157 1017 3211 τῶν
1059 3161 1139 3222 είς
1168 3159 1433 3228 ὠφέλειαν
1461 3162 1760 3216 τελούντων

1930 2520 2049 2585 XV,
2089 2520 2181 2574 24.
2225 2519 2287 2575 Si
2326 2534 2485 2587 opera
2526 2533 2631 2570 non
2671 2514 2913 2582 fecissem
2947 2513 3006 2566 in
3033 2512 3108 2567 eis
3133 2527 3251 2582 qua:
3302 2526 3456 2565 nemo

1859 2614 2003 2667 alius
2040 2612 2207 2680 fecit,
2239 2620 2515 2681 peccatum
2557 2625 2661 2662 non
2698 2605 2950 2659 haberent
2977 2620 2995 2658 :
3027 2621 3167 2658 nunc
3200 2612 3377 2658 autem
3405 2610 3457 2657 et

1856 2709 2122 2775 viderunt,
2150 2718 2199 2763 et
2236 2709 2461 2763 oderunt
2490 2714 2541 2760 et
2572 2720 2653 2759 me
2682 2713 2733 2758 et
2762 2702 2981 2757 Patrem
3013 2718 3210 2756 meum.

1936 2885 2158 2941 Nullam
2201 2884 2454 2941 relictam
2495 2898 2620 2939 esse
2658 2880 2864 2937 Judaeis
2895 2878 3211 2950 gravissimi
3247 2876 3462 2947 suppli-

1868 2979 1940 3034 cii
1974 2977 2183 3033 vitandi
2225 2978 2498 3032 rationem
2527 3018 2541 3042 ,
2585 2976 2674 3031 his
2712 2989 2939 3045 quoque
2974 2971 3160 3027 verbis
3197 2970 3460 3024 Christus

1867 3073 2129 3128 ostendit.
2164 3070 2312 3126 Nihil
2346 3070 2495 3127 enim
2529 3085 2642 3140 quo
2666 3068 2850 3140 juvari
2888 3071 3117 3137 possent
3149 3061 3461 3134 pmtermi-

1871 3166 1984 3231 sit,
2026 3166 2219 3221 multis
2262 3162 2623 3221 sermonibus
2690 3161 2901 3217 habitis
2949 3158 3155 3229 quibus
3192 3154 3462 3227 perfacile

168 3244 502 3310 ἐλλελοιπὼς
552 3247 724 3313 οὐδὲν,
772 3248 932 3317 λόγου
989 3251 1088 3321 μὲν
1136 3252 1321 3316 αὐτοῖς
1359 3252 1759 3325 παρατεθέντος

1867 3256 2064 3312 adduci
2116 3265 2341 3327 possent
2381 3256 2452 3311 ad
2500 3256 2771 3318 salutem,
2830 3252 3109 3321 editisque
3169 3248 3461 3303 miraculis

172 3337 417 3411 μακροῦ,
469 3339 536 3393 δι’
577 3332 748 3411 οὗπερ
783 3337 852 3413 ἦν
884 3343 978 3396 καὶ
1010 3343 1157 3413 μάλα
1201 3345 1399 3416 ῥαδίως
1450 3347 1585 3401 ἰέναι
1620 3347 1761 3419 πρὸς

173 3430 479 3502 σωτηρίαν,
521 3433 991 3505 παραδειχθέντων
1021 3436 1079 3489 δὲ
1126 3438 1220 3490 καὶ
1252 3437 1566 3509 θαυμάτων,
1608 3439 1644 3494 ἀ
1684 3442 1758 3511 μή

170 3519 293 3583 πώς
324 3539 409 3585 τις
438 3523 549 3575 τῶν
581 3526 639 3577 ὲν
666 3524 856 3596 κόσμῳ
883 3526 1158 3582 τεθέαται.
1195 3529 1291 3593 Τίς
1311 3531 1419 3600 γὰρ
1443 3532 1555 3583 τῶν
1587 3533 1761 3600 ἀγίων

170 3613 286 3675 τοῖς
316 3612 414 3665 τοῦ
444 3614 694 3687 Σωτῆρος
728 3617 999 3689 ήμιλλήθη
1034 3619 1339 3690 θαύμασινς
1394 3616 1527 3674 Εἶτα
1567 3621 1759 3675 τοσοῦ-

170 3716 265 3753 τον
297 3701 689 3772 ἀφεστηκότων
726 3705 819 3758 τοῦ
852 3706 1157 3779 θαυμάζειν
1188 3710 1353 3764 αύτὸν
1382 3710 1635 3780 ἐθελῆσαι
1654 3712 1763 3765 τῶν

184 3793 460 3847 Ἰουδαίων
499 3795 575 3858 ὡς
619 3798 714 3851 καὶ
749 3803 928 3869 μισεῖν
971 3802 1187 3856 ἑλέσθαι
1226 3803 1426 3872 μᾶλλον
1458 3803 1517 3870 ἐξ
1544 3804 1760 3858 ἀνοσίου

171 3884 421 3956 γνώμης,
470 3886 587 3952 πῶς
615 3888 676 3942 οὐ
704 3890 972 3961 δυσαχθὲς
1005 3893 1067 3946 τὸ
1097 3893 1205 3946 τῶν
1236 3895 1598 3966 ἐγκλημάτων
1631 3914 1763 3969 φορ-

169 3978 285 4032 τίον
313 3980 501 4042 αύτοῖς
538 3981 906 4050 ὲπικείσεται;
938 3980 1048 4037 Ἦν
1079 3986 1188 4055 γὰρ
1222 3986 1393 4058 δήπου
1434 3988 1495 4040 τὸ
1536 3989 1669 4042 πολύ
1709 4007 1763 4042 τι

170 4074 422 4144 κρεῖττον
443 4073 537 4127 καὶ
558 4072 803 4145 ἄμεινον,
825 4077 961 4147 μήτε
977 4077 1152 4146 λόγων
1166 4078 1363 4144 αὐτοὺς
1383 4080 1764 4152 ἐπακροᾶσθαι

171 4164 377 4234 σοφῶν,
427 4167 563 4236 μήτε
615 4168 722 4239 μὴν
761 4168 861 4239 τῆς
888 4168 1061 4234 οὕτως
1096 4171 1338 4245 ἀρρήτου
1368 4175 1766 4245 τερατουργίας

167 4259 251 4320 είς
282 4258 409 4329 ὄψιν
442 4259 636 4317 ἐλθεῖν.
688 4262 848 4326 Ἴσως
888 4263 1000 4335 γὰρ
1037 4264 1103 4319 ἂν
1143 4266 1627 4337 ὲξεμηχανήσαντο
1672 4268 1765 4320 τὸν

166 4350 263 4403 ἐπὶ
291 4349 369 4421 τῷ
396 4350 868 4420 συγγινώσκεσθαι
895 4356 1007 4409 δεῖν
1024 4359 1125 4411 οὐκ
1153 4357 1401 4429 ἄκομψον
1437 4359 1593 4427 λόγον
1616 4375 1632 4390 ·
1663 4359 1765 4412 οὐκ

166 4442 499 4514 ἀκηκόαμέν
530 4462 585 4498 τι
632 4444 743 4499 τῶν
781 4448 1117 4517 ἀναγκαίων,
1153 4448 1276 4503 οὔτε
1313 4452 1420 4522 μὴν
1453 4452 1764 4523 τεθεάμεθά

166 4554 224 4588 τι
259 4536 515 4605 λέγοντες
544 4538 657 4592 τῶν
704 4541 787 4603 είς
826 4541 1012 4594 πίστιν
1064 4544 1389 4612 ἐπαγωγῶν.
1457 4546 1673 4618 Ἐπειδὴ
1708 4548 1764 4600 δὲ

166 4629 271 4699 οὐχ
297 4629 417 4692 ἑνὸς
436 4628 545 4684 τῶν
563 4630 738 4699 ἀγίων
766 4633 1087 4704 προφητῶν,
1113 4635 1228 4688 ἀλλ’
1250 4634 1415 4690 αὐτοῦ
1438 4635 1533 4690 τοῦ
1557 4639 1763 4694 ἄνωθεν

166 4721 406 4791 ἧκοντός
449 4739 511 4776 τε
557 4724 654 4778 καὶ
687 4725 763 4789 ὼς
793 4726 943 4797 ἡμᾶς
989 4728 1321 4800 ἐσταλμένου
1346 4730 1766 4787 διεπυνθάνοντο

168 4815 440 4885 Χριστοῦ,
474 4815 613 4870 ἀλλά
642 4818 736 4871 καὶ
764 4817 930 4883 ξένων
965 4819 1259 4891 θαυμάτων
1288 4823 1545 4891 γεγόνασι
1569 4822 1765 4895 θεωροὶ

169 4906 406 4975 (τυφλοῦ
439 4907 549 4979 γάρ
597 4910 911 4982 ὀφθαλμοὺς
942 4913 1178 4983 ἀνέῳξεν
1226 4915 1255 4968 ό
1289 4916 1547 4987 Χριστὸς,
1584 4918 1763 4972 καίτοι

173 4996 413 5069 μηδενὸς
436 4998 625 5067 ἐτέρου
656 4999 878 5054 πώποτε
906 5001 1228 5074 δυνηθέντος
1254 5006 1496 5061 τοιοῦτόν
1521 5026 1573 5061 τι
1603 5009 1767 5079 ἐργά-

172 5088 438 5157 σασθαι),
490 5091 546 5142 τί
592 5090 691 5162 τὴν
742 5092 1013 5147 Ἰουδαίων
1065 5096 1324 5152 ἀπόνοιαν
1375 5100 1767 5172 ὲξαιρήσεται;

171 5183 207 5253 ἢ
246 5184 402 5245 ποῖος
433 5182 630 5249 ἐξοίσει
661 5184 754 5238 τοῦ
786 5186 1113 5252 κολάζεσθαι
1145 5188 1300 5259 λόγος
1332 5210 1347 5254 ς
1413 5193 1770 5259 Ἀκούσαντες

172 5274 290 5346 γὰρ
340 5273 434 5328 καί¹
467 5274 822 5346 τεθεαμένοι,
876 5262 1217 5350 μεμισήκασι
1263 5283 1353 5335 καὶ
1397 5283 1488 5336 τὸν
1516 5282 1643 5338 Υίὸν
1675 5285 1770 5339 καὶ

173 5367 270 5419 τὸν
322 5366 563 5438 Πατέρα.
625 5370 985 5442 Μεμισήκασι
1037 5371 1094 5424 δὲ
1145 5372 1310 5440 πῶς;
1364 5373 1502 5428 Οὔτε
1535 5376 1642 5448 γὰρ
1675 5377 1767 5431 τὸν

177 5459 336 5530 παρὰ
370 5460 585 5530 Πατρὸς
618 5462 686 5515 δι’
717 5462 847 5516 Υίοῦ
900 5465 1232 5535 τετιμήκασι
1278 5466 1456 5534 λόγον,
1500 5468 1625 5522 οὔτε
1658 5470 1767 5541 μὴν

177 5554 297 5615 τοῖς
326 5550 428 5621 τῆς
482 5552 634 5619 θείας
690 5557 906 5625 φύσεως
954 5556 1165 5628 ἔργοις,
1216 5558 1277 5611 τὸ
1320 5561 1505 5626 αὐτοῖς
1556 5561 1767 5635 πρέπον

259 5735 482 5794 "Joan.
511 5752 601 5805 xv,
632 5736 721 5795 24.
801 5737 1021 5797 "Joan.
1051 5739 1173 5811 13,!
1213 5754 1371 5813 seqq.

1863 3358 2072 3422 quanta
2129 3364 2292 3404 nemo
2344 3362 2580 3417 usquam
2624 3345 2765 3400 vidit
2814 3343 3142 3398 mortalium
3198 3341 3264 3393 ¹⁷.
3317 3338 3459 3405 Quis

1863 3445 2011 3499 enim
2056 3454 2373 3499 sanctorum
2413 3442 2482 3496 de
2523 3439 2813 3495 miraculis
2849 3452 2975 3493 cum
3016 3434 3246 3490 Christo
3273 3438 3460 3487 certa-

1864 3537 1989 3591 vit?
2025 3535 2094 3589 At
2126 3550 2253 3590 cum
2289 3535 2356 3589 ab
2386 3534 2509 3602 ejus
2544 3532 2843 3588 dilectione
2882 3538 3098 3584 tantum
3140 3526 3325 3580 absint
3362 3522 3459 3577 Ju—

1865 3629 1999 3693 daei,
2033 3636 2094 3682 ut
2124 3643 2250 3683 eum
2291 3624 2677 3681 infensissimo
2710 3627 3131 3694 prosequantur
3160 3616 3290 3671 odio
3312 3654 3326 3678 ,
3360 3613 3457 3683 qui

1867 3720 1984 3775 fieri
2026 3728 2206 3790 potest
2246 3726 2308 3773 ut
2348 3734 2457 3773 non
2498 3715 2863 3771 acerbissima
2905 3713 2988 3768 eis
3024 3708 3301 3780 supplicia
3345 3706 3456 3760 im-

1866 3810 2160 3867 mineant?
2189 3810 2377 3879 Longe
2408 3808 2612 3880 quippe
2642 3806 2822 3863 satius
2854 3804 2938 3859 eis
2972 3802 3174 3858 fuisset
3194 3842 3207 3862 ,
3242 3814 3345 3854 nee
3375 3797 3463 3851 di-

1864 3902 2029 3959 vinos
2071 3902 2193 3972 ejus
2232 3915 2519 3957 sermones
2555 3897 2785 3959 audire,
2825 3909 2931 3949 nec
2969 3891 3269 3948 ineﬂabilia
3299 3891 3460 3960 signa

1867 4003 2139 4066 spectare.
2172 3991 2290 4046 Non
2321 3992 2591 4047 insulsam
2623 3989 2770 4045 enim
2803 3987 2995 4045 forsan
3034 3984 3453 4041 excusationem

1866 4085 2184 4143 istiusmodi
2213 4093 2518 4155 praetexere
2550 4081 2862 4153 potuissent
2889 4097 2902 4133 :
2927 4076 3080 4132 Nihil
3111 4074 3460 4133 salutiferum

1868 4178 2205 4239 audivimus,
2228 4191 2406 4246 neque
2430 4176 2567 4231 adeo
2594 4189 2710 4229 rem
2739 4173 2904 4227 ullam
2938 4169 3311 4242 spectavimus
3338 4179 3463 4235 qua:

1867 4286 1971 4327 nos
2002 4270 2070 4325 ad
2113 4269 2275 4325 fidem
2309 4268 2632 4325 adduceret.
2668 4266 2877 4322 Verum
2908 4279 3037 4319 cum
3076 4276 3185 4317 non
3217 4258 3461 4330 prophe-

1868 4373 2049 4418 tarum
2084 4377 2257 4417 unum
2282 4401 2297 4427 ,
2336 4361 2430 4417 sed
2467 4363 2649 4431 ipsum
2680 4357 2970 4413 Christum
3002 4353 3227 4410 ccelitus
3256 4350 3322 4405 ad
3357 4364 3461 4404 nos

1868 4453 2176 4526 profectum
2226 4467 2291 4508 ac
2341 4452 2579 4507 missum
2630 4449 2947 4513 audierint,
2997 4460 3067 4501 ac
3115 4441 3458 4498 mirabilium

1868 4547 1991 4617 ejus
2015 4562 2240 4617 operum
2277 4554 2620 4616 spectatores
2658 4542 2864 4598 fuerint
2896 4539 3066 4611 (caeci
3095 4536 3301 4608 quippe
3326 4549 3465 4589 ocu-

1868 4640 1952 4695 los
1998 4638 2261 4695 Christus
2313 4637 2568 4708 aperuit,
2618 4651 2744 4691 cum
2794 4646 2959 4690 nemo
3016 4631 3161 4686 alius
3212 4642 3459 4699 unquam

1866 4732 1979 4788 tale
2028 4732 2163 4803 quid
2215 4730 2400 4786 facere
2453 4728 2730 4801 potuisset
2768 4726 2899 4798 ¹⁸),
2955 4723 3090 4796 quid
3136 4720 3458 4777 Judzeorum

1866 4825 2204 4879 dementiam
2237 4822 2513 4892 supplicio
2542 4819 2783 4876 eximet?
2804 4816 3051 4873 Tametsi
3086 4816 3233 4870 enim
3265 4811 3460 4868 audie-

1866 4917 1980 4972 rint
2010 4928 2066 4972 et
2100 4918 2444 4987 spectarint,
2481 4924 2664 4969 tamen
2697 4928 2822 4967 cum
2860 4910 3060 4965 Filium
3089 4918 3203 4963 tum
3239 4906 3459 4959 Patrem

1866 5011 2127 5067 oderunt.
2152 5006 2441 5074 Quomodo
2466 5020 2595 5062 vero
2620 5003 2894 5060 oderunt?
2922 5000 3237 5057 Doctrinam
3256 5009 3461 5066 nempe

1867 5116 1898 5156 a
1936 5098 2102 5154 Patre.
2142 5114 2240 5169 per
2281 5096 2484 5151 Filium
2523 5095 2789 5151 traditam
2825 5110 2935 5149 non
2966 5095 3365 5160 susceperunt,
3402 5092 3460 5140 et

1867 5200 2054 5264 spreta
2095 5198 2309 5245 natura:
2349 5188 2552 5244 divina:
2581 5203 2812 5258 operum
2842 5184 3246 5244 admiratione,
3280 5178 3336 5232 in
3367 5184 3458 5230 to-

1868 5297 1980 5340 tam
2012 5284 2109 5340 Dei
2145 5290 2431 5347 naturam,
2487 5298 2517 5336 a
2550 5298 2660 5352 qua
2689 5282 2797 5338 ista
2837 5280 2998 5343 fiunt,
3038 5271 3339 5345 impietatis
3374 5269 3457 5325 rei

1875 5377 2169 5433 manifeste
2201 5375 2371 5447 908
2406 5376 2767 5432 tenebuntur.
2811 5369 3078 5427 Miracula
3116 5365 3323 5436 quippe
3355 5375 3458 5430 pa-

1874 5469 2050 5524 tranti
2085 5468 2315 5523 omnino
2349 5475 2403 5523 et
2431 5468 2551 5539 ipse
2578 5466 2743 5523 Pater
2773 5465 3001 5527 aderat,
3037 5474 3149 5514 non
3188 5465 3456 5523 tanquam

1874 5562 2017 5619 alius
2044 5578 2139 5634 per
2170 5560 2340 5617 alium
2375 5560 2643 5619 miracula
2675 5573 2941 5632 operans,
2968 5553 3063 5611 sed
3094 5558 3154 5607 ut
3178 5546 3456 5606 exsistet):
