3868 6200
361 252 466 308 M5

1347 252 1406 306 S.
1447 251 1723 308 CYRILLI
1759 250 2230 306 ALEXANDRINI
2265 253 2584 311 ARCHIEP.

3505 260 3616 316 U6

353 370 411 422 in
451 367 624 430 Filio,
656 373 885 437 prapter
919 364 1262 421 identitalem
1301 376 1514 421 naturae
1535 410 1549 432 ,
1581 377 1635 421 et
1666 367 1935 421 omnimo-

2063 369 2408 436 ιτιμὰσαντες
2447 371 2653 440 θαῦμα,
2688 371 3074 436 δυσσεϐοῦντες
3099 373 3345 444 ἐναργῶς
3378 377 3456 437 είς
3485 377 3618 446 ὅλην

355 466 481 513 dam
540 461 872 515 substantiae
925 460 1320 528 aequalitatem.
1378 459 1748 530 lngratissimi
1804 474 1936 529 ergo

354 552 562 616 Judaei,
601 551 692 620 qui
735 550 1048 606 Servatoris
1088 551 1400 605 doctrinam
1443 551 1935 621 incomparabilem

359 645 514 698 whili
558 645 806 705 iaciunt,
839 659 900 697 ac
941 652 1201 712 praeterea
1244 659 1339 712 per
1376 644 1575 696 Filium
1616 655 1670 698 et
1709 645 1762 696 in
1798 640 1938 697 Filio

359 735 538 791 l'atris
586 743 844 790 naturam
899 744 1209 803 spernunt,
1253 736 1508 804 quamvis
1541 735 1936 789 miraculorum

355 844 478 880 eam
508 829 758 898 opilicem
796 843 920 882 esse
956 835 1172 896 pateat,
1205 827 1406 897 quibus
1438 827 1522 882 vel
1562 827 1802 881 maxime
1839 826 1942 880 du-

361 935 457 972 rus
496 934 561 973 ac
602 917 930 988 prml‘ractus
962 917 1026 971 ad
1061 918 1218 971 [idem
1255 916 1467 986 Deique
1497 919 1702 973 cultum
1741 917 1940 972 adduci

362 1019 597 1080 poterat.
652 1012 756 1067 Sed
814 1019 873 1066 ut
929 1011 1256 1080 impleretur
1305 1010 1451 1080 quod
1493 1010 1547 1064 in
1585 1025 1776 1064 eorum
1821 1009 1942 1080 lege

357 1105 630 1172 scriptum
682 1112 808 1158 est:
843 1123 860 1153 ι
895 1101 1035 1168 Quia
1087 1102 1329 1156 oderunt
1379 1117 1468 1158 me
1515 1101 1688 1172 gratis
1726 1102 1788 1164 ¹⁹,
1817 1121 1836 1154 ›
1874 1117 1942 1156 ne

359 1186 494 1249 i’ltud
529 1196 752 1266 quidem
788 1196 1033 1263 ignotum
1069 1194 1243 1250 fuisse
1280 1195 1386 1264 legi
1436 1210 1464 1247 a
1517 1210 1626 1265 qua
1681 1195 1944 1264 praedicta

272 1343 278 1349 ,
361 1297 490 1342 sunt
523 1289 706 1342 omnia
743 1298 932 1358 aperte
959 1287 1344 1352 demonstrat,
1377 1303 1484 1342 non
1519 1298 1700 1341 tamen
1735 1287 1946 1342 idcirco

359 1380 597 1435 dicimus
630 1381 732 1435 ista
765 1383 934 1451 legem
967 1381 1310 1450 praedixisse,
1345 1389 1402 1434 ut
1423 1379 1735 1435 Judaorum
1770 1381 1824 1434 in
1859 1379 1948 1434 Fi-

360 1471 492 1524 lium
526 1479 580 1524 et
613 1468 829 1524 Patrem
864 1470 1130 1538 injustum
1170 1471 1357 1525 odium
1391 1476 1811 1534 accenderetur,
1847 1470 1945 1525 sed

357 1563 486 1631 quia
518 1563 568 1616 id
593 1564 663 1617 ab
694 1563 781 1616 his
811 1563 930 1616 ﬁeri
957 1561 1230 1623 debebat,
1259 1562 1469 1616 idcirco
1501 1561 1685 1616 divina
1713 1571 1766 1617 et
1790 1577 1947 1617 sacra

2041 458 2336 513 ἁλώσονται
2363 463 2459 533 τὴν
2488 464 2692 516 τούτων
2720 464 2944 534 ἐργάτιν
2980 465 3075 518 τοῦ
3102 465 3238 518 Θεοῦ
3269 467 3449 534 φύσιν.
3479 467 3618 521 Gau-

2044 552 2435 622 ματουργοῦντι
2466 555 2573 626 γὰρ
2606 555 2684 624 τῷ
2711 555 2845 626 Υίῷ,
2884 555 3051 627 συνῆν
3075 556 3252 626 δήπου
3281 557 3496 622 πάντως
3520 561 3621 613 καὶ

2040 647 2201 711 αὐτὸς
2229 650 2257 701 ό
2286 649 2493 720 Πατὴρ,
2533 650 2631 720 οὐχ
2665 649 2740 713 ὡς
2777 651 2962 722 ἔτερος
3002 650 3068 704 δι’
3104 652 3294 723 ὲτὲρου
3322 652 3484 723 τυχὸν
3525 654 3619 706 ἐν-

2041 740 2220 810 εργῶν
2238 740 2309 794 τὰ
2340 740 2615 810 θαύματος
2644 743 2787 809 ἄξια,
2821 743 2934 796 ἀλλ’
2972 743 3048 807 ὡς
3076 744 3152 798 ὢν
3181 747 3238 798 ἐν
3266 745 3379 815 Υίῷ
3403 745 3490 799 διά
3517 747 3623 818 τὴν

2043 831 2349 904 ταυτότητα
2382 834 2480 904 τῆς
2513 833 2748 902 φύσεως,
2793 835 2888 887 καὶ
2929 835 3027 905 τῆς
3054 835 3242 900 οὐσίας
3270 836 3332 889 τὸ
3368 837 3623 907 ἀπαράλ-

2043 922 2256 977 λακτον.
2323 924 2631 996 Ἀχάριστοι
2673 925 2960 997 τοιγαροῦν
3003 927 3052 980 οἱ
3086 927 3312 992 τάλανες
3353 929 3625 994 Ἰουδαῖοι,

2045 1015 2140 1068 καὶ
2169 1015 2262 1068 ἐπὶ
2289 1016 2457 1087 πολλῇ
2495 1019 2559 1087 τῇ
2591 1017 2952 1090 ἀγνωμοσύνῃ
2980 1017 3098 1070 λίαν
3133 1017 3622 1090 κατηγορούμενοι,

2045 1108 2110 1162 δι’
2142 1106 2351 1171 οὐδενὸς
2399 1108 2498 1178 μὲν
2532 1107 2746 1178 ἔχοντες
2791 1109 2949 1178 λόγου
3002 1108 3101 1181 τὴν
3144 1109 3473 1180 ἀσύγκριτον
3522 1110 3627 1164 τοῦ

2047 1198 2300 1270 Σωτῆρος
2320 1199 2694 1265 διδασκαλίαν,
2726 1200 3082 1270 ἀτιμάζοντες
3106 1201 3164 1255 δὲ
3187 1201 3324 1271 πρὸς
3346 1202 3520 1273 τούτῳ
3550 1201 3626 1254 δι’

2049 1289 2198 1354 Υίοῦ,
2244 1290 2341 1344 καὶ
2377 1292 2436 1344 ἐν
2464 1291 2598 1361 Υίῷ,
2627 1291 2726 1362 τὴν
2751 1291 2844 1362 τοῦ
2865 1292 3076 1364 Πατρδς
3101 1291 3279 1362 φύσιν,
3306 1294 3480 1347 καίτοι
3513 1292 3632 1346 τῶν

2049 1383 2191 1454 ὑπὲρ
2232 1381 2389 1452 λόγον
2440 1383 2625 1447 αὐτοῖς
2669 1383 2963 1454 θαυμάτων
3012 1383 3419 1456 ἁναδειχθεῖσαν
3465 1385 3634 1454 δημι-

2048 1473 2267 1544 ουργὸν,
2295 1473 2379 1543 ἐφ’
2403 1469 2483 1537 οἷς
2506 1468 2574 1544 ἦν
2601 1473 2749 1537 εἰκὸς
2773 1473 2866 1527 καὶ
2895 1473 2985 1527 τὸν
3014 1475 3222 1546 σφόδρα
3251 1473 3485 1544 σκληρὸν
3531 1475 3634 1529 καὶ

2049 1563 2299 1634 δυσήνιον
2342 1563 2573 1632 ἄγεσθαί
2613 1579 2672 1615 τε
2728 1565 2823 1615 καὶ
2876 1563 3156 1616 καλεῖσθαι
3209 1563 3396 1618 λοιπδν
3439 1565 3520 1628 είς
3564 1565 3637 1618 τὸ

364 1656 445 1708 lex
474 1653 728 1722 przedixit
752 1693 764 1717 ,
793 1660 852 1706 ut
880 1653 1200 1707 ostenderet
1230 1653 1365 1707 nihil
1398 1653 1646 1722 ignotum
1677 1667 1801 1706 esse
1825 1651 1950 1720 Spi-

2063 1658 2272 1725 φρονείν
2312 1653 2570 1708 δύνασθαι
2606 1653 2674 1708 τὰ
2703 1654 2890 1710 εἰκότα
2914 1654 3008 1708 καὶ
3039 1654 3107 1708 τὰ
3131 1654 3198 1707 δι’
3224 1646 3299 1709 ὧν
3327 1654 3432 1708 ἔδει
3463 1657 3638 1723 τιμᾶ-

364 1715 516 1801 ritui.
559 1715 840 1816 Scriptum
876 1753 964 1801 est
997 1746 1050 1799 in
1080 1745 1222 1798 libro
1256 1715 1603 1798 Psalinorum
1641 1759 1705 1798 ex
1737 1715 1948 1797 Christi

2063 1715 2178 1804 σθαι
2210 1749 2364 1803 Θεόν.
2405 1749 2544 1804 Ἀλλ’
2573 1749 2663 1802 ἵνα
2693 1747 2954 1820 πληρωθῇ
2984 1749 3012 1801 ὁ
3039 1747 3197 1816 λόγος
3220 1749 3249 1800 ό
3275 1748 3335 1801 ἐν
3360 1747 3438 1819 τῷ
3478 1715 3639 1819 νόμῳ

361 1855 592 1908 persona
623 1837 940 1894 Iudaeorum
977 1837 1218 1892 furorem
1253 1837 1637 1908 ohjurgantis,
1669 1852 1732 1890 ac
1762 1836 1950 1892 dicen-

363 1935 436 1988 tis
465 1951 478 1986 :
513 1951 530 1982 ι
565 1932 702 1998 Quia
737 1933 864 1986 odio
903 1931 1092 2000 iniquo
1126 1930 1361 1984 oderunt
1396 1947 1482 1985 me
1517 1931 1584 1984 ²⁰.
1613 1949 1631 1980 ι
1665 1930 1953 1996 Quomodo

362 2026 508 2079 enim
546 2041 654 2078 non
687 2025 898 2093 injusto
927 2024 1056 2078 odio
1084 2023 1325 2078 oderunt
1346 2063 1361 2086 ,
1388 2031 1486 2077 aut
1524 2022 1803 2092 quomodo
1841 2038 1953 2078 non

359 2117 681 2172 exacerbati
715 2124 847 2171 sunt
875 2117 1071 2186 gratis,
1097 2116 1190 2186 qui
1221 2124 1432 2169 tantum
1462 2115 1655 2170 aberat
1683 2123 1744 2169 ut
1773 2115 1957 2171 odisse

363 2208 660 2271 deberent,
688 2217 748 2261 ut
778 2208 824 2262 si
854 2223 916 2262 ea
947 2223 1068 2276 qua:
1099 2223 1227 2278 erga
1250 2221 1345 2261 eos
1371 2206 1510 2260 facta
1537 2215 1667 2260 sunt
1696 2205 1956 2262 conside-

364 2315 586 2366 remus,
623 2315 842 2355 summo
869 2299 994 2368 ejus
1029 2299 1299 2370 sequendi
1330 2298 1605 2354 desiderio
1629 2297 1956 2354 inﬂammari

363 2392 671 2446 deberent?
695 2391 850 2446 Dicat
873 2392 1021 2446 enim
1046 2432 1061 2456 ,
1093 2405 1304 2461 quaso,
1336 2391 1593 2460 quisquis
1615 2388 1864 2444 Iudaica:
1885 2388 1960 2442 fa-

364 2495 457 2539 vet
489 2485 887 2548 incredulitati,
909 2500 1076 2556 quam
1101 2484 1211 2538 odii
1246 2499 1471 2539 causam
1503 2483 1705 2538 habere
1730 2489 1957 2553 queant.

361 2581 638 2645 Quidnam
686 2594 880 2634 eorum
935 2593 1058 2648 quae
1115 2593 1214 2646 per
1255 2577 1536 2631 Christum
1593 2575 1737 2630 facta
1791 2583 1958 2640 sunt,

365 2672 495 2728 odio
523 2681 618 2726 aut
650 2671 940 2726 inimicitia
974 2671 1197 2741 dignum
1221 2711 1234 2732 ,
1261 2669 1408 2740 quod
1442 2675 1622 2723 morte
1647 2677 1701 2723 et
1733 2668 1961 2724 interitu

364 2782 464 2821 eos
509 2765 804 2828 liberavit,
861 2765 1007 2834 quod
1059 2778 1090 2817 a
1143 2763 1347 2818 diaboli
1397 2762 1686 2816 dominatu
1718 2761 1960 2834 eripuit,

367 2857 517 2928 quod
559 2857 774 2927 peccati
813 2855 1162 2926 tyrannidem
1204 2855 1442 2918 evertit,
1475 2862 1529 2908 et
1567 2870 1760 2910 servos
1796 2855 1862 2909 ad
1899 2853 1963 2908 ﬁ-

371 2950 652 3005 Iiationem
689 2947 780 3003 Dei
817 2947 1142 3003 revocavit?
1173 2947 1321 3018 quod
1355 2947 1743 3002 misericordia
1769 2956 1824 3002 et
1856 2947 1965 3002 be—

2050 1841 2230 1895 αύτῶν
2259 1841 2646 1913 γεγραμμένος
2668 1882 2684 1908 ,
2743 1861 2760 1891 ι
2788 1843 2910 1894 Ὅτι
2943 1840 3211 1911 ὲμίσησὰν
3242 1857 3308 1910 με
3345 1839 3577 1909 δωρεὰν,
3610 1859 3631 1891 ι

2051 1932 2174 1985 οὐδὲ
2201 1931 2361 1984 τοῦτο
2405 1933 2502 2001 μὲν
2542 1931 2803 2003 ἀγνοηθὲν
2826 1931 2905 2002 τῷ
2935 1931 3003 1986 τά
3031 1931 3209 1985 πάντα
3243 1931 3639 2002 προανακηρύ-

2055 2023 2206 2088 ξαντι
2239 2023 2390 2094 νόμῳ
2439 2024 2708 2078 δείκνυσιν
2743 2025 3010 2092 ἐναργῶς,
3062 2024 3200 2094 πλὴν
3245 2025 3306 2077 ού
3353 2025 3443 2078 διὰ
3473 2025 3643 2077 τοῦτό

2056 2133 2237 2186 φαμεν
2272 2118 2554 2186 προειπεῖν
2581 2118 2762 2170 ἐκεῖνα
2789 2117 2880 2169 τὸν
2906 2116 3088 2186 νόμον,
3124 2117 3210 2169 ἵνα
3250 2116 3311 2170 τὸ
3349 2117 3456 2171 τῶν
3502 2117 3641 2169 Ἰου-

2056 2208 2223 2262 δαίων
2269 2208 2490 2272 ὲξὰπτοι
2529 2209 2589 2261 τὸ
2623 2211 2778 2278 μῖσος
2811 2208 3030 2272 ἀδίκως,
3079 2209 3221 2262 κατά
3261 2226 3320 2261 τε
3370 2207 3465 2261 τοῦ
3509 2208 3642 2260 Υίοῦ

2056 2299 2152 2352 καὶ
2185 2298 2280 2352 τοῦ
2319 2283 2555 2370 Πατρδς,
2595 2298 2708 2352 ἀλλ’
2739 2300 2965 2370 ἐπείπερ
2995 2298 3216 2370 ἔμελλεν
3259 2300 3478 2354 ἔσεσθαι
3507 2303 3644 2370 παρ’

2058 2391 2260 2455 αὐτῶν,
2305 2389 2840 2462 προαναπεφώνηκεν
2880 2391 2908 2443 ὁ
2939 2390 3082 2455 θεῖος
3125 2392 3219 2446 καί⁵
3263 2392 3408 2463 ἱερὸς
3451 2393 3644 2462 νόμος.

2058 2485 2210 2538 οὐδὲν
2257 2483 2366 2537 τῶν
2411 2484 2683 2555 ἐσομένων
2722 2483 2989 2554 ὴγνοηκὸς
3029 2483 3089 2537 τὸ
3133 2478 3358 2554 Πνεῦμα
3401 2483 3642 2547 δεικνύς.

2061 2579 2376 2649 Γέγραπται
2425 2578 2534 2648 γὰρ
2590 2577 2648 2629 ἐν
2695 2575 2864 2647 βίϐλῳ
2913 2575 3191 2645 Ψαλμῶν,
3247 2578 3313 2630 ἐκ
3346 2575 3647 2646 προσώπου

2062 2669 2323 2741 Χριστοῦ,
2354 2668 2450 2740 τὴν
2481 2667 2575 2722 τοῦ
2616 2667 2884 2722 Ἰουδαίων
2923 2665 3182 2722 ἀπόνοιαν
3220 2667 3645 2739 ἐπαιτιωμένου,

2063 2763 2158 2815 καὶ
2202 2761 2455 2830 λέγοντος
2489 2777 2502 2789 ο
2567 2780 2585 2812 ‹
2616 2761 2739 2814 Ὅτι
2782 2762 2939 2828 μῖσος
2971 2759 3153 2813 ἄδικον
3195 2759 3464 2831 ἐμίσησαν
3494 2775 3588 2830 με.
3623 2779 3645 2811 ι

2065 2853 2190 2917 Πῶς
2233 2852 2342 2924 γὰρ
2387 2853 2488 2905 οὐκ
2531 2851 2715 2908 ἄδικον
2761 2854 2916 2922 μῖσος
2953 2851 3258 2922 ἐμίσησαν;
3310 2850 3428 2914 πῶς
3455 2851 3512 2904 δὲ
3544 2851 3652 2904 οὐκ

2065 2943 2537 3016 ἐξεπικράνθησαν
2565 2943 2796 3014 δωρεὰν,
2833 2943 2888 2996 οἵ
2909 2960 2972 3012 γε
2997 2942 3249 2996 τοσοῦτον
3272 2943 3654 3013 ἀφεστηκότες

370 3043 641 3112 nignitate
674 3056 774 3096 sua
801 3039 985 3111 justos
1016 3038 1194 3095 effecit
1224 3047 1476 3093 mortuos
1508 3039 1749 3109 peccatis
1769 3079 1784 3102 ,
1814 3039 1959 3110 quod

2065 3036 2160 3092 τοῦ
2191 3037 2388 3108 χρῆναι
2426 3036 2627 3107 μισεῖν,
2658 3037 2782 3090 ὅσον
2814 3029 2947 3107 ἧκεν
2979 3037 3154 3089 εἰπεῖν
3193 3037 3273 3099 εἰς
3307 3037 3406 3104 τὴν
3433 3035 3540 3088 τῶν
3563 3036 3654 3100 είς

371 3136 548 3189 sancti
586 3133 828 3204 Spiritus
858 3148 924 3188 ac
957 3142 1170 3188 natura:
1201 3133 1403 3188 divina:
1432 3141 1724 3188 consortes
1757 3133 1800 3164 ²¹
1837 3131 1963 3187 red-

371 3227 534 3288 didit.
565 3234 619 3281 et
650 3227 703 3280 in
735 3227 914 3296 ipsum
934 3241 1037 3282 nos
1067 3225 1395 3297 angelorum
1419 3225 1768 3281 domicilium
1790 3226 1965 3282 intro-

373 3320 566 3386 duxit,
620 3319 940 3389 caalumque
994 3318 1315 3374 hominibus
1366 3318 1619 3390 pervium
1678 3319 1966 3374 ostendit?

375 3411 660 3479 Quomodo
691 3411 864 3484 igitur
896 3426 1114 3481 aequum
1145 3418 1232 3467 est
1263 3411 1459 3466 horum
1494 3410 1660 3467 nobis
1691 3411 1963 3468 bonorum

373 3502 690 3574 largitorem
719 3509 773 3557 et
801 3502 1079 3572 pararium
1107 3500 1296 3556 odisse
1315 3539 1332 3566 ,
1357 3515 1420 3556 ac
1449 3516 1558 3555 non
1585 3501 1769 3571 potius
1795 3501 1965 3558 claris

372 3611 499 3650 eum
541 3595 801 3650 laudibus
851 3609 915 3650 ac
975 3593 1266 3664 perpetuis
1305 3593 1609 3664 gratiarum
1649 3595 1967 3651 actionibus

376 3703 406 3738 a
441 3685 603 3739 nobis
630 3683 1020 3739 remunerari?
1055 3682 1164 3737 Sed
1197 3682 1375 3746 nihil,
1406 3683 1628 3752 opinor,
1661 3683 1867 3738 durum
1903 3699 1968 3740 ac

379 3777 616 3843 rigidum
659 3775 909 3832 Judaeum
953 3776 1022 3830 ad
1063 3774 1342 3831 saniorem
1384 3785 1623 3831 mentem
1662 3777 1964 3831 reduxerit.

375 3869 506 3926 Odit
530 3870 676 3926 enim
707 3867 871 3940 909
898 3868 1069 3940 gratis
1091 3909 1106 3934 ,
1134 3883 1300 3937 quem
1328 3882 1393 3922 ex
1427 3875 1541 3922 tota
1574 3879 1755 3924 mente
1786 3870 1968 3939 potius

380 3977 568 4016 amare
613 3961 867 4027 deceret,
920 3967 975 4015 et
1019 3959 1271 4029 obsequii
1322 3957 1631 4014 honoribus
1675 3975 1966 4014 coronare.

378 4055 710 4124 Quanquam
747 4053 836 4107 hic
866 4053 1030 4106 etiam
1067 4054 1279 4109 utiliter
1320 4052 1590 4108 Dominus
1625 4053 1869 4108 ostendit
1908 4067 1970 4109 se

379 4145 696 4202 δυόωσι-οη)
739 4144 1135 4215 malignitatem
1169 4160 1278 4200 non
1322 4143 1645 4213 ignorasse,
1684 4143 1781 4198 sed
1824 4159 1968 4214 pra:-

383 4239 595 4294 dixisse
632 4237 818 4307 potius
857 4243 912 4292 et
947 4251 1229 4306 prmnosse
1269 4232 1550 4301 futuram,
1587 4250 1748 4289 usum
1785 4243 1969 4292 tamen

383 4349 447 4388 se
495 4333 836 4402 benignitate
885 4337 941 4384 et
991 4326 1380 4383 misericordia
1430 4327 1543 4383 Deo
1593 4328 1967 4386 convenienti.

2070 3130 2267 3190 αὐτοὺς
2321 3129 2622 3198 γεγονότων
2688 3127 2878 3198 φύσιν,
2931 3127 3008 3191 ὡς
3057 3127 3229 3198 φιλεῖν
3288 3127 3486 3196 μᾶλλον
3548 3127 3656 3198 τὴν

2071 3221 2301 3278 ἀπασῶν
2331 3222 2592 3277 ἀνωτάτω
2633 3220 2888 3292 σπουδὴν,
2935 3220 3030 3275 καὶ
3067 3220 3288 3290 ἀγαπᾷν
3313 3221 3395 3284 εἰς
3430 3221 3492 3274 τὺ
3525 3221 3657 3290 βού-

2069 3314 2257 3370 λεσθαι
2289 3312 2707 3370 κατακολουθεῖν
2756 3312 2937 3383 αύτῷ;
2974 3312 3141 3368 Ποίαν
3173 3313 3282 3385 γὰρ
3324 3313 3388 3367 ἄν
3417 3330 3502 3377 τις
3535 3313 3659 3384 έχοι

2071 3407 2166 3462 τοῦ
2212 3409 2404 3480 μίσους
2446 3406 2544 3478 τὴν
2571 3407 2846 3478 ἀφορμὴν,
2879 3406 3083 3476 λεγέτω
3112 3405 3420 3479 παρελθὼν,
3459 3407 3487 3460 ὁ
3530 3411 3660 3471 ταῖς

2085 3501 2405 3564 Ἱουδαῖκαῖς
2433 3500 2737 3563 ἁπειθείαις
2767 3499 3102 3571 συνηγορῶν.
3132 3501 3197 3554 Τί
3223 3499 3330 3554 τῶν
3350 3501 3661 3569 γεγονότων

2072 3593 2161 3647 διὰ
2189 3591 2451 3663 Χριστοῦ,
2484 3591 2692 3662 μίσους,
2724 3591 2892 3662 ⁸ἤγουν
2917 3591 3212 3662 ἀπεχθείας
3244 3591 3413 3660 ἄξιον,
3442 3593 3524 3646 ὅτι
3551 3590 3661 3646 θα-

2073 3685 2234 3738 νὰτου
2281 3686 2374 3738 καὶ
2409 3685 2613 3756 φθορᾶς
2642 3683 2896 3750 ἐξείλετο,
2927 3685 3009 3738 ὅτι
3040 3683 3350 3751 πλεονεξίας
3377 3681 3661 3753 ἀπήλλαξε

2073 3774 2407 3844 διαϐολικῆς,
2457 3775 2554 3828 καὶ
2593 3774 2692 3844 τὴν
2734 3775 2834 3844 τῆς
2858 3775 3132 3846 ἁμαρτίας
3167 3774 3432 3828 κατέλυσε
3457 3791 3660 3845 τυραν-

2074 3867 2212 3930 νίδα,
2262 3867 2356 3920 καὶ
2382 3867 2443 3919 τὸ
2467 3866 2674 3931 δοῦλον,
2718 3867 2793 3930 ὡς
2836 3869 2972 3938 πρὸς
3000 3867 3224 3937 υίότητα
3265 3869 3365 3937 τὴν
3394 3867 3470 3930 ὠς
3517 3869 3660 3937 πρὸς

2074 3961 2206 4014 Θεὸν
2238 3960 2597 4030 ἀνεκόμισεν;
2629 3960 2712 4012 ὅτι
2744 3959 2809 4013 ἐκ
2844 3959 3260 4031 φιλανθρωπίας
3299 3961 3394 4013 καὶ
3423 3961 3663 4030 ἀμνησι-

2075 4053 2276 4115 κακίας
2303 4051 2543 4115 δικαίους
2588 4051 2836 4120 ἀπέφηνε
2876 4051 3002 4116 τοὺς
3044 4053 3163 4115 ταῖς
3193 4054 3484 4123 ἁμαρτίαις
3513 4070 3665 4107 νενε-

2075 4146 2426 4216 κρωμένους;
2477 4146 2559 4199 ὅτι
2589 4145 2903 4215 Πνεύματος
2934 4145 3091 4212 ἁγίου
3122 4147 3214 4198 καὶ
3243 4146 3393 4210 θείας
3445 4148 3665 4216 φύσεως

2076 4237 2327 4302 ἀπέδειξε
2361 4236 2651 4300 κοινωνοὺς
2670 4279 2684 4302 ,
2733 4237 2831 4290 καὶ
2869 4237 3000 4290 αύτὺ
3026 4236 3082 4288 δὲ
3111 4237 3242 4307 ἡμῖν
3269 4237 3328 4291 τὸ
3357 4239 3464 4292 τῶν
3487 4240 3666 4309 ἁγίων

2078 4326 2326 4395 ἀγγέλων
2359 4326 2727 4398 προύξένησεν
2768 4325 3105 4395 οἰκητήριον,
3150 4325 3244 4378 καὶ
3287 4325 3519 4396 βάσιμον
3566 4328 3668 4380 ἁν-

385 4426 651 4482 Adhibuit
683 4425 829 4480 enim
859 4423 1023 4477 etiam
1055 4428 1164 4475 tam
1191 4432 1528 4490 praepostera
1559 4429 1742 4476 mente
1766 4421 1959 4477 allecti:

2080 4417 2322 4490 θρώποις
2369 4415 2537 4482 ἔδειξε
2581 4418 2673 4470 τὸν
2716 4416 2978 4488 ούρανόν;
3033 4415 3157 4479 Πῶς
3199 4412 3294 4470 οῦν
3336 4418 3416 4471 ἔτι
3452 4420 3669 4473 δίκαιον

386 4518 700 4574 doctrinam
735 4517 803 4571 ad
839 4515 1074 4570 salutem
1117 4512 1589 4578 adhortatricem,
1628 4521 1689 4567 ut
1738 4521 1794 4568 et
1850 4513 1976 4569 ﬁdei

387 4611 798 4667 confessionem
846 4606 1134 4662 miraculis
1179 4603 1576 4669 conﬁrmaret,
1626 4605 1673 4662 si
1716 4606 1814 4677 qui
1845 4605 1972 4661 boni

388 4717 445 4761 et
480 4703 620 4774 aequi
659 4710 874 4758 essent.
915 4698 1234 4768 Discipulos
1270 4714 1402 4753 vero
1455 4698 1545 4754 hic
1597 4715 1817 4770 quoque
1861 4715 1974 4756 non

390 4813 586 4866 parum
616 4785 774 4865 juvat
799 4833 814 4857 ,
874 4799 932 4846 ut
964 4792 1116 4847 nulla
1149 4807 1275 4846 cum
1311 4791 1647 4860 injuriarum
1705 4795 1975 4848 memoria

389 4889 559 4944 etiam
601 4889 671 4941 iis
703 4901 732 4939 a
761 4884 966 4950 quibus
997 4884 1196 4939 durius
1235 4884 1622 4952 exciperentur
1654 4885 1852 4940 salutis
1885 4883 1982 4940 do-

393 4983 632 5038 ctrinam
657 4978 1010 5050 porrigerent
1033 5017 1048 5040 ,
1071 4984 1126 5032 et
1143 4975 1394 5047 vestigiis
1421 4975 1647 5032 virtutis
1677 4975 1831 5031 illius
1856 4990 1981 5047 qua:

396 5075 575 5145 prima
606 5073 661 5127 in
693 5086 761 5126 eo
795 5068 1000 5126 eﬂ'ulsit
1031 5068 1376 5125 insisterent.
1416 5065 1472 5121 Si
1514 5068 1646 5137 quid
1680 5069 1827 5122 enim
1852 5068 1984 5123 boni

396 5174 515 5228 est,
554 5165 686 5220 illud
715 5163 958 5235 primum
995 5161 1050 5216 in
1080 5159 1340 5221 Christo,
1371 5169 1426 5215 et
1459 5160 1515 5212 in
1547 5175 1681 5222 nos,
1712 5169 1880 5228 atque
1915 5175 1980 5214 ex

397 5272 466 5311 eo
497 5258 701 5326 Optima
736 5270 968 5324 quaeque
997 5254 1340 5306 derivantur.

2085 4512 2356 4581 μισεῖσθαι
2404 4510 2496 4563 τὸν
2527 4509 2732 4564 τούτων
2778 4511 2908 4580 ἡμῖν
2957 4509 3223 4576 γεγονότα
3267 4511 3507 4582 χορηγὸν
3569 4515 3672 4566 καὶ

2083 4605 2369 4676 πρύτανιν,
2419 4604 2510 4656 καὶ
2558 4603 2679 4673 ούχὶ
2729 4601 2929 4674 μᾶλλον
2972 4600 3252 4671 ἀσιγήτοις
3298 4603 3671 4674 εύφημεῖσθαι

2079 4697 2408 4766 δοξολογίαις
2440 4697 2534 4750 xa'l.
2559 4697 2959 4767 ἀκαταλήκτοις
3010 4694 3463 4768 εὐχαριστ[ε]ίαις
3515 4701 3672 4753 ἀντι·-

2081 4789 2436 4861 γεραίρεσθαι
2491 4789 2620 4861 παρ’
2675 4789 2877 4859 ἡμῶν;
2942 4789 3081 4843 Ἀλλ’
3128 4790 3300 4852 οὐδὲν,
3345 4785 3524 4860 οἶμαι,
3573 4792 3673 4844 τὸν

2081 4883 2343 4951 ἄτεγκτον
2371 4881 2686 4952 μεθίστησιν
2729 4881 2996 4946 Ἰουδαῖον,
3028 4883 3108 4946 είς
3127 4883 3188 4936 τὸ
3218 4882 3505 4952 βούλεσθαι
3535 4899 3673 4953 φρο-

2083 4975 2195 5026 νεῖν
2223 4973 2367 5045 ἅπερ
2391 4973 2498 5026 ἔδει
2528 4974 2769 5044 φρονεῖν.
2796 4973 3087 5043 Μεμίσηκε
3115 4973 3224 5044 γὰρ
3249 4973 3484 5044 δωρεὰν,
3516 4973 3574 5026 ὃν
3608 4973 3672 5039 ἐξ

2085 5065 2215 5137 ὅλης
2254 5064 2492 5130 διανοίας
2526 5066 2743 5135 ἀγαπᾷν
2780 5064 2886 5118 ἔδει
2919 5067 3138 5133 μᾶλλον,
3175 5066 3269 5120 καὶ
3296 5068 3417 5128 ταῖς
3461 5065 3528 5118 ἐκ
3568 5064 3676 5134 τῆς

2085 5157 2398 5222 εὐπειθείας
2452 5157 2815 5226 καταστέφειν
2873 5161 3084 5230 τιμαῖς.
3149 5158 3296 5230 Πλὴν
3343 5159 3447 5212 κάν
3492 5157 3677 5227 τούτῳ

2085 5251 2369 5322 χρησίμως
2413 5251 2443 5302 ό
2483 5243 2698 5322 Κύριος’
2732 5251 2928 5306 ἑαυτὸν
2958 5253 3058 5306 οὐκ
3085 5251 3417 5323 ἠγνοηκέναι
3462 5251 3672 5323 δέδειχε

401 5351 500 5419 τὴν
527 5349 637 5402 τῶν
689 5346 956 5401 Ἰουδαίων
995 5343 1308 5406 κακόνοιαν,
1341 5344 1711 5415 προειρηκότα
1739 5344 1796 5396 δὲ
1843 5345 2046 5415 μᾶλλον
2076 5346 2172 5400 καὶ
2228 5345 2310 5399 ὃτι
2363 5345 2462 5415 μὲν
2528 5344 2680 5400 ἔσται
2740 5349 3146 5418 προεγνωκότα,
3193 5346 3539 5417 κεχρημένον
3605 5363 3676 5414 γε

408 5443 516 5515 μὴν
545 5441 927 5513 ἠμερότητίτε
988 5439 1083 5490 καὶ
1111 5437 1492 5509 ἁμνησικακίᾳ
1546 5437 1858 5509 θεοπρεπεῖ.
1919 5439 2289 5511 Παρατέθεικε
2316 5439 2445 5511 γὰρ,
2499 5439 2593 5495 καὶ
2643 5439 3030 5510 ἀκαθηκόντως
3065 5439 3238 5504 οῦτως
3277 5439 3670 5510 διακειμένοις,

404 5536 498 5589 τὸν
525 5537 604 5598 εἰς
635 5534 910 5606 σωτηρίαν
941 5529 1211 5586 καλοῦντα
1245 5531 1424 5600 λόγον,
1481 5535 1615 5608 πρὸς
1645 5535 1707 5588 τὸ
1741 5537 1833 5592 καὶ
1861 5537 2103 5608 θαύμασι
2134 5536 2384 5608 βεϐαιοῦν
2412 5536 2510 5608 τῆς
2558 5538 2637 5602 είς
2697 5537 2858 5592 αὐτὸν
2891 5538 3125 5601 πίστεως
3187 5535 3284 5607 τὴν
3351 5535 3669 5606 ὁμολογίαν,

491 5724 532 5754 “
555 5722 698 5780 l‘sal.
741 5739 931 5790 vatu,

1100 5725 1144 5755 ²⁰
1165 5721 1312 5780 Psal.
1347 5738 1495 5789 utr,
1533 5721 1616 5778 ιο.
1693 5721 1794 5775 "ll
1825 5719 1968 5778 Pctr.
2010 5737 2046 5788 ι,
2091 5721 2131 5775 i.
