3868 6200
182 326 290 380 417

1226 330 1291 383 ΙΝ
1334 326 1621 383 JOANNIS
1662 324 2115 382 EVANGELIUM
2161 324 2297 379 LIB.
2340 325 2409 378 Χ.

3344 326 3453 379 “8

182 445 347 515 εἴπερ
370 446 515 509 τινὲς
542 443 682 518 ἦσαν
713 448 929 517 ἀγαθοὶ,
954 449 1047 503 καὶ
1073 448 1435 519 εὐγνώμονες.
1480 447 1691 516 Ὠφελεῖ
1745 446 1801 499 δὲ
1840 447 2042 517 σφόδρα
2077 447 2179 499 κάν
2206 445 2381 515 τούτῳ
2449 445 2560 507 τοῖς
2612 442 2883 514 μαθηταῖς
2904 481 2918 505 ,
2967 441 3051 496 ἵνα
3104 442 3458 514 μνησικάκως

180 534 303 609 [γρ.
370 541 815 615 ἀμνησικάκως],
864 544 961 598 καὶ
1010 548 1125 609 τοῖς
1188 544 1432 617 ὑϐρίζειν
1478 545 1677 610 αὐτοὺς
1723 546 2064 618 ἐπιχειροῦσι
2106 547 2201 599 τὸν
2246 546 2345 616 τῆς
2419 545 2693 615 σωτηρίας
2737 545 3063 615 προτείνωσι
3126 540 3314 609 λόγον,
3364 534 3460 588 καὶ

183 635 305 687 κατ’
334 633 469 687 αὐτὸ
511 633 576 706 δὴ
611 634 770 689 τοῦτο
816 636 938 690 κατ’
975 636 1115 707 ίχνος
1168 637 1340 700 ίόντες
1365 638 1639 707 φαίνοιντο
1696 638 1796 709 τῆς
1836 641 1894 691 ἐν
1930 639 2079 704 αὐτῷ
2147 640 2240 691 καὶ
2287 637 2511 708 πρώτης
2559 637 2942 708 διαλαμψάσης
2990 635 3209 707 ἀρετῆς.
3273 631 3341 684 El
3404 646 3456 689 τι

184 725 295 796 γὰρ
327 725 552 794 ἀγαθὸν,
589 729 647 782 ἐν
680 727 883 799 πρώτῳ
915 730 1157 801 Χριστῷ,
1186 733 1281 785 καὶ
1302 732 1390 800 ἐφ’
1414 733 1565 803 ἡμᾶς
1593 733 1689 785 καὶ
1716 734 1775 799 ἐξ
1809 732 1973 786 αὐτοῦ
2002 732 2212 803 διέρπει
2241 733 2418 785 πάντα
2441 732 2510 785 τὰ
2542 731 2824 785 κάλλιστα.

260 873 449 926 Ὅταν
493 871 562 925 δὲ
601 872 749 941 ἔλθῃ
791 876 823 926 ὁ
848 873 1260 951 Παρὰκλιιτος,
1302 875 1375 929 ὃν
1410 877 1524 947 ἐγὼ
1562 876 1776 947 πέμψω

1950 885 2068 952 XV,
2103 886 2208 952 ‘26,
2273 886 2364 941 27.
2437 884 2570 940 Cum
2633 895 2809 938 autem
2864 884 3062 937 venerit
3115 880 3457 945 Paracletus,

185 964 330 1033 ὑμῖν
374 966 533 1033 παρὰ
564 966 814 1034 Πατρός,
862 966 929 1018 τὸ
959 968 1204 1036 Πνεῦμα
1242 967 1353 1037 τῆς
1396 970 1700 1036 ἀληθείας,
1740 970 1770 1023 ὃ

188 1058 347 1126 παρὰ
384 1056 492 1111 τοῦ
521 1059 751 1125 Πατρός
776 1059 1183 1127 ἐκπορεύεται,
1219 1061 1450 1125 ἐκεῖνος
1471 1062 1772 1131 μαρτυρή-

188 1163 283 1202 σει
316 1150 453 1219 napi
480 1151 647 1220 ἐμοῦ.
696 1152 805 1205 Καὶ
846 1153 1015 1222 ὑμεῖς
1049 1153 1117 1206 δὲ
1148 1153 1521 1223 μαρτυρεῖτε,
1553 1154 1642 1208 ὅτι
1674 1156 1773 1210 ἀπ’

189 1238 382 1309 ἀρχῆς
406 1245 535 1310 μετ’
558 1243 704 1312 ἐμοῦ
731 1244 891 1299 ἐστε.

263 1400 620 1470 Μεμισῆσθαι
641 1403 817 1473 λέγων
838 1404 1032 1457 ἑαυτόν
1058 1424 1118 1458 τε
1144 1407 1236 1459 καὶ
1266 1406 1355 1459 τὸν
1380 1408 1601 1480 Πατέρα
1625 1408 1776 1479 παρά

190 1491 300 1545 τῶν
333 1494 610 1547 ἀσυνέτων
650 1496 947 1561 Ἰουδαίων,
995 1498 1090 1552 καὶ
1124 1498 1283 1552 τοῦτο
1311 1500 1519 1571 δωρεὰν
1563 1501 1657 1553 καὶ
1690 1501 1776 1552 ἐπ’

189 1584 369 1638 οὐδενὶ
400 1585 509 1637 τῶν
540 1587 791 1654 εἰκότων,
825 1591 1267 1660 συμπαρεισάγει
1297 1590 1356 1643 τὸ
1384 1592 1608 1661 Πνεῦμα
1641 1610 1777 1662 χρη-

193 1678 402 1748 σίμως,
452 1679 587 1749 ὁμοῦ
638 1680 733 1734 καὶ
778 1680 880 1750 τῆς
912 1682 1072 1750 ἁγίας
1106 1682 1334 1753 Τριὰδος
1381 1684 1479 1754 τὴν
1533 1684 1778 1756 ἀναπλή-

193 1788 362 1841 ρωσιν
392 1773 639 1842 ἐμποιῶν
681 1774 760 1846 τῷ
810 1774 955 1845 λόγῳ
1002 1776 1097 1828 καλ⁹
1127 1776 1276 1845 αὐτῷ
1305 1776 1359 1828 δὲ
1409 1777 1623 1841 δεικνὺς
1656 1796 1780 1830 συν-

189 1866 599 1935 ητοιμασμένον
648 1865 763 1939 [γρ.
800 1869 1324 1941 συνητιμασμένον],
1361 1870 1446 1922 ἵνα
1474 1871 1780 1940 ὁλοκλήρως

192 1960 249 2009 ἐν
280 1956 397 2028 Υἱῷ
442 1960 903 2030 πεπαρῳνηκότες
950 1960 1279 2032 ἐλέγχωνται
1324 1963 1433 2015 τῶν
1464 1964 1781 2033 παραδόξων

190 2048 241 2100 οἱ
270 2047 488 2118 θεωροὶ,
524 2051 618 2101 καὶ
648 2050 749 2120 τῆς
775 2052 1038 2105 ἀνωτάτω
1065 2052 1253 2106 πασῶν
1282 2054 1470 2117 οὐσίας
1489 2056 1585 2126 τὴν
1609 2054 1782 2118 οὓτως

193 2144 451 2214 ὑπερφυᾶ
495 2142 930 2216 καθυϐρίσαντες
978 2147 1224 2217 δύναμιν,
1276 2147 1341 2200 δι’
1383 2141 1457 2200 ὧν
1489 2150 1589 2220 οὐχ
1636 2151 1784 2214 ὅπως

1875 995 2026 1048 quem
2057 994 2149 1047 ego
2187 978 2393 1030 mittam
2424 979 2568 1031 vobis
2609 994 2640 1028 α
2674 976 2870 1038 Patre,
2900 973 3166 1042 Spiritum
3198 974 3457 1035 veritatis,

1874 1070 1966 1139 qui
1996 1087 2026 1121 a
2056 1068 2218 1123 Patre
2249 1069 2519 1135 procedit,
2561 1067 2649 1120 ille
2694 1068 3056 1121 testimonium
3086 1063 3373 1135 perhibebit
3398 1066 3461 1116 de

1878 1178 1978 1216 me.
2010 1162 2081 1216 Et
2130 1178 2217 1215 vos
2272 1161 2631 1214 testimonium
2667 1160 2986 1229 perhibetis,
3038 1159 3163 1229 quia
3199 1157 3265 1210 ab
3307 1158 3466 1210 initio

1877 1271 2079 1309 mecum
2104 1256 2254 1307 estis.

1950 1415 2205 1485 Scipsum
2242 1427 2294 1469 et
2319 1413 2536 1467 Patrem
2573 1413 2767 1469 dicens
2815 1427 2845 1467 a
2874 1411 3209 1467 vecordibus
3252 1409 3462 1464 Judaeis

1878 1509 2007 1563 odio
2044 1509 2258 1573 haberi,
2292 1508 2454 1577 idque
2483 1507 2657 1577 gratis
2710 1520 2775 1560 ac
2810 1505 2965 1559 nulla
2995 1504 3143 1573 justa
3175 1503 3242 1557 de
3270 1518 3465 1565 causa,

1880 1601 2046 1655 simul
2109 1600 2276 1654 etiam
2327 1600 2540 1651 utiliter
2603 1596 2822 1651 inducit
2883 1594 3191 1665 Spiritum,
3263 1604 3469 1649 sancta:

1882 1679 2179 1747 Trinitatis
2245 1694 2710 1761 complementum
2768 1690 2873 1743 hoc
2928 1688 3093 1742 modo
3161 1695 3463 1748 astruens,

1879 1796 1933 1839 et
1993 1800 2099 1838 una
2170 1800 2295 1839 cum
2362 1782 2523 1836 Patre
2613 1798 2672 1838 se
2749 1783 3015 1836 violatum
3104 1779 3403 1834 ostendens
3446 1818 3464 1843 ,

1880 1889 1942 1932 ut
1977 1893 2103 1932 cum
2162 1878 2239 1932 illi
2297 1876 2693 1930 miraculorum
2751 1883 3095 1946 spectatores
3154 1874 3209 1927 in
3267 1871 3464 1926 Filium

1879 1972 2041 2042 plane
2079 1969 2406 2023 dcbacchati
2443 1976 2595 2030 sunt,
2648 1982 2921 2037 supremae
2950 1981 3173 2037 quoque
3217 1966 3465 2018 omnium

1883 2063 2209 2118 substantia:
2256 2060 2517 2131 potestati
2561 2062 2822 2129 injuriam
2879 2058 3081 2114 fecisse
3130 2068 3469 2129 arguantur,

1882 2170 1995 2209 non
2053 2153 2215 2207 modo
2266 2168 2334 2206 ex
2392 2167 2458 2207 eo
2512 2152 2661 2222 quod
2712 2151 3130 2222 suscipiendum
3189 2166 3297 2204 non
3346 2166 3469 2204 esse

193 2236 601 2306 παραδέχεσθαι
641 2238 752 2291 δεῖν
791 2237 958 2309 ᾤοντο
997 2240 1087 2292 τὸν
1118 2241 1375 2310 Χριστὸν,
1410 2242 1585 2295 καίτοι
1621 2261 1782 2313 τερα-

1895 2248 2164 2303 Ehristum
2221 2254 2500 2317 putarent,
2545 2246 2677 2300 licet
2728 2246 2793 2299 ad
2829 2244 2996 2299 [idem
3045 2245 3127 2299 eis
3160 2243 3467 2298 faciendam

191 2328 535 2398 τουργοῦντα
568 2327 751 2395 ξένως,
797 2333 876 2394 είς
907 2330 1280 2403 πληροφορίαν
1315 2334 1516 2399 αὐτῶν,
1554 2336 1667 2389 ἀλλ’
1703 2328 1778 2389 ὧν

192 2419 296 2489 ⁴ἢδη
323 2418 617 2490 δεδράκασι
643 2435 656 2449 °
689 2420 1119 2492 δεδυσσεὸήκασι
1164 2422 1274 2493 γὰρ
1306 2425 1386 2486 είς
1416 2425 1597 2489 αὑτὸν,
1624 2425 1661 2479 ἃ.
1688 2426 1781 2480 καὶ

200 2511 366 2579 μόνον
394 2512 542 2565 ἐστὶν
570 2512 817 2582 ἐννοῆσαι
850 2512 1099 2584 φρικτόν.
1150 2514 1366 2579 Καίτοι,
1404 2514 1540 2585 φαίη
1577 2516 1686 2586 γὰρ
1716 2516 1784 2571 ἄν

194 2619 282 2665 τις
310 2604 495 2673 τυχὸν,
537 2597 583 2657 ὧ
612 2604 919 2674 παράφρων
964 2603 1205 2669 Ἰουδαῖε,
1254 2604 1547 2676 θαυμάτων
1576 2625 1657 2660 σοι
1686 2608 1783 2677 γέ-

195 2713 327 2763 γονε
374 2697 706 2766 δημιουργὸς
752 2698 780 2750 ό
829 2698 1102 2768 Χριστὸς,
1155 2699 1191 2752 ἃ
1243 2700 1338 2752 καὶ
1389 2700 1487 2770 τὴν
1538 2701 1786 2764 Μωσέως

199 2787 493 2859 ὑπεραίρει
538 2786 692 2852 δόξαν
726 2788 820 2841 καὶ
854 2788 1055 2851 παντὸς
1088 2789 1241 2858 ἁγίου
1286 2789 1663 2861 λαμπρότητα.
1712 2792 1787 2844 Τὸ

196 2880 312 2951 γὰρ
346 2881 513 2948 φάναι
560 2881 652 2933 τὸν
680 2881 906 2951 Κύριον.
964 2900 982 2932 ι
1006 2882 1068 2934 Et
1101 2880 1171 2934 τά
1202 2880 1336 2953 ἔργα
1368 2882 1440 2954 μὴ
1468 2884 1700 2953 ἐποίησα
1729 2886 1786 2937 ἐν

198 2972 408 3036 αὐτοῖς,
440 2972 476 3025 ἃ
503 2973 692 3043 μηδεὶς
722 2972 880 3036 ἄλλος
908 2973 1158 3044 ἐποίησε,
1188 2992 1206 3025 ι
1244 2974 1501 3044 τοιαύτην
1534 2976 1663 3044 ἡμῖν
1690 2974 1787 3043 τὴν

198 3064 445 3117 διάνοιαν
476 3064 736 3135 εἰσφέρει.
770 3060 905 3117 Εἶτα
930 3065 1021 3117 τὸν
1046 3066 1154 3119 τῶν
1178 3066 1476 3119 ἐλαττόνων
1511 3066 1790 3136 ὑπηρέτην

200 3156 300 3208 καὶ
330 3155 597 3218 διάκονον,
638 3156 781 3226 φημὶ
815 3155 871 3209 δὲ
904 3156 1132 3221 Μωσέα,
1183 3160 1305 3221 ταῖς
1338 3156 1480 3211 οὕτω
1512 3157 1790 3229 λαμπραῖς

202 3248 574 3315 καταστέφεις
622 3249 826 3319 τιμαῖς,
876 3247 968 3301 τὸν
1013 3248 1069 3301 δέ
1115 3250 1460 3319 ἁσυγκρίτως
1504 3249 1789 3321 ῦπερφερῆ

204 3342 305 3392 καὶ
338 3339 473 3393 πολὺ
519 3340 629 3392 τῶν
672 3340 977 3410 ἀμεινόνων
1028 3342 1289 3413 ἐργάτην,
1334 3341 1606 3405 ἀσυνέτως
1650 3342 1793 3395 οὕτω

205 3432 636 3503 παρωθούμενος
656 3433 757 3484 οὐκ
796 3432 1074 3504 ἐρυθριᾷς,
1116 3433 1290 3486 καίτοι
1310 3435 1420 3495 τοῖς
1445 3433 1531 3485 διὰ
1550 3434 1793 3496 Μωσέως

206 3523 653 3594 χρησμῳδὴμασι
688 3524 748 3576 τὸ
778 3524 947 3577 πάλαι
973 3524 1359 3595 διηγγελμένον
1392 3525 1666 3593 ἐπάγοντα
1698 3525 1794 3577 πέ-

1885 2340 2157 2411 stupenda
2191 2339 2461 2393 miracula
2488 2337 2764 2403 edentem,
2803 2337 2899 2392 sed
2926 2353 2991 2391 ex
3025 2336 3093 2392 iis
3125 2352 3246 2408 quae
3275 2351 3473 2406 perpe-

1885 2438 2147 2488 trarunt:
2190 2446 2253 2485 ea
2300 2432 2503 2499 quippe
2535 2430 2588 2483 in
2646 2430 2805 2484 illum
2869 2437 3185 2499 patrarunt,
3236 2444 3357 2498 qua:
3389 2428 3475 2481 vel

1886 2520 2148 2592 cogitanti
2181 2520 2470 2574 horrorem
2520 2518 2819 2571 incutiant.
2851 2517 3044 2585 Atqui,
3093 2531 3125 2572 ο
3150 2531 3345 2571 vecors
3374 2514 3473 2571 Ju-

1886 2613 2022 2678 dtee,
2048 2612 2193 2668 dicet
2238 2611 2464 2681 aliquis,
2515 2610 2784 2664 miracula
2835 2609 2934 2662 tibi
2966 2609 3226 2666 Christus
3268 2609 3471 2673 edidit,

1887 2721 2009 2776 qua:
2038 2719 2162 2758 cum
2200 2703 2370 2757 Mosis
2402 2702 2659 2772 gloriam,
2691 2711 2807 2755 tum
2849 2699 3100 2753 omnium
3153 2707 3477 2754 sanctorum

1890 2793 2240 2865 splendorem
2278 2800 2565 2861 superant.
2618 2790 2777 2855 Quod
2823 2790 2970 2843 enim
3025 2787 3293 2844 Dominus
3340 2789 3416 2843 ait
3458 2806 3475 2842 :

1895 2905 1913 2938 ι
1954 2887 2010 2940 Si
2048 2900 2214 2956 opera
2251 2900 2360 2939 non
2423 2882 2681 2938 fecissem
2718 2883 2771 2934 in
2812 2881 2915 2946 eis,
2950 2895 3072 2951 quae
3122 2895 3284 2935 nemo
3335 2880 3481 2934 alius

1892 2979 2065 3043 fecit,
2107 2998 2125 3031 ι
2182 2977 2501 3032 istiusmodi
2546 2975 2709 3029 nobis
2778 2989 3000 3028 sensum
3074 2972 3267 3026 infert.
3319 2971 3479 3026 Tunc

1891 3086 2021 3140 ergo
2060 3068 2262 3124 Mosem
2295 3070 2449 3122 illum
2484 3066 2811 3121 inferiorum
2863 3065 3181 3121 ministrum
3216 3075 3326 3118 tam
3373 3067 3481 3119 cla»

1894 3163 1973 3217 ris
2008 3161 2269 3216 laudibus
2300 3159 2497 3224 eﬂ‘ers;
2535 3158 2628 3227 Qui
2661 3173 2794 3211 vero
2830 3157 3350 3227 incomparabiliter
3382 3172 3477 3208 az.-

1894 3252 2120 3316 tecellit,
2171 3260 2222 3305 et
2271 3250 2432 3320 longe
2465 3248 2920 3318 prmstantiorum
2976 3256 3062 3302 est
3112 3247 3333 3310 artifex,
3368 3258 3483 3299 tam

1896 3346 2062 3399 stulte
2095 3343 2388 3414 repudiare
2412 3357 2519 3395 non
2562 3340 2873 3403 erubescis,
2913 3339 3041 3391 licet
3072 3339 3323 3393 Mosaicis
3358 3355 3482 3393 ora-

1896 3438 2039 3492 culis
2073 3435 2234 3490 ﬁnem
2266 3435 2397 3489 olim
2434 3432 2861 3503 praenuntiatum
2899 3430 3092 3485 aﬂ‘erat
3130 3430 3362 3501 910et
3397 3434 3481 3485 in-

1896 3537 1983 3582 tra
2018 3528 2307 3583 veritatem
2346 3527 2596 3579 umbram
2638 3523 2860 3578 demum
2894 3522 3159 3578 includat.
3211 3524 3485 3579 Dominus

212 3632 337 3686 ρας,
360 3617 463 3689 ,καὶ
486 3615 879 3669 κατακλείοντα
899 3616 1087 3669 λοιπὸν
1110 3618 1189 3678 είς
1210 3617 1468 3685 ἀλήθειαν
1492 3617 1589 3687 τὴν
1613 3618 1789 3671 σκιάν.

1897 3635 2030 3688 ergo
2081 3627 2272 3673 noster
2326 3615 2487 3672 Jesus
2534 3616 2791 3670 Christus
2843 3613 3091 3684 Spiritus
3145 3616 3482 3669 mentionem

221 3706 394 3777 Ὀμοῦ
441 3707 734 3778 τοιγαροῦν
762 3710 790 3759 ὁ
825 3709 1028 3779 Κύριος
1066 3707 1224 3779 ἡμῶν
1271 3708 1475 3778 Ἰησοῦς
1503 3711 1531 3760 ὁ
1560 3709 1793 3779 Χριστὸς

212 3799 671 3869 συνεισκεκόμικε
719 3800 820 3869 μὲν
862 3801 1204 3869 ἀναγκαίως,
1259 3801 1435 3872 ἐαυτῷ
1483 3819 1543 3856 τε
1586 3803 1680 3855 καὶ
1720 3801 1799 3873 τῷ

210 3892 390 3959 Ilath
427 3891 525 3961 τὴν
573 3892 665 3944 τοῦ
719 3892 1035 3963 Πνεύματος
1087 3896 1349 3965 μνήμηνο
1405 3895 1700 3965 ἀπελέγχει
1743 3895 1799 3947 δὲ

212 3983 339 4052 ἅμα
367 3983 428 4036 τό
463 3984 757 4059 εἰρημένον
786 3985 1005 4056 ἀληθὲς,
1042 3986 1186 4038 τοῦτ’
1223 3985 1391 4049 ἐστιν,
1426 3987 1501 4049 ὡς
1532 3987 1691 4058 εἴπερ
1716 4003 1799 4048 τις

208 4079 392 4131 ἕλοιτο
417 4078 504 4131 διὰ
539 4078 729 4148 μίσους
773 4077 915 4148 ἔχειν
941 4078 1031 4131 τὸν
1062 4078 1209 4143 Υίδν,
1244 4080 1707 4151 συναποστυγήσει
1736 4079 1801 4149 δὴ

213 4170 437 4230 πάντως
463 4170 558 4221 καὶ
583 4168 677 4221 τὸν
710 4168 769 4232 ἐξ
812 4162 984 4238 οὗπερ
1013 4170 1130 4221 ἐστὶ
1160 4169 1379 4241 Πατέρα
1407 4187 1419 4199 ·
1473 4171 1565 4223 καὶ
1595 4169 1732 4235 πῶς,
1763 4171 1800 4243 ἢ

216 4260 346 4313 τίνα
391 4260 455 4329 δὴ
488 4260 713 4329 τρόπον,
758 4259 855 4314 θέα
886 4261 1067 4314 πάλιν.
1116 4260 1245 4313 Ἰδοὺ
1275 4263 1403 4332 γὰρ,
1442 4262 1551 4315 ίδοὺ
1578 4262 1801 4332 Πνεῦμα

218 4351 325 4421 τῆς
371 4351 651 4422 ἀληθείας,
700 4353 843 4405 τοῦτ’
876 4353 1042 4417 ἔστιν,
1085 4351 1276 4405 ἐαυτοῦ
1307 4353 1397 4406 τὸν
1444 4353 1800 4423 Παράκλητον

216 4442 410 4508 εἰπὼν,
447 4445 598 4513 παρά
626 4444 719 4496 τοῦ
756 4445 965 4516 Πατρὸς
998 4445 1160 4498 αὐτὸν
1189 4443 1584 4514 ἐκπορεύεσθαί
1614 4462 1798 4515 φησιν.

218 4538 435 4609 ’Ὠσπερ
456 4538 565 4608 γάρ
590 4539 739 4593 ἐστιν
759 4538 888 4591 ἴδιον
916 4539 1141 4609 Πνεῦμα
1168 4539 1264 4592 τοῦ
1299 4540 1429 4593 Υἱοῦ
1459 4540 1721 4609 φυσικῶς,
1743 4542 1801 4592 ἐν

215 4632 372 4702 αὐτῷ
397 4650 457 4684 τε
478 4634 745 4702 ὑπάρχον,
774 4635 871 4686 καὶ
896 4634 961 4686 δι’
982 4633 1147 4686 αὑτοῦ
1182 4633 1389 4703 προϊὸν,
1420 4632 1563 4686 οῦτω
1590 4634 1685 4685 καὶ
1707 4630 1800 4684 τοῦ

214 4724 458 4795 Πατρός.
486 4721 580 4789 Οἷς
616 4724 670 4777 δὲ
702 4725 763 4777 τὸ
796 4725 1013 4795 πνεῦμα
1040 4723 1238 4785 κοινὸν,
1269 4723 1477 4787 τούτοις
1512 4724 1597 4792 εἴη
1631 4723 1801 4794 δήπου

220 4819 444 4879 πάντως
468 4816 532 4869 ἂν
560 4816 655 4869 καὶ
679 4815 747 4868 τὰ
769 4814 870 4883 τῆς
898 4815 1083 4878 οὐσίας
1107 4816 1165 4868 οὐ
1193 4814 1543 4885 διωρισμένα.
1577 4814 1668 4883 Μὴ
1696 4810 1803 4882 γὰρ

219 4910 287 4979 δὴ
315 4925 462 4969 τινες
493 4909 639 4978 ἡμᾶς
668 4908 775 4959 τῶν
807 4906 1085 4960 δυσσεϐεῖν
1120 4907 1388 4959 εἰωθότων
1428 4910 1539 4968 τοῖς
1573 4904 1631 4968 ἐξ
1662 4905 1804 4974 ἀμα-

1900 3726 2089 3767 secum
2134 3725 2237 3764 una
2277 3717 2332 3764 et
2386 3724 2510 3763 cum
2552 3707 2716 3762 Patre
2777 3708 3097 3763 necessario
3144 3706 3352 3771 intulit,
3408 3709 3483 3761 si-

1899 3804 2123 3873 mulque
2157 3817 2346 3857 verum
2378 3816 2503 3856 esse
2547 3798 2797 3855 ostendit
2828 3800 2980 3870 quod
3015 3800 3168 3869 prius
3216 3799 3482 3864 diximus,

1900 3911 2096 3965 nempe
2122 3894 2170 3948 si
2214 3892 2340 3964 quis
2370 3891 2570 3946 Filium
2628 3890 2843 3957 oderit,
2885 3891 3048 3947 simul
3083 3888 3247 3944 etiam
3279 3905 3483 3943 exosu—

1898 4002 2019 4042 rum
2055 3984 2207 4038 illum
2235 3998 2302 4037 ex
2327 3998 2438 4052 quo
2467 3990 2552 4036 est
2588 3981 2844 4047 Patrem;
2872 3996 2981 4051 quo
3012 3988 3170 4050 pacto
3197 3995 3349 4043 vero,
3384 3980 3483 4031 ad-

1899 4084 2052 4130 verte
2080 4088 2297 4128 rursus.
2318 4070 2460 4125 Ecce
2484 4072 2657 4135 enim,
2675 4086 2802 4125 erce
2823 4088 2948 4123 cum
2984 4068 3249 4139 Spiritum
3279 4069 3482 4122 verita-

1902 4168 1996 4231 tis,
2032 4166 2081 4221 id
2119 4176 2204 4221 est
2242 4180 2426 4229 suum,
2462 4162 2805 4217 Paracletum
2848 4163 3071 4225 dixerit,
3112 4175 3141 4214 a
3176 4160 3335 4214 Patre
3364 4161 3488 4228 ipse

1905 4259 1980 4313 ait.
1999 4259 2318 4330 procedere.
2342 4254 2500 4310 Sicut
2518 4257 2662 4309 enim
2689 4255 2946 4323 proprius
2971 4262 3055 4309 est
3074 4250 3200 4305 Filii
3239 4250 3483 4322 Spiritus

1903 4351 2230 4404 naturaliter
2262 4349 2392 4402 etin
2425 4347 2942 4415 ipso~exsistens,ct
2963 4359 3059 4413 per
3084 4344 3260 4413 ipsum
3288 4357 3484 4412 proce-

1904 4444 2064 4505 dens.
2102 4444 2177 4496 ita
2210 4442 2377 4497 etiam
2431 4439 2636 4495 Patris.
2685 4439 2898 4504 Quibus
2953 4447 3133 4491 autem
3169 4436 3486 4490 communis

1905 4545 1991 4591 est
2028 4533 2306 4605 Spiritus,
2359 4533 2414 4586 hi
2448 4534 2641 4603 utique
2686 4529 3001 4585 substantia
3037 4544 3147 4584 non
3197 4529 3480 4584 diﬂ'erunt.

1904 4625 1982 4680 Ne
2017 4641 2117 4680 nos
2152 4626 2296 4679 enim
2326 4624 2513 4679 stultis
2546 4623 2662 4677 suis
2693 4621 3042 4675 sermonibus
3076 4620 3230 4690 impii
3260 4619 3487 4690 quidam

1905 4719 1969 4772 ad
2011 4734 2073 4772 ea
2108 4732 2229 4787 quae
2262 4714 2419 4771 nefas
2465 4714 2764 4775 abducant,
2822 4721 2883 4767 ut
2924 4712 3233 4783 cogitemus
3280 4711 3487 4765 Filium

1907 4809 2150 4864 ministri
2184 4808 2333 4862 vices
2365 4805 2669 4875 implendo,
2702 4804 2971 4875 Spiritum
3006 4805 3102 4874 qui
3153 4820 3183 4858 a
3214 4803 3373 4859 Patre
3400 4812 3486 4858 est

1908 4911 2174 4956 creaturae
2209 4898 2568 4953 ministrare:
2607 4913 2729 4951 nam
2771 4896 2825 4950 id
2859 4897 3107 4951 nonnulli
3138 4897 3322 4952 dicere
3363 4896 3488 4948 ausi

220 5001 376 5062 θείας
408 4997 852 5068 ἀποκομιζόντων
884 4997 1083 5065 λόγοις,
1116 5000 1195 5059 είς
1226 4996 1261 5050 ἃ
1295 4998 1367 5068 μὴ
1394 4995 1549 5065 θέμις
1578 4997 1791 5053 ἐννοεῖν,

1912 5006 2056 5049 sunt.
2087 4991 2230 5058 Quin
2257 4992 2441 5061 potius
2482 4999 2913 5046 consentaneum
2945 4996 3032 5044 est
3064 4988 3309 5050 credere,
3338 4989 3483 5056 quod

220 5091 299 5153 ὡς
344 5092 686 5159 ὑπουργικήν
742 5106 863 5141 τινα
904 5089 1092 5158 χρείαν
1136 5088 1470 5160 ἀποπληρῶν
1514 5089 1543 5139 ό
1584 5086 1713 5149 Υἱὸς
1750 5086 1810 5137 τὸ

218 5180 379 5249 παρά
414 5180 509 5231 τοῦ
545 5179 757 5250 Πατρδς
802 5180 1029 5250 Πνεῦμα
1062 5182 1128 5250 τῇ
1164 5180 1339 5233 κτίσει
1387 5180 1625 5233 διακονεῖ
1650 5194 1664 5205 ο
1718 5178 1809 5229 καὶ

215 5274 384 5329 τοῦτο
432 5273 542 5343 γὰρ
591 5273 865 5335 ἀσυνέτως
917 5274 1060 5335 τινὲς
1113 5274 1172 5325 οὐ
1235 5271 1555 5327 κατέδεισαν
1611 5271 1809 5323 εἰπεῖν.

221 5366 511 5421 Πιστεύειν
554 5366 611 5417 δὲ
669 5366 871 5435 μᾶλλον
916 5365 1226 5426 ἀκόλουθον,
1273 5365 1347 5426 ὡς
1397 5362 1628 5433 ἐπείπερ
1678 5363 1809 5415 ῐδιόν

218 5462 375 5513 ἐστιν
409 5456 598 5522 αῢτοῦ,
648 5457 897 5525 καθάπερ
928 5457 1119 5526 ἀμέλει
1150 5457 1245 5509 καὶ
1271 5455 1366 5508 τοῦ
1392 5454 1525 5507 Θεοῦ
1559 5456 1655 5507 καὶ
1691 5455 1802 5505 Πα-

217 5553 375 5625 τρός,
422 5550 744 5606 ἀποστέλλει
782 5552 897 5613 τοῖς
939 5550 1115 5619 ἁγίοις
1163 5548 1329 5603 αὑτοῦ
1372 5548 1640 5620 μαθηταῖς
1669 5548 1804 5615 πρὸς

222 5644 519 5714 ἁγιασμόν.
572 5644 635 5696 Et
660 5642 716 5695 δὲ
745 5642 810 5710 δὴ
840 5642 1123 5713 νομίζουσι
1152 5641 1353 5714 τρόπον
1386 5640 1528 5705 τινὰ,
1559 5639 1655 5693 καὶ
1683 5640 1801 5710 δρι-

225 5740 301 5812 μὺ
333 5740 473 5791 νοεῖν
503 5752 561 5789 τε
589 5734 684 5788 καὶ
709 5734 909 5803 λέγειν,
944 5735 1189 5789 διάκονον
1214 5737 1347 5807 ἡμῖν
1382 5734 1471 5787 καὶ
1502 5731 1799 5802 ὑπουργὸν,

1909 5101 2033 5139 cum
2067 5084 2308 5155 Spiritus
2339 5082 2409 5135 sit
2437 5082 2565 5151 ejus
2592 5082 2873 5152 proprius,
2916 5080 3082 5134 sicuti
3124 5079 3379 5133 nimirum
3401 5086 3487 5131 est

1908 5178 2003 5232 Dei
2047 5193 2110 5230 ac
2143 5174 2343 5239 Patris,
2376 5175 2584 5229 sanctis
2624 5188 2750 5228 eum
2794 5174 2914 5227 suis
2959 5170 3251 5239 discipulis
3301 5168 3486 5221 mittat

1908 5272 1976 5327 ad
2012 5269 2533 5326 sanctiﬁcatiouem.
2567 5264 2726 5331 Quod
2763 5266 2807 5319 si
2859 5272 3082 5319 acutum
3119 5260 3307 5316 nescio
3352 5259 3486 5328 quid

1909 5365 2116 5419 sentire
2144 5376 2204 5417 se
2239 5376 2304 5415 ac
2353 5359 2540 5414 dicere
2573 5358 2913 5421 existimant,
2946 5356 3075 5409 dum
3128 5352 3216 5406 hic
3265 5365 3492 5420 quoque

1911 5455 2109 5510 Filium
2141 5453 2301 5508 nobis
2344 5451 2658 5505 ministrum
2688 5456 2742 5503 et
2772 5455 3154 5501 exsecutorem
3193 5443 3491 5502 inducunt,

1910 5548 2005 5616 qui
2037 5562 2143 5599 non
2176 5547 2358 5599 dicere
2393 5542 2651 5597 convenit
2679 5561 2691 5594 :
2720 5539 2886 5593 Stulti
2925 5552 2989 5591 ac
3026 5536 3177 5598 caeci,
3223 5548 3332 5589 non
3363 5548 3493 5587 sen-

1910 5640 2029 5694 titis
2057 5654 2165 5709 quo
2199 5636 2730 5707 praecipitesiterum
2763 5631 2948 5695 ruitis,
2977 5637 3031 5685 et
3061 5629 3327 5683 adversus
3354 5625 3490 5679 Uni-

1909 5733 2074 5803 gcniti
2114 5730 2343 5799 gloriam
2380 5725 2692 5797 insurgitis,
2722 5724 2940 5780 miseris
2969 5739 3039 5780 ex.
3088 5719 3363 5793 imperitia
3394 5732 3491 5773 ve-
