3868 6200
439 292 552 351 419

1441 305 1499 364 S.
1541 307 1821 369 CYRILLI
1857 314 2328 377 ALEXANDRINI
2366 326 2687 387 ARCHIEP.

3599 345 3715 404 620
3734 350 3739 355 ’

439 421 559 470 stra
589 415 862 474 contextis
890 418 1247 477 rationibus?
1275 422 1414 480 Nam
1447 428 1494 483 si
1524 430 1766 488 ministri
1808 435 1932 490 loco
1967 451 1988 492 ε

440 506 633 529 mn“
686 506 851 529 .,,.,___
905 511 1113 529 me..-
1175 512 1207 529 η
1561 519 1597 529 λ
1761 524 1773 529 -
1886 526 1896 529 ρ

2092 490 2097 503 ,
2126 442 2229 496 κάν
2256 446 2431 517 τούτῳ
2458 448 2523 520 δὴ
2551 451 2715 506 πάλιν
2738 453 2831 507 τὸν
2857 453 2984 507 Υἰὸν
3013 456 3437 529 εἰσκομίζοντες,
3464 463 3582 528 πῶς
3604 464 3710 519 οῦκ

435 506 636 561 ordine
684 506 853 565 Filius
898 511 1125 569 omnino
1174 512 1443 585 Spiritum
1487 534 1517 572 a
1560 519 1719 577 Patre
1760 524 2018 596 largitur,

437 598 721 667 quomodo
750 599 912 656 fateri
939 617 1170 661 necesse
1202 623 1312 662 non
1346 617 1430 665 est
1459 611 1530 666 ab
1556 612 1677 681 ejus
1706 617 2019 674 substantia

437 688 621 759 ipsum
650 707 770 748 esse
799 709 1028 765 prorsus
1068 698 1329 766 alienum,
1374 713 1470 756 aut
1501 703 1641 760 forte
1668 712 2020 776 praestantio-

436 795 551 835 rem
604 783 876 855 longeque
922 789 1214 857 potiorem.
1264 792 1312 848 si
1368 809 1458 849 res
1503 794 1581 849 ita
1615 797 1706 865 sit,
1743 807 1803 854 ut
1850 802 2020 860 stulte

432 875 698 930 sentitis?
730 874 788 931 Si
816 878 964 933 enim
992 896 1059 935 ex
1077 879 1241 938 Patre
1273 899 1376 939 non
1400 887 1668 957 procedit,
1702 890 1808 946 hoc
1840 902 1925 948 est
1951 910 2017 949 ex

430 965 553 1035 ejus
585 969 916 1037 substantia,
949 982 1009 1027 ut
1048 988 1148 1030 vos
1187 977 1376 1042 vultis,
1408 982 1690 1049 quomodo
1722 998 1833 1038 non
1868 1000 2013 1056 prae-

431 1060 672 1113 stantior
700 1060 839 1118 Filio
874 1062 1118 1134 Spiritus
1141 1070 1502 1125 censebitur?
1534 1073 1743 1130 Deinde
1768 1077 1900 1147 quid
1928 1078 2015 1133 di-

428 1166 621 1207 cernus
645 1168 771 1208 cum
804 1155 1149 1215 audierimus
1182 1160 1364 1230 ipsum
1397 1163 1466 1220 de
1488 1180 1547 1221 se
1576 1168 2009 1238 praedicantem:

434 1261 453 1294 ‹
489 1244 583 1299 llle
618 1261 704 1302 me
737 1247 1091 1315 clariﬁcabit,
1124 1254 1256 1323 quia
1289 1255 1358 1311 de
1386 1272 1510 1313 meo
1540 1261 1801 1332 accipiet,
1833 1272 1890 1320 et
1912 1281 2013 1321 an-

427 1335 703 1390 nnntiabit
729 1337 886 1394 vobis
914 1339 1071 1393 “""I
1094 1362 1113 1394 ι
1138 1343 1217 1397 Ad
1253 1344 1368 1400 haec
1402 1348 1539 1404 illud
1568 1366 1791 1423 quoque
1817 1371 2013 1412 neces-

424 1426 579 1480 sario
607 1427 829 1483 tandem
865 1443 1179 1489 succurret.
1210 1433 1437 1507 Nempe,
1476 1442 1523 1495 si
1554 1444 1796 1500 ministri
1835 1448 2009 1503 vicem

424 1530 456 1568 a
500 1515 641 1571 Filio
676 1519 891 1589 impleri
920 1526 1150 1593 putatis,
1182 1528 1276 1598 qui
1306 1530 1545 1586 alienum
1579 1537 1762 1603 nobis,
1797 1538 1902 1595 hoc
1925 1549 2011 1597 est

423 1624 453 1662 a
494 1608 607 1665 Deo
635 1619 689 1667 et
719 1611 897 1671 Patre-
922 1617 1153 1687 largitus
1206 1629 1291 1675 est
1344 1634 1600 1680 sanctum
1655 1642 1855 1686 natura
1906 1648 2006 1688 sua

423 1699 711 1770 Spiritum,
748 1721 859 1760 non
891 1709 995 1763 erit
1038 1714 1341 1766 secundum
1374 1724 1631 1773 naturam
1668 1735 1825 1776 suam
1872 1738 2005 1779 san-

419 1794 545 1842 ctus
576 1787 773 1857 Filius,
805 1794 899 1848 sed
926 1798 1349 1869 participatione
1372 1803 1665 1875 duntaxat,
1695 1810 1859 1866 sicuti
1882 1828 2006 1871 nos.

421 1878 634 1936 Dicitur
660 1886 829 1950 enim,
871 1887 1033 1956 juxta
1081 1890 1377 1963 impiorum
1421 1903 1776 1965 sententiam.
1814 1923 1843 1961 ει
1878 1908 2010 1964 sub-

418 1975 624 2028 stantia
661 1976 838 2034 Patris
873 1982 1111 2049 alienus,
1143 2000 1208 2040 ex
1244 2003 1353 2057 qua
1393 1991 1561 2044 etiam
1594 1997 1845 2063 procedit
1887 1999 2011 2070 Spi-

417 2062 561 2119 ritus
591 2065 683 2120 ille
709 2069 803 2138 qui
835 2086 936 2140 per
963 2088 1087 2127 eum
1120 2078 1419 2145 praebetur.
1450 2081 1751 2160 Fieriergo
1780 2062 2005 2160 poterit,

415 2155 463 2209 si
502 2159 766 2228 proprius
816 2178 926 2218 non
959 2165 1120 2237 911
1157 2171 1231 2225 sit
1269 2170 1393 2228 Filii
1431 2155 1707 2246 Spiritus;
1744 2155 1841 2237 sed
1887 2155 2007 2256 ipse

412 2262 634 2318 quoque
680 2252 1035 2313 adventitiam
1066 2260 1268 2317 habeat
1302 2267 1802 2329 sanctiﬁcationem
1859 2252 2006 2333 sicut

412 2350 692 2407 creatura,
736 2349 1036 2405 sanctitate
1084 2368 1308 2425 quoque
1338 2373 1438 2412 sua
1482 2360 1782 2432 aliquando
1828 2369 2005 2437 possit

409 2436 695 2492 excedere.
746 2437 903 2505 Quod
935 2444 1083 2500 enim
1120 2451 1467 2509 accessionis
1519 2456 1642 2512 loco
1693 2460 1997 2531 accipitur,

409 2527 688 2593 quomodo
719 2530 917 2589 abesse
968 2551 1081 2592 non
1118 2542 1366 2608 poterit?
1410 2548 1480 2599 At
1508 2548 1635 2617 quis
1682 2552 1752 2606 ab
1808 2527 2000 2613 istius;

409 2618 554 2671 modi
588 2621 863 2691 dogmatis
896 2630 1090 2697 procul
1137 2648 1247 2689 non
1290 2635 1500 2707 fugiet?
1534 2640 1648 2698 Nos
1683 2660 1837 2710 vero.
1873 2650 1998 2720 qui-

408 2708 515 2763 bus
578 2714 759 2769 amica
802 2727 887 2773 est
928 2721 1136 2778 veritas
1183 2739 1247 2780 ac
1283 2729 1535 2786 veritatis
1576 2733 1854 2805 dogmata,
1889 2708 1997 2796 ἠθ-

405 2814 681 2871 quaquam
718 2806 842 2861 illos
891 2823 1211 2880 sequemur,
1255 2817 1351 2871 sed
1385 2830 1713 2878 sanctorum
1763 2826 1991 2886 Patrum

406 2891 530 2946 ﬁdei
563 2897 806 2969 vestigiis
840 2900 1185 2972 insistentes,
1228 2913 1513 2980 proprium
1547 2932 1672 2973 esse
1720 2919 1845 2977 Filii
1893 2923 1994 2979 Pa-

401 3181 655 3238 capaces,
693 3175 894 3242 quibus
920 3187 974 3232 et
1003 3194 1035 3233 e
1061 3180 1232 3237 nihilo
1260 3194 1415 3243 ortus
1441 3200 1544 3255 est,
1576 3194 1669 3248 sed
1702 3197 1825 3266 ejus
1852 3215 1989 3255 con-

400 3259 825 3319 substantialem
880 3269 1046 3324 sicuti
1095 3288 1293 3345 nempe
1344 3288 1399 3332 et
1443 3282 1643 3339 Patris.
1700 3259 1796 3343 Sic
1840 3293 1986 3347 enim

398 3352 904 3414 ecclesiasticorum
938 3363 1257 3434 dogmatum
1304 3372 1446 3426 ratio
1480 3374 1533 3429 in
1561 3393 1729 3437 vanas
1760 3382 1986 3439 deorum

396 3442 613 3502 fabulas
641 3464 751 3504 non
793 3452 983 3519 abibit,
1024 3457 1120 3512 sed
1159 3459 1216 3513 in
1251 3476 1418 3516 unam
1466 3466 1688 3525 deitatis
1716 3474 1985 3529 rationem

396 3547 591 3592 sancta
623 3539 868 3599 Trinitas
900 3548 1325 3621 constringitur.
1362 3554 1688 3632 Simulergo
1716 3567 1985 3621 substan-

396 3628 488 3682 tia:
530 3631 795 3688 unitatem
836 3639 1205 3707 ostendendo,
1242 3660 1378 3712 suae,
1410 3628 1668 3721 inquam,
1697 3664 1753 3711 et
1783 3656 1882 3713 Dei
1918 3676 1984 3716 ac

396 3717 597 3786 Patris,
622 3732 677 3777 et
703 3724 966 3795 Spiritum
990 3734 1245 3792 veritatis
1262 3717 1609 3798 Paraeletum
1630 3717 1978 3818 appellando,

396 3825 427 3863 a
457 3810 625 3869 Patre
654 3821 956 3885 procedere
994 3823 1097 3889 ait,
1132 3836 1324 3896 aperte
1362 3839 1417 3886 et
1461 3810 1770 3893 indubitate
1801 3810 1983 3912 arguit

395 3898 489 3955 Dei
529 3901 745 3959 hostem
780 3907 837 3962 in
878 3911 1113 3968 solidum
1134 3931 1279 3985 esse,
1306 3921 1401 3990 qui
1434 3922 1641 3980 Christi
1676 3928 1751 3983 sit
1775 3898 1976 3989 hostis.

391 3989 530 4047 Nam
563 3997 661 4065 qui
693 4000 1027 4068 petulantem
1060 4021 1120 4062 se
1150 3989 1387 4079 gesserit
1424 4014 1480 4069 in
1516 4015 1742 4089 Filium,
1780 4025 1979 4081 merito

391 4097 615 4153 quoque
674 4086 730 4141 in
763 4103 889 4144 eum
930 4106 995 4146 ex
1048 4109 1160 4164 quo
1214 4105 1300 4155 est
1344 4116 1578 4170 peccare
1635 4086 1975 4165 censebitur.

392 4174 529 4229 Cum
564 4193 698 4248 ergo
732 4182 944 4236 venerit
991 4183 1337 4258 Paracletus,
1374 4193 1577 4265 inquit,
1613 4195 1853 4267 Spiritus
1882 4217 1978 4257 ve-

390 4266 595 4333 ritatis,
632 4270 684 4325 id
717 4282 803 4328 est
847 4290 1025 4341 meus,
1068 4280 1161 4349 qui
1194 4296 1225 4335 a
1266 4281 1431 4338 Patre
1470 4266 1745 4358 procedit,
1781 4292 1874 4349 ille
1904 4302 1979 4351 te-

390 4357 711 4415 stimonium
745 4365 1055 4434 perhibebit
1110 4369 1178 4425 de
1226 4388 1335 4428 me.
1396 4357 1970 4452 Perhibebitautem,

389 4464 597 4520 quaeso,
632 4457 943 4524 quomodo?
981 4459 1274 4530 Operando
1303 4466 1567 4526 nimirum
1614 4474 1670 4527 in
1698 4478 1853 4533 vobis

387 4558 491 4611 per
520 4561 617 4601 vos
643 4548 930 4613 miracula,
962 4554 1122 4608 testis
1150 4557 1255 4610 erit
1281 4558 1468 4626 justus
1493 4579 1557 4618 ac
1583 4582 1748 4622 verax
1773 4571 1970 4628 divinae

386 4650 521 4690 mem
549 4641 839 4707 potestatis
896 4652 1065 4712 atque
1098 4648 1427 4718 majestatis.
1463 4654 1618 4712 Meus
1661 4662 1807 4715 enim
1842 4662 1969 4737 Spi-

384 4726 525 4783 ritus
553 4739 637 4784 est
674 4734 767 4799 qui
796 4743 1060 4803 operatur
1088 4737 1142 4791 in
1174 4741 1337 4795 vobis
1360 4745 1425 4797 ".
1470 4745 1542 4801 Ut
1570 4757 1752 4805 autem
1786 4726 1966 4821 meus,

383 4818 466 4874 sic
501 4828 555 4875 et
584 4820 679 4876 Dei
730 4838 793 4879 ac
836 4826 1038 4883 Patris.
1099 4828 1275 4885 Simul
1331 4834 1519 4905 itaque
1575 4840 1775 4911 injuria
1824 4818 1964 4903 allici

381 4909 730 4978 cogitandum
768 4923 854 4970 est
897 4931 994 4972 eos
1033 4919 1131 4989 qui
1170 4936 1263 4990 per
1316 4940 1489 4979 unum
1535 4909 1689 4984 illum
1761 4934 1964 4991 bonum

383 4998 645 5070 Spiritum
689 5005 956 5063 miracula
991 5010 1060 5064 ad
1114 5022 1323 5068 certam
1373 5017 1497 5072 ﬁdei
1538 5020 1967 5083 demonstratio-

380 5107 503 5147 nem
536 5094 726 5161 edunt,
779 5109 839 5154 ut
867 5102 923 5157 in
958 5119 1197 5174 persona
1245 5106 1475 5173 Christi,
1514 5112 1569 5166 in
1600 5131 1713 5185 quo
1748 5118 1966 5175 inhabi-

376 5186 535 5251 tavit,
568 5188 724 5256 juxta
749 5192 980 5249 Paulum
1018 5196 1064 5228 ”
1089 5238 1105 5262 ,
1132 5214 1241 5252 non
1284 5216 1411 5268 pars
1442 5204 1625 5274 aliqua
1652 5208 1960 5271 divinitatis

377 5276 692 5348 ineﬂ'abilis,
724 5283 822 5339 sed
858 5290 1040 5343 omnis
1080 5291 1206 5359 ejus
1256 5293 1542 5362 plenitudo
1574 5304 1957 5371 corporaliter.

376 5368 778 5430 Testimonium
845 5386 1026 5436 autem
1082 5386 1409 5453 perhibente
1469 5368 1719 5461 Spiritu,
1790 5397 1960 5454 simul

372 5463 535 5520 etiam
579 5468 954 5525 testimonium
991 5489 1087 5530 vos
1136 5476 1241 5548 ipsi
1294 5495 1519 5553 quoque
1573 5488 1955 5559 perbibebitis,

2123 534 2417 591 ἀκόλουθον
2461 542 2669 596 εἰπεῖν·
2707 545 2897 615 Μωροί
2942 548 3036 602 καὶ
3084 550 3296 620 τυφλοὶ,
3342 553 3418 625 πῆ
3445 553 3510 626 δὴ
3537 556 3705 611 πάλιν

2126 626 2297 692 ἰόντες
2318 628 2478 700 ὑμεῖς
2501 633 2602 687 οὐκ
2627 626 2972 703 αἰσθάνεσθε,
2992 641 3084 693 καὶ
3110 642 3213 712 τῆς
3237 643 3329 697 τοῦ
3359 646 3706 716 Μονογενοῦς

2122 722 2523 792 κατεπαίρεσθε
2552 724 2730 798 δόξης,
2788 730 2851 782 ὲκ
2880 731 2982 798 τῆς
3016 733 3244 805 ἐνούσης
3269 738 3398 808 ὑμῖν
3426 740 3702 811 ἀμαθειας
3770 800 3775 803 ,

2118 809 2340 876 ἀθλίους
2364 814 2705 885 συνείροντες
2738 818 3065 891 λογισμούςς
3102 826 3162 878 Εἰ
3186 826 3295 898 γὰρ
3316 828 3452 893 ὅλως
3470 809 3703 904 γορηγεῖ
3739 820 3783 918 ’ξ

2118 901 2180 955 τὸ
2218 904 2447 975 Πνεῦμα
2489 910 2641 979 παρὰ
2671 912 2882 982 Πατρὸς
2911 914 2939 965 ό
2971 916 3119 981 Υἱὸς,
3152 918 3213 971 ὲν
3243 919 3517 991 ὑπηρέτου
3540 901 3699 991 τινὸς

2117 993 2268 1060 τάξει
2297 996 2697 1071 λελογισμένος,
2753 1005 2870 1070 πῶς
2912 1008 3013 1062 οὐκ
3060 1010 3357 1080 ἀναγκαῖον
3389 1016 3694 1087 ὁμολογεῖν,

2114 1086 2192 1151 ὡς
2232 1089 2512 1163 ἀλλότριον
2560 1096 2658 1166 μὲν
2699 1095 2813 1151 ἐστι
2843 1101 3121 1167 παντελῶς
3158 1105 3257 1174 τῆς
3281 1107 3469 1172 οὐσίας
3502 1110 3694 1177 αὐτοῦ,

2115 1182 2255 1252 τάχα
2280 1182 2337 1236 δὲ
2366 1186 2459 1238 καὶ
2488 1185 2708 1257 ἄμεινον
2736 1190 2922 1257 αὑτοῦ,
2963 1194 3058 1247 καὶ
3092 1198 3232 1251 κατά
3258 1199 3391 1252 πολὺ
3423 1204 3693 1273 κρεῖττον,

2114 1271 2290 1344 ἄνπερ
2336 1276 2511 1340 οὕτως
2557 1278 2652 1350 ἔχῃ
2682 1283 2824 1337 κατά
2865 1301 2930 1352 γε
2960 1284 3059 1357 τὴν
3087 1289 3220 1360 παρ’
3248 1291 3377 1362 ὑμῖν
3408 1271 3650 1362 ἀμαθίαν
3676 1313 3692 1362 ;

2115 1366 2178 1417 EE
2207 1366 2314 1438 γὰρ
2343 1368 2443 1422 οὐκ
2472 1370 2538 1423 ἐκ
2566 1370 2656 1424 τοῦ
2690 1373 2902 1445 Πατρὸς
2927 1379 3305 1449 ἐκπορεύεται,
3342 1382 3485 1438 τοῦτ’
3520 1385 3692 1448 ἔστιν,

2113 1460 2178 1512 ἐκ
2219 1460 2317 1529 τῆς
2351 1461 2540 1525 οὐσίας
2579 1464 2742 1517 αὐτοῦ
2772 1468 2800 1519 ὁ
2834 1467 2960 1532 Υἱὸς
2991 1470 3115 1523 καθ’
3154 1473 3319 1543 ὑμᾶς,
3363 1476 3480 1540 πῶς
3506 1479 3607 1531 οὐκ
3633 1481 3694 1531 ὲν

2111 1551 2362 1621 ἀμείνοσι
2394 1556 2567 1607 νοοῖτο
2591 1555 2656 1608 ἂν
2695 1556 2753 1609 τὸ
2790 1559 3015 1630 Πνεῦμα
3046 1564 3199 1634 παρά
3226 1565 3317 1618 τὸν
3351 1568 3512 1636 Υίόν;
3555 1566 3696 1624 Εἶτα

2109 1644 2163 1696 τί
2192 1662 2393 1714 φαμεν,
2428 1647 2556 1699 ὅταν
2584 1649 2911 1721 ἀκούσωμεν
2938 1652 3187 1723 λέγοντος
3222 1659 3350 1730 περὶ
3378 1661 3568 1726 αὑτοῦ,
3607 1663 3695 1716 ὅτι

2117 1753 2135 1786 ι
2161 1736 2399 1800 Ἐκεῖνος
2428 1738 2527 1809 ἐμὲ
2551 1739 2788 1806 δοξάσει,
2814 1744 2896 1796 ὃτι
2934 1744 2999 1799 ἐκ
3030 1747 3122 1801 τοῦ
3155 1749 3290 1820 ἐμοῦ
3318 1751 3566 1825 λήψεται,
3596 1757 3696 1809 καὶ

2112 1829 2406 1897 ἀναγγελεῖ
2434 1831 2599 1901 ὑμῖν;
2634 1853 2653 1885 ι
2690 1834 2835 1905 Πρὸς
2862 1835 2919 1890 δὲ
2947 1840 3061 1902 τοῖς
3096 1841 3427 1913 εἰρημένοις,
3470 1848 3697 1903 κάκεῖνο

2109 1920 2314 1987 λοιπὸν,
2351 1925 2429 1990 ὡς
2475 1927 2535 1992 ἐξ
2580 1929 2827 2001 ἀνάγκης
2857 1934 3193 2006 εἰσϐήσεται.
3241 1940 3304 1994 Εἰ
3341 1942 3449 2013 γὰρ
3483 1945 3695 2016 ὑπουρ-

2107 2015 2236 2082 γίαν
2268 2017 2583 2091 διακονικὴν
2609 2021 2963 2095 ἀποπληροῦν
2989 2026 3168 2082 οἴεσθε
3198 2030 3289 2084 τὸν
3316 2032 3463 2098 Υίὸν,
3504 2035 3569 2089 τὸ
3594 2015 3695 2091 ἀλ-

2106 2104 2321 2177 λότριον
2347 2110 2500 2180 ἡμῖν,
2527 2111 2673 2165 τοῦτ’
2699 2112 2839 2181 ἔστι,
2885 2115 2947 2169 τὺ
2979 2118 3133 2190 παρά
3162 2121 3257 2174 τοῦ
3284 2122 3420 2177 Θεοῦ
3449 2126 3544 2179 καὶ
3578 2127 3694 2181 Πα-

2063 2229 2066 2233 ~
2105 2198 2233 2269 τρὸς
2261 2204 2699 2273 κεχορηγηκότα,
2728 2204 2883 2272 ἅγιον
2914 2206 2975 2261 ὃν
3001 2211 3140 2265 κατὰ
3157 2212 3320 2281 φύσιν
3348 2216 3590 2286 Πνεῦμα,
3625 2222 3689 2274 ού

2104 2289 2249 2343 κατά
2296 2291 2458 2361 φύσιν
2507 2294 2662 2365 ἅγιος
2693 2298 2721 2350 ό
2752 2297 2901 2362 Υἱὸς,
2937 2301 3077 2354 κατὰ
3109 2302 3325 2373 μέθεξιν
3354 2306 3444 2369 δὲ,
3496 2309 3689 2383 ὥσπερ

2103 2385 2286 2454 ἡμεῖς.
2338 2386 2573 2456 Λέγεται
2618 2390 2729 2462 γὰρ
2770 2393 2914 2447 κατά
2958 2394 3057 2467 τὴν
3094 2397 3204 2449 τῶν
3235 2400 3507 2455 δυσσεϐὦν
3536 2404 3692 2473 ἀμά-

2101 2474 2273 2544 θειαν,
2309 2478 2593 2549 ἀλλότριος
2621 2476 2761 2536 εἶναι
2800 2484 2901 2554 τῆς
2929 2486 3118 2551 οὐσίας
3152 2488 3246 2542 τοῦ
3282 2492 3512 2563 Πατρός,
3535 2496 3594 2559 ἐξ
3617 2492 3691 2569 ἧς

2099 2568 2193 2621 καὶ
2227 2570 2442 2641 πρόεισι
2474 2572 2535 2625 τὸ
2584 2574 2807 2647 Πνεῦμα
2852 2577 2914 2630 τὸ
2954 2578 3022 2633 δι’
3055 2580 3221 2635 αὐτοῦ
3252 2568 3684 2657 χορηγούμενον.

2102 2662 2295 2716 Ἔσται
2353 2664 2534 2718 τοίνυν
2586 2666 2694 2721 τῶν
2747 2668 3132 2741 ἐνδεχομένων,
3179 2674 3337 2745 εἰπερ
3385 2678 3485 2731 οὒκ
3552 2680 3687 2735 ἴδιον

2093 2750 2188 2804 τοῦ
2220 2753 2351 2806 Υἱοῦ
2387 2754 2447 2807 τὸ
2476 2756 2701 2825 Πνεῦμά
2732 2761 2880 2813 ἐστιν
2900 2803 2915 2827 ,
2947 2762 3065 2816 ἀλλ’
3096 2764 3405 2838 εἰσποιητὸν
3444 2769 3557 2840 ἔχει
3586 2772 3688 2825 καὶ

2093 2843 2258 2908 αὐτὸς
2287 2846 2379 2898 τὸν
2408 2848 2699 2918 ἀγιασμδν,
2729 2852 2982 2925 καθάπερ
3020 2855 3053 2925 ὴ
3090 2858 3288 2922 κτίσις,
3334 2860 3429 2913 καὶ
3470 2863 3685 2917 ἀποπε-

2090 3212 2174 3275 τὶς
2204 3213 2311 3267 τῶν
2339 3216 2595 3272 τοιούτων
2610 3219 2709 3271 οὐκ
2741 3221 3138 3295 ἀποδραμεῖται
3170 3226 3489 3299 δογμάτωνς
3532 3233 3682 3305 Πρε-

2090 3305 2430 3381 πωδέστερον
2460 3309 2517 3363 δὲ
2551 3304 2704 3382 οἶμαι
2731 3313 2792 3366 τὸ
2816 3313 2989 3380 οὕτως
3010 3317 3201 3372 εἰπεῖν.
3236 3321 3366 3390 Φίλη
3386 3304 3681 3396 τοιγαροῦν

2089 3396 2222 3466 ἡμῖν
2247 3398 2280 3467 ὴ
2311 3397 2558 3469 ἀλήθεια,
2587 3400 2681 3454 καὶ
2707 3400 2775 3454 τὰ
2801 3402 2865 3455 ἐκ
2896 3405 2993 3473 τῆς
3016 3404 3273 3477 ἀληθείας
3290 3407 3559 3479 δόγματα,
3581 3412 3680 3466 καὶ

2088 3486 2272 3549 αὐτοῖς
2307 3487 2538 3553 ἐκείνοις
2566 3492 2727 3561 ἡμεῖς
2745 3493 2843 3563 οὐχ
2865 3493 3129 3565 ἑψόμεθα,
3155 3498 3254 3569 τὴν
3280 3498 3337 3552 δὲ
3368 3500 3482 3553 τῶν
3504 3503 3680 3571 ἁγίων

2086 3577 2789 3650 Πατέρωνίχνηλατοῦντες
2847 3585 3049 3653 πίστιν,
3106 3589 3236 3644 ίδιον
3286 3589 3428 3646 εἷναί
3492 3612 3678 3667 φαμεν

2083 3667 2178 3720 τοῦ
2210 3668 2337 3721 Υἰοῦ
2368 3671 2461 3725 τὸν
2490 3674 2877 3747 Παράκλητον,
2908 3677 3052 3733 τοῦτ’
3082 3680 3220 3745 ἔστι,
3246 3684 3306 3737 τὸ
3351 3685 3581 3756 Πνεῦμα
3614 3691 3677 3743 τὸ

2085 3760 2259 3829 ἅγιον,
2283 3763 2490 3817 καὶούκ
2522 3766 3001 3840 ἐπεισκρινόμενον
3028 3770 3258 3837 ἔξωθεν,
3291 3776 3414 3830 οὐδὲ
3440 3779 3673 3848 ἐπίκτη-

2081 3867 2172 3904 τον
2202 3854 2260 3905 ὲν
2289 3853 2457 3925 αὐτῷ,
2486 3855 2741 3929 καθάπερ
2767 3861 2915 3916 ἐστὶν
2945 3863 3005 3914 ὲν
3037 3866 3150 3927 τοῖς
3186 3866 3474 3938 ἁγιότητος
3495 3870 3675 3927 δεκτι-

2080 3944 2219 4008 κοῖς,
2253 3939 2334 4008 οἷς
2363 3947 2457 3999 καὶ
2483 3949 2547 4001 ἐκ
2575 3949 2649 4021 μὴ
2678 3950 2848 4005 όντων
2903 3954 2937 4022 ἡ
2986 3955 3222 4024 γένεσις,
3244 3957 3358 4012 ἀλλ’
3381 3961 3673 4031 ὁμοούσιον

2080 4036 2253 4108 αὐτῷ,
2274 4038 2526 4111 καθάπερ
2551 4042 2745 4113 ἀμέλει
2782 4045 2877 4099 καὶ
2899 4045 2992 4099 τοῦ
3018 4049 3251 4121 Πατρός.
3274 4050 3432 4105 Οὕτω
3463 4054 3573 4127 γὰρ
3601 4056 3668 4110 ἂν

2078 4129 2180 4182 οὐκ
2212 4132 2292 4193 εἰς
2318 4130 2577 4186 πολύθεον
2608 4136 2739 4205 ἡμῖν
2772 4137 3102 4208 μυθολογίαν
3132 4143 3163 4213 ἡ
3213 4142 3323 4197 τῶν
3373 4146 3672 4219 ἐκκλησια-

2079 4219 2279 4274 στικῶν
2322 4222 2609 4293 δογμάτων
2648 4227 2927 4299 οἰχήσεται
2961 4230 3210 4304 δύναμις.
3258 4234 3376 4289 ἀλλ’
3431 4240 3514 4303 είς
3570 4240 3671 4294 ἕνα

2077 4310 2329 4385 θεότητος
2354 4315 2511 4385 λόγον
2543 4318 2575 4387 ἡ
2613 4318 2743 4386 ἀγία
2773 4321 2942 4392 Τριάς
2959 4324 3375 4396 ἀνασφίγγεται.
3411 4330 3503 4383 Ἐν
3540 4348 3672 4386 ταυ-

2074 4402 2153 4474 τῷ
2185 4405 2473 4477 τοιγαροῦν
2498 4408 2715 4479 καὶτῆς
2754 4412 2941 4477 οὐσίας
2987 4416 3087 4487 τὴν
3133 4419 3359 4491 ἑνότητα
3401 4424 3669 4492 παραδει-

1917 4491 1973 4537 ει
2006 4478 2049 4533 Ῑ)
2082 4496 2235 4561 κνὺς,
2265 4498 2458 4551 ἑαυτοῦ
2480 4516 2562 4565 τε,
2588 4478 2753 4573 φημὶ,
2779 4505 2875 4558 καὶ
2902 4506 3002 4576 τῆς
3027 4478 3121 4561 τοῦ
3150 4478 3290 4564 Θεοῦ
3308 4512 3402 4565 καὶ
3423 4478 3664 4586 Πατρός,

2075 4585 2301 4657 Πνεῦμα
2324 4588 2422 4659 τῆς
2447 4590 2705 4662 ἀληθείας
2731 4596 2823 4650 τὸν
2869 4598 3229 4672 Παράκλητον
3278 4600 3416 4659 εἶναι
3464 4585 3663 4677 λέγων,

2074 4677 2226 4746 παρά
2282 4679 2378 4732 τοῦ
2402 4682 2633 4755 ιΠατρὸς
2689 4687 3085 4759 ἑκπορεύεσθαί
3130 4710 3316 4764 φησιν,
3368 4697 3664 4771 ἀπελέγχει

2073 4770 2262 4840 σαφῶς
2302 4775 2398 4827 καὶ
2455 4777 2843 4849 ἀναμφιλόγως
2877 4782 3146 4857 θεομάχον
3205 4787 3516 4861 ὁλοκλήρως
3572 4770 3664 4847 τόν

2069 4863 2472 4937 Χριστομάχον.
2523 4869 2581 4923 '0
2608 4871 2717 4943 γὰρ
2752 4872 2890 4938 ὅλως
2912 4877 3264 4949 ὲμπαροινεῖν
3291 4881 3554 4955 ἐθελήσας
3583 4887 3663 4956 τῷ

2070 4951 2205 5022 Υἰῷ,
2228 4957 2714 5031 πεπλημμεληκὼς
2735 4963 2802 5016 ἂν
2836 4966 3061 5032 εἰκότως
3090 4970 3183 5022 καὶ
3220 4971 3301 5035 εἰς
3325 4951 3487 5027 αὐτόν
3518 4951 3660 5028 voci;

2066 5059 2127 5096 το
2164 5044 2255 5098 τὸν
2275 5048 2335 5113 ἐξ
2358 5045 2529 5123 οὗπερ
2556 5054 2725 5109 ἐστίν.
2753 5056 2923 5111 Ὀταν
2942 5060 3123 5116 τοίνυν
3143 5062 3273 5134 ἔλθῃ
3299 5066 3327 5118 ὁ
3360 5067 3660 5138 Παράκληο

2064 5153 2175 5199 τος,
2204 5143 2358 5208 φησι,
2392 5144 2452 5196 τὸ
2478 5146 2705 5218 Πνεῦμα
2744 5150 2844 5220 τῆς
2881 5151 3167 5225 ἀληθείας,
3220 5158 3365 5211 τοῦτ’
3418 5160 3539 5215 ἔστι
3595 5164 3657 5215 τὸ

2067 5230 2219 5301 ὲμὸν,
2251 5232 2278 5285 ὃ
2304 5235 2453 5305 παρά
2476 5238 2570 5291 τοῦ
2594 5240 2806 5312 Πατρός
2833 5243 3214 5316 ἐκπορεύεται,
3265 5251 3472 5315 ἐκεῖνος
3521 5270 3659 5324 μαρ-

2065 5324 2292 5393 τυρήσει
2320 5327 2449 5398 περὶ
2472 5329 2628 5399 ἐμοῦ.
2662 5333 3023 5406 Μαρτυρήσει
3046 5337 3102 5391 δὲ
3121 5339 3238 5404 πῶς
3265 5358 3279 5406 ;
3316 5342 3655 5415 Ἐνεργῆσαν

2065 5411 2175 5484 γὰρ
2193 5415 2251 5468 ὲν
2275 5418 2402 5487 ὑμῖν
2423 5436 2484 5471 τε
2525 5421 2620 5475 καὶ
2648 5422 2716 5476 δι’
2762 5425 2918 5495 ὑμῶν
2961 5428 3027 5481 τά
3076 5432 3377 5503 παράδοξα,
3439 5411 3654 5507 μάρτυς

2066 5500 2249 5560 ἔσεται
2274 5506 2484 5576 δίκαιός
2512 5527 2573 5565 τε
2607 5513 2703 5567 καὶ
2734 5514 2943 5589 ἀληθὴς
2974 5518 3076 5591 τῆς
3124 5500 3264 5595 ἐμῆς
3304 5500 3651 5598 θεοπρεποῦς

441 5742 731 5804 ²⁹·¹³ιῐοειιι.
767 5765 853 5817 xv.
883 5751 969 5809 Η.
1048 5755 1092 5788 “
1113 5757 1344 5832 Philipp.
1388 5779 1448 5832 ιι,
1486 5766 1568 5825 15.
1647 5771 1921 5833 "Coloss.
1961 5790 2020 5845 ll,
2056 5778 2108 5835 9.
