3868 6200
198 325 307 391 ,Ωι
1314 325 1379 380 ΙΝ
1409 324 1698 382 JOANNIS
1737 325 1795 379 E‘

1902 323 2190 379 WGELIUM
2230 323 2357 382 LIB.
2379 324 2423 378 X
2436 366 2451 381 .
3361 328 3474 388 422

197 440 474 505 ἐξουσίας,
510 439 607 494 καὶ
642 440 742 510 τῆς
775 440 834 496 ὲν
861 439 1093 509 δυνάμει
1134 440 1573 512 μεγαλειότητος.
1635 440 1795 510 Ἐμὸν

1902 441 2103 511 inquit.
2135 439 2488 511 Spectatores
2521 439 2669 494 enim
2698 440 2803 511 ipsi
2834 439 3014 496 fuistis
3043 440 3350 513 signorum,
3380 445 3474 516 qui

196 532 310 603 γάρ
350 532 595 603 Πνεῦμα,
624 534 685 586 τὸ
713 531 970 605 ἐνεργοῦν
1008 532 1067 584 ὲν
1105 532 1256 601 ὑμῖν.
1300 533 1511 603 ’Ὠσπερ
1538 532 1595 584 δὲ
1629 530 1783 603 ἐμὸν,

1902 547 2109 586 mecum
2130 547 2353 603 semper
2387 531 2589 597 fuistis,
2617 538 2801 601 utpote
2830 532 3115 600 discipuli.

196 623 346 678 οὕτω
392 627 486 680 καὶ
517 626 613 679 τοῦ
648 624 781 679 Θεοῦ
826 625 922 678 καὶ
954 624 1191 696 Πατρός.
1221 623 1697 695 Συγκαθυὸρίσθαι
1727 623 2018 694 τοιγαροῦν
2065 625 2277 695 ἀνάγκη
2313 628 2453 678 νοεῖν
2488 626 2615 688 τοὺς
2658 624 2724 678 δι’
2762 624 2883 689 ἐνὸς
2926 625 3022 679 τοῦ
3059 626 3262 697 ἀγαθοῦ
3304 612 3479 679 Πνεῦ-

202 733 379 789 ματος
406 718 477 771 τά
512 718 796 789 παράδοξα
823 716 965 788 πρὸς
983 716 1361 788 πληροφορίαν
1410 716 1511 786 τῆς
1561 714 1798 776 πίστεως
1827 714 2252 785 ἐνεργήσαντας,
2290 716 2367 777 ώς
2407 715 2466 767 ὲν
2522 717 2801 785 προσώπῳ
2832 714 3091 786 Χριστοῦ,
3135 717 3194 768 ὲν
3337 727 3473 769 κατ-

199 812 386 883 ῴκησε
451 812 595 866 κατά
665 812 758 865 τὸν
815 811 1065 876 Παῦλον,
1122 810 1246 881 οὐχὶ
1302 810 1470 883 μέρος
1538 827 1589 862 τι
1654 808 1757 877 τῆς
1796 806 2079 877 ἀφράστου
2147 807 2422 878 θεότητος,
2488 807 2605 862 ἀλλ’
2652 808 2773 862 ὅλον
2803 807 2864 860 τὸ
2903 807 3182 877 πλήρωμα
3238 823 3481 879 σωματι-

201 909 336 972 κῶς.
367 907 786 978 Μαρτυροῦντος
817 906 873 960 δὲ
894 905 991 960 τοῦ
1034 906 1373 977 Πνεύματος,
1429 902 2032 975 συνεπιμαρτυρήσετε,
2090 905 2250 975 φησὶ,
2315 906 2411 958 καὶ
2440 905 2599 975 ὑμεῖς
2653 903 2826 958 αὐτοί.
2870 903 3136 972 Γεγόνατε
3193 904 3302 977 γὰρ
3344 906 3479 959 αὕτ’·

200 999 367 1051 όπται
394 999 488 1051 καὶ
526 996 720 1067 θεωροὶ
756 995 866 1049 τῶν
890 995 1041 1067 παρὰ
1057 998 1171 1059 τοῖς
1197 993 1784 1065 ίδίοιςτετελεσμένων,
1822 990 1912 1044 ἀεὶ
1942 995 2214 1061 συνόντες,
2244 997 2320 1058 ώς
2354 995 2597 1066 μαθηταί
2627 994 2727 1065 (1).

283 1088 479 1143 Ταῦτα
526 1086 847 1157 λελάληκα
923 1086 1088 1157 ὑμῖν,
1136 1088 1239 1143 ἵνα
1310 1086 1399 1160 μὴ
1463 1085 1795 1143 σκανδαλι-

208 1181 330 1249 σθῆ
338 1198 420 1237 τε.

276 1274 391 1344 Τὴν
418 1274 529 1326 τῶν
560 1272 835 1328 Ἰουδαίων
864 1271 1129 1327 ἀπόνοιαν
1176 1273 1486 1343 φανοτάτην
1528 1273 1644 1335 τοῖς
1675 1272 1797 1325 ἐαυ-

204 1362 302 1416 τοῦ
353 1362 621 1433 μαθηταῖς
641 1361 904 1426 καθιστάς
919 1361 1176 1433 ὀλΣωτὴρ,
1206 1363 1347 1432 τάχα
1368 1363 1462 1417 καὶ
1481 1362 1799 1429 ἐπενεγκεῖν

204 1456 320 1518 τοῖς
343 1455 471 1525 περὶ
496 1455 699 1507 τούτων
725 1454 917 1525 ἔμελλε
949 1455 1150 1524 λόγοις,
1189 1456 1271 1509 ὅτι
1301 1454 1366 1524 δὴ
1422 1454 1559 1526 πρὸς
1600 1452 1795 1508 τοσαύ-

204 1564 307 1617 την
337 1545 527 1615 ἦξουσι
558 1545 854 1616 δυσηκοῖαν
894 1546 946 1601 oi
997 1546 1248 1609 τάλανες,
1306 1544 1681 1617 ἀποφράξουσι
1734 1544 1793 1598 δὲ

1964 1086 2121 1153 XVI,
2164 1089 2218 1144 l.
2259 1087 2391 1143 Haec
2423 1088 2628 1143 locutus
2659 1103 2778 1141 sum
2803 1086 2948 1141 vobis
2971 1126 2986 1153 ,
3016 1097 3076 1140 ut
3104 1104 3208 1142 non
3246 1090 3478 1145 scanda-

1894 1180 2154 1235 ﬂumini.

1966 1271 2104 1328 Cum
2126 1270 2443 1327 Iudaeorum
2485 1271 2730 1327 furorem
2760 1271 3017 1326 Christus
3038 1271 3155 1326 suis
3189 1271 3480 1343 discipulis

1895 1373 2221 1436 exponeret,
2248 1366 2527 1434 subjicere
2558 1365 2794 1420 debebat
2821 1363 3074 1418 infelices
3107 1363 3232 1419 illos
3264 1364 3329 1418 ad
3360 1373 3483 1418 tan-

1895 1464 2008 1511 tam
2060 1457 2425 1527 pervicaciam
2465 1456 2630 1527 912
2660 1463 2948 1520 venturos,
2993 1464 3159 1524 atque
3196 1455 3270 1508 ita
3318 1470 3483 1510 aures

1895 1551 2284 1607 obstructuros
2313 1559 2636 1617 tantumque
2663 1548 2775 1603 odii
2800 1556 3165 1616 concepturos
3193 1546 3247 1600 in
3285 1547 3480 1611 Deum,

206 1634 352 1687 οῦτω
379 1634 476 1705 τὴν
504 1634 696 1705 ἀκοὴν,
721 1634 817 1687 καὶ
857 1635 937 1698 είς
963 1634 1121 1687 τοῦτο
1158 1633 1463 1705 βαδιοῦνται
1513 1633 1793 1705 μισοθεῖας

1902 1650 1950 1695 et
1986 1641 2232 1695 veritatis
2264 1640 2569 1695 doctrinam
2602 1648 2711 1691 tam
2735 1636 3135 1692 contumeliose
3159 1636 3476 1699 habituros.

203 1727 256 1778 οί
273 1726 519 1789 δείλαιοι,
550 1725 946 1799 καθυϐρίσουσι
977 1727 1034 1780 δὲ
1062 1726 1205 1780 οὕτω
1226 1727 1351 1790 τοὺς
1366 1727 1505 1797 ὑπὲρ
1534 1727 1633 1796 τῆς
1655 1726 1791 1795 ἀλη-

204 1816 359 1881 θείας
391 1817 602 1885 λόγους,
629 1818 705 1881 ώς
742 1817 902 1891 εἴπερ
940 1819 1036 1872 καλ⁹
1077 1817 1170 1871 δύο
1204 1816 1445 1885 γένοιντο
1488 1818 1649 1887 τυχὸν
1693 1818 1793 1886 τῆς

203 1907 375 1961 αὐτοῦ
402 1908 561 1978 δόξης
588 1911 635 1961 οἱ
672 1904 972 1981 μάρτυρες,
1019 1909 1154 1980 μηδὲ
1206 1908 1350 1962 οὕτω
1385 1909 1795 1980 παραδέξασθαι

203 1998 387 2053 θέλειν
415 1999 609 2067 αὐτὴν,
647 2001 826 2054 καίτοι
872 1999 1172 2072 διαρρήδην
1216 1998 1655 2067 ἀνακεκραγότος
1704 1997 1795 2051 τοῦ

201 2091 395 2161 νόμου,
415 2090 767 2146 πιστεύεσθαι
789 2092 921 2156 δεῖν,
942 2092 1033 2145 καὶ
1044 2089 1433 2152 ἀνενδοιάστως
1453 2085 1593 2144 εἶναι
1616 2108 1797 2162 παρα--

200 2182 395 2234 δεκτδν
452 2182 561 2234 πᾶν
605 2181 742 2252 ὅπερ
772 2180 838 2235 ἂν
865 2179 956 2235 διὰ
973 2181 1075 2253 τῆς
1101 2178 1193 2232 δύο
1222 2178 1385 2248 τυχὸν
1430 2178 1463 2249 ἢ
1487 2177 1652 2247 τριῶν
1677 2179 1798 2230 ἐπι-

204 2276 540 2345 μαρτυροῖτο
563 2274 771 2344 φωνῆς.
820 2273 982 2327 Ἀλλά
1000 2270 1160 2326 τοῦτο
1201 2271 1298 2341 μὲν
1331 2268 1391 2323 οὔ
1422 2286 1576 2341 φησι,
1605 2270 1798 2340 χρησί-

203 2381 331 2435 μως
357 2366 439 2429 είς
467 2364 529 2419 τὸ
554 2364 749 2438 παρόν.
781 2365 895 2419 Καὶ
918 2365 1024 2436 γὰρ
1056 2364 1123 2418 ἂν
1147 2362 1209 2415 οὐ
1239 2360 1470 2433 μετρίαν
1489 2362 1675 2422 αὐτοῖς
1708 2362 1792 2413 έν-

202 2457 438 2529 εποίησε
466 2457 566 2528 τὴν
596 2457 849 2529 ἀκηδίαν,
886 2459 982 2512 καὶ
1004 2457 1303 2521 διακλάσας
1338 2456 1528 2529 ὥσπερ
1557 2458 1636 2520 είς
1656 2454 1789 2509 ἀπό-

200 2570 413 2624 γνωσιν
440 2554 566 2618 τοὺς
595 2554 867 2623 μαθητὰς,
889 2553 1048 2607 δκνου
1080 2555 1175 2608 καὶ
1210 2552 1415 2617 δειλίας
1447 2552 1796 2624 ἀπαραπόδι-

205 2661 338 2700 στον
371 2647 430 2698 ὲν
456 2645 640 2709 αὐτοῖς
662 2646 829 2699 ἐτίθει
850 2646 949 2716 τὴν
985 2646 1237 2718 πάροδον.
1264 2646 1428 2710 Εἰκὸς
1478 2646 1587 2718 γὰρ
1624 2645 1795 2717 δήπου

202 2734 335 2788 καθ’
386 2735 614 2799 ἑαυτοὺς
677 2738 901 2801 ἐννοεῖν,
947 2736 1023 2801 ώς
1074 2738 1123 2790 εί
1170 2737 1359 2808 μηδενὶ
1412 2737 1796 2810 πεισθήσονται

207 2824 491 2890 παντελῶς
514 2824 624 2880 τῶν
642 2827 919 2881 Ἰουδαίων
950 2828 1000 2881 οῖ
1044 2827 1230 2898 δῆμοι.
1288 2828 1423 2883 ἀλλά
1484 2829 1582 2883 καὶ
1633 2828 1797 2883 αὑτὸν

205 2917 511 2988 ἡγήσονται
550 2920 680 2988 παρ’
711 2919 864 2973 οὐδὲν
912 2919 1004 2972 τὸν
1054 2920 1435 2992 Παράκλητον,
1464 2920 1642 2974 καίτοι
1682 2921 1797 2983 τοῖς

208 3009 356 3079 ὑπὲρ
372 3009 531 3078 λόγον
559 3012 1046 3084 τερατουργήμασι
1067 3014 1541 3086 καταπλήττοντα,
1571 3014 1721 3068 οὐδὲν
1738 3013 1795 3067 δὲ

1895 1740 1955 1785 ιιι
1983 1732 2234 1801 quamvis
2274 1732 2382 1783 duo
2415 1737 2604 1785 essent
2642 1729 2817 1799 ipsius
2855 1729 3041 1799 gloria:
3072 1734 3261 1789 testes,
3303 1742 3371 1781 ne
3398 1727 3481 1781 sic

1896 1822 2116 1892 quidem
2144 1822 2318 1891 ipsam
2350 1820 2637 1890 suscipere
2662 1821 2854 1884 velint,
2889 1835 3013 1874 cum
3044 1827 3235 1889 aperte
3274 1818 3359 1872 lex
3389 1817 3478 1873 di-

1896 1927 1987 1972 cat
2020 1917 2171 1972 credi
2211 1922 2267 1971 et
2300 1914 2611 1970 indubitate
2650 1914 2860 1985 suscipi
2904 1913 3104 1968 debere
3151 1913 3299 1984 quod
3343 1913 3485 1968 dun-

1897 2026 2019 2065 rum
2058 2019 2153 2063 aut
2191 2010 2357 2063 trium
2391 2008 2617 2063 testium
2667 2021 2766 2061 ore
2821 2005 3243 2075 comprobatum
3295 2005 3371 2059 sit
3413 2006 3483 2059 ".

1900 2101 2101 2156 Verum
2132 2101 2264 2155 illud
2283 2099 2506 2170 quidem
2542 2100 2596 2154 in
2624 2113 2867 2169 praesens
2889 2097 3097 2153 utiliter
3124 2099 3337 2152 reticet.
3370 2095 3485 2153 Nec

1895 2194 2045 2249 enim
2082 2192 2416 2248 mediocrem
2452 2190 2534 2247 eis
2586 2190 2917 2245 anxietatem
2956 2186 3257 2253 intulisset,
3288 2201 3352 2242 ac
3384 2186 3485 2243 de-

1896 2286 2211 2357 speratione
2238 2283 2432 2339 fractis
2462 2278 2873 2353 quodammodo
2910 2278 3314 2348 discipulorum
3361 2276 3485 2330 ani-

1896 2380 2003 2434 mis
2031 2376 2311 2433 formidini
2341 2390 2405 2431 ac
2446 2374 2659 2429 inertiae
2689 2371 2941 2442 pervium
2979 2370 3191 2424 aditum
3238 2368 3484 2426 fecisset.

1895 2470 2189 2526 Probabile
2234 2467 2382 2523 enim
2434 2473 2555 2521 erat
2585 2478 2682 2519 eos
2716 2462 2859 2534 apud
2890 2476 2951 2517 se
2988 2460 3043 2515 id
3075 2461 3321 2532 cogitare
3358 2479 3372 2516 :
3425 2459 3485 2514 Si

1896 2562 2032 2617 nulli
2070 2561 2285 2632 penitus
2315 2557 2748 2627 obtemperaturi
2770 2562 2903 2612 sunt
2922 2551 3238 2608 Iudaeorum
3270 2551 3484 2622 populi,

1897 2657 1993 2714 sed
2015 2664 2070 2712 et
2102 2655 2281 2725 ipsum
2313 2666 2413 2722 pro
2441 2650 2615 2705 nihilo
2651 2648 2999 2703 Paracletum
3050 2645 3297 2700 habituri
3330 2654 3486 2709 sunt,

1896 2746 2152 2819 quamvis
2180 2743 2529 2799 mirabilibus
2558 2742 2732 2812 signis
2760 2739 3030 2794 attonitos
3074 2737 3262 2802 faciat,
3299 2751 3363 2792 ac
3393 2737 3485 2791 ni-

1898 2839 2201 2896 hilominus
2228 2835 2513 2892 Christum
2540 2834 2726 2889 odisse
2752 2828 3263 2903 deprehendantur,
3287 2838 3485 2885 etcum

1906 2934 2032 3003 ipso
2083 2927 2484 2999 Patrem,quid
2512 2925 2717 2981 frustra
2765 2925 3012 2979 laborem
3069 2921 3488 2993 impendimus!

1898 3019 2092 3090 quidni
2119 3018 2226 3072 hac
2260 3016 2515 3072 molestia
2557 3013 2779 3070 liberari
2826 3028 2931 3068 nos
2996 3013 3276 3077 convenit,
3317 3012 3489 3067 silen-

206 3096 377 3173 ἦττον
409 3100 712 3157 ἁλώσονται
750 3104 846 3155 καὶ
872 3104 1011 3174 μετά
1039 3103 1198 3157 τοῦτο
1225 3103 1511 3175 μισοῦντες
1536 3104 1794 3176 Χριστὸν,

1902 3111 2036 3165 tium
2086 3108 2281 3164 inutile
2334 3121 2465 3178 erga
2518 3105 2842 3175 prtefractos
2894 3103 3145 3158 homines
3218 3102 3488 3157 doctrinae

207 3191 308 3243 καὶ
320 3190 419 3244 σὺν
434 3189 582 3261 αὐτῷ
596 3190 686 3244 τὸν
701 3191 942 3263 Πατέρα,
964 3192 1017 3247 τί
1038 3193 1133 3247 καὶ¹
1152 3192 1312 3247 πόνον
1329 3192 1532 3263 ἀνατλῆ
1541 3210 1629 3246 σαι
1678 3193 1801 3264 δεή-

210 3298 298 3334 σει
325 3282 512 3349 κενόν;
547 3282 600 3335 τί
641 3283 715 3354 μὴ
747 3283 840 3337 καὶ
870 3286 1211 3355 πραγμάτων
1237 3284 1676 3339 ἀπαλλάττεσθαι
1697 3287 1797 3352 δεῖ,

208 3374 313 3445 τὴν
344 3376 423 3438 είς
437 3375 704 3446 ἀνηκόους
735 3376 1080 3447 σιωπὴν,τοῦ
1114 3378 1388 3432 διδάσκειν
1420 3380 1799 3450 ἰτροτιμήσαν⁴

207 3483 348 3531 τας;
379 3466 565 3525 Ταῦτά
585 3485 687 3531 τοι,
723 3467 866 3523 κατά
881 3469 940 3522 τὸ
962 3470 1129 3533 εἰκὸς,
1158 3470 1259 3525 οὐκ
1301 3472 1576 3543 ἀγνοήσας
1601 3472 1800 3541 λογιεῖ-

214 3558 344 3613 σθαι
392 3560 521 3623 τοὺς
570 3560 841 3632 μαθητάς,
872 3561 1210 3633 πέριστέλλει
1252 3563 1354 3634 μὲν
1412 3566 1677 3634 ἐντέχνως
1729 3566 1799 3619 τά

210 3651 426 3721 ὅσαπερ
450 3646 519 3721 ἦν
570 3644 948 3722 μοχθηρότερά
988 3652 1125 3722 πρὸς
1155 3652 1435 3723 ὲξήγησιν⁶
1466 3656 1560 3708 καὶ
1590 3656 1794 3710 δειλίαν

210 3742 310 3795 καὶ
348 3742 504 3796 ὄκνου
536 3742 629 3795 τοῦ
658 3742 795 3814 πρὸς
821 3742 882 3795 τὸ
910 3742 1107 3814 χρῆναι
1129 3744 1399 3798 διδάσκειν
1426 3745 1760 3817 ἐμποιητικά
1782 3765 1797 3778 ·

210 3834 561 3906 παρατρέπει
590 3834 648 3888 δὲ
672 3834 960 3905 χρησίμως
988 3833 1082 3888 τοῦ
1118 3836 1277 3905 λόγου
1306 3835 1405 3907 τὴν
1448 3836 1679 3908 δύναμιν
1705 3840 1803 3895 ἐπὶ

209 3925 275 3978 τὸ
309 3923 830 3995 προευτρεπίζεσθαι
869 3924 999 3990 δεῖν,
1037 3926 1132 3981 καὶ
1164 3927 1602 3997 προεσκευάσθαι
1624 3947 1800 3984 νεανι-

211 4018 331 4081 κῶς
358 4019 494 4089 πρὸς
516 4018 587 4072 τὰ
607 4018 665 4085 ἐξ
686 4018 909 4072 ἐκείνων
934 4018 1189 4089 ἐσόμενα,
1206 4021 1324 4091 ἦτοι
1352 4023 1797 4095 προσδοκώμενα.

212 4115 291 4167 Τὸ
324 4114 431 4184 γὰρ
461 4113 742 4183 αἰφνιδίως
767 4114 859 4167 καὶ
882 4113 1159 4182 ἀδοκήτως
1200 4114 1339 4167 τισὶν
1371 4114 1648 4183 ἐπελθεῖν,
1680 4118 1800 4171 ικα-

212 4206 306 4259 νὸν
328 4204 561 4275 ταράξαι
596 4204 690 4257 καὶ
732 4204 833 4275 τὴν
874 4203 995 4257 λίαν
1038 4203 1267 4274 ἔχουσαν
1324 4206 1553 4277 ἐδραίως
1597 4208 1797 4281 ψυχήψ

1901 3197 2445 3273 prmferentes?ﬂaac
2484 3196 2631 3267 apud
2686 3211 2749 3252 se
2793 3194 3135 3265 cogitaturos
3181 3193 3491 3264 discipulos

1900 3309 2026 3349 cum
2071 3307 2183 3348 non
2229 3292 2532 3362 ignoraret,
2592 3288 2892 3343 artificiose
2939 3287 3159 3356 quidem
3208 3287 3487 3341 contrahit

1899 3400 2239 3457 quaacunque
2279 3385 2557 3453 explicatu
2616 3382 2804 3454 gravia
2859 3380 3208 3442 videbantur,
3255 3395 3488 3449 quaeque

1899 3476 2246 3533 timiditatem
2285 3484 2340 3529 et
2371 3473 2643 3542 ignaviam
2694 3471 3055 3525 conciliatura
3085 3488 3101 3538 ;
3137 3470 3246 3523 vim
3292 3478 3480 3523 autem

1899 3579 1953 3627 et
1990 3570 2254 3624 rationem
2291 3566 2565 3623 sermonis
2615 3564 2829 3620 utiliter
2864 3565 3139 3642 convertit
3174 3564 3239 3619 ad
3275 3579 3485 3635 praepa-

1898 3662 2105 3719 randos
2143 3670 2200 3717 et
2233 3658 2566 3714 muniendos
2618 3657 2891 3713 adversus
2944 3657 3269 3727 ingruentes
3319 3671 3485 3710 casus

1900 3756 2136 3810 animos.
2168 3751 2301 3806 Nam
2326 3750 2475 3821 quod
2504 3759 2730 3820 repente
2758 3757 2814 3804 et
2834 3758 3029 3819 praeter
3060 3763 3210 3817 spem
3247 3748 3487 3817 ingruit,

1899 3849 2064 3903 etiam
2098 3851 2442 3901 constantem
2493 3843 2739 3896 animum
2787 3840 3014 3894 turbare
3045 3848 3261 3909 potest;
3300 3839 3486 3909 provi-

1902 3955 2023 3996 sum
2051 3952 2183 3993 vere
2217 3944 2272 3991 ct
2316 3941 2465 3991 certa
2504 3948 2601 4004 spe
2643 3942 3069 4003 exspectatum,
3108 3932 3285 3986 levius
3338 3930 3487 3985 ferit.

1902 4030 2173 4086 Existimo
2210 4042 2342 4083 vero
2375 4025 2659 4081 Christum
2697 4023 2949 4078 nonnihil
2977 4021 3292 4077 istiusmodi
3322 4020 3492 4091 signi~

1902 4124 2069 4178 ﬁcare
2096 4122 2257 4176 velle.
2288 4118 2346 4174 Si
2380 4118 2529 4173 enim
2573 4130 2695 4185 ego,
2738 4114 2939 4185 inquit,
2986 4121 3142 4167 tanta
3177 4113 3289 4181 jam
3333 4111 3492 4167 vobis

1902 4217 2059 4286 signa
2092 4213 2262 4277 edidi,
2303 4212 2469 4280 idque
2495 4209 2654 4264 vobis
2686 4208 2938 4272 testibus,
2978 4213 3033 4261 et
3073 4204 3394 4259 Paracletus
3433 4207 3489 4260 in

209 4300 276 4353 τὸ
303 4298 361 4351 δὲ
400 4298 474 4361 ώς
506 4298 626 4369 ήξοι
666 4298 760 4352 καὶ
795 4296 951 4351 ἔσται
994 4299 1464 4368 προῦποπτευθὲν,
1520 4300 1795 4373 λειοτέραν

1902 4308 2060 4362 vobis
2089 4304 2293 4361 similia
2328 4316 2547 4372 quoque
2597 4299 2853 4353 editurus
2892 4305 3011 4362 est,
3056 4310 3236 4365 neque
3275 4295 3492 4350 Judaici

212 4392 333 4460 ἔχει
357 4391 456 4460 τὴν
498 4389 744 4460 πρόοδον,
792 4388 890 4443 καὶ
934 4387 996 4442 τὸ
1033 4388 1197 4459 ἄχθος
1234 4390 1686 4463 εὐφορητότερον,
1725 4394 1795 4457 ώς

1904 4399 2110 4457 furoris
2150 4398 2394 4454 cessabit
2448 4393 2717 4455 audacia,
2760 4390 2856 4446 sed
2900 4391 3063 4446 iidem
3111 4390 3373 4454 omnino,
3423 4402 3522 4445 ae"

212 4483 668 4554 προεγνωσμένον
687 4482 785 4553 ήδη
812 4482 908 4535 καὶ
935 4483 1405 4553 προτετριμμένον
1428 4485 1547 4546 ταῖς
1566 4484 1660 4537 τοῦ
1692 4503 1795 4551 πα-

1904 4491 2211 4547 deteriores
2243 4496 2374 4544 sunt
2410 4486 2604 4549 futuri,
2639 4483 2813 4539 nolite
2846 4482 3246 4548 scandalizari,
3277 4482 3485 4553 inquit,

212 4572 331 4625 θεῖν
347 4572 732 4635 άνενδοιάστως
764 4570 999 4625 ἐλπίσιν.
1048 4567 1215 4643 Οἶμαι
1243 4572 1299 4626 δέ
1327 4591 1381 4626 τι
1417 4576 1511 4628 καὶ
1559 4576 1795 4631 τοιοῦτον

1910 4597 2035 4636 cum
2067 4580 2121 4635 id
2173 4580 2333 4633 vobis
2380 4575 2683 4645 contingit,
2734 4574 2829 4628 sed
2879 4588 3127 4627 meorum
3174 4589 3491 4630 sermonum

211 4664 568 4734 ὑποσημῆναι
602 4662 887 4734 βούλεσθαι
910 4663 999 4716 τὸν
1028 4664 1283 4735 Χριστόν.
1303 4664 1366 4718 Ei
1394 4667 1503 4738 γάρ
1530 4669 1662 4737 ἐγὼ,
1700 4687 1795 4740 φη-

1907 4674 2099 4742 utique
2121 4677 2479 4725 mementote.
2520 4686 2538 4717 ι
2585 4665 2703 4720 Non
2739 4666 2886 4719 enim
2934 4676 3017 4720 est
3052 4665 3358 4737 discipulus
3399 4682 3491 4721 su-

212 4760 289 4824 σὶ,
326 4755 563 4810 τοσαῦτα
609 4755 707 4827 μὲν
739 4756 841 4826 ήδη
892 4754 1447 4828 τεθαυματούργηκα,
1499 4760 1594 4813 καὶ
1641 4761 1795 4815 τοῦτο

1905 4780 2007 4835 per
2058 4762 2427 4833 magistrum,
2500 4773 2677 4827 neque
2722 4771 2919 4811 servus
2980 4772 3147 4827 super
3202 4756 3487 4813 dominum

208 4851 305 4905 ἐπὶ
331 4850 601 4920 μάρτυσιν
624 4848 752 4917 ὑμῖν
783 4864 796 4877 ο
824 4846 1304 4919 θαυματουργήσει
1332 4851 1388 4903 δὲ
1419 4851 1512 4904 καὶ
1542 4853 1797 4924 ἐφ’ὑμῶν
1905 4873 2065 4915 suum
2093 4856 2161 4909 ιτ,
2204 4874 2221 4905 ι

211 4946 243 4997 ὁ
277 4942 659 5014 Παράκλητος,
682 4940 906 5010 καὶτῆς
946 4939 1216 4993 Ἰουδαίων
1263 4943 1520 5006 ἀπονοίας
1551 4946 1651 4999 οὐκ
1684 4949 1935 5023 ἀτονήσει
1962 4950 2025 5002 τὸ
2062 4947 2288 5019 θράσος,
2349 4945 2465 4997 ἀλλ’
2517 4942 2731 4996 ἔσονται
2757 4942 2919 4994 πάλιν
2982 4942 3041 4992 ὲν
3081 4940 3314 5006 τούτοις,
3390 4941 3488 4996 καὶ

215 5037 276 5089 ἐν
310 5036 421 5095 τοῖς
442 5033 523 5087 ἔτι
568 5034 795 5104 χείροσι,
849 5031 926 5101 μὴ
967 5030 1414 5103 σκανδαλισθῆτε,
1452 5035 1641 5106 φησὶν,
1676 5038 1807 5095 ὅταν
1836 5041 1937 5095 καὶ
1965 5040 2123 5093 αὐτοὶ⁵
2163 5037 2322 5091 τοῦτο
2370 5035 2636 5098 παθόντες
2688 5032 3041 5104 εὑρίσκησθε,
3112 5032 3488 5107 διαμέμνησθε

301 5217 348 5247 ³⁸
375 5216 532 5273 Deut.
583 5233 719 5281 xm,
758 5218 809 5271 6.
904 5218 946 5249 ’τ
975 5217 1163 5271 Matth.
1191 5235 1247 5281 ι,
1278 5220 1370 5275 24.

1902 5387 2012 5430 tam
2047 5376 2377 5444 scripturam
2405 5374 2546 5444 male
2584 5372 2945 5444 intellectam;
2975 5370 3221 5444 adeoque
3258 5368 3312 5422 in
3342 5366 3486 5423 hanc

1900 5441 2236 5501 smitentiam
2276 5444 2410 5499 verti
2445 5443 2687 5497 debere:
2733 5441 3116 5496 Testimonium
3147 5448 3321 5492 autem
3361 5454 3487 5506 ρετ-

1900 5516 2107 5571 hibente
2150 5515 2355 5584 Spiritu
2379 5554 2394 5576 ,
2424 5530 2513 5567 vos
2536 5515 2639 5581 ipsi
2675 5528 2877 5582 quoque
2896 5552 2910 5570 ,
2938 5510 3107 5578 inquit
3132 5548 3147 5572 ,
3189 5507 3486 5576 perhibebi-

1904 5588 1991 5639 tis.
2030 5585 2247 5641 Oculati
2280 5586 2418 5639 enim
2461 5594 2618 5638 testes
2654 5584 2834 5651 fuistis
2861 5591 2909 5633 et
2947 5588 3268 5645 spectatores
3299 5594 3482 5630 eorum

1899 5674 2015 5725 qua:
2051 5655 2191 5724 apud
2222 5653 2442 5708 Jttdazos
2477 5664 2692 5721 peracta
2726 5662 2847 5725 su_nt
2869 5691 2883 5712 ,
2915 5652 3005 5719 qui
3050 5660 3484 5725 mecum__semper

1901 5716 2116 5796 fuistis.
2174 5716 2685 5796 utpotemdiscipuli.
2764 5716 3114 5779 COTELEBIUS
3154 5758 3172 5787 ,
3232 5716 3478 5776 Monum.

1902 5794 2052 5853 Eccl.
2088 5797 2184 5853 Gr.
2226 5795 2302 5864 ll,
2355 5794 2481 5853 520.

279 5375 359 5445 (l)
403 5372 487 5429 Me
526 5376 800 5429 monitore
842 5389 1195 5445 nequaquam
1242 5372 1517 5445 indigebit
1555 5375 1766 5445 quicun

202 5442 567 5516 que'attente
604 5445 797 5516 legerit
830 5446 998 5516 verba
1047 5442 1443 5516 S.‘Cyrilli_'ad
1491 5442 1653 5499 Joan.
1706 5462 1801 5510 xv,

202 5512 317 5578 26,
346 5516 438 5571 27.
485 5512 910 5587 Maprbpobv'to;
1058 5512 1154 5568 τοῦ
1190 5512 1550 5587 ᾙνῷμρτος,
1577 5532 1801 5569 συνεπι-

204 5584 621 5658 μαρτυρήσετε,
653 5584 937 5658 φησι-καῖ
965 5585 1124 5655 ὑμεῖς
1148 5584 1344 5658 αὐτοί.
1377 5584 1653 5658 [εγόνατε
1687 5587 1798 5658 γὰρ

203 5653 479 5710 αὐτόπται
517 5657 612 5709 καὶ
646 5653 841 5725 θεωροὶ
871 5654 981 5707 τῶν
1006 5653 1175 5725 παρὰ
1212 5655 1325 5725 τοῖς
1375 5654 1525 5718 ἰδίοις
1585 5653 1801 5709 τετελε-

207 5728 447 5816 σὶμένων,
487 5727 588 5816 ⁸όιε).
627 5724 920 5816 συνόντες,Ι
949 5726 1022 5816 ὡς
1064 5724 1343 5816 μαθηταί,
1372 5731 1450 5816 ⁸ιιι
1500 5727 1789 5816 iqtflligat,

209 5795 363 5863 ἰδίοις
400 5796 604 5855 factum
650 5812 773 5855 esse
807 5812 873 5853 ex
890 5796 1183 5861 Ἰουδαίοις,
1229 5802 1455 5866 prapter
1499 5795 1789 5852 abbrevia-
