  <div class='ocr_page' id='page_1' title='image "/cluster/home/n/w/nwhite01/storage/ocr_20150623/74/nnc1.0046980180/229.png"; bbox 0 0 3868 6200; ppageno 0'>
   <div class='ocr_carea' id='block_1_1' title="bbox 408 305 520 364">
    <p class='ocr_par' dir='ltr' id='par_1_1' title="bbox 408 305 520 364">
     <span class='ocr_line' id='line_1_1' title="bbox 408 305 520 364; baseline 0 0"><span class='ocrx_word' id='word_1_1' title='bbox 408 305 520 364; x_wconf 61' lang='grc'>825</span> 
     </span>
    </p>
   </div>
   <div class='ocr_carea' id='block_1_2' title="bbox 1417 307 2684 372">
    <p class='ocr_par' dir='ltr' id='par_1_2' title="bbox 1417 307 2684 372">
     <span class='ocr_line' id='line_1_2' title="bbox 1417 307 2684 372; baseline 0.007 -9"><span class='ocrx_word' id='word_1_2' title='bbox 1417 307 1478 364; x_wconf 90' lang='lat' dir='ltr'>S.</span> <span class='ocrx_word' id='word_1_3' title='bbox 1517 307 1802 364; x_wconf 75' lang='lat' dir='ltr'>CYRILLI</span> <span class='ocrx_word' id='word_1_4' title='bbox 1842 308 2321 371; x_wconf 74' lang='lat' dir='ltr'>ALEXANDle</span> <span class='ocrx_word' id='word_1_5' title='bbox 2357 313 2684 372; x_wconf 78' lang='lat' dir='ltr'>ARCHIEP.</span> 
     </span>
    </p>
   </div>
   <div class='ocr_carea' id='block_1_3' title="bbox 3578 322 3679 380">
    <p class='ocr_par' dir='ltr' id='par_1_3' title="bbox 3578 322 3679 380">
     <span class='ocr_line' id='line_1_3' title="bbox 3578 322 3679 380; baseline 0.03 -3"><span class='ocrx_word' id='word_1_6' title='bbox 3578 322 3679 380; x_wconf 60' lang='lat'>49.!</span> 
     </span>
    </p>
   </div>
   <div class='ocr_carea' id='block_1_4' title="bbox 406 417 3685 507">
    <p class='ocr_par' dir='ltr' id='par_1_4' title="bbox 406 417 3685 507">
     <span class='ocr_line' id='line_1_4' title="bbox 406 417 3685 507; baseline 0.005 -33"><span class='ocrx_word' id='word_1_7' title='bbox 406 418 467 474; x_wconf 73' lang='grc' dir='ltr'>δὲ</span> <span class='ocrx_word' id='word_1_8' title='bbox 506 418 783 490; x_wconf 75' lang='grc' dir='ltr'><strong>πανταχοῦ</strong></span> <span class='ocrx_word' id='word_1_9' title='bbox 815 417 925 473; x_wconf 81' lang='grc' dir='ltr'>τῶν</span> <span class='ocrx_word' id='word_1_10' title='bbox 955 417 1106 489; x_wconf 75' lang='grc' dir='ltr'>ἐμῶν</span> <span class='ocrx_word' id='word_1_11' title='bbox 1139 418 1336 488; x_wconf 85' lang='grc' dir='ltr'>λόγων.</span> <span class='ocrx_word' id='word_1_12' title='bbox 1377 439 1396 471; x_wconf 76' lang='grc' dir='ltr'>ι</span> <span class='ocrx_word' id='word_1_13' title='bbox 1432 421 1508 475; x_wconf 83' lang='grc' dir='ltr'>Οὐ</span> <span class='ocrx_word' id='word_1_14' title='bbox 1541 423 1651 494; x_wconf 80' lang='grc' dir='ltr'>γάρ</span> <span class='ocrx_word' id='word_1_15' title='bbox 1682 425 1798 476; x_wconf 82' lang='grc' dir='ltr'>ἐστι</span> <span class='ocrx_word' id='word_1_16' title='bbox 1825 424 2078 496; x_wconf 78' lang='grc' dir='ltr'>μαθητὴς</span> <span class='ocrx_word' id='word_1_17' title='bbox 2104 427 2249 499; x_wconf 79' lang='grc' dir='ltr'>ὑπὲρ</span> <span class='ocrx_word' id='word_1_18' title='bbox 2279 429 2371 484; x_wconf 81' lang='grc' dir='ltr'>τὸν</span> <span class='ocrx_word' id='word_1_19' title='bbox 2402 429 2761 498; x_wconf 84' lang='grc' dir='ltr'>διδάσκαλον,</span> <span class='ocrx_word' id='word_1_20' title='bbox 2826 429 2946 486; x_wconf 76' lang='grc' dir='ltr'>οὐδὲ</span> <span class='ocrx_word' id='word_1_21' title='bbox 3010 431 3195 498; x_wconf 84' lang='grc' dir='ltr'>δοῦλος</span> <span class='ocrx_word' id='word_1_22' title='bbox 3264 434 3403 507; x_wconf 80' lang='grc' dir='ltr'>ὑπὲρ</span> <span class='ocrx_word' id='word_1_23' title='bbox 3436 433 3529 490; x_wconf 80' lang='grc' dir='ltr'>τὸν</span> <span class='ocrx_word' id='word_1_24' title='bbox 3583 439 3685 491; x_wconf 81' lang='grc' dir='ltr'>κύ-</span> 
     </span>
    </p>
   </div>
   <div class='ocr_carea' id='block_1_5' title="bbox 407 512 814 588">
    <p class='ocr_par' dir='ltr' id='par_1_5' title="bbox 407 512 814 588">
     <span class='ocr_line' id='line_1_5' title="bbox 407 512 814 588; baseline -0.015 -18"><span class='ocrx_word' id='word_1_25' title='bbox 407 532 526 588; x_wconf 89' lang='grc' dir='ltr'>ριον</span> <span class='ocrx_word' id='word_1_26' title='bbox 556 512 744 568; x_wconf 74' lang='grc' dir='ltr'>αὐτοῦ.</span> <span class='ocrx_word' id='word_1_27' title='bbox 795 532 814 564; x_wconf 75' lang='grc' dir='ltr'>ι</span> 
     </span>
    </p>
   </div>
   <div class='ocr_carea' id='block_1_6' title="bbox 475 605 1973 692">
    <p class='ocr_par' dir='ltr' id='par_1_6' title="bbox 475 605 1970 679">
     <span class='ocr_line' id='line_1_6' title="bbox 475 605 1970 679; baseline 0.001 -17"><span class='ocrx_word' id='word_1_28' title='bbox 475 605 594 662; x_wconf 68' lang='lat' dir='ltr'>XVI</span> <span class='ocrx_word' id='word_1_29' title='bbox 615 647 629 672; x_wconf 87' lang='lat'>,</span> <span class='ocrx_word' id='word_1_30' title='bbox 683 607 737 661; x_wconf 72' lang='lat'><strong><em>2.</em></strong></span> <span class='ocrx_word' id='word_1_31' title='bbox 780 608 989 678; x_wconf 77' lang='lat' dir='ltr'><strong><em>Absque</em></strong></span> <span class='ocrx_word' id='word_1_32' title='bbox 1019 610 1304 679; x_wconf 79' lang='lat' dir='ltr'><strong><em>synogogis</em></strong></span> <span class='ocrx_word' id='word_1_33' title='bbox 1335 609 1532 675; x_wconf 75' lang='lat' dir='ltr'><strong><em>facient</em></strong></span> <span class='ocrx_word' id='word_1_34' title='bbox 1562 627 1651 665; x_wconf 75' lang='lat' dir='ltr'>vos</span> <span class='ocrx_word' id='word_1_35' title='bbox 1685 612 1817 666; x_wconf 76' lang='lat' dir='ltr'><strong><em>:sed</em></strong></span> <span class='ocrx_word' id='word_1_36' title='bbox 1857 613 1970 665; x_wconf 79' lang='lat' dir='ltr'><strong><em>veni</em></strong></span> 
     </span>
    </p>
   </div>
   <div class='ocr_carea' id='block_1_7' title="bbox 2079 605 3792 692">
    <p class='ocr_par' dir='ltr' id='par_1_7' title="bbox 2171 614 3792 692">
     <span class='ocr_line' id='line_1_7' title="bbox 2171 614 3792 692; baseline 0.004 -22"><span class='ocrx_word' id='word_1_37' title='bbox 2171 614 2703 686; x_wconf 66' lang='grc' dir='ltr'>Ἆποσυναγώγους</span> <span class='ocrx_word' id='word_1_38' title='bbox 2738 617 3111 686; x_wconf 81' lang='grc' dir='ltr'>ποιήσουσιν</span> <span class='ocrx_word' id='word_1_39' title='bbox 3126 616 3285 686; x_wconf 83' lang='grc' dir='ltr'>ὑμᾶς</span> <span class='ocrx_word' id='word_1_40' title='bbox 3313 634 3328 648; x_wconf 83' lang='grc'><em>’</em></span> <span class='ocrx_word' id='word_1_41' title='bbox 3358 618 3494 673; x_wconf 75' lang='grc' dir='ltr'>ἀλλ’</span> <span class='ocrx_word' id='word_1_42' title='bbox 3521 620 3693 692; x_wconf 78' lang='grc' dir='ltr'>ἔρχεο</span> <span class='ocrx_word' id='word_1_43' title='bbox 3777 621 3792 632; x_wconf 70' lang='grc'><strong>“</strong></span> 
     </span>
    </p>
   </div>
   <div class='ocr_carea' id='block_1_8' title="bbox 403 701 1993 776">
    <p class='ocr_par' dir='ltr' id='par_1_8' title="bbox 403 701 1993 776">
     <span class='ocr_line' id='line_1_8' title="bbox 403 701 1993 776; baseline 0.004 -24"><span class='ocrx_word' id='word_1_44' title='bbox 403 701 534 754; x_wconf 76' lang='lat' dir='ltr'><strong><em>liora</em></strong></span> <span class='ocrx_word' id='word_1_45' title='bbox 568 711 623 753; x_wconf 88' lang='lat' dir='ltr'>ut</span> <span class='ocrx_word' id='word_1_46' title='bbox 649 701 821 754; x_wconf 77' lang='lat' dir='ltr'><strong><em>omnis</em></strong></span> <span class='ocrx_word' id='word_1_47' title='bbox 849 702 940 771; x_wconf 86' lang='lat' dir='ltr'>qui</span> <span class='ocrx_word' id='word_1_48' title='bbox 967 703 1220 770; x_wconf 84' lang='lat' dir='ltr'><strong><em>inter/icit</em></strong></span> <span class='ocrx_word' id='word_1_49' title='bbox 1250 719 1339 756; x_wconf 72' lang='lat' dir='ltr'>vos</span> <span class='ocrx_word' id='word_1_50' title='bbox 1367 702 1658 758; x_wconf 76' lang='lat' dir='ltr'>arbitretur</span> <span class='ocrx_word' id='word_1_51' title='bbox 1687 705 1993 776; x_wconf 74' lang='lat' dir='ltr'>obsequium</span> 
     </span>
    </p>
   </div>
   <div class='ocr_carea' id='block_1_9' title="bbox 402 793 918 862">
    <p class='ocr_par' dir='ltr' id='par_1_9' title="bbox 402 793 918 862">
     <span class='ocr_line' id='line_1_9' title="bbox 402 793 918 862; baseline 0.004 -15"><span class='ocrx_word' id='word_1_52' title='bbox 402 809 459 847; x_wconf 77' lang='lat' dir='ltr'>se</span> <span class='ocrx_word' id='word_1_53' title='bbox 486 803 746 862; x_wconf 75' lang='lat' dir='ltr'><strong><em>prwstare</em></strong></span> <span class='ocrx_word' id='word_1_54' title='bbox 787 793 918 850; x_wconf 90' lang='lat' dir='ltr'><strong><em>Deo.</em></strong></span> 
     </span>
    </p>
   </div>
   <div class='ocr_carea' id='block_1_10' title="bbox 470 887 2036 966">
    <p class='ocr_par' dir='ltr' id='par_1_10' title="bbox 470 887 2036 966">
     <span class='ocr_line' id='line_1_10' title="bbox 470 887 2036 966; baseline 0.006 -25"><span class='ocrx_word' id='word_1_55' title='bbox 470 887 635 960; x_wconf 81' lang='lat'>913</span> <span class='ocrx_word' id='word_1_56' title='bbox 655 887 971 944; x_wconf 78' lang='lat' dir='ltr'><strong><em>Extremum</em></strong></span> <span class='ocrx_word' id='word_1_57' title='bbox 985 891 1256 952; x_wconf 87' lang='lat' dir='ltr'><strong><em>omnium.</em></strong></span> <span class='ocrx_word' id='word_1_58' title='bbox 1277 899 1338 946; x_wconf 90' lang='lat' dir='ltr'>ut</span> <span class='ocrx_word' id='word_1_59' title='bbox 1366 893 1991 966; x_wconf 76' lang='lat' dir='ltr'><strong><em>verbodicam,perit:u-</em></strong></span> <span class='ocrx_word' id='word_1_60' title='bbox 2031 919 2036 924; x_wconf 60' lang='grc' dir='ltr'>ε</span> 
     </span>
    </p>
   </div>
   <div class='ocr_carea' id='block_1_11' title="bbox 400 983 1988 1060">
    <p class='ocr_par' dir='ltr' id='par_1_11' title="bbox 400 983 1988 1060">
     <span class='ocr_line' id='line_1_11' title="bbox 400 983 1988 1060; baseline 0.008 -26"><span class='ocrx_word' id='word_1_61' title='bbox 400 983 513 1034; x_wconf 84' lang='lat' dir='ltr'>lum</span> <span class='ocrx_word' id='word_1_62' title='bbox 554 983 636 1037; x_wconf 92' lang='lat' dir='ltr'>eis</span> <span class='ocrx_word' id='word_1_63' title='bbox 677 984 1039 1053; x_wconf 72' lang='lat' dir='ltr'>praenuntiat,</span> <span class='ocrx_word' id='word_1_64' title='bbox 1071 999 1182 1040; x_wconf 90' lang='lat' dir='ltr'><strong><em>non</em></strong></span> <span class='ocrx_word' id='word_1_65' title='bbox 1214 995 1273 1040; x_wconf 93' lang='lat' dir='ltr'>ut</span> <span class='ocrx_word' id='word_1_66' title='bbox 1308 1001 1541 1043; x_wconf 88' lang='lat' dir='ltr'><strong><em>suorum</em></strong></span> <span class='ocrx_word' id='word_1_67' title='bbox 1585 987 1988 1060; x_wconf 83' lang='lat' dir='ltr'><strong><em>discipulorum</em></strong></span> 
     </span>
    </p>
   </div>
   <div class='ocr_carea' id='block_1_12' title="bbox 401 1071 1988 1137">
    <p class='ocr_par' dir='ltr' id='par_1_12' title="bbox 401 1071 1988 1137">
     <span class='ocr_line' id='line_1_12' title="bbox 401 1071 1988 1137; baseline 0.009 -15"><span class='ocrx_word' id='word_1_68' title='bbox 401 1071 601 1125; x_wconf 88' lang='lat' dir='ltr'><strong><em>animis</em></strong></span> <span class='ocrx_word' id='word_1_69' title='bbox 632 1071 907 1128; x_wconf 83' lang='lat' dir='ltr'>imbellem</span> <span class='ocrx_word' id='word_1_70' title='bbox 943 1083 1148 1130; x_wconf 90' lang='lat' dir='ltr'><strong><em>metum</em></strong></span> <span class='ocrx_word' id='word_1_71' title='bbox 1176 1076 1478 1134; x_wconf 89' lang='lat' dir='ltr'><strong><em>incuteret:</em></strong></span> <span class='ocrx_word' id='word_1_72' title='bbox 1503 1095 1604 1134; x_wconf 88' lang='lat' dir='ltr'>nec</span> <span class='ocrx_word' id='word_1_73' title='bbox 1621 1080 1768 1135; x_wconf 88' lang='lat' dir='ltr'><strong><em>enim</em></strong></span> <span class='ocrx_word' id='word_1_74' title='bbox 1795 1083 1845 1137; x_wconf 90' lang='lat' dir='ltr'><strong>id</strong></span> <span class='ocrx_word' id='word_1_75' title='bbox 1864 1098 1988 1137; x_wconf 91' lang='lat' dir='ltr'>eum</span> 
     </span>
    </p>
   </div>
   <div class='ocr_carea' id='block_1_13' title="bbox 402 1161 1987 1246">
    <p class='ocr_par' dir='ltr' id='par_1_13' title="bbox 402 1161 1987 1246">
     <span class='ocr_line' id='line_1_13' title="bbox 402 1161 1987 1246; baseline 0.009 -30"><span class='ocrx_word' id='word_1_76' title='bbox 402 1161 584 1220; x_wconf 80' lang='lat' dir='ltr'><strong><em>facere</em></strong></span> <span class='ocrx_word' id='word_1_77' title='bbox 639 1167 953 1232; x_wconf 82' lang='lat' dir='ltr'><strong><em>decuisset,</em></strong></span> <span class='ocrx_word' id='word_1_78' title='bbox 999 1169 1095 1240; x_wconf 89' lang='lat' dir='ltr'>qui</span> <span class='ocrx_word' id='word_1_79' title='bbox 1148 1169 1457 1241; x_wconf 79' lang='lat' dir='ltr'>discipulos</span> <span class='ocrx_word' id='word_1_80' title='bbox 1518 1173 1586 1227; x_wconf 90' lang='lat' dir='ltr'>ad</span> <span class='ocrx_word' id='word_1_81' title='bbox 1655 1175 1987 1246; x_wconf 83' lang='lat' dir='ltr'>intrepidam</span> 
     </span>
    </p>
   </div>
   <div class='ocr_carea' id='block_1_14' title="bbox 399 1255 1985 1333">
    <p class='ocr_par' dir='ltr' id='par_1_14' title="bbox 399 1255 1985 1333">
     <span class='ocr_line' id='line_1_14' title="bbox 399 1255 1985 1333; baseline 0.008 -23"><span class='ocrx_word' id='word_1_82' title='bbox 399 1255 679 1328; x_wconf 75' lang='lat' dir='ltr'>Evangelii</span> <span class='ocrx_word' id='word_1_83' title='bbox 713 1259 1162 1330; x_wconf 66' lang='lat' dir='ltr'>praedicationem</span> <span class='ocrx_word' id='word_1_84' title='bbox 1199 1263 1542 1333; x_wconf 79' lang='lat' dir='ltr'>instigabat:</span> <span class='ocrx_word' id='word_1_85' title='bbox 1580 1265 1674 1320; x_wconf 91' lang='lat' dir='ltr'>sed</span> <span class='ocrx_word' id='word_1_86' title='bbox 1715 1275 1794 1331; x_wconf 93' lang='lat' dir='ltr'>ut,</span> <span class='ocrx_word' id='word_1_87' title='bbox 1839 1278 1985 1322; x_wconf 92' lang='lat' dir='ltr'><strong><em>metu</em></strong></span> 
     </span>
    </p>
   </div>
   <div class='ocr_carea' id='block_1_15' title="bbox 396 1351 1988 1432">
    <p class='ocr_par' dir='ltr' id='par_1_15' title="bbox 396 1351 1988 1432">
     <span class='ocr_line' id='line_1_15' title="bbox 396 1351 1988 1432; baseline 0.008 -30"><span class='ocrx_word' id='word_1_88' title='bbox 396 1351 731 1418; x_wconf 80' lang='lat' dir='ltr'><strong><em>gravissimo</em></strong></span> <span class='ocrx_word' id='word_1_89' title='bbox 794 1354 1126 1424; x_wconf 75' lang='lat' dir='ltr'><strong><em>przevisione</em></strong></span> <span class='ocrx_word' id='word_1_90' title='bbox 1189 1355 1307 1425; x_wconf 85' lang='lat' dir='ltr'><strong><em>ipsa</em></strong></span> <span class='ocrx_word' id='word_1_91' title='bbox 1364 1357 1556 1412; x_wconf 81' lang='lat' dir='ltr'><strong>leviori</strong></span> <span class='ocrx_word' id='word_1_92' title='bbox 1621 1357 1769 1414; x_wconf 81' lang='lat' dir='ltr'><strong><em>facto</em></strong></span> <span class='ocrx_word' id='word_1_93' title='bbox 1823 1370 1988 1432; x_wconf 88' lang='lat' dir='ltr'><strong><em>atque</em></strong></span> 
     </span>
    </p>
   </div>
   <div class='ocr_carea' id='block_1_16' title="bbox 395 1440 1986 1517">
    <p class='ocr_par' dir='ltr' id='par_1_16' title="bbox 395 1440 1986 1517">
     <span class='ocr_line' id='line_1_16' title="bbox 395 1440 1986 1517; baseline 0.009 -24"><span class='ocrx_word' id='word_1_94' title='bbox 395 1440 650 1511; x_wconf 88' lang='lat' dir='ltr'><strong><em>depulso,</em></strong></span> <span class='ocrx_word' id='word_1_95' title='bbox 687 1444 753 1498; x_wconf 90' lang='lat' dir='ltr'>ad</span> <span class='ocrx_word' id='word_1_96' title='bbox 787 1444 1076 1499; x_wconf 89' lang='lat' dir='ltr'><strong><em>subeunda</em></strong></span> <span class='ocrx_word' id='word_1_97' title='bbox 1109 1448 1319 1516; x_wconf 69' lang='lat' dir='ltr'><strong><em>quaevis</em></strong></span> <span class='ocrx_word' id='word_1_98' title='bbox 1367 1448 1614 1517; x_wconf 87' lang='lat' dir='ltr'><strong><em>pericula</em></strong></span> <span class='ocrx_word' id='word_1_99' title='bbox 1661 1452 1986 1507; x_wconf 78' lang='lat' dir='ltr'><strong><em>audaciores</em></strong></span> 
     </span>
    </p>
   </div>
   <div class='ocr_carea' id='block_1_17' title="bbox 395 1534 1980 1610">
    <p class='ocr_par' dir='ltr' id='par_1_17' title="bbox 395 1534 1980 1610">
     <span class='ocr_line' id='line_1_17' title="bbox 395 1534 1980 1610; baseline 0.007 -23"><span class='ocrx_word' id='word_1_100' title='bbox 395 1535 718 1598; x_wconf 76' lang='lat' dir='ltr'><strong><em>evaderent,</em></strong></span> <span class='ocrx_word' id='word_1_101' title='bbox 766 1544 822 1590; x_wconf 90' lang='lat' dir='ltr'>et</span> <span class='ocrx_word' id='word_1_102' title='bbox 879 1534 1202 1592; x_wconf 79' lang='lat' dir='ltr'><strong><em>diliicillima</em></strong></span> <span class='ocrx_word' id='word_1_103' title='bbox 1253 1555 1490 1610; x_wconf 57' lang='lat' dir='ltr'><strong><em>quasque</em></strong></span> <span class='ocrx_word' id='word_1_104' title='bbox 1541 1550 1980 1600; x_wconf 80' lang='lat' dir='ltr'><strong><em>contemnerent.</em></strong></span> 
     </span>
    </p>
   </div>
   <div class='ocr_carea' id='block_1_18' title="bbox 391 1623 1985 1707">
    <p class='ocr_par' dir='ltr' id='par_1_18' title="bbox 391 1623 1985 1707">
     <span class='ocr_line' id='line_1_18' title="bbox 391 1623 1985 1707; baseline 0.008 -27"><span class='ocrx_word' id='word_1_105' title='bbox 391 1623 526 1681; x_wconf 81' lang='lat' dir='ltr'><strong><em>Nam</em></strong></span> <span class='ocrx_word' id='word_1_106' title='bbox 558 1627 651 1698; x_wconf 83' lang='lat' dir='ltr'>qui</span> <span class='ocrx_word' id='word_1_107' title='bbox 681 1629 827 1698; x_wconf 85' lang='lat' dir='ltr'><strong><em>quod</em></strong></span> <span class='ocrx_word' id='word_1_108' title='bbox 858 1629 1082 1698; x_wconf 79' lang='lat' dir='ltr'><strong><em>gravius</em></strong></span> <span class='ocrx_word' id='word_1_109' title='bbox 1112 1637 1198 1685; x_wconf 89' lang='lat' dir='ltr'>est</span> <span class='ocrx_word' id='word_1_110' title='bbox 1228 1646 1337 1686; x_wconf 91' lang='lat' dir='ltr'><strong><em>non</em></strong></span> <span class='ocrx_word' id='word_1_111' title='bbox 1369 1635 1584 1696; x_wconf 90' lang='lat' dir='ltr'><strong><em>metuit,</em></strong></span> <span class='ocrx_word' id='word_1_112' title='bbox 1609 1651 1773 1706; x_wconf 90' lang='lat' dir='ltr'><strong><em>quam</em></strong></span> <span class='ocrx_word' id='word_1_113' title='bbox 1803 1637 1985 1707; x_wconf 84' lang='lat' dir='ltr'><strong><em>jactu-</em></strong></span> 
     </span>
    </p>
   </div>
   <div class='ocr_carea' id='block_1_19' title="bbox 392 1721 1982 1799">
    <p class='ocr_par' dir='ltr' id='par_1_19' title="bbox 392 1721 1982 1799">
     <span class='ocr_line' id='line_1_19' title="bbox 392 1721 1982 1799; baseline 0.01 -28"><span class='ocrx_word' id='word_1_114' title='bbox 392 1733 510 1772; x_wconf 85' lang='lat' dir='ltr'><strong><em>rant</em></strong></span> <span class='ocrx_word' id='word_1_115' title='bbox 566 1735 634 1774; x_wconf 72' lang='lat' dir='ltr'><strong><em>ex</em></strong></span> <span class='ocrx_word' id='word_1_116' title='bbox 667 1735 734 1774; x_wconf 91' lang='lat' dir='ltr'>eo</span> <span class='ocrx_word' id='word_1_117' title='bbox 763 1721 914 1791; x_wconf 92' lang='lat' dir='ltr'><strong><em>quod</em></strong></span> <span class='ocrx_word' id='word_1_118' title='bbox 965 1722 1141 1778; x_wconf 87' lang='lat' dir='ltr'><strong><em>levius</em></strong></span> <span class='ocrx_word' id='word_1_119' title='bbox 1180 1732 1265 1779; x_wconf 91' lang='lat' dir='ltr'>est</span> <span class='ocrx_word' id='word_1_120' title='bbox 1304 1726 1525 1796; x_wconf 88' lang='lat' dir='ltr'>capiet?</span> <span class='ocrx_word' id='word_1_121' title='bbox 1565 1727 1630 1783; x_wconf 85' lang='lat' dir='ltr'><strong><em>Et</em></strong></span> <span class='ocrx_word' id='word_1_122' title='bbox 1663 1731 1755 1799; x_wconf 89' lang='lat' dir='ltr'>qui</span> <span class='ocrx_word' id='word_1_123' title='bbox 1788 1733 1982 1787; x_wconf 87' lang='lat' dir='ltr'><strong><em>ultima</em></strong></span> 
     </span>
    </p>
   </div>
   <div class='ocr_carea' id='block_1_20' title="bbox 391 1813 1978 1888">
    <p class='ocr_par' dir='ltr' id='par_1_20' title="bbox 391 1813 1978 1888">
     <span class='ocr_line' id='line_1_20' title="bbox 391 1813 1978 1888; baseline 0.011 -24"><span class='ocrx_word' id='word_1_124' title='bbox 391 1825 624 1881; x_wconf 58' lang='lat' dir='ltr'><strong><em>quaeque</em></strong></span> <span class='ocrx_word' id='word_1_125' title='bbox 657 1827 769 1866; x_wconf 90' lang='lat' dir='ltr'>non</span> <span class='ocrx_word' id='word_1_126' title='bbox 812 1813 1200 1880; x_wconf 80' lang='lat' dir='ltr'><strong><em>reformidant,</em></strong></span> <span class='ocrx_word' id='word_1_127' title='bbox 1234 1817 1570 1888; x_wconf 81' lang='lat' dir='ltr'><strong><em>quibusnam</em></strong></span> <span class='ocrx_word' id='word_1_128' title='bbox 1614 1823 1740 1878; x_wconf 88' lang='lat' dir='ltr'><strong><em>aliis</em></strong></span> <span class='ocrx_word' id='word_1_129' title='bbox 1769 1825 1978 1881; x_wconf 90' lang='lat' dir='ltr'><strong><em>turbari</em></strong></span> 
     </span>
    </p>
   </div>
   <div class='ocr_carea' id='block_1_21' title="bbox 390 1901 1980 1975">
    <p class='ocr_par' dir='ltr' id='par_1_21' title="bbox 390 1901 1980 1975">
     <span class='ocr_line' id='line_1_21' title="bbox 390 1901 1980 1975; baseline 0.011 -20"><span class='ocrx_word' id='word_1_130' title='bbox 390 1902 642 1974; x_wconf 80' lang='lat' dir='ltr'><strong><em>queunt?</em></strong></span> <span class='ocrx_word' id='word_1_131' title='bbox 676 1901 741 1957; x_wconf 90' lang='lat' dir='ltr'><strong><em>Ut</em></strong></span> <span class='ocrx_word' id='word_1_132' title='bbox 775 1919 911 1974; x_wconf 90' lang='lat' dir='ltr'><strong><em>ergo</em></strong></span> <span class='ocrx_word' id='word_1_133' title='bbox 959 1917 1212 1975; x_wconf 87' lang='lat' dir='ltr'><strong><em>paratum</em></strong></span> <span class='ocrx_word' id='word_1_134' title='bbox 1251 1907 1318 1961; x_wconf 92' lang='lat' dir='ltr'>ad</span> <span class='ocrx_word' id='word_1_135' title='bbox 1364 1911 1556 1965; x_wconf 82' lang='lat' dir='ltr'><strong><em>omnia</em></strong></span> <span class='ocrx_word' id='word_1_136' title='bbox 1610 1913 1980 1972; x_wconf 81' lang='lat' dir='ltr'><strong><em>libentissime</em></strong></span> 
     </span>
    </p>
   </div>
   <div class='ocr_carea' id='block_1_22' title="bbox 390 1993 1977 2074">
    <p class='ocr_par' dir='ltr' id='par_1_22' title="bbox 390 1993 1977 2074">
     <span class='ocr_line' id='line_1_22' title="bbox 390 1993 1977 2074; baseline 0.009 -26"><span class='ocrx_word' id='word_1_137' title='bbox 390 1993 721 2064; x_wconf 82' lang='lat' dir='ltr'><strong><em>perferenda</em></strong></span> <span class='ocrx_word' id='word_1_138' title='bbox 753 1997 1000 2050; x_wconf 87' lang='lat' dir='ltr'><strong><em>animum</em></strong></span> <span class='ocrx_word' id='word_1_139' title='bbox 1036 1998 1326 2064; x_wconf 88' lang='lat' dir='ltr'><strong><em>haberent,</em></strong></span> <span class='ocrx_word' id='word_1_140' title='bbox 1369 2009 1423 2057; x_wconf 89' lang='lat' dir='ltr'>et</span> <span class='ocrx_word' id='word_1_141' title='bbox 1452 2001 1504 2056; x_wconf 93' lang='lat' dir='ltr'><strong>in</strong></span> <span class='ocrx_word' id='word_1_142' title='bbox 1543 2005 1839 2074; x_wconf 88' lang='lat' dir='ltr'><strong><em>perniciem</em></strong></span> <span class='ocrx_word' id='word_1_143' title='bbox 1871 2007 1977 2063; x_wconf 87' lang='lat' dir='ltr'><strong><em>sibi</em></strong></span> 
     </span>
    </p>
   </div>
   <div class='ocr_carea' id='block_1_23' title="bbox 387 2084 1978 2168">
    <p class='ocr_par' dir='ltr' id='par_1_23' title="bbox 387 2084 1978 2168">
     <span class='ocr_line' id='line_1_23' title="bbox 387 2084 1978 2168; baseline 0.011 -29"><span class='ocrx_word' id='word_1_144' title='bbox 387 2099 418 2139; x_wconf 84' lang='lat' dir='ltr'>a</span> <span class='ocrx_word' id='word_1_145' title='bbox 451 2084 658 2144; x_wconf 72' lang='lat' dir='ltr'><strong><em>Judaeis</em></strong></span> <span class='ocrx_word' id='word_1_146' title='bbox 694 2089 1022 2144; x_wconf 89' lang='lat' dir='ltr'><strong><em>intentatam</em></strong></span> <span class='ocrx_word' id='word_1_147' title='bbox 1062 2098 1175 2146; x_wconf 88' lang='lat' dir='ltr'>tam</span> <span class='ocrx_word' id='word_1_148' title='bbox 1223 2101 1451 2150; x_wconf 87' lang='lat' dir='ltr'><strong><em>strenue</em></strong></span> <span class='ocrx_word' id='word_1_149' title='bbox 1499 2097 1880 2168; x_wconf 80' lang='lat' dir='ltr'><strong><em>insurgerent,</em></strong></span> <span class='ocrx_word' id='word_1_150' title='bbox 1919 2111 1978 2157; x_wconf 90' lang='lat' dir='ltr'>ut</span> 
     </span>
    </p>
   </div>
   <div class='ocr_carea' id='block_1_24' title="bbox 386 2180 1974 2262">
    <p class='ocr_par' dir='ltr' id='par_1_24' title="bbox 386 2180 1974 2262">
     <span class='ocr_line' id='line_1_24' title="bbox 386 2180 1974 2262; baseline 0.008 -27"><span class='ocrx_word' id='word_1_151' title='bbox 386 2195 456 2236; x_wconf 88' lang='lat' dir='ltr'><strong><em>ne</em></strong></span> <span class='ocrx_word' id='word_1_152' title='bbox 475 2180 916 2237; x_wconf 84' lang='lat' dir='ltr'><strong><em>crudelissimam</em></strong></span> <span class='ocrx_word' id='word_1_153' title='bbox 941 2183 1164 2253; x_wconf 88' lang='lat' dir='ltr'><strong><em>quidem</em></strong></span> <span class='ocrx_word' id='word_1_154' title='bbox 1199 2197 1454 2252; x_wconf 88' lang='lat' dir='ltr'><strong><em>mortem,</em></strong></span> <span class='ocrx_word' id='word_1_155' title='bbox 1477 2189 1522 2244; x_wconf 87' lang='lat' dir='ltr'>si</span> <span class='ocrx_word' id='word_1_156' title='bbox 1550 2206 1639 2247; x_wconf 85' lang='lat' dir='ltr'>res</span> <span class='ocrx_word' id='word_1_157' title='bbox 1673 2193 1748 2246; x_wconf 89' lang='lat' dir='ltr'>ita</span> <span class='ocrx_word' id='word_1_158' title='bbox 1786 2193 1974 2262; x_wconf 81' lang='lat' dir='ltr'><strong><em>ferret,</em></strong></span> 
     </span>
    </p>
   </div>
   <div class='ocr_carea' id='block_1_25' title="bbox 383 2274 1972 2350">
    <p class='ocr_par' dir='ltr' id='par_1_25' title="bbox 383 2274 1972 2350">
     <span class='ocr_line' id='line_1_25' title="bbox 383 2274 1972 2350; baseline 0.006 -24"><span class='ocrx_word' id='word_1_159' title='bbox 383 2278 717 2337; x_wconf 88' lang='lat' dir='ltr'><strong><em>metuerent,</em></strong></span> <span class='ocrx_word' id='word_1_160' title='bbox 761 2287 873 2327; x_wconf 91' lang='lat' dir='ltr'>non</span> <span class='ocrx_word' id='word_1_161' title='bbox 904 2274 1150 2345; x_wconf 81' lang='lat' dir='ltr'><strong><em>vulgaria</em></strong></span> <span class='ocrx_word' id='word_1_162' title='bbox 1200 2282 1414 2331; x_wconf 90' lang='lat' dir='ltr'><strong><em>tantum</em></strong></span> <span class='ocrx_word' id='word_1_163' title='bbox 1464 2281 1548 2334; x_wconf 90' lang='lat' dir='ltr'>eis</span> <span class='ocrx_word' id='word_1_164' title='bbox 1579 2290 1845 2337; x_wconf 83' lang='lat' dir='ltr'><strong><em>eventura</em></strong></span> <span class='ocrx_word' id='word_1_165' title='bbox 1874 2285 1972 2350; x_wconf 91' lang='lat' dir='ltr'><strong><em>ait,</em></strong></span> 
     </span>
    </p>
   </div>
   <div class='ocr_carea' id='block_1_26' title="bbox 383 2361 1974 2438">
    <p class='ocr_par' dir='ltr' id='par_1_26' title="bbox 383 2361 1974 2438">
     <span class='ocr_line' id='line_1_26' title="bbox 383 2361 1974 2438; baseline 0.008 -20"><span class='ocrx_word' id='word_1_166' title='bbox 383 2377 487 2420; x_wconf 85' lang='lat' dir='ltr'>nec</span> <span class='ocrx_word' id='word_1_167' title='bbox 536 2361 854 2420; x_wconf 63' lang='lat' dir='ltr'><strong><em>Judaeorum</em></strong></span> <span class='ocrx_word' id='word_1_168' title='bbox 908 2364 1154 2421; x_wconf 76' lang='lat' dir='ltr'><strong><em>furorem</em></strong></span> <span class='ocrx_word' id='word_1_169' title='bbox 1188 2368 1529 2438; x_wconf 90' lang='lat' dir='ltr'><strong><em>quieturum,</em></strong></span> <span class='ocrx_word' id='word_1_170' title='bbox 1574 2371 1620 2426; x_wconf 88' lang='lat' dir='ltr'>si</span> <span class='ocrx_word' id='word_1_171' title='bbox 1667 2375 1832 2429; x_wconf 89' lang='lat' dir='ltr'><strong><em>modo</em></strong></span> <span class='ocrx_word' id='word_1_172' title='bbox 1877 2390 1974 2430; x_wconf 90' lang='lat' dir='ltr'>eos</span> 
     </span>
    </p>
   </div>
   <div class='ocr_carea' id='block_1_27' title="bbox 383 2457 1974 2532">
    <p class='ocr_par' dir='ltr' id='par_1_27' title="bbox 383 2457 1974 2532">
     <span class='ocr_line' id='line_1_27' title="bbox 383 2457 1974 2532; baseline 0.008 -20"><span class='ocrx_word' id='word_1_173' title='bbox 383 2457 680 2528; x_wconf 80' lang='lat' dir='ltr'><strong><em>synagogis</em></strong></span> <span class='ocrx_word' id='word_1_174' title='bbox 732 2460 1027 2523; x_wconf 83' lang='lat' dir='ltr'><strong><em>moverint.</em></strong></span> <span class='ocrx_word' id='word_1_175' title='bbox 1073 2461 1170 2516; x_wconf 88' lang='lat' dir='ltr'>sed</span> <span class='ocrx_word' id='word_1_176' title='bbox 1227 2461 1564 2532; x_wconf 87' lang='lat' dir='ltr'><strong><em>impietatem</em></strong></span> <span class='ocrx_word' id='word_1_177' title='bbox 1623 2466 1843 2522; x_wconf 89' lang='lat' dir='ltr'><strong><em>illorum</em></strong></span> <span class='ocrx_word' id='word_1_178' title='bbox 1905 2484 1974 2524; x_wconf 89' lang='lat' dir='ltr'>eo</span> 
     </span>
    </p>
   </div>
   <div class='ocr_carea' id='block_1_28' title="bbox 382 2550 1972 2620">
    <p class='ocr_par' dir='ltr' id='par_1_28' title="bbox 382 2550 1972 2620">
     <span class='ocr_line' id='line_1_28' title="bbox 382 2550 1972 2620; baseline 0.008 -18"><span class='ocrx_word' id='word_1_179' title='bbox 382 2563 776 2620; x_wconf 86' lang='lat' dir='ltr'><strong><em>processuram</em></strong></span> <span class='ocrx_word' id='word_1_180' title='bbox 823 2550 1110 2618; x_wconf 68' lang='lat' dir='ltr'><strong><em>przedieat,</em></strong></span> <span class='ocrx_word' id='word_1_181' title='bbox 1137 2557 1198 2605; x_wconf 91' lang='lat' dir='ltr'>ut</span> <span class='ocrx_word' id='word_1_182' title='bbox 1241 2567 1514 2607; x_wconf 89' lang='lat' dir='ltr'><strong><em>summam</em></strong></span> <span class='ocrx_word' id='word_1_183' title='bbox 1545 2555 1600 2610; x_wconf 91' lang='lat' dir='ltr'><strong><em>in</em></strong></span> <span class='ocrx_word' id='word_1_184' title='bbox 1635 2571 1732 2613; x_wconf 86' lang='lat' dir='ltr'>eos</span> <span class='ocrx_word' id='word_1_185' title='bbox 1769 2559 1972 2614; x_wconf 87' lang='lat' dir='ltr'><strong><em>crude-</em></strong></span> 
     </span>
    </p>
   </div>
   <div class='ocr_carea' id='block_1_29' title="bbox 384 2639 1972 2716">
    <p class='ocr_par' dir='ltr' id='par_1_29' title="bbox 384 2639 1972 2716">
     <span class='ocr_line' id='line_1_29' title="bbox 384 2639 1972 2716; baseline 0.007 -23"><span class='ocrx_word' id='word_1_186' title='bbox 384 2639 597 2696; x_wconf 85' lang='lat' dir='ltr'><strong><em>litatem</em></strong></span> <span class='ocrx_word' id='word_1_187' title='bbox 646 2639 870 2709; x_wconf 87' lang='lat' dir='ltr'><strong><em>pietatis</em></strong></span> <span class='ocrx_word' id='word_1_188' title='bbox 901 2656 1031 2712; x_wconf 83' lang='lat' dir='ltr'><strong><em>erga</em></strong></span> <span class='ocrx_word' id='word_1_189' title='bbox 1062 2640 1231 2696; x_wconf 88' lang='lat' dir='ltr'><strong><em>Deum</em></strong></span> <span class='ocrx_word' id='word_1_190' title='bbox 1267 2642 1370 2698; x_wconf 89' lang='lat' dir='ltr'><strong><em>iter</em></strong></span> <span class='ocrx_word' id='word_1_191' title='bbox 1401 2658 1527 2700; x_wconf 89' lang='lat' dir='ltr'><strong><em>esse</em></strong></span> <span class='ocrx_word' id='word_1_192' title='bbox 1563 2653 1778 2716; x_wconf 90' lang='lat' dir='ltr'><strong><em>putent.</em></strong></span> <span class='ocrx_word' id='word_1_193' title='bbox 1813 2648 1972 2715; x_wconf 83' lang='lat' dir='ltr'>Quod</span> 
     </span>
    </p>
   </div>
   <div class='ocr_carea' id='block_1_30' title="bbox 383 2732 1969 2807">
    <p class='ocr_par' dir='ltr' id='par_1_30' title="bbox 383 2732 1969 2807">
     <span class='ocr_line' id='line_1_30' title="bbox 383 2732 1969 2807; baseline 0.008 -23"><span class='ocrx_word' id='word_1_194' title='bbox 383 2741 567 2788; x_wconf 89' lang='lat' dir='ltr'><strong><em>autem</em></strong></span> <span class='ocrx_word' id='word_1_195' title='bbox 605 2732 814 2788; x_wconf 81' lang='lat' dir='ltr'><strong><em>Christi</em></strong></span> <span class='ocrx_word' id='word_1_196' title='bbox 863 2735 1243 2790; x_wconf 86' lang='lat' dir='ltr'><strong><em>sectatoribus</em></strong></span> <span class='ocrx_word' id='word_1_197' title='bbox 1296 2751 1574 2807; x_wconf 79' lang='lat' dir='ltr'><strong><em>synagoga</em></strong></span> <span class='ocrx_word' id='word_1_198' title='bbox 1615 2739 1969 2796; x_wconf 87' lang='lat' dir='ltr'><strong><em>interdictum</em></strong></span> 
     </span>
    </p>
   </div>
   <div class='ocr_carea' id='block_1_31' title="bbox 383 2826 1968 2897">
    <p class='ocr_par' dir='ltr' id='par_1_31' title="bbox 383 2826 1968 2897">
     <span class='ocr_line' id='line_1_31' title="bbox 383 2826 1968 2897; baseline 0.006 -16"><span class='ocrx_word' id='word_1_199' title='bbox 383 2826 455 2881; x_wconf 83' lang='lat' dir='ltr'>sit</span> <span class='ocrx_word' id='word_1_200' title='bbox 497 2841 674 2897; x_wconf 81' lang='lat' dir='ltr'><strong><em>eaque</em></strong></span> <span class='ocrx_word' id='word_1_201' title='bbox 727 2840 889 2897; x_wconf 72' lang='lat' dir='ltr'><strong><em>pmna</em></strong></span> <span class='ocrx_word' id='word_1_202' title='bbox 939 2827 1156 2881; x_wconf 85' lang='lat' dir='ltr'><strong><em>multati</em></strong></span> <span class='ocrx_word' id='word_1_203' title='bbox 1213 2829 1324 2882; x_wconf 92' lang='lat' dir='ltr'><strong><em>sint</em></strong></span> <span class='ocrx_word' id='word_1_204' title='bbox 1377 2829 1556 2895; x_wconf 91' lang='lat' dir='ltr'><strong><em>initio,</em></strong></span> <span class='ocrx_word' id='word_1_205' title='bbox 1611 2832 1968 2890; x_wconf 81' lang='lat' dir='ltr'><strong><em>manifestum</em></strong></span> 
     </span>
    </p>
   </div>
   <div class='ocr_carea' id='block_1_32' title="bbox 379 2918 1968 2993">
    <p class='ocr_par' dir='ltr' id='par_1_32' title="bbox 379 2918 1968 2993">
     <span class='ocr_line' id='line_1_32' title="bbox 379 2918 1968 2993; baseline 0.004 -17"><span class='ocrx_word' id='word_1_206' title='bbox 379 2919 510 2986; x_wconf 85' lang='lat' dir='ltr'><strong><em>erit,</em></strong></span> <span class='ocrx_word' id='word_1_207' title='bbox 554 2920 893 2990; x_wconf 84' lang='lat' dir='ltr'><strong><em>evangelista</em></strong></span> <span class='ocrx_word' id='word_1_208' title='bbox 929 2918 1171 2985; x_wconf 85' lang='lat' dir='ltr'><strong><em>dicente,</em></strong></span> <span class='ocrx_word' id='word_1_209' title='bbox 1206 2923 1409 2978; x_wconf 91' lang='lat' dir='ltr'><strong><em>multos</em></strong></span> <span class='ocrx_word' id='word_1_210' title='bbox 1449 2923 1670 2993; x_wconf 90' lang='lat' dir='ltr'><strong><em>quidem</em></strong></span> <span class='ocrx_word' id='word_1_211' title='bbox 1707 2927 1872 2981; x_wconf 87' lang='lat' dir='ltr'><strong><em>etiam</em></strong></span> <span class='ocrx_word' id='word_1_212' title='bbox 1903 2944 1968 2983; x_wconf 78' lang='lat' dir='ltr'><strong><em>ex</em></strong></span> 
     </span>
    </p>
   </div>
   <div class='ocr_carea' id='block_1_33' title="bbox 382 3011 1969 3087">
    <p class='ocr_par' dir='ltr' id='par_1_33' title="bbox 382 3011 1969 3087">
     <span class='ocr_line' id='line_1_33' title="bbox 382 3011 1969 3087; baseline 0.006 -22"><span class='ocrx_word' id='word_1_213' title='bbox 382 3012 735 3083; x_wconf 90' lang='lat' dir='ltr'><strong><em>principibus</em></strong></span> <span class='ocrx_word' id='word_1_214' title='bbox 785 3011 842 3067; x_wconf 90' lang='lat' dir='ltr'>in</span> <span class='ocrx_word' id='word_1_215' title='bbox 889 3026 1014 3067; x_wconf 90' lang='lat' dir='ltr'>eum</span> <span class='ocrx_word' id='word_1_216' title='bbox 1068 3012 1398 3079; x_wconf 87' lang='lat' dir='ltr'><strong><em>credidisse,</em></strong></span> <span class='ocrx_word' id='word_1_217' title='bbox 1432 3015 1528 3071; x_wconf 90' lang='lat' dir='ltr'>sed</span> <span class='ocrx_word' id='word_1_218' title='bbox 1575 3026 1799 3087; x_wconf 70' lang='lat' dir='ltr'><strong><em>promer</em></strong></span> <span class='ocrx_word' id='word_1_219' title='bbox 1829 3019 1969 3074; x_wconf 79' lang='lat' dir='ltr'><strong><em>Pha-</em></strong></span> 
     </span>
    </p>
   </div>
   <div class='ocr_carea' id='block_1_34' title="bbox 380 3102 1967 3181">
    <p class='ocr_par' dir='ltr' id='par_1_34' title="bbox 380 3102 1967 3181">
     <span class='ocr_line' id='line_1_34' title="bbox 380 3102 1967 3181; baseline 0.006 -22"><span class='ocrx_word' id='word_1_220' title='bbox 380 3105 574 3161; x_wconf 72' lang='lat' dir='ltr'><strong><em>rismos</em></strong></span> <span class='ocrx_word' id='word_1_221' title='bbox 604 3120 712 3158; x_wconf 92' lang='lat' dir='ltr'><strong><em>non</em></strong></span> <span class='ocrx_word' id='word_1_222' title='bbox 747 3102 920 3160; x_wconf 82' lang='lat' dir='ltr'><strong><em>fuisse</em></strong></span> <span class='ocrx_word' id='word_1_223' title='bbox 950 3104 1265 3171; x_wconf 78' lang='lat' dir='ltr'><strong><em>confessos,</em></strong></span> <span class='ocrx_word' id='word_1_224' title='bbox 1293 3122 1361 3161; x_wconf 86' lang='lat' dir='ltr'><strong><em>ne</em></strong></span> <span class='ocrx_word' id='word_1_225' title='bbox 1386 3123 1449 3162; x_wconf 78' lang='lat' dir='ltr'><strong><em>ex</em></strong></span> <span class='ocrx_word' id='word_1_226' title='bbox 1499 3123 1775 3181; x_wconf 84' lang='lat' dir='ltr'><strong><em>synagoga</em></strong></span> <span class='ocrx_word' id='word_1_227' title='bbox 1800 3111 1967 3181; x_wconf 87' lang='lat' dir='ltr'><strong><em>ejice-</em></strong></span> 
     </span>
    </p>
   </div>
   <div class='ocr_carea' id='block_1_35' title="bbox 379 3194 1969 3270">
    <p class='ocr_par' dir='ltr' id='par_1_35' title="bbox 379 3194 1969 3270">
     <span class='ocr_line' id='line_1_35' title="bbox 379 3194 1969 3270; baseline 0.005 -20"><span class='ocrx_word' id='word_1_228' title='bbox 379 3196 662 3252; x_wconf 80' lang='lat' dir='ltr'><strong><em>rentur“.</em></strong></span> <span class='ocrx_word' id='word_1_229' title='bbox 712 3196 776 3250; x_wconf 88' lang='lat' dir='ltr'><strong><em>Et</em></strong></span> <span class='ocrx_word' id='word_1_230' title='bbox 823 3212 1022 3252; x_wconf 88' lang='lat' dir='ltr'><strong><em>rursus</em></strong></span> <span class='ocrx_word' id='word_1_231' title='bbox 1055 3215 1068 3250; x_wconf 79' lang='grc' dir='ltr'><strong><em>τ</em></strong></span> <span class='ocrx_word' id='word_1_232' title='bbox 1108 3215 1128 3248; x_wconf 78' lang='grc' dir='ltr'>ι</span> <span class='ocrx_word' id='word_1_233' title='bbox 1160 3194 1281 3252; x_wconf 82' lang='lat' dir='ltr'><strong><em>Jam</em></strong></span> <span class='ocrx_word' id='word_1_234' title='bbox 1313 3199 1458 3253; x_wconf 88' lang='lat' dir='ltr'><strong><em>enim</em></strong></span> <span class='ocrx_word' id='word_1_235' title='bbox 1512 3203 1969 3270; x_wconf 86' lang='lat' dir='ltr'><strong><em>conspiraverant</em></strong></span> 
     </span>
    </p>
   </div>
   <div class='ocr_carea' id='block_1_36' title="bbox 2095 705 3692 784">
    <p class='ocr_par' dir='ltr' id='par_1_36' title="bbox 2095 705 3692 784">
     <span class='ocr_line' id='line_1_36' title="bbox 2095 705 3692 784; baseline 0.007 -25"><span class='ocrx_word' id='word_1_236' title='bbox 2095 723 2190 759; x_wconf 83' lang='grc' dir='ltr'>ται</span> <span class='ocrx_word' id='word_1_237' title='bbox 2228 705 2370 775; x_wconf 81' lang='grc' dir='ltr'>ὥρα,</span> <span class='ocrx_word' id='word_1_238' title='bbox 2424 708 2526 762; x_wconf 82' lang='grc' dir='ltr'>ἵνα</span> <span class='ocrx_word' id='word_1_239' title='bbox 2555 706 2676 774; x_wconf 79' lang='grc' dir='ltr'>πᾶς</span> <span class='ocrx_word' id='word_1_240' title='bbox 2711 710 2744 763; x_wconf 84' lang='grc' dir='ltr'><em>ὀ</em></span> <span class='ocrx_word' id='word_1_241' title='bbox 2780 710 3140 776; x_wconf 80' lang='grc' dir='ltr'>ἀποκτείνας</span> <span class='ocrx_word' id='word_1_242' title='bbox 3177 710 3334 780; x_wconf 83' lang='grc' dir='ltr'>ὑμᾶς</span> <span class='ocrx_word' id='word_1_243' title='bbox 3378 713 3530 784; x_wconf 79' lang='grc' dir='ltr'>δόξῃ</span> <span class='ocrx_word' id='word_1_244' title='bbox 3575 722 3692 772; x_wconf 75' lang='grc' dir='ltr'>λα-</span> 
     </span>
    </p>
   </div>
   <div class='ocr_carea' id='block_1_37' title="bbox 2095 799 2975 870">
    <p class='ocr_par' dir='ltr' id='par_1_37' title="bbox 2095 799 2975 870">
     <span class='ocr_line' id='line_1_37' title="bbox 2095 799 2975 870; baseline 0.006 -18"><span class='ocrx_word' id='word_1_245' title='bbox 2095 800 2296 868; x_wconf 75' lang='grc' dir='ltr'>τρείαν</span> <span class='ocrx_word' id='word_1_246' title='bbox 2328 799 2692 870; x_wconf 72' lang='grc' dir='ltr'>προσφέρειν</span> <span class='ocrx_word' id='word_1_247' title='bbox 2715 799 2794 866; x_wconf 85' lang='grc' dir='ltr'>τῷ</span> <span class='ocrx_word' id='word_1_248' title='bbox 2833 800 2975 866; x_wconf 81' lang='grc' dir='ltr'>Θεῷ.</span> 
     </span>
    </p>
   </div>
   <div class='ocr_carea' id='block_1_38' title="bbox 2185 891 3689 964">
    <p class='ocr_par' dir='ltr' id='par_1_38' title="bbox 2185 891 3689 964">
     <span class='ocr_line' id='line_1_38' title="bbox 2185 891 3689 964; baseline 0.007 -21"><span class='ocrx_word' id='word_1_249' title='bbox 2185 891 2498 962; x_wconf 84' lang='grc' dir='ltr'>Ἀνεκόμισε</span> <span class='ocrx_word' id='word_1_250' title='bbox 2534 893 2671 962; x_wconf 86' lang='grc' dir='ltr'>πρὸς</span> <span class='ocrx_word' id='word_1_251' title='bbox 2693 893 2824 946; x_wconf 84' lang='grc' dir='ltr'>αὐτὸ</span> <span class='ocrx_word' id='word_1_252' title='bbox 2853 893 2914 946; x_wconf 83' lang='grc' dir='ltr'>τὸ</span> <span class='ocrx_word' id='word_1_253' title='bbox 2937 895 3178 962; x_wconf 81' lang='grc' dir='ltr'>πάντων,</span> <span class='ocrx_word' id='word_1_254' title='bbox 3203 897 3280 962; x_wconf 86' lang='grc' dir='ltr'>ὡς</span> <span class='ocrx_word' id='word_1_255' title='bbox 3316 897 3446 963; x_wconf 76' lang='grc' dir='ltr'>ἔπος</span> <span class='ocrx_word' id='word_1_256' title='bbox 3481 901 3689 964; x_wconf 81' lang='grc' dir='ltr'>εἰπεῖν,</span> 
     </span>
    </p>
   </div>
   <div class='ocr_carea' id='block_1_39' title="bbox 2093 982 3688 1064">
    <p class='ocr_par' dir='ltr' id='par_1_39' title="bbox 2093 982 3688 1064">
     <span class='ocr_line' id='line_1_39' title="bbox 2093 982 3688 1064; baseline 0.008 -30"><span class='ocrx_word' id='word_1_257' title='bbox 2093 982 2395 1053; x_wconf 81' lang='grc' dir='ltr'>ἀκρότατον</span> <span class='ocrx_word' id='word_1_258' title='bbox 2424 983 2533 1036; x_wconf 83' lang='grc' dir='ltr'>τῶν</span> <span class='ocrx_word' id='word_1_259' title='bbox 2557 983 2746 1039; x_wconf 80' lang='grc' dir='ltr'>δεινῶν</span> <span class='ocrx_word' id='word_1_260' title='bbox 2773 985 2866 1039; x_wconf 88' lang='grc' dir='ltr'>τοῦ</span> <span class='ocrx_word' id='word_1_261' title='bbox 2896 987 3146 1042; x_wconf 83' lang='grc' dir='ltr'>κινδύνου</span> <span class='ocrx_word' id='word_1_262' title='bbox 3201 992 3299 1062; x_wconf 80' lang='grc' dir='ltr'>τὴν</span> <span class='ocrx_word' id='word_1_263' title='bbox 3350 992 3688 1064; x_wconf 75' lang='grc' dir='ltr'>πρόρρησιν,</span> 
     </span>
    </p>
   </div>
   <div class='ocr_carea' id='block_1_40' title="bbox 2091 1074 3690 1159">
    <p class='ocr_par' dir='ltr' id='par_1_40' title="bbox 2091 1074 3690 1159">
     <span class='ocr_line' id='line_1_40' title="bbox 2091 1074 3690 1159; baseline 0.011 -34"><span class='ocrx_word' id='word_1_264' title='bbox 2091 1075 2192 1144; x_wconf 78' lang='grc' dir='ltr'>οὐχ</span> <span class='ocrx_word' id='word_1_265' title='bbox 2224 1074 2310 1128; x_wconf 80' lang='grc' dir='ltr'>ἵνα</span> <span class='ocrx_word' id='word_1_266' title='bbox 2333 1077 2433 1147; x_wconf 83' lang='grc' dir='ltr'>τὴν</span> <span class='ocrx_word' id='word_1_267' title='bbox 2462 1076 2727 1149; x_wconf 73' lang='grc' dir='ltr'>ἄνανδρον</span> <span class='ocrx_word' id='word_1_268' title='bbox 2748 1080 2863 1142; x_wconf 87' lang='grc' dir='ltr'>τοῖς</span> <span class='ocrx_word' id='word_1_269' title='bbox 2897 1079 3094 1133; x_wconf 82' lang='grc' dir='ltr'>ἑαυτοῦ</span> <span class='ocrx_word' id='word_1_270' title='bbox 3142 1082 3411 1153; x_wconf 77' lang='grc' dir='ltr'>μαθηταῖς</span> <span class='ocrx_word' id='word_1_271' title='bbox 3459 1088 3690 1159; x_wconf 75' lang='grc' dir='ltr'>ἐνεργά-</span> 
     </span>
    </p>
   </div>
   <div class='ocr_carea' id='block_1_41' title="bbox 2095 1168 3687 1248">
    <p class='ocr_par' dir='ltr' id='par_1_41' title="bbox 2095 1168 3687 1248">
     <span class='ocr_line' id='line_1_41' title="bbox 2095 1168 3687 1248; baseline 0.011 -31"><span class='ocrx_word' id='word_1_272' title='bbox 2095 1182 2256 1235; x_wconf 87' lang='grc' dir='ltr'>σηται</span> <span class='ocrx_word' id='word_1_273' title='bbox 2303 1168 2494 1221; x_wconf 80' lang='grc' dir='ltr'>πτοίαν</span> <span class='ocrx_word' id='word_1_274' title='bbox 2516 1188 2529 1202; x_wconf 78' lang='grc'><em>’</em></span> <span class='ocrx_word' id='word_1_275' title='bbox 2587 1169 2647 1221; x_wconf 80' lang='grc' dir='ltr'>οὐ</span> <span class='ocrx_word' id='word_1_276' title='bbox 2699 1170 2807 1241; x_wconf 77' lang='grc' dir='ltr'>γὰρ</span> <span class='ocrx_word' id='word_1_277' title='bbox 2843 1170 2909 1224; x_wconf 88' lang='grc' dir='ltr'>ἂν</span> <span class='ocrx_word' id='word_1_278' title='bbox 2929 1172 3140 1244; x_wconf 77' lang='grc' dir='ltr'>ἥρμοσε</span> <span class='ocrx_word' id='word_1_279' title='bbox 3183 1175 3314 1246; x_wconf 78' lang='grc' dir='ltr'>δρᾷν</span> <span class='ocrx_word' id='word_1_280' title='bbox 3342 1178 3420 1248; x_wconf 84' lang='grc' dir='ltr'>τῷ</span> <span class='ocrx_word' id='word_1_281' title='bbox 3455 1196 3518 1248; x_wconf 84' lang='grc' dir='ltr'>γε</span> <span class='ocrx_word' id='word_1_282' title='bbox 3543 1181 3687 1244; x_wconf 82' lang='grc' dir='ltr'>ὅλως</span> 
     </span>
    </p>
   </div>
   <div class='ocr_carea' id='block_1_42' title="bbox 2093 1259 3686 1338">
    <p class='ocr_par' dir='ltr' id='par_1_42' title="bbox 2093 1259 3686 1338">
     <span class='ocr_line' id='line_1_42' title="bbox 2093 1259 3686 1338; baseline 0.011 -28"><span class='ocrx_word' id='word_1_283' title='bbox 2093 1259 2454 1330; x_wconf 85' lang='grc' dir='ltr'>παροτρύνειν</span> <span class='ocrx_word' id='word_1_284' title='bbox 2490 1261 2727 1317; x_wconf 77' lang='grc' dir='ltr'>ἐθέλοντι</span> <span class='ocrx_word' id='word_1_285' title='bbox 2760 1264 2897 1334; x_wconf 71' lang='grc' dir='ltr'>πρὸς</span> <span class='ocrx_word' id='word_1_286' title='bbox 2923 1265 2985 1318; x_wconf 84' lang='grc' dir='ltr'>τὸ</span> <span class='ocrx_word' id='word_1_287' title='bbox 3018 1267 3388 1338; x_wconf 79' lang='grc' dir='ltr'>εὐτολμότατα</span> <span class='ocrx_word' id='word_1_288' title='bbox 3440 1271 3558 1326; x_wconf 87' lang='grc' dir='ltr'>λίαν</span> <span class='ocrx_word' id='word_1_289' title='bbox 3587 1275 3686 1326; x_wconf 76' lang='grc' dir='ltr'>τὸν</span> 
     </span>
    </p>
   </div>
   <div class='ocr_carea' id='block_1_43' title="bbox 2090 1353 3687 1426">
    <p class='ocr_par' dir='ltr' id='par_1_43' title="bbox 2090 1353 3687 1426">
     <span class='ocr_line' id='line_1_43' title="bbox 2090 1353 3687 1426; baseline 0.011 -23"><span class='ocrx_word' id='word_1_290' title='bbox 2090 1353 2448 1420; x_wconf 74' lang='grc' dir='ltr'>εὐαγγελικὸν</span> <span class='ocrx_word' id='word_1_291' title='bbox 2486 1354 2721 1426; x_wconf 78' lang='grc' dir='ltr'>κηρύξαι</span> <span class='ocrx_word' id='word_1_292' title='bbox 2764 1356 2942 1426; x_wconf 86' lang='grc' dir='ltr'>λόγον,</span> <span class='ocrx_word' id='word_1_293' title='bbox 2987 1358 3104 1412; x_wconf 75' lang='grc' dir='ltr'>ἀλλ’</span> <span class='ocrx_word' id='word_1_294' title='bbox 3141 1361 3227 1414; x_wconf 82' lang='grc' dir='ltr'>ἵνα</span> <span class='ocrx_word' id='word_1_295' title='bbox 3276 1363 3369 1416; x_wconf 83' lang='grc' dir='ltr'>τὸν</span> <span class='ocrx_word' id='word_1_296' title='bbox 3417 1367 3687 1420; x_wconf 80' lang='grc' dir='ltr'>ἀνωτάτω</span> 
     </span>
    </p>
   </div>
   <div class='ocr_carea' id='block_1_44' title="bbox 2090 1444 3683 1524">
    <p class='ocr_par' dir='ltr' id='par_1_44' title="bbox 2090 1444 3683 1524">
     <span class='ocr_line' id='line_1_44' title="bbox 2090 1444 3683 1524; baseline 0.009 -29"><span class='ocrx_word' id='word_1_297' title='bbox 2090 1444 2274 1512; x_wconf 84' lang='grc' dir='ltr'>φόϐον,</span> <span class='ocrx_word' id='word_1_298' title='bbox 2290 1446 2365 1509; x_wconf 86' lang='grc' dir='ltr'>ὼς</span> <span class='ocrx_word' id='word_1_299' title='bbox 2386 1447 2487 1517; x_wconf 62' lang='grc' dir='ltr'>ἤδη</span> <span class='ocrx_word' id='word_1_300' title='bbox 2518 1449 2996 1519; x_wconf 79' lang='grc' dir='ltr'>προεγνωσμένον,</span> <span class='ocrx_word' id='word_1_301' title='bbox 3015 1451 3239 1524; x_wconf 78' lang='grc' dir='ltr'>εὑτριϐῆ</span> <span class='ocrx_word' id='word_1_302' title='bbox 3259 1453 3390 1508; x_wconf 74' lang='grc' dir='ltr'>ὄντα</span> <span class='ocrx_word' id='word_1_303' title='bbox 3403 1455 3491 1508; x_wconf 73' lang='grc' dir='ltr'>διὰ</span> <span class='ocrx_word' id='word_1_304' title='bbox 3517 1456 3683 1510; x_wconf 82' lang='grc' dir='ltr'>τοῦτο</span> 
     </span>
    </p>
   </div>
   <div class='ocr_carea' id='block_1_45' title="bbox 2089 1537 3680 1614">
    <p class='ocr_par' dir='ltr' id='par_1_45' title="bbox 2089 1537 3680 1614">
     <span class='ocr_line' id='line_1_45' title="bbox 2089 1537 3680 1614; baseline 0.008 -25"><span class='ocrx_word' id='word_1_305' title='bbox 2089 1537 2536 1609; x_wconf 83' lang='grc' dir='ltr'>παρωθούμενοι,</span> <span class='ocrx_word' id='word_1_306' title='bbox 2567 1540 2772 1604; x_wconf 81' lang='grc' dir='ltr'>παντὸς</span> <span class='ocrx_word' id='word_1_307' title='bbox 2831 1541 2931 1613; x_wconf 80' lang='grc' dir='ltr'>μὲν</span> <span class='ocrx_word' id='word_1_308' title='bbox 2993 1543 3095 1614; x_wconf 64' lang='grc' dir='ltr'>ἤδη</span> <span class='ocrx_word' id='word_1_309' title='bbox 3149 1547 3680 1602; x_wconf 86' lang='grc' dir='ltr'>κατανεανιεύωνται</span> 
     </span>
    </p>
   </div>
   <div class='ocr_carea' id='block_1_46' title="bbox 2087 1629 3681 1712">
    <p class='ocr_par' dir='ltr' id='par_1_46' title="bbox 2087 1629 3681 1712">
     <span class='ocr_line' id='line_1_46' title="bbox 2087 1629 3681 1712; baseline 0.008 -30"><span class='ocrx_word' id='word_1_310' title='bbox 2087 1629 2280 1694; x_wconf 83' lang='grc' dir='ltr'>κακοῦ,</span> <span class='ocrx_word' id='word_1_311' title='bbox 2312 1631 2517 1702; x_wconf 83' lang='grc' dir='ltr'>μηδένα</span> <span class='ocrx_word' id='word_1_312' title='bbox 2537 1631 2594 1684; x_wconf 81' lang='grc' dir='ltr'>δὲ</span> <span class='ocrx_word' id='word_1_313' title='bbox 2627 1632 2765 1696; x_wconf 84' lang='grc' dir='ltr'>ὅλως</span> <span class='ocrx_word' id='word_1_314' title='bbox 2793 1636 3030 1687; x_wconf 87' lang='grc' dir='ltr'>ποιοῖντο</span> <span class='ocrx_word' id='word_1_315' title='bbox 3062 1635 3238 1705; x_wconf 83' lang='grc' dir='ltr'>λόγον,</span> <span class='ocrx_word' id='word_1_316' title='bbox 3262 1637 3398 1707; x_wconf 79' lang='grc' dir='ltr'>μηδὲ</span> <span class='ocrx_word' id='word_1_317' title='bbox 3433 1639 3551 1692; x_wconf 81' lang='grc' dir='ltr'>είπτ</span> <span class='ocrx_word' id='word_1_318' title='bbox 3562 1658 3592 1712; x_wconf 91' lang='grc' dir='ltr'>ρ</span> <span class='ocrx_word' id='word_1_319' title='bbox 3626 1659 3681 1694; x_wconf 86' lang='grc' dir='ltr'>τι</span> 
     </span>
    </p>
   </div>
   <div class='ocr_carea' id='block_1_47' title="bbox 2087 1725 3678 1797">
    <p class='ocr_par' dir='ltr' id='par_1_47' title="bbox 2087 1725 3678 1797">
     <span class='ocr_line' id='line_1_47' title="bbox 2087 1725 3678 1797; baseline 0.008 -20"><span class='ocrx_word' id='word_1_320' title='bbox 2087 1725 2300 1794; x_wconf 84' lang='grc' dir='ltr'>προσίοι</span> <span class='ocrx_word' id='word_1_321' title='bbox 2332 1725 2441 1778; x_wconf 86' lang='grc' dir='ltr'>τῶν</span> <span class='ocrx_word' id='word_1_322' title='bbox 2467 1725 2889 1797; x_wconf 81' lang='grc' dir='ltr'>ἀφορητοτέρων</span> <span class='ocrx_word' id='word_1_323' title='bbox 2931 1729 3120 1783; x_wconf 86' lang='grc' dir='ltr'>κακῶν</span> <span class='ocrx_word' id='word_1_324' title='bbox 3155 1727 3298 1784; x_wconf 74' lang='grc' dir='ltr'>εἶναι</span> <span class='ocrx_word' id='word_1_325' title='bbox 3350 1731 3678 1789; x_wconf 81' lang='grc' dir='ltr'>δοκούντων.</span> 
     </span>
    </p>
   </div>
   <div class='ocr_carea' id='block_1_48' title="bbox 2086 1815 3682 1896">
    <p class='ocr_par' dir='ltr' id='par_1_48' title="bbox 2086 1815 3682 1896">
     <span class='ocr_line' id='line_1_48' title="bbox 2086 1815 3682 1896; baseline 0.009 -30"><span class='ocrx_word' id='word_1_326' title='bbox 2086 1815 2212 1878; x_wconf 86' lang='grc' dir='ltr'>Τοῖς</span> <span class='ocrx_word' id='word_1_327' title='bbox 2244 1815 2352 1884; x_wconf 85' lang='grc' dir='ltr'>γὰρ</span> <span class='ocrx_word' id='word_1_328' title='bbox 2385 1815 2445 1869; x_wconf 84' lang='grc' dir='ltr'>τὸ</span> <span class='ocrx_word' id='word_1_329' title='bbox 2475 1817 2659 1887; x_wconf 75' lang='grc' dir='ltr'>μεῖζον</span> <span class='ocrx_word' id='word_1_330' title='bbox 2691 1818 2753 1872; x_wconf 80' lang='grc' dir='ltr'>οὐ</span> <span class='ocrx_word' id='word_1_331' title='bbox 2793 1818 3084 1884; x_wconf 78' lang='grc' dir='ltr'>δεδοικόσι,</span> <span class='ocrx_word' id='word_1_332' title='bbox 3137 1821 3299 1875; x_wconf 88' lang='grc' dir='ltr'>ποίαν</span> <span class='ocrx_word' id='word_1_333' title='bbox 3348 1822 3416 1877; x_wconf 79' lang='grc' dir='ltr'>ἂν</span> <span class='ocrx_word' id='word_1_334' title='bbox 3471 1824 3682 1896; x_wconf 81' lang='grc' dir='ltr'>ζημίαν</span> 
     </span>
    </p>
   </div>
   <div class='ocr_carea' id='block_1_49' title="bbox 2086 1904 3683 1984">
    <p class='ocr_par' dir='ltr' id='par_1_49' title="bbox 2086 1904 3683 1984">
     <span class='ocr_line' id='line_1_49' title="bbox 2086 1904 3683 1984; baseline 0.007 -27"><span class='ocrx_word' id='word_1_335' title='bbox 2086 1905 2294 1959; x_wconf 76' lang='grc' dir='ltr'>ἐποίσει</span> <span class='ocrx_word' id='word_1_336' title='bbox 2327 1904 2388 1959; x_wconf 82' lang='grc' dir='ltr'>τὸ</span> <span class='ocrx_word' id='word_1_337' title='bbox 2413 1905 2672 1976; x_wconf 54' lang='grc' dir='ltr'>ἔλαττονς</span> <span class='ocrx_word' id='word_1_338' title='bbox 2705 1909 2769 1961; x_wconf 86' lang='lat' dir='ltr'><strong><em>Ol</em></strong></span> <span class='ocrx_word' id='word_1_339' title='bbox 2790 1907 2849 1962; x_wconf 82' lang='grc' dir='ltr'>δὲ</span> <span class='ocrx_word' id='word_1_340' title='bbox 2873 1909 3100 1964; x_wconf 74' lang='grc' dir='ltr'>καὶτῶν</span> <span class='ocrx_word' id='word_1_341' title='bbox 3124 1913 3206 1974; x_wconf 88' lang='grc' dir='ltr'>είς</span> <span class='ocrx_word' id='word_1_342' title='bbox 3235 1912 3402 1984; x_wconf 86' lang='grc' dir='ltr'>ἀκρον</span> <span class='ocrx_word' id='word_1_343' title='bbox 3431 1915 3683 1984; x_wconf 75' lang='grc' dir='ltr'>ἡκόντων</span> 
     </span>
    </p>
   </div>
   <div class='ocr_carea' id='block_1_50' title="bbox 2081 1995 3681 2068">
    <p class='ocr_par' dir='ltr' id='par_1_50' title="bbox 2081 1995 3681 2068">
     <span class='ocr_line' id='line_1_50' title="bbox 2081 1995 3681 2068; baseline 0.005 -19"><span class='ocrx_word' id='word_1_344' title='bbox 2081 1995 2356 2064; x_wconf 84' lang='grc' dir='ltr'>δειμάτων</span> <span class='ocrx_word' id='word_1_345' title='bbox 2397 1995 2828 2068; x_wconf 85' lang='grc' dir='ltr'>κατευμεγεθεῖν</span> <span class='ocrx_word' id='word_1_346' title='bbox 2875 2000 3202 2068; x_wconf 76' lang='grc' dir='ltr'>ἐγνωκότες,</span> <span class='ocrx_word' id='word_1_347' title='bbox 3259 2000 3349 2055; x_wconf 76' lang='grc' dir='ltr'>διὰ</span> <span class='ocrx_word' id='word_1_348' title='bbox 3400 2001 3546 2067; x_wconf 85' lang='grc' dir='ltr'>τίνος</span> <span class='ocrx_word' id='word_1_349' title='bbox 3592 2003 3681 2057; x_wconf 77' lang='grc' dir='ltr'>ἔτι</span> 
     </span>
    </p>
   </div>
   <div class='ocr_carea' id='block_1_51' title="bbox 2080 2086 3678 2166">
    <p class='ocr_par' dir='ltr' id='par_1_51' title="bbox 2080 2086 3678 2166">
     <span class='ocr_line' id='line_1_51' title="bbox 2080 2086 3678 2166; baseline 0.006 -28"><span class='ocrx_word' id='word_1_350' title='bbox 2080 2086 2188 2139; x_wconf 84' lang='grc' dir='ltr'>τῶν</span> <span class='ocrx_word' id='word_1_351' title='bbox 2221 2086 2400 2141; x_wconf 83' lang='grc' dir='ltr'>ἀλλων</span> <span class='ocrx_word' id='word_1_352' title='bbox 2421 2089 2750 2160; x_wconf 83' lang='grc' dir='ltr'>ταραχθεῖεν</span> <span class='ocrx_word' id='word_1_353' title='bbox 2775 2088 2877 2158; x_wconf 81' lang='grc' dir='ltr'>ἀν;</span> <span class='ocrx_word' id='word_1_354' title='bbox 2909 2091 3029 2144; x_wconf 82' lang='grc' dir='ltr'>Ἵνα</span> <span class='ocrx_word' id='word_1_355' title='bbox 3065 2091 3245 2145; x_wconf 84' lang='grc' dir='ltr'>τοίνυν</span> <span class='ocrx_word' id='word_1_356' title='bbox 3288 2093 3534 2164; x_wconf 79' lang='grc' dir='ltr'>εὐτρεπῆ</span> <span class='ocrx_word' id='word_1_357' title='bbox 3572 2097 3678 2166; x_wconf 78' lang='grc' dir='ltr'>τὴν</span> 
     </span>
    </p>
   </div>
   <div class='ocr_carea' id='block_1_52' title="bbox 2077 2179 3677 2254">
    <p class='ocr_par' dir='ltr' id='par_1_52' title="bbox 2077 2179 3677 2254">
     <span class='ocr_line' id='line_1_52' title="bbox 2077 2179 3677 2254; baseline 0.004 -22"><span class='ocrx_word' id='word_1_358' title='bbox 2077 2179 2317 2235; x_wconf 82' lang='grc' dir='ltr'>διάνοιαν</span> <span class='ocrx_word' id='word_1_359' title='bbox 2338 2182 2510 2251; x_wconf 79' lang='grc' dir='ltr'>έχοιεν</span> <span class='ocrx_word' id='word_1_360' title='bbox 2526 2183 2605 2246; x_wconf 87' lang='grc' dir='ltr'>είς</span> <span class='ocrx_word' id='word_1_361' title='bbox 2621 2182 2682 2236; x_wconf 86' lang='grc' dir='ltr'>τὸ</span> <span class='ocrx_word' id='word_1_362' title='bbox 2698 2182 2876 2238; x_wconf 74' lang='grc' dir='ltr'>πάντα</span> <span class='ocrx_word' id='word_1_363' title='bbox 2903 2183 3023 2236; x_wconf 91' lang='grc' dir='ltr'>λίαν</span> <span class='ocrx_word' id='word_1_364' title='bbox 3049 2184 3304 2254; x_wconf 82' lang='grc' dir='ltr'>ἀσμένως</span> <span class='ocrx_word' id='word_1_365' title='bbox 3327 2187 3677 2254; x_wconf 82' lang='grc' dir='ltr'>ὑπενεγκεῖν,</span> 
     </span>
    </p>
   </div>
   <div class='ocr_carea' id='block_1_53' title="bbox 2078 2273 3680 2348">
    <p class='ocr_par' dir='ltr' id='par_1_53' title="bbox 2078 2273 3680 2348">
     <span class='ocr_line' id='line_1_53' title="bbox 2078 2273 3680 2348; baseline 0.004 -22"><span class='ocrx_word' id='word_1_366' title='bbox 2078 2273 2338 2344; x_wconf 71' lang='grc' dir='ltr'>καὶπρὸς</span> <span class='ocrx_word' id='word_1_367' title='bbox 2369 2273 2432 2326; x_wconf 82' lang='grc' dir='ltr'>τὸ</span> <span class='ocrx_word' id='word_1_368' title='bbox 2457 2273 2654 2346; x_wconf 81' lang='grc' dir='ltr'>χρῆναι</span> <span class='ocrx_word' id='word_1_369' title='bbox 2698 2275 2952 2330; x_wconf 89' lang='grc' dir='ltr'>τοσοῦτον</span> <span class='ocrx_word' id='word_1_370' title='bbox 2997 2277 3096 2348; x_wconf 83' lang='grc' dir='ltr'>τῆς</span> <span class='ocrx_word' id='word_1_371' title='bbox 3135 2278 3201 2330; x_wconf 81' lang='grc' dir='ltr'>ὲκ</span> <span class='ocrx_word' id='word_1_372' title='bbox 3235 2277 3343 2330; x_wconf 84' lang='grc' dir='ltr'>τῶν</span> <span class='ocrx_word' id='word_1_373' title='bbox 3401 2278 3680 2334; x_wconf 85' lang='grc' dir='ltr'>Ἰουδαίων</span> 
     </span>
    </p>
   </div>
   <div class='ocr_carea' id='block_1_54' title="bbox 2078 2363 3680 2441">
    <p class='ocr_par' dir='ltr' id='par_1_54' title="bbox 2078 2363 3680 2441">
     <span class='ocr_line' id='line_1_54' title="bbox 2078 2363 3680 2441; baseline 0.003 -23"><span class='ocrx_word' id='word_1_374' title='bbox 2078 2363 2566 2430; x_wconf 81' lang='grc' dir='ltr'>κατεξανίστασθαι</span> <span class='ocrx_word' id='word_1_375' title='bbox 2615 2365 2840 2437; x_wconf 77' lang='grc' dir='ltr'>βλάϐης,</span> <span class='ocrx_word' id='word_1_376' title='bbox 2886 2367 2962 2430; x_wconf 85' lang='grc' dir='ltr'>ὼς</span> <span class='ocrx_word' id='word_1_377' title='bbox 3027 2367 3162 2440; x_wconf 83' lang='grc' dir='ltr'>μηδὲ</span> <span class='ocrx_word' id='word_1_378' title='bbox 3209 2369 3392 2435; x_wconf 74' lang='grc' dir='ltr'>αὐτὸν,</span> <span class='ocrx_word' id='word_1_379' title='bbox 3421 2372 3472 2424; x_wconf 90' lang='grc' dir='ltr'>εί</span> <span class='ocrx_word' id='word_1_380' title='bbox 3517 2371 3680 2441; x_wconf 64' lang='grc' dir='ltr'>τύχοι</span> 
     </span>
    </p>
   </div>
   <div class='ocr_carea' id='block_1_55' title="bbox 2077 2455 3677 2532">
    <p class='ocr_par' dir='ltr' id='par_1_55' title="bbox 2077 2455 3677 2532">
     <span class='ocr_line' id='line_1_55' title="bbox 2077 2455 3677 2532; baseline 0.006 -24"><span class='ocrx_word' id='word_1_381' title='bbox 2077 2456 2322 2526; x_wconf 87' lang='grc' dir='ltr'>παρόντα</span> <span class='ocrx_word' id='word_1_382' title='bbox 2353 2455 2445 2510; x_wconf 80' lang='grc' dir='ltr'>τὸν</span> <span class='ocrx_word' id='word_1_383' title='bbox 2470 2456 2624 2528; x_wconf 82' lang='grc' dir='ltr'>ὠμὸν</span> <span class='ocrx_word' id='word_1_384' title='bbox 2643 2457 2871 2511; x_wconf 82' lang='grc' dir='ltr'>δεδιέναι</span> <span class='ocrx_word' id='word_1_385' title='bbox 2897 2458 3128 2513; x_wconf 84' lang='grc' dir='ltr'>θάνατον</span> <span class='ocrx_word' id='word_1_386' title='bbox 3171 2475 3184 2490; x_wconf 81' lang='grc'><strong><em>⁸</em></strong></span> <span class='ocrx_word' id='word_1_387' title='bbox 3217 2461 3339 2532; x_wconf 76' lang='grc' dir='ltr'>οὐχὶ</span> <span class='ocrx_word' id='word_1_388' title='bbox 3371 2462 3441 2515; x_wconf 80' lang='grc' dir='ltr'>τὰ</span> <span class='ocrx_word' id='word_1_389' title='bbox 3466 2464 3524 2516; x_wconf 74' lang='grc' dir='ltr'>ὲν</span> <span class='ocrx_word' id='word_1_390' title='bbox 3560 2462 3677 2516; x_wconf 73' lang='grc' dir='ltr'>ἔθει</span> 
     </span>
    </p>
   </div>
   <div class='ocr_carea' id='block_1_56' title="bbox 2079 2549 3680 2628">
    <p class='ocr_par' dir='ltr' id='par_1_56' title="bbox 2079 2549 3680 2628">
     <span class='ocr_line' id='line_1_56' title="bbox 2079 2549 3680 2628; baseline 0.005 -27"><span class='ocrx_word' id='word_1_391' title='bbox 2079 2550 2243 2618; x_wconf 85' lang='grc' dir='ltr'>μόνον</span> <span class='ocrx_word' id='word_1_392' title='bbox 2277 2549 2656 2622; x_wconf 87' lang='grc' dir='ltr'>συμϐήσεσθαι</span> <span class='ocrx_word' id='word_1_393' title='bbox 2708 2550 2878 2620; x_wconf 80' lang='grc' dir='ltr'>λέγει,</span> <span class='ocrx_word' id='word_1_394' title='bbox 2907 2552 3027 2605; x_wconf 80' lang='grc' dir='ltr'>οὐδὲ</span> <span class='ocrx_word' id='word_1_395' title='bbox 3087 2553 3249 2626; x_wconf 83' lang='grc' dir='ltr'>μέχρι</span> <span class='ocrx_word' id='word_1_396' title='bbox 3293 2553 3499 2608; x_wconf 90' lang='grc' dir='ltr'>τούτων</span> <span class='ocrx_word' id='word_1_397' title='bbox 3549 2559 3680 2628; x_wconf 69' lang='lat' dir='ltr'><strong><em>eti;-</em></strong></span> 
     </span>
    </p>
   </div>
   <div class='ocr_carea' id='block_1_57' title="bbox 2076 2641 3674 2718">
    <p class='ocr_par' dir='ltr' id='par_1_57' title="bbox 2076 2641 3674 2718">
     <span class='ocr_line' id='line_1_57' title="bbox 2076 2641 3674 2718; baseline 0.006 -23"><span class='ocrx_word' id='word_1_398' title='bbox 2076 2642 2268 2696; x_wconf 88' lang='grc' dir='ltr'>σεσθαι</span> <span class='ocrx_word' id='word_1_399' title='bbox 2299 2641 2399 2714; x_wconf 81' lang='grc' dir='ltr'>τὴν</span> <span class='ocrx_word' id='word_1_400' title='bbox 2435 2643 2750 2716; x_wconf 77' lang='grc' dir='ltr'>ἐπιϐουλὴν,</span> <span class='ocrx_word' id='word_1_401' title='bbox 2781 2646 2922 2717; x_wconf 73' lang='grc' dir='ltr'>⁸ἦτοι</span> <span class='ocrx_word' id='word_1_402' title='bbox 2967 2645 3067 2718; x_wconf 82' lang='grc' dir='ltr'>τὴν</span> <span class='ocrx_word' id='word_1_403' title='bbox 3099 2647 3211 2700; x_wconf 84' lang='grc' dir='ltr'>τῶν</span> <span class='ocrx_word' id='word_1_404' title='bbox 3253 2647 3524 2702; x_wconf 84' lang='grc' dir='ltr'>Ἰουδαίων</span> <span class='ocrx_word' id='word_1_405' title='bbox 3573 2653 3674 2704; x_wconf 75' lang='grc' dir='ltr'>ἐπ-</span> 
     </span>
    </p>
   </div>
   <div class='ocr_carea' id='block_1_58' title="bbox 2074 2733 3674 2809">
    <p class='ocr_par' dir='ltr' id='par_1_58' title="bbox 2074 2733 3674 2809">
     <span class='ocr_line' id='line_1_58' title="bbox 2074 2733 3674 2809; baseline 0.004 -22"><span class='ocrx_word' id='word_1_406' title='bbox 2074 2733 2395 2797; x_wconf 78' lang='grc' dir='ltr'>ανάστασιν,</span> <span class='ocrx_word' id='word_1_407' title='bbox 2418 2735 2494 2798; x_wconf 80' lang='grc' dir='ltr'>ὡς</span> <span class='ocrx_word' id='word_1_408' title='bbox 2531 2737 2996 2806; x_wconf 81' lang='grc' dir='ltr'>ἀποσυναγώγους</span> <span class='ocrx_word' id='word_1_409' title='bbox 3048 2737 3301 2806; x_wconf 86' lang='grc' dir='ltr'>γενέσθαι</span> <span class='ocrx_word' id='word_1_410' title='bbox 3341 2739 3522 2809; x_wconf 83' lang='grc' dir='ltr'>μόνον,</span> <span class='ocrx_word' id='word_1_411' title='bbox 3553 2741 3674 2794; x_wconf 79' lang='grc' dir='ltr'>ἀλλ’</span> 
     </span>
    </p>
   </div>
   <div class='ocr_carea' id='block_1_59' title="bbox 2073 2826 3673 2901">
    <p class='ocr_par' dir='ltr' id='par_1_59' title="bbox 2073 2826 3673 2901">
     <span class='ocr_line' id='line_1_59' title="bbox 2073 2826 3673 2901; baseline 0.006 -23"><span class='ocrx_word' id='word_1_412' title='bbox 2073 2828 2153 2890; x_wconf 85' lang='grc' dir='ltr'>εἰς</span> <span class='ocrx_word' id='word_1_413' title='bbox 2175 2826 2333 2880; x_wconf 85' lang='grc' dir='ltr'>τοῦτο</span> <span class='ocrx_word' id='word_1_414' title='bbox 2357 2827 2696 2880; x_wconf 86' lang='grc' dir='ltr'>κατολισθεῖν</span> <span class='ocrx_word' id='word_1_415' title='bbox 2733 2828 3019 2899; x_wconf 75' lang='grc' dir='ltr'>ὠμότητος</span> <span class='ocrx_word' id='word_1_416' title='bbox 3049 2829 3149 2901; x_wconf 80' lang='grc' dir='ltr'>τὴν</span> <span class='ocrx_word' id='word_1_417' title='bbox 3195 2831 3420 2884; x_wconf 71' lang='grc' dir='ltr'>ἐκείνων</span> <span class='ocrx_word' id='word_1_418' title='bbox 3454 2834 3673 2887; x_wconf 82' lang='grc' dir='ltr'>ἀνοσιό-</span> 
     </span>
    </p>
   </div>
   <div class='ocr_carea' id='block_1_60' title="bbox 2071 2919 3673 2995">
    <p class='ocr_par' dir='ltr' id='par_1_60' title="bbox 2071 2919 3673 2995">
     <span class='ocr_line' id='line_1_60' title="bbox 2071 2919 3673 2995; baseline 0.004 -25"><span class='ocrx_word' id='word_1_419' title='bbox 2071 2936 2211 2989; x_wconf 86' lang='grc' dir='ltr'>τητα</span> <span class='ocrx_word' id='word_1_420' title='bbox 2246 2920 2696 2990; x_wconf 86' lang='grc' dir='ltr'>προμεμήνυκεν,</span> <span class='ocrx_word' id='word_1_421' title='bbox 2731 2919 2808 2984; x_wconf 83' lang='grc' dir='ltr'>ὡς</span> <span class='ocrx_word' id='word_1_422' title='bbox 2830 2921 3082 2991; x_wconf 77' lang='grc' dir='ltr'>οἰηθῆναι</span> <span class='ocrx_word' id='word_1_423' title='bbox 3116 2938 3268 2988; x_wconf 82' lang='grc' dir='ltr'>ποτε,</span> <span class='ocrx_word' id='word_1_424' title='bbox 3298 2923 3396 2976; x_wconf 75' lang='grc' dir='ltr'>καὶ</span> <span class='ocrx_word' id='word_1_425' title='bbox 3423 2924 3522 2995; x_wconf 79' lang='grc' dir='ltr'>τὴν</span> <span class='ocrx_word' id='word_1_426' title='bbox 3569 2925 3673 2994; x_wconf 81' lang='grc' dir='ltr'>τῆς</span> 
     </span>
    </p>
   </div>
   <div class='ocr_carea' id='block_1_61' title="bbox 2072 2995 3672 3084">
    <p class='ocr_par' dir='ltr' id='par_1_61' title="bbox 2072 2995 3672 3084">
     <span class='ocr_line' id='line_1_61' title="bbox 2072 2995 3672 3084; baseline 0.005 -22"><span class='ocrx_word' id='word_1_427' title='bbox 2072 3011 2153 3073; x_wconf 83' lang='grc' dir='ltr'>είς</span> <span class='ocrx_word' id='word_1_428' title='bbox 2173 3009 2307 3063; x_wconf 73' lang='grc' dir='ltr'>Θεὸν</span> <span class='ocrx_word' id='word_1_429' title='bbox 2333 3010 2615 3074; x_wconf 79' lang='grc' dir='ltr'>εὐσεϐείας</span> <span class='ocrx_word' id='word_1_430' title='bbox 2649 3011 2786 3064; x_wconf 83' lang='grc' dir='ltr'>ίέναι</span> <span class='ocrx_word' id='word_1_431' title='bbox 2815 3011 3003 3083; x_wconf 87' lang='grc' dir='ltr'>τρίϐον</span> <span class='ocrx_word' id='word_1_432' title='bbox 3033 3011 3132 3084; x_wconf 81' lang='grc' dir='ltr'>τὴν</span> <span class='ocrx_word' id='word_1_433' title='bbox 3169 3013 3304 3067; x_wconf 68' lang='grc' dir='ltr'>κατ’</span> <span class='ocrx_word' id='word_1_434' title='bbox 3357 2995 3544 3069; x_wconf 56' lang='grc' dir='ltr'>αὐτῶν</span> <span class='ocrx_word' id='word_1_435' title='bbox 3585 3021 3672 3082; x_wconf 83' lang='grc' dir='ltr'>εἰς</span> 
     </span>
    </p>
   </div>
   <div class='ocr_carea' id='block_1_62' title="bbox 2071 3103 3672 3181">
    <p class='ocr_par' dir='ltr' id='par_1_62' title="bbox 2071 3103 3672 3181">
     <span class='ocr_line' id='line_1_62' title="bbox 2071 3103 3672 3181; baseline 0.005 -25"><span class='ocrx_word' id='word_1_436' title='bbox 2071 3103 2242 3174; x_wconf 79' lang='grc' dir='ltr'>ἄκρον</span> <span class='ocrx_word' id='word_1_437' title='bbox 2288 3103 2707 3174; x_wconf 88' lang='grc' dir='ltr'>ἀπανθρωπίαν.</span> <span class='ocrx_word' id='word_1_438' title='bbox 2751 3104 2874 3158; x_wconf 87' lang='grc' dir='ltr'>Ὅτι</span> <span class='ocrx_word' id='word_1_439' title='bbox 2921 3105 2978 3158; x_wconf 85' lang='grc' dir='ltr'>δὲ</span> <span class='ocrx_word' id='word_1_440' title='bbox 3025 3105 3447 3176; x_wconf 67' lang='grc' dir='ltr'>ἀποσυνάγωγοι</span> <span class='ocrx_word' id='word_1_441' title='bbox 3517 3112 3672 3181; x_wconf 67' lang='grc' dir='ltr'>παρὰ</span> 
     </span>
    </p>
   </div>
   <div class='ocr_carea' id='block_1_63' title="bbox 2072 3194 3671 3274">
    <p class='ocr_par' dir='ltr' id='par_1_63' title="bbox 2072 3194 3671 3274">
     <span class='ocr_line' id='line_1_63' title="bbox 2072 3194 3671 3274; baseline 0.006 -27"><span class='ocrx_word' id='word_1_442' title='bbox 2072 3197 2184 3257; x_wconf 85' lang='grc' dir='ltr'>τοῖς</span> <span class='ocrx_word' id='word_1_443' title='bbox 2230 3194 2507 3258; x_wconf 86' lang='grc' dir='ltr'>Ἰουδαίοις</span> <span class='ocrx_word' id='word_1_444' title='bbox 2542 3195 2803 3264; x_wconf 75' lang='grc' dir='ltr'>ἐγίνοντο,</span> <span class='ocrx_word' id='word_1_445' title='bbox 2852 3197 2945 3250; x_wconf 81' lang='grc' dir='ltr'>καὶ</span> <span class='ocrx_word' id='word_1_446' title='bbox 3001 3197 3203 3267; x_wconf 89' lang='grc' dir='ltr'>ταύτην</span> <span class='ocrx_word' id='word_1_447' title='bbox 3263 3199 3338 3263; x_wconf 82' lang='grc' dir='ltr'>ὼς</span> <span class='ocrx_word' id='word_1_448' title='bbox 3379 3202 3439 3253; x_wconf 81' lang='grc' dir='ltr'>ὲν</span> <span class='ocrx_word' id='word_1_449' title='bbox 3471 3202 3671 3274; x_wconf 79' lang='grc' dir='ltr'>ἀρχαῖς</span> 
     </span>
    </p>
   </div>
   <div class='ocr_carea' id='block_1_64' title="bbox 383 3286 1973 3366">
    <p class='ocr_par' dir='ltr' id='par_1_64' title="bbox 383 3286 1971 3361">
     <span class='ocr_line' id='line_1_64' title="bbox 383 3286 1971 3361; baseline 0.004 -17"><span class='ocrx_word' id='word_1_450' title='bbox 383 3288 588 3344; x_wconf 67' lang='lat' dir='ltr'><strong><em>Scribat</em></strong></span> <span class='ocrx_word' id='word_1_451' title='bbox 629 3298 685 3343; x_wconf 91' lang='lat' dir='ltr'>et</span> <span class='ocrx_word' id='word_1_452' title='bbox 725 3286 1012 3350; x_wconf 67' lang='lat' dir='ltr'><strong><em>Pharisaei.</em></strong></span> <span class='ocrx_word' id='word_1_453' title='bbox 1046 3298 1106 3344; x_wconf 91' lang='lat' dir='ltr'>ut</span> <span class='ocrx_word' id='word_1_454' title='bbox 1163 3290 1210 3346; x_wconf 87' lang='lat' dir='ltr'>si</span> <span class='ocrx_word' id='word_1_455' title='bbox 1263 3291 1391 3361; x_wconf 89' lang='lat' dir='ltr'><strong><em>quis</em></strong></span> <span class='ocrx_word' id='word_1_456' title='bbox 1447 3307 1572 3346; x_wconf 90' lang='lat' dir='ltr'>eum</span> <span class='ocrx_word' id='word_1_457' title='bbox 1613 3294 1971 3351; x_wconf 75' lang='lat' dir='ltr'><strong><em>confiteretur</em></strong></span> 
     </span>
    </p>
   </div>
   <div class='ocr_carea' id='block_1_65' title="bbox 2079 3286 3671 3366">
    <p class='ocr_par' dir='ltr' id='par_1_65' title="bbox 2079 3287 3671 3366">
     <span class='ocr_line' id='line_1_65' title="bbox 2079 3287 3671 3366; baseline 0.004 -26"><span class='ocrx_word' id='word_1_458' title='bbox 2079 3287 2167 3340; x_wconf 87' lang='grc' dir='ltr'>τοῦ</span> <span class='ocrx_word' id='word_1_459' title='bbox 2193 3287 2516 3358; x_wconf 77' lang='grc' dir='ltr'>πράγματος</span> <span class='ocrx_word' id='word_1_460' title='bbox 2547 3287 2817 3358; x_wconf 77' lang='grc' dir='ltr'>ὑπέμενον</span> <span class='ocrx_word' id='word_1_461' title='bbox 2861 3289 3042 3360; x_wconf 82' lang='grc' dir='ltr'>δίκην,</span> <span class='ocrx_word' id='word_1_462' title='bbox 3069 3290 3118 3342; x_wconf 78' lang='grc' dir='ltr'>οἱ</span> <span class='ocrx_word' id='word_1_463' title='bbox 3147 3291 3245 3360; x_wconf 87' lang='grc' dir='ltr'>τῆς</span> <span class='ocrx_word' id='word_1_464' title='bbox 3294 3291 3518 3364; x_wconf 78' lang='grc' dir='ltr'>ἀγάπης</span> <span class='ocrx_word' id='word_1_465' title='bbox 3567 3296 3671 3366; x_wconf 74' lang='grc' dir='ltr'>τῆς</span> 
     </span>
    </p>
   </div>
   <div class='ocr_carea' id='block_1_66' title="bbox 379 3380 1970 3453">
    <p class='ocr_par' dir='ltr' id='par_1_66' title="bbox 379 3380 1970 3453">
     <span class='ocr_line' id='line_1_66' title="bbox 379 3380 1970 3453; baseline 0.003 -17"><span class='ocrx_word' id='word_1_466' title='bbox 379 3396 502 3436; x_wconf 88' lang='lat' dir='ltr'><strong><em>esse</em></strong></span> <span class='ocrx_word' id='word_1_467' title='bbox 553 3380 858 3446; x_wconf 87' lang='lat' dir='ltr'><strong><em>Christum,</em></strong></span> <span class='ocrx_word' id='word_1_468' title='bbox 899 3389 1057 3435; x_wconf 79' lang='lat' dir='ltr'><strong><em>extra</em></strong></span> <span class='ocrx_word' id='word_1_469' title='bbox 1118 3397 1449 3453; x_wconf 81' lang='lat' dir='ltr'><strong><em>synagogam</em></strong></span> <span class='ocrx_word' id='word_1_470' title='bbox 1510 3382 1758 3438; x_wconf 80' lang='lat' dir='ltr'><strong><em>ﬁeret&quot;.</em></strong></span> <span class='ocrx_word' id='word_1_471' title='bbox 1802 3406 1821 3438; x_wconf 72' lang='grc' dir='ltr'>ι</span> <span class='ocrx_word' id='word_1_472' title='bbox 1864 3385 1970 3440; x_wconf 84' lang='lat' dir='ltr'>Ve-</span> 
     </span>
    </p>
   </div>
   <div class='ocr_carea' id='block_1_67' title="bbox 380 3472 1967 3547">
    <p class='ocr_par' dir='ltr' id='par_1_67' title="bbox 380 3472 1967 3547">
     <span class='ocr_line' id='line_1_67' title="bbox 380 3472 1967 3547; baseline 0.002 -17"><span class='ocrx_word' id='word_1_473' title='bbox 380 3490 502 3530; x_wconf 84' lang='lat' dir='ltr'>rum</span> <span class='ocrx_word' id='word_1_474' title='bbox 527 3476 656 3530; x_wconf 87' lang='lat' dir='ltr'><strong><em>licet</em></strong></span> <span class='ocrx_word' id='word_1_475' title='bbox 687 3474 1032 3545; x_wconf 84' lang='lat' dir='ltr'><strong><em>conspiratio</em></strong></span> <span class='ocrx_word' id='word_1_476' title='bbox 1067 3475 1183 3528; x_wconf 63' lang='lat' dir='ltr'><strong><em>haec</em></strong></span> <span class='ocrx_word' id='word_1_477' title='bbox 1215 3472 1558 3540; x_wconf 74' lang='lat' dir='ltr'><strong><em>Judaeorum,</em></strong></span> <span class='ocrx_word' id='word_1_478' title='bbox 1589 3476 1789 3547; x_wconf 88' lang='lat' dir='ltr'><strong><em>inquit,</em></strong></span> <span class='ocrx_word' id='word_1_479' title='bbox 1827 3495 1967 3533; x_wconf 89' lang='lat' dir='ltr'><strong><em>non-</em></strong></span> 
     </span>
    </p>
   </div>
   <div class='ocr_carea' id='block_1_68' title="bbox 379 3565 1969 3639">
    <p class='ocr_par' dir='ltr' id='par_1_68' title="bbox 379 3565 1969 3639">
     <span class='ocr_line' id='line_1_68' title="bbox 379 3565 1969 3639; baseline 0.004 -19"><span class='ocrx_word' id='word_1_480' title='bbox 379 3567 550 3621; x_wconf 88' lang='lat' dir='ltr'><strong><em>nullis</em></strong></span> <span class='ocrx_word' id='word_1_481' title='bbox 579 3569 905 3636; x_wconf 82' lang='lat' dir='ltr'><strong><em>gravissinta</em></strong></span> <span class='ocrx_word' id='word_1_482' title='bbox 936 3566 1027 3630; x_wconf 88' lang='lat' dir='ltr'><strong><em>sit,</em></strong></span> <span class='ocrx_word' id='word_1_483' title='bbox 1060 3565 1347 3620; x_wconf 88' lang='lat' dir='ltr'><strong><em>sciendum</em></strong></span> <span class='ocrx_word' id='word_1_484' title='bbox 1379 3578 1558 3621; x_wconf 91' lang='lat' dir='ltr'><strong><em>tamen</em></strong></span> <span class='ocrx_word' id='word_1_485' title='bbox 1588 3583 1684 3623; x_wconf 88' lang='lat' dir='ltr'>vos</span> <span class='ocrx_word' id='word_1_486' title='bbox 1715 3571 1969 3639; x_wconf 88' lang='lat' dir='ltr'><strong><em>graviora</em></strong></span> 
     </span>
    </p>
   </div>
   <div class='ocr_carea' id='block_1_69' title="bbox 379 3655 1967 3730">
    <p class='ocr_par' dir='ltr' id='par_1_69' title="bbox 379 3655 1967 3730">
     <span class='ocr_line' id='line_1_69' title="bbox 379 3655 1967 3730; baseline 0.003 -18"><span class='ocrx_word' id='word_1_487' title='bbox 379 3673 622 3713; x_wconf 86' lang='lat' dir='ltr'><strong><em>manere.</em></strong></span> <span class='ocrx_word' id='word_1_488' title='bbox 649 3655 728 3713; x_wconf 87' lang='lat' dir='ltr'><strong><em>Ne</em></strong></span> <span class='ocrx_word' id='word_1_489' title='bbox 757 3657 929 3720; x_wconf 88' lang='lat' dir='ltr'><strong><em>enim,</em></strong></span> <span class='ocrx_word' id='word_1_490' title='bbox 973 3659 1173 3727; x_wconf 90' lang='lat' dir='ltr'><strong><em>inquit,</em></strong></span> <span class='ocrx_word' id='word_1_491' title='bbox 1204 3659 1458 3727; x_wconf 85' lang='lat' dir='ltr'><strong><em>quamvis</em></strong></span> <span class='ocrx_word' id='word_1_492' title='bbox 1494 3658 1640 3714; x_wconf 89' lang='lat' dir='ltr'><strong><em>istud</em></strong></span> <span class='ocrx_word' id='word_1_493' title='bbox 1683 3661 1794 3730; x_wconf 89' lang='lat' dir='ltr'><strong><em>pati</em></strong></span> <span class='ocrx_word' id='word_1_494' title='bbox 1830 3677 1967 3716; x_wconf 85' lang='lat' dir='ltr'><strong><em>con—</em></strong></span> 
     </span>
    </p>
   </div>
   <div class='ocr_carea' id='block_1_70' title="bbox 379 3748 1969 3824">
    <p class='ocr_par' dir='ltr' id='par_1_70' title="bbox 379 3748 1969 3824">
     <span class='ocr_line' id='line_1_70' title="bbox 379 3748 1969 3824; baseline 0.003 -19"><span class='ocrx_word' id='word_1_495' title='bbox 379 3751 587 3822; x_wconf 88' lang='lat' dir='ltr'><strong><em>tigerit,</em></strong></span> <span class='ocrx_word' id='word_1_496' title='bbox 630 3750 918 3820; x_wconf 83' lang='lat' dir='ltr'><strong><em>angimini.</em></strong></span> <span class='ocrx_word' id='word_1_497' title='bbox 959 3748 1039 3803; x_wconf 86' lang='lat' dir='ltr'><strong><em>Eo</em></strong></span> <span class='ocrx_word' id='word_1_498' title='bbox 1068 3751 1268 3820; x_wconf 86' lang='lat' dir='ltr'><strong><em>quippe</em></strong></span> <span class='ocrx_word' id='word_1_499' title='bbox 1307 3750 1674 3820; x_wconf 86' lang='lat' dir='ltr'><strong><em>improbitatis</em></strong></span> <span class='ocrx_word' id='word_1_500' title='bbox 1715 3762 1969 3824; x_wconf 86' lang='lat' dir='ltr'><strong><em>erumpet</em></strong></span> 
     </span>
    </p>
   </div>
   <div class='ocr_carea' id='block_1_71' title="bbox 380 3842 1967 3906">
    <p class='ocr_par' dir='ltr' id='par_1_71' title="bbox 380 3842 1967 3906">
     <span class='ocr_line' id='line_1_71' title="bbox 380 3842 1967 3906; baseline 0.004 -10"><span class='ocrx_word' id='word_1_501' title='bbox 380 3842 599 3896; x_wconf 85' lang='lat' dir='ltr'><strong><em>illorum</em></strong></span> <span class='ocrx_word' id='word_1_502' title='bbox 629 3842 882 3906; x_wconf 88' lang='lat' dir='ltr'><strong><em>audacia,</em></strong></span> <span class='ocrx_word' id='word_1_503' title='bbox 912 3848 973 3894; x_wconf 92' lang='lat' dir='ltr'>ut</span> <span class='ocrx_word' id='word_1_504' title='bbox 1007 3850 1240 3896; x_wconf 87' lang='lat' dir='ltr'><strong><em>mortem</em></strong></span> <span class='ocrx_word' id='word_1_505' title='bbox 1276 3842 1432 3896; x_wconf 89' lang='lat' dir='ltr'><strong><em>vobis</em></strong></span> <span class='ocrx_word' id='word_1_506' title='bbox 1480 3843 1754 3900; x_wconf 82' lang='lat' dir='ltr'><strong><em>intentare</em></strong></span> <span class='ocrx_word' id='word_1_507' title='bbox 1782 3847 1967 3903; x_wconf 89' lang='lat' dir='ltr'><strong><em>cultus</em></strong></span> 
     </span>
    </p>
   </div>
   <div class='ocr_carea' id='block_1_72' title="bbox 379 3932 1967 4006">
    <p class='ocr_par' dir='ltr' id='par_1_72' title="bbox 379 3932 1967 4006">
     <span class='ocr_line' id='line_1_72' title="bbox 379 3932 1967 4006; baseline 0.005 -20"><span class='ocrx_word' id='word_1_508' title='bbox 379 3932 550 3986; x_wconf 86' lang='lat' dir='ltr'><strong><em>divini</em></strong></span> <span class='ocrx_word' id='word_1_509' title='bbox 582 3933 703 3986; x_wconf 91' lang='lat' dir='ltr'><strong><em>loco</em></strong></span> <span class='ocrx_word' id='word_1_510' title='bbox 732 3933 990 3987; x_wconf 87' lang='lat' dir='ltr'><strong><em>habeant.</em></strong></span> <span class='ocrx_word' id='word_1_511' title='bbox 1017 3932 1172 3998; x_wconf 86' lang='lat' dir='ltr'><strong><em>Quod</em></strong></span> <span class='ocrx_word' id='word_1_512' title='bbox 1201 3941 1351 3988; x_wconf 79' lang='lat' dir='ltr'><strong><em>certe</em></strong></span> <span class='ocrx_word' id='word_1_513' title='bbox 1382 3935 1587 3988; x_wconf 81' lang='lat' dir='ltr'><strong><em>factum</em></strong></span> <span class='ocrx_word' id='word_1_514' title='bbox 1627 3937 1967 4006; x_wconf 85' lang='lat' dir='ltr'><strong><em>reperiemus</em></strong></span> 
     </span>
    </p>
   </div>
   <div class='ocr_carea' id='block_1_73' title="bbox 379 4023 1967 4102">
    <p class='ocr_par' dir='ltr' id='par_1_73' title="bbox 379 4023 1967 4102">
     <span class='ocr_line' id='line_1_73' title="bbox 379 4023 1967 4102; baseline 0.006 -23"><span class='ocrx_word' id='word_1_515' title='bbox 379 4025 438 4080; x_wconf 81' lang='lat' dir='ltr'><strong><em>in</em></strong></span> <span class='ocrx_word' id='word_1_516' title='bbox 489 4031 685 4080; x_wconf 88' lang='lat' dir='ltr'><strong><em>sancto</em></strong></span> <span class='ocrx_word' id='word_1_517' title='bbox 747 4023 1030 4097; x_wconf 87' lang='lat' dir='ltr'><strong><em>Stephano</em></strong></span> <span class='ocrx_word' id='word_1_518' title='bbox 1090 4027 1184 4080; x_wconf 92' lang='lat' dir='ltr'><strong><em>illo</em></strong></span> <span class='ocrx_word' id='word_1_519' title='bbox 1241 4036 1543 4099; x_wconf 82' lang='lat' dir='ltr'><strong><em>martyrum</em></strong></span> <span class='ocrx_word' id='word_1_520' title='bbox 1611 4031 1881 4102; x_wconf 87' lang='lat' dir='ltr'><strong><em>principe,</em></strong></span> <span class='ocrx_word' id='word_1_521' title='bbox 1913 4040 1967 4088; x_wconf 90' lang='lat' dir='ltr'>et</span> 
     </span>
    </p>
   </div>
   <div class='ocr_carea' id='block_1_74' title="bbox 377 4115 1964 4194">
    <p class='ocr_par' dir='ltr' id='par_1_74' title="bbox 377 4115 1964 4194">
     <span class='ocr_line' id='line_1_74' title="bbox 377 4115 1964 4194; baseline 0.003 -21"><span class='ocrx_word' id='word_1_522' title='bbox 377 4116 551 4173; x_wconf 84' lang='lat' dir='ltr'><strong><em>Paulo</em></strong></span> <span class='ocrx_word' id='word_1_523' title='bbox 577 4117 783 4172; x_wconf 87' lang='lat' dir='ltr'><strong><em>divino.</em></strong></span> <span class='ocrx_word' id='word_1_524' title='bbox 815 4115 1097 4188; x_wconf 89' lang='lat' dir='ltr'><strong><em>Stephano</em></strong></span> <span class='ocrx_word' id='word_1_525' title='bbox 1129 4117 1335 4189; x_wconf 87' lang='lat' dir='ltr'><strong><em>quippe</em></strong></span> <span class='ocrx_word' id='word_1_526' title='bbox 1367 4118 1725 4190; x_wconf 73' lang='lat' dir='ltr'><strong><em>blasphemiae</em></strong></span> <span class='ocrx_word' id='word_1_527' title='bbox 1747 4123 1964 4194; x_wconf 83' lang='lat' dir='ltr'><strong><em>culpam</em></strong></span> 
     </span>
    </p>
   </div>
   <div class='ocr_carea' id='block_1_75' title="bbox 379 4201 1963 4283">
    <p class='ocr_par' dir='ltr' id='par_1_75' title="bbox 379 4201 1963 4283">
     <span class='ocr_line' id='line_1_75' title="bbox 379 4201 1963 4283; baseline 0.003 -17"><span class='ocrx_word' id='word_1_528' title='bbox 379 4209 746 4281; x_wconf 86' lang='lat' dir='ltr'><strong><em>imponentes,</em></strong></span> <span class='ocrx_word' id='word_1_529' title='bbox 769 4217 825 4265; x_wconf 88' lang='lat' dir='ltr'>et</span> <span class='ocrx_word' id='word_1_530' title='bbox 857 4209 989 4264; x_wconf 90' lang='lat' dir='ltr'><strong><em>hinc</em></strong></span> <span class='ocrx_word' id='word_1_531' title='bbox 1019 4201 1198 4265; x_wconf 84' lang='lat' dir='ltr'><strong><em>zelum</em></strong></span> <span class='ocrx_word' id='word_1_532' title='bbox 1230 4224 1358 4280; x_wconf 86' lang='lat' dir='ltr'><strong><em>erga</em></strong></span> <span class='ocrx_word' id='word_1_533' title='bbox 1381 4208 1550 4266; x_wconf 89' lang='lat' dir='ltr'><strong><em>Deum</em></strong></span> <span class='ocrx_word' id='word_1_534' title='bbox 1577 4222 1963 4283; x_wconf 57' lang='lat' dir='ltr'><strong><em>prietexentes,</em></strong></span> 
     </span>
    </p>
   </div>
   <div class='ocr_carea' id='block_1_76' title="bbox 378 4301 1964 4362">
    <p class='ocr_par' dir='ltr' id='par_1_76' title="bbox 378 4301 1964 4362">
     <span class='ocr_line' id='line_1_76' title="bbox 378 4301 1964 4362; baseline 0.001 -4"><span class='ocrx_word' id='word_1_535' title='bbox 378 4314 609 4359; x_wconf 87' lang='lat' dir='ltr'><strong><em>mortem</em></strong></span> <span class='ocrx_word' id='word_1_536' title='bbox 641 4303 721 4358; x_wconf 89' lang='lat' dir='ltr'><strong><em>illi</em></strong></span> <span class='ocrx_word' id='word_1_537' title='bbox 775 4303 930 4358; x_wconf 78' lang='lat' dir='ltr'><strong><em>saxis</em></strong></span> <span class='ocrx_word' id='word_1_538' title='bbox 965 4302 1275 4358; x_wconf 88' lang='lat' dir='ltr'><strong><em>intulerunt</em></strong></span> <span class='ocrx_word' id='word_1_539' title='bbox 1307 4303 1353 4334; x_wconf 80' lang='grc'>³⁸</span> <span class='ocrx_word' id='word_1_540' title='bbox 1383 4321 1395 4355; x_wconf 91' lang='lat'><strong>:</strong></span> <span class='ocrx_word' id='word_1_541' title='bbox 1427 4301 1658 4359; x_wconf 89' lang='lat' dir='ltr'><strong><em>Paulum</em></strong></span> <span class='ocrx_word' id='word_1_542' title='bbox 1692 4322 1824 4361; x_wconf 86' lang='lat' dir='ltr'><strong><em>vero</em></strong></span> <span class='ocrx_word' id='word_1_543' title='bbox 1869 4323 1964 4362; x_wconf 86' lang='lat' dir='ltr'><strong><em>sa-</em></strong></span> 
     </span>
    </p>
   </div>
   <div class='ocr_carea' id='block_1_77' title="bbox 379 4393 1964 4468">
    <p class='ocr_par' dir='ltr' id='par_1_77' title="bbox 379 4393 1964 4468">
     <span class='ocr_line' id='line_1_77' title="bbox 379 4393 1964 4468; baseline 0.003 -17"><span class='ocrx_word' id='word_1_544' title='bbox 379 4397 788 4468; x_wconf 87' lang='lat' dir='ltr'><strong><em>pientissimum</em></strong></span> <span class='ocrx_word' id='word_1_545' title='bbox 831 4405 886 4451; x_wconf 92' lang='lat' dir='ltr'>et</span> <span class='ocrx_word' id='word_1_546' title='bbox 936 4395 1352 4452; x_wconf 89' lang='lat' dir='ltr'><strong><em>sanctissimum</em></strong></span> <span class='ocrx_word' id='word_1_547' title='bbox 1387 4393 1560 4452; x_wconf 57' lang='lat' dir='ltr'><strong><em>Judaei</em></strong></span> <span class='ocrx_word' id='word_1_548' title='bbox 1591 4398 1812 4468; x_wconf 87' lang='lat' dir='ltr'><strong><em>quidem</em></strong></span> <span class='ocrx_word' id='word_1_549' title='bbox 1849 4403 1964 4455; x_wconf 89' lang='lat' dir='ltr'><strong><em>rin-</em></strong></span> 
     </span>
    </p>
   </div>
   <div class='ocr_carea' id='block_1_78' title="bbox 381 4489 1966 4560">
    <p class='ocr_par' dir='ltr' id='par_1_78' title="bbox 381 4489 1966 4560">
     <span class='ocr_line' id='line_1_78' title="bbox 381 4489 1966 4560; baseline 0.001 -16"><span class='ocrx_word' id='word_1_550' title='bbox 381 4499 574 4560; x_wconf 86' lang='lat' dir='ltr'><strong><em>gentes</em></strong></span> <span class='ocrx_word' id='word_1_551' title='bbox 601 4489 740 4546; x_wconf 91' lang='lat' dir='ltr'><strong><em>adeo</em></strong></span> <span class='ocrx_word' id='word_1_552' title='bbox 773 4489 1048 4560; x_wconf 90' lang='lat' dir='ltr'><strong><em>persecuti</em></strong></span> <span class='ocrx_word' id='word_1_553' title='bbox 1085 4497 1234 4554; x_wconf 87' lang='lat' dir='ltr'><strong><em>sunt,</em></strong></span> <span class='ocrx_word' id='word_1_554' title='bbox 1271 4496 1332 4542; x_wconf 87' lang='lat' dir='ltr'>ut</span> <span class='ocrx_word' id='word_1_555' title='bbox 1362 4489 1574 4560; x_wconf 86' lang='lat' dir='ltr'><strong><em>seipsos</em></strong></span> <span class='ocrx_word' id='word_1_556' title='bbox 1603 4491 1966 4560; x_wconf 83' lang='lat' dir='ltr'><strong><em>jurejurando</em></strong></span> 
     </span>
    </p>
   </div>
   <div class='ocr_carea' id='block_1_79' title="bbox 377 4581 1960 4655">
    <p class='ocr_par' dir='ltr' id='par_1_79' title="bbox 377 4581 1960 4655">
     <span class='ocr_line' id='line_1_79' title="bbox 377 4581 1960 4655; baseline 0.002 -19"><span class='ocrx_word' id='word_1_557' title='bbox 377 4581 544 4655; x_wconf 65' lang='grc'>914</span> <span class='ocrx_word' id='word_1_558' title='bbox 582 4583 984 4638; x_wconf 80' lang='lat' dir='ltr'><strong><em>obstrinxerim</em></strong></span> <span class='ocrx_word' id='word_1_559' title='bbox 1027 4598 1139 4637; x_wconf 89' lang='lat' dir='ltr'>non</span> <span class='ocrx_word' id='word_1_560' title='bbox 1189 4581 1344 4653; x_wconf 89' lang='lat' dir='ltr'><strong><em>prius</em></strong></span> <span class='ocrx_word' id='word_1_561' title='bbox 1398 4596 1458 4636; x_wconf 90' lang='lat' dir='ltr'>se</span> <span class='ocrx_word' id='word_1_562' title='bbox 1512 4582 1960 4649; x_wconf 83' lang='lat' dir='ltr'><strong><em>manducatnros,</em></strong></span> 
     </span>
    </p>
   </div>
   <div class='ocr_carea' id='block_1_80' title="bbox 2070 3381 3670 3455">
    <p class='ocr_par' dir='ltr' id='par_1_80' title="bbox 2070 3381 3670 3455">
     <span class='ocr_line' id='line_1_80' title="bbox 2070 3381 3670 3455; baseline 0.003 -22"><span class='ocrx_word' id='word_1_563' title='bbox 2070 3383 2152 3445; x_wconf 82' lang='grc' dir='ltr'>εἰς</span> <span class='ocrx_word' id='word_1_564' title='bbox 2196 3382 2430 3451; x_wconf 84' lang='grc' dir='ltr'>Χριστὸν</span> <span class='ocrx_word' id='word_1_565' title='bbox 2474 3381 2793 3452; x_wconf 80' lang='grc' dir='ltr'>ὲξημμένοι,</span> <span class='ocrx_word' id='word_1_566' title='bbox 2843 3383 3014 3447; x_wconf 81' lang='grc' dir='ltr'>σαφὲς</span> <span class='ocrx_word' id='word_1_567' title='bbox 3046 3383 3112 3436; x_wconf 83' lang='grc' dir='ltr'>ἂν</span> <span class='ocrx_word' id='word_1_568' title='bbox 3142 3384 3374 3452; x_wconf 87' lang='grc' dir='ltr'>γένοιτο,</span> <span class='ocrx_word' id='word_1_569' title='bbox 3411 3385 3670 3455; x_wconf 78' lang='grc' dir='ltr'>λέγοντος</span> 
     </span>
    </p>
   </div>
   <div class='ocr_carea' id='block_1_81' title="bbox 2069 3473 3665 3546">
    <p class='ocr_par' dir='ltr' id='par_1_81' title="bbox 2069 3473 3665 3546">
     <span class='ocr_line' id='line_1_81' title="bbox 2069 3473 3665 3546; baseline 0.003 -20"><span class='ocrx_word' id='word_1_570' title='bbox 2069 3475 2166 3526; x_wconf 88' lang='grc' dir='ltr'>τοῦ</span> <span class='ocrx_word' id='word_1_571' title='bbox 2222 3473 2638 3541; x_wconf 75' lang='grc' dir='ltr'>εὐαγγελιστοῦ,</span> <span class='ocrx_word' id='word_1_572' title='bbox 2680 3475 2762 3526; x_wconf 81' lang='grc' dir='ltr'>ὅτι</span> <span class='ocrx_word' id='word_1_573' title='bbox 2802 3494 2819 3525; x_wconf 79' lang='grc' dir='ltr'>ι</span> <span class='ocrx_word' id='word_1_574' title='bbox 2858 3474 3052 3528; x_wconf 79' lang='grc' dir='ltr'>Πολλοὶ</span> <span class='ocrx_word' id='word_1_575' title='bbox 3085 3475 3268 3546; x_wconf 83' lang='grc' dir='ltr'>μέντοι</span> <span class='ocrx_word' id='word_1_576' title='bbox 3312 3478 3407 3530; x_wconf 81' lang='grc' dir='ltr'>καὶ</span> <span class='ocrx_word' id='word_1_577' title='bbox 3445 3479 3513 3530; x_wconf 61' lang='grc' dir='ltr'>ἐκ</span> <span class='ocrx_word' id='word_1_578' title='bbox 3554 3477 3665 3530; x_wconf 84' lang='grc' dir='ltr'>τῶν</span> 
     </span>
    </p>
   </div>
   <div class='ocr_carea' id='block_1_82' title="bbox 2070 3565 3669 3637">
    <p class='ocr_par' dir='ltr' id='par_1_82' title="bbox 2070 3565 3669 3637">
     <span class='ocr_line' id='line_1_82' title="bbox 2070 3565 3669 3637; baseline -0.003 -18"><span class='ocrx_word' id='word_1_579' title='bbox 2070 3565 2350 3637; x_wconf 78' lang='grc' dir='ltr'>ἀρχόντων</span> <span class='ocrx_word' id='word_1_580' title='bbox 2381 3565 2710 3618; x_wconf 85' lang='grc' dir='ltr'>ἐπίστευσαν</span> <span class='ocrx_word' id='word_1_581' title='bbox 2757 3565 2838 3627; x_wconf 87' lang='grc' dir='ltr'>είς</span> <span class='ocrx_word' id='word_1_582' title='bbox 2864 3565 3052 3630; x_wconf 82' lang='grc' dir='ltr'>αὐτὸν,</span> <span class='ocrx_word' id='word_1_583' title='bbox 3084 3565 3220 3619; x_wconf 77' lang='grc' dir='ltr'>ἀλλὰ</span> <span class='ocrx_word' id='word_1_584' title='bbox 3261 3565 3350 3620; x_wconf 78' lang='grc' dir='ltr'>διὰ</span> <span class='ocrx_word' id='word_1_585' title='bbox 3397 3568 3528 3632; x_wconf 74' lang='grc' dir='ltr'>τοὺς</span> <span class='ocrx_word' id='word_1_586' title='bbox 3557 3569 3669 3621; x_wconf 79' lang='grc' dir='ltr'>Φα-</span> 
     </span>
    </p>
   </div>
   <div class='ocr_carea' id='block_1_83' title="bbox 2073 3656 3668 3730">
    <p class='ocr_par' dir='ltr' id='par_1_83' title="bbox 2073 3656 3668 3730">
     <span class='ocr_line' id='line_1_83' title="bbox 2073 3656 3668 3730; baseline 0.003 -20"><span class='ocrx_word' id='word_1_587' title='bbox 2073 3658 2316 3728; x_wconf 87' lang='grc' dir='ltr'>ρισαίους</span> <span class='ocrx_word' id='word_1_588' title='bbox 2345 3657 2443 3728; x_wconf 77' lang='grc' dir='ltr'>οὐχ</span> <span class='ocrx_word' id='word_1_589' title='bbox 2467 3656 2802 3728; x_wconf 83' lang='grc' dir='ltr'>ὡμολόγουν,</span> <span class='ocrx_word' id='word_1_590' title='bbox 2841 3657 2928 3710; x_wconf 80' lang='grc' dir='ltr'>ἵνα</span> <span class='ocrx_word' id='word_1_591' title='bbox 2961 3659 3035 3728; x_wconf 81' lang='grc' dir='ltr'>μὴ</span> <span class='ocrx_word' id='word_1_592' title='bbox 3090 3660 3516 3729; x_wconf 83' lang='grc' dir='ltr'>ἀποσυνάγωγοι</span> <span class='ocrx_word' id='word_1_593' title='bbox 3568 3661 3668 3730; x_wconf 61' lang='grc' dir='ltr'>γέη</span> 
     </span>
    </p>
   </div>
   <div class='ocr_carea' id='block_1_84' title="bbox 2070 3743 3668 3821">
    <p class='ocr_par' dir='ltr' id='par_1_84' title="bbox 2070 3743 3668 3821">
     <span class='ocr_line' id='line_1_84' title="bbox 2070 3743 3668 3821; baseline 0.004 -20"><span class='ocrx_word' id='word_1_594' title='bbox 2070 3767 2290 3802; x_wconf 89' lang='grc' dir='ltr'>νωνται.</span> <span class='ocrx_word' id='word_1_595' title='bbox 2326 3768 2344 3800; x_wconf 73' lang='grc' dir='ltr'>ι</span> <span class='ocrx_word' id='word_1_596' title='bbox 2377 3749 2489 3802; x_wconf 77' lang='grc' dir='ltr'>Καὶ</span> <span class='ocrx_word' id='word_1_597' title='bbox 2525 3749 2688 3803; x_wconf 84' lang='grc' dir='ltr'>πάλιν</span> <span class='ocrx_word' id='word_1_598' title='bbox 2721 3767 2734 3780; x_wconf 90' lang='grc'><strong>·</strong></span> <span class='ocrx_word' id='word_1_599' title='bbox 2781 3767 2799 3800; x_wconf 85' lang='grc' dir='ltr'>ι</span> <span class='ocrx_word' id='word_1_600' title='bbox 2839 3749 2980 3821; x_wconf 83' lang='grc' dir='ltr'>Ἤδη</span> <span class='ocrx_word' id='word_1_601' title='bbox 3025 3750 3132 3820; x_wconf 83' lang='grc' dir='ltr'>γὰρ</span> <span class='ocrx_word' id='word_1_602' title='bbox 3184 3743 3558 3808; x_wconf 75' lang='grc' dir='ltr'>συνετέθειντο</span> <span class='ocrx_word' id='word_1_603' title='bbox 3610 3757 3668 3807; x_wconf 81' lang='grc' dir='ltr'>οἱ</span> 
     </span>
    </p>
   </div>
   <div class='ocr_carea' id='block_1_85' title="bbox 2069 3829 3668 3915">
    <p class='ocr_par' dir='ltr' id='par_1_85' title="bbox 2069 3829 3668 3915">
     <span class='ocr_line' id='line_1_85' title="bbox 2069 3829 3668 3915; baseline 0.003 -23"><span class='ocrx_word' id='word_1_604' title='bbox 2069 3839 2424 3912; x_wconf 85' lang='grc' dir='ltr'>Γραμματείς</span> <span class='ocrx_word' id='word_1_605' title='bbox 2450 3840 2543 3892; x_wconf 75' lang='grc' dir='ltr'>καὶ</span> <span class='ocrx_word' id='word_1_606' title='bbox 2580 3841 2629 3893; x_wconf 82' lang='lat' dir='ltr'>oi</span> <span class='ocrx_word' id='word_1_607' title='bbox 2651 3841 2956 3910; x_wconf 81' lang='grc' dir='ltr'>Φαρισαῖοι,</span> <span class='ocrx_word' id='word_1_608' title='bbox 2979 3841 3066 3894; x_wconf 79' lang='grc' dir='ltr'>ῖνα</span> <span class='ocrx_word' id='word_1_609' title='bbox 3093 3841 3186 3894; x_wconf 83' lang='grc' dir='ltr'>ἐάν</span> <span class='ocrx_word' id='word_1_610' title='bbox 3225 3859 3311 3906; x_wconf 88' lang='grc' dir='ltr'>τις</span> <span class='ocrx_word' id='word_1_611' title='bbox 3340 3842 3506 3897; x_wconf 82' lang='grc' dir='ltr'>αὐτὸν</span> <span class='ocrx_word' id='word_1_612' title='bbox 3542 3829 3668 3915; x_wconf 59' lang='grc' dir='ltr'>όμοέ</span> 
     </span>
    </p>
   </div>
   <div class='ocr_carea' id='block_1_86' title="bbox 2069 3927 3659 4005">
    <p class='ocr_par' dir='ltr' id='par_1_86' title="bbox 2069 3927 3659 4005">
     <span class='ocr_line' id='line_1_86' title="bbox 2069 3927 3659 4005; baseline 0.004 -22"><span class='ocrx_word' id='word_1_613' title='bbox 2069 3930 2276 4004; x_wconf 78' lang='grc' dir='ltr'>λογήσῃ</span> <span class='ocrx_word' id='word_1_614' title='bbox 2308 3931 2400 3984; x_wconf 85' lang='grc' dir='ltr'>τὸν</span> <span class='ocrx_word' id='word_1_615' title='bbox 2428 3931 2663 4002; x_wconf 79' lang='grc' dir='ltr'>Χριστὸν</span> <span class='ocrx_word' id='word_1_616' title='bbox 2693 3927 2854 3995; x_wconf 79' lang='grc' dir='ltr'>εἶναι,</span> <span class='ocrx_word' id='word_1_617' title='bbox 2882 3933 3313 4002; x_wconf 82' lang='grc' dir='ltr'>ἀποσυνάγωγος</span> <span class='ocrx_word' id='word_1_618' title='bbox 3346 3935 3597 4005; x_wconf 77' lang='grc' dir='ltr'>γένηταιο</span> <span class='ocrx_word' id='word_1_619' title='bbox 3638 3956 3659 3988; x_wconf 72' lang='grc' dir='ltr'>ι</span> 
     </span>
    </p>
   </div>
   <div class='ocr_carea' id='block_1_87' title="bbox 2070 4023 3666 4096">
    <p class='ocr_par' dir='ltr' id='par_1_87' title="bbox 2070 4023 3666 4096">
     <span class='ocr_line' id='line_1_87' title="bbox 2070 4023 3666 4096; baseline 0.001 -18"><span class='ocrx_word' id='word_1_620' title='bbox 2070 4023 2185 4078; x_wconf 84' lang='grc' dir='ltr'>ἀλλ’</span> <span class='ocrx_word' id='word_1_621' title='bbox 2218 4026 2267 4077; x_wconf 87' lang='grc' dir='ltr'>εί</span> <span class='ocrx_word' id='word_1_622' title='bbox 2293 4023 2386 4078; x_wconf 79' lang='grc' dir='ltr'>καὶ</span> <span class='ocrx_word' id='word_1_623' title='bbox 2431 4024 2570 4093; x_wconf 75' lang='grc' dir='ltr'>πρὸς</span> <span class='ocrx_word' id='word_1_624' title='bbox 2611 4023 2838 4094; x_wconf 85' lang='grc' dir='ltr'>ταύτην,</span> <span class='ocrx_word' id='word_1_625' title='bbox 2881 4024 3037 4096; x_wconf 67' lang='grc' dir='ltr'>φησι,</span> <span class='ocrx_word' id='word_1_626' title='bbox 3093 4025 3192 4096; x_wconf 81' lang='grc' dir='ltr'>τὴν</span> <span class='ocrx_word' id='word_1_627' title='bbox 3240 4025 3348 4079; x_wconf 86' lang='grc' dir='ltr'>τῶν</span> <span class='ocrx_word' id='word_1_628' title='bbox 3390 4027 3666 4081; x_wconf 75' lang='grc' dir='ltr'>Ἰουδαίων</span> 
     </span>
    </p>
   </div>
   <div class='ocr_carea' id='block_1_88' title="bbox 2071 4098 3661 4184">
    <p class='ocr_par' dir='ltr' id='par_1_88' title="bbox 2071 4098 3661 4184">
     <span class='ocr_line' id='line_1_88' title="bbox 2071 4098 3661 4184; baseline 0.004 -19"><span class='ocrx_word' id='word_1_629' title='bbox 2071 4111 2364 4184; x_wconf 82' lang='grc' dir='ltr'>ἐπιϐουλὴν</span> <span class='ocrx_word' id='word_1_630' title='bbox 2396 4111 2690 4184; x_wconf 78' lang='grc' dir='ltr'>ἀφορήτως</span> <span class='ocrx_word' id='word_1_631' title='bbox 2721 4098 2929 4183; x_wconf 56' lang='grc' dir='ltr'>’ἔχουσί</span> <span class='ocrx_word' id='word_1_632' title='bbox 2958 4131 3130 4178; x_wconf 83' lang='grc' dir='ltr'>τινες,</span> <span class='ocrx_word' id='word_1_633' title='bbox 3168 4116 3342 4169; x_wconf 85' lang='grc' dir='ltr'>ίστέον</span> <span class='ocrx_word' id='word_1_634' title='bbox 3384 4118 3661 4183; x_wconf 78' lang='grc' dir='ltr'>ἐντεῦθεν,</span> 
     </span>
    </p>
   </div>
   <div class='ocr_carea' id='block_1_89' title="bbox 2067 4203 3664 4282">
    <p class='ocr_par' dir='ltr' id='par_1_89' title="bbox 2067 4203 3664 4282">
     <span class='ocr_line' id='line_1_89' title="bbox 2067 4203 3664 4282; baseline 0.006 -27"><span class='ocrx_word' id='word_1_635' title='bbox 2067 4204 2144 4268; x_wconf 83' lang='grc' dir='ltr'>ὡς</span> <span class='ocrx_word' id='word_1_636' title='bbox 2171 4204 2231 4256; x_wconf 82' lang='grc' dir='ltr'>οῦ</span> <span class='ocrx_word' id='word_1_637' title='bbox 2256 4206 2418 4275; x_wconf 79' lang='grc' dir='ltr'>μέχρι</span> <span class='ocrx_word' id='word_1_638' title='bbox 2445 4203 2650 4257; x_wconf 88' lang='grc' dir='ltr'>τούτων</span> <span class='ocrx_word' id='word_1_639' title='bbox 2685 4205 2754 4258; x_wconf 81' lang='grc' dir='ltr'>τὰ</span> <span class='ocrx_word' id='word_1_640' title='bbox 2785 4203 2908 4258; x_wconf 85' lang='grc' dir='ltr'>καθ’</span> <span class='ocrx_word' id='word_1_641' title='bbox 2940 4205 3086 4277; x_wconf 75' lang='grc' dir='ltr'>ὑμᾶς</span> <span class='ocrx_word' id='word_1_642' title='bbox 3122 4210 3400 4279; x_wconf 85' lang='grc' dir='ltr'>στήσεται.</span> <span class='ocrx_word' id='word_1_643' title='bbox 3425 4209 3518 4281; x_wconf 76' lang='grc' dir='ltr'>Μὴ</span> <span class='ocrx_word' id='word_1_644' title='bbox 3552 4211 3664 4282; x_wconf 73' lang='grc' dir='ltr'>γὰρ</span> 
     </span>
    </p>
   </div>
   <div class='ocr_carea' id='block_1_90' title="bbox 2067 4300 3660 4379">
    <p class='ocr_par' dir='ltr' id='par_1_90' title="bbox 2067 4300 3660 4379">
     <span class='ocr_line' id='line_1_90' title="bbox 2067 4300 3660 4379; baseline 0.006 -26"><span class='ocrx_word' id='word_1_645' title='bbox 2067 4300 2225 4366; x_wconf 80' lang='grc' dir='ltr'>ὅλως,</span> <span class='ocrx_word' id='word_1_646' title='bbox 2257 4300 2442 4371; x_wconf 76' lang='grc' dir='ltr'>φησὶν,</span> <span class='ocrx_word' id='word_1_647' title='bbox 2475 4301 2524 4352; x_wconf 86' lang='grc' dir='ltr'>εἰ</span> <span class='ocrx_word' id='word_1_648' title='bbox 2549 4301 2644 4354; x_wconf 78' lang='grc' dir='ltr'>καὶ</span> <span class='ocrx_word' id='word_1_649' title='bbox 2667 4300 2907 4374; x_wconf 85' lang='grc' dir='ltr'>συμϐαίη</span> <span class='ocrx_word' id='word_1_650' title='bbox 2927 4301 3087 4356; x_wconf 90' lang='grc' dir='ltr'>τοῦτο</span> <span class='ocrx_word' id='word_1_651' title='bbox 3116 4303 3310 4360; x_wconf 87' lang='grc' dir='ltr'>παθεῖν</span> <span class='ocrx_word' id='word_1_652' title='bbox 3335 4307 3660 4379; x_wconf 80' lang='grc' dir='ltr'>ἀσχάλλετε.</span> 
     </span>
    </p>
   </div>
   <div class='ocr_carea' id='block_1_91' title="bbox 2068 4392 3665 4470">
    <p class='ocr_par' dir='ltr' id='par_1_91' title="bbox 2068 4392 3665 4470">
     <span class='ocr_line' id='line_1_91' title="bbox 2068 4392 3665 4470; baseline 0.007 -25"><span class='ocrx_word' id='word_1_653' title='bbox 2068 4393 2471 4464; x_wconf 81' lang='grc' dir='ltr'>Κατοιχήσεται</span> <span class='ocrx_word' id='word_1_654' title='bbox 2503 4392 2567 4465; x_wconf 81' lang='grc' dir='ltr'>δὴ</span> <span class='ocrx_word' id='word_1_655' title='bbox 2599 4393 2738 4463; x_wconf 82' lang='grc' dir='ltr'>πρὸς</span> <span class='ocrx_word' id='word_1_656' title='bbox 2773 4395 2934 4449; x_wconf 87' lang='grc' dir='ltr'>τοῦτο</span> <span class='ocrx_word' id='word_1_657' title='bbox 2964 4395 3302 4470; x_wconf 83' lang='grc' dir='ltr'>φαυλότητος</span> <span class='ocrx_word' id='word_1_658' title='bbox 3325 4399 3396 4454; x_wconf 81' lang='grc' dir='ltr'>τὰ</span> <span class='ocrx_word' id='word_1_659' title='bbox 3432 4402 3665 4456; x_wconf 75' lang='grc' dir='ltr'>ἐκείνων</span> 
     </span>
    </p>
   </div>
   <div class='ocr_carea' id='block_1_92' title="bbox 2037 4484 3664 4564">
    <p class='ocr_par' dir='ltr' id='par_1_92' title="bbox 2037 4484 3664 4564">
     <span class='ocr_line' id='line_1_92' title="bbox 2037 4484 3664 4564; baseline 0.007 -29"><span class='ocrx_word' id='word_1_660' title='bbox 2037 4484 2416 4556; x_wconf 81' lang='grc' dir='ltr'>τολμήματα,</span> <span class='ocrx_word' id='word_1_661' title='bbox 2457 4485 2534 4549; x_wconf 82' lang='grc' dir='ltr'>ὡς</span> <span class='ocrx_word' id='word_1_662' title='bbox 2555 4488 2634 4550; x_wconf 87' lang='grc' dir='ltr'>είς</span> <span class='ocrx_word' id='word_1_663' title='bbox 2668 4485 2926 4559; x_wconf 85' lang='grc' dir='ltr'>λατρείας</span> <span class='ocrx_word' id='word_1_664' title='bbox 2957 4488 3188 4561; x_wconf 90' lang='grc' dir='ltr'>δύναμιν</span> <span class='ocrx_word' id='word_1_665' title='bbox 3237 4491 3339 4562; x_wconf 84' lang='grc' dir='ltr'>τῆς</span> <span class='ocrx_word' id='word_1_666' title='bbox 3373 4491 3664 4564; x_wconf 80' lang='grc' dir='ltr'>θεοφιλοῦς</span> 
     </span>
    </p>
   </div>
   <div class='ocr_carea' id='block_1_93' title="bbox 2066 4576 3664 4655">
    <p class='ocr_par' dir='ltr' id='par_1_93' title="bbox 2066 4576 3664 4655">
     <span class='ocr_line' id='line_1_93' title="bbox 2066 4576 3664 4655; baseline 0.008 -26"><span class='ocrx_word' id='word_1_667' title='bbox 2066 4576 2158 4630; x_wconf 81' lang='grc' dir='ltr'>τὸν</span> <span class='ocrx_word' id='word_1_668' title='bbox 2196 4578 2318 4630; x_wconf 81' lang='grc' dir='ltr'>καθ’</span> <span class='ocrx_word' id='word_1_669' title='bbox 2355 4577 2513 4648; x_wconf 82' lang='grc' dir='ltr'>ὑμῶν</span> <span class='ocrx_word' id='word_1_670' title='bbox 2539 4578 2790 4649; x_wconf 78' lang='grc' dir='ltr'>οἰηθῆναι</span> <span class='ocrx_word' id='word_1_671' title='bbox 2821 4579 3053 4634; x_wconf 83' lang='grc' dir='ltr'>θάνατον</span> <span class='ocrx_word' id='word_1_672' title='bbox 3087 4597 3102 4612; x_wconf 89' lang='grc'><strong>·</strong></span> <span class='ocrx_word' id='word_1_673' title='bbox 3133 4581 3163 4635; x_wconf 85' lang='grc' dir='ltr'>δ</span> <span class='ocrx_word' id='word_1_674' title='bbox 3201 4582 3265 4655; x_wconf 88' lang='grc' dir='ltr'>δὴ</span> <span class='ocrx_word' id='word_1_675' title='bbox 3300 4585 3394 4638; x_wconf 78' lang='grc' dir='ltr'>καὶ</span> <span class='ocrx_word' id='word_1_676' title='bbox 3434 4588 3664 4655; x_wconf 78' lang='grc' dir='ltr'>γεγονὸς</span> 
     </span>
    </p>
   </div>
   <div class='ocr_carea' id='block_1_94' title="bbox 383 4653 1973 4746">
    <p class='ocr_par' dir='ltr' id='par_1_94' title="bbox 383 4653 1963 4746">
     <span class='ocr_line' id='line_1_94' title="bbox 383 4653 1963 4746; baseline 0.001 -18"><span class='ocrx_word' id='word_1_677' title='bbox 383 4653 560 4744; x_wconf 73' lang='lat' dir='ltr'><strong><em>neque</em></strong></span> <span class='ocrx_word' id='word_1_678' title='bbox 593 4675 889 4741; x_wconf 89' lang='lat' dir='ltr'><strong><em>bibituros,</em></strong></span> <span class='ocrx_word' id='word_1_679' title='bbox 931 4689 1100 4746; x_wconf 89' lang='lat' dir='ltr'><strong><em>quam</em></strong></span> <span class='ocrx_word' id='word_1_680' title='bbox 1153 4689 1279 4729; x_wconf 90' lang='lat' dir='ltr'>eum</span> <span class='ocrx_word' id='word_1_681' title='bbox 1329 4673 1740 4729; x_wconf 82' lang='lat' dir='ltr'><strong><em>interfecissent</em></strong></span> <span class='ocrx_word' id='word_1_682' title='bbox 1766 4674 1831 4729; x_wconf 77' lang='lat'><strong><em>&quot;.</em></strong></span> <span class='ocrx_word' id='word_1_683' title='bbox 1871 4673 1963 4730; x_wconf 90' lang='lat' dir='ltr'>Sic</span> 
     </span>
    </p>
   </div>
   <div class='ocr_carea' id='block_1_95' title="bbox 2079 4653 3665 4746">
    <p class='ocr_par' dir='ltr' id='par_1_95' title="bbox 2079 4667 3665 4745">
     <span class='ocr_line' id='line_1_95' title="bbox 2079 4667 3665 4745; baseline 0.018 -25"><span class='ocrx_word' id='word_1_684' title='bbox 2079 4667 2400 4739; x_wconf 79' lang='grc' dir='ltr'>εὑρήσομεν,</span> <span class='ocrx_word' id='word_1_685' title='bbox 2424 4667 2515 4720; x_wconf 75' lang='grc' dir='ltr'>ἐπί</span> <span class='ocrx_word' id='word_1_686' title='bbox 2546 4684 2607 4719; x_wconf 88' lang='grc' dir='ltr'>τε</span> <span class='ocrx_word' id='word_1_687' title='bbox 2637 4667 2716 4737; x_wconf 78' lang='grc' dir='ltr'>τῷ</span> <span class='ocrx_word' id='word_1_688' title='bbox 2747 4669 2888 4739; x_wconf 79' lang='grc' dir='ltr'>ἁγίῳ</span> <span class='ocrx_word' id='word_1_689' title='bbox 2912 4670 3184 4740; x_wconf 68' lang='grc' dir='ltr'>στεφάνῳ.</span> <span class='ocrx_word' id='word_1_690' title='bbox 3206 4673 3273 4742; x_wconf 70' lang='grc' dir='ltr'>τῇ</span> <span class='ocrx_word' id='word_1_691' title='bbox 3318 4671 3422 4725; x_wconf 72' lang='grc' dir='ltr'>τῶν</span> <span class='ocrx_word' id='word_1_692' title='bbox 3458 4674 3665 4745; x_wconf 68' lang='grc' dir='ltr'>μαρτύ’</span> 
     </span>
    </p>
   </div>
   <div class='ocr_carea' id='block_1_96' title="bbox 379 4767 1962 4838">
    <p class='ocr_par' dir='ltr' id='par_1_96' title="bbox 379 4767 1962 4838">
     <span class='ocr_line' id='line_1_96' title="bbox 379 4767 1962 4838; baseline 0.001 -18"><span class='ocrx_word' id='word_1_693' title='bbox 379 4767 527 4821; x_wconf 89' lang='lat' dir='ltr'><strong><em>enim</em></strong></span> <span class='ocrx_word' id='word_1_694' title='bbox 553 4767 608 4820; x_wconf 91' lang='lat' dir='ltr'><strong><em>in</em></strong></span> <span class='ocrx_word' id='word_1_695' title='bbox 637 4767 870 4822; x_wconf 85' lang='lat' dir='ltr'><strong><em>Actibus</em></strong></span> <span class='ocrx_word' id='word_1_696' title='bbox 903 4775 1228 4822; x_wconf 86' lang='lat' dir='ltr'><strong><em>sanctorum</em></strong></span> <span class='ocrx_word' id='word_1_697' title='bbox 1264 4767 1643 4836; x_wconf 84' lang='lat' dir='ltr'><strong><em>apostolorum</em></strong></span> <span class='ocrx_word' id='word_1_698' title='bbox 1691 4767 1962 4838; x_wconf 88' lang='lat' dir='ltr'><strong><em>scriptum</em></strong></span> 
     </span>
    </p>
   </div>
   <div class='ocr_carea' id='block_1_97' title="bbox 382 4855 1964 4930">
    <p class='ocr_par' dir='ltr' id='par_1_97' title="bbox 382 4855 1964 4930">
     <span class='ocr_line' id='line_1_97' title="bbox 382 4855 1964 4930; baseline -0.001 -16"><span class='ocrx_word' id='word_1_699' title='bbox 382 4857 744 4928; x_wconf 87' lang='lat' dir='ltr'><strong><em>reperiemus.</em></strong></span> <span class='ocrx_word' id='word_1_700' title='bbox 774 4855 991 4928; x_wconf 84' lang='lat' dir='ltr'><strong><em>Optima</em></strong></span> <span class='ocrx_word' id='word_1_701' title='bbox 1025 4873 1156 4930; x_wconf 84' lang='lat' dir='ltr'><strong><em>ergo</em></strong></span> <span class='ocrx_word' id='word_1_702' title='bbox 1183 4867 1240 4913; x_wconf 90' lang='lat' dir='ltr'>et</span> <span class='ocrx_word' id='word_1_703' title='bbox 1268 4858 1567 4914; x_wconf 81' lang='lat' dir='ltr'><strong><em>utilissima</em></strong></span> <span class='ocrx_word' id='word_1_704' title='bbox 1595 4865 1680 4913; x_wconf 89' lang='lat' dir='ltr'>est</span> <span class='ocrx_word' id='word_1_705' title='bbox 1709 4859 1797 4912; x_wconf 90' lang='lat' dir='ltr'><strong><em>illa</em></strong></span> <span class='ocrx_word' id='word_1_706' title='bbox 1823 4874 1964 4929; x_wconf 65' lang='lat' dir='ltr'><strong><em>prte-</em></strong></span> 
     </span>
    </p>
   </div>
   <div class='ocr_carea' id='block_1_98' title="bbox 381 4945 1959 5019">
    <p class='ocr_par' dir='ltr' id='par_1_98' title="bbox 381 4945 1959 5019">
     <span class='ocr_line' id='line_1_98' title="bbox 381 4945 1959 5019; baseline -0.004 -15"><span class='ocrx_word' id='word_1_707' title='bbox 381 4947 554 5004; x_wconf 84' lang='lat' dir='ltr'><strong><em>dictio</em></strong></span> <span class='ocrx_word' id='word_1_708' title='bbox 595 4963 718 5019; x_wconf 76' lang='lat' dir='ltr'><strong><em>qua:</em></strong></span> <span class='ocrx_word' id='word_1_709' title='bbox 768 4948 1016 5018; x_wconf 80' lang='lat' dir='ltr'><strong><em>gravium</em></strong></span> <span class='ocrx_word' id='word_1_710' title='bbox 1075 4947 1346 5000; x_wconf 91' lang='lat' dir='ltr'><strong><em>malorum</em></strong></span> <span class='ocrx_word' id='word_1_711' title='bbox 1389 4953 1593 5000; x_wconf 83' lang='lat' dir='ltr'><strong><em>metum</em></strong></span> <span class='ocrx_word' id='word_1_712' title='bbox 1634 4945 1959 5013; x_wconf 76' lang='lat' dir='ltr'><strong><em>prteutollit,</em></strong></span> 
     </span>
    </p>
   </div>
   <div class='ocr_carea' id='block_1_99' title="bbox 379 5037 1963 5110">
    <p class='ocr_par' dir='ltr' id='par_1_99' title="bbox 379 5037 1963 5110">
     <span class='ocr_line' id='line_1_99' title="bbox 379 5037 1963 5110; baseline -0.003 -14"><span class='ocrx_word' id='word_1_713' title='bbox 379 5049 432 5096; x_wconf 87' lang='lat' dir='ltr'>et</span> <span class='ocrx_word' id='word_1_714' title='bbox 472 5041 629 5109; x_wconf 85' lang='lat' dir='ltr'><strong><em>quasi</em></strong></span> <span class='ocrx_word' id='word_1_715' title='bbox 683 5039 794 5110; x_wconf 86' lang='lat' dir='ltr'><strong><em>jam</em></strong></span> <span class='ocrx_word' id='word_1_716' title='bbox 843 5054 906 5095; x_wconf 87' lang='lat' dir='ltr'>ea</span> <span class='ocrx_word' id='word_1_717' title='bbox 958 5047 1219 5110; x_wconf 74' lang='lat' dir='ltr'><strong><em>expertos</em></strong></span> <span class='ocrx_word' id='word_1_718' title='bbox 1267 5037 1334 5091; x_wconf 87' lang='lat' dir='ltr'>ad</span> <span class='ocrx_word' id='word_1_719' title='bbox 1377 5037 1548 5090; x_wconf 83' lang='lat' dir='ltr'><strong><em>animi</em></strong></span> <span class='ocrx_word' id='word_1_720' title='bbox 1577 5037 1835 5092; x_wconf 90' lang='lat' dir='ltr'><strong><em>virtutem</em></strong></span> <span class='ocrx_word' id='word_1_721' title='bbox 1873 5052 1963 5091; x_wconf 88' lang='lat' dir='ltr'><strong><em>re-</em></strong></span> 
     </span>
    </p>
   </div>
   <div class='ocr_carea' id='block_1_100' title="bbox 378 5127 1960 5202">
    <p class='ocr_par' dir='ltr' id='par_1_100' title="bbox 378 5127 1960 5202">
     <span class='ocr_line' id='line_1_100' title="bbox 378 5127 1960 5202; baseline -0.004 -14"><span class='ocrx_word' id='word_1_722' title='bbox 378 5141 561 5188; x_wconf 86' lang='lat' dir='ltr'><strong><em>vocat.</em></strong></span> <span class='ocrx_word' id='word_1_723' title='bbox 633 5131 961 5202; x_wconf 58' lang='lat' dir='ltr'><strong><em>lieirigescit</em></strong></span> <span class='ocrx_word' id='word_1_724' title='bbox 1029 5131 1178 5186; x_wconf 88' lang='lat' dir='ltr'><strong><em>enitn</em></strong></span> <span class='ocrx_word' id='word_1_725' title='bbox 1251 5127 1660 5200; x_wconf 87' lang='lat' dir='ltr'><strong><em>quodammodo</em></strong></span> <span class='ocrx_word' id='word_1_726' title='bbox 1730 5129 1960 5200; x_wconf 86' lang='lat' dir='ltr'><strong><em>periculi</em></strong></span> 
     </span>
    </p>
   </div>
   <div class='ocr_carea' id='block_1_101' title="bbox 379 5218 1603 5294">
    <p class='ocr_par' dir='ltr' id='par_1_101' title="bbox 379 5218 1603 5294">
     <span class='ocr_line' id='line_1_101' title="bbox 379 5218 1603 5294; baseline -0.006 -16"><span class='ocrx_word' id='word_1_727' title='bbox 379 5233 547 5280; x_wconf 74' lang='lat' dir='ltr'><strong><em>aestus</em></strong></span> <span class='ocrx_word' id='word_1_728' title='bbox 576 5235 702 5279; x_wconf 88' lang='lat' dir='ltr'><strong><em>ante</em></strong></span> <span class='ocrx_word' id='word_1_729' title='bbox 740 5224 1018 5294; x_wconf 77' lang='lat' dir='ltr'><strong><em>provisus,</em></strong></span> <span class='ocrx_word' id='word_1_730' title='bbox 1052 5229 1107 5276; x_wconf 88' lang='lat' dir='ltr'>et</span> <span class='ocrx_word' id='word_1_731' title='bbox 1139 5220 1342 5276; x_wconf 90' lang='lat' dir='ltr'><strong><em>lentius</em></strong></span> <span class='ocrx_word' id='word_1_732' title='bbox 1373 5218 1603 5273; x_wconf 89' lang='lat' dir='ltr'><strong><em>invadit.</em></strong></span> 
     </span>
    </p>
   </div>
   <div class='ocr_carea' id='block_1_102' title="bbox 2073 4759 3664 4835">
    <p class='ocr_par' dir='ltr' id='par_1_102' title="bbox 2073 4759 3664 4835">
     <span class='ocr_line' id='line_1_102' title="bbox 2073 4759 3664 4835; baseline 0.006 -24"><span class='ocrx_word' id='word_1_733' title='bbox 2073 4774 2183 4829; x_wconf 82' lang='grc' dir='ltr'>ρων</span> <span class='ocrx_word' id='word_1_734' title='bbox 2215 4759 2463 4829; x_wconf 82' lang='grc' dir='ltr'>ἀπαρχῇ,</span> <span class='ocrx_word' id='word_1_735' title='bbox 2491 4759 2587 4812; x_wconf 76' lang='grc' dir='ltr'>καὶ</span> <span class='ocrx_word' id='word_1_736' title='bbox 2623 4759 2716 4812; x_wconf 73' lang='grc' dir='ltr'>ἐπὶ</span> <span class='ocrx_word' id='word_1_737' title='bbox 2743 4759 2822 4829; x_wconf 83' lang='grc' dir='ltr'>τῷ</span> <span class='ocrx_word' id='word_1_738' title='bbox 2851 4759 3126 4832; x_wconf 86' lang='grc' dir='ltr'>θεσπεσίῳ</span> <span class='ocrx_word' id='word_1_739' title='bbox 3157 4761 3378 4831; x_wconf 85' lang='grc' dir='ltr'>Παύλῳ.</span> <span class='ocrx_word' id='word_1_740' title='bbox 3400 4764 3664 4835; x_wconf 73' lang='grc' dir='ltr'>Στεφάνῳ</span> 
     </span>
    </p>
   </div>
   <div class='ocr_carea' id='block_1_103' title="bbox 2075 4849 3660 4926">
    <p class='ocr_par' dir='ltr' id='par_1_103' title="bbox 2075 4849 3660 4926">
     <span class='ocr_line' id='line_1_103' title="bbox 2075 4849 3660 4926; baseline 0.004 -24"><span class='ocrx_word' id='word_1_741' title='bbox 2075 4850 2173 4920; x_wconf 84' lang='grc' dir='ltr'>μὲν</span> <span class='ocrx_word' id='word_1_742' title='bbox 2205 4851 2314 4922; x_wconf 78' lang='grc' dir='ltr'>γὰρ</span> <span class='ocrx_word' id='word_1_743' title='bbox 2346 4849 2408 4902; x_wconf 83' lang='grc' dir='ltr'>τὸ</span> <span class='ocrx_word' id='word_1_744' title='bbox 2435 4850 2534 4920; x_wconf 84' lang='grc' dir='ltr'>τῆς</span> <span class='ocrx_word' id='word_1_745' title='bbox 2571 4850 2884 4922; x_wconf 79' lang='grc' dir='ltr'>δυσφημίας</span> <span class='ocrx_word' id='word_1_746' title='bbox 2911 4851 3166 4924; x_wconf 77' lang='grc' dir='ltr'>ἔγκλημα</span> <span class='ocrx_word' id='word_1_747' title='bbox 3204 4854 3660 4926; x_wconf 83' lang='grc' dir='ltr'>περιπλέκοντες,</span> 
     </span>
    </p>
   </div>
   <div class='ocr_carea' id='block_1_104' title="bbox 2071 4941 3664 5019">
    <p class='ocr_par' dir='ltr' id='par_1_104' title="bbox 2071 4941 3664 5019">
     <span class='ocr_line' id='line_1_104' title="bbox 2071 4941 3664 5019; baseline 0.004 -23"><span class='ocrx_word' id='word_1_748' title='bbox 2071 4944 2168 4997; x_wconf 77' lang='grc' dir='ltr'>καὶ</span> <span class='ocrx_word' id='word_1_749' title='bbox 2204 4943 2365 5012; x_wconf 78' lang='grc' dir='ltr'>ζῆλον</span> <span class='ocrx_word' id='word_1_750' title='bbox 2421 4941 2673 4996; x_wconf 68' lang='grc' dir='ltr'>ἐντεῦθεν</span> <span class='ocrx_word' id='word_1_751' title='bbox 2711 4945 2802 4996; x_wconf 89' lang='grc' dir='ltr'>τὸν</span> <span class='ocrx_word' id='word_1_752' title='bbox 2845 4944 3092 5013; x_wconf 81' lang='grc' dir='ltr'>φιλόθεον</span> <span class='ocrx_word' id='word_1_753' title='bbox 3140 4945 3527 5019; x_wconf 87' lang='grc' dir='ltr'>πλαττόμενοι,</span> <span class='ocrx_word' id='word_1_754' title='bbox 3569 4951 3664 5002; x_wconf 78' lang='grc' dir='ltr'>τὸν</span> 
     </span>
    </p>
   </div>
   <div class='ocr_carea' id='block_1_105' title="bbox 2070 5034 3664 5112">
    <p class='ocr_par' dir='ltr' id='par_1_105' title="bbox 2070 5034 3664 5112">
     <span class='ocr_line' id='line_1_105' title="bbox 2070 5034 3664 5112; baseline 0.003 -24"><span class='ocrx_word' id='word_1_755' title='bbox 2070 5034 2159 5088; x_wconf 82' lang='grc' dir='ltr'>διὰ</span> <span class='ocrx_word' id='word_1_756' title='bbox 2210 5034 2373 5088; x_wconf 85' lang='grc' dir='ltr'>λίθων</span> <span class='ocrx_word' id='word_1_757' title='bbox 2425 5035 2706 5105; x_wconf 77' lang='grc' dir='ltr'>ἐπήγαγον</span> <span class='ocrx_word' id='word_1_758' title='bbox 2745 5035 2978 5089; x_wconf 86' lang='grc' dir='ltr'>θάνατον</span> <span class='ocrx_word' id='word_1_759' title='bbox 3014 5053 3029 5068; x_wconf 87' lang='grc'><strong>·</strong></span> <span class='ocrx_word' id='word_1_760' title='bbox 3092 5037 3169 5108; x_wconf 85' lang='grc' dir='ltr'>τῷ</span> <span class='ocrx_word' id='word_1_761' title='bbox 3203 5055 3269 5106; x_wconf 87' lang='grc' dir='ltr'>γε</span> <span class='ocrx_word' id='word_1_762' title='bbox 3301 5040 3409 5112; x_wconf 75' lang='grc' dir='ltr'>μὴν</span> <span class='ocrx_word' id='word_1_763' title='bbox 3439 5039 3574 5110; x_wconf 87' lang='grc' dir='ltr'>ἱερῷ</span> <span class='ocrx_word' id='word_1_764' title='bbox 3604 5057 3664 5093; x_wconf 85' lang='grc' dir='ltr'>τε</span> 
     </span>
    </p>
   </div>
   <div class='ocr_carea' id='block_1_106' title="bbox 2070 5126 3666 5202">
    <p class='ocr_par' dir='ltr' id='par_1_106' title="bbox 2070 5126 3666 5202">
     <span class='ocr_line' id='line_1_106' title="bbox 2070 5126 3666 5202; baseline 0.004 -22"><span class='ocrx_word' id='word_1_765' title='bbox 2070 5126 2166 5180; x_wconf 77' lang='grc' dir='ltr'>καὶ</span> <span class='ocrx_word' id='word_1_766' title='bbox 2207 5126 2504 5196; x_wconf 82' lang='grc' dir='ltr'>σοφωτάτῳ</span> <span class='ocrx_word' id='word_1_767' title='bbox 2538 5127 2736 5200; x_wconf 83' lang='grc' dir='ltr'>Παύλῳ</span> <span class='ocrx_word' id='word_1_768' title='bbox 2760 5128 3014 5182; x_wconf 89' lang='grc' dir='ltr'>τοσοῦτον</span> <span class='ocrx_word' id='word_1_769' title='bbox 3049 5130 3331 5202; x_wconf 78' lang='grc' dir='ltr'>ὲπέτριζον</span> <span class='ocrx_word' id='word_1_770' title='bbox 3365 5132 3475 5185; x_wconf 87' lang='grc' dir='ltr'>τῶν</span> <span class='ocrx_word' id='word_1_771' title='bbox 3535 5133 3666 5186; x_wconf 78' lang='grc' dir='ltr'>’ῐουο</span> 
     </span>
    </p>
   </div>
   <div class='ocr_carea' id='block_1_107' title="bbox 2069 5219 3667 5296">
    <p class='ocr_par' dir='ltr' id='par_1_107' title="bbox 2069 5219 3667 5296">
     <span class='ocr_line' id='line_1_107' title="bbox 2069 5219 3667 5296; baseline 0.001 -23"><span class='ocrx_word' id='word_1_772' title='bbox 2069 5219 2233 5275; x_wconf 88' lang='grc' dir='ltr'>δαίων</span> <span class='ocrx_word' id='word_1_773' title='bbox 2255 5220 2418 5285; x_wconf 84' lang='grc' dir='ltr'>τινὲς,</span> <span class='ocrx_word' id='word_1_774' title='bbox 2463 5220 2540 5284; x_wconf 85' lang='grc' dir='ltr'>ὡς</span> <span class='ocrx_word' id='word_1_775' title='bbox 2567 5221 2963 5292; x_wconf 86' lang='grc' dir='ltr'>ἀναθεματίσαι</span> <span class='ocrx_word' id='word_1_776' title='bbox 2986 5224 3234 5289; x_wconf 76' lang='grc' dir='ltr'>ἑαυτοὺς,</span> <span class='ocrx_word' id='word_1_777' title='bbox 3263 5226 3404 5296; x_wconf 82' lang='grc' dir='ltr'>μήτε</span> <span class='ocrx_word' id='word_1_778' title='bbox 3443 5227 3667 5295; x_wconf 81' lang='grc' dir='ltr'>φαγεῖν,</span> 
     </span>
    </p>
   </div>
   <div class='ocr_carea' id='block_1_108' title="bbox 381 5305 3664 5389">
    <p class='ocr_par' dir='ltr' id='par_1_108' title="bbox 381 5305 3664 5389">
     <span class='ocr_line' id='line_1_108' title="bbox 381 5305 3664 5389; baseline -0.001 -21"><span class='ocrx_word' id='word_1_779' title='bbox 381 5316 520 5389; x_wconf 78' lang='grc' dir='ltr'>μήτε</span> <span class='ocrx_word' id='word_1_780' title='bbox 551 5317 715 5376; x_wconf 88' lang='grc' dir='ltr'>πιεῖν,</span> <span class='ocrx_word' id='word_1_781' title='bbox 770 5313 927 5384; x_wconf 79' lang='grc' dir='ltr'>ἄχρις</span> <span class='ocrx_word' id='word_1_782' title='bbox 951 5307 1012 5367; x_wconf 72' lang='grc' dir='ltr'>οὗ</span> <span class='ocrx_word' id='word_1_783' title='bbox 1049 5311 1311 5365; x_wconf 82' lang='grc' dir='ltr'>ἀνέλωσιν</span> <span class='ocrx_word' id='word_1_784' title='bbox 1340 5307 1523 5362; x_wconf 77' lang='grc' dir='ltr'>αὐτόν.</span> <span class='ocrx_word' id='word_1_785' title='bbox 1577 5305 1734 5360; x_wconf 81' lang='grc' dir='ltr'>Οῦτω</span> <span class='ocrx_word' id='word_1_786' title='bbox 1768 5305 1876 5378; x_wconf 82' lang='grc' dir='ltr'>γὰρ</span> <span class='ocrx_word' id='word_1_787' title='bbox 1907 5308 1962 5360; x_wconf 80' lang='grc' dir='ltr'>ὲν</span> <span class='ocrx_word' id='word_1_788' title='bbox 1998 5313 2119 5373; x_wconf 80' lang='grc' dir='ltr'>ταῖς</span> <span class='ocrx_word' id='word_1_789' title='bbox 2136 5309 2376 5382; x_wconf 79' lang='grc' dir='ltr'>Πράξεσι</span> <span class='ocrx_word' id='word_1_790' title='bbox 2409 5309 2516 5363; x_wconf 83' lang='grc' dir='ltr'>τῶν</span> <span class='ocrx_word' id='word_1_791' title='bbox 2545 5310 2716 5378; x_wconf 86' lang='grc' dir='ltr'>ἁγίων</span> <span class='ocrx_word' id='word_1_792' title='bbox 2780 5311 3094 5365; x_wconf 75' lang='grc' dir='ltr'>ἀποστόλων</span> <span class='ocrx_word' id='word_1_793' title='bbox 3147 5313 3540 5385; x_wconf 84' lang='grc' dir='ltr'>γεγραμμένον</span> <span class='ocrx_word' id='word_1_794' title='bbox 3580 5313 3664 5368; x_wconf 83' lang='grc' dir='ltr'>εὐ·</span> 
     </span>
    </p>
   </div>
   <div class='ocr_carea' id='block_1_109' title="bbox 381 5399 3665 5482">
    <p class='ocr_par' dir='ltr' id='par_1_109' title="bbox 381 5399 3665 5482">
     <span class='ocr_line' id='line_1_109' title="bbox 381 5399 3665 5482; baseline 0 -22"><span class='ocrx_word' id='word_1_795' title='bbox 381 5409 640 5482; x_wconf 81' lang='grc' dir='ltr'>ρήσομεν.</span> <span class='ocrx_word' id='word_1_796' title='bbox 671 5405 828 5476; x_wconf 82' lang='grc' dir='ltr'>Καλὴ</span> <span class='ocrx_word' id='word_1_797' title='bbox 850 5403 1140 5476; x_wconf 79' lang='grc' dir='ltr'>τοιγαροῦν</span> <span class='ocrx_word' id='word_1_798' title='bbox 1162 5403 1258 5454; x_wconf 74' lang='grc' dir='ltr'>καὶ</span> <span class='ocrx_word' id='word_1_799' title='bbox 1296 5400 1576 5470; x_wconf 82' lang='grc' dir='ltr'>λυσιτελὴς</span> <span class='ocrx_word' id='word_1_800' title='bbox 1611 5399 1732 5451; x_wconf 84' lang='grc' dir='ltr'>λίαν</span> <span class='ocrx_word' id='word_1_801' title='bbox 1793 5399 1827 5469; x_wconf 79' lang='grc' dir='ltr'>ἡ</span> <span class='ocrx_word' id='word_1_802' title='bbox 1895 5399 2221 5472; x_wconf 77' lang='grc' dir='ltr'>πρόρρησις,</span> <span class='ocrx_word' id='word_1_803' title='bbox 2286 5402 2829 5476; x_wconf 75' lang='grc' dir='ltr'>προεξευμαρὶζουσα</span> <span class='ocrx_word' id='word_1_804' title='bbox 2882 5403 2981 5474; x_wconf 87' lang='grc' dir='ltr'>μὲν</span> <span class='ocrx_word' id='word_1_805' title='bbox 3025 5404 3113 5458; x_wconf 83' lang='grc' dir='ltr'>τὸν</span> <span class='ocrx_word' id='word_1_806' title='bbox 3157 5405 3252 5459; x_wconf 76' lang='grc' dir='ltr'>ἐπὶ</span> <span class='ocrx_word' id='word_1_807' title='bbox 3293 5408 3406 5471; x_wconf 77' lang='grc' dir='ltr'>τοῖς</span> <span class='ocrx_word' id='word_1_808' title='bbox 3469 5408 3665 5468; x_wconf 76' lang='grc' dir='ltr'>δεινοῖς</span> 
     </span>
    </p>
   </div>
   <div class='ocr_carea' id='block_1_110' title="bbox 381 5492 3667 5574">
    <p class='ocr_par' dir='ltr' id='par_1_110' title="bbox 381 5492 3667 5574">
     <span class='ocr_line' id='line_1_110' title="bbox 381 5492 3667 5574; baseline 0.001 -22"><span class='ocrx_word' id='word_1_809' title='bbox 381 5499 564 5568; x_wconf 82' lang='grc' dir='ltr'>φόϐον,</span> <span class='ocrx_word' id='word_1_810' title='bbox 597 5500 672 5561; x_wconf 84' lang='grc' dir='ltr'>ὡς</span> <span class='ocrx_word' id='word_1_811' title='bbox 697 5498 754 5551; x_wconf 87' lang='grc' dir='ltr'>δὲ</span> <span class='ocrx_word' id='word_1_812' title='bbox 797 5497 896 5569; x_wconf 77' lang='grc' dir='ltr'>ἥδη</span> <span class='ocrx_word' id='word_1_813' title='bbox 941 5493 1280 5557; x_wconf 82' lang='grc' dir='ltr'>πεπονθότας</span> <span class='ocrx_word' id='word_1_814' title='bbox 1321 5493 1766 5564; x_wconf 83' lang='grc' dir='ltr'>ἀναχαλκεύουσα</span> <span class='ocrx_word' id='word_1_815' title='bbox 1813 5492 1950 5564; x_wconf 86' lang='grc' dir='ltr'>πρὸς</span> <span class='ocrx_word' id='word_1_816' title='bbox 1988 5495 2236 5566; x_wconf 87' lang='grc' dir='ltr'>ἀνδρείαν</span> <span class='ocrx_word' id='word_1_817' title='bbox 2266 5498 2391 5560; x_wconf 76' lang='grc' dir='ltr'>τοὺς</span> <span class='ocrx_word' id='word_1_818' title='bbox 2440 5496 2709 5566; x_wconf 84' lang='grc' dir='ltr'>μαθητάς.</span> <span class='ocrx_word' id='word_1_819' title='bbox 2779 5497 3343 5570; x_wconf 76' lang='grc' dir='ltr'>Προαποψυχθήσεται</span> <span class='ocrx_word' id='word_1_820' title='bbox 3379 5501 3491 5574; x_wconf 85' lang='grc' dir='ltr'>γάρ</span> <span class='ocrx_word' id='word_1_821' title='bbox 3549 5521 3667 5568; x_wconf 78' lang='grc' dir='ltr'>πως</span> 
     </span>
    </p>
   </div>
   <div class='ocr_carea' id='block_1_111' title="bbox 381 5584 3243 5664">
    <p class='ocr_par' dir='ltr' id='par_1_111' title="bbox 381 5584 3243 5664">
     <span class='ocr_line' id='line_1_111' title="bbox 381 5584 3243 5664; baseline 0 -20"><span class='ocrx_word' id='word_1_822' title='bbox 381 5594 418 5664; x_wconf 82' lang='grc' dir='ltr'><strong>ἡ</strong></span> <span class='ocrx_word' id='word_1_823' title='bbox 443 5590 537 5644; x_wconf 85' lang='grc' dir='ltr'>τοῦ</span> <span class='ocrx_word' id='word_1_824' title='bbox 568 5589 814 5642; x_wconf 85' lang='grc' dir='ltr'>κινδύνου</span> <span class='ocrx_word' id='word_1_825' title='bbox 846 5589 1116 5660; x_wconf 83' lang='grc' dir='ltr'>θερμότης</span> <span class='ocrx_word' id='word_1_826' title='bbox 1145 5585 1577 5660; x_wconf 82' lang='grc' dir='ltr'>προεγνωσμένη</span> <span class='ocrx_word' id='word_1_827' title='bbox 1602 5585 1714 5646; x_wconf 87' lang='grc' dir='ltr'>τοῖς</span> <span class='ocrx_word' id='word_1_828' title='bbox 1734 5584 2024 5653; x_wconf 83' lang='grc' dir='ltr'>πάσχουσι,</span> <span class='ocrx_word' id='word_1_829' title='bbox 2053 5588 2146 5641; x_wconf 85' lang='grc' dir='ltr'>καὶ</span> <span class='ocrx_word' id='word_1_830' title='bbox 2167 5587 2562 5657; x_wconf 81' lang='grc' dir='ltr'>ἀσθενεστέραν</span> <span class='ocrx_word' id='word_1_831' title='bbox 2582 5585 2678 5657; x_wconf 79' lang='grc' dir='ltr'>τὴν</span> <span class='ocrx_word' id='word_1_832' title='bbox 2715 5585 2904 5656; x_wconf 76' lang='grc' dir='ltr'>ἔφοδον</span> <span class='ocrx_word' id='word_1_833' title='bbox 2932 5590 3243 5661; x_wconf 69' lang='grc' dir='ltr'>ἐργάζεται.</span> 
     </span>
    </p>
   </div>
   <div class='ocr_carea' id='block_1_112' title="bbox 456 5759 1973 5842">
    <p class='ocr_par' dir='ltr' id='par_1_112' title="bbox 456 5759 1973 5842">
     <span class='ocr_line' id='line_1_112' title="bbox 456 5759 1973 5842; baseline -0.004 -16"><span class='ocrx_word' id='word_1_834' title='bbox 456 5770 679 5827; x_wconf 78' lang='lat' dir='ltr'><strong><em>&quot;Joan.</em></strong></span> <span class='ocrx_word' id='word_1_835' title='bbox 707 5759 815 5841; x_wconf 60' lang='lat' dir='ltr'>su,</span> <span class='ocrx_word' id='word_1_836' title='bbox 844 5773 933 5829; x_wconf 67' lang='lat'>42.</span> <span class='ocrx_word' id='word_1_837' title='bbox 1011 5774 1054 5807; x_wconf 80' lang='lat'>&quot;</span> <span class='ocrx_word' id='word_1_838' title='bbox 1079 5771 1239 5829; x_wconf 82' lang='lat' dir='ltr'><strong><em>Joan.</em></strong></span> <span class='ocrx_word' id='word_1_839' title='bbox 1275 5787 1352 5842; x_wconf 72' lang='grc' dir='ltr'>ιιι,</span> <span class='ocrx_word' id='word_1_840' title='bbox 1377 5771 1468 5826; x_wconf 72' lang='lat'>‘22.</span> <span class='ocrx_word' id='word_1_841' title='bbox 1549 5771 1594 5803; x_wconf 79' lang='grc' dir='ltr'>³ο</span> <span class='ocrx_word' id='word_1_842' title='bbox 1629 5773 1748 5824; x_wconf 76' lang='lat' dir='ltr'><strong><em>Act.</em></strong></span> <span class='ocrx_word' id='word_1_843' title='bbox 1786 5785 1882 5836; x_wconf 88' lang='lat' dir='ltr'>vn,</span> <span class='ocrx_word' id='word_1_844' title='bbox 1926 5769 1973 5823; x_wconf 79' lang='lat' dir='ltr'><strong><em>5t</em></strong></span> 
     </span>
    </p>
   </div>
   <div class='ocr_carea' id='block_1_113' title="bbox 2079 5759 2715 5842">
    <p class='ocr_par' dir='ltr' id='par_1_113' title="bbox 2079 5767 2715 5836">
     <span class='ocr_line' id='line_1_113' title="bbox 2079 5767 2715 5836; baseline 0.002 -14"><span class='ocrx_word' id='word_1_845' title='bbox 2079 5768 2117 5822; x_wconf 73' lang='lat' dir='ltr'><strong><em>J.</em></strong></span> <span class='ocrx_word' id='word_1_846' title='bbox 2201 5767 2238 5800; x_wconf 72' lang='grc'>³³</span> <span class='ocrx_word' id='word_1_847' title='bbox 2270 5769 2390 5823; x_wconf 77' lang='lat' dir='ltr'><strong><em>Act.</em></strong></span> <span class='ocrx_word' id='word_1_848' title='bbox 2432 5784 2588 5836; x_wconf 64' lang='grc' dir='ltr'>χχιιι,</span> <span class='ocrx_word' id='word_1_849' title='bbox 2621 5767 2715 5824; x_wconf 63' lang='grc' dir='ltr'>τι.</span> 
     </span>
    </p>
   </div>
  </div>
