3868 6200
126 370 227 425 493

1194 379 1257 432 ΙΝ
1291 380 1579 436 JOANNIS
1614 378 2057 437 EVANGELIUM
2087 382 2215 437 LlB.
2250 380 2316 438 Χ.

3272 380 3377 437 ηδ

189 491 297 543 Καὶ
330 508 513 545 ταυτα
550 493 941 559 ποιήσουσιν,
986 494 1076 549 ὅτι
1128 499 1239 552 οὑκ
1274 502 1550 570 ἔγνωσαν
1599 503 1707 554 τόν

1880 501 2019 565 XVI,
2055 504 2107 558 5.
2139 501 2205 557 Et
2240 503 2350 558 lucc
2385 505 2587 573 facient
2618 506 2781 567 vobis,
2823 517 2948 574 quta
2982 518 3083 556 non
3129 513 3380 556 noverunt

123 582 372 650 Πατέρα,
399 583 542 637 οὐδὲ
573 583 698 653 ἐμέ.

194 672 405 737 Ἐδειξε
435 672 542 727 τῶν
574 674 841 729 Ἰουδαίων
861 677 952 731 τὸν
975 676 1158 749 ζῆλον,
1187 681 1249 734 οὐ
1307 682 1428 736 κατ’
1472 682 1707 751 ἐπίγνω-

128 779 227 827 σιν,
267 766 520 837 καθάπερ
536 767 726 837 ἀμέλει
754 770 846 822 καὶ
893 772 921 822 ὀ
950 769 1162 835 Παῦλός
1197 790 1330 842 φησι
1365 789 1378 804 °
1427 775 1709 847 πεπλανη-

129 854 287 925 μένον
317 856 373 909 δὲ
401 858 627 928 σφόδρα,
665 861 757 912 καὶ
782 860 884 925 ἕξω
922 879 1025 914 που
1054 861 1304 932 βαίνοντα
1352 865 1450 934 τῆς
1497 866 1711 931 εὐθείας

75 1002 83 1009 ν
127 943 264 1006 ὁδοῦ,
295 945 473 998 καίτοι
501 946 783 1013 δοκοῦντα,
824 952 965 1004 κατὰ
1002 967 1067 1018 γε
1100 950 1191 1004 τὸν
1248 954 1306 1005 ὲν
1350 954 1534 1018 αὐτοῖς
1582 955 1712 1010 ὄντα

129 1033 352 1097 σκοπὸν,
385 1035 657 1090 τελεῖσθαι
680 1037 769 1090 διὰ
795 1038 950 1093 Θεόν.
976 1040 1165 1111 ’ᾭοντο
1208 1042 1306 1112 μὲν
1337 1043 1458 1112 γὰρ,
1487 1044 1588 1115 τῆς
1623 1044 1713 1099 διὰ

127 1126 369 1190 Μωσέως
398 1128 870 1201 ὑπερασπίζοντες
898 1132 1139 1203 ἐντολῆς,
1175 1135 1265 1187 τὸν
1295 1136 1389 1188 τοῦ
1417 1138 1582 1208 νόμου
1628 1139 1715 1191 δο-

127 1218 268 1289 τῆρα
301 1221 722 1291 κατευιρραίνειν
772 1222 923 1287 Θεὸν,
977 1229 1070 1278 καὶ
1123 1227 1419 1298 μαχόμενοι
1473 1232 1586 1293 τοῖς
1627 1230 1716 1284 διὰ

128 1309 367 1381 Χριστοῦ
398 1311 783 1383 θεσπίσμασιν,
812 1316 1117 1387 εὐδοκιμεῖν
1155 1319 1203 1370 οἰ
1243 1318 1471 1382 τάλανες
1514 1321 1574 1373 οὐ
1633 1339 1718 1392 μι-

130 1401 278 1473 κρῶς
309 1403 713 1473 ὑπελάμϐανον.
749 1404 847 1457 Διὰ
877 1406 986 1477 γάρ
1018 1424 1102 1461 τοι
1158 1407 1315 1461 τοῦτο
1352 1410 1445 1463 καὶ
1477 1414 1588 1477 τοῖς
1625 1412 1716 1465 τὸν

131 1497 483 1565 εὐαγγελικὸν
510 1500 928 1573 διακηρύττουσι
951 1502 1108 1572 λόγον
1138 1506 1419 1562 ἐπέκειντο
1447 1510 1713 1580 σφοδρῶς,

130 1590 247 1643 ἀλλ’
276 1591 507 1660 ἠγνόουν
546 1592 763 1664 ἁπάσης
793 1593 926 1647 εἴσω
953 1596 1213 1661 πεσόντες
1242 1598 1473 1668 μωρίας,
1502 1600 1596 1653 καὶ
1631 1600 1719 1654 διὰ

130 1684 227 1753 τῆς
261 1685 345 1746 είς
381 1684 473 1736 τὸν
512 1685 640 1738 Υἱὸν
673 1684 914 1757 ἀτιμίας,
952 1689 1031 1751 εἰς
1065 1690 1226 1742 αὐτὸν
1276 1691 1719 1762 πλημμελοῦντες

130 1773 221 1826 τὸν
258 1773 393 1827 Θεὸν
429 1776 523 1829 καὶ
555 1777 799 1848 Πατέρα,
842 1778 1044 1847 μᾶλλον
1103 1779 1160 1833 δὲ
1216 1781 1315 1835 οὐκ
1362 1783 1563 1847 εἰδότες
1603 1785 1720 1853 ἡλί-

1812 589 2050 655 Patrem,
2076 608 2239 662 neque
2270 610 2370 647 me.

1881 680 2136 736 Ostendit
2165 680 2481 736 Judaeorum
2516 680 2712 746 zelum,
2739 695 2845 734 non
2882 678 3180 734 secundum
3209 678 3384 733 scien-

1811 774 1966 834 tiam,
1988 774 2149 828 siculi
2185 790 2381 844 nempe
2411 784 2466 829 et
2497 772 2703 829 Paulus
2743 772 2820 826 ait
2847 772 2913 838 ³³,
2943 770 3041 826 sed
3086 784 3381 825 erroneum

1811 866 1969 920 valde
1997 877 2051 921 et
2084 881 2114 919 a
2143 873 2294 920 recta
2328 866 2413 920 via
2442 866 2705 930 alienum,
2731 865 3005 936 quamvis,
3038 871 3099 917 ιιι
3138 863 3238 932 ipsi
3277 861 3383 917 sibi

1814 957 2169 1025 persuadent,
2198 957 2499 1012 secundum
2534 956 2703 1012 Deum
2732 971 2853 1012 esse
2884 954 3154 1009 videatur.
3184 952 3385 1008 Existi-

1814 1048 2039 1100 mahant
2058 1047 2201 1102 enim
2230 1064 2288 1101 se
2304 1044 2600 1102 Mosaicum
2636 1054 2963 1117 praeceptum
2993 1042 3387 1116 propugnando

1815 1152 1928 1190 rem
1979 1138 2113 1208 legis
2150 1139 2327 1194 datori
2386 1138 2496 1192 Deo
2529 1146 2738 1209 gratam
2774 1137 2976 1199 facere.
3022 1144 3079 1191 et
3120 1136 3389 1192 doctrina:

1815 1227 2022 1285 Christi
2064 1230 2440 1301 repugnando,
2471 1232 2705 1284 multum
2741 1230 2847 1285 sibi
2878 1228 3174 1283 conciliare
3202 1229 3389 1297 splen»

1818 1319 1972 1375 doris
2028 1322 2314 1392 putabant.
2348 1324 2522 1389 Quam
2571 1323 2643 1377 ob
2693 1336 2917 1377 causam
2974 1322 3027 1375 in
3062 1321 3390 1389 evangelica:

1818 1412 2086 1467 doctrinae
2128 1430 2408 1482 praecones
2466 1414 2703 1469 ferocius
2745 1413 3123 1467 invadebant:
3161 1412 3255 1467 sed
3296 1428 3391 1466 ne-

1819 1503 2069 1558 sciebant
2097 1520 2157 1560 se
2194 1506 2247 1558 in
2279 1506 2567 1560 stultitiam
2598 1506 2888 1559 immanem
2920 1504 3195 1574 delapsos.
3216 1513 3270 1558 et
3292 1519 3390 1558 no-

1820 1599 1931 1645 tam
1969 1590 2106 1647 Filio
2135 1594 2443 1663 irrogantes
2478 1610 2536 1648 se
2568 1597 2620 1647 in
2653 1594 2827 1662 ipsum
2868 1594 3035 1647 Deum
3070 1610 3134 1647 ac
3174 1592 3390 1647 Patrem

1821 1684 2163 1755 delinquere,
2195 1688 2328 1755 quin
2364 1694 2419 1741 et
2466 1687 2720 1755 ignorare
2757 1685 2974 1754 penitus
3020 1684 3394 1755 arguebantur

1822 1775 1952 1844 quid
1999 1776 2073 1831 sit
2119 1775 2300 1839 Pater,
2343 1777 2476 1846 quid
2532 1791 2727 1831 rursus
2778 1777 2869 1845 qui
2927 1791 2993 1831 ex
3037 1776 3154 1845 ipso
3188 1774 3395 1830 effulsit

133 1883 327 1919 σκοντο
357 1867 654 1931 παντελῶς,
686 1869 736 1920 τί
770 1868 868 1937 μὲν
906 1870 1022 1922 ἔστι
1064 1870 1273 1943 Πατὴρ,
1301 1873 1353 1926 τί
1398 1873 1455 1927 δὲ
1492 1874 1653 1927 πάλιν
1690 1877 1718 1928 6

1836 1864 2032 1921 Filius:
2062 1876 2117 1921 et
2157 1867 2301 1937 quod
2334 1870 2532 1922 mirum
2564 1874 2671 1933 est,
2702 1865 2887 1921 Mosen
2926 1867 3392 1936 sapientissimum

131 1960 189 2025 ἐξ
218 1959 388 2013 αὐτοῦ
421 1961 675 2031 πεφηνὼς
709 1962 855 2026 Υἱός.
889 1964 999 2017 Καὶ
1023 1964 1083 2016 τό
1114 1981 1177 2033 γε
1208 1965 1535 2036 παράδοξον,
1589 1969 1718 2022 Μω-

132 2051 233 2104 σέα
265 2051 369 2122 μὲν
402 2052 510 2122 γὰρ
538 2052 627 2105 τὸν
680 2052 989 2120 σοφώτατον
1037 2058 1157 2119 ταῖς
1214 2057 1474 2112 ἀνωτάτω
1532 2062 1719 2129 τιμαῖς

133 2140 581 2209 καταστεφανοῦν
628 2143 939 2212 ἠπείγοντο,
993 2144 1161 2211 νόμου
1212 2145 1304 2199 τοῦ
1358 2146 1423 2199 δι’
1473 2148 1719 2215 ἀγγέλων

132 2232 395 2299 γεγονότα
428 2232 675 2285 διάκονον
708 2249 721 2263 ο
748 2234 839 2286 τὸν
867 2235 922 2287 δὲ
955 2234 1161 2305 Κύριον
1185 2236 1344 2307 ἡμῶν
1386 2238 1595 2308 Ἰησοῦν
1628 2238 1719 2290 τὸν

131 2322 393 2393 Χριστὸν,
448 2323 545 2395 τὴν
590 2325 903 2397 ἀπόρρητον
947 2326 1043 2379 τοῦ
1094 2328 1305 2398 Πατρός
1358 2328 1720 2401 ἐξηγούμενον

134 2415 417 2487 βούλησιν,
445 2416 675 2485 λέγοντὰ
706 2436 765 2471 τε
794 2418 982 2488 σαφῶς
1018 2438 1031 2451 ο
1074 2439 1091 2472 ι
1146 2421 1263 2474 Ἀπ’
1293 2423 1533 2492 ἐμαυτοῦ
1584 2424 1722 2478 ποιῶ

131 2509 311 2573 οὐδὲν,
346 2508 462 2563 ἁλλ’
492 2512 520 2563 6
550 2511 773 2581 πέμψας
804 2528 871 2581 με
904 2513 1117 2585 Πατὴρ,
1154 2514 1317 2578 αὑτός
1372 2533 1463 2583 μοι
1502 2516 1723 2589 ἐντολὴν

130 2602 338 2656 δέδωκε
355 2602 405 2655 τί
434 2604 571 2657 εῐπω
598 2605 689 2657 καί
717 2604 768 2657 τί
794 2604 1033 2675 λαλήσω,
1096 2624 1114 2655 ι
1152 2610 1271 2671 ταῖς
1301 2608 1555 2678 ἐσχάταις
1604 2610 1723 2662 ἀτι-

134 2694 292 2763 μίαις
314 2694 628 2764 περιϐαλεῖν
651 2696 751 2749 οὐκ
777 2694 1052 2767 ὤκνησαν,
1077 2699 1253 2751 καίτοι
1282 2701 1725 2771 συνθαυματουρ-

132 2785 364 2865 γοῇντος
397 2786 544 2857 αὐτῷ
568 2787 663 2840 τοῦ
702 2787 839 2841 Θεοῦ
872 2790 965 2842 καὶ
982 2790 1218 2861 Πατρὸς,
1247 2793 1343 2844 καὶ
1369 2791 1435 2844 δι’
1459 2792 1725 2861 αἰσθητῆς

132 2872 351 2930 ὥοωθεν
428 2878 830 2953 μαρτυροῦντος
903 2881 1110 2950 φωνῆς,
1176 2882 1612 2953 ἀνακεκραγότος
1667 2882 1725 2935 δὲ

134 2968 448 3039 διαρρήδην
487 2968 582 3022 καὶ
612 2968 878 3037 λέγοντυςο
915 2992 932 3021 ι
961 2965 1127 3035 Οῦτός
1157 2974 1305 3026 ἐστιν
1328 2974 1356 3025 ὁ
1388 2972 1515 3037 Υἱός
1565 2990 1666 3044 μου
1697 2976 1727 3027 6

132 3059 449 3127 ἀγαπητὸς,
478 3061 535 3111 ὲν
555 3052 598 3127 ᾧ
622 3060 916 3131 ηὑδόκησα.
933 3080 951 3112 ι
977 3062 1135 3115 Ἔστι
1164 3064 1342 3117 τοίνυν
1368 3064 1466 3116 οὐκ
1492 3063 1728 3135 ἀμφίϐο-

133 3152 252 3215 λον,
279 3149 357 3213 ὡς
379 3149 536 3221 εἴπερ
560 3168 644 3213 τις
680 3151 855 3205 ἕλοιτο
885 3155 995 3216 τοῖς
1023 3154 1115 3206 τὸν
1176 3152 1318 3207 θεῖον
1370 3154 1731 3226 διαπορθμεύ-

132 3260 262 3295 ουσι
286 3241 444 3309 λόγον
471 3241 794 3310 ὲπιφύεσθαι
840 3244 1072 3316 πικρῶς,
1125 3246 1183 3296 ὲν
1228 3245 1420 3316 ἀγνοίᾳ
1482 3246 1727 3300 κείσεται

135 3335 331 3402 πὰσης
384 3330 519 3403 ὁμοῦ
550 3331 649 3401 τῆς
697 3332 860 3400 ἁγίας
895 3350 955 3384 τε
1007 3333 1104 3385 καὶ
1136 3334 1421 3403 ὁμοουσίου
1477 3333 1727 3404 Τριὰδος.

135 3424 281 3477 υὺδὲ
340 3425 447 3497 γὰρ
495 3418 602 3476 οἶδε
661 3425 752 3477 τὸν
794 3424 1039 3494 Πατέρα,
1086 3426 1115 3477 6
1150 3424 1241 3476 τὸν
1292 3425 1351 3491 ἐξ
1408 3422 1572 3477 αὑτοῦ
1632 3441 1731 3476 πε-

137 3513 356 3583 φηνότα
374 3513 545 3580 Λόγον
566 3512 663 3582 τῆς
697 3512 1022 3583 πρεπούσης
1057 3512 1217 3580 δόξης
1242 3512 1347 3578 ἔξω
1376 3512 1564 3577 τιθεὶς,
1592 3514 1733 3568 κατά

138 3619 206 3670 γε
238 3601 333 3654 τὸν
360 3601 489 3653 ἴδιον
519 3602 741 3654 σκοπόν.
774 3602 898 3665 Πῶς
927 3603 1036 3672 γὰρ
1068 3603 1167 3655 οὐκ
1194 3602 1585 3666 ἁνενδοιάστως
1624 3621 1731 3655 πα-

145 3694 410 3766 ραδεκτὸν
436 3694 585 3764 παρὰ
609 3710 675 3762 γε
693 3696 804 3756 τοῖς
825 3695 1235 3764 νουνεχέστερον
1255 3698 1321 3766 τῇ
1340 3694 1450 3747 τῶν
1477 3696 1735 3766 πραγμά-

140 3805 257 3840 των
282 3786 447 3856 φύσει
476 3786 803 3857 προσϐαλεῖν
834 3787 1185 3855 δυναμένοις,
1211 3788 1286 3851 ὡς
1321 3787 1555 3859 ἐπείπερ
1587 3788 1736 3840 ἐστὶν

142 3880 438 3950 ὀμοούσιος
476 3877 555 3948 τῷ
609 3879 807 3948 Πατρὶ,
850 3876 1071 3948 λαλήσει
1108 3877 1207 3947 μὲν
1251 3877 1466 3942 πάντως
1494 3879 1563 3932 τὰ
1598 3879 1738 3932 κατὰ

146 3971 412 4041 βούλησιν
433 3970 525 4023 τοῦ
552 3969 784 4040 Πατρός,
816 3968 891 4031 ὡς
920 3968 976 4021 δὲ
1004 3968 1258 4022 κοινωνὸν
1280 3970 1378 4039 τῆς
1410 3969 1567 4039 δόξης
1597 3969 1737 4040 ἔχων

144 4061 337 4125 αὐτὸν,
368 4058 480 4123 ἕξει
502 4059 566 4131 δὴ
599 4058 816 4122 πάντως
851 4058 944 4111 καὶ
968 4057 1427 4129 συλλυπούμενον,
1450 4059 1534 4129 ἐφ’
1559 4054 1641 4122 οἷς
1673 4059 1738 4112 ἂν

147 4153 424 4207 πταίωσιν
445 4152 526 4212 είς
554 4149 716 4203 αὐτόν
740 4167 904 4212 τινες.
941 4148 1315 4216 Ἀπολογεῖται
1334 4150 1512 4203 τοίνυν
1536 4152 1593 4203 ἐν
1617 4149 1738 4203 τού-

144 4260 263 4306 τοις
285 4243 315 4294 6
347 4239 555 4311 Κύριος
591 4239 749 4310 ήμῶν
786 4239 992 4311 Ἰησοῦς
1022 4240 1051 4292 6
1097 4241 1351 4311 Χριστὸς,
1411 4243 1501 4295 καὶ
1554 4259 1740 4312 μονον-

146 4334 273 4405 ουχὶ
302 4333 412 4385 τῶν
449 4330 754 4386 Ἰουδαϊκῶν
789 4332 1156 4402 τολμημάτων
1179 4334 1493 4403 κατηγορεῖ,
1537 4332 1740 4402 πικρὰν

149 4428 252 4481 καὶ
274 4426 521 4497 ὀλέθριον
548 4424 796 4477 ἐντεῦθεν
821 4423 1031 4486 ἐπιθεὶς
1057 4424 1156 4494 τὴν
1202 4423 1382 4494 ψῆφον
1419 4425 1533 4486 τοῖς
1576 4424 1739 4478 αὐτὸν

1825 1961 2058 2014 summis
2104 1959 2409 2014 honoribus
2452 1974 2651 2013 ornare
2714 1959 3055 2022 nitebantur,
3103 1960 3236 2029 legis
3301 1974 3396 2028 per

1825 2051 2048 2122 angelos
2124 2052 2339 2106 tradita:
2422 2052 2741 2106 ministrum
2792 2070 2805 2107 :
2862 2050 3154 2105 Dominum
3215 2061 3393 2105 autem

1825 2155 2075 2197 nostrum
2129 2141 2315 2197 Jesum
2353 2142 2661 2207 Christum,
2701 2143 2793 2213 qui
2841 2142 3027 2198 Patris
3070 2142 3396 2197 ineffabilem

1825 2235 2163 2288 voluntatem
2219 2236 2478 2304 explicat,
2533 2246 2589 2289 et
2644 2245 2833 2305 aperte
2885 2237 3001 2290 ait:
3039 2254 3058 2285 ‹
3100 2236 3145 2289 Α
3186 2235 3397 2306 meipso

1827 2326 1972 2381 facio
1995 2327 2152 2390 nihil,
2185 2328 2280 2381 sed
2315 2326 2407 2393 qui
2435 2327 2579 2381 misit
2609 2343 2697 2382 me
2726 2326 2911 2391 Pater,
2940 2329 3060 2398 ipse
3089 2327 3221 2381 mihi
3246 2342 3393 2381 man-

1827 2420 2014 2474 datum
2064 2420 2212 2473 dedit
2243 2419 2376 2489 quid
2407 2419 2586 2473 dicam
2623 2428 2680 2475 et
2722 2419 2853 2489 quid
2888 2420 3085 2488 loquar
3119 2418 3184 2484 ⁸⁸,
3224 2437 3243 2471 ι
3281 2427 3398 2472 tur-

1829 2511 2055 2580 pissima
2076 2510 2376 2581 ignominia
2406 2510 2622 2565 allicere
2648 2526 2755 2565 non
2779 2510 3128 2575 dubitarunt,
3146 2511 3400 2581 quamvis

1831 2604 2092 2657 miracula
2139 2603 2300 2656 simul
2336 2619 2461 2657 cum
2503 2618 2569 2657 eo
2617 2601 2760 2657 Deus
2814 2618 2878 2657 ac
2926 2599 3088 2657 Pater
3122 2602 3308 2666 faciat,
3347 2611 3401 2657 et

1830 2703 2020 2765 aperte
2067 2695 2289 2757 clamet,
2332 2710 2396 2748 ac
2446 2693 2595 2748 dicat
2635 2712 2648 2746 :
2689 2713 2706 2745 ι
2755 2692 2854 2748 Hic
2904 2703 2988 2749 est
3026 2692 3200 2749 Filius
3250 2709 3403 2749 meus

1831 2787 2087 2852 dilectus,
2144 2785 2199 2839 in
2253 2802 2363 2854 quo
2421 2785 2552 2839 mihi
2610 2786 2916 2856 complacui
2963 2784 3030 2840 ".
3088 2804 3105 2836 ι
3172 2784 3401 2839 Dubium

1832 2876 1998 2947 igitur
2020 2892 2131 2931 non
2161 2884 2245 2932 est
2274 2875 2445 2945 quod,
2477 2877 2524 2931 si
2561 2879 2685 2946 quis
2723 2877 2893 2931 divini
2915 2874 3081 2929 Verbi
3123 2891 3404 2945 praecones

1832 2969 2090 3025 acerbius
2164 2970 2407 3033 invadat,
2460 2970 2515 3023 in
2570 2970 2917 3040 ignoratione
2984 2969 3148 3025 simul
3200 2983 3405 3024 sancta!

1832 3068 1889 3116 et
1918 3061 2413 3116 consubstantialis
2459 3059 2754 3115 Trinitatis
2804 3071 3123 3115 versaturus
3168 3061 3258 3114 sit.
3296 3060 3407 3115 Nec

1834 3152 1981 3206 enim
2012 3151 2232 3207 Patrem
2276 3153 2447 3217 novit,
2480 3153 2573 3223 qui
2626 3152 2866 3208 Verbum
2900 3167 2966 3206 ex
2995 3166 3062 3206 eo
3101 3152 3405 3221 procedens

1834 3245 2186 3299 convenienti
2217 3246 2694 3315 gloria,quantum
2720 3245 2775 3298 in
2798 3259 2857 3299 se
2884 3250 2992 3309 est,
3023 3245 3242 3314 privare
3276 3245 3408 3297 niti-

1834 3342 1946 3389 tur.
1966 3333 2242 3405 Numquid
2273 3336 2416 3391 enim
2451 3336 2759 3391 indubitate
2786 3335 3065 3389 fatendum
3094 3342 3179 3391 est
3213 3335 3283 3389 iis
3313 3335 3405 3403 qui

1836 3441 2021 3481 rerum
2050 3436 2302 3481 naturam
2323 3427 2543 3495 penitus
2567 3426 2767 3482 intueri
2804 3427 3039 3497 possint,
3068 3426 3237 3495 quod,
3280 3441 3406 3481 cum

1837 3518 1909 3575 sit
1951 3514 2101 3572 Patri
2163 3517 2678 3582 consubstantialis,
2714 3518 3001 3571 locuturus
3058 3516 3130 3572 sit
3183 3518 3409 3571 omnino

1836 3623 1959 3679 qua:
2003 3613 2130 3664 sunt
2171 3606 2327 3674 juxta
2361 3605 2523 3676 915
2570 3607 2909 3661 voluntatem
2964 3604 3165 3667 Patris,
3194 3613 3408 3659 etcum

1836 3715 1960 3756 eum
1991 3698 2181 3770 gloriae
2225 3714 2338 3753 sua:
2380 3708 2692 3753 consortem
2731 3698 2950 3763 habeat,
2992 3697 3155 3752 simul
3192 3710 3411 3765 quoque

1838 3790 1991 3860 tangi
2022 3804 2253 3845 necesse
2301 3788 2373 3842 sit
2403 3790 2473 3844 iis
2513 3804 2636 3858 qua:
2671 3790 2725 3843 in
2757 3788 2939 3859 ipsum
2973 3786 3221 3842 nonnulli
3270 3787 3409 3841 deli-

1839 3884 2077 3952 querint.
2106 3881 2203 3937 llis
2258 3881 2439 3936 verbis
2474 3881 2660 3951 itaque
2702 3880 2970 3935 Dominus
3014 3888 3200 3933 noster
3249 3875 3411 3932 Jesus

1840 3974 2095 4028 Christus
2139 3971 2454 4027 Iudaeorum
2511 3971 2754 4027 nefarios
2783 3980 3016 4025 conatus
3058 3977 3270 4023 tantum
3302 3983 3411 4021 non

1842 4073 2106 4130 accusat,
2163 4064 2418 4119 acerbam
2463 4078 2527 4117 ac
2574 4060 2848 4117 funestam
2903 4060 3030 4114 hinc
3079 4061 3411 4113 sententiam

1842 4155 2029 4212 ferens
2070 4156 2125 4210 in
2154 4171 2247 4211 eos
2286 4155 2379 4225 qui
2412 4154 2739 4209 crudelitate
2767 4168 2897 4223 erga
2922 4160 3144 4208 sanctos
3183 4159 3413 4221 aposto-

1843 4252 1947 4313 los,
1979 4250 2159 4320 ipsum
2188 4249 2420 4304 violant.
2448 4248 2559 4303 Nec
2592 4248 2738 4302 enim
2764 4249 2819 4302 in
2850 4249 3002 4317 ipsos
3030 4248 3247 4318 preprie
3290 4262 3416 4317 pec-

1843 4344 1949 4397 cati
1998 4342 2139 4397 ratio
2185 4350 2561 4407 convertetur,
2590 4343 2686 4397 sed
2745 4341 2800 4395 in
2858 4356 2981 4396 eum
3019 4340 3279 4396 ascendet
3320 4341 3413 4411 qui

1846 4432 2019 4486 divini
2066 4432 2411 4500 apostolatus
2444 4433 2524 4486 eis
2574 4446 2777 4486 munus
2826 4430 3114 4500 imposuit,
3150 4430 3416 4500 quemad-

148 4522 509 4592 ἀτιμάζουσι,
534 4519 621 4573 διὰ
652 4519 754 4587 τῆς
780 4520 859 4581 είς
892 4519 1088 4581 αὐτοὺς
1128 4520 1253 4582 τοὺς
1293 4520 1482 4587 ἁγίους
1512 4519 1727 4572 ἁποστό·

1849 4519 2067 4574 modum
2108 4529 2161 4574 et
2190 4522 2254 4573 ad
2290 4529 2540 4574 sanctum
2575 4520 2883 4575 Samuelem
2916 4522 3191 4590 quondam
3238 4521 3417 4574 aiebat

148 4618 281 4680 λους
310 4614 615 4686 ὠμότητος.
640 4613 713 4666 Οὐ
737 4613 844 4683 γὰρ
864 4613 942 4674 είς
962 4611 1157 4672 αὐτοὺς
1178 4610 1421 4681 κυρίωςό
1440 4610 1540 4679 τῆς
1562 4608 1741 4679 πλημ-

154 4708 387 4778 μελείας
414 4705 887 4776 περιτραπήσεται
925 4702 1102 4770 λόγος,
1135 4702 1250 4755 ἀλλ’
1285 4702 1366 4764 εἰς
1401 4701 1565 4754 αὑτὸν
1619 4702 1745 4754 ἁνα-

152 4803 391 4870 ϐήσεται
417 4798 508 4850 τὸν
536 4798 633 4867 τῆς
667 4796 817 4859 θείας
848 4795 1155 4865 ἀποστολῆς
1195 4794 1380 4855 αὐτοῖς
1427 4794 1741 4847 ἐπιτιθέντα

152 4895 255 4963 τὴν
292 4889 661 4960 λειτουργίαν,
692 4888 942 4958 καθάπερ
971 4886 1163 4955 ἀμέλει
1195 4885 1287 4938 καὶ
1314 4884 1446 4953 πρὸς
1485 4884 1740 4954 Σαμουὴλ

129 4965 293 5037 ’ποτε
354 4982 447 5035 τὸν
480 4982 635 5049 ἅγιον
689 4980 841 5048 ἔλεγε
879 4979 1007 5049 περὶ
1053 4976 1162 5029 τῶν
1214 4977 1348 5027 υἱῶν
1383 4976 1629 5046 Ἰσραὴλ,
1660 4975 1739 5027 ὅτι

1850 4614 1915 4667 de
1946 4612 2073 4668 ﬁliis
2120 4611 2288 4668 Israel
2323 4630 2335 4665 :
2376 4632 2393 4663 ι
2426 4611 2541 4665 Non
2598 4620 2652 4667 te
2686 4620 3156 4682 contempserunt,
3189 4611 3284 4667 sed
3331 4626 3418 4665 me

1847 4712 2295 4771 contempserunt
2344 4702 2408 4753 ³⁵.
2466 4720 2483 4752 ι
2542 4699 2650 4755 Res
2700 4703 2885 4771 itaque
2934 4701 3418 4772 periculosissima:

1850 4793 2009 4861 plena
2054 4802 2137 4845 est
2178 4793 2330 4853 aleae,
2376 4792 2523 4845 nolle
2573 4793 2782 4846 sanctis
2832 4793 3416 4846 convenientissimum

1852 4883 2111 4941 honorem
2144 4882 2431 4952 impertiri.
2470 4882 2683 4937 Peccati
2715 4884 2920 4953 quippe
2947 4884 3001 4937 in
3046 4898 3141 4938 eos
3175 4884 3319 4937 ratio
3349 4882 3417 4935 ad

1850 4975 2027 5040 ipsum
2058 4988 2087 5024 a
2121 4989 2229 5042 quo
2251 4973 2400 5027 missi
2433 4985 2558 5028 sunt
2587 4983 2853 5029 recurret.

160 5098 179 5129 ε
214 5079 294 5131 Οὐ
352 5076 413 5129 σὲ
472 5073 909 5144 ὲξουθενήκασιν,
947 5070 1059 5124 ἀλλ’
1090 5069 1122 5141 ἢ
1158 5068 1259 5139 ἐμὲ
1302 5067 1705 5141 ἐξουθενὴκασι.
1745 5087 1761 5119 ›
1801 5067 2040 5136 Πρᾶγμα
2069 5064 2354 5137 τοιγαροῦν
2414 5063 2844 5138 σφαλερώτατον,
2874 5066 2934 5118 τὸ
2991 5065 3066 5137 μὴ
3098 5067 3209 5127 τοῖς
3247 5063 3419 5135 ἁγίοις

158 5173 343 5225 θέλειν
384 5168 484 5240 τὴν
547 5168 736 5231 αὐτοῖς
785 5165 1200 5236 ἀρμοδιωτὰτην
1244 5162 1534 5232 ἀπονεῖμαι
1588 5163 1773 5232 τιμήν.

156 5263 323 5331 λόγος
350 5261 433 5324 εἰς
466 5259 557 5311 τὸν
587 5258 981 5313 ἀποστείλαντα
1017 5254 1235 5317 αὐτούς.

251 5352 442 5406 Ἀλλὰ
484 5349 669 5403 ταῦτα
699 5347 1010 5415 λελάληκα
1048 5346 1225 5414 ὑμῖν,
1274 5345 1375 5398 ἵνα
1413 5341 1560 5395 ὅταν·
1595 5342 1743 5409 ἔλθῃ

162 5447 204 5512 ὴ
259 5443 413 5510 ὥρα,
466 5440 885 5509 μνημονεύητε
953 5436 1153 5491 αὐτῶν
1181 5476 1195 5501 ,
1257 5434 1347 5488 ὅτι
1415 5433 1532 5503 ἐγὼ
1578 5429 1750 5486 εἷπον

162 5535 336 5605 ὑμῖν.
654 5594 659 5597 _

140 5643 160 5655 ‘
242 5622 359 5693 Οὐχ
387 5621 575 5692 ἑτέρου
601 5638 696 5674 του
720 5617 881 5693 χάριν
912 5617 1040 5688 περὶ
1064 5616 1273 5670 τούτων
1301 5616 1483 5677 αὐτοῖς
1515 5610 1749 5681 πεποιῆ-

243 5804 287 5833 ³¹
315 5800 477 5853 Rom.
512 5815 567 5861 ι,
609 5797 663 5851 2.
741 5795 961 5849 “Jnun.
1000 5810 1117 5850 vm.
1154 5794 1264 5848 9.3:
1301 5810 1394 5849 xu.
1429 5793 1517 5846 49.
1599 5792 1642 5823 ³⁸
1669 5791 1727 5844 Μ;

1847 5833 1857 5845 .
1902 5792 2109 5853 "1,17.

464 5895 737 5954 Parnm"
785 5893 900 5950 (in.
940 5890 1206 5950 LXXIV.

1860 5160 2272 5233 Ἀναδραμεῖται
2312 5158 2420 5230 γὰρ
2464 5160 2563 5231 τῆς
2616 5161 2695 5225 εἰς
2730 5159 2927 5221 αὐτοὺς
2963 5156 3341 5231 πλημμελείας
3392 5154 3420 5202 ὁ

1920 5332 2063 5397 XVI,
2096 5334 2149 5389 6.
2202 5333 2306 5389 Sed
2340 5334 2450 5387 hazc
2482 5334 2686 5387 locutus
2723 5351 2837 5388 sum
2887 5333 3053 5396 vobis,
3091 5343 3147 5386 ut
3182 5350 3299 5387 cum
3334 5351 3421 5388 vs-

1856 5428 1990 5481 nerit
2045 5427 2200 5491 liora,
2240 5441 2422 5479 eorum
2486 5426 2923 5489 reminiscamini,
2972 5426 3099 5496 quia
3151 5442 3244 5496 ego
3300 5424 3420 5479 diri

1857 5519 2021 5574 vobis.

1924 5608 2042 5664 Non
2074 5608 2239 5664 aliam
2272 5610 2342 5664 ob
2366 5623 2589 5664 causam
2619 5606 2824 5663 factum
2858 5623 2979 5664 esse
3005 5609 3071 5663 de
3094 5605 3180 5665 his
3208 5621 3423 5663 sermo-

2190 5790 2269 5843 "l
2297 5788 2426 5858 Reg.
2467 5804 2583 5855 ml,
2623 5788 2675 5843 7.

2997 5881 3065 5942 14
