  <div class='ocr_page' id='page_1' title='image "/cluster/home/n/w/nwhite01/storage/ocr_20150623/74/nnc1.0046980180/231.png"; bbox 0 0 3862 6206; ppageno 0'>
   <div class='ocr_carea' id='block_1_1' title="bbox 478 355 609 415">
    <p class='ocr_par' dir='ltr' id='par_1_1' title="bbox 478 355 609 415">
     <span class='ocr_line' id='line_1_1' title="bbox 478 355 609 415; baseline -0.069 0"><span class='ocrx_word' id='word_1_1' title='bbox 478 413 480 415; x_wconf 74' lang='lat'>.</span> <span class='ocrx_word' id='word_1_2' title='bbox 513 355 609 408; x_wconf 63' lang='lat'><strong>4‘27</strong></span> 
     </span>
    </p>
   </div>
   <div class='ocr_carea' id='block_1_2' title="bbox 505 548 2072 632">
    <p class='ocr_par' dir='ltr' id='par_1_2' title="bbox 505 548 2072 632">
     <span class='ocr_line' id='line_1_2' title="bbox 505 548 2072 632; baseline -0.012 -17"><span class='ocrx_word' id='word_1_3' title='bbox 505 569 726 632; x_wconf 76' lang='lat' dir='ltr'><strong>propter</strong></span> <span class='ocrx_word' id='word_1_4' title='bbox 751 575 811 614; x_wconf 90' lang='lat' dir='ltr'><strong>se</strong></span> <span class='ocrx_word' id='word_1_5' title='bbox 847 557 1171 618; x_wconf 90' lang='lat' dir='ltr'><strong>inciderent,</strong></span> <span class='ocrx_word' id='word_1_6' title='bbox 1203 553 1428 609; x_wconf 89' lang='lat' dir='ltr'><strong>omnino</strong></span> <span class='ocrx_word' id='word_1_7' title='bbox 1456 551 1686 621; x_wconf 85' lang='lat' dir='ltr'><strong>gloriam</strong></span> <span class='ocrx_word' id='word_1_8' title='bbox 1721 548 1848 602; x_wconf 86' lang='lat' dir='ltr'><strong>hinc</strong></span> <span class='ocrx_word' id='word_1_9' title='bbox 1878 559 2072 614; x_wconf 83' lang='lat' dir='ltr'><strong>repor-</strong></span> 
     </span>
    </p>
   </div>
   <div class='ocr_carea' id='block_1_3' title="bbox 510 633 2076 717">
    <p class='ocr_par' dir='ltr' id='par_1_3' title="bbox 510 633 2076 717">
     <span class='ocr_line' id='line_1_3' title="bbox 510 633 2076 717; baseline -0.012 -12"><span class='ocrx_word' id='word_1_10' title='bbox 510 661 746 706; x_wconf 88' lang='lat' dir='ltr'><strong>taturos.</strong></span> <span class='ocrx_word' id='word_1_11' title='bbox 773 647 886 704; x_wconf 90' lang='lat' dir='ltr'><strong>Nec</strong></span> <span class='ocrx_word' id='word_1_12' title='bbox 918 647 1063 703; x_wconf 89' lang='lat' dir='ltr'><strong>enim</strong></span> <span class='ocrx_word' id='word_1_13' title='bbox 1095 642 1344 717; x_wconf 68' lang='lat' dir='ltr'><strong>praedixi,</strong></span> <span class='ocrx_word' id='word_1_14' title='bbox 1368 640 1570 711; x_wconf 91' lang='lat' dir='ltr'><strong>inquit,</strong></span> <span class='ocrx_word' id='word_1_15' title='bbox 1601 647 1658 692; x_wconf 88' lang='lat' dir='ltr'><strong>ut</strong></span> <span class='ocrx_word' id='word_1_16' title='bbox 1688 637 1796 690; x_wconf 89' lang='lat' dir='ltr'><strong>vim</strong></span> <span class='ocrx_word' id='word_1_17' title='bbox 1824 643 1878 691; x_wconf 90' lang='lat' dir='ltr'><strong>et</strong></span> <span class='ocrx_word' id='word_1_18' title='bbox 1908 633 2076 689; x_wconf 87' lang='lat' dir='ltr'><strong>robur</strong></span> 
     </span>
    </p>
   </div>
   <div class='ocr_carea' id='block_1_4' title="bbox 505 732 2074 800">
    <p class='ocr_par' dir='ltr' id='par_1_4' title="bbox 505 732 2074 800">
     <span class='ocr_line' id='line_1_4' title="bbox 505 732 2074 800; baseline -0.013 -4"><span class='ocrx_word' id='word_1_19' title='bbox 505 752 702 798; x_wconf 67' lang='grc' dir='ltr'>νοειιαξ</span> <span class='ocrx_word' id='word_1_20' title='bbox 731 739 927 796; x_wconf 90' lang='lat' dir='ltr'><strong>mentis</strong></span> <span class='ocrx_word' id='word_1_21' title='bbox 959 750 1302 800; x_wconf 86' lang='lat' dir='ltr'><strong>enervarem,</strong></span> <span class='ocrx_word' id='word_1_22' title='bbox 1333 733 1428 788; x_wconf 67' lang='grc' dir='ltr'>θεά</span> <span class='ocrx_word' id='word_1_23' title='bbox 1476 745 1655 799; x_wconf 89' lang='lat' dir='ltr'><strong>neque</strong></span> <span class='ocrx_word' id='word_1_24' title='bbox 1685 737 1746 782; x_wconf 78' lang='lat' dir='ltr'><strong>Ill</strong></span> <span class='ocrx_word' id='word_1_25' title='bbox 1776 732 2074 797; x_wconf 66' lang='lat' dir='ltr'><strong>praematu-</strong></span> 
     </span>
    </p>
   </div>
   <div class='ocr_carea' id='block_1_5' title="bbox 508 820 2078 889">
    <p class='ocr_par' dir='ltr' id='par_1_5' title="bbox 508 820 2078 889">
     <span class='ocr_line' id='line_1_5' title="bbox 508 820 2078 889; baseline -0.011 0"><span class='ocrx_word' id='word_1_26' title='bbox 508 849 628 889; x_wconf 90' lang='lat' dir='ltr'><strong>rum</strong></span> <span class='ocrx_word' id='word_1_27' title='bbox 672 831 829 888; x_wconf 73' lang='lat' dir='ltr'><strong>VODiS</strong></span> <span class='ocrx_word' id='word_1_28' title='bbox 884 829 1196 885; x_wconf 89' lang='lat' dir='ltr'><strong>futurorum</strong></span> <span class='ocrx_word' id='word_1_29' title='bbox 1243 826 1514 880; x_wconf 89' lang='lat' dir='ltr'><strong>malorum</strong></span> <span class='ocrx_word' id='word_1_30' title='bbox 1559 835 1824 878; x_wconf 73' lang='lat' dir='ltr'><strong>ICI‘I‘OI‘CIII</strong></span> <span class='ocrx_word' id='word_1_31' title='bbox 1864 820 2078 874; x_wconf 90' lang='lat' dir='ltr'><strong>incute-</strong></span> 
     </span>
    </p>
   </div>
   <div class='ocr_carea' id='block_1_6' title="bbox 509 910 2079 990">
    <p class='ocr_par' dir='ltr' id='par_1_6' title="bbox 509 910 2079 990">
     <span class='ocr_line' id='line_1_6' title="bbox 509 910 2079 990; baseline -0.013 -9"><span class='ocrx_word' id='word_1_32' title='bbox 509 941 645 988; x_wconf 89' lang='lat' dir='ltr'><strong>rem,</strong></span> <span class='ocrx_word' id='word_1_33' title='bbox 679 923 779 979; x_wconf 86' lang='lat' dir='ltr'><strong>sed</strong></span> <span class='ocrx_word' id='word_1_34' title='bbox 833 930 892 978; x_wconf 90' lang='lat' dir='ltr'><strong>ut</strong></span> <span class='ocrx_word' id='word_1_35' title='bbox 931 921 1289 990; x_wconf 88' lang='lat' dir='ltr'><strong>anticipatam</strong></span> <span class='ocrx_word' id='word_1_36' title='bbox 1340 917 1524 986; x_wconf 89' lang='lat' dir='ltr'><strong>potius</strong></span> <span class='ocrx_word' id='word_1_37' title='bbox 1559 929 1750 969; x_wconf 90' lang='lat' dir='ltr'><strong>eorum</strong></span> <span class='ocrx_word' id='word_1_38' title='bbox 1788 910 1942 966; x_wconf 85' lang='lat' dir='ltr'><strong>vobis</strong></span> <span class='ocrx_word' id='word_1_39' title='bbox 1982 923 2079 963; x_wconf 89' lang='lat' dir='ltr'><strong>co-</strong></span> 
     </span>
    </p>
   </div>
   <div class='ocr_carea' id='block_1_7' title="bbox 506 1001 2077 1090">
    <p class='ocr_par' dir='ltr' id='par_1_7' title="bbox 506 1001 2077 1090">
     <span class='ocr_line' id='line_1_7' title="bbox 506 1001 2077 1090; baseline -0.013 -17"><span class='ocrx_word' id='word_1_40' title='bbox 506 1018 812 1090; x_wconf 88' lang='lat' dir='ltr'><strong>gnitionem</strong></span> <span class='ocrx_word' id='word_1_41' title='bbox 852 1013 1148 1074; x_wconf 86' lang='lat' dir='ltr'><strong>traderem,</strong></span> <span class='ocrx_word' id='word_1_42' title='bbox 1195 1024 1303 1079; x_wconf 91' lang='lat' dir='ltr'><strong>quo</strong></span> <span class='ocrx_word' id='word_1_43' title='bbox 1346 1007 1618 1078; x_wconf 84' lang='lat' dir='ltr'><strong>duplicem</strong></span> <span class='ocrx_word' id='word_1_44' title='bbox 1667 1004 1796 1057; x_wconf 85' lang='lat' dir='ltr'><strong>hinc</strong></span> <span class='ocrx_word' id='word_1_45' title='bbox 1841 1001 2077 1055; x_wconf 92' lang='lat' dir='ltr'><strong>fructum</strong></span> 
     </span>
    </p>
   </div>
   <div class='ocr_carea' id='block_1_8' title="bbox 507 1095 2080 1180">
    <p class='ocr_par' dir='ltr' id='par_1_8' title="bbox 507 1095 2080 1180">
     <span class='ocr_line' id='line_1_8' title="bbox 507 1095 2080 1180; baseline -0.011 -16"><span class='ocrx_word' id='word_1_46' title='bbox 507 1106 888 1180; x_wconf 88' lang='lat' dir='ltr'><strong>reportaretis.</strong></span> <span class='ocrx_word' id='word_1_47' title='bbox 940 1103 1183 1158; x_wconf 88' lang='lat' dir='ltr'><strong>Primum</strong></span> <span class='ocrx_word' id='word_1_48' title='bbox 1241 1101 1388 1157; x_wconf 91' lang='lat' dir='ltr'><strong>enim</strong></span> <span class='ocrx_word' id='word_1_49' title='bbox 1441 1097 1715 1154; x_wconf 87' lang='lat' dir='ltr'><strong>recordati</strong></span> <span class='ocrx_word' id='word_1_50' title='bbox 1771 1095 1887 1150; x_wconf 68' lang='lat' dir='ltr'><strong>haec</strong></span> <span class='ocrx_word' id='word_1_51' title='bbox 1920 1109 1952 1147; x_wconf 88' lang='lat' dir='ltr'><strong>a</strong></span> <span class='ocrx_word' id='word_1_52' title='bbox 1991 1107 2080 1146; x_wconf 89' lang='lat' dir='ltr'><strong>me</strong></span> 
     </span>
    </p>
   </div>
   <div class='ocr_carea' id='block_1_9' title="bbox 509 1185 2076 1273">
    <p class='ocr_par' dir='ltr' id='par_1_9' title="bbox 509 1185 2076 1273">
     <span class='ocr_line' id='line_1_9' title="bbox 509 1185 2076 1273; baseline -0.011 -18"><span class='ocrx_word' id='word_1_53' title='bbox 509 1198 769 1273; x_wconf 65' lang='lat' dir='ltr'><strong>praedicta</strong></span> <span class='ocrx_word' id='word_1_54' title='bbox 804 1196 998 1260; x_wconf 80' lang='lat' dir='ltr'><strong>fuisse,</strong></span> <span class='ocrx_word' id='word_1_55' title='bbox 1037 1192 1374 1248; x_wconf 90' lang='lat' dir='ltr'><strong>mirabimini</strong></span> <span class='ocrx_word' id='word_1_56' title='bbox 1426 1190 1519 1261; x_wconf 90' lang='lat' dir='ltr'><strong>qui</strong></span> <span class='ocrx_word' id='word_1_57' title='bbox 1571 1204 1674 1258; x_wconf 89' lang='lat' dir='ltr'><strong>ego</strong></span> <span class='ocrx_word' id='word_1_58' title='bbox 1716 1185 2076 1258; x_wconf 57' lang='lat' dir='ltr'><strong>praiscierim,</strong></span> 
     </span>
    </p>
   </div>
   <div class='ocr_carea' id='block_1_10' title="bbox 508 1279 2080 1361">
    <p class='ocr_par' dir='ltr' id='par_1_10' title="bbox 508 1279 2080 1361">
     <span class='ocr_line' id='line_1_10' title="bbox 508 1279 2080 1361; baseline -0.01 -15"><span class='ocrx_word' id='word_1_59' title='bbox 508 1302 564 1346; x_wconf 87' lang='lat' dir='ltr'><strong>et</strong></span> <span class='ocrx_word' id='word_1_60' title='bbox 602 1293 780 1361; x_wconf 90' lang='lat' dir='ltr'><strong>ipsum</strong></span> <span class='ocrx_word' id='word_1_61' title='bbox 832 1286 1062 1358; x_wconf 83' lang='lat' dir='ltr'><strong>periculi</strong></span> <span class='ocrx_word' id='word_1_62' title='bbox 1112 1293 1331 1354; x_wconf 89' lang='lat' dir='ltr'><strong>tempus</strong></span> <span class='ocrx_word' id='word_1_63' title='bbox 1373 1279 1885 1337; x_wconf 83' lang='lat' dir='ltr'><strong>manifestissimum</strong></span> <span class='ocrx_word' id='word_1_64' title='bbox 1915 1284 2080 1332; x_wconf 70' lang='lat' dir='ltr'><strong>certae</strong></span> 
     </span>
    </p>
   </div>
   <div class='ocr_carea' id='block_1_11' title="bbox 509 1367 2078 1446">
    <p class='ocr_par' dir='ltr' id='par_1_11' title="bbox 509 1367 2078 1446">
     <span class='ocr_line' id='line_1_11' title="bbox 509 1367 2078 1446; baseline -0.011 -8"><span class='ocrx_word' id='word_1_65' title='bbox 509 1383 634 1438; x_wconf 85' lang='lat' dir='ltr'><strong>ﬁdei</strong></span> <span class='ocrx_word' id='word_1_66' title='bbox 686 1381 842 1436; x_wconf 83' lang='lat' dir='ltr'><strong>vobis</strong></span> <span class='ocrx_word' id='word_1_67' title='bbox 893 1379 998 1434; x_wconf 89' lang='lat' dir='ltr'><strong>erit</strong></span> <span class='ocrx_word' id='word_1_68' title='bbox 1064 1383 1474 1446; x_wconf 81' lang='lat' dir='ltr'><strong>argumentum.</strong></span> <span class='ocrx_word' id='word_1_69' title='bbox 1532 1371 1666 1426; x_wconf 85' lang='lat' dir='ltr'><strong>Nam</strong></span> <span class='ocrx_word' id='word_1_70' title='bbox 1728 1369 1823 1440; x_wconf 89' lang='lat' dir='ltr'><strong>qui</strong></span> <span class='ocrx_word' id='word_1_71' title='bbox 1894 1367 2078 1422; x_wconf 87' lang='lat' dir='ltr'><strong>futura</strong></span> 
     </span>
    </p>
   </div>
   <div class='ocr_carea' id='block_1_12' title="bbox 510 1457 2080 1540">
    <p class='ocr_par' dir='ltr' id='par_1_12' title="bbox 510 1457 2080 1540">
     <span class='ocr_line' id='line_1_12' title="bbox 510 1457 2080 1540; baseline -0.01 -16"><span class='ocrx_word' id='word_1_72' title='bbox 510 1469 683 1532; x_wconf 89' lang='lat' dir='ltr'><strong>novit,</strong></span> <span class='ocrx_word' id='word_1_73' title='bbox 703 1466 981 1540; x_wconf 88' lang='lat' dir='ltr'><strong>quomodo</strong></span> <span class='ocrx_word' id='word_1_74' title='bbox 1013 1481 1122 1519; x_wconf 92' lang='lat' dir='ltr'><strong>non</strong></span> <span class='ocrx_word' id='word_1_75' title='bbox 1155 1464 1262 1519; x_wconf 90' lang='lat' dir='ltr'><strong>erit</strong></span> <span class='ocrx_word' id='word_1_76' title='bbox 1286 1460 1590 1519; x_wconf 88' lang='lat' dir='ltr'><strong>secundum</strong></span> <span class='ocrx_word' id='word_1_77' title='bbox 1619 1468 1877 1514; x_wconf 89' lang='lat' dir='ltr'><strong>naturam</strong></span> <span class='ocrx_word' id='word_1_78' title='bbox 1904 1457 2080 1513; x_wconf 80' lang='lat' dir='ltr'><strong>Deus?</strong></span> 
     </span>
    </p>
   </div>
   <div class='ocr_carea' id='block_1_13' title="bbox 509 1550 2080 1628">
    <p class='ocr_par' dir='ltr' id='par_1_13' title="bbox 509 1550 2080 1628">
     <span class='ocr_line' id='line_1_13' title="bbox 509 1550 2080 1628; baseline -0.008 -14"><span class='ocrx_word' id='word_1_79' title='bbox 509 1559 739 1622; x_wconf 90' lang='lat' dir='ltr'><strong>Deinde,</strong></span> <span class='ocrx_word' id='word_1_80' title='bbox 772 1558 864 1628; x_wconf 89' lang='lat' dir='ltr'><strong>qui</strong></span> <span class='ocrx_word' id='word_1_81' title='bbox 901 1563 1242 1628; x_wconf 68' lang='lat' dir='ltr'><strong>praeparatus</strong></span> <span class='ocrx_word' id='word_1_82' title='bbox 1291 1561 1372 1609; x_wconf 91' lang='lat' dir='ltr'><strong>est</strong></span> <span class='ocrx_word' id='word_1_83' title='bbox 1421 1563 1477 1609; x_wconf 90' lang='lat' dir='ltr'><strong>et</strong></span> <span class='ocrx_word' id='word_1_84' title='bbox 1516 1552 1724 1622; x_wconf 85' lang='lat' dir='ltr'><strong>aliquid</strong></span> <span class='ocrx_word' id='word_1_85' title='bbox 1767 1550 1874 1607; x_wconf 90' lang='lat' dir='ltr'><strong>sibi</strong></span> <span class='ocrx_word' id='word_1_86' title='bbox 1918 1565 2080 1604; x_wconf 91' lang='lat' dir='ltr'><strong>even-</strong></span> 
     </span>
    </p>
   </div>
   <div class='ocr_carea' id='block_1_14' title="bbox 509 1639 2080 1710">
    <p class='ocr_par' dir='ltr' id='par_1_14' title="bbox 509 1639 2080 1710">
     <span class='ocr_line' id='line_1_14' title="bbox 509 1639 2080 1710; baseline -0.009 -4"><span class='ocrx_word' id='word_1_87' title='bbox 509 1663 694 1706; x_wconf 90' lang='lat' dir='ltr'><strong>turum</strong></span> <span class='ocrx_word' id='word_1_88' title='bbox 730 1659 894 1704; x_wconf 89' lang='lat' dir='ltr'><strong>antea</strong></span> <span class='ocrx_word' id='word_1_89' title='bbox 918 1649 1088 1710; x_wconf 88' lang='lat' dir='ltr'><strong>novit,</strong></span> <span class='ocrx_word' id='word_1_90' title='bbox 1105 1645 1312 1701; x_wconf 86' lang='lat' dir='ltr'><strong>leviore</strong></span> <span class='ocrx_word' id='word_1_91' title='bbox 1338 1651 1488 1699; x_wconf 88' lang='lat' dir='ltr'><strong>metu</strong></span> <span class='ocrx_word' id='word_1_92' title='bbox 1516 1643 1806 1707; x_wconf 77' lang='lat' dir='ltr'><strong>afﬁcietur,</strong></span> <span class='ocrx_word' id='word_1_93' title='bbox 1829 1647 1884 1695; x_wconf 87' lang='lat' dir='ltr'><strong>et</strong></span> <span class='ocrx_word' id='word_1_94' title='bbox 1904 1639 2080 1709; x_wconf 87' lang='lat' dir='ltr'><strong>quod-</strong></span> 
     </span>
    </p>
   </div>
   <div class='ocr_carea' id='block_1_15' title="bbox 509 1732 2082 1810">
    <p class='ocr_par' dir='ltr' id='par_1_15' title="bbox 509 1732 2082 1810">
     <span class='ocr_line' id='line_1_15' title="bbox 509 1732 2082 1810; baseline -0.009 -14"><span class='ocrx_word' id='word_1_95' title='bbox 509 1756 730 1810; x_wconf 92' lang='lat' dir='ltr'><strong>cunque</strong></span> <span class='ocrx_word' id='word_1_96' title='bbox 778 1753 941 1810; x_wconf 80' lang='lat' dir='ltr'><strong>grave</strong></span> <span class='ocrx_word' id='word_1_97' title='bbox 1001 1752 1126 1793; x_wconf 90' lang='lat' dir='ltr'><strong>esse</strong></span> <span class='ocrx_word' id='word_1_98' title='bbox 1169 1735 1389 1791; x_wconf 86' lang='lat' dir='ltr'><strong>videtur</strong></span> <span class='ocrx_word' id='word_1_99' title='bbox 1453 1733 1614 1789; x_wconf 84' lang='lat' dir='ltr'><strong>facile</strong></span> <span class='ocrx_word' id='word_1_100' title='bbox 1679 1732 1984 1803; x_wconf 83' lang='lat' dir='ltr'><strong>superabit,</strong></span> <span class='ocrx_word' id='word_1_101' title='bbox 2027 1740 2082 1788; x_wconf 79' lang='lat' dir='ltr'><strong>et</strong></span> 
     </span>
    </p>
   </div>
   <div class='ocr_carea' id='block_1_16' title="bbox 1497 323 2736 395">
    <p class='ocr_par' dir='ltr' id='par_1_16' title="bbox 1497 323 2736 395">
     <span class='ocr_line' id='line_1_16' title="bbox 1497 323 2736 395; baseline -0.015 -1"><span class='ocrx_word' id='word_1_102' title='bbox 1497 341 1552 394; x_wconf 89' lang='lat' dir='ltr'><strong>S.</strong></span> <span class='ocrx_word' id='word_1_103' title='bbox 1595 337 1868 395; x_wconf 76' lang='lat' dir='ltr'><strong>CYRILIJ</strong></span> <span class='ocrx_word' id='word_1_104' title='bbox 1910 329 2380 390; x_wconf 68' lang='lat' dir='ltr'><strong>ALEXANDRINI</strong></span> <span class='ocrx_word' id='word_1_105' title='bbox 2421 323 2736 380; x_wconf 78' lang='lat' dir='ltr'><strong>ARCIIIEP.</strong></span> 
     </span>
    </p>
   </div>
   <div class='ocr_carea' id='block_1_17' title="bbox 507 436 2092 539">
    <p class='ocr_par' dir='ltr' id='par_1_17' title="bbox 507 456 2077 539">
     <span class='ocr_line' id='line_1_17' title="bbox 507 456 2077 539; baseline -0.011 -13"><span class='ocrx_word' id='word_1_106' title='bbox 507 487 630 526; x_wconf 92' lang='lat' dir='ltr'><strong>nem</strong></span> <span class='ocrx_word' id='word_1_107' title='bbox 654 469 871 534; x_wconf 83' lang='lat' dir='ltr'><strong>asserit,</strong></span> <span class='ocrx_word' id='word_1_108' title='bbox 895 483 1059 539; x_wconf 87' lang='lat' dir='ltr'><strong>quam</strong></span> <span class='ocrx_word' id='word_1_109' title='bbox 1091 476 1151 520; x_wconf 91' lang='lat' dir='ltr'><strong>ut</strong></span> <span class='ocrx_word' id='word_1_110' title='bbox 1180 470 1566 536; x_wconf 86' lang='lat' dir='ltr'><strong>agnoscerent,</strong></span> <span class='ocrx_word' id='word_1_111' title='bbox 1590 461 1636 516; x_wconf 88' lang='lat' dir='ltr'><strong>si</strong></span> <span class='ocrx_word' id='word_1_112' title='bbox 1669 460 1725 514; x_wconf 91' lang='lat' dir='ltr'><strong>in</strong></span> <span class='ocrx_word' id='word_1_113' title='bbox 1745 456 2077 514; x_wconf 88' lang='lat' dir='ltr'><strong>lentationes</strong></span> 
     </span>
    </p>
   </div>
   <div class='ocr_carea' id='block_1_18' title="bbox 2199 436 3069 539">
    <p class='ocr_par' dir='ltr' id='par_1_18' title="bbox 2199 436 3069 539">
     <span class='ocr_line' id='line_1_18' title="bbox 2199 436 3069 539; baseline -0.018 -36"><span class='ocrx_word' id='word_1_114' title='bbox 2199 451 2306 503; x_wconf 81' lang='lat' dir='ltr'><strong>r0at</strong></span> <span class='ocrx_word' id='word_1_115' title='bbox 2336 449 2427 501; x_wconf 85' lang='grc' dir='ltr'><strong>τὸν</strong></span> <span class='ocrx_word' id='word_1_116' title='bbox 2459 445 2615 514; x_wconf 86' lang='grc' dir='ltr'>λόγον</span> <span class='ocrx_word' id='word_1_117' title='bbox 2649 436 3069 539; x_wconf 72' lang='grc' dir='ltr'>διῖσχύρίζεταιῖ</span> 
     </span>
    </p>
   </div>
   <div class='ocr_carea' id='block_1_19' title="bbox 3658 308 3766 361">
    <p class='ocr_par' dir='ltr' id='par_1_19' title="bbox 3658 308 3766 361">
     <span class='ocr_line' id='line_1_19' title="bbox 3658 308 3766 361; baseline -0.009 0"><span class='ocrx_word' id='word_1_118' title='bbox 3658 308 3766 361; x_wconf 68' lang='grc'><strong>428</strong></span> 
     </span>
    </p>
   </div>
   <div class='ocr_carea' id='block_1_20' title="bbox 3117 431 3766 506">
    <p class='ocr_par' dir='ltr' id='par_1_20' title="bbox 3117 431 3766 506">
     <span class='ocr_line' id='line_1_20' title="bbox 3117 431 3766 506; baseline -0.012 -19"><span class='ocrx_word' id='word_1_119' title='bbox 3117 434 3150 506; x_wconf 81' lang='grc' dir='ltr'>ἢ</span> <span class='ocrx_word' id='word_1_120' title='bbox 3190 433 3278 486; x_wconf 81' lang='grc' dir='ltr'>ἵνα</span> <span class='ocrx_word' id='word_1_121' title='bbox 3304 431 3652 500; x_wconf 81' lang='grc' dir='ltr'>γινώσκοιεν,</span> <span class='ocrx_word' id='word_1_122' title='bbox 3683 431 3766 480; x_wconf 74' lang='grc' dir='ltr'>ᾶτι</span> 
     </span>
    </p>
   </div>
   <div class='ocr_carea' id='block_1_21' title="bbox 2181 516 3766 608">
    <p class='ocr_par' dir='ltr' id='par_1_21' title="bbox 2181 516 3766 608">
     <span class='ocr_line' id='line_1_21' title="bbox 2181 516 3766 608; baseline -0.017 -18"><span class='ocrx_word' id='word_1_123' title='bbox 2181 539 2245 608; x_wconf 83' lang='grc' dir='ltr'>δὴ</span> <span class='ocrx_word' id='word_1_124' title='bbox 2287 535 2505 596; x_wconf 87' lang='grc' dir='ltr'>πάντως</span> <span class='ocrx_word' id='word_1_125' title='bbox 2530 534 2643 594; x_wconf 86' lang='grc' dir='ltr'>τοῖς</span> <span class='ocrx_word' id='word_1_126' title='bbox 2685 528 2753 582; x_wconf 87' lang='grc' dir='ltr'>δι’</span> <span class='ocrx_word' id='word_1_127' title='bbox 2787 524 2966 580; x_wconf 81' lang='grc' dir='ltr'>αὐτῶν</span> <span class='ocrx_word' id='word_1_128' title='bbox 2995 523 3015 594; x_wconf 83' lang='grc'>[</span> <span class='ocrx_word' id='word_1_129' title='bbox 3043 522 3126 576; x_wconf 86' lang='grc' dir='ltr'><strong>ἵσ.</strong></span> <span class='ocrx_word' id='word_1_130' title='bbox 3163 517 3364 589; x_wconf 74' lang='grc' dir='ltr'>αὐτὸν]</span> <span class='ocrx_word' id='word_1_131' title='bbox 3395 516 3766 586; x_wconf 68' lang='grc' dir='ltr'><strong>ὁμιλήσαντες</strong></span> 
     </span>
    </p>
   </div>
   <div class='ocr_carea' id='block_1_22' title="bbox 2184 609 3770 699">
    <p class='ocr_par' dir='ltr' id='par_1_22' title="bbox 2184 609 3770 699">
     <span class='ocr_line' id='line_1_22' title="bbox 2184 609 3770 699; baseline -0.016 -17"><span class='ocrx_word' id='word_1_132' title='bbox 2184 629 2510 699; x_wconf 82' lang='grc' dir='ltr'>πειρασμοῖς</span> <span class='ocrx_word' id='word_1_133' title='bbox 2565 624 2664 692; x_wconf 82' lang='grc' dir='ltr'>τῆς</span> <span class='ocrx_word' id='word_1_134' title='bbox 2712 617 3030 691; x_wconf 85' lang='grc' dir='ltr'>ἁμαρτίας,</span> <span class='ocrx_word' id='word_1_135' title='bbox 3084 613 3182 684; x_wconf 87' lang='grc' dir='ltr'>τὴν</span> <span class='ocrx_word' id='word_1_136' title='bbox 3226 609 3476 665; x_wconf 86' lang='grc' dir='ltr'>ἐντεῦθεν</span> <span class='ocrx_word' id='word_1_137' title='bbox 3518 609 3770 675; x_wconf 82' lang='grc' dir='ltr'>ἀποκερ-</span> 
     </span>
    </p>
   </div>
   <div class='ocr_carea' id='block_1_23' title="bbox 2181 697 3770 780">
    <p class='ocr_par' dir='ltr' id='par_1_23' title="bbox 2181 697 3770 780">
     <span class='ocr_line' id='line_1_23' title="bbox 2181 697 3770 780; baseline -0.018 -6"><span class='ocrx_word' id='word_1_138' title='bbox 2181 697 2398 773; x_wconf 74' lang='grc' dir='ltr'>δανοῦσι</span> <span class='ocrx_word' id='word_1_139' title='bbox 2427 716 2605 780; x_wconf 84' lang='grc' dir='ltr'>δόξαν.</span> <span class='ocrx_word' id='word_1_140' title='bbox 2657 712 2733 765; x_wconf 87' lang='grc' dir='ltr'>Ού</span> <span class='ocrx_word' id='word_1_141' title='bbox 2766 709 2876 780; x_wconf 83' lang='grc' dir='ltr'>γὰρ</span> <span class='ocrx_word' id='word_1_142' title='bbox 2913 708 2978 778; x_wconf 81' lang='grc' dir='ltr'>δὴ</span> <span class='ocrx_word' id='word_1_143' title='bbox 3018 703 3326 777; x_wconf 82' lang='grc' dir='ltr'><strong>προείρηκα</strong></span> <span class='ocrx_word' id='word_1_144' title='bbox 3351 740 3366 766; x_wconf 87' lang='grc'><strong>,</strong></span> <span class='ocrx_word' id='word_1_145' title='bbox 3410 699 3548 771; x_wconf 77' lang='grc' dir='ltr'>φησὶ</span> <span class='ocrx_word' id='word_1_146' title='bbox 3574 738 3590 762; x_wconf 91' lang='grc'><strong>,</strong></span> <span class='ocrx_word' id='word_1_147' title='bbox 3634 697 3770 756; x_wconf 73' lang='grc' dir='ltr'>τοὺς</span> 
     </span>
    </p>
   </div>
   <div class='ocr_carea' id='block_1_24' title="bbox 2181 785 3770 877">
    <p class='ocr_par' dir='ltr' id='par_1_24' title="bbox 2181 785 3770 877">
     <span class='ocr_line' id='line_1_24' title="bbox 2181 785 3770 877; baseline -0.018 -13"><span class='ocrx_word' id='word_1_148' title='bbox 2181 811 2369 873; x_wconf 81' lang='grc' dir='ltr'>τόνους</span> <span class='ocrx_word' id='word_1_149' title='bbox 2413 810 2510 877; x_wconf 84' lang='grc' dir='ltr'><strong>τῆς</strong></span> <span class='ocrx_word' id='word_1_150' title='bbox 2543 803 2820 876; x_wconf 79' lang='grc' dir='ltr'><strong>ὑμετέρας</strong></span> <span class='ocrx_word' id='word_1_151' title='bbox 2849 797 3084 860; x_wconf 83' lang='grc' dir='ltr'><strong>διανοίας</strong></span> <span class='ocrx_word' id='word_1_152' title='bbox 3117 790 3543 865; x_wconf 82' lang='grc' dir='ltr'>προαπονευρῶν</span> <span class='ocrx_word' id='word_1_153' title='bbox 3568 829 3585 854; x_wconf 88' lang='grc'><strong>,</strong></span> <span class='ocrx_word' id='word_1_154' title='bbox 3643 785 3770 840; x_wconf 74' lang='grc' dir='ltr'>ἀλλ’</span> 
     </span>
    </p>
   </div>
   <div class='ocr_carea' id='block_1_25' title="bbox 2183 881 3773 973">
    <p class='ocr_par' dir='ltr' id='par_1_25' title="bbox 2183 881 3773 973">
     <span class='ocr_line' id='line_1_25' title="bbox 2183 881 3773 973; baseline -0.016 -17"><span class='ocrx_word' id='word_1_155' title='bbox 2183 905 2303 958; x_wconf 83' lang='grc' dir='ltr'><strong>ούδέ</strong></span> <span class='ocrx_word' id='word_1_156' title='bbox 2335 901 2586 973; x_wconf 88' lang='grc' dir='ltr'>πρόωρον</span> <span class='ocrx_word' id='word_1_157' title='bbox 2628 897 2756 966; x_wconf 84' lang='grc' dir='ltr'>ὑμῖν</span> <span class='ocrx_word' id='word_1_158' title='bbox 2804 896 2869 946; x_wconf 86' lang='grc' dir='ltr'><strong>ἐκ</strong></span> <span class='ocrx_word' id='word_1_159' title='bbox 2917 889 3005 943; x_wconf 87' lang='grc' dir='ltr'><strong>τοῦ</strong></span> <span class='ocrx_word' id='word_1_160' title='bbox 3052 885 3339 940; x_wconf 86' lang='grc' dir='ltr'>πείσεσθαί</span> <span class='ocrx_word' id='word_1_161' title='bbox 3368 902 3420 936; x_wconf 86' lang='grc' dir='ltr'><strong>τι</strong></span> <span class='ocrx_word' id='word_1_162' title='bbox 3448 881 3773 953; x_wconf 76' lang='grc' dir='ltr'>προσδοκᾷν</span> 
     </span>
    </p>
   </div>
   <div class='ocr_carea' id='block_1_26' title="bbox 2186 978 3771 1066">
    <p class='ocr_par' dir='ltr' id='par_1_26' title="bbox 2186 978 3771 1066">
     <span class='ocr_line' id='line_1_26' title="bbox 2186 978 3771 1066; baseline -0.012 -16"><span class='ocrx_word' id='word_1_163' title='bbox 2186 998 2477 1066; x_wconf 78' lang='grc' dir='ltr'>ἐπινοήσας</span> <span class='ocrx_word' id='word_1_164' title='bbox 2506 992 2567 1044; x_wconf 85' lang='grc' dir='ltr'><strong>τὸ</strong></span> <span class='ocrx_word' id='word_1_165' title='bbox 2591 991 2774 1059; x_wconf 89' lang='grc' dir='ltr'>δεῖμα,</span> <span class='ocrx_word' id='word_1_166' title='bbox 2814 983 3214 1058; x_wconf 84' lang='grc' dir='ltr'>προγινώσκειν</span> <span class='ocrx_word' id='word_1_167' title='bbox 3247 981 3302 1033; x_wconf 84' lang='grc' dir='ltr'><strong>δέ</strong></span> <span class='ocrx_word' id='word_1_168' title='bbox 3333 979 3530 1050; x_wconf 81' lang='grc' dir='ltr'>μᾶλλον</span> <span class='ocrx_word' id='word_1_169' title='bbox 3556 978 3771 1041; x_wconf 73' lang='grc' dir='ltr'>διδοὺς.</span> 
     </span>
    </p>
   </div>
   <div class='ocr_carea' id='block_1_27' title="bbox 2185 1071 3776 1156">
    <p class='ocr_par' dir='ltr' id='par_1_27' title="bbox 2185 1071 3776 1156">
     <span class='ocr_line' id='line_1_27' title="bbox 2185 1071 3776 1156; baseline -0.014 -13"><span class='ocrx_word' id='word_1_170' title='bbox 2185 1091 2272 1143; x_wconf 83' lang='grc' dir='ltr'>ἵνα</span> <span class='ocrx_word' id='word_1_171' title='bbox 2300 1086 2483 1156; x_wconf 81' lang='grc' dir='ltr'>διττὴν</span> <span class='ocrx_word' id='word_1_172' title='bbox 2518 1081 2766 1136; x_wconf 87' lang='grc' dir='ltr'>ἐντεῦθεν</span> <span class='ocrx_word' id='word_1_173' title='bbox 2798 1079 2897 1149; x_wconf 81' lang='grc' dir='ltr'><strong>τὴν</strong></span> <span class='ocrx_word' id='word_1_174' title='bbox 2935 1075 3205 1146; x_wconf 77' lang='grc' dir='ltr'>ὠφέλειαν</span> <span class='ocrx_word' id='word_1_175' title='bbox 3247 1073 3566 1143; x_wconf 86' lang='grc' dir='ltr'>κερδάνητε.</span> <span class='ocrx_word' id='word_1_176' title='bbox 3602 1071 3776 1141; x_wconf 77' lang='grc' dir='ltr'><strong>Πρῶ-</strong></span> 
     </span>
    </p>
   </div>
   <div class='ocr_carea' id='block_1_28' title="bbox 2184 1163 3779 1250">
    <p class='ocr_par' dir='ltr' id='par_1_28' title="bbox 2184 1163 3779 1250">
     <span class='ocr_line' id='line_1_28' title="bbox 2184 1163 3779 1250; baseline -0.013 -15"><span class='ocrx_word' id='word_1_177' title='bbox 2184 1199 2278 1234; x_wconf 89' lang='grc' dir='ltr'><strong>τον</strong></span> <span class='ocrx_word' id='word_1_178' title='bbox 2305 1182 2401 1250; x_wconf 82' lang='grc' dir='ltr'><strong>μὲν</strong></span> <span class='ocrx_word' id='word_1_179' title='bbox 2428 1178 2536 1248; x_wconf 76' lang='grc' dir='ltr'><strong>γὰρ</strong></span> <span class='ocrx_word' id='word_1_180' title='bbox 2571 1171 3031 1246; x_wconf 79' lang='grc' dir='ltr'>ἀναμνησθέντες,</span> <span class='ocrx_word' id='word_1_181' title='bbox 3058 1169 3138 1220; x_wconf 85' lang='grc' dir='ltr'>ὅτι</span> <span class='ocrx_word' id='word_1_182' title='bbox 3184 1168 3443 1237; x_wconf 81' lang='grc' dir='ltr'>προεῖπον</span> <span class='ocrx_word' id='word_1_183' title='bbox 3486 1163 3626 1233; x_wconf 86' lang='grc' dir='ltr'>ἐγὼ,</span> <span class='ocrx_word' id='word_1_184' title='bbox 3673 1163 3779 1216; x_wconf 76' lang='grc' dir='ltr'><strong>τὸν</strong></span> 
     </span>
    </p>
   </div>
   <div class='ocr_carea' id='block_1_29' title="bbox 2187 1255 3781 1342">
    <p class='ocr_par' dir='ltr' id='par_1_29' title="bbox 2187 1255 3781 1342">
     <span class='ocr_line' id='line_1_29' title="bbox 2187 1255 3781 1342; baseline -0.013 -15"><span class='ocrx_word' id='word_1_185' title='bbox 2187 1269 2573 1342; x_wconf 77' lang='grc' dir='ltr'>προεγνωκότα</span> <span class='ocrx_word' id='word_1_186' title='bbox 2604 1264 2935 1336; x_wconf 85' lang='grc' dir='ltr'>θαυμάσετε,</span> <span class='ocrx_word' id='word_1_187' title='bbox 2968 1261 3062 1314; x_wconf 78' lang='grc' dir='ltr'>καὶ</span> <span class='ocrx_word' id='word_1_188' title='bbox 3088 1259 3248 1322; x_wconf 74' lang='grc' dir='ltr'>αὐτὸς</span> <span class='ocrx_word' id='word_1_189' title='bbox 3296 1259 3422 1328; x_wconf 82' lang='grc' dir='ltr'>ὑμῖν</span> <span class='ocrx_word' id='word_1_190' title='bbox 3452 1259 3480 1310; x_wconf 87' lang='grc' dir='ltr'>ὁ</span> <span class='ocrx_word' id='word_1_191' title='bbox 3507 1255 3607 1309; x_wconf 89' lang='grc' dir='ltr'><strong>τοῦ</strong></span> <span class='ocrx_word' id='word_1_192' title='bbox 3651 1273 3781 1308; x_wconf 84' lang='grc' dir='ltr'>κιν-</span> 
     </span>
    </p>
   </div>
   <div class='ocr_carea' id='block_1_30' title="bbox 2185 1347 3782 1434">
    <p class='ocr_par' dir='ltr' id='par_1_30' title="bbox 2185 1347 3782 1434">
     <span class='ocr_line' id='line_1_30' title="bbox 2185 1347 3782 1434; baseline -0.013 -16"><span class='ocrx_word' id='word_1_193' title='bbox 2185 1365 2343 1418; x_wconf 83' lang='grc' dir='ltr'>δύνου</span> <span class='ocrx_word' id='word_1_194' title='bbox 2373 1361 2561 1434; x_wconf 82' lang='grc' dir='ltr'>καιρὸς</span> <span class='ocrx_word' id='word_1_195' title='bbox 2584 1360 2662 1422; x_wconf 87' lang='grc' dir='ltr'><strong>είς</strong></span> <span class='ocrx_word' id='word_1_196' title='bbox 2693 1353 3068 1426; x_wconf 76' lang='grc' dir='ltr'>πληροφορίαν</span> <span class='ocrx_word' id='word_1_197' title='bbox 3102 1348 3380 1418; x_wconf 79' lang='grc' dir='ltr'>ἀσφαλοῦς</span> <span class='ocrx_word' id='word_1_198' title='bbox 3409 1347 3782 1418; x_wconf 81' lang='grc' dir='ltr'>συμὸήσεται</span> 
     </span>
    </p>
   </div>
   <div class='ocr_carea' id='block_1_31' title="bbox 2188 1437 3780 1521">
    <p class='ocr_par' dir='ltr' id='par_1_31' title="bbox 2188 1437 3780 1521">
     <span class='ocr_line' id='line_1_31' title="bbox 2188 1437 3780 1521; baseline -0.014 -13"><span class='ocrx_word' id='word_1_199' title='bbox 2188 1456 2444 1516; x_wconf 89' lang='grc' dir='ltr'>πίστεως.</span> <span class='ocrx_word' id='word_1_200' title='bbox 2488 1453 2545 1504; x_wconf 85' lang='grc' dir='ltr'>ὐ</span> <span class='ocrx_word' id='word_1_201' title='bbox 2581 1450 2691 1521; x_wconf 74' lang='grc' dir='ltr'><strong>γὰρ</strong></span> <span class='ocrx_word' id='word_1_202' title='bbox 2720 1448 2873 1509; x_wconf 82' lang='grc' dir='ltr'>εἰδὼς</span> <span class='ocrx_word' id='word_1_203' title='bbox 2899 1445 2966 1498; x_wconf 86' lang='grc' dir='ltr'>τὰ</span> <span class='ocrx_word' id='word_1_204' title='bbox 2992 1444 3246 1513; x_wconf 79' lang='grc' dir='ltr'>ἐσόμενα,</span> <span class='ocrx_word' id='word_1_205' title='bbox 3285 1440 3404 1502; x_wconf 82' lang='grc' dir='ltr'><strong>πῶς</strong></span> <span class='ocrx_word' id='word_1_206' title='bbox 3441 1439 3542 1491; x_wconf 80' lang='grc' dir='ltr'><strong>οὐκ</strong></span> <span class='ocrx_word' id='word_1_207' title='bbox 3578 1437 3648 1492; x_wconf 81' lang='grc' dir='ltr'><strong>ἂν</strong></span> <span class='ocrx_word' id='word_1_208' title='bbox 3685 1437 3780 1505; x_wconf 80' lang='grc' dir='ltr'><strong>εἴη</strong></span> 
     </span>
    </p>
   </div>
   <div class='ocr_carea' id='block_1_32' title="bbox 2189 1530 3862 1615">
    <p class='ocr_par' dir='ltr' id='par_1_32' title="bbox 2189 1530 3862 1615">
     <span class='ocr_line' id='line_1_32' title="bbox 2189 1530 3862 1615; baseline -0.013 -14"><span class='ocrx_word' id='word_1_209' title='bbox 2189 1547 2331 1602; x_wconf 87' lang='grc' dir='ltr'><strong>κατά</strong></span> <span class='ocrx_word' id='word_1_210' title='bbox 2357 1545 2520 1615; x_wconf 70' lang='grc' dir='ltr'>φύσιν</span> <span class='ocrx_word' id='word_1_211' title='bbox 2549 1543 2712 1607; x_wconf 60' lang='lat' dir='ltr'><strong>Beck;</strong></span> <span class='ocrx_word' id='word_1_212' title='bbox 2747 1541 2856 1594; x_wconf 76' lang='grc' dir='ltr'>Καὶ</span> <span class='ocrx_word' id='word_1_213' title='bbox 2891 1539 3024 1610; x_wconf 84' lang='grc' dir='ltr'>πρός</span> <span class='ocrx_word' id='word_1_214' title='bbox 3055 1552 3118 1602; x_wconf 88' lang='grc' dir='ltr'><strong>γε</strong></span> <span class='ocrx_word' id='word_1_215' title='bbox 3162 1533 3335 1602; x_wconf 85' lang='grc' dir='ltr'>τούτῳ</span> <span class='ocrx_word' id='word_1_216' title='bbox 3361 1531 3420 1585; x_wconf 85' lang='grc' dir='ltr'><strong>τὸ</strong></span> <span class='ocrx_word' id='word_1_217' title='bbox 3450 1531 3534 1584; x_wconf 77' lang='grc' dir='ltr'>ἓτε</span> <span class='ocrx_word' id='word_1_218' title='bbox 3548 1548 3665 1601; x_wconf 86' lang='grc' dir='ltr'>ρον.</span> <span class='ocrx_word' id='word_1_219' title='bbox 3717 1530 3784 1581; x_wconf 83' lang='lat'><strong>&#39;0</strong></span> <span class='ocrx_word' id='word_1_220' title='bbox 3849 1530 3862 1605; x_wconf 38' lang='grc' dir='ltr'><em>Α</em></span> 
     </span>
    </p>
   </div>
   <div class='ocr_carea' id='block_1_33' title="bbox 2188 1615 3844 1711">
    <p class='ocr_par' dir='ltr' id='par_1_33' title="bbox 2188 1615 3844 1711">
     <span class='ocr_line' id='line_1_33' title="bbox 2188 1615 3844 1711; baseline -0.013 -18"><span class='ocrx_word' id='word_1_221' title='bbox 2188 1640 2298 1711; x_wconf 78' lang='grc' dir='ltr'>γὰρ</span> <span class='ocrx_word' id='word_1_222' title='bbox 2347 1639 2412 1710; x_wconf 85' lang='grc' dir='ltr'>δὴ</span> <span class='ocrx_word' id='word_1_223' title='bbox 2466 1631 3051 1709; x_wconf 86' lang='grc' dir='ltr'>προηυτρεπισμένος,</span> <span class='ocrx_word' id='word_1_224' title='bbox 3108 1626 3202 1681; x_wconf 72' lang='grc' dir='ltr'>καὶ</span> <span class='ocrx_word' id='word_1_225' title='bbox 3253 1622 3624 1695; x_wconf 86' lang='grc' dir='ltr'>προεγνωκὼς</span> <span class='ocrx_word' id='word_1_226' title='bbox 3690 1625 3784 1675; x_wconf 79' lang='grc' dir='ltr'>ὅτι</span> <span class='ocrx_word' id='word_1_227' title='bbox 3841 1615 3844 1618; x_wconf 63' lang='grc'><strong>’</strong></span> 
     </span>
    </p>
   </div>
   <div class='ocr_carea' id='block_1_34' title="bbox 2189 1715 3778 1800">
    <p class='ocr_par' dir='ltr' id='par_1_34' title="bbox 2189 1715 3778 1800">
     <span class='ocr_line' id='line_1_34' title="bbox 2189 1715 3778 1800; baseline -0.013 -15"><span class='ocrx_word' id='word_1_228' title='bbox 2189 1733 2457 1795; x_wconf 85' lang='grc' dir='ltr'>πείσεται,</span> <span class='ocrx_word' id='word_1_229' title='bbox 2493 1725 2898 1800; x_wconf 83' lang='grc' dir='ltr'>μαλθακωτέρῳ</span> <span class='ocrx_word' id='word_1_230' title='bbox 2933 1722 3031 1794; x_wconf 84' lang='grc' dir='ltr'><strong>μὲν</strong></span> <span class='ocrx_word' id='word_1_231' title='bbox 3059 1719 3437 1792; x_wconf 80' lang='grc' dir='ltr'>περιτεύξεται</span> <span class='ocrx_word' id='word_1_232' title='bbox 3481 1717 3561 1786; x_wconf 81' lang='grc' dir='ltr'>τῷ</span> <span class='ocrx_word' id='word_1_233' title='bbox 3592 1715 3778 1784; x_wconf 71' lang='grc' dir='ltr'>φόϐῳ,</span> 
     </span>
    </p>
   </div>
   <div class='ocr_carea' id='block_1_35' title="bbox 509 1810 2092 1903">
    <p class='ocr_par' dir='ltr' id='par_1_35' title="bbox 509 1828 2079 1903">
     <span class='ocr_line' id='line_1_35' title="bbox 509 1828 2079 1903; baseline -0.008 -12"><span class='ocrx_word' id='word_1_234' title='bbox 509 1837 900 1891; x_wconf 89' lang='lat' dir='ltr'><strong>inconcussum</strong></span> <span class='ocrx_word' id='word_1_235' title='bbox 932 1834 987 1887; x_wconf 92' lang='lat' dir='ltr'><strong>in</strong></span> <span class='ocrx_word' id='word_1_236' title='bbox 1039 1832 1175 1903; x_wconf 90' lang='lat' dir='ltr'><strong>ipsis</strong></span> <span class='ocrx_word' id='word_1_237' title='bbox 1214 1831 1496 1885; x_wconf 83' lang='lat' dir='ltr'><strong>laboribus</strong></span> <span class='ocrx_word' id='word_1_238' title='bbox 1528 1830 1774 1883; x_wconf 91' lang='lat' dir='ltr'><strong>animum</strong></span> <span class='ocrx_word' id='word_1_239' title='bbox 1810 1835 1895 1883; x_wconf 86' lang='lat' dir='ltr'><strong>est</strong></span> <span class='ocrx_word' id='word_1_240' title='bbox 1927 1828 2079 1880; x_wconf 80' lang='lat' dir='ltr'><strong>babi-</strong></span> 
     </span>
    </p>
   </div>
   <div class='ocr_carea' id='block_1_36' title="bbox 2199 1810 3781 1903">
    <p class='ocr_par' dir='ltr' id='par_1_36' title="bbox 2199 1810 3781 1895">
     <span class='ocr_line' id='line_1_36' title="bbox 2199 1810 3781 1895; baseline -0.011 -17"><span class='ocrx_word' id='word_1_241' title='bbox 2199 1822 2662 1895; x_wconf 82' lang='grc' dir='ltr'>κατευμεγεθήσει</span> <span class='ocrx_word' id='word_1_242' title='bbox 2711 1819 2767 1872; x_wconf 86' lang='grc' dir='ltr'>δὲ</span> <span class='ocrx_word' id='word_1_243' title='bbox 2819 1817 3016 1888; x_wconf 79' lang='grc' dir='ltr'><strong>ῥᾳδίως</strong></span> <span class='ocrx_word' id='word_1_244' title='bbox 3079 1813 3280 1876; x_wconf 83' lang='grc' dir='ltr'>παντὸς</span> <span class='ocrx_word' id='word_1_245' title='bbox 3332 1812 3424 1866; x_wconf 85' lang='grc' dir='ltr'><strong>τοῦ</strong></span> <span class='ocrx_word' id='word_1_246' title='bbox 3478 1810 3781 1869; x_wconf 73' lang='grc' dir='ltr'>δοκοῦντος</span> 
     </span>
    </p>
   </div>
   <div class='ocr_carea' id='block_1_37' title="bbox 510 1919 2087 1996">
    <p class='ocr_par' dir='ltr' id='par_1_37' title="bbox 510 1919 2087 1996">
     <span class='ocr_line' id='line_1_37' title="bbox 510 1919 2087 1996; baseline -0.007 -16"><span class='ocrx_word' id='word_1_247' title='bbox 510 1937 695 1982; x_wconf 88' lang='lat' dir='ltr'><strong>turus.</strong></span> <span class='ocrx_word' id='word_1_248' title='bbox 749 1925 954 1980; x_wconf 62' lang='lat' dir='ltr'><strong>Praeter</strong></span> <span class='ocrx_word' id='word_1_249' title='bbox 1013 1939 1166 1996; x_wconf 90' lang='lat' dir='ltr'><strong>spem</strong></span> <span class='ocrx_word' id='word_1_250' title='bbox 1228 1925 1374 1976; x_wconf 91' lang='lat' dir='ltr'><strong>enim</strong></span> <span class='ocrx_word' id='word_1_251' title='bbox 1435 1921 1645 1992; x_wconf 88' lang='lat' dir='ltr'><strong>aliquid</strong></span> <span class='ocrx_word' id='word_1_252' title='bbox 1703 1921 1834 1990; x_wconf 90' lang='lat' dir='ltr'><strong>pati,</strong></span> <span class='ocrx_word' id='word_1_253' title='bbox 1892 1919 2087 1988; x_wconf 81' lang='lat' dir='ltr'><strong>pungit</strong></span> 
     </span>
    </p>
   </div>
   <div class='ocr_carea' id='block_1_38' title="bbox 510 2011 2084 2085">
    <p class='ocr_par' dir='ltr' id='par_1_38' title="bbox 510 2011 2084 2085">
     <span class='ocr_line' id='line_1_38' title="bbox 510 2011 2084 2085; baseline -0.008 -10"><span class='ocrx_word' id='word_1_254' title='bbox 510 2021 718 2075; x_wconf 88' lang='lat' dir='ltr'><strong>acrius.</strong></span> <span class='ocrx_word' id='word_1_255' title='bbox 766 2016 1040 2085; x_wconf 82' lang='lat' dir='ltr'><strong>Quocirca</strong></span> <span class='ocrx_word' id='word_1_256' title='bbox 1087 2014 1413 2071; x_wconf 88' lang='lat' dir='ltr'><strong>Psalmistes</strong></span> <span class='ocrx_word' id='word_1_257' title='bbox 1453 2014 1528 2068; x_wconf 85' lang='lat' dir='ltr'><strong>ait</strong></span> <span class='ocrx_word' id='word_1_258' title='bbox 1562 2032 1575 2067; x_wconf 91' lang='lat'><strong>:</strong></span> <span class='ocrx_word' id='word_1_259' title='bbox 1611 2031 1630 2064; x_wconf 75' lang='grc' dir='ltr'><strong>ι</strong></span> <span class='ocrx_word' id='word_1_260' title='bbox 1667 2011 1904 2068; x_wconf 88' lang='lat' dir='ltr'><strong>Paratus</strong></span> <span class='ocrx_word' id='word_1_261' title='bbox 1940 2027 2084 2072; x_wconf 88' lang='lat' dir='ltr'><strong>sum,</strong></span> 
     </span>
    </p>
   </div>
   <div class='ocr_carea' id='block_1_39' title="bbox 509 2103 2087 2177">
    <p class='ocr_par' dir='ltr' id='par_1_39' title="bbox 509 2103 2087 2177">
     <span class='ocr_line' id='line_1_39' title="bbox 509 2103 2087 2177; baseline -0.008 -9"><span class='ocrx_word' id='word_1_262' title='bbox 509 2122 564 2168; x_wconf 90' lang='lat' dir='ltr'><strong>et</strong></span> <span class='ocrx_word' id='word_1_263' title='bbox 594 2127 705 2167; x_wconf 93' lang='lat' dir='ltr'><strong>non</strong></span> <span class='ocrx_word' id='word_1_264' title='bbox 740 2125 860 2168; x_wconf 91' lang='lat' dir='ltr'><strong>sum</strong></span> <span class='ocrx_word' id='word_1_265' title='bbox 894 2110 1149 2165; x_wconf 91' lang='lat' dir='ltr'><strong>turbatus</strong></span> <span class='ocrx_word' id='word_1_266' title='bbox 1177 2109 1244 2160; x_wconf 80' lang='grc'><strong>³⁸.</strong></span> <span class='ocrx_word' id='word_1_267' title='bbox 1285 2127 1304 2159; x_wconf 71' lang='grc' dir='ltr'><strong>ι</strong></span> <span class='ocrx_word' id='word_1_268' title='bbox 1341 2105 1653 2177; x_wconf 90' lang='lat' dir='ltr'><strong>Discipulos</strong></span> <span class='ocrx_word' id='word_1_269' title='bbox 1695 2105 1863 2177; x_wconf 78' lang='lat' dir='ltr'><strong>igitur</strong></span> <span class='ocrx_word' id='word_1_270' title='bbox 1896 2103 2087 2159; x_wconf 89' lang='lat' dir='ltr'><strong>memi-</strong></span> 
     </span>
    </p>
   </div>
   <div class='ocr_carea' id='block_1_40' title="bbox 482 2199 2090 2273">
    <p class='ocr_par' dir='ltr' id='par_1_40' title="bbox 482 2199 2090 2273">
     <span class='ocr_line' id='line_1_40' title="bbox 482 2199 2090 2273; baseline -0.005 -14"><span class='ocrx_word' id='word_1_271' title='bbox 482 2203 662 2260; x_wconf 80' lang='lat' dir='ltr'><strong>nisse</strong></span> <span class='ocrx_word' id='word_1_272' title='bbox 688 2203 846 2273; x_wconf 84' lang='lat' dir='ltr'><strong>jubet</strong></span> <span class='ocrx_word' id='word_1_273' title='bbox 880 2201 1061 2257; x_wconf 88' lang='lat' dir='ltr'><strong>futura</strong></span> <span class='ocrx_word' id='word_1_274' title='bbox 1091 2200 1197 2259; x_wconf 91' lang='lat' dir='ltr'><strong>sibi</strong></span> <span class='ocrx_word' id='word_1_275' title='bbox 1232 2200 1494 2270; x_wconf 86' lang='lat' dir='ltr'><strong>praedicta</strong></span> <span class='ocrx_word' id='word_1_276' title='bbox 1533 2200 1726 2262; x_wconf 88' lang='lat' dir='ltr'><strong>fuisse,</strong></span> <span class='ocrx_word' id='word_1_277' title='bbox 1754 2199 1964 2253; x_wconf 84' lang='lat' dir='ltr'><strong>utiliter</strong></span> <span class='ocrx_word' id='word_1_278' title='bbox 2025 2213 2090 2252; x_wconf 93' lang='lat' dir='ltr'><strong>ac</strong></span> 
     </span>
    </p>
   </div>
   <div class='ocr_carea' id='block_1_41' title="bbox 512 2285 2085 2360">
    <p class='ocr_par' dir='ltr' id='par_1_41' title="bbox 512 2285 2085 2360">
     <span class='ocr_line' id='line_1_41' title="bbox 512 2285 2085 2360; baseline -0.005 -11"><span class='ocrx_word' id='word_1_279' title='bbox 512 2294 855 2350; x_wconf 90' lang='lat' dir='ltr'><strong>necessario.</strong></span> <span class='ocrx_word' id='word_1_280' title='bbox 901 2291 1137 2347; x_wconf 89' lang='lat' dir='ltr'><strong>Dubium</strong></span> <span class='ocrx_word' id='word_1_281' title='bbox 1190 2285 1561 2360; x_wconf 35' lang='lat' dir='ltr'><strong>quippe&#39;non</strong></span> <span class='ocrx_word' id='word_1_282' title='bbox 1611 2298 1729 2344; x_wconf 90' lang='lat' dir='ltr'><strong>erat</strong></span> <span class='ocrx_word' id='word_1_283' title='bbox 1773 2290 1932 2359; x_wconf 91' lang='lat' dir='ltr'><strong>quin,</strong></span> <span class='ocrx_word' id='word_1_284' title='bbox 1959 2304 2085 2342; x_wconf 92' lang='lat' dir='ltr'><strong>cum</strong></span> 
     </span>
    </p>
   </div>
   <div class='ocr_carea' id='block_1_42' title="bbox 518 2379 2090 2456">
    <p class='ocr_par' dir='ltr' id='par_1_42' title="bbox 518 2379 2090 2456">
     <span class='ocr_line' id='line_1_42' title="bbox 518 2379 2090 2456; baseline -0.004 -17"><span class='ocrx_word' id='word_1_285' title='bbox 518 2386 698 2456; x_wconf 87' lang='lat' dir='ltr'><strong>ipsum</strong></span> <span class='ocrx_word' id='word_1_286' title='bbox 736 2383 906 2440; x_wconf 89' lang='lat' dir='ltr'><strong>Deum</strong></span> <span class='ocrx_word' id='word_1_287' title='bbox 959 2398 1147 2438; x_wconf 92' lang='lat' dir='ltr'><strong>verum</strong></span> <span class='ocrx_word' id='word_1_288' title='bbox 1187 2397 1314 2437; x_wconf 92' lang='lat' dir='ltr'><strong>esse</strong></span> <span class='ocrx_word' id='word_1_289' title='bbox 1366 2382 1578 2435; x_wconf 90' lang='lat' dir='ltr'><strong>idcirco</strong></span> <span class='ocrx_word' id='word_1_290' title='bbox 1620 2380 1910 2435; x_wconf 90' lang='lat' dir='ltr'><strong>crederent</strong></span> <span class='ocrx_word' id='word_1_291' title='bbox 1937 2379 2090 2451; x_wconf 87' lang='lat' dir='ltr'><strong>(pro-</strong></span> 
     </span>
    </p>
   </div>
   <div class='ocr_carea' id='block_1_43' title="bbox 514 2461 2089 2545">
    <p class='ocr_par' dir='ltr' id='par_1_43' title="bbox 514 2461 2089 2545">
     <span class='ocr_line' id='line_1_43' title="bbox 514 2461 2089 2545; baseline -0.001 -17"><span class='ocrx_word' id='word_1_292' title='bbox 514 2477 695 2545; x_wconf 89' lang='lat' dir='ltr'><strong>prium</strong></span> <span class='ocrx_word' id='word_1_293' title='bbox 729 2475 877 2529; x_wconf 89' lang='lat' dir='ltr'><strong>enim</strong></span> <span class='ocrx_word' id='word_1_294' title='bbox 905 2475 1022 2530; x_wconf 83' lang='lat' dir='ltr'><strong>veri</strong></span> <span class='ocrx_word' id='word_1_295' title='bbox 1057 2461 1150 2528; x_wconf 85' lang='lat' dir='ltr'><strong>Dei</strong></span> <span class='ocrx_word' id='word_1_296' title='bbox 1177 2481 1262 2529; x_wconf 89' lang='lat' dir='ltr'><strong>est</strong></span> <span class='ocrx_word' id='word_1_297' title='bbox 1293 2483 1494 2528; x_wconf 87' lang='lat' dir='ltr'><strong>cuncta</strong></span> <span class='ocrx_word' id='word_1_298' title='bbox 1525 2472 1735 2541; x_wconf 86' lang='lat' dir='ltr'><strong>nosse),</strong></span> <span class='ocrx_word' id='word_1_299' title='bbox 1757 2472 1916 2526; x_wconf 84' lang='lat' dir='ltr'><strong>facile</strong></span> <span class='ocrx_word' id='word_1_300' title='bbox 1951 2488 2089 2542; x_wconf 89' lang='lat' dir='ltr'><strong>quo-</strong></span> 
     </span>
    </p>
   </div>
   <div class='ocr_carea' id='block_1_44' title="bbox 513 2561 2088 2634">
    <p class='ocr_par' dir='ltr' id='par_1_44' title="bbox 513 2561 2088 2634">
     <span class='ocr_line' id='line_1_44' title="bbox 513 2561 2088 2634; baseline -0.003 -17"><span class='ocrx_word' id='word_1_301' title='bbox 513 2580 619 2634; x_wconf 87' lang='lat' dir='ltr'><strong>que</strong></span> <span class='ocrx_word' id='word_1_302' title='bbox 651 2563 913 2620; x_wconf 78' lang='lat' dir='ltr'><strong>credituri</strong></span> <span class='ocrx_word' id='word_1_303' title='bbox 949 2569 1143 2618; x_wconf 88' lang='lat' dir='ltr'><strong>essent</strong></span> <span class='ocrx_word' id='word_1_304' title='bbox 1169 2563 1242 2617; x_wconf 89' lang='lat' dir='ltr'><strong>ab</strong></span> <span class='ocrx_word' id='word_1_305' title='bbox 1278 2577 1344 2617; x_wconf 89' lang='lat' dir='ltr'><strong>eo</strong></span> <span class='ocrx_word' id='word_1_306' title='bbox 1386 2577 1446 2617; x_wconf 90' lang='lat' dir='ltr'><strong>se</strong></span> <span class='ocrx_word' id='word_1_307' title='bbox 1481 2562 1747 2631; x_wconf 89' lang='lat' dir='ltr'><strong>periculis</strong></span> <span class='ocrx_word' id='word_1_308' title='bbox 1795 2561 2088 2616; x_wconf 82' lang='lat' dir='ltr'><strong>liberatum</strong></span> 
     </span>
    </p>
   </div>
   <div class='ocr_carea' id='block_1_45' title="bbox 513 2672 604 2710">
    <p class='ocr_par' dir='ltr' id='par_1_45' title="bbox 513 2672 604 2710">
     <span class='ocr_line' id='line_1_45' title="bbox 513 2672 604 2710; baseline 0 0"><span class='ocrx_word' id='word_1_309' title='bbox 513 2672 604 2710; x_wconf 77' lang='grc' dir='ltr'><strong>ιη.</strong></span> 
     </span>
    </p>
   </div>
   <div class='ocr_carea' id='block_1_46' title="bbox 581 2918 2090 2995">
    <p class='ocr_par' dir='ltr' id='par_1_46' title="bbox 581 2918 2090 2995">
     <span class='ocr_line' id='line_1_46' title="bbox 581 2918 2090 2995; baseline -0.006 -14"><span class='ocrx_word' id='word_1_310' title='bbox 581 2924 750 2995; x_wconf 81' lang='lat'><strong>916</strong></span> <span class='ocrx_word' id='word_1_311' title='bbox 777 2921 918 2989; x_wconf 80' lang='lat' dir='ltr'><strong>XVI,</strong></span> <span class='ocrx_word' id='word_1_312' title='bbox 944 2923 1006 2988; x_wconf 67' lang='lat'><strong>&#39;5,</strong></span> <span class='ocrx_word' id='word_1_313' title='bbox 1029 2922 1082 2977; x_wconf 88' lang='lat'><strong>6.</strong></span> <span class='ocrx_word' id='word_1_314' title='bbox 1131 2920 1261 2977; x_wconf 68' lang='lat' dir='ltr'><strong>Hac</strong></span> <span class='ocrx_word' id='word_1_315' title='bbox 1310 2929 1488 2975; x_wconf 86' lang='lat' dir='ltr'><strong>autem</strong></span> <span class='ocrx_word' id='word_1_316' title='bbox 1528 2919 1594 2973; x_wconf 86' lang='lat' dir='ltr'><strong>ab</strong></span> <span class='ocrx_word' id='word_1_317' title='bbox 1638 2919 1795 2972; x_wconf 80' lang='lat' dir='ltr'><strong>initio</strong></span> <span class='ocrx_word' id='word_1_318' title='bbox 1844 2935 1947 2973; x_wconf 81' lang='lat' dir='ltr'><strong>non</strong></span> <span class='ocrx_word' id='word_1_319' title='bbox 1975 2918 2090 2972; x_wconf 76' lang='lat' dir='ltr'><strong>a&#39;iazi</strong></span> 
     </span>
    </p>
   </div>
   <div class='ocr_carea' id='block_1_47' title="bbox 515 3010 2090 3084">
    <p class='ocr_par' dir='ltr' id='par_1_47' title="bbox 515 3010 2090 3084">
     <span class='ocr_line' id='line_1_47' title="bbox 515 3010 2090 3084; baseline -0.003 -16"><span class='ocrx_word' id='word_1_320' title='bbox 515 3015 681 3079; x_wconf 80' lang='lat' dir='ltr'><strong>vobis,</strong></span> <span class='ocrx_word' id='word_1_321' title='bbox 721 3013 848 3084; x_wconf 87' lang='lat' dir='ltr'><strong>quia</strong></span> <span class='ocrx_word' id='word_1_322' title='bbox 883 3012 1154 3067; x_wconf 75' lang='lat' dir='ltr'><strong>vobiscum</strong></span> <span class='ocrx_word' id='word_1_323' title='bbox 1199 3028 1368 3067; x_wconf 84' lang='lat' dir='ltr'><strong>eram.</strong></span> <span class='ocrx_word' id='word_1_324' title='bbox 1409 3010 1479 3064; x_wconf 85' lang='lat' dir='ltr'><strong>Et</strong></span> <span class='ocrx_word' id='word_1_325' title='bbox 1523 3027 1662 3065; x_wconf 81' lang='lat' dir='ltr'><strong>nunc</strong></span> <span class='ocrx_word' id='word_1_326' title='bbox 1692 3011 1826 3065; x_wconf 86' lang='lat' dir='ltr'><strong>vado</strong></span> <span class='ocrx_word' id='word_1_327' title='bbox 1867 3011 1938 3064; x_wconf 80' lang='lat' dir='ltr'><strong>ad</strong></span> <span class='ocrx_word' id='word_1_328' title='bbox 1969 3028 2090 3065; x_wconf 82' lang='lat' dir='ltr'><strong>eum</strong></span> 
     </span>
    </p>
   </div>
   <div class='ocr_carea' id='block_1_48' title="bbox 514 3102 2162 3208">
    <p class='ocr_par' dir='ltr' id='par_1_48' title="bbox 514 3102 2162 3208">
     <span class='ocr_line' id='line_1_48' title="bbox 514 3102 2162 3208; baseline -0.002 -48"><span class='ocrx_word' id='word_1_329' title='bbox 514 3107 604 3178; x_wconf 83' lang='lat' dir='ltr'><strong>qui</strong></span> <span class='ocrx_word' id='word_1_330' title='bbox 655 3104 802 3159; x_wconf 87' lang='lat' dir='ltr'><strong>misit</strong></span> <span class='ocrx_word' id='word_1_331' title='bbox 856 3121 957 3167; x_wconf 90' lang='lat' dir='ltr'><strong>me,</strong></span> <span class='ocrx_word' id='word_1_332' title='bbox 995 3112 1045 3158; x_wconf 88' lang='lat' dir='ltr'><strong>et</strong></span> <span class='ocrx_word' id='word_1_333' title='bbox 1095 3120 1245 3158; x_wconf 82' lang='lat' dir='ltr'><strong>nemo</strong></span> <span class='ocrx_word' id='word_1_334' title='bbox 1292 3119 1357 3158; x_wconf 81' lang='lat' dir='ltr'><strong>ea:</strong></span> <span class='ocrx_word' id='word_1_335' title='bbox 1413 3102 1556 3166; x_wconf 71' lang='lat' dir='ltr'><strong>vobis</strong></span> <span class='ocrx_word' id='word_1_336' title='bbox 1612 3105 1906 3173; x_wconf 78' lang='lat' dir='ltr'><strong>interrogat</strong></span> <span class='ocrx_word' id='word_1_337' title='bbox 1958 3120 2039 3157; x_wconf 87' lang='lat' dir='ltr'><strong>me</strong></span> <span class='ocrx_word' id='word_1_338' title='bbox 2072 3119 2090 3156; x_wconf 88' lang='lat'><em>:</em></span> <span class='ocrx_word' id='word_1_339' title='bbox 2120 3154 2162 3208; x_wconf 63' lang='grc' dir='ltr'>Ο</span> 
     </span>
    </p>
   </div>
   <div class='ocr_carea' id='block_1_49' title="bbox 515 3195 2093 3267">
    <p class='ocr_par' dir='ltr' id='par_1_49' title="bbox 515 3195 2093 3267">
     <span class='ocr_line' id='line_1_49' title="bbox 515 3195 2093 3267; baseline -0.002 -15"><span class='ocrx_word' id='word_1_340' title='bbox 515 3200 634 3266; x_wconf 81' lang='lat' dir='ltr'><strong>Quo</strong></span> <span class='ocrx_word' id='word_1_341' title='bbox 669 3197 860 3253; x_wconf 80' lang='lat' dir='ltr'><strong>vadis?</strong></span> <span class='ocrx_word' id='word_1_342' title='bbox 890 3195 997 3252; x_wconf 82' lang='lat' dir='ltr'><strong>Sed</strong></span> <span class='ocrx_word' id='word_1_343' title='bbox 1020 3197 1144 3267; x_wconf 86' lang='lat' dir='ltr'><strong>quia</strong></span> <span class='ocrx_word' id='word_1_344' title='bbox 1175 3195 1285 3250; x_wconf 65' lang='lat' dir='ltr'><strong>lucc</strong></span> <span class='ocrx_word' id='word_1_345' title='bbox 1315 3195 1524 3250; x_wconf 86' lang='lat' dir='ltr'><strong>locutus</strong></span> <span class='ocrx_word' id='word_1_346' title='bbox 1561 3211 1682 3248; x_wconf 85' lang='lat' dir='ltr'><strong>sum</strong></span> <span class='ocrx_word' id='word_1_347' title='bbox 1715 3195 1882 3263; x_wconf 84' lang='lat' dir='ltr'><strong>vobis,</strong></span> <span class='ocrx_word' id='word_1_348' title='bbox 1925 3196 2093 3250; x_wconf 84' lang='lat' dir='ltr'><strong>tristi—</strong></span> 
     </span>
    </p>
   </div>
   <div class='ocr_carea' id='block_1_50' title="bbox 516 3290 1252 3359">
    <p class='ocr_par' dir='ltr' id='par_1_50' title="bbox 516 3290 1252 3359">
     <span class='ocr_line' id='line_1_50' title="bbox 516 3290 1252 3359; baseline -0.003 -13"><span class='ocrx_word' id='word_1_349' title='bbox 516 3293 593 3346; x_wconf 86' lang='lat' dir='ltr'><strong>tia</strong></span> <span class='ocrx_word' id='word_1_350' title='bbox 625 3290 856 3359; x_wconf 78' lang='lat' dir='ltr'><strong>implevit</strong></span> <span class='ocrx_word' id='word_1_351' title='bbox 884 3306 974 3343; x_wconf 81' lang='lat' dir='ltr'><strong>cor</strong></span> <span class='ocrx_word' id='word_1_352' title='bbox 1004 3301 1252 3344; x_wconf 82' lang='lat' dir='ltr'><strong>vestrum.</strong></span> 
     </span>
    </p>
   </div>
   <div class='ocr_carea' id='block_1_51' title="bbox 591 3379 2098 3451">
    <p class='ocr_par' dir='ltr' id='par_1_51' title="bbox 591 3379 2098 3451">
     <span class='ocr_line' id='line_1_51' title="bbox 591 3379 2098 3451; baseline -0.001 -15"><span class='ocrx_word' id='word_1_353' title='bbox 591 3382 755 3436; x_wconf 87' lang='lat' dir='ltr'><strong>Aliud</strong></span> <span class='ocrx_word' id='word_1_354' title='bbox 788 3382 1051 3451; x_wconf 89' lang='lat' dir='ltr'><strong>quiddam</strong></span> <span class='ocrx_word' id='word_1_355' title='bbox 1083 3382 1216 3437; x_wconf 91' lang='lat' dir='ltr'><strong>utile</strong></span> <span class='ocrx_word' id='word_1_356' title='bbox 1255 3396 1320 3436; x_wconf 92' lang='lat' dir='ltr'><strong>ac</strong></span> <span class='ocrx_word' id='word_1_357' title='bbox 1356 3381 1514 3436; x_wconf 80' lang='lat' dir='ltr'><strong>valde</strong></span> <span class='ocrx_word' id='word_1_358' title='bbox 1548 3380 1921 3436; x_wconf 89' lang='lat' dir='ltr'><strong>necessarium</strong></span> <span class='ocrx_word' id='word_1_359' title='bbox 1944 3379 2098 3436; x_wconf 85' lang='lat' dir='ltr'><strong>Chri-</strong></span> 
     </span>
    </p>
   </div>
   <div class='ocr_carea' id='block_1_52' title="bbox 519 3473 2094 3546">
    <p class='ocr_par' dir='ltr' id='par_1_52' title="bbox 519 3473 2094 3546">
     <span class='ocr_line' id='line_1_52' title="bbox 519 3473 2094 3546; baseline -0.004 -14"><span class='ocrx_word' id='word_1_360' title='bbox 519 3485 640 3532; x_wconf 89' lang='lat' dir='ltr'><strong>stus</strong></span> <span class='ocrx_word' id='word_1_361' title='bbox 679 3476 939 3546; x_wconf 80' lang='lat' dir='ltr'><strong>providit.</strong></span> <span class='ocrx_word' id='word_1_362' title='bbox 973 3474 1206 3530; x_wconf 90' lang='lat' dir='ltr'><strong>Dubium</strong></span> <span class='ocrx_word' id='word_1_363' title='bbox 1244 3475 1444 3544; x_wconf 87' lang='lat' dir='ltr'><strong>quippe</strong></span> <span class='ocrx_word' id='word_1_364' title='bbox 1489 3490 1600 3530; x_wconf 91' lang='lat' dir='ltr'><strong>non</strong></span> <span class='ocrx_word' id='word_1_365' title='bbox 1631 3481 1750 3529; x_wconf 89' lang='lat' dir='ltr'><strong>erat</strong></span> <span class='ocrx_word' id='word_1_366' title='bbox 1776 3473 1935 3544; x_wconf 92' lang='lat' dir='ltr'><strong>quin,</strong></span> <span class='ocrx_word' id='word_1_367' title='bbox 1971 3489 2094 3528; x_wconf 90' lang='lat' dir='ltr'><strong>cum</strong></span> 
     </span>
    </p>
   </div>
   <div class='ocr_carea' id='block_1_53' title="bbox 524 3565 2099 3636">
    <p class='ocr_par' dir='ltr' id='par_1_53' title="bbox 524 3565 2099 3636">
     <span class='ocr_line' id='line_1_53' title="bbox 524 3565 2099 3636; baseline -0.002 -14"><span class='ocrx_word' id='word_1_368' title='bbox 524 3569 657 3623; x_wconf 84' lang='lat' dir='ltr'><strong>facti</strong></span> <span class='ocrx_word' id='word_1_369' title='bbox 684 3577 877 3623; x_wconf 82' lang='lat' dir='ltr'><strong>essent</strong></span> <span class='ocrx_word' id='word_1_370' title='bbox 900 3567 1064 3621; x_wconf 90' lang='lat' dir='ltr'><strong>initio</strong></span> <span class='ocrx_word' id='word_1_371' title='bbox 1092 3566 1213 3636; x_wconf 86' lang='lat' dir='ltr'><strong>ejus</strong></span> <span class='ocrx_word' id='word_1_372' title='bbox 1244 3566 1524 3636; x_wconf 89' lang='lat' dir='ltr'><strong>discipuli,</strong></span> <span class='ocrx_word' id='word_1_373' title='bbox 1551 3576 1605 3621; x_wconf 88' lang='lat' dir='ltr'><strong>et</strong></span> <span class='ocrx_word' id='word_1_374' title='bbox 1633 3582 1755 3620; x_wconf 91' lang='lat' dir='ltr'><strong>cum</strong></span> <span class='ocrx_word' id='word_1_375' title='bbox 1795 3581 1860 3620; x_wconf 90' lang='lat' dir='ltr'><strong>eo</strong></span> <span class='ocrx_word' id='word_1_376' title='bbox 1886 3565 2099 3635; x_wconf 83' lang='lat' dir='ltr'><strong>&#39;jugiter</strong></span> 
     </span>
    </p>
   </div>
   <div class='ocr_carea' id='block_1_54' title="bbox 524 3655 2098 3727">
    <p class='ocr_par' dir='ltr' id='par_1_54' title="bbox 524 3655 2098 3727">
     <span class='ocr_line' id='line_1_54' title="bbox 524 3655 2098 3727; baseline -0.001 -17"><span class='ocrx_word' id='word_1_377' title='bbox 524 3659 748 3723; x_wconf 84' lang='lat' dir='ltr'><strong>versati,</strong></span> <span class='ocrx_word' id='word_1_378' title='bbox 787 3659 1072 3727; x_wconf 81' lang='lat' dir='ltr'><strong>multaque</strong></span> <span class='ocrx_word' id='word_1_379' title='bbox 1108 3657 1375 3711; x_wconf 85' lang='lat' dir='ltr'><strong>miracula</strong></span> <span class='ocrx_word' id='word_1_380' title='bbox 1415 3657 1621 3726; x_wconf 83' lang='lat' dir='ltr'><strong>experti</strong></span> <span class='ocrx_word' id='word_1_381' title='bbox 1657 3655 1907 3721; x_wconf 83' lang='lat' dir='ltr'><strong>fuissent,</strong></span> <span class='ocrx_word' id='word_1_382' title='bbox 1933 3665 1989 3709; x_wconf 91' lang='lat' dir='ltr'><strong>et</strong></span> <span class='ocrx_word' id='word_1_383' title='bbox 2014 3656 2098 3709; x_wconf 85' lang='lat' dir='ltr'><strong>in-</strong></span> 
     </span>
    </p>
   </div>
   <div class='ocr_carea' id='block_1_55' title="bbox 522 3746 2101 3821">
    <p class='ocr_par' dir='ltr' id='par_1_55' title="bbox 522 3746 2101 3821">
     <span class='ocr_line' id='line_1_55' title="bbox 522 3746 2101 3821; baseline -0.003 -16"><span class='ocrx_word' id='word_1_384' title='bbox 522 3751 948 3821; x_wconf 83' lang='lat' dir='ltr'><strong>comparabilem</strong></span> <span class='ocrx_word' id='word_1_385' title='bbox 1000 3747 1120 3819; x_wconf 82' lang='lat' dir='ltr'><strong>ejus</strong></span> <span class='ocrx_word' id='word_1_386' title='bbox 1163 3749 1272 3802; x_wconf 88' lang='lat' dir='ltr'><strong>vim</strong></span> <span class='ocrx_word' id='word_1_387' title='bbox 1323 3763 1387 3802; x_wconf 90' lang='lat' dir='ltr'><strong>ac</strong></span> <span class='ocrx_word' id='word_1_388' title='bbox 1435 3748 1734 3818; x_wconf 86' lang='lat' dir='ltr'><strong>potentiam</strong></span> <span class='ocrx_word' id='word_1_389' title='bbox 1785 3746 2101 3816; x_wconf 75' lang='lat' dir='ltr'><strong>perspexis~</strong></span> 
     </span>
    </p>
   </div>
   <div class='ocr_carea' id='block_1_56' title="bbox 523 3835 2100 3907">
    <p class='ocr_par' dir='ltr' id='par_1_56' title="bbox 523 3835 2100 3907">
     <span class='ocr_line' id='line_1_56' title="bbox 523 3835 2100 3907; baseline -0.007 -9"><span class='ocrx_word' id='word_1_390' title='bbox 523 3850 672 3906; x_wconf 88' lang='lat' dir='ltr'><strong>sent,</strong></span> <span class='ocrx_word' id='word_1_391' title='bbox 713 3855 932 3897; x_wconf 90' lang='lat' dir='ltr'><strong>omnem</strong></span> <span class='ocrx_word' id='word_1_392' title='bbox 956 3854 1016 3895; x_wconf 90' lang='lat' dir='ltr'><strong>se</strong></span> <span class='ocrx_word' id='word_1_393' title='bbox 1067 3837 1428 3892; x_wconf 87' lang='lat' dir='ltr'><strong>tentationem</strong></span> <span class='ocrx_word' id='word_1_394' title='bbox 1476 3845 1859 3907; x_wconf 88' lang='lat' dir='ltr'><strong>superaturos,</strong></span> <span class='ocrx_word' id='word_1_395' title='bbox 1889 3835 2100 3890; x_wconf 83' lang='lat' dir='ltr'><strong>omnia-</strong></span> 
     </span>
    </p>
   </div>
   <div class='ocr_carea' id='block_1_57' title="bbox 525 3925 2099 4005">
    <p class='ocr_par' dir='ltr' id='par_1_57' title="bbox 525 3925 2099 4005">
     <span class='ocr_line' id='line_1_57' title="bbox 525 3925 2099 4005; baseline -0.005 -16"><span class='ocrx_word' id='word_1_396' title='bbox 525 3950 634 4005; x_wconf 89' lang='lat' dir='ltr'><strong>que</strong></span> <span class='ocrx_word' id='word_1_397' title='bbox 656 3932 884 3988; x_wconf 88' lang='lat' dir='ltr'><strong>omnino</strong></span> <span class='ocrx_word' id='word_1_398' title='bbox 915 3931 1158 4002; x_wconf 85' lang='lat' dir='ltr'><strong>pericula</strong></span> <span class='ocrx_word' id='word_1_399' title='bbox 1201 3937 1612 4000; x_wconf 83' lang='lat' dir='ltr'><strong>expugnaturos</strong></span> <span class='ocrx_word' id='word_1_400' title='bbox 1657 3934 1931 3998; x_wconf 83' lang='lat' dir='ltr'><strong>putarent.</strong></span> <span class='ocrx_word' id='word_1_401' title='bbox 1960 3925 2099 3993; x_wconf 85' lang='lat' dir='ltr'><strong>Quis</strong></span> 
     </span>
    </p>
   </div>
   <div class='ocr_carea' id='block_1_58' title="bbox 524 4019 2101 4093">
    <p class='ocr_par' dir='ltr' id='par_1_58' title="bbox 524 4019 2101 4093">
     <span class='ocr_line' id='line_1_58' title="bbox 524 4019 2101 4093; baseline -0.006 -12"><span class='ocrx_word' id='word_1_402' title='bbox 524 4027 678 4082; x_wconf 89' lang='lat' dir='ltr'><strong>enim</strong></span> <span class='ocrx_word' id='word_1_403' title='bbox 735 4023 1048 4093; x_wconf 85' lang='lat' dir='ltr'><strong>ambigendi</strong></span> <span class='ocrx_word' id='word_1_404' title='bbox 1075 4023 1241 4076; x_wconf 83' lang='lat' dir='ltr'><strong>locus</strong></span> <span class='ocrx_word' id='word_1_405' title='bbox 1282 4022 1423 4075; x_wconf 90' lang='lat' dir='ltr'><strong>ultra</strong></span> <span class='ocrx_word' id='word_1_406' title='bbox 1452 4028 1602 4075; x_wconf 82' lang='lat' dir='ltr'><strong>esset</strong></span> <span class='ocrx_word' id='word_1_407' title='bbox 1634 4020 1702 4074; x_wconf 91' lang='lat' dir='ltr'><strong>iis</strong></span> <span class='ocrx_word' id='word_1_408' title='bbox 1734 4019 1824 4089; x_wconf 88' lang='lat' dir='ltr'><strong>qui</strong></span> <span class='ocrx_word' id='word_1_409' title='bbox 1865 4027 1946 4073; x_wconf 89' lang='lat' dir='ltr'><strong>tot</strong></span> <span class='ocrx_word' id='word_1_410' title='bbox 1980 4027 2101 4072; x_wconf 84' lang='lat' dir='ltr'><strong>tan-</strong></span> 
     </span>
    </p>
   </div>
   <div class='ocr_carea' id='block_1_59' title="bbox 527 4110 2099 4186">
    <p class='ocr_par' dir='ltr' id='par_1_59' title="bbox 527 4110 2099 4186">
     <span class='ocr_line' id='line_1_59' title="bbox 527 4110 2099 4186; baseline -0.004 -17"><span class='ocrx_word' id='word_1_411' title='bbox 527 4126 693 4186; x_wconf 88' lang='lat' dir='ltr'><strong>taque</strong></span> <span class='ocrx_word' id='word_1_412' title='bbox 733 4114 993 4186; x_wconf 89' lang='lat' dir='ltr'><strong>pollentis</strong></span> <span class='ocrx_word' id='word_1_413' title='bbox 1045 4113 1345 4167; x_wconf 85' lang='lat' dir='ltr'><strong>bonitatem</strong></span> <span class='ocrx_word' id='word_1_414' title='bbox 1392 4113 1603 4181; x_wconf 84' lang='lat' dir='ltr'><strong>experti</strong></span> <span class='ocrx_word' id='word_1_415' title='bbox 1650 4124 1858 4174; x_wconf 82' lang='lat' dir='ltr'><strong>essent,</strong></span> <span class='ocrx_word' id='word_1_416' title='bbox 1891 4120 1944 4165; x_wconf 89' lang='lat' dir='ltr'><strong>et</strong></span> <span class='ocrx_word' id='word_1_417' title='bbox 1977 4110 2099 4163; x_wconf 88' lang='lat' dir='ltr'><strong>ani-</strong></span> 
     </span>
    </p>
   </div>
   <div class='ocr_carea' id='block_1_60' title="bbox 530 4199 2101 4274">
    <p class='ocr_par' dir='ltr' id='par_1_60' title="bbox 530 4199 2101 4274">
     <span class='ocr_line' id='line_1_60' title="bbox 530 4199 2101 4274; baseline -0.003 -15"><span class='ocrx_word' id='word_1_418' title='bbox 530 4221 677 4261; x_wconf 89' lang='lat' dir='ltr'><strong>mum</strong></span> <span class='ocrx_word' id='word_1_419' title='bbox 716 4213 1009 4274; x_wconf 86' lang='lat' dir='ltr'><strong>angustum</strong></span> <span class='ocrx_word' id='word_1_420' title='bbox 1041 4203 1094 4257; x_wconf 92' lang='lat' dir='ltr'><strong>in</strong></span> <span class='ocrx_word' id='word_1_421' title='bbox 1141 4203 1247 4256; x_wconf 88' lang='lat' dir='ltr'><strong>hoc</strong></span> <span class='ocrx_word' id='word_1_422' title='bbox 1292 4216 1404 4272; x_wconf 70' lang='lat' dir='ltr'><strong>pm</strong></span> <span class='ocrx_word' id='word_1_423' title='bbox 1449 4217 1508 4256; x_wconf 89' lang='lat' dir='ltr'><strong>se</strong></span> <span class='ocrx_word' id='word_1_424' title='bbox 1546 4202 1793 4256; x_wconf 87' lang='lat' dir='ltr'><strong>ferendi?</strong></span> <span class='ocrx_word' id='word_1_425' title='bbox 1817 4199 1925 4255; x_wconf 88' lang='lat' dir='ltr'><strong>Sed</strong></span> <span class='ocrx_word' id='word_1_426' title='bbox 1960 4216 2101 4270; x_wconf 89' lang='lat' dir='ltr'><strong>quo-</strong></span> 
     </span>
    </p>
   </div>
   <div class='ocr_carea' id='block_1_61' title="bbox 530 4293 2100 4361">
    <p class='ocr_par' dir='ltr' id='par_1_61' title="bbox 530 4293 2100 4361">
     <span class='ocr_line' id='line_1_61' title="bbox 530 4293 2100 4361; baseline -0.004 -10"><span class='ocrx_word' id='word_1_427' title='bbox 530 4301 680 4352; x_wconf 84' lang='lat' dir='ltr'><strong>niam</strong></span> <span class='ocrx_word' id='word_1_428' title='bbox 727 4294 988 4350; x_wconf 87' lang='lat' dir='ltr'><strong>Christus</strong></span> <span class='ocrx_word' id='word_1_429' title='bbox 1040 4293 1210 4346; x_wconf 90' lang='lat' dir='ltr'><strong>multa</strong></span> <span class='ocrx_word' id='word_1_430' title='bbox 1263 4293 1344 4347; x_wconf 87' lang='lat' dir='ltr'><strong>eis</strong></span> <span class='ocrx_word' id='word_1_431' title='bbox 1403 4300 1602 4361; x_wconf 69' lang='lat' dir='ltr'><strong>praeter</strong></span> <span class='ocrx_word' id='word_1_432' title='bbox 1635 4307 1784 4359; x_wconf 90' lang='lat' dir='ltr'><strong>spem</strong></span> <span class='ocrx_word' id='word_1_433' title='bbox 1835 4302 2100 4346; x_wconf 82' lang='lat' dir='ltr'><strong>eventura</strong></span> 
     </span>
    </p>
   </div>
   <div class='ocr_carea' id='block_1_62' title="bbox 530 4380 2100 4454">
    <p class='ocr_par' dir='ltr' id='par_1_62' title="bbox 530 4380 2100 4454">
     <span class='ocr_line' id='line_1_62' title="bbox 530 4380 2100 4454; baseline -0.003 -15"><span class='ocrx_word' id='word_1_434' title='bbox 530 4386 672 4440; x_wconf 83' lang='lat' dir='ltr'><strong>mala</strong></span> <span class='ocrx_word' id='word_1_435' title='bbox 721 4382 1000 4454; x_wconf 62' lang='lat' dir='ltr'><strong>praedixit,</strong></span> <span class='ocrx_word' id='word_1_436' title='bbox 1035 4397 1109 4436; x_wconf 89' lang='lat' dir='ltr'><strong>ne</strong></span> <span class='ocrx_word' id='word_1_437' title='bbox 1145 4397 1213 4434; x_wconf 80' lang='lat' dir='ltr'><strong>ex</strong></span> <span class='ocrx_word' id='word_1_438' title='bbox 1251 4395 1318 4434; x_wconf 93' lang='lat' dir='ltr'><strong>eo</strong></span> <span class='ocrx_word' id='word_1_439' title='bbox 1347 4380 1515 4436; x_wconf 74' lang='lat' dir='ltr'><strong>valde</strong></span> <span class='ocrx_word' id='word_1_440' title='bbox 1549 4382 1924 4444; x_wconf 87' lang='lat' dir='ltr'><strong>turbarentur,</strong></span> <span class='ocrx_word' id='word_1_441' title='bbox 1954 4383 2100 4451; x_wconf 88' lang='lat' dir='ltr'><strong>apud</strong></span> 
     </span>
    </p>
   </div>
   <div class='ocr_carea' id='block_1_63' title="bbox 529 4471 2100 4548">
    <p class='ocr_par' dir='ltr' id='par_1_63' title="bbox 529 4471 2100 4548">
     <span class='ocr_line' id='line_1_63' title="bbox 529 4471 2100 4548; baseline -0.003 -16"><span class='ocrx_word' id='word_1_442' title='bbox 529 4494 589 4532; x_wconf 91' lang='lat' dir='ltr'><strong>se</strong></span> <span class='ocrx_word' id='word_1_443' title='bbox 622 4477 932 4548; x_wconf 88' lang='lat' dir='ltr'><strong>cogitantes</strong></span> <span class='ocrx_word' id='word_1_444' title='bbox 973 4489 1035 4529; x_wconf 84' lang='lat' dir='ltr'><strong>ac</strong></span> <span class='ocrx_word' id='word_1_445' title='bbox 1068 4473 1314 4528; x_wconf 67' lang='lat' dir='ltr'><strong>dicentes</strong></span> <span class='ocrx_word' id='word_1_446' title='bbox 1345 4491 1359 4528; x_wconf 90' lang='lat'><strong>:</strong></span> <span class='ocrx_word' id='word_1_447' title='bbox 1386 4471 1533 4544; x_wconf 86' lang='lat' dir='ltr'><strong>Ergo</strong></span> <span class='ocrx_word' id='word_1_448' title='bbox 1563 4472 1771 4527; x_wconf 82' lang='lat' dir='ltr'><strong>frustra</strong></span> <span class='ocrx_word' id='word_1_449' title='bbox 1820 4485 1949 4527; x_wconf 88' lang='lat' dir='ltr'><strong>sunt</strong></span> <span class='ocrx_word' id='word_1_450' title='bbox 1996 4475 2100 4527; x_wconf 69' lang='lat' dir='ltr'><strong>illae</strong></span> 
     </span>
    </p>
   </div>
   <div class='ocr_carea' id='block_1_64' title="bbox 531 4565 2102 4637">
    <p class='ocr_par' dir='ltr' id='par_1_64' title="bbox 531 4565 2102 4637">
     <span class='ocr_line' id='line_1_64' title="bbox 531 4565 2102 4637; baseline -0.003 -15"><span class='ocrx_word' id='word_1_451' title='bbox 531 4583 658 4637; x_wconf 87' lang='lat' dir='ltr'><strong>spes</strong></span> <span class='ocrx_word' id='word_1_452' title='bbox 687 4581 824 4637; x_wconf 90' lang='lat' dir='ltr'><strong>quas</strong></span> <span class='ocrx_word' id='word_1_453' title='bbox 859 4565 1015 4620; x_wconf 90' lang='lat' dir='ltr'><strong>initio</strong></span> <span class='ocrx_word' id='word_1_454' title='bbox 1049 4566 1428 4636; x_wconf 85' lang='lat' dir='ltr'><strong>concepimus.</strong></span> <span class='ocrx_word' id='word_1_455' title='bbox 1455 4573 1508 4619; x_wconf 91' lang='lat' dir='ltr'><strong>et</strong></span> <span class='ocrx_word' id='word_1_456' title='bbox 1553 4574 1744 4618; x_wconf 87' lang='lat' dir='ltr'><strong>nostro</strong></span> <span class='ocrx_word' id='word_1_457' title='bbox 1781 4580 1950 4634; x_wconf 89' lang='lat' dir='ltr'><strong>scopo</strong></span> <span class='ocrx_word' id='word_1_458' title='bbox 1980 4573 2102 4620; x_wconf 92' lang='lat' dir='ltr'><strong>tan-</strong></span> 
     </span>
    </p>
   </div>
   <div class='ocr_carea' id='block_1_65' title="bbox 532 4655 2108 4724">
    <p class='ocr_par' dir='ltr' id='par_1_65' title="bbox 532 4655 2108 4724">
     <span class='ocr_line' id='line_1_65' title="bbox 532 4655 2108 4724; baseline -0.004 -11"><span class='ocrx_word' id='word_1_459' title='bbox 532 4659 657 4713; x_wconf 86' lang='lat' dir='ltr'><strong>dem</strong></span> <span class='ocrx_word' id='word_1_460' title='bbox 706 4656 1037 4721; x_wconf 80' lang='lat' dir='ltr'><strong>excidimus,</strong></span> <span class='ocrx_word' id='word_1_461' title='bbox 1063 4657 1179 4724; x_wconf 86' lang='lat' dir='ltr'><strong>qui,</strong></span> <span class='ocrx_word' id='word_1_462' title='bbox 1218 4671 1344 4710; x_wconf 91' lang='lat' dir='ltr'><strong>cum</strong></span> <span class='ocrx_word' id='word_1_463' title='bbox 1386 4670 1487 4710; x_wconf 92' lang='lat' dir='ltr'><strong>nos</strong></span> <span class='ocrx_word' id='word_1_464' title='bbox 1524 4655 1589 4709; x_wconf 91' lang='lat' dir='ltr'><strong>ad</strong></span> <span class='ocrx_word' id='word_1_465' title='bbox 1624 4657 1806 4708; x_wconf 91' lang='lat' dir='ltr'><strong>omnia</strong></span> <span class='ocrx_word' id='word_1_466' title='bbox 1838 4655 1986 4710; x_wconf 90' lang='lat' dir='ltr'><strong>bona</strong></span> <span class='ocrx_word' id='word_1_467' title='bbox 2015 4672 2108 4707; x_wconf 86' lang='lat' dir='ltr'><strong>vo-</strong></span> 
     </span>
    </p>
   </div>
   <div class='ocr_carea' id='block_1_66' title="bbox 532 4747 2110 4819">
    <p class='ocr_par' dir='ltr' id='par_1_66' title="bbox 532 4747 2110 4819">
     <span class='ocr_line' id='line_1_66' title="bbox 532 4747 2110 4819; baseline -0.003 -13"><span class='ocrx_word' id='word_1_468' title='bbox 532 4762 692 4807; x_wconf 86' lang='lat' dir='ltr'><strong>catos</strong></span> <span class='ocrx_word' id='word_1_469' title='bbox 717 4766 840 4805; x_wconf 88' lang='lat' dir='ltr'><strong>esse</strong></span> <span class='ocrx_word' id='word_1_470' title='bbox 865 4758 1204 4819; x_wconf 88' lang='lat' dir='ltr'><strong>putaremus,</strong></span> <span class='ocrx_word' id='word_1_471' title='bbox 1230 4747 1286 4802; x_wconf 91' lang='lat' dir='ltr'><strong>in</strong></span> <span class='ocrx_word' id='word_1_472' title='bbox 1317 4748 1662 4802; x_wconf 84' lang='lat' dir='ltr'><strong>calamitates</strong></span> <span class='ocrx_word' id='word_1_473' title='bbox 1689 4747 1826 4801; x_wconf 88' lang='lat' dir='ltr'><strong>adeo</strong></span> <span class='ocrx_word' id='word_1_474' title='bbox 1861 4747 2110 4818; x_wconf 81' lang='lat' dir='ltr'><strong>inexspe-</strong></span> 
     </span>
    </p>
   </div>
   <div class='ocr_carea' id='block_1_67' title="bbox 532 4837 2105 4908">
    <p class='ocr_par' dir='ltr' id='par_1_67' title="bbox 532 4837 2105 4908">
     <span class='ocr_line' id='line_1_67' title="bbox 532 4837 2105 4908; baseline -0.004 -11"><span class='ocrx_word' id='word_1_475' title='bbox 532 4852 709 4898; x_wconf 87' lang='lat' dir='ltr'><strong>ctatas</strong></span> <span class='ocrx_word' id='word_1_476' title='bbox 777 4841 1111 4908; x_wconf 84' lang='lat' dir='ltr'><strong>incidimus;</strong></span> <span class='ocrx_word' id='word_1_477' title='bbox 1173 4840 1487 4894; x_wconf 86' lang='lat' dir='ltr'><strong>necessario</strong></span> <span class='ocrx_word' id='word_1_478' title='bbox 1549 4837 1814 4896; x_wconf 90' lang='lat' dir='ltr'><strong>Dominus</strong></span> <span class='ocrx_word' id='word_1_479' title='bbox 1880 4855 2105 4895; x_wconf 89' lang='lat' dir='ltr'><strong>causam</strong></span> 
     </span>
    </p>
   </div>
   <div class='ocr_carea' id='block_1_68' title="bbox 533 4932 2102 5008">
    <p class='ocr_par' dir='ltr' id='par_1_68' title="bbox 533 4932 2102 5008">
     <span class='ocr_line' id='line_1_68' title="bbox 533 4932 2102 5008; baseline -0.004 -18"><span class='ocrx_word' id='word_1_480' title='bbox 533 4939 732 5008; x_wconf 87' lang='lat' dir='ltr'><strong>aperit,</strong></span> <span class='ocrx_word' id='word_1_481' title='bbox 769 4950 870 4990; x_wconf 92' lang='lat' dir='ltr'><strong>cur</strong></span> <span class='ocrx_word' id='word_1_482' title='bbox 899 4935 1014 4989; x_wconf 69' lang='lat' dir='ltr'><strong>haec</strong></span> <span class='ocrx_word' id='word_1_483' title='bbox 1049 4934 1210 4989; x_wconf 90' lang='lat' dir='ltr'><strong>initio</strong></span> <span class='ocrx_word' id='word_1_484' title='bbox 1244 4933 1469 4987; x_wconf 91' lang='lat' dir='ltr'><strong>minime</strong></span> <span class='ocrx_word' id='word_1_485' title='bbox 1517 4932 1854 5002; x_wconf 77' lang='lat' dir='ltr'><strong>praedixerit,</strong></span> <span class='ocrx_word' id='word_1_486' title='bbox 1894 4939 1949 4988; x_wconf 92' lang='lat' dir='ltr'><strong>et</strong></span> <span class='ocrx_word' id='word_1_487' title='bbox 1976 4933 2050 4986; x_wconf 88' lang='lat' dir='ltr'><strong>ait</strong></span> <span class='ocrx_word' id='word_1_488' title='bbox 2090 4949 2102 4984; x_wconf 94' lang='lat'>:</span> 
     </span>
    </p>
   </div>
   <div class='ocr_carea' id='block_1_69' title="bbox 537 5022 2104 5092">
    <p class='ocr_par' dir='ltr' id='par_1_69' title="bbox 537 5022 2104 5092">
     <span class='ocr_line' id='line_1_69' title="bbox 537 5022 2104 5092; baseline -0.002 -15"><span class='ocrx_word' id='word_1_489' title='bbox 537 5047 554 5077; x_wconf 75' lang='grc' dir='ltr'><strong>ι</strong></span> <span class='ocrx_word' id='word_1_490' title='bbox 597 5025 721 5080; x_wconf 64' lang='lat' dir='ltr'><strong>llaec</strong></span> <span class='ocrx_word' id='word_1_491' title='bbox 771 5026 839 5079; x_wconf 90' lang='lat' dir='ltr'><strong>ab</strong></span> <span class='ocrx_word' id='word_1_492' title='bbox 889 5024 1051 5078; x_wconf 90' lang='lat' dir='ltr'><strong>initio</strong></span> <span class='ocrx_word' id='word_1_493' title='bbox 1103 5039 1214 5078; x_wconf 90' lang='lat' dir='ltr'><strong>non</strong></span> <span class='ocrx_word' id='word_1_494' title='bbox 1268 5022 1383 5077; x_wconf 79' lang='lat' dir='ltr'><strong>dixi</strong></span> <span class='ocrx_word' id='word_1_495' title='bbox 1421 5023 1598 5087; x_wconf 90' lang='lat' dir='ltr'><strong>vobis,</strong></span> <span class='ocrx_word' id='word_1_496' title='bbox 1645 5025 1774 5092; x_wconf 89' lang='lat' dir='ltr'><strong>quia</strong></span> <span class='ocrx_word' id='word_1_497' title='bbox 1821 5023 2104 5078; x_wconf 90' lang='lat' dir='ltr'><strong>vobiscum</strong></span> 
     </span>
    </p>
   </div>
   <div class='ocr_carea' id='block_1_70' title="bbox 531 5112 2109 5181">
    <p class='ocr_par' dir='ltr' id='par_1_70' title="bbox 531 5112 2109 5181">
     <span class='ocr_line' id='line_1_70' title="bbox 531 5112 2109 5181; baseline -0.003 -12"><span class='ocrx_word' id='word_1_498' title='bbox 531 5131 704 5170; x_wconf 84' lang='lat' dir='ltr'><strong>eram.</strong></span> <span class='ocrx_word' id='word_1_499' title='bbox 743 5134 762 5166; x_wconf 68' lang='grc' dir='ltr'><strong>ι</strong></span> <span class='ocrx_word' id='word_1_500' title='bbox 799 5114 1054 5181; x_wconf 83' lang='lat' dir='ltr'><strong>Quandiu</strong></span> <span class='ocrx_word' id='word_1_501' title='bbox 1089 5115 1236 5168; x_wconf 91' lang='lat' dir='ltr'><strong>enim</strong></span> <span class='ocrx_word' id='word_1_502' title='bbox 1286 5128 1410 5169; x_wconf 91' lang='lat' dir='ltr'><strong>cum</strong></span> <span class='ocrx_word' id='word_1_503' title='bbox 1457 5114 1566 5168; x_wconf 90' lang='lat' dir='ltr'><strong>illis</strong></span> <span class='ocrx_word' id='word_1_504' title='bbox 1614 5121 1757 5176; x_wconf 86' lang='lat' dir='ltr'><strong>erat,</strong></span> <span class='ocrx_word' id='word_1_505' title='bbox 1809 5112 2109 5168; x_wconf 77' lang='lat' dir='ltr'><strong>sufficiebat</strong></span> 
     </span>
    </p>
   </div>
   <div class='ocr_carea' id='block_1_71' title="bbox 533 5205 2107 5268">
    <p class='ocr_par' dir='ltr' id='par_1_71' title="bbox 533 5205 2107 5268">
     <span class='ocr_line' id='line_1_71' title="bbox 533 5205 2107 5268; baseline -0.001 -7"><span class='ocrx_word' id='word_1_506' title='bbox 533 5209 599 5262; x_wconf 87' lang='lat' dir='ltr'><strong>ad</strong></span> <span class='ocrx_word' id='word_1_507' title='bbox 632 5223 728 5263; x_wconf 92' lang='lat' dir='ltr'><strong>eos</strong></span> <span class='ocrx_word' id='word_1_508' title='bbox 777 5222 845 5262; x_wconf 85' lang='lat' dir='ltr'><strong>ex</strong></span> <span class='ocrx_word' id='word_1_509' title='bbox 879 5207 1032 5260; x_wconf 90' lang='lat' dir='ltr'><strong>omni</strong></span> <span class='ocrx_word' id='word_1_510' title='bbox 1069 5206 1377 5261; x_wconf 87' lang='lat' dir='ltr'><strong>tentatione</strong></span> <span class='ocrx_word' id='word_1_511' title='bbox 1415 5206 1716 5268; x_wconf 88' lang='lat' dir='ltr'><strong>eruendos,</strong></span> <span class='ocrx_word' id='word_1_512' title='bbox 1749 5214 1804 5261; x_wconf 91' lang='lat' dir='ltr'><strong>et</strong></span> <span class='ocrx_word' id='word_1_513' title='bbox 1838 5205 2107 5260; x_wconf 87' lang='lat' dir='ltr'><strong>adversus</strong></span> 
     </span>
    </p>
   </div>
   <div class='ocr_carea' id='block_1_72' title="bbox 531 5297 2106 5368">
    <p class='ocr_par' dir='ltr' id='par_1_72' title="bbox 531 5297 2106 5368">
     <span class='ocr_line' id='line_1_72' title="bbox 531 5297 2106 5368; baseline -0.003 -11"><span class='ocrx_word' id='word_1_514' title='bbox 531 5315 725 5357; x_wconf 84' lang='lat' dir='ltr'><strong>omnes</strong></span> <span class='ocrx_word' id='word_1_515' title='bbox 750 5314 915 5355; x_wconf 91' lang='lat' dir='ltr'><strong>casus</strong></span> <span class='ocrx_word' id='word_1_516' title='bbox 946 5298 1304 5354; x_wconf 89' lang='lat' dir='ltr'><strong>instruendos</strong></span> <span class='ocrx_word' id='word_1_517' title='bbox 1335 5303 1498 5368; x_wconf 90' lang='lat' dir='ltr'><strong>atque</strong></span> <span class='ocrx_word' id='word_1_518' title='bbox 1529 5297 1840 5367; x_wconf 84' lang='lat' dir='ltr'><strong>erigendos.</strong></span> <span class='ocrx_word' id='word_1_519' title='bbox 1874 5298 2106 5364; x_wconf 83' lang='lat' dir='ltr'><strong>Quando</strong></span> 
     </span>
    </p>
   </div>
   <div class='ocr_carea' id='block_1_73' title="bbox 531 5391 2102 5461">
    <p class='ocr_par' dir='ltr' id='par_1_73' title="bbox 531 5391 2102 5461">
     <span class='ocr_line' id='line_1_73' title="bbox 531 5391 2102 5461; baseline -0.001 -14"><span class='ocrx_word' id='word_1_520' title='bbox 531 5407 662 5447; x_wconf 91' lang='lat' dir='ltr'><strong>vero</strong></span> <span class='ocrx_word' id='word_1_521' title='bbox 686 5392 754 5446; x_wconf 88' lang='lat' dir='ltr'><strong>ad</strong></span> <span class='ocrx_word' id='word_1_522' title='bbox 781 5391 1000 5446; x_wconf 85' lang='lat' dir='ltr'><strong>Patrem</strong></span> <span class='ocrx_word' id='word_1_523' title='bbox 1035 5391 1204 5454; x_wconf 87' lang='lat' dir='ltr'><strong>vadit,</strong></span> <span class='ocrx_word' id='word_1_524' title='bbox 1230 5406 1292 5446; x_wconf 87' lang='lat' dir='ltr'><strong>ea</strong></span> <span class='ocrx_word' id='word_1_525' title='bbox 1319 5407 1442 5461; x_wconf 88' lang='lat' dir='ltr'><strong>quae</strong></span> <span class='ocrx_word' id='word_1_526' title='bbox 1471 5402 1623 5446; x_wconf 91' lang='lat' dir='ltr'><strong>certo</strong></span> <span class='ocrx_word' id='word_1_527' title='bbox 1652 5399 1915 5446; x_wconf 89' lang='lat' dir='ltr'><strong>eventura</strong></span> <span class='ocrx_word' id='word_1_528' title='bbox 1945 5404 2102 5449; x_wconf 88' lang='lat' dir='ltr'><strong>erant</strong></span> 
     </span>
    </p>
   </div>
   <div class='ocr_carea' id='block_1_74' title="bbox 531 5481 2105 5553">
    <p class='ocr_par' dir='ltr' id='par_1_74' title="bbox 531 5481 2105 5553">
     <span class='ocr_line' id='line_1_74' title="bbox 531 5481 2105 5553; baseline 0 -16"><span class='ocrx_word' id='word_1_529' title='bbox 531 5485 739 5538; x_wconf 90' lang='lat' dir='ltr'><strong>utiliter</strong></span> <span class='ocrx_word' id='word_1_530' title='bbox 785 5489 840 5538; x_wconf 90' lang='lat' dir='ltr'><strong>et</strong></span> <span class='ocrx_word' id='word_1_531' title='bbox 872 5489 1184 5552; x_wconf 90' lang='lat' dir='ltr'><strong>opportune</strong></span> <span class='ocrx_word' id='word_1_532' title='bbox 1233 5483 1318 5538; x_wconf 85' lang='lat' dir='ltr'><strong>eis</strong></span> <span class='ocrx_word' id='word_1_533' title='bbox 1373 5482 1628 5553; x_wconf 78' lang='lat' dir='ltr'><strong>explicat.</strong></span> <span class='ocrx_word' id='word_1_534' title='bbox 1678 5481 1813 5537; x_wconf 84' lang='lat' dir='ltr'><strong>Nam</strong></span> <span class='ocrx_word' id='word_1_535' title='bbox 1869 5483 1916 5538; x_wconf 90' lang='lat' dir='ltr'><strong>si</strong></span> <span class='ocrx_word' id='word_1_536' title='bbox 1953 5493 2105 5539; x_wconf 91' lang='lat' dir='ltr'><strong>tem-</strong></span> 
     </span>
    </p>
   </div>
   <div class='ocr_carea' id='block_1_75' title="bbox 532 5573 2104 5647">
    <p class='ocr_par' dir='ltr' id='par_1_75' title="bbox 532 5573 2104 5647">
     <span class='ocr_line' id='line_1_75' title="bbox 532 5573 2104 5647; baseline -0.001 -16"><span class='ocrx_word' id='word_1_537' title='bbox 532 5576 741 5646; x_wconf 86' lang='lat' dir='ltr'><strong>pestive</strong></span> <span class='ocrx_word' id='word_1_538' title='bbox 783 5589 874 5630; x_wconf 88' lang='lat' dir='ltr'><strong>res</strong></span> <span class='ocrx_word' id='word_1_539' title='bbox 902 5588 1094 5646; x_wconf 82' lang='lat' dir='ltr'><strong>gerere</strong></span> <span class='ocrx_word' id='word_1_540' title='bbox 1124 5573 1449 5647; x_wconf 81' lang='lat' dir='ltr'><strong>cumprimis</strong></span> <span class='ocrx_word' id='word_1_541' title='bbox 1483 5576 1793 5644; x_wconf 81' lang='lat' dir='ltr'><strong>studemus,</strong></span> <span class='ocrx_word' id='word_1_542' title='bbox 1824 5578 2104 5646; x_wconf 87' lang='lat' dir='ltr'><strong>quomodo</strong></span> 
     </span>
    </p>
   </div>
   <div class='ocr_carea' id='block_1_76' title="bbox 608 5751 1155 5817">
    <p class='ocr_par' dir='ltr' id='par_1_76' title="bbox 608 5751 1155 5817">
     <span class='ocr_line' id='line_1_76' title="bbox 608 5751 1155 5817; baseline 0 -9"><span class='ocrx_word' id='word_1_543' title='bbox 608 5753 655 5784; x_wconf 85' lang='lat'>“</span> <span class='ocrx_word' id='word_1_544' title='bbox 678 5752 821 5807; x_wconf 83' lang='lat' dir='ltr'><strong>Psal.</strong></span> <span class='ocrx_word' id='word_1_545' title='bbox 851 5765 1038 5817; x_wconf 82' lang='lat' dir='ltr'><strong>cxvttt,</strong></span> <span class='ocrx_word' id='word_1_546' title='bbox 1065 5751 1155 5808; x_wconf 80' lang='lat'><strong>60.</strong></span> 
     </span>
    </p>
   </div>
   <div class='ocr_carea' id='block_1_77' title="bbox 2189 1902 3782 1980">
    <p class='ocr_par' dir='ltr' id='par_1_77' title="bbox 2189 1902 3782 1980">
     <span class='ocr_line' id='line_1_77' title="bbox 2189 1902 3782 1980; baseline -0.014 -7"><span class='ocrx_word' id='word_1_547' title='bbox 2189 1916 2331 1972; x_wconf 83' lang='grc' dir='ltr'>εἶναι</span> <span class='ocrx_word' id='word_1_548' title='bbox 2357 1915 2531 1970; x_wconf 86' lang='grc' dir='ltr'>δεινοῦ</span> <span class='ocrx_word' id='word_1_549' title='bbox 2557 1955 2570 1978; x_wconf 92' lang='grc'><strong>,</strong></span> <span class='ocrx_word' id='word_1_550' title='bbox 2614 1909 2908 1980; x_wconf 83' lang='grc' dir='ltr'>ἀκλόνητόν</span> <span class='ocrx_word' id='word_1_551' title='bbox 2957 1924 3016 1960; x_wconf 90' lang='grc' dir='ltr'><strong>τε</strong></span> <span class='ocrx_word' id='word_1_552' title='bbox 3058 1906 3150 1959; x_wconf 79' lang='grc' dir='ltr'><strong>τὸν</strong></span> <span class='ocrx_word' id='word_1_553' title='bbox 3177 1905 3302 1957; x_wconf 89' lang='grc' dir='ltr'>νοῦν</span> <span class='ocrx_word' id='word_1_554' title='bbox 3332 1905 3390 1956; x_wconf 90' lang='grc' dir='ltr'><strong>ἐν</strong></span> <span class='ocrx_word' id='word_1_555' title='bbox 3419 1903 3608 1964; x_wconf 80' lang='grc' dir='ltr'>αὐτοῖς</span> <span class='ocrx_word' id='word_1_556' title='bbox 3641 1902 3782 1970; x_wconf 69' lang='grc' dir='ltr'>κτή-</span> 
     </span>
    </p>
   </div>
   <div class='ocr_carea' id='block_1_78' title="bbox 2189 1987 3778 2068">
    <p class='ocr_par' dir='ltr' id='par_1_78' title="bbox 2189 1987 3778 2068">
     <span class='ocr_line' id='line_1_78' title="bbox 2189 1987 3778 2068; baseline -0.016 -5"><span class='ocrx_word' id='word_1_557' title='bbox 2189 2026 2342 2063; x_wconf 86' lang='grc' dir='ltr'>σεται</span> <span class='ocrx_word' id='word_1_558' title='bbox 2387 2009 2499 2068; x_wconf 86' lang='grc' dir='ltr'>τοῖς</span> <span class='ocrx_word' id='word_1_559' title='bbox 2527 2005 2730 2064; x_wconf 86' lang='grc' dir='ltr'>πόνοις.</span> <span class='ocrx_word' id='word_1_560' title='bbox 2775 2000 2848 2054; x_wconf 85' lang='grc' dir='ltr'>Τὸ</span> <span class='ocrx_word' id='word_1_561' title='bbox 2885 1997 2991 2068; x_wconf 84' lang='grc' dir='ltr'>γὰρ</span> <span class='ocrx_word' id='word_1_562' title='bbox 3034 1995 3312 2063; x_wconf 80' lang='grc' dir='ltr'>ἀδοκήτως</span> <span class='ocrx_word' id='word_1_563' title='bbox 3337 2031 3353 2053; x_wconf 84' lang='grc'><strong>,</strong></span> <span class='ocrx_word' id='word_1_564' title='bbox 3387 1987 3539 2060; x_wconf 74' lang='grc' dir='ltr'>οἶμαι</span> <span class='ocrx_word' id='word_1_565' title='bbox 3567 2029 3584 2051; x_wconf 88' lang='grc'><strong>,</strong></span> <span class='ocrx_word' id='word_1_566' title='bbox 3637 1990 3778 2053; x_wconf 79' lang='grc' dir='ltr'>παρ’</span> 
     </span>
    </p>
   </div>
   <div class='ocr_carea' id='block_1_79' title="bbox 2189 2080 3862 2162">
    <p class='ocr_par' dir='ltr' id='par_1_79' title="bbox 2189 2080 3862 2162">
     <span class='ocr_line' id='line_1_79' title="bbox 2189 2080 3862 2162; baseline -0.014 -10"><span class='ocrx_word' id='word_1_567' title='bbox 2189 2098 2378 2152; x_wconf 78' lang='grc' dir='ltr'>ἐλπίδα</span> <span class='ocrx_word' id='word_1_568' title='bbox 2407 2095 2600 2148; x_wconf 81' lang='grc' dir='ltr'>παθεῖν</span> <span class='ocrx_word' id='word_1_569' title='bbox 2643 2089 2974 2162; x_wconf 80' lang='grc' dir='ltr'>πικροτέραν</span> <span class='ocrx_word' id='word_1_570' title='bbox 3015 2087 3130 2158; x_wconf 81' lang='grc' dir='ltr'>ἔχει</span> <span class='ocrx_word' id='word_1_571' title='bbox 3170 2087 3269 2155; x_wconf 82' lang='grc' dir='ltr'>τὴν</span> <span class='ocrx_word' id='word_1_572' title='bbox 3299 2081 3631 2154; x_wconf 75' lang='grc' dir='ltr'>προσϐολήν.</span> <span class='ocrx_word' id='word_1_573' title='bbox 3665 2080 3782 2132; x_wconf 78' lang='grc' dir='ltr'>Καὶ</span> <span class='ocrx_word' id='word_1_574' title='bbox 3860 2095 3862 2152; x_wconf 72' lang='grc' dir='ltr'>ι</span> 
     </span>
    </p>
   </div>
   <div class='ocr_carea' id='block_1_80' title="bbox 2188 2168 3782 2258">
    <p class='ocr_par' dir='ltr' id='par_1_80' title="bbox 2188 2168 3782 2258">
     <span class='ocr_line' id='line_1_80' title="bbox 2188 2168 3782 2258; baseline -0.016 -14"><span class='ocrx_word' id='word_1_575' title='bbox 2188 2189 2319 2258; x_wconf 90' lang='grc' dir='ltr'>γοῦν</span> <span class='ocrx_word' id='word_1_576' title='bbox 2337 2191 2365 2242; x_wconf 84' lang='grc' dir='ltr'><strong>ό</strong></span> <span class='ocrx_word' id='word_1_577' title='bbox 2384 2185 2617 2240; x_wconf 85' lang='grc' dir='ltr'>Ψάλλων</span> <span class='ocrx_word' id='word_1_578' title='bbox 2642 2182 2822 2252; x_wconf 82' lang='grc' dir='ltr'>φησίν·</span> <span class='ocrx_word' id='word_1_579' title='bbox 2853 2200 2871 2230; x_wconf 77' lang='grc' dir='ltr'><strong>ι</strong></span> <span class='ocrx_word' id='word_1_580' title='bbox 2895 2175 3284 2248; x_wconf 81' lang='grc' dir='ltr'>Ἣτοιμάσθην,</span> <span class='ocrx_word' id='word_1_581' title='bbox 3313 2172 3406 2226; x_wconf 62' lang='grc' dir='ltr'><strong>καλ¹</strong></span> <span class='ocrx_word' id='word_1_582' title='bbox 3441 2171 3542 2224; x_wconf 79' lang='grc' dir='ltr'><strong>ούκ</strong></span> <span class='ocrx_word' id='word_1_583' title='bbox 3575 2168 3782 2238; x_wconf 72' lang='grc' dir='ltr'>ἐταρά-</span> 
     </span>
    </p>
   </div>
   <div class='ocr_carea' id='block_1_81' title="bbox 2189 2261 3780 2355">
    <p class='ocr_par' dir='ltr' id='par_1_81' title="bbox 2189 2261 3780 2355">
     <span class='ocr_line' id='line_1_81' title="bbox 2189 2261 3780 2355; baseline -0.016 -19"><span class='ocrx_word' id='word_1_584' title='bbox 2189 2283 2345 2355; x_wconf 86' lang='grc' dir='ltr'>χθην.</span> <span class='ocrx_word' id='word_1_585' title='bbox 2385 2300 2404 2331; x_wconf 78' lang='grc' dir='ltr'><strong>ι</strong></span> <span class='ocrx_word' id='word_1_586' title='bbox 2429 2274 2848 2348; x_wconf 85' lang='grc' dir='ltr'>Διαμεμνῆσθαι</span> <span class='ocrx_word' id='word_1_587' title='bbox 2877 2271 3056 2325; x_wconf 89' lang='grc' dir='ltr'>τοίνυν</span> <span class='ocrx_word' id='word_1_588' title='bbox 3088 2266 3300 2322; x_wconf 81' lang='grc' dir='ltr'>κελεύει</span> <span class='ocrx_word' id='word_1_589' title='bbox 3345 2267 3472 2325; x_wconf 78' lang='grc' dir='ltr'>τοὺς</span> <span class='ocrx_word' id='word_1_590' title='bbox 3519 2261 3780 2332; x_wconf 63' lang='grc' dir='ltr'>μαθητὰς</span> 
     </span>
    </p>
   </div>
   <div class='ocr_carea' id='block_1_82' title="bbox 2189 2353 3786 2444">
    <p class='ocr_par' dir='ltr' id='par_1_82' title="bbox 2189 2353 3786 2444">
     <span class='ocr_line' id='line_1_82' title="bbox 2189 2353 3786 2444; baseline -0.018 -16"><span class='ocrx_word' id='word_1_591' title='bbox 2189 2375 2284 2428; x_wconf 88' lang='grc' dir='ltr'><strong>τοῦ</strong></span> <span class='ocrx_word' id='word_1_592' title='bbox 2323 2369 2716 2444; x_wconf 80' lang='grc' dir='ltr'>προειρηκότος</span> <span class='ocrx_word' id='word_1_593' title='bbox 2763 2365 2945 2425; x_wconf 80' lang='grc' dir='ltr'>αὐτοῖς</span> <span class='ocrx_word' id='word_1_594' title='bbox 2976 2362 3045 2414; x_wconf 82' lang='grc' dir='ltr'>τὰ</span> <span class='ocrx_word' id='word_1_595' title='bbox 3078 2359 3312 2428; x_wconf 79' lang='grc' dir='ltr'>ἐσόμενα</span> <span class='ocrx_word' id='word_1_596' title='bbox 3359 2353 3654 2426; x_wconf 81' lang='grc' dir='ltr'>χρησίμως</span> <span class='ocrx_word' id='word_1_597' title='bbox 3681 2353 3786 2402; x_wconf 69' lang='grc' dir='ltr'><strong>καὶ</strong></span> 
     </span>
    </p>
   </div>
   <div class='ocr_carea' id='block_1_83' title="bbox 2191 2443 3786 2535">
    <p class='ocr_par' dir='ltr' id='par_1_83' title="bbox 2191 2443 3786 2535">
     <span class='ocr_line' id='line_1_83' title="bbox 2191 2443 3786 2535; baseline -0.018 -14"><span class='ocrx_word' id='word_1_598' title='bbox 2191 2443 2525 2535; x_wconf 84' lang='grc' dir='ltr'>ἀναγκαίως.</span> <span class='ocrx_word' id='word_1_599' title='bbox 2557 2457 2665 2513; x_wconf 81' lang='grc' dir='ltr'>Ἦν</span> <span class='ocrx_word' id='word_1_600' title='bbox 2700 2459 2807 2528; x_wconf 86' lang='grc' dir='ltr'><strong>γὰρ</strong></span> <span class='ocrx_word' id='word_1_601' title='bbox 2846 2457 2948 2509; x_wconf 78' lang='grc' dir='ltr'><strong>οὐκ</strong></span> <span class='ocrx_word' id='word_1_602' title='bbox 2981 2451 3318 2522; x_wconf 74' lang='grc' dir='ltr'>ἀμφίϐολον,</span> <span class='ocrx_word' id='word_1_603' title='bbox 3367 2448 3448 2501; x_wconf 84' lang='grc' dir='ltr'>ὅτι</span> <span class='ocrx_word' id='word_1_604' title='bbox 3476 2444 3619 2498; x_wconf 80' lang='grc' dir='ltr'>Θεὸν</span> <span class='ocrx_word' id='word_1_605' title='bbox 3647 2443 3786 2511; x_wconf 75' lang='grc' dir='ltr'>ἀλη-</span> 
     </span>
    </p>
   </div>
   <div class='ocr_carea' id='block_1_84' title="bbox 2192 2532 3784 2623">
    <p class='ocr_par' dir='ltr' id='par_1_84' title="bbox 2192 2532 3784 2623">
     <span class='ocr_line' id='line_1_84' title="bbox 2192 2532 3784 2623; baseline -0.018 -13"><span class='ocrx_word' id='word_1_606' title='bbox 2192 2556 2337 2610; x_wconf 78' lang='grc' dir='ltr'>θινὸν</span> <span class='ocrx_word' id='word_1_607' title='bbox 2401 2553 2669 2623; x_wconf 85' lang='grc' dir='ltr'>ὑπάρχειν</span> <span class='ocrx_word' id='word_1_608' title='bbox 2727 2547 2890 2602; x_wconf 78' lang='grc' dir='ltr'>αὐτὸν</span> <span class='ocrx_word' id='word_1_609' title='bbox 2947 2545 3041 2599; x_wconf 81' lang='grc' dir='ltr'><strong>καὶ</strong></span> <span class='ocrx_word' id='word_1_610' title='bbox 3081 2542 3169 2596; x_wconf 83' lang='grc' dir='ltr'><strong>διὰ</strong></span> <span class='ocrx_word' id='word_1_611' title='bbox 3218 2539 3376 2592; x_wconf 78' lang='grc' dir='ltr'>τοῦτο</span> <span class='ocrx_word' id='word_1_612' title='bbox 3419 2532 3784 2592; x_wconf 79' lang='grc' dir='ltr'>πιστεύοντες</span> 
     </span>
    </p>
   </div>
   <div class='ocr_carea' id='block_1_85' title="bbox 2194 2626 3783 2716">
    <p class='ocr_par' dir='ltr' id='par_1_85' title="bbox 2194 2626 3783 2716">
     <span class='ocr_line' id='line_1_85' title="bbox 2194 2626 3783 2716; baseline -0.018 -12"><span class='ocrx_word' id='word_1_613' title='bbox 2194 2649 2345 2707; x_wconf 73' lang='grc' dir='ltr'>(ἴδιον</span> <span class='ocrx_word' id='word_1_614' title='bbox 2375 2645 2482 2716; x_wconf 84' lang='grc' dir='ltr'>γὰρ</span> <span class='ocrx_word' id='word_1_615' title='bbox 2507 2643 2567 2696; x_wconf 87' lang='grc' dir='ltr'><strong>τὸ</strong></span> <span class='ocrx_word' id='word_1_616' title='bbox 2596 2641 2774 2694; x_wconf 85' lang='grc' dir='ltr'>πάντα</span> <span class='ocrx_word' id='word_1_617' title='bbox 2798 2638 2998 2692; x_wconf 74' lang='grc' dir='ltr'>εἰδέναι</span> <span class='ocrx_word' id='word_1_618' title='bbox 3024 2634 3117 2688; x_wconf 82' lang='grc' dir='ltr'><strong>τοῦ</strong></span> <span class='ocrx_word' id='word_1_619' title='bbox 3154 2630 3295 2688; x_wconf 83' lang='grc' dir='ltr'><strong>κατά</strong></span> <span class='ocrx_word' id='word_1_620' title='bbox 3318 2627 3585 2700; x_wconf 78' lang='grc' dir='ltr'>ἀλήθειαν</span> <span class='ocrx_word' id='word_1_621' title='bbox 3620 2626 3783 2686; x_wconf 72' lang='grc' dir='ltr'>ὄντος</span> 
     </span>
    </p>
   </div>
   <div class='ocr_carea' id='block_1_86' title="bbox 2192 2719 3780 2810">
    <p class='ocr_par' dir='ltr' id='par_1_86' title="bbox 2192 2719 3780 2810">
     <span class='ocr_line' id='line_1_86' title="bbox 2192 2719 3780 2810; baseline -0.018 -15"><span class='ocrx_word' id='word_1_622' title='bbox 2192 2738 2400 2810; x_wconf 82' lang='grc' dir='ltr'>Θεοῦ),</span> <span class='ocrx_word' id='word_1_623' title='bbox 2453 2736 2549 2789; x_wconf 74' lang='grc' dir='ltr'>καὶ</span> <span class='ocrx_word' id='word_1_624' title='bbox 2591 2735 2674 2789; x_wconf 85' lang='grc' dir='ltr'><strong>ὅτι</strong></span> <span class='ocrx_word' id='word_1_625' title='bbox 2716 2732 2822 2786; x_wconf 86' lang='grc' dir='ltr'>τῶν</span> <span class='ocrx_word' id='word_1_626' title='bbox 2865 2729 3054 2784; x_wconf 85' lang='grc' dir='ltr'>δεινῶν</span> <span class='ocrx_word' id='word_1_627' title='bbox 3105 2724 3370 2792; x_wconf 84' lang='grc' dir='ltr'>ἐξελεῖται</span> <span class='ocrx_word' id='word_1_628' title='bbox 3420 2719 3629 2792; x_wconf 70' lang='grc' dir='ltr'>ῥᾳδίως</span> <span class='ocrx_word' id='word_1_629' title='bbox 3683 2735 3780 2767; x_wconf 83' lang='grc' dir='ltr'>πι-</span> 
     </span>
    </p>
   </div>
   <div class='ocr_carea' id='block_1_87' title="bbox 2195 2831 2532 2884">
    <p class='ocr_par' dir='ltr' id='par_1_87' title="bbox 2195 2831 2532 2884">
     <span class='ocr_line' id='line_1_87' title="bbox 2195 2831 2532 2884; baseline -0.009 0"><span class='ocrx_word' id='word_1_630' title='bbox 2195 2831 2532 2884; x_wconf 82' lang='grc' dir='ltr'>στεύσουσιν.</span> 
     </span>
    </p>
   </div>
   <div class='ocr_carea' id='block_1_88' title="bbox 2271 2901 3782 2984">
    <p class='ocr_par' dir='ltr' id='par_1_88' title="bbox 2271 2901 3782 2984">
     <span class='ocr_line' id='line_1_88' title="bbox 2271 2901 3782 2984; baseline -0.015 -9"><span class='ocrx_word' id='word_1_631' title='bbox 2271 2921 2462 2975; x_wconf 84' lang='grc' dir='ltr'>Ταῦτα</span> <span class='ocrx_word' id='word_1_632' title='bbox 2491 2918 2560 2971; x_wconf 85' lang='grc' dir='ltr'>δὲ</span> <span class='ocrx_word' id='word_1_633' title='bbox 2583 2916 2653 2981; x_wconf 75' lang='grc' dir='ltr'>ἐξ</span> <span class='ocrx_word' id='word_1_634' title='bbox 2693 2913 2889 2984; x_wconf 81' lang='grc' dir='ltr'>ἀρχῆς</span> <span class='ocrx_word' id='word_1_635' title='bbox 2930 2914 3042 2967; x_wconf 81' lang='grc' dir='ltr'>οὐκ</span> <span class='ocrx_word' id='word_1_636' title='bbox 3081 2904 3254 2964; x_wconf 77' lang='grc' dir='ltr'>εἷπον</span> <span class='ocrx_word' id='word_1_637' title='bbox 3291 2904 3470 2976; x_wconf 76' lang='grc' dir='ltr'>ὑμῖν,</span> <span class='ocrx_word' id='word_1_638' title='bbox 3516 2902 3610 2956; x_wconf 83' lang='grc' dir='ltr'>ὅτι</span> <span class='ocrx_word' id='word_1_639' title='bbox 3645 2901 3782 2971; x_wconf 65' lang='grc' dir='ltr'>μεθ’</span> 
     </span>
    </p>
   </div>
   <div class='ocr_carea' id='block_1_89' title="bbox 2194 2993 3782 3084">
    <p class='ocr_par' dir='ltr' id='par_1_89' title="bbox 2194 2993 3782 3084">
     <span class='ocr_line' id='line_1_89' title="bbox 2194 2993 3782 3084; baseline -0.016 -15"><span class='ocrx_word' id='word_1_640' title='bbox 2194 3012 2361 3084; x_wconf 80' lang='grc' dir='ltr'><strong>ὑμῶν</strong></span> <span class='ocrx_word' id='word_1_641' title='bbox 2393 3012 2572 3081; x_wconf 80' lang='grc' dir='ltr'>ἤμην.</span> <span class='ocrx_word' id='word_1_642' title='bbox 2605 3009 2734 3063; x_wconf 80' lang='grc' dir='ltr'><strong>Νῦν</strong></span> <span class='ocrx_word' id='word_1_643' title='bbox 2769 3007 2837 3074; x_wconf 83' lang='grc' dir='ltr'>δὲ</span> <span class='ocrx_word' id='word_1_644' title='bbox 2877 3003 3085 3074; x_wconf 79' lang='grc' dir='ltr'>ὑπάγω</span> <span class='ocrx_word' id='word_1_645' title='bbox 3125 3000 3274 3070; x_wconf 78' lang='grc' dir='ltr'>πρὸς</span> <span class='ocrx_word' id='word_1_646' title='bbox 3301 2997 3408 3052; x_wconf 78' lang='grc' dir='ltr'><strong>τὸν</strong></span> <span class='ocrx_word' id='word_1_647' title='bbox 3445 2993 3782 3064; x_wconf 66' lang='grc' dir='ltr'>πέμψαντὰ</span> 
     </span>
    </p>
   </div>
   <div class='ocr_carea' id='block_1_90' title="bbox 2188 3086 3780 3177">
    <p class='ocr_par' dir='ltr' id='par_1_90' title="bbox 2188 3086 3780 3177">
     <span class='ocr_line' id='line_1_90' title="bbox 2188 3086 3780 3177; baseline -0.016 -16"><span class='ocrx_word' id='word_1_648' title='bbox 2188 3125 2285 3177; x_wconf 82' lang='grc' dir='ltr'><strong>με,</strong></span> <span class='ocrx_word' id='word_1_649' title='bbox 2314 3104 2412 3157; x_wconf 82' lang='grc' dir='ltr'>καὶ</span> <span class='ocrx_word' id='word_1_650' title='bbox 2445 3101 2646 3166; x_wconf 78' lang='grc' dir='ltr'>οὐδεὶς</span> <span class='ocrx_word' id='word_1_651' title='bbox 2673 3100 2741 3164; x_wconf 80' lang='grc' dir='ltr'>ἐξ</span> <span class='ocrx_word' id='word_1_652' title='bbox 2768 3097 2937 3167; x_wconf 76' lang='grc' dir='ltr'><strong>ὑμῶν</strong></span> <span class='ocrx_word' id='word_1_653' title='bbox 2963 3093 3151 3165; x_wconf 80' lang='grc' dir='ltr'>ἐρωτᾷ</span> <span class='ocrx_word' id='word_1_654' title='bbox 3181 3107 3287 3162; x_wconf 74' lang='grc' dir='ltr'>με’</span> <span class='ocrx_word' id='word_1_655' title='bbox 3319 3089 3443 3143; x_wconf 90' lang='grc' dir='ltr'>Ποῦ</span> <span class='ocrx_word' id='word_1_656' title='bbox 3486 3086 3736 3153; x_wconf 66' lang='grc' dir='ltr'>ὑπάγεις</span> <span class='ocrx_word' id='word_1_657' title='bbox 3761 3101 3780 3146; x_wconf 87' lang='grc'><em>;</em></span> 
     </span>
    </p>
   </div>
   <div class='ocr_carea' id='block_1_91' title="bbox 2212 3180 3781 3256">
    <p class='ocr_par' dir='ltr' id='par_1_91' title="bbox 2212 3180 3781 3256">
     <span class='ocr_line' id='line_1_91' title="bbox 2212 3180 3781 3256; baseline -0.014 -3"><span class='ocrx_word' id='word_1_658' title='bbox 2212 3197 2375 3254; x_wconf 77' lang='grc' dir='ltr'>Ἀλλ’</span> <span class='ocrx_word' id='word_1_659' title='bbox 2408 3196 2497 3250; x_wconf 85' lang='grc' dir='ltr'>ὅτι</span> <span class='ocrx_word' id='word_1_660' title='bbox 2532 3194 2718 3247; x_wconf 85' lang='grc' dir='ltr'>ταῦτα</span> <span class='ocrx_word' id='word_1_661' title='bbox 2740 3190 3058 3256; x_wconf 77' lang='grc' dir='ltr'>λελάληκα</span> <span class='ocrx_word' id='word_1_662' title='bbox 3086 3185 3250 3256; x_wconf 80' lang='grc' dir='ltr'>ὑμῖν,</span> <span class='ocrx_word' id='word_1_663' title='bbox 3282 3184 3320 3252; x_wconf 79' lang='grc' dir='ltr'><strong><em>ἡ</em></strong></span> <span class='ocrx_word' id='word_1_664' title='bbox 3349 3182 3518 3248; x_wconf 72' lang='grc' dir='ltr'>λύπη</span> <span class='ocrx_word' id='word_1_665' title='bbox 3541 3180 3781 3246; x_wconf 59' lang='grc' dir='ltr'>πεπλή-</span> 
     </span>
    </p>
   </div>
   <div class='ocr_carea' id='block_1_92' title="bbox 2191 3279 3026 3359">
    <p class='ocr_par' dir='ltr' id='par_1_92' title="bbox 2191 3279 3026 3359">
     <span class='ocr_line' id='line_1_92' title="bbox 2191 3279 3026 3359; baseline -0.016 -16"><span class='ocrx_word' id='word_1_666' title='bbox 2191 3306 2386 3359; x_wconf 72' lang='grc' dir='ltr'>ρωκεν</span> <span class='ocrx_word' id='word_1_667' title='bbox 2409 3285 2576 3354; x_wconf 76' lang='grc' dir='ltr'><strong>ὑμῶν</strong></span> <span class='ocrx_word' id='word_1_668' title='bbox 2603 3283 2720 3351; x_wconf 72' lang='grc' dir='ltr'><strong>τὴν</strong></span> <span class='ocrx_word' id='word_1_669' title='bbox 2757 3279 3026 3349; x_wconf 75' lang='grc' dir='ltr'>καρδίαν.</span> 
     </span>
    </p>
   </div>
   <div class='ocr_carea' id='block_1_93' title="bbox 2281 3363 3782 3454">
    <p class='ocr_par' dir='ltr' id='par_1_93' title="bbox 2281 3363 3782 3454">
     <span class='ocr_line' id='line_1_93' title="bbox 2281 3363 3782 3454; baseline -0.015 -18"><span class='ocrx_word' id='word_1_670' title='bbox 2281 3383 2500 3454; x_wconf 78' lang='grc' dir='ltr'>Ἑτέρου</span> <span class='ocrx_word' id='word_1_671' title='bbox 2547 3379 2693 3441; x_wconf 76' lang='grc' dir='ltr'>τινὸς</span> <span class='ocrx_word' id='word_1_672' title='bbox 2723 3375 2998 3448; x_wconf 79' lang='grc' dir='ltr'>χρησίμου</span> <span class='ocrx_word' id='word_1_673' title='bbox 3031 3370 3125 3425; x_wconf 76' lang='grc' dir='ltr'><strong>καὶ</strong></span> <span class='ocrx_word' id='word_1_674' title='bbox 3171 3365 3612 3436; x_wconf 82' lang='grc' dir='ltr'>ἀναγκαιοτάτου</span> <span class='ocrx_word' id='word_1_675' title='bbox 3657 3363 3782 3415; x_wconf 80' lang='grc' dir='ltr'>λίαν</span> 
     </span>
    </p>
   </div>
   <div class='ocr_carea' id='block_1_94' title="bbox 2199 3451 3783 3544">
    <p class='ocr_par' dir='ltr' id='par_1_94' title="bbox 2199 3451 3783 3544">
     <span class='ocr_line' id='line_1_94' title="bbox 2199 3451 3783 3544; baseline -0.013 -18"><span class='ocrx_word' id='word_1_676' title='bbox 2199 3451 2530 3544; x_wconf 68' lang='grc' dir='ltr'>προενόησεν</span> <span class='ocrx_word' id='word_1_677' title='bbox 2562 3471 2589 3522; x_wconf 91' lang='grc' dir='ltr'>ὁ</span> <span class='ocrx_word' id='word_1_678' title='bbox 2627 3465 2884 3537; x_wconf 79' lang='grc' dir='ltr'>Χριστός.</span> <span class='ocrx_word' id='word_1_679' title='bbox 2909 3459 3019 3514; x_wconf 84' lang='grc' dir='ltr'><strong>Ἤν</strong></span> <span class='ocrx_word' id='word_1_680' title='bbox 3058 3458 3166 3529; x_wconf 85' lang='grc' dir='ltr'>γὰρ</span> <span class='ocrx_word' id='word_1_681' title='bbox 3199 3460 3298 3510; x_wconf 79' lang='grc' dir='ltr'><strong>οὐκ</strong></span> <span class='ocrx_word' id='word_1_682' title='bbox 3329 3451 3636 3526; x_wconf 75' lang='grc' dir='ltr'>ἀμφίϐολον</span> <span class='ocrx_word' id='word_1_683' title='bbox 3658 3496 3673 3519; x_wconf 88' lang='grc'><strong>,</strong></span> <span class='ocrx_word' id='word_1_684' title='bbox 3700 3455 3783 3506; x_wconf 71' lang='grc' dir='ltr'><strong>ὃτι</strong></span> 
     </span>
    </p>
   </div>
   <div class='ocr_carea' id='block_1_95' title="bbox 2200 3547 3784 3633">
    <p class='ocr_par' dir='ltr' id='par_1_95' title="bbox 2200 3547 3784 3633">
     <span class='ocr_line' id='line_1_95' title="bbox 2200 3547 3784 3633; baseline -0.014 -14"><span class='ocrx_word' id='word_1_685' title='bbox 2200 3563 2526 3633; x_wconf 76' lang='grc' dir='ltr'>κεκλημένοι</span> <span class='ocrx_word' id='word_1_686' title='bbox 2569 3559 2707 3630; x_wconf 85' lang='grc' dir='ltr'>πρὸς</span> <span class='ocrx_word' id='word_1_687' title='bbox 2740 3553 3040 3628; x_wconf 84' lang='grc' dir='ltr'>μαθητείαν</span> <span class='ocrx_word' id='word_1_688' title='bbox 3083 3553 3140 3604; x_wconf 89' lang='grc' dir='ltr'><strong>ἐν</strong></span> <span class='ocrx_word' id='word_1_689' title='bbox 3191 3551 3386 3620; x_wconf 86' lang='grc' dir='ltr'>ἀρχαῖς</span> <span class='ocrx_word' id='word_1_690' title='bbox 3418 3549 3551 3618; x_wconf 85' lang='grc' dir='ltr'>παρ’</span> <span class='ocrx_word' id='word_1_691' title='bbox 3588 3547 3784 3604; x_wconf 64' lang='grc' dir='ltr'>αὐτοῦ.</span> 
     </span>
    </p>
   </div>
   <div class='ocr_carea' id='block_1_96' title="bbox 2203 3637 3785 3714">
    <p class='ocr_par' dir='ltr' id='par_1_96' title="bbox 2203 3637 3785 3714">
     <span class='ocr_line' id='line_1_96' title="bbox 2203 3637 3785 3714; baseline -0.013 -7"><span class='ocrx_word' id='word_1_692' title='bbox 2203 3655 2451 3714; x_wconf 87' lang='grc' dir='ltr'>συνόντες</span> <span class='ocrx_word' id='word_1_693' title='bbox 2474 3668 2531 3704; x_wconf 89' lang='grc' dir='ltr'><strong>τε</strong></span> <span class='ocrx_word' id='word_1_694' title='bbox 2558 3650 2666 3713; x_wconf 70' lang='grc' dir='ltr'>ἀεὶ,</span> <span class='ocrx_word' id='word_1_695' title='bbox 2694 3647 2788 3700; x_wconf 75' lang='grc' dir='ltr'><strong>καὶ</strong></span> <span class='ocrx_word' id='word_1_696' title='bbox 2821 3642 3285 3712; x_wconf 78' lang='grc' dir='ltr'>συνδιαιτώμενοι,</span> <span class='ocrx_word' id='word_1_697' title='bbox 3315 3638 3409 3692; x_wconf 78' lang='grc' dir='ltr'><strong>καὶ</strong></span> <span class='ocrx_word' id='word_1_698' title='bbox 3435 3637 3650 3708; x_wconf 70' lang='grc' dir='ltr'>πολλὴν</span> <span class='ocrx_word' id='word_1_699' title='bbox 3674 3637 3785 3689; x_wconf 77' lang='grc' dir='ltr'>τῶν</span> 
     </span>
    </p>
   </div>
   <div class='ocr_carea' id='block_1_97' title="bbox 2202 3727 3785 3814">
    <p class='ocr_par' dir='ltr' id='par_1_97' title="bbox 2202 3727 3785 3814">
     <span class='ocr_line' id='line_1_97' title="bbox 2202 3727 3785 3814; baseline -0.012 -17"><span class='ocrx_word' id='word_1_700' title='bbox 2202 3742 2522 3814; x_wconf 80' lang='grc' dir='ltr'>παραδόξων</span> <span class='ocrx_word' id='word_1_701' title='bbox 2546 3736 2842 3807; x_wconf 83' lang='grc' dir='ltr'>ἐσχηκότες</span> <span class='ocrx_word' id='word_1_702' title='bbox 2879 3734 2976 3803; x_wconf 76' lang='grc' dir='ltr'><strong>τὴν</strong></span> <span class='ocrx_word' id='word_1_703' title='bbox 3007 3735 3223 3802; x_wconf 83' lang='grc' dir='ltr'>πεῖραν,</span> <span class='ocrx_word' id='word_1_704' title='bbox 3267 3727 3681 3796; x_wconf 70' lang='grc' dir='ltr'>συσκεψάμενοί</span> <span class='ocrx_word' id='word_1_705' title='bbox 3727 3744 3785 3778; x_wconf 85' lang='grc' dir='ltr'><strong>τε</strong></span> 
     </span>
    </p>
   </div>
   <div class='ocr_carea' id='block_1_98' title="bbox 2199 3815 3790 3907">
    <p class='ocr_par' dir='ltr' id='par_1_98' title="bbox 2199 3815 3790 3907">
     <span class='ocr_line' id='line_1_98' title="bbox 2199 3815 3790 3907; baseline -0.013 -18"><span class='ocrx_word' id='word_1_706' title='bbox 2199 3836 2298 3907; x_wconf 80' lang='grc' dir='ltr'>τὴν</span> <span class='ocrx_word' id='word_1_707' title='bbox 2327 3832 2658 3901; x_wconf 78' lang='grc' dir='ltr'>ἀσύγκριτον</span> <span class='ocrx_word' id='word_1_708' title='bbox 2707 3825 2872 3882; x_wconf 76' lang='grc' dir='ltr'>αὑτοῦ</span> <span class='ocrx_word' id='word_1_709' title='bbox 2927 3825 3155 3892; x_wconf 84' lang='grc' dir='ltr'>δύναμιν</span> <span class='ocrx_word' id='word_1_710' title='bbox 3208 3819 3302 3874; x_wconf 69' lang='grc' dir='ltr'><strong>καὶ</strong></span> <span class='ocrx_word' id='word_1_711' title='bbox 3352 3815 3651 3885; x_wconf 80' lang='grc' dir='ltr'>ἐξουσίαν,</span> <span class='ocrx_word' id='word_1_712' title='bbox 3705 3820 3790 3870; x_wconf 76' lang='grc' dir='ltr'><strong>ὅτι</strong></span> 
     </span>
    </p>
   </div>
   <div class='ocr_carea' id='block_1_99' title="bbox 2171 3908 3790 3992">
    <p class='ocr_par' dir='ltr' id='par_1_99' title="bbox 2171 3908 3790 3992">
     <span class='ocr_line' id='line_1_99' title="bbox 2171 3908 3790 3992; baseline -0.014 -10"><span class='ocrx_word' id='word_1_713' title='bbox 2171 3972 2180 3982; x_wconf 98' lang='grc'><strong><em>.</em></strong></span> <span class='ocrx_word' id='word_1_714' title='bbox 2201 3926 2381 3981; x_wconf 87' lang='grc' dir='ltr'>πάντα</span> <span class='ocrx_word' id='word_1_715' title='bbox 2403 3925 2687 3992; x_wconf 85' lang='grc' dir='ltr'>νικήσουσι</span> <span class='ocrx_word' id='word_1_716' title='bbox 2712 3916 3040 3988; x_wconf 72' lang='grc' dir='ltr'>πειρασμὸν,</span> <span class='ocrx_word' id='word_1_717' title='bbox 3071 3915 3164 3966; x_wconf 61' lang='grc' dir='ltr'>καλ.</span> <span class='ocrx_word' id='word_1_718' title='bbox 3187 3912 3403 3965; x_wconf 81' lang='grc' dir='ltr'>πάντων</span> <span class='ocrx_word' id='word_1_719' title='bbox 3435 3908 3790 3975; x_wconf 74' lang='grc' dir='ltr'>ἁπαξαπλῶς</span> 
     </span>
    </p>
   </div>
   <div class='ocr_carea' id='block_1_100' title="bbox 2201 3997 3792 4089">
    <p class='ocr_par' dir='ltr' id='par_1_100' title="bbox 2201 3997 3792 4089">
     <span class='ocr_line' id='line_1_100' title="bbox 2201 3997 3792 4089; baseline -0.013 -18"><span class='ocrx_word' id='word_1_720' title='bbox 2201 4014 2557 4089; x_wconf 80' lang='grc' dir='ltr'>περιέσεσθαι</span> <span class='ocrx_word' id='word_1_721' title='bbox 2593 4011 2702 4066; x_wconf 81' lang='grc' dir='ltr'><strong>τῶν</strong></span> <span class='ocrx_word' id='word_1_722' title='bbox 2735 4008 2922 4064; x_wconf 84' lang='grc' dir='ltr'>δεινῶν</span> <span class='ocrx_word' id='word_1_723' title='bbox 2957 4003 3359 4074; x_wconf 81' lang='grc' dir='ltr'>ὑπελάμϐανον.</span> <span class='ocrx_word' id='word_1_724' title='bbox 3401 3999 3530 4064; x_wconf 85' lang='grc' dir='ltr'><strong>Πῶς</strong></span> <span class='ocrx_word' id='word_1_725' title='bbox 3574 3997 3792 4071; x_wconf 76' lang='grc' dir='ltr'>γὰρ’ἆν</span> 
     </span>
    </p>
   </div>
   <div class='ocr_carea' id='block_1_101' title="bbox 2200 4095 3792 4183">
    <p class='ocr_par' dir='ltr' id='par_1_101' title="bbox 2200 4095 3792 4183">
     <span class='ocr_line' id='line_1_101' title="bbox 2200 4095 3792 4183; baseline -0.014 -17"><span class='ocrx_word' id='word_1_726' title='bbox 2200 4108 2270 4183; x_wconf 80' lang='grc' dir='ltr'>ἦν</span> <span class='ocrx_word' id='word_1_727' title='bbox 2299 4109 2594 4172; x_wconf 77' lang='grc' dir='ltr'>ἐνδοιάζειν</span> <span class='ocrx_word' id='word_1_728' title='bbox 2627 4105 2706 4158; x_wconf 81' lang='grc' dir='ltr'><strong>ἐτι</strong></span> <span class='ocrx_word' id='word_1_729' title='bbox 2754 4102 2850 4156; x_wconf 68' lang='grc' dir='ltr'>καὶ</span> <span class='ocrx_word' id='word_1_730' title='bbox 2881 4102 3020 4172; x_wconf 72' lang='grc' dir='ltr'>πρὸς</span> <span class='ocrx_word' id='word_1_731' title='bbox 3065 4098 3226 4152; x_wconf 83' lang='grc' dir='ltr'>τοῦτο</span> <span class='ocrx_word' id='word_1_732' title='bbox 3273 4095 3643 4166; x_wconf 75' lang='grc' dir='ltr'>μικροψυχεῖν</span> <span class='ocrx_word' id='word_1_733' title='bbox 3691 4096 3792 4164; x_wconf 69' lang='grc' dir='ltr'>τὴν</span> 
     </span>
    </p>
   </div>
   <div class='ocr_carea' id='block_1_102' title="bbox 2201 4187 3788 4266">
    <p class='ocr_par' dir='ltr' id='par_1_102' title="bbox 2201 4187 3788 4266">
     <span class='ocr_line' id='line_1_102' title="bbox 2201 4187 3788 4266; baseline -0.011 -11"><span class='ocrx_word' id='word_1_734' title='bbox 2201 4200 2296 4255; x_wconf 87' lang='grc' dir='ltr'><strong>τοῦ</strong></span> <span class='ocrx_word' id='word_1_735' title='bbox 2327 4200 2562 4254; x_wconf 85' lang='grc' dir='ltr'>τοσαῦτα</span> <span class='ocrx_word' id='word_1_736' title='bbox 2592 4195 2868 4266; x_wconf 82' lang='grc' dir='ltr'>ἰσχύοντος</span> <span class='ocrx_word' id='word_1_737' title='bbox 2903 4193 3166 4262; x_wconf 86' lang='grc' dir='ltr'>λαχόντας</span> <span class='ocrx_word' id='word_1_738' title='bbox 3199 4188 3518 4259; x_wconf 83' lang='grc' dir='ltr'>εὐμένειαν;</span> <span class='ocrx_word' id='word_1_739' title='bbox 3557 4187 3788 4254; x_wconf 70' lang='grc' dir='ltr'>Ἐπειδὴ</span> 
     </span>
    </p>
   </div>
   <div class='ocr_carea' id='block_1_103' title="bbox 2203 4279 3788 4362">
    <p class='ocr_par' dir='ltr' id='par_1_103' title="bbox 2203 4279 3788 4362">
     <span class='ocr_line' id='line_1_103' title="bbox 2203 4279 3788 4362; baseline -0.014 -14"><span class='ocrx_word' id='word_1_740' title='bbox 2203 4295 2261 4348; x_wconf 85' lang='grc' dir='ltr'><strong>δέ</strong></span> <span class='ocrx_word' id='word_1_741' title='bbox 2291 4295 2404 4355; x_wconf 88' lang='grc' dir='ltr'>τοῖς</span> <span class='ocrx_word' id='word_1_742' title='bbox 2459 4291 2588 4362; x_wconf 89' lang='grc' dir='ltr'>παρ’</span> <span class='ocrx_word' id='word_1_743' title='bbox 2634 4289 2823 4341; x_wconf 85' lang='grc' dir='ltr'>ἐλπίδα</span> <span class='ocrx_word' id='word_1_744' title='bbox 2868 4281 3280 4355; x_wconf 82' lang='grc' dir='ltr'>περιπεσεῖσθαι</span> <span class='ocrx_word' id='word_1_745' title='bbox 3332 4279 3608 4341; x_wconf 87' lang='grc' dir='ltr'>κινδύνοις</span> <span class='ocrx_word' id='word_1_746' title='bbox 3651 4295 3788 4348; x_wconf 76' lang='grc' dir='ltr'>προο</span> 
     </span>
    </p>
   </div>
   <div class='ocr_carea' id='block_1_104' title="bbox 2209 4366 3791 4458">
    <p class='ocr_par' dir='ltr' id='par_1_104' title="bbox 2209 4366 3791 4458">
     <span class='ocr_line' id='line_1_104' title="bbox 2209 4366 3791 4458; baseline -0.013 -21"><span class='ocrx_word' id='word_1_747' title='bbox 2209 4385 2523 4458; x_wconf 81' lang='grc' dir='ltr'>μεμήνυκεν</span> <span class='ocrx_word' id='word_1_748' title='bbox 2564 4383 2591 4433; x_wconf 89' lang='grc' dir='ltr'><em>ὀ</em></span> <span class='ocrx_word' id='word_1_749' title='bbox 2629 4379 2902 4451; x_wconf 71' lang='grc' dir='ltr'>Χριστὸς,</span> <span class='ocrx_word' id='word_1_750' title='bbox 2958 4377 3044 4428; x_wconf 84' lang='grc' dir='ltr'><strong>ἵνα</strong></span> <span class='ocrx_word' id='word_1_751' title='bbox 3089 4373 3162 4444; x_wconf 81' lang='grc' dir='ltr'>μὴ</span> <span class='ocrx_word' id='word_1_752' title='bbox 3207 4366 3409 4440; x_wconf 74' lang='grc' dir='ltr'>σφόδρα</span> <span class='ocrx_word' id='word_1_753' title='bbox 3453 4367 3589 4438; x_wconf 82' lang='grc' dir='ltr'>πρὸς</span> <span class='ocrx_word' id='word_1_754' title='bbox 3630 4368 3791 4419; x_wconf 64' lang='grc' dir='ltr'>τοῦτο</span> 
     </span>
    </p>
   </div>
   <div class='ocr_carea' id='block_1_105' title="bbox 2137 4463 3862 4562">
    <p class='ocr_par' dir='ltr' id='par_1_105' title="bbox 2137 4463 3862 4562">
     <span class='ocr_line' id='line_1_105' title="bbox 2137 4463 3862 4562; baseline -0.013 -31"><span class='ocrx_word' id='word_1_755' title='bbox 2137 4511 2176 4562; x_wconf 81' lang='lat' dir='ltr'><strong>D</strong></span> <span class='ocrx_word' id='word_1_756' title='bbox 2206 4476 2579 4547; x_wconf 88' lang='grc' dir='ltr'>ταράττοιντο,</span> <span class='ocrx_word' id='word_1_757' title='bbox 2613 4467 3059 4539; x_wconf 79' lang='grc' dir='ltr'>διενθυμούμενοί</span> <span class='ocrx_word' id='word_1_758' title='bbox 3088 4483 3147 4518; x_wconf 89' lang='grc' dir='ltr'><strong>τε</strong></span> <span class='ocrx_word' id='word_1_759' title='bbox 3187 4465 3280 4517; x_wconf 70' lang='grc' dir='ltr'><strong>καὶ</strong></span> <span class='ocrx_word' id='word_1_760' title='bbox 3309 4463 3562 4529; x_wconf 83' lang='grc' dir='ltr'>λέγοντες</span> <span class='ocrx_word' id='word_1_761' title='bbox 3593 4478 3608 4491; x_wconf 90' lang='grc'><strong>·</strong></span> <span class='ocrx_word' id='word_1_762' title='bbox 3644 4464 3786 4530; x_wconf 65' lang='grc' dir='ltr'><strong>Ἀρι</strong></span> <span class='ocrx_word' id='word_1_763' title='bbox 3860 4463 3862 4482; x_wconf 85' lang='grc'>¹</span> 
     </span>
    </p>
   </div>
   <div class='ocr_carea' id='block_1_106' title="bbox 2202 4554 3788 4635">
    <p class='ocr_par' dir='ltr' id='par_1_106' title="bbox 2202 4554 3788 4635">
     <span class='ocr_line' id='line_1_106' title="bbox 2202 4554 3788 4635; baseline -0.011 -15"><span class='ocrx_word' id='word_1_764' title='bbox 2202 4567 2313 4620; x_wconf 85' lang='grc' dir='ltr'><strong>τῶν</strong></span> <span class='ocrx_word' id='word_1_765' title='bbox 2351 4567 2409 4619; x_wconf 85' lang='grc' dir='ltr'><strong>ἐν</strong></span> <span class='ocrx_word' id='word_1_766' title='bbox 2456 4565 2652 4635; x_wconf 86' lang='grc' dir='ltr'>ἀρχαῖς</span> <span class='ocrx_word' id='word_1_767' title='bbox 2695 4561 2926 4614; x_wconf 85' lang='grc' dir='ltr'>ἐλπίδων</span> <span class='ocrx_word' id='word_1_768' title='bbox 2973 4558 3288 4627; x_wconf 81' lang='grc' dir='ltr'>ἐσφάλημεν</span> <span class='ocrx_word' id='word_1_769' title='bbox 3330 4555 3424 4606; x_wconf 71' lang='grc' dir='ltr'><strong>καὶ</strong></span> <span class='ocrx_word' id='word_1_770' title='bbox 3471 4554 3788 4623; x_wconf 70' lang='grc' dir='ltr'>διημαρτή-</span> 
     </span>
    </p>
   </div>
   <div class='ocr_carea' id='block_1_107' title="bbox 2203 4643 3787 4729">
    <p class='ocr_par' dir='ltr' id='par_1_107' title="bbox 2203 4643 3787 4729">
     <span class='ocr_line' id='line_1_107' title="bbox 2203 4643 3787 4729; baseline -0.011 -18"><span class='ocrx_word' id='word_1_771' title='bbox 2203 4675 2378 4729; x_wconf 89' lang='grc' dir='ltr'>καμεν</span> <span class='ocrx_word' id='word_1_772' title='bbox 2427 4656 2519 4709; x_wconf 91' lang='grc' dir='ltr'><strong>τοῦ</strong></span> <span class='ocrx_word' id='word_1_773' title='bbox 2570 4651 2774 4708; x_wconf 87' lang='grc' dir='ltr'>σκοποῦ</span> <span class='ocrx_word' id='word_1_774' title='bbox 2799 4693 2814 4717; x_wconf 94' lang='grc'><strong>,</strong></span> <span class='ocrx_word' id='word_1_775' title='bbox 2850 4650 3147 4721; x_wconf 79' lang='grc' dir='ltr'>κεκλῆσθαι</span> <span class='ocrx_word' id='word_1_776' title='bbox 3191 4649 3288 4719; x_wconf 85' lang='grc' dir='ltr'>μὲν</span> <span class='ocrx_word' id='word_1_777' title='bbox 3331 4647 3414 4715; x_wconf 78' lang='grc' dir='ltr'><strong>ἐφ’</strong></span> <span class='ocrx_word' id='word_1_778' title='bbox 3461 4643 3644 4697; x_wconf 68' lang='grc' dir='ltr'>ἅπασι</span> <span class='ocrx_word' id='word_1_779' title='bbox 3679 4644 3787 4705; x_wconf 74' lang='grc' dir='ltr'>τοῖς</span> 
     </span>
    </p>
   </div>
   <div class='ocr_carea' id='block_1_108' title="bbox 2202 4735 3789 4816">
    <p class='ocr_par' dir='ltr' id='par_1_108' title="bbox 2202 4735 3789 4816">
     <span class='ocr_line' id='line_1_108' title="bbox 2202 4735 3789 4816; baseline -0.01 -14"><span class='ocrx_word' id='word_1_780' title='bbox 2202 4746 2426 4815; x_wconf 85' lang='grc' dir='ltr'>ἀγαθοῖς</span> <span class='ocrx_word' id='word_1_781' title='bbox 2451 4745 2746 4816; x_wconf 78' lang='grc' dir='ltr'>οἰηθέντες,</span> <span class='ocrx_word' id='word_1_782' title='bbox 2778 4741 3204 4804; x_wconf 86' lang='grc' dir='ltr'>ἐκτελευτῶντες</span> <span class='ocrx_word' id='word_1_783' title='bbox 3232 4739 3288 4792; x_wconf 85' lang='grc' dir='ltr'><strong>δέ</strong></span> <span class='ocrx_word' id='word_1_784' title='bbox 3321 4736 3497 4798; x_wconf 75' lang='grc' dir='ltr'>οὕτως</span> <span class='ocrx_word' id='word_1_785' title='bbox 3537 4736 3625 4798; x_wconf 80' lang='grc' dir='ltr'>εἰς</span> <span class='ocrx_word' id='word_1_786' title='bbox 3671 4735 3789 4787; x_wconf 72' lang='grc' dir='ltr'>ἁδο-</span> 
     </span>
    </p>
   </div>
   <div class='ocr_carea' id='block_1_109' title="bbox 2203 4825 3786 4909">
    <p class='ocr_par' dir='ltr' id='par_1_109' title="bbox 2203 4825 3786 4909">
     <span class='ocr_line' id='line_1_109' title="bbox 2203 4825 3786 4909; baseline -0.01 -19"><span class='ocrx_word' id='word_1_787' title='bbox 2203 4838 2404 4909; x_wconf 87' lang='grc' dir='ltr'>κήτους</span> <span class='ocrx_word' id='word_1_788' title='bbox 2439 4833 2746 4906; x_wconf 76' lang='grc' dir='ltr'>συμφορὰς,</span> <span class='ocrx_word' id='word_1_789' title='bbox 2782 4831 3099 4900; x_wconf 88' lang='grc' dir='ltr'>ἀναγκαίως</span> <span class='ocrx_word' id='word_1_790' title='bbox 3144 4831 3172 4881; x_wconf 80' lang='grc' dir='ltr'><strong>ὁ</strong></span> <span class='ocrx_word' id='word_1_791' title='bbox 3213 4827 3419 4900; x_wconf 85' lang='grc' dir='ltr'>Κύριος</span> <span class='ocrx_word' id='word_1_792' title='bbox 3464 4825 3562 4878; x_wconf 87' lang='grc' dir='ltr'><strong>τοῦ</strong></span> <span class='ocrx_word' id='word_1_793' title='bbox 3615 4825 3694 4895; x_wconf 75' lang='grc' dir='ltr'>μὴ</span> <span class='ocrx_word' id='word_1_794' title='bbox 3733 4827 3786 4875; x_wconf 83' lang='grc' dir='ltr'><strong>ἐν</strong></span> 
     </span>
    </p>
   </div>
   <div class='ocr_carea' id='block_1_110' title="bbox 2205 4917 3786 5001">
    <p class='ocr_par' dir='ltr' id='par_1_110' title="bbox 2205 4917 3786 5001">
     <span class='ocr_line' id='line_1_110' title="bbox 2205 4917 3786 5001; baseline -0.009 -19"><span class='ocrx_word' id='word_1_795' title='bbox 2205 4931 2400 5000; x_wconf 82' lang='grc' dir='ltr'>ἀρχαῖς</span> <span class='ocrx_word' id='word_1_796' title='bbox 2423 4927 2774 5001; x_wconf 85' lang='grc' dir='ltr'>προμηνύσαι</span> <span class='ocrx_word' id='word_1_797' title='bbox 2805 4926 2984 4988; x_wconf 70' lang='grc' dir='ltr'>ταυτὶ,</span> <span class='ocrx_word' id='word_1_798' title='bbox 3017 4925 3115 4993; x_wconf 75' lang='grc' dir='ltr'><strong>τὴν</strong></span> <span class='ocrx_word' id='word_1_799' title='bbox 3144 4922 3322 4974; x_wconf 82' lang='grc' dir='ltr'>αἰτίαν</span> <span class='ocrx_word' id='word_1_800' title='bbox 3353 4918 3662 4988; x_wconf 83' lang='grc' dir='ltr'>ἐξηγεῖται,</span> <span class='ocrx_word' id='word_1_801' title='bbox 3694 4917 3786 4970; x_wconf 55' lang='grc' dir='ltr'><strong>καί</strong></span> 
     </span>
    </p>
   </div>
   <div class='ocr_carea' id='block_1_111' title="bbox 2206 5008 3785 5092">
    <p class='ocr_par' dir='ltr' id='par_1_111' title="bbox 2206 5008 3785 5092">
     <span class='ocr_line' id='line_1_111' title="bbox 2206 5008 3785 5092; baseline -0.009 -17"><span class='ocrx_word' id='word_1_802' title='bbox 2206 5040 2370 5092; x_wconf 79' lang='grc' dir='ltr'>φησιν</span> <span class='ocrx_word' id='word_1_803' title='bbox 2394 5039 2408 5053; x_wconf 77' lang='grc' dir='ltr'><strong>ο</strong></span> <span class='ocrx_word' id='word_1_804' title='bbox 2458 5040 2477 5072; x_wconf 80' lang='lat' dir='ltr'><strong>t</strong></span> <span class='ocrx_word' id='word_1_805' title='bbox 2524 5020 2710 5072; x_wconf 89' lang='grc' dir='ltr'>Ταῦτα</span> <span class='ocrx_word' id='word_1_806' title='bbox 2745 5016 2805 5083; x_wconf 81' lang='grc' dir='ltr'><strong>ἐξ</strong></span> <span class='ocrx_word' id='word_1_807' title='bbox 2837 5017 3010 5087; x_wconf 78' lang='grc' dir='ltr'>ἀρχῆς</span> <span class='ocrx_word' id='word_1_808' title='bbox 3051 5016 3150 5068; x_wconf 80' lang='grc' dir='ltr'><strong>οὐκ</strong></span> <span class='ocrx_word' id='word_1_809' title='bbox 3179 5008 3328 5066; x_wconf 75' lang='grc' dir='ltr'>εἷπον</span> <span class='ocrx_word' id='word_1_810' title='bbox 3355 5013 3508 5082; x_wconf 86' lang='grc' dir='ltr'>ὑμῖν,</span> <span class='ocrx_word' id='word_1_811' title='bbox 3546 5011 3634 5062; x_wconf 82' lang='grc' dir='ltr'>ὅτι</span> <span class='ocrx_word' id='word_1_812' title='bbox 3669 5008 3785 5078; x_wconf 79' lang='grc' dir='ltr'>μεθ’</span> 
     </span>
    </p>
   </div>
   <div class='ocr_carea' id='block_1_112' title="bbox 2207 5096 3786 5183">
    <p class='ocr_par' dir='ltr' id='par_1_112' title="bbox 2207 5096 3786 5183">
     <span class='ocr_line' id='line_1_112' title="bbox 2207 5096 3786 5183; baseline -0.013 -17"><span class='ocrx_word' id='word_1_813' title='bbox 2207 5113 2360 5183; x_wconf 81' lang='grc' dir='ltr'>ὑμῶν</span> <span class='ocrx_word' id='word_1_814' title='bbox 2394 5113 2561 5182; x_wconf 76' lang='grc' dir='ltr'>ἥμην.</span> <span class='ocrx_word' id='word_1_815' title='bbox 2611 5129 2629 5160; x_wconf 72' lang='grc' dir='ltr'><strong>ι</strong></span> <span class='ocrx_word' id='word_1_816' title='bbox 2675 5108 2928 5178; x_wconf 83' lang='grc' dir='ltr'>Ἐξήρκει</span> <span class='ocrx_word' id='word_1_817' title='bbox 2968 5105 3066 5176; x_wconf 80' lang='grc' dir='ltr'>μὲν</span> <span class='ocrx_word' id='word_1_818' title='bbox 3106 5103 3214 5172; x_wconf 76' lang='grc' dir='ltr'><strong>γὰρ</strong></span> <span class='ocrx_word' id='word_1_819' title='bbox 3245 5096 3553 5170; x_wconf 84' lang='grc' dir='ltr'>συμπαρὼν</span> <span class='ocrx_word' id='word_1_820' title='bbox 3599 5098 3786 5158; x_wconf 75' lang='grc' dir='ltr'>αὐτοῖς</span> 
     </span>
    </p>
   </div>
   <div class='ocr_carea' id='block_1_113' title="bbox 2209 5189 3786 5276">
    <p class='ocr_par' dir='ltr' id='par_1_113' title="bbox 2209 5189 3786 5276">
     <span class='ocr_line' id='line_1_113' title="bbox 2209 5189 3786 5276; baseline -0.011 -20"><span class='ocrx_word' id='word_1_821' title='bbox 2209 5205 2287 5258; x_wconf 73' lang='grc' dir='ltr'><strong>ἔτι</strong></span> <span class='ocrx_word' id='word_1_822' title='bbox 2343 5204 2479 5276; x_wconf 78' lang='grc' dir='ltr'>πρὸς</span> <span class='ocrx_word' id='word_1_823' title='bbox 2519 5202 2583 5256; x_wconf 85' lang='grc' dir='ltr'><strong>τὸ</strong></span> <span class='ocrx_word' id='word_1_824' title='bbox 2627 5201 2928 5263; x_wconf 80' lang='grc' dir='ltr'>ἀνασώζειν</span> <span class='ocrx_word' id='word_1_825' title='bbox 2978 5195 3260 5259; x_wconf 80' lang='grc' dir='ltr'>εὐκόλως,</span> <span class='ocrx_word' id='word_1_826' title='bbox 3313 5193 3408 5246; x_wconf 73' lang='grc' dir='ltr'><strong>καὶ</strong></span> <span class='ocrx_word' id='word_1_827' title='bbox 3450 5191 3520 5242; x_wconf 79' lang='grc' dir='ltr'><strong>ἐκ</strong></span> <span class='ocrx_word' id='word_1_828' title='bbox 3579 5189 3786 5250; x_wconf 72' lang='grc' dir='ltr'>παντὸς</span> 
     </span>
    </p>
   </div>
   <div class='ocr_carea' id='block_1_114' title="bbox 2209 5284 3791 5369">
    <p class='ocr_par' dir='ltr' id='par_1_114' title="bbox 2209 5284 3791 5369">
     <span class='ocr_line' id='line_1_114' title="bbox 2209 5284 3791 5369; baseline -0.013 -16"><span class='ocrx_word' id='word_1_829' title='bbox 2209 5298 2435 5369; x_wconf 75' lang='grc' dir='ltr'>ῥύεσθαι</span> <span class='ocrx_word' id='word_1_830' title='bbox 2463 5293 2795 5368; x_wconf 86' lang='grc' dir='ltr'>πειρασμοῦ,</span> <span class='ocrx_word' id='word_1_831' title='bbox 2823 5294 2919 5347; x_wconf 78' lang='grc' dir='ltr'>καὶ</span> <span class='ocrx_word' id='word_1_832' title='bbox 2950 5291 3046 5362; x_wconf 84' lang='grc' dir='ltr'>τὴν</span> <span class='ocrx_word' id='word_1_833' title='bbox 3070 5289 3155 5360; x_wconf 81' lang='grc' dir='ltr'><strong>ἐφ’</strong></span> <span class='ocrx_word' id='word_1_834' title='bbox 3193 5288 3363 5342; x_wconf 76' lang='grc' dir='ltr'>ἅπασι</span> <span class='ocrx_word' id='word_1_835' title='bbox 3391 5287 3506 5348; x_wconf 88' lang='grc' dir='ltr'>τοῖς</span> <span class='ocrx_word' id='word_1_836' title='bbox 3549 5284 3791 5354; x_wconf 70' lang='grc' dir='ltr'>συμϐαί-</span> 
     </span>
    </p>
   </div>
   <div class='ocr_carea' id='block_1_115' title="bbox 2211 5376 3789 5457">
    <p class='ocr_par' dir='ltr' id='par_1_115' title="bbox 2211 5376 3789 5457">
     <span class='ocr_line' id='line_1_115' title="bbox 2211 5376 3789 5457; baseline -0.011 -15"><span class='ocrx_word' id='word_1_837' title='bbox 2211 5408 2362 5444; x_wconf 89' lang='grc' dir='ltr'>νουσι</span> <span class='ocrx_word' id='word_1_838' title='bbox 2413 5388 2765 5457; x_wconf 85' lang='grc' dir='ltr'>καθηκόντως</span> <span class='ocrx_word' id='word_1_839' title='bbox 2830 5383 3101 5438; x_wconf 88' lang='grc' dir='ltr'>ποιεῖσθαι</span> <span class='ocrx_word' id='word_1_840' title='bbox 3161 5377 3516 5434; x_wconf 83' lang='grc' dir='ltr'>διδασκαλίαν</span> <span class='ocrx_word' id='word_1_841' title='bbox 3565 5393 3630 5428; x_wconf 87' lang='grc' dir='ltr'><strong>τε</strong></span> <span class='ocrx_word' id='word_1_842' title='bbox 3700 5376 3789 5427; x_wconf 73' lang='grc' dir='ltr'><strong>καὶ</strong></span> 
     </span>
    </p>
   </div>
   <div class='ocr_carea' id='block_1_116' title="bbox 2211 5467 3787 5553">
    <p class='ocr_par' dir='ltr' id='par_1_116' title="bbox 2211 5467 3787 5553">
     <span class='ocr_line' id='line_1_116' title="bbox 2211 5467 3787 5553; baseline -0.012 -18"><span class='ocrx_word' id='word_1_843' title='bbox 2211 5477 2837 5553; x_wconf 83' lang='grc' dir='ltr'>ἐπανόρθωσιν.Ὲπειδὴ</span> <span class='ocrx_word' id='word_1_844' title='bbox 2865 5476 2920 5528; x_wconf 88' lang='grc' dir='ltr'><strong>δέ</strong></span> <span class='ocrx_word' id='word_1_845' title='bbox 2946 5474 3213 5543; x_wconf 85' lang='grc' dir='ltr'>ἀποδημεῖ</span> <span class='ocrx_word' id='word_1_846' title='bbox 3238 5470 3372 5540; x_wconf 75' lang='grc' dir='ltr'>πρὸς</span> <span class='ocrx_word' id='word_1_847' title='bbox 3415 5468 3509 5520; x_wconf 76' lang='grc' dir='ltr'><strong>τὸν</strong></span> <span class='ocrx_word' id='word_1_848' title='bbox 3539 5467 3787 5536; x_wconf 75' lang='grc' dir='ltr'>Πατέρα,</span> 
     </span>
    </p>
   </div>
   <div class='ocr_carea' id='block_1_117' title="bbox 2214 5545 3806 5648">
    <p class='ocr_par' dir='ltr' id='par_1_117' title="bbox 2214 5545 3806 5648">
     <span class='ocr_line' id='line_1_117' title="bbox 2214 5545 3806 5648; baseline -0.009 -21"><span class='ocrx_word' id='word_1_849' title='bbox 2214 5574 2310 5648; x_wconf 80' lang='grc' dir='ltr'>τὴν</span> <span class='ocrx_word' id='word_1_850' title='bbox 2341 5545 2448 5628; x_wconf 74' lang='grc' dir='ltr'><strong>τίύν</strong></span> <span class='ocrx_word' id='word_1_851' title='bbox 2486 5571 2706 5627; x_wconf 74' lang='grc' dir='ltr'>ἔσεσθαι</span> <span class='ocrx_word' id='word_1_852' title='bbox 2746 5565 3212 5643; x_wconf 82' lang='grc' dir='ltr'>προσδοκωμένων</span> <span class='ocrx_word' id='word_1_853' title='bbox 3245 5559 3631 5636; x_wconf 83' lang='grc' dir='ltr'>ἀπαραίτητον</span> <span class='ocrx_word' id='word_1_854' title='bbox 3665 5545 3806 5630; x_wconf 36' lang='grc' dir='ltr'>ἀίει-ί</span> 
     </span>
    </p>
   </div>
  </div>
