3862 6206
140 378 247 432 429

1234 383 1298 438 IN
1338 386 1620 441 JOANNIS
1654 386 2091 443 EVAI‘GELIUM
2133 390 2258 443 LIB.
2305 387 2373 444 Χ.

3295 393 3402 448 450

142 500 224 562 ξίν
249 496 522 568 ἐξηγεῖται
564 498 851 569 χρησίμως
884 502 978 554 καὶ
1008 501 1068 555 ἐν
1104 503 1283 575 καιρῷ
1320 504 1398 575 τῷ
1427 505 1713 575 πρέποντι.

1826 524 1930 560 non
1973 508 2021 559 id
2079 509 2261 577 potius
2311 507 2456 564 Deus
2498 508 2722 564 fecerit?
2760 509 2968 564 Silendi
3010 526 3142 583 ergo
3187 521 3403 582 tempus

142 592 205 644 Εἰ
239 590 346 661 γὰρ
377 591 472 643 καὶ
501 591 632 661 ἡμῖν
656 592 840 655 αὐτοῖς
865 593 925 646 τὸ
957 594 1051 647 τοῦ
1080 596 1274 665 καιροῦ
1300 595 1394 649 τοῦ
1422 599 1723 668 πρέποντος

143 684 220 754 μὴ
267 684 608 755 ἁμαρτάνειν
644 686 1005 740 ἐσπούδασται
1032 726 1047 751 ,
1095 688 1213 752 πῶς
1268 690 1370 743 οὐκ
1419 690 1484 743 ἂν
1524 690 1723 760 μᾶλλον

140 776 338 845 ἀρέσαι
369 775 524 844 Θεῷ;
553 777 761 848 Καιρδς
799 774 891 832 οὖν
918 778 1026 850 ἀρα
1052 779 1267 850 σιωπῆς
1304 776 1372 851 ῆν
1412 783 1470 834 ὲν
1498 783 1719 852 ἀρχαῖς,

141 865 297 918 οὔπω
340 868 434 920 τοῦ
480 869 677 939 χρῆναι
715 870 909 940 μαθεῖν
934 914 949 935 ,
1000 871 1075 935 ὡς
1127 872 1187 939 ἐξ
1222 874 1469 944 ἀνάγκης
1508 874 1723 927 εἰσϐαί-

142 976 325 1021 νοντος
346 975 357 985 ·
392 961 580 1031 ἐπειδὴ
611 960 669 1013 δὲ
704 961 976 1032 ἀπεδήμει
1015 962 1151 1034 πρὸς
1177 964 1269 1017 τὸν
1298 966 1543 1035 Πατέρα,
1569 966 1597 1017 ὁ
1625 966 1725 1035 τῆς

142 1052 397 1122 φράσεως
428 1053 727 1123 παρεισέδυ
759 1054 969 1124 καιρός.
1016 1049 1147 1126 ’Ἆρ’
1190 1051 1282 1109 οὖν
1329 1055 1725 1127 ἀπενοσφίζετο

139 1143 252 1196 τῶν
285 1144 546 1214 μαθητῶν
585 1146 613 1198 ὁ
646 1144 836 1217 Σωτὴρ
889 1146 1261 1218 ἀναφοιτὴσας
1306 1148 1445 1219 πρὸς
1477 1149 1568 1203 τὸν
1615 1151 1724 1202 Πα-

140 1236 296 1307 τέρα,
324 1238 415 1290 καὶ
460 1238 627 1309 συνῆν
661 1239 849 1304 αὐτοῖς
879 1244 945 1312 τῇ
980 1240 1077 1294 τοῦ
1122 1240 1437 1312 Πνεύματος
1472 1243 1724 1314 ἐνεργείᾳ

140 1346 200 1382 τε
232 1331 327 1384 καὶ
359 1330 609 1402 δυνάμει,
641 1332 736 1385 καὶ
762 1334 987 1405 χάριτι;
1018 1335 1167 1397 Πῶς,
1195 1335 1227 1406 ἦ
1260 1335 1403 1388 κατά
1444 1336 1569 1389 τίνα
1598 1337 1722 1407 τρόο

142 1440 283 1490 πον;
339 1423 417 1478 υύ
467 1425 577 1496 γὰρ
635 1425 894 1496 ψεύδεται
944 1428 1153 1497 λέγων·
1206 1447 1223 1479 ι
1270 1428 1399 1482 Ἰδοὺ
1451 1427 1562 1497 ἐγὼ
1601 1429 1722 1499 μεθ’

144 1515 299 1584 ὑμῶν
333 1518 447 1585 εἰμι
485 1516 668 1579 πάσας
711 1518 810 1581 τὰς
856 1519 1073 1590 ἡμέρας
1117 1519 1216 1573 καὶ
1253 1520 1358 1582 ’έως
1394 1518 1491 1589 τῆς
1533 1536 1721 1572 συντε-

140 1606 292 1670 λείας
348 1608 442 1660 τοῦ
476 1606 672 1670 αἰῶνος
697 1647 713 1671 ,
763 1627 783 1659 ι
823 1609 965 1679 πλὴν
1000 1610 1124 1662 ὅσον
1153 1612 1233 1672 είς
1269 1610 1452 1680 σάρκα
1503 1611 1597 1661 καὶ
1626 1610 1723 1680 τὴν

145 1700 286 1767 μετά
336 1701 589 1770 σώματος
642 1703 981 1771 παρουσίαν,
1041 1702 1338 1772 οὐδαμόθεν
1394 1703 1717 1772 ἀμφίϐολον.

152 1791 294 1843 Ἀλλ’
345 1786 454 1843 οἶδε
486 1792 582 1861 μὲν
616 1794 642 1844 ὁ
675 1793 867 1862 Σωτὴρ
914 1794 1356 1864 ἀναγκαιοτάτην
1403 1793 1622 1846 ἔσεσθαι
1655 1797 1720 1864 τῇ

138 1884 459 1953 ἀνθρωπεία
511 1883 672 1951 φύσει
731 1884 829 1953 τὴν
879 1884 959 1946 εἰς
1005 1884 1270 1955 οὐρανοὺς
1321 1884 1584 1939 ἀνάϐασιν
1624 1887 1723 1956 τῆς

142 1975 281 2038 ἰδίας
315 1976 553 2045 σαρκὸς,
588 1975 728 2044 πλὴν
760 1975 859 2027 οὐκ
894 1976 1192 2045 ἠγνόησεν,
1222 1977 1296 2039 ὠς
1330 1977 1490 2043 Θεὸς,
1532 1978 1615 2031 ὅτι
1654 1980 1721 2048 τῇ

140 2067 338 2138 πικρίᾳ
377 2070 478 2138 τῆς
507 2067 684 2138 λύπης
726 2067 1037 2138 μεμέθυστο
1082 2068 1193 2120 τῶν
1235 2069 1494 2141 μαθητῶν
1525 2072 1557 2142 ἡ
1589 2089 1723 2142 καρ-

136 2159 248 2213 δία.
291 2159 510 2211 Ἐλύπει
554 2159 663 2230 γὰρ
692 2159 814 2213 λίαν
848 2160 1047 2223 αὐτοὺς
1083 2160 1381 2231 ἀποδημῶν
1409 2164 1436 2215 ὁ
1468 2162 1721 2233 Χριστὸς,

138 2251 371 2317 ἐπείπερ
421 2250 609 2320 ῆοελον
658 2249 809 2319 αὐτῷ
861 2252 1105 2304 συνεῖναι
1153 2252 1242 2305 διὰ
1290 2253 1511 2317 παντός.
1555 2255 1643 2318 Ὠς
1667 2254 1724 2307 δὲ

137 2343 242 2412 ἤδη
280 2344 576 2414 κεκρικότα
622 2343 782 2397 τοῦτο
834 2344 1003 2415 δρᾷν,
1068 2344 1190 2397 οὐδὲ
1263 2347 1637 2418 διερωτῶσιν,
1691 2349 1721 2401 ὅ

136 2434 192 2487 τί
248 2453 380 2487 ποτε
448 2436 556 2507 ἄρα
583 2475 598 2498 ,
631 2436 725 2488 καὶ
757 2436 845 2489 διὰ
880 2436 1038 2489 ποίαν
1086 2438 1270 2490 αἰτίαν
1319 2441 1719 2510 ἀποιχήσεται,

138 2526 173 2596 ἢ
231 2526 287 2580 τί
334 2529 393 2579 τὸ
431 2530 686 2595 ἐπεῖγον,
730 2529 898 2598 ἤγουν
944 2530 1240 2583 ἀναπεῖθον
1311 2535 1393 2595 εἰς
1459 2532 1520 2585 τὸ
1601 2533 1714 2588 ἄνω

1825 613 1942 653 erat
1981 602 2159 665 initio,
2196 601 2440 654 nondum
2488 616 2618 655 vero
2669 601 2915 656 discendi
2952 621 2964 655 :
2999 602 3096 656 sed
3153 618 3278 657 cum
3313 600 3403 656 'ad

1828 691 2043 746 Patrem
2081 700 2350 763 pergeret,
2385 693 2677 762 eloquendi
2715 703 2931 763 tempus
2962 694 3153 748 subiit.
3185 693 3404 764 Ergone

1827 781 2088 837 Servator
2127 799 2384 839 reversus
2436 784 2501 837 ad
2545 783 2762 839 Patrem
2797 800 2827 838 a
2868 784 3155 853 discipulis
3188 786 3399 849 aberat,

1824 882 1877 927 et
1913 881 2097 928 tamen
2135 875 2216 929 eis
2264 874 2454 928 aderat
2486 873 2747 943 Spiritus,
2774 873 3040 940 eﬂicacia,
3070 885 3124 930 et
3169 878 3400 939 virtute,

1824 974 1878 1018 et
1906 967 2123 1035 gratia?
2151 965 2440 1032 Quomodo
2486 967 2652 1021 vero?
2675 966 2786 1021 Nec
2812 967 2958 1021 enim
3002 968 3287 1029 mentitur,
3319 969 3403 1022 di-

1824 1073 1995 1114 cens:
2032 1080 2051 1110 ι
2092 1058 2233 1114 Ecce
2264 1075 2365 1130 ego
2407 1060 2695 1114 vobiscum
2753 1075 2874 1114 sum
2910 1059 3169 1115 omnibus
3207 1059 3403 1114 diebus

1826 1169 2000 1223 usque
2056 1154 2122 1207 ad
2176 1154 2709 1209 consummationem
2761 1153 2946 1209 saeculi
2980 1153 3058 1219 ³⁷;
3107 1171 3126 1203 ι
3182 1166 3405 1207 verum-

1824 1255 2010 1301 tamen
2041 1246 2222 1315 quoad
2260 1261 2485 1301 carnem
2515 1253 2570 1300 et
2613 1260 2935 1315 corpoream
2965 1244 3313 1313 praesentiam
3346 1244 3401 1299 id

1826 1339 2238 1408 intelligendum
2271 1353 2397 1393 esse
2446 1338 2630 1392 nullus
2670 1339 2915 1407 ambigit.
2949 1337 3221 1393 Cancrum
3252 1338 3402 1391 novit

1825 1429 2046 1500 quidem
2102 1430 2363 1484 Servator
2393 1436 2603 1484 naturae
2632 1430 2889 1483 humanae
2935 1428 3091 1482 valde
3141 1442 3400 1482 necessa-

1825 1525 1967 1576 rium
2003 1521 2121 1576 fore
2152 1521 2337 1576 carnis
2370 1537 2482 1576 sua:
2515 1522 2569 1575 in
2604 1522 2775 1575 cmlos
2808 1536 3118 1581 ascensum,
3153 1520 3246 1574 sed
3292 1535 3400 1571 non

1826 1613 2123 1684 ignoravit,
2155 1621 2215 1667 ut
2253 1612 2421 1678 Deus,
2469 1612 2830 1667 acerbissimo
2881 1612 3073 1666 dolore
3120 1612 3283 1681 917
3319 1611 3351 1663 d
3376 1641 3402 1653 -

1833 1705 2171 1775 scipulorum
2199 1719 2298 1759 cor
2327 1704 2612 1774 impletum
2637 1703 2829 1758 fuisse.
2857 1700 3224 1757 Vehementer
3255 1702 3399 1755 enim

1825 1814 1922 1851 eos
1951 1798 2236 1852 discessus
2260 1796 2471 1851 Christi
2504 1796 2802 1866 pungebat.
2830 1796 2957 1864 quia
2990 1805 3252 1864 perpetuo
3278 1809 3401 1847 cum

1824 1906 1888 1946 eo
1922 1891 2129 1945 versari
2166 1889 2486 1958 cupiebant.
2521 1888 2657 1941 Eum
2691 1903 2843 1951 vero,
2870 1896 2928 1939 ut
2964 1888 3056 1956 qui
3106 1887 3217 1955 jam
3255 1886 3401 1940 istud

1821 1980 2003 2036 facere
2031 1982 2391 2042 decrevisset,
2436 1997 2547 2035 non
2584 1981 2930 2050 interrogant
2972 1995 3135 2050 quam
3175 1979 3245 2034 ob
3280 1996 3405 2031 cau‘

1822 2090 1941 2130 sam
1986 2082 2137 2129 esset
2181 2074 2553 2135 discessurus,
2603 2081 2700 2126 aut
2747 2072 2881 2143 quid
2938 2088 3063 2127 eum
3113 2071 3183 2125 ad
3232 2071 3402 2126 caelos

1823 2164 2121 2221 ascendere
2150 2165 2472 2234 impelleret.
2503 2163 2746 2234 lgnoscit
2774 2164 2940 2233 igitur
2970 2164 3039 2219 iis
3075 2164 3151 2216 ita
3183 2177 3403 2231 quoque

1824 2257 2060 2319 aﬂectis,
2093 2264 2149 2311 ct
2178 2256 2459 2310 silentium
2491 2256 2941 2324 intempestivum
2975 2256 3398 2324 usurpantibus.

1826 2348 1971 2418 quod
2007 2363 2074 2402 ne
2103 2347 2384 2401 discessus
2414 2346 2638 2416 quidem
2667 2360 2899 2399 causam
2938 2361 3034 2401 eos
3059 2346 3270 2401 discere
3308 2361 3402 2415 pa«

1826 2444 2019 2505 tiatur,
2064 2441 2193 2495 licet
2248 2439 2370 2510 ejus
2403 2439 2648 2510 cognitio
2695 2440 2926 2492 multum
2965 2438 3021 2492 in
3052 2454 3109 2494 se
3145 2438 3402 2492 utilitatis

1823 2535 2042 2589 habeat.

140 2616 377 2687 βαδίζειν
420 2617 601 2670 αὐτόν’
646 2616 1011 2685 Συγγινὼσκει
1042 2619 1219 2673 τοίνυν
1255 2618 1331 2682 ὡς
1379 2620 1438 2685 ἐξ
1482 2620 1704 2692 ἀγάπης
1739 2624 1925 2677 αὐτοῖς
1958 2618 2190 2675 παθοῦσι
2218 2618 2510 2685 καὶτοῦτο,
2542 2636 2639 2673 και
2703 2618 2910 2689 σιωπὴν
2971 2618 3069 2671 οὐκ
3130 2615 3402 2686 εὐκαίρως

140 2708 418 2779 ἑλομένοις
466 2709 687 2780 ἀγαπᾷν
736 2708 836 2792 τῆς
897 2708 1209 2779 ἀποδημίας
1271 2710 1373 2763 οὐκ
1417 2710 1594 2765 ἐῶσαν
1644 2712 1706 2764 τὸ
1736 2712 1911 2767 αἴτιον
1973 2711 2257 2782 ἐκμαθεῖν,
2317 2711 2498 2763 καίτοι
2564 2708 2764 2780 πολλὴν
2808 2709 3025 2779 ἔχοντος
3065 2708 3159 2761 τοῦ
3204 2708 3402 2761 εἰδέναι

139 2805 241 2874 τὴν
271 2802 482 2874 ὄνησιν.

222 2895 387 2949 Ἀλλ’
434 2892 549 2963 ἐγὼ
600 2893 717 2960 τὴν
770 2894 1063 2963 ἀλήθειαν
1119 2894 1264 2964 ὑμῖν
1312 2895 1506 2967 λέγωο
1568 2914 1720 2967 συμ-

139 2987 307 3056 φέρει
341 2987 485 3058 ὑμῖν
551 2988 654 3041 ἵνα
696 2987 957 3042 ἀπέλθω.
1020 2989 1163 3042 Ἐὰν
1194 2988 1304 3058 γὰρ
1331 2989 1418 3059 μὴ
1459 2990 1720 3057 ἀπέλθω,

140 3081 172 3132 ὀ
210 3078 603 3147 Παράκλητος
637 3079 748 3132 οὐκ
773 3079 1087 3132 ἐλεύσεται
1125 3078 1275 3145 πρὸς
1308 3064 1484 3147 ὑμᾶς.

210 3169 403 3241 Θερμὴ
461 3171 560 3240 μὲν
607 3169 716 3240 γὰρ
762 3169 907 3240 ὑμᾶς
954 3169 1286 3239 κατεδήδοκε
1332 3170 1511 3240 λύπη,
1564 3173 1720 3243 φησι,

140 3264 236 3315 καὶ
296 3261 496 3333 δριμὺς
554 3261 785 3333 ἐτάραξε
836 3263 1031 3325 πόνος·
1079 3262 1141 3314 ού
1184 3261 1293 3332 γάρ
1339 3264 1725 3334 ἀταλαίπωρον

144 3354 358 3417 ἑαυτοῖς
404 3354 496 3406 τὸν
548 3354 685 3423 ἐμὸν
742 3352 965 3406 ἔσεσθαι
1033 3353 1312 3424 χωρισμὸν
1364 3354 1721 3424 ὑπειλήφατε,

144 3446 349 3516 σφόδρα
379 3443 706 3515 φρονοῦντες
753 3444 949 3514 ὀρθῶς.
1000 3444 1394 3516 Περιπεσεῖσθε
1437 3447 1544 3515 γὰρ
1584 3447 1721 3500 πάν-

141 3555 246 3600 τως
302 3531 384 3599 οἷς
426 3536 526 3607 ἤδη
566 3535 874 3607 προείρηκα
932 3538 1278 3607 πειρασμοῖς,
1330 3537 1421 3589 καὶ
1474 3539 1572 3607 τῆς
1615 3538 1723 3591 τῶν

140 3626 445 3679 διωκόντων
491 3626 840 3696 ἀνοσιότητος
877 3626 1203 3697 ὑπομενεῖτε
1254 3627 1354 3698 τὴν
1398 3630 1719 3700 ἀγριότητα.

141 3720 353 3791 Χρῆναι
379 3719 444 3791 δὴ
465 3715 559 3772 οῦν
582 3718 670 3772 ἀεὶ
692 3719 802 3771 τῶν
827 3719 1061 3790 ἡδίστων
1088 3720 1147 3773 τὸ
1176 3720 1454 3791 συμφέρον
1493 3722 1725 3793 προτάτ-

140 3813 331 3866 τεσθαι
366 3811 740 3882 λογιζόμενος,
780 3812 890 3881 ἐρῶ
937 3812 1074 3883 πρὸς
1115 3812 1260 3882 ὑμᾶς
1304 3812 1403 3883 τὴν
1439 3812 1720 3882 ἀλήθειαν.

147 3926 166 3956 ι
202 3905 482 3977 Συμφέρει
518 3905 647 3975 ὑμῖν
674 3905 761 3957 ἵνα
783 3902 895 3973 ἐγὼ
919 3905 1159 3958 ἀπέλθω.
1198 3924 1217 3955 ι
1258 3906 1366 3957 Καὶ
1411 3905 1589 3958 πάντα
1625 3906 1723 3976 μὲν

139 3998 209 4049 τὰ
237 3997 492 4066 νοήματα
534 3994 613 4066 τῷ
648 3995 791 4066 ὑπὲρ
820 3996 967 4065 ἡμᾶς
996 3998 1476 4067 παραχωρήσομεν
1511 3997 1723 4069 Σωτῆρι

140 4087 397 4160 Χριστῷ,
425 4087 565 4158 πλὴν
612 4087 673 4139 ού
710 4087 947 4158 μετρίως
976 4086 1041 4140 ἂν
1077 4083 1233 4157 οἶμαι
1264 4087 1593 4159 θορυϐήσειν
1626 4088 1721 4141 δύ-

138 4181 335 4234 νασθαί
360 4197 484 4232 τινα
515 4178 625 4232 τῶν
660 4179 1047 4249 ἁπλουστέρων
1078 4180 1138 4232 τὸ
1166 4180 1479 4250 εἰρημένον.
1512 4182 1723 4248 Λογιεῖ-

138 4288 228 4323 ται
260 4270 369 4340 γάρ
407 4269 625 4331 πάντως
668 4271 848 4322 ἐκεῖνο
905 4267 1025 4321 καθ’
1061 4268 1253 4320 ἑαυτὸν
1277 4308 1292 4332 ,
1352 4270 1447 4322 καὶ
1498 4268 1721 4323 διασκέ-

136 4362 321 4431 eam,
354 4361 430 4423 ὡς
460 4360 620 4430 εἴπερ
652 4355 721 4431 ἦν
750 4360 970 4429 ἄμεινον
1004 4358 1066 4412 τὸ
1088 4359 1440 4431 ἀποδημῆσαι
1465 4361 1717 4431 Χριστὸν,

1897 2893 2036 2955 XVI,
2068 2894 2121 2959 6,
2158 2893 2211 2947 7.
2244 2892 2346 2947 Sed
2385 2910 2475 2963 ego
2523 2894 2798 2946 veritatem
2831 2891 2949 2945 dico
2978 2890 3125 2946 vobis
3152 2912 3164 2947 :
3191 2895 3402 2961 expedit

1824 2988 1970 3042 vobis
2004 2996 2061 3039 ut
2088 3002 2178 3055 ego
2207 2984 2418 3038 vadam.
2459 2985 2517 3038 Si
2544 2986 2683 3039 enim
2712 3001 2805 3055 ego
2845 3000 2948 3037 non
2987 2984 3193 3050 abiero,
3227 2983 3402 3042 Para-

1824 3082 1988 3134 cletus
2031 3094 2134 3131 non
2167 3077 2334 3130 veniet
2366 3077 2436 3129 ad
2470 3093 2579 3130 vos.

1894 3168 2431 3224 Vehementissimus
2469 3183 2668 3239 nempe
2721 3182 2821 3222 vos
2866 3168 3025 3222 dolor
3062 3169 3285 3233 exedit,
3347 3179 3401 3225 et

1824 3261 2057 3316 acerbus
2104 3261 2262 3314 labor
2293 3260 2575 3323 turbavit,
2603 3274 2703 3313 nec
2733 3258 3038 3314 discessum
3069 3276 3250 3316 meum
3300 3277 3399 3316 ex-

1823 3362 2032 3424 pertem
2070 3351 2187 3406 fore
2234 3352 2504 3405 molestiae
2543 3360 2691 3405 recte
2734 3352 2923 3420 utique
2964 3351 3121 3407 vobis
3168 3368 3401 3421 persna-

1824 3446 1998 3501 sistis.
2042 3444 2300 3499 lucidetis
2354 3443 2501 3497 enim
2555 3442 2803 3513 profecto
2842 3444 2898 3497 in
2950 3457 3045 3498 eas
3095 3460 3234 3514 quas
3286 3444 3401 3499 dixi

1824 3539 2155 3592 tentationes
2179 3574 2196 3601 ,
2226 3544 2279 3591 et
2309 3536 2604 3605 impiorum
2641 3543 3056 3606 persecutorum
3094 3536 3400 3591 crudelita-

1825 3637 1932 3685 tem
1987 3629 2297 3699 perferetis.
2326 3628 2474 3684 Utile
2502 3644 2635 3698 ergo
2689 3627 2955 3697 iucundis
2996 3643 3212 3699 semper
3247 3637 3402 3683 ante-

1823 3720 2139 3790 ponendum
2170 3736 2293 3775 esse
2324 3721 2464 3791 apud
2498 3735 2585 3774 me
2618 3714 2899 3788 reputans.
2930 3721 3215 3776 veritatem
3243 3721 3401 3777 vobis

1824 3813 2024 3866 dicam.
2071 3830 2089 3863 ι
2118 3811 2349 3880 Expedit
2397 3811 2550 3865 vobis
2578 3818 2634 3864 ul
2665 3825 2766 3879 ego
2807 3810 3022 3865 vadani.
3076 3829 3094 3861 ›
3136 3810 3397 3880 Equidem

1825 3903 2106 3959 Servatori
2171 3903 2396 3959 Christo
2452 3904 2614 3971 longe
2664 3918 2765 3956 nos
2826 3901 3110 3956 excedenti
3178 3916 3398 3957 omnem

1824 3993 2242 4065 intelligentiam
2281 4002 2525 4049 nostram
2571 3993 2981 4057 submittemus,
3018 4000 3400 4048 verumtamen

1823 4102 1933 4141 non
1962 4086 2315 4141 mediocriter
2349 4086 2453 4141 hoc
2478 4084 2628 4139 dicto
2655 4100 2817 4154 posse
2857 4084 3070 4139 turbari
3097 4084 3394 4153 quemdam

1823 4180 1989 4252 paulo
2038 4179 2428 4249 simpliciorem
2490 4186 2739 4232 autumo.
2788 4175 2922 4230 Illud
2972 4176 3117 4230 enim
3155 4174 3299 4244 apud
3340 4190 3400 4230 se

1826 4271 2140 4343 reputabit,
2183 4285 2381 4339 nempe
2438 4268 2485 4324 si
2534 4259 2733 4323 melius
2787 4266 2857 4321 sit
2910 4266 3061 4319 abire
3090 4264 3397 4331 Christum,

1824 4364 1998 4419 videri
2040 4363 2329 4432 praesentia
2374 4376 2475 4417 sua
2534 4360 2785 4415 nonnihil
2837 4357 3102 4413 obfuisse.
3139 4356 3296 4423 Quod
3351 4358 3397 4411 si

136 4456 200 4507 τὸ
228 4454 338 4524 ἀρα
384 4454 637 4523 παρεῖναι
690 4452 787 4522 τῆς
834 4452 977 4506 κατά
1005 4469 1058 4505 τι
1092 4452 1223 4520 γοῦν
1267 4451 1468 4523 ζημίας
1506 4455 1568 4506 οὑ
1600 4454 1721 4507 λίαν

1828 4455 1976 4511 utilis
2022 4462 2110 4510 est
2141 4454 2301 4509 nobis
2336 4452 2617 4508 discessus
2642 4451 2764 4520 ejus
2788 4491 2802 4515 ,
2834 4450 3047 4519 inquiet
3074 4487 3089 4511 ,
3120 4448 3398 4517 quomodo

137 4549 477 4618 ἀπήλλακτο.
510 4545 624 4599 Καὶ
651 4545 701 4598 εἰ
729 4544 791 4596 τὸ
815 4543 1094 4614 συμφέρον
1123 4545 1156 4612 ἡ
1166 4544 1256 4612 μίν
1285 4544 1343 4595 ἐν
1376 4543 1453 4612 τῷ
1479 4543 1720 4596 ἀνελθεῖν

137 4641 337 4703 αὑτὸν,
378 4638 496 4701 πῶς
544 4638 667 4708 οὐχὶ
712 4636 773 4690 τὸ
815 4636 1060 4689 ἐναντίον
1106 4636 1171 4687 ἐκ
1212 4633 1309 4686 τοῦ
1360 4635 1434 4704 μὴ
1466 4633 1723 4687 ἀπελθεῖν

138 4731 486 4801 συμϐήσεται
513 4770 527 4793 ,
568 4729 679 4781 Καὶ
723 4724 1017 4798 θορυϐήσει
1078 4723 1179 4794 μὲν
1232 4724 1365 4787 ἴσως
1420 4723 1572 4787 τινάς
1612 4723 1722 4775 τῶν

134 4823 419 4894 ἀκεραίων
463 4821 524 4873 τὸ
569 4820 789 4890 ζήτημα
809 4833 823 4846 '
856 4817 996 4888 πλὴν
1024 4817 1084 4869 οὐ
1117 4815 1330 4869 συνέσει
1361 4818 1427 4886 τῇ
1459 4815 1581 4886 θεία
1609 4817 1723 4869 δια-

134 4912 559 4986 κυϐερνώμενος
591 4910 727 4983 πρὸς
765 4908 973 4979 ἀκριϐῆ
1002 4906 1110 4960 τῶν
1140 4906 1446 4977 εἰρημένων
1488 4907 1725 4979 κατάλη-

129 5007 261 5077 ψιν,
306 5006 406 5057 ούκ
452 5004 517 5057 ἂν
566 5002 725 5065 ὅλως,
757 4996 934 5069 οἶμαι,
979 4998 1397 5068 σκανδαλισθείη
1428 5000 1582 5065 ποτὲ,
1611 5000 1725 5052 δια-

134 5099 415 5169 σκέψηται
462 5097 518 5150 δὲ
561 5096 763 5167 μᾶλλον
795 5095 887 5148 τὸν
921 5097 1036 5157 τοῖς
1085 5093 1405 5165 εἰρημένοις
1442 5096 1725 5166 πρέποντα

132 5192 286 5248 νοῦν.
334 5190 550 5262 Χρῆναι
582 5187 872 5259 τοιγαροῦν
922 5186 1030 5257 πρὸ
1074 5186 1187 5239 τῶν
1242 5186 1418 5241 ἀλλων
1465 5188 1724 5241 ἀπάντων

130 5285 320 5342 ἐκεῖνό
370 5301 513 5354 φημι
555 5278 958 5350 διαλογίζεσθαί
1000 5295 1061 5331 τε
1108 5279 1204 5332 καὶ
1251 5279 1455 5333 εἰδέναι
1510 5281 1720 5351 σαφῶς,

128 5382 221 5434 ὅτι
250 5377 392 5431 κατά
418 5377 478 5429 τὸ
522 5372 928 5445 γεγραμμένον,
956 5374 1147 5442 καιρὸς
1197 5370 1275 5441 τῷ
1317 5372 1483 5424 παντὶ
1539 5372 1723 5441 πράγ-

133 5488 295 5543 ματι,
328 5469 425 5522 καί¹
473 5468 650 5520 πάντα
685 5465 826 5519 καλὰ
862 5467 918 5517 ὲν
969 5463 1149 5534 καιρῷ
1176 5462 1373 5517 αὐτῶν.
1411 5460 1600 5535 Παρῆν
1632 5461 1725 5518 οῦν

128 5568 247 5635 ἄρα
293 5561 436 5616 κατὰ
478 5559 705 5630 καιροὺς
752 5555 1039 5628 χρησίμως
1076 5558 1104 5608 ὁ
1137 5554 1343 5624 Κύριος
1376 5555 1434 5607 ἐν
1464 5555 1599 5625 τῷδε
1645 5555 1724 5627 τῷ

127 5654 332 5722 κόσμῳ
357 5650 495 5722 μετά
526 5648 727 5719 σαρκός
752 5663 767 5678 ·
795 5648 853 5699 ὲν
883 5643 1059 5715 καιρῷ
1085 5644 1131 5697 δ’
1157 5638 1225 5697 αὖ
1254 5643 1417 5698 πάλιν
1440 5644 1519 5717 τῷ
1550 5646 1722 5716 καθή-

214 5829 258 5867 ²τ
286 5827 474 5884 Matth.
506 5841 697 5891 uvui,
727 5823 817 5880 20.
896 5822 941 5855 ³⁸
971 5820 1151 5878 Ecclc.
1192 5836 1279 5887 ιιι,
1310 5821 1357 5875 1.

1823 4563 1932 4600 non
1972 4547 2313 4601 contrarium
2363 4545 2600 4607 eveniet,
2634 4543 2681 4598 si
2722 4558 2832 4596 non
2860 4539 3222 4595 discesserit?
3250 4537 3398 4592 Sim-

1821 4640 2081 4709 pliciores
2139 4638 2326 4693 forsan
2366 4636 2612 4691 turbabit
2657 4637 2773 4689 haec
2821 4634 3050 4703 quaestio
3102 4652 3116 4687 :
3172 4636 3395 4687 verum-

1824 4740 2002 4785 tamen
2028 4731 2283 4800 quisquis
2307 4729 2494 4783 divina
2518 4727 2787 4798 sapientia
2819 4726 2887 4779 ad
2917 4732 3167 4780 exactam
3196 4724 3397 4779 borum

1823 4822 2193 4892 cognitionem
2218 4821 2509 4892 dirigetur,
2542 4836 2651 4874 non
2677 4820 2867 4888 utique
2900 4816 3396 4878 scandalizabitur,

1824 4913 1918 4968 sed
1946 4913 2112 4969 dictis
2146 4914 2562 4969 convenientem
2601 4911 2784 4982 potius
2812 4923 3035 4964 sensum
3067 4907 3395 4978 perspiciet.

1823 5005 2092 5060 Existimo
2128 5006 2314 5076 itaque
2344 5013 2470 5061 ante
2495 5005 2601 5059 alia
2631 5012 2834 5058 cuncta
2867 5000 3220 5072 cogitandum
3246 5015 3397 5062 esse,

1821 5108 1875 5152 et
1904 5105 2092 5168 aperte
2113 5097 2461 5162 discendum,
2487 5095 2691 5164 cuique
2717 5093 2820 5160 rei,
2850 5098 2911 5146 ut
2937 5091 3205 5160 scriptum
3224 5098 3309 5144 est
3329 5090 3395 5148 ³³,

1822 5203 1984 5242 suum
2013 5202 2137 5242 esse
2160 5194 2398 5257 tempus,
2430 5194 2484 5241 et
2516 5184 2702 5239 omnia
2740 5198 2863 5238 esse
2890 5183 3033 5237 bona
3065 5181 3120 5235 in
3154 5189 3399 5250 tempore

1824 5293 1949 5334 suo.
1982 5277 2183 5333 Aderat
2221 5294 2352 5349 ergo
2385 5293 2485 5333 suo
2517 5285 2763 5345 tempore
2795 5273 3003 5328 utiliter
3032 5271 3299 5326 Dominus
3341 5270 3395 5323 in

1824 5371 1931 5426 hoc
1968 5370 2175 5425 mundo
2223 5386 2346 5425 cum
2376 5384 2544 5425 carne
2572 5391 2583 5423 :
2618 5375 2932 5439 opportuno
2961 5379 3093 5419 vero
3126 5373 3394 5432 tempore,

1821 5472 1877 5519 et
1928 5464 2270 5535 singularum
2321 5477 2508 5517 rerum
2557 5460 2739 5516 ordini
2778 5472 3029 5528 congruo
3064 5456 3278 5511 utiliter
3312 5471 3397 5508 re-

1822 5570 2015 5611 versus
2047 5563 2132 5612 est
2156 5556 2222 5610 ad
2253 5555 2489 5610 Patrem.
2523 5553 2713 5624 Neque
2741 5567 2869 5606 vero
2894 5550 3047 5620 argui
3081 5548 3194 5601 ullo
3233 5544 3398 5600 modo

1821 5655 2024 5717 potest,
2054 5662 2165 5703 nor.
2199 5646 2373 5703 fuisse
2400 5645 2555 5704 valde
2584 5644 2719 5701 utile
2743 5652 2801 5699 ut
2824 5657 2929 5699 una
2952 5656 3079 5698 cum
3105 5636 3399 5709 discipulis
