3862 6206
508 323 604 378 iiii

1520 322 1575 377 S.
1617 321 1891 377 CYRILLI
1934 322 2402 382 ALEXANDRIM
2441 327 2759 385 ARCHIEP.

3663 325 3778 381 ὁηῒὲ

509 444 855 500 versaretur,
906 450 972 489 ex
1012 448 1077 489 eo
1116 434 1261 504 quod
1295 435 1610 489 necessario
1644 435 1865 489 demum
1897 434 2074 488 disce-

2181 436 2330 488 κοντί
2353 454 2415 491 τε
2446 441 2542 493 καλ⁵
2575 438 2931 512 ἡρμοσμένῳ,
2951 439 3073 503 ταῖς
3087 437 3171 508 ἐφ’
3199 437 3421 509 ’ἑκάστῳ
3447 437 3557 490 τῶν
3579 454 3775 510 πραγ-

507 529 627 597 dit,
666 542 847 597 neque
880 525 1164 581 discessus
1199 524 1410 579 utilitas
1443 525 1556 578 ullo
1610 525 1779 579 modo
1821 535 2083 596 carpetur

507 627 731 690 propter
752 616 922 688 918
945 614 1236 669 utilitatem
1263 614 1586 681 praesentiae.
1606 609 1916 680 Utrumque
1933 611 2080 666 enim

508 711 823 780 Oppor'tuno
849 716 1096 776 tempore
1144 702 1353 757 factum
1394 711 1480 756 est
1512 701 1741 758 utiliter.
1786 700 1860 756 Ut
1895 709 2078 756 autem

509 815 736 856 sensum
785 798 951 867 hujus
1000 795 1111 850 loci
1164 793 1448 865 paululum
1501 793 1846 865 praetervecti
1900 790 2081 846 mani-

510 893 704 949 festius
734 889 998 944 fratribus
1020 900 1387 957 exponamus,
1418 883 1649 956 agedum
1678 885 2081 939 incarnationis

510 981 790 1056 Unigeniti
828 994 1055 1035 causam
1102 978 1342 1048 repetito
1379 992 1636 1032 sermone
1668 976 1878 1031 cursim
1914 976 2082 1030 attin-

508 1087 737 1145 gamus,
796 1082 862 1124 ac
908 1075 1178 1139 praeterea
1225 1066 1506 1122 discessus
1563 1066 1713 1121 illius
1760 1065 2077 1120 utilitatem.

511 1162 581 1220 Ut
607 1174 739 1232 ergo
768 1167 826 1215 et
854 1156 1209 1226 corruptione
1240 1162 1301 1209 et
1332 1161 1510 1210 morte
1551 1154 1790 1210 solveret
1818 1167 1943 1209 eum
1984 1154 2077 1223 qui

504 1263 691 1311 vetere
722 1252 818 1307 illo
864 1248 1157 1304 maledicto
1199 1246 1604 1303 condemnatus
1634 1253 1754 1301 erat
1774 1247 1817 1279 ⁸ο
1839 1286 1855 1310 ,
1899 1244 2079 1301 factus

502 1358 589 1404 est
617 1347 817 1410 homo,
868 1326 1110 1412 seipsum
1163 1338 1570 1409 quodammodo
1600 1339 1655 1392 in
1699 1347 1945 1393 nostram
1976 1338 2080 1392 im-

503 1440 730 1495 mittens
758 1444 1034 1495 naturam,
1070 1433 1168 1502 qui
1197 1433 1306 1486 vita
1340 1439 1426 1487 est
1460 1430 1766 1485 secundum
1792 1439 2073 1483 naturam.

505 1534 597 1588 Sic
639 1533 787 1587 enim
837 1530 1115 1583 devictum
1146 1533 1232 1581 est
1263 1526 1459 1580 mortis
1500 1524 1816 1593 imperium,
1845 1530 1900 1578 et
1927 1537 2078 1576 reso-

503 1627 616 1680 luta
651 1637 737 1679 est
764 1623 849 1678 vis
896 1619 1269 1691 corruptionis
1311 1618 1366 1670 in
1411 1631 1516 1670 nos
1557 1615 1819 1682 inductae,
1857 1624 1914 1670 et
1951 1630 2075 1670 cum

503 1729 701 1771 natura
739 1713 928 1769 divina
958 1711 1111 1767 omni
1143 1724 1377 1782 prorsus
1404 1721 1579 1761 vacua
1610 1707 1683 1762 sit
1706 1706 2076 1777 propensione

501 1810 570 1865 ad
601 1814 913 1880 peccatum,
941 1804 1177 1877 gestavit
1215 1816 1318 1857 nos
1341 1816 1437 1871 per
1463 1815 1620 1856 suam
1645 1815 1891 1855 carnem.
1920 1799 1979 1854 In
2010 1815 2075 1855 eo
2109 1782 2149 1835 Β

501 1904 705 1974 quippe
728 1913 950 1955 eramus
968 1911 1182 1961 omnes,
1211 1896 1266 1950 in
1295 1903 1562 1965 quantum
1593 1892 1851 1963 apparuit
1884 1892 2073 1959 homo,

500 2004 554 2048 ut
608 1991 856 2047 membra
891 1996 1109 2045 terrena
1157 1987 1561 2067 mortiﬁcaret,
1602 1986 1706 2040 hoc
1752 1992 1841 2040 est
1888 1986 2076 2040 carnis

501 2085 806 2157 passiones,
862 2088 919 2136 et
971 2079 1188 2151 peccati
1259 2079 1435 2150 legem
1495 2092 1621 2147 qua;
1689 2078 1746 2132 in
1811 2078 2076 2135 membris

499 2176 708 2233 nostris
730 2172 1016 2246 tyrannice
1035 2170 1430 2227 dominabatur
1458 2169 1774 2240 abrogaret,
1810 2176 2077 2248 nostram-

497 2286 605 2340 que
636 2275 902 2339 praeterea
935 2273 1191 2320 naturam
1231 2260 1624 2328 sanctiﬁcaret,
1654 2261 2077 2332 exemplumque

499 2361 660 2416 nobis
692 2367 748 2413 et
788 2359 901 2413 dux
945 2356 1161 2411 itineris
1200 2355 1267 2409 ad
1308 2355 1562 2424 pietatem
1599 2361 1785 2419 esset,
1837 2360 1892 2408 et
1938 2369 2073 2424 pura

496 2451 743 2523 cognitio
773 2450 1021 2505 veritatis
1058 2448 1208 2502 illius
1249 2461 1374 2517 qua:
1418 2446 1725 2501 secundum
1781 2446 2071 2503 scientiam

496 2554 582 2600 est
642 2553 805 2613 atque
861 2540 1156 2611 inculpatae
1210 2539 1653 2594 conversationis
1705 2537 1883 2593 ﬁeret.
1946 2536 2074 2593 Haec

498 2636 663 2706 igitur
686 2633 874 2688 omnia
908 2632 1166 2687 Christus
1211 2629 1374 2685 homo
1407 2628 1590 2685 factus
1626 2631 1859 2700 peregit.
1901 2628 2071 2684 Dece-

496 2727 592 2782 hat
636 2741 769 2795 ergo
807 2731 1063 2779 naturam
1117 2722 1362 2778 hominis
1407 2720 1477 2776 ad
1506 2736 1785 2778 summum
1821 2721 2072 2791 cujusvis

497 2816 629 2872 boni
659 2800 932 2879 attollere,
962 2828 1139 2883 neque
1178 2812 1358 2869 solum
1382 2821 1628 2884 rpeccato
1657 2820 1712 2868 et
1740 2820 1919 2867 morte
1950 2828 2069 2868 eam

499 2909 753 2971 liberare,
788 2904 887 2962 sed
918 2906 974 2960 in
1004 2905 1156 2975 ipsos
1185 2919 1408 2975 quoque
1455 2906 1627 2960 coslos
1678 2905 1933 2969 evehere,
1971 2904 2070 2958 ho-

497 3001 811 3069 minemque
863 2997 1184 3067 angelorum
1220 2996 1677 3051 contubernalem
1733 3005 1789 3050 et
1824 2995 2072 3065 ejusdem

2186 526 2374 595 μάτων
2445 531 2800 600 τελουμέναις
2872 528 3206 600 οἰκονομίαις
3263 528 3553 600 χρησίμως
3609 529 3774 600 ἀνῄει

2184 619 2323 689 πρὸς
2347 619 2438 674 τδν
2478 620 2719 691 Πατέρα.
2749 619 2861 673 Καὶ
2891 620 2950 673 οὐ
2985 619 3403 691 διαϐεϐλήσεται
3439 620 3538 691 μὲν
3565 637 3775 674 παντεο

2183 708 2311 772 λῶς,
2340 710 2416 774 ώς
2453 712 2514 764 οὐ
2546 710 2756 781 σφόδρα
2800 709 3075 774 λυσιτελὲς
3118 710 3179 764 τὸ
3219 714 3591 781 συμπαρεῖναι
3648 712 3775 772 τοῖς

2186 802 2480 874 μαθηταῖς.
2511 803 2600 858 διὰ
2639 803 2736 875 τὴν
2788 804 2869 868 εἰς
2903 802 3130 873 ὕστερον
3169 801 3482 872 ἀναγκαίως
3526 804 3777 872 γενομέ-

2181 910 2279 964 νην
2308 893 2621 965 ἀποδημίαν
2644 934 2659 959 ,
2701 893 2822 948 οὕτε
2876 894 2982 966 μὴν
3030 893 3474 966 λοιδορηθήσεται
3515 895 3668 949 κατά
3716 911 3775 947 τι

2180 984 2312 1054 γοῦν
2336 985 2474 1050 ὅλως
2503 987 2565 1039 τὸ
2591 989 2655 1041 ἐκ
2683 988 2781 1058 τῆς
2814 985 3129 1057 ἀποδημίας
3165 989 3455 1059 χρήσιμον,
3491 987 3581 1040 διὰ
3606 987 3673 1040 τδ
3700 989 3773 1040 ἐκ

2180 1076 2276 1131 τοῦ
2322 1080 2578 1151 παρεῖναι
2628 1080 2928 1152 συμφέρον.
2969 1079 3263 1150 Ἑκάτερον
3312 1078 3423 1149 γὰρ
3478 1082 3536 1132 ἐν
3577 1079 3772 1150 καιρῷ

2182 1170 2447 1239 πρέποντι
2475 1170 2764 1242 χρησίμως
2793 1171 3115 1243 ἐπράττετο.
3138 1170 3258 1225 Ἵνα
3286 1170 3343 1224 δὲ
3367 1171 3458 1225 τὸν
3489 1170 3591 1224 τοῦ
3624 1172 3771 1225 θεωο

2184 1262 2431 1332 ρήματος
2459 1260 2585 1315 νοῦν
2638 1262 2813 1333 βραχὺ
2867 1262 3371 1334 παραπλώσαντες,
3421 1264 3770 1316 εύσυνοπτὸ-

2179 1371 2337 1424 τερον
2357 1357 2473 1418 τοῖς
2504 1355 2753 1425 ἀδελφοῖς
2779 1358 3232 1427 καταστήσωμεν,
3264 1357 3396 1428 φέρε
3421 1356 3487 1428 δὴ
3508 1357 3777 1427 λέγωμεν

2180 1446 2672 1518 ἀναμηρυσάμενοι
2697 1446 2776 1518 τῷ
2807 1446 2973 1517 λόγῳ,
3002 1450 3124 1502 κατ’
3152 1448 3457 1520 ἐπιδρομὴν
3490 1449 3593 1520 τῆς
3624 1451 3777 1519 μετά

2182 1538 2388 1607 σαρκὸς
2433 1540 2747 1610 οἰκονομίας
2790 1540 2885 1594 τοῦ
2918 1541 3263 1612 Μονογενοῦς
3305 1542 3403 1614 τὴν
3454 1543 3776 1615 πρόφασιν,

2181 1630 2276 1683 καὶ
2317 1629 2457 1701 πρὸς
2486 1629 2696 1695 τούτοις
2732 1631 2812 1686 ἔτι
2857 1632 2921 1686 τὸ
2959 1634 3057 1703 τῆς
3103 1633 3415 1705 ἀποδημίας
3456 1633 3774 1703 ὠφέλιμον.
3858 1632 3862 1655 ¹

2183 1722 2300 1775 Ἰνα
2346 1721 2529 1776 τοίνυν
2579 1723 2675 1777 καὶ
2716 1724 2924 1795 φθορᾶς
2957 1725 3053 1779 καὶ
3084 1723 3319 1780 Θανάτου
3350 1724 3646 1798 ἀπαλλάξῃ
3674 1725 3778 1777 τὸν

2177 1809 2267 1864 διὰ
2321 1811 2421 1883 τῆς
2477 1812 2714 1884 ἀρχαίας
2773 1814 2994 1885 ἐκείνης
3052 1814 3527 1886 κατακεκριμένον
3595 1816 3774 1885 ἀρᾶς,

2178 1903 2400 1972 γέγονεν
2431 1903 2740 1977 ἄνθρωπος,
2775 1907 2969 1960 ἑαυτὸν
2994 1905 3185 1978 ὥσπερ
3210 1907 3488 1976 ὲγκαθιεὶς
3515 1910 3581 1978 τῇ
3620 1909 3773 1978 ἠμε-

2177 1997 2313 2069 τέρᾳ
2338 1997 2516 2068 φύσει,
2550 1998 2695 2071 ζωὴν
2725 2000 2867 2054 κατά
2896 2000 3058 2069 φύσιν
3086 2002 3422 2073 ὑπάρχοντα.
3455 2002 3775 2068 Νενίκηται

2177 2089 2288 2162 γὰρ
2319 2091 2463 2145 οὕτω
2492 2091 2585 2145 τοῦ
2611 2091 2844 2148 θανάτου
2872 2094 2934 2146 τὸ
2964 2094 3185 2164 κράτος,
3217 2095 3308 2147 καὶ
3334 2092 3555 2147 λέλυται
3577 2093 3684 2164 τῆς
3708 2095 3775 2145 ἐν

2178 2186 2308 2256 ἡμῖν
2336 2185 2665 2239 ἐπεισάκτου
2700 2186 2909 2258 φθορᾶς
2940 2188 2973 2258 ἡ
3000 2188 3253 2257 δύναμις,
3286 2187 3381 2241 καὶ
3405 2186 3641 2257 ἐπείπερ
3664 2187 3774 2256 τῆς

2178 2279 2257 2340 εἰς
2281 2277 2563 2349 ἁμαρτίαν
2580 2277 2755 2350 ῥοπῆς
2783 2279 3044 2350 ἐλευθέρα
3074 2278 3351 2343 παντελῶς
3375 2280 3408 2349 ή
3442 2277 3566 2331 Θεία
3599 2277 3775 2346 φύσις

2182 2370 2333 2436 ἐστὶ,
2388 2370 2696 2441 πεφόρεκεν
2744 2372 2892 2443 ἡμᾶς
2932 2370 3020 2424 διά
3072 2372 3172 2442 τῆς
3227 2371 3360 2434 ἰδίας
3398 2370 3627 2442 σαρκός.
3674 2369 3771 2423 Ἐν

2178 2460 2327 2533 αὐτῷ
2357 2461 2465 2534 γὰρ
2495 2458 2639 2534 ἦμεν
2674 2464 2726 2516 οἱ
2755 2465 2977 2526 πάντες,
3003 2464 3139 2518 καθὸ
3169 2465 3410 2536 πέφηνεν
3443 2464 3769 2535 ἄνθρωπος,

2179 2554 2267 2609 ἵνα
2289 2553 2542 2627 νεκρώσῃ
2568 2553 2639 2608 τὰ
2668 2555 2803 2626 μέλη
2832 2556 2903 2609 τά
2932 2556 3025 2609 ἐπὶ
3051 2560 3151 2627 τῆς
3181 2558 3305 2628 γῆς,
3332 2555 3481 2609 τοῦτ’
3519 2555 3668 2618 ἐστι,
3696 2557 3771 2610 τὲ

2176 2645 2280 2714 τῆς
2326 2645 2527 2716 σαρκὸς
2573 2645 2762 2716 πάθη,
2799 2648 2894 2700 καὶ
2949 2650 3274 2720 καταργήσῃ
3328 2649 3428 2716 τῆς
3479 2644 3771 2717 ἁμαρτίας

2179 2738 2366 2807 νόμον,
2400 2738 2494 2792 τὸν
2524 2739 2580 2792 ὲν
2611 2742 2726 2801 τοῖς
2762 2739 3057 2810 ἡμετέροις
3106 2739 3292 2809 μέλεσι
3320 2740 3771 2809 τυραννήσαντα,

2180 2829 2274 2883 καὶ
2308 2827 2444 2901 πρὸς
2468 2829 2643 2902 τούτῳ
2682 2830 2846 2884 πάλιν
2875 2831 2965 2885 ἵνα
2994 2831 3092 2901 τὴν
3138 2829 3301 2900 φύσιν
3333 2830 3493 2902 ήμῶν
3529 2831 3769 2900 ἁγιάσῃ,

2177 2921 2273 2975 καὶ
2298 2920 2470 2984 τύπος
2496 2922 2628 2991 ἡμῖν
2650 2962 2666 2989 ,
2706 2921 2803 2975 καὶ
2827 2921 3151 2994 καθηγητὴς
3178 2921 3374 2994 εὑρεθῇ
3407 2922 3509 2993 τῆς
3539 2924 3628 2987 εἰς
3672 2923 3771 2974 εύο

2178 3012 2392 3068 σέϐειαν
2424 3012 2545 3066 ὁδοῦ
2567 3053 2583 3079 ,
2632 3013 2852 3085 καθαρά
2893 3032 2953 3067 τε
3003 3015 3300 3084 ἐπίγνωσις
3344 3012 3447 3084 τῆς
3480 3014 3610 3067 κατ’
3643 3015 3773 3067 ἐπί-

497 3090 656 3145 chori
695 3095 1012 3144 consortem
1053 3086 1307 3142 reddere.
1364 3087 1433 3140 Et
1469 3086 1937 3157 quemadmodum
1971 3103 2071 3158 per

2178 3123 2375 3176 γνωσιν
2402 3104 2685 3177 ἀληθείας,
2720 3106 2815 3161 καὶ
2843 3107 3117 3170 ἀπλανοῦς
3148 3106 3445 3171 πολιτείας.
3476 3105 3674 3160 Ταῦτα
3701 3107 3773 3178 δὴ
3860 3174 3862 3179 ι

497 3198 654 3238 suam
702 3180 1169 3237 resurrectionem
1214 3179 1626 3248 corruptionem
1667 3179 1856 3250 fugere
1904 3195 2071 3250 posse

2181 3192 2277 3251 οὖν
2305 3196 2520 3251 ἅπαντα
2545 3194 2786 3266 γεγονὼς
2823 3197 3109 3268 ἄνθρωπος
3153 3196 3521 3270 κατώρθωκεν
3550 3200 3584 3252 ὁ
3626 3200 3771 3270 X9:-

497 3274 664 3331 nobis
693 3274 920 3338 tribuit,
970 3272 1054 3329 sic
1083 3271 1245 3327 nobis
1283 3286 1507 3340 quoque
1538 3270 1607 3326 ad
1651 3272 1826 3327 caelos
1860 3272 2070 3326 aditum

2180 3288 2323 3351 στός.
2360 3288 2508 3341 Ἔδει
2549 3287 2729 3341 τοίνυν
2758 3288 2840 3351 είς
2870 3288 3150 3359 ἀκρότητα
3194 3289 3395 3353 παντὸς
3420 3286 3636 3357 ἀγαθοῦ
3667 3290 3776 3359 τὴν

497 3366 755 3438 aperire,
785 3373 842 3420 et
893 3364 951 3418 in
998 3371 1304 3434 conspectu
1348 3361 1528 3418 Patris
1568 3363 1769 3418 sistere
1819 3379 1946 3418 eum
1976 3365 2071 3435 qui

2178 3377 2468 3449 ἀνθρώπου
2495 3377 2658 3448 φύσιν
2684 3379 3001 3448 ἀναγαγεῖν,
3034 3379 3130 3432 καὶ
3166 3380 3292 3451 οὐχὶ
3325 3379 3485 3451 μόνον
3518 3379 3776 3434 ἀπαλλὰ-

499 3472 595 3529 per
628 3455 1136 3529 praevaricationem
1188 3454 1244 3508 in
1275 3453 1448 3508 Adam
1496 3455 1695 3524 procul
1738 3453 2072 3511 amandatus

498 3550 698 3607 fuerat.
733 3548 866 3616 Quae
897 3563 1023 3604 cum
1054 3548 1175 3618 ipse
1203 3561 1426 3619 quoque
1463 3546 1687 3603 divinus
1735 3545 1941 3604 Paulus
1987 3549 2074 3602 in-

497 3642 788 3714 telligeret,
824 3640 1041 3696 aiebat:
1071 3657 1091 3690 ι
1119 3637 1239 3694 Non
1268 3639 1416 3694 enim
1448 3638 1505 3693 in
1530 3636 1849 3694 manufacta
1879 3648 2072 3695 sancta

498 3733 755 3788 Christus
812 3730 1094 3795 introivit,
1145 3729 1481 3799 exemplaria
1513 3745 1813 3798 verorum;
1871 3730 1969 3786 sed
2015 3730 2072 3786 in

499 3827 681 3896 ipsum
711 3823 944 3890 caelum,
979 3828 1040 3877 ut
1080 3834 1231 3876 nunc
1266 3831 1527 3892 appareat
1556 3837 1744 3877 coram
1789 3824 1944 3878 vultu
1976 3822 2073 3880 Dei

498 3934 598 3989 pro
634 3915 795 3971 nobis
815 3916 882 3969 ⁸⁸.
915 3933 937 3966 ι
967 3914 1166 3981 Audis,
1194 3925 1256 3970 ut
1280 3930 1407 3970 cum
1435 3930 1654 3986 semper
1677 3916 1731 3970 in
1766 3926 2069 3988 conspectu

496 4019 550 4067 et
588 4009 644 4066 in
677 4018 870 4065 natura
903 4009 991 4064 sui
1019 4007 1303 4064 Gcnitoris
1331 4009 1425 4074 sit,
1453 4017 1685 4080 propter
1722 4008 2070 4068 identitatem

495 4103 853 4166 substantiae,
889 4117 1038 4157 nunc
1066 4118 1175 4157 non
1240 4112 1463 4173 propter
1507 4103 1789 4173 seipsum,
1828 4103 1927 4159 sed
1972 4119 2073 4175 pro

497 4196 658 4271 nobis
694 4193 1116 4250 manifestetur?
1150 4191 1309 4259 Nam,
1343 4202 1403 4249 ut
1447 4194 1594 4265 quod
1626 4197 1782 4264 prius
1817 4196 1933 4251 dixi
1983 4212 2075 4252 re-

497 4297 702 4361 petam,
733 4302 838 4343 nos
868 4286 1017 4343 sistit
1040 4287 1095 4341 in
1119 4296 1417 4357 conspectu
1449 4285 1651 4352 Patris,
1680 4303 1806 4343 cum
1845 4288 1920 4343 sit
1954 4288 2073 4360 ipse

497 4381 752 4453 primitiae
788 4379 1174 4447 humanitatis,
1215 4394 1468 4435 reversus
1520 4379 1576 4434 in
1608 4380 1832 4435 coelum.
1866 4380 2070 4447 Quem-

2180 3469 2268 3534 ξαι
2302 3469 2538 3522 Θανάτου
2565 3469 2661 3522 καὶ
2698 3469 2994 3541 ἁμαρτίας,
3030 3469 3146 3523 ἀλλ’
3176 3470 3278 3542 ήδη
3305 3471 3402 3525 καὶ
3443 3472 3526 3534 είς
3558 3472 3776 3537 αὐτοὺς
3860 3469 3862 3509 ¹

2176 3557 2509 3613 ἀναϐιϐάσαι
2547 3559 2678 3622 τοὺς
2717 3559 3005 3630 οὐρανοὺς,
3040 3558 3349 3630 ὁμοδίαιτόν
3380 3576 3438 3614 τε
3476 3562 3575 3615 καὶ
3631 3578 3777 3631 συγ-

2176 3650 2440 3722 χορευτὴν
2495 3650 2764 3719 ἐπιδεῖξαι
2826 3654 2941 3716 τοῖς
2979 3651 3233 3720 ἀγγέλοις
3293 3652 3385 3707 τὸν
3447 3653 3771 3727 ἄνθρωπον.

2176 3744 2287 3797 Καὶ
2318 3743 2510 3815 ὥσπερ
2548 3743 3018 3815 κεκαινοτόμηκεν
3048 3746 3183 3815 ἡμῖν
3215 3744 3303 3799 διὰ
3331 3744 3435 3815 τῆς
3462 3745 3606 3810 ιδίας
3632 3748 3773 3800 ἀνα-

2178 3835 2445 3898 στάσεως,
2472 3834 2536 3889 τὸ
2572 3834 2857 3906 διαδρᾶναι
2883 3834 3147 3890 δύνασθαι
3192 3837 3292 3908 τὴν
3318 3836 3546 3908 φθορὰν,
3584 3838 3774 3902 οὕτως

2174 3929 2309 3999 ἡμῖν
2338 3926 2549 3992 ἀνοῖξαι
2580 3928 2675 3981 καὶ
2702 3927 2802 4000 τὴν
2847 3929 2928 3992 είς
2969 3928 3031 3984 τδ
3082 3928 3195 3984 ἀνω
3223 3929 3461 4002 πάροδον
3483 3973 3500 3997 ,
3555 3932 3660 3984 καὶ
3703 3934 3768 3984 ὲν

2175 4020 2296 4089 ὄψει
2341 4021 2537 4091 στῆσαι
2576 4019 2670 4073 τοῦ
2707 4020 2923 4093 Πατρδς
2959 4019 3051 4074 τὸν
3080 4022 3145 4074 ὲκ
3180 4021 3473 4093 προσώπου
3501 4021 3764 4087 τεθέντα,

2175 4111 2264 4165 διὰ
2294 4112 2395 4181 τὴν
2450 4112 2510 4165 ἐν
2566 4112 2741 4182 Ἀδὰμ
2794 4112 3133 4184 παράϐασιν.
3194 4113 3353 4168 Οὕτω
3411 4114 3480 4168 τά
3527 4115 3770 4169 τοιαῦτα

2178 4203 2360 4268 συνεὶς
2386 4204 2478 4259 καὶ
2509 4205 2538 4257 ὁ
2566 4202 2855 4269 Θεσπέσιος
2885 4205 3096 4269 Παῦλος
3123 4205 3310 4276 ἔλεγεν
3333 4224 3348 4239 ·
3381 4226 3399 4257 ι
3439 4207 3515 4259 Οὐ
3540 4207 3655 4279 γὰρ
3685 4210 3767 4272 si;

2177 4294 2531 4368 χειροποίητα
2558 4294 2691 4364 ἅγια
2721 4295 2971 4368 εἰσῆλθεν
3003 4299 3032 4351 ὁ
3060 4297 3314 4368 Χριστὸς,
3347 4297 3467 4350 οὐδὲ
3494 4300 3576 4361 είς
3606 4300 3761 4352 ἀντί-

2185 4405 2332 4442 τυπα
2359 4388 2469 4442 τῶν
2512 4386 2783 4459 ἀληθινῶν
2806 4429 2821 4456 ,
2875 4388 2993 4443 ἀλλ’
3047 4391 3126 4454 είς
3178 4389 3341 4444 αὑτὸν
3382 4390 3473 4443 τὸν
3507 4392 3767 4461 οὐρανὸν,

495 4469 788 4526 admodum
834 4468 1004 4526 enim.
1046 4483 1171 4523 cum
1200 4468 1312 4522 vita
1357 4470 1429 4523 sit
1455 4469 1759 4524 secundum
1791 4480 2070 4539 naturam,

2184 4478 2279 4533 νῦν
2344 4478 2745 4551 ἐμφανισθῆναι
2799 4479 2879 4550 τῷ
2937 4479 3218 4553 προσώπῳ
3270 4481 3364 4534 τοῦ
3426 4481 3565 4534 Θεοῦ
3626 4484 3768 4553 ὑπὲρ

495 4560 635 4614 mori
684 4570 865 4615 tamen
900 4566 957 4616 et
990 4574 1284 4631 resurgere
1314 4571 1538 4631 propter
1571 4577 1676 4617 nos
1708 4563 1912 4617 dicitur
1942 4581 1956 4617 :
1988 4565 2070 4620 sic

493 4654 660 4706 etiam
691 4666 817 4705 cum
853 4665 1069 4720 semper
1107 4665 1268 4705 suum
1299 4648 1522 4707 Patrem
1555 4651 1777 4721 videat,
1807 4662 1864 4709 et
1892 4655 2072 4710 videa-

496 4755 589 4798 tur
642 4743 758 4814 ipse
816 4742 1068 4799 vicissim
1110 4757 1141 4797 a
1202 4757 1305 4797 suo
1356 4741 1548 4810 Patre,
1606 4760 1755 4802 nunc
1804 4760 2073 4819 apparere

496 4837 725 4898 dicitur,
751 4833 805 4888 id
836 4841 942 4900 est,
962 4834 1183 4904 quando
1219 4833 1386 4905 919
1410 4835 1591 4892 factus
1625 4846 1712 4892 est
1743 4838 1928 4904 homo,
1959 4855 2071 4895 non

498 4935 722 4999 propter
753 4927 1021 4996 seipsum,
1050 4925 1146 4982 sed
1176 4941 1275 4997 pro
1299 4928 1481 4997 nobis,
1506 4938 1567 4985 ut
1590 4930 1774 4996 homo,
1806 4939 1862 4987 et
1888 4940 2076 5003 quate-

498 5032 605 5072 nus
638 5018 831 5072 deesse
867 5025 1073 5071 nostra:
1097 5016 1506 5086 dispensationi
1535 5016 1837 5073 videbatur
1890 5027 1950 5073 ut
1973 5035 2076 5075 nos

499 5109 557 5162 in
591 5108 743 5177 ipsos
776 5121 1000 5177 quoque
1031 5107 1203 5161 cmlos
1234 5106 1684 5173 ascenderemus,
1718 5117 1980 5179 tanquam
2020 5110 2075 5164 in

498 5199 764 5271 primitiis
824 5207 881 5254 et
930 5198 1111 5268 primo
1155 5195 1405 5252 Christo.
1447 5196 1768 5255 Praecursor
1819 5202 1967 5256 enim
2007 5217 2074 5256 eo

497 5305 721 5361 quoque
765 5288 968 5356 rediit,
1023 5298 1248 5359 propter
1272 5304 1374 5346 nos
1396 5329 1412 5355 ,
1441 5298 1504 5345 ut
1532 5300 1589 5347 et
1621 5292 1823 5348 alicubi
1849 5294 2074 5351 divinus

498 5383 617 5453 ipse
639 5380 845 5436 Paulus
872 5379 1028 5434 ait“.
1066 5378 1131 5432 Et
1157 5388 1433 5450 quatenus
1456 5382 1680 5453 quidem
1717 5384 1906 5452 homo,
1938 5401 2072 5440 cen-

499 5484 650 5530 setur
701 5471 945 5544 pontifex
999 5470 1177 5527 adhuc
1221 5484 1542 5530 nostrarum
1591 5476 1907 5532 animarum
1944 5478 1989 5511 "
2021 5486 2077 5534 et

499 5565 851 5631 consolator,
883 5573 940 5620 et
981 5564 1297 5636 propitiatio
1331 5581 1432 5637 pro
1483 5567 1692 5625 nostris
1725 5570 2070 5640 peccatis":

2179 4571 2357 4643 ἡμῶν.
2395 4591 2414 4624 ι
2466 4571 2734 4635 Ἀκούεις,
2764 4572 2961 4627 ὅτιδιά
2998 4572 3202 4637 παντὸς
3238 4575 3298 4628 ὲν
3338 4573 3457 4642 ὕψει
3486 4574 3586 4627 καὶ
3612 4576 3675 4628 ὲν
3698 4576 3765 4646 τῇ

2179 4664 2339 4735 φύσει
2378 4664 2472 4718 τοῦ
2512 4664 2648 4718 ίδίου
2681 4664 3013 4737 Γεννήτορος
3045 4664 3122 4719 ὢν
3146 4706 3161 4729 ,
3194 4665 3283 4719 διά
3324 4666 3424 4736 τὴν
3454 4667 3765 4734 ταυτότητα

2175 4756 2279 4826 τῆς
2309 4755 2500 4820 οὐσίας
2522 4794 2538 4821 ,
2583 4756 2680 4810 νῦν
2706 4757 2767 4810 ού
2804 4756 2872 4810 δι’
2910 4758 3123 4823 ἑαυτὸν,
3160 4758 3274 4811 ἀλλ’
3303 4756 3443 4827 ὑπὲρ
3471 4757 3637 4827 ἡμῶν
3666 4760 3768 4829 ἐμ·-

2180 4846 2492 4917 φανίζεται;
2555 4848 2622 4900 "O
2678 4848 2787 4918 γὰρ
2844 4843 2999 4902 εἶπον
3046 4847 3171 4920 ήδη,
3208 4846 3366 4901 τοῦτο
3402 4847 3567 4900 πάλιν
3612 4849 3761 4919 ἐρῶ·

2180 4938 2327 5009 ἡμᾶς
2358 4937 2570 5009 ἵστησιν
2614 4939 2673 4993 ὲν
2705 4937 2827 5009 ὕψει
2864 4939 2960 4993 τοῦ
2999 4939 3215 5010 Πατρὸς
3238 4978 3254 5004 ,
3296 4938 3526 5009 ἀπαρχὴ
3554 4939 3637 4992 ὧν
3666 4939 3765 5011 τῆς

2174 5026 2630 5098 ἀνθρωπότητος,
2693 5029 3059 5102 ἀποδημήσας
3110 5032 3192 5094 είς
3246 5029 3499 5100 οὐρανόν.
3547 5029 3763 5101 Ὠσπερ

2175 5118 2285 5190 γὰρ
2318 5118 2431 5191 ζωή
2484 5120 2629 5174 κατά
2679 5120 2843 5191 φύσιν
2895 5122 3194 5193 ὑπάρχων,
3252 5121 3551 5177 ἀποθανεῖν
3578 5140 3642 5176 τε
3672 5124 3766 5177 καὶ

2176 5210 2477 5281 ἀναστῆναι
2506 5209 2727 5279 λέγεται
2758 5212 2829 5265 δι’
2860 5213 3029 5285 ἡμᾶς,
3060 5210 3235 5276 οὕτως
3282 5212 3377 5266 καὶ
3409 5212 3500 5265 ἀεὶ
3544 5211 3764 5282 βλέπων

2177 5301 2270 5353 τὸν
2304 5299 2499 5354 ἑαυτοῦ
2526 5302 2768 5374 Πατέρα,
2796 5301 3074 5374 ὁρώμενος
3093 5318 3153 5356 τε
3181 5298 3247 5355 αὖ
3281 5301 3448 5355 πάλιν
3477 5301 3577 5356 καὶ
3601 5302 3760 5373 παρά

2179 5390 2274 5445 τοῦ
2310 5391 2442 5445 ίδίου
2474 5388 2690 5465 Πατρὸς
2713 5434 2729 5459 ,
2761 5393 2856 5448 νῦν
2885 5392 3288 5465 ἐμφανισθῆναι
3327 5391 3572 5461 λέγεται,
3611 5393 3763 5446 τοῦτ’

2177 5484 2325 5539 ἐστιν
2350 5526 2365 5551 ,
2398 5487 2488 5539 ὅτε
2514 5486 2739 5556 γέγονεν
2781 5486 3104 5556 ἄνθρωπος,
3151 5487 3213 5541 οὐ
3261 5486 3329 5540 δι’
3359 5484 3553 5540 ἑαυτὸν
3576 5526 3593 5550 ,
3646 5485 3763 5539 ἀλλ’

2179 5574 2320 5647 ὑπὲρ
2346 5574 2538 5648 ήμῶν,
2582 5577 2659 5641 ώς
2715 5575 3033 5648 ἄνθρωπος,
3069 5578 3166 5631 καὶ
3205 5576 3283 5641 ὠς
3318 5574 3632 5640 merome;
3674 5570 3766 5628 οὖν

604 5749 847 5806 “Galat.
886 5767 973 5819 Ill,
1006 5751 1095 5809 15.
1187 5751 1234 5785 ⁴⁹
1257 5748 1425 5807 Hebr.
1458 5766 1536 5819 Ix,
1561 5750 1651 5808 24.
1732 5751 1774 5785 υ
1800 5751 1965 5810 Hebr.
2001 5768 2074 5821 vl,

2178 5762 2206 5814 ὀ
2280 5754 2325 5788 δ’
2359 5753 2551 5812 lPetr.
2581 5769 2643 5823 ιι,
2667 5754 2761 5813 25.
2836 5755 2917 5809 ⁸³1
2946 5754 3103 5813 Joan.
