3862 6206
112 326 206 383 455

1115 329 1183 383 ΙΝ
1221 327 1503 384 JOANNIS
1536 328 1979 386 EVANGELIUM
2018 329 2149 384 LIB.
2189 331 2259 385 Χ.

3221 333 3328 395 454

110 443 206 513 ἄρα
231 445 287 514 τῇ
309 442 424 497 καθ’
458 445 604 514 ἡμᾶς
633 443 917 515 οἰκονομίᾳ
946 446 1327 513 κατεφαίνετο,
1362 445 1424 498 τὸ
1452 447 1547 498 καὶ
1571 447 1652 507 εἰς

1776 453 2026 514 Inatenus
2072 459 2202 500 vero
2239 447 2380 500 Deus
2407 460 2472 500 ac
2517 445 2786 504 Dominus
2829 447 3132 504 secundum
3164 460 3324 505 natu-

111 535 289 597 αὐτοὺς
305 536 445 604 ἡμᾶς
467 535 735 604 ἀναϐῆναι
756 537 883 598 τοὺς
911 536 1200 607 οὐρανοὺς,
1221 537 1296 598 ὡς
1321 539 1380 589 ἐν
1401 537 1648 607 ἀπαρχῇ,

111 626 196 678 καὶ
232 625 419 696 πρώτῳ
444 625 684 696 Χριστῷ.
719 626 1031 698 Πρόδρομος
1062 628 1171 698 γάρ
1209 630 1304 681 καί¹
1342 630 1419 690 είς
1455 629 1652 692 αὐτοὺς

111 716 410 786 ἀνελήλυθεν
442 718 581 789 ὑπὲρ
615 718 771 788 ήμῶν
793 759 808 782 ,
860 718 936 782 ὣς
970 737 1074 772 που
1107 721 1201 774 καί
1230 721 1392 784 αὐτός
1425 738 1592 789 φησιν
1624 723 1652 772 ὁ

114 807 372 872 θεσπέσιος
430 807 664 871 Παῦλος.
722 809 833 862 Καὶ
948 811 1046 880 μὲν
1094 811 1402 882 ἄνθρωπος,
1451 815 1653 866 νοεῖται

111 896 256 967 τυχὸν
287 899 567 968 ἀρχιερεὺς
588 898 667 953 ἔτι
690 899 799 952 τῶν
832 901 1119 972 ἡμετέρων
1147 901 1336 972 ψυχῶν
1359 903 1452 956 καὶ
1479 903 1655 974 παρὰ-

111 989 308 1060 κλητος,
339 992 432 1043 καλ⁸
465 991 692 1061 ἱλασμός
712 992 851 1064 ὑπὲρ
876 992 987 1046 τῶν
1017 993 1305 1066 ἡμετέρων
1329 995 1615 1066 ἁμαρτιῶν
1637 1009 1653 1026 ·

109 1073 139 1151 ᾖ
174 1080 228 1132 δέ
259 1080 383 1143 Θεὸς
431 1083 525 1135 καί
565 1083 770 1153 Κύριος
811 1083 954 1137 κατά
1005 1083 1204 1153 φύσιν,
1259 1085 1512 1158 σύνεδρος
1575 1085 1656 1156 τῷ

113 1171 216 1241 ἰδίῳ
245 1173 559 1243 Γεννήτορι,
611 1175 748 1228 ἀλλά
785 1176 882 1230 καὶ
935 1179 1016 1241 είς
1054 1179 1202 1248 ἡμᾶς
1248 1179 1447 1242 αὐτοὺς
1504 1180 1656 1232 οὐδὲν

107 1259 256 1332 ἧττον
280 1263 464 1328 πάλιν,
506 1265 601 1317 καὶ¹
631 1267 664 1336 ἡ
709 1268 774 1320 ἐκ
808 1265 1001 1320 τούτου
1033 1268 1352 1338 διαϐήσεται
1385 1269 1534 1336 δόξα.
1564 1269 1657 1323 Διό

110 1355 196 1407 καὶ
220 1353 416 1418 Παῦλος
450 1354 602 1424 ἔλεγε
629 1357 758 1425 περὶ
783 1356 878 1410 τοῦ
913 1358 1126 1429 Πατρός
1149 1376 1164 1390 ο
1201 1377 1221 1411 ι
1255 1360 1375 1413 Ὀτι
1415 1363 1507 1412 καὶ
1537 1377 1660 1414 συν-

107 1446 306 1516 ήγειρε,
343 1446 436 1499 καὶ
473 1448 826 1501 συνεκάθισεν
860 1449 1010 1519 ἡμᾶς
1052 1450 1113 1502 ἐν
1158 1451 1272 1512 τοῖς
1314 1449 1661 1520 ἐπουρανίοις

106 1539 163 1590 ὲν
189 1537 424 1608 Χριστῷ.
472 1557 492 1590 ι
534 1539 948 1612 Τετελεσμένων
981 1536 1077 1594 οὖν
1121 1540 1230 1612 ἄρα
1265 1541 1376 1595 τῶν
1426 1544 1519 1595 ἐπὶ
1564 1543 1663 1612 τῆς

107 1630 224 1700 γῆς.
258 1630 314 1682 τὸ
337 1629 643 1695 ἐλλελοιπὸς
667 1631 776 1685 ἔδει
809 1633 1071 1704 πληροῦν,
1093 1633 1236 1687 τοῦτ’
1264 1633 1400 1701 ἔστι,
1433 1635 1494 1688 τὸ
1530 1636 1662 1690 ἀνα-

107 1722 262 1791 ϐῆναι
297 1723 430 1794 πρὸς
473 1723 564 1776 τόν
593 1724 833 1796 Πατέρα.
884 1725 984 1778 Διά
1035 1725 1193 1779 τοῦτό
1239 1743 1372 1797 φησι
1400 1745 1414 1757 ·
1458 1747 1476 1778 ι
1513 1728 1665 1798 Συμ-

1759 551 1873 590 ram
1903 579 1913 600 ,
1943 553 2068 592 cum
2111 537 2273 593 Patre
2323 537 2606 604 considet,
2651 539 2745 593 sed
2799 540 3154 598 nihilosecius
3210 542 3326 596 haec

1760 628 1826 682 ad
1877 645 1976 684 nos
2023 631 2196 701 gloria
2248 630 2563 700 pertinebit.
2603 629 2760 687 Unde
2804 640 2857 686 et
2896 631 3099 687 Paulus
3150 635 3328 688 aiebat

1762 725 1827 777 de
1855 723 2014 778 Patre
2047 743 2059 778 :
2098 743 2117 770 ε
2149 726 2288 790 Quia
2317 734 2370 779 et
2419 726 2915 790 conresuscitavit,
2945 735 2998 781 et
3031 728 3329 783 consedere

1762 816 1893 870 fecit
1921 832 2018 872 nos
2051 817 2105 870 in
2133 817 2456 872 cmlestibus
2492 819 2548 872 in
2581 817 2801 873 Christo
2823 819 2912 872 ιδ’.
2959 837 2976 868 ι
3010 817 3146 873 Cum
3189 834 3321 888 ergo

1763 909 1945 962 omnia
1977 925 2101 976 quae
2148 911 2206 964 in
2246 910 2406 965 terris
2459 908 2830 979 dispensanda
2866 920 3025 965 erant
3064 926 3328 965 consum-

1762 1005 1994 1066 masset,
2021 999 2265 1054 restabat
2305 1006 2366 1054 ut
2394 1001 2538 1070 quod
2570 1002 2758 1056 deerat
2805 1001 3074 1071 impleret,
3132 1017 3330 1070 nempe

1763 1099 1823 1144 ut
1857 1090 2179 1147 ascenderet
2209 1092 2276 1146 ad
2305 1090 2542 1148 Patrem.
2569 1093 2838 1160 Quocirca
2868 1095 2946 1148 ait
2983 1113 2996 1149 :
3046 1113 3064 1145 ι
3098 1092 3332 1162 Expedit

1763 1183 1922 1238 vobis
1988 1191 2048 1237 ut
2109 1199 2210 1254 ego
2257 1183 2475 1239 vadam.
2521 1183 2577 1238 Si
2612 1186 2756 1241 enim
2807 1201 2910 1257 ego
2956 1201 3065 1240 non
3115 1185 3328 1250 abiero,

1764 1273 2084 1331 Paracletus
2139 1292 2249 1332 non
2295 1278 2478 1332 veniet
2528 1277 2596 1331 ad
2644 1293 2764 1334 vos.
2804 1297 2822 1328 ι
2878 1279 3121 1349 Agedum
3174 1294 3328 1347 ergo,

1767 1367 1929 1420 aliam
1953 1368 2245 1438 quamdam
2278 1369 2716 1424 observationem
2759 1368 3105 1440 proferamus
3141 1371 3330 1424 utilem

1765 1475 1920 1529 aeque
1951 1475 2013 1513 ac
2043 1475 2251 1514 veram.
2287 1459 2514 1516 Peracta
2545 1462 2764 1516 demum
2793 1473 2949 1516 erant
2979 1462 3162 1517 omnia
3211 1477 3335 1531 quae

1770 1553 1823 1606 in
1858 1553 2026 1608 terris
2057 1552 2432 1624 dispensanda
2471 1564 2664 1618 erant,
2706 1555 2868 1610 sicuti
2925 1555 3088 1610 modo
3133 1571 3338 1610 assere-

1769 1644 2002 1709 banins;
2037 1644 2132 1700 sed
2162 1646 2451 1713 oportebat
2492 1647 2720 1700 omnino
2755 1646 2863 1700 ﬁeri
2895 1662 2996 1702 nos
3048 1656 3336 1701 consortes

1770 1743 1824 1785 et
1853 1733 2052 1786 divin-.2
2092 1731 2257 1788 Verbi
2291 1742 2502 1788 natura:
2549 1736 2846 1804 participes
2872 1734 2914 1764 “
2939 1773 2954 1798 ,
3012 1750 3106 1789 seu
3145 1742 3342 1789 nostra

108 1813 255 1884 φέρει
286 1815 410 1884 ὑμῖν
462 1814 549 1868 ἴνα
578 1815 689 1882 ἐγὼ
725 1815 968 1871 ἀπέλθω.
1010 1817 1134 1870 Ἐὰν
1163 1819 1273 1888 γὰρ
1314 1819 1390 1889 μὴ
1420 1817 1661 1884 ἀπέλθω,

1776 1824 1874 1877 vita
1901 1824 2091 1879 relicta
2124 1824 2179 1880 in
2207 1827 2370 1880 aliam
2400 1828 2700 1896 quamdam
2739 1824 3128 1880 transformari
3175 1838 3230 1880 et
3269 1825 3335 1878 ad

106 1907 134 1956 ό
179 1905 526 1976 Παράκλητος
582 1908 641 1960 οὑ
690 1909 763 1978 μὴ
799 1908 927 1980 ἔλθῃ
981 1909 1117 1982 πρός
1167 1910 1332 1980 ὑμᾶς.
1377 1929 1395 1962 ι
1431 1911 1565 1981 Φέρε
1599 1910 1664 1981 δή

107 2013 157 2048 τι
185 1999 277 2050 καὶ
311 1997 446 2067 πρὸς
477 1997 686 2062 τούτοις
735 2000 923 2070 ἓτερον
971 2001 1280 2071 ἐπινοῶμεν
1311 2004 1423 2065 τοῖς
1455 2001 1670 2073 θεωρή-

109 2104 241 2156 μασι
271 2090 538 2159 χρήσιμόν
566 2107 625 2142 τε
658 2091 751 2143 καὶ
784 2090 1002 2161 ἀληθές.
1031 2092 1378 2164 Κατώρθωτο
1421 2094 1520 2162 μέν
1559 2094 1668 2164 γὰρ

107 2179 316 2232 ἅπαντα
345 2180 529 2233 λοιπὸν
566 2181 634 2234 τά
667 2183 760 2234 ἐπὶ
786 2181 885 2252 τῆς
925 2184 1049 2253 γῆς,
1079 2183 1332 2256 καθάπερ
1371 2185 1568 2255 ἀμέλει
1600 2185 1672 2238 δι-

105 2272 494 2340 εϐεϐαιούμεθα
522 2275 672 2326 νυνί·
709 2274 846 2344 χρῆν
889 2275 946 2328 δὲ
987 2274 1051 2346 δὴ
1102 2276 1323 2339 πάντως
1378 2278 1672 2340 κοινωνοὺς

104 2365 248 2433 ἡμᾶς
303 2363 395 2416 καὶ
440 2365 700 2434 μετόχους
745 2365 998 2434 γενέσθαι
1043 2367 1142 2437 τῆς
1187 2369 1337 2430 θείας
1372 2367 1466 2420 τοῦ
1497 2367 1671 2434 Λόγου

103 2455 338 2523 φύσεως,
369 2456 513 2526 ῆπερ
536 2458 632 2526 τὴν
663 2459 872 2512 οἰκείαν
903 2458 1146 2525 ἀφέντας
1168 2459 1314 2532 ζωὴν
1353 2461 1434 2520 είς
1477 2460 1672 2530 ἑτέραν

106 2548 646 2618 μετασκευάζεσθαι,
701 2551 794 2602 καὶ
854 2549 990 2621 πρὸς
1039 2550 1336 2620 καινότητα
1399 2550 1673 2614 πολιτείας

103 2639 644 2710 μεταστοιχειοῦσθαι
669 2641 771 2703 τῆς
803 2639 1090 2710 θεοφιλοῦς
1112 2657 1126 2670 ·
1167 2641 1286 2693 ἀλλ’
1325 2637 1394 2711 ἦν
1429 2641 1530 2711 οὐχ
1557 2641 1674 2694 ἐτέ-

99 2749 216 2802 ρως
265 2732 527 2786 δύνασθαι
561 2733 752 2786 τούτου
783 2736 1008 2803 τυχεῖν,
1058 2733 1107 2784 εί
1163 2733 1237 2803 μὴ
1289 2733 1377 2787 διὰ
1425 2736 1523 2804 τῆς
1575 2732 1672 2786 τοῦ

96 2824 260 2892 ἁγίου
304 2823 621 2893 Πνεῦματος
653 2825 941 2889 κοινωνίας
991 2842 1051 2878 τε
1103 2827 1196 2878 καὶ
1255 2826 1567 2896 μετουσίας.
1607 2826 1674 2878 ὐ

93 2933 160 2968 τε
204 2917 312 2986 μὴν
367 2916 817 2986 πρεπωδέστατός
868 2934 927 2970 τε
969 2918 1062 2970 καὶ
1116 2917 1452 2980 οἰκειότατος
1485 2916 1676 2988 καιρὸς

94 3011 166 3078 τῇ
215 3007 311 3060 τοῦ
344 3007 661 3078 Πνεῦματος
704 3009 1010 3078 ἀποστολῇ,
1058 3010 1151 3061 καὶ
1194 3007 1404 3078 καθόδῳ
1441 3010 1507 3076 τῇ
1539 3007 1676 3078 πρὸς

1769 1917 2068 1970 novitatem
2127 1919 2230 1987 piae
2286 1919 2730 1973 conversationis
2789 1918 3090 1973 instaurari
3141 1915 3336 1987 :quod

1770 2007 1932 2060 aliter
1986 2024 2152 2078 quam
2211 2009 2633 2077 participatione
2693 2010 2872 2062 sancti
2925 2008 3168 2077 Spiritus
3220 2007 3335 2061 ﬁeri

1770 2115 1878 2153 non
1925 2108 2156 2166 poterat.
2190 2098 2429 2168 Tempus
2473 2108 2655 2154 autem
2706 2100 2942 2154 maxime
2970 2108 3339 2168 opportunum

1773 2191 2022 2245 missioni
2067 2188 2309 2262 Spiritus
2335 2231 2350 2255 ,
2392 2199 2448 2246 et
2493 2191 2614 2256 ejus
2653 2192 2707 2244 in
2747 2207 2847 2246 nos
2889 2191 3108 2261 illapsui
3136 2229 3153 2252 .
3206 2189 3347 2243 illud

1772 2291 1887 2335 erat
1933 2279 2078 2352 quod
2099 2282 2408 2337 discessum
2438 2281 2645 2336 Christi
2676 2281 2848 2335 nostri
2881 2280 3197 2335 Servatoris
3241 2296 3342 2334 ex-

1771 2373 1934 2442 cepit.
1974 2371 2110 2427 Nam
2141 2373 2388 2442 quandiu
2425 2373 2681 2428 Christus
2715 2387 2838 2426 cum
2870 2372 3122 2426 lidelibus
3162 2371 3346 2424 adimo

1772 2463 1827 2517 in
1857 2479 2024 2518 carne
2052 2463 2396 2526 versabatur,
2427 2465 2630 2525 omnis,
2663 2471 2723 2516 ut
2760 2477 2905 2524 reor,
2951 2463 3079 2516 boni
3118 2461 3345 2531 largitor

1772 2555 1854 2609 eis
1893 2556 2191 2625 apparebat
2233 2573 2248 2611 :
2297 2571 2490 2611 verum
2534 2554 2627 2608 ubi
2679 2553 2745 2607 ad
2796 2555 3076 2608 cmlestcm
3128 2553 3343 2606 Patrem

1775 2647 2108 2703 ascendendi
2157 2654 2374 2716 tempus
2412 2653 2466 2700 et
2497 2647 2802 2701 necessitas
2842 2645 3037 2703 adfuit.
3070 2644 3348 2713 quomodo

1778 2753 1886 2792 non
1928 2738 2218 2808 oportebat
2261 2753 2388 2792 eum
2420 2737 2728 2792 cultoribus
2763 2737 2879 2790 suis
2928 2751 3027 2805 per
3075 2734 3350 2805 Spiritum

1777 2834 1995 2894 adesse,
2027 2840 2080 2886 et
2113 2846 2212 2901 per
2249 2829 2410 2885 ﬁdem
2440 2831 2496 2883 in
2533 2831 2738 2884 nostris
2773 2829 3036 2882 cordibus
3069 2828 3345 2889 habitare,

1780 2934 1840 2978 ut
1870 2924 2050 2992 ipsum
2096 2922 2363 2976 habentes
2401 2921 2458 2975 in
2500 2920 2662 2974 nobis
2685 2963 2700 2986 ,
2735 2935 2859 2973 cum
2909 2919 3108 2972 ﬁducia
3140 2919 3350 2972 clama-

1780 3027 1966 3067 remus
1996 3029 2010 3066 :
2042 3028 2061 3061 ι
2095 3011 2270 3072 Abba,
2301 3009 2465 3065 Pater
2486 3010 2554 3072 ⁸⁸,
2595 3029 2613 3061 ι
2650 3017 2702 3064 et
2733 3008 2798 3062 ad
2844 3024 3060 3062 onmem
3091 3009 3352 3061 virtutem

94 3101 255 3169 ἡμᾶς
280 3141 296 3162 ,
329 3101 534 3161 ἐκεῖνος
564 3095 630 3168 ἦν
661 3099 770 3170 ἄρα
808 3099 995 3153 λοιπὸν
1047 3101 1340 3170 είστρέχων
1382 3100 1673 3168 εὐκαίρως,

93 3195 127 3243 ὁ
161 3191 306 3261 μετά
345 3191 443 3260 τὴν
474 3190 724 3244 ἐντεῦθεν
762 3192 1074 3262 ἀποδημίαν
1109 3191 1205 3244 τοῦ
1241 3191 1491 3260 Σωτῆρος
1521 3189 1678 3260 ἡμῶν

94 3281 366 3352 Χριστοῦ.
407 3280 590 3334 Συνὼν
628 3281 729 3351 μὲν
768 3283 879 3352 γὰρ
913 3283 992 3335 ἔτι
1031 3284 1172 3352 μετά
1206 3282 1409 3352 σαρκὸς
1439 3283 1534 3334 καὶ
1568 3284 1681 3344 τοῖς

91 3373 459 3426 πιστεύουσιν
477 3374 556 3436 εἰς
587 3373 771 3437 αὑτὸν,
801 3374 1028 3437 παντὸς,
1068 3368 1242 3443 οἶμαι,
1268 3373 1501 3444 χορηγός
1543 3374 1682 3441 ἀγα-

95 3464 202 3518 θοῦ
243 3464 593 3517 ἀνεδείκνυτο
620 3480 634 3493 ⁸
661 3463 775 3518 ἀλλ’
805 3463 1033 3534 ἐπείπερ
1070 3463 1232 3516 αὑτὸν
1256 3461 1684 3531 ἁνακομίζεσθαι

89 3547 218 3609 δεῖν
243 3556 380 3625 πρὸς
411 3555 503 3609 τὸν
532 3557 589 3607 ἐν
617 3557 732 3615 τοῖς
754 3557 1003 3626 οὐρανοῖς
1038 3555 1255 3625 Πατέρα
1281 3553 1471 3623 καιρός
1499 3552 1684 3605 ἐκάλει

92 3647 200 3699 καὶ
230 3647 414 3716 χρεία.
444 3645 559 3710 πῶς
583 3649 685 3699 οὐκ
715 3645 821 3698 ἔδει
856 3649 1092 3698 συνεῖναι
1123 3645 1210 3698 διὰ
1242 3644 1336 3697 τοῦ
1368 3645 1686 3714 Πνεύματος

89 3739 221 3798 τοῖς
254 3737 576 3807 σεϐομένοις
610 3736 794 3803 αὐτὸν,
829 3739 924 3790 καὶ
955 3739 1188 3789 ἐνοικεῖν
1215 3739 1273 3788 ἐν
1294 3737 1416 3798 ταῖς
1436 3734 1688 3806 καρδίαις

91 3825 270 3895 ἡμῶν
311 3827 401 3879 διὰ
435 3829 533 3900 τῆς
575 3827 814 3890 πίστεως
841 3869 856 3892 ,
895 3827 963 3880 ἵν’
998 3827 1162 3880 αὐτὸν
1202 3826 1418 3896 ἔχοντες
1468 3826 1526 3878 ἐν
1555 3827 1687 3878 ἑαυ-

87 3920 222 3979 τοῖς
247 3958 262 3979 ,
310 3917 449 3986 μετά
483 3918 796 3989 παρρησίας
838 3917 1132 3989 κράζωμεν
1153 3935 1166 3949 ο
1208 3938 1226 3970 ι
1278 3917 1484 3981 Ἀϐϐἄ,
1518 3919 1546 3969 ὁ
1581 3917 1668 3970 Παη

1793 3923 2020 3988 insiliet,
2047 3922 2246 3990 inquit,
2262 3936 2425 3990 super
2444 3928 2496 3974 te
2528 3919 2764 3988 Spiritus
2789 3916 3024 3976 Domini,
3050 3922 3109 3969 et
3130 3913 3361 3969 verteris

89 4010 237 4078 τὴρ,
278 4025 296 4056 ι
345 4006 604 4077 καὶπρὸς
642 4009 824 4061 πᾶσαν
855 4007 1093 4068 εὐκόλως
1131 4006 1309 4077 ῖοιμεν
1335 4007 1558 4076 ἀρετὴν,
1597 4023 1666 4058 κα

1792 4011 1847 4066 in
1886 4013 2066 4066 virum
2116 4012 2282 4065 alium
2307 4011 2373 4065 δσ.
2413 4031 2432 4062 ι
2470 4009 2667 4064 Beatus
2702 4016 2880 4062 autem
2915 4005 3158 4058 Paulus:
3195 4023 3214 4055 ι
3251 4000 3368 4058 Nos

89 4101 349 4169 προσέτι
379 4099 574 4169 τούτῳ,
607 4099 823 4153 δυνατοί
847 4116 907 4151 τε
935 4102 1029 4152 καὶ
1054 4098 1259 4168 ἄμαχοι
1298 4098 1434 4168 πρὸς
1469 4097 1570 4160 τὰς
1593 4096 1668 4148 τοί

1793 4120 1922 4159 vero
1952 4119 2166 4166 omnes,
2201 4104 2436 4158 revelata
2465 4102 2605 4156 facie
2645 4101 2874 4170 gloriam
2910 4097 3125 4152 Domini
3158 4111 3359 4166 specu-

87 4194 369 4249 διαϐόλου
415 4192 693 4262 μεθοδείας
719 4189 1122 4262 εὑρισκὼμεθα,
1157 4189 1369 4252 καὶτὰς
1401 4188 1460 4252 ἐξ
1485 4186 1668 4258 ἀνθρώ

1795 4196 2011 4258 lantes,
2072 4194 2128 4247 in
2176 4193 2421 4248 eamdem
2476 4191 2768 4261 imaginem
2834 4186 3291 4242 transformamur
3330 4199 3372 4238 α

87 4303 232 4340 πων
289 4285 729 4348 ἐπαναστάσεις,
781 4285 877 4338 ἀτε
930 4283 994 4354 δὴ
1043 4283 1135 4335 καὶ
1168 4281 1232 4334 τὸ
1282 4281 1460 4334 πάντα
1513 4278 1668 4348 ίσχύο·

1795 4286 2051 4340 claritate
2089 4285 2145 4339 in
2173 4284 2504 4347 claritatem,
2535 4291 2796 4349 tanquam
2825 4294 2854 4332 a
2881 4278 3094 4332 Domini
3129 4276 3358 4346 Spiritu.

83 4382 335 4447 ἔχοντες
373 4374 630 4445 Πνεῦμα;
659 4376 782 4428 ’Ότι
809 4375 917 4445 γὰρ
951 4375 1031 4436 είς
1059 4373 1254 4443 ἑτέραν
1282 4372 1406 4424 τινά
1434 4371 1660 4441 μεθίστη

1799 4376 2064 4430 Dominus
2091 4383 2272 4428 autem
2307 4371 2547 4444 Spiritus
2582 4382 2666 4426 est
2690 4371 2758 4424 "".
2799 4388 2817 4421 ι
2851 4367 3018 4422 Vides
3040 4375 3098 4420 ut
3126 4365 3380 4436 Spiritus

85 4486 195 4520 σιν
230 4467 351 4530 saw
389 4467 516 4530 τοὺς
572 4468 630 4518 ἐν
671 4460 752 4529 οἷς
797 4464 864 4518 ἂν
905 4464 1114 4533 γένοιτο
1159 4463 1251 4516 καὶ
1297 4463 1598 4531 κατοικήσῃ
1634 4477 1668 4512 τη

1803 4467 2157 4522 transformet
2186 4465 2595 4536 quodammodo
2644 4464 2697 4517 in
2740 4462 2903 4516 aliam
2947 4459 3237 4529 imaginem
3269 4473 3369 4512 eos

84 4560 347 4629 Πνεῦμα
376 4599 392 4623 ,
443 4559 538 4611 καὶ
580 4558 658 4620 εἰς
700 4556 996 4626 καινότητα
1021 4556 1077 4609 δὲ
1129 4554 1494 4624 μεταπλάττει
1522 4552 1666 4620 ζωῆς

1802 4563 1855 4614 in
1888 4560 2092 4631 quibus
2143 4557 2455 4612 inhabitat?
2499 4554 2788 4610 'l'ransfert
2836 4553 2981 4608 enim
3019 4551 3180 4606 facile
3211 4566 3241 4604 a
3275 4565 3368 4603 re-

85 4651 232 4714 πῶς
261 4651 327 4702 οὺ
359 4650 553 4720 ῥᾳδίως
583 4647 824 4718 ἐπιδείξῃ
856 4665 940 4711 τις
964 4645 1053 4712 ἂν,
1093 4645 1199 4698 ἀπό
1236 4662 1294 4697 τε
1319 4643 1420 4712 τῆς
1465 4643 1668 4712 ἀρχαία

1801 4667 1924 4705 rum
1952 4661 2292 4705 terrenarum
2318 4663 2482 4703 sensu
2517 4647 2581 4700 ad
2615 4643 2914 4715 spectanda
2949 4644 3126 4697 solum
3154 4657 3216 4696 ea
3244 4656 3370 4711 quae

82 4744 210 4798 καὶ
254 4741 391 4804 νέας
431 4741 682 4811 Γραφῆς;
726 4740 784 4790 '0
827 4740 925 4808 μὲν
964 4738 1071 4809 γὰρ
1102 4737 1385 4798 θεσπέσιος
1422 4733 1668 4803 Σαμουὴλ

1802 4753 1930 4797 sunt
1957 4743 2012 4796 in
2037 4742 2220 4804 caelis,
2259 4747 2314 4795 et
2340 4755 2404 4794 ex
2434 4737 2642 4792 imbelli
2680 4735 2969 4789 timiditate
2991 4735 3056 4787 ad
3085 4740 3368 4788 strenuam

80 4839 202 4889 ὅτε
259 4834 397 4896 τοὺς
435 4832 571 4902 πρὸς
616 4831 707 4883 τὸν
747 4829 920 4882 Σαοὺλ
962 4830 1197 4880 ἐποιεῖτο
1254 4826 1478 4893 λόγους·
1531 4843 1547 4874 ι
1592 4825 1668 4876 Κσ

1803 4841 1858 4887 et
1888 4828 2372 4901 generosissimam
2402 4827 2508 4882 vim
2543 4826 2732 4880 animi.
2763 4822 2949 4893 Neque
2978 4839 3105 4877 vero
3141 4822 3370 4876 dubium

77 4923 438 4991 ὲιραλεῖται,
469 4922 651 4989 φησὶν,
688 4921 781 4974 ἐπὶ
810 4920 869 4972 σέ
899 4920 1124 4990 Πνεῦμα
1155 4920 1384 4989 Κυρίου,
1410 4917 1505 4970 καὶ
1538 4932 1668 4987 στρα

1803 4931 1889 4978 est
1922 4922 2054 4990 quin
2085 4920 2160 4974 ita
2194 4918 2416 4973 allectos
2451 4917 2791 4986 reperiamus
2829 4915 3142 4984 discipulos
3192 4923 3246 4969 et
3292 4915 3374 4968 sic

77 5019 276 5087 φήσῃ
323 5015 406 5076 είς
449 5015 615 5083 ἄνδρα
661 5012 838 5067 ἄλλον.
879 5033 897 5064 ι
941 5013 1000 5066 '0
1043 5012 1098 5065 δὲ
1153 5012 1422 5082 μακάριος
1457 5008 1668 5071 Παῦλος

1807 5029 1903 5084 per
1934 5012 2199 5082 Spiritum
2251 5009 2608 5065 conﬁrmatos
2633 5048 2647 5072 ,
2682 5014 2742 5060 ut
2794 5005 3239 5075 persequentium
3285 5005 3372 5056 in-

86 5131 120 5163 ς
183 5108 395 5178 Ἡμεῖς
421 5107 478 5160 δὲ
511 5108 714 5171 πάντες
755 5105 1265 5175 ἀνακεκαλυμμένῳ
1302 5102 1580 5175 προσώπῳ
1609 5102 1707 5173 τὴν

72 5200 286 5264 δόξαν
314 5199 526 5268 Κυρίου
558 5198 1066 5268 κατοπτριζόμενοι,
1093 5198 1172 5258 εἰς
1199 5197 1298 5266 τὴν
1325 5194 1494 5263 αὐτὴν
1519 5193 1706 5245 εἰκόνα

77 5291 678 5363 μεταμορφούμεθα,
727 5292 835 5344 ἀπὸ
875 5289 1032 5361 δόξης
1072 5291 1150 5351 εἰς
1206 5288 1399 5352 δόξαν,
1449 5285 1701 5354 καθάπερ

69 5385 227 5440 ἀπὸ
276 5384 492 5454 Κυρίου
539 5383 877 5454 Πνεῦματος.
920 5383 980 5436 Ὁ
1026 5381 1082 5433 δὲ
1129 5381 1333 5450 Κύριος
1375 5379 1437 5432 τὸ
1479 5378 1668 5447 Πνεῦμ

1814 5379 1986 5433 cmlos
2017 5385 2276 5432 revertar.
2317 5395 2335 5427 ι
2367 5373 2606 5445 Tempus
2641 5374 2784 5428 enim
2819 5372 2950 5425 illud
2979 5381 3099 5425 erat
3148 5369 3381 5422 descen-

66 5482 298 5534 ἐστιν.
345 5496 364 5528 ι
421 5477 584 5549 Ὁρᾷς
635 5478 716 5530 ὅτι
764 5476 1130 5545 μεταπλὰττει
1184 5474 1246 5526 τὸ
1294 5473 1519 5542 Πνεῦμα
1572 5471 1668 5541 πρῆ

1816 5470 1928 5524 suri
1972 5468 2236 5537 Spiritus.

66 5573 326 5642 ἑτέραν
373 5572 563 5641 ὥσπερ
594 5571 814 5636 εἰκόνα,
846 5572 972 5633 τοὺς
1003 5571 1062 5622 ἐν
1092 5563 1172 5632 οἷς
1218 5568 1286 5622 ἂν
1321 5569 1568 5636 φαίνοιτο
1611 5564 2001 5619 καταυλισθέν·
2034 5562 2338 5632 Μεθίστησι
2386 5561 2494 5632 γὰρ
2563 5558 2799 5620 εὐκόλως
2860 5555 2970 5610 ἀπὸ
3011 5555 3104 5609 τοῦ
3167 5554 3385 5625 φρονεῖν

1787 3103 1947 3158 facile
1997 3117 2392 3167 curreremus,
2451 3118 2513 3156 ac
2552 3111 2814 3171 pneterea
2860 3110 3112 3170 potentes
3158 3112 3212 3154 et
3263 3101 3349 3154 in-

1785 3195 1914 3247 victi
1958 3194 2222 3248 adversus
2253 3192 2458 3246 diaboli
2515 3192 2748 3246 insidias
2799 3201 2853 3245 et
2893 3191 3132 3246 insultus
3170 3191 3352 3244 homi-

1785 3301 1915 3338 num
1945 3284 2335 3353 reperiremur,
2365 3292 2425 3337 ut
2455 3282 2547 3351 qni
2582 3282 3042 3351 cunctipotentem
3085 3279 3353 3349 Spiritum

1788 3374 2124 3430 habeamus?
2150 3374 2304 3441 Quod
2336 3375 2479 3428 enim
2511 3375 2564 3427 in
2597 3373 2762 3426 alium
2789 3372 3076 3440 quemdam
3109 3370 3351 3424 habitum

1787 3465 2146 3520 transformet
2199 3479 2296 3518 eos
2349 3463 2405 3517 in
2461 3463 2662 3532 quibus
2711 3460 2876 3514 fuerit
2929 3467 2982 3513 et
3033 3457 3356 3512 inhabitarit

1790 3558 2071 3626 Spiritus,
2134 3569 2341 3626 eosque
2409 3554 2466 3608 in
2521 3554 2818 3608 novitatem
2875 3552 3002 3604 vitm
3057 3556 3368 3609 restauret,

1790 3663 1972 3702 nonne
2005 3647 2167 3702 facile
2196 3655 2280 3701 est
2309 3645 2511 3709 cuivis,
2545 3660 2669 3698 cum
2702 3660 2769 3697 ex
2810 3643 3012 3696 veteris
3042 3649 3154 3692 tum
3203 3655 3360 3692 ιιιιντιι

1791 3739 2092 3809 Scriptura:
2132 3737 2468 3794 testimoniis
2514 3734 2856 3789 ostendere?
2898 3732 3125 3784 Divinus
3157 3730 3359 3798 quippe

1788 3831 1954 3901 920
1979 3828 2202 3884 Samuel
2234 3844 2358 3885 cum
2390 3829 2455 3882 ad
2495 3827 2708 3881 Saulem
2735 3825 2896 3879 verba
2952 3823 3194 3877 faceret:
3234 3838 3253 3872 ι
3294 3821 3358 3874 Et

1809 5105 2065 5160 cursibus
2094 5116 2438 5172 nequaquam
2471 5101 2847 5162 vincerentur,
2881 5099 2976 5152 sed
3007 5097 3288 5151 dilectioni
3320 5097 3378 5150 in

1809 5195 2090 5250 Christum
2129 5191 2413 5246 mordicus
2456 5191 2826 5244 adhaererent.
2859 5186 3059 5241 Verum
3093 5186 3260 5256 igitur
3292 5192 3376 5239 cst

1810 5288 1960 5358 quod
2000 5286 2078 5339 ait
2120 5283 2381 5340 Servatur
2422 5302 2435 5338 :
2474 5302 2491 5333 ι
2529 5281 2758 5351 Expedit
2808 5280 2965 5334 vobis
3035 5286 3094 5330 ιιι
3163 5291 3264 5343 ego
3310 5275 3384 5326 ad

187 5750 262 5781 η’
296 5747 500 5820 Ephes.
544 5766 601 5813 ιι,
635 5749 688 5802 ti.
767 5749 804 5779 “
830 5745 868 5799 ll
898 5745 1036 5801 l‘ctt'.
1076 5761 1112 5810 ι,
1154 5744 1203 5798 ιι.
1289 5742 1532 5796 “Galat.
1581 5757 1650 5805 tv,

1822 5739 1903 5792 "I
1940 5737 2071 5807 Reg.
2115 5754 2169 5803 κ,
2211 5738 2262 5790 6.
2343 5738 2381 5764 ’⁸⁷
2409 5735 2450 5790 ιι
2486 5736 2610 5789 Cor.
2651 5751 2732 5798 ιιι,
2775 5732 2870 5794 l7.
2915 5730 2998 5784 18.
