3862 6206
495 279 603 337 455
1449 282 1506 337 S.
1546 281 1822 338 CYRlLLl
1860 281 2330 338 ALEXANDRINI
2367 283 2687 341 ARCHIEP.
3661 284 3760 339 $36

495 395 699 450 ἐθέλειν
728 394 794 449 τά
845 395 938 448 ἐπὶ
978 394 1075 466 τῆς
1103 394 1207 466 γῆς
1227 435 1241 458 ,
1275 395 1354 458 είς
1383 395 1446 449 τὸ
1476 395 1614 466 μόνα
1647 395 1865 466 βλέπειν
1898 395 1967 450 τὰ
2001 397 2059 448 ἐν
2095 395 2365 466 οὐρανοῖς,
2397 397 2490 450 καὶ
2523 397 2580 463 ἐξ
2614 396 2878 468 ἀνάνδρου
2933 395 3158 459 δειλίας,
3206 396 3286 460 είς
3341 396 3762 466 εὐτολμοταττει

495 497 752 549 διάνοιαν.
788 493 911 547 Ὀτι
952 493 1010 546 δὲ
1036 493 1284 557 καὶτοὺς
1313 493 1564 566 μαθητάς
1605 496 1762 550 τοῦτο
1791 497 2065 560 παθόντας
2097 497 2427 568 εὑρήσομεν,
2461 496 2553 550 καὶ
2582 496 3056 568 κεχαλκευμένους
3093 494 3180 548 διά
3237 493 3332 545 τοῦ
3401 490 3758 561 Πνεύματος.

495 593 573 654 είς
599 590 658 642 τὸ
702 590 840 662 μήτε
869 589 966 651 τὰς
1013 590 1122 643 τῶν
1162 591 1469 646 διωκόντων
1501 594 1904 658 ἐπαναστάσεις
1932 595 2230 666 κατανικᾷν
2255 595 2352 666 (i),
2414 594 2552 650 ἀλλά
2595 595 2690 648 καὶ⁸
2725 595 2825 664 τῆς
2891 595 2970 656 εἰς
3011 588 3245 662 Χριστὸν
3313 585 3547 656 ἀγάπης
3590 584 3761 653 ἀπρὶξ

495 682 819 752 ἐχομένους,
865 682 1163 753 οὐδαμόθεν
1211 684 1531 754 ἀμφίϐολον.
1585 684 1796 741 Οὐκοῦν
1852 686 2060 756 ἀληθὴς
2093 686 2187 739 τοῦ
2221 689 2475 760 Σωτῆρος
2518 691 2547 742 6
2579 688 2756 757 λόγος,
2791 707 2809 739 ι
2849 683 3126 756 Συμφὲρει
3165 682 3318 752 ὑμῖν,
3349 679 3650 746 λέγοντος,
3703 675 3762 727 εδ

493 769 847 839 ἀποδημῆσαί
893 787 961 841 με
999 773 1079 834 είς
1107 771 1388 841 οὐρανούς.
1428 793 1446 824 ι
1498 773 1736 838 Ἐκεῖνος
1779 775 1889 845 γὰρ
1935 771 2004 847 ἦν
2033 776 2062 828 6
2100 775 2292 846 καιρὸς
2321 780 2421 848 τῆς
2443 777 2670 832 καθόδου
2699 777 2794 831 τοῦ
2821 773 3160 844 Πνεύματος.

566 860 707 920 XVI.
741 861 892 915 8-H.
929 861 996 914 Et
1029 879 1147 916 cum
1185 865 1380 917 uenerit
1422 864 1544 926 ille,
1585 875 1770 936 arguet
1801 867 2056 920 mundum

2230 867 2340 921 Καὶ
2386 868 2580 922 ἐλθὼν
2607 867 2872 931 ἐκεῖνος,
2921 862 3156 933 ἐλέγξει
3198 859 3306 914 τὸν
3339 858 3592 926 κόσμον
3623 857 3762 926 περὶ

493 951 558 1006 de
583 963 818 1022 peccato,
850 963 898 1004 et
929 953 993 1006 de
1027 954 1267 1022 justitia,
1304 966 1351 1009 et
1387 954 1450 1010 de
1489 956 1714 1025 judicio.
1749 957 1822 1010 De
1851 967 2063 1026 peccato

493 1045 724 1114 quidem,
755 1047 880 1115 quia
909 1063 1012 1099 non
1060 1047 1279 1101 credunt
1325 1051 1380 1102 in
1431 1067 1531 1104 me.
1570 1050 1642 1104 De
1673 1051 1892 1120 justitia
1921 1067 2062 1115 vero,

493 1136 619 1204 quia
647 1135 718 1188 ad
747 1134 965 1190 Patrem
995 1136 1148 1200 vado,
1189 1147 1238 1192 et
1264 1139 1380 1207 jam
1415 1156 1520 1192 non
1564 1140 1808 1195 videbitis
1852 1159 1952 1196 me.
1986 1141 2065 1195 De

490 1227 696 1295 iudicio
731 1237 944 1294 autem,
990 1230 1120 1299 quia
1155 1231 1394 1300 princeps
1427 1230 1586 1301 hujus
1637 1231 1822 1286 mundi
1853 1231 2063 1286 iudica-

495 1328 580 1372 ιιιε
612 1327 712 1373 εει.

563 1408 864 1489 Postquam
914 1411 1157 1468 ostendit
1213 1421 1584 1484 opportunum
1651 1413 1957 1472 descensus
2011 1423 2069 1471 et

495 1501 780 1557 missionis
813 1503 1052 1572 Spiritus
1084 1511 1304 1574 tempus
1333 1521 1488 1573 esse,
1521 1507 1566 1560 si
1592 1507 1658 1560 ad
1692 1506 1910 1562 Patrem
1939 1508 2065 1562 red-

496 1590 656 1655 ierit,
716 1599 771 1646 et
827 1600 1119 1663 postquam
1173 1595 1590 1650 acerbissimum
1640 1595 1886 1652 dolorem
1940 1612 2068 1652 san-

495 1691 712 1737 ctorum
745 1682 1143 1754 discipulorum
1197 1699 1296 1754 per
1345 1684 1450 1741 hoc
1509 1685 1727 1742 abunde
1775 1687 2067 1758 mitigavit,

493 1773 605 1842 jam
637 1774 766 1844 quid
792 1775 1141 1844 praestiturus
1176 1779 1249 1830 sit
1273 1775 1599 1846 Paracletus
1629 1777 1854 1848 insuper
1887 1785 2072 1834 osten-

498 1865 598 1920 dit.
631 1885 651 1918 ι
675 1865 812 1920 Cum
851 1867 999 1921 enim
1033 1869 1270 1932 venerit,
1314 1869 1512 1940 inquit,
1564 1879 1756 1941 arguet
1798 1869 2067 1925 mundum

498 1959 567 2014 de
603 1967 862 2029 peccato,
923 1969 977 2015 et
1025 1960 1095 2015 de
1143 1959 1404 2030 justitia,
1453 1969 1509 2017 et
1559 1963 1626 2018 de
1674 1963 1907 2032 judicio.
1942 1983 1960 2015 ι
2006 1963 2073 2016 Ει

499 2052 723 2120 quidem
753 2052 1032 2122 quomodo
1073 2052 1258 2108 futura
1308 2055 1381 2110 sit
1409 2054 1480 2110 de
1514 2070 1848 2126 unoquoque
1878 2055 2072 2110 redar-

2165 958 2488 1028 ἁμαρτίας,
2541 960 2640 1014 καὶ
2676 959 2808 1029 περὶ
2839 955 3268 1020 δικαιοσύνης,
3310 949 3413 1004 καί
3456 949 3606 1017 περὶ
3639 951 3765 1018 nepi-

2165 1066 2337 1116 σεως’
2400 1050 2540 1119 Περὶ
2571 1050 2860 1120 ἁμαρτίας
2887 1048 3034 1117 μὲν,
3086 1044 3176 1098 ὅτι
3225 1043 3298 1096 οὐ
3348 1041 3766 1094 πιστεύουσιν

2165 1144 2252 1208 εὶς
2279 1141 2404 1211 ἐμέο
2456 1142 2596 1210 Περὶ
2632 1141 3025 1206 δικαιοσύνης
3048 1135 3116 1190 δὲ
3136 1175 3151 1200 ,
3176 1133 3265 1187 ὅτι
3293 1133 3446 1202 πρὸς
3478 1132 3600 1186 τὸν
3647 1135 3764 1184 Πα-

2165 1234 2307 1302 τέρα
2323 1234 2548 1303 ὑπάγω,
2574 1234 2671 1287 καὶ
2697 1232 2898 1287 οὐκέτι
2914 1227 3182 1298 θεωρεῖτέ
3202 1244 3299 1298 με.
3331 1226 3468 1293 Περὶ
3495 1225 3764 1294 κρίσεως

2167 1325 2255 1388 δὲ,
2292 1325 2381 1378 ὅτι
2407 1329 2438 1378 ό
2467 1323 2668 1394 ἅρχων
2687 1323 2793 1377 τοῦ
2817 1323 3048 1392 κόσμου
3081 1320 3300 1374 τούτου
3317 1316 3621 1385 κέκριται.

2236 1416 2443 1487 Καιρὸν
2490 1415 2764 1481 ἐπιδείξας
2797 1415 2888 1468 τὸν
2929 1414 3117 1467 δέοντα
3162 1411 3264 1481 τῆς
3295 1407 3386 1462 τοῦ
3428 1407 3766 1479 Πνεύματος

2166 1507 2396 1562 καθόδου
2439 1507 2534 1562 καὶ
2575 1506 2916 1575 ἀποστολῆς,
2955 1503 3018 1557 τὸ
3058 1502 3408 1572 ἀποδημῆσαι
3462 1499 3616 1569 πρὸς
3676 1499 3767 1550 τὸν

2169 1599 2419 1672 Πατέρα,
2465 1599 2560 1653 καὶ
2587 1599 2686 1669 τὴν
2733 1601 2790 1651 ἐν
2837 1598 2950 1659 τοῖς
2997 1593 3175 1663 ἁγίοις
3218 1590 3489 1662 μαθηταῖς
3531 1590 3766 1658 ἀγριαί-

2169 1707 2365 1745 νουσαν
2391 1689 2568 1760 λύπην
2596 1688 2946 1759 ἀποχρόντως
2974 1685 3062 1740 διὰ
3080 1683 3274 1736 τούτου
3303 1680 3766 1752 τεθεραπευκὼς,

2169 1784 2264 1838 καὶ
2292 1783 2452 1836 τίνων
2481 1781 2632 1835 ἔσται
2665 1778 2997 1852 δημιουργὸς
3024 1779 3052 1831 ὁ
3079 1774 3436 1848 Παράκλητος
3461 1773 3768 1844 χρησίμως

2171 1872 2696 1945 προσεπιδείκνυσιν.
2749 1889 2768 1924 ι
2810 1869 3012 1924 Ἐλθὼν
3044 1869 3176 1940 γὰρ,
3204 1868 3386 1938 φησὶν,
3419 1864 3644 1932 ἐλέγξει
3675 1864 3769 1916 τὸν

2169 1965 2375 2036 κόσμον
2411 1964 2539 2035 περὶ
2583 1962 2890 2035 ἁμαρτίας,
2941 1962 3033 2016 καὶ⁴
3075 1959 3205 2030 περὶ
3225 1955 3620 2025 δικαιοσύνης,
3673 1957 3768 2007 καὶ

2172 2057 2300 2128 περὶ
2340 2057 2594 2127 κρίσεως.
2625 2075 2643 2106 ι
2692 2054 2803 2108 Καὶ⁸
2841 2053 2962 2108 τίνα
3001 2051 3098 2123 μὲν
3122 2051 3324 2122 τρόπον
3361 2051 3387 2102 ὁ
3418 2049 3502 2116 ἐφ’
3538 2047 3768 2115 ἑκάστῳ

499 2144 672 2213 gutio,
707 2154 964 2200 accurate
1012 2145 1220 2200 docuit.
1279 2144 1418 2212 Quia
1452 2153 1635 2201 tamen
1676 2146 1925 2200 nonnulli
1963 2162 2070 2200 non

2184 2150 2280 2204 τῶν
2318 2148 2620 2220 εἰρημένων
2668 2147 2888 2217 ἐλεγχος
2927 2144 3108 2209 ἔσται,
3154 2141 3566 2210 διαμεμήνυκεν
3597 2139 3768 2206 ἀκρι-

500 2233 791 2287 admodum
822 2233 984 2288 facile
1020 2234 1137 2290 hac
1164 2235 1382 2305 assequi
1415 2235 1592 2289 videri
1628 2245 1883 2304 possunt,
1917 2235 2072 2306 sigil-

2184 2241 2305 2304 ϐῶς.
2545 2239 2778 2308 ἐπείπερ
2821 2237 2882 2290 οὐ
2931 2235 3052 2288 λίαν
3103 2231 3338 2294 εὐκόλως
3388 2229 3769 2300 προσϐάλλειν

501 2324 656 2378 latim
683 2324 1068 2394 explicandum
1095 2325 1355 2390 arbitror,
1394 2333 1450 2380 et
1471 2325 1694 2394 quinam
1729 2325 2074 2396 singulorum

502 2416 575 2470 sit
600 2431 798 2472 sensus
831 2417 1036 2472 clarius
1067 2416 1474 2488 exponendum.
1509 2416 1698 2472 Primo
1734 2417 1921 2488 itaque
1951 2417 2076 2472 loco

502 2507 726 2575 ponitur
765 2505 1084 2577 redargutio
1121 2506 1188 2561 de
1224 2514 1470 2577 peccato.
1509 2506 1614 2573 Qui
1650 2521 1780 2562 vero
1810 2505 2075 2560 mundum

505 2598 736 2666 arguet?
787 2598 992 2669 Nempe
1035 2614 1160 2654 cum
1214 2599 1272 2654 in
1307 2599 1594 2670 diligentes
1633 2598 1940 2666 Christum,
1975 2613 2075 2653 ceu

503 2691 702 2758 dignos
731 2705 794 2744 ac
830 2689 1038 2754 ﬁdeles,
1072 2691 1374 2757 intraverit,
1397 2698 1530 2744 tunc
1562 2699 1733 2756 certe,
1757 2700 1891 2744 tunc
1919 2705 2077 2743 mun-

504 2781 666 2841 dum,
721 2780 826 2835 hoc
866 2790 952 2835 est
1002 2780 1318 2851 imperitos,
1369 2789 1424 2836 et
1465 2779 1714 2837 inﬁdeles
1774 2782 1974 2846 adhuc,
2025 2788 2080 2836 et

507 2873 849 2942 voluptatum
887 2874 1088 2930 studiis
1115 2874 1326 2940 aflixos,
1359 2875 1476 2943 ipsa
1506 2889 1566 2929 re
1585 2883 1796 2944 arguet,
1820 2876 2080 2929 condem—

508 2965 768 3034 nabitque
807 2971 868 3017 ut
907 2966 1148 3032 peccatis
1181 2965 1455 3020 obnoxios
1505 2965 1734 3034 suisque
1770 2964 1924 3020 vitiis
1979 2965 2082 3019 im-

508 3057 828 3111 morituros.
862 3056 1022 3126 921
1063 3055 1419 3128 Nequaquam
1447 3056 1592 3111 enim
1618 3055 1762 3112 Deus
1809 3072 2077 3127 personas

508 3145 801 3215 respiciet,
851 3163 1026 3216 neque
1061 3147 1148 3202 his
1192 3147 1510 3202 hominibus
1553 3149 1674 3202 sine
1715 3146 1864 3216 justa
1910 3161 2080 3200 causa

509 3239 772 3309 largietur
827 3239 1092 3308 Spiritum
1121 3279 1136 3303 ,
1183 3240 1307 3294 aliis
1358 3255 1468 3294 non
1516 3239 1689 3294 item:
1723 3240 1818 3294 sed
1856 3239 1910 3294 in
1944 3239 2079 3292 solis

514 3329 696 3400 dignis
731 3330 1041 3385 inhabitare
1071 3330 1234 3386 faciet
1256 3330 1627 3396 Paracletum,
1661 3333 1755 3402 qui
1794 3347 1891 3402 per
1923 3330 2081 3385 ﬁdem

511 3422 785 3475 sinceram
833 3428 892 3474 ut
936 3421 1103 3476 Deum
1150 3437 1341 3477 revera
1385 3423 1702 3487 coluerint,
1744 3434 1797 3478 et
1835 3423 2082 3478 universi

2177 2334 2322 2396 είκὸς
2343 2332 2420 2403 τῷ
2450 2329 2766 2402 θεωρήματί
2791 2345 2962 2390 τινας,
2984 2324 3369 2396 διερμηνεῦσαι
3387 2322 3497 2376 δεῖν
3529 2320 3640 2373 ἀνὰ
3669 2321 3770 2388 μὲ-

2179 2443 2272 2497 ρος
2297 2424 2686 2495 ὑπολαμϐάνω,
2710 2421 2804 2476 καὶ
2849 2419 3168 2490 λευκότερον
3203 2417 3374 2470 εἰπεῖν
3411 2413 3506 2467 τοῦ
3556 2431 3626 2483 cn;
3637 2429 3768 2482 p.11-

2176 2519 2402 2588 νομένου
2433 2518 2534 2589 τὴν
2566 2516 2816 2587 δύναμιν.
2869 2512 3121 2567 Τέθειται
3159 2509 3336 2562 τοίνυν
3365 2510 3423 2561 ἐν
3460 2503 3711 2575 πρώτοις
3741 2504 3768 2554 6

2178 2610 2308 2680 περὶ
2362 2607 2464 2678 τῆς
2508 2605 2782 2678 ἁμαρτίας
2806 2604 3047 2674 ἐλεγχος.
3108 2599 3234 2664 Πῶς
3275 2594 3368 2652 οὖν
3407 2594 3628 2664 ἐλέγξει
3675 2594 3768 2647 τὸν

2179 2699 2415 2770 κόσμον;
2441 2698 2610 2750 Ὅταν
2637 2695 2747 2767 γὰρ
2776 2697 2887 2758 τοῖς
2916 2691 3169 2762 ἀγαπῶσι
3197 2689 3450 2762 Χριστὸν,
3474 2687 3556 2752 ὼς
3591 2685 3769 2750 ἀξίοις
3837 2685 3839 2748 i

2179 2789 2280 2859 ήδη
2311 2787 2404 2840 καὶ
2431 2782 2819 2838 πεπιστευκόσι
2848 2783 3093 2854 γένηται,
3124 2778 3246 2832 τότε
3273 2777 3360 2848 δὴ,
3392 2775 3516 2828 τότε
3549 2773 3647 2827 τὸν
3673 2774 3768 2827 κό-

2183 2897 2347 2950 σμον,
2399 2878 2541 2932 τοῦτ’
2577 2877 2724 2941 ἔστι,
2761 2876 2886 2938 τούς
2931 2870 3313 2933 ἀπαιδεύτους,
3369 2869 3465 2921 καὶ
3491 2866 3771 2926 ἀπίστους
3838 2865 3839 2890 ἶ

2181 2972 2264 3026 ἐτι
2284 3013 2301 3038 ,
2347 2972 2441 3024 καὶ
2471 2971 2591 3032 ταῖς
2623 2969 2682 3021 ἐν
2717 2967 2908 3036 κόσμῳ
2941 2963 3273 3033 φιληδονίαις
3309 2959 3768 3030 κεκρατημένους

2180 3065 2247 3118 δι’
2280 3061 2444 3117 αὐτοῦ
2484 3058 2786 3130 κατακρίνῃ
2825 3055 2919 3110 τοῦ
2953 3055 3295 3127 πράγματος,
3318 3052 3392 3112 ὡς
3421 3050 3654 3119 ἐνόχους
3678 3051 3769 3101 ἐπὶ

2181 3157 2301 3217 ταῖς
2337 3153 2494 3215 ίδίαις
2528 3151 2846 3222 ἁμαρτίαις,
2879 3148 2970 3201 καὶ
3004 3150 3117 3209 τοῖς
3147 3143 3352 3198 ἑαυτῶν
3376 3139 3770 3209 ὲντεθνηξομέ-

2184 3264 2310 3309 νους
2335 3245 2747 3316 ἁμαρτήμασιν.
2777 3237 3314 3309 Προσωποληπτήσει
3340 3234 3448 3303 γὰρ
3467 3232 3772 3302 οὐδαμῶςὸ

2185 3335 2358 3399 Θεὸς,
2415 3333 2531 3387 ἀλλ’
2565 3331 2686 3385 οὐδέ
2744 3347 2853 3383 τισι
2902 3329 3000 3398 μὲν
3032 3327 3140 3380 τῶν
3186 3325 3279 3379 ἐπί
3316 3325 3416 3394 τῆς
3444 3323 3554 3393 γῆς
3588 3322 3771 3382 αἰτίας

2185 3429 2408 3496 εὐλόγου
2451 3427 2574 3497 δίχα
2621 3426 2894 3496 χαριεῖται
2926 3422 2986 3474 τὸ
3013 3419 3269 3490 Πνεῦμα,
3299 3418 3410 3470 τισὶ
3459 3415 3517 3468 δὲ
3557 3416 3772 3475 οὐκέτι,

3835 3371 3837 3494 1

511 3514 768 3584 Opiﬁcem
797 3527 861 3568 ac
893 3512 1187 3567 Dominum
1224 3513 1468 3570 confessi
1506 3514 1732 3570 fuerint.
1759 3516 1918 3582 Quod
1953 3531 2082 3586 ergo

2190 3523 2372 3594 μόνοις
2411 3521 2468 3574 δὲ
2517 3523 2629 3582 τοῖς
2664 3518 2834 3583 ἀξίοις
2877 3517 3212 3584 ἐγκατοικιεῖ
3257 3511 3347 3565 τὸν
3377 3510 3772 3581 Παράκλητον,
3836 3499 3837 3504 “

516 3603 775 3657 Servator
805 3605 962 3673 prius
982 3601 1186 3659 ludatis
1214 3604 1351 3658 dixit
1385 3623 1398 3658 :
1435 3624 1454 3656 ι
1487 3605 1544 3660 Si
1591 3621 1703 3660 non
1735 3606 2087 3662 credideritis

512 3695 640 3763 quia
675 3709 777 3763 ego
799 3709 958 3757 sum,
1007 3694 1064 3747 in
1099 3698 1339 3765 peccatis
1367 3697 1566 3751 vestris
1625 3698 2019 3764 moriemini",
2063 3719 2082 3753 ι

512 3784 680 3838 rebus
717 3784 854 3853 ipsis
909 3801 1102 3839 verum
1145 3785 1198 3840 id
1255 3801 1380 3842 esse
1438 3786 1755 3843 Paracletus
1811 3790 2087 3857 ostendet,

515 3889 641 3929 cum
686 3876 922 3930 venerit.
977 3874 1191 3932 Rursus
1228 3885 1409 3933 autem
1442 3897 1454 3932 :
1498 3897 1516 3929 ι
1549 3879 1756 3948 Arguet
1797 3881 2086 3948 mundum,

515 3968 717 4039 inquit,
775 3969 842 4024 de
897 3970 1140 4036 justitia,
1183 3972 1311 4040 quia
1361 3971 1429 4026 ad
1485 3971 1710 4027 Patrem
1762 3973 1938 4041 vado,
1987 3989 2090 4030 nec

517 4059 753 4129 amplius
795 4059 1051 4114 videbitis
1087 4075 1192 4116 me.
1239 4081 1258 4113 ι
1303 4061 1434 4116 Jure
1468 4064 1616 4117 enim
1652 4066 2090 4134 patrocinabitur

519 4151 589 4205 iis
642 4150 735 4220 qui
795 4150 850 4204 in
903 4149 1186 4205 Christum
1241 4162 1365 4221 post
1416 4154 1795 4208 ascensionem
1849 4155 1970 4224 ejus
2031 4156 2090 4210 in

521 4242 693 4297 emlos
727 4241 1105 4305 crediderint,
1163 4249 1224 4295 ut
1275 4242 1370 4312 qui
1416 4243 1568 4313 juste
1608 4246 1898 4315 justilicati
1958 4248 2090 4302 sint.

525 4333 900 4403 Susceperunt
928 4333 1077 4387 enim
1097 4341 1156 4386 ut
1181 4331 1351 4387 Deum
1372 4348 1586 4398 verum,
1615 4351 1778 4404 quem
1803 4351 1911 4390 non
1938 4337 2092 4392 vide-
2171 4331 2174 4336 ’

521 4432 673 4488 runt,
702 4433 757 4480 et
822 4439 946 4478 cum
1011 4438 1113 4478 suo
1164 4421 1324 4478 Patre
1372 4424 1663 4480 considere
1717 4427 2088 4482 crediderunt.

523 4515 681 4582 Quod
718 4515 865 4570 enim
911 4515 1170 4571 Christus
1217 4516 1406 4570 beatos
1447 4524 1671 4571 vocaret
1721 4533 1816 4574 eos
1864 4519 1959 4588 qui
2014 4519 2094 4574 sic

523 4606 833 4672 crederent,
873 4606 1039 4662 facile
1068 4609 1247 4663 discet
1281 4608 1540 4677 quisquis
1575 4608 1794 4662 illorum
1828 4611 2094 4667 memine-

523 4699 599 4753 rit
625 4714 752 4768 qua:
794 4699 937 4754 dixit
983 4698 1228 4754 Thomas
1267 4714 1334 4754 ac
1383 4698 1538 4754 fecit.
1582 4699 1720 4754 Nam
1751 4716 1875 4755 cum
1911 4702 1979 4756 de
2010 4718 2097 4757 re-

524 4792 870 4847 surrectione
909 4791 1032 4848 Filii
1071 4793 1251 4848 adhuc
1295 4793 1617 4848 dubitaret:
1654 4813 1672 4846 ι
1712 4793 1827 4849 Nisi
1860 4795 2093 4860 mittam,

2187 3615 2236 3670 οἳ
2265 3615 2356 3668 διά
2397 3613 2633 3674 πίστεως
2663 3609 3015 3680 εἰλικρινοῦς,
3066 3607 3141 3670 ὡς
3177 3603 3308 3658 Θεὸν
3337 3604 3504 3666 ὅντως
3540 3607 3776 3673 τετιμή-

2187 3723 2339 3769 κασι,
2395 3706 2490 3759 καὶ
2531 3704 2642 3757 τῶν
2684 3703 2819 3756 ὅλων
2865 3699 3224 3769 ὡμολόγησαν
3273 3696 3624 3765 Δημιουργὸν
3684 3696 3778 3748 καὶ

2190 3747 2339 3769 ’ν’-’νυν
2396 3747 2490 3759 ’ν’-υ
2543 3747 2637 3757 ’νυν
2686 3747 2813 3756 νην-ν
2868 3747 3213 3769 -νιπν--νι-πνη
3276 3747 3367 3765 η..
3487 3747 3498 3765 ι
3533 3747 3581 3762 ,γ
3688 3747 3694 3748 κ
3734 3747 3737 3748 ν

2187 3798 2414 3868 Κύριον.
2481 3797 2661 3868 Ὅπερ
2711 3789 2805 3848 οὖν
2857 3793 3045 3864 εἴρηκε
3087 3789 3297 3858 φθάσας
3319 3789 3432 3850 τοῖς
3487 3785 3779 3848 Ἰουδαίοις
3833 3747 3835 3834 ί

2189 3889 2350 3952 αὐτὸς
2389 3890 2418 3943 6
2446 3887 2636 3961 Σωτὴρ
2657 3927 2672 3951 ,
2725 3887 2810 3941 ὅτι
2843 3904 2862 3937 ι
2896 3884 3022 3938 Ἐὰν
3054 3881 3130 3954 μὴ
3170 3879 3495 3948 πιστεύσητε
3529 3880 3616 3932 ὅτι
3666 3878 3780 3946 ἐγώ

2190 3983 2327 4053 εἰμι,
2363 3983 2421 4033 ἐν
2451 3983 2571 4044 ταῖς
2601 3977 2898 4051 ἁμαρτίαις
2932 3975 3086 4046 ὐμῶν
3113 3972 3490 4036 ἀποθανεῖσθε,
3523 3990 3544 4023 ι
3575 3971 3782 4040 ἀληθὲς

2189 4074 2250 4128 ὃν
2283 4071 2537 4136 ἐπιδείξει
2586 4069 2678 4123 διὰ
2709 4067 3051 4141 πραγμάτων
3094 4067 3123 4118 6
3157 4061 3516 4133 Παράκλητος
3577 4059 3778 4113 ἐλθών.

2199 4186 2218 4218 ι
2259 4163 2496 4233 Ἐλέγξει
2525 4162 2580 4214 δέ
2612 4161 2773 4215 πάλιν
2801 4160 2894 4213 τὸν
2924 4159 3160 4227 κόσμον,
3196 4155 3364 4226 φησὶ,
3405 4151 3538 4222 περὶ
3569 4152 3780 4205 δικαιο-
3832 4193 3833 4220 η

2196 4256 2381 4325 σύνης,
2410 4255 2492 4308 ὅτι
2525 4253 2659 4324 πρὸς
2694 4251 2784 4304 τὸν
2809 4250 3028 4321 Πατέρα
3051 4249 3266 4315 ὐπάγω,
3297 4245 3390 4299 καὶ
3419 4243 3610 4296 οὐκέτι
3639 4243 3776 4295 θεω-

2196 4345 2343 4419 ρεῖτέ
2379 4364 2468 4416 με.
2503 4365 2520 4398 ι
2561 4344 2786 4415 Συνερεῖ
2813 4342 2924 4412 γὰρ
2951 4339 3176 4404 δικαίως
3204 4339 3318 4400 τοῖς
3351 4334 3776 4387 πεπιστευκόσιν

2194 4443 2274 4504 είς
2304 4437 2568 4509 Χριστὸν,
2612 4435 2752 4506 μετά
2792 4434 2891 4503 τὴν
2925 4433 3006 4496 είς
3061 4429 3323 4500 οὐρανοὺς
3359 4423 3648 4488 ἀνάϐασιν,
3703 4425 3775 4485 ὡς

2193 4528 2418 4591 δικαίως
2469 4521 2936 4594 δεδικαιωμένοις.
2984 4518 3355 4590 Παρεδέξαντο
3397 4515 3508 4586 γὰρ
3541 4514 3620 4578 ὠς
3643 4514 3776 4566 Θεὸν

2194 4619 2477 4691 ἀληθινὸν,
2505 4617 2563 4671 ὃν
2591 4615 2874 4671 τεθέανται
2903 4613 3002 4685 μὲν
3027 4609 3308 4682 οὐδαμῶς,
3337 4606 3681 4677 συνεδρεύειν
3716 4621 3775 4673 γε

2199 4713 2305 4782 μὴν
2337 4710 2415 4781 τῷ
2453 4709 2568 4779 ἰδίῳ
2592 4707 2770 4777 Πατρὶ
2800 4703 3247 4759 πεπιστεύκασιν.
3299 4700 3421 4754 Ὅτι
3441 4697 3553 4767 γὰρ
3599 4714 3779 4767 μακα-

2200 4803 2348 4875 ρίους
2388 4800 2655 4854 ἀπεκάλει
2693 4799 2818 4861 τούς
2863 4796 3007 4849 οὕτω
3056 4793 3407 4854 πιστεύοντας
3446 4791 3476 4842 ὁ
3519 4789 3778 4860 Χριστὸς,

527 4882 727 4952 inquit,
759 4899 981 4940 manum
1013 4899 1187 4938 meam
1219 4885 1274 4938 in
1314 4884 1460 4939 latus
1490 4885 1632 4954 ejus,
1664 4896 1718 4940 et
1746 4887 1936 4941 videro
1965 4889 2082 4942 ﬁxu

2203 4893 2434 4964 ἐκμάθοι
2467 4910 2549 4954 τις
2589 4889 2655 4944 ἂν
2702 4889 2796 4942 καὶ
2841 4887 2959 4941 λίαν
2992 4886 3231 4947 εὐκόλως
3272 4882 3495 4936 ἐκείνων
3538 4882 3778 4948 ἐπιμνη-

525 4989 640 5028 ram
673 4973 978 5040 clavorum,
1026 4991 1137 5030 non
1185 4977 1403 5030 credam
1421 4977 1486 5031 δ’.
1533 4997 1550 5028 ι
1577 4976 1876 5048 Postquam
1913 4991 2094 5035 autem

526 5064 780 5128 credidit,
816 5065 1044 5120 Christo
1086 5067 1234 5135 quod
1286 5067 1467 5124 facere
1496 5046 1763 5125 voluisset
1792 5046 1841 5125 ei
1873 5073 2098 5140 permit-

615 5203 659 5234 “
681 5202 840 5259 loau.
870 5218 990 5266 vm,
1025 5202 1118 5256 2L
1213 5204 1257 5235 ⁸³
1281 5201 1441 5258 Joan.
1468 5221 1560 5268 xx,
1587 5204 1680 5258 25.

602 5360 676 5429 (Ι)
724 5359 842 5416 Vox
876 5359 1137 5416 mendosa
1161 5399 1179 5422 ,
1222 5360 1310 5414 cui
1345 5359 1792 5415 substituendqu
1825 5373 2102 5426 καταναρ-

528 5435 662 5500 κᾷν,
697 5431 1005 5497 obtorpere,
1046 5431 1277 5500 pigrari,
1312 5431 1515 5491 vereri;
1547 5429 1612 5482 ad
1647 5430 1794 5482 hunc
1827 5445 2048 5483 sensum
2087 5447 2098 5480 :

528 5488 681 5565 Quod
712 5488 888 5554 autem
923 5488 1238 5555 inuenientus
1261 5488 1548 5567 discipulos
1580 5499 1676 5552 hoc
1713 5516 1898 5565 passos
1941 5509 1990 5552 et
2015 5515 2076 5566 pe

2205 5488 2325 5552 σεῖν’
2366 5499 2567 5559 ἀδίκως
2609 5497 2670 5549 οὐ
2721 5488 3174 5567 καταναρκ’ῶντές
3205 5488 3411 5567 νᾼτιναςί

531 5572 791 5636 Spiritum
820 5572 1187 5640 conﬁrmatos,
1209 5581 1266 5623 ut
1291 5587 1380 5623 nec
1407 5571 1826 5638 persequentium
1860 5571 2105 5621 incursus

532 5651 860 5704 vererentur,
913 5642 1002 5695 sed
1041 5652 1090 5695 et
1127 5641 1403 5694 dilectioni
1436 5642 1489 5693 in
1530 5640 1802 5694 Christum
1845 5640 2102 5691 tenaciter

531 5709 885 5778 adltwrentes,
931 5712 1232 5767 nullatenus
1275 5712 1493 5765 dubium
1531 5720 1628 5765 est.
1679 5710 1842 5764 Juxta
1887 5710 2106 5779 exposi-

2209 4984 2357 5046 aﬁe‘tg
2374 5023 2389 5044 ,
2415 4975 2490 5035 ὧν
2517 4979 2706 5051 εἴρηκέ
2737 4995 2796 5031 τε
2825 4979 2919 5030 καὶ⁸
2939 4975 3198 5046 δέδρακεν
3221 4974 3250 5025 ὁ
3277 4971 3498 5040 Θωμᾶς.
3547 4969 3780 5022 Ἐνδοιά-

2207 5077 2314 5140 ζων
2344 5073 2452 5144 γὰρ
2475 5073 2556 5126 ἔτι
2585 5070 2722 5142 πρὸς
2747 5069 2809 5123 τὸ
2841 5068 3140 5124 ἀναϐιῶναι
3170 5065 3260 5119 τὸν
3285 5063 3417 5118 Υίὸν
3445 5078 3460 5093 ⁸
3496 5079 3516 5115 t
3553 5062 3680 5116 Ἐὰν
3709 5065 3782 5134 μὴ

2202 5358 2410 5413 tionem
2443 5357 2763 5420 Phavorini,
2793 5359 2853 5410 οὐ
2884 5355 3289 5426 καταναρκήσω
3309 5369 3322 5382 ο
3347 5351 3407 5405 οὐ
3438 5352 3783 5426 κατοκνήσω.

2206 5426 2750 5504 [itaquel-uadmodum
2783 5427 2923 5480 idem
2950 5421 3380 5504 Cirillussupra
3401 5439 3453 5490 p.
3476 5421 3604 5504 ﬁli).
3628 5424 3784 5504 οιί-μι-

2208 5493 2325 5552 σεῖν
2366 5499 2567 5559 ἀδίκως
2609 5497 2670 5549 οὐ
2721 5493 3174 5562 καταναρκήῶντές
3220 5509 3372 5554 τινας
3400 5507 3411 5520 ’
3457 5501 3511 5546 et
3549 5507 3601 5559 p.
3643 5493 3782 5553 955,

2208 5569 2284 5638 μὴ
2316 5569 2521 5638 σφόδρα
2554 5565 3170 5638 καταναρκᾷν-ᾒ-πόνοις
3196 5564 3229 5635 ῆ
3256 5563 3474 5626 λύπαις.
3502 5562 3774 5617 Con-mur.

2214 5634 2466 5695 Monum;
2487 5637 2634 5692 Eccl.
2662 5634 2754 5691 Cr.
2773 5634 2851 5700 ⁷11,
2882 5635 3006 5689 655.

3833 3889 3836 4005 1
