3862 6206
113 254 225 307 637

1171 252 1235 307 IN
1279 252 1565 308 JO.\NNIS
1608 251 2059 309 EVANGELIUM
2099 249 2227 305 LIB.
2261 249 2327 304 Χ.

3267 246 3369 304 458

112 368 297 441 βάλω,
331 368 497 438 φησί,
541 368 640 439 τὴν
671 369 832 441 χεῖρὰ
868 386 968 440 μου
998 369 1077 433 εἰς
1104 369 1202 441 τὴν
1237 372 1477 441 πλευρὰν
1502 369 1688 435 αὑτοῦ,

1803 378 1967 436 Lente,
2018 383 2291 439 quosnam
2338 381 2622 422 sermones
2657 365 2880 421 audiit?
2911 383 2929 417 ι
2983 363 3123 432 Quia
3178 365 3369 421 vidisti

110 462 211 515 καὶ
237 460 332 514 ίδω
374 460 502 524 τοὺς
530 460 733 524 τύπους
769 461 880 515 τῶν
908 461 1087 532 ἥλων,
1122 462 1183 514 ού
1218 462 1292 533 μὴ
1339 460 1634 515 πιστεύσω.
1668 478 1687 513 ι

123 554 348 624 Ἐπειδὴ
375 554 431 606 δὲ
460 553 854 621 πεπίστευκεν,
891 554 1028 625 ὅπερ
1051 553 1283 625 ἢθέλησε
1306 555 1439 625 δρᾷν
1472 553 1695 622 ἐφέντος

109 642 263 714 αὐτῷ
283 643 377 695 τοῦ
401 642 661 713 Χριστοῦ,
690 643 856 697 ποίων
884 643 1085 713 ἤκουσε
1113 644 1317 712 λόγων;
1346 645 1501 696 «Ὅτι
1531 640 1699 712 ἐώραα

109 733 215 796 κάς
270 750 359 803 με,
418 733 788 797 πεπίστευκας
819 751 831 763 ·
862 734 1121 804 μακάριοι
1154 736 1202 787 οἰ
1242 735 1316 805 μὴ
1342 735 1568 799 ἰδόντες,
1602 734 1698 786 καὶ

111 824 528 888 πιστεύσαντες.
556 844 574 875 ›
614 826 851 888 Δικαίως
884 821 977 879 οὖν
1022 827 1130 898 ἄρα
1162 827 1558 891 δεδικαίωνται,
1600 827 1696 879 καὶ

107 914 234 985 δίχα
262 916 360 985 τῆς
392 916 519 980 θέας
549 916 598 969 οἰ
639 916 1057 981 πιστεύσαντες·
1094 918 1188 971 τοῦ
1229 918 1285 971 δέ
1312 918 1421 971 τῶν
1447 920 1576 971 ίσων
1602 936 1698 970 τυ-

108 1009 225 1076 χεῖν
252 1009 281 1060 6
310 1008 514 1078 κόσμος
545 1009 802 1076 ἐξὼλισθε
823 1050 838 1075 ,
873 1008 969 1080 τὴν
991 1011 1055 1062 ἐκ
1079 1010 1315 1073 πίστεως
1349 1009 1697 1079 δικαιοσύνην

108 1099 172 1151 οὐ
209 1102 654 1171 προσηκάμενος,
678 1102 796 1155 ἀλλ’
826 1102 1110 1173 ἐθελοντὴς
1141 1106 1255 1167 τοῖς
1290 1103 1442 1166 ἰδίοις
1466 1104 1697 1173 ἐμφιλο-

111 1191 368 1261 χωρήσας
396 1195 608 1253 κακοῖς.
667 1193 881 1246 Εἰδέναι
929 1211 993 1262 γε
1037 1194 1141 1264 μὴν
1172 1194 1467 1263 ἀναγκαῖον
1486 1236 1500 1260 ,
1531 1194 1607 1257 ὡς
1632 1196 1694 1247 οὺ

112 1281 256 1333 κατὰ
288 1282 467 1352 μόνων
505 1283 770 1338 Ἰουδαίων
800 1286 832 1355 ἡ
864 1286 973 1338 τῶν
998 1284 1201 1356 ἀρτίως
1228 1288 1361 1357 ἡμῖν
1390 1287 1697 1357 εἰρημένων

112 1372 353 1441 ἐλέγχων
383 1372 513 1437 δυὰς
553 1374 641 1427 διὰ
677 1374 773 1428 τοῦ
806 1376 1167 1447 Παρακλήτου
1201 1381 1489 1447 γενήσεται
1510 1418 1526 1442 ,
1555 1377 1696 1431 κατὰ

114 1464 317 1527 παντὸς
337 1466 391 1518 δὲ
416 1466 617 1536 μᾶλλον
629 1466 916 1538 ἀνθρώπου
945 1467 1180 1539 σκληροῦ
1203 1486 1262 1521 τε
1286 1470 1381 1522 καὶ
1413 1468 1692 1533 ἀπειθοῦς.

114 1557 381 1628 Σημαίνει
416 1558 516 1627 μὲν
538 1558 648 1629 γὰρ
675 1560 709 1630 ἡ
731 1558 825 1612 τοῦ
853 1560 1059 1629 κόσμου
1092 1560 1451 1631 προσηγορία,
1482 1562 1576 1613 καὶ
1605 1561 1696 1613 τὸν

114 1653 235 1712 ταῖς
268 1650 600 1719 φιληδονίαις
626 1651 1021 1722 ἀκαταλήκτως
1052 1652 1567 1723 ἐγκαλινδούμενον,
1601 1655 1696 1707 καὶ

113 1742 211 1811 τῆς
234 1741 543 1813 διαϐολικῆς
574 1743 861 1814 βδελυρίας
895 1745 995 1797 οὐκ
1033 1745 1406 1815 ἐξιστάμενον·
1438 1747 1695 1816 σημαίνει

114 1831 170 1884 δέ
200 1831 353 1884 ούδέν
376 1826 538 1904 ἦττον
566 1834 661 1886 καὶ
685 1836 811 1898 τοὺς
836 1836 894 1887 ἐν
923 1836 1086 1887 παντί
1109 1835 1186 1907 τῷ
1221 1837 1411 1907 κόσμῳ
1441 1838 1698 1908 διεσπαρ-

118 1922 315 1993 μένους
354 1941 414 1977 τε
457 1925 551 1977 καὶ
590 1926 1002 1997 κατῳκηκότας.
1053 1927 1273 1991 Γενικὸς
1301 1924 1393 1981 οῦν
1424 1930 1566 2000 ἄρα,
1603 1930 1699 1982 καὶ

116 2014 258 2067 κατά
285 2014 501 2069 πάντων
533 2017 560 2069 6
603 2016 825 2081 διπλοῦς
869 2017 1067 2072 οὑτωσὶ
1114 2016 1431 2089 κεχώρηκεν
1458 2019 1695 2090 ἐλεγχος.

116 2106 492 2176 Σεσαγήνευκε
522 2108 630 2175 γὰρ
654 2110 682 2161 6
702 2110 937 2181 Χριστὸς
957 2110 1077 2178 οὐχὶ
1100 2110 1268 2180 μόνην
1294 2109 1390 2182 τὴν
1415 2111 1696 2179 Ἰουδαίαν,

115 2193 259 2246 καθὰ
288 2194 383 2247 καὶ
408 2196 466 2247 ἐν
490 2197 701 2266 ἀρχαῖς,
726 2197 758 2267 ἢ
788 2198 948 2268 μόνον
974 2198 1035 2251 τὸ
1061 2200 1282 2270 σπέρμα
1302 2200 1362 2253 τὸ
1384 2200 1443 2265 ἐξ
1457 2202 1696 2273 Ἰσραὴλ,

113 2285 249 2337 ἀλλὰ
295 2284 514 2356 σύμπαν
561 2288 623 2340 τὸ
676 2288 734 2353 ἐξ
776 2288 946 2360 Ἀδὰμ
985 2290 1337 2360 διολισθῆσαν
1386 2291 1563 2361 γένος.
1620 2294 1698 2347 Οὐ

112 2377 223 2447 γὰρ
259 2378 354 2430 ἐπὶ
397 2378 563 2448 μέρος
602 2381 635 2450 ἡ
677 2379 872 2451 χάρις,
927 2381 1047 2435 ἀλλ’
1090 2383 1176 2453 ἐφ’
1204 2384 1334 2456 ὅλην
1372 2383 1565 2454 γέγονε
1596 2385 1699 2457 τὴν

108 2469 441 2541 οἰκουμένην
472 2472 534 2524 τὸ
568 2473 632 2525 ἐκ
659 2473 759 2543 τῆς
796 2474 1034 2538 πίστεως
1064 2475 1289 2544 ἀγαθόν.
1314 2477 1510 2549 Τρίτος
1542 2477 1697 2547 ἐλεγ-

108 2579 210 2630 χος
237 2560 329 2615 διὰ
372 2560 465 2615 τοῦ
501 2564 865 2636 Παρακλήτου
898 2568 1221 2638 γενήσεται,
1271 2569 1414 2623 καθά
1458 2587 1624 2642 φησιν
1670 2573 1698 2624 6

109 2652 328 2723 Σωτὴρ,
361 2655 393 2725 ἡ
428 2654 740 2729 δικαιοτάτη
777 2659 1130 2732 κατάκρισις,
1183 2661 1278 2713 τοῦ
1306 2661 1566 2732 ἄρχοντος
1602 2660 1696 2715 τοῦ

110 2744 322 2815 κόσμου
362 2745 574 2801 τούτου.
623 2749 749 2811 Πῶς
776 2748 834 2802 δὲ
875 2751 977 2821 ἤδη
1008 2751 1207 2816 πάλιν,
1246 2751 1280 2821 ἢ
1305 2752 1429 2805 τίνα
1473 2753 1700 2823 τρόπον,

111 2835 477 2908 ἐξηγήσομαι.
526 2840 1022 2913 Προσμαρτυρήσει
1049 2843 1159 2913 γὰρ
1182 2847 1248 2915 τῇ
1286 2844 1413 2915 δόξῃ
1445 2843 1537 2897 τοῦ
1565 2846 1701 2916 Χρι-

110 2928 266 2992 στοῦ,
301 2930 396 2982 καὶ
417 2931 579 2984 αὑτὸν
622 2932 790 2996 ὅντως
829 2934 1119 3001 ἀποδείξας
1152 2935 1245 2988 τὸν
1270 2937 1390 2989 μτῶν
1422 2936 1560 2991 ὅλων
1585 2937 1701 2990 Κύ-

1797 478 1918 525 me,
1957 460 2243 517 credidisti
2278 476 2291 512 :
2321 459 2466 514 beati
2511 457 2606 529 qui
2650 472 2759 512 non
2802 456 3080 522 viderunt,
3102 464 3157 511 et
3186 456 3370 511 credi-

1797 551 2086 607 derunt".
2127 570 2148 601 ι
2191 548 2348 605 Juste
2388 549 2577 617 itaque
2614 546 2905 616 jnstilicati
2952 554 3121 611 sunt,
3158 546 3252 616 qui
3284 547 3370 601 vel

1797 659 1864 700 eo
1889 643 2116 699 minime
2137 648 2438 712 conspecto
2468 639 2834 694 crediderunt
2866 657 2879 693 :
2911 639 3149 693 mundus
3189 647 3371 693 autem

1796 750 1860 790 ea
1902 749 1963 790 re
1994 732 2224 799 excidit,
2274 732 2547 802 justitiam
2591 736 2714 801 quae
2743 745 2807 784 ex
2845 728 2948 784 ﬁde
2985 737 3071 785 est
3115 745 3224 784 non
3256 743 3374 781 amo

1797 827 2032 895 plexus,
2090 824 2184 881 sed
2236 824 2293 878 in
2361 824 2480 879 suis
2532 822 2692 877 malis
2766 821 3015 875 studiose
3068 820 3372 874 volutatus.

1797 920 1988 990 Operae
2028 920 2265 988 pretium
2310 925 2492 972 autem
2547 925 2633 971 est
2692 928 2992 985 agnoscere
3049 912 3189 967 duas
3251 910 3374 965 illas

1798 1011 2255 1082 reprehensiones
2290 1025 2399 1063 non
2425 1011 2691 1063 adversus
2738 1005 2960 1062 Judaaos
2994 1011 3205 1057 tantum
3228 1044 3243 1067 ,
3276 1001 3373 1056 sed

1800 1103 2063 1157 adversus
2097 1101 2399 1171 quemlibet
2437 1101 2621 1170 potius
2652 1098 2927 1153 hominem
2974 1094 3176 1149 durum
3210 1099 3375 1161 atque

1800 1193 2151 1264 praefractum
2184 1208 2279 1263 per
2309 1191 2650 1245 Paracletum
2683 1189 2923 1243 futuras.
2952 1185 3140 1239 Mundi
3170 1183 3376 1252 quippe

1799 1285 2092 1356 appellatio
2118 1284 2397 1353 signiﬁcat
2425 1285 2588 1338 etiam
2617 1296 2739 1336 eum
2771 1280 2865 1350 qui
2902 1280 2958 1333 in
2992 1276 3374 1345 voluptatibus

1800 1389 2063 1449 perpetuo
2086 1377 2384 1440 volutatur,
2418 1382 2472 1429 et
2494 1375 2563 1427 ah
2592 1373 2913 1444 impuritate
2958 1368 3232 1423 diabolica
3265 1381 3373 1418 non

1801 1472 2028 1535 recedit,
2054 1485 2156 1525 nec
2189 1469 2373 1522 minus
2407 1475 2672 1538 praeterea
2714 1462 2990 1534 signiﬁcat
3021 1475 3118 1515 eos
3151 1460 3255 1527 qui»
3279 1473 3377 1526 per

1801 1571 1973 1617 totum
2014 1562 2204 1616 orbem
2247 1569 2523 1613 terrarum
2558 1556 2737 1626 sparsi
2779 1560 2929 1614 sunt,
2959 1558 3014 1606 et
3053 1564 3179 1604 eum
3213 1546 3375 1601 inha-

1801 1658 1997 1711 bitant.
2033 1653 2315 1710 Generalis
2357 1666 2490 1722 ergo
2542 1659 2627 1705 est
2670 1657 2724 1703 et
2774 1647 2840 1702 ad
2894 1659 3088 1700 omnes
3140 1641 3379 1711 pertinet

1801 1748 1999 1817 duplex
2023 1747 2127 1803 ista
2153 1743 2533 1816 reprehensio.
2566 1741 2821 1797 Christus
2846 1740 2991 1792 enim
3024 1750 3133 1789 non
3162 1740 3376 1787 tantum

1799 1839 2040 1905 Iudaeos,
2068 1838 2233 1894 sicuti
2255 1838 2309 1891 in
2327 1834 2629 1908 principio,
2664 1840 2758 1886 aut
2779 1832 2955 1887 solum
2981 1843 3165 1883 semen
3189 1824 3377 1889 Israel,

1800 1932 1897 1987 sed
1953 1931 2272 1986 universum
2320 1927 2516 1982 Adami
2560 1941 2733 1997 genus
2786 1922 2932 1994 quod
2979 1921 3192 1990 lapsum
3232 1927 3389 1979 erat,

1800 2024 2019 2079 vocavit
2055 2023 2123 2079 ad
2152 2023 2406 2077 salutem.
2434 2017 2556 2073 Non
2590 2018 2736 2072 enim
2774 2014 2949 2087 gratia
3002 2013 3187 2081 aliqua
3221 2016 3383 2080 parte

1801 2127 1985 2182 tenus,
2029 2115 2125 2172 sed
2152 2115 2207 2170 in
2236 2128 2454 2169 omnem
2490 2119 2762 2165 terrarum
2794 2107 2982 2161 orbem
3024 2102 3149 2157 ﬁdei
3175 2101 3380 2156 bonum

1801 2208 2060 2264 diﬁ‘usum
2116 2215 2225 2262 est.
2287 2203 2472 2259 Tertia
2532 2198 2905 2272 reprehensio
2962 2209 3057 2266 per
3111 2192 3383 2262 Spiritum

1802 2302 1987 2357 futura
2018 2308 2127 2367 est,
2161 2307 2222 2354 ut
2269 2298 2347 2352 ait
2397 2295 2702 2359 Servator,
2751 2290 3064 2362 justissima
3113 2284 3385 2357 principis

1802 2394 1968 2464 hujus
2008 2391 2200 2447 mundi
2242 2386 2649 2445 condemnatio.
2682 2381 2970 2451 Quomodo
3023 2386 3206 2433 autem
3236 2418 3251 2441 ,
3285 2389 3386 2428 ex-

1802 2500 2003 2556 ponam
2035 2483 2199 2554 922
2232 2481 2473 2537 demum.
2506 2477 2910 2534 Testimonium
2936 2486 3177 2542 namque
3195 2468 3395 2541 gloria

1801 2577 2007 2633 Christi
2044 2574 2386 2647 perhibebit,
2438 2579 2493 2627 et
2531 2571 2713 2641 ipsum
2747 2566 3055 2624 ostendens
3092 2578 3217 2619 esse
3259 2561 3395 2616 uni-

1802 2666 1946 2722 versi
1979 2666 2302 2728 Dominum,
2352 2662 2617 2718 mundum
2670 2659 3129 2729 errorissarguet,
3170 2663 3228 2709 ut
3267 2659 3387 2723 qui,

1804 2762 2001 2817 relicto
2037 2774 2169 2816 vero
2195 2774 2260 2813 ac
2288 2757 2530 2812 naturali
2560 2754 2691 2818 Deo,
2732 2768 2841 2808 non
2865 2750 3198 2815 naturalem,
3222 2748 3275 2802 id
3302 2755 3389 2801 est

1806 2852 2091 2919 Satanam,
2147 2852 2415 2907 adorarit.
2457 2848 2667 2905 Suﬁicit
2695 2849 2843 2905 enim
2874 2845 2944 2900 ad
2978 2841 3387 2900 ostendendum

1805 2945 1881 2999 ita
1908 2960 1968 3001 se
1990 2945 2191 3000 habere
2222 2943 2608 3007 rei'naturam,
2640 2940 2811 2994 latum
2847 2938 2903 2992 in
2940 2952 3064 2993 eum
3086 2933 3401 3003 judicium-

114 3038 259 3119 ριον,
278 3020 485 3119 ἐλέγξει
521 3023 612 3077 τὸν
646 3025 873 3095 κόσμον,
913 3026 989 3089 ὡς
1014 3027 1454 3097 πεπλανημένον,
1482 3028 1578 3083 καὶ
1608 3029 1698 3082 τὸν

1808 3035 1927 3091 Νοιι
1950 3035 2096 3090 enim
2131 3035 2336 3104 alioqui
2364 3032 2766 3087 condemnatus
2800 3038 2856 3085 et
2899 3028 3209 3083 inﬁrmatus
3248 3026 3389 3079 fuis-

113 3112 220 3184 μὲν
240 3112 455 3183 ἀληθῶς
474 3131 534 3166 τε
561 3116 654 3168 καὶ
671 3114 832 3185 φύσει
850 3116 1059 3185 ἀφέντα
1080 3117 1233 3180 Θεὸν,
1250 3121 1699 3191 προσκυνήσαντα

1806 3138 1923 3195 set,
1970 3143 2071 3182 nec
2113 3126 2389 3183 munerarii
2451 3141 2579 3197 erga
2614 3123 2784 3178 Deum
2828 3137 2999 3177 ausus
3046 3134 3240 3191 pcenas
3287 3118 3389 3172 de-

109 3205 174 3258 δὲ
207 3207 301 3259 καὶ
330 3206 729 3279 λελατρευκότα
754 3208 834 3280 τῷ
866 3208 943 3279 μὴ
967 3210 1108 3263 κατὰ
1141 3210 1301 3279 φύσιν
1323 3250 1337 3275 ,
1380 3211 1525 3265 τοῦτ’
1564 3213 1703 3278 ἔστι,

110 3298 196 3367 τῷ
226 3298 455 3369 Σατανᾷ.
498 3299 681 3371 Ἱκανὴ
704 3300 842 3371 γὰρ,
875 3297 1028 3371 οἶμαι
1051 3341 1066 3366 ,
1099 3302 1236 3373 πρὸς
1260 3302 1322 3354 τὸ
1353 3302 1524 3366 οὕτως
1547 3303 1702 3373 ἔχου-

116 3405 223 3441 σαν
276 3388 544 3454 ἐπιδεῖξαι
591 3390 688 3462 τὴν
734 3391 829 3445 τοῦ
881 3393 1206 3463 πράγματος
1260 3394 1453 3463 φύσιν,
1499 3398 1531 3466 ἡ
1581 3397 1713 3448 κατ’

113 3478 288 3532 αὑτοῦ
330 3479 598 3551 γενομένη
637 3481 839 3552 κρίσις.
874 3480 953 3536 Ού
984 3483 1094 3554 γὰρ
1123 3483 1189 3537 ἂν
1224 3485 1556 3556 κατεκρίθη,
1610 3488 1704 3539 καὶ

112 3571 442 3642 ἠσθένησεν,
473 3572 583 3625 οὐδ’
610 3574 677 3627 ἂν
707 3573 806 3643 τῆς
829 3573 1126 3646 θεομαχίας
1157 3577 1491 3649 εἰσεπράχθη
1526 3578 1702 3647 δίκας,

119 3664 335 3732 σειραῖς
389 3659 559 3730 ζόφου
612 3665 1135 3735 τεταρταρωμένος,
1199 3666 1356 3737 εἴπερ
1408 3663 1476 3737 ἦν
1542 3668 1705 3738 φύσει

116 3753 256 3816 Θεὸς
307 3752 369 3805 τὸ
418 3752 716 3822 ἀκλόνητον
774 3752 914 3823 ἔχων
970 3756 1028 3807 ἐν
1080 3757 1145 3825 τῇ
1196 3756 1341 3826 ἰσχύϊ
1398 3759 1493 3811 καὶ
1552 3760 1700 3832 δόξῃ.

114 3845 260 3898 Νυνὶ
298 3844 359 3897 δέ
385 3843 638 3898 τοσοῦτον
678 3844 987 3910 ἐλλελοιπὸς
1028 3848 1245 3918 ὁρῶμεν
1284 3849 1460 3919 αὐτῷ,
1511 3850 1571 3903 τὺ
1603 3853 1703 3923 τὴν

114 3936 329 3990 οἰκείαν
357 3936 618 3991 δύνασθαι
647 3937 911 3991 διασῶσαι
936 3939 1102 4009 τιμὴν
1122 3980 1138 4005 ,
1176 3938 1316 3992 ὥστε
1350 3942 1445 3994 καὶ
1475 3942 1579 3996 ὑπὸ
1604 3944 1703 3997 πό-

113 4032 217 4094 δας
246 4030 516 4083 τεθεῖσθαι
555 4030 663 4083 τῶν
695 4031 1158 4103 πνευματοφόρων
1179 4072 1195 4097 ,
1235 4035 1353 4104 ἦτοι
1392 4036 1622 4103 πιστῶν,
1654 4039 1703 4090 ιιῖ

114 4122 217 4176 καὶ
246 4121 377 4175 Θεὸν
422 4121 689 4192 ὑπάρχειν
728 4121 1117 4192 ὡμολογήκασι
1154 4123 1246 4176 τὸν
1278 4126 1535 4197 Χριστόν.
1588 4129 1705 4182 Πα-

110 4214 275 4266 τοῦσι
326 4214 435 4285 γὰρ
486 4214 648 4268 αὐτὸν
694 4213 792 4265 καὶ
832 4214 1197 4285 πειράζοντα,
1240 4218 1332 4270 καὶ
1374 4219 1704 4289 μαχόμενον.

80 4364 92 4387 ο
116 4306 293 4357 Ὅταν
320 4303 379 4356 δέ
421 4303 485 4373 δή
522 4320 607 4366 τις
646 4302 743 4355 καὶ
788 4302 880 4357 τὸν
923 4304 1032 4356 τῶν
1062 4304 1388 4376 ἀκαθάρτων
1413 4307 1707 4378 δαιμονίων

1745 3284 1757 3294 _
1805 3225 2026 3286 disset,
2068 3223 2123 3275 in
2166 3221 2459 3291 caliginem
2501 3217 2701 3273 inferni
2748 3216 3035 3277 detrusus,
3089 3212 3137 3267 si
3191 3219 3404 3265 natura

1809 3316 1950 3371 Deus
1981 3323 2149 3377 essm,
2202 3314 2365 3381 cujus
2395 3312 2569 3367 virtus
2612 3318 2666 3365 et
2693 3309 2870 3381 gloria
2913 3305 3138 3362 concuti
3169 3303 3382 3374 nequit.

1804 3404 1962 3459 Nunc
1999 3419 2130 3458 vero
2168 3411 2380 3456 tantum
2437 3401 2593 3455 abest
2624 3407 2684 3454 ut
2730 3414 2893 3454 suum
2935 3399 3207 3452 honorem
3244 3394 3397 3449 tueri

1808 3497 2003 3569 possit,
2033 3504 2094 3549 ut
2141 3494 2372 3565 pedibus
2412 3494 2656 3548 virorum
2703 3492 3074 3563 spiritualium
3110 3497 3204 3543 aut
3254 3488 3391 3542 lide-

1806 3589 1940 3642 liutn
1985 3588 2167 3658 potius
2214 3585 2517 3655 subjectus.
2555 3586 2666 3650 sit,
2724 3585 2820 3654 qui
2882 3583 3165 3638 Christum
3220 3581 3387 3635 etiam

1807 3678 1975 3734 Deum
2014 3695 2138 3735 esse
2175 3678 2421 3733 confessi
2469 3686 2619 3732 sunt.
2656 3677 2796 3732 Eum
2839 3676 2984 3730 enim
3034 3673 3389 3734 eonculcant,

1807 3773 1924 3829 sive
1965 3781 2171 3835 tentet,
2209 3773 2326 3826 sive
2354 3776 2655 3841 oppugnet.
2685 3768 2822 3822 Cum
2869 3781 3000 3836 ergo
3043 3766 3384 3834 impurorum

1807 3863 2114 3918 daemonum
2160 3878 2354 3933 agmen
2400 3876 2592 3916 eorum
2636 3859 2887 3914 oratione
2934 3865 2992 3911 et
3048 3856 3288 3911 efﬁcacia
3324 3870 3397 3908 ac

1806 3955 2009 4011 virtute
2057 3953 2307 4026 Spiritus
2351 3953 2748 4009 cohorrescere
2801 3952 2991 4005 videas
3049 3957 3105 4004 et
3158 3948 3386 4019 expelli,

1809 4046 2089 4117 quomodo
2129 4061 2239 4100 non
2274 4047 2473 4101 merito
2505 4044 2938 4099 condemnatum
2974 4044 3233 4098 Satanam
3265 4056 3401 4095 esse.

1806 4140 1999 4195 dices?
2036 4138 2464 4194 Condemnatus
2501 4138 2649 4192 enim
2687 4146 2792 4203 est,
2833 4150 2899 4191 eo
2950 4134 3098 4205 quod
3148 4149 3257 4187 non
3291 4148 3401 4202 po-

1806 4240 1918 4287 test
1951 4232 2190 4301 amplius
2222 4232 2347 4287 illos
2392 4231 2630 4301 imperio
2669 4244 2774 4284 suo
2812 4243 3086 4298 premere,
3113 4227 3209 4298 qui
3256 4240 3395 4281 san-

1808 4332 1897 4379 cto
1928 4321 2137 4394 Spiritu
2168 4324 2368 4393 signati
2413 4330 2543 4378 sunt
2574 4323 2630 4376 in
2668 4322 2948 4392 justitiam
2977 4325 3034 4376 et
3066 4318 3388 4375 sanctiﬁca-

82 4395 290 4479 ςὲσμὸν
328 4395 782 4467 καταπεφρικότα
803 4434 818 4461 ,
848 4396 942 4449 καὶ
971 4398 1388 4468 ἐκπεμπόμενον
1424 4398 1596 4474 βλέπῃ
1617 4402 1699 4455 διὰ

1808 4417 2015 4471 tionem
2045 4430 2143 4485 per
2172 4415 2331 4469 ﬁdem
2360 4414 2413 4468 in
2438 4413 2726 4469 Christum
2749 4413 2819 4467 θ’.
2843 4411 3064 4481 Alioqui
3086 4408 3397 4481 quomodo,

82 4542 85 4545 _
112 4489 222 4558 τῆς
249 4488 426 4541 αὐτῶν
459 4488 804 4559 προσευχῆς,
855 4490 947 4541 καὶ
972 4490 1273 4560 ἐνεργείας,
1302 4492 1394 4545 καὶ
1422 4492 1703 4564 δυνάμεως

112 4583 215 4636 τοῦ
246 4582 400 4649 ἁγίου
428 4582 748 4653 Πνεύματος
767 4622 781 4647 ,
825 4582 941 4644 πῶς
970 4583 1070 4636 οὐκ
1110 4583 1349 4650 εὐλόγως
1387 4585 1503 4656 ἐρεῖ
1532 4603 1701 4639 κατα-

113 4675 410 4745 κεκρίσθαι
456 4676 547 4729 τὸν
578 4676 822 4728 Σατανᾶν
848 4693 862 4740 ;
894 4676 1304 4746 Κατακέκριται
1336 4677 1442 4748 γὰρ
1474 4678 1552 4748 τῷ
1594 4696 1700 4749 μη-

112 4769 241 4823 κέτι
267 4768 522 4821 δύνασθαι
545 4769 885 4821 πλεονεκτεῖν
905 4769 1033 4832 τοὺς
1051 4768 1128 4839 τῷ
1151 4769 1429 4840 Πνεύματι
1458 4770 1535 4843 τῷ
1562 4771 1702 4841 ἁγίῳ

112 4859 697 4931 κατεσφραγισμένους
740 4862 820 4923 εἰς
866 4859 1211 4930 δικαιοσύνην
1264 4863 1358 4914 καὶ
1400 4863 1701 4933 ἁγιασμδν,

110 4951 210 5004 διὰ
259 4951 493 5014 πίστεως
524 4950 625 5021 τῆς
670 4952 749 5013 εἰς
777 4952 1034 5021 Χριστόν.
1106 4951 1261 5004 Ἐπεὶ
1302 4951 1418 5017 πῶς
1462 4952 1549 5019 ἂν,
1582 4955 1704 5007 εἰπέ

120 5062 241 5114 μοι,
269 5044 731 5113 κατεπατήσαμεν
758 5044 937 5096 πᾶσαν
962 5042 1128 5096 αὐτοῦ
1158 5043 1255 5115 τὴν
1286 5043 1537 5116 δύναμιν,
1563 5047 1704 5099 κατὰ

112 5136 182 5189 τὸ
209 5139 267 5189 ἐν
291 5136 540 5206 Ψαλμοῖς
572 5134 864 5205 εἰρημένον
910 5134 1048 5205 πρὸς
1094 5134 1276 5188 πάντα
1305 5136 1590 5207 ἄνθρωπον
1612 5138 1703 5190 τὴν

116 5226 481 5280 κατοικοῦντα
514 5228 571 5279 ἐν
594 5225 817 5297 βοηθείᾳ
840 5225 935 5279 τοῦ
971 5225 1227 5295 Ὑψίστου
1253 5243 1264 5254 ·
1305 5246 1323 5278 ι
1347 5228 1469 5279 Ἐπὶ
1499 5228 1700 5281 ἀσπίδα

117 5319 216 5371 καὶ
281 5317 595 5387 βασιλίσκον
643 5317 1025 5389 ἐπιϐήσῃ,καὶ
1052 5319 1463 5389 καταπατήσεις
1513 5322 1699 5374 λέοντα

116 5411 215 5463 καὶ
248 5410 545 5479 δράκοντας
580 5429 599 5462 ι
654 5410 822 5463 Ὅταν
857 5410 1036 5462 τοίνυν
1082 5412 1111 5463 6
1152 5409 1211 5474 ἐξ
1257 5411 1485 5481 ούρανοῦ
1520 5413 1698 5483 Παρά-

118 5500 317 5569 κλητος
349 5504 405 5553 ἐν
430 5501 613 5568 ἁγίαις
642 5500 865 5571 γένηται
886 5499 1105 5570 ψυχαῖς,
1139 5502 1231 5555 καὶ
1256 5501 1478 5565 δικαίως
1515 5504 1695 5567 αὐτοῖς

169 5679 212 5708 ⁵⁰
235 5675 388 5730 Juan.
426 5693 517 5740 xx,
545 5676 630 5731 5i.
713 5675 754 5706 ⁵⁸
787 5676 979 5747 Ισὶνίιεε.
1016 5692 1053 5743 ι,
1086 5677 1265 5731 1545.

1350 5679 1392 5707 δ’
1421 5677 1562 5732 l‘snl.
1589 5696 1677 5745 λς,
1717 5680 1796 5738 l5.

1810 4522 2019 4577 quaso,
2054 4505 2168 4560 vim
2196 4506 2318 4575 ejus
2349 4521 2568 4561 omnem
2603 4504 3113 4575 proculcassemus,
3141 4501 3294 4571 juxta
3332 4500 3403 4555 id!

1809 4597 1959 4670 quod
1992 4599 2049 4653 in
2076 4597 2311 4653 Psalmis
2338 4596 2603 4666 scriptum
2638 4603 2723 4650 est
2761 4594 2828 4648 ad
2860 4609 3079 4648 omnem
3111 4592 3399 4645 hominem

1811 4692 1906 4762 qui
1930 4692 2145 4746 habitat
2190 4690 2246 4743 in
2287 4689 2566 4757 adjutorio
2595 4687 2913 4742 Altissimi:
2958 4703 2976 4735 ι
3029 4683 3205 4754 Super
3237 4683 3389 4753 aspi-

1809 4785 1932 4838 dem
1997 4790 2052 4836 et
2108 4781 2430 4836 basiliscum
2492 4778 2839 4840 ambulabis,
2922 4785 2978 4831 et
3033 4774 3412 4831 couculcabis-

1804 4877 2020 4931 leonem
2047 4884 2102 4928 et
2133 4872 2437 4927 draconem
2452 4870 2542 4923 In?
2586 4889 2605 4923 ι
2640 4871 2775 4924 Cum
2811 4883 2957 4939 ergo.
2985 4865 3306 4921 Paracletus
3331 4867 3384 4918 in

1802 4976 2030 5025 sanctas
2058 4966 2271 5020 animas
2305 4964 2525 5019 coalitus
2562 4962 2841 5024 illahetur,
2871 4969 2926 5014 et
2961 4958 3112 5030 juste
3138 4959 3220 5013 eis
3261 4974 3405 5026 pro-7

1803 5067 1923 5129 pter
1957 5058 2239 5114 sinceram
2266 5064 2323 5112 et
2354 5057 2733 5123 incorruptam
2765 5052 2929 5107 [idem
2981 5052 3187 5106 missus
3216 5066 3385 5121 appao

1802 5147 1983 5213 rebit,
2047 5156 2177 5200 tunc
2218 5146 2427 5215 peccati
2480 5158 2633 5198 reum
2706 5140 2974 5195 mundum
3041 5150 3270 5209 arguet,
3332 5146 3387 5191 et

1810 5251 2045 5305 superna
2085 5237 2259 5306 gratia
2302 5226 2579 5296 orbatum,
2613 5233 2742 5303 quia
2772 5230 3192 5302 Redemptorem
3221 5245 3395 5283 aver—-

1812 5333 2025 5379 santur.
2092 5325 2306 5381 Rursus
2372 5332 2554 5378 autem
2607 5323 2787 5391 ipsum
2850 5331 3076 5391 arguet,
3119 5330 3381 5389 tauquam

1812 5418 1903 5486 qui
1948 5416 2131 5486 inique
2168 5417 2381 5486 peccati
2429 5415 2705 5470 accusarit
2733 5428 2827 5467 eos
2856 5414 2952 5482 qui
2978 5412 3091 5481 jam
3133 5410 3385 5465 credide-

1812 5518 1959 5568 runt.
1998 5509 2189 5565 Merito
2230 5510 2373 5566 enim
2409 5509 2694 5585 justilitgati
2736 5514 2885 5571 sunt,
2929 5507 3065 5561 licet.
3096 5504 3397 5560 Christum
