3862 6206
466 194 571 254 439

1461 193 1518 247 S.
1559 192 1837 249 CYBILLI
1877 193 2344 249 ALEXANDRINI
2382 195 2700 250 ARCHIEP.

3617 193 3714 247 NO

466 307 538 366 ad
577 306 748 362 Deum
792 319 1104 370 reversum,
1149 313 1204 362 et
1257 307 1523 361 miracula
1562 315 1871 376 patrantem
1926 326 2029 365 non

2141 311 2587 383 ἀπεσταλμένος,
2633 312 2723 365 διὰ
2749 312 2849 383 τὴν
2894 309 3193 366 ἀδέκαστον
3226 312 3488 380 φαίνηται
3513 309 3713 374 πίστιν,

466 395 796 468 spectarint,
829 409 894 450 ea
925 395 1032 450 (ide
1063 405 1484 467 prosequentes.
1524 395 1657 454 Tale
1685 399 1817 468 quid
1849 409 2033 456 autem

464 488 707 545 arbitror
747 486 1074 556 Apostolum
1135 488 1191 543 in
1239 488 1487 544 animum
1546 489 1866 558 induxisse,
1908 505 2036 547 cum

465 579 544 636 ait
575 598 589 635 :
618 598 637 632 ι
683 577 818 645 Quis
862 577 1144 633 accusabit
1173 577 1440 634 adversus
1485 579 1692 636 electos
1725 579 1861 636 Dei?
1891 580 2036 638 Deus

459 673 732 742 justiﬁcat
764 691 776 728 :
810 673 937 744 quis
964 681 1050 729 est
1099 673 1189 743 qui
1227 673 1556 728 condemnet
1577 673 1663 727 ”?
1699 693 1718 727 ι
1757 705 1827 714 -
1859 694 1877 724 ‹
1907 676 2036 727 Om-

466 768 552 820 nis
607 767 754 821 enim
810 765 1072 836 iniquitas
1129 779 1194 820 os
1253 780 1415 821 suum
1464 764 1828 836 oppilavit“,
1877 764 2035 836 juxta

463 856 776 912 Psalmistae
807 873 1018 922 vocem,
1045 857 1181 910 nihil
1210 855 1418 911 habens
1453 855 1508 910 in
1535 871 1643 925 quo
1670 855 2036 926 reprehendat

463 962 562 1017 per
588 947 746 1002 lidem
775 947 1000 1009 electos,
1035 945 1344 1015 etjustitia:
1373 960 1497 1014 qua:
1519 959 1586 999 ex
1611 944 1715 999 ﬁde
1744 953 1829 1000 est
1855 946 2032 1016 gloria

463 1039 766 1095 redimitos.
818 1038 1024 1108 Arguet
1065 1047 1246 1092 autem
1302 1037 1570 1092 mundum
1613 1048 1672 1091 ut
1719 1036 2032 1106 seductum,

461 1141 516 1186 et
542 1133 596 1185 in
637 1146 762 1186 eum
811 1131 902 1202 qui
945 1131 1025 1187 sic
1057 1132 1456 1188 condemnatus
1486 1139 1572 1187 est
1613 1146 1741 1202 spes
1771 1146 1901 1187 suas
1937 1147 2034 1201 po-

460 1229 677 1278 nentem
701 1262 716 1287 ,
761 1231 820 1276 ut
852 1222 1000 1275 omni
1057 1223 1278 1292 quidem
1312 1231 1493 1277 vetere
1536 1221 1708 1292 gloria
1736 1220 2030 1286 exciderit,

459 1329 526 1368 ac
574 1329 674 1385 pro
729 1314 904 1368 nihilo
962 1315 1035 1370 sit
1088 1330 1120 1369 a
1184 1314 1279 1369 Dei
1357 1313 1670 1369 cultoribus
1720 1311 2028 1368 habendus.

459 1405 626 1477 923
661 1405 974 1476 Principem
1022 1421 1155 1460 vero
1198 1405 1382 1461 saeculi
1415 1405 1580 1475 hujus
1606 1404 1828 1460 vocavit
1863 1403 2029 1470 Deus,

457 1514 567 1552 non
611 1499 774 1568 quasi
820 1513 949 1553 vere
980 1497 1128 1553 istud
1177 1497 1269 1563 sit,
1316 1512 1417 1552 nec
1467 1496 1626 1566 quasi
1674 1495 2026 1550 cssentialem

2137 401 2258 456 τότε
2287 405 2407 466 ταῖς
2431 404 2660 466 οἰκείαις
2691 401 2994 474 ἁμαρτίαις
3031 400 3216 474 ἔνοχον
3248 400 3528 466 ἀποδείξει
3561 418 3714 469 γεγο-

2138 495 2267 549 νότα
2295 495 2389 548 τὸν
2413 495 2643 568 κόσμον,
2675 495 2771 550 καὶ
2795 495 2898 566 τῆς
2920 494 3126 549 ἀνωθεν
3158 495 3544 565 ἀμοιρήσαντα
3570 496 3716 563 χάρι-

2135 603 2248 652 τος,
2286 587 2521 658 ἐπείπερ
2551 588 2954 659 ἀποτρέπονται
2982 585 3074 640 τὸν
3111 586 3430 656 Λυτρωτήν.
3477 584 3715 652 Ἑλέγξει

2135 678 2194 732 δὲ
2234 679 2398 733 πάλιν
2431 679 2602 733 αὐτὸν
2625 721 2640 745 ,
2688 679 2764 743 ὡς
2817 678 2920 732 οὐκ
2955 678 3193 744 εὐλόγως
3242 676 3586 746 ἐγκαλοῦντα
3623 678 3714 746 τὴν

2137 770 2414 841 ἁμαρτίαν
2443 773 2557 835 τοῖς
2587 772 2688 842 ῆδη
2717 770 3137 824 πεπιστευκόσι.
3187 768 3578 826 Δεδικαίωνται
3611 769 3714 838 γὰρ

2136 863 2360 926 εἰκότως
2379 905 2393 930 ,
2427 862 2606 916 καίτοι
2638 863 2774 932 πρὸς
2806 861 2940 916 Θεὸν
2982 862 3416 932 ἀποδημήσαντα
3456 859 3548 913 τὸν
3579 860 3716 929 Χρι-

2138 954 2262 1008 στὸν
2288 957 2382 1008 καὶ
2409 954 2933 1026 θαυματουργοῦντα
2967 954 3043 1025 μὴ
3066 953 3414 1026 θεασάμενοι,
3432 955 3505 1023 τῇ
3535 952 3716 1006 πίστει

2134 1048 2486 1117 τιμήσαντες.
2527 1044 2694 1118 Οἶμαι
2733 1048 2790 1102 δέ
2817 1048 2880 1119 δή
2911 1065 2965 1100 τι
2995 1045 3234 1100 τοιοῦτον
3263 1047 3599 1116 ἐννοήσαντα
3626 1045 3715 1098 καὶ

2132 1137 2224 1191 τὸν
2263 1136 2474 1191 Παῦλον
2507 1139 2706 1192 εἰπεῖν’
2768 1157 2786 1189 ι
2822 1137 2917 1201 Τίς
2949 1136 3232 1206 ἐγκαλέσει
3269 1135 3410 1191 κατά
3442 1135 3715 1188 ἐκλεκτῶν

2132 1231 2270 1286 Θεοῦ
2295 1250 2309 1298 ;
2342 1230 2474 1295 Θεὸς
2501 1230 2774 1285 δδικαιῶν
2795 1249 2808 1263 ο
2839 1230 2925 1295 τίς
2955 1233 2984 1286 ό
3002 1229 3345 1300 κατακρίνων
3369 1246 3384 1294 ;
3412 1246 3429 1279 ι
3457 1255 3530 1268 --
3556 1247 3575 1279 ς
3610 1227 3718 1279 Ἐν-

2133 1323 2332 1393 έφραξε
2362 1323 2470 1395 γάρ
2499 1324 2698 1394 ἀνομία
2719 1324 2870 1376 πᾶσα
2891 1323 2950 1376 τὸ
2981 1323 3156 1393 στόμα
3183 1321 3369 1390 αὐτῆς,
3402 1339 3418 1371 ι
3444 1319 3593 1374 κατά
3619 1319 3717 1388 τὴν

2132 1414 2227 1467 τοῦ
2261 1414 2572 1479 Ψάλλοντος
2615 1415 2823 1486 φωνὴν,
2879 1414 3034 1469 οὐδὲν
3076 1413 3327 1482 ἐγκαλεῖν
3361 1411 3563 1483 ἔχουσα
3608 1413 3719 1473 τοῖς

2131 1507 2222 1562 διὰ
2249 1508 2484 1571 πίστεως
2515 1507 2940 1578 ἐξειλεγμένοις,
2975 1507 3070 1560 καί¹
3100 1505 3201 1576 τῆς
3235 1501 3486 1557 ἐντεῦθεν
3516 1501 3720 1555 δικαιοο

454 1589 654 1644 babeat
705 1589 854 1644 illam
905 1589 1212 1660 imperandi
1245 1588 1593 1659 dignitatem,
1643 1587 1740 1643 sed
1770 1586 1901 1658 quia
1935 1601 2029 1657 per

2135 1599 2301 1668 σύνης
2335 1598 2843 1669 κατημτριεσμένοις
2869 1596 2930 1650 τὸ
2973 1596 3253 1666 καύχημα.
3313 1589 3634 1659 Ἀπελέγξει
3664 1589 3720 1642 δὲ

455 1679 704 1736 fraudem
734 1689 789 1736 et
819 1681 1068 1752 rapinam
1104 1681 1248 1735 hanc
1297 1680 1404 1734 sibi
1433 1679 1663 1750 gloriam
1705 1678 1944 1750 peperit,
1973 1686 2029 1734 et

2134 1688 2225 1742 τὸν
2269 1688 2509 1758 κόσμον,
2561 1688 2636 1751 ὼς
2681 1686 3133 1757 πεπλανημένον,
3188 1685 3282 1737 καὶ
3325 1684 3404 1746 εἰς
3447 1681 3546 1735 τὸν
3576 1680 3722 1732 οὕτω

453 1772 581 1842 qlia
608 1772 662 1827 in
685 1773 998 1828 errantibus
1021 1771 1201 1827 adhuc
1219 1771 1484 1842 imperat,
1512 1785 1577 1824 ac
1603 1786 1832 1839 regnum
1863 1785 2026 1826 suum

453 1872 692 1926 exercet,
732 1874 953 1934 propter
983 1864 1256 1919 nefarium
1289 1877 1482 1919 eorum
1525 1862 1866 1930 institutum,
1893 1879 2024 1934 quo,

452 1955 632 2011 errori
721 1963 905 2013 mente
984 1954 1178 2021 allisa,
1249 1954 1592 2012 ineluctabili
1689 1956 2029 2026 captivitatis

451 2047 676 2104 vinculo
699 2047 952 2104 obstricti
999 2055 1150 2112 sunt,
1178 2049 1434 2118 quamvis
1476 2049 1559 2104 eis
1599 2047 1794 2118 fugere
1835 2049 2024 2114 liceat,

452 2151 548 2207 per
595 2135 757 2192 [idem
808 2137 865 2192 in
909 2134 1190 2193 Christum
1245 2137 1313 2192 ad
1367 2137 1705 2206 agnitionem
1757 2139 1870 2193 veri
1930 2139 2025 2196 Dei

453 2227 756 2284 translatis.
791 2227 1175 2284 Adulterinum
1229 2229 1398 2299 igitur
1437 2236 1521 2284 est
1566 2227 1784 2286 Satanae
1822 2246 2020 2288 nomen

453 2317 623 2384 istud,
662 2317 1028 2388 principatus,
1077 2317 1223 2387 quod
1269 2319 1317 2374 ei
1369 2328 1563 2373 natura
1605 2319 1826 2389 quidem
1877 2319 2024 2377 haud

452 2408 619 2475 inest,
653 2409 747 2464 sezl
788 2409 842 2464 in
868 2410 1173 2465 errantium
1210 2410 1540 2466 exsecrabili
1587 2412 1856 2482 pravitate
1890 2427 2024 2469 con—

450 2509 702 2560 servatur

2135 1781 2466 1850 κατάκριτον
2483 1779 2674 1849 ἔχοντα
2700 1779 2800 1842 τὰς
2828 1777 3071 1840 ἐλπίδας,
3093 1777 3168 1838 ὡς
3191 1777 3408 1844 ἀπάσης
3436 1773 3541 1844 μὲν
3559 1770 3722 1839 δόξης

2133 1872 2235 1940 τῆς
2267 1871 2502 1942 ἀρχαίας
2534 1871 2833 1924 ἀποπεσεῖν
2855 1908 2872 1932 ,
2901 1865 3330 1936 ἐκφαυλίζεσθαι
3360 1864 3416 1917 δὲ
3441 1863 3557 1915 δεῖν
3576 1902 3591 1926 ,
3625 1859 3721 1912 καὶ

2133 1962 2193 2014 ἐν
2237 1960 2316 2031 τῷ
2349 1960 2540 2032 μηδενὶ
2578 1957 2840 2029 τετάχθαι
2891 1957 3034 2029 λόγῳ
3075 1955 3226 2027 παρά
3255 1953 3365 2007 τῶν
3408 1951 3720 2021 σεὸομένων

2132 2051 2287 2107 Θεόν.
2345 2049 2619 2124 Ἀρχοντά
2647 2066 2711 2119 γε
2747 2048 2853 2120 μὴν
2881 2048 2978 2102 τοῦ
3026 2048 3221 2112 αἰῶνος
3249 2044 3439 2099 τούτου
3477 2042 3721 2112 κέκληκε

2131 2143 2300 2208 Θεὸς,
2349 2143 2446 2214 οὐχ
2491 2143 2566 2206 ὡς
2609 2142 2740 2196 ὄντα
2780 2141 2940 2196 τοῦτο
2987 2139 3129 2194 κατὰ
3161 2138 3448 2210 ἀλήθειαν,
3503 2135 3608 2204 οὐχ
3645 2133 3720 2197 ὡς

2129 2235 2390 2298 οὐσιῶδες
2423 2234 2617 2305 ἔχοντα
2648 2235 2862 2305 ἀξίωμα
2883 2277 2898 2298 ,
2943 2232 3086 2304 φημί
3111 2232 3175 2302 δὴ
3208 2231 3266 2284 τὸ
3295 2227 3557 2282 δύνασθαι
3585 2243 3721 2294 κρα-

2130 2329 2266 2394 τεῖν,
2283 2326 2396 2380 ἀλλ’
2418 2325 2495 2390 ὡς
2523 2323 2582 2391 ἐξ
2611 2327 2829 2397 ἀπάτης
2852 2324 2946 2380 καὶ
2974 2322 3286 2389 πλεονεξίας
3310 2320 3411 2392 τὴν
3443 2320 3543 2371 ἐπὶ
3563 2317 3721 2369 τοῦτο

2128 2418 2286 2484 δόξαν
2315 2419 2778 2491 ἀποκερδαίνοντα
2797 2458 2813 2482 ,
2863 2419 2955 2472 καὶ
2984 2417 3059 2480 ὡς
3109 2417 3166 2468 ἐν
3196 2416 3308 2477 τοῖς
3337 2408 3720 2480 πλανωμένοις
3824 2408 3825 2424 1

2130 2509 2210 2564 ἔτι
2245 2510 2552 2581 κρατοῦντά
2577 2528 2639 2564 τε
2671 2511 2766 2564 καὶ
2787 2510 3022 2581 ἄρχοντα
3041 2547 3057 2573 ,
3112 2506 3201 2560 διὰ
3229 2505 3328 2574 τὴν
3356 2503 3593 2557 ἐνοῦσαν
3621 2500 3717 2553 αὖ·
3823 2507 3825 2581 λ

449 2595 560 2656 τοῖς
619 2592 1030 2665 μοχθηροτάτην
1072 2592 1422 2665 προαίρεσιν,
1470 2592 1596 2646 καθ’
1635 2593 1703 2663 ἢν
1735 2596 1801 2665 τῇ
1843 2595 2018 2670 πλάνῃ
2057 2599 2149 2652 τὸν
2168 2601 2368 2654 οἰκεῖον
2392 2600 2868 2671 προσδοκήσαντες
2899 2597 3010 2670 [ian
3069 2590 3499 2666 προσδήσαντες]
3565 2589 3710 2673 νοῦν¹

448 2689 779 2757 ἀδιάφυκτον
807 2689 987 2760 έχουσι
1029 2689 1129 2758 τῆς
1164 2687 1541 2758 αἰχμαλωσίας
1569 2690 1662 2743 τὸν
1714 2691 1926 2764 βρόχον,
1952 2694 2130 2748 καίτοι
2159 2694 2439 2767 διαδρᾶναι
2482 2695 2656 2766 παρὸν
2705 2694 2791 2747 ἐπ’
2818 2690 3065 2758 ἐξουσίας
3114 2690 3318 2751 αὐτοῖς,
3355 2687 3444 2740 διά
3476 2685 3715 2742 πίστεως

448 2780 548 2849 τῆς
587 2781 667 2841 εἰς
699 2779 930 2849 Χριστὸν
977 2777 1452 2849 μετατεθειμένοις
1499 2783 1578 2843 εἰς
1611 2781 1904 2849 ἐπίγνωσιν
1963 2783 2059 2836 τοῦ
2115 2787 2261 2841 κατά
2297 2787 2559 2858 ἀλήθειαν
2605 2789 2757 2850 δντος
2805 2782 2962 2841 Θεοῦ.
3018 2782 3189 2838 Νόθον
3231 2777 3326 2834 οῦν
3364 2781 3474 2850 ἄρα
3525 2769 3593 2831 τὸ
3622 2776 3718 2844 τῆς

449 2871 621 2941 ἀρχῆς
653 2871 822 2939 ὅντιμτδτ·
851 2869 931 2940 τῷ
982 2870 1216 2940 Σατανᾷ»
1250 2870 1492 2938 φυσικῶς
1522 2872 1621 2941 μὲν
1645 2874 1704 2927 οὗ
1739 2875 1875 2948 πρὸς
1912 2875 2044 2930 Θεὸν
2082 2876 2196 2948 [πρ.
2230 2879 2485 2952 προσὸν],
2529 2881 2588 2934 ἐν
2634 2879 2691 2932 δὲ
2737 2881 2805 2950 τῇ
2855 2878 2963 2931 τῶν
3017 2875 3387 2944 πλανωμένων
3455 2869 3716 2942 βδελυρίᾳ.

447 2961 681 3026 (“itaawa
687 2978 866 3031 μενον.

522 3052 638 3107 XVI
665 3093 680 3116 ,
724 3052 828 3116 12,
874 3053 959 3107 15.
1003 3052 1195 3107 Adhuc
1234 3056 1406 3108 multa
1443 3055 1607 3110 habeo
1640 3059 1787 3111 vobis
1819 3058 2022 3122 dicere,

2201 3059 2330 3110 Ἔτι
2362 3054 2564 3109 πολλὰ
2589 3054 2708 3123 ἕχω
2729 3053 2935 3120 λέγειν
2967 3051 3141 3122 ὑμῖν,
3174 3050 3314 3105 ἀλλ’
3353 3051 3427 3104 οὐ
3448 3050 3717 3106 δύνασθε

449 3146 542 3203 κά
575 3162 684 3198 non
712 3145 929 3212 potestis
963 3154 1178 3211 portare
1217 3145 1394 3199 modo.
1439 3145 1573 3201 Cum
1613 3157 1790 3201 autent
1828 3153 2024 3204 venerit

2134 3145 2452 3212 βαστάζειν
2497 3145 2648 3214 ἄρτι.
2701 3146 2886 3198 Ὅταν
2911 3144 3057 3211 ἔλθῃ
3089 3141 3347 3206 ἐκεῖνος,
3377 3142 3445 3194 τὸ
3471 3144 3719 3212 Πνεῦμα

453 3234 542 3290 ille
568 3233 801 3302 Spiritus
830 3233 1066 3286 veritatis
1089 3273 1103 3296 ,
1133 3234 1342 3286 docebit
1375 3252 1460 3288 vos
1496 3252 1700 3288 omnem
1732 3241 2026 3292 veritatem.

2134 3236 2240 3306 τῆς
2268 3237 2576 3305 ἀληθείας,
2599 3235 2884 3305 ὁδηγήσει
2908 3232 3062 3304 ὑμᾶς
3085 3237 3171 3299 εἰς
3193 3231 3402 3288 πᾶσαν
3422 3232 3542 3302 τὴν
3572 3234 3719 3300 ἁλὴς

457 3322 577 3379 Νυη
609 3326 746 3378 enim
773 3325 1015 3394 loquetur
1041 3342 1073 3377 a
1108 3327 1388 3396 semetipso
1412 3367 1426 3388 ,
1457 3325 1547 3380 sed
1579 3344 1902 3398 quwcunque
1931 3347 2029 3382 au-

2134 3331 2317 3383 θείαν.
2364 3329 2447 3381 Οὺ
2477 3327 2586 3397 γὰρ
2606 3325 2868 3393 λαλήσει
2894 3325 2994 3394 ἀφ’
3026 3324 3246 3379 ἑαυτοῦ
3266 3365 3279 3387 ,
3312 3325 3454 3379 ἀλλ’
3482 3325 3609 3378 ὅσα
3647 3326 3720 3378 ἂν

453 3416 558 3470 σία-ι
589 3416 850 3486 loquetur,
873 3426 923 3470 et
951 3432 1069 3486 quae
1098 3426 1318 3470 ventura
1339 3428 1465 3472 sunt
1493 3420 1836 3474 annuntiabit
1861 3423 2026 3475 vobis.

522 3593 659 3646 Cum
720 3607 817 3648 eos
875 3592 1060 3646 futura
1122 3595 1334 3649 sciendi
1387 3596 1697 3652 vehementi
1751 3598 2031 3655 desiderio

453 3697 679 3754 pressos
733 3683 1232 3750 animadverteret,
1291 3686 1458 3756 idque
1514 3690 1674 3744 anxie
1733 3691 2027 3746 admodum

455 3775 569 3846 pati
593 3774 874 3844 (implevit
896 3774 1041 3828 enim
1059 3815 1074 3840 ,
1097 3774 1298 3844 inquit,
1331 3777 1561 3832 tristitia
1585 3779 1753 3833 corda
1775 3782 2026 3852 eorum),

453 3867 687 3921 alterius
719 3865 910 3921 oneris
943 3866 1262 3921 accessione
1301 3868 1530 3938 insuper
1563 3872 1876 3940 gravandos
1908 3887 2030 3927 esse

453 3971 568 4012 non
606 3956 854 4027 putavit,
887 3955 982 4011 sed
1021 3965 1335 4027 opportuno
1373 3959 1543 4014 veluti
1577 3960 1801 4016 silentio
1832 3965 2030 4032 premit

453 4062 577 4118 qua:
610 4063 721 4102 non
762 4046 1116 4102 mediocriter
1153 4063 1250 4103 eos
1292 4049 1597 4119 percellerc
1630 4061 1924 4121 poterant,
1975 4063 2031 4108 et

452 4139 776 4194 revelationi
827 4153 924 4209 per
963 4138 1231 4209 Splritum
1275 4155 1340 4195 ac
1384 4141 1742 4197 illustrationi
1781 4159 2030 4216 congruo

455 4231 699 4300 tempore
749 4228 947 4284 futura:
992 4229 1136 4299 quod
1176 4231 1258 4285 eis
1299 4230 1367 4284 ad
1415 4233 1790 4304 cognitionem
1843 4237 2031 4290 deerat

455 4321 779 4376 reservavit.
807 4317 911 4376 Sed
933 4336 1058 4375 cum
1081 4335 1178 4376 eos
1203 4321 1598 4380 imbecilliores
1629 4325 1811 4381 adhuc
1839 4326 2028 4384 forsan

2131 3418 2398 3485 ἀκούσῃ,
2441 3416 2736 3484 λαλήσει,
2786 3417 2885 3470 καὶ
2933 3417 3005 3470 τὰ
3051 3416 3346 3484 ἐρχόμενα
3394 3417 3726 3487 ἀναγγελεῖ

2130 3508 2295 3564 ὺιιῖν.

2167 3530 2168 3543 ι
2209 3526 2295 3560 ιν.

2167 3526 2734 3670 μΠλεονεκτουμένους
2777 3598 2878 3670 ἤδη
2918 3601 3038 3661 ταῖς
3066 3600 3128 3652 ἐκ
3153 3597 3247 3652 τοῦ
3275 3599 3466 3668 μαθεῖν
3496 3599 3566 3653 τὰ
3596 3599 3720 3653 ἐσιό-

2135 3711 2272 3764 μενα
2302 3693 2623 3764 δυσθυμίαις
2649 3691 2846 3762 εὑρὼν,
2877 3691 2971 3744 καὶ
2999 3692 3293 3764 άφορήτως
3321 3692 3545 3762 ἔχοντας
3575 3691 3722 3764 ’πρὸς

2129 3786 2200 3839 τά
2245 3785 2465 3838 ἔσεσθαι
2500 3784 2929 3856 προσδοκώμενα
2961 3783 3316 3856 (πεπλήρωκε
3349 3785 3495 3858 γὰρ,
3527 3787 3720 3857 φησὶν,

2131 3876 2166 3944 ἡ
2201 3875 2345 3946 λύπη
2398 3877 2496 3937 τάς
2541 3873 2767 3945 καρδίας
2812 3873 3025 3943 ὑμῶν),
3066 3874 3160 3926 καὶ
3197 3877 3318 3938 ταῖς
3351 3875 3460 3928 τῶν
3509 3877 3721 3946 ἐτέρων

2132 3963 2473 4035 προσθήκαις
2528 3961 2949 4034 καταφορτίζειν
3001 3962 3200 4026 αὐτοὺς
3247 3964 3348 4016 οὐκ
3399 3962 3540 4034 ᾤετο
3583 3965 3720 4025 δεῖν,

3823 2279 3825 2340 l

3823 2341 3825 2424 ἵ

2131 4053 2502 4123 καταχωννύει
2543 4051 2600 4105 δὲ
2633 4049 2821 4123 ὥσπερ
2854 4053 2934 4114 εἰς
2964 4050 3222 4121 εὔκαιρον
3257 4054 3500 4124 σιωπὴν,
3542 4054 3720 4125 πλήτ-
3824 4053 3825 4066 ¹

2130 4158 2244 4194 τειν
2273 4141 2333 4193 οὑ
2367 4141 2600 4211 μετρίως
2641 4140 2868 4205 αὐτοὺς,
2922 4139 3067 4192 κατά
3097 4157 3160 4208 γε
3194 4141 3254 4194 τὸ
3281 4142 3428 4204 εἰκὸς
3459 4141 3486 4194 ὃ
3523 4146 3624 4197 καὶ
3653 4147 3721 4199 τὲ.

2133 4232 2330 4303 ἐφεξῆς
2367 4223 2653 4302 ἰσχύοντα,
2709 4233 2804 4288 καὶ
2846 4235 2914 4304 τῇ
2949 4231 3039 4285 διὰ
3082 4232 3174 4286 τοῦ
3216 4233 3537 4303 Πνεύματος
3581 4239 3719 4290 ἁπο-

2133 4323 2363 4393 καλύψει
2389 4339 2448 4376 τε
2487 4323 2579 4376 καὶ
2605 4323 2946 4393 φωταγωγίᾳ
2975 4325 3040 4394 τῇ
3076 4323 3222 4376 κατά
3247 4325 3438 4394 καιρὸν
3472 4327 3718 4399 ἐσομένη

455 4411 524 4471 ad
579 4411 1156 4481 comprehendendum
1209 4415 1531 4484 mysterium
1591 4416 1838 4482 videret,
1891 4434 2025 4490 pro--

2134 4415 2222 4468 τὸν
2260 4416 2481 4478 δέοντα,
2525 4413 2588 4468 τὸ
2615 4415 2802 4468 λεῖπον
2845 4415 3029 4477 αὐτοῖς
3060 4416 3140 4477 εἰς
3180 4415 3381 4481 γνῶσιν
3415 4420 3716 4488 τετήρηκε.

453 4513 640 4574 pterea
671 4504 819 4574 quod
848 4505 1090 4559 nondum
1123 4505 1385 4560 illustrati
1419 4515 1580 4563 erant
1612 4524 1704 4578 per
1729 4509 1991 4580 Spiritum
2011 4551 2028 4578 ,

456 4609 558 4650 nec
591 4592 790 4649 divinae
819 4595 1000 4650 adhuc
1033 4606 1196 4652 erant
1224 4609 1510 4655 consortes
1537 4610 1747 4656 naturae
1779 4604 1823 4634 ⁵⁸
1851 4602 1871 4673 (
1894 4619 2030 4658 non-

454 4690 582 4742 dum
620 4689 767 4743 enim
799 4697 918 4743 erat
961 4687 1203 4758 Spiritus
1245 4704 1509 4757 sanctus,
1565 4703 1627 4746 ut
1677 4695 1754 4747 ait
1804 4706 2030 4751 sanctus

454 4778 787 4848 evangelista
820 4779 888 4841 ⁸⁸,
919 4778 1048 4847 quia
1095 4779 1339 4834 nondum
1384 4782 1639 4838 Christus
1689 4784 2030 4842 clariﬁcatus

454 4878 573 4923 erat
597 4869 614 4940 )
638 4910 652 4933 ,
685 4868 896 4923 idcirco
924 4869 1041 4925 haec
1071 4873 1179 4937 ait,
1212 4871 1526 4942 signiﬁcare
1577 4875 1768 4930 volens
1813 4876 2033 4932 scilicet

455 4961 725 5018 altissima
776 4963 881 5017 sibi
931 4963 1113 5018 adhuc
1163 4981 1458 5034 superesse
1503 4966 1793 5022 revelanda
1845 4974 1899 5022 et
1945 4983 2032 5022 ca-

456 5063 608 5123 ptum
642 5053 925 5107 hominum
956 5055 1277 5110 excedentia
1319 5057 1582 5111 miracula
1607 5098 1621 5121 ,
1657 5059 1752 5113 sed
1793 5060 1937 5114 nolle
1976 5059 2030 5113 id

454 5161 604 5202 nunc
655 5157 950 5217 praestare,
988 5145 1155 5216 idque
1187 5149 1421 5242 merito,
1471 5165 1595 5204 cum
1642 5165 1739 5205 eos
1789 5150 2030 5205 nondum

456 5241 567 5294 illis
601 5238 886 5309 capiendis
932 5237 1162 5295 idoneos
1214 5237 1486 5296 cerneret.
1537 5241 1674 5296 Cum
1731 5243 1878 5297 enim
1930 5257 2031 5296 vos

455 5334 597 5388 alios
622 5347 652 5385 a
685 5331 874 5394 vobis,
907 5331 1121 5401 inquit,
1156 5348 1312 5388 meus
1352 5332 1592 5402 Spiritus
1619 5333 1900 5398 eli'ecerit,
1932 5350 2030 5390 ve-

456 5431 741 5493 stramque
776 5434 1010 5477 mentem
1059 5423 1479 5488 reformaverit,
1527 5433 1587 5479 ut
1639 5426 1873 5497 legalem
1931 5426 2028 5481 de-

526 5596 572 5630 “
602 5595 760 5653 item.
792 5613 912 5662 Vlll,
941 5597 1027 5652 34.
1123 5599 1167 5631 ⁵⁵
1190 5597 1336 5655 Psal.
1366 5615 1474 5662 CVI,
1509 5598 1596 5654 4?...

1695 5601 1738 5630 ⁸⁵³
1765 5597 1806 5653 ιι
1837 5597 1985 5654 Pctr.
2021 5600 2144 5666 1,-1.

2135 4507 2286 4576 Τάχα
2311 4507 2367 4559 δέ
2402 4507 2497 4559 καὶ
2530 4506 2853 4570 ἀτονοῦντας
2883 4505 2962 4558 ἔτι
2992 4506 3118 4576 περὶ
3149 4506 3247 4575 τὴν
3276 4506 3368 4559 τοῦ
3403 4512 3717 4581 μυστηρίου

2135 4599 2436 4669 κατάληψιν
2466 4600 2781 4670 θεωρήσας,
2824 4598 2914 4652 διὰ
2953 4598 3014 4651 τὸ
3056 4599 3224 4670 μήπω
3257 4600 3601 4668 πεφωτίσθαι
3630 4603 3718 4656 διὰ

2135 4690 2227 4744 τοῦ
2270 4691 2613 4762 Πνεύματος,
2660 4691 2798 4762 μήτε
2847 4690 2951 4761 μὴν
2994 4691 3245 4758 γενέσθαι
3297 4691 3450 4756 θείας
3495 4693 3718 4762 φύσεως

2137 4785 2427 4848 κοινωνοὺς
2479 4783 2664 4854 (οῦπω
2703 4788 2812 4856 γὰρ
2848 4783 2916 4858 ἦν
2951 4787 3177 4858 Πνεῦμα
3208 4788 3400 4856 ἅγιον,
3443 4790 3594 4844 κατὰ
3625 4790 3716 4842 τὸν

2136 4874 2289 4942 ἅγιον
2317 4875 2739 4947 εὐαγγελιστὴν,
2787 4879 2870 4930 ὅτι
2899 4879 3133 4950 Χριστὸς
3156 4879 3366 4932 οὐδέπω
3394 4880 3714 4952 ἐδοξάσθη),

2128 4965 2197 5018 τὰ
2220 4966 2446 5019 τοιαῦτά
2469 4983 2633 5036 φησιν
2654 5009 2668 5030 ,
2714 4970 2888 5023 ἐκεῖνο
2917 4971 2980 5044 δὴ
3011 4972 3230 5035 πάντως
3279 4973 3549 5044 ἐθελήσας
3582 4976 3716 5028 ὑπο·

2127 5056 2318 5125 δηλοῦν
2338 5097 2352 5121 ,
2385 5059 2461 5122 ὼς
2489 5059 2568 5112 ἔτι
2617 5059 2715 5130 μὲν
2748 5061 2861 5130 ἔχοι
2891 5063 2985 5116 καὶ
3018 5065 3222 5136 σφόδρα
3251 5064 3420 5134 βαθέα
3460 5067 3561 5119 καὶ
3591 5067 3716 5120 νοῦν

2131 5146 2526 5219 ὑπερϐαίνοντα
2555 5150 2647 5203 τὸν
2683 5151 3022 5222 ἀνθρώπινον
3059 5154 3468 5209 ἀποκαλύπτειν
3495 5159 3738 5234 μυστήοι

2131 5259 2259 5312 ρια,
2305 5244 2624 5312 παραιτοῖτο
2652 5242 2708 5295 δὲ
2743 5245 2883 5310 νυνὶ,
2931 5247 3027 5299 καὶ
3076 5246 3220 5317 μάλα
3251 5248 3509 5313 εἰκότως,
3563 5248 3716 5301 οὔπω

2138 5331 2274 5406 πρὸς
2303 5332 2460 5385 τοῦτο
2482 5333 2601 5388 λίαν
2623 5335 2942 5404 ἐπιτηδείως
2969 5336 3191 5408 ἔχοντας
3219 5339 3380 5409 ὁρῶν.
3407 5340 3582 5392 Ὅταν
3608 5341 3715 5409 γὰρ

2139 5425 2283 5494 ὑμᾶς
2325 5423 2383 5490 ἐξ
2404 5425 2608 5497 ἐτέρων
2642 5429 2721 5491 εἰς
2761 5428 3001 5501 ἐτέρους,
3035 5431 3190 5502 φησί,
3211 5431 3271 5486 τὸ
3304 5431 3436 5501 ἐμὸν
3470 5433 3716 5504 ἀπεργά-

2229 5601 2273 5632 ⁵⁶
2298 5598 2457 5655 Joan.
2493 5616 2589 5668 vn,
2627 5603 2718 5659 '59.
