3862 6206
320 183 415 237 Ml

1403 182 1468 239 ΙΝ
1504 185 1788 245 JOANNIS
1816 185 2272 244 EVANCELIUM
2311 184 2440 240 LIB.
2486 184 2552 241 Χ.

3474 178 3581 234 HS

320 319 478 371 σηται
526 301 784 372 Πνεῦμα,
830 302 924 356 καὶ
976 302 1068 355 τὸν
1116 303 1385 376 ἡμέτερον
1428 306 1552 377 [ῳ.
1586 308 1886 381 ὑμέτερον]

1996 323 2143 360 mum
2176 306 2380 377 figuras
2408 315 2766 361 contemnere
2794 303 2977 359 velitis
3003 316 3067 356 ac
3094 300 3322 370 possitis
3344 341 3358 364 ,
3385 308 3440 353 et
3468 300 3580 367 spi-

319 395 786 467 μεταστοιχειώσῃ
816 396 938 448 νούν
957 435 972 458 ,
1016 397 1095 459 εἰς
1146 397 1207 450 τὸ
1247 396 1470 469 θελῆσαι
1498 418 1555 453 τε
1590 401 1773 454 λοιπὸν
1803 403 1894 455 καὶ

314 487 576 541 δύνασθαι
601 487 708 540 τῶν
738 486 976 558 νομικῶν
1009 488 1651 560 ὑπερφρονῆσαιτύπων,
1678 494 1893 548 ἑλέσθαι

314 580 374 632 δὲ
398 578 597 649 μᾶλλον
621 579 718 649 τῆς
747 580 804 632 ἐν
830 580 1102 650 πνεύματι
1138 581 1395 652 λατρείας
1423 584 1485 637 τὺ
1517 585 1713 649 κάλλος
1733 626 1747 647 ,
1800 587 1895 640 καὶ

315 670 424 722 τῶν
451 673 509 722 ἐν
535 673 718 734 σκιαῖς
735 671 1073 742 προτιμῆσαι
1091 672 1188 745 τὴν
1209 673 1486 744 ἀλήθειαν,
1510 676 1631 729 τότε
1647 677 1890 748 δὴ,τότε,

316 763 484 832 φησὶ,
530 762 767 816 συνιέναι
815 764 1012 834 ῥαδίως
1048 759 1106 818 εὖ
1143 766 1287 834 μάλα
1332 767 1626 837 δυνήσεσθε
1663 769 1731 823 τά
1765 770 1895 841 περὶ⁵

316 854 472 923 ἐμοῦ.
520 856 776 926 Χωρήσει
817 855 926 927 γάρ
960 858 1019 908 ἐν
1058 857 1186 926 ὑμῖν
1232 857 1635 927 εὐπαράδεκτός
1678 876 1738 911 τε
1764 859 1889 929 ήδη,

317 947 413 998 καὶ
453 946 659 1009 πλατὺς
711 947 739 998 ὁ
778 944 951 1014 λόγος.
1008 947 1179 999 Ταυτὶ
1232 946 1332 1015 μὲν
1384 942 1478 1002 οὖν
1523 948 1633 1002 δεῖν
1686 949 1891 1003 οἴεσθαι

316 1039 495 1106 λέγειν
527 1039 616 1091 τὸν
638 1038 843 1109 Κύριον
870 1041 981 1102 τοῖς
1010 1039 1204 1092 ἑαυτοῦ
1236 1039 1507 1110 μαθηταῖς
1532 1041 1785 1111 ὲννοήσαι
1807 1041 1892 1105 τίς

316 1132 402 1184 ἀν.
440 1131 598 1195 ’Ἥξει
632 1147 695 1198 γε
730 1130 837 1202 μὴν
869 1132 951 1194 είς
984 1131 1179 1184 ταυτὸν
1199 1173 1215 1197 ,
1264 1133 1356 1184 καὶ
1385 1134 1463 1195 εἰς
1495 1132 1591 1203 τὴν
1623 1131 1748 1203 ῖσην
1781 1136 1894 1197 τοῖς

320 1224 631 1294 εἰρημένοις
659 1223 864 1294 ἀρτίως
897 1223 1283 1294 συνδραμεῖται
1314 1224 1585 1289 διάνοιαν,
1618 1226 1755 1297 ὅπερ
1785 1226 1890 1297 ἔφη

319 1315 479 1369 πάλιν
500 1356 514 1379 ,
550 1315 626 1377 ὡς
656 1315 713 1367 ἐν
748 1313 905 1384 τύπῳ
938 1315 1394 1386 παραδειγμάτων
1416 1333 1429 1345 ·
1488 1335 1507 1367 ι
1546 1318 1736 1381 Οὐδεὶς
1768 1318 1892 1371 ἐπί-

315 1408 501 1478 ϐλημα
568 1407 675 1461 ἀπὸ
730 1407 944 1475 ἱματίου
988 1408 1177 1460 καινοῦ
1234 1408 1427 1478 σχίσας
1478 1410 1758 1465 ἐπιϐάλλει
1799 1413 1893 1466 ἐπὶ

318 1499 518 1569 ίματίῳ
567 1498 813 1568 παλαιῷ·
868 1497 983 1551 ἀλλ’
1044 1499 1165 1551 οὐδὲ
1216 1494 1358 1553 οἶνον
1398 1501 1518 1554 νέον
1561 1501 1642 1564 είς
1690 1502 1892 1567 ἀσκοὺς

316 1590 569 1661 βάλλουσι
601 1588 883 1653 παλαιούς.
938 1591 999 1642 Ei
1045 1590 1101 1643 δὲ
1136 1590 1249 1661 μὴ,
1294 1592 1592 1660 ῥήγνυνται
1626 1595 1674 1646 οἱ
1709 1594 1886 1657 ἀσκοὶ,

312 1680 407 1737 καὶ
424 1683 453 1735 ὁ
479 1675 619 1743 οἶνος
645 1679 909 1749 ἐκχεῖται·
940 1680 1053 1733 ἀλλ’
1088 1678 1231 1735 οἶνον
1260 1681 1378 1737 νέον
1400 1685 1480 1746 είς
1508 1684 1710 1748 ἀσκοὺς
1738 1686 1891 1748 νέους

315 1771 559 1842 βλητέον.
610 1790 630 1822 ι
684 1772 807 1834 Τοῖς
855 1772 964 1842 γάρ
1014 1770 1167 1825 οὔπω
1228 1773 1365 1845 πρὸς
1410 1774 1701 1845 καινότητα
1746 1776 1891 1847 ζωῆς

313 1865 405 1918 καὶ
433 1863 687 1933 γνώσεως
713 1862 848 1934 ὁμοῦ
867 1865 1381 1937 ἀναπεπλασμένοις
1405 1867 1492 1921 διά
1512 1869 1605 1921 τοῦ
1631 1869 1892 1941 Πνεύμα-

309 1974 402 2020 τος
422 1998 436 2019 ,
466 1957 568 2011 οὐκ
605 1957 722 2009 ἐστι
751 1956 820 2010 τά
848 1958 943 2011 νέα
967 1958 1078 2011 τῶν
1104 1958 1482 2026 εὐαγγελικῶν
1516 1962 1891 2032 κηρυγμάτων

309 2046 674 2118 παιδεύματα,
697 2048 791 2100 καὶ
806 2045 1068 2119 άχώρητά
1081 2046 1197 2111 πώς
1217 2050 1333 2102 ἐστι
1359 2050 1430 2103 τὰ
1458 2052 1587 2121 περὶ
1606 2051 1706 2121 τῆς
1730 2053 1890 2120 ἁγίας

310 2140 541 2211 Τριάδος
584 2141 880 2211 μυστήρια.
936 2141 1014 2211 Τῇ
1061 2140 1244 2193 τοίνυν
1288 2142 1656 2197 ἀνακαινώσει
1702 2145 1889 2216 τῇδιά

308 2232 401 2284 τοῦ
420 2232 558 2285 Πνεύ
568 2249 735 2303 ματος
761 2231 997 2303 ἐσομένῃ
1025 2233 1433 2302 πνευματικῶς,
1458 2235 1889 2306 άποταμιεύεται

309 2326 595 2393 χρησίμως
619 2322 783 2394 ἡτῶν
814 2322 895 2375 ἔτι
927 2322 1238 2395 βαθυτέρων
1261 2325 1551 2396 ἐξήγησις,
1584 2329 1645 2381 τὸ
1679 2328 1779 2400 μὲν
1808 2330 1888 2384 ἔτι

308 2412 693 2483 προσεδρεύειν
717 2415 781 2484 τῇ
807 2413 900 2467 τοῦ
931 2414 1156 2485 νομικοῦ
1192 2416 1521 2487 γράμματος
1541 2418 1887 2492 παλαιότητι,

306 2506 372 2573 τῇ
403 2503 511 2557 τῶν
537 2504 921 2558 πιστευόντων
950 2507 1029 2568 είς
1058 2507 1291 2577 Χριστὸν
1334 2508 1434 2561 οὐκ
1467 2509 1613 2581 ἐώσῃ
1658 2511 1885 2584 διανοίᾳ,

311 2595 737 2667 ιιεταμορφούσῃ
786 2596 842 2649 δέ
880 2596 1080 2665 μᾶλλον
1127 2599 1207 2661 είς
1252 2599 1549 2670 καινότητα
1587 2601 1886 2673 λογισμῶν,

307 2686 402 2741 καὶ
432 2686 500 2740 τὰ
541 2687 607 2739 δι’
640 2680 716 2740 ὧν
760 2686 938 2741 ἔνεστι
980 2687 1040 2741 τὸ
1076 2688 1175 2759 τῆς
1230 2690 1489 2761 ἀληθείας
1515 2694 1888 2749 καταθεᾶσθαι

306 2777 501 2840 κάλλος
535 2777 805 2850 ἐντιθείσῃ
845 2778 1206 2851 θεωρήματα.
1264 2782 1387 2835 Ὅτι
1417 2784 1475 2837 δέ
1506 2786 1612 2856 πρὸ
1657 2788 1756 2856 μὲν
1788 2788 1888 2857 τῆς

306 2870 372 2922 ἐκ
400 2869 610 2940 νεκρῶν
634 2870 988 2935 ἀναστάσεως
1022 2873 1113 2926 τοῦ
1140 2874 1395 2945 Σωτῆρος
1432 2877 1589 2948 ἡμῶν
1623 2880 1886 2951 Χριστοῦ,

1996 399 2175 453 ritalis
2207 400 2388 454 cultus
2422 396 2892 467 pulchritudinem
2926 394 3185 465 amplecti
3213 431 3227 456 ,
3259 392 3580 459 umbrisque

1994 489 2285 544 veritatem
2314 494 2676 556 anteponere,
2702 495 2836 539 tunc
2856 525 2871 548 ,
2903 484 3119 552 inquit,
3153 490 3285 534 tunc
3314 478 3579 549 perfacile

1994 595 2116 648 qua:
2146 580 2213 634 de
2244 596 2331 634 me
2363 579 2571 648 scripta
2609 585 2739 632 sunt
2775 575 3082 645 intelligere
3108 572 3273 643 924
3309 571 3575 640 poteritis.

1993 671 2163 727 Plana
2202 673 2348 727 enim
2390 680 2444 726 et
2482 670 2736 740 expedita
2776 670 2996 724 demum
3040 668 3095 721 in
3135 667 3287 719 vobis
3326 664 3578 717 doctrina

1994 765 2173 820 locum
2208 765 2459 819 habitura
2493 773 2597 819 est.
2630 762 2755 818 Haec
2781 764 2964 831 itaque
2990 759 3285 812 Dominum
3342 757 3462 812 suis
3494 755 3578 809 di-

1994 856 2222 925 scipulis
2256 855 2441 911 dicere
2485 856 2758 925 quispiam
2781 853 3133 908 existimarit.
3163 849 3421 905 Eumdein
3450 864 3578 903 vero

1994 963 2220 1003 sensum
2268 948 2467 1011 habet,
2521 947 2667 1016 quod
2709 962 2905 1001 rursus
2943 960 3039 1015 per
3079 943 3297 997 modum
3340 942 3574 1011 exempli

1993 1038 2134 1093 dixit
2164 1058 2176 1092 :
2209 1058 2225 1089 ι
2258 1037 2452 1093 Nullus
2488 1039 2737 1092 immittit
2767 1038 3194 1093 commissuram
3224 1036 3387 1104 panni
3419 1035 3576 1089 rudis

1993 1132 2050 1185 in
2086 1130 2473 1185 vestimentum
2514 1140 2672 1185 vetus
2700 1171 2713 1194 ,
2757 1146 2933 1199 neque
2970 1130 3156 1183 vinum
3198 1144 3399 1183 novum
3450 1129 3577 1182 mit-

1993 1230 2118 1276 tunt
2144 1223 2199 1276 in
2226 1231 2377 1276 utres
2404 1231 2639 1277 veteres.
2668 1221 2926 1291 Alioquin
2956 1230 3285 1292 rumpuntur
3309 1229 3459 1275 utres
3481 1262 3495 1287 ,
3521 1228 3575 1274 et

1991 1314 2183 1370 vinum
2212 1313 2538 1378 effunditur;
2569 1313 2667 1367 sed
2696 1314 2881 1366 vinum
2912 1328 3110 1368 novum
3142 1314 3194 1367 in
3224 1320 3374 1367 utres
3402 1328 3576 1368 novos

1992 1404 2315 1460 mittendum
2348 1406 2421 1461 ⁵⁷.
2453 1424 2473 1457 ι
2506 1404 2610 1472 Qui
2662 1406 2906 1459 nondum
2956 1406 3101 1459 enim
3151 1404 3217 1459 ad
3271 1405 3573 1458 novitatem

1992 1495 2118 1550 vita:
2156 1504 2211 1551 et
2251 1495 2591 1566 cognitionis
2630 1494 2918 1550 reformati
2958 1504 3087 1550 sunt
3128 1510 3225 1565 per
3265 1495 3574 1564 Spiritum,

1994 1602 2194 1659 capere
2245 1587 2655 1659 quodammodo
2712 1595 2993 1657 nequeunt
3047 1603 3186 1641 nova
3245 1586 3575 1655 evangelica:

1994 1679 2397 1750 praedicationis
2449 1679 2804 1744 documenta,
2848 1689 2905 1734 et.
2959 1679 3026 1733 de
3071 1688 3261 1734 sancta
3301 1678 3576 1733 Trinitate

1991 1770 2275 1840 mysteria.
2312 1769 2695 1825 Renovatione
2728 1786 2859 1840 ergo
2894 1771 2987 1824 illa
3018 1786 3141 1840 qua:
3180 1785 3277 1840 per
3310 1769 3575 1840 Spiritum

1990 1863 2179 1918 futura
2212 1872 2299 1919 est
2336 1863 2685 1934 spiritaliter,
2733 1864 2993 1917 altiorum
3042 1879 3225 1917 rerum
3274 1864 3575 1933 explicatio

1988 1957 2327 2011 credentium
2369 1957 2425 2009 in
2463 1955 2745 2011 Christum
2789 1956 2957 2009 menti
2999 1955 3289 2010 commode
3326 1970 3574 2010 reserva-

1990 2058 2099 2113 tur,
2135 2062 2256 2117 quae
2289 2062 2399 2101 non
2439 2047 2680 2117 amplius
2719 2046 2914 2116 legalis
2958 2046 3153 2100 littera:
3188 2047 3447 2102 vetustati
3485 2045 3575 2099 in-

1988 2140 2197 2195 haerere
2229 2140 2461 2210 patitur,
2499 2139 2596 2195 sed
2634 2155 2736 2194 nos
2771 2139 2951 2208 potius
2988 2137 3249 2193 reformat
3277 2139 3331 2193 in
3365 2139 3575 2209 cogita-

1987 2235 2199 2287 tionum
2227 2233 2522 2287 novitatem
2545 2271 2560 2296 ,
2589 2246 2764 2302 eaque
2791 2246 2954 2286 sensa
2982 2231 3143 2285 nobis
3169 2229 3308 2285 indit
3330 2269 3344 2293 ,
3370 2230 3574 2300 quibus

1988 2324 2234 2378 veritatis
2264 2322 2734 2394 pulchritudinem
2766 2322 2968 2377 intueri
2998 2322 3182 2376 liceat.
3209 2320 3366 2387 Quod
3387 2329 3571 2375 autem

1989 2423 2117 2470 ante
2148 2414 2359 2471 Christi
2404 2413 2715 2469 Servatoris
2758 2414 2933 2469 nostri
2969 2414 3441 2470 resurrectionem
3467 2452 3484 2477 ,
3519 2424 3574 2467 et

1989 2507 2313 2577 priusquam
2347 2517 2535 2562 essent
2570 2504 2815 2576 Spiritus
2848 2505 3149 2576 participes
3182 2502 3442 2572 discipuli
3472 2501 3571 2556 Ju-

1988 2599 2147 2654 daico
2180 2614 2333 2653 more
2364 2599 2651 2661 viverent,
2688 2612 2750 2650 ac
2787 2597 2946 2667 legali
2985 2596 3292 2666 disciplinae
3329 2595 3575 2649 adhaere-

1988 2700 2146 2756 rent,
2178 2692 2308 2745 licet
2339 2690 2519 2759 majus
2558 2690 2785 2745 omnino
2835 2690 2907 2743 sit
2951 2688 3158 2745 Christi
3208 2687 3568 2758 mysterium,

1988 2783 2171 2853 quivis
2231 2782 2680 2837 animadvertere
2743 2780 2907 2835 facile
2969 2786 3170 2850 potest.
3229 2778 3297 2831 Et
3345 2778 3567 2848 quidem

1989 2875 2188 2930 beatus
2220 2873 2419 2930 Petrus
2440 2913 2454 2937 ,
2490 2873 2618 2928 licet
2646 2881 2968 2926 sanctorum
2995 2870 3396 2939 discipulorum
3427 2883 3572 2937 prte-

306 2962 401 3016 καὶ
430 2964 488 3015 ἐν
528 2962 742 3033 μεθέξει
777 2964 1033 3032 γενέσθαι
1066 2966 1163 3018 τοῦ
1195 2968 1535 3039 Πνεύματος,
1579 2971 1883 3024 Ἰουδαϊκῶ-

1992 2966 2248 3035 positus,
2294 2964 2581 3020 enarranti
2633 2962 2934 3031 aliquando
2979 2959 3259 3015 Servatori
3302 2974 3467 3029 quam
3518 2958 3571 3010 in

302 3053 463 3125 τερὸν
492 3072 609 3119 πως
641 3055 832 3119 διέζων
860 3056 910 3109 οἱ
947 3057 1219 3128 μαθηταὶ,
1274 3062 1370 3114 καὶ
1418 3062 1517 3131 τῆς
1560 3064 1699 3117 κατά
1721 3066 1884 3135 νόμον

1991 3074 2155 3115 cruce
2237 3058 2525 3115 subiturus
2618 3063 2766 3111 esset
2824 3056 3181 3126 passionem,
3240 3054 3574 3122 quantisque

305 3146 580 3210 πολιτείας
608 3149 950 3219 ἀντείχοντο,
996 3152 1044 3203 εί
1076 3152 1170 3204 καὶ
1207 3154 1391 3222 μεῖζον
1429 3155 1677 3225 ἀκριϐῶς
1704 3157 1764 3210 τὸ
1794 3158 1886 3211 ἐπὶ

303 3238 526 3310 Χριστῷ
554 3240 875 3311 μυστήριον,
906 3242 1183 3312 θεωρήσαι
1214 3260 1296 3307 τις
1337 3245 1433 3309 ἂν,
1463 3247 1556 3299 καὶ
1581 3246 1701 3301 λίαν
1730 3249 1886 3301 εὐκό-

303 3328 431 3395 λως.
461 3331 571 3385 Καὶ
602 3331 732 3399 γοῦν
762 3333 791 3385 ὁ
823 3332 1093 3403 μακάριος
1118 3333 1344 3403 Πέτρος,
1375 3336 1553 3390 καίτοι
1585 3337 1691 3390 τῶν
1713 3339 1885 3407 ἀγίων

303 3423 731 3495 προεκκείμενος
781 3423 1070 3496 μαθητῶν,
1114 3425 1459 3498 διηγουμένῳ
1504 3429 1633 3482 ποτέ
1658 3430 1736 3499 τῷ
1766 3432 1884 3485 Σω-

300 3516 430 3586 τῆρι
466 3515 527 3569 τὸ
573 3517 666 3569 ἐπὶ
700 3516 778 3587 τῷ
826 3516 1049 3586 σταυρῷ
1093 3517 1300 3584 πάθος,
1360 3520 1455 3572 καὶ
1497 3522 1579 3573 ὃτι
1612 3519 1719 3574 δέοι
1770 3524 1884 3587 τοῖς

276 3606 631 3670 Ἰουδαϊκοῖς
660 3608 1113 3678 ὲμπαροινεῖσθαι
1145 3609 1497 3680 τολμήμασιν
1528 3611 1884 3684 ἐξηγουμένῳ

302 3698 615 3770 γρησίμως,
641 3699 1008 3768 άντανεφώνει
1039 3700 1211 3769 λέγων
1234 3717 1248 3731 ·
1284 3721 1300 3753 ι
1330 3702 1515 3767 Ἵλεώς
1544 3721 1656 3768 σοι,
1687 3705 1879 3776 Κύριε,

301 3789 365 3842 οὐ
401 3789 475 3860 μὴ
519 3788 673 3843 ἔσται
709 3807 790 3843 σοι
836 3791 1015 3844 τοῦτο·
1060 3811 1079 3844 ι
1128 3793 1307 3846 καίτοι
1350 3793 1648 3866 διαρρήδην
1681 3797 1882 3851 ἀνακε-

301 3881 588 3950 κραγότων
629 3880 738 3933 τῶν
785 3881 956 3950 άγίων
1002 3882 1329 3953 προφητῶν,
1382 3885 1480 3954 οὐχ
1516 3886 1597 3938 ὄτι
1633 3886 1881 3942 πείσεται

306 3972 504 4042 μόνον,
552 3971 687 4025 ἀλλά
733 3973 854 4025 τίνα
907 3973 1001 4026 καὶ
1046 3974 1219 4027 ὁπόσα
1268 3975 1550 4046 ὑπομενεῖ.
1610 3977 1721 4030 Καὶ
1773 3978 1882 4050 μὴν

301 4064 526 4117 κάκεῖνο
566 4063 707 4134 πρὸς
745 4063 920 4134 τούτῳ
960 4064 1347 4117 διασκεπτέονο
1394 4065 1470 4130 ὡς
1516 4066 1624 4138 γὰρ
1672 4069 1731 4120 ἐν
1763 4072 1881 4133 ταῖς

304 4152 540 4224 Πράξεσι
582 4153 692 4206 τῶν
718 4153 1030 4207 ἀποστόλων
1070 4156 1383 4226 γέγραπταί
1417 4174 1477 4210 τε
1512 4160 1608 4212 καὶ
1638 4159 1881 4227 ἀνεγνώ-

306 4262 504 4315 καμεν,
543 4245 873 4316 πρόσπεινος
898 4242 965 4316 ἦν
989 4263 1120 4299 ποτε
1151 4249 1245 4300 καὶ
1275 4248 1509 4319 ἠθέλησε
1530 4250 1880 4318 γεύσασθαιὸ

1989 3150 2248 3206 ludibriis
2301 3164 2369 3204 ac
2424 3151 2645 3220 probris
2692 3165 2721 3202 a
2772 3146 2981 3202 Iudaeis
3028 3146 3347 3201 afﬁciendus
3386 3156 3572 3209 esset,

1987 3244 2324 3299 reclamabat
2384 3243 2613 3296 dicens:
2660 3261 2678 3292 ι
2710 3240 2868 3294 Absit
2922 3254 2953 3293 a
3001 3245 3090 3303 te,
3142 3237 3409 3293 Domine!
3462 3251 3571 3289 non

1986 3338 2093 3391 erit
2126 3337 2222 3390 tibi
2256 3336 2359 3390 hoc
2384 3336 2471 3397 ‘3;
2506 3354 2525 3385 ι
2555 3333 2810 3403 quamvis
2841 3332 3018 3401 palam
3050 3339 3104 3385 et
3146 3340 3338 3400 aperte
3380 3330 3565 3385 sancti

1987 3428 2272 3498 prophetae
2304 3427 2661 3496 priedicarint
2704 3440 2814 3479 non
2863 3436 3161 3493 passurum
3206 3436 3330 3476 eum
3370 3419 3571 3483 modo,

1989 3520 2087 3575 sed
2121 3528 2175 3575 et
2207 3528 2417 3590 quanta
2453 3532 2723 3587 passurus
2757 3524 2923 3571 esset.
2962 3515 3231 3569 Praeterea
3267 3513 3573 3568 observan-

1987 3608 2115 3663 dum
2150 3608 2296 3679 quod
2334 3609 2389 3663 in
2429 3608 2662 3663 Actibus
2702 3607 3077 3677 apostolorum
3119 3605 3384 3674 scriptum
3440 3603 3572 3672 legi-

1989 3717 2143 3767 mus,
2175 3700 2399 3757 Petrum
2426 3700 2672 3757 esurisse
2700 3699 3019 3769 aliquando,
3049 3706 3104 3752 et
3135 3705 3356 3768 gustare
3386 3695 3571 3751 cibum

1984 3792 2265 3856 voluisse,
2301 3792 2501 3847 deinde
2531 3791 2912 3860 conspicatum
2968 3791 3190 3844 linteum
3240 3789 3465 3843 caelitus
3516 3788 3570 3840 in

1985 3889 2189 3938 terram
2220 3881 2468 3946 demitti,
2505 3892 2748 3953 quatuor
2783 3882 2959 3937 initiis
3008 3882 3293 3950 alligatum
3317 3922 3333 3946 ,
3368 3880 3424 3935 in
3460 3894 3576 3948 quo

1986 3974 2325 4045 apparebant
2352 3974 2536 4029 omnis
2568 3974 2791 4044 generis
2823 3973 3081 4027 animalia
3113 3972 3399 4028 terrestria
3420 4012 3433 4035 ,
3469 3986 3574 4025 na-

1984 4068 2160 4123 tatilia
2180 4108 2196 4134 ,
2229 4075 2285 4123 et
2315 4068 2468 4122 aeria
2488 4109 2503 4133 ,
2539 4065 2795 4136 factaque
2823 4065 2890 4121 de
2919 4065 3061 4121 coelo
3096 4079 3228 4119 voce
3260 4083 3273 4119 :
3312 4084 3330 4115 ‹
3362 4063 3571 4133 Surge,

1986 4158 2144 4214 Petre
2172 4198 2189 4224 ,
2247 4159 2443 4215 occide
2498 4168 2554 4214 et
2608 4159 2879 4213 manduca
2909 4198 2925 4223 ,
2960 4175 2977 4207 ι
3013 4156 3268 4226 reposuit
3318 4154 3519 4209 Petrus
3552 4174 3571 4209 :

1993 4269 2011 4300 ι
2040 4250 2233 4313 Absit,
2266 4248 2517 4316 Domine,
2580 4250 2712 4319 quia
2744 4262 3025 4316 nunquam
3056 4246 3378 4299 manducavi
3410 4259 3578 4299 omne

304 4332 662 4408 Πέτρος,εἷτα
687 4337 979 4405 τέσσαρσιν
1001 4338 1198 4408 ἀρχαῖς
1224 4338 1553 4410 καθιεμένην
1574 4340 1633 4406 ἐξ
1658 4343 1886 4414 οὐρανοῦ

1993 4354 2289 4394 commune
2317 4348 2415 4393 aut
2466 4339 2846 4393 immundum!
2882 4356 2899 4388 ι
2933 4336 3173 4406 Ideoque
3209 4336 3335 4404 jure
3380 4350 3571 4404 repre-

299 4429 400 4497 τὴν
410 4427 602 4497 ὀθόνην
619 4428 763 4489 ἰδὼν,
778 4423 881 4499 ἐν
896 4428 1073 4481 πάντα
1093 4431 1402 4500 ἐγέγραπτο
1418 4432 1535 4496 ζῶά
1550 4450 1611 4487 τε
1628 4438 1880 4507 χερσαῖα,

302 4519 397 4572 καὶ
425 4517 620 4589 νηκτά,
644 4517 738 4571 καὶ
760 4517 942 4588 ἀέρια,
970 4518 1064 4571 καὶ
1087 4519 1270 4586 φωνῆς
1292 4519 1602 4589 ἐνεχθείσης
1634 4521 1840 4575 ἄνωθεν
1864 4540 1878 4553 ·

308 4623 326 4657 ι
367 4605 661 4670 Ἀναστὰς,
698 4606 903 4676 Πέτρε,
944 4604 1138 4673 θῦσονῖ,
1172 4606 1265 4658 καὶ
1290 4607 1468 4677 φάγε,
1498 4626 1516 4658 ι
1551 4608 1885 4681 ἀνταπεκρί-

302 4711 430 4749 νατο
448 4695 622 4763 λέγων
638 4710 654 4725 ⁸
681 4714 699 4746 ι
723 4694 1026 4766 Μηδαμῶς,
1048 4694 1221 4766 Κύριε
1237 4737 1252 4759 ,
1280 4696 1361 4749 ὅτι
1385 4696 1642 4749 οὐδέποτε
1680 4698 1884 4767 ἔφαγον

301 4787 414 4839 πᾶν
456 4786 655 4849 κοινὸν,
710 4786 744 4858 ἢ
784 4786 1112 4858 ἀκάθαρτον.
1144 4806 1162 4838 ι
1199 4788 1298 4840 Διά
1337 4805 1420 4840 τοι
1455 4788 1614 4842 τοῦτο
1656 4790 1883 4855 δικαίως

300 4876 565 4948 ἠλέγχετο
589 4877 750 4931 πάλιν
773 4876 1005 4932 ἀκούων*
1036 4898 1053 4929 ι
1073 4880 1181 4931 Ἀό
1206 4879 1336 4942 Θεὸς
1362 4879 1681 4950 ἐκαθάρισε,
1713 4883 1777 4935 σὺ
1809 4882 1885 4955 μὴ

303 4968 505 5023 κοίνου.
539 4988 558 5020 ι
594 4969 789 5021 Καίτοι
823 4968 962 5039 χρῆν
989 4968 1159 5040 δήπου
1192 4969 1599 5040 διαμεμνῆσθαι
1624 4971 1884 5037 πολλάκις

300 5056 396 5109 τοῦ
424 5057 677 5129 Σωτῆρος
704 5058 862 5128 ὴμῶν
897 5060 1180 5129 εἰρηκότος
1215 5060 1349 5130 ⁴πρὸς
1387 5061 1675 5127 Ἰουδαίους
1701 5079 1715 5092 ⁸
1756 5083 1774 5116 ι
1808 5066 1882 5119 Οὐ

300 5152 362 5203 τὸ
387 5152 766 5222 είσερχόμενον
826 5155 907 5216 είς
950 5153 1125 5223 στόμα
1177 5154 1349 5205 κοινοῖ
1389 5152 1480 5205 τὸν
1524 5154 1830 5225 ἄνθρωπον.
1859 5176 1878 5210 ι

303 5243 444 5312 Ὅρα
471 5242 580 5315 [lat
612 5244 767 5317 ὁρᾷς]
797 5245 927 5310 γοῦν
956 5246 1103 5309 ὅπως
1131 5247 1317 5309 αὐτοῖς
1350 5247 1451 5317 τῆς
1472 5247 1560 5301 διὰ
1586 5249 1679 5302 τοῦ
1710 5252 1880 5305 Πνεύ-

304 5352 473 5403 ματος
514 5334 621 5389 ἔδει
654 5336 1038 5405 φωταγωγίας.
1083 5338 1244 5407 Ὁρᾷς
1278 5338 1427 5400 ὅπως
1456 5338 1624 5409 ἐχρῆν
1656 5342 1735 5403 είς
1767 5342 1883 5394 ἐτέ-

305 5442 403 5497 ρσν
456 5426 569 5493 ἕξιν
622 5429 1123 5499 μεταχαλκεύεσθαι
1195 5430 1291 5501 τῆς
1335 5429 1563 5501 ἐνούσης
1608 5432 1880 5499 Ἰουδαίοις

375 5608 418 5639 ⁸⁷
444 5608 634 5664 Matth.
672 5626 748 5681 ιχ,
776 5612 859 5679 l6,
891 5612 967 5667 l7.
1054 5614 1096 5644 ⁵⁸
1122 5612 1309 5670 Matth.
1351 5631 1461 5681 XVI,
1501 5616 1589 5671 2‘2.

1690 5617 1733 5648 ⁸³
1762 5619 1879 5673 Act.
1918 5635 1967 5681 Χ,
2016 5619 2178 5674 15-Ιῦ

1988 4431 2201 4486 hensus
2232 4440 2349 4495 est,
2384 4430 2565 4485 denuo
2598 4429 2830 4484 audiens
2858 4446 2871 4482 :
2903 4446 2921 4479 ι
2953 4428 3087 4494 Quae
3132 4425 3276 4481 Deus
3308 4426 3570 4494 purifica-

1987 4522 2105 4587 vit,
2138 4529 2196 4576 tu
2231 4521 2549 4576 communia
2579 4537 2647 4575 ne
2674 4520 2883 4575 dixeris
2916 4521 2984 4573 ⁵⁵.
3012 4540 3030 4571 ι
3051 4520 3216 4587 Atqui
3252 4518 3575 4573 meminisse

1989 4614 2276 4684 oportebat
2307 4614 2518 4668 scilicet
2548 4611 2897 4668 Servatorem
2935 4622 3186 4667 nostrum
3236 4610 3306 4665 ad
3346 4610 3572 4667 Judaaos

1990 4722 2131 4776 saipe
2159 4705 2324 4776 925
2353 4706 2559 4760 dixisse
2588 4723 2600 4758 :
2632 4722 2650 4755 ι
2682 4703 2836 4770 Quod
2886 4705 3055 4758 intrat
3095 4706 3149 4758 in
3196 4719 3296 4771 os,
3329 4718 3439 4758 non
3474 4718 3572 4758 co-

1987 4798 2243 4869 inquinat
2272 4796 2550 4851 hominem
2579 4795 2645 4849 °°.
2668 4815 2687 4848 ›
2711 4795 2905 4851 Cernis
2953 4797 3140 4865 itaque
3180 4795 3460 4866 quomodo
3500 4797 3570 4851 iis

1982 4906 2121 4959 opus
2153 4898 2302 4944 essct
2331 4887 2704 4943 illustratione
2736 4886 3021 4957 Spiritus?
3055 4887 3222 4943 Vides
3255 4895 3314 4942 ut
3344 4888 3411 4942 ad
3449 4902 3569 4942 me—

1982 4983 2174 5037 liorem
2203 4990 2257 5037 et
2278 4980 2667 5051 sapicntiorem
2696 4980 2945 5035 habitum
2973 4996 3135 5049 quam
3159 4983 3253 5051 qui
3285 4982 3339 5035 in
3363 4980 3574 5035 Judazis

1980 5082 2099 5129 erat
2135 5073 2325 5142 refingi
2360 5088 2457 5128 eos
2488 5073 2815 5143 oporteret?
2859 5073 3078 5143 Quippe
3120 5082 3417 5144 postquam
3470 5090 3565 5129 sn-

1980 5182 2151 5237 perna
2179 5182 2242 5220 ac
2265 5165 2478 5222 ccelesti
2505 5164 2685 5234 gratia
2718 5162 2877 5218 ditati
2898 5205 2913 5231 ,
2941 5174 3323 5229 mutaverunt,
3351 5175 3410 5219 ut
3434 5166 3571 5221 scri-

1989 5270 2143 5330 ptum
2176 5269 2294 5324 est,
2328 5259 2505 5324 vires,
2539 5264 2594 5310 et
2628 5257 2831 5327 potiori
2866 5272 3030 5326 quam
3064 5258 3217 5327 prius
3250 5257 3568 5327 cognitione

1990 5351 2204 5422 praediti
2234 5348 2475 5415 fuerunt,
2512 5356 2647 5401 tunc
2678 5346 2845 5402 libere
2874 5355 2926 5402 et
2948 5348 3221 5418 intrepide
3248 5362 3346 5402 eos
3369 5346 3567 5401 dicen-

1991 5447 2075 5495 tes
2103 5440 2414 5495 audivimus
2451 5458 2464 5494 :
2501 5457 2518 5490 ι
2557 5436 2667 5493 Nos
2696 5446 2880 5493 autem
2910 5452 3133 5495 sensum
3158 5437 3366 5496 Christi
3400 5436 3567 5493 habe-

2299 5622 2342 5653 “
2371 5620 2559 5675 .llatlh.
2591 5637 2679 5684 xv,
2727 5620 2808 5673 Il.
