3862 6206
335 223 442 282 445

1337 227 1395 285 S.
1432 229 1709 288 CYRILLI
1741 233 2219 294 ALEXANDRINI
2255 238 2578 298 ARCHIEP.

3506 253 3608 310 ιιι

335 357 461 397 nius
489 342 556 396 ⁶¹.
582 360 600 394 ι
626 341 853 399 Mentem
875 359 1008 400 vero
1033 342 1343 404 Servatoris
1369 349 1506 404 nihil
1532 351 1681 406 aliud
1712 353 1903 407 intelli-

2017 353 2114 426 τὴν
2142 357 2374 428 ἀμείνω,
2407 361 2502 413 καὶ
2537 359 2854 434 σοφωτέραν
2878 381 2893 430 ;
2922 365 3035 420 Καὶ
3063 367 3194 436 γοῦν
3218 366 3308 422 ὅτε
3333 369 3434 442 τὴν
3461 372 3608 426 ἀνωο

335 442 510 502 gunt,
542 449 707 504 quam
738 445 993 491 sanctum
1024 438 1119 507 qui
1151 438 1207 493 in
1248 454 1346 496 eos
1390 442 1626 512 illapsus
1669 451 1753 500 est
1797 443 1921 516 Spi-

334 525 544 592 ritum,
595 541 844 597 congrua
893 527 974 584 eis
1026 530 1243 585 ratione
1289 541 1490 588 cuncta
1525 535 1915 599 .revelantem,

333 632 680 687 qumcunque
722 635 890 675 nosse
926 635 990 675 ac
1035 622 1249 679 discere
1278 626 1585 694 oportebat.
1620 626 1757 683 Cum
1787 645 1919 700 ergo

333 710 549 764 venerit
576 710 704 777 ille,
734 713 788 767 id
818 721 902 770 est
943 713 1286 779 Paracletus.
1339 717 1584 788 Spiritus
1627 723 1915 791 veritatis,

333 799 570 858 deducet
620 819 720 859 vos
767 805 824 859 in
891 820 1110 862 omnem
1159 810 1470 865 veritatem.
1529 812 1667 869 Vide
1729 823 1914 871 autem

335 901 540 962 quanta
569 896 620 949 ei
655 898 726 951 sit
754 897 810 951 in
845 899 1082 954 dicendo
1111 901 1358 957 solertia.
1390 901 1529 958 Nam
1561 921 1687 961 cum
1717 916 1917 964 ventu-

333 1001 457 1041 rum
493 987 560 1043 ad
587 1003 684 1045 eos
716 987 1059 1046 Paracletum
1110 1001 1272 1049 antea
1315 995 1588 1066 dixisset,
1641 999 1913 1071 Spiritum

332 1077 580 1134 veritatis
613 1095 736 1135 eum
767 1084 1101 1148 nominavit,
1134 1083 1191 1139 id
1219 1094 1305 1141 est
1351 1101 1514 1143 suum
1543 1109 1555 1146 :
1602 1090 1719 1161 ipse
1767 1095 1910 1149 enim

332 1175 421 1222 est
449 1169 651 1225 veritas
681 1171 748 1225 ".
779 1171 916 1227 Nam
944 1179 1005 1228 ut
1035 1175 1243 1230 scirent
1269 1175 1528 1249 discipuli
1564 1196 1674 1236 non
1721 1185 1914 1239 alienae

333 1273 399 1313 ac
431 1262 732 1331 peregrina:
773 1263 1000 1322 virtutis
1050 1266 1344 1337 illapsum,
1401 1271 1496 1326 sed
1553 1276 1909 1345 semetipsum

331 1349 663 1405 tradendum
713 1353 995 1422 polliceri,
1054 1354 1323 1427 Spiritum
1377 1363 1660 1430 veritatis,
1719 1365 1773 1420 id
1828 1375 1910 1422 est

333 1456 519 1506 suum,
554 1442 898 1501 Paracletum
927 1450 1186 1519 appellat.
1217 1451 1459 1523 Spiritus
1489 1456 1636 1511 enim
1683 1469 1910 1517 sanctus

332 1534 486 1589 nullo
521 1535 682 1590 modo
726 1539 795 1591 ab
841 1537 1122 1612 Unigeniti
1157 1544 1467 1601 substantia
1501 1549 1718 1606 alienus
1752 1551 1913 1609 intel-

328 1623 536 1693 ligitur,
573 1627 666 1682 sed
695 1643 765 1683 ex
803 1645 866 1684 ea
912 1635 1240 1690 naturaliter
1287 1638 1573 1708 procedit,
1620 1641 1910 1701 identitate

329 1723 543 1771 naturae
573 1718 722 1773 aliud
755 1721 892 1791 nihil
925 1724 995 1777 ab
1028 1725 1149 1795 ipso
1179 1729 1455 1784 exsistens
1476 1771 1490 1795 ,
1524 1731 1656 1787 licet
1700 1733 1756 1788 in
1784 1751 1911 1804 pro-

327 1804 448 1874 pria
484 1821 718 1875 persona
751 1812 1056 1868 subsistere
1102 1815 1468 1888 intelligatur.
1503 1818 1747 1890 Spiritus
1779 1840 1911 1895 ergo

325 1895 604 1964 veritatis,
638 1899 840 1970 inquit,
874 1903 940 1957 ad
977 1920 1194 1961 omnem
1239 1911 1492 1968 veritatis
1537 1915 1906 1985 cognitionem

325 2004 428 2043 nos
457 1989 709 2046 deducet.
744 1995 884 2049 Cum
927 1998 1072 2051 enim
1125 2009 1320 2057 exacte
1360 2018 1659 2075 cognoscat
1702 2011 1909 2066 verita-

323 2089 471 2148 tem,
497 2083 661 2154 cujus
687 2094 742 2141 et
777 2088 1017 2155 Spiritus
1045 2104 1160 2155 est.
1194 2109 1316 2148 eam
1349 2112 1459 2151 non
1494 2115 1556 2154 ex
1591 2110 1747 2168 parte
1789 2106 1908 2160 suis

321 2174 655 2243 cultoribus,
700 2179 795 2235 sed
829 2181 1042 2252 integre
1066 2186 1253 2254 potius
1281 2188 1400 2256 ejus
1429 2191 1681 2249 infundet
1704 2205 1909 2267 myste-

322 2264 492 2320 rium.
527 2266 770 2326 Tametsi
805 2273 949 2326 enim
981 2290 1043 2328 ex
1076 2284 1235 2344 parte
1283 2280 1447 2334 modo
1481 2264 1904 2354 cognoscimus,

321 2355 604 2413 uvtPaulus
635 2361 713 2415 ait
731 2363 800 2429 ⁸³,
826 2365 1039 2435 integer
1072 2376 1255 2423 tamen
1287 2372 1533 2428 veritatis
1557 2375 1821 2445 splendor
1845 2379 1902 2434 in

320 2448 424 2504 hac
453 2465 624 2520 parva
655 2457 978 2524 cognitione
1011 2459 1169 2514 nobis
1203 2460 1445 2518 infulsit.
1480 2465 1552 2521 Ut
1581 2483 1713 2538 ergo
1745 2486 1906 2527 nemo

320 2540 427 2593 scit
458 2557 581 2610 quae
629 2554 756 2598 sunt
810 2545 1082 2616 hominis,
1133 2560 1193 2606 ut
1236 2555 1506 2626 scriptum
1558 2569 1643 2616 est
1675 2562 1741 2628 ⁸⁸,
1794 2567 1902 2622 nisi

317 2631 560 2690 hominis
597 2637 826 2705 spiritus
849 2641 942 2709 qui
975 2644 1027 2695 in
1059 2643 1180 2713 ipso
1208 2653 1314 2715 est,
1354 2649 1427 2702 ita
1460 2659 1536 2719 et,
1562 2652 1718 2723 juxta
1745 2656 1900 2713 Pauli

316 2739 507 2778 vocem
530 2768 544 2791 ,
573 2743 695 2796 quae
722 2729 817 2786 Dei
851 2741 984 2788 sunt
1014 2751 1175 2791 nemo
1199 2744 1492 2810 cognovit,
1522 2745 1630 2801 nisi
1659 2746 1901 2817 Spiritus

317 2810 411 2867 Dei
447 2815 539 2883 qui
570 2823 654 2870 est
685 2818 738 2871 in
769 2819 916 2890 ipso.
951 2824 1087 2877 Cum
1117 2842 1252 2898 ergo
1279 2833 1530 2899 venerit,
1559 2810 1770 2907 inquit,
1800 2840 1902 2895 Pa-

314 2905 559 2962 raclctus
580 2948 596 2972 ,
654 2910 796 2964 nihil
825 2927 856 2964 a
883 2917 1184 2986 semetipso
1207 2920 1465 2990 loquetur
1489 2943 1502 2979 :
1534 2905 1726 2996 pro‘eo
1750 2933 1899 3000 quod

310 3007 423 3062 est,
461 2998 751 3056 instillabit
779 3004 1002 3072 quidem
1027 3009 1210 3075 vobis,
1255 3022 1305 3066 el
1332 3015 1589 3072 veritatis
1634 2998 1899 3078 revelabit

313 3092 657 3160 mysterium.
693 3091 840 3148 Nihil
869 3098 1014 3151 enim
1046 3099 1300 3171 loquetur
1329 3120 1560 3175 prorsus
1591 3113 1736 3180 quod
1764 3115 1897 3169 mihi

312 3194 423 3232 non
456 3180 706 3249 placeat,
739 3185 838 3240 sed
878 3203 978 3242 nec
1015 3192 1365 3260 peregrinam
1400 3197 1557 3254 vobis
1585 3199 1894 3258 doctrinam

311 3271 508 3326 tradet.
539 3271 651 3328 Nec
679 3277 825 3331 enim
858 3295 988 3357 suas
1016 3283 1173 3339 vobis
1206 3285 1355 3356 leges
1382 3288 1617 3357 inferet,
1647 3295 1741 3349 sed
1767 3311 1894 3351 cum

310 3364 542 3433 spiritus
583 3375 637 3420 et
683 3355 1300 3442 mens'quodammodo
1347 3396 1472 3437 mea
1520 3384 1627 3449 sit,
1669 3389 1895 3444 omnino

307 3468 432 3522 qua:
462 3455 515 3508 in
551 3471 637 3511 me
669 3469 799 3512 sunt
833 3460 1106 3531 loquetur.
1138 3467 1200 3520 Et
1229 3469 1346 3524 haec
1376 3472 1600 3541 quidem
1635 3474 1894 3533 Servator

307 3544 420 3608 ait,
455 3559 562 3599 non
597 3555 656 3601 ut
691 3549 932 3604 ministri
978 3553 1159 3608 locum
1208 3567 1397 3615 tenere
1449 3560 1721 3632 Spiritum
1769 3585 1894 3622 san-

306 3644 456 3690 ctum
506 3646 801 3706 putemus,
847 3642 1009 3711 juxta
1061 3646 1228 3719 926
1277 3654 1671 3710 nonnullorum
1723 3659 1893 3715 insci-

305 3725 477 3780 tiam:
507 3727 604 3782 sed
649 3730 778 3799 quia
816 3732 1121 3804 discipulos
1155 3741 1424 3799 certiores
1471 3747 1656 3814 potius
1705 3748 1890 3807 facere

303 3817 577 3887 voluerit,
611 3822 758 3890 quod
801 3837 927 3878 cum
973 3827 1119 3884 alius
1163 3845 1194 3884 a
1239 3847 1300 3888 se
1347 3850 1460 3890 non
1516 3838 1589 3893 sit
1643 3837 1888 3912 Spiritus

302 3922 478 3975 suus,
540 3914 1145 3977 consubstantialilatis
1203 3940 1400 3996 nempe
1454 3931 1712 3998 ratione,
1771 3935 1888 3993 haec

303 3999 492 4067 utique
527 4001 802 4074 loquetur,
845 4017 903 4062 et
958 4013 1302 4082 cperabitur,
1349 4026 1404 4074 et
1452 4022 1617 4079 volet.
1671 4024 1886 4084 Idcirco

298 4091 446 4145 enim
480 4092 726 4150 addidit:
758 4117 776 4148 ε
810 4097 875 4152 Ει
907 4116 1029 4170 quae
1073 4116 1305 4162 ventura
1356 4123 1485 4167 sunt
1531 4119 1883 4176 annuntiabit

298 4183 457 4240 vobis
480 4225 494 4250 ,
527 4203 546 4236 ι
574 4191 972 4259 propemodum
1024 4195 1218 4255 dicens
1267 4219 1280 4254 :

297 4276 494 4343 vobis,
527 4281 758 4337 omnino
790 4300 856 4340 ex
888 4302 1008 4341 mea
1039 4291 1353 4347 substantia
1403 4294 1667 4367 Spiritum
1719 4318 1876 4370 esse,

2027 447 2118 500 θεν
2167 451 2259 502 καὶ
2301 449 2366 516 ἐξ
2411 452 2642 522 ούρανοῦ
2695 453 3096 528 πλουτήσαντες
3148 461 3309 532 χάριν
3347 463 3605 533 ἤλλαξαν.

2025 536 2167 590 κατὰ
2205 537 2264 592 τὸ
2292 542 2678 613 γεγραμμένον
2698 582 2713 607 ,
2748 545 2902 617 ἰσχὺν
2922 587 2937 612 ,
2975 549 3070 602 καὶ
3099 551 3359 621 ἀμείνους
3385 553 3418 625 ἢ
3473 557 3608 627 πρός

2024 643 2182 698 τερον
2205 630 2346 684 κατά
2385 630 2485 702 τήν
2519 631 2717 699 γνῶσιν
2743 635 3021 703 γεγόνασι,
3048 638 3168 691 τότε
3197 640 3260 712 δὴ
3292 642 3434 711 μετὰ
3464 646 3607 716 παῤ-

2026 719 2223 790 ῥησίας
2253 721 2517 790 λεγόντων
2556 725 2873 796 ¹ἢκούσαμεν
2893 743 2908 756 ·
2954 747 2972 779 ι
3013 729 3205 801 Ἡμεῖς
3235 731 3290 784 δὲ
3316 731 3442 786 νοῦν
3470 735 3605 804 Χρι-

2025 811 2154 865 στοῦ
2198 813 2416 884 ἔχομεν.
2451 834 2470 868 ι
2530 818 2642 889 Οὐχ
2687 819 2874 892 ἕτερον
2920 822 2975 876 δέ
3025 840 3077 876 τι
3129 825 3452 895 σημαίνουσι
3506 828 3604 881 τοῦ

2023 905 2275 977 Σωτῆρος
2303 907 2393 961 τὸν
2425 908 2551 964 νοῦν
2571 950 2586 975 ,
2617 911 2650 983 ἢ
2681 912 2744 965 τὸ
2771 915 2852 977 είς
2884 914 3084 980 αὐτοὺς
3114 918 3408 988 ἐρχόμενον
3443 920 3602 988 ἅγιον

2022 998 2274 1069 Πνεῦμα,
2313 1001 2454 1055 κατὰ
2475 1001 2636 1072 λόγον
2667 1006 2852 1069 αὐτοῖς
2883 1006 2973 1059 τὸν
3009 1009 3288 1076 πρέποντα
3316 1011 3602 1066 διεκκαλύο

2022 1107 2156 1144 πτον
2203 1090 2419 1146 ἅπαντα
2444 1133 2461 1158 ,
2527 1095 2596 1148 τὰ
2650 1096 2860 1165 ὅσαπερ
2917 1099 3114 1153 εἰδέναι
3163 1102 3259 1155 καὶ
3306 1103 3604 1172 μανθάνειν

2020 1180 2209 1251 ἐχρῆν.
2259 1183 2428 1238 Ὅταν
2458 1180 2552 1239 οῦν
2576 1186 2701 1259 ἔλθῃ
2744 1190 2972 1254 ἐκεῖνος,
2994 1191 3140 1244 τοῦτ’
3173 1192 3319 1246 ἐστιν
3357 1197 3386 1248 ό
3411 1195 3600 1266 Παρά-

2019 1272 2247 1344 κλητος,
2281 1275 2344 1328 τὸ
2369 1276 2593 1347 Πνεῦμα
2616 1279 2716 1348 τῆς
2745 1279 3004 1351 ἀληθείας
3021 1322 3035 1346 ,
3063 1284 3320 1354 ὁδηγήσει
3347 1286 3494 1356 ὑμᾶς
3521 1288 3600 1350 εἰς

2017 1362 2115 1435 τὴν
2139 1365 2397 1436 ἀλήθειαν
2421 1371 2622 1423 πᾶσαν.
2650 1369 2821 1424 Βλέπε
2846 1371 2902 1424 δὲ
2925 1371 3000 1436 ὡς
3029 1375 3327 1446 ἐγρήγορεν
3350 1378 3382 1446 ὴ
3411 1379 3596 1447 φωνή·

2017 1453 2120 1524 ὅρα
2149 1455 2242 1508 τοῦ
2275 1456 2433 1525 λόγου
2463 1458 2563 1529 τὴν
2591 1461 2774 1530 νῆψιν.
2806 1462 3163 1534 Προειρηκὼς
3183 1465 3293 1536 γὰρ
3323 1465 3473 1536 ἥξειν
3507 1467 3597 1520 ἐπ’

2018 1543 2217 1607 αὐτοὺς
2263 1544 2354 1598 τὸν
2382 1547 2778 1618 Παράκλητον,
2827 1551 2888 1604 τὸ
2927 1551 3154 1623 Πνεῦμα
3194 1554 3294 1624 τῆς
3335 1556 3598 1626 ἀληθείας

2019 1631 2304 1704 ὠνόμασεν
2339 1635 2534 1704 αὐτὸν,
2587 1638 2732 1693 τοῦτ’
2780 1639 2928 1694 ἐστιν
2985 1642 3220 1696 ἑαυτοῦ·
3262 1645 3426 1708 αὐτὸς
3485 1648 3598 1718 γάρ

1945 1715 1987 1774 Β
2014 1727 2162 1779 ἐστιν
2204 1729 2237 1797 ή
2282 1727 2532 1798 ἀλήθεια.
2567 1730 2686 1785 Ἵνα
2734 1731 2844 1802 γὰρ
2874 1735 3066 1788 εἰδεῖεν
3108 1737 3158 1788 οἱ
3189 1737 3469 1808 μαθηταὶ,
3521 1715 3600 1803 ὡς

2010 1817 2108 1870 οὐκ
2136 1817 2424 1890 ἀλλοτρίας
2457 1823 2552 1875 καὶ
2585 1821 2745 1894 ξένης
2778 1825 2960 1889 αὐτοῖς
2989 1826 3274 1897 δυνάμεως
3301 1831 3598 1901 ἐπιφοίτη-

2011 1926 2130 1974 σιν,
2172 1911 2288 1964 ἀλλ’
2339 1913 2531 1966 ἑαυτὸν
2581 1915 2788 1986 ἑτέρως
2834 1917 3121 1971 ἐπιδώσειν
3166 1921 3594 1989 ἐπαγγέλλεται,

2009 2000 2235 2072 Πνεῦμα
2262 2003 2364 2072 τῆς
2387 2003 2669 2076 ἀληθείας,
2696 2006 2840 2060 τοῦτ’
2873 2007 3022 2061 ἔστιν
3045 2011 3263 2076 ἑαυτοῦ,
3288 2013 3381 2065 τὸν
3409 2015 3600 2085 Παρὰ-

2007 2094 2204 2165 κλητον
2231 2097 2515 2152 ἀποκαλεῖ.
2569 2099 2644 2152 Οὐ
2677 2100 2787 2170 γὰρ
2815 2100 3094 2174 ἀλλότριον
3142 2103 3242 2174 τῆς
3277 2105 3466 2169 οὐσίας
3497 2107 3597 2160 τοῦ

2005 2187 2344 2255 Μονογενοῦς
2373 2188 2434 2241 τὸ
2461 2190 2613 2259 ἆγιον
2647 2194 2850 2246 νοεῖται
2885 2192 3131 2264 Πνεῦμα,
3166 2196 3380 2264 πρόεισι
3403 2197 3460 2250 δὲ
3493 2216 3597 2266 φυ-

2008 2278 2175 2342 σικῶς
2205 2279 2262 2347 ἐξ
2296 2280 2467 2351 αὐτῆς
2487 2324 2502 2348 ,
2533 2283 2686 2337 οὐδὲν
2716 2283 2908 2355 ἕτερον
2947 2288 3078 2358 παρ’
3107 2288 3275 2342 αὐτὸν
3318 2289 3591 2360 ὑπάρχον,

2005 2371 2129 2424 ὅσον
2157 2373 2237 2436 είς
2263 2374 2569 2443 ταυτότητα
2597 2374 2814 2443 φύσεως
2835 2417 2850 2440 ,
2881 2377 2931 2429 εί
2965 2379 3060 2432 καὶ¹
3082 2381 3257 2432 νοοῖτο
3287 2381 3448 2450 τυχὸν
3473 2383 3597 2434 ἰδιο-

2006 2464 2308 2527 συστάτως.
2357 2465 2430 2518 Τὸ
2455 2465 2669 2530 τοίνυν,
2717 2467 2886 2539 φησὶ,
2921 2469 3020 2540 τῆς
3054 2469 3314 2539 ἀληθείας
3341 2470 3590 2543 Πνεῦμα,

2006 2558 2143 2629 πρὸς
2169 2559 2298 2629 ὃλην
2321 2559 2454 2629 ἡμῖν
2488 2549 2866 2631 καθηγήσεται
2892 2559 2994 2629 τῆς
3020 2561 3281 2630 ἀληθείας
3307 2563 3410 2634 τὴν
3443 2564 3590 2632 γνῶ-

2007 2661 2111 2700 σιν.
2169 2647 2256 2710 Ὠς
2297 2649 2405 2719 γὰρ
2447 2648 2586 2712 είδὸς
2632 2649 2876 2720 ἀκριϐῶς
2918 2651 3018 2721 τὴν
3059 2650 3356 2718 ἀλήθειαν,
3400 2649 3469 2726 ἦς
3497 2654 3594 2707 καὶ

2005 2739 2228 2810 Πνεῦμά
2251 2741 2424 2806 ἐστιν,
2454 2741 2554 2795 οὐκ
2580 2743 2645 2796 ὲκ
2683 2743 2884 2814 μέρους
2907 2743 3078 2815 αὐτὴν
3102 2745 3447 2816 ἀποκαλύψει
3473 2751 3590 2812 τοῖς

2004 2832 2319 2904 σεὸομένοις
2355 2835 2518 2888 αὑτὸν
2539 2876 2554 2901 ,
2582 2834 2802 2907 ὲνθήσει
2841 2836 2900 2888 δὲ
2933 2838 3134 2908 μᾶλλον
3182 2838 3496 2910 ὁλοκλήρως
3527 2841 3591 2892 τὸ

2002 2927 2131 2998 περὶ
2163 2927 2334 2998 αὐτῆς
2369 2928 2688 2999 μυστήριον.
2737 2930 2800 2982 Εἰ
2850 2929 2959 3002 γὰρ
2991 2930 3087 2983 καὶ
3133 2929 3230 2984 νῦν
3277 2933 3345 2984 ὲκ
3387 2930 3589 3002 μέρους

2001 3018 2363 3090 γινώσκομεν,
2393 3019 2468 3084 ὡς
2499 3023 2528 3074 ό
2560 3020 2773 3085 Παῦλός
2809 3039 3007 3092 φησιν,
3038 3021 3154 3075 ἀλλ’
3191 3022 3269 3086 ὡς
3297 3024 3354 3075 ὲν
3383 3023 3588 3092 γνώσει

2004 3112 2178 3182 μικρᾷ
2209 3112 2346 3164 σῶόν
2389 3130 2450 3165 τε
2485 3114 2579 3166 καὶ
2609 3116 2792 3176 ἀσινὲς
2821 3115 2949 3185 ἡμῖν
2988 3113 3050 3166 τδ
3082 3114 3182 3182 τῆς
3210 3114 3470 3185 ἀληθείας
3501 3117 3590 3168 ὲν-

1999 3206 2243 3279 ήστραψε
2276 3207 2491 3271 κάλλος.
2537 3209 2747 3278 ’Ὠσπερ
2784 3194 3086 3290 οὖν-οὐδεὶς
3115 3203 3223 3260 οἶδε
3264 3208 3334 3260 τὰ
3362 3207 3458 3260 τοῦ
3491 3209 3588 3261 ἀν·-

1998 3297 2252 3369 θρώπου,
2290 3299 2430 3351 κατά
2476 3299 2537 3351 τὸ
2570 3300 2989 3370 γεγραμμένον,
3040 3300 3089 3382 εἰ
3137 3299 3211 3370 μὴ
3259 3299 3320 3351 τὸ
3360 3299 3584 3369 πνεῦμα

1995 3390 2090 3443 τοῦ
2123 3390 2413 3461 ἀνθρώπου
2451 3390 2513 3444 τὸ
2545 3395 2602 3443 ὲν
2631 3391 2782 3461 αύτῷ
2803 3408 2816 3420 ⁸
2862 3390 3007 3444 κατά
3053 3391 3143 3445 τὸν
3167 3390 3361 3456 αὑτὸν,
3400 3387 3580 3462 οἶμαι,

1993 3484 2195 3554 τρόπον
2217 3523 2231 3547 ,
2265 3483 2468 3554 μᾶλλον
2500 3483 2558 3536 δὲ
2587 3483 2727 3537 κατὰ
2751 3482 2849 3553 τὴν
2874 3482 2966 3536 τοῦ
2993 3482 3207 3536 Παύλου
3237 3483 3454 3552 φωνὴν,
3489 3487 3582 3538 οὐ-

1992 3575 2102 3638 δεὶς
2128 3570 2237 3628 οἶδε
2267 3575 2338 3627 τὰ
2361 3574 2456 3628 τοῦ
2483 3573 2618 3628 Θεοῦ
2640 3616 2654 3640 ,
2707 3577 2757 3628 εί
2790 3575 2946 3648 μὴτὸ
2973 3575 3201 3646 Πνεῦμα
3224 3574 3316 3628 τοῦ
3346 3575 3488 3628 Θεοῦ
3517 3576 3581 3629 τὸ

1991 3665 2049 3716 ὲν
2075 3663 2245 3735 αὐτῷ.
2278 3665 2446 3717 Ὅταν
2469 3659 2561 3718 οῦν
2591 3664 2741 3736 ἔλθῃ,
2775 3667 2962 3735 φησὶν,
2990 3665 3051 3718 οὺ
3073 3665 3296 3734 λαλήσει
3327 3665 3423 3734 ἀφ’
3447 3667 3579 3718 ἐαυ-

1988 3757 2082 3810 τοῦ
2111 3758 2261 3812 ούδὲν
2281 3798 2295 3821 ,
2325 3759 2446 3811 ἀντὶ
2471 3757 2568 3811 τοῦ
2590 3797 2603 3820 ,
2635 3761 2869 3811 συνετιεῖ
2901 3760 2998 3829 μὲν
3030 3759 3203 3828 ὑμᾶς,
3236 3758 3331 3811 καί⁵
3356 3757 3420 3810 τὸ
3444 3759 3578 3826 περὶ

1987 3849 2087 3920 τῆς
2108 3849 2363 3918 ἀληθείας
2390 3848 2731 3918 ἀποκαλύψει
2756 3850 3056 3919 μυστήριον
3081 3864 3094 3876 ·
3117 3847 3343 3917 λαλήσει
3377 3864 3441 3915 γε
3467 3846 3578 3916 μὴν

1987 3939 2267 4002 παντελῶς
2293 3939 2443 3993 οὐδὲν
2467 3938 2576 3992 τῶν
2607 3939 2920 4010 ἁπᾳδόντων
2950 3939 3095 4010 ἐμοὶ,
3130 3939 3249 3994 ἀλλ’
3269 3938 3390 3992 οὐδὲ
3421 3938 3579 4004 ξένον

1987 4029 2116 4100 ὑμῖν
2167 4031 2524 4101 είσηγήσεται
2592 4030 2839 4102 μάθημα.
2901 4031 2975 4084 Οὐ
3037 4031 3146 4102 γὰρ
3194 4030 3357 4094 ἰδίους
3406 4031 3577 4099 τυχὸν

1985 4123 2206 4176 εἰσοίσει
2235 4123 2466 4192 νόμους,
2522 4123 2710 4192 ἐπειδὴ
2744 4122 2800 4175 δὲ
2833 4121 3056 4192 Πνεῦμα
3078 4164 3092 4187 ,
3133 4123 3228 4176 καὶ
3251 4121 3416 4174 οἱονεὶ
3444 4121 3576 4186 νοῦς

1338 4200 1566 4273 Signum
1617 4208 1721 4265 hoc
1773 4213 1880 4267 erit

2006 4233 2131 4270 ortv
2163 4216 2316 4287 ὲμὺς,
2339 4216 2563 4288 λαλήσει
2590 4215 2652 4288 δὴ
2672 4216 2891 4280 πάντως
2920 4219 2990 4268 τὰ
3014 4218 3070 4268 ὲν
3100 4214 3244 4285 ἐμοί.
3274 4215 3386 4267 Καὶ
3411 4214 3574 4267 τοῦτό

1982 4326 2147 4380 φησιν
2166 4310 2195 4362 ό
2216 4309 2428 4380 Σωτὴρ,
2445 4310 2543 4379 οὐχ
2561 4309 2647 4362 ἵνα
2668 4308 2878 4380 νοῶμεν
2902 4305 3242 4378 ύπουργικδν
3264 4305 3325 4359 τὸ
3343 4304 3571 4373 Πνεῦμα

295 4375 351 4421 ct
381 4383 554 4425 meam
587 4375 757 4430 veluti
789 4387 1027 4435 mentem
1074 4397 1230 4450 esse,
1277 4389 1424 4457 quod
1461 4402 1687 4447 ventura
1729 4412 1871 4466 pra:-

2006 4375 2261 4468 bﬁytov,
2303 4375 2448 4453 κατὰ
2483 4375 2584 4471 τήν
2625 4375 2792 4453 τινων
2838 4375 3106 4469 ἀμαθίανέ
3151 4396 3570 4468 πληροφορῆσαι

295 4458 580 4520 dicaturus
609 4467 719 4534 sit,
752 4485 864 4527 non
914 4489 1076 4530 secus
1119 4492 1188 4532 ac
1238 4495 1364 4550 ego.
1417 4483 1650 4542 Praedixi
1693 4491 1874 4557 enim,

2006 4491 2031 4544 ὲ
2077 4458 2275 4562 penei;
2324 4458 2589 4562 ἐθελήσάς
2634 4493 2761 4554 τοὺς
2807 4458 3089 4561 μαθητὰς,
3141 4490 3216 4554 ὡς
3247 4458 3345 4560 οὐχ
3375 4458 3570 4557 ἕτερον

294 4549 425 4606 licet
463 4556 649 4610 omnia
697 4559 917 4618 discere
963 4581 1072 4620 non
1121 4549 1371 4638 possitis.
1420 4573 1532 4631 Nec
1579 4580 1761 4644 enim,
1817 4591 1877 4638 ut

2008 4601 2035 4634 ν
2063 4585 2194 4656 παρ’
2232 4584 2396 4638 αὑτὸν
2420 4584 2481 4638 τὸ
2513 4585 2733 4655 Πνεῦμα
2760 4584 2947 4647 αὐτοῦ,
2973 4583 3115 4638 κατὰ
3140 4600 3202 4651 γε
3233 4583 3325 4636 τὸν
3351 4584 3407 4636 ὲν
3436 4583 3568 4650 ὁμο-

290 4657 430 4711 ego,
463 4655 695 4703 ventura
729 4655 1086 4723 praedixerit,
1122 4661 1227 4718 nisi
1261 4671 1316 4718 et
1343 4664 1397 4719 in
1427 4682 1515 4722 me
1553 4670 1662 4736 sit,
1694 4679 1750 4725 et
1778 4690 1877 4744 per

2006 4655 2247 4748 υσιότητι
2294 4677 2489 4744 λόγον,
2545 4675 2721 4730 ταῦτα
2778 4675 2842 4747 δὴ
2887 4676 3106 4739 πάντως
3159 4674 3410 4744 λαλήσει,
3466 4674 3567 4725 καὶ

291 4745 380 4838 Ine
407 4737 706 4805 procedat,
731 4747 787 4795 et
815 4743 1061 4812 ejusdem
1093 4749 1166 4805 sit
1195 4766 1409 4808 mecum
1440 4737 1795 4818 substantiae:

2006 4737 2290 4838 νεργήσει,
2322 4737 2416 4820 καὶ
2457 4737 2797 4838 βουλήσεται.
2822 4737 2922 4820 Ᾱιά
2951 4766 3060 4838 γάρ
3088 4737 3173 4818 τοι
3198 4737 3359 4818 τοῦτο
3390 4780 3564 4834 προσ-

288 4819 566 4886 τέθεικεν,
601 4826 682 4879 ὄτι
721 4846 741 4879 ι
781 4832 892 4885 Καὶ
925 4834 996 4888 τὰ
1029 4837 1302 4908 ἐρχόμενα
1330 4843 1624 4914 ἀναγγελεῖ
1650 4851 1802 4921 ὑμῖν,
1837 4875 1854 4908 ι
1903 4819 2190 4926 μονονούχὶ
2219 4819 2430 4925 λέγων’
2457 4819 3086 4927 ΙΣημεῖοντοῦτοἔσται
3111 4855 3242 4925 ὑμῖν
3265 4893 3279 4918 ,
3349 4819 3449 4907 ὅτι·
3495 4854 3562 4923 δὴ

288 4913 508 4980 πάντως
551 4920 616 4972 ὲκ
655 4923 755 4992 τῆς
793 4926 932 4997 ἐμῆς
969 4929 1158 4994 οὐσίας
1203 4932 1262 4985 τὸ
1307 4936 1530 5008 Πνεῦμά
1567 4913 1712 5005 ἐστι’,
1758 4913 1850 5000 καὶ
1888 4913 2000 5002 οἷον
2034 4913 2168 5019 ἐμός
2187 4913 2306 5001 ἐστί
2342 4947 2486 5011 νοῦς,
2518 4913 2578 5001 τό
2605 4951 2753 5019 ὲρεῖν
2783 4949 2946 5004 αὑτὸν
2990 4950 3062 5003 τὰ
3105 4949 3360 5018 ἐσόμενα,
3387 4945 3562 4999 καθά-

285 5023 391 5078 περ
424 5011 554 5071 ὲγὼο
582 5015 892 5088 Προείρηκα
921 5019 1063 5092 γὰρ,
1113 5027 1160 5078 εί
1187 5027 1282 5080 καὶ
1315 5030 1390 5101 μὴ
1423 5031 1650 5103 δύνησθε
1677 5038 1853 5093 πάντα
1895 5011 2108 5111 μαθεῖν.
2175 5041 2290 5094 Ούκ
2338 5040 2404 5094 ἂν
2445 5037 2540 5094 οὖν
2569 5011 2701 5112 ἄρα,
2746 5041 2999 5113 καθάπερ
3043 5041 3174 5110 ἐγὼ,
3206 5011 3452 5111 ’προερεῖ
3484 5039 3562 5091 τὰ

284 5102 551 5172 ἐσόμενα,
609 5108 681 5178 μὴ
716 5111 835 5181 οὐχὶ
867 5113 1084 5177 πάντως
1113 5118 1170 5170 ὲν
1201 5121 1324 5190 ἐμοί
1347 5139 1406 5175 τε
1435 5125 1711 5198 ὑπάρχον,
1762 5131 1858 5184 καὶ
1891 5131 1960 5185 δι’
1985 5131 2120 5202 ἐμοῦ
2161 5133 2372 5203 προϊὸν,
2403 5133 2612 5202 καὶτῆς
2646 5133 2816 5205 αὐτῆς
2840 5133 3030 5198 οὐσίας
3053 5133 3298 5204 ὑπάρχον
3327 5133 3476 5205 ἐμοί.

363 5275 596 5334 αιοοτ.
625 5295 686 5348 ιι,
718 5282 782 5337 16
885 5285 1110 5342 “Juan.
1153 5306 1262 5355 xw,
1298 5290 1350 5344 6.
1432 5294 1668 5353 “lCor.
1707 5315 1826 5362 xm,
1861 5301 1894 5356 9

2010 5304 2055 5334 ⁵⁸
2086 5302 2100 5356 Ι
2134 5303 2260 5359 Cor.
2307 5319 2364 5370 ιι,
2405 5305 2487 5361 ll.
