3868 6200
309 279 414 340 M7

1315 280 1376 338 S.
1416 278 1690 337 CYRILLI
1723 277 2199 335 ALEXANDRIM
2238 279 2562 337 ARCHIEP.

3464 274 3566 330 “8

314 429 3544 470 mm

2541 453 2712 463 ...ι-..-

889 596 1063 684 ΕΙΣ
1135 597 1283 682 ΤΟ
1358 549 1690 681 KATA’
1729 592 1899 680 IoA

2006 595 2234 679 NHN
2309 593 3009 682 ΕΥΑΓΓΕΛΙΟΝ

1083 783 1722 902 ΒΙΒΛΙΟΝ
1835 785 2820 904 ΕΝΔΕΚΑΤΟΝο

513 1167 640 1256 ΙΝ
720 1163 1238 1258 JOANNIS
1308 1165 2098 1261 EVANGELIUM
2144 1170 2500 1259 LIBER
2553 1171 3299 1263 UNDECIMUS.

883 1511 1055 1583 923
1103 1509 1259 1568 CAP.
1291 1512 1332 1568 1.

2611 1513 2862 1566 ΚΕΦΑΛ.
2916 1510 2994 1566 A'.

319 1601 474 1668 Quod
509 1602 831 1689 naturaliter
858 1613 906 1686 et
939 1620 1004 1657 ea:
1035 1603 1138 1658 Deo
1160 1649 1174 1669 ,
1204 1615 1253 1687 et
1293 1607 1346 1660 in
1373 1604 1523 1689 Filio
1553 1607 1621 1689 sit
1641 1605 1892 1689 CSp-irim:

2006 1602 2689 1689 'Ortyvotxéq‘éx‘esoﬁ
2716 1620 2779 1683 fa
2804 1600 2900 1689 καί
3018 1599 3096 1689 τῷ
3119 1600 3319 1689 Υξιῷντὸ
3338 1599 3580 1689 Πνεῦμα

389 1682 640 1739 sanctus,
681 1684 729 1727 et
760 1691 849 1742 per
879 1676 1053 1743 ipsum
1083 1717 1096 1738 ,
1129 1685 1178 1728 et
1213 1678 1267 1728 in
1300 1677 1601 1731 substantia
1635 1678 1822 1746 ipsius.

390 1761 543 1830 XVI,
579 1763 668 1818 14.
712 1763 813 1819 Ille
848 1783 927 1819 me
955 1765 1275 1834 cIari/icabit
1297 1808 1312 1832 ,
1353 1770 1479 1839 quia
1507 1770 1571 1823 de
1605 1787 1720 1825 meo
1751 1771 1890 1824 acci-

319 1851 461 1920 piet,
501 1864 551 1907 et
589 1855 929 1908 anmmtiabit
962 1855 1127 1909 vobis.

393 1965 561 2032 Quasi
607 1967 788 2036 dignis
830 1969 1142 2022 revelaturo
1188 1977 1383 2024 sancto
1435 1969 1644 2040 Spiritu
1692 1969 1899 2024 Christi

320 2055 679 2124 mysterium,
721 2065 775 2110 et
816 2069 1072 2112 accurate
1103 2058 1453 2113 declaraturu
1495 2060 1752 2130 quisnam
1800 2076 1900 2114 na-

320 2155 440 2200 tura
464 2187 479 2212 ,
509 2156 839 2216 quantteque
869 2149 942 2203 sit
978 2151 1201 2204 virtutis
1249 2166 1312 2203 ac
1343 2152 1620 2220 potentiae,
1667 2159 1722 2206 et
1751 2151 1901 2221 quod

319 2237 372 2291 in
398 2254 590 2294 omnes
615 2255 721 2294 una
747 2255 868 2294 cum
897 2240 1058 2295 Patre
1088 2252 1304 2313 regnet,
1336 2244 1650 2298 necessario
1673 2243 1903 2312 subjun-

319 2331 427 2400 git:
472 2351 490 2381 ι
528 2330 624 2387 Ille
655 2347 742 2387 me
770 2333 1120 2387 clariﬁcabit.
1163 2353 1182 2386 ι
1223 2332 1479 2388 Nostram
1511 2336 1719 2406 quippe
1752 2350 1902 2391 men-

318 2433 427 2476 tem
459 2437 626 2492 supra
663 2421 978 2478 Iud-morum
1011 2424 1378 2495 cogitationes
1415 2425 1632 2492 evehit,
1663 2439 1766 2480 nec
1791 2434 1900 2478 tam

318 2514 531 2584 abjecte
551 2516 618 2569 de
640 2530 705 2570 eo
736 2518 942 2571 sentire
967 2532 1066 2571 nos
1088 2517 1218 2572 sinit
1241 2557 1255 2578 ,
1286 2524 1346 2570 ut
1376 2517 1653 2572 hominem
1692 2517 1899 2570 nudum

318 2619 383 2659 ac
417 2604 720 2674 simplicem
766 2622 890 2661 eum
935 2622 1060 2662 esse
1109 2615 1403 2676 putemus,
1453 2615 1548 2661 aut
1584 2607 1746 2678 paulo
1770 2622 1902 2677 pro-

320 2696 500 2765 phetis
536 2698 803 2767 majorem
827 2738 841 2760 ,
881 2699 1085 2753 nedum
1131 2701 1352 2754 illorum
1389 2701 1567 2771 gloria
1607 2701 1900 2756 minorem.

319 2787 470 2842 Talia
501 2790 706 2859 quippe
745 2792 812 2844 de
852 2806 918 2844 eo
950 2793 1194 2847 sensisse
1221 2793 1649 2861 comperiemus.
1689 2791 1902 2847 Jutle-

319 2898 441 2936 rum
473 2881 728 2938 doctores
767 2899 831 2937 ac
879 2883 1049 2938 duces
1071 2927 1085 2950 ,
1135 2885 1230 2954 qui
1263 2900 1388 2938 cum
1425 2886 1645 2953 pietatis
1680 2886 1903 2956 ignora-

318 2981 441 3025 rent
481 2974 834 3042 mysterium,
869 2973 1080 3029 crebris
1115 2975 1424 3029 maledictis
1451 2974 1737 3031 Christum
1775 2992 1898 3046 pro-

319 3064 717 3134 sequebantur,
749 3081 1025 3135 suumque
1057 3064 1298 3121 furorem
1338 3067 1459 3136 ejus
1488 3066 1656 3138 929
1687 3083 1900 3122 sermo-

319 3156 484 3212 nibus
507 3168 867 3227 opponentes,
889 3159 1050 3212 modo
1074 3160 1296 3228 quidem
1322 3160 1540 3214 aiebant
1572 3177 1585 3212 :
1624 3179 1642 3211 ι
1673 3160 1752 3214 'l‘u
1777 3159 1902 3230 quis

317 3249 421 3303 es?
464 3250 737 3303 Abraham
793 3259 1049 3306 mortuus
1097 3259 1220 3315 est,
1267 3257 1324 3305 et
1370 3251 1655 3320 prophetae
1699 3251 1902 3306 mortui

321 3351 473 3408 sunt,
530 3352 585 3398 et
617 3352 674 3398 tu
707 3344 869 3407 dicis,
903 3344 959 3399 Si
994 3344 1121 3414 quis
1157 3359 1468 3400 sermonem
1499 3359 1680 3398 meum
1715 3359 1902 3398 servae

320 3435 478 3494 verit.
515 3452 624 3490 non
661 3436 904 3506 gustabit
937 3445 1170 3492 mortem
1204 3436 1259 3489 in
1296 3445 1586 3490 aeternum.
1619 3435 1790 3501 Quem
1818 3443 1902 3488 te-

320 3525 499 3595 ipsum
533 3526 670 3583 facis
696 3527 786 3580 “Y
821 3547 840 3579 ι
876 3532 1040 3582 modo
1071 3543 1202 3582 vero
1241 3527 1460 3596 generis
1503 3527 1900 3596 ignobilitatem

319 3633 386 3672 ac
439 3619 698 3674 vilitatem
752 3619 800 3674 ei
853 3620 1261 3689 exprobrantes
1310 3636 1322 3672 :
1387 3639 1405 3669 ‹
1440 3617 1634 3672 Nonne
1679 3619 1767 3671 hic
1821 3626 1903 3671 est

322 3710 465 3766 illius
492 3709 721 3782 Joseph,
769 3711 928 3780 cujus
975 3727 1074 3766 nos
1118 3710 1372 3764 novimus
1425 3719 1636 3780 patrem
1689 3717 1743 3763 et
1791 3723 1903 3761 ma-

320 3805 503 3857 trem?
536 3803 821 3869 Quomodo
855 3818 985 3871 ergo
1014 3803 1150 3857 dicit
1182 3820 1195 3855 :
1235 3803 1365 3871 quia
1395 3801 1462 3856 de
1489 3803 1633 3857 cmlo
1673 3803 1904 3856 descen-

319 3897 374 3950 di
405 3897 489 3950 “?
526 3915 544 3947 ι
595 3895 760 3950 Vides
807 3897 898 3950 hic
952 3895 1185 3954 miseras
1229 3903 1284 3950 et
1325 3893 1548 3966 putidas
1584 3892 1899 3949 Judaeorum

319 3987 790 4042 ratiocinationes.
839 3987 974 4041 Cum
1009 4003 1142 4058 ergo
1175 4003 1242 4042 eo
1282 3987 1470 4042 animo
1501 3986 1657 4040 multi
1688 3993 1899 4050 essent,

319 4084 812 4150 existimarentqne
847 4097 1036 4136 revera
1066 4081 1234 4137 Deum
1269 4097 1379 4135 non
1415 4097 1542 4136 esse
1571 4079 1860 4134 Dominum
1883 4121 1899 4146 ,

320 4182 543 4244 propter
576 4172 838 4226 caducam
882 4171 1023 4224 hanc
1062 4171 1314 4242 corporis
1360 4171 1626 4240 ﬁguram,
1670 4179 1724 4224 et
1754 4169 1901 4239 abjc-

2035 1677 2098 1730 τὸ
2129 1669 2320 1746 ἅγιον,
2345 1673 2438 1726 καὶ
2455 1673 2530 1726 δι’
2559 1673 2766 1736 αὑτοῦ,
2797 1671 2893 1725 καὶ
2915 1671 2985 1724 ἐν
3021 1669 3292 1740 trioboli;
3320 1669 3529 1725 αὑτοῦ.

2082 1765 2340 1830 Ἐκεῖνος
2363 1762 2466 1830 ἐμὲ
2490 1761 2758 1827 δοξάσει,
2787 1761 2877 1816 ὅτι
2905 1762 2972 1815 ἐκ
2993 1762 3098 1816 τοῦ
3121 1762 3268 1832 ἐμοῦ
3297 1761 3580 1831 λήψεται,

2000 1859 2098 1911 καὶ
2124 1854 2454 1925 ἀναγγελεῖ
2485 1858 2522 1909 ὑ
2524 1853 2650 1924 μῖν.

2082 1971 2169 2033 Ὧς
2211 1970 2620 2023 ἀποκαλύπτειν
2675 1966 2962 2038 μέλλοντος
3013 1969 3125 2030 τοῖς
3166 1953 3361 2019 τούτου
3398 1969 3585 2036 τυχεῖν

2001 2063 2170 2131 ἀξίοις
2202 2061 2298 2116 τοῦ
2333 2062 2492 2130 ἀγίου
2534 2059 2850 2128 Πνεύματος
2875 2059 2935 2111 τὸ
2981 2059 3075 2111 ἐπὶ
3113 2057 3334 2129 Χριστῷ
3370 2060 3585 2128 μυστή-

2005 2173 2139 2230 ριον,
2169 2155 2264 2210 καὶ
2299 2153 2719 2224 παραδεικνύειν
2761 2149 3004 2222 ἀκριϐῶς
3037 2151 3116 2214 τίς
3166 2151 3264 2220 μέν
3295 2152 3413 2203 ἐστι
3444 2152 3586 2204 κατὰ

2002 2250 2184 2318 φύσιν,
2215 2249 2357 2316 πόση
2380 2248 2436 2300 δὲ
2457 2244 2606 2316 αὐτῷ
2637 2243 2868 2314 δύναμίς
2897 2261 2958 2296 τε
2994 2244 3088 2296 καὶ
3123 2240 3356 2307 ἐξουσία,
3386 2243 3484 2296 καὶ
3503 2243 3588 2296 ὅτι

2005 2341 2220 2395 πάντων
2273 2338 2548 2409 βασιλεύει
2600 2337 2738 2408 μετὰ
2785 2335 3020 2406 Πατρὸς,
3059 2335 3375 2404 ἀναγκαίως
3420 2338 3589 2406 φησιν

2000 2431 2083 2484 ὅτι
2143 2450 2162 2483 ι
2211 2430 2450 2493 Ἐκεῖνος
2504 2430 2605 2499 ἐμὲ
2649 2427 2885 2494 δοξάσει.
2936 2445 2954 2478 ι
3001 2427 3287 2497 Ἀνωτέρω
3334 2426 3436 2496 μὲν
3479 2428 3591 2498 γὰρ

2004 2524 2187 2595 ἵστησι
2213 2523 2580 2593 φρονημάτων
2617 2520 2922 2573 Ἰουδαϊκῶν
2967 2520 3058 2572 τὸν
3115 2519 3389 2588 ἡμέτερον
3437 2521 3590 2582 νοῦν,

2007 2615 2211 2686 μικρὰν
2231 2615 2287 2667 δὲ
2318 2613 2462 2667 οὕτω
2498 2614 2592 2666 καὶ
2639 2611 2991 2684 χαμαιῤῥιφῆ
3025 2612 3123 2682 τὴν
3156 2613 3410 2682 διάληψιν
3441 2614 3591 2684 ἔχειν

2005 2709 2152 2778 ἡμᾶς
2175 2707 2276 2760 οὐκ
2319 2705 2558 2776 ἐφίησιν,
2597 2707 2674 2768 ὼς
2713 2704 3000 2775 ἄνθρωπον
3033 2704 3241 2758 οἴεσθαι
3293 2705 3447 2773 ψιλὸν
3482 2707 3592 2758 ὐπ-

2004 2801 2194 2872 άρχειν
2239 2799 2423 2864 αὐτὸν,
2457 2799 2490 2869 ἢ
2522 2798 2701 2866 ὀλίγον
2753 2796 2952 2866 κομιδῆ
3010 2796 3073 2850 τὸ
3128 2796 3240 2850 τῶν
3293 2797 3592 2868 προφητῶν

2005 2891 2338 2964 ὑπερθέοντα
2398 2891 2627 2962 μέτρον,
2673 2889 2706 2960 ἢ
2753 2890 2848 2942 καὶ
2897 2891 2997 2960 τῆς
3044 2889 3271 2942 ἐκείνων
3337 2889 3592 2952 εὐκλείας

2005 2981 2506 3053 μειονεκτούμενον.
2539 2979 2774 3033 Τοιαῦτα
2797 2979 2905 3047 γὰρ
2927 2979 3012 3030 ἐπ’
3047 2977 3197 3049 αὐτῴ
3236 2979 3591 3049 πεφρονηκό-

2000 3092 2100 3136 τας
2127 3075 2436 3143 εὑρήσομεν
2451 3075 2577 3135 τοὺς
2603 3071 2713 3124 τῶν
2741 3070 3014 3124 Ἰουδαίων
3034 3070 3374 3141 καθηγητὰς,
3414 3069 3464 3122 οἳ
3489 3070 3592 3138 τῆς

2001 3164 2283 3227 εὐσεϐείας
2304 3165 2405 3217 οὐκ
2432 3163 2631 3224 εἰδότες
2649 3163 2710 3215 τὸ
2735 3163 3056 3232 μυστήριον,
3090 3161 3287 3232 συχνὰς
3310 3161 3593 3214 ἐποιοῦντο

1999 3255 2098 3319 τὰς
2127 3257 2268 3309 κατὰ
2298 3255 2393 3308 τοῦ
2425 3252 2660 3326 Χριστοῦ
2685 3253 3021 3323 δυσφημίας,
3064 3255 3159 3307 καὶ
3186 3256 3298 3316 τοῖς
3325 3253 3456 3322 παρ’
3487 3254 3591 3306 αὑ-

2001 3349 2095 3402 τοῦ
2134 3349 2453 3419 λεγομένοις
2499 3349 2598 3418 τὴν
2658 3347 2795 3400 ίδίαν
2848 3347 3108 3400 ἀπόνοιαν
3161 3346 3589 3414 ἀντεξάγοντες,

2003 3442 2136 3495 ποτὲ
2162 3441 2259 3512 μὲν
2295 3441 2569 3511 ἔφασκον·
2606 3459 2624 3492 ι
2661 3439 2733 3492 Σὺ
2776 3439 2860 3502 τίς
2890 3433 2974 3505 sl;
3023 3439 3276 3509 Ἀϐραὰμ
3325 3439 3588 3501 ἀπέθανε,

2002 3535 2096 3586 καὶ
2125 3535 2175 3586 oi
2230 3533 2507 3604 προφῆται
2563 3532 2858 3595 ἀπέθανον,
2893 3531 2988 3584 καὶ
3018 3531 3083 3584 σὺ
3101 3530 3305 3598 λέγεις,
3345 3530 3472 3582 Ἐάν
3502 3546 3591 3592 τις

2001 3627 2092 3678 τὸν
2117 3625 2248 3694 ἐμὸν
2275 3625 2432 3693 λόγον
2463 3624 2704 3694 τηρήσῃ,
2741 3622 2973 3676 θάνατον
3028 3623 3090 3674 ού
3153 3621 3229 3692 μὴ
3260 3622 3344 3693 ἴδῃ
3376 3624 3455 3685 εἰς
3495 3621 3590 3674 τὸν

2002 3717 2192 3770 αἰῶνα.
2215 3715 2350 3769 Τίνα
2384 3714 2608 3768 σεαυτὸν
2634 3717 2808 3776 ποιεῖς
2832 3730 2846 3777 ;
2883 3733 2900 3766 ι
2941 3712 3071 3766 ποτὲ
3095 3711 3148 3765 δὲ
3182 3712 3342 3765 πάλιν
3361 3712 3462 3781 τὴν
3480 3710 3579 3764 τοῦ

2003 3809 2146 3862 κατὰ
2197 3807 2376 3877 σάρκα
2414 3807 2604 3874 γένους
2633 3806 2934 3869 εὐτέλειαν,
2988 3805 3082 3858 καὶ
3113 3805 3174 3856 τὸ
3217 3805 3338 3857 λίαν
3371 3806 3591 3874 ἄσημον

2003 3902 2062 3954 ἐν
2089 3897 2264 3969 τούτῳ
2297 3897 2756 3961 κατονειδίζοντες
2777 3914 2788 3926 ·
2821 3916 2839 3949 ι
2897 3897 3009 3966 Οὐχ
3050 3897 3164 3960 υἱός
3206 3897 3354 3949 ἐστιν
3390 3897 3591 3967 Ἰωσὴφ

2001 3987 2176 4058 οὗτος,
2210 3985 2271 4045 οῦ
2316 3993 2480 4062 ἡμεῖς
2529 3990 2755 4060 οἴδαμεν
2807 3989 2900 4043 τὸν
2936 3989 3184 4060 πατέρα,
3213 3991 3308 4042 καὶ
3349 3990 3449 4059 τὴν
3484 4007 3593 4059 μη-

2002 4085 2164 4156 τέρας
2192 4083 2316 4146 Πῶς
2365 4077 2458 4135 οὖν
2517 4081 2684 4148 λέγει,
2719 4082 2799 4134 ὅτι
2831 4081 2927 4132 Ἐκ
2953 4080 3046 4132 τοῦ
3087 4078 3318 4151 ούρανοῦ
3349 4080 3592 4133 καταϐέ-

2002 4173 2188 4246 ϐηκας
2230 4190 2248 4224 ι
2289 4172 2454 4242 Ὁρᾷς
2480 4171 2538 4222 ἐν
2557 4168 2770 4232 τούτοις
2809 4167 3116 4223 Ἰουδαϊκῶν
3163 4167 3459 4238 ἀθλιότητα
3496 4169 3590 4222 λο-

319 4266 626 4320 ctissimam
656 4263 724 4318 de
753 4278 818 4318 eo
848 4263 1158 4331 opinionem
1195 4263 1486 4332 concipere
1526 4261 1644 4316 ausi
1675 4273 1894 4321 essent,

2006 4265 2253 4336 γισμῶν;
2282 4261 2657 4330 Διακειμένων
2701 4256 2794 4314 οὖν
2824 4261 2931 4332 ἄρα
2962 4259 3072 4314 τῶν
3105 4259 3338 4324 πολλῶν,
3371 4260 3592 4332 οἰηθέν-

319 4357 547 4426 gloriam
571 4356 696 4426 ejus
719 4355 927 4411 sanctis
951 4353 1408 4410 manifestatnrns
1432 4352 1674 4424 Spiritus
1703 4369 1734 4407 e
1757 4354 1898 4408 ccelo

2006 4376 2108 4412 των
2137 4375 2196 4410 τε
2245 4355 2390 4412 κατὰ
2450 4354 2712 4425 ἀλήθειαν
2755 4354 2855 4406 ούκ
2888 4349 3025 4406 εἶναι
3057 4353 3189 4405 Θεὸν
3222 4353 3314 4406 τὸν
3357 4351 3589 4422 Κύριον,

318 4451 578 4520 delapsus
615 4457 738 4515 εει,
775 4464 950 4519 neque
981 4463 1111 4502 vero
1135 4447 1479 4516 sapientibus
1522 4455 1737 4500 tantum
1779 4461 1899 4501 ser-

320 4545 598 4606 monibus,
623 4541 715 4597 sed
742 4550 796 4596 et
818 4557 1007 4618 rerum
1032 4542 1504 4596 demonstratione
1530 4540 1897 4595 certissimam

320 4635 618 4704 unicuique
653 4634 815 4688 ﬁdem
857 4635 1104 4689 facturus
1134 4641 1254 4688 erat
1294 4632 1462 4688 Deum
1487 4649 1649 4698 vere,
1691 4633 1900 4702 Deique

320 4744 384 4781 ac
422 4726 602 4781 Patris
636 4726 956 4781 substantia:
1001 4725 1237 4781 fructum
1277 4741 1400 4780 eum
1447 4740 1592 4779 esse.
1634 4723 1897 4790 Quaanam

318 4835 452 4890 ergo
481 4825 566 4873 est
589 4818 679 4871 illa
709 4818 1109 4873 demonstratio
1129 4857 1143 4881 ,
1181 4825 1276 4871 aut
1307 4817 1585 4887 quomodo
1619 4817 1898 4871 claritica-

319 4919 478 4966 turus
508 4909 787 4964 Christum
832 4910 982 4964 erat?
1025 4909 1227 4979 Nempe
1253 4925 1377 4964 cum
1415 4909 1796 4965 admirabilem
1834 4922 1899 4962 ac

320 5005 432 5060 Deo
467 5004 689 5076 dignam
727 5003 780 5058 in
811 5003 1074 5058 omnibus
1105 5003 1370 5074 operandi
1415 5005 1523 5058 vim
1573 5003 1804 5068 habeat,
1841 5011 1899 5057 et
1943 5035 1952 5046 ς

319 5097 566 5152 onmium
601 5112 782 5150 rerum
807 5093 1263 5165 perfectissimam
1291 5094 1662 5162 cognitionem
1690 5094 1898 5149 sanctis

318 5193 566 5256 inserat,
597 5189 802 5243 idcirco
833 5186 959 5240 hinc
987 5187 1034 5240 ei
1064 5186 1292 5256 gloriam
1320 5185 1724 5240 conciliaturus
1753 5193 1894 5240 erat.

321 5283 434 5337 Soli
459 5283 664 5354 quippe
688 5291 896 5334 natura:
920 5277 1384 5348 universiregina:
1404 5276 1670 5345 competit
1693 5285 1895 5330 cuncta

321 5389 484 5428 nosse
513 5414 526 5437 ,
570 5383 728 5428 extra
765 5371 1096 5440 cujusquam
1145 5383 1405 5438 operam,
1445 5382 1620 5438 eaque
1660 5367 1806 5421 nuda
1841 5375 1896 5422 et

319 5475 506 5536 aperta
540 5465 594 5520 in
630 5464 806 5520 oculis
841 5462 1042 5517 habere
1067 5460 1136 5523 °",
1164 5468 1218 5515 et
1249 5459 1619 5530 quodcunque
1651 5459 1783 5514 velit
1809 5459 1892 5512 fa-

316 5558 425 5612 cile
455 5556 735 5620 perlicere.
769 5554 1050 5611 Clarilicat
1081 5551 1264 5607 itaone
1293 5549 1496 5605 Filium
1534 5550 1850 5606 Paraclctus
1877 5591 1892 5614 ,

396 5695 439 5724 "
478 5692 634 5750 Joan.
671 5712 802 5761 VIII,
845 5695 930 5749 52.
1011 5695 1053 5723 "
1088 5691 1245 5748 Joan.
1282 5708 1355 5760 vr,
1392 5691 1460 5747 42

1999 4450 2089 4504 διὰ
2117 4450 2178 4503 τὸ
2205 4449 2472 4519 ἐπίκηρον
2495 4448 2648 4500 τουτὶ
2671 4447 2764 4500 τοῦ
2810 4446 3060 4516 σώματος
3092 4447 3294 4515 σχῆμα,
3330 4445 3423 4497 καὶ
3455 4445 3591 4514 χθα-

2005 4541 2333 4614 μαλωτάτην
2366 4538 2496 4610 περὶ
2557 4537 2724 4592 αὑτοῦ
2777 4538 2878 4606 τὴν
2939 4535 3214 4605 ὑπόληψιν
3237 4536 3298 4590 οὐ
3338 4536 3591 4590 καταδει-

2003 4635 2211 4690 σάντων
2241 4633 2401 4694 ἐλείν,
2437 4630 2747 4699 φανοτάτην
2793 4632 2907 4692 τοῖς
2948 4629 3126 4697 ἁγίοις
3147 4628 3206 4681 τὸ
3236 4628 3462 4698 Πνεῦμα
3486 4629 3589 4699 τὴν

1999 4728 2156 4792 δόξαν
2189 4723 2357 4780 αὐτοῦ
2382 4723 2796 4791 καταφοιτῆσαν
2839 4720 3009 4774 ἐτίθει
3039 4738 3050 4749 ·
3088 4721 3182 4774 καὶ
3216 4721 3337 4790 οὐχὶ
3365 4721 3587 4783 πάντως

1999 4817 2203 4888 φαμὲν,
2226 4817 2302 4879 ὡς
2328 4815 2392 4885 δὴ
2429 4815 2588 4882 μόνον
2615 4811 2794 4879 λόγοις
2823 4811 3023 4875 αὐτοὺς
3048 4812 3346 4865 ἀναπεῖσαν
3377 4813 3584 4879 σοφοῖς,

1999 4905 2134 4959 ἀλλὰ
2154 4905 2249 4957 καὶ
2280 4906 2338 4958 ἐν
2359 4901 2630 4966 ἀποδείξει
2676 4901 3019 4972 πραγμάτων
3044 4902 3146 4970 τὴν
3174 4900 3405 4953 ἑκάστου
3441 4901 3585 4969 πλη-

2002 4996 2309 5067 ροφορῆσαν
2339 4994 2600 5058 διάνοιαν,
2635 4993 2718 5046 ὅτι
2746 4991 2841 5046 καὶ
2885 4991 3017 5054 Θεὸς
3050 4989 3287 5060 ἀληθῶς,
3319 4991 3414 5042 καὶ
3444 5009 3586 5062 καρ-

1999 5087 2099 5151 πός
2129 5089 2244 5138 ἐστι
2293 5085 2394 5154 τῆς
2443 5083 2632 5147 οὐσίας
2653 5082 2746 5136 τοῦ
2786 5081 2922 5136 Θεοῦ
2976 5083 3071 5135 καὶ
3107 5081 3337 5153 Πατρός.
3367 5083 3463 5144 Τίς
3488 5080 3586 5136 οὖν

1999 5181 2030 5250 ἡ
2086 5176 2386 5242 ἀπόδειξις,
2441 5175 2475 5246 ἢ
2529 5175 2649 5239 πῶς
2693 5175 2891 5228 εὐκλεᾶ
2933 5174 3027 5226 καὶ
3073 5173 3366 5244 περίοπτον
3408 5175 3586 5228 ἐποίει

1998 5270 2265 5338 Χριστόν;
2329 5266 2640 5338 Παράδοξον
2694 5265 2804 5336 γὰρ
2850 5265 2943 5318 καὶ⁸
2987 5264 3291 5335 θεοπρεπῆ,
3346 5265 3446 5335 τὴν
3497 5266 3586 5331 ἐφ’

1999 5361 2200 5414 ἅπασιν
2237 5359 2515 5430 ἐνέργειαν
2567 5357 2711 5428 ἔχον,
2767 5357 2862 5410 καὶ¹
2917 5356 3016 5427 τὴν
3051 5355 3162 5408 τῶν
3202 5356 3340 5409 ὅλων
3379 5357 3584 5427 εἴδησιν

1997 5451 2198 5522 ἀκριϐῆ
2250 5454 2364 5513 τοῖς
2413 5450 2590 5520 ἁγίοις
2642 5449 2950 5518 ἐμφυτεῦον
2980 5488 2994 5512 ,
3055 5447 3206 5518 αὐτῷ
3265 5448 3364 5517 τὴν
3421 5447 3572 5512 δόξαι

1999 5541 2468 5615 ἐπραγματεύετο.
2517 5542 2831 5597 Ἀναθετέον
2869 5542 2977 5610 γὰρ
3037 5539 3172 5611 μόνῃ
3209 5542 3273 5611 τῇ
3306 5538 3415 5592 τῶν
3445 5539 3582 5592 ὅλων

1570 5692 1611 5720 ⁸⁷
1657 5689 1817 5748 llebr.
1862 5708 1948 5756 tv,
1990 5688 2075 5743 l3.
