3868 6200
402 335 498 391 451

1387 333 1446 390 S.
1479 330 1759 390 CYRILLI
1798 324 2271 386 ALEXANDRINI
2297 326 2614 385 ARCHIEP.

3546 333 3653 388 452

401 451 679 505 sincerum
738 445 1064 504 substantia:
1121 445 1301 502 Patris
1359 447 1514 503 hisce
1567 445 1751 501 verbis
1801 441 1957 498 Filius

2080 457 2274 494 στατον
2308 443 2407 513 τῆς
2437 443 2790 506 ὑποστάσεως
2837 441 2934 496 τοῦ
2984 442 3219 512 Πατρδς,
3273 442 3466 498 ἑαυτὸν
3521 443 3692 513 ἡμῖν’

399 539 661 604 ostendit,
714 538 917 608 datque
964 537 1126 594 nobis
1175 538 1586 610 intelligendum
1634 534 1804 604 quod,
1849 546 1975 589 cum

401 631 473 686 sit
528 630 744 686 fructus
814 631 1137 686 substantiae
1197 630 1352 701 ejus,
1419 629 1607 683 omnia
1665 641 1788 697 quae
1857 623 1979 694 ejus

400 731 532 776 sunt
600 721 901 777 secundum
953 731 1208 777 naturam
1283 721 1390 777 sibi
1441 720 1720 783 vindicat,
1769 723 1824 773 et
1877 729 1976 770 sua

400 827 527 868 esse
573 814 742 879 dicit,
798 814 962 884 idque
1006 814 1143 885 ljure
1188 813 1407 869 merito.
1458 810 1596 866 Nam
1648 825 1774 866 cum
1825 807 1977 863 nullo

400 918 630 972 prorsus
673 905 835 959 modo
860 904 1036 961 Filius
1079 921 1110 960 a
1161 904 1324 960 Patre
1371 903 1623 970 differat,
1671 901 1831 973 931
1871 900 1976 954 nisi

398 997 689 1063 duntaxat,
727 999 860 1070 quia
900 997 1064 1054 Pater
1107 1008 1212 1063 est,
1259 1013 1361 1054 nec
1403 997 1619 1053 diversa
1677 996 1891 1050 ratione
1918 993 1974 1048 in

398 1099 633 1160 utroque
662 1090 967 1146 substantia
1019 1090 1296 1160 etlulgeat,
1345 1088 1623 1160 quomodo
1657 1102 1768 1142 non
1813 1094 1977 1142 erunt

396 1179 733 1244 communia,
783 1179 895 1234 imo
939 1194 1071 1234 vero
1126 1179 1316 1235 eadem
1369 1181 1426 1234 in
1470 1187 1709 1249 utroque
1761 1179 1972 1244 omnia,

395 1273 472 1325 ita
530 1278 590 1325 ut
633 1272 687 1326 iu
729 1269 870 1326 Filio
935 1272 1159 1342 quidem
1221 1273 1338 1328 sint
1395 1287 1518 1343 quae
1576 1278 1706 1326 sunt
1764 1269 1971 1335 Patris,

2079 533 2182 586 κάν
2207 533 2421 598 τούτοις
2471 530 2532 588 εὖ
2589 535 2732 605 μάλα
2779 534 3015 605 δέδειχεν
3055 537 3084 588 ὁ
3112 535 3257 599 Υἱὸς,
3297 535 3480 589 δίδωσί
3507 553 3565 588 τε
3584 537 3646 589 δι’
3681 541 3691 585 .’

2077 617 2154 678 ὧν
2180 626 2284 696 ἔφη
2319 628 2482 688 νοεῖν,
2505 628 2586 680 ὅτι
2609 627 2818 698 καρπὸς
2838 627 3098 698 ὑπάρχων
3125 627 3222 697 τῆς
3245 627 3434 690 οὐσίας
3465 627 3652 690 αὐτοῦ,

2077 718 2256 771 πάντα
2278 717 2345 771 τὰ
2378 719 2543 790 αὐτῆς
2576 719 2716 772 κατά
2748 718 2910 788 φύσιν
2943 720 3236 788 ἑπάγεται,
3284 718 3393 772 ῐδιά
3419 735 3478 772 τε
3512 713 3653 772 εἷναί

2077 825 2232 878 φησι,
2301 809 2395 862 καὶ
2447 810 2594 880 μάλα
2639 811 2886 874 εἰκότως.
2946 808 3334 880 Διατέμνοντος
3370 807 3501 879 γὰρ,
3532 808 3652 878 ἦτοι

2074 899 2384 965 διῖστάντος
2413 901 2628 965 οὐδενὸς
2657 903 2738 965 είς
2791 900 3178 972 ἀλλοτριότητα
3203 899 3296 952 τοῦ
3323 900 3530 970 Πατρός
3561 901 3654 952 τὸν

2076 993 2226 1057 Υίὸν,
2281 995 2406 1048 ὅσον
2455 989 2590 1066 ⁴ἧκεν
2641 996 2720 1058 είς
2740 995 2802 1048 τὸ
2834 993 2977 1048 κατά
3007 995 3117 1048 πᾶν
3158 992 3354 1056 ότιοῦν,
3378 993 3562 1063 ὅμοιόν
3593 1008 3654 1045 τε

2075 1089 2171 1144 καὶ
2204 1087 2338 1155 ἴσον,
2363 1088 2486 1158 δίχα
2521 1087 2682 1159 μόνον
2699 1087 2792 1142 τοῦ
2813 1084 2948 1141 εἶναι
2977 1088 3217 1160 Πατέρα,
3241 1085 3653 1156 διαλαμπούσης

2073 1181 2131 1235 δὲ
2157 1181 2261 1251 τῆς
2293 1181 2481 1244 οὐσίας
2511 1182 2569 1234 ἑν
2594 1183 2798 1252 ἀμφοῖν
2837 1183 2937 1253 οὐχ
2970 1184 3361 1255 ἑτεροτρόπως,
3402 1185 3520 1248 πῶς
3551 1185 3652 1238 οὐκ

2072 1270 2140 1326 ἄν
2165 1267 2274 1325 εἷεν
2300 1272 2404 1343 ήδη
2430 1271 2609 1337 κοινὰ,
2654 1272 2855 1342 μᾶλλον
2905 1273 2962 1326 δὲ
3001 1272 3176 1326 ταυτά
3225 1274 3284 1326 ἑν
3324 1274 3550 1344 ἀμφοῖν,
3575 1274 3652 1338 ὠς

395 1365 450 1418 in
503 1362 670 1420 Patre
725 1379 858 1420 vero
903 1381 1023 1435 quae
1076 1374 1205 1420 sunt
1249 1363 1420 1418 Filii?
1475 1363 1604 1418 Ideo
1660 1373 1824 1418 acute
1876 1363 1957 1416 ad-

2074 1359 2214 1418 εἶναι
2246 1365 2345 1435 μὲν
2380 1366 2440 1417 ἑν
2480 1363 2598 1435 Υίῷ
2634 1364 2702 1418 τά
2753 1363 2845 1417 τοῦ
2888 1363 3122 1434 Πατρδς,
3155 1367 3212 1418 ἑν
3243 1365 3300 1418 δὲ
3331 1364 3409 1435 τῷ
3436 1367 3653 1420 τεκόντι

397 1455 620 1510 modum
669 1463 726 1509 et
776 1471 992 1511 summa
1040 1471 1168 1510 cum
1219 1457 1476 1511 cautione
1503 1455 1572 1510 de
1615 1455 1704 1510 his
1751 1457 1957 1510 locutu:

2071 1456 2142 1509 τά
2163 1456 2258 1508 τοῦ
2280 1456 2621 1526 γεννήματος
2643 1475 2659 1523 ;
2687 1456 2777 1510 διά
2795 1455 2904 1528 γάρ
2928 1456 3109 1522 τοῦτο,
3137 1456 3388 1530 καθάπερ
3413 1451 3650 1528 ἐγῷμαι,

391 1556 498 1602 est.
536 1548 656 1602 Non
678 1549 824 1603 enim
858 1549 1029 1602 dixit:
1075 1549 1270 1604 Omnia
1301 1563 1648 1619 quarcunque
1677 1547 1838 1602 habet
1865 1545 1957 1601 Pa-

2076 1547 2212 1617 μετά
2238 1547 2488 1618 δριμείας
2533 1548 2679 1611 τινὸς
2736 1548 2834 1619 τῆς
2884 1549 3286 1619 ἐπιτηρήσεως,
3335 1550 3463 1614 τούς
3521 1551 3656 1620 περὶ

394 1649 500 1705 ter,
541 1649 595 1695 et
632 1656 734 1711 ego
775 1643 970 1708 habeo,
1011 1657 1080 1696 ne
1115 1639 1347 1712 simplex
1377 1651 1430 1696 et
1469 1641 1615 1695 nuda
1640 1644 1822 1712 imago
1851 1641 1957 1696 sola

2071 1639 2278 1693 τούτων
2301 1640 2597 1709 ἐποιήσατο
2629 1639 2840 1708 λόγους.
2877 1641 3019 1710 Ἔφη
3060 1641 3188 1711 γὰρ,
3215 1641 3311 1712 οὐχ
3333 1643 3415 1695 ὅτι
3471 1644 3651 1696 πάντα

392 1731 884 1800 τερτωεοηιοιίοηο
926 1731 1112 1802 ﬁgurae
1137 1740 1192 1787 et
1220 1733 1465 1788 externis
1515 1732 1859 1787 ornamentis
1900 1731 1957 1784 ad

2071 1734 2172 1786 ὅσα
2198 1733 2310 1804 ἔχει
2335 1734 2365 1785 ό
2393 1732 2602 1804 Πατὴρ,
2633 1731 2740 1802 ἔχω
2772 1730 2950 1801 κάγὼ,
2989 1733 3076 1785 ἶνα
3103 1733 3178 1804 μὴ
3206 1733 3335 1804 ψιλή
3366 1751 3453 1797 τις
3485 1734 3649 1810 εἰκὼν

391 1822 746 1894 archetypum
782 1822 1017 1878 formata
1051 1823 1468 1894 intelligeretur,
1503 1822 1957 1893 quemadmodum

2072 1827 2277 1896 ήκατά
2333 1825 2500 1896 μόνην
2551 1825 2818 1896 νοουμὲνη
2865 1825 2966 1896 τὴν
3027 1826 3330 1888 ίσοτυπίαν,
3399 1827 3495 1878 και
3538 1830 3650 1888 τοῖς

390 1919 445 1966 et
467 1927 570 1966 nos
601 1913 736 1983 ipsi:
767 1911 897 1966 facti
920 1913 1128 1984 quippe
1149 1929 1344 1969 sumus
1371 1911 1439 1967 ad
1465 1912 1756 1983 imaginem
1781 1909 1874 1966 Dei
1899 1911 1957 1975 ‘3;

2069 1916 2270 1984 ἔξωθεν
2331 1916 2632 1990 ὡραῖσμοῖς
2687 1919 3096 1989 μεμορφωμένη
3150 1919 3348 1972 νοεῖται
3399 1916 3538 1989 πρὸς
3588 1917 3651 1970 τὸ

391 2003 488 2058 scd
535 2018 656 2058 mea
705 2013 857 2071 sunt,
891 2005 1096 2076 inquit,
1139 2020 1413 2060 summam
1459 2005 1762 2058 unitionem
1803 2019 1957 2074 quam

2067 2008 2394 2079 ἀρχέτυπον,
2445 2007 2699 2080 καθάπερ
2741 2003 2834 2061 οῦν
2883 2008 3162 2079 καὶὴμεῖς
3200 2009 3388 2062 αὐτοίσ
3424 2010 3653 2078 γεγόνα-

390 2095 556 2151 habet
587 2112 711 2151 cum
737 2094 1024 2164 Genitore,
1043 2106 1097 2153 et
1134 2095 1734 2152 consubstantialitatis
1773 2096 1885 2149 vim
1912 2103 1957 2150 et

2070 2117 2171 2171 μεν
2208 2099 2318 2171 γὰρ
2341 2102 2464 2154 κατ’
2512 2101 2698 2154 εἰκόνα
2757 2099 2892 2154 Θεοῦ
2919 2117 2934 2131 ·
2970 2100 3085 2155 ἀλλ’
3121 2099 3253 2170 ἑμά,
3289 2101 3474 2172 φησιν,
3504 2101 3648 2166 ἑστι,

389 2189 665 2243 rationem
703 2189 758 2243 in
788 2187 1071 2242 idiomatis
1102 2204 1202 2260 per
1231 2188 1416 2243 omnia
1455 2187 1512 2241 in
1547 2193 1787 2255 utroque
1815 2186 1968 2240 simi-

390 2281 533 2337 libus
579 2281 941 2336 exsistentem
989 2281 1312 2337 ostendens.
1361 2278 1522 2346 Quod
1575 2278 1706 2332 alibi
1743 2278 1963 2348 quidem

389 2373 541 2428 clare
571 2373 864 2428 admodum
895 2373 965 2428 ad
993 2372 1208 2428 Patrem
1235 2372 1421 2428 dicere
1448 2371 1756 2440 compcries
1777 2387 1820 2423 ι(
1845 2368 1964 2424 Mea

387 2465 533 2521 enim
567 2464 759 2520 omnia
789 2473 882 2518 tua
906 2473 1055 2530 sunt,
1088 2473 1143 2520 et
1169 2473 1262 2518 tua
1289 2479 1408 2518 inea
1450 2471 1578 2517 sunt
1608 2464 1673 2515 “.
1709 2479 1728 2513 ι
1753 2461 1964 2528 Quibus

387 2559 534 2613 enim
575 2557 884 2614 differentia
937 2558 1088 2612 nulla
1135 2557 1301 2622 inest,
1337 2555 1434 2610 sed
1473 2555 1856 2612 substantialis
1907 2555 1963 2608 in

387 2650 647 2706 omnibus
693 2650 979 2722 inqualitas
1023 2665 1089 2704 ac
1140 2649 1470 2717 similitudo,
1502 2649 1596 2719 qui
1633 2649 1692 2702 [it
1745 2655 1805 2702 ut
1851 2663 1963 2702 non

388 2743 502 2798 sint
531 2744 723 2798 eadem
756 2743 996 2797 natura?
1022 2740 1200 2797 Habet
1224 2744 1388 2812 igitur
1427 2741 1571 2798 Deus
1603 2757 1667 2796 ac
1698 2740 1862 2796 Pater
1897 2755 1963 2795 ex

386 2835 568 2903 seipso
615 2842 670 2889 et
710 2835 766 2888 in
807 2849 866 2890 se
908 2849 1070 2890 suum
1121 2832 1412 2904 Spiritum,
1467 2835 1520 2888 id
1561 2845 1646 2890 est
1681 2840 1962 2897 sanctum,

385 2941 481 2995 per
505 2941 667 2996 quem
701 2925 756 2980 in
787 2927 1000 2982 sanctis
1036 2925 1330 2991 inhabitat,
1363 2927 1556 2996 eisque
1601 2927 1810 2979 revelat
1841 2939 1961 2994 my-

385 3018 578 3083 steria,
625 3033 739 3073 non
782 3018 1024 3074 ministri
1060 3017 1183 3072 loco
1221 3018 1288 3072 ad
1338 3016 1392 3070 id
1443 3027 1787 3086 assumptum
1825 3012 1960 3085 (noli

2064 2191 2162 2262 τὴν
2186 2193 2265 2255 εἰς
2294 2193 2462 2264 ἀκρον
2507 2192 2724 2256 ἑνωσιν,
2771 2193 2838 2264 ἢν
2866 2192 2978 2262 ἔχει
3003 2192 3138 2264 πρὸς
3165 2192 3258 2244 τὸν
3285 2194 3648 2262 γεννήσαντα,

2065 2285 2160 2337 καὶ
2175 2286 2272 2354 τὴν
2293 2286 2392 2355 τῆς
2407 2283 2821 2355 όμοουσιότητος
2843 2282 3093 2354 δύναμιν,
3113 2286 3170 2336 ἑν
3201 2283 3650 2354 ἀπαραλλάκτως

2065 2373 2228 2430 οὖσαν
2249 2379 2362 2440 τοῖς
2403 2376 2708 2446 ἰδιώμασιν,
2754 2377 2812 2428 ἑν
2840 2377 3042 2446 ἀμφοῖν
3074 2375 3162 2430 διά
3189 2375 3350 2429 τοῦτο
3382 2376 3651 2446 παραδει-

2064 2469 2216 2533 κνύς.
2247 2469 2418 2522 Τοῦτο
2447 2469 2490 2522 δ’
2525 2469 2593 2523 ἂν
2637 2469 2767 2532 ῐδοις
2809 2469 2903 2522 καὶ⁸
2926 2467 3074 2539 μάλα
3114 2467 3320 2538 σαφὼ.
3352 2467 3411 2521 ἑν
3437 2469 3656 2539 ἑτέροις

2063 2561 2290 2630 λέγοντα
2310 2560 2446 2628 πρὸς
2482 2560 2575 2613 τὸν
2607 2559 2858 2629 Πατέρα’
2919 2576 2938 2611 ‹
2979 2559 3165 2612 Πάντα
3193 2559 3301 2630 γὰρ
3345 2557 3413 2611 τὰ
3440 2557 3555 2627 ἑμά
3577 2558 3650 2611 σά

2064 2655 2201 2715 ἑστι,
2238 2653 2333 2705 καὶ
2359 2653 2431 2706 τὰ
2456 2653 2524 2705 σά
2559 2653 2688 2722 ἐμά.
2725 2671 2742 2702 ι
2781 2646 2876 2716 Οἷς
2913 2649 3020 2722 γὰρ
3043 2651 3178 2715 ὅλως
3210 2649 3384 2704 ἑνεστι
3408 2649 3472 2701 τὸ
3496 2649 3649 2702 διαλ-

2063 2744 2256 2797 λάττον
2279 2743 2451 2809 οὐδὲν,
2477 2745 2572 2796 καὶ
2604 2745 2638 2814 ή
2674 2743 2814 2798 κατὰ
2839 2745 2946 2798 πᾶν
2969 2743 3148 2798 ὁτιοῦν
3168 2741 3433 2814 οὐσιώδης
3459 2743 3646 2814 ἰσότης

2061 2854 2121 2889 τε
2151 2838 2244 2890 καὶ
2271 2837 2564 2907 ἑμφέρεια,
2597 2836 2714 2900 πῶς
2753 2837 2852 2890 οὐκ
2878 2837 2944 2890 ἂν
2997 2832 3110 2890 εἶεν
3149 2836 3317 2890 ταυτά
3345 2838 3412 2906 τῇ
3446 2836 3645 2905 φύσεις

2066 2927 2220 2998 Ἔχει
2251 2927 2432 2982 τοίνυν
2463 2927 2493 2980 ό
2535 2927 2667 2992 Θεὸς
2695 2929 2788 2981 καὶ
2830 2927 3020 3000 Πατὴρ
3055 2929 3116 2995 ἑξ
3145 2927 3338 2982 ἑαυτοῦ
3366 2944 3426 2980 τε
3457 2928 3554 2981 καὶ
3586 2929 3646 2979 ἑν

2061 3017 2212 3088 αὐτῷ
2239 3019 2302 3072 τὸ
2362 3019 2491 3072 ἴδιον
2529 3019 2781 3089 Πνεῦμα,
2825 3020 2973 3074 τοῦτ’
3019 3019 3136 3074 ἑστι
3187 3019 3251 3072 τὸ
3280 3020 3456 3087 ἅγιον,
3488 3019 3558 3072 δι’
3581 3011 3645 3072 οὗ

383 3113 530 3170 enim
564 3113 672 3168 tale
703 3113 837 3184 quid
867 3113 923 3168 in
954 3113 1194 3167 animum
1232 3108 1541 3177 inducere),
1586 3107 1684 3164 sed
1738 3107 1793 3161 in
1839 3105 1957 3176 ipso

2061 3113 2174 3174 τοῖς
2195 3110 2371 3180 ἁγίοις
2400 3111 2745 3176 ἑναυλίζεταί
2773 3129 2834 3165 τε
2875 3111 2972 3165 καὶ
3001 3111 3378 3165 ἀποκαλύπτει
3433 3112 3647 3182 μυστή-

383 3207 736 3264 exsistentem
765 3205 1234 3267 substantialiter,
1285 3211 1340 3257 et
1389 3218 1457 3257 ex
1505 3202 1626 3272 ipso
1659 3197 1960 3270 proceden-

385 3309 491 3354 tem
541 3297 988 3367 inseparabiliter
1039 3305 1094 3352 ct
1143 3295 1440 3360 indivulse,
1468 3300 1524 3347 et
1571 3301 1630 3344 ut
1663 3304 1763 3346 sua
1791 3303 1960 3360 expo-

383 3399 604 3447 nentem
651 3406 713 3446 ea
761 3407 884 3462 qua:
927 3397 1056 3446 sunt
1100 3389 1220 3458 ejus
1270 3387 1326 3442 in
1363 3403 1471 3456 quo
1509 3395 1562 3440 et
1596 3401 1660 3441 ex
1711 3397 1822 3454 quo
1851 3394 1955 3437 est.

382 3483 500 3539 Non
532 3484 678 3539 enim
715 3485 876 3539 aliter
908 3483 961 3537 in
1000 3493 1254 3537 creatura
1296 3479 1441 3536 Deus
1470 3479 1766 3540 inhabitat,
1793 3490 1958 3547 quam

382 3591 481 3647 per
509 3575 707 3630 Filium
733 3576 788 3630 in
813 3574 1052 3646 Spiritu.
1092 3574 1162 3627 At
1199 3575 1457 3644 proprius
1501 3586 1723 3642 quoque
1754 3567 1958 3638 Unige-

382 3668 484 3722 niti
514 3674 597 3722 est
627 3667 716 3721 hic
742 3666 1003 3737 Spiritus,
1030 3664 1527 3722 consubstantialis
1565 3663 1711 3716 enim
1742 3668 1827 3715 est
1851 3658 1958 3711 Pa-

383 3761 476 3814 tri.
511 3759 650 3826 Quia
678 3776 811 3830 ergo
837 3762 1117 3830 proprium
1149 3774 1273 3814 esse
1307 3757 1526 3812 videtur
1569 3755 1680 3808 Deo
1709 3769 1773 3807 ac
1803 3749 1954 3804 Patri

381 3853 434 3906 in
461 3867 562 3906 suo
587 3851 793 3922 Spiritu
835 3853 1019 3922 dignis
1055 3851 1307 3916 revelari,
1344 3857 1399 3904 et
1439 3864 1536 3920 per
1582 3850 1760 3916 ipsum
1808 3859 1957 3914 quaa-

379 3957 601 4012 cunque
633 3941 854 3996 libuerit
886 3943 1125 4010 operari,
1156 3939 1404 4008 mihique
1429 3936 1754 3990 naturaliter
1805 3929 1952 3986 istud

379 4035 542 4100 inest,
573 4050 692 4089 eam
719 4035 790 4089 ob
815 4049 1037 4089 causam
1067 4032 1178 4088 dixi
1205 4047 1327 4087 eum
1353 4031 1421 4084 de
1447 4045 1568 4083 meo
1596 4027 1870 4094 accipere,
1900 4029 1956 4077 ct

378 4126 832 4178 annuntiaturum
873 4125 1053 4179 vobis.
1102 4122 1275 4178 Nemo
1325 4135 1456 4177 vero
1517 4121 1771 4173 turbetur
1827 4131 1951 4170 cum

378 4219 468 4273 hic
506 4218 692 4273 audiet
739 4217 1031 4287 accipiendi
1064 4215 1414 4279 vocabulum,
1452 4213 1547 4270 sed
1605 4211 1734 4266 illud
1768 4214 1952 4280 potius

375 4311 433 4364 in
477 4311 722 4363 animum
776 4309 1019 4371 inducat,
1076 4315 1268 4362 nostro
1305 4321 1457 4360 more
1499 4304 1778 4358 enuntiari
1826 4302 1951 4373 qui-

375 4403 498 4458 dem
530 4418 618 4456 res
649 4402 884 4464 divinas,
921 4417 1031 4455 non
1068 4399 1148 4455 sic
1179 4408 1361 4454 tamen
1393 4398 1640 4468 intelligi,
1669 4396 1762 4452 sed
1789 4395 1952 4450 modo

2063 3221 2174 3276 ρια,
2207 3205 2306 3256 οὐκ
2335 3205 2392 3256 ἑν
2413 3203 2568 3268 τάξει
2602 3206 2670 3275 τῇ
2711 3205 3018 3276 ὑπουργικῇ
3064 3203 3644 3275 παραλαμϐανομένου

2060 3295 2200 3364 πρὸς
2225 3294 2384 3348 τοῦτο
2414 3296 2512 3365 (μὴ
2536 3295 2644 3366 γάρ
2670 3295 2859 3366 οίηθῇς
2883 3313 2934 3350 τι
2956 3293 3242 3366 τοιοῦτον),
3271 3294 3383 3348 ἀλλ’
3411 3297 3470 3348 ὲν
3492 3293 3645 3364 αὐτῷ

2059 3403 2118 3440 τε
2150 3386 2302 3450 ὄντος
2329 3385 2620 3452 οὐσιωδῶς,
2644 3387 2739 3440 καὶ
2759 3387 2818 3451 se
2845 3386 3011 3441 αὐτοῦ
3031 3388 3311 3459 προϊόντος
3326 3386 3645 3456 ἀμερίστως

2059 3495 2117 3531 τε
2143 3479 2236 3532 καὶ
2252 3479 2611 3545 άδιαστάτως,
2629 3479 2704 3543 ὡς
2723 3480 2832 3533 ῐδιά
2853 3497 2913 3533 τε
2939 3479 3383 3552 διερμηνεύοντος
3409 3479 3480 3533 τά
3522 3481 3580 3531 ἑν
3597 3473 3642 3547 ᾧ

2059 3572 2153 3624 καὶ
2177 3571 2234 3637 ἐξ
2251 3567 2421 3642 οὗπερ
2443 3571 2609 3624 ἔστιν.
2640 3572 2849 3642 Ὁμιλεῖ
2880 3572 2990 3642 γὰρ
3009 3572 3107 3642 οὐχ
3136 3572 3340 3642 ἑτέρως
3365 3573 3432 3642 τῇ
3464 3571 3643 3624 κτίσει

2057 3665 2212 3729 Θεὸς,
2236 3666 2282 3718 εἰ
2316 3664 2390 3736 μὴ
2421 3664 2488 3718 δι’
2522 3664 2651 3718 Υἱοῦ
2675 3667 2732 3719 ἑν
2763 3666 3061 3738 Πνεύματι.
3092 3666 3230 3719 Ἀλλ’
3258 3665 3387 3719 ἴδιον
3410 3665 3642 3736 Πνεῦμα

2055 3755 2213 3809 τοῦτό
2229 3759 2346 3809 ἑστι
2369 3756 2573 3810 καὶτοῦ
2595 3757 2954 3826 Μονογενοῦς,
2971 3759 3254 3829 ὁμοούσιος
3279 3757 3390 3829 γάρ
3422 3757 3641 3827 ἑστιτῷ

2056 3847 2252 3917 Πατρί.
2299 3847 2515 3917 Ἐπειδὴ
2544 3846 2752 3911 τοίνυν,
2811 3847 3000 3918 φησιν,
3051 3849 3357 3919 ἐνυπάρχον
3383 3847 3639 3915 φαίνεται

2053 3939 2130 4008 τῷ
2146 3939 2264 4009 Θεῷ
2297 3940 2391 3992 καὶ
2419 3941 2596 4012 Πατρι
2624 3939 2758 3992 τὸέν
2788 3939 3072 4011 Πνεύματι
3097 3941 3177 4011 τῷ
3198 3941 3312 4011 ἰδίῳ
3335 3943 3448 4004 τοῖς
3466 3941 3642 4006 ἀξίοις

2052 4029 2556 4094 ἀποκαλύπτεσθαι,
2587 4033 2830 4102 ἑνεργεῖν
2871 4049 2932 4084 τε
2977 4032 3071 4086 καὶ
3103 4033 3170 4086 δι’
3199 4031 3384 4098 αὐτοῦ,
3408 4033 3479 4085 τά
3507 4033 3640 4085 ὃσα-

2053 4139 2162 4192 περ
2186 4121 2252 4174 ἂν
2284 4121 2560 4194 βούληται,
2592 4124 2764 4193 κάμοι
2793 4123 2849 4176 δὲ
2879 4123 3040 4178 τοῦτο
3070 4125 3330 4196 πρόσεστι
3363 4128 3636 4194 φυσικῶς,

2051 4214 2139 4268 διὰ
2166 4213 2371 4285 ταύτην
2401 4213 2600 4286 εἴρηκα
2634 4214 2733 4286 τὴν
2751 4216 2950 4281 αἰτίαν,
2987 4216 3070 4269 ὅτι
3106 4218 3173 4270 ἑκ
3200 4216 3294 4270 τοῦ
3327 4218 3464 4287 ἐμοῦ
3501 4219 3642 4288 λαμο

2053 4307 2204 4362 ϐάνει
2244 4308 2340 4361 καὶ
2370 4308 2662 4377 ἀναγγελεῖ
2703 4310 2850 4380 ὑμῖν.
2911 4310 3275 4381 Ταραττέσθω
3319 4309 3375 4363 δὲ
3417 4311 3634 4381 μηδεὶς,

2052 4399 2182 4451 ὅταν
2220 4399 2278 4451 ἑν
2311 4397 2522 4462 τούτοις
2541 4399 2715 4470 ἀκούῃ
2735 4399 2795 4453 τὺ
2811 4399 2912 4469 τῆς
2937 4400 3182 4469 λήψεως
3210 4401 3402 4472 ὄνομα,
3426 4401 3640 4454 διενθυ-

375 4503 625 4549 nostrum
653 4503 873 4562 captum
908 4491 1246 4546 excedente:
1292 4501 1455 4560 atque
1499 4491 1573 4544 ita
1621 4505 1722 4543 nos
1766 4488 1948 4543 dicere

2059 4489 2264 4558 μείσθω
2291 4489 2348 4543 δὲ
2375 4489 2578 4560 μᾶλλον
2623 4466 2827 4544 ἐκεῖνο·
2859 4466 3074 4563 δράσεῖε
3091 4494 3199 4564 γάρ
3224 4466 3494 4565 ἂντὸρθῶς
3511 4511 3527 4525 ’
3549 4496 3634 4547 ὅτι

377 4579 642 4649 Spiritum
672 4595 702 4632 a
725 4577 887 4634 Patre
911 4589 962 4634 et
987 4577 1125 4632 Filio
1148 4579 1398 4648 accipere
1421 4593 1544 4648 quae
1571 4593 1764 4633 eorum
1797 4585 1946 4642 sunt,

323 4653 328 4660 ’
375 4686 486 4723 ιιοη
531 4669 677 4738 quod
703 4670 1072 4738 cognitionem
1107 4678 1161 4725 et
1199 4671 1456 4724 virtutem
1494 4685 1616 4740 quae
1659 4671 1714 4724 in
1755 4669 1823 4725 iis
1864 4677 1950 4724 est

373 4760 672 4830 aliquando
715 4777 824 4815 non
875 4760 1119 4827 haberet,
1172 4777 1238 4816 ac
1282 4761 1372 4815 vix
1407 4769 1521 4814 tum
1565 4761 1764 4815 habeat
1819 4776 1946 4815 cum

373 4851 575 4906 habere
607 4863 885 4906 censetur.
933 4850 1164 4922 Sapiens
1192 4852 1336 4905 enim
1380 4867 1594 4921 semper
1621 4859 1708 4906 est
1740 4865 1804 4905 ac
1849 4866 1948 4920 po-

371 4950 493 4996 tens
521 4939 782 5012 Spiritus,
820 4941 932 4996 imo
967 4956 1098 4998 vero
1128 4941 1404 5012 ipsissima
1429 4939 1696 5010 sapientia
1728 4955 1792 4995 ac
1830 4941 1936 4994 vir-

371 5041 460 5086 tus
482 5033 550 5098 7°,
581 5048 690 5088 non
718 5048 782 5088 ex
807 5033 1250 5104 participatione,
1276 5033 1371 5088 sed
1395 5039 1592 5085 natura
1617 5047 1737 5086 sua:
1757 5047 1942 5102 quem-

368 5125 663 5180 admodum
699 5133 1007 5178 aromatum
1055 5122 1413 5194 l‘ragrantiam
1472 5124 1677 5179 nostris
1710 5124 1939 5179 naribus

369 5215 598 5271 aﬂusam
642 5216 916 5272 diversam
965 5213 1372 5285 quodammodo
1405 5215 1475 5269 ab
1503 5215 1591 5278 iis,
1631 5213 1795 5285 932
1839 5214 1938 5270 sed

366 5316 634 5380 conceptu
662 5315 717 5363 et
747 5307 1078 5378 cogitatione
1103 5313 1315 5360 tantum
1353 5305 1566 5361 censeri
1598 5307 1796 5374 possit,
1828 5322 1938 5361 non

365 5401 729 5455 aliterotamen
767 5400 987 5468 prodire
1013 5397 1290 5469 putaveris
1317 5412 1480 5467 quam
1517 5397 1586 5451 ab
1617 5397 1685 5453 iis
1717 5414 1781 5454 ex
1814 5399 1938 5468 qui-

368 5493 468 5548 bus
492 5501 576 5548 est
599 5501 819 5562 accepta
853 5494 1056 5547 virtute
1085 5507 1189 5562 qua
1215 5506 1274 5546 se
1296 5498 1534 5555 exserat,
1554 5506 1678 5545 cum
1696 5493 1799 5545 alia
1824 5508 1934 5546 non

364 5582 459 5646 sit,
493 5590 779 5653 propterea
811 5582 960 5653 quod
1003 5598 1067 5638 ex
1109 5584 1178 5639 iis
1212 5590 1266 5640 et
1305 5584 1358 5638 in
1405 5583 1476 5640 iis
1509 5583 1760 5639 exsiStat.
1805 5583 1936 5641 ‘Iale

439 5759 485 5790 “
525 5756 661 5813 Gen.
695 5775 750 5828 ι,
782 5758 984 5824 26,27.
1061 5760 1106 5793 ⁸⁸
1148 5759 1306 5817 Joan.
1345 5778 1491 5830 xvtt,
1523 5761 1614 5817 9.0.

2053 4581 2229 4634 πάντα
2249 4581 2316 4634 τὰ
2353 4582 2480 4652 περὶ
2507 4581 2642 4634 Θεοῦ
2673 4582 2914 4637 λαλεῖται
2950 4584 3048 4655 μὲν
3066 4585 3189 4638 καθ’
3217 4586 3386 4655 ἡμᾶς,
3421 4585 3635 4638 νοεῖ-ταί

2049 4688 2113 4740 γε
2152 4672 2257 4743 μὴν
2285 4673 2385 4743 οὐχ
2433 4671 2625 4740 οὕτως,
2659 4674 2775 4728 ἀλλ’
2825 4676 2966 4745 ὑπὲρ
3013 4677 3197 4748 ἡμᾶς’
3241 4675 3543 4746 λαμϐάνειν
3570 4694 3634 4730 τε

2047 4761 2192 4816 οὕτω
2206 4763 2267 4816 τὺ
2296 4763 2526 4833 Πνεῦμά
2577 4781 2780 4834 φαμεν,
2831 4763 2896 4820 ἑκ
2940 4783 3001 4819 τε
3029 4764 3124 4820 τοῦ
3161 4766 3372 4836 Πατρός
3402 4767 3498 4820 καὶ
3533 4766 3631 4821 τοῦ

2049 4856 2180 4910 Υίοῦ
2215 4856 2283 4910 τά
2311 4856 2512 4922 αὐτῶν,
2537 4857 2636 4927 οὐχ
2667 4857 2743 4922 ὥς
2769 4875 2900 4912 ποτε
2933 4859 3031 4929 μὲν
3061 4859 3162 4911 οὐκ
3191 4857 3314 4926 ἔχον
3340 4857 3440 4928 τὴν
3478 4859 3634 4912 ἑνοῦ-

2051 4967 2151 5002 σαν
2180 4949 2364 5014 αὐτοῖς
2384 4950 2583 5018 γνῶσίν
2600 4967 2658 5004 τε
2681 4951 2775 5004 καὶ⁵
2801 4951 3049 5022 δύναμιν,
3071 4951 3192 5021 ἔχον
3221 4950 3277 5003 δὲ
3306 4949 3428 5004 τότε
3449 4950 3630 5020 μόλις,

2046 5039 2176 5096 ὅταν
2205 5041 2392 5110 νοῆται
2448 5040 2746 5112 λαμϐάνον.
2793 5043 2901 5096 Ἀεὶ
2957 5041 3067 5113 γάρ
3092 5042 3254 5111 σοφὸν
3282 5044 3377 5096 καὶ
3403 5042 3632 5097 δυνατὸν

2045 5131 2106 5183 τὸ
2122 5130 2347 5198 Πνεῦμά
2373 5134 2510 5196 ἑστι,
2546 5131 2745 5202 μᾶλλον
2799 5133 2856 5185 δὲ
2875 5131 3199 5204 αὐτόχρημα
3225 5135 3388 5204 σοφία
3415 5137 3514 5188 καὶ
3533 5135 3628 5190 δύ-

2046 5239 2210 5292 ναμις
2241 5223 2342 5275 οὐκ
2386 5223 2451 5276 ἑκ
2505 5224 2736 5294 μετοχῆς
2780 5224 2878 5295 τῆς
2918 5241 3100 5290 τινος,
3154 5225 3291 5279 ἀλλὰ
3331 5228 3581 5295 φυσικῶς
3607 5244 3662 5296 ⁸,

2045 5313 2236 5386 ὥσπερ
2253 5314 2300 5368 δ’
2329 5313 2395 5368 ἂν
2425 5314 2617 5385 φῶμεν
2642 5315 2739 5386 τὴν
2765 5317 2828 5368 ὲκ
2862 5317 2970 5371 τῶν
3003 5317 3312 5387 ἀρωμάτων
3341 5319 3464 5382 ταῖς
3494 5305 3660 5389 ἡμε-’

2041 5405 2228 5476 τέραις
2267 5406 2563 5478 ὀσφρήσεσι
2625 5408 3069 5479 προσϐάλλουσαν
3123 5409 3384 5475 εὐωδίαν,
3428 5411 3624 5481 ἑτέραν

2046 5496 2146 5565 μὲν
2180 5496 2393 5570 ὥσπερ,
2429 5497 2503 5563 ὼς
2549 5499 2688 5569 πρὸς
2734 5501 2873 5554 αὐτά
2927 5505 3047 5566 ταῖς
3090 5501 3356 5565 ἐπινοίαις
3399 5502 3515 5571 δοίη
3537 5519 3622 5566 τις

2042 5585 2131 5653 ἂν,
2157 5589 2558 5660 προεκκύπτειν
2574 5608 2638 5662 γε
2684 5592 2791 5665 μὴν
2820 5594 2918 5664 οὐχ
2965 5593 3165 5665 ἑτέρως
3196 5592 3364 5648 οῐοιτο
3390 5593 3554 5664 τυχὸν
3582 5592 3616 5662 ἢ

1717 5761 1802 5815 ⁷⁰Ι
1834 5761 1962 5820 Cor.
1997 5778 2046 5830 ι,
2075 5764 2168 5820 24.
