3868 6200
255 278 359 331 455

1290 274 1352 329 IN
1384 272 1668 330 JOANNIS
1705 270 2152 328 EVANGEIJUM
2184 273 2309 329 LIB.
2348 277 2440 333 XI.

3411 281 3519 336 454

251 387 364 438 τῶν
393 384 454 449 ἐξ
481 380 666 453 ὦνπερ
684 384 800 435 ἐστὶ
820 384 1116 454 δεχομένην
1133 385 1232 455 τὴν
1253 384 1484 454 δύναμιν
1514 386 1592 444 εἰς
1617 381 1835 448 ἔνδειξιν

1942 383 2094 452 quid,
2134 387 2243 439 imo
2285 401 2415 440 vero
2450 401 2616 456 supra
2648 388 2700 441 id
2744 402 2811 442 oe
2840 388 2948 441 Deo
2982 394 3035 441 et
3067 399 3258 445 sancto
3307 391 3515 463 Spiritu

254 475 487 544 ἑαυτῆς,
519 476 620 527 οὐκ
646 469 808 526 οῦσὰν
834 489 896 540 γε
923 471 1030 543 μὴν
1052 474 1265 543 ἑτέραν,
1288 472 1376 525 διὰ
1398 472 1459 524 τὸ
1487 471 1546 537 ἐξ
1569 470 1746 524 αὐτῶν
1774 487 1831 522 τε

255 569 348 619 καὶ
371 568 427 619 ἐν
447 566 630 628 αὐτοῖς
678 563 1004 631 πεφυκέναι.
1045 561 1297 616 Τοιοῦτόν
1329 579 1388 615 τε
1420 562 1621 633 μᾶλλον
1644 562 1700 614 δὲ
1740 560 1833 615 καὶ

256 661 399 728 ὑπὲρ
436 658 597 711 τοῦτο
653 657 869 726 νοήσεις
910 655 1003 707 ἐπί
1046 672 1107 708 τε
1173 654 1342 720 Θεοῦ,
1389 656 1485 708 καὶ
1528 653 1623 707 τοῦ
1677 653 1831 722 ἁγίου

255 752 598 821 Πνεύματος·
623 750 787 803 οἱονεὶ
817 748 927 820 γὰρ
960 749 1102 819 ὀσμή
1136 749 1221 812 τίς
1246 750 1362 801 ἐστι
1386 752 1487 813 τῆς
1521 748 1705 811 οὐσίας
1734 748 1836 801 αὺ-

254 844 370 910 τοῦ,
403 844 556 908 ζῶσά
598 860 657 895 τε
710 844 805 895 καὶ
853 842 1091 914 ἐναργὴς
1136 840 1250 912 [ιχ-ρ.
1277 840 1552 913 ἐνεργής],
1581 840 1835 911 διακομί-

256 939 425 1001 ζουσα
448 940 515 1007 τῇ
537 937 709 989 κτίσει
737 934 805 988 τὰ
834 935 988 1007 παρά
1009 934 1101 988 τοῦ
1134 934 1289 999 Θεοῦ,
1322 936 1421 987 καὶ
1447 935 1547 1004 τῆς
1576 935 1835 989 ἀνωτάτω

254 1028 447 1081 πασῶν
482 1028 668 1090 οὐσίας
716 1027 987 1079 ἐντιθεῖσα
1022 1026 1089 1079 δι’
1124 1027 1321 1096 ἑαυτῆς
1374 1026 1472 1097 τὴν
1507 1026 1742 1097 μέθεξιν.
1771 1027 1834 1078 Εἰ

256 1124 366 1194 γάρ
393 1126 426 1193 ἡ
460 1123 567 1176 τῶν
588 1124 894 1194 ἀρωμάτων
923 1120 1154 1192 εὐοσμία
1180 1120 1276 1192 τὴν
1301 1121 1435 1175 ἰδίαν
1464 1122 1619 1191 ἰσχὺν
1639 1123 1836 1176 ἐναπο-

259 1216 523 1285 μάττεται
554 1217 668 1277 τοῖς
728 1214 1021 1284 ἐσθήμασι,
1076 1212 1172 1265 καί⁹
1213 1213 1605 1282 μετασκευάζει
1632 1212 1835 1283 τρόπον

255 1306 377 1359 τινὰ
418 1306 554 1376 πρὸς
595 1306 792 1375 ἑαυτήν
819 1306 886 1359 τὰ
930 1307 988 1358 ἐν
1033 1298 1115 1368 οἷς
1144 1305 1210 1358 ἂν
1251 1304 1479 1373 γένοιτο,
1502 1305 1618 1367 πῶς
1641 1306 1742 1357 οὐκ
1768 1306 1834 1359 ἂν

259 1397 475 1468 ἰσχύσαι
503 1397 563 1451 τὸ
592 1396 818 1466 Πνεῦμα
844 1397 904 1451 τὸ
946 1396 1125 1465 ἆγιον,
1152 1397 1383 1466 ἐπείπερ
1411 1397 1558 1449 ἐστὶν
1604 1400 1668 1451 ἐκ
1699 1396 1833 1450 Θεοῦ

257 1489 524 1558 φυσικῶς,
556 1490 848 1551 κοινωνοὺς
905 1488 1004 1559 τῆς
1065 1488 1217 1551 θείας
1263 1489 1587 1542 ἀποτελέσαι
1619 1489 1835 1557 φύσεως

254 1581 321 1635 δι’
356 1581 574 1645 ἐαυτοῦ,
604 1582 731 1643 τούς
757 1582 815 1633 ἐν
846 1575 927 1644 οἷς
956 1580 1022 1634 ἂν
1050 1581 1265 1649 γένοιτο
1290 1598 1304 1646 ;
1334 1581 1562 1652 Καρπὸς
1590 1578 1682 1635 οὖν
1705 1582 1832 1653 ἄρα,

252 1674 353 1728 καὶ
381 1672 668 1745 χαρακτὴρ
696 1673 796 1743 τῆς
826 1673 1179 1737 ὑποστάσεως
1218 1672 1313 1726 τοῦ
1348 1674 1705 1744 γεννήσαντος
1730 1676 1835 1727 ὐπ-

251 1764 441 1834 άρχων
469 1766 498 1817 ὁ
524 1762 673 1826 Υἱὸς,
699 1762 880 1817 πάντα
908 1762 976 1817 τὰ
1001 1760 1165 1817 αὐτοῦ
1187 1761 1331 1816 κατά
1363 1762 1524 1832 φύσιν
1548 1763 1833 1833 ἐπάγεται.
1870 1746 1913 1800 Β

253 1855 356 1908 Διά
383 1853 544 1908 τοῦτό
582 1868 749 1925 φησί’
802 1872 820 1905 t
848 1854 1034 1907 Πάντα
1081 1853 1182 1907 ὅσα
1235 1852 1349 1924 ἔχει
1395 1855 1425 1907 ό
1481 1854 1692 1925 Πατήρ,
1728 1856 1838 1926 ἐμά

252 1945 394 1999 ἐστι.
427 1945 527 1999 Διά
553 1944 713 1999 τοῦτο
764 1940 916 1998 εἷπον
972 1945 1123 2015 ὑμῖν,
1172 1945 1253 1998 ὅτι
1287 1948 1351 1998 ἐκ
1391 1944 1487 1999 τοῦ
1536 1946 1672 2016 ἐμοῦ
1700 1946 1839 2018 λαμ-

253 2034 408 2089 ϐάνει
435 2037 528 2089 καὶ
561 2037 849 2104 ἀναγγελεῖ
869 2037 1017 2106 ὑμῖν,
1040 2055 1056 2085 ι
1077 2036 1137 2088 τὸ
1164 2035 1387 2105 Πνεῦμα
1414 2036 1653 2107 δηλονότι
1674 2039 1735 2092 τὸ
1768 2039 1836 2093 δι’

252 2128 423 2181 αὐτοῦ
456 2145 514 2181 τε
563 2129 657 2181 καὶ
698 2130 759 2180 ἐν
796 2127 965 2199 αὐτῷ,
998 2128 1065 2180 δι’
1109 2118 1171 2180 οὐ
1210 2129 1321 2190 τοῖς
1359 2128 1555 2196 ἁγίοις,
1584 2129 1656 2193 ὼς
1683 2130 1847 2195 αὐτὸς

1940 475 2227 546 cogitabis.
2260 476 2355 532 Est
2386 479 2530 533 enim
2564 480 2700 533 odor
2738 481 2904 534 veluti
2936 482 3158 551 quidam
3194 485 3517 540 substantiae

1939 566 2082 635 ejus,
2113 569 2304 624 vivens
2342 578 2397 624 et
2436 569 2646 634 eﬂicax,
2675 572 2769 639 qui
2802 587 2922 641 quae
2974 588 3005 625 a
3040 572 3149 629 Deo
3195 585 3325 629 sunt
3359 592 3517 631 crea-

1939 667 2079 713 tura:
2121 662 2467 729 transmittit,
2502 670 2555 717 et
2602 678 2869 733 suprema:
2906 665 3149 721 omnium
3194 668 3516 722 substantia:

1940 766 2039 820 per
2057 751 2299 821 seipsum
2332 754 2811 824 participationem
2851 755 3068 811 inserit.
3115 756 3248 810 Nam
3301 759 3348 813 si
3388 774 3514 812 aro-

1942 850 2149 897 matum
2181 843 2481 916 fragrantia
2513 845 2623 899 vim
2649 860 2805 900 suam
2859 845 3106 901 vestibus
3147 847 3429 916 imprimit,
3461 854 3516 902 et

1943 934 1999 989 in
2035 937 2271 1006 seipsam
2305 936 2708 1006 quodammodo
2739 938 3099 992 transformat
3137 953 3200 992 ea
3232 940 3283 992 in
3316 940 3516 1009 quibus

1944 1029 2130 1095 fuerit,
2179 1030 2272 1099 qui
2309 1046 2417 1084 non
2450 1031 2646 1100 poterit
2679 1038 2904 1085 sanctus
2941 1028 3205 1100 Spiritus,
3241 1031 3515 1101 siquidem

1942 1122 2270 1176 naturaliter
2301 1130 2385 1177 est
2410 1138 2477 1176 ex
2509 1122 2639 1189 Deo,
2662 1124 2857 1176 divina:
2903 1130 3191 1177 consortes
3231 1132 3440 1178 naturae
3469 1125 3513 1154 "

1944 1226 2039 1281 per
2088 1212 2332 1283 seipsum
2376 1228 2472 1268 eos
2520 1213 2751 1267 reddere
2801 1214 2854 1266 in
2887 1213 3087 1283 quibus
3118 1215 3236 1268 sit?
3283 1213 3517 1269 Fructus

1943 1302 2111 1372 igitur
2158 1311 2211 1355 et
2260 1302 2549 1357 character
2602 1304 2923 1358 substantiae
2963 1303 3245 1359 Genitoris
3286 1320 3409 1359 cum
3446 1307 3518 1359 sit

1945 1393 2117 1450 Filius
2142 1396 2209 1459 τ’,
2252 1396 2434 1448 omnia
2466 1410 2585 1464 quae
2621 1396 2739 1462 ejus
2764 1405 2892 1449 sunt
2916 1396 3217 1450 secundum
3258 1406 3517 1451 naturam

1944 1488 2051 1543 sibi
2081 1488 2343 1541 vindicat.
2384 1487 2594 1542 Idcirco
2626 1489 2730 1541 ait:
2767 1506 2785 1537 ι
2825 1487 3016 1542 Omnia
3045 1505 3385 1559 quaecunque
3419 1490 3519 1542 ba-

1945 1578 2036 1632 bet
2088 1579 2270 1644 Pater,
2317 1594 2436 1633 mea
2467 1587 2614 1634 sunt.
2647 1578 2935 1650 Propterea
2964 1581 3076 1634 dixi
3107 1581 3262 1635 vobis
3289 1580 3415 1649 quia
3449 1580 3518 1633 de

1947 1685 2068 1724 meo
2097 1670 2352 1739 accipiet,
2392 1680 2446 1725 et
2478 1672 2823 1726 annuntiabit
2865 1673 3040 1735 vobis,
3084 1692 3102 1724 ι
3153 1670 3390 1742 Spiritus
3426 1672 3515 1724 ni-

1944 1761 2143 1814 mirum
2181 1763 2273 1831 qui
2323 1778 2419 1832 per
2460 1764 2637 1833 ipsum
2692 1771 2746 1817 et
2787 1764 2839 1816 in
2895 1764 3014 1833 ipso
3045 1772 3168 1819 est:
3206 1781 3302 1833 per
3350 1778 3515 1834 quem

1945 1853 2178 1916 sanctis,
2216 1862 2274 1907 ut
2309 1853 2442 1923 ipse,
2474 1855 2761 1909 inhabitat.
2801 1854 2907 1908 Nec
2946 1856 3091 1910 enim
3125 1856 3374 1911 dirersus
3432 1864 3519 1911 est

1945 1945 2012 1998 ab
2046 1961 2111 2000 eo
2140 1945 2366 2015 spiritus
2394 1945 2512 2014 ejus
2538 1984 2551 2009 ,
2589 1947 2715 1999 licet
2748 1946 2801 1999 in
2854 1949 3067 2016 propria
3110 1964 3342 2018 persona
3388 1949 3520 2003 sub-

1944 2038 2140 2093 sistere
2182 2038 2536 2108 intelligatur.
2576 2036 2811 2108 Spiritus
2847 2040 2991 2093 enim
3023 2048 3109 2096 est
3160 2039 3423 2112 Spiritus,
3452 2055 3517 2094 ac

1952 2145 2061 2183 non
2089 2128 2280 2184 Filius.

252 2228 476 2279 ἐνοικεῖ.
527 2227 601 2279 Οὐ
638 2225 748 2297 γὰρ
790 2226 978 2297 ἕτερον
1022 2227 1155 2296 παρ’
1181 2226 1343 2280 αὐτὸν
1372 2226 1432 2280 τὸ
1474 2227 1698 2298 Πνεῦμα
1735 2228 1924 2295 αὐτοῦ,
1949 2229 2051 2284 κᾶν
2073 2227 2341 2299 ὑπάρχειν
2362 2228 2547 2296 νοῆται
2580 2226 2700 2280 καθ’
2717 2226 2877 2280 ἑαυτὸ
2935 2226 3099 2290 ἰδίως.
3147 2226 3373 2296 Πνεῦμα
3406 2225 3515 2300 γὰρ

250 2316 314 2368 τὸ
349 2315 595 2386 Πνεῦμα,
623 2316 718 2368 καὶ
745 2317 844 2386 οὐχ
871 2315 1020 2378 Υἱός.

326 2406 576 2476 Μικρὸν,
631 2408 729 2461 καὶ
772 2407 976 2462 οὐκέτι
1035 2409 1303 2479 θεωρεῖτέ
1351 2426 1453 2474 με’
1499 2411 1597 2464 καὶ
1650 2412 1840 2467 πάλιν

247 2498 488 2567 μικρὸν,
523 2498 623 2553 καὶ
659 2498 887 2568 ὕψεσθέ
928 2517 1025 2571 με,
1062 2501 1151 2555 ὅτι
1188 2501 1395 2572 ὑπάγω
1419 2503 1568 2571 πρὸς
1593 2503 1698 2557 τόν
1720 2507 1839 2559 Πα-

254 2590 418 2657 τέρα.

338 2678 739 2749 Ἀ-ποκαλύψειν
768 2680 953 2746 αὐτοῖς
990 2682 1079 2735 διά
1126 2682 1220 2735 τοῦ
1252 2682 1382 2737 ἰδίου
1420 2684 1737 2755 Πνεύματος
1769 2687 1837 2740 τά

252 2770 435 2823 πάντα
465 2772 746 2841 προειπὼν
789 2774 998 2843 ὅσαπερ
1036 2769 1104 2845 ἦν
1134 2776 1413 2843 ἀναγκαῖα
1466 2780 1559 2831 καὶ
1582 2778 1837 2849 χρειωδέ-

254 2878 445 2933 στερα,
477 2862 755 2933 ἐξηγεῖται
786 2866 880 2917 καὶ
908 2864 970 2918 τὸ
1003 2865 1194 2929 πάθος.
1227 2866 1347 2937 μεθ’
1380 2868 1408 2920 ὃ
1433 2868 1498 2939 δὴ
1521 2868 1714 2936 γείτων
1748 2871 1837 2923 εὐι

252 2951 354 3013 θύς
382 2952 415 3020 ἡ
446 2951 714 3022 ἀνάληψις
739 2953 830 3007 διὰ
857 2953 958 3025 τῆς
988 2955 1127 3026 πρὸς
1164 2956 1225 3011 τὸ
1258 2957 1370 3010 ἄνω
1395 2960 1638 3029 πορείας,
1666 2960 1832 3029 ἀναγ-

251 3044 551 3114 καιοτάτην
585 3046 916 3116 εἰσφέρουσα
966 3048 1066 3119 τὴν
1116 3046 1206 3101 διὰ
1247 3048 1341 3102 τοῦ
1379 3050 1696 3120 ΙΙνεύματος
1718 3053 1837 3105 ἐπι-

251 3138 525 3206 φοίτησιν.
554 3140 629 3192 Οὐ
658 3140 769 3211 γάρ
804 3136 873 3212 ἦν
913 3142 994 3195 ἔτι
1031 3142 1441 3198 συνδιαιτᾶσθαι
1471 3143 1609 3212 μετά
1635 3144 1835 3212 σαρκὸς
1863 3124 1904 3179 C

250 3232 367 3292 τοῖς
396 3229 571 3297 ἁγίοις
620 3232 946 3297 ἀποστόλοις
984 3234 1096 3288 ἄνω
1145 3236 1407 3303 γεγονότα
1437 3237 1571 3307 πρὸς
1610 3236 1699 3289 τὸν
1729 3237 1839 3288 Πα-

257 3323 415 3391 τέρα.
454 3323 939 3396 Περιεσταλμένως
966 3326 1022 3378 δέ
1048 3327 1254 3398 σφόδρα
1286 3331 1517 3382 ποιεῖται
1543 3331 1633 3382 τὸν
1656 3329 1835 3397 λόγον,

250 3411 317 3465 τὸ
342 3412 509 3483 δριμὺ
537 3414 634 3485 τῆς
658 3415 835 3487 λύπης
866 3416 957 3470 διὰ
1003 3418 1162 3471 τοῦτο
1194 3420 1657 3491 παραιρούμενος.
1686 3421 1838 3493 ’ᾘδει

251 3504 388 3573 γὰρ,
416 3504 529 3575 ᾔδει
552 3509 679 3570 τοὺς
711 3507 979 3577 μαθητὰς,
1012 3510 1072 3562 οὐ
1122 3512 1327 3582 μετρίῳ
1365 3512 1526 3565 πάλιν
1555 3514 1839 3583 ὁμιλήσονο

248 3610 355 3659 τας
385 3597 536 3667 φόϐῳ
561 3612 575 3626 ·
627 3600 724 3651 καὶ
772 3600 994 3671 δριμείᾳ
1025 3600 1124 3671 μὲν
1168 3603 1691 3675 καταδειχθήσεσθαι
1722 3604 1832 3677 [γρ.

252 3688 792 3763 καταδηχθήσεσθαι]
839 3691 1006 3766 λύπῃ.
1056 3694 1249 3759 δεινοῖς
1298 3696 1353 3748 δέ
1410 3699 1502 3750 καὶ
1544 3699 1838 3769 άφορὴτοις

251 3780 679 3849 περιπεσεῖσθαι
705 3786 895 3846 κακοῖς
946 3786 1440 3857 προσδοκήσοντας,
1483 3790 1612 3842 ὅταν
1642 3791 1838 3854 αὐτοὺς

254 3871 532 3944 συμϐαίνῃ
591 3873 1019 3928 καταλείπεσθαι
1062 3877 1278 3947 μόνους,
1320 3879 1699 3944 ἀναϐαίνοντος
1743 3881 1836 3935 τοῦ

252 3963 508 4033 Σωτῆρος
532 3964 670 4033 πρὸς
714 3965 809 4017 τὸν
863 3966 1106 4035 Πατέρα.
1152 3968 1251 4021 Διὰ
1278 3970 1502 4041 ταύτην,
1528 3966 1703 4041 οἶμαι,
1738 3973 1838 4043 τὴν

254 4056 458 4119 αἰτίαν,
485 4057 959 4129 ἁπημφιεσμένως
1012 4060 1110 4130 μὲν
1161 4063 1219 4114 ού
1266 4064 1451 4133 φησὶν,
1485 4064 1836 4136 ὅτιτεθνήξε-

251 4164 367 4207 ται,
403 4147 503 4217 τῆς
527 4148 637 4203 τῶν
680 4150 949 4205 Ἰουδαίων
999 4153 1287 4223 παροινίας
1317 4155 1409 4207 καὶ
1447 4155 1607 4225 μέχρι
1633 4156 1836 4208 τούτων

250 4239 420 4293 αὐτὸν
447 4240 742 4309 ἀφικέσθαι
766 4241 1041 4313 καλούσης
1061 4262 1073 4274 ·
1099 4245 1439 4314 εὐφυέστατα
1472 4246 1529 4299 δέ
1558 4246 1678 4300 λίαν
1710 4248 1837 4300 πολ-

2005 2407 2147 2473 Χνι,
2181 2407 2267 2463 16.
2321 2406 2616 2473 Modicum,
2644 2416 2694 2462 et
2722 2407 2841 2477 jam
2888 2422 2990 2461 non
3038 2407 3277 2462 videbitis
3309 2426 3426 2465 me:
3458 2418 3515 2463 et

1937 2501 2125 2553 iterum
2160 2498 2445 2565 modicum,
2474 2510 2523 2553 et
2569 2498 2806 2553 videbitis
2846 2515 2947 2566 me,
2986 2499 3111 2569 quia
3141 2500 3272 2553 vado
3301 2501 3370 2553 ad
3403 2500 3516 2556 Pa-

1937 2600 2091 2646 trem.

2005 2682 2141 2737 Cum
2175 2689 2337 2739 antea
2368 2684 2601 2739 dixisset
2629 2698 2687 2739 se
2713 2683 3084 2739 revelaturum
3117 2683 3165 2739 ei
3203 2685 3388 2739 omnia
3418 2703 3513 2756 per

1943 2792 2104 2831 suum
2143 2776 2407 2847 Spiritum
2441 2792 2784 2847 quaecunque
2820 2777 3135 2832 necessaria
3165 2784 3293 2833 sunt
3320 2788 3374 2833 et
3409 2780 3516 2834 uti-

1945 2870 2037 2931 lia,
2082 2871 2393 2938 passioncm
2443 2884 2659 2938 qunque
2711 2877 2954 2931 enarrat,
3006 2883 3168 2939 quam
3218 2878 3515 2938 exceptura

1944 2968 2064 3015 erat
2098 2963 2283 3015 statim
2345 2962 2651 3031 assumptio
2702 2961 2756 3014 in
2805 2963 3029 3023 coelum,
3068 2976 3230 3029 quam
3288 2962 3517 3029 illapsus

1944 3066 2040 3119 per
2071 3050 2336 3123 Spiritum
2371 3054 2686 3109 necessario
2721 3061 3062 3123 sequeretur.
3109 3052 3340 3109 Sursum
3367 3054 3514 3109 enim

1943 3144 2008 3198 ad
2043 3142 2257 3199 Patrem
2288 3161 2565 3209 reversus,
2589 3161 2697 3199 non
2716 3147 2949 3216 amplius
2975 3147 3026 3199 in
3045 3161 3210 3200 carne
3243 3162 3363 3200 cum
3390 3161 3518 3200 san-

1941 3237 2043 3290 ctis
2090 3238 2355 3305 apostolis
2393 3239 2606 3294 versari
2661 3246 2898 3308 poterat.
2952 3240 3286 3308 Compendio
3330 3249 3513 3295 autem
3562 3240 3579 3252 '

1939 3326 2229 3381 verborum
2266 3330 2460 3391 utitur,
2505 3329 2703 3384 tollens
2748 3329 2850 3381 hac
2880 3329 3091 3384 ratione
3120 3329 3326 3384 doloris
3357 3345 3516 3384 acer-

1940 3416 2184 3471 bitatem.
2211 3415 2429 3471 Sciebat
2450 3418 2594 3471 enim
2617 3417 2917 3486 discipulos
2943 3433 3051 3471 non
3077 3419 3339 3472 mediocri
3366 3426 3514 3472 metu

1939 3524 2134 3565 rursus
2166 3508 2411 3575 affectos,
2444 3518 2498 3564 et
2532 3510 2892 3565 acerbissimo
2929 3509 3148 3580 quidem
3202 3509 3390 3565 dolore
3429 3518 3515 3563 ta-

1938 3609 2086 3657 ctum
2115 3600 2205 3664 iri,
2236 3601 2419 3671 gravia
2443 3608 2498 3656 et
2526 3600 2870 3656 intoleranda
2903 3602 3043 3655 mala
3064 3600 3167 3656 sibi
3198 3601 3514 3672 impendere

1940 3692 2327 3757 formidantes,
2358 3707 2424 3747 eo
2462 3692 2611 3761 quod
2646 3691 2937 3746 Servatore
2977 3693 3042 3747 ad
3070 3691 3283 3748 Patrem
3321 3710 3513 3750 ascen-

1939 3788 2100 3839 dente
2128 3800 2187 3839 se
2214 3784 2361 3839 solos
2386 3784 2638 3838 relictum
2676 3783 2742 3837 iri
2768 3782 3153 3854 intelligerent.
3184 3784 3357 3850 Hane,
3392 3787 3513 3856 opi-

1939 3890 2061 3941 nor,
2095 3876 2165 3929 ob
2187 3889 2410 3928 causam
2436 3891 2543 3928 non
2572 3875 2705 3929 dicit
2736 3882 2921 3944 aperte
2951 3889 3009 3929 se
3036 3875 3386 3940 moriturum,
3412 3893 3511 3930 οιιο

1937 3969 2179 4022 ιίωονυηι
2215 3964 2403 4021 furore
2434 3981 2500 4021 eo
2547 3975 2954 4035 prorumpente,
3008 3966 3103 4021 sed
3148 3965 3373 4022 dextere
3417 3970 3512 4023 ad-

1939 4058 2160 4113 modum
2197 4066 2251 4112 et
2278 4058 2414 4113 scite
2442 4057 2718 4126 passionis
2751 4057 2969 4111 dolores
3002 4064 3288 4124 exceptura
3323 4058 3385 4110 iri
3421 4073 3510 4112 re-

1939 4151 2300 4206 surrectionis
2333 4150 2515 4203 Itetilia
2547 4150 2803 4213 ostendit,
2838 4148 3058 4204 dicens:
3082 4168 3098 4200 ι
3122 4147 3414 4212 Modicum,
3451 4159 3506 4203 et

1934 4242 2045 4309 jam
2078 4257 2187 4295 non
2206 4241 2461 4295 videbitis
2490 4256 2606 4294 me:
2639 4250 2690 4293 et
2714 4240 2909 4294 iterum
2934 4240 3228 4307 modicum,
3262 4240 3423 4310 933
3455 4249 3510 4294 et

251 4331 351 4401 λὴν
382 4331 676 4402 ἀναμίσγει
706 4332 785 4403 τῷ
813 4332 958 4404 λόγῳ
978 4336 1078 4406 τὴν
1098 4336 1390 4406 κομψείαν,
1421 4338 1517 4390 καὶ
1542 4337 1620 4408 τῷ
1644 4339 1835 4393 παθεῖν

1942 4332 2193 4386 videbitis
2237 4346 2342 4385 me.
2383 4348 2401 4381 ι
2454 4329 2697 4384 Instabat
2743 4330 2941 4399 quippe
2997 4338 3211 4400 tempus
3264 4330 3457 4383 mortis
3491 4370 3507 4393 ,

254 4421 653 4492 συντρέχουσαν
690 4426 789 4496 τὴν
815 4427 879 4478 ἐκ
905 4427 1006 4497 τῆς
1046 4429 1396 4493 ἀναστάσεως
1422 4429 1688 4499 θυμηδίαν
1714 4432 1835 4484 ἐπι-

1942 4440 2049 4495 quo
2088 4422 2354 4477 Dominus
2395 4436 2425 4476 e
2462 4422 2853 4490 discipulorum
2901 4430 3193 4491 conspectu
3240 4423 3511 4489 tantisper

251 4511 488 4564 δεικνύει
513 4513 720 4581 λέγων·
760 4534 778 4566 ι
811 4516 1045 4587 Μικρὸν,
1076 4518 1173 4571 καὶ
1222 4517 1407 4570 οὐκέτι
1442 4517 1693 4589 θεωρεῖτέ
1733 4538 1832 4589 με·

1942 4529 2268 4572 excessurus
2300 4522 2439 4576 erat,
2480 4512 2673 4577 donec,
2716 4513 2963 4581 spoliatis
3008 4512 3199 4569 inferis
3249 4521 3302 4568 et
3359 4522 3511 4568 tene-

254 4606 349 4657 καὶ
390 4604 552 4658 πάλιν
580 4605 799 4677 μικρὸν,
841 4609 938 4662 καὶ
984 4608 1178 4678 ὄψεσθέ
1235 4626 1323 4679 με.
1356 4629 1374 4661 ›
1410 4609 1558 4663 Εῖσω
1596 4610 1704 4681 γὰρ
1734 4612 1833 4681 ήδη

1942 4605 2157 4659 brarutn
2213 4610 2371 4672 porta
2424 4602 2536 4655 illic
2586 4602 2907 4670 degentibus
2961 4610 3185 4672 aperta,
3242 4606 3505 4673 templum

254 4692 436 4763 θυρῶν
486 4696 515 4748 ὁ
567 4695 663 4748 τοῦ
699 4696 932 4751 θανάτου
965 4699 1156 4767 γέγονε
1187 4699 1398 4770 καιρὸς,
1447 4700 1686 4754 ἄποπτον
1725 4702 1836 4761 τοῖς

256 4783 526 4852 μαθηταῖς
556 4785 729 4850 τιθεὶς
773 4788 864 4840 τὸν
911 4788 1137 4859 Κύριον,
1187 4794 1265 4854 εἰς
1294 4791 1474 4859 ὀλίγον
1516 4790 1714 4860 κομιδῆ
1745 4790 1834 4843 τὸν

252 4876 471 4946 καιρὸν,
492 4877 649 4949 ἄχρις
678 4878 745 4933 ἂν
777 4880 1078 4944 σκυλεύσας
1111 4882 1203 4935 τὸν
1231 4882 1392 4953 ᾅδην,
1427 4882 1523 4936 καὶ
1561 4882 1832 4937 ἀναπετά-

254 4983 355 5029 σας
377 4969 492 5031 τοίς
535 4971 715 5023 ἐκεῖσε
769 4971 867 5036 τὰς
930 4972 1023 5026 τοῦ
1078 4975 1301 5038 σκότους
1336 4975 1531 5038 πύλας,
1567 4974 1659 5027 τὸν
1707 4974 1836 5027 ἴδιον

253 5055 419 5109 πάλιν
456 5058 738 5132 ἀναστήσῃ
786 5061 934 5115 ναόν.
974 5056 1048 5116 Οὐ
1088 5065 1181 5116 καί
1237 5065 1523 5132 γεγενότος
1552 5063 1835 5133 ἐπέλαμψε

251 5147 420 5200 πάλιν
462 5151 575 5212 τοῖς
626 5151 822 5204 ἐαυτοῦ
890 5151 1158 5224 μαθηταῖς
1188 5196 1202 5218 ,
1252 5155 1487 5208 συνεῖναί
1533 5172 1595 5208 τε
1654 5155 1836 5217 αὐτοῖς

252 5235 648 5311 καθυπέσχετο,
706 5242 887 5307 πάσας
928 5244 1026 5309 τὰς
1054 5247 1265 5315 ἡμέρας
1305 5246 1399 5300 τοῦ
1443 5248 1659 5311 αἰῶνος,
1695 5249 1835 5301 κατά

250 5329 311 5381 τὸ
344 5333 748 5402 γεγραμμένον.
781 5335 844 5388 Εἰ
873 5336 979 5405 γὰρ
1010 5339 1104 5390 καὶ
1139 5338 1413 5408 ἀποδημεῖ
1435 5340 1618 5407 σαρκὶ,
1648 5356 1830 5409 παρα-

1932 4710 2091 4750 suum
2119 4709 2312 4748 rursus
2341 4694 2604 4747 excitaret
2629 4693 2694 4747 ⁷⁸.
2727 4694 2847 4758 Quo
2875 4693 3017 4746 facto
3064 4693 3353 4763 discipulis
3385 4696 3504 4750 suis

1932 4801 2125 4842 rursus
2156 4786 2428 4856 apparuit,
2470 4794 2523 4838 et
2548 4799 2654 4838 una
2684 4800 2805 4838 cum
2836 4785 2917 4841 eis
2964 4801 3025 4840 se
3058 4784 3299 4839 futurum
3328 4787 3505 4840 omni-

1933 4879 2037 4932 bus
2083 4877 2276 4933 diebus
2333 4878 2514 4932 saeculi
2563 4878 2836 4947 promisit,
2877 4884 2933 4931 ut
2985 4879 3249 4947 scriptum
3300 4887 3382 4933 est
3433 4878 3499 4932 ⁷⁸.

1933 4968 2174 5024 Tametsi
2209 4969 2352 5023 enim
2392 4983 2556 5023 carne
2591 4968 2747 5023 abest
2774 4978 3060 5038 postquam
3096 4985 3154 5025 se
3202 4968 3349 5023 Patri
3407 4985 3503 5039 pro

1932 5059 2088 5114 nobis
2120 5058 2393 5120 exhibuit,
2428 5066 2483 5112 et
2537 5057 2678 5112 sedit
2706 5073 2735 5111 a
2771 5058 2980 5113 dextris
3013 5057 3291 5114 Genitoris
3331 5060 3399 5122 ⁷⁸,
3446 5060 3499 5113 in

1932 5151 2112 5220 dignis
2141 5157 2325 5203 tamen
2353 5148 2563 5203 habitat
2583 5164 2679 5220 per
2709 5147 2998 5219 Spiritum,
3024 5159 3197 5204 etuna
3226 5164 3345 5203 cum
3379 5165 3501 5203 san-

1933 5243 2035 5297 ctis
2073 5256 2290 5311 semper
2318 5248 2399 5295 est
2430 5260 2442 5295 :
2493 5241 2747 5311 promisit
2779 5241 2921 5295 enim
2951 5255 3292 5312 nequaquam
3322 5255 3380 5295 se
3412 5256 3503 5295 re-

1932 5335 2187 5387 licturum
2240 5348 2339 5388 nos
2368 5332 2644 5402 orphanos
2674 5333 2741 5387 ⁷⁸.
2773 5331 2951 5386 Parvo
2984 5333 3165 5403 itaque
3216 5330 3502 5399 interjecto

253 5423 461 5490 στήσας
489 5424 678 5478 ἑαυτὸν
709 5425 849 5496 ὑπὲρ
876 5426 1033 5497 ήμῶν
1060 5428 1137 5498 τῷ
1160 5429 1353 5497 Πατρί,
1390 5429 1482 5481 καὶ
1505 5428 1735 5491 καθίσας
1766 5431 1830 5481 ἐκ

1952 5440 2037 5478 am
2073 5425 2139 5479 ad
2176 5424 2486 5493 passionem
2526 5432 2769 5494 tempore
2801 5443 2815 5480 :
2855 5444 2873 5476 ι
2909 5424 3200 5488 Modicum,
3223 5424 3421 5493 inquit,
3448 5433 3504 5479 et

251 5508 441 5571 δεξιῶν
459 5510 552 5563 τοῦ
590 5514 968 5583 γεννήσαντος,
1018 5516 1132 5570 ἀλλ’
1163 5517 1502 5581 ἐναυλίζεται
1526 5520 1637 5580 τοῖς
1653 5517 1825 5583 ἀξίοις

1934 5531 2040 5568 non
2076 5515 2329 5570 videbitis
2355 5529 2440 5569 me
2472 5533 2484 5568 :
2530 5532 2549 5565 ι
2598 5525 2773 5570 morte
2802 5515 2945 5570 enim
2977 5516 3381 5587 quodammodo
3409 5534 3505 5588 pa-

358 5625 402 5697 _“
446 5625 484 5679 Il
520 5627 740 5705 Petr._t_,
773 5630 827 5684 4.
901 5632 946 5665 τ’
986 5631 1146 5689 IIebr.
1174 5651 1211 5700 ι,
1245 5634 1296 5690 5.
1371 5633 1419 5667 ⁷³
1456 5632 1612 5689 301m-
1652 5649 1724 5699 ιιι
1768 5634 1830 5689 ³9

1942 5634 1955 5665 δ
1996 5631 2183 5687 Matth.
2229 5647 2417 5697 xxvm,
2451 5630 2543 5687 20.
2581 5632 2628 5665 ⁷⁵
2657 5631 2872 5691 Coloss.
2909 5635 3082 5701 "1,1;
3115 5632 3280 5693 Hebr.
3310 5654 3409 5705 xu,
3443 5641 3498 5694 2.

253 5692 297 5725 "
334 5692 494 5753 Joan.
522 5714 631 5764 xlv,
673 5701 754 5753 18.
