3868 6200
309 297 314 302 ’
368 308 476 366 455

1365 313 1422 369 S.
1465 312 1740 370 CYRILLI
1780 309 2250 368 ALEXANDRINI
2289 307 2606 366 ARCIIIEP.

3531 307 3642 364 456

370 435 594 490 rumper
625 428 744 476 erat
772 421 1155 480 occultandus.
1194 445 1210 475 ι
1249 423 1314 478 Ει
1344 425 1565 493 iterum,
1600 426 1798 496 inquit,
1833 439 1951 480 mo-

2061 423 2141 478 διὰ
2174 423 2270 476 τοῦ
2294 421 2638 493 Πνεύματος,
2667 420 2761 475 καὶ
2793 421 3009 475 σύνεστι
3036 423 3149 485 τοῖς
3180 421 3357 490 ἁγίοις
3383 420 3473 475 διὰ
3498 439 3640 474 παν-

367 513 574 578 dicum,
604 523 658 570 et
702 515 958 572 videbitis
990 532 1096 572 me.
1130 537 1148 569 ο
1197 516 1327 573 Post
1363 517 1603 573 triduum
1636 519 1783 573 enim
1810 517 1952 573 revi—

370 603 470 666 xit,
499 605 804 672 praedicans
852 609 1018 662 etiam
1059 609 1128 663 iis
1159 609 1252 679 qui
1299 609 1354 664 in
1393 624 1615 666 carcere
1645 618 1805 666 erant
1838 609 1953 680 spi-

370 695 572 752 ritibus
617 699 688 754 ".
721 697 1190 757 Perfectissimum
1221 705 1365 758 enim
1397 704 1542 760 istud
1582 713 1667 760 est
1705 720 1820 760 sua:
1848 704 1951 758 mi-

371 789 688 846 sericordia:
723 803 1130 863 argumentum,
1157 795 1302 864 quod
1341 810 1450 849 non
1481 795 1658 850 solum
1688 796 1952 866 degentes

371 881 552 935 adhuc
597 882 650 935 in
688 891 834 938 terra
881 885 1138 952 servarit,
1169 886 1263 941 sed
1298 894 1353 940 et
1387 887 1494 941 vita
1521 887 1633 957 jam
1662 887 1869 941 functis
1898 895 1954 942 et

370 972 426 1028 in
466 975 649 1045 abyssi
703 976 1072 1045 penetralibus
1112 978 1436 1034 sedentibus
1478 979 1533 1032 in
1589 977 1854 1038 tenebris,
1895 987 1954 1033 ut

373 1067 639 1136 scriptum
691 1075 777 1122 est
805 1068 873 1131 ⁷⁸,
923 1070 1231 1124 libertatem
1288 1070 1666 1140 proclamarit.
1715 1069 1953 1125 Adverle

369 1173 534 1228 porro
588 1173 702 1228 quo
754 1160 916 1214 modo
970 1162 1038 1216 de
1087 1163 1345 1232 passione
1382 1163 1603 1233 quidem
1659 1163 1861 1218 dixerit
1899 1171 1954 1216 et

371 1253 816 1306 resurrectione:
850 1271 868 1304 ι
899 1252 1196 1318 Modicum,
1229 1261 1284 1309 et
1317 1269 1425 1308 non
1458 1253 1712 1308 videbitis
1739 1268 1864 1308 me:
1898 1261 1954 1308 et

371 1342 567 1396 iterum
606 1343 912 1408 modicum,
948 1357 1001 1400 et
1023 1345 1278 1401 videbitis
1313 1361 1417 1400 me.
1440 1345 1699 1400 iAddens
1744 1352 1950 1411 autem,

375 1453 394 1485 ι
436 1435 575 1501 Quia
627 1436 764 1492 vado
797 1437 865 1491 ad
895 1437 1135 1502 Patrem,
1178 1457 1198 1490 ι
1237 1439 1454 1493 silentio
1489 1440 1623 1511 tegit
1661 1437 1808 1509 quod
1857 1453 1952 1492 su-

370 1535 573 1596 perest.
605 1527 714 1583 Nec
745 1531 891 1583 enim
931 1539 1139 1600 quanto
1171 1529 1242 1584 ibi
1279 1538 1527 1602 tempore
1556 1546 1952 1603 permansurus

369 1619 461 1683 sit,
509 1628 603 1674 aut
659 1621 1007 1691 quandonam
1063 1639 1418 1691 reversurus,
1484 1624 1836 1695 signiﬁcavit,
1899 1631 1954 1678 et

370 1725 535 1779 quam
577 1710 648 1765 ob
693 1726 942 1767 causam.
979 1709 1184 1783 Nempe
1217 1724 1464 1768 nostrum
1513 1730 1622 1769 non
1673 1721 1757 1771 est
1789 1729 1954 1770 nosse

2053 515 2146 578 τός
2169 531 2183 546 ·
2210 514 2581 586 ἐπηγγείλατο
2622 513 2732 585 γὰρ
2769 512 2870 567 οὐκ
2898 513 3130 584 ἀφήσειν
3160 514 3306 584 ἡμᾶς
3336 512 3633 584 ὀρφανούς.

2054 606 2265 660 Οὐκοῦν
2307 605 2509 678 μικροῦ
2553 606 2744 677 κομιδῆ
2802 605 3134 678 διείργοντος
3170 607 3365 677 χρόνου
3410 605 3513 677 τὴν
3537 605 3638 659 τοῦ

2055 698 2262 762 πάθους
2291 697 2488 770 ἀρχὴν,
2514 717 2532 751 ι
2559 697 2794 768 Μικρὸν,
2830 698 2982 767 φησὶ,
3005 697 3100 752 καὶ
3122 697 3184 750 ού
3215 697 3472 768 θεωρεῖτέ
3505 712 3631 767 με’»

2054 790 2247 860 ἔμελλε
2281 791 2388 862 γὰρ
2410 790 2929 846 κατακαλύπτεσθαι
2951 808 3067 854 πως
3091 789 3168 861 τῷ
3189 791 3403 861 θανάτῳ
3433 789 3636 860 βραχύ.

2061 903 2078 935 ι
2103 884 2214 937 Καὶ
2264 883 2450 950 πάλιν,
2503 885 2656 952 φησὶ,
2687 884 2902 956 μικρὸν,
2935 885 3030 938 καὶ
3068 884 3264 954 ὄψεσθέ
3303 901 3394 955 με.
3437 903 3456 935 ι
3500 885 3637 954 Τρι-

2055 973 2262 1045 ήμερος
2312 972 2422 1043 γὰρ
2474 972 2696 1034 ἀνεϐίω.
2755 973 3001 1045 κηρύξας
3027 973 3120 1027 καὶ
3175 976 3288 1038 τοῖς
3317 975 3376 1027 ἐν
3416 972 3636 1043 φυλακῇ

2056 1062 2352 1134 πνεύμασι.
2385 1063 2742 1136 Πληρεστάτη
2787 1064 2895 1134 γὰρ
2927 1063 3100 1128 οὕτως
3131 1066 3162 1135 ἡ
3202 1066 3300 1136 τῆς
3328 1065 3635 1135 φιλανθρω-

2055 1155 2187 1220 πίας
2216 1153 2478 1220 ἐπίδειξις
2494 1152 2582 1227 ἦν,
2613 1155 2692 1226 τῷ
2725 1154 2799 1227 μὴ
2831 1156 2991 1226 μόνον
3021 1155 3300 1210 ἀνασῶσαι
3340 1173 3484 1226 φημι
3509 1157 3644 1220 τοὺς

2054 1248 2136 1302 ἐτι
2165 1249 2374 1315 ζῶντας
2423 1250 2515 1302 ἐπὶ
2559 1249 2659 1317 τῆς
2684 1252 2808 1321 γῆς,
2848 1249 2984 1302 ἀλλὰ
3039 1250 3277 1312 καὶτοῖς
3324 1249 3427 1320 ἤδη
3452 1265 3641 1302 κατοι-

2011 1362 2022 1380 "
2054 1343 2305 1414 κομένοις
2349 1345 2443 1396 καὶ
2499 1345 2558 1396 ὲν
2587 1345 2702 1406 τοῖς
2731 1344 2830 1413 τῆς
2877 1343 3114 1398 ἀϐύσσου
3161 1343 3352 1412 μυχοῖς
3393 1340 3643 1412 καθημέ-

2055 1453 2166 1498 νοις
2227 1437 2285 1488 ἐν
2337 1435 2536 1506 σκότῳ,
2600 1435 2742 1488 κατὰ
2805 1435 2866 1488 τὸ
2893 1433 3274 1506 γεγραμμένον
3309 1432 3642 1504 διακηρύξαι

2054 1524 2154 1595 τὴν
2177 1525 2390 1594 ἄφεσιν.
2459 1524 2744 1595 Ἐπιτήρει
2777 1525 2832 1578 δέ
2871 1525 3018 1589 ὃπως
3045 1527 3138 1578 ἐπὶ
3175 1525 3275 1595 μὲν
3301 1523 3394 1578 τοῦ
3430 1523 3643 1588 πάθους

2056 1615 2182 1688 ἔφη,
2212 1618 2307 1671 καὶ
2328 1617 2427 1688 τῆς
2447 1617 2798 1682 ἀναστάσεως
2822 1632 2835 1646 ·
2854 1635 2873 1669 ι
2896 1616 3132 1689 Μικρὸν,
3168 1617 3266 1671 καὶ
3289 1617 3349 1670 οὑ
3379 1615 3642 1686 θεωρείτέ

2061 1727 2162 1780 με’
2193 1711 2288 1765 καὶ
2342 1712 2506 1766 πάλιν
2563 1711 2779 1783 μικρὸν,
2823 1713 2919 1766 καὶ
2965 1709 3162 1781 ὄψεσθέ
3194 1725 3282 1781 με.
3327 1728 3346 1760 ι
3373 1709 3645 1780 Προσθεὶς

370 1807 615 1868 tempora
660 1802 743 1856 vel
802 1809 1077 1857 momenta
1127 1821 1251 1874 qua:
1304 1805 1463 1860 Pater
1511 1805 1696 1874 posuit
1747 1806 1801 1859 in
1849 1819 1949 1861 sua

2061 1801 2130 1868 δὲ,
2172 1819 2191 1854 ι
2229 1802 2352 1857 Ὅτι
2399 1804 2536 1875 πρὸς
2575 1804 2667 1858 τὸν
2693 1803 2914 1875 Πατέρα
2947 1801 3272 1874 πορεύομαι,
3310 1819 3329 1852 ι
3372 1799 3554 1869 σιωπᾷ
3579 1798 3644 1850 τὸ

371 1899 658 1960 potestate,
683 1893 838 1961 juxta
875 1894 1047 1961 ipsius
1081 1893 1392 1952 Servatoris
1429 1911 1616 1952 vocem
1649 1898 1717 1950 ".

2051 1895 2398 1966 λειπόμενον.
2433 1896 2509 1951 Οὐ
2537 1895 2648 1968 γὰρ
2681 1896 2963 1950 ἐπὶπόσον
2995 1897 3114 1949 ἐκεῖ
3144 1894 3391 1964 διαμενεῖ
3421 1892 3642 1964 χρόνον,

368 1980 403 2053 ἢ
459 1984 587 2036 πότε
633 1985 796 2055 τυχὸν
849 1986 1136 2058 ἐπανήξειν
1189 1987 1298 2060 [το.
1352 1989 1664 2062 ἐπανήξει],
1710 1989 2109 2060 διαμεμήνυκε,
2163 1989 2258 2042 καὶ
2301 1989 2390 2044 διὰ
2446 1990 2609 2045 ποίαν
2646 1990 2846 2044 αἰτίαν.
2882 1989 2958 2043 Ού
3000 1989 3108 2059 γὰρ
3151 1987 3306 2059 ἡμῶν
3344 1988 3462 2040 ἐστι
3499 1986 3645 2055 γνῶ-

368 2091 458 2130 ναι
490 2077 732 2148 χρόνους,
767 2077 802 2148 ἢ
859 2081 1102 2151 καιροὺς,
1133 2081 1227 2146 οὓς
1258 2083 1284 2135 ό
1332 2083 1524 2154 Πατὴρ
1572 2083 1724 2136 ἔθετο
1764 2085 1822 2142 ἐν
1864 2085 1930 2153 τῇ
1973 2081 2076 2153 ἰδίᾳ
2099 2081 2337 2154 ἐξουσίᾳ,
2393 2083 2534 2138 κατὰ
2559 2084 2659 2149 τὰς
2687 2083 2853 2137 αὐτοῦ
2879 2081 2975 2136 τοῦ
3009 2081 3260 2152 Σωτῆρος
3293 2079 3497 2150 φωνάς.

443 2169 584 2236 XVI,
617 2171 706 2236 17,
737 2172 824 2227 18.
855 2173 1118 2228 Dixerunt
1159 2193 1284 2247 ergo
1315 2193 1381 2231 ex
1419 2178 1697 2247 discipulis
1740 2179 1856 2248 ejus
1885 2177 1954 2231 ad

365 2265 584 2319 invicem
610 2281 628 2319 :
662 2266 804 2332 Quid
827 2280 905 2322 est
935 2271 1032 2324 hoc
1061 2275 1200 2342 quod
1222 2274 1352 2326 dicit
1376 2274 1551 2338 nobis,
1581 2275 1870 2339 Modicum,
1904 2285 1956 2330 et

367 2374 473 2411 non
496 2359 739 2414 videbitis
765 2377 866 2423 me,
890 2373 939 2415 et
965 2363 1157 2416 iterum
1182 2365 1470 2432 modicum,
1495 2377 1544 2420 et
1570 2367 1812 2422 videbitis
1837 2384 1952 2422 me:

365 2460 415 2503 et
449 2451 578 2519 quia
605 2450 743 2503 vado
777 2450 846 2504 ad
886 2451 1108 2506 Patrem
1131 2457 1157 2509 ?
1201 2454 1461 2510 Dicebant
1499 2473 1662 2527 ergo:
1699 2457 1840 2524 Quid
1875 2468 1953 2513 est

365 2542 464 2594 hoc
491 2543 633 2611 quod
663 2542 798 2596 dicit
832 2544 1007 2610 nobis,
1035 2544 1360 2604 Modicum?
1400 2546 1682 2604 Nescimus
1709 2552 1836 2620 quid
1874 2551 1954 2606 la-

364 2635 566 2703 quitur.

438 2723 575 2778 Cum
609 2725 818 2781 dictum
854 2727 1100 2784 nondum
1148 2729 1528 2801 intelligerent
1563 2731 1738 2787 divini
1780 2731 1951 2787 disci-

365 2816 502 2885 puli,
557 2818 961 2890 colloquuntur
996 2821 1138 2876 inter
1197 2838 1280 2888 se,
1332 2831 1387 2878 et
1448 2824 1579 2894 quid
1631 2823 1737 2880 sibi
1791 2825 1956 2878 vellet

363 2908 496 2962 illud
533 2925 548 2962 :
582 2929 602 2961 ι
639 2910 938 2977 Modicum,
973 2925 1025 2968 et
1055 2913 1252 2968 iterum
1267 2914 1563 2979 modicum,
1589 2935 1607 2966 ι
1634 2915 1957 2970 addubitant

364 3007 421 3053 ct
446 2999 618 3055 illud:
677 3021 697 3054 ι
734 3001 855 3058 Non
907 3004 1172 3061 videbitis
1223 3021 1328 3061 me.
1373 3024 1391 3056 ι
1443 3005 1716 3061 Praevenit
1770 3016 1954 3062 tamen

362 3093 618 3149 Christus
686 3095 966 3150 sciscitari
1038 3105 1306 3162 aventes,
1367 3106 1684 3168 opportune
1757 3113 1954 3153 rursus

365 3187 667 3243 ostendens
702 3203 794 3255 se,
829 3204 958 3244 cum
1000 3188 1145 3245 Deus
1181 3190 1274 3253 sit,
1304 3189 1475 3245 corda
1505 3207 1668 3247 nosse
1695 3199 1748 3246 et
1778 3191 1957 3262 quod-

2121 2175 2309 2232 Εἶπον
2340 2174 2454 2235 οὖν
2493 2179 2562 2233 ἐκ
2593 2178 2712 2233 τῶν
2741 2177 3023 2249 μαθητῶν
3056 2177 3244 2232 αὐτοῦ
3276 2175 3428 2244 πρὸς
3447 2175 3644 2242 iuri-

2052 2274 2236 2338 λους·
2271 2271 2332 2324 Tl
2356 2271 2488 2325 ἐστι
2519 2271 2697 2325 τοῦτο
2727 2269 2937 2339 ὃλέγει
2963 2269 3128 2339 ὑμῖν,
3159 2268 3412 2337 Μικρὸν,
3435 2264 3537 2319 καὶ
3567 2267 3643 2320 οὐ

2055 2362 2324 2432 θεωρεῖτέ
2357 2381 2434 2434 με
2455 2405 2470 2429 ,
2496 2362 2598 2418 καὶ
2644 2363 2833 2417 πάλιν
2864 2361 3104 2432 μικρὸν,
3142 2360 3240 2414 καὶ
3270 2359 3498 2428 ὄψεσθέ
3525 2375 3604 2427 με
3624 2373 3640 2387 ·

2055 2455 2176 2520 καὶ,
2201 2455 2333 2509 Ὀτι
2376 2455 2492 2524 ἐγὼ
2520 2454 2730 2525 ὑπάγω
2771 2456 2924 2524 πρὸς
2957 2454 3066 2508 τὸν
3092 2451 3357 2521 Πατέρα;
3380 2453 3642 2520 Ἔλεγον

2053 2542 2169 2601 οὖν
2187 2563 2200 2576 ·
2238 2547 2298 2600 Τί
2323 2547 2454 2601 ἐστι
2479 2546 2655 2602 τοῦτο
2681 2545 2912 2616 oleret,
2943 2544 3010 2599 τὸ
3037 2544 3266 2613 Μικρόν
3281 2559 3302 2608 ;
3331 2545 3455 2598 Οὐκ
3473 2541 3645 2596 οῖδα-

2047 2653 2165 2707 μεν
2191 2638 2249 2690 τί
2271 2637 2468 2692 λαλεῖ.

2123 2729 2290 2784 Ούπω
2321 2731 2571 2794 συνέντες
2591 2729 2652 2783 τὸ
2681 2729 2973 2801 εἰρημένον
3004 2729 3052 2782 οἱ
3087 2726 3363 2781 θεσπέσιοι
3395 2723 3644 2796 μαθηταὶ

2054 2822 2375 2876 συλλαλούσι
2403 2822 2539 2890 πρὸς
2589 2821 2874 2893 ἀλλήλους,
2925 2822 3021 2874 καὶ
3057 2821 3110 2873 τί
3155 2820 3222 2874 ἂν
3255 2819 3497 2890 βούλοιτο
3543 2834 3642 2886 ση-

2056 2913 2268 2983 μαίνειν
2290 2914 2492 2978 αὐτοῖς,
2521 2913 2581 2967 τὸ
2613 2931 2632 2964 ι
2661 2912 2899 2983 Μικρὸν,
2925 2911 3005 2966 ἔτι
3027 2913 3122 2965 καὶ
3157 2909 3352 2981 μικρὸν
3376 2928 3394 2962 ι
3430 2908 3643 2961 ἐνδοιά-

2055 3008 2229 3070 ζουσι⁶
2263 3005 2358 3059 καὶ
2395 3005 2474 3072 τὸ,
2509 3023 2526 3056 ι
2558 3006 2633 3058 Ού
2668 3003 2924 3076 θεωρεῖτέ
2963 3021 3052 3075 με.
3091 3022 3110 3056 ι
3143 3003 3339 3055 Φθάνει
3370 3018 3435 3070 γε
3469 3003 3579 3071 μὴν
3613 3001 3642 3052 ό

2053 3095 2290 3167 Χριστὸς
2310 3095 2687 3150 ἀναπυθέσθαι
2715 3095 3220 3168 προθυμουμένους,
3240 3093 3644 3163 ἐπικαιρότατα

2055 3190 2217 3244 πάλιν
2248 3190 2584 3255 ἐπιδεικνὺς,
2620 3189 2701 3244 ὃτι
2721 3189 2950 3262 καρδίας
2975 3182 3138 3253 οἶδεν,
3166 3187 3241 3250 ὼς
3266 3184 3420 3249 Θεὸς,
3455 3187 3554 3237 καὶ
3579 3184 3644 3236 τὸ

366 3292 581 3349 cunque
627 3289 814 3335 mente
843 3281 1127 3335 volutatur
1156 3282 1336 3336 adhuc
1360 3289 1415 3337 et
1443 3283 1496 3338 in
1528 3281 1806 3352 profundo
1826 3297 1949 3338 cor-

2061 3285 2112 3338 ἐν
2141 3283 2216 3354 νῷ
2237 3283 2600 3354 στρεφόμενον
2639 3282 2740 3346 ἔτι,
2774 3283 2869 3336 καὶ
2898 3285 2956 3334 ἐν
2987 3280 3066 3352 τῷ
3097 3281 3250 3352 βάθει
3287 3279 3389 3349 τῆς
3409 3278 3642 3351 καρδίας

365 3371 452 3425 dis
483 3371 756 3428 infossum
781 3383 890 3438 est,
921 3389 1031 3430 non
1073 3389 1240 3430 secus
1271 3389 1337 3430 ac
1367 3375 1556 3446 lingua
1597 3374 1818 3430 demum
1853 3390 1952 3429 ex-

365 3479 618 3535 pressum
668 3481 992 3536 agnoscere.
1053 3465 1198 3532 Quid
1249 3467 1439 3530 enim,
1504 3481 1732 3537 quaeso,
1783 3465 1954 3521 latere

365 3557 543 3626 possit
575 3571 702 3611 eum
752 3558 841 3612 cui
879 3558 1024 3612 nuda
1075 3565 1206 3614 sunt
1257 3558 1443 3614 omnia
1466 3557 1556 3611 '°?
1604 3557 1838 3626 Ideoque
1885 3555 1953 3610 ad

367 3651 686 3700 sanctorum
716 3648 1012 3716 quemdam
1047 3648 1164 3704 ait:
1201 3666 1220 3700 ι
1250 3646 1388 3714 Quis
1417 3657 1504 3703 est
1532 3649 1636 3703 iste
1667 3647 1836 3720 934
1859 3648 1953 3718 qui

368 3751 456 3789 me
481 3736 772 3791 consilium
800 3737 968 3801 celat,
1002 3749 1057 3793 et
1090 3740 1143 3793 in
1171 3740 1340 3794 corde
1377 3740 1542 3795 verba
1575 3741 1845 3804 continet,
1883 3757 1950 3795 ac

367 3841 455 3881 me
481 3834 637 3896 putat
673 3827 852 3883 celare
877 3829 967 3884 ⁸ίῖ
1020 3847 1038 3881 ι
1073 3829 1346 3896 Quocirca
1383 3831 1536 3886 omni
1571 3848 1636 3886 ex
1688 3841 1844 3901 parte
1871 3833 1952 3887 eis

367 3917 631 3986 prodest,
678 3927 733 3974 et
766 3922 1114 3976 occasionem
1170 3939 1292 3992 qua:
1344 3938 1404 3978 se
1449 3923 1649 3978 obtulit
1679 3933 1844 3980 certa:
1899 3933 1955 3980 et

368 4010 691 4066 indubitata:
726 4011 848 4067 lidei
891 4012 1137 4068 fovendae
1170 4015 1416 4070 adhibet.

441 4097 579 4161 XVI,
609 4099 699 4164 19,
723 4101 817 4155 20.
856 4100 1108 4172 Cognovit
1153 4112 1331 4155 autem
1360 4100 1518 4156 Iesus
1555 4104 1680 4172 quia
1713 4102 1953 4157 volebant

365 4207 484 4244 eum
507 4192 857 4264 interrogare,
892 4203 941 4248 et
973 4194 1114 4247 dixit
1142 4194 1260 4248 eis:
1292 4193 1369 4248 De
1407 4193 1504 4248 hoc
1537 4196 1779 4264 quaeritis
1820 4195 1956 4248 inter

367 4299 478 4347 vos,
515 4285 644 4355 quia
689 4285 807 4338 dixi
845 4301 864 4338 :
900 4283 1195 4348 Modicum,
1229 4294 1277 4340 et
1310 4302 1416 4339 non
1465 4285 1705 4340 videbitis
1769 4303 1870 4351 me,
1903 4296 1951 4340 et

365 4378 558 4431 iterum
586 4377 872 4440 modicum,
899 4387 948 4430 et
991 4375 1230 4430 videbitis
1268 4393 1349 4430 me
1373 4381 1400 4432 ?
1430 4377 1620 4443 Amen,
1652 4394 1804 4432 amen
1833 4377 1952 4432 dico

365 4469 530 4533 vobis,
584 4471 710 4540 quia
754 4470 1034 4538 plorabitis
1081 4479 1128 4524 et
1161 4469 1352 4539 ﬂebitis
1381 4487 1492 4536 vos,
1521 4470 1746 4525 mundus
1777 4479 1952 4525 autem

365 4560 650 4630 gaudebit:
695 4579 785 4618 vos
835 4573 1013 4617 autem
1071 4561 1545 4631 contristabimini,
1588 4562 1678 4618 sed
1733 4564 1952 4616 tristitia

366 4663 538 4707 vestra
560 4663 789 4708 vertetur
811 4655 863 4708 in
892 4655 1164 4726 gaudium.

441 4742 868 4799 Sciscitantibus
906 4752 960 4800 et
1005 4745 1284 4801 curiosius
1338 4743 1748 4816 inquirentibus
1811 4747 1945 4818 quid

367 4836 472 4891 sibi
515 4837 718 4891 vellent
751 4837 915 4891 verba
962 4835 1302 4904 Servatoris,
1337 4837 1651 4909 passionem
1705 4839 1947 4894 declarat

367 4927 641 4997 apertius,
668 4935 722 4981 et
763 4935 970 4997 quanta
1003 4929 1108 4998 ipsi
1154 4929 1318 4984 laturi
1355 4937 1560 4995 essent,
1592 4932 1944 5000 praenuntiat,

371 5017 534 5087 idque
561 5019 972 5088 percommode.
1003 5019 1124 5074 Non
1160 5020 1306 5076 enim
1336 5027 1396 5075 ut
1425 5033 1819 5091 praematurum
1864 5023 1948 5079 eis

371 5118 638 5164 terrorem
675 5110 946 5180 injiceret,
982 5112 1084 5167 ista
1127 5110 1484 5181 praedicebat,
1529 5112 1625 5167 sed
1660 5120 1720 5166 ut
1763 5129 1953 5171 eorum

371 5201 690 5270 cognitione
712 5203 1022 5272 praemuniti
1048 5201 1314 5257 adversus
1342 5203 1575 5257 terroris
1612 5202 1954 5273 ingruentem

371 5291 632 5360 impetum
667 5290 927 5346 fortiores
979 5292 1299 5347 evaderent.
1330 5289 1489 5356 Quod
1529 5291 1676 5346 enim
1709 5291 1952 5348 futurum

367 5393 748 5454 exspectatur,
800 5385 1102 5439 molliorem
1162 5383 1328 5440 habet
1386 5398 1551 5454 quam
1608 5386 1752 5456 quod
1807 5388 1955 5442 nullo

368 5473 533 5529 modo
567 5484 825 5546 speratur
854 5475 1141 5546 impetum.
1187 5474 1324 5529 Cum
1353 5490 1485 5546 ergo
1533 5491 1652 5539 vos,
1683 5493 1718 5532 ο
1743 5478 1944 5533 sinceri

2054 3374 2494 3446 ἐγκεχωσμένον,
2519 3375 2594 3438 ὡς
2627 3374 2726 3445 ἥδη
2756 3375 2851 3427 καὶ
2895 3375 3116 3445 γλώσσῃ
3145 3372 3521 3442 διακτυπηθὲν
3552 3370 3642 3436 ἐξ-

2055 3467 2366 3520 επίσταται.
2409 3465 2474 3519 Τί
2503 3464 2614 3536 γὰρ
2652 3464 2718 3518 ἂν
2752 3465 2888 3529 ὅλως
2927 3465 3021 3518 καὶ
3041 3463 3190 3518 λάθοι
3223 3464 3314 3516 τὸν
3337 3456 3494 3534 ᾧπέρ
3525 3464 3644 3516 ἐστι

2055 3559 2124 3612 τὰ
2153 3557 2330 3611 πάντα
2349 3557 2572 3628 γυμνάς
2604 3556 2695 3609 Διὸ
2721 3556 2814 3610 καί
2844 3573 2977 3627 φησι
2995 3556 3132 3627 πρός
3153 3573 3273 3610 τινα
3302 3554 3411 3608 τῶν
3431 3555 3606 3622 ἁγίων
3626 3570 3640 3584 ·

2062 3669 2079 3701 ι
2107 3650 2201 3713 Τίς
2227 3641 2379 3712 οὗτος
2425 3649 2454 3700 ό
2495 3649 2754 3719 κρύπτων
2784 3665 2850 3718 με
2901 3647 3118 3718 βουλὴν,
3166 3647 3408 3717 συνέχων
3436 3645 3495 3698 δὲ
3541 3647 3644 3716 ρή-

2059 3759 2206 3812 ματα
2234 3743 2291 3794 ἐν
2325 3740 2545 3811 καρδία,
2581 3740 2682 3810 ἐμὲ
2703 3740 2875 3793 οἴεται
2909 3739 3212 3812 κρύπτειν;
3241 3757 3261 3790 ι
3293 3739 3506 3808 Ὠφελεῖ
3529 3755 3643 3790 τοι·

2053 3833 2259 3903 γαροῦν
2297 3833 2385 3886 διὰ
2415 3833 2632 3887 πάντων
2663 3833 2883 3897 αὐτοὺς,
2907 3835 2998 3886 καὶ
3018 3831 3117 3902 τὴν
3137 3831 3642 3903 παρεμπίπτουσαν

2055 3926 2312 3997 ἀφορμὴν
2343 3924 2619 3996 ἀσφαλοῦς
2643 3929 2736 3979 καὶ
2767 3924 3146 3978 ἀνενδοιάστου
3192 3924 3432 3987 πίστεως
3471 3925 3645 3977 eratsi.

2055 4035 2144 4072 ται
2167 4019 2382 4091 τροφόν.

2131 4113 2318 4179 Ἔγνω
2352 4105 2465 4165 οὖν
2488 4114 2520 4166 ό
2559 4111 2798 4178 Ἰησοῦς
2819 4112 2908 4165 ὅτι
2932 4110 3155 4178 ἤθελον
3175 4108 3364 4163 αὐτὸν
3388 4107 3639 4177 ἐρωτᾷν,

2058 4201 2155 4255 καὶ
2180 4197 2351 4256 εἶπεν
2387 4201 2610 4268 αὐτοῖς·
2644 4203 2782 4270 Περὶ
2810 4204 3027 4257 τούτου
3057 4197 3277 4268 ζητεῖτε
3292 4198 3421 4269 μετ’
3447 4199 3640 4264 ἀλλή-

2055 4291 2201 4351 λων,
2227 4287 2315 4341 ὅτι
2345 4285 2518 4342 εἷπον
2541 4305 2554 4319 ⁸
2599 4290 2847 4357 Μικρὸν,
2887 4289 2984 4342 καὶ
3013 4291 3085 4344 οὐ
3117 4287 3385 4357 θεωρεῖτέ
3413 4305 3510 4357 με,
3545 4288 3643 4344 καὶ

2055 4379 2243 4433 πάλιν
2265 4380 2505 4449 μικρὸν,
2541 4381 2639 4434 καὶ
2669 4380 2896 4450 ὄψεσθέ
2919 4399 3036 4451 με;
3071 4380 3270 4449 Ἀμὴν,
3293 4379 3458 4448 ἀμὴν
3487 4379 3644 4446 λέγω

2056 4472 2219 4540 ὑμῖν,
2256 4473 2346 4539 ὅτι
2394 4475 2694 4528 κλαύσετε
2757 4473 2857 4528 καὶ
2904 4473 3239 4542 θρηνήσετε
3275 4472 3469 4542 ὑμεῖς,
3501 4475 3535 4526 ό
3575 4472 3644 4523 δὲ

2059 4566 2288 4631 κόσμος
2322 4567 2649 4634 χαρήσεται
2669 4582 2684 4596 ⁸
2715 4566 2884 4635 ὑμεῖς
2915 4566 2983 4620 δὲ
3006 4566 3466 4635 λυπηθήσεσθε,
3501 4565 3642 4618 ἀλλ’

2056 4656 2096 4724 ή
2132 4657 2299 4724 λύπη
2332 4655 2502 4726 ὑμῶν
2525 4659 2613 4722 εὶς
2636 4657 2828 4726 χαρὰν
2853 4657 3189 4727 γενήσεται.

2125 4748 2556 4803 Φιλοπευστοῦσι
2585 4749 2705 4804 λίαν
2738 4750 2944 4816 αὐτοῖς,
2973 4750 3069 4802 καὶ
3107 4748 3534 4820 περιεργότερον
3559 4747 3641 4812 ἐξ-

2055 4839 2310 4903 ετάζουσι
2339 4839 2447 4894 τῶν
2489 4841 2796 4912 εἰρημένων
2838 4841 2937 4912 τὴν
2973 4841 3235 4912 δύναμιν,
3295 4839 3640 4910 σαφεστέραν

2058 4933 2290 4984 ποιεῖται
2325 4932 2424 5002 τὴν
2448 4931 2542 4984 τοῦ
2583 4931 2791 4995 πάθους
2823 4932 3108 5002 ἐξήγησιν,
3136 4932 3228 4984 καὶ
3245 4931 3383 5002 ὅπερ
3412 4929 3640 4999 ἔμελλον

2059 5021 2482 5091 ὑποστήσεσθαι.
2511 5022 2671 5075 τοῦτο
2701 5021 2862 5077 πάλιν
2909 5024 3094 5085 αὐτοῖς
3134 5022 3444 5093 προειδέναι
3480 5017 3640 5090 χαρί-

2055 5114 2228 5178 ζεται,
2246 5114 2340 5166 καὶ
2365 5113 2570 5185 σφόδρα
2593 5115 2904 5185 χρησίμως.
2930 5116 3004 5167 Οὐ
3022 5115 3133 5184 γὰρ
3161 5114 3250 5166 ἵνα
3274 5113 3530 5184 πρόωρον
3556 5114 3641 5164 ὲν-

2054 5205 2187 5276 τέκῃ
2231 5205 2323 5258 τὸν
2351 5203 2602 5276 θόρυϐον,
2624 5206 2693 5260 τὰ
2723 5206 2947 5259 τοιαῦτα
2973 5204 3315 5278 προμηνύειν
3339 5202 3481 5274 ᾤετο
3507 5203 3636 5264 δεῖν,

2053 5295 2167 5348 ἀλλ’
2207 5295 2293 5348 ἶνα
2322 5297 2387 5366 τῇ
2422 5296 2619 5364 γνώσει
2659 5296 3215 5367 προκεχαλκευμένοι,
3249 5292 3638 5364 νεανικώτεροί

2053 5405 2170 5452 πως
2207 5387 2554 5459 εὑρίσκοιντο
2596 5388 2734 5460 πρὸς
2779 5389 2876 5460 τὴν
2913 5387 3008 5442 τοῦ
3039 5387 3271 5459 θορύϐου
3305 5385 3634 5455 προσϐολήν.

2052 5477 2124 5530 To
2154 5476 2261 5548 γὰρ
2290 5476 2508 5532 ἔσεσθαι
2538 5477 2904 5549 προσδοκηθὲν
2954 5478 3049 5532 τοῦ
3080 5477 3326 5549 μηδόλως
3354 5472 3637 5528 ἐλπισθέν-

368 5572 533 5635 atque
590 5566 900 5620 charissimi
954 5566 1255 5636 discipuli,
1309 5577 1550 5622 vestrum
1618 5569 1812 5623 ducem
1879 5583 1944 5624 ac

2061 5586 2140 5632 τος
2172 5568 2528 5641 άπαλωτέραν
2557 5569 2670 5640 ἔχει
2699 5571 2797 5641 τὴν
2827 5571 3032 5640 ἔφοδον.
3067 5572 3239 5626 Ὅταν
3267 5569 3452 5624 τοίνυν
3479 5565 3636 5636 ὑμεῖς

440 5741 522 5794 "l
552 5741 694 5798 Petr.
733 5746 917 5810 "1,19.
995 5749 1040 5779 ⁷⁸
1081 5746 1214 5803 Luc.
1251 5765 1287 5814 ι,
1328 5749 1416 5802 79.
1493 5750 1539 5780 ⁷³
1579 5749 1697 5803 Act.
1732 5763 1777 5813 ι,
1817 5746 1870 5814 6,
1897 5746 1951 5801 7.

2061 5748 2074 5779 '
2115 5748 2280 5806 Hebr.
2317 5767 2400 5821 Iv,
2437 5751 2523 5804 15.

2641 5750 2682 5781 ⁸¹
2709 5746 2810 5803 Job
2846 5764 2954 5804 xm
2981 5789 2995 5815 ,
3024 5748 3077 5802 5.
