3868 6200
217 311 325 367 457

1248 312 1315 368 ΙΝ
1352 313 1639 371 JOANNlS
1678 313 2130 371 EVANGELIUM
2173 313 2300 368 LIB.
2344 312 2434 367 XI.

3357 311 3465 369 £58

216 426 265 478 οι
296 423 530 493 γνήσιοι,
562 422 657 475 καὶ
684 422 873 495 ἀγάπη
902 426 971 495 τῇ
997 424 1132 494 πρὸς
1164 426 1264 496 ἐμὲ
1294 429 1777 499 κατημφιεσμένοι,

1886 431 2210 501 magistrum
2240 426 2452 483 Iudaici
2478 426 2682 481 furoris
2718 425 2958 483 nefarios
2982 443 3171 492 ausus,
3201 428 3460 499 injurias-

214 513 307 565 τὸν
328 510 519 565 ἑαυτὸν
552 510 668 584 [τρ.
703 512 935 586 ἑαυτῶν]
965 514 1205 586 θεωρῆτε
1236 519 1558 590 καθηγητὴν
1587 521 1682 573 καὶ
1708 520 1789 573 δι-

214 601 501 666 δάσκαλον,
533 601 601 655 τά
635 604 700 656 ὲκ
729 604 830 673 τῆς
872 604 1168 677 Ἰουδαϊκῆς
1208 608 1548 678 ὑπομένοντα
1597 626 1791 681 παροι-

215 694 352 757 νίας,
385 693 570 765 ὕϐρεις
594 712 655 747 τε
686 696 780 748 καὶ¹
804 695 1129 766 αἰκίσματα,
1160 700 1252 752 καὶ
1276 699 1346 752 τά
1374 701 1439 753 ὲκ
1458 704 1558 772 τῆς
1590 702 1788 754 ἀτόπου

217 786 413 856 μανίας
443 786 789 857 τολμήματα,
818 787 939 840 τότε
958 787 1022 858 δὴ
1051 788 1337 854 κλαύσετε,
1355 790 1448 844 καὶ
1469 790 1785 863 θρηνήσετε,

212 881 514 949 χαρήσεται
561 878 619 932 δὲ
650 881 677 932 ὁ
714 880 938 950 κόσμος,
968 880 1112 933 τοῦτ’
1159 880 1327 946 ἔστιν,
1356 884 1403 935 οἱ
1442 886 1660 954 φρονεῖν
1690 885 1790 937 οὐκ

212 969 415 1032 εἰδότες
459 970 531 1021 τά
558 970 818 1024 δοκοῦντα
859 970 980 1042 Θεῷ
1018 972 1461 1042 προσηλωθέντες
1501 974 1558 1027 δὲ
1601 973 1788 1046 ῶσπερ

210 1062 330 1122 ταῖς
366 1064 663 1131 κοσμικαῖς
706 1061 945 1132 ἡδοναῖς.
995 1063 1255 1132 Σημαίνει
1282 1063 1339 1115 δὲ
1390 1064 1552 1118 πάλιν
1593 1066 1695 1125 τήν
1728 1083 1787 1118 τε

210 1151 473 1221 ἀγελαίαν
500 1153 595 1205 καὶ
628 1152 944 1223 συρφετώδη
985 1152 1094 1205 τῶν
1132 1154 1400 1207 Ἰουδαίων
1429 1153 1661 1225 πληθὺν,
1692 1157 1789 1209 καὶ

209 1243 319 1296 τῶν
352 1243 713 1312 καθηγεῖσθαι
750 1244 1023 1314 λαχόντων
1052 1244 1112 1297 τὸ
1142 1245 1396 1315 θεομισὲς
1428 1247 1524 1299 καὶ
1570 1246 1787 1300 ἀνόσιον

212 1336 422 1405 στίφος,
454 1335 826 1408 Γραμματέας
852 1353 913 1389 τε
952 1336 1048 1389 καὶ
1083 1337 1434 1406 Φαρισαίους,
1465 1338 1514 1391 οἳ
1550 1341 1663 1402 τοῖς
1690 1338 1785 1392 τοῦ
1840 1384 1851 1395 .

210 1426 464 1496 Σωτῆρος
494 1426 924 1490 ὲπιτωθάζοντες
951 1431 1296 1499 πειρασμοῖς,
1328 1429 1498 1482 πολλά
1525 1429 1665 1484 κατὰ
1688 1432 1788 1502 τῆς

209 1518 422 1571 ἑαυτῶν
477 1517 810 1587 ἐφθέγγοντο
864 1518 1147 1587 κεφαλῆς,
1185 1519 1318 1572 ποτὲ
1369 1520 1469 1591 μὲν
1500 1519 1779 1588 λέγοντες·

214 1630 231 1661 ‹
262 1612 325 1663 Ei
358 1610 487 1672 Υἱὸς
521 1605 573 1662 εἶ
600 1609 693 1661 τοῦ
726 1609 884 1674 Θεοῦ,
921 1609 1190 1680 κατάϐηθι
1222 1610 1317 1665 νῦν
1353 1610 1460 1664 ἀπὸ
1484 1610 1579 1664 τοῦ
1619 1628 1785 1666 σταυ-

211 1702 324 1772 ροῦ,
350 1704 443 1755 καὶ
473 1701 838 1773 πιστεύσομεν
871 1720 953 1756 σοι
973 1719 985 1730 '
1022 1722 1041 1753 ι
1075 1703 1203 1756 ποτὲ
1235 1703 1292 1756 δὲ
1316 1703 1508 1757 πάλιν
1548 1723 1567 1754 ι
1602 1705 1660 1756 '0
1688 1721 1787 1757 κα-

1892 536 1997 590 que
2024 528 2079 574 et
2114 520 2300 591 plagas
2333 518 2442 589 pati
2491 518 2767 583 videbitis,
2806 526 2936 572 tunc
2982 534 3117 575 sane
3169 520 3459 590 plorabitis

1891 620 1945 665 et
1975 611 2231 680 lugebitis
2255 652 2270 676 ,
2300 609 2542 665 mundus
2571 616 2755 663 autem
2784 609 3061 680 gaudebit,
3098 611 3201 666 hoc
3227 619 3331 677 est,
3364 613 3458 682 qui

1892 715 2084 770 sapere
2136 707 2416 772 nequequ
2465 716 2589 771 quae
2639 698 2749 754 Deo
2798 700 3061 770 placent,
3117 702 3214 756 sed
3271 702 3461 757 mundi

1890 793 2263 862 voluptatibus
2294 791 2700 863 quodammodo
2731 801 2861 847 sunt
2888 791 3055 845 afﬁxi.
3089 792 3302 848 Rursus
3330 807 3461 848 vero

1890 885 2161 956 significat
2188 885 2351 939 vilem
2382 892 2436 939 et
2468 882 2739 953 abiectam
2780 883 2927 936 illam
2957 881 3269 938 Judaaorum
3316 883 3463 938 mul-

1888 975 2201 1041 titudinem,
2261 985 2316 1031 et
2348 975 2659 1046 principum
2692 982 2969 1028 catervam
3012 974 3122 1030 Deo
3156 991 3378 1031 exosam
3409 986 3464 1032 et

1888 1070 2134 1139 impiam,
2168 1066 2393 1123 Scribas
2424 1067 2683 1121 nimirum
2723 1075 2779 1120 et
2816 1065 3147 1130 Pharisaeos,
3183 1068 3298 1138 qui,
3333 1068 3465 1123 Ser-

1887 1160 2097 1215 vatoris
2143 1160 2475 1213 tentationes
2510 1157 2941 1220 subsannantes,
2991 1159 3163 1213 multa
3209 1161 3263 1213 in
3299 1176 3461 1214 suum

1888 1260 2054 1320 caput
2092 1250 2530 1313 deblaterabant,
2569 1249 2734 1303 modo
2770 1248 2990 1319 quidem
3052 1254 3299 1306 aicntes:
3344 1271 3362 1303 ι
3402 1250 3460 1306 Si

1886 1340 2057 1397 Filius
2086 1341 2177 1395 Dei
2212 1356 2292 1405 es,
2346 1338 2621 1395 descende
2657 1355 2801 1394 nunc
2854 1339 2922 1394 de
2954 1355 3119 1396 cruce
3140 1383 3153 1407 ,
3187 1350 3242 1396 et
3273 1343 3463 1397 crede-

1888 1448 2012 1487 mus
2042 1433 2171 1497 tibi;
2198 1452 2217 1484 ι
2244 1431 2404 1486 modo
2429 1446 2593 1486 vero:
2618 1451 2638 1482 c
2660 1431 2762 1497 Qui
2795 1432 3037 1487 destruis
3060 1433 3317 1501 templum
3338 1433 3456 1495 Dei.

1886 1533 1941 1579 et
1974 1525 2028 1578 in
2055 1524 2238 1578 triduo
2266 1521 2754 1587 retedificasillud,
2783 1523 2935 1577 salva
2961 1522 3308 1591 temetipsum
3333 1523 3400 1577 ⁸⁸.
3431 1543 3450 1575 ι

1885 1614 1995 1671 Ista
2022 1615 2221 1686 quippe
2242 1613 2413 1668 Judaei
2441 1614 2651 1668 nefaria
2684 1629 2782 1667 sua
2816 1613 2999 1684 lingua
3038 1614 3453 1682 despumabant.

1888 1706 1994 1761 Sed
2026 1706 2341 1766 mundanis,
2376 1706 2577 1776 inquit,
2611 1707 2725 1760 haec
2753 1706 3087 1761 facientibus
3117 1718 3282 1776 atque
3310 1710 3460 1761 voci-

207 1792 418 1847 ταλύων
458 1794 550 1847 τὸν
590 1794 738 1857 ναὸν,
771 1794 866 1848 καὶ
915 1795 973 1846 ὲν
1004 1794 1181 1865 τρισὶν
1217 1794 1453 1865 ἡμέραις
1484 1795 1777 1865 οἰκοδομῶν

1886 1794 2211 1861 ferantibus,
2252 1812 2351 1851 vos
2404 1796 2625 1865 quidem
2675 1796 3159 1860 contristabimini,
3208 1797 3303 1852 sed
3347 1812 3455 1851 non

206 1884 390 1949 αὑτὸν,
422 1884 595 1937 σῶσον
621 1885 866 1939 σεαυτόν.
894 1904 913 1935 ι
943 1884 1117 1938 Ταυτὶ
1150 1884 1259 1957 γὰρ
1286 1885 1351 1956 δὴ
1386 1887 1482 1955 τῆς
1514 1885 1783 1939 Ἰουδαίων

207 1973 531 2046 παμμιάρου
568 1974 816 2045 γλώττης
855 1975 925 2029 τά
984 1974 1409 2047 ἀποῦράσματα.
1448 1975 1586 2029 Ἀλλ’
1639 1974 1783 2030 οὕτω

205 2066 629 2136 πεφρονηκότων
689 2065 797 2119 τῶν
838 2066 896 2119 έν
934 2066 1162 2136 κόσμῳ,
1218 2066 1387 2137 φησὶ,
1436 2066 1685 2138 δρώντων
1719 2084 1779 2120 τε

205 2159 320 2227 ἃμα
350 2158 445 2210 καὶ
479 2156 889 2227 φθεγγομένων,
922 2157 1300 2230 λυπηθήσεσθε
1333 2160 1433 2230 μὲν
1466 2160 1646 2229 ὑμεῖς,
1681 2161 1782 2213 οὐκ

203 2249 283 2309 είς
326 2248 537 2318 μακρὸν
589 2248 645 2301 δὲ
691 2247 852 2300 τοῦτο
899 2247 1163 2310 παθόντες
1212 2248 1515 2319 διαμενεῖτε
1566 2250 1775 2320 χρόνον.

202 2341 619 2412 Μεταστήσεται
638 2340 748 2411 γάρ
765 2342 797 2410 ἡ
815 2338 958 2409 λύπη
990 2340 1125 2410 πρὸς
1154 2340 1349 2411 χαράν.
1379 2340 1779 2411 Ἀναὸιώσομαι

200 2432 331 2501 γὰρ,
367 2432 460 2484 καὶ
486 2430 696 2500 ἀφανιῶ
739 2430 1014 2494 παντελῶς
1042 2431 1144 2501 τῆς
1176 2431 1477 2501 κατηφείας
1504 2432 1605 2504 τὴν
1644 2433 1779 2502 πρό-

201 2527 389 2593 φασιν,
419 2522 723 2595 περιστελῶ
750 2523 808 2577 δὲ
835 2523 897 2576 τὸ
932 2524 1189 2594 δάκρυον,
1223 2524 1318 2578 καὶ
1350 2525 1486 2594 πρὸς
1515 2523 1780 2595 εὐθυμίαν

198 2615 520 2685 ἀνακομίσω
541 2614 763 2687 διηνεκῆ
787 2616 879 2668 καὶ
910 2617 1211 2686 ἀμήρυτον.
1241 2616 1640 2687 ’Δκατάληκτος
1669 2617 1779 2689 γὰρ

200 2711 232 2779 ἡ
263 2709 377 2761 τῶν
411 2701 585 2776 ἁγίων
623 2709 787 2779 χαρά.
815 2711 888 2779 Ζῇ
913 2708 1023 2779 γὰρ
1062 2710 1142 2771 είς
1167 2708 1254 2761 ἀεὶ
1286 2709 1537 2779 Χριστὸς,
1560 2709 1778 2762 λέλυται

195 2801 254 2852 δὲ
284 2802 378 2853 καὶ
406 2802 437 2852 ὁ
462 2801 677 2853 πάντων
709 2799 939 2864 θάνατος
974 2801 1041 2853 δι’
1089 2800 1275 2854 αὐτοῦ.
1322 2800 1462 2853 Ἀλλ’
1496 2800 1611 2853 ἔστι
1659 2818 1777 2864 πως

197 2892 495 2945 ἀκόλουθον
519 2893 742 2958 ἐννοεῖν,
762 2893 843 2945 ὅτι
868 2893 931 2961 δὴ
961 2892 1177 2954 πάντως
1207 2893 1301 2945 καὶ
1341 2895 1452 2956 τοῖς
1483 2894 1540 2946 ὲν
1587 2893 1778 2964 κόσμῳ

196 2982 396 3037 παθεῖν
418 2983 478 3049 ἐξ
513 2984 876 3054 ἀντιστρόφου
912 2983 1255 3053 συμϐήσεται
1302 2982 1362 3036 τὸ
1391 2984 1678 3036 λυπεῖσθαι
1701 2985 1774 3036 δι-

194 3076 431 3144 ηνεκῶς.
469 3075 532 3128 Εί
560 3077 669 3145 γάρ
697 3077 927 3147 ἐπείπερ
976 3075 1213 3129 ἀπέθανε
1256 3074 1399 3129 κατὰ
1432 3077 1609 3146 σάρκα
1638 3078 1776 3148 Χρι-

195 3167 351 3229 στὸς,
384 3166 716 3235 λελύπηνται
752 3166 848 3236 μὲν
879 3168 928 3218 οἱ
951 3165 1185 3235 γνήσιοι,
1218 3166 1394 3237 χαρὰν
1426 3166 1486 3219 δὲ
1512 3166 1574 3217 τὸ
1605 3166 1776 3229 πάθος

1883 1886 2046 1957 longo
2081 1894 2327 1957 tempore
2352 1885 2402 1939 id
2433 1886 2742 1956 perferetis.
2770 1887 3018 1942 Tristitia
3045 1888 3190 1941 enim
3216 1898 3455 1942 vertetur

1882 1977 1938 2030 in
1968 1976 2246 2047 gaudium.
2285 1974 2590 2044 Resurgam
2627 1975 2852 2045 quippe,
2890 1981 2944 2029 et
2989 1974 3198 2028 doloris
3230 1988 3453 2027 causam

1882 2068 2098 2137 penitus
2124 2067 2337 2130 delebo,
2359 2066 2619 2121 inhibebo
2645 2067 2936 2136 lacrymas,
2960 2074 3013 2119 et
3042 2065 3112 2118 ad
3136 2074 3452 2134 perpetuam

1880 2159 2047 2213 animi
2101 2159 2345 2214 laztitiam
2382 2159 2678 2215 revocabo.
2729 2156 3065 2227 Perpetuum
3118 2156 3454 2226 quippe'est

1880 2258 2197 2305 sanctorum
2231 2250 2513 2321 gaudium.
2543 2250 2693 2304 Vivit
2746 2250 2889 2305 enim
2917 2247 3173 2304 Christus
3208 2250 3264 2302 in
3294 2256 3455 2305 mter-

1879 2356 2032 2405 num,
2062 2350 2117 2396 et
2146 2356 2293 2396 mors
2326 2342 2570 2395 omnium
2608 2340 2771 2411 935
2797 2341 2975 2395 soluta
3004 2350 3086 2395 est
3121 2356 3219 2410 per
3249 2341 3451 2410 ipsum.

1880 2433 1984 2489 Sed
2029 2440 2463 2487 consentaneum
2518 2440 2604 2486 est
2646 2430 3104 2493 animadvertere,
3142 2430 3452 2487 mundanus

1878 2525 2133 2581 homines
2174 2524 2420 2580 vicissim
2474 2533 2740 2594 perpetuo
2770 2524 2825 2577 in
2875 2524 3027 2577 luctu
3088 2522 3328 2577 futuros.
3389 2521 3448 2577 Si

1876 2619 2021 2671 enim
2063 2630 2129 2670 eo
2182 2616 2325 2685 quod
2381 2614 2640 2670 Christus
2710 2623 2963 2669 mortuus
3032 2624 3114 2669 est
3145 2614 3449 2670 secundum

1877 2706 2369 2770 carnem,tristitia
2396 2706 2618 2776 quidem
2648 2704 2828 2762 affecti
2858 2713 2987 2760 sunt
3017 2706 3143 2775 ejus
3169 2705 3449 2775 discipuli,

1877 2799 1973 2854 sed
2004 2815 2069 2853 ex
2102 2798 2249 2853 illius
2286 2798 2547 2852 (erumnis
2574 2800 2796 2867 gavisus
2825 2807 2907 2853 est
2936 2796 3197 2862 mundus,
3222 2799 3451 2851 omnino

1875 2891 2156 2946 destructa
2183 2899 2361 2945 morte
2391 2898 2445 2945 et
2467 2891 2846 2960 corruptione,
2876 2900 2930 2945 et
2947 2890 3239 2945 Servatore
3264 2899 3452 2946 nostro

1877 2998 1907 3036 a
1961 2984 2199 3038 mortuis
2254 2982 2516 3045 excitato,
2574 2990 2815 3035 mutatus
2865 2990 2951 3037 est
3014 2983 3222 3038 sanctis
3272 2983 3451 3038 luctus

1877 3072 1931 3125 in
1958 3072 2238 3142 gaudium,
2269 3070 2365 3126 sed
2400 3071 2693 3125 mundanis
2734 3071 2788 3125 in
2839 3072 3044 3125 luctum
3078 3079 3322 3127 vertetur
3356 3074 3449 3128 le:-

1803 3149 1845 3204 C
1880 3165 2019 3219 titia.

189 3261 220 3312 ὁ
261 3258 472 3328 κόσμος
516 3259 849 3327 ἐποιήσατο·
898 3257 1340 3326 καταργηθέντος
1378 3256 1443 3327 δὴ
1472 3255 1565 3309 τοῦ
1611 3256 1863 3320 θανάτου,
1934 3257 2028 3309 καὶ
2095 3256 2196 3325 τῆς
2268 3254 2503 3324 φθορᾶς,
2558 3256 2648 3307 καὶ
2694 3255 3070 3319 διαναστάντος
3112 3259 3175 3308 ἐκ
3244 3255 3451 3327 νεκρῶν

190 3348 291 3401 τοῦ
314 3349 570 3419 Σωτῆρος
608 3348 766 3418 ἡμῶν
796 3347 1053 3419 Χριστοῦ,
1085 3347 1432 3417 μετεστράφη
1457 3349 1569 3409 τοῖς
1603 3345 1779 3415 ἁγίοις
1817 3345 1880 3400 τδ
1910 3346 2105 3410 πένθος
2148 3349 2227 3409 εἰς
2258 3345 2427 3417 χαράν
2449 3358 2462 3371 ·
2509 3346 2885 3414 μετοικήσεται
2926 3345 2981 3396 δὲ
3049 3345 3289 3417 δηλονότι
3355 3345 3452 3399 καὶ

190 3446 308 3506 τοῖς
333 3445 396 3495 ὲν
426 3442 618 3512 κόσμῳ
652 3442 789 3511 πρὶς
821 3441 1015 3503 πένθος
1046 3443 1080 3511 ἡ
1108 3440 1272 3511 χαρά.

274 3538 347 3592 Ἦ
379 3536 536 3606 γυνὴ
572 3538 718 3591 ὅταν
755 3539 923 3606 τίκτῃ
954 3538 1160 3604 λύπην
1196 3536 1345 3605 ἔχει,
1374 3535 1463 3588 ὅτι
1515 3530 1703 3606 ἦλθεν
1730 3536 1771 3604 ἠ

186 3633 314 3699 ὥρα
350 3630 573 3699 αὐτῆς·
612 3630 758 3682 ὅταν
788 3628 857 3681 δὲ
884 3628 1149 3699 γεννήσῃ
1188 3627 1253 3681 τὸ
1288 3627 1550 3689 παιδίον,
1574 3625 1773 3681 οὐκέτι

186 3726 560 3797 μνημονεύει
616 3720 730 3789 τῆς
782 3721 1043 3788 θλίψεως
1066 3758 1081 3782 ,
1136 3719 1236 3773 διὰ
1270 3718 1387 3787 τὴν
1434 3718 1649 3788 χαρὰν,
1683 3718 1772 3772 ὅτι

188 3816 494 3889 ἐγεννήθη
540 3814 854 3880 ἅνθρωπος
894 3814 981 3877 εὶς
1012 3812 1118 3866 τὸν
1154 3812 1407 3880 κόσμον.
1456 3810 1566 3865 Καὶ
1603 3810 1773 3879 ὑμεῖς

185 3908 309 3966 οὖν
336 3910 547 3975 λύπην
570 3906 688 3975 μὲν
706 3905 823 3958 νῦν
849 3904 1038 3973 ἔχετε,
1055 3904 1245 3958 πάλιν
1265 3903 1333 3956 δὲ
1356 3904 1575 3972 ὄψομαι
1594 3901 1767 3972 ὑμᾶς.

186 4002 290 4056 καὶ
340 3998 671 4069 χαρήσεται
708 3994 876 4065 ὑμῶν
920 3996 959 4063 ἠ
1002 3997 1235 4065 καρδία,
1274 3994 1371 4048 καὶ
1416 3993 1531 4063 τὴν
1582 3994 1773 4064 χαρὰν

184 4090 368 4163 ὑμῶν
395 4088 595 4153 οὐδεὶς
621 4086 774 4154 αἷρει
814 4086 918 4154 ἀφ’
956 4084 1138 4156 ὑμῶν.

274 4180 577 4237 Ἐπιτείνεηι
602 4178 763 4232 πάλιν
796 4177 895 4247 τῆς
920 4177 1276 4249 παραμυθίας
1293 4177 1392 4248 τὴν
1414 4176 1651 4248 εὕρεσιν,
1678 4175 1773 4229 καὶ⁹

182 4270 280 4324 διὰ
336 4266 600 4321 ποικίλων
649 4265 869 4335 ἔρχεται
916 4264 1090 4332 λόγων
1122 4265 1458 4336 πανταχόθεν
1494 4266 1678 4328 αὐτοῖς
1712 4264 1774 4317 τὸ

180 4362 358 4433 δριμὺ
394 4358 491 4428 τῆς
507 4356 684 4426 λύπης
713 4354 1111 4425 ἀποκρούεσθαι
1135 4355 1327 4418 διδούς.
1348 4355 1460 4409 Θέα
1486 4354 1595 4426 γάρ
1622 4356 1769 4416 ὅπως

184 4449 516 4506 ἀναπείθειν
558 4445 838 4514 ἐπείγεται
874 4445 963 4498 διὰ
1017 4446 1337 4517 πράγματος
1388 4444 1649 4516 ἐναργοῦς
1688 4445 1769 4506 είς

180 4546 247 4597 τὸ
283 4541 498 4613 χρῆναι
532 4536 851 4607 τληπαθεῖν,
901 4537 997 4590 καὶ
1038 4537 1112 4607 μὴ
1146 4538 1351 4607 σφόδρα
1397 4537 1766 4607 καταναρκᾷν,

1948 3528 2091 3595 XVI,
2120 3529 2210 3595 2i,
2240 3529 2332 3583 22.
2374 3527 2573 3582 Mulier
2601 3545 2717 3582 cum
2751 3530 2914 3597 parit,
2964 3531 3240 3585 tristitiam
3271 3533 3446 3603 habet,

1876 3624 2001 3693 quia
2039 3622 2177 3675 venit
2217 3620 2351 3673 hora
2379 3620 2494 3688 ejus
2520 3634 2536 3670 :
2579 3635 2698 3671 cum
2722 3629 2896 3673 autem
2924 3622 3179 3688 pepererit
3204 3638 3446 3691 puerum,

1869 3718 1987 3786 jam
2011 3730 2113 3767 non
2148 3713 2384 3766 meminit
2413 3727 2697 3781 pressura’,
2751 3722 2962 3779 propter
2993 3714 3267 3782 gaudium,
3320 3718 3448 3786 quia

1878 3816 2036 3858 natus
2065 3814 2140 3857 est
2165 3802 2317 3857 homo
2342 3804 2394 3855 in
2429 3802 2703 3857 mundum.
2742 3802 2807 3854 Et
2833 3820 2917 3857 vos
2940 3804 3127 3873 igitur,
3160 3821 3296 3857 nunc
3326 3808 3446 3875 qui-

1876 3893 1993 3947 dem
2020 3893 2295 3945 tristitiam
2325 3890 2549 3955 habetis,
2584 3892 2775 3944 iterum
2820 3900 2994 3944 autem
3019 3892 3199 3947 videbo
3230 3910 3340 3957 vos,
3394 3905 3444 3949 et

1868 3983 2122 4055 gaudebit
2184 3999 2276 4037 cor
2317 3991 2571 4046 vestrum,
2607 3993 2659 4036 et
2713 3983 2969 4053 gaudium
3005 3994 3233 4039 vestrum
3292 4003 3443 4043 nemo

1870 4076 2013 4129 tollit
2049 4091 2081 4127 α
2116 4073 2279 4128 vobis.

1938 4164 2278 4219 Consolandi
2332 4167 2682 4219 occasionem
2752 4164 3084 4235 ampliﬁcat,
3166 4167 3446 4238 variisque

1871 4255 2225 4312 sermonibus
2271 4253 2618 4309 acerbissimi
2678 4254 2889 4310 doloris
2935 4257 3236 4311 amoliendi
3271 4261 3443 4313 ratio-

1875 4360 1999 4400 nem
2031 4345 2114 4399 eis
2140 4343 2359 4398 tribuit.
2396 4343 2535 4399 Vide
2564 4344 2714 4399 enim
2751 4354 2812 4399 ut
2858 4348 3149 4418 perspicua
3189 4348 3446 4404 similitu-

1875 4436 2001 4490 dine
2035 4438 2099 4489 ad
2136 4436 2350 4491 fortiter
2383 4452 2441 4491 se
2468 4435 2767 4507 gerendum
2808 4452 2905 4492 eos
2927 4439 3151 4504 excitet,
3180 4447 3235 4494 et
3258 4438 3325 4493 ad
3360 4441 3441 4495 la-

1877 4528 2038 4583 bores
2070 4537 2165 4582 aut
2202 4542 2477 4582 aerumnas
2511 4538 2736 4582 strenue
2768 4529 3178 4599 suscipiendas,
3209 4532 3356 4601 quod
3387 4534 3444 4587 in

181 4636 217 4705 ἢ
251 4635 483 4694 πόνους,
524 4627 784 4700 ἦλύπας,
832 4629 884 4680 εί
936 4628 1111 4698 πάντη
1159 4645 1218 4680 τε
1244 4629 1337 4680 καὶ
1381 4627 1772 4697 ἀπαραιτήτως

1882 4617 2133 4687 gaudium
2203 4633 2431 4689 prorsus
2488 4621 2631 4673 verti
2695 4619 2950 4674 debeant.
3010 4618 3249 4677 Fructus
3298 4624 3444 4678 enim

180 4725 449 4796 μέλλοιεν
474 4723 795 4791 έκτελευτᾷν
819 4721 897 4782 είς
926 4720 1120 4789 χαράν.
1136 4718 1359 4789 Καρπὺς
1381 4718 1489 4788 γάρ
1520 4735 1650 4788 φησι
1680 4735 1770 4771 πι-

1882 4709 2064 4762 acerbi
2124 4718 2317 4779 partus
2350 4724 2488 4779 puer
2544 4718 2651 4773 est,
2686 4711 2887 4779 inquit,
2944 4720 2998 4765 et
3035 4714 3304 4769 matribus
3335 4731 3447 4770 non

181 4818 336 4887 κρᾶς
376 4813 566 4875 ὠδῖνος
594 4813 655 4865 τὸ
685 4812 903 4881 βρέφος,
937 4811 1032 4869 καὶ
1052 4809 1140 4862 διὰ
1182 4809 1358 4862 πόνων
1402 4808 1619 4880 ἔρχεται
1650 4812 1770 4871 ταῖς

184 4907 478 4978 μητράσιν
508 4906 540 4974 ἡ
572 4904 664 4957 ἐπὶ
700 4906 905 4963 τέκνοις
939 4900 1103 4970 χαρά.
1150 4899 1288 4952 Ἀλλ’
1319 4899 1478 4970 εἴπερ
1509 4898 1769 4968 ὤφθησαν

178 5000 242 5049 ὲν
274 4996 488 5065 ἀρχαῖς
520 4994 655 5066 πρὸς
685 4993 811 5055 τοὺς
867 4992 958 5043 ἐπὶ
1004 4986 1123 5051 ταῖς
1161 4988 1345 5040 ὠδῖσιν
1383 4987 1769 5057 ἀπαυδήσασαι

178 5088 420 5147 πόνους,
447 5082 556 5135 οὐδ’
579 5081 644 5135 ἂν
670 5082 807 5143 ὅλως
832 5081 1116 5150 κυοφορεῖν
1137 5078 1431 5146 ἠθέλησαν,
1463 5078 1555 5130 τὸν
1578 5077 1768 5131 τούτου

179 5175 492 5249 παραίτιον
514 5172 799 5244 διαδρᾶσαι
850 5170 1048 5240 γάμον,
1091 5168 1206 5220 ἀλλ’
1255 5168 1364 5220 οὐδ’
1411 5166 1477 5221 ἂν
1526 5169 1772 5235 ἐγένοντο

181 5267 438 5338 μητέρες
468 5263 725 5328 πώποτε,
771 5260 1103 5332 τριποθήτου
1162 5275 1222 5312 τε
1277 5258 1373 5311 καὶ
1438 5258 1769 5312 πολυεύκτου

177 5356 531 5427 πράγματος
560 5351 628 5403 δι’
655 5350 815 5403 ὄκνον
848 5346 1230 5400 ἐκπίπτουσαι.
1274 5345 1430 5397 Κατά
1464 5342 1648 5396 τοῦτον
1674 5339 1769 5397 οὖν

177 5450 296 5519 ἄρα
320 5446 421 5498 τὸν
443 5444 663 5514 τρόπον,
698 5442 792 5495 καὶ
817 5440 945 5510 ὑμῖν
970 5438 1152 5499 αὐτοῖς
1177 5438 1278 5489 οὐκ
1302 5434 1494 5506 ἀμισθὶ
1518 5435 1579 5488 τὸ
1612 5434 1773 5505 ἀλγῆ-

180 5556 281 5591 σαι
308 5533 673 5605 συμϐήσεται.
698 5527 1021 5601 Χαρήσεσθε
1047 5527 1174 5597 γὰρ,
1198 5527 1326 5579 ὅταν
1354 5525 1499 5579 ἴδητε
1523 5524 1672 5592 ξένον
1692 5524 1772 5596 τῷ

257 5715 310 5747 ⁸⁸
346 5710 543 5769 Natth.
574 5726 748 5775 xxv",
779 5708 872 5774 ιο,
901 5710 992 5765 42.

540 5811 775 5867 Parem.
835 5804 953 5866 Gn.
1000 5805 1272 5866 LXXIV.

1877 4801 1995 4855 sine
2023 4802 2363 4871 gravissimis
2392 4803 2672 4858 laboribus
2701 4804 2936 4873 obtingit
2990 4805 3251 4875 gaudium
3306 4807 3445 4861 libe-

1877 4908 2087 4947 rorum.
2115 4893 2186 4946 At
2207 4895 2251 4947 si
2288 4902 2477 4963 partus
2495 4895 2712 4949 dolores
2746 4895 2905 4950 initio
2940 4906 3316 4961 recusassent,
3343 4914 3447 4954 nec

1876 4995 2091 5039 uterum
2124 5001 2312 5055 gerere
2353 4986 2677 5050 voluissent,
2733 4987 3037 5056 repudiatis
3072 4990 3278 5060 nuptiis
3302 5031 3319 5056 ,
3377 5007 3447 5047 ne

1874 5086 2080 5133 matres
2107 5078 2329 5146 quidem
2363 5077 2596 5134 fuissent
2628 5094 2896 5148 unquam,
2948 5081 3182 5135 multum
3214 5084 3445 5152 optabili

1872 5178 1925 5224 et
1957 5170 2281 5241 gravissima
2309 5185 2370 5225 re
2398 5171 2469 5225 ob
2496 5170 2773 5242 ignaviam
2826 5172 3052 5227 orbatae.
3085 5173 3283 5228 Eadem
3333 5174 3441 5227 ita-

1872 5278 1979 5332 que
2018 5262 2231 5316 ratione
2270 5262 2429 5316 vobis
2456 5276 2676 5331 quoque
2702 5260 2839 5331 ipsis
2871 5261 3030 5316 dolor
3059 5263 3307 5319 mercede
3329 5280 3439 5318 non

1874 5348 2105 5403 carebit.
2142 5347 2464 5403 Gaudebitis
2497 5350 2667 5414 enim,
2691 5365 2818 5403 cum
2859 5349 3116 5406 videbitis
3137 5352 3437 5407 mirabilem

1876 5455 2104 5509 puerum
2146 5442 2350 5495 mundo
2372 5440 2606 5504 editum,
2636 5441 3109 5511 incorruptibilem
3168 5457 3233 5498 ac
3266 5444 3439 5497 inter-

1878 5534 1989 5588 itus
2012 5544 2311 5588 exoertem.
2361 5530 2613 5590 Seiosum
2662 5532 2920 5587 nimirum
2979 5532 3183 5588 innuit.
3236 5532 3440 5605 Perpe-

3050 5793 3124 5855 15
