3868 6200
387 271 507 336 -ιδο

1389 267 1762 326 εροῒῐιιιιιι
1801 262 2274 322 ALEXANDRINI
2314 259 2635 319 ARCHIEP.

3550 254 3655 306 460

405 404 560 450 tuum
579 403 758 448 autem
777 399 832 446 ct
851 388 1145 446 indelebile
1166 386 1430 457 gaudium
1449 387 1519 444 de
1541 387 1727 457 seipse
1743 385 1860 441 fore
1880 386 1977 439 ait.

2107 384 2274 454 ιόσμῳ
2303 381 2515 436 παιδίον
2545 377 2862 448 ἁποτεχθὲν,
2903 373 3181 446 ἄφθαρτον
3208 389 3267 425 τε
3315 369 3410 424 καὶ
3452 367 3656 422 ἀνώλε-

403 486 566 542 Juxta
599 480 757 539 Pauli
803 497 992 538 vocem
1036 481 1267 547 etenim,
1319 476 1764 533 itnO'secundum
1808 475 1982 544 ipsam

394 572 732 635 'Veritatem:
758 595 777 628 ι
810 574 989 630 Semel
1018 584 1288 636 mortuus,
1307 570 1452 626 ultra
1479 579 1586 624 non
1614 568 1848 624 moritur
1866 556 1933 620 ⁸³.
1962 585 1981 618 ι

409 670 614 726 Stabile
665 670 828 739 igitur
861 678 916 722 et
947 673 1272 737 perpetuum
1320 670 1406 718 est
1431 659 1712 734 gaudium
1757 661 1822 714 de
1857 657 1977 724 illo,

404 760 528 830 jure
555 759 608 814 id
649 757 888 827 quidem.
937 754 1071 809 Nam
1101 753 1148 809 si
1185 753 1391 808 Christi
1459 766 1608 807 mors
1663 749 1983 806 maestitiam

407 852 567 906 nobis
625 850 828 910 attulit,
861 849 990 918 quis
1030 845 1303 918 gaudium
1364 843 1578 898 tolleta
1638 841 1825 906 nobis,
1887 840 1983 910 qui

407 943 618 998 scimus
650 956 773 994 eum
807 939 990 993 vivere
1046 946 1101 992 et
1132 936 1334 1008 jugiter
1357 949 1578 990 manere
1604 975 1619 998 ,
1652 933 1983 1004 spiritalium

409 1034 569 1088 nobis
607 1033 877 1087 honorum
906 1030 1155 1084 datorem
1187 1037 1356 1098 atque
1388 1025 1752 1096 largitorem?
1776 1027 1822 1079 Α
1853 1039 1986 1081 san-

409 1129 517 1179 ctis
556 1125 724 1193 igitur
757 1133 914 1176 nemo
955 1121 1095 1176 tollit
1146 1118 1614 1190 gaudium,juxta
1670 1116 1984 1172 Servatoris

409 1231 625 1281 vocem,
647 1213 742 1270 sed
771 1214 840 1266 ab
869 1213 936 1267 iis
960 1204 1200 1266 ablatum
1232 1219 1317 1266 est
1343 1210 1528 1266 statim
1572 1209 1667 1278 qui
1699 1223 1823 1262 eum
1855 1223 1986 1263 cru-

411 1308 726 1363 ciﬁxerunt.
782 1294 973 1360 Soluta
1000 1297 1202 1374 qttippe
1251 1303 1533 1374 passione,
1569 1299 1736 1370 936
1780 1313 1987 1352 mceror

412 1401 480 1454 iis
512 1399 662 1452 velut
715 1397 1016 1452 inevitabili
1072 1395 1405 1450 necessitate
1463 1391 1592 1446 inde
1657 1389 1984 1460 continget,

416 1491 565 1546 unde
605 1487 839 1543 maxime
862 1485 1207 1558 gaudendum
1241 1485 1536 1556 putabant.

2087 476 2234 546 θρον.
2274 474 2497 528 Ἑαυτὸν
2547 471 2606 526 δὲ
2642 470 2881 542 δηλονότι
2934 467 3119 538 φησίν.
3165 461 3552 532 Ἀναφαίριτόν
3591 475 3658 526 τε

2089 569 2196 639 μὴν
2226 567 2322 621 καὶ
2345 565 2748 636 ἀναπόϐλητον,
2781 561 2880 633 τὴν
2912 561 2999 630 ἔφ’
3018 556 3207 628 -ἑαυτῷ
3240 553 3509 626 θυμηδίαν
3536 551 3657 604 ἐσε-

2087 660 2212 714 σθαι
2238 659 2407 728 λέγει.
2434 658 2593 711 Κατὰ
2613 656 2723 727 γὰρ
2752 654 2852 726 τὴν
2869 652 2964 707 τοῦ
2981 651 3206 705 ’Παύλου
3234 645 3440 716 φωνὴν,
3462 643 3662 713 μᾶλλον

2085 749 2144 803 δὲ
2169 749 2266 804 καὶ
2291 750 2432 802 κατὰ
2471 747 2568 817 τὴν
2601 745 2702 815 τῆς
2731 742 2990 815 ἀληθείας
3020 739 3282 809 δύναμιν⁹
3312 731 3498 796 ’Δπαξ
3523 732 3663 785 ἁπο-

2089 841 2286 905 θανὼν,
2323 839 2509 894 ούκέτι
2537 836 2894 908 ἀποθνήσκει.
2935 827 3334 903 Ἐρηρεισμένη
3373 820 3666 894 τοιγαροῦν

2085 931 2397 1004 ήὲπάύτῷ
2440 929 2676 1002 θυμηδία
2724 928 2820 982 καὶ
2848 925 2992 998 μάλα
3035 922 3276 981 εἰκότως.
3321 920 3384 972 Εἰ
3432 915 3542 986 γὰρ
3570 915 3666 967 ἐπὶ

2084 1027 2163 1097 τῷ
2186 1025 2401 1094 θανάτῳ
2416 1024 2623 1094 λελυπή
2633 1022 2792 1094 μεθα,
2816 1020 2899 1084 τις
2924 1015 3083 1089 ἡμῶν
3111 1013 3410 1083 ἀποστήσει
3443 1008 3542 1078 τὴν
3567 1023 3668 1097 χα-

2093 1093 2214 1188 ρὰν,
2245 1093 2484 1179 εἰδότων,
2528 1114 2610 1166 ὅτι
2638 1093 2750 1165 καὶ
2780 1111 2847 1180 ζῇ
2895 1107 2992 1161 καὶ
3040 1105 3190 1176 μένει
3230 1097 3511 1168 διηνεκῶς,
3554 1093 3668 1147 τῶν

2095 1206 2478 1278 πνευματικῶν
2517 1206 2652 1274 ἡμῖν
2681 1199 2906 1271 ἀγαθῶν
2934 1198 3099 1268 δοτήρ
3135 1212 3193 1249 τε
3238 1192 3333 1246 καὶ
3367 1189 3666 1278 πρύτανις-ε

2106 1276 2244 1353 me;
2275 1300 2375 1370 μὲν
2401 1293 2496 1351 οὖν
2537 1296 2647 1349 τῶν
2697 1294 2868 1362 ἁγίων
2902 1289 3079 1352 οὐδεὶς
3123 1287 3267 1356 αἴρει
3310 1283 3408 1350 τὴν
3469 1276 3668 1349 χαρὰν,

2095 1392 2236 1447 κατὰ
2259 1394 2356 1462 τὴν
2382 1390 2477 1444 τοῦ
2533 1389 2784 1459 Σωτῆρος
2813 1385 3032 1454 φωνήνο
3081 1377 3333 1452 ἀφῃρέθη
3383 1373 3442 1428 δὲ
3486 1387 3672 1442 παρα-

2023 1479 2064 1534 Β
2096 1483 2286 1555 χρῆμα
2312 1482 2420 1538 τῶν
2450 1477 2918 1553 προσηλωσὰντων
2952 1473 3112 1528 αύτδν
3137 1471 3215 1542 τῷ
3238 1465 3474 1538 σταυρῷ.
3501 1461 3674 1516 Aelu-

418 1585 582 1654 μένου
619 1581 729 1653 γὰρ
755 1555 1121 1645 τοῦῡπὰθους,
1163 1555 1257 1649 trp;
1282 1573 1327 1648 ᾦ
1373 1579 1439 1650 δὴ
1479 1577 2007 1648 καὶ,χαίρειν-ῷοντο
2042 1579 2172 1646 δεῖν,
2199 1581 2275 1643 ὡς
2306 1580 2366 1644 ἐξ
2418 1577 2664 1649 ἀφύκτου
2709 1572 2894 1628 λοιπὸν
2921 1571 3166 1638 ἀνάγκης
3203 1566 3384 1626 αὐτοῖς
3450 1558 3513 1612 τὸ
3579 1555 3676 1608 λυ“

415 1677 634 1731 πεῖσθαι
667 1692 731 1728 συ
739 1674 1017 1746 μϐήσεται.

487 1771 630 1837 XVI,
659 1772 752 1837 25,
773 1771 863 1826 ‘24.
901 1770 968 1824 Et
999 1771 1054 1824 in
1080 1769 1174 1823 illo
1196 1769 1282 1823 die
1332 1785 1412 1823 me
1446 1785 1548 1824 non
1590 1768 1988 1838 intermgabitis

415 1865 728 1937 quidquam.
759 1863 946 1928 Amen,
969 1877 1121 1916 amen
1150 1861 1268 1914 dico
1293 1862 1459 1926 vobis,
1483 1861 1531 1914 si
1568 1859 1697 1928 quid
1731 1859 1989 1928 petieritis

418 1953 638 2008 Patrem
665 1954 719 2007 in
741 1954 954 2008 nomine
977 1970 1110 2016 meo,
1139 1951 1289 2006 dabit
1312 1952 1480 2006 vobis.
1514 1951 1686 2021 Usque
1704 1951 1857 2006 modo
1885 1965 1990 2004 non

417 2046 623 2113 petistis
655 2043 943 2113 quidquam
968 2043 1022 2095 in
1050 2042 1262 2096 nomine
1286 2057 1440 2096 meo:
1473 2041 1650 2108 petite,
1685 2050 1736 2095 et
1765 2040 1991 2107 accipie-

400 2138 509 2202 =tis,
542 2145 598 2189 ut
631 2135 885 2207 gaudium
924 2144 1154 2189 vestrum
1187 2137 1258 2186 sit
1299 2133 1530 2202 plenum.

493 2308 760 2365 Memores
793 2319 848 2364 et
871 2308 1236 2379 sapientiores
1267 2305 1386 2361 fore
1431 2314 1658 2362 sanctos
1690 2305 1996 2377 discipulos

401 2401 518 2466 ~ait,
553 2416 680 2455 cum
741 2399 1000 2455 virtutem
1057 2398 1238 2453 induti
1290 2413 1357 2452 ex
1411 2399 1543 2460 alto,
1603 2406 1663 2451 ut
1727 2397 1994 2467 scriptum

406 2499 506 2547 [est
527 2491 573 2522 “
593 2529 608 2554 ,
640 2497 696 2544 et
727 2488 971 2560 Spiritus
1012 2487 1220 2543 lumine
1243 2489 1527 2550 illustrati,
1553 2486 1736 2542 omnia
1776 2487 1995 2541 demum

405 2583 736 2653 intelligere
764 2588 1045 2652 poterunt,
1078 2581 1204 2635 licet
1235 2595 1360 2635 eum
1415 2588 1739 2650 praesentem
1789 2593 1998 2649 nequa-

405 2689 587 2744 ‘quam
646 2673 1008 2743 interrogent.
1064 2670 1186 2727 Non
1240 2671 1386 2727 enim
1445 2673 1574 2741 quia
1630 2671 2000 2727 illustratione

404 2781 521 2818 ‘sua
553 2780 663 2818 non
699 2764 935 2834 amplius
967 2778 1111 2832 opus
1144 2762 1382 2817 habituri
1413 2763 1546 2826 sint,
1591 2763 1705 2817 haec
1731 2763 2000 2816 Servator

405 2857 524 2918 fait,
561 2851 660 2910 sed
695 2856 823 2925 quia
853 2861 1079 2926 accepto
1110 2869 1213 2910 suo
1249 2852 1484 2927 Spiritu,
1514 2869 1754 2925 eumque
1780 2856 1836 2908 in
1878 2869 2002 2908 cor-

404 2947 736 3003 --dibussuis
775 2947 1177 3003 inhabitantem
1213 2947 1501 3011 habentes,
1550 2948 1732 3003 omnis
1766 2948 1892 3003 boni
1947 2959 2002 3002 et

2159 1761 2277 1817 Καὶ
2329 1760 2400 1813 ἐν
2432 1757 2637 1825 ἐκείνῃ
2672 1752 2749 1822 τῇ
2803 1749 2995 1822 ἡμέρᾳ
3026 1747 3131 1818 ἐμὲ
3181 1749 3294 1801 οὐκ
3345 1745 3677 1814 ἐρωτήσετε

2092 1851 2293 1908 οὐδέν.
2332 1848 2534 1920 Ἀμὴν,
2574 1842 2920 1916 ἀμὴν-λέγω
2953 1839 3122 1910 ὑμῖν,
3151 1838 3262 1892 ἐάν
3283 1854 3346 1891 ’τι
3384 1837 3677 1905 αἰτήσητε

2092 1945 2200 1999 τὸν
2233 1942 2463 2010 Πατέρα
2487 1942 2558 1994 ἐν
2589 1936 2669 2004 τῷ
2705 1934 2955 2004 ὀνόματί
2969 1930 3316 2001 μου.νδώσει
3335 1928 3676 1998 νύμῐνπεως

2088 2039 2224 2108 ἄρτι
2254 2039 2366 2091 οὐκ
2421 2034 2737 2102 ᾐτήσασθε
2777 2026 2962 2082 οὐδὲν
2990 2027 3061 2079 ἐν
3096 2024 3188 2090 ’τῷ
3242 2023 3489 2094 ὀνόματί
3521 2036 3677 2091 μου⁹

2094 2129 2328 2191 αἰτεῖτε,
2357 2127 2455 2181 καί
2477 2124 2775 2194 λήψεσθε,
2797 2119 2911 2173 ’ἵνα
2941 2119 2980 2187 ἠ
2998 2118 3166 2187 ,χαρὰ
3190 2116 3357 2186 ὑμῶν
3381 2109 3681 2185 ﬁnesﬁn-

2088 2223 2348 2294 ρωμένη.

2180 2316 2464 2388 ’Δμείνους
2493 2311 2712 2366 ἔσεσθαι
2742 2311 2840 2366 καὶ
2887 2303 3286 2375 συνετωτέρους
3325 2300 3454 2363 τοὺς
3491 2298 3683 2368 ἁγίους

2098 2409 2232 2480 φησὶ
2256 2405 2524 2478 μαθητὰς,
2556 2405 2682 2458 ὅταν
2715 2401 3043 2456 ὲνδύσωνται
3083 2395 3183 2466 τὴν
3216 2394 3276 2458 ἐξ
3316 2391 3485 2462 ὕψους
3514 2389 3682 2443 δύνα-⁶

2103 2519 2214 2572 μιν,
2243 2498 2386 2553 κατὰ
2435 2498 2498 2550 τὸ
2540 2493 2949 2568 γεγραμμένον,
2984 2489 3082 2544 καὶ
3107 2485 3201 2558 ’τῇ
3235 2484 3330 2538 τοῦ
3363 2481 3686 2552 Πνεύματος

2099 2591 2351 2664 δᾳδουχίᾳ
2389 2587 2870 2660 λελαμπρυσμένοι
2924 2584 3020 2638 τὸν
3066 2581 3215 2644 νοῦν,
3263 2579 3443 2632 πάντα
3497 2574 3686 2628 λοιπὰ-δ

2099 2685 2361 2739 δύνωνται
2399 2684 2560 2748 νοεῖν,
2591 2681 2685 2734 καὶ
2729 2681 2779 2732 εἰ
2827 2677 2902 2749 μὴ
2952 2675 3199 2747 παρόντα
3240 2670 3404 2741 τυχὸν
3433 2665 3688 2740 διερωτῷ

2105 2778 2218 2850 [γρ.
2261 2773 2588 2848 διερωτῷεν]
2618 2773 2800 2826 αὐτόν.
2846 2770 2920 2824 Οὑ
2965 2768 3074 2838 γὰρ
3114 2768 3197 2820 ὅτι
3247 2764 3530 2835 δεήσονται
3588 2759 3689 2827 μὲν

2102 2868 2285 2922 οὐκέτι
2317 2862 2684 2936 φωταγωγίας
2715 2860 2816 2930 τῆς
2845 2859 2977 2933 παρ’
3022 2855 3190 2911 αὑτοῦ
3218 2855 3290 2908 τὰ
3317 2851 3550 2906 τοιαῦτά
3586 2867 3691 2919 φη..

2107 2977 2191 3014 σιν
2209 2961 2238 3012 ὁ
2263 2959 2475 3028 Σωτὴρ,
2513 2955 2626 3010 ἀλλ’
2652 2955 2735 3008 ὅτι
2759 2953 2820 3005 τὸ
2851 2952 2982 3006 ῖδιον
3012 2947 3180 3005 αὐτοῦ
3203 2945 3485 3016 δεξάμενοι
3513 2941 3693 2996 Πνεῦ-

410 3038 845 3110 ιροτΐεοιὶεείιηω
877 3038 1455 3109 cognitionisplenam
1483 3048 1722 3094 mentem
1760 3039 1999 3094 habituri

2111 3069 2208 3118 μα,
2232 3050 2327 3103 καὶ
2351 3045 2593 3101 ἐνοικοῦν
2621 3045 2838 3115 ἔχοντες
2867 3045 2925 3097 ἐν
2954 3040 3224 3112 καρδίαις,
3251 3036 3533 3109 ἀπροσδεᾶ
3556 3051 3693 3087 παν-

423 3140 576 3185 sunt.
596 3123 920 3186 'Perlectam
975 3144 1106 3184 vero
1163 3130 1537 3199 cognitionem
1573 3145 1700 3186 esse
1734 3129 1998 3194 dicimus,

413 3231 633 3280 .rectam
673 3223 821 3276 illam
891 3227 946 3275 et
983 3220 1406 3286 inconcussam,
1444 3235 1521 3275 ac
1585 3221 1722 3276 nihil
1774 3221 2004 3277 absurdi

427 3317 631 3371 sentire
661 3321 756 3370 aut
787 3314 974 3369 dicere
1011 3314 1403 3376 sustinentem,
1446 3312 1542 3368 sed
1575 3322 1727 3369 recte
1763 3315 2006 3384 opinan-

425 3418 534 3462 tem
559 3407 628 3462 de
655 3412 845 3462 saneta
878 3416 934 3461 et
971 3405 1440 3461 consubstantiali
1472 3404 1746 3461 Trinitate
1781 3416 2008 3462 senten-

425 3500 580 3553 tiam.
613 3496 751 3552 Nam
779 3497 882 3554 etsi
913 3496 1200 3553 videamus
1227 3497 1394 3552 modo
1421 3513 1521 3569 per
1575 3499 1886 3568 specuium,
1952 3505 2008 3553 et

427 3590 482 3644 in
517 3589 826 3659 aenigmate,
867 3597 923 3643 et
942 3604 1314 3659 agnoscamus
1344 3604 1411 3644 ex
1444 3599 1625 3660 parte,
1654 3592 1813 3660 juxta
1845 3590 2006 3645 Pauli

425 3696 615 3735 tocem
635 3681 706 3744 ⁸⁵,
743 3689 925 3735 tamen
953 3681 1168 3735 veritati
1198 3679 1518 3750 dogmatum
1561 3681 1920 3745 inhaerentes,
1952 3689 2008 3736 et

429 3787 655 3842 scopum
684 3779 888 3828 sanctae
943 3785 1008 3826 ac
1037 3771 1308 3828 divinitus
1372 3773 1654 3844 inspirata:
1706 3773 2007 3844 Scriptura:

430 3873 745 3936 sequentes,
782 3863 1155 3935 cognitionem
1183 3865 1450 3921 habemus
1482 3880 1590 3920 non
1621 3864 2004 3936 imperfectam

426 3970 594 4026 quam
621 3954 780 4010 aliter
803 3955 1068 4025 consequi
1099 3964 1470 4029 nemopotest
1497 3972 1662 4026 quam
1696 3957 2011 4014 illustrante

430 4053 624 4102 sancto
659 4045 889 4117 Spiritu.
923 4045 1163 4118 Ideoque
1193 4064 1319 4104 cum
1347 4048 1652 4120 discipulos
1697 4047 1766 4102 ad
1816 4057 2010 4119 postu-

427 4138 590 4194 landa
626 4139 896 4209 spiritalia
926 4139 1071 4194 dona
1103 4140 1442 4203 hortaretur,
1492 4139 1772 4210 simulque
1815 4156 2006 4196 eorum

429 4228 812 4296 l‘ruendorum,
858 4231 905 4286 si
945 4232 1226 4302 petierint,
1284 4232 1544 4286 litluciam
1596 4233 1862 4298 traderet,
1915 4234 2010 4290 ad-

428 4324 546 4377 dito
575 4322 743 4378 Amen
771 4322 840 4377 ad
871 4321 1032 4378 ﬁdem
1056 4323 1346 4378 conﬁrmat
1375 4331 1705 4392 accepturos
1751 4339 1780 4378 a
1818 4323 2005 4390 Patre,

429 4415 474 4467 si
505 4412 639 4484 quid
669 4415 740 4468 ah
780 4428 848 4468 eo
879 4414 1162 4484 supplices
1194 4413 1483 4482 petierint,
1518 4429 1579 4468 se
1606 4414 1866 4469 nimirum
1893 4430 2008 4470 me-

429 4507 635 4570 diante,
673 4510 730 4559 et
758 4519 866 4559 una
906 4520 1034 4559 cum
1074 4503 1238 4560 Patre
1284 4505 1573 4576 largiente.
1606 4505 1669 4560 id
1720 4508 1866 4562 enim
1929 4507 2006 4562 si-

428 4603 579 4666 gnat,
617 4612 636 4645 ‹
675 4597 730 4650 in
756 4595 979 4650 nomine
1003 4611 1125 4651 meo
1151 4614 1165 4662 ;
1204 4615 1223 4649 ι
1255 4611 1358 4651 nec
1391 4597 1536 4652 enim
1566 4597 1725 4653 aliter
1752 4599 1818 4653 ad
1841 4597 2006 4655 Deum

428 4697 483 4741 et
514 4686 726 4742 Patrem
756 4688 1094 4750 accedimus,
1119 4705 1284 4759 quam
1322 4705 1418 4759 per
1444 4688 1668 4745 Filium.
1690 4690 1794 4746 Per
1826 4692 2004 4762 ipsum

429 4779 632 4849 quippe
666 4795 950 4835 accessum
983 4780 1278 4836 habuimus
1303 4781 1357 4835 in
1389 4796 1500 4836 uno
1547 4781 1758 4852 Spiritu
1805 4785 1872 4839 ad
1905 4783 2008 4838 Pa-

430 4881 592 4939 trem,
633 4881 692 4927 ut
745 4873 1014 4943 scriptum
1055 4882 1140 4928 cst
1156 4874 1225 4928 “.
1260 4873 1613 4944 Proindeque
1675 4875 1772 4940 ait,
1808 4895 1827 4926 ‹
1897 4877 2010 4943 Ego

430 4962 778 5033 sumjanua;
811 4961 922 5032 Ego
959 4977 1081 5016 sum
1138 4965 1246 5018 via.
1284 4961 1452 5018 Nemo
1489 4966 1636 5020 venit
1675 4965 1742 5020 ad
1797 4967 2012 5022 Patrem

429 5057 535 5112 nisi
571 5072 666 5127 per
683 5056 851 5110 me".
887 5073 906 5106 ι
943 5054 1230 5120 Quatenus
1258 5056 1404 5110 enim
1433 5065 1516 5112 est
1543 5055 1718 5113 Filius
1751 5075 1814 5114 ac
1845 5059 2011 5126 Deus,

430 5161 538 5200 una
563 5162 686 5200 cum
718 5143 882 5201 Patre
919 5147 1130 5200 sanctis
1167 5146 1310 5200 bona
1366 5147 1624 5213 largitur,
1671 5157 1726 5202 et
1786 5150 2013 5206 benedi-

429 5239 668 5292 ctionem
707 5237 979 5291 internam
1011 5253 1119 5292 una
1154 5252 1278 5292 cum
1310 5251 1377 5293 eo
1417 5239 1580 5294 nobis
1633 5240 1900 5310 impertit.
1943 5240 2014 5297 Et

428 5331 645 5400 quidem
674 5328 876 5384 Paulus
910 5330 1002 5384 ille
1036 5329 1259 5386 divinus
1307 5331 1815 5387 manifestissimam
1847 5335 2010 5392 nobis

430 5423 594 5491 hujus
621 5422 697 5476 rei
718 5422 880 5476 iidem
917 5420 1167 5486 faciebat,
1192 5422 1267 5476 ita
1297 5423 1549 5480 scribens
1577 5443 1590 5478 :
1627 5443 1646 5476 ‹
1697 5425 1884 5480 Gratia
1916 5442 2005 5481 vo-

429 5513 534 5578 bis,
571 5523 625 5568 et
653 5529 754 5583 pax
796 5527 826 5565 a
857 5511 967 5568 Deo
1006 5511 1170 5570 Patre
1207 5523 1424 5583 nostro,
1483 5523 1539 5570 et
1586 5517 1818 5575 Domino
1873 5519 2003 5577 Jesu

2107 3143 2199 3208 τὸς
2229 3140 2459 3211 ἀγαθοῦ.
2496 3141 2590 3194 καὶ
2622 3139 2876 3209 γνώσεως
2903 3137 3004 3208 τῆς
3031 3133 3369 3202 τελεωτάτης
3401 3129 3693 3184 ἀνάπλεων

2107 3236 2206 3305 τὴν
2228 3234 2469 3288 διάνοιαν
2500 3232 2704 3296 ἕξουσι.
2737 3229 2964 3283 Τελείαν
2997 3227 3055 3282 δὲ
3079 3225 3282 3295 γνῶσιν
3310 3219 3452 3277 εἷναί
3485 3237 3691 3291 φαμεν,

2109 3329 2206 3400 τὴν
2225 3327 2392 3398 ὀρθήν
2411 3343 2470 3378 τε
2501 3325 2594 3378 καὶ
2624 3324 3006 3392 ἁδιάστροφον,
3028 3321 3124 3373 καὶ
3147 3317 3358 3389 ἀπηχὲς
3387 3317 3486 3387 μὲν
3514 3314 3692 3374 οὐδὲν,

2108 3418 2142 3490 ἢ
2164 3419 2401 3488 φρονεῖν,
2428 3414 2460 3484 ἢ
2481 3415 2661 3483 λέγειν
2686 3411 3044 3482 ἀνεχομένην,
3061 3407 3236 3480 ὀρθῶς
3258 3407 3316 3460 δὲ
3358 3405 3694 3471 δοξάζουσαν

2111 3508 2362 3580 περὶτῆς
2391 3507 2553 3574 ἁγίας
2572 3522 2634 3558 τε
2657 3505 2753 3558 καὶ
2774 3503 3064 3573 ὁμοουσίου
3092 3499 3340 3571 Τριάδος.
3370 3496 3434 3550 Ei
3461 3497 3574 3567 γὰρ
3602 3493 3698 3547 καὶ

2112 3602 2387 3673 βλέπομεν
2432 3600 2561 3670 ἄρτι
2599 3598 2668 3651 δι’
2711 3595 2982 3666 ἐσόπτρου
3012 3594 3108 3646 καὶ
3139 3593 3197 3644 ἐν
3249 3589 3557 3661 αἰνίγματι,
3602 3588 3698 3640 καὶ

2109 3694 2452 3764 γινώσκομεν
2480 3694 2545 3746 ἐκ
2571 3690 2769 3760 μέρους
2791 3686 2933 3741 κατὰ
2964 3685 3063 3756 τὴν
3103 3683 3198 3738 τοῦ
3223 3683 3438 3737 Παύλου
3485 3681 3693 3752 φωνὴν,

2111 3783 2246 3838 ἀλλά
2274 3800 2338 3848 γε
2365 3781 2468 3851 τῆς
2507 3781 2566 3833 ἐν
2591 3779 2702 3840 τοῖς
2723 3776 2988 3846 δόγμασιν
3009 3769 3292 3843 ἀκριϐείας
3311 3770 3412 3823 ούκ
3441 3767 3549 3833 ἐξω
3575 3767 3688 3838 βαί-

2109 3892 2325 3939 νοντες,
2364 3869 2896 3931 κατακολουθοῦντες
2946 3865 3003 3918 δὲ
3044 3864 3121 3934 τῷ
3159 3862 3348 3934 σκοπῷ
3377 3861 3476 3932 τῆς
3519 3862 3686 3929 ἁγίας

2111 3968 2207 4022 καὶ
2236 3965 2598 4020 θεοπνεύστου
2637 3958 3106 4035 Γραφῆς,γνῶσιν
3135 3957 3331 4029 ἔχομεν
3363 3957 3464 4010 οὐκ
3503 3955 3695 4022 ἀτελῆ,

2111 4061 2178 4130 ἢν
2203 4060 2302 4112 ούκ
2321 4058 2388 4112 ἂν
2408 4057 2518 4110 ἒλοι
2536 4073 2620 4120 τις
2640 4053 2984 4124 ὲτέρως,ούκ
3008 4050 3416 4121 ἐπιλάμψαντος
3439 4049 3592 4118 αὐτῷ
3606 4048 3699 4102 τοῦ

2112 4151 2269 4220 ἁγίου
2291 4149 2431 4204 Πνεύ
2441 4165 2629 4220 ματος.
2661 4146 2762 4200 Διά
2783 4162 2866 4199 τοι
2885 4143 3043 4198 τοῦτο
3067 4141 3421 4214 παροτρύνων
3440 4140 3572 4204 τοὺς
3597 4158 3699 4212 μα-

2113 4241 2281 4312 θητὰς
2299 4243 2380 4304 εἰς
2393 4239 2615 4310 αἴτησιν
2635 4239 2743 4291 τῶν
2764 4234 3148 4306 πνευματικῶν
3161 4233 3532 4305 χαρισμάτων,
3562 4231 3698 4302 ὁμοῦ

2111 4333 2168 4386 δὲ
2184 4333 2358 4395 διδοὺς
2375 4331 2436 4384 τὸ
2452 4327 2781 4402 θαρῤεῖν,ὼς
2801 4325 3073 4388 αἰτοῦντες
3089 4325 3188 4378 οὐκ
3207 4321 3618 4389 ἁποτεύξονται,
3630 4323 3696 4390 τῇ

2112 4422 2230 4487 τοῦ,
2253 4419 2735 4492 ἀμὴν,προσθήκῃ
2753 4416 2959 4486 βεϐαιοῖ
2976 4414 3112 4486 πρὸς
3139 4413 3342 4477 πίστιν,
3357 4413 3432 4476 ὡς
3449 4412 3571 4464 εῖτί
3593 4429 3699 4481 περ

2115 4515 2183 4569 ἂν
2203 4514 2437 4568 ἐθέλοιεν
2463 4511 2778 4584 προσιόντες
2807 4508 2994 4574 αἰτεῖν,
3019 4505 3278 4580 λήψονται
3303 4507 3456 4576 παρὰ
3479 4505 3577 4558 τοῦ
3597 4506 3699 4558 Ila»

2113 4607 2262 4676 τρδς,
2296 4605 2461 4659 αὐτοῦ
2500 4603 2746 4674 δηλονότι
2776 4603 2870 4656 καὶ
2903 4601 3294 4672 μεσιτεύοντος,
3339 4598 3435 4651 καὶ
3466 4615 3698 4669 συγχορ-

2115 4698 2376 4770 ηγοῦντος
2394 4695 2472 4766 τῷ
2491 4679 2881 4765 ΠατρίίιΤοῦτο
2900 4690 3010 4763 γάρ
3032 4693 3147 4744 ἐστι
3171 4690 3234 4742 τὸ
3253 4710 3272 4741 ‹
3296 4691 3356 4743 ὲν
3378 4688 3460 4760 τῷ
3471 4690 3695 4760 ὀνόματί

2120 4807 2241 4860 μου·
2265 4808 2284 4840 ι
2313 4788 2529 4861 πρόεισι
2555 4787 2651 4858 μὲν
2664 4784 2776 4854 γὰρ
2798 4784 2895 4853 ούχ
2925 4783 3128 4854 ἑτέρως
3148 4782 3224 4852 τῷ
3240 4780 3360 4852 Θεῷ
3384 4783 3480 4835 καὶ
3500 4782 3694 4852 Πατρλ,

2119 4884 2166 4936 εἰ
2192 4881 2268 4953 μὴ
2297 4881 2364 4936 δι’
2395 4880 2549 4934 Υἰοῦ.
2573 4879 2650 4933 Δι’
2683 4877 2848 4932 αὑτοῦ
2879 4876 2988 4946 γὰρ
3017 4875 3115 4946 τὴν
3148 4874 3514 4947 προσαγωγὴν
3533 4876 3694 4946 ὲσχήο

2118 4990 2315 5043 καμεν,
2349 4974 2405 5025 ὲν
2439 4972 2520 5025 ἐνὶ
2567 4970 2846 5040 Πνεύματι
2883 4968 3020 5040 πρὸς
3052 4968 3144 5020 τὸν
3183 4967 3424 5039 Πατέρα,
3465 4967 3610 5022 κατὰ
3637 4968 3695 5018 τὺ

2118 5061 2522 5132 γεγραμμένον.
2575 5061 2673 5113 Διὰ
2706 5058 2864 5112 τοῦτο
2911 5058 3007 5112 καί
3052 5073 3219 5126 φησιν
3240 5073 3254 5086 ·
3287 5077 3306 5110 ε
3338 5057 3482 5126 Ἐγὼ
3515 5059 3634 5129 εἰμι
3663 5060 3694 5127 ἡ

2119 5152 2276 5224 θύρα·
2317 5151 2459 5220 Ἐγὼ
2482 5153 2595 5222 εἰμι
2622 5153 2656 5222 ἡ
2683 5151 2820 5214 ὁδός.
2846 5149 3037 5212 Οὐδεὶς
3060 5148 3274 5220 ἔρχεται
3305 5149 3441 5219 πρὸς
3473 5150 3567 5204 τὸν
3590 5153 3697 5205 Πα-

2118 5246 2275 5317 τέρα,
2308 5247 2356 5298 εἰ
2398 5244 2472 5315 μὴ
2505 5243 2573 5296 δι’
2621 5242 2776 5313 ἐμοῦ.
2802 5260 2820 5292 ι
2846 5236 2923 5312 τῌ
2965 5241 3063 5311 μὲν
3096 5241 3205 5310 γάρ
3243 5241 3391 5295 ἐστιν
3426 5242 3555 5304 Υίὸς
3605 5243 3696 5295 καὶ

2118 5337 2271 5406 Θεὸς,
2301 5336 2434 5408 ὁμοῦ
2462 5334 2539 5407 τῷ
2565 5335 2740 5406 Πατρὶ
2773 5335 3000 5405 χορηγεῖ
3043 5333 3156 5394 τοῖς
3193 5333 3368 5401 ἁγίοις
3387 5333 3459 5386 τὰ
3492 5334 3692 5403 ἀγαθὰ,

2118 5431 2214 5485 καὶ
2241 5429 2504 5501 συνδοτὴρ
2525 5430 2624 5501 τῆς
2652 5431 2734 5492 εἰς
2769 5428 2919 5500 ἡμᾶς
2947 5424 3197 5492 εὐλογίας
3229 5426 3564 5497 εὑρίσκεται.
3589 5429 3696 5483 Καὶ

2116 5523 2246 5591 γοῦν
2266 5525 2294 5577 ὁ
2319 5522 2605 5586 θεσπέσιος
2634 5521 2868 5586 Παῦλος,
2899 5517 3204 5588 φανοτάτην
3243 5519 3378 5589 ἡμῖν
3403 5520 3572 5575 ὲτίθει
3599 5521 3695 5591 τὴν

497 5687 542 5720 ⁸³
567 5685 732 5741 Rom.
758 5705 840 5755 τι,
871 5690 923 5755 9,
962 5690 1045 5745 10.
1123 5692 1169 5725 ⁸⁸
1212 5691 1344 5749 Luc.
1387 5712 1534 5764 xxw,
1569 5698 1658 5752 i9.
1735 5697 1781 5729 ⁸⁵
1815 5697 1831 5751 Ι
1863 5697 1989 5753 Cor.

2111 5713 2145 5766 ι,
2183 5699 2268 5753 l2.
2349 5699 2394 5730 ⁸⁵
2433 5697 2836 5772 Ephes._n,18.
2914 5702 2959 5735 ⁸⁷
2997 5701 3141 5760 Joan
3192 5703 3334 5773 x,7;
3375 5719 3490 5772 xrv,
3549 5703 3606 5759 6.
