  <div class='ocr_page' id='page_1' title='image "/cluster/home/n/w/nwhite01/storage/ocr_20150623/74/nnc1.0046980180/248.png"; bbox 0 0 3868 6200; ppageno 0'>
   <div class='ocr_carea' id='block_1_1' title="bbox 179 289 280 344">
    <p class='ocr_par' dir='ltr' id='par_1_1' title="bbox 179 289 280 344">
     <span class='ocr_line' id='line_1_1' title="bbox 179 289 280 344; baseline -0.02 0"><span class='ocrx_word' id='word_1_1' title='bbox 179 289 280 344; x_wconf 77' lang='grc' dir='ltr'>ιθι</span> 
     </span>
    </p>
   </div>
   <div class='ocr_carea' id='block_1_2' title="bbox 1238 281 2433 343">
    <p class='ocr_par' dir='ltr' id='par_1_2' title="bbox 1238 281 2433 343">
     <span class='ocr_line' id='line_1_2' title="bbox 1238 281 2433 343; baseline 0.003 -5"><span class='ocrx_word' id='word_1_2' title='bbox 1238 283 1306 338; x_wconf 84' lang='grc' dir='ltr'><strong>ΙΝ</strong></span> <span class='ocrx_word' id='word_1_3' title='bbox 1333 281 1620 340; x_wconf 76' lang='lat' dir='ltr'><strong>JOANNIS</strong></span> <span class='ocrx_word' id='word_1_4' title='bbox 1658 283 2110 342; x_wconf 78' lang='lat' dir='ltr'><strong>EVANGELIUM</strong></span> <span class='ocrx_word' id='word_1_5' title='bbox 2173 287 2302 343; x_wconf 87' lang='lat' dir='ltr'><strong>LIB.</strong></span> <span class='ocrx_word' id='word_1_6' title='bbox 2346 287 2433 343; x_wconf 87' lang='grc' dir='ltr'>ΧΙ.</span> 
     </span>
    </p>
   </div>
   <div class='ocr_carea' id='block_1_3' title="bbox 3328 293 3433 346">
    <p class='ocr_par' dir='ltr' id='par_1_3' title="bbox 3328 293 3433 346">
     <span class='ocr_line' id='line_1_3' title="bbox 3328 293 3433 346; baseline -0.01 0"><span class='ocrx_word' id='word_1_7' title='bbox 3328 293 3433 346; x_wconf 65' lang='grc' dir='ltr'><strong>ἀεὶέ</strong></span> 
     </span>
    </p>
   </div>
   <div class='ocr_carea' id='block_1_4' title="bbox 176 402 1764 474">
    <p class='ocr_par' dir='ltr' id='par_1_4' title="bbox 176 402 1755 474">
     <span class='ocr_line' id='line_1_4' title="bbox 176 402 1755 474; baseline -0.003 -15"><span class='ocrx_word' id='word_1_8' title='bbox 176 407 269 459; x_wconf 70' lang='grc' dir='ltr'><strong>ἐπὶ</strong></span> <span class='ocrx_word' id='word_1_9' title='bbox 302 404 480 473; x_wconf 85' lang='grc' dir='ltr'>τούτῳ</span> <span class='ocrx_word' id='word_1_10' title='bbox 518 402 700 456; x_wconf 80' lang='grc' dir='ltr'>πίστιν</span> <span class='ocrx_word' id='word_1_11' title='bbox 730 402 874 455; x_wconf 77' lang='grc' dir='ltr'>οὕτω</span> <span class='ocrx_word' id='word_1_12' title='bbox 915 402 1140 473; x_wconf 80' lang='grc' dir='ltr'>γράφων</span> <span class='ocrx_word' id='word_1_13' title='bbox 1170 420 1181 430; x_wconf 91' lang='grc'>·</span> <span class='ocrx_word' id='word_1_14' title='bbox 1216 421 1235 455; x_wconf 79' lang='grc' dir='ltr'><strong>ι</strong></span> <span class='ocrx_word' id='word_1_15' title='bbox 1270 403 1446 474; x_wconf 85' lang='grc' dir='ltr'><strong>Χάρις</strong></span> <span class='ocrx_word' id='word_1_16' title='bbox 1482 403 1631 473; x_wconf 84' lang='grc' dir='ltr'>ὑμῖν,</span> <span class='ocrx_word' id='word_1_17' title='bbox 1660 403 1755 457; x_wconf 73' lang='grc' dir='ltr'>καὶ</span> 
     </span>
    </p>
   </div>
   <div class='ocr_carea' id='block_1_5' title="bbox 1873 402 3431 474">
    <p class='ocr_par' dir='ltr' id='par_1_5' title="bbox 1873 403 3431 474">
     <span class='ocr_line' id='line_1_5' title="bbox 1873 403 3431 474; baseline 0.001 -16"><span class='ocrx_word' id='word_1_18' title='bbox 1873 403 2083 461; x_wconf 72' lang='lat' dir='ltr'><strong>Zbristo</strong></span> <span class='ocrx_word' id='word_1_19' title='bbox 2105 405 2172 459; x_wconf 80' lang='grc'><strong>⁸⁸.</strong></span> <span class='ocrx_word' id='word_1_20' title='bbox 2198 424 2215 456; x_wconf 81' lang='grc' dir='ltr'><strong>ι</strong></span> <span class='ocrx_word' id='word_1_21' title='bbox 2236 405 2522 471; x_wconf 92' lang='lat' dir='ltr'><strong>Quatenus</strong></span> <span class='ocrx_word' id='word_1_22' title='bbox 2539 420 2668 459; x_wconf 87' lang='lat' dir='ltr'><strong>vero</strong></span> <span class='ocrx_word' id='word_1_23' title='bbox 2687 404 3033 468; x_wconf 81' lang='lat' dir='ltr'><strong>mediator&quot;,</strong></span> <span class='ocrx_word' id='word_1_24' title='bbox 3052 411 3104 456; x_wconf 80' lang='lat' dir='ltr'><strong>et</strong></span> <span class='ocrx_word' id='word_1_25' title='bbox 3126 403 3369 474; x_wconf 75' lang='lat' dir='ltr'><strong>pontifex</strong></span> <span class='ocrx_word' id='word_1_26' title='bbox 3385 406 3431 437; x_wconf 83' lang='lat'><strong>”</strong></span> 
     </span>
    </p>
   </div>
   <div class='ocr_carea' id='block_1_6' title="bbox 177 493 1759 567">
    <p class='ocr_par' dir='ltr' id='par_1_6' title="bbox 177 493 1759 567">
     <span class='ocr_line' id='line_1_6' title="bbox 177 493 1759 567; baseline 0 -20"><span class='ocrx_word' id='word_1_27' title='bbox 177 496 371 566; x_wconf 74' lang='grc' dir='ltr'>εἰρήνη</span> <span class='ocrx_word' id='word_1_28' title='bbox 404 493 516 547; x_wconf 84' lang='grc' dir='ltr'>ἀπὸ</span> <span class='ocrx_word' id='word_1_29' title='bbox 548 493 684 547; x_wconf 85' lang='grc' dir='ltr'>Θεοῦ</span> <span class='ocrx_word' id='word_1_30' title='bbox 732 494 947 565; x_wconf 85' lang='grc' dir='ltr'>Πατρδς</span> <span class='ocrx_word' id='word_1_31' title='bbox 979 495 1157 565; x_wconf 79' lang='grc' dir='ltr'>ἡμῶν,</span> <span class='ocrx_word' id='word_1_32' title='bbox 1206 495 1303 549; x_wconf 55' lang='grc' dir='ltr'><strong>καὶ⁴</strong></span> <span class='ocrx_word' id='word_1_33' title='bbox 1334 496 1541 567; x_wconf 80' lang='grc' dir='ltr'>Κυρίου</span> <span class='ocrx_word' id='word_1_34' title='bbox 1587 495 1759 566; x_wconf 87' lang='grc' dir='ltr'>Ἰησοῦ</span> 
     </span>
    </p>
   </div>
   <div class='ocr_carea' id='block_1_7' title="bbox 178 578 1760 657">
    <p class='ocr_par' dir='ltr' id='par_1_7' title="bbox 178 578 1760 657">
     <span class='ocr_line' id='line_1_7' title="bbox 178 578 1760 657; baseline 0 -18"><span class='ocrx_word' id='word_1_35' title='bbox 178 586 438 657; x_wconf 78' lang='grc' dir='ltr'><strong>Χριστοῦ.</strong></span> <span class='ocrx_word' id='word_1_36' title='bbox 468 604 487 635; x_wconf 76' lang='grc' dir='ltr'><strong>ι</strong></span> <span class='ocrx_word' id='word_1_37' title='bbox 516 578 600 656; x_wconf 72' lang='grc' dir='ltr'><strong>τῌ</strong></span> <span class='ocrx_word' id='word_1_38' title='bbox 629 583 685 637; x_wconf 75' lang='grc' dir='ltr'>δὲ</span> <span class='ocrx_word' id='word_1_39' title='bbox 719 584 946 657; x_wconf 75' lang='grc' dir='ltr'><strong>μεσίτης</strong></span> <span class='ocrx_word' id='word_1_40' title='bbox 986 585 1082 638; x_wconf 80' lang='grc' dir='ltr'>καὶ</span> <span class='ocrx_word' id='word_1_41' title='bbox 1110 586 1418 657; x_wconf 82' lang='grc' dir='ltr'>ἀρχιερεὺς,</span> <span class='ocrx_word' id='word_1_42' title='bbox 1461 586 1555 638; x_wconf 76' lang='grc' dir='ltr'>καὶ</span> <span class='ocrx_word' id='word_1_43' title='bbox 1581 586 1760 655; x_wconf 86' lang='grc' dir='ltr'>παρά-</span> 
     </span>
    </p>
   </div>
   <div class='ocr_carea' id='block_1_8' title="bbox 178 674 1761 748">
    <p class='ocr_par' dir='ltr' id='par_1_8' title="bbox 178 674 1761 748">
     <span class='ocr_line' id='line_1_8' title="bbox 178 674 1761 748; baseline -0.001 -18"><span class='ocrx_word' id='word_1_44' title='bbox 178 678 376 746; x_wconf 84' lang='grc' dir='ltr'>κλητος</span> <span class='ocrx_word' id='word_1_45' title='bbox 404 674 756 745; x_wconf 77' lang='grc' dir='ltr'>ὀνομάζεται,</span> <span class='ocrx_word' id='word_1_46' title='bbox 785 675 1146 746; x_wconf 79' lang='grc' dir='ltr'>προσκομίζει</span> <span class='ocrx_word' id='word_1_47' title='bbox 1172 676 1251 746; x_wconf 82' lang='grc' dir='ltr'>τῷ</span> <span class='ocrx_word' id='word_1_48' title='bbox 1276 678 1454 748; x_wconf 82' lang='grc' dir='ltr'>Πατρὶ</span> <span class='ocrx_word' id='word_1_49' title='bbox 1485 677 1583 739; x_wconf 86' lang='grc' dir='ltr'><strong>τάς</strong></span> <span class='ocrx_word' id='word_1_50' title='bbox 1621 677 1761 748; x_wconf 82' lang='grc' dir='ltr'>ὑπὲρ</span> 
     </span>
    </p>
   </div>
   <div class='ocr_carea' id='block_1_9' title="bbox 174 767 1760 840">
    <p class='ocr_par' dir='ltr' id='par_1_9' title="bbox 174 767 1760 840">
     <span class='ocr_line' id='line_1_9' title="bbox 174 767 1760 840; baseline 0.001 -20"><span class='ocrx_word' id='word_1_51' title='bbox 174 769 333 839; x_wconf 73' lang='grc' dir='ltr'>ἡμῶν</span> <span class='ocrx_word' id='word_1_52' title='bbox 385 767 641 830; x_wconf 81' lang='grc' dir='ltr'>ἱκετείας.</span> <span class='ocrx_word' id='word_1_53' title='bbox 683 767 855 829; x_wconf 75' lang='grc' dir='ltr'>Αὐτὸς</span> <span class='ocrx_word' id='word_1_54' title='bbox 905 767 1015 836; x_wconf 88' lang='grc' dir='ltr'><strong>γάρ</strong></span> <span class='ocrx_word' id='word_1_55' title='bbox 1066 768 1217 820; x_wconf 75' lang='grc' dir='ltr'>ἐστιν</span> <span class='ocrx_word' id='word_1_56' title='bbox 1246 769 1279 837; x_wconf 78' lang='grc' dir='ltr'>ἡ</span> <span class='ocrx_word' id='word_1_57' title='bbox 1330 770 1547 821; x_wconf 86' lang='grc' dir='ltr'>πάντων</span> <span class='ocrx_word' id='word_1_58' title='bbox 1602 769 1760 840; x_wconf 74' lang='grc' dir='ltr'>ἡμῶν</span> 
     </span>
    </p>
   </div>
   <div class='ocr_carea' id='block_1_10' title="bbox 177 857 1760 931">
    <p class='ocr_par' dir='ltr' id='par_1_10' title="bbox 177 857 1760 931">
     <span class='ocr_line' id='line_1_10' title="bbox 177 857 1760 931; baseline -0.002 -17"><span class='ocrx_word' id='word_1_59' title='bbox 177 859 457 931; x_wconf 75' lang='grc' dir='ltr'>παρρησία</span> <span class='ocrx_word' id='word_1_60' title='bbox 489 860 626 930; x_wconf 85' lang='grc' dir='ltr'>πρὸς</span> <span class='ocrx_word' id='word_1_61' title='bbox 654 859 743 912; x_wconf 82' lang='grc' dir='ltr'>τὸν</span> <span class='ocrx_word' id='word_1_62' title='bbox 768 858 1003 927; x_wconf 82' lang='grc' dir='ltr'><strong>Πατέρα.</strong></span> <span class='ocrx_word' id='word_1_63' title='bbox 1052 858 1139 911; x_wconf 86' lang='grc' dir='ltr'>Ἐν</span> <span class='ocrx_word' id='word_1_64' title='bbox 1185 858 1411 929; x_wconf 87' lang='grc' dir='ltr'>ὀνόματι</span> <span class='ocrx_word' id='word_1_65' title='bbox 1455 858 1633 913; x_wconf 86' lang='grc' dir='ltr'>τοίνυν</span> <span class='ocrx_word' id='word_1_66' title='bbox 1664 857 1760 912; x_wconf 88' lang='grc' dir='ltr'><strong>τοῦ</strong></span> 
     </span>
    </p>
   </div>
   <div class='ocr_carea' id='block_1_11' title="bbox 176 948 1758 1021">
    <p class='ocr_par' dir='ltr' id='par_1_11' title="bbox 176 948 1758 1021">
     <span class='ocr_line' id='line_1_11' title="bbox 176 948 1758 1021; baseline 0 -18"><span class='ocrx_word' id='word_1_67' title='bbox 176 950 433 1020; x_wconf 85' lang='grc' dir='ltr'><strong>Σωτῆρος</strong></span> <span class='ocrx_word' id='word_1_68' title='bbox 462 949 621 1020; x_wconf 75' lang='grc' dir='ltr'>ἡμῶν</span> <span class='ocrx_word' id='word_1_69' title='bbox 660 948 896 1020; x_wconf 80' lang='grc' dir='ltr'><strong>Χριστοῦ</strong></span> <span class='ocrx_word' id='word_1_70' title='bbox 935 950 1033 1011; x_wconf 78' lang='grc' dir='ltr'>τὰς</span> <span class='ocrx_word' id='word_1_71' title='bbox 1062 949 1275 1021; x_wconf 82' lang='grc' dir='ltr'><strong>δεήσεις</strong></span> <span class='ocrx_word' id='word_1_72' title='bbox 1312 951 1586 1021; x_wconf 79' lang='grc' dir='ltr'>ποιητέον.</span> <span class='ocrx_word' id='word_1_73' title='bbox 1614 951 1758 1021; x_wconf 91' lang='grc' dir='ltr'>Προ-</span> 
     </span>
    </p>
   </div>
   <div class='ocr_carea' id='block_1_12' title="bbox 174 1039 1762 1115">
    <p class='ocr_par' dir='ltr' id='par_1_12' title="bbox 174 1039 1762 1115">
     <span class='ocr_line' id='line_1_12' title="bbox 174 1039 1762 1115; baseline 0.002 -22"><span class='ocrx_word' id='word_1_74' title='bbox 174 1041 470 1111; x_wconf 86' lang='grc' dir='ltr'>χειρότατα</span> <span class='ocrx_word' id='word_1_75' title='bbox 499 1040 609 1111; x_wconf 86' lang='grc' dir='ltr'><strong>γὰρ</strong></span> <span class='ocrx_word' id='word_1_76' title='bbox 638 1039 782 1093; x_wconf 80' lang='grc' dir='ltr'>οὕτω</span> <span class='ocrx_word' id='word_1_77' title='bbox 810 1040 1194 1095; x_wconf 84' lang='grc' dir='ltr'>κατανεύσειεν</span> <span class='ocrx_word' id='word_1_78' title='bbox 1225 1041 1293 1096; x_wconf 84' lang='grc' dir='ltr'>ἂν</span> <span class='ocrx_word' id='word_1_79' title='bbox 1330 1045 1360 1096; x_wconf 89' lang='grc' dir='ltr'><strong>ό</strong></span> <span class='ocrx_word' id='word_1_80' title='bbox 1398 1043 1609 1115; x_wconf 82' lang='grc' dir='ltr'>Πατὴρ,</span> <span class='ocrx_word' id='word_1_81' title='bbox 1642 1045 1762 1096; x_wconf 81' lang='grc' dir='ltr'>ἑπι-</span> 
     </span>
    </p>
   </div>
   <div class='ocr_carea' id='block_1_13' title="bbox 174 1130 1760 1203">
    <p class='ocr_par' dir='ltr' id='par_1_13' title="bbox 174 1130 1760 1203">
     <span class='ocr_line' id='line_1_13' title="bbox 174 1130 1760 1203; baseline 0.002 -19"><span class='ocrx_word' id='word_1_82' title='bbox 174 1130 335 1184; x_wconf 85' lang='grc' dir='ltr'>δώσει</span> <span class='ocrx_word' id='word_1_83' title='bbox 355 1132 413 1186; x_wconf 88' lang='grc' dir='ltr'>δὲ</span> <span class='ocrx_word' id='word_1_84' title='bbox 446 1134 562 1194; x_wconf 89' lang='grc' dir='ltr'>τοῖς</span> <span class='ocrx_word' id='word_1_85' title='bbox 595 1130 835 1185; x_wconf 74' lang='grc' dir='ltr'>αἰτοῦσιν</span> <span class='ocrx_word' id='word_1_86' title='bbox 862 1131 1025 1185; x_wconf 80' lang='grc' dir='ltr'>αὐτὸν</span> <span class='ocrx_word' id='word_1_87' title='bbox 1052 1131 1121 1185; x_wconf 84' lang='grc' dir='ltr'>τὰ</span> <span class='ocrx_word' id='word_1_88' title='bbox 1157 1134 1358 1203; x_wconf 85' lang='grc' dir='ltr'>ἀγαθὰ,</span> <span class='ocrx_word' id='word_1_89' title='bbox 1396 1135 1483 1190; x_wconf 86' lang='grc' dir='ltr'>ἵνα</span> <span class='ocrx_word' id='word_1_90' title='bbox 1508 1134 1760 1199; x_wconf 88' lang='grc' dir='ltr'>λαϐόντες</span> 
     </span>
    </p>
   </div>
   <div class='ocr_carea' id='block_1_14' title="bbox 175 1225 1761 1300">
    <p class='ocr_par' dir='ltr' id='par_1_14' title="bbox 175 1225 1761 1300">
     <span class='ocr_line' id='line_1_14' title="bbox 175 1225 1761 1300; baseline 0.002 -23"><span class='ocrx_word' id='word_1_91' title='bbox 175 1226 476 1298; x_wconf 77' lang='grc' dir='ltr'><strong>χαίρωμεν.</strong></span> <span class='ocrx_word' id='word_1_92' title='bbox 519 1225 1030 1296; x_wconf 80' lang='grc' dir='ltr'>Ἀναπιμπλάμενοι</span> <span class='ocrx_word' id='word_1_93' title='bbox 1063 1226 1172 1300; x_wconf 80' lang='grc' dir='ltr'><strong>γάρ</strong></span> <span class='ocrx_word' id='word_1_94' title='bbox 1210 1229 1566 1299; x_wconf 83' lang='grc' dir='ltr'>χαρισμάτων</span> <span class='ocrx_word' id='word_1_95' title='bbox 1598 1245 1761 1281; x_wconf 89' lang='grc' dir='ltr'>πνευ-</span> 
     </span>
    </p>
   </div>
   <div class='ocr_carea' id='block_1_15' title="bbox 177 1314 1761 1387">
    <p class='ocr_par' dir='ltr' id='par_1_15' title="bbox 177 1314 1761 1387">
     <span class='ocr_line' id='line_1_15' title="bbox 177 1314 1761 1387; baseline 0.002 -19"><span class='ocrx_word' id='word_1_96' title='bbox 177 1315 447 1384; x_wconf 81' lang='grc' dir='ltr'>ματικῶν,</span> <span class='ocrx_word' id='word_1_97' title='bbox 502 1314 596 1368; x_wconf 74' lang='grc' dir='ltr'>καὶ</span> <span class='ocrx_word' id='word_1_98' title='bbox 643 1314 745 1385; x_wconf 87' lang='grc' dir='ltr'><strong>τῆς</strong></span> <span class='ocrx_word' id='word_1_99' title='bbox 794 1315 925 1387; x_wconf 80' lang='grc' dir='ltr'>παρ’</span> <span class='ocrx_word' id='word_1_100' title='bbox 972 1316 1140 1371; x_wconf 84' lang='grc' dir='ltr'>αὐτοῦ</span> <span class='ocrx_word' id='word_1_101' title='bbox 1191 1318 1456 1381; x_wconf 86' lang='grc' dir='ltr'>συνέσεως</span> <span class='ocrx_word' id='word_1_102' title='bbox 1502 1317 1761 1372; x_wconf 84' lang='grc' dir='ltr'>πλουσίαν</span> 
     </span>
    </p>
   </div>
   <div class='ocr_carea' id='block_1_16' title="bbox 174 1405 1761 1481">
    <p class='ocr_par' dir='ltr' id='par_1_16' title="bbox 174 1405 1761 1481">
     <span class='ocr_line' id='line_1_16' title="bbox 174 1405 1761 1481; baseline 0.003 -22"><span class='ocrx_word' id='word_1_103' title='bbox 174 1406 433 1476; x_wconf 82' lang='grc' dir='ltr'>λαχόντες</span> <span class='ocrx_word' id='word_1_104' title='bbox 457 1405 558 1476; x_wconf 82' lang='grc' dir='ltr'>τὴν</span> <span class='ocrx_word' id='word_1_105' title='bbox 581 1406 866 1477; x_wconf 75' lang='grc' dir='ltr'>χορηγίαν,</span> <span class='ocrx_word' id='word_1_106' title='bbox 891 1407 980 1461; x_wconf 87' lang='grc' dir='ltr'><strong>διὰ</strong></span> <span class='ocrx_word' id='word_1_107' title='bbox 1005 1407 1099 1461; x_wconf 92' lang='grc' dir='ltr'><strong>τοῦ</strong></span> <span class='ocrx_word' id='word_1_108' title='bbox 1130 1409 1514 1473; x_wconf 74' lang='grc' dir='ltr'>κατοικοῦντος</span> <span class='ocrx_word' id='word_1_109' title='bbox 1546 1412 1603 1464; x_wconf 78' lang='grc' dir='ltr'>ἐν</span> <span class='ocrx_word' id='word_1_110' title='bbox 1628 1413 1761 1481; x_wconf 75' lang='grc' dir='ltr'>ἡμῖν</span> 
     </span>
    </p>
   </div>
   <div class='ocr_carea' id='block_1_17' title="bbox 174 1496 1761 1569">
    <p class='ocr_par' dir='ltr' id='par_1_17' title="bbox 174 1496 1761 1569">
     <span class='ocr_line' id='line_1_17' title="bbox 174 1496 1761 1569; baseline 0.003 -20"><span class='ocrx_word' id='word_1_111' title='bbox 174 1496 334 1565; x_wconf 84' lang='grc' dir='ltr'>ἁγίου</span> <span class='ocrx_word' id='word_1_112' title='bbox 366 1496 709 1567; x_wconf 78' lang='grc' dir='ltr'>Πνεῦματος,</span> <span class='ocrx_word' id='word_1_113' title='bbox 746 1498 1343 1569; x_wconf 87' lang='grc' dir='ltr'>καταστρατευσόμεθα</span> <span class='ocrx_word' id='word_1_114' title='bbox 1376 1499 1496 1569; x_wconf 83' lang='grc' dir='ltr'>μὲν,</span> <span class='ocrx_word' id='word_1_115' title='bbox 1521 1500 1617 1553; x_wconf 79' lang='grc' dir='ltr'>καὶ</span> <span class='ocrx_word' id='word_1_116' title='bbox 1643 1500 1761 1554; x_wconf 87' lang='grc' dir='ltr'>λίαν</span> 
     </span>
    </p>
   </div>
   <div class='ocr_carea' id='block_1_18' title="bbox 175 1587 1756 1662">
    <p class='ocr_par' dir='ltr' id='par_1_18' title="bbox 175 1587 1756 1662">
     <span class='ocr_line' id='line_1_18' title="bbox 175 1587 1756 1662; baseline 0.004 -23"><span class='ocrx_word' id='word_1_117' title='bbox 175 1587 416 1651; x_wconf 80' lang='grc' dir='ltr'><strong>εὐκόλως</strong></span> <span class='ocrx_word' id='word_1_118' title='bbox 451 1588 671 1657; x_wconf 84' lang='grc' dir='ltr'>ἀπάσης</span> <span class='ocrx_word' id='word_1_119' title='bbox 717 1588 948 1641; x_wconf 83' lang='grc' dir='ltr'>ὲκτόπου</span> <span class='ocrx_word' id='word_1_120' title='bbox 986 1606 1046 1642; x_wconf 89' lang='grc' dir='ltr'><strong>τε</strong></span> <span class='ocrx_word' id='word_1_121' title='bbox 1085 1588 1180 1642; x_wconf 75' lang='grc' dir='ltr'>καὶ</span> <span class='ocrx_word' id='word_1_122' title='bbox 1227 1588 1491 1662; x_wconf 77' lang='grc' dir='ltr'>βδελυρᾶς</span> <span class='ocrx_word' id='word_1_123' title='bbox 1522 1590 1717 1662; x_wconf 75' lang='grc' dir='ltr'>ἡδονῆς</span> <span class='ocrx_word' id='word_1_124' title='bbox 1742 1608 1756 1623; x_wconf 86' lang='grc'><strong>·</strong></span> 
     </span>
    </p>
   </div>
   <div class='ocr_carea' id='block_1_19' title="bbox 174 1678 1761 1755">
    <p class='ocr_par' dir='ltr' id='par_1_19' title="bbox 174 1678 1761 1755">
     <span class='ocr_line' id='line_1_19' title="bbox 174 1678 1761 1755; baseline 0.004 -24"><span class='ocrx_word' id='word_1_125' title='bbox 174 1678 648 1749; x_wconf 82' lang='grc' dir='ltr'>ἀγαθουργοῦντες</span> <span class='ocrx_word' id='word_1_126' title='bbox 699 1679 757 1733; x_wconf 88' lang='grc' dir='ltr'>δὲ</span> <span class='ocrx_word' id='word_1_127' title='bbox 810 1679 991 1745; x_wconf 76' lang='grc' dir='ltr'>οὕτω,</span> <span class='ocrx_word' id='word_1_128' title='bbox 1028 1682 1120 1735; x_wconf 76' lang='grc' dir='ltr'>καὶ</span> <span class='ocrx_word' id='word_1_129' title='bbox 1168 1684 1250 1745; x_wconf 82' lang='grc' dir='ltr'>εις</span> <span class='ocrx_word' id='word_1_130' title='bbox 1300 1683 1486 1752; x_wconf 75' lang='grc' dir='ltr'>ἔφεσιν</span> <span class='ocrx_word' id='word_1_131' title='bbox 1541 1684 1761 1755; x_wconf 85' lang='grc' dir='ltr'>ἁπάσης</span> 
     </span>
    </p>
   </div>
   <div class='ocr_carea' id='block_1_20' title="bbox 1864 495 3434 567">
    <p class='ocr_par' dir='ltr' id='par_1_20' title="bbox 1864 495 3434 567">
     <span class='ocr_line' id='line_1_20' title="bbox 1864 495 3434 567; baseline -0.002 -16"><span class='ocrx_word' id='word_1_132' title='bbox 1864 506 1918 551; x_wconf 88' lang='lat' dir='ltr'><strong>et</strong></span> <span class='ocrx_word' id='word_1_133' title='bbox 1949 496 2251 552; x_wconf 79' lang='lat' dir='ltr'><strong>advocatus</strong></span> <span class='ocrx_word' id='word_1_134' title='bbox 2272 499 2318 529; x_wconf 70' lang='grc' dir='ltr'>θ’</span> <span class='ocrx_word' id='word_1_135' title='bbox 2347 496 2508 567; x_wconf 81' lang='lat'><strong>937</strong></span> <span class='ocrx_word' id='word_1_136' title='bbox 2546 497 2875 567; x_wconf 72' lang='lat' dir='ltr'><strong>appellatur,</strong></span> <span class='ocrx_word' id='word_1_137' title='bbox 2909 495 3067 550; x_wconf 77' lang='lat' dir='ltr'><strong>oli‘ert</strong></span> <span class='ocrx_word' id='word_1_138' title='bbox 3104 495 3251 549; x_wconf 88' lang='lat' dir='ltr'><strong>Patri</strong></span> <span class='ocrx_word' id='word_1_139' title='bbox 3302 511 3434 565; x_wconf 89' lang='lat' dir='ltr'><strong>sup-</strong></span> 
     </span>
    </p>
   </div>
   <div class='ocr_carea' id='block_1_21' title="bbox 1864 587 3433 658">
    <p class='ocr_par' dir='ltr' id='par_1_21' title="bbox 1864 587 3433 658">
     <span class='ocr_line' id='line_1_21' title="bbox 1864 587 3433 658; baseline 0 -17"><span class='ocrx_word' id='word_1_140' title='bbox 1864 588 2192 657; x_wconf 88' lang='lat' dir='ltr'><strong>plicationes</strong></span> <span class='ocrx_word' id='word_1_141' title='bbox 2231 603 2331 658; x_wconf 88' lang='lat' dir='ltr'><strong>pro</strong></span> <span class='ocrx_word' id='word_1_142' title='bbox 2363 590 2542 643; x_wconf 90' lang='lat' dir='ltr'><strong>nobis.</strong></span> <span class='ocrx_word' id='word_1_143' title='bbox 2578 587 2698 658; x_wconf 92' lang='lat' dir='ltr'><strong>Ipse</strong></span> <span class='ocrx_word' id='word_1_144' title='bbox 2744 589 2890 643; x_wconf 86' lang='lat' dir='ltr'><strong>enim</strong></span> <span class='ocrx_word' id='word_1_145' title='bbox 2929 596 3013 643; x_wconf 90' lang='lat' dir='ltr'><strong>est</strong></span> <span class='ocrx_word' id='word_1_146' title='bbox 3055 587 3298 641; x_wconf 90' lang='lat' dir='ltr'><strong>omnium</strong></span> <span class='ocrx_word' id='word_1_147' title='bbox 3334 603 3433 641; x_wconf 82' lang='lat' dir='ltr'><strong>no-</strong></span> 
     </span>
    </p>
   </div>
   <div class='ocr_carea' id='block_1_22' title="bbox 1864 678 3434 751">
    <p class='ocr_par' dir='ltr' id='par_1_22' title="bbox 1864 678 3434 751">
     <span class='ocr_line' id='line_1_22' title="bbox 1864 678 3434 751; baseline -0.003 -17"><span class='ocrx_word' id='word_1_148' title='bbox 1864 687 2041 734; x_wconf 85' lang='lat' dir='ltr'><strong>Strnm</strong></span> <span class='ocrx_word' id='word_1_149' title='bbox 2082 680 2279 735; x_wconf 83' lang='lat' dir='ltr'><strong>ﬁducia</strong></span> <span class='ocrx_word' id='word_1_150' title='bbox 2313 680 2458 751; x_wconf 89' lang='lat' dir='ltr'><strong>apud</strong></span> <span class='ocrx_word' id='word_1_151' title='bbox 2486 679 2728 736; x_wconf 89' lang='lat' dir='ltr'><strong>Patrem.</strong></span> <span class='ocrx_word' id='word_1_152' title='bbox 2773 679 2830 733; x_wconf 91' lang='lat' dir='ltr'><strong>ln</strong></span> <span class='ocrx_word' id='word_1_153' title='bbox 2870 679 3092 734; x_wconf 85' lang='lat' dir='ltr'><strong>nomine</strong></span> <span class='ocrx_word' id='word_1_154' title='bbox 3118 693 3250 748; x_wconf 84' lang='lat' dir='ltr'><strong>ergo</strong></span> <span class='ocrx_word' id='word_1_155' title='bbox 3271 678 3434 732; x_wconf 87' lang='lat' dir='ltr'><strong>Chri-</strong></span> 
     </span>
    </p>
   </div>
   <div class='ocr_carea' id='block_1_23' title="bbox 1864 768 3431 827">
    <p class='ocr_par' dir='ltr' id='par_1_23' title="bbox 1864 768 3431 827">
     <span class='ocr_line' id='line_1_23' title="bbox 1864 768 3431 827; baseline -0.001 -2"><span class='ocrx_word' id='word_1_156' title='bbox 1864 772 1935 826; x_wconf 93' lang='lat' dir='ltr'><strong>sti</strong></span> <span class='ocrx_word' id='word_1_157' title='bbox 1963 769 2275 827; x_wconf 87' lang='lat' dir='ltr'><strong>Servatoris</strong></span> <span class='ocrx_word' id='word_1_158' title='bbox 2306 772 2481 827; x_wconf 78' lang='lat' dir='ltr'><strong>nostri</strong></span> <span class='ocrx_word' id='word_1_159' title='bbox 2507 772 2774 827; x_wconf 90' lang='lat' dir='ltr'><strong>orandum</strong></span> <span class='ocrx_word' id='word_1_160' title='bbox 2804 779 2910 827; x_wconf 87' lang='lat' dir='ltr'><strong>est.</strong></span> <span class='ocrx_word' id='word_1_161' title='bbox 2940 770 3032 825; x_wconf 89' lang='lat' dir='ltr'><strong>Sic</strong></span> <span class='ocrx_word' id='word_1_162' title='bbox 3059 771 3203 826; x_wconf 89' lang='lat' dir='ltr'><strong>enim</strong></span> <span class='ocrx_word' id='word_1_163' title='bbox 3232 768 3431 823; x_wconf 85' lang='lat' dir='ltr'><strong>facilli—</strong></span> 
     </span>
    </p>
   </div>
   <div class='ocr_carea' id='block_1_24' title="bbox 1862 860 3434 934">
    <p class='ocr_par' dir='ltr' id='par_1_24' title="bbox 1862 860 3434 934">
     <span class='ocr_line' id='line_1_24' title="bbox 1862 860 3434 934; baseline -0.002 -19"><span class='ocrx_word' id='word_1_164' title='bbox 1862 876 1950 917; x_wconf 90' lang='lat' dir='ltr'><strong>me</strong></span> <span class='ocrx_word' id='word_1_165' title='bbox 1972 860 2132 917; x_wconf 88' lang='lat' dir='ltr'><strong>Pater</strong></span> <span class='ocrx_word' id='word_1_166' title='bbox 2167 870 2393 927; x_wconf 91' lang='lat' dir='ltr'><strong>annuet,</strong></span> <span class='ocrx_word' id='word_1_167' title='bbox 2428 879 2492 917; x_wconf 91' lang='lat' dir='ltr'><strong>ac</strong></span> <span class='ocrx_word' id='word_1_168' title='bbox 2522 862 2836 934; x_wconf 83' lang='lat' dir='ltr'><strong>petentibus</strong></span> <span class='ocrx_word' id='word_1_169' title='bbox 2864 861 3008 915; x_wconf 89' lang='lat' dir='ltr'><strong>bona</strong></span> <span class='ocrx_word' id='word_1_170' title='bbox 3056 860 3341 930; x_wconf 76' lang='lat' dir='ltr'><strong>largietur,</strong></span> <span class='ocrx_word' id='word_1_171' title='bbox 3373 867 3434 912; x_wconf 92' lang='lat' dir='ltr'><strong>ut</strong></span> 
     </span>
    </p>
   </div>
   <div class='ocr_carea' id='block_1_25' title="bbox 1862 951 3435 1025">
    <p class='ocr_par' dir='ltr' id='par_1_25' title="bbox 1862 951 3435 1025">
     <span class='ocr_line' id='line_1_25' title="bbox 1862 951 3435 1025; baseline -0.004 -18"><span class='ocrx_word' id='word_1_172' title='bbox 1862 953 1933 1009; x_wconf 92' lang='lat' dir='ltr'><strong>iis</strong></span> <span class='ocrx_word' id='word_1_173' title='bbox 1970 956 2212 1025; x_wconf 84' lang='lat' dir='ltr'><strong>acceptis</strong></span> <span class='ocrx_word' id='word_1_174' title='bbox 2240 955 2507 1010; x_wconf 68' lang='lat' dir='ltr'><strong>laetemur.</strong></span> <span class='ocrx_word' id='word_1_175' title='bbox 2551 953 2759 1025; x_wconf 82' lang='lat' dir='ltr'><strong>Repleti</strong></span> <span class='ocrx_word' id='word_1_176' title='bbox 2790 954 2996 1024; x_wconf 87' lang='lat' dir='ltr'><strong>quippe</strong></span> <span class='ocrx_word' id='word_1_177' title='bbox 3024 951 3183 1006; x_wconf 91' lang='lat' dir='ltr'><strong>donis</strong></span> <span class='ocrx_word' id='word_1_178' title='bbox 3214 951 3435 1020; x_wconf 81' lang='lat' dir='ltr'><strong>spirita-</strong></span> 
     </span>
    </p>
   </div>
   <div class='ocr_carea' id='block_1_26' title="bbox 1863 1043 3434 1118">
    <p class='ocr_par' dir='ltr' id='par_1_26' title="bbox 1863 1043 3434 1118">
     <span class='ocr_line' id='line_1_26' title="bbox 1863 1043 3434 1118; baseline -0.003 -18"><span class='ocrx_word' id='word_1_179' title='bbox 1863 1047 2036 1113; x_wconf 91' lang='lat' dir='ltr'><strong>libus,</strong></span> <span class='ocrx_word' id='word_1_180' title='bbox 2064 1048 2296 1117; x_wconf 88' lang='lat' dir='ltr'><strong>ejusque</strong></span> <span class='ocrx_word' id='word_1_181' title='bbox 2320 1047 2575 1118; x_wconf 89' lang='lat' dir='ltr'><strong>locupleti</strong></span> <span class='ocrx_word' id='word_1_182' title='bbox 2607 1046 2919 1116; x_wconf 75' lang='lat' dir='ltr'><strong>cognitione</strong></span> <span class='ocrx_word' id='word_1_183' title='bbox 2947 1045 3126 1109; x_wconf 88' lang='lat' dir='ltr'><strong>ditati,</strong></span> <span class='ocrx_word' id='word_1_184' title='bbox 3152 1058 3249 1113; x_wconf 89' lang='lat' dir='ltr'><strong>per</strong></span> <span class='ocrx_word' id='word_1_185' title='bbox 3272 1043 3434 1097; x_wconf 85' lang='lat' dir='ltr'><strong>inha-</strong></span> 
     </span>
    </p>
   </div>
   <div class='ocr_carea' id='block_1_27' title="bbox 1863 1135 3435 1209">
    <p class='ocr_par' dir='ltr' id='par_1_27' title="bbox 1863 1135 3435 1209">
     <span class='ocr_line' id='line_1_27' title="bbox 1863 1135 3435 1209; baseline -0.003 -16"><span class='ocrx_word' id='word_1_186' title='bbox 1863 1137 2131 1194; x_wconf 88' lang='lat' dir='ltr'><strong>bitantem</strong></span> <span class='ocrx_word' id='word_1_187' title='bbox 2159 1139 2214 1193; x_wconf 92' lang='lat' dir='ltr'><strong>in</strong></span> <span class='ocrx_word' id='word_1_188' title='bbox 2244 1140 2401 1194; x_wconf 90' lang='lat' dir='ltr'><strong>nobis</strong></span> <span class='ocrx_word' id='word_1_189' title='bbox 2424 1137 2710 1209; x_wconf 88' lang='lat' dir='ltr'><strong>Spiritum,</strong></span> <span class='ocrx_word' id='word_1_190' title='bbox 2739 1136 3041 1207; x_wconf 81' lang='lat' dir='ltr'><strong>quamlibet</strong></span> <span class='ocrx_word' id='word_1_191' title='bbox 3067 1135 3338 1205; x_wconf 86' lang='lat' dir='ltr'><strong>impuram</strong></span> <span class='ocrx_word' id='word_1_192' title='bbox 3369 1149 3435 1188; x_wconf 88' lang='lat' dir='ltr'><strong>ac</strong></span> 
     </span>
    </p>
   </div>
   <div class='ocr_carea' id='block_1_28' title="bbox 1861 1228 3437 1303">
    <p class='ocr_par' dir='ltr' id='par_1_28' title="bbox 1861 1228 3437 1303">
     <span class='ocr_line' id='line_1_28' title="bbox 1861 1228 3437 1303; baseline -0.003 -19"><span class='ocrx_word' id='word_1_193' title='bbox 1861 1230 2129 1286; x_wconf 80' lang='lat' dir='ltr'><strong>nefariam</strong></span> <span class='ocrx_word' id='word_1_194' title='bbox 2180 1233 2517 1303; x_wconf 84' lang='lat' dir='ltr'><strong>voluptatem</strong></span> <span class='ocrx_word' id='word_1_195' title='bbox 2559 1230 2719 1285; x_wconf 81' lang='lat' dir='ltr'><strong>facile</strong></span> <span class='ocrx_word' id='word_1_196' title='bbox 2769 1228 3237 1299; x_wconf 77' lang='lat' dir='ltr'><strong>expugnabimus,</strong></span> <span class='ocrx_word' id='word_1_197' title='bbox 3275 1236 3437 1295; x_wconf 87' lang='lat' dir='ltr'><strong>atque</strong></span> 
     </span>
    </p>
   </div>
   <div class='ocr_carea' id='block_1_29' title="bbox 1861 1319 3436 1395">
    <p class='ocr_par' dir='ltr' id='par_1_29' title="bbox 1861 1319 3436 1395">
     <span class='ocr_line' id='line_1_29' title="bbox 1861 1319 3436 1395; baseline -0.002 -20"><span class='ocrx_word' id='word_1_198' title='bbox 1861 1321 1938 1376; x_wconf 90' lang='lat' dir='ltr'><strong>ita</strong></span> <span class='ocrx_word' id='word_1_199' title='bbox 1992 1323 2132 1379; x_wconf 87' lang='lat' dir='ltr'><strong>bene</strong></span> <span class='ocrx_word' id='word_1_200' title='bbox 2187 1333 2431 1395; x_wconf 80' lang='lat' dir='ltr'><strong>agentes,</strong></span> <span class='ocrx_word' id='word_1_201' title='bbox 2488 1334 2542 1378; x_wconf 90' lang='lat' dir='ltr'><strong>et</strong></span> <span class='ocrx_word' id='word_1_202' title='bbox 2589 1324 2655 1377; x_wconf 88' lang='lat' dir='ltr'><strong>ad</strong></span> <span class='ocrx_word' id='word_1_203' title='bbox 2713 1324 2896 1377; x_wconf 90' lang='lat' dir='ltr'><strong>omnis</strong></span> <span class='ocrx_word' id='word_1_204' title='bbox 2943 1321 3167 1374; x_wconf 89' lang='lat' dir='ltr'><strong>virtutis</strong></span> <span class='ocrx_word' id='word_1_205' title='bbox 3215 1319 3436 1373; x_wconf 89' lang='lat' dir='ltr'><strong>deside-</strong></span> 
     </span>
    </p>
   </div>
   <div class='ocr_carea' id='block_1_30' title="bbox 1862 1412 3435 1483">
    <p class='ocr_par' dir='ltr' id='par_1_30' title="bbox 1862 1412 3435 1483">
     <span class='ocr_line' id='line_1_30' title="bbox 1862 1412 3435 1483; baseline -0.003 -16"><span class='ocrx_word' id='word_1_206' title='bbox 1862 1414 2006 1468; x_wconf 87' lang='lat' dir='ltr'><strong>rium</strong></span> <span class='ocrx_word' id='word_1_207' title='bbox 2036 1415 2235 1477; x_wconf 84' lang='lat' dir='ltr'><strong>evecti,</strong></span> <span class='ocrx_word' id='word_1_208' title='bbox 2273 1430 2338 1469; x_wconf 90' lang='lat' dir='ltr'><strong>ac</strong></span> <span class='ocrx_word' id='word_1_209' title='bbox 2394 1415 2775 1469; x_wconf 88' lang='lat' dir='ltr'><strong>retributionis</strong></span> <span class='ocrx_word' id='word_1_210' title='bbox 2809 1429 2904 1483; x_wconf 88' lang='lat' dir='ltr'><strong>spe</strong></span> <span class='ocrx_word' id='word_1_211' title='bbox 2942 1412 3008 1466; x_wconf 88' lang='lat' dir='ltr'><strong>ad</strong></span> <span class='ocrx_word' id='word_1_212' title='bbox 3068 1426 3282 1465; x_wconf 88' lang='lat' dir='ltr'><strong>omnem</strong></span> <span class='ocrx_word' id='word_1_213' title='bbox 3319 1424 3435 1464; x_wconf 88' lang='lat' dir='ltr'><strong>rem</strong></span> 
     </span>
    </p>
   </div>
   <div class='ocr_carea' id='block_1_31' title="bbox 1861 1503 3432 1576">
    <p class='ocr_par' dir='ltr' id='par_1_31' title="bbox 1861 1503 3432 1576">
     <span class='ocr_line' id='line_1_31' title="bbox 1861 1503 3432 1576; baseline -0.003 -17"><span class='ocrx_word' id='word_1_214' title='bbox 1861 1522 1986 1576; x_wconf 59' lang='lat' dir='ltr'><strong>qua</strong></span> <span class='ocrx_word' id='word_1_215' title='bbox 2064 1507 2131 1561; x_wconf 90' lang='lat' dir='ltr'><strong>ad</strong></span> <span class='ocrx_word' id='word_1_216' title='bbox 2197 1507 2685 1563; x_wconf 83' lang='lat' dir='ltr'><strong>sanctiﬁcationem</strong></span> <span class='ocrx_word' id='word_1_217' title='bbox 2759 1506 3030 1560; x_wconf 84' lang='lat' dir='ltr'><strong>conducat</strong></span> <span class='ocrx_word' id='word_1_218' title='bbox 3106 1503 3432 1566; x_wconf 78' lang='lat' dir='ltr'><strong>confirmati,</strong></span> 
     </span>
    </p>
   </div>
   <div class='ocr_carea' id='block_1_32' title="bbox 1861 1594 3437 1672">
    <p class='ocr_par' dir='ltr' id='par_1_32' title="bbox 1861 1594 3437 1672">
     <span class='ocr_line' id='line_1_32' title="bbox 1861 1594 3437 1672; baseline -0.004 -19"><span class='ocrx_word' id='word_1_219' title='bbox 1861 1602 2215 1655; x_wconf 73' lang='lat' dir='ltr'><strong>vehementer</strong></span> <span class='ocrx_word' id='word_1_220' title='bbox 2275 1600 2618 1672; x_wconf 88' lang='lat' dir='ltr'><strong>gaudemus,</strong></span> <span class='ocrx_word' id='word_1_221' title='bbox 2679 1606 2734 1652; x_wconf 89' lang='lat' dir='ltr'><strong>et</strong></span> <span class='ocrx_word' id='word_1_222' title='bbox 2814 1599 3074 1668; x_wconf 74' lang='lat' dir='ltr'><strong>improbae</strong></span> <span class='ocrx_word' id='word_1_223' title='bbox 3149 1594 3437 1649; x_wconf 83' lang='lat' dir='ltr'><strong>conscien-</strong></span> 
     </span>
    </p>
   </div>
   <div class='ocr_carea' id='block_1_33' title="bbox 1862 1687 3437 1761">
    <p class='ocr_par' dir='ltr' id='par_1_33' title="bbox 1862 1687 3437 1761">
     <span class='ocr_line' id='line_1_33' title="bbox 1862 1687 3437 1761; baseline -0.003 -18"><span class='ocrx_word' id='word_1_224' title='bbox 1862 1693 1979 1747; x_wconf 68' lang='lat' dir='ltr'><strong>tias.</strong></span> <span class='ocrx_word' id='word_1_225' title='bbox 2039 1706 2277 1746; x_wconf 67' lang='lat' dir='ltr'><strong>maerore</strong></span> <span class='ocrx_word' id='word_1_226' title='bbox 2341 1691 2590 1761; x_wconf 90' lang='lat' dir='ltr'><strong>depulso,</strong></span> <span class='ocrx_word' id='word_1_227' title='bbox 2650 1690 2859 1745; x_wconf 85' lang='lat' dir='ltr'><strong>Christi</strong></span> <span class='ocrx_word' id='word_1_228' title='bbox 2946 1687 3135 1744; x_wconf 62' lang='lat' dir='ltr'><strong>laetitia</strong></span> <span class='ocrx_word' id='word_1_229' title='bbox 3201 1696 3437 1741; x_wconf 89' lang='lat' dir='ltr'><strong>mentem</strong></span> 
     </span>
    </p>
   </div>
   <div class='ocr_carea' id='block_1_34' title="bbox 176 1758 1764 1853">
    <p class='ocr_par' dir='ltr' id='par_1_34' title="bbox 176 1771 1759 1847">
     <span class='ocr_line' id='line_1_34' title="bbox 176 1771 1759 1847; baseline 0.003 -21"><span class='ocrx_word' id='word_1_230' title='bbox 176 1773 348 1838; x_wconf 69' lang='grc' dir='ltr'>ἰόντος</span> <span class='ocrx_word' id='word_1_231' title='bbox 381 1773 583 1845; x_wconf 85' lang='grc' dir='ltr'>ἀρετῆς</span> <span class='ocrx_word' id='word_1_232' title='bbox 627 1773 727 1826; x_wconf 82' lang='grc' dir='ltr'>σὺν</span> <span class='ocrx_word' id='word_1_233' title='bbox 757 1771 1024 1844; x_wconf 77' lang='grc' dir='ltr'>ἐξαιρέτῳ</span> <span class='ocrx_word' id='word_1_234' title='bbox 1058 1777 1124 1846; x_wconf 81' lang='grc' dir='ltr'>τῇ</span> <span class='ocrx_word' id='word_1_235' title='bbox 1165 1774 1468 1847; x_wconf 78' lang='grc' dir='ltr'>προθυμίᾳ,</span> <span class='ocrx_word' id='word_1_236' title='bbox 1504 1776 1600 1830; x_wconf 75' lang='grc' dir='ltr'>καὶ</span> <span class='ocrx_word' id='word_1_237' title='bbox 1635 1793 1759 1830; x_wconf 84' lang='grc' dir='ltr'>νευ-</span> 
     </span>
    </p>
   </div>
   <div class='ocr_carea' id='block_1_35' title="bbox 1873 1758 3437 1853">
    <p class='ocr_par' dir='ltr' id='par_1_35' title="bbox 1873 1758 3437 1853">
     <span class='ocr_line' id='line_1_35' title="bbox 1873 1758 3437 1853; baseline -0.004 -18"><span class='ocrx_word' id='word_1_238' title='bbox 1873 1791 2107 1836; x_wconf 90' lang='lat' dir='ltr'><strong>nostram</strong></span> <span class='ocrx_word' id='word_1_239' title='bbox 2134 1758 2467 1853; x_wconf 36' lang='lat' dir='ltr'><strong>saginamu&#39;s.</strong></span> <span class='ocrx_word' id='word_1_240' title='bbox 2499 1781 2656 1848; x_wconf 85' lang='lat' dir='ltr'><strong>Quod</strong></span> <span class='ocrx_word' id='word_1_241' title='bbox 2687 1781 2965 1837; x_wconf 76' lang='lat' dir='ltr'><strong>veteribus</strong></span> <span class='ocrx_word' id='word_1_242' title='bbox 3010 1777 3232 1850; x_wconf 88' lang='lat' dir='ltr'><strong>quidem</strong></span> <span class='ocrx_word' id='word_1_243' title='bbox 3263 1776 3437 1832; x_wconf 90' lang='lat' dir='ltr'><strong>usita-</strong></span> 
     </span>
    </p>
   </div>
   <div class='ocr_carea' id='block_1_36' title="bbox 174 1865 1758 1937">
    <p class='ocr_par' dir='ltr' id='par_1_36' title="bbox 174 1865 1758 1937">
     <span class='ocr_line' id='line_1_36' title="bbox 174 1865 1758 1937; baseline 0.003 -19"><span class='ocrx_word' id='word_1_244' title='bbox 174 1865 433 1935; x_wconf 82' lang='grc' dir='ltr'>ρούμενοι</span> <span class='ocrx_word' id='word_1_245' title='bbox 463 1865 600 1935; x_wconf 83' lang='grc' dir='ltr'>πρὸς</span> <span class='ocrx_word' id='word_1_246' title='bbox 640 1867 748 1919; x_wconf 77' lang='grc' dir='ltr'><strong>πᾶν</strong></span> <span class='ocrx_word' id='word_1_247' title='bbox 785 1866 963 1919; x_wconf 84' lang='grc' dir='ltr'>ὁτιοῦν</span> <span class='ocrx_word' id='word_1_248' title='bbox 993 1866 1102 1919; x_wconf 84' lang='grc' dir='ltr'>τῶν</span> <span class='ocrx_word' id='word_1_249' title='bbox 1143 1868 1244 1919; x_wconf 85' lang='grc' dir='ltr'>ὅσα</span> <span class='ocrx_word' id='word_1_250' title='bbox 1281 1866 1539 1920; x_wconf 79' lang='grc' dir='ltr'>τελοῦντα</span> <span class='ocrx_word' id='word_1_251' title='bbox 1572 1868 1758 1937; x_wconf 88' lang='grc' dir='ltr'>φαίνε-</span> 
     </span>
    </p>
   </div>
   <div class='ocr_carea' id='block_1_37' title="bbox 171 1957 1757 2031">
    <p class='ocr_par' dir='ltr' id='par_1_37' title="bbox 171 1957 1757 2031">
     <span class='ocr_line' id='line_1_37' title="bbox 171 1957 1757 2031; baseline 0.002 -20"><span class='ocrx_word' id='word_1_252' title='bbox 171 1976 261 2011; x_wconf 86' lang='grc' dir='ltr'><strong>ται</strong></span> <span class='ocrx_word' id='word_1_253' title='bbox 287 1958 427 2030; x_wconf 78' lang='grc' dir='ltr'>πρὸς</span> <span class='ocrx_word' id='word_1_254' title='bbox 462 1957 732 2027; x_wconf 82' lang='grc' dir='ltr'>ἁγιασμδν</span> <span class='ocrx_word' id='word_1_255' title='bbox 754 1961 822 2030; x_wconf 82' lang='grc' dir='ltr'><strong>τῇ</strong></span> <span class='ocrx_word' id='word_1_256' title='bbox 857 1959 957 2028; x_wconf 90' lang='grc' dir='ltr'><strong>τῆς</strong></span> <span class='ocrx_word' id='word_1_257' title='bbox 995 1958 1234 2029; x_wconf 91' lang='grc' dir='ltr'>ἀμοιϐῆς</span> <span class='ocrx_word' id='word_1_258' title='bbox 1264 1959 1458 2021; x_wconf 77' lang='grc' dir='ltr'>ἐλπίδι,</span> <span class='ocrx_word' id='word_1_259' title='bbox 1495 1960 1757 2031; x_wconf 85' lang='grc' dir='ltr'>χαίρομέν</span> 
     </span>
    </p>
   </div>
   <div class='ocr_carea' id='block_1_38' title="bbox 170 2046 1760 2121">
    <p class='ocr_par' dir='ltr' id='par_1_38' title="bbox 170 2046 1760 2121">
     <span class='ocr_line' id='line_1_38' title="bbox 170 2046 1760 2121; baseline 0.003 -20"><span class='ocrx_word' id='word_1_260' title='bbox 170 2065 232 2101; x_wconf 90' lang='grc' dir='ltr'><strong>τε</strong></span> <span class='ocrx_word' id='word_1_261' title='bbox 265 2048 409 2113; x_wconf 77' lang='grc' dir='ltr'>λίαν,</span> <span class='ocrx_word' id='word_1_262' title='bbox 453 2047 547 2102; x_wconf 84' lang='grc' dir='ltr'>καὶ</span> <span class='ocrx_word' id='word_1_263' title='bbox 600 2046 698 2118; x_wconf 82' lang='grc' dir='ltr'>τὴν</span> <span class='ocrx_word' id='word_1_264' title='bbox 744 2051 809 2102; x_wconf 83' lang='grc' dir='ltr'>ὲκ</span> <span class='ocrx_word' id='word_1_265' title='bbox 853 2050 947 2103; x_wconf 88' lang='grc' dir='ltr'><strong>τοῦ</strong></span> <span class='ocrx_word' id='word_1_266' title='bbox 995 2049 1233 2121; x_wconf 87' lang='grc' dir='ltr'>πονηροῦ</span> <span class='ocrx_word' id='word_1_267' title='bbox 1281 2049 1581 2114; x_wconf 83' lang='grc' dir='ltr'>συνειδότος</span> <span class='ocrx_word' id='word_1_268' title='bbox 1626 2068 1760 2105; x_wconf 65' lang='grc' dir='ltr'>κατε</span> 
     </span>
    </p>
   </div>
   <div class='ocr_carea' id='block_1_39' title="bbox 171 2140 1761 2211">
    <p class='ocr_par' dir='ltr' id='par_1_39' title="bbox 171 2140 1761 2211">
     <span class='ocr_line' id='line_1_39' title="bbox 171 2140 1761 2211; baseline 0.002 -19"><span class='ocrx_word' id='word_1_269' title='bbox 171 2140 373 2209; x_wconf 83' lang='grc' dir='ltr'>ήφειαν</span> <span class='ocrx_word' id='word_1_270' title='bbox 400 2140 888 2210; x_wconf 78' lang='grc' dir='ltr'>ἀποπεμψάμενοι,</span> <span class='ocrx_word' id='word_1_271' title='bbox 929 2143 1051 2205; x_wconf 87' lang='grc' dir='ltr'>ταῖς</span> <span class='ocrx_word' id='word_1_272' title='bbox 1091 2141 1183 2194; x_wconf 76' lang='grc' dir='ltr'><strong>ἐπὶ</strong></span> <span class='ocrx_word' id='word_1_273' title='bbox 1214 2140 1433 2210; x_wconf 87' lang='grc' dir='ltr'>Χριστῷ</span> <span class='ocrx_word' id='word_1_274' title='bbox 1473 2140 1761 2211; x_wconf 79' lang='grc' dir='ltr'>θυμηδίαις</span> 
     </span>
    </p>
   </div>
   <div class='ocr_carea' id='block_1_40' title="bbox 170 2229 1761 2307">
    <p class='ocr_par' dir='ltr' id='par_1_40' title="bbox 170 2229 1761 2307">
     <span class='ocr_line' id='line_1_40' title="bbox 170 2229 1761 2307; baseline 0.004 -25"><span class='ocrx_word' id='word_1_275' title='bbox 170 2230 265 2283; x_wconf 83' lang='grc' dir='ltr'>τὸν</span> <span class='ocrx_word' id='word_1_276' title='bbox 297 2233 498 2285; x_wconf 77' lang='grc' dir='ltr'>οἰκεῖον</span> <span class='ocrx_word' id='word_1_277' title='bbox 525 2232 959 2303; x_wconf 85' lang='grc' dir='ltr'>καταπιαίνομεν</span> <span class='ocrx_word' id='word_1_278' title='bbox 987 2231 1131 2287; x_wconf 83' lang='grc' dir='ltr'>νοῦν.</span> <span class='ocrx_word' id='word_1_279' title='bbox 1161 2233 1273 2287; x_wconf 74' lang='grc' dir='ltr'><strong>Καὶ</strong></span> <span class='ocrx_word' id='word_1_280' title='bbox 1292 2229 1360 2304; x_wconf 79' lang='grc' dir='ltr'>ἦν</span> <span class='ocrx_word' id='word_1_281' title='bbox 1396 2233 1495 2303; x_wconf 78' lang='grc' dir='ltr'>μὲν</span> <span class='ocrx_word' id='word_1_282' title='bbox 1528 2236 1639 2297; x_wconf 79' lang='grc' dir='ltr'>τοῖς</span> <span class='ocrx_word' id='word_1_283' title='bbox 1660 2235 1761 2307; x_wconf 84' lang='grc' dir='ltr'><strong>ἁρ-</strong></span> 
     </span>
    </p>
   </div>
   <div class='ocr_carea' id='block_1_41' title="bbox 170 2323 1761 2397">
    <p class='ocr_par' dir='ltr' id='par_1_41' title="bbox 170 2323 1761 2397">
     <span class='ocr_line' id='line_1_41' title="bbox 170 2323 1761 2397; baseline 0.003 -22"><span class='ocrx_word' id='word_1_284' title='bbox 170 2323 479 2395; x_wconf 83' lang='grc' dir='ltr'>χαιοτὲροις</span> <span class='ocrx_word' id='word_1_285' title='bbox 513 2324 950 2393; x_wconf 79' lang='grc' dir='ltr'>ἀνεπιτήδευτον.</span> <span class='ocrx_word' id='word_1_286' title='bbox 999 2325 1075 2377; x_wconf 81' lang='grc' dir='ltr'><strong>Οὐ</strong></span> <span class='ocrx_word' id='word_1_287' title='bbox 1122 2325 1232 2396; x_wconf 80' lang='grc' dir='ltr'><strong>γὰρ</strong></span> <span class='ocrx_word' id='word_1_288' title='bbox 1265 2325 1603 2397; x_wconf 86' lang='grc' dir='ltr'>μεμελέτητό</span> <span class='ocrx_word' id='word_1_289' title='bbox 1645 2344 1761 2390; x_wconf 76' lang='grc' dir='ltr'><strong>πως</strong></span> 
     </span>
    </p>
   </div>
   <div class='ocr_carea' id='block_1_42' title="bbox 172 2414 1760 2491">
    <p class='ocr_par' dir='ltr' id='par_1_42' title="bbox 172 2414 1760 2491">
     <span class='ocr_line' id='line_1_42' title="bbox 172 2414 1760 2491; baseline 0.003 -26"><span class='ocrx_word' id='word_1_290' title='bbox 172 2414 484 2485; x_wconf 82' lang='grc' dir='ltr'>προσευχῆς</span> <span class='ocrx_word' id='word_1_291' title='bbox 500 2432 584 2478; x_wconf 90' lang='grc' dir='ltr'><strong>τις</strong></span> <span class='ocrx_word' id='word_1_292' title='bbox 608 2414 851 2477; x_wconf 81' lang='grc' dir='ltr'>τοιοῦτος</span> <span class='ocrx_word' id='word_1_293' title='bbox 884 2414 1088 2487; x_wconf 85' lang='grc' dir='ltr'>τρόπος</span> <span class='ocrx_word' id='word_1_294' title='bbox 1114 2416 1204 2470; x_wconf 77' lang='grc' dir='ltr'><strong>διὰ</strong></span> <span class='ocrx_word' id='word_1_295' title='bbox 1230 2416 1329 2487; x_wconf 88' lang='grc' dir='ltr'>τὴν</span> <span class='ocrx_word' id='word_1_296' title='bbox 1360 2415 1582 2485; x_wconf 79' lang='grc' dir='ltr'>ἄγνοιαν</span> <span class='ocrx_word' id='word_1_297' title='bbox 1600 2433 1615 2448; x_wconf 87' lang='grc'><strong>·</strong></span> <span class='ocrx_word' id='word_1_298' title='bbox 1642 2416 1760 2491; x_wconf 79' lang='grc' dir='ltr'>ὁρί-·</span> 
     </span>
    </p>
   </div>
   <div class='ocr_carea' id='block_1_43' title="bbox 173 2504 1756 2577">
    <p class='ocr_par' dir='ltr' id='par_1_43' title="bbox 173 2504 1756 2577">
     <span class='ocr_line' id='line_1_43' title="bbox 173 2504 1756 2577; baseline 0.001 -18"><span class='ocrx_word' id='word_1_299' title='bbox 173 2504 328 2570; x_wconf 84' lang='grc' dir='ltr'>ζεται</span> <span class='ocrx_word' id='word_1_300' title='bbox 358 2506 416 2559; x_wconf 82' lang='grc' dir='ltr'>δὲ</span> <span class='ocrx_word' id='word_1_301' title='bbox 462 2506 579 2559; x_wconf 82' lang='grc' dir='ltr'>νυνὶ</span> <span class='ocrx_word' id='word_1_302' title='bbox 610 2505 700 2560; x_wconf 89' lang='grc' dir='ltr'><strong>διά</strong></span> <span class='ocrx_word' id='word_1_303' title='bbox 746 2506 1008 2577; x_wconf 77' lang='grc' dir='ltr'>Χριστοῦ,</span> <span class='ocrx_word' id='word_1_304' title='bbox 1048 2506 1141 2559; x_wconf 73' lang='grc' dir='ltr'>καὶ</span> <span class='ocrx_word' id='word_1_305' title='bbox 1195 2506 1339 2577; x_wconf 88' lang='grc' dir='ltr'>μάλα</span> <span class='ocrx_word' id='word_1_306' title='bbox 1368 2506 1612 2574; x_wconf 79' lang='grc' dir='ltr'>εἰκότως,</span> <span class='ocrx_word' id='word_1_307' title='bbox 1666 2509 1756 2562; x_wconf 84' lang='grc' dir='ltr'>ὅτε</span> 
     </span>
    </p>
   </div>
   <div class='ocr_carea' id='block_1_44' title="bbox 1861 1868 3436 1942">
    <p class='ocr_par' dir='ltr' id='par_1_44' title="bbox 1861 1868 3436 1942">
     <span class='ocr_line' id='line_1_44' title="bbox 1861 1868 3436 1942; baseline -0.005 -14"><span class='ocrx_word' id='word_1_308' title='bbox 1861 1880 1980 1928; x_wconf 86' lang='lat' dir='ltr'><strong>tum</strong></span> <span class='ocrx_word' id='word_1_309' title='bbox 2031 1874 2299 1929; x_wconf 77' lang='lat' dir='ltr'><strong>nonfuit.</strong></span> <span class='ocrx_word' id='word_1_310' title='bbox 2346 1873 2460 1929; x_wconf 85' lang='lat' dir='ltr'><strong>Nec</strong></span> <span class='ocrx_word' id='word_1_311' title='bbox 2511 1876 2657 1928; x_wconf 91' lang='lat' dir='ltr'><strong>enim</strong></span> <span class='ocrx_word' id='word_1_312' title='bbox 2705 1874 2870 1929; x_wconf 90' lang='lat' dir='ltr'><strong>istum</strong></span> <span class='ocrx_word' id='word_1_313' title='bbox 2910 1870 3169 1942; x_wconf 87' lang='lat' dir='ltr'><strong>precandi</strong></span> <span class='ocrx_word' id='word_1_314' title='bbox 3214 1868 3436 1923; x_wconf 91' lang='lat' dir='ltr'><strong>modum</strong></span> 
     </span>
    </p>
   </div>
   <div class='ocr_carea' id='block_1_45' title="bbox 1866 1955 3439 2034">
    <p class='ocr_par' dir='ltr' id='par_1_45' title="bbox 1866 1955 3439 2034">
     <span class='ocr_line' id='line_1_45' title="bbox 1866 1955 3439 2034; baseline -0.006 -17"><span class='ocrx_word' id='word_1_315' title='bbox 1866 1973 2224 2034; x_wconf 85' lang='lat' dir='ltr'><strong>usurparunt,</strong></span> <span class='ocrx_word' id='word_1_316' title='bbox 2251 1978 2361 2034; x_wconf 69' lang='lat' dir='ltr'><strong>pra:</strong></span> <span class='ocrx_word' id='word_1_317' title='bbox 2385 1963 2697 2034; x_wconf 88' lang='lat' dir='ltr'><strong>ignorantia</strong></span> <span class='ocrx_word' id='word_1_318' title='bbox 2723 1980 2737 2016; x_wconf 88' lang='lat'>:</span> <span class='ocrx_word' id='word_1_319' title='bbox 2769 1976 2917 2016; x_wconf 88' lang='lat' dir='ltr'><strong>nunc</strong></span> <span class='ocrx_word' id='word_1_320' title='bbox 2949 1967 3130 2015; x_wconf 90' lang='lat' dir='ltr'><strong>autem</strong></span> <span class='ocrx_word' id='word_1_321' title='bbox 3156 1973 3252 2029; x_wconf 92' lang='lat' dir='ltr'><strong>per</strong></span> <span class='ocrx_word' id='word_1_322' title='bbox 3278 1955 3439 2012; x_wconf 86' lang='lat' dir='ltr'><strong>Chri—</strong></span> 
     </span>
    </p>
   </div>
   <div class='ocr_carea' id='block_1_46' title="bbox 1864 2054 3437 2126">
    <p class='ocr_par' dir='ltr' id='par_1_46' title="bbox 1864 2054 3437 2126">
     <span class='ocr_line' id='line_1_46' title="bbox 1864 2054 3437 2126; baseline -0.004 -16"><span class='ocrx_word' id='word_1_323' title='bbox 1864 2064 2009 2110; x_wconf 84' lang='lat' dir='ltr'><strong>stum</strong></span> <span class='ocrx_word' id='word_1_324' title='bbox 2061 2055 2348 2122; x_wconf 87' lang='lat' dir='ltr'><strong>statuitur,</strong></span> <span class='ocrx_word' id='word_1_325' title='bbox 2401 2055 2563 2126; x_wconf 90' lang='lat' dir='ltr'><strong>idque</strong></span> <span class='ocrx_word' id='word_1_326' title='bbox 2591 2055 2717 2125; x_wconf 89' lang='lat' dir='ltr'><strong>jure</strong></span> <span class='ocrx_word' id='word_1_327' title='bbox 2770 2054 2988 2119; x_wconf 88' lang='lat' dir='ltr'><strong>merito,</strong></span> <span class='ocrx_word' id='word_1_328' title='bbox 3051 2065 3177 2105; x_wconf 91' lang='lat' dir='ltr'><strong>cum</strong></span> <span class='ocrx_word' id='word_1_329' title='bbox 3221 2058 3437 2116; x_wconf 88' lang='lat' dir='ltr'><strong>tempus</strong></span> 
     </span>
    </p>
   </div>
   <div class='ocr_carea' id='block_1_47' title="bbox 1864 2139 3438 2214">
    <p class='ocr_par' dir='ltr' id='par_1_47' title="bbox 1864 2139 3438 2214">
     <span class='ocr_line' id='line_1_47' title="bbox 1864 2139 3438 2214; baseline -0.008 -11"><span class='ocrx_word' id='word_1_330' title='bbox 1864 2148 2225 2204; x_wconf 85' lang='lat' dir='ltr'><strong>correctionis</strong></span> <span class='ocrx_word' id='word_1_331' title='bbox 2256 2146 2543 2209; x_wconf 82' lang='lat' dir='ltr'><strong>all‘ulserit,</strong></span> <span class='ocrx_word' id='word_1_332' title='bbox 2594 2153 2647 2201; x_wconf 86' lang='lat' dir='ltr'><strong>et</strong></span> <span class='ocrx_word' id='word_1_333' title='bbox 2694 2146 2939 2214; x_wconf 85' lang='lat' dir='ltr'><strong>cujusvis</strong></span> <span class='ocrx_word' id='word_1_334' title='bbox 2997 2142 3123 2197; x_wconf 89' lang='lat' dir='ltr'><strong>boni</strong></span> <span class='ocrx_word' id='word_1_335' title='bbox 3170 2139 3438 2211; x_wconf 83' lang='lat' dir='ltr'><strong>perfectio</strong></span> 
     </span>
    </p>
   </div>
   <div class='ocr_carea' id='block_1_48' title="bbox 1865 2232 3441 2310">
    <p class='ocr_par' dir='ltr' id='par_1_48' title="bbox 1865 2232 3441 2310">
     <span class='ocr_line' id='line_1_48' title="bbox 1865 2232 3441 2310; baseline -0.005 -15"><span class='ocrx_word' id='word_1_336' title='bbox 1865 2256 1963 2310; x_wconf 86' lang='lat' dir='ltr'><strong>per</strong></span> <span class='ocrx_word' id='word_1_337' title='bbox 1988 2256 2113 2296; x_wconf 88' lang='lat' dir='ltr'><strong>eum</strong></span> <span class='ocrx_word' id='word_1_338' title='bbox 2149 2240 2375 2294; x_wconf 85' lang='lat' dir='ltr'><strong>inducta</strong></span> <span class='ocrx_word' id='word_1_339' title='bbox 2406 2240 2497 2295; x_wconf 91' lang='lat' dir='ltr'><strong>sit.</strong></span> <span class='ocrx_word' id='word_1_340' title='bbox 2525 2237 2993 2305; x_wconf 82' lang='lat' dir='ltr'><strong>Quemadmodum</strong></span> <span class='ocrx_word' id='word_1_341' title='bbox 3018 2235 3163 2290; x_wconf 89' lang='lat' dir='ltr'><strong>enim</strong></span> <span class='ocrx_word' id='word_1_342' title='bbox 3190 2235 3271 2288; x_wconf 82' lang='lat' dir='ltr'><strong>lex</strong></span> <span class='ocrx_word' id='word_1_343' title='bbox 3303 2232 3441 2287; x_wconf 86' lang='lat' dir='ltr'><strong>nihil</strong></span> 
     </span>
    </p>
   </div>
   <div class='ocr_carea' id='block_1_49' title="bbox 1866 2324 3440 2400">
    <p class='ocr_par' dir='ltr' id='par_1_49' title="bbox 1866 2324 3440 2400">
     <span class='ocr_line' id='line_1_49' title="bbox 1866 2324 3440 2400; baseline -0.004 -17"><span class='ocrx_word' id='word_1_344' title='bbox 1866 2329 1933 2383; x_wconf 89' lang='lat' dir='ltr'><strong>ad</strong></span> <span class='ocrx_word' id='word_1_345' title='bbox 1975 2329 2278 2400; x_wconf 79' lang='lat' dir='ltr'><strong>perfectum</strong></span> <span class='ocrx_word' id='word_1_346' title='bbox 2307 2330 2534 2385; x_wconf 79' lang='lat' dir='ltr'><strong>adduxit</strong></span> <span class='ocrx_word' id='word_1_347' title='bbox 2556 2330 2625 2394; x_wconf 83' lang='grc'><strong>⁹²,</strong></span> <span class='ocrx_word' id='word_1_348' title='bbox 2661 2328 2757 2384; x_wconf 84' lang='lat' dir='ltr'><strong>sed</strong></span> <span class='ocrx_word' id='word_1_349' title='bbox 2788 2326 3109 2397; x_wconf 81' lang='lat' dir='ltr'><strong>imperfecta</strong></span> <span class='ocrx_word' id='word_1_350' title='bbox 3137 2332 3257 2378; x_wconf 86' lang='lat' dir='ltr'><strong>erat</strong></span> <span class='ocrx_word' id='word_1_351' title='bbox 3278 2324 3440 2393; x_wconf 82' lang='lat' dir='ltr'><strong>justi—</strong></span> 
     </span>
    </p>
   </div>
   <div class='ocr_carea' id='block_1_50' title="bbox 1866 2416 3439 2491">
    <p class='ocr_par' dir='ltr' id='par_1_50' title="bbox 1866 2416 3439 2491">
     <span class='ocr_line' id='line_1_50' title="bbox 1866 2416 3439 2491; baseline -0.004 -17"><span class='ocrx_word' id='word_1_352' title='bbox 1866 2420 1941 2474; x_wconf 89' lang='lat' dir='ltr'><strong>tia</strong></span> <span class='ocrx_word' id='word_1_353' title='bbox 1974 2436 2096 2491; x_wconf 67' lang='lat' dir='ltr'><strong>qua:</strong></span> <span class='ocrx_word' id='word_1_354' title='bbox 2143 2421 2447 2477; x_wconf 85' lang='lat' dir='ltr'><strong>secundum</strong></span> <span class='ocrx_word' id='word_1_355' title='bbox 2494 2436 2617 2477; x_wconf 90' lang='lat' dir='ltr'><strong>eam</strong></span> <span class='ocrx_word' id='word_1_356' title='bbox 2668 2418 3053 2483; x_wconf 81' lang='lat' dir='ltr'><strong>exercebatur,</strong></span> <span class='ocrx_word' id='word_1_357' title='bbox 3112 2416 3191 2472; x_wconf 82' lang='lat' dir='ltr'><strong>sic</strong></span> <span class='ocrx_word' id='word_1_358' title='bbox 3225 2422 3280 2469; x_wconf 91' lang='lat' dir='ltr'><strong>et</strong></span> <span class='ocrx_word' id='word_1_359' title='bbox 3312 2430 3439 2485; x_wconf 85' lang='lat' dir='ltr'><strong>pre-</strong></span> 
     </span>
    </p>
   </div>
   <div class='ocr_carea' id='block_1_51' title="bbox 1862 2512 2269 2570">
    <p class='ocr_par' dir='ltr' id='par_1_51' title="bbox 1862 2512 2269 2570">
     <span class='ocr_line' id='line_1_51' title="bbox 1862 2512 2269 2570; baseline 0.01 -5"><span class='ocrx_word' id='word_1_360' title='bbox 1862 2512 2023 2566; x_wconf 90' lang='lat' dir='ltr'><strong>candi</strong></span> <span class='ocrx_word' id='word_1_361' title='bbox 2055 2513 2269 2570; x_wconf 88' lang='lat' dir='ltr'><strong>modus.</strong></span> 
     </span>
    </p>
   </div>
   <div class='ocr_carea' id='block_1_52' title="bbox 169 2599 3444 2682">
    <p class='ocr_par' dir='ltr' id='par_1_52' title="bbox 169 2599 3444 2682">
     <span class='ocr_line' id='line_1_52' title="bbox 169 2599 3444 2682; baseline 0.001 -29"><span class='ocrx_word' id='word_1_362' title='bbox 169 2602 274 2669; x_wconf 79' lang='grc' dir='ltr'>τῆς</span> <span class='ocrx_word' id='word_1_363' title='bbox 305 2599 639 2671; x_wconf 83' lang='grc' dir='ltr'>διορθώσεως</span> <span class='ocrx_word' id='word_1_364' title='bbox 664 2601 975 2673; x_wconf 75' lang='grc' dir='ltr'>ἀνέλαμψεν</span> <span class='ocrx_word' id='word_1_365' title='bbox 1009 2605 1039 2657; x_wconf 84' lang='grc' dir='ltr'>ὁ</span> <span class='ocrx_word' id='word_1_366' title='bbox 1072 2604 1282 2674; x_wconf 82' lang='grc' dir='ltr'>καιρὸς,</span> <span class='ocrx_word' id='word_1_367' title='bbox 1313 2605 1409 2659; x_wconf 77' lang='grc' dir='ltr'>καὶ</span> <span class='ocrx_word' id='word_1_368' title='bbox 1458 2606 1492 2674; x_wconf 85' lang='grc' dir='ltr'><strong>ἡ</strong></span> <span class='ocrx_word' id='word_1_369' title='bbox 1534 2606 1737 2669; x_wconf 83' lang='grc' dir='ltr'>παντὸς</span> <span class='ocrx_word' id='word_1_370' title='bbox 1769 2607 1973 2675; x_wconf 84' lang='grc' dir='ltr'>ἀγαθοῦ</span> <span class='ocrx_word' id='word_1_371' title='bbox 2007 2610 2285 2682; x_wconf 84' lang='grc' dir='ltr'>τελειότης</span> <span class='ocrx_word' id='word_1_372' title='bbox 2318 2610 2726 2680; x_wconf 84' lang='grc' dir='ltr'>εἱσκεκόμισται</span> <span class='ocrx_word' id='word_1_373' title='bbox 2752 2609 2819 2663; x_wconf 82' lang='grc' dir='ltr'><strong>δι’</strong></span> <span class='ocrx_word' id='word_1_374' title='bbox 2859 2607 3045 2662; x_wconf 81' lang='grc' dir='ltr'>αὐτοῦ.</span> <span class='ocrx_word' id='word_1_375' title='bbox 3085 2608 3297 2677; x_wconf 82' lang='grc' dir='ltr'>Ὥσπερ</span> <span class='ocrx_word' id='word_1_376' title='bbox 3336 2603 3444 2674; x_wconf 84' lang='grc' dir='ltr'>γὰρ</span> 
     </span>
    </p>
   </div>
   <div class='ocr_carea' id='block_1_53' title="bbox 170 2693 3445 2774">
    <p class='ocr_par' dir='ltr' id='par_1_53' title="bbox 170 2693 3445 2774">
     <span class='ocr_line' id='line_1_53' title="bbox 170 2693 3445 2774; baseline 0.001 -25"><span class='ocrx_word' id='word_1_377' title='bbox 170 2693 327 2749; x_wconf 75' lang='grc' dir='ltr'>οὐδὲν</span> <span class='ocrx_word' id='word_1_378' title='bbox 360 2693 708 2748; x_wconf 85' lang='grc' dir='ltr'>τετελείωκεν</span> <span class='ocrx_word' id='word_1_379' title='bbox 740 2695 770 2747; x_wconf 87' lang='grc' dir='ltr'><strong>ό</strong></span> <span class='ocrx_word' id='word_1_380' title='bbox 795 2696 977 2766; x_wconf 88' lang='grc' dir='ltr'>νόμος,</span> <span class='ocrx_word' id='word_1_381' title='bbox 1002 2694 1120 2748; x_wconf 82' lang='grc' dir='ltr'>ἀλλ’</span> <span class='ocrx_word' id='word_1_382' title='bbox 1155 2693 1224 2769; x_wconf 82' lang='grc' dir='ltr'><strong>ῆν</strong></span> <span class='ocrx_word' id='word_1_383' title='bbox 1264 2696 1459 2767; x_wconf 84' lang='grc' dir='ltr'>ἀτελὴς</span> <span class='ocrx_word' id='word_1_384' title='bbox 1485 2698 1518 2768; x_wconf 85' lang='grc' dir='ltr'>ἡ</span> <span class='ocrx_word' id='word_1_385' title='bbox 1548 2698 1669 2751; x_wconf 80' lang='grc' dir='ltr'>κατ’</span> <span class='ocrx_word' id='word_1_386' title='bbox 1694 2698 1859 2753; x_wconf 82' lang='grc' dir='ltr'>αὐτὸν</span> <span class='ocrx_word' id='word_1_387' title='bbox 1894 2702 2246 2774; x_wconf 78' lang='grc' dir='ltr'>μελετωμένη</span> <span class='ocrx_word' id='word_1_388' title='bbox 2275 2702 2609 2773; x_wconf 85' lang='grc' dir='ltr'>δικαιοσύνη,</span> <span class='ocrx_word' id='word_1_389' title='bbox 2634 2700 2774 2754; x_wconf 76' lang='grc' dir='ltr'>οὕτω</span> <span class='ocrx_word' id='word_1_390' title='bbox 2819 2701 2914 2754; x_wconf 76' lang='grc' dir='ltr'>καὶ</span> <span class='ocrx_word' id='word_1_391' title='bbox 2950 2700 3047 2770; x_wconf 83' lang='grc' dir='ltr'><strong>τῆς</strong></span> <span class='ocrx_word' id='word_1_392' title='bbox 3085 2698 3390 2770; x_wconf 84' lang='grc' dir='ltr'>προσευχῆς</span> <span class='ocrx_word' id='word_1_393' title='bbox 3417 2702 3445 2752; x_wconf 79' lang='grc' dir='ltr'><strong>ό</strong></span> 
     </span>
    </p>
   </div>
   <div class='ocr_carea' id='block_1_54' title="bbox 172 2801 400 2847">
    <p class='ocr_par' dir='ltr' id='par_1_54' title="bbox 172 2801 400 2847">
     <span class='ocr_line' id='line_1_54' title="bbox 172 2801 400 2847; baseline 0 -10"><span class='ocrx_word' id='word_1_394' title='bbox 172 2801 400 2847; x_wconf 82' lang='grc' dir='ltr'>τροπος.</span> 
     </span>
    </p>
   </div>
   <div class='ocr_carea' id='block_1_55' title="bbox 212 2785 1765 2951">
    <p class='ocr_par' dir='ltr' id='par_1_55' title="bbox 212 2785 1765 2951">
     <span class='ocr_line' id='line_1_55' title="bbox 280 2801 400 2847; baseline 0.017 -11"><span class='ocrx_word' id='word_1_395' title='bbox 280 2801 400 2847; x_wconf 88' lang='grc' dir='ltr'>πος.</span> 
     </span>
     <span class='ocr_line' id='line_1_56' title="bbox 212 2785 1765 2951; baseline 0.003 -18"><span class='ocrx_word' id='word_1_396' title='bbox 212 2785 447 2933; x_wconf 72' lang='grc' dir='ltr'><strong>ρόΤαῦτα</strong></span> <span class='ocrx_word' id='word_1_397' title='bbox 496 2881 567 2933; x_wconf 79' lang='grc' dir='ltr'>ἐν</span> <span class='ocrx_word' id='word_1_398' title='bbox 624 2880 967 2949; x_wconf 82' lang='grc' dir='ltr'>παροιμίαις</span> <span class='ocrx_word' id='word_1_399' title='bbox 1016 2879 1331 2949; x_wconf 70' lang='grc' dir='ltr'>λελάληκα</span> <span class='ocrx_word' id='word_1_400' title='bbox 1381 2882 1555 2951; x_wconf 74' lang='grc' dir='ltr'>ὑμῖν·</span> <span class='ocrx_word' id='word_1_401' title='bbox 1624 2883 1765 2938; x_wconf 78' lang='grc' dir='ltr'>ἀλλ’</span> 
     </span>
    </p>
   </div>
   <div class='ocr_carea' id='block_1_56' title="bbox 1948 2879 3444 2949">
    <p class='ocr_par' dir='ltr' id='par_1_56' title="bbox 1948 2879 3444 2949">
     <span class='ocr_line' id='line_1_57' title="bbox 1948 2879 3444 2949; baseline 0.003 -16"><span class='ocrx_word' id='word_1_402' title='bbox 1948 2879 2088 2945; x_wconf 78' lang='lat' dir='ltr'><strong>XVI,</strong></span> <span class='ocrx_word' id='word_1_403' title='bbox 2128 2881 2220 2936; x_wconf 73' lang='lat'><strong>25.</strong></span> <span class='ocrx_word' id='word_1_404' title='bbox 2252 2884 2380 2935; x_wconf 66' lang='lat' dir='ltr'><strong>Hart:</strong></span> <span class='ocrx_word' id='word_1_405' title='bbox 2410 2881 2465 2934; x_wconf 83' lang='lat' dir='ltr'><strong>in</strong></span> <span class='ocrx_word' id='word_1_406' title='bbox 2496 2879 2787 2949; x_wconf 79' lang='lat' dir='ltr'><strong>proverbiis</strong></span> <span class='ocrx_word' id='word_1_407' title='bbox 2846 2880 3050 2933; x_wconf 77' lang='lat' dir='ltr'><strong>locutus</strong></span> <span class='ocrx_word' id='word_1_408' title='bbox 3100 2897 3218 2933; x_wconf 86' lang='lat' dir='ltr'><strong>sum</strong></span> <span class='ocrx_word' id='word_1_409' title='bbox 3259 2882 3444 2938; x_wconf 80' lang='lat' dir='ltr'><strong>vobis:</strong></span> 
     </span>
    </p>
   </div>
   <div class='ocr_carea' id='block_1_57' title="bbox 174 2957 1764 3042">
    <p class='ocr_par' dir='ltr' id='par_1_57' title="bbox 174 2968 1764 3041">
     <span class='ocr_line' id='line_1_58' title="bbox 174 2968 1764 3041; baseline 0.003 -18"><span class='ocrx_word' id='word_1_410' title='bbox 174 2968 415 3039; x_wconf 72' lang='grc' dir='ltr'>ἔρχεται</span> <span class='ocrx_word' id='word_1_411' title='bbox 448 2968 590 3037; x_wconf 82' lang='grc' dir='ltr'>ὥρα,</span> <span class='ocrx_word' id='word_1_412' title='bbox 631 2969 733 3023; x_wconf 82' lang='grc' dir='ltr'>ὅτε·</span> <span class='ocrx_word' id='word_1_413' title='bbox 780 2970 987 3024; x_wconf 84' lang='grc' dir='ltr'>οὐκέτι</span> <span class='ocrx_word' id='word_1_414' title='bbox 1037 2970 1107 3024; x_wconf 78' lang='grc' dir='ltr'><strong>ἐν</strong></span> <span class='ocrx_word' id='word_1_415' title='bbox 1133 2974 1475 3041; x_wconf 82' lang='grc' dir='ltr'>παροιμίαις</span> <span class='ocrx_word' id='word_1_416' title='bbox 1515 2974 1764 3040; x_wconf 73' lang='grc' dir='ltr'>λαλήσω</span> 
     </span>
    </p>
   </div>
   <div class='ocr_carea' id='block_1_58' title="bbox 1873 2957 3445 3042">
    <p class='ocr_par' dir='ltr' id='par_1_58' title="bbox 1873 2971 3445 3042">
     <span class='ocr_line' id='line_1_59' title="bbox 1873 2971 3445 3042; baseline 0.003 -17"><span class='ocrx_word' id='word_1_417' title='bbox 1873 2974 2009 3026; x_wconf 79' lang='lat' dir='ltr'><strong>venit</strong></span> <span class='ocrx_word' id='word_1_418' title='bbox 2037 2973 2167 3026; x_wconf 71' lang='lat' dir='ltr'><strong>liora</strong></span> <span class='ocrx_word' id='word_1_419' title='bbox 2206 2990 2325 3026; x_wconf 85' lang='lat' dir='ltr'><strong>cum</strong></span> <span class='ocrx_word' id='word_1_420' title='bbox 2356 2974 2476 3042; x_wconf 86' lang='lat' dir='ltr'><strong>jam</strong></span> <span class='ocrx_word' id='word_1_421' title='bbox 2506 2990 2610 3027; x_wconf 85' lang='lat' dir='ltr'><strong>non</strong></span> <span class='ocrx_word' id='word_1_422' title='bbox 2634 2974 2689 3026; x_wconf 84' lang='lat' dir='ltr'><strong>in</strong></span> <span class='ocrx_word' id='word_1_423' title='bbox 2720 2971 3010 3039; x_wconf 70' lang='lat' dir='ltr'><strong>proverbiis</strong></span> <span class='ocrx_word' id='word_1_424' title='bbox 3041 2971 3229 3041; x_wconf 86' lang='lat' dir='ltr'><strong>loquar</strong></span> <span class='ocrx_word' id='word_1_425' title='bbox 3277 2974 3445 3040; x_wconf 82' lang='lat' dir='ltr'><strong>vobis,</strong></span> 
     </span>
    </p>
   </div>
   <div class='ocr_carea' id='block_1_59' title="bbox 174 3060 1769 3134">
    <p class='ocr_par' dir='ltr' id='par_1_59' title="bbox 174 3060 1769 3134">
     <span class='ocr_line' id='line_1_60' title="bbox 174 3060 1769 3134; baseline 0 -18"><span class='ocrx_word' id='word_1_426' title='bbox 174 3060 345 3130; x_wconf 74' lang='grc' dir='ltr'>ὑμῖν,</span> <span class='ocrx_word' id='word_1_427' title='bbox 377 3062 541 3115; x_wconf 76' lang='grc' dir='ltr'>ἀλλὰ</span> <span class='ocrx_word' id='word_1_428' title='bbox 567 3062 875 3129; x_wconf 78' lang='grc' dir='ltr'>παρρησίᾳ</span> <span class='ocrx_word' id='word_1_429' title='bbox 905 3060 1037 3129; x_wconf 80' lang='grc' dir='ltr'>περὶ</span> <span class='ocrx_word' id='word_1_430' title='bbox 1063 3062 1171 3115; x_wconf 86' lang='grc' dir='ltr'><strong>τοῦ</strong></span> <span class='ocrx_word' id='word_1_431' title='bbox 1200 3064 1433 3131; x_wconf 79' lang='grc' dir='ltr'>Πατρός</span> <span class='ocrx_word' id='word_1_432' title='bbox 1454 3062 1769 3134; x_wconf 74' lang='grc' dir='ltr'>ἀναγγελῶ</span> 
     </span>
    </p>
   </div>
   <div class='ocr_carea' id='block_1_60' title="bbox 176 3152 344 3223">
    <p class='ocr_par' dir='ltr' id='par_1_60' title="bbox 176 3152 344 3223">
     <span class='ocr_line' id='line_1_61' title="bbox 176 3152 344 3223; baseline -0.03 -15"><span class='ocrx_word' id='word_1_433' title='bbox 176 3152 344 3223; x_wconf 81' lang='grc' dir='ltr'>ὑμῖν.</span> 
     </span>
    </p>
   </div>
   <div class='ocr_carea' id='block_1_61' title="bbox 252 3240 1769 3317">
    <p class='ocr_par' dir='ltr' id='par_1_61' title="bbox 252 3240 1769 3317">
     <span class='ocr_line' id='line_1_62' title="bbox 252 3240 1769 3317; baseline 0.001 -19"><span class='ocrx_word' id='word_1_434' title='bbox 252 3245 563 3316; x_wconf 87' lang='grc' dir='ltr'>Παροιμίαν</span> <span class='ocrx_word' id='word_1_435' title='bbox 592 3240 733 3300; x_wconf 78' lang='grc' dir='ltr'>εἶναί</span> <span class='ocrx_word' id='word_1_436' title='bbox 769 3262 902 3317; x_wconf 89' lang='grc' dir='ltr'>φησι</span> <span class='ocrx_word' id='word_1_437' title='bbox 929 3245 1023 3299; x_wconf 80' lang='grc' dir='ltr'>τὸν</span> <span class='ocrx_word' id='word_1_438' title='bbox 1052 3244 1293 3316; x_wconf 86' lang='grc' dir='ltr'>ἀμυδρόν</span> <span class='ocrx_word' id='word_1_439' title='bbox 1325 3262 1385 3299; x_wconf 84' lang='grc' dir='ltr'><strong>τε</strong></span> <span class='ocrx_word' id='word_1_440' title='bbox 1428 3247 1519 3300; x_wconf 71' lang='grc' dir='ltr'><strong>καὶ</strong></span> <span class='ocrx_word' id='word_1_441' title='bbox 1554 3248 1614 3299; x_wconf 79' lang='grc' dir='ltr'>οὐ</span> <span class='ocrx_word' id='word_1_442' title='bbox 1650 3247 1769 3300; x_wconf 85' lang='grc' dir='ltr'>λίαν</span> 
     </span>
    </p>
   </div>
   <div class='ocr_carea' id='block_1_62' title="bbox 178 3336 1771 3409">
    <p class='ocr_par' dir='ltr' id='par_1_62' title="bbox 178 3336 1771 3409">
     <span class='ocr_line' id='line_1_63' title="bbox 178 3336 1771 3409; baseline 0.001 -18"><span class='ocrx_word' id='word_1_443' title='bbox 178 3338 400 3408; x_wconf 81' lang='grc' dir='ltr'>ἐμφανῆ</span> <span class='ocrx_word' id='word_1_444' title='bbox 454 3338 646 3405; x_wconf 83' lang='grc' dir='ltr'>λόγον,</span> <span class='ocrx_word' id='word_1_445' title='bbox 698 3338 1134 3407; x_wconf 84' lang='grc' dir='ltr'>ὲπεσκιασμένον</span> <span class='ocrx_word' id='word_1_446' title='bbox 1178 3336 1238 3389; x_wconf 85' lang='grc' dir='ltr'>δέ.</span> <span class='ocrx_word' id='word_1_447' title='bbox 1291 3354 1409 3401; x_wconf 86' lang='grc' dir='ltr'><strong>πως</strong></span> <span class='ocrx_word' id='word_1_448' title='bbox 1481 3339 1771 3409; x_wconf 86' lang='grc' dir='ltr'>ἀσαφείαις</span> 
     </span>
    </p>
   </div>
   <div class='ocr_carea' id='block_1_63' title="bbox 178 3428 1769 3501">
    <p class='ocr_par' dir='ltr' id='par_1_63' title="bbox 178 3428 1769 3501">
     <span class='ocr_line' id='line_1_64' title="bbox 178 3428 1769 3501; baseline -0.001 -16"><span class='ocrx_word' id='word_1_449' title='bbox 178 3428 328 3485; x_wconf 70' lang='grc' dir='ltr'>οὕτω</span> <span class='ocrx_word' id='word_1_450' title='bbox 355 3430 601 3495; x_wconf 75' lang='grc' dir='ltr'>λεπταῖς,</span> <span class='ocrx_word' id='word_1_451' title='bbox 621 3430 697 3494; x_wconf 84' lang='grc' dir='ltr'>ὡς</span> <span class='ocrx_word' id='word_1_452' title='bbox 734 3430 809 3501; x_wconf 84' lang='grc' dir='ltr'>μὴ</span> <span class='ocrx_word' id='word_1_453' title='bbox 832 3430 954 3485; x_wconf 86' lang='grc' dir='ltr'>λίαν</span> <span class='ocrx_word' id='word_1_454' title='bbox 986 3429 1217 3499; x_wconf 76' lang='grc' dir='ltr'>ἑτοίμως</span> <span class='ocrx_word' id='word_1_455' title='bbox 1248 3430 1769 3483; x_wconf 82' lang='grc' dir='ltr'>συνιέναιδύνασθαι</span> 
     </span>
    </p>
   </div>
   <div class='ocr_carea' id='block_1_64' title="bbox 180 3520 1772 3593">
    <p class='ocr_par' dir='ltr' id='par_1_64' title="bbox 180 3520 1772 3593">
     <span class='ocr_line' id='line_1_65' title="bbox 180 3520 1772 3593; baseline 0.001 -20"><span class='ocrx_word' id='word_1_456' title='bbox 180 3522 309 3584; x_wconf 81' lang='grc' dir='ltr'>τοὺς</span> <span class='ocrx_word' id='word_1_457' title='bbox 339 3521 747 3593; x_wconf 81' lang='grc' dir='ltr'>ἀκροωμένους.</span> <span class='ocrx_word' id='word_1_458' title='bbox 780 3521 1097 3574; x_wconf 85' lang='grc' dir='ltr'>Πέπλασται</span> <span class='ocrx_word' id='word_1_459' title='bbox 1119 3520 1228 3591; x_wconf 79' lang='grc' dir='ltr'><strong>γὰρ</strong></span> <span class='ocrx_word' id='word_1_460' title='bbox 1254 3520 1396 3575; x_wconf 79' lang='grc' dir='ltr'>οὕτω</span> <span class='ocrx_word' id='word_1_461' title='bbox 1417 3522 1524 3575; x_wconf 84' lang='grc' dir='ltr'><strong>τῶν</strong></span> <span class='ocrx_word' id='word_1_462' title='bbox 1553 3525 1609 3576; x_wconf 83' lang='grc' dir='ltr'>ὲν</span> <span class='ocrx_word' id='word_1_463' title='bbox 1630 3540 1772 3593; x_wconf 63' lang='grc' dir='ltr'>παρη</span> 
     </span>
    </p>
   </div>
   <div class='ocr_carea' id='block_1_65' title="bbox 181 3608 1770 3685">
    <p class='ocr_par' dir='ltr' id='par_1_65' title="bbox 181 3608 1770 3685">
     <span class='ocr_line' id='line_1_66' title="bbox 181 3608 1770 3685; baseline -0.001 -17"><span class='ocrx_word' id='word_1_464' title='bbox 181 3614 391 3685; x_wconf 80' lang='grc' dir='ltr'>οιμίαις</span> <span class='ocrx_word' id='word_1_465' title='bbox 433 3612 745 3683; x_wconf 85' lang='grc' dir='ltr'>λεγομένων</span> <span class='ocrx_word' id='word_1_466' title='bbox 778 3612 841 3666; x_wconf 83' lang='grc' dir='ltr'>τὸ</span> <span class='ocrx_word' id='word_1_467' title='bbox 887 3613 1095 3683; x_wconf 86' lang='grc' dir='ltr'>σχῆμα.</span> <span class='ocrx_word' id='word_1_468' title='bbox 1125 3613 1302 3684; x_wconf 75' lang='grc' dir='ltr'>’Ἁπερ</span> <span class='ocrx_word' id='word_1_469' title='bbox 1335 3608 1428 3666; x_wconf 85' lang='grc' dir='ltr'><strong>οῦν</strong></span> <span class='ocrx_word' id='word_1_470' title='bbox 1456 3610 1628 3678; x_wconf 81' lang='grc' dir='ltr'>εἷπον,</span> <span class='ocrx_word' id='word_1_471' title='bbox 1666 3632 1770 3684; x_wconf 80' lang='grc' dir='ltr'>φη-</span> 
     </span>
    </p>
   </div>
   <div class='ocr_carea' id='block_1_66' title="bbox 183 3702 1771 3776">
    <p class='ocr_par' dir='ltr' id='par_1_66' title="bbox 183 3702 1771 3776">
     <span class='ocr_line' id='line_1_67' title="bbox 183 3702 1771 3776; baseline 0.001 -17"><span class='ocrx_word' id='word_1_472' title='bbox 183 3707 293 3769; x_wconf 74' lang='grc' dir='ltr'>σὶν,</span> <span class='ocrx_word' id='word_1_473' title='bbox 326 3705 406 3768; x_wconf 80' lang='grc' dir='ltr'>ὡς</span> <span class='ocrx_word' id='word_1_474' title='bbox 450 3706 509 3758; x_wconf 72' lang='grc' dir='ltr'>ὲν</span> <span class='ocrx_word' id='word_1_475' title='bbox 538 3702 860 3776; x_wconf 85' lang='grc' dir='ltr'>παροιμίαις</span> <span class='ocrx_word' id='word_1_476' title='bbox 909 3704 1011 3770; x_wconf 76' lang='grc' dir='ltr'>ἔτι,</span> <span class='ocrx_word' id='word_1_477' title='bbox 1062 3704 1159 3757; x_wconf 75' lang='grc' dir='ltr'>καὶ</span> <span class='ocrx_word' id='word_1_478' title='bbox 1188 3705 1473 3775; x_wconf 76' lang='grc' dir='ltr'>αἰνίγμασι</span> <span class='ocrx_word' id='word_1_479' title='bbox 1500 3704 1771 3776; x_wconf 81' lang='grc' dir='ltr'>λελάληκα</span> 
     </span>
    </p>
   </div>
   <div class='ocr_carea' id='block_1_67' title="bbox 182 3794 1764 3868">
    <p class='ocr_par' dir='ltr' id='par_1_67' title="bbox 182 3794 1764 3868">
     <span class='ocr_line' id='line_1_68' title="bbox 182 3794 1764 3868; baseline 0 -19"><span class='ocrx_word' id='word_1_480' title='bbox 182 3813 320 3867; x_wconf 82' lang='grc' dir='ltr'>προς</span> <span class='ocrx_word' id='word_1_481' title='bbox 352 3796 499 3866; x_wconf 80' lang='grc' dir='ltr'>ὑμᾶς</span> <span class='ocrx_word' id='word_1_482' title='bbox 530 3794 710 3866; x_wconf 82' lang='grc' dir='ltr'>καιρῷ</span> <span class='ocrx_word' id='word_1_483' title='bbox 732 3794 810 3865; x_wconf 81' lang='grc' dir='ltr'><strong>τῷ</strong></span> <span class='ocrx_word' id='word_1_484' title='bbox 859 3795 1055 3860; x_wconf 86' lang='grc' dir='ltr'>δέοντι,</span> <span class='ocrx_word' id='word_1_485' title='bbox 1096 3795 1192 3848; x_wconf 76' lang='grc' dir='ltr'>καὶ</span> <span class='ocrx_word' id='word_1_486' title='bbox 1224 3796 1349 3848; x_wconf 81' lang='grc' dir='ltr'>ὅσον</span> <span class='ocrx_word' id='word_1_487' title='bbox 1379 3796 1593 3848; x_wconf 78' lang='grc' dir='ltr'>οὐδέπω</span> <span class='ocrx_word' id='word_1_488' title='bbox 1628 3813 1764 3868; x_wconf 88' lang='grc' dir='ltr'>παρ-</span> 
     </span>
    </p>
   </div>
   <div class='ocr_carea' id='block_1_68' title="bbox 181 3884 1772 3957">
    <p class='ocr_par' dir='ltr' id='par_1_68' title="bbox 181 3884 1772 3957">
     <span class='ocr_line' id='line_1_69' title="bbox 181 3884 1772 3957; baseline 0.001 -18"><span class='ocrx_word' id='word_1_489' title='bbox 181 3886 429 3955; x_wconf 79' lang='grc' dir='ltr'>εσομένῳ</span> <span class='ocrx_word' id='word_1_490' title='bbox 462 3884 575 3956; x_wconf 72' lang='grc' dir='ltr'>[ἴον.</span> <span class='ocrx_word' id='word_1_491' title='bbox 608 3885 1020 3957; x_wconf 77' lang='grc' dir='ltr'>παροισομένῳ]</span> <span class='ocrx_word' id='word_1_492' title='bbox 1043 3886 1143 3955; x_wconf 81' lang='grc' dir='ltr'>τὴν</span> <span class='ocrx_word' id='word_1_493' title='bbox 1173 3885 1542 3956; x_wconf 81' lang='grc' dir='ltr'>ἀναμφίλογον</span> <span class='ocrx_word' id='word_1_494' title='bbox 1570 3887 1772 3941; x_wconf 82' lang='grc' dir='ltr'>ἀποκά-</span> 
     </span>
    </p>
   </div>
   <div class='ocr_carea' id='block_1_69' title="bbox 180 3976 1769 4049">
    <p class='ocr_par' dir='ltr' id='par_1_69' title="bbox 180 3976 1769 4049">
     <span class='ocr_line' id='line_1_70' title="bbox 180 3976 1769 4049; baseline 0.002 -20"><span class='ocrx_word' id='word_1_495' title='bbox 180 3976 363 4047; x_wconf 74' lang='grc' dir='ltr'>λυψιν.</span> <span class='ocrx_word' id='word_1_496' title='bbox 383 3978 540 4041; x_wconf 79' lang='grc' dir='ltr'>’Ἥξει</span> <span class='ocrx_word' id='word_1_497' title='bbox 563 3976 693 4047; x_wconf 82' lang='grc' dir='ltr'>γὰρ,</span> <span class='ocrx_word' id='word_1_498' title='bbox 719 3976 862 4047; x_wconf 75' lang='grc' dir='ltr'>ἥξει,</span> <span class='ocrx_word' id='word_1_499' title='bbox 891 3976 1232 4048; x_wconf 75' lang='grc' dir='ltr'>φησὶν,,ῶρα,</span> <span class='ocrx_word' id='word_1_500' title='bbox 1261 3976 1397 4031; x_wconf 77' lang='grc' dir='ltr'>τοῦτ’</span> <span class='ocrx_word' id='word_1_501' title='bbox 1420 3977 1533 4030; x_wconf 72' lang='grc' dir='ltr'>ἔστι</span> <span class='ocrx_word' id='word_1_502' title='bbox 1557 3979 1769 4049; x_wconf 79' lang='grc' dir='ltr'>καιρὸς,</span> 
     </span>
    </p>
   </div>
   <div class='ocr_carea' id='block_1_70' title="bbox 1872 3061 3038 3130">
    <p class='ocr_par' dir='ltr' id='par_1_70' title="bbox 1872 3061 3038 3130">
     <span class='ocr_line' id='line_1_71' title="bbox 1872 3061 3038 3130; baseline 0 -15"><span class='ocrx_word' id='word_1_503' title='bbox 1872 3062 1968 3116; x_wconf 87' lang='lat' dir='ltr'><strong>sed</strong></span> <span class='ocrx_word' id='word_1_504' title='bbox 1998 3064 2181 3130; x_wconf 84' lang='lat' dir='ltr'><strong>palam</strong></span> <span class='ocrx_word' id='word_1_505' title='bbox 2209 3062 2273 3117; x_wconf 85' lang='lat' dir='ltr'><strong>de</strong></span> <span class='ocrx_word' id='word_1_506' title='bbox 2306 3062 2475 3117; x_wconf 82' lang='lat' dir='ltr'><strong>Patre</strong></span> <span class='ocrx_word' id='word_1_507' title='bbox 2501 3062 2833 3116; x_wconf 85' lang='lat' dir='ltr'><strong>annuntiabo</strong></span> <span class='ocrx_word' id='word_1_508' title='bbox 2873 3061 3038 3115; x_wconf 80' lang='lat' dir='ltr'><strong>vobis.</strong></span> 
     </span>
    </p>
   </div>
   <div class='ocr_carea' id='block_1_71' title="bbox 1943 3231 3452 3296">
    <p class='ocr_par' dir='ltr' id='par_1_71' title="bbox 1943 3231 3452 3296">
     <span class='ocr_line' id='line_1_72' title="bbox 1943 3231 3452 3296; baseline 0.007 -10"><span class='ocrx_word' id='word_1_509' title='bbox 1943 3231 2301 3290; x_wconf 85' lang='lat' dir='ltr'><strong>Proverbium</strong></span> <span class='ocrx_word' id='word_1_510' title='bbox 2327 3243 2485 3288; x_wconf 88' lang='lat' dir='ltr'><strong>vocat</strong></span> <span class='ocrx_word' id='word_1_511' title='bbox 2532 3249 2836 3290; x_wconf 85' lang='lat' dir='ltr'><strong>sermonem</strong></span> <span class='ocrx_word' id='word_1_512' title='bbox 2882 3236 3178 3291; x_wconf 89' lang='lat' dir='ltr'><strong>obscurum</strong></span> <span class='ocrx_word' id='word_1_513' title='bbox 3211 3255 3312 3295; x_wconf 91' lang='lat' dir='ltr'><strong>nec</strong></span> <span class='ocrx_word' id='word_1_514' title='bbox 3354 3243 3452 3296; x_wconf 89' lang='lat' dir='ltr'><strong>ad-</strong></span> 
     </span>
    </p>
   </div>
   <div class='ocr_carea' id='block_1_72' title="bbox 1872 3325 3451 3391">
    <p class='ocr_par' dir='ltr' id='par_1_72' title="bbox 1872 3325 3451 3391">
     <span class='ocr_line' id='line_1_73' title="bbox 1872 3325 3451 3391; baseline 0.001 -5"><span class='ocrx_word' id='word_1_515' title='bbox 1872 3330 2094 3386; x_wconf 85' lang='lat' dir='ltr'><strong>modum</strong></span> <span class='ocrx_word' id='word_1_516' title='bbox 2128 3326 2499 3391; x_wconf 81' lang='lat' dir='ltr'><strong>manil‘estum,</strong></span> <span class='ocrx_word' id='word_1_517' title='bbox 2543 3325 2637 3381; x_wconf 92' lang='lat' dir='ltr'><strong>sed</strong></span> <span class='ocrx_word' id='word_1_518' title='bbox 2666 3326 3101 3384; x_wconf 83' lang='lat' dir='ltr'><strong>obscuritatibus</strong></span> <span class='ocrx_word' id='word_1_519' title='bbox 3137 3328 3273 3385; x_wconf 91' lang='lat' dir='ltr'><strong>adeo</strong></span> <span class='ocrx_word' id='word_1_520' title='bbox 3318 3333 3451 3387; x_wconf 92' lang='lat' dir='ltr'><strong>sub-</strong></span> 
     </span>
    </p>
   </div>
   <div class='ocr_carea' id='block_1_73' title="bbox 1872 3416 3451 3491">
    <p class='ocr_par' dir='ltr' id='par_1_73' title="bbox 1872 3416 3451 3491">
     <span class='ocr_line' id='line_1_74' title="bbox 1872 3416 3451 3491; baseline 0.001 -15"><span class='ocrx_word' id='word_1_521' title='bbox 1872 3422 2062 3477; x_wconf 90' lang='lat' dir='ltr'><strong>tilibus</strong></span> <span class='ocrx_word' id='word_1_522' title='bbox 2091 3419 2498 3481; x_wconf 90' lang='lat' dir='ltr'><strong>adumbratum,</strong></span> <span class='ocrx_word' id='word_1_523' title='bbox 2528 3426 2588 3471; x_wconf 92' lang='lat' dir='ltr'><strong>ut</strong></span> <span class='ocrx_word' id='word_1_524' title='bbox 2615 3432 2742 3471; x_wconf 90' lang='lat' dir='ltr'><strong>eum</strong></span> <span class='ocrx_word' id='word_1_525' title='bbox 2767 3416 3049 3473; x_wconf 86' lang='lat' dir='ltr'><strong>auditores</strong></span> <span class='ocrx_word' id='word_1_526' title='bbox 3078 3419 3235 3474; x_wconf 79' lang='lat' dir='ltr'><strong>facile</strong></span> <span class='ocrx_word' id='word_1_527' title='bbox 3256 3436 3451 3491; x_wconf 86' lang='lat' dir='ltr'><strong>capere</strong></span> 
     </span>
    </p>
   </div>
   <div class='ocr_carea' id='block_1_74' title="bbox 1872 3509 3449 3585">
    <p class='ocr_par' dir='ltr' id='par_1_74' title="bbox 1872 3509 3449 3585">
     <span class='ocr_line' id='line_1_75' title="bbox 1872 3509 3449 3585; baseline -0.001 -15"><span class='ocrx_word' id='word_1_528' title='bbox 1872 3519 2169 3585; x_wconf 88' lang='lat' dir='ltr'><strong>nequeant.</strong></span> <span class='ocrx_word' id='word_1_529' title='bbox 2207 3511 2490 3582; x_wconf 85' lang='lat' dir='ltr'><strong>Ejusmodi</strong></span> <span class='ocrx_word' id='word_1_530' title='bbox 2521 3509 2723 3580; x_wconf 90' lang='lat' dir='ltr'><strong>quippe</strong></span> <span class='ocrx_word' id='word_1_531' title='bbox 2752 3509 2926 3565; x_wconf 80' lang='lat' dir='ltr'><strong>forma</strong></span> <span class='ocrx_word' id='word_1_532' title='bbox 2972 3520 3057 3566; x_wconf 91' lang='lat' dir='ltr'><strong>est</strong></span> <span class='ocrx_word' id='word_1_533' title='bbox 3090 3528 3279 3567; x_wconf 90' lang='lat' dir='ltr'><strong>eorum</strong></span> <span class='ocrx_word' id='word_1_534' title='bbox 3326 3531 3449 3584; x_wconf 84' lang='lat' dir='ltr'><strong>quae</strong></span> 
     </span>
    </p>
   </div>
   <div class='ocr_carea' id='block_1_75' title="bbox 1874 3600 3448 3676">
    <p class='ocr_par' dir='ltr' id='par_1_75' title="bbox 1874 3600 3448 3676">
     <span class='ocr_line' id='line_1_76' title="bbox 1874 3600 3448 3676; baseline -0.001 -15"><span class='ocrx_word' id='word_1_535' title='bbox 1874 3621 1969 3676; x_wconf 88' lang='lat' dir='ltr'><strong>per</strong></span> <span class='ocrx_word' id='word_1_536' title='bbox 2023 3604 2315 3675; x_wconf 89' lang='lat' dir='ltr'><strong>proverbia</strong></span> <span class='ocrx_word' id='word_1_537' title='bbox 2371 3601 2651 3656; x_wconf 92' lang='lat' dir='ltr'><strong>dicuntur.</strong></span> <span class='ocrx_word' id='word_1_538' title='bbox 2699 3600 2832 3666; x_wconf 66' lang='lat' dir='ltr'><strong>Quae</strong></span> <span class='ocrx_word' id='word_1_539' title='bbox 2860 3617 2992 3672; x_wconf 81' lang='lat' dir='ltr'><strong>ergo</strong></span> <span class='ocrx_word' id='word_1_540' title='bbox 3041 3605 3175 3668; x_wconf 83' lang='lat' dir='ltr'><strong>dixi,</strong></span> <span class='ocrx_word' id='word_1_541' title='bbox 3229 3605 3448 3676; x_wconf 85' lang='lat' dir='ltr'><strong>inquit,</strong></span> 
     </span>
    </p>
   </div>
   <div class='ocr_carea' id='block_1_76' title="bbox 1872 3692 3448 3767">
    <p class='ocr_par' dir='ltr' id='par_1_76' title="bbox 1872 3692 3448 3767">
     <span class='ocr_line' id='line_1_77' title="bbox 1872 3692 3448 3767; baseline -0.001 -15"><span class='ocrx_word' id='word_1_542' title='bbox 1872 3708 2134 3767; x_wconf 89' lang='lat' dir='ltr'><strong>tanquam</strong></span> <span class='ocrx_word' id='word_1_543' title='bbox 2169 3696 2225 3750; x_wconf 91' lang='lat' dir='ltr'><strong>in</strong></span> <span class='ocrx_word' id='word_1_544' title='bbox 2251 3692 2560 3764; x_wconf 85' lang='lat' dir='ltr'><strong>proverbiis</strong></span> <span class='ocrx_word' id='word_1_545' title='bbox 2597 3700 2652 3747; x_wconf 91' lang='lat' dir='ltr'><strong>et</strong></span> <span class='ocrx_word' id='word_1_546' title='bbox 2677 3693 3006 3763; x_wconf 67' lang='lat' dir='ltr'><strong>mnigmatis,</strong></span> <span class='ocrx_word' id='word_1_547' title='bbox 3045 3694 3262 3751; x_wconf 89' lang='lat' dir='ltr'><strong>locutus</strong></span> <span class='ocrx_word' id='word_1_548' title='bbox 3324 3713 3448 3751; x_wconf 88' lang='lat' dir='ltr'><strong>sum</strong></span> 
     </span>
    </p>
   </div>
   <div class='ocr_carea' id='block_1_77' title="bbox 1872 3784 3448 3860">
    <p class='ocr_par' dir='ltr' id='par_1_77' title="bbox 1872 3784 3448 3860">
     <span class='ocr_line' id='line_1_78' title="bbox 1872 3784 3448 3860; baseline 0.001 -16"><span class='ocrx_word' id='word_1_549' title='bbox 1872 3797 2183 3860; x_wconf 81' lang='lat' dir='ltr'><strong>Opportune</strong></span> <span class='ocrx_word' id='word_1_550' title='bbox 2208 3795 2474 3856; x_wconf 88' lang='lat' dir='ltr'><strong>tempore,</strong></span> <span class='ocrx_word' id='word_1_551' title='bbox 2505 3792 2560 3839; x_wconf 90' lang='lat' dir='ltr'><strong>et</strong></span> <span class='ocrx_word' id='word_1_552' title='bbox 2586 3784 2815 3855; x_wconf 84' lang='lat' dir='ltr'><strong>jamjam</strong></span> <span class='ocrx_word' id='word_1_553' title='bbox 2847 3786 3217 3843; x_wconf 89' lang='lat' dir='ltr'><strong>certissimam</strong></span> <span class='ocrx_word' id='word_1_554' title='bbox 3255 3805 3448 3845; x_wconf 91' lang='lat' dir='ltr'><strong>eorum</strong></span> 
     </span>
    </p>
   </div>
   <div class='ocr_carea' id='block_1_78' title="bbox 1874 3876 3448 3952">
    <p class='ocr_par' dir='ltr' id='par_1_78' title="bbox 1874 3876 3448 3952">
     <span class='ocr_line' id='line_1_79' title="bbox 1874 3876 3448 3952; baseline -0.001 -16"><span class='ocrx_word' id='word_1_555' title='bbox 1874 3882 2262 3938; x_wconf 88' lang='lat' dir='ltr'><strong>revelationem</strong></span> <span class='ocrx_word' id='word_1_556' title='bbox 2314 3879 2567 3932; x_wconf 84' lang='lat' dir='ltr'><strong>allaturo.</strong></span> <span class='ocrx_word' id='word_1_557' title='bbox 2600 3876 2794 3933; x_wconf 88' lang='lat' dir='ltr'><strong>Veniet</strong></span> <span class='ocrx_word' id='word_1_558' title='bbox 2823 3878 2994 3943; x_wconf 90' lang='lat' dir='ltr'><strong>enim,</strong></span> <span class='ocrx_word' id='word_1_559' title='bbox 3026 3880 3226 3941; x_wconf 86' lang='lat' dir='ltr'><strong>veniet,</strong></span> <span class='ocrx_word' id='word_1_560' title='bbox 3250 3881 3448 3952; x_wconf 88' lang='lat' dir='ltr'><strong>inquit,</strong></span> 
     </span>
    </p>
   </div>
   <div class='ocr_carea' id='block_1_79' title="bbox 1875 3972 3452 4041">
    <p class='ocr_par' dir='ltr' id='par_1_79' title="bbox 1875 3972 3452 4041">
     <span class='ocr_line' id='line_1_80' title="bbox 1875 3972 3452 4041; baseline -0.001 -12"><span class='ocrx_word' id='word_1_561' title='bbox 1875 3976 2033 4039; x_wconf 89' lang='lat' dir='ltr'><strong>hora,</strong></span> <span class='ocrx_word' id='word_1_562' title='bbox 2073 3974 2126 4028; x_wconf 89' lang='lat' dir='ltr'><strong>id</strong></span> <span class='ocrx_word' id='word_1_563' title='bbox 2184 3980 2269 4029; x_wconf 93' lang='lat' dir='ltr'><strong>est</strong></span> <span class='ocrx_word' id='word_1_564' title='bbox 2327 3980 2564 4041; x_wconf 88' lang='lat' dir='ltr'><strong>tempus,</strong></span> <span class='ocrx_word' id='word_1_565' title='bbox 2620 3985 2731 4039; x_wconf 92' lang='lat' dir='ltr'><strong>quo</strong></span> <span class='ocrx_word' id='word_1_566' title='bbox 2764 3978 2951 4039; x_wconf 89' lang='lat' dir='ltr'><strong>aperte</strong></span> <span class='ocrx_word' id='word_1_567' title='bbox 2979 3972 3138 4027; x_wconf 88' lang='lat' dir='ltr'><strong>vobis</strong></span> <span class='ocrx_word' id='word_1_568' title='bbox 3175 3975 3452 4028; x_wconf 89' lang='lat' dir='ltr'><strong>enarrabo</strong></span> 
     </span>
    </p>
   </div>
   <div class='ocr_carea' id='block_1_80' title="bbox 182 4062 1764 4143">
    <p class='ocr_par' dir='ltr' id='par_1_80' title="bbox 182 4069 1764 4143">
     <span class='ocr_line' id='line_1_81' title="bbox 182 4069 1764 4143; baseline 0 -19"><span class='ocrx_word' id='word_1_569' title='bbox 182 4070 308 4124; x_wconf 82' lang='grc' dir='ltr'>καθ’</span> <span class='ocrx_word' id='word_1_570' title='bbox 328 4070 399 4131; x_wconf 71' lang='grc' dir='ltr'>,ὃν</span> <span class='ocrx_word' id='word_1_571' title='bbox 426 4071 555 4141; x_wconf 81' lang='grc' dir='ltr'>ὑμῖν</span> <span class='ocrx_word' id='word_1_572' title='bbox 581 4070 883 4143; x_wconf 79' lang='grc' dir='ltr'>διαρρήδην</span> <span class='ocrx_word' id='word_1_573' title='bbox 917 4070 987 4123; x_wconf 82' lang='grc' dir='ltr'>τὰ</span> <span class='ocrx_word' id='word_1_574' title='bbox 1015 4070 1145 4143; x_wconf 77' lang='grc' dir='ltr'>περὶ</span> <span class='ocrx_word' id='word_1_575' title='bbox 1176 4070 1275 4140; x_wconf 84' lang='grc' dir='ltr'><strong>τῆς</strong></span> <span class='ocrx_word' id='word_1_576' title='bbox 1312 4069 1407 4123; x_wconf 87' lang='grc' dir='ltr'><strong>τοῦ</strong></span> <span class='ocrx_word' id='word_1_577' title='bbox 1447 4070 1657 4140; x_wconf 86' lang='grc' dir='ltr'>Πατρὸς</span> <span class='ocrx_word' id='word_1_578' title='bbox 1686 4073 1764 4137; x_wconf 80' lang='grc' dir='ltr'><strong>ὲξ‹</strong></span> 
     </span>
    </p>
   </div>
   <div class='ocr_carea' id='block_1_81' title="bbox 1873 4062 3450 4143">
    <p class='ocr_par' dir='ltr' id='par_1_81' title="bbox 1875 4062 3450 4137">
     <span class='ocr_line' id='line_1_82' title="bbox 1875 4062 3450 4137; baseline -0.004 -14"><span class='ocrx_word' id='word_1_579' title='bbox 1875 4082 1998 4137; x_wconf 70' lang='lat' dir='ltr'><strong>quae</strong></span> <span class='ocrx_word' id='word_1_580' title='bbox 2022 4066 2087 4121; x_wconf 90' lang='lat' dir='ltr'><strong>ad</strong></span> <span class='ocrx_word' id='word_1_581' title='bbox 2116 4064 2346 4136; x_wconf 88' lang='lat' dir='ltr'><strong>gloriam</strong></span> <span class='ocrx_word' id='word_1_582' title='bbox 2391 4062 2573 4118; x_wconf 79' lang='lat' dir='ltr'><strong>Patris</strong></span> <span class='ocrx_word' id='word_1_583' title='bbox 2622 4062 2921 4131; x_wconf 84' lang='lat' dir='ltr'><strong>pertinent,</strong></span> <span class='ocrx_word' id='word_1_584' title='bbox 2970 4072 3023 4117; x_wconf 89' lang='lat' dir='ltr'><strong>et</strong></span> <span class='ocrx_word' id='word_1_585' title='bbox 3071 4065 3450 4133; x_wconf 84' lang='lat' dir='ltr'><strong>cognitionem</strong></span> 
     </span>
    </p>
   </div>
   <div class='ocr_carea' id='block_1_82' title="bbox 182 4154 1764 4235">
    <p class='ocr_par' dir='ltr' id='par_1_82' title="bbox 182 4160 1764 4235">
     <span class='ocr_line' id='line_1_83' title="bbox 182 4160 1764 4235; baseline 0.002 -21"><span class='ocrx_word' id='word_1_586' title='bbox 182 4164 468 4233; x_wconf 85' lang='grc' dir='ltr'>ηγήσομαι</span> <span class='ocrx_word' id='word_1_587' title='bbox 489 4161 670 4231; x_wconf 74' lang='grc' dir='ltr'>δόξης,</span> <span class='ocrx_word' id='word_1_588' title='bbox 701 4162 797 4214; x_wconf 71' lang='grc' dir='ltr'>καὶ</span> <span class='ocrx_word' id='word_1_589' title='bbox 833 4162 934 4231; x_wconf 85' lang='grc' dir='ltr'><strong>τὴν</strong></span> <span class='ocrx_word' id='word_1_590' title='bbox 974 4160 1119 4232; x_wconf 85' lang='grc' dir='ltr'>ὑπὲρ</span> <span class='ocrx_word' id='word_1_591' title='bbox 1165 4161 1289 4214; x_wconf 87' lang='grc' dir='ltr'>νοῦν</span> <span class='ocrx_word' id='word_1_592' title='bbox 1312 4162 1404 4215; x_wconf 80' lang='grc' dir='ltr'>τὸν</span> <span class='ocrx_word' id='word_1_593' title='bbox 1431 4162 1764 4235; x_wconf 86' lang='grc' dir='ltr'>ἀνθρώπινον</span> 
     </span>
    </p>
   </div>
   <div class='ocr_carea' id='block_1_83' title="bbox 1873 4154 3452 4235">
    <p class='ocr_par' dir='ltr' id='par_1_83' title="bbox 1877 4154 3452 4231">
     <span class='ocr_line' id='line_1_84' title="bbox 1877 4154 3452 4231; baseline -0.004 -15"><span class='ocrx_word' id='word_1_594' title='bbox 1877 4168 2098 4231; x_wconf 89' lang='lat' dir='ltr'><strong>captum</strong></span> <span class='ocrx_word' id='word_1_595' title='bbox 2126 4159 2332 4213; x_wconf 90' lang='lat' dir='ltr'><strong>mentis</strong></span> <span class='ocrx_word' id='word_1_596' title='bbox 2362 4157 2614 4209; x_wconf 56' lang='lat' dir='ltr'><strong>humanae.</strong></span> <span class='ocrx_word' id='word_1_597' title='bbox 2635 4154 2987 4209; x_wconf 80' lang='lat' dir='ltr'><strong>excedentem</strong></span> <span class='ocrx_word' id='word_1_598' title='bbox 3008 4155 3163 4208; x_wconf 87' lang='lat' dir='ltr'><strong>vobis</strong></span> <span class='ocrx_word' id='word_1_599' title='bbox 3188 4155 3452 4210; x_wconf 87' lang='lat' dir='ltr'><strong>inseram.</strong></span> 
     </span>
    </p>
   </div>
   <div class='ocr_carea' id='block_1_84' title="bbox 178 4244 1764 4328">
    <p class='ocr_par' dir='ltr' id='par_1_84' title="bbox 178 4253 1764 4328">
     <span class='ocr_line' id='line_1_85' title="bbox 178 4253 1764 4328; baseline 0.002 -20"><span class='ocrx_word' id='word_1_600' title='bbox 178 4256 401 4326; x_wconf 74' lang='grc' dir='ltr'>ἐνθήσω</span> <span class='ocrx_word' id='word_1_601' title='bbox 425 4254 659 4309; x_wconf 84' lang='grc' dir='ltr'>σύνεσιν.</span> <span class='ocrx_word' id='word_1_602' title='bbox 681 4254 792 4307; x_wconf 76' lang='grc' dir='ltr'><strong>Καὶ</strong></span> <span class='ocrx_word' id='word_1_603' title='bbox 823 4253 909 4317; x_wconf 85' lang='grc' dir='ltr'><strong>τίς</strong></span> <span class='ocrx_word' id='word_1_604' title='bbox 946 4255 975 4306; x_wconf 87' lang='grc' dir='ltr'>ὁ</span> <span class='ocrx_word' id='word_1_605' title='bbox 1015 4254 1207 4307; x_wconf 80' lang='grc' dir='ltr'>τούτου</span> <span class='ocrx_word' id='word_1_606' title='bbox 1236 4255 1445 4325; x_wconf 76' lang='grc' dir='ltr'>καιρὸς,</span> <span class='ocrx_word' id='word_1_607' title='bbox 1472 4256 1534 4309; x_wconf 83' lang='grc' dir='ltr'>οὺ</span> <span class='ocrx_word' id='word_1_608' title='bbox 1565 4256 1764 4328; x_wconf 84' lang='grc' dir='ltr'>σφόδρα</span> 
     </span>
    </p>
   </div>
   <div class='ocr_carea' id='block_1_85' title="bbox 1873 4244 3454 4328">
    <p class='ocr_par' dir='ltr' id='par_1_85' title="bbox 1877 4244 3454 4319">
     <span class='ocr_line' id='line_1_86' title="bbox 1877 4244 3454 4319; baseline -0.007 -11"><span class='ocrx_word' id='word_1_609' title='bbox 1877 4252 2166 4319; x_wconf 85' lang='lat' dir='ltr'><strong>Quodnam</strong></span> <span class='ocrx_word' id='word_1_610' title='bbox 2204 4256 2385 4302; x_wconf 91' lang='lat' dir='ltr'><strong>autem</strong></span> <span class='ocrx_word' id='word_1_611' title='bbox 2419 4248 2490 4302; x_wconf 85' lang='lat' dir='ltr'><strong>sit</strong></span> <span class='ocrx_word' id='word_1_612' title='bbox 2531 4246 2696 4313; x_wconf 91' lang='lat' dir='ltr'><strong>hujus</strong></span> <span class='ocrx_word' id='word_1_613' title='bbox 2719 4244 2796 4298; x_wconf 90' lang='lat' dir='ltr'><strong>rei</strong></span> <span class='ocrx_word' id='word_1_614' title='bbox 2845 4251 3081 4312; x_wconf 91' lang='lat' dir='ltr'><strong>tempus,</strong></span> <span class='ocrx_word' id='word_1_615' title='bbox 3120 4258 3226 4296; x_wconf 90' lang='lat' dir='ltr'><strong>non</strong></span> <span class='ocrx_word' id='word_1_616' title='bbox 3261 4244 3454 4298; x_wconf 86' lang='lat' dir='ltr'><strong>admo-</strong></span> 
     </span>
    </p>
   </div>
   <div class='ocr_carea' id='block_1_86' title="bbox 182 4335 1764 4418">
    <p class='ocr_par' dir='ltr' id='par_1_86' title="bbox 182 4344 1763 4418">
     <span class='ocr_line' id='line_1_87' title="bbox 182 4344 1763 4418; baseline 0 -17"><span class='ocrx_word' id='word_1_617' title='bbox 182 4350 288 4418; x_wconf 84' lang='grc' dir='ltr'>μὲν</span> <span class='ocrx_word' id='word_1_618' title='bbox 315 4348 422 4417; x_wconf 75' lang='grc' dir='ltr'>ἔφη</span> <span class='ocrx_word' id='word_1_619' title='bbox 452 4347 666 4417; x_wconf 80' lang='grc' dir='ltr'>σαφῶς·</span> <span class='ocrx_word' id='word_1_620' title='bbox 698 4344 997 4416; x_wconf 85' lang='grc' dir='ltr'>οἰησόμεθα</span> <span class='ocrx_word' id='word_1_621' title='bbox 1024 4344 1082 4397; x_wconf 84' lang='grc' dir='ltr'>δὲ</span> <span class='ocrx_word' id='word_1_622' title='bbox 1114 4344 1310 4416; x_wconf 87' lang='grc' dir='ltr'>δηλοῦν</span> <span class='ocrx_word' id='word_1_623' title='bbox 1349 4347 1556 4400; x_wconf 75' lang='grc' dir='ltr'>ἐκεῖνον</span> <span class='ocrx_word' id='word_1_624' title='bbox 1581 4348 1763 4413; x_wconf 76' lang='grc' dir='ltr'>αὑτὸν,</span> 
     </span>
    </p>
   </div>
   <div class='ocr_carea' id='block_1_87' title="bbox 1873 4335 3452 4418">
    <p class='ocr_par' dir='ltr' id='par_1_87' title="bbox 1876 4335 3452 4403">
     <span class='ocr_line' id='line_1_88' title="bbox 1876 4335 3452 4403; baseline -0.005 -5"><span class='ocrx_word' id='word_1_625' title='bbox 1876 4346 2006 4399; x_wconf 88' lang='lat' dir='ltr'><strong>dum</strong></span> <span class='ocrx_word' id='word_1_626' title='bbox 2035 4343 2181 4398; x_wconf 88' lang='lat' dir='ltr'><strong>clare</strong></span> <span class='ocrx_word' id='word_1_627' title='bbox 2208 4338 2475 4395; x_wconf 87' lang='lat' dir='ltr'><strong>indicavit</strong></span> <span class='ocrx_word' id='word_1_628' title='bbox 2506 4356 2518 4390; x_wconf 88' lang='lat'><strong>:</strong></span> <span class='ocrx_word' id='word_1_629' title='bbox 2545 4343 2919 4391; x_wconf 87' lang='lat' dir='ltr'><strong>verumtamen</strong></span> <span class='ocrx_word' id='word_1_630' title='bbox 2952 4335 3033 4389; x_wconf 85' lang='lat' dir='ltr'><strong>vel</strong></span> <span class='ocrx_word' id='word_1_631' title='bbox 3065 4342 3285 4403; x_wconf 91' lang='lat' dir='ltr'><strong>tempus</strong></span> <span class='ocrx_word' id='word_1_632' title='bbox 3314 4336 3452 4390; x_wconf 71' lang='lat' dir='ltr'><strong>&#39;llud</strong></span> 
     </span>
    </p>
   </div>
   <div class='ocr_carea' id='block_1_88' title="bbox 177 4426 1764 4511">
    <p class='ocr_par' dir='ltr' id='par_1_88' title="bbox 177 4435 1764 4511">
     <span class='ocr_line' id='line_1_89' title="bbox 177 4435 1764 4511; baseline 0 -18"><span class='ocrx_word' id='word_1_633' title='bbox 177 4442 212 4509; x_wconf 80' lang='grc' dir='ltr'><strong>ἢ</strong></span> <span class='ocrx_word' id='word_1_634' title='bbox 272 4438 403 4494; x_wconf 87' lang='grc' dir='ltr'>καθ’</span> <span class='ocrx_word' id='word_1_635' title='bbox 434 4437 494 4491; x_wconf 83' lang='grc' dir='ltr'>ὃν</span> <span class='ocrx_word' id='word_1_636' title='bbox 538 4439 639 4508; x_wconf 79' lang='grc' dir='ltr'>τὴν</span> <span class='ocrx_word' id='word_1_637' title='bbox 689 4436 781 4490; x_wconf 90' lang='grc' dir='ltr'><strong>διά</strong></span> <span class='ocrx_word' id='word_1_638' title='bbox 826 4435 922 4489; x_wconf 91' lang='grc' dir='ltr'><strong>τοῦ</strong></span> <span class='ocrx_word' id='word_1_639' title='bbox 959 4436 1277 4507; x_wconf 76' lang='grc' dir='ltr'>Πνεῦματος</span> <span class='ocrx_word' id='word_1_640' title='bbox 1307 4437 1764 4511; x_wconf 85' lang='grc' dir='ltr'>πεπλουτήκαμεν</span> 
     </span>
    </p>
   </div>
   <div class='ocr_carea' id='block_1_89' title="bbox 1873 4426 3452 4511">
    <p class='ocr_par' dir='ltr' id='par_1_89' title="bbox 1877 4426 3452 4503">
     <span class='ocr_line' id='line_1_90' title="bbox 1877 4426 3452 4503; baseline -0.006 -13"><span class='ocrx_word' id='word_1_641' title='bbox 1877 4436 2062 4490; x_wconf 89' lang='lat' dir='ltr'><strong>dicere</strong></span> <span class='ocrx_word' id='word_1_642' title='bbox 2104 4431 2419 4503; x_wconf 87' lang='lat' dir='ltr'><strong>putabimus</strong></span> <span class='ocrx_word' id='word_1_643' title='bbox 2452 4443 2563 4499; x_wconf 92' lang='lat' dir='ltr'><strong>quo</strong></span> <span class='ocrx_word' id='word_1_644' title='bbox 2601 4443 2666 4482; x_wconf 84' lang='lat' dir='ltr'><strong>ex</strong></span> <span class='ocrx_word' id='word_1_645' title='bbox 2701 4426 2901 4481; x_wconf 87' lang='lat' dir='ltr'><strong>Christi</strong></span> <span class='ocrx_word' id='word_1_646' title='bbox 2952 4441 3178 4480; x_wconf 87' lang='lat' dir='ltr'><strong>munere</strong></span> <span class='ocrx_word' id='word_1_647' title='bbox 3210 4434 3333 4495; x_wconf 87' lang='lat' dir='ltr'><strong>post</strong></span> <span class='ocrx_word' id='word_1_648' title='bbox 3365 4443 3452 4482; x_wconf 85' lang='lat' dir='ltr'><strong>re-</strong></span> 
     </span>
    </p>
   </div>
   <div class='ocr_carea' id='block_1_90' title="bbox 178 4519 1764 4602">
    <p class='ocr_par' dir='ltr' id='par_1_90' title="bbox 178 4526 1764 4602">
     <span class='ocr_line' id='line_1_91' title="bbox 178 4526 1764 4602; baseline -0.001 -18"><span class='ocrx_word' id='word_1_649' title='bbox 178 4531 391 4602; x_wconf 85' lang='grc' dir='ltr'>γνῶσιν</span> <span class='ocrx_word' id='word_1_650' title='bbox 416 4530 554 4600; x_wconf 86' lang='grc' dir='ltr'><strong>μετά</strong></span> <span class='ocrx_word' id='word_1_651' title='bbox 572 4528 673 4599; x_wconf 80' lang='grc' dir='ltr'>τὴν</span> <span class='ocrx_word' id='word_1_652' title='bbox 696 4530 760 4581; x_wconf 73' lang='grc' dir='ltr'>ἐκ</span> <span class='ocrx_word' id='word_1_653' title='bbox 781 4526 993 4598; x_wconf 84' lang='grc' dir='ltr'>νεκρῶν</span> <span class='ocrx_word' id='word_1_654' title='bbox 1020 4527 1336 4591; x_wconf 81' lang='grc' dir='ltr'>ἀναϐίωσιν,</span> <span class='ocrx_word' id='word_1_655' title='bbox 1362 4532 1764 4601; x_wconf 80' lang='grc' dir='ltr'>χορηγήσαντος</span> 
     </span>
    </p>
   </div>
   <div class='ocr_carea' id='block_1_91' title="bbox 1873 4519 3452 4602">
    <p class='ocr_par' dir='ltr' id='par_1_91' title="bbox 1881 4519 3452 4590">
     <span class='ocr_line' id='line_1_92' title="bbox 1881 4519 3452 4590; baseline -0.008 -5"><span class='ocrx_word' id='word_1_656' title='bbox 1881 4528 2283 4585; x_wconf 90' lang='lat' dir='ltr'><strong>surrectionem</strong></span> <span class='ocrx_word' id='word_1_657' title='bbox 2314 4540 2344 4578; x_wconf 89' lang='lat' dir='ltr'><strong>a</strong></span> <span class='ocrx_word' id='word_1_658' title='bbox 2374 4522 2607 4576; x_wconf 90' lang='lat' dir='ltr'><strong>mortuis</strong></span> <span class='ocrx_word' id='word_1_659' title='bbox 2643 4520 3015 4590; x_wconf 86' lang='lat' dir='ltr'><strong>cognitionem</strong></span> <span class='ocrx_word' id='word_1_660' title='bbox 3061 4534 3157 4588; x_wconf 86' lang='lat' dir='ltr'><strong>per</strong></span> <span class='ocrx_word' id='word_1_661' title='bbox 3187 4519 3452 4588; x_wconf 83' lang='lat' dir='ltr'><strong>Spiritum</strong></span> 
     </span>
    </p>
   </div>
   <div class='ocr_carea' id='block_1_92' title="bbox 177 4606 1764 4695">
    <p class='ocr_par' dir='ltr' id='par_1_92' title="bbox 177 4617 1764 4695">
     <span class='ocr_line' id='line_1_93' title="bbox 177 4617 1764 4695; baseline 0.001 -21"><span class='ocrx_word' id='word_1_662' title='bbox 177 4625 321 4695; x_wconf 79' lang='grc' dir='ltr'>ἡμῖν</span> <span class='ocrx_word' id='word_1_663' title='bbox 353 4621 486 4674; x_wconf 79' lang='grc' dir='ltr'>αὐτὸ</span> <span class='ocrx_word' id='word_1_664' title='bbox 523 4619 616 4672; x_wconf 90' lang='grc' dir='ltr'><strong>τοῦ</strong></span> <span class='ocrx_word' id='word_1_665' title='bbox 665 4617 903 4690; x_wconf 85' lang='grc' dir='ltr'>Χριστοῦ</span> <span class='ocrx_word' id='word_1_666' title='bbox 926 4634 939 4649; x_wconf 86' lang='grc'><strong>·</strong></span> <span class='ocrx_word' id='word_1_667' title='bbox 974 4617 1007 4688; x_wconf 80' lang='grc' dir='ltr'>ἢ</span> <span class='ocrx_word' id='word_1_668' title='bbox 1056 4618 1198 4688; x_wconf 85' lang='grc' dir='ltr'>τάχα</span> <span class='ocrx_word' id='word_1_669' title='bbox 1231 4619 1318 4671; x_wconf 82' lang='grc' dir='ltr'>τὸν</span> <span class='ocrx_word' id='word_1_670' title='bbox 1355 4619 1632 4688; x_wconf 85' lang='grc' dir='ltr'>μέλλοντα,</span> <span class='ocrx_word' id='word_1_671' title='bbox 1675 4622 1764 4676; x_wconf 73' lang='grc' dir='ltr'>καὶ</span> 
     </span>
    </p>
   </div>
   <div class='ocr_carea' id='block_1_93' title="bbox 1873 4606 3455 4695">
    <p class='ocr_par' dir='ltr' id='par_1_93' title="bbox 1882 4606 3455 4688">
     <span class='ocr_line' id='line_1_94' title="bbox 1882 4606 3455 4688; baseline -0.007 -14"><span class='ocrx_word' id='word_1_672' title='bbox 1882 4618 2233 4688; x_wconf 87' lang='lat' dir='ltr'><strong>accepimus,</strong></span> <span class='ocrx_word' id='word_1_673' title='bbox 2294 4614 2377 4667; x_wconf 87' lang='lat' dir='ltr'><strong>vel</strong></span> <span class='ocrx_word' id='word_1_674' title='bbox 2432 4612 2568 4667; x_wconf 92' lang='lat' dir='ltr'><strong>illud</strong></span> <span class='ocrx_word' id='word_1_675' title='bbox 2633 4611 2871 4665; x_wconf 80' lang='lat' dir='ltr'><strong>fortasse</strong></span> <span class='ocrx_word' id='word_1_676' title='bbox 2922 4606 3071 4679; x_wconf 90' lang='lat' dir='ltr'><strong>quod</strong></span> <span class='ocrx_word' id='word_1_677' title='bbox 3130 4618 3254 4677; x_wconf 93' lang='lat' dir='ltr'><strong>post</strong></span> <span class='ocrx_word' id='word_1_678' title='bbox 3286 4608 3455 4679; x_wconf 83' lang='lat' dir='ltr'><strong>hujus</strong></span> 
     </span>
    </p>
   </div>
   <div class='ocr_carea' id='block_1_94' title="bbox 177 4699 1764 4784">
    <p class='ocr_par' dir='ltr' id='par_1_94' title="bbox 177 4709 1764 4784">
     <span class='ocr_line' id='line_1_95' title="bbox 177 4709 1764 4784; baseline -0.001 -16"><span class='ocrx_word' id='word_1_679' title='bbox 177 4714 449 4784; x_wconf 77' lang='grc' dir='ltr'>ἐσόμενον</span> <span class='ocrx_word' id='word_1_680' title='bbox 504 4709 786 4781; x_wconf 79' lang='grc' dir='ltr'>μετά.τὴν</span> <span class='ocrx_word' id='word_1_681' title='bbox 815 4710 910 4764; x_wconf 87' lang='grc' dir='ltr'><strong>τοῦ</strong></span> <span class='ocrx_word' id='word_1_682' title='bbox 947 4710 1155 4779; x_wconf 87' lang='grc' dir='ltr'>κόσμου</span> <span class='ocrx_word' id='word_1_683' title='bbox 1202 4713 1497 4783; x_wconf 83' lang='grc' dir='ltr'>συστολὴν,</span> <span class='ocrx_word' id='word_1_684' title='bbox 1544 4713 1666 4767; x_wconf 88' lang='grc' dir='ltr'>καθ’</span> <span class='ocrx_word' id='word_1_685' title='bbox 1715 4715 1764 4766; x_wconf 65' lang='grc' dir='ltr'>ὃν</span> 
     </span>
    </p>
   </div>
   <div class='ocr_carea' id='block_1_95' title="bbox 1873 4699 3457 4784">
    <p class='ocr_par' dir='ltr' id='par_1_95' title="bbox 1879 4699 3457 4770">
     <span class='ocr_line' id='line_1_96' title="bbox 1879 4699 3457 4770; baseline -0.008 -3"><span class='ocrx_word' id='word_1_686' title='bbox 1879 4711 2071 4768; x_wconf 88' lang='lat' dir='ltr'><strong>mundi</strong></span> <span class='ocrx_word' id='word_1_687' title='bbox 2101 4708 2536 4764; x_wconf 87' lang='lat' dir='ltr'><strong>contractionem</strong></span> <span class='ocrx_word' id='word_1_688' title='bbox 2584 4703 2829 4757; x_wconf 82' lang='lat' dir='ltr'><strong>futurum</strong></span> <span class='ocrx_word' id='word_1_689' title='bbox 2876 4711 2981 4765; x_wconf 91' lang='lat' dir='ltr'><strong>est,</strong></span> <span class='ocrx_word' id='word_1_690' title='bbox 3024 4699 3249 4770; x_wconf 89' lang='lat' dir='ltr'><strong>quando</strong></span> <span class='ocrx_word' id='word_1_691' title='bbox 3308 4702 3457 4755; x_wconf 86' lang='lat' dir='ltr'><strong>clare</strong></span> 
     </span>
    </p>
   </div>
   <div class='ocr_carea' id='block_1_96' title="bbox 178 4791 1764 4875">
    <p class='ocr_par' dir='ltr' id='par_1_96' title="bbox 178 4797 1764 4868">
     <span class='ocr_line' id='line_1_97' title="bbox 178 4797 1764 4868; baseline -0.004 -9"><span class='ocrx_word' id='word_1_692' title='bbox 178 4801 665 4863; x_wconf 80' lang='grc' dir='ltr'>ἀκατακαλύπτως</span> <span class='ocrx_word' id='word_1_693' title='bbox 700 4816 760 4851; x_wconf 89' lang='grc' dir='ltr'><strong>τε</strong></span> <span class='ocrx_word' id='word_1_694' title='bbox 792 4797 886 4852; x_wconf 78' lang='grc' dir='ltr'><strong>καὶ</strong></span> <span class='ocrx_word' id='word_1_695' title='bbox 920 4798 1167 4867; x_wconf 79' lang='grc' dir='ltr'>ἐναργῶς</span> <span class='ocrx_word' id='word_1_696' title='bbox 1196 4798 1295 4868; x_wconf 85' lang='grc' dir='ltr'>τὴν</span> <span class='ocrx_word' id='word_1_697' title='bbox 1325 4797 1419 4850; x_wconf 83' lang='grc' dir='ltr'><strong>τοῦ</strong></span> <span class='ocrx_word' id='word_1_698' title='bbox 1449 4797 1582 4850; x_wconf 87' lang='grc' dir='ltr'>Θεοῦ</span> <span class='ocrx_word' id='word_1_699' title='bbox 1615 4798 1764 4864; x_wconf 64' lang='grc' dir='ltr'>δόξαν</span> 
     </span>
    </p>
   </div>
   <div class='ocr_carea' id='block_1_97' title="bbox 1873 4791 3458 4875">
    <p class='ocr_par' dir='ltr' id='par_1_97' title="bbox 1877 4791 3458 4875">
     <span class='ocr_line' id='line_1_98' title="bbox 1877 4791 3458 4875; baseline -0.006 -17"><span class='ocrx_word' id='word_1_700' title='bbox 1877 4804 2046 4875; x_wconf 78' lang='lat'><strong>938</strong></span> <span class='ocrx_word' id='word_1_701' title='bbox 2066 4809 2121 4857; x_wconf 92' lang='lat' dir='ltr'><strong>et</strong></span> <span class='ocrx_word' id='word_1_702' title='bbox 2147 4808 2336 4871; x_wconf 87' lang='lat' dir='ltr'><strong>aperte</strong></span> <span class='ocrx_word' id='word_1_703' title='bbox 2368 4798 2596 4867; x_wconf 84' lang='lat' dir='ltr'><strong>gloriam</strong></span> <span class='ocrx_word' id='word_1_704' title='bbox 2627 4795 2720 4850; x_wconf 91' lang='lat' dir='ltr'><strong>Dei</strong></span> <span class='ocrx_word' id='word_1_705' title='bbox 2750 4794 3084 4856; x_wconf 90' lang='lat' dir='ltr'><strong>videbimus,</strong></span> <span class='ocrx_word' id='word_1_706' title='bbox 3117 4791 3458 4849; x_wconf 79' lang='lat' dir='ltr'><strong>manifestis-</strong></span> 
     </span>
    </p>
   </div>
   <div class='ocr_carea' id='block_1_98' title="bbox 177 4888 1780 4967">
    <p class='ocr_par' dir='ltr' id='par_1_98' title="bbox 177 4888 1780 4967">
     <span class='ocr_line' id='line_1_99' title="bbox 177 4888 1780 4967; baseline 0.001 -21"><span class='ocrx_word' id='word_1_707' title='bbox 177 4893 458 4967; x_wconf 66' lang='grc' dir='ltr'>ὀψόμεθα,</span> <span class='ocrx_word' id='word_1_708' title='bbox 517 4892 824 4961; x_wconf 79' lang='grc' dir='ltr'>φανοτάτην</span> <span class='ocrx_word' id='word_1_709' title='bbox 881 4891 1013 4961; x_wconf 80' lang='grc' dir='ltr'>ἡμῖν</span> <span class='ocrx_word' id='word_1_710' title='bbox 1075 4888 1438 4960; x_wconf 81' lang='grc' dir='ltr'>ἐμϐάλλοντος</span> <span class='ocrx_word' id='word_1_711' title='bbox 1508 4896 1609 4962; x_wconf 70' lang='grc' dir='ltr'>τὴν</span> <span class='ocrx_word' id='word_1_712' title='bbox 1650 4895 1780 4965; x_wconf 73' lang='grc' dir='ltr'>περὶ</span> 
     </span>
    </p>
   </div>
   <div class='ocr_carea' id='block_1_99' title="bbox 176 4982 1774 5058">
    <p class='ocr_par' dir='ltr' id='par_1_99' title="bbox 176 4982 1774 5058">
     <span class='ocr_line' id='line_1_100' title="bbox 176 4982 1774 5058; baseline -0.001 -16"><span class='ocrx_word' id='word_1_713' title='bbox 176 4986 352 5042; x_wconf 74' lang='grc' dir='ltr'>αὐτοῦ</span> <span class='ocrx_word' id='word_1_714' title='bbox 402 4984 623 5053; x_wconf 84' lang='grc' dir='ltr'>γνῶσιν.</span> <span class='ocrx_word' id='word_1_715' title='bbox 660 4984 753 5036; x_wconf 83' lang='grc' dir='ltr'><strong>Διὸ</strong></span> <span class='ocrx_word' id='word_1_716' title='bbox 805 4983 901 5037; x_wconf 78' lang='grc' dir='ltr'>καὶ</span> <span class='ocrx_word' id='word_1_717' title='bbox 941 4985 970 5036; x_wconf 86' lang='grc' dir='ltr'>ὁ</span> <span class='ocrx_word' id='word_1_718' title='bbox 1021 4982 1233 5045; x_wconf 81' lang='grc' dir='ltr'>Παῦλος</span> <span class='ocrx_word' id='word_1_719' title='bbox 1287 4985 1624 5055; x_wconf 86' lang='grc' dir='ltr'>προφητείαν</span> <span class='ocrx_word' id='word_1_720' title='bbox 1673 4987 1774 5058; x_wconf 88' lang='grc' dir='ltr'>μὲν</span> 
     </span>
    </p>
   </div>
   <div class='ocr_carea' id='block_1_100' title="bbox 176 5071 1773 5146">
    <p class='ocr_par' dir='ltr' id='par_1_100' title="bbox 176 5071 1773 5146">
     <span class='ocr_line' id='line_1_101' title="bbox 176 5071 1773 5146; baseline -0.001 -16"><span class='ocrx_word' id='word_1_721' title='bbox 176 5073 710 5146; x_wconf 82' lang='grc' dir='ltr'>καταργηθήσεσθαι</span> <span class='ocrx_word' id='word_1_722' title='bbox 760 5072 932 5141; x_wconf 89' lang='grc' dir='ltr'>λέγει,</span> <span class='ocrx_word' id='word_1_723' title='bbox 967 5071 1275 5126; x_wconf 81' lang='grc' dir='ltr'>παύσεσθαι</span> <span class='ocrx_word' id='word_1_724' title='bbox 1323 5073 1379 5125; x_wconf 88' lang='grc' dir='ltr'>δὲ</span> <span class='ocrx_word' id='word_1_725' title='bbox 1419 5075 1638 5141; x_wconf 87' lang='grc' dir='ltr'>γνῶσιν,</span> <span class='ocrx_word' id='word_1_726' title='bbox 1675 5077 1773 5145; x_wconf 84' lang='grc' dir='ltr'>οὐχ</span> 
     </span>
    </p>
   </div>
   <div class='ocr_carea' id='block_1_101' title="bbox 179 5165 1771 5241">
    <p class='ocr_par' dir='ltr' id='par_1_101' title="bbox 179 5165 1771 5241">
     <span class='ocr_line' id='line_1_102' title="bbox 179 5165 1771 5241; baseline -0.001 -17"><span class='ocrx_word' id='word_1_727' title='bbox 179 5171 388 5241; x_wconf 75' lang='grc' dir='ltr'>ἑτέραν</span> <span class='ocrx_word' id='word_1_728' title='bbox 422 5168 595 5237; x_wconf 87' lang='grc' dir='ltr'>λέγων</span> <span class='ocrx_word' id='word_1_729' title='bbox 640 5169 793 5239; x_wconf 76' lang='grc' dir='ltr'>παρὰ</span> <span class='ocrx_word' id='word_1_730' title='bbox 821 5168 1047 5238; x_wconf 86' lang='grc' dir='ltr'>ταύτην,</span> <span class='ocrx_word' id='word_1_731' title='bbox 1071 5168 1138 5237; x_wconf 79' lang='grc' dir='ltr'>ἢν</span> <span class='ocrx_word' id='word_1_732' title='bbox 1164 5168 1243 5230; x_wconf 85' lang='grc' dir='ltr'><strong>είς</strong></span> <span class='ocrx_word' id='word_1_733' title='bbox 1263 5165 1327 5218; x_wconf 84' lang='grc' dir='ltr'><strong>τὺ</strong></span> <span class='ocrx_word' id='word_1_734' title='bbox 1374 5168 1546 5238; x_wconf 82' lang='grc' dir='ltr'>παρὸν</span> <span class='ocrx_word' id='word_1_735' title='bbox 1574 5170 1771 5239; x_wconf 87' lang='grc' dir='ltr'>κεκτή-</span> 
     </span>
    </p>
   </div>
   <div class='ocr_carea' id='block_1_102' title="bbox 184 5259 1773 5333">
    <p class='ocr_par' dir='ltr' id='par_1_102' title="bbox 184 5259 1773 5333">
     <span class='ocr_line' id='line_1_103' title="bbox 184 5259 1773 5333; baseline -0.001 -18"><span class='ocrx_word' id='word_1_736' title='bbox 184 5262 352 5333; x_wconf 85' lang='grc' dir='ltr'>μεθα.</span> <span class='ocrx_word' id='word_1_737' title='bbox 390 5278 409 5313; x_wconf 79' lang='lat' dir='ltr'><strong>t</strong></span> <span class='ocrx_word' id='word_1_738' title='bbox 438 5259 718 5332; x_wconf 83' lang='grc' dir='ltr'>Βλέπομεν</span> <span class='ocrx_word' id='word_1_739' title='bbox 749 5260 859 5333; x_wconf 84' lang='grc' dir='ltr'><strong>γάρ</strong></span> <span class='ocrx_word' id='word_1_740' title='bbox 885 5261 953 5313; x_wconf 75' lang='grc' dir='ltr'>δι’</span> <span class='ocrx_word' id='word_1_741' title='bbox 984 5261 1271 5329; x_wconf 74' lang='grc' dir='ltr'>ἐσόπτρου,</span> <span class='ocrx_word' id='word_1_742' title='bbox 1312 5260 1405 5312; x_wconf 62' lang='grc' dir='ltr'><strong>καὶ¹</strong></span> <span class='ocrx_word' id='word_1_743' title='bbox 1432 5259 1773 5332; x_wconf 83' lang='grc' dir='ltr'>γινώσκομεν</span> 
     </span>
    </p>
   </div>
   <div class='ocr_carea' id='block_1_103' title="bbox 183 5353 1771 5427">
    <p class='ocr_par' dir='ltr' id='par_1_103' title="bbox 183 5353 1771 5427">
     <span class='ocr_line' id='line_1_104' title="bbox 183 5353 1771 5427; baseline 0.003 -18"><span class='ocrx_word' id='word_1_744' title='bbox 183 5360 250 5409; x_wconf 79' lang='grc' dir='ltr'>ὲκ</span> <span class='ocrx_word' id='word_1_745' title='bbox 279 5354 504 5427; x_wconf 87' lang='grc' dir='ltr'>μέρους,</span> <span class='ocrx_word' id='word_1_746' title='bbox 536 5374 554 5405; x_wconf 79' lang='grc' dir='ltr'><strong>ι</strong></span> <span class='ocrx_word' id='word_1_747' title='bbox 592 5354 738 5408; x_wconf 81' lang='grc' dir='ltr'>καθά</span> <span class='ocrx_word' id='word_1_748' title='bbox 770 5356 865 5408; x_wconf 74' lang='grc' dir='ltr'>καὶ</span> <span class='ocrx_word' id='word_1_749' title='bbox 909 5355 1111 5425; x_wconf 88' lang='grc' dir='ltr'>ἀρτίως</span> <span class='ocrx_word' id='word_1_750' title='bbox 1149 5353 1426 5424; x_wconf 80' lang='grc' dir='ltr'>ἐλέγομεν.</span> <span class='ocrx_word' id='word_1_751' title='bbox 1465 5375 1483 5406; x_wconf 86' lang='grc'><strong><em>‹</em></strong></span> <span class='ocrx_word' id='word_1_752' title='bbox 1509 5356 1679 5410; x_wconf 87' lang='grc' dir='ltr'>Ὅταν</span> <span class='ocrx_word' id='word_1_753' title='bbox 1714 5358 1771 5414; x_wconf 84' lang='grc' dir='ltr'>δὲ</span> 
     </span>
    </p>
   </div>
   <div class='ocr_carea' id='block_1_104' title="bbox 184 5444 1766 5519">
    <p class='ocr_par' dir='ltr' id='par_1_104' title="bbox 184 5444 1766 5519">
     <span class='ocr_line' id='line_1_105' title="bbox 184 5444 1766 5519; baseline 0.002 -18"><span class='ocrx_word' id='word_1_754' title='bbox 184 5447 322 5519; x_wconf 76' lang='grc' dir='ltr'>ἔλθῃ</span> <span class='ocrx_word' id='word_1_755' title='bbox 369 5445 432 5499; x_wconf 86' lang='grc' dir='ltr'><strong>τδ</strong></span> <span class='ocrx_word' id='word_1_756' title='bbox 482 5445 717 5508; x_wconf 85' lang='grc' dir='ltr'>τέλειον,</span> <span class='ocrx_word' id='word_1_757' title='bbox 764 5446 825 5499; x_wconf 86' lang='grc' dir='ltr'>τὸ</span> <span class='ocrx_word' id='word_1_758' title='bbox 853 5447 918 5499; x_wconf 79' lang='grc' dir='ltr'>ὲκ</span> <span class='ocrx_word' id='word_1_759' title='bbox 972 5444 1172 5514; x_wconf 85' lang='grc' dir='ltr'>μέρους</span> <span class='ocrx_word' id='word_1_760' title='bbox 1215 5444 1714 5516; x_wconf 82' lang='grc' dir='ltr'>καταργηθήσεται.</span> <span class='ocrx_word' id='word_1_761' title='bbox 1747 5469 1766 5503; x_wconf 81' lang='grc' dir='ltr'><strong>ι</strong></span> 
     </span>
    </p>
   </div>
   <div class='ocr_carea' id='block_1_105' title="bbox 186 5534 1771 5607">
    <p class='ocr_par' dir='ltr' id='par_1_105' title="bbox 186 5534 1771 5607">
     <span class='ocr_line' id='line_1_106' title="bbox 186 5534 1771 5607; baseline 0.001 -16"><span class='ocrx_word' id='word_1_762' title='bbox 186 5539 338 5601; x_wconf 81' lang='grc' dir='ltr'>Πῶς,</span> <span class='ocrx_word' id='word_1_763' title='bbox 370 5536 406 5607; x_wconf 78' lang='grc' dir='ltr'><strong>ἢ</strong></span> <span class='ocrx_word' id='word_1_764' title='bbox 448 5536 571 5589; x_wconf 91' lang='grc' dir='ltr'>τίνα</span> <span class='ocrx_word' id='word_1_765' title='bbox 601 5535 823 5606; x_wconf 88' lang='grc' dir='ltr'>τρόπον,</span> <span class='ocrx_word' id='word_1_766' title='bbox 859 5538 908 5590; x_wconf 86' lang='grc' dir='ltr'><strong>εί</strong></span> <span class='ocrx_word' id='word_1_767' title='bbox 952 5534 1129 5605; x_wconf 81' lang='grc' dir='ltr'>βούλει</span> <span class='ocrx_word' id='word_1_768' title='bbox 1162 5534 1374 5605; x_wconf 89' lang='grc' dir='ltr'>μαθεῖν,</span> <span class='ocrx_word' id='word_1_769' title='bbox 1427 5535 1536 5605; x_wconf 79' lang='grc' dir='ltr'>ἐρῶ</span> <span class='ocrx_word' id='word_1_770' title='bbox 1589 5538 1771 5594; x_wconf 80' lang='grc' dir='ltr'>πάλιν.</span> 
     </span>
    </p>
   </div>
   <div class='ocr_carea' id='block_1_106' title="bbox 260 5644 1765 5720">
    <p class='ocr_par' dir='ltr' id='par_1_106' title="bbox 260 5644 1765 5720">
     <span class='ocr_line' id='line_1_107' title="bbox 260 5644 1765 5720; baseline 0.005 -19"><span class='ocrx_word' id='word_1_771' title='bbox 260 5651 307 5681; x_wconf 69' lang='grc'><strong>⁸⁸</strong></span> <span class='ocrx_word' id='word_1_772' title='bbox 339 5649 497 5703; x_wconf 76' lang='lat' dir='ltr'><strong>Rom.</strong></span> <span class='ocrx_word' id='word_1_773' title='bbox 524 5664 563 5720; x_wconf 74' lang='grc' dir='ltr'><strong>ι,</strong></span> <span class='ocrx_word' id='word_1_774' title='bbox 590 5649 640 5720; x_wconf 79' lang='lat'><strong>7.</strong></span> <span class='ocrx_word' id='word_1_775' title='bbox 739 5648 786 5680; x_wconf 76' lang='grc'>⁸⁸</span> <span class='ocrx_word' id='word_1_776' title='bbox 817 5649 834 5704; x_wconf 94' lang='lat' dir='ltr'><strong>l</strong></span> <span class='ocrx_word' id='word_1_777' title='bbox 866 5648 1009 5705; x_wconf 87' lang='lat' dir='ltr'><strong>Tim.</strong></span> <span class='ocrx_word' id='word_1_778' title='bbox 1041 5662 1099 5714; x_wconf 88' lang='lat' dir='ltr'><strong>Il,</strong></span> <span class='ocrx_word' id='word_1_779' title='bbox 1142 5646 1194 5701; x_wconf 84' lang='lat'><strong>5.</strong></span> <span class='ocrx_word' id='word_1_780' title='bbox 1271 5646 1335 5718; x_wconf 57' lang='grc' dir='ltr'><strong>,⁸ο</strong></span> <span class='ocrx_word' id='word_1_781' title='bbox 1370 5644 1534 5706; x_wconf 83' lang='lat' dir='ltr'><strong>Hebr.</strong></span> <span class='ocrx_word' id='word_1_782' title='bbox 1573 5666 1647 5720; x_wconf 88' lang='lat' dir='ltr'><strong>tv,</strong></span> <span class='ocrx_word' id='word_1_783' title='bbox 1676 5653 1765 5709; x_wconf 77' lang='grc'><strong>14.</strong></span> 
     </span>
    </p>
   </div>
   <div class='ocr_carea' id='block_1_107' title="bbox 191 5718 781 5790">
    <p class='ocr_par' dir='ltr' id='par_1_107' title="bbox 191 5718 781 5790">
     <span class='ocr_line' id='line_1_108' title="bbox 191 5718 781 5790; baseline -0.005 -15"><span class='ocrx_word' id='word_1_784' title='bbox 191 5722 249 5790; x_wconf 86' lang='lat'><strong>9,</strong></span> <span class='ocrx_word' id='word_1_785' title='bbox 282 5722 366 5775; x_wconf 73' lang='lat' dir='ltr'><strong>te.</strong></span> <span class='ocrx_word' id='word_1_786' title='bbox 442 5721 490 5751; x_wconf 65' lang='grc' dir='ltr'><strong>’τι</strong></span> <span class='ocrx_word' id='word_1_787' title='bbox 522 5718 659 5774; x_wconf 90' lang='lat' dir='ltr'><strong>Ibid.</strong></span> <span class='ocrx_word' id='word_1_788' title='bbox 696 5720 781 5774; x_wconf 87' lang='grc' dir='ltr'><strong>ιο.</strong></span> 
     </span>
    </p>
   </div>
   <div class='ocr_carea' id='block_1_108' title="bbox 1882 4884 3460 4959">
    <p class='ocr_par' dir='ltr' id='par_1_108' title="bbox 1882 4884 3460 4959">
     <span class='ocr_line' id='line_1_109' title="bbox 1882 4884 3460 4959; baseline -0.008 -9"><span class='ocrx_word' id='word_1_789' title='bbox 1882 4897 2075 4951; x_wconf 88' lang='lat' dir='ltr'><strong>simam</strong></span> <span class='ocrx_word' id='word_1_790' title='bbox 2109 4892 2272 4948; x_wconf 86' lang='lat' dir='ltr'><strong>nobis</strong></span> <span class='ocrx_word' id='word_1_791' title='bbox 2300 4891 2367 4946; x_wconf 81' lang='lat' dir='ltr'><strong>de</strong></span> <span class='ocrx_word' id='word_1_792' title='bbox 2394 4906 2455 4946; x_wconf 91' lang='lat' dir='ltr'><strong>se</strong></span> <span class='ocrx_word' id='word_1_793' title='bbox 2492 4887 2862 4959; x_wconf 87' lang='lat' dir='ltr'><strong>cognitionem</strong></span> <span class='ocrx_word' id='word_1_794' title='bbox 2900 4885 3272 4940; x_wconf 90' lang='lat' dir='ltr'><strong>immittentis.</strong></span> <span class='ocrx_word' id='word_1_795' title='bbox 3303 4884 3460 4939; x_wconf 86' lang='lat' dir='ltr'><strong>ldeo-</strong></span> 
     </span>
    </p>
   </div>
   <div class='ocr_carea' id='block_1_109' title="bbox 1882 4977 3454 5057">
    <p class='ocr_par' dir='ltr' id='par_1_109' title="bbox 1882 4977 3454 5057">
     <span class='ocr_line' id='line_1_110' title="bbox 1882 4977 3454 5057; baseline -0.008 -15"><span class='ocrx_word' id='word_1_796' title='bbox 1882 5003 1989 5057; x_wconf 90' lang='lat' dir='ltr'><strong>que</strong></span> <span class='ocrx_word' id='word_1_797' title='bbox 2023 4985 2231 5040; x_wconf 88' lang='lat' dir='ltr'><strong>Paulus</strong></span> <span class='ocrx_word' id='word_1_798' title='bbox 2268 4982 2613 5055; x_wconf 89' lang='lat' dir='ltr'><strong>prophetiam</strong></span> <span class='ocrx_word' id='word_1_799' title='bbox 2644 4980 2869 5050; x_wconf 90' lang='lat' dir='ltr'><strong>quidem</strong></span> <span class='ocrx_word' id='word_1_800' title='bbox 2893 4985 3219 5033; x_wconf 86' lang='lat' dir='ltr'><strong>evacuatum</strong></span> <span class='ocrx_word' id='word_1_801' title='bbox 3252 4977 3317 5031; x_wconf 86' lang='lat' dir='ltr'><strong>iri</strong></span> <span class='ocrx_word' id='word_1_802' title='bbox 3355 4978 3454 5039; x_wconf 92' lang='lat' dir='ltr'><strong>ait,</strong></span> 
     </span>
    </p>
   </div>
   <div class='ocr_carea' id='block_1_110' title="bbox 1883 5069 3456 5137">
    <p class='ocr_par' dir='ltr' id='par_1_110' title="bbox 1883 5069 3456 5137">
     <span class='ocr_line' id='line_1_111' title="bbox 1883 5069 3456 5137; baseline -0.008 -2"><span class='ocrx_word' id='word_1_803' title='bbox 1883 5090 1940 5135; x_wconf 90' lang='lat' dir='ltr'><strong>et</strong></span> <span class='ocrx_word' id='word_1_804' title='bbox 1968 5086 2310 5134; x_wconf 88' lang='lat' dir='ltr'><strong>cessaturam</strong></span> <span class='ocrx_word' id='word_1_805' title='bbox 2347 5075 2660 5137; x_wconf 84' lang='lat' dir='ltr'><strong>scientiam,</strong></span> <span class='ocrx_word' id='word_1_806' title='bbox 2694 5087 2817 5127; x_wconf 92' lang='lat' dir='ltr'><strong>eam</strong></span> <span class='ocrx_word' id='word_1_807' title='bbox 2873 5072 3088 5126; x_wconf 86' lang='lat' dir='ltr'><strong>scilicet</strong></span> <span class='ocrx_word' id='word_1_808' title='bbox 3127 5085 3234 5123; x_wconf 90' lang='lat' dir='ltr'><strong>non</strong></span> <span class='ocrx_word' id='word_1_809' title='bbox 3292 5069 3456 5123; x_wconf 88' lang='lat' dir='ltr'><strong>aliam</strong></span> 
     </span>
    </p>
   </div>
   <div class='ocr_carea' id='block_1_111' title="bbox 1884 5162 3461 5243">
    <p class='ocr_par' dir='ltr' id='par_1_111' title="bbox 1884 5162 3461 5243">
     <span class='ocr_line' id='line_1_112' title="bbox 1884 5162 3461 5243; baseline -0.008 -17"><span class='ocrx_word' id='word_1_810' title='bbox 1884 5187 2050 5243; x_wconf 90' lang='lat' dir='ltr'><strong>quam</strong></span> <span class='ocrx_word' id='word_1_811' title='bbox 2082 5184 2233 5224; x_wconf 92' lang='lat' dir='ltr'><strong>nunc</strong></span> <span class='ocrx_word' id='word_1_812' title='bbox 2266 5167 2635 5240; x_wconf 87' lang='lat' dir='ltr'><strong>possidemus.</strong></span> <span class='ocrx_word' id='word_1_813' title='bbox 2664 5184 2683 5217; x_wconf 76' lang='grc' dir='ltr'><strong>ι</strong></span> <span class='ocrx_word' id='word_1_814' title='bbox 2728 5162 2992 5218; x_wconf 76' lang='lat' dir='ltr'><strong>Videmus</strong></span> <span class='ocrx_word' id='word_1_815' title='bbox 3029 5164 3171 5216; x_wconf 88' lang='lat' dir='ltr'><strong>enim</strong></span> <span class='ocrx_word' id='word_1_816' title='bbox 3205 5176 3301 5230; x_wconf 91' lang='lat' dir='ltr'><strong>per</strong></span> <span class='ocrx_word' id='word_1_817' title='bbox 3329 5175 3461 5229; x_wconf 86' lang='lat' dir='ltr'><strong>spe-</strong></span> 
     </span>
    </p>
   </div>
   <div class='ocr_carea' id='block_1_112' title="bbox 1887 5252 3461 5332">
    <p class='ocr_par' dir='ltr' id='par_1_112' title="bbox 1887 5252 3461 5332">
     <span class='ocr_line' id='line_1_113' title="bbox 1887 5252 3461 5332; baseline -0.01 -13"><span class='ocrx_word' id='word_1_818' title='bbox 1887 5264 2095 5327; x_wconf 92' lang='lat' dir='ltr'><strong>culum,</strong></span> <span class='ocrx_word' id='word_1_819' title='bbox 2122 5273 2177 5317; x_wconf 92' lang='lat' dir='ltr'><strong>et</strong></span> <span class='ocrx_word' id='word_1_820' title='bbox 2200 5259 2585 5332; x_wconf 90' lang='lat' dir='ltr'><strong>cognoscimus</strong></span> <span class='ocrx_word' id='word_1_821' title='bbox 2610 5273 2674 5313; x_wconf 83' lang='lat' dir='ltr'><strong>ex</strong></span> <span class='ocrx_word' id='word_1_822' title='bbox 2694 5266 2850 5327; x_wconf 89' lang='lat' dir='ltr'><strong>parte</strong></span> <span class='ocrx_word' id='word_1_823' title='bbox 2869 5255 2937 5318; x_wconf 69' lang='grc'><strong>’³,</strong></span> <span class='ocrx_word' id='word_1_824' title='bbox 2976 5274 2994 5305; x_wconf 77' lang='grc' dir='ltr'><strong>ι</strong></span> <span class='ocrx_word' id='word_1_825' title='bbox 3031 5254 3196 5309; x_wconf 90' lang='lat' dir='ltr'><strong>sicuti</strong></span> <span class='ocrx_word' id='word_1_826' title='bbox 3231 5267 3357 5306; x_wconf 88' lang='lat' dir='ltr'><strong>mox</strong></span> <span class='ocrx_word' id='word_1_827' title='bbox 3383 5252 3461 5306; x_wconf 86' lang='lat' dir='ltr'><strong>di—</strong></span> 
     </span>
    </p>
   </div>
   <div class='ocr_carea' id='block_1_113' title="bbox 1887 5341 3460 5415">
    <p class='ocr_par' dir='ltr' id='par_1_113' title="bbox 1887 5341 3460 5415">
     <span class='ocr_line' id='line_1_114' title="bbox 1887 5341 3460 5415; baseline -0.011 -2"><span class='ocrx_word' id='word_1_828' title='bbox 1887 5357 2169 5413; x_wconf 89' lang='lat' dir='ltr'><strong>cebamus.</strong></span> <span class='ocrx_word' id='word_1_829' title='bbox 2218 5373 2237 5404; x_wconf 76' lang='grc' dir='ltr'><strong>ι</strong></span> <span class='ocrx_word' id='word_1_830' title='bbox 2286 5352 2421 5406; x_wconf 87' lang='lat' dir='ltr'><strong>Cum</strong></span> <span class='ocrx_word' id='word_1_831' title='bbox 2466 5359 2647 5405; x_wconf 85' lang='lat' dir='ltr'><strong>autem</strong></span> <span class='ocrx_word' id='word_1_832' title='bbox 2700 5347 2912 5403; x_wconf 88' lang='lat' dir='ltr'><strong>venerit</strong></span> <span class='ocrx_word' id='word_1_833' title='bbox 2958 5344 3105 5415; x_wconf 91' lang='lat' dir='ltr'><strong>quod</strong></span> <span class='ocrx_word' id='word_1_834' title='bbox 3156 5341 3460 5413; x_wconf 82' lang='lat' dir='ltr'><strong>perfectum</strong></span> 
     </span>
    </p>
   </div>
   <div class='ocr_carea' id='block_1_114' title="bbox 1886 5434 3463 5513">
    <p class='ocr_par' dir='ltr' id='par_1_114' title="bbox 1886 5434 3463 5513">
     <span class='ocr_line' id='line_1_115' title="bbox 1886 5434 3463 5513; baseline -0.01 -10"><span class='ocrx_word' id='word_1_835' title='bbox 1886 5457 1991 5513; x_wconf 85' lang='lat' dir='ltr'><strong>est,</strong></span> <span class='ocrx_word' id='word_1_836' title='bbox 2020 5444 2380 5502; x_wconf 88' lang='lat' dir='ltr'><strong>evacuabitur</strong></span> <span class='ocrx_word' id='word_1_837' title='bbox 2412 5441 2557 5513; x_wconf 92' lang='lat' dir='ltr'><strong>quod</strong></span> <span class='ocrx_word' id='word_1_838' title='bbox 2590 5457 2657 5495; x_wconf 80' lang='lat' dir='ltr'><strong>ex</strong></span> <span class='ocrx_word' id='word_1_839' title='bbox 2688 5447 2844 5510; x_wconf 89' lang='lat' dir='ltr'><strong>parte</strong></span> <span class='ocrx_word' id='word_1_840' title='bbox 2874 5446 2958 5492; x_wconf 89' lang='lat' dir='ltr'><strong>est</strong></span> <span class='ocrx_word' id='word_1_841' title='bbox 2981 5436 3048 5489; x_wconf 76' lang='lat'><strong>&quot;.</strong></span> <span class='ocrx_word' id='word_1_842' title='bbox 3091 5455 3109 5487; x_wconf 75' lang='grc' dir='ltr'><strong>ι</strong></span> <span class='ocrx_word' id='word_1_843' title='bbox 3150 5434 3270 5500; x_wconf 92' lang='lat' dir='ltr'><strong>Quo</strong></span> <span class='ocrx_word' id='word_1_844' title='bbox 3301 5441 3463 5502; x_wconf 88' lang='lat' dir='ltr'><strong>pacto</strong></span> 
     </span>
    </p>
   </div>
   <div class='ocr_carea' id='block_1_115' title="bbox 1882 5525 3464 5607">
    <p class='ocr_par' dir='ltr' id='par_1_115' title="bbox 1882 5525 3464 5607">
     <span class='ocr_line' id='line_1_116' title="bbox 1882 5525 3464 5607; baseline -0.009 -15"><span class='ocrx_word' id='word_1_845' title='bbox 1882 5554 2036 5605; x_wconf 87' lang='lat' dir='ltr'><strong>vero,</strong></span> <span class='ocrx_word' id='word_1_846' title='bbox 2065 5540 2109 5593; x_wconf 90' lang='lat' dir='ltr'><strong>si</strong></span> <span class='ocrx_word' id='word_1_847' title='bbox 2131 5538 2307 5607; x_wconf 88' lang='lat' dir='ltr'><strong>juvat,</strong></span> <span class='ocrx_word' id='word_1_848' title='bbox 2323 5537 2504 5593; x_wconf 90' lang='lat' dir='ltr'><strong>denuo</strong></span> <span class='ocrx_word' id='word_1_849' title='bbox 2532 5542 2800 5602; x_wconf 86' lang='lat' dir='ltr'><strong>repetam.</strong></span> <span class='ocrx_word' id='word_1_850' title='bbox 2822 5527 3294 5596; x_wconf 88' lang='lat' dir='ltr'><strong>Quemadmodum</strong></span> <span class='ocrx_word' id='word_1_851' title='bbox 3317 5525 3464 5580; x_wconf 88' lang='lat' dir='ltr'><strong>enim</strong></span> 
     </span>
    </p>
   </div>
   <div class='ocr_carea' id='block_1_116' title="bbox 1863 5636 3464 5717">
    <p class='ocr_par' dir='ltr' id='par_1_116' title="bbox 1863 5636 3464 5717">
     <span class='ocr_line' id='line_1_117' title="bbox 1863 5636 3464 5717; baseline -0.009 -10"><span class='ocrx_word' id='word_1_852' title='bbox 1863 5653 1907 5689; x_wconf 71' lang='grc' dir='ltr'><strong>ἰ</strong></span> <span class='ocrx_word' id='word_1_853' title='bbox 1940 5649 2142 5707; x_wconf 78' lang='lat' dir='ltr'><strong>lJoan.</strong></span> <span class='ocrx_word' id='word_1_854' title='bbox 2171 5666 2234 5717; x_wconf 86' lang='grc' dir='ltr'><strong>ιι,</strong></span> <span class='ocrx_word' id='word_1_855' title='bbox 2269 5649 2322 5703; x_wconf 84' lang='lat' dir='ltr'><strong>l.</strong></span> <span class='ocrx_word' id='word_1_856' title='bbox 2419 5647 2465 5679; x_wconf 83' lang='lat'><strong>&quot;</strong></span> <span class='ocrx_word' id='word_1_857' title='bbox 2492 5643 2656 5702; x_wconf 86' lang='lat' dir='ltr'><strong>Hebr.</strong></span> <span class='ocrx_word' id='word_1_858' title='bbox 2713 5657 2811 5709; x_wconf 87' lang='lat' dir='ltr'><strong>vn,</strong></span> <span class='ocrx_word' id='word_1_859' title='bbox 2843 5640 2930 5696; x_wconf 77' lang='lat' dir='ltr'><strong>i9.</strong></span> <span class='ocrx_word' id='word_1_860' title='bbox 3026 5638 3073 5671; x_wconf 76' lang='grc'><strong>’³</strong></span> <span class='ocrx_word' id='word_1_861' title='bbox 3104 5636 3122 5690; x_wconf 97' lang='lat' dir='ltr'><strong>l</strong></span> <span class='ocrx_word' id='word_1_862' title='bbox 3154 5636 3282 5693; x_wconf 87' lang='lat' dir='ltr'><strong>Cor.</strong></span> <span class='ocrx_word' id='word_1_863' title='bbox 3333 5651 3464 5702; x_wconf 79' lang='lat' dir='ltr'><strong>xm,</strong></span> 
     </span>
    </p>
   </div>
  </div>
