3868 6200
401 281 516 340 ’463
1401 285 1456 339 S.
1482 283 1762 339 CYRILLI
1799 281 2270 340 ALEXANDRINI
2300 283 2623 340 ARCHIE’P.
3571 287 3664 342 464

410 401 648 455 obscura
690 406 1164 454 nocte'aStrorum
1215 399 1387 455 decus
1419 401 1622 466 elucet,
1658 413 1989 469 unoquoque

2099 399 2310 470 Ὥσπερ
2338 398 2446 470 γάρ
2489 391 2765 467 ἀφεγγσῦς
2809 399 2913 468 μὲν
2961 399 3126 471 οὔσης
3160 399 3351 464 νυκτὸς
3379 399 3439 453 τὸ
3465 399 3667 470 φαιδρὸν

412 493 598 547 lumen
632 493 1150 548 suum-emittente:
1197 493 1290 547 sed
1327 493 1495 546 simul
1542 506 1608 545 ac
1647 490 1783 546 solis
1826 489 1989 558 jubar

2096 491 2203 544 τῶν
2227 491 2474 562 ἀστέρων
2505 492 2848 560 διαφαίνεται
2893 492 3109 558 κάλλος,
3143 492 3374 546 ἑκάστου
3399 492 3462 546 τὸ
3487 493 3666 546 οἰκεῖον

412 585 653 649 refulsit,
707 583 970 654 splendor
1029 583 1123 637 ille
1166 583 1508 654 singulorum
1561 581 1887 644 evanescit,
1941 588 1989 635 et

2097 585 2583 656 ἁπαστράπτοντος
2617 584 2761 654 φῶςο
2793 585 3120 656 ἀνισχούσης
3157 602 3222 652 γε
3261 587 3368 656 μὴν
3407 585 3502 654 τῆς
3529 583 3664 654 ἡλίου

414 675 548 730 solis
576 674 748 729 radiis
763 673 912 729 cedit
943 694 956 729 :
982 674 1318 743 sic,opinor,
1342 674 1585 745 cognitio
1610 673 1704 726 illa
1731 687 1837 742 qua
1856 685 1997 741 prae-

414 768 510 821 diti
539 781 686 821 nunc
723 781 942 830 sumus,
968 773 1113 820 tunc
1137 767 1402 836 temporis
1446 765 1710 830 cessabit,
1753 772 1810 820 et
1843 763 1995 819 desi-

417 865 511 912 net
551 872 676 927 quze
717 867 804 913 est
839 873 904 912 ex
953 867 1135 926 parte,
1175 857 1421 928 perfecta
1457 858 1580 914 luce
1620 859 1911 922 subeunte,
1941 866 1996 914 et

418 950 881 1020 perfectissimum
930 949 1091 1004 nobis
1125 949 1326 1004 divinae
1354 951 1688 1020 cognitionis
1726 950 1994 1021 fulgorem

413 1038 762 1094 infundente.
801 1038 959 1093 Tunc
983 1053 1107 1108 quae
1138 1037 1206 1093 de
1238 1054 1342 1094 suo
1376 1038 1538 1095 Patre
1567 1041 1712 1094 scire
1739 1039 1997 1096 convenit

415 1133 672 1188 Christus
705 1131 1083 1197 annuntiabit,
1115 1147 1240 1188 cum
1262 1147 1326 1186 ea
1354 1132 1468 1202 jam
1511 1140 1630 1187 tuto
1657 1147 1859 1203 capere
1886 1147 1997 1202 -po-

419 1225 667 1280 terimus.
702 1222 857 1280 Nunc
897 1225 1040 1278 enim
1078 1240 1176 1295 per
1207 1225 1459 1278 umbram
1494 1234 1548 1280 et
1585 1225 1870 1294 exempla,
1904 1239 1996 1277 va-

416 1320 640 1388 riasque
663 1333 730 1372 ex
765 1318 904 1388 ipsis
930 1318 1098 1372 rebus
1131 1317 1422 1382 imagines,
1455 1331 1519 1370 ac
1549 1316 1758 1388 ﬁguras
1783 1317 1996 1371 a-nobis

417 1411 736 1481 desumptas
766 1411 864 1464 vix
893 1411 961 1464 ad
995 1409 1236 1480 aliquam
1271 1409 1564 1464 obscuram
1617 1409 1994 1480 cognitionem

415 1503 783 1567 deducimur,
832 1508 1065 1572 propter
1117 1499 1289 1554 animi
1362 1499 1534 1556 nostri
1596 1499 1992 1555 inﬁrmitatem.

415 1596 570 1651 Tune
603 1609 734 1650 vero
752 1597 879 1650 sine
905 1593 1016 1647 ulla
1047 1608 1278 1663 prorsus
1309 1592 1504 1664 ﬁgura,
1538 1593 1660 1648 sine
1691 1594 1995 1664 aenigmate

415 1697 510 1742 aut
549 1688 836 1759 parabola,
863 1687 1035 1750 nuda,
1075 1693 1134 1740 ut
1179 1687 1254 1740 ita
1307 1685 1513 1753 dicam,
1552 1685 1694 1740 facie
1740 1693 1796 1740 et
1828 1700 1996 1755 expe-

2099 679 2502 748 μαρμαρυγῆς,
2544 675 2906 748 καταργεῖταί
2962 693 3074 739 πως
3123 676 3224 747 ήδη
3258 673 3319 727 τὸ
3369 676 3435 728 ὲκ
3481 673 3663 746 μέρους

2096 767 2370 838 λαμπρὸν,
2404 767 2500 819 καὶ
2527 767 2623 838 τῆς
2654 765 2860 820 ἐκείνου
2893 764 3056 835 βολῆς
3090 763 3403 836 ἡττώμενον
3448 764 3662 836 ἀδρανῆ,

2091 859 2191 912 καὶ
2229 856 2512 927 ἄπρακτον
2540 855 2654 927 ἔχει
2685 857 2784 926 τὴν
2812 856 3017 909 οἰκείαν
3049 856 3222 926 αὐγήν
3247 871 3261 885 °
3294 853 3434 908 κατά
3455 853 3542 908 τὸν
3573 855 3664 906 αὐ-

2095 951 2209 1012 τὸν,
2239 945 2416 1019 οἶμαι,
2459 949 2662 1020 τρόπον
2693 949 2787 1001 καὶ
2818 949 2851 1019 ἡ
2885 947 2979 1002 νῦν
3008 950 3140 1018 ἡμῖν
3181 948 3503 1017 ὑπάρχουσα
3532 947 3663 1014 γνῶ-

2097 1059 2202 1106 σις,
2233 1043 2356 1097 κατ’
2391 1044 2571 1096 ἐκεῖνο
2619 1043 2965 1096 πεπαύσεται
2994 1041 3090 1095 τοῦ
3133 1040 3348 1111 καιροῦ,
3383 1040 3478 1094 καὶ
3504 1057 3662 1094 κατα-

2095 1135 2246 1206 λήξει
2272 1135 2333 1188 τὸ
2355 1136 2418 1188 ὲκ
2459 1134 2678 1205 μέρους,
2703 1134 2800 1188 τοῦ
2830 1134 3042 1187 τελείου
3077 1132 3254 1202 φωτὸς
3280 1131 3682 1195 εἰσελάσαντος,

2086 1223 2192 1279 καὶ
2245 1225 2629 1296 πληρεστάτην
2666 1227 2796 1297 ἡμῖν
2848 1225 2946 1295 τὴν
2973 1225 3072 1293 τῆς
3116 1223 3450 1291 θεογνωσίας
3495 1224 3670 1274 ἐπεισ-

2095 1319 2308 1388 χέοντος
2329 1319 2525 1390 αὐγήν.
2541 1319 2584 1370 Τ
2587 1319 2675 1372 ότε
2720 1318 2860 1388 μετά
2901 1315 3214 1389 παρρησίας
3233 1315 3550 1385 δυναμένοις
3575 1314 3668 1386 ἠδη

2083 1414 2314 1484 χωρεῖν.
2350 1412 2416 1466 τὰ
2446 1413 2572 1482 περὶ
2600 1411 2695 1465 τοῦ
2734 1412 2866 1465 ἰδίου
2923 1405 3137 1481 Πατρός
3176 1411 3205 1463 ό
3237 1409 3472 1481 Χριστὸς
3499 1409 3670 1476 ἀπαγ-

2096 1503 2263 1572 γελεῖ.
2296 1504 2430 1556 Νυνὶ
2473 1503 2570 1573 μὲν
2619 1502 2728 1573 γὰρ
2779 1502 2869 1555 διὰ
2908 1503 3090 1566 σκιᾶς,
3116 1501 3218 1554 καὶ
3265 1497 3671 1567 ὑποδειγμάτων

2088 1597 2192 1648 ’καὶ
2225 1596 2476 1664 ποικίλης
2527 1594 2638 1648 ἔσθ’
2685 1595 2774 1647 ὅτε
2823 1591 3399 1664 παραλαμϐανομένης
3443 1590 3540 1659 τῆς
3588 1588 3673 1642 διὰ

2098 1686 2445 1758 πραγμάτων
2476 1686 2706 1750 εἰκόνος,
2745 1687 2839 1739 καὶ
2863 1684 3052 1738 τύπων
3076 1684 3186 1737 τῶν
3222 1683 3345 1738 καθ’
3385 1684 3554 1753 ἡμᾶς,
3579 1682 3671 1752 μό-

414 1787 525 1841 dita
554 1783 964 1840 mente=divina3
991 1781 1084 1836 Dei
1119 1796 1183 1835 ac
1220 1780 1402 1836 Patris
1447 1790 1661 1835 naturae
1709 1779 1880 1834 decus
1911 1781 1989 1833 in-

2096 1780 2176 1843 λις
2218 1779 2309 1833 ὲπί
2333 1797 2455 1832 τινα
2503 1780 2704 1847 γνῶσιν
2730 1778 2980 1850 ἀμυδρὰν
3028 1776 3428 1848 ποδηγούμεθα,
3464 1777 3552 1830 διὰ
3577 1775 3672 1846 τὴν

414 1877 742 1948 telligemus,
791 1876 1023 1948 gloriam
1049 1875 1170 1944 ejus
1201 1875 1294 1944 qui
1335 1886 1402 1928 ex
1437 1874 1560 1942 ipso
1601 1873 1809 1929 eﬂ'ulsit
1859 1887 1992 1928 cou-

413 1966 775 2037 templantes:
821 1984 839 2016 ι
883 1962 1202 2019 Videbimus
1240 1964 1386 2018 enim
1445 1979 1573 2018 eum
1621 1964 1785 2018 sicuti
1815 1971 1918 2030 est,
1967 1980 1986 2012 ι

408 2060 563 2129 juxta
589 2057 819 2114 Joannis
866 2072 1053 2112 vocem
1077 2057 1144 2111 ’⁵.
1182 2055 1339 2110 Nunc
1385 2056 1531 2110 enim
1567 2056 1834 2120 videmus,
1878 2071 1990 2109 non

414 2152 470 2206 in
499 2166 563 2207 ea
597 2150 819 2222 quidem
869 2164 1099 2219 prorsus
1145 2163 1270 2218 quae
1321 2146 1432 2202 Deo
1476 2149 1734 2204 convenit
1781 2147 1989 2218 gloria,

413 2251 636 2313 propter
683 2243 1112 2307 humanitatem,
1163 2239 1262 2295 sed
1307 2238 1500 2309 elapso
1552 2240 1993 2310 dispensationis

412 2344 682 2405 tempore,
719 2334 1070 2405 perfectoque
1111 2332 1380 2404 mysterio
1413 2333 1562 2402 quod
1612 2342 1836 2404 propter
1869 2349 1991 2397 nos,

412 2439 468 2482 et
495 2443 595 2497 pro
626 2429 810 2493 nobis,
845 2427 898 2481 in
925 2442 1024 2482 sua
1055 2425 1277 2481 demum
1326 2435 1381 2480 et
1425 2424 1606 2480 Patris
1639 2427 1815 2496 gloria
1862 2441 1996 2480 con-

414 2521 702 2591 spicietur.
736 2517 881 2573 Deus
910 2518 1057 2572 enim
1088 2530 1215 2571 cum
1257 2515 1328 2570 sit
1369 2516 1672 2572 secundum
1718 2525 1995 2583 naturam,

409 2611 758 2681 proindeque
815 2607 1067 2664 Genitori
1123 2607 1998 2678 consubstantialis,«aequalibus

413 2704 638 2758 omnino
683 2701 1047 2774 dignitatibus
1099 2701 1366 2772 praditus
1406 2703 1531 2764 erit,
1587 2709 1644 2756 et
1696 2700 1755 2756 in
1808 2702 1990 2773 gloria

405 2798 632 2868 propria
664 2795 885 2866 Deoque
911 2795 1262 2851 convenienti
1304 2794 1620 2862 refulgebit.

2093 1871 2321 1924 ἐνοῦσαν
2373 1873 2507 1941 ἡμῖν
2555 1870 2698 1924 κατά
2760 1871 2887 1924 νοῦν
2934 1872 3237 1926 ἀσθένειαν.
3284 1870 3415 1924 Τότε
3459 1887 3524 1938 γε
3569 1869 3672 1938 μὴν

2093 1963 2268 2018 τύπου
2299 1964 2361 2017 τὸ
2397 1965 2665 2034 παράπαν
2688 1963 2972 2034 δεηθέντες
3002 1965 3248 2028 οὐδενὸς,
3293 1963 3409 2018 ἀλλ’
3443 1962 3566 2016 οὐδὲ
3594 1962 3676 2014 αί-

2094 2057 2396 2126 νιγμάτων,
2447 2056 2480 2126 ἢ
2533 2056 2885 2128 παραϐολῆς,
2921 2056 3114 2126 γυμνῷ
3168 2057 3368 2126 τρόπον
3423 2052 3546 2105 τινὰ
3600 2052 3674 2120 τῷ

2099 2147 2397 2220 προσώπῳ,
2431 2149 2525 2202 καὶ
2560 2148 2989 2220 ἀπαραποδίστῳ
3024 2147 3232 2216 διανοίᾳ
3273 2146 3334 2200 τὸ
3381 2144 3482 2215 τῆς
3527 2143 3676 2206 θείας

2100 2239 2316 2308 φύσεως
2362 2239 2458 2293 τοῦ
2501 2238 2635 2292 Θεοῦ
2685 2240 2780 2293 καὶ
2818 2241 3033 2310 Πατρός
3083 2240 3412 2309 ὲννοήσομεν
3463 2235 3674 2298 κάλλος,

2100 2337 2200 2406 τὴν
2248 2334 2343 2388 τοῦ
2385 2336 2686 2407 πεφηνότος
2733 2335 2794 2402 ἐξ
2854 2335 3019 2390 αὑτοῦ
3070 2336 3444 2406 θεωρήσαντες
3499 2333 3674 2398 δόξαν.

2102 2445 2123 2480 ι
2163 2427 2431 2497 Ὀψόμεθα
2462 2428 2572 2498 γὰρ
2603 2429 2764 2482 αὑτὸν
2794 2428 2975 2493 καθώς
2995 2432 3133 2492 ἐστι,
3160 2447 3180 2480 ι
3205 2428 3346 2482 κατά
3370 2427 3470 2503 τὴν
3503 2425 3679 2480 Ἰωάν-

2097 2538 2188 2574 νου
2216 2522 2418 2591 φωνήν.
2455 2521 2569 2574 Νῦν
2604 2522 2704 2592 μὲν
2740 2523 2849 2593 γὰρ
2895 2518 3108 2592 εἴδομεν
3157 2521 3258 2574 οὐκ
3299 2522 3357 2572 ὲν
3395 2519 3679 2589 ὁλοκλήρῳ

2096 2609 2222 2682 δόξῃ
2251 2613 2317 2682 τῇ
2357 2611 2672 2683 θεοπρεπεῖ,
2705 2614 2795 2666 διὰ
2837 2613 2900 2666 τὸ
2933 2611 3271 2684 ἀνθρώπινον
3292 2627 3304 2640 °
3343 2610 3680 2678 ιιαρελάσανι⁴

2097 2719 2188 2766 τος
2215 2702 2272 2756 δὲ
2299 2702 2391 2755 τοῦ
2425 2703 2619 2774 καιροῦ
2648 2704 2747 2774 τῆς
2781 2703 2921 2776 μετά
2963 2703 3165 2774 σαρκὸς
3203 2702 3540 2774 οἰκονομίας,
3585 2702 3680 2754 καὶ

2097 2793 2486 2864 τετελεσμένον
2516 2794 2610 2848 τοῦ
2647 2796 2948 2866 μυστηρίου
2981 2796 3075 2848 τοῦ
3104 2796 3170 2849 δι’
3199 2798 3366 2866 ἡμᾶς,
3410 2796 3508 2848 καὶ
3538 2793 3681 2862 ὑπὲρ

409 2889 589 2958 ἡμῶν,
626 2891 682 2941 ὲν
709 2888 817 2960 ἰδίᾳ
839 2887 965 2959 δόξῃ
996 2887 1205 2950 λοιπὸν,
1231 2887 1325 2941 καὶ¹
1351 2889 1418 2958 τῇ
1453 2886 1546 2940 τοῦ
1589 2884 1812 2958 ΑΠατρὸς
1849 2885 2166 2956 ὀφθήσεται.
2217 2885 2354 2948 Θεὸς
2399 2887 2508 2956 γὰρ
2574 2885 2652 2941 ὢν
2698 2888 2839 2941 κατὰ
2908 2887 3090 2955 φύσιν,
3143 2885 3427 2959 όμοούσιός
3495 2902 3555 2939 τε
3592 2885 3682 2936 διὰ

405 2980 567 3033 ’τοῦτο
593 2979 672 3049 τῷ
704 2978 957 3048 φύσαντι,
989 2979 1207 3043 πάντως
1233 2978 1404 3049 δήπου
1440 2979 1535 3030 καὶ
1569 2981 1627 3031 ὲν
1664 2978 1799 3042 ἴσοις
1827 2976 1980 3031 ἔσται
2015 2980 2128 3040 τοῖς
2149 2977 2442 3048 ἀξιώμασι,
2474 2980 2570 3031 καὶ
2612 2979 2670 3032 ἐν
2697 2977 2823 3050 δόξῃ
2888 2981 2955 3050 τῇ
2990 2978 3170 3050 οἰκείᾳ
3215 2979 3310 3032 καὶ
3376 2977 3683 3049 θεοπρεπεῖ

402 3070 700 3143 ’διαλάμψει
726 3069 936 3123 λοιπόν.

484 3165 622 3232 XVI,
656 3165 747 3225 26,
779 3163 870 3218 27.
907 3161 970 3218 In
1004 3163 1098 3216 illo
1134 3163 1219 3216 die
1250 3164 1305 3216 in
1354 3163 1565 3216 nomine
1618 3179 1728 3217 meo
1756 3172 1942 3232 petens
1975 3169 2064 3226 :C

407 3273 459 3313 ιι
493 3274 597 3312 non
618 3256 738 3310 dico
769 3253 914 3308 vobis
942 3255 1067 3324 quia
1093 3270 1187 3324 ego
1227 3255 1423 3324 rogabo
1462 3253 1679 3308 Patrem
1721 3253 1786 3309 de
1819 3255 1984 3309 vobis.

413 3349 536 3420 Ipse
559 3351 698 3404 enim
730 3346 894 3402 Pater
925 3357 1070 3400 amat
1095 3363 1208 3408 vos,
1250 3348 1378 3416 quia
1399 3363 1488 3400 vos
1526 3363 1606 3401 me
1630 3349 1890 3415 amastis,
1929 3356 1986 3401 et

408 3444 714 3499 credidistis
740 3443 866 3512 quia
895 3458 926 3494 a
958 3439 1065 3494 Deo
1091 3441 1257 3494 exivi.

479 3617 624 3673 Nihil
662 3616 889 3672 omnino
941 3630 1034 3686 per
1079 3614 1389 3670 orationem
1431 3622 1487 3669 et
1521 3611 1983 3682 supplicationem

411 3722 594 3786 petere
634 3709 922 3781 permittit,
959 3709 1071 3763 nisi
1113 3709 1168 3762 in
1218 3708 1440 3762 nomine
1493 3705 1662 3777 939
1704 3721 1825 3760 suo.
1884 3704 1984 3759 Pa-

410 3813 551 3858 trem
573 3815 704 3857 vero
727 3801 884 3854 ocius
915 3799 1175 3852 daturum
1210 3800 1293 3853 eis
1322 3798 1618 3866 pollicetur
1646 3811 1770 3866 qua:
1802 3805 1988 3866 postu-

409 3894 666 3958 laverint,
695 3908 803 3946 non
836 3891 1026 3961 utique
1054 3887 1176 3945 Filii
1213 3889 1393 3944 solum
1436 3889 1702 3959 impulsu,
1751 3890 1842 3958 qui
1889 3890 1987 3943 ad-

411 3998 644 4041 vocatus
663 3985 710 4017 “
743 3993 798 4040 et
829 3983 1101 4039 mediator
1120 3982 1165 4014 °"
1212 3988 1329 4045 est,
1379 3980 1473 4035 sed
1535 3981 1684 4036 ultro
1717 3980 1983 4050 quodam-

411 4075 576 4129 modo
605 4089 671 4129 eo
695 4070 1084 4127 mimiﬁcentize
1110 4071 1352 4125 delatum
1373 4110 1388 4136 ,
1437 4079 1492 4124 et
1520 4071 1680 4140 quasi
1707 4071 1985 4140 quoddam

409 4167 654 4222 debitum
712 4165 893 4220 solvat
936 4163 1219 4218 Christum
1268 4161 1658 4232 diligentibus,
1713 4177 1984 4217 summam

411 4266 606 4328 nempe
639 4255 1058 4327 benignitatem.
1094 4253 1282 4323 Neque
1313 4267 1445 4309 vero
1491 4255 1784 4324 quisquam
1827 4265 1988 4324 puta-

409 4351 550 4405 verit
595 4358 690 4402 aut
732 4347 898 4402 stulte
939 4345 1262 4410 asseruerit,
1304 4343 1597 4414 discipulis
1640 4355 1738 4400 aut
1779 4348 1985 4402 sanctis

407 4439 765 4510 quibuslibet,
794 4437 850 4490 in
879 4435 1050 4490 rebus
1080 4435 1218 4498 suis,
1273 4434 1605 4489 mediatione
1639 4433 1765 4490 Filii
1802 4437 1985 4490 nulla-

2183 3157 2280 3210 Ἐν
2303 3158 2502 3227 ἐκείνῃ
2532 3159 2607 3227 τῇ
2645 3158 2835 3228 ἡμέρᾳ
2877 3161 2949 3214 ἐν
2988 3161 3068 3226 τῷ
3105 3161 3352 3230 ὀνόματί
3369 3181 3493 3231 μου
3519 3164 3684 3230 αἰτή-ς

2087 3252 2280 3304 σεσθε
2301 3263 2316 3277 ⁸
2355 3249 2452 3303 καὶ
2494 3252 2566 3303 οὐ
2608 3250 2765 3321 λέγω
2796 3251 2958 3321 ὑμῖν,
2998 3252 3088 3306 ὅτι
3125 3253 3240 3322 ἐγὼ
3266 3255 3547 3320 ἐρωτήσω
3574 3259 3682 3310 τὸν

2095 3341 2327 3408 Πατέρα
2354 3341 2489 3410 περὶ
2550 3339 2736 3410 ὑμῶν.
2797 3343 2993 3410 Αὐτὸς
3037 3344 3148 3414 γὰρ
3200 3349 3234 3400 d
3287 3348 3494 3418 Πατὴρ
3519 3347 3682 3420 φιλςὶ

2092 3427 2268 3500 ὑμᾶς,
2301 3432 2392 3486 ὅτι
2421 3433 2590 3502 ὑμεῖς
2621 3434 2728 3504 ἐμὲ
2774 3437 3168 3505 πεφιλήκατε,
3199 3441 3297 3491 καί
3345 3447 3680 3498 πεπιστεύ-

2093 3542 2258 3588 κατε,
2300 3526 2390 3580 ὅτι
2418 3524 2532 3596 ἐγὼ
2559 3527 2721 3595 παρὰ
2748 3527 2856 3582 τοῦ
2893 3529 3040 3583 Θεοῦ
3069 3530 3354 3599 ἐξῆλθον.

2180 3617 2441 3682 Ἐξαιτείν
2471 3617 2574 3687 μὲν
2598 3617 2736 3682 ὅλως
2779 3619 2866 3671 διὰ
2897 3622 3206 3692 προσευχῆς
3248 3625 3342 3676 καὶ¹
3381 3625 3682 3693 ἐντεύξεως

2093 3709 2276 3780 ἐφίησι
2321 3709 2382 3762 τὸ
2420 3711 2683 3781 παράπαν
2709 3710 2880 3774 οὐδὲν.
2927 3714 2975 3765 εἰ
3015 3713 3090 3785 μὴ
3123 3716 3182 3766 ὲν
3210 3715 3289 3786 τῷ
3318 3717 3550 3787 ὀνόματι
3579 3719 3683 3773 αὐε-

2091 3801 2209 3856 τοῦ.
2243 3801 2645 3873 Προχειρότατά
2677 3817 2739 3871 γε
2772 3802 2880 3873 μὴν
2918 3803 3203 3858 ἐπιδώσειν
3224 3807 3412 3870 αὐτοῖς
3439 3809 3534 3861 τὸν
3563 3809 3682 3862 [lae

2092 3889 2226 3964 τέρα
2265 3893 2332 3946 τὰ
2369 3894 2426 3945 ὲν
2471 3893 2658 3964 εὐχαῖς
2702 3895 3122 3962 ἐπαγγέλλεται,
3170 3899 3264 3950 καὶ
3304 3900 3426 3970 οὐχὶ
3456 3901 3682 3966 πάντως

2091 3987 2213 4048 ταῖς
2259 3984 2352 4037 τοῦ
2406 3984 2538 4037 Υίοῦ
2590 3989 2928 4057 προτροπαῖς
2975 3989 3434 4060 ἀναπειθόμενον,
3485 3992 3584 4046 ars
3617 3993 3683 4063 δὴ

2094 4075 2445 4146 παρακλήτου
2471 4077 2567 4129 καὶ
2595 4077 2994 4146 μεσιτεύοντος,
3027 4079 3324 4150 αὐτόμολον
3351 4081 3412 4135 δέ
3448 4101 3571 4146 πως
3599 4086 3684 4149 εἰς

2094 4165 2402 4238 φιλοτιμίαν
2426 4167 2572 4222 ἰόντα
2594 4169 2694 4232 τὰς
2715 4168 2835 4240 [γρ.
2865 4166 2988 4241 ripa}
3021 4174 3108 4225 ἐπ’
3129 4173 3331 4236 αὐτοῖς,
3363 4176 3458 4226 καὶ
3484 4175 3685 4248 ὥσπερ

2092 4274 2145 4309 τι
2194 4258 2353 4328 χρέος
2409 4257 2759 4311 κατατιθέναι
2824 4260 3193 4323 σπουδάζοντα
3242 4265 3356 4326 τοῖς
3415 4265 3682 4333 ἀγαπῶσι

2092 4350 2347 4420 Χριστὸν,
2379 4352 2477 4420 τὴν
2507 4352 2767 4407 ἀνωτάτω
2798 4356 2894 4408 καὶ
2918 4357 2998 4418 είς
3028 4357 3196 4428 ἄκρον
3229 4360 3544 4430 εὐμένειαν.
3569 4364 3684 4416 Καὶ

2092 4441 2212 4512 οὐχί
2240 4455 2321 4504 τις
2349 4443 2474 4496 νοῦν
2505 4443 2644 4514 ἔχων
2667 4446 2913 4516 οἰήσαιτο
2943 4447 3127 4514 πάλιν,
3163 4449 3195 4520 ἥ
3229 4452 3324 4505 καὶ
3349 4451 3684 4523 ἀμαθαίνων

410 4543 568 4588 tenus
607 4546 747 4601 opus
777 4527 914 4584 fore.
951 4526 1146 4583 Omnia
1177 4527 1383 4597 quippe
1407 4543 1504 4596 per
1543 4527 1723 4598 ipsum
1766 4544 1798 4582 a
1825 4527 1989 4584 Patre

2095 4533 2228 4602 ἐρεῖ,
2258 4533 2334 4596 ὡς
2388 4535 2507 4586 κατ’
2547 4530 2739 4589 οὐδένα
2767 4537 2971 4606 τρόπον
2999 4539 3284 4610 δεήσονται
3321 4543 3422 4612 μὲν
3471 4546 3536 4597 ὲν
3565 4549 3683 4609 τοῖς

409 4632 540 4678 sunt
595 4622 651 4675 in
701 4620 932 4690 Spiritu,
994 4618 1254 4688 quoniam
1319 4617 1624 4672 advocatus
1689 4624 1796 4680 est,
1851 4627 1986 4674 teste

406 4713 619 4768 Joanne
633 4712 701 4775 ⁸⁸,
722 4727 832 4766 non
857 4723 956 4780 pro
976 4709 1182 4764 nostris
1201 4707 1441 4777 peccatis
1473 4709 1674 4774 solum,
1700 4708 1794 4762 sed
1820 4710 1983 4763 etiam

407 4821 509 4874 pro
535 4804 704 4858 totius
746 4800 959 4856 mundi.
992 4799 1264 4854 Caeterum
1310 4797 1502 4853 isthazc
1531 4798 1610 4851 ait
1651 4809 1710 4852 ut
1745 4799 1834 4852 hic
1861 4814 1983 4852 rur-

410 4913 505 4953 sus
561 4896 769 4950 utiliter
824 4892 1142 4949 ostenderet
1194 4892 1355 4962 longe
1409 4890 1792 4961 gratissimum
1863 4906 1984 4947 esse

409 4987 556 5041 Patri
590 4984 846 5038 honorari
897 4996 962 5037 ac
1005 4980 1152 5051 diligi
1181 4979 1380 5035 Filium
1428 4995 1609 5034 suum.
1652 4979 1808 5046 Quod
1851 4996 1978 5034 cum

408 5079 598 5136 miseri
621 5076 792 5132 Judaei
821 5089 930 5129 non
959 5074 1344 5143 intelligerent,
1369 5071 1816 5128 intolerabilibus
1843 5087 1976 5126 con-

408 5172 559 5226 ritiis
585 5185 694 5226 non
724 5168 1056 5223 verebantur
1084 5180 1211 5218 eum
1243 5166 1538 5226 lacessere,
1569 5171 1625 5218 et
1654 5165 1976 5235 quaerebant

407 5281 531 5320 eum
567 5262 894 5322 interﬁcere,
913 5265 973 5312 ut
1002 5257 1265 5326 scriptum
1291 5264 1376 5310 est
1391 5255 1487 5322 ”‘,
1517 5265 1800 5325 pr0pterea
1829 5257 1976 5326 quod

408 5359 620 5411 animos
648 5351 988 5410 credentium
1016 5365 1080 5404 ex
1115 5348 1270 5418 legali
1299 5355 1354 5401 et
1387 5361 1580 5402 crasso
1617 5349 1880 5402 mandato
1907 5349 1974 5402 ad

406 5447 736 5518 evangelicae
756 5440 1190 5500 conversationis
1219 5439 1590 5495 subtilitatem
1611 5439 1972 5496 rel'ormabat.

410 5540 640 5594 Aiebant
684 5536 831 5592 enim
880 5534 1063 5590 miseri
1111 5539 1167 5586 et
1215 5531 1422 5601 ignari,
1461 5530 1685 5602 impiam
1727 5532 1781 5585 in
1843 5547 1968 5586 eum

2087 4621 2210 4676 καθ’
2255 4624 2484 4687 ἑαυτοὺς
2530 4625 2631 4693 τῆς
2679 4625 2775 4679 τοῦ
2828 4627 2956 4680 Υἰοῦ
3007 4632 3282 4698 μεσιτείας
3309 4635 3359 4685 ot
3404 4636 3679 4708 μαθηταὶ,

2085 4713 2254 4784 ἦγουν
2280 4713 2391 4767 τῶν
2419 4715 2590 4784 ἁγίων
2615 4716 2792 4787 ἕτεροι
2819 4720 3004 4788 τυχόν.
3037 4721 3221 4775 Πάντα
3253 4724 3360 4795 γὰρ
3400 4725 3472 4779 δι’
3503 4728 3682 4781 αὑτοῦ

2084 4806 2237 4876 παρά
2265 4804 2479 4879 Πατρός
2501 4810 2560 4861 ὲν
2589 4809 2886 4880 Πνεύματι,
2913 4813 3142 4886 ἐπείπερ
3158 4816 3276 4868 ἐστὶ
3296 4820 3679 4892 παράκλητος,

2088 4895 2228 4949 κατὰ
2283 4895 2383 4968 τὴν
2441 4897 2692 4953 Ἰωάννου
2741 4902 2948 4971 φωνὴν,
3001 4905 3100 4975 οὐχ
3157 4907 3298 4979 ὑπὲρ
3349 4910 3519 4978 μόνον
3565 4914 3684 4967 τῶν

2087 4988 2369 5058 ἡμετέρων
2389 4990 2697 5060 ἁμαρτιῶν,
2725 4993 2862 5047 ἀλλά
2892 4997 2987 5048 καὶ
3009 4999 3138 5069 περὶ
3165 4999 3290 5052 ὅλου
3314 5001 3410 5054 τοῦ
3431 5005 3677 5075 κόσμου.

2098 5080 2438 5144 Ἐπιδεικνὺς
2468 5082 2524 5135 δὲ
2557 5086 2841 5157 χρησίμως
2880 5089 2984 5142 κάν
3014 5091 3189 5161 τούτῳ
3230 5093 3294 5164 δὴ
3339 5095 3540 5159 πάλιν,
3595 5101 3682 5152 ὄτι

2083 5171 2411 5242 τριπόθητος
2436 5173 2556 5227 λίαν
2583 5176 2699 5228 ἐστὶ
2731 5177 2806 5248 τῷ
2835 5178 2954 5250 Θεῷ
2979 5183 3072 5234 καὶ
3106 5185 3278 5256 Πατρὶ
3311 5186 3342 5255 ἡ
3377 5188 3458 5250 εἰς
3490 5189 3589 5242 τὸν
3617 5192 3680 5256 ἐξ

2083 5265 2248 5318 αὑτοῦ
2297 5267 2577 5334 πεφηνότα
2619 5268 2752 5340 τιμὴ
2803 5271 2898 5322 καὶ
2943 5272 3255 5344 ἀγάπησις,
3313 5277 3384 5330 τά
3434 5281 3682 5335 τοιαῦτά

2081 5374 2264 5426 φησιν.
2308 5358 2486 5429 Ὅπερ
2516 5360 2576 5412 οὐ
2613 5362 2862 5425 συνέντες
2893 5363 2944 5414 οἰ
2985 5363 3204 5419 δείλαιοι
3233 5367 3340 5421 τῶν
3395 5370 3681 5424 Ἰουδαίων

2080 5447 2241 5519 δῆμοι
2263 5491 2279 5514 ,
2323 5449 2611 5521 λοιδορίαις
2641 5468 2701 5504 τε
2733 5453 2794 5505 οὐ
2825 5459 3088 5525 φορηταίς
3118 5462 3538 5526 κατακοντίζειν
3567 5462 3678 5517 οὐκ

2084 5540 2354 5610 ἔφριττον,
2391 5545 2484 5596 καὶ
2521 5544 2747 5614 ἐζήτουν
2777 5546 3116 5614 ἀποκτεῖναι,
3147 5552 3288 5608 κατὰ
3322 5555 3385 5608 τὸ
3413 5572 3676 5628 γεγραμ-

474 5719 526 5750 “
560 5719 577 5768 Ι
616 5713 776 5770 Joan.
820 5731 904 5785 ιιι,
935 5716 990 5772 2.
1065 5717 1109 5750 "
1146 5715 1167 5771 ι
1203 5712 1364 5774 Joan.
1395 5733 1463 5803 ιι,
1493 5720 1544 5774 1.
1622 5722 1666 5753 ⁸⁷
1699 5721 1720 5772 Ι
1753 5717 1989 5778 Timoth.

2124 5724 2157 5778 5
2258 5727 2302 5757 ’³
2340 5724 2550 5784 lJoan.
2579 5744 2639 5795 ιι,
2667 5728 2724 5783 2.
2801 5731 2865 5765 η’
2894 5731 3056 5790 Joan.
3095 5747 3194 5799 vn,
3230 5734 3278 5789 t.
