3868 6200
206 298 311 355 ιθε

1224 299 1288 353 ΙΝ
1328 298 1613 356 JOANNIS
1655 298 2134 357 EVANGELIUM'
2167 302 2291 358 LIB.
2331 304 2414 359 XI.

3343 305 3453 358 1.65

208 414 393 486 μένον,
438 415 526 471 διὰ
552 416 612 469 τὸ
661 417 1117 488 μεταρῤυθμίζειν
1146 418 1254 472 τῶν
1293 418 1657 471 πιστευόντων
1690 417 1779 469 τὸν

1886 419 2128 491 linguam
2162 429 2458 477 acuentes:
2485 440 2501 471 ι
2530 418 2587 474 Si
2619 426 2765 475 esset
2786 434 2814 472 a
2845 418 2957 475 Deo
2984 419 3073 474 hic
3100 419 3286 482 homo,
3314 417 3450 472 Sab-

206 508 351 573 νοῦν,
390 510 452 561 ὲκ
485 512 713 579 νομικῆς
741 511 835 563 καὶ
865 510 1095 579 παχείας
1140 511 1383 579 ἐντολῆς,
1424 511 1504 573 εἰς
1546 511 1645 581 τὴν
1681 510 1783 579 τῆς

207 599 568 669 εὐαγγελικῆς
633 600 907 665 πολιτείας
974 602 1279 673 ἰσχνότητα.
1341 603 1618 671 Ἔφασκον
1675 603 1783 672 γὰρ

206 690 359 742 οὐδὲν
385 691 582 755 εἰδότες
612 695 658 745 οί
682 695 928 758 τάλανες,
957 696 1156 765 μᾶλλον
1178 697 1234 748 δὲ
1255 696 1498 764 γλῶτταν
1522 698 1608 749 ἐπ’
1637 694 1783 765 αύτῷ

209 781 306 849 τὴν
347 782 559 835 ἀνόσιον
588 785 950 855 ἀκονήσαντες
978 804 991 816 ·
1046 789 1108 840 Εἰ
1136 784 1203 858 ἦν
1233 784 1387 851 οὗτος
1418 788 1570 859 παρὰ
1593 788 1726 841 Θεοῦ
1755 790 1783 841 ὁ

209 872 515 944 ἄνθρωπος,
560 877 659 928 οὐκ
701 877 767 930 ἂν
792 877 910 931 ἔλυε
941 879 1001 931 τὸ
1035 879 1330 934 Σάϐϐατον.
1380 879 1782 951 Προχειρότατα

208 965 388 1017 τοίνυν
416 967 513 1036 τὴν
545 970 696 1038 παρὰ
724 970 860 1023 Θεοῦ
905 972 1119 1041 Πατρδς
1149 972 1436 1041 εὐμένειαν
1461 973 1781 1043 δοθήσεσθαι

210 1073 374 1124 φησιν
397 1059 579 1121 αὐτοῖς
597 1061 984 1125 ἀνενδοιάστως
1008 1066 1415 1129 πεπιστευκόσι,
1439 1067 1534 1118 καὶ
1554 1062 1612 1119 εῦ
1638 1066 1784 1135 μάλα

207 1148 648 1220 διατεθειμένοις,
696 1154 889 1226 ὅτιπερ
937 1154 1127 1225 ἐξῆλθε
1176 1156 1325 1227 παρὰ
1373 1158 1466 1210 τοῦ
1516 1158 1651 1211 Θεοῦ
1688 1160 1783 1212 καὶ

212 1241 444 1311 Πατρός.
492 1244 813 1314 Προαλεῖται
846 1248 952 1319 γὰρ
987 1248 1195 1320 ὥσπερ,
1248 1252 1401 1321 φησὶ,
1449 1252 1540 1305 καὶ
1585 1252 1781 1321 φθάσει

214 1332 310 1399 μὲν
345 1332 487 1403 τάχα
534 1337 635 1406 τὴν
677 1338 770 1391 τοῦ
808 1340 1182 1409 μεσιτεύοντος
1219 1342 1468 1413 αἴτησιν,
1514 1344 1783 1413 εὐλογίαις

209 1424 265 1476 δὲ
299 1428 421 1489 ταῖς
455 1435 854 1499 πνευματικαῖς
892 1434 1173 1486 ἐπικλύσει
1198 1434 1289 1487 τὸν
1319 1434 1445 1487 νοῦν
1476 1435 1584 1488 τῶν
1616 1436 1781 1507 ὀρθὴν

208 1516 443 1583 ἑχόντων
489 1521 576 1571 ἐπ’
629 1524 751 1593 ἐμοὶ
799 1524 897 1593 τὴν
942 1526 1225 1596 διάληψιν,
1273 1528 1367 1580 καὶ
1418 1529 1477 1580 ού
1530 1530 1781 1597 καθάπερ

208 1606 382 1659 ἐδόκει
415 1613 629 1681 φρονεῖν
656 1616 767 1677 τοῖς
794 1614 889 1667 τοῦ
918 1616 1244 1686 γράμματος
1276 1619 1554 1689 ἐρασταῖς.
1606 1619 1678 1671 Τὸ
1699 1620 1776 1684 δὲ,

215 1714 232 1745 ι
258 1696 509 1767 Ἐξῆλθον
538 1702 685 1772 παρὰ
717 1703 873 1770 Θεοῦ,
900 1725 918 1757 ›
948 1706 1180 1761 ἐνταῦθα
1201 1707 1263 1777 δὴ
1295 1708 1454 1761 πάλιν
1484 1709 1780 1778 οἰησόμεθα

208 1788 422 1857 δηλοῦν,
453 1792 487 1861 ἢ
528 1796 609 1846 ὅτι
638 1795 994 1866 Γεγέννημαι,
1032 1799 1125 1851 καὶ
1169 1798 1447 1869 ὲξέλαμψα
1472 1801 1569 1870 τῆς
1596 1801 1782 1864 οὐσίας

208 1881 397 1946 αὐτοῦ,
428 1885 566 1936 κατὰ
597 1886 821 1955 πρόοδον
877 1887 973 1956 μὲν
1004 1888 1103 1959 τὴν
1140 1890 1274 1959 πρὸς
1322 1890 1384 1942 τὸ
1425 1886 1562 1944 εἶναί
1601 1908 1655 1943 τε
1690 1894 1782 1944 καὶ

210 1970 449 2023 νοεῖσθαι
476 1973 635 2041 τυχὸν
668 1975 1071 2040 ίδιοσυστάτως,
1098 1979 1161 2030 ού
1194 1980 1300 2049 μὴν
1323 1982 1402 2043 είς
1432 1982 1577 2034 ἆπαν
1596 1982 1783 2052 διῃρη-

211 2063 413 2129 μένως.
450 2065 605 2118 Ἔστι
643 2067 750 2138 γὰρ
783 2071 842 2121 ὲν
869 2070 980 2139 Υίῷ
1013 2072 1110 2139 μὲν
1136 2075 1163 2123 ὁ
1194 2072 1404 2142 Πατὴρ,
1431 2075 1489 2125 ὲν
1525 2076 1698 2145 Πατρὶ
1726 2076 1783 2128 δὲ

209 2148 276 2204 αὖ
310 2154 473 2207 πάλιν
498 2155 637 2208 κατὰ
668 2158 830 2226 φύσιν
859 2161 887 2210 ὁ
916 2160 1060 2221 Υἱός.
1098 2163 1167 2213 Ἦ
1195 2162 1252 2213 τὸ
1297 2183 1313 2212 ι
1342 2162 1583 2233 ἐξῆλθον,
1610 2185 1626 2215 ι
1662 2167 1782 2218 ἀντὶ

206 2242 338 2304 τοῦ,
390 2245 585 2313 γέγονα
632 2249 751 2301 καθ’
797 2252 973 2320 ὑμᾶς,
1030 2253 1313 2324 ἄνθρωπος
1359 2256 1624 2324 δηλονότι,
1682 2260 1780 2327 τὴν

210 2335 483 2406 ὑμετέραν
531 2343 744 2410 μορφήν
791 2360 847 2394 τε
881 2344 974 2395 καὶ
1009 2345 1168 2411 φύσιν
1199 2346 1417 2405 ὑποδύς.
1470 2347 1645 2409 Τόπος
1674 2350 1779 2419 γὰρ

207 2424 400 2497 ὥσπερ
444 2430 675 2482 ἑκάστου
704 2433 811 2485 τῶν
843 2435 1011 2486 ὄντων
1056 2438 1087 2504 ὴ
1136 2437 1239 2488 ἰδία
1291 2439 1469 2505 φύσις,
1504 2441 1595 2507 ἀφ’
1624 2437 1690 2511 ἦς
1715 2441 1781 2494 ἂν

207 2517 342 2579 ἐξίοι
373 2519 506 2589 πρὸς
537 2521 720 2593 ἔτερόν
752 2542 804 2576 τι
837 2528 1205 2597 μεταχωροῦν,
1253 2533 1347 2582 καὶ
1393 2531 1529 2600 ὅπερ
1574 2532 1674 2585 οὐκ
1714 2530 1781 2604 ἦν

210 2610 524 2678 γενόμενον.
570 2616 677 2668 Καὶ
726 2618 785 2669 οὐ
830 2619 894 2688 δή
928 2618 1031 2671 πού
1076 2638 1275 2691 φαμεν,
1316 2623 1392 2686 ὡς
1424 2624 1655 2695 ἐπείπερ
1684 2624 1778 2679 άν-

210 2699 430 2768 θρωπος
455 2702 574 2755 καθ’
608 2706 753 2775 ἡμᾶς
780 2705 933 2776 ὤφθη
962 2725 1021 2759 τε
1048 2710 1142 2781 καὶ
1166 2710 1387 2776 γέγονεν
1417 2710 1585 2773 ὅντως
1611 2714 1639 2764 ὁ
1666 2714 1780 2765 Μο-

209 2793 454 2863 νογενὴς,
503 2794 690 2868 ἐξέστη
724 2797 817 2850 τοῦ
851 2796 990 2852 εἶναι
1022 2800 1153 2863 Θεός
1178 2816 1192 2831 ·
1248 2821 1265 2851 ι
1308 2801 1494 2870 Ἐχθὲς
1524 2802 1650 2873 γὰρ,
1687 2804 1781 2855 καὶ

211 2883 454 2954 σήμερον
483 2886 511 2937 ό
543 2887 703 2951 αὐτὸς
735 2889 826 2941 καὶ
856 2892 934 2953 εἰς
965 2891 1092 2954 τοὺς
1137 2891 1337 2954 αἰῶνας
1361 2908 1374 2921 ·
1411 2911 1428 2941 ι
1490 2894 1777 2963 προσειλη-

210 2974 328 3040 φὼς
357 2978 413 3029 δὲ
442 2980 637 3044 μᾶλλον
663 2981 798 3052 ὅπερ
823 2983 923 3035 ούκ
947 2980 1043 3054 ἦν,
1074 2968 1211 3053 μετὰ
1236 2984 1330 3036 τοῦ
1364 2985 1532 3037 σῶσαι
1562 2986 1621 3037 τὸ
1652 2987 1781 3040 ἴδιον

1886 511 2072 566 batum
2105 512 2295 584 utique
2330 528 2438 568 non
2474 513 2793 567 solveret".
2829 532 2846 564 ι
2869 511 3039 568 Ocius
3064 512 3247 581 itaque
3278 526 3308 564 a
3338 508 3450 563 Deo

1882 600 2044 657 Patre
2066 604 2457 674 benignitatem
2491 605 2571 658 eis
2602 604 2789 657 datum
2834 604 2902 657 iri
2950 603 3083 659 dicit
3144 603 3449 658 indubitate

1883 694 2252 761 credentibus,
2306 703 2361 751 et
2408 696 2715 750 rectissime
2773 695 3136 750 sentientibus
3186 695 3362 764 ipsum
3418 708 3449 745 a

1885 788 1995 843 Deo
2027 798 2080 845 et
2098 789 2261 844 Patre
2292 791 2496 845 exisse.
2529 788 2832 845 Praeveniet
2855 788 3001 843 enim
3024 786 3447 858 quodammodo,

1883 887 1937 934 et
1957 880 2248 949 occupabit
2286 880 2498 945 forsan,
2534 881 3087 951 inquit,_mediatoris
3111 880 3447 950 petitionem,

1883 986 1947 1026 ac
1974 972 2319 1042 spiritalibus
2346 972 2826 1029 benedictionibus
2853 981 3068 1029 mentes
3089 988 3279 1028 eorum
3330 988 3452 1041 per-

1884 1062 2075 1118 fundet
2106 1065 2200 1134 qui
2230 1076 2375 1121 recte
2402 1066 2468 1121 de
2500 1081 2586 1120 me
2610 1067 2874 1127 sentiunt,
2914 1082 3094 1136 neque
3123 1067 3266 1121 sicut
3295 1065 3329 1118 ii
3356 1064 3449 1133 qui

1882 1156 2118 1210 litteram
2160 1159 2369 1211 colunt.
2402 1158 2542 1213 lllnd
2570 1167 2777 1224 autem,
2813 1177 2831 1209 ι
2874 1157 3029 1211 Exivi
3059 1174 3088 1210 a
3131 1157 3262 1221 Deo,
3310 1175 3329 1207 ι
3362 1156 3452 1209 hic

1883 1263 2076 1304 rursus
2106 1250 2771 1320 significareputabimus,
2790 1257 2904 1314 aut,
2928 1248 3101 1304 Natus
3135 1263 3277 1311 sum,
3303 1255 3357 1300 et
3382 1261 3446 1301 ex

1881 1338 2001 1407 ejus
2039 1340 2348 1395 substantia
2390 1342 2591 1407 eiI'ulsi,
2624 1342 2710 1395 ita.
2731 1349 2935 1404 tamen,
2967 1348 3036 1393 υι
3057 1340 3158 1394 sim
3199 1347 3254 1393 et
3288 1336 3451 1390 intel-

1882 1430 2023 1499 ligar
2076 1432 2128 1484 in
2170 1432 2395 1501 prOpria
2445 1448 2714 1501 persona,
2754 1432 3006 1501 quamvis
3061 1446 3171 1484 non
3226 1429 3452 1482 omnino

1883 1522 2168 1591 sejunctas
2199 1540 2229 1577 a
2268 1523 2450 1579 Patre.
2482 1524 2581 1579 Est
2614 1524 2757 1578 enim
2803 1524 2855 1577 in
2887 1522 3026 1577 Filio
3070 1522 3251 1582 Pater,
3310 1528 3366 1576 et
3394 1520 3451 1574 in

1882 1612 2041 1669 Patre
2075 1631 2267 1671 rursus
2294 1616 2597 1671 secundum
2630 1626 2884 1669 naturam
2922 1614 3108 1669 Filius.
3140 1614 3255 1666 Aut
3291 1612 3447 1675 illud.

1890 1724 1907 1756 ι
1946 1707 2123 1769 Exivi,
2165 1727 2182 1758 ι
2221 1724 2320 1777 pro
2359 1723 2427 1761 eo
2459 1707 2602 1776 quod
2640 1716 2745 1769 est,
2773 1705 2973 1761 Factus
3000 1722 3120 1761 sum
3151 1706 3316 1759 homo
3360 1720 3452 1759 ve-

1885 1801 1982 1852 stri
2010 1800 2229 1860 similis,
2265 1800 2449 1852 induta
2489 1810 2677 1853 vestra
2700 1798 2873 1851 forma
2915 1808 2972 1853 et
3018 1807 3231 1851 natura.
3275 1794 3451 1850 Locus

1883 1892 2025 1944 enim
2058 1893 2325 1961 cujusque
2357 1892 2433 1945 rei
2465 1890 2871 1960 quodammodo
2902 1899 2985 1945 est
3007 1889 3231 1959 propria
3266 1888 3451 1957 cujus-

1883 1998 1991 2052 que
2032 1992 2247 2045 natura,
2292 1998 2320 2035 a
2355 1998 2459 2051 qua
2514 1983 2665 2044 exit,
2721 1998 2844 2035 cum
2896 1982 2949 2035 in
2997 1980 3142 2034 aliud
3191 1979 3449 2050 quiddam

1884 2076 2101 2139 transit,
2134 2083 2187 2129 et
2217 2090 2321 2129 non
2354 2082 2437 2128 est
2469 2074 2519 2128 id
2559 2074 2704 2143 quod
2732 2080 2870 2128 erat.
2925 2072 3110 2142 Neque
3142 2087 3272 2126 vero
3312 2070 3453 2124 dici-

1884 2181 2005 2219 mus
2045 2165 2212 2235 quod,
2262 2180 2386 2219 cum
2444 2165 2610 2218 homo
2667 2164 2828 2219 sicuti
2885 2178 2986 2217 nos
3039 2161 3353 2231 apparuerit
3400 2171 3454 2212 et

1870 2256 2063 2324 jactus
2087 2258 2158 2312 sit
2200 2255 2520 2326 Unigenitus
2548 2298 2562 2321 ,
2610 2256 2752 2311 Deus
2786 2272 2910 2311 esse
2956 2255 3211 2309 desinat:
3248 2273 3271 2304 ι
3324 2251 3449 2306 Heri

1881 2348 2026 2402 enim
2054 2360 2107 2403 et
2137 2349 2299 2404 hodie
2332 2350 2475 2403 idem
2508 2358 2612 2412 est,
2652 2351 2768 2418 ipse
2805 2356 2860 2401 et
2884 2349 2938 2401 in
2970 2347 3255 2412 saecula”;
3298 2364 3318 2398 ι
3356 2344 3451 2399 sed

1884 2450 2167 2510 assumpto
2196 2442 2379 2510 potius
2406 2442 2552 2510 quod
2609 2457 2718 2495 non
2769 2448 2886 2494 erat
2914 2479 2928 2503 ,
2969 2454 3178 2507 suoque
3212 2444 3448 2498 servato,

1882 2531 2047 2602 9&0
2061 2534 2242 2587 exisse
2258 2532 2664 2602 quodammodo
2682 2534 2913 2595 censeri,
2930 2531 3230 2587 secundum
3246 2529 3451 2597 justum

1885 2632 2136 2678 nostrum
2182 2626 2395 2680 scilicet
2445 2626 2753 2695 accipiendi
2800 2624 3042 2678 modum.
3078 2622 3220 2688 Quin
3255 2628 3309 2674 et
3346 2620 3453 2672 alio

1884 2716 2048 2769 modo
2082 2735 2101 2766 ι
2141 2715 2292 2770 Exivi
2320 2733 2349 2770 a
2391 2715 2573 2781 Patre,
2616 2736 2634 2767 ι
2678 2717 2724 2771 si
2754 2716 2925 2784 juvat,
2973 2713 3233 2782 accipies.
3288 2710 3453 2764 Puta-

1887 2809 2016 2862 bant
2047 2810 2193 2863 enim
2223 2810 2396 2877 ignari
2436 2807 2729 2870 Pharisaei,
2782 2806 2944 2862 sicuti
2988 2805 3101 2874 jam
3156 2813 3280 2857 ante
3314 2800 3451 2866 dixi,

1882 2897 2175 2951 Dominum
2215 2899 2389 2952 instar
2443 2897 2560 2952 falsi
2597 2897 2883 2967 cujusdam
2936 2895 3218 2965 propheta:
3260 2892 3314 2946 in
3343 2906 3455 2945 me-

1885 2989 2033 3044 dium
2070 2991 2310 3060 prodire,
2342 3005 2685 3060 nequaquam
2723 3006 2751 3041 a
2785 2989 2896 3043 Deo
2928 2988 3153 3042 missum
3177 3025 3191 3046 ,
3228 2983 3324 3040 sed
3355 2998 3455 3040 sua

208 3069 571 3139 ἐκϐεϐηκέναι
613 3091 729 3138 πως
779 3077 977 3129 νοεῖται
1020 3078 1160 3130 κατά
1206 3094 1269 3143 γε
1305 3077 1395 3129 τὸν
1429 3079 1485 3130 ὲν
1531 3078 1779 3149 θεωρίαις

1886 3088 2112 3146 sponte,
2146 3088 2205 3131 ut
2237 3080 2311 3131 illi
2364 3079 2633 3141 solebant,
2686 3078 2791 3148 legi
2844 3076 3075 3131 adversa
3110 3074 3455 3129 venientibus

209 3160 549 3215 εἰσϐαίνοντα
596 3163 770 3232 λόγον.
826 3166 1067 3237 Ἐκλήιζρῃ
1107 3166 1164 3219 δὲ
1208 3167 1288 3228 τὸ,
1325 3186 1343 3216 ι
1370 3167 1590 3237 ἐξῆλθον
1634 3170 1785 3238 παρὰ

208 3252 305 3304 τοῦ
347 3255 559 3325 Πατρὸς
603 3278 620 3307 ι
676 3259 769 3310 καὶ
812 3259 933 3311 καθ’
984 3259 1199 3328 ἓτερον,
1244 3261 1291 3310 εἰ
1328 3259 1525 3327 βούλει,
1561 3262 1780 3329 τρόπον.

214 3345 406 3413 ’ᾩοντο
435 3347 533 3414 μὲν
556 3348 665 3418 γάρ
693 3350 741 3399 οἰ
772 3349 905 3419 πρὸς
940 3350 1105 3418 μόνας
1133 3350 1371 3419 ἀμαθίας
1402 3352 1783 3406 εύπετέστατοι

209 3436 528 3505 Φαρισαῖοι,
576 3439 826 3511 καθάπερ
869 3441 965 3510 ἤδη
1020 3445 1315 3511 προεῖπον,
1369 3442 1489 3496 καθ’
1537 3444 1635 3498 ἕνα
1682 3445 1784 3497 τῶν

208 3526 669 3599 ψευδοπροφητῶν
706 3534 784 3591 εἰς
835 3532 998 3600 μέσον
1030 3535 1186 3602 ἣκειν
1229 3534 1318 3585 τὸν
1368 3535 1589 3604 Κύριον,
1635 3537 1784 3606 παρὰ

208 3617 349 3670 Θεοῦ
400 3620 498 3687 μὲν
545 3622 643 3673 οὑκ
678 3624 1107 3692 ἀπεσταλμένον,
1160 3626 1267 3678 ἀπὺ
1312 3625 1368 3677 δὲ
1414 3626 1638 3697 γνώμης
1685 3630 1783 3698 τῆς

206 3709 437 3773 οἰκείας,
469 3710 717 3784 καθάπερ
747 3708 814 3783 ἦν
838 3712 957 3777 ἔθος
982 3714 1207 3778 ἐκείνοις
1237 3715 1303 3769 τὰ
1333 3715 1409 3786 τῷ
1439 3716 1587 3787 νόμῳ
1619 3718 1785 3787 μαχό-

211 3820 348 3870 μενα
375 3807 485 3867 τοῖς
526 3806 602 3869 ὡς
646 3808 807 3860 αὐτὸν
860 3808 997 3862 ἰοῦσι
1048 3810 1393 3879 προσλαλεῖν.
1440 3812 1539 3863 Διὰ
1593 3812 1783 3881 γάρτοι

205 3891 365 3945 τοῦτο
391 3896 483 3947 καὶ
511 3895 753 3949 ἀπειθεῖν
783 3899 1138 3967 ἐσκήπτοντο,
1160 3898 1259 3967 τὴν
1291 3898 1385 3952 τοῦ
1421 3902 1587 3969 νόμου
1610 3903 1781 3971 τήρη-

209 3999 294 4034 σιν
323 3983 766 4054 φιλαιτάτηνεμὲν
786 3980 926 4039 εἶναι
955 3988 1206 4055 λέγοντες
1230 3988 1304 4057 τῷ
1326 3988 1445 4057 Θεῷ
1472 3990 1563 4041 καί¹
1587 3992 1778 4061 [Ia-cpi,

206 4073 586 4142 παραλύεσθαι
633 4093 696 4143 γε
762 4078 871 4149 μὴν
913 4077 1003 4131 διὰ
1047 4077 1155 4130 τῶν
1203 4078 1365 4130 αὑτοῦ
1416 4079 1776 4149 διδαγμάτων.

205 4165 417 4219 Οὐκοῦν
450 4166 525 4229 ὡς
552 4167 668 4237 Θεῴ
705 4170 1029 4239 μαχόμενον,
1073 4171 1166 4223 καὶ
1197 4170 1271 4231 ὡς
1307 4173 1416 4233 τοῖς
1449 4172 1578 4241 παρ’
1615 4172 1779 4226 αὑτοῦ

202 4257 293 4310 διὰ
336 4259 579 4321 Μωσέως
620 4262 1067 4329 τεθεσπισμένοις
1116 4262 1454 4315 ἀντιστατεῖν
1505 4264 1779 4333 ᾑρημένον

203 4350 525 4402 ἀπεσείοντο
556 4351 649 4403 τὸν
695 4352 950 4420 Χριστὸν,
997 4351 1278 4420 ἀλλότριον
1319 4348 1456 4403 εἰναι
1500 4351 1595 4403 καὶ
1643 4352 1775 4404 Θεοῦ

202 4439 292 4492 διὰ
320 4440 476 4494 τοῦτο
506 4439 861 4511 λογιζόμενοι.
908 4442 1049 4494 Ἀλλ’
1080 4443 1174 4511 ούχ
1220 4442 1393 4504 οὓτως
1437 4444 1485 4495 οἱ
1518 4444 1777 4511 μακάριοι

206 4529 471 4597 μαθηταί.
522 4531 860 4601 Πεφιλήκασι
891 4532 999 4602 γὰρ
1036 4533 1197 4584 αὐτὸν
1228 4532 1326 4600 τῆς
1361 4531 1469 4583 τῶν
1514 4532 1779 4585 Ἰουδαίων

200 4622 524 4683 δυσϐουλίας
564 4622 631 4675 τὰ
664 4623 871 4691 ἀμείνω
914 4623 1300 4693 φρονήσαντες,
1346 4623 1441 4676 καὶ
1479 4625 1776 4677 πεπιστεύο

203 4729 367 4765 κασιν
419 4712 660 4781 άληθῶς,
704 4715 787 4766 ὃτι
829 4714 1051 4782 ἐξῆλθεν,
1100 4714 1207 4765 ἀπὸ
1252 4714 1418 4777 Θεοῦ,
1465 4714 1606 4767 κατὰ
1655 4716 1779 4777 τοὺς

199 4804 407 4872 ἀρτίως
451 4805 586 4873 ἡμῖν
628 4804 951 4875 εἰρημένους
1000 4805 1257 4873 τρόπους.
1306 4805 1522 4874 Ταύτης
1569 4822 1650 4857 τοι
1683 4806 1778 4873 τῆς

197 4893 382 4954 αἰτίας
415 4894 594 4957 ἕνεκα,
622 4896 715 4947 καὶ
745 4895 1069 4964 πεφίληνται
1097 4895 1247 4965 παρὰ
1274 4896 1508 4966 Πατρὸς,
1537 4898 1633 4967 τὴν
1658 4897 1777 4963 ἴσην

197 4982 394 5053 ὥσπερ
440 4982 499 5047 ἐξ
542 4984 777 5057 ἀμοιϐῆς
806 4985 1087 5055 δεχόμενοι
1118 4986 1297 5055 χάριν.
1343 4988 1403 5038 Εἰ
1432 4986 1488 5038 δὲ
1531 4985 1777 5053 φίλτατοι

200 5076 299 5142 μὲν
332 5073 412 5142 τῷ
460 5074 576 5143 Θεῷ
607 5077 703 5127 καὶ
748 5078 943 5147 Πατρί,
990 5077 1084 5129 καὶ
1109 5078 1229 5129 λίαν
1260 5078 1403 5147 ήδεῖς
1450 5078 1498 5129 οἱ
1546 5080 1611 5131 ἐκ
1641 5078 1776 5133 Θεοῦ

1888 3171 1954 3223 ad
1982 3186 2041 3225 se
2068 3186 2388 3238 proponere.
2414 3170 2623 3223 Idcirco
2644 3169 2787 3223 enim
2815 3167 3146 3223 simulabant
3170 3167 3218 3219 ei
3256 3182 3316 3221 se
3346 3181 3454 3219 non

1886 3257 2127 3317 credere,
2159 3257 2402 3311 dicentes
2447 3256 2826 3312 mandatorum
2868 3256 3308 3310 observationem
3346 3254 3455 3308 Deo

1886 3360 1950 3400 ac
1982 3344 2125 3398 Patri
2170 3345 2540 3413 gratissimam
2580 3346 2700 3413 ejus
2735 3345 2985 3399 doctrina
3044 3346 3261 3398 violari.
3306 3345 3454 3409 Qua-

1888 3445 2104 3503 propter
2124 3436 2406 3490 Christum
2431 3436 2776 3505 depellebant
2804 3442 3064 3503 tanquam
3092 3435 3183 3490 Dei
3217 3435 3450 3498 hostem,

1884 3532 1939 3577 et
1976 3524 2335 3593 promulgatis
2398 3539 2494 3592 per
2548 3523 2732 3578 Mosen
2789 3522 2990 3578 divinis
3044 3524 3257 3594 legibus
3290 3539 3455 3592 repu-

1884 3620 2175 3681 gnantem.
2221 3614 2571 3683 alienumque
2627 3615 2832 3668 idcirco
2895 3630 3018 3668 eum
3084 3629 3207 3669 esse
3251 3628 3280 3666 a
3343 3612 3454 3669 Deo

1888 3706 2169 3773 putabant.
2196 3705 2301 3759 Sed
2327 3721 2437 3760 non
2462 3707 2534 3760 ita
2554 3706 2698 3760 beati
2723 3706 2981 3775 discipuli
3013 3725 3023 3758 :
3051 3706 3228 3775 ipsum
3256 3706 3454 3776 quippe

1884 3804 2159 3862 amarunt,
2200 3797 2404 3853 saniori
2440 3812 2601 3867 quam
2644 3797 2814 3851 Judaai
2873 3806 3057 3851 mente
3104 3799 3336 3867 praediti,
3391 3812 3454 3850 ac

1885 3906 2011 3945 vere
2041 3891 2390 3946 crediderunt
2418 3906 2541 3945 eum
2610 3892 2791 3943 exisse
2825 3906 2855 3942 a
2908 3889 3039 3952 Deo,
3082 3890 3147 3943 iis
3181 3890 3272 3958 qui
3328 3906 3451 3943 mox

1885 3981 2031 4034 allati
2064 3990 2192 4035 sunt
2217 3981 2413 4037 modis.
2438 3980 2613 4049 Quam
2638 3982 2708 4034 ob
2732 3995 2956 4035 causam
2990 3980 3237 4035 vicissim
3267 3980 3449 4037 dilecti

1884 4082 2013 4126 sunt
2043 4089 2073 4126 a
2119 4072 2300 4134 Patre.
2354 4084 2600 4127 mutuam
2656 4072 3073 4141 quodammodo,
3109 4080 3453 4141 reportantes

1883 4166 2133 4232 gratiam.
2165 4162 2322 4229 Quod
2371 4165 2416 4218 si
2452 4163 2774 4217 amicissimi
2819 4162 3041 4232 quidem
3070 4171 3199 4216 sunt
3249 4161 3359 4217 Deo
3389 4178 3453 4213 ιλιι

1883 4256 2054 4319 Patri,
2089 4264 2144 4311 et
2168 4258 2326 4326 longe
2362 4257 2659 4327 gratissimi
2689 4257 2942 4326 suntqui
2978 4272 3046 4310 ex
3084 4253 3193 4310 Deo
3222 4256 3454 4311 credunt

1882 4349 2182 4418 procedere
2230 4348 2453 4416 Filium,
2499 4350 2652 4405 exosi
2703 4348 2981 4412 videlicet,
3036 4364 3099 4403 ac
3152 4349 3315 4404 invisi
3347 4347 3455 4403 Deo

1885 4456 2011 4495 vcre
2047 4448 2193 4505 sunt,
2223 4442 2313 4510 qui
2346 4442 2618 4495 contraria
2661 4440 2759 4495 bis.
2782 4442 3043 4509 opinione
3073 4440 3353 4495 laborant.
3384 4440 3452 4494 Et

1889 4532 1935 4586 si
1964 4532 2256 4600 diligentes
2280 4529 2637 4597 Filium,gcito
2672 4532 2895 4586 exaudit
2924 4530 3088 4595 Deus,
3129 4548 3321 4587 eorum
3360 4535 3452 4603 qui

1890 4639 1997 4676 non
2048 4623 2293 4693 diligunt.
2328 4624 2605 4677 orationes
2658 4638 2763 4677 non
2815 4624 3097 4693 suscipiet.
3153 4624 3309 4689 Quod
3360 4640 3457 4693 per

1885 4730 2074 4769 vocem
2106 4715 2323 4783 quidem
2355 4712 2506 4769 Isaia:
2537 4713 2603 4767 ad
2630 4728 2726 4769 eos
2752 4713 2961 4767 dictum
2992 4723 3077 4767 est
3108 4714 3193 4767 bis
3233 4714 3413 4767 verbis
3442 4734 3455 4769 :

1892 4824 1910 4855 ι
1951 4805 2089 4859 Cum
2124 4805 2481 4860 extenderitis
2513 4819 2710 4860 manus
2744 4816 2958 4859 vestras
2986 4804 3053 4857 ad
3082 4820 3187 4866 me,
3218 4811 3457 4858 avertam

1886 4894 2078 4949 oculos
2111 4909 2263 4949 meos
2287 4909 2318 4948 a
2342 4894 2501 4949 vobis
2529 4913 2541 4948 :
2571 4902 2627 4949 et
2648 4894 2692 4947 si
2721 4894 3102 4963 multiplicetis
3136 4895 3458 4957 oralionem,

1886 5004 1996 5042 non
2026 4986 2319 5042 exaudiam
2353 5000 2466 5042 vos.
2510 4985 2703 5043 Manus
2756 4987 2901 5042 enim
2956 4996 3149 5043 vestra:
3196 4989 3459 5059 sanguine

1887 5081 2061 5150 plenae
2092 5087 2222 5134 sunt
2244 5082 2284 5132 ³.
2325 5098 2343 5132 ι

196 5167 289 5241 τὸν
334 5164 461 5217 Υίὸν
506 5167 740 5229 ἐξελθεῖν
773 5167 1151 5230 πιστεύοντες,
1201 5168 1632 5239 κατεστύγηνται
1676 5170 1920 5241 δηλονότι
1973 5175 2068 5225 καὶ
2102 5173 2376 5241 θεομισεῖς
2408 5170 2625 5241 ἀληθῶς
2685 5173 2734 5222 οἰ
2774 5170 2871 5237 τὴν
2933 5170 3144 5232 τούτοις
3209 5168 3457 5219 ἐναντίαν

195 5261 527 5329 νοσήσαντες
570 5259 746 5325 δόξαν.
796 5261 906 5316 Καὶ
948 5262 996 5313 εί
1050 5263 1162 5323 τοῖς
1206 5261 1464 5329 ἀγαπῶσι
1509 5263 1600 5315 τὸν
1650 5264 1776 5315 Υἱὸν
1847 5265 2191 5334 ἑτοιμότατος
2224 5266 2344 5319 λίαν
2389 5264 2468 5326 είς
2533 5264 2593 5316 τὸ
2634 5264 2939 5316 ὑπακοῦσαι
2983 5263 3136 5324 Θεὸς,
3182 5261 3243 5313 οὐ
3287 5274 3456 5327 προσ-

195 5355 409 5419 δέξεται
454 5353 694 5423 δηλονότι
725 5354 833 5405 τῶν
871 5354 946 5424 μὴ
992 5354 1392 5417 τοιούτωντάς
1438 5358 1765 5426 προσευχάς.
1807 5358 1920 5413 Καὶ
1946 5358 2103 5412 τοῦτο
2145 5354 2213 5427 ἦν
2243 5338 2353 5424 άρα
2388 5357 2451 5410 τὸ
2497 5357 2583 5409 διὰ
2654 5358 2835 5427 φωνῆς
2890 5357 3112 5408 Ἡσαΐου
3158 5354 3292 5422 πρὸς
3355 5351 3453 5402 αύ-

198 5449 323 5509 τοὺς
356 5448 641 5516 εἰρημένον
671 5465 683 5478 ·
746 5468 764 5499 ι
791 5449 957 5501 Ὅταν
983 5448 1082 5511 τὰς
1114 5450 1299 5520 χεῖρας
1328 5450 1603 5520 ὲκτείνητε
1671 5453 1806 5523 πρός
1850 5471 1939 5522 με,
1967 5454 2294 5524 ἀποστρέψω
2325 5454 2450 5515 τοὺς
2479 5453 2789 5521 ὀφθαλμούς
2837 5469 2936 5521 μου
2979 5452 3071 5518 ἀφ’
3113 5447 3287 5519 ὑμῶν,
3363 5443 3455 5499 καί

198 5540 293 5591 ἐὰν
324 5537 631 5607 πληθύνητε
675 5538 773 5608 τὴν
815 5539 1019 5609 δέησιν,
1044 5541 1143 5593 οὐκ
1174 5541 1563 5613 εἰσακούσομαι
1595 5544 1768 5614 ὑμῶν.
1811 5546 1875 5599 Δί
1908 5545 2017 5615 γὰρ
2048 5547 2227 5617 χεῖρες
2265 5546 2417 5615 ύμῶν
2448 5545 2685 5615 αἵματος
2710 5544 2957 5616 πλήρεις.
2995 5560 3017 5593 ι

275 5724 317 5750 τ’
354 5718 511 5775 Joan.
550 5738 626 5789 ix,
668 5720 745 5777 ιδ.
831 5724 840 5753 ¹
880 5720 1045 5777 IIebr.
1077 5736 1199 5786 xm,
1227 5720 1277 5775 8.
1361 5722 1378 5751 ²
1420 5718 1522 5776 Isa.
1565 5739 1600 5787 ι,
1652 5720 1732 5772 lii.
