3862 6206
421 302 525 358 667

493 419 630 483 XVI,
670 417 762 472 28.
802 413 959 470 Exivi
993 433 1024 469 a
1051 413 1237 476 Patre,
1264 422 1313 467 et
1341 413 1455 467 veni
1481 414 1535 466 in
1567 413 1845 466 mundum.
1882 409 1988 464 lte-
2017 416 2062 472 Α

423 529 541 566 rum
570 510 804 580 relinquo
830 505 1105 572 mundum,
1133 515 1182 560 et
1216 504 1349 558 vado
1383 503 1452 558 ad
1482 503 1720 558 Patrem.

494 687 850 744 Manifestum
904 697 958 742 et
1012 685 1380 741 indubitatum
1432 691 1820 753 argumentum
1885 689 1989 743 est,

424 781 719 835 Dominum
747 795 858 834 non
887 793 1010 834 esse
1033 793 1204 832 unum
1235 793 1301 832 ex
1339 777 1492 831 falsis
1544 774 1847 846 pr0pbetis,
1898 787 1994 828 ne-

425 889 534 943 que
565 887 730 942 porro
767 870 836 924 ad
874 885 977 924 nos
1009 870 1228 924 venisse
1267 878 1326 922 ut
1361 875 1559 938 praeter
1587 865 1768 921 Patris
1797 865 1998 919 volun-

426 975 592 1020 tatem
642 980 707 1018 ex
757 979 856 1018 sua
899 962 1175 1018 sententia
1210 962 1559 1032 loqueretur,
1605 959 1768 1014 sicuti
1821 955 1996 1011 Judaei

429 1057 596 1112 stulte
625 1064 679 1109 et
719 1053 929 1109 nefarie
959 1053 1339 1122 suspicantur,
1369 1050 1517 1123 quod
1561 1051 1628 1105 ad
1664 1050 1880 1104 Patrem
1912 1062 1998 1101 re-

432 1144 682 1207 vertitur,
709 1157 883 1212 eoque
915 1157 1038 1197 cum
1071 1148 1339 1210 potestate
1377 1138 1542 1203 redit,
1573 1137 1720 1192 unde
1759 1151 1820 1191 se
1848 1135 2000 1188 novit

429 1236 632 1291 exisse.
679 1233 892 1289 Etenim
941 1249 1064 1289 vere
1098 1233 1242 1288 dicet
1277 1230 1506 1300 aliquis,
1545 1228 1861 1283 Judaeorum
1908 1240 2001 1279 ve-

430 1325 677 1380 cordiam
696 1340 806 1378 non
832 1325 1011 1380 ferens
1036 1342 1050 1379 :
1074 1322 1192 1378 Non
1212 1331 1298 1378 est
1327 1323 1514 1377 forsan
1536 1335 1700 1375 verax
1723 1320 1999 1379 Christus,

429 1432 493 1470 ex
526 1424 709 1471 vestra
741 1416 961 1487 quidem
992 1415 1290 1478 sententia,
1319 1411 1516 1476 Judaei,
1545 1410 1641 1467 sed
1691 1425 1792 1466 nee
1837 1408 2002 1463 Patre

432 1508 826 1577 comprobante
853 1505 1013 1578 95.1
1049 1504 1388 1576 evangelica:
1436 1499 1875 1557 conversationis
1902 1499 2003 1553 do-

433 1597 664 1651 ctrinam
698 1599 920 1662 invexit,
956 1611 1080 1650 cum
1114 1595 1328 1649 irritum
1365 1601 1420 1648 et
1451 1592 1648 1646 inutile
1675 1591 1894 1646 demum
1935 1589 2004 1644 ad

435 1685 826 1756 perfectionem
857 1687 1074 1757 pietatis
1100 1686 1272 1756 legale
1303 1682 1622 1738 mandatum
1668 1680 2000 1736 ostenderet.

437 1780 569 1835 Eum
606 1782 808 1852 quippe
837 1781 1023 1834 violati
1073 1777 1298 1832 Sabbati
1330 1776 1628 1839 accusatis,
1688 1781 1744 1826 et
1781 1773 1827 1828 si
1861 1769 2006 1841 quod

1366 292 1424 350 S.
1465 291 1742 377 CYRILLI
1781 289 2249 346 ALEXANDRINI
2288 284 2607 344 ARCHIEP.

3558 267 3670 322 468

2175 407 2470 477 Ἐξῆλθον
2503 402 2664 471 παρὰ
2713 399 2818 454 τοῦ
2852 394 3099 464 Πατρός,
3145 391 3242 445 καὶ
3283 387 3554 453 eaea-110a
3584 387 3676 477 εὶς

2093 501 2201 555 τόν
2255 475 2507 568 κόσμον.
2579 494 2772 548 Πάλιν
2819 490 3033 559 ἀφίημι
3086 485 3194 539 τὸν
3246 483 3510 550 κόσμον,
3574 475 3679 531 και

2095 595 2420 662 πορεύομαι
2449 588 2602 657 πρὸς
2627 585 2735 639 τὸν
2760 581 3011 649 Πατέρα.

2179 659 2476 746 Ἇπόδειξις
2509 679 2650 748 αὓτη
2683 677 2860 745 σαφής
2885 689 2946 726 τε
2996 671 3090 725 καὶ
3136 666 3523 739 ἀναμφίλογος,
3581 659 3678 714 τοῦ

2100 773 2175 844 μὴ
2220 772 2318 826 ἕνα
2361 770 2470 825 τῶν
2515 764 2973 838 ψευδοπροφητῶν
3010 762 3278 832 ὑπάρχειν
3323 758 3416 812 τὸν
3443 755 3679 827 Κύριον,

2099 866 2240 936 μήτε
2274 862 2382 934 μὴν
2409 861 2484 916 τὰ
2509 861 2618 915 ἀπὸ
2642 859 2866 928 γνώμης
2896 855 3102 917 οἰκείας
3133 851 3382 923 ἐροῦντα,
3416 849 3511 902 καὶ
3555 847 3680 900 δια·-

2097 955 2384 1026 λεξόμενον
2430 951 2585 1021 παρά
2632 950 2695 1003 τὸ
2742 946 2934 1008 δοκοῦν
2991 943 3067 1016 τῷ
3117 943 3294 1015 Πατρὶ
3340 939 3476 1012 πρὸς
3521 938 3681 1008 ἡμᾶς

2097 1033 2349 1118 ἀφῖςςθαι,
2385 1045 2529 1098 κατά
2558 1059 2623 1112 γε
2667 1041 2767 1113 τὴν
2808 1038 2997 1111 ἀμαθῆ
3043 1037 3137 1092 καὶ
3183 1035 3528 1091 ἀπόπτυστον
3570 1031 3684 1083 τῶν

2112 1141 2384 1196 Ἰουδαίων
2413 1139 2688 1201 ὑπόνοιαν,
2727 1135 2790 1188 τὸ
2812 1130 3249 1202 παλινδρομῆσαι
3278 1127 3411 1199 πρὸς
3440 1127 3533 1179 τὸν
3566 1125 3686 1178 lla-

2097 1234 2254 1304 τέρα,
2287 1233 2382 1286 καὶ
2413 1229 2780 1300 ὑπονοστῆσαι
2817 1227 2934 1298 μετ’
2969 1223 3236 1290 ἐξουσίας,
3263 1221 3384 1275 ὅθεν
3415 1215 3558 1273 οῐδεν
3587 1220 3686 1271 ἐκρ-

2101 1323 2371 1395 6ε6ηκώς.
2401 1324 2510 1376 Ναὶ
2539 1321 2650 1393 γὰρ
2678 1321 2795 1391 ἐρεῖ
2819 1333 2903 1382 τις
2925 1317 3085 1387 τυχὸν
3119 1317 3238 1377 ταῖς
3266 1313 3372 1366 τῶν
3405 1307 3689 1364 Ἰουδαίων

2102 1417 2366 1488 ἀμαθίαις
2409 1413 2956 1482 ἀντικαθιστάμενος,
3007 1410 3108 1463 οὐκ
3151 1405 3356 1477 ἀληθὴς
3387 1401 3459 1476 ἦν
3493 1405 3634 1465 ἴσως
3661 1404 3690 1455 ὁ

2103 1509 2337 1581 Χριστὸς
2383 1507 2520 1563 καθ’
2546 1509 2710 1580 ὑμᾶς,
2761 1500 2806 1559 ὦ
2863 1502 3124 1565 Ἰουδαῖοι,
3173 1499 3287 1554 ἀλλ’
3329 1498 3450 1551 οὐδὲ
3495 1511 3694 1549 συνευν-

2103 1601 2386 1663 δοκοῦντος
2411 1598 2559 1668 αὐτῷ
2595 1595 2850 1652 τοῦνΘεοῦ
2880 1594 2975 1650 καὶ
3001 1592 3213 1663 Πατρός
3239 1591 3338 1662 τὴν
3367 1589 3468 1659 τῆς
3515 1589 3693 1654 εὐαγ-

2107 1691 2331 1761 γελικῆς
2360 1690 2639 1754 πολιτείας
2671 1688 3018 1757 εἰσκεκόμικε
3065 1683 3366 1748 παίδευσιν,
3402 1680 3694 1750 ἄπρακτον

2107 1783 2207 1856 ἤδη
2241 1783 2478 1846 δεικνὺς,
2523 1780 2619 1834 καὶ
2651 1779 2909 1848 ἀνόνητον
2952 1777 3032 1840 είς
3074 1773 3390 1843 τελειότητα
3422 1770 3523 1841 τὴν
3566 1771 3694 1821 κατ’

436 1871 577 1942 apud
601 1887 697 1927 vos
722 1870 1045 1926 miraculum
1074 1869 1328 1934 ediderit,
1351 1869 1408 1922 in
1433 1866 1738 1922 Beelzebub
1761 1864 2009 1936 principe

2120 1873 2391 1928 εὐσέϐειαν
2455 1872 2555 1943 τὴν
2623 1869 2852 1940 νομικὴν
2905 1867 3143 1936 ἐντολήν.
3214 1863 3527 1929 Ἐγκαλεῖτε
3581 1860 3698 1931 γὰρ

436 1965 830 2020 daemoniorum
885 1961 1018 2018 illud
1080 1961 1260 2016 facere
1327 1961 1549 2016 solitum
1615 1973 1836 2014 summa
1882 1972 2007 2012 cum

2120 1963 2328 2026 πάντως
2355 1961 2429 2026 ῶς
2476 1960 2725 2014 λελυκότι
2753 1959 2813 2013 τὸ
2841 1957 3139 2021 Σάϐϐατον,
3180 1956 3276 2010 καὶ
3311 1955 3472 2026 εἴπερ
3498 1970 3554 2006 τι
3583 1953 3697 2004 τῶν

437 2053 720 2122 impietate
744 2051 928 2106 dicitis
950 2051 990 2104 '.
1022 2050 1309 2117 Quomodo
1333 2065 1463 2120 ergo
1489 2052 1542 2102 in
1585 2050 1783 2102 caelum
1817 2061 2012 2102 ascen-

2120 2057 2407 2127 θαυμάτων
2469 2054 2768 2125 ἐργάσαιτο
2821 2053 2953 2122 παρ’
3010 2051 3180 2121 ὑμῖν,
3247 2048 3306 2101 ἐν
3359 2045 3698 2110 Βεελζεῦοὺλ

439 2142 564 2199 dit?
589 2143 696 2196 Aut
728 2142 1008 2213 quomodo
1040 2143 1093 2196 in
1130 2141 1319 2197 eodem
1351 2141 1549 2195 throno
1573 2139 1734 2194 Pater
1759 2154 1883 2194 eum
1915 2153 2011 2192 ex-

2120 2148 2334 2220 Ξρχοντι
2357 2147 2464 2200 τῶν
2488 2145 2783 2216 δαιμονίων
2805 2145 2903 2196 καὶ
2930 2141 3088 2195 τοῦτο
3119 2143 3291 2195 ποιεῖν
3313 2139 3544 2193 εἰωθότα
3571 2138 3699 2191 δυσ-

443 2235 608 2303 cepit,
641 2234 848 2304 angelis
878 2233 928 2288 ei
975 2248 1244 2304 supernas
1279 2242 1464 2302 portas
1504 2231 1910 2302 aperientibus,
1941 2230 2010 2294 si,

2120 2240 2400 2304 σεὸοὖντες
2441 2239 2723 2310 εἰρήκατε.
2774 2235 2899 2299 Πῶς
2928 2235 2991 2306 δὴ
3028 2229 3119 2287 οὖν
3161 2234 3268 2304 ἀρα
3297 2234 3388 2285 καὶ
3415 2233 3498 2296 εἰς
3530 2230 3701 2284 αύτδν

443 2333 504 2378 ut
540 2325 735 2390 vultis,
765 2325 892 2395 ejus
919 2325 1158 2381 decretis
1180 2333 1466 2396 repugnet,
1492 2333 1547 2380 et
1571 2338 1735 2393 quam
1760 2337 2012 2378 summus

2120 2331 2283 2402 ἀνέϐη
2305 2333 2395 2384 τὸν
2415 2329 2684 2401 ούρανόν;
2729 2326 2854 2390 Πῶς
2878 2325 3096 2392 ἐδέξατο
3120 2324 3408 2396 σύνθρονον
3427 2325 3457 2377 ὁ
3477 2323 3698 2392 Πατὴρ,

444 2416 826 2472 universorum
866 2433 963 2474 rex
993 2432 1102 2472 non
1142 2419 1338 2488 probet
1385 2415 1694 2472 doctrinam
1746 2414 2016 2470 invehat?

441 2507 700 2580 Nunquid
745 2509 890 2566 enim
923 2511 1065 2565 clam
1102 2517 1423 2581 assumptus
1468 2510 1592 2564 est?
1632 2507 1822 2563 Nonne
1853 2507 2012 2562 turba

441 2602 614 2655 multa
643 2611 760 2658 erat
799 2603 866 2658 ad
914 2618 1076 2674 quam
1121 2602 1342 2658 divinus
1402 2616 1467 2656 ac
1501 2601 1743 2657 cmlestis
1787 2600 2014 2670 angelus

441 2694 623 2749 dixit.
669 2714 688 2746 ‹
743 2693 861 2749 Viri
888 2694 1096 2750 Galilaei
1128 2734 1143 2758 ,
1193 2694 1321 2763 quid
1363 2694 1524 2749 statis
1575 2692 1910 2762 aspicientes
1959 2691 2014 2744 in

441 2785 698 2839 caelum?
722 2784 824 2840 llic
877 2783 1039 2842 Jesus
1085 2786 1179 2855 qui
1217 2792 1538 2855 assumptus
1573 2793 1659 2839 est
1699 2799 1728 2837 a
1764 2783 1924 2837 vobis
1960 2783 2014 2836 in

442 2877 668 2942 celum,
725 2877 806 2934 sic
849 2879 1050 2940 veniet,
1102 2877 1565 2946 quemadmodum
1617 2875 1835 2932 vidistis
1887 2890 2013 2928 eum

441 2977 663 3023 euntem
695 2969 750 3023 in
791 2971 992 3025 caelum
1019 2969 1060 3024 ‘.
1103 2990 1132 3023 ι.
1163 2967 1284 3023 1am
1309 2984 1437 3024 vero
1481 2968 1614 3039 quid
1661 2970 1765 3032 ais,
1795 2967 2018 3023 ,Ιυάωεῖ

446 3059 699 3130 Nunquid
731 3061 923 3116 saltem
952 3061 1128 3131 angeli
1156 3061 1279 3114 voci
1317 3059 1553 3114 credes?
1577 3060 1660 3112 An
1703 3074 1812 3112 non
1846 3067 2016 3113 testes

447 3152 706 3222 accipies,
726 3167 929 3221 eosque
954 3153 1154 3206 multos
1174 3152 1251 3206 rei
1281 3151 1453 3219 ipsius
1491 3157 1857 3219 spectatores,
1887 3164 2012 3202 cum

452 3245 536 3298 lex
573 3241 861 3299 manifeste
887 3245 1054 3309 dicat,
1080 3243 1134 3297 in
1160 3258 1256 3297 ore
1284 3241 1520 3296 duorum
1545 3253 1640 3295 aut
1668 3240 1833 3294 trium
1868 3249 2016 3296 stare

449 3351 612 3391 omne
658 3337 884 3391 verbum
909 3336 971 3390 ‘-?
1003 3335 1062 3389 Ei
1117 3351 1254 3407 ergo
1290 3336 1384 3405 qui
1441 3349 1566 3388 cum
1625 3341 1892 3404 potestate
1948 3333 2015 3387 ad

448 3425 662 3481 Patrem
698 3427 791 3497 qui
817 3428 871 3480 in
907 3427 1066 3482 caelis
1087 3436 1172 3482 est
1199 3429 1512 3492 revertitur,
1547 3426 1822 3497 quomodo
1849 3441 2014 3496 pseu-

448 3519 822 3588 d0pr0pbetia3
868 3527 1055 3574 notam
1097 3521 1297 3575 merito
1322 3520 1569 3590 aliinges,
1597 3534 1661 3574 ac
1699 3533 1819 3573 non
1834 3518 2018 3590 potius

450 3611 596 3665 velut
635 3627 702 3666 ex
743 3611 822 3665 rei
875 3611 1023 3665 clara
1067 3611 1534 3680 demonstratione
1585 3621 1843 3681 sequetur
1894 3625 2016 3665 eum

448 3699 661 3756 ex'Deo
681 3699 842 3756 Patre
871 3702 1129 3756 nimirum
1161 3716 1306 3766 esse,
1341 3717 1452 3756 non
1484 3709 1666 3757 tamen
1696 3701 1764 3757 ab
1804 3701 1899 3756 illo
1935 3701 2020 3757 di-

451 3808 670 3847 versum
712 3809 872 3863 quem
915 3794 1033 3864 ipsa
1073 3795 1160 3850 lex
1207 3802 1261 3849 et
1291 3795 1570 3865 propheta:
1608 3793 2022 3864 praedixerunt?

453 3881 684 3938 Venisse
725 3898 858 3938 vero
883 3884 938 3938 in
977 3886 1124 3938 hunc
1175 3886 1439 3940 mundum
1489 3885 1585 3951 ait,
1612 3896 1666 3940 et
1717 3901 1913 3941 rursus
1954 3901 2022 3941 ex

452 3977 559 4029 hoc
591 3975 797 4031 mundo
837 3977 903 4031 ad
946 3976 1158 4032 Patrem
1193 3977 1398 4044 redire,
1451 3993 1550 4032 nec
1582 3992 1613 4031 a
1649 3977 1813 4033 Patre
1844 3993 2024 4033 remo-

452 4076 590 4132 tum,
619 4081 742 4124 cum
776 4067 954 4122 factus
983 4075 1069 4124 est
1095 4069 1280 4132 homo,
1304 4083 1408 4122 nec
1435 4069 1506 4123 ab
1531 4069 1864 4133 hominibus,
1896 4084 2022 4124 cum

451 4160 504 4212 iu
546 4174 714 4213 carne
753 4159 821 4214 ad
858 4159 1076 4214 Patrem
1115 4159 1298 4216 rediit.
1339 4159 1484 4217 Deus
1525 4161 1671 4216 enim
1717 4171 1804 4216 est
1830 4178 2022 4225 verus,

449 4250 543 4319 qui
593 4250 853 4306 ineffabili
901 4250 1106 4306 virtute
1156 4259 1357 4306 cuncta
1404 4252 1612 4323 replet,
1662 4267 1765 4308 nec
1802 4253 1870 4308 ab
1913 4254 2024 4308 ullo

451 4355 641 4396 eorum
682 4359 803 4413 quae
829 4351 959 4399 sunt
986 4344 1162 4400 abest.

2114 2423 2450 2495 ἐπαιρόντων
2482 2422 2730 2492 ἀγγέλων
2758 2419 2905 2490 αὐτῷ
2932 2420 3030 2484 τὰς
3074 2417 3187 2472 ἄνω
3218 2418 3411 2484 πύλας,
3447 2417 3540 2469 τὸν
3586 2419 3704 2479 τοῖς

2115 2515 2280 2570 αὐτοῦ
2302 2517 2564 2586 δόγμασιν
2595 2513 3026 2586 ἀντιπράττοντα
3056 2511 3175 2564 καθ’
3198 2513 3362 2582 ὑμᾶς,
3387 2511 3485 2564 καὶ
3513 2508 3704 2563 ἀνεθέο

2114 2609 2275 2678 λητον
2310 2606 2388 2678 τῷ
2417 2607 2759 2677 παμϐασιλεϊ-
2800 2605 2911 2658 τῶν
2942 2604 3079 2658 ὅλων
3109 2603 3204 2674 τὴν
3237 2603 3513 2674 ὑφήγησιν
3541 2617 3704 2669 ποιη-

2118 2700 2382 2770 σάμενον;
2424 2700 2516 2770 Μὴ
2545 2697 2655 2770 γὰρ
2686 2696 2987 2769 λεληθότως
3012 2693 3323 2764 ἀνελήφθη;
3376 2693 3470 2763 Μὴ
3495 2693 3607 2763 γὰρ
3639 2693 3700 2743 ού

2117 2790 2284 2854 πολὺς
2304 2786 2372 2861 ἦν
2396 2789 2572 2860 ὃχλος,
2601 2789 2737 2861 πρὸς
2765 2787 2859 2851 οὒς
2883 2787 2984 2857 ἔφη
3017 2789 3045 2841 ὁ
3071 2786 3212 2850 θεῖός
3237 2803 3296 2838 τε
3325 2787 3419 2838 καὶ
3444 2784 3706 2854 οὐράνιος

2116 2882 2381 2952 ἄγγελος·
2438 2900 2457 2933 ι
2489 2882 2715 2951 ’Ἄνδρες
2747 2881 3045 2943 Γαλιλαῖοι,
3089 2879 3140 2932 τί
3188 2879 3456 2947 ἑστήκατε
3504 2875 3706 2946 ἐμϐλέ-

2117 2991 2312 3038 ποντες
2340 2976 2420 3038 εξς
2460 2973 2563 3027 τὸν-
2581 2975 2844 3046 οὐρανόν;
2881 2969 3045 3038 θῦτος
3101 2975 3130 3026 ὁ
3171 2970 3378 3042 Ἰησοῦς
3416 2971 3446 3023 ὁ
3498 2969 3709 3037 ἀναλη-

2044 3084 2086 3139 c
2120 3065 2277 3134 φθεὶς
2303 3066 2396 3135 ἀφ’
2416 3064 2569 3136 ὑμῶν
2596 3067 2675 3128 εἰς
2703 3066 2794 3118 τὸν
2827 3066 3076 3137 οὐρανὸν,
3099 3063 3273 3126 οὕτως
3309 3061 3616 3126 ἐλεύσεται,
3649 3060 3710 3111 ὂν

2117 3157 2322 3227 τρόπον
2369 3156 2668 3210 ἐθεάσασθε
2722 3157 2884 3211 αὐτὸν
2934 3159 3296 3229 πορευόμενον
3349 3157 3429 3219 εἰς
3477 3155 3572 3208 τὸν
3618 3155 3712 3207 οὐ·

2120 3247 2297 3319 ρανόν.
2329 3266 2347 3298 ι
2386 3243 2518 3302 Εἶτα
2551 3249 2604 3301 τί
2638 3247 2763 3320 φὴς,
2799 3249 3038 3313 Ἰονλδαῖε,
3072 3249 3266 3315 πάλιν;
3294 3246 3417 3318 Ἆρ’
3445 3249 3507 3300 ού
3539 3250 3711 3317 τιμή-

2120 3357 2233 3404 σεις
2269 3341 2390 3404 ταῖς
2428 3340 2759 3404 εὐπειθείαις
2789 3339 2890 3396 κᾶν
2917 3343 3015 3413 τὴν
3055 3341 3287 3411 ἀγγέλου
3328 3342 3549 3410 φωνήν;
3582 3337 3714 3408 Ἆρ’

2117 3431 2180 3486 οὑ
2209 3431 2488 3504 παραδέξῃ
2521 3432 2840 3504 μάρτυρας,
2892 3433 3066 3486 καίτοι
3121 3431 3349 3494 πολλοὺς
3379 3430 3538 3492 ὄντας
3578 3428 3713 3492 τοὺς

2118 3522 2499 3592 τεθεαμένους,
2551 3523 2729 3578 καίτοι
2765 3524 2953 3594 σαφῶς
2983 3526 3012 3577 ὁ
3041 3524 3222 3594 νόμος,
3280 3523 3403 3576 Ἐπὶ
3435 3521 3712 3590 στόματος

2118 3614 2234 3679 δύο,
2264 3617 2302 3688 ἢ
2327 3613 2497 3688 τριῶν
2530 3615 2824 3689 μαρτύρων
2849 3615 3177 3686 σταθήσεται
3200 3614 3308 3666 πᾶν
3331 3612 3509 3682 ῥῆμα,
3533 3609 3674 3682 φησί
3695 3628 3710 3673 ;

2119 3708 2212 3779 Τῷ
2237 3710 2426 3762 τοίνυν
2463 3707 2548 3763 ἐπ’
2581 3705 2828 3772 ἐξουσίας
2875 3707 3012 3778 πρὸς
3058 3707 3148 3758 τὸν
3193 3706 3252 3758 ἐν
3292 3706 3409 3766 τοῖς
3452 3704 3714 3773 οὐρανοῖς

2121 3798 2503 3853 ὑπονοστοῦντι
2549 3798 2790 3869 Πατέρα,
2836 3797 2954 3862 πῶς
2994 3797 3060 3852 ἂν
3090 3798 3170 3851 ἔτι
3199 3797 3520 3869 πρεπόντως
3547 3797 3582 3850 ὀ
3610 3795 3716 3866 τῆς

2121 3889 2633 3962 ψευδοπροφητείας
2651 3889 2968 3959 ἐπιφέροιτο
2999 3888 3212 3960 μῶμος,
3243 3889 3336 3941 καὶ
3358 3888 3482 3958 οὐχὶ
3506 3889 3714 3958 μᾶλλον

2122 3983 2313 4053 ἕψεται
2368 3983 2589 4048 λοιπὸν,
2646 3981 2723 4045 ὡς
2782 3981 2850 4034 δι’
2906 3981 3238 4044 ἀποδείξεως
3291 3979 3560 4050 ἐναργοῦς
3619 3979 3714 4034 τοῦ

2123 4075 2469 4146 πράγματος,
2492 4075 2555 4128 τὸ
2575 4073 2966 4136 ἀνενδοιάστως
2997 4071 3350 4126 πιστεύεσθαι
3372 4059 3506 4140 παρ’
3530 4071 3562 4123 ὗ
3571 4070 3714 4142 μῶν,

2125 4168 2220 4222 καὶ
2268 4168 2343 4230 ὡς
2371 4166 2455 4236 εἴη
2489 4165 2589 4237 μὲν
2634 4168 2699 4219 ἐκ
2731 4164 2887 4228 Θεοῦ,
2934 4164 3094 4234 δῆλον
3123 4164 3179 4217 δὲ
3211 4165 3293 4218 ὅτι
3334 4163 3431 4216 τοῦ
3467 4162 3714 4234 Πατρός,

2125 4258 2225 4328 οὐχ
2253 4257 2439 4327 ἕτερός
2472 4273 2535 4326 γε
2567 4255 2674 4327 μὴν
2705 4257 2835 4327 παρ’
2868 4256 3096 4322 ἐκεῖνον,
3139 4256 3199 4309 ὃν
3227 4255 3392 4319 αὑτός
3423 4272 3482 4308 τε
3512 4255 3657 4325 ὁμοῦ
3688 4257 3717 4307 ό

2126 4349 2310 4418 νόμος,
2359 4349 2453 4400 καὶ
2498 4348 2547 4400 οἱ
2596 4347 2874 4418 προφῆται
2913 4346 3228 4417 διήγγελον;
3272 4345 3628 4417 Ἐληλυθέναι
3656 4363 3718 4415 γε

457 4436 564 4505 μὴν
609 4439 688 4501 είς
730 4437 883 4491 τόνδε
915 4437 1007 4489 τὸν
1049 4437 1254 4508 κόσμον
1289 4438 1442 4508 φησι,
1490 4438 1826 4507 μεταχωρεῖν
1867 4437 1923 4490 δὲ
1997 4437 2065 4493 αὖ
2105 4439 2268 4494 πάλιν
2319 4440 2382 4492 ἐκ
2425 4439 2520 4492 τοῦ
2573 4439 2782 4510 κόσμου
2832 4438 2970 4510 πρὸς
3009 4437 3100 4492 τὸν
3161 4439 3408 4508 Πατέρα,
3452 4437 3580 4491 οὒτε
3626 4437 3719 4491 τοῧ

454 4527 665 4596 Πατρός
705 4527 1038 4598 ἀποληφθεὶς
1084 4527 1194 4600 [γρ.
1269 4526 1660 4598 ἀπολειφθεὶς]·,
1707 4529 1796 4580 ὅτε
1841 4529 2064 4598 γέγονεν
2134 4530 2441 4602 ἄνθρωπος,
2493 4529 2615 4583 οὕτε
2669 4529 2777 4602 μὴν
2818 4531 2928 4583 τῶν
2971 4531 3063 4585 ἐπὶ
3105 4530 3207 4601 τῆς
3252 4531 3389 4602 γῆς,
3435 4532 3529 4584 ὅτε
3579 4535 3719 4601 μετά

454 4615 951 4685 σαρκδςάπεδήμει
1003 4615 1138 4685 πρὸς
1169 4616 1259 4668 τὸν
1293 4615 1532 4686 Πατέρα.
1579 4614 1711 4677 Θεὸς
1771 4617 1880 4688 γάρ
1948 4619 2096 4673 ἐστιν
2134 4619 2387 4690 ἀληθινὸς
2431 4621 2654 4693 ἀρρήτῳ
2703 4620 2932 4691 δυνάμει
2975 4621 3045 4675 τὰ
3093 4623 3274 4676 πάντα
3321 4621 3575 4693 πληρῶν,
3627 4626 3720 4680 καὶ

452 4707 664 4768 οὐδενὸς
696 4707 803 4760 τῶν
831 4709 999 4762 ὄντων
1028 4709 1559 4780 ἀπολιμπανύμενος.

527 4795 668 4856 XVI,
697 4798 787 4863 29,
819 4799 908 4853 50.
942 4799 1132 4852 Dicunt
1154 4800 1203 4853 ei
1228 4799 1479 4869 discipuli
1507 4803 1622 4870 ejus
1651 4817 1667 4854 :
1698 4801 1848 4864 Ecce,
1881 4818 2012 4855 nunc

2197 4798 2494 4869 Λέγουσιν
2544 4801 2705 4866 adeo)
2744 4802 2800 4855 οι
2829 4802 3088 4871 μαθηταί
3131 4802 3317 4858 αὐτοῦ
3343 4821 3358 4835 ·
3415 4803 3563 4870 Ἴδε,
3608 4807 3722 4861 νῦν

453 4887 632 4956 palam
673 4888 922 4957 loqueris,
961 4899 1011 4942 et
1055 4892 1387 4958 proverbium
1429 4891 1634 4945 nullum
1678 4893 1830 4946 dicis.
1871 4890 2026 4945 Nunc

454 4981 650 5034 scimus
686 4982 812 5048 quia
841 4981 944 5035 seis
983 4983 1184 5045 omnia,
1216 4991 1266 5036 et
1309 4999 1420 5036 non
1437 4999 1564 5052 opus
1596 4994 1674 5038 est
1707 4984 1802 5037 tibi
1821 4994 1878 5038 ut
1909 4986 2025 5056 quis

454 5079 501 5123 te
538 5070 863 5140 interroget:
901 5071 954 5124 in
990 5071 1088 5126 hoc
1118 5073 1383 5128 credimus
1419 5075 1544 5144 quia
1569 5093 1601 5128 a
1640 5075 1747 5128 Deo
1776 5076 1952 5130 existi.

529 5250 1008 5307 Evidentissimam
1055 5253 1132 5308 rei
1179 5253 1554 5321 probationem
1612 5255 1923 5324 suspiciunt
1965 5268 2029 5310 ac

459 5344 750 5396 mirantur.
783 5341 913 5398 Illos
943 5344 1093 5398 enim
1127 5345 1338 5414 absque
1375 5345 1702 5401 circuitione
1732 5347 2024 5401 verborum

458 5433 779 5503 alloquitur.
812 5433 1064 5488 Gaudent
1091 5435 1258 5504 igitur
1302 5447 1524 5506 accepta
1555 5436 2029 5494 demonstratione

462 5523 538 5577 rei
593 5522 1064 5587 manifestissima,
1118 5522 1284 5595 942
1325 5525 1571 5598 nihilque
1627 5526 1783 5582 ardui
1825 5529 1880 5582 in
1931 5529 2026 5582 illo

2133 4891 2437 4959 παρρησίᾳ
2455 4891 2684 4957 λαλεῖς,
2709 4892 2806 4946 καί
2832 4895 3154 4962 παροιμίαν
3183 4895 3472 4965 οὐδεμίαν
3497 4898 3715 4966 λέγεις.

2133 4983 2264 5038 Νῦν
2311 4981 2558 5052 οἴδαμεν
2603 4982 2694 5036 ὅτι
2741 4981 2910 5050 οἶδας
2952 4986 3180 5047 πάντα,
3231 4986 3329 5040 καί
3383 4989 3458 5041 οὐ
3509 4991 3724 5057 χρείαν

2136 5075 2295 5142 ἔχεις
2326 5075 2427 5127 ἵνα
2455 5073 2548 5140 τίς
2571 5088 2646 5128 σε
2665 5072 2852 5142 ἐρωτᾷ
2873 5089 2885 5102 ·
2913 5075 2985 5129 ἐν
3014 5076 3204 5144 τούτῳ
3232 5080 3606 5150 πιστεύομεν
3633 5081 3722 5135 ὅτι

2137 5164 2258 5220 ἀπὸ
2292 5165 2440 5220 Θεοῦ
2473 5163 2746 5233 ἐξῆλθες.

2205 5258 2558 5329 Θαυμάζουσι
2589 5258 2688 5330 τὴν
2719 5258 2995 5324 ἀπόδειξιν
3023 5259 3100 5322 ῶς
3131 5259 3543 5332 ἐναργεστατην
3567 5279 3584 5291 ·
3622 5282 3722 5317 κα-

2131 5350 2530 5419 ταπλήττονται
2551 5347 2643 5402 τοῦ
2664 5348 2826 5417 λόγου
2851 5349 2913 5401 τὸ
2941 5348 3219 5417 διαφανές.
3254 5350 3593 5421 Περιστολῆς
3611 5352 3720 5422 γὰρ

2135 5437 2356 5508 ἁπάσης
2405 5437 2529 5508 δίχα
2575 5436 2668 5491 τὸν
2718 5437 2853 5508 πρὸς
2887 5436 3087 5500 αὐτοὺς
3131 5433 3190 5493 εὖ
3222 5437 3371 5510 μάλα
3419 5440 3718 5510 πεποίηται

2132 5529 2308 5598 λόγον.
2341 5531 2608 5602 Χαίρουσι
2637 5529 2702 5601 δὴ
2745 5524 2839 5583 οὖν
2870 5528 3193 5601 δυσχερείας
3227 5531 3447 5604 ἀπάσης
3472 5533 3716 5604 ἀπηλλα-

532 5702 553 5734 ³
583 5700 714 5757 Luc.
748 5718 826 5767 ιι,
857 5703 940 5758 Η.
1019 5704 1186 5761 ‘Act.
1219 5706 1372 5774 1,“.
1448 5707 1468 5738 ⁸
1504 5703 1658 5762 Deut.
1693 5708 1932 5777 x1x,l5;
1978 5705 2012 5761 li!

2120 5707 2170 5762 h.
2212 5723 2368 5776 xvtn,
2413 5708 2498 5764 16.
