3868 6200
232 269 343 325 469

1346 265 1410 320 ΙΝ
1448 263 1739 321 JOANNIS
1779 264 2235 326 EVANGELIUM
2270 267 2400 324 LIB.
2441 269 2533 329 XI.

3388 276 3491 329 470

231 389 441 458 γμένην
470 385 725 450 λαϐόντες
753 385 1047 452 ἀπόδειξιν,
1071 385 1162 439 καὶ
1192 403 1257 439 πε
1267 387 1513 460 ρισκελές
1546 388 1643 458 μὲν
1666 389 1811 459 σχεῖν

1926 406 2165 447 sermone
2195 408 2319 449 esse
2356 392 2617 458 fatentur,
2648 399 2873 464 tamque
2904 394 3218 450 evidentem
3261 394 3490 449 demon-

230 478 383 531 οὐδὲν
434 477 496 531 rb
544 476 831 549 εἰρημένον
891 480 1093 546 φασὶν,
1144 478 1477 532 εὐκάτοπτον
1527 480 1592 533 δὲ
1640 481 1811 543 οὕτως

231 569 501 640 ὑπάρχειν
548 570 648 639 τὴν
691 570 778 621 ἐπ’
822 569 971 639 αὐτῷ
1014 570 1080 640 δὴ
1109 569 1284 640 τούτῳ
1311 570 1517 641 φωνὴν,
1570 570 1645 647 ὡς
1677 571 1811 641 μηδέ

233 660 407 730 βραχὺ
452 660 753 731 παροιμίας
796 659 1043 729 ἐναυσμα
1090 660 1604 731 προσεῖναιοδοκεῖν.
1654 660 1814 713 Ἀπο-

231 752 577 823 κερδαίνουσι
623 751 681 805 δὲ
731 751 867 822 πρὸς
907 752 1082 823 τούτῳ
1131 752 1369 805 κάκεῖνο.
1431 750 1646 821 Ἐπειδὴ
1704 751 1822 822 γάρ

230 839 423 907 ἔγνως,
472 840 629 911 φησὶ,
676 840 737 893 τὸ
773 840 1047 910 λαθραίως
1095 840 1435 911 ψιθυρισθέν,
1486 839 1728 909 ἐφθασάς
1753 858 1813 893 τε

229 930 329 1001 τὴν
377 932 605 996 πεῦσιν,
653 933 830 1004 ἥνπερ
875 932 941 987 ἂν
998 933 1129 996 ἴσως
1176 933 1601 1004 προσηγάγομεν
1654 934 1814 1003 ἡμεῖς

228 1021 572 1087 ἐξαιτοῦντες
616 1023 677 1076 rb
711 1023 926 1095 μαθεῖν,
980 1025 1125 1095 ἅπερ
1158 1025 1344 1093 ἔλεγες
1377 1025 1599 1095 ἀρτίως,
1646 1041 1811 1078 πεπι-

232 1112 567 1183 στεύκαμεν,
618 1114 701 1167 ὅτι
734 1113 829 1167 καὶ
866 1113 1094 1184 ἐξῆλθες
1139 1114 1247 1168 ἀπὸ
1275 1114 1434 1169 Θεοῦ.
1488 1114 1561 1166 Τὸ
1593 1113 1703 1185 γὰρ
1734 1116 1813 1167 εἰ-

227 1205 402 1271 δέναι,
432 1208 588 1276 φησὶ,
612 1206 683 1260 τὰ
715 1208 773 1258 ἐν
801 1206 879 1276 τῷ
903 1206 1259 1277 παραϐύστῳ,
1288 1206 1383 1259 καὶ
1413 1205 1695 1276 λεληθότα,
1717 1204 1812 1259 τοῦ

227 1298 451 1351 πάντων
486 1298 553 1352 ἂν
580 1298 668 1369 εἴη
698 1296 857 1363 Θεοῦ,
894 1299 987 1351 καὶ
1031 1300 1131 1369 οὐχ
1163 1299 1353 1370 ἐτέρου
1386 1300 1549 1362 τινός.
1595 1297 1812 1369 Ἐπειδὴ

225 1388 287 1441 δὲ
316 1382 474 1441 οἶσθα
504 1388 573 1441 τὰ
619 1390 797 1442 πάντα
842 1389 1024 1452 αὐτὸς,
1062 1389 1179 1453 πῶς
1206 1390 1306 1443 οὐκ
1337 1388 1709 1460 ἀναμφίλογον
1739 1390 1815 1452 ὡς

226 1484 295 1536 ἐκ
323 1482 420 1535 τοῦ
452 1482 519 1535 τὰ
564 1482 742 1536 πάντα
770 1483 972 1547 εἰδότος
1002 1482 1316 1553 ἐξέλαμψας
1342 1482 1513 1549 Θεοῦ;
1570 1483 1815 1546 Πίστεως

224 1569 324 1628 οὖν
346 1573 456 1645 ἄρα
485 1575 584 1644 τῆς
613 1575 988 1628 ἀνενδοιάστου
1016 1575 1192 1643 τροφὴ
1222 1574 1461 1643 κατέστη
1487 1575 1601 1637 τοῖς
1641 1574 1817 1644 μαθη-

225 1669 351 1730 ταῖς
410 1668 549 1738 μετά
611 1668 720 1722 τῶν
774 1668 984 1731 ἄλλων,
1044 1670 1140 1722 καὶ
1192 1668 1350 1721 τοῦτο
1401 1668 1463 1721 rb
1512 1667 1815 1739 θεοπρεπὲς

1918 483 2242 538 strationem
2283 500 2407 539 esse
2436 484 2789 550 concedunt,
2846 494 2903 539 ut
2960 504 3025 542 ne
3090 488 3223 542 levis
3270 487 3490 557 quidem

1919 573 2192 642 proverbii
2223 576 2462 630 scintilla
2488 584 2771 646 appareat.
2802 576 2937 631 Illud
2975 578 3201 647 insuper
3247 578 3491 632 addunt:

1918 662 2053 716 Cum
2086 666 2328 721 occultas
2358 668 2716 736 cogitationes
2760 681 3049 738 agnoscas,
3086 679 3139 723 et
3176 668 3493 739 interroga-

1920 753 2121 808 tionem
2169 772 2334 825 quam
2385 757 2487 830 ipsi
2540 757 2739 813 facturi
2784 776 3008 816 eramus
3043 762 3397 830 prteveneris,
3447 770 3497 815 te

1918 844 2097 899 exisse
2130 861 2158 898 ιι
2190 844 2298 900 Deo
2341 848 2701 904 credidimus.
2752 849 2954 906 Mentis
3003 850 3149 907 enim
3200 852 3498 923 penetralia

1919 942 1972 987 et
1998 935 2182 989 cordis
2216 951 2421 991 arcana
2459 949 2747 1010 perspecta
2801 943 3002 997 habere
3043 943 3220 997 solius
3263 942 3354 997 Dei
3394 954 3495 997 est.

1918 1026 2055 1079 Cum
2083 1036 2265 1081 autem
2300 1028 2416 1099 ipse
2463 1034 2646 1086 omnia
2685 1034 2858 1100 noris,
2898 1036 3024 1103 quis
3082 1036 3302 1091 dubitet
3354 1044 3406 1090 te
3433 1051 3499 1089 ex

1920 1116 2031 1173 Deo
2070 1118 2160 1188 qui
2197 1122 2380 1174 omnia
2406 1124 2557 1177 novit
2583 1124 2902 1181 eﬂ'ulsisse?
2932 1126 3186 1181 Divinum
3211 1143 3343 1197 ergo
3368 1128 3502 1181 illud

1918 1218 1971 1265 et
2006 1211 2327 1268 admirabile
2364 1214 2583 1285 signum
2626 1218 2952 1273 certissimae
3000 1220 3149 1275 inter
3212 1216 3320 1274 alia
3378 1219 3500 1273 ﬁdei

1919 1302 2208 1372 discipulis
2238 1303 2416 1359 fornes
2451 1307 2683 1371 exstitit,
2717 1316 2775 1362 ut
2814 1311 2882 1365 de
2915 1310 2985 1366 iis
3012 1326 3138 1366 vere
3162 1312 3269 1366 dici
3296 1312 3499 1381 possit:

1927 1410 1946 1444 (
1991 1392 2063 1448 Da
2110 1395 2347 1465 sapienti
2387 1399 2756 1464 occasionem,
2794 1410 2847 1456 et
2886 1402 3188 1472 sapientior
3219 1405 3364 1459 erit:
3401 1420 3503 1459 no—

1921 1481 2069 1537 tiﬁca
2110 1482 2295 1553 iusto,
2328 1492 2383 1541 et
2425 1486 2588 1542 addet
2636 1489 2704 1543 ad
2759 1492 3196 1561 recipiendum“.
3265 1514 3283 1547 ι
3337 1495 3503 1550 Aiunt

1920 1589 2071 1637 vero,
2123 1593 2141 1625 ι
2178 1591 2325 1630 nunc
2354 1580 2661 1642 credimus,
2724 1599 2743 1632 ι
2781 1597 2891 1636 non
2937 1585 3082 1653 quod
3118 1585 3340 1640 credere
3385 1593 3501 1640 tum

1930 1666 2167 1736 primum
2216 1668 2453 1738 coepisse
2498 1670 2687 1725 dicant
2732 1670 3021 1727 Dominum
3070 1684 3263 1729 cuncta
3314 1691 3500 1747 nosse,

224 1760 420 1824 ὅντως,
480 1761 576 1813 καὶ
607 1760 909 1832 παράδοξον
946 1765 1204 1832 σημεῖον,
1252 1760 1328 1824 ὡς
1377 1760 1491 1813 ἔστι
1543 1761 1643 1830 μέν
1700 1779 1817 1825 πως

1926 1772 2040 1811 cum
2067 1758 2183 1812 haec
2209 1759 2371 1813 verba
2397 1760 2711 1826 audierunt,
2730 1770 2825 1816 aut
2856 1764 3181 1818 miraculum
3212 1764 3500 1832 viderunt;

226 1852 361 1906 ἰδεῖν
389 1853 474 1906 ἐπ’
503 1852 684 1911 αὐτῶν
737 1854 938 1924 ἀληθὲς
989 1855 1071 1917 rb,
1131 1873 1148 1905 ι
1180 1854 1331 1906 Δίδου
1364 1851 1512 1922 σοφῷ
1540 1852 1818 1923 ἀφορμὴν,

223 1946 323 2000 καὶ
353 1946 660 2017 σοφώτερος
685 1947 859 2001 ἔσται·
890 1946 1124 2017 γνὼριζε
1149 1945 1364 2015 δικαίῳ,
1394 1945 1490 1999 καὶ
1519 1946 1825 2016 προσθήσει

221 2035 323 2090 τοῦ
357 2036 627 2106 δέχεσθαι.
666 2057 683 2089 ι
733 2038 871 2090 Φασὶ
902 2038 959 2090 δέ
992 2036 1072 2101 rb,
1115 2057 1133 2088 ι
1158 2035 1253 2089 νῦν
1287 2034 1637 2106 πιστεύομεν,
1680 2054 1699 2085 ι
1757 2036 1818 2087 ού

220 2128 351 2179 τότε
379 2128 443 2198 δὴ
479 2129 698 2192 πάντως
725 2129 825 2200 τὴν
854 2129 948 2183 τοῦ
985 2128 1263 2181 πιστεύειν
1296 2128 1473 2199 ἀρχὴν
1506 2129 1563 2179 ἐν
1606 2128 1820 2191 ἑαυτοῖς

223 2218 649 2288 εἰσφρήσαντες,
698 2220 786 2272 ὅτε
822 2220 930 2273 τῶν
957 2219 1217 2273 τοιούτων
1243 2218 1587 2290 ἠκροάσαντο
1614 2219 1810 2287 λόγων,

221 2308 397 2377 ἡγουν
420 2310 702 2365 τεθέανται
724 2314 784 2365 τὸ
815 2314 1061 2382 σημεῖον,
1088 2312 1148 2364 rb
1169 2310 1366 2364 ειδέναι
1396 2328 1468 2380 φη
1478 2312 1539 2381 μὶ
1558 2311 1626 2364 τὰ
1648 2310 1826 2364 πάντα

1922 1849 2017 1905 sed
2048 1849 2192 1919 quod
2229 1850 2351 1905 lidei
2386 1852 2543 1907 initio
2568 1864 2839 1925 suscepta:
2884 1856 3101 1910 radices
3136 1856 3189 1908 in
3231 1857 3348 1912 suis
3382 1858 3502 1909 ani-

1922 1939 2027 1995 mis
2079 1941 2244 1997 altius
2298 1957 2463 2013 agcre
2520 1944 2828 2014 incipiant,
2882 1962 2945 2000 ac
2993 1946 3223 2004 ﬁrmiter
3279 1948 3505 2004 credere

1920 2032 2091 2087 Deum
2124 2050 2266 2100 esse,
2299 2044 2351 2089 et
2380 2051 2445 2089 ex
2474 2035 2919 2093 Deosecundum
2946 2051 3223 2105 naturam,
3254 2056 3317 2094 ac
3350 2057 3500 2095 vero.

1926 2126 2295 2197 lntelligemus
2331 2143 2463 2199 ergo
2493 2129 2649 2195 illud,
2691 2149 2709 2180 (
2746 2146 2894 2185 nunc
2916 2132 3217 2194 credimus,
3248 2153 3266 2185 ι
3300 2149 3408 2187 non
3437 2132 3504 2185 de

1928 2216 2185 2272 credendi
2213 2217 2391 2283 initio,
2434 2219 2528 2273 sed
2560 2220 2626 2274 de
2664 2221 2847 2276 stabili
2901 2223 2955 2276 in
2994 2223 3097 2277 lide
3143 2232 3197 2277 et
3233 2224 3501 2278 sententia

1928 2309 2038 2376 jam
2074 2317 2331 2379 suscepta
2362 2313 2790 2379 perseverantia.

220 2401 320 2454 τὸν
354 2402 578 2475 Κύριον,
626 2404 743 2456 ἀλλ’
777 2404 852 2468 ὡς
882 2405 1004 2458 τότε
1036 2403 1224 2457 λοιπὸν
1248 2402 1347 2473 τὴν
1372 2404 1427 2453 ἐν
1460 2405 1658 2474 ἀρχαῖς
1701 2401 2066 2471 εἰσδεχθεῖσαν
2092 2399 2273 2453 πίστιν
2295 2400 2481 2473 ῥιζοῦν
2533 2406 2590 2456 ἐν
2649 2405 2877 2466 οἰκείαις
2933 2404 3131 2475 ψυχαῖς
3185 2405 3500 2476 ἀρχόμενον

224 2491 325 2544 καὶ
356 2491 665 2546 διακεῖσθαι
694 2493 881 2546 λοιπὸν
911 2493 1198 2564 ἀραρότως
1260 2494 1744 2562 ἀναπεπεισμένοι,
1813 2492 1888 2554 ὡς
1926 2492 2058 2554 Θεός
2083 2509 2141 2545 τε
2177 2492 2263 2563 εἴη
2310 2494 2403 2547 καὶ
2448 2496 2511 2547 ἐκ
2540 2495 2676 2548 Θεοῦ
2704 2495 2799 2548 τοῦ
2828 2498 2968 2552 κατά
2999 2499 3158 2567 φύσιν
3192 2502 3285 2551 καὶ
3313 2498 3502 2567 ἀληθι-

224 2584 342 2639 νοῦ.
376 2584 806 2655 Παραδεξόμεθα
829 2584 1008 2638 τοίνυν
1037 2585 1097 2638 rb
1129 2605 1146 2637 ι
1170 2585 1263 2639 νῦν
1292 2588 1641 2656 πιστεύομεν,
1662 2606 1679 2637 ι
1712 2587 1811 2638 οὐκ
1848 2585 1929 2646 είς
1962 2583 2059 2652 τὴν
2108 2585 2201 2638 τοῦ
2259 2585 2535 2639 πιστεύειν
2585 2586 2780 2658 ἀρχὴν,
2827 2590 2943 2642 ἀλλ’
2975 2591 3053 2653 είς
3116 2589 3211 2660 τὴν
3250 2589 3345 2641 τοῦ
3410 2589 3503 2660 βε-

225 2678 515 2734 ϐαιοῦσθαι
546 2680 762 2749 παγίως
790 2682 872 2744 εἰς
900 2681 999 2752 τὴν
1034 2680 1134 2751 ἥδη
1182 2681 1556 2752 τετιμημένην
1583 2684 1651 2751 τῇ
1693 2678 1998 2733 συναινέσει
2033 2679 2306 2749 διάληψιν.

312 2772 620 2841 Ἀπεκρίθη
650 2774 856 2841 αὐτοῖς
882 2777 914 2828 ὀ
960 2774 1203 2842 Ἰησοῦς
1226 2790 1238 2803 ο
1278 2776 1442 2843 Ἀρτι
1465 2773 1777 2827 πιστεύετε
1803 2789 1825 2805 ὀ

229 2864 361 2919 ιδσὺ
396 2865 627 2933 ἔρχεται
672 2865 815 2933 ὥρα,
857 2866 955 2919 καὶ
981 2865 1100 2919 νῦν
1135 2864 1458 2931 ἐλήλυθεν,
1503 2867 1603 2919 ἵνα
1636 2880 1819 2931 σκορ-

221 2954 485 3023 πισθῆτε
512 2954 772 3022 ἕκαστος
799 2957 887 3019 είς
916 2955 987 3009 τὰ
1013 2954 1155 3021 ἴδια,
1185 2954 1335 3023 κάμὲ
1364 2955 1558 3023 μόνον
1586 2952 1777 3021 ἀφῆτε
1802 2968 1815 2982 ’

226 3048 331 3103 καὶ
358 3049 469 3101 οὐκ
496 3047 611 3117 εἰμὶ
642 3049 850 3117 μόνος,
885 3047 974 3100 ὅτι
1002 3050 1033 3101 ὁ
1060 3047 1263 3115 Πατὴρ
1302 3047 1428 3115 μετ’
1454 3046 1602 3115 ἐμοῦ
1625 3046 1815 3099 ἐστιν.

1993 2771 2137 2838 XVI,
2165 2772 2255 2836 5|,
2279 2772 2371 2828 32.
2404 2773 2701 2842 Respondit
2718 2776 2791 2829 eis
2827 2774 2987 2831 Iesus
3013 2791 3028 2828 :
3060 2774 3221 2829 M‘odo
3246 2775 3458 2830 creditis
3483 2789 3502 2829 .'

1924 2880 2039 2917 ecce
2072 2865 2219 2917 venit
2248 2864 2401 2929 liora,
2427 2876 2476 2918 et
2500 2870 2618 2935 jam
2658 2868 2819 2931 venit,
2849 2878 2909 2921 ut
2937 2868 3505 2938 dispergaminiunus—

1925 2957 2143 3024 quisque
2180 2956 2234 3008 in
2257 2958 2498 3025 propria,
2535 2968 2584 3012 ct
2616 2975 2696 3011 nte
2726 2960 2897 3011 solum
2929 2960 3243 3029 relinquatis
3270 2974 3286 3010 :
3321 2968 3370 3013 et
3400 2976 3506 3014 non

1926 3063 2043 3100 sum
2071 3047 2240 3112 solus,
2280 3050 2406 3117 quia
2441 3048 2601 3103 Pater
2633 3067 2833 3104 mecum
2864 3059 2962 3105 est.

316 3140 665 3193 Ἀστειότατα
698 3140 862 3194 πάλιν
893 3138 1170 3203 ἐπέδειξεν
1210 3141 1238 3191 ὁ
1269 3138 1461 3210 Σωτὴρ
1490 3138 1581 3191 τὸν
1609 3138 1706 3207 τῆς
1735 3138 1819 3204 ἐφ’

1997 3137 2144 3192 Scite
2185 3137 2369 3194 denuo
2423 3138 2685 3195 Servator
2718 3141 2962 3195 ostendit
3009 3141 3248 3197 nondum
3313 3142 3505 3197 adesse

230 3232 407 3284 ἅπασι
440 3235 556 3295 τοῖς
584 3233 807 3300 ἀγαθοῖς
842 3232 1192 3302 βεϐαιότητος
1219 3230 1373 3284 οῦπω
1414 3230 1661 3301 παρόντα
1696 3246 1819 3281 και-

232 3324 329 3392 ρόν
356 3338 368 3351 ⁸
417 3318 571 3386 οὗτος
600 3324 657 3376 δὲ
687 3319 755 3392 ἦν
788 3325 816 3376 ὁ
842 3323 942 3393 τὴν
971 3321 1065 3375 τοῦ
1096 3324 1253 3390 ἁγίου
1285 3322 1604 3393 Πνεύματος
1643 3320 1702 3384 ἐξ
1728 3322 1818 3373 ού-

233 3396 402 3487 ρανοῦ
433 3416 827 3485 καταφοίτησιν
868 3414 1196 3483 είσκομίζων
1247 3414 1454 3479 αὐτοῖς,
1496 3413 1592 3466 καὶ
1627 3413 1726 3481 τὴν
1765 3409 1824 3475 ἐξ

232 3505 405 3578 ὕψους
435 3507 689 3577 δύναμιν,
723 3506 868 3561 καθὰ
894 3506 1229 3577 γέγραπται.
1262 3505 1538 3575 Καθαρῶς
1566 3502 1675 3572 γάρ
1700 3504 1823 3557 τότε

232 3603 357 3664 ταῖς
383 3598 755 3670 ἀνθρωπίναις
787 3598 1175 3669 μικροψυχίαις
1206 3595 1482 3667 ἐρρῶσθαι
1521 3596 1825 3665 φθάσαντες

235 3691 347 3761 μσ.
387 3687 740 3761 φράσαντες],
789 3688 1257 3755 ἀκαταγωνίστοις
1295 3686 1595 3758 διέπρεψαν
1641 3685 1825 3738 εὐτολ-

239 3782 414 3850 μίαις,
465 3782 525 3835 οὐ
576 3781 673 3844 τάς
718 3781 827 3836 τῶν
864 3781 1133 3835 Ἰουδαίων
1179 3780 1597 3843 ἐπαναστάσεις,
1643 3780 1705 3833 ού
1735 3778 1825 3831 τὸν

236 3876 463 3946 ἄκριτον
495 3874 603 3928 τῶν
650 3874 963 3945 Φαρισαίων
999 3872 1193 3943 θυμὸν,
1241 3873 1339 3943 οὐχ
1383 3871 1570 3942 ἕτερόν
1620 3888 1674 3923 τι
1715 3870 1825 3923 τῶν

236 3967 427 4023 δεινῶν
458 3968 711 4032 δεδιότες,
746 3968 861 4021 ἀλλ’
890 3968 948 4019 ἐν
978 3965 1263 4039 παρρησίᾳ
1294 3964 1699 4035 προεστηκότες
1731 3964 1823 4017 τοῦ

240 4060 390 4114 θείου
424 4060 797 4131 κηρύγματος,
824 4058 918 4112 καὶ
964 4057 1262 4129 διαρρήδην
1289 4057 1541 4125 λέγοντες
1565 4073 1578 4089 ο
1610 4075 1628 4107 ι
1650 4056 1824 4109 nae-

233 4155 431 4224 αρχεῖν
458 4153 540 4204 δεῖ
594 4152 714 4221 Θεῷ
745 4150 967 4220 μᾶλλον,
995 4150 1040 4220 ἢ·
1061 4148 1393 4221 ἀνθρώποις.
1449 4150 1523 4202 Oi:
1548 4148 1829 4219 δυνάμεθα

236 4245 350 4316 γάρ
397 4247 580 4315 ἡμεῖς,
632 4245 668 4297 ἃ
711 4244 927 4313 εἴδομεν
974 4244 1069 4296 καὶ
1101 4242 1420 4312 ἠκούσαμεν
1451 4241 1525 4313 μὴ
1570 4240 1767 4293 λαλεῖν.
1802 4258 1821 4292 ι

250 4339 342 4390 Ἐν
368 4338 551 4407 ταυτῷ
576 4335 867 4408 τοιγαροῦν
920 4334 1281 4405 καθιδρύσθαι
1334 4334 1434 4404 μὲν
1480 4333 1634 4387 οὔπω
1688 4332 1826 4404 πρὸς

1923 3238 2137 3299 tempus
2159 3246 2269 3299 quo
2304 3232 2358 3283 in
2392 3230 2553 3286 bonis
2582 3233 2837 3287 omnibus
2874 3232 3127 3287 ﬁrmandi
3153 3246 3358 3299 essent,
3394 3251 3505 3305 quo

1922 3325 2168 3387 tempore
2192 3318 2566 3374 descensurus
2597 3330 2715 3374 erat
2746 3321 2799 3374 in
2846 3336 2943 3377 eos
2996 3321 3259 3392 Spiritus,
3295 3332 3349 3378 et
3386 3325 3504 3377 vir-

1923 3416 2094 3464 tutem
2146 3426 2215 3464 ex
2250 3410 2362 3465 alto
2395 3410 2650 3473 daturus,
2703 3419 2765 3465 ut
2807 3413 3077 3481 scriptum
3127 3414 3278 3469 est'.
3348 3412 3505 3469 Tunc

1922 3501 2088 3565 enim,
2122 3502 2325 3568 reiecta
2362 3502 2533 3557 animi
2568 3503 2850 3572 angustia,
2888 3503 3079 3557 invicti
3109 3505 3307 3559 robore
3338 3503 3505 3561 fulse-

1924 3600 2083 3655 runt,
2126 3608 2233 3646 non
2270 3591 2586 3647 Judteorum
2626 3593 2904 3660 incursus,
2946 3612 3055 3650 non
3093 3594 3502 3650 Pharisaaorum

1925 3682 2448 3753 intemperiem,non
2465 3685 2614 3739 aliud
2632 3686 2863 3755 quodvis
2882 3686 3191 3756 periculum
3208 3686 3388 3751 veriti,
3406 3688 3502 3741 sed

1925 3773 2095 3828 libere
2123 3788 2189 3828 ac
2223 3775 2496 3846 intrepide
2528 3775 2909 3845 pradicationi
2955 3776 3155 3833 divina:
3198 3778 3502 3847 praepositi,

1924 3864 2216 3936 palamque
2237 3876 2291 3921 et
2317 3876 2501 3936 aperte
2514 3868 2771 3935 dicentes
2794 3886 2807 3922 :
2849 3886 2877 3919 ι
2895 3866 3131 3924 Obedir-e
3148 3876 3377 3941 oportet
3394 3868 3505 3924 Deo

1928 3956 2105 4027 magis
2144 3974 2311 4028 quam
2340 3958 2658 4016 hominibus
2683 3961 2727 4014 ⁸.
2770 3959 2889 4015 Non
2915 3976 3211 4030 possumus
3233 3962 3377 4017 enim
3405 3975 3506 4015 nos

1926 4066 2049 4121 quae
2068 4051 2303 4107 vidimus
2324 4062 2379 4108 et
2401 4054 2716 4112 audivimus
2741 4071 2851 4110 non
2874 4057 3021 4127 loqui
3047 4057 3090 4111 ι.
3124 4077 3142 4109 ι
3176 4056 3351 4112 Simul
3378 4072 3507 4127 ergo

1927 4144 2173 4199 nondum
2203 4162 2301 4200 eos
2341 4146 2407 4201 ad
2446 4146 2744 4216 perfectam
2778 4147 2937 4203 ﬁdem
2975 4147 3217 4204 ﬁrmatos
3245 4151 3504 4211 ostendit,

1927 4234 2090 4307 943
2170 4248 2462 4306 Propterea
2542 4239 2688 4308 quod
2766 4240 3245 4311 participationem
3330 4239 3508 4311 Spiri-

1931 4337 2019 4383 tus
2097 4329 2341 4382 nondum
2410 4336 2733 4400 gustaram,
2821 4332 2942 4400 ejus
3013 4342 3395 4401 argumentum
3455 4339 3508 4387 et

236 4432 425 4485 πίστιν
454 4430 551 4501 τὴν
575 4428 788 4482 τελείαν
816 4428 1089 4494 ἀπέδειξε,
1126 4427 1216 4481 διὰ
1250 4428 1308 4481 τὸ
1339 4429 1506 4497 μήπω
1532 4426 1819 4495 γεγεῦσθαι

1932 4417 2196 4472 indicium
2237 4418 2476 4474 all'erens
2500 4420 2728 4489 jamjam
2758 4421 3077 4476 adfuturum
3107 4422 3387 4487 timorem,
3412 4440 3507 4478 eo-

231 4523 339 4591 τῆς
366 4488 649 4582 κοινωνίας
677 4517 771 4571 τοῦ
802 4488 1144 4589 Πνεύματος,
1174 4488 1445 4588 παραθείς
1473 4488 1555 4581 εἰς
1581 4488 1819 4587 ἔλεγχον,

1930 4524 2038 4578 que
2073 4509 2219 4579 quod
2250 4520 2578 4565 eventurum
2612 4518 2733 4567 erat
2761 4513 3024 4582 praedicto
3052 4530 3160 4567 non
3195 4528 3384 4582 parum
3429 4516 3509 4569 eis

233 4612 337 4681 τὴν
366 4612 489 4664 ὅσον
533 4610 746 4664 οὐδέπω
792 4610 1177 4681 παρεσομένην
1208 4608 1476 4671 δουλείαν,
1525 4608 1618 4661 καὶ
1650 4608 1731 4660 δτι
1759 4608 1823 4679 δὴ

239 4703 430 4773 μέλλοι
481 4702 855 4774 συμϐήσεσθαι
891 4700 1190 4772 προειπὼν,
1235 4701 1299 4753 ού
1352 4700 1588 4771 μετρίως
1628 4701 1823 4765 αὐτοὺς

233 4796 441 4865 ὀνήσας
481 4795 697 4864 ὁρᾶται.
751 4794 1127 4846 Διακείσονται
1174 4793 1283 4863 γάρ
1338 4793 1603 4860 μειζόνως
1638 4812 1697 4848 τε
1732 4795 1825 4848 καὶ
1858 4850 1867 4855 ,

234 4884 674 4955 ἐρηρεισμένως,
702 4884 785 4936 ὅτι
815 4881 948 4947 Θεὸς
974 4880 1116 4935 κατὰ
1151 4880 1314 4949 φύσιν
1340 4881 1511 4945 ἐστὶν,
1542 4882 1693 4934 οὐδὲν
1716 4880 1825 4933 τῶν

239 4976 551 5047 μελλόντων
601 4975 915 5047 ἡγνοηκότα
961 4975 1493 5046 καταλαμϐάνοντες.
1539 4973 1670 5027 Ἰδοὺ
1716 4990 1827 5025 τοι-

238 5065 449 5136 γαροῦν
482 5067 776 5137 παρέσται,
822 5066 1009 5135 φησὶν,
1047 5067 1259 5131 οὑκ-είς
1291 5066 1509 5139 μακρὰν
1540 5068 1569 5119 ὁ
1611 5066 1822 5137 καιρὸς,

243 5158 449 5227 μᾶλλον
497 5158 555 5211 δὲ
606 5158 739 5211 εῐσω
789 5158 991 5228 βέϐηκε
1024 5158 1228 5229 θυρῶν,
1273 5160 1363 5212 ὅτε
1405 5158 1563 5229 μόνον
1595 5158 1825 5227 ἀφέντες

238 5251 365 5319 ἐμὲ,
400 5250 768 5304 ἀπελεύσεσθε
803 5251 940 5321 πρὸς
967 5249 1036 5303 τά
1068 5251 1175 5304 ῐδια
1199 5268 1212 5281 ·
1260 5250 1421 5303 τοῦτο
1451 5251 1510 5304 δέ
1546 5253 1696 5305 ἐστιν
1736 5253 1827 5306 εὐ-

241 5342 583 5412 περιστόλως
623 5344 819 5409 εἰπεῖν,
873 5343 963 5395 ὅτε
992 5341 1214 5405 δειλίαις
1243 5342 1525 5414 ἀνάνδροις
1557 5362 1832 5417 κεκρατηη

1932 4601 2244 4656 conducere
2267 4604 2516 4658 videtur:
2554 4604 2766 4659 ﬁrmius
2792 4606 2937 4660 enim
2967 4622 3030 4660 ac
3051 4607 3260 4662 certius
3286 4607 3510 4661 credent

1934 4692 2104 4748 Deum
2136 4708 2262 4747 esse
2291 4695 2594 4749 secundum
2626 4703 2904 4761 naturam,
2931 4711 3056 4749 cum
3088 4697 3227 4751 nihil
3262 4696 3506 4752 futurum

1933 4799 2057 4839 eum
2112 4784 2370 4855 ignorare
2399 4786 2839 4857 deprehenderit.
2883 4786 3026 4843 Ecce
3066 4789 3267 4860 igitur,
3306 4791 3505 4859 inquit,

1934 4891 2044 4931 non
2080 4875 2239 4948 longe
2268 4888 2484 4949 tempus
2509 4880 2686 4943 abest,
2723 4880 2834 4933 imo
2852 4881 3115 4950 verojam
3149 4882 3293 4935 intra
3324 4893 3507 4951 portas

1930 4976 2039 5033 est,
2072 4984 2197 5024 cum
2236 4986 2321 5026 me
2348 4970 2465 5026 solo
2504 4972 2698 5028 relicto
2728 4972 2795 5027 ad
2850 4988 2952 5029 sua
2992 4974 3228 5044 quisque
3264 4984 3507 5030 reverte-

1935 5061 2093 5128 mini,
2128 5063 2179 5117 id
2221 5073 2323 5132 est,
2371 5075 2430 5120 ut
2473 5068 2664 5136 paucis
2713 5068 3071 5135 complectar,
3126 5082 3250 5121 cum
3305 5066 3507 5120 imbelli

1934 5162 2081 5209 metu
2110 5155 2240 5210 victi
2281 5168 2478 5211 vestrae
2510 5157 2891 5211 tantummodo
2942 5158 3139 5211 anima:
3185 5156 3509 5219 consulctis,

1934 5257 1988 5305 et
2027 5249 2324 5305 dilectione
2365 5266 2530 5318 quam
2564 5249 2829 5321 magistro
2864 5248 3083 5305 debetis
3119 5258 3313 5305 vestra:
3345 5250 3509 5304 saluti

1931 5342 2260 5410 postposita,
2298 5340 2364 5395 ad
2390 5355 2737 5411 quaecunque
2772 5339 2892 5393 loca
2924 5338 3080 5413 vobis
3112 5338 3334 5392 dabitur
3366 5338 3508 5392 dila-

244 5433 426 5504 μένοι,
464 5432 632 5503 μόνης
661 5432 761 5502 τῆς
787 5430 995 5484 ἐαυτῶν
1022 5430 1204 5501 ψυχῆς
1230 5432 1578 5501 προνοήσετε,
1613 5434 1706 5485 καὶ
1732 5435 1819 5504 rip

1930 5432 2158 5487 bemini.
2213 5431 2501 5498 Quomodo
2553 5448 2686 5504 ergo
2732 5446 2879 5485 nunc
2924 5430 3186 5493 creditis,
3259 5428 3508 5484 nondum

240 5525 323 5594 τῷ
348 5524 655 5595 διδασκάλῳ
682 5523 1135 5595 χρεωστουμένην
1168 5524 1446 5594 ἀγάπησιν
1477 5526 1705 5577 κατόπιν
1733 5526 1819 5594 τῆς

1930 5523 2247 5581 timiditatis
2282 5526 2484 5597 probro
2516 5524 3342 5597 repudiato,proptereaquod,
3376 5539 3509 5581 non-

322 5700 340 5727 ⁸
366 5699 531 5756 Prov.
576 5717 654 5769 rx,
682 5700 734 5755 ο.
816 5703 832 5733 ⁷
863 5699 993 5759 Luc.
1029 5717 1174 5766 xxrv,
1204 5699 1289 5758 49.
1368 5699 1387 5731 '
1426 5702 1544 5755 Act.
1590 5715 1643 5768 v,
1674 5700 1762 5756 29.
1841 5699 1859 5732 '
1894 5699 2016 5756 Act.
2054 5716 2127 5768 ιν,
2160 5700 2230 5761 20
