4010 6320
610 367 663 420 Η
1608 361 1667 418 S.
1706 362 1983 418 CYRILLI
2020 362 2490 419 ALEXANDRINI
2520 361 2843 420 ABCHIEP.
3776 366 3848 421 19

613 500 830 544 naturas
851 489 1169 541 convertere
1194 497 1259 539 ac
1285 483 1580 540 traducere
1604 501 1617 536 :
1641 487 1785 555 quod
1807 486 2027 557 quidem
2048 502 2178 557 pro-

2290 490 2411 543 Γδιον
2440 489 2532 543 τοῦ
2563 488 2704 542 κατὰ
2736 486 2897 558 φύσιν
2923 485 3081 540 Θεοῦ.
3129 485 3300 539 Τοῦτο
3338 478 3430 538 οὖν
3470 481 3716 551 βούλεται
3746 485 3852 536 δεῖ·

606 575 784 646 prium
832 581 921 631 cst
948 572 1247 629 secundum
1273 578 1527 625 naturam
1570 570 1687 627 Dei.
1731 570 1845 627 Hoc
1872 574 2043 645 igitur
2067 574 2180 627 vult

604 663 911 727 ostendere,
957 678 1081 717 eum
1134 661 1307 715 dicit:
1343 678 1362 712 ι
1399 660 1730 717 Potestatem
1765 662 1942 718 habeo
1974 678 2181 734 ponere

606 754 865 818 animam,
915 764 969 808 et
1015 760 1341 823 potestatem
1381 750 1556 806 habeo
1589 753 1847 822 accipere
1874 768 2019 819 eam,
2059 773 2079 805 ι
2123 769 2182 808 se

607 860 714 898 non
757 844 975 913 jussum
1020 843 1179 914 661
1227 849 1287 896 ut
1335 857 1554 898 servum
1582 848 1675 895 aut
1706 841 2043 907 ministrum,
2086 842 2182 898 sed

605 948 780 1004 neque
806 947 870 987 ex
899 933 1229 987 necessitate
1255 931 1341 986 vel
1369 946 1400 985 a
1426 930 1757 1001 quibusdam
1785 939 2064 996 coactum,
2087 930 2179 988 sed

607 1027 877 1081 volentem
913 1022 980 1079 ad
1006 1023 1060 1078 id
1085 1023 1320 1079 venisse.

619 1185 627 1194 _
672 1115 741 1180 Χ,
779 1114 868 1171 18.
910 1113 1028 1168 Hoc
1060 1112 1369 1167 mandatum
1400 1113 1576 1182 accepi
1605 1129 1636 1167 a
1667 1110 1833 1167 Patre
1867 1129 2002 1167 meo.

672 1289 753 1346 Ne
775 1290 900 1361 quis
929 1289 1074 1346 enim
1114 1288 1283 1355 dicat,
1314 1298 1515 1360 praeter
1551 1289 1889 1344 voluntatem
1909 1287 2032 1342 Filii
2072 1303 2183 1343 non

604 1397 771 1453 posse
811 1380 1024 1436 Patrem
1072 1396 1291 1437 sumere
1329 1382 1571 1445 animam
1612 1381 1755 1450 ejus,
1792 1396 1969 1451 neque
1998 1396 2064 1435 ex
2118 1396 2184 1435 eo

607 1475 663 1528 in
699 1488 808 1526 una
839 1471 1043 1526 deitate
1088 1470 1267 1525 Patris
1306 1478 1363 1525 et
1394 1469 1517 1525 Filii
1541 1470 1836 1527 dissidium
1873 1481 1931 1527 et
1975 1471 2187 1527 discor-

607 1566 754 1618 diam
793 1563 981 1625 faciat,
1012 1562 1234 1632 quando
1265 1561 1401 1618 dicit
1436 1577 1496 1619 se
1528 1561 1842 1618 mandatum
1878 1564 2184 1634 accepisse,

609 1658 664 1710 in
699 1657 804 1711 hoc
847 1655 1287 1711 consentientem
1340 1654 1873 1725 convenientemque
1904 1656 2187 1711 voluntate

608 1743 849 1800 ostendit
881 1743 1125 1811 Patrem,
1174 1754 1229 1799 et
1278 1751 1541 1812 tauquam
1596 1744 1665 1797 ab
1720 1757 1831 1798 una
1890 1751 2076 1800 mente
2131 1749 2187 1798 et

2284 579 2492 645 ξαι,διά
2518 579 2612 632 τοῦ
2630 577 2828 647 λέγειν,
2865 595 2883 629 ι
2905 564 3179 640 Ἐξουσιαν
3211 575 3320 645 ἔχω
3347 574 3516 627 θεῖναι
3542 573 3640 645 τὴν
3655 572 3850 644 ψυχὴν,

2282 670 2376 723 καὶ
2400 667 2646 733 ἐξουσίαν
2684 667 2793 738 ἔχω
2823 665 3008 720 λαϐεῖν
3036 665 3241 736 αὐτήνο
3274 683 3292 715 ι
3329 664 3411 718 ὅτι
3442 665 3504 718 οὐ
3542 662 3852 724 κελευσθεὶς

2281 758 2357 820 ὡς
2385 756 2569 820 δοῦλος
2609 756 2642 826 ἢ
2679 755 2991 826 ὑπηρέτης,
3024 753 3136 806 ἀλλ’
3167 752 3291 806 οὐδὲ
3338 752 3414 816 ὡς
3455 752 3516 817 ἐξ
3544 750 3851 822 ἀνάγκηςῆ

2285 847 2529 919 βιασθεὶς
2554 846 2707 917 παρά
2731 864 2915 913 τινων,
2941 845 3055 898 ἀλλ’
3081 843 3223 898 ἑκὼν
3256 839 3420 915 ἦλθεν
3447 844 3540 898 ἐπὶ
3572 843 3750 897 τοῦτο.

2360 1108 2590 1176 Ταύτην
2620 1106 2736 1175 τὴν
2767 1104 3027 1175 ἐντολὴν
3055 1104 3276 1160 ἔλαϐον
3306 1103 3465 1173 παρὰ
3496 1103 3602 1159 τοῦ
3628 1106 3858 1174 Πατρός

2278 1216 2419 1268 μου.

2357 1290 2476 1343 Ἵνα
2503 1290 2609 1362 γὰρ
2647 1289 2720 1361 μή
2742 1306 2826 1353 τις
2853 1288 3007 1360 εἴπῃ,
3034 1288 3115 1343 ὅτι
3142 1291 3295 1361 παρὰ
3323 1289 3425 1360 τὴν
3454 1288 3548 1342 τοῦ
3576 1287 3707 1342 Υῑοῦ
3732 1288 3859 1360 βού-

2285 1383 2440 1454 λησιν
2477 1384 2538 1436 οὐ
2577 1382 2799 1436 δύναται
2841 1381 2871 1433 ὁ
2914 1382 3105 1452 Πατὴρ
3131 1382 3315 1436 λαϐεῖν
3342 1379 3508 1435 αὑτοῦ
3541 1380 3640 1451 τὴν
3657 1381 3856 1450 ψυχὴν,

2286 1477 2379 1530 καὶ
2403 1478 2467 1530 ὲκ
2486 1475 2680 1529 τούτου
2709 1473 3044 1543 στασιασμὸν
3070 1474 3171 1551 ὶκαὶ
3204 1473 3469 1543 διχόνοιαν
3498 1470 3768 1543 εἰσαγάγῃ
3799 1470 3859 1523 ὲν

2284 1570 2351 1639 τῇ
2389 1570 2490 1639 μιᾷ
2522 1567 2737 1639 θεότητι
2768 1565 2864 1620 τοῦ
2891 1561 3101 1637 Πατρὸς
3143 1565 3237 1617 καὶ
3256 1563 3350 1617 τοῦ
3382 1562 3535 1629 Υἱοῢ,
3560 1563 3626 1616 δι’
3656 1555 3729 1616 ὧν
3752 1578 3859 1630 φη-

2289 1677 2394 1724 σιν,
2423 1658 2652 1712 Ἐλαὸον
2691 1656 2929 1727 ἐντολὴν,
2963 1655 3374 1727 συμφωνοῦντα,
3414 1655 3507 1708 καὶ
3540 1653 3861 1709 συνθέλοντα

2289 1750 2423 1821 πρὸς
2451 1749 2611 1803 τοῦτο
2662 1748 2901 1802 δείκνυσι
2958 1748 3053 1801 καὶ
3090 1747 3181 1800 τὸν
3238 1747 3479 1815 Πατέρα,
3512 1746 3604 1798 καὶ
3646 1745 3720 1807 ὼς
3752 1746 3861 1799 άπὸ

609 1850 778 1890 sensu
822 1834 889 1889 ad
945 1834 1001 1890 id
1044 1849 1106 1891 se
1157 1835 1345 1889 venire
1392 1833 1615 1899 fatetur,
1663 1834 1883 1890 tametsi
1936 1822 2054 1905 ipse
2100 1842 2186 1890 est

2292 1840 2422 1910 μιᾶς
2450 1836 2677 1908 γνώμης
2721 1837 2803 1899 εἰς
2842 1835 3000 1889 τοῦτο
3048 1836 3338 1907 παρελθεῖν
3365 1835 3637 1906 ὁμολογεῖ,
3680 1838 3728 1888 εξ
3768 1837 3862 1890 καὶ

610 1926 787 1982 Patris
818 1926 1139 1992 consilium,
1180 1924 1325 1995 quod
1369 1925 1535 1980 etiam
1589 1925 1883 2009 conveniet
1925 1926 2186 1981 incarna-

611 2016 767 2071 tioni.
812 2015 956 2087 Ergo
1005 2016 1323 2071 mandatum
1388 2016 1596 2071 indicat
1657 2018 2012 2073 concordiam
2063 2033 2187 2073 cum

608 2107 807 2171 Patre,
869 2106 975 2162 etsi
1027 2105 1309 2160 humiliter
1361 2106 1637 2176 loquatur.
1686 2107 2002 2161 Mandatum
2055 2121 2190 2163 vero

610 2205 695 2253 est
724 2211 825 2268 pro
859 2195 1066 2250 mundo
1100 2197 1260 2252 mori.
1292 2194 1539 2251 Mandati
1570 2212 1703 2267 ergo
1753 2197 1874 2254 loco
1907 2197 2191 2268 accepisse

610 2307 670 2347 se
704 2290 903 2345 dicens
936 2289 990 2343 id
1020 2287 1168 2359 quod
1193 2287 1338 2358 apud
1375 2287 1591 2342 Patrem
1623 2289 1801 2344 visum
1832 2297 1916 2344 est
1946 2304 2006 2344 se
2040 2296 2192 2346 recte

520 2426 531 2431 -
611 2382 837 2444 habere,
866 2393 978 2433 non
1012 2377 1282 2432 minorem
1323 2391 1383 2431 se
1420 2375 1583 2432 Patre
1616 2377 1769 2443 facit,
1807 2385 2007 2432 natura
2037 2379 2189 2434 exsi-

610 2479 765 2525 stens
808 2467 977 2531 Deus,
1002 2466 1097 2522 sed
1143 2478 1329 2522 servat
1360 2464 1416 2520 id
1461 2467 1610 2536 quod
1642 2469 1901 2524 convenit
1936 2468 2191 2523 humani-

609 2562 732 2617 tati.
757 2561 901 2627 Quin
934 2559 1101 2616 etiam
1136 2558 1360 2629 subiicit
1384 2559 1582 2616 animis
1614 2574 1674 2615 se
1709 2575 1835 2615 eum
1866 2560 2189 2630 prophetam

608 2667 753 2717 esse,
777 2653 844 2708 de
882 2665 992 2722 quo
1026 2649 1160 2706 dicit
1210 2648 1372 2706 Pater
1405 2667 1421 2706 :
1459 2668 1478 2703 ι
1514 2649 1795 2722 Loquetur
1831 2650 2189 2721 quemadmo-

609 2746 740 2800 dum
790 2741 1240 2798 mandaverimus
1285 2741 1338 2796 ei
1371 2742 1389 2772 ³
1426 2759 1440 2796 :
1471 2742 1914 2796 communionem
1969 2741 2184 2797 consilii

609 2848 733 2891 cum
777 2833 891 2889 Deo
939 2839 996 2889 et
1032 2831 1196 2887 Patre
1254 2839 1515 2902 tanquam
1558 2832 1877 2887 mandatum
1918 2848 1976 2888 se
2027 2846 2188 2887 acce-

608 2930 755 2999 pisse
787 2927 998 2982 dicens.
1030 2923 1188 2990 Quod
1222 2924 1446 2995 quidem
1495 2924 1715 2980 dicebat
1746 2924 1813 2977 ad
1844 2922 2085 2988 Iudaeos,
2118 2937 2189 2980 ne

611 3019 1014 3073 arbitrarentur
1053 3028 1179 3071 eum
1224 3022 1426 3085 praeter
1468 3015 1724 3070 mandata
1777 3013 1959 3071 Patris
2011 3016 2185 3086 loqui.

610 3108 801 3179 Neque
837 3122 970 3163 vero
998 3114 1052 3162 te
1083 3105 1267 3161 turbet
1299 3104 1443 3176 quod
1474 3104 1637 3160 Pater
1666 3106 1948 3176 proprium
1981 3103 2182 3160 Filium

2291 1929 2454 1992 αὑτός
2477 1930 2623 1981 ἐστιν
2663 1929 2697 1998 ἡ
2736 1925 2830 1979 τοῦ
2877 1924 3090 1996 [ἰατρὸς
3116 1925 3307 1996 βουλή·
3343 1927 3573 1997 ἁρμόσει
3611 1925 3667 1978 δὲ
3702 1926 3864 1980 τοῦτο

2289 2021 2385 2076 καὶ
2411 2023 2476 2093 τῇ
2507 2018 2645 2091 μετὰ
2679 2018 2879 2085 σαρκὸς
2911 2017 3211 2088 οἰκονομίᾳ.
3262 2017 3326 2070 Ἦ
3365 2013 3459 2070 οὖν
3492 2014 3678 2088 ἐντολὴ
3708 2016 3866 2093 ,δηλοῖ

2288 2113 2385 2184 τὴν
2411 2092 2663 2183 ὁμόνοιαν
2701 2109 2799 2180 τὴν
2832 2108 2968 2180 πρὸς
2992 2108 3082 2162 τὸν
3113 2107 3353 2179 Πατέρα,
3380 2110 3428 2161 εἰ
3472 2107 3566 2161 καὶ
3591 2092 3866 2171 ταπεινῶς

2289 2204 2459 2257 λαλεῖ.
2502 2203 2567 2255 Ἦ
2598 2201 2655 2255 δὲ
2685 2199 2871 2271 ἐντολή
2911 2200 3081 2266 ἐστιν,
3125 2199 3418 2254 ἀποθανεῖν
3458 2200 3597 2271 ὑπὲρ
3632 2199 3728 2252 τοῦ
3769 2201 3864 2253 κό-

2292 2312 2452 2366 σμου.
2492 2292 2745 2363 Ἐντολῆς
2782 2291 2840 2345 δὲ
2869 2290 3021 2356 τάξει
3057 2290 3451 2362 παρειληφέναι
3484 2291 3657 2360 λέγων
3687 2290 3748 2344 τὸ
3777 2291 3866 2344 δό-

2290 2388 2387 2456 ξαν
2411 2386 2562 2457 παρὰ
2599 2384 2678 2456 τῷ
2703 2384 2877 2455 Πατρὶ
2915 2381 3083 2454 ὀρθῶς
3112 2381 3276 2453 ἔχειν,
3307 2383 3409 2435 οὐκ
3430 2383 3642 2435 ἐλαττοῖ
3674 2382 3867 2436 ἑαυτὸν

2288 2477 2383 2533 τοῦ
2429 2476 2664 2549 Πατρὸς,
2696 2473 2771 2529 ὣν
2803 2473 2960 2544 φύσει
2988 2473 3139 2539 Θεὸς,
3170 2472 3306 2526 ἀλλὰ
3331 2473 3392 2526 τὸ
3430 2474 3526 2544 μὲν
3556 2472 3767 2544 πρέπον
3798 2475 3867 2544 τῇ

2290 2570 2703 2643 ἐνανθρωπήσει
2749 2569 2929 2639 τηρεῖ.
2959 2566 3106 2637 Πλὴν
3129 2566 3537 2637 ὑπομιμνήσκει
3576 2566 3658 2619 ὅτι
3704 2565 3872 2628 αὐτός

2289 2664 2436 2733 εστιν
2461 2663 2489 2715 ὁ
2518 2661 2829 2733 προφήτης,
2870 2657 3001 2729 περὶ
3044 2649 3103 2711 οὗ
3136 2652 3288 2710 εἶπεν
3319 2658 3345 2710 ὁ
3375 2655 3585 2729 Πατὴρ,
3607 2657 3689 2710 ὅτι
3712 2676 3731 2708 ι
3760 2658 3872 2710 Δα-

2288 2753 2462 2824 λήσει,
2488 2751 2676 2806 καθότι
2709 2750 2774 2804 ἂν
2808 2748 3131 2817 ἐντείλωμεν
3173 2746 3319 2819 αὐτῷ
3346 2765 3360 2780 ⁸
3406 2766 3424 2800 ι
3464 2750 3562 2818 τὴν
3603 2748 3739 2820 πρὸς
3777 2748 3871 2802 τὸν

2289 2842 2424 2896 Θεὸν
2450 2842 2543 2895 καὶ
2565 2839 2785 2911 Πατέρα
2829 2839 3218 2902 κοινοϐουλὶαν,
3256 2839 3331 2903 ὼς
3370 2839 3588 2911 ἐντολὴν
3619 2837 3872 2910 δεδέχθαι

2289 2934 2485 2995 λέγων.
2518 2932 2696 3003 Ὅπερ
2734 2930 2888 2998 ἔλεγε
2921 2931 3059 3002 πρὸς
3102 2929 3392 2994 Ἰουδαίους
3415 2929 3552 3002 πρὸς
3581 2929 3641 2983 τὸ
3672 2930 3746 3001 μὴ
3777 2947 3870 2984 νο-

2295 3022 2472 3094 μίζειν
2498 3020 2661 3075 αὑτὸν
2722 3020 2873 3092 παρὰ
2917 3020 2986 3075 τὰ
3041 3019 3135 3073 τοῦ
3168 3020 3383 3091 Πατρὸς
3415 3019 3595 3075 λαλεῖν
3625 3020 3870 3089 προστά-

2292 3128 2499 3184 γματα.
2531 3112 2593 3166 Εἰ
2622 3112 2678 3165 δὲ
2720 3113 3005 3182 προφήτην
3056 3112 3307 3183 ὠνόμασε
3355 3112 3446 3165 τὸν
3486 3112 3615 3165 ἴδιον
3665 3111 3794 3165 Υιὸν
3838 3111 3875 3165 6

610 3197 1147 3256 consubstantialem
1176 3196 1498 3267 prophetam
1534 3197 1895 3268 appellaverit
1924 3216 1936 3252 :
1969 3197 2187 3268 quando

2290 3206 2482 3277 Πατὴρ
2519 3205 2608 3259 τὸν
2636 3204 2943 3276 ὁμοοὺσιον,
2978 3204 3052 3275 μὴ
3084 3203 3412 3275 θορυϐηθῇςο
3453 3204 3541 3258 ὅτε
3572 3203 3679 3272 γὰρ
3705 3202 3873 3273 γέγο-

610 3293 757 3347 enim
803 3289 984 3345 factus
1010 3294 1095 3344 est
1138 3287 1328 3353 homo,
1373 3294 1508 3342 tunc
1555 3288 1860 3358 quadrasse
1901 3289 2007 3358 ipsi
2056 3303 2187 3357 pro-

611 3385 790 3454 phetae
825 3396 1048 3445 nomen,
1077 3386 1212 3433 tunc
1250 3380 1502 3433 mandata
1543 3380 1593 3433 ei
1628 3394 1656 3433 a
1697 3378 1860 3435 Patre
1889 3379 2015 3434 data
2064 3393 2189 3434 esse

610 3474 972 3538 meonomicc,
1004 3473 1110 3526 hoc
1160 3478 1246 3526 est
1297 3479 1520 3526 servato
1564 3486 1751 3526 rerum
1793 3464 2008 3536 ordine,
2035 3470 2186 3526 dice-

612 3582 757 3622 mus.
802 3566 1128 3635 Quanquam
1190 3563 1284 3635 qui
1339 3562 1539 3633 accipit
1588 3562 1848 3618 mandata
1907 3578 2018 3617 non
2062 3576 2190 3632 pro-

612 3669 797 3729 pterea
831 3660 1011 3713 minor
1035 3665 1133 3712 aut
1162 3655 1449 3713 dissimilis
1478 3655 1660 3726 quoad
1694 3662 1951 3711 naturam
1978 3663 2033 3718 et
2060 3653 2191 3711 sub-

613 3751 868 3826 Stantiam
909 3748 1219 3814 mandanti,
1252 3747 1474 3819 quando
1505 3758 1559 3803 et
1581 3748 1834 3802 homines
1874 3746 2190 3802 hominibus

607 3844 828 3913 jubent,
874 3848 929 3896 et
961 3840 1141 3911 angeli
1168 3839 1402 3911 angelis,
1443 3854 1543 3895 nec
1589 3847 1814 3909 propter
1865 3837 1972 3893 hoc
2010 3848 2189 3894 tamen

612 3935 752 3989 alios
792 3940 991 3986 natura
1033 3930 1119 3985 vel
1167 3929 1465 3984 inferiores
1518 3929 1706 3999 iussos
1759 3927 2016 3983 dicimus.
2044 3925 2190 3998 Ergo

613 4038 795 4094 neque
840 4021 1004 4077 Patre
1030 4019 1202 4077 Filius
1237 4020 1489 4084 inferior,
1538 4020 1643 4076 etsi
1679 4018 1858 4075 factus
1885 4026 1972 4075 est
2002 4018 2186 4084 homo,

616 4124 676 4171 ut
704 4114 864 4171 nobis
892 4114 1072 4170 omnis
1105 4106 1330 4169 virtutis
1359 4112 1669 4181 exemplum
1704 4110 1858 4166 ﬁeret
1892 4130 1904 4164 :
1936 4124 2107 4181 quare
2136 4116 2191 4165 et

614 4210 719 4263 hoc
757 4208 913 4263 docet
960 4214 1214 4276 oportere
1262 4220 1365 4260 nos
1399 4205 1548 4259 dicto
1595 4203 1884 4258 audientes
1928 4216 2054 4258 esse
2090 4216 2189 4271 pa-

612 4301 888 4363 rentibus,
935 4299 1041 4355 etsi
1095 4313 1259 4369 pares
1313 4311 1503 4352 sumus
1544 4294 1848 4351 secundum
1909 4302 2186 4348 naturam.

536 4422 564 4433 ε
613 4391 931 4463 Aliquando
991 4406 1125 4447 vero
1173 4406 1203 4443 a
1237 4389 1402 4444 Patrc
1438 4388 1671 4453 dictum,
1704 4385 1989 4449 mandabo,
2020 4385 2191 4456 signi-

616 4487 742 4539 ficat
774 4483 1186 4550 convenienter,
1232 4482 1452 4545 faciam,
1486 4487 1547 4534 ut
1586 4495 1714 4533 cum
1764 4479 1900 4534 dicit
1933 4499 1946 4535 :
1984 4499 2001 4530 ι
2037 4479 2189 4533 Man-

2290 3313 2376 3350 vsv
2408 3295 2715 3367 ἄνθρωπος,
2739 3295 2860 3347 τότε
2895 3293 3173 3365 ἡρμόσθαι
3201 3294 3350 3365 αὐτῷ
3386 3295 3479 3347 καὶ
3516 3294 3576 3348 τὸ
3606 3293 3700 3348 τοῦ
3735 3311 3876 3365 προ-

2290 3387 2460 3456 φήτου
2501 3386 2703 3456 ὄνομα⁸
2732 3384 2854 3438 τότε
2908 3385 3003 3437 καὶ
3048 3382 3267 3446 ἐντολὰς
3316 3382 3463 3454 αὐτῷ
3493 3382 3733 3437 δεδόσθαι
3767 3400 3875 3451 φα-

2293 3478 2390 3549 μὲν
2414 3477 2563 3547 παρὰ
2595 3476 2687 3529 τοῦ
2726 3476 2936 3547 Πατρὸς
2983 3476 3362 3547 οἰκονομικῶς.
3406 3475 3549 3546 Πλὴν
3591 3479 3619 3528 ὁ
3656 3474 3874 3545 λαμσάο

2288 3586 2395 3622 νων
2436 3567 2673 3632 ἐντολὰς,
2700 3568 2760 3621 οὐ
2793 3567 2932 3621 κατὰ
2956 3567 3114 3622 τοῦτο
3142 3567 3379 3622 ἐλάττων
3411 3568 3444 3638 ἢ
3475 3567 3724 3637 ἀνόμοιός
3750 3567 3874 3621 ἐστι

2289 3656 2391 3726 τῆς
2420 3655 2513 3709 τοῦ
2540 3655 2919 3725 ἐντελλομένου
2961 3656 3150 3720 οὐσίας
3180 3656 3212 3728 ἢ
3254 3655 3491 3726 φύσεως,
3526 3656 3658 3709 ὅπου
3681 3672 3745 3724 γε
3776 3656 3875 3710 καὶ⁸

2290 3747 2566 3820 ἄνθρωποι
2597 3745 2904 3817 ἀνθρώποις
2940 3748 3298 3813 ἐντέλλονται,
3330 3749 3425 3801 καὶ
3451 3746 3672 3815 ἄγγελοι
3695 3745 3873 3817 ἀγγέ-

2289 3840 2423 3905 λοις,
2450 3841 2547 3895 καὶ
2579 3841 2640 3893 οὐ
2679 3839 2770 3893 διὰ
2805 3839 2965 3895 τοῦτο
3007 3841 3322 3912 ἑτεροφυεῖς
3353 3840 3386 3911 ἢ
3414 3839 3704 3903 ἐλάττονας
3742 3839 3875 3904 τοὺς

2291 3933 2751 4004 ἐπιταττομένους
2795 3931 3048 4003 λέγομεν.
3083 3932 3197 3987 Οὐκ
3229 3926 3324 3986 οὖν
3364 3930 3485 3985 οὔτε
3531 3930 3625 3985 τοῦ
3659 3931 3875 4003 Πατρὸς

2291 4027 2321 4079 ὁ
2348 4026 2473 4089 Υἱὸς
2506 4026 2760 4090 ἐλάττων,
2812 4026 2861 4079 εἰ
2893 4026 2986 4079 καὶ⁸
3016 4025 3239 4094 γέγονεν
3275 4023 3558 4096 ἄνθρωπος
3593 4025 3678 4078 ἵνα
3709 4023 3874 4093 γένη-

2290 4135 2380 4171 ται
2408 4117 2538 4186 ἡμῖν
2569 4115 2749 4185 πάσης
2775 4113 3138 4184 ὑπογραμμὸς
3174 4112 3394 4184 ἀρετῆς·
3428 4111 3506 4165 διὸ
3564 4113 3658 4166 καὶ
3711 4111 3874 4181 τοῦτο

2289 4208 2527 4263 διδάσκει
2575 4209 2658 4261 ὅτι
2694 4206 2801 4278 χρὴ
2835 4208 2948 4268 τοῖς
2986 4205 3236 4273 γονεῦσιν
3269 4203 3565 4258 ὑπακούειν
3609 4204 3775 4275 ἡμᾶς,
3821 4204 3872 4258 εἰ

2291 4298 2465 4353 καὶτὸ
2496 4297 2609 4351 ἴσον
2642 4296 2838 4368 ἔχομεν
2864 4296 3007 4350 κατὰ
3036 4296 3135 4365 τὴν
3162 4294 3343 4364 φύσιν.
3373 4293 3529 4347 Ἔστι
3559 4294 3614 4347 δὲ
3646 4295 3780 4347 ὅπου
3808 4294 3873 4346 τὸ

2293 4389 2444 4461 παρὰ
2479 4388 2573 4441 τοῦ
2621 4387 2833 4457 Πατρὸς
2859 4386 3171 4457 λεγόμενον,
3201 4386 3573 4455 ὲντελοῦμαι,
3616 4386 3765 4456 δηλοί
3786 4386 3872 4452 τὸ,

2294 4478 2571 4549 ἀραρότως
2615 4477 2846 4546 ποιήσω,
2903 4476 2981 4541 ὡς
3013 4477 3141 4530 ὅταν
3170 4476 3322 4548 εἴπῃ·
3354 4493 3373 4528 ι
3415 4475 3524 4529 Καὶ
3551 4475 3874 4547 ὲντελοῦμαι

613 4578 756 4631 dabo
801 4576 900 4630 toti
935 4575 1143 4629 mundo
1182 4573 1350 4638 mala,
1382 4581 1436 4626 et
1460 4571 1645 4641 impiis
1677 4579 1904 4641 peccata
1948 4586 2049 4626 sua
2079 4574 2120 4624 ³.
2165 4590 2183 4623 ι

2294 4572 2358 4640 τῇ
2385 4568 2676 4639 οἰκουμένῃ
2699 4569 2796 4640 ὅλῃ
2842 4568 3012 4634 κακά,
3047 4567 3144 4622 καὶ
3172 4570 3286 4632 τοῖς
3319 4568 3539 4622 ἀσεϐέσι
3559 4566 3660 4630 τὰς
3692 4569 3877 4639 ἀμαρ-

614 4668 858 4724 Tametsi
893 4674 947 4722 et
985 4679 1383 4734 nonnunquam
1437 4664 1682 4729 loquitur
1716 4661 1887 4718 Filius
1921 4678 2019 4733 per
2053 4678 2189 4717 con-

612 4761 1057 4823 descensionem,
1112 4765 1170 4811 ut
1222 4772 1323 4813 nos
1379 4753 1674 4809 ineffabilia
1716 4755 1966 4818 oracula,
2010 4755 2191 4828 quoad

612 4856 734 4925 ejus
788 4852 903 4911 fieri
958 4858 1158 4920 potest,
1214 4847 1587 4919 intelligamus
1642 4866 1655 4901 :
1711 4855 1764 4902 et
1825 4856 2010 4902 tamen
2062 4863 2189 4902 eum

615 4944 936 4999 mandatum
976 4939 1258 5009 accepisse
1292 4939 1476 4993 dicere
1531 4954 1639 4992 non
1692 4937 1832 4993 tollit
1868 4941 2034 4993 Deum
2068 4953 2191 4994 esse

617 5046 812 5093 natura
851 5033 1206 5088 exsistentem
1234 5028 1427 5085 Deum.
1457 5029 1556 5086 Vel
1596 5030 1765 5100 igitur
1794 5030 1884 5085 dic
1914 5030 2104 5093 Deum,
2134 5038 2191 5085 et

615 5125 857 5183 concede
890 5123 1094 5177 habere
1119 5121 1303 5175 omnia
1334 5137 1457 5192 quae
1485 5122 1677 5177 deitati
1711 5121 2070 5186 conveniunt,
2104 5122 2190 5176 vel

616 5221 707 5272 die
755 5218 936 5286 ipsum
978 5222 1290 5268 creaturam
1344 5214 1657 5270 manifesto.
1690 5212 1801 5269 Nec
1835 5218 1979 5269 cnim
2030 5229 2189 5269 acce-

618 5308 766 5377 pisse
806 5302 1119 5358 mandatum
1149 5303 1258 5357 ulla
1287 5304 1451 5376 662
1492 5314 1651 5373 parte
1686 5306 2021 5359 naturalium
2063 5321 2194 5375 per-

618 5408 882 5451 sonarum
910 5393 1145 5462 spoliat:
1181 5394 1628 5465 quandoquidem
1661 5411 2004 5465 quaecunque
2033 5394 2196 5450 Pater

617 5481 898 5539 mandavit
949 5482 1093 5537 Filio
1148 5485 1263 5538 haec
1315 5486 1593 5554 loquitur,
1639 5494 1693 5541 et
1742 5473 1820 5540 ait
1858 5505 1871 5541 :
1910 5504 1928 5537 ι
1974 5485 2087 5555 Ego
2139 5495 2194 5541 et

618 5573 780 5629 Pater
808 5589 977 5629 unum
1003 5590 1195 5629 sumus
1219 5575 1261 5640 ³,
1303 5594 1320 5626 ›
1366 5590 1596 5632 necesse
1631 5577 1729 5631 tibi
1769 5586 1856 5632 cst
1885 5578 2069 5632 dicere
2101 5578 2184 5632 vel

693 5754 708 5785 ⁸
739 5751 920 5808 Jerem
991 5767 1145 5816 xxix,
1188 5752 1280 5808 23.

2294 4659 2418 4723 τίσις
2448 4657 2649 4713 αὐτῶν.
2684 4677 2703 4710 ι
2750 4657 2896 4729 Πλὴν
2944 4659 3037 4713 καὶ
3090 4657 3573 4728 συγκαταϐατικῶς
3625 4657 3736 4710 ἔσθ’
3783 4660 3875 4712 ὅτε

2296 4751 2447 4807 λαλεί
2474 4752 2503 4804 ὁ
2528 4750 2674 4814 Υἱὸς,
2708 4749 2795 4804 διὰ
2832 4750 2891 4804 τὸ
2930 4752 3078 4822 ἡμᾶς
3111 4751 3323 4821 νοῆσαι,
3350 4749 3425 4815 ὡς
3469 4749 3583 4804 ἔστι
3625 4749 3874 4816 δυνατὸν,

2295 4845 2364 4897 τὰ
2397 4845 2612 4914 ἄρρητα
2639 4842 2793 4910 λόγια
2824 4838 2972 4913 ὅμως
3000 4843 3060 4894 οὐ
3101 4842 3162 4895 τὸ
3190 4844 3363 4895 εἰπεῖν
3395 4842 3478 4894 ὅτι
3510 4840 3729 4911 ἐντολὴν
3750 4841 3877 4895 Da.

2297 4934 2410 5000 6εν,
2433 4937 2575 4988 ποιεῖ
2605 4934 2679 5005 μὴ
2709 4929 2846 4987 εἶναι
2869 4932 3002 4986 Θεὸν
3027 4934 3118 4987 τὸν
3153 4932 3310 5003 φύσει
3340 4933 3467 4987 όντα
3494 4933 3645 4987 Θεόν.
3687 4934 3759 4987 Ἢ
3780 4931 3878 4989 οὖν

2297 5026 2421 5095 λέγε
2448 5025 2598 5090 Θεὸν,
2638 5025 2732 5078 καὶ
2762 5025 2903 5078 δίδου
2936 5025 3036 5078 ὅσα
3056 5026 3122 5095 τῇ
3154 5024 3369 5095 θεότητι
3398 5023 3626 5095 ἁρμόζει
3653 5023 3815 5095 ἔχειν,
3839 5024 3875 5097 ἢ

2295 5117 2420 5187 λέγε
2450 5118 2613 5171 αὐτὸν
2644 5117 2850 5187 κτίσμα
2876 5116 3145 5187 φανερῶς.
3177 5116 3252 5170 Οὐ
3281 5115 3389 5187 γὰρ
3419 5116 3480 5169 τὸ
3516 5114 3700 5169 λαϐεῖν
3720 5118 3889 5185 ἕντο-η

2296 5209 2415 5282 λὴν,
2444 5211 2641 5280 γυμνοῖ
2664 5207 2772 5262 τῶν
2796 5207 3040 5277 φυσικῶν
3068 5224 3172 5261 τινι
3197 5206 3524 5278 προσώπων·
3555 5207 3744 5279 ἐπειδὴ
3775 5209 3871 5261 ὅσα

2272 5292 2321 5357 ’ὁ
2343 5301 2532 5373 Πατὴρ
2560 5300 2864 5354 ἐνετείλατο
2893 5299 2970 5370 τῷ
2998 5298 3114 5369 Υἱῷ
3151 5298 3319 5352 ταῦτα
3346 5297 3516 5364 λαλεῖ,
3545 5299 3639 5352 και
3667 5316 3834 5369 φησιν
3860 5315 3874 5332 ν

2301 5414 2320 5447 ι
2361 5392 2505 5461 Ἐγὼ
2532 5393 2683 5446 καὶὸ
2709 5391 2899 5463 Πατὴρ
2938 5391 2995 5444 ἕν
3023 5391 3211 5460 ἐσμεν,
3256 5410 3273 5442 ι
3315 5391 3627 5460 ἠνάγκασεν
3673 5393 3875 5456 εἰπεῖν,

2298 5485 2422 5554 ἦτοι
2455 5485 2537 5537 ὅτι
2561 5481 2849 5552 ἀληθεύειν
2880 5483 2907 5533 ὁ
2929 5481 3118 5552 Πατὴρ
3146 5480 3449 5535 ἐνετείλατο
3473 5482 3549 5554 τῷ
3572 5481 3703 5553 rut»,
3728 5483 3761 5552 ἢ
3791 5483 3877 5536 ὅτι

2294 5572 2603 5646 ψεύδεσθαι.
2643 5573 2710 5625 "A
2738 5570 2845 5643 γάρ
2876 5571 3065 5626 ἐλαϐεν
3110 5562 3146 5626 ὁ⁸
3182 5572 3311 5637 Υἱὸς
3364 5573 3581 5635 ἐντολὴν
3614 5573 3868 5646 λαλῆσαι,

1360 5757 1379 5785 ³
1411 5750 1516 5810 lsa.
1549 5771 1668 5817 xm,
1698 5756 1783 5813 ll.
1860 5756 1880 5789 ³
1908 5753 2073 5811 Joan.
2104 5773 2155 5809 κ.
2196 5758 2287 5812 50.
