4010 6320
195 364 260 421 ΓΞ
968 352 1034 413 IN
1068 357 1402 416 JOANNEM.
1435 388 1500 400 -—
1554 358 1685 415 LIB.
1730 357 1818 415 VII
1879 359 1968 416 ET
2022 362 2139 418 VIII
2180 361 2623 418 FRAGMENTA.
3360 374 3424 427 η

194 477 358 533 λαλεῖο
395 493 414 526 ι
456 474 514 527 ’0
542 473 760 544 πέμψας
794 474 921 546 γάρ,
965 475 1116 545 φησὶ,
1146 475 1354 548 Πατὴρ,
1382 475 1599 546 ἐντολὴν
1625 475 1751 530 ἐδω-

1856 475 1997 546 quod
2017 492 2142 533 vera
2163 477 2314 548 loqui
2335 476 2498 532 Pater
2520 475 2800 532 mandavit
2818 474 2980 544 Filio,
3001 479 3084 535 vel
3109 481 3251 554 quod
3273 499 3428 541 men-

195 585 255 622 κε
280 566 332 620 τί
359 567 496 620 εῐπω
525 565 618 619 καὶ
647 567 698 619 τί
720 567 956 638 λαλήσω.
991 587 1010 620 ι
1053 569 1114 620 Et
1137 567 1191 620 δὲ
1223 567 1316 620 καὶ
1342 563 1492 620 εἶπεν
1521 568 1600 620 ὅτι
1637 586 1657 619 ι
1700 569 1760 621 '0

195 660 383 730 Πατήρ
401 676 500 727 μου
532 657 730 728 μείζων
763 657 863 730 μού
898 660 1065 723 ἐστιν,
1093 677 1112 710 ι
1145 659 1295 711 οὐδὲν
1324 658 1579 712 ἐναντίον.
1611 659 1756 711 Καθὸ

201 750 297 821 μὲν
317 751 421 820 γὰρ
448 750 607 818 φύσει
633 751 784 814 Θεὸς,
810 753 924 814 ἴσος
956 751 1032 820 τῷ
1059 753 1250 821 Πατρὶ,
1279 751 1412 804 καθὸ
1445 751 1499 804 δὲ
1535 751 1755 818 γέγονεν

198 838 478 908 ἄνθρωπος
513 840 608 892 καὶ
657 839 1016 893 ἐταπείνωσεν
1045 841 1253 906 ἐαυτὸν,
1285 841 1354 893 τὰ
1385 841 1658 910 πρέποντα
1692 842 1756 911 τῇ

197 931 572 1001 ἀνθρωπότητι
613 933 830 1003 ῥήματα
874 932 1025 985 λαλεῖ
1064 933 1439 1001 οἰκονομικῶς.
1471 934 1659 1002 Ὅμως
1697 932 1759 985 τὸ

195 1026 290 1091 τῆς
328 1022 546 1092 ἐντολῆς
591 1023 758 1092 ὄνομα
788 1023 984 1088 ἔξωθεν
1017 1023 1115 1093 τῆς
1145 1024 1332 1086 οὐσίας
1366 1024 1627 1093 ὑπάρχον,
1661 1023 1760 1076 οὐκ

195 1113 258 1164 ἂν
277 1113 492 1179 γένοιτο
514 1112 614 1181 τῆς
639 1113 828 1177 οὐσίας
849 1114 1122 1184 ἐγκλημαο
1155 1113 1215 1165 ού
1250 1114 1357 1185 γὰρ
1388 1115 1444 1166 ἐν
1477 1113 1555 1184 τῷ
1580 1114 1760 1167 ἐντέλ-

194 1201 380 1255 λεσθαι
415 1201 505 1254 τὸν
535 1204 770 1273 Πατέρα,
804 1204 863 1256 τὸ
895 1199 1031 1256 εἷναί
1058 1206 1172 1256 ἐστι
1201 1204 1276 1275 τῷ
1306 1204 1439 1274 Υίῷ,
1464 1205 1761 1258 οὐδὲτοῦτο

194 1293 403 1360 γένοιτό
432 1310 560 1346 ποτε
585 1296 683 1365 τῆς
717 1294 902 1357 οὐσίας
929 1297 1072 1362 ὅρος.
1114 1288 1234 1348 Οἷδε
1272 1295 1450 1348 τοίνυν
1481 1297 1508 1348 6
1543 1295 1665 1358 Υἱὸς
1685 1295 1761 1359 ὡς

195 1383 358 1454 βουλὴ
393 1384 486 1437 καὶ
519 1385 676 1452 σοφία
709 1383 802 1437 τοῦ
834 1384 1065 1455 Πατρὸς,
1101 1384 1161 1438 τὸ
1191 1385 1471 1456 ἀραρότως
1499 1385 1759 1455 κεκριμέ-

192 1491 282 1527 νον
309 1477 440 1546 παρ’
463 1475 650 1529 αὐτοῦ.
684 1477 744 1526 Εἰ
780 1475 834 1527 δέ
863 1475 937 1538 ὡς
977 1475 1192 1545 ἐντολὴν
1241 1475 1470 1545 δέχεται,
1513 1475 1586 1544 μὴ
1629 1474 1760 1527 θαυ-

196 1563 396 1633 μάσῃς·
451 1563 809 1633 ἀνθρωπίνοις
837 1563 946 1634 γάρ
975 1563 1152 1632 λόγοις
1198 1564 1266 1616 τά
1305 1564 1439 1634 ὑπὲρ
1471 1563 1626 1631 λόγον
1667 1581 1758 1634 ση-

196 1653 468 1722 μαίνεται,
507 1655 601 1706 καὶ
648 1655 716 1706 τά
753 1657 874 1717 ταῖς
923 1655 1216 1724 ἡμετέραις
1259 1654 1471 1726 ἄρρητα
1535 1657 1760 1724 φωναῖς,

1860 568 1977 622 tiri.
2002 568 2133 634 Quae
2161 569 2308 622 enim
2343 569 2396 622 in
2422 568 2696 624 mandatis
2724 569 2912 624 habuit
2943 569 3115 627 Filius
3149 581 3207 627 ut
3234 573 3424 646 loque-

1862 664 2038 723 retur,
2076 658 2321 726 loquitur
2355 675 2366 710 :
2408 675 2426 707 ι
2455 656 2558 723 Qui
2601 672 2686 712 me
2715 659 2859 712 enim
2887 660 3033 714 misit
3067 658 3426 726 Pater,man-

1863 747 2051 800 datum
2094 747 2244 802 dedit
2280 747 2410 815 quid
2453 747 2631 801 dicam
2675 754 2730 802 et
2770 749 2914 817 quod
2945 749 3140 818 loquar
3168 751 3207 805 ⁸.
3253 770 3273 803 ι
3307 752 3426 809 Etsi

1858 851 1989 891 vero
2024 836 2211 891 dixit:
2252 855 2270 887 ι
2317 835 2478 891 Pater
2515 851 2667 891 meus
2705 839 2883 907 major
2919 855 3004 894 me
3040 849 3122 894 est
3150 842 3194 903 ⁸,
3232 860 3250 892 ι
3291 843 3427 897 nihil

1859 934 1943 982 est
1997 928 2360 982 contrarium.
2393 926 2448 981 In
2497 935 2764 997 quantum
2823 930 2966 984 enim
3013 940 3208 985 natura
3260 931 3424 998 Deus,

1860 1019 2092 1088 aequalis
2145 1025 2229 1072 est
2265 1017 2416 1071 Patri
2455 1036 2466 1070 :
2512 1019 2563 1070 in
2615 1027 2880 1089 quantum
2927 1036 3057 1075 vero
3111 1022 3289 1079 factus
3343 1037 3429 1080 est

1861 1110 2045 1174 homo,
2090 1117 2144 1163 et
2193 1109 2500 1162 humiliavit
2553 1110 3015 1180 seipsumgverba
3068 1130 3189 1184 qua:
3235 1116 3429 1171 decent

1860 1199 2259 1254 humanitatem
2316 1201 2660 1256 (economice
2714 1202 2978 1270 loquitur.
3040 1203 3428 1261 Verumtamen

1860 1292 2103 1345 mandati
2133 1307 2502 1356 nomen,cum
2549 1304 2701 1348 extra
2746 1297 3041 1350 essentiam
3091 1297 3184 1362 sit,
3240 1300 3426 1352 nullo-

1861 1382 2025 1436 modo
2055 1383 2306 1437 essentia
2343 1382 2665 1451 praajudicat
2703 1404 2714 1438 :
2752 1402 2860 1439 non
2910 1387 3056 1441 enim
3099 1389 3154 1443 in
3189 1403 3254 1444 eo
3285 1390 3428 1460 quod

1861 1467 2022 1524 Pater
2053 1470 2296 1540 imperat
2327 1480 2410 1526 est
2463 1488 2585 1528 esse
2636 1471 2800 1536 Filio,
2849 1491 3028 1545 neque
3081 1478 3132 1530 id
3187 1495 3426 1547 unquam

1864 1558 2027 1612 fuerit
2057 1562 2312 1614 essentia:
2343 1561 2616 1617 terminus
2648 1570 2742 1616 aut
2780 1563 3042 1618 delinitio.
3073 1564 3230 1620 Novit
3262 1569 3428 1637 igitur

1862 1647 2034 1706 Filius
2062 1657 2342 1720 tanquam,
2363 1653 2651 1707 consilium
2676 1660 2730 1707 et
2759 1653 3026 1722 sapientia
3057 1655 3256 1723 Patris,
3284 1663 3428 1728 quod

191 1742 548 1813 κατεσπάσθη
604 1743 738 1813 πρὸς
787 1744 878 1796 τὸν
933 1743 1086 1811 λόγον
1138 1743 1229 1796 τὸν
1268 1746 1324 1796 ἐν
1356 1745 1506 1814 ἡμῖν,
1549 1744 1633 1796 ἵνα
1670 1744 1751 1796 καῚ

1865 1741 1932 1794 ab
1959 1755 2024 1795 eo
2051 1742 2444 1797 convenienter
2469 1742 2775 1812 iudicatum
2805 1753 2906 1800 est.
2934 1742 2990 1798 Si
3012 1760 3140 1801 vero
3171 1758 3427 1819 tanquam

189 1836 332 1887 νοεῖν
384 1834 709 1904 ἰσχύσωμεν.
741 1833 1120 1905 Αἰτιασώμεθα
1166 1834 1363 1897 τοίνυν,
1418 1834 1479 1886 οὐ
1529 1834 1624 1904 τὴν
1669 1834 1751 1887 τοί

1865 1832 2180 1885 mandatum
2214 1833 2439 1902 accipit,
2467 1849 2536 1889 ne
2571 1835 2830 1902 mireris;
2857 1835 3113 1890 humanis
3137 1816 3424 1895 enim—ser-

191 1925 516 1994 πράγματος
546 1927 797 1990 ἀτοπίαν,
831 1927 966 1979 ἀλλά
1000 1926 1098 1996 τὴν
1141 1925 1249 1978 τῶν
1304 1927 1562 1996 ῥημάτων
1602 1926 1760 1978 ἀσθέ-

189 2032 343 2068 νειαν
384 2015 445 2068 οὺ
490 2015 801 2086 δυναμένων
851 2016 1156 2085 ἐφικέσθαι,
1209 2015 1328 2068 καθ’
1373 2016 1432 2070 ὃν
1478 2016 1582 2070 ἔδει
1631 2016 1758 2086 τρόο

190 2121 314 2164 πον,
348 2107 445 2174 τῆς
475 2106 581 2158 τῶν
616 2107 954 2176 πραγμάτων
1011 2105 1295 2175 ποιότητος
1341 2105 1435 2158 καὶ
1494 2104 1755 2175 ἀκριδοῦς

189 2195 508 2264 ἑρμηνείας.

1867 1921 2122 1976 monibus
2151 1936 2272 1990 quae
2303 1937 2469 1992 supra
2505 1939 2817 1979 sermonem
2863 1933 2992 1979 sunt
3021 1926 3425 1995 signiﬁcantur,

1863 2018 1918 2066 et
1947 2027 2068 2080 quae
2097 2012 2304 2068 nostris
2337 2013 2562 2069 vocibus
2604 2013 2839 2083 exprimi
2881 2029 2990 2068 non
3030 2025 3264 2085 possunt
3293 2033 3427 2072 con-

1863 2108 2040 2156 tracta
2083 2113 2211 2157 sunt
2261 2102 2331 2157 ad
2367 2105 2633 2158 rationem
2675 2103 2946 2158 internam
2997 2119 3116 2174 quae
3162 2105 3215 2159 in
3266 2106 3426 2162 nobis

1860 2201 1964 2258 est,
1994 2203 2050 2247 ut
2086 2194 2328 2264 cogitare
2355 2195 2650 2251 valeamus.
2680 2194 2859 2260 Quare
2898 2195 3270 2251 incusabimus
3313 2212 3426 2251 non

188 2305 380 2344 rerum
415 2290 764 2344 insolentiam
795 2297 850 2345 et
890 2289 1309 2354 absurditatem,
1364 2290 1460 2345 sed
1500 2290 1798 2344 verborum
1836 2286 2232 2355 inﬁrmitatem,
2285 2304 2406 2359 qua:
2463 2303 2647 2344 rerum
2702 2290 3024 2360 qualitatem
3085 2300 3428 2344 accuratam-

183 2400 298 2454 que
333 2385 842 2454 interpretationem
879 2401 978 2456 pro
1013 2402 1200 2441 earum
1237 2387 1506 2457 dignitate
1537 2386 1758 2455 assequi
1795 2398 1903 2440 non
1945 2392 2198 2454 possunt.

262 2480 499 2545 Σχίσμα
526 2471 640 2532 οὖν
677 2477 861 2531 πάλιν
895 2479 1129 2548 ἐγένετο
1171 2479 1242 2532 ἐν
1266 2479 1388 2544 τοῖς
1431 2478 1751 2544 Ἰουδαίοις,

185 2565 287 2618 καὶ
317 2565 385 2618 τὰ
412 2566 558 2636 ἑξῆς.

263 2656 494 2709 Κάτεισι
567 2654 660 2710 τοῦ
738 2657 986 2728 Σωτῆρος
1039 2660 1068 2711 6
1136 2659 1291 2727 λόγος
1356 2659 1435 2720 είς
1495 2659 1590 2720 τὰς
1648 2657 1756 2710 τῶν

179 2749 554 2819 ἀκροωμένων
598 2748 838 2820 καρδίας,
874 2750 966 2802 καὶ
999 2748 1414 2820 τρυφερωτέρας
1446 2748 1546 2820 μὲν
1579 2747 1753 2818 εύρὼν

186 2839 558 2910 μεταπλάττει
593 2840 952 2910 παραχρῆμα,
990 2841 1086 2892 καὶ
1127 2839 1265 2910 πρὸς
1294 2838 1404 2902 ἕξιν
1441 2837 1756 2908 μεθίστησιν

181 2929 431 2998 ἀγαθήν·
490 2929 748 2999 σκληραῖς
799 2929 854 2981 δέ
891 2927 1198 2998 περιτυχὼν
1261 2929 1616 2982 ἀπανίσταται
1663 2932 1757 2983 καὶ

180 3018 442 3073 ἀπονεύει
471 3019 667 3089 τρόπον
693 3019 834 3072 τινά.
860 3016 1066 3071 Οὐκοῦν
1106 3022 1132 3072 6
1162 3019 1260 3088 μὲν
1295 3020 1508 3089 ἕτοιμόν
1537 3039 1652 3084 πως
1679 3024 1757 3086 εἰς

181 3109 605 3179 εὐγνωμοσύνην
632 3109 768 3180 ἔχων
792 3109 880 3163 τὸν
912 3109 1055 3173 νοῦν,
1083 3111 1179 3164 τὸν
1211 3114 1474 3184 σωτήριον
1501 3113 1752 3184 ἀσμένως

1934 2473 1999 2541 Χ,
2031 2475 2115 2529 I9.
2153 2475 2421 2530 Dissensio
2460 2477 2649 2530 iterum
2677 2476 2823 2544 facta
2844 2485 2922 2530 est
2953 2476 3088 2530 inter
3114 2475 3351 2531 Iudaeos.

1935 2649 2244 2706 Servatoris
2296 2666 2477 2706 sermo
2523 2652 2806 2707 descendit
2851 2655 2904 2707 in
2962 2654 3274 2710 auditorum
3329 2673 3425 2728 pe-

1865 2751 2038 2806 ctora,
2065 2756 2237 2812 eaque
2275 2752 2472 2796 nactus
2507 2743 2851 2811 aliquantum
2892 2744 3100 2810 mollia,
3135 2746 3426 2815 derepente

1865 2840 2040 2888 mutat
2072 2841 2126 2888 et
2173 2833 2241 2889 ad
2279 2833 2482 2889 bonum
2517 2833 2755 2890 traducit
2791 2833 3052 2890 'habitum
3099 2853 3112 2889 :
3144 2835 3424 2895 oﬁ‘endehs

1858 2939 1992 2978 vero
2037 2923 2196 2991 dura,
2251 2923 2656 2995 quodammodo
2716 2927 2924 2982 recedit
2959 2941 3022 2981 ac
3072 2929 3420 2985 retrofertur.

1857 3013 2030 3085 Igitur
2081 3017 2169 3070 cui
2253 3031 2409 3072 mens
2473 3017 2541 3072 ad
2605 3018 3038 3073 benevolentiam
3108 3032 3423 3092 comparata

1858 3107 2044 3174 fuerit,
2099 3108 2410 3165 Servatoris
2457 3124 2766 3166 sermonem
2823 3113 3000 3167 libens
3059 3115 3292 3186 excipit;
3327 3119 3421 3186 qui

182 3201 546 3270 παραδέξεται
572 3200 746 3268 λόγον,
778 3203 806 3252 6
826 3201 880 3252 δὲ
909 3199 981 3269 μὴ
1004 3201 1258 3265 τοιοῦτος,
1279 3199 1489 3255 οὐκέτι.⁴
1505 3202 1751 3256 Τοιοῦτόν

1856 3214 2014 3254 secus
2055 3215 2114 3255 se
2143 3200 2325 3265 habet,
2371 3217 2736 3273 nequaquam.
2769 3203 2958 3259 Simile
2995 3206 3252 3276 quiddam
3288 3225 3421 3263 usu-

181 3308 233 3343 τι
267 3291 469 3361 συνέϐη
494 3291 683 3344 παθεῖν
715 3293 838 3354 τοὺς
883 3291 1144 3344 Ἰουδαίων
1171 3291 1350 3354 λαούς.
1397 3291 1616 3363 Ἐπειδὴ
1647 3293 1754 3363 γὰρ

179 3382 292 3435 τῶν
315 3381 410 3434 τοῦ
442 3383 688 3452 Σωτῆρος
719 3381 1158 3451 κατηκροάσαντο
1187 3381 1379 3449 λόγων,
1410 3383 1756 3452 κατασχίζονο

180 3490 275 3528 ται
301 3473 440 3544 πρὸς
466 3473 749 3542 διχόνοιαν,
793 3474 885 3524 καὶ
925 3473 972 3524 οἱ
1027 3473 1124 3542 μὲν
1163 3471 1627 3543 αἰσθητικώτεροι,
1666 3471 1756 3542 ρέο

179 3583 381 3618 πουσιν
416 3565 516 3635 ἤδη
539 3565 674 3632 πρὸς
699 3563 970 3634 σωτηρίας
996 3563 1192 3633 ἀρχὴν*
1226 3565 1275 3615 οἱ
1309 3563 1364 3616 δέ
1390 3562 1632 3632 σκληροὶ,
1663 3579 1753 3614 νο-

183 3655 342 3709 σοῦσι
369 3658 647 3726 χειρόνως,
671 3655 814 3724 ἢπερ
843 3649 985 3723 εἶχον
1018 3655 1075 3705 ἐν
1109 3655 1274 3724 ἀρχῇ.
1301 3652 1751 3722 Καταπλήττεται

178 3746 237 3799 δέ
282 3745 476 3816 ὥσπερ
526 3746 554 3797 6
597 3744 881 3806 θεσπέσιος
915 3741 1305 3812 εύαγγελιστὴς
1342 3744 1391 3794 εί
1419 3742 1506 3795 διὰ
1533 3741 1753 3805 τούτους

179 3837 308 3897 τοὺς
337 3835 530 3903 λόγους
566 3834 760 3905 συνέϐη
792 3834 1076 3905 σχισθῆναι
1107 3834 1232 3896 τοὺς
1270 3832 1534 3886 Ἰουδαίων
1566 3832 1744 3894 λαούς.

189 3923 686 3994 Ἐμφαντικώτατα
715 3927 822 3994 γὰρ
842 3921 994 3994 οἶμαι
1025 3924 1201 3992 λέγειν
1231 3924 1391 3978 αὐτὸν
1427 3925 1486 3977 τὸ
1519 3923 1750 3994 σκληρὸν

175 4015 285 4067 τῶν
314 4015 727 4084 ἀπειθησάντων
754 4015 1124 4086 θαυμάζοντα,
1155 4017 1236 4070 ὅτι
1277 4017 1482 4087 σχίσμα
1536 4017 1750 4085 ἐγένετο

176 4105 264 4158 διὰ
298 4105 426 4169 τοὺς
451 4105 637 4172 λόγους
663 4105 880 4169 τούτους
901 4106 968 4158 δι’
989 4105 1098 4168 οὓς,
1123 4107 1304 4176 φησιν,
1337 4107 1598 4178 ἔδειψτοὺς
1622 4108 1748 4160 Ἰου-

175 4195 362 4259 δαίους
391 4195 632 4266 ἀκριϐῶς
663 4195 950 4264 πεισθῆναι
966 4196 1047 4247 ὃτι
1081 4196 1241 4258 αὐτός
1270 4197 1414 4248 ἐστιν
1444 4199 1471 4249 6
1493 4197 1743 4266 Χριστόςο

175 4286 434 4339 τοσοῦτον
449 4286 587 4356 ἦσαν
603 4287 651 4338 οἱ
678 4285 772 4339 τοῦ
791 4287 1041 4356 Σωτῆρος
1069 4285 1215 4352 λόγοι
1242 4284 1559 4355 θαυμαστοί.
1589 4287 1748 4340 Ἀλλά

179 4378 274 4430 καὶ
328 4377 536 4430 τούτων
585 4378 767 4440 αὐτοῖς
816 4377 1118 4448 εἰρημένων
1169 4371 1251 4440 οἷς
1295 4377 1441 4440 εἰκὸς
1487 4373 1556 4448 ἦν
1610 4377 1746 4448 πρὸς

1858 3291 2008 3345 venit
2058 3291 2372 3347 Iudaeorum
2403 3295 2644 3364 populis.
2687 3295 2983 3365 Postquam
3027 3298 3174 3351 enim
3224 3298 3422 3353 Serva-

1859 3383 1998 3437 toris
2044 3384 2211 3438 verba
2245 3385 2567 3448 audierunt,
2624 3386 2678 3439 in
2734 3396 2921 3456 partes
2975 3389 3131 3442 scissi
3186 3401 3336 3454 sunt,
3367 3401 3421 3444 et

1861 3472 2076 3540 quidem
2123 3473 2284 3541 paulo
2339 3475 2644 3529 teneriores
2691 3475 2805 3544 jam
2846 3475 2912 3528 ad
2953 3476 3168 3530 initium
3224 3480 3420 3534 salutis

1853 3569 2108 3632 vergunt,
2137 3563 2259 3617 duri
2282 3578 2412 3618 vero
2445 3565 2733 3634 plusquam
2770 3574 2929 3620 antea
2964 3576 3248 3637 mgrotant.
3275 3569 3422 3635 Quo-

1853 3653 2146 3708 dammodo
2174 3668 2307 3708 vero
2333 3655 2674 3724 obstupescit
2705 3655 2929 3712 divinus
2956 3659 3289 3728 evangelista
3324 3663 3416 3730 qui

1854 3742 2007 3798 ﬁeret
2054 3751 2114 3797 ut
2153 3749 2377 3813 pr0pter
2421 3743 2524 3797 hos
2557 3758 2840 3799 sermones
2879 3743 3052 3798 Judaei
3101 3747 3418 3802 scindereu-

1857 3842 1966 3890 tur.
2003 3833 2139 3888 Puto
2182 3833 2330 3889 enim
2360 3849 2486 3889 eum
2520 3836 2808 3889 mirantem
2842 3836 3096 3890 duritiem
3133 3837 3417 3892 rebellium

1860 3928 2195 3998 minimeque
2231 3928 2650 3998 obsequentium
2694 3929 2881 3984 dicere
2924 3929 3214 3984 admodum
3245 3932 3418 4001 signi-

1857 4015 2082 4072 ﬁcanter
2121 4017 2426 4073 scissuram
2459 4018 2660 4072 factam
2698 4033 2821 4074 esse
2858 4027 3080 4088 propter
3119 4020 3267 4089 ipsos
3297 4037 3414 4074 ser-

1855 4121 2070 4171 mones,
2109 4116 2330 4177 propter
2365 4123 2527 4178 quos,
2575 4109 2791 4178 inquit,
2838 4108 3043 4163 Judaeis
3095 4110 3418 4179 plenissime

1855 4210 2182 4266 persuasum
2214 4211 2337 4252 esse
2363 4197 2602 4266 oportuit
2624 4213 2747 4253 eum
2778 4213 2897 4253 esse
2922 4197 3222 4264 Christum,
3243 4215 3416 4268 usque

1854 4287 1992 4342 adeo
2025 4288 2332 4343 admirandi
2365 4299 2520 4344 erant
2551 4289 2856 4346 Servatoris
2881 4305 3180 4346 sermones.
3208 4291 3413 4346 Etcum

1853 4379 1968 4433 haec
1993 4381 2074 4434 eis
2093 4380 2240 4434 dicta
2273 4388 2482 4448 essent,
2503 4381 2704 4451 quibus
2734 4396 2830 4450 par
2859 4391 3004 4437 esset
3027 4382 3188 4453 663
3217 4397 3412 4454 quem-

177 4464 492 4518 εὐπείθειαν
519 4464 914 4536 σαγηνεύεσθαι
938 4465 1141 4517 καὶτὸν
1169 4465 1369 4537 σφόδρα
1391 4466 1745 4537 δυσθήρατον,

1856 4471 1980 4525 libet
2003 4470 2087 4525 vel
2125 4471 2364 4526 maxime
2402 4471 2525 4540 capi
2565 4469 2836 4525 diﬁicilem
2883 4472 2948 4525 ad
2974 4473 3300 4542 obsequium
3338 4473 3415 4528 ir-

181 4560 385 4626 σχίσμα
410 4558 633 4624 γέγονεν
666 4557 869 4619 αὐτοῖς.
916 4555 1317 4625 Ἀποθαυμάξει
1346 4559 1523 4612 τοίνυν
1547 4560 1743 4622 αὐτοὺς

175 4651 256 4710 εξς
281 4648 636 4717 ἀναίσχυντον
669 4647 952 4717 παρακοὴν
976 4647 1204 4711 ἀνοσίως
1249 4649 1737 4718 ἐκτετραμμένους.

173 4738 427 4808 Τοσούτῳ
459 4738 596 4808 γὰρ,
626 4734 798 4808 οἶμαι,
831 4738 1248 4809 κατηγορεῖσθαι
1281 4739 1494 4803 δίκαιοι,
1527 4740 1743 4810 ὅσῳπερ

172 4827 240 4879 ἂν
268 4828 496 4889 εἰκότως
523 4830 552 4881 6
576 4827 816 4899 περὶτοῦ
839 4830 1088 4899 Σωτῆρος
1109 4827 1263 4898 ήμῶν
1292 4828 1620 4899 θαυμάζοιτο
1651 4829 1740 4881 λό-

172 4934 286 4984 γος.
334 4917 394 4968 ’0
426 4917 523 4987 μὲν
550 4914 642 4970 οὖν
676 4918 853 4971 ἐλάλει
878 4918 1152 4988 θεοπρεπῆ
1190 4918 1282 4970 καὶ
1309 4918 1450 4988 ἅπερ
1471 4919 1743 4987 ὑπερανα-

172 5007 352 5062 6αίνει
383 5008 686 5078 ἄνθρωπον·
734 5010 767 5078 ὴ
819 5008 874 5060 δὲ
912 5007 1018 5062 τῶν
1065 5008 1206 5079 ὑπὲρ
1249 5007 1530 5077 ἄνθρωπον
1570 5009 1742 5077 λόγων

171 5098 499 5167 λαμπρότης
521 5099 613 5150 καὶ
641 5099 674 5167 ὴ
701 5097 1006 5168 θεοπρεπὴς
1028 5099 1325 5170 παρρησία,
1351 5099 1486 5167 πρὸς
1508 5097 1742 5168 ἄκρατον

178 5187 438 5240 ἀϐουλίαν
465 5187 708 5256 ἐξίστησι
731 5187 854 5250 τοὺς
879 5187 1124 5250 πολλούς.
1145 5188 1254 5240 Καὶ
1280 5187 1506 5255 ἐπείπερ
1530 5183 1597 5256 ἦν
1623 5186 1742 5249 ἔθος

171 5279 286 5339 τοῖς
336 5276 554 5348 ἀληθῶς
598 5277 1063 5347 δαιμονιζομένοις
1115 5279 1508 5349 προχειρότατα
1538 5279 1742 5347 δυσφη-

174 5371 314 5436 μεῖν,
346 5367 443 5420 ἆτε
495 5367 559 5436 δὴ
604 5367 983 5436 λελυττηκόσιν
1041 5369 1276 5431 εὐκόλως
1331 5370 1423 5422 καὶ
1476 5369 1741 5432 συνέσεως

168 5460 388 5527 ἀπάσης
422 5457 528 5522 ἔξω
568 5457 857 5527 κειμένοις,
897 5457 1063 5527 ᾤοντο
1093 5458 1149 5510 δὲ
1177 5459 1264 5511 τὸν
1291 5458 1494 5528 Κύριον
1518 5457 1739 5528 ἀνθρω-

170 5565 270 5599 πον
319 5544 457 5600 εἶναι
492 5547 668 5616 ψιλὸν,
696 5548 794 5599 οὐκ
827 5547 1149 5609 ἐννοοῦντες,
1185 5549 1264 5600 ὅτι
1297 5549 1426 5610 Θεὸς
1460 5545 1526 5618 ἧν
1553 5548 1730 5616 φύσει,

250 5714 443 5780 Ἷυίιη.
484 5741 580 5789 xu,
612 5727 702 5780 49.
778 5723 975 5779 ’Joau.
1009 5740 1117 5788 xw,
1148 5724 1238 5778 28.

1850 4562 2024 4628 retiri,
2054 4561 2292 4618 schisma
2321 4561 2523 4616 factum
2557 4571 2640 4616 est
2666 4562 2768 4616 eis.
2807 4561 3034 4617 Miratur
3059 4579 3188 4634 ergo
3221 4579 3316 4620 eos
3356 4565 3411 4621 in

1849 4657 1958 4702 tam
2015 4649 2388 4719 impudentem
2437 4649 2839 4704 contumaciam
2880 4651 3045 4721 impie
3090 4667 3407 4708 conversos.

1848 4737 2025 4792 Tanto
2069 4739 2243 4809 magis
2281 4738 2426 4793 enim
2475 4741 2724 4794 accusari
2759 4751 3054 4804 merentur,
3092 4753 3295 4811 quanto
3326 4743 3410 4795 vi—

1849 4827 2048 4883 delicet
2075 4827 2386 4884 Servatoris
2413 4835 2594 4884 sermo
2616 4830 2816 4898 majori
2846 4831 3189 4885 admirationi
3218 4829 3406 4884 fuerit.

1846 4918 1942 4973 Ille
1993 4920 2138 4973 enim
2184 4919 2297 4974 Deo
2353 4921 2512 4990 digna
2547 4928 2603 4975 et
2637 4920 2911 4975 hominem
2963 4919 3405 4976 transcendentia

1846 5009 2480 5078 loquebatur;splendor
2513 5023 2646 5062 vero
2674 5009 2962 5062 verborum
2991 5007 3213 5062 homine
3233 5009 3407 5063 subli-

1845 5099 2081 5152 miorum
2128 5107 2181 5153 et
2236 5101 2572 5156 conveniens
2613 5099 2722 5154 Deo
2756 5097 3015 5168 loquendi
3066 5097 3289 5155 libertas
3335 5100 3404 5152 ad

1843 5187 2195 5243 immodicam
2229 5193 2538 5246 vecordiam
2579 5199 2631 5246 et
2678 5191 3042 5246 temeritatem
3069 5191 3264 5258 vulgus
3297 5190 3402 5243 im-

1844 5281 2021 5350 pellit.
2054 5280 2120 5334 Et
2147 5283 2275 5350 quia
2316 5282 2488 5338 moris
2527 5292 2608 5336 est
2644 5283 2710 5337 iis
2741 5281 2832 5350 qui
2867 5281 3046 5350 reipsa
3075 5281 3402 5335 daemonium

1847 5372 2049 5428 habent
2076 5372 2408 5428 eﬁ'usissime
2437 5373 2787 5435 maledicere,
2813 5379 3003 5438 utpote
3035 5371 3129 5441 qui
3161 5369 3320 5426 facile
3348 5371 3402 5424 in

1845 5461 2049 5516 rabiem
2088 5470 2340 5533 agantur,
2385 5471 2440 5518 et
2471 5463 2537 5518 de
2567 5470 2712 5518 statu
2746 5461 2943 5516 mentis
2974 5463 3196 5517 omnino
3234 5461 3401 5516 emoti

1846 5552 1976 5618 sint,
2009 5555 2275 5621 putabant
2304 5553 2590 5609 Dominum
2621 5554 2894 5609 hominem
2921 5553 3229 5623 simplicem
3260 5565 3402 5613 esse,
