4010 6320
580 323 648 377 l5
1532 321 1617 376 ~S.
1659 320 1938 377 CYRILL‘I
1976 320 2448 379 ALEXANDRINI
2486 321 2806 381 ARCHIEP.
3738 329 3805 381 ω

579 435 722 490 haud
752 433 1251 491 animadvertentes
1278 448 1402 490 eum
1424 449 1548 492 esse
1566 444 1764 491 natura
1789 436 1976 502 Deum,
1997 437 2144 494 ideo-

2245 440 2333 494 διὰ
2356 440 2515 494 τοῦτο
2540 440 2617 504 ὡς
2636 440 2961 513 ἀκρατήτως
2989 440 3451 512 βλασφημοῦντες,
3474 442 3810 512 δαιμονῶντα

576 543 683 597 quc
713 527 779 580 ad
811 526 1171 581 contumelias
1200 524 1432 582 eﬂ‘renes
1467 527 1571 597 ipsi
1600 527 1849 584 daemone
1877 530 2142 598 agitatum

579 617 868 673 vocabant.
916 617 1227 671 Audiebant
1263 617 1408 672 enim
1442 618 1713 674 dicentem
1760 634 1823 674 ea
1875 634 1997 689 qua:
2047 619 2140 674 uni

584 708 691 761 Deo
737 705 920 761 dicere
971 706 1338 776 competebat,
1386 715 1646 776 tanquam
1701 723 1873 761 unum
1924 722 2057 763 vero
2109 721 2144 761 e

580 798 743 852 nobis
773 797 1038 863 videntes,
1065 806 1118 851 et
1169 797 1293 866 quis
1346 796 1651 853 secundum
1680 804 1955 851 naturam
2000 806 2146 852 esset

578 889 820 943 nondum
869 896 1288 959 cognoscentes,
1339 903 1464 943 cum
1519 888 1723 957 aliquid
1761 887 1868 943 Deo
1917 888 2142 958 dignum

577 980 809 1039 diceret.
838 979 1214 1049 blasphemias
1253 978 1777 1048 interpretabantur.
1801 977 1969 1053 Igitur
1998 993 2146 1035 teco-

578 1071 794 1124 nomice
840 1078 896 1125 et
936 1085 1119 1125 rerum
1163 1070 1358 1124 ordine
1408 1077 1633 1141 propter
1672 1069 2009 1124 audientium
2046 1069 2145 1123 im-

578 1157 926 1211 becillitatem
956 1171 1335 1226 saapenumero
1369 1157 1644 1214 submisse
1671 1164 1722 1211 et
1748 1157 1951 1212 usitato
1985 1157 2144 1214 nobis

579 1262 837 1303 sermone
879 1248 1144 1317 loquitur.
1175 1249 1320 1319 Ergo
1371 1247 1646 1303 scinditur
1692 1246 2006 1303 Judaeorum
2046 1262 2144 1317 po-

578 1339 764 1408 pulus,
799 1347 854 1394 et
911 1338 1005 1393 alii
1062 1338 1285 1408 quidem
1342 1354 1688 1410 nequaquam
1746 1339 2145 1411 perpendentes

578 1428 836 1498 mysteria
873 1429 1098 1497 qu:e_in
1148 1429 1237 1482 his
1286 1436 1470 1495 erant,
1531 1428 1701 1497 impie
1754 1428 2142 1484 contumeliosi

578 1520 847 1584 sunt;alii
879 1535 1009 1575 vero
1038 1519 1207 1574 animi
1235 1520 1425 1575 habitu
1452 1521 1849 1578 moderatiores
1867 1537 1976 1577 non
2010 1537 2146 1592 prai-

578 1626 809 1678 propere
839 1610 1230 1667 condemnant.
1260 1609 1620 1668 Revolventes
1671 1623 1851 1667 autem
1907 1614 2050 1683 apud
2086 1627 2147 1667 se

577 1703 698 1769 ejus
737 1702 900 1756 verba
930 1711 983 1757 et
1020 1710 1276 1759 accurate
1314 1703 1705 1773 expendentes,
1733 1718 1928 1758 eorum
1964 1703 2146 1759 suavi-

578 1802 750 1847 tatem
798 1792 1234 1859 subodorantur,
1285 1801 1340 1849 et
1392 1794 1468 1848 ita
1505 1794 1951 1864 probatissimum
1978 1793 2144 1865 judi-

576 1889 724 1939 cinm
780 1886 985 1951 ferunt,
1026 1894 1139 1941 tam
1192 1887 1407 1944 sobrias
1462 1887 1815 1957 coelestisque
1868 1887 2148 1956 sapientiae

576 1980 768 2049 plenas
798 1993 962 2033 voces
993 1978 1198 2033 levitati
1241 1978 1552 2033 daemonum
1583 1978 1814 2032 minime
1842 1978 2149 2032 attribuen-

578 2079 679 2123 tes.
724 2067 821 2122 Est
859 2068 1003 2123 enim
1034 2069 1206 2123 moris
1241 2068 1350 2122 illis
1385 2068 1530 2122 inter
1559 2068 1943 2123 insaniendum
1982 2068 2148 2122 inter-

574 2157 819 2213 cidentia
868 2165 923 2211 et
970 2157 1266 2212 titubantia
1317 2158 1487 2228 lo‘qui.
1527 2157 1698 2228 Igitur
1745 2158 1852 2228 ipsi
1886 2156 2148 2213 Pharisaei

578 2249 801 2320 magisa
828 2248 1074 2304 daemone
1100 2250 1458 2316 vexabantur,
1488 2250 1652 2304 talem
1685 2250 2025 2319 appellantes
2052 2250 2147 2319 qui

576 2343 645 2396 ab
676 2356 739 2397 ea
772 2341 1189 2413 perturbatione
1223 2340 1483 2395 imnnmis
1523 2348 1608 2396 est
1635 2341 1700 2406 ",
1731 2354 1833 2395 nec
1864 2339 2054 2395 vident
2088 2354 2149 2395 se

576 2436 802 2489 insitum
843 2433 1254 2498 sibimorbum
1311 2433 1598 2503 evulgare,
1646 2431 1892 2502 adeoque
1939 2433 2143 2486 malum

574 2538 685 2593 quo
758 2521 1151 2577 conflictantur
1200 2534 1313 2590 prae
1387 2520 1663 2589 imperitia
1738 2530 1793 2575 et
1845 2521 2147 2576 stoliditate

576 2615 754 2684 palam
789 2612 994 2668 facere.
1022 2610 1089 2664 Et
1128 2626 1249 2665 meo
1292 2610 1513 2679 quidem
1541 2609 1754 2678 judicio
1783 2625 1996 2666 summa
2032 2627 2149 2665 ma-

576 2705 692 2758 litia
723 2703 921 2758 dicunt
952 2701 1242 2755 Dominum
1272 2700 1475 2755 habere
1503 2698 1853 2755 daemonium.
1887 2699 2146 2768 Quando-

575 2793 796 2865 quidem
830 2792 979 2848 cnim
1007 2798 1274 2861 tamquam
1296 2798 1564 2859 pastores
1604 2790 1896 2847 incusabat
1928 2792 2150 2847 timidos

420 2880 425 2884 ’
480 2952 485 2957 η
575 2894 629 2941 et
650 2883 1047 2947 mercenarios,
1071 2883 1274 2953 quippe
1306 2883 1397 2950 qui
1434 2882 1814 2952 relinquerent
1837 2897 1965 2940 oves
1994 2885 2145 2954 lupo,

574 2989 881 3046 parumque
921 2973 1212 3028 admodum
1245 2972 1312 3028 de
1344 2988 1507 3043 grege
1547 2973 1768 3028 solliciti
1800 2981 2006 3040 essent,
2038 2991 2144 3029 non

576 3066 932 3122 mediocriter
960 3064 1321 3128 consternati,
1345 3065 1613 3134 veritique
1637 3079 1707 3118 ne
1738 3064 1923 3135 populi
1958 3066 2148 3136 utique

2244 532 2492 588 ἐκάλουν.
2532 532 2769 585 Ἤκουον
2803 532 2911 603 γὰρ
2936 533 3186 601 λέγοντος
3215 532 3355 604 ἅπερ
3383 534 3449 588 ἂν
3484 534 3686 605 πρέποι
3718 534 3811 603 μό-

2247 640 2321 693 νῳ
2341 622 2516 691 λέγειν
2537 621 2615 692 τῷ
2632 622 2750 692 Θεῷ
2766 641 2779 654 ο
2807 622 2882 686 ὡς
2906 624 3000 678 ἕνα
3024 624 3081 677 δὲ
3106 624 3213 678 τῶν
3242 625 3364 677 καθ’
3388 626 3535 695 ἡμᾶς
3558 624 3809 694 ὁρῶντες,

2243 714 2339 766 καὶ
2372 713 2456 777 τίς
2485 714 2600 767 ἐστι
2626 713 2767 767 κατά
2805 712 2966 781 φύσιν
2997 713 3152 768 ούπω
3183 715 3562 783 γινώσκοντες,
3607 714 3808 783 δυσφη-

2248 807 2368 874 μεῖν
2402 805 2651 876 ὲνόμιζον
2688 806 2777 860 ὅτε
2804 822 2857 858 τι
2890 804 3037 873 λέγει
3071 804 3391 876 θεοπρεπὲς.
3431 805 3639 859 Οὐκοῦν
3667 806 3813 858 οἰκο-

2244 896 2489 967 νομικῶς
2515 896 2604 950 διὰ
2630 894 2727 968 τὴν
2751 895 2860 950 τῶν
2885 897 3251 968 ἀκροωμένων
3276 897 3554 951 ἀσθένειαν
3588 894 3814 966 ὑφειμέ-

2244 1003 2350 1049 νως
2403 986 2663 1050 πολλάκις
2712 986 2807 1040 καὶ
2850 986 2928 1057 τῷ
2976 987 3098 1041 καθ’
3144 988 3294 1057 ἡμᾶς
3337 987 3601 1057 κέχρηται
3649 986 3810 1057 λόγῳ.

2246 1073 2649 1146 Κατασχίζεται
2694 1075 2876 1128 τοίνυν
2906 1075 3013 1129 τῶν
3055 1075 3324 1130 Ἰουδαίων
3360 1078 3390 1129 6
3416 1077 3606 1146 δῆμος,
3635 1077 3730 1130 καὶ
3763 1079 3812 1130 οί

2248 1167 2370 1235 μὲν,
2398 1166 2547 1219 οὐδὲν
2581 1167 2932 1232 ἐννοήσαντες
2971 1166 3107 1229 ὅλως
3132 1165 3240 1219 τῶν
3270 1167 3357 1218 ἐπ’
3391 1166 3573 1230 αὐτοῖς
3605 1184 3813 1239 μυστη-

2249 1255 2401 1325 ρίων,
2433 1253 2659 1317 ἀνοσίως
2686 1253 3017 1325 ὑϐρίζουσιν,
3037 1257 3085 1309 οἱ
3107 1254 3163 1308 δὲ
3178 1255 3275 1323 τὴν
3291 1254 3403 1320 ἕξιν
3420 1255 3813 1330 ἐπιεικέστεροι

2246 1341 2554 1413 προχείρως
2577 1344 2637 1395 οὐ
2664 1343 3102 1414 κατακρίνουσιν.
3121 1341 3570 1413 Ἀναμασώμενοι
3598 1344 3657 1397 δὲ
3684 1344 3812 1409 τοὺς

2246 1432 2377 1503 παρ’
2401 1431 2565 1486 αὐτοῦ
2605 1432 2795 1501 λόγους
2815 1434 2912 1486 καὶ
2944 1432 3084 1501 μετά
3105 1433 3388 1504 ἀκριϐείας
3410 1433 3811 1503 βασανίζοντες,

2245 1526 2344 1596 τῆς
2372 1528 2430 1580 ἐν
2462 1527 2642 1590 αὐτοῖς
2673 1526 3005 1597 γλυκύτητος
3042 1525 3478 1590 ὑπαισθάνονται,
3510 1527 3814 1597 δοκιμωτά-

2245 1634 2345 1688 την
2390 1635 2450 1671 τε
2487 1615 2629 1672 οὔτω
2670 1617 2948 1671 ποιοῦνται
2976 1617 3072 1687 τὴν
3101 1617 3392 1689 διάκρισιν,
3416 1620 3688 1688 νήφοντας
3718 1619 3814 1673 καὶ

2247 1707 2516 1770 συνέσεως
2556 1708 2655 1774 τῆς
2680 1707 2960 1778 ἀνωτάτης
3002 1708 3270 1778 γέμοντας
3311 1709 3520 1778 λόγους,
3560 1712 3678 1775 ταῖς
3706 1710 3812 1764 τῶν

2179 1798 2219 1853 Β
2246 1798 2539 1868 δαιμονίων
2568 1798 2854 1870 ἐλαφρίαις
2874 1798 2935 1852 ού
2964 1797 3330 1870 χαριζόμενοι.
3362 1800 3521 1863 Ἔθος
3541 1799 3650 1870 γάρ
3666 1799 3812 1854 ἐκεί-

2248 1907 2354 1943 νων
2376 1891 2441 1942 ἐν
2467 1889 2544 1960 τῷ
2576 1889 2932 1960 παραπαίειν,
2962 1889 3024 1942 τὸ
3078 1889 3462 1961 παρεμπίπτον
3508 1889 3707 1943 λαλεῖν.
3748 1891 3811 1943 Οί

2247 1975 2341 2033 οὖν
2373 1981 2650 2051 Φαρισαῖοι
2683 1980 2884 2050 μᾶλλον
2905 1974 3042 2051 ἦσαν
3069 1981 3119 2033 ei.
3146 1980 3526 2051 δαιμονῶντες,
3562 1980 3612 2034 oi
3632 1979 3812 2034 τοιοῦ-

2247 2086 2337 2122 τον
2381 2071 2672 2133 καλοῦντες
2712 2071 2802 2125 τὸν
2840 2071 3047 2136 παντὸς
3092 2071 3376 2143 ἐλεύθερον
3424 2073 3649 2139 πάθους,
3715 2072 3812 2126 καὶ

2247 2158 2532 2230 λελήθασιν
2554 2162 2779 2225 ἑαυτοὺς
2810 2161 2908 2232 τὴν
2934 2163 3155 2217 ἐνοῦσαν
3184 2163 3367 2226 αὐτοῖς
3397 2162 3813 2233 ἐξαγορεύοντες

2247 2250 2402 2302 νόσον
2447 2251 2542 2303 καὶ
2594 2251 2651 2304 τὸ
2703 2252 2921 2322 συνέχον
2964 2253 3161 2317 αὐτοὺς
3191 2251 3356 2306 κακὸν
3391 2252 3452 2317 ἐξ
3476 2252 3698 2321 ἀγνοίας
3726 2252 3814 2319 ἐξ·

2245 2340 2495 2411 ηγεῖσθαι
2531 2341 2592 2394 οὐ
2633 2342 3071 2413 παραιτούμενοι.
3100 2339 3265 2412 Οῐμαι
3290 2342 3346 2396 δὲ
3374 2341 3547 2411 ἔγωγε
3575 2360 3814 2415 κακουρ-

2246 2430 2488 2498 γοτάτως
2512 2431 2715 2502 σφόδρα
2743 2431 2923 2500 λέγειν
2943 2431 3157 2497 αὐτοὺς,
3181 2432 3263 2485 ὅτι
3285 2432 3512 2502 δαιμονᾷ
3533 2433 3561 2484 6
3585 2422 3812 2505 Κύριος.

2259 2521 2476 2592 Ἐπειδὴ
2523 2521 2632 2592 γὰρ
2679 2521 2755 2585 ὡς
2800 2523 3059 2593 ποιμένας
3103 2525 3397 2595 κατῃτιᾶτο
3447 2522 3656 2586 δειλοὺς
3718 2525 3814 2578 καὶ⁵

2243 2610 2577 2680 μισθωτοὺς,
2602 2611 2676 2675 ὡς
2725 2612 2950 2676 ἀνέντας
2980 2613 3058 2683 τῷ
3090 2613 3238 2685 λύκῳ
3282 2615 3353 2669 τά
3400 2614 3671 2684 πρόϐατα,
3717 2616 3814 2670 καὶ

2246 2700 2402 2769 ὀλίγα
2430 2702 2709 2766 παντελῶς
2758 2703 2855 2774 τῆς
2909 2705 3109 2775 ἀγέλης
3163 2706 3573 2782 φροντίσαντας,
3617 2709 3677 2761 ού
3708 2726 3814 2779 με·

2246 2793 2414 2862 τρίως
2430 2793 2901 2863 καταπτοούμενοι
2944 2795 3018 2865 μὴ
3042 2795 3150 2865 ἀρα
3182 2795 3451 2859 συνιέντες
3479 2798 3530 2849 οἱ
3555 2798 3719 2869 δῆμοι
3751 2799 3815 2854 τὺ

2246 2882 2554 2954 εἰρημένον,
2576 2884 3033 2953 νπαραιτήσωνται
3065 2885 3164 2955 μὲν
3189 2886 3288 2956 ἤδη
3321 2888 3382 2940 τὸ
3403 2888 3495 2942 ὑπ’
3517 2888 3701 2953 αὐτοῖς
3730 2889 3813 2944 ἔτι

2248 2972 2647 3042 ποιμαίνεσθαι,
2678 2973 3066 3045 προσδράμωσι
3086 2975 3144 3028 δὲ
3170 2979 3235 3047 τῇ
3265 2978 3367 3030 ὑπὸ
3393 2977 3612 3050 Χριστῷ
3637 2981 3815 3053 μαθη-

2247 3063 2386 3134 τείᾳ,
2410 3063 2495 3117 διὰ
2525 3063 2680 3116 τοῦτο
2708 3063 2798 3116 τὸν
2829 3063 2954 3118 νοῦν
2976 3065 3083 3118 τῶν
3112 3066 3383 3134 ἀγελαίων
3405 3069 3810 3137 φενακίζοντες,

576 3156 944 3227 intelligenles
993 3156 1141 3226 quod
1180 3155 1388 3210 dictum
1441 3164 1577 3221 erat,
1629 3155 1892 3227 deinceps
1939 3158 2008 3212 ab
2062 3158 2144 3212 eis

2247 3151 2399 3222 φασί·
2442 3169 2462 3204 ι
2500 3152 2782 3223 Δαιμόνιον
2839 3152 2971 3224 ἔχει,
3032 3155 3085 3208 τί
3120 3156 3285 3209 αὐτοῦ
3327 3157 3585 3225 ἀκούετε;
3633 3177 3653 3209 ι
3700 3160 3815 3213 Καὶ

576 3249 731 3319 pasci
760 3249 1170 3310 detrectarent,
1216 3256 1271 3302 et
1323 3248 1378 3301 in
1418 3247 1768 3317 disciplinam
1827 3246 2035 3303 Christi
2086 3263 2145 3303 se

577 3343 808 3395 darent:
841 3348 1131 3409 propterea
1185 3339 1386 3395 animis
1430 3338 1805 3409 gregariorum
1858 3338 2142 3392 hominum

577 3433 765 3486 fucum
814 3430 1078 3485 facientes
1124 3430 1325 3485 aiunt:
1361 3447 1380 3481 ι
1420 3427 1757 3484 Daemonium
1801 3429 1984 3495 habet,
2012 3428 2141 3498 quid

577 3524 730 3579 illum
756 3523 958 3578 auditis
977 3522 1116 3576 "‘1':
1150 3521 1305 3588 Quod
1325 3535 1563 3590 cumper
1579 3533 1847 3575 summam
1877 3520 2139 3573 malitiam

576 3615 848 3681 dicerent,
874 3613 1168 3669 consilium
1205 3622 1386 3668 tamen
1420 3612 1530 3668 illis
1569 3612 1623 3666 in
1654 3611 1991 3667 contrarium
2021 3624 2141 3665 ces-

578 3707 649 3760 sit
682 3724 695 3759 :
724 3712 779 3760 et
812 3705 902 3759 alii
924 3703 1088 3776 664
1119 3703 1336 3774 quidem
1362 3710 1646 3774 perspecta
1678 3703 1969 3757 verborum
2005 3714 2139 3771 qua-

581 3791 725 3846 litate
757 3806 817 3845 ea
853 3801 1004 3847 recte
1050 3792 1323 3861 judicant,
1345 3805 1447 3846 nec
1479 3791 1607 3845 talia
1634 3790 1828 3843 cadere
1875 3790 1930 3842 in
1959 3788 2136 3842 homi-

575 3896 701 3934 nem
741 3896 769 3934 a
815 3881 1062 3935 daemone
1107 3895 1422 3950 possessum
1458 3897 1472 3934 :
1516 3886 1697 3931 tamen
1743 3874 2135 3929 miraculorum

575 3970 889 4026 ellectiones
928 3971 1385 4041 inexpugnabile
1441 3965 1815 4024 testimonium
1874 3963 2141 4033 praebent,

576 4059 671 4113 ait.
723 4060 836 4116 Etsi
867 4040 1011 4116 enim
1050 4040 1325 4117 accusatis
1360 4061 1523 4114 verba
1560 4066 1616 4111 ut
1652 4071 1757 4110 non
1802 4064 1947 4110 recte
1973 4054 2138 4118 dicta,

576 4161 817 4207 attamen
874 4153 989 4208 fieri
1044 4169 1157 4209 non
1209 4160 1389 4223 potest
1445 4159 1506 4204 ut
1556 4148 1681 4219 quis
1743 4144 2035 4201 identidem
2087 4154 2142 4200 et

2245 3241 2418 3295 ταῦτα
2456 3242 2678 3295 ἐκείνων
2732 3242 2819 3296 διὰ
2870 3245 3208 3314 κακουργίαν
3265 3246 3548 3316 λεγόντων,
3607 3248 3690 3310 είς
3748 3246 3815 3301 τὸ

2244 3333 2483 3385 ἐναντίον
2513 3332 2695 3395 αὐτοῖς
2728 3333 2899 3406 ἐπέϐη
2948 3335 3008 3389 τὸ
3043 3337 3287 3407 σκέμμα,
3313 3337 3462 3392 ἄλλοι
3494 3337 3552 3391 δὲ
3574 3338 3682 3391 ἀπὸ
3713 3338 3813 3409 μὲν

2243 3422 2342 3491 τῆς
2368 3421 2474 3475 τῶν
2504 3423 2676 3492 λόγων
2704 3425 3005 3495 ποιότητος,
3023 3426 3214 3496 ὀρθοὺς
3236 3424 3376 3483 εἶναι
3405 3429 3648 3500 κρίνουσι
3682 3429 3814 3495 τοὺς

2244 3512 2337 3565 τοῦ
2369 3514 2577 3584 Κυρίου
2613 3515 2826 3584 λόγους,
2855 3517 2932 3580 ὡς
2962 3518 3063 3572 ούκ
3083 3518 3254 3596 ὄντων
3280 3520 3386 3574 τῶν
3405 3519 3665 3579 τοιούτων
3690 3520 3809 3574 δαι-

2242 3606 2622 3678 μονιζομένουο
2654 3608 2804 3678 ὅμως
2826 3612 2881 3663 ai
2902 3609 3357 3682 θαυματουργίαι,
3387 3612 3572 3682 φησιν,
3597 3613 3811 3682 ἄμαχον

2244 3697 2427 3767 ἔχουσι
2456 3698 2783 3769 μαρτυρίαν.
2810 3700 2874 3753 Εἰ
2901 3700 3008 3770 γάρ
3028 3703 3127 3756 καὶ
3153 3703 3260 3756 τῶν
3289 3703 3461 3772 λόγων
3492 3702 3567 3766 ὡς
3587 3704 3687 3756 οὐκ
3713 3704 3809 3776 ὀρ-

2244 3786 2352 3849 θῶς
2408 3787 2720 3858 λεγομένων
2787 3794 3164 3862 κατηγορεῖτε,
3230 3793 3344 3847 ἀλλ’
3406 3792 3684 3863 ἀμήχανον
3748 3794 3811 3847 ἐν

2242 3876 2425 3947 ταυτῷ
2481 3896 2599 3933 τινα
2647 3880 2742 3934 καὶ
2792 3879 3065 3951 δαιμόνιον
3125 3882 3289 3954 ἔχειν,
3335 3883 3559 3938 κάκεῖνα
3612 3886 3806 3938 ποιεῖν.

2257 3967 2387 4020 Ἀπὸ
2446 3963 2540 4022 οὖν
2594 3970 2703 4024 τῶν
2757 3973 2988 4042 καρπῶν,
3048 3975 3097 4027 οί
3154 3975 3318 4029 αῐσιοι
3381 3975 3565 4047 κριταὶ
3620 3974 3810 4044 ἐπεγί-

2242 4073 2448 4114 νωσκον
2480 4061 2662 4127 αὐτὸν,
2693 4062 2830 4133 μετὰ
2859 4063 2952 4117 καὶ
2984 4065 3075 4118 τοῦ
3105 4066 3401 4137 θαυμάζειν
3431 4067 3524 4120 τὸν
3551 4069 3680 4138 παρ’
3708 4067 3811 4121 αύ-

2242 4147 2336 4201 τοῦ
2372 4148 2547 4218 λόγον’.

574 4243 905 4300 daemonium
937 4246 1135 4301 habeat
1164 4253 1218 4301 et
1246 4245 1341 4299 illa
1376 4242 1562 4297 faciat.
1622 4240 1668 4291 A
1710 4237 1982 4293 fructibus
2010 4236 2181 4308 igitur
2216 4240 2355 4310 aequi
2386 4241 2603 4311 judices
2642 4247 3047 4320 cognoscebant
3089 4264 3232 4315 eum,
3298 4248 3462 4305 simul
3504 4256 3561 4304 et
3595 4261 3802 4304 sermo-

575 4355 700 4397 nem
734 4339 857 4408 ejus
888 4338 1328 4393 admirabantur.

642 4430 817 4495 X32.
847 4430 1016 4485 Facta
1042 4440 1165 4486 sunt
1191 4439 1364 4484 autem
1387 4424 1639 4480 Encamia
1659 4423 2135 4495 inHierosolymis,

2311 4425 2574 4494 Ἐγένετο
2593 4427 2661 4482 δὲ
2688 4429 2762 4483 τὰ
2783 4428 3085 4499 Ἐγκαίνια
3100 4428 3172 4484 ἐν
3196 4430 3319 4496 τοῖς
3346 4429 3806 4501 Ἱεροσολύμοις,

571 4534 619 4580 et
654 4524 817 4580 hiems
848 4533 982 4579 erat.

645 4616 912 4671 Intererat
940 4622 1125 4669 autem
1154 4609 1310 4666 festis
1339 4605 1629 4671 Dominus,
1660 4619 1772 4659 non
1815 4612 1872 4659 ut
1903 4620 1966 4660 ea
2007 4619 2133 4662 cum

2241 4515 2339 4572 καί
2370 4515 2588 4585 χειμὼν
2607 4513 2703 4587 ἦν.
3288 4545 3294 4549 ·

2314 4607 2504 4676 Παρῆν
2520 4608 2596 4677 (1)
2621 4608 2678 4660 δὲ
2698 4609 2757 4662 ἐν
2776 4612 2896 4673 ταῖς
2914 4610 3127 4681 ἑορταῖς
3145 4612 3173 4665 6
3197 4610 3420 4681 Κύριος,
3452 4611 3548 4680 οὐχ
3574 4611 3650 4674 ὼς
3678 4629 3809 4667 συν-

570 4705 778 4762 Judaeis
803 4705 1139 4767 celebraret;
1170 4699 1265 4768 qui
1296 4696 1351 4752 id
1380 4695 1528 4751 enim
1558 4694 1675 4749 fieri
1710 4702 1922 4764 poterat
1962 4697 2031 4752 ab
2069 4713 2134 4753 eo

2244 4698 2535 4767 εορτάσωνο
2552 4698 2667 4762 πῶς
2687 4699 2825 4768 γάρ;
2847 4699 2874 4751 6
2897 4698 3411 4771 εἰπὼν,Μεμίσηκα,
3432 4698 3692 4770 ἀπῶσμαι
3707 4702 3809 4765 τὰς

572 4792 1037 4866 quidixerat,0di
1059 4800 1117 4846 et
1145 4801 1346 4858 respuo
1366 4784 1503 4840 festa
1521 4785 1848 4841 vestra?sed
1886 4794 1945 4840 ut
1976 4787 2135 4844 utiles

2244 4789 2433 4860 ἑορτὰς
2460 4788 2612 4859 ὑμῶν
2641 4808 2655 4821 ’
2682 4790 2796 4844 ἀλλ’
2829 4790 2917 4844 ἵνα
2946 4792 3071 4856 τοὺς
3098 4792 3396 4861 ἐπωφελεῖς
3425 4791 3588 4845 αὐτοῦ
3615 4792 3809 4862 λόγους

572 4901 706 4942 suos
740 4897 1027 4941 sermones
1057 4892 1243 4933 coram
1283 4875 1487 4945 populo
1530 4874 1703 4929 multo
1753 4875 1983 4942 diceret,
2015 4893 2132 4934 ma-

2244 4882 2332 4935 ἐπὶ
2348 4881 2616 4952 παρουσίᾳ
2644 4880 2850 4935 πολλῶν
2882 4881 3028 4953 εῐπῃ,
3077 4883 3290 4953 ἐμφανῆ
3320 4882 3508 4935 ἑαυτὸν
3529 4886 3808 4955 καταστή-

570 4976 831 5030 nifestum
864 4988 926 5028 se
958 4969 1161 5025 Judazis
1195 4966 1420 5029 sistens,
1460 4972 1513 5019 et
1549 4981 1863 5036 quanquam
1900 4984 2007 5023 non
2042 4984 2130 5024 re-

2244 4988 2335 5034 σας
2358 4974 2474 5035 τοῖς
2508 4971 2803 5035 Ἰουδαίοις,
2827 4972 2923 5025 καὶ
2942 4954 3230 5041 ἀζητήτως
3258 4973 3440 5035 αὐτοῖς
3472 4973 3666 5026 ἑαυτὸν
3698 4954 3803 5029 κα-

570 5067 808 5137 quisitus
858 5077 917 5116 se
955 5059 1064 5112 illis
1120 5055 1456 5110 admiscens.
1511 5053 1892 5111 Enczeniorum
1948 5067 2130 5113 autem

2244 5060 2488 5130 ταμίξας.
2554 5060 2833 5128 Ἐγκαίνια
2881 5059 2938 5113 δέ
2983 5061 3189 5130 οἰητέον
3240 5059 3488 5124 ἐνταῦθα,
3533 5061 3650 5130 ἦτοι
3704 5064 3809 5133 τὴν

569 5155 792 5210 nomine
841 5150 931 5203 hic
981 5153 1064 5201 est
1121 5144 1538 5215 intelligendum
1572 5146 1656 5201 vel
1705 5147 1943 5217 primum
1996 5147 2133 5202 illud

2244 5147 2458 5218 πρώτην
2509 5148 2719 5218 ἑορτὴν,
2778 5147 2899 5201 καθ’
2948 5149 3069 5219 ἢνὸ
3115 5147 3363 5219 Σολομὼν
3404 5148 3690 5203 ἐπετέλεσε
3739 5152 3810 5205 τὰ

568 5244 767 5299 festum
804 5251 913 5307 quo
965 5233 1228 5288 Salomon
1270 5247 1475 5287 novum
1526 5235 1787 5304 templum
1821 5234 2124 5300 dedicavit;

2245 5238 2525 5305 Ἐγκαίνια
2549 5254 2562 5267 ·
2596 5237 2628 5307 ἢ
2656 5237 2743 5290 ὅτε
2768 5238 2796 5289 6
2818 5236 3119 5306 Ζοροϐάϐελ
3149 5236 3369 5299 ὕστερον
3398 5237 3493 5289 σὺν
3514 5236 3593 5307 τῷ
3623 5240 3806 5310 Ἰησοῦ

566 5335 651 5390 vel
686 5330 819 5385 illud
870 5325 1247 5390 Zorobabelis,
1283 5326 1377 5395 qui
1417 5326 1610 5381 deinde
1652 5341 1775 5382 cum
1815 5324 1968 5390 Jesu,
2008 5337 2131 5396 post

2244 5329 2377 5397 μετά
2394 5325 2492 5398 τὴν
2518 5328 2582 5379 ἐκ
2611 5324 2927 5388 Βαϐυλῶνος
2968 5324 3241 5389 ἐπάνοδον,
3284 5323 3374 5377 τὸν
3414 5324 3541 5378 ναὸν
3601 5327 3804 5399 ᾠκοδό.

567 5421 807 5477 reditum
826 5433 856 5474 e
871 5417 1167 5488 Babylone,
1185 5417 1449 5485 templum
1475 5415 1618 5472 idem
1635 5416 2128 5478 restauravit.Cum

2244 5434 2433 5490 μησεν.
2460 5415 2743 5487 Χειμῶνος
2764 5414 2822 5470 δὲ
2851 5416 2944 5470 καὶ
2981 5413 3136 5468 ὑετοῦ
3164 5414 3313 5479 ὄντος
3355 5417 3682 5488 τηνικαῦτα,
3723 5422 3807 5476 εί-

632 5553 674 5583 ⁸⁹
703 5549 862 5607 Joan.
889 5566 1008 5614 vm,
1036 5550 1125 5605 48.
1202 5551 1267 5581 ⁵“
1295 5548 1430 5603 ibid.

633 5686 709 5756 (l)
747 5688 950 5759 Παρῆν
975 5730 986 5743 .
1016 5728 1028 5743 .
1055 5729 1068 5743 .
1092 5726 1104 5741 .
1134 5689 1353 5757 ,λόγους
1381 5703 1443 5742 ex
1476 5695 1664 5743 eatena
1705 5687 1962 5743 Vaticana
1986 5728 2000 5753 ,
2031 5686 2127 5743 fol.

2244 5687 2292 5754 θ,
2331 5702 2416 5758 ap.
2457 5688 2557 5743 Mai
2578 5688 2718 5745 Bibl.
2747 5689 2881 5745 Nov.
2916 5681 3052 5756 PR,
3077 5688 3162 5757 ΙΙΙ,
3194 5691 3316 5753 154.
