4010 6320
208 349 268 410 ῃ
955 340 1025 396 1N
1063 337 1481 397 JOANNEM.—
1516 336 1646 391 LIB.
1674 333 1764 388 vn
1804 334 1894 389 ET
1934 335 2044 391 \‘lll
2076 336 2494 394 FRAGMENTA
3350 346 3419 406 is

207 469 360 521 κότως
387 458 628 516 ἅπαντες
654 453 748 508 επὶ
775 453 873 525 τὴν
891 452 1052 508 στοὰν
1076 452 1314 523 ἔτρεχον.
1341 452 1432 505 Διὸ
1450 451 1544 504 καὶ
1568 452 1596 503 6
1622 451 1753 519 Χρι-

1873 448 2042 507 aiems
2072 458 2221 507 esset
2251 460 2305 506 et
2339 460 2471 507 tunc
2499 454 2734 522 plueret,
2755 458 2962 523 cuncti,
2986 465 3046 511 nt
3069 471 3165 527 par
3190 465 3329 521 erat,
3352 459 3415 511 ad

209 552 316 614 στὺς
343 549 458 601 ἐκεῖ
483 542 668 618 ἦλθεν,
688 544 774 598 ἶνα
793 544 926 597 πᾶσι
956 543 1193 613 γνωρίσῃ
1228 543 1415 596 ἑαυτὸν
1434 543 1543 601 τοῖς
1573 539 1754 593 θέλου-

208 645 283 705 σιν
311 638 465 693 αὐτὸν
498 636 648 702 ίδεῖν,
679 633 774 688 καὶ
798 631 1011 704 μεταδῷ
1032 633 1215 696 αὐτοῖς
1234 629 1517 700 ὠφελείας.
1554 629 1616 683 Οἱ
1648 628 1756 700 γὰρ

208 734 421 806 ὁρῶντες
436 728 710 798 ἠκονῶντο
738 726 873 797 πρὸς
904 725 965 777 ea
986 724 1194 795 ἐρωτᾷν
1216 740 1268 776 τι
1296 722 1454 776 αὐτόν
1486 737 1500 753 ο
1536 722 1618 775 ὅτι
1665 721 1757 773 καὶ

213 825 392 898 μᾶλλον
416 825 474 877 ὲν
503 825 622 887 ταῖς
652 820 870 891 άργίαις
891 816 1195 885 πεφύκασιν
1236 815 1285 868 οί
1318 813 1603 883 ἄνθρωποι
1634 812 1759 874 τοὺς

208 914 464 976 τοιούτους
480 909 751 982 ἐπιμελῶς
778 907 1050 962 ἀνακινεῖν
1082 904 1290 972 λόγους.

281 1087 669 1143 Ἐκύκλωσαν
707 1075 818 1136 οὖν
866 1076 1053 1133 αὑτὸν
1103 1078 1157 1131 οι
1215 1075 1506 1140 Ἰουδαῖοι,
1555 1075 1648 1131 καὶ
1692 1072 1761 1125 τά

86 1162 97 1172 ’
208 1179 345 1249 ἑξῆς.

272 1271 623 1343 Παραιτεῖται
685 1269 783 1338 μὲν
838 1266 1034 1329 αὐτοὺς
1086 1262 1151 1316 τδ
1191 1262 1271 1325 είς
1305 1259 1486 1313 πίστιν
1517 1257 1610 1324 ὀξὺ
1647 1256 1761 1326 δρι-

212 1363 424 1434 μύσσων
455 1360 727 1431 δ’φθόνοςο
762 1354 1158 1420 ἐκϐιάζεται-δὲ
1196 1352 1333 1424 πρὸς
1359 1352 1506 1421 ἡμᾶς
1540 1349 1599 1402 τὺ
1630 1348 1762 1401 θαῦ-

211 1469 283 1522 μα
335 1450 444 1503 τῶν
495 1446 832 1518 τελουμένων
879 1445 941 1499 τὸ
987 1442 1236 1514 μέγεθος.
1283 1438 1668 1493 Ὕπαιτιῶνταί
1698 1452 1762 1504 γε

213 1544 312 1613 μὴν
340 1541 431 1594 τὸν
468 1540 648 1607 λόγον,
693 1537 788 1591 καὶ
820 1535 885 1590 τὸ
926 1535 1025 1604 τῆς
1054 1530 1402 1594 διδασκαλίας
1440 1528 1762 1601 περιεσταλ-

210 1634 381 1702 μίνον,
437 1628 693 1700 ἐμπόδιον
754 1626 935 1687 αὐτοῖς
985 1618 1126 1676 εἷναί
1194 1636 1331 1690 φασι
1378 1617 1475 1673 τοῦ
1527 1618 1763 1671 συνιέναι

204 1720 454 1777 δύνασθαι
487 1718 666 1782 καλῶς
699 1710 844 1786 ἅπερ
872 1714 978 1768 εδει
1008 1713 1223 1784 μαθεῖν.
1270 1709 1504 1777 ’Δξιοῦσι
1545 1723 1765 1777 τοιγαρο

1858 542 2133 608 porticum
2196 542 2564 598 conﬂuebant.
2621 544 2798 613 Quare
2863 546 3232 621 et‘Christus
3290 548 3416 601 illnc

1856 631 2029 697 venit,
2067 639 2127 687 ut
2172 646 2234 687 se
2278 634 2499 689 cunctis
2534 635 2619 690 sui
2662 635 2882 691 videndi
2933 638 3198 692 studiosis
3230 645 3416 692 osten-

1859 722 2032 790 deret,
2055 733 2109 779 et
2136 723 2426 779 utilitatem
2454 725 2699 794 aliquam
2729 727 3121 796 impertiretur.
3144 726 3276 781 Nam
3301 727 3419 781 viso

1859 829 1945 879 eo,
1971 815 2038 870 ad
2093 814 2546 884 interrogandum
2580 817 2648 871 de
2698 832 2756 872 re
2800 818 2984 887 aliqua
3031 817 3415 873 acuebantur:

1860 904 2038 960 solent
2080 906 2227 961 enim
2265 906 2536 972 homines,
2584 923 2710 963 cum
2760 907 3053 973 feriantur,
3104 906 3419 979 hujusmodi

1860 1010 2142 1051 sermones
2178 997 2415 1052 libenter
2449 1013 2813 1055 commovere.

1932 1084 1997 1152 Χ,
2024 1085 2116 1143 24.
2147 1082 2615 1144 Circunidederunt
2641 1090 2802 1160 igitur
2829 1105 2946 1144 eum
2979 1087 3177 1157 Judaei,
3206 1095 3312 1145 etc.

1932 1277 2239 1346 Quominus
2271 1280 2337 1335 ad
2373 1281 2533 1337 [idem
2563 1281 2934 1351 pelliciantur,
2965 1280 3191 1353 impedit
3214 1294 3310 1337 eos
3340 1280 3423 1335 vis

1861 1370 2146 1425 aestuantis
2193 1370 2430 1436 invidiae,
2479 1372 2577 1428 sed
2633 1372 2736 1426 alia
2792 1381 2948 1442 parte
2987 1371 3159 1425 trahit
3199 1385 3423 1440 operum

1861 1460 2190 1516 miraculum
2243 1470 2297 1517 et
2334 1463 2672 1533 magnitudo.
2708 1462 3020 1519 caueantur
3052 1462 3271 1532 quidem
3307 1476 3426 1515 ser-

1863 1565 2081 1607 monem
2114 1562 2169 1608 et
2201 1553 2463 1609 doctrinae
2487 1561 2826 1610 contractam
2857 1555 3272 1618 obscuritatem,
3307 1566 3427 1621 quae

1865 1641 2259 1712 impedimento
2299 1645 2372 1700 sit
2419 1659 2489 1700 ne
2528 1652 2677 1700 recte
2712 1643 3015 1714 intelligere
3057 1643 3271 1715 possint
3306 1658 3429 1710 quae

1866 1730 2132 1787 discenda
2168 1742 2315 1789 sunt.
2356 1732 2555 1789 Petunt
2602 1735 2770 1805 igitur
2798 1742 2858 1788 ut
2906 1734 3167 1805 loquatur
3205 1733 3428 1789 eviden-

203 1810 293 1865 οὖν
340 1810 513 1862 εἰπεῖν
574 1806 749 1862 αὐτὸν.
790 1803 1213 1875 ίιναργέστερον,
1270 1801 1448 1855 καίτοι
1506 1797 1763 1860 πολλάκις

1873 1822 2001 1888 tius,
2030 1822 2265 1880 tametsi
2295 1841 2438 1895 saepe
2471 1825 2747 1882 audierint
2792 1827 2927 1883 satis
2959 1826 3232 1897 prolixam
3267 1827 3335 1881 de
3363 1840 3430 1881 eo

204 1901 600 1971 ἀκροασάμενοι
680 1898 777 1951 ιιια)⁸
836 1895 1052 1967 μακρὰν
1112 1895 1204 1948 επὶ
1266 1892 1441 1962 τούτῳ
1511 1889 1768 1951 λασόντες

204 1992 477 2060 ἐξήγησιν·
506 1988 570 2040 Εἰ
604 1986 712 2057 γὰρ
757 1986 850 2039 καὶ
892 1985 967 2056 μὴ
992 1984 1110 2056 ⁵ἔφη
1145 1981 1353 2053 σαφῶς
1397 1980 1540 2050 Ἑγώ
1575 1982 1691 2050 είμι
1736 1983 1764 2034 ὁ

202 2078 458 2149 Χριστὸς,
510 2077 648 2132 ἀλλὰ
722 2075 832 2130 τῶν
893 2077 1177 2147 προσεῖναι
1242 2073 1565 2144 πεφυκότων
1616 2073 1765 2144 αὐτῷ

203 2171 546 2240 ἀξιωμάτων,
576 2168 747 2221 πολλὰ
769 2167 1015 2239 παρῆγεν
1047 2167 1128 2228 είς
1160 2164 1342 2236 μέσον,
1385 2164 1516 2218 ποτὲ
1555 2164 1653 2234 μὲν
1681 2164 1768 2216 λέ-

202 2279 328 2330 γων’
356 2280 375 2314 ι
411 2259 553 2329 Ἐγώ
580 2261 695 2327 είμι
731 2260 766 2330 ἡ
794 2258 1090 2321 ἀνάστασις
1117 2257 1210 2310 καὶ
1238 2258 1271 2327 ἠ
1300 2256 1436 2326 (mir
1487 2255 1627 2323 Ἐγώ
1650 2258 1765 2326 είμι

203 2355 235 2424 ἡ
263 2353 397 2416 όδόςο
444 2351 590 2420 Ἐγώ
605 2353 720 2421 ειμι
745 2353 779 2421 ἡ
806 2349 963 2420 θύρα·
1004 2348 1144 2417 Ἐγώ
1171 2349 1288 2419 είμι
1318 2349 1347 2401 6
1382 2346 1581 2419 ποιμὴν
1610 2350 1639 2401 6
1669 2364 1765 2401 κα-

201 2445 306 2508 λός·
341 2463 360 2495 ι
396 2436 567 2507 ἐξηῶν
598 2441 706 2512 γὰρ
741 2440 912 2495 ταῦτα
962 2439 1152 2493 ἑαυτὸν
1203 2436 1476 2507 ὀνομάζει,
1513 2438 1767 2508 σημαίνει

200 2536 279 2588 ὅτι
320 2536 350 2587 6
396 2534 633 2604 Χριστός
662 2532 799 2585 ἐστι.
828 2531 952 2592 Τοῖς
986 2531 1097 2599 γὰρ
1128 2528 1389 2592 τοιούτοις
1442 2527 1766 2597 ἀξιώμασιν,

201 2626 389 2679 εἴωθεν
423 2627 461 2695 ἡ
489 2625 679 2695 Γραφὴ
710 2620 1006 2691 στεφανοῦν
1040 2621 1132 2674 τὸν
1162 2620 1419 2690 Χριστόν·
1448 2622 1498 2673 εί
1529 2620 1622 2674 καὶ
1651 2620 1769 2673 λευ-

201 2716 310 2779 atii;
340 2714 502 2768 τοῦτο
532 2713 694 2769 αὑτὸν
721 2713 962 2783 ἀπῄτουν
1004 2712 1061 2764 οι
1090 2710 1336 2764 Ἰουδαῖοι
1369 2711 1565 2774 εἰπεῖν,
1596 2709 1771 2772 ἄλλως

199 2825 257 2860 τε
297 2808 443 2877 τάχα
497 2822 610 2868 πως
666 2805 761 2857 καὶ
814 2804 874 2856 ού
915 2802 1118 2871 σφόδρα
1162 2801 1566 2873 εὐπαράδεκτον
1608 2800 1670 2854 τὸ
1711 2801 1769 2854 ὲν

198 2898 396 2962 ἁπλαῖς
425 2897 609 2965 λέγειν
638 2893 1048 2964 φωναῖςνἙγώ
1102 2894 1218 2963 είμι
1274 2896 1304 2947 6
1358 2893 1616 2964 Χριστὸς,
1668 2892 1767 2963 οὐχ

198 2991 482 3061 ἑπομένων
511 2990 591 3050 είς
616 2986 889 3050 ἀπόδειξιν
926 2986 1033 3040 τῶν
1076 2984 1437 3056 πραγμάτων,
1485 2985 1553 3037 δι’
1585 2978 1661 3038 ὧν
1702 2983 1769 3037 ἂν

1865 1913 2286 1983 expositionem.
2350 1913 2467 1971 Etsi
2526 1915 2672 1970 enim
2742 1930 2853 1970 non
2909 1914 3139 1971 dixisset
3208 1923 3428 1985 aperte,

1871 2002 1983 2072 Ego
2051 2019 2171 2059 sum
2215 2003 2504 2070 Christus,
2547 2014 2785 2061 attamen
2840 2006 3011 2061 multa
3077 2006 3133 2061 in
3192 2005 3430 2061 medium

1871 2094 2098 2149 adduxit
2147 2103 2313 2150 tanta:
2367 2097 2703 2168 dignationis
2767 2097 3028 2168 adjuncta
3113 2106 3167 2153 et
3234 2112 3434 2168 praero-

1869 2185 2121 2255 gativas,
2174 2186 2469 2242 identidem
2526 2189 2754 2254 dicens,
2811 2208 2829 2240 ι
2896 2187 3007 2259 Ego
3074 2203 3196 2243 sum
3244 2203 3435 2243 resur-

1868 2276 2043 2331 rectio
2066 2287 2121 2332 et
2148 2277 2263 2331 vita
2283 2278 2387 2341 5‘“,
2417 2276 2531 2347 Ego
2565 2293 2686 2333 sum
2718 2278 2802 2333 via
2821 2278 2863 2344 ⁸,
2895 2277 3009 2348 Ego
3032 2292 3154 2332 sum
3196 2277 3365 2346 janua
3388 2276 3433 2339 ⁷,

1871 2364 1983 2435 Ego
2016 2379 2135 2420 sum
2174 2374 2366 2435 pastor
2398 2365 2580 2421 bonus
2605 2365 2629 2398 ⁸
2661 2383 2674 2419 :
2716 2385 2734 2418 ι
2771 2381 2838 2421 ex
2871 2379 2937 2420 eo
2973 2366 3119 2420 enim
3154 2363 3300 2434 quod
3332 2363 3436 2419 sibi

1868 2457 1999 2510 talia
2036 2457 2310 2521 attribuit,
2341 2456 2621 2527 significat
2671 2472 2732 2512 se
2781 2456 3064 2527 Christum
3100 2470 3245 2512 esse.
3277 2452 3437 2523 Ejus-

1868 2547 2017 2601 modi
2059 2548 2206 2603 enim
2242 2547 2564 2602 honorificis
2601 2546 3061 2618 appellationibus
3110 2546 3251 2603 solet
3285 2543 3436 2598 Scri-

1871 2646 2033 2712 ptura
2085 2639 2350 2693 decorare
2394 2638 2699 2702 Christum,
2741 2645 2810 2692 et-
2837 2651 3148 2707 quanquam
3187 2636 3437 2707 postula-

1868 2726 2003 2780 bant
2053 2725 2228 2781 Judaei
2277 2734 2338 2780 ut
2384 2726 2624 2781 dilucide
2681 2727 3020 2796 loqueretur,
3078 2741 3190 2779 non
3258 2733 3439 2779 tamen

1872 2830 2266 2885 usquequaque
2326 2814 2488 2870 tidem
2520 2814 2683 2870 facile
2751 2814 2993 2880 fecisset,
3025 2815 3256 2871 dicendo
3306 2814 3440 2869 sim-

1873 2905 2107 2975 plicibus
2152 2904 2401 2969 vocibus,
2432 2903 2546 2975 Ego
2595 2920 2716 2960 sum
2749 2904 3028 2967 Christus,
3057 2903 3163 2959 nisi
3207 2904 3274 2958 ad
3315 2919 3442 2973 pro-

1873 2996 2150 3052 bationem
2207 3010 2378 3065 opera
2448 3004 2847 3065 sequerentur,
2900 2994 3104 3063 quibus
3160 3007 3260 3064 par
3323 3002 3441 3046 erat

201 3083 427 3144 είκότως
460 3078 756 3148 ἐπιστεύθη
794 3078 869 3142 ὡς
904 3077 1067 3141 αὐτὸς
1108 3078 1192 3148 εἴη
1227 3078 1256 3130 6
1288 3077 1541 3147 Χριστός.
1578 3078 1770 3146 Ἀσυγο

1874 3084 2026 3139 credi
2060 3099 2185 3140 eum
2213 3099 2340 3155 esse
2367 3083 2671 3139 Christum.
2690 3082 2759 3139 Et
2790 3085 3012 3155 quidem
3041 3091 3196 3137 extra
3222 3097 3440 3137 onmem

128 3199 133 3203 ·
195 3173 402 3243 κρίτως
433 3172 493 3225 δὲ
519 3173 766 3241 κρεῖττον
811 3169 886 3240 μὴ
940 3171 998 3235 eg
1028 3162 1103 3222 ὧν
1128 3169 1288 3233 αὐτὸς
1328 3168 1480 3237 ἔλεγε
1508 3168 1771 3239 γνωρίζε⁹

200 3262 324 3316 σθαι
355 3261 546 3326 αὑτὸν,
586 3262 669 3314 ὅτι
697 3261 860 3321 αὐτός
891 3263 1037 3313 ἐστιν
1073 3261 1102 3312 6
1132 3258 1388 3329 Χριστός,
1423 3258 1539 3311 ἀλλ’
1572 3260 1637 3312 ὲκ
1664 3258 1773 3312 τῶν

198 3356 489 3425 προσεῖναι
539 3351 862 3420 πεφυκότων
916 3350 1138 3420 μᾶλλον,
1168 3351 1266 3404 καὶ
1308 3349 1367 3415 ἐξ
1419 3340 1495 3403 ὧν
1541 3349 1597 3401 αἱ
1633 3347 1773 3401 θεῖαι

197 3447 334 3518 περὲ
354 3444 529 3499 αὐτοῦ
547 3442 931 3516 χρησμῳδοῦσι
948 3442 1197 3513 Γραφαὶ,
1212 3441 1324 3510 ,καὶ
1352 3439 1586 3512 φανερὸν
1613 3439 1775 3494 αὐτὸν

198 3538 421 3591 ἐσεσθαι
454 3536 775 3608 μηνύουσιν.
802 3535 982 3603 "Atreo
1012 3534 1089 3605 μὴ
1116 3534 1406 3605 νοήσαντες
1433 3534 1484 3586 oi
1512 3533 1772 3597 Ἰουδαῖοι,

196 3629 271 3692 ὡς
296 3630 440 3697 άγαν
486 3625 969 3699 μικροψυχοῢντες,
1000 3625 1371 3693 φασίν’‹Ἔως
1394 3625 1525 3678 πότε
1550 3624 1646 3695 τὴν
1675 3625 1778 3692 ψυ-

196 3719 298 3790 χὴν
327 3720 492 3791 ἡμῶν
523 3720 698 3791 αἴρεις
719 3735 734 3785 ;
759 3737 778 3770 ι
820 3717 983 3781 Ἔθος
1010 3717 1120 3788 γὰρ
1140 3717 1254 3779 τοῖς
1282 3714 1606 3787 ὀλιγωροῦσι
1619 3715 1778 3769 τοῦτο

197 3809 404 3878 λέγειν.

274 3905 351 3959 Τὰ
370 3904 524 3973 ἔργα
556 3901 733 3973 eam
760 3901 913 3955 ποιῶ
931 3901 1001 3955 ἐν
1035 3898 1117 3965 τῷ
1141 3901 1385 3971 ὀνόματι
1416 3898 1523 3953 τοῦ
1544 3899 1777 3967 Πατρός

194 4013 334 4064 μου,
365 3995 561 4049 ταῦτα
583 3994 872 4064 μαρτυρεῖ
888 3993 1021 4063 περὶ
1049 3992 1218 4061 ἐμοῦ.

1875 3177 2342 3249 comparationem
2398 3178 2596 3232 melius
2628 3186 2737 3232 est.‘
2759 3192 2869 3231 non
2918 3192 2983 3231 ex
3025 3176 3092 3231 iis
3137 3189 3260 3246 quae
3303 3173 3443 3229 dixit

1875 3281 2001 3321 eum
2038 3280 2372 3337 cognoscere
2398 3266 2547 3337 quod
2579 3265 2699 3336 ipse
2728 3265 2801 3321 sit
2828 3265 3105 3329 Christus,
3141 3265 3236 3319 sed
3270 3264 3445 3334 magis

1874 3362 1939 3412 ex
1982 3355 2052 3412 iis
2083 3372 2205 3426 qua:
2236 3358 2426 3412 insunt
2457 3357 2595 3427 ipsi,
2622 3357 2801 3426 iisque
2853 3358 3016 3411 etiam
3048 3355 3292 3410 oraculis
3322 3370 3444 3423 qua:

1875 3447 1943 3501 de
1969 3462 2036 3502 eo
2061 3446 2260 3502 divina:
2285 3447 2585 3518 Scriptura:
2611 3457 2853 3511 canunt,
2870 3457 2923 3502 et
2955 3446 3200 3501 futurum
3235 3452 3294 3499 ut
3325 3447 3443 3515 ipse

1876 3539 2191 3593 innotescat
2239 3537 2567 3608 praedicunt.
2605 3536 2737 3603 Quae
2779 3552 2904 3592 cum
2950 3552 3057 3592 non
3100 3537 3445 3607 perpendant

1875 3628 2072 3694 Judaei,
2101 3628 2249 3684 velut
2292 3629 2635 3684 consternati
2663 3628 2867 3682 animis
2891 3629 3048 3682 aiunt
3085 3648 3097 3685 :
3137 3647 3155 3679 ι
3189 3627 3443 3693 Quandiu

1877 3720 2114 3775 animam
2155 3731 2400 3776 nostram
2450 3735 2774 3791 suspensam
2803 3720 2997 3776 tenes?
3029 3739 3045 3770 ι
3084 3719 3254 3774 Moris
3298 3719 3445 3773 enim

1879 3818 1963 3867 est
1991 3809 2394 3880 negligentibus
2421 3823 2484 3865 ac
2522 3800 2935 3864 fastidientibus
2967 3807 3072 3861 hoc
3102 3807 3275 3875 loqui.

1952 3898 2019 3962 X,
2049 3900 2142 3956 25.
2174 3898 2348 3969 Opera
2370 3915 2492 3969 qua
2516 3914 2608 3970 ego
2630 3899 2770 3969 facio
2793 3899 2850 3953 in
2876 3898 3083 3954 nomine
3112 3894 3293 3950 Patris
3322 3896 3444 3959 mei,

1880 3993 1989 4047 lucc
2012 3992 2078 4046 de
2101 4008 2181 4046 me
2209 4000 2488 4048 testantur.

267 4086 540 4160 Περιττὺν
563 4080 664 4153 οὖν
690 4084 908 4157 ὲνόμισε
926 4083 1029 4136 καὶ
1057 4085 1086 4135 6
1109 4081 1342 4153 Χριστὸς
1381 4083 1495 4145 τοῖς
1521 4079 1782 4143 πολλάκις
1811 4066 1849 4077 ”

198 4177 475 4231 ἀκούσασι
515 4177 612 4229 καὶ
656 4175 730 4244 μὴ
773 4172 1064 4235 πεισθεῖσι,
1102 4172 1265 4225 πάλιν
1300 4171 1372 4225 τὰ
1413 4171 1551 4225 αὐτὰ
1580 4171 1778 4224 εἰπεῖν.

198 4270 452 4343 Χρὴτγέιρ
480 4268 592 4322 ἀπὸ
616 4267 715 4337 τῆς
734 4265 842 4319 τῶν
864 4264 1166 4335 γινομένων
1194 4262 1476 4334 ποιότητος
1496 4260 1784 4332 δοκιμάζε-

202 4362 327 4416 σθαι
375 4360 744 4421 τὰηὲκάστου,
769 4358 865 4411 καὶ
896 4359 957 4410 οὐ
1013 4356 1232 4418 πάντως
1283 4356 1363 4418 είς
1403 4354 1595 4423 λόγους
1626 4354 1774 4425 όρᾷν.

1885 4368 2115 4424 operum
2159 4354 2418 4424 spectari,
2444 4367 2548 4409 nec
2580 4354 2647 4407 ad
2691 4348 2808 4408 sola
2841 4353 3005 4406 verba
3038 4351 3448 4421 respiciendum

209 4448 601 4521 Ἀποπληροῦν
631 4447 689 4500 δὲ
716 4447 863 4515 λέγει
897 4445 1089 4499 ἑαυτὸν
1108 4444 1175 4497 τὰ
1201 4445 1337 4513 ἔργα
1360 4446 1419 4497 ὲν
1447 4444 1526 4515 τῷ
1552 4444 1774 4514 ὀνόματι

1881 4451 1987 4499 est.
2040 4443 2111 4501 Se
2159 4460 2289 4500 vero
2340 4445 2642 4515 adimplere
2696 4443 2859 4498 dicit»
2886 4457 3052 4512 opera
3118 4442 3174 4496 in
3233 4442 3452 4496 nomine

1953 4079 2301 4151 Superiluum
2336 4080 2510 4152 igitur
2547 4080 2704 4137 duxit
2732 4080 2987 4136 Christus
3041 4078 3182 4149 apud
3221 4093 3316 4134 eos
3354 4078 3449 4148 qui

1881 4171 2045 4226 toties
2074 4170 2367 4226 audierant
2398 4185 2501 4226 nec
2528 4169 2880 4226 crediderant
2911 4184 3107 4224 rursus
3149 4167 3339 4224 eadem
3371 4182 3450 4221 re-

1884 4270 2092 4333 petere.
2130 4262 2360 4333 Oportet
2391 4264 2536 4319 enim
2582 4276 3033 4333 unumquemque
3082 4277 3148 4317 ex
3184 4261 3450 4330 qualitate

195 4539 289 4594 τοῦ
317 4537 569 4607 Πατρδς,
595 4536 660 4589 οὐ
689 4534 786 4606 τὴν
812 4535 1017 4589 ἄνωθεν
1044 4535 1188 4588 καθά
1228 4551 1314 4597 τις
1351 4534 1506 4603 ἅγιος
1529 4535 1779 4607 καρπού-

201 4648 361 4701 μενος
394 4630 659 4698 δύναμιν,
685 4627 793 4680 οὐδ’
821 4627 898 4691 ὡς
926 4626 1230 4696 ἀδυναμίαν
1255 4626 1430 4697 ἑαυτῷ
1457 4629 1780 4699 κατηγορῶν

195 4725 227 4776 6
255 4721 391 4785 Θεὸς
422 4722 494 4774 ὲκ
529 4717 692 4772 Θεοῦσ
720 4720 749 4771 6
786 4717 882 4771 τοῦ
915 4717 1125 4789 [ἰατρὸς
1156 4716 1460 4787 όμοούσιος,
1488 4720 1522 4788 ἡ
1551 4718 1782 4790 δύναμις

195 4813 289 4868 τοῦ
321 4813 572 4884 Πατρὸς,
606 4809 720 4863 ἀλλ’
747 4810 821 4872 ὼς
843 4808 1133 4879 ἀπονέμων
1153 4812 1220 4881 τῇ
1251 4809 1373 4881 θείᾳ
1400 4810 1526 4882 δόξῃ
1548 4810 1649 4882 τὴν
1671 4810 1782 4863 τῶν

196 4904 552 4975 τελουμένων
575 4901 824 4971 δύναμιν,
874 4902 933 4954 ὲν
963 4900 1043 4971 τῷ
1075 4901 1300 4969 ὀνόματι
1338 4899 1433 4953 τοῦ
1465 4902 1676 4972 Πατρὸς
1714 4902 1784 4956 τὰ

197 4993 336 5066 ῑργα
369 4994 518 5063 φησὶ
554 4994 748 5045 ποιεῖν.
780 4990 926 5059 Πλὴν
967 4993 1063 5061 καὶ
1094 4992 1285 5060 ἀνάγει
1319 4993 1412 5045 ἐπὶ
1439 4992 1531 5045 τὸν
1566 4993 1786 5063 Πατέρα

198 5084 297 5155 τὴν
323 5085 547 5155 τιμήν·
574 5083 662 5135 ἵνα
710 5082 789 5153 μὴ
828 5082 903 5153 δῷ
941 5085 1052 5145 τοῖς
1104 5083 1379 5146 Ἰουδαίοις
1412 5083 1662 5153 ἀφορμὴν
1694 5085 1787 5136 τοῦ

201 5175 548 5246 ἐπιφύεσθαι
576 5175 745 5245 αὐτῷ.
774 5175 964 5244 Ὅμως
991 5175 1084 5227 καὶ
1106 5173 1254 5241 ἄξιον
1280 5176 1525 5246 ἡγήσατο
1554 5175 1630 5245 μὴ
1654 5192 1789 5246 παρ-

201 5269 380 5323 ελθεῖν
411 5270 480 5324 τὸ
529 5268 730 5340 μέτρον
778 5270 879 5340 τῆς
921 5268 1106 5322 δούλου
1153 5269 1369 5340 μορφῆς
1398 5270 1492 5323 καὶ
1521 5269 1787 5340 ὑπάρχειν

201 5358 333 5425 Θεὸς
356 5361 457 5416 καὶ
474 5347 709 5431 Κύριοςο
741 5359 908 5413 εἰπὼν
928 5360 986 5416 δὲ
1009 5362 1090 5414 ὅτι
1113 5363 1171 5414 ὲν
1197 5361 1419 5432 ὀνόματι
1456 5361 1550 5414 τοῦ
1583 5362 1790 5432 Πατρὺς

204 5452 351 5503 ποιεῖ
373 5449 448 5505 τὰ
484 5449 650 5521 ἔργα,
674 5450 912 5504 διδάσκει
938 5452 1019 5504 ὅτι
1051 5450 1103 5503 οἱ
1136 5450 1379 5505 Ἰουδαῖοι
1414 5450 1792 5521 βλαστρημοῢνο

1885 4535 2087 4600 Patris,
2116 4551 2225 4591 non
2260 4537 2412 4591 velut
2452 4536 2654 4605 aliquis
2686 4541 2913 4590 sanctus
2950 4534 3451 4603 desuper-potesta-

1886 4636 1998 4683 tem
2035 4627 2331 4698 accipiens,
2357 4626 2451 4683 sed
2487 4642 2587 4681 nec
2616 4626 2781 4681 etiam
2813 4626 2965 4680 illam
3010 4626 3067 4680 in
3106 4640 3167 4681 se
3211 4625 3455 4680 imbecil-

1885 4717 2098 4773 litatem
2125 4732 2425 4784 accusans;
2460 4715 2623 4788 665
2651 4717 2850 4787 quippe
2868 4731 2936 4771 ex
2969 4714 3080 4770 Deo
3107 4715 3274 4779 Deus,
3305 4713 3454 4768 Patri

1888 4809 2403 4873 consubstantialis,
2459 4809 2640 4865 Patris
2696 4809 2891 4873 virtus,
2944 4815 3001 4863 et
3045 4808 3198 4863 velut
3254 4805 3456 4861 divinae

1882 4903 2075 4975 gloria:
2101 4917 2291 4958 eorum
2324 4916 2448 4972 quae
2484 4903 2622 4956 ﬁunt
2655 4904 2763 4957 vim
2794 4900 3100 4964 ascribens,
3146 4899 3202 4952 in
3233 4899 3454 4953 nomine

1884 4996 2071 5051 Patris
2101 5011 2161 5051 se
2198 5009 2368 5065 opera
2403 4993 2583 5049 facere
2606 4992 2759 5048 dicit.
2796 4992 3106 5059 Quinetiam
3137 4997 3192 5045 et
3237 4991 3304 5045 ad
3352 4989 3448 5044 Pa-

1886 5097 2024 5143 trem
2054 5087 2319 5142 honorem
2352 5083 2543 5146 refert,
2569 5099 2637 5140 ne
2660 5084 2808 5138 illam
2844 5082 3053 5138 Judaeis
3082 5082 3136 5135 in
3178 5097 3238 5136 se
3265 5095 3452 5135 ansam

1886 5180 2153 5249 pra'b‘eat.
2203 5176 2377 5230 Simul
2435 5188 2654 5246 aequum
2707 5174 2923 5230 censuit
2983 5173 3204 5227 modum
3270 5171 3459 5224 forma:

1891 5269 2035 5325 servi
2068 5284 2178 5323 non
2223 5266 2531 5337 transgredi
2568 5274 2627 5321 et
2654 5267 2926 5321 exsistere
2966 5264 3106 5318 Deus
3154 5277 3222 5316 ac
3274 5261 3459 5316 Domi-

1892 5378 2000 5416 nus
2034 5378 2047 5413 :
2087 5361 2276 5416 dicens
2310 5372 2439 5412 vero
2488 5357 2546 5412 in
2589 5361 2812 5414 nomine
2845 5354 3025 5409 Patris
3065 5368 3230 5423 opera
3277 5368 3335 5407 se
3376 5352 3457 5404 fa-

1895 5466 2039 5513 cere,
2079 5446 2319 5504 ostendit
2362 5445 2584 5501 Iudaeos
2640 5443 3018 5513 blasphemare
3064 5440 3157 5510 qui
3205 5437 3459 5491 dicebant

201 5555 293 5605 τες
322 5539 552 5610 ἔλεγον,
578 5541 637 5593 ὲν
660 5538 984 5604 Βεελζεϐοὺλ
1012 5540 1292 5596 ἐκϐάλλειν
1321 5530 1480 5596 αὐτὸν
1518 5542 1586 5596 τὰ
1612 5543 1774 5613 δαιμὸ

1899 5558 2021 5596 eum
2056 5541 2111 5594 in
2136 5537 2419 5596 Beclzebul
2447 5537 2648 5606 ejicere
2672 5534 2940 5591 daemonia
2967 5552 2978 5588 :
3005 5533 3129 5607 quia
3155 5545 3284 5587 vero
3301 5527 3459 5581 Pater

276 5717 367 5751 "“
395 5716 576 5775 Joan.
609 5717 801 5777 v.24.
878 5720 896 5749 "
921 5717 1078 5773 Joan.
1115 5734 1224 5783 xxv,
1262 5719 1314 5774 ϐ.
1392 5720 1410 5751 ⁷
1446 5718 1601 5775 Joan.
1641 5734 1693 5783 χ,
1729 5720 1780 5773 9.

1861 5717 1881 5749 ⁸
1912 5715 2048 5771 ibid.
2094 5714 2178 5769 il.
