4010 6320
573 304 642 362 19
1565 311 1619 365 S.
1659 312 1936 370 CYRILLI
1969 317 2439 380 ALEXANDRINI
2474 325 2788 383 ARCHIEP.
3737 337 3808 397 20

573 437 683 476 non
709 419 838 491 quia
874 409 1033 476 Pater
1063 432 1150 476 est
1186 422 1317 478 facit
1340 426 1626 494 miracula,
1659 432 1752 486 sed
1784 433 1910 502 quia
1948 446 2125 489 natur:

2248 461 2353 496 νια·
2382 447 2504 498 ἐπεὶ
2539 445 2595 497 δὲ
2626 447 2654 497 ὁ
2682 445 2890 515 Πατὴρ,
2927 447 3025 498 οὐκ
3061 446 3247 516 ἐπειδὴ
3290 448 3476 518 Πατήρ
3504 450 3640 514 ἐστι,
3668 455 3809 507 ποιεῖ

570 510 718 567 Deus
745 509 853 574 est,
886 520 941 568 et
969 511 1143 567 Filius
1186 529 1380 570 rursus
1411 531 1518 571 non
1549 521 1678 586 quia
1715 521 1913 588 Filius,
1953 526 2046 580 sed
2081 536 2140 580 ιιι

575 608 716 660 Deus
747 619 814 659 ex
841 603 951 658 Deo
975 611 1154 673 potest
1213 605 1378 659 etiam
1422 607 1538 676 ipse
1585 625 1750 679 opera
1775 613 1954 670 Patris
2001 631 2138 685 prae-

570 700 742 758 stare,
762 693 886 747 ideo
904 693 1242 749 occonomice
1263 703 1316 750 et
1340 706 1555 753 servato
1580 715 1761 790 rerum
1789 704 1986 760 ordine
2006 705 2139 760 dicit

568 799 629 840 se
656 785 713 839 in
737 786 958 841 nomine
993 785 1170 841 Patris
1195 801 1362 855 opera
1393 786 1594 845 facere.

635 959 720 1024 Χ,
780 961 871 1016 26.
913 961 1017 1016 Sed
1067 980 1155 1016 vos
1208 963 1338 1016 mihi
1393 982 1493 1019 non
1543 968 1797 1037 creditis,
1848 974 1976 1041 quia
2036 992 2140 1029 non

564 1054 693 1108 estis
723 1069 789 1108 ea:
823 1055 1004 1108 ovibus
1031 1057 1180 1109 meis.

632 1141 899 1197 Indicium
950 1153 1004 1198 et
1072 1153 1456 1214 argumentum
1516 1151 1892 1206 certissimum
1950 1156 2134 1210 ovium

562 1233 767 1287 Christi
811 1241 896 1289 est
937 1233 1097 1288 facile
1137 1235 1328 1290 audire
1356 1246 1409 1290 et
1439 1247 1689 1306 paratum
1731 1257 1854 1298 esse
1904 1246 1972 1299 ad
2007 1248 2133 1301 obe-

561 1324 847 1389 diendum,
899 1325 1042 1381 sicut
1087 1331 1141 1378 et
1189 1327 1492 1382 alienarum
1551 1345 1658 1384 non
1710 1333 1959 1404 obsequi.
1997 1336 2130 1390 Nam

562 1417 756 1471 audire
793 1417 873 1470 sic
923 1417 1372 1487 interpretamur,
1420 1421 1586 1477 dictis
1634 1424 1791 1479 ﬁdem
1847 1429 2126 1484 adhibere.

558 1506 642 1561 llli
690 1523 819 1562 vero
852 1518 1265 1579 cognoscuntur
1304 1526 1333 1564 a
1382 1511 1495 1567 Deo
1547 1515 1640 1583 qui
1690 1517 1921 1572 audiunt
1958 1536 2127 1574 eum:

557 1598 817 1666 cognosci
848 1612 978 1652 vero
1019 1599 1297 1668 signiﬁcat
1349 1601 1658 1672 conjungi:
1706 1607 1934 1661 omnino
1984 1609 2128 1662 enim

555 1686 741 1739 nullus
772 1700 802 1739 a
832 1685 942 1742 Deo
973 1687 1279 1756 ignoratur.
1305 1689 1440 1744 Cum
1468 1706 1597 1746 vero
1625 1693 1780 1760 dicit,
1808 1715 1825 1746 ι
1849 1697 2131 1767 Cognosco
2166 1693 2206 1748 Β

555 1775 766 1842 meas’,
808 1794 826 1827 ι
856 1776 960 1830 hoc
992 1777 1149 1841 dicit,
1191 1783 1488 1850 amplectar
1508 1793 1561 1837 et
1591 1784 1815 1854 jungam
1849 1787 1980 1842 mihi
2011 1805 2123 1860 my-

556 1867 696 1922 stice
743 1875 800 1922 et
846 1883 943 1938 per
1000 1871 1322 1937 relationem
1380 1873 1627 1930 affectus.
1683 1877 1966 1948 Quispiam
1998 1895 2129 1936 vero

558 1958 756 2012 dixerit
778 1973 924 2025 eum,
953 1969 1226 2030 quatenus
1266 1963 1431 2018 homo
1459 1965 1633 2022 factus
1672 1976 1776 2033 est,
1811 1984 2004 2025 omnes
2039 1971 2132 2026 ho-

553 2047 732 2103 mines
772 2049 873 2103 sibi
928 2052 1262 2132 conjungere
1313 2065 1534 2125 propter
1570 2060 2009 2114 communionem
2039 2076 2130 2129 ge-

552 2138 703 2193 neris
747 2146 800 2194 et
840 2143 1424 2212 consanguinitatem,
1470 2148 1543 2199 ita
1573 2154 1632 2201 ut
1665 2163 1857 2203 omnes
1905 2149 2128 2205 Christo

551 2228 831 2298 conjuncti
861 2232 1036 2286 simus
1067 2243 1121 2288 et
1157 2233 1350 2291 afﬁnes
1386 2251 1486 2305 per
1516 2237 1902 2293 habitudinem
1938 2241 2126 2310 mysti-

549 2333 669 2372 cam
711 2319 764 2374 in
796 2331 1060 2392 quantum
1095 2324 1256 2379 homo
1288 2325 1461 2384 factus
1491 2340 1606 2396 est;
1643 2331 1809 2386 alieni
1838 2348 1970 2387 vero
2005 2334 2127 2404 qui-

549 2423 768 2480 cunque
810 2412 1147 2468 conl‘ormem
1181 2419 1496 2472 sanctitatis
1527 2419 1821 2490 imaginem
1857 2436 1968 2475 non
2013 2437 2128 2477 ser-

548 2509 699 2555 vant.
737 2501 829 2558 Sic
865 2511 921 2558 et
962 2503 1136 2560 Judaei
1169 2522 1294 2562 cum
1337 2519 1525 2565 essent
1571 2510 1760 2567 aﬁines
1798 2521 1854 2567 et
1900 2514 2128 2583 conjun-

548 2593 624 2646 cti
661 2595 964 2650 secundum
1002 2612 1178 2667 genus
1215 2597 1495 2653 Abraham
1539 2601 1744 2666 ﬁdelis,
1801 2602 1925 2658 ideo
1978 2604 2124 2674 quod

548 2687 798 2744 inﬁdeles
826 2688 953 2743 facti
977 2699 1571 2762 suntpmptermorum
1591 2695 2121 2762 dissimilitudinem,

547 2779 617 2835 ab
635 2779 753 2849 ejus
771 2780 1030 2837 aliinitate
1046 2784 1384 2840 exciderunt.
1405 2784 1546 2840 Dicit
1569 2803 1721 2855 vero,
1745 2807 1763 2839 ι
1792 2787 1857 2843 Ει
1880 2805 2125 2858 sequun-

546 2877 639 2922 tur
671 2884 756 2924 me
787 2885 964 2926 oves:
1003 2890 1021 2923 ι
1059 2871 1152 2942 qui
1178 2874 1323 2928 enim
1367 2875 1625 2937 credunt,
1658 2877 1844 2931 divina
1887 2877 2121 2948 quadam

545 2959 722 3030 gratia
745 2961 913 3014 etiam
941 2959 1148 3016 Christi
1180 2963 1428 3034 vestigiis
1453 2965 1738 3029 insistunt,
1763 2982 1870 3021 non
1892 2967 2122 3037 amplius

547 3050 814 3122 legalibus
851 3051 1063 3107 umbris
1107 3054 1430 3120 servientes,
1463 3058 1559 3112 sed
1603 3059 1870 3113 mandata
1907 3059 2111 3114 Christi
2151 3063 2194 3124 C

514 3173 517 3175 -
546 3149 602 3196 et
636 3156 946 3198 sermonem
980 3143 1102 3213 ejus
1132 3159 1227 3214 per
1254 3147 1487 3216 gratiam
1524 3156 1838 3218 sequentes,
1887 3150 1955 3204 ad
2000 3151 2120 3222 ejus

547 3231 942 3303 dignationem,
977 3241 1166 3304 utpote
1207 3235 1301 3289 ﬁlii
1352 3236 1446 3292 Dei
1481 3239 1659 3292 vocati
1693 3241 1758 3305 ιο,
1793 3242 2116 3298 ascendent.

546 3322 771 3379 Christo
811 3324 958 3380 enim
986 3325 1322 3382 ascendente
1354 3328 1405 3381 in
1451 3330 1673 3394 ccelum,
1725 3332 1887 3386 etiam
1920 3333 1998 3387 illi
2035 3349 2118 3388 se-

546 3423 782 3484 quentur
815 3433 828 3470 :
859 3417 1165 3472 mercedem
1193 3433 1324 3472 vero
1355 3426 1407 3473 et
1439 3420 1722 3488 praemium
1756 3437 1814 3476 se
1845 3426 2122 3494 sequenti-

549 3505 650 3560 bus
681 3506 847 3560 vitam
901 3515 1156 3562 aeternam
1207 3523 1266 3564 se
1311 3508 1500 3580 largiri
1546 3511 1641 3576 ait,
1696 3520 1958 3582 prmterea
2009 3530 2114 3570 nec

546 3596 744 3665 subjici
774 3600 934 3652 morti
965 3606 1064 3652 aut
1102 3600 1470 3669 corruptioni,
1520 3614 1623 3654 nec
1666 3604 1958 3658 tormentis
1999 3619 2121 3673 qua:

545 3684 998 3755 delinquentibus
1028 3702 1058 3739 a
1107 3686 1298 3756 judice
1342 3687 1676 3758 irrogantur.
1729 3687 1809 3742 Ex
1868 3704 1935 3744 eo
1973 3690 2117 3743 enim

544 3776 694 3845 quod
733 3771 826 3830 dat
856 3777 1041 3843 vitam,
1078 3778 1321 3833 ostendit
1359 3793 1419 3833 se
1453 3787 1651 3833 natura
1679 3794 1804 3834 esse
1833 3781 1999 3834 vitam
2034 3781 2119 3850 ip-

545 3881 684 3930 sam,
728 3867 894 3938 666
922 3883 1092 3937 seque
1119 3883 1241 3922 eam
1284 3869 1640 3938 suppeditare
1685 3884 1714 3922 a
1747 3871 1955 3940 seipse,
2005 3886 2115 3925 non

546 3959 617 4014 ab
651 3959 761 4012 alio
790 3968 1077 4028 acceptam
1112 3977 1126 4014 :
1157 3963 1322 4015 vitam
1351 3968 1533 4015 autem
1568 3961 1931 4032 intelligimus
1959 3972 2119 4018 aeter-

545 4062 705 4113 nam,
741 4064 850 4103 non
888 4051 1151 4120 temporis
1174 4051 1496 4106 immensam
1515 4051 1960 4116 diuturnitatem,
2010 4069 2116 4124 qua

543 4154 735 4196 omnes
770 4147 880 4194 tam
927 4141 1058 4196 boni
1102 4157 1268 4212 quam
1319 4142 1448 4196 mali
1489 4151 1615 4212 post
1650 4144 2115 4200 resurrectionem

545 4233 820 4300 fruentur,
869 4237 961 4292 sed
1019 4237 1076 4291 in
1118 4237 1286 4292 animi
1334 4239 1733 4308 tranquillitate
1770 4247 1824 4294 et
1857 4255 1989 4309 pace
2022 4241 2117 4298 de-

543 4343 688 4398 gere.
719 4326 1026 4384 Possumus
1060 4337 1114 4383 et
1147 4329 1314 4383 vitam
1355 4329 1603 4399 accipere
1630 4333 1918 4400 mysticam
1959 4335 2112 4388 eulo-

2246 535 2313 586 τά
2343 535 2614 604 θαύματα,
2649 535 2761 588 ἀλλ’
2784 536 2968 604 ἐπειδὴ
2995 536 3124 598 Θεός
3155 538 3268 590 ἐστι
3295 538 3476 606 φύσει·
3511 541 3602 592 καὶ
3629 544 3656 595 ό
3683 541 3808 606 Υἱὸς

2245 626 2373 695 ἄρα,
2403 627 2502 678 οὐκ
2529 626 2715 696 ἐπειδὴ
2747 627 2893 691 Υἱὸς,
2918 626 3032 680 ἀλλ’
3056 627 3131 689 ὼς
3153 628 3285 708 85b;
3316 630 3380 681 ὲκ
3412 629 3566 693 Θεοῦ,
3591 631 3806 686 δύναται

2247 719 2339 768 καὶ
2383 717 2545 780 αὐτὸς
2611 717 2677 770 τά
2727 717 2821 771 τοῦ
2877 720 3085 789 Πατρὸς
3141 718 3276 789 ἔργα
3340 724 3531 772 ποιεῖν·
3599 722 3678 774 διδ
3732 724 3806 774 οἰ-

2246 809 2552 878 κονομικῶς
2599 806 2774 886 εἶπεν,
2827 811 2884 863 ὲν
2925 809 3147 880 ὀνόματι
3201 810 3291 862 τοῦ
3321 811 3533 883 Πατρὸς
3577 812 3646 865 τὰ
3673 812 3806 883 ἔργα

2243 915 2436 950 ποιειν.
3111 917 3114 921 ’

2325 989 2473 1042 Ἀλλ’
2503 989 2672 1056 ὑμεῖς
2711 992 2782 1043 οὐ
2822 989 3132 1043 πιστεύετέ
3167 1008 3286 1059 μοι,
3312 990 3399 1043 ὅτι
3429 994 3540 1045 οὐκ
3569 991 3710 1044 ἐστὲ
3738 991 3804 1044 ἐκ

2237 1080 2355 1133 τῶν
2379 1081 2689 1149 προϐάτων
2709 1081 2827 1134 τῶν
2843 1081 3017 1151 ἐμῶν.

2322 1173 2620 1236 Ἀπόδειξις
2648 1173 2755 1224 τῶν
2778 1173 2870 1225 τοῦ
2896 1172 3128 1242 Χριστοῦ
3161 1171 3468 1242 προϐάτων,
3493 1173 3552 1224 rb
3581 1175 3806 1241 εὐήκοον

2240 1265 2334 1318 καὶ
2362 1264 2422 1316 rb
2442 1263 2656 1333 ἕτοιμον
2683 1266 2762 1325 εἰς
2785 1264 3114 1324 εὐπείθειαν,
3156 1263 3344 1332 ὥσπερ
3377 1263 3484 1316 τῶν
3509 1265 3805 1334 ἀλλοτρίων

2240 1355 2300 1408 τὸ
2328 1355 2569 1418 ἀπειθές.
2597 1355 2670 1407 Τὸ
2697 1354 2806 1424 γάρ
2831 1353 3049 1407 ἀκούειν
3069 1347 3168 1407 ὧδε
3197 1355 3443 1424 νοοῦμεν,
3479 1355 3540 1406 rb
3573 1357 3682 1417 τοῖς
3720 1354 3805 1406 λε-

2240 1448 2494 1516 γομένοις
2550 1446 2856 1514 πεισθῆναι.
2911 1446 3138 1498 Ἐκεῖνοι
3189 1445 3246 1497 δὲ
3299 1443 3656 1512 γινώσκονται
3700 1443 3804 1496 ὑπὸ

2238 1539 2372 1592 Θεοῦ
2404 1539 2453 1592 οἱ
2477 1538 2765 1600 ἀκούοντες
2791 1537 2975 1590 αὐτοῦ·
2998 1537 3058 1589 rb
3089 1537 3143 1589 δὲ
3171 1534 3533 1603 γινώσκεσθαι
3564 1534 3712 1605 δηλοῖ
3742 1533 3804 1586 rb

2237 1627 2586 1681 οἰκειοῦσθαι·
2613 1626 2838 1680 καθόλου
2862 1626 2968 1695 γὰρ
2992 1625 3163 1687 οὐδεὶς
3190 1625 3294 1676 ὑπὸ
3313 1625 3406 1676 τοῦ
3429 1623 3563 1676 Θεοῦ
3595 1623 3804 1688 ἀγνοεῖ-

2232 1739 2342 1775 ται.
2377 1721 2545 1774 Ὅταν
2591 1715 2684 1773 οὖν
2750 1718 2918 1786 λέγει,
2957 1737 2976 1769 ‹
3018 1717 3276 1769 Γινώσκω
3322 1715 3391 1768 τά
3425 1714 3554 1784 ἐμὰ,
3591 1733 3609 1765 ι
3647 1713 3803 1764 τοῦτό

2237 1829 2420 1882 φησιν,
2439 1812 2519 1863 ὅτι
2546 1809 2916 1880 Προσδέξομαι
2943 1808 3036 1859 καὶ
3056 1805 3410 1875 οἰκειώσομαι
3440 1804 3576 1856 αὐτά
3608 1819 3800 1872 μυστι-

2234 1902 2347 1964 κῶς
2378 1918 2436 1954 τε
2471 1901 2565 1953 καὶ
2592 1898 2873 1970 σχετικῶς.
2902 1899 3059 1950 Εἴποι
3097 1897 3142 1949 δ’
3171 1896 3236 1949 άν
3276 1913 3360 1958 τις
3404 1897 3484 1948 ὅτι
3530 1893 3624 1946 καὶ
3668 1892 3802 1945 καθὸ

2234 1992 2519 2060 ἄνθρωπος
2555 1991 2765 2057 γέγονε,
2791 1989 2995 2050 πάντας
3026 1985 3341 2056 ἀνθρώπους
3375 1984 3688 2054 ᾠκειώσατο
3715 1983 3802 2037 διὰ

2232 2084 2291 2136 rb
2311 2082 2587 2152 ὁμογενὲς·
2620 2080 2760 2134 ὥστε
2791 2081 2979 2133 οἰκεῖοι
3007 2078 3205 2139 πάντες
3234 2077 3396 2146 ἐσμὲν
3419 2075 3639 2146 Χριστῷ
3659 2075 3803 2128 κατά

2236 2173 2418 2241 σχέσιν
2459 2169 2742 2240 μυστικὴν,
2770 2168 2906 2221 καθὸ
2939 2169 3160 2235 γέγονεν
3193 2166 3496 2237 ἄνθρωπος·
3533 2165 3800 2233 ἀλλότριοι

2231 2264 2298 2326 δὲ¹
2317 2264 2431 2315 ὅσοι
2465 2261 2537 2331 μὴ
2569 2261 2896 2330 φυλάττουσι
2943 2259 3039 2327 τὴν
3080 2257 3403 2327 σύμμορφον
3450 2257 3546 2325 τῆς
3583 2255 3803 2325 ἁγιότη-

2231 2372 2322 2417 τος
2369 2353 2572 2406 εξκόνα.
2612 2351 2768 2404 Οὕτω
2801 2351 2895 2403 καὶ
2936 2349 3178 2402 Ἰουδαῖοι
3230 2351 3420 2400 οἰκεῖοι
3469 2349 3622 2409 ὄντες
3660 2347 3798 2399 κατά

2231 2448 2387 2514 γένος
2427 2445 2520 2498 τοῦ
2566 2444 2816 2514 Ἀϐραὰμ
2842 2442 2935 2496 τοῦ
2961 2440 3171 2505 πιστοῦ,
3203 2435 3262 2504 ἐξ
3288 2433 3362 2492 ὧν
3394 2438 3610 2492 ἄπιστοι
3644 2438 3800 2506 γεγό-

2231 2554 2405 2601 νασιν,
2434 2535 2808 2605 ἐστερήθησαν
2837 2536 2934 2604 τῆς
2972 2531 3180 2585 ἐκείνου
3224 2528 3543 2597 συγγενείας
3579 2527 3665 2580 διὰ
3700 2529 3800 2597 τὴν

2229 2629 2338 2682 τῶν
2367 2627 2583 2698 τρόπων
2609 2623 2987 2694 ἀνομοιότητα.
3021 2621 3158 2692 Φησὶ
3191 2619 3248 2672 δὲ
3273 2620 3353 2671 ὄτι
3387 2638 3404 2669 ι
3427 2618 3536 2671 Καὶ
3571 2619 3798 2670 ἀκολου-

2231 2717 2384 2772 θοῦσι
2419 2733 2508 2787 μοι
2531 2716 2599 2768 τά
2629 2713 2896 2785 πρόϐατα·
2923 2732 2941 2764 ι
2969 2713 3018 2764 οἱ
3041 2711 3148 2781 γὰρ
3175 2708 3507 2779 πειθόμενοι,
3533 2708 3801 2761 καὶέπον-

2227 2825 2318 2861 ται
2355 2806 2461 2860 ἀπό
2484 2821 2627 2865 τινος
2649 2802 2926 2856 θεοσδότου
2962 2801 3182 2871 χάριτος
3209 2799 3327 2852 κατ’
3357 2797 3501 2867 ἴχνος
3532 2797 3794 2866 Χριστοῦ,

2229 2898 2410 2952 οὐκέτι
2453 2894 2576 2959 ταῖς
2613 2896 2860 2964 νομικαῖς
2900 2891 3239 2953 δουλεύοντες
3275 2892 3474 2952 σκιαῖς,
3507 2889 3620 2942 ἀλλ’
3651 2883 3732 2949 οῖς
3771 2889 3799 2940 ὁ

2229 2989 2459 3060 Χριστὸς
2505 2986 2783 3040 ἐπιτάττει
2815 2984 2909 3037 καὶ
2953 2982 3029 3052 τῷ
3066 2981 3228 3035 αὐτοῦ
3269 2980 3685 3043 ἀκολουθοῦντες
3718 2978 3800 3032 λό·

2226 3099 2327 3152 γῳ,
2358 3079 2446 3133 διὰ
2479 3078 2722 3148 χάριτος,
2752 3077 2831 3139 εἰς
2856 3075 2917 3127 rb
2950 3073 3114 3126 αὐτοῦ
3152 3073 3515 3142 ἀναϐήσονται
3558 3070 3814 3138 ἀξίωμα,

2227 3169 2334 3222 υἱοὶ
2355 3167 2488 3221 Θεοῦ
2523 3165 2870 3235 καλούμενοι.
2893 3162 3129 3234 Χριστοῦ
3163 3160 3272 3232 γὰρ
3302 3162 3541 3222 ἀνιόντος
3570 3162 3649 3222 εἰς
3670 3158 3798 3222 τοὺς

2226 3262 2508 3331 οὐρανοὺς,
2551 3259 2791 3311 κάκεῖνοι
2851 3253 3304 3325 ἀκολουθήσουσιν
3343 3251 3509 3322 αὐτῷ·
3563 3250 3799 3321 ἀμοιϐὴν

2224 3353 2281 3404 δὲ
2325 3352 2416 3404 καὶ
2447 3351 2612 3420 γέρας
2654 3351 2766 3412 τοῖς
2817 3347 3102 3418 ἑπομένοις
3157 3344 3304 3415 αὐτῷ
3365 3344 3462 3414 τὴν
3513 3343 3659 3414 ζωὴν
3699 3343 3797 3412 τὴν

2225 3443 2443 3496 αἰώνιον
2479 3441 2807 3513 χαρίσασθαί
2846 3457 3000 3508 φησι,
3033 3438 3126 3490 καὶ
3157 3437 3217 3490 rb
3247 3435 3320 3506 μὴ
3347 3434 3665 3489 ὑποκεῖσθαι
3703 3434 3799 3486 θα-

2225 3535 2431 3605 νάτῳῆ
2467 3534 2642 3606 φθορᾷ
2684 3534 2779 3586 καὶ
2823 3534 2943 3595 ταῖς
2981 3531 3232 3600 βασάνοις
3278 3531 3396 3591 ταῖς
3428 3526 3798 3596 ὲπαγομέναις

2228 3625 2379 3696 παρὰ
2417 3623 2512 3676 τοῦ
2547 3622 2732 3694 κριτοῦ
2771 3623 2883 3684 τοῖς
2926 3618 3369 3690 πλημμελήσασι.
3413 3615 3492 3668 Δι’
3523 3609 3598 3668 ὧν
3629 3615 3684 3668 δὲ
3715 3614 3798 3667 δι-

2225 3716 2356 3768 δωσι
2395 3714 2558 3785 ζωὴν,
2594 3713 2863 3767 δείκνυσιν
2893 3709 3052 3771 αὐτὸς
3086 3706 3198 3777 ζωὴ
3235 3705 3310 3759 ὣν
3342 3704 3522 3774 φύσει,
3575 3703 3671 3756 καὶ
3714 3703 3797 3755 ὅτι

2227 3807 2388 3868 αὐτὸς
2423 3803 2625 3873 ταύτην
2660 3803 2885 3872 χορηγεῖ
2917 3797 2976 3862 ἐξ
3001 3794 3192 3848 ἑαυτοῦ
3238 3793 3330 3846 καὶ
3373 3793 3473 3844 οὐκ
3516 3789 3576 3854 ἐξ
3604 3790 3795 3861 ἑτέρου

2224 3896 2422 3951 λαϐών.
2455 3895 2607 3964 Ζωὴν
2636 3893 2694 3946 δὲ
2733 3890 2957 3958 νοοῦμεν
2987 3885 3222 3949 αἰώνιον,
3256 3883 3315 3936 οὐ
3349 3882 3446 3950 τὴν
3480 3881 3798 3952 μακροημέ-

2229 3999 2430 4052 ρευσιν,
2466 3975 2533 4051 ἧς
2585 3979 2784 4039 πάντες
2839 3973 3118 4044 μέλλουσιν
3165 3969 3477 4033 ἀπολαύειν,
3521 3969 3658 4038 μετά
3693 3969 3795 4038 τὴν

2224 4075 2517 4128 ἀνάστασιν
2583 4069 2739 4123 καλοί
2791 4084 2850 4120 τε
2908 4066 3002 4119 καὶ
3054 4063 3246 4116 κακοί·
3301 4061 3437 4115 ἀλλά
3489 4061 3584 4114 καὶ
3635 4061 3697 4114 τὸ
3733 4063 3792 4114 ὲν

2223 4164 2455 4234 εὐθυμία
2503 4161 2734 4228 διάγειν.
2782 4157 3016 4210 Δυνατδν
3061 4156 3119 4208 δὲ
3166 4153 3312 4223 ζωὴν
3367 4155 3528 4216 νοεῖν,
3573 4153 3666 4206 καὶ
3694 4151 3793 4222 τὴν

2228 4254 2492 4324 μυστικὴν
2548 4252 2798 4318 εὐλογίαν
2852 4250 2919 4302 δι’
2959 4242 3023 4319 ἧς
3077 4243 3375 4316 ὲμφυτεύει
3429 4243 3661 4314 Χριστὸς
3693 4242 3792 4312 τὴν

2223 4342 2420 4397 ἑαυτοῦ
2462 4340 2626 4410 ζωὴν,
2672 4340 2760 4393 διὰ
2809 4339 2912 4408 τῆς
2971 4334 3324 4408 μεταλήψεως
3361 4333 3461 4402 τῆς
3490 4332 3622 4394 ιδίας
3659 4349 3791 4400 σαρ-

543 4420 821 4490 giam,per
845 4433 1011 4488 quam
1035 4418 1506 4485 inseritChristus
1535 4436 1688 4476 suam
1715 4423 1892 4492 ipsius
1920 4425 2111 4488 vitam,

2230 4434 2314 4495 ab;
2353 4435 2463 4494 τοῖς
2497 4433 2725 4494 πιστοῖς,
2778 4428 2920 4482 κατὰ
2964 4421 3026 4480 rb
3064 4425 3371 4496 εἰρημένον·
3406 4442 3424 4474 ι
3471 4423 3528 4477 '0
3564 4422 3789 4492 τρώγωι

542 4509 668 4564 data
695 4508 932 4579 propriae
971 4509 1157 4565 carnis
1190 4509 1444 4567 ﬁdelibus
1483 4511 1922 4581 participatione,
1955 4515 2112 4584 juxta

541 4599 595 4652 id
630 4599 772 4669 quod
810 4599 1021 4654 dictum
1057 4605 1144 4655 est
1176 4616 1188 4652 :
1234 4618 1252 4650 ι
1291 4599 1394 4666 Qui
1429 4601 1725 4656 manducat
1769 4620 1943 4659 meam
1991 4621 2113 4660 car-

541 4704 690 4757 nem,
713 4697 770 4744 et
807 4690 948 4746 bibit
975 4705 1158 4746 meum
1182 4692 1527 4761 sanguinem,
1560 4693 1724 4748 habet
1754 4694 1919 4747 vitam
1949 4704 2102 4750 aeter-

540 4796 668 4834 nam
711 4781 776 4836 “.
818 4799 839 4832 ι

614 4869 696 4937 Χ,
749 4871 837 4926 29.
880 4871 951 4926 Et
983 4889 1131 4928 nemo
1176 4883 1346 4942 potest
1396 4890 1576 4941 rapere
1616 4875 1678 4928 de
1719 4891 1877 4928 manu
1933 4875 2110 4930 Patris

540 4974 664 5012 inet.

611 5047 828 5105 Fideles
857 5053 1121 5108 auxilium
1158 5053 1367 5110 habent
1396 5063 1450 5109 et
1490 5069 1520 5108 a
1559 5055 1802 5121 Christo,
1848 5070 1971 5108 cum
2017 5070 2112 5110 eos

540 5139 593 5191 in
622 5140 858 5208 praedam
886 5143 1091 5199 habere
1115 5143 1370 5199 diabolus
1405 5151 1640 5212 nequeat
1670 5161 1682 5196 :
1711 5144 1826 5197 sive
1859 5158 1984 5196 cum
2017 5143 2112 5196 ha-

542 5232 707 5286 beant
741 5233 1142 5290 indesinentem
1179 5237 1450 5291 bonorum
1487 5251 1644 5290 usum
1683 5250 1746 5288 ac
1770 5233 2110 5299 fruitionem,

542 5329 766 5374 manent
793 5321 850 5376 in
882 5337 967 5390 eo,
995 5324 1212 5379 nemine
1253 5325 1380 5377 illos
1406 5339 1434 5376 a
1469 5324 1600 5378 data
1646 5325 1726 5378 eis
1754 5325 1923 5378 animi
1959 5334 2110 5377 tran~

541 5409 815 5477 quillitate
861 5413 935 5468 ad
968 5429 1184 5484 poenam
1215 5424 1269 5469 et
1312 5415 1592 5470 cruciatus
1643 5414 1964 5482 abripiente.
1999 5412 2109 5470 Nec

540 5501 686 5556 enim
716 5503 830 5559 ﬁeri
871 5514 1048 5574 potest
1084 5505 1272 5574 utqui
1309 5510 1439 5560 sunt
1481 5505 1536 5560 in
1585 5520 1747 5560 manu
1793 5504 1996 5560 Christi
2040 5505 2108 5561 ad

610 5685 631 5715 ν
669 5680 828 5736 .Ioan.
865 5697 917 5744 κ,
954 5682 1038 5735 Μ.
1118 5680 1160 5711 ¹⁰
1194 5679 1350 5736 Joan.
1393 5697 1470 5747 Ill,
1509 5683 1557 5735 l.
1638 5683 1677 5714 “
1709 5679 1972 5748 Joan.-v1,

2225 4539 2324 4592 μου
2365 4521 2465 4591 τὴν
2503 4520 2696 4590 σάρκα,
2720 4519 2813 4572 καὶ
2867 4518 3035 4600 πίνων
3085 4532 3186 4584 μου
3220 4515 3281 4566 rb
3317 4509 3455 4585 αἷμα
3503 4514 3614 4585 ἔχει
3647 4512 3790 4583 ζωὴν

2221 4612 2457 4666 αἰώνιον.
2497 4631 2515 4663 ι

2290 4877 2398 4930 Καὶ
2433 4875 2632 4940 οὐδεὶς
2663 4874 2920 4943 ἁρπάσει
2947 4875 3016 4927 ἐκ
3055 4873 3163 4942 τῆς
3196 4877 3392 4940 χειρὸς
3426 4869 3530 4924 τοῦ
3560 4870 3781 4936 Πατρός

2214 4984 2355 5036 μου.

2291 5058 2355 5109 Οἱ
2387 5056 2568 5110 πιστοὶ
2596 5055 2691 5112 καὶ
2719 5056 2819 5126 τὴν
2851 5053 3170 5125 ἐπικουρίαν
3205 5053 3384 5122 ἔχουσι
3407 5050 3500 5104 τοῦ
3525 5048 3785 5116 Χριστοῦ,

2221 5146 2281 5200 οὐ
2315 5147 2615 5216 δυναμένου
2649 5146 2741 5199 τοῦ
2769 5146 3016 5199 διαϐόλου
3054 5143 3320 5215 ἁρπάζειν
3352 5141 3569 5203 αὐτούς·
3592 5141 3709 5210 ἦτοι
3737 5140 3787 5191 οἱ

2219 5236 2432 5308 ἔχοντες
2462 5239 2882 5291 ἀκατάπαυστον
2927 5236 3036 5288 τῶν
3065 5233 3285 5302 ἀγαθῶν
3327 5229 3646 5292 ἀπόλαυσιν,
3685 5228 3786 5296 μέ-

2218 5345 2397 5381 νουσιν
2449 5330 2505 5382 ὲν
2554 5327 2724 5398 αὐτῷ,
2777 5327 2873 5396 οὐχ
2911 5325 3247 5396 ἁρπάζοντος
3291 5321 3482 5381 αὐτοὺς
3520 5318 3600 5370 ἔτι
3642 5316 3786 5379 τινος

2217 5418 2324 5471 ἀπὸ
2367 5419 2468 5488 τῆς
2511 5417 2756 5487 δοθείσης
2797 5417 2978 5478 αὐτοῖς
3013 5414 3299 5483 εὐθυμίας,
3340 5413 3418 5473 ei;
3448 5403 3783 5480 τιμωρίανῆ

2218 5507 2500 5576 βασάνους.
2539 5507 2612 5560 Οὐ
2666 5506 2772 5578 γὰρ
2819 5504 3040 5560 δυνατὸν
3096 5502 3219 5566 τοὺς
3269 5502 3427 5564 ὄντας
3471 5500 3527 5553 ἐν
3576 5499 3644 5568 τῇ
3688 5493 3784 5550 τοῦ
