4010 6320
184 297 251 382 at
966 328 1035 385 1N
1074 328 1410 388 JOANNEM.
1435 357 1500 368 —
1533 327 1659 384 LlB.
1702 303 1793 384 vn
1830 326 1918 383 ET
1950 330 2067 386 vut
2092 329 2537 387 FRAGMENTA.
3349 331 3419 385 οε

184 440 419 512 Χριστοῦ
456 440 626 510 χειρὶ.
654 441 971 512 ἀρπαγῆναι
1003 445 1084 508 είς
1111 444 1173 498 τὸ
1193 445 1550 514 κολασθῆναι,
1577 444 1666 498 διὰ
1695 444 1755 498 τὸ

1862 446 2187 515 supplicium
2204 445 2518 516 rapiantur,
2553 443 2950 513 praevalentciu
2972 443 3243 499 inﬁnitum
3260 443 3424 501 Chri-
3480 520 3485 525 κ

180 530 325 597 ἄγαν
371 527 576 598 ίοχύειν
602 528 694 581 τδν
721 530 976 601 Χριστόν.
1018 531 1084 585 Ἦ
1131 532 1238 602 γὰρ
1275 535 1415 605 χεὶρ,
1438 534 1496 585 ὲν
1520 537 1587 604 τῇ
1634 532 1753 603 θείᾳ

182 618 399 689 Γραφῇ,
428 616 527 688 τὴν
557 616 783 689 δύναμιν
824 618 993 691 δηλοῖ·
1033 621 1115 674 ὅτι
1160 622 1258 692 μὲν
1289 618 1384 676 οὖν
1419 623 1676 692 ἀνίκητος
1717 624 1750 693 ἡ

183 710 279 763 τοῦ
313 709 548 779 Χριστοῦ
572 710 693 782 χεὶρ
716 712 808 764 καὶ
829 713 910 774 εἰς
940 713 1119 767 πάντα
1146 713 1421 784 ἰσχύουσα,
1453 713 1754 785 ἀναμφίὸοέ

186 801 298 855 λον.
334 800 469 854 Ἀλλ’
502 800 730 872 ἐπείπερ
754 801 901 873 ἑώρα
932 804 1057 867 τοὺς
1099 804 1379 868 Ἰουδαίους
1408 804 1752 873 καταγελῶν-

192 909 289 954 τας
320 891 485 945 αὐτοῦ
522 893 599 955 ὡς
625 893 913 965 ἀνθρώπου
947 894 1123 964 ψιλοῦ,
1156 895 1230 966 μὴ
1260 895 1513 959 νοοῦντας
1546 897 1627 950 ὅτι
1652 895 1752 966 φύ-

189 993 268 1029 σει
301 977 430 1041 Θεὸς
459 973 529 1048 ἦν
558 976 837 1050 ὁρώμενος
874 982 966 1037 καὶ
1008 982 1403 1054 ψηλαφώμενος
1443 984 1749 1056 ἄνθρωπος,

185 1070 386 1123 πείθων
427 1073 625 1136 αὐτοὺς
655 1074 737 1128 ὅτι
765 1076 929 1141 αὐτός
976 1079 1124 1133 ἐστιν
1163 1080 1197 1149 ἡ
1233 1079 1327 1135 τοῦ
1356 1081 1568 1152 Πατρὸς
1596 1082 1751 1137 δύνα-

186 1179 299 1233 μις,
325 1164 509 1233 φησιν,
542 1166 624 1219 ὅτι
654 1185 673 1216 ι
709 1167 897 1229 Οὐδεὶς
922 1168 1029 1222 ἀπὸ
1064 1170 1164 1239 τῆς
1194 1171 1375 1242 χειρὸς
1415 1172 1510 1229 τοῦ
1547 1174 1761 1246 Πατρός

185 1268 310 1320 μου,
326 1271 343 1303 ι
366 1251 511 1305 τοῦτ’
534 1252 701 1319 ἐστιν,
745 1254 930 1324 Ἐμοῦ.
951 1254 1176 1310 Ἑαυτὸν
1197 1257 1305 1330 γάρ
1334 1276 1466 1329 φησι
1492 1261 1591 1331 τὴν
1618 1278 1750 1315 παν-

1860 545 1967 592 ειο.
2000 537 2191 592 Manus
2232 537 2383 592 enim
2433 537 2488 591 in
2533 536 2721 591 divina
2764 534 3051 605 Scriptura
3098 543 3421 605 potestatem

1859 626 2173 697 signiﬁcat:
2206 627 2353 696 quod
2383 642 2513 682 vero
2546 627 2751 682 invicta
2798 627 2872 683 sit
2913 627 3120 682 Christi
3150 642 3346 683 manus
3373 639 3426 683 ct

1858 720 1914 773 in
1944 718 2128 774 omnia
2159 725 2373 787 potens.
2412 732 2524 773 non
2559 718 2876 787 ambigitur.
2916 718 3131 772 Etenim
3165 717 3425 786 quoniam

1857 808 2076 864 videbat
2101 806 2320 863 Iudaeos
2352 808 2531 878 ipsum
2566 816 2626 863 ut
2651 809 2956 878 simplicem
2991 808 3271 863 hominem
3300 808 3427 861 irri-

1856 898 2072 960 dentes,
2114 911 2213 953 nec
2266 896 2770 953 snimadvertentes
2822 897 3002 967 ipsum
3062 912 3182 953 esse
3231 905 3424 952 natura

1859 988 2024 1043 Deum
2051 987 2147 1057 qui
2185 994 2509 1044 cerneretur
2538 997 2593 1043 ct
2631 985 2952 1056 tangerétur
2981 989 3163 1055 homo,
3196 989 3278 1044 cis
3307 1003 3431 1057 pcr-

1861 1078 2091 1134 suadere
2120 1078 2312 1134 volens
2344 1092 2405 1135 se
2424 1092 2554 1134 esse
2571 1077 2757 1135 Patris
2779 1080 3061 1146 virtutem,
3089 1081 3191 1136 ait:
3219 1099 3238 1132 ι
3257 1081 3427 1135 Nemo

1858 1184 1889 1222 e
1918 1182 2080 1223 manu
2111 1166 2288 1224 Patris
2312 1169 2437 1234 mei,
2471 1187 2491 1222 ι
2516 1169 2623 1226 hoc
2646 1178 2732 1225 est
2766 1184 2908 1226 mea.
2943 1170 3197 1241 Seipsum
3226 1172 3431 1241 quippe

1856 1257 1989 1311 dicit
2043 1257 2477 1326 omnipotentem
2532 1258 2717 1315 Patris
2783 1258 3095 1322 dexteram,
3163 1268 3424 1329 tanquam

182 1341 483 1413 τοδύναμον
515 1343 613 1397 τοῦ
641 1346 854 1416 Πατρὺς
887 1346 1087 1411 δεξιὰν,
1135 1348 1212 1413 ὼς
1259 1350 1327 1403 δι’
1370 1351 1533 1406 αὐτοῦ
1582 1352 1758 1409 πάντα

1862 1346 2019 1403 Patre
2048 1363 2148 1418 per
2177 1363 2303 1404 eum
2343 1348 2532 1404 omnia
2560 1356 2845 1418 operante,
2887 1350 3036 1405 sicut
3060 1359 3115 1405 et
3151 1365 3215 1405 ea
3246 1365 3370 1420 qua:
3400 1365 3428 1403 a

185 1433 537 1505 ἐνεργοῦντος
585 1433 679 1489 τοῦ
712 1437 953 1507 Πατρός·
991 1439 1066 1503 ὡς
1099 1441 1192 1493 καὶ
1232 1440 1320 1495 διὰ
1353 1443 1452 1513 τῆς
1486 1444 1752 1514 ἡμετέρας

1862 1440 2018 1496 nobis
2046 1447 2177 1496 sunt
2206 1454 2304 1509 per
2335 1453 2559 1494 manum
2589 1448 2836 1495 nostram
2869 1449 3123 1512 operata.
3153 1443 3212 1496 ln
3243 1441 3431 1497 multis

184 1525 368 1597 χειρὸς
398 1527 468 1581 τὰ
493 1527 625 1597 παρ’
654 1526 807 1598 ἡμῶν
836 1529 1222 1600 ἐνεργούμενα.
1264 1530 1355 1585 Ἐν
1394 1532 1608 1596 πολλοῖς
1646 1533 1754 1611 γὰρ

1862 1533 2005 1589 enim
2036 1531 2339 1604 Scriptura}
2389 1533 2531 1590 locis
2563 1532 2824 1591 Christus
2862 1536 3186 1589 nominatur
3234 1550 3432 1588 manus

182 1617 284 1687 τῆς
315 1617 539 1688 Γραφῆς
568 1618 774 1685 τόποις,
798 1622 827 1673 ὁ
872 1621 1104 1691 Χριστὸς
1142 1622 1264 1694 χεὶρ
1304 1623 1627 1695 ὀνομάζεται
1659 1624 1754 1679 καὶ

1862 1631 1916 1680 et
1942 1624 2167 1681 dextera
2213 1621 2416 1688 Patris,
2467 1625 2614 1695 quod
2659 1633 2823 1681 sonat
2861 1633 3192 1695 potestatem
3227 1640 3292 1680 ac
3316 1626 3431 1681 vir-

180 1708 334 1773 δεξιά
376 1709 469 1762 τοῦ
509 1711 741 1781 Πατρός
779 1712 921 1782 ὅπερ
949 1714 1203 1784 σημαίνει
1236 1715 1336 1787 τὴν
1378 1716 1625 1788 δύναμιν·
1660 1720 1753 1772 καὶ

1862 1723 2032 1773 tutem
2071 1734 2087 1772 :
2127 1723 2181 1772 et
2212 1716 2539 1787 simpliciter
2573 1730 2774 1773 manus
2809 1717 2901 1772 Dei
2941 1724 3300 1787 nuncupatur
3350 1719 3429 1773 vis

179 1799 372 1863 ἁπλῶς
402 1802 520 1873 χεὶρ
544 1802 867 1873 ὀνομάζεται
894 1803 1080 1876 Θεοῦή
1106 1808 1482 1879 παντουργικὴ
1508 1808 1756 1880 ἐνέργεια

1862 1819 1913 1867 et
1952 1819 2195 1881 potestas
2222 1810 2473 1866 omnium
2513 1808 2784 1866 eﬂ‘ectrix.
2822 1809 3051 1881 Semper
3072 1811 3221 1867 enim
3251 1825 3432 1867 sermo

182 1890 279 1943 καὶ
298 1890 475 1959 ἰσχύς.
517 1891 783 1961 Ἀμείνων
808 1895 917 1965 γάρ
951 1911 1068 1959 πως
1092 1895 1181 1950 ἀεὶ
1213 1898 1532 1969 σωματικῆς
1555 1915 1757 1967 φαντα-

1862 1905 1929 1959 de
1970 1903 2086 1958 Deo
2132 1902 2309 1972 major
2357 1909 2447 1957 est
2473 1916 2640 1972 quam
2689 1909 2750 1958 ut
2799 1892 2929 1958 eum.
2965 1916 3235 1973 corporeo
3266 1917 3431 1958 sensu

182 1980 308 2043 σίας
355 1982 385 2033 ὁ
415 1981 545 2051 περὶ
580 1981 715 2035 Θεοῦ
746 1983 920 2052 λόγος·
948 1984 1166 2054 λέγεται
1194 1987 1253 2042 δὲ
1284 1990 1313 2041 ό
1343 1989 1534 2060 Πατὴρ
1553 1989 1757 2043 διδόναι

1862 1995 2147 2066 imaginari
2180 2010 2248 2052 ac
2289 1995 2622 2051 adumbrare
2665 1997 2947 2065 possimus
2979 2016 2992 2051 :
3024 1996 3231 2052 dicitur
3268 1995 3435 2051 Pater

180 2071 260 2141 τῷ
287 2071 423 2142 Υἱῷ,
454 2074 552 2143 οὐχ
577 2073 651 2137 ὡς
680 2073 756 2145 μὴ
785 2074 961 2145 ἔχοντι
985 2078 1072 2131 ἀεὶ
1102 2079 1207 2132 ὑπὸ
1235 2082 1395 2151 χεῖρα
1427 2081 1525 2152 τὴν
1560 2082 1756 2146 κτίσιν,

180 2161 301 2214 ἀλλ’
326 2161 401 2224 ὠς
429 2162 542 2215 ὄντι
584 2164 733 2234 αὐτῷ
777 2165 938 2232 φύσει
996 2168 1132 2239 ζωῇ,
1181 2170 1564 2241 προσκομίζων
1612 2173 1760 2243 ἡμᾶς

179 2252 310 2315 τοὺς
340 2254 723 2324 ὲπιδεομένους
752 2256 919 2326 ζωῆς,
952 2259 1041 2313 ἵνα
1073 2261 1178 2314 ὑπὸ
1212 2261 1308 2315 τοῦ
1338 2262 1469 2317 Υἱοῦ
1497 2264 1763 2335 ζωοποιη-

182 2340 369 2414 οῶμεν
422 2344 517 2398 τοῦ
569 2346 721 2409 ὄντος
784 2347 945 2416 φύσει
988 2350 1154 2420 ζωῆς,
1181 2353 1273 2406 καὶ
1309 2353 1520 2408 οἴκοθεν
1549 2354 1761 2425 ἔχοντος

177 2435 365 2490 τοῦτο.
402 2437 551 2509 Πλὴν
591 2438 686 2492 καὶ
736 2439 875 2494 καθὸ
914 2441 1135 2511 γέγονεν
1175 2443 1477 2517 ἄνθρωπος,
1527 2447 1760 2517 ἁρμόζει

180 2525 355 2596 αὐτῷ,
393 2526 455 2580 τὸ
483 2529 658 2581 αίτεῖν
689 2545 751 2582 τε
786 2529 882 2583 καὶ
909 2529 1209 2601 λαμϐάνειν
1247 2533 1398 2603 παρά
1420 2533 1515 2587 τοῦ
1549 2534 1760 2605 Πατρὸς

177 2618 217 2673 ἃ
243 2614 392 2688 εἶχεν
423 2619 500 2684 ὡς
524 2619 684 2688 φύσει
713 2619 866 2685 Θεός.

266 2710 415 2780 Ἐγὼ
442 2711 542 2765 καὶ
570 2714 604 2766 ὁ
632 2712 838 2783 Πατὴρ
861 2713 931 2767 ἓν
951 2715 1157 2785 ἐσμεν.

265 2802 468 2865 Ἐἀσας
504 2802 613 2873 γὰρ
649 2803 717 2857 τὰ
743 2803 1059 2876 ἀνθρώπινα
1089 2811 1120 2861 ὁ
1149 2808 1401 2879 Χριστὸς,
1437 2810 1530 2862 ἐπὶ
1559 2809 1621 2861 τὸ
1642 2808 1763 2862 θεο-

178 2893 394 2968 πρεπὲς
419 2893 585 2947 αὑτοῦ
606 2895 895 2965 ἀνατρέχει
928 2894 1165 2967 ἀξίωμα,
1194 2898 1621 2970 ὲναὸρυνόμενος
1648 2901 1760 2963 τοῖς

176 2988 435 3055 φυσικοῖς
460 2984 627 3039 αὐτοῦ
660 2986 1106 3058 πλεονεκτήμασι
1134 2990 1224 3044 διὰ
1261 2991 1324 3045 τὸ
1353 2993 1624 3063 χρήσιμον
1651 2992 1761 3045 τῶν

1860 2090 1991 2144 dare
2018 2085 2179 2154 Filio,
2210 2102 2322 2141 non
2361 2093 2625 2156 tanquam
2658 2100 2768 2140 non
2810 2086 3040 2142 habenti
3085 2100 3304 2156 semper
3329 2086 3434 2139 sub

1860 2195 2027 2255 manu
2048 2187 2382 2245 creaturam,
2418 2179 2513 2235 sed
2544 2186 2808 2247 tanquam
2839 2176 2891 2233 ei
2921 2176 3210 2233 exsistenti
3237 2182 3434 2230 natura

1860 2274 1986 2329 vitm
2010 2286 2111 2328 nos
2136 2271 2246 2326 vita
2277 2270 2589 2342 indigentes
2609 2268 2873 2334 offerens,
2897 2274 3011 2322 uta
3036 2266 3203 2332 Filio,
3222 2268 3314 2338 qui
3334 2282 3435 2322 ex-

1862 2365 2012 2421 sistit
2044 2371 2243 2419 natura
2266 2362 2380 2418 vita
2402 2369 2457 2416 et
2482 2360 2850 2426 domesticum
2880 2359 2987 2414 hoc
3028 2359 3214 2423 habet,
3255 2357 3434 2412 viviﬁ-

1860 2470 2070 2512 ccmur.
2102 2455 2208 2511 Sed
2234 2462 2509 2525 quatenus
2541 2452 2724 2508 tactus
2750 2459 2835 2507 est
2871 2452 3059 2516 homo,
3094 2450 3354 2506 convenit
3383 2450 3433 2506 ei

1862 2558 2051 2622 petere
2082 2558 2138 2606 et
2170 2549 2419 2619 accipere
2445 2562 2475 2603 a
2507 2546 2672 2603 Patre
2699 2561 2771 2607 ea.
2797 2560 2919 2616 qua:
2957 2554 3018 2600 ut
3049 2538 3265 2600 natura
3287 2544 3434 2599 Deus

1860 2643 2025 2697 etiam
2070 2640 2330 2695 habebat.

1937 2732 1979 2786 Χ
2002 2772 2016 2794 ,
2044 2733 2133 2788 50.
2180 2731 2291 2802 Ego
2332 2742 2385 2786 et
2421 2730 2581 2785 Pater
2607 2745 2771 2783 unum
2814 2747 3017 2783 sumus.

1934 2821 2182 2877 Humana
2216 2823 2360 2876 enim
2393 2820 2672 2875 facessere
2704 2818 2908 2888 jubens
2933 2817 3213 2881 Christus,
3244 2816 3310 2870 ad
3345 2816 3434 2871 di-

1862 2914 2021 2969 vinas
2047 2926 2180 2968 suas
2210 2910 2368 2967 dotes
2399 2909 2886 2982 dignationemque
2910 2908 3166 2972 recurrit,
3206 2916 3436 2961 natura-

1863 3006 2012 3061 libus
2042 3004 2159 3062 suis
2186 3002 2568 3074 praerogativis
2596 3001 2763 3074 m7
2795 3000 3149 3072 triumphans
3180 3000 3250 3055 ob
3283 3000 3434 3054 utili-

178 3076 395 3132 πιστῶν
426 3078 521 3131 καὶ⁵
542 3078 644 3149 τὴν
695 3079 826 3147 ὑγιᾶ
857 3079 1060 3145 πίστιν,
1098 3081 1220 3151 ἥτις
1266 3082 1383 3136 ἐστὶ
1410 3083 1471 3136 τὸ
1521 3082 1759 3154 μηδόλως

1863 3104 2033 3152 tatem
2061 3102 2119 3151 et
2143 3108 2335 3150 sanam
2368 3094 2532 3148 ﬁdem
2566 3092 2831 3158 ﬁdelium,
2864 3107 2986 3162 qua;
3013 3098 3132 3148 erat
3161 3091 3434 3161 ejusmodi

177 3167 515 3222 ὑποπτεύειν
538 3169 798 3224 ἐλάττονα
818 3167 958 3226 εἶναι
972 3171 1068 3226 τοῦ
1092 3173 1307 3244 Πατρδς
1322 3173 1412 3227 τὸν
1433 3174 1581 3228 Υίόν.
1607 3173 1762 3229 Οὕτω

177 3261 292 3333 γὰρ
322 3261 595 3317 δείκνυται
637 3262 805 3317 εἰκὼν
840 3265 1035 3334 ἀσινὴς
1065 3264 1160 3320 τοῦ
1206 3266 1438 3337 Πατρὸς,
1470 3266 1763 3340 ὁλόκληρον

176 3354 240 3406 ὲν
266 3352 451 3423 ἑαυτῷ
482 3354 575 3408 καὶ
599 3354 727 3424 ὑγιῆ
762 3355 1044 3419 διασώζων
1082 3357 1176 3409 τὸν
1214 3356 1310 3409 τοῦ
1341 3357 1552 3428 Πατρὺς
1587 3376 1763 3429 χαρα-

177 3445 381 3516 κτῆρα.
424 3445 521 3499 Ἐν
547 3445 604 3499 δὲ
626 3445 859 3518 λέγομεν
888 3450 980 3501 τὸν
1011 3447 1139 3501 Υίὸν
1161 3447 1255 3501 καὶ
1279 3449 1369 3503 τὸν
1402 3450 1641 3519 Πατέρα,
1663 3452 1763 3505 οὐκ

178 3537 555 3607 ἀναφῦροντες
579 3537 679 3600 τὰς
710 3540 771 3591 ὲν
816 3538 1034 3610 ἀριθμῷ
1084 3540 1318 3610 μονάδας
1342 3578 1358 3602 ,
1390 3541 1573 3605 καθώς
1617 3559 1762 3606 τινες

177 3630 275 3683 τὸν
296 3629 462 3683 αὑτὸν
490 3625 630 3683 εἶναι
661 3630 880 3698 λέγουσι
912 3631 1134 3701 Πατέρα
1153 3631 1248 3685 καὶ
1276 3631 1425 3694 Υίδν,
1455 3631 1592 3687 ἀλλὰ
1617 3632 1763 3697 ίδίως

181 3723 486 3790 ὑφεστάναι
535 3722 885 3787 πιστεύοντες
933 3722 1025 3776 τὸν
1071 3723 1311 3793 Πατέρα,
1352 3723 1447 3777 καὶ
1500 3723 1646 3788 ἰδίως
1669 3724 1763 3777 τὸν

181 3811 336 3879 Υίδν,
368 3813 496 3874 τοὺς
536 3813 592 3866 δὲ
641 3813 735 3866 δύο
785 3814 867 3877 εἰς
908 3813 1038 3885 μίαν
1083 3813 1272 3879 οὐσίας
1299 3813 1604 3885 ταυτότητα
1632 3831 1762 3870 συνο

179 3905 434 3972 άγοντες,
466 3903 562 3958 καὶ
592 3903 722 3975 μίαν
767 3908 987 3975 ἔχοντας
1046 3906 1200 3976 ίσχὺν
1238 3906 1456 3971 είδότες,
1498 3907 1574 3972 ὡς
1603 3908 1662 3960 ὲν
1683 3906 1762 3978 τῷ

179 3994 357 4065 ἑτέρῳ
388 3996 576 4064 ἕτερον
621 3994 1058 4066 ἀπαραλλάκτως
1099 3996 1357 4068 ὁρᾶσθαιο
1397 3997 1497 4061 τὰς
1521 3997 1580 4051 δέ
1607 4014 1672 4066 γε
1703 3999 1762 4052 ὲν

179 4087 299 4148 τοῖς
342 4085 695 4153 Εὐαγγελίοις
730 4083 827 4140 τοῦ
879 4085 1131 4158 Σωτῆρος
1183 4088 1341 4158 ήμῶν
1379 4087 1584 4156 φωνὰς,
1635 4086 1762 4144 οὔτε

183 4174 519 4229 ὑποστάσεσι
543 4175 716 4241 δυσὶν,
746 4176 870 4230 οὔτε
898 4177 1007 4248 μὴν
1035 4177 1345 4248 προσώποις
1390 4179 1762 4253 καταμερίζο-

188 4283 311 4336 μεν.
343 4268 419 4321 Οὐ
446 4268 555 4338 γάρ
591 4270 707 4322 ἐστι
751 4267 973 4332 διπλοῦς
1002 4271 1033 4323 δ
1070 4263 1151 4334 εἷς
1182 4271 1276 4325 καὶ
1308 4272 1468 4342 μόνος
1504 4273 1760 4343 Χριστὸς,

184 4357 291 4411 κᾶν
310 4360 376 4411 ἐκ
398 4358 495 4412 δύο
515 4359 706 4428 νοῆται
734 4362 829 4413 καὶ
862 4361 1140 4432 διαφόρων
1170 4364 1511 4434 πραγμάτων
1540 4367 1621 4429 είς
1642 4365 1762 4419 ἑνό-

1864 3196 1924 3243 ιιι
1955 3186 2151 3242 Filium
2189 3185 2348 3240 Patre
2385 3184 2654 3239 minorem
2684 3186 2810 3239 esSe
2838 3180 3159 3236 nullomodo
3186 3180 3431 3249 suspica-

1862 3280 2076 3330 rentur.
2107 3270 2200 3326 Sic
2233 3271 2383 3326 enim
2410 3272 2740 3327 intemerata
2768 3269 2952 3326 Patris
2980 3270 3159 3340 imago
3188 3267 3433 3324 ostendi-

1859 3374 1952 3420 tur
1969 3366 2242 3435 integrum
2258 3371 2315 3418 et
2330 3362 2572 3418 solidum
2605 3378 2836 3419 servans
2863 3364 2917 3417 in
2946 3378 3005 3418 se
3028 3361 3209 3417 Patris
3237 3361 3433 3415 chara-

1861 3464 2089 3511 cterem.
2132 3450 2315 3507 Unum
2353 3466 2484 3508 vero
2531 3452 2773 3508 dicimus
2829 3452 3050 3508 Patrem
3097 3459 3152 3507 et
3204 3449 3429 3514 Filium,

1861 3558 1971 3599 non
2017 3542 2258 3597 unitates
2310 3542 2366 3595 in
2397 3557 2630 3598 numero
2666 3542 3077 3599 confundentes
3111 3584 3126 3610 ,
3164 3543 3432 3613 quemad-

1861 3631 2108 3693 modum.
2131 3630 2387 3685 nonnulli
2430 3632 2686 3687 eumdem
2719 3648 2850 3688 esse
2888 3633 3080 3688 dicunt
3114 3635 3331 3689 Patrem
3381 3642 3435 3689 ct

1859 3719 2086 3783 Filium,
2117 3720 2217 3775 sed
2238 3718 2459 3789 proprie
2496 3733 2560 3773 ac
2594 3724 2825 3776 seorsim
2864 3722 3169 3778 subsistere
3198 3704 3434 3777 crcdizn-
3530 3742 3539 3745 -

1860 3820 1947 3868 tes
1979 3813 2224 3874 Patrem,
2262 3794 2488 3879 proprie
2512 3816 2567 3864 et
2596 3809 2831 3866 seorsim
2874 3808 3099 3874 Filium,
3137 3809 3277 3865 duos
3302 3825 3432 3865 vero

1862 3903 1919 3959 in
1959 3917 2123 3959 unam
2165 3901 2493 3958 substantias
2530 3900 2877 3956 identitatem
2918 3902 3336 3973 conjungentes,
3380 3911 3436 3957 et

1860 4009 2028 4050 unam
2061 3994 2266 4048 habere
2290 3993 2401 4048 vim
2441 4006 2507 4047 ac
2550 3997 2883 4062 potestatem
2933 3992 3196 4056 scientes,
3250 3992 3322 4046 ita
3371 4001 3433 4047 ut

1863 4088 2003 4142 alter
2034 4086 2091 4141 in
2119 4086 2296 4140 altero
2326 4084 2811 4139 indiscriminatim
2848 4093 3141 4151 cernatur;
3174 4092 3434 4140 caeterum

1862 4176 2180 4234 Servatoris
2217 4175 2399 4232 nostri
2434 4175 2494 4230 in
2524 4174 2842 4245 Evangeliis
2862 4189 3051 4238 voces,
3081 4191 3256 4246 neque
3300 4176 3435 4231 dua-

1861 4267 1969 4323 bus
1997 4264 2394 4338 hypostasibus
2428 4277 2605 4333 neque
2648 4262 2904 4333 personis
2946 4262 3267 4317 dividimus.
3314 4262 3432 4318 Non

1864 4357 2013 4414 enim
2047 4357 2246 4428 duplex
2283 4363 2373 4412 est
2415 4371 2560 4411 unus
2606 4362 2664 4410 et
2715 4353 2871 4410 solus
2901 4351 3193 4416 Christus,
3224 4354 3329 4409 etsi
3365 4346 3431 4408 es

180 4464 325 4519 τητα
347 4450 457 4517 τὴν
469 4449 764 4519 ἀμέριστον
793 4452 1268 4522 συνενηνεγμένος,
1290 4454 1543 4525 καθάπερ
1567 4456 1759 4527 ἀμέλει

1866 4449 2084 4507 duabus
2112 4457 2168 4504 et
2191 4447 2573 4504 diﬂ‘erentibus
2600 4445 2769 4500 rebus
2801 4445 2858 4500 in
2892 4445 3153 4500 unitatem
3183 4445 3435 4501 indivisi-

183 4541 280 4593 καὶ
312 4538 600 4611 ἄνθρωπος
651 4541 717 4595 ὲκ
756 4541 936 4612 ψυχῆς
982 4543 1076 4597 καὶ
1114 4544 1386 4615 σώματος,
1435 4549 1496 4601 οὐ
1540 4547 1761 4612 διπλοῦς

186 4630 411 4700 μᾶλλον,
451 4629 568 4684 ἀλλ’
590 4625 671 4694 εἷς
696 4631 756 4696 ἐξ
788 4634 1012 4702 ἀμφοῖν.
1054 4635 1215 4689 Ἀλλά
1236 4637 1331 4690 καὶ⁸
1356 4636 1457 4700 τὰς
1480 4636 1578 4691 ἀνθ
1588 4638 1760 4709 ρωπί-

181 4740 283 4787 νας
313 4724 411 4777 καὶ
435 4723 536 4785 τὰς
561 4721 750 4786 θεῖκάς
778 4724 908 4795 παρ’
937 4725 1057 4789 ἐνὸς
1086 4726 1340 4797 εἰρῆσθαί
1385 4744 1593 4798 φαμεν,
1628 4745 1761 4800 φρο-

180 4814 405 4878 νοῦντες
437 4814 614 4886 ὀρθῶς
634 4831 650 4847 ο
680 4816 808 4869 ὅταν
842 4819 940 4886 μὲν
961 4817 1071 4888 γὰρ
1103 4818 1423 4888 Θεοπρεπῶς
1453 4819 1586 4891 λέγῃ
1632 4819 1762 4890 περὶ

184 4906 384 4959 ἑαυτοῦ
403 4922 418 4935 υ
452 4925 472 4957 ι
518 4905 660 4974 Ἐγὼ
693 4907 786 4960 καὶ
813 4908 841 4960 ὁ
868 4907 1058 4979 Πατὴρ
1082 4907 1140 4961 ἐν
1170 4909 1354 4977 ἐσμεν,
1395 4928 1413 4961 ι
1454 4909 1551 4978 τὴν
1576 4908 1764 4979 Θεϊκὴν

183 4998 352 5052 αὑτοῦ
382 5000 477 5052 καὶ
501 4999 813 5070 ἀπόρρητον
841 4999 1129 5069 ἐννοοῦμεν
1169 4999 1350 5068 φύσιν,
1392 4998 1515 5052 καθ’
1555 5000 1623 5071 ἢν
1668 4999 1763 5054 καὶ

182 5090 245 5142 ἓν
272 5092 388 5143 ἐστι
421 5089 561 5159 πρὸς
592 5089 683 5142 τὸν
707 5088 905 5143 ἑαυτοῦ
935 5090 1163 5161 Πατέρα
1196 5088 1284 5143 διά
1321 5090 1421 5160 τὴν
1458 5089 1762 5161 ταυτότητα

186 5178 286 5246 τῆς
318 5177 529 5242 οὐσίας,
580 5177 744 5232 εἰκών
777 5196 837 5232 τε
866 5180 961 5233 καὶ
993 5179 1281 5252 χαρακτὴρ
1309 5180 1402 5233 καῖ
1427 5180 1765 5253 ἀπαύγασμα

172 5270 287 5338 ’τῆς
313 5270 472 5339 δόξης
504 5268 671 5323 αὑτοῦ
693 5284 707 5299 ο
737 5270 866 5324 ὅταν
908 5270 966 5324 δὲ
996 5271 1057 5324 τὸ
1087 5271 1186 5341 τῆς
1228 5271 1646 5343 ἀνθρωπότητος
1676 5273 1777 5343 μέσ-

186 5376 316 5429 τρον
347 5360 447 5412 οὐκ
476 5357 779 5428 ἀτιμάζων,
807 5360 917 5422 τοῖς
959 5359 1234 5423 Ἰουδαίοις
1262 5359 1540 5431 προσλαλῇ
1562 5374 1574 5387 ·
1601 5378 1618 5409 ι
1648 5359 1761 5412 Νῦν

185 5449 244 5502 δὲ
271 5448 484 5519 ζητεῖτέ
517 5466 586 5519 με
617 5450 935 5504 ἀποκτεῖναι
964 5450 1270 5521 ἄνθρωπον,
1294 5451 1353 5514 ὃς
1374 5449 1473 5520 τὴν
1505 5448 1762 5521 ἀλήθειαν

186 5543 315 5610 ὑμῖν
336 5540 612 5609 λελάληκα
635 5558 650 5573 ·
697 5560 716 5592 ι
749 5541 910 5595 πάλιν
935 5543 1088 5596 οὐδὲν
1123 5539 1284 5614 ἦττον
1328 5543 1385 5595 ἐν
1424 5541 1628 5610 ἰσότητι
1668 5538 1759 5593 τοῦ

186 5632 417 5700 ιιατρὺς,
447 5633 541 5684 καὶ
561 5633 624 5684 ὲκ
653 5632 762 5685 τῶν
796 5633 893 5705 τῆς
919 5634 1336 5706 ἀνθρωπότητος
1356 5631 1519 5686 αὐτοῦ
1543 5632 1757 5704 μέτρων

263 5742 305 5774 ⁸⁸
338 5741 497 5798 Joan.
527 5756 649 5808 vm,
683 5739 770 5794 '57.

1865 4541 2031 4597 bilem
2064 4535 2289 4595 collatis
2312 4538 2675 4608 intelligatur,
2696 4536 3159 4607 quemadmodum
3178 4536 3436 4591 videlicet

1865 4633 2029 4688 homo
2080 4638 2165 4686 est
2213 4630 2500 4684 anima-et
2531 4643 2766 4697 corpore
2812 4643 2924 4683 non
2965 4629 3191 4699 duplex,
3222 4630 3316 4682 sed
3366 4645 3431 4682 ex

1848 4737 2100 4796 .utroque
2127 4739 2292 4779 unus.
2325 4720 2432 4777 Sed
2471 4729 2531 4778 et)
2562 4721 2835 4779 humanas
2874 4728 2929 4777 et
2972 4721 3186 4776 divinas
3212 4720 3282 4774 ab
3325 4735 3433 4773 uno

1864 4817 2113 4887 prolatas
2141 4814 2397 4877 dicimus,
2447 4819 2600 4867 recto
2654 4811 2879 4881 quidem
2944 4826 3151 4867 sensu:
3207 4807 3432 4877 quando

1867 4907 2036 4974 enim,
2075 4913 2240 4976 prout
2310 4905 2479 4959 Deum
2524 4902 2706 4968 decet,
2744 4902 2812 4957 de
2874 4902 3059 4971 seipso
3121 4900 3366 4970 loquitur
3414 4916 3430 4954 :

1873 5016 1894 5048 ε
1930 4996 2045 5067 Ego
2088 5002 2144 5051 et
2191 4995 2349 5048 Pater
2387 5007 2552 5046 unum
2594 5006 2810 5057 sumus,
2862 5010 2882 5044 ι
2926 4990 3166 5045 divinam
3213 4990 3333 5058 ejus
3380 4982 3466 5043 δι’

1868 5085 2198 5142 ineﬂabilem
2239 5083 2545 5154 cogitamus
2585 5090 2864 5144 naturam,
2911 5068 3215 5136 secundum
3265 5094 3429 5148 quam

1869 5193 2040 5234 unum
2073 5183 2158 5231 est
2184 5189 2308 5229 cum
2338 5187 2440 5228 suo
2479 5172 2640 5226 Patre
2669 5181 2894 5242 propter
2923 5170 3251 5226 substantiae
3281 5170 3433 5225 iden-

1866 5268 2104 5329 titatem,
2149 5265 2329 5332 imago
2368 5276 2587 5331 quoque
2636 5269 2692 5314 et
2732 5260 3019 5314 character
3064 5266 3118 5312 et
3171 5258 3436 5328 splendor

1866 5358 2057 5428 gloria:
2078 5354 2197 5422 ejus
2223 5373 2237 5407 :
2272 5352 2494 5423 quando
2522 5366 2652 5406 vero
2681 5350 3038 5404 humanitatis
3068 5349 3292 5403 modum
3323 5363 3432 5404 non

1869 5460 2139 5518 spernens
2169 5442 2388 5499 Judmos
2413 5442 2714 5512 alloquitur
2738 5458 2752 5494 :
2792 5458 2811 5491 ι
2842 5438 2999 5497 Nunc
3027 5455 3160 5495 vero
3187 5439 3433 5510 quiut-itis

1869 5553 1957 5593 me
1983 5535 2293 5591 interﬁcere
2323 5533 2599 5587 hominem
2632 5530 2727 5600 qui
2764 5531 3052 5587 veritatem
3086 5532 3243 5587 vobis
3286 5531 3433 5585 locu-

1869 5639 1957 5686 tus
1991 5642 2111 5685 sum
2148 5627 2226 5690 ¹¹;
2294 5645 2311 5679 ι
2360 5639 2557 5681 rursus
2612 5623 2969 5681 nihilominus
3021 5626 3075 5680 iu
3123 5623 3432 5695 aequalitate
