4010 6320
581 340 653 392 2?)
1571 336 1626 392 S.
1660 334 1939 392 CYRILLI
1974 332 2445 390 ALEXANDBINI
2481 335 2803 392 ARCHIEP.
3747 340 3818 392 24

582 447 764 503 Patrls
791 447 958 502 etiam
990 461 1054 502 ex
1090 445 1452 500 humanitatis
1499 446 1620 514 ejus
1649 445 1827 500 modis
1861 442 2150 513 cognosci-

2257 444 2705 516 ὲπιγινώσκομεν.
2753 447 2816 498 Ei
2847 447 2954 517 γὰρ
2983 445 3310 516 πιστεύομεν
3347 446 3428 499 ὅτι
3454 445 3586 509 Θεὸς
3616 445 3693 499 ὢν
3716 447 3815 516 φύς

581 553 726 592 mus.
763 537 818 591 Si
839 538 983 591 enim
1011 536 1292 590 credimus
1323 536 1450 604 quia
1477 537 1619 590 Deus
1644 544 1839 590 natura
1873 535 2148 590 exsistens

582 629 746 682 homo
792 627 972 682 factus
1019 635 1126 692 est,
1179 627 1262 680 vel
1291 625 1438 697 quod
1475 635 1734 696 tanquam
1771 626 1939 680 homo
1965 625 2148 679 anima

581 717 838 772 rationali
869 718 1166 781 animatus,
1195 731 1316 784 qua:
1350 715 1488 770 ratio
1519 725 1623 778 est,
1653 730 1816 770 voces
1857 715 1977 784 ejus
2022 729 2148 768 eru-

582 809 830 874 bescere,
863 807 1008 877 quod
1051 807 1164 862 sint
1199 807 1404 860 homini
1437 806 1867 862 convenientes?
1913 804 1969 858 Si
2002 806 2146 859 enim

581 898 908 952 detrectaret
936 913 1218 952 sermones
1243 897 1522 952 hominem
1548 899 1826 960 decentes,
1855 896 1976 966 quis
1994 896 2146 949 illum

582 991 759 1060 coegit
794 991 1067 1046 hominem
1106 991 1406 1047 secundum
1442 1007 1544 1046 nos
1568 992 1728 1047 ﬁeri?
1759 991 1859 1057 Qui
1895 1006 2026 1046 vero
2049 991 2148 1046 de-

581 1079 732 1132 misit
761 1079 1002 1149 seipsum
1044 1089 1271 1150 prOpter
1316 1097 1418 1137 nos
1445 1081 1513 1136 ad
1559 1083 1931 1138 voluntariam
1967 1082 2148 1135 inani-

583 1176 749 1223 tatem
803 1170 880 1234 “,
918 1185 1082 1239 quam
1131 1171 1205 1225 ob
1234 1186 1458 1226 causam
1502 1175 1670 1226 verba
1721 1172 1848 1226 huic
1896 1171 2145 1225 inanitati

583 1259 970 1314 convenientia
1005 1262 1364 1317 detrectaret?
1394 1263 1497 1317 Uni
1535 1263 1702 1333 igitur
1739 1278 1989 1332 personae
2027 1277 2148 1316 om-

583 1364 682 1404 nes
714 1365 880 1406 voces
928 1353 983 1405 in
1030 1352 1363 1421 Evangeliis,
1413 1354 1505 1405 uni
1555 1353 1837 1423 hypostasi
1877 1351 2039 1407 Verbi
2069 1353 2149 1406 in-

583 1442 800 1495 carnati
830 1443 1192 1498 attribuenda:
1224 1452 1373 1498 sunt.
1407 1443 1670 1497 Dominus
1702 1445 1848 1498 enim
1884 1460 2028 1499 unus
2063 1443 2149 1497 Je-

584 1545 681 1586 sus
706 1530 977 1599 Christus,
999 1535 1299 1596 secundum
1319 1549 1506 1589 voces.
1536 1534 1802 1590 Praeterea
1823 1536 1867 1590 si
1895 1535 2149 1590 omnibus

583 1621 761 1690 major
781 1632 863 1677 est
894 1622 1078 1690 Pater,
1108 1624 1347 1679 divinam
1384 1625 1638 1692 videlicet
1663 1627 2016 1679 eminentiam
2053 1626 2149 1679 ha-

583 1711 721 1768 bens
757 1721 817 1768 ut
852 1729 980 1785 erga
1026 1715 1288 1782 facturas,
1348 1724 1403 1772 et
1455 1727 1607 1772 extra
1659 1717 1843 1771 omnia
1887 1724 1940 1772 et
1985 1733 2149 1787 supra

2258 550 2340 585 σει
2379 534 2598 602 γέγονεν
2625 536 2927 604 ἄνθρωπος,
2961 535 2990 604 ἦ
3013 537 3087 598 ὼς
3115 535 3400 606 ἄνθρωπος
3429 536 3822 607 ἑμψυχωμένος

2255 625 2398 694 ψυχῇ
2433 625 2647 696 λογικῇ,
2684 630 2832 680 ποῖον
2859 627 2923 680 ἂν
2969 626 3080 697 ἔχοι
3113 627 3268 695 λόγον
3298 628 3358 680 τὺ
3397 628 3819 698 ἐπαισχύνεσθαι

2254 720 2375 780 ταῖς
2400 717 2529 788 παρ’
2563 717 2726 771 αὐτοῦ
2751 721 2975 786 φωναῖς,
3016 720 3064 771 εί
3105 719 3388 787 γεγόνασιν
3433 718 3820 791 ἁνθρωποπρε-

2257 809 2406 874 πῶς;
2437 811 2500 862 Ei
2530 810 2639 881 γὰρ
2683 812 2996 880 παραιτοῖτο
3033 813 3158 873 τοὺς
3197 809 3470 881 ἀνθρώπῳ
3511 811 3821 881 πρέποντας

2254 898 2464 967 λόγους,
2498 901 2581 962 τίς
2609 902 2637 952 6
2665 901 2978 969 ἀναγκάσας
3002 901 3254 968 γενέσθαι
3294 901 3414 953 καθ’
3443 903 3588 971 ἡμᾶς
3621 902 3821 971 ἂνθρω-

2257 1008 2390 1056 πον;
2437 992 2495 1044 Ὀ
2526 992 2582 1044 δὲ
2619 992 2807 1054 καθεὶς
2841 993 3031 1044 ἑαυτὸν
3077 992 3144 1045 δι’
3167 993 3312 1061 ἡμᾶς
3347 993 3424 1054 είς
3453 991 3696 1044 ἑκούσιον
3726 991 3820 1043 κὲ-

2255 1099 2440 1147 νωσιν,
2462 1082 2550 1135 διὰ
2573 1083 2729 1135 ποίαν
2755 1084 2929 1154 αἰτίαν
2955 1079 3269 1153 παραιτοῖτο
3302 1083 3368 1136 ἂν
3398 1083 3523 1144 τοὺς
3549 1085 3615 1152 τῇ
3655 1085 3822 1133 κενω-

2258 1167 2350 1225 σεξ
2363 1173 2672 1244 πρέποντας
2705 1173 2926 1240 λόγους;
2966 1173 3080 1226 Ἑνὶ
3106 1173 3394 1244 τοιγαροῦν
3416 1173 3691 1242 προσώπῳ
3723 1171 3824 1233 τὰς

2256 1267 2313 1316 ὲν
2345 1267 2457 1328 τοῖς
2505 1265 2858 1332 Εὐαγγελίοις
2892 1263 3068 1325 πάσας
3117 1263 3402 1316 ἀναθετέον
3454 1263 3657 1330 φωνὰς,
3693 1263 3825 1314 ὑπο-

2258 1357 2445 1408 στάσει
2484 1358 2581 1426 μιᾷ
2602 1354 2696 1408 τοῦ
2715 1355 2886 1422 Λόγου
2916 1354 3351 1423 σεσαρκωμὲνου.
3370 1352 3575 1422 Κύριος
3607 1351 3712 1422 γὰρ
3743 1346 3823 1414 εἷς

2269 1446 2474 1516 Ἰησοῦς
2511 1445 2765 1515 Χριστὸς,
2806 1443 2946 1497 κατά
2969 1443 3068 1506 τὰς
3123 1441 3326 1510 φωνάς.
3353 1443 3472 1494 Ἔτι
3503 1444 3552 1493 εἰ
3604 1442 3822 1492 πάντων

2261 1537 2462 1607 μείζων
2490 1537 2634 1589 ἐστὶν
2659 1538 2688 1588 6
2712 1539 2919 1606 Πατὴρ,
2961 1534 3235 1604 θεοπρεπῆ
3262 1532 3500 1603 δηλονότι
3533 1532 3631 1601 τὴν
3657 1531 3824 1599 ὑπερ-

2255 1625 2553 1696 οχὴνῖχων
2603 1626 2678 1688 ὡς
2717 1625 2850 1696 πρὸς
2899 1625 2966 1676 τὰ
3014 1625 3309 1693 ποιήματα,
3352 1622 3442 1675 καὶ
3466 1621 3568 1684 ἔξω
3607 1620 3824 1673 πάντων

2258 1717 2349 1770 καὶ
2371 1717 2463 1768 ἐπὶ
2487 1716 2663 1769 πάντα
2698 1714 2847 1767 ἔσται
2871 1729 2883 1741 ·
2914 1716 2942 1767 6
2968 1713 3024 1766 δὲ
3049 1713 3219 1774 οὕτως
3244 1711 3381 1781 ἔχων
3407 1710 3619 1779 φύσεώς
3643 1727 3702 1762 τε
3730 1711 3825 1762 καὶ

584 1804 777 1858 omnia
816 1806 888 1860 sit
921 1823 932 1856 :
968 1808 1062 1879 qui
1104 1822 1235 1863 vero
1276 1808 1350 1861 ita
1385 1823 1445 1863 se
1474 1807 1642 1863 habet
1679 1810 1859 1877 quoad
1894 1817 2149 1862 naturam

2257 1807 2582 1878 ἀξιώματος,
2639 1807 2697 1859 ἓν
2747 1808 2893 1858 ἐστιν
2931 1805 3008 1866 ὡς
3035 1805 3170 1874 πρὸς
3205 1804 3292 1856 τὸν
3331 1804 3489 1856 Υἱόν’
3536 1799 3654 1855 εἶτα
3706 1802 3822 1864 πῶς

585 1902 640 1949 et
661 1911 730 1950 ex
769 1895 1059 1966 dignitate,
1092 1913 1260 1952 unum
1285 1909 1369 1954 est
1395 1906 1454 1953 ut
1481 1914 1610 1970 erga
1640 1897 1842 1954 Filium
1877 1917 1890 1952 :
1923 1915 2152 1969 quomo-

585 1984 678 2049 do,
697 1985 912 2052 amabo,
933 1988 1149 2054 genitus
1165 1987 1272 2042 erit
1299 1988 1394 2057 qui
1412 1988 1656 2059 ingenito
1677 1986 1826 2043 Patri
1849 1987 2151 2043 secundum

585 2073 949 2127 substantiam
999 2075 1142 2130 idem
1210 2076 1331 2132 est?
1370 2076 1467 2132 Vel
1520 2078 1800 2147 quomodo
1842 2079 1898 2131 in
1964 2079 2151 2132 omni-

585 2163 691 2216 bus
721 2168 782 2215 ut
813 2163 1024 2220 factura
1045 2167 1361 2222 censebitur
1391 2169 1482 2237 qui
1513 2169 1680 2240 668
1712 2169 1886 2239 major
1917 2179 2003 2225 est
2035 2185 2153 2224 om-

583 2251 749 2308 nibus
787 2267 910 2309 cum
955 2255 1138 2322 Patre,
1179 2265 1233 2312 et
1266 2259 1484 2328 quidem
1532 2261 1707 2329 major
1744 2274 1810 2314 eo
1850 2260 2013 2316 modo
2045 2277 2153 2330 quo

587 2343 734 2400 Deus
753 2343 919 2400 fuerit
941 2360 1070 2417 erga
1107 2347 1355 2403 facturas
1385 2349 1556 2404 suas?

658 2432 769 2505 Ego
795 2443 845 2490 et
877 2435 1041 2490 Pater
1061 2453 1223 2491 unum
1248 2455 1451 2493 sumus.
1482 2438 1685 2509 Nempe
1706 2443 1974 2497 vocabulo
1991 2460 2154 2497 unum

585 2525 832 2595 ejusdem
873 2543 998 2584 esse
1035 2545 1095 2585 se
1128 2531 1448 2586 substantiae
1482 2547 1606 2586 cum
1641 2532 1802 2589 Patre
1843 2534 2152 2602 signiﬁcat;

585 2616 757 2672 verbo
784 2627 965 2673 autem
1001 2637 1183 2674 sumus
1222 2623 1275 2675 in
1307 2623 1416 2676 duo
1432 2623 1624 2677 dividit
1657 2639 1768 2678 rem
1801 2624 2151 2689 intellectam,

588 2723 888 2779 rursusque
918 2711 974 2765 in
1004 2726 1166 2765 unam
1203 2713 1412 2784 colligit
1450 2714 1730 2768 deitatem.

657 2795 740 2862 Χ,
788 2799 874 2852 51.
919 2797 1258 2854 Sustulerunt
1308 2818 1428 2871 ergo
1472 2819 1657 2855 rursus
1722 2800 1900 2855 Juda't'
1951 2803 2152 2870 lapides

585 2895 645 2940 ut
670 2887 967 2956 lapidarent
992 2906 1130 2943 eum.
1208 2910 1216 2916 ·

657 2977 778 3034 Non
805 2982 950 3034 enim
978 2979 1216 3037 ferentes
1255 2998 1380 3037 eum
1424 2984 1515 3053 qui
1543 3000 1662 3040 sese
1692 3000 1860 3037 unum
1884 3000 2006 3039 esse
2029 3000 2152 3038 cum

589 3067 752 3123 Patre
779 3069 1012 3136 diceret,
1043 3073 1110 3127 ad
1142 3074 1504 3130 occidendum
1536 3091 1658 3132 eum
1683 3078 1886 3147 impetu
1916 3078 2152 3146 quodam

589 3159 732 3228 rapti
761 3169 910 3227 sunt,
936 3162 1063 3218 licet
1097 3166 1529 3236 unumquodque
1580 3183 1806 3237 Operum
1844 3169 1963 3238 ejus
1989 3168 2154 3224 Deum

589 3262 715 3303 esse
749 3248 898 3304 illum
932 3261 1130 3306 natura
1169 3254 1304 3309 satis
1342 3255 1685 3324 praedicaret.
1712 3254 1830 3309 Non
1858 3257 2034 3310 solum
2058 3273 2157 3311 au-

591 3351 700 3396 tem
727 3355 894 3406 nunc,
931 3343 1026 3397 sed
1071 3351 1124 3398 et
1173 3345 1312 3399 alias
1343 3346 1577 3401 sublatis
1619 3347 1896 3417 lapidibus
1940 3359 2002 3404 ut
2031 3365 2155 3405 eum

592 3427 988 3496 interﬁcerent,
1046 3432 1358 3488 immobiles
1411 3441 1679 3489 steterunt
1718 3438 1771 3490 vi
1815 3446 1870 3491 et
1918 3437 2157 3493 eliicacia

589 3517 796 3574 Christi
819 3539 830 3574 :
851 3535 918 3577 ex
937 3537 1046 3591 quo
1075 3522 1281 3591 liquido
1297 3532 1518 3578 constat
1542 3541 1690 3590 eum,
1721 3528 1826 3580 nisi
1854 3529 2148 3594 volentem,

589 3624 874 3680 nunquam
912 3626 1204 3680 passurum
1249 3613 1440 3669 fuisse.
1488 3615 1858 3674 Nihilosecius
1888 3635 1984 3688 per
2010 3636 2160 3674 sum-

592 3713 739 3753 mam
760 3701 1233 3756 mansuetudinem
1255 3703 1507 3760 Christus
1535 3703 1804 3762 furiosum
1837 3719 2028 3761 eorum
2056 3707 2157 3760 im-

590 3798 775 3860 petum
805 3791 1054 3848 cohibuit
1087 3793 1282 3848 dicens
1313 3813 1326 3849 :
1361 3793 1618 3865 Nunquid
1650 3797 1720 3850 ob
1759 3798 1987 3866 aliquod
2031 3814 2154 3852 ver.-

589 3883 717 3938 bum
751 3883 896 3951 quod
948 3883 1062 3936 dixi
1109 3885 1437 3949 irascimini,
1493 3895 1586 3939 aut
1634 3887 1706 3941 ob
1744 3888 1966 3958 aliquod
2020 3904 2159 3959 opus

589 3973 740 4044 quod
770 3974 909 4029 feci?
937 3973 993 4027 Si
1025 3976 1170 4030 enim
1201 3990 1310 4029 non
1343 3977 1513 4036 multa
1559 3978 1808 4033 fecissem
1845 3979 1952 4035 Deo
1994 3982 2161 4052 digna

589 4081 873 4137 opera,me
903 4074 1101 4121 natura
1131 4068 1299 4123 Deum
1328 4084 1454 4125 esse
1477 4071 1761 4133 testantia,
1786 4073 1984 4128 merito
2014 4073 2159 4126 indi.

588 4155 895 4226 gnaremini
929 4155 1215 4212 audientes
1250 4172 1336 4212 me
1364 4173 1510 4212 nunc
1545 4157 1820 4212 dicentem
1859 4178 1870 4213 :
1912 4179 1928 4210 ι
1968 4160 2082 4229 Ego
2106 4167 2160 4214 et

587 4246 750 4302 Pater
791 4263 962 4302 unum
997 4263 1225 4316 sumus;
1269 4267 1288 4298 ι
1324 4241 1427 4303 sed
1457 4263 1564 4302 non
1597 4249 1698 4303 hoc
1729 4250 2010 4316 dixissem,
2053 4251 2159 4304 nisi

587 4354 689 4408 per
715 4339 903 4393 omnia
937 4355 1060 4408 qua:
1100 4341 1206 4394 feci
1238 4341 1582 4410 probassem.
1628 4341 1716 4394 Ait
1760 4357 1888 4396 vero
1933 4359 1962 4396 a
1999 4343 2159 4396 Patre

589 4438 644 4485 et
671 4445 781 4484 non
805 4445 834 4483 a
862 4431 1048 4500 seipso
1073 4446 1261 4500 Opera,
1295 4432 1561 4487 modestia
1605 4433 1863 4488 nimirum
1901 4443 2064 4488 utens
2091 4433 2156 4487 ad

2255 1899 2407 1952 ἐσται
2437 1898 2694 1968 γεννητὸς
2717 1899 2745 1951 6
2779 1897 2857 1968 τῷ
2891 1897 3169 1965 ἀγεννήτῳ
3211 1893 3384 1964 Πατρὶ
3419 1895 3540 1945 κατ’
3573 1895 3762 1946 οὐσίαν
3793 1895 3824 1944 6

2254 1991 2451 2056 αὑτός;
2485 1992 2555 2044 Ἢ
2577 1989 2694 2053 πῶς
2717 1991 2774 2042 ἐν
2794 1990 2905 2051 τοῖς
2920 1989 3087 2040 πᾶσιν
3109 1986 3184 2049 ὡς
3208 1985 3419 2054 ποίημα
3443 1983 3822 2052 λογισθήσεται

2256 2084 2284 2136 6
2317 2082 2519 2154 μείζων
2536 2082 2750 2135 πάντων
2779 2080 2916 2151 μετὰ
2943 2078 3180 2148 Πατρος,
3213 2075 3412 2146 μείζων
3440 2075 3496 2128 δὲ
3529 2073 3718 2139 οὕτως,
3746 2073 3822 2135 ὡς

2257 2173 2324 2228 ἂν
2347 2174 2430 2245 εἴη
2459 2173 2591 2239 Θεὸς
2623 2173 2758 2244 πρὸς
2781 2173 2847 2226 τὰ
2879 2172 3188 2242 ποιήματα;

2343 2434 2488 2502 Ἐγὼ
2524 2434 2600 2502 (1)
2638 2433 2734 2487 καὶ
2757 2434 2789 2486 ὀ
2814 2432 3014 2500 Πατὴρ
3041 2432 3111 2486 ἓν
3138 2431 3344 2498 ἐσμεν.
3394 2427 3491 2482 Διὰ
3538 2427 3634 2498 μὲν
3661 2427 3723 2479 τὸ
3752 2426 3826 2480 ἐν

2257 2526 2357 2596 τὴν
2403 2526 2706 2594 ταυτότητα
2757 2525 2854 2593 τῆς
2912 2523 3102 2585 οὐσίας
3153 2521 3442 2592 σημαίνει⁶
3489 2519 3579 2572 διὰ
3629 2519 3686 2571 δὲ
3718 2517 3816 2570 τοῦ

2258 2615 2446 2686 ἐσμὲν·
2473 2619 2552 2678 εἰς
2581 2615 2747 2668 δυάδα
2776 2615 2964 2684 τέμνει
2990 2614 3051 2666 τὸ
3100 2613 3405 2683 νοούμενον,
3434 2611 3527 2664 καὶ
3555 2611 3715 2664 πάλιν
3743 2611 3825 2668 εἰς

2263 2709 2390 2778 μίαν
2417 2707 2670 2778 περισφίγ
2686 2723 2763 2774 γει
2799 2705 3045 2774 θεότητα.

2339 2798 2711 2850 Ἐϐάστασαν
2735 2792 2848 2850 οὖν
2876 2796 3061 2849 πάλιν
3080 2797 3133 2848 ol
3175 2793 3444 2848 Ἰουδαῖοι
3470 2793 3695 2858 λίθους,
3723 2791 3832 2844 ἵνα

2257 2887 2591 2940 λιθάσωσιν
2614 2887 2816 2939 αὐτόν.
3682 2924 3688 2930 -

2330 2978 2423 3046 Μὴ
2456 2978 2816 3047 ἀνασχόμενοι
2845 2977 2951 3046 γὰρ
2968 2974 3154 3038 αὑτοῦ,
3181 2973 3238 3026 ἓν
3269 2969 3408 3025 εἶναι
3435 2971 3624 3024 ἑαυτὸν
3643 2971 3826 3038 λέγον-

2260 3087 2350 3133 τος
2373 3069 2506 3138 πρὸς
2539 3067 2628 3120 τὸν
2653 3067 2872 3136 Πατέρα
2891 3107 2903 3130 ,
2946 3065 3038 3117 ἐπὶ
3066 3066 3126 3117 τὸ
3153 3063 3408 3133 φονεῦσαι
3449 3064 3607 3116 αὐτὸν
3634 3063 3830 3133 ὥρμη-

2185 3181 2226 3238 C
2261 3177 2360 3214 σαν
2385 3177 2397 3189 ·
2422 3160 2622 3230 καίπερ
2649 3159 2879 3210 ἑκάστου
2903 3156 3011 3210 τῶν
3041 3158 3170 3225 παρ’
3189 3155 3356 3208 αὐτοῦ
3372 3155 3676 3225 ,γινομένων
3693 3155 3829 3207 Θεὲν

2257 3254 2419 3306 αὑτὸν
2449 3250 2889 3321 ἀναγορευόντων
2919 3247 3100 3316 φύσει.
3131 3248 3206 3300 Οὐ
3247 3247 3404 3316 μόνον
3439 3247 3495 3299 δὲ
3544 3247 3656 3309 νῦν,
3694 3245 3828 3300 ἀλλὰ

2257 3346 2351 3398 καὶ
2384 3343 2569 3398 ἄλλοτε
2605 3341 2858 3402 λαϐόντες
2906 3339 3084 3401 λίθους
3107 3338 3198 3390 ἐπὶ
3235 3337 3314 3407 τῷ
3358 3338 3518 3391 αὐτὸν
3551 3337 3824 3404 φονεῦσαι,

2257 3435 2505 3503 ἀκίνητοι
2535 3433 2768 3501 ἔστησαν
2791 3429 3040 3501 ἐνεργείᾳ
3062 3432 3127 3499 τῇ
3155 3427 3248 3482 τοῦ
3276 3426 3510 3498 Χριστοῦ
3528 3443 3545 3459 ·
3576 3427 3650 3489 ὡς
3671 3427 3828 3496 δῆλον

2258 3527 2352 3579 καὶ
2384 3527 2448 3577 ὲκ
2488 3524 2677 3577 τούτου
2725 3522 2999 3590 γενέσθαι,
3042 3522 3124 3573 ὅτι
3148 3521 3246 3572 οὐκ
3291 3519 3354 3572 ἂν
3389 3519 3644 3587 ἔπασχεν,
3676 3517 3827 3586 εἰμὴ

2259 3617 2421 3669 ἑκών.
2456 3615 2645 3684 Ὅμως
2671 3613 2756 3666 διὰ
2775 3612 3044 3681 ἡπιότητα
3065 3611 3092 3662 6
3125 3609 3357 3678 Χριστὸς
3381 3609 3702 3662 κατέστελλε
3730 3609 3827 3677 τὴν

2259 3709 2479 3762 ἐκείνων
2527 3705 2717 3774 ἄλογον
2761 3703 2955 3776 ὁρμὴν,
2986 3702 3160 3769 λέγων
3181 3743 3195 3764 ,
3237 3702 3320 3762 οὐ,
3361 3702 3458 3753 Διὰ
3491 3703 3638 3752 ποῖον
3669 3701 3828 3767 λόγον

2259 3802 2316 3853 ὃν
2337 3796 2509 3863 εἷπον,
2535 3796 2837 3868 θυμοῢσθε;
2866 3793 3021 3857 ἀλλὰ,
3037 3792 3135 3844 Διά
3162 3793 3311 3842 ποῖον
3334 3791 3491 3860 ἔργον
3509 3790 3536 3843 6
3559 3791 3791 3859 ἐποίησα
3813 3810 3826 3854 ;

2259 3893 2322 3945 Εἰ
2351 3891 2459 3962 γὰρ
2501 3891 2574 3960 μὴ
2603 3887 2852 3954 ἐποίησα,
2884 3885 3036 3951 φησὶ,
3083 3881 3252 3934 πολλά
3291 3880 3564 3952 θεοπρεπῆ
3598 3881 3731 3950 ἔργα
3763 3883 3832 3934 τὰ

2259 3984 2539 4036 δεικνύντα
2577 3997 2642 4048 με
2682 3977 2840 4046 φύσει
2886 3974 3036 4039 Θεὸν,
3097 3973 3321 4035 εἰκότως
3350 3972 3414 4025 ἂν
3446 3973 3825 4040 ἠγανακτεῖτε,

2259 4075 2354 4128 νῦν
2383 4069 2668 4130 ἀκούοντές
2701 4085 2801 4137 μου
2820 4066 3068 4134 λέγοντος
3089 4083 3101 4096 ο
3142 4083 3159 4116 ι
3200 4061 3341 4133 Ἐγὼ
3369 4065 3463 4117 καὶ
3489 4067 3515 4117 6
3552 4065 3738 4133 Πατὴρ
3770 4065 3829 4116 ἓν

2259 4167 2426 4226 ἐσμεν
2459 4182 2476 4212 ι
2511 4139 2648 4213 Ἀλλ’
2675 4159 2774 4211 οὐκ
2811 4157 2874 4211 ἂν
2923 4153 3074 4209 εἷπον
3101 4155 3278 4215 τοῦτο.
3302 4157 3349 4207 εί
3381 4154 3453 4224 μὴ
3497 4155 3586 4207 διὰ
3613 4155 3830 4208 πάντων

2259 4248 2334 4308 ὧν
2368 4252 2618 4318 ἐποίησα,
2657 4249 2816 4301 τοῦτο
2844 4247 3038 4311 ἔδειξα.
3069 4248 3205 4316 Φησὶ
3233 4246 3289 4298 δὲ
3319 4245 3470 4315 παρὰ
3501 4245 3594 4298 τοῦ
3619 4247 3831 4317 Πατρὸς

2259 4348 2320 4398 ού
2354 4343 2483 4414 παρ’
2517 4338 2711 4393 ἑαυτοῦ
2748 4337 2818 4392 τὰ
2863 4338 3000 4407 ἔργα
3029 4377 3043 4399 ,
3088 4335 3492 4406 μετριοφρονῶν
3547 4335 3683 4406 πρὸς
3731 4335 3829 4404 τὴν

2259 4435 2417 4506 ἡμῶν
2445 4431 2733 4499 ὠφέλειαν,
2761 4429 2850 4482 ἵνα
2882 4428 2956 4497 μὴ
2984 4429 3113 4480 ὅταν
3152 4426 3406 4496 λάϐωμέν
3426 4442 3479 4478 τι
3503 4426 3651 4497 παρά
3668 4426 3827 4489 Θεοῦ,

589 4533 837 4579 nostram
874 4525 1188 4589 utilitatem,
1234 4542 1300 4579 ne
1331 4541 1459 4580 cum
1490 4528 1692 4596 aliquid
1735 4543 1764 4580 a
1796 4527 1906 4582 Deo
1941 4528 2153 4597 accepi-

2261 4518 2734 4588 ἁλαζονευώμεθα.
2779 4516 3084 4586 Δεδειχέναι
3123 4517 3179 4569 δὲ
3231 4517 3359 4587 περὶ
3399 4516 3491 4570 τοῦ
3523 4517 3732 4586 Πατρὸς
3764 4517 3830 4570 τὰ

589 4631 740 4682 mus,
773 4626 1098 4685 arrogantes
1123 4617 1316 4672 simus.
1337 4617 1657 4674 Ostendisse
1687 4635 1818 4674 vero
1849 4633 1908 4674 se
1938 4633 1968 4671 a
1999 4620 2160 4671 Patre

589 4721 759 4776 opera
791 4706 947 4770 dicit,
980 4724 1094 4762 non
1120 4723 1179 4762 se
1207 4708 1276 4761 ab
1311 4723 1497 4762 eorum
1525 4709 1717 4765 elTectu
1752 4719 1804 4764 et
1843 4710 2160 4778 operatione

589 4799 830 4854 alienum
877 4799 1288 4863 demonstrans,
1331 4800 1440 4854 imo
1494 4802 1666 4855 totius
1715 4802 1939 4856 deitatis
1991 4815 2158 4870 opera

587 4904 714 4945 esse
744 4889 966 4944 docens.
1002 4889 1188 4947 Deitas
1232 4908 1366 4948 vero
1417 4911 1522 4948 una
1569 4895 1894 4963 intelligitur
1922 4910 1952 4949 a
1995 4895 2158 4950 nobis

547 4982 558 4991 '
589 4981 646 5035 in
680 4979 843 5034 Patre
872 4988 926 5035 et
954 4980 1094 5035 Filio
1118 4990 1174 5038 et
1207 4983 1424 5054 Spiritu
1455 4997 1669 5039 sancto.
1711 4983 1866 5050 Quod
1899 4986 2042 5039 enim
2074 4988 2158 5039 vi-

589 5072 787 5126 delicet
839 5071 969 5139 facit
1007 5072 1190 5138 Pater,
1246 5076 1352 5130 hoc
1386 5076 1672 5145 perficitur
1719 5091 1816 5145 per
1850 5075 2047 5130 Filium
2102 5077 2156 5130 in

590 5159 822 5229 Spiritu.
873 5160 938 5214 Et
987 5178 1184 5218 rursus
1236 5166 1382 5234 quod
1431 5164 1605 5222 Filius
1656 5166 1808 5228 iacit.
1841 5167 1943 5220 hoc
1995 5170 2159 5224 Pater

591 5249 771 5307 facere
798 5254 852 5306 in
890 5253 1099 5323 Spiritu
1133 5255 1358 5311 dicitur.
1385 5256 1566 5320 Quare
1591 5265 1644 5311 et
1686 5258 1802 5327 ipse
1829 5257 1968 5313 dixit
2000 5277 2013 5313 ;
2048 5277 2066 5310 ι
2114 5261 2158 5313 Λ

589 5342 800 5412 meipso
833 5345 969 5399 nihil
1013 5345 1175 5412 facio,
1218 5346 1378 5401 Pater
1403 5362 1536 5402 vero
1574 5349 1629 5403 in
1663 5366 1747 5406 me
1774 5366 2006 5408 manens
2039 5353 2156 5421 ipse

589 5427 722 5484 facit
744 5446 931 5502 opera.
975 5450 993 5482 ι

663 5543 708 5576 ιε
736 5540 974 5613 Philipp.
1005 5558 1063 5607 ιι,
1107 5542 1156 5594 7.

2262 4618 2399 4687 ἔργα
2430 4615 2614 4684 φησὶν,
2648 4612 2748 4662 οὐκ
2776 4609 3053 4678 ἀλλότριον
3092 4607 3283 4660 ἑαυτὸν
3317 4607 3532 4670 δεικνὺς
3561 4607 3661 4675 τῆς
3684 4609 3826 4659 ἐκεί-

2263 4721 2368 4756 νων
2399 4698 2697 4769 ἑνεργείας,
2725 4695 2860 4749 ἀλλὰ
2881 4695 3144 4748 διδάσκων
3175 4696 3256 4748 ὅτι
3294 4695 3392 4764 τῆς
3412 4697 3539 4767 ὅλης
3571 4697 3684 4748 ἐστὶ
3709 4697 3828 4749 θεό-

2261 4805 2421 4858 τητος
2449 4788 2516 4839 τὰ
2551 4786 2707 4856 ἔργα.
2749 4784 2952 4854 Θεότης
2983 4783 3038 4835 δὲ
3063 4784 3162 4852 μία
3194 4786 3392 4836 νοεῖται
3427 4784 3556 4854 παρ’
3588 4786 3742 4855 ἡμῶν
3773 4787 3826 4837 ἐν

2263 4880 2436 4948 Πατρὶ
2456 4877 2549 4930 καὶ
2569 4875 2683 4946 Υίῷ
2709 4875 2802 4928 καὶ
2841 4873 2978 4942 ἁγίῳ
3005 4872 3302 4943 Πνεύματι.
3330 4874 3505 4945 Ὀπερ
3534 4876 3641 4945 γὰρ
3671 4878 3823 4945 τυχὸν

2263 4971 2409 5022 ποιεῖ
2443 4969 2471 5018 ὁ
2491 4965 2700 5036 Πατὴρ,
2723 4963 2883 5019 τοῦτο
2910 4962 3143 5017 τελεῖται
3178 4963 3245 5016 δι’
3287 4963 3416 5017 Υἱοῦ
3438 4966 3497 5016 ὲν
3525 4965 3826 5034 Πνεύματι.

2263 5061 2371 5114 Καὶ
2400 5060 2582 5122 πάλιν,
2632 5058 2660 5110 ὃ
2711 5058 2854 5109 ποιεῖ
2897 5057 2925 5114 6
2954 5055 3101 5120 Υἱὸς,
3143 5056 3300 5109 τοῦτο
3333 5056 3549 5123 λέγεται
3580 5060 3608 5110 6
3643 5057 3828 5127 Πατὴρ

2265 5154 2437 5204 ποιεῖν
2482 5152 2540 5202 ἐν
2585 5147 2880 5217 Πνεύματι.
2934 5147 3024 5200 Διὸ
3070 5150 3162 5200 καὶ
3200 5149 3360 5211 αὐτὸς
3399 5149 3614 5216 ἔλεγεν·
3646 5168 3664 5200 ι
3709 5149 3825 5201 Ἀπ’

2265 5240 2504 5312 ἐμαυτοῦ
2543 5239 2692 5292 οὐδὲν
2724 5239 2881 5300 ποιῶ,
2915 5240 2943 5290 6
2967 5239 3022 5292 δὲ
3043 5239 3231 5309 Πατὴρ
3269 5240 3327 5292 ὲν
3349 5239 3473 5309 ἐμοὶ
3507 5239 3704 5309 μένων,
3733 5240 3828 5300 αὖ.

2262 5335 2352 5397 τὸς
2385 5335 2527 5386 ποιεῖ
2557 5329 2626 5384 τὰ
2653 5329 2810 5400 ἔργα.
2855 5351 2874 5386 ι

663 5682 901 5755 (ηῈγὼ
941 5721 954 5734 .
984 5723 992 5732 .
1030 5723 1040 5732 .
1073 5723 1082 5734 .
1115 5681 1360 5748 θεότητα
1393 5683 1518 5738 add.
1552 5697 1618 5740 cx
1646 5691 1836 5740 catena
1867 5685 2012 5751 Vat.,
2049 5683 2143 5741 fol.

2258 5685 2290 5742 6
2322 5684 2380 5750 Β,
2417 5700 2502 5754 ap.
2541 5684 2641 5738 mi
2681 5684 2814 5740 ibid.
