4010 6320
230 317 303 372 es
1009 319 1080 375 IN
1116 318 1451 378 JOANNEM.
1495 355 1564 363 —
1604 324 1734 381 LIB.
1778 329 1867 383 vn
1909 328 1995 385 ET
2035 328 2145 385 vui
2179 328 2623 398 FRAGMENTA.
2658 304 2659 309 ‘
3397 330 3473 387 so

309 436 450 506 Περὶ
480 433 669 490 καλοῦ
701 433 877 504 ἔργου
903 436 974 489 οὐ
1006 437 1320 507 λιθάζομέν
1355 453 1452 505 σε,
1488 440 1649 495 ἀλλὰ
1665 444 1798 511 περὶ

1972 445 2053 512 Χ,
2091 445 2180 499 33.
2224 445 2299 499 De
2331 446 2466 499 bona
2505 459 2654 513 opere
2680 458 2783 496 non
2827 414 3130 513 [epidemus
3174 451 3244 509 te,
3287 444 3375 496 sed
3400 446 3464 493 de

242 528 656 597 βλασφημίας.
1758 586 1761 589 .

317 619 571 689 Ἔχοντες
595 616 755 687 ζῆλον
775 616 931 683 Θεοῦ,
951 618 1068 671 ἀλλ’
1096 619 1158 671 οὐ
1188 623 1308 675 κατ’
1336 622 1652 688 ἐπίγνωσιν,
1673 623 1810 691 ἠγα-

245 712 471 767 νάκτουν
528 709 818 772 ἀκούοντες
871 708 966 762 τοῦ
995 710 1232 780 Χριστοῦ
1281 711 1562 780 λέγοντος·
1593 732 1612 764 ι
1668 712 1808 781 Ἐγὼ

246 803 337 857 καὶ
366 799 602 871 ὁΠατὴρ
631 799 689 853 ἐν
735 800 923 870 ἐσμεν.
971 818 989 851 ι
1028 801 1093 853 Τί
1133 801 1241 873 γὰρ
1270 802 1330 855 τὸ
1385 803 1597 856 κωλύον
1650 803 1809 857 αὐτὸν

246 888 383 943 εἶναι
421 888 477 941 ἓν
510 886 645 958 πρὸς
695 888 785 940 τὸν
825 888 1067 956 Πατέρα,
1120 890 1277 961 είπερ
1335 892 1663 946 ἐπίστευσαν
1725 893 1807 946 ὅτι

243 982 374 1045 Θεὸς
401 977 470 1051 ἦν
491 982 631 1033 κατὰ
664 980 824 1049 φύσιν
844 998 859 1046 ;
880 982 972 1033 Διὸ
1000 983 1092 1035 καὶ
1129 981 1367 1047 λιθάζειν
1407 985 1567 1039 αὑτὸν
1596 985 1809 1055 ἐπεχεί-

245 1089 393 1143 ρουν,
418 1072 512 1125 καὶ
534 1070 958 1139 ἀπολογούμενοι
996 1071 1062 1125 δι’
1089 1073 1155 1145 ἣν
1183 1075 1364 1127 αἰτίαν
1389 1075 1546 1129 τοῦτο
1566 1076 1805 1141 ἐποίουν,

243 1162 428 1229 φασὶν,
460 1163 540 1215 ὅτι
574 1162 672 1231 οὐχ
694 1162 878 1215 ἕνεκεν
904 1155 980 1215 ὧν
1016 1164 1281 1235 ἐποίησας
1302 1167 1482 1220 καλῶν
1516 1167 1806 1237 λιθάζομέν

244 1270 326 1315 σε,
354 1253 469 1307 ἀλλ’
492 1254 573 1305 ὅτι
591 1253 929 1324 βλασφημεῖς
951 1274 965 1288 ·
983 1257 1136 1311 αὐτοὶ⁵
1167 1261 1232 1312 ἐκ
1258 1259 1352 1311 τοῦ
1374 1260 1616 1314 ἐναντίου
1641 1261 1806 1331 βλασ-

242 1342 570 1412 φημοῦντες,
601 1342 669 1395 δι’
692 1337 764 1396 ὧν
803 1344 991 1413 ἤθελον
1035 1346 1279 1412 λιθάζειν
1308 1348 1401 1399 τὸν
1437 1349 1564 1402 ὄντα
1587 1349 1805 1420 ’ἀληθῶς

242 1432 398 1495 Θεὸν,
430 1433 749 1502 ἀγνοοῦντες
772 1436 852 1489 ὅτι
885 1437 947 1489 οὐ
977 1441 1157 1509 γυμνῇ
1191 1442 1255 1509 τῇ
1292 1439 1500 1509 θεότητι
1527 1440 1746 1511 ἔμελλεν
1775 1442 1805 1493 6

254 1519 460 1590 Ἰησοῦς
488 1521 789 1591 ἐπιδημεῖν,
817 1523 951 1577 ἀλλὰ
981 1525 1353 1595 σαρκούμενος
1398 1527 1461 1579 ἐκ
1493 1529 1804 1598 σπέρματος

240 1612 429 1675 Δαόὶδ,
460 1611 807 1682 βλασφημίαν
841 1610 978 1667 εἶναι
1004 1615 1254 1683 λέγοντες
1280 1616 1379 1688 τὴν
1414 1617 1579 1688 ὀρθὴν
1609 1619 1803 1689 ὁμολο-

242 1703 387 1771 γίαν.
416 1704 718 1767 Φάσκοντος
745 1699 858 1769 οὖν,
890 1725 908 1756 ι
931 1705 1072 1774 Ἐγὼ
1097 1708 1189 1760 καὶ
1211 1709 1239 1759 ὁ
1260 1708 1444 1779 Πατὴρ
1474 1710 1533 1761 ἐν
1561 1711 1747 1780 ἐσμεν,
1778 1730 1797 1758 ι

1908 535 2249 603 blasphemia.

1976 622 2164 678 Zelum
2201 622 2295 677 Dei
2328 622 2632 687 habentes,
2677 621 2776 677 sed
2816 637 2926 676 non
2956 621 3256 677 secundum
3293 619 3469 675 scicn-

1906 714 2077 777 tiam,
2134 713 2570 784 indignabantur
2618 714 2908 767 audientes
2968 712 3240 766 dicentem
3308 710 3470 765 Chri-

1907 813 2049 859 stum
2084 824 2098 859 :
2138 824 2156 856 ι
2192 804 2304 874 Ego
2346 812 2401 860 et
2433 803 2595 859 Pater
2627 820 2800 859 unum
2844 819 3055 858 sumus.
3092 822 3110 854 ι
3155 802 3293 867 Quid
3325 802 3468 855 enim

1906 894 2122 948 vetabat
2153 910 2276 948 eum
2313 910 2437 949 esse
2471 910 2640 948 unum
2682 910 2807 949 cum
2841 892 3023 957 Patre,
3068 894 3113 948 si
3149 893 3313 946 modo
3346 907 3469 944 cre-

1905 983 2172 1040 didissent
2231 1000 2353 1039 eum
2406 1001 2531 1042 esse
2590 986 2893 1040 secundum
2946 993 3201 1040 naturam
3260 982 3472 1038 Deum?

1906 1073 2084 1138 Quare
2126 1081 2180 1127 et
2230 1073 2438 1142 lapides
2480 1074 2534 1127 in
2579 1089 2701 1127 eum
2730 1075 2916 1141 jacere
2966 1073 3384 1143 aggrediuntur,
3417 1079 3471 1124 et

1906 1164 2172 1218 rationem
2201 1163 2498 1218 rcddcnlcs
2522 1177 2622 1217 cur
2649 1163 2703 1216 id
2742 1161 3010 1224 facerent,
3042 1163 3217 1227 aiunt,
3251 1160 3365 1214 Non
3401 1161 3472 1213 oh

1904 1270 1968 1311 ea
2018 1270 2139 1325 qua:
2188 1254 2448 1324 praeclare
2495 1252 2672 1308 fecisti
2710 1253 3018 1322 lapidamus
3066 1260 3147 1315 te,
3202 1252 3297 1307 sed
3343 1252 3471 1319 quia

1904 1346 2248 1415 blasphemas
2288 1363 2301 1399 :
2347 1360 2470 1399 cum
2511 1345 2615 1414 ipsi
2670 1360 2699 1398 e
2734 1345 3016 1399 contrario
3065 1344 3468 1412 blasphement.

1905 1435 1971 1489 ad
2008 1436 2362 1513 lspidandum
2398 1450 2547 1499 eum,
2581 1434 2674 1503 qui
2707 1449 2836 1489 vere
2868 1442 2954 1489 est
2998 1433 3162 1498 Deus,
3199 1433 3469 1498 accincti,

1904 1527 2154 1581 videlicet
2202 1526 2420 1596 ignari,
2471 1542 2581 1580 non
2633 1526 2691 1579 in
2741 1525 2981 1595 simplici
3032 1526 3238 1580 deitate
3284 1523 3468 1579 Jesuln

1903 1619 2267 1673 adventurum
2319 1632 2384 1672 ac
2434 1617 2933 1687 peregrinaturum,
2982 1617 3078 1671 sed
3130 1633 3194 1671 ex
3255 1616 3467 1670 semine

1905 1709 2071 1763 David
2102 1709 2476 1772 incarnatum,
2508 1719 2562 1764 et
2595 1716 2800 1762 rectam
2843 1708 3243 1763 confessionem
3274 1708 3326 1761 in
3360 1707 3471 1760 hla-

243 1795 319 1864 μὴ
345 1793 591 1858 νοοῦντες
609 1794 668 1848 δὲ
690 1795 772 1859 τίς
799 1798 828 1849 6
852 1794 1023 1851 ταῦτα
1047 1798 1219 1866 λέγων
1245 1801 1415 1863 ἐστὶν,
1444 1801 1580 1855 ἀλλὰ
1604 1804 1684 1865 εἰς
1702 1780 1801 1872 τὴν

1904 1800 2207 1870 sphemiam
2241 1800 2691 1868 interpretantes.
2739 1799 2875 1854 Cum
2912 1800 3080 1870 igitur
3127 1798 3298 1870 669
3329 1798 3472 1853 dice-

240 1883 423 1953 σάρκα
464 1883 631 1954 μόνην
675 1884 996 1954 βλέποντες,
1035 1887 1350 1942 καταλεύειν
1386 1889 1545 1942 αὐτὸν
1589 1891 1802 1961 ἐπεχεί-

243 1992 391 2046 ρουν,
417 1975 762 2046 βλασφημίας
784 1977 1086 2047 ἐγκλήματι
1109 1979 1543 2050 περιὸἀλλοντες.
1572 1982 1669 2036 Διά
1693 1983 1801 2051 γὰρ

238 2067 335 2121 τοῦ
365 2068 560 2137 φάναι,
602 2086 622 2120 ι
662 2066 803 2136 Ἐγὼ
841 2068 937 2121 καὶ
965 2071 993 2122 6
1022 2069 1211 2140 Πατὴρ
1256 2070 1315 2123 ἓν
1351 2071 1517 2141 ἐσμεν
1541 2110 1556 2136 ,
1590 2090 1609 2123 ι
1648 2072 1799 2140 φασὶ,

238 2156 372 2211 Θεὸν
401 2158 623 2211 σεαυτὸν
652 2158 795 2211 κατὰ
813 2158 974 2226 φύσιν
1001 2163 1202 2221 ποιεῖς’
1253 2160 1411 2215 τοῦτο
1448 2163 1604 2232 μόνον
1625 2162 1803 2217 νοοῦν-

236 2263 330 2310 τες
356 2246 553 2316 ὀρθῶς.
573 2246 866 2317 Κρείττους
888 2244 980 2300 οὖν
1010 2247 1119 2301 τῶν
1150 2249 1378 2302 ἀνοσίων
1418 2250 1706 2321 Ἀρειανῶν
1750 2252 1799 2303 οἱ

250 2338 512 2403 Ἰουδαῖοι,
550 2339 641 2392 τὸν
672 2339 807 2402 ὅλως
828 2341 999 2392 εἰπεῖν
1042 2339 1392 2410 θαρσήσαντα
1414 2357 1428 2372 ο
1477 2361 1494 2392 ι
1537 2342 1678 2409 Ἐγὼ
1706 2344 1801 2396 καὶ

236 2430 266 2481 6
288 2428 480 2499 Πατὴρ
505 2429 564 2482 ἓν
604 2431 788 2500 ἐσμεν,
824 2448 843 2481 ι
882 2431 1070 2500 ὥσπερ
1097 2430 1156 2496 ἐξ
1182 2431 1477 2499 ἀναγκαίου
1511 2431 1669 2499 λόγου
1692 2432 1801 2485 λοι-

237 2520 340 2573 πὸν
367 2520 504 2590 πρὸς
534 2520 590 2574 τὸ
616 2521 718 2588 τῆς
740 2520 991 2589 θεότητος
1021 2521 1329 2575 ἀναϐαίνειν
1362 2521 1581 2589 ἀξίωμα
1620 2522 1802 2575 διαδε-

236 2610 574 2680 δαιούμενοι.
605 2610 732 2673 Πῶς
762 2610 869 2681 γὰρ
895 2610 960 2664 ἂν
993 2610 1050 2663 ἒν
1088 2611 1321 2681 ὑπάρχοι
1357 2611 1492 2681 πρὸς
1529 2612 1618 2665 τὸν
1645 2614 1803 2679 φύσει

236 2697 392 2762 Θεὸν,
423 2698 452 2749 6
484 2697 557 2768 μὴ
584 2697 742 2750 τοῦτο
771 2699 1066 2770 ὑπάρχωνς
1119 2699 1335 2768 Ἐπειδὴ
1361 2699 1417 2751 δὲ
1438 2700 1497 2750 οὐ
1528 2700 1799 2768 ψεύδεται,

237 2788 383 2843 κατὰ
424 2788 585 2858 φύσιν
617 2789 725 2858 ἄρα
766 2788 858 2841 καὶ
893 2789 1054 2850 αὐτὸς
1086 2787 1346 2857 ὑπάρχων
1391 2786 1555 2852 Θεὸς,
1592 2788 1649 2841 ἓν
1688 2792 1804 2842 ἐστι

238 2880 379 2952 πρὸς
414 2880 507 2934 τὸν
530 2881 777 2951 Πατέρα⁶
812 2883 841 2934 6
869 2880 926 2933 δὲ
945 2881 1183 2942 τοιοῦτος
1212 2878 1330 2943 πῶς
1365 2878 1431 2932 ἂν
1461 2879 1545 2950 εἴη
1579 2881 1804 2951 γενητὸς

236 2970 271 3042 ἢ
302 2969 667 3040 πεποιημένος
682 2986 697 3032 ς
961 2998 967 3003 ~

1904 1898 1987 1946 ret
2015 1908 2029 1943 :
2061 1909 2080 1941 ι
2116 1891 2226 1960 Ego
2256 1899 2309 1945 et
2340 1888 2501 1943 Pater
2530 1905 2697 1943 unum
2732 1905 2944 1956 sumus,
2979 1909 2997 1942 ›
3050 1905 3161 1944 non
3200 1904 3471 1960 cognove-

1903 1987 2035 2035 runt
2062 1980 2187 2048 quis
2215 1990 2362 2034 esset
2389 1980 2483 2050 qui
2528 1980 2632 2035 hoc
2660 1979 2890 2041 diceret,
2922 1980 3019 2034 sed
3050 1979 3105 2032 in
3125 1993 3345 2034 carnem
3376 1993 3469 2033 so-

1904 2070 2013 2123 lam
2045 2069 2411 2131 intendentes,
2454 2071 2688 2125 obruere
2721 2070 2999 2139 lapidibus
3028 2085 3152 2125 eum
3191 2071 3466 2133 volebant,

1904 2161 2264 2231 blasphemiae
2311 2161 2519 2215 crimen
2550 2160 2890 2231 aliingedtes.
2928 2161 3084 2226 Quod
3125 2162 3267 2215 enim
3314 2160 3470 2215 dixe-

1905 2258 1992 2306 rat
2026 2269 2040 2304 :
2081 2270 2100 2302 ι
2140 2249 2255 2321 Ego
2283 2258 2337 2304 et
2369 2250 2536 2306 Pater
2565 2268 2733 2306 unum
2766 2267 2983 2314 sumus,
3032 2271 3052 2303 ι
3097 2252 3271 2317 aiunt,
3309 2249 3471 2319 Teip-

1906 2356 2027 2418 sum
2057 2340 2224 2396 Deum
2261 2341 2560 2396 secundum
2608 2349 2862 2395 naturam
2898 2341 3053 2405 lacis,
3103 2342 3207 2395 hoc
3250 2340 3468 2410 quidem

1906 2431 2081 2487 solum
2113 2439 2263 2487 recte
2305 2431 2710 2487 existimantes.
2764 2430 2955 2501 Itaque
3010 2432 3192 2502 impiis
3250 2430 3470 2484 Arianis

1908 2523 2161 2578 meliores
2190 2530 2319 2579 sunt
2349 2522 2555 2589 Judaei,
2590 2538 2715 2578 eum
2757 2513 2850 2594 qui
2882 2525 3108 2579 omnino
3158 2524 3340 2578 dicere
3374 2537 3471 2575 au-

1909 2628 2004 2668 sus
2055 2612 2256 2675 fuerat,
2305 2631 2323 2664 ι
2372 2612 2488 2683 Ego
2534 2621 2589 2668 et
2620 2613 2788 2669 Pater
2823 2630 2987 2668 unum
3031 2630 3246 2679 sumus,
3289 2632 3307 2664 ι
3348 2620 3470 2666 tan-

1908 2716 2072 2771 quam
2114 2716 2178 2755 ex
2214 2701 2523 2755 necessaria
2562 2701 2776 2755 ratione
2825 2702 3083 2770 deinceps
3134 2704 3199 2753 ad
3247 2699 3469 2754 deitatis

1909 2793 2129 2847 culmen
2192 2792 2494 2847 ascendere
2555 2792 2908 2849 aliirmantes.
2981 2791 3267 2856 Quomodo
3321 2791 3469 2845 enim

1909 2897 2078 2935 unum
2110 2896 2233 2959 cum
2286 2890 2485 2935 natura
2528 2881 2638 2936 Deo
2675 2888 2842 2945 esset,
2877 2882 2969 2950 qui
3019 2897 3127 2936 non
3160 2881 3262 2935 hoc
3286 2881 3469 2949 ipsum

1906 2971 2167 3026 haberet?
2201 2972 2341 3037 Quia
2383 2988 2513 3027 vero
2557 2989 2667 3027 non
2712 2975 2998 3037 mentitur,
3041 2974 3229 3042 utique
3273 2985 3471 3027 secun-

237 3062 370 3116 dum
412 3071 663 3116 naturam
710 3061 825 3130 ipse
858 3059 999 3115 Deus
1025 3060 1323 3125 exsistens,
1357 3075 1529 3119 unum
1591 3069 1676 3116 est
1705 3075 1829 3115 cum
1905 3063 2066 3121 Patre
2102 3086 2115 3121 :
2168 3067 2262 3136 qui
2305 3081 2434 3123 vero
2478 3065 2747 3137 ejusmodi
2800 3076 2908 3132 est,
2958 3067 3234 3137 quomodo
3289 3064 3469 3120 factus

238 3155 405 3210 fuerit
420 3154 445 3208 ?

320 3245 463 3317 Ἐ’τὼ
487 3241 626 3300 εἶπα
645 3260 661 3276 ⁸
706 3246 839 3300 Θεοί
866 3244 1027 3311 ἐστε,
1045 3246 1138 3299 καὶ
1164 3245 1233 3299 τὰ
1263 3245 1411 3316 ἑξῆς.

305 3337 423 3391 Νῦν
461 3337 700 3406 ἐλέγχων
720 3336 845 3399 τοὺς
882 3336 1188 3401 Ἰουδαίους,
1218 3338 1383 3390 ὅτιού
1409 3335 1497 3390 διὰ
1520 3337 1581 3390 τὸ
1609 3337 1802 3390 εἰπεῖν·

242 3449 269 3482 ι
297 3427 441 3497 Ἐγὼ
464 3427 559 3481 καὶ
579 3430 607 3480 6
632 3426 819 3496 Πατὴρ
847 3426 904 3479 ἐν
929 3429 1117 3497 ἐσμεν,
1163 3446 1180 3478 ι
1210 3427 1450 3492 ἐλίθαζον
1470 3427 1650 3490 αὐτὸν,
1670 3425 1806 3479 ἀλλὰ

239 3520 440 3590 μάτην,
473 3517 656 3588 φησίν·
686 3518 770 3583 Εἰ,
801 3517 1028 3589 ἐπείπερ
1062 3512 1216 3571 εἷπον
1236 3518 1468 3589 ἐμαυτὸν
1488 3518 1637 3583 Θεὸν,
1665 3517 1806 3570 δοκῶ

237 3609 604 3679 βλασφημεῖν,
632 3608 775 3661 διατι
802 3607 896 3660 τοῦ
931 3609 1145 3678 Πατρὸς
1169 3609 1455 3679 εἰρηκότος
1485 3609 1575 3662 διὰ
1594 3607 1689 3661 τοῦ
1720 3608 1807 3661 νό-

239 3716 339 3770 μου
367 3699 504 3769 πρὸς
539 3700 664 3762 τοὺς
694 3698 1032 3769 ἀνθρώπους,
1084 3699 1206 3752 Θεοί
1238 3702 1381 3765 ἐστε,
1411 3700 1512 3752 οὐκ
1556 3698 1805 3769 ἐκρίνατε

232 3789 392 3842 τοῦτο
429 3785 569 3842 εἶναι
596 3789 976 3860 βλασφημίαν;
1007 3790 1177 3843 Τοῦτο
1198 3791 1252 3844 δέ
1272 3808 1459 3861 φησιν,
1492 3791 1610 3859 οὐχὶ
1638 3807 1805 3859 προσ-

234 3878 566 3951 καλούμενος
594 3881 787 3943 αὐτοὺς
820 3883 995 3934 εἰπεῖν
1024 3898 1075 3934 τι
1103 3882 1245 3935 κατὰ
1282 3880 1377 3934 τοῦ
1410 3882 1621 3952 Πατρός
1642 3898 1655 3912 ·
1689 3881 1804 3937 ἀλλ’

237 3972 471 4042 ἐλέγχων
499 3972 581 4025 ὅτι
600 3971 691 4024 τὸν
714 3972 876 4042 νόμον
895 3972 1148 4040 ἀγνοοῦσι
1171 3972 1264 4025 καὶ
1293 3971 1391 4035 τὰς
1419 3971 1805 4036 θεοπνεύστους

235 4062 478 4131 Γραφάς,
524 4062 743 4132 Ἐπειδὴ
779 4062 836 4115 δὲ
883 4062 994 4116 τῶν
1045 4063 1348 4134 εἰρημένων
1392 4063 1528 4116 θεῶν
1568 4065 1662 4117 καὶ⁵
1711 4062 1803 4117 τοῦ

236 4148 396 4217 φύσει
428 4149 587 4215 Θεοῦ,
618 4150 753 4203 πολὺ
781 4150 844 4203 τὸ
869 4151 1068 4219 μέσον,
1096 4150 1163 4204 δι’
1192 4145 1265 4205 ὧν
1298 4152 1446 4220 λέγει
1476 4152 1715 4205 διδάσκει
1744 4152 1805 4205 τὸ

234 4240 486 4311 διάφορον
511 4257 525 4270 ο
583 4241 631 4293 εί
658 4240 765 4312 γὰρ
812 4242 863 4293 οἱ
896 4241 1172 4313 ἄνθρωποι
1221 4242 1358 4313 πρὸς
1395 4242 1488 4306 οὓς
1527 4243 1749 4311 γέγονεν
1776 4244 1805 4295 6

236 4330 325 4383 τοῦ
348 4328 485 4383 Θεοῦ
523 4330 700 4399 λόγος,
741 4331 854 4385 θεοὶ
882 4332 1194 4403 κέκληνται,
1226 4333 1322 4386 καὶ
1345 4333 1804 4405 ἐλαμπρύνθησαν

233 4424 299 4492 τῇ
320 4422 425 4492 τῆς
452 4422 707 4492 θεότητος
726 4425 880 4492 τιμῇ,
915 4423 1006 4476 τὸν
1038 4422 1133 4476 τοῦ
1168 4423 1302 4476 Θεοῦ
1322 4423 1479 4493 λόγον
1508 4424 1803 4478 εἰσοικισά-

238 4530 386 4583 μενοι
414 4513 511 4566 καὶ
530 4513 923 4583 εἰσδεδεγμένοι
946 4513 1088 4568 κατὰ
1129 4514 1328 4585 ψυχὴν,
1356 4514 1472 4578 πῶς
1506 4515 1605 4567 οὐκ
1629 4513 1695 4568 ἂν
1716 4514 1800 4586 εἴη

1825 3250 1868 3307 C
1974 3246 2051 3309 Χ,
2083 3245 2170 3301 54.
2209 3244 2320 3315 Ego
2354 3246 2507 3299 dixi:
2540 3244 2628 3299 Dii
2661 3247 2785 3300 estis
2806 3287 2821 3311 ,
2843 3252 2897 3300 et
2927 3202 3154 3315 reliqua.

1977 3335 2134 3389 Nunc
2188 3337 2531 3404 redarguens
2582 3334 2835 3401 Iudaeos,
2878 3337 2972 3406 qui
3014 3351 3123 3390 non
3180 3343 3468 3406 propterea

1905 3426 2051 3495 quod
2085 3428 2318 3483 dixisset
2344 3429 2402 3496 εξ(
2434 3427 2543 3497 Ego
2564 3436 2619 3483 et
2642 3427 2803 3483 Pater
2826 3444 2996 3482 unum
3024 3444 3216 3483 sumus
3236 3468 3251 3490 ,
3284 3447 3301 3479 ι
3334 3430 3470 3498 lapi-

1905 3515 2111 3570 dabant
2161 3531 2308 3579 eum,
2362 3515 2458 3569 sed
2502 3516 2732 3581 frustra,
2790 3516 2992 3585 inquit.
3039 3515 3097 3570 Si
3136 3516 3281 3570 enim
3322 3531 3465 3585 quo-

1905 3605 2054 3659 niam
2091 3606 2202 3659 dixi
2244 3605 2511 3673 meipsum
2548 3606 2720 3660 Deum
2748 3647 2764 3671 ,
2805 3607 2998 3661 videor
3052 3607 3465 3676 blasphemare,

1904 3711 2005 3751 cur
2046 3709 2172 3749 cum
2210 3693 2374 3749 Pater
2402 3695 2603 3749 dixerit
2636 3712 2733 3766 per
2759 3697 2929 3766 legem
2963 3697 3029 3750 ad
3055 3697 3309 3752 homines
3334 3737 3348 3761 ,
3384 3696 3465 3749 dii

1904 3785 2038 3840 estis
2059 3824 2073 3847 .
2115 3800 2221 3838 non
2255 3785 2650 3855 blasphemiam
2678 3800 2802 3841 esse
2827 3784 3168 3853 judicastis?
3197 3784 3310 3838 Hoc
3335 3799 3467 3838 vero

1903 3876 2042 3930 dicit
2089 3890 2198 3929 non
2234 3891 2336 3930 eos
2358 3917 2372 3941 ,
2422 3884 2484 3928 ut
2528 3875 2738 3945 aliquid
2770 3882 2964 3929 contra
2993 3873 3211 3928 Patrem
3245 3874 3465 3941 dicant,

1905 3967 2178 4030 incitans,
2214 3966 2308 4022 sed
2336 3974 2600 4037 tanquam
2632 3967 2770 4036 legis
2798 3974 2853 4022 et
2888 3981 3171 4022 sacrarum
3216 3964 3468 4035 Scriptu-

1904 4070 2089 4109 rarum
2140 4056 2360 4124 ignaros
2407 4056 2768 4110 convincens.
2824 4053 3286 4124 Quandoquidem
3334 4070 3469 4109 vero

1904 4146 2050 4199 inter
2078 4145 2261 4200 dictos
2290 4145 2423 4200 deos
2451 4152 2506 4200 et
2532 4143 2701 4200 Deum
2736 4152 2936 4198 natura
2971 4159 3231 4213 magnum
3263 4144 3469 4200 discri-

1907 4252 2028 4291 men
2055 4244 2161 4301 est,
2186 4234 2567 4301 dili'erentiam,
2595 4250 2691 4306 per
2717 4235 2831 4288 hzec
2852 4250 2973 4303 qua:
3000 4235 3170 4298 dicit,
3190 4236 3466 4291 ostendit:

1904 4327 1952 4380 si
1986 4327 2130 4380 enim
2166 4326 2418 4381 homines
2452 4326 2518 4380 ad
2550 4340 2691 4392 quos
2729 4340 2911 4379 sermo
2956 4324 3047 4380 Dei
3091 4325 3312 4380 habitus
3338 4334 3424 4381 est
3451 4365 3468 4391 ,

1903 4417 1977 4470 dii
2008 4417 2187 4471 vocati
2227 4424 2397 4479 sunt,
2439 4424 2493 4470 et
2534 4413 2762 4468 deitatis
2802 4414 3015 4469 honore
3051 4415 3330 4481 decorati,
3373 4414 3469 4469 Dei

1903 4509 2070 4562 verbo
2105 4508 2248 4561 intra
2289 4507 2531 4561 animam
2576 4514 2837 4575 recepto,
2881 4505 3160 4575 quomodo
3202 4521 3314 4560 non
3365 4506 3471 4561 erit

235 4602 566 4672 φύσειΘεὸς,
597 4604 625 4655 6
661 4601 727 4654 δι’
760 4602 817 4658 ὃν
871 4605 1066 4656 ἐκεῖνοι
1128 4604 1276 4670 θεοί;
1317 4603 1451 4664 Θεὸς
1511 4604 1619 4674 γὰρ
1667 4600 1733 4673 ἦν
1773 4607 1801 4657 6

1906 4610 2099 4654 natura
2128 4598 2272 4653 Deus
2301 4598 2348 4652 is
2382 4613 2478 4666 per
2500 4611 2662 4666 quem
2698 4596 2777 4650 illi
2804 4596 2922 4650 dii?
2949 4616 2967 4647 ι
3000 4597 3144 4653 Deus
3173 4598 3319 4652 enim
3351 4604 3471 4650 erat

234 4693 424 4761 Λόγος,
458 4691 601 4746 κατὰ
615 4693 710 4763 τὴν
762 4693 1006 4748 Ἰωάννου
1040 4695 1227 4765 φωνήν
1251 4710 1265 4725 ο
1303 4695 1331 4747 6
1364 4695 1458 4747 καὶ
1487 4696 1598 4755 τοῖς
1621 4694 1798 4756 ἄλλοις

233 4782 388 4835 τοῦτο
434 4782 773 4853 προξενήσας
818 4784 881 4836 τὸ
921 4784 1194 4855 λαμπρόν.
1236 4784 1297 4837 Et
1340 4784 1450 4855 γὰρ
1482 4788 1510 4839 ὁ
1538 4785 1631 4839 τοῦ
1662 4786 1796 4838 Θεοῦ

234 4874 400 4942 Λόγος
426 4872 516 4926 διὰ
530 4874 625 4927 τοῦ
644 4873 799 4942 ἁγίου
827 4874 1144 4945 Πνεύματος
1164 4876 1352 4943 ἀνάγει
1375 4877 1509 4947 πρὸς
1536 4878 1635 4948 τὴν
1659 4878 1797 4948 ὑπὲρ

236 4962 516 5034 ἄνθρωπον
548 4964 727 5034 χάριν,
756 4964 849 5018 καὶ
886 4968 1223 5035 κατακοσμεῖ
1256 4966 1408 5036 θεῖκῇ
1435 4970 1565 5038 τιμῇ
1586 4969 1710 5031 τοὺς
1742 4971 1799 5022 ἐν

234 5049 311 5117 οἷς
343 5054 411 5108 ἂν
439 5055 668 5122 γένοιτο,
702 5055 882 5120 διὰτί,
902 5057 1060 5126 φησὶ,
1098 5057 1308 5125 λέγετε,
1342 5059 1423 5112 ὅτι
1475 5059 1795 5129 βλασφημῶ,

235 5143 402 5212 λέγων
425 5146 662 5215 ἐμαυτὸν
690 5145 817 5198 Υίὸν
844 5146 979 5200 Θεοῦ
1034 5148 1129 5201 καὶ
1165 5147 1330 5214 Θεόν;
1366 5149 1582 5221 Καίπερ
1627 5150 1693 5201 δι’
1723 5143 1799 5202 ὧν

236 5232 605 5305 ἐνεχειρίσθην
662 5238 792 5308 παρ’
843 5237 1010 5290 αὑτοῦ
1059 5240 1502 5310 μαρτυρούμενος
1546 5242 1627 5293 ὅτι
1664 5240 1797 5305 Θεός

236 5326 344 5394 εἰμι
366 5325 547 5394 φύσει.
595 5327 856 5394 Ἀγιάσας
889 5328 996 5400 γάρ
1028 5346 1097 5399 με
1134 5330 1449 5384 ἀπέστειλεν
1473 5335 1552 5395 εἰς
1594 5333 1685 5386 τὸν
1708 5338 1799 5386 κό-

237 5429 367 5485 σμον
395 5417 626 5486 Σωτῆρα
650 5417 746 5470 τοῦ
779 5418 1017 5489 κόσμου·
1074 5421 1211 5491 ὅπερ
1264 5421 1426 5491 μόνου
1473 5424 1590 5475 ἐστὶ
1635 5423 1793 5492 φύσει

234 5503 381 5570 Θεοῦ,
414 5505 478 5558 τὸ
506 5504 767 5561 δύνασθαι
787 5493 1069 5573 διασῶξειν
1097 5510 1163 5564 ἐκ
1179 5510 1273 5565 τοῦ
1303 5511 1547 5567 διαϐόλου
1581 5514 1673 5568 καὶ
1698 5514 1797 5584 τῆς

299 5684 339 5719 ³⁵
373 5681 532 5739 Joan.
565 5700 604 5747 I,
641 5686 692 5746 1,

1905 4694 2174 4753 Verbum,
2204 4690 2407 4759 )juxta
2455 4688 2725 4744 Joannem
2777 4690 2844 4755 η,
2884 4690 2979 4759 qui
3028 4698 3081 4744 et
3131 4690 3255 4744 aliis
3302 4689 3468 4757 hujus

1903 4783 2211 4854 splendoris
2236 4780 2563 4836 conciliator
2587 4795 2653 4835 ac
2690 4781 2943 4850 pararins
2981 4780 3102 4834 fuit.
3130 4778 3186 4834 Si
3206 4780 3351 4833 enim
3377 4778 3470 4835 Dei

1905 4875 2148 4929 Verbum
2177 4889 2275 4944 per
2302 4872 2564 4943 Spiritum
2600 4880 2851 4927 sanctum
2876 4872 2942 4926 ad
2969 4873 3200 4943 gratiam
3229 4872 3469 4930 hominis

1903 4963 2217 5019 conditione
2257 4960 2518 5029 majorem
2551 4960 2770 5025 evehit,
2805 4970 2859 5014 et
2900 4960 3108 5014 honore
3141 4959 3327 5014 divino
3372 4976 3469 5016 eos

1905 5056 2105 5126 quibus
2131 5055 2275 5108 inest
2346 5052 2631 5107 illustrat:
2678 5067 2982 5123 quorsum,
3029 5051 3242 5121 inquit,
3285 5051 3469 5107 dicitis

1904 5162 1991 5201 me
2044 5145 2454 5214 blasphemare,
2513 5158 2640 5197 cum
2694 5140 2820 5198 dico
2874 5157 2959 5196 me
3007 5141 3207 5195 Filium
3267 5141 3361 5195 Dei
3414 5151 3469 5208 et

1906 5238 2074 5293 Deum
2097 5277 2111 5302 ,
2156 5235 2407 5306 quamvis
2436 5251 2501 5289 ex
2532 5235 2602 5289 iis
2633 5249 2757 5303 quae
2789 5234 2919 5287 mihi
2955 5234 3024 5288 ab
3057 5247 3125 5287 eo
3165 5233 3468 5290 commissa

1904 5336 2033 5384 sunt
2063 5327 2197 5383 satis
2225 5324 2519 5380 testimonii
2537 5325 2751 5380 dederit
2778 5339 2864 5378 me
2886 5340 3010 5379 esse
3029 5336 3226 5378 natura
3254 5323 3467 5380 Deum?

1903 5419 2006 5475 Ubi
2034 5420 2177 5474 enim
2211 5433 2295 5473 me
2327 5415 2694 5473 sanctiﬁcavit
2715 5453 2731 5480 ,
2766 5416 2915 5469 misit
2948 5415 3004 5469 in
3035 5415 3303 5471 mundum
3333 5415 3465 5470 Ser-

1902 5519 2145 5568 vatorem
2175 5509 2398 5573 mundi,
2422 5506 2569 5580 quod
2599 5510 2763 5587 unius
2790 5515 2876 5563 est
2898 5516 3098 5565 natura
3130 5507 3263 5575 Dei,
3301 5519 3465 5577 posse
