4010 6320
536 335 603 391 27
784 320 788 324 ’
1549 345 1610 402 s.
1642 347 1921 404 cvntLLt
1954 350 2425 406 ALEXANDBINI
2454 348 2772 406 ARClllEP.
3694 355 3771 409 es

535 446 785 501 homines
815 462 844 500 ιι
876 447 1095 504 diabolo
1120 459 1174 505 et
1205 464 1426 519 peccato
1453 464 1504 511 et
1538 459 1762 513 interitu
1793 460 2076 516 vindicare

2206 462 2480 533 ἁμαρτίας
2512 461 2739 531 καὶτῆς
2796 459 3000 531 φθορᾶς
3049 461 3174 523 τοὺς
3223 461 3561 531 ἀνθρώπους.
3628 466 3768 519 Ἀλλ’

536 537 642 592 Sed
684 537 918 595 forsitan
950 556 1073 594 cum
1106 540 1294 597 divina
1339 545 1624 616 Scriptura
1671 550 1822 604 dicat
1863 566 1892 603 a
1938 550 2102 606 Patre

532 627 730 684 Filium
763 645 890 684 esse
933 630 1165 686 missum
1193 676 1208 699 ,
1254 637 1439 690 statim
1481 637 1777 695 haereticus
1803 628 2099 696 dictionem

530 718 587 770 in
618 719 705 772 sui
736 719 942 773 erroris
973 722 1234 787 pabulum
1260 726 1487 795 arripit,
1518 734 1572 781 et
1600 730 1822 784 omnino
1851 731 2100 786 dicturus

532 816 616 861 est
642 849 655 873 ,
683 825 784 864 vos
813 811 904 879 qui
949 811 1146 873 Filium
1180 814 1343 872 Patre
1392 819 1657 874 minorem
1707 821 1892 878 dicere
1936 839 2101 879 recu-
2132 872 2144 883 .

533 900 710 964 satis,
745 902 1021 971 quomodo
1051 920 1164 959 non
1218 908 1411 963 videtis
1459 910 1528 964 ab
1577 925 1648 965 eo
1696 912 1924 968 missum
1970 923 2097 970 tan-

529 1004 695 1072 quam
740 993 810 1044 ab
860 994 1046 1063 aliquo
1083 997 1290 1065 majore
1322 1000 1488 1069 67o
1521 1017 1585 1056 ac
1621 1006 2102 1072 superemineute?

529 1070 668 1136 Quid
719 1088 853 1144 ergo
894 1076 1178 1145 dicemus,
1216 1082 1323 1136 nisi
1374 1085 1522 1153 quod
1565 1070 1854 1145 missionis
1899 1106 2097 1148 nomen

528 1161 693 1215 modo
727 1171 780 1217 et
812 1167 1114 1221 conditioni
1162 1170 1452 1227 inanitatis
1494 1179 1730 1229 maxime
1763 1183 2100 1237 conveniat?

524 1250 700 1308 Audis
732 1256 875 1309 enim
906 1267 963 1310 ut
999 1259 1207 1315 Paulus
1253 1264 1360 1316 ista
1407 1265 1517 1319 duo
1548 1267 1890 1340 coniungens
1918 1274 2098 1339 dicat,

527 1352 659 1397 tunc
689 1346 919 1401 missum
951 1364 980 1402 a
1009 1348 1167 1405 Patre
1202 1352 1401 1407 Filium
1423 1397 1437 1418 ,
1465 1359 1687 1425 quando
1717 1358 1895 1416 factus
1921 1373 2006 1417 est
2032 1380 2097 1419 ex

526 1438 790 1502 muliere,
824 1450 877 1495 et
908 1442 1013 1496 sub
1044 1444 1214 1513 legem
1247 1445 1537 1501 nobiscum
1575 1450 1724 1503 venit
1760 1453 1824 1517 “',
1858 1453 1987 1528 licet
2020 1456 2099 1510 le-

525 1530 762 1597 gislator
803 1533 1080 1589 exsistens
1123 1543 1179 1590 et
1210 1534 1479 1592 Dominus
1524 1539 1587 1593 ¹⁶.
1636 1541 1694 1593 Si
1731 1557 1864 1598 vero
1899 1546 2100 1601 intelli-

522 1631 686 1690 gatur
712 1632 875 1678 natus
903 1624 957 1676 in
999 1626 1142 1679 servi
1195 1625 1369 1679 l’orma
1418 1627 1619 1690 Filius,
1649 1631 1847 1685 deinde
1885 1635 2115 1691 dicatur

522 1711 731 1767 missus
771 1728 801 1765 ιι
842 1715 1005 1770 Patre
1027 1755 1040 1778 ,
1093 1717 1304 1770 nttllttm
1353 1719 1581 1774 omnino
1614 1721 1742 1776 inde
1768 1726 1971 1795 accipit
2002 1728 2098 1783 de-

522 1802 845 1857 trimentum
886 1844 900 1868 ,

522 1892 696 1960 gloria
729 1910 850 1963 par,
882 1896 1145 1967 nullaque
1178 1915 1239 1953 re
1274 1915 1502 1969 prorsus
1540 1903 1886 1961 imminutus.
1923 1908 2096 1966 Voces

522 1981 792 2051 siquidem
838 1993 1042 2040 nostra:
1073 1988 1118 2040 si
1150 1987 1218 2043 de
1249 1987 1363 2043 Deo
1402 1992 1790 2059 enuntientur,
1818 2009 1927 2048 non
1960 1997 2096 2050 adeo

520 2081 838 2126 accuratum
868 2089 1096 2128 examen
1127 2077 1462 2143 admittunt,
1493 2095 1596 2135 nec
1620 2096 1715 2137 eas
1739 2084 1993 2153 accipere
2021 2091 2092 2140 ita

518 2170 738 2228 oportet
776 2170 834 2216 ut
863 2178 929 2217 ex
959 2175 1146 2218 nostra
1182 2168 1585 2226 consuetudine
1615 2181 1861 2237 sonant,
1895 2177 1990 2231 sed
2032 2185 2095 2229 ut

516 2252 719 2318 divina:
770 2269 1152 2327 snprcmzeqne
1190 2269 1405 2315 naturae
1430 2265 1713 2319 convenit.
1738 2266 1881 2332 Quid
1910 2270 2052 2322 enim
2074 2308 2091 2333 ,

517 2342 563 2396 si
594 2343 835 2398 hominis
868 2345 1052 2414 lingua
1077 2364 1188 2402 non
1215 2350 1378 2405 habet
1404 2368 1568 2408 voces
1591 2356 1658 2409 ad
1682 2361 2090 2415 enarrationem

514 2433 715 2488 divinae
735 2435 1185 2505 gloriaeidoncas?
1205 2440 1388 2506 Quare
1406 2444 1706 2499 absurdum
1730 2457 1838 2515 est,
1866 2460 2090 2520 propter

515 2524 774 2579 humanae
807 2528 1007 2596 linguae
1036 2530 1411 2587 inﬁrmitatem
1438 2542 1493 2589 et
1525 2536 1787 2593 dictionis
1822 2541 2090 2610 jejunita-

520 2622 633 2668 tem
693 2632 759 2670 ac
812 2618 1088 2689 inopiam,
1148 2638 1421 2692 suprema:
1496 2628 1848 2696 coelestisque
1900 2633 2089 2702 gloriae

510 2708 863 2763 eminentiam
913 2712 1054 2767 ltedi.
1099 2713 1415 2770 Memineris
1454 2718 1769 2777 Salomonis
1809 2724 2085 2781 dicentis:

515 2817 535 2850 ι
559 2795 746 2854 Gloria
778 2800 989 2857 Domini
1021 2805 1268 2860 occultat
1294 2822 1661 2863 sermonch
1682 2812 1915 2869 Curiose
1938 2817 2084 2870 enim

508 2888 849 2958 inquirentes
872 2893 1090 2949 Domini
1115 2896 1344 2965 gloriam
1365 2939 1379 2962 ,
1401 2898 1611 2954 similes
1633 2902 1745 2956 illis
1773 2918 1969 2959 sumus
1992 2907 2086 2975 qui

508 2983 694 3051 palmo
726 2985 923 3037 coelum
953 2987 1133 3041 metiri
1168 2989 1360 3043 volunt
1393 2991 1458 3043 ¹⁷.
1492 2989 1663 3061 Igitur
1690 3009 1814 3047 cum
1847 2996 2086 3050 humano

509 3087 661 3126 more
686 3075 897 3143 aliquid
924 3076 1135 3132 dicitur
1162 3080 1229 3134 de
1274 3079 1386 3135 Deo
1407 3124 1421 3149 ,
1451 3084 1756 3153 accipiatur
1782 3095 1843 3139 ut
1872 3088 1940 3142 de
1969 3088 2080 3144 Deo

2204 553 2332 616 ἴσως
2352 554 2480 607 ὅταν
2510 556 2544 622 ἡ
2571 552 2689 605 θεία
2723 551 2911 622 Γραφὴ
2961 551 3114 620 λέγῃ,
3142 551 3291 622 παρὰ
3314 552 3407 607 τοῦ
3427 555 3639 625 Πατρὸς
3659 556 3769 610 ἀπ-

2201 643 2456 697 εστάλθαι
2489 644 2581 696 τὸν
2620 642 2770 709 Υίὸν,
2799 642 2959 705 εὐθὺς
2992 644 3020 695 ὁ
3041 642 3314 712 αἰρετικὸς
3344 644 3549 715 τροφὴν
3585 647 3651 715 τῇ
3689 644 3769 699 ci-

2201 737 2324 808 κείᾳ
2357 735 2531 808 πλάνῃ
2576 737 2809 789 ποιεῖται
2835 734 2932 804 τὴν
2956 732 3116 796 λέξιν,
3156 734 3272 803 ὲρεί
3311 733 3367 786 δέ
3410 751 3512 787 που
3549 734 3769 800 πάντως

2199 829 2281 879 ὅτι
2306 828 2465 897 ὑμεῖς
2481 829 2532 879 ot
2553 825 2973 899 παραιτούμενοι
3007 822 3186 891 λέγειν
3228 822 3321 875 τὸν
3352 822 3479 876 Υίὺν
3510 823 3768 877 ἐλάττονα

2199 917 2292 972 τοῦ
2328 918 2560 987 Πατρὸς,
2594 917 2709 979 πῶς
2733 919 2832 985 οὐχ
2863 915 3025 985 ὁρᾶτε
3054 916 3182 983 παρ’
3215 914 3379 968 αὑτοῦ
3413 915 3767 986 πεμπόμενον

2199 1010 2273 1072 ὡς
2305 1009 2457 1079 παρὰ
2487 1006 2731 1078 μείζονάς
2775 1022 2920 1069 τινος
2956 1006 3050 1059 καὶ
3090 1005 3517 1076 ὑπερκειμένου;
3563 1007 3628 1059 Τί
3671 1004 3764 1060 οῦν

2199 1099 2525 1169 ἐροῦμεν;ἢ
2572 1098 2662 1151 ὅτι
2709 1096 2770 1150 τὺ
2816 1097 2915 1167 τῆς
2948 1095 3250 1164 ἀποστολῆς
3295 1096 3487 1165 ὄνομα,
3534 1096 3769 1166 μάλιστα

2202 1192 2302 1261 μὲν
2340 1189 2541 1261 πρέπει
2590 1191 2703 1252 τοῖς
2743 1188 2842 1258 τῆς
2897 1186 3176 1257 κενῴσεως
3223 1187 3475 1257 μέτροις;
3523 1188 3764 1253 Ἀκούεις

2199 1282 2306 1352 γὰρ
2335 1282 2417 1334 ὅτι
2457 1282 2741 1334 συνάπτων
2776 1279 2803 1329 ὁ
2841 1276 3051 1340 Παῦλος
3092 1277 3395 1347 ἀμφότερα,
3448 1278 3569 1330 τότε
3602 1281 3778 1347 φησὶνρ

2200 1370 2536 1426 ἀπεστάλθαι
2563 1369 2711 1440 παρά
2738 1368 2830 1422 τοῦ
2860 1368 3070 1438 [ἰατρὸς
3098 1368 3190 1421 τὸν
3222 1368 3348 1421 Υίὸν
3369 1410 3384 1434 ,
3423 1370 3511 1423 ὅτε
3550 1372 3643 1423 καὶ
3671 1370 3764 1437 γέ-

2199 1478 2355 1531 γονεν
2380 1462 2444 1514 ὲκ
2472 1459 2731 1528 γυναικὸς
2759 1459 2855 1511 καὶ
2892 1457 2997 1510 ὑπὸ
3024 1457 3186 1527 νόμον
3228 1457 3304 1521 ὡς
3333 1458 3613 1528 ἄνθρωπος
3645 1459 3775 1529 μεθ’

2199 1551 2373 1622 ἡμῶν,
2404 1550 2581 1604 καίτοι
2606 1547 2904 1619 νομοθέτης
2930 1547 3008 1600 ὣν
3043 1548 3137 1601 καὶ
3167 1547 3393 1619 Κύριος,
3417 1548 3480 1600 Εί
3515 1548 3572 1602 δὲ
3595 1553 3771 1605 νοοῖτο,

2199 1642 2435 1712 γεγονὼς
2468 1643 2525 1696 ὲν
2553 1644 2619 1713 τῇ
2655 1641 2842 1694 δούλου
2867 1642 3047 1710 μορφῇ
3068 1641 3097 1693 ὁ
3118 1639 3263 1703 Υίὸς,
3296 1635 3412 1693 εἷτα
3437 1642 3759 1695 ἀποστέλλε-

2202 1732 2325 1785 σθαι
2365 1732 2576 1800 λέγοιτο
2602 1730 2748 1802 παρά
2774 1728 2866 1783 τοῦ
2891 1730 3123 1799 Πατρὸς,
3149 1729 3300 1783 οὐδὲν
3341 1729 3477 1795 ὅλως
3505 1732 3760 1803 ὑπομένει

961 1807 1324 1864 nihilominus
1381 1810 1433 1864 ei
1485 1814 1983 1873 consubstantialis
2041 1829 2085 1875 el

2194 1824 2255 1875 τὸ
2282 1823 2496 1892 βλάϐος,
2524 1824 2604 1886 είς
2645 1823 2704 1875 τὺ
2727 1816 2866 1874 εἶναι
2889 1821 2986 1874 καὶ
3006 1819 3289 1892 ὁμοούσιος
3315 1821 3463 1892 αὐτῷ
3513 1823 3604 1876 καὶ
3654 1825 3771 1877 ἱσοο»

2194 1914 2357 1983 κλεὴς
2394 1914 2488 1966 καὶ
2513 1914 2632 1966 κατ’
2661 1911 2809 1981 οὐδὲν
2849 1911 2985 1974 ὅλως
3029 1911 3523 1982 μειονεκτούμενος.
3554 1915 3624 1966 ’Δί
3651 1914 3758 1982 γάρ

2192 2021 2274 2057 τοι
2301 2002 2474 2066 λέξεις
2497 2005 2553 2056 αἱ
2585 2001 2713 2072 παρ’
2749 2000 2906 2071 ἡμῶν
2932 2003 2981 2054 εί
3026 2001 3155 2070 περὶ
3176 2000 3314 2055 Θεοῦ
3345 2002 3756 2072 προσφέροιντο,

2194 2096 2290 2167 τὴν
2314 2094 2515 2165 ἀκριϐῆ
2545 2092 2937 2163 παραιτοῦνται
2959 2090 3192 2161 βάσανον
3213 2108 3226 2121 ³
3262 2092 3367 2162 χρὴ
3391 2093 3446 2145 δὲ
3469 2092 3638 2156 αὺτάς
3660 2093 3757 2163 οὐχ

2193 2187 2334 2239 οῦτω
2365 2187 2504 2238 νοεῖν
2550 2183 2691 2236 κατὰ
2725 2183 2823 2253 τὴν
2856 2184 2912 2236 ὲν
2957 2184 3089 2252 ἡμῖν
3120 2183 3402 2253 συνήθειαν
3447 2183 3606 2252 λέγω,
3642 2186 3757 2240 ἀλλ’

2192 2277 2266 2340 ὡς
2301 2276 2366 2330 ἂν
2397 2276 2534 2346 αὐτῇ
2578 2274 2775 2343 πρέποι
2800 2276 2865 2344 τῇ
2894 2274 3013 2343 θείᾳ
3055 2274 3147 2327 καὶ
3180 2275 3456 2346 ὑπερτάτῃ
3488 2275 3665 2343 φύσει.
3693 2278 3758 2329 Τί

2192 2369 2319 2439 γὰρ,
2339 2370 2386 2421 εἰ
2410 2367 2485 2437 μὴ
2515 2366 2626 2436 ἔχει
2644 2365 2827 2435 φωνὰς
2854 2367 2888 2435 ἡ
2913 2364 3199 2438 ἀνθρώπου
3227 2365 3438 2433 γλῶττα
3455 2367 3754 2438 δυναμένας

2190 2460 2420 2530 ἀρκέσαι
2452 2460 2516 2528 τῇ
2556 2457 2677 2528 θείᾳ
2708 2454 2833 2528 δόξῃ
2880 2455 3017 2526 πρὸς
3060 2454 3354 2527 ὲξήγησιν;
3403 2458 3554 2511 Ἔστι
3578 2458 3754 2512 τοίνυν

2189 2552 2388 2605 ἄτοπον
2416 2548 2502 2602 διὰ
2524 2549 2623 2618 τὴν
2649 2548 2750 2618 τῆς
2798 2546 3144 2617 ἀνθρωπίνης
3200 2547 3443 2618 γλώττης
3473 2548 3754 2603 ἀσθένειαν

2189 2643 2283 2695 καὶ
2314 2642 2412 2711 τὴν
2441 2643 2498 2694 ὲν
2521 2639 2663 2704 λέξει
2692 2638 2982 2708 πτωχείαν,
3009 2639 3108 2708 τῆς
3142 2639 3400 2693 ἀνωτάτω
3436 2641 3624 2694 πασῶν
3656 2641 3756 2695 δό-

2189 2731 2285 2801 ξης
2308 2729 2606 2785 ἀδικεῖσθαι
2637 2728 2734 2799 τὴν
2759 2728 3052 2798 ὑπεροχήν.
3076 2727 3338 2798 Μέμνησο
3362 2729 3457 2782 τοῦ
3480 2729 3757 2798 Σολομῶνρ

2185 2840 2276 2885 τος
2299 2822 2546 2890 λέγοντος
2568 2837 2583 2852 ο
2621 2839 2640 2872 ι
2679 2820 2814 2884 Δόξα
2835 2821 3040 2888 Κυρίου
3076 2818 3307 2887 κρύπτει
3332 2818 3510 2887 λόγον.
3544 2840 3565 2872 ι
3591 2823 3755 2893 Περι-

2187 2913 2540 2985 εργαζόμενοι
2578 2909 2688 2980 γὰρ
2743 2907 2987 2979 ἀκριϐῶς
3042 2909 3140 2976 τὴν
3189 2909 3283 2962 τοῦ
3321 2910 3529 2980 Κυρίου
3573 2911 3750 2980 δόξαν,

2186 3004 2442 3073 ἐοίκαμεν
2470 3004 2582 3064 τοῖς
2603 3000 2844 3054 ἐθέλουσι
2872 2999 3117 3070 σπιθαμῇ
3167 2999 3431 3071 μετρῆσαι
3470 3001 3563 3054 τὸν
3584 3003 3755 3074 ούρα-

2185 3095 2294 3149 νόν.
2331 3093 2541 3148 Οὐκοῦν
2571 3093 2700 3146 ὅταν
2726 3091 3078 3161 ἀνθρωπίνων
3111 3109 3164 3143 τι
3189 3091 3412 3161 λέγηται
3441 3094 3569 3164 περὶ
3594 3095 3750 3162 Θεοῦ,

506 3164 782 3218 convenit.
803 3163 945 3229 Quid
967 3167 1115 3221 enim
1141 3184 1271 3239 agas
1294 3187 1421 3226 cum
1443 3174 1635 3229 audias
1657 3186 1946 3243 canentem
1974 3178 2079 3231 Da-

2187 3185 2409 3240 νοείσθω
2432 3183 2769 3254 θεοπρεπῶς.
2811 3184 2965 3237 Ἐπεὶ
2995 3183 3048 3235 τί
3077 3184 3320 3253 ποιήσεις
3357 3183 3484 3236 ὅταν
3515 3163 3755 3258 ἀκούσῃς

504 3254 722 3310 videm:
752 3273 770 3305 ‹
795 3254 899 3321 Qui
931 3257 1092 3315 sedes
1123 3276 1290 3330 super
1309 3262 1624 3330 Cherubim,
1652 3281 1879 3335 appare,
1906 3270 2086 3324 excita

505 3352 829 3414 potestatem
872 3355 1046 3412 tuam,
1074 3361 1129 3404 et
1173 3354 1292 3406 veni
1337 3354 1403 3407 ad
1445 3356 1775 3409 servandum
1820 3374 1920 3413 nos
1946 3361 2034 3414 ιη.
2062 3380 2078 3412 ι

505 3436 795 3502 Quomodo
818 3440 963 3494 enim
994 3440 1145 3496 sedet
1172 3442 1316 3513 quod
1343 3452 1426 3499 est
1449 3448 1877 3515 Incorporeum?
1905 3451 1968 3504 Et
1994 3451 2081 3505 ubi

449 3537 463 3544 '
506 3536 591 3581 est
619 3528 861 3584 universi
897 3529 1045 3586 Deus
1070 3572 1084 3596 ,
1117 3550 1283 3603 quem
1316 3543 1377 3588 ut
1404 3536 1593 3591 veniat
1621 3539 1686 3590 ad
1715 3553 1817 3594 nos
1849 3540 2081 3606 invitat,

505 3616 779 3673 dicentem
805 3621 1010 3690 alioqui
1038 3638 1136 3692 per
1160 3626 1513 3694 prophetam:
1540 3646 1558 3679 ι
1583 3625 1841 3699 Nunquid
1879 3632 2081 3686 caelum

505 3716 561 3763 et
583 3717 785 3764 terram
816 3728 918 3782 ego
947 3715 1169 3787 impleo,
1196 3719 1333 3773 dicit
1364 3719 1633 3777 Dominus
1654 3724 1694 3756 ¹⁰
1714 3723 1765 3775 ?i
1785 3722 2082 3788 Quomodo

506 3801 676 3870 igitur
731 3807 915 3859 Veniat
961 3809 1026 3860 ad
1075 3824 1180 3863 nos
1229 3811 1325 3878 qui
1361 3814 1544 3866 omnia
1599 3813 1835 3881 implet?
1865 3813 2081 3869 Rursus

505 3896 772 3964 scriptum
828 3907 912 3951 est
964 3899 1160 3951 turrim
1207 3901 1263 3953 in
1310 3903 1512 3955 emlum
1561 3900 1942 3970 magnitudine
1985 3917 2078 3957 as-

504 3994 815 4052 surgentem
841 3987 1108 4053 quosdam
1134 3988 1406 4044 aedificare
1432 4005 1744 4060 aggressos;
1772 4000 1825 4046 et
1848 3993 2078 4048 descen-

504 4074 581 4128 dit
624 4075 889 4133 Dominus
930 4087 988 4131 ut
1022 4079 1232 4136 videret
1265 4082 1456 4136 urbem
1495 4090 1549 4136 et
1583 4084 1779 4137 turrim
1804 4124 1819 4149 ,
1853 4093 1907 4140 et
1942 4086 2078 4141 dixit

505 4164 803 4222 Dominus:
825 4170 1120 4240 «Agedum,
1142 4172 1540 4229 descendentes
1566 4175 1975 4233 conluudamus
1992 4194 2077 4233 eo-

508 4273 632 4311 rum
673 4259 895 4330 linguas
934 4264 1083 4319 illico
1122 4266 1188 4318 ¹⁰.
1221 4284 1238 4317 ι
1269 4265 1555 4331 Quomodo
1577 4266 1864 4322 descendit
1886 4268 2074 4323 Domi-

502 4365 639 4415 nus,
666 4353 749 4405 vel
786 4368 893 4421 qua
939 4356 1153 4410 ratione
1198 4366 1386 4411 sancta
1430 4356 1678 4411 Trinitas
1732 4359 1970 4428 seipsam
2006 4362 2072 4414 ad

500 4442 829 4497 descensum
861 4446 1162 4500 hortatur?
1189 4446 1328 4512 Quid
1354 4462 1516 4511 vero,
1544 4448 1632 4502 dic
1663 4449 1798 4501 mihi
1822 4490 1835 4511 ,
1865 4459 1919 4504 et
1953 4451 2073 4519 ipse

2186 3273 2477 3342 ψάλλοντος
2504 3271 2596 3324 τοῦ
2623 3271 2786 3324 Δαϐίδ
2804 3288 2818 3303 °
2845 3289 2862 3323 ι
2903 3271 2962 3325 Ὀ
2980 3270 3286 3342 καθήμενος
3305 3272 3398 3325 ἐπὶ
3417 3272 3525 3325 τῶν
3547 3276 3750 3345 Χερου-

2186 3364 2321 3433 ϐὶμ,
2366 3361 2662 3432 ὲμφάνηθι,
2699 3360 2973 3431 ἐξέγειρον
3008 3362 3106 3432 τὴν
3141 3361 3457 3416 δυναστείαν
3489 3381 3617 3427 σου,
3658 3366 3749 3420 καὶ

2185 3453 2306 3507 nos
2332 3455 2412 3516 εἰς
2441 3453 2500 3507 τὸ
2528 3452 2699 3507 σῶσαι
2726 3455 2903 3524 ἠμᾶς;
2933 3471 2953 3504 ο
2987 3453 3113 3515 Πῶς
3138 3454 3246 3523 γάρ
3278 3454 3508 3524 κάθηται
3529 3457 3589 3509 τὸ
3609 3457 3750 3509 ἀσώ-

2188 3561 2388 3615 ματον;
2421 3544 2530 3598 Ποῦ
2556 3545 2614 3598 δὲ
2640 3545 2766 3598 ὄντα
2785 3545 2893 3599 τῶν
2915 3544 3051 3598 ὅλων
3071 3544 3202 3598 Θεὸν
3227 3546 3362 3616 πρὸς
3392 3548 3540 3617 ἡμᾶς
3560 3546 3748 3614 ἀφικέ-

2185 3637 2307 3690 σθαι
2358 3636 2667 3708 παρακαλεῑ
2710 3636 2802 3689 τὸν
2853 3635 3079 3703 λέγοντα
3130 3634 3217 3688 διὰ
3265 3634 3373 3688 τῶν
3422 3636 3743 3706 προφητῶν·

2187 3748 2207 3779 σ
2229 3727 2318 3799 Μὴ
2346 3728 2466 3798 οὐχὶ
2493 3728 2584 3780 τὸν
2603 3726 2827 3797 οὐρανὸν
2843 3727 2936 3779 καὶ
2967 3726 3064 3797 τὴν
3087 3726 3192 3795 γῆν
3212 3723 3321 3790 ἐγὼ
3350 3724 3454 3794 πλη
3463 3726 3540 3796 ρῶ
3560 3744 3574 3792 ;
3602 3725 3748 3795 λέγει

2180 3817 2407 3890 Κύριος.
2447 3818 2558 3872 Ποῦ
2580 3819 2760 3871 τοίνυν
2794 3818 2860 3889 ἂν
2888 3816 3016 3887 ἔλθῃ
3037 3815 3174 3897 πρὸς
3199 3817 3344 3885 ἡμᾶς
3364 3818 3390 3869 ὁ
3416 3815 3748 3887 “avrae-:11]-

2182 3910 2325 3982 ρῶν;
2379 3911 2545 3963 Πάλιν
2595 3909 2944 3978 γέγραπται,
3003 3908 3085 3961 ὅτι
3137 3905 3344 3976 πύργον
3395 3906 3746 3975 οὐρανομήκη

2178 3999 2576 4062 κατεσκεύαζόν
2620 4016 2784 4061 τινες.
2841 3998 2951 4051 Καὶ
2976 3996 3180 4063 κατέϐη
3236 3995 3438 4065 Κύριος
3495 3996 3618 4049 ἰδεῖν
3648 3997 3745 4067 τὴν

2177 4092 2330 4144 πόλιν
2352 4092 2445 4144 καὶ
2470 4091 2559 4143 τὸν
2579 4090 2787 4162 πύργον
2806 4106 2820 4121 ·
2853 4091 2944 4142 καὶ
2967 4085 3088 4141 εἶπε
3116 4086 3348 4158 Κύριος·
3393 4105 3411 4137 ι
3441 4086 3603 4139 Δεῦτε
3652 4087 3745 4140 καὶ

2176 4181 2510 4243 καταϐάντες
2563 4182 2878 4250 συγχέωμεν
2928 4179 3109 4232 αὐτῶν
3140 4178 3240 4241 τὰς
3267 4176 3517 4245 γλώσσας
3542 4178 3675 4265 ἐκεῖ.
3720 4197 3738 4230 ι

2175 4273 2283 4326 Ποῦ
2311 4273 2513 4343 κατέϐη
2566 4272 2800 4344 Κύριος;
2845 4272 3029 4343 ἣτίνα
3081 4272 3336 4341 τρόπονή
3399 4269 3527 4335 ἁγία
3578 4269 3761 4337 Τριὰς-

2174 4363 2371 4435 ἑαυτὴν
2394 4366 2472 4426 εἰς
2499 4363 2725 4417 κάθοδον
2754 4362 3112 4433 παροτρύνει;
3146 4360 3209 4413 Τί
3235 4360 3313 4424 δὲ,
3355 4360 3477 4412 εἰπέ
3505 4376 3615 4429 μοι,
3649 4360 3739 4412 καὶ

2176 4454 2336 4517 αὐτὸς
2364 4455 2392 4507 ὁ
2424 4454 2614 4525 Πατὴρ
2635 4453 2873 4523 πέμπειν
2907 4454 3039 4523 ἡμῖν
3072 4451 3132 4516 ἐξ
3165 4450 3393 4521 οὐρανοῦ
3428 4450 3521 4503 τὸν
3556 4450 3743 4520 Παρά-

498 4531 666 4587 Pater
695 4534 994 4589 missurum
1030 4552 1089 4591 se
1124 4538 1285 4591 nobis
1320 4553 1349 4593 e
1384 4538 1526 4592 caelo
1558 4538 1902 4593 Paracletum
1945 4556 2072 4610 pro-

2187 4544 2370 4614 κλητον
2393 4544 2782 4614 ἐπηγγέλλετο;
2825 4543 2935 4596 Ποῦ
2959 4542 3065 4613 γὰρ
3094 4541 3126 4612 ἢ
3157 4540 3319 4593 πόθεν
3355 4540 3628 4609 πέμπεται
3681 4539 3744 4593 τὸ

500 4625 701 4681 ιιιἰεὶιῖ
732 4624 832 4680 Ubi
870 4628 1017 4680 enim
1053 4628 1136 4681 vel
1173 4628 1321 4682 unde
1354 4630 1594 4683 mittitur
1633 4630 1735 4683 hoc
1765 4631 1915 4699 quod
1950 4648 2068 4686 om-

498 4717 592 4770 nia
622 4717 849 4786 implet?
877 4737 896 4769 ι
928 4716 1171 4788 Spiritus
1199 4719 1343 4773 enim
1373 4720 1584 4774 Domini
1614 4720 1848 4789 replevit
1879 4722 2068 4776 orbem

498 4813 769 4861 terrarum
813 4808 890 4871 ἰ,
926 4826 945 4860 ι
982 4817 1040 4861 ιιι
1074 4807 1342 4877 scriptum
1383 4817 1488 4864 est.
1532 4809 1701 4879 Igitur
1736 4826 1895 4866 voces
1946 4825 2072 4880 quae

498 4897 800 4951 secundum
828 4912 931 4952 nos
963 4906 1120 4961 sunt,
1148 4898 1461 4968 signiﬁcant
1504 4914 1567 4953 ea
1617 4914 1739 4967 quae
1775 4916 1942 4971 supra
1971 4917 2073 4958 nos

498 4994 664 5051 sunt,
698 4987 743 5042 si
788 4989 856 5043 de
904 4987 1016 5043 Deo
1050 4988 1324 5043 dicantur.
1384 4988 1480 5045 Vis
1525 4990 1814 5059 concipere
1864 4993 2072 5062 aliquid

496 5092 685 5132 rerum
718 5077 988 5146 ejusmodi
1029 5078 1354 5146 dillicilium,
1409 5080 1608 5135 deinde
1655 5082 1753 5136 tibi
1804 5083 1869 5136 ad
1918 5099 2072 5137 com-

2178 4636 2356 4688 πάντα
2390 4635 2658 4706 πληροῦνς
2697 4654 2716 4687 ‹
2752 4634 2975 4705 Πνεῦμα
3002 4633 3109 4701 γὰρ
3160 4633 3367 4701 Κυρίου
3414 4631 3741 4700 πεπλήρωκε

2176 4725 2274 4795 τὴν
2298 4726 2643 4794 οἰκουμένην,
2677 4743 2695 4774 ι
2751 4722 2893 4777 καθά
2956 4723 3284 4791 γέγραπται.
3328 4717 3534 4770 Οὐκοῦν
3570 4719 3628 4770 αί
3657 4717 3744 4770 λέ-

2177 4815 2288 4881 ξεις
2320 4816 2377 4867 al.
2411 4813 2533 4866 καθ’
2582 4815 2751 4882 ἡμᾶς,
2786 4812 2853 4865 τά
2893 4811 3032 4881 ὑπὲρ
3065 4812 3211 4880 ἡμᾶς
3260 4808 3639 4877 σημαίνουσιν,
3693 4809 3743 4860 εἰ

2176 4906 2268 4959 ἐπὶ
2289 4904 2422 4958 Θεοῦ
2453 4903 2713 4972 λέγοιντο.
2742 4902 2926 4955 Βούλει
2958 4920 3011 4954 τι
3032 4904 3221 4972 νοῆσαι
3248 4899 3355 4952 τῶν
3392 4900 3533 4953 οὕτω
3555 4900 3745 4969 δυσχε-

2176 4994 2305 5064 ρῶν,
2329 4989 2445 5047 εῑτά
2484 5009 2568 5045 σοι
2596 4991 2731 5062 πρὸς
2763 4988 3072 5058 κατάληψιν
3112 4990 3141 5041 ὁ
3173 4985 3298 5047 νοῦς
3342 4984 3558 5038 ἀσθενεῖ
3584 5023 3600 5045 ,
3647 4984 3743 5037 καὶ

2172 5083 2331 5137 τοῦτο
2385 5081 2594 5143 παθὼν,
2641 5080 2902 5153 αἱσθάνῃ;
2941 5078 3032 5150 Μὴ
3083 5077 3412 5147 χαλεπήνῃς,
3465 5073 3741 5144 ἄνθρωπε,

497 5169 922 5238 prehensionem
946 5171 1167 5226 animus
1189 5171 1500 5226 imbecillus
1517 5181 1623 5238 est,
1642 5173 1803 5243 idque
1827 5181 1940 5230 tute
1958 5175 2074 5244 ipse

2187 5174 2421 5245 ὒμολὸγει
2441 5173 2541 5243 τῆς
2569 5171 2734 5226 αὑτοῦ
2765 5172 2979 5241 φύσεως
3011 5170 3110 5239 τὴν
3141 5167 3421 5220 ἀσθένειαν
3440 5203 3455 5226 ,
3498 5163 3745 5234 μέμνησο

498 5261 715 5316 sentis?
741 5260 817 5315 Ne
849 5261 1038 5332 iniquo
1066 5264 1254 5316 animo
1290 5262 1454 5329 feras,
1483 5280 1517 5319 o
1552 5264 1717 5319 homo
1738 5304 1752 5327 ,
1790 5264 1959 5320 fatere
1992 5267 2069 5319 tui

496 5345 672 5416 ipsius
712 5357 925 5404 natura:
960 5350 1334 5404 inﬁrmitatem
1368 5393 1382 5414 ,
1424 5354 1744 5409 memineris
1782 5354 2065 5409 dicentis:

503 5458 522 5488 ι
552 5438 804 5494 Fortiora
834 5441 994 5511 671
1034 5449 1086 5496 te
1112 5456 1181 5496 ne
1209 5457 1423 5510 qumras
1457 5443 1503 5474 “
1530 5457 1543 5494 :
1576 5461 1594 5493 ι
1620 5459 1744 5497 cum
1786 5445 1841 5497 in
1877 5446 2066 5498 orbem

495 5529 637 5588 Sclis
663 5530 887 5584 oculum
916 5530 1165 5600 corporis
1192 5529 1500 5585 intenderis
1520 5569 1535 5594 ,
1562 5531 1746 5583 statim
1781 5533 2066 5597 averteris,

2172 5263 2266 5316 τοῦ
2303 5264 2589 5332 λέγοντος·
2637 5282 2655 5313 ι
2692 5261 3035 5332 Ἰσχυρότερά
3070 5275 3160 5311 σου
3218 5256 3290 5325 μὴ
3330 5255 3510 5323 ζήτει·
3552 5272 3569 5303 ι
3612 5254 3740 5305 ὅταν

2174 5356 2254 5418 εἰς
2287 5355 2376 5408 τὸν
2403 5353 2495 5408 τοῦ
2535 5353 2683 5423 ἡλίου
2707 5352 2904 5406 κύκλον
2946 5350 3037 5403 τὸν
3069 5347 3163 5402 τοῦ
3196 5345 3444 5415 σώματος
3464 5341 3741 5411 ὀφθαλμὸν

2174 5447 2481 5518 ἀνατείνῃς,
2525 5446 2685 5508 εὐθὺς
2719 5445 3100 5514 ἀποστρέφεις,
3151 5441 3217 5509 τῇ
3246 5438 3339 5490 τοῦ
3369 5434 3543 5505 φωτὸς
3573 5449 3743 5503 προσ-

2175 5538 2303 5608 ϐολῇ
2334 5536 2655 5606 νικώμενος.
2699 5535 2895 5588 Ὶστέον
2915 5533 2978 5604 δὴ
3005 5527 3097 5585 οῦν
3125 5532 3206 5584 ὅτι
3244 5526 3337 5581 καὶ
3362 5529 3398 5596 ἡ
3423 5523 3543 5579 θεία
3580 5521 3742 5592 φύσις

573 5640 822 5713 '{GalaL
857 5657 933 5709 tv,
966 5644 1021 5698 4.
1074 5644 1143 5713 ﬁ"
1169 5641 1286 5699 Jac.
1308 5658 1394 5713 ιν,
1423 5643 1557 5713 12.η
1586 5640 1818 5713 "_Prov.
1850 5659 1976 5713 διν,
2001 5646 2052 5701 2.

2203 5648 2348 5704 Psal.
2385 5662 2571 5713 Larix,
2599 5646 2662 5711 5;
2699 5645 2800 5701 lsa.
2832 5659 3040 5708 xxxvn,
3070 5642 3153 5698 16.
3233 5640 3275 5671 ¹⁹
3308 5637 3509 5695 Jercm.
3536 5646 3616 5700 ιιι,
3645 5634 3738 5690 24.

486 5711 549 5773 .¹⁸
592 5711 823 5780 lie.an
852 5713 906 5767 7.
982 5713 1023 5746 “
1064 5712 1192 5781 Sap.
1228 5729 1274 5780 ι,
1304 5712 1357 5766 7.
1433 5714 1477 5745 ²¹
1518 5710 1687 5767 Eccli.
1718 5727 1811 5779 ιιι,
1843 5710 1931 5766 22.
2033 5787 2039 5792 '
