4010 6320
178 314 256 371 19
1027 314 1095 371 ΙΝ
1129 316 1477 374 JOA-NNEM.
1515 318 1733 375 —LID.
1776 319 1866 374 VII
1898 319 1987 374 ET
2032 319 2143 374 VIII
2186 320 2633 378 FRAGMENTA.
3356 331 3424 386 πο

181 433 301 505 φῶς
328 433 622 506 ἀπρόσιτον
646 434 814 487 οἰκεῖ·
843 429 1134 505 ἀπρόσιτον
1167 436 1223 488 δὲ
1256 438 1378 500 ταῖς
1402 435 1509 489 τῶν
1535 453 1757 507 περιερ·

1876 439 2221 507 :jaculatione
2254 439 2459 495 lumine
2493 440 2824 509 perstrictus
2866 441 3175 512 victusque.
3240 443 3431 501 Seien-
3534 486 3541 489 -

178 524 503 594 γαζομένων
523 524 799 589 διανοίαις.
824 526 945 597 Χρὴ
966 527 1161 589 τοίνυν,
1198 527 1326 580 ὅταν
1359 528 1451 580 καὶ
1483 526 1757 598 ἀνθρωπί-

178 634 303 680 ναις
331 617 535 685 φωναῖς
561 615 787 685 λαλῆται
804 615 872 669 τὰ
910 618 1037 688 περὶ
1063 618 1219 680 Θεοῦ,
1264 617 1429 688 μηδὲν
1451 618 1757 687 λογίζεσθαι

178 706 460 770 ταπεινὸν,
487 706 604 758 ἀλλ’
634 707 693 758 ὲν
715 708 781 777 τῇ
815 707 1059 778 πτωχείᾳ
1083 708 1191 762 τῶν
1215 709 1336 762 καθ’
1360 710 1509 778 ἡμᾶς
1534 708 1755 775 λέξεων,

181 793 277 847 τὸν
314 794 412 864 τῆς
442 793 592 858 θείας
619 793 775 864 δόξης
805 795 1262 867 κατοπτρίζεσθαι
1298 797 1543 851 πλοῦτον.
1566 798 1630 849 Τί
1651 796 1757 868 γὰρ

182 888 235 938 εἰ
275 885 661 939 ἀποστέλλεται
691 885 843 957 παρὰ
870 886 963 939 τοῦ
995 887 1204 956 Hau-pb;
1233 891 1261 943 6
1305 888 1433 950 Υἱός
1459 905 1474 951 ;
1502 883 1647 957 *Αρα
1672 887 1760 941 διὰ

179 974 346 1030 τοῦτο
394 975 634 1029 ἐλάττων
680 975 865 1041 ἔσταις
914 974 1121 1032 Οὐκοῦν
1151 980 1279 1032 ὅταν
1310 982 1374 1032 ὲκ
1403 979 1498 1031 τοῦ
1534 978 1758 1049 ἡλιακοῦ

180 1067 441 1136 σώματος
468 1067 530 1120 τὺ
557 1067 617 1133 ἐξ
656 1069 821 1123 αὐτοῦ
850 1070 1134 1140 πέμπηται
1166 1072 1302 1140 φῶς,
1327 1071 1612 1142 ἑτεροφυές
1643 1073 1759 1125 ἐστι

178 1158 318 1226 παρ’
349 1158 503 1223 αὐτὸ,
538 1159 632 1212 καὶ
659 1161 717 1213 ὲν
741 1160 987 1214 ἐλάττοσι
1016 1162 1147 1232 παρ’
1183 1161 1377 1228 aurci;
1420 1165 1611 1217 Καίτοι
1644 1164 1761 1227 πῶς

179 1248 346 1303 τοῦτο
376 1250 470 1303 καὶ
516 1252 675 1321 μόνον
722 1253 1010 1323 ἐννοῆσαι,
1067 1256 1168 1309 οὐκ
1223 1256 1468 1326 ἀμαθές;
1496 1255 1615 1320 Φῶς
1666 1254 1759 1309 οὖν

187 1341 452 1411 ὑπάρχων
483 1344 577 1396 τοῦ
607 1344 817 1415 Πατρὸς
846 1346 874 1398 6
899 1346 1044 1408 Υἱὸς.
1085 1346 1359 1417 πέμπεται
1416 1348 1545 1419 πρὸς
1589 1350 1757 1418 ἡμᾶς,

186 1429 265 1493 ὡς
290 1430 442 1499 ἡλίου
467 1430 628 1501 τυχὸν
661 1432 832 1501 αὐγὴν
865 1434 1342 1502 ἁπαστράψαντος.
1375 1436 1439 1487 Ὃ
1463 1434 1526 1505 δὴ
1560 1436 1653 1487 καὶ
1678 1452 1763 1503 γε·

188 1520 380 1574 νέσθαι
407 1521 708 1592 παρεκάλει
731 1521 902 1590 λέγων
935 1525 963 1575 6
992 1524 1153 1576 Δα6ίδ
1172 1538 1186 1552 ’
1216 1543 1235 1575 ι
1270 1523 1680 1588 Ἐξαπόστειλον
1703 1525 1762 1578 τὺ

190 1608 308 1679 φῶς
345 1627 441 1662 σου
472 1612 565 1665 καὶ
599 1611 695 1682 τὴν
718 1611 973 1683 ἀλήθειάν
993 1630 1107 1666 σου.
1142 1631 1161 1664 ι
1188 1615 1298 1666 Καὶ
1319 1615 1368 1666 εί
1391 1614 1517 1678 δόξα
1547 1614 1665 1667 ἐστὶ
1685 1613 1762 1685 τῷ

189 1699 392 1770 Πατρὶ,
423 1700 484 1753 τὸ
517 1699 633 1770 φῶς
661 1700 824 1770 ἔχειν,
854 1702 970 1765 πῶς
996 1701 1239 1769 ἔλαττον,
1268 1703 1453 1774 φησιν,
1495 1704 1660 1758 αὐτοῦ
1699 1705 1759 1758 τὸ

1857 527 1987 582 dum
2021 544 2238 599 quoque
2284 537 2537 582 naturam
2569 529 2811 584 divinam
2847 530 3098 586 habitare
3129 533 3183 588 in
3222 535 3430 593 lumine

1859 620 2145 675 inaccesso
2166 659 2181 680 ,
2215 627 2268 674 et
2301 620 2521 689 quidem
2560 621 2846 677 inaccesso
2879 623 3229 679 curiosorum
3270 642 3425 681 men-

1858 711 2028 766 tibus.
2048 708 2227 775 Quare
2249 717 2490 778 oportet,
2525 709 2625 763 'ubi
2657 710 2723 764 de
2756 709 2866 765 Deo
2903 712 3163 768 humanis
3195 715 3426 769 vocibus

1859 817 2040 857 sermo
2093 801 2219 861 ﬁet,
2275 801 2411 855 nihil
2446 800 2719 870 abiectum
2757 810 2849 855 aut
2884 802 3089 859 humile
3146 805 3426 874 cogitare,

1859 888 1953 943 sed
2000 889 2055 942 in
2107 898 2433 958 paupertate
2481 905 2546 944 ac
2596 892 2954 947 mendicitate
3000 903 3203 948 nostrae
3235 895 3428 948 dictio-

1859 979 1945 1034 nis
1967 1020 1981 1043 ,
2014 978 2214 1033 divina:
2241 980 2431 1049 gloriae
2462 988 2721 1049 tanquam
2763 982 2814 1034 in
2848 984 3076 1052 speculo
3109 985 3311 1039 intueri
3344 985 3430 1038 di-

1859 1063 2040 1127 vitias.
2067 1071 2207 1137 Quid
2233 1071 2379 1126 enim
2406 1072 2450 1125 si
2475 1070 2714 1124 mittitur
2737 1086 2766 1125 a
2785 1071 2949 1128 Patre
2975 1073 3191 1129 Filius?
3210 1076 3290 1128 An
3315 1091 3431 1144 pro-

1861 1172 2050 1234 pterea
2085 1163 2264 1216 minor
2307 1162 2455 1217 erit?
2518 1161 2689 1232 Igitur
2738 1178 2861 1217 eum
2908 1180 2938 1218 e
2987 1179 3220 1233 corpore
3262 1166 3428 1219 solari

1862 1253 2097 1306 mittitur
2115 1253 2230 1314 lux,
2250 1252 2483 1306 diversa:
2501 1260 2713 1306 natura:
2737 1253 2803 1306 ab
2819 1268 2885 1307 eo
2902 1262 2986 1307 est
3013 1269 3076 1307 ac
3099 1256 3432 1311 deterioris?

1862 1341 2016 1406 Quod
2044 1339 2263 1409 quidem
2305 1341 2386 1394 vel
2412 1348 2624 1414 tantum
2663 1343 2912 1410 cogitare
2944 1358 3127 1398 nonne
3158 1353 3243 1399 est
3281 1362 3431 1399 sum-

1863 1445 1964 1483 mae
1996 1428 2330 1499 imperitiae?
2370 1429 2486 1483 Lux
2524 1431 2691 1500 igitur
2733 1432 2912 1486 Patris
2938 1435 3221 1489 exsistcus
3258 1433 3432 1491 Filius

1864 1520 2099 1573 mittitur
2115 1519 2181 1574 ad
2214 1534 2338 1584 nos,
2366 1528 2632 1589 tanquam
2665 1521 2784 1575 sole
2818 1523 3006 1593 utique
3035 1524 3248 1578 radium
3279 1526 3434 1583 emit.-

1863 1619 2031 1666 tcnte.
2057 1611 2210 1677 Quod
2237 1610 2456 1680 quidem
2487 1611 2602 1666 ﬁeri
2632 1614 2966 1682 precabatur
2992 1614 3161 1670 David
3196 1616 3386 1672 dicens
3414 1635 3428 1672 :

1870 1720 1888 1753 ι
1920 1700 2120 1754 Emitte
2152 1702 2327 1754 lucem
2359 1709 2505 1754 tuam
2530 1709 2584 1755 et
2612 1703 2894 1757 veritatem
2929 1712 3077 1758 tuam
3123 1707 3191 1760 ”.
3224 1725 3243 1757 ι
3271 1706 3337 1760 Et
3384 1708 3431 1764 si

190 1789 252 1841 ἐν
295 1783 341 1857 ᾦ
380 1790 692 1857 δοξάζεται;
725 1793 835 1845 Καὶ
864 1793 1022 1857 αὐτὸς
1053 1793 1109 1847 δὲ
1151 1795 1179 1846 6
1217 1794 1344 1857 Υἱὸς
1398 1795 1525 1865 περὶ
1563 1794 1756 1849 ἑαυτοῦ

1876 1790 2039 1861 gloria
2071 1797 2154 1845 est
2181 1789 2362 1844 Patris
2396 1790 2570 1844 lucem
2602 1790 2807 1845 habere
2827 1830 2841 1852 .
2876 1793 3148 1860 quomodo
3179 1793 3432 1857 inferius,

188 1880 341 1948 λέγει
361 1896 375 1910 ·
411 1898 430 1932 ι
477 1883 573 1934 ’ον
602 1883 630 1934 6
656 1882 844 1954 Πατὴρ
877 1884 1070 1954 ἡγίασε
1096 1885 1187 1938 καὶ
1219 1885 1525 1938 ἀπέστειλε.
1565 1904 1582 1935 ι
1609 1886 1682 1938 Τὸ
1707 1885 1763 1938 δὲ

190 1971 451 2039 ἡγίασεν
492 1974 524 2042 ἡ
569 1972 760 2043 Γραφὴ
806 1975 947 2026 κατὰ
987 1974 1213 2038 πολλοὺς
1255 1975 1467 2045 δέχεται
1505 1976 1760 2047 τρόπους.

190 2060 425 2129 Λέγεται
445 2061 545 2131 μὲν
560 2062 666 2133 γάρ
682 2064 1025 2131 ἁγιάζεσθαι,
1044 2067 1104 2119 τὸ
1124 2065 1341 2120 ἁνατιθέ
1349 2084 1510 2137 μενον
1529 2067 1607 2137 τῷ
1622 2067 1760 2137 Θεῷ.

188 2148 306 2201 Καὶ
332 2147 460 2215 γοῦν
486 2148 590 2219 ἔφη
617 2151 752 2220 πρὸς
769 2152 970 2205 Μωσέα
989 2171 1002 2184 ⁸
1037 2173 1055 2203 ι
1090 2153 1338 2222 Ἀγίασόν
1368 2171 1457 2225 μρι
1487 2157 1595 2209 πᾶν
1615 2172 1764 2227 πρω-

188 2238 430 2294 τότοκον.
465 2259 483 2292 ι
530 2241 837 2309 Ἀγιάζεται
866 2243 922 2296 δὲ
949 2245 1110 2297 πάλιν
1130 2245 1189 2298 τὸ
1216 2247 1594 2317 προχειρισθὲν
1616 2249 1765 2320 παρὰ

189 2330 330 2384 Θεοῦ
361 2330 494 2402 πρὸς
534 2333 595 2385 τὸ
632 2334 835 2404 πρᾶξαί
865 2352 916 2388 τι
952 2336 1060 2389 τῶν
1102 2337 1242 2391 κατὰ
1286 2337 1512 2408 γνώμην
1562 2339 1725 2393 αὐτοῦ
1748 2357 1761 2370 ·

189 2421 337 2475 οὕτω
368 2423 477 2494 γὰρ
504 2424 631 2492 περί
666 2442 725 2477 τε
756 2424 850 2478 τοῦ
880 2427 1063 2498 Κύρου
1090 2428 1183 2492 καὶ
1211 2429 1319 2481 τῶν
1357 2430 1554 2499 Μήδων
1580 2432 1761 2500 φησὶν.

191 2515 285 2565 ὅτε
316 2514 413 2584 τῆς
457 2514 816 2570 Βαϐυλωνίων
851 2518 1046 2581 αὐτοὺς
1084 2521 1549 2591 καταστρατεύειν
1570 2523 1728 2593 ἤθελε
1749 2541 1763 2554 υ

198 2623 216 2653 ι
231 2603 489 2671 Γίγαντες
504 2604 750 2674 ἔρχονται
769 2607 871 2676 πλη
881 2609 1049 2680 ρῶσαι
1065 2610 1152 2663 τὸν
1169 2611 1230 2665 θυ
1239 2611 1337 2682 μόν
1353 2630 1476 2682 μου,
1489 2614 1769 2685 χαίροντες

194 2694 314 2763 ἃμα
349 2696 443 2748 καὶ
485 2695 795 2766 ὑϐρίζοντες
826 2700 1149 2770 ἡγιασμένοι
1204 2702 1345 2768 εἰσὶ,
1381 2705 1474 2756 καὶ
1516 2704 1626 2773 ἐγὼ
1651 2705 1768 2773 ἄγω

193 2784 413 2848 αὑτούς.
452 2805 472 2836 ι
519 2787 827 2855 ’Δγιάζεται
867 2790 923 2842 δὲ
942 2791 1102 2845 πάλιν
1130 2793 1190 2845 τὸ
1216 2794 1271 2845 ἐν
1307 2794 1520 2863 μεθέξει
1547 2796 1768 2864 γεγονὸς

192 2877 292 2930 τοῦ
328 2878 484 2945 ἁγίου
512 2879 849 2949 Πνεῦματος.
877 2882 1086 2935 Οὐκοῦν
1107 2884 1367 2953 ἡγιᾶσθαί
1394 2903 1557 2957 φησιν
1579 2888 1768 2941 ἑαυτὸν

195 2969 350 3039 παρὰ
400 2969 492 3022 τοῦ
530 2970 743 3041 Πατρὸς
771 2973 799 3024 6
829 2971 993 3038 Υἱὸς,
1028 2973 1103 3036 ὼς
1146 2975 1593 3045 προχειρισθέντα
1638 2980 1767 3048 παρ’

198 3057 367 3112 αὐτοῦ
423 3059 562 3131 πρὸς
607 3061 943 3132 κατόρθωσιν
976 3064 1072 3134 τῆς
1104 3063 1199 3116 τοῦ
1243 3065 1445 3136 κόσμου
1480 3067 1645 3136 ζωῆς,
1676 3069 1769 3122 καὶ

1866 1883 2078 1952 inquit,
2114 1897 2181 1935 eo
2208 1890 2293 1936 est
2328 1881 2378 1935 id
2408 1881 2464 1934 in
2494 1895 2604 1951 quo
2650 1881 3037 1950 gloriﬁcatur?
3084 1881 3202 1951 Ipse
3232 1886 3434 1952 quippe

1864 1975 2036 2030 Filius
2068 1976 2137 2030 dc
2165 1975 2346 2044 seipso
2377 1974 2553 2028 dicit:
2588 1992 2606 2024 ι
2640 1973 2811 2040 Quem
2860 1972 3026 2027 Pater
3068 1975 3436 2029 sanctiﬁcavit

1865 2075 1920 2122 et
1952 2066 2100 2121 misit
2131 2065 2195 2119 “.
2229 2084 2246 2118 ι
2278 2065 2391 2120 Ηοε
2415 2080 2543 2119 vero
2575 2065 2935 2132 sanctiﬁcavit
2971 2063 3259 2135 Scriptura
3292 2054 3435 2120 mul—

1868 2160 1937 2212 tis
1969 2158 2141 2211 modis
2171 2157 2394 2226 accipit.
2442 2156 2654 2211 Dicitur
2701 2159 2847 2210 enim
2902 2157 3240 2212 sanctiﬁcari
3291 2156 3437 2226 quod

1867 2251 2083 2329 dicatur
2113 2249 2241 2303 Deo.
2276 2251 2342 2303 Et
2368 2249 2586 2319 quidem
2631 2249 2774 2303 dixit
2802 2249 2865 2302 ad
2897 2247 3083 2303 Mosen
3114 2270 3124 2303 :
3163 2266 3183 2300 ι
3217 2249 3439 2304 Sancti-

1868 2339 1966 2393 ﬁca
2014 2338 2145 2393 mibi
2179 2352 2343 2392 omne
2387 2337 2809 2406 primogenitum
2837 2336 2902 2388 ".
2935 2356 2957 2389 ι
2987 2334 3202 2390 Rursus
3231 2337 3441 2390 sancti-

1871 2431 2064 2486 ﬁcatur
2111 2430 2256 2499 quod
2307 2429 2667 2483 commissum
2710 2435 2796 2482 est
2829 2442 2857 2480 a
2894 2425 3004 2480 Deo
3034 2434 3089 2480 et
3126 2427 3439 2495 delegatum

1868 2523 1932 2577 ad
1968 2522 2173 2592 aliquid
2203 2537 2428 2586 eorum,
2459 2535 2580 2590 quae
2612 2519 2713 2589 ipsi
2741 2519 2896 2573 cordi
2943 2528 3110 2583 sunt,
3149 2519 3438 2588 agendum.

1877 2612 1971 2665 Sic
1997 2611 2141 2665 enim
2172 2610 2238 2664 de
2268 2608 2412 2680 Cyro
2440 2618 2495 2663 et
2530 2609 2698 2663 Medis
2727 2610 2826 2670 ait,
2854 2609 3079 2676 quando
3109 2622 3203 2663 eos
3241 2609 3295 2660 in
3337 2607 3442 2659 Ba-

1870 2704 2120 2774 bylonem
2151 2702 2432 2770 suscipere
2452 2702 2857 2771 expeditionem
2887 2702 3060 2755 voluit
3091 2720 3104 2754 :
3134 2718 3151 2749 ‹
3185 2699 3442 2769 Gigantes

1868 2797 2096 2850 veniunt
2123 2794 2348 2863 implere
2389 2794 2632 2846 animum
2674 2807 2895 2859 meum;
2941 2792 3246 2862 gaudentes
3277 2789 3442 2844 simul

1869 2893 1923 2941 et
1983 2884 2383 2938 insolescentes
2436 2879 2771 2936 sanctiﬁcati
2824 2885 2991 2940 sunt,
3034 2884 3087 2931 et
3139 2890 3240 2945 ego
3298 2876 3443 2929 duco

1871 2989 1965 3029 eos
1998 2974 2064 3026 ".
2101 2990 2118 3023 ι
2146 2969 2387 3024 Proinde
2418 2969 2581 3025 etiam
2627 2966 3025 3028 sanctiﬁcatur,
3078 2964 3226 3034 quod
3274 2964 3445 3032 parti-

1877 3081 2008 3135 ceps
2041 3070 2128 3120 est
2156 3061 2400 3132 Spiritus
2428 3060 2627 3115 sancti.
2660 3060 2806 3129 Ergo
2836 3056 3011 3112 Filius
3040 3072 3097 3111 se
3132 3053 3447 3109 sanctiﬁca-

196 3149 345 3202 κατὰ
375 3151 473 3222 τῆς
506 3150 615 3206 τῶν
653 3153 1044 3224 ἀντικειμένων
1073 3154 1417 3219 καταλύσεως
1436 3173 1451 3188 ο
1486 3158 1517 3226 ἢ
1548 3159 1639 3210 καὶ
1669 3158 1769 3221 ἔτι,

1880 3165 1991 3210 tum
2024 3154 2100 3207 ait
2131 3169 2160 3207 a
2186 3152 2348 3207 Patre
2369 3192 2382 3216 ,
2415 3162 2675 3221 tanquam
2709 3150 2777 3204 ab
2809 3163 2876 3203 eo
2910 3147 2975 3201 ad
3005 3145 3443 3201 emendationem

198 3239 340 3295 καθὸ
371 3241 629 3313 ἐπέμφθη
652 3245 732 3308 είς
752 3244 812 3298 τὸ
836 3244 977 3316 ὑπὲρ
1002 3245 1102 3314 τῆς
1122 3244 1217 3298 τοῦ
1265 3247 1469 3316 κόσμου
1503 3251 1777 3319 σωτηρίας

202 3332 482 3402 σφαγῆναι
503 3350 517 3365 °
545 3333 638 3387 καὶ
670 3335 778 3406 γὰρ
808 3335 940 3403 ἅγια
965 3334 1282 3401 καλοῦνται,
1303 3338 1399 3389 καὶ
1430 3338 1498 3391 τὰ
1523 3340 1777 3412 ἀφοριζό-

205 3442 343 3495 μενα
375 3428 454 3487 είς
486 3425 677 3480 θυσίαν
702 3427 842 3498 Θεῷ.
890 3428 1179 3496 Ἡγιᾶσθαι
1209 3429 1266 3481 δέ
1296 3446 1474 3499 φαμεν
1500 3429 1660 3483 αὐτὸν
1685 3430 1777 3484 καὶ

205 3514 325 3584 μεθ’
363 3514 521 3585 ἡμῶν
568 3516 923 3587 ἀνθρωπίνως
978 3519 1066 3571 ὅτε
1100 3518 1290 3585 γέγονε
1339 3517 1510 3589 σάρξ’
1547 3518 1775 3591 ἡγιάσθη

201 3606 314 3677 γὰρ
343 3606 508 3659 αὑτοῦ
528 3608 563 3675 ἡ
594 3607 749 3678 σὰρξ,
785 3608 1050 3681 δεξαμένη
1091 3614 1181 3662 τὸν
1217 3611 1481 3663 ὲνωθέντα
1512 3612 1647 3682 αὐτῇ
1678 3612 1780 3665 Λό-

202 3712 320 3763 γον,
363 3694 439 3766 μὴ
473 3691 604 3749 οὖσα
638 3697 798 3765 φύσει
851 3698 1000 3767 ἁγία.
1050 3700 1127 3752 Δι’
1165 3692 1240 3753 ὧν
1267 3699 1325 3751 δὲ
1363 3699 1522 3753 τοῦτο
1549 3700 1776 3768 γίνεται,

204 3791 490 3861 ἁγιάζεται
526 3793 677 3861 παρὰ
708 3792 802 3847 τοῦ
845 3795 1057 3866 Πατρός
1082 3811 1096 3825 ο
1146 3795 1243 3864 μία
1286 3794 1394 3864 γὰρ
1439 3795 1651 3866 Πατρδς
1688 3794 1781 3849 καὶ

206 3883 339 3936 Υίοῦ
363 3884 458 3937 καὶ
481 3884 635 3953 ἁγίου
654 3884 792 3939 Πνεύ
800 3887 1016 3955 ματοςὴ
1045 3887 1255 3955 θεότης.
1288 3886 1433 3955 Πλὴν
1449 3888 1509 3940 οὐ
1533 3887 1782 3959 καθάπερ

205 3977 265 4027 ἐν
299 3975 516 4045 ἑκάστῳ
545 3975 652 4028 τῶν
681 3976 852 4043 ἁγίων
889 3977 1175 4048 γινόμενος
1202 3980 1230 4031 6
1250 3978 1383 4041 Θεὸς
1411 3978 1627 4046 ἁγιάζει
1656 3979 1782 4032 τού-

205 4082 356 4128 τους,
388 4063 562 4129 οὕτως
591 4065 707 4133 ἐστὶ.
737 4066 830 4120 καὶ
850 4067 907 4119 ὲν
930 4066 1007 4137 τῷ
1038 4066 1153 4136 Υίῷ
1174 4085 1186 4097 '
1224 4068 1337 4121 ἀλλ’
1378 4068 1539 4130 αὐτὸς
1570 4071 1596 4122 ό
1624 4069 1780 4133 Υἱὸς,

204 4156 440 4225 δύναμίς
498 4156 614 4209 ἐστι
660 4157 765 4209 καὶ
785 4157 949 4225 σοφία
999 4158 1092 4211 τοῦ
1127 4158 1361 4229 Πατρὸς,
1399 4159 1640 4227 ἁγιάζων
1683 4161 1783 4230 μὲν

208 4248 389 4302 πάντα
430 4248 498 4301 τὰ
552 4248 855 4318 μετέχοντας
884 4248 1048 4302 αὑτοῦ
1094 4251 1151 4301 ἐν
1184 4250 1462 4318 Πνεῦματι
1488 4267 1501 4282 ·
1535 4250 1699 4313 αὐτὸς
1730 4250 1787 4304 δὲ

207 4338 374 4393 πάλιν
389 4339 450 4390 οὐ
467 4339 609 4394 κατά
626 4357 748 4394 τινα
767 4340 1075 4411 μετουσίαν,
1098 4341 1253 4410 ἆγιος
1283 4340 1358 4393 ὢν
1389 4341 1536 4394 ὥσπε
1546 4359 1577 4412 ρ
1599 4344 1783 4414 ἡμεῖς,

206 4430 332 4485 οὐδὲ
352 4429 497 4484 κατὰ
519 4431 679 4502 χάριν
706 4431 833 4496 Υἱὸς
860 4431 1217 4504 κεκλημένος,
1252 4432 1388 4486 ἀλλὰ
1421 4432 1666 4505 γέννημα
1690 4434 1787 4500 τῆς

1874 3249 2001 3301 vitae
2033 3244 2220 3299 mundi
2251 3243 2595 3312 delegatum,
2644 3248 2699 3295 et
2733 3240 2787 3294 in
2837 3239 3280 3293 adversariorum
3330 3233 3446 3288 rui-

1876 3354 2001 3393 nam
2048 3354 2111 3393 ac
2153 3339 2525 3400 eversionem,
2571 3334 2652 3388 vel
2697 3333 2862 3388 etiam
2913 3341 3186 3401 quatenus
3239 3326 3445 3382 missus

1874 3442 1990 3493 est,
2050 3441 2108 3485 ut
2163 3446 2262 3500 pro
2322 3430 2498 3484 salute
2550 3424 2744 3480 mundi
2806 3430 3143 3477 mactaretur
3192 3438 3205 3473 :
3246 3419 3449 3488 quippe

1876 3533 2067 3580 sancta
2100 3530 2386 3587 vocantur,
2428 3536 2549 3591 quae
2584 3529 2644 3572 ut
2682 3517 2792 3571 Deo
2832 3517 2889 3570 in
2933 3513 3266 3571 sacriﬁcium
3318 3508 3451 3563 olle-

1878 3623 2091 3677 rantur,
2128 3614 2331 3669 selecta
2380 3622 2529 3666 sunt.
2569 3607 2979 3663 Sanetiﬁcatum
3017 3606 3177 3659 etiam
3214 3603 3451 3657 dicimus

1877 3715 1932 3763 et
1961 3705 2249 3761 nobiscum
2280 3705 2519 3758 humano
2553 3702 2714 3757 modo
2736 3739 2752 3764 ,
2786 3698 3009 3768 quando
3045 3695 3221 3749 Iactus
3246 3703 3329 3748 est
3352 3708 3454 3748 ca-

1880 3813 1941 3853 ro
1969 3815 1982 3851 :
2016 3796 2359 3853 sanctiﬁcata
2386 3795 2533 3850 enim
2566 3798 2650 3847 est
2697 3791 2820 3861 ejus
2856 3803 3020 3849 caro.
3080 3786 3295 3840 unitum
3347 3782 3451 3838 sibi

1879 3888 2119 3944 Verbum
2151 3888 2371 3956 adepta,
2406 3901 2531 3939 cum
2564 3892 2766 3939 natura
2787 3896 2907 3935 .non
2936 3885 3083 3934 esset
3112 3882 3328 3929 sancta.
3351 3872 3455 3927 Per
3548 3942 3551 3951 .

1879 3995 2003 4049 qua:
2053 3978 2198 4034 enim
2244 3977 2302 4032 ﬁt
2346 3974 2530 4040 istud,
2576 3974 2959 4029 sanctiﬁcatur
3008 3986 3038 4023 a
3097 3969 3308 4023 Patre:
3344 3978 3454 4016 una

1883 4069 2151 4138 siquidem
2185 4066 2368 4120 Patris
2409 4073 2463 4119 et
2508 4062 2631 4119 Filii
2665 4070 2720 4117 et
2755 4060 2996 4131 Spiritus
3029 4055 3205 4111 sancti
3254 4053 3451 4106 deitas.

1887 4158 2276 4214 Verumtamen
2329 4172 2437 4209 non
2493 4151 2958 4223 quemadmodum
3016 4148 3070 4201 in
3122 4158 3458 4214 unoquoque

1885 4258 2202 4307 sanctorum
2238 4262 2361 4302 cum
2393 4256 2477 4300 est
2512 4245 2678 4306 Deus,
2698 4259 2794 4299 eos
2825 4238 3150 4305 sanctiﬁcat,
3182 4238 3261 4292 sic
3286 4237 3455 4290 etiam

1885 4350 1969 4398 est
2004 4342 2058 4395 in
2095 4338 2275 4403 Filio,
2321 4336 2414 4393 sed
2447 4337 2566 4406 ipse
2629 4333 2805 4388 Filius
2852 4341 3100 4402 potestas
3142 4338 3225 4384 est
3266 4334 3321 4381 et
3369 4341 3458 4389 sa-

1893 4429 2098 4500 pientia
2131 4426 2315 4481 Patris
2346 4426 2415 4492 ",
2471 4423 2655 4477 omnia
2691 4436 2813 4490 quae
2849 4419 3183 4490 participant
3229 4431 3351 4471 eum
3399 4416 3459 4468 in

206 4520 308 4574 τοῦ
342 4521 557 4591 Πατρδς
612 4522 802 4586 οὐσίας
855 4523 1114 4593 ὑπάρχων
1166 4523 1353 4577 ἀΐδιον.
1399 4523 1623 4576 Ἑαυτὸν
1652 4522 1772 4590 γοῧκ

1889 4519 2133 4591 Spiritu,
2173 4517 2566 4572 sanctiﬁcans:
2614 4514 2734 4583 ipse
2785 4528 2918 4566 vero
2970 4525 3164 4564 rursus
3216 4514 3301 4563 est
3348 4522 3459 4560 non

207 4614 633 4668 ἀντιδιαστέλλει
661 4616 774 4677 τοῖς
790 4615 931 4668 κατὰ
953 4614 1101 4667 θέσιν
1121 4613 1281 4678 θεοῖς,
1303 4614 1379 4678 ὡς
1413 4614 1573 4677 αὐτὸς
1597 4613 1685 4684 δη)
1698 4630 1786 4666 ον-

206 4709 296 4783 ὀςι
349 4704 492 4758 κατὰ
522 4704 683 4774 φύσιν
710 4707 991 4777 ὑπάρχων,
1027 4707 1163 4774 ὅπερ
1204 4705 1432 4768 ἐκείνοις
1468 4707 1526 4757 ὲν
1568 4703 1789 4776 χάριτος

214 4798 378 4867 μέρει
430 4796 830 4868 προστέθειται.
887 4797 975 4849 Διὸ
1022 4797 1149 4863 περὶ
1184 4796 1281 4866 μὲν
1323 4796 1487 4849 αὐτοῦ
1527 4794 1783 4863 λέγεταιο

218 4904 238 4937 ι
270 4886 369 4949 Τίς
393 4886 577 4956 ὅμοιός
598 4903 680 4939 σοι
700 4887 757 4939 ὲν
779 4886 941 4949 θεοῖς,
965 4885 1171 4955 Κύριε;
1202 4905 1220 4937 ι
1246 4886 1321 4948 ὡς
1342 4886 1442 4939 οὒκ
1467 4885 1790 4940 ἐπείσακτον

210 4981 450 5050 ἔχοντος,
482 4982 618 5036 ἀλλὰ
645 4983 869 5052 φυσικὸν
897 4985 957 5035 τὸ
978 4983 1214 5053 ἀξίωμα.
1253 4983 1362 5037 Καὶ
1402 4983 1565 5037 πάλιν
1588 4999 1601 5013 ·
1638 5002 1656 5035 ι
1692 4983 1787 5047 Τίς

209 5074 275 5126 ὲν
307 5073 565 5141 νεφέλαις
600 5074 925 5144 ίσωθήσεται
966 5072 1045 5144 τῷ
1073 5074 1298 5145 Κυρίῳ;
1326 5074 1359 5145 ἢ
1399 5073 1479 5137 τίς
1526 5073 1790 5144 ὁμοιωθή-

214 5180 370 5215 σεται
395 5162 546 5233 αὑτῷ
575 5164 634 5216 ὲν
665 5166 799 5228 υἱοῖς
832 5164 1000 5231 Θεοῦ;
1027 5185 1043 5217 ι
1075 5165 1205 5219 Ἰδοὺ
1236 5164 1344 5237 γὰρ
1375 5164 1561 5218 ἐνθάδε
1605 5164 1790 5231 σαφῶς

211 5256 243 5309 6
278 5255 606 5327 Ψαλμῳδὸς,
639 5257 831 5312 οὐδένα
860 5259 1046 5328 φησὶν,
1080 5257 1202 5311 οὔτε
1235 5260 1290 5312 ἐν
1328 5258 1667 5327 προφήταις,
1697 5255 1791 5319 οὓς

213 5346 313 5400 καὶ
343 5346 578 5416 νεφέλας
614 5346 1021 5418 τροπικώτερον
1072 5346 1240 5415 λέγει,
1288 5345 1411 5399 οὔτε
1450 5343 1559 5415 μὴν
1586 5346 1645 5396 ὲν
1677 5347 1791 5407 τοῖς

213 5436 298 5498 εἰς
323 5436 551 5507 υίότητα
577 5436 713 5491 Θεοῦ
755 5439 1246 5508 καταταττομένοις
1286 5436 1372 5490 διὰ
1412 5435 1512 5505 τῆς
1546 5433 1788 5505 χάριτος,

288 5634 332 5667 ³³
374 5635 531 5691 Psal.
588 5650 742 5705 XLII,
777 5638 830 5694 '5.

215 5721 412 5767 uxxv.
444 5705 504 5760 8.

921 5637 967 5671 ”
1005 5635 1161 5693 Joan.
1198 5652 1265 5701 ι,
1298 5636 1386 5694 56.
1462 5636 1507 5671 ’⁸
1549 5632 1722 5691 Exod.
1758 5646 1881 5699 xm,

1888 4610 2188 4668 secundum
2220 4609 2459 4677 aliquam
2502 4605 2665 4676 672
2711 4602 3189 4673 participationem
3236 4604 3462 4652 sanctus

1889 4703 2168 4759 exsistens
2236 4698 2399 4755 sicuti
2435 4712 2576 4761 nos,
2622 4711 2802 4761 neque
2860 4692 3163 4748 secundum
3230 4690 3461 4760 gratiam

1891 4793 2071 4848 Filius
2120 4800 2384 4854 vocatus,
2438 4787 2535 4842 sed
2588 4786 2842 4857 genitura
2873 4792 3094 4840 aeterna:
3142 4780 3463 4836 substantia:

1892 4885 2072 4940 Patris
2100 4882 2395 4939 exsistens.
2442 4878 2696 4948 Seipsum
2746 4877 2916 4948 igitur
2945 4872 3236 4944 distinguit
3286 4886 3315 4925 a
3358 4872 3464 4927 diis

1893 4994 1992 5050 per
2034 4977 2424 5046 adoptionem,
2475 4987 2599 5026 eum
2650 4972 2770 5040 ipse
2818 4970 3005 5039 utique
3053 4982 3152 5036 per
3210 4973 3463 5035 naturam

1895 5069 2159 5131 exsistat,
2200 5064 2345 5136 quod
2381 5062 2601 5135 quidem
2632 5063 2742 5117 illis
2765 5062 2889 5115 loco
2918 5058 3109 5129 gratiae
3148 5056 3461 5127 appositum

1896 5166 2000 5213 est.
2049 5156 2173 5211 Ideo
2215 5154 2282 5209 de
2326 5153 2448 5222 ipso
2499 5151 2705 5205 dicitur
2733 5169 2744 5205 :
2775 5168 2793 5200 ι
2823 5148 2958 5215 Quis
3007 5146 3065 5200 in
3112 5146 3218 5200 diis
3265 5145 3464 5199 similis

1897 5247 1995 5301 tibi
2021 5285 2036 5308 ,
2081 5244 2310 5299 Domine
2333 5243 2424 5296 "1'
2453 5261 2471 5292 ι
2502 5251 2761 5310 tanquam
2809 5253 2921 5293 non
2966 5226 3340 5297 adventitiam,
3370 5234 3463 5289 sed

1895 5338 2202 5394 naturalem
2231 5336 2557 5405 dignitatem
2587 5334 2843 5387 habente.
2871 5330 2939 5384 Et
2962 5342 3160 5383 rursus
3184 5326 3376 5393 :(Quis
3408 5329 3465 5381 in

1898 5429 2137 5485 nubibus
2167 5426 2475 5498 mquabitur
2499 5422 2774 5480 Domino?
2803 5421 2887 5477 vel
2914 5419 3040 5491 quis
3069 5418 3466 5475 assimilabitur

1954 5631 2007 5685 2.
2126 5627 2171 5659 ὀ
2206 5624 2310 5680 lsa.
2360 5638 2487 5691 xm,
2521 5624 2575 5678 3.
2684 5621 2726 5652 ’⁷
2768 5617 2941 5676 lCor.
2976 5635 3030 5689 ι,
3066 5618 3159 5673 2!.
3229 5606 3273 5638 ’⁸
3313 5612 3460 5670 Psal.
