4010 6320
568 316 631 371 3|
1324 317 1336 326 ’
1563 317 1622 371 S.
1667 316 1943 373 CYRILLI
1984 319 2455 389 ALEXANDRINI
2488 320 2809 377 ARCIIIEP.
2986 394 2989 397 _
3737 323 3825 380 39,

571 432 622 485 ei
651 428 709 484 in
744 428 867 485 ﬁliis
901 429 994 485 Dei
1025 432 1112 483 ὀἳ
1142 451 1159 481 ›
1190 430 1329 485 Ecce
1355 431 1500 484 enim
1531 430 1852 488 Psalmistcs
1881 434 1984 488 hoc
2014 435 2136 489 loco

2242 436 2352 487 ἴσον
2388 434 2605 489 ἔσεσθαι
2633 436 2710 506 τῷ
2737 453 2875 489 κατα
2907 435 3065 505 φύσιν
3098 410 3226 506 Ῠὶᾦ.
3262 436 3393 505 Περὶ
3421 435 3476 489 δὲ
3527 434 3679 506 ἡμῶν
3708 436 3804 504 γέ-

571 520 867 576 manifeste
899 521 1174 575 neminem
1212 522 1289 574 ait
1316 529 1409 574 aut
1438 520 1491 574 in
1516 522 1807 590 praphetis
1826 562 1840 587 ,
1877 539 2017 593 quos
2045 540 2135 579 ne-

570 611 730 665 bulas
765 618 926 665 vocat
955 611 1164 680 tropice
1190 649 1206 675 ,
1241 619 1336 664 aut
1364 612 1417 664 in
1450 611 1519 665 iis
1549 613 1641 680 qui
1682 626 1782 683 per
1819 614 2048 683 gratiam
2079 616 2134 667 in

573 701 892 756 ﬁliationem
916 701 1007 757 Dei
1036 702 1194 756 asciti
1222 712 1371 765 sunt,
1395 704 1659 772 aequalem
1689 703 1806 758 fore
1832 704 2135 758 secundum

571 802 823 845 naturam
854 792 1012 846 Filio.
1053 791 1129 847 De
1158 793 1316 848 nobis
1351 808 1485 848 vero
1521 795 1790 864 scriptum
1822 803 1907 850 est
1934 814 1947 848 :
1974 815 1992 846 ι
2028 795 2138 864 Ego

569 884 685 938 dixi
713 903 724 937 :
757 884 837 938 Dii
865 885 1001 940 estis
1030 893 1083 938 et
1109 884 1204 937 ﬁlii
1231 886 1498 939 Altissimi
1526 901 1715 942 omnes
1747 906 1758 941 :
1788 901 1887 941 vos
1913 902 2045 942 vero
2077 895 2138 940 ut

572 974 825 1030 homines
851 975 1163 1029 moriemini
1192 975 1258 1032 ³ο.
1294 995 1312 1028 ι
1340 975 1420 1030 Ita
1459 987 1517 1032 ut
1553 978 1658 1032 nisi
1701 994 1860 1033 omne
1895 980 2135 1034 studium

554 1073 626 1120 et
660 1068 1067 1121 contentionem
1119 1067 1538 1123 adltibuerimus
1576 1068 1644 1121 ad
1682 1070 1883 1123 malum
1924 1069 2135 1140 fugien-

570 1157 738 1219 dum,
772 1156 931 1213 facile
956 1160 1021 1213 de
1049 1172 1399 1229 eorumquze
1430 1159 1752 1229 accepimus
1784 1152 2137 1229 possessione

570 1248 910 1304 excidemus.
947 1250 1270 1318 Accepimns
1312 1257 1490 1303 autem
1539 1265 1633 1319 per
1674 1251 1940 1318 gratiam,
1986 1258 2045 1304 ut
2084 1258 2138 1304 et

573 1339 671 1392 lilii
704 1337 797 1394 Dei
824 1348 877 1394 et
900 1341 973 1393 dii
1005 1355 1328 1394 vocaremur
1368 1340 1411 1371 ³ι
1433 1381 1446 1403 ,
1485 1355 1608 1409 quae
1642 1340 1862 1409 quidem
1907 1348 2132 1393 natura-

574 1430 701 1483 liter
727 1431 914 1486 insunt
944 1430 1104 1485 Filio.
1143 1430 1336 1501 Magna
1380 1432 1568 1501 itaque
1618 1441 1675 1486 et
1723 1431 1935 1485 inﬁnita
1980 1431 2137 1487 dide:

571 1521 750 1574 rentia
783 1521 925 1575 inter
952 1536 1052 1577 nos
1083 1523 1383 1578 secundum
1415 1524 1650 1594 gratiam
1694 1533 1916 1578 vocatos
1957 1523 2095 1579 ﬁlios
2115 1563 2132 1590 ,

530 1644 535 1652 -
569 1618 624 1665 et
650 1626 775 1665 eum
808 1612 899 1681 qui
926 1627 1091 1667 verus
1120 1622 1203 1669 est
1239 1629 1305 1668 ac
1338 1614 1643 1668 secundum
1685 1622 1962 1669 naturam.
1997 1613 2133 1670 Ver-

2239 541 2512 593 γραπται·
2554 545 2570 577 ι
2618 525 2758 594 Ἐγὼ
2785 524 2945 579 εἶπα·
2982 526 3105 578 Θεοί
3126 528 3247 578 ἐστε
3274 514 3368 579 καὶ
3406 526 3512 578 υίο¹ι
3549 526 3801 596 Ὑψίστου

2240 616 2442 678 πάντες
2468 632 2481 647 ·
2515 615 2673 686 ὑμεῖς
2698 616 2753 669 δὲ
2778 617 2852 680 ὠς
2877 616 3150 686 ἄνθρωποι
3168 615 3560 687 ἀποθνήσκετε.
3601 635 3619 668 ι
3641 617 3805 672 Ὥστε

2240 707 2289 758 εἰ
2322 707 2396 776 μὴ
2434 708 2615 760 πᾶσαν
2648 706 3013 777 ποιησαίμεθα
3035 706 3268 776 σπουδὴν
3306 709 3384 772 εἰς
3424 707 3485 760 τὸ
3524 710 3806 783 παραιτεῖ-

2243 798 2365 850 σθαι
2392 798 2452 851 τὸ
2481 797 2702 866 φαῦλον,
2733 797 2928 868 ῥᾳδίως
2967 798 3025 863 ἐξ
3053 792 3128 852 ὧν
3159 800 3481 870 εἰλήφαμεν,
3514 800 3806 854 ἀποπεσεῖν

2240 886 2534 955 δυνάμεθα.
2564 886 2878 958 Εἰλήφαμεν
2904 885 2960 939 δὲ
2985 886 3125 940 κατὰ
3146 887 3303 958 χάριν
3324 886 3384 940 τὸ
3406 887 3687 940 καλεῖσθαι
3713 887 3807 940 καὶ

2239 978 2345 1030 υἱοὶ
2376 977 2510 1030 Θεοῦ
2542 981 2635 1031 καὶ
2661 978 2791 1045 θεοὶ,
2824 978 2859 1032 ἃ
2883 977 2946 1048 δὴ
2979 978 3222 1045 φυσικῶς
3260 979 3519 1049 πρόσεστι
3558 978 3637 1049 τῷ
3665 977 3804 1047 Υίῷ.

2239 1067 2414 1137 Πολλὴ
2445 1063 2537 1121 οῦν
2571 1068 2665 1120 καὶ
2687 1069 2924 1138 ἄμετρος
2966 1071 3000 1139 ἡ
3027 1069 3261 1138 διαφορά
3308 1069 3510 1140 μεταξύ
3551 1086 3607 1121 τε
3648 1069 3807 1139 ἡμῶν

2239 1159 2348 1212 τῶν
2376 1159 2519 1212 κατά
2543 1159 2702 1229 χάριν
2730 1159 3082 1230 κεκλημένων
3118 1160 3247 1212 υἱῶν
3281 1160 3374 1213 καὶ
3402 1160 3494 1214 τοῦ
3529 1161 3672 1215 κατὰ
3700 1162 3805 1231 φύ-

2241 1267 2324 1303 σιν
2353 1251 2502 1314 όντος
2527 1250 2926 1321 κα“ι’ἀληθινοῦ.
2955 1254 3128 1321 Λόγον
3157 1252 3212 1305 δὲ
3250 1251 3514 1304 ἀποκαλεῖ
3541 1250 3631 1303 τὸν
3653 1252 3805 1316 Υίὸν,

2239 1342 2268 1393 6
2306 1340 2578 1411 Ἰωάννης,
2612 1341 2817 1412 ταύτην
2866 1342 3013 1412 αὐτῷ
3040 1341 3353 1412 κυριώτατα
3394 1340 3665 1404 ἀνατιθεὶς
3707 1342 3808 1409 τὴν

2241 1432 2558 1502 ἐπωνυμίαν
2586 1433 2682 1486 καὶ
2710 1433 2807 1504 τῆς
2834 1433 3025 1496 οὐσίας
3065 1433 3298 1503 μάλιστα
3338 1431 3699 1502 σημαντικήν.
3743 1432 3805 1484 Ei

2241 1523 2298 1575 δὲ
2347 1522 2421 1593 μὴ
2451 1522 2610 1592 φύσει
2645 1524 2731 1594 εἴη
2761 1524 2975 1595 καὶτῆς
3021 1523 3208 1586 οὐσίας
3253 1521 3544 1593 δηλωτικὸν
3584 1522 3676 1574 ἐπὶ
3711 1521 3808 1575 τοῦ

2243 1615 2372 1667 Υἱοῦ
2394 1615 2452 1667 τὸ
2474 1615 2644 1682 Λόγος
2670 1614 2859 1684 ὄνομα,
2886 1613 3141 1685 σημαίνει
3165 1631 3216 1666 τι
3239 1612 3453 1675 πάντως
3478 1612 3661 1683 ἕτερον
3679 1629 3694 1643 ο
3716 1613 3808 1665 καὶ

569 1699 698 1753 bum
746 1708 1082 1755 verovocat
1141 1699 1340 1755 Filium
1388 1701 1665 1766 Joannes,
1720 1703 2034 1757 attribuens
2083 1703 2131 1757 ei

2242 1704 2423 1774 ζητεῖν
2448 1704 2764 1772 ἀναγκαῖον,
2805 1704 2857 1755 τί
2886 1703 3024 1756 κατά
3050 1701 3210 1770 φύσιν
3235 1699 3309 1753 ὣν
3341 1701 3369 1752 6
3411 1699 3563 1763 Υἱὸς,
3602 1697 3807 1769 ἐκλήθη

571 1790 809 1845 maxime
840 1792 1059 1861 pr0prie
1085 1791 1225 1846 hanc
1252 1792 1673 1863 appellationem
1698 1830 1714 1856 ,
1749 1799 1808 1845 ut
1831 1808 1954 1862 qum
1984 1793 2138 1847 miri-

572 1880 728 1930 ﬁcam
759 1879 867 1933 vim
898 1880 1247 1950 signiﬁcandi
1281 1882 1650 1936 substantiam
1688 1882 1811 1952 ejus
1850 1883 2038 1937 habet.
2080 1883 2137 1938 Si

571 1985 701 2037 vero
726 1968 965 2027 Verbum
997 1988 1193 2027 nomen
1220 1981 1418 2027 natura
1445 1989 1554 2028 non
1586 1973 1857 2044 signiﬁcet
1883 1975 2139 2029 substan-

570 2063 702 2115 tiam
738 2063 791 2116 in
830 2061 1000 2129 Filio,
1032 2064 1259 2118 omnino
1292 2062 1569 2133 signiﬁcat
1602 2064 1750 2117 aliud
1774 2102 1788 2127 ,
1824 2072 1878 2118 et
1913 2079 2140 2120 necesse

570 2159 656 2208 est
686 2168 932 2223 quarrerc
966 2155 1100 2224 quid
1132 2157 1407 2211 exsistens
1434 2155 1606 2210 Filius
1637 2154 1939 2210 secundum
1973 2169 2140 2211 natu-

572 2258 689 2298 ram
721 2227 959 2299 Verbum
986 2253 1216 2300 vocatus
1243 2254 1328 2301 est
1358 2286 1372 2311 ,
1399 2247 1443 2301 si
1475 2262 1584 2300 non
1621 2247 1988 2301 substantiam
2017 2248 2141 2317 ejus

573 2349 773 2389 nomen
807 2337 1030 2390 indicat.
1055 2335 1236 2392 Veluti
1268 2354 1390 2393 cum
1417 2339 1545 2408 quis
1568 2336 1703 2392 dicit
1729 2337 1949 2392 fabrum
1974 2379 1988 2402 ,
2022 2348 2138 2394 sta-

572 2429 813 2482 tuarium
837 2468 852 2494 ,
901 2431 1138 2485 scribam
1158 2470 1173 2495 ,
1222 2445 1330 2485 non
1380 2430 1640 2485 delinitur
1670 2429 1801 2499 quid
1832 2430 1908 2486 sit
1935 2446 2138 2487 secun-

573 2520 704 2573 dum
758 2529 1012 2575 naturam
1062 2521 1114 2576 id
1164 2521 1311 2592 quod
1367 2522 1733 2592 signiﬁcatur,
1789 2522 1885 2576 sed
1926 2530 2138 2577 tantum

570 2625 735 2679 quam
777 2621 948 2666 artem
987 2611 1235 2679 factitet,
1277 2613 1542 2666 ostendit.
1585 2612 1641 2666 Si
1683 2614 1853 2682 igitur
1893 2614 1999 2667 hoc
2039 2628 2139 2667 no-

571 2715 695 2755 men
754 2716 862 2755 non
912 2703 1184 2772 signiﬁcet
1235 2704 1602 2758 substantiam
1658 2702 1815 2768 Filii,
1858 2712 1914 2759 et
1954 2705 2139 2759 vocari

571 2789 809 2846 Verbum
846 2809 957 2847 non
997 2793 1240 2849 declaret
1294 2797 1475 2864 ipsum
1520 2796 1655 2866 'quid
1710 2797 1781 2851 sit
1833 2796 2140 2851 secundum

573 2891 828 2935 naturam
852 2922 864 2944 .
893 2883 987 2938 scd
1019 2891 1147 2952 puta
1169 2923 1183 2947 ,
1213 2885 1360 2953 quod
1384 2885 1459 2939 sit
1487 2888 1609 2955 ejus
1636 2885 1981 2940 institutum:
2010 2887 2140 2955 quid

571 2970 779 3027 frustra
805 2975 1195 3043 evangelistam
1233 2975 1520 3037 miramur,
1544 2987 1596 3031 et
1620 2992 1883 3046 quorsum
1914 2986 2140 3031 vocatus

2239 1796 2430 1863 Λόγος,
2481 1796 2529 1847 εἰ
2578 1793 2654 1864 μὴ
2694 1794 2794 1865 τὴν
2823 1793 3008 1847 οὐσίαν
3042 1792 3206 1848 αὐτοῦ
3246 1791 3499 1864 σημαίνει
3525 1791 3585 1844 τὸ
3616 1789 3804 1860 δνομα.

2239 1881 2365 1939 Οἷον
2384 1925 2398 1951 ,
2437 1884 2669 1938 τέκτονά
2713 1901 2797 1948 τις
2831 1883 2999 1937 εἰπὼν
3028 1883 3061 1954 ἢ
3092 1882 3330 1947 λιθοξόον
3359 1881 3392 1951 ἢ
3422 1880 3802 1950 ταχυγράφον,

2238 1977 2297 2028 οὐ
2327 1977 2379 2028 τί
2405 1977 2518 2028 ἐστι
2547 1974 2686 2028 κατὰ
2720 1974 2881 2043 φύσιν
2903 1974 2963 2026 τὺ
2987 1973 3383 2043 σημαινόμενον
3407 1970 3668 2042 ὁρίζεται,
3689 1968 3811 2023 ἀλλ’

2237 2061 2348 2119 οἷον
2380 2064 2491 2135 ἔχει
2521 2064 2582 2117 τὸ
2614 2065 2951 2136 ἐπιτήδευμα
2998 2064 3212 2135 μηνύει.
3269 2064 3332 2116 Ei
3385 2062 3562 2117 τοίνυν
3594 2063 3655 2116 οὐ
3707 2062 3807 2130 τὴν

2238 2157 2426 2209 οὐσίαν
2453 2155 2547 2209 τοῦ
2574 2155 2703 2208 Υίοῦ
2744 2156 2999 2226 σημαίνει
3025 2153 3281 2225 τοῦνομα,
3307 2154 3401 2209 καὶ
3433 2153 3495 2206 τὸ
3526 2152 3807 2207 καλεῖσθαι

2239 2246 2429 2314 Λόγον,
2453 2246 2512 2299 οὐ
2542 2245 2595 2298 τί
2619 2247 2733 2299 ἐστι
2757 2247 2896 2300 κατὰ
2918 2245 3100 2314 φύσιν,
3130 2245 3459 2316 παρίστησιν
3475 2245 3655 2306 αὐτὸν,
3673 2244 3811 2297 ἀλλά

2240 2339 2373 2411 φέρε
2402 2340 2596 2405 εἰπεῖν,
2634 2334 2744 2393 οἷον
2775 2339 2889 2410 ἔχει
2920 2339 2981 2392 τὸ
3008 2339 3381 2409 ἐπιτήδευμα·
3421 2339 3474 2392 τί
3520 2338 3697 2421 μάτην
3716 2338 3808 2391 τὸν

2239 2435 2629 2506 εὐαγγελιστὴν
2676 2435 3063 2506 θαυμάζομενς
3106 2434 3222 2505 πῶς
3255 2433 3312 2486 δέ
3342 2434 3435 2487 καὶ
3462 2432 3663 2503 ἐκλήθη
3693 2431 3821 2494 υίὸς.

2242 2528 2489 2599 βροντῆς,
2509 2528 2583 2590 ὡς
2617 2528 2758 2598 μέγα
2780 2545 2831 2581 τι
2865 2527 3103 2597 λαλήσας
3142 2526 3235 2579 καὶ
3268 2525 3570 2597 ὑπέρογκον
3590 2540 3602 2552 ·
3631 2525 3808 2577 καίτοι

2241 2618 2453 2682 πολλοῖς
2482 2619 2737 2690 ὀνόμασιν
2792 2616 3171 2688 ἀποκαλούσης
3216 2616 3305 2670 τὸν
3349 2616 3477 2670 Υἱδν
3508 2617 3608 2686 τῆς
3656 2615 3811 2678 θείας

2241 2710 2491 2781 Γραφῆς;
2555 2709 2719 2763 Ἀλλά
2767 2709 2939 2777 Λόγον
2975 2707 3210 2778 εἰρηκὼς
3232 2749 3246 2771 ,
3296 2706 3595 2777 παράδοξόν
3626 2723 3681 2758 τι
3715 2705 3819 2758 καὶ

2242 2800 2516 2869 ὑπερφυὲς
2559 2798 2860 2867 ἐφθέγξατο
2887 2841 2901 2861 ,
2959 2799 3052 2851 καὶ
3108 2797 3261 2850 οὐδὲν
3304 2797 3488 2866 ἕτερον
3537 2797 3629 2849 ἐπὶ
3662 2794 3813 2866 αὐτῷ

2241 2890 2663 2961 προστέθεικεν,
2701 2883 2811 2941 οἷον
2862 2888 2955 2942 ἐπὶ
2992 2887 3086 2941 τοῦ
3132 2886 3345 2940 Παύλου
3402 2888 3671 2956 φαίνεται,
3727 2887 3807 2950 τὸ,

2247 2998 2265 3029 ι
2304 2968 2514 3040 Παῦλος
2543 2976 2836 3038 ἀπόστολος
2859 2993 2872 3005 ο
2911 2995 2930 3026 ι
2954 2974 3199 3046 ἠρκέσθη
3234 2974 3291 3026 δέ
3314 2974 3391 3045 τῷ
3424 2962 3617 3035 εἰπεῖν,
3649 2976 3677 3026 6
3710 2975 3811 3027 A6-

572 3072 662 3117 ρει
713 3064 862 3118 ﬁlius
917 3067 1185 3131 tonitrui,
1227 3075 1490 3137 tanquam
1534 3084 1788 3138 magnum
1832 3069 2047 3138 aliquod
2089 3081 2140 3123 et

2242 3086 2355 3137 γος,
2379 3069 2458 3130 είς
2485 3067 2543 3119 τὺ
2576 3069 2920 3137 παραστῆσαι
2963 3065 3057 3120 τοῦ
3088 3065 3217 3118 Υἱοῦ
3257 3065 3354 3134 τὴν
3390 3063 3574 3119 οὐσίαν
3601 3081 3614 3094 ·
3650 3063 3811 3126 αὐτὸς

573 3155 811 3211 sublime
867 3155 1126 3220 locutus,
1181 3158 1309 3213 licet
1355 3160 1542 3214 divina
1595 3159 1881 3230 Scriptura
1949 3161 2139 3216 multis

575 3248 895 3305 nominibus
926 3247 1124 3303 Filium
1161 3251 1530 3322 indigitante?
1562 3254 1633 3307 At
1669 3268 1794 3308 cum
1836 3253 1973 3307 dixit
2010 3252 2144 3306 Ver-

573 3338 703 3393 bum
723 3379 737 3403 ,
764 3340 1089 3396 admirabile
1112 3343 1384 3411 quoddam
1404 3352 1458 3399 et
1481 3344 1902 3415 supernaturale
1926 3344 2141 3398 locutus

573 3437 692 3495 est,
735 3431 984 3501 nihilque
1017 3433 1166 3487 aliud
1205 3434 1255 3489 ei
1301 3435 1537 3505 adjecit,
1579 3445 1639 3490 ut
1686 3450 1912 3490 cernere
1953 3442 2039 3489 est
2076 3435 2144 3488 de

574 3520 747 3576 Paulo
770 3563 785 3587 ,
823 3523 962 3587 hoc,
994 3523 1237 3581 «Paulus
1272 3528 1594 3596 apostolus:
1629 3547 1647 3580 ι
1670 3535 1962 3582 contentus
2012 3539 2143 3579 vero

576 3620 662 3667 est
682 3613 888 3678 dicere,
909 3613 1145 3670 Verbqu
1169 3655 1185 3680 ,
1212 3617 1279 3671 ad
1309 3617 1694 3673 declarandam
1727 3616 1850 3672 Filii
1879 3617 2143 3673 substan-

576 3702 745 3768 tiam;
772 3703 888 3772 ipse
918 3705 1085 3775 igitur
1108 3714 1191 3761 est
1219 3722 1405 3762 verum
1433 3707 1676 3763 Verbum
1706 3706 1886 3761 Patris
1907 3744 1923 3769 ,
1953 3715 2010 3759 et
2035 3721 2142 3760 non

578 3793 726 3850 alius
752 3796 1042 3867 quisquam
1070 3807 1267 3869 praeter
1295 3801 1469 3854 illum.
1495 3800 1649 3866 Quod
1681 3798 1728 3853 si
1757 3799 1826 3852 ob
1853 3799 1995 3851 hanc
2015 3812 2146 3851 cau-

578 3903 694 3942 sam
735 3890 1121 3945 existimarunt
1161 3892 1348 3946 hostes
1387 3892 1595 3946 Christi
1636 3905 1744 3945 non
1783 3905 1906 3945 esse
1945 3886 2143 3942 Filium

576 3979 725 4034 Patri
767 3982 1299 4037 consubstantialem
1322 4022 1337 4046 ,
1369 3983 1590 4052 quando
1620 3996 1801 4051 neque
1827 3979 1991 4035 Pater
2015 3980 2147 4035 Ver-

576 4070 708 4125 bum
734 4113 750 4137 ,
793 4089 973 4145 neque
1012 4073 1253 4130 Verbum
1296 4076 1458 4129 Pater
1483 4116 1497 4139 ,
1534 4082 1591 4129 et
1624 4073 1892 4127 unitatem
1931 4080 2145 4127 naturae

571 4163 737 4234 673
773 4163 1082 4221 differentia
1112 4168 1394 4222 nominum
1429 4165 1605 4223 scindi
1637 4164 2030 4232 crediderunt,
2059 4165 2145 4219 di-

576 4261 704 4308 cant
733 4256 893 4313 nobis
922 4259 1200 4328 quomodo
1229 4258 1548 4329 progenitor
1574 4257 1747 4311 Adam
1780 4256 2146 4311 consubstan-

2242 3161 2350 3231 ἄρα
2370 3158 2517 3211 ἐστὶν
2544 3160 2572 3212 6
2597 3157 2847 3228 ἀληθινὸς
2868 3157 3040 3226 Λόγος
3067 3156 3160 3210 τοῦ
3184 3155 3418 3227 Πατρδς,
3450 3156 3544 3208 καὶ
3569 3156 3666 3225 οὐχ
3695 3155 3812 3207 ἐτε-

2244 3251 2333 3320 ρός
2352 3265 2436 3311 τις
2469 3248 2599 3318 παρ’
2623 3248 2850 3300 ἐκεῖνον.
2883 3248 2946 3300 Εἰ
2973 3248 3029 3302 δὲ
3062 3247 3149 3300 διὰ
3174 3246 3380 3317 ταύτην
3418 3245 3688 3299 ὑπέλαϐον
3712 3245 3812 3314 τὴν

2242 3339 2421 3392 αἰτίαν
2450 3339 2499 3390 οἱ
2537 3337 2917 3407 χριστομάχοι,
2975 3337 3051 3408 μὴ
3079 3333 3219 3392 εἶναι
3251 3336 3344 3389 τὸν
3373 3335 3812 3406 Υἰὸνοόμοούσιον

2241 3429 2320 3499 τῷ
2349 3428 2541 3498 Πατρὶ,
2572 3428 2692 3479 ἐπεὶ
2724 3429 2862 3498 μήτε
2892 3430 2919 3482 ὁ
2954 3429 3165 3500 Πατὴρ,
3194 3428 3386 3496 Λόγος,
3415 3428 3550 3498 μήτε
3578 3429 3606 3480 6
3640 3427 3813 3495 Λόγος

2243 3524 2433 3592 Πατήρ
2454 3539 2468 3554 ο
2520 3525 2612 3577 καὶ
2651 3524 2750 3592 τὴν
2806 3521 3032 3591 ἑνότητα
3060 3520 3156 3589 τῆς
3199 3520 3433 3589 φύσεως,
3461 3519 3538 3590 τῷ
3571 3519 3813 3588 διαφόρῳ

2242 3612 2351 3665 τῶν
2376 3614 2656 3684 ὀνομάτων
2681 3610 3061 3682 διατέμνεσθαι
3098 3612 3528 3665 πεπιστεύκασι·
3578 3612 3815 3680 λεγέτω-

2247 3718 2345 3756 σαν
2372 3705 2525 3774 ήμῖν,
2568 3703 2685 3767 πῶς
2710 3706 2739 3756 ὁ
2785 3702 3085 3774 προπάτωρ
3130 3702 3302 3775 Ἀδὰμ
3343 3704 3621 3774 όμοούσιος
3659 3705 3814 3758 ἔσται

2246 3793 2380 3863 πρὸς
2419 3794 2506 3847 τὸν
2537 3794 2596 3862 ἐξ
2618 3795 2781 3848 αὐτοῦ
2812 3796 3094 3864 γεγονότα,
3121 3794 3246 3849 οὐτε
3289 3796 3451 3859 αὐτὸς
3484 3795 3647 3849 ’Δϐελ
3676 3792 3817 3850 εἶναι.

2244 3882 2560 3954 δυνάμενος,
2576 3883 2700 3937 οὐτε
2730 3885 2835 3956 μὴν
2859 3885 2950 3939 τοῦ
2984 3886 3150 3939 Ἅϐελ
3183 3888 3439 3956 ἐσομένου
3464 3886 3813 3957 ποτὲἈδάμ;

2245 3975 2358 4029 ἀλλ’
2392 3976 2489 4030 οὐκ
2521 3976 2739 4030 ἐκϐαλεῖ
2778 3978 2875 4048 τῆς
2915 3977 3101 4041 οὐσίας
3149 3978 3249 4049 τὴν
3287 3978 3593 4049 ταύτότητα
3634 3981 3668 4049 ἡ
3706 3978 3815 4032 τῶν

2245 4067 2523 4137 ὀνομάτων
2545 4068 2796 4139 διαφορά.
2838 4070 2899 4122 Et
2926 4069 2980 4122 δὲ
3006 4069 3164 4123 τοῦτο
3193 4072 3285 4123 ἐπὶ
3316 4070 3549 4140 γενητῆς
3577 4071 3671 4124 καὶ
3695 4088 3815 4124 κτι-

2249 4159 2378 4229 στῆς
2412 4158 2645 4228 φύσεως,
2681 4160 2799 4223 πῶς
2819 4161 2919 4214 οὐκ
2954 4161 3146 4225 ἀσεϐὲς
3179 4162 3272 4215 ἐπὶ
3300 4161 3397 4232 τῆς
3426 4163 3688 4233 ἀγενήτου
3717 4165 3817 4231 φύ-

2249 4267 2385 4313 σεως
2407 4252 2581 4304 ἐκεῖνο
2598 4251 2841 4318 δοξάζειν
2866 4253 3047 4307 πάντα
3062 4252 3462 4324 ὑπερκειμένης
3482 4252 3550 4305 τὰ
3578 4255 3814 4323 γενητά;

577 4344 725 4399 tialis
754 4349 859 4399 erit
901 4361 931 4399 a
967 4363 1026 4402 se
1069 4349 1293 4417 genito,
1340 4362 1464 4403 cum
1521 4360 1623 4400 nec
1669 4346 1787 4413 ipse
1834 4344 1970 4400 Abel
2017 4359 2140 4399 esse

2246 4343 2321 4406 ὡς
2348 4337 2440 4397 οῦν
2477 4344 2632 4415 εἴπερ
2657 4340 2726 4415 ἦν
2754 4346 3081 4417 ἐτερούσιος,
3108 4345 3208 4399 οὐκ
3232 4344 3298 4398 ἂν
3317 4340 3384 4416 ἦν
3424 4345 3597 4412 Λόγος
3631 4344 3819 4415 ἀληθι-

577 4435 782 4503 possit,
840 4451 1018 4504 neque
1076 4415 1296 4493 futurus
1356 4438 1429 4491 sit
1480 4450 1724 4505 unquam
1776 4434 1992 4488 Adam:
2046 4432 2140 4488 sed

2249 4433 2357 4499 νδς,
2400 4434 2572 4499 οὑτως
2619 4415 2915 4507 ἐπειδήπερ
2965 4437 3112 4491 ἐστὶν
3133 4415 3437 4508 ὁμοοὺσιος,
3464 4434 3716 4506 ἀληθινὸς
3754 4435 3819 4489 ἂν

575 4523 919 4581 identitatem
951 4537 1162 4583 natura:
1200 4543 1483 4598 nunquam
1521 4528 1674 4582 tollet
1714 4526 1996 4582 nominum
2032 4524 2142 4580 dif-

2252 4527 2335 4598 ετη
2358 4528 2548 4596 Λόγος.

577 4619 1007 4687 ferentia.Quod
1047 4622 1095 4676 si
1136 4622 1240 4677 hoc
1290 4623 1539 4692 ingenita
1578 4632 1634 4677 et
1671 4631 1859 4677 creata
1900 4630 2095 4675 natura
2130 4621 2225 4686 sit,
2259 4621 2538 4692 quomodo
2584 4637 2694 4676 non
2718 4620 2957 4692 impium
2992 4630 3076 4678 est
3115 4621 3247 4676 illud
3280 4621 3493 4692 opinari
3531 4621 3586 4675 in
3623 4628 3818 4675 natura

575 4713 843 4782 ingenita,
874 4723 927 4768 et
961 4715 1143 4769 omnia
1183 4696 1367 4786 genita
1405 4714 1897 4784 supergrediente?
1937 4721 1997 4767 ut
2037 4713 2224 4782 igitur,
2262 4715 2310 4767 si
2349 4721 2500 4768 esset
2535 4713 2675 4769 alius
2710 4714 3060 4777 substantiae,
3106 4729 3216 4768 non
3259 4722 3408 4769 esset
3445 4726 3636 4769 verum
3688 4710 3821 4769 Ver-

576 4805 705 4859 bum
728 4845 742 4869 ,
789 4806 858 4858 ita
894 4805 1021 4874 quia
1045 4815 1130 4861 est
1151 4806 1635 4867 consubtantialis.
1666 4822 1854 4861 verum
1893 4806 2083 4875 utique
2118 4804 2355 4860 Verbum
2391 4805 2647 4861 exsistet.

646 4900 716 4962 X,
751 4902 840 4956 57.
875 4900 935 4955 Si
964 4919 1067 4955 non
1105 4901 1245 4970 facio
1283 4916 1441 4969 opera
1483 4900 1664 4954 Patris
1701 4901 1824 4966 mei,
1850 4916 1912 4955 ne
1947 4900 2146 4955 credite

578 4991 725 5053 mihi,
755 5002 862 5047 etc.
927 5006 933 5011 ‘

648 5080 801 5147 Quod
829 5081 985 5145 dicit,
1013 5082 1330 5150 hujusnmdi
1366 5090 1471 5139 est.
1503 5083 1954 5154 Quandoquidem
1987 5082 2147 5139 facile

578 5183 662 5228 est
696 5180 753 5226 ut
778 5173 977 5242 aliquis
1012 5174 1164 5228 dicat
1204 5183 1413 5243 patrem
1445 5191 1605 5230 suum
1643 5177 1832 5241 Deum,
1866 5175 1960 5230 sed
2003 5174 2147 5229 ditii-

582 5264 706 5327 cile,
739 5264 851 5317 imo
876 5280 1041 5333 supra
1073 5272 1286 5320 naturae
1307 5273 1505 5321 creata:
1527 5267 1634 5321 vim
1663 5267 1926 5336 positum,
1952 5275 2011 5319 ut
2041 5265 2145 5320 hoc

583 5369 642 5409 re
670 5361 724 5409 et
754 5354 966 5412 ell‘ectis
995 5358 1249 5413 ostendat
1287 5376 1301 5412 :
1337 5374 1432 5428 per
1475 5373 1560 5422 ea,
1603 5359 1803 5428 inquit,
1843 5373 1966 5428 qua-
1999 5367 2147 5412 recte

582 5452 635 5500 et
669 5447 1061 5503 convenienter
1101 5448 1211 5505 Deo
1264 5449 1425 5513 facio,
1454 5450 1683 5519 aequalis
1734 5447 1843 5501 Deo
1892 5454 1946 5501 et
1998 5446 2143 5499 Patri

581 5551 801 5607 cet-nor,
832 5553 933 5594 nec
961 5554 1183 5598 causam
1231 5540 1419 5598 dicere
1448 5540 1678 5612 potestis
1731 5554 1833 5593 cur
1866 5552 1975 5593 non
2023 5551 2145 5592 cre-

2320 4902 2393 4954 Εὶ
2445 4901 2517 4953 οὐ
2551 4898 2698 4953 ποιῶ
2738 4897 2812 4951 τὰ
2855 4897 2999 4967 ἔργα
3028 4898 3133 4952 τοῦ
3172 4897 3403 4965 Πατρός
3427 4915 3570 4966 μου,
3595 4897 3683 4967 μὴ
3725 4916 3819 4953 πι-

2250 4989 2494 5047 στεύετέ
2519 5007 2641 5059 μοι,
2673 4990 2768 5044 καὶ
2792 4989 2862 5043 τὰ
2890 4988 3037 5059 ἐξῆς.

2328 5084 2393 5134 Ὃ
2431 5080 2599 5148 λέγει,
2639 5078 2874 5133 τοιοῦτόν
2915 5080 3082 5151 ἐστιν.
3140 5077 3356 5150 Ἐπειδὴ
3388 5075 3448 5130 τὸ
3495 5078 3819 5130 εἰπεῖντινα

2252 5174 2466 5245 πατέρα
2497 5173 2587 5227 τὸν
2617 5170 2748 5225 Θεὸν
2792 5171 3045 5241 εὐχερές’
3081 5169 3142 5223 τὸ
3171 5168 3269 5240 μέν
3306 5187 3389 5222 τοι
3431 5167 3602 5233 δεῖξαι
3628 5168 3699 5221 δι’
3730 5169 3820 5237 ἔρ·

2251 5284 2385 5333 γων,
2417 5262 2576 5318 τοῦτο
2600 5262 2857 5333 δυσχερὲς
2890 5263 2982 5315 καὶ
3020 5261 3279 5315 ἀδύνατον
3304 5264 3369 5333 τῇ
3405 5261 3598 5314 κτίσεν
3635 5262 3715 5315 Δι’
3745 5255 3817 5315 ὧν

2251 5355 2525 5426 κατορθῶ,
2557 5353 2691 5425 φησι
2715 5395 2729 5417 ,
2760 5353 3081 5424 θεοπρεπῶς
3104 5392 3119 5417 ,
3162 5352 3273 5416 ἴσος
3306 5353 3566 5422 φαίνομαι
3595 5350 3674 5422 τῷ
3701 5351 3818 5422 θεῷ

2253 5448 2348 5501 καὶ
2375 5446 2545 5518 Πατρί
2568 5462 2583 5477 ο
2616 5445 2710 5499 καὶ
2735 5444 2961 5515 οὐδεμία
2985 5445 3111 5515 ὑμῖν
3136 5444 3398 5512 ἀπολογία
3421 5438 3727 5505 ἀπιστοῦσι,
3751 5444 3816 5512 τῇ

2254 5539 2420 5610 πείρα
2443 5536 2727 5609 μαθοῦσιν,
2758 5536 2844 5591 δτι
2879 5536 2990 5599 τσος
3019 5535 3135 5606 εἰμὶ
3156 5535 3233 5607 τῷ
3262 5535 3457 5606 Πατρὶ,
3492 5535 3560 5590 δι’
3583 5529 3659 5592 ὧν
3686 5530 3820 5588 ποιῶ

655 5720 697 5751 ⁵³
737 5719 883 5783 Psal.
915 5733 1184 5788 Lxxxvm,
1222 5723 1271 5780 7.
1351 5723 1393 5755 ⁸⁰
1434 5723 1578 5803 Ρειιιξ
1612 5737 1813 5789 Lxxm,
1846 5721 1876 5777 6
1901 5761 1914 5788 ,
1955 5721 2008 5777 7.
2084 5721 2124 5752 ³¹

2242 5717 2379 5775 Ioan.
2413 5732 2507 5787 ιιι,
2541 5719 2589 5772 l.
