4010 6320
192 277 273 334 '33
1038 275 1117 333 ἸΝ
1156 277 1495 336 JOANNEM.
1512 279 1603 321 ’-
1646 279 1774 338 LIB.

1878 279 1888 335 l
1924 279 2008 336 ET
2046 277 2159 334 Vlll
2193 277 2634 335 FRAGMENTA.
3181 236 3201 253 δ
3377 287 3448 341 33

202 384 526 461 θεοπρεπῶν
574 387 751 460 ἔργων
778 429 793 454 ,
827 389 875 441 tl
904 389 999 441 καὶ
1036 388 1123 443 διὰ
1154 389 1253 460 τὴν
1297 391 1476 461 σάρκα
1511 389 1667 455 ἔδοξά
1691 409 1775 454 τις

1879 390 2046 458 datis,
2078 405 2207 446 cum
2259 391 2596 461 experientia
2628 388 2936 446 didiceritis
2968 406 3054 448 me
3086 392 3233 449 Patri
3261 411 3449 469 aequa-

200 476 341 535 εἶναι
371 481 502 550 παρ’
525 479 674 549 ὑμῖν,
705 478 781 542 ὡς
802 473 883 542 εἷς
897 473 1005 532 τῶῦ
1037 479 1268 534 πολλῶν.
1305 480 1585 534 Ἐντεῦθεν
1621 481 1779 534 δυνα-

198 566 293 624 τὸν
324 572 523 623 ἐννοεῖν
552 571 635 624 ὅτι
675 587 695 621 ι
732 568 873 637 Ἐγὼ
907 570 965 622 ὲν
989 568 1066 639 τῷ
1089 570 1263 640 Πατρὶ¹
1300 569 1395 623 καὶ
1429 573 1458 623 6
1485 570 1673 642 Πατὴρ
1719 572 1777 622 ἐν

202 661 349 731 ιμοί.
384 680 408 734 t_
450 659 514 713 Ἡ
552 660 661 729 γάρ
705 662 804 731 τῆς
831 658 1019 721 οὐσίας
1046 661 1333 731 ταυτότης,
1358 659 1449 713 τὸν
1471 660 1691 729 Πατέρα
1719 661 1775 713 ὲν

202 750 319 820 Υίῷ
340 752 433 807 καὶ
464 751 557 804 τὸν
590 750 716 803 Υἱδν
741 752 799 803 ὲν
826 750 1005 820 Πατρδ.
1034 744 1173 804 εἶναι
1214 750 1308 805 καὶ
1345 749 1575 821 ὁρᾶσθαι
1610 751 1773 807 ποιεῖ.

202 842 316 895 Καὶ
344 842 452 912 γὰρ
484 841 581 894 καὶ
623 841 710 910 ἐφ’
759 841 918 911 ἡμῶν
956 843 990 911 ἡ
1032 839 1124 893 τοῦ
1161 840 1372 911 Πατρὸς
1420 840 1576 911 ἡμῶν
1619 840 1775 894 οὐσία

202 930 529 998 γινώσκεται
558 933 617 984 ὲν
666 930 743 1000 τῷ
781 930 912 1000 παρ’
957 931 1122 985 αὐτοῦ
1175 932 1442 1002 τεχθέντι,
1469 935 1564 986 καὶ
1594 934 1652 986 ὲν
1698 931 1777 1004 τῷ

202 1020 415 1072 τεκόντι
448 1018 611 1073 πάλιν
640 1020 674 1088 ἡ
717 1019 811 1072 τοῦ
852 1020 1153 1091 τεχθέντος.
1201 1017 1297 1086 Εἷς
1328 1023 1437 1096 γὰρ
1474 1024 1531 1076 ὲν
1555 1025 1720 1077 πᾶσιν
1748 1026 1778 1078 6

201 1112 301 1177 τῆς
325 1110 541 1179 φύσεως
565 1111 709 1181 ὅρος,
739 1110 834 1165 καὶ
868 1110 925 1165 ἓν
954 1114 1005 1165 οἱ
1030 1115 1230 1177 πάντες
1257 1116 1324 1185 τῇ
1372 1114 1553 1184 φύσει.
1601 1116 1689 1171 Ἐν
1717 1115 1776 1170 δὲ

202 1202 282 1274 τῷ
303 1202 730 1274 διακεχωρίσθαι
770 1204 921 1274 ἡμᾶς
957 1206 1072 1268 τοῖς
1118 1204 1399 1276 σώμασιν,
1432 1207 1612 1262 οὐκέτι
1647 1207 1704 1262 ἓν
1726 1208 1777 1262 οἱ

203 1292 425 1346 πολλοίι
471 1293 609 1364 ὅπερ
638 1293 737 1346 οὐκ
778 1293 925 1347 ἐστιν
975 1297 1150 1349 εἰπεῖν
1188 1298 1281 1351 ἐπὶ
1323 1298 1418 1353 τοῦ
1450 1300 1588 1354 κατὰ
1616 1299 1778 1371 φύσιν

202 1384 361 1440 Θεοῦ.
407 1385 720 1455 ’Δσώματον
741 1384 850 1458 γὰρ
870 1386 932 1440 τὸ
959 1387 1120 1454 θεῖον,
1166 1390 1215 1442 εἰ
1243 1390 1338 1444 καὶ
1356 1392 1414 1444 ὲν
1450 1390 1779 1457 ἰδιαζούσαις

205 1473 477 1545 ὐπάρξεσι
497 1476 596 1544 τὴν
613 1474 774 1543 ἁγίαν
793 1475 1025 1546 νοοῦμεν
1044 1477 1273 1548 Τριάδα.
1297 1479 1485 1551 Πατὴρ
1509 1481 1617 1552 γάρ
1634 1482 1778 1535 ἐστιν

202 1566 232 1616 ὁ
264 1564 479 1634 Πατὴρ,
514 1565 609 1618 καὶ
635 1565 733 1636 οὐχ
761 1565 891 1628 Υἱός
913 1581 927 1594 ·
954 1566 1082 1629 Υἱὸς
1116 1567 1174 1621 δὲ
1203 1567 1364 1622 πάλιν
1391 1571 1420 1622 6
1446 1570 1573 1633 Υἱὸς
1597 1572 1689 1625 καὶ
1713 1574 1773 1627 οὐ

1879 483 1986 537 lem
2036 497 2181 549 esse,
2208 497 2276 537 ex
2327 483 2399 538 iis
2437 482 2700 552 operibus
2746 496 2867 550 qua:
2904 481 3045 537 facio
3086 481 3197 538 Deo
3243 499 3448 541 conve-

1879 573 2185 637 nicntibus,
2233 574 2339 628 etsi
2397 581 2621 644 propter
2676 586 2894 627 carnem
2937 572 3087 628 visus
3138 575 3242 629 sim
3293 576 3451 631 vobis

1878 673 2143 733 tanquam
2173 680 2318 720 unus
2344 679 2374 719 e
2401 665 2586 733 vulgo.
2621 660 2778 719 Unde
2806 671 2987 732 potest
3018 664 3253 735 intelligi
3278 666 3448 735 quod,

1886 772 1904 805 ι
1943 751 2057 824 Ego
2090 754 2145 808 in
2186 753 2365 820 Patre,
2389 762 2444 809 et
2472 756 2639 808 Pater
2664 753 2719 806 in
2756 768 2842 808 me
2865 754 2930 807 “.
2967 774 2985 806 ι
3029 754 3164 809 Nam
3191 757 3452 813 substan—

1877 846 1973 900 tiae.
2005 845 2270 901 identitas
2302 844 2522 900 Patrem
2581 845 2635 900 in
2683 844 2825 900 Filio
2856 854 2911 901 et
2956 845 3154 900 Filium
3187 847 3238 901 in
3286 846 3451 905 Patre

1877 952 2002 992 esse
2043 951 2108 991 ac
2146 936 2317 992 videri
2349 936 2501 992 facit.
2523 935 2740 991 Etenim
2774 936 2944 992 etiam
2984 937 3039 991 in
3075 938 3235 995 nobis
3268 938 3448 996 Patris

1880 1025 2054 1081 nostri
2091 1025 2404 1081 substantia
2449 1024 2814 1095 cognoscitur
2846 1024 2903 1077 in
2945 1038 3011 1078 eo
3037 1040 3195 1094 quem
3239 1029 3447 1097 genuit,

1876 1124 1934 1172 et
1965 1117 2208 1173 vicissim
2249 1117 2306 1172 in
2350 1117 2597 1188 genitore
2637 1114 2826 1189 geniti.
2860 1114 3014 1170 Unus
3057 1116 3202 1171 enim
3243 1118 3299 1172 in
3331 1133 3451 1173 om-

1874 1208 2039 1263 nibus
2064 1216 2147 1264 est
2174 1217 2386 1264 naturae
2411 1208 2702 1274 terminus,
2724 1216 2779 1261 et
2803 1221 2992 1262 omnes
3019 1215 3214 1261 natura
3254 1225 3446 1265 unum.

1877 1299 1987 1356 Sed
2027 1316 2094 1358 eo
2131 1305 2276 1372 quod
2310 1301 2640 1371 corporibus
2673 1300 2912 1369 separati
2946 1315 3161 1366 sumus,
3191 1301 3303 1369 jam
3338 1316 3450 1357 non

1876 1391 2116 1462 amplius
2151 1392 2311 1447 multi
2332 1394 2543 1457 'unum,
2572 1391 2723 1461 quod
2748 1390 2970 1460 quidem
2996 1391 3108 1445 dici
3136 1407 3247 1446 non
3274 1401 3451 1462 potest

1877 1481 1945 1536 de
2001 1481 2115 1537 Deo
2158 1483 2461 1538 secundum
2517 1490 2795 1535 naturam.
2844 1479 3114 1535 Divinitas
3170 1483 3314 1536 enim
3366 1493 3451 1538 est

1882 1573 2237 1644 incorporea,
2260 1574 2484 1628 tametsi
2515 1573 2572 1627 in
2612 1572 2851 1644 propriis
2881 1573 3113 1628 seorsirn
3139 1574 3450 1630 subsisten-

202 1656 425 1727 Πατήρ·
458 1657 553 1708 καὶ
583 1655 808 1728 Πνεῦμα
832 1657 984 1725 ἅγιον
1011 1657 1318 1723 ἰδιαζόντως
1347 1659 1409 1712 τὸ
1446 1661 1691 1733 Πνεῦμα,
1729 1667 1776 1718 el

1880 1661 1975 1716 tiis
2018 1669 2270 1717 sanctam
2331 1661 2677 1731 concipimus
2711 1660 3057 1715 Trinitatem.
3098 1660 3261 1717 Pater
3302 1666 3449 1717 enim

202 1748 297 1801 καὶ
318 1748 421 1800 οὐκ
450 1747 589 1799 είσὶν
620 1748 680 1801 ὲν
711 1747 1011 1813 διαστάσει,
1041 1749 1130 1803 διὰ
1164 1749 1265 1820 τὴν
1288 1751 1423 1824 πρὸς
1446 1753 1647 1825 ἄλληλα
1664 1773 1777 1809 κοι-

201 1836 398 1890 νωνίαν
430 1853 488 1890 τε
516 1838 611 1890 καὶ
636 1837 884 1908 ἑνότητα.
927 1840 1074 1902 Μιᾶς
1112 1840 1291 1895 τοίνυν
1329 1838 1497 1921 οῦσης
1526 1844 1778 1916 θεότητος

202 1929 261 1980 ἐν
285 1928 461 1998 Ila-cpt
482 1928 577 1981 καὶ
599 1927 715 1999 Υἱῷ
745 1930 839 1982 καὶ
871 1930 1011 2002 ἁγίῳ
1035 1931 1332 2003 Πνεύματι,
1367 1934 1458 1987 τὸν
1480 1936 1696 2008 Πατέρα
1722 1940 1779 1992 ὲν

205 2020 342 2089 Υἱῷ,
371 2020 463 2074 τὸν
484 2020 538 2073 δὲ
565 2020 692 2073 Υἱὸν
730 2022 789 2073 ὲν
818 2024 994 2092 Πατρὶ
1021 2022 1251 2095 λέγομεν
1296 2027 1544 2096 ὁρᾶσθαι.
1587 2028 1780 2098 Ἀναγ-

202 2114 358 2164 καῖον
379 2110 435 2163 δὲ
456 2111 676 2164 κάκεῖνο
696 2110 914 2176 εἰδέναι,
931 2111 1124 2183 ὅτιπερ
1139 2113 1200 2166 οὐ
1222 2115 1283 2168 τὸ
1303 2114 1587 2185 βούλεσθαι
1606 2120 1779 2174 ταυτά

201 2202 280 2273 τῷ
304 2204 482 2274 Πατρὶ
508 2243 522 2267 ,
552 2202 671 2256 οὐδὲ
699 2202 761 2256 τὸ
806 2203 934 2272 μίαν
963 2203 1108 2274 ἔχειν
1149 2206 1283 2278 πρὸς
1323 2208 1488 2262 αὐτὸν
1530 2210 1773 2282 γνώμην,

202 2291 617 2364 παρασκευάζει
633 2293 810 2362 λέγειν
835 2295 924 2348 τὸν
952 2295 1099 2349 Υίόν·
1120 2314 1139 2348 t
1162 2297 1302 2366 Ἐγὼ
1320 2299 1377 2353 ὲν
1396 2300 1475 2371 τῷ
1491 2301 1665 2373 Πατρὶ
1685 2304 1779 2356 καὶ

199 2385 229 2436 6
251 2383 440 2454 Πατὴρ
462 2384 521 2437 ὲν
551 2384 694 2454 ἐμοὶ,
716 2403 735 2435 ι
768 2385 864 2439 καὶ
892 2404 909 2436 t
935 2386 1077 2455 Ἐγὼ
1102 2388 1195 2443 καὶ
1216 2389 1243 2441 ὁ
1262 2390 1450 2460 Πατὴρ
1465 2391 1523 2444 ἓν
1554 2393 1772 2462 ἐσμεν-ι

201 2474 317 2528 ἀλλ’
346 2477 432 2529 ὅτι
462 2476 562 2546 τῆς
612 2474 707 2528 τοῦ
762 2477 974 2546 Πατρδς
1021 2478 1210 2542 οὐσίας
1261 2481 1486 2551 γνήσιον
1519 2482 1779 2552 ὑπάρχων

202 2567 473 2637 γέννημα,
508 2566 687 2635 φαίνει
725 2568 822 2637 μὲν
851 2569 908 2621 ὲν
940 2568 1117 2639 ἑαυτῷ
1142 2571 1233 2623 τὸν
1259 2572 1497 2642 Πατέρα,
1531 2574 1780 2641 φαίνεται

202 2658 258 2711 δὲ
301 2659 401 2712 καὶ
437 2659 601 2722 αὐτὸς
643 2661 698 2712 ὲν
734 2659 930 2731 Πατρί.
975 2661 1114 2731 (mal.
1144 2662 1252 2733 γὰρ
1282 2663 1363 2715 ὅτι
1408 2664 1476 2716 τὰ
1518 2665 1656 2718 αὐτὰ
1686 2665 1779 2719 καὶ

203 2749 457 2820 βούλεται
482 2751 580 2805 καὶ
615 2750 767 2804 λαλεῖ
794 2753 889 2806 καὶ
933 2752 1105 2823 ἰσχύει
1135 2753 1214 2823 τῷ
1241 2755 1435 2824 Ila-cpi,
1466 2756 1560 2809 ml.
1582 2772 1781 2826 κατορ-

203 2841 287 2895 θοῖ
306 2842 547 2905 εὐκόλως
567 2838 605 2894 ’ὃ
629 2841 792 2905 θέλει,
825 2842 920 2895 καὶ
946 2841 1089 2912 ειπερ
1120 2844 1149 2895 6
1174 2844 1363 2915 Πατὴρ
1388 2847 1551 2904 ποιεῖ,
1588 2846 1674 2898 ἵνα
1692 2845 1781 2899 διὰ

200 2933 424 2987 πάντων
449 2932 630 3002 δειχθῇ
665 2932 947 3002 ὁμοούσιος
974 2931 1122 3002 αὐτῷ
1156 2934 1250 2986 καὶ
1275 2933 1375 3003 τῆς
1402 2934 1588 2997 οὐσίας
1614 2934 1778 2989 αὐτοῦ

1877 1759 1962 1806 est
1994 1751 2156 1807 Pater
2177 1761 2232 1806 et
2265 1764 2374 1805 non
2398 1748 2596 1816 Filius,
2628 1748 2802 1806 Filius
2836 1766 3029 1806 rursus
3059 1749 3231 1807 Filius
3259 1763 3312 1807 et
3339 1768 3451 1807 non

1878 1843 2062 1905 Pater,
2107 1852 2160 1896 et
2219 1840 2462 1913 Spiritus
2513 1851 2744 1899 sanctus
2780 1843 3133 1913 peculiariter
3185 1844 3450 1915 Spiritus,

1880 1932 2100 1987 tametsi
2157 1931 2301 1987 inter
2351 1948 2411 1988 se
2461 1947 2570 1986 non
2616 1931 2876 1987 differant
2924 1942 3149 2004 propter
3200 1949 3453 1989 commu-

1879 2022 2099 2078 nionem
2140 2023 2285 2078 inter
2323 2037 2383 2078 se
2415 2036 2481 2076 ac
2518 2023 2801 2078 unitatem.
2826 2021 2966 2077 Cum
3013 2022 3185 2093 igitur
3230 2037 3336 2076 una
3378 2024 3453 2079 sit

1884 2113 2064 2169 deitas
2092 2115 2148 2168 in
2188 2114 2353 2170 Patre
2381 2122 2436 2170 et
2472 2113 2618 2168 Filio
2660 2122 2716 2170 et
2749 2114 2960 2185 Spiritu
2990 2122 3208 2181 sancto,
3233 2113 3452 2170 Patrem

1880 2203 1935 2258 in
1967 2204 2105 2259 Filio
2134 2215 2188 2260 et
2216 2205 2416 2262 Filium
2449 2208 2504 2261 in
2520 2206 2682 2262 Patre
2704 2206 3228 2276 conspicidieimus.
3260 2206 3367 2261 Sed
3396 2212 3453 2261 et

1880 2295 2013 2349 illud
2063 2296 2204 2351 scire
2230 2312 2458 2352 necesse
2492 2306 2595 2362 est,
2631 2311 2739 2351 non
2768 2295 2914 2365 quod
2955 2296 3146 2351 eadem
3175 2297 3303 2351 velit
3323 2311 3451 2350 cum

1879 2383 2066 2450 Patre,
2099 2386 2261 2455 eique
2304 2387 2464 2456 plane
2492 2387 2829 2451 consentiat,
2869 2387 2992 2441 ideo
3020 2385 3154 2441 effici
3189 2398 3247 2441 ut
3276 2385 3451 2441 Filius

1878 2473 2027 2528 dicat
2059 2494 2072 2530 :
2115 2494 2133 2526 ι
2171 2475 2283 2545 Ego
2318 2477 2374 2530 in
2408 2475 2571 2531 Patre
2599 2483 2652 2530 et
2685 2474 2849 2528 Pater
2873 2475 2926 2529 in
2964 2490 3087 2540 me;
3121 2495 3140 2526 ι
3171 2486 3245 2540 et,
3278 2494 3297 2528 ι
3335 2476 3451 2545 Ego

1879 2573 1934 2641 et
1957 2565 2121 2620 Pater
2155 2582 2325 2621 unum
2361 2582 2596 2621 sumus:
2626 2585 2644 2617 ι
2685 2563 2790 2620 Sed
2843 2567 2967 2636 quia
3000 2581 3124 2621 cum
3167 2568 3239 2622 sit
3271 2565 3452 2622 Patris

1880 2659 2203 2713 substantiae
2235 2672 2532 2728 germanus
2573 2672 2638 2711 ac
2685 2658 2959 2727 ingenuus
3006 2657 3170 2722 fetus,
3209 2658 3453 2712 ostendit

1880 2748 1934 2802 in
1976 2751 2162 2818 seipso
2197 2748 2440 2813 Patrem,
2469 2747 2782 2803 ostenditur
2813 2757 2867 2803 et
2900 2750 3017 2818 ipse
3060 2749 3114 2802 in
3148 2748 3331 2803 Patre.
3360 2751 3452 2803 Ait

1879 2839 2025 2894 enim
2054 2842 2244 2899 eadem
2290 2856 2349 2894 se
2381 2840 2518 2894 velle
2546 2848 2600 2893 et
2633 2839 2785 2908 loqui
2811 2847 2865 2894 et
2908 2855 3072 2908 posse
3111 2855 3233 2893 cum
3262 2839 3447 2905 Patre,

1879 2943 1933 2985 et
1972 2930 2130 2987 facile
2164 2931 2426 3001 perlicere
2457 2929 2603 3000 quod
2626 2930 2776 2995 velit,
2805 2943 2858 2985 et
2908 2929 3074 3002 674
3105 2946 3451 3001 qumcunque

202 3023 419 3093 καρπὸς
454 3023 689 3095 ἀληθής·
734 3023 830 3077 καὶ
857 3024 919 3076 οὐ
945 3024 1107 3093 μόνον
1142 3024 1279 3093 ἔχων
1314 3025 1448 3096 πρὸς
1485 3026 1645 3079 αὐτὸν
1670 3026 1776 3080 ἑνό-

1878 3022 2042 3077 Pater
2070 3023 2255 3084 faciat.
2305 3032 2364 3077 ut
2414 3038 2510 3091 per
2556 3024 2742 3078 omnia
2776 3023 3184 3078 demonstretur
3209 3024 3452 3078 consub-

201 3131 341 3184 τητα
360 3113 619 3183 σχετικὴν
637 3114 691 3164 ὲν
724 3113 907 3182 μόνοις
924 3112 1129 3182 ὁμοίοις
1150 3114 1276 3185 θελή
1285 3132 1418 3184 μασι
1441 3115 1536 3168 καὶ
1559 3115 1777 3187 θεσμοῖς

203 3206 428 3274 ἀγάπης
444 3222 457 3235 ·
481 3204 509 3257 ὃ
527 3204 755 3267 καὶτοῖς
775 3205 1037 3275 κτίσμασι
1059 3209 1341 3277 προσεῖναι
1365 3207 1617 3278 λέγομεν.
1660 3209 1780 3261 Ἔτι

201 3296 348 3349 καὶὸ
378 3294 508 3358 Υἱὸς
536 3296 597 3346 ὲν
626 3294 703 3364 τῷ
731 3296 907 3366 Πατρὶ
932 3294 1031 3348 καὶ
1055 3297 1084 3348 6
1108 3295 1298 3366 Πατὴρ
1320 3298 1377 3350 ὲν
1408 3296 1486 3367 τῷ
1516 3297 1630 3368 Υἱῷ
1659 3314 1782 3368 νοη-

202 3386 428 3457 θήσεται
461 3373 604 3440 κατὰ
638 3384 827 3439 τοῦτον
852 3387 944 3439 τὸν
981 3386 1205 3457 τρόπον⁹
1225 3387 1329 3449 ὅτι,
1353 3388 1414 3440 οὐ
1439 3388 1688 3457 καθάπερ
1712 3389 1780 3443 τὰ

202 3479 509 3548 κτίσματα,
542 3479 607 3531 ἐκ
640 3477 735 3531 τοῦ
768 3478 842 3548 μὴ
872 3476 1023 3541 ὄντος
1065 3480 1145 3540 εἰς
1187 3477 1247 3530 τὸ
1281 3475 1418 3531 εἶναι
1449 3479 1724 3550 παρῆλθεν
1753 3481 1781 3533 6

200 3569 349 3631 Υἱὸς,
381 3569 416 3637 ἢ
446 3568 642 3635 ἔξωθέν
681 3568 848 3623 ποθεν
877 3569 976 3640 τὴν
1005 3569 1099 3622 τοῦ
1129 3567 1269 3623 εἶναι
1297 3570 1555 3624 σύστασιν
1595 3571 1778 3642 ἔσχεν,

199 3660 315 3714 ἀλλ’
341 3663 408 3713 ὲκ
438 3660 535 3729 τῆς
572 3659 668 3712 τοῦ
714 3659 929 3730 Πατρὸς
976 3658 1163 3722 οὐσίας
1192 3661 1459 3732 προῆλθεν
1488 3661 1677 3734 ὥσπερ
1716 3666 1781 3716 ὲκ

201 3753 381 3819 φωτὸς
409 3749 779 3818 ἀπαύγασμα,
812 3747 963 3818 ἢκαὶ
992 3748 1100 3802 ἀπό
1140 3766 1283 3813 τινος
1315 3751 1501 3820 πηγῆς
1539 3751 1780 3806 ἐκϐαίνοι

200 3842 467 3911 ποταμός.
504 3841 692 3895 Ἔστιν
718 3837 812 3895 οῦν
860 3844 974 3905 τοῖς
1019 3841 1187 3912 ὁρῶσι
1233 3843 1323 3896 τὸν
1363 3842 1511 3910 Υίὺν,
1556 3844 1653 3915 τὴν
1684 3841 1778 3897 τοῦ

198 3933 414 4004 Πατρὸς
444 3931 631 3985 οὐσίαν
679 3933 832 4003 όρᾷν,
877 3933 970 3985 καὶ
1005 3932 1068 3985 τὸ
1111 3931 1209 3985 τοῦ
1261 3935 1620 4002 γεννήσαντος
1654 3934 1781 3989 ἴδιον

199 4023 308 4077 ἀπό
344 4040 404 4076 τε
432 4022 623 4077 τούτου
649 4026 789 4076 νοεῖν
807 4040 821 4054 ’
847 4024 1040 4094 ὅτιπερ
1073 4024 1259 4093 ἐπειδὴ
1301 4025 1522 4094 σύμπαν
1558 4026 1619 4080 τὸ
1642 4024 1780 4082 εἶναι

201 4113 292 4168 τοῦ
318 4114 455 4166 Υἱοῦ
484 4116 547 4167 ὲκ
580 4115 680 4184 τῆς
710 4113 803 4167 τοῦ
837 4115 1049 4184 Πατρὸς
1093 4116 1280 4177 οὐσίας
1318 4116 1585 4185 πρόεισιν,
1620 4118 1782 4181 αὐτός

202 4205 352 4255 ἑστιν
381 4206 441 4257 ἐν
464 4204 636 4275 Πατρί
660 4221 673 4232 ·
704 4205 798 4257 καὶ
823 4203 985 4257 πάλιν
1017 4205 1084 4257 ὲκ
1106 4203 1216 4256 τῶν
1236 4206 1510 4270 ἐναντίων,
1546 4209 1574 4260 6
1590 4209 1781 4279 Πατήρ

204 4295 353 4346 ἔστιν
383 4295 443 4346 ὲν
480 4294 597 4365 Υἱῷ
624 4335 639 4359 ,
674 4293 864 4365 ἐπειδὴ
917 4296 1071 4365 ὅπερ
1108 4296 1257 4349 ἐστὶν
1289 4295 1449 4359 αὐτὸς
1478 4299 1547 4368 τῇ
1598 4297 1776 4366 φύσει,

1883 3110 2164 3167 stantialis
2191 3112 2264 3174 ei,
2302 3120 2358 3165 et
2397 3111 2725 3165 substantiae
2771 3111 2890 3180 ejus
2934 3110 3144 3166 fructus
3173 3126 3362 3176 verus,
3393 3120 3450 3167 et

1881 3215 1990 3254 non
2026 3202 2202 3257 solum
2241 3200 2450 3257 habens
2499 3200 2567 3255 ad
2598 3216 2721 3256 eum
2758 3201 3018 3256 unitatem
3063 3210 3117 3257 et
3165 3192 3446 3258 babitudi-é

1880 3307 2002 3346 nem
2035 3293 2377 3363 reciprocam
2419 3293 2473 3347 in
2510 3293 2645 3348 solis
2686 3292 2961 3347 similibus
2990 3293 3367 3349 voluntatibus
3393 3304 3448 3348 et

1880 3383 2096 3455 legibus
2143 3384 2480 3450 dilectionis,
2534 3400 2656 3453 quae
2695 3387 2855 3439 etiam
2908 3385 2964 3439 in
3006 3388 3275 3442 creaturis
3327 3402 3449 3443 esse

1880 3474 2138 3528 dicimus.
2178 3472 2450 3528 Praeterea
2502 3481 2557 3528 et
2599 3472 2772 3530 Filius
2824 3475 2879 3529 in
2931 3474 3090 3530 Patre
3118 3482 3171 3529 et
3204 3474 3364 3529 Pater
3390 3477 3446 3530 in
3540 3508 3547 3513 ο

1879 3564 2022 3618 Filio
2067 3564 2408 3633 concipietur
2470 3580 2569 3634 per
2625 3564 2771 3619 hunc
2822 3564 3066 3627 modum,
3123 3566 3292 3635 quod,
3337 3579 3447 3620 non

1880 3654 2341 3724 quemadmodum
2382 3662 2667 3718 creaturae,
2700 3669 2728 3706 a
2760 3669 2867 3707 non
2903 3670 3027 3709 esse
3065 3657 3132 3708 ad
3163 3670 3286 3711 esse
3316 3670 3447 3725 pro-

1879 3744 2066 3809 cessit,
2097 3744 2181 3799 vel
2207 3744 2554 3799 extrinsecus
2584 3744 2838 3798 alicunde
2862 3742 2945 3798 sui
2987 3759 3111 3799 esse
3138 3745 3447 3799 subsisten-

1879 3838 2012 3891 tiam
2057 3836 2287 3900 habens,
2319 3834 2418 3891 sed
2474 3851 2540 3889 ex
2586 3834 2765 3889 Patris
2816 3835 3128 3889 substantia
3179 3837 3443 3902 manavit,

1882 3935 2148 3996 tanquam
2189 3940 2220 3979 a
2265 3924 2473 3979 lumine
2506 3923 2787 3994 splendor,
2815 3925 2899 3979 vel
2951 3924 3021 3978 ab
3063 3926 3246 3994 aliquo
3295 3926 3446 3982 fonte

1880 4021 2057 4074 oritur
2100 4018 2327 4073 ﬂumen.
2367 4017 2465 4072 Est
2520 4017 2691 4088 igitur
2742 4018 3096 4073 cernentibus
3143 4018 3337 4073 Filium
3388 4029 3445 4076 et

1879 4109 2063 4165 Patris
2107 4108 2470 4165 substantiam
2506 4123 2753 4172 cernere,
2784 4115 2838 4162 et
2867 4109 3134 4178 genitoris
3164 4113 3443 4180 proprium

1878 4216 1945 4256 ex
1981 4217 2047 4256 eo
2084 4201 2376 4269 concipere
2405 4219 2418 4255 :
2448 4200 2592 4270 quod
2643 4200 2769 4269 quia
2803 4200 3117 4254 universum
3150 4217 3272 4257 esse
3316 4202 3441 4257 Filii

1881 4307 1947 4346 ex
1977 4292 2159 4348 Patris
2194 4292 2505 4348 substantia
2534 4290 2800 4361 procedit,
2832 4292 2949 4360 ipse
2977 4299 3062 4344 est
3096 4291 3150 4343 in
3179 4290 3363 4358 Patre,
3388 4302 3443 4346 et

203 4386 363 4439 τοῦτο
394 4386 494 4439 καὶ
530 4388 559 4439 6
608 4387 669 4452 ἐξ
698 4387 864 4439 αὑτοῦ
910 4387 1188 4455 προελθὼν
1219 4389 1407 4457 Λόγος.
1435 4391 1686 4445 Φαίνεται
1717 4392 1775 4444 δὲ

1884 4400 2081 4441 rursus
2110 4399 2140 4439 e
2174 4393 2367 4439 contra
2396 4382 2556 4437 Pater
2587 4392 2671 4437 est
2715 4383 2772 4435 in
2807 4380 2968 4447 Filio,
3004 4384 3261 4451 quoniam
3296 4384 3441 4452 quod

203 4479 293 4532 καὶ
323 4478 473 4531 ἐστιν
522 4480 580 4531 ὲν
618 4479 753 4549 Υἰῷ,
789 4478 977 4549 ὥσπερ
1006 4475 1099 4534 οῦν
1125 4480 1219 4534 καὶ
1242 4482 1298 4534 ὲν
1344 4482 1422 4551 τῷ
1448 4482 1699 4553 ποταμῷ,
1739 4485 1772 4553 ἡ

201 4565 390 4619 τοῦτον
422 4567 798 4632 ἀναϐλύζουσα
827 4570 1002 4639 πηγή.
1031 4568 1103 4620 Τὸ
1132 4568 1238 4640 γάρ
1266 4568 1392 4621 ῐδιον
1416 4570 1513 4638 τῆς
1535 4568 1629 4621 τοῦ
1662 4571 1774 4622 Πα-

201 4656 328 4725 τρὸς
354 4656 540 4720 οὐσίας
571 4659 629 4709 ὲν
657 4656 770 4726 ΥΞῷ
802 4651 1054 4729 κείμενον
1073 4696 1091 4722 ,
1131 4659 1226 4712 καὶ
1268 4660 1365 4728 τῆς
1410 4659 1680 4731 θεότητος,
1704 4662 1771 4714 ἵν’

202 4751 374 4814 οὓτως
408 4751 568 4813 εἴπω,
592 4751 653 4803 τὸ
682 4746 841 4816 εἶδος,
873 4750 1108 4804 δεικνύει
1139 4751 1297 4806 πάλιν
1322 4752 1485 4805 αὐτὸν
1514 4756 1572 4805 ὲν
1603 4751 1772 4822 αὐτῷ.

214 4842 576 4912 Ἐπιτηρῆσαι
603 4841 660 4895 δὲ
682 4842 789 4913 χρὴ
813 4843 1004 4910 ὅτιπερ
1034 4842 1094 4894 οὐ
1127 4842 1230 4911 τῆς
1267 4842 1537 4913 τυχούσης
1567 4845 1773 4895 οἰκονο-

204 4934 333 5001 μίας
382 4932 548 4985 ἕνεκα
598 4931 695 5001 τὴν
725 4932 982 5002 τοιαύτην
1026 4933 1209 5002 φωνὴν
1235 4933 1457 5002 εἴρηκεν
1494 4934 1523 4985 6
1559 4933 1770 5002 Σωτήρ.

213 5022 430 5094 Ἐπειδὴ
478 5023 588 5094 γὰρ
622 5020 725 5094 τὴν
767 5024 1075 5093 ταυτότητα
1126 5024 1226 5093 τῆς
1272 5023 1505 5092 φύσεως,
1546 5025 1611 5096 ἣν
1657 5024 1770 5095 ἔχει

203 5116 335 5186 πρὸς
359 5116 454 5169 τὸν
480 5116 842 5185 Γεννήσαντα,
870 5115 1039 5180 δεῖξαι
1074 5116 1357 5187 βουληθεὶς
1391 5110 1564 5179 εἶπεν,
1590 5135 1609 5168 ι
1632 5114 1770 5184 Ἐγὼ

201 5208 291 5258 καὶ
312 5208 341 5258 6
366 5205 562 5277 Πατὴρ
592 5205 650 5259 ἓν
683 5206 852 5276 ἐσμεν
877 5223 890 5237 ·
917 5226 934 5258 ι
971 5207 1059 5261 ἵνα
1095 5207 1170 5277 μή
1200 5223 1284 5270 τις
1317 5205 1476 5260 αὐτὸν
1508 5201 1644 5258 εἶναι
1676 5210 1771 5260 καὶ

198 5297 420 5368 Πατέρα
450 5296 548 5349 καὶ
566 5294 692 5349 Υἱδν
720 5296 1002 5362 ὑπολάϐοι,
1024 5296 1206 5366 μόνοις
1220 5296 1479 5366 ὀνόμασιν
1506 5298 1585 5359 εἰς
1606 5296 1771 5350 δυάδα

195 5385 695 5455 διαστελλομένους,
735 5386 894 5449 ὄντας
934 5386 993 5439 δὲ
1023 5387 1121 5456 οὐχ
1157 5385 1326 5450 οὕτως
1351 5387 1408 5440 ἐν
1452 5385 1766 5451 ὑποστάσει,

194 5476 510 5547 ἀναγκαίως
530 5477 964 5550 ὲπεξηγούμενος
989 5480 1124 5551 ὅπερ
1151 5478 1359 5550 εἴρηκε,
1389 5477 1483 5533 καὶ
1508 5476 1769 5547 σαφέστε-

257 5657 304 5692 "
329 5657 495 5716 Joan.
532 5672 645 5723 xw,
679 5655 765 5711 ll.

1880 4486 1965 4532 est
1999 4477 2091 4532 ille
2129 4486 2349 4539 natura,
2381 4476 2487 4529 hoc
2519 4483 2575 4530 et
2613 4490 2676 4529 ex
2714 4488 2779 4529 eo
2822 4475 3148 4544 proveniens
3178 4473 3438 4530 Verbum.

1878 4570 2123 4638 Apparet
2156 4582 2284 4622 vero
2310 4575 2476 4621 etest
2518 4566 2574 4619 in
2619 4564 2783 4627 Filio,
2815 4565 3087 4635 quomodo
3112 4576 3166 4621 et
3197 4567 3249 4619 in
3278 4567 3441 4621 fluvio

1879 4660 1971 4727 qui
2005 4659 2155 4713 illum
2199 4658 2428 4714 scaturit
2453 4664 2507 4712 et
2559 4657 2763 4711 emittit
2809 4657 2950 4711 fons.
2975 4655 3260 4726 Proprium
3294 4661 3436 4712 enim

1877 4748 2058 4805 Patris
2098 4749 2421 4805 substantiae
2449 4750 2504 4803 in
2534 4747 2676 4803 Filio
2706 4749 2905 4815 situm;
2929 4757 2982 4803 et
3006 4749 3249 4814 deitatis,
3280 4757 3337 4803 ut
3365 4760 3439 4804 ita

1876 4838 2092 4906 loquar,
2132 4838 2347 4908 species
2397 4838 2595 4892 iterum
2652 4837 2832 4906 ipsum
2871 4839 2924 4891 in
2957 4853 3023 4893 eo
3062 4846 3437 4907 repraesentat.

1878 4928 1986 4982 Sed
2022 4936 2076 4983 et
2113 4929 2524 4984 observandum
2559 4935 2663 4991 est,
2703 4942 2813 4982 non
2854 4926 2922 4983 de
2952 4928 3125 4982 nihilo
3157 4943 3299 4994 esse,
3340 4944 3440 4984 nec

1876 5020 2089 5089 absque
2138 5034 2352 5074 summa
2411 5019 2626 5075 ordinis
2683 5020 2916 5078 ratione,
2966 5017 3110 5087 quod
3166 5018 3438 5089 ejusmodi

1875 5110 2065 5166 vocem
2137 5111 2364 5180 protulit
2422 5109 2704 5164 Servator.
2766 5109 3219 5177 Quandoquidem
3290 5112 3438 5165 enim

1875 5202 2225 5257 identilatem
2261 5202 2472 5256 naturae
2501 5216 2663 5272 quam
2698 5216 2822 5255 cum
2856 5202 3017 5254 Patre
3059 5200 3219 5271 habet
3247 5211 3436 5256 osten-

1872 5295 2003 5350 dere
2025 5294 2214 5349 volens
2251 5292 2431 5347 dixit:
2472 5309 2491 5343 ‹
2534 5292 2644 5361 Ego
2676 5300 2730 5346 et
2762 5289 2925 5346 Pater
2954 5306 3120 5345 unum
3161 5306 3374 5360 sumus,
3410 5311 3431 5345 ι

1875 5401 1941 5439 ne
1969 5383 2096 5454 quis
2131 5398 2258 5439 eum
2304 5397 2427 5439 esse
2459 5389 2515 5438 et
2554 5382 2764 5437 Patrem
2812 5391 2866 5437 et
2900 5380 3097 5437 Filium
3135 5382 3435 5447 existimet,

1873 5476 2007 5534 solis
2043 5474 2359 5532 nominibus
2401 5473 2458 5530 in
2501 5472 2779 5529 binarium
2823 5473 3057 5543 divisos,
3090 5488 3437 5548 nequaquam
