4010 6320
545 314 617 371 55
1532 304 1589 359 S.
1632 302 1906 360 CYBILLI
1944 303 2412 362 ALEXANDRINI
2449 303 2771 362 ARCHIEP.
3719 316 3789 374 56

546 440 678 484 vero
709 412 962 481 similifer
988 420 1298 496 hypostasi,
1316 423 1636 478 necessario
1653 425 1936 494 explicans
1965 421 2113 495 quod

2220 437 2309 492 ρον
2342 423 2453 483 τοῖς
2488 419 2857 491 ἀκροωμένοις
2905 378 3038 473 αὐτό
3086 418 3386 485 καθιστῶν,
3425 421 3675 496 ἐπιφέρει
3702 428 3784 491 τὸ,

546 517 708 582 dixit,
748 532 813 572 ac
846 515 1147 572 dilucidius
1175 514 1530 569 audientibus
1570 514 1703 569 illud
1732 514 1992 578 reddens,
2022 514 2116 569 ad-

542 609 724 679 jungit
756 610 857 662 hoc
891 627 903 661 :
943 626 962 659 ι
999 606 1108 676 Ego
1131 607 1186 660 in
1218 606 1396 669 Patre,
1423 612 1474 659 et
1501 603 1661 659 Pater
1681 606 1733 660 in
1756 621 1863 671 me,
1906 624 1924 657 ι
1967 612 2026 658 ιιι
2049 620 2117 659 ex

546 695 651 750 hoc
679 698 897 766 quidem
947 695 1092 765 quod
1121 695 1174 748 in
1214 694 1332 756 illo,
1365 699 1421 747 et
1451 693 1542 747 ille
1578 694 1634 747 in
1686 693 1792 748 huc
1842 694 2115 759 cernitur,

548 789 888 843 identitatem
926 786 1168 847 deitatis,
1200 792 1253 838 et
1286 783 1613 839 substantiae
1642 785 1902 840 unitatem
1930 796 2119 840 osten-

549 875 663 931 dat.
695 876 770 930 Ex
804 891 869 931 eo
896 889 1026 929 vero
1060 872 1204 943 quod
1236 872 1374 926 alter
1401 874 1455 926 in
1483 874 1653 927 altero
1680 874 1772 937 sit,
1794 889 1906 928 non
1948 890 2116 928 unum

548 967 676 1038 quid
703 979 933 1020 numero
960 964 1287 1033 accipiatur,
1309 962 1530 1031 quando
1558 963 1720 1018 modo
1750 962 1934 1027 Pater,
1958 965 2119 1019 modo

547 1058 720 1113 Filius
756 1058 983 1119 dicitur,
1015 1055 1107 1110 sed
1147 1070 1276 1109 vere
1334 1054 1725 1109 subsistentem
1775 1054 2013 1119 Patrem,
2066 1065 2120 1110 et

550 1150 941 1206 subsistentem
985 1144 1208 1212 Filium,
1255 1143 1530 1199 eiIicacius
1569 1145 1929 1201 demonstret.
1956 1145 2120 1200 Pater

548 1242 693 1297 enim
727 1250 782 1295 et
822 1238 995 1292 Filius
1030 1252 1200 1291 unum
1236 1235 1458 1306 quidem
1496 1245 1626 1291 sunt
1684 1237 1988 1290 secundum
2023 1251 2120 1290 na-

550 1343 751 1393 turam,
779 1329 888 1383 duo
918 1342 1048 1382 vero
1075 1341 1323 1389 numero,
1356 1341 1465 1380 non
1503 1336 1760 1392 tanquam
1796 1340 1906 1380 uno
1933 1327 2121 1396 aliquo

551 1422 624 1477 ita
660 1421 713 1474 in
745 1421 882 1474 duas
925 1428 1112 1488 partes
1159 1417 1359 1480 diviso,
1390 1426 1453 1471 ut
1485 1417 1745 1486 deinceps
1777 1418 1929 1471 nulla
1965 1432 2120 1472 com-

551 1510 815 1564 munione
848 1507 995 1561 inter
1024 1522 1084 1562 se
1115 1514 1168 1562 et
1196 1506 1519 1561 habitudine
1552 1513 1740 1559 mutua
1762 1507 2075 1575 iungantur
2102 1523 2117 1559 :

549 1615 726 1671 neque
762 1614 958 1653 rursus
992 1606 1256 1667 tanquam
1294 1611 1404 1651 uno
1433 1595 1737 1667 eodemque
1766 1596 1986 1652 duobus
2019 1612 2122 1650 no-

550 1692 791 1746 minibus
826 1698 1169 1758 nuncupato,
1215 1697 1278 1742 ut
1312 1687 1677 1757 appellatione
1710 1696 1872 1742 tenus
1920 1687 2120 1742 binarii

2222 533 2241 564 ‹
2264 513 2404 580 Ἐγὼ
2435 516 2491 565 ἐν
2523 510 2601 581 τῷ
2630 510 2806 580 Πατρὶ
2848 510 2942 562 καὶ
2971 511 2999 562 ὁ
3031 509 3217 582 Πατὴρ
3251 512 3309 564 ἐν
3338 514 3493 581 ἐμοὶ,
3535 533 3553 565 ι
3589 514 3675 569 ἵνα
3700 516 3788 571 διὰ

2222 602 2321 673 μὲν
2354 602 2447 656 τοῦ
2476 602 2664 654 τοῦτον
2694 602 2752 653 ἐν
2779 600 2990 671 ἐκείνῳ,
3031 602 3280 654 κάκεῖνον
3310 604 3366 654 ἐν
3399 603 3571 675 τούτῳ
3601 607 3786 673 φαίνε-

2220 692 2364 759 σθαι,
2419 693 2516 763 τὴν
2557 693 2858 763 ταυτότητά
2909 693 3008 763 τῆς
3056 691 3308 764 θεότητος
3346 696 3437 747 καὶ
3474 697 3573 766 τῆς
3602 698 3789 762 οὐσίας

2216 784 2315 854 τὴν
2343 782 2535 836 ἕνωσιν
2555 782 2721 853 δείξῃ.
2765 782 2863 835 Διά
2889 781 2945 836 δέ
2982 781 3076 835 τοῦ
3115 782 3300 854 ἕτερον
3340 786 3396 838 ἐν
3419 787 3591 856 ἑτέρῳ
3624 784 3786 854 εἶναι,

2208 856 2295 945 ’μὴ
2320 874 2377 927 ἐν
2410 891 2461 926 τι
2493 873 2568 926 ὢν
2598 873 2813 945 ἀριθμῷ
2843 873 3027 944 νοηθῇ,
3055 875 3084 927 6
3113 876 3243 927 ποτέ
3273 874 3371 945 μέν
3410 877 3626 948 Πατὴρ,
3658 878 3789 931 ποτὲ

2216 967 2274 1018 δὲ
2318 966 2447 1029 Υίδς
2498 965 2732 1033 λέγεται,
2767 964 2881 1017 ἀλλ’
2908 964 3077 1028 ὅντως
3116 965 3402 1033 ὑφεστῶτα
3442 968 3659 1039 Πατέρα
3697 971 3789 1023 καὶ

2220 1060 2502 1130 ὑφεστῶτα
2529 1059 2656 1111 Υἱὸν
2687 1058 3075 1128 ἐναργέστερον
3107 1058 3385 1131 ἀποδείξῃ.
3437 1060 3498 1112 ὐ
3531 1062 3641 1130 γὰρ
3673 1063 3786 1115 na-

2220 1152 2323 1222 τὴρ
2357 1150 2452 1203 καὶ¹
2492 1152 2520 1203 ὁ
2544 1149 2671 1211 Υἱὸς
2702 1147 2759 1200 ἓν
2810 1147 2909 1215 μὲν
2939 1149 3048 1200 εἰσὶ
3096 1148 3237 1201 κατά
3280 1149 3474 1217 φύσιν,
3508 1151 3600 1204 δύο
3633 1152 3690 1205 δέ
3729 1154 3787 1205 ἐν

2216 1239 2457 1312 ἀριθμῷ,
2485 1240 2582 1309 οὑχ
2606 1239 2680 1302 ὡς
2705 1238 2821 1299 ἐνός
2852 1254 2995 1299 τινος
3037 1239 3115 1300 εἰς
3155 1237 3246 1291 δύο
3289 1239 3787 1310 καταδιαιρεθέντος

2222 1332 2384 1401 μέρη,
2407 1331 2482 1392 ὼς
2513 1324 2651 1381 εἶναι
2674 1326 2861 1379 λοιπὸν
2889 1327 2986 1397 τῆς
3010 1326 3144 1397 πρὸς
3174 1327 3377 1397 ἄλληλα
3414 1330 3696 1392 κοινωνίας
3724 1347 3784 1383 τε

2220 1420 2315 1472 καὶ
2340 1417 2578 1489 σχέσεως
2612 1416 2900 1487 όιμέτοχοι⁸
2951 1415 3071 1471 οὔτε
3110 1418 3214 1489 μὴν
3255 1419 3330 1482 ὡς
3360 1419 3451 1473 τοῦ
3495 1420 3659 1474 αὐτοῦ
3691 1423 3786 1476 καὶ

2220 1509 2337 1572 ἐνὸς
2373 1508 2567 1570 διττοῖς
2601 1506 2857 1577 ὀνόμασιν
2911 1507 3350 1579 ἀποκαλουμένου
3372 1526 3384 1539 ·
3436 1510 3521 1563 ἶνα
3549 1510 3606 1563 ἐν
3649 1510 3784 1583 μόνῃ

2222 1597 2559 1670 προσηγορίᾳ
2588 1596 2842 1665 φαίνηται
2867 1598 2965 1667 τῆς
2985 1598 3173 1661 δυάδος
3209 1601 3242 1669 ή
3277 1598 3521 1670 δύναμις.
3553 1601 3686 1654 Οὐδὲ
3710 1600 3785 1664 ὡς

2221 1688 2314 1742 τοῦ
2350 1688 2536 1752 αὑτοῦ,
2561 1687 2689 1741 ποτέ
2731 1688 2828 1757 μὲν
2863 1689 3094 1758 Πατρὸς,
3141 1691 3267 1743 ποτέ
3315 1690 3370 1743 δὲ
3398 1691 3526 1743 Υἱοῦ
3559 1691 3789 1762 λεγομέ-

549 1783 635 1837 vis
668 1789 948 1851 appareat.
981 1778 1167 1849 Neque
1193 1794 1360 1849 porro
1390 1778 1579 1833 eodem
1617 1779 1754 1832 alias
1783 1777 1965 1843 Patre,
1980 1779 2115 1832 alias

2220 1797 2311 1834 νου
2333 1798 2347 1812 ·
2368 1780 2527 1833 τοῦτο
2551 1782 2659 1851 γὰρ
2687 1780 2975 1834 Σαϐελλίου
3008 1781 3068 1834 τὸ
3106 1782 3299 1852 δόγμα.
3358 1784 3495 1837 Ἀλλ’
3534 1786 3637 1838 εἰσὶ
3664 1786 3784 1855 μὶν,

547 1860 690 1928 Filio
716 1874 885 1937 dicto,
915 1872 1061 1942 quod
1088 1882 1174 1927 est
1201 1871 1399 1941 dogma
1427 1869 1671 1924 Sabellii.
1697 1868 1804 1922 Sed
1850 1879 1980 1923 sunt
2017 1884 2119 1922 nu-

550 1981 699 2021 mero
742 1964 873 2032 duo,
919 1964 1123 2035 quippe
1169 1973 1254 2019 est
1311 1962 1472 2018 Pater
1527 1977 1741 2032 semper
1792 1961 1975 2025 Pater,
2022 1962 2115 2034 qui

547 2072 826 2127 nunquam
871 2057 925 2110 in
958 2055 1155 2110 Filium
1198 2061 1462 2118 mutatur,
1494 2062 1548 2109 et
1596 2068 1791 2109 rursus
1822 2061 1908 2109 est
1942 2053 2118 2110 Filius

550 2163 768 2218 semper
802 2145 996 2215 Filius,
1042 2148 1133 2217 qui
1176 2161 1457 2215 nunquam
1502 2146 1557 2199 in
1594 2144 1809 2200 Patrem
1847 2145 2119 2201 transfor-

549 2248 729 2293 matur
756 2238 954 2310 :675
982 2254 1216 2308 eumque
1260 2253 1319 2293 se
1357 2238 1431 2291 ita
1466 2252 1555 2292 res
1592 2236 1810 2301 habeat,
1842 2245 1898 2291 et
1926 2251 2120 2291 nume-

548 2347 646 2386 rus
696 2332 753 2385 in
796 2331 1013 2385 biuario
1056 2331 1127 2385 sit
1157 2330 1396 2400 positus,
1437 2337 1491 2383 et
1522 2342 1628 2382 una
1660 2339 1743 2383 est
1774 2335 1967 2382 natura
1997 2342 2117 2381 am-

548 2422 745 2484 bobus,
806 2430 863 2476 et
918 2422 1111 2476 eadem
1172 2420 1429 2474 voluntas
1489 2434 1553 2473 ac
1608 2418 1808 2483 deitas,
1868 2417 2116 2488 genitura

549 2527 769 2582 semper
796 2513 1104 2582 genitorem
1139 2518 1573 2580 reprazsentante
1603 2527 1616 2562 ε
1645 2517 1728 2563 est
1761 2509 1905 2563 enim
1937 2509 2117 2579 imago

547 2612 602 2658 et
656 2601 916 2672 splendor
966 2610 1021 2657 et
1073 2602 1364 2655 character
1416 2600 1740 2655 substantiae
1795 2599 1973 2654 Patris
2022 2598 2116 2654 Fi-

549 2694 653 2749 lius
682 2693 759 2759 ³³;
787 2694 867 2748 sic
897 2693 1042 2747 enim
1078 2708 1247 2746 unum
1282 2691 1520 2746 dicimus
1552 2706 1674 2745 esse
1701 2689 1869 2745 Deum
1899 2699 2118 2760 propter

548 2785 885 2840 identitatem
932 2793 1146 2839 naturae
1190 2781 1375 2836 Patris
1408 2798 1535 2837 cum
1568 2781 1707 2836 Filio
1747 2790 1802 2837 et
1830 2780 1954 2835 Filii
1988 2797 2115 2836 eum

547 2874 730 2930 Patre.
760 2874 1232 2941 Quemadmodum
1266 2884 1446 2928 autem
1480 2874 1665 2927 lumen
1699 2881 1751 2928 et
1785 2872 2055 2942 fulgorem
2085 2887 2115 2926 a

546 2966 661 3021 sole
687 2967 956 3020 emissum
984 2980 1094 3018 non
1126 2966 1253 3035 quis
1286 2964 1486 3020 dixerit
1517 2965 1818 3019 secundum
1864 2975 2115 3019 naturam

548 3057 698 3111 aliud
743 3071 866 3111 esse
900 3056 1081 3110 lumen
1128 3057 1197 3110 ab
1244 3057 1359 3120 illo,
1398 3064 1494 3110 aut
1536 3056 1839 3113 secundum
1881 3057 2114 3126 partici—

2221 1870 2436 1942 ἀριθμῷ
2461 1870 2583 1924 δύο*
2606 1870 2720 1923 ἐστι
2752 1871 2861 1941 γὰρ
2892 1873 2919 1924 ὁ
2940 1872 3151 1942 Πατὴρ,
3176 1873 3261 1925 ἀεὶ
3298 1873 3505 1944 Πατὴρ,
3533 1873 3784 1926 οὐδέποτε

2220 1966 2299 2027 είς
2328 1962 2456 2015 Υίὸν
2492 1961 2975 2032 μεταποιούμενος,
3003 1963 3098 2015 καὶ
3131 1963 3292 2016 πάλιν
3322 1966 3350 2017 6
3376 1963 3522 2029 Υἱὸς,
3556 1965 3642 2018 ἀεὶ
3657 1964 3787 2030 Υἱὸς

2219 2054 2475 2108 οὐδέποτε
2504 2054 2584 2116 είς
2615 2053 2834 2123 Πατέρα
2860 2051 3320 2122 μεταϐαλλόμενος
3340 2067 3354 2080 ·
3388 2052 3530 2105 οὓτω
3553 2053 3608 2106 δὲ
3635 2053 3789 2118 ὄντος

2217 2145 2312 2199 τοῦ
2338 2146 2683 2217 πράγματος,
2721 2143 2817 2196 καὶ
2837 2147 2894 2196 ἐν
2919 2143 3070 2196 δυάδι
3097 2144 3347 2213 κειμένου
3370 2143 3464 2197 τοῦ
3509 2142 3739 2214 ἀριθμοῦ
3766 2183 3783 2210 ,

2222 2237 2322 2306 μία
2340 2254 2400 2289 τε
2434 2236 2591 2305 φύσις
2626 2235 2955 2305 ἀμφοτέροις
2984 2234 3077 2287 καὶ
3104 2235 3137 2303 η
3166 2233 3302 2304 αὑτὴ
3326 2235 3420 2287 καὶ
3448 2234 3665 2305 θέλησις
3692 2235 3786 2288 καὶ

2219 2328 2432 2398 οεότης,
2458 2328 2693 2390 ἐοικότος
2717 2326 2805 2379 ἀεὶ
2831 2326 2925 2379 τοῦ
2967 2328 3303 2396 γεννήματος
3330 2326 3407 2397 τῷ
3433 2328 3785 2398 γεγεννηκότι

2219 2416 2461 2487 φυσικῶς
2486 2434 2498 2447 ·
2528 2413 2692 2469 εἰκὼν
2722 2415 2831 2487 γάρ
2861 2415 2977 2468 ἐστι
3003 2416 3096 2470 καὶ
3126 2416 3466 2488 ἀπαύγασμα
3499 2419 3592 2471 καὶ
3610 2435 3784 2489 χαρα-

2219 2512 2358 2581 κτὴρ
2388 2508 2488 2579 τῆς
2512 2508 2606 2562 τοῦ
2653 2507 2891 2577 Πατρός.
2906 2507 3094 2570 οὐσίας
3119 2509 3148 2560 6
3175 2507 3329 2571 Υἱός·
3382 2508 3521 2563 οὕτω
3553 2511 3661 2582 γὰρ
3689 2511 3784 2564 ἕνα

2219 2598 2398 2671 φαμὲν
2420 2595 2561 2652 εἶναι
2593 2598 2726 2651 Θεὸν
2750 2597 2838 2651 διὰ
2860 2598 2960 2668 τὴν
2975 2598 3279 2669 ταυτότητα
3309 2598 3408 2669 τῆς
3438 2599 3650 2668 φύσεως
3671 2603 3785 2655 Πα-

2215 2692 2342 2762 τρὸς
2369 2691 2502 2761 πρὸς
2535 2690 2662 2743 Υίδν
2691 2690 2785 2742 καὶ
2803 2688 2929 2742 Υίοῦ
2957 2689 3095 2760 πρὸς
3116 2689 3353 2760 Πατέρα.
3378 2691 3485 2743 Καὶ
3512 2690 3698 2762 ὥσπερ
3723 2691 3786 2744 τδ

2215 2782 2280 2832 ἐκ
2312 2778 2405 2832 τοῦ
2431 2779 2585 2848 ἡλίου
2620 2778 2974 2847 πεμπόμενον
3000 2778 3115 2845 φῶς
3144 2779 3236 2830 καὶ
3283 2779 3646 2850 ἀπαύγασμα,
3683 2783 3785 2834 οὐκ

2215 2869 2281 2922 ἄν
2310 2885 2393 2931 τις
2426 2868 2571 2921 εἴποι
2603 2867 2746 2920 κατά
2771 2867 2930 2935 φύσιν
2952 2866 3140 2935 ἕτερον
3162 2862 3300 2917 εἶναι
3330 2866 3443 2934 φῶς
3472 2868 3602 2939 παρ’
3637 2871 3786 2921 ἐκεῖ.

2214 2977 2325 3024 νον,
2365 2958 2398 3030 ἢ
2430 2958 2570 3013 κατά
2599 2957 2887 3028 μετουσίαν
2925 2956 3045 3009 τινὰ
3076 2956 3170 3008 καὶ
3199 2956 3383 3024 σχέσιν
3410 2956 3506 3028 τὴν
3530 2956 3588 3022 ἐξ
3619 2958 3784 3011 αὐτοῦ

2214 3052 2453 3105 τοιοῦτον
2481 3048 2754 3120 γενέσθαι,
2779 3048 2891 3102 ἀλλ’
2919 3048 3084 3111 ὅντως
3120 3048 3278 3116 φύσει
3305 3049 3490 3118 προϊὸν
3506 3049 3563 3116 ἐξ
3583 3049 3747 3104 αὑτοῦ
3765 3064 3783 3081 ⁸

548 3145 826 3216 pationem
864 3146 1107 3216 aliquam
1160 3154 1215 3202 et
1263 3147 1637 3223 habitudinem
1685 3150 1751 3201 ab
1802 3163 1867 3203 eo
1914 3148 2115 3218 depen-

2220 3142 2312 3194 καὶ
2341 3139 2433 3194 δύο
2462 3138 2561 3210 μὲν
2585 3137 2758 3191 ταῦτα
2791 3136 2944 3206 φῶτα
2968 3139 3087 3190 κατ’
3110 3130 3350 3190 ἐπίνοιαν
3395 3140 3606 3208 ὁρᾶται,
3640 3138 3698 3192 ἓν
3726 3139 3785 3193 δέ

550 3237 771 3293 dentem
805 3239 913 3293 tale
943 3253 1088 3303 esse,
1120 3238 1214 3293 sed
1246 3254 1374 3294 vere
1407 3248 1605 3293 natura
1646 3256 1709 3294 ex
1739 3255 1805 3294 eo
1836 3239 2119 3309 prodiens,

550 3336 606 3382 et
649 3329 759 3381 duo
811 3329 1032 3396 quidem
1087 3328 1201 3383 haec
1243 3330 1450 3383 lumina
1502 3331 1917 3400 concipiuntur,
1950 3344 2122 3383 unum

548 3435 678 3474 vero
726 3429 854 3474 sunt
908 3421 1213 3475 secundum
1265 3428 1520 3477 naturam
1564 3438 1577 3475 Ξ
1624 3423 1705 3477 sic
1761 3436 1922 3475 nemo
1968 3427 2121 3475 recta

548 3527 670 3566 cum
703 3512 935 3574 ratione,
962 3511 1183 3567 tametsi
1230 3513 1515 3568 scindatur
1548 3511 1730 3567 Patris
1766 3520 1817 3566 et
1856 3511 1982 3565 Filii
2012 3527 2119 3565 nu-

548 3614 751 3663 merus,
783 3599 927 3653 aliud
962 3599 1229 3669 quiddam
1261 3601 1407 3655 dicet
1456 3615 1484 3653 a
1515 3600 1676 3656 Patre
1705 3600 1902 3655 Filium
1933 3598 2115 3670 quoad

548 3686 801 3741 deitatem
845 3696 899 3742 et
949 3690 1275 3743 substantiae
1320 3689 1681 3745 identitatem.
1720 3688 1824 3745 Sed
1854 3686 2114 3760 quemado

547 3776 768 3831 modum
803 3780 887 3834 sol
919 3779 973 3833 in
1009 3779 1226 3848 fulgore
1262 3796 1291 3834 a
1322 3796 1381 3836 se
1419 3781 1744 3851 prodeunte,
1774 3787 1828 3835 et
1857 3780 2033 3848 fulgor
2059 3778 2113 3831 in

548 3870 661 3923 sole
692 3885 723 3924 a
763 3885 873 3940 quo
908 3872 1131 3940 prodiit,
1158 3875 1237 3927 sic
1274 3880 1359 3928 est
1389 3871 1549 3927 Pater
1580 3875 1632 3926 in
1667 3870 1825 3934 Filio,
1855 3879 1910 3926 et
1937 3870 2110 3924 Filius

547 3960 603 4014 in
634 3958 812 4025 Patre,
861 3977 1091 4017 numero
1140 3964 1195 4016 in
1239 3964 1513 4018 binarium
1550 3964 1731 4027 divisi,
1760 3970 1815 4017 et
1850 3962 1933 4016 sic
1966 3960 2111 4016 exsi-

547 4057 756 4105 stentes
806 4051 861 4104 in
917 4051 1237 4123 bypostasi,
1285 4054 1577 4108 identitate
1608 4068 1739 4107 vero
1794 4060 2003 4105 natura:
2052 4049 2110 4104 in

546 4158 710 4197 unam
741 4143 993 4199 deitatem
1032 4145 1326 4214 compacti.

615 4233 684 4299 X,
721 4232 809 4290 40.
842 4233 909 4288 Et
945 4237 1073 4289 abiit
1104 4254 1289 4291 rursus
1319 4245 1465 4291 trans
1492 4233 1805 4299 Iordanem,
1835 4242 1945 4290 etc.

614 4414 844 4471 Relictis
871 4414 1271 4487 Hierosolymis
1292 4416 1555 4470 Servator
1576 4414 1630 4468 in
1649 4414 1832 4467 locum
1864 4412 2111 4469 fontibus

543 4506 936 4562 scaturientem
980 4506 1228 4575 trajicit,
1264 4507 1417 4561 velut
1454 4506 1510 4558 in
1554 4503 1730 4574 ﬁgura
1765 4503 2023 4558 indicans
2054 4519 2113 4560 se

544 4598 868 4652 relicturum
922 4596 1205 4660 Judaeum,
1261 4604 1316 4651 et
1378 4596 1445 4648 ad
1501 4596 1747 4665 gentium
1804 4594 2109 4652 Ecclesiam

544 4688 911 4755 migraturum
935 4727 953 4753 ,
987 4703 1111 4757 qua:
1149 4686 1331 4742 fontes
1376 4685 1542 4741 habet
1587 4685 1970 4755 baptismatis,
2002 4700 2111 4756 quo

544 4780 667 4835 loco
701 4780 856 4833 multi
894 4780 1112 4849 quidem
1167 4779 1233 4832 ad
1286 4792 1411 4831 eum
1468 4777 1736 4832 accedunt
1782 4777 2110 4832 transmisso

542 4868 781 4926 Iordane
808 4890 821 4925 :
854 4871 965 4924 hoc
996 4870 1142 4924 enim
1177 4867 1422 4923 declarat
1453 4868 1601 4923 istud
1634 4877 1787 4925 trans
1815 4867 2108 4923 Iordanem

542 4963 814 5019 diversari
848 4960 1134 5016 Christum
1156 5001 1168 5013 .
1194 4999 1207 5013 .
1245 5001 1258 5014 .
1290 4958 1391 5024 Qui
1426 4959 1599 5029 igitur
1627 4959 1964 5030 traiecerunt
1990 4957 2111 5012 Jor-

543 5054 743 5108 danem
775 5066 872 5123 per
893 5057 1150 5105 sanctum
1174 5048 1447 5118 baptisma
1469 5047 1795 5104 deferuntur
1813 5048 1878 5103 ad
1901 5046 2067 5102 Deum
2094 5063 2107 5099 :

611 5192 657 5224 ³⁸
695 5189 860 5245 Hebr.
895 5199 950 5249 ι,
984 5183 1038 5238 3.

614 5316 689 5387 (i)
713 5313 882 5387 Paulo
902 5314 1057 5387 aliter
1077 5310 1560 5387 catenavatieana,
1582 5311 1678 5387 fol.
1694 5309 1758 5387 gl
1772 5310 1802 5361 7
1821 5309 1883 5374 Β,
1904 5324 1991 5387 ap.
2008 5308 2112 5387 Mai

542 5376 714 5444 ibidf:
747 5386 822 5437 Δι’
844 5376 919 5436 ὧν
939 5384 1038 5451 μέν
1060 5401 1141 5436 τοι
1160 5383 1523 5451 ἀπανίσταται
1543 5381 1664 5451 τῆς
1694 5376 2050 5451 Ἰερουσαλὴμ
2083 5379 2112 5431 6

541 5454 829 5526 Χριστὸς,Δ
858 5449 1153 5526 divisuset
1197 5453 1278 5526 δτι
1323 5449 1800 5526 ’καταλείψειημξιν
1846 5449 1945 5513 τὴν
1985 5449 2114 5526 ἰου-

541 5517 714 5586 adiuv,
752 5522 843 5593 ἐπὶ
868 5522 925 5593 δὲ
954 5521 1051 5593 τὴν
1081 5520 1529 5593 Ἐκκλησίαν-τὴν
1556 5517 1819 5593 ἐξμέθνῷν
1844 5587 1856 5593 _
1879 5517 2116 5593 usta6ﬁ:

432 5598 437 5603 ’
542 5584 710 5661 σεται,
726 5591 829 5661 τὴν
857 5584 1083 5661 ἔχουσαν
1111 5592 1169 5644 ἐν
1189 5584 1353 5661 ἑαύτῇ
1373 5584 1812 5661 τὴνξπηγὴνεὴν
1834 5584 1994 5661 ἁγίαν
2021 5584 2114 5639 τοῦ

546 5655 936 5733 βαπτίσμξατοξ,
958 5661 1202 5715 τουτέστι
1238 5655 1352 5714 τδν“
1371 5655 1663 5728 Ἰορδάνην,
1692 5655 1751 5711 ὃν
1769 5655 1817 5710 οἱ
1847 5655 2120 5727 περάσανο

2218 3233 2323 3286 εἰσι
2361 3231 2503 3284 κατά
2525 3229 2713 3300 φύσιν·
2748 3228 2921 3291 οὕτως
2956 3228 3056 3281 οὐκ
3083 3228 3147 3282 ἄν
3177 3245 3261 3292 τις
3302 3228 3571 3296 εὐλόγως,
3614 3232 3662 3283 εί
3693 3230 3786 3284 καὶ

2218 3325 2298 3386 είς
2335 3321 2497 3375 δυάδα
2543 3320 2793 3389 τέμνοιτο
2822 3319 3033 3389 Πατρός
3065 3336 3123 3371 τε
3150 3318 3245 3371 καὶ
3284 3319 3413 3371 Υἱοῦ
3457 3322 3485 3372 6
3526 3319 3780 3391 ἀριθμὸς,

2218 3411 2404 3480 ἕτερόν
2431 3426 2483 3460 τι
2509 3407 2659 3477 παρὰ
2699 3407 2790 3459 τὸν
2818 3406 3039 3476 Πατέρα
3077 3407 3193 3474 ἐρεῖ
3231 3404 3322 3457 τὸν
3356 3404 3504 3469 Υίδν,
3537 3405 3660 3457 ὅσον
3705 3407 3785 3467 εἰς

2219 3500 2317 3569 τὴν
2352 3499 2577 3565 θεότητα
2613 3497 2705 3549 καὶ
2748 3495 2846 3565 τὴν
2900 3495 3203 3564 ταυτότητα
3255 3494 3349 3561 τῆς
3390 3493 3595 3557 οὐσίας.
3645 3493 3783 3546 Ἀλλ’

2220 3588 2409 3658 ὥσπερ
2439 3588 2467 3638 ὁ
2495 3586 2646 3656 ἥλιος
2666 3587 2723 3637 ἐν
2746 3585 2824 3655 τῷ
2858 3585 3251 3652 ἀπαυγάσματί
3287 3584 3402 3635 ἐστι
3423 3583 3500 3653 τῷ
3534 3582 3594 3647 ἐξ
3619 3582 3782 3636 αὑτοῦ

2220 3677 2570 3747 προελθόντι,
2613 3678 2707 3729 καὶ
2749 3676 2809 3728 τὸ
2861 3674 3199 3744 ἀπαύγασμα
3246 3675 3303 3727 ἐν
3336 3674 3415 3744 τῷ
3446 3673 3580 3745 ἡλίῳ
3601 3674 3693 3742 ἀφ’
3721 3667 3783 3728 οὗ
3874 3740 3883 3749 .

2219 3769 2316 3821 καὶ
2345 3766 2599 3837 ἐξῆλθεν
2625 3767 2799 3830 οὕτως
2826 3766 2943 3818 ἐστὶ
2969 3766 3157 3836 Πατὴρ
3192 3766 3250 3818 ἐν
3271 3764 3385 3834 Υίῷ
3437 3765 3528 3816 καὶ
3569 3762 3693 3825 Υἱὸς
3723 3764 3782 3815 ἐν

2216 3859 2392 3929 Πατρί
2414 3874 2427 3888 ·
2461 3857 2678 3928 ἀριθμῷ
2712 3857 2808 3928 μὲν
2835 3857 2914 3919 είς
2937 3854 3104 3909 δυάδα
3137 3854 3467 3924 ,τεμνόμενοι
3514 3852 3608 3906 καὶ
3632 3852 3783 3915 ὅντες

2215 3948 2387 4012 οὕτως
2417 3951 2474 4002 ἐν
2493 3948 2805 4011 ὑποστάσει,
2841 3949 2905 4016 τῇ
2928 3946 2984 3999 δὲ
3011 3945 3297 4014 ταυτότητι
3329 3944 3426 4015 τῆς
3455 3943 3669 4011 φύσεως
3700 3945 3781 4006 είς

2219 4039 2347 4108 μίαν
2377 4038 2727 4108 σφιγγόμενοι
2757 4037 3005 4105 θεότητα.

2281 4214 2392 4269 Καὶ
2416 4215 2649 4285 ἀπῆλθε
2673 4213 2857 4269 πάλιν
2878 4212 3066 4281 πέραν
3085 4209 3191 4264 τοῦ
3220 4208 3522 4277 Ἰορδάνου
3543 4248 3558 4277 ,
3583 4209 3678 4263 καὶ
3711 4209 3780 4268 τά

2137 4319 2182 4375 ι)
2210 4310 2354 4380 ἑξῆς-

2293 4402 2380 4454 Ἐν
2410 4395 2558 4469 τόπῳ
2580 4397 2762 4469 πηγὰς
2796 4397 2969 4467 ἔχοντι
3001 4394 3388 4466 μεθορμίζεται
3422 4395 3450 4446 6
3470 4392 3681 4463 Σωτὴρ,
3710 4389 3781 4443 τὰ

2221 4489 2567 4562 Ἱεροσόλυμα
2606 4485 2942 4551 καταλιπὼν,
2976 4486 3062 4538 ἵνα
3110 4485 3185 4547 ὡς
3218 4478 3307 4537 διά
3352 4483 3525 4536 τύπου
3568 4480 3780 4548 αίνίξη-

2207 4600 2295 4637 ται
2322 4583 2397 4646 ὡς
2446 4580 2756 4648 καταλείψει
2807 4579 2905 4650 μὲν
2938 4579 3034 4649 τὴν
3106 4578 3402 4640 Ἰουδαίαν,
3433 4576 3526 4629 ἐπὶ
3567 4576 3668 4644 τὴν
3721 4570 3780 4635 ἐξ

2208 4675 2375 4730 ἐθνῶν
2408 4674 2465 4728 δὲ
2506 4671 2827 4741 Ἐκκλησίαν
2879 4670 3242 4742 μεταδίδσεται
3286 4669 3383 4740 τὴν
3424 4668 3651 4738 ἔχουσαν
3680 4663 3780 4727 τὰς

2218 4766 2397 4838 πηγὰς
2441 4764 2532 4819 τοῦ
2582 4763 2953 4835 βαπτίσματος
2994 4763 3090 4833 (l)°
3143 4761 3271 4815 ἔνθα
3311 4760 3406 4814 καὶ
3448 4758 3778 4830 προσέρχονο

2214 4875 2303 4912 ται
2353 4856 2500 4927 αὐτῷ
2564 4855 2746 4908 πολλοὶ
2803 4853 3275 4925 διαπεραιούμενοι
3328 4851 3417 4904 τδν
3485 4849 3776 4921 ἰορδάνηνο

2213 4949 2370 5002 τοῦτο
2401 4947 2511 5018 γὰρ
2538 4947 2688 5017 δηλοῖ
2717 4945 2777 4999 τὸ
2813 4946 2985 5015 πέραν
3025 4944 3120 4997 τοῦ
3171 4943 3431 5014 Ἰορδάνου
3465 4938 3779 5004 αὐλίζεσθαι

2216 5042 2307 5096 τδν
2350 5038 2604 5112 Χριστόν.
2652 5038 2717 5091 Oi
2751 5037 2928 5091 τοίνυν
2972 5036 3308 5109 περάσαντες
3356 5034 3446 5089 τὸν
3509 5031 3776 5103 Ἰορδάνην

2218 5323 2319 5375 τες
2331 5305 2418 5357 διὰ
2441 5304 2534 5357 τοῦ
2548 5304 2717 5375 «ἁγίου
2755 5303 3149 5375 βαπτίσματος.

2292 5374 2428 5428 Dum
2457 5375 2568 5427 abit
2611 5373 2991 5440 Hierosolymis
3025 5374 3289 5435 Christus,
3323 5373 3496 5427 innuit
3537 5391 3592 5428 se
3630 5377 3776 5429 dere-

2222 5444 2470 5498 licturum
2512 5441 2781 5506 Judwam,
2814 5453 2969 5512 atque
3012 5442 3080 5496 ad
3126 5443 3450 5496 ethnicorum
3497 5460 3778 5514 congregaf

2224 5515 2416 5567 tionem
2485 5513 3007 5582 transmigralurum,
3063 5528 3186 5582 qua:
3239 5522 3483 5566 sanctum
3533 5512 3771 5581 baptismi

2223 5584 2420 5653 fontem
2448 5582 2586 5649 apud
2625 5598 2679 5653 se
2714 5580 2889 5645 habet,
2938 5582 2991 5634 id
3021 5590 3100 5636 est
3152 5580 3464 5653 Iordanem,
3502 5580 3649 5653 quem
3687 5582 3775 5651 qui

2226 5650 2316 5721 per
2355 5659 2597 5706 sanctum
2629 5651 2946 5719 baptismum
2976 5660 3271 5719 transeunt,
3308 5650 3413 5708 ctc.
