4010 6320
208 281 281 336 ετ
1052 276 1132 334 ἸΝ
1172 275 1515 335 JOANNEM.
1542 307 1611 317 —
1643 274 1771 331 LIB.

1897 272 2025 330 [ET
2064 271 2179 329 vm
2210 230 2683 328 FRAGMENTA;
3400 271 3474 332 ss

210 397 301 450 διὰ
357 393 451 450 τοῦ
510 393 664 460 ἁγίου
730 392 1126 464 βαπτίσματος,
1181 391 1607 462 άποκομίζονται
1661 390 1792 461 πρὸς

1900 387 2172 459 siquidem
2206 387 2429 443 transiit
2455 402 2486 441 a
2510 386 2797 457 Synagoga
2818 382 3128 440 Iudaeorum
3162 386 3229 441 ad
3260 398 3474 458 gentes,

204 488 367 542 ﬂedw
396 488 490 542 καὶ
541 487 652 557 γὰρ
700 487 903 558 μετέϐη
941 486 1048 539 ἀπὸ
1067 486 1168 555 τῆς
1199 484 1307 538 τῶν
1348 482 1616 537 Ἰουδαίων
1658 484 1791 535 Συν-

212 578 435 648 αγωγῆς
467 578 559 630 ἐπὶ
588 577 657 629 τὰ
680 576 833 647 ἔθνη·
857 577 951 629 καὶ
978 575 1099 628 τότε
1129 575 1312 628 πολλοὶ
1338 570 1500 645 ἦλθον
1526 573 1662 643 πρὸς
1689 574 1786 627 αύ-

211 668 324 730 τὸν,
356 669 448 720 καὶ
480 667 803 720 ἐπίστευσαν
825 668 944 729 ταῖς
968 666 1095 735 περὶ
1114 664 1277 718 αὑτοῦ
1308 663 1613 733 λεχθείσαις
1641 662 1788 735 παρὰ

214 758 322 810 τῶν
352 757 521 825 ἁγίων
574 759 801 826 φωναῖς,
836 758 931 809 καὶ⁵
980 756 1295 809 πιστεύουσι
1322 756 1403 817 εἰς
1447 754 1608 808 αὐτὸν
1649 756 1784 816 ἐκεῖ,

216 848 350 902 ὅπου
394 848 453 901 αἱ
499 847 608 900 τῶν
658 847 865 901 ὑδάτων
905 846 1101 917 πηγαὶ,
1155 846 1289 897 ὅπου
1335 845 1393 897 τὸ
1429 845 1522 896 ἐπὶ
1569 841 1789 913 Χριστῷ

216 935 577 1006 διδασκόμεθα
601 938 917 1006 μυστήριον.
965 937 1021 988 Ὀ
1060 935 1166 1006 γὰρ
1194 934 1425 1007 Χριστὸς
1455 935 1553 986 οὐκ
1585 934 1643 985 ὲν
1679 935 1791 995 τοῖς

218 1028 353 1096 πρὸς
410 1025 680 1097 Ἰορδάνην
721 1026 952 1095 νάμασιν
990 1021 1080 1095 ἦν·
1132 1024 1268 1077 ἀλλά
1313 1024 1486 1092 πέραν
1530 1038 1651 1075 που·
1696 1021 1792 1074 καὶ

216 1114 386 1168 ἐλθὼν
406 1114 620 1184 ἔμεινεν
658 1117 716 1167 ὲν
742 1116 807 1184 τῇ
842 1114 900 1180 ἐξ
924 1112 1091 1165 ἐθνῶν
1132 1110 1427 1181 Ἐκκλησία
1455 1110 1788 1182 προσμείνας

216 1205 448 1273 παγίως.
481 1206 742 1277 Τιμῶμεν
780 1205 840 1257 δὲ
869 1204 958 1257 τὸν
1000 1203 1275 1272 Ἰωάννην,
1306 1204 1402 1273 οὐχ
1446 1202 1520 1265 ὡς
1559 1203 1786 1273 ἐνεργή-

214 1299 387 1353 σαντά
426 1316 479 1351 τι
519 1296 842 1373 θεοπρεπὲς,
886 1295 999 1349 ἀλλ’
1042 1295 1116 1358 ὡς
1159 1294 1332 1364 ἀληθῆ
1379 1293 1506 1364 περὶ
1550 1292 1787 1363 Χριστοῦ

217 1393 656 1462 μαρτυρήσαντα.
719 1388 793 1440 Ού
852 1387 1011 1456 μόνον
1052 1388 1162 1457 γὰρ
1211 1385 1487 1446 Ἰωάννου,
1528 1384 1664 1438 ἁλλὰ
1696 1385 1789 1438 καὶ

216 1482 417 1544 παντὸς
445 1480 599 1548 ἁγίου
630 1480 659 1532 6
703 1479 935 1548 Χριστὸς
982 1479 1439 1548 θαυμαστότερος·
1472 1477 1522 1529 οἱ
1554 1478 1650 1545 μὲν
1680 1477 1788 1547 γὰρ

218 1571 518 1642 προφῆται,
561 1572 590 1623 6
616 1570 673 1623 δὲ
717 1569 847 1633 Θεὸς
882 1569 1313 1640 θαυματουργός.
1357 1568 1696 1639 Σημειωτέον
1733 1569 1790 1621 δὲ

1896 488 1949 535 et
1967 490 2100 535 tunc
2123 481 2276 535 multi
2309 487 2583 536 venerunt
2609 478 2674 533 ad
2709 493 2863 545 eum,
2894 487 2948 534 et
2974 478 3327 534 crediderunt
3350 494 3475 534 ver-

1898 572 1980 627 bis
2019 572 2086 626 de
2116 586 2181 626 eo
2216 587 2311 641 per
2350 580 2577 627 sanctos
2618 570 2884 639 prolatis,
2921 580 2976 624 et
3017 570 3091 624 ibi
3135 570 3373 625 credunt
3414 572 3471 625 in

1894 678 2019 715 Cllilt
2046 702 2059 723 ,
2105 662 2198 716 ubi
2250 676 2518 730 aquarum
2564 668 2693 715 sunt
2737 660 2955 725 fontes,
2993 661 3085 715 ubi
3128 660 3335 715 Christi
3374 662 3473 715 do-

1895 768 2084 806 cemur
2127 753 2473 823 mysterium.
2515 749 2771 806 Christus
2810 754 2954 807 enim
2996 767 3105 806 non
3144 762 3262 806 erat
3302 751 3365 806 ad
3401 753 3473 806 ri-

1894 857 1990 897 vos
2041 844 2188 898 circa
2239 842 2565 909 Jordanem,
2604 844 2700 898 sed
2741 844 2887 898 ultra
2923 844 3164 909 alicubi,
3199 858 3309 913 quo
3344 858 3471 897 cum

1897 934 2173 999 venisset,
2214 937 2417 989 mansit
2459 934 2512 987 iu
2549 934 2789 1003 gentium
2834 933 3079 988 Ecclesia
3103 975 3118 998 ,
3154 943 3208 989 et
3247 933 3470 988 stabilis

1895 1025 2117 1079 mansit.
2148 1024 2398 1079 Colimus
2429 1039 2562 1077 vero
2588 1021 2859 1078 Joannem
2889 1066 2904 1091 ,
2938 1039 3047 1079 non
3079 1034 3336 1093 tauquam
3369 1022 3472 1076 ali-

1896 1114 2030 1184 quid
2077 1114 2324 1169 divinum
2378 1122 2701 1186 operatum,
2760 1114 2854 1170 sed
2909 1122 3170 1183 tanquam
3227 1128 3355 1167 vera
3402 1112 3471 1167 de

1893 1206 2116 1261 Christo
2158 1212 2445 1261 testatum.
2488 1205 2607 1260 Non
2665 1206 2841 1261 solum
2885 1205 3032 1259 enim
3084 1202 3331 1268 Joanne,
3373 1203 3471 1258 sed

1892 1301 2041 1355 omni
2081 1307 2278 1354 saneto
2317 1297 2577 1353 Christus
2625 1307 2709 1353 est
2740 1297 3122 1353 admirabilior
3154 1315 3167 1351 :
3205 1296 3280 1350 illi
3322 1296 3471 1350 enim

1895 1391 2213 1461 prephetae,
2268 1390 2356 1443 hic
2412 1403 2545 1444 vero
2595 1388 2741 1445 Deus
2781 1389 3049 1443 miracula
3090 1388 3320 1444 faciens.
3356 1386 3471 1443 No-

1892 1479 2118 1534 tandum
2156 1477 2323 1548 676
2363 1491 2560 1547 porro,
2594 1485 2709 1530 tum
2745 1476 2977 1531 Joannis
3001 1515 3016 1540 ,
3054 1483 3168 1530 tum
3212 1477 3470 1546 reliquo-

1895 1587 2015 1624 rum
2061 1569 2457 1640 prephetarum
2514 1569 2683 1623 verba
2736 1568 2952 1622 munire
3007 1565 3151 1621 viam
3199 1566 3265 1621 ad
3310 1566 3467 1622 fidem

152 1691 159 1698 -
216 1662 300 1714 ὅτι
324 1661 439 1723 ὁδός
461 1662 597 1713 εἰσιν
622 1660 671 1712 οί
710 1659 954 1712 Ἰωάννου
994 1659 1086 1711 καὶ
1131 1658 1234 1710 τῶν
1266 1657 1468 1710 λοιπῶν
1498 1657 1791 1728 προφητῶν

1897 1661 2121 1715 Christi.

214 1750 385 1819 λόγοι,
409 1753 488 1814 είς
514 1751 574 1803 τὸ
605 1750 890 1804 πιστεῦσαι
919 1748 1158 1820 Χριστῷ.

282 1839 394 1898 Ἦν
417 1844 485 1896 δέ
506 1861 594 1909 τις
617 1842 893 1898 ἀσθενῶν
928 1840 1206 1909 Λάζαρος,
1242 1840 1337 1894 καὶ⁵
1365 1839 1435 1892 τὰ
1465 1839 1613 1909 ἑξῆς.

300 1933 581 2003 Ἐπίτηδες
611 1933 668 1986 δὲ
696 1934 968 2003 μέμνηται
1006 1930 1116 1984 τῶν
1158 1930 1438 1999 ὀνομάτων
1464 1928 1572 1982 τῶν
1612 1946 1792 1997 γυναι-

214 2023 329 2078 κῶν
365 2028 395 2077 ὁ
419 2024 831 2094 εὐαγγελιστὴς,
867 2024 1079 2085 δεικνὺς
1122 2023 1203 2075 ὅτι
1245 2022 1505 2091 ἐπίσημοι
1550 2017 1691 2092 ἦσαν
1714 2022 1791 2085 ὡς

208 2116 506 2179 θεοσεϐεῖς·
540 2115 618 2168 διὸ
653 2116 747 2168 καὶ
780 2113 970 2183 ἠγάπα
1005 2112 1215 2176 αὐτὰςό
1243 2113 1462 2184 Κύριος.
1489 2108 1704 2166 Πολλῶν
1734 2112 1791 2167 δὲ

214 2206 537 2276 γεγονότων,
567 2207 641 2269 ὡς
664 2206 831 2269 εἰκὸς,
856 2207 934 2268 είς
961 2205 1050 2257 τὸν
1076 2205 1281 2274 Κύριον
1306 2204 1412 2255 ὑπὸ
1432 2204 1529 2273 τῆς
1550 2203 1788 2275 Μαρίας,

216 2298 313 2353 τοῦ
352 2299 521 2370 μύρου
576 2298 844 2369 μέμνηται
880 2297 979 2366 οὐχ
1010 2297 1084 2359 ὡς
1122 2296 1331 2365 ἔτυχεν,
1371 2295 1485 2349 ἀλλ’
1525 2296 1610 2349 ἵνα
1643 2295 1791 2368 δείξῃ

212 2391 301 2443 ὅτι
356 2388 624 2457 τοσαύτην
673 2385 783 2458 εἶχε
836 2387 995 2456 δίψαν
1042 2388 1075 2455 ἠ
1124 2386 1311 2456 Μαρία
1352 2388 1482 2458 περὶ
1517 2387 1608 2439 τὸν
1656 2388 1791 2457 Χρι-

220 2481 368 2541 στὸν,
404 2480 485 2532 ὅτι
542 2479 770 2549 ὲξέμαξε
826 2479 951 2541 τοὺς
1002 2478 1167 2541 πόδας
1222 2478 1388 2531 αὐτοῦ
1436 2481 1558 2543 ταῖς
1634 2478 1791 2539 ίὸίαις

216 2572 386 2642 θριξὶ,
430 2570 667 2641 ζητοῦσα
694 2569 791 2641 τὴν
824 2570 888 2622 ὲκ
918 2570 1015 2639 τῆς
1048 2570 1210 2638 ἁγίας
1258 2570 1461 2640 σαρκὸς
1494 2584 1793 2638 πνευματι-

217 2666 325 2735 κὴν
366 2663 615 2732 εὐλογίαν
642 2662 1038 2732 ἀναμάξασθαι.
1069 2663 1388 2733 Θερμοτέρα
1414 2663 1470 2715 δὲ
1510 2665 1541 2732 ἡ
1580 2662 1787 2733 Μαρία,

212 2757 310 2811 διὰ
332 2756 427 2810 τοῦ
459 2754 837 2825 προσεδρεύειν
857 2755 1280 2825 ἀπερισπάστως
1320 2754 1398 2826 τῷ
1426 2752 1666 2826 Χριστῷ,
1694 2753 1791 2826 τὴν

218 2849 358 2921 πρὸς
394 2846 554 2900 αὑτὸν
590 2845 944 2917 ἐπισπομένη
966 2845 1296 2915 οἰκειότητα.

1960 1835 2053 1901 XI,
2097 1836 2144 1889 Ι.
2186 1834 2319 1889 Erat
2351 1846 2524 1891 autent
2555 1836 2770 1907 quidam
2797 1835 3049 1905 languens
3073 1834 3337 1898 Lazarus,
3358 1842 3464 1890 etc.

1963 1925 2207 1979 Meminit
2239 1941 2301 1978 ex
2344 1924 2599 1995 professo
2636 1924 2974 1993 evangelista
3013 1924 3301 1978 nominum
3343 1939 3468 1977 mtt-

1892 2014 2085 2069 lierum
2110 2056 2124 2080 ,
2156 2014 2463 2071 ostendens
2494 2028 2588 2070 eas
2622 2013 2797 2068 fuisse
2824 2014 3071 2067 illustres
3091 2052 3105 2076 ,
3132 2021 3320 2083 utpote
3347 2015 3469 2083 pias

1890 2117 1944 2161 et
1976 2106 2270 2176 religiosas
2293 2146 2308 2171 ,
2338 2113 2630 2176 prepterea
2662 2113 2718 2160 et
2749 2104 3016 2159 Dominus
3051 2119 3149 2158 eas
3182 2104 3463 2173 diligebat.

1890 2198 2027 2256 Cum
2068 2206 2250 2253 autem
2304 2207 2591 2254 exstarent
2634 2198 2805 2252 multa
2850 2198 2903 2251 in
2943 2197 3231 2251 Dominum
3284 2196 3470 2251 Maria:

1893 2290 2192 2358 promerita
2217 2330 2230 2355 ,
2267 2290 2533 2359 unguenti
2568 2288 2853 2350 meminit,
2895 2304 3001 2341 non
3039 2301 3324 2357 perperam
3364 2301 3469 2342 nec

1892 2383 2040 2436 aliud
2073 2397 2261 2451 agens,
2294 2382 2389 2437 sed
2422 2390 2480 2437 ut
2508 2382 2852 2436 demonstret
2891 2388 3042 2433 tanta
3079 2380 3171 2433 siti
3233 2377 3467 2432 Mariam

1890 2489 2021 2544 erga
2059 2474 2340 2528 Christum
2395 2474 2699 2536 exarsisse,
2744 2480 2803 2526 ut
2853 2471 3020 2542 pedes
3078 2470 3199 2541 ejus
3250 2470 3467 2539 capillis

1891 2566 2252 2628 absterserit,
2296 2566 2528 2633 cupiens
2570 2580 2633 2619 ex
2675 2571 2871 2618 sancto
2911 2570 3147 2633 corpore
3185 2577 3248 2615 ac
3290 2574 3461 2615 carae

1890 2655 2234 2724 Spiritualem
2287 2655 2594 2723 exprimere
2635 2653 3099 2709 benedictionem.
3143 2652 3239 2706 l‘lst
3280 2659 3469 2704 autem

1892 2745 2172 2799 ardentior
2207 2743 2400 2812 Maria,
2439 2752 2499 2798 ut
2534 2760 2654 2816 quae
2673 2754 2935 2815 perpetuo
2967 2745 3192 2799 Christo
3224 2742 3469 2796 adhaere-

1890 2846 2007 2903 ret,
2062 2853 2164 2893 nec
2212 2839 2282 2892 ab
2318 2852 2384 2892 eo
2438 2853 2498 2892 se
2550 2838 2708 2891 avelli
2760 2844 3061 2906 pateretur,
3115 2842 3279 2902 atque
3330 2831 3468 2887 adeo

1892 2944 2145 2998 magnam
2182 2944 2306 2983 cum
2346 2930 2446 2983 illo
2482 2927 2607 2982 inde
2643 2928 3016 2981 contraxisset
3051 2925 3395 2977 alliuitatcm.

302 3022 749 3077 Ἀποστέλλουσιν
793 3022 847 3075 αί
897 3022 1151 3089 γυναῖκες
1188 3020 1322 3090 πρὸς
1348 3019 1438 3072 τὸν
1463 3020 1665 3090 Κύριον
1705 3020 1792 3077 ἀεὶ

1965 3020 2188 3074 Mittunt
2231 3020 2300 3074 ad
2347 3018 2640 3073 Dominum
2689 3019 2986 3077 mulieres,
3035 3031 3195 3085 quem
3244 3014 3469 3084 quidem

222 3114 326 3185 μὲν
372 3113 623 3167 θέλουσαι
668 3113 831 3167 αὐτὸν
885 3112 1030 3183 ἔχειν
1068 3111 1289 3182 πλησίον
1324 3111 1552 3174 ἑαυτῶν,
1591 3112 1709 3164 τότε
1734 3111 1790 3165 δὲ

219 3204 593 3275 εύπροσώπως
626 3204 785 3257 τοῦτο
835 3203 924 3256 διὰ
970 3203 1061 3255 τὸν
1104 3202 1488 3275 ἀρρωστοῦντα
1521 3202 1788 3255 ποιοῦσαι.

235 3295 549 3347 Ἐπίστευον
568 3294 696 3364 γὰρ,
719 3293 792 3357 ὡς
816 3296 865 3346 εί
888 3294 1080 3363 φανείη
1107 3294 1264 3363 μόνον
1284 3293 1313 3344 6
1340 3293 1590 3364 Χριστὸς,
1617 3292 1793 3346 ἁπαλ-

222 3383 418 3452 λαγείη
454 3384 551 3453 τῆς
593 3384 747 3436 νόσου
794 3384 825 3435 ὁ
871 3383 1139 3451 κείμενος.
1185 3382 1688 3451 Ύπομιμνήσκουσι
1737 3381 1793 3434 δὲ

222 3473 324 3542 τῆς
369 3473 591 3541 ἀγάπης
630 3468 698 3545 ἧς
746 3469 859 3542 εἶχε
923 3472 1059 3543 πρὸς
1091 3473 1182 3526 τὸν
1221 3472 1498 3536 νοσοῦντα,
1542 3473 1795 3526 ἕλκουσαι

223 3564 388 3618 αὑτὸν
435 3564 523 3617 διὰ
573 3564 761 3616 τούτου
815 3566 948 3617 ἐκεῖ·
999 3564 1216 3634 ᾔδεισαν
1261 3564 1369 3633 γάρ
1399 3564 1481 3616 ὅτι
1516 3564 1795 3632 ἐφρόντιζε

222 3655 439 3710 τούτου.
472 3658 582 3708 Καὶ
606 3656 837 3725 ἠδύνατο
879 3656 978 3726 μὲν
1019 3658 1112 3710 καὶ
1156 3655 1308 3708 ἀπὼν
1329 3656 1402 3718 ὡς
1433 3656 1563 3719 Θεὸς
1592 3657 1684 3709 καί
1729 3655 1797 3708 τὰ

223 3748 406 3803 πάντα
450 3750 745 3819 περιέπων,
778 3749 1110 3820 θεραπεῦσαι
1157 3749 1338 3801 αὐτόν’
1365 3749 1514 3819 ὅμως
1550 3748 1796 3818 ἐνόμιζον

221 3840 306 3893 ὅτι
335 3841 386 3892 εἱ
421 3840 621 3910 παρῆν,
650 3842 806 3912 χεῖρα
835 3839 899 3895 ἂν
936 3840 1148 3911 ὀρέξας,
1184 3840 1403 3911 ἡγειρεν
1442 3839 1622 3893 αὐτόν.
1666 3843 1797 3891 Δυσ-

224 3931 455 4002 φοροῦσι
504 3932 580 3991 δὲ.
608 3931 683 3994 ὡς
735 3930 904 3995 εἰκὸς,
946 3932 1128 4000 οἴομαι
1166 3929 1223 3982 δὲ
1267 3929 1404 3999 μηδὲ
1449 3930 1796 4000 ἀῤῥωστῆσαι

224 4023 362 4086 ὅλως
388 4021 481 4075 τὸν
514 4022 781 4088 Λάζαρον,
816 4024 866 4074 εί
899 4022 973 4093 μὴ
1006 4022 1278 4092 ἠμέλησεν
1303 4019 1466 4073 αὑτοῦ
1495 4022 1522 4072 ό
1542 4018 1793 4089 Χριστός·

225 4111 413 4164 Πάντα
451 4111 579 4181 γάρ,
613 4112 792 4178 φασὶν,
836 4111 1066 4180 ἐχόντων
1100 4111 1168 4163 τὰ
1201 4109 1379 4178 ἀγαθὰ
1429 4107 1537 4162 τῶν
1576 4109 1799 4176 ἀγαπω-

230 4204 407 4272 μένων
435 4202 587 4272 παρὰ
629 4201 783 4265 Θεοῦ,
807 4202 895 4254 διὰ
945 4202 1105 4254 ποίαν
1131 4201 1310 4254 αἰτίαν
1344 4200 1504 4262 αὐτὸς
1525 4200 1582 4252 ὃν
1605 4198 1801 4267 φιλεῖς,

226 4295 476 4358 ἀσθενεῖ;
528 4295 596 4346 Ἢ
629 4296 724 4347 καὶ
775 4294 932 4347 τοῦτό
977 4309 1128 4362 φασιο
1163 4292 1387 4362 Μεγάλη
1416 4292 1513 4361 τῆς
1558 4292 1712 4344 νόσου
1759 4293 1793 4362 ή

1895 3128 2110 3183 semper
2139 3111 2246 3167 sibi
2279 3111 2594 3182 proximum
2624 3110 2831 3164 habere
2858 3108 3191 3178 cupiebant,
3225 3104 3321 3160 sed
3354 3114 3469 3159 tum

1895 3206 2133 3259 maxime
2164 3220 2272 3259 non
2310 3206 2426 3259 siue
2464 3210 2732 3273 praetextu
2766 3201 3000 3255 honesto
3031 3208 3256 3269 propter
3289 3212 3470 3267 agro-

1895 3303 2125 3351 tautem.
2194 3295 2508 3350 Credebant
2566 3295 2712 3348 enim
2770 3292 2861 3346 ubi
2919 3290 3088 3345 semel
3137 3296 3470 3358 conspectus

1896 3395 2043 3441 esset
2072 3386 2327 3441 Christus
2348 3428 2363 3453 ,
2410 3402 2534 3440 eum
2567 3385 2658 3453 qui
2684 3385 2903 3453 jacebat
2947 3383 3140 3436 morbo
3169 3383 3469 3435 liberatum

1898 3478 2004 3530 iri:
2037 3485 2090 3532 et
2130 3478 2185 3530 in
2222 3477 2545 3531 memoriam
2584 3476 2631 3529 ei
2672 3483 2938 3529 revocant
2977 3472 3324 3528 dilectionem
3362 3486 3470 3540 qua

1895 3584 2100 3638 aegrum
2147 3577 2473 3637 prosecutus
2518 3575 2699 3633 esset,
2748 3583 2873 3621 eum
2931 3567 3032 3620 huc
3079 3565 3242 3620 modo
3294 3565 3360 3618 ad
3410 3579 3471 3618 se

1897 3661 2217 3723 trahentes,
2280 3659 2424 3714 haud
2485 3660 2675 3728 utique
2730 3659 2938 3727 ignarae
2996 3657 3076 3710 illi
3141 3668 3471 3725 niagnOperc

1897 3767 2045 3808 curm
2071 3766 2192 3807 esse
2224 3751 2463 3806 hominis
2500 3750 2961 3806 incolumitatem.
3000 3750 3064 3801 Et
3097 3756 3311 3815 poterat
3343 3746 3469 3814 qui-

1898 3844 2021 3900 dem
2056 3844 2186 3898 licet
2219 3843 2422 3899 absens
2450 3853 2718 3913 tanquam
2765 3841 2908 3896 Deus
2944 3848 3000 3894 et
3038 3839 3223 3893 omnia
3267 3839 3470 3907 guber-

1898 3948 2039 3987 nans
2064 3947 2189 3987 eum
2238 3947 2469 3998 curare;
2504 3942 2684 3987 tamen
2727 3929 3117 3985 existimabant
3160 3928 3203 3981 si
3249 3926 3470 3980 adesset

1899 4034 2155 4095 porrecta
2185 4039 2352 4079 manu
2382 4040 2505 4081 eum
2544 4024 2706 4079 facile
2734 4023 3122 4097 excitaturum.
3152 4020 3333 4085 Quare
3356 4034 3470 4073 non

1900 4116 2176 4171 immerito
2201 4116 2344 4170 hanc
2367 4115 2674 4170 absentiam
2702 4129 2847 4184 aegre
2873 4113 3090 4167 ferunt:
3115 4111 3280 4165 credo
3302 4108 3467 4164 etiam

1900 4224 2005 4263 nec
2045 4208 2274 4264 omnino
2316 4215 2715 4278 mgrotaturum
2768 4205 2942 4259 fuisse
2991 4201 3302 4266 Lazarum,
3356 4200 3470 4255 nisi

1900 4314 2025 4354 eum
2078 4300 2225 4354 velut
2277 4298 2546 4354 oblivioni
2603 4296 2927 4351 tradidisset
2982 4292 3293 4347 Christus:
3341 4305 3468 4345 cum

227 4385 527 4456 θρασύτης,
552 4386 631 4438 ὃτι
660 4382 1062 4455 κατετόλμησεν
1089 4384 1371 4438 ἐπιθέσθαι
1395 4386 1508 4447 τοῖς
1528 4384 1630 4437 ὑπὸ
1659 4384 1792 4438 Θεοῦ

1901 4392 2048 4445 enim
2103 4391 2200 4461 qui
2235 4391 2545 4461 diliguntur
2578 4404 2607 4441 a
2645 4388 2752 4441 Deo
2781 4386 2933 4440 nullo
2967 4400 3075 4439 nou
3110 4397 3306 4455 genere
3338 4382 3469 4435 boni

224 4476 631 4544 ἁγαπωμένοις.
655 4475 806 4544 Τάχα
836 4474 890 4525 δὲ
920 4475 1014 4526 καὶ
1033 4473 1269 4526 τοιοῦτόν
1288 4491 1337 4525 τι
1358 4473 1571 4527 δοκοῦσι
1594 4473 1788 4542 λέγειν.

1901 4480 2182 4544 fruantur,
2212 4495 2375 4550 quam
2412 4480 2483 4534 ob
2517 4493 2741 4532 causam
2779 4478 2872 4531 ille
2905 4490 3069 4546 quem
3108 4488 3263 4528 amas
3295 4486 3471 4542 aegro-

234 4568 459 4637 Ἐπειδὴ
515 4568 608 4620 καὶ
649 4568 774 4629 τοὺς
792 4566 1017 4635 ἐχθροὺς
1048 4568 1266 4636 ἀγαπᾷς
1313 4567 1407 4618 καὶ
1447 4568 1789 4638 θεραπεύεις,

1899 4580 1979 4625 tat
2003 4564 2050 4622 ?'
2075 4570 2168 4625 Vel
2201 4572 2303 4625 hoc
2334 4571 2499 4624 etiam
2530 4570 2722 4624 dicunt
2752 4587 2764 4622 :
2819 4582 3015 4635 magna
3073 4565 3261 4634 utique
3290 4563 3466 4618 morbi

224 4656 407 4726 πολλῴ
424 4656 621 4726 μᾶλλον
642 4657 934 4727 χρεωστείς
957 4656 1035 4718 είς
1056 4654 1182 4716 τοὺς
1204 4654 1529 4721 ἀγαπῶντάς
1561 4673 1620 4709 σε
1642 4657 1792 4713 τοῦτο

1897 4672 1980 4718 est
2014 4661 2244 4715 audacia
2267 4702 2282 4726 ,
2318 4662 2410 4730 qui
2444 4661 2606 4715 etiam
2642 4675 2739 4714 eos
2768 4674 2912 4729 quos
2946 4657 3088 4711 Deus
3121 4664 3266 4710 autat
3308 4656 3466 4707 iuva-

221 4748 577 4811 ἐνδείξασθαι.
610 4747 848 4800 Δύνασαι
885 4746 994 4817 γὰρ
1020 4746 1078 4799 ὲν
1111 4745 1253 4815 μόνῳ
1292 4745 1370 4814 τῷ
1404 4746 1576 4799 θέλειν
1622 4750 1792 4805 πάντα

1897 4753 2050 4808 serit.
2092 4752 2263 4806 Forte
2293 4766 2424 4806 vero
2451 4759 2505 4804 et
2540 4750 2647 4804 tale
2677 4749 2940 4818 quiddam
2968 4748 3153 4801 dicere
3175 4745 3463 4797 videntur:
3560 4780 3578 4799 κ

221 4842 467 4909 ποιῆσαι.
519 4837 760 4900 Πίστεως
801 4832 894 4891 οὖν
929 4839 957 4890 6
997 4836 1153 4904 λόγος
1192 4835 1386 4905 μεστὸς
1427 4837 1524 4891 καὶ
1569 4842 1669 4910 τῆς
1714 4842 1792 4905 είς

1897 4841 2356 4912 Quandoquidem
2389 4843 2573 4897 hostes
2605 4839 2790 4909 diligis
2817 4847 2872 4893 et
2900 4852 3066 4892 curas
3094 4877 3109 4897 ,
3141 4834 3314 4888 multo
3346 4847 3468 4885 ma-

217 4930 456 5001 Χριστὸν
482 4929 833 5000 γνησιότητος
862 4927 1150 4992 ἀπόδειξις.
1738 5002 1743 5005 _

1902 4936 1984 5004 gis
2015 4918 2184 4990 debes
2223 4936 2275 4988 iu
2306 4949 2402 4989 eos
2431 4935 2525 5003 qui
2560 4940 2611 4987 te
2642 4938 2829 4986 amant
2850 4931 2955 4984 hoc
2978 4926 3305 4982 beneficium
3328 4939 3464 4978 con-

219 5022 387 5080 ferre.
427 5023 590 5078 Potes
630 5021 903 5092 siquidem
935 5023 1049 5077 sola
1084 5020 1365 5076 voluntate
1395 5021 1579 5076 omnia
1612 5022 1815 5082 facere.
1861 5027 2004 5099 Ergo
2049 5030 2210 5099 plena
2239 5036 2325 5083 est
2360 5027 2484 5082 fidei
2532 5026 2647 5081 haec
2687 5026 2868 5079 oratio
2891 5063 2905 5087 ,
2942 5031 2996 5076 et
3044 5017 3265 5089 iugeuui
3334 5029 3465 5085 erga

221 5114 390 5171 Deum
422 5114 653 5169 aﬂ'eetus
682 5114 1101 5170 demonstratio.
2799 5106 2815 5117 ‘

288 5207 453 5272 Αὕτη
492 5205 532 5272 ἠ
567 5202 852 5259 ἀσθένεια
902 5204 1012 5257 οὐκ
1041 5202 1176 5256 ἐστι
1223 5202 1373 5270 πρὸς
1401 5201 1679 5271 θάνατον,
1696 5205 1787 5259 καὶ

214 5298 283 5351 τὰ
312 5298 459 5351 ἑΞῆς.

312 5314 459 5360 ε’τες.

286 5337 449 5456 Δέγει
477 5385 578 5456 μέν
600 5402 682 5438 τοι
709 5384 884 5439 ταῦτα
910 5386 939 5437 ό
977 5383 1197 5455 Κύριος,
1221 5385 1319 5455 οὐχ
1344 5386 1432 5439 ἵνα
1459 5386 1786 5452 ἀπελθόντες

214 5482 265 5535 οἱ
304 5478 588 5550 ἄνθρωποι
622 5475 999 5546 ἀπαγγείλωσι
1042 5479 1162 5539 ταῖς
1201 5477 1468 5546 ,ἀδελφαῖς
1523 5477 1618 5530 τοῦ
1673 5481 1785 5533 Δα-

214 5568 400 5638 (ἀρουο
430 5569 548 5623 ἀλλ’
580 5568 656 5631 ὡς
680 5566 810 5629 Θεὸς
853 5566 1131 5636 προλέγων
1157 5566 1216 5618 τὸ
1240 5567 1514 5637 ἐσόμενον,
1545 5569 1625 5622 ὅτι
1655 5569 1789 5639 πρὸς

213 5662 363 5725 δόξαν
395 5657 537 5715 Θεοῦ
583 5657 726 5730 ἑώρα
752 5658 810 5711 τὸ
837 5657 931 5711 τοῦ
976 5657 1297 5728 πράγματος
1335 5660 1693 5725 ἀποτέλεσμα,
1725 5663 1785 5714 ού
1830 5706 1837 5712 .

1964 5202 2058 5272 XI,
2082 5205 2136 5259 4.
2178 5203 2305 5258 11αέ
2329 5204 2618 5273 inﬁrmitas
2648 5218 2753 5258 non
2785 5209 2862 5255 est
2894 5197 2963 5252 ad
2997 5205 3233 5259 manem,
3264 5201 3372 5250 etc.

1963 5382 2088 5438 Haec
2122 5382 2341 5454 quidem
2372 5383 2509 5438 dicit
2542 5382 2804 5438 Dominus
2828 5419 2843 5445 ,
2870 5393 2983 5433 non
3014 5384 3072 5431 ut
3105 5374 3199 5447 qui
3231 5373 3464 5430 aderant

1892 5476 2155 5531 abeuntes
2203 5475 2588 5530 renuntiarent
2623 5471 2910 5528 sororibus
2943 5468 3138 5524 Lazari
3160 5507 3175 5533 ,
3210 5466 3305 5522 sed
3340 5474 3464 5519 tan-

1895 5584 2060 5638 quam
2096 5566 2239 5623 Deus
2270 5567 2519 5621 futurum
2567 5564 2908 5637 praedicens,
2959 5560 3225 5634 quoniam
3258 5557 3339 5614 rei
3368 5571 3463 5611 ex-

1895 5660 2031 5715 itum
2065 5659 2129 5713 ad
2166 5659 2397 5726 gloriam
2442 5656 2537 5713 Dei
2566 5657 2841 5728 pertinere
2873 5655 3123 5718 videbat,
3159 5665 3269 5707 non
3313 5647 3461 5718 quod
