4010 6320
512 293 583 351 39
1492 285 1551 341 S.
1586 282 1863 342 CYRILLI
1904 282 2070 338 ΑΙ,Εὲ

2170 280 2378 338 iDRINl
2408 282 2726 340 ARCIIIEP.
3673 283 3744 343 60

510 405 632 462 ideo
666 401 892 457 morbus
939 399 1233 456 accidisset
1279 404 1337 453 ut
1385 398 1811 468 gloriﬁcaretnr,
1856 398 2070 452 stultun

2192 397 2278 451 διὰ
2311 396 2469 451 τοῦτο
2499 399 2782 470 συμϐάσης
2813 398 2909 470 τῆς
2940 398 3115 464 νόσου,
3141 399 3226 452 ἵνα
3257 397 3515 470 δοξασθῇ’
3560 395 3755 472 εὔηθες

509 497 657 552 enim
699 494 806 548 hoc
841 494 1024 548 dicere
1053 511 1068 557 ;
1137 491 1230 546 sed
1265 491 1706 560 quandoquidem
1739 490 2077 560 contigerat,

509 588 674 642 etiam
728 584 794 637 ad
849 582 1229 638 admirabilem
1273 582 1432 635 ﬁnem
1481 582 1784 650 spectabat.
1830 580 2080 649 Seipsum

509 692 640 731 vero
670 676 830 746 677
861 677 936 728 ait
965 682 1162 728 natura
1196 673 1400 740 Deum,
1436 674 1640 743 quippe
1669 674 1726 726 in
1762 672 1937 742 ipsius
1968 674 2082 742 glo-

513 769 647 822 riam
682 766 887 819 factum
918 773 1001 819 est
1031 763 1176 833 quod
1213 762 1412 817 factum
1446 772 1553 817 est.
1583 763 1908 817 Prolocutus
1935 764 2079 818 enim

509 859 651 928 quod
691 857 804 911 haec
841 854 1138 911 infirmitas
1168 855 1234 909 ad
1270 855 1503 923 gloriam
1535 854 1629 910 Dei
1665 854 2075 924 esset,adjecit,

517 969 535 999 ι
566 951 638 1004 Ut
668 948 1065 1018 glorificaretur
1095 945 1189 1001 Dei
1237 944 1412 1001 Filius
1444 946 1497 999 in
1527 961 1612 1011 ea,
1644 965 1663 998 ›
1692 946 1760 1002 de
1790 948 1972 1017 seipso
2002 947 2080 1000 lo-

507 1057 704 1110 quens.
743 1038 889 1093 Nihil
925 1045 1106 1094 autem
1151 1039 1352 1093 mirum
1396 1039 1543 1108 quod
1581 1039 1780 1093 dixerit
1813 1053 1923 1093 non
1955 1053 2081 1093 esse

509 1132 574 1186 ad
607 1140 835 1186 mortem
864 1131 1236 1185 infirmitatem
1264 1129 1454 1185 Lazari
1479 1175 1495 1197 ,
1526 1139 1579 1185 et
1605 1141 1786 1187 tamen
1819 1147 1968 1187 mors
1998 1146 2081 1185 ac-

508 1221 708 1276 ciderit
733 1237 747 1273 :
783 1221 848 1275 ad
878 1221 954 1275 rei
983 1220 1126 1275 enim
1155 1220 1363 1273 exitum
1398 1222 1789 1291 respicientes,
1821 1221 2079 1291 quodque

508 1312 675 1382 paulo
714 1323 839 1383 post
880 1319 998 1365 erat
1044 1322 1497 1378 resurrecturus,
1548 1327 1658 1366 non
1711 1313 1850 1382 quid
1898 1314 2078 1367 medio

507 1410 751 1471 tempore
782 1402 1081 1471 contigerit
1114 1412 1432 1472 spectamus
1455 1443 1469 1467 ,
1501 1404 1593 1458 sed
1635 1404 1687 1457 in
1720 1420 1879 1473 quem
1913 1404 2074 1458 linem

507 1506 597 1544 res
631 1498 739 1543 tota
773 1491 1047 1544 reciderit.
1076 1489 1264 1546 Voluit
1292 1492 1439 1546 enim
1471 1491 1737 1546 Dominus
1764 1500 1823 1546 ut
1851 1503 1903 1547 et
1935 1508 2076 1562 :eger

505 1589 758 1645 mortem,
794 1587 846 1633 et
880 1582 1023 1649 quod
1057 1582 1183 1635 inde
1203 1592 1448 1636 secutum
1480 1591 1588 1647 est,
1615 1584 1669 1637 in
1696 1583 1786 1638 Dei
1809 1585 2036 1653 gloriam
2057 1623 2071 1647 ,

507 1667 611 1723 hoc
633 1670 816 1723 cstsui
853 1670 1050 1737 ipsius,
1088 1671 1421 1725 ostenderet.

575 1758 666 1823 XI,
701 1759 754 1812 5.
798 1759 1052 1829 Diligebat
1088 1778 1205 1814 vero
1226 1743 1402 1825 Jesus,
1439 1770 1544 1817 etc.

577 1846 840 1918 Exposita
874 1850 1164 1903 mulierum
1199 1850 1435 1913 virtute,
1468 1853 1802 1922 evangelista
1833 1870 1928 1909 eas
1955 1870 2074 1910 me-

503 1935 616 1992 iito
656 1938 731 1991 ait
759 1952 787 1991 a
818 1937 1111 1996 Servatore
1146 1941 1378 1995 dilectas
1427 1958 1440 1994 :
1482 1956 1586 1996 nec
1614 1943 1811 1997 mirum
1844 1945 1889 1999 si
1924 1961 2095 2023 mors”

503 2032 558 2080 et
589 2028 819 2084 morbus
848 2030 894 2083 ei
928 2045 1090 2099 quem
1124 2030 1269 2086 Deus
1300 2030 1564 2101 diligebat
1595 2035 1878 2089 acciderit.
1912 2037 2075 2090 Com-

503 2120 691 2171 munia
721 2119 868 2173 enim
915 2121 1159 2175 omnium
1211 2137 1330 2191 qum
1369 2138 1432 2177 ex
1478 2125 1795 2181 inﬁrmitate
1833 2130 2076 2185 naturali

503 2211 870 2278 proveniunt,
902 2214 1118 2267 tametsi
1152 2214 1509 2284 diligentibus
1561 2216 1728 2273 Deum
1772 2223 2073 2289 peculiaris

500 2313 565 2354 ea
606 2302 781 2370 gratia
826 2302 950 2356 data
995 2312 1114 2370 est,
1166 2315 1225 2360 ut
1269 2321 1377 2360 non
1429 2308 1616 2379 iniquo
1664 2312 1848 2367 animo
1892 2313 2072 2369 ferant

500 2406 796 2447 aerumnas.

570 2484 662 2549 ΧΙ,
697 2489 749 2540 6.
783 2484 985 2541 Hausit
1014 2487 1068 2543 in
1100 2490 1277 2546 eodem
1309 2492 1424 2548 loco
1455 2493 1656 2553 duobus
1689 2495 1892 2550 diebus.

571 2575 795 2631 Distulit
839 2594 999 2633 suum
1046 2581 1336 2636 adventum
1359 2624 1373 2648 ,
1410 2592 1472 2639 ut
1500 2601 1606 2639 non
1641 2602 1762 2640 eum
1797 2593 2070 2657 aegrotan-

503 2679 608 2724 tem
640 2677 895 2734 curaret,
919 2671 1036 2735 sed,
1057 2674 1198 2741 quod
1225 2674 1449 2743 majoris
1477 2685 1560 2730 est
1589 2679 1895 2746 potestatis,
1920 2694 2067 2733 mor-

501 2768 653 2813 tuum
684 2760 1017 2824 suscitaret,
1067 2772 1125 2816 ut
1156 2765 1331 2819 multo
1373 2767 1609 2836 amplius
1644 2768 2065 2838 gloriﬁcaretur.

499 2847 690 2904 Merito
720 2865 851 2904 vero
894 2852 1166 2921 quispiam
1217 2854 1423 2909 dixerit
1477 2857 1701 2911 Mariam
1757 2860 2065 2928 symbolum

497 2953 622 2992 esse
677 2940 960 3008 gentium,
1018 2941 1281 2995 Martham
1341 2952 1521 2997 autem
1573 2945 2064 3009 circumcisorum,

498 3028 722 3083 fratrem
755 3044 886 3082 vero
914 3044 1102 3083 earum
1139 3046 1168 3084 a
1200 3034 1437 3089 mortuis
1468 3034 1796 3089 suscitatum
1828 3049 1951 3089 eum
1984 3036 2068 3090 in-
2092 3062 2137 3123 ο

498 3133 671 3172 nuere
699 3119 790 3188 qui
822 3119 896 3173 ob
924 3120 1106 3190 aliqua
1142 3131 1369 3190 peccata
1398 3123 1466 3177 ad
1512 3124 1718 3179 inferos
1766 3124 2067 3181 descende-

500 3210 605 3274 rit,
632 3210 789 3276 juxta
818 3210 951 3264 illud
977 3230 990 3265 :
1020 3230 1038 3262 ι
1072 3212 1405 3269 Avertantur
1438 3225 1753 3284 peccatores
1794 3216 1848 3271 in
1893 3216 2066 3271 infer-

499 3316 632 3355 num
662 3300 726 3355 “.
764 3320 782 3352 ι
810 3301 921 3356 Nec
951 3303 1087 3357 citra
1120 3304 1388 3360 rationem
1422 3322 1489 3360 ex
1541 3308 1732 3362 ordine
1778 3308 1909 3377 legis
1956 3309 2067 3362 Ilo-

500 3393 663 3446 saicaa
695 3393 902 3446 dictum
944 3394 1018 3446 ait
1046 3394 1270 3449 Martha:
1299 3415 1312 3451 :
1345 3416 1363 3447 ‹
1394 3396 1628 3462 Martha,
1665 3398 1897 3463 Martha,
1923 3401 2065 3453 solli-

499 3482 605 3535 cita
636 3497 696 3537 es
726 3492 780 3537 et
813 3484 1056 3539 turbaris
1088 3500 1213 3555 erga
1258 3487 1515 3556 plurima.
1546 3488 1725 3543 Unum
1773 3505 1934 3558 porro
1981 3502 2066 3546 est

500 3573 876 3627 necessarium
902 3613 917 3637 ,
954 3593 972 3626 ι
1004 3576 1106 3629 hoc
1141 3583 1255 3641 est,
1291 3591 1465 3645 pauca
1494 3595 1508 3643 ;
1551 3579 1614 3631 ad
1649 3579 1881 3633 salutem
1918 3582 2062 3634 enim

498 3676 609 3713 non
658 3663 846 3717 multis
896 3665 1183 3731 praeceptis
1231 3680 1370 3735 epus
1413 3666 1570 3732 juxta
1628 3667 1766 3737 legis
1814 3671 2065 3737 praescri-

500 3759 688 3819 ptum,
725 3753 816 3806 sed
854 3755 1041 3822 paucis
1073 3756 1252 3824 iisque
1281 3755 1350 3811 de
1378 3757 1649 3812 charitate
1678 3773 1741 3814 ac
1772 3758 2066 3816 dilectione

500 3840 645 3894 datis
666 3880 679 3899 ,
713 3841 764 3893 in
792 3843 993 3909 quibus
1026 3845 1207 3915 posita
1239 3854 1322 3900 est
1353 3847 1533 3900 omnis
1565 3846 1649 3900 lex
1680 3856 1733 3901 et
1762 3851 2061 3920 prophetae.

569 3928 659 3993 XI,
692 3932 740 3982 7.
778 3931 978 3986 Eamus
1001 3935 1054 3986 in
1085 3934 1333 3988 Juda’am
1365 3953 1570 3991 rursus.

570 4022 673 4075 Per
712 4023 853 4077 istud
907 4025 1057 4092 quod
1105 4026 1320 4080 locutus
1366 4040 1448 4081 est
1484 4030 1777 4096 Dominus,
1813 4052 1830 4084 ι
1860 4032 2064 4090 Eamus

497 4130 695 4168 rursus
717 4153 730 4177 ,
764 4134 781 4166 ι
810 4116 1021 4170 videtur
1055 4117 1161 4172 hoc
1190 4118 1412 4174 dicere:
1453 4122 1570 4176 Etsi
1601 4124 1808 4196 indigni
1832 4128 1941 4182 sint
1983 4128 2061 4181 illi

498 4203 794 4267 beneﬁcio,
829 4212 1008 4259 tamen
1043 4207 1173 4276 quia
1206 4216 1367 4263 vocat
1398 4212 1620 4267 occasio
1652 4229 1774 4283 qua:
1806 4215 1914 4270 illis
1956 4217 2064 4270 uti-

498 4292 706 4347 lilatem
740 4294 1018 4362 importet,
1053 4296 1344 4354 redeamus
1394 4299 1461 4353 ad
1515 4302 1661 4358 illos.
1706 4305 1774 4358 At
1805 4306 2060 4375 discipuli

2185 485 2468 557 γάρτοῦτο
2503 490 2698 542 εἰπεῖν·
2747 489 2860 542 ἀλλ’
2898 490 3132 560 ἐπείπερ
3162 489 3361 560 συνέϐη
3396 492 3489 544 καὶ
3518 491 3599 554 είς
3623 492 3756 544 θαυ-

2186 577 2391 645 μαστὸν
2426 577 2572 648 ἑώρα
2606 578 2779 642 τέλος.
2797 579 3016 632 Ἑαυτὸν
3044 580 3100 633 δέ
3130 598 3262 650 φησι
3295 580 3386 633 τὸν
3409 580 3566 651 φύσει
3598 582 3749 634 Θεόνο

2181 666 2344 720 αὐτοῦ
2376 668 2482 740 γὰρ
2510 671 2590 733 εἱς
2623 669 2780 736 δόξαν
2821 670 3026 738 γέγονε.
3053 674 3115 723 τὸ
3144 672 3382 740 γεγονός.
3416 671 3603 725 Εἰπὼν
3641 673 3752 741 γὰρ

2182 757 2265 810 ὅτι
2313 758 2453 827 ὑπὲρ
2491 758 2592 827 τῆς
2615 758 2771 828 δόξης
2815 759 2909 812 τοῦ
2962 759 3099 813 Θεοῦ
3138 761 3358 829 γέγονεν
3398 765 3431 832 ἡ
3475 761 3746 820 ἀσθένεια,

2180 848 2483 919 ἐπήγαγεν,
2533 850 2647 904 Ἵνα
2673 851 2903 922 δοξασθῇ
2940 854 2969 905 6
2993 852 3122 914 Υἱὸς
3167 851 3260 905 τοῦ
3315 851 3449 904 Θεοῦ
3494 853 3552 904 ἐν
3585 852 3746 922 αὐτῇ,

2182 941 2312 1009 περὶ
2359 940 2549 994 ἑαυτοῦ
2597 942 2789 1010 λέγων.
2830 944 2973 996 Είδὲ
3007 944 3166 1007 αὐτὸς
3211 944 3308 1015 μὲν
3336 941 3457 999 εἷπε
3506 943 3579 1015 μὴ
3608 938 3748 998 εἶναι

2180 1030 2316 1100 πρὸς
2363 1030 2593 1085 θάνατον
2634 1033 2734 1099 τὴν
2777 1032 2873 1086 τοῦ
2925 1035 3173 1104 Λαζάρου
3228 1032 3556 1105 ἀρρωστίαν,
3612 1050 3748 1103 συμ-

2179 1117 2377 1189 ϐέϐηκε
2405 1120 2462 1174 δὲ
2490 1122 2518 1172 6
2561 1121 2804 1186 θάνατος,
2843 1122 2994 1177 οὐδὲν
3029 1123 3355 1193 θαυμαστόνο
3390 1123 3526 1193 πρὸς
3550 1126 3659 1193 γὰρ
3685 1122 3747 1175 τὸ

2179 1210 2352 1281 πέρας
2397 1212 2632 1281 ὁρῶντες
2684 1212 2775 1266 τοῦ
2805 1212 3149 1284 πράγματος,
3180 1214 3275 1268 καὶ
3294 1216 3376 1268 ὅτι
3408 1213 3598 1284 ἔμελλε
3628 1215 3746 1284 μετ’

2176 1299 2355 1367 ὀλίγον
2379 1302 2696 1369 ἀναστῆναιο
2738 1302 2856 1371 οὐχὶ
2885 1303 2936 1356 τί
2966 1303 3310 1374 συμϐέϐηκεν
3335 1306 3394 1358 ὲν
3424 1303 3501 1374 τῷ
3539 1300 3744 1371 μεταξὺ

2178 1390 2507 1460 σκοποῦμεν,
2544 1392 2661 1444 ἀλλ’
2694 1394 2772 1456 είς
2806 1396 2957 1445 ποῖον
2987 1393 3152 1462 ἀνέϐη
3179 1394 3240 1446 τὸ
3277 1394 3467 1464 πέρας.
3519 1394 3744 1463 Ἐκρινε

2175 1479 2281 1550 γὰρ
2348 1482 2377 1532 6
2432 1480 2634 1550 Κύριος
2696 1481 3023 1536 ἀσθενοῦντα
3103 1483 3270 1548 δεῖξαι
3333 1484 3423 1537 τὸν
3493 1482 3742 1547 θάνατον,

2175 1571 2271 1625 καὶ
2293 1571 2353 1623 τὸ
2380 1571 2626 1641 συμϐὰν,
2675 1575 2755 1637 εἰς
2800 1573 2957 1638 δόξαν
3001 1573 3135 1629 Θεοῦ
3193 1575 3379 1643 δείξαι,
3411 1574 3555 1628 τοῦτ’
3598 1574 3744 1628 ἐστιν

2175 1661 2388 1717 ἑαυτοῦ.
2810 1674 2815 1679 '

2106 1729 2147 1783 Β
2257 1754 2479 1823 Ἠγάπα
2506 1755 2574 1808 δὲ
2600 1758 2633 1809 ό
2660 1757 2917 1823 Ἰησοῦς,
2953 1758 3045 1811 καὶ
3073 1757 3141 1810 τὰ
3170 1757 3314 1827 ἑξῆς.

2246 1843 2562 1918 Καταλέξας
2603 1846 2659 1899 δὲ
2690 1848 2718 1899 6
2749 1848 3135 1919 εὐαγγελιστὴς
3171 1849 3268 1918 τὴν
3306 1848 3415 1901 τῶν
3468 1844 3740 1916 γυναικῶν

2174 1934 2393 2003 ἀρετὴν,
2419 1935 2641 1999 εἰκότως
2667 1936 2833 2001 αὐτὰς
2859 1938 3174 2004 ἀγαπᾶσθαι
3201 1937 3351 2008 παρά
3370 1936 3464 1990 τοῦ
3490 1938 3740 2007 Σωτῆρος

2173 2026 2299 2095 ἔφη·
2354 2027 2448 2080 καὶ⁹
2486 2028 2637 2081 οὐδὲν
2681 2027 3010 2099 θαυμαστὸν,
3052 2030 3101 2081 εἰ
3157 2029 3310 2091 νόσος
3367 2028 3461 2082 καὶ
3511 2028 3741 2091 θάνατος

2176 2116 2371 2185 συνέϐη
2427 2117 2504 2188 τῷ
2553 2120 2617 2172 ὲκ
2676 2119 2811 2172 Θεοῦ
2860 2120 3221 2191 ἠγαπημένῳ.
3277 2119 3445 2173 Κοινὰ
3503 2118 3610 2189 γὰρ
3670 2118 3739 2170 τὰ

2172 2207 2230 2274 ἐξ
2274 2208 2556 2272 ἀσθενείας
2615 2211 2849 2279 φυσικῆς
2894 2210 3261 2282 συμϐαίνοντα
3306 2210 3449 2280 πάθη
3475 2249 3490 2275 ,
3551 2210 3599 2261 εί
3645 2208 3738 2262 καὶ

2174 2298 2313 2369 ίδικὴ
2346 2299 2505 2370 χάρις
2551 2303 2663 2364 τοῖς
2697 2301 2948 2366 ἀγαπῶσι
2986 2302 3076 2355 τὸν
3119 2301 3248 2354 Θεὸν
3280 2300 3524 2366 δέδοται,
3552 2299 3612 2353 τὺ
3661 2297 3736 2369 μὴ

2174 2388 2385 2461 βαρέως
2414 2392 2602 2463 φέρειν
2630 2392 2699 2445 τά
2717 2392 2951 2463 λυπηρά.

2244 2480 2515 2547 Ἔμεινεν
2544 2481 2613 2533 ἐν
2637 2481 2682 2545 ᾧ
2714 2478 2792 2552 ἦν
2820 2484 2979 2548 τόπῳ
3007 2482 3115 2535 δύο
3143 2480 3384 2550 ἡμέρας.

2253 2571 2569 2625 Ἀνεϐάλετο
2619 2572 2716 2642 τὴν
2761 2572 2962 2641 ἄφιξιν,
3026 2574 3111 2626 ἵνα
3160 2573 3233 2643 μὴ
3276 2572 3531 2625 νοσοῦντα
3575 2570 3735 2625 αὐτὸν

2171 2665 2517 2737 θεραπεύσῃ,
2603 2664 2739 2719 ἀλλά
2799 2665 3196 2737 τελευτήσαντα
3256 2664 3551 2734 ἀναστήσῃ’
3600 2662 3735 2734 ὅπερ

2169 2760 2283 2811 ἐστὶ
2315 2758 2559 2829 μείζονος
2579 2759 2878 2828 δυνάμεως,
2912 2760 2997 2812 ἵνα
3031 2758 3289 2836 μειζόνως
3326 2756 3732 2826 δοξασθήσεται.

2169 2848 2406 2909 Εἰκότως
2456 2846 2520 2900 ἄν
2567 2864 2650 2909 τις
2695 2846 2837 2898 εῐποι
2877 2844 2974 2916 τὴν
3020 2844 3237 2914 Μαρίαν
3287 2844 3552 2914 σύμϐολον
3598 2838 3736 2898 εἶναι

2168 2937 2273 2990 τῶν
2308 2938 2413 2990 ἀπὸ
2442 2937 2629 3000 ἐθνῶν,
2664 2938 2760 3009 τὴν
2792 2937 2846 2989 δὲ
2875 2936 3122 3006 Μάρθαν,
3174 2935 3281 2989 τῶν
3321 2937 3385 2989 ὲκ
3413 2935 3730 3007 περιτομῆς,

2168 3027 2257 3080 τὸν
2289 3028 2345 3081 δὲ
2375 3029 2439 3081 ὲκ
2483 3028 2691 3099 νεκρῶν
2740 3029 3092 3097 ἀνιστάμενον
3137 3027 3360 3097 ἀδελφὸν
3393 3026 3596 3091 αὐτῶν,
3643 3027 3734 3080 τὸν

2166 3120 2252 3174 διά
2280 3137 2401 3173 τινα
2434 3121 2805 3191 ἁμαρτήματα
2832 3123 2909 3183 είς
2942 3119 3066 3191 ᾅδου
3105 3120 3532 3189 καταϐεϐηκότα,
3592 3116 3733 3173 κατὰ

2166 3210 2244 3276 τὸ,
2278 3230 2296 3263 ι
2342 3212 2879 3281 ’Λποστραφήτωσαν
2913 3211 2962 3262 οἱ
2992 3211 3303 3281 ἁμαρτωλοὶ
3322 3213 3400 3273 εἰς
3416 3210 3506 3262 τὸν
3532 3209 3682 3280 ᾅδην.
3705 3228 3723 3259 ι

2166 3303 2276 3356 Καὶ
2300 3303 2399 3356 οὐκ
2431 3302 2708 3365 ἀπιθάνως
2743 3301 2828 3354 διὰ
2858 3302 2956 3371 τὴν
2991 3304 3047 3354 ὲν
3075 3301 3151 3372 τῷ
3187 3302 3429 3365 Μωσέως
3461 3302 3609 3371 νόμῳ
3636 3317 3734 3352 πο-

2165 3392 2365 3446 λιτείαν
2391 3393 2555 3462 φησὶν
2585 3391 2835 3463 εἰρῆσθαι
2861 3395 2924 3462 τῇ
2948 3392 3166 3463 Μάρθα·
3207 3410 3225 3442 ι
3260 3392 3478 3460 Μάρθα,
3516 3389 3729 3461 Μάρθα,

2169 3487 2438 3555 μεριμνᾷς
2480 3486 2571 3537 καὶ¹
2613 3484 2855 3556 τυρϐάζῃ
2897 3486 3025 3555 περὶ
3078 3484 3262 3538 πολλά.
3313 3485 3458 3546 Ἐνὸς
3506 3483 3564 3536 δέ
3619 3484 3733 3534 ἐστι

2167 3578 2343 3649 χρεία,
2385 3596 2402 3627 ι
2461 3578 2580 3648 ἤτοι
2628 3577 2841 3644 ὀλίγωψ
2898 3579 2978 3641 είς
3031 3579 3304 3649 σωτηρίαν
3345 3578 3473 3647 γὰρ,
3521 3576 3581 3629 οὐ
3623 3576 3733 3628 τῶν

2166 3667 2378 3719 πολλῶν
2406 3666 2633 3719 ἐντολῶν
2657 3666 2813 3736 χρεία
2836 3668 2975 3722 κατά
3002 3669 3060 3720 τὸ
3083 3668 3176 3721 τοῦ
3203 3668 3365 3738 νόμου
3385 3666 3731 3737 πρόσταγμα,

2164 3757 2277 3810 ἀλλ’
2311 3758 2504 3825 ὀλίγων
2530 3756 2637 3810 τῶν
2686 3757 2814 3827 περὶ
2851 3758 3071 3827 ἀγάπης
3121 3757 3645 3827 νενομοθετημένων,
3672 3757 3731 3809 ὲν

2165 3844 2245 3910 οἷς
2271 3849 2543 3921 κρέμαται
2562 3849 2680 3912 ὅλος
2703 3851 2730 3903 ὁ
2755 3850 2917 3918 νόμος
2950 3851 3042 3903 καὶ
3071 3852 3118 3902 oi
3154 3851 3444 3920 προφῆται.

2239 3939 2496 4006 Ἄγωμεν
2513 3940 2600 4004 εἰς
2628 3937 2742 4005 τὴν
2788 3938 3078 3991 Ἰουδαίαν
3102 3939 3307 3991 πάλιν.

2233 4029 2415 4083 Εἰπὼν
2446 4030 2546 4099 μέν
2592 4047 2672 4083 τοι
2711 4031 2739 4081 ὁ
2768 4031 2972 4100 Κύριος
3020 4030 3098 4095 τὸ,
3154 4048 3173 4081 ‹
3220 4029 3388 4083 Πάλιν
3429 4029 3669 4100 ἄγωμεν,
3705 4049 3724 4081 ι

2163 4121 2728 4195 δοκεῆὑπεμφαίνειν,
2766 4123 2847 4175 ὃτι
2875 4124 2937 4175 Et
2972 4122 3065 4176 καὶ
3103 4119 3311 4187 ἀνάξιοί
3352 4122 3487 4173 είσιν
3537 4124 3732 4174 ἐκεῖνοι

2165 4213 2498 4283 εὐεργεσίας,
2535 4212 2671 4266 ἀλλὰ
2708 4213 2900 4284 καιροῦ
2942 4215 3232 4279 καλοῦντος
3257 4216 3348 4285 τοῦ
3380 4212 3734 4285 ἐμποιοῦντος

2165 4306 2345 4365 αὐτοῖς
2389 4305 2675 4374 ὠφέλειαν,
2725 4307 3048 4376 ἀπέλθωμεν
3108 4307 3244 4379 πρὸς
3288 4309 3502 4372 αὐτούς.
3558 4310 3619 4361 Ol
3674 4308 3733 4362 δὲ

496 4384 694 4438 aﬂ'ei-tu
721 4401 854 4454 erga
884 4401 1007 4440 eum
1044 4388 1309 4455 impedire
1340 4393 1614 4457 videntur,
1673 4397 1974 4465 quinetiam
2007 4408 2063 4453 et

2170 4397 2404 4467 μαθηταὶ
2452 4397 2666 4450 δοκοῦσι
2709 4397 2795 4451 διὰ
2829 4398 2927 4469 τὴν
2969 4399 3325 4472 ἀγάπηντὴν
3372 4401 3507 4470 πρὸς
3549 4397 3730 4465 αὐτὸν,

495 4484 557 4528 ιιι
605 4475 671 4528 de
717 4474 937 4529 homine
982 4478 1261 4548 cogitant,
1305 4484 1461 4550 quasi
1515 4500 1813 4541 occurrens
1855 4486 2059 4543 Iudaeis

498 4563 803 4631 periculum
841 4564 1094 4621 aditurus
1126 4569 1227 4633 sit,
1258 4571 1473 4627 etiamsi
1518 4574 1687 4636 nolit,
1718 4575 1884 4645 678
1917 4576 2060 4631 ideo-

495 4668 602 4722 que
632 4652 913 4706 recordari
939 4654 1133 4723 jubent
1167 4655 1405 4712 furorem
1445 4668 1499 4713 et
1541 4661 1809 4715 insaniam
1846 4659 2060 4717 Iudaeo-

496 4758 615 4799 izum
643 4742 696 4795 in
728 4759 808 4808 se,
834 4745 1228 4814 propemodum
1262 4749 1507 4803 dicentes
1534 4767 1547 4802 :
1578 4749 1719 4816 Quid
1749 4767 1941 4808 rursus
1972 4753 2057 4806 in-

495 4841 579 4889 ter
627 4833 879 4889 inﬁdeles
924 4844 977 4890 et
1023 4837 1283 4909 ingratos,
1312 4843 1524 4897 versari
1581 4844 1769 4910 cupis,
1817 4845 1909 4914 qui
1959 4861 2060 4901 nec

497 4924 716 4990 verbis,
750 4941 851 4981 nec
893 4930 1157 4996 operibus
1209 4933 1364 4986 leniri
1416 4934 1695 5002 possunt?
1743 4936 1834 5004 qui
1880 4936 2058 4993 adhuc

494 5016 705 5084 Spirant
737 5017 939 5093 caedem
968 5034 1032 5074 ac
1064 5023 1387 5091 sanguinem
1420 5024 1709 5079 adversum
1744 5034 1825 5091 te,
1857 5030 2058 5097 quibus

492 5107 709 5163 animus
756 5110 911 5165 rabie
945 5118 1126 5166 tumet
1155 5126 1219 5166 ac
1251 5111 1700 5172 eﬁ‘ervescit.Vel
1740 5118 1846 5172 huc
1890 5120 2058 5190 igitur

490 5200 715 5267 dicunt,
762 5203 847 5256 vel
879 5203 987 5257 hoc
1018 5217 1212 5257 eorum
1257 5219 1442 5261 sermo
1473 5207 1776 5278 signiﬁcat,
1805 5210 1956 5280 ipsos
1986 5212 2056 5265 ab

487 5302 554 5344 eo
597 5288 721 5344 duci
755 5292 810 5345 in
854 5290 1208 5349 manifestum
1240 5296 1569 5364 periculum.
1603 5297 1809 5355 Tamen
1845 5317 2054 5357 morem

484 5394 683 5452 gerunt
718 5387 1019 5455 magistro,
1056 5397 1315 5458 tanquam
1345 5391 1437 5460 qui
1475 5392 1710 5447 meliora
1743 5393 1908 5448 norit.

552 5472 648 5537 XI,
672 5474 726 5528 9.
770 5474 1024 5545 Nunquid
1061 5478 1339 5534 duodecim
1365 5490 1487 5536 sunt
1515 5483 1660 5538 horta
1693 5484 1839 5540 diei?
1871 5494 1974 5540 etc.

554 5582 719 5637 Forte
755 5595 1041 5666 comparat
1074 5589 1360 5649 hominum
1396 5601 1633 5652 mentem
1660 5595 1927 5652 novitatis
1955 5610 2051 5652 cu-

555 5711 601 5743 "
639 5710 785 5767 Psal.
822 5729 906 5780 ix,
945 5716 1025 5774 18,

2165 4487 2394 4541 κωλύειν
2437 4488 2634 4552 αὐτὸν,
2686 4488 2821 4558 πλὴν
2859 4489 2932 4553 ὼς
2975 4489 3259 4561 ἄνθρωπον
3298 4489 3497 4543 οἴονται
3531 4491 3612 4542 ὅτι
3637 4491 3734 4543 καὶ

2164 4580 2312 4634 ἄκων
2342 4579 2673 4633 κινδυνεύσει
2715 4583 2825 4644 τοῖς
2866 4581 3136 4644 Ἰουδαίοις
3181 4580 3505 4651 περιτυχών
3537 4581 3616 4633 διὸ
3638 4581 3734 4634 καὶ

2165 4671 2674 4740 ἀναμιμνήσκουσιν
2717 4672 2878 4724 αὑτὸν
2926 4674 3023 4742 τῆς
3083 4673 3350 4725 Ἰουδαίων
3388 4673 3524 4725 κατὰ
3569 4672 3732 4725 αὑτοῦ

2167 4759 2385 4827 μανίας,
2440 4763 2723 4831 μονονουχὶ
2761 4761 3029 4830 λέγοντες·
3071 4762 3136 4814 Τί
3182 4762 3344 4814 πάλιν
3378 4761 3559 4831 ζητεῖς
3597 4762 3736 4831 μετά

2164 4849 2273 4903 τῶν
2313 4851 2554 4904 ἀπειθῶν
2582 4852 2831 4919 γενέσθαι
2859 4853 2951 4905 καὶ
2978 4852 3283 4923 ἀχαρίστων
3319 4853 3427 4905 τῶν
3456 4854 3530 4923 μὴ
3556 4854 3736 4920 λόγοις

2170 4942 2303 5011 μηδὲ
2370 4942 2552 5013 ἔργοις
2610 4943 3060 5014 μαλασσομένων;
3117 4946 3167 4996 οἱ
3221 4945 3314 4996 καὶ
3376 4945 3456 4996 ἔτι
3532 4944 3734 5013 φονῶσι

2164 5032 2304 5084 κατά
2335 5032 2450 5097 σοῦ,
2485 5034 2579 5087 καὶ
2601 5034 2787 5098 ζέοντα
2817 5035 2907 5087 τὸν
2938 5035 3106 5105 θυμὸν
3134 5036 3363 5105 ἔχουσιν.
3398 5036 3467 5087 ’Ἡ
3495 5031 3587 5088 οῦν
3607 5035 3735 5087 τοῦ-

2162 5121 2223 5173 τό
2259 5138 2438 5189 φασιν,
2482 5123 2514 5193 ἦ
2553 5123 2712 5177 τοῦτο
2747 5126 2998 5195 σημαίνει
3038 5128 3066 5178 6
3102 5127 3256 5195 λόγος
3289 5126 3485 5178 αὐτῶν·
3522 5126 3604 5178 ὅτι
3653 5127 3735 5189 εἰς

2163 5214 2414 5283 προφανῆ
2441 5215 2684 5268 κίνδυνον
2703 5217 2902 5280 αὐτοὺς
2930 5219 3071 5285 ἄγει.
3096 5219 3282 5290 Ὅμως
3303 5218 3635 5272 ὑπακούουσι
3652 5218 3734 5287 τῷ

2159 5302 2483 5374 διδασκάλῳ,
2511 5305 2585 5368 ὡς
2604 5305 2765 5360 είδότι
2803 5306 2862 5359 τὸ
2889 5307 3113 5377 βέλτιον.

2228 5478 2377 5548 Οὐχί
2407 5478 2632 5534 δώδεκα
2652 5475 2798 5549 ὧραί
2826 5487 2941 5543 εἱσι
2975 5483 3082 5552 τῆς
3100 5483 3353 5552 ἡμέρας;
3376 5484 3553 5538 καὶτὰ
3581 5483 3728 5554 ἑξῆς.

2143 5570 2146 5574 ’
2233 5591 2385 5662 Τάχα
2415 5592 2469 5646 δὲ
2503 5597 2567 5665 τῇ
2598 5596 2694 5667 τῆς
2738 5596 2949 5666 ἡμέρας
2983 5597 3273 5670 ἀεικινήτῳ
3309 5599 3446 5669 φορᾷ
3469 5594 3716 5667 παρεικά-
