4010 6320
235 346 300 399 41
1084 344 1157 398 IN
1180 343 1520 399 JIMNNEM.
1553 374 1623 385 ---
1642 343 1776 398 LIB.
1816 343 1905 398 VII
1936 343 2026 397 ET
2057 342 2166 399 VIII
2208 342 2656 400 FRAGMENTA.
3415 345 3486 403 49

237 465 321 528 ζει
362 462 457 534 τὴν
501 462 855 534 εύπάροιστον
890 465 983 518 καὶ
1024 466 1328 534 φιλόκαινον
1358 469 1467 521 τῶν
1505 466 1811 538 ἀνθρώπων

1938 466 2100 520 )idam
2131 480 2197 520 ac
2230 464 2526 531 mobilem,
2563 477 2780 533 semper
2814 462 3001 517 ﬂuenti
3036 461 3248 517 dierum
3281 462 3482 519 motui.

236 555 502 619 διάνοιαν,
556 554 654 624 τὴν
705 554 779 625 μὴ
830 556 1125 627 ἱσταμένην
1175 543 1269 610 ἐπί
1333 560 1464 629 μιᾶς
1510 557 1815 627 δοκήσεως,

236 647 379 703 ἀλλὰ
414 645 810 718 μεταπηδῶσαν
861 646 970 700 ἀπὸ
1013 648 1206 717 ἐτέρας
1239 648 1464 718 γνώμης
1505 649 1585 709 εἰς
1631 645 1818 717 ἄλλην,

238 739 317 802 ὡς
373 738 467 791 καὶ
524 738 558 808 ἡ
606 737 787 807 ἡμέρα
834 738 941 790 ἀπὸ
1002 738 1151 809 ὥρας
1197 739 1362 809 ἀλλης
1394 742 1474 802 είς
1518 738 1682 809 ἄλλην
1729 755 1823 807 με-

238 823 507 878 ταϐαίνει.
552 825 784 895 Νοήσεις
830 825 885 877 δέ
927 827 1023 879 καὶ
1072 827 1244 891 οὕτως
1271 828 1352 892 τὸ,
1391 847 1409 879 ‹
1446 828 1579 898 Οὐχὶ
1616 827 1824 882 δώδεκά

245 913 384 967 εἰσιν
440 913 500 965 αί
543 906 685 984 ὧραι
717 915 815 983 τῆς
846 915 1093 984 ἡμέρας;
1134 934 1152 966 r
1180 916 1343 988 ⁵τοῦτ’
1402 917 1570 980 ἐστιν,
1612 917 1825 988 Ἡμέρα

240 1006 360 1075 εἰμὶ
389 1006 482 1058 καὶ
534 1006 669 1075 φῶς.
717 1008 939 1077 Ὥσπερ,
981 1004 1073 1060 οὖν
1101 1009 1201 1062 οὐκ
1250 1008 1316 1062 ἂν
1375 1008 1698 1080 καταλήξειε
1723 1009 1825 1080 τῆς

238 1097 273 1163 ἡ
286 1096 454 1168 μέρας
466 1097 526 1149 τὸ
543 1096 679 1165 φοκ,
699 1100 780 1169 μὴ
801 1098 921 1168 οὐχὶ
938 1099 1026 1151 τὸν
1061 1100 1395 1171 τεταγμένον
1421 1102 1637 1171 ἀποπλη
1648 1101 1826 1171 ρῶσαν

239 1188 467 1259 καιρόν⁶
511 1187 684 1254 οὕτως
724 1190 966 1243 οὐκέστι
1000 1190 1106 1243 τῶν
1152 1192 1538 1263 ἐνδεχομένων,
1574 1193 1665 1245 τὸν
1695 1171 1827 1263 παρ’

240 1280 380 1351 ἐμοῦ
441 1281 820 1335 συστέλλεσθαι
867 1282 1150 1353 φωτισμὸν
1195 1284 1304 1338 ἀπὸ
1351 1285 1459 1337 τῶν
1526 1283 1827 1348 Ἰουδαίων,

245 1375 324 1445 μὴ
371 1375 450 1438 εἰς
495 1374 554 1427 τὸ
599 1374 809 1445 πρέπον
851 1376 948 1445 τῆς
1000 1376 1410 1447 φιλανθρωπίας
1465 1377 1831 1451 προελθούσης

246 1465 466 1536 μέτρον.
519 1465 760 1537 Ἡμέραν
789 1466 845 1519 δέ
881 1467 1031 1535 λέγει
1058 1469 1148 1522 τὸν
1170 1471 1266 1539 τῆς
1292 1469 1595 1539 παρουσίας
1616 1469 1829 1539 καιρὸν,

241 1554 418 1607 νύκτα
442 1555 515 1619 δέ,
546 1555 638 1607 τὸν
675 1554 779 1625 πρὸ
815 1555 1038 1625 ταύτης·
1069 1556 1143 1619 ὡς
1186 1559 1279 1610 καὶ
1312 1559 1441 1611 ὅταν
1486 1557 1641 1629 λέγῃ·
1679 1578 1699 1610 ε
1741 1552 1835 1609 Δεῖ

242 1647 572 1720 ἐργάζεσθαι
612 1648 678 1701 τὰ
709 1648 847 1719 ἔργα
875 1649 968 1701 τοῦ
1019 1649 1333 1718 πέμψαντός
1373 1667 1465 1720 με,
1508 1650 1611 1712 ἕως
1652 1649 1834 1719 ἡμέρα

242 1738 385 1791 ἐστί.
438 1757 456 1789 ι
494 1739 663 1792 Τοῦτο
706 1735 798 1793 οὖν
839 1739 1071 1794 ἐνταῦθά
1112 1758 1265 1811 φησι,
1308 1742 1392 1795 ὅτι
1430 1743 1543 1795 Οὐκ
1580 1742 1693 1794 ἔστι
1739 1740 1834 1795 νῦν

242 1832 437 1901 καιρὸς
455 1833 748 1903 ἀποσχίσαι
776 1835 1014 1904 ἐμαυτὸν
1039 1834 1149 1887 τῶν
1183 1833 1473 1899 Ἰουδαίων,
1494 1835 1598 1888 κᾶν
1624 1835 1829 1889 ἀνόσιοι
1864 1816 1910 1872 Β

243 1915 401 1986 ὦσιν,
436 1923 573 1976 ἀλλὰ
604 1925 783 1978 πάντα
818 1928 993 1978 ποιεῖν
1026 1926 1094 1979 τὰ
1129 1926 1264 1996 πρὸς
1299 1926 1597 1998 θεραπείαν
1627 1926 1828 1981 αὐτῶν.

242 2015 325 2067 Οὐ
352 2014 459 2086 γὰρ
479 2015 559 2067 δεῖ
589 2015 786 2078 αὐτοὺς
824 2015 919 2070 νῦν
953 2016 1295 2081 κολάζεσθαι,
1323 2017 1715 2087 ἀποχωρούσης
1736 2002 1833 2070 ἀπ’

242 2106 428 2158 αὐτῶν
456 2107 552 2178 τῆς
578 2105 727 2169 θείας
760 2107 980 2185 χάριτος
1011 2108 1162 2177 ἡλίου
1204 2109 1379 2179 δίκηνν
1414 2107 1528 2161 ἀλλ’
1561 2105 1749 2178 ὥσπερ
1772 2106 1833 2159 τὸ

244 2194 368 2262 φῶς
402 2195 502 2264 τῆς
539 2196 747 2267 ἡμέρας
798 2198 897 2250 οὐκ
942 2195 1204 2263 ἐκλείπει,
1248 2200 1297 2252 εί
1351 2197 1426 2269 μὴ
1470 2196 1730 2271 πληρωθῇ
1771 2197 1833 2251 τὸ

242 2282 620 2355 δωδεκάωρον·
672 2283 846 2348 οὕτως
899 2287 1020 2340 οὐδέ
1074 2289 1103 2340 6
1152 2288 1282 2358 παρ’
1316 2288 1451 2358 ἐμοῦ
1489 2286 1833 2340 συστέλλεται

246 2377 530 2447 φωτισμδς
562 2377 667 2449 πρὸ
688 2378 902 2448 καιροῦ,
952 2378 1088 2432 ἀλλά
1126 2380 1287 2451 μέχρι
1320 2379 1413 2433 τοῦ
1454 2379 1832 2451 σταυρωθῆναι

248 2466 401 2537 μενῶ
464 2469 602 2538 μετά
639 2469 749 2522 τῶν
814 2470 1104 2536 Ἰουδαίων,
1158 2471 1322 2534 ἐνιεὶς
1381 2472 1563 2533 αὐτοῖς
1606 2470 1681 2533 ὡς
1718 2469 1833 2538 φῶς

243 2559 350 2627 τῆς
383 2557 712 2626 θεογνωσίας
752 2561 851 2630 τὴν
902 2560 1131 2615 σύνεσιν.
1170 2561 1385 2632 Ἐπειδὴ
1427 2561 1534 2633 γὰρ
1591 2559 1833 2614 Ἰουδαῖοι

248 2648 312 2700 ἐν
347 2649 529 2700 σκότει
578 2648 729 2712 ὅντες
770 2650 1043 2714 ἀπιστίας,
1082 2652 1519 2722 προσκόπτουσιν
1574 2652 1660 2701 ἐπ’
1709 2651 1834 2721 ἐμοὶ

244 2738 328 2801 ὡς
364 2739 521 2811 λίθῳ,
556 2740 637 2793 δεῖ
656 2741 908 2796 ἀπελθεῖν
941 2743 1077 2811 πρὸς
1111 2744 1307 2806 αὐτοὺς
1341 2744 1435 2796 καὶ
1476 2741 1706 2810 φωτίσαι
1737 2741 1836 2797 αύ-

245 2830 401 2892 τοὺς,
426 2829 513 2882 ἵνα
534 2829 848 2885 παύσωνται
865 2833 963 2902 τῆς
995 2831 1263 2903 θεομάχου
1290 2831 1510 2901 μανίας.
1544 2830 1616 2882 Ἦ
1637 2829 1831 2894 οὕτως’

261 2920 489 2991 Ἐπειδὴ
519 2921 568 2973 oi
620 2920 860 2993 μαθηταὶ
913 2923 1146 2976 ἐκώλυον
1179 2923 1270 2975 τὸν
1291 2921 1525 2992 Χριστὸν
1562 2921 1833 2975 συνελθεῖν

246 3014 369 3074 τοῖς
407 3013 698 3078 Ἰουδαίοις,
718 3014 779 3066 οὐ
808 3015 876 3066 δι’
910 3015 1155 3077 ἐαυτοὺς,
1183 3013 1318 3066 ἀλλά
1336 3013 1425 3066 διὰ
1450 3013 1548 3084 τὴν
1575 3013 1708 3083 πρὸς
1740 3014 1806 3065 αὖ
1832 3047 1836 3051 -

1921 571 2200 627 nunquam
2234 556 2462 611 ttrmiter
2498 556 2553 609 in
2585 569 2691 610 una
2745 553 3008 624 Opinione
3054 552 3448 608 consistentem
3472 597 3487 618 ,

1923 649 2018 702 sed
2064 648 2134 703 ab
2162 663 2270 702 una
2304 648 2358 702 in
2392 648 2553 701 aliam
2580 648 2909 703 sententiam
2941 645 3243 701 desultoria
3274 645 3491 700 levitate

1923 745 2301 792 transeuntem
2325 777 2340 799 ,
2372 735 2831 806 quemadmodum
2860 733 2980 791 dies
3021 736 3090 789 ab
3132 750 3240 789 una
3270 735 3406 789 hora
3436 734 3489 788 in

1926 829 2089 882 aliam
2118 828 2340 882 transit.
2371 826 2589 882 Poteris
2618 827 2786 881 etiam
2824 827 2909 882 sic
2946 827 3298 897 interpretari
3352 826 3456 882 hoc
3477 868 3491 890 ,

1930 937 1949 971 ‹
2008 918 2281 989 Numquid
2315 918 2601 974 duodecim
2651 926 2781 973 sunt
2830 919 2977 973 horae
3008 919 3157 973 diei?
3200 939 3219 972 ι
3250 918 3490 983 scilicet,

1926 1008 2044 1064 dies
2074 1025 2175 1081 ego
2208 1025 2332 1065 sum
2365 1018 2416 1065 et
2448 1010 2562 1063 lux.
2601 1007 2758 1063 Sicut
2790 1008 2954 1079 igitur
2987 1010 3081 1063 lux
3122 1009 3231 1064 diei
3264 1024 3372 1064 non
3405 1008 3496 1076 de-

1929 1100 2109 1166 liciet,
2136 1102 2243 1156 nisi
2280 1101 2437 1171 prius
2465 1101 2833 1155 constitutum
2883 1109 3101 1170 tempus
3148 1100 3493 1170 impleverit:

1930 1194 2005 1266 ita
2034 1209 2147 1249 non
2176 1202 2262 1249 est
2290 1195 2343 1248 in
2359 1192 2804 1263 contingentibus
2832 1200 2892 1246 ut
2920 1208 3100 1248 meum
3129 1192 3315 1247 lumen
3348 1206 3379 1245 a
3409 1190 3498 1247 Ju-

1929 1287 2062 1341 daais
2095 1287 2321 1341 tollatur
2351 1296 2405 1341 ct
2438 1288 2791 1350 obscuretur,
2841 1286 3161 1353 priusquam
3198 1284 3263 1337 ad
3304 1298 3493 1339 conve‘

1931 1379 2176 1433 nicntcm
2208 1394 2273 1433 ac
2302 1378 2551 1433 debitum
2598 1376 2958 1432 humanitatis
2998 1374 3218 1429 modum
3261 1375 3494 1430 dcvcnc-

1935 1470 2024 1524 rit.
2070 1468 2247 1524 Porro
2280 1468 2424 1524 diem
2454 1468 2590 1521 dicit
2638 1475 2854 1535 tempus
2908 1467 2993 1519 sui
3042 1465 3347 1531 adventus,
3400 1479 3500 1517 no-

1933 1570 2078 1617 ctem
2131 1576 2265 1617 vero
2291 1577 2411 1632 qum
2446 1561 2599 1614 illum
2634 1557 2934 1630 praecedit,
2976 1557 3123 1612 velut
3166 1571 3287 1610 cum
3335 1557 3497 1612 etiam

1935 1655 2071 1710 dicit
2097 1672 2165 1710 :1
2195 1652 2403 1707 Facere
2431 1659 2648 1722 oportet
2687 1665 2850 1719 opera
2892 1650 3012 1719 ejus
3054 1648 3149 1718 qui
3197 1647 3346 1702 misit
3377 1662 3497 1711 me,

1938 1751 2064 1805 dum
2094 1750 2214 1805 dies
2245 1756 2332 1805 est
2356 1750 2422 1801 ³⁸.
2452 1767 2468 1799 ι
2495 1746 2610 1802 Hoc
2638 1745 2806 1816 igitur
2833 1745 2955 1799 loco
2986 1743 3040 1797 id
3070 1742 3237 1797 dicit:
3270 1739 3389 1796 Non
3416 1749 3503 1797 est

1934 1859 2080 1899 nunc
2101 1852 2316 1913 tempus
2339 1850 2398 1898 ut
2428 1840 2743 1896 abstraham
2764 1852 2850 1892 me
2876 1852 2910 1890 a
2939 1835 3166 1900 Iudaeis,
3190 1834 3317 1888 licet
3348 1834 3500 1903 impii

1934 1939 2065 2004 sint,
2097 1937 2193 1993 sed
2224 1946 2285 1991 ut
2316 1936 2383 1991 ad
2405 1935 2743 1991 curationem
2778 1946 2967 1987 eorum
3000 1929 3136 1983 nihil
3171 1929 3500 1984 intentatum

1936 2029 2267 2099 relinquam.
2300 2026 2418 2082 Non
2450 2026 2592 2082 enim
2618 2031 2834 2095 oportet
2862 2038 2957 2078 eos
2984 2036 3133 2076 nunc
3157 2020 3419 2092 castigari
3447 2028 3503 2076 et

1934 2120 2153 2189 puniri,
2186 2118 2512 2183 recedente,
2540 2117 2691 2172 velut
2725 2116 2862 2180 sole,
2897 2114 2967 2168 ab
2988 2114 3069 2169 eis
3095 2112 3279 2168 divina
3305 2112 3502 2183 gratia,

1933 2211 2029 2267 sed
2060 2209 2520 2280 quemadmodum
2570 2207 2756 2261 lumen
2804 2204 2915 2260 dici
2968 2219 3078 2258 non
3124 2202 3347 2269 deﬁcit,
3395 2203 3505 2259 nisi

1933 2302 2223 2358 duodecim
2252 2300 2514 2355 horarum
2549 2297 2801 2353 confecto
2832 2296 3029 2365 spatio,
3059 2294 3141 2351 sic
3170 2309 3348 2364 neque
3379 2304 3503 2349 ante

1934 2391 2150 2463 tempus
2195 2408 2314 2448 mea
2365 2390 2715 2447 contrahitur
2762 2387 3130 2450 illuminatio,
3179 2386 3289 2441 imo
3330 2400 3505 2456 usque

1933 2484 2001 2539 ad
2030 2498 2250 2539 crucem
2280 2484 2513 2537 manebo
2533 2496 2655 2537 cum
2678 2478 3213 2541 Judaeis,immittens
3230 2476 3313 2531 eis
3333 2476 3512 2531 veluti

1934 2577 2121 2630 lumen
2151 2574 2247 2630 Dei
2281 2574 2617 2645 cognitionis
2646 2569 3095 2639 intelligentiam.
3144 2567 3506 2638 Quandoqui-

1934 2664 2058 2720 dem
2087 2664 2233 2720 enim
2261 2660 2455 2725 Judaei,
2489 2662 2544 2715 in
2583 2659 2924 2715 inﬁdelitatis
2941 2658 3188 2713 tenebris
3216 2665 3463 2712 errantes
3486 2697 3501 2719 .

1934 2750 1992 2805 in
2034 2765 2121 2804 me
2163 2757 2224 2804 ut
2265 2750 2332 2805 ad
2375 2749 2615 2819 lapidem
2660 2747 2977 2812 offendunt,
3020 2746 3260 2802 eundum
3304 2755 3389 2802 est
3436 2746 3504 2801 ad

1936 2841 2062 2897 illos
2091 2848 2150 2895 ut
2177 2841 2584 2908 illuminentur,
2612 2851 2666 2895 et
2691 2840 2946 2895 desinant
2973 2838 3029 2893 in
3058 2838 3226 2893 Deum
3258 2853 3507 2908 pugnare

1935 2946 2000 2986 ac
2032 2931 2244 3000 furere;
2268 2933 2355 2987 vel
2385 2932 2490 2986 hoc
2518 2931 2681 2985 modo
2709 2949 2723 2985 :
2759 2929 3216 3000 Quandoquidem
3247 2930 3504 3000 discipuli

1935 3021 2215 3077 Christum
2244 3021 2505 3077 accedere
2537 3020 2601 3074 ad
2631 3019 2849 3075 Judazos
2893 3020 3188 3083 vetabant,
3232 3034 3342 3074 non
3384 3035 3507 3089 pro-

245 3108 351 3160 τὸν
407 3107 569 3175 δῆθεν
620 3106 815 3175 φειδὼ,
868 3107 1280 3179 παραθαρῤύνει
1342 3107 1540 3169 αὐτοὺς
1600 3106 1687 3159 διὰ
1731 3104 1834 3174 τῆς

1938 3122 2058 3183 pter
2087 3114 2298 3183 seipsos
2320 3154 2336 3179 ,
2385 3114 2482 3168 sed
2513 3112 2661 3183 quod
2691 3111 2811 3183 ejus
2843 3112 3035 3182 utique
3086 3111 3253 3166 saluti
3305 3122 3507 3166 metue-

249 3197 596 3269 τ-αραϐολῆς,
651 3200 732 3252 ὅτι
799 3199 1054 3251 οὐδέποτε
1105 3195 1350 3250 πείσεταί
1394 3213 1447 3249 τι
1494 3196 1602 3250 τῶν
1677 3195 1834 3249 ἀϐου-

248 3292 455 3361 λήτων.
507 3291 568 3343 Εἰ
603 3291 711 3361 γὰρ
744 3293 773 3345 6
825 3293 882 3344 ἐν
921 3289 1102 3360 ἡμέρᾳ
1148 3287 1484 3360 περιπατῶν,
1511 3288 1571 3341 οὐ
1603 3287 1838 3357 προσκό-

251 3398 409 3447 πτει,
454 3382 571 3444 πῶς
610 3384 638 3435 ὁ
677 3383 811 3435 πᾶσι
851 3382 912 3435 τὸ
945 3379 1060 3448 φῶς
1111 3381 1293 3443 ἐνιεὶς,
1343 3378 1603 3450 ὑπομένοι
1634 3396 1687 3431 τι
1726 3378 1835 3431 τῶν

252 3474 541 3544 λυπηρῶν,
594 3475 772 3539 ἀκων;
825 3475 895 3527 Ἦ
961 3473 1076 3536 πῶς
1132 3474 1160 3526 6
1222 3473 1385 3525 πᾶσιν
1440 3469 1837 3525 ἀποκαλύπτων

250 3568 385 3630 τοὺς
415 3556 831 3636 κεκρυμμένους
864 3565 970 3618 τῶν
1001 3563 1251 3635 πονηρῶν
1280 3562 1525 3633 βόθρους,
1561 3562 1838 3633 ὀλισθήσει

254 3657 317 3708 ἐν
345 3657 530 3719 αὐτοῖς
572 3656 646 3727 μὴ
664 3655 855 3721 εἰδώςς
893 3656 963 3708 Ἦ
989 3655 1051 3709 οὐ
1092 3654 1221 3725 περὶ
1246 3653 1437 3707 ἐαυτοῦ
1481 3653 1639 3706 τοῦτο
1666 3653 1834 3721 λέγει,

253 3747 396 3801 ἀλλά
423 3748 554 3818 περὶ
588 3746 696 3800 τῶν
728 3747 1007 3817 μαθητῶν,
1049 3747 1132 3800 ὅτι
1158 3747 1310 3800 οὐδὲν
1354 3747 1635 3800 πείσονται
1663 3745 1836 3799 δεινὸν

257 3837 514 3902 συνόντες
540 3836 618 3907 τῷ
639 3837 818 3891 πάντα
869 3836 1178 3905 φωτίζοντι,
1229 3837 1324 3891 καὶ
1363 3838 1424 3891 οὐ
1457 3837 1615 3908 μόνον
1653 3836 1835 3899 εἰδότι,

257 3931 399 3985 ἀλλὰ
454 3931 549 3984 καὶ
594 3929 802 4001 ἑτέροις
845 3930 1285 3984 ἀποκαλύπτοντι
1315 3930 1415 3994 τὰς
1455 3929 1841 4000 κεκρυμμένας

259 4022 464 4095 βουλὰς
492 4022 601 4075 τῶν
632 4022 902 4094 πονηρῶνο
934 4023 1015 4076 διὸ
1038 4022 1317 4094 προλέγων
1352 4023 1534 4086 αὐτοῖς
1565 4022 1621 4076 ἐν
1645 4039 1754 4075 τισι
1774 4023 1841 4076 τά

258 4116 500 4185 ἐσόμενα
536 4115 634 4168 καὶ
669 4112 1064 4183 καταφοπίζων
1100 4115 1317 4178 αὐτοὺς,
1367 4114 1467 4167 οὐκ
1504 4115 1571 4185 ἐᾷ
1616 4115 1840 4186 περιπί-

260 4222 422 4258 πτειν
452 4203 765 4267 σκανδάλοις
793 4205 852 4257 ἐν
880 4204 993 4266 τοῖς
1016 4200 1466 4272 συμϐησομένοις.

338 4445 601 4517 Λάζαρος
622 4449 656 4501 ό
691 4446 868 4515 φίλος
899 4441 1067 4514 ἡμῶν
1094 4442 1460 4511 κεκοίμηται.

352 4562 655 4630 Ἀξιόλογος
708 4560 976 4631 πρόφασις
1023 4558 1169 4619 ἕλκει
1233 4573 1300 4626 με
1368 4557 1449 4619 είς
1488 4551 1845 4625 Ἰερουσαλὴμ

265 4654 355 4726 (τὸ
390 4653 522 4724 γάρ,
566 4670 585 4704 ι
651 4653 709 4706 Ὁ
743 4651 893 4721 φίλος
931 4650 1087 4722 ἡμῶν
1127 4648 1472 4718 κεκοίμηται,
1507 4664 1525 4698 ι
1560 4645 1720 4699 τοῦτο
1754 4661 1846 4715 ση-

270 4747 501 4819 μαίνει),
541 4745 636 4798 καὶ
659 4744 753 4798 ἐάν
785 4743 1115 4815 περιίδωμεν
1142 4739 1352 4802 τοῦτον,
1374 4737 1846 4808 ἀφιλοικτίρμονος

264 4839 624 4910 λαμϐάνομεν
663 4835 838 4902 δόξας.
883 4835 973 4887 Διὸ
1016 4831 1383 4886 δυσωπεῖσθαι
1428 4831 1533 4903 χρὴ
1574 4831 1723 4901 ἡμᾶς
1754 4829 1848 4882 ἐπὶ

264 4931 473 5002 τούτῳ,
524 4930 619 4982 καὶ
671 4929 895 4998 δραμεῖν
940 4924 1034 4978 ἐπὶ
1060 4924 1158 4995 τὴν
1210 4923 1306 4977 τοῦ
1344 4923 1497 4991 φίλου
1552 4922 1846 4994 σωτηρίαν,

268 5018 661 5091 ὑπερορῶντας
698 5017 808 5071 τῶν
852 5014 1157 5068 Ἰουδαϊκῶν
1189 5013 1510 5066 ἐπιϐουλῶν.
1540 5010 1763 5074 Δεικνὺς
1791 5011 1849 5064 δὲ

264 5111 441 5167 αὐτοῦ
472 5112 574 5181 τὴν
606 5103 885 5180 θεοπρεπῆ
929 5106 1176 5177 δύναμιν,
1216 5104 1380 5159 ὖπνον
1423 5104 1580 5158 καλεῖ
1616 5104 1714 5172 τῆς
1753 5105 1849 5156 ἀν-

270 5203 558 5275 θρωπίνης
586 5200 766 5271 ψυχῆς
806 5198 906 5270 τὴν
955 5197 1064 5250 ἀπὸ
1107 5196 1201 5251 τοῦ
1243 5198 1488 5265 σώματος
1519 5194 1713 5259 ἔξοδον·
1761 5192 1850 5247 θά-

266 5310 438 5348 νατον
462 5292 570 5363 γὰρ
600 5291 700 5343 οὐκ
729 5289 957 5358 ἠξίωσεν
985 5288 1157 5340 εἰπεῖν
1179 5288 1207 5338 6
1247 5286 1436 5348 κτίσας
1466 5284 1556 5337 ἐπὶ
1577 5282 1852 5353 ἀφθαρσίᾳ

265 5383 372 5438 τόν
400 5382 708 5452 ἄνθρωπον,
743 5379 882 5433 κατά
907 5379 967 5431 τὸ
991 5376 1395 5448 γεγραμμένον,
1422 5376 1517 5429 καὶ¹
1550 5372 1851 5445 σωτηρίους

268 5473 563 5538 ἀναδείξας
607 5470 705 5534 τὰς
736 5469 974 5538 γενέσεις
1015 5466 1110 5522 τοῦ
1151 5468 1378 5537 κόσμου.
1414 5467 1558 5536 Πλὴν
1603 5468 1718 5517 ἐστι
1757 5463 1852 5517 καὶ

267 5563 485 5635 ἀληθὴς
502 5564 532 5615 6
555 5561 732 5629 λόγος·
759 5558 922 5620 ὕπνος
948 5558 1055 5629 γὰρ
1077 5558 1245 5620 ὅντως
1267 5557 1419 5627 παρά
1441 5554 1677 5626 Θεῷ,κα“ι
1728 5552 1849 5606 ἓτε-

361 5739 405 5773 ³³
444 5739 606 5796 Joan.
640 5755 730 5804 ιι,
764 5739 817 5792 ι.
894 5739 938 5771 ³⁸
980 5740 1108 5810 Sap.
1147 5755 1202 5802 I,
1240 5735 1426 5788 15-16.

620 5830 897 5889 Panos.
947 5829 1064 5888 Gn.
1160 5822 1437 5885 LXXIV.

1939 3212 2101 3268 rent,
2152 3203 2441 3258 contirmat
2487 3218 2584 3259 eos
2632 3218 2730 3273 per
2783 3202 3137 3273 parabolam,
3169 3201 3317 3272 quod
3369 3201 3508 3256 nihil

1941 3311 2171 3365 nsquam
2204 3302 2404 3365 prater
2446 3294 2782 3349 voluntatem
2816 3308 3086 3363 passurus
3117 3292 3222 3347 sit.’
3272 3291 3330 3346 Si
3361 3293 3507 3347 enim

1938 3390 2031 3457 qui
2063 3388 2309 3442 ambulat
2341 3387 2395 3441 in
2421 3386 2514 3442 die
2541 3402 2649 3442 non
2680 3385 2906 3442 oﬂ‘endit
2928 3429 2943 3453 ,
2969 3386 3247 3457 quomodo
3276 3386 3370 3456 qui
3399 3400 3511 3447 om-

1937 3478 2101 3531 nibus
2124 3476 2305 3531 lumen
2330 3476 2609 3540 immittit,
2638 3483 2926 3545 pateretur
2952 3475 3158 3544 aliquid
3217 3475 3510 3528 molestum

1940 3566 2192 3622 inwtus?
2228 3569 2336 3621 Aut
2363 3569 2642 3637 quomodo
2674 3569 2765 3637 qui
2799 3568 3057 3622 omnibus
3090 3567 3297 3622 revelat
3330 3567 3510 3620 occul-

1937 3666 2023 3715 tas
2060 3658 2326 3713 malorum
2375 3658 2585 3729 foveas,
2617 3659 2937 3729 imprudens
2964 3659 3020 3712 in
3050 3674 3145 3713 eas
3177 3658 3383 3715 cadet?
3410 3657 3507 3713 Vel

1940 3765 2053 3804 non
2086 3748 2152 3803 de
2181 3748 2364 3820 seipso
2396 3749 2500 3803 hoc
2529 3748 2693 3813 dicit,
2739 3749 2835 3806 sed
2882 3746 2950 3803 de
2994 3747 3286 3818 discipulis
3308 3786 3323 3812 ,
3372 3749 3507 3802 nihil

1940 3842 2345 3898 eos~acerbum
2421 3855 2723 3911 passuros,
2774 3838 2942 3911 679
2984 3837 3228 3908 quandiu
3257 3853 3381 3892 cum
3413 3838 3510 3893 illo

1941 3938 2134 3996 erunt,
2168 3932 2262 4002 qui
2317 3931 2503 3986 omnia
2559 3930 2866 3994 illuminat,
2918 3928 3126 3999 quique
3173 3944 3280 3983 non
3333 3928 3510 3985 solum

1943 4027 2083 4088 scit,
2115 4022 2210 4078 sed
2245 4022 2372 4079 aliis
2401 4023 2568 4076 etiam
2601 4022 2798 4091 retegit
2838 4022 3052 4076 occulta
3085 4020 3355 4074 malorum
3387 4033 3515 4074 cun-

1946 4115 2103 4178 sitia,
2132 4114 2365 4183 ideoque
2396 4111 2704 4182 praedicens
2746 4111 2830 4166 eis
2860 4111 2914 4164 in
2946 4110 3274 4187 quibu/sdam
3324 4109 3513 4165 futura

1943 4214 2002 4260 et
2030 4204 2346 4259 illuminans
2373 4217 2469 4257 eos
2489 4243 2504 4267 ,
2538 4216 2647 4255 non
2680 4202 2810 4255 sinit
2841 4199 3138 4270 impingere
3166 4199 3219 4253 in
3252 4199 3514 4254 scandala

1946 4297 2000 4350 in
2032 4296 2100 4350 iis
2137 4309 2259 4364 quae
2293 4301 2558 4349 eventura
2587 4300 2737 4346 sunt.

2019 4421 2117 4490 XI,
2149 4425 2235 4479 Η.
2270 4425 2508 4480 Lazarus
2537 4424 2736 4477 amicus
2769 4430 2945 4477 noster
2966 4427 3184 4477 dormit.

2020 4538 2217 4594 Gravis
2246 4536 2465 4591 occasio
2490 4535 2657 4588 trahit
2703 4548 2789 4588 mc
2829 4532 3172 4599 Jerusalem,
3220 4521 3516 4594 hoc'enim

1953 4630 2230 4701 signiﬁcat
2258 4628 2388 4682 illud
2419 4646 2431 4681 :
2471 4646 2489 4677 ‹
2523 4627 2747 4680 Amicus
2793 4633 2980 4681 noster
3022 4625 3266 4692 dormit;
3304 4643 3323 4675 ι
3359 4638 3425 4677 ac
3467 4624 3514 4677 si

1951 4739 2075 4780 eum
2104 4723 2427 4793 neglexero.
2456 4719 2589 4774 mihi
2621 4719 2811 4789 opinio
2836 4716 3285 4772 immisericordis
3309 4724 3364 4771 et
3391 4715 3516 4769 duri

1952 4814 2236 4870 subeunda
2283 4820 2390 4868 est.
2443 4811 2623 4878 Quare
2671 4810 2878 4879 pudere
2928 4824 3029 4863 nos
3078 4812 3326 4877 oportet,
3362 4813 3418 4861 et
3448 4807 3516 4860 ad

1954 4907 2119 4962 amici
2166 4906 2401 4960 salutem
2451 4903 2777 4965 convolare,
2822 4901 3150 4969 contemptis
3199 4896 3514 4953 Juda'orum

1954 4999 2192 5056 insidiis.
2224 4998 2497 5053 Caeterum
2529 4981 2829 5050 ostendens
2861 5006 3159 5073 congruam
3194 4989 3302 5046 Deo
3333 4998 3520 5060 poten-

1955 5091 2085 5145 tiam
2114 5105 2178 5144 ac
2203 5091 2372 5151 vires,
2405 5088 2657 5141 humanae
2686 5086 2882 5140 animae
2914 5100 2944 5138 a
2974 5098 3205 5153 corpore
3235 5096 3516 5137 secessum

1956 5196 2207 5239 somnum
2236 5187 2395 5235 vocat
2419 5197 2434 5235 :
2471 5194 2647 5248 neque
2676 5178 2823 5232 enirn
2856 5183 3086 5231 mortem
3115 5186 3319 5226 vocare
3346 5171 3520 5226 voluit

1918 5290 1923 5293 '
1956 5277 2046 5346 qui
2072 5274 2275 5330 creavit
2293 5273 2565 5327 hominem
2588 5271 2653 5325 ad
2676 5267 3139 5323 immortalitatem
3160 5304 3174 5329 ,
3189 5262 3350 5333 juxta
3373 5260 3524 5316 Scri-

1958 5377 2150 5438 pturas
2181 5366 2249 5432 ³⁸,
2287 5373 2342 5421 et
2369 5362 2756 5436 generationes
2784 5356 2975 5411 mundi
3008 5355 3076 5410 ad
3109 5356 3341 5412 salutem
3369 5353 3519 5408 fecit.

1960 5458 2352 5515 Verumtamen
2386 5457 2548 5510 etiam
2584 5465 2746 5508 verus
2778 5456 2863 5503 est
2898 5461 3112 5512 sermo,
3167 5454 3222 5501 et
3273 5459 3397 5500 vere
3437 5449 3521 5499 est

1956 5564 2186 5609 somnus
2217 5546 2358 5619 apud
2390 5545 2558 5601 Deum
2629 5539 2873 5609 nihilque
2900 5536 3050 5592 aliud
3079 5545 3164 5593 est
3194 5543 3520 5605 temporaria

3177 5798 3213 5859 Ω
