4010 6320
545 384 627 442 43
1552 378 1611 432 S.
1654 374 1933 432 CYRILL!
1967 375 2435 432 ALEXAND?le
2478 377 2777 432 ARCHIEP
3755 388 3823 434 ιφ

555 516 621 558 ac
653 506 1041 556 momentanea
1074 495 1327 566 corporis
1363 495 1539 550 nostri
1576 508 1725 549 mors
1748 533 1762 557 ,
1801 492 2047 563 simplici
2082 501 2137 548 et

2249 511 2335 563 ρον
2361 494 2535 561 οὐδὲν,
2569 497 2597 548 ὁ
2629 497 2963 566 πρόσκαιρος
2990 493 3145 564 ἡμῶν
3172 493 3264 545 τοῦ
3297 494 3547 564 σώματος
3574 495 3824 561 Θάνατος,

555 595 674 652 solo
711 598 988 664 prostrata
1037 597 1173 643 nutu
1219 589 1339 657 ejus
1384 587 1480 656 qui
1529 586 1830 641 secundum
1876 592 2134 641 naturam

2249 584 2380 657 ῲιλῷ
2420 588 2511 641 καὶ
2554 588 2699 658 μόνῳ
2742 586 3184 657 καταργούμενος
3238 586 3467 657 νεύματι
3526 588 3626 659 τῆς
3685 589 3828 645 κατὰ

541 701 712 742 suam
753 685 861 739 vita
898 692 1021 748 est,
1064 682 1168 736 hoc
1200 689 1286 736 est
1323 680 1555 735 Christi.
1596 680 1993 735 Animadverte
2032 693 2135 733 au-

557 793 664 835 tum
691 794 815 834 eum
852 792 959 831 non
983 776 1189 830 dixisse
1217 790 1231 828 :
1268 773 1511 829 Lazarus
1526 783 1780 828 mortuus
1803 771 2137 840 est,etvado

558 869 623 922 :nl
652 867 1011 923 excitandum
1048 880 1213 931 eum;
1261 864 1356 919 sed
1407 863 1522 918 ait:
1557 881 1575 915 ι
1609 862 1846 931 Dormit,
1885 882 1904 917 ι
1932 863 2138 918 fastum

557 973 609 1012 ιιι
645 957 968 1027 jactantiam
1004 956 1185 1010 vitans
1228 954 1298 1010 ad
1338 963 1588 1011 nostram
1629 954 2035 1011 institutionem
2068 968 2139 1009 ac

550 1050 875 1121 utilitatem.
926 1046 1049 1101 Non
1098 1047 1247 1101 enim
1298 1047 1436 1101 adeo
1473 1046 1770 1102 obscuram
1810 1049 2139 1119 plenamque

559 1140 1028 1199 dissimulationis
1061 1140 1340 1195 emisisset
1374 1155 1602 1205 vocem,
1642 1149 1701 1194 ut
1735 1142 1826 1195 vix
1863 1141 1966 1211 ipsi
1997 1156 2139 1210 quo-

560 1248 668 1303 que
712 1233 969 1302 discipuli
1007 1246 1316 1287 sermonem
1374 1231 1769 1302 intelligerent.
1826 1232 1943 1287 Non
1992 1232 2140 1303 enim

562 1327 701 1380 dixit
725 1325 920 1380 :'Vado
955 1324 1332 1379 viviticaturus
1358 1331 1413 1379 et
1446 1340 1475 1377 ιι
1509 1327 1745 1380 mortuis
1772 1327 2140 1380 suscitaturus

562 1432 720 1483 cum,
753 1417 870 1481 sed,
926 1435 945 1467 ι
977 1414 1470 1486 expergefacturus
1498 1455 1513 1479 ,
1542 1434 1576 1468 ι
1622 1418 1768 1485 quod
1801 1416 2021 1487 quidem
2046 1433 2140 1470 va-

561 1525 725 1563 cuum
760 1517 880 1562 erat
916 1509 985 1563 ab
1015 1509 1164 1564 omni
1201 1508 1521 1578 suspicione
1549 1508 1855 1576 jactantize.

630 1617 733 1684 XI,
773 1618 859 1672 12.
899 1617 1203 1682 Sidormil,
1240 1617 1552 1671 salvabitur.

635 1732 715 1786 Illi
760 1746 914 1797 vero,
957 1745 1067 1784 non
1108 1729 1480 1801 intelligentes
1515 1731 1623 1784 vim
1663 1729 1837 1798 verbi,
1877 1731 2146 1801 putabant

2242 681 2403 753 φύσιν
2457 679 2622 752 ζωῆς,
2665 679 2809 732 τοῦτ’
2848 680 2963 732 ἐστι
3014 679 3273 751 Χριστοῦ.
3317 680 3461 752 Ὅρα
3501 681 3559 735 δέ
3602 682 3682 736 ὅτι
3726 684 3824 737 οὐκ

2241 770 2381 829 εἷπε·
2429 772 2676 843 Λάζαρος
2727 771 2984 837 ἀπέθανε,
3031 774 3125 826 καὶ
3174 773 3479 846 πορεύομαι
3523 776 3827 847 ἀναστῆσαι

2242 865 2431 932 αὑτὸν,
2473 864 2610 918 ἀλλά
2654 881 2808 933 φησι,
2842 883 2861 914 ι
2907 866 3268 937 Κεκοίμηται,
3304 884 3322 916 ι
3360 867 3420 919 τὺ
3449 870 3827 937 κομπαστικδν

2244 957 2482 1028 φεύγων,
2527 955 2662 1027 πρὸς
2703 956 2981 1026 ἡμετέραν
3023 956 3370 1011 διδασκαλίαν
3403 958 3497 1011 καὶ
3535 958 3824 1027 ὠφέλειαν.

2245 1049 2318 1103 Οὐ
2365 1049 2474 1119 γὰρ
2510 1047 2577 1101 ἂν
2605 1046 2775 1108 οὕτως
2820 1046 3066 1118 ἀμυδρὰν
3115 1048 3252 1116 μετά
3300 1048 3649 1118 ἐπικρύψεως
3675 1050 3829 1119 ἠφίει

2245 1140 2448 1212 φωνὴν,
2483 1138 2558 1201 ὡς
2594 1136 2713 1208 μηδ’
2756 1137 2955 1200 αὐτοὺς
3003 1138 3238 1192 συνιέναι
3284 1141 3411 1202 τοὺς
3444 1139 3691 1211 μαθητὰς
3738 1141 3828 1194 τὸν

2243 1231 2418 1301 λόγον.
2457 1231 2532 1285 Οὐ
2553 1230 2659 1301 γὰρ
2685 1229 2812 1298 ἔφη,
2846 1229 3160 1300 Πορεύομαι
3181 1229 3416 1293 ζωώσων
3441 1231 3473 1302 ἢ
3507 1233 3828 1302 ἀναστήσων

2238 1324 2408 1377 αὑτὸν
2437 1326 2500 1376 ἐκ
2522 1322 2752 1391 νεκρῶν,
2775 1321 2888 1373 ἀλλ’
2914 1340 2933 1372 ι
2974 1321 3327 1385 Ἐξυπνίσων·
3367 1340 3384 1371 ι
3411 1318 3626 1392 ὃπερῆν
3658 1324 3827 1393 ἀργὴν

2242 1413 2381 1476 τέως
2415 1414 2494 1476 εἰς
2522 1414 2784 1483 ὑποψίαν.

2294 1610 2385 1663 Εἰ
2413 1607 2784 1677 κεκοίμηται,
2812 1607 3173 1674 σωθήσεται.

2332 1726 2557 1779 Ἐκεῖνοι
2599 1725 2656 1777 δέ
2690 1726 2764 1796 μὴ
2793 1725 3083 1796 νοήσαντες
3119 1721 3217 1777 τοῦ
3258 1723 3418 1790 λόγου
3448 1723 3547 1794 τὴν
3574 1723 3825 1794 δύναμιν,

564 1825 751 1881 Jesum
787 1823 976 1877 dicere
1014 1821 1082 1876 de
1120 1821 1465 1877 dormitione
1505 1823 1706 1887 somni,
1728 1823 1844 1892 qui,
1890 1838 2143 1892 saepenu-

2249 1822 2502 1893 ᾠήθησαν
2538 1818 2628 1873 τὸν
2688 1819 2892 1888 Ἰησοῦν
2928 1819 3106 1886 λέγειν
3143 1820 3271 1889 περὶ
3302 1819 3608 1890 κοιμήσεως
3639 1817 3830 1880 ὕπνου,

567 1932 720 1973 mero
783 1914 1021 1971 infirmis
1084 1913 1407 1977 adveniens,
1440 1915 1680 1984 quietem
1744 1912 1955 1969 aﬂ'ert:
2016 1914 2140 1969 ideo

2249 1915 2303 1978 ὃς
2330 1915 2422 1968 ἐπὶ
2450 1913 2508 1965 τὸ
2542 1911 2675 1966 πολὺ
2699 1915 2811 1976 τοῖς
2828 1910 3501 1984 ἀρῤώστοιςσυμόαίνων,
3524 1910 3833 1964 ἀνάπαυσιν

567 2010 721 2061 aiunt
746 2026 759 2062 :
782 2006 902 2060 Non
940 2013 1024 2060 est
1064 2004 1262 2059 idonea
1297 2020 1464 2059 causa
1505 2006 1780 2071 veniendi,
1804 2015 2143 2077 utexpcrge-

2249 2010 2410 2061 ποιεῖ·
2444 2007 2523 2059 διό
2540 2019 2724 2076 φασιν⁶
2753 2007 2868 2060 Οὐκ
2898 2006 3172 2073 ἀξιόλογος
3200 2007 3237 2076 ἡ
3269 2003 3452 2072 ἄφιξις
3472 2002 3567 2057 τοῦ
3587 2003 3833 2072 ἀφυπνον

568 2084 738 2153 facias
799 2113 827 2152 a
885 2112 1078 2153 somno
1110 2095 1413 2164 Lazarum,
1447 2113 1625 2168 neque
1658 2098 1791 2153 utile
1824 2107 1909 2154 est
1955 2097 2143 2153 excuti

2249 2100 2472 2171 ποιῆσαι
2516 2099 2606 2152 τὸν
2635 2095 2904 2168 Λάζαρον,
2955 2098 3075 2150 οὐδὲ
3101 2097 3400 2167 ἐπωφελὲς,
3445 2095 3506 2148 τὸ
3547 2094 3834 2160 ἐξυπνίσαι

570 2206 826 2248 somnum
882 2191 1094 2260 aegroti.
1146 2189 1274 2246 Haec
1329 2200 1518 2246 autem
1576 2191 1833 2246 dicebant
1881 2204 2143 2246 revocare

2249 2193 2549 2265 ἄρρωστον.
2593 2191 2780 2245 Ταῦτα
2808 2190 2863 2243 δέ
2896 2190 3102 2259 ἔλεγον,
3130 2188 3353 2258 ἐκκόψαι
3380 2187 3546 2242 αὑτὸν
3578 2188 3836 2259 βουλόμες

570 2284 814 2339 volcntes
866 2297 990 2338 eum
1046 2283 1115 2337 ab
1173 2282 1430 2336 instituto
1484 2282 1720 2345 itinere,
1785 2281 2143 2350 dicentesque

2249 2302 2329 2339 νοι
2375 2287 2475 2355 τῆς
2514 2282 2657 2351 ὁδοῦ,
2692 2283 2942 2351 λέγοντες
2976 2283 3056 2335 ὅτι
3086 2280 3187 2334 οὐκ
3216 2278 3367 2345 ἀξιον
3395 2281 3453 2334 ἐν
3485 2279 3635 2350 μέσῳ
3676 2279 3831 2347 γενέ-

570 2372 797 2426 minime
829 2385 858 2425 e
897 2386 955 2426 re
996 2370 1172 2426 videri
1206 2378 1265 2425 ut
1294 2371 1347 2424 in
1382 2371 1564 2426 medio
1597 2370 1931 2427 sicariorum
1962 2386 2143 2425 verse-

2253 2375 2377 2429 σθαι
2416 2375 2523 2430 τῶν
2574 2375 2869 2444 φονευτῶν,
2918 2372 3006 2427 διὰ
3060 2372 3122 2425 τὺ
3175 2372 3397 2443 ποιῆσαι
3455 2373 3685 2442 πρᾶγμα
3733 2371 3835 2423 οὐκ

571 2468 661 2514 tur
695 2469 916 2532 propter
945 2475 1168 2530 operam
1200 2460 1473 2515 inutilem.

2251 2467 2552 2536 ἐπωφελές.
2970 2462 2979 2468 ”

642 2614 741 2677 ιιι,
766 2616 865 2670 ~14.
900 2614 1141 2668 Lazarus
1181 2623 1419 2668 mortuus
1449 2622 1547 2677 est,
1583 2621 1691 2668 etc.

2322 2620 2580 2691 Λάζαρος
2602 2622 2889 2687 ἀπέθανε,
2911 2623 3003 2677 καὶ
3026 2621 3093 2675 τὰ
3121 2622 3266 2692 ἑξῆς.

642 2731 777 2786 Cum
805 2745 910 2784 non
938 2728 1605 2798 intellrxissentdiscipuli
1630 2742 1757 2782 eum
1784 2735 2010 2783 mortem
2035 2741 2136 2782 vo-

2322 2731 2416 2803 Μὴ
2444 2732 2755 2802 νοησάντων
2797 2727 2888 2784 οὖν
2918 2730 3026 2783 τῶν
3061 2730 3342 2801 μαθητῶν,
3370 2730 3452 2782 ὅτι
3471 2729 3560 2781 τὸν
3581 2726 3813 2781 θάνατον

572 2837 725 2878 casse
751 2836 1032 2883 sumnum,
1070 2820 1367 2874 dilucidius
1412 2818 1677 2887 expressit
1707 2818 1912 2883 dicens,
1944 2816 2138 2873 «Mor-

2253 2824 2419 2879 ὓπνον
2465 2823 2750 2891 ὠνόμασε,
2809 2824 3125 2892 λευκότερον
3179 2822 3441 2892 ἐνέφηνεν
3499 2817 3705 2883 εἰπὼν,
3752 2819 3838 2872 ὃτι

572 2924 701 2967 tuus
722 2918 826 2966 est.
861 2929 879 2961 ι
917 2910 1009 2962 Ait
1029 2919 1208 2963 autem
1235 2923 1294 2962 se
1323 2906 1559 2976 gaudere
1588 2920 1694 2960 non
1723 2905 1787 2960 ad
1814 2905 2135 2972 vanitatem,

2259 2937 2278 2970 ι
2329 2917 2642 2972 Ἀπέθανεν.
2677 2934 2695 2966 ι
2716 2916 2854 2985 Φησὶ
2875 2915 2929 2967 δὲ
2954 2915 3153 2967 ἐαυτὸν
3172 2914 3404 2986 χαίρειν,
3439 2914 3499 2965 οὐ
3523 2913 3611 2966 διὰ
3632 2911 3840 2981 φιλοδοο

571 3007 702 3075 quia
743 3003 1070 3058 miraculum
1110 3008 1431 3072 patraturus
1473 3007 1662 3066 esset,
1715 3000 1814 3056 sed
1859 3002 1991 3071 quia
2034 3001 2143 3058 haec

2254 3009 2394 3077 ξίαν,
2444 3008 2527 3061 ὅτι
2571 3006 2761 3077 ἔμελλε
2812 3006 3033 3076 ποιῆσαι
3074 3008 3135 3058 τὸ
3169 3004 3376 3076 θαῦμα,
3399 3005 3513 3057 ἀλλ’
3552 3006 3639 3057 ὅτι
3681 3002 3839 3058 τοῦτο

572 3110 740 3150 causa
774 3095 960 3149 futura
988 3101 1102 3148 erat
1135 3093 1426 3162 discipulis
1456 3092 1603 3147 fidei.
1634 3092 1804 3163 680
1830 3092 1985 3159 Quod
2020 3109 2143 3149 vero

2256 3097 2527 3169 πρόφασις
2572 3095 2763 3166 ἔμελλε
2791 3094 3035 3164 γίνεσθαι
3072 3099 3187 3158 τοῖς
3209 3095 3479 3165 μαθηταῖς
3512 3097 3591 3158 εἰς
3631 3095 3836 3147 πίστιν.

574 3186 738 3252 dicit,
765 3204 784 3238 ι
814 3185 934 3241 Non
965 3199 1114 3241 eram
1145 3183 1216 3238 ibi
1245 3225 1261 3251 ,
1290 3203 1310 3236 ι
1339 3184 1443 3239 hoc
1472 3182 1785 3255 significata
1827 3183 1883 3239 Si
1919 3184 2143 3240 fuissem

2254 3189 2403 3243 Τὸδέ
2430 3190 2624 3254 εἰπεῖν,
2668 3189 2749 3241 ὅτι
2779 3207 2795 3238 ι
2834 3188 2949 3241 Οὐκ
2978 3188 3127 3259 ήμην
3164 3190 3297 3254 ἐκεῖ,
3334 3205 3353 3238 ι
3388 3188 3545 3240 τοῦτο
3569 3187 3735 3256 δηλοῖ·
3770 3187 3839 3239 Εἰ

576 3281 687 3346 ibi,
741 3293 849 3334 non
907 3285 1158 3333 mortuus
1193 3283 1377 3342 esset;
1428 3278 1691 3333 misertus
1730 3278 1876 3333 enim
1919 3278 2143 3334 fuissem

2252 3280 2401 3351 ήμην
2450 3280 2584 3343 ἐκεῖ,
2633 3279 2732 3330 οὐκ
2780 3277 3004 3347 ἔμελλεν
3042 3278 3427 3348 ἀποθνήσκεινο
3472 3277 3678 3348 ἠλέησα
3727 3274 3841 3346 γὰρ

575 3373 697 3443 ejus
734 3371 820 3426 vel
858 3369 1052 3426 leviter
1088 3370 1451 3441 argrotantis;
1494 3385 1642 3425 nunc
1688 3386 1856 3437 vero,
1902 3386 1991 3426 me
2048 3371 2143 3425 ab-

2252 3370 2415 3425 αὑτὸν
2459 3370 2553 3422 καὶ
2594 3369 2772 3437 ὀλίγον
2807 3368 3101 3439 κάμνοντα’
3154 3368 3247 3422 νῦν
3281 3369 3360 3433 δὲ,
3409 3368 3642 3431 ἀπόντος
3675 3364 3835 3436 ἐμοῦ,

574 3470 766 3530 sente,
795 3461 1025 3532 contigit
1054 3475 1240 3524 mors,
1285 3468 1345 3515 ut
1390 3461 1671 3518 suscitans
1717 3477 1842 3517 eum
1895 3477 2149 3532 magnam

578 3557 867 3624 importem
903 3552 1060 3607 vobis
1098 3553 1391 3608 utilitatem
1428 3568 1525 3623 per
1557 3552 1718 3610 fidem
1768 3555 1824 3609 in
1870 3571 1977 3611 me.
2026 3554 2152 3610 Haec

576 3658 708 3699 vero
734 3642 870 3698 dicit
899 3641 1191 3708 Christus,
1226 3658 1336 3697 non
1368 3645 1528 3713 quasi
1565 3653 1697 3700 tunc
1729 3653 1941 3700 tantum
1977 3647 2155 3716 possit

574 3735 738 3792 edere
784 3735 1048 3789 miracula
1077 3775 1094 3801 ,
1124 3750 1251 3790 cum
1292 3736 1483 3803 adsit,
1516 3737 1616 3793 sed
1663 3740 1925 3808 quoniam
1962 3738 2009 3793 si
2055 3738 2154 3792 ad-

576 3825 792 3892 fuisset,
827 3841 934 3881 non
973 3827 1307 3896 neglexisset
1339 3828 1579 3882 amicum
1610 3829 1679 3881 ad
1714 3836 1944 3882 mortem
1978 3844 2154 3898 usque

566 3917 873 3988 'dejectum.
908 3917 1046 3972 Illud
1077 3933 1204 3973 vero
1224 3959 1240 3984 ,
1272 3938 1289 3969 ι
1314 3918 1518 3975 Eamus
1546 3919 1615 3974 ad
1646 3933 1771 3974 eum
1792 3959 1806 3983 ,
1834 3936 1853 3969 ι
1878 3925 2143 3989 tanquam

578 4009 646 4063 ad
677 4008 864 4063 vivum
904 4008 1082 4076 dicit;
1115 4009 1307 4064 vivunt
1347 4011 1492 4066 enim
1537 4011 1589 4066 ei
1637 4017 1697 4064 ut
1744 4008 1855 4065 Deo
1903 4012 2144 4078 mortui,

576 4110 838 4170 tanquam
867 4099 959 4168 qni
990 4100 1189 4155 victuri
1216 4109 1369 4158 sunt.

646 4210 717 4266 XI
742 4252 755 4276 ,
785 4211 872 4268 f6.
905 4212 1059 4266 Dixit
1085 4214 1250 4285 igitur
1282 4214 1503 4269 Thomas
1525 4229 1544 4268 .'
1566 4211 1770 4268 Eamus
1796 4223 1845 4270 et
1874 4231 1991 4283 nos,
2024 4224 2153 4270 utet

575 4321 671 4359 nos
697 4319 989 4358 moriamur
1013 4321 1132 4358 cum
1156 4322 1237 4360 80.

647 4417 870 4472 Thomze
914 4432 1095 4472 sermo
1146 4423 1454 4487 promptam
1505 4415 1729 4486 quidem
1778 4417 2149 4485 voluntatem,

576 4506 671 4564 sed
703 4519 757 4562 et
795 4508 1142 4563 timiditatem
1163 4549 1177 4575 ,
1210 4508 1568 4577 animumque
1601 4522 1927 4578 generosum
1964 4518 2020 4563 et
2053 4508 2152 4566 Dei

575 4692 723 4747 enim
763 4690 881 4746 vult
914 4704 1232 4756 remanere,
1269 4688 1366 4745 sed
1398 4697 1453 4744 et
1488 4689 1628 4745 alios
1660 4700 1720 4745 ut
1753 4690 1895 4745 idem
1937 4690 2148 4747 faciant

577 4783 848 4849 hortatur,
881 4779 978 4836 sed
1015 4789 1199 4834 tamen
1236 4779 1480 4834 futurum
1512 4788 1668 4851 putat
1721 4790 1778 4837 ut
1814 4783 2020 4838 malum
2054 4800 2140 4840 ac-

577 4877 784 4948 cipiant
813 4891 843 4930 a
873 4873 1105 4942 Iudaeis,
1131 4875 1334 4945 quibus
1364 4875 1585 4932 animus
1614 4884 1698 4932 est
1727 4879 2144 4949 sanguinarius,

575 4983 686 5024 non
737 4967 1362 5024 consideranS‘scilicet
1390 4968 1501 5022 vim
1548 4975 1603 5022 et
1644 4977 1973 5038 potestatem
2019 4970 2149 5027 Ser-

573 5060 810 5126 vatoris,
845 5058 991 5128 quod
1025 5058 1198 5128 magis
1231 5058 1499 5128 oportuit.
1539 5057 1801 5115 Faciebat
1831 5065 2016 5116 autem
2046 5077 2144 5119 eos

574 5150 794 5205 timidos
837 5148 1128 5214 Christus,
1178 5163 1345 5219 supra
1397 5148 1620 5205 modum
1674 5151 2004 5221 iniuriarum
2041 5168 2143 5224 pa-

573 5241 716 5295 tiens
759 5253 901 5309 quas
960 5239 1266 5311 accipiebat
1292 5255 1321 5294 a
1354 5239 1583 5298 Judzeis.
1618 5244 1715 5297 Ait
1746 5259 1876 5315 ergo
1906 5260 2015 5300 non
2049 5245 2157 5303 de-‘

571 5331 865 5386 serendum
897 5345 1022 5386 esse
1045 5332 1368 5403 magistrum
1391 5372 1405 5396 ,
1439 5334 1570 5389 licet
1601 5346 1813 5391 certum
1847 5351 1911 5392 ac
1950 5323 2141 5408 explo;

573 5430 749 5477 ratum
782 5431 1120 5494 proponatur
1148 5426 1490 5496 periculum:
1527 5442 1627 5483 ceu
1674 5444 1805 5484 vero
1850 5431 2143 5487 subridens

570 5515 974 5575 ouodammodo
995 5516 1235 5576 Thomas
1258 5518 1474 5576 dicebat
1496 5520 1631 5575 illud
1655 5562 1669 5587 ,
1694 5538 1713 5572 ι
1740 5519 1965 5587 Eamus,
1993 5542 2011 5576 ι
2036 5523 2141 5579 hoc

567 5617 673 5676 est,
707 5608 1022 5679 Moriamur;
1058 5610 1153 5667 Vel
1184 5612 1266 5669 sic
1299 5613 1468 5668 dicit:
1494 5611 1731 5668 Omnino
1760 5615 1805 5670 si
1842 5615 2138 5681 iverimus,

571 5700 868 5770 periimts;
915 5703 1010 5757 sed
1050 5711 1233 5758 tamen
1267 5704 1381 5774 pati
1426 5717 1537 5757 non
1572 5719 1891 5760 recusemus
1912 5745 1927 5768 ,
1962 5723 2139 5777 neque

564 5792 712 5847 enim
731 5793 867 5847 tanti
892 5791 1074 5849 facere
1096 5796 1264 5850 vitam
1298 5808 1398 5849 nos
1428 5802 1679 5863 oportet;
1712 5796 1757 5851 si
1790 5807 1969 5853 autem
2001 5813 2125 5855 sus-

2255 3460 2452 3531 συνέϐη
2511 3461 2538 3512 ὀ
2587 3459 2836 3524 θάνατος,
2870 3461 2955 3513 ἵνα
2993 3461 3305 3530 ἀναστήσας
3358 3458 3539 3526 αὑτὸν,
3591 3458 3838 3530 μεγάλην

2255 3554 2382 3623 ὑμῖν
2401 3554 2686 3622 ἐμποιήσω
2702 3552 2799 3624 τὴν
2825 3544 3093 3621 ὠφέλειαν
3113 3551 3200 3605 διά
3226 3551 3323 3622 τῆς
3353 3552 3433 3614 είς
3457 3549 3558 3621 ἐμὲ
3578 3549 3833 3613 πίστεως.

2255 3643 2439 3699 Ταῦτα
2463 3643 2521 3697 δὲ
2561 3644 2711 3713 λέγει
2743 3645 2771 3697 ὁ
2802 3645 3057 3717 Χριστὸς,
3092 3646 3191 3716 οὐχ
3218 3644 3302 3708 ὡς
3331 3644 3452 3697 τότε
3487 3644 3645 3714 μόνον
3672 3644 3837 3698 δυνάο

2261 3753 2418 3807 μενος
2447 3736 2517 3789 τὰ
2549 3736 2824 3807 θεοπρεπῆ
2853 3739 3047 3799 ποιεῖν,
3076 3738 3203 3790 ὅταν
3245 3738 3416 3807 παρῇ·
3448 3735 3562 3789 ἀλλ’
3600 3735 3838 3805 ἐπείπερ

2256 3829 2304 3881 εἰ
2336 3831 2538 3900 παρῆν,
2582 3828 2683 3882 οὐκ
2718 3828 2783 3882 ἂν
2810 3829 3057 3899 ιπαρείδε
3109 3829 3200 3882 τὸν
3247 3827 3398 3898 φίλον
3444 3825 3554 3890 ἕως
3601 3825 3835 3880 θανάτου

2256 3920 2748 3977 καταϐιϐασθέντα.
2780 3922 2853 3974 Τὸ
2879 3921 2959 3986 δὲ,
2990 3941 3008 3973 ι
3043 3922 3297 3991 ’Ἄγωμεν
3320 3918 3456 3991 πρὸς
3485 3917 3669 3983 αὐτὸν,
3701 3936 3721 3969 ι
3758 3917 3838 3980 ὡς

2256 4014 2391 4084 πρὸς
2418 4014 2599 4079 ζῶντά
2633 4031 2786 4083 φησι*
2826 4012 2960 4079 ζῶσι
2990 4015 3096 4084 γὰρ
3127 4012 3277 4082 αὐτῷ
3301 4011 3600 4084 ὠςΘεῷοὶ
3629 4010 3834 4084 νεκροὶ,

2255 4105 2330 4170 ὡς
2365 4105 2648 4178 μέλλοντες
2662 4106 2880 4176 ζήσειν.

2321 4216 2507 4275 Εἶπεν
2554 4216 2727 4280 οὖνιό
2762 4218 3001 4290 Θωμᾶςο
3035 4222 3292 4290 Ἄγωμεν
3337 4220 3437 4275 καὶ
3487 4218 3678 4290 ἡμεῖς,
3734 4218 3835 4274 ἵνα

2251 4311 2645 4382 ἀποθάνωμεν
2666 4314 2793 4381 μετ’
2826 4311 3035 4367 αὐτοῦ.
3120 4339 3132 4351 ι

2335 4424 2395 4477 '0
2439 4424 2533 4477 τοῦ
2579 4424 2752 4495 Θωμᾶ
2783 4422 2939 4492 λόγος
2977 4424 3090 4495 ἔχει
3141 4424 3237 4494 μὲν
3276 4424 3604 4495 προθυμίαν·
3635 4422 3748 4494 ἔχει
3776 4421 3834 4476 δέ

2248 4514 2351 4568 καὶ
2389 4515 2610 4579 δειλίαν,
2653 4516 2749 4568 καὶ
2780 4516 2974 4585 γέγονε
3019 4517 3114 4587 μὲν
3148 4518 3211 4569 ἐκ
3251 4517 3497 4584 φιλοθέου
3545 4517 3831 4587 φρονήμα·

468 4669 479 4675 _
579 4608 853 4654 amantem
875 4636 890 4663 ,
925 4598 1023 4654 sed
1058 4598 1382 4668 permistum
1417 4597 1810 4654 incredulitate
1840 4599 2005 4669 sapit.
2036 4599 2143 4656 Nec

2250 4623 2363 4671 τος,
2412 4607 2886 4677 κατακεκέρασται
2928 4606 2989 4661 δὲ
3036 4609 3102 4678 τῇ
3183 4605 3543 4677 ὀλιγοπιστίᾳ.
3594 4606 3833 4658 Ἀπολει-

2245 4698 2448 4769 φθῆναι
2476 4696 2585 4769 γὰρ
2627 4698 3027 4769 οὐκάνέχεται,
3058 4697 3194 4752 ἀλλά
3223 4699 3317 4752 καὶ
3344 4699 3470 4762 τοὺς
3490 4697 3681 4760 ἄλλους
3702 4699 3832 4751 ἀνα-

2245 4790 2422 4844 πείθει
2470 4790 2629 4844 τοῦτο
2674 4794 2866 4844 ποιεῖν’
2922 4793 3072 4862 ὅμως
3117 4791 3286 4845 οῐεται
3338 4794 3418 4845 ὅτι
3481 4790 3574 4844 καὶ
3636 4790 3829 4845 παθεῖν

2246 4879 2471 4951 ἔμελλον
2499 4880 2604 4933 ὑπὸ
2626 4880 2916 4944 Ἰουδαίων,
2945 4881 3008 4934 οὐ
3033 4880 3279 4944 θέλοντος
3312 4880 3500 4943 αὐτοῦ,
3532 4880 3617 4932 διά
3650 4879 3712 4933 τὸ
3735 4896 3831 4949 φο-

2247 4977 2397 5029 νικὸν
2438 4975 2548 5029 τῶν
2607 4974 2894 5038 Ἰουδαίων,
2926 4976 2988 5028 οὐ
3037 4976 3256 5030 σκοπῶν
3285 4975 3384 5045 τὴν
3415 4974 3508 5027 τοῦ
3565 4972 3828 5038 σώζοντος

2246 5067 2496 5139 δύναμιν,
2526 5068 2663 5137 ὅπερ
2691 5067 2799 5120 ἔδει
2842 5066 3062 5138 μᾶλλον.
3096 5066 3299 5121 Ἔποίει
3320 5066 3376 5120 δὲ
3400 5066 3597 5128 αὐτοὺς
3622 5064 3828 5127 δειλοὺς

2245 5161 2275 5213 ό
2306 5160 2563 5232 Χριστὸς,
2589 5160 2730 5232 ὑπὲρ
2775 5160 2972 5230 μέτρον
3021 5157 3356 5224 ἀνεξικακῶν
3395 5160 3452 5213 ἐν
3481 5153 3561 5221 οἷς
3591 5159 3826 5228 ἔπασχεν

2248 5252 2353 5306 ὑπὸ
2392 5252 2682 5306 Ἰουδαίων.
2721 5252 2883 5321 Λέγει
2912 5248 3004 5306 οὖν
3048 5251 3121 5322 μὴ
3153 5251 3349 5323 χρῆναι
3376 5250 3707 5321 χωρίζεσθαι
3735 5249 3826 5303 τοῦ

2249 5343 2586 5409 διδασκάλου,
2619 5345 2668 5398 εί
2707 5345 2800 5398 καί¹
2841 5343 3206 5415 ἀναμφίόολος
3246 5342 3532 5413 πρόκειται
3566 5341 3825 5403 κίνδυνος·

2249 5439 2324 5502 ὡς
2380 5437 2708 5508 ὑπομειδιῶν
2739 5439 2795 5491 δέ
2849 5439 3047 5510 τρόπον
3098 5435 3219 5490 τινὰ
3257 5436 3286 5488 ὁ
3319 5434 3521 5505 Θωμᾶς
3551 5433 3703 5502 ἔλεγε
3740 5435 3821 5498 τὸ,

2250 5529 2540 5600 Ἄγωμεν,
2592 5528 2733 5582 τοῦτ’
2760 5529 2930 5595 ἔστιν,
2967 5527 3371 5598 ’Ᾱποθάνωμεν,
3403 5526 3476 5579 Ἦ
3502 5524 3643 5579 οὕτω
3670 5525 3825 5594 φησί·

2244 5619 2468 5681 Πάντως
2511 5618 2607 5672 ἐὰν
2649 5619 2999 5690 ἀπέλθωμεν,
3046 5618 3486 5691 ἀποθνήσκομεν,
3547 5617 3698 5685 ὅμως
3748 5614 3823 5686 μὴ

2245 5709 2707 5780 παραιτησώμεθα
2769 5711 2830 5763 τὸ
2894 5710 3104 5764 παθεῖν·
3159 5712 3220 5765 ού
3275 5710 3383 5782 γάρ
3433 5709 3515 5763 δετ
3572 5706 3824 5763 τοσοῦτον

2235 5800 2548 5870 φιλοψυχεῖν
2586 5818 2597 5832 ο
2649 5804 2696 5854 εξ
2743 5803 2798 5856 δὲ
2841 5804 3044 5873 ἐγείρει
3092 5804 3185 5858 τὸν
3234 5802 3449 5874 νεκρὸν,
3493 5798 3745 5872 περιττὸς
3796 5799 3825 5852 ὁ
