4010 6320
304 264 379 319 45
1155 261 1219 315 ΙΝ
1249 260 1587 316 JOANNEM.
1614 261 1815 317 —~LIB.
1856 261 1947 317 V'il
1986 262 2073 317 ET
2116 260 2230 315 VIII
2276 260 2722 316 FRAGMENTA.
3496 268 3567 325 ὅθ

304 380 487 450 φόϐος
517 379 712 449 ἔχομεν
746 380 852 448 γάρ
881 378 971 432 τὸν
998 377 1296 448 δυνάμενον
1327 380 1625 449 ἀναστῆσαι
1657 380 1793 449 μετὰ
1820 379 1868 432 τὲ

1984 380 2119 431 citat
2170 387 2467 443 mortuum,
2495 378 2809 448 superﬂuus
2834 388 2915 433 est
2939 378 3396 443 timor,habemus
3418 385 3563 441 enim

308 488 513 525 πεσειν.

374 556 494 617 Ἦν
512 558 581 613 δὲ
608 561 644 627 ἡ
671 560 935 626 Βηθανία
955 557 1132 628 ἐγγὺς
1163 557 1281 612 τῶν
1314 559 1743 628 Ἰεροσολύμων
1761 558 1878 613 ἀπὸ

304 651 567 705 σταδίων
588 650 937 704 δεκαπέντε.

375 741 475 795 Διὰ
503 741 661 794 τοῦτο
693 742 785 793 καὶ
819 741 879 793 τὸ
921 739 1194 810 διάστημα
1225 740 1369 809 λέγει
1398 741 1504 793 τῶν
1526 740 1746 810 ἡμερῶν
1774 742 1880 794 τῶν

304 834 443 904 μετὰ
472 834 562 886 τὸν
590 833 816 887 θάνατον
853 833 1123 903 Λαζάρου,
1162 834 1247 886 ἵνα
1278 835 1369 887 ἐπὶ
1398 834 1555 887 πλέον
1590 835 1877 907 θαυμασθῇ

299 925 363 979 τὸ
403 924 606 995 θαῦμα,
646 926 739 977 καὶ
791 925 863 995 μή
926 942 1010 988 τις
1056 925 1186 996 εἴπῃ
1221 926 1401 996 τυχὸν,
1454 929 1533 979 ὅτι
1573 927 1709 997 μετά
1752 928 1877 996 μίαν

300 1016 513 1087 ἡμέραν
543 1016 810 1087 ἐληλύθει»
867 1016 960 1069 καὶ
989 1016 1087 1069 οὐκ
1114 1012 1181 1088 ἢν
1226 1016 1475 1082 τεθνεὼς»
1522 1018 1654 1071 ἀλλά
1697 1020 1878 1090 ﬁt)?”

299 1107 531 1161 στοῦντα
571 1109 733 1161 αὑτὸν
774 1109 979 1179 ἤγειρε.
1015 1109 1177 1176 Λέγει
1212 1108 1266 1162 δὲ
1300 1110 1382 1163 ὅτι
1425 1109 1606 1163 πολλοί
1642 1108 1782 1182 ἦσαν
1823 1114 1880 1164 ἐν

295 1200 364 1268 τῇ
413 1197 654 1268 Βηθανίᾳ
698 1198 959 1262 Ἰουδαῖοι,
1006 1197 1182 1251 καίτοι
1230 1198 1430 1270 χωρίου
1472 1202 1570 1251 οὐκ
1610 1200 1759 1263 ὄντος
1782 1217 1880 1252 πο-

294 1288 672 1358 λυανθρώπου,
700 1290 765 1341 ὲκ
794 1288 892 1357 τῆς
932 1289 1286 1361 Ἰερουσαλὴμ
1317 1290 1775 1362 παραγενόμενοι’
1819 1292 1878 1345 οὐ

294 1379 406 1450 γὰρ
460 1376 528 1450 ἦν
569 1380 701 1433 πολὺ
732 1380 791 1432 τὸ
831 1380 929 1450 τῆς
949 1381 1070 1433 ὁδοῦ
1112 1383 1388 1452 διάστημα
1417 1382 1477 1435 τὸ
1517 1382 1723 1435 κωλύον
1756 1385 1880 1447 τοὺς

296 1470 638 1532 ὲνδιαθέτους
668 1470 852 1539 φίλους
887 1474 1125 1525 συνεῖναι
1175 1475 1294 1535 ταῖς
1329 1474 1456 1543 περὶ
1478 1473 1574 1545 τὴν
1624 1476 1878 1545 Μάρθαν·

295 1560 419 1631 ἢτοι
448 1562 679 1633 ἐπείπερ
722 1562 1045 1627 ἐξάκουστον
1073 1562 1264 1632 γέγονε
1288 1563 1349 1616 τὸ
1382 1562 1564 1635 θαῦμα
1595 1567 1652 1618 ἐν
1691 1562 1759 1639 τῇ
1790 1567 1881 1619 Ἱε-

298 1654 578 1726 ρουσαλὴμ
626 1654 776 1726 παρὰ
815 1657 947 1708 πᾶσι
992 1657 1086 1709 καὶ
1127 1656 1184 1709 ὲν
1223 1659 1288 1727 τῇ
1336 1657 1658 1728 περιχώρῳ,
1699 1659 1879 1730 τίθησι

295 1747 395 1817 τὴν
424 1748 618 1812 αἰτίαν,
646 1747 725 1801 ὅτι
770 1748 980 1802 πολλῶν
1017 1748 1185 1802 ὄντων
1210 1750 1357 1813 ἐκεῖ,
1389 1750 1613 1813 εἰκότως
1636 1751 1879 1805 ἅπαντα.

293 1839 421 1907 χὸσε
445 1838 653 1909 διεδόθη
680 1841 709 1891 6
743 1834 918 1907 λδγοςσ
949 1839 1057 1893 τῶν
1103 1839 1203 1909 μὲν
1238 1839 1644 1910 θαυμαζόντων,
1683 1841 1789 1895 τῶν
1821 1842 1878 1894 δὲ

294 1928 383 1981 διὰ
418 1919 608 1996 φθόνον
645 1930 946 1985 λαλούντων
971 1931 1032 1984 τὸ
1077 1932 1318 2000 γεγονὸς,
1354 1932 1490 2004 πρὸς
1531 1933 1592 1986 τὸ
1623 1933 1879 2005 διαϐολὴν

294 2025 516 2092 ποιῆσαι
544 2023 620 2094 τῷ
643 2023 880 2095 θαύματι
907 2024 994 2077 διὰ
1019 2024 1539 2096 ψευδοκατηγορίας.

384 2194 451 2248 ’11
482 2190 596 2249 οὖν
629 2193 837 2262 Μάρθα
877 2194 953 2259 ὡς
986 2192 1256 2261 ἤκουσεν
1298 2192 1387 2247 ὅτι
1437 2193 1675 2260 Ἰησοῦς
1709 2193 1874 2262 ἔρχε-

291 2306 407 2353 ται,
444 2286 799 2357 ὑπήντησεν
824 2283 1001 2350 αὐτῷ·
1025 2286 1217 2355 Μαρία
1243 2283 1312 2338 δὲ
1342 2286 1411 2337 ὲν
1430 2284 1510 2350 τῷ
1530 2285 1672 2352 οἴκῳ
1700 2287 1874 2341 ἐκαθ-

290 2380 471 2443 ἐζετ-ο.

362 2472 515 2541 Τάχα
548 2469 941 2540 δὲρθερμοτέρα
973 2469 1071 2538 μὲν
1105 2468 1138 2537 ἡ
1168 2466 1372 2539 Μάρθα
1395 2467 1533 2539 πρὸς
1558 2468 1619 2521 τὸ
1649 2471 1871 2540 ποιῆσαι

288 2565 360 2618 τὰ
397 2564 620 2617 δέονταο
672 2562 752 2615 διὸ
785 2562 878 2614 καὶ
926 2559 1112 2632 πρώτη
1158 2561 1433 2631 ὑπήντησε
1460 2577 1472 2591 ο
1528 2561 1875 2631 συνετωτέραι

286 2657 348 2711 δὲ
375 2658 408 2727 ἠ
439 2654 627 2726 Μαρία
655 2672 669 2685 ’
723 2653 802 2706 διὸ
840 2653 912 2716 ὠς
939 2652 1411 2723 αἰσθητικωτέραν
1447 2652 1645 2721 ἔχουσα
1670 2652 1868 2723 ψυχὴν,

286 2745 502 2816 ἔμεινεν
549 2744 717 2808 οἴκοι,
764 2743 862 2805 τὰς
905 2743 969 2793 ὲκ
1018 2740 1125 2794 τῶν
1174 2740 1682 2811 παραμυθουμένων
1716 2741 1868 2811 δεχο-

292 2839 429 2908 μένη
497 2834 808 2906 θεραπείας.
878 2835 944 2886 Ἥ
1005 2833 1060 2886 δὲ
1126 2833 1325 2904 Μάρθα
1384 2833 1460 2896 ὡς
1528 2833 1869 2904 ἁπλουστέρα

288 2930 516 3001 έδραμε,
554 2926 826 3000 μεθύουσα
861 2925 958 2989 μὲν
991 2923 1068 2995 τῷ
1099 2924 1294 2990 πάθει,
1347 2924 1588 2997 φέρουσα
1624 2925 1681 2978 δὲ
1719 2926 1869 2996 ὅμως

291 3021 581 3084 νεανικῶς.

358 3115 557 3181 Κύριε,
595 3114 647 3166 εἰ
686 3106 761 3181 ἦς
811 3103 957 3172 ὧδε,
1016 3111 1126 3162 οὐκ
1179 3108 1254 3162 ἂν
1279 3106 1576 3163 ἀπέθανεν
1611 3111 1645 3162 ὁ
1688 3107 1866 3163 ἀδελ·

286 3204 403 3273 sedc
424 3222 565 3273 μου.

366 3299 431 3349 Ὃ
460 3296 604 3364 λέγει
634 3298 667 3367 ἡ
692 3295 919 3369 Μάρθα,
958 3292 1198 3348 τοιοῦτόν
1232 3294 1378 3344 ἐστιν
1404 3307 1416 3320 ·
1463 3292 1536 3344 Οὐ
1565 3290 1652 3346 διὰ
1687 3292 1862 3357 τοῦτο,

290 3388 478 3457 φησὶν,
525 3386 790 3441 ἀπέθανεν
841 3386 869 3438 6
921 3382 1165 3453 ἁδελφός
1200 3398 1323 3451 μου,
1371 3381 1453 3434 ὅτι
1505 3382 1785 3435 ὑπόκειται
1839 3384 1864 3453 ἡ

286 3476 574 3549 ἀνθρώπου
606 3475 767 3546 φύσις
807 3473 882 3546 τῷ
910 3473 1145 3543 θανάτῳ,
1196 3472 1310 3525 ἀλλ’
1346 3472 1427 3524 ὃτι
1458 3472 1522 3524 σὺ
1561 3472 1619 3525 οὑ
1663 3473 1862 3544 παρῆς,

286 3573 315 3624 6
341 3570 433 3623 τὸν
466 3570 694 3624 θάνατον
720 3567 937 3637 νικῆσαι
964 3565 1257 3636 δυνάμενος
1279 3563 1367 3616 διὰ
1395 3563 1487 3617 τοῦ
1514 3564 1866 3635 προστάγμα-

287 3680 397 3727 τος.
430 3662 568 3715 Ὑπὸ
599 3661 656 3714 δὲ
678 3661 776 3730 τῆς
813 3658 988 3727 λύπης
1013 3657 1117 3724 ἔξω
1141 3655 1234 3709 τοῦ
1259 3657 1625 3728 προσήκοντος
1648 3656 1863 3710 πλανω-

291 3755 448 3828 μένη,
486 3752 704 3823 ἐνόμιζε
748 3750 944 3821 μηκέτι
987 3745 1242 3827 δύνασθαί
1285 3764 1337 3799 τι
1374 3748 1597 3817 ποιῆσαι
1632 3746 1722 3800 τὸν
1747 3747 1863 3800 Κύ-

291 3864 402 3919 ριον
428 3863 442 3876 ο
484 3844 561 3909 ὼς
600 3842 1047 3915 παραδραμόντος
1075 3839 1166 3892 τοῦ
1189 3838 1402 3911 καιροῦ,
1431 3839 1523 3892 καὶ
1543 3837 1677 3909 ᾤετο
1701 3841 1864 3895 αὑτὸν

291 3936 745 4009 παραγεγονέναι,
772 3934 873 3987 οὐκ
899 3931 991 3985 ἐπὶ
1012 3931 1090 4002 τῷ
1113 3932 1414 4001 ἀναστῆσαι
1446 3928 1716 4000 Λάζαρον,
1746 3930 1862 3984 ἀλλ’

289 4030 374 4085 ἵνα
413 4027 876 4100 παραμυθήσηται
924 4024 1113 4087 αὐτάς.
1163 4023 1376 4095 Ἦρέμα
1420 4022 1529 4092 γὰρ
1574 4020 1722 4092 αὐτῷ
1770 4021 1865 4075 καὶ

289 4120 669 4190 ὑπομέμφεται
701 4116 1046 4187 βραδύναντι.
1078 4114 1173 4167 καὶ
1203 4114 1277 4183 μὴ
1305 4113 1465 4175 εὐθὺς
1497 4111 1704 4165 ἐλθόντι
1736 4114 1862 4167 ὅταν

289 4213 516 4282 ἠδύνατο
547 4209 783 4281 βοηθεῖν,
817 4209 906 4261 ὅτε
940 4204 1265 4259 ἀπέστειλαν
1290 4203 1543 4272 λέγουσαι
1568 4220 1581 4234 ’
1633 4203 1858 4274 ιΚύριε,

288 4304 363 4357 ἴδε
379 4304 438 4359 ὃν
455 4302 646 4371 φιλεῖς,
669 4296 905 4353 ἀσθενεῖ.
935 4316 953 4350 ι
981 4296 1053 4350 Τὸ
1067 4297 1124 4349 δὲ
1140 4295 1338 4364 λέγειν,
1373 4313 1394 4347 ‹
1422 4296 1561 4349 Ὅσα
1575 4295 1640 4349 ἂν
1660 4297 1862 4368 αἰτήσῃ

1984 469 2077 537 qui
2112 469 2329 539 lapsum
2368 468 2581 538 erigere
2618 469 2821 537 possit.

2051 558 2143 624 XI,
2184 559 2270 613 18.
2306 556 2438 611 Erat
2466 567 2638 610 autem
2677 558 2940 611 Bethania
2972 559 3180 611 distans
3205 560 3269 613 ab
3308 554 3566 616 Hieroso-

1985 650 2138 721 lymis
2172 649 2468 719 quindecim
2499 648 2702 702 stadia.

2053 740 2350 810 Propterea
2383 740 2549 795 etiam
2583 740 2822 810 spatium
2855 740 3067 795 dierqu
3100 740 3235 795 dicit
3269 751 3393 811 post
3424 758 3566 796 mor-
3596 804 3604 813 ι

1983 841 2090 887 tem
2125 832 2351 899 Lazari,
2388 840 2446 887 ut
2487 832 2660 902 magis
2696 832 3030 901 stupendum
3074 835 3146 890 sit
3194 836 3561 904 miraculum;

1950 943 1954 948 ’
1983 939 2082 977 nec
2109 924 2400 994 quisquam
2433 923 2574 978 forte
2595 925 2775 987 dicat,
2804 933 2923 993 post
2951 941 3120 979 unum
3147 926 3288 981 diem
3319 930 3560 994 venisse,

1982 1030 2082 1069 nec
2117 1014 2285 1070 fuisse
2316 1023 2615 1079 mortuum,
2637 1018 2729 1071 sed
2761 1016 3028 1070 duntaxat
3059 1019 3404 1088 languentem
3438 1036 3564 1074 sus-

1983 1108 2202 1161 citasse.
2240 1107 2328 1160 Ait
2395 1118 2574 1162 autem
2607 1108 2811 1162 multos
2843 1109 2894 1162 in
2944 1109 3209 1163 Bethania
3253 1109 3428 1165 fuisse
3466 1112 3562 1165 Ju-

1984 1199 2133 1253 dazos
2165 1202 2257 1268 qui
2291 1200 2359 1253 ab
2388 1188 3077 1256 Jerusalem‘advenerant
3105 1218 3119 1253 :
3157 1203 3362 1273 alioqui
3412 1204 3559 1258 enim

1983 1291 2137 1344 locus
2188 1292 2276 1346 ille
2317 1306 2423 1345 non
2482 1292 2778 1347 admodum
2808 1294 3123 1351 hominibus
3148 1296 3427 1366 frequens,
3462 1314 3560 1352 nec

1984 1397 2179 1451 magna
2206 1383 2372 1437 etiam
2406 1392 2529 1437 erat
2556 1384 2911 1453 intercapedo
2937 1402 2999 1439 ac
3028 1387 3290 1441 distantia
3319 1405 3439 1457 quae
3464 1391 3563 1442 im-

1984 1474 2198 1541 pediret
2231 1476 2527 1546 quominus
2591 1477 2755 1529 amici
2793 1477 2857 1529 ad
2895 1476 3166 1530 Martham
3204 1484 3557 1548 accederent;

1986 1564 2066 1618 vel
2103 1566 2360 1633 quoniam
2398 1577 2719 1634 pervaserat
2756 1565 2898 1619 fama
2932 1568 3182 1621 miraculi
3219 1585 3435 1623 omnem
3465 1570 3560 1623 Je-
3664 1634 3673 1637 _

1985 1657 2223 1711 rusalem
2275 1665 2328 1709 et
2390 1658 2849 1726 circumjacentia
2898 1659 3050 1725 loca;
3098 1661 3254 1729 ponit
3296 1678 3553 1728 causam,

1981 1747 2127 1817 quod
2163 1748 2351 1803 multis
2413 1749 2487 1803 ibi
2532 1748 2926 1804 cxsistentibus
2973 1749 3336 1821 undequaque
3376 1754 3557 1809 disse-

1980 1840 2223 1894 minatus
2278 1848 2361 1894 est
2423 1854 2653 1895 sermo:
2714 1840 2836 1895 aliis
2893 1840 3116 1911 quidem
3177 1843 3553 1908 mirantibus,

1977 1931 2137 2001 681
2176 1932 2303 1987 aliis
2339 1948 2470 1987 vero
2506 1948 2605 2002 per
2640 1932 2904 1986 invidiam
2932 1933 3135 1987 factum
3162 1933 3552 1997 referentibus,

1979 2032 2038 2076 ut
2083 2039 2178 2092 per
2229 2024 2397 2079 falsas
2459 2025 2847 2078 accusationes
2903 2025 3170 2078 miraculo
3219 2026 3553 2079 calunmiam

1978 2113 2316 2184 aliiugercnt.

2046 2202 2139 2265 XI,
2161 2203 2248 2259 90.
2292 2204 2506 2259 Martha
2537 2206 2697 2276 igitur
2728 2216 2783 2259 ut
2806 2205 3011 2260 audivit
3043 2206 3182 2276 quod
3204 2206 3362 2262 Jesus
3394 2209 3552 2276 venit,

1976 2297 2204 2348 occurrit
2236 2298 2349 2361 illi;
2380 2296 2559 2350 Maria
2599 2314 2715 2351 vero
2750 2297 2894 2351 domi
2918 2298 3149 2352 sedebat.

2048 2382 2259 2438 Martha
2300 2386 2521 2455 quidem
2569 2387 2855 2456 aliquanto
2902 2387 3201 2440 ferventior
3246 2390 3313 2441 ad
3359 2404 3553 2445 ncces-

1974 2477 2118 2531 saria
2149 2479 2437 2543 obeunda,
2472 2480 2594 2535 ideo
2627 2481 2801 2550 prima
2836 2481 2888 2534 in
2923 2496 3213 2535 occursum
3252 2484 3431 2548 venit;
3470 2484 3553 2537 in-

1974 2568 2308 2637 telligentior
2343 2581 2528 2625 autem
2565 2571 2731 2625 Maria
2756 2611 2770 2634 ,
2806 2571 3128 2642 habensque
3158 2575 3396 2628 animam
3429 2589 3551 2628 ma-

1969 2658 2110 2727 joris
2139 2674 2333 2713 sensus
2389 2676 2680 2729 capacem,
2712 2663 2860 2715 domi
2894 2665 3098 2718 mansit
3128 2665 3195 2718 ad
3227 2666 3549 2734 excipienda

1972 2747 2416 2801 consolationum
2467 2748 2661 2803 ofﬁcia.
2712 2750 2921 2803 Martha
2959 2766 3088 2805 vero
3139 2762 3197 2805 ut
3245 2755 3551 2822 simplicior

1972 2839 2251 2902 cucurrit,
2287 2840 2440 2893 ebria
2478 2841 2699 2910 quidem
2736 2852 2790 2897 et
2823 2842 3055 2899 confusa
3101 2845 3286 2908 luctu,
3332 2848 3426 2902 sed
3469 2856 3551 2901 ta—

1971 2938 2095 2978 men
2129 2925 2310 2981 ferens
2343 2927 2578 2983 fortiter.

2045 3102 2135 3168 XI,
2171 3103 2260 3158 21.
2304 3105 2552 3174 Domine,
2583 3109 2629 3163 si
2655 3110 2737 3163 hic
2764 3111 2975 3179 fuisses,
3007 3130 3111 3169 non
3147 3125 3384 3171 mortuus
3412 3130 3549 3175 esset

1978 3196 2145 3252 frater
2174 3213 2339 3252 meus.

2045 3286 2199 3352 Quod
2230 3288 2363 3344 dicit
2393 3290 2604 3347 Martha
2630 3294 2901 3363 ejusmodi
2935 3304 3015 3353 est
3048 3317 3060 3351 :
3093 3296 3211 3353 Non
3246 3300 3368 3354 ideo
3391 3342 3406 3365 ,
3440 3304 3546 3367 ait,

1977 3384 2231 3432 mortuus
2285 3388 2371 3433 est
2420 3379 2591 3435 frater
2630 3398 2821 3449 meus,
2875 3385 3002 3453 quia
3057 3391 3253 3439 natura
3304 3386 3546 3442 hominis

1976 3469 2138 3523 morti
2157 3471 2528 3541 subjacet,sed
2560 3474 2688 3545 quia
2711 3482 2767 3528 tu
2802 3491 2910 3529 non
2942 3477 3269 3547 aderas,qui
3304 3480 3422 3533 solo
3445 3480 3548 3533 im-

1973 3564 2128 3631 perio
2159 3575 2388 3618 mortem
2422 3566 2638 3620 vincere
2668 3575 2846 3634 putes.
2879 3566 2996 3622 Prae
3028 3569 3215 3623 dolore
3237 3584 3366 3624 vero
3388 3578 3546 3625 extra

1975 3660 2209 3715 rationis
2237 3659 2373 3712 ﬁnes
2400 3665 2623 3727 evagata
2650 3658 2925 3711 existimat
2955 3660 3091 3713 nihil
3135 3661 3370 3730 amplius
3404 3678 3545 3732 prae—

1974 3761 2125 3807 stare
2157 3767 2321 3821 posse
2357 3749 2648 3804 Dominqu
2669 3790 2684 3815 ,
2719 3760 2982 3821 tanquam
3007 3751 3194 3820 elapsa
3219 3755 3542 3819 occasione,

1971 3845 2306 3916 putabatque
2332 3844 2525 3913 ipsum
2550 3844 2773 3898 venisse
2803 3859 2909 3897 non
2942 3843 3008 3898 ad
3036 3844 3409 3900 suscitandum
3439 3846 3542 3901 La-

1972 3951 2196 4000 zarum,
2230 3935 2324 3990 sed
2365 3933 2433 3988 ad
2478 3933 2627 4003 ipsas
2669 3933 3060 3988 consolandas.
3114 3934 3180 3988 Et
3227 3937 3390 3991 tacite
3418 3940 3546 4007 qui-

1970 4027 2092 4081 dem
2118 4027 2166 4082 ei
2194 4031 2486 4082 succenset
2511 4034 2776 4093 tanquam
2811 4026 3040 4078 nimium
3073 4035 3308 4089 morato,
3344 4038 3397 4082 et
3429 4044 3541 4084 non

1970 4120 2156 4175 statim
2190 4117 2444 4188 profecto
2473 4131 2598 4171 cum
2636 4117 2894 4170 auxiliari
2933 4124 3202 4185 potestate
3226 4158 3241 4183 ,
3275 4135 3399 4174 cum
3439 4123 3541 4175 mi-

1969 4217 2159 4267 serant
2211 4208 2280 4262 ad
2336 4222 2460 4263 eum
2518 4206 2805 4261 dicentes:
2851 4222 2870 4255 ι
2900 4204 3162 4270 Domine,
3196 4221 3325 4260 ecce
3374 4222 3537 4276 quem

1970 4316 2122 4357 amas
2151 4300 2399 4371 languet.
2433 4318 2452 4351 ι
2483 4297 2673 4352 Dicere
2694 4311 2841 4359 vero,
2869 4314 2886 4346 ‹
2909 4295 3181 4365 Quidquid
3217 4298 3540 4366 poposceris

284 4395 374 4449 τὸν
416 4395 572 4457 Θεὸν,
621 4392 781 4446 δώσει
814 4407 916 4455 σοι,
952 4409 971 4441 ι
1016 4387 1433 4459 ὑπερυθριώσης
1461 4387 1578 4439 ἐστὶ
1612 4387 1861 4459 φανερῶς

1979 4392 2166 4455 Deum,
2186 4391 2361 4454 dabit,
2385 4410 2403 4441 ι
2429 4388 2811 4445 erubescentis
2844 4394 2929 4441 est
2957 4396 3143 4456 petere
3170 4394 3359 4457 aperte
3389 4391 3537 4458 quod

288 4487 507 4558 αἰτῆσαι
541 4485 570 4537 ὃ
607 4483 889 4555 βούλεται·
938 4483 1086 4551 ὅμως
1121 4479 1413 4548 σφάλλεται
1443 4478 1573 4550 περὶ
1596 4478 1695 4547 τὴν
1728 4479 1862 4550 ἀλή-

287 4580 458 4645 θειαν,
504 4579 603 4648 οὐχ
650 4576 723 4640 ὡς
774 4573 893 4645 Θεῷ
931 4572 1307 4641 διαλεγομένη,
1355 4569 1469 4623 ἀλλ’
1521 4570 1595 4633 ὼς
1639 4571 1717 4622 ἐνὶ
1758 4570 1864 4623 τῶν

286 4673 479 4740 ἁγίων,
521 4670 611 4723 διὰ
640 4669 735 4739 τὴν
763 4666 1046 4738 ὁρωμένην
1070 4663 1272 4733 σάρκα,
1293 4662 1513 4732 οἰομένη
1544 4662 1626 4714 ὅτι
1662 4660 1761 4714 ὅσα
1796 4661 1863 4715 ἂν

287 4767 484 4837 αἰτήσῃ
533 4763 608 4826 ὡς
636 4762 812 4830 ἆγιος,
843 4759 1107 4829 λαμϐάνει
1132 4756 1238 4809 ἀπὸ
1275 4753 1432 4818 Θεοῦ,
1475 4754 1536 4806 οὐ
1569 4754 1667 4823 μὲν
1692 4753 1862 4806 εἰδυῖα

287 4864 365 4915 ὅτι
405 4860 568 4929 φύσει
598 4857 728 4919 Θεὸς
756 4854 830 4908 ὣν
864 4855 957 4907 καὶ
981 4853 1211 4921 δύναμις
1239 4849 1333 4904 τοῦ
1370 4848 1607 4919 Πατρὸς,
1649 4847 1863 4917 ἄμαχον

287 4954 397 5025 ἔχει
424 4951 521 5023 τὴν
552 4950 645 5004 ἐπὶ
669 4949 834 5001 πᾶσιν
867 4945 1039 5015 ἰσχύν.
1089 4943 1149 4996 Εἰ
1180 4943 1295 5014 ᾔδει
1320 4941 1450 5013 ,γὰρ
1497 4942 1580 4993 ὅτι
1612 4939 1743 5002 Θεὸς
1770 4936 1860 5011 ἦν,

286 5048 382 5100 οὐκ
402 5045 470 5098 ἂν
496 5039 671 5106 εἷπεν,
699 5042 781 5093 ὃτι
808 5058 826 5090 ι
850 5039 913 5091 Εἰ
942 5033 1008 5106 ἦς
1037 5030 1158 5090 ὧδε·
1194 5055 1209 5087 ι
1234 5037 1262 5088 6
1293 5033 1403 5102 γὰρ
1428 5031 1560 5095 Θεὸς
1585 5028 1857 5100 πανταχοῦ

286 5140 451 5190 ἐστιν.
495 5136 556 5187 '0
593 5133 775 5204 μέντοι
820 5129 1046 5201 Κύριος,
1094 5127 1180 5182 διὰ
1228 5125 1289 5179 τὸ
1332 5123 1726 5193 ἀφιλὸκομπον,
1760 5122 1861 5175 οὐκ

288 5224 457 5292 εἶπεν,
474 5224 685 5297 Ἔγερῶ
696 5223 785 5276 τὸν
797 5221 1152 5289 ἁδελφὸνσου,
1177 5218 1332 5282 ἀλλὰ,
1358 5236 1376 5269 ι
1412 5217 1852 5287 Ἀναστήσεταιοι

289 5318 567 5391 μονονουχὶ
586 5317 769 5387 ἠρέμα
798 5313 967 5382 αὐτὴν
992 5311 1248 5381 ἐλέγχων,
1264 5310 1359 5362 καὶ
1383 5309 1578 5377 λέγων·
1612 5307 1858 5360 Ἀνίστα-

290 5426 371 5462 ται
399 5409 496 5481 μὲν
530 5405 712 5467 καθὼς
747 5402 942 5473 βούλει,
976 5401 1117 5472 πλὴν
1158 5402 1256 5470 οὐχ
1285 5400 1359 5462 ὡς
1396 5399 1459 5452 σὺ
1486 5396 1748 5468 νομίζεις.
1793 5397 1858 5451 Εἰ

1967 4484 2138 4538 velit:
2194 4491 2376 4536 tamen
2431 4480 2653 4533 aberrat
2707 4492 2736 4531 a
2793 4477 3066 4544 veritate,
3117 4493 3226 4532 non
3276 4486 3537 4549 tanquam

1967 4573 2175 4638 Deum,
2211 4572 2306 4628 sed
2361 4579 2620 4640 tanquam
2677 4584 2843 4623 unum
2891 4580 3207 4624 sanctorum
3250 4571 3539 4639 alloquens

1968 4670 2195 4732 propter
2242 4674 2464 4715 carnem
2491 4673 2657 4729 quam
2705 4658 2952 4723 videbat,
2993 4668 3112 4713 rata
3144 4660 3408 4729 quidquid
3442 4675 3538 4729 pe-

1967 4760 2105 4806 teret
2136 4748 2193 4805 ut
2226 4760 2455 4805 sanctus
2476 4788 2490 4814 ,
2528 4764 2557 4803 a
2598 4748 2710 4805 Deo
2739 4760 3091 4819 accepturum
3123 4766 3279 4815 esse,
3311 4751 3537 4806 minime.
3598 4774 3609 4785 κ

1965 4843 2185 4912 quidem
2218 4856 2391 4914 gnara
2427 4840 2595 4897 Deum
2629 4849 2825 4896 natura
2857 4857 2982 4897 esse
3021 4850 3076 4897 et
3112 4842 3291 4897 Patris
3343 4851 3539 4911 poten-

1965 4936 2132 5001 tiam,
2184 4935 2503 5006 invictaque
2553 4934 2608 4988 in
2653 4934 2912 4990 omnibus
2945 4933 2993 4987 vi
3027 4933 3250 5001 pollere.
3301 4931 3360 4987 Si
3389 4936 3535 4989 enim

1920 5034 1927 5083 ‘.
1965 5027 2219 5083 scivisset
2249 5025 2417 5082 Deum
2445 5041 2598 5089 esse,
2625 5040 2735 5079 non
2761 5025 3029 5080 dixisset:
3053 5022 3142 5077 «Si
3165 5023 3256 5078 hic
3275 5022 3530 5087 fuisses,»

1964 5119 2110 5175 Deus
2138 5119 2284 5175 en‘im
2332 5119 2535 5188 ubique
2565 5126 2670 5174 est.
2704 5119 2997 5172 Enimvero
3032 5114 3318 5179 Dominus,
3348 5125 3407 5169 ut
3440 5118 3534 5185 qui

1962 5213 2114 5265 omni
2142 5211 2412 5280 iactantia
2442 5215 2690 5274 careret,
2726 5224 2838 5264 non
2881 5206 3057 5261 dixit:
3091 5204 3385 5262 Suscitabo
3420 5207 3534 5261 fra-

1961 5309 2102 5357 trem
2134 5309 2288 5354 tuum
2319 5317 2334 5366 ;
2381 5300 2475 5355 sed
2509 5319 2527 5351 ι
2555 5299 2826 5368 Resurget
2850 5336 2865 5360 ,
2898 5314 2917 5348 ι
2949 5297 3344 5367 propemodum
3384 5298 3530 5354 illam

1963 5393 2020 5448 in
2050 5391 2657 5463 occulto/redarguens,
2684 5399 2740 5444 et
2765 5388 2993 5444 dicens:
3019 5387 3280 5460 Resurgit
3309 5389 3531 5459 quidem

284 5502 391 5573 γὰρ
412 5500 516 5555 οἴει
554 5498 620 5552 δι’
649 5497 814 5567 εὐχῆς
849 5495 942 5548 καὶ
980 5494 1245 5564 αἰτήσεως
1281 5490 1437 5545 τοῦτο
1472 5489 1749 5554 ἀνύεσθαι,
1792 5489 1855 5543 σὺ

1979 5484 2421 5555 luemadmodum
2451 5484 2536 5538 vis
2555 5522 2570 5546 ,
2603 5482 2696 5537 sed
2724 5495 2834 5536 nou
2862 5481 3318 5551 quemadmodum
3344 5489 3529 5551 putas.

288 5596 426 5649 ποίει
456 5594 518 5647 τὸ
556 5592 655 5662 τῆς
683 5589 870 5659 εὐχῆς,
914 5588 987 5657 μὴ
1027 5584 1130 5657 μὴν
1167 5586 1292 5655 ἐμοὶ
1323 5585 1578 5637 ἐπίταττε
1619 5581 1698 5652 τῷ
1727 5581 1858 5635 θαυ-

291 5683 600 5756 ματουργῷ,
636 5682 694 5744 ὃς
732 5679 966 5748 δύναμαι
992 5680 1058 5748 τῇ
1101 5677 1206 5747 ἰδίᾳ
1258 5675 1400 5745 ἰσχύϊ
1440 5675 1738 5744 ἀναστῆσαι
1766 5674 1856 5728 τὸν

1962 5580 2021 5635 Si
2057 5580 2203 5636 enim
2230 5579 2411 5636 credis
2444 5593 2542 5648 per
2570 5592 2763 5648 preces
2787 5585 2843 5631 et
2877 5577 3189 5647 rogationes
3221 5573 3272 5627 id
3310 5570 3525 5641 perlici,
3610 5638 3627 5647 ᾖ

1960 5680 2018 5726 tu
2067 5686 2224 5726 sume
2267 5670 2366 5725 tibi
2413 5677 2598 5740 partes
2634 5669 2865 5733 orandi,
2917 5683 2986 5722 ne
3024 5674 3154 5722 vero
3203 5663 3335 5717 mihi
3388 5675 3530 5733 pra:-
