4010 6320
490 290 577 343 ἰἹ
1536 286 1592 339 S.
1636 284 1905 340 CYRILIJ
1950 283 2417 339 ALE\AN11RINI
2455 281 2770 338 ARClILEP.
3720 282 3788 335 -48

511 402 689 456 scribe
713 402 1106 456 miraculorum
1133 400 1328 455 [actori
1350 442 1363 466 ,
1397 402 1487 471 qui
1514 419 1751 471 possunt
1789 403 2007 472 propria
2049 403 2095 456 vi

2201 402 2412 473 νεκρόν.
2442 399 2626 454 Ταῦτα
2656 400 2993 469 ἀκούσασαὴ
3036 400 3193 468 γυνὴ,
3241 399 3333 451 καὶ
3365 397 3655 470 αἰδουμένη
3689 399 3788 470 μὲν

514 502 787 548 mortumu
834 493 1128 547 suscitare.
1169 491 1297 546 llmc
1327 508 1449 547 cum
1482 491 1755 547 audiisset
1788 493 2005 567 mulier,
2038 501 2093 548 et

513 585 685 637 verita
728 584 946 637 dicere:
987 582 1144 637 Nunc
1187 583 1366 653 ipsum
1411 583 1645 651 suscita,
1674 583 2092 654 quodammodo

474 735 478 743 _
515 675 750 730 incitans
784 689 910 729 eum
955 672 1023 728 ad
1057 689 1173 729 rem
1209 673 1632 745 aggrediendam
1669 673 2095 745 perficiendam-

471 781 617 834 _.que
652 765 868 819 videtur
903 763 1115 819 tristari
1148 763 1312 834 682
1349 764 1422 818 ob
1460 764 1919 835 longinquitatem
1954 773 2093 819 tern-

470 851 661 924 jporis
685 899 701 923 ,
737 856 1036 927 inquiens:
1070 874 1088 908 σ
1123 853 1251 910 Scio
1295 856 1439 924 quod
1490 864 1748 926 resurget
1799 856 1854 910 in
1897 856 2092 909 ultima

481 948 631 1013 «die,
669 967 687 999 ι
714 948 807 1003 sed
839 955 964 1003 ante
1010 955 1226 1016 tempus
1256 962 1514 1017 cuperem
1542 945 1731 1001 videre
1762 946 1950 1001 fratris
1987 947 2092 1000 mei

494 1042 998 1097 "resurrectionem.
1058 1040 1187 1096 Sive
1229 1056 1354 1095 cum
1398 1040 1666 1095 Dominus
1695 1039 1932 1094 dixisset
1964 1039 2089 1105 hoc,

519 1133 822 1203 .Resurget
860 1132 1024 1187 frater
1056 1140 1239 1198 tuus,»
1265 1141 1475 1187 tantum
1497 1147 1609 1186 non
1636 1132 1938 1187 assentilur
1960 1131 2093 1185 huic

511 1225 752 1295 dogmati
789 1224 1008 1288 mulier,
1046 1223 1271 1279 dicens:
1307 1224 1435 1276 Scio
1465 1221 1591 1286 hoc,
1616 1223 1797 1291 credo
1824 1223 1967 1292 quod
2004 1238 2095 1277 ve—

515 1319 629 1373 niet
660 1318 816 1382 hora,
845 1325 898 1371 et
929 1316 1282 1387 egredientur
1311 1315 1407 1385 qui
1434 1316 1575 1369 bona
1607 1315 1884 1382 fecerunt,
1908 1314 1975 1369 ad
2008 1329 2096 1368 rc-

513 1411 914 1465 surrectionem
960 1410 1112 1471 vilic,
1159 1409 1253 1477 qui
1303 1423 1434 1464 vero
1489 1408 1636 1462 mala
1677 1417 2091 1478 perpetrarunt,

513 1502 580 1555 ad
619 1501 1082 1556 resurrectionem
1114 1501 1311 1570 judicii
1344 1502 1410 1556 ³⁷.
1448 1500 1718 1557 Similiter
1749 1508 1803 1556 et
1831 1499 2005 1556 Isaias
2038 1501 2090 1555 in

514 1591 720 1664 Spiritu
752 1594 893 1647 dixit
923 1613 935 1646 :
977 1612 995 1644 ι
1027 1592 1339 1663 RcSurgent
1373 1593 1666 1659 mortui,ct
1700 1593 2096 1648 excitabuntur

513 1689 603 1757 qui
630 1696 757 1741 sunt
775 1688 825 1741 in
855 1688 1226 1743 monumentis
1246 1688 1341 1742 ³⁸.»
1359 1684 1476 1741 Non
1500 1688 1644 1741 enim
1668 1688 2092 1743 resurrectionis

498 1779 767 1835 sermoni.
791 1778 947 1834 ﬁdem
982 1794 1091 1833 non
1123 1778 1334 1846 habeo,
1370 1779 1541 1834 veluti
1576 1778 1887 1836 Sadducmi.

474 566 483 607 ἴ

580 1870 686 1937 XI,
729 1872 821 1927 25.
879 1870 1117 1926 Dixitei
1152 1871 1348 1927 Jesus:
1382 1870 1491 1943 Ego
1538 1887 1654 1925 sum
1699 1874 2017 1927 resurrectio
2046 1881 2094 1926 et
2148 1865 2151 1869 ’

512 1970 639 2031 rita,
671 1975 781 2022 etc.

582 2058 816 2113 Prorsus
845 2056 1204 2112 honorarium
1231 2063 1285 2110 et
1316 2054 1534 2111 fructus
1568 2055 1692 2111 tidei
1722 2055 1776 2110 in
1807 2054 2093 2111 Christum

511 2160 599 2207 est
624 2151 741 2210 .vita
781 2151 1151 2219 sempiterna,
1183 2157 1238 2204 et
1265 2164 1375 2203 non
1411 2151 1573 2203 aliter
1602 2149 1707 2204 hoc
1738 2148 1962 2203 advenit
1992 2150 2093 2202 ho-

513 2242 681 2297 minis
715 2243 934 2296 animzc.
967 2239 1023 2294 Si
1050 2241 1194 2295 enim
1227 2249 1449 2310 propter
1475 2239 1760 2295 Christum
1787 2255 1982 2295 omnes
2009 2255 2097 2294 re-

512 2336 825 2407 surgimus,
858 2334 973 2388 haec
1005 2332 1254 2403 profecto
1299 2349 1428 2388 vera
1480 2334 1591 2387 vita
1628 2343 1712 2388 est
1744 2333 1866 2388 sine
1904 2333 2008 2387 fine
2039 2332 2092 2385 in

512 2428 856 2485 beatitudine
887 2428 1072 2482 vivere
1099 2443 1112 2478 :
1145 2425 1283 2480 nihil
1318 2426 1465 2480 enim
1497 2425 1678 2480 diﬂert
1706 2441 1735 2480 a
1767 2432 1978 2487 morte,
2007 2439 2096 2480 re-

512 2535 737 2592 surgere
765 2520 1031 2573 duntaxat
1059 2517 1122 2572 ad
1155 2531 1397 2587 poenam.
1430 2514 1486 2569 Si
1517 2516 1689 2587 igitur
1718 2516 1864 2571 videt
1890 2515 2094 2585 aliquis

506 2625 564 2667 et
592 2621 815 2667 sanctos
844 2609 1143 2664 morientes
1168 2650 1183 2676 ,
1213 2609 1307 2678 qui
1344 2607 1799 2678 pollicitationem
1841 2609 1965 2661 vitae
1999 2621 2092 2660 ac-

445 2732 449 2736 ·
511 2709 812 2775 ceperunt,
850 2701 987 2756 nihil
1032 2701 1136 2755 hoc
1169 2707 1257 2755 est
1287 2739 1301 2765 ,
1350 2706 1404 2755 ct
1451 2706 1667 2754 tantum
1700 2707 1788 2754 est
1818 2708 2094 2770 quatenus

512 2794 732 2851 accidit.
766 2792 1036 2847 Caeterum
1088 2791 1288 2846 idoneo
1316 2790 1564 2859 tempori
1610 2789 1801 2860 gratiae
1846 2788 2094 2844 ostensio

513 2894 848 2953 reservatur,
877 2900 1000 2955 quae
1039 2883 1244 2939 nonin
1275 2883 1553 2953 aliquibus
1595 2883 1850 2952 partibus
1881 2882 2091 2949 valeat,

514 2980 606 3034 scd
635 2980 691 3032 in
735 2977 997 3031 omnibus
1031 2977 1408 3041 continenter,
1442 2975 1622 3045 iisque
1656 2975 1750 3044 qui
1783 2975 1893 3044 jam
1932 2982 2093 3029 antea

2197 497 2390 560 εἰπεῖν,
2412 496 2494 549 ὅτι
2516 494 2626 548 Νῦν
2650 493 2812 547 αὑτὸν
2838 492 3166 562 ἀνάστησον,
3189 492 3388 561 τρόπον
3410 492 3466 546 δέ
3491 511 3614 548 τινα
3645 511 3787 566 παρ·

2195 586 2459 651 οξύνουσα
2494 585 2655 639 αὑτὸν
2690 587 2771 648 εἰς
2812 585 2872 638 τὸ
2902 585 3126 654 ποιῆσαι
3169 583 3264 638 νῦν
3310 584 3371 638 τὸ
3413 584 3609 655 ἔργον,
3644 587 3789 640 δοκεί

2196 695 2314 742 πως
2343 679 2633 750 ἀδημονεῖν
2671 677 2799 748 περὶ
2836 677 2935 748 τὴν
2968 675 3280 747 βραδῖῦτητα
3311 676 3406 730 τοῦ
3439 678 3656 748 χρόνου,
3694 676 3786 733 λέ-

2195 786 2368 839 γουσα
2396 788 2409 800 ⁸
2452 767 2613 824 ιῡῖδα
2635 772 2716 824 ὅτι
2746 771 3113 840 ἀναστήσεται
3135 772 3193 822 ὲν
3216 772 3282 840 τῇ
3306 770 3518 843 ’ἐσχάτῃ
3545 770 3779 842 ἡμέρᾳ.»

2194 862 2332 917 ἀλλά
2363 863 2612 935 πρόωρον
2646 862 2773 914 ἰδεῖν
2822 860 3078 930 ἐπιθυμῶ
3111 861 3209 930 τὴν
3243 859 3337 913 τοῦ
3386 860 3616 930 ἀδελφοῦ
3652 862 3784 915 ἀνά-

2197 974 2403 1013 στασιν.
2423 957 2582 1008 Ἤτοι
2607 955 2700 1008 τοῦ
2730 954 2932 1024 Κυρίου
2962 954 3209 1016 εἰπόντος
3240 952 3320 1020 τὸ,
3348 971 3366 1004 ι
3392 954 3783 1024 Ἀναστήσεται

2195 1051 2224 1102 6
2244 1048 2471 1118 ἀδελφός
2508 1065 2621 1112 σου,
2650 1067 2665 1099 ι
2698 1047 2981 1118 μονονουχὶ
3000 1048 3239 1100 συναινεῖ
3254 1044 3330 1115 τῷ
3347 1045 3579 1115 δόγματι
3611 1044 3785 1115 τούτῳ

2196 1142 2229 1212 ή
2260 1141 2395 1209 γυνὴ
2423 1139 2654 1207 λέγουσα
2683 1155 2696 1168 ο
2731 1134 2861 1190 Οἶδα
2890 1137 3047 1191 τοῦτο
3073 1154 3085 1167 ·
3115 1135 3357 1190 πιστεύω
3383 1136 3493 1208 γάρ
3521 1137 3603 1191 ὅτι
3630 1135 3784 1209 ἔρχεο

2195 1248 2281 1283 ται
2314 1230 2452 1302 ῶρα,
2489 1230 2583 1282 καὶ
2620 1228 2988 1293 ἐξελεύσονται
3034 1230 3083 1281 οἱ
3129 1229 3199 1282 τὰ
3229 1229 3409 1297 ἀγαθά
3438 1231 3780 1300 ποιήσαντες.

2197 1323 2277 1385 εἰς
2303 1322 2595 1374 ἀνάστασιν
2625 1319 2769 1390 ζωῆς
2794 1336 2807 1350 °
2854 1323 2901 1372 οἱ
2938 1320 2994 1373 δὲ
3028 1321 3096 1374 τὰ
3127 1321 3311 1389 φαῦλα
3346 1320 3671 1391 πράξαντες.
3704 1322 3783 1382 εἰς

2199 1417 2494 1468 ἀνάστασιν
2547 1413 2782 1485 κρίσεως
2836 1412 3078 1485 (ὁμοίως
3128 1414 3185 1467 δὲ
3235 1413 3329 1467 καὶ
3373 1415 3400 1466 6
3447 1413 3674 1475 Ἡσαΐας
3725 1415 3782 1465 ἐν

2199 1506 2477 1576 Πνεύματι
2527 1503 2715 1558 εἶπεν·
2769 1525 2787 1556 ι
2830 1507 3252 1577 Ἀναστήσονται
3307 1507 3355 1558 οἱ
3415 1505 3639 1575 νεκροὶ,
3690 1504 3784 1558 καὶ

2199 1599 2588 1670 ἐγερθήσονται
2614 1599 2660 1650 οἱ
2695 1599 2750 1650 ὲν
2770 1599 2881 1661 τοῖς
2916 1596 3201 1668 μνημείοις
3222 1614 3235 1627 ο
3264 1615 3282 1647 ι
3305 1597 3322 1662 )
3346 1597 3404 1648 οὐ
3441 1597 3549 1666 γὰρ
3567 1595 3784 1649 ἀπιστῶ
3876 1616 3881 1619 τ

2197 1689 2277 1760 τῷ
2302 1692 2402 1761 τῆς
2427 1687 2779 1751 ’ἀναστάσεως
2815 1687 2980 1758 λόγῳ,
3017 1687 3093 1750 ὡς
3119 1688 3168 1739 οἱ
3202 1687 3568 1741 Σαδδουκαῖοι.

2268 1874 2457 1927 Εἶπεν
2485 1871 2640 1941 αὐτῇ
2679 1874 2712 1926 ό
2748 1870 2988 1939 Ἰησοῦς
3008 1888 3020 1903 ·
3063 1870 3209 1940 Ἐγώ
3235 1872 3348 1941 εἰμι
3382 1870 3419 1937 ἡ
3448 1870 3786 1938 ἀνάστασις

2197 1965 2297 2019 καὶ
2324 1967 2360 2034 ἠ
2388 1963 2498 2032 ζωή
2521 1981 2533 1994 ·
2579 1964 2674 2018 καὶ
2698 1963 2767 2017 τὰ
2795 1964 2940 2035 ἑξῆς.

2269 2051 2494 2123 Καρπός
2523 2069 2587 2120 γε
2613 2050 2718 2123 μὴν
2750 2052 2842 2105 καὶ
2869 2049 3004 2123 τιμὴ
3030 2051 3130 2121 τῆς
3160 2054 3238 2116 εἰς
3261 2053 3493 2123 Χριστὸν
3520 2055 3782 2119 πίστεως,

2196 2146 2229 2212 ή
2266 2141 2481 2205 αἰώνιος
2515 2142 2647 2213 ζωὴ,
2681 2142 2774 2196 καὶ⁵
2800 2144 2901 2195 οὐκ
2953 2142 3127 2205 ἄλλως
3155 2143 3505 2214 προσγίνεται
3532 2144 3690 2199 τοῦτο
3714 2148 3782 2218 τῇ

2197 2234 2289 2288 τοῦ
2338 2233 2625 2305 ἀνθρώπου
2673 2235 2842 2305 ψυχῇ.
2894 2235 2956 2287 Et
3010 2235 3119 2306 γὰρ
3162 2234 3249 2289 διὰ
3297 2237 3532 2308 Χριστὸν
3578 2238 3785 2302 πάντες

2193 2326 2559 2397 ἀνιστάμεθα,
2611 2327 2749 2381 ἀλλὰ
2783 2328 2896 2398 ζωὴ
2946 2326 3085 2397 αὕτη
3118 2328 3278 2382 Δἐστὶν
3313 2328 3537 2401 ἀληθὴς,
3572 2329 3785 2383 τδάτε-

2196 2420 2469 2490 λευτήτως
2516 2421 2574 2472 ὲν
2613 2420 2975 2489 μακαριότητι
3025 2418 3124 2490 ζῇν
3151 2434 3163 2448 ⁸
3215 2420 3366 2474 οὐδὲν
3392 2420 3501 2490 γὰρ
3530 2420 3782 2490 διαφέρει

2198 2511 2450 2575 θανάτου,
2477 2511 2537 2565 τὸ
2569 2513 2647 2576 εἰς
2676 2512 2895 2565 κόλασιν
2922 2512 3216 2566 ἀναϐιῶναι
3256 2513 3435 2583 μόνον.
3477 2514 3537 2584 Εἰ
3563 2509 3654 2566 οὗν
3680 2514 3787 2584 ὁρᾷ

2195 2622 2280 2668 τις
2312 2607 2406 2658 καὶ
2444 2605 2572 2668 τοὺς
2616 2605 2802 2672 ἁγίους
2834 2605 3167 2675 θνήσκοντας
3206 2605 3331 2669 τοὺς
3361 2604 3786 2669 λαϐόνταςῦπο-

2199 2696 2412 2766 σχέσεις
2463 2695 2629 2767 ζωῆς.
2680 2697 2833 2749 οὐδὲν
2882 2697 3064 2749 τοῦτο·
3118 2697 3276 2767 μόνον
3308 2697 3417 2766 γὰρ
3449 2698 3693 2760 ὅσονείς
3721 2698 3787 2749 τὸ

2198 2788 2472 2860 συμϐῆναι
2500 2788 2730 2858 γίνεται.
2772 2787 2964 2858 Καιρῷ
2994 2788 3051 2841 δὲ
3081 2787 3158 2857 τῷ
3187 2788 3451 2858 πρέποντι
3486 2789 3783 2860 τετήρηται

2196 2879 2231 2950 ή
2260 2878 2358 2949 τῆς
2395 2877 2616 2948 χάριτος
2662 2877 2946 2941 ἀνάδειξις,
2997 2878 3058 2928 οὐ
3096 2876 3235 2929 κατὰ
3284 2877 3447 2948 μέρος
3479 2878 3781 2948 ⁵ἰσχύουσα,

2197 2969 2310 3023 ἀλλ’
2339 2972 2395 3024 ἐν
2426 2971 2560 3022 πᾶσι
2591 2969 2853 3041 διηνεκῶς
2900 2970 2995 3022 καὶ
3038 2971 3149 3032 τοῖς
3180 2969 3279 3039 ήδη
3313 2970 3784 3039 προαποθανοῦσιν

512 3088 543 3125 c
574 3072 684 3125 vita
716 3068 1087 3131 excesserint,
1131 3075 1350 3138 gustata
1386 3067 1644 3123 nonnihil
1697 3074 1875 3123 morte
1919 3082 2095 3138 usque

2200 3063 2375 3133 ἁγίοις
2403 3062 2537 3134 πρὸς
2559 3062 2737 3130 ὀλίγον
2760 3060 3121 3132 γευσαμένοις
3150 3061 3244 3115 τοῦ
3272 3055 3661 3127 θανάτου,’ἓω;
3682 3064 3784 3134 τῆς

513 3161 581 3215 ad
646 3174 998 3215 communem
1058 3157 1546 3214 resurrectionem.
1609 3156 1769 3213 Tunc
1827 3159 1974 3214 enim
2038 3160 2095 3214 in

510 3266 806 3309 commune
844 3265 1039 3305 omnes
1076 3249 1238 3306 bonis
1276 3248 1552 3305 fruentur.
1591 3247 1727 3303 Cum
1768 3265 1901 3306 vero
1953 3249 2097 3305 dixit

514 3344 820 3399 Servator:
855 3362 873 3394 ι
909 3340 965 3396 Si
1011 3349 1266 3396 mortuus
1321 3340 1524 3407 fuerit,
1556 3341 1739 3408 vivet,
1773 3358 1933 3398 rnon
1972 3358 2098 3398 sus—

496 3437 646 3492 ..tulit
701 3452 764 3490 ex
822 3436 927 3489 hoc
963 3434 1167 3489 saeculo
1211 3442 1483 3498 mortem,
1526 3434 1622 3489 sed
1673 3442 1905 3489 eatenus
1946 3435 2095 3488 illam

498 3541 680 3597 posse
719 3524 986 3580 adversus
1025 3524 1218 3580 tideles
1255 3525 1541 3595 permisit,
1577 3534 1854 3597 quatenus
1885 3535 2095 3582 tantum

514 3617 764 3681 accidat,
809 3632 910 3672 suo
940 3617 1087 3671 enim
1131 3616 1363 3684 tempori
1395 3619 1825 3674 resurrectionis
1860 3619 2094 3689 gratiam

484 3708 840 3764 .reservavit.
874 3709 964 3761 Ait
1003 3722 1174 3778 ergo:
1206 3704 1325 3759 Non
1362 3706 1472 3761 erit
1516 3708 1782 3762 immunis
1839 3722 1868 3760 a
1917 3716 2097 3761 morte

515 3801 699 3856 carnis
735 3807 958 3871 prepter
994 3798 1366 3854 conditionem
1420 3799 1674 3875 humana:
1715 3806 1960 3864 naturae,
2003 3797 2098 3867 qui

504 3896 570 3948 .in
631 3908 717 3948 me
771 3891 989 3958 credit;
1043 3899 1416 3947 verumtamen
1477 3891 1615 3945 nihil
1671 3889 1798 3943 inde
1853 3887 2098 3958 patietur

515 3984 738 4048 damni,
771 3998 897 4037 cum
935 3981 1078 4037 Deus
1123 3982 1275 4036 nullo
1325 3982 1545 4053 negotio
1592 3980 1873 4035 viviticare
1921 3981 2100 4049 possit

514 4092 680 4147 quem
714 4076 864 4130 velit.
894 4074 998 4141 Qui
1030 4074 1176 4129 enim
1211 4075 1267 4129 in
1295 4090 1419 4130 eum
1449 4074 1785 4137 crediderit,
1817 4073 1871 4126 in
1907 4070 2099 4129 futuro

514 4169 721 4241 sarculo
770 4168 940 4221 vitam
993 4168 1217 4223 habebit
1269 4168 1376 4221 [ine
1427 4173 1709 4221 carentem
1756 4165 1814 4219 in
1862 4164 2099 4220 beatitu-

506 4262 676 4327 dine,
712 4268 768 4314 et
799 4260 959 4330 plena
1006 4259 1361 4330 perfectaque
1408 4258 1789 4327 corruptionis
1837 4257 2099 4314 immuni-

508 4364 648 4410 tate.
699 4351 884 4418 Quare
930 4367 1094 4407 nemo
1148 4350 1450 4405 infidelium
1501 4348 1723 4415 rideat;
1782 4364 1895 4404 non
1947 4350 2096 4405 enim

2198 3159 2383 3227 κοινῆς
2427 3156 2797 3219 ἀναστάσεως.
2850 3154 2983 3206 Τότε
3040 3153 3146 3223 γὰρ
3193 3155 3389 3217 κοινῶς
3441 3156 3640 3220 πάντες
3673 3156 3785 3209 τῶν

2199 3249 2418 3319 ἀγαθῶν
2449 3248 2873 3303 ἀπολαύσουσιν.
2904 3247 3088 3301 Εἰπὼν
3123 3247 3179 3300 δὲ
3204 3250 3232 3301 6
3258 3246 3471 3320 Σωτὴρ,
3499 3249 3580 3302 ὅτι
3614 3268 3632 3300 ι
3656 3249 3784 3304 Ἑάν

2197 3338 2466 3411 ἀποθάνῃ,
2500 3339 2780 3410 ζήσεταῳ
2813 3340 2913 3392 οὐκ
2938 3337 3116 3390 ἀνεῖλε
3147 3337 3223 3406 τῷ
3250 3337 3346 3391 νῦν
3377 3339 3532 3393 αἰῶνι
3566 3339 3656 3391 τὸν
3682 3338 3785 3391 θά-

2195 3450 2352 3488 νατον
2378 3449 2392 3463 ο
2424 3431 2560 3486 ἀλλά
2592 3431 2844 3485 τοσοῦτον
2874 3430 3036 3485 αὐτὸν
3062 3431 3243 3484 δίδωσι
3272 3430 3412 3483 κατά
3440 3430 3549 3483 τῶν
3576 3430 3784 3483 πιστῶν

2200 3526 2423 3596 ἰσχύειν,
2463 3527 2585 3580 ὅσον
2621 3528 2699 3589 εἰς
2724 3525 2784 3578 τὸ
2814 3524 3090 3596 συμϐῆναι
3136 3524 3317 3592 μόνον·
3356 3522 3534 3594 καιρῷ
3563 3522 3672 3593 γὰρ
3703 3521 3783 3592 τῷ

2198 3622 2461 3693 πρέποντι
2492 3620 2766 3690 τετήρηκε
2801 3619 2898 3690 τὴν
2924 3619 3019 3687 τῆς
3052 3616 3403 3679 ἀναστάσεως
3440 3617 3618 3687 χάριν.
3644 3615 3783 3685 Φησὶ

2196 3713 2348 3781 γοῦν,
2379 3713 2460 3765 ὅτι
2482 3712 2595 3765 Οὐκ
2619 3712 2845 3783 ἄμοιρος
2871 3710 3023 3764 ἔσται
3054 3710 3148 3764 τοῦ
3169 3711 3268 3782 τῆς
3288 3709 3489 3781 σαρκὸς
3521 3707 3779 3772 θανάτου,

2190 3805 2286 3858 »διὰ
2316 3804 2415 3874 τὴν
2447 3803 2793 3874 ἀνθρωπίνην
2823 3803 3006 3873 φύσιν,
3037 3805 3066 3856 6
3095 3805 3173 3867 είς
3206 3803 3306 3874 ἐμὲ
3338 3802 3629 3866 πιστεύων,
3664 3800 3781 3854 ἀλλ’

2196 3897 2346 3967 ὅμως
2371 3896 2521 3949 οὐδὲν
2561 3897 2624 3949 ὲκ
2656 3896 2849 3950 τούτου
2883 3895 3129 3949 πείσεται
3160 3892 3352 3959 δεινὸν,
3382 3894 3514 3946 Θεοῦ
3545 3893 3783 3962 δυναμέ-

2197 4007 2290 4044 νου
2317 3990 2599 4054 ζωοποιεῖν
2619 3988 2857 4051 εὺκόλως
2884 3988 2942 4041 ὃν
2966 3987 3032 4042 ἂν
3060 3988 3240 4059 ἐθέλῃ.
3286 3988 3342 4041 Ὀ
3372 3988 3480 4059 γὰρ
3513 3989 3597 4049 εἰς·
3621 3987 3784 4040 αὑτὸν

2197 4080 2516 4148 πιστεύσας,
2565 4082 2624 4135 ὲν
2672 4081 2752 4153 τῷ
2798 4082 3045 4153 μέλλοντι
3096 4081 3253 4134 αἰῶνι
3284 4081 3639 4152 ἀτελεύτητον
3667 4078 3785 4150 ἔχει

2197 4172 2344 4247 ζωὴν
2390 4177 2448 4228 ὲν
2483 4174 2846 4246 μακαριότητι
2887 4174 2984 4228 καὶ
3018 4173 3299 4245 ὁλοκλήρῳ
3350 4172 3648 4244 ἀφθαρσίᾳ.
3688 4171 3786 4224 Διὸ

2200 4268 2273 4338 μή
2300 4284 2382 4331 τις
2409 4268 2624 4337 γελάτω
2646 4267 2754 4320 τῶν
2784 4267 3047 4320 ἀπίστων’
3074 4267 3137 4320 οὗ
3167 4266 3274 4337 γὰρ
3303 4261 3454 4319 εἶπεν
3477 4267 3504 4318 ὁ
3526 4265 3782 4336 Χριστὺς’

2211 4362 2440 4430 Ἀπάρτι
2472 4352 2699 4417 θάνατον
2732 4362 2793 4415 οὐ
2832 4359 2987 4434 μὴ[ν]
3027 4360 3112 4433 ἴδῃ
3131 4379 3143 4391 ·
3196 4359 3332 4414 ἀλλὰ
3365 4357 3787 4429 ἀπολελυμένως

510 4444 656 4499 dixit
691 4441 984 4498 Christus:
1019 4441 1261 4497 Omnino
1304 4446 1537 4493 mortem
1574 4452 1687 4492 non
1726 4437 1954 4513 videbit,
1996 4438 2095 4495 sed

2200 4451 2388 4517 εἰπὼν,
2428 4452 2696 4505 «Θάνατον
2725 4452 2787 4505 οὐ
2812 4451 2886 4522 μὴ
2912 4451 2995 4522 ἴδῃ
3028 4454 3108 4514 εἰς
3137 4451 3228 4504 τὸν
3256 4449 3448 4513 αἰῶνα,
3483 4467 3501 4499 ι
3540 4447 3667 4517 περὶ
3686 4444 3784 4498 τοῦ

509 4534 765 4591 absolute
794 4533 1058 4597 locutus,
1089 4551 1107 4582 ‹
1139 4530 1367 4585 Mortem
1413 4542 1524 4583 non
1568 4526 1782 4582 videbit
1825 4529 1880 4583 in
1914 4543 2093 4584 επον-

512 4630 626 4683 tum
648 4667 663 4692 ,
695 4646 714 4680 ι
748 4626 816 4681 de
849 4624 1036 4681 futuro
1070 4622 1272 4680 saeculo
1303 4620 1444 4674 dixit
1470 4658 1484 4682 ,
1525 4621 1580 4672 in
1612 4619 1747 4674 illud
1782 4619 1946 4674 tinem
1979 4636 2095 4677 suae

513 4719 902 4791 promissionis
933 4728 1244 4771 reservans.
1294 4711 1432 4767 Cum
1470 4728 1600 4769 vero
1637 4711 1779 4766 dixit
1816 4710 2042 4767 Marthae
2076 4731 2090 4768 :

521 4833 538 4864 ι
568 4812 846 4868 Credis?»
865 4818 1127 4878 tanquam
1161 4813 1391 4861 matrem
1420 4816 1474 4861 et
1502 4805 1937 4862 conciliatricem
1969 4807 2095 4862 vitae

517 4905 747 4976 requirit
791 4902 917 4957 fidei
964 4897 1395 4955 confessionem.
1429 4898 1527 4952 Illa
1556 4912 1691 4953 vero
1723 4907 1976 4968 prompte
2005 4914 2099 4955 as-

517 5012 683 5053 sensa
716 5003 802 5051 est
831 5001 886 5049 et
913 5000 1110 5047 exacte
1138 4988 1396 5045 confessa
1419 5030 1434 5056 ,
1470 5005 1580 5045 non
1616 4990 1944 5059 simpliciter
1977 5005 2101 5046 cre-

518 5092 654 5147 dens
687 5086 833 5158 quod
867 5084 1125 5140 Christus
1158 5090 1307 5139 esset
1355 5091 1409 5138 et
1443 5083 1614 5139 Filius
1666 5084 1778 5137 Dei.
1834 5082 2094 5140 Christus

517 5183 663 5237 enim
694 5186 877 5250 potest
903 5174 1069 5246 683
1099 5189 1224 5230 esse
1271 5185 1325 5232 et
1374 5178 1639 5247 propheta
1662 5217 1677 5241 ,
1712 5175 1842 5246 quia
1895 5185 2097 5233 unctus

521 5273 720 5335 fuerit,
751 5270 896 5325 idem
945 5276 1001 5322 et
1049 5266 1224 5322 Filius
1274 5269 1507 5339 intelligi
1557 5276 1761 5339 potest.
1816 5265 1922 5323 Sed
1967 5284 2094 5323 cum

518 5362 753 5420 articulo
806 5360 991 5415 locuta
1043 5360 1183 5425 hoc,
1216 5360 1307 5430 qui
1364 5360 1622 5416 Christus
1669 5366 1725 5414 et
1776 5356 1950 5415 Filius
1998 5359 2095 5416 Dei

517 5463 635 5521 est,
668 5467 840 5509 unum
874 5460 929 5509 et
965 5453 1264 5514 eximium,
1306 5453 1688 5522 selectumque
1729 5460 1783 5505 et
1829 5466 1956 5506 vere
2000 5450 2092 5506 Fi-

519 5546 651 5602 lium
701 5542 959 5600 confessa
1002 5553 1107 5601 est.
1136 5543 1195 5598 ln
1229 5542 1427 5598 Filium
1471 5543 1642 5614 igitur
1688 5542 1853 5605 fides,
1887 5556 1996 5597 non
2034 5545 2088 5599 in

586 5724 633 5758 ³⁷
670 5719 827 5780 Joau.
859 5738 910 5791 ν,
946 5721 1037 5779 29.
1115 5724 1160 5755 ³⁸
1198 5719 1305 5779 lsa.
1336 5739 1497 5789 τινι,
1532 5722 1610 5779 i9.

2205 4543 2488 4615 μέλλοντος
2509 4543 2702 4606 αἰῶνος
2726 4539 2898 4607 εἶπεν,
2928 4545 3006 4606 εἰς
3027 4545 3234 4596 ἐκεῖνον
3259 4542 3504 4613 τηρήσας
3528 4540 3587 4592 τὸ
3610 4539 3787 4608 πέρας

2200 4636 2296 4707 τῆς
2323 4635 2688 4705 ὑποσχέσεως.
2722 4635 2904 4689 Είπὼν
2926 4634 2982 4688 δὲ
3012 4637 3076 4706 τῇ
3107 4633 3311 4705 Μάρθα
3338 4650 3349 4661 ·
3390 4629 3733 4695 interesting;
3756 4645 3778 4680 ο

2196 4727 2277 4791 ὡς
2315 4728 2528 4798 μητέρα
2570 4728 2664 4781 καὶ
2694 4727 2954 4799 πρόξενον
2988 4727 3089 4797 τῆς
3119 4727 3264 4798 ζωῆς
3297 4726 3520 4779 ἀπαιτεῖ
3555 4723 3652 4794 τῆς
3694 4721 3786 4775 πί-

2200 4835 2369 4882 στεως
2399 4818 2496 4890 τὴν
2526 4820 2833 4890 ὁμολογίαν.
2881 4820 2945 4873 Ἦ
2999 4820 3055 4873 δὲ
3117 4820 3349 4890 ἑτοίμως
3383 4816 3653 4877 συνέθετο,
3689 4814 3786 4868 καὶ
3834 4842 3849 4891 θ

2199 4907 2444 4979 ἀκριϐῶς
2463 4910 2736 4981 ὁμολογεῖ,
2759 4911 2855 4982 οὐχ
2877 4909 3062 4974 ἁπλῶς
3081 4908 3431 4971 πιστεύουσα,
3450 4907 3532 4959 ὅτι
3550 4906 3787 4977 Χριστός

2198 5000 2314 5052 ἐστι
2347 4999 2442 5053 καὶ
2474 4999 2602 5063 Υἱὸς
2628 5000 2722 5053 τοῦ
2752 4998 2908 5054 Θεοῦ.
2961 4999 3196 5069 Χριστὸς
3225 4997 3331 5067 γὰρ
3373 4995 3596 5050 δύναται
3643 4990 3788 5047 εἶναι

2199 5092 2294 5146 καὶ
2325 5093 2612 5163 προφήτης
2633 5133 2647 5158 ,
2682 5092 2772 5146 διὰ
2798 5091 2859 5146 τὸ
2887 5092 3172 5163 κεκρίσθαι
3198 5108 3211 5122 ·
3251 5094 3280 5145 6
3322 5089 3483 5153 αὐτὸς
3515 5088 3610 5143 καὶ
3653 5087 3789 5150 Υἱὸς

2203 5184 2439 5237 νοεῖσθαι
2469 5184 2710 5242 δύναται.
2738 5184 2900 5239 Ἀλλά
2930 5184 3071 5256 μετά
3085 5184 3181 5238 τοῦ
3209 5184 3414 5255 ἄρθρου
3437 5180 3690 5245 εἰποῦσα,
3723 5179 3787 5232 '0
3864 5221 3871 5226 .

2204 5275 2440 5345 Χριστὸς
2468 5277 2496 5328 ὁ
2528 5276 2657 5340 Υἱὸς
2688 5276 2780 5341 τοῦ
2810 5275 2966 5343 Θεοῦ,
3015 5276 3107 5329 τὸν
3135 5275 3232 5329 ἕνα
3259 5276 3354 5328 καὶ
3382 5272 3660 5344 ἐξαίρετον
3688 5271 3789 5326 καὶ

2203 5366 2418 5438 άληθῶς
2447 5367 2573 5420 Υίὺν
2598 5368 2967 5441 ὡμολόγησεν.
2998 5369 3094 5431 Εἰς
3120 5367 3209 5421 τὸν
3238 5366 3366 5419 Υίὸν
3391 5360 3484 5419 οὖν
3514 5368 3548 5437 ἡ
3579 5364 3784 5428 πίστις,

2201 5459 2304 5513 οὐκ
2345 5461 2425 5524 εἰς
2476 5460 2708 5531 ποίημα.
2763 5461 2827 5513 Εἰ
2861 5459 2970 5532 γὰρ
3002 5459 3215 5530 ποίημα
3257 5458 3353 5513 καὶ
3401 5456 3606 5527 κτίσμα
3639 5455 3788 5509 κατά

2202 5567 2353 5615 τινας
2401 5552 2660 5623 ὑπάρχων
2692 5553 2722 5605 6
2754 5552 2903 5621 Υἱὸς,
2935 5551 3227 5617 ἀνάστασίς
3257 5554 3371 5606 ἐστι
3397 5550 3491 5606 καὶ
3538 5546 3671 5620 ζωὴ,
3706 5546 3787 5620 μὴ
