4010 6320
163 332 227 392 ta
1006 337 1072 392 IN
1103 335 1444 398 JOANNEM,
1473 366 1542 379 -
1576 335 1823 394 LIB.th
1860 338 1947 393 ET
1996 339 2106 396 vm
2142 303 2617 413 emensam,

3334 349 3443 407 5οδ

161 447 513 521 θαυμαζέσθω
539 450 711 506 ταῦτα
740 450 813 505 ὢν
848 455 990 508 καὶὸ
1018 457 1164 525 Πατή
1176 473 1223 526 ρ.
1259 456 1322 509 Τί
1350 456 1459 526 γὰρ
1487 455 1544 509 τὸ
1570 456 1730 511 πλέον

1843 458 2100 518 facturas.
2123 462 2178 516 Si
2199 464 2342 519 enim
2378 465 2590 520 factura
2615 475 2890 532 creatura,
2913 468 3211 523 secundum
3235 482 3400 537 quos~

158 545 212 597 ἐν
237 541 381 612 αὐτῷ
429 543 578 613 παρὰ
608 544 677 598 τά
726 546 1040 616 ποιήματα;
1093 547 1155 602 Εἰ
1185 549 1241 602 δὲ
1271 548 1379 603 τῶν
1407 551 1726 620 ποιημάτων

158 633 399 690 τοσοῦτον
427 636 549 690 ὅσον
575 636 732 708 ίσμεν
762 637 1074 708 ἀπῴκισται
1104 640 1245 696 κατὰ
1276 641 1365 695 τὸν
1390 642 1488 712 τῆς
1513 642 1727 710 φύσεως

159 724 326 795 λόγον,
356 726 448 779 καὶ
479 726 569 780 διὰ
599 726 660 781 τὸ
690 722 825 783 εἶναι
857 729 970 802 ζωὴ
989 770 1004 796 ,
1047 731 1163 795 πῶς
1211 732 1278 786 ἂν
1323 732 1411 804 εἴη
1442 733 1653 803 ποίημα
1696 734 1725 786 ὁ

133 818 300 902 θΥἱὺς,
349 818 459 889 ζωὴ
493 819 589 872 καὶ
616 821 779 886 αὐτὸς
826 822 970 876 κατὰ
1015 823 1176 892 φύσιν
1204 825 1486 897 ὑπάρχων,
1533 827 1723 897 ὥσπερ

135 905 245 987 ⁸οὗν
272 911 362 963 καὶ
387 913 415 964 ὁ
442 912 712 982 γεννήσας
739 914 934 983 αὑτόνς
987 914 1107 987 Ζωὴ
1154 917 1212 970 δὲ
1252 918 1391 979 ὅλως
1416 918 1527 971 τῶν
1566 935 1725 988 ποιη-

135 998 141 1005 ’
165 1002 336 1073 μάτων
355 1001 506 1055 οὐδέν
533 1003 666 1067 ἐστι,
690 1003 835 1072 ζωῆς
858 1005 913 1059 δὲ
939 1007 1137 1077 μᾶλλον
1161 1007 1259 1078 τῆς
1281 1007 1501 1062 ἀπὸτοῦ
1524 1008 1724 1073 ζῶντος

161 1093 283 1148 Θεοῦ
312 1094 557 1165 μέτοχον,
583 1096 702 1149 ἐπεὶ
733 1098 825 1150 καί
846 1118 863 1148 ι
890 1099 948 1150 ὲν
977 1098 1094 1169 Θεῷ
1121 1099 1301 1170 ζῶμεν
1329 1118 1388 1153 τε
1416 1101 1517 1155 καϊ
1545 1100 1724 1154 κινού-

166 1184 294 1254 μεθα
324 1187 417 1239 καὶ
443 1187 631 1257 ἐσμὲν,
661 1208 679 1240 ι
722 1188 794 1253 ὡς
825 1192 853 1243 6
886 1190 1099 1256 Παῦλός
1130 1208 1319 1262 φησιν.

1835 552 1982 618 dam,
2007 554 2281 610 exsistens
2325 556 2517 621 Filius,
2544 561 2881 615 resurrectio
2919 570 3002 617 est
3034 568 3087 616 et
3127 561 3262 625 vita,
3304 576 3401 615 ne-

1837 660 2115 717 quaquam
2152 648 2509 705 admirationi
2541 651 2701 707 debet
2730 669 2855 709 esse
2891 654 3003 710 haec
3041 656 3315 710 exsistens
3349 661 3404 707 et

1832 733 2016 790 Pater.
2059 736 2201 803 Quid
2238 739 2383 793 enim
2426 741 2661 810 amplius
2697 749 2782 797 est
2831 743 2886 796 in
2936 759 2999 798 eo
3033 759 3190 813 quam
3222 743 3277 796 in
3318 741 3395 795 fa-

1830 828 2038 883 cturis?
2072 829 2131 883 Si
2163 845 2295 885 vero
2334 838 2542 886 tantum
2575 843 2840 903 quantum
2874 834 3081 888 scimus
3114 849 3144 887 a
3176 831 3401 888 iacturis

1831 919 2063 974 dissitus
2102 929 2206 985 est,
2255 923 2563 978 secundum
2611 934 2822 979 natura:
2868 941 2982 980 suze
3029 926 3294 979 rationem
3350 935 3404 978 et

1830 1010 1962 1079 quia
1996 1020 2081 1066 est
2111 1012 2222 1066 vita
2246 1053 2261 1077 .
2297 1014 2571 1083 quomodo
2609 1015 2825 1069 factura
2867 1014 3033 1069 fuerit
3070 1013 3274 1078 Filius,
3307 1012 3400 1082 qui

1828 1110 1884 1154 et
1924 1101 2041 1170 ipse
2075 1103 2187 1156 vita
2219 1104 2524 1159 secundum
2560 1113 2816 1159 naturam
2862 1104 3114 1166 exsistit,
3165 1103 3312 1158 sicut
3349 1111 3402 1155 et

1827 1194 1919 1261 qui
1964 1197 2155 1264 genuit
2201 1197 2646 1252 cum?10mnino
2690 1212 2818 1253 vero
2866 1196 3016 1251 nulla
3062 1195 3399 1250 iacturarum

161 1276 262 1330 vita
295 1285 414 1339 est,
454 1278 554 1332 sed
588 1279 773 1348 potius
808 1294 837 1332 a
874 1281 1092 1337 vivente
1128 1281 1242 1338 Deo
1271 1282 1398 1338 vitae
1425 1282 2212 1355 particeps,.quandoquidem
2246 1296 2300 1342 ct
2340 1306 2359 1338 ι
2396 1287 2451 1342 in
2490 1287 2602 1344 Deo
2646 1289 2890 1345 vivimus
2916 1296 2969 1344 et
3000 1300 3283 1342 movemur
3347 1289 3426 1337 et-

164 1388 384 1438 sumus,
428 1394 459 1427 ι.
493 1385 552 1431 ut
579 1376 785 1435 Paulus
820 1379 898 1433 ait
930 1379 1000 1432 ".

229 1467 379 1537 Τάχα
400 1468 455 1520 δὲ
488 1468 564 1539 (1)
599 1472 647 1525 ot
697 1471 881 1525 πολλοί
916 1470 1027 1525 τῶν
1065 1473 1426 1525 πιστευόντων
1450 1513 1465 1537 ,
1523 1471 1616 1525 καὶ
1652 1469 1729 1539 μὴ

161 1558 420 1632 ἄτρεπτον
456 1563 549 1614 καὶ
580 1562 793 1631 βέϐαιον
842 1563 1056 1634 ἔχοντες
1092 1563 1190 1634 τὴν
1238 1564 1446 1624 πίστιν.
1497 1561 1729 1616 τοιοῦτοί

160 1652 289 1705 εἰσιν
314 1650 391 1714 ὥς
423 1652 470 1705 τ’
502 1654 568 1709 ἂν
597 1656 769 1707 εἰπεῖν
795 1656 923 1726 περὶ
952 1654 1153 1720 αὐτῶν,
1173 1657 1254 1709 ὅτι
1275 1653 1621 1708 πιστεύουσιν
1649 1655 1729 1717 εἰς

160 1744 245 1796 τὸν
290 1743 534 1813 Ἰησοῦν,
581 1746 676 1798 καὶ
717 1746 1053 1817 ἐπιδέχονται
1085 1746 1147 1800 τὸ
1190 1746 1579 1817 ἀποθνήσκειν,
1634 1746 1729 1797 καὶ
1763 1785 1801 1839 Β

160 1834 474 1888 ἀποθάνοιεν
524 1853 686 1890 ποτε·
729 1837 1094 1902 ἀποθανόντες
1130 1838 1221 1903 δὲ,
1273 1838 1333 1890 οὐ
1376 1837 1630 1906 μένουσιν
1671 1836 1730 1888 ἐν

162 1924 404 1994 θανάτῳ,
440 1925 580 1978 ἀλλὰ
613 1925 889 1997 ζήσονται.
943 1929 1007 1983 Εἰ
1038 1928 1095 1981 δέ
1125 1944 1207 1991 τις
1234 1928 1335 1998 ἤδη
1370 1926 1432 1979 τὸ
1461 1927 1730 1997 ἄτρεπτον

160 2016 251 2068 καί
280 2016 492 2084 βέϐαιον
521 2016 857 2088 ἀνειληφὼς,
914 2019 1049 2088 μετὰ
1082 2019 1287 2087 ταύτης
1321 2017 1417 2088 τῆς
1449 2017 1613 2084 ἕξεως
1646 2034 1733 2070 πι-

163 2106 355 2171 στεύοι,
383 2103 537 2171 οὗτος
567 2109 631 2162 ἂν
655 2110 739 2180 εῐη
770 2112 798 2162 6
824 2109 932 2173 ζῶν
958 2110 1053 2165 καὶ
1083 2109 1353 2163 πιστεύων
1380 2110 1469 2162 καὶ
1499 2109 1571 2180 μὴ
1599 2110 1732 2163 άπο-

160 2195 477 2267 θανούμενος
507 2201 584 2263 εἰς
609 2199 698 2251 τὸν
719 2198 907 2252 αἰῶνα.
934 2194 1056 2263 oio;
1081 2196 1148 2271 ἦν
1176 2200 1204 2252 6
1233 2199 1501 2270 μακάριος
1523 2197 1730 2262 Παῦλος

160 2287 326 2357 λέγων
356 2309 370 2322 ·
434 2308 452 2341 ι
500 2290 598 2354 Τίς
628 2293 777 2361 ἡμᾶς
816 2291 1042 2362 χωρίσει
1093 2292 1201 2345 ἀπὸ
1240 2291 1341 2361 τῆς
1391 2289 1612 2361 ἀγάπης
1636 2287 1732 2343 τοῦ

159 2377 391 2450 Χριστοῦ
418 2397 432 2445 ;
468 2398 488 2431 ι
532 2381 625 2433 καί
652 2380 719 2432 τά
750 2377 901 2449 ἑξῆς.

226 2470 541 2536 Πιστεύεις
567 2471 792 2535 τούτῳ;

225 2560 749 2632 Προεξηγησάμενος
794 2562 888 2615 τοῦ
920 2561 1059 2616 κατὰ
1091 2561 1251 2616 αὐτὸν
1305 2560 1606 2631 μυστηρίου
1634 2557 1736 2629 τὴν

159 2650 421 2721 δύναμιν,
468 2652 565 2705 καὶ
607 2652 786 2716 δείξας
828 2653 1076 2724 ἐναργῶς
1114 2654 1195 2707 ὅτι
1240 2652 1357 2725 ζ’ωῆ
1397 2653 1537 2706 κατὰ
1572 2653 1735 2722 φύσιν

160 2744 275 2796 ἐστὶ
318 2743 413 2797 καὶ
441 2743 575 2807 Θεὸς
610 2743 858 2814 ἀληθινὸς
879 2785 893 2808 ,
944 2746 1169 2799 ἀπαιτεῖ
1203 2744 1300 2815 τὴν
1334 2744 1425 2798 ἐπὶ
1455 2746 1520 2816 τῇ
1553 2746 1734 2798 πίστει

162 2833 396 2899 σύνεσιν,
427 2835 598 2887 τύπον
629 2838 748 2899 ταῖς
790 2835 1136 2906 Ἐκκλησίαις
1163 2836 1254 2888 τὸν
1284 2836 1376 2888 ὲπί
1399 2835 1572 2904 τούτῳ
1599 2835 1732 2898 θείς.

160 2925 274 2996 Χρὴ
304 2926 413 2996 γὰρ
454 2927 515 2978 οὗ
542 2926 788 2981 διάκενον
822 2928 970 2997 ἡμᾶς
992 2930 1070 2989 εἷς
1110 2927 1246 2998 ἀέρα
1275 2926 1600 2997 ῥιπτοῦντας
1628 2944 1737 2996 φω-

160 3012 273 3083 νὴν,
320 3014 383 3066 τὸ
430 3016 623 3068 σεπτὸν
651 3015 933 3084 ὁμολογεῖν
965 3016 1259 3085 μυστήριον
1282 3055 1296 3078 ,
1326 3015 1440 3069 ἀλλ’
1466 3019 1522 3069 ὲν
1544 3016 1738 3087 καρδίᾳ

161 3103 250 3158 καὶ
273 3103 350 3174 νῷ
386 3105 487 3173 ⁹τὴν
519 3106 697 3159 πίστιν
723 3103 1082 3176 ριζὼσαντας,
1113 3106 1322 3177 καρπὸν
1353 3105 1445 3159 τοῦ
1476 3108 1735 3177 πράγμα-
1764 3132 1806 3188 C

158 3212 246 3259 τος
291 3195 567 3255 ποιεῖσθαι
603 3197 699 3268 τὴν
729 3197 1055 3268 ὁμολογίαν,
1102 3203 1197 3251 καὶ
1224 3197 1499 3250 πιστεύειν
1533 3198 1735 3250 ἐνδοια-

163 3285 298 3356 σμοῦ
330 3304 478 3351 τινος
521 3287 642 3358 δίχα
675 3289 770 3341 καί
816 3288 1085 3358 διψυχίας.
1143 3288 1432 3358 Ὑϐριστὴς
1461 3287 1567 3359 γάρ
1597 3290 1624 3341 6
1661 3288 1737 3341 δί-

158 3376 326 3447 ψυχος
371 3378 468 3431 καὶ
499 3377 750 3448 χωλεύων
786 3377 915 3448 περί
955 3378 1054 3448 τὴν
1086 3376 1282 3429 πίστιν·
1334 3375 1424 3429 διά
1464 3373 1619 3428 τοῦτο
1643 3375 1737 3428 καὶ

160 3468 540 3531 ἀκατάστατος
573 3471 629 3523 ὲν
662 3468 862 3532 πάσαις
885 3471 1002 3548 ταζς
1029 3468 1165 3532 ὁδοῖς
1200 3465 1384 3520 αὑτοῦ.
1439 3466 1650 3519 Εἰδέναι
1678 3482 1737 3518 σε

164 3560 266 3629 μὴν
295 3562 617 3627 ἀναγκαῖον,
635 3560 717 3613 ὅτι
737 3559 855 3630 Θεῷ
880 3560 975 3630 τῆς
1002 3560 1236 3622 πίστεως
1256 3557 1545 3628 ὁμολογίαν
1563 3556 1739 3612 ποιού-

164 3650 333 3721 μεθα,
371 3652 480 3705 κᾶν
526 3652 592 3705 δι’
634 3651 935 3723 ἀνθρώπων
971 3648 1316 3722 ἐρωτώμενοι
1349 3650 1455 3703 τῶν
1489 3647 1738 3721 ἰερᾶσθαι

161 3741 432 3813 λαχόντων
472 3742 654 3814 φαμὲν
693 3745 774 3809 τὸ,
809 3743 1075 3809 Πιστεύω,
1108 3744 1166 3795 ἐν
1209 3745 1273 3814 τῇ
1309 3738 1736 3815 παραλήψειτοῦ

164 3832 314 3900 ἁγίου
341 3833 745 3905 βαπτίσματος.
789 3835 1076 3889 Πάνδεινον
1108 3828 1200 3888 οῦν
1226 3833 1333 3905 ἀρα
1360 3832 1421 3885 τὸ
1449 3829 1739 3902 διαψεύσα-

164 3923 283 3975 σθαι
314 3924 410 3977 καὶ
462 3923 861 3994 παρολισθῆσαι
902 3924 1037 3995 πρὸς
1066 3924 1353 3988 ἀπιστίαν,
1410 3923 1496 3976 ἵνα
1546 3921 1619 3993 μὴ
1646 3921 1741 3975 καῖ

164 4012 420 4086 δικαστὴν
473 4015 571 4068 καὶ
621 4014 877 4086 μάρτυρα
930 4014 1185 4078 ἀπονοίας
1229 4013 1439 4085 ἔχωμεν
1469 4012 1628 4067 αὑτὸν
1651 4012 1742 4066 τὸν

165 4106 380 4160 πάντων
419 4108 702 4177 Δεσπότην
748 4108 1014 4174 λέγοντα’
1072 4125 1090 4157 ι
1120 4108 1230 4159 Καὶ
1282 4104 1393 4174 ἐγὼ
1446 4105 1683 4176 μάρτυς,
1716 4122 1736 4157 ι

164 4195 296 4264 φησί
324 4196 559 4267 Κύριος.
608 4195 993 4268 Ἐπιτηρητέον
1016 4194 1073 4248 δὲ
1097 4195 1178 4247 ὅτι
1209 4194 1459 4263 Λαζάρου
1489 4193 1741 4263 κειμένου

163 4289 520 4360 τεθνηκότος,
558 4288 698 4360 ὑπὲρ
740 4285 902 4341 αὑτοῦ
935 4286 1133 4356 τρόπον
1174 4284 1293 4339 τινὰ
1322 4285 1383 4337 τὸ
1412 4284 1633 4353 γύναιον
1661 4282 1747 4347 ἐξ·

168 4383 395 4434 αιτείται
422 4381 529 4452 τὴν
566 4381 657 4432 ἐπὶ
682 4382 753 4449 τῇ
782 4379 961 4432 πίστει
1004 4378 1218 4432 σύνεσιν
1244 4399 1255 4409 ·
1287 4377 1375 4431 ἵνα
1400 4377 1563 4431 πάλιν
1589 4376 1621 4427 6
1647 4375 1744 4429 τύ-

1907 1463 2071 1521 Forte
2120 1467 2280 1522 multi
2333 1482 2397 1521 ex
2457 1466 2844 1530 credentibus,
2901 1468 3421 1526 immutabilitatem.

1837 1556 2268 1629 ﬁrmitatemque
2298 1559 2422 1615 ﬁdei
2453 1575 2563 1615 non
2601 1560 2886 1637 habentes,
2921 1562 3059 1639 tales
3089 1571 3219 1617 sunt
3246 1572 3304 1618 ut
3333 1564 3402 1620 de

1836 1650 1908 1705 iis
1955 1649 2068 1704 dici
2114 1653 2291 1720 possit
2345 1655 2512 1721 quod,
2551 1652 2838 1707 credentes
2889 1653 2943 1706 in
2990 1652 3199 1719 Jesum,
3236 1657 3439 1711 morti,

1835 1749 2017 1797 tamen
2051 1743 2278 1797 obnoxii
2314 1752 2466 1809 sunt,
2499 1743 2881 1813 eLaliquando
2908 1746 3124 1813 quidem
3157 1747 3417 1802 moriuu-i

1842 1842 1968 1899 tur;
1998 1833 2052 1885 in
2105 1840 2283 1889 morte
2325 1841 2509 1890 autem
2561 1849 2670 1887 non
2721 1843 2968 1899 manent,
3006 1842 3198 1905 postea
3234 1837 3419 1892 vitam-

1834 1925 2239 1993 recuperaturi.
2262 1922 2461 1979 Verum
2485 1924 2533 1979 si
2568 1925 2712 1993 quis,
2745 1927 3063 1980 firmitatem
3087 1927 3402 1981 immutabi-

1836 2017 2161 2088 litatemque
2193 2016 2307 2087 jam
2368 2024 2726 2081 consecutus,
2757 2018 2841 2071 sic
2875 2016 3084 2083 credat,
3107 2018 3251 2073 hunc
3278 2033 3403 2074 csse

1834 2106 2069 2161 dixerim
2098 2108 2370 2163 viventem
2400 2115 2453 2163 et
2486 2109 2794 2164 credentem
2844 2110 2936 2178 qui
2973 2125 3082 2164 non
3140 2109 3405 2164 morietur

1835 2198 1890 2255 in
1932 2209 2218 2254 aeternum.
2263 2199 2451 2265 Qualis
2494 2208 2614 2254 erat
2664 2200 2861 2255 beatus
2899 2198 3126 2263 Paulus,
3164 2214 3288 2254 cum
3323 2199 3405 2254 di~

1836 2297 2021 2346 ceret:
2047 2307 2066 2342 ι
2089 2290 2223 2356 Quis
2254 2305 2356 2346 nos
2371 2291 2648 2361 separabit
2674 2307 2702 2345 a
2733 2291 3001 2347 charitate
3029 2289 3239 2348 Christi
3262 2289 3347 2344 “1'
3375 2308 3396 2345 ι

1904 2465 1999 2532 XI,
2035 2465 2125 2521 26.
2162 2465 2347 2522 Credis
2378 2467 2541 2522 huic?

1904 2555 2067 2612 Prius
2103 2557 2352 2627 exposita
2402 2558 2455 2610 vi
2507 2556 2754 2627 mysterii
2809 2557 2966 2611 circa
3016 2573 3096 2622 sc,
3147 2559 3405 2628 clareque

1835 2654 2062 2703 ostenso
2109 2648 2256 2717 quod
2307 2648 2417 2701 vita
2466 2647 2771 2703 secundum
2827 2657 3079 2702 naturam
3148 2656 3203 2703 et
3259 2645 3404 2704 Deus

1834 2756 2000 2795 verus
2061 2747 2164 2802 est,
2240 2740 2469 2809 requirit
2535 2741 2680 2795 circa
2736 2740 2894 2795 ﬁdem
2956 2742 3401 2812 intelligentiam,

1838 2831 2066 2902 ﬁguram
2100 2831 2361 2887 Ecclesiis
2401 2832 2454 2885 in
2493 2847 2559 2886 eo
2593 2848 2822 2901 ponens.
2849 2831 2967 2887 Non
3005 2832 3150 2886 enim
3190 2842 3406 2903 oportet

1838 2939 1940 2979 nos
1969 2938 2199 2977 vacuam
2258 2922 2311 2975 in
2363 2936 2488 2976 acra
2542 2922 2807 2991 jacientes
2862 2937 3050 2977 vocem
3094 2922 3406 2977 venerabile

1840 3011 1997 3066 fateri
2028 3011 2376 3082 mysterium,
2407 3010 2499 3064 sed
2539 3009 2819 3064 fundatam
2855 3009 2908 3064 in
2944 3010 3111 3065 corde
3138 3018 3193 3064 et
3222 3010 3407 3066 animo

1840 3102 2000 3158 ﬁdem
2042 3103 2343 3164 habentes,
2391 3101 2631 3157 fructum
2684 3103 2807 3172 ejus
2861 3102 3265 3157 confessionem
3309 3116 3407 3171 po-

1841 3209 1992 3255 nere,
2026 3201 2080 3246 et
2115 3194 2344 3247 credere
2377 3193 2497 3247 sine
2546 3193 2656 3246 ulla
2716 3192 3058 3248 dubitatione
3102 3201 3157 3247 et
3210 3193 3407 3247 mentis

1839 3284 2182 3354 duplicitalc.
2219 3283 2528 3352 lnjuriosus
2572 3292 2661 3339 est
2695 3284 2839 3338 enim
2874 3283 3076 3352 duplex
3126 3291 3308 3337 mente
3354 3290 3408 3337 et

1838 3377 1988 3431 circa
2022 3377 2181 3431 ﬁdem
2212 3375 2552 3438 claudicans,
2584 3385 2873 3446 propterea
2905 3372 3183 3429 instabilis
3211 3373 3263 3426 in
3290 3388 3410 3426 om-

1839 3468 2003 3523 nibus
2025 3468 2127 3521 viis
2151 3467 2289 3521 suis.
2308 3466 2578 3520 Caeterum
2607 3480 2836 3521 necesse
2863 3474 2950 3520 est
2972 3464 3247 3534 intelligas
3298 3464 3409 3518 Deo

1841 3574 1942 3613 nos
1959 3556 2362 3613 confessionem
2384 3557 2507 3612 ﬁdei
2535 3557 2817 3621 exhibere,
2836 3558 3000 3610 etiam
3029 3571 3151 3609 cum
3179 3570 3274 3623 per
3308 3554 3409 3607 lio-

1842 3649 2017 3703 mines
2048 3663 2333 3703 sacrorum
2358 3662 2544 3702 curam
2576 3658 2632 3705 et
2666 3647 3038 3701 sacerdotium
3071 3647 3297 3701 sortitos
3329 3646 3411 3697 in-

1844 3739 2126 3811 terrogati,
2157 3738 2391 3794 dicimus
2436 3738 2563 3802 hoc,
2583 3735 2762 3791 Credo
2794 3738 2848 3790 in
2891 3737 3201 3806 sumptione
3235 3734 3409 3789 sancti

1841 3827 2403 3902 baptismatis.Grave
2427 3828 2596 3899 igitur
2625 3836 2679 3882 et
2704 3827 3077 3897 periculosum
3110 3825 3324 3879 mentiri
3356 3833 3409 3880 et

1843 3924 1923 3979 ad
1938 3914 2391 3979 incredulitatem
2422 3920 2732 3986 deﬂectere,
2758 3935 2828 3974 ne
2864 3918 3105 3988 judicem
3136 3924 3188 3971 et
3217 3924 3411 3972 testem
3513 3979 3521 3988 η

1844 4014 2101 4070 amentiae
2123 4014 2423 4068 habeamus
2448 4011 2627 4080 ipsum
2659 4010 2905 4065 oumium
2938 4008 3275 4089 Dominum}:
3315 4005 3411 4060 «Et

1846 4122 1947 4178 ego
1975 4107 2187 4171 testis,»
2213 4105 2394 4175 inquit
2421 4103 2705 4157 Dominus.
2741 4101 2877 4155 Illud
2908 4103 3069 4156 etiam
3116 4100 3416 4154 observan-

1845 4198 1973 4253 dum
2012 4198 2184 4260 venit,
2218 4196 2388 4266 quod,
2423 4195 2629 4249 Lazaro
2669 4194 2887 4263 jacente
2937 4200 3175 4256 mortuo,
3206 4207 3304 4261 pro
3350 4206 3416 4245 cn

1847 4287 2252 4361 quodammodo
2303 4287 2630 4342 muliercula
2684 4286 3059 4353 interrogatur
3095 4284 3162 4337 de
3213 4284 3414 4337 intelli-

1849 4382 2032 4450 gentia
2065 4379 2210 4447 ﬁdei,
2237 4362 2295 4433 ut
2323 4393 2520 4433 rursus
2557 4380 2731 4447 ﬁgura
2764 4375 2818 4428 in
2856 4375 3124 4429 Ecclesiis
3157 4374 3447 4427 valeat'ett

173 4490 271 4537 πος,
290 4475 347 4526 ὲν
372 4476 501 4535 ταῖς
538 4470 880 4541 Ἐκκλησίαις
910 4469 1121 4541 ἰσχύσῃ.
1171 4470 1300 4523 Ὅτε
1324 4469 1432 4541 γὰρ
1464 4469 1740 4540 άρτιγενὲς

1851 4474 2203 4528 observetur.
2233 4472 2365 4525 Cum
2399 4470 2545 4523 enim
2572 4485 2768 4523 recens
2797 4476 2959 4521 natus
2985 4466 3211 4521 affertur
3235 4464 3416 4520 infans

172 4566 508 4635 προσάγεται
554 4563 750 4635 βρέφος
790 4563 887 4631 τῆς
928 4563 1283 4632 κατηχήσεως
1323 4561 1385 4612 τὸ
1418 4560 1624 4631 χρίσμα
1656 4560 1751 4613 λα·-

172 4656 309 4721 6εϊν,
350 4658 477 4728 ἦτοι
533 4655 594 4708 τδ
623 4654 723 4728 τῆς
750 4653 1079 4716 τελειώσεως
1110 4653 1203 4705 ἐπὶ
1242 4652 1320 4722 τῷ
1368 4652 1508 4722 ἁγίῳ
1554 4651 1750 4721 βαπτί-

173 4764 357 4819 σματι,
375 4727 418 4801 ὁ
451 4727 747 4817 προσάγων
768 4745 909 4816 ὑπὲρ
934 4745 1098 4798 αὐτοῦ
1128 4744 1209 4809 τὸ,
1243 4743 1430 4815 Ἀμὴν,
1458 4745 1747 4812 ἁναφωνεῖ.

184 4838 351 4910 Ὑπὲρ
380 4839 440 4892 δὲ
470 4837 585 4891 τῶν
616 4837 817 4908 ἐσχάτῃ
843 4837 982 4905 νόσῳ
1013 4834 1459 4905 κατειλημμένων
1483 4872 1498 4897 ,
1533 4833 1752 4904 μελλόν-

172 4943 276 4983 των
301 4947 363 4982 τε
397 4930 491 4983 διὰ
523 4928 680 4981 τοῦτο
701 4926 1174 4997 βαπτίζεσθαι,καὶ
1202 4924 1593 4979 άποτάττονταί
1611 4941 1755 4989 τινες

174 5021 265 5075 καὶ
291 5022 709 5083 συντάττονται,
738 5019 835 5089 τὴν
868 5019 1076 5072 οἰκείαν
1104 5017 1292 5088 ὥσπερ
1323 5017 1381 5081 ἐξ
1420 5017 1640 5088 ἀγάπης
1672 5035 1755 5070 κι-

176 5112 411 5185 χρῶντες
438 5111 630 5182 φωνὴν
675 5114 788 5175 τοῖς
828 5110 968 5180 νόσῳ
1015 5107 1407 5178 πεπεδημένοις
1431 5125 1445 5140 ο
1473 5108 1610 5179 ὅπερ
1638 5107 1752 5161 ἔστι

178 5204 410 5258 κατιδεῖν
456 5203 688 5273 γεγονὸς
740 5202 837 5256 ἐπί
876 5218 935 5255 τε
976 5199 1225 5272 Λαζάρου
1264 5199 1482 5269 καὶτῆς
1520 5199 1754 5269 ἀδελφῆς

178 5295 360 5350 αὐτοῦ.
391 5294 590 5363 Σοφῶς
616 5294 671 5347 δὲ
693 5295 726 5363 ἡ
751 5291 950 5364 Μάρθα
984 5291 1078 5344 καὶ
1097 5288 1453 5360 οἰκονομικῶς
1483 5306 1758 5361 προκατα-

180 5388 390 5459 σπείρει
423 5386 532 5461 τῆς
555 5385 785 5448 πίστεως
805 5384 904 5455 τὴν
935 5382 1246 5455 ὁμολογίαν,
1274 5381 1360 5435 ἵνα
1384 5381 1474 5435 τὸν
1501 5379 1560 5445 ἐξ
1590 5382 1758 5453 αὐτῆς

178 5479 364 5555 θερίσῃ
398 5479 639 5552 καρπόν.
892 5466 897 5475 ’

248 5622 293 5654 ³⁹
322 5623 466 5699 .Act.
511 5635 622 5675 xvii
650 5657 663 5682 ,
700 5618 790 5671 28.
868 5618 911 5649 ³ο
946 5616 1104 5672 Rom.
1140 5628 1264 5681 vtu,
1295 5614 1383 5669 55.

1855 4566 1923 4620 ad
2006 4563 2421 4634 suscipiendum
2514 4559 2900 4614 instructionis
2985 4558 3420 4626 initiationisque

1855 4657 2118 4719 chrisma,
2158 4670 2253 4711 seu
2309 4655 2364 4707 in
2421 4659 2616 4708 sancto
2674 4652 3003 4721 baptismate
3045 4648 3416 4720 perfectionis,

1854 4750 1949 4819 qui
1982 4746 2207 4802 adducit
2239 4760 2386 4810 eum,
2417 4758 2521 4814 pro
2555 4758 2621 4796 eo
2666 4742 2983 4810 respondet,
3022 4742 3221 4793 Amen.
3254 4737 3417 4790 Simi-

1857 4838 1984 4893 liter
2023 4852 2122 4906 pro
2176 4836 2245 4890 iis
2291 4832 2386 4903 qui
2433 4840 2683 4887 extremo
2743 4833 2937 4884 morbo
2998 4829 3451 4890 conﬁictamur,.

1857 4929 2092 4997 ideoque
2136 4922 2453 4995 baptizandi
2498 4915 2647 4988 sunt,
2679 4921 3005 4975 ordinantur
3038 4933 3101 4971 ac
3139 4916 3419 4970 destinan-

1857 5027 1947 5073 tur
1977 5017 2143 5086 aliqui
2172 5014 2436 5082 quivelut
2459 5029 2523 5069 ex
2554 5012 2822 5067 cltaritate
2853 5025 2916 5064 ac
2947 5009 3238 5064 dilectione
3266 5021 3419 5061 suam

1858 5110 2052 5165 morbo
2099 5107 2377 5177 impeditis
2434 5103 2783 5160 commodent
2830 5115 3042 5163 vocem,
3074 5097 3241 5169 684
3277 5097 3421 5166 quod

1866 5201 2088 5272 quidem
2137 5199 2249 5269 jam
2290 5197 2544 5254 usuvenit
2593 5197 2649 5250 in
2711 5194 2916 5247 Lazaro
2964 5198 3015 5244 et
3048 5190 3168 5257 ejus
3212 5202 3421 5241 sorore.

1868 5293 2161 5363 Sapienter
2197 5306 2326 5345 vero
2360 5297 2415 5343 et
2463 5293 2617 5343 recto
2657 5285 2850 5340 ordine
2899 5280 3109 5334 Martha
3141 5279 3295 5349 prius
3340 5293 3415 5333 se-

1865 5386 2034 5440 minat
2072 5381 2197 5436 ﬁdei
2220 5378 2647 5441 confessionem,
2675 5383 2735 5429 ut
2761 5388 2826 5428 ex
2863 5386 2925 5427 ea
2961 5369 3195 5425 fructum
3235 5377 3423 5423 mctat.

250 5737 329 5804 (1)
369 5734 547 5803 Τάχα
582 5731 649 5786 δὲ
676 5771 688 5787 .
717 5769 730 5784 .
761 5771 772 5785 .
802 5769 813 5782 .
849 5728 954 5784 τοῦ
985 5726 1259 5796 Χριστοῦ.
1306 5724 1387 5780 Ex
1422 5718 1740 5780 catcnaVal

1843 5734 1931 5784 na,
1969 5716 2059 5772 fol.
2102 5714 2204 5769 1.9.5
2250 5714 2300 5781 ὁ,
2343 5726 2427 5780 ap.
2468 5707 2570 5763 Mai
2600 5708 2634 5763 l.
2669 5707 3002 5793 l..pag.l55.
