4010 6320
518 362 586 420 5]
1486 361 1543 415 S.
1587 362 1867 417 CYRILLI
1906 362 2383 420 ALEXANDRINI
2422 364 2745 422 ARCIHEP.
3726 375 3799 430 5‘2

589 481 682 550 XI,
712 481 806 538 28.
839 480 911 536 Et
955 481 1065 537 hwc
1107 480 1286 535 locum
1339 482 1491 547 abiit,
1525 492 1575 537 et
1622 485 1822 539 vocavit
1871 481 2098 537 Mariam

2282 486 2394 539 Καὶ
2434 487 2622 540 ταῦτα
2651 489 2928 555 εἰποῦσα,
2963 490 3200 560 ἀπῆλθε
3231 492 3327 549 καὶ
3360 493 3639 563 ἐςρὼνησε
3679 497 3802 549 Mr:-

519 590 755 629 sororem
795 590 969 641 suam,
1001 582 1108 629 etc.

588 665 741 720 Abiit
784 666 853 720 ad
898 665 1208 720 vocandam
1240 680 1490 722 sororem
1535 682 1713 734 suam,
1748 674 1807 720 ut
1839 666 1891 722 ei
1938 680 2100 721 suum

519 758 578 812 in
609 772 670 811 re
704 766 1023 828 exspectata
1050 759 1314 831 gaudium
1343 774 1407 814 ac
1453 773 1608 828 spem
1636 757 2100 823 communicaret,

521 862 646 905 eum
689 849 783 916 qui
823 857 1077 905 mortuus
1116 848 1318 914 fuerat,
1362 848 1666 903 redivivum
1706 864 1775 903 ex
1816 849 2104 918 insperato

517 938 1126 1008 recepturae.Audierat
1155 940 1326 1003 enim,
1349 959 1367 991 ‹
1396 938 1671 1009 Resurget
1695 940 1865 994 frater
1894 949 2048 1005 tuus,
2078 957 2098 990 ι

520 1030 615 1085 sed
655 1028 968 1086 Servatoris
1011 1032 1307 1087 adventum
1336 1032 1513 1087 sorori
1545 1048 1659 1087 sua:
1692 1033 1833 1085 clam
1874 1033 2103 1086 nuntia-

517 1123 621 1186 vit,
648 1123 779 1193 quia
818 1139 943 1178 cum
966 1139 1028 1179 ea
1060 1134 1218 1180 erant
1248 1125 1563 1180 Judaeorum
1586 1125 1836 1178 nonnulli
1877 1124 2103 1180 Christo

520 1211 917 1267 miraculorum
973 1212 1167 1268 factori
1216 1214 1550 1271 invidentes.
1601 1214 1712 1270 Nec
1753 1215 2102 1270 inveniemus

521 1319 755 1373 usquam
790 1305 843 1358 in
874 1303 1182 1376 Evangeliis
1207 1305 1497 1361 Christum
1524 1307 1754 1373 dixisse,
1794 1304 1938 1360 Voca
1968 1307 2101 1361 mihi

521 1409 773 1449 sororem
810 1406 958 1449 tuam
989 1414 1001 1448 :
1034 1394 1129 1450 sed
1164 1394 1403 1462 Martha,
1444 1395 1834 1450 necessitatem
1872 1395 2103 1449 inexcu-

517 1488 748 1543 sabilem
783 1491 860 1543 rei
886 1495 941 1542 et
972 1488 1218 1542 debitum
1261 1488 1533 1542 adventus
1568 1498 1768 1540 munus
1811 1501 1913 1555 pro
1966 1500 2103 1540 voce

516 1588 572 1636 et
598 1580 760 1650 jussu
791 1581 1099 1652 accipiens,
1132 1582 1239 1635 hoc
1283 1581 1381 1634 ait.
1416 1580 1512 1635 llla
1544 1594 1671 1635 vero
1705 1578 1969 1633 alacriter
2007 1593 2102 1632 cu-

517 1671 695 1726 currit
718 1671 784 1725 ad
816 1686 969 1737 eum,
992 1679 1047 1725 et
1080 1671 1135 1725 in
1177 1685 1477 1727 occursum
1502 1670 1768 1739 perrexit.
1813 1667 2102 1734 Quomodo

517 1766 663 1820 enim
713 1765 817 1819 hoc
842 1780 953 1819 non
985 1764 1230 1828 fecisset,
1275 1778 1396 1833 quae
1429 1771 1717 1833 tantopere
1748 1764 1816 1818 de
1849 1761 2100 1818 absentia

518 1858 638 1927 ejus
665 1857 938 1922 doluerat,
984 1873 1221 1928 quaeque
1261 1864 1552 1927 tantopere
1589 1856 1795 1927 pietate
1825 1860 1880 1910 et
1912 1855 2103 1910 chari-
2139 1837 2178 1890 Β

518 1957 629 2004 tate
658 1949 714 2003 in
749 1963 993 2005 amorem
1027 1948 1149 2019 ejus
1179 1946 1502 2003 exarserat?

516 2238 535 2249 κ
586 2218 684 2284 XI,
713 2218 805 2274 5|.
831 2217 1014 2274 Juda’t'
1042 2232 1162 2289 ergo
1205 2218 1294 2288 qui
1328 2226 1482 2272 erant
1520 2231 1636 2270 cum
1665 2233 1727 2269 ea
1773 2215 1940 2269 secuti
1981 2226 2102 2268 sunt

517 2327 658 2365 eam.

587 2401 766 2457 Judaei
803 2418 935 2474 ergo
961 2404 1055 2474 qui
1084 2419 1208 2458 cum
1241 2403 1334 2457 illa
1378 2409 1555 2469 erant,
1589 2403 1696 2456 rati
1736 2416 1854 2456 eam
1888 2400 1943 2453 in
1984 2414 2101 2452 mo-

518 2504 846 2551 numentum
901 2513 1022 2553 sese
1064 2497 1405 2568 proripuisse
1463 2504 1520 2550 ut
1566 2512 1626 2550 se
1670 2494 1984 2557 dilaniaret,
2015 2507 2100 2547 sc-

516 2594 767 2656 quuntur
812 2602 958 2656 eam,
989 2587 1056 2642 ad
1103 2589 1156 2643 id
1214 2597 1352 2642 nutu
1390 2587 1578 2641 divino
1612 2586 1860 2655 impulsi,
1910 2591 1969 2638 ut
2015 2585 2100 2637 vel

514 2680 683 2735 inviti
729 2680 796 2736 ad
846 2680 1142 2736 videndum
1190 2682 1520 2735 miraculum
1568 2678 1947 2734 convenirent.
1981 2673 2096 2730 Nisi

515 2774 663 2829 enim
720 2774 826 2829 hoc
876 2790 943 2829 ex
979 2774 1333 2829 ordinatione
1369 2773 1462 2829 Dei
1503 2772 1706 2826 factum
1753 2777 1922 2836 esset,
1958 2785 2097 2822 nun-

515 2879 681 2936 quam
721 2865 841 2936 ejus
886 2866 1225 2920 mentionem
1259 2864 1489 2921 fecisset
1533 2864 1893 2935 evangelista,
1922 2878 2099 2932 neque

517 2966 918 3013 concurrentes
980 2959 1036 3012 in
1117 2958 1551 3027 unumquodque
1621 2971 1822 3011 causas
1890 2957 2097 3026 scripto

519 3052 861 3116 mandasset,
890 3051 999 3106 nisi
1025 3052 1229 3121 ubique
1258 3052 1494 3106 maxime
1515 3051 1729 3105 veritati
1764 3050 2092 3108 studuisset.

2205 579 2348 646 ρίαν
2373 578 2488 649 τὴν
2513 580 2790 649 ἀδελφὴν
2810 581 2999 650 αὐτῆς
3018 628 3032 646 ,
3062 586 3156 638 καὶ
3185 585 3253 639 τά
3276 586 3423 656 ἑξῆς.

2289 671 2524 742 Ἀπῆλθε
2574 673 2880 728 καλέσουσα
2912 675 3011 746 τὴν
3059 677 3293 748 ἀδελφὴν
3343 678 3515 748 αὐτῆς
3556 678 3692 747 πρὸς
3740 680 3799 731 τδ

2208 762 2303 816 καὶ
2346 762 2515 834 αὐτὴν
2577 767 2905 837 κοινωνῆσαι
2960 767 3059 838 τῆς
3106 769 3199 822 ἐπὶ
3243 768 3322 840 τῷ
3364 769 3799 840 προσδοκωμένῳ

2206 854 2494 926 πράγματι
2549 856 2852 927 εὐθυμίας,
2919 859 3443 932 συναποληψομένην
3491 860 3798 914 ἀναστάντα

2206 950 2334 1020 παρ’
2365 949 2555 1002 ἐλπίδα
2582 951 2763 1004 πᾶσαν
2778 950 2869 1004 τὸν
2896 952 3215 1022 τεθνηκότα.
3239 949 3347 1006 Ἦν
3368 953 3475 1024 γὰρ
3495 951 3793 1006 ἀκούσασα·

2212 1061 2231 1092 ι
2271 1044 2665 1113 Ἀναστήσεται
2712 1046 2740 1097 ὁ
2787 1044 3014 1113 ἁδελφός
3046 1062 3140 1098 σου
3165 1062 3176 1077 ι
3208 1065 3225 1097 ι
3281 1045 3456 1116 λάθρα
3485 1045 3542 1098 δὲ
3571 1045 3671 1114 τὴν
3702 1045 3794 1099 τοῦ

2206 1135 2460 1205 Σωτῆρος
2497 1136 2798 1208 παρουσίαν
2827 1140 2891 1207 τῇ
2945 1137 3149 1209 ἀδελφῇ
3175 1138 3343 1208 αὐτῆς
3378 1137 3793 1208 εὐηγγελίσατο,

2205 1227 2293 1280 διὰ
2342 1229 2402 1280 τὸ
2461 1227 2945 1300 παρακαθέζεσθαι
2999 1229 3106 1283 τῶν
3170 1230 3440 1283 Ἰουδαίων
3489 1230 3640 1290 τινὰς
3687 1229 3797 1283 τῶν

2207 1319 2549 1390 φθονούντων
2602 1319 3112 1391 θαυματουργοῦντι
3155 1319 3233 1390 τῷ
3262 1318 3503 1391 Χριστῷ.
3558 1318 3666 1372 Καὶ
3699 1320 3794 1389 οὐχ

2206 1412 2512 1481 εὑρήσομεν
2557 1412 2615 1463 ὲν
2654 1412 2765 1473 τοῖς
2804 1411 3157 1477 Εὐαγγελίοις
3201 1411 3283 1464 ὅτι
3320 1412 3348 1463 ὁ
3372 1409 3606 1480 Χριστὸς
3647 1405 3791 1461 εἷπε

2205 1502 2375 1557 Κάλει
2427 1520 2514 1571 μοι
2545 1501 2643 1571 τὴν
2673 1497 2909 1573 ἀδελφήν
2945 1519 3038 1555 σου
3060 1519 3074 1534 ο
3127 1499 3241 1554 ἀλλ’
3278 1501 3309 1570 ἡ
3345 1500 3542 1570 Μάρθα
3570 1499 3667 1570 τὴν
3700 1499 3793 1551 τοῦ

2205 1594 2533 1662 πράγματος
2590 1591 2966 1662 ἀπαραίτητον
3017 1592 3208 1661 χρείαν
3253 1592 3347 1643 καὶ
3402 1590 3462 1642 τὸ
3506 1589 3604 1659 τῆς
3653 1607 3794 1659 παρ-

2204 1684 2390 1748 ουσίας
2435 1683 2905 1755 χρεωστούμενον,
2956 1684 3077 1737 ἀντὶ
3126 1682 3427 1745 κελεύσεως
3474 1682 3570 1735 καὶ
3610 1682 3793 1750 φωνῆς

2205 1775 2473 1847 δεξαμένη
2495 1816 2508 1841 ,
2546 1775 2706 1828 τοῦτὸ
2735 1792 2922 1846 φησιν.
2985 1774 3048 1828 Ἦ
3073 1774 3130 1828 δὲ
3160 1774 3392 1844 ἑτοίμως
3418 1773 3620 1845 ἔδραμε
3656 1774 3793 1843 πρὸς

2209 1868 2402 1934 αὐτὸν,
2449 1868 2541 1920 καὶ
2594 1869 2838 1939 ὑπαντᾷν
2885 1867 3079 1921 ἐθέλει.
3141 1865 3266 1929 Πῶς
3299 1866 3408 1937 γὰρ
3454 1866 3554 1918 οὐκ
3597 1863 3789 1934 ἔμελλε

2208 1962 2366 2014 τοῦτο
2402 1965 2576 2014 ποιεῖν
2695 1962 2902 2032 σφόδρα
2942 1960 3255 2031 λυπουμένη
3314 1960 3405 2011 ἐπὶ
3439 1962 3504 2029 τῆ
3555 1957 3791 2028 ἀπουσία

2207 2054 2395 2119 αὑτοῦ,
2426 2056 2519 2107 καὶ
2543 2054 2743 2124 θερμὸν
2765 2053 2965 2124 ἔχουσα
2998 2054 3253 2124 φρόνημα
3283 2052 3363 2116 είς
3386 2051 3668 2104 εὐσέϐειαν
3698 2049 3790 2102 καὶ

2207 2149 2427 2218 ἀγάπην
2459 2150 2538 2210 εἰς
2574 2146 2735 2200 αὑτὸν
2768 2146 2970 2217 πολλήν
2997 2163 3011 2212 ;

2282 2240 2346 2293 Ol
2375 2239 2489 2293 οὖν
2527 2239 2795 2294 Ἰουδαῖοι
2836 2242 2889 2293 οἱ
2920 2240 3089 2306 ὄντες
3109 2241 3237 2310 μετ’
3271 2238 3491 2307 αὐτῆς,
3527 2237 3813 2307 ἠκολού-.

2205 2338 2404 2400 θησαν
2437 2330 2615 2399 αὐτῇ.

2275 2426 2335 2476 Oi
2365 2419 2457 2477 οὖν
2491 2423 2740 2486 συνόντες
2780 2423 3056 2486 Ἰουδαῖοι,
3087 2424 3364 2494 οἰηθέντες
3392 2423 3562 2493 αὐτὴν
3594 2427 3788 2494 δεδρα-

2206 2516 2438 2586 μηκέναι
2484 2518 2577 2569 ἐπὶ
2617 2515 2677 2568 τὸ
2711 2518 2974 2585 μνημεῖον
3008 2516 3142 2588 πρὸς
3162 2517 3222 2569 τὸ
3254 2513 3449 2585 ἑαυτὴν
3486 2513 3784 2584 σπαράξαι,

2205 2607 2689 2663 συνακολουθοῦσιν
2735 2609 2894 2680 αὐτῇ,
2923 2607 3151 2679 νεύματι
3183 2607 3316 2661 Θεοῦ
3360 2606 3518 2660 τοῦτο
3568 2605 3787 2660 ποιοῦν-

2199 2718 2322 2764 τες,
2369 2701 2455 2754 ἵνα
2487 2700 2812 2755 συνέλθωσιν
2856 2701 2950 2754 ἐπὶ
2992 2700 3068 2770 τῷ
3101 2700 3164 2753 τδ
3203 2698 3388 2770 θαῦμα
3425 2699 3552 2751 ἰδεῖν
3578 2697 3674 2750 καὶ
3711 2697 3789 2770 μὴ

2201 2792 2538 2863 βουλόμενοι.
2585 2794 2648 2845 Εἰ
2680 2793 2788 2862 γὰρ
2825 2792 2899 2862 μὴ
2929 2791 3214 2861 οἰκονομίᾳ
3243 2790 3377 2842 Θεοῦ
3412 2788 3571 2842 τοῦτο
3605 2788 3786 2857 ἐγεγό-

2198 2903 2308 2950 νει,
2351 2887 2452 2939 οὐκ
2480 2885 2545 2939 ἂν
2581 2885 2859 2954 ἐμέμνητο
2899 2882 3063 2935 αὑτοῦ
3107 2887 3135 2936 ὁ
3171 2882 3568 2953 εὐαγγελιστὴς
3588 2922 3603 2946 .
3657 2881 3780 2935 οὔτε

2196 2978 2295 3040 τὰς
2324 2979 2406 3046 ἐφ’
2440 2977 2655 3047 ἑκάστῳ
2689 2974 3097 3045 συμϐαινούσας
3126 2973 3305 3038 αἰτίας
3336 2974 3709 3044 ἀπεγράφετο,
3737 2975 3783 3027 εξ

2201 3068 2274 3139 μὴ
2303 3068 2574 3138 πανταχοῦ
2601 3067 2697 3135 τῆς
2718 3064 2970 3135 ἀληθείας
3001 3066 3355 3117 ἀντεποιεῖτο.
3380 3060 3547 3116 Εἶπεν
3573 3058 3666 3116 οὖν
3688 3063 3783 3132 τὴν

517 3138 647 3195 Ideo
676 3139 817 3194 dixit
847 3155 1073 3195 causam
1111 3156 1211 3194 cur
1243 3141 1399 3194 multi
1446 3140 1511 3194 ad
1551 3147 1965 3194 monumentum
2005 3155 2085 3193 ac-

2207 3138 2378 3215 αἰτίαν
2425 3159 2490 3211 δι’
2537 3159 2604 3228 ἣν
2658 3157 2841 3210 πολλοὶ
2885 3158 2963 3220 εἰς
3006 3156 3064 3210 τὸ
3120 3158 3383 3227 μνημεῖον
3421 3156 3691 3227 ἔδραμον,
3734 3153 3782 3206 οἳ

519 3242 832 3299 currerent,
880 3234 973 3303 qui
1028 3232 1230 3302 reperti
1269 3239 1399 3286 sunt
1445 3241 1499 3286 et
1561 3231 1787 3288 fuerunt
1842 3231 2094 3286 miraculi

522 3329 884 3390 spectatores,
918 3321 1157 3390 aliisque
1191 3321 1608 3376 renuntiarunt.

588 3409 683 3475 XI,
717 3413 805 3466 52.
829 3411 1041 3467 diaria
1069 3430 1191 3483 ergo
1226 3418 1344 3466 cu‘m
1388 3414 1607 3468 venisset
1641 3413 1730 3467 ubi
1754 3422 1870 3466 erat
1913 3409 2094 3477 Jews,

520 3505 709 3558 cecidit
739 3504 808 3558 ad
837 3505 992 3574 pedes
1017 3505 1155 3575 ejus,
1184 3516 1290 3560 etc.

487 3615 503 3631 ο
592 3594 762 3665 Igitur
792 3594 965 3651 Maria
997 3603 1384 3665 prtematuram
1413 3604 1644 3653 mortem
1676 3597 1864 3652 fratris
1895 3594 1978 3650 sui
2010 3609 2099 3648 ac-

520 3683 728 3739 cidisse
767 3685 844 3739 ait
886 3687 958 3741 ob
988 3684 1205 3739 Domini
1236 3686 1566 3750 absentiam,
1594 3695 1646 3741 et
1675 3695 1807 3740 tunc
1840 3685 2098 3739 advenire

519 3790 747 3847 peregre
781 3777 1003 3832 domum
1042 3794 1223 3843 suam,
1256 3792 1382 3832 cum
1419 3793 1584 3833 omne
1623 3787 1837 3846 tempus
1865 3775 2096 3830 curandi

517 3868 878 3938 praeteriisset
912 3887 926 3923 :
965 3879 1132 3940 atque
1194 3884 1258 3923 ex
1327 3883 1395 3923 eo
1461 3866 1841 3937 conjecturam
1898 3882 2098 3936 capere

516 3960 667 4027 licet,
703 3961 853 4032 quod
890 3971 1152 4031 tanquam
1188 3958 1300 4014 Deo
1332 3960 1435 4029 ipsi
1467 3960 1571 4013 hoc
1606 3959 1849 4023 dicebat,
1873 3959 2096 4013 tametsi

519 4068 629 4107 non
664 4061 919 4108 accurate
965 4053 1152 4107 locuta
1199 4058 1306 4116 est,
1339 4061 1459 4105 rata
1510 4066 1619 4104 non
1649 4046 2096 4124 685'adfuisse

518 4147 700 4214 ipsum
757 4146 903 4214 quod
963 4145 1179 4200 abesset
1226 4158 1478 4214 corpore.
1532 4140 1637 4198 Sed
1689 4151 1874 4199 tamen
1922 4145 2096 4200 multo

516 4237 752 4308 peritior
778 4248 829 4292 et
869 4238 1264 4309 intelligentior
1295 4236 1531 4301 Martha,
1558 4252 1669 4292 non
1703 4235 1858 4301 dixit,
1890 4257 1909 4289 ι
1943 4235 2095 4303 Qua:-

516 4346 735 4401 cunque
784 4344 979 4400 posces
1025 4329 1217 4393 Deum,
1265 4328 1419 4383 dabit
1464 4328 1558 4383 tibi
1606 4326 1771 4382 Deus.
1809 4349 1826 4381 ι
1862 4330 1991 4384 Ideo
2027 4330 2092 4385 ad

517 4423 661 4478 hanc
692 4423 831 4476 nihil
869 4422 1170 4489 respondet
1210 4420 1498 4485 Dominus,
1536 4421 1604 4474 ad
1656 4418 1929 4475 Martham
1964 4438 2093 4477 vero

2204 3250 2507 3322 εὑρέθησάν
2559 3266 2615 3301 τε
2658 3249 2752 3301 καὶ
2788 3247 3045 3316 γεγόνασι
3094 3246 3284 3301 θεαταὶ
3333 3245 3427 3300 τοῦ
3482 3245 3787 3315 θαύματος,

2205 3342 2298 3394 καὶ
2326 3339 2504 3402 ἄλλοις
2525 3338 2883 3410 ἀπήγγειλαν.

2287 3433 2357 3489 ἸΙ
2397 3428 2510 3487 οὖν
2539 3432 2736 3499 Μαρία
2773 3433 2854 3497 ὡς
2890 3428 3079 3501 ἦλθεν
3125 3430 3278 3483 ὅπου
3326 3425 3406 3499 ἦν
3448 3431 3480 3482 ὁ
3528 3428 3785 3496 Ἰησοῦς,

2203 3522 2385 3575 ἔπεσε
2421 3520 2569 3589 πρὸς
2592 3520 2736 3585 τοὺς
2766 3518 2958 3585 πόδας
2982 3517 3192 3583 αὐτοῦ,
3221 3517 3315 3572 καὶ
3337 3518 3406 3570 τά
3443 3516 3590 3585 ἑξῆς.

2285 3613 2351 3665 Ἦ
2384 3611 2564 3682 μέντοι
2596 3611 2813 3682 Μαρία,
2847 3610 3097 3682 πρόωρον
3143 3608 3473 3680 γεγενῆσθαι
3520 3608 3668 3677 λέγει
3693 3608 3784 3661 τὸν

2205 3701 2430 3755 θάνατον
2466 3700 2545 3771 τῷ
2577 3700 2789 3771 ἀδελφῷ
2819 3699 2907 3753 διὰ
2937 3700 2998 3753 τὸ
3026 3701 3245 3753 ἀπεῖναι
3275 3700 3366 3753 τὸν
3393 3700 3597 3771 Κύριον
3620 3715 3637 3732 ο
3689 3700 3783 3751 καὶ

2202 3795 2324 3848 τότε
2355 3797 2520 3866 φησὶν
2543 3793 3002 3865 ἐπιδεδημηκέναι
3027 3792 3189 3845 αὑτὸν
3215 3790 3294 3861 τῷ
3321 3791 3452 3862 οἴκῳ
3471 3831 3485 3856 ,
3509 3793 3597 3844 ὅτε
3625 3792 3653 3845 ὁ
3684 3791 3780 3861 τῆς

2204 3885 2500 3959 θεραπείας
2533 3885 2853 3956 παρέδραμε
2891 3884 3084 3954 καιρός
3109 3899 3122 3913 ·
3182 3882 3276 3937 καὶ
3316 3881 3430 3934 ἐστι
3463 3881 3560 3951 μὲν
3591 3881 3687 3934 καὶ
3718 3882 3780 3933 ἐκ

2201 3978 2392 4033 τούτου
2423 3978 2825 4049 στοχάσασθαι,
2859 3979 2942 4031 ὅτι
2982 3977 3056 4040 ὡς
3084 3974 3203 4046 Θεῷ
3235 3972 3385 4045 αὐτῷ
3415 3973 3567 4040 ἔλεγε
3600 3972 3778 4038 τοῦτο,

2202 4072 2251 4123 εἰ
2285 4070 2379 4123 καὶ
2401 4070 2500 4123 οὐκ
2526 4067 2771 4138 ἀκριϐῶς
2796 4066 3120 4136 λελάληκεν,
3164 4064 3385 4134 οἰομένη
3422 4064 3498 4133 μὴ
3525 4063 3778 4132 παρεῖναι

2202 4162 2366 4216 αὐτὸν
2393 4162 2439 4214 εἰ
2473 4160 2566 4214 καὶ
2598 4159 2744 4230 ἀπῆν
2774 4159 2852 4229 τῷ
2878 4156 3110 4228 σώματι.
3159 4154 3550 4226 Ἀκριὸεστέρα
3570 4153 3627 4206 δὲ
3645 4149 3780 4210 οὖσα

2202 4254 2296 4306 καὶ
2328 4251 2669 4321 συνετωτερα
2697 4251 2798 4320 τῆς
2828 4246 3057 4318 Μάρθας
3078 4288 3092 4313 ,
3142 4247 3242 4299 οὐκ
3267 4241 3445 4298 εἶπεν·
3486 4263 3505 4295 ι
3547 4244 3684 4296 Ὅσα
3713 4239 3780 4295 ἀν

2201 4345 2400 4417 αἰτήσῃ
2416 4343 2506 4395 τὸν
2527 4341 2678 4405 Θεὸν,
2711 4339 2871 4393 δώσει
2899 4356 2981 4392 σοι
3011 4341 3039 4392 ὁ
3066 4338 3215 4400 Θεός.
3247 4356 3265 4388 ι
3296 4336 3387 4389 Διὸ
3415 4335 3550 4406 πρὸς
3575 4333 3780 4401 ταύτην

2199 4435 2351 4489 οὐδὲν
2396 4433 2546 4485 λαλεῖ
2587 4432 2615 4482 ὁ
2645 4430 2869 4502 Κύριος,
2900 4429 3036 4500 πρὸς
3070 4429 3126 4482 δὲ
3169 4429 3267 4499 τὴν
3289 4426 3518 4497 Μάρθαν
3570 4423 3778 4496 μακρὸν

516 4515 793 4585 prolixum
848 4514 1039 4569 habuit
1089 4530 1422 4569 sermonem.
1476 4512 1584 4567 Sed
1636 4514 1781 4568 enim
1834 4513 2084 4569 obrutam

2207 4526 2422 4579 διέτεινε
2462 4525 2553 4576 τὸν
2585 4522 2761 4591 λόγον.
2821 4522 2898 4592 Τῇ
2938 4520 3083 4592 λύπῃ
3120 4520 3303 4589 μέντοι
3350 4516 3652 4587 μεθύουσαν
3679 4516 3777 4585 τὴν

517 4607 707 4661 dolore
757 4604 985 4659 Mariam
1047 4621 1157 4659 non
1204 4605 1504 4671 redarguit,
1545 4605 1592 4659 ei
1632 4606 1724 4674 qui
1780 4613 2091 4661 creaturam

515 4715 732 4755 omnem
766 4698 949 4769 implet
983 4700 1087 4753 hoc
1110 4699 1399 4758 locutam,«
1433 4695 1484 4750 Si
1511 4695 1712 4753 fuisses
1733 4697 1843 4766 hic,
1868 4718 1884 4750 ι
1908 4715 2092 4754 exem-

516 4795 665 4863 plum
694 4792 854 4846 nobis
886 4793 1137 4862 prmbens
1170 4805 1281 4844 non
1308 4790 1674 4859 redarguendi
1702 4807 1798 4846 eos
1832 4793 1925 4862 qui
1962 4804 2091 4847 sunt

513 4884 569 4938 in
618 4885 822 4938 recenti
855 4883 1282 4951 vehementique
1335 4881 1508 4936 luctu.
1561 4880 1861 4951 Propterea
1913 4901 2091 4955 neque

514 4973 854 5042 colloquitur
909 4986 1032 5025 cum
1083 4986 1168 5035 ea,
1204 4985 1381 5039 neque
1438 4970 1575 5023 dicit
1618 4986 1682 5025 ea
1739 4988 1859 5041 quae
1912 4974 2091 5029 sorori

515 5064 635 5131 rjus
666 5063 823 5127 dixit,
872 5062 1132 5132 quoniam
1185 5062 1368 5116 aderat
1412 5078 1608 5133 magna
1639 5064 1954 5130 multitudo,
1991 5081 2093 5120 nec

515 5158 708 5209 talium
759 5154 1054 5209 verborum
1111 5162 1328 5223 tempus
1389 5165 1558 5209 erat:
1614 5158 1918 5225 acquiescit
1965 5175 2093 5212 vero

514 5250 691 5318 magis
722 5256 773 5303 et
804 5248 1128 5314 assentitur,
1159 5248 1455 5303 humanam
1493 5258 1747 5304 naturam
1777 5250 2089 5317 declarans,

513 5350 568 5393 et
621 5342 962 5411 lacrymatur
1006 5346 1059 5395 et
1095 5339 1455 5395 confunditur
1485 5340 1679 5398 videns
1727 5356 1847 5398 eam
1903 5344 2092 5413 lugen-

510 5439 648 5493 tem,
686 5441 741 5487 et
776 5431 1000 5489 Judzeos
1026 5433 1120 5504 qui
1152 5441 1530 5489 convenerant
1566 5435 1997 5504 illacrymantes.

589 5522 680 5590 XI,
717 5525 805 5579 ⁵55.
849 5523 1133 5594 Infremuit
1181 5525 1385 5595 Spiritu
1437 5534 1488 5578 et
1560 5525 1785 5579 turbavit
1833 5526 2082 5595 seipsum.

584 5617 853 5683 Quoniam
890 5633 1002 5673 non
1036 5620 1213 5675 solum
1262 5618 1408 5675 Deus
1454 5619 1757 5673 secundum
1808 5629 2083 5687 naturam,

517 5708 610 5762 sed
644 5717 696 5763 et
720 5708 883 5763 homo
906 5717 1025 5764 erat
1048 5709 1332 5775 Christus,
1367 5725 1516 5765 nunc
1543 5710 1747 5780 aliquid
1777 5710 2080 5765 humanum

510 5796 739 5867 patitur.
772 5796 912 5855 Cum
957 5799 1104 5856 enim
1134 5800 1291 5856 dolor
1320 5800 1377 5855 in
1421 5814 1487 5855 eo
1521 5803 1748 5857 excitari
1794 5803 2080 5873 inciperet,

2198 4617 2418 4687 Μαρίαν
2447 4615 2545 4668 οὐκ
2577 4615 2815 4684 ἐλέγχει,
2845 4614 3105 4665 εἰποῦσαν
3130 4612 3217 4676 τὸ,
3258 4629 3276 4661 ι
3300 4611 3362 4661 Εἰ
3387 4606 3453 4679 ἧς
3482 4602 3585 4661 ὦδε
3606 4646 3621 4670 ,
3651 4627 3671 4659 ι
3701 4608 3779 4677 τῷ

2199 4707 2495 4780 πληροῦντι
2523 4706 2623 4777 τὴν
2646 4706 2864 4761 ἃπασαν
2895 4704 3070 4758 κτίσιν
3089 4720 3102 4735 ·
3145 4702 3282 4774 πρὸς
3315 4703 3460 4771 ἡμᾶς
3488 4701 3776 4769 ὑπογραμ-

2201 4801 2299 4872 μὸν
2329 4799 2606 4861 καὶτοῦτο
2640 4797 2827 4862 ποιῶν,
2862 4797 2948 4850 ἵνα
2982 4796 3056 4866 μὴ
3082 4795 3210 4858 τοὺς
3240 4796 3298 4847 ὲν
3330 4794 3481 4862 ἀκμῇ
3514 4791 3622 4843 τῶν
3646 4789 3775 4861 θρή-

2197 4909 2303 4946 νων
2364 4891 2523 4953 ὅντας
2580 4888 2913 4961 ἐλέγχωμεν.
2962 4888 3062 4940 Διὰ
3106 4886 3262 4939 τοῦτο
3303 4884 3422 4937 οὐδὲ
3469 4882 3775 4952 διαλέγεται

2195 4983 2365 5053 αὐτῇ,
2394 4981 2515 5034 οὐδὲ
2560 4980 2709 5048 λέγει
2747 4980 2816 5032 τὰ
2843 4978 3012 5041 αὐτὰ,
3057 4976 3092 5030 ἀ
3123 4978 3215 5030 καὶ
3249 4975 3385 5046 πρὸς
3414 4972 3512 5045 τὴν
3543 4972 3778 5044 ἀδελφὴν

2196 5073 2369 5142 αὐτῆς
2398 5069 2515 5125 εἷπε
2538 5111 2551 5135 ,
2581 5071 2668 5124 διὰ
2697 5070 2757 5124 τὸ
2790 5072 3042 5140 παρεῖναι
3089 5069 3255 5123 πολὺν
3310 5068 3466 5139 ὄχλον
3485 5110 3499 5133 ,
3554 5068 3647 5121 καὶ
3701 5066 3776 5137 μὴ

2198 5161 2338 5219 εἶναι
2366 5164 2560 5235 καιρὸν
2595 5163 2705 5225 τῶν
2739 5163 2997 5216 τοιούτων
3041 5162 3326 5234 ῥημάτωνο
3353 5160 3776 5231 συγκαταϐαίνει

2197 5259 2253 5311 δὲ
2289 5257 2485 5328 μᾶλλον
2506 5296 2520 5320 ,
2554 5257 2654 5328 τὴν
2696 5255 3044 5327 ἀνθρωπίνην
3093 5255 3253 5324 φύσιν
3291 5254 3646 5326 ἀπογυμνῶν,
3681 5255 3777 5307 δα-

2197 5349 2353 5420 κρύει
2371 5350 2427 5403 δὲ
2446 5350 2540 5403 καὶ¹
2562 5366 2625 5402 συ
2635 5352 2864 5419 γχεῖται,
2886 5348 3007 5403 ἰδὼν
3029 5349 3198 5418 αὐτὴν
3221 5348 3513 5402 κλαίουσαν
3533 5347 3630 5401 καὶ
3652 5347 3775 5409 τοὺς

2198 5441 2550 5504 συνελθόντας
2577 5442 2714 5513 αὐτῇ
2762 5442 3049 5506 Ἰουδαίους
3077 5442 3385 5505 κλαίοντας.

2279 5531 2737 5603 Ἐνεϐριμήσατο
2796 5532 2876 5599 τῷ
2944 5535 3241 5604 Πνεύματι
3319 5533 3418 5587 καὶ
3484 5532 3777 5602 ἐτάραξεν

2192 5624 2431 5678 ἑαυτόν.

2277 5715 2495 5784 Ἐπειδὴ
2552 5716 2607 5769 δὲ
2658 5717 2719 5770 οὺ
2764 5718 2923 5788 μόνον
2975 5717 3107 5781 Θεὸς
3146 5717 3288 5771 κατὰ
3312 5716 3494 5786 φύσιν,
3512 5715 3651 5770 ἀλλὰ
3679 5715 3773 5769 καὶ

2190 5804 2475 5876 ἅνθρωπος
2502 5803 2568 5878 ἦν
2600 5811 2627 5862 ὁ
2659 5810 2893 5881 Χριστὸς
2914 5854 2926 5878 ,
2975 5811 3171 5879 πάσχει
3206 5809 3298 5862 καὶ
3331 5809 3425 5862 νῦν
3455 5808 3515 5861 τὸ
3558 5808 3768 5877 ἀνθρώ-
