4010 6320
258 260 327 314 53
1118 255 1181 309 IN
1212 254 1555 312 JOANNEM.
1588 286 1656 299 —
1689 254 1817 311 LIB.

1939 208 1961 308 li
1994 250 2081 306 ET
2115 251 2232 307 Vill
2259 248 2691 304 FRAGMENTA
3455 255 3531 312 ει

251 383 423 422 πινον.
484 366 819 439 ’Λρχομίνης
852 366 909 418 δέ
962 381 1078 428 πως
1121 365 1179 419 ὲν
1225 363 1374 435 αὐτῷ
1421 364 1687 419 κινεῖσθαι
1739 364 1834 435 τῆς

1940 370 2135 417 saneta
2212 376 2380 416 carne
2450 360 2564 430 jam
2619 372 2875 432 vergente
2942 361 3008 415 ad
3071 363 3368 435 lacrymas,
3410 382 3520 424 non

250 459 444 527 λύπης,
476 459 571 512 καὶ
601 456 863 527 νευούσης
892 455 991 526 ἤδη
1017 454 1153 527 πρὸς
1186 457 1246 509 τὸ
1269 454 1508 527 δάκρυον
1540 455 1641 526 τῆς
1669 454 1835 523 ἁγίας

250 548 488 620 σαρκὸς,
543 548 644 601 οὐκ
688 547 907 618 ἐφίησιν
935 547 1108 617 αὐτὴν
1146 547 1307 601 τοῦτο
1344 547 1539 601 παθεῖν
1570 547 1833 613 ὲκλύτως,

250 640 499 710 καθάπερ
527 638 647 702 ἔθος
672 639 805 709 ἡμῖν
823 655 836 669 ο
870 655 889 689 ι
932 637 1301 709 Ἑμὸριμᾶται
1320 638 1379 691 δὲ
1403 636 1481 708 τῷ
1497 637 1795 708 Πνεῦματι·
1811 655 1829 688 ι

214 778 220 784 .
248 730 393 785 τοῦτ’
422 728 560 796 ἔστι,
595 730 661 799 τῇ
693 727 921 799 δυνάμει
937 726 1030 780 τοῦ
1058 727 1214 795 ἁγίου
1236 727 1556 799 Πνεύματος
1573 726 1837 797 ἐπιπλήτ-

213 806 332 896 ξτει
358 819 559 890 τρόπον
589 818 713 872 τινὰ
746 821 812 890 τῇ
849 816 957 889 ἰδίᾳ
990 816 1191 889 σαρκί·
1228 817 1363 889 ἡδὲ,
1392 818 1453 871 τὸ
1479 818 1580 889 τῆς
1613 816 1833 871 ἑνωθεί-

251 929 347 983 σης
377 912 516 982 αὐτῇ
550 910 803 982 θεότητος
835 910 935 963 οὐκ
972 909 1270 979 ἐνεγκοῦσα
1291 910 1520 982 κίνημα,
1550 909 1743 983 τρέμει
1775 926 1835 962 τε

247 1004 341 1058 καὶ
366 1003 495 1075 θορύ
507 1003 603 1056 6ου
621 1003 917 1057 πλάττεται
946 1002 1133 1074 σχῆμα
1160 1004 1255 1056 καὶ.
1279 1002 1573 1072 ωγχὲεται
1600 1018 1612 1032 ·
1637 999 1836 1066 πένθος

247 1093 354 1165 γὰρ
380 1088 519 1146 οἶδεν
552 1091 956 1165 ἀναρριπίζειν.
1002 1091 1176 1146 Τοῦτο
1206 1093 1317 1163 γὰρ
1341 1088 1835 1175 οἶμαιοσημαίνειν

244 1183 336 1246 τὸ,
374 1203 395 1238 ι
440 1185 736 1257 Ἐτάραξεν
768 1186 979 1239 ἑαυτόν.
1021 1203 1040 1236 ι
1071 1185 1197 1249 Πῶς
1228 1186 1340 1256 γὰρ
1365 1185 1431 1247 ἂν
1466 1185 1672 1257 ἑτέρως
1701 1186 1835 1238 ὐπο-

248 1273 408 1345 μείνῃ
440 1273 668 1345 θόρυϐον
693 1292 708 1342 ;
734 1274 1154 1347 Ταραχθήσεταί
1176 1292 1241 1345 γε
1275 1276 1381 1347 μὴν
1408 1277 1549 1330 κατά
1572 1277 1694 1331 τίνα
1711 1277 1836 1349 τρό-

246 1379 348 1416 πον
371 1365 404 1433 ή
439 1364 705 1429 ἀθόλωτος
733 1366 817 1419 ἀεὶ
849 1366 945 1419 καὶ
973 1365 1290 1437 γαληνιῶσα
1320 1368 1518 1437 (prium;
1550 1369 1835 1439 Ἐπιτίμα-

246 1472 338 1509 ται
360 1455 539 1510 τοίνυν
572 1458 605 1528 ἡ
638 1457 775 1527 σὰρξ
801 1457 887 1512 διὰ
911 1458 1006 1512 τοῦ
1039 1459 1376 1529 Πνεύματος,
1407 1460 1476 1513 τὰ
1502 1460 1640 1531 ὑπὲρ
1672 1461 1832 1529 φύσιν

247 1546 387 1600 ίδίαν
405 1547 767 1622 διδασκομένη
800 1554 1036 1622 φρονεῖν.
1061 1552 1160 1605 Διά
1182 1551 1291 1623 γάρ
1319 1569 1401 1606 τοι
1422 1551 1583 1606 τοῦτο
1612 1552 1839 1622 γέγονεν

246 1636 303 1687 ἐν
329 1638 521 1708 σαρκὶ,
569 1638 770 1709 μᾶλλον
798 1640 854 1693 δὲ
891 1639 1048 1712 σὰρξ,
1075 1642 1103 1694 ὁ
1129 1641 1309 1696 πάντα
1338 1642 1540 1714 ἰσχύων
1560 1642 1661 1697 τοῦ
1695 1644 1835 1697 θεοῦ

1940 455 2073 509 sinit
2121 454 2225 508 hoc
2259 467 2381 508 eam
2430 452 2610 507 facere
2642 453 2841 520 solute,
2866 462 2926 508 ut
2970 455 3141 510 moris
3172 465 3258 511 cst
3309 459 3473 514 nobis
3506 480 3517 514 :

1943 544 2221 600 rlnl‘remit
2243 551 2424 598 autem
2456 544 2727 614 Spiritu,»
2752 544 2856 599 hoc
2887 554 2970 600 est
3001 546 3051 600 vi
3082 546 3258 601 sancti
3285 546 3524 621 Spiritus
3576 612 3581 617 _

1937 637 2348 707 quodammodo
2404 649 2561 690 suam
2610 649 2838 690 carnem
2898 636 3202 709 increpat:
3244 638 3334 692 illa
3388 655 3520 695 vero

1938 729 2108 784 unitas
2129 729 2233 784 sibi
2258 727 2480 784 deitatis
2509 734 2721 781 motum
2754 741 2866 782 non
2897 727 3102 795 ferens,
3138 730 3322 784 tremit
3350 738 3404 785 et
3433 740 3523 785 tu-

1938 821 2263 882 multualur,
2304 819 2572 889 luctuque
2610 818 2975 875 confunditur
3023 835 3088 876 ac
3138 830 3355 877 aestuat.
3404 822 3521 879 lloc

1936 912 2105 975 enim,
2130 914 2350 981 opinor,
2375 910 2655 981 signiﬁcat
2678 909 2835 978 illud,
2862 928 2883 962 ι
2909 911 3180 966 Turbavit
3206 912 3471 982 seipsum.
3495 932 3515 966 ι

1936 1002 2228 1069 Quomodo
2267 1000 2415 1057 enim
2455 1001 2621 1057 aliter
2652 1001 2961 1057 sustineret
3010 1004 3348 1058 tumultum?
3378 1003 3519 1059 Tur-

1936 1094 2159 1149 babitur
2196 1091 2420 1163 quidem
2453 1106 2694 1163 quonam
2725 1092 2892 1148 modo
2925 1092 3206 1148 inturbida
3232 1103 3288 1149 et
3322 1109 3519 1149 serena

1934 1185 2172 1239 natura?
2194 1185 2519 1255 lnerepatur
2541 1198 2675 1240 vero
2703 1200 2837 1240 caro
2868 1200 2966 1256 per
2992 1185 3286 1256 Spiritum,
3322 1185 3517 1240 edocta

1934 1288 1989 1334 et
2030 1280 2195 1348 iussa
2237 1293 2432 1349 sapere
2483 1293 2608 1349 quae
2661 1294 2830 1350 supra
2868 1287 3127 1333 naturam
3169 1293 3325 1333 suam
3365 1286 3514 1333 sunt.

1934 1366 2172 1438 Propter
2227 1368 2331 1423 hoc
2380 1369 2529 1425 enim
2563 1368 2669 1423 fuit
2701 1370 2756 1424 in
2794 1384 2984 1433 carne,
3021 1369 3135 1423 imo
3185 1385 3318 1424 vero
3362 1385 3516 1437 caro,

1934 1460 2284 1531 omnipotens
2332 1460 2428 1517 Dei
2464 1459 2730 1528 Verbum,
2763 1469 2825 1516 ut
2873 1477 2971 1531 per
3005 1462 3357 1531 operationes
3400 1462 3517 1518 eiii—

1935 1566 2096 1608 caees
2125 1552 2336 1622 proprii
2381 1550 2643 1623 Spiritus,
2678 1553 2867 1607 carnis
2913 1550 3259 1610 infirmitates
3298 1556 3518 1610 confor—

1936 1646 2098 1704 taret,
2120 1646 2173 1691 et
2217 1654 2248 1692 a
2274 1647 2496 1694 terrena
2539 1641 2873 1710 cogitatione
2917 1651 3174 1696 naturam
3219 1644 3519 1700 humanam

246 1726 444 1795 Λόγος,
486 1729 573 1781 ἵνα
602 1731 719 1795 ταῖς
750 1710 1052 1803 ἐνεργείαις
1075 1731 1170 1787 τοῦ
1198 1732 1331 1787 ἰδίου
1361 1710 1703 1805 Πνεῦματος,
1731 1735 1831 1799 τὰς

1939 1728 2302 1796 abstraheret,
2327 1727 2863 1802 transiermaretque
2891 1735 3040 1789 velut
3070 1734 3125 1794 in
3158 1750 3222 1790 ea
3254 1739 3369 1791 sola
3396 1751 3521 1807 quas

249 1815 351 1885 μὲν
374 1817 474 1888 τῆς
499 1822 701 1890 σαρκὸς
725 1821 1008 1888 ἀσθενείας
1037 1823 1306 1899 νευρὼσῃ,
1339 1826 1433 1881 καὶ
1464 1827 1830 1897 γεωδεστέρου

246 1910 596 1979 φρονήματος
644 1912 926 1985 ἀπαλλάξῃ
989 1915 1088 1985 τὴν
1121 1916 1320 1984 φύσιν,
1367 1918 1742 1991 ἀναμορφώσῃ
1772 1918 1829 1972 δὲ

246 1997 438 2072 ῶσπερ
477 2004 557 2065 εἰς
596 2004 735 2073 μόνα
773 2005 843 2058 τὰ
885 2006 1146 2061 δοκοῦντα
1174 2008 1314 2079 Θεῷ.
1375 2008 1585 2063 Οὐκοόν
1615 2010 1828 2081 νόσημα

248 2090 351 2160 μὲν
378 2091 589 2161 φύσεως
610 2096 705 2149 ἀνθ
716 2096 1052 2168 ρωπίνης,τδ
1067 2099 1445 2170 τυραννεῖσθαι
1461 2104 1582 2165 ταῖς
1607 2101 1826 2166 λύπαις,

1939 1818 2051 1874 Deo
2096 1819 2337 1889 placent.
2372 1817 2546 1889 Igitur
2599 1820 2827 1878 morbus
2873 1830 2960 1877 est
3007 1833 3221 1879 natura:
3264 1825 3522 1882 humana

1937 1911 2241 1967 obnoxium
2269 1926 2394 1967 esse
2422 1911 2473 1967 vi
2497 1912 2731 1980 doloris,
2754 1914 2849 1986 qui
2883 1924 2940 1971 et
2970 1929 3097 1970 cum
3128 1917 3256 1973 aliis
3289 1933 3522 1989 supera-

1938 2015 2031 2060 tur
2060 2004 2118 2060 in
2166 2004 2344 2074 primo
2381 2006 2625 2072 Christo,
2653 2015 2713 2063 ut
2765 2008 2834 2063 ad
2885 2024 2989 2065 nos
3043 2024 3263 2081 quoque
3317 2028 3519 2083 pet-ve-

1937 2099 2072 2154 niat.

246 2189 530 2254 κρατεῖται
569 2188 626 2242 δὲ
672 2189 767 2243 καὶ
813 2190 970 2245 τοῦτο
1003 2194 1142 2263 μετά
1180 2194 1292 2248 τῶν
1331 2194 1509 2249 ἄλλων
1538 2199 1597 2250 ὲν
1627 2197 1829 2268 πρώτῳ
1866 2193 2109 2265 Χριστῷ,
2138 2195 2223 2249 ἵνα
2253 2196 2349 2249 καὶ
2377 2196 2459 2259 εἷς
2485 2196 2633 2266 ἡμᾶς
2657 2195 2838 2267 διαδῇο

320 2280 431 2333 Καὶ
466 2281 525 2335 τὸ
550 2285 759 2355 ἐρωτᾷν
790 2284 866 2355 (1)
897 2282 991 2339 οὖν
1025 2287 1285 2358 οὐδεμίαν
1318 2289 1540 2356 ἄγνοιαν
1569 2291 1725 2362 φέρει
1753 2290 1831 2361 τῷ

243 2369 317 2422 δι’
336 2373 486 2441 ἡμᾶς
517 2374 635 2426 καθ’
664 2375 811 2445 ἡμᾶς
840 2377 1119 2448 γενομένῳ
1144 2397 1157 2409 ·
1207 2378 1324 2433 ἀλλ’
1360 2381 1423 2434 ὲκ
1452 2380 1604 2434 τοῦδε
1630 2381 1832 2451 μᾶλλον

2006 2288 2377 2357 interrogatio
2401 2289 2608 2375 nullam
2667 2289 3037 2360 ignorantiam
3082 2293 3361 2362 signiﬁcat
3396 2293 3518 2361 ejus

1935 2380 2039 2450 qui-
2098 2389 2327 2451 propter
2385 2395 2487 2436 nos
2544 2380 2745 2436 similis
2799 2382 2960 2438 nobis
3015 2383 3196 2439 factus
3258 2394 3340 2438 est
3393 2383 3444 2415 δι
3500 2401 3513 2437 :

245 2467 363 2529 ῐσος
400 2467 476 2536 τῷ
508 2470 683 2538 Πατρὶ
716 2470 1007 2525 δείκνυται·
1033 2475 1125 2528 καὶ
1146 2473 1255 2546 γὰρ
1273 2478 1479 2540 ἐκεῖνος
1501 2478 1703 2549 ἐρωτᾷ,
1729 2495 1819 2532 ποι

1939 2471 2043 2523 imo
2072 2474 2153 2526 sic
2196 2470 2346 2524 Patri
2400 2471 2583 2540 potius
2632 2485 2737 2525 suo
2792 2472 2992 2527 similis
3045 2473 3514 2528 demonstratur:

256 2555 435 2623 Ἀδὰμ
465 2553 554 2628 ἦν·
595 2561 687 2612 καὶ
715 2552 870 2625 οὗτος
902 2562 1124 2631 ἄγνοιαν
1175 2564 1477 2633 σοφίζεται,
1507 2565 1603 2619 καὶ
1627 2568 1827 2623 πυνθά-

243 2649 576 2703 νεται·ιΠοῦ
607 2652 906 2719 τεθείκατες
936 2675 953 2705 ι
975 2654 1116 2709 ῶττε
1147 2656 1236 2709 διὰ
1258 2659 1357 2728 τῆς
1391 2658 1669 2721 πεύσεως,
1697 2660 1836 2729 πλῆ-

244 2738 340 2802 θος
374 2742 774 2813 συναγεροῆναι
806 2745 937 2816 πρὸς
963 2746 1063 2817 τὴν
1091 2747 1397 2814 ἀπόδειξιν,
1420 2750 1515 2803 καὶ
1546 2751 1698 2821 παρὰ
1725 2749 1835 2802 τῶν

244 2830 459 2902 ἐχθρῶν
513 2834 715 2904 μᾶλλον
781 2838 1196 2908 μαρτυρηθῆναι
1241 2838 1303 2891 τὸ
1362 2838 1665 2910 παράδοξον
1731 2840 1836 2909 τῆς

242 2923 599 2991 ἀναϐιώσεως
627 2927 723 2981 τοῦ
749 2929 847 3001 ἤδη
881 2930 1296 3004 διαφθαρέντος.
1320 2961 1388 2973 --
1416 2932 1629 3004 Ἑρωτᾷ
1654 2932 1837 2986 τοίνυν

241 3012 350 3081 οὐχ
380 3015 454 3077 ὡς
481 3015 687 3083 ἀγνοῶν
712 3033 726 3047 ο
777 3019 874 3072 καὶ
908 3020 1016 3091 γάρ
1060 3021 1147 3073 ἐπ’
1193 3020 1502 3091 ἀλλοδαπῆς
1536 3021 1612 3076 ὢν
1633 3061 1647 3083 .
1677 3022 1835 3087 εἰδὼς

242 3101 333 3156 δτι
360 3102 622 3174 τέθνηκε.
658 3107 775 3171 πῶς
813 3109 881 3163 ἂν
912 3110 1147 3180 ἠγνόησε
1192 3111 1253 3164 τὸ
1300 3112 1521 3183 μνῆμα;
1583 3113 1747 3181 Λέγει
1776 3113 1833 3169 δὲ

242 3192 423 3258 οὕτως
456 3195 534 3259 ὡς
573 3197 962 3271 ἀφιλόκομπος.
1005 3201 1079 3255 Οὺ
1117 3202 1224 3274 μὴν
1251 3202 1309 3256 δὲ
1334 3198 1524 3257 εἶπεν·
1575 3204 1831 3275 ’Ἄγωμεν

244 3287 330 3348 εἰς
355 3286 418 3339 τὸ
440 3290 731 3359 μνημεῖονο
754 3291 934 3362 ἐγερῶ
958 3292 1068 3363 γὰρ
1087 3293 1251 3347 αὐτόν
1270 3310 1285 3324 ο
1321 3294 1369 3347 εί
1394 3296 1569 3348 καὶτὸ
1595 3295 1831 3365 μάλιστα

244 3377 522 3449 ἐρωτῆσαι
560 3379 734 3446 οὕτως
778 3383 985 3455 ταύτην
1041 3384 1153 3455 ἔχει
1186 3385 1285 3457 τὴν
1321 3386 1582 3457 ἔμφασιν.
1639 3390 1832 3461 Ὅμως

246 3468 533 3524 καὶτοῦτο
574 3471 774 3536 εἰπὼν,
806 3475 1037 3538 πολλοὺς
1070 3477 1453 3548 παρεσκεύασε
1484 3479 1835 3549 προδαδίζειν

246 3556 437 3621 αὑτοῦ,
462 3558 539 3622 ὡς
572 3560 953 3616 ὑποδείκνυται
980 3562 1041 3616 τὸ
1074 3562 1426 3636 ζητούμενον.
1459 3568 1833 3638 Οίκονομικῶς

245 3641 342 3700 οὖν
371 3649 466 3701 καὶ
506 3649 663 3703 τοῦτο
698 3645 884 3716 εἷπεν,
945 3651 1118 3707 ἕλκων
1160 3654 1249 3708 διὰ
1283 3654 1380 3709 τοῦ
1427 3658 1668 3728 ῥήματος
1701 3656 1838 3710 πολι

246 3736 376 3803 λοὺς
410 3740 492 3803 είς
534 3741 625 3794 τὸν
649 3741 813 3797 τόπον
835 3758 852 3774 °
895 3743 988 3802 καὶ
1017 3746 1233 3814 ἀγνοεῖν
1262 3747 1692 3817 σχηματίζεται,
1738 3747 1836 3819 τὴν

246 3829 347 3900 τῆς
392 3830 810 3904 ἀνθρωπότητος
853 3834 1097 3890 δουλείαν
1145 3838 1239 3891 καὶ
1284 3839 1556 3909 πτωχείαν
1599 3840 1835 3911 οὐδαμοῦ

249 3925 690 3996 παραιτούμενος
713 3929 742 3980 ὁ
768 3928 929 3998 φύσει
959 3930 1111 3994 Θεὸς.
1146 3933 1241 3986 καὶ
1273 3932 1454 3987 πάντα
1469 3933 1643 3999 εἰδὼς,
1674 3935 1736 3988 οὐ
1766 3934 1834 3989 τὰ

247 4017 513 4084 γεγονότα
542 4020 702 4089 μόνον
719 4059 734 4085 ,
760 4020 896 4075 ἀλλὰ
920 4022 1021 4077 καὶ
1038 4023 1107 4078 τὰ
1140 4024 1375 4095 ἐσόμενα
1401 4026 1533 4097 πρὶν
1568 4026 1835 4095 γενέσεως

248 4125 449 4167 αυτ-ων.

1935 2578 2176 2633 namque
2238 2573 2293 2616 et
2357 2564 2451 2619 ille
2514 2564 2912 2634 interrogavit,
2978 2564 3202 2619 ubinam
3267 2565 3521 2621 Adamus

1935 2660 2082 2707 esset
2116 2673 2128 2706 :
2167 2660 2221 2707 et
2252 2667 2401 2707 nunc
2437 2652 2605 2710 Iesus
2656 2653 3025 2724 ignorantiam
3065 2654 3234 2708 veluti
3291 2653 3517 2708 simulat

1935 2745 2253 2806 sciscitans,
2291 2762 2309 2795 ‹
2354 2744 2588 2798 Ubinam
2640 2745 2943 2814 posuistis?
2979 2763 3000 2795 ι
3040 2751 3093 2798 ιιι
3141 2745 3214 2799 οὶ)
3249 2744 3393 2797 hanc
3435 2747 3516 2797 in-

1938 2836 2376 2904 terrogationem
2442 2835 2681 2905 populus
2740 2841 3113 2888 concurreret
3162 2833 3230 2887 ad
3289 2833 3517 2887 demon—

1936 2924 2227 2983 strandum
2282 2927 2486 2989 locum,
2534 2933 2700 2995 atque
2764 2926 2839 2979 ita
2900 2926 3119 2981 inimici
3166 2925 3512 2995 potissimum

1940 3029 2109 3076 testes
2145 3018 2340 3075 iterent
2377 3018 2632 3072 miraculi
2678 3017 2996 3073 resuscitati
3049 3017 3311 3086 hominis,
3352 3034 3515 3089 quem

1934 3112 2050 3182 jam
2076 3111 2309 3166 funerea
2342 3110 2496 3167 tabes
2523 3117 2871 3181 corruperat.
2905 3139 2977 3149 —
3004 3111 3313 3189 [interrogat
3360 3125 3513 3181 ergo,

1938 3217 2051 3256 non
2094 3202 2223 3272 quia
2260 3201 2481 3273 ignoret
2516 3219 2530 3255 :
2561 3214 2687 3255 nam
2721 3200 2814 3269 qui
2858 3200 3024 3255 etiam
3061 3200 3115 3254 in
3155 3200 3260 3253 alia
3291 3203 3515 3271 regiam:

1937 3294 2288 3349 constitutus
2336 3300 2614 3348 mortuum
2662 3300 3017 3363 cognoverat,
3063 3291 3342 3361 quomodo
3398 3305 3517 3344 mo—

1935 3392 2263 3439 numentum
2323 3382 2669 3453 ignorasset?
2710 3381 2803 3437 Sic
2862 3390 3049 3437 autem
3107 3382 3354 3452 loquitur
3413 3396 3513 3436 ceu

1935 3475 2087 3531 omni
2110 3476 2491 3530 ostentatione
2518 3475 2751 3531 alienus.
2781 3473 2963 3541 Quare
2994 3488 3095 3529 nec
3118 3474 3257 3528 dixit
3281 3492 3293 3526 :
3317 3473 3517 3529 Eamus

1936 3567 2006 3622 ad
2070 3574 2514 3633 monumentum,
2549 3574 2605 3621 et
2661 3580 2763 3636 ego
2811 3580 2938 3621 eum
2993 3565 3517 3634 suscitabo:quan-

1937 3670 2105 3726 quam
2174 3655 2267 3709 illa
2331 3654 2699 3725 interrogatio
2774 3653 2828 3708 id
2894 3654 3132 3708 maxime
3185 3662 3513 3709 eventurum

1936 3746 2187 3818 spondet.
2228 3745 2403 3800 Simul
2444 3745 2549 3799 hoc
2594 3744 2772 3809 dicto,
2826 3743 3030 3798 multos
3065 3743 3170 3799 sibi
3210 3743 3518 3814 praecedere

1938 3839 2175 3910 impulit,
2233 3849 2293 3893 ut
2347 3852 2461 3893 rem
2515 3836 2803 3907 quaesitam
2858 3833 3330 3890 demonstrarent.
3384 3833 3520 3889 Pru-

1940 3933 2137 3987 denter
2169 3947 2298 3987 vero
2330 3931 2383 3985 id
2419 3943 2640 4001 quoque
2670 3927 2904 3994 dixerat,
2929 3934 2988 3982 ut
3020 3926 3223 3981 multos
3252 3941 3318 3981 eo
3347 3926 3515 3981 verbo

1942 4023 2008 4078 ad
2046 4024 2227 4078 locum
2260 4022 2546 4078 traheret:
2575 4032 2627 4076 et
2672 4018 2998 4090 ignorantia
3036 4019 3275 4089 speciem
3319 4032 3431 4089 pm
3458 4032 3519 4073 se

1942 4117 2068 4181 fert,
2102 4131 2171 4171 ne
2205 4113 2563 4170 humanitatis
2609 4112 2866 4169 servilem
2908 4111 3138 4166 formam
3168 4110 3518 4165 tenuitatem-

249 4214 360 4270 que
407 4216 668 4259 recusare
711 4203 990 4270 videatur,
1021 4206 1117 4275 qui
1148 4214 1351 4289 natura
1378 4223 1477 4265 sua
1510 4209 1655 4264 Deus
1682 4218 1822 4277 erat,
1863 4217 2176 4280 cunctaque
2225 4218 2451 4266 noverat
2479 4196 2635 4261 haud
2673 4206 2947 4274 praeterita
3021 4213 3256 4269 tantum,
3323 4216 3517 4258 verum

249 4294 419 4347 etiam
459 4309 524 4350 ea
556 4310 676 4366 qua:
705 4299 950 4354 nondum
984 4313 1305 4357 evenerant.

323 4388 440 4441 Οὐκ
466 4388 791 4457 ἀγνοοῦντος
806 4391 883 4461 (2)
902 4393 962 4446 τὸ
993 4397 1241 4464 σημεῖον,
1270 4395 1349 4460 τὸ,
1376 4413 1394 4447 ι
1424 4396 1533 4451 Ποῦ
1560 4395 1834 4450 τεθείκατε

2020 4391 2137 4447 Νοη
2200 4400 2330 4447 sunt
2387 4389 2695 4461 ignorantis
2762 4387 3028 4443 indicium
3098 4387 3289 4455 verba,
3339 4407 3359 4441 ι
3412 4387 3517 4447 Ubi

251 4478 538 4550 Λάζαρον;
562 4501 579 4532 ι
603 4482 715 4535 ἀλλ’
752 4483 938 4552 ἐπειδὴ
970 4484 1176 4555 σφόδρα
1205 4485 1354 4553 φίλον
1388 4485 1536 4558 αὐτῷ
1567 4487 1629 4541 τὸ
1651 4484 1838 4554 ἀφιλό-

253 4587 491 4641 κομπον,
520 4578 871 4646 παραιτεῖται
910 4575 1090 4644 λέγειν
1114 4594 1126 4608 ο
1190 4577 1466 4648 Ἀπίωμεν
1497 4580 1577 4642 είς
1605 4577 1667 4631 τὸ
1698 4593 1835 4649 μνη-

256 4668 408 4737 μεῖον
434 4682 448 4696 ο
489 4667 662 4739 ἑτέρῳ
703 4669 762 4721 δὲ
786 4670 975 4740 τρόπῳ
1008 4668 1169 4722 τοῦτό
1204 4687 1356 4741 φησι.
1398 4671 1608 4734 Ἀλλως
1630 4687 1712 4738 τε,
1743 4670 1836 4725 λέ-

251 4773 369 4827 γων
390 4748 663 4830 δΚύριος,
689 4758 828 4813 (Ποῦ
845 4760 1124 4814 τεθείκατε
1156 4762 1372 4829 αὐτόν;ι
1398 4762 1629 4827 πολλοὺς
1656 4763 1830 4819 ἐποίει

252 4850 379 4915 τοὺς
416 4849 851 4919 συμϐαδίζοντας
874 4851 968 4905 καὶ
990 4850 1364 4922 καταμηνύειν
1395 4852 1705 4919 ἐθέλοντας,
1741 4856 1837 4925 μά-

252 4938 415 4993 λιστα
465 4940 595 4993 ὅταν
628 4941 657 4993 ὁ
699 4940 972 5010 διερωτῶν
1019 4936 1159 4994 εῖναι
1207 4940 1388 5012 δοκοίη
1436 4943 1637 5013 τίμιος.
1677 4945 1838 5008 Είκὸς

253 5030 313 5084 δὲ
340 5031 422 5085 δτι
461 5031 696 5103 ἐπείπερ
732 5028 801 5104 ἦν
833 5033 891 5086 ὲν
922 5031 1073 5103 αὐτῷ
1111 5032 1245 5096 Θεὸς
1290 5050 1351 5086 τε
1403 5036 1496 5087 καὶ
1530 5035 1835 5105 ἄνθρωπος,

258 5124 554 5194 ἀναμίσγει
592 5122 671 5193 τῷ
703 5123 999 5196 θεοπρεπεῖ
1029 5123 1090 5176 τὸ
1120 5122 1461 5195 ἀνθρώπινον
1485 5142 1498 5155 ·
1532 5126 1624 5179 καὶ
1651 5125 1836 5180 ἄπεισι

263 5212 362 5283 μὲν
393 5214 851 5284 τερατουργήσων
900 5211 976 5276 ὡς
1004 5212 1167 5277 Θεὸς,
1221 5212 1373 5266 λαλεῖ
1410 5212 1468 5266 δὲ
1514 5214 1589 5276 ὡς
1630 5212 1838 5285 ἄνθρωο

258 5320 361 5368 πος
384 5321 400 5335 ο
435 5302 533 5357 καὶ
564 5301 708 5373 ἅπερ
732 5297 871 5355 οἶδεν
894 5301 971 5364 ὡς
993 5300 1125 5365 Θεὸς
1145 5343 1160 5368 ,
1193 5302 1408 5370 ἀγνοεῖν
1440 5301 1551 5355 ἐσθ’
1574 5302 1676 5355 ὅτε
1705 5319 1837 5374 σχη-

333 5438 379 5472 ⁵⁸
405 5437 719 5508 Philippm,
745 5436 803 5489 7.

329 5558 409 5630 (l)
437 5556 550 5630 Kal
566 5556 633 5610 τὸ
656 5555 913 5630 ἐρωτᾷν·
942 5599 955 5613 -
981 5594 997 5611 -
1027 5598 1039 5611 ο
1066 5557 1355 5630 γενέσεως
1386 5559 1610 5630 ρὺτιρῖε
1633 5555 1708 5630 Ex
1729 5556 1841 5612 Ma-

262 5625 396 5685 carii
430 5626 861 5751 Clirysocgafhali
891 5635 1055 5684 tract.
1076 5625 1173 5695 16,
1209 5628 1334 5685 cod.
1378 5627 1475 5684 fol.
1513 5625 1618 5683 312
1649 5626 1701 5693 ὁ,
1747 5642 1832 5698 ap.

264 5700 373 5756 Mai
403 5698 441 5753 l.
475 5697 519 5752 ι.
547 5713 602 5769 p.
637 5698 658 5750 1
745 5735 757 5749 .

1944 4484 2212 4541 Lazarum
2257 4482 2612 4552 posuistis?»
2652 4482 2745 4538 sed
2803 4482 2929 4551 quia
2964 4481 3292 4537 modestiam
3344 4484 3519 4553 potis-

1944 4576 2144 4630 simum
2188 4575 2503 4636 atlamabat,
2564 4573 2747 4626 noluit
2780 4572 2963 4628 dicere
2998 4592 3011 4627 :
3062 4572 3265 4629 Eamus
3304 4574 3373 4628 ad
3405 4589 3517 4630 mo-

1943 4674 2260 4721 numentum
2312 4664 2461 4720 :sed
2514 4663 2629 4718 alio
2684 4663 2861 4718 ‘modo
2895 4662 2948 4717 id
2988 4662 3207 4717 eﬂ'atur.
3262 4663 3517 4733 Alioquin

1942 4758 2072 4813 dum
2130 4758 2205 4811 ait
2257 4756 2547 4820 Dominus,
2609 4775 2628 4807 ι
2669 4754 2903 4811 Ubinam
2962 4757 3225 4826 posuistis
3274 4757 3447 4811 cum?
3490 4776 3509 4809 ι

1942 4850 2149 4906 multos
2202 4849 2586 4904 commovebat
2645 4847 2714 4901 ad
2770 4847 3144 4903 comitandum
3214 4848 3267 4901 in
3320 4847 3517 4902 itinere

1943 4944 2235 5014 locumque
2266 4943 2781 5006 demonstrandum,
2809 4942 3112 5012 praesertim
3143 4941 3269 5010 quia
3296 4950 3517 5009 rogator

1945 5035 2179 5090 illustris
2211 5042 2350 5089 erat.
2395 5033 2592 5088 Merito
2622 5040 2806 5088 autem
2838 5032 2964 5101 quia
3007 5031 3170 5086 simul
3220 5031 3363 5086 Deus
3398 5041 3517 5086 erat

1946 5130 2000 5178 et
2026 5124 2210 5190 homo,
2241 5125 2439 5179 miscet
2469 5123 2721 5195 dignitati
2761 5122 2959 5175 divinae
2993 5122 3267 5176 humanos
3309 5127 3467 5175 actus
3502 5137 3517 5174 :

1944 5216 2167 5286 abitque
2226 5215 2554 5270 miraculum
2615 5215 2863 5270 editurus
2927 5219 2987 5266 ut
3043 5210 3218 5272 Deus.
3272 5206 3518 5281 loquitur

1941 5314 2135 5361 tamen
2159 5314 2218 5361 ut
2252 5306 2458 5362 homo:
2484 5315 2538 5362 et
2562 5320 2684 5376 qua:
2710 5303 2880 5375 probe
2915 5301 3058 5359 Deus
3086 5309 3335 5366 noverat,
3364 5302 3517 5373 igno-

2018 5559 2096 5683 (ίξ)
2125 5561 2248 5613 Οὐκ
2282 5557 2651 5628 ἀγνοοῦντος
2754 5556 3245 5625 παραιτούμενος.
3266 5552 3339 5606 Ex
3364 5559 3512 5608 cate-

2099 5628 2310 5683 aticana
2344 5643 2435 5683 an.
2472 5625 2578 5683 Mai
2610 5626 2731 5683 loco
2763 5641 2929 5683 supra
2958 5626 3199 5683 laudato.
3231 5639 3284 5683 ι).
3319 5621 3442 5677 155.

1946 5621 2435 5698 ω’νοιὶοαιιιιέη).
2472 5625 2578 5683 Mai
2610 5621 2731 5683 loco
2763 5621 2929 5699 supra
2958 5621 3199 5692 laudato,
3231 5639 3284 5693 p.
3319 5621 3442 5677 155.
