4010 6320
511 214 581 273 55

1512 234 1567 290 s.
1593 226 1860 294 cvnuu
1904 204 2369 298 Azzxsxotuxt
2400 248 2717 306 Αιιειιιιερ.

3680 258 3756 314 50-

505 330 631 373 rare
687 318 963 379 interdum
1008 326 1265 395 simulat,
1307 331 1673 394 humanitatis
1717 340 2012 409 exiguitate

2116 339 2155 395 ι
2179 343 2494 410 ματίζεται,
2527 349 2750 420 τὴν-τῆς
2772 349 3189 421 άνθρωπότητος
3216 350 3485 420 πτωχείαν
3507 353 3745 424 οὐδαμοῦ

456 455 462 460 .
504 424 787 482 nunquam
822 417 1135 477 detrectans
1160 421 1256 494 (1).

572 495 667 563 XI,
707 501 805 558 55..
840 503 1017 575 Igitur
1044 509 1368 581 lacrymatus
1398 527 1476 571 est
1506 518 1685 575 Iesus.

571 584 1150 666 Videns'evangelista
1193 603 1588 676 lacrymantem
1641 619 1890 669 naturam
1943 617 2070 671 illa-

497 682 874 752 crymabilem,
911 688 1277 761 obstupescit,
1333 700 1434 755 etsi
1465 702 1633 774 686
1682 708 1904 777 pr0pria
1952 710 2067 765 haec

492 777 638 824 esset
666 772 849 830 carnis
881 775 1117 844 allectio,
1140 784 1469 858 minimeque
1487 772 1676 848 deitati
1705 800 2061 856 conveniens.

490 855 789 931 Lacrymas
836 881 965 923 vero
1013 869 1193 928 fundit
1233 875 1523 949 Dominus,
1559 888 1914 957 conspicatus
1963 892 2063 949 ho-

426 982 443 1009 ,μ
488 948 690 1004 minem
740 953 809 1007 ad
867 959 1160 1030 imaginem
1207 967 1293 1021 sui
1340 967 1546 1027 factum
1591 986 1867 1034 mortuum
1911 998 2056 1048 esse,

487 1048 547 1094 ut
588 1052 810 1102 nostras
847 1049 1118 1122 lacrymas
1167 1059 1442 1118 cohibeat.
1483 1063 1719 1138 Propter
1749 1071 1853 1128 hoc
1908 1076 2053 1130 enim

487 1142 738 1193 mortuus
776 1148 879 1207 est,
914 1151 972 1198 ut
1007 1155 1060 1201 et
1092 1164 1193 1204 nos
1235 1165 1407 1210 morte
1436 1157 1825 1229 liberaremur,
1853 1175 1908 1220 et
1935 1174 2057 1222 tan—

484 1222 659 1294 tisper
702 1231 921 1298 quidem
960 1235 1311 1310 lacrymatus,
1336 1244 1539 1305 deinde
1571 1266 1696 1307 mox
1737 1259 2053 1326 comprimit

479 1311 775 1385 lacrymas,
815 1323 1028 1381 scilicet
1075 1347 1144 1384 ne
1192 1332 1446 1391 videatur
1492 1339 1670 1398 durus
1722 1311 1946 1416 quidam
1996 1359 2050 1406 ct

478 1404 879 1469 immisericors
907 1416 1026 1471 sine
1055 1421 1170 1475 ullo
1199 1438 1364 1480 sensu
1399 1428 1563 1485 alieni
1597 1433 1840 1504 doloris;
1862 1446 1916 1494 et
1944 1456 2047 1498 nos

474 1510 698 1566 quoque
725 1502 873 1558 circa
903 1507 1036 1562 talia
1057 1511 1318 1571 erudiens
1342 1531 1406 1572 ac
1430 1520 1634 1577 docens
1657 1541 1727 1580 ne
1748 1528 1873 1596 plus
1894 1529 2045 1600 justo

471 1587 751 1645 solvamur
784 1593 840 1647 in
890 1597 1100 1655 luctum
1133 1605 1202 1658 ob
1250 1616 1499 1667 mortuos
1533 1629 1545 1666 :
1581 1616 1723 1670 illud.
1762 1621 1906 1674 enim
1951 1638 2039 1677 re-

470 1677 616 1732 dolet
661 1681 1061 1744 humanitatem
1114 1707 1176 1748 ac
1232 1698 1687 1772 misericordiam,
1719 1708 1825 1765 hoc
1879 1714 2038 1781 plane

468 1766 722 1837 ignavum
756 1781 809 1828 et
843 1779 1126 1838 muliebre.
1162 1786 1228 1840 Et
1260 1790 1331 1844 ob
1370 1790 1509 1849 hanc
1538 1810 1761 1853 causam
1793 1805 2040 1872 permisit

466 1874 580 1915 sum
634 1867 788 1919 carni
838 1872 1087 1928 nonnihil
1141 1874 1292 1947 ﬂere,
1325 1882 1453 1938 licet
1513 1889 1785 1949 exsistens
1842 1906 2036 1954 natura

463 1949 725 2049 immunis
786 1974 816 2012 a
879 1962 1169 2036 lacrymis,
1220 1973 1471 2044 nullique
1524 1979 1702 2037 dolori
1765 1949 2035 2049 οδῇὸὲῖζιξ

464 2040 643 2104 quoad
678 2047 955 2114 pr0priam
984 2063 1260 2114 naturam.
1305 2040 1413 2130 lpsi
1448 2082 1666 2139 quoque
1694 2088 1885 2133 osores
1925 2081 2031 2135 ini-

460 2130 589 2184 mici
624 2133 965 2196 admirantur
996 2144 1271 2219 lacrymas
1314 2130 1549 2212 Domi-ni.
1577 2130 1727 2218 'Nam
1761 2169 1855 2236 qui
1886 2180 2026 2227 stre-

457 2235 565 2275 nue
608 2223 1088 2303 philosophantur,
1123 2250 1362 2313 suntque
1419 2247 1474 2301 in
1539 2266 1734 2325 magna
1769 2259 2027 2329 opinione

457 2308 541 2329 ι.-.
590 2314 601 2325 -
967 2325 978 2329 -

1274 2308 1288 2313 ν
1629 2308 1658 2325 υ
1776 2308 2024 2329 πωπω..

455 2308 761 2381 hominum,
789 2334 932 2390 πει-θ
964 2325 1358 2400 lacrymantur,
1395 2345 1654 2411 tanquam
1686 2363 2024 2411 omnemca-

452 2402 757 2464 lamitatem
821 2429 1200 2485 aspernantes.
1272 2426 1545 2488 Putabant
1600 2447 1782 2495 autem
1848 2444 2019 2502 Judaei

446 2511 571 2551 eum
608 2511 832 2573 propter
865 2521 1095 2567 mortem
1132 2517 1335 2579 Lazari.
1358 2522 1516 2594 ﬂere;
1543 2537 1597 2583 at
1629 2532 1749 2601 ipse
1788 2537 2018 2595 misera-

443 2594 595 2643 tione
648 2600 828 2649 tactus
875 2602 1056 2657 onmis
1113 2604 1365 2665 humanae
1420 2625 1630 2674 natura:
1680 2621 1846 2691 ﬂevit,
1903 2645 2013 2684 non

441 2676 619 2729 solum
663 2678 929 2739 Lazarum
980 2688 1191 2760 lugens,
1215 2697 1310 2750 sed
1362 2703 1505 2768 quod
1557 2705 1668 2774 jam
1700 2710 1831 2764 olim
1866 2717 2012 2769 acci-

439 2765 595 2822 derat
618 2772 758 2839 apud
791 2790 849 2831 se
881 2781 1151 2849 cogitans,
1185 2804 1308 2842 cum
1344 2793 1599 2852 universa
1638 2800 1878 2858 humana
1909 2824 2005 2861 na~

437 2863 561 2912 tura
602 2867 771 2918 morti
813 2869 1119 2939 subjaceat,
1154 2881 1458 2952 meritoque
1499 2887 1641 2944 hanc
1676 2896 1900 2950 multum
1953 2908 2005 2954 ct

434 2948 642 3006 cladem
682 2971 845 3025 passa
885 2961 976 3016 sit.

432 3056 626 3099 sanum
678 3047 1043 3118 loquebantur
1081 3075 1095 3110 :
1142 3075 1251 3115 non
1292 3066 1434 3120 enim
1478 3083 1668 3127 revera
1713 3076 2001 3138 insimula-

430 3133 561 3190 bant
594 3136 882 3197 Dominum
931 3150 1094 3216 quasi
1135 3152 1352 3212 sivisset
1380 3162 1516 3215 mori
1548 3162 1816 3225 Lazarum
1850 3191 1863 3227 :
1896 3175 1999 3231 hoc

426 3226 572 3281 enim
628 3228 824 3288 fuisset
873 3238 1217 3298 credentium
1253 3261 1376 3301 eum
1433 3267 1597 3321 posse
1644 3270 1874 3318 mortem
1926 3269 1998 3323 si-

425 3324 591 3373 stere.
645 3320 751 3376 Sed
811 3332 1020 3382 tantum
1073 3348 1186 3389 non
1247 3338 1351 3394 hoc
1404 3343 1704 3414 dicebant:
1743 3353 1845 3410 Ubi
1901 3366 1995 3414 tua

422 3405 621 3475 virtus,
652 3424 686 3464 ο
717 3413 1107 3475 miraculorum
1137 3424 1354 3482 editor?
1376 3410 1518 3488 Ecce
1558 3439 1701 3492 enim
1732 3452 1785 3496 et
1816 3456 1867 3500 te
1895 3464 1991 3502 no-

421 3498 567 3555 lente
599 3512 846 3563 mortuus
877 3518 961 3564 est
993 3528 1153 3582 quem
1187 3521 1409 3578 amabas
1435 3543 1448 3579 :
1478 3530 1620 3596 quod
1683 3536 1825 3591 enim
1866 3557 1988 3597 eum

420 3599 634 3643 amares
680 3591 885 3647 indicio
941 3608 1070 3653 sunt
1109 3610 1215 3658 tuae
1272 3591 1541 3682 lacrymte.
1592 3617 1648 3673 Si
1703 3638 1833 3694 ergo
1885 3638 1991 3687 tua:

422 3683 640 3732 virtutis
663 3687 716 3734 et
744 3687 1000 3750 potentiae
1028 3689 1131 3745 fuit
1163 3697 1310 3764 quod
1351 3701 1499 3758 circa
1531 3722 1733 3765 caecum
1769 3683 1985 3776 iactum

416 3773 524 3831 (353',
558 3777 776 3835 poteras
808 3780 862 3827 et
908 3788 1134 3835 mortem
1184 3789 1466 3846 retardare
1502 3810 1567 3849 ac
1615 3814 1985 3872 compescere,

416 3857 561 3922 quod
595 3858 814 3926 quidem
864 3873 949 3918 est
996 3881 1164 3937 supra
1210 3882 1464 3933 naturam
1507 3857 1765 3944 hominis:

2176 437 2630 508 παραιτούμενος.

2256 523 2626 594 Ἐδὰκρυσεν
2652 523 2765 582 οὖν
2793 532 2826 583 ό
2860 528 3108 596 Ἰησοῦς.

2250 614 2310 668 '0
2351 617 2536 686 μέντοι
2587 617 2977 687 εὐαγγελιστὴς
3022 618 3236 688 βλέπων
3268 620 3611 691 δακρύουσαν
3643 618 3740 688 τὴν

2168 706 2466 779 ἀδάκρυτον
2520 709 2683 778 φύσιν
2709 749 2724 773 ,
2773 711 3253 782 καταπλήττεται,
3300 712 3349 764 εἰ
3380 711 3474 766 καὶ
3518 712 3648 765 ἰδιον
3671 708 3745 783 ἦν

2164 799 2264 869 τῆς
2321 801 2518 870 σαρκὸς
2561 801 2624 855 τὸ
2670 801 2875 866 πάθος,
2931 802 3026 856 καὶ
3057 802 3123 873 ού
3167 805 3231 873 τῇ
3262 802 3474 875 θεότητι
3501 802 3734 874 πρέπον.

2162 891 2399 962 Δακρύει
2432 893 2493 947 δέ
2513 893 2540 945 6
2561 893 2764 964 Κύριος
2783 936 2796 961 ,
2834 894 3097 965 ἑωρακὼς
3126 895 3217 948 τὸν
3249 897 3366 949 κατ’
3394 894 3531 948 ἰδίαν
3552 895 3736 948 εἰκόνα

2160 982 2423 1050 γεγονότα
2466 984 2777 1053 ἄνθρωπον,
2830 984 3310 1056 κατεφθαρμένον,
3362 986 3449 1039 ἵνα
3488 986 3548 1039 τὸ
3576 985 3733 1055 ἡμῶν

2160 1073 2483 1147 περιστείλῃ
2516 1074 2768 1144 δάκρυον.
2825 1074 2924 1128 Διὰ
2964 1075 3074 1146 γὰρ
3096 1074 3395 1145 τοῦτοκαὶ
3439 1075 3729 1140 ἀπέθανεν,

2156 1163 2242 1216 ἵνα
2285 1164 2378 1217 καί¹
2425 1167 2589 1235 ἡμεῖς
2637 1165 3042 1237 ἀπαλλαγῶμεν
3096 1167 3360 1221 θανάτου·
3412 1166 3636 1237 δακρύει
3671 1168 3728 1220 δέ

2156 1255 2334 1324 μόνον,
2375 1255 2469 1309 καὶ
2501 1255 2663 1320 εὐθὺς
2692 1256 2876 1327 ἐπέχει
2907 1257 2969 1310 τὸ
2996 1258 3248 1328 δάκρυον,
3270 1258 3357 1312 ἵνα
3386 1257 3460 1328 μὴ
3485 1257 3611 1328 δόξῃ
3642 1275 3725 1321 τις

2150 1348 2298 1418 ὠμὸς
2327 1348 2427 1401 καὶ
2453 1349 2785 1419 ἀσυμπαθὴς
2817 1343 2989 1413 εῖναι,
3029 1352 3122 1403 καὶ
3161 1352 3308 1421 ἡμᾶς
3340 1350 3434 1403 ἐπὶ
3474 1351 3586 1413 τοῖς
3624 1349 3726 1435 αὐ-

2147 1443 2259 1503 τοῖς
2285 1439 2555 1493 παιδεύων
2581 1439 2655 1510 μὴ
2685 1441 2783 1509 ἐπὶ
2806 1440 2939 1492 πολὺ
2965 1440 3253 1494 ἐκλύεσθαι
3277 1441 3369 1493 ἐπὶ
3393 1443 3506 1502 τοῖς
3533 1439 3723 1510 τεθνη-

2146 1528 2265 1582 κόσι
2294 1545 2307 1559 ο
2339 1527 2401 1581 τὸ
2445 1528 2543 1598 μὲν
2567 1526 2698 1599 γάρ,
2730 1528 3073 1597 συμπαθείας
3102 1528 3389 1598 ἐχόμενον,
3419 1528 3481 1581 τὸ
3508 1529 3587 1592 δὲ,
3619 1545 3719 1597 γυ-

2142 1623 2387 1676 ναικικὸν
2420 1622 2513 1676 καὶ
2540 1621 2820 1692 ἄνανδρον.
2850 1620 2955 1674 Διὰ.
2974 1620 3137 1675 τοῦτο
3161 1618 3253 1675 οὖν
3285 1621 3630 1693 συνεχώρησε
3652 1626 3715 1693 τῇ

2144 1713 2249 1784 ἰδίᾳ
2276 1712 2443 1783 σαρκὶ
2468 1711 2698 1765 κλαῦσαι
2724 1711 2936 1779 ὀλίγον,
2965 1712 3167 1782 καίπερ
3193 1711 3266 1766 ὢν
3296 1715 3361 1783 τῇ
3396 1712 3557 1782 φύσει
3587 1713 3719 1769 ᾆδαι

2143 1820 2277 1874 κρυς
2307 1802 2404 1855 καὶ
2439 1800 2657 1870 ἁπάσης
2685 1801 3035 1863 άνεπίδεκτος
3067 1800 3248 1870 λύπης
3267 1842 3280 1862 ,
3311 1803 3435 1854 ὅσον
3467 1804 3546 1864 εἰς
3578 1803 3713 1855 ἰδίαν

2140 1894 2319 1963 φύσιν.
2375 1891 2727 1963 Θαυμάζουσι
2761 1892 2817 1945 δὲ
2864 1893 2958 1945 καὶ
3019 1893 3173 1945 αὐτοὶ
3212 1895 3260 1945 οἱ
3292 1893 3607 1961 μισοῦντες,
3652 1895 3712 1948 τὸ

2137 1985 2342 2054 Κυρίου
2381 1984 2441 2037 τὸ
2468 1984 2722 2055 δάκρυον.
2762 1986 2825 2037 Οἱ
2859 1984 2967 2054 γὰρ
2984 1986 3061 2047 εἰς
3084 1984 3251 2055 ἄκρον
3274 1985 3718 2054 φιλοσοφοῦντες,

2134 2076 2291 2129 καὶοί
2309 2076 2366 2129 ἐν
2389 2075 2656 2147 ὑπολήψει
2674 2076 2921 2147 λαμπρᾷ,
2938 2076 3341 2148 δυσχερέστατα
3359 2077 3705 2148 δακρύουσιν,

2128 2170 2203 2233 ὡς
2239 2171 2774 2240 κατανεανιευόμενοι
2836 2170 3016 2240 πάσης
3063 2173 3366 2240 συμφορᾶς.
3428 2170 3706 2241 Ἐνόμιζον

2126 2262 2181 2316 δὲ
2208 2264 2256 2315 οἰ
2291 2263 2533 2317 Ἰουδαῖοι
2564 2263 2645 2316 ὅτι
2672 2261 2762 2316 διὰ
2788 2263 2877 2316 τὸν
2907 2262 3134 2343 θάνατον
3168 2262 3400 2333 ἐδάκρυε
3424 2263 3711 2335 Λαζάρουοι

2123 2354 2285 2418 αὐτὸς
2325 2352 2382 2406 δὲ
2434 2355 2615 2407 πᾶσαν
2667 2355 2767 2423 τὴν
2825 2353 3172 2425 ἀνθρωπίνην
3221 2354 3381 2423 φύσιν
3431 2354 3713 2408 κατελεῶνς

2123 2449 2444 2518 ἐδάκρυσεν,
2482 2447 2543 2500 οὐ
2581 2447 2740 2517 μόνον
2760 2447 3011 2516 Λάζαρον
3042 2446 3263 2512 κλαίων,
3282 2447 3417 2501 ἀλλὰ
3435 2448 3495 2502 τὸ
3526 2448 3698 2502 πάλαι

2121 2537 2467 2609 συμϐεϐηκὸς
2496 2537 2709 2602 ἐννοῶν,
2741 2538 2824 2590 ὅτι
2850 2538 2998 2590 πᾶσα
3023 2540 3056 2607 ἡ
3092 2535 3448 2608 ἀνθρωπότης
3471 2538 3699 2606 γέγονεν

2117 2628 2220 2680 ὑπὸ
2254 2627 2484 2681 θάνατον
2508 2669 2522 2693 ,
2555 2627 2780 2690 δικαίως
2818 2626 2896 2696 τῷ
2928 2627 3156 2699 τοιούτῳ
3193 2629 3465 2698 ἐπιτιμίῳ
3485 2629 3693 2680 ὑποπε-

2116 2720 2301 2773 σοῦσα.
2355 2719 2541 2773 Ἀλλοι
2573 2720 2630 2774 δὲ
2675 2719 2778 2772 ὑπὸ
2823 2720 2916 2772 τοῦ
2953 2719 3148 2788 φθόνου
3187 2720 3507 2789 τρωθέντες,
3538 2720 3693 2774 οὐδὲν

2111 2810 2298 2877 ἔλεγον
2331 2810 2536 2879 ἀγαθόν
2563 2827 2575 2840 °
2629 2810 2688 2862 οὐ
2726 2809 2837 2879 γὰρ
2873 2809 3014 2862 κατὰ
3045 2810 3309 2879 ἀλήθειαν
3335 2811 3564 2880 ᾐτιῶντο
3599 2811 3697 2864 τὸν.

2110 2900 2342 2971 Κύριον,
2383 2901 2458 2964 ὡς
2515 2900 2883 2970 ἐπιτρέψαντα
2923 2900 3214 2953 ἀποθανεῖν
3259 2902 3349 2953 τὸν
3395 2902 3682 2973 Λάζαρον

1006 2964 1111 3019 Alii
1140 2983 1271 3023 vero
1303 2972 1475 3031 livore
1498 2982 1836 3041 exstimulati
1869 2992 2000 3046 nihil

2116 2964 2263 3045 τοῦτο
2296 2993 2403 3063 γὰρ
2439 2989 2508 3063 ἦν
2546 2991 2911 3045 πιστευόντων
2949 2993 3030 3044 ὅτι
3074 2991 3304 3060 ἠδύνατο
3336 2991 3425 3044 τὸν
3459 2992 3685 3046 θάνατον

2110 3085 2322 3155 στῆσαι.
2373 3083 2530 3136 Ἀλλὰ
2565 3080 2847 3152 μονονουχὶ
2875 3082 3032 3135 τοῦτό
3066 3100 3226 3151 φασιν
3253 3099 3266 3114 ο
3310 3083 3420 3137 Ποῦ
3452 3087 3484 3155 ἡ
3530 3085 3685 3154 ἰσχύς

2108 3194 2231 3240 σου,
2272 3169 2318 3229 ὦ
2348 3173 2763 3244 θαυματουργέ;
2830 3173 2960 3226 Ἰδοὺ
2989 3173 3097 3244 γὰρ
3125 3175 3216 3227 καὶ
3250 3175 3324 3246 μὴ
3360 3176 3679 3248 βουλομένου

2106 3267 2201 3321 σοῦ
2221 3308 2235 3333 ,
2270 3266 2530 3338 τέθνηκεν
2559 3268 2586 3317 6
2620 3265 2724 3317 ὑπὸ
2760 3264 2855 3318 σοῦ
2882 3264 3206 3333 φιλούμενος
3226 3282 3239 3296 ·
3292 3267 3375 3319 ὅτι
3405 3267 3513 3338 γὰρ
3544 3269 3681 3338 ἠγά-

2102 3377 2232 3424 πας,
2257 3358 2417 3429 δῆλον
2451 3358 2510 3424 ἐξ
2544 3351 2606 3410 οὗ
2637 3355 2911 3425 δακρύεις.
2933 3357 2995 3409 Εἰ
3020 3352 3112 3410 οὖν
3142 3353 3211 3428 ἦν
3235 3357 3337 3427 τῆς
3366 3357 3464 3428 σῆς
3498 3359 3678 3428 ἰσχύος

2095 3452 2157 3505 τὸ
2182 3450 2276 3504 τοῦ
2300 3448 2502 3521 τυιελοῢ
2525 3446 2950 3522 ἔργον,ὴδύνασο
2975 3446 3181 3500 καὶτὸν
3206 3445 3435 3500 θάνατον
3459 3450 3683 3519 στῆσαι,

2095 3544 2232 3613 ὅπερ
2276 3541 2394 3595 ἐστὶ
2442 3542 2538 3594 καὶ
2589 3540 2720 3593 αὐτὸ
2799 3540 2939 3611 ὑπὲρ
2988 3538 3276 3610 ἀνθρώπου
3323 3539 3502 3608 φύσιν.
3591 3539 3673 3602 Ὠς

2092 3633 2465 3705 ὲπιχαίροντες
2498 3627 2590 3685 οὖν
2620 3631 2678 3697 ἐξ
2711 3623 2784 3683 ὧν
2814 3630 3000 3702 ἐώρων
3024 3629 3223 3701 τρόπον
3243 3629 3366 3683 τινὰ
3409 3627 3675 3701 παραλυο-

2097 3727 2266 3797 μένην
2310 3724 2407 3795 τὴν
2437 3722 2601 3777 αὑτοῦ
2625 3722 2782 3788 δόξαν
2801 3762 2816 3788 ,
2852 3724 2985 3793 φασί
3012 3721 3172 3779 τοῦτο
3203 3738 3215 3751 ·
3252 3721 3423 3786 Αὐτός
3450 3739 3514 3792 γε
3565 3722 3670 3794 μὴν

2095 3816 2395 3888 ἐδάκρυσεν
2435 3817 2529 3869 ἐπὶ
2551 3814 2808 3887 Λαζάρῳ.

1815 3893 1988 3963 Igitur
2030 3902 2359 3960 insultantes
2409 3906 2478 3970 ei,
2503 3907 2650 3975 quod
2700 3906 2949 3962 viderent
3014 3909 3417 3978 quodammodo
3482 3908 3664 3963 immi.

1838 3949 1866 3963 υ
1963 3949 1977 3951 -
2030 3949 2359 3960 -..ηπ-..-νυ
2411 3949 2650 3975 νην-..
2710 3949 2803 3960 η...

414 3952 602 4000 "Nam
639 3949 759 4019 eius
790 3954 1041 4022 gloriam,
1069 3959 1172 4016 hoc
1220 3965 1409 4023 dicunt
1439 3990 1452 4025 :
1488 3972 1608 4042 Ipse
1640 3980 1858 4047 quidem
1898 3987 2234 4063 lacrymatus
2264 4003 2347 4051 est
2373 4012 2540 4066 super
2565 3996 2803 4052 Lazaro.

485 4035 573 4066 ατη
621 4040 822 4066 A:..:.-._.
876 4062 964 4066 ____
1056 4052 1092 4066 η
1471 4063 1482 4066 -

484 4035 575 4092 Sic
619 4040 822 4097 dicitur
876 4062 973 4115 pro
1009 4068 1020 4102 :
1053 4052 1372 4116 Commotus
1417 4063 1485 4116 ad
1541 4067 1977 4133 misericordiam

411 4136 633 4196 propter
663 4133 960 4191 multorum
989 4140 1285 4214 laerymas,
1309 4151 1595 4221 imperavit
1629 4162 1848 4228 spiritui
1875 4184 1978 4223 suo

410 4228 473 4272 ut
504 4229 735 4277 mortem
769 4227 932 4283 etiam
967 4241 1096 4290 ante
1128 4246 1346 4308 tempus
1371 4227 1688 4316 debellaret,
1717 4267 1780 4309 ac
1808 4256 1978 4314 ιω-

408 4322 532 4363 rum
565 4314 877 4372 suscitaret.

478 4401 707 4459 Miratur
729 4425 926 4468 rursus
949 4413 1109 4474 divus
1134 4424 1468 4494 evangelista
1495 4426 1713 4489 ﬂentem
1743 4452 1974 4500 cernens

406 4488 856 4565 illacrymabilem
893 4513 1169 4562 naturam.
1194 4512 1360 4581 Atqui
1387 4515 1622 4575 humana
1649 4523 1763 4580 haec
1787 4535 1973 4599 passio

405 4591 540 4640 erat.
570 4584 933 4647 Miserabatur
961 4598 1108 4651 enim
1137 4616 1246 4655 non
1278 4605 1397 4660 sine
1429 4623 1617 4675 causa,
1650 4632 1971 4688 corruptum

407 4675 600 4733 videns
632 4681 908 4739 hominem
950 4689 1016 4742 ad
1051 4690 1341 4761 imaginem
1373 4697 1466 4753 Dei
1497 4714 1761 4774 creatum,
1797 4723 1850 4767 et
1882 4730 1975 4769 ca-

409 4766 742 4830 lamitatibus
782 4778 988 4832 nostris
1036 4784 1487 4845 contristabatur.
1522 4792 1638 4850 Nisi
1680 4802 1824 4855 enim
1873 4820 1971 4874 pro

403 4858 563 4913 nobis
611 4861 948 4935 lacrymatus
995 4878 1162 4935 esset,
1190 4889 1363 4930 meam
1420 4897 1528 4936 non
1574 4888 1853 4947 cohiberet
1892 4898 1968 4951 la-

398 4961 663 5017 crymam.
709 4952 842 5009 Nam
887 4956 1031 5010 sicut
1076 4960 1123 5013 is
1175 4962 1267 5030 qui
1299 4975 1416 5021 erat
1444 4968 1680 5030 Verbum
1729 4979 1958 5039 dicens:

402 5055 418 5086 ι
464 5037 573 5109 Ego
614 5057 734 5096 sum
787 5047 946 5113 panis
997 5048 1065 5103 de
1100 5055 1243 5107 cmlo
1296 5057 1657 5133 descendens,
1690 5070 1963 5145 vitamque

396 5131 604 5185 mundo
636 5133 870 5189 aﬂ’erens
897 5135 985 5203 “',
1020 5158 1038 5190 ι
1071 5146 1320 5210 permisit
1356 5158 1537 5209 tamen
1580 5158 1873 5230 aliquando
1903 5176 1962 5221 ut

462 5329 529 5363 ἠ’
561 5327 722 5384 Joan.
765 5347 840 5398 Vl,
874 5333 962 5388 50.

464 5463 541 5532 (l)
600 5466 750 5520 Ἁντί
793 5470 899 5525 τοῦ
946 5509 959 5524 .
988 5512 1003 5528 .
1035 5513 1049 5527 .
1082 5512 1098 5529 .

462 5555 539 5626 (2)
595 5559 1077 5631 καταπλήττεται
1137 5608 1151 5622 .
1203 5612 1216 5624 .
1286 5610 1301 5627 .
1332 5610 1348 5626 .
1418 5578 1519 5631 καὶ

2169 4089 2312 4141 ’Λντί
2335 4089 2430 4141 τοῦ
2472 4088 2546 4160 (l)
2572 4130 2585 4155 ,
2630 4089 3006 4160 Κεκινημένος
3049 4094 3127 4156 εἰς
3166 4092 3314 4146 ἔλεον
3347 4096 3411 4147 ἐκ
3446 4093 3539 4146 τοῦ
3570 4095 3664 4149 δαε-

2085 4179 2289 4251 κρῦσαι
2316 4180 2564 4246 πολλοὺς,
2584 4181 2887 4235 ἐνετείλατο
2906 4182 3106 4254 τρόπον
3122 4185 3243 4238 τινὰ
3257 4185 3334 4256 τῷ
3360 4187 3474 4257 ἰδίῳ
3490 4189 3661 4242 Πνεύ-

2013 4300 2056 4354 D
2086 4288 2217 4339 ματι
2246 4271 2669 4335 καταπαλαίειν,
2697 4272 2790 4325 καὶ
2810 4273 2916 4345 πρὸ
2938 4275 3149 4346 καιροῦ,
3175 4276 3269 4329 τοῦ
3295 4277 3545 4347 θανάτου,
3566 4282 3661 4333 καὶ

2085 4361 2389 4432 ἀναστῆσαι
2416 4363 2508 4415 τὸν
2538 4363 2806 4434 Λάζαρον.

2137 4447 2588 4520 Καταπλήττεται
2619 4451 2697 4517 (2)
2717 4451 2876 4507 πάλιν
2897 4455 2925 4506 ό
2943 4452 3226 4520 θεσπέσιος
3243 4458 3651 4532 εὐαγγελιστὴς,

2084 4537 2423 4609 δακρύουσαν
2458 4540 2669 4610 βλέπων
2714 4542 2812 4614 τὴν
2858 4545 3158 4616 ἀδάκρυτον
3204 4548 3384 4618 φύσιν.
3434 4553 3543 4607 Καὶ
3591 4555 3653 4607 τὸ

2080 4629 2250 4693 πάθος
2272 4626 2340 4701 ἦν
2364 4631 2721 4703 ἀνθρώπινον.
2756 4633 2934 4687 Ἠλέει
2959 4636 3066 4707 γὰρ
3100 4639 3327 4702 εἰκότως
3351 4643 3647 4715 κατεφθαρκ-

2083 4719 2239 4787 μένον
2272 4721 2414 4791 ὁρῶν
2445 4722 2537 4775 τὸν
2571 4725 2690 4775 κατ’
2719 4723 2853 4777 ἰδίαν
2881 4725 3089 4790 εἰκόνα,
3129 4729 3222 4781 καὶ
3261 4731 3646 4798 ἐπιστυγνάζει

2069 4813 2190 4873 ταῖς
2207 4811 2501 4881 ἡμετέραις
2520 4817 2846 4883 συμφοραῖς.
2862 4815 2924 4867 Εἰ
2943 4816 3048 4887 γάρ
3068 4819 3140 4889 μὴ
3159 4818 3487 4892 δεδάκρυκεν
3504 4824 3644 4893 ὑπὲρ

2068 4901 2222 4969 ἡμῶν
2242 4939 2256 4963 ,
2287 4903 2387 4955 οὐκ
2410 4902 2474 4956 ἂν
2505 4904 2564 4956 τὸ
2608 4905 2738 4972 ἐμὸν
2774 4907 3100 4979 περιεστάλη
3145 4910 3398 4983 δάκρυον.
3433 4914 3643 4987 Ὄνπερ

2068 4991 2177 5061 γὰρ
2204 4991 2404 5063 τρόπον
2425 4995 2587 5057 αὐτὸς
2609 4991 2676 5066 ἦν
2714 4999 2742 5049 6
2771 4998 2942 5066 Λόγος
2966 5002 2993 5052 ό
3017 5000 3209 5067 εἰπὼν,
3256 5022 3275 5053 ι
3300 5004 3441 5072 Ἐγώ
3472 5008 3586 5075 εἰμι
3611 5011 3638 5061 ό

2067 5081 2227 5152 ἄρτος
2274 5084 2301 5135 6
2347 5081 2404 5147 ἐξ
2450 5085 2675 5157 ούρανοῦ
2711 5089 2985 5157 καταϐὰς,
3031 5093 3124 5145 καί
3155 5092 3298 5164 ζωὴν
3331 5096 3507 5160 διδοὺς
3561 5100 3637 5169 τῷ

2067 5174 2307 5243 Sericum,»
2346 5175 2764 5247 συγκεχώρηκεν
2794 5181 2900 5233 ἀπὸ
2919 5181 3117 5253 μέρους
3139 5185 3237 5255 τῆς
3267 5187 3402 5252 ἰδίας
3429 5191 3635 5262 σαρκός

1148 5477 1257 5532 τὸν
1295 5480 1600 5553 Λάζαρον.
1634 5487 1712 5544 Ex
1758 5492 1984 5553 Macarii

2116 5502 2401 5572 rysoceph.
2429 5504 2468 5559 Ι.
2501 5505 2538 5559 1.
2569 5519 2657 5576 ap.
2692 5506 2798 5567 Mai
2828 5508 2958 5565 ibid.

1588 5580 1960 5671 ἀσυμπαθές.
2025 5590 2101 5683 Ιξχ
2154 5603 2347 5683 (δαέροξ
2391 5593 2836 5683 γοῑίοκιιρεηῌοὶ
2863 5601 2994 5659 ibid.
3026 5602 3202 5679 Hujus
3230 5617 3284 5665 et
3333 5614 3614 5683 sequentis

867 5623 875 5629 .
1206 5623 1212 5624 κ
1287 5623 1300 5627 ν
1335 5623 1346 5626 -
1419 5623 1517 5631 --π-
1588 5623 1960 5655 ν-ννιωυυιυσς.
2026 5623 2101 5646 ιυλ
2154 5623 2347 5649 υιιιτυᾶ
2405 5623 2568 5651 νᾰιιιυ.
2610 5623 2699 5668 up.
2730 5623 2787 5654 Illi

392 5623 678 5696 fragmenti
726 5632 943 5690 nonnisi
992 5638 1275 5706 particulae
1322 5648 1565 5714 quaedam
1628 5663 1846 5711 exstant
1897 5659 1951 5714 in
1982 5668 2173 5718 catena
2202 5662 2553 5731 Corderiana,
2582 5668 2787 5736 p.29l.

3785 522 3815 602 ι..

3771 720 3779 747 i

3767 779 3785 793 ι
