4010 6320
562 314 636 375 59
1226 344 1231 349 ν
1557 324 1616 382 S.
1653 325 1932 382 CYRILLI
1963 324 2440 382 ALEXANDRINI
2472 326 2797 383 ARCIIIEP.
3757 322 3831 379 60

632 435 724 499 XI,
752 437 842 496 ιο.
887 440 1079 498 Nomia
1117 444 1213 498 tibi
1250 445 1364 498 dixi
1422 447 1694 514 quoniam,
1742 448 1789 500 si
1832 447 2139 513 credideris,

2321 449 2443 503 Οὐκ
2488 443 2665 502 εἶπόν
2693 455 2791 502 σοι
2845 446 3077 508 ὅτινέὰν
3108 445 3478 513 πιστεύσῃς,
3533 441 3668 513 ὄψει
3714 443 3833 511 τὴν

559 528 756 586 videbis
789 532 1015 603 gloriam
1047 536 1146 591 Dei
1165 539 1197 593 ι

630 619 829 694 Ingens
879 626 1084 684 bonum
1125 636 1217 686 est“
1269 632 1403 687 ﬁdes
1437 646 1571 686 cum
1610 646 1676 688 ex
1714 633 1926 689 ardenti
1960 635 2149 690 animo

562 715 830 779 nascitur,
864 723 1187 789 tantamque
1222 721 1331 775 vim
1364 723 1553 785 habet,
1586 730 1649 777 ut
1683 738 1791 777 non
1842 724 2021 779 solum
2050 726 2146 794 qui

560 805 738 859 credit
788 816 1065 875 servetur,
1091 809 1188 866 sed
1244 822 1305 866 ut
1354 814 1521 868 etiam
1567 814 1800 868 aliorum
1855 815 1997 872 ﬁdes
2025 818 2150 873 aliis

563 897 726 951 saluti
784 899 877 962 sit,
917 909 985 955 ut'
1023 902 1076 956 in
1114 904 1501 974 Capharnaum
1552 908 1836 963 resolutus
1883 910 2149 967 membris

562 989 899 1058 paralyticus
924 1008 1021 1062 per
1040 994 1208 1058 ﬁdem
1242 1012 1433 1051 eorum
1464 998 1557 1067 qui
1593 999 1884 1068 portabant
1915 1016 2152 1057 eum-sa-

561 1088 726 1134 natus
758 1091 864 1147 est,
897 1077 956 1137 ut
1007 1083 1251 1143 Lazarus
1282 1104 1378 1157 per
1421 1088 1580 1144 [idem
1611 1090 1841 1156 sororis,
1887 1090 1956 1146 ad
1985 1109 2150 1163 quam

560 1169 702 1225 dixit
733 1171 997 1232 Dominus
1030 1193 1043 1230 :
1086 1196 1105 1229 ι
1147 1177 1402 1248 Nunquid
1441 1180 1556 1235 dixi
1597 1182 1696 1238 tibi
1721 1186 1895 1254 quod,
1947 1187 1994 1240 si
2025 1203 2150 1245 cre-

563 1261 671 1328 dis,
709 1266 920 1324 videbis
952 1270 1184 1340 gloriam
1221 1271 1357 1329 Dei?
1396 1292 1416 1325 ι
1451 1276 1851 1345 propemodum
1900 1279 2104 1338 dicens.
2135 1300 2149 1336 :

564 1355 1026 1429 Quandoquidem
1063 1364 1308 1420 Lazarus
1352 1374 1602 1435 mortuus
1647 1371 1874 1428 credere
1907 1390 2017 1430 non
2055 1391 2155 1447 po-

564 1457 692 1514 test,
718 1458 776 1507 tu
799 1454 980 1523 quoad
1009 1456 1169 1512 ﬁdem
1204 1459 1409 1513 mortui
1436 1460 1609 1517 vicem
1642 1464 1922 1534 suppleas.
1946 1465 2153 1539 Duplex

564 1548 749 1595 autem
779 1552 867 1599 est
900 1543 1023 1601 ﬁdei
1056 1548 1301 1618 species:
1331 1551 1436 1606 alia
1467 1554 1688 1624 quidem
1721 1557 2031 1627 dogmatica
2062 1576 2154 1616 as-

564 1634 824 1691 sensione
873 1641 1074 1695 mentis
1111 1640 1426 1699 habensde
1461 1644 1564 1700 hac
1595 1661 1653 1702 re
1686 1648 1893 1720 aliqua,
1928 1659 1987 1705 ut
2026 1652 2151 1718 hoc,

2244 538 2434 603 δόξαν
2458 540 2565 595 τοῦ
2597 541 2745 594 Θεοῦ
2764 558 2782 603 ;

2317 633 2479 703 Μέγα
2521 634 2723 703 ἀγαθὸν
2767 635 2984 699 πίστις,
3036 634 3183 688 ὅταν
3219 634 3328 688 ἀπὸ
3361 634 3570 705 θερμῆς
3613 629 3833 700 γίνηται

2245 724 2517 792 διανοίας,
2553 728 2647 780 καὶ
2673 727 2944 799 τοσαύτην
2975 727 3087 797 ἔχει
3117 726 3348 798 δύναμιν
3369 769 3382 788 ,
3414 725 3555 778 ὥστε
3575 725 3639 777 οὐ
3673 723 3833 794 μόνον

2246 818 2275 869 6
2305 816 2578 870 πιστεύων
2605 816 2839 882 σώζεται
2858 859 2872 883 ,
2920 816 3053 871 ἀλλὰ
3102 818 3195 871 καὶ
3234 818 3381 871 ἄλλοι
3406 816 3580 870 ἄλλων
3612 831 3835 869 πιστευ-

2251 906 2460 959 σάντων
2488 905 2792 976 ἐσώθησαν·
2850 906 2927 971 ώς
2972 909 3000 960 6
3031 908 3090 960 ὲν
3124 908 3504 977 Καπαρναοὺμ
3538 905 3839 976 χαλασθεὶς

2250 999 2562 1067 παράλυτος
2579 1039 2593 1064 ,
2643 998 2734 1052 διὰ
2760 998 2858 1071 τὴν
2886 999 3068 1053 πίστιν
3089 999 3198 1053 τῶν
3230 998 3603 1069 βασταζόντων
3628 996 3790 1050 αὐτόν
3817 1012 3833 1026 ·

2249 1089 2325 1154 ὡς
2366 1093 2395 1143 6
2431 1089 2718 1160 Λάζαρος,
2746 1089 2835 1144 διὰ
2863 1090 2963 1160 τὴν
3002 1090 3101 1161 τῆς
3139 1089 3410 1160 ἀδελφῆς,
3465 1088 3600 1159 πρὸς
3629 1088 3695 1157 ἣν
3728 1086 3835 1155 ἔφη

2250 1185 2279 1238 6
2308 1182 2546 1254 Κύριος·
2585 1201 2603 1235 ι
2635 1184 2748 1237 Οὐκ
2776 1177 2932 1236 εἶπόν
2971 1198 3055 1235 σοι
3101 1183 3327 1243 ὅτιγὲάν
3372 1178 3672 1251 πιστεύῃς,
3712 1177 3838 1246 ὃψει

2251 1275 2351 1344 τὴν
2382 1273 2541 1340 δόξαν
2590 1274 2685 1329 τοῦ
2736 1275 2872 1329 Θεοῦ
2900 1293 2914 1338 ;
2946 1294 2965 1327 ι
3019 1274 3302 1346 μονονουχὶ
3344 1274 3520 1341 λέγων
3542 1287 3554 1299 ’
3615 1269 3837 1338 Ἐπειδὴ

2253 1365 2502 1438 Λάζαρος
2550 1367 2743 1439 νεκρὸς
2788 1367 2863 1421 ὢν
2898 1366 3175 1421 πιστεύειν
3220 1367 3280 1419 οῦ
3318 1365 3579 1429 δύναται,
3628 1362 3693 1415 σὺ
3741 1359 3839 1414 τοῦ

2253 1456 2451 1528 νεκροῦ
2479 1456 2540 1510 τὸ
2567 1456 2752 1511 λεῖπον
2793 1457 2893 1529 τῆς
2916 1457 3154 1521 πίστεως
3183 1455 3597 1526 ἀναπλήρωσον.
3651 1451 3842 1506 Διττδν

2252 1545 2309 1600 δὲ
2346 1546 2449 1616 τῆς
2484 1546 2719 1612 πίστεως
2761 1549 2821 1601 τὸ
2866 1544 3044 1613 εἶδος,
3091 1549 3153 1601 τὸ
3202 1546 3302 1618 μὲν
3343 1544 3673 1615 δογματικὸν
3710 1559 3845 1611 συγ-

2256 1638 2551 1693 κατάθεσιν
2586 1643 2686 1711 τῆς
2734 1639 2910 1711 ψυχῆς
2957 1641 3080 1710 ἔχον
3130 1639 3261 1711 περὶ
3313 1637 3468 1692 τοῦδέ
3527 1638 3705 1699 τινος·
3766 1635 3845 1698 ώς

571 1741 595 1775 ι
630 1723 734 1791 Qui
776 1727 952 1783 credit
996 1730 1050 1785 in
1089 1728 1289 1787 Filium
1332 1747 1442 1789 non
1485 1735 1771 1805 iudicatur
1829 1740 1878 1772 “
1913 1758 1930 1810 ;
1972 1761 2001 1794 ιι
2046 1744 2155 1800 alia

2263 1732 2336 1799 τὸ,
2366 1752 2386 1785 ι
2428 1734 2487 1787 Ὁ
2511 1734 2783 1787 πιστεύων
2813 1735 2894 1798 είς
2918 1735 3009 1788 τδν
3039 1735 3190 1801 Υίὸν,
3216 1734 3277 1787 οὐ
3303 1732 3547 1804 κρίνεται
3570 1745 3583 1759 ⁸
3619 1748 3647 1781 ιν
3670 1727 3732 1781 τὸ
3760 1727 3840 1792 δὲ,

565 1831 690 1886 quae
722 1820 841 1874 vice
892 1821 1087 1890 gratia:
1122 1838 1153 1877 a
1186 1823 1411 1881 Christo
1446 1804 1628 1883 datur.
1699 1849 1719 1882 ι
1758 1830 1825 1886 Et
1868 1804 1999 1890 huic
2031 1836 2155 1907 qui-

2263 1819 2319 1881 ἐν
2355 1826 2576 1898 χάριτος
2626 1827 2784 1899 μέρει
2837 1827 2989 1899 παρά
3037 1827 3133 1882 τοῦ
3174 1825 3411 1898 Χριστοῦ
3458 1824 3838 1896 δωρούμενον·

571 1911 720 1976 dem,
749 1913 845 1979 ait,
874 1930 970 1985 per
994 1915 1264 1987 Spiritum
1286 1921 1451 1976 datur
1471 1937 1657 1980 sermo
1674 1926 1974 1996 sapientiae,
1996 1930 2155 1987 alteri

565 2020 697 2060 vero
733 2006 853 2062 ﬁdei
876 2007 919 2040 ⁸⁸
941 2024 954 2073 ;
977 2029 996 2061 ι
1033 2026 1154 2080 qua:
1178 2012 1399 2083 quidem
1430 2030 1541 2070 non
1574 2025 1786 2072 tantum
1817 2028 1903 2075 est
1934 2022 2159 2094 dogma-

568 2097 701 2165 tica,
731 2101 828 2155 sed
880 2104 1180 2158 multorum
1216 2122 1339 2177 quae
1383 2123 1552 2179 supra
1593 2110 1871 2168 hominem
1912 2124 2044 2170 sunt
2077 2116 2157 2172 ef-

568 2189 791 2256 fectrix,
827 2195 903 2247 ita
949 2207 1007 2250 ut
1040 2197 1206 2252 etiam
1258 2208 1483 2256 montes
1523 2202 1826 2259 transferat
1864 2205 1934 2259 ".
1987 2207 2160 2279 Igitur

569 2279 784 2337 Martha
816 2302 880 2341 ex
915 2287 1233 2345 inﬁrmitate
1259 2290 1431 2363 688
1476 2293 1925 2354 ratiocinationis
1970 2299 2025 2353 in
2075 2300 2160 2354 in-

570 2380 954 2438 credulitatem
987 2384 1211 2452 incidit,
1261 2387 1358 2443 sed
1382 2403 1489 2444 non
1525 2391 1655 2446 sinit
1692 2389 1976 2459 Dominus,
1994 2401 2049 2449 et
2077 2410 2161 2452 ce-

569 2471 762 2528 leriter
808 2474 939 2531 huic
988 2478 1134 2534 malo
1188 2477 1350 2535 ﬁnem
1404 2482 1658 2552 imponit.
1705 2481 1935 2554 Oportet
1987 2487 2158 2554 enim,

575 2561 778 2633 inquit,
804 2567 1032 2624 credere
1063 2567 1316 2637 ﬁrmiter,
1339 2579 1401 2627 ut
1423 2573 1717 2630 videantur
1745 2592 1809 2631 ea
1842 2592 1961 2647 quae
2006 2595 2159 2649 spem

530 2663 539 2674 '
572 2669 837 2727 superant
870 2678 882 2715 :
922 2676 1158 2733 magnus
1196 2664 1343 2719 enim
1389 2678 1474 2720 est
1509 2667 1756 2734 morbus,
1804 2671 2023 2726 animus
2065 2687 2163 2726 an-

573 2766 725 2822 ceps,
756 2762 809 2808 et
854 2755 948 2824 q'ui
988 2755 1080 2811 Dei
1131 2760 1310 2827 gratia
1341 2762 1781 2832 muneribusque
1825 2779 1929 2820 nos
1960 2765 2158 2834 privat.

571 2843 697 2900 ideo
728 2847 821 2916 qui
863 2849 912 2902 ei
947 2852 1292 2917 succensuit,
1324 2854 1643 2909 universum
1674 2854 1955 2910 hominum
1992 2872 2164 2927 genus

571 2939 771 3002 erexit,
800 2956 866 2995 ne
901 2942 1159 3012 ancipitis
1199 2944 1368 2997 animi
1404 2943 1640 3016 ﬁdeique
1666 2946 1826 3002 malis
1863 2955 2160 3004 teneretur.

572 3028 748 3085 Porro
782 3031 1043 3088 Christus
1089 3034 1270 3089 vitans
1301 3036 1519 3091 inanem
1560 3037 1814 3108 gloriam,
1856 3055 1965 3094 non
2004 3042 2161 3110 dixit,

578 3119 810 3179 Videbis
844 3125 1075 3193 gloriam
1127 3142 1325 3191 meam,
1349 3120 1466 3184 ’sed
1510 3129 1604 3184 Dei
1637 3148 1652 3185 :
1682 3131 1855 3202 gloria
1904 3148 2034 3189 vero
2068 3133 2160 3191 Dei
2190 3154 2234 3212 α

574 3223 684 3282 est,
717 3217 990 3273 suscitare
1026 3227 1330 3275 mortuum.
1359 3220 1481 3292 Ipse
1530 3223 1699 3295 igitur
1727 3235 1810 3279 est
1855 3227 2160 3282 secundum

575 3314 829 3362 naturam
864 3309 1029 3375 Deus,
1061 3311 1157 3381 qui
1188 3312 1348 3377 dixit,
1385 3332 1404 3365 ι
1443 3312 1556 3385 Ego
1591 3330 1711 3371 sum
1742 3318 2096 3386 resurrectio,
2137 3340 2157 3373 ι

575 3399 739 3470 cujus
765 3401 996 3471 gloriam
1044 3405 1329 3460 mulierem
1377 3408 1544 3477 paulo
1574 3415 1699 3478 post
1727 3409 1970 3465 visuram
2000 3410 2160 3480 dixit,

575 3493 797 3562 quando
836 3496 1051 3564 putabit
1077 3497 1359 3554 veritatem
1399 3514 1509 3554 non
1544 3500 1785 3567 mentiri,
1810 3501 1902 3567 qui
1938 3501 2160 3572 quidem

574 3586 832 3643 Christus
872 3595 1141 3655 est;erat
1189 3598 1371 3647 autem
1423 3593 1472 3648 ei
1530 3593 1863 3663 promissum
1929 3592 2047 3649 fore
2099 3600 2161 3649 ut

577 3688 831 3736 mortuus
863 3681 984 3751 ejus
1033 3680 1207 3738 frater
1236 3693 1572 3756 resurgeret.
1611 3684 1677 3739 Et
1712 3685 1881 3764 Maria
1913 3686 2158 3756 quidem,

575 3778 764 3840 utpote
813 3789 938 3843 quae
972 3785 1058 3832 est
1121 3776 1537 3846 intelligentior,
1585 3777 1797 3830 nullum
1856 3778 2165 3832 dubitantis

573 3865 739 3918 animi
778 3865 998 3935 signum
1046 3882 1159 3937 prae
1203 3883 1263 3923 se
1306 3867 1487 3922 ferens
1530 3868 1824 3936 loquitur:
1864 3875 1919 3921 at
1952 3865 2170 3922 Martha

573 3958 831 4027 ancipitis
859 3959 1028 4011 animi
1060 3960 1250 4013 morbo
1281 3960 1615 4041 tenebatur.~

646 4046 741 4112 XI,
796 4047 887 4102 41.
950 4047 1142 4116 Pater,
1204 4063 1302 4119 ago
1365 4048 1459 4102 tibi
1505 4048 1713 4119 gratias
1763 4047 1902 4119 quod
1960 4047 2164 4105 audisti

576 4154 676 4204 me,
712 4148 819 4195 etc.
1652 4207 1658 4214 _

643 4227 1013 4289 (Economice
1037 4244 1092 4289 et
1127 4248 1227 4304 pro
1258 4248 1444 4289 rerum
1481 4232 1676 4288 ordine
1712 4231 1962 4303 loquitur
1998 4232 2165 4288 Chri-

2264 1935 2285 1970 ι
2309 1911 2381 1989 Ὦ
2419 1918 2516 1989 μὲν
2543 1919 2673 1990 γὰρ,
2698 1920 2851 1990 φησὶ,
2874 1920 2962 1976 διὰ
2990 1918 3085 1975 τοῦ
3110 1919 3425 1992 Πνεύματος
3454 1917 3655 1972 δίδοται
3684 1915 3842 1983 λόγος

2260 2008 2480 2076 σοφίας,
2519 2009 2690 2081 ἑτέρῳ
2711 2010 2769 2064 δὲ
2808 2011 3009 2075 πίστις⁹
3036 2030 3054 2063 ι
3085 2011 3207 2080 ἥτις
3247 2007 3643 2080 οὑ-δογματικὴ
3681 2005 3843 2076 μόνον

2259 2100 2426 2165 ἐστὶν,
2460 2100 2596 2154 ἀλλά
2620 2101 2714 2155 καὶ
2741 2100 2848 2155 τῶν
2887 2100 3028 2171 ὑπὲρ
3066 2100 3353 2173 ἄνθρωπον
3384 2097 3735 2169 ὲνεργητικὴ,
3768 2096 3846 2160 ώς

2259 2193 2353 2247 καὶ
2374 2190 2475 2265 ὅρη
2509 2192 2873 2264 μεθιστάνειν.
2910 2194 2975 2248 Ἣ
2999 2193 3181 2265 μέντοι
3203 2191 3402 2263 Μάρθα
3430 2191 3535 2244 ὑπὸ
3561 2188 3847 2253 ἀσθενείας

2258 2284 2565 2357 λογισμῶν,
2585 2288 2666 2350 εἰς
2691 2286 2949 2342 ἀπιστίαν
2978 2286 3256 2342 ἐνέπεσεν.
3291 2284 3428 2339 Ἀλλ’
3459 2287 3488 2338 6
3514 2282 3719 2354 Κύριος
3744 2282 3847 2335 οὐκ

2260 2378 2470 2449 ἐφίησι,
2486 2378 2639 2432 λύσιν
2665 2378 2983 2448 ὁπενεγκὼν
3006 2377 3539 2450 τῷπὰθειταχεῖαν.
3562 2374 3685 2446 Χρὴ
3713 2373 3842 2444 γὰρ,

2263 2470 2417 2541 φησὶ,
2432 2469 2711 2525 πιστεύειν
2729 2471 3009 2542 ἀσφαλῶς,
3024 2471 3116 2526 ἵνα
3131 2469 3471 2541 θεάσηταιτά
3488 2468 3620 2539 παρ’
3631 2465 3843 2520 ἐλπίδα-

2266 2563 2408 2633 μέγα
2446 2563 2557 2637 γὰρ
2591 2565 2625 2636 ἡ
2662 2564 2884 2637 διψυχία
2941 2564 3184 2637 νόσημα,
3215 2563 3313 2617 καὶ
3365 2559 3707 2631 ἀποστεροῦν
3734 2557 3850 2613 τῶν

2262 2656 2327 2708 ὲκ
2352 2654 2488 2709 Θεοῦ
2523 2658 2903 2729 χαρισμάτων.
2940 2656 3029 2710 Διὸ
3052 2657 3224 2728 ταύτῃ
3250 2654 3600 2724 ἐπιτιμήσας,
3626 2650 3687 2704 τὸ
3708 2649 3848 2704 πάν-

2263 2767 2372 2805 των
2404 2749 2709 2820 ἀνθρώπων
2748 2748 3096 2821 διωρθώσατο
3121 2748 3274 2816 γένος
3294 2789 3309 2815 ,
3351 2745 3495 2799 ὥστε
3536 2743 3610 2814 μὴ
3644 2742 3852 2797 ἁλῶναι

2262 2846 2377 2907 τοῖς
2400 2844 2501 2914 τῆς
2531 2842 2785 2914 διψυχίας
2814 2844 3024 2905 κακοῖς.
3076 2842 3299 2908 Φεύγων
3337 2839 3393 2892 δὲ
3421 2839 3482 2891 τὸ
3516 2835 3792 2900 κενόδοξον
3821 2836 3852 2888 6

2265 2935 2533 3007 Χριστὸς,
2559 2934 2660 2988 οὐκ
2689 2932 2862 2996 εἶπεν,
2901 2932 3060 3001 "Oti/st
3086 2934 3184 3003 τὴν
3204 2931 3361 2997 δόξαν
3403 2948 3502 3002 μου
3523 2974 3537 2997 ,
3585 2929 3718 2983 ἀλλά
3747 2927 3851 3000 τὴν

2263 3027 2359 3081 τοῦ
2383 3026 2514 3081 Θεοῦ
2540 3045 2553 3058 ·
2613 3026 2740 3092 δόξα
2768 3026 2826 3080 δὲ
2858 3024 3026 3091 Θεοῦ,
3065 3025 3127 3079 τὸ
3172 3027 3382 3096 ἐγεῖραι
3409 3021 3622 3094 νεκρόν.
3672 3020 3853 3083 Αὐτὸς

2266 3116 2359 3176 οὖν
2387 3121 2496 3192 ἄρα
2525 3119 2673 3173 ἐστὶν
2723 3122 2753 3173 ό
2783 3119 2924 3173 κατὰ
2965 3119 3124 3188 φύσιν
3154 3118 3285 3181 Θεὸς
3305 3156 3320 3180 ,
3367 3120 3396 3172 6
3420 3115 3612 3180 είπὼν,
3643 3133 3671 3167 ι
3702 3113 3854 3183 Ἐγώ

2268 3214 2386 3283 είμι
2408 3215 2442 3283 ἡ
2468 3212 2765 3277 ἀνάστασις
2783 3251 2799 3275 ,
2824 3231 2844 3264 ι
2866 3204 2929 3265 οὗ
2950 3214 3048 3284 τὴν
3076 3210 3233 3277 δόξαν
3258 3210 3373 3282 μετ’
3397 3209 3459 3262 οὐ
3483 3208 3617 3262 πολὺ
3640 3206 3855 3276 θεωρή-

2249 3312 2386 3356 ’σειν
2431 3301 2530 3372 τὴν
2561 3302 2796 3371 γυναῖκά
2825 3319 2991 3373 φησιν
3009 3341 3035 3368 ,.
3067 3302 3196 3356 ὅταν
3240 3299 3396 3370 οἰηθῇ
3447 3300 3523 3370 μὴ
3555 3294 3859 3368 ψεύδεσθαι

2268 3396 2368 3467 τὴν
2409 3394 2701 3466 ἀλήθειαν,
2743 3396 2803 3459 ὃς
2837 3396 2984 3449 ἐστιν
3026 3397 3054 3449 6
3083 3393 3354 3466 Χριστός*
3394 3387 3463 3464 ἦν
3491 3390 3548 3444 δὲ
3582 3391 3719 3460 αὐτῇ
3747 3390 3856 3442 επ-

2269 3486 2568 3557 αγγελθὲν,
2611 3488 2673 3541 τὸ
2704 3488 3006 3558 ἀναστῆναι
3030 3487 3123 3542 τὸν
3165 3485 3360 3557 νεκρὸν
3391 3483 3563 3555 αὐτῆς
3595 3480 3853 3552 ἀδελφόν.

2269 3578 2382 3633 Καὶ
2413 3581 2447 3649 ὴ
2481 3578 2580 3649 μὲν
2602 3579 2794 3652 Μαρία
2829 3578 3171 3650 συνετωτερα
3197 3574 3352 3644 οῦσα,
3374 3576 3528 3630 οὐδὲν
3554 3574 3860 3629 ὲνδοιαστι-

2270 3670 2366 3725 κόν
2397 3670 2693 3741 φθέγγεται
2719 3689 2732 3702 ·
2768 3674 2803 3745 ή
2826 3673 2886 3727 δὲ
2915 3671 3152 3744 Μάρθα,
3184 3669 3263 3742 τῷ
3290 3670 3400 3741 τῆς.
3426 3667 3676 3740 διψυχίας
3714 3682 3854 3720 κατ-

2270 3766 2448 3837 είχετο
2483 3766 2770 3838 νοσήματι.

2340 4047 2551 4119 Πάτερ,
2586 4049 2925 4120 εὐχαριστῶ
2949 4066 3047 4104 σοι
3077 4050 3165 4104 ὅτι
3198 4049 3471 4120 ἤκουσάς
3487 4065 3628 4118 μου,
3664 4046 3856 4101 καὶτὰ

2267 4143 2294 4196 ὲ
2333 4143 2356 4154 ’
2401 4183 2417 4198 .

2300 4142 2713 4307 ξτὸῗιιονομικιῖἰις
2750 4235 2932 4306 μέντοι
2965 4234 3039 4297 ώς
3073 4233 3356 4302 ἄνθρωπος
3381 4231 3533 4284 λαλεῖ
3564 4233 3591 4284 ὁ
3617 4228 3858 4301 Χριστὸς

464 5734 470 5745 ο
585 5700 673 5777 ξιιιὲ
705 5709 875 5761 adhuc
906 5700 1098 5761 rivum
1148 5704 1481 5777 fastidiatur.
1529 5700 1672 5755 Nam
1716 5703 1874 5770 pudet
1903 5701 2160 5777 quodam-

575 4332 698 4380 stus
739 4339 839 4380 ceu
885 4324 1050 4380 homo
1083 4325 1326 4382 demisse
1364 4324 1610 4394 quidem,
1647 4335 1824 4392 neque
1855 4322 2158 4378 secundum

2266 4326 2582 4399 χθαμαλῶς,
2613 4327 2674 4381 οὐ
2705 4326 2847 4380 κατὰ
2875 4327 2974 4396 τὴν
3007 4326 3105 4394 τῆς
3135 4325 3386 4395 θεότητος
3412 4323 3687 4394 ὑπεροχήν
3706 4337 3720 4351 °
3757 4322 3859 4374 καὶ

574 4414 1258 4485 deitatiseminentiam,et
1282 4419 1451 4473 refert
1481 4415 1713 4487 gratiam
1732 4416 2029 4480 Patri,non
2060 4431 2159 4486 pro

2263 4420 2521 4490 ἀναφέρει
2563 4418 2638 4490 τῷ
2678 4420 2853 4491 Πατρὶ
2889 4419 2989 4489 τὴν
3043 4418 3223 4490 χάριν,
3264 4417 3363 4487 οὐχ
3406 4415 3546 4487 ὑπὲρ
3594 4411 3856 4485 Λαζάρου

574 4508 788 4565 Lazaro
813 4511 1104 4574 duntaxat,
1123 4511 1219 4566 sed
1246 4526 1345 4580 pro
1374 4511 1623 4565 omnium
1655 4509 1785 4563 vita.
1810 4508 1994 4567 Bonus
2012 4511 2159 4564 enim

2264 4510 2445 4583 μόνον,
2483 4511 2598 4565 ἀλλ’
2648 4511 2790 4582 ὑπὲρ
2821 4512 2920 4579 τῆς
2972 4512 3188 4564 πάντων
3227 4508 3396 4580 ζωῆς.
3466 4505 3695 4575 Ἀγαθὺς
3740 4505 3857 4577 γὰρ

576 4620 701 4658 cum
737 4604 827 4667 sit,
852 4594 1107 4659 concors
1132 4611 1216 4659 est
1244 4603 1395 4658 Patri
1431 4604 1486 4658 in
1525 4603 1691 4656 vitam
1738 4601 2010 4659 reducens
2056 4602 2158 4656 ho-

2263 4604 2360 4669 ὢν,
2395 4603 2735 4676 ὁμογνώμων
2765 4604 2883 4657 ἐστὶ
2905 4602 2984 4674 τῷ
3017 4603 3212 4673 Πατρὶ,
3244 4598 3593 4671 ἀνακομίζων
3630 4597 3857 4669 τὴνάν-

575 4698 741 4752 minis
781 4712 1058 4759 naturam,
1094 4712 1217 4766 qua:
1258 4697 1328 4752 ob
1381 4695 1584 4751 violata
1620 4695 1779 4765 jussa
1838 4696 1896 4750 in
1955 4710 2156 4751 corru-

2267 4694 2484 4766 θρώπου
2516 4695 2677 4764 φύσιν
2712 4696 2791 4758 είς
2821 4694 2921 4767 τὴν
2954 4695 3130 4763 ζωὴν,
3170 4693 3270 4763 τὴν
3309 4693 3389 4756 εἰς
3423 4689 3628 4763 φθορὰν
3653 4689 3860 4743 πεσοῦ-

576 4789 820 4858 ptioncm
875 4787 1149 4842 inciderat
1196 4802 1261 4841 ac
1316 4787 1637 4851 interitum,
1696 4786 1901 4842 nullam
1947 4786 2159 4842 habens

2268 4804 2368 4840 σαν
2396 4786 2486 4841 διὰ
2514 4787 2614 4858 τῆς
2636 4788 2943 4858 παρακοῆς,
2964 4785 3222 4857 οὐδεμίαν
3250 4784 3389 4856 ἔχων
3427 4784 3690 4853 διαφορὰν
3713 4783 3859 4853 πρὸς

578 4876 647 4931 ιιι]
717 4879 1020 4933 bonitatem
1089 4877 1266 4935 Patris
1334 4876 1720 4934 dilierentiam.
1783 4877 2158 4943 Quemadmo-

2265 4879 2366 4949 τὴν
2402 4880 2498 4932 τοῦ
2529 4880 2742 4952 [ἰατρὸς
2770 4880 3105 4949 ἀγαθότητα.
3142 4880 3353 4949 Ὠσπερ
3374 4876 3432 4930 δὲ
3456 4876 3552 4931 καὶ
3581 4877 3743 4947 ἡμεῖς
3762 4875 3861 4929 διὰ

579 4968 708 5024 dum
761 4985 892 5025 vero
947 4978 1004 5024 et
1050 4985 1153 5025 nos
1210 4985 1306 5040 per
1353 4970 1629 5042 propriam
1675 4968 1946 5023 rationem
2001 4968 2159 5023 indu-

2264 4968 2375 5022 τῶν
2403 4969 2619 5024 οἰκείων
2647 4962 2925 5042 λογισμῶν
2960 4968 3368 5039 ἀναπειθόμεθα
3389 4969 3471 5031 εἰς
3504 4967 3560 5021 τὸ
3586 4967 3660 5037 μὴ
3691 4967 3860 5036 ποιῆ-

580 5061 759 5118 cimur
796 5078 902 5117 non
933 5056 1114 5117 facere
1144 5062 1290 5133 quod
1323 5063 1504 5118 visum
1536 5072 1621 5119 est
1647 5077 1662 5114 :
1693 5060 1772 5116 sic
1794 5069 1847 5115 et
1875 5060 2159 5124 Dominus,

2268 5079 2359 5116 σαι
2389 5062 2449 5115 τὸ
2479 5063 2706 5135 δοκηθὲν
2726 5105 2740 5131 ,
2789 5063 2937 5118 οὕτω
2966 5064 3060 5119 καὶ
3103 5066 3130 5118 6
3160 5062 3363 5135 Κύριος
3390 5103 3406 5127 ,
3432 5061 3605 5130 Λόγος
3646 5058 3723 5114 ὢν
3755 5061 3862 5113 καὶ

580 5152 809 5208 verbum
856 5156 1131 5213 exsistens
1183 5172 1248 5213 ac
1301 5157 1595 5213 consilium
1652 5155 1854 5220 Patris,
1922 5155 2159 5209 amicum

2269 5154 2431 5226 βουλὴ
2463 5156 2557 5210 τοῦ
2589 5157 2825 5229 Πατρός,
2858 5156 3009 5224 φίλον
3043 5158 3173 5228 ἡμῖν
3201 5155 3471 5225 πεποίηκε
3493 5153 3582 5206 τὸν
3603 5151 3856 5222 Πατέρα.

580 5245 743 5302 nobis
817 5247 1001 5304 reddit
1049 5249 1290 5306 Patrem.
1357 5250 1545 5321 Neque
1620 5262 1752 5302 vero
1813 5246 2159 5300 divinitatem

2267 5248 2378 5300 Καὶ
2412 5248 2473 5300 οὐ
2515 5248 2694 5320 δήπου
2734 5248 2915 5320 φαμὲν
2949 5249 3033 5303 ὅτι
3080 5247 3360 5318 ὀργίζεται
3409 5245 3469 5298 τὸ
3493 5245 3670 5307 Θεῖον,
3732 5241 3859 5297 ἀλλ’

582 5341 746 5400 irasci
783 5341 1039 5410 dicimus,
1070 5344 1165 5400 sed
1211 5344 1363 5416 quia,
1403 5356 1527 5398 cum
1580 5340 1726 5395 Deus
1757 5338 1830 5395 sit
1872 5338 2062 5408 juSius
2110 5350 2159 5395 et

2271 5340 2352 5395 ὃτι
2382 5339 2589 5405 δίκαιος
2630 5340 2704 5396 ὢν
2736 5342 2833 5397 καὶ
2881 5339 3119 5411 ἀγαθὸς,
3173 5336 3283 5393 οἶδε
3309 5338 3400 5392 τὸν
3439 5340 3508 5410 τῇ
3530 5334 3858 5405 ἐπιτιμήσει

543 5472 553 5547 ἶ
652 5497 700 5531 ⁸³
730 5496 891 5556 Joan.
928 5518 1009 5567 ιιι,
1038 5501 1124 5557 18.
1200 5502 1247 5535 ιδ
1284 5500 1304 5553 1
1345 5498 1473 5555 Cor.
1508 5514 1609 5562 xu,
1642 5497 1697 5564 8,
1728 5496 1782 5552 9.
1858 5495 1904 5528 ”
1940 5494 1961 5549 Ι
1993 5492 2122 5552 Cor.
2161 5510 2255 5551 xm
2279 5537 2293 5562 ,
2323 5497 2380 5551 9..

585 5638 918 5709 feslinamus,
952 5636 1175 5709 dedecus
1224 5633 1473 5709 crstincti
1524 5640 1846 5709 reputantes,
1879 5633 1927 5688 si
1978 5629 2043 5709 ab
2093 5632 2158 5687 iis
2268 5632 2432 5709 Haud
2475 5632 2616 5709 enim
2669 5642 2889 5688 mortem
2918 5632 3060 5688 Deus
3095 5638 3315 5701 creavit,
3351 5642 3513 5702 neque
3559 5629 3860 5686 Inventam!

2266 5704 2429 5759 exitio
2460 5703 2768 5758 delectatur.

590 5773 743 5832 modo
784 5787 1032 5830 naturam
1091 5774 1387 5841 passionem
1424 5785 1614 5842 ιη’(ινῐιθν
1655 5783 1900 5827 naturam
1936 5773 2154 5842 perpeti.
