4010 6320
214 379 279 435 61
1074 382 1140 439 IN
1173 382 1509 439 JOANNEM.
1546 415 1616 425 —-
1649 386 1777 442 LIB.
1803 388 2000 445 VIIET
2025 390 2138 448 VIII
2166 392 2610 448 FRAGMENTA.
3296 412 3299 413 '
3404 397 3475 453 62

211 492 500 567 πρέποντα
528 494 746 567 καιρὸν,
796 495 891 549 καὶ
934 494 1023 548 τὸν
1057 498 1121 567 τῇ
1154 495 1358 550 ἀνέσει.
1410 496 1558 569 Πλὴν
1584 499 1805 570 εὐχαρι-

1910 507 2107 568 bonus,
2159 507 2311 561 novit
2370 505 2732 578 increpationi
2792 514 3007 577 tempus
3062 522 3368 577 congruum
3424 486 3478 564 et

212 589 335 642 στεί
376 588 405 641 6
436 584 676 658 Κύριος,
727 587 823 640 καὶ
858 585 1017 640 τοῦτο
1054 589 1200 641 ποιεῖ
1244 587 1380 659 πρὸς
1435 589 1802 661 ὑπογραμμὸν

211 679 404 752 ήμῶν,
429 678 605 749 τιμῶν
629 679 721 732 τὸν
752 679 989 751 Πατέρα.
1009 679 1181 735 Ὅταν
1211 680 1269 733 δὲ
1296 681 1324 733 6
1350 679 1466 744 [σοι
1482 680 1562 752 τῷ
1589 682 1689 753 ἴσῳ
1710 683 1802 735 εὑ-

212 772 545 845 χαριστῇ,οὑ
568 773 713 824 ποιεῖ
732 770 949 834 πάντως
974 770 1132 825 τοῦτο
1152 772 1251 841 τῆς
1272 772 1460 836 οὐσίας
1483 772 1798 827 ὲλάττωσιν.

213 854 385 914 Δι’ὧν
405 861 461 913 δὲ
480 860 925 932 ἐπισημαίνεται,
941 860 1023 914 ὅτι
1039 860 1137 914 Διὰ
1158 861 1248 914 τὸν
1271 861 1426 932 δχλον
1443 861 1613 915 ταῦτα
1634 862 1798 930 λέγω,

217 953 501 1023 μονονουχί
531 969 725 1023 φησιν,
756 953 837 1006 ὅτι
874 952 1335 1024 Προσπεποίημαι
1365 953 1465 1024 τῆς
1489 954 1803 1026 προσευχῆς

212 1043 278 1096 τὸ
300 1044 500 1114 σχῆμα,
538 1044 634 1096 καὶ
658 1042 1016 1113 οἰκονομικῶς
1036 1037 1189 1096 εἷπον
1210 1043 1577 1115 εὐχαριστεῖν.
1614 1045 1800 1116 ᾜδειν

211 1136 326 1206 γὰρ
355 1136 434 1188 ὅτι
462 1134 691 1188 πάντοτέ
724 1152 824 1204 μου
850 1134 1088 1198 ἀκούεις.
1113 1136 1187 1188 Οὐ
1221 1135 1330 1206 γάρ
1361 1137 1478 1188 ἐστι
1511 1135 1648 1207 πρὸς
1673 1137 1771 1190 ὲαυ

212 1226 315 1295 τὴν
342 1226 571 1296 ἀπειθὴς
607 1228 641 1296 ή
681 1226 776 1296 μία
802 1226 903 1294 τῆς
935 1225 1188 1296 θεότητος
1218 1227 1411 1295 φύσις,
1463 1227 1692 1298 ἐπείπερ
1722 1223 1802 1291 εἷς

210 1319 367 1371 ἑστιν
397 1321 425 1372 6
450 1317 551 1388 τῆς
584 1318 814 1390 Τριάδος
840 1315 984 1383 νοῦς,
1019 1318 1231 1389 Πατρὸς
1252 1356 1267 1382 ,
1314 1317 1446 1372 Υίοῦ
1468 1360 1484 1385 ,
1520 1319 1617 1373 καὶ
1642 1312 1803 1371 Πνεύ-

214 1425 409 1481 ματος.
449 1408 619 1473 Εἰδὼς
650 1405 777 1471 οὖν,
810 1409 1011 1480 φησὶν,
1040 1411 1123 1463 ὅτι
1161 1409 1261 1481 μία
1287 1410 1444 1480 ήμῶν
1475 1412 1507 1481 ή
1548 1410 1803 1480 βούλησις

212 1502 316 1555 καλ⁸
336 1502 396 1554 ἓν
422 1501 483 1554 τὸ
508 1499 718 1571 θέλημα
738 1541 752 1565 ,
803 1500 890 1553 διὰ
921 1494 1011 1555 τὸν
1041 1501 1197 1572 ὄχλον
1218 1501 1390 1556 ταῦτα
1421 1502 1575 1573 ἔφην.
1618 1503 1803 1557 Ταῦτα

210 1594 274 1648 δὲ
305 1596 333 1648 6
358 1593 595 1664 Χριστὸς
628 1594 776 1662 λέγει
801 1592 885 1646 διὰ
902 1594 1026 1657 τοὺς
1066 1593 1373 1659 Ἰουδαίους,
1408 1594 1486 1666 τῷ
1515 1596 1691 1668 Πατρὶ
1712 1598 1802 1649 εὐ-

212 1684 515 1754 χαριστῶν,
550 1683 750 1738 ὡσανεὶ
795 1683 860 1737 δι’
890 1682 1053 1737 αὑτοῦ
1104 1683 1342 1755 ἐνεργῶν
1377 1684 1447 1738 τὰ
1499 1685 1799 1758 θεοπρεπῆ,

214 1776 312 1830 ἵνα
357 1777 553 1848 μηκέτι
586 1775 813 1829 εἴπωσιν
856 1776 938 1829 ὅτι
972 1776 1028 1828 ὲν
1064 1775 1396 1840 Βεελζεὸοὺλ
1428 1780 1571 1831 ποιεῖ
1610 1778 1679 1831 τὰ
1709 1795 1804 1849 ση-

219 1872 354 1940 μεῖα
373 1885 387 1899 ⁸
424 1868 770 1935 ἀπολογεῖται
811 1867 867 1919 δὲ
899 1867 994 1921 καὶ
1023 1866 1112 1920 διὰ
1138 1866 1201 1920 τὸ
1224 1870 1410 1940 σχῆμα
1443 1870 1540 1939 τῆς
1568 1886 1802 1941 προσευ·

217 1964 326 2033 χῆς
346 2002 361 2025 ,
407 1960 496 2013 ἵνα
532 1960 608 2031 μή
642 1957 1121 2029 σκανδαλισθῶμεν
1149 1961 1338 2030 ἡμεῖς,
1386 1959 1557 2014 εἰπὼν
1582 1962 1666 2015 ὅτι
1695 1964 1799 2017 Διά

216 2053 317 2105 τὸν
337 2051 490 2122 ὄχλον
509 2049 666 2103 τοῦτο
681 2049 931 2121 ἐποίησα.
955 2050 1064 2103 Καὶ
1082 2050 1165 2116 τὸ,
1192 2068 1210 2101 ‹
1232 2049 1304 2104 Σύ
1332 2068 1399 2121 με
1417 2050 1763 2116 ἀπέστειλας,
1778 2070 1798 2103 ι

216 2144 314 2198 διὰ
333 2144 429 2207 τὰς
472 2142 768 2205 Ἰουδαῖκάς
806 2142 1060 2205 ὑπονοίας
1104 2141 1287 2212 φησίν.
1342 2142 1502 2195 ’Ἥκω
1547 2142 1656 2213 γὰρ
1702 2143 1803 2196 οὐκ

216 2238 319 2291 ἀπ’
344 2235 598 2307 ἐμαυτοῦ,
624 2236 700 2298 ὡς
728 2235 777 2287 οἱ
810 2234 1259 2305 ψευδοπροφῆται
1285 2234 1360 2305 (I)
1384 2251 1395 2261 ·
1445 2234 1558 2288 ἀλλ’
1587 2235 1804 2306 εὐδοκία.

218 2332 291 2400 σῇ
336 2330 429 2382 καὶ
473 2328 690 2397 θελήσει
751 2327 984 2399 ἐμαυτὸν
1027 2327 1303 2391 ὲκένωσα,
1354 2329 1567 2400 μορφήν
1619 2329 1804 2384 δούλου

217 2422 427 2487 λαϐὼν,
459 2423 547 2475 ἵνα
571 2422 731 2474 πάλιν
753 2418 1089 2492 κατορθώσω
1115 2420 1212 2491 τὴν
1254 2420 1419 2492 ζωήν.
1451 2422 1805 2493 Οἰκονομικὸς

217 2512 317 2569 οὖν
349 2515 450 2584 τῆς
490 2513 800 2585 προσευχῆς
840 2516 868 2567 6
906 2512 1128 2585 τρόπος,
1166 2512 1262 2566 καὶ
1296 2515 1534 2584 σχήματι
1580 2514 1806 2584 πρέπων

216 2607 302 2678 τῷ
336 2607 475 2677 μετά
513 2606 715 2679 σαρκὸς
735 2645 751 2670 ,
776 2606 894 2676 οὐχὶ
921 2609 986 2678 τῇ
1014 2606 1114 2676 τῆς
1149 2605 1401 2675 θεότητος
1428 2606 1674 2678 ὑπεροχῇ
1714 2606 1807 2660 καὶ

220 2699 550 2771 ἀσυγκρίτῳ
588 2698 949 2769 λαμπρότητι.
987 2684 1059 2749 Τὸ
1103 2697 1212 2767 γὰρ
1258 2696 1395 2759 ὅλως
1446 2698 1664 2766 αἰτῆσαι
1715 2700 1809 2752 καὶ

217 2790 410 2844 λαϐεῖν
435 2831 450 2855 ,
495 2789 858 2860 δουλοπρεπὲς
890 2788 955 2842 ἂν
998 2787 1082 2859 εἴη
1123 2787 1323 2858 μᾶλλον
1349 2828 1363 2851 ,
1422 2788 1518 2840 καὶ
1552 2787 1629 2856 τῷ
1661 2787 1807 2856 βασι-

217 2882 502 2953 λευομένῳ
527 2880 958 2951 κατειθισμένον.
988 2881 1188 2951 Δράσει
1223 2896 1287 2947 γε
1321 2878 1425 2951 μὴν
1457 2879 1809 2949 ἀνεγκλήτως

219 2976 321 3028 καὶ
351 2973 507 3027 τοῦτο
538 2974 770 3044 Χριστός
791 2990 803 3002 ·
835 2974 865 3027 6
892 2974 1002 3044 γὰρ
1030 2971 1315 3042 ἄνθρωπος
1342 2971 1597 3038 γενέσθαι
1631 2989 1800 3025 κατα.

217 3067 547 3135 δεξάμενος.
578 3065 692 3128 πῶς
712 3064 779 3120 ἂν
812 3064 891 3118 ἔτι
928 3064 1330 3134 παραιτήσαιτο
1357 3062 1425 3116 τὰ
1448 3061 1762 3133 ἀνθρώπινοι
1788 3081 1803 3128 ;

220 3158 506 3213 obnoxius
549 3158 617 3213 sit
655 3167 1005 3213 consuetum.
1053 3153 1160 3211 Sed
1206 3163 1387 3209 tamen
1424 3155 1564 3209 citra
1610 3155 2097 3224 reprehensionem
2129 3156 2234 3211 hoc
2263 3154 2429 3212 faciet
2462 3153 2723 3212 Christus
2775 3172 2788 3207 :

1904 594 2243 650 remissioni.
2278 594 2384 653 Sed
2425 597 2570 651 enim
2600 597 2807 667 gratias
2839 598 2950 668 agit
2984 596 3276 665 Dominus,
3317 596 3478 676 id’quc

1904 687 1971 741 ad
2005 687 2411 744 institutionem
2457 697 2701 743 nostram
2743 690 2893 755 facit,
2928 688 3141 744 Patrem
3177 690 3476 747 honorans.

1902 774 2041 830 Cum
2082 792 2213 833 vero
2262 794 2359 848 par
2409 779 2526 848 pari
2562 781 2770 850 gratias
2820 780 2955 852 agit,
2992 797 3222 851 prorsus
3268 782 3476 835 nullam

1902 868 2157 923 essentiae
2203 866 2623 925 diminutionem
2676 871 2779 926 hoc
2825 871 3075 925 includit.
3120 870 3261 937 Quid
3311 871 3477 942 igitur

1903 959 2141 1014 indicat?
2164 961 2308 1031 quod
2344 969 2562 1031 propter
2591 962 2811 1017 turbam
2857 963 2975 1018 haec
3000 963 3169 1028 dicat,
3194 962 3479 1032 fermeque

1904 1051 2013 1104 ait:
2047 1048 2311 1105 Simulavi
2352 1051 2684 1122 precationis
2731 1054 2996 1123 speciem,
3038 1062 3093 1109 et
3137 1055 3479 1108 (PCOIIOIIIICO

1904 1148 2068 1211 atque
2105 1142 2173 1197 ad
2214 1144 2482 1199 rationem
2521 1144 2736 1200 ordinis
2766 1145 2877 1199 dixi
2927 1161 3016 1200 me
3047 1146 3251 1217 gratias
3294 1152 3474 1215 agere.

1905 1232 2156 1289 Sciebam
2184 1234 2327 1290 enim
2359 1234 2505 1304 quod
2538 1235 2741 1306 ubique
2776 1251 2862 1291 me
2892 1235 3105 1292 audias.
3129 1236 3338 1307 Quippe
3367 1251 3473 1290 non

1901 1335 1986 1379 est
2031 1340 2216 1381 secum
2274 1324 2575 1390 dissidens,
2633 1341 2734 1381 nec
2796 1326 2901 1381 sibi
2958 1328 3309 1397 immorigera
3372 1342 3474 1381 una

1903 1414 2125 1470 deitatis
2174 1424 2395 1483 natura,
2425 1416 2871 1487 quandoquidem
2921 1434 3026 1472 una
3074 1428 3161 1473 est
3195 1418 3479 1473 Trinilatis

1904 1524 2081 1574 mens,
2123 1507 2302 1564 Patris
2350 1517 2404 1564 et
2452 1508 2574 1563 Filii
2621 1520 2675 1564 et
2728 1507 2968 1579 Spiritus
3021 1513 3219 1565 sancti.
3265 1508 3480 1565 Gnarus

1903 1615 2064 1668 ergo,
2117 1599 2331 1670 inquit,
2381 1598 2528 1668 quod
2586 1614 2694 1653 una
2750 1600 2823 1653 sit
2892 1606 3144 1654 nostrum
3202 1600 3476 1665 voluntas,

1905 1706 2185 1760 unumque
2210 1689 2524 1755 consilium,
2576 1698 2799 1759 propter
2847 1689 3017 1760 689
3074 1690 3479 1745 multitudinem

1904 1778 2020 1834 haec
2056 1777 2192 1832 dixi.
2226 1777 2352 1832 Ilaec
2379 1793 2511 1832 vero
2549 1776 2683 1831 dicit
2712 1777 2968 1832 Christus
3000 1777 3477 1848 propterludaaos,

1907 1870 2052 1927 Patri
2094 1871 2301 1941 gratias
2345 1885 2535 1940 agens,
2578 1879 2836 1940 tanquam
2879 1885 2973 1941 per
3024 1886 3149 1924 eum
3199 1870 3310 1926 Deo
3342 1886 3479 1925 con-

1907 1964 2179 2018 venientia
2213 1961 2477 2030 efﬁciens,
2519 1977 2588 2018 ne
2616 1962 2852 2032 amplius
2888 1960 3074 2015 dicant
3108 1961 3260 2015 illum
3299 1960 3481 2017 facere

1910 2055 2067 2125 signa
2112 2055 2167 2109 in
2198 2053 2483 2109 Beelzebul
2518 2072 2532 2109 :
2560 2054 2832 2107 rationem
2862 2054 3026 2108 etiam
3060 2052 3236 2107 reddit
3271 2060 3325 2107 ct
3357 2067 3481 2122 pro—

1908 2161 2029 2218 pter
2052 2147 2286 2219 ﬁguram
2324 2148 2684 2217 precationis,
2712 2163 2781 2202 ne
2816 2161 2918 2201 nos
2951 2146 3118 2199 etiam
3144 2145 3483 2200 scandalize-

1908 2256 2053 2302 mur,
2105 2241 2176 2295 ab
2214 2240 2625 2295 multitudinem
2670 2255 2732 2294 se
2769 2239 2873 2293 hoc
2916 2238 3113 2293 fecisse
3142 2236 3480 2308 prolocutus.

1908 2331 1977 2386 Et
2009 2336 2134 2399 hoc,
2168 2351 2187 2385 ι
2229 2330 2312 2387 Tu
2348 2348 2435 2387 me
2467 2332 2690 2394 misisti,
2726 2350 2746 2384 ›
2776 2338 3000 2401 propter
3035 2329 3348 2385 Iudaeorum
3392 2343 3485 2384 su-

1911 2422 2187 2491 spiciones
2246 2424 2375 2478 ait:
2427 2420 2597 2478 Venio
2656 2423 2802 2477 enim
2848 2438 2958 2477 non
3014 2436 3044 2475 a
3134 2422 3367 2491 meipso,
3426 2426 3485 2474 ut

1909 2513 2429 2585 pseudoprophetas,
2481 2514 2574 2570 sed
2628 2514 2870 2569 lubentia
2937 2520 3030 2568 tua
3083 2520 3139 2567 et
3200 2513 3485 2565 voluntate

1903 2606 2173 2675 meipsum
2221 2605 2542 2669 exinanivi,
2594 2604 2822 2660 formam
2879 2606 3023 2659 servi
3076 2603 3354 2672 accipiens
3401 2601 3481 2666 “,

1906 2708 1965 2752 ut
2008 2697 2077 2753 de
2128 2698 2340 2766 integro
2388 2696 2594 2766 erigam
2643 2704 2698 2751 et
2745 2697 3046 2750 instaurem
3100 2696 3287 2749 vitam.
3318 2692 3486 2763 Igitur

1904 2798 2057 2845 recte
2086 2796 2140 2844 et
2161 2789 2354 2843 ordine
2375 2788 2659 2843 institutus
2693 2796 2777 2842 est
2805 2787 3138 2857 precationis
3170 2785 3391 2850 modus,
3424 2792 3479 2839 et

1907 2884 2121 2939 Iiabitui
2169 2882 2223 2937 in
2261 2896 2428 2936 carne
2480 2881 2835 2943 conveniens,
2874 2895 2984 2933 non
3032 2878 3252 2933 deitatis
3308 2877 3487 2932 excel-

1910 2977 2096 3032 lentiae
2141 2984 2195 3029 et
2244 2973 2663 3044 incomparabili
2721 2970 3022 3042 splendori.
3058 2968 3295 3024 Omnino
3338 2968 3484 3022 enim

1914 3070 2100 3132 petere
2132 3068 2188 3116 et
2223 3063 2470 3131 accipere
2496 3061 2693 3115 servile
2723 3059 2907 3122 fuerit,
2948 3067 3001 3114 et
3032 3059 3081 3111 ei
3130 3059 3223 3127 qui
3260 3056 3486 3128 imperio

2859 3167 2985 3207 nam
3054 3153 3147 3224 qui
3221 3151 3491 3208 sustinuit

222 3249 347 3306 ﬁeri
410 3249 605 3314 homo,
642 3245 920 3318 quomodo
970 3260 1092 3315 qua:
1151 3244 1394 3300 humana
1452 3252 1581 3298 sunt
1650 3243 1971 3300 recusaret?

294 3341 411 3397 Καὶ
454 3339 642 3394 ταῦτα
682 3338 896 3402 εἰπὼν,
944 3334 1115 3406 φωνῇ
1151 3336 1386 3406 μεγάλῃ
1433 3336 1804 3406 ὲκραύτασεσ

1985 3336 2075 3402 }tl,
2110 3337 2199 3392 45.
2228 3335 2359 3392 Ηωσ
2392 3353 2510 3392 cum
2539 3337 2784 3403 dixisset,
2815 3352 3007 3406 magna
3039 3351 3159 3391 voce
3195 3335 3444 3390 clamarit
3466 3374 3481 3389 .

221 3432 470 3501 Λάζαρε,
504 3430 683 3499 δεῦρο
719 3429 857 3494 ἔξω.

297 3526 404 3578 Τὸν
431 3521 641 3592 δυσώδη
683 3521 897 3592 νεκρὸν,
927 3520 1064 3591 μετὰ
1097 3519 1366 3594 τετάρτην
1411 3524 1511 3594 τῆς
1555 3523 1813 3593 τελευτῆς

1913 3418 2142 3494 Lazare,
2166 3430 2283 3483 veni
2318 3428 2488 3498 foras.

1985 3518 2263 3576 Fetentem
2288 3528 2567 3574 mortuum
2592 3527 2716 3590 post
2746 3527 3005 3589 quartum
3036 3532 3067 3571 a
3091 3526 3266 3573 morte
3290 3517 3433 3572 diem
3458 3534 3489 3573 e

226 3615 482 3687 ἡμέραν,
525 3613 590 3667 ὲκ
621 3611 720 3682 τῆς
760 3611 937 3682 θήκης
964 3611 1228 3683 ἐξήγαγε,
1258 3611 1354 3665 καὶ
1385 3611 1476 3665 τὸν
1502 3613 1806 3684 πεπεδημὲ-

1914 3612 2170 3682 sepulcro
2235 3611 2459 3677 eduxit,
2504 3612 2861 3680 vinctumque
2899 3624 2964 3664 ac
3013 3609 3332 3680 impeditum
3372 3626 3492 3664 am-

227 3721 322 3760 νον
348 3702 445 3756 καὶ
467 3700 974 3771 συμπεποδισμένον
1005 3699 1239 3769 βαδίζειν
1268 3700 1520 3754 ἐκέλευσε
1538 3743 1553 3767 ,
1587 3702 1683 3755 καὶ
1711 3719 1816 3757 πα·

1915 3700 2110 3756 bulare
2148 3699 2343 3770 jussit,
2376 3708 2622 3770 tuncque
2652 3708 2879 3769 repente
2912 3707 2965 3755 et
2998 3715 3145 3754 mors
3174 3700 3404 3770 aufugit,
3438 3710 3492 3756 et

232 3795 520 3867 ραχρῆμα,
562 3793 591 3846 ὅ
628 3810 690 3846 τε
729 3792 956 3855 θάνατος
991 3791 1388 3863 ὲδραπέτευσε,
1431 3792 1526 3845 καὶ
1569 3793 1597 3845 6
1625 3793 1806 3865 νεκρὸς

1915 3804 2166 3846 mortuus
2218 3805 2248 3844 a
2291 3790 2582 3862 putredine
2631 3790 2902 3845 liberatus
2953 3791 3225 3855 cucurrit,
3275 3791 3496 3860 abjecto

232 3886 438 3957 ἔδραμε
468 3884 567 3954 τῆς
620 3883 910 3954 σηπεδόνος
940 3883 1305 3951 ἀπαλλαγεὶς,
1360 3882 1454 3940 καὶ
1482 3883 1580 3955 τὴν
1610 3884 1815 3954 ταύτης

233 3975 576 4046 ἀποθέμενος
620 3974 919 4037 δυσωδίαν,
966 3973 1063 4027 καὶ
1105 3973 1205 4038 τὰς
1244 3973 1340 4028 τοῦ
1383 3974 1613 4028 θανάτου
1642 3975 1817 4039 πύλας

233 4065 544 4137 διαφυγὼν,
594 4066 688 4121 καὶ
724 4066 829 4119 ὑπὸ
854 4064 963 4118 τῶν
989 4063 1200 4137 δεσμῶν
1224 4065 1285 4119 οὐ
1325 4064 1667 4137 κωλυόμενος
1692 4066 1818 4136 τρέ-

235 4178 373 4232 χειν,
404 4161 500 4213 καὶ
529 4159 605 4230 τῷ
636 4160 734 4230 μὲν
763 4158 1078 4229 καλύμματι
1125 4158 1218 4211 τοῦ
1253 4158 1544 4226 προσώπου
1566 4197 1581 4220 ,
1608 4159 1671 4211 τὸ
1706 4158 1820 4230 βλέ-

1915 3884 2067 3936 omni
2120 3882 2242 3951 ejus
2288 3879 2486 3945 fetore,
2519 3889 2575 3936 et
2621 3882 2797 3952 portis
2835 3882 3031 3937 mortis
3077 3882 3324 3950 elapsus,
3355 3882 3493 3936 nihil

1920 3974 2151 4028 vinculis
2175 3974 2294 4029 suis
2333 3989 2559 4030 currere
2593 3974 2931 4044 prohibitus.
2957 3974 3024 4028 Et
3050 3974 3236 4029 vultus
3266 3972 3491 4045 quidem

1917 4065 2226 4119 velamento
2256 4064 2479 4119 videndi
2528 4080 2630 4120 usu
2669 4066 2936 4135 privatus,
2973 4066 3128 4120 nullo
3176 4074 3355 4120 tamen
3390 4065 3493 4118 im-

1922 4155 2255 4221 pedimento,
2318 4156 2622 4239 quominus
2657 4156 2723 4210 ad
2758 4172 2883 4212 eum
2922 4157 3015 4226 qui
3050 4167 3342 4213 vocaverat
3367 4172 3493 4212 cur-

238 4269 369 4306 πειν
386 4250 772 4323 ἀφῃρημένος,
814 4248 1105 4312 ἀκωλύτως
1136 4248 1193 4301 δὲ
1224 4248 1361 4321 πρὸς
1390 4248 1481 4302 τὸν
1514 4250 1806 4304 καλέσαντα

1919 4255 2086 4313 reret,
2117 4246 2451 4316 retardatus,
2477 4263 2783 4319 agnoscens
2812 4248 3023 4302 Domini
3050 4263 3269 4303 vocem.
3300 4249 3496 4303 Sermo

236 4345 471 4414 τρέχων,
522 4342 620 4394 καὶ⁹
667 4341 764 4412 τὴν
801 4341 1136 4411 Δεσποτικὴν
1189 4339 1565 4408 ἐπιγινώσκων
1611 4344 1815 4413 φωνήν.

238 4432 566 4504 Θεοπρεπὴς
586 4430 694 4501 γὰρ
726 4433 754 4484 6
786 4431 963 4500 λόγος,
988 4432 1082 4484 καὶ
1120 4429 1395 4500 βασιλικὸν
1429 4431 1492 4485 τὸ
1520 4432 1816 4503 κέλευσμα,

1919 4339 2067 4397 enim
2101 4337 2211 4393 Deo
2242 4339 2463 4410 dignus,
2483 4350 2539 4395 et
2570 4340 2788 4410 jussum
2820 4339 3028 4410 regium
3056 4338 3261 4394 habens
3287 4340 3495 4394 exitum

1919 4432 2119 4487 mortis
2156 4443 2210 4488 et
2242 4433 2619 4503 corruptionis
2660 4431 3027 4496 eversionem,
3059 4439 3115 4487 et
3157 4431 3497 4502 operationis

237 4524 396 4577 λύσιν
423 4522 545 4593 ἔχον
565 4521 817 4589 θανάτου,
851 4522 947 4575 καὶ
974 4521 1179 4592 φθορᾶς
1209 4522 1542 4594 ἀνατροπὴν,
1563 4526 1655 4578 καὶ
1678 4525 1806 4597 ὑπὲρ

1921 4527 2134 4580 ratione
2170 4524 2396 4594 majoris
2448 4522 3010 4578 demonstrationem.
3048 4524 3187 4579 Illud
3235 4539 3365 4579 vero
3416 4524 3495 4577 uti

240 4618 403 4687 λόγον
449 4608 729 4687 ἐνεργείας
775 4615 1067 4681 ἀπόδειξιν.
1131 4616 1205 4669 Τό
1245 4633 1308 4684 γε
1360 4615 1464 4688 μὴν
1515 4618 1806 4690 διαπρυσίᾳ

1923 4617 2164 4671 clamore
2204 4625 2365 4670 acuto
2400 4624 2450 4670 et
2486 4614 2802 4685 penetranti
2834 4629 3035 4669 novum
3072 4614 3280 4685 ubique
3324 4623 3379 4669 et
3411 4614 3496 4667 in-

242 4709 483 4781 χρῆσθαι
526 4709 768 4778 κραυγῇ,
809 4703 957 4771 ξένον
1012 4707 1291 4777 πανταχοῦ
1328 4709 1422 4761 καὶ
1454 4708 1720 4780 ἀσύνηθες
1742 4709 1822 4780 τῷ

1925 4708 2111 4763 solens
2143 4706 2423 4762 Servatori
2451 4706 2694 4762 Christo.
2725 4706 2942 4763 Etenim
2974 4705 3118 4763 Deus
3151 4714 3208 4761 et
3242 4704 3407 4758 Pater
3433 4703 3501 4760 de

176 4807 188 4819 ‘
243 4791 462 4870 Σωτῆρι
488 4796 727 4870 Χριστῷ.
784 4797 894 4850 Καὶ
923 4796 1054 4867 γοῦν
1086 4800 1115 4852 6
1161 4798 1299 4862 Θεὸς
1339 4800 1435 4854 καὶ
1469 4801 1659 4872 Πατὴρ
1693 4802 1806 4871 περ¹

1924 4799 2023 4853 illo
2055 4799 2256 4854 alicubi
2296 4799 2373 4853 ait
2402 4817 2415 4854 :
2449 4818 2467 4851 ι
2500 4797 2622 4853 Νοη
2659 4798 2980 4864 contendet,
3024 4811 3205 4867 neque
3230 4795 3496 4852 vocifera-

244 4891 411 4945 αὑτοῦ
458 4890 564 4942 πού
603 4905 766 4960 φησιν
794 4907 807 4920 ·
866 4907 884 4939 ι
915 4890 1028 4942 Οὐκ
1057 4889 1258 4959 ἐρίσει,
1298 4890 1418 4943 οὐδὲ
1443 4892 1806 4962 κραυγάσει,ι

1923 4889 2075 4944 bitur
2101 4889 2168 4955 ",
2202 4908 2220 4942 ι
2260 4898 2316 4944 et
2374 4890 2607 4961 reliqua.
2661 4888 2840 4959 Opera
2888 4889 3035 4944 enim
3092 4901 3234 4943 verae
3276 4885 3501 4942 deitatis

247 4984 345 5036 καὶ
371 4981 439 5035 τὰ
469 4981 617 5051 ἑξῆς.
664 4979 927 5049 ’Λψοφητὶ
952 4979 1058 5050 γὰρ
1092 4979 1187 5032 καὶ
1214 4979 1442 5050 θορύϐου
1466 4980 1587 5051 δίχα
1623 4983 1823 5045 παντὸς

247 5070 317 5125 τά
342 5071 444 5141 τῆς
465 5069 698 5141 ἀληθοῦς
721 5070 972 5139 θεότητος
993 5068 1129 5141 ἔργα
1148 5085 1161 5099 ·
1181 5068 1350 5123 ταῦτα
1377 5070 1434 5123 δὲ
1464 5071 1532 5124 τὰ
1568 5072 1667 5139 τῆς
1690 5072 1821 5142 ἁλη-

1883 5015 1888 5021 ~
1926 4980 2047 5035 sine
2080 4980 2315 5060 strepitu
2360 4987 2414 5035 et
2456 4981 2704 5035 tumultu
2745 4980 2896 5036 omni
2944 4980 3121 5034 fiunt:
3159 4978 3275 5033 haec
3314 4985 3499 5032 autem

1926 5086 2056 5126 vera
2085 5072 2308 5128 deitatis
2337 5082 2494 5128 erant
2532 5074 2588 5127 in
2617 5074 2844 5129 Christo
2869 5092 2883 5128 :
2907 5073 3109 5144 quippe
3132 5070 3274 5126 Deus
3297 5071 3364 5125 de
3391 5069 3502 5125 Deo

251 5162 376 5226 θοῦς
400 5158 470 5233 ἦν
508 5162 568 5216 ὲν
601 5161 821 5233 Χριστῷ
847 5178 862 5195 ο
909 5161 1041 5225 Θεὸς
1088 5161 1198 5232 γὰρ
1220 5163 1285 5215 ὲκ
1309 5162 1446 5215 Θεοῦ
1486 5163 1626 5217 κατά
1660 5162 1806 5233 φύσιη

1929 5163 2235 5221 secundum
2276 5172 2532 5220 naturam
2568 5173 2655 5221 est
2705 5180 2773 5220 ac
2803 5179 2988 5219 verus.
3027 5162 3173 5228 Quid
3217 5162 3386 5232 igitur
3418 5161 3502 5216 di-

252 5253 371 5305 ἐστὶ
401 5254 496 5307 καὶ
525 5252 798 5323 ἀληθινός.
856 5251 920 5305 Τί
948 5247 1040 5306 οῦν
1083 5253 1191 5322 ἀρα
1221 5252 1440 5322 φαμὲν,
1467 5253 1593 5305 ὅταν
1625 5252 1806 5323 ίδωμει

1930 5272 2145 5323 cemus,
2187 5273 2311 5315 cum
2344 5257 2637 5313 videamus
2688 5271 2814 5312 eum
2851 5256 2927 5308 ita
2968 5261 3169 5324 praeter
3199 5262 3502 5310 consuetu-

252 5342 544 5414 ἀσυνήθως
580 5341 1033 5413 ἀνακεκραγὸτα;
1081 5341 1155 5394 Οὐ
1184 5341 1293 5411 γὰρ
1321 5340 1492 5411 δήπου
1562 5342 1819 5414 κατοιχή-

1932 5349 2120 5407 dinem
2191 5350 2621 5407 vociferantem?
2675 5348 2788 5404 Nec
2853 5346 3001 5402 enim
3071 5346 3369 5419 quisquam
3436 5360 3503 5402 eo

255 5439 410 5490 σεται
442 5454 529 5500 τις
560 5439 642 5500 είς
676 5433 833 5489 τοῦτο
869 5434 1106 5506 μωρίας,
1153 5434 1228 5497 ὼς
1256 5434 1361 5501 ἐξω
1391 5433 1486 5488 τοῦ
1522 5434 1806 5504 πρέποντοέ

1935 5442 2189 5499 amentiat
2214 5442 2485 5509 deveniet,
2515 5451 2575 5497 ut
2606 5448 2806 5512 praeter
2836 5438 3097 5495 decorum
3128 5440 3332 5497 fecisse
3355 5438 3500 5495 dicat

327 5570 374 5603 “
401 5568 642 5642 Philipp.
673 5585 746 5635 II,
783 5569 905 5625 6—8.
981 5568 1025 5601 ⁸⁷
1065 5570 1172 5624 Isa.
1208 5583 1318 5623 xui
1344 5608 1358 5633 ,
1392 5568 1445 5622 2.

333 5743 409 5815 (I)
452 5711 644 5828 _I..oc.us
685 5742 970 5822 restitutus
1018 5759 1101 5800 ex,
1134 5742 1353 5798 Macarii
1394 5742 1820 5814 Chrysocephali
1860 5753 2018 5800 tract.
2058 5738 2157 5812 I6,
2204 5761 2290 5815 ap.
2331 5743 2444 5828 Mai.
2471 5744 2602 5801 ibid.
2646 5744 2789 5802 Editi
2822 5746 3080 5803 omittunt
3151 5747 3311 5802 verba
3375 5744 3494 5815 ήκω

267 5851 286 5868 .
310 5853 325 5866 .
346 5812 367 5870 ⁷.
392 5812 406 5867 ζ
437 5812 903 5886 ψευδοπροφῆται.
