4010 6320
546 327 620 385 63
854 333 862 340 ·
1565 318 1622 375 s.
1649 319 1925 376 cvntLLI
1977 319 2447 376 ALEXANDBINI
2478 280 2793 375 metitur.
3701 332 3772 387 ω

541 444 701 501 etab
746 440 925 497 oﬂicio
966 441 1284 496 recessisse.
1310 440 1595 506 Quomodo
1646 442 1813 512 igitur
1863 446 1968 498 hoc
2010 442 2086 497 lit‘

2210 442 2344 496 ἰέναι
2366 442 2426 495 τὸ
2452 443 2629 512 λέγειν
2661 445 2844 506 αὐτὸν,
2869 444 2962 497 καὶ
2987 445 3248 514 ἁμαρτεῖν
3271 446 3363 501 τοῦ
3394 448 3621 515 δέοντος.
3651 454 3770 510 Πῶς

538 534 711 608 690
738 532 908 588 Habet
948 532 1216 586 rationem
1251 531 1339 585 hic
1376 533 1609 598 clamor,
1641 548 1803 603 quem
1837 549 2100 589 necessa-

541 628 627 682 rio
658 638 993 696 exponemus
1024 622 1092 676 ad
1129 622 1423 677 utilitatem
1454 625 1816 680 audientium.
1847 625 2100 696 Figuram

541 717 710 773 veluti
734 716 1023 785 quamdam
1046 716 1320 786 generalis
1341 717 1653 769 mortalium
1683 720 2103 775 resurrectionis

539 807 598 861 in
632 806 736 860 hoc
785 805 931 859 circa
961 803 1228 859 Lazarum
1266 805 1537 859 miraculo
1573 808 1742 867 novit,
1766 815 1819 861 et
1864 808 2011 876 quod
2047 809 2101 861 in

539 896 1030 966 uno-adimpletum
1059 907 1162 959 est,
1189 897 1464 966 egregiam
1500 899 1827 953 universalis
1850 907 1905 952 et
1934 899 2101 955 totius

538 987 734 1041 statuit
786 1002 908 1043 esse
946 988 1263 1059 imaginem.
1302 988 1589 1043 Credimus
1623 989 1771 1042 enim
1806 997 2100 1043 venturum

536 1094 660 1134 esse
712 1065 978 1148 iudicem,
1031 1087 1086 1134 et
1144 1086 1393 1134 tenemus
1444 1078 1685 1133 futuram
1742 1080 1900 1149 signo
1960 1081 2103 1135 tubae

539 1170 1003 1233 inclamationem,
1057 1168 1213 1237 juxta
1269 1168 1417 1222 illam
1472 1167 1626 1222 Pauli
1655 1184 1842 1223 vocem
1867 1168 1935 1233 ⁸⁸,
1979 1184 2102 1223 om—

538 1260 699 1315 nibus
736 1261 936 1329 ubique
963 1271 1238 1314 terrarum
1280 1259 1598 1329 jacentibus
1649 1271 1708 1315 ut
1739 1270 1966 1332 surgant
2001 1262 2100 1315 im-

538 1360 1116 1421 perantem,operante
1140 1352 1334 1420 utique
1374 1366 1489 1404 rem
1515 1350 1675 1406 istam
1704 1352 1967 1406 ineti‘abili
2003 1368 2102 1422 po-

539 1448 735 1496 testate
775 1440 889 1506 Dei,
923 1442 1012 1494 cui
1042 1442 1229 1494 omnia
1260 1441 1482 1495 cedunt.
1517 1440 1813 1509 Propterea
1861 1442 2008 1496 enim
2046 1450 2102 1497 et

537 1531 621 1584 lex
675 1545 706 1584 a
752 1529 902 1585 Mose
954 1532 1098 1595 lata,
1152 1545 1276 1585 cum
1335 1530 1535 1584 festum
1590 1529 2098 1585 Tabernaculorum

534 1625 826 1693 liguraret:
860 1641 877 1674 ι
913 1622 1220 1688 Celebrate,
1255 1624 1451 1692 inquit,
1477 1624 1659 1692 ipsum
1690 1625 1745 1677 in
1779 1624 2098 1678 memoriam

532 1716 807 1769 tubarum.
842 1736 859 1767 ι
893 1715 1028 1770 Cum
1060 1717 1207 1769 enim
1241 1715 1437 1769 iterum
1462 1716 1862 1784 compingenda
1884 1717 2101 1769 venient

531 1808 770 1860 butnana
811 1822 1064 1877 corpora,
1111 1815 1170 1860 et
1218 1806 1657 1875 uniuscujusque
1698 1807 1883 1859 anima
1935 1820 2097 1859 suum

532 1895 700 1949 veluti
742 1895 1155 1950 tabernaculum
1189 1895 1371 1948 denuo
1410 1902 1787 1961 assumptum,
1816 1891 2099 1946 insonabit

531 1980 687 2055 prius
741 1987 962 2057 jussum
1012 1986 1264 2049 Domini,
1325 1993 1379 2039 et
1434 1984 1864 2040 resurrectionis
1925 1983 2098 2038 veluti

533 2086 741 2133 tessera
776 2080 1021 2142 dabitur,
1072 2078 1315 2146 tubaque
1350 2076 1445 2130 Dei
1479 2083 1660 2139 canet,
1702 2070 1861 2143 juxta
1900 2073 2097 2143 praedi-

530 2178 699 2223 ctum.
732 2169 904 2240 Igitur
946 2170 1001 2222 in
1044 2170 1267 2237 liguram
1294 2167 1416 2236 ejus
1444 2182 1702 2236 magnum
1734 2167 2010 2235 quoddam
2042 2174 2097 2220 et

531 2259 861 2314 audiendum
914 2259 1063 2313 circa
1126 2257 1393 2311 Lazarum
1451 2257 1770 2311 inclamavit
1817 2257 2095 2321 Christus,

530 2362 643 2405 non
678 2366 1006 2421 magnopere
1032 2350 1454 2405 consuetudinis
1485 2364 1715 2415 memor,
1738 2348 1866 2403 dum
1902 2364 2095 2404 eorum

529 2458 652 2513 quae
673 2441 728 2496 in
749 2443 1161 2513 exspectatione
1182 2450 1392 2507 essent,
1415 2441 1639 2509 ﬁguram
1660 2450 2096 2511 reprazsentaret.

598 2552 676 2608 Ita
723 2554 996 2618 nonnulli,
1036 2554 1479 2623 quandoquidem
1530 2556 1664 2608 nihil
1729 2571 1837 2608 non
1903 2561 2092 2624 potest

527 2643 769 2698 divinum
802 2643 1064 2706 Verbum,
1119 2643 1391 2712 desperati
1443 2659 1672 2712 prorsus
1701 2684 1714 2706 ,
1774 2652 1829 2697 et
1873 2644 2086 2697 anima:

414 2774 421 2779 .
526 2742 751 2788 mortuae
804 2734 1028 2787 fetorem
1058 2735 1425 2803 exspirantes,
1481 2742 1535 2788 et
1591 2742 1935 2788 mortuorum
1987 2734 2087 2788 ha-

526 2825 758 2880 bitacula
813 2825 1141 2889 incolentes,
1204 2827 1679 2896 supervenientem
1744 2827 1877 2895 ipsis
1944 2828 2089 2882 divi-

526 2933 655 2971 num
703 2933 1010 2972 sermonem
1070 2917 1320 2979 audiunt,
1356 2932 1419 2970 ac
1458 2917 1701 2986 ipsorum
1754 2919 1965 2973 animas
1996 2935 2089 2989 pe-

527 3016 776 3062 netrante
807 3008 1012 3061 virtute
1042 3007 1163 3075 ejus
1189 3006 1284 3075 qu‘i
1309 3007 1464 3070 dicit,
1499 3026 1517 3057 ι
1540 3009 1663 3061 veni
1696 3007 1864 3071 foras,
1906 3028 1923 3059 ι
1956 3024 2087 3079 pro-

2204 530 2298 585 οὖν
2319 533 2585 602 ἐνδέχεται
2613 534 2853 598 ;ούκοῦν
2882 534 2991 604 ἔχει
3019 533 3173 602 λόγον
3196 538 3229 606 ἡ
3261 538 3492 609 κραυγὴ,
3511 541 3576 610 ἣν
3604 541 3773 605 ἀναγ-

2204 622 2375 685 καίως
2418 624 2667 694 ἐροῦμεν,
2707 624 2793 677 διὰ
2842 625 2903 678 τδ
2930 627 3041 687 τοῖς
3085 626 3452 696 ἀκροωμένοις
3477 632 3771 702 χρήσιμονο

2205 712 2388 767 Τύπον
2430 714 2619 785 ὥσπερ
2664 716 2784 769 τινὰ
2824 716 2924 785 τῆς
2962 715 3189 769 καθόλου
3242 718 3348 770 τῶν
3394 720 3602 790 νεκρῶν
3645 723 3776 775 ἀνα-

2205 805 2465 867 στάσεως,
2491 804 2552 857 τὸ
2579 807 2669 858 ἐπὶ
2697 806 2931 877 Λαζάρῳ
2963 809 3194 859 ποιεῖται
3227 807 3407 877 θαῦμα
3426 825 3439 837 ³
3484 812 3654 863 καὶτὸ
3686 814 3776 880 ἐφ’

2202 894 2283 945 ἑνὶ
2315 895 2690 966 πληρούμενον
2712 937 2726 959 ,
2786 898 2966 949 εἰκόνα
2998 896 3088 949 τοῦ
3123 898 3478 969 γενικωτέρου
3513 899 3605 953 καὶ
3632 899 3773 954 κατὰ

2202 984 2402 1047 παντὸς
2432 984 2627 1056 ἔστησε
2654 986 2845 1057 καλήν.
2897 986 3014 1039 Ὅτι
3046 987 3153 1057 γὰρ
3180 985 3296 1056 ἥξει
3353 987 3546 1058 κριτὴς
3610 1006 3773 1042 πεπι-

2205 1074 2512 1145 στεύκαμεν
2533 1113 2551 1141 ,
2600 1076 2927 1146 λογιζόμεθα
2949 1093 3008 1129 τε
3035 1077 3117 1129 ὃτι
3146 1077 3358 1148 κραυγή
3390 1094 3474 1139 τις
3506 1078 3774 1133 ἐσται-διά

2203 1166 2523 1234 σάλπιγγος,
2559 1169 2699 1219 κατά
2733 1167 2833 1237 τὴν
2860 1167 2960 1220 τοῦ
2979 1167 3193 1220 Παύλου
3231 1169 3446 1238 φωνὴν,
3468 1169 3775 1223 διακελευο-

2203 1257 2343 1327 μένη
2365 1261 2477 1321 τοῖς
2501 1261 2559 1310 ἐν
2601 1260 2675 1328 γῇ
2711 1258 2984 1328 κειμένοις
3010 1259 3109 1330 τὴν
3151 1260 3448 1312 ἀνάστασιν
3470 1300 3484 1324 ,
3517 1261 3770 1331 ἐνεργού-

2203 1366 2301 1419 σης
2330 1348 2570 1418 δηλονότι
2596 1351 2656 1402 τὸ
2699 1352 2932 1419 πρᾶγμα
2961 1351 3057 1420 τῆς
3087 1351 3326 1421 ἀρρήτου
3374 1352 3651 1421 δυνάμεως
3677 1353 3781 1407 τοῦ

2199 1439 2377 1493 πάντα
2405 1439 2677 1509 ἰσχύοντος
2702 1440 2856 1493 Θεοῦ.
2888 1441 2986 1493 Διά
3013 1441 3120 1510 γάρ
3151 1457 3232 1493 τοι
3255 1439 3409 1493 τοῦτο
3437 1443 3532 1495 καὶ
3555 1444 3582 1494 6
3611 1444 3785 1512 νόμος·

2198 1529 2285 1583 διὰ
2316 1531 2588 1596 Μωσέως,
2621 1531 2705 1583 ὅτε
2732 1530 2835 1600 τῆς
2872 1531 3254 1600 Σκηνοπηγίας
3291 1532 3491 1584 ἐτύπου
3520 1532 3619 1601 τὴν
3651 1534 3772 1604 ἑορ-

2197 1620 2317 1693 τὴν,
2349 1639 2369 1672 ι
2409 1622 2733 1692 Ἐορτάσατε
2756 1661 2771 1684 ,
2821 1623 3016 1691 φησὶν,
3050 1623 3240 1692 αὐτὴν,
3272 1619 3612 1692 μνημόσυνον
3641 1624 3768 1677 σαλ-

2200 1710 2433 1778 πίγγων.
2464 1728 2483 1761 ι
2543 1708 2971 1780 Συμπήγνυσθαι
3027 1712 3137 1780 γάρ
3203 1711 3501 1780 μελλόντων
3548 1711 3770 1775 ἐσαῦθις

2129 1776 2172 1831 Β
2198 1776 2323 1854 τῶν.
2359 1776 3067 1871 ἀνθρωπίνωννσωμάτων,
3105 1776 3216 1854 ⁷καί
3260 1801 3357 1871 τὴν
3403 1802 3534 1855 ἰδίαν
3581 1802 3771 1872 ῶσπερ

2197 1891 2401 1962 σκηνὴν
2452 1890 2915 1962 παραληψομένης
2973 1892 3097 1944 ὅσον
3136 1892 3346 1944 οὐδέπω
3384 1893 3483 1961 τῆς
3537 1894 3768 1946 ἑκάστου

2193 1979 2390 2049 ψυχῆς,
2424 1982 2877 2051 προαναφωνήσει
2908 1980 3189 2051 κέλευσμα
3217 1981 3279 2034 τὸ
3304 1983 3654 2046 Δεσποτικὸν,
3677 1984 3770 2036 καὶ

2194 2071 2496 2141 προηχήσει
2550 2070 2610 2124 τὸ
2669 2074 2767 2142 τῆς
2809 2072 3156 2136 ἀναστάσεως
3197 2072 3479 2143 σύνθημα,
3533 2072 3789 2141 σάλπιγξ·

2194 2161 2328 2215 Θεοῦ
2347 2203 2361 2227 ,
2389 2163 2529 2216 κατὰ
2558 2162 2617 2215 τὺ
2644 2162 2956 2233 εἰρημένον.
2994 2165 3087 2227 Εἰς
3111 2163 3283 2217 τύπον
3301 2161 3393 2218 οὖν
3422 2164 3644 2234 ταύτης,
3674 2166 3785 2217 ἐπὶ

2198 2250 2433 2321 Λαζάρῳ
2465 2251 2607 2320 μέγα
2650 2267 2704 2303 τι
2744 2251 2838 2303 καὶ
2871 2251 3194 2314 ἐξάκουστον
3232 2254 3477 2324 ἐφώνησε
3507 2253 3762 2324 Χριστὸς,

2198 2342 2259 2393 ού
2294 2342 2501 2411 σφόδρα
2521 2343 2616 2394 τοῦ
2649 2341 2912 2412 συνήθους
2938 2344 3229 2414 φροντίσας
3248 2383 3264 2409 ,
3302 2344 3388 2398 ἵνα
3408 2344 3519 2398 τῶν
3548 2344 3784 2400 ἔσεσθαιο

2201 2434 2668 2504 προσδοκωμένων
2698 2434 2938 2507 ἐπιδείξῃ
2969 2435 3060 2488 τὸν
3094 2436 3284 2489 τύπον.

2276 2547 2431 2601 Οὕτω
2451 2547 2513 2618 δή
2532 2566 2673 2612 τινες
2690 2550 2785 2620 (1),
2805 2549 2891 2603 διὰ
2909 2550 2998 2604 τὸν
3014 2551 3189 2604 πάντα
3204 2550 3497 2621 δυνάμενον
3511 2553 3605 2606 τοῦ
3629 2551 3775 2608 Θεοῦ

2192 2638 2365 2706 Λόγον
2408 2639 2581 2713 πάντη
2612 2640 3084 2709 ἀποῩνωσθέντες,
3133 2644 3227 2695 καὶ
3272 2645 3374 2713 τῆς
3414 2645 3471 2697 ἐν
3499 2645 3642 2716 ψυχῇ
3673 2661 3763 2699 νε-

2193 2732 2458 2802 κρότητος
2478 2734 2574 2802 τὴν
2600 2732 2860 2787 δυσωδίαν
2885 2734 3117 2803 ἔχοντες,
3136 2736 3231 2789 καὶ⁸
3260 2735 3532 2797 οἰκοῦντες
3553 2736 3761 2807 νεκρῶν
3780 2772 3785 2779 ο

2193 2826 2523 2897 οἰκητήριον,
2546 2824 2787 2887 ἐλθόντος
2812 2826 2947 2893 πρὸς
2971 2827 3165 2889 αὐτοὺς
3186 2827 3276 2879 τοῦ
3298 2827 3453 2895 λόγου
3480 2829 3756 2894 ἀκούουσι,

2196 2916 2291 2967 καὶ
2336 2915 2766 2983 καθικνουμένης
2801 2914 2965 2967 αὑτοῦ
3010 2916 3110 2984 τῆς
3134 2917 3413 2987 δυνάμεως
3438 2917 3545 2970 τῶν
3567 2918 3754 2988 ψυχῶν

2194 3002 2371 3056 αὐτῶν
2400 3004 2668 3071 λέγοντος,
2681 3023 2698 3054 ε
2710 3003 2879 3074 Δεῦρο
2894 3004 3021 3070 ἔξω,
3034 3006 3366 3076 »ἐξέρχονται
3391 3007 3470 3061 ἔτι
3487 3007 3777 3083 [κηρίαιςΓ

524 3097 851 3167 grediuntur
890 3094 1096 3149 institis
1127 3095 1306 3148 adhuc
1345 3096 1701 3150 mortualium
1736 3099 2085 3153 vinculorum

2190 3098 2299 3150 τῶν
2343 3097 2549 3165 νεκρῶν
2579 3096 2790 3164 δεσμῶν
2814 3096 3106 3166 δεδεμένοι.
3153 3098 3405 3168 Ἐξῆλθεν
3431 3100 3567 3171 γὰρ,
3601 3102 3754 3170 φησὶ,

522 3189 751 3259 alligati.
785 3190 931 3243 Exiit
958 3191 1127 3254 enim,
1158 3190 1336 3259 inquit
1369 3190 1676 3260 Scriptura,
1707 3193 1797 3262 qui
1830 3202 2082 3250 mortuus

521 3280 720 3347 fuerat,
756 3281 935 3334 adhuc
982 3282 1289 3337 devinctus.
1336 3283 1538 3337 Deinde
1564 3294 1834 3353 pra-sonte
1858 3284 1989 3340 Jesu
2029 3295 2083 3341 et

520 3371 828 3439 discipulis,
864 3372 1418 3441 illisque’mandante,
1456 3375 1738 3428 resolvunt
1765 3376 2081 3431 mortuariis
2121 3393 2127 3399 ·

521 3463 751 3517 vinculis
807 3479 931 3518 eum
969 3464 1064 3533 qui
1121 3463 1263 3519 Filio
1309 3464 1403 3519 Dei
1464 3481 1669 3521 morem
1718 3475 1996 3537 gesserat,
2026 3474 2084 3523 et

517 3554 770 3623 sepulcro
811 3554 1105 3623 prodierat.
1142 3552 1190 3609 Is
1231 3564 1413 3609 autem
1449 3556 1725 3611 resolutus
1770 3558 1885 3611 abit
1920 3557 2078 3625 liber,

515 3653 569 3697 et
602 3657 727 3696 mox
760 3656 883 3695 cum
932 3642 1155 3697 Christo
1192 3643 1508 3698 discumbit.
1544 3643 1720 3714 Hujus
1770 3647 2078 3701 animarum

513 3733 724 3789 ordinis
757 3733 935 3805 imago
972 3734 1104 3790 mibi
1146 3733 1365 3791 videtur
1396 3734 1656 3803 Lazarus,
1688 3739 1779 3808 qui
1812 3749 1930 3793 erat
1978 3739 2081 3794 Be-

513 3820 700 3873 thania
756 3822 1067 3886 oriundus,
1122 3823 1178 3876 id
1237 3831 1321 3878 est
1371 3826 1695 3879 obcdientiae
1746 3826 1929 3880 domo.
1976 3827 2077 3881 Hic

512 3918 702 3977 postea
726 3913 1033 3980 aegrotavit,
1066 3913 1163 3981 qui
1197 3927 1365 3967 sanus
1399 3929 1525 3966 cum
1559 3922 1731 3977 esset,
1760 3930 1790 3969 a
1826 3914 1959 3970 Jesu
1995 3916 2079 3970 di-

511 4001 801 4069 ligebatur.
832 4001 986 4055 Haud
1016 4016 1148 4071 ergo
1177 4001 1556 4071 desperandus
1598 4021 1667 4059 ne
1705 4006 1797 4060 ille
1851 4008 2074 4076 quidem

510 4089 604 4157 qui
654 4088 709 4142 in
741 4100 986 4144 extrema
1035 4090 1388 4158 improbitate
1421 4101 1695 4147 versatur.
1737 4093 2070 4151 Praeclarum

508 4179 727 4244 quidem
750 4188 835 4235 est
860 4197 967 4236 non
997 4181 1296 4247 inﬁrmari;
1325 4182 1369 4235 si
1408 4183 1532 4251 quis
1561 4192 1742 4239 tamen
1774 4199 2073 4256 aegrotare-

505 4271 599 4333 rit,
627 4278 744 4325 oret
775 4286 841 4325 ne
880 4271 1169 4326 inﬁrmitas
1203 4271 1320 4339 ejus
1353 4274 1427 4326 sit
1456 4275 1519 4328 ad
1552 4283 1803 4340 mortem,
1843 4276 1937 4331 sed
1972 4294 2071 4347 pro

506 4362 682 4427 gloria
719 4360 832 4416 Dei.
861 4364 1016 4427 Quod
1062 4374 1314 4433 spectare
1360 4364 1483 4420 licet
1524 4366 1579 4419 in
1610 4368 1715 4421 isto
1760 4370 1855 4437 qui
1884 4368 2067 4425 Jesum

2188 3190 2216 3241 6
2250 3187 2527 3257 τεθνηκὼς
2555 3188 2856 3257 δεδεμένος.
2882 3183 3015 3241 Εἶτα
3048 3189 3313 3259 παρόντος
3339 3190 3430 3243 τοῦ
3468 3192 3640 3261 Ἰησοῦ
3663 3190 3756 3246 καὶ

2186 3279 2293 3332 τῶν
2320 3277 2577 3348 μαθητῶν
2596 3318 2611 3342 ,
2664 3280 2756 3331 καὶ
2783 3278 3136 3342 κελεύσαντος
3173 3280 3355 3343 αὐτοῖς
3373 3321 3388 3344 ,
3437 3281 3622 3334 λύουσι
3649 3280 3759 3333 τῶν

2185 3371 2279 3424 τοῦ
2309 3369 2500 3441 νεκροῦ
2544 3369 2756 3439 δεσμῶν
2786 3370 2876 3423 τὸν
2907 3371 3196 3424 πεισθέντα
3237 3371 3315 3441 τῷ
3351 3372 3466 3441 Υἱῷ
3497 3372 3591 3425 τοῦ
3619 3372 3757 3426 Θεοῦ

2186 3464 2280 3515 καὶ
2307 3461 2593 3529 γενόμενον
2637 3457 2740 3524 ἔξω
2769 3460 2860 3513 τοῦ
2915 3461 3199 3531 μνημείου.
3266 3464 3325 3515 '0
3349 3463 3404 3515 δὲ
3434 3463 3613 3526 λυθεὶς
3646 3464 3755 3517 ἀπ⁴

2184 3568 2321 3605 εισιν
2367 3550 2674 3621 ἐλεύθερος,
2715 3552 2809 3604 καὶ
2854 3552 2982 3621 ἑξῆς
3012 3552 3389 3607 συνανάκειται
3438 3554 3515 3625 τῷ
3557 3555 3751 3626 Ἰησοῦ.

2185 3642 2436 3694 Τοιούτου
2487 3641 2626 3705 τινὸς
2697 3641 2977 3712 τάγματος
3018 3641 3282 3711 σύμϐολον
3320 3638 3459 3697 εἷναί
3492 3663 3582 3715 μοι
3610 3646 3765 3699 δοκεῖ¹

2182 3733 2211 3785 6
2235 3733 2502 3803 Λάζαρος,
2529 3733 2676 3795 ὅστις
2708 3733 2805 3802 μὲν
2834 3729 2902 3803 ἦν
2934 3734 3042 3786 ἀπὸ
3071 3732 3361 3803 Βηθανίας,
3401 3735 3494 3788 τοῦ
3527 3736 3625 3805 τῆς
3650 3737 3754 3789 ὐπ-

2182 3824 2352 3892 ακοῆς
2403 3824 2569 3876 οῐκου.
2637 3822 2958 3894 Ἠσθένησεν
3008 3823 3265 3895 ὕστερον,
3317 3825 3492 3878 καίτοι
3548 3843 3611 3893 γε
3663 3826 3767 3879 ὅτε»

2185 3912 2421 3982 ύγίαινεν
2450 3913 2603 3982 φίλος
2645 3914 2719 3966 ὢν
2769 3914 2863 3967 τοῦ
2904 3914 3097 3984 Ἰησοῦ.
3155 3916 3230 3968 Οὐ
3254 3915 3333 3968 δεῖ
3359 3912 3449 3970 οῦν
3476 3917 3751 3986 ἀπογινώο

2182 4019 2333 4055 σκειν
2354 4005 2445 4057 καὶ
2468 4004 2555 4057 τὸν
2577 4006 2633 4057 ἐν
2663 4005 2864 4076 ἐσχάτῃ
2889 4005 3051 4075 κακίᾳ
3074 4000 3379 4075 γινόμενον.
3405 4009 3513 4061 Καὶ
3540 4010 3623 4063 δτι
3646 4025 3750 4065 κα-

2179 4094 2267 4148 λὸν
2291 4094 2389 4164 μὲν
2403 4094 2463 4146 τὸ
2489 4094 2562 4165 μὴ
2581 4092 2823 4147 ἀσθενεῖν
2844 4111 2857 4125 ·
2883 4095 2930 4146 εί
2948 4096 3004 4147 δέ
3027 4110 3111 4158 τις
3130 4097 3376 4162 ἀσθενεῖ,
3400 4098 3639 4167 εὐχέσθω
3661 4101 3752 4156 ἵνα

2182 4184 2255 4254 μὴ
2284 4185 2317 4252 ὴ
2350 4181 2601 4235 ἀσθένεια
2626 4181 2785 4235 αὑτοῦ
2806 4182 2939 4253 πρὸς
2965 4184 3193 4237 θάνατον
3214 4185 3456 4254 γένηται,
3472 4187 3587 4239 ἀλλ’
3610 4189 3756 4260 ὑπὲρ

2176 4272 2274 4341 τῆς
2303 4272 2461 4341 δόξης
2505 4269 2598 4323 τοῦ
2631 4271 2786 4326 Θεοῦ.
2832 4273 2959 4324 Ὅτε
3020 4273 3167 4325 ἐστιν
3210 4274 3336 4326 ἰδεῖν
3379 4277 3472 4329 τὸν
3525 4278 3747 4332 ἀκολου-

2178 4362 2370 4415 θοῦντα
2398 4362 2475 4432 τῷ
2514 4362 2719 4432 Ἰησοῦ,
2763 4362 2884 4415 τίνα
2910 4364 3110 4434 τρόπον
3137 4367 3165 4417 ὀ
3190 4366 3429 4430 τοιοῦτος
3466 4369 3743 4440 ἐξέρχεται

504 4459 792 4505 vocantem
822 4454 1094 4520 sequitur,
1122 4456 1397 4521 quomodo
1420 4471 1613 4524 nempe
1634 4458 1703 4510 ob
1726 4456 1853 4513 Jesu
1879 4474 2067 4514 vocem

2187 4456 2272 4507 λέν
2303 4454 2389 4507 διὰ
2414 4454 2515 4524 τὴν
2562 4453 2736 4521 Ἰησοῦ
2769 4454 2953 4523 φωνὴν
2981 4495 2996 4519 ,
3037 4455 3114 4508 ἐτι
3140 4457 3195 4509 δὲ
3223 4461 3428 4529 σειραῖς
3454 4461 3562 4512 τῶν
3599 4462 3743 4515 ἰδίων

504 4543 657 4606 exiit,
703 4542 884 4596 adhuc
928 4550 1112 4597 tamen
1164 4556 1511 4611 peccatorum
1568 4562 1790 4601 suorum
1833 4550 2068 4607 vinculis

504 4634 760 4704 alligatus
805 4644 859 4689 et
902 4637 1238 4691 constrictus
1272 4651 1286 4688 :
1318 4637 1389 4692 ob
1422 4639 1795 4707 paenitentiam
1843 4641 2065 4710 quidem

502 4732 557 4780 et
591 4725 961 4781 obedientiam
1015 4726 1147 4783 Jesu
1182 4732 1325 4791 voci,
1375 4731 1599 4796 vivens;
1630 4732 1725 4786 sed
1759 4733 1887 4801 quia
1927 4746 2068 4786 non-

501 4815 631 4870 dum
675 4827 1026 4886 peccatorum
1064 4820 1274 4889 laqueis
1307 4821 1544 4884 solutus,
1587 4822 1828 4875 nondum
1878 4822 2068 4877 liberis

503 4908 733 4977 pedibus
767 4911 1019 4967 incedere
1051 4913 1267 4978 valens;
1298 4912 1394 4967 sed
1424 4928 1600 4983 neque
1634 4914 1813 4968 solute
1846 4913 2073 4983 operari

500 5001 819 5070 praeclarum
851 5002 1056 5072 aliquid
1089 5004 1292 5069 valens,
1321 5012 1545 5075 propter
1572 5019 1766 5059 manus
1794 5005 2065 5075 pedesque

500 5089 819 5145 mortuariis
846 5090 1095 5160 ligaturis
1126 5072 1451 5162 impeditos;
1480 5099 1644 5161 atque
1674 5093 1744 5146 ob
1778 5072 1828 5146 id
1860 5072 2061 5147 faciem

499 5197 718 5251 quoque
764 5181 1073 5252 ignorantia
1120 5185 1353 5238 velatam
1406 5199 1622 5253 gerens.
1668 5182 2060 5237 Verumtamen

496 5267 626 5323 Jesu
658 5272 913 5326 mandato
940 5274 1153 5327 solutus
1192 5289 1256 5327 ac
1291 5273 1429 5326 liber
1462 5272 1709 5335 ell'ectus,
1733 5273 1841 5326 tale
1874 5273 2058 5342 ingre-

497 5358 644 5414 ditur
676 5360 798 5426 iter,
829 5377 1004 5432 eoque
1035 5364 1301 5433 pervenit,
1337 5371 1396 5416 ut
1434 5377 1575 5416 unus
1607 5361 1675 5416 de
1707 5360 2062 5419 discumben-

570 5511 616 5544 “
655 5510 674 5564 Ι
712 5512 834 5567 Cor.
869 5528 955 5577 xv,
991 5512 1083 5569 52.

2176 4544 2586 4614 ἁμαρτημάτων
2611 4544 2891 4614 δεδεμένος
2912 4545 3005 4598 καὶ
3023 4548 3348 4617 ἐσφιγμένος
3365 4592 3380 4615 ,
3407 4550 3495 4603 διὰ
3521 4553 3619 4621 μὲν
3644 4554 3743 4623 τὴν

2178 4638 2465 4706 μετάνοιαν
2491 4636 2586 4689 καὶ
2615 4635 2676 4687 τὸ
2708 4636 3008 4706 ἀκηκοέναι
3026 4638 3125 4707 τῆς
3161 4639 3334 4710 Ἰησοῦ
3366 4642 3567 4711 φωνῆς,
3590 4643 3699 4707 ζῶν
3718 4660 3735 4677 ⁸

2173 4724 2260 4778 διὰ
2291 4725 2346 4778 δέ
2377 4726 2438 4778 τὸ
2469 4726 2541 4796 μὴ
2571 4725 2929 4781 ἀπολελύσθαι
2959 4728 3066 4780 τῶν
3080 4730 3177 4799 τῆς
3203 4731 3473 4801 ἁμαρτίας
3502 4734 3735 4804 δεσμῶν,

2178 4815 2310 4886 μηδέ
2339 4815 2439 4885 ἤδη
2458 4815 2716 4868 δύνασθαι
2742 4815 3045 4888 ἐλευθέροις
3071 4819 3369 4873 ἐπιϐαίνειν
3398 4824 3574 4885 ποσὶν,
3603 4824 3736 4878 ἀλλὰ

2176 4909 2309 4979 μηδέ
2343 4910 2585 4979 ἐνεργεῖν
2615 4908 3028 4978 ἀπολελυμένως
3056 4911 3123 4963 τὰ
3149 4911 3487 4983 διαφέροντα,
3524 4915 3733 4985 δεδεμέ-

2170 5017 2257 5062 νος
2304 5000 2399 5063 τάς
2427 5001 2615 5070 χεῖρας
2657 5000 2751 5053 καὶ
2795 5002 2919 5065 τοὺς
2953 5002 3116 5066 πόδας
3156 5005 3369 5075 δεσμοῖς
3396 5009 3604 5078 νεκρῶν
3634 5027 3729 5082 κη-

2172 5090 2343 5159 ρίαις·
2379 5091 2471 5143 καὶ
2499 5091 2586 5144 διὰ
2621 5091 2821 5156 ταύτας
2861 5093 2958 5162 τὴν
2983 5093 3101 5162 ᾰψιν
3133 5098 3197 5165 τῇ
3236 5097 3425 5168 ἀγνοίᾳ
3455 5099 3726 5172 κεκαλυμη

2170 5181 2347 5251 μένος.
2397 5179 2494 5233 Διά
2538 5180 2597 5233 δὲ
2630 5181 2726 5251 τὴν
2774 5182 3065 5250 πρόσταξιν
3100 5184 3193 5236 τοῦ
3235 5186 3408 5254 Ἰησοῦ
3437 5187 3614 5251 λυθεὶς
3634 5189 3723 5242 καὶ

2167 5272 2409 5340 ἀφεθεὶς,
2442 5270 2729 5341 πορεύεται
2763 5274 3016 5342 τοιαύτην
3063 5275 3326 5344 πορείαν,
3364 5276 3504 5329 ὥστε
3527 5278 3723 5344 φθάσαι

2170 5361 2330 5418 αὐτὸν
2366 5364 2457 5415 ἐπὶ
2498 5361 2576 5432 τῷ
2620 5363 2718 5417 ἕνα
2749 5364 2843 5417 καὶ
2886 5365 3047 5418 αὐτὸν
3082 5367 3331 5434 γενέσθαι
3359 5368 3466 5422 τῶν
3498 5386 3733 5427 συναναο

565 5686 645 5759 (ι)
679 5695 838 5750 Οὕτω
869 5694 942 5758 δή
973 5708 1130 5757 τινες
1169 5731 1180 5745 .
1214 5728 1224 5743 .
1260 5731 1271 5744 .
1308 5733 1319 5746 .
1347 5693 1415 5747 ἑν
1447 5693 1569 5761 τοῖς
1601 5693 1929 5765 μνήμασιν.
1982 5694 2061 5752 Ex

2188 5710 2289 5755 ena
2313 5696 2569 5754 Vaticana
2600 5712 2687 5769 ap.
2711 5698 2812 5755 Mai
2846 5701 2976 5757 ibid.
