4010 6320
229 343 307 397 63

998 323 1003 327 1
1095 336 1160 391 IN
1188 337 1530 394 JOANNEM.
1559 370 1627 380 —
1648 337 1787 392 LIB.
1812 335 1914 390 ’νη
1958 336 2047 392 ΕΤ
2080 336 2682 393 'VIII'FRAGMENTA.

3421 340 3492 398 66

228 457 502 529 κειμένων
538 453 687 525 αὐτῷ
725 453 920 525 Ἰησοῦ.
975 453 1097 519 Τίσι
1126 455 1182 508 δὲ
1214 455 1362 510 λύειν
1400 457 1563 510 αὐτὸν
1591 455 1797 524 ἐπέτρει

1922 454 2069 510 tibus
2097 469 2221 508 cum
2254 454 2381 511 Jesu
2418 454 2534 509 fieri
2569 457 2763 525 possit.
2796 452 2917 511 1am
2960 457 3289 527 quibusnam
3312 459 3489 516 Laza-

225 551 362 619 ψεν,
386 548 446 600 οὐ
476 547 814 615 γέγραπται·
851 545 884 617 ἢ
911 548 1025 609 τοῖς
1059 547 1354 617 μαθηταῖς,
1383 548 1415 619 ἢ
1450 551 1562 612 τοῖς
1593 562 1818 600 συνακο-

224 641 557 711 λουθῆσασιν
590 637 864 701 Ἰουδαίοις
885 678 899 699 ,
933 637 965 709 ἢ
994 639 1090 692 καὶ
1113 637 1369 707 ἀγγέλοις
1403 639 1533 699 ἴσως
1559 639 1670 700 τοῖς
1696 636 1816 689 διας

227 734 577 803 κονουμένοις
606 730 756 800 αὐτῷ
777 730 911 801 πρὸς
934 731 1030 799 τὴν
1054 730 1165 785 τῶν
1184 730 1487 802 ἀνθρώπων
1515 729 1812 800 σωτηρίαν.

229 825 344 877 Καὶ
376 822 487 875 ἐστι
535 837 600 889 γε
635 819 866 873 συνιδεῖν
893 819 1350 888 ἀποθνησκόντων
1374 818 1641 892 διαφορὰν
1661 856 1674 881 ,
1700 818 1816 871 ’τῶν

230 915 334 986 μὲν
364 912 485 984 μηδ’
517 912 653 973 ὅλως
688 909 943 974 ἐξιόντων
968 908 1062 962 τοῦ
1093 908 1264 974 οἴκου,
1298 909 1372 973 ὡς
1401 909 1493 962 ἐπὶ
1524 900 1622 977 τῆς
1654 907 1814 961 Ἰαεί-

227 1023 325 1077 ρου
374 1003 644 1075 θυγατρὸς
666 1042 678 1064 ,
715 1002 823 1056 τῶν
865 1003 922 1055 δὲ
948 1002 1049 1073 ἥδη
1081 1002 1351 1057 ἀπιόντων
1388 1003 1481 1056 ἐπὶ
1517 1002 1576 1054 τὸ
1605 1002 1811 1072 μνῆμα,

222 1097 302 1161 ῶς
355 1096 450 1150 ἐπὶ
502 1094 596 1149 τοῦ
642 1094 759 1148 υἰοῦ
801 1096 899 1164 τῆς
928 1096 1140 1165 χήρας*
1207 1095 1318 1147 τῶν
1376 1095 1433 1148 δὲ
1486 1094 1579 1147 καί
1628 1093 1814 1146 τεθέν-

219 1205 334 1242 των
382 1189 439 1240 ἐν
473 1187 549 1257 τῷ
592 1186 845 1258 μνημείῳ
885 1187 978 1239 καὶ
1007 1187 1107 1256 ἤδη
1133 1185 1468 1255 σεσηπότων.
1522 1182 1731 1236 Ἀθλιοι
1756 1182 1813 1235 δέ

220 1280 380 1353 παρὰ
427 1280 638 1344 τούτοις
680 1280 730 1332 οἰ
772 1280 865 1331 ἐπὶ
909 1279 1091 1331 πλεῖον
1137 1277 1566 1350 ἐμϐραδύνοντες
1615 1278 1672 1328 ἐν
1701 1277 1812 1340 τοῖς

223 1375 529 1443 μνήμασιν.

306 1465 367 1519 Ἠ
388 1466 530 1533 ὄψις
559 1464 745 1519 αὐτοῦ
783 1462 1082 1533 σουδαρίῳ
1105 1463 1492 1533 περιεδέδετο.

297 1558 563 1621 Πεσόντες
584 1560 687 1621 σείς
729 1558 1025 1628 ἁμαρτίαν,
1055 1556 1306 1627 καθάπερ
1340 1574 1393 1608 τι
1426 1555 1688 1627 κάλυμμα
1711 1555 1809 1628 τὴν

219 1648 480 1702 ἐντεῦθεν
523 1649 786 1719 αἰσχύνην
829 1649 906 1717 τῷ
950 1648 1046 1716 τῆς
1073 1646 1248 1716 ψυχῆς
1286 1645 1563 1717 προσώπῳ
1597 1662 1810 1716 περιτε-

220 1739 523 1810 θείκαμεν,
594 1741 826 1802 καὶτοῖς
872 1737 966 1791 τοῦ
1003 1737 1235 1802 θανάτου
1291 1736 1808 1806 κατεδεσμεύθημεν

1920 561 2042 600 rum
2086 549 2302 601 solvere
2349 549 2723 617 imperaverit,
2771 564 2877 602 I:0u
2910 559 2993 603 est
3032 551 3320 621 scriptum,
3362 569 3490 607 num

1921 636 2178 691 videlicet
2211 638 2523 707 discipulis,
2560 654 2627 691 an
2679 640 3036 708 scqucntibus
3066 655 3124 694 sc
3162 639 3385 708 Iudaeis,
3423 658 3491 697 an

1918 726 2081 780 etiam
2134 726 2372 783 fortasse
2423 729 2652 797 angelis,
2689 730 2786 798 qui
2831 730 3218 785 ministrabant
3277 732 3380 801 ipsi
3436 733 3489 786 in

1916 822 2267 890 procuranda
2311 823 2599 875 hominum
2649 823 2846 876 salute.
2878 821 3120 893 Denique
3151 823 3490 879 observanda

1916 920 2003 968 est
2042 921 2389 967 mortuorum
2441 913 2780 979 differentia;
2824 928 3062 983 namque
3111 916 3202 969 alii
3246 917 3489 971 nondum

1915 1003 2080 1060 domo
2132 1006 2264 1060 elati
2334 1004 2573 1068 fuerant,
2631 1014 2691 1059 ut
2754 1005 2888 1060 Jairi
2949 1006 3057 1061 ﬁlia
3092 1025 3104 1060 :
3138 1008 3228 1062 alii
3283 1010 3349 1063 ad
3402 1026 3492 1065 sc-

1916 1097 2167 1167 pulcrum
2195 1099 2309 1167 jam
2344 1099 2726 1167 portabantur,
2757 1107 2813 1151 ut
2846 1097 2991 1154 filius
3024 1100 3200 1155 viduae
3231 1119 3243 1153 :
3276 1102 3369 1155 alii
3398 1101 3492 1156 de-

1914 1185 2081 1255 nique
2117 1187 2231 1256 jam
2268 1187 2320 1240 in
2365 1197 2725 1243 monumento
2760 1189 3036 1259 iacebant,
3074 1201 3127 1245 et
3157 1192 3373 1260 quidem
3409 1201 3491 1247 ta-

1914 1272 2218 1331 bescentes.
2246 1273 2350 1329 Sed
2385 1276 2720 1335 infcliciores
2767 1283 2978 1337 caneris
3010 1294 3163 1347 ειιιιι,
3192 1286 3284 1353 qui
3318 1285 3409 1341 diu
3434 1286 3490 1341 in

1912 1365 2185 1433 sepulcris
2214 1367 2577 1422 domorantur
2606 1369 2704 1440 (2).

1983 1456 2076 1521 XI,
2121 1458 2210 1512 II.
2249 1457 2440 1514 Facies
2470 1461 2581 1529 ejus
2606 1462 2822 1517 sudario
2853 1474 2966 1516 erat
2996 1466 3179 1536 ligata.

1982 1549 2039 1603 In
2086 1561 2372 1620 peccatum
2422 1553 2580 1621 lapsi,
2615 1552 2857 1611 dedecus
2932 1558 3060 1612 inde
3110 1567 3486 1627 contractum,

1908 1642 2079 1697 veluti
2114 1644 2390 1713 quoddam
2418 1646 2687 1709 velamen,
2726 1649 2924 1703 anima:
2960 1659 3161 1706 nostra:
3195 1652 3351 1708 faciei
3380 1655 3489 1709 cir-

1912 1735 2354 1805 cumposuimus,
2400 1743 2454 1788 et
2504 1738 2697 1791 mortis
2757 1738 2971 1807 laqueis
3024 1740 3221 1796 irretiti
3274 1760 3484 1803 sumus.

220 1832 460 1903 βρόχοις.
516 1833 685 1885 ”Οταν
714 1827 806 1883 οὖν
851 1832 1001 1901 ἡμᾶς
1059 1829 1198 1881 κατὰ
1226 1828 1314 1881 τὸν
1342 1831 1439 1897 τῆς
1470 1828 1797 1881 ἀναστάσεως

1918 1824 2052 1879 Cum
2092 1824 2261 1896 igitur
2297 1842 2396 1881 nos
2432 1827 2581 1881 circa
2617 1836 2835 1898 tempus
2868 1834 3294 1889 resurrectionis
3319 1851 3486 1891 emu-

219 1925 413 1995 καιρὸν
453 1924 560 1977 τῶν
600 1925 707 1978 ἀπὶ
749 1924 851 1994 γῆς
901 1922 1202 1993 μνημάτων
1246 1921 1441 1988 ἐξοίσει
1490 1923 1517 1974 ὁ
1547 1921 1800 1992 Χριστὸς,

215 2013 342 2067 τότε
367 2014 453 2085 δὴ,
478 2013 622 2077 τότε,
652 2012 758 2065 τῶν
786 2015 844 2066 ἐν
877 2014 1018 2084 ἀρχῇ
1048 2010 1327 2073 ἀπολύσας
1362 2009 1566 2076 κακῶν,
1598 2012 1692 2062 καί
1712 2026 1805 2062 πε-

221 2104 454 2175 ριαιρῶν
468 2104 670 2175 τρόπον
689 2103 810 2157 τινὰ
829 2103 929 2174 τῆς
951 2102 1210 2174 αἰσχύνης
1231 2103 1289 2155 τὸ
1315 2101 1596 2172 κάλυμμα,
1617 2101 1802 2156 λοιπὸν

216 2193 518 2266 ἐλευθέρως
544 2193 788 2248 ἀνεῖσθαι
816 2193 1026 2247 κελεύει
1047 2234 1063 2258 ,
1103 2195 1201 2263 οὐχ
1232 2193 1473 2264 ἁμαρτία
1507 2208 1802 2263 τυραννου-

220 2285 447 2355 μένους,
487 2287 586 2357 ούχ
630 2285 1027 2356 ῦποκειμένους
1054 2288 1122 2357 τῇ
1158 2285 1367 2355 φθορᾷ,
1395 2284 1427 2354 ἢ
1458 2283 1662 2354 ἑτέροις
1691 2281 1802 2335 τισὶ

216 2376 435 2431 εἰωθόσι
477 2376 712 2440 κακοῦν,
762 2376 837 2441 ὦς
866 2376 1202 2448 πληροῦσθαι
1245 2377 1302 2429 ἐν
1335 2378 1469 2447 ἡμῖν
1499 2374 1558 2428 τὸ
1584 2374 1651 2427 δι’
1682 2373 1801 2438 ἐνὸς

215 2469 325 2521 τῶν
350 2470 524 2537 ἀγίων
546 2468 839 2539 προφητῶν
871 2468 1160 2540 εἰρημένον
1181 2485 1193 2498 ·
1218 2487 1236 2520 ι
1273 2464 1672 2533 Ἐξελεύσεσθε,
1706 2466 1801 2519 καὶ

216 2563 541 2632 σκιρτήσετε
561 2562 636 2625 ὡς
664 2563 934 2634 μοσχάρια
962 2562 1026 2614 ἐκ
1050 2559 1263 2631 δεσμῶν
1285 2560 1568 2631 ἀνειμένα.
1595 2580 1614 2613 ι

285 2652 530 2705 Λύσατε
563 2651 752 2705 αὑτὸν
779 2652 875 2705 καί
917 2651 1097 2720 ἄφετε
1134 2650 1408 2721 ὑπάγειν.

283 2737 588 2809 Χρησίμως
614 2735 709 2792 οὖν
749 2739 836 2792 διὰ
865 2738 1064 2811 χειρῶν
1102 2739 1317 2793 οἰκείων
1365 2739 1662 2810 ἐπέτρεψεν
1703 2742 1801 2796 αὐε-

208 2830 332 2891 soi;
360 2829 518 2884 λῦσαι
548 2831 712 2884 αὐτὸν
732 2870 747 2895 ,
792 2832 879 2886 ἵνα
920 2833 1192 2904 μηδεμίαν
1225 2831 1399 2902 ἔχοιεν
1438 2835 1801 2903 συκοφαντίας

211 2921 501 2992 ἀφορμὴν,
550 2922 684 2976 ἀλλά
739 2924 1014 2995 μάρτυρες
1054 2918 1156 2977 ῶσι
1196 2923 1290 2985 τοῦ
1338 2923 1635 2994 θαύματος.
1690 2926 1800 2980 Καὶ

206 3012 375 3066 ’τοῦτο
403 3014 458 3066 δὲ
496 3014 607 3084 ἔχει
629 3014 827 3085 δεῖγμα
861 3017 960 3086 τῆς
991 3016 1285 3085 καθολικῆς
1317 3016 1685 3081 ἀναστάσεως,
1710 3018 1798 3071 ὅτε

208 3102 485 3172 λυομένης
507 3104 604 3173 τῆς
639 3106 917 3177 ἁμαρτίας
945 3108 1038 3159 καὶ
1062 3106 1159 3177 τῆς
1187 3104 1280 3158 τοῦ
1311 3104 1543 3159 θανάτου
1572 3106 1795 3178 φθορᾶς,

1910 1916 2193 1971 numentis
2226 1917 2479 1973 extrahet
2508 1917 2953 1987 Christus,_tunc
2982 1932 3130 1977 certe
3162 1933 3485 1997 rcpurgatos

1910 2023 2012 2064 nos
2052 2009 2120 2064 ab
2158 2013 2391 2082 antiqua
2444 2013 2587 2078 labe,
2623 2012 2879 2069 detracto
2918 2017 3229 2073 velamento
3283 2021 3484 2075 liberos

1906 2099 1991 2155 ire
2026 2101 2267 2170 jubebit,
2301 2119 2409 2158 non
2440 2105 2714 2159 obnoxios
2749 2108 2961 2175 peccati
2999 2110 3276 2178 tyrannidi
3309 2128 3485 2181 neque

1909 2196 2276 2264 corruptioni,
2305 2196 2537 2267 aliisque
2572 2197 2730 2252 malis
2772 2197 3055 2252 interitum
3102 2199 3479 2261 aﬂcrcntibtts.

1906 2283 1985 2338 ita
2020 2294 2078 2340 ut
2108 2286 2163 2340 in
2195 2287 2355 2342 nobis
2378 2288 2682 2356 impleatur
2729 2289 2876 2358 quod
2916 2289 2985 2344 ab
3015 2305 3124 2345 uno
3164 2301 3479 2346 sanctorum

1907 2378 2299 2447 prophetarum
2354 2380 2562 2435 dictum
2623 2390 2703 2437 est
2745 2402 2757 2436 :
2800 2400 2819 2433 ι
2862 2382 3249 2453 Egrediemini,
3284 2396 3338 2440 et
3389 2401 3481 2443 sa-

1908 2469 2056 2525 Iiétis
2104 2471 2249 2528 sicut
2274 2474 2432 2544 parvi
2474 2474 2629 2528 vituli
2658 2475 2904 2531 vinculis
2939 2477 3170 2531 exsoluti
3197 2479 3259 2530 δ’.
3299 2497 3317 2530 ›

1978 2642 2069 2707 XI,
2108 2645 2197 2697 44.
2229 2643 2427 2698 Solvite
2457 2661 2572 2699 cunt
2597 2654 2645 2698 et
2672 2647 2829 2699 sinite
2858 2646 3021 2701 abire.

1981 2732 2200 2789 Utiliter
2246 2736 2420 2805 igitur
2474 2737 2593 2790 suis
2632 2751 2726 2790 eos
2771 2739 3028 2792 manibus
3069 2739 3283 2793 solvere
3326 2739 3478 2795 illum

1909 2824 2188 2894 permisit,
2217 2841 2286 2878 ne
2324 2825 2492 2878 ullam
2527 2825 2792 2879 haberent
2823 2827 3112 2881 calumnia:
3147 2844 3356 2893 ansam,
3384 2830 3479 2884 sed

1908 2914 2165 2969 miraculi
2204 2921 2374 2969 testes
2430 2914 2634 2969 forent.
2670 2915 2841 2985 quue
2887 2916 3342 2985 significationem
3380 2918 3480 2972 ha-

1906 3006 1999 3061 bet
2032 3006 2363 3061 universalis
2397 3007 2852 3070 resurrectionis,
2885 3006 3106 3076 quando
3143 3008 3324 3062 soluto
3356 3023 3480 3077 pec-

1906 3106 2031 3149 cato
2091 3101 2147 3150 et
2212 3096 2409 3149 mortis
2464 3096 2852 3179 corruptione,
2899 3100 3279 3166 unusquisque
3342 3100 3479 3155 liber

210 3168 502 3265 ἐλεύθερος
540 3168 772 3264 ἀφίεται.
803 3168 1056 3259 ἕκαστος.
1116 3168 1413 3261 ’Πεσόντες
1442 3197 1552 3268 γὰρ

1905 3187 2215 3241 dimittitur.
2266 3186 2403 3241 Cum
2469 3171 2616 3242 enim
2685 3190 2740 3241 in
2802 3197 3089 3259 peccatum
3141 3190 3477 3256 incidimus,

212 3287 510 3357 ἁμαρτίαν,
547 3288 800 3361 καθάπερ
826 3307 879 3342 τι
909 3290 1174 3358 κάλυμμα
1207 3289 1309 3359 τὴν
1332 3289 1580 3343 ἐντεῦθεν
1607 3290 1800 3362 αἰσχύ-

208 3393 312 3447 νην
352 3377 432 3448 τῷ
475 3379 575 3448 τῆς
617 3378 795 3451 ψυχῆς
850 3378 1128 3450 προσώπῳ
1173 3380 1663 3452 περιτεθείκαμεν,
1704 3383 1798 3436 καὶ

208 3470 323 3531 τοῖς
356 3468 453 3522 τοῦ
488 3469 722 3524 θανάτου
769 3470 1292 3543 καταδεσμεύθημεν
1340 3471 1576 3544 βρόχοις.
1630 3473 1798 3528 Ὅταν

209 3552 306 3610 οὖν
336 3560 487 3628 ἡμᾶς
525 3559 666 3613 κατά
695 3560 784 3613 τὸν
815 3561 916 3631 τῆς
945 3562 1295 3626 ἀναστάσεως
1328 3561 1519 3632 καιρὸν
1553 3561 1661 3616 τῶν
1690 3564 1798 3618 ἀπὸ

209 3651 318 3722 γῆς
348 3653 647 3723 μνημάτων
666 3652 850 3725 ἐξοίσῃ
876 3654 1133 3725 Χριστὸς,
1151 3655 1270 3707 τότε
1302 3655 1397 3707 καὶ
1422 3654 1531 3708 τῶν
1554 3656 1797 3727 ἀρχαίων

209 3736 492 3803 ἀπολύσας
546 3739 759 3805 κακῶν,
819 3742 915 3794 καί
964 3740 1231 3812 περιελὼν
1284 3743 1486 3813 τρόπον
1532 3745 1654 3797 τινὰ
1698 3746 1799 3817 τῆς

209 3831 477 3901 αἰσχύνης
528 3833 589 3886 τὸ
628 3834 925 3905 κάλυμμα,
975 3834 1158 3889 λοιπὸν
1213 3836 1515 3907 ἐλευθέρως
1554 3837 1797 3892 ἀνεῖσθαι

211 3922 485 3987 κελεύσει,
507 3925 606 3994 οὐχ
635 3926 1029 3996 ὑποκειμένους
1053 3930 1119 3998 τῇ
1141 3928 1315 4000 φθορᾷ
1333 3929 1426 3981 καὶ
1448 3931 1557 3994 τοῖς
1582 3930 1797 3984 εἰωθόσι

209 4019 402 4077 κακοῖς
437 4033 449 4044 ⁸
490 4017 565 4080 ὡς
610 4018 947 4090 πληροῦσθαι
994 4022 1051 4072 ἐν
1100 4023 1231 4091 ἡμῖν
1285 4020 1347 4073 τὸ
1398 4021 1465 4075 δι’
1517 4023 1636 4097 ἐνὸς
1685 4022 1796 4077 τῶν

208 4107 510 4178 προφητῶν
532 4109 822 4178 εἰρημένον
843 4126 857 4140 ·
892 4130 911 4161 ι
931 4110 1335 4176 Ἐξελεύσεσθε,
1357 4114 1452 4166 καὶ
1473 4116 1796 4185 σκιρτήσετε

213 4198 290 4260 ὡς
323 4201 593 4268 μοσχάρια
622 4201 685 4254 ἐκ
711 4201 925 4272 δεσμῶν
950 4201 1228 4270 ἀνειμένα.
1264 4221 1282 4253 ι
1314 4202 1573 4271 Λάμσανε
1602 4205 1658 4258 δέ
1690 4221 1779 4274 μοι

210 4288 276 4340 τὸ
301 4288 488 4356 θαῦμα
513 4291 606 4344 καὶ
630 4292 722 4344 ἐπὶ
745 4293 815 4345 τὰ
839 4293 1012 4355 ἐντός.
1040 4293 1103 4345 Εἰ
1131 4292 1237 4362 γὰρ
1262 4295 1290 4345 ὁ
1315 4293 1438 4357 νοῦς
1463 4296 1618 4365 ἡμῶν
1642 4296 1780 4347 ἀπο-

213 4379 367 4433 θάνοι
392 4381 467 4443 ὡς
490 4381 757 4452 Λάζαρος,
781 4383 861 4436 δεῖ
887 4383 1023 4452 μετά
1043 4383 1506 4454 ἐξομολογήσεως,
1529 4385 1604 4447 ὡς
1627 4384 1781 4455 Μάρ-

207 4467 308 4518 θαν
337 4467 432 4519 καὶ
461 4467 698 4538 Μαρίαν,
741 4471 839 4542 τὴν
870 4472 1059 4543 ύλικὴν
1108 4474 1287 4544 σάρκα
1323 4476 1417 4527 καὶ
1457 4477 1555 4547 τὴν
1590 4493 1786 4547 σεμνο-

206 4558 373 4629 τέραν
403 4560 582 4632 ψυχὴν
624 4563 939 4633 προσελθεῖν
976 4564 1053 4635 τῷ
1084 4566 1306 4637 Χριστῷ
1345 4567 1439 4620 καὶ
1468 4569 1783 4639 παρακαλέ-

208 4667 332 4703 σαιο
382 4653 476 4705 καὶ
529 4653 589 4716 ὃς
636 4654 892 4720 ἐπιστὰς,
941 4656 1041 4727 τὴν
1090 4659 1440 4729 ἐπικειμένην
1484 4662 1549 4731 τῇ
1594 4662 1781 4733 μνήμῃ

206 4742 440 4813 ἀρθῆναι
493 4743 738 4797 κελεύσει
778 4745 1074 4817 πώρωσιν,
1127 4748 1221 4803 καλ⁸
1265 4751 1506 4819 φωνήσει
1571 4751 1785 4825 μεγάλῃ

207 4836 356 4903 φωνῇ
390 4833 494 4904 τῆς
534 4835 895 4908 εὐαγγελικῆς
932 4838 1231 4907 σάλπιγγος
1257 4857 1270 4870 ·
1307 4839 1478 4910 Δεῦρο
1521 4840 1625 4906 ἔξω
1675 4843 1783 4896 τῶν

204 4925 298 4977 τοῦ
335 4927 542 4997 κόσμου
563 4928 960 4999 περισπασμῶν
982 4946 995 4958 ·
1027 4930 1121 4982 καὶ
1148 4930 1249 4994 τὰς
1282 4930 1467 4999 σειρὰς
1493 4931 1644 4985 λύσει
1674 4934 1783 4987 τῶν

207 5018 514 5086 ἁμαρτιῶν,
544 5018 686 5073 ὥστε
720 5019 978 5074 δύνασθαι
1016 5019 1284 5075 κινεῖσθαι
1323 5022 1608 5092 ἀραρότως
1646 5022 1782 5095 πρὸς

208 5109 435 5185 ἀρετήν..

276 5203 500 5257 Πολλοὶ
537 5198 651 5259 οὖν
688 5205 758 5259 ἐκ
784 5205 904 5260 τῶν
943 5205 1246 5262 Ἰουδαίων
1264 5205 1638 5262 ἐπίστευσαν
1687 5209 1775 5274 εἰς

206 5293 407 5349 αὐτόν.

275 5382 360 5448 Τῷ
392 5385 684 5458 παραδόξῳ
723 5386 1035 5459 νικηθέντες
1086 5388 1270 5443 πολλοὶ
1319 5388 1770 5443 πεπιστεύκασιν*

271 5495 314 5530 ⁸⁸
352 5498 586 5555 Malach.
631 5516 704 5567 Iv,
736 5501 793 5556 2.

271 5613 287 5665 I'
297 5613 343 5679 1)
370 5614 468 5670 Ed.
509 5634 524 5670 :
565 5632 691 5669 πεσ.
721 5631 775 5683 γ.
799 5615 879 5677 εἰς
909 5614 1008 5683 ἀμ.
1030 5615 1153 5684 τοῖς
1177 5596 1272 5667 τοῦ
1304 5612 1532 5668 θανάτου
1561 5614 1783 5684 δεσμοῖς

208 5685 733 5756 κατεδεσμεύθημενο
759 5683 1078 5756 λάμδανεδέ
1101 5701 1190 5753 μοι
1211 5684 1274 5756 to
1289 5683 1762 5756 θαῦμα,καί,ᾼειᾳ.

1901 3281 2256 3353 ignominiam
2298 3282 2429 3338 inde
2468 3292 2804 3353 manantem,
2838 3300 2936 3340 ceu
2991 3285 3262 3355 quoddam
3295 3286 3476 3339 velum

1900 3375 2099 3429 animae
2126 3384 2330 3430 nostrae
2361 3374 2521 3431 faciei
2551 3377 2900 3442 obducimus,
2926 3385 2981 3432 et
3012 3379 3206 3433 mortis
3240 3362 3477 3433 vinculis

1901 3466 2209 3536 alligamur.
2244 3466 2379 3522 Cum
2417 3475 2600 3523 autem
2639 3484 2740 3524 nos
2773 3471 3202 3527 resurrectionis
3230 3478 3478 3541 tempore

1899 3571 1930 3611 e
1959 3567 2121 3612 terra;
2155 3560 2529 3614 monumentis
2553 3560 2752 3616 educet
2771 3561 3049 3627 Christus,
3071 3573 3201 3618 tunc
3230 3563 3475 3632 antiquis

1900 3650 2199 3719 expediens
2229 3650 2412 3714 malis,
2430 3649 2842 3721 detrahensque
2875 3652 3282 3721 quodammodo
3317 3655 3473 3724 igno-

1899 3741 2082 3795 minia:
2110 3741 2316 3803 velum,
2336 3743 2595 3812 posthinc
2623 3744 2830 3800 liberos
2861 3746 3013 3799 abire
3041 3744 3272 3812 jubebit,
3294 3761 3472 3815 neque

1898 3831 2109 3901 peccati
2145 3831 2381 3886 ulterius
2434 3832 2727 3901 tyrannide
2768 3846 3014 3902 pressos,
3053 3846 3231 3901 neque
3277 3846 3472 3885 corru-

1898 3924 2071 3995 ptioni
2113 3923 2368 3980 subditos
2416 3933 2511 3978 aut
2544 3926 2828 3979 consuetis
2866 3925 3027 3979 malis
3060 3941 3074 3977 :
3109 3931 3170 3978 ut
3221 3922 3472 3993 perficia-

1899 4026 1989 4072 tur
2025 4019 2081 4072 in
2130 4018 2288 4073 nobis
2336 4017 2546 4072 dictum
2587 4018 2716 4072 olim
2776 4019 2844 4073 ab
2889 4034 3000 4073 uno
3051 4032 3080 4071 e
3137 4017 3467 4087 prophetis:

1904 4125 1922 4157 ι
1961 4106 2348 4178 Egrediemini,
2376 4115 2431 4162 et
2468 4116 2728 4176 tanquam
2758 4109 2919 4163 vituli
2963 4109 3178 4164 salictis
3233 4108 3470 4165 vinculis

1898 4198 2152 4251 resoluti.
2208 4216 2227 4248 ›
2294 4198 2666 4253 Accommoda
2736 4201 2869 4254 mihi
2919 4201 3083 4254 etiam
3143 4202 3468 4256 miraculum

1897 4289 1964 4342 ad
1991 4289 2150 4359 691
2196 4289 2486 4344 interiora.
2523 4290 2582 4345 Si
2611 4293 2760 4346 enim
2797 4307 2950 4346 mens
2980 4304 3165 4347 nostra
3207 4303 3467 4362 tanquam

1896 4379 2140 4435 Lazarus
2198 4389 2414 4436 mortua
2482 4383 2582 4448 sit,
2648 4391 2869 4452 Oportet
2931 4400 3058 4438 cum
3119 4384 3470 4441 confessione

1896 4476 2093 4529 molem
2151 4476 2342 4530 carnis
2374 4476 2741 4539 materialem,
2771 4485 2827 4531 et
2860 4476 3318 4532 venerabiliorem
3349 4477 3469 4531 ani-

1880 4580 2057 4624 mam.
2097 4573 2361 4634 tanquam
2403 4564 2671 4619 Martham
2709 4576 2763 4622 et
2796 4567 3055 4633 Mariam,
3102 4567 3364 4623 accedere
3398 4567 3467 4621 ad

1889 4655 2170 4711 Christum
2214 4663 2267 4710 et
2316 4655 2606 4726 deprecari
2643 4680 2655 4712 :
2691 4667 2745 4712 et
2790 4658 2883 4713 ille
2913 4666 3105 4713 astans
3152 4658 3464 4729 impositam

1890 4750 2173 4806 memoria:
2211 4748 2329 4802 tolli
2361 4749 2580 4818 jubebit
2607 4746 2866 4803 duritiem
2900 4765 2964 4804 ac
2997 4750 3223 4814 callum,
3254 4757 3308 4802 et
3348 4749 3465 4801 cla-

1890 4840 2063 4894 mabit
2109 4853 2305 4909 magna
2345 4840 2675 4911 evangelicae
2713 4840 3024 4895 tubaavoce
3064 4861 3077 4895 :
3123 4839 3240 4893 Huc
3283 4840 3464 4895 venite

1889 4938 2043 4987 extra
2089 4931 2281 4985 mundi
2318 4931 2710 4988 distractioncs
2746 4950 2759 4986 :
2795 4942 2851 4987 et
2877 4932 3054 4988 solvet
3108 4938 3460 5000 peccatorum

1888 5034 2136 5090 catenas,
2178 5024 2252 5077 ita
2287 5030 2349 5078 ut
2388 5024 2665 5097 possimus
2710 5024 2918 5079 moveri
2967 5021 3355 5078 convenienter
3389 5021 3461 5076 ad

1824 5124 1827 5129 '
1886 5116 2167 5171 virtutem.

1956 5204 2057 5270 XI,
2116 5205 2203 5260 I5.
2265 5203 2430 5259 Multi
2472 5221 2593 5276 ergo
2639 5220 2705 5259 ex
2763 5203 2967 5260 Judwis
3018 5202 3351 5259 crediderunt
3402 5202 3457 5257 in

1888 5313 2029 5351 eum.

1957 5388 2105 5442 Multi
2156 5388 2237 5443 rei
2292 5387 2537 5441 novitate
2583 5394 2640 5441 ct
2692 5387 2964 5440 miraculo
3014 5384 3146 5440 victi
3194 5385 3447 5442 credide-

1963 5611 2564 5683 (2)Contemporaneus
2627 5614 2830 5685 Cyrillo
2862 5615 3202 5682 Augustinus
3242 5617 3325 5684 pTe
3355 5616 3450 5671 do-

1875 5691 2070 5751 cteque
2102 5693 2479 5753 argumentum
2501 5686 2602 5738 hoc
2627 5685 2694 5739 de
2718 5685 2892 5740 tribus
2919 5688 3151 5739 mortuis
3171 5703 3198 5738 a
3221 5687 3448 5742 Domino

211 5749 518 5825 suppletum
543 5749 863 5810 ρῐΜιιειιι-ἱὸ
884 5754 974 5811 fol.
998 5749 1234 5824 583,9p.
1260 5753 1361 5809 Mai
1396 5749 1431 5808 l'.
1456 5749 1506 5809 -l.
1549 5769 1604 5825 p.
1630 5752 1755 5810 155.
1870 5749 2386 5810 ευεόὶιτιιίεἰινιιοιιιι
2431 5768 2688 5812 sermone
2723 5770 2907 5822 xcvnt,
2949 5756 3035 5811 ed.
3069 5756 3245 5809 Maca.
