4010 6320
568 281 635 334 67
1332 240 1345 251 ’
1569 278 1626 332 s.
1668 275 1945 334 CYRILLI
1982 278 2462 334 ALEXANDRINI
2497 277 2823 337 ARLIIIEP.
3765 289 3833 347 es

574 400 747 461 runt;
803 393 894 447 alii
948 406 1077 449 vero
1111 392 1285 447 livore
1325 391 1589 463 impulsi,
1629 395 1984 448 occasionem
2025 392 2151 447 inde

2265 390 2444 464 ἕτεροι
2488 393 2545 447 δὲ
2590 394 2667 465 τῷ
2700 394 2877 466 φθόνῳ
2901 395 3222 467 τρωθέντες,
3259 397 3514 472 ἀφορμὴν
3552 398 3834 459 ποιοῦνιαι

575 492 933 555 sumpserunt
989 484 1248 552 patrandi
1308 498 1374 539 ea
1424 500 1549 554 qua:
1607 484 1813 540 invidis
1863 499 1984 539 mos
2031 492 2152 547 est,

575 575 1029 646 principibusque
1055 574 1205 643 quod
1239 575 1446 628 factum
1478 582 1599 629 erat
1628 577 1971 638 retulerunt,
2009 584 2071 629 ut
2100 582 2154 629 et

575 668 684 722 illis
718 666 789 720 ob
840 681 905 721 ea
952 682 1071 734 qua:
1105 664 1301 720 fecerit
1329 664 1589 720 Christus
1613 705 1629 731 ,
1660 668 1911 723 molestia
1942 666 2155 723 affectis

572 767 626 813 et
658 758 1205 832 anxiis,nonnullum
1239 758 1325 812 sui
1356 759 1565 813 doloris
1592 760 1848 814 solatium
1880 760 2153 828 habeant,

572 850 809 906 inventis
839 849 924 906 sui
960 850 1220 905 maeroris
1251 852 1609 908 consortibus
1641 867 1706 907 ac
1733 852 2002 909 rivalibus
2023 892 2036 917 ,
2065 861 2153 906 ut-

572 960 680 1015 que
734 959 862 998 cum
899 942 1003 1013 ipsi
1044 957 1157 996 non
1194 950 1419 1013 possent
1470 944 1526 1001 in
1561 959 1624 1000 os
1660 944 1864 999 intueri
1900 960 2023 999 eum
2059 945 2154 1015 qui

571 1035 706 1091 nihil
748 1033 1021 1103 injustum
1064 1031 1292 1097 fecerat,
1333 1034 1672 1102 potentiores
1726 1034 1994 1092 adversus
2014 1051 2152 1095 .eum

572 1130 859 1184 irritarent
897 1134 1067 1196 atque
1104 1125 1494 1181 accenderent.

641 1221 712 1275 Xl
734 1263 748 1287 ,
783 1221 876 1275 47.
917 1220 1059 1286 Quid
1091 1219 1322 1288 facimus
1345 1259 1359 1287 ,
1390 1219 1517 1289 quia
1555 1218 1641 1272 hic
1669 1218 1826 1274 homo
1863 1220 2032 1273 multa
2078 1221 2156 1273 si-

569 1331 675 1385 gna
709 1315 841 1384 facit
866 1317 891 1368 .9

638 1405 937 1462 Enimvero
976 1405 1261 1470 Pharisaei,
1303 1403 1512 1461 omissa
1550 1403 1946 1464 admiratione.
1973 1404 2153 1457 dolori

570 1511 630 1551 se
686 1496 945 1561 tradunt,
998 1504 1053 1551 et
1099 1497 1167 1551 de
1216 1495 1526 1551 occidendo
1605 1497 1929 1552 consultant
1990 1511 2152 1566 quem

571 1587 936 1660 potentiorem
995 1587 1225 1656 vident,
1280 1602 1391 1643 non
1447 1588 1760 1658 cogitantes
1818 1587 2152 1644 ineffabilem

569 1682 904 1753 potentiam,
938 1689 1017 1746 et,
1040 1690 1102 1736 ut
1129 1680 1198 1736 de
1227 1680 1453 1737 homine
1483 1680 1722 1751 simplici
1748 1680 2151 1747 existimantes,

2257 482 2317 535 τὸ
2351 482 2534 552 θαῦμα
2569 483 2663 537 τοῦ
2697 484 2892 555 δράσαι
2926 484 2994 538 τὰ
3023 485 3128 538 τῶν
3176 484 3536 556 φθονούντων,
3594 493 3689 557 καὶ
3719 496 3834 558 τοῖς

2258 575 2586 646 ἡγουμένοις
2636 577 2982 648 ἀπήγγειλαν
3019 577 3081 630 τδ
3113 580 3373 648 γεγονὸς,
3430 581 3517 634 ἵνα
3562 584 3834 640 κάκείνων

2257 665 2608 737 λυπηθέντων
2632 665 2717 735 ἐφ’
2741 659 2822 728 οἷς
2851 666 3145 735 εἰργάσατο
3173 670 3200 720 ὁ
3226 669 3479 740 Χριστὸς,
3515 672 3683 742 σχῶσί
3712 693 3837 730 τινα

2257 757 2586 828 παραψυχὴν
2620 757 2722 828 τῆς
2753 758 2887 822 ἰδίας
2944 759 3140 830 λύπης,
3198 760 3275 831 τῷ
3324 762 3419 816 καὶ
3458 763 3650 829 ἄλλους
3689 765 3837 838 ἔχειν

2257 850 2564 920 ὁμόφρονας
2607 851 2700 904 καὶ
2755 854 3154 919 συγκοινωνοὺς
3184 853 3282 923 τῆς
3314 855 3663 927 παράφρονας
3697 857 3801 911 ταῦ

2256 961 2356 1013 της
2391 942 2588 1014 λύπης·
2631 942 2726 997 καί¹
2759 943 2845 997 ἵνα
2898 944 3053 996 αὐτοὶ
3104 945 3178 1016 μὴ
3225 945 3502 1016 ἰσχύοντες
3538 930 3729 1018 βλέψαι
3757 950 3837 1019 (ί)

2256 1031 2347 1083 τὸν
2377 1030 2530 1084 οὐδὲν
2553 1030 2914 1103 ἀδικήσαντα,
2962 1034 3088 1095 τοὺς
3124 1033 3529 1107 δυνατωτέρους
3569 1040 3690 1090 κατ’
3733 1039 3839 1092 αὐ-

2257 1121 2351 1174 τοῦ
2388 1121 2700 1192 ἐρεθίσωσι.

2334 1214 2395 1266 Τί
2440 1213 2749 1282 ποιοῦμεν,
2803 1214 2891 1265 ὅτι
2946 1217 2979 1267 ό
3030 1214 3338 1284 ἅνθρωπος
3388 1214 3568 1286 οὗτος
3615 1222 3841 1292 σημεῖα

2256 1306 2464 1359 πολλὰ
2497 1306 2688 1369 nou-:7;

2342 1399 2558 1470 Ἀμέλει
2590 1402 2685 1453 καὶ
2710 1404 2758 1455 οἱ
2801 1402 2898 1473 μὲν
2926 1405 3211 1476 Φαρισαῖοι
3245 1403 3305 1456 τὸ
3334 1403 3634 1475 θαυμάζειν
3665 1407 3839 1476 ἀφέν-

2256 1507 2369 1556 τες,
2402 1492 2494 1544 ἐπὶ
2520 1491 2581 1544 τὸ
2611 1492 2901 1547 λυπεῖσθαι
2936 1495 3250 1564 τρέπονται,
3285 1498 3378 1549 καὶ
3408 1496 3636 1550 θανάτου
3672 1498 3842 1552 αὐτὸν

2258 1584 2543 1654 κρείττονα
2603 1585 2911 1657 βλέποντες,
2957 1589 3278 1642 ἀποκτεῖναι
3317 1589 3683 1659 βουλεύονται’
3735 1593 3841 1647 οὐκ

2261 1675 2570 1739 ἐννοοῦντες
2602 1675 2698 1747 τὴν
2729 1676 2934 1745 ἄφατον
2971 1677 3241 1743 ἐξουσίαν,
3287 1679 3361 1743 ὡς
3392 1682 3524 1753 περὶ
3549 1682 3839 1753 ἀνθρώπου

570 1743 798 1830 dicunt:
830 1793 847 1826 ι
880 1743 1025 1841 Quid
1073 1773 1309 1829 facimus
1344 1812 1359 1839 ,
1412 1773 1544 1843 quia
1576 1743 1758 1841 homo
1811 1773 1927 1843 ipse
1982 1743 2151 1828 multa

2259 1766 2312 1820 δὲ
2348 1767 2504 1837 ψιλοῦ
2532 1767 2865 1835 ἐννοοῦντες,
2913 1769 3158 1824 ἐλάλουνσ
3190 1789 3208 1823 ι
3252 1773 3315 1825 Τί
3368 1773 3651 1843 ποιοῦμεν,
3694 1776 3774 1828 ὅτι
3810 1777 3840 1827 ὀ

572 1867 728 1938 signa
760 1865 933 1921 facit?
966 1883 984 1917 ι
1036 1865 1287 1935 quamvis
1332 1865 1509 1934 magis
1548 1879 1622 1919 ex
1665 1878 1733 1919 eo
1779 1864 2012 1921 credere
2057 1879 2155 1921 eos

572 1958 818 2027 oportuit
858 1957 1037 2026 ipsum
1069 1970 1193 2011 esse
1220 1954 1505 2010 Christum
1529 1970 1744 2024 ,Aquem
1780 1955 1968 2013 divina
2000 1954 2155 2011 Scriv-

570 2059 733 2120 ptura
770 2049 955 2103 multis
989 2048 1125 2101 locis
1167 2047 1557 2116 praedixisset,
1603 2047 1849 2103 futurqu
1899 2048 2156 2105 videlicet

572 2140 872 2192 multorum
908 2138 1305 2192 miraculorum
1355 2136 1643 2192 factorem.
1692 2137 1770 2192 illi
1825 2152 1956 2192 vero
1990 2139 2193 2193 etiam‘

573 2244 797 2284 causam
838 2238 1190 2300 praetexunt,
1230 2245 1327 2300 per
1360 2244 1527 2300 quam
1565 2230 1890 2285 nitebantur
1926 2245 2156 2302 persua-

573 2322 704 2376 dere
736 2322 1040 2376 levioribus
1076 2329 1134 2375 ut
1174 2336 1301 2376 eum
1356 2321 1705 2387 occiderent,
1757 2322 2043 2389 etaiunt:
2094 2320 2155 2376 Si

575 2431 702 2470 cum
734 2415 815 2469 sic
857 2414 1310 2484 permiserimus,
1346 2430 1450 2484 pro
1487 2430 1559 2487 eo
1603 2415 1753 2484 quod
1800 2423 1927 2481 est,
1972 2416 2159 2471 vivere

575 2515 629 2560 et
663 2505 927 2557 miracula
966 2502 1146 2559 fecere
1168 2542 1183 2568 ,
1216 2506 1456 2574 pessime
1484 2505 1775 2559 nobiscum
1833 2517 2045 2575 agetur.
2098 2505 2155 2561 Si

574 2596 722 2651 enim
782 2595 874 2650 isti
931 2596 1104 2666 legem
1157 2595 1385 2649 violanli
1435 2596 1632 2667 vulgus
1684 2596 2019 2664 adhaeserit,
2068 2612 2156 2652 res

576 2697 780 2742 nostra:
818 2688 1080 2758 deinceps
1110 2688 1469 2743 conclamatae
1515 2698 1667 2752 sunt,
1696 2704 1759 2743 ac
1786 2690 2155 2759 postmodum,

577 2789 839 2850 tanquam
894 2772 1100 2835 Jddmis
1155 2778 1462 2834 debilitatis
1493 2796 1559 2834 ac
1594 2780 2026 2838 inclinantibus.
2067 2782 2156 2835 in-

577 2872 778 2926 vadent
810 2871 866 2925 in
902 2886 1017 2924 unos
1068 2869 1335 2932 Romani,
1383 2884 1560 2938 neque
1609 2870 1859 2938 paternis
1910 2871 2158 2935 moribus

576 2980 678 3018 nos
710 2965 884 3017 libere
915 2963 994 3017 uti
1031 2963 1235 3026 sinent,
1263 2976 1442 3031 neque
1470 2969 1671 3016 nostra:
1718 2963 1865 3032 genti
1898 2978 2152 3032 praeesse.

578 3072 757 3126 neque
779 3054 1031 3125 judicare
1054 3095 1070 3119 ,
1104 3054 1319 3124 ipsique
1349 3054 1532 3123 potius
1558 3053 1924 3122 judicabunt,
1958 3063 2012 3110 et
2044 3071 2152 3110 non
2183 3084 2225 3140 ο

576 3148 815 3217 amplius
842 3161 960 3203 nos.
999 3144 1109 3201 Sed
1139 3146 1286 3200 enim
1316 3146 1404 3200 hic
1428 3160 1620 3215 poenas
1652 3145 1924 3205 dederunt
1946 3144 2152 3213 Judaei,

579 3238 707 3292 licet
752 3251 862 3290 non
907 3250 1006 3305 pro
1052 3235 1320 3305 gravitate
1361 3250 1554 3290 eorum
1601 3251 1723 3305 qua:
1768 3235 1823 3289 in
1866 3236 2149 3290 Christum

577 3326 968 3397 deliquerunt,
1023 3324 1296 3381 dederunt
1329 3333 1551 3381 tamen:
1597 3340 1720 3395 qua:
1760 3326 1906 3381 enim
1955 3343 2051 3381 ceu
2085 3326 2155 3393 ad

577 3417 895 3473 evitandum
958 3417 1210 3472 fecerunt
1275 3416 1523 3472 dicentes
1563 3434 1626 3472 ιι
1659 3415 1717 3471 Si
1775 3417 2155 3486 dimiserimus

560 3513 740 3590 .692
776 3513 922 3569 hunc
943 3553 958 3578 ,
992 3511 1225 3571 Romani
1260 3513 1458 3569 tollent
1492 3513 1774 3568 urbemet
1799 3522 2018 3585 gentem
2049 3528 2149 3577 no-

578 3611 772 3659 stram.
810 3622 828 3655 ›
861 3603 983 3658 llzec
1009 3610 1303 3677 postquam
1335 3601 1588 3661 fecerunt
1609 3641 1625 3667 ,
1669 3618 1782 3658 non
1822 3605 2102 3660 evitarunt
2132 3623 2145 3660 :

577 3696 717 3750 urbe
743 3695 888 3750 enim
918 3711 1111 3752 eorum
1130 3711 1175 3754 .a
1211 3694 1480 3751 Romanis
1509 3706 1674 3767 capta
1704 3706 1761 3752 et
1789 3698 1978 3753 dirum
2008 3707 2151 3765 tem-

575 3788 700 3858 plo,
752 3787 857 3858 ipsi
910 3799 1169 3858 tanquam
1219 3790 1367 3844 servi
1411 3789 1746 3853 verberones
1794 3797 1849 3843 et
1898 3789 2148 3859 fugitivi,

575 3877 813 3934 infames
847 3891 900 3934 et
934 3886 1185 3934 errantes
1221 3878 1430 3944 ubique
1463 3877 1705 3947 dispersi
1745 3887 1891 3932 sunt.
1932 3877 2150 3937 Dabunt

573 3985 707 4025 vero
737 3977 795 4025 et
826 3969 938 4023 illic
968 3969 1191 4024 meritas
1224 3983 1417 4038 poenas
1436 4008 1450 4032 ,
1485 3984 1609 4023 cum
1642 3969 2148 4040 enimagnoverint

575 4059 974 4115 humanitatem
994 4098 1008 4124 ,
1047 4058 1552 4126 scientpotentiam
1573 4098 1588 4125 ,
1621 4058 1782 4130 cujus
1808 4068 1862 4116 et
1895 4061 1987 4117 hic
2022 4061 2146 4116 nul-

575 4151 690 4204 lum
718 4150 828 4218 jam
856 4151 1293 4220 experimentum
1327 4156 1614 4217 ceperunt.

647 4236 737 4303 XI,
780 4237 870 4292 ἐξ).
924 4236 1070 4292 Unus
1099 4245 1276 4291 autem
1304 4250 1370 4289 ea;
1398 4237 1553 4304 ipsis,
1584 4252 1706 4292 cum
1733 4246 1866 4293 esset
1903 4240 2142 4311 pontifex

573 4329 700 4382 anni
731 4327 898 4390 illius,
931 4326 1093 4393 dixit,
1113 4337 1224 4382 etc.

649 4416 756 4472 Sed
806 4417 954 4487 quod
992 4420 1209 4473 occulte
1245 4419 1508 4475 dicebant
1544 4429 1599 4475 et
1636 4420 2008 4478 moliebantur
2046 4423 2144 4479 Ju-

572 4512 710 4576 daei,
742 4511 848 4567 hoc
875 4518 1066 4581 aperte
1095 4512 1288 4568 suadet
1318 4514 1398 4569 eis
1429 4521 1488 4568 ut
1539 4513 1752 4569 faciant
1792 4516 2140 4572 sacerdotum

560 4603 858 4674 princeps,
895 4611 951 4656 et
991 4601 1274 4660 Christum
1313 4605 1680 4672 interficiant,
1718 4616 1982 4680 tanquam
2021 4625 2053 4666 e
2085 4625 2145 4665 re

558 4694 754 4765 gentis
790 4693 895 4747 hoc
927 4693 1121 4748 dicens
1144 4733 1160 4760 ,
1197 4695 1327 4750 licet
1359 4712 1496 4767 gens
1525 4697 1754 4767 injusta.
1783 4699 1851 4753 Et
1874 4716 1989 4756 rem
2020 4701 2145 4771 qui-

571 4786 697 4839 dem
730 4798 916 4839 veram
946 4783 1124 4849 dicit,
1163 4784 1258 4840 sed
1295 4802 1402 4840 non
1434 4802 1501 4842 ex
1528 4802 1721 4843 eorum
1760 4790 2105 4861 malignitate
2127 4832 2141 4857 ,

572 4884 628 4929 at
667 4890 733 4930 ex
771 4873 866 4930 Dei
900 4877 1184 4931 voluntate
1212 4885 1267 4931 et
1295 4879 1566 4947 sapientia
1595 4881 1664 4935 ad
1696 4880 1901 4935 bonum
1932 4882 2144 4943 directa

569 4966 698 5024 fuit.
740 4967 821 5021 llli
854 4970 998 5025 enim
1033 4969 1102 5025 ad
1135 4985 1288 5026 suam
1320 4972 1625 5041 perniciem
1657 4972 1944 5029 Christum
1991 4973 2143 5030 occi-

570 5059 815 5115 derunt:
853 5061 942 5115 hic
980 5076 1111 5116 vero
1158 5072 1338 5117 morte
1390 5063 1620 5120 aﬂ'ectus
1670 5065 1975 5119 secundum
2022 5080 2145 5120 car-

568 5164 691 5204 nem
715 5191 730 5215 ,
755 5152 1000 5207 omnium
1021 5153 1182 5209 nobis
1208 5153 1479 5209 bonorum
1507 5171 1675 5211 causa
1699 5154 1826 5212 fuit.
1851 5155 2140 5212 Excidium

640 5287 715 5358 χΙ)
757 5286 875 5368 Non
899 5289 1019 5345 sine
1058 5289 1430 5368 indignatione
1452 5291 1610 5368 leges
1644 5292 1756 5368 ista
1786 5294 1927 5368 apud
1963 5295 2138 5368 Cyril-

573 5356 682 5436 imn
708 5358 778 5436 ad
811 5358 972 5436 Joap.
1011 5377 1073 5436 ξι
1103 5377 1116 5413 :
1152 5356 1263 5436 Kal
1293 5362 1379 5413 ἵνα
1404 5356 1560 5436 αὐτοὶ
1585 5362 1673 5436 μὴ
1704 5356 1981 5436 ἰσχύοντες
2008 5356 2137 5436 ’βλέ-

568 5426 664 5504 (ita:
689 5428 778 5504 τὸν
814 5431 967 5504 οῦδὲν
1013 5431 1381 5504 ἁδιδεῄσαντα,
1426 5431 1551 5504 τοῦς
1573 5426 1983 5504 δυνατωτέρους
2015 5426 2135 5489 Ξιατ⁹

567 5497 731 5554 αὐτοῦ
759 5499 1062 5570 ἐρεθίσωσι.
1120 5497 1289 5570 thue
1329 5514 1450 5570 cum
1482 5499 1583 5570 ipsi
1614 5517 1717 5554 non
1746 5497 2047 5566 possent’in
2078 5524 2135 5561 os

565 5569 761 5641 intueri
791 5567 906 5623 eum
940 5570 1030 5641 qui
1076 5567 1223 5641 nihil‘
1264 5567 1520 5631 iniustum
1549 5568 1776 5641 fecerat,
1817 5578 2133 5641 potentiores

569 5639 965 5710 adrersusﬁeurn
996 5638 1275 5690 irritarent
1322 5648 1477 5710 atque
1503 5638 1861 5710 accenderent.
1921 5645 2136 5710 Quanta

567 5710 713 5763 enim
746 5707 976 5776 ὰὸλεψία
1013 5722 1120 5761 non
1160 5705 1467 5776 percepiSse
1514 5708 1745 5781 βλάψαι,
1796 5705 1986 5770 Ιιεάεῖε
2017 5733 2134 5770 eum

2256 1856 2545 1928 ἄνθρωπος
2592 1851 2744 1921 οὗτος
2777 1858 2951 1912 πολλὰ
2984 1864 3186 1930 σημεῖα
3212 1865 3390 1927 ποιεῖ;
3432 1882 3466 1943 ι⁸
3495 1864 3687 1916 Καίτοι
3717 1864 3838 1916 δέον

2256 1947 2322 1999 ἐκ
2345 1946 2535 1999 τούτου
2571 1946 2774 2016 μᾶλλον
2800 1948 3116 2015 πιστεῦσαι,
3145 1951 3226 2005 ὅτι
3248 1952 3408 2015 αὐτὸς
3431 1948 3498 2021 ἦν
3525 1956 3553 2006 ὁ
3578 1955 3833 2024 Χριστὸς,

2254 2038 2372 2110 ὃνὴ
2407 2038 2763 2102 θεόπνευστος
2787 2041 2978 2113 Γραφὴ
3011 2043 3068 2095 ἐν
3102 2043 3316 2108 πολλοῖς
3358 2046 3834 2117 προανεφὼνησεν,

2257 2130 2340 2183 ὅτι
2368 2128 2580 2184 πολλῶν
2617 2131 2860 2201 σημείων
2894 2131 3045 2187 ἔσται
3101 2132 3453 2205 δημιουργός.
3512 2137 3574 2188 Oi
3614 2135 3692 2202 δὲ,
3742 2137 3837 2190 καί⁵

2254 2222 2434 2281 αίτίαν
2474 2222 2920 2292 προφασίζονται,
2953 2222 3020 2281 δι’
3051 2218 3121 2295 ἦς
3153 2224 3452 2295 ἐπειρῶντο
3491 2225 3675 2283 πεῖσαι
3710 2226 3838 2289 τοὺς

2258 2314 2676 2387 ἐλαφροτέρους,
2735 2317 3052 2369 ἀποκτεῖναι
3106 2316 3287 2383 αὑτὸν,
3362 2317 3456 2370 καί
3513 2334 3708 2389 φασιν·
3739 2319 3837 2371 Ἂν

2260 2407 2509 2476 ἐάσωμεν
2536 2406 2923 2471 αὑτὸνόῦτως,
2963 2408 3084 2461 ἀντὶ
3119 2407 3232 2471 τοῦ,
3271 2406 3450 2472 ζῶντα
3497 2411 3589 2464 καὶ
3627 2410 3840 2481 θαυμα-

2258 2500 2613 2571 τουρτοῦντα,
2657 2499 2956 2570 πεισόμεθα
3004 2500 3279 2554 πάνδεινα.
3330 2500 3456 2554 Ἐὰν
3507 2501 3617 2571 γὰρ
3665 2502 3840 2572 τούτῳ

2256 2592 2349 2646 τὸν
2377 2592 2540 2661 νόμον
2575 2590 2897 2651 καταλύοντι
2944 2590 3279 2643 πιστεύσωσι
3324 2591 3530 2656 πολλοὶ,
3560 2594 3838 2662 οἰχήσεται

2258 2683 2444 2738 λοιπὸν
2477 2684 2560 2741 τὰ
2599 2685 2863 2756 ἡμέτεραο
2900 2684 3009 2737 ,καὶ
3062 2683 3250 2737 λοιπὸν
3300 2685 3376 2747 ὡς
3422 2684 3838 2755 ἀσθενησάντων

2273 2775 2539 2833 Ἰουδαίων
2569 2778 2648 2838 είς
2680 2776 2851 2838 τέλος,
2885 2775 3240 2844 ἐπιθήσονται
3291 2777 3427 2847 ἡμῖν
3458 2778 3504 2828 οἱ
3542 2778 3832 2842 Ῥωμαῖοι,

2261 2869 2354 2923 καὶ
2381 2869 2479 2922 οὐκ
2511 2870 2759 2924 ἐάσουσιν
2789 2870 2937 2938 ἡμᾶς
2966 2870 3078 2931 τοῖς
3131 2867 3406 2939 πατρῴοις
3446 2868 3623 2921 ἔθεσιν
3664 2868 3839 2932 ἀδεῶς

2250 2960 2590 3032 χρήσασθαι,
2616 2958 2741 3012 οὒτε
2776 2959 2868 3012 τοῦ
2906 2959 3034 3012 ἰδίου
3068 2959 3256 3029 ἄρχειν
3287 2959 3495 3023 ἔθνους,
3534 2958 3659 3012 οὔτε
3686 2959 3839 3013 δικά-

2260 3050 2392 3117 ζειν,
2448 3051 2603 3104 αὐτοὶ
2627 3050 2827 3119 μᾶλλον
2878 3051 3212 3116 δικάζοντες,
3250 3053 3341 3106 καὶ
3375 3051 3473 3121 οὐχ
3521 3053 3683 3122 ἡμεῖς
3732 3051 3835 3104 ἔτι.

2258 3143 2403 3214 Πλὴν
2434 3143 2482 3194 εἰ
2504 3143 2597 3197 καὶ
2619 3142 2694 3214 μὴ
2725 3141 2904 3211 ἀξίαν,
2936 3136 3009 3197 ὧν
3043 3145 3122 3208 είς
3147 3143 3237 3197 τὸν
3278 3143 3557 3214 Δεσπότην
3584 3143 3673 3197 τὸν
3697 3144 3835 3214 Χρι-

2255 3234 2381 3287 στὸν
2420 3234 2672 3305 ἔδρασαν,
2731 3233 2965 3287 ἐνταῦθα
3033 3235 3192 3305 δίκην
3245 3235 3435 3288 ἔδοσαν
3467 3220 3533 3287 οῖ’
3550 3234 3833 3295 Ἰουδαῖοι,

2236 3328 2445 3381 ιέδοσαν
2495 3327 2539 3381 δ’
2570 3323 2663 3381 οὖν
2691 3330 2839 3399 ὅμως
2859 3346 2872 3360 ’
2920 3327 2956 3382 ἃ
2990 3328 3099 3399 γὰρ
3127 3328 3201 3393 ὡς
3231 3328 3642 3400 διαφευξόμενοι
3676 3329 3834 3399 ἕδρα-

2260 3434 2357 3471 σαν
2422 3418 2713 3489 φήσαντες,
2750 3438 2768 3469 ι
2821 3420 2945 3475 Ἐὰν
2996 3419 3224 3489 ἀφῶμεν
3273 3418 3458 3482 αὑτὸν,
3515 3418 3739 3490 ἀροῦσιν
3785 3420 3832 3471 οἱ

2269 3510 2528 3579 Ῥωμαῖοι
2559 3511 2652 3563 καὶ
2681 3510 2777 3581 τὴν
2808 3510 2962 3564 πόλιν
2989 3509 3151 3581 ήμῶν
3181 3511 3275 3563 καὶ
3302 3509 3365 3563 τὸ
3392 3509 3562 3574 ἔθνος,
3606 3529 3625 3560 ι
3660 3509 3834 3562 ταῦτα

2243 3602 2446 3673 ’ἐπειδὴ
2472 3602 2738 3672 ἔπραξαν,
2775 3603 2835 3657 οὑ
2884 3603 3160 3672 διέφυγονο
3214 3603 3312 3676 τῆς
3343 3604 3453 3673 γὰρ
3499 3603 3708 3666 πόλεως
3738 3603 3835 3655 αὺ-

2257 3693 2366 3747 τῶν
2393 3693 2628 3765 ἁλούσης
2657 3694 2763 3747 ὑπὸ
2796 3696 3102 3765 Ῥωμαίων,
3136 3693 3233 3748 καὶ
3273 3693 3366 3747 τοῦ
3402 3692 3530 3748 ναοῦ
3564 3694 3833 3765 ,καθαιρε-

2259 3780 2467 3848 θέντος,
2499 3783 2655 3837 adeo}.
2684 3782 2871 3854 ὥσπερ
2915 3783 3201 3855 μαστιγίαι
3246 3783 3388 3848 τινὲς
3421 3786 3515 3837 καὶ
3540 3784 3826 3855 δραπέται,

2256 3871 2441 3942 ἄτιμοί
2482 3890 2541 3955 τε
2571 3874 2666 3926 καὶ
2707 3873 2925 3944 ἀλῆται,
2969 3874 3245 3944 πανταχοῦ
3279 3873 3673 3945 διεσπάρησαν.
3714 3875 3828 3926 Δῶ-

2255 3978 2407 4015 σουσι
2431 3961 2489 4014 δὲ
2511 3964 2735 4019 κάκεῖσε
2779 3963 2880 4032 τὴν
2921 3961 3099 4026 ἀξίαν
3133 3961 3209 4032 μὴ
3250 3964 3564 4030 ἐπιγνόντες
3592 3964 3701 4034 γὰρ
3731 3962 3827 4034 τὴν

2255 4054 2683 4126 φιλανθρωπίαν,
2719 4055 2955 4110 εἴσονται
2999 4053 3096 4126 τὴν
3140 4053 3407 4120 ἐξουσίαν,
3440 4050 3509 4127 ἦς
3549 4054 3829 4109 κάνταῦθα

2246 4149 2449 4218 ,πεῖραν
2466 4147 2746 4220 ,βραχεῖαν
2774 4147 3080 4219 εἰλήφασιν.

2308 4235 2428 4307 ⁵Εἷς
2465 4239 2533 4294 δέ
2564 4257 2655 4307 τις
2681 4241 2751 4306 ἐξ
2779 4240 2980 4295 αὐτῶν
3016 4239 3326 4313 ἀρχιερεὺς
3358 4239 3445 4293 ὢν
3480 4238 3586 4293 τοῦ
3631 4240 3829 4293 ἐνιαυ-

2239 4332 2358 4396 ⁵’τοῦ
2396 4332 2656 4396 ἐκείνου,
2684 4329 2835 4397 εἶπε,
2870 4334 2965 4399 καὶ
2992 4334 3061 4386 τὰ
3086 4332 3235 4403 ἐξῆς.

2308 4437 2311 4443 ·
2335 4422 2473 4476 Ἀλλ’
2502 4425 2638 4492 ὅπερ
2663 4423 2848 4491 ἔλεγον
2865 4424 2988 4496 μὲν,
3022 4426 3159 4496 ὅπερ
3187 4423 3361 4497 λάθρα
3387 4425 3662 4495 ἐμελέτων
3697 4425 3826 4478 Ἰου-

2250 4515 2389 4569 δαῖοι
2415 4515 2661 4586 ποιῆσαι,
2690 4513 2849 4568 τοῦτο
2890 4516 3139 4587 φανερῶς
3167 4516 3352 4579 αὐτοῖς
3382 4519 3410 4569 ὁ
3447 4515 3656 4570 τούτων
3688 4518 3823 4586 ἁρχ-

2264 4608 2444 4678 ιερεὺς
2474 4607 2835 4677 συμϐουλεύει
2876 4612 3072 4674 ποιεῖν,
3112 4610 3207 4662 καὶ
3245 4609 3502 4678 φονεῦσαι
3551 4608 3643 4665 τὸν
3695 4610 3827 4677 Χρι·

2256 4697 2399 4761 στὸν,
2445 4697 2519 4761 ὡς
2553 4699 2691 4770 ὑπὲρ
2721 4699 2815 4753 τοῦ
2850 4700 3038 4765 ἔθνους
3088 4700 3244 4754 τοῦτο
3295 4700 3492 4769 λέγων,
3540 4701 3744 4771 καίπερ
3766 4698 3825 4751 τὸ

2251 4789 2401 4854 ἔθνος
2429 4790 2610 4843 ἄδικον
2646 4792 2744 4863 (‘2).
2778 4794 3017 4863 Πρᾶγμα
3062 4793 3120 4847 δὲ
3173 4791 3371 4862 ἀληθές
3416 4808 3602 4861 φησιν,
3635 4793 3737 4844 οὐκ
3762 4792 3822 4841 ἐκ

2240 4882 2347 4953 ,τῆς
2379 4882 2558 4936 αὐτῶν
2586 4883 2914 4954 δυστροπίας
2970 4884 3422 4955 κατωρθωμένον,
3468 4882 3583 4945 ἀλλ’
3630 4885 3695 4936 ἐκ
3727 4882 3821 4951 τῆς

2242 4974 2516 5028 .τοῦ.Θεοῦ
2548 4976 2830 5047 δυνάμεως
2856 4977 2951 5031 καὶ
2981 4980 3192 5048 σοφίας.
3226 4980 3287 5032 Οἱ
3326 4978 3425 5049 μὲν
3457 4977 3568 5049 γὰρ
3600 4979 3685 5031 ἐπ’
3708 4974 3820 5030 ὀλέ-

2251 5065 2365 5136 θρῳ
2396 5066 2510 5136 ἰδίῳ
2554 5068 2644 5121 τὸν
2672 5070 2907 5141 Χριστὸν
2958 5071 3307 5133 ἀπέκτειναν,
3338 5071 3366 5122 ὁ
3397 5072 3455 5124 δὲ
3493 5069 3818 5131 θανατωθεὶς

2253 5159 2436 5229 σαρκὶ,
2490 5160 2709 5214 πάντων
2747 5164 2879 5232 ἡμῖν
2925 5162 3145 5232 γέγονεν
3192 5162 3372 5228 ,αἴτιος
3419 5163 3532 5219 τῶν
3577 5161 3813 5230 ἀγαθῶν.

2241 5301 2332 5371 qui
2373 5301 2520 5371 nulla
2568 5298 2771 5371 injuria
2816 5300 3119 5371 affecerat.”
3159 5304 3527 5370 (Ζοτειειιιιιε,
3578 5300 3814 5356 Monum.

2244 5370 2390 5423 Eccl.
2416 5370 2535 5436 Gr.,
2566 5370 2628 5435 ll,
2658 5372 2781 5426 672.

2315 5441 2390 5506 (2)
2426 5444 2507 5495 An
2543 5440 2744 5493 ἀδικῶν
2775 5443 2856 5497 vel
2904 5443 3153 5507 ἀδικοῦν,
3201 5449 3261 5496 ιιι
3287 5443 3389 5505 sit,
3424 5441 3580 5506 Quod
3622 5439 3818 5495 occulte

2243 5511 2597 5563 moliebantur
2623 5508 2802 5582 [udwi
2822 5552 2836 5576 ,
2879 5515 2975 5567 hoc
3005 5522 3180 5582 aperte
3207 5513 3393 5566 suadet
3425 5513 3498 5565 eis
3525 5525 3584 5564 ut
3614 5513 3815 5581 faciant

2240 5596 2437 5652 eorum
2467 5580 2736 5652 pontifex,
2775 5594 2822 5636 et
2850 5580 3124 5639 Christum
3171 5582 3513 5650 interﬁciant,
3534 5583 3684 5652 quasi
3721 5596 3819 5646 pro

2242 5650 2514 5722 gentehoc
2544 5651 2744 5722 dicens,
2771 5654 2860 5721 qui
2894 5661 2985 5722 aut
3011 5652 3147 5722 quod
3172 5662 3358 5722 tamen
3382 5650 3587 5722 gentem
3618 5651 3817 5720 injuria

2244 5719 2518 5789 afﬁciebat.
2552 5719 2831 5776 Cornea.
2864 5719 3101 5776 Monum.
3141 5721 3285 5777 Eccl.
3320 5719 3500 5791 am,
3530 5721 3657 5776 560.
