4010 6320
202 360 265 417 69
420 358 425 363 ’
1031 357 1094 411 ΙΝ
1125 354 1464 412 JOANNEM.
1507 388 1574 397 —
1633 357 1760 414 LIB.
1807 353 1899 412 VII
1935 355 2020 411 ET
2050 355 2162 412 VIII
2194 354 2656 412 FRAGMENTA.
3370 359 3436 413 το

208 471 492 541 ’Δπὼλειαν
531 475 589 528 δὲ
617 474 711 529 τοῦ
744 475 929 540 ἔθνους
981 478 1156 541 καλεῖ,
1195 480 1255 531 τὸ
1289 479 1394 539 ὑπὸ
1421 482 1578 550 χεῖρα
1610 478 1762 548 γενέ-

1878 494 1995 535 vero
2030 479 2213 549 gentis
2244 478 2379 532 dicit
2411 478 2603 532 venire
2639 476 2742 531 sub
2793 482 3116 546 potestatem
3166 474 3438 531 Romano-

206 567 313 624 σθαι
338 566 434 637 τὴν
470 565 805 639 Ῥωμαῖκὴν,
853 570 948 623 καὶ
978 569 1280 624 ἀπολέσθαι
1325 571 1423 641 τὴν
1465 570 1559 623 τοῦ
1590 572 1754 641 νόμου

206 658 346 713 σκιάν
374 673 386 686 '
415 657 554 727 ὅπερ
608 659 909 729 ἀνατρέψαι
950 660 1272 731 ζητοῦντες»,
1310 662 1628 732 ὑπέμειναν.
1670 662 1760 729 Ἐξ

206 749 388 819 ἀνόμου
423 749 523 818 μὲν
567 745 659 803 οὖν
704 745 825 803 εἷπε
873 750 1096 824 γνώμης
1138 755 1164 806 6
1206 752 1464 823 Καϊάφας
1511 753 1540 806 ὃ
1584 749 1757 819 εἶπεν,

207 842 336 910 ὅμως
362 840 391 892 ό
418 832 580 908 ’λόγος
630 841 822 909 γέγονε
870 843 1196 915 πράγματος
1224 843 1458 914 ἀληθοῦς
1490 847 1762 916 ἑρμηνευ-

206 931 369 994 τικὸς,
403 930 479 994 ὡς
507 934 565 984 ἐν
608 933 760 999 τάξει
797 933 1232 1006 προ[σ]ενεχθεὶς
1265 939 1621 1009 προφητείας.
1672 939 1760 1002 Ὠς

206 1020 299 1092 γὰρ
328 1020 546 1089 γέγονεν
588 1023 761 1086 αἴτιος
802 1024 1025 1093 ἀγαθῶν
1054 1027 1083 1078 ό
1107 1026 1200 1080 τοῦ
1229 1026 1468 1098 Χριστοῦ
1510 1028 1758 1093 θάνατος,

205 1116 569 1182 προαναφωνεῖ
615 1114 789 1183 λέγων
821 1115 850 1168 δ
900 1116 1002 1171 οὐκ
1055 1112 1188 1181 οἶδε,
1241 1118 1338 1172 καὶ
1382 1118 1626 1186 δοξάζων
1670 1121 1762 1173 τὸν

205 1204 321 1257 θεὸν
345 1203 420 1268 ὡς
442 1207 470 1259 6
499 1205 730 1276 Βαλαὰμ
768 1207 910 1260 κατὰ
952 1208 1219 1279 ἀνάγκην,
1265 1210 1494 1281 ἐπείπερ
1522 1206 1591 1281 ἦν
1624 1209 1763 1282 ἔχων

204 1296 257 1349 τὸ
302 1296 570 1366 ἱερατικὸν
603 1297 841 1369 ἀξίωμα,
891 1298 967 1363 ὡς
1015 1299 1116 1353 οὐκ
1171 1301 1321 1372 αὐτῷ
1368 1301 1615 1370 δοθείσης
1661 1301 1763 1371 τῆς

205 1391 549 1461 προφητείας,
602 1392 739 1446 ἀλλὰ
770 1390 847 1462 τῷ
877 1393 979 1462 τῆς
1026 1393 1327 1467 ἱερωσύνης
1369 1396 1633 1467 χρίσματι
1666 1395 1760 1468 [aL

207 1480 454 1552 σχήματι]
490 1496 503 1511 ο
538 1482 654 1552 ἦτοι
687 1482 746 1548 ἐξ
774 1477 849 1536 ὧν
876 1481 1100 1553 ὕστερον
1132 1484 1200 1537 τὰ
1244 1487 1505 1557 εἰρημένα
1545 1487 1765 1554 γέγονεν

207 1571 300 1625 ὑπὸ
350 1571 443 1624 τοῦ
495 1573 718 1640 Καῖάφα
769 1574 864 1627 καὶ
901 1574 1104 1651 ἀπέϐη,
1138 1575 1200 1628 οὐ
1249 1577 1465 1640 πάντως
1511 1577 1765 1643 λαϐόντος

205 1661 536 1733 προφητικὴν
564 1665 745 1735 χάριν.
804 1667 965 1732 Είκὸς
1006 1669 1115 1739 γὰρ
1151 1670 1234 1723 ὅτι
1282 1668 1314 1723 ὃ
1358 1669 1580 1724 λαλοῦσί
1622 1689 1767 1736 τινες

203 1755 417 1825 γίνεται·
452 1758 500 1808 εἰ
538 1758 634 1815 καὶ
663 1758 739 1829 μὴ
766 1760 965 1825 ειδότες
1002 1762 1084 1814 ὅτι
1116 1763 1335 1825 πάντως
1362 1763 1534 1829 ἔσται,
1571 1764 1764 1818 λαλοῦ-

206 1862 302 1899 σιν.
336 1846 391 1900 '0
451 1846 551 1916 μὲν
616 1844 708 1901 οὖν
766 1850 1024 1920 Καϊάφας
1087 1853 1227 1924 ὑπὲρ
1283 1854 1458 1923 μόνων
1500 1854 1765 1908 Ἰουδαίων

1864 586 2022 636 rum,
2067 577 2122 623 et
2156 569 2340 639 perire
2373 568 2624 622 umbram
2648 567 2801 638 legis
2824 607 2839 630 ,
2875 566 3021 637 quod
3060 578 3308 621 avertere
3339 583 3437 621 cu-

1867 664 2080 731 pientes
2102 702 2117 726 ,
2157 662 2537 715 incurrerunt.
2576 659 2640 713 Et
2674 661 2895 729 quidem
2930 676 2997 715 ex
3034 660 3224 729 iniqua
3256 670 3440 715 mente

1868 754 2084 808 loculus
2118 760 2205 808 est
2243 752 2484 822 Caiphas
2537 752 2681 819 quod
2740 751 2960 807 locutus
3013 760 3142 819 est;
3196 760 3439 805 attamen

1866 858 2051 900 sermo
2076 844 2195 913 ejus
2229 844 2308 897 rei
2338 857 2483 898 verae
2531 842 2804 912 interpres
2857 843 3106 904 exstitit.
3163 842 3322 897 veluti
3364 843 3437 896 .in

1866 936 2060 991 ordine
2111 936 2413 1007 prophetiae
2465 935 2807 990 enuntiatus.
2871 932 3027 999 Quod
3084 935 3228 988 enim
3290 948 3440 988 mors

1868 1029 2078 1085 Christi
2114 1032 2384 1084 bonorum
2425 1042 2593 1084 causa
2633 1026 2775 1091 fuit,
2820 1027 3073 1096 praedixit
3112 1028 3346 1096 loquens
3385 1026 3439 1080 id

1869 1122 2016 1192 quod
2058 1122 2350 1191 ignorabat
2390 1128 2447 1175 et
2490 1120 2779 1174 Dominum
2825 1119 3176 1189 glorificaus,
3226 1128 3282 1172 ut
3340 1118 3442 1172 lia-

1870 1214 2010 1267 laatn
2040 1213 2109 1278 ",
2140 1227 2208 1268 ex
2242 1212 2608 1278 necessitate,
2646 1211 2907 1281 quoniam
2938 1210 3232 1265 sacerdotii
3266 1210 3445 1275 digni-

1870 1311 2037 1357 tatem
2070 1304 2389 1366 obtinebat,
2426 1319 2533 1357 non
2569 1310 2833 1373 tanquam
2870 1302 2918 1355 ei
2952 1301 3078 1355 data
3114 1300 3397 1370 prophetia
3422 1340 3439 1363 ,

1871 1396 1968 1450 sed
2016 1396 2310 1450 sacerdotii
2351 1394 2678 1449 functione:
2728 1394 2846 1448 sive
2890 1396 3039 1461 quod
3090 1392 3441 1462 postmodum

1870 1501 1992 1555 qua:
2042 1487 2191 1541 dicta
2237 1486 2458 1542 fuerant
2482 1501 2510 1539 a
2535 1485 2743 1555 Caipha
2774 1493 3101 1548 evenerunt,
3138 1485 3234 1538 illo
3267 1486 3444 1538 nulla-

1872 1590 2032 1634 tenus
2067 1578 2446 1648 prophcticam
2472 1578 2711 1647 gratiam
2741 1576 2962 1646 adepto.
3000 1575 3441 1631 Consentaneum

1870 1678 1955 1726 est
2009 1671 2152 1724 enim
2209 1678 2268 1723 ut
2317 1670 2461 1738 quod
2512 1669 2734 1739 quidam
2788 1668 3091 1736 l0quuntur
3142 1668 3236 1722 ﬁat
3268 1707 3282 1731 ,
3337 1669 3445 1723 etsi

1872 1763 2024 1816 nullo
2042 1760 2204 1815 modo
2234 1760 2415 1816 sciant
2441 1761 2588 1831 quod
2616 1760 2841 1815 omnino
2874 1760 3119 1814 futurum
3141 1760 3231 1815 sit.
3252 1758 3442 1813 Enim-

1870 1867 2004 1907 vero
2045 1852 2289 1923 Caiphas
2337 1852 2561 1907 dicebat
2610 1866 2709 1924 pro
2763 1852 2896 1907 solis
2941 1849 3150 1907 Iudaeis
3201 1849 3444 1905 futuram

206 1935 376 2005 ἔλεγεν
409 1936 628 1994 ἔσεσθαι
657 1940 748 1995 τὸν
773 1942 1014 2013 Χριστοῦ
1053 1944 1305 2008 θάνατον,
1339 1947 1368 1998 6
1390 1944 1448 1998 δὲ
1481 1946 1623 2018 ὑπὲρ
1661 1947 1765 2001 πά-

1878 1944 2073 1999 Christi
2110 1952 2342 1999 mortem
2371 1961 2384 1997 :
2424 1943 2517 1998 hic
2548 1958 2680 1997 vero
2712 1958 2840 1998 eum
2878 1944 3049 1999 fuisse
3082 1944 3154 1997 ait
3186 1958 3288 2014 pro
3315 1943 3447 1997 uni-

209 2046 300 2101 σης
330 2030 490 2084 αὐτόν
533 2049 666 2103 φησι
714 2034 968 2102 γενέσθαι
996 2036 1098 2107 τῆς
1136 2037 1573 2109 ἀνθρωπότητος.
1606 2039 1765 2103 Γένος

210 2119 303 2190 μὲν
340 2119 450 2190 γὰρ
495 2123 591 2175 καὶ
640 2123 806 2177 τέκνα
855 2125 990 2179 Θεοῦ
1040 2127 1281 2190 απαντες
1329 2126 1763 2199 χρηματίζομεν,

209 2211 333 2265 καθὸ
360 2213 575 2267 πάντων
619 2215 737 2268 ἐστὶ
785 2218 974 2287 Πατὴρ
1013 2218 1199 2289 τρόπῳ
1235 2218 1610 2290 δημιουργικῷ
1646 2235 1768 2287 γεν-

210 2304 387 2374 νήσας,
419 2306 515 2357 καὶ
567 2306 792 2375 ἀγαγὼν
838 2306 1027 2379 ὥσπερ
1059 2311 1137 2373 είς
1171 2308 1404 2381 ὓπαρξιν
1435 2308 1504 2363 τὰ
1528 2310 1629 2364 οὐκ
1682 2310 1768 2364 δν-

207 2395 385 2465 τα(1)’
417 2395 500 2449 ἑτι
548 2396 606 2450 δὲ
640 2399 734 2451 καὶ
769 2400 853 2451 ὄτι
900 2400 1021 2452 κατ’
1066 2400 1250 2453 εἰκόνα
1296 2400 1461 2454 αὑτοῦ
1506 2400 1770 2472 ἐτιμήθη-

212 2502 300 2554 μεν
337 2489 623 2554 γεγονότες
654 2487 714 2552 ἐξ
758 2489 952 2560 ἀρχῆς,
1002 2491 1095 2543 καὶ
1143 2491 1331 2561 ἄρχειν
1373 2492 1629 2562 λαχόντες
1661 2492 1768 2547 τῶν

206 2577 292 2630 ἐπὶ
318 2578 441 2647 γῆς,
474 2580 568 2632 καὶ
598 2580 829 2644 εὐτόνως
857 2582 955 2653 τὴν
991 2582 1606 2655 ἀρετὴν-ἐργαζόμενοι.
1629 2584 1768 2637 Ἀλλ’

209 2669 525 2739 ὲσκόρπισεν
557 2673 585 2724 6
613 2672 873 2738 Σατανᾶς,
911 2675 970 2725 ὲν
1000 2673 1181 2743 ταυτῷ
1221 2676 1510 2747 μεῖναι,μὴ
1553 2694 1769 2748 συγχω-

210 2761 393 2831 ρήσας,
426 2763 519 2817 καὶ
556 2764 1000 2837 ἁποὸουκολήσας
1025 2766 1378 2839 πολυτρόπως
1400 2769 1500 2838 τῆς
1531 2771 1609 2833 είς
1639 2769 1771 2823 Θεὸν

210 2851 560 2920 προσεδρείας
605 2854 697 2907 τὸν
746 2854 1051 2928 ἄνθρωπον·
1104 2859 1463 2928 συνεισήγαγε
1509 2859 1566 2913 δὲ
1610 2859 1772 2914 πάλιν

209 2943 298 2995 καὶ
330 2945 652 3014 συνεκόμισε
692 2946 899 3009 πάντας
933 2946 1019 3000 διὰ
1056 2947 1159 3017 τῆς
1193 2947 1427 3011 πίστεως
1468 2951 1498 3002 ό
1538 2950 1773 3019 Χριστὸς

209 3034 287 3097 είς
320 3033 443 3103 μίαν
472 3035 637 3106 αὐλὴν
660 3038 750 3090 καὶ
769 3036 866 3107 τὴν
883 3037 1228 3108 Ἐκκλησίαν,
1247 3041 1339 3093 καὶ
1369 3040 1475 3093 ὑπὸ
1498 3040 1658 3110 ζυγὸν
1677 3042 1775 3096 ἕνα

210 3125 606 3195 παρεσκεύασε,
643 3128 862 3182 πάντων
890 3127 949 3182 ἓν
970 3129 1295 3198 γεγονότων,
1334 3132 1623 3197 Ἰουδαίων,
1659 3133 1775 3186 Ἑλ⁴

209 3216 399 3288 λήνων,
434 3217 747 3290 βαρϐάρων,
800 3220 1040 3288 Σκυθῶν,
1075 3223 1170 3277 καὶ
1211 3225 1292 3287 είς
1343 3223 1439 3278 ἕνα
1467 3223 1655 3278 καινὸν
1679 3225 1774 3280 άν-

1872 2051 2035 2092 versa
2069 2036 2308 2090 humana
2345 2043 2567 2090 natura.
2612 2034 2824 2090 Etenim
2867 2050 3043 2105 genus
3090 2042 3145 2089 et
3201 2035 3298 2089 filii
3349 2033 3444 2088 Dei

1873 2140 2068 2181 omnes
2096 2126 2401 2180 audimus“
2431 2165 2446 2189 ,
2474 2133 2747 2195 quatenus
2775 2132 2861 2180 est
2889 2125 3134 2179 omnium
3163 2123 3326 2179 Pater
3352 2125 3447 2194 qui

1876 2232 1972 2287 per
2006 2218 2227 2272 modum
2259 2216 2476 2288 opificis
2494 2219 2709 2287 genuit,
2733 2225 2786 2271 et
2820 2217 2876 2270 in
2908 2216 3324 2272 subsistentiam
3361 2231 3449 2270 re-

1875 2294 2030 2363 duxit
2055 2324 2119 2364 ea
2150 2324 2272 2379 qua
2302 2324 2410 2365 non
2442 2317 2620 2364 erant.
2657 2310 2887 2379 Insuper
2916 2309 3045 2379 quia
3074 2308 3186 2379 jam
3223 2308 3350 2363 inde
3380 2309 3450 2363 ab

1876 2400 2038 2455 initio
2070 2400 2139 2454 ad
2174 2402 2470 2471 imaginem
2499 2401 2622 2471 ejus
2657 2400 2785 2456 facti
2823 2401 3190 2471 honoratique
3222 2415 3445 2463 sumus,

1875 2492 2054 2546 sortiti
2088 2501 2353 2561 prmterea
2378 2494 2625 2546 omnium
2660 2508 2784 2562 quae
2813 2493 2869 2545 in
2901 2502 3044 2546 terra
3096 2501 3228 2546 sunt
3280 2491 3450 2559 impe-

1876 2581 2016 2635 rium
2044 2621 2060 2646 ,
2095 2592 2360 2651 rectoque
2395 2589 2587 2636 tenore
2626 2583 2888 2636 virtutem
2940 2591 3284 2636 exercentes.
3344 2580 3449 2634 Sed

1876 2671 2170 2740 dissipavit
2201 2688 2300 2725 nos
2322 2673 2578 2736 Satanas,
2598 2675 2788 2726 eodem
2815 2679 2958 2727 statu
2993 2688 3313 2741 permanere
3341 2688 3449 2725 non
3512 2732 3515 2741 λ

1878 2779 2117 2836 passus,
2153 2765 2433 2834 variisque
2466 2765 2681 2819 technis
2711 2770 2763 2817 et
2799 2764 3092 2818 fraudibus
3119 2803 3132 2828 ,
3180 2779 3247 2817 ne
3287 2768 3452 2817 homo

1878 2866 2147 2926 perpetuo
2192 2854 2300 2909 Deo
2334 2855 2638 2910 adhaereret
2660 2894 2675 2919 ,
2711 2855 2878 2909 evicit
2912 2874 2923 2909 :
2960 2872 3155 2911 rursus
3190 2873 3318 2910 vero
3350 2872 3453 2912 nos

1879 2947 2231 3017 congregavit
2261 2955 2316 3000 et
2348 2947 2813 3016 collegit,’omncs
2850 2947 2903 3001 in
2930 2963 3091 3001 uuam
3138 2951 3348 3005 caulam
3396 2958 3449 3003 et

1866 3030 2186 3086 Ecclesiam
2206 3032 2377 3104 693
2410 3049 2505 3102 per
2540 3035 2700 3087 fidem
2732 3033 2996 3089 Christus
3027 3037 3345 3104 collocavit,
3375 3038 3451 3093 ita

1881 3131 1941 3176 ut
1970 3138 2163 3178 omnes
2190 3125 2243 3176 in
2275 3139 2443 3185 unum
2476 3124 2605 3178 facti
2649 3124 2762 3179 sint
2799 3123 3005 3193 Judmi,
3064 3123 3271 3187 Gtmci.
3323 3127 3454 3182 bar-

1884 3215 2001 3270 bari
2024 3255 2038 3277 ,
2074 3214 2290 3286 Scytha:
2310 3256 2325 3281 ,
2354 3224 2407 3269 et
2437 3217 2491 3269 in
2520 3232 2691 3269 unum
2722 3232 2922 3271 norum
2960 3215 3238 3274 hominem
3275 3220 3423 3275 rcfor
3448 3248 3456 3259 ·

210 3305 419 3377 θρωπον
470 3309 985 3381 ἀναπλαττομένων,
1040 3313 1134 3365 καὶ
1185 3312 1635 3383 προσκυνούντων
1682 3313 1772 3367 ἕνα

1884 3308 2016 3361 mati
2053 3308 2121 3374 ⁵⁵³,
2154 3316 2212 3363 et
2247 3324 2415 3362 unum
2449 3306 2620 3363 Deum
2655 3309 2905 3365 adorent.

210 3398 354 3453 Θεόν.

274 3495 383 3565 οὐχ
413 3493 487 3557 ὡς
521 3493 599 3566 (2)
628 3493 769 3549 κατὰ
801 3493 1017 3566 πνεῦμα
1047 3495 1385 3566 προφητείας
1420 3495 1526 3550 ὑπὸ
1555 3497 1780 3566 Καῖάφα

209 3584 402 3658 ἐρρέθη
420 3603 434 3615 ·
464 3589 527 3640 οὐ
555 3587 665 3658 γὰρ
697 3589 757 3642 τὸ
786 3588 1004 3657 πνεῦμα
1031 3588 1093 3640 τὸ
1122 3589 1460 3658 προφητικὸν
1487 3589 1781 3660 ἐπιϐουλὴν

210 3677 485 3747 συνίστησι
514 3679 659 3732 κατὰ
695 3678 960 3750 Χριστοῦ,
1004 3678 1143 3739 ἀλλὰ
1174 3680 1315 3735 κατά
1341 3697 1463 3734 τινα
1494 3682 1781 3753 συντυχίαν

210 3766 284 3836 τῷ
324 3769 519 3839 ἀληθεῖ
569 3770 661 3823 καὶ
706 3765 1059 3841 γενησομένῳ
1099 3771 1388 3841 πράγματι
1440 3772 1778 3843 συνδραμόνο

214 3859 559 3930 συγχωρηθὲν
594 3859 742 3929 αὐτῷ
771 3860 869 3930 τῆς
914 3858 1170 3929 τοιαύτης
1205 3858 1507 3928 ἐπιψαῦσαι
1549 3860 1670 3914 καθ’
1700 3861 1782 3915 ὅτι

212 3942 275 4020 ἧν
305 3949 624 4022 ἀρχιερεὺς,
678 3951 764 4004 ἵνα
792 3951 881 4004 διὰ
922 3949 1015 4004 τοῦ
1040 3951 1307 4021 στόματος
1351 3949 1519 4005 αὐτοῦ
1550 3952 1782 4023 φανερὸν

214 4039 432 4112 γένηται
457 4041 521 4095 τὸ
537 4044 919 4114 κεκρυμμένον
943 4045 1057 4106 τοῖς
1082 4042 1390 4115 ἀνθρώποις
1421 4042 1526 4107 ἕως
1543 4043 1669 4097 τότε
1689 4042 1784 4098 καὶ

211 4132 402 4203 ἀγνοού
408 4153 575 4205 μενον
581 4174 595 4188 .

293 4224 406 4279 Ἀπ’
438 4227 685 4294 ἐκείνης
711 4221 826 4282 οὖν
862 4223 973 4294 τῆς
999 4224 1156 4294 ὥρας
1192 4225 1784 4291 συνεϐουλεύσαντο,

214 4316 311 4371 ινα
339 4320 782 4385 ἀποκτείνωσιν
812 4320 1020 4374 αὐτόν.

279 4406 438 4481 Εἶχον
468 4411 575 4482 μὲν
603 4410 713 4482 γὰρ
765 4410 864 4481 τὴν
906 4409 1200 4478 ἐπιθυμίαν
1239 4409 1340 4481 τῆς
1371 4410 1512 4465 κατὰ
1549 4408 1787 4480 Χριστοῦ

214 4503 549 4572 μιαιφονίας·
588 4502 699 4555 ἀπὸ
726 4502 783 4554 δὲ
813 4499 908 4554 τοῦ
949 4500 1140 4572 καιροῦ
1171 4501 1296 4554 καθ’
1322 4500 1382 4555 δν
1423 4502 1486 4554 τὸ
1512 4501 1789 4574 συνέδριον

1950 3485 2069 3541 Non
2108 3485 2437 3556 prophetico
2469 3483 2672 3555 spiritu
2703 3483 2941 3555 Caiphas
2970 3486 3190 3542 locutus
3230 3495 3333 3550 est,
3359 3504 3455 3543 nc-

1880 3593 1987 3647 que
2037 3577 2185 3631 enim
2249 3576 2549 3646 prophetiae
2626 3577 2859 3645 spiritus
2931 3578 3163 3633 insidias
3230 3578 3455 3634 Christo

1882 3668 2084 3735 Struit;
2116 3666 2215 3723 sed
2240 3680 2376 3722 casu
2403 3667 2646 3737 quodam
2674 3668 2727 3722 in
2765 3685 2878 3724 rem
2911 3685 3092 3724 veram
3125 3680 3179 3726 et
3211 3687 3334 3725 mox
3367 3672 3452 3725 fu-

1882 3768 2064 3815 turam
2128 3758 2599 3828 incurritzeique
2654 3773 2989 3815 concessum
3047 3760 3151 3814 fuit
3208 3763 3263 3814 in
3315 3761 3457 3817 hanc

1881 3851 2271 3921 cogitationem
2325 3850 2534 3915 venire,
2584 3857 2860 3920 quatenus
2913 3849 3164 3921 pontifex
3211 3861 3353 3917 erat,
3390 3859 3455 3906 ut

1881 3959 1978 3999 ore
2022 3943 2144 4013 ejus
2183 3958 2271 3999 res
2304 3942 2624 3999 hominibus
2661 3941 2929 3998 hactenus
2969 3944 3187 3998 occulta
3217 3951 3273 3999 et
3296 3945 3455 4013 igno-

1882 4043 2003 4091 rata
2029 4035 2334 4107 patefieret.

1955 4229 2029 4285 Χῐ
2051 4270 2066 4295 ,
2107 4231 2195 4286 55.
2230 4229 2307 4284 Ab
2334 4230 2427 4285 illo
2454 4247 2577 4302 ergo
2611 4230 2697 4286 die
2729 4232 3120 4301 cogitaverunt,
3157 4245 3213 4288 ut
3251 4235 3457 4304 inter/i-

1886 4334 2060 4379 terent
2086 4340 2228 4380 eum.
3040 4394 3047 4397 Α

1958 4416 2263 4473 lncesserat
2317 4417 2539 4487 quidem
2596 4416 2705 4472 illis
2738 4416 2944 4472 Christi
2979 4418 3268 4474 occidendi
3301 4421 3457 4493 cupi-

1888 4512 2040 4568 ditas
2069 4531 2084 4579 ;
2116 4512 2212 4568 sed
2244 4526 2308 4567 ea
2340 4512 2488 4567 velut
2518 4512 2740 4566 initium
2774 4513 2970 4568 habuit
2994 4515 3069 4569 ab
3098 4531 3164 4570 eo
3213 4525 3463 4586 tempore

213 4592 667 4665 γέγονεν,-άρχὴν
719 4592 907 4663 ὥσπερ
955 4591 1136 4657 ἔλαϐε,
1185 4592 1637 4662 δημοσιευθείσης
1684 4594 1772 4663 τῆς

1889 4619 2001 4675 quo
2046 4603 2338 4658 consilium
2388 4602 2584 4658 initum
2631 4612 2749 4668 est,
2801 4607 3046 4659 omnium
3097 4607 3298 4663 animis
3345 4620 3459 4663 tum

210 4685 464 4740 ἁπάντων
512 4688 597 4748 είς
659 4684 845 4738 τοῦτο·
877 4684 1257 4746 συναινέσεως.
1313 4685 1387 4737 Οὐ
1434 4683 1544 4755 γὰρ
1572 4679 1722 4736 εἶπεν
1758 4683 1772 4734 ί

1890 4695 2114 4750 demum
2162 4695 2215 4747 in
2272 4694 2375 4747 hoc
2422 4694 2892 4765 conspirantibus.
2954 4695 3071 4751 Non
3125 4699 3269 4751 enim
3322 4699 3464 4755 dixit

213 4773 630 4845 εὐαγγελιστὴς,
681 4775 762 4828 ὅτι
807 4775 902 4829 ἀπ’
945 4774 1159 4844 ἐκείνης
1207 4776 1305 4847 τῆς
1344 4774 1494 4845 ὥρας
1540 4773 1790 4829 ἐϐουλεύ-

214 4885 370 4923 σαντο
425 4870 659 4941 ποιῆσαι
705 4868 795 4922 τὸν
848 4868 1029 4937 φόνον,
1088 4866 1228 4920 ἀλλὰ
1276 4866 1784 4934 συνεϐουλεύσαντο,

214 4960 351 5015 τοῦτ’
384 4961 559 5027 ἐστιν,
591 4962 731 5031 ὅπερ
762 4958 841 5031 τῷ
868 4958 991 5014 καθ’
1014 4959 1246 5013 ἕκαστον
1276 4959 1470 5024 ἐδόκει,
1499 4963 1651 5031 κοινῇ
1678 4961 1787 5013 πᾶ-

217 5067 294 5106 σιν
318 5053 543 5124 ἡρεσεν.

293 5143 505 5214 Ἐγγὺς
541 5144 613 5198 δὲ
653 5142 764 5212 τῆς
793 5141 1014 5212 ἐρήμου
1042 5142 1321 5211 διατρίϐει
1347 5140 1499 5211 μετὰ
1530 5140 1649 5195 τῶν
1673 5158 1789 5212 μα-

215 5234 427 5300 θητῶν.

279 5326 391 5380 Καὶ
415 5325 657 5380 ἐνταῦθα
671 5326 849 5379 τοίνυν
868 5326 947 5387 ὡς
984 5325 1253 5378 Ἰουδαίων
1274 5326 1567 5396 ὑποχωρεῖ,
1594 5325 1655 5379 ού
1678 5326 1788 5379 δει-

1893 4786 2232 4856 evangelista
2257 4823 2272 4850 ,
2304 4785 2373 4839 ab
2407 4787 2500 4839 illa
2538 4787 2671 4840 hora
2701 4802 2797 4843 eos
2829 4789 2995 4844 caedis
3036 4787 3302 4843 faciendae
3330 4806 3465 4844 con-

1893 4878 2076 4953 silium
2105 4877 2353 4948 cepisse,
2387 4877 2484 4933 sed
2516 4878 2681 4934 simul
2716 4887 2769 4934 et
2802 4881 3093 4935 universos
3133 4879 3200 4934 de
3242 4896 3304 4935 ea
3332 4896 3463 4936 cou-

1893 4970 2172 5024 sultassc:
2207 4969 2310 5024 hoc
2342 4981 2454 5035 est,
2491 4971 2637 5040 quod
2686 4972 2942 5041 privatim
2976 4972 3211 5042 singulis
3242 4973 3464 5031 videba~

1893 5067 2008 5121 tur.
2041 5060 2096 5114 in
2129 5075 2422 5116 commune
2451 5063 2710 5117 omnibus
2742 5063 3057 5133 placuisse.‘

1962 5150 2032 5205 XI
2054 5190 2068 5215 ,
2095 5151 2183 5206 54.
2219 5149 2389 5206 Juxta
2416 5152 2681 5207 desertum
2710 5170 2826 5208 vero
2848 5153 2987 5223 degit
3014 5169 3131 5207 cum
3163 5154 3461 5222 discipulis.

1965 5328 2027 5383 Et
2059 5329 2146 5383 hic
2176 5329 2397 5397 quidem
2427 5330 2634 5385 recedit
2674 5344 2701 5382 a
2728 5326 2933 5384 Iudaeis
2953 5368 2968 5394 ,
2999 5343 3105 5383 non
3134 5330 3247 5385 ullo
3278 5347 3458 5399 metu,

279 5443 326 5475 ⁸⁸
362 5442 531 5497 Num.
608 5458 761 5506 ntv,
794 5442 819 5496 l
859 5458 978 5513 sqq.
1056 5442 1102 5474 ”
1141 5440 1158 5495 Ι
1192 5440 1349 5496 Joan.
1387 5459 1482 5508 nt,
1517 5444 1568 5500 1.
1642 5447 1689 5478 ⁸⁸
1720 5446 1772 5518 Ει

1878 5465 1917 5506 3.
1954 5466 2020 5515 lt,
2053 5444 2237 5502 15-16.

282 5612 359 5684 (1)
391 5609 523 5675 Ed.,
549 5607 775 5684 ἀγαγὼν
804 5607 992 5679 ὥσπερ
1013 5650 1028 5664 .
1056 5648 1109 5684 ιλ.
1141 5650 1154 5665 .
1184 5650 1202 5684 ,ν
1229 5650 1241 5663 .
1273 5608 1341 5662 τὰ
1365 5609 1465 5662 οὐκ
1483 5606 1792 5684 6wa1_ct_tm

217 5676 410 5737 lacuna
458 5676 685 5747 punctis
736 5676 1014 5734 denotata.
1056 5678 1254 5737 Restit.
1284 5695 1347 5736 ex
1387 5687 1581 5734 catena
1610 5676 1788 5733 Vatic.

218 5766 304 5822 ap.
336 5752 443 5809 Mai
468 5748 635 5813 ibid.,
665 5764 716 5820 p.
754 5749 874 5803 155.

1902 5614 2203 5737 [Οῐθῖἓςζὺχ
2245 5611 2317 5679 ὠς
2350 5648 2364 5663 .
2393 5646 2407 5663 .
2434 5648 2446 5661 .
2480 5609 2938 5729 .dn-oodyeror.
2964 5611 3041 5666 Ex
3060 5621 3249 5669 catena
3263 5607 3465 5682 Vatia,
