4010 6320
538 331 601 386 τι
1506 318 1580 373 fS.
1621 318 1891 375 CYRILLI
1936 315 2408 372 ALEXANDRINI
2447 314 2769 372 ARCHIEP.
3723 312 3807 367 72’

535 443 633 504 sed
663 458 734 499 ne
762 441 1015 499 videatur
1044 453 1138 495 eos
1174 437 1470 509 praesentia
1498 453 1597 493 sua
1622 441 1865 503 irritare,
1897 436 2008 506 jam
2041 436 2108 490 ad

2214 436 2427 501 λιάσας,
2458 437 2593 491 ἀλλά
2645 437 2731 492 ἵνα
2784 436 2858 507 μὴ
2905 434 3032 508 δόξῃ
3064 431 3340 507 ὁρώμενος
3381 433 3649 507 ἐρεθίζειν
3688 435 3793 489 αὖε

539 538 742 594 caedem
773 536 1055 590 incensos.
1089 531 1260 586 Docet
1285 530 1587 586 etiamnos
1614 530 1809 584 cedere
1837 529 2112 582 iratorum

539 628 839 689 furoribus,
873 625 1266 695 necprojicere
1297 637 1397 677 nos
1428 622 1483 676 in
1521 621 1764 690 pericula
1798 621 2014 676 etiamsi
2047 621 2113 675 de

539 721 772 777 veritate
826 724 1047 788 agatur,
1079 715 1178 770 sed
1235 713 1619 784 deprehensos
1659 712 1884 783 quidem
1926 712 2112 767 consi—

540 821 718 876 stere.
750 816 909 865 antea
938 822 1067 862 vero
1096 807 1407 862 detrectare
1433 812 1661 875 propter
1687 804 1928 858 incertos
1954 820 2116 858 even-

540 913 648 958 tus.
678 902 1013 957 Adsensum
1062 914 1193 953 vero
1244 898 1544 969 mysticum
1592 896 1924 960 dicendum,
1978 897 2111 951 olirh

538 992 757 1065 quidem
782 990 980 1047 Jesum
1019 991 1196 1045 libere
1225 989 1546 1044 ambulasse
1580 989 1635 1043 in
1666 989 1868 1043 mediis
1898 987 2113 1044 Judaeis

538 1102 634 1156 per
662 1087 959 1156 prophetas
981 1122 996 1147 ,
1025 1098 1172 1137 nunc
1193 1096 1323 1138 vero
1353 1096 1721 1151 nequaquam.
1751 1079 1938 1151 Neque
1965 1081 2110 1136 enim

541 1180 597 1232 in
640 1177 719 1232 eis
767 1187 850 1232 est
880 1176 1107 1231 verbum
1144 1174 1274 1239 Dei,
1313 1176 1407 1229 sed
1453 1175 1522 1228 ab
1556 1174 1624 1228 iis
1666 1174 1907 1229 abcessit
1937 1174 1992 1227 in
2026 1186 2114 1226 so-

539 1270 827 1325 litudinem
857 1308 887 1333 ,ν
934 1268 1002 1323 de
1051 1283 1160 1337 qua
1204 1266 1409 1321 dicitur
1439 1284 1452 1320 :
1489 1284 1508 1316 ι
1544 1264 1698 1320 Multi
1751 1265 1847 1319 ﬁlii
1881 1265 2113 1320 desertte

539 1363 715 1432 magis
768 1377 936 1432 quam
993 1361 1114 1429 ejus
1149 1375 1268 1429 quae
1301 1359 1467 1414 habet
1495 1361 1674 1413 virum
1708 1359 1776 1412 ⁸³.
1809 1378 1829 1411 ›
1853 1359 2109 1428 Ephraim

538 1457 833 1525 exponitur
880 1452 1230 1522 fructiﬁcalio
1251 1492 1267 1516 ,
1305 1451 1473 1507 frater
1501 1452 1778 1507 exsistens
1815 1450 2068 1506 Manasse
2092 1488 2108 1512 ,

538 1547 774 1602 senioris
802 1545 924 1615 ejus
952 1546 1047 1615 qui
1077 1546 1149 1599 ab
1194 1545 1486 1611 oblivione;
1521 1553 1643 1614 post
1675 1545 1935 1615 pupulum
1962 1544 2110 1599 enim

537 1637 606 1693 ab
658 1640 937 1694 oblivione
981 1639 1165 1709 genita
1195 1646 1280 1693 est
1312 1639 1556 1708 gentium
1593 1637 1967 1693 fruetillcatio.

611 1809 711 1877 XI,
754 1810 842 1867 55.
880 1809 1198 1866 Proximum
1235 1820 1412 1867 autem
1454 1820 1571 1866 erat
1627 1811 1844 1866 Pascha
1889 1810 2110 1866 λειάωο-

539 1919 656 1957 rum
677 1943 692 1968 ,
727 1912 776 1958 et
808 1905 1156 1960 ascenderunt
1192 1905 1349 1958 multi
1382 1904 1814 1975 Hierosolymam
1835 1943 1852 1970 ,
1885 1914 1942 1958 ut
1969 1904 2117 1972 puri-

537 1995 759 2062 ﬁcareut
785 1996 1006 2062 seipsos.

609 2077 1054 2140 Praetercurrens
1089 2086 1275 2140 omnia
1307 2087 1646 2158 evangelista
1666 2126 1684 2152 ,
1716 2087 1785 2143 ad
1833 2089 2112 2159 passionis

538 2178 756 2242 tempus
787 2172 956 2228 venit.
985 2170 1303 2227 Iudaeorum
1340 2190 1471 2228 vero
1503 2174 1717 2229 Pascha
1768 2185 1927 2232 vocat
1965 2179 2114 2248 quod

535 2272 622 2318 est
651 2263 709 2316 in
737 2262 920 2332 ﬁgura
950 2279 963 2315 :
1004 2279 1130 2318 nam
1165 2281 1351 2320 verum
1386 2264 1566 2327 Pacba
1597 2283 1703 2322 non
1752 2266 2069 2324 Judaaorum
2093 2308 2110 2335 ,

550 2354 644 2410 sed
675 2354 1121 2410 Christianorum
1153 2367 1272 2420 est,
1314 2372 1535 2412 carnem
1581 2359 1789 2414 Christi
1823 2361 1938 2416 veri
1986 2361 2113 2433 agni

540 2443 969 2501 comedentium.
1000 2445 1167 2511 Prius
1209 2464 1340 2503 vero
1382 2451 1761 2521 purgabantur
1806 2454 2110 2509 secundum

539 2543 778 2591 veterem
808 2538 976 2591 ritum
1000 2578 1015 2604 ,
1039 2539 1130 2609 qui
1165 2547 1386 2609 peccata
1414 2556 1507 2595 seu
1539 2543 1878 2606 voluntaria,
1910 2559 2006 2597 seu
2036 2545 2114 2598 in-

539 2627 852 2681 voluntaria
903 2630 1328 2692 commiserant,
1385 2631 1620 2686 necdum
1663 2642 1850 2703 typum
1896 2632 2109 2689 Pascha

540 2718 845 2784 faciebant,
883 2735 991 2775 non
1023 2721 1473 2788 incircumcisus,
1506 2738 1614 2776 non
1648 2724 1974 2793 inquilinus,
2001 2740 2108 2779 non

540 2809 949 2873 mercenarius,
1002 2825 1109 2863 non
1159 2806 1433 2880 pollutus‘,
1488 2828 1613 2882 quae
1655 2813 1839 2866 omnia
1887 2822 2112 2883 propter

538 2900 885 2954 Christianos
921 2901 1291 2969 spiritualiter
1316 2902 1472 2955 ﬁunt.

604 2990 771 3063 694
800 2991 899 3056 XI,
933 2991 1020 3046 56.
1054 2993 1374 3059 Quaerebam
1417 3011 1541 3065 ergo
1578 2995 1764 3050 Jesum
1787 3038 1802 3062 ,
1842 3006 1898 3052 et
1942 2998 2110 3053 collo-

2212 531 2360 593 τοὺς,
2394 531 2597 599 καίπερ
2629 529 2923 598 φονῶντας.
2957 528 3210 581 Διδάσκει
3238 527 3295 580 δὲ
3329 529 3422 580 καὶ
3449 528 3601 597 ἡμᾶς
3630 527 3795 580 ὑπεί-

2215 637 2331 673 κειν
2371 624 2491 683 ταῖς
2532 621 2640 673 τῶν
2671 618 3037 691 ὀργιζομένων
3068 622 3292 691 ἀκμαῖς,
3324 620 3418 672 καὶ
3466 618 3540 689 μὴ
3575 620 3791 691 ἐπιρρεῖ-

2215 729 2368 764 πτειν
2431 712 2656 774 ἑαυτοὺς
2700 716 2813 775 τοῖς
2860 712 3146 776 κινδύνοις,
3198 711 3320 782 μηδ’
3371 710 3438 765 ἂν
3503 710 3644 781 ὑπὲρ
3685 711 3792 777 τῆς

2216 804 2471 873 ἀληθείας
2493 798 2649 860 ὦσιν·
2677 805 2813 858 ἀλλά
2861 804 3444 875 καταλαμϐανομένους
3487 803 3607 871 μὲν,
3635 803 3793 856 ῐστα-

2217 895 2362 948 σθαν
2390 894 2678 965 μέλλοντας
2694 894 2770 959 δέ,
2802 893 3146 958 ἀναδύεσθαι,
3171 893 3257 947 διὰ
3287 893 3346 946 τὸ
3377 893 3477 962 τῆς
3506 893 3791 955 ἐκϐάσεως

2214 984 2426 1055 ἄδηλον.
2459 983 2603 1055 Πρὸς
2645 983 2702 1037 δέ
2747 985 3039 1054 ἀναγωγὴν
3069 982 3280 1055 ῥητέον,
3319 984 3399 1036 ὅτι
3438 983 3642 1052 Ἰησοῦς
3676 982 3788 1035 πάν-

2214 1078 2304 1131 λαι
2342 1079 2461 1148 μὲν,
2518 1078 2803 1150 παρρησίᾳ
2846 1077 2959 1140 τοῖς
2998 1077 3272 1139 Ἰουδαίοις
3319 1077 3640 1148 περιεπάτει
3696 1075 3791 1129 διὰ

2213 1171 2321 1224 τῶν
2356 1169 2673 1241 προφητῶν,
2707 1169 2801 1223 νῦν
2830 1168 2886 1222 δὲ
2918 1169 3124 1223 οὐκέτι.
3161 1169 3235 1222 Οὐ
3269 1168 3380 1238 γὰρ
3420 1167 3563 1220 ἐστιν
3594 1168 3654 1219 ἐν
3683 1168 3788 1219 αὒ-

2213 1269 2325 1328 τοῖς
2352 1262 2512 1331 λόγος
2557 1259 2713 1340 Θεοῦ,
2750 1260 2884 1313 ἀλλὰ
2930 1259 3173 1330 ἀπῆλθεν
3224 1261 3319 1313 ἀπ’
3360 1260 3539 1313 αὐτῶν
3582 1259 3662 1320 είς
3683 1257 3789 1329 τὴν
3831 1292 3839 1301 .

2213 1360 2442 1432 ἔρημον,
2479 1362 2607 1432 περὶ
2634 1354 2704 1433 ἧς
2735 1358 2974 1428 λέγεται,
2997 1359 3080 1412 ὅτι
3116 1375 3135 1406 ‹
3176 1353 3355 1408 Πολλὰ
3386 1354 3454 1406 τὰ
3490 1353 3657 1405 τέκνα
3684 1350 3788 1420 τῆς

2214 1456 2449 1526 ἐρήμου,
2474 1453 2671 1524 μᾶλλον
2696 1454 2730 1522 ἢ
2757 1453 2855 1522 τῆς
2891 1450 3119 1521 ἐχούσης
3145 1448 3234 1500 τὸν
3265 1447 3454 1516 ἄνδρα.
3483 1464 3500 1495 ι
3543 1443 3789 1516 Ἐφραῖμ

2223 1546 2588 1618 ἑρμηνεύεται
2605 1545 2998 1613 καρποφορία,
3023 1541 3248 1610 ἀδελφὸς
3264 1539 3340 1592 ῶν
3358 1538 3627 1608 Μανασσῆ
3654 1551 3788 1608 πρε-

2217 1636 2478 1707 σϐυτέρου
2507 1633 2601 1687 τοῦ
2647 1633 2755 1687 ἀπὸ
2776 1633 2997 1698 λήθης·
3047 1630 3184 1700 μετὰ
3205 1630 3313 1698 γὰρ
3346 1628 3437 1681 τὸν
3466 1627 3573 1680 ἀπὸ
3616 1625 3789 1697 λήθης

2215 1725 2340 1780 λαὸν
2372 1723 2661 1793 γεγένηται
2693 1724 2727 1794 ἡ
2760 1722 2817 1788 ἐξ
2851 1721 3021 1775 ἐθνῶν
3050 1718 3418 1791 καρποφορία.

2286 1813 2397 1870 Ἦν
2439 1814 2510 1868 δὲ
2566 1814 2746 1885 ἐγγὺς
2796 1813 2860 1867 τὸ
2912 1812 3130 1880 Πάσχα
3170 1809 3290 1864 τῶν
3339 1808 3654 1871 Ἰουδαίων,
3685 1806 3785 1860 καὶ

2214 1909 2523 1976 ἀνέϐησαν
2549 1905 2769 1960 πολλοὶ
2800 1906 2887 1971 εἰς
2915 1903 3323 1974 Ἰεροσόλυμα,
3339 1901 3439 1954 ἵνα
3453 1899 3786 1971 ἁγνίσωσιν

2211 2000 2487 2064 ἑαυτούς.

2286 2092 2654 2164 Παρατρέχων
2683 2091 2898 2144 ἅπαντα
2928 2091 2957 2143 ὁ
2999 2089 3406 2158 εὐαγγελιστὴς,
3442 2087 3536 2139 ἐπὶ
3559 2084 3651 2137 τὸν
3682 2082 3782 2134 τοῦ

2214 2181 2423 2244 πάθους
2451 2181 2669 2252 ἔρχεται
2696 2178 2908 2250 καιρόν.
2949 2178 3216 2233 Ἰουδαίων
3240 2175 3297 2229 δὲ
3326 2176 3386 2231 τὸ
3410 2176 3600 2243 Πάσχα
3627 2171 3789 2223 καλεῖ

2213 2276 2274 2328 τὸ
2298 2273 2557 2328 τυπικόν’
2606 2271 2667 2325 τὸ
2704 2273 2812 2343 γὰρ
2839 2270 3091 2340 ἀληθινὸν
3130 2269 3322 2339 Πάσχα
3357 2268 3458 2321 οῦκ
3491 2263 3782 2327 Ἰουδαίων,

2212 2366 2350 2422 ἀλλά
2376 2363 2715 2437 Χριστιανῶν
2740 2362 2852 2416 τῶν
2882 2361 3167 2415 ἐσθιόντων
3187 2362 3285 2429 τὴν
3313 2360 3491 2429 σάρκα
3520 2353 3781 2428 Χριστοῦ,

2211 2458 2305 2515 τοῦ
2345 2457 2598 2530 ἀληθινοῦ
2621 2454 2815 2527 ἀμνοῦ.
2866 2453 3259 2525 Προηγνίζοντο
3294 2450 3352 2503 δὲ
3384 2448 3526 2503 κατά
3554 2446 3784 2502 παλαιὸν

2212 2553 2330 2616 ἔθος
2363 2554 2414 2605 οἱ
2463 2548 2846 2622 ἡμαρτηκότες
2892 2545 3114 2600 ἑκούσια
3160 2543 3193 2614 ἢ
3244 2541 3473 2595 ἀκούσια
3529 2539 3782 2611 ἁμαρτῆ·-

2216 2661 2384 2715 ματα,
2410 2643 2502 2697 καὶ
2530 2641 2684 2696 οῦπω
2712 2640 2885 2694 ἐποίει
2908 2638 2970 2691 τὸ
3000 2637 3228 2693 τυπικὺν
3250 2636 3461 2705 Πάσχα,
3504 2634 3602 2687 οὐκ
3637 2631 3782 2685 ἐθνι-

2210 2738 2325 2800 κὸς,
2366 2737 2464 2790 οὐκ
2516 2734 2908 2806 ἀπερίτμητος,
2958 2732 3019 2784 οὐ
3065 2730 3348 2800 πάροικος,
3378 2728 3440 2780 οὐ
3488 2724 3779 2796 μισθωτὸς,

2211 2823 2270 2877 οὐ
2332 2821 2766 2893 μεμολυσμένος,
2820 2819 2963 2887 άπερ
3020 2819 3196 2872 πάντα
3251 2814 3638 2887 πνευματικῶς
3688 2813 3781 2867 διὰ

2210 2912 2552 2985 Χριστιανῶν
2576 2912 2651 2982 (i)
2684 2911 2942 2979 γίνονται.

2292 3005 2565 3073 Ἐζήτουν
2612 2999 2726 3058 οὖν
2784 3002 2890 3055 τὸν
2940 3001 3203 3068 Ἰησοῦν,
3258 3001 3357 3055 καὶ
3399 3001 3615 3070 ἔλεγον
3650 2998 3780 3068 μετ’

538 3085 829 3151 quebantur
858 3082 927 3136 ad
972 3085 1229 3139 invicem:
1268 3085 1409 3152 Quid
1441 3086 1643 3156 putatis
1671 3089 1798 3158 quia
1836 3105 1939 3144 non
1969 3091 2105 3145 venit

2214 3098 2517 3165 ἀλλήλων·
2560 3096 2619 3148 Τί
2645 3094 2788 3164 ὑμῖν
2816 3093 2997 3158 δοκεῖ,
3028 3093 3115 3147 ὅτι
3146 3096 3218 3148 οὺ
3243 3093 3328 3162 μὴ
3368 3093 3519 3162 ἔλθῃ
3548 3094 3636 3159 εὶς
3663 3091 3781 3160 τὴν

541 3175 610 3228 ad
643 3173 782 3229 diem
806 3175 1006 3244 festum
1029 3179 1054 3232 ?

609 3266 690 3320 Ad
722 3264 1073 3337 Scenupegiae
1104 3267 1328 3332 festum,
1362 3269 1617 3326 viciniam
1647 3287 1867 3327 omnem
1894 3274 1978 3329 lex
2021 3275 2109 3346 ju-

540 3358 701 3413 bebat
740 3358 1000 3415 feriatum
1045 3363 1230 3417 venire
1283 3363 1334 3417 in
1373 3376 1620 3421 sanctam
1662 3348 1963 3431 civitatem,
1990 3383 2110 3438 poe-

539 3467 777 3522 namque
822 3454 1262 3511 detrectantibus
1312 3456 1664 3514 decernebat.
1713 3460 1888 3516 Secus
1941 3477 2107 3528 vero,

541 3547 827 3605 Paschalis
860 3556 1104 3620 tempore
1143 3551 1196 3604 in
1231 3551 1352 3607 suis
1400 3569 1846 3624 unumquemque
1876 3555 2110 3611 urbibus

538 3640 860 3709 aedibusque
907 3643 1187 3713 inculpate
1241 3659 1463 3699 manere
1503 3646 1739 3700 sinebat.
1766 3645 1968 3716 Utique
1996 3647 2110 3701 aic-

541 3730 675 3786 bant
704 3747 829 3787 esse
856 3735 1221 3802 exploratum,
1254 3736 1397 3789 nolle
1421 3751 1547 3790 eum
1582 3735 1705 3789 festi
1737 3736 1876 3789 ritus
1903 3751 2109 3790 secun-

540 3820 668 3875 dum
698 3823 870 3894 legem
904 3825 1154 3894 exsequi,
1185 3825 1280 3895 qui
1304 3826 1374 3879 ad
1407 3825 1607 3880 festum
1634 3826 1931 3880 convenire
1961 3841 2112 3881 recu-

539 3929 597 3968 sa
606 3922 708 3970 ret.
1046 3938 1053 3943 π

608 4008 914 4079 Ambiguus
947 4006 1167 4077 quidem
1204 4022 1387 4062 sermo
1408 4015 1636 4069 ,‘utrum
1671 4007 1741 4062 ab
1775 4006 2010 4064 infensis
2041 4022 2110 4064 an

539 4098 608 4152 ab
653 4099 967 4153 amantibus
1007 4098 1213 4153 dictum
1247 4098 1320 4152 sit
1369 4097 1508 4151 hoc:
1540 4117 1558 4149 ι
1590 4097 1802 4153 Putatis
1836 4100 1963 4168 quia
2003 4115 2108 4154 non

539 4189 690 4243 venit
728 4189 792 4242 ad
836 4188 978 4243 diem
1032 4187 1279 4243 festum?
1311 4209 1330 4241 ι
1360 4188 1653 4244 Probabile
1695 4190 1841 4244 enim
1885 4201 1971 4246 est
2011 4206 2109 4246 eos

541 4280 725 4350 loqui,
777 4280 873 4349 qui
930 4281 1233 4335 credebant
1286 4280 1340 4333 in
1391 4295 1550 4346 eum,
1595 4280 1664 4335 ad
1719 4281 1964 4337 infideles
2009 4284 2110 4337 hoc

541 4370 705 4423 modo
726 4387 740 4422 :
764 4367 1221 4437 Quandoquidem
1257 4369 1574 4424 deliberatis
1608 4369 1859 4425 occidere
1883 4369 2068 4426 Jesum
2090 4409 2106 4435 ,

2211 3189 2426 3259 ἑορτήν
2445 3205 2464 3253 ,-

2293 3283 2383 3335 Ἐν
2429 3279 2507 3351 τῷ
2540 3279 2715 3351 καιρῷ
2760 3278 2836 3349 (2)
2862 3277 2959 3347 τῆς
2999 3278 3192 3347 ἑορτῆς
3240 3276 3338 3346 τ’ἧς
3371 3275 3779 3346 Σκηνοπηγίας,
3832 3320 3845 3330 .

2212 3375 2427 3429 ἃπασαν
2455 3371 2551 3442 τὴν
2578 3370 2881 3441 περιοικίδα
2904 3370 3143 3422 ἀνελθεῖν
3175 3368 3203 3420 ὁ
3235 3368 3394 3438 νόμος
3421 3366 3671 3420 ἐκέλευεν
3699 3367 3786 3429 είς

2209 3464 2308 3536 τὴν
2330 3463 2520 3536 ἑορτὴν
2549 3464 2628 3524 εἰς
2656 3461 2755 3533 τὴν
2785 3462 2945 3529 ἁγίαν
2964 3460 3140 3524 πόλιν,
3172 3459 3266 3512 καὶ
3304 3458 3574 3528 τιμωρίαν
3599 3458 3782 3529 ὁρίζε-

2210 3572 2300 3608 ται
2344 3556 2454 3617 τσῖς
2490 3552 2564 3623 μὴ
2596 3551 2824 3606 ἀνιοῦσι.
2877 3551 2949 3603 Τό
2996 3568 3060 3619 γε
3111 3550 3217 3621 μὴν
3252 3551 3308 3602 ἐν
3349 3550 3427 3620 τῷ
3468 3548 3560 3602 τοῦ
3587 3550 3783 3619 Πάσχα

2210 3645 2407 3716 καιρῷ,
2439 3645 2640 3714 ἐφῆκεν
2667 3642 2696 3694 ὁ
2725 3644 2887 3714 νόμος
2906 3642 3253 3713 ἀνεγκλήτως
3289 3643 3347 3695 ἐν
3377 3641 3535 3705 ἰδίαις
3562 3644 3784 3712 ἑκάστῳ

2213 3737 2398 3791 πόλεσί
2421 3752 2479 3788 τε
2503 3736 2597 3789 καὶ
2622 3736 2809 3798 οἴκοις.
2840 3720 3120 3806 Πρόδηλον
3139 3730 3230 3787 οῦν
3254 3734 3314 3786 τὸ
3350 3733 3423 3804 μὴ
3454 3735 3784 3804 συνδραμεῖν

2210 3828 2461 3897 ἐθελῆσαι
2482 3829 2592 3889 τοῖς
2618 3827 2717 3896 τῆς
2740 3827 2931 3898 ἑορτῆς
2960 3826 3107 3878 ἔθεσι
3131 3824 3271 3878 κατὰ
3291 3825 3382 3878 τὸν
3405 3825 3587 3895 νόμον,
3610 3826 3671 3879 τὸ
3701 3825 3784 3898 μὴ

2208 3918 2383 3971 ἐλθεῖν
2410 3917 2644 3985 ἔφασκον
2672 3920 2751 3980 εἰς
2776 3918 2874 3987 τὴν
2902 3917 3115 3987 ἑορτήν.

2293 4008 2614 4077 Ἀμφίϐολος
2657 4008 2835 4077 μέντοι
2865 4010 2895 4060 ὁ
2937 4007 3115 4075 λόγος,
3153 4006 3379 4078 πότερον
3413 4009 3521 4062 ἀπὸ
3555 4009 3782 4079 μισούν-

2210 4101 2380 4171 τωνῆ
2421 4099 2758 4169 ἀγαπώντων
2808 4098 3001 4169 ἐλέχθη
3057 4100 3137 4164 τὸ,
3168 4117 3185 4150 ι
3226 4102 3442 4153 Δοκεῖτε
3486 4100 3568 4153 ὅτι
3601 4101 3661 4153 οὐ
3698 4101 3777 4172 μὴ

2210 4190 2338 4263 ἔλθῃ
2360 4192 2439 4253 εἰς
2468 4190 2565 4260 τὴν
2594 4190 2820 4261 ἐορτήν;
2857 4207 2875 4238 ι
2915 4187 3075 4252 Εἰκὸς
3102 4188 3212 4259 γὰρ
3239 4185 3306 4260 ἦν
3331 4188 3509 4257 λέγειν
3538 4190 3665 4253 τοὺς
3696 4191 3779 4253 είς

2211 4282 2371 4336 αὐτὸν
2390 4281 2741 4344 πιστεύοντας
2764 4280 2898 4351 πρὸς
2922 4280 3049 4342 τοὺς
3067 4280 3323 4342 ἀπίστους
3344 4279 3540 4344 οὕτως⁸
3555 4280 3777 4353 Ἐπειδὴ

2210 4369 2600 4424 ἐϐουλεύσασθε
2631 4369 2888 4438 φονεῦσαι
2915 4369 3006 4422 τὸν
3032 4368 3259 4439 Ἰησοῦν,
3295 4370 3389 4423 καὶ
3414 4372 3664 4442 νομίζετε
3694 4372 3780 4426 ὅτι

538 4466 595 4512 et
622 4459 824 4528 putatis
865 4473 992 4513 eum
1029 4458 1283 4529 ignorare
1316 4474 1440 4528 quae
1469 4475 1564 4515 vos
1606 4462 1744 4515 clam
1794 4454 2103 4528 statuistis,

2214 4462 2394 4530 ἀγνοεῖ
2435 4461 2496 4514 τὸ
2541 4459 2714 4529 λάθρα
2764 4460 2892 4530 ὑμῖν
2940 4459 3294 4531 ἐσκεμμένον,
3352 4465 3579 4531 σημεῖον
3621 4463 3781 4517 ἔσται

539 4549 645 4605 hoc
671 4548 779 4604 erit
809 4547 1328 4606 manifestissimum
1346 4551 1561 4621 signum
1593 4567 1720 4606 eum
1749 4568 1874 4608 esse
1907 4552 2100 4609 Deum.

539 4637 658 4693 Non
702 4639 847 4695 enim
897 4641 1079 4695 veniet
1125 4641 1323 4695 festum
1367 4643 1652 4698 nobiscum
1688 4644 2099 4710 celebraturus,

539 4739 732 4803 utpote
765 4742 1022 4802 tanquam
1057 4731 1202 4787 Deus
1236 4743 1424 4788 nostra
1475 4735 1706 4790 consilia
1752 4737 1958 4791 sciens.
2008 4737 2105 4791 Vel

536 4822 617 4876 sic
651 4822 1010 4892 accipiendas
1042 4826 1225 4901 sermo
1261 4831 1517 4893 tanquam
1552 4826 1621 4879 ab
1649 4825 1868 4881 infestis
1894 4836 1950 4882 et
1978 4827 2104 4883 odio

540 4913 1032 4981 persequentibus;
1064 4913 1508 4984 quandoquidem
1540 4919 1709 4972 moris
1736 4925 1819 4973 est
1845 4916 1973 4973 Jesu
2003 4918 2105 4973 sol-

539 5019 667 5058 vere
710 5004 920 5074 legem,
967 5005 1136 5060 vultis
1173 5020 1404 5061 cernere
1445 5022 1542 5062 vos
1581 5009 1675 5078 qui
1725 5009 1779 5062 in
1825 5024 1947 5063 eum
1983 5025 2103 5064 ere-

538 5097 667 5152 ditis
710 5094 856 5165 quod
898 5095 1022 5150 talis
1054 5098 1153 5161 sit,
1186 5098 1334 5168 quod
1365 5115 1431 5153 ex
1465 5115 1532 5154 eo
1582 5101 1753 5169 liquet
1793 5100 1922 5170 quia
1955 5116 2102 5155 nunc

539 5203 717 5257 neque
739 5187 804 5241 ad
831 5186 1028 5243 festum
1065 5190 1212 5243 venit
1240 5191 1631 5246 celebrandum
1666 5191 1950 5246 nobiscum
1976 5230 1993 5256 ,
2029 5191 2104 5246 le-

535 5293 656 5348 gem
692 5278 813 5333 festi
842 5294 1068 5349 prorsus
1095 5279 1382 5351 despectui
1413 5283 1639 5337 habens.
1668 5280 1783 5336 lloc
1813 5291 1997 5337 autem
2020 5283 2103 5337 di-

536 5371 645 5438 cit,
674 5386 785 5425 non
812 5372 955 5442 quod
978 5388 1203 5429 necesse
1229 5382 1376 5430 esset
1406 5375 1700 5428 convenire
1724 5388 1914 5430 omnes
1943 5373 2103 5430 Jeru-

604 5524 652 5559 ⁸³
687 5525 793 5582 lsa.
820 5543 931 5596 Liv,
965 5529 988 5583 l
1028 5546 1044 5596 ;
1075 5528 1250 5584 Galat.
1289 5544 1364 5596 iv,
1396 5526 1490 5580 27.

606 5686 680 5755 (l)
708 5685 811 5740 Ed.
846 5687 987 5756 Aub.
1017 5688 1270 5756 Χριστόν.

606 5757 683 5833 (‘2)
727 5757 820 5809 Ἐν
849 5754 929 5821 τῷ
961 5754 1141 5823 καιρῷ
1167 5792 1179 5808 .
1212 5795 1225 5810 .
1252 5793 1263 5808 .
1291 5795 1303 5807 .
1337 5792 1349 5807 .

2210 4552 2368 4606 τοῦτο
2406 4551 2595 4618 σαφὲς,
2637 4551 2718 4603 ὅτι
2748 4550 2880 4613 Θεός
2923 4551 3093 4605 ἐστιν.
3153 4552 3227 4606 Οὐ
3270 4552 3378 4622 γὰρ
3410 4553 3474 4623 δὴ
3497 4554 3626 4624 ἥξει
3677 4555 3778 4610 νῦν

2213 4643 2582 4712 συνεορτάσων
2634 4642 2783 4711 ἡμῖν,
2838 4640 2992 4704 εἰδὼς
3037 4642 3104 4694 τὰ
3164 4642 3459 4712 σκέμματα
3487 4645 3645 4715 ἡμῶν
3701 4646 3781 4710 ὼς

2211 4735 2362 4797 Θεός.
2392 4734 2462 4785 Ἢ
2492 4733 2664 4796 οὕτως
2700 4733 3095 4803 σχηματιστέον
3121 4733 3209 4786 τὸν
3242 4733 3397 4801 λόγον
3423 4734 3499 4798 ὡς
3533 4737 3641 4790 ἀπὸ
3667 4738 3782 4792 τῶν

2214 4824 2533 4895 μισούντων·
2580 4825 2834 4895 Ἐπείπερ
2858 4823 2984 4887 ἐθος
3023 4825 3109 4877 ἀεὶ
3151 4824 3229 4895 τῷ
3268 4826 3442 4895 Ἰησοῦ
3475 4828 3782 4896 παραλύειν

2210 4915 2301 4968 τὸν
2318 4915 2500 4984 νόμον,
2521 4915 2704 4968 θέλετε
2732 4912 2933 4982 γνῶναι
2955 4914 3112 4982 ὑμεῖς
3136 4916 3187 4967 οἱ
3206 4917 3285 4977 είς
3313 4916 3472 4968 αὐτὸν
3496 4918 3784 4971 πιστεύον-

2208 5025 2318 5074 τες,
2364 5009 2445 5061 δτι
2492 5007 2730 5070 τοιοῦτός
2763 5009 2945 5071 ἐστιν,
2986 5005 3046 5071 ἐξ
3095 5000 3169 5058 ὧν
3213 5006 3335 5061 οῦτε
3397 5008 3492 5062 νῦν
3550 5011 3632 5072 εἰς
3679 5010 3782 5081 τὴν

2209 5099 2400 5171 ἑορτὴν
2448 5100 2829 5170 παραγίνεται,
2873 5098 3081 5152 ἀθετῶν
3110 5100 3203 5152 τὸν
3240 5099 3341 5168 τῆς
3371 5102 3561 5172 ἑορτῆς
3587 5084 3790 5173 νόμον,ἷ

2211 5192 2347 5264 πρὸς
2384 5193 2445 5245 τὸ
2490 5192 2565 5264 μὴ
2611 5192 2964 5263 συνεορτάσαι
2998 5194 3159 5262 ἡμῖν;
3200 5191 3337 5262 Φησὶ
3369 5193 3426 5245 δὲ
3468 5193 3646 5257 τοῦτο,
3679 5196 3781 5257 οὖν

2209 5285 2290 5338 ὃτι
2342 5284 2555 5354 ἀνάγκη
2585 5280 2653 5356 ἦν
2681 5283 2885 5347 πάντας
2936 5284 3261 5353 συνδραμεῖν
3302 5287 3383 5347 είς
3417 5284 3783 5357 Ἰερουσαλὴμ

2211 5378 2268 5429 ἐν
2304 5376 2379 5447 τῷ
2409 5378 2618 5446 Πάσχα,
2649 5376 2725 5440 ὡς
2754 5377 2847 5430 ἐπὶ
2867 5379 2933 5447 τῇ
2960 5375 3329 5447 Σκηνοπηγίᾳ,
3358 5375 3474 5430 ἀλλ’
3518 5377 3635 5449 ἦτοι
3672 5377 3786 5430 δει-

1397 5757 1482 5821 εἰς
1514 5754 1624 5823 τῖιιν
1655 5753 1887 5823 ἑορτήν.
1927 5753 2002 5808 Ex
2029 5753 2214 5809 eadem
2240 5761 2452 5819 catena,
2484 5752 2576 5807 fol.
2620 5751 2740 5806 l30.
