4010 6320
195 379 268 438 73
984 376 1049 432 IN
1090 374 1426 432 JllANNEM.
1467 406 1533 416 —
1573 374 1699 428 LIB.
1751 374 1770 427 ἱ

1879 372 1963 427 l-ZT
2003 374 2111 427 vut
2155 336 2595 433 Fuscum“.
3380 380 3443 437 ἰι

194 500 319 561 lia;
346 495 626 562 ἀπόδειξιν
658 492 1008 567 ἐμποιοῦνται
1055 495 1117 547 τδ
1150 496 1227 566 μὴ
1269 494 1577 549 ἀναϐαίνειν
1612 494 1770 548 αὑτὸν

1876 492 2047 550 salem
2078 492 2131 567 in
2159 489 2371 548 Pascha
2391 532 2405 555 ,
2432 499 2492 546 ut
2515 491 2573 546 in
2606 489 2747 548 festo
2769 491 3277 553 Tahernacuiorum
3308 511 3319 548 :
3350 495 3447 550 sed

197 593 278 654 είς
330 588 700 661 Ἱεροσόλυμα,
742 589 817 651 ὡς
865 588 940 659 μὴ
974 588 1274 658 δυναμένου
1331 587 1508 658 ἐαυτῷ
1559 586 1773 659 βοηθεῖν

196 682 260 735 ἐν
290 679 513 752 τοιαύτη
558 680 763 752 ἡμέρα,
808 680 903 734 καὶ
937 680 1024 734 διὰ
1049 680 1207 733 τοῦτο
1234 679 1770 751 ἁπολιμπανομένου.

202 775 274 826 Ἦ
307 773 402 826 καὶ
430 772 566 844 πρὸς
593 772 820 836 ἑαυτοὺς
848 771 1021 827 ταῦτά
1057 789 1220 842 φασιν
1257 774 1307 825 οἱ
1336 772 1775 844 προσταχθέντες

197 863 365 918 αὑτὸν
398 863 687 917 συλλαϐεῖν
736 864 831 918 καὶ
874 863 1286 935 ὀλιγωροῦντες,
1338 866 1569 937 ἐπείπερ
1622 863 1774 918 οὔπω

196 957 363 1009 αὑτὸν
388 955 576 1028 ἐώρων
602 955 848 1027 ἐλθόντα,
880 958 975 1011 καὶ
1010 956 1271 1016 ἔσπευδον
1304 957 1514 1029 ταχέως
1545 956 1771 1027 ποιῆσαι

194 1048 258 1101 τὸ
284 1046 645 1121 προσταχθέν.

283 1308 340 1363 '0
378 1305 493 1365 οὖν
530 1310 759 1377 Ἰησοῦς
807 1311 920 1380 πρὸ
965 1310 1036 1377 ἐξ
1085 1311 1324 1383 ἡμερῶν
1377 1313 1483 1368 τοῦ
1530 1315 1768 1385 Πάσχα,

189 1394 388 1470 ἦλθεν
421 1401 511 1464 είς
537 1400 866 1468 Βηθανίαν,
904 1401 1000 1455 καὶ
1029 1400 1099 1456 τὰ
1128 1400 1277 1472 ἑξῆς.

267 1491 709 1561 Καταφρονήσας
757 1490 859 1562 τῆς
917 1490 1026 1546 τῶν
1083 1492 1353 1547 Ἰουδαίων
1394 1493 1688 1566 ἐπιϐουλῆς
1742 1497 1771 1548 6

191 1578 423 1650 Κύριος,
460 1580 650 1633 ἑαυτὸν
686 1580 949 1644 ἑκουσίως
976 1581 1113 1653 πρὸς
1146 1581 1207 1634 τὸ
1233 1580 1427 1635 παθεῖν
1469 1583 1768 1649 ἐκδίδωσιν,

191 1674 323 1728 ἐπεὶ
355 1673 538 1744 παρῆν
582 1676 611 1727 6
642 1671 737 1725 τοῦ
771 1671 978 1736 πάθους
1002 1672 1213 1743 καιρὸς,
1263 1676 1344 1738 είς
1375 1675 1477 1746 τὴν
1501 1675 1772 1747 Βηθανίαν

190 1763 391 1827 ἐλθὼν,
433 1764 495 1818 οὑ
537 1764 642 1836 μὴν
667 1766 748 1828 εἰς
780 1764 880 1835 τὴν
930 1764 1307 1836 Ἰερουσαλὴμ,
1357 1766 1560 1839 ἵναμὴ
1592 1770 1772 1838 αἰφνι-

190 1855 324 1919 δίως
348 1855 534 1925 ὀφθεὶς
556 1858 672 1920 τοῖς
707 1856 1005 1920 Ἰουδαίοις,
1047 1856 1291 1929 ἐκκαύσῃ
1323 1857 1520 1922 αὑτοὺς
1558 1861 1639 1923 είς
1683 1860 1773 1930 όρ-
1804 1838 1846 1894 Β

191 1948 320 2018 γὴν,
360 1948 498 2001 ἀλλὰ
533 1948 625 2002 διὰ
676 1947 778 2018 τῆς
820 1948 1008 2019 φήμης
1052 1948 1148 2002 τοῦ
1192 1943 1329 2001 εἶναι
1374 1950 1537 2004 αὑτὸν
1581 1951 1771 2019 ἐγγὺς,

192 2040 526 2111 καταστείλῃ
557 2039 618 2093 τὸ
645 2040 765 2104 ζέον
794 2039 887 2093 τοῦ
914 2038 1140 2095 ἐκείνων
1171 2039 1363 2113 θυμοῦ.
1410 2042 1687 2095 Συνεσθίει
1713 2044 1771 2096 δὲ

190 2130 271 2202 τῷ
294 2131 557 2202 Λαζάρῳ,
576 2131 664 2184 διὰ
691 2128 883 2184 τούτου
910 2131 1344 2201 ὑπομιμνήσκων
1367 2132 1493 2195 τοὺς
1530 2131 1772 2203 ὁρῶντας

190 2224 295 2294 τῆς
326 2223 667 2296 θεοπρεποῦς
712 2222 880 2276 αὑτοῦ
917 2222 1187 2289 ἐξουσίας.
1236 2223 1489 2277 Δείκνυσι
1520 2223 1576 2276 δὲ
1610 2226 1638 2277 ό
1675 2224 1769 2277 εὐ-

189 2316 525 2386 αγγελιστὴς
573 2300 667 2369 διὰ
695 2313 790 2368 τοῦ
843 2314 1202 2385 διηγήματος,
1234 2315 1316 2368 ὅτι
1351 2314 1413 2368 οὐ
1445 2314 1770 2385 κατεφρόνει

188 2409 218 2460 6
251 2408 491 2480 Χριστὸς
538 2407 632 2461 τοῦ
672 2408 858 2479 νόμουο
908 2407 1029 2461 ὄθεν
1061 2406 1157 2459 καὶ
1186 2406 1292 2477 πρὸ
1330 2405 1390 2473 ἐξ
1423 2406 1646 2478 ἡμερῶν
1672 2406 1768 2461 τοῦ

191 2500 412 2570 Πάσχα,
442 2500 532 2552 ὅτε
564 2499 668 2553 ἔδει
701 2497 1071 2571 ἁγορασθῆναι
1109 2499 1203 2552 τὸν
1248 2498 1420 2569 ἀμνὸν
1466 2498 1561 2551 καὶ
1591 2515 1767 2569 τηρη-

188 2592 357 2661 θῆναι
395 2592 500 2655 ἐως
545 2591 647 2661 τῆς
692 2590 1308 2661 τεσσαρεσκαιδεκάτης,
1355 2590 1623 2661 συνέφαγε
1653 2593 1771 2655 τοῖς

189 2683 327 2755 περὶ
356 2684 449 2736 τὸν
478 2682 747 2754 Λάζαρον·
803 2683 932 2746 ἴσως
983 2682 1082 2753 τὴν
1127 2682 1344 2753 ἡμέραν
1384 2682 1483 2754 τὴν
1518 2681 1626 2753 πρὸ
1673 2681 1768 2737 τοῦ

186 2776 464 2847 ληφθῆναι
512 2774 577 2829 τὸ
628 2774 897 2845 πρόϐατον
935 2772 1091 2838 ἔθους
1123 2774 1279 2838 θντος
1322 2776 1436 2838 τοῖς
1492 2775 1769 2841 Ἰουδαίοις

184 2868 371 2939 ὀλίγον
399 2884 453 2919 τι
486 2865 900 2937 πανηγυρίζειν,
928 2866 1029 2920 οὑκ
1058 2866 1120 2918 ἐκ
1143 2864 1332 2935 νόμου,
1354 2864 1469 2919 ἀλλ’
1502 2866 1612 2921 ἀπὸ
1640 2884 1767 2922 συν-

184 2958 408 3030 ηθείας,
449 2958 536 3012 ἴνα
586 2957 724 3028 μετὰ
777 2957 837 3009 τδ
887 2955 1309 3028 παραληφθῆναι
1354 2957 1415 3012 τὸ
1471 2957 1764 3029 πρόϐατον,

186 3051 503 3123 σχολάσωσι
528 3049 712 3103 λοιπὸν
742 3049 847 3112 ἕως
873 3048 973 3118 τῆς
1005 3049 1218 3119 ἑορτῆς,
1247 3050 1492 3121 νηστείᾳ,
1521 3053 1639 3122 ῆτοι
1664 3051 1769 3105 ὀλι-

183 3141 414 3214 γοσιτίᾳ
438 3142 531 3195 καὶ
567 3142 890 3233 ἁγνισμοὶςί
907 3139 1160 3233 Φαίνεται
1188 3136 1281 3233 οῦν
1308 3144 1337 3195 ό
1369 3140 1574 3214 Κύριος
1604 3144 1766 3216 τιμήο
1794 3172 1839 3233 c

186 3250 290 3297 σας
325 3233 421 3286 καὶ
451 3235 509 3285 ἐν
532 3232 706 3304 τούτῳ
731 3231 801 3285 τὰ
840 3230 939 3301 τῆς
983 3231 1178 3303 ἑορτῆς
1221 3231 1338 3304 ἐθη.
1380 3233 1769 3306 Καταπληττόι-

189 3343 357 3398 μενος
384 3325 442 3378 δέ
475 3326 503 3378 ό
535 3324 927 3397 εὑαγγελιστής
976 3342 1163 3395 φησιν,
1191 3325 1274 3378 ὅτι
1320 3326 1348 3378 6
1391 3328 1770 3399 τετραήμερος

184 3418 387 3488 νεκρὸς
421 3416 673 3488 συνήσθιε
704 3417 783 3488 τῷ
809 3417 1052 3490 Χριστῷ,
1080 3419 1161 3480 είς
1188 3416 1497 3488 ὑπόμνησιν
1522 3418 1623 3488 τῆς
1649 3418 1769 3472 θεο-

187 3505 439 3579 πρεποῦς
472 3505 637 3559 αὑτοῦ
676 3504 943 3574 ἐξουσίας.
985 3505 1208 3574 Είσάγει
1233 3506 1290 3559 δὲ
1329 3503 1389 3570 ἐξ
1416 3505 1638 3578 ἀγάπης
1667 3507 1769 3579 τῆς

187 3602 268 3662 είς
294 3598 554 3670 Χριστὸν,
593 3599 692 3669 τὴν
724 3599 953 3671 Μάρθαν
981 3597 1355 3660 διακονοῦσαν,
1404 3598 1496 3653 καὶ
1524 3601 1638 3662 τοῖς
1668 3598 1768 3669 τῆς

186 3692 472 3763 τραπέζης
503 3691 882 3763 ὑπηρετοῦσαν
911 3694 1115 3755 πόνοις.

261 3787 374 3838 Kal
410 3784 450 3851 ἠ
489 3784 699 3853 Μάρθα
726 3783 1013 3853 διηκόνει.

256 3878 378 3947 Τῆς
407 3878 641 3949 Μάρθας
671 3878 1069 3950 ὑηρετούσης,
1094 3879 1129 3950 ἡ
1163 3877 1352 3951 Μαρία
1375 3878 1644 3947 ἀλείψασα
1676 3876 1767 3931 τὸν

187 3969 401 4040 Κύριον
434 3971 611 4041 μύρῳ,
647 3969 927 4023 ἐτελείωσε
957 3970 1056 4043 τὴν
1081 3972 1162 4035 εἰς
1196 3971 1357 4026 αὑτὸν
1387 3970 1631 4043 ἀγάπην,
1668 3970 1766 4025 καὶ

185 4060 276 4115 διὰ
306 4061 421 4115 τῶν
449 4061 562 4124 δύο,
606 4061 809 4125 τέλειος
851 4063 880 4115 ό
907 4061 1008 4132 τῆς
1050 4061 1272 4133 ἀγάπης
1298 4062 1423 4134 ὄρος
1452 4061 1764 4133 ἐτελειώθη.

187 4154 429 4208 Δυνατὸν
460 4154 518 4208 δὲ
565 4153 703 4226 πρὸς
753 4153 986 4225 θεωρίαν
1019 4153 1111 4207 τὸν
1161 4154 1339 4222 λόγον,
1374 4154 1465 4208 ἵνα
1515 4155 1615 4225 τὴν
1666 4153 1767 4225 μὲν

186 4245 424 4317 Μάρθαν
482 4245 745 4315 εῐπωμεν,
800 4245 900 4318 τὴν
952 4244 1262 4318 πρακτικὴν
1312 4246 1533 4317 ἀρετὴν,
1566 4245 1665 4317 τὴν
1711 4246 1768 4300 δὲ

186 4339 433 4410 Μαρίαν,
478 4337 576 4408 τὴν
616 4341 992 4408 πνευματικὴν
1049 4335 1301 4408 θεωρίαν,
1345 4336 1467 4408 ἤτις
1532 4334 1764 4389 κατόπιν

189 4429 365 4498 βαίνει
416 4428 517 4499 τῆς
554 4429 889 4502 πρακτικῆς·
922 4427 990 4480 δι’
1023 4419 1098 4481 ὧν
1128 4427 1192 4498 δὴ
1236 4426 1618 4499 πληρεστάτην
1665 4425 1761 4499 τὴν

188 4522 264 4585 εἰς
320 4520 559 4592 Χριστὸν
606 4520 825 4592 ἀγάπην
889 4518 1331 4589 ἐπιδεικνύμεθα.
1396 4517 1604 4586 ΙἈλλοι,
1662 4518 1761 4590 τὴν

186 4614 421 4687 Μάρθαν
446 4613 525 4676 είς
552 4611 722 4666 τύπον
764 4610 943 4666 νοοῦσι
971 4611 1070 4683 τῆς
1102 4610 1334 4675 παλαιᾶς
1381 4610 1606 4682 Γραφῆς
1658 4612 1763 4665 ὑπ-

188 4704 564 4777 ηρετουμένην
593 4702 834 4775 Χριστῷ.
883 4702 1382 4774 Μεταπλαττομένη
1412 4702 1519 4775 γὰρ
1554 4704 1587 4774 ἡ
1621 4704 1766 4756 ἱστο-

194 4797 283 4869 ρία
328 4796 469 4868 πρὸς
512 4796 745 4869 θεωρίαν
801 4794 1194 4866 πνευματικὴν,
1248 4796 1347 4869 τὴν
1378 4794 1473 4848 τοῦ
1518 4795 1769 4866 Σωτῆρος

192 4868 471 4958 τράπεζαν
500 4868 810 4959 συγκροτεῖ.
828 4887 1055 4951 Πολλαῖς
1080 4886 1188 4958 γὰρ
1217 4886 1544 4958 μαρτυρίαις
1564 4888 1766 4958 κεχρή-

198 4981 335 5048 μεθα
362 4982 478 5043 τοῖς
508 4979 659 5052 παρὰ
695 4978 931 5052 Χριστοῦ
966 4979 1348 5050 συνιστάμενοι
1379 4979 1633 5049 δόγμασιο
1668 4980 1767 5050 τὴν

193 5070 243 5122 δὲ
286 5071 512 5142 Μαρίαν
556 5071 655 5142 τὴν
708 5069 1069 5141 εὑαγγελικὴν
1128 5069 1434 5138 παίδευσιν,
1466 5070 1564 5141 τὴν
1611 5070 1768 5142 δίκην

196 5162 366 5234 μύρου
394 5162 688 5233 τρίϐουσαν
715 5161 809 5216 τοῦ
841 5161 1044 5232 Κυρίου
1070 5161 1197 5223 τοὺς
1236 5161 1426 5227 πόδας,
1448 5159 1596 5213 τοῦτ’
1629 5161 1764 5226 ἐστι,

191 5249 288 5317 τὴν
316 5250 446 5319 περὶ
492 5249 590 5319 τὴν
619 5248 724 5319 γῆν
754 5247 1053 5318 γενομένην
1096 5246 1243 5318 αύτῷ
1286 5236 1617 5318 οἰκονομίαν,
1674 5249 1768 5301 καὶ

192 5341 318 5411 ὅλην
346 5339 446 5409 τὴν
491 5339 596 5408 γῆν
652 5339 753 5408 τῆς
796 5338 1023 5400 εὐωδίας
1073 5337 1406 5410 πληροῦσαν,
1437 5339 1558 5409 ῆτις
1619 5340 1767 5397 ἐστὶν

189 5426 337 5494 οἶκος
365 5432 464 5498 τῆς
497 5429 716 5499 ἀπάσης
764 5427 1200 5501 ἀνθρωπότητος.
1242 5429 1445 5494 Ἄλλοι,
1480 5430 1579 5499 τὴν
1605 5430 1763 5500 Μάρ-

193 5522 289 5575 θαν
322 5523 422 5591 μὲν
441 5520 687 5589 λέγουσι,
718 5520 817 5590 τὴν
838 5521 947 5573 τῶν
982 5520 1249 5573 Ἰουδαίων
1289 5522 1638 5590 Συναγωγὴν,
1667 5518 1764 5592 τὴν

189 5613 274 5666 διὰ
302 5612 414 5666 τῶν
456 5611 735 5683 σαρκικῶν
785 5612 1045 5665 θέλουσαν
1090 5612 1418 5684 θεραπεύειν
1463 5613 1554 5665 τὸν
1608 5612 1761 5666 Θεόν’

189 5703 286 5774 τὴν
309 5704 370 5757 δέ
398 5705 641 5776 Μαρίαν,
672 5703 769 5775 τὴν
796 5704 855 5770 ἐξ
882 5705 1051 5759 ἐθνῶν
1093 5705 1441 5776 Ἐκκλησίαν,
1475 5705 1573 5776 τὴν
1596 5724 1763 5760 πνευ-

199 5795 430 5865 ματικὰς
459 5797 653 5859 θυσίας
702 5795 797 5849 καὶ
842 5794 1016 5865 εὐώδη
1048 5795 1228 5848 πίστιν
1273 5797 1656 5867 προσάγουσαν
1680 5793 1758 5865 τῷ

551 5890 820 5951 l‘ATnOL.
861 5894 974 5953 (in.
1009 5890 1265 5949 LXXIV.

1876 585 1959 637 vel
1992 585 2096 637 hoc
2125 584 2183 637 in
2215 592 2594 654 argumentum
2623 584 2836 640 timoris
2870 586 3134 649 trahunt,
3160 584 3307 657 quod
3337 602 3449 644 non

1877 673 2135 730 ascendat
2166 674 2218 729 in
2250 674 2595 740 Jerusalem,
2628 683 2888 746 tanquam
2922 677 3023 733 sibi
3068 676 3174 747 ipsi
3214 694 3449 734 succur-

1876 780 1996 819 rere
2029 780 2136 819 non
2169 764 2346 835 possit
2372 764 2426 818 in
2455 764 2551 819 tali
2575 764 2662 820 die
2682 805 2696 830 ,
2728 765 2959 837 ideoque
2988 768 3245 823 consulto
3277 770 3444 824 absit.

1873 855 1973 911 Vel
2007 857 2173 912 etiam
2205 858 2350 912 inter
2382 872 2441 912 se
2489 856 2606 910 haec
2646 855 2840 911 dicunt
2887 858 2923 912 ii
2967 859 3171 928 quibus
3214 861 3447 932 impera-

1874 955 1988 1002 tum
2020 956 2139 1004 erat
2182 949 2336 1002 illum
2376 947 2876 1019 comprehendere,
2914 949 3029 1020 jam
3067 952 3312 1007 animum
3353 952 3450 1007 de-

1874 1039 2207 1110 spondentes
2228 1080 2243 1103 ,
2291 1040 2739 1112 quandoquidem
2783 1042 3028 1097 nondum
3063 1058 3190 1103 eum
3221 1044 3452 1101 venien-

1874 1140 1982 1188 tem
2011 1131 2290 1197 videhant,
2316 1142 2371 1187 et
2390 1133 2458 1188 ad
2479 1134 2747 1204 imperata
2775 1133 3131 1205 exsequenda
3160 1135 3451 1194 celerrime

1873 1239 1933 1281 se
1977 1224 2393 1296 comparabant.

1943 1314 2036 1369 XII
2058 1356 2073 1382 ,
2109 1317 2160 1372 l.
2206 1315 2364 1372 Iesus
2396 1334 2516 1391 ergo
2545 1328 2669 1377 ante
2696 1333 2786 1373 sea:
2815 1316 2926 1374 dies
2957 1317 3181 1379 Pascha:
3226 1319 3363 1375 venit
3395 1320 3451 1374 in

1875 1409 2187 1464 Betltaniam
2209 1449 2224 1474 ,
2254 1418 2364 1465 etc.

1941 1500 2285 1574 Contemptis
2310 1498 2622 1557 Iudaeorum
2648 1498 2866 1555 insidiis
2885 1498 3151 1556 Dominus
3172 1515 3232 1556 se
3254 1508 3451 1572 sponte

1872 1607 1936 1646 ac
1968 1593 2113 1647 ultro
2143 1592 2210 1647 ad
2248 1591 2565 1662 patiendum
2613 1591 2816 1654 tradit,
2857 1593 3085 1661 quando
3128 1592 3317 1647 aderat
3359 1609 3454 1663 pa-

1871 1681 2041 1741 tiendi
2074 1692 2326 1752 tempus,
2360 1682 2640 1752 profectus
2689 1681 2743 1735 in
2788 1680 3110 1736 Bethaniam
3140 1690 3194 1743 et
3222 1698 3331 1737 non
3362 1681 3450 1739 Je-

1874 1776 2148 1840 rusalem,
2182 1790 2251 1830 ne
2287 1783 2513 1847 repente
2540 1788 2572 1828 a
2600 1771 2805 1830 Judaeis
2847 1785 3181 1845 conspectus
3226 1775 3352 1833 illos
3394 1776 3450 1831 in

1872 1871 2015 1925 iram
2054 1869 2412 1935 accenderet,
2449 1866 2546 1924 sed
2583 1884 2679 1939 per
2719 1867 2956 1932 famam,
2990 1884 3100 1940 qua
3130 1869 3188 1924 in
3219 1869 3450 1940 propin-

1871 1976 1981 2033 quo
2031 1975 2153 2016 esse
2198 1960 2500 2023 diceretur,
2527 1958 2777 2016 furentes
2820 1974 3011 2014 eorum
3052 1959 3272 2014 animos
3314 1974 3451 2014 non-

1872 2056 2011 2112 nihil
2041 2053 2450 2125 comprimeret.
2484 2051 2753 2124 Epulatur
2787 2067 2919 2107 vero
2954 2066 3076 2107 cum
3110 2050 3358 2117 Lazaro,
3386 2066 3451 2106 ea

1872 2164 1933 2203 re
1980 2156 2321 2219 spectatores
2353 2145 2682 2209 admonens,
2707 2144 3084 2214 certioresque
3128 2142 3341 2198 faciens
3384 2141 3453 2199 de

1871 2252 1972 2293 sua
2033 2236 2221 2292 divina
2276 2235 2538 2305 potentia.
2583 2232 2838 2290 Ostendit
2891 2248 3023 2289 vero
3079 2232 3451 2304 evangelistes

1872 2329 1975 2385 hac
2003 2329 2325 2384 narratione
2342 2327 2626 2387 Christum
2654 2326 2799 2382 haud
2832 2327 3229 2397 contempsisse
3251 2326 3449 2395 legem,

1872 2421 2015 2477 unde
2045 2427 2099 2476 et
2132 2427 2259 2479 ante
2289 2419 2433 2475 diem
2469 2427 2687 2477 sextum
2738 2417 2995 2482 Paschae.
3027 2432 3153 2474 cum
3179 2417 3449 2475 emendus

1870 2520 1992 2569 erat
2021 2526 2197 2580 agnus
2231 2518 2284 2567 et
2314 2510 2624 2567 servandus
2656 2524 2830 2581 usque
2874 2508 2940 2565 ad
2978 2509 3253 2565 decimum
3278 2523 3449 2579 quar-

1869 2612 2016 2669 tum,
2049 2602 2305 2673 epulatus
2336 2610 2421 2657 est
2451 2618 2580 2657 eum
2616 2600 2864 2656 Lazaro:
2917 2601 3061 2657 forte
3095 2600 3242 2671 quod
3277 2602 3450 2656 moris

1869 2701 1989 2749 erat
2017 2691 2222 2749 Judaeis
2258 2706 2370 2746 uno
2396 2691 2510 2757 die,
2561 2699 2858 2762 antequam
2916 2700 3179 2761 caperent
3213 2707 3439 2763 agnum,

1870 2783 2127 2840 nonnihil
2156 2782 2350 2839 feriari
2372 2822 2387 2847 ,
2412 2800 2522 2838 non
2553 2798 2621 2838 ex
2649 2783 2767 2854 lege
2794 2782 2893 2839 sed
2921 2797 2985 2839 ex
3012 2782 3414 2849 consuetudine
3432 2824 3446 2849 ,

1871 2886 1950 2944 ut,
1983 2885 2108 2949 post
2141 2892 2260 2932 eam
2297 2886 2665 2946 assumptam,
2703 2875 2902 2932 darent
2929 2891 3151 2947 operam
3185 2868 3449 2947 deinceps

1870 2984 2045 3040 usque
2071 2968 2137 3023 ad
2172 2966 2373 3023 festum
2403 2965 2621 3035 jejunio
2644 3007 2658 3032 ,
2693 2965 2810 3022 sive
2856 2968 3121 3038 paucitati
3170 2971 3351 3025 victus
3393 2978 3450 3030 et

1869 3059 2312 3132 purgationibus.
2345 3056 2577 3112 Videtur
2607 3045 2738 3128 Ergo
2766 3058 2930 3130 695
2966 3058 3234 3116 Dominus
3279 3062 3448 3124 etiam

1872 3152 1932 3208 in
1964 3151 2069 3207 hoc
2102 3166 2309 3206 morem
2350 3150 2478 3209 festi
2524 3149 2786 3204 coluisse.
2822 3151 3278 3211 Admirabundus
3316 3170 3451 3209 vero

1869 3243 2236 3316 evangelistes
2284 3243 2398 3307 ait,
2455 3242 2886 3313 quatriduanum
2936 3254 3212 3300 mortuum
3259 3246 3452 3316 epula-

1836 3346 1985 3393 .tum
2034 3352 2159 3393 esse
2213 3349 2339 3391 cum
2375 3333 2637 3401 Christo,
2691 3334 2748 3392 in
2795 3334 2997 3392 divina:
3029 3337 3150 3407 ejus
3191 3339 3453 3409 potentiae

1871 3427 2480 3484 commemorationem.
2522 3424 2740 3485 lndicat
2781 3443 2915 3483 vero
2952 3428 3120 3484 etiam
3154 3445 3221 3485 ex
3252 3429 3450 3488 aﬂ‘ectu

1869 3523 1927 3576 in
1961 3518 2241 3577 Christum
2264 3561 2278 3584 ,
2317 3518 2589 3575 Martham
2622 3519 3035 3576 ministrantem
3086 3536 3325 3589 mensae,
3372 3523 3452 3580 la-

1871 3616 2145 3683 boresque
2176 3608 2453 3679 ejusmodi
2496 3609 2814 3669 obeuntem.

1942 3790 2065 3857 Xll,
2099 3791 2154 3844 2.
2198 3785 2523 3843 Ει.Μαι·ιΙια
2565 3785 2928 3845 ministrabat.

1944 3884 2159 3940 Martha
2186 3880 2536 3936 ministrante
2561 3919 2577 3944 ,
2601 3878 2772 3934 Maria
2793 3878 3134 3951 perfundens
3162 3883 3449 3944 Dominum

1873 3978 2158 4048 unguento
2179 4012 2194 4038 ,
2229 3984 2449 4026 omnem
2474 3969 2529 4024 in
2559 3985 2682 4027 eum
2718 3970 3067 4028 dilectionem
3101 3988 3451 4031 consumma-

1869 4069 1982 4131 vit,
2011 4082 2075 4121 ac
2102 4080 2199 4136 per
2228 4064 2419 4121 ambas
2452 4063 2624 4119 totius
2651 4064 2963 4122 dilectionis
2998 4067 3267 4127 terminus
3296 4086 3451 4127 com-

1865 4161 2046 4231 pletus
2076 4164 2178 4213 est.
2218 4155 2406 4213 Potest
2444 4163 2499 4211 et
2532 4155 2600 4210 ad
2637 4157 3071 4225 speculationem
3107 4159 3296 4217 referri
3333 4178 3452 4219 sero

1867 4265 1976 4314 me,
2011 4256 2071 4304 ut
2108 4246 2378 4301 Martham
2410 4244 2633 4317 quidem
2661 4246 2999 4315 accipiamus
3030 4248 3288 4304 virtutem
3318 4265 3450 4319 pra-

1872 4342 2095 4405 ctieam,
2125 4338 2351 4393 Mariam
2382 4337 2729 4408 spiritualem
2758 4338 3307 4410 contemplationem,
3332 4356 3451 4411 qua:

1873 4430 2175 4503 practicam
2206 4444 2237 4483 a
2272 4436 2429 4498 tergo
2477 4428 2751 4497 sequitur,
2798 4445 2894 4500 per
2925 4446 3065 4500 quas
3099 4431 3450 4489 absolutissi-

1874 4537 2020 4577 mam
2074 4534 2209 4591 erga
2266 4520 2436 4575 Deum
2500 4518 2854 4576 dilectionem
2906 4522 3284 4593 designamus.
3339 4524 3448 4581 Alii

1873 4611 2147 4667 Martham
2204 4611 2260 4666 in
2322 4610 2552 4681 ﬁguram
2609 4620 2840 4667 sumunt
2890 4615 3097 4671 veteris
3147 4613 3448 4685 Scriptum

1871 4705 2274 4760 ministrantem
2310 4701 2553 4756 Christo.
2599 4700 3017 4759 Transformata
3052 4705 3327 4776 siquidem
3361 4706 3445 4761 hi-

1868 4797 2042 4852 storia
2083 4796 2137 4849 in
2171 4794 2691 4865 contemplationem
2722 4795 3100 4867 spiritualem,
3134 4796 3445 4853 Servatoris

1873 4902 2118 4944 mensam
2152 4886 2380 4941 instruit
2416 4897 2472 4942 et
2512 4887 2765 4945 adornat.
2805 4888 2987 4975 Multis
3018 4887 3163 4943 enim
3215 4888 3448 4945 nitimur

1870 4977 2199 5034 testimoniis
2233 4975 2301 5031 de
2335 4976 2556 5031 Christo
2585 5018 2600 5042 ,
2636 4975 2913 5047 dogmatis
2945 4976 3066 5045 ejus
3095 4975 3404 5032 conﬁrmati
3429 4976 3477 5045 ;’

1874 5066 2102 5122 Mariam
2136 5082 2269 5122 vero
2310 5067 2686 5137 evangelicam
2730 5067 3162 5131 institutionem,
3192 5082 3316 5137 qua:
3361 5050 3479 5122 in-I

1867 5169 1981 5215 star
2016 5160 2280 5231 unguenti
2312 5158 2531 5214 Domini
2560 5159 2728 5229 pedes
2762 5160 2955 5222 unxit,
2989 5158 3096 5212 hoc
3124 5165 3210 5214 est
3239 5158 3361 5227 ejus
3391 5158 3446 5213 in

1867 5262 2013 5308 terra
2048 5252 2435 5317 oeconomiam,
2479 5259 2643 5322 atque
2677 5251 2997 5307 universum
3035 5256 3311 5307 terrarum
3353 5264 3448 5305 or—

1866 5344 1988 5398 hem
2018 5342 2317 5413 fragrantia
2363 5342 2552 5398 odoris
2604 5341 2817 5409 implet,
2847 5355 2969 5410 qua}
2999 5346 3089 5393 est
3133 5340 3304 5395 totius
3353 5339 3448 5393 hu-

1866 5433 2148 5489 manitatis
2204 5433 2427 5489 domus.
2502 5432 2608 5487 Alii
2674 5430 2941 5484 Martham
3015 5430 3447 5502 interpretantur

1865 5520 2179 5577 Judaeorum
2235 5522 2620 5594 Synagogam,
2692 5536 2815 5590 qua:
2874 5536 2970 5590 per
3027 5522 3273 5578 carnalia
3332 5521 3447 5574 vult

1868 5616 2037 5671 Demn
2073 5615 2295 5679 colere;
2331 5613 2559 5668 Mariam
2600 5627 2730 5668 vero
2758 5611 3052 5668 conﬂatam
3091 5629 3158 5669 ex
3182 5611 3445 5683 gentibus

1866 5704 2192 5770 Ecclesiam,
2222 5721 2346 5776 quae
2375 5704 2683 5776 spiritualia
2736 5705 3012 5765 sacriﬁcia
3038 5712 3096 5761 et
3123 5711 3445 5760 suaveolen-

1866 5806 1976 5853 tem
2028 5798 2188 5865 tidem
2235 5797 2457 5852 Christo
2511 5797 2709 5864 oﬂert,
2762 5797 3131 5870 exprimitque
3179 5810 3210 5852 ε
3249 5804 3442 5850 sancta

2972 5891 3005 5951 3
