4010 6320
578 330 653 389 73

1608 336 1663 391 S.
1702 334 1979 391 CYRILLI
2019 331 2490 390 ALEXANDRINI
2526 336 2840 395 ARCHIEP.

3753 345 3826 397 76

581 453 703 530 ejus
727 468 895 510 carne
925 452 1360 509 benedictionem
1393 466 1490 523 per
1523 453 1812 523 mysticam
1858 451 2154 521 participa-

2269 456 2494 526 Κριστῷ,
2528 456 2622 510 καὶ
2652 457 3101 529 ἀναματτομένην
3131 460 3229 530 τὴν
3256 461 3320 513 ἐκ
3351 460 3449 530 τῆς
3469 459 3630 530 ἀγίας
3658 462 3828 515 αὐτοῦ

582 545 813 602 tionem.
865 543 1035 599 Otl‘ert
1070 556 1199 598 vero
1255 542 1476 609 libram,
1522 540 1668 612 quod
1706 548 1794 596 est
1842 540 2150 611 perfectum

584 637 818 708 pondus,
864 634 933 690 ad
973 632 1364 705 perfectionem
1407 629 1531 686 fidei
1564 630 1980 701 designandam.

649 802 785 875 ΧΠ,
838 809 890 864 3.
935 807 1134 863 Domus
1182 824 1305 863 vero
1350 806 1563 874 impleta
1619 817 1791 861 estea:
1840 804 1999 860 odore
2051 822 2153 859 uu-

568 901 784 974 *gucnti.

653 993 801 1050 Loco
828 991 1143 1063 fragrantia;
1183 976 1238 1046 et
1273 988 1481 1057 odoris,
1514 988 1718 1045 Christi
1766 989 2009 1061 cognitio
2055 992 2159 1044 im-

574 1088 798 1159 pletura
837 1093 957 1142 erat
992 1085 1182 1141 orbem
1223 1092 1522 1139 terrarum.
1557 1082 1784 1154 Repleta
1818 1084 1960 1139 enim
1995 1083 2161 1137 domo

578 1179 863 1234 suavitate
912 1177 1198 1250 unguenti,
1242 1175 1413 1231 veluti
1463 1176 1717 1247 symbolo
1766 1174 2161 1231 ostendebatur

586 1271 785 1327 domus
819 1269 912 1324 illa
942 1284 1063 1339 quae
1097 1268 1414 1338 propediem
1447 1266 1812 1338 spiritualiter
1848 1275 1965 1322 erat
2002 1265 2161 1337 perii-

586 1362 809 1419 cienda.
845 1360 1042 1416 Statim
1076 1360 1222 1417 enim
1260 1366 1382 1430 post
1411 1359 1725 1430 passionem
1759 1358 1988 1424 Christi,
2035 1359 2161 1413 uni-

588 1467 747 1511 versa
796 1463 943 1508 terra
991 1451 1149 1508 suavi
1190 1452 1362 1507 odore
1409 1458 1676 1521 tanquam
1717 1464 1915 1520 magna
1964 1448 2161 1508 domus

587 1553 869 1619 unguento
898 1546 1109 1617 repleta
1141 1551 1250 1600 est.
1284 1544 1383 1598 Illa
1410 1558 1542 1615 ergo
1569 1558 1665 1614 per
1697 1543 1750 1599 id
1794 1543 1940 1614 quod
1973 1543 2160 1600 sensui

588 1639 858 1709 sulijacet,
899 1636 1232 1709 praedicebat
1266 1635 1320 1690 id
1353 1634 1502 1704 quod
1537 1634 1641 1690 sub
1690 1633 2032 1690 intellectum
2067 1649 2162 1688 ca-

588 1729 669 1784 dit
697 1746 710 1784 :
742 1743 869 1784 nam
909 1727 1032 1798 ejus
1069 1741 1301 1799 corpore
1325 1726 1502 1780 instar
1533 1725 1798 1780 alabastri
1830 1734 2159 1795 compnncto

590 1834 655 1875 ac
684 1833 977 1891 percusso,
1021 1816 1359 1889 cognitionis
1399 1813 1567 1886 696
1614 1814 1986 1870 suaveolentia
2038 1815 2161 1870 uni-
2190 1790 2234 1852 Β

586 1929 806 1971 versum
837 1912 1024 1969 orbem
1059 1909 1320 1981 perfudit.

657 2003 774 2069 XII,
807 2004 862 2072 4,
889 2003 943 2060 5.
958 2003 1102 2058 Dicit
1126 2004 1290 2075 igitur
1310 1999 1344 2055 Ι
1350 1999 1482 2055 udas
1508 1999 1793 2056 Iscariotes
1822 2017 1841 2056 :
1869 2000 2048 2069 Quare
2069 2001 2165 2056 hoc

586 2103 914 2168 unguentum
938 2109 1042 2149 non
1064 2092 1222 2149 ueniit
1248 2091 1492 2146 trecentis
1517 2089 1774 2157 denariis,
1804 2099 1852 2145 et
1879 2092 2065 2145 datum
2086 2100 2162 2146 est

587 2189 760 2260 egenis
787 2189 813 2243 Ρ

661 2277 877 2334 Mulieri
914 2276 1173 2348 pietatem
1220 2288 1374 2330 suam
1425 2289 1554 2344 erga
1607 2272 1888 2330 Christum
1938 2276 2199 2349 testanti

590 2370 840 2443 proditor
874 2373 1182 2432 succenset,
1233 2365 1614 2436 actionemque
1665 2366 2031 2422 admiratione
2077 2367 2162 2422 di-

590 2477 752 2534 gnam
786 2460 983 2531 carpit,
1028 2458 1361 2528 simulatque
1395 2472 1454 2513 se
1478 2456 1751 2512 charitate
1783 2470 1916 2528 erga
1956 2472 2163 2528 paupe-

588 2553 928 2613 resmodum
958 2551 1378 2622 reprehendere,
1404 2548 1554 2619 quod
1576 2555 1916 2618 unguentum
1942 2547 2164 2602 offerret

588 2654 643 2703 et
669 2660 778 2701 non
803 2651 1112 2714 argentum.
1144 2642 1281 2695 Cum
1317 2648 1496 2694 autem
1530 2638 1583 2693 id
1615 2637 1760 2708 quod
1791 2652 1918 2692 vere
1958 2637 2163 2691 bonum

587 2745 675 2795 est
713 2737 1017 2807 ignoraret,
1044 2732 1181 2787 dicit
1215 2731 1319 2785 hoc
1347 2728 1542 2785 ludas.
1582 2727 1816 2800 Oportet
1848 2729 1992 2785 enim
2018 2729 2166 2784 obia-

589 2829 819 2891 tionem,
847 2840 970 2896 quae
1007 2823 1116 2879 iieo
1152 2822 1237 2883 iit,
1265 2819 1603 2892 pauperibus
1627 2818 1915 2874 anteferri.

658 2915 788 2980 XII.
823 2916 876 2971 ϐ.
924 2914 1075 2969 Dixit
1101 2924 1277 2968 autem
1305 2913 1425 2975 hoc,
1466 2928 1571 2965 non
1596 2911 1735 2981 quod
1765 2928 1847 2965 res
1883 2923 2164 2981 egenorum

590 3009 694 3080 ipsi
723 3022 866 3062 cura:
892 3013 1089 3072 essent,
1139 3002 1230 3058 sed
1276 3003 1401 3072 quia
1430 3000 1519 3068 fur
1565 3009 1702 3067 erat,
1732 3010 1781 3056 et
1835 3000 2033 3056 (oculos
2063 3002 2163 3053 Ita-

593 3102 740 3163 bens,
769 3107 876 3153 etc.
2193 3125 2235 3183 Ω

664 3189 907 3261 Exponit
945 3202 1173 3244 causam
1199 3188 1539 3259 evangelista
1570 3200 1669 3242 cur
1700 3184 1814 3238 ha‘c
1851 3183 2167 3254 loqueretur
2196 3180 2201 3185 ”

592 3282 788 3348 Judas,
830 3297 940 3336 non
977 3282 1126 3352 quod
1162 3296 1429 3352 pauperes
1468 3287 1710 3342 curaret,
1756 3278 1851 3333 sed
1893 3278 2038 3346 quod
2082 3275 2171 3330 fur
2213 3280 2221 3292 '

593 3383 741 3432 esset
789 3382 843 3429 et
877 3373 1201 3443 sacrilegus,
1255 3371 1364 3427 Deo
1409 3371 1622 3426 dicatas
1673 3369 1939 3438 pecunias
1990 3366 2172 3420 subri-

594 3467 774 3539 piens.
806 3465 1066 3522 Christus
1099 3479 1228 3519 vero
1253 3463 1539 3519 mulierem
1574 3461 1725 3516 omni
1759 3461 1921 3529 culpa
1949 3458 2167 3521 liberat,

595 3559 727 3615 dum
773 3558 992 3613 occulte
1029 3554 1368 3627 proditorem
1400 3553 1701 3624 redarguit,
1745 3552 1837 3623 qui
1865 3540 2015 3604 nulla
2040 3564 2166 3603 cum

598 3650 817 3705 ratione
848 3648 1011 3703 laude
1050 3647 1215 3718 digna
1240 3645 1686 3718 reprehenderet,
1713 3645 1943 3699 dicens:
1979 3660 1999 3694 ι
2038 3642 2171 3698 Sine

593 3741 890 3800 illamaDe
917 3741 1182 3813 unguenti
1214 3755 1343 3796 vero
1362 3739 1683 3809 perfusione
1712 3751 1937 3793 causam
1970 3735 2170 3800 reddit,

593 3832 741 3904 quod
767 3847 874 3886 non
903 3831 973 3885 ad
1023 3831 1234 3894 luxum’,
1281 3829 1375 3885 sed
1409 3829 1475 3883 ad
1518 3828 1839 3901 mysterium
1895 3825 2169 3895 quoddam

594 3922 743 3996 quod
778 3922 926 3977 circa
950 3921 1068 3992 ejus
1096 3921 1438 3992 sepulturam
1474 3920 1600 3985 iuit,
1634 3923 1845 3989 spectet
1876 3932 1890 3968 :
1922 3915 2026 3970 etsi
2050 3931 2171 3986 quae

595 4015 652 4072 id
716 4011 976 4077 faciebat,
1034 4012 1318 4082 ignoraret
1370 4011 1622 4084 mysterii
1687 4007 1958 4064 rationem
2004 4015 2170 4077 atque

598 4101 1192 4161 mconomiam.‘Multa
1238 4106 1384 4161 enim
1427 4100 1681 4158 nonnulli
1726 4107 1782 4155 et
1821 4099 2082 4154 dixerunt
2115 4107 2171 4154 et

598 4195 848 4250 fecerunt
882 4192 950 4249 ad
974 4195 1263 4267 mysticam
1297 4192 1605 4264 spectantia
1638 4191 1887 4259 ﬁguram,
1911 4191 2034 4245 licet
2068 4190 2172 4244 im-

598 4286 897 4359 prudentes
948 4296 1002 4342 et
1046 4286 1245 4358 ignari.
1309 4283 1417 4339 Sed
1467 4282 1614 4338 enim
1672 4282 1935 4336 Dominus
1974 4296 2171 4339 rursus

597 4374 846 4444 coarguit
871 4371 1090 4440 Judam,
1121 4374 1266 4445 quod
1293 4373 1410 4427 hate
1441 4385 1548 4424 non
1580 4368 1654 4424 ob
1682 4370 2031 4440 religionem,
2072 4372 2166 4427 sed

2261 548 2460 619 σαρκὸς
2492 549 2741 617 εὐλογίαν
2769 550 2856 602 διά
2886 550 2983 620 τῆς
3013 551 3280 619 μυστικῆς
3307 550 3678 621 μεταλήψεως.
3732 555 3833 606 At-

2258 657 2394 711 τραν
2423 640 2480 694 δὲ
2513 643 2801 711 προσάγει,
2837 642 2972 713 ὅπερ
3003 643 3119 696 ἐστὶ
3166 642 3369 707 τέλειος
3422 644 3683 716 σταθμὸς,
3740 646 3831 698 διὰ

2258 728 2318 782 τὸ
2347 730 2448 801 τῆς
2490 732 2725 797 πίστεως
2754 732 2980 786 τέλειον.

2341 821 2404 875 Ἡ
2428 820 2497 874 δὲ
2543 822 2699 876 οἰκία
2729 820 3042 891 ἐπληρώθη
3083 821 3153 877 ἐκ
3195 821 3307 892 τῆς
3353 821 3548 894 ὀσμῆς
3577 825 3682 879 τοῦ
3715 827 3832 893 μύ-

2250 931 2388 983 pou.

2343 1005 2430 1059 Ἔν
2459 1004 2608 1070 τάξει
2650 1007 2897 1070 εὐωδίας.
2928 1007 2962 1078 ἡ
2999 1005 3095 1061 τοῦ
3128 1007 3366 1080 Χριστοῦ
3394 1008 3596 1077 γνῶσις
3634 1007 3835 1079 ἔμελλε

2262 1099 2502 1170 πληροῦν
2549 1099 2642 1153 τὸν
2689 1101 2913 1169 κόσμον.
2958 1099 3066 1153 Τοῦ
3101 1101 3211 1171 γάρ
3258 1098 3408 1154 οἴκου
3451 1099 3834 1172 πληρωθέντος

2259 1193 2359 1260 τῆς
2396 1193 2460 1244 ἐκ
2490 1189 2586 1243 τοῦ
2628 1189 2800 1261 μύρου
2838 1190 3082 1255 εὐωδίας,
3117 1191 3460 1262 συμϐολικῶς
3488 1192 3834 1246 ἐπεδείκνυτο

2260 1281 2487 1345 ἐκεῖνος,
2531 1282 2669 1352 ὅπερ
2712 1281 3094 1352 πνευματικῶς
3135 1281 3238 1336 οὐκ
3272 1283 3353 1345 είς
3384 1283 3601 1354 μακρὰν
3634 1284 3836 1337 ἀποτε-

2261 1372 2518 1444 λεσθῆναι
2556 1372 2804 1443 έμελλεν.
2844 1373 3020 1438 Εὐθὺς
3054 1373 3165 1445 γὰρ
3210 1373 3351 1443 μετά
3394 1372 3457 1426 τὸ
3508 1373 3699 1438 πάθος,
3733 1374 3835 1446 τῆς

2261 1463 2500 1536 Χριστοῦ
2533 1464 2761 1532 εὐωδίας
2794 1464 2828 1535 ή
2880 1464 3145 1537 σύμπασα
3169 1465 3483 1536 οίκουμένη,
3512 1464 3703 1537 ῶσπερ
3735 1467 3836 1536 μέο

2261 1572 2365 1626 γας
2392 1552 2559 1633 οἶκος,
2585 1555 2878 1628 ἐπληρώθη
2909 1556 3103 1627 μύρου.
3145 1555 3236 1627 Τῷ
3265 1556 3441 1613 τοίνυν
3469 1555 3737 1629 αἰσθητῷ,
3771 1557 3834 1610 τὸ

2262 1638 2459 1719 νοητὸν
2499 1647 2680 1718 ἐκείνη
2721 1650 3052 1719 προεμήνυε’
3098 1645 3194 1700 τοῦ
3224 1647 3331 1719 γὰρ
3371 1647 3620 1719 σώματος
3663 1648 3832 1703 αὐτοῦ

2262 1738 2637 1811 ἀλλαϐάστρου
2685 1738 2841 1809 δίκην
2887 1739 3327 1810 ἐκκεντηθέντος,
3359 1742 3394 1812 ή
3428 1742 3528 1811 τῆς
3574 1739 3833 1809 γνώσεως

2263 1830 2460 1885 εὐωδία
2480 1831 2572 1886 τδν
2597 1830 2718 1887 ὅλον
2744 1830 3030 1903 ἐπλήρωσε
3058 1832 3286 1903 κόσμον.
3529 1836 3544 1856 ‘

2332 2008 2502 2081 Λέγει
2529 2005 2644 2063 οὖν
2683 2007 2904 2074 Ἰούδας
2936 2011 2969 2063 ό
3021 2009 3431 2078 Ἰσκαριώτης-ο
3463 2011 3628 2065 Atat!
3656 2010 3835 2066 τοῦτο

2261 2102 2327 2156 τὸ
2355 2103 2549 2170 μύρον
2588 2102 2698 2155 οὐκ
2736 2099 2965 2170 ἐπράθη
2997 2100 3356 2168 τριακοσίων
3374 2099 3696 2171 δηναρίων,
3735 2099 3836 2159 καί

2262 2194 2442 2263 ἐδόθη
2481 2192 2738 2263 πτωχοῖς
2757 2208 2777 2256 ;
3242 2253 3244 2256 ν

2345 2284 2604 2354 Ἐπιτιμᾷ
2632 2286 2661 2336 6
2686 2281 2951 2353 προδότης
2979 2283 3045 2352 τῇ
3072 2281 3295 2350 γυναικὶ
3318 2280 3702 2353 ἐπιδειξαμένῃ
3736 2281 3837 2353 τὴν

2263 2376 2343 2440 εἰς
2374 2374 2609 2445 Χρὶστδν
2638 2372 2943 2436 εὐσέϐειαν,
2977 2373 3075 2426 καὶ
3097 2371 3197 2441 τῆς
3223 2372 3557 2441 ἀειαγάστου
3580 2372 3835 2444 πράξεως

2265 2463 2715 2534 ἐπιλαμϐάνεται,
2748 2463 2841 2515 καὶ
2869 2465 3249 2532 προσποιεῖται
3296 2462 3384 2516 διά
3425 2462 3529 2532 τῆς
3581 2465 3664 2527 εἰς
3708 2464 3835 2525 τούς

2266 2556 2513 2626 πτωχοὺς
2563 2555 2783 2624 ἀγάπης
2840 2552 3173 2624 μέμφεσθαι,
3224 2552 3357 2608 διότι
3433 2553 3608 2624 μύρον
3656 2571 3833 2626 προσ·

2265 2643 2448 2715 έφερε,
2475 2644 2569 2696 καὶ
2595 2643 2695 2696 οὐκ
2727 2642 3009 2715 ἀργύριον.
3028 2642 3259 2712 Ἀγνοῶν
3280 2643 3336 2697 δὲ
3363 2644 3423 2698 τὸ
3446 2646 3616 2709 ὅντως
3646 2646 3836 2710 καλὸν,

2264 2735 2410 2803 λέγει
2438 2734 2596 2787 τοῦτο
2619 2735 2647 2787 6
2686 2733 2905 2796 Ἰούδας.
2941 2734 3032 2786 Δεῖ
3057 2734 3165 2806 γὰρ
3188 2735 3287 2806 τὴν
3317 2736 3397 2799 είς
3429 2735 3561 2797 Θεὸν
3589 2736 3837 2809 δωροςρο·

2266 2826 2408 2898 ρίαν,
2444 2825 2840 2897 προτιμοτέραν
2869 2821 3139 2879 εἶναιτῶν
3175 2827 3427 2898 πτωχῶν.

2335 2911 2482 2971 Εῒπε
2516 2913 2585 2967 δὲ
2612 2913 2807 2978 τοῦτο,
2837 2915 2949 2983 οὐχ
2983 2913 3073 2967 ὅτι
3101 2915 3234 2984 περὶ
3263 2914 3380 2971 τῶν
3417 2918 3669 2989 πτωχῶν
3701 2920 3840 2989 ἔμε-

2263 3009 2396 3071 λεν,
2428 3005 2565 3060 ἀλλ’
2612 3003 2701 3057 ὅτι
2751 3005 3020 3072 κλέπτης
3050 3001 3129 3074 ἦν
3157 3005 3255 3060 καὶ
3299 3006 3365 3061 τὸ
3398 3010 3846 3082 γλωσσόκομον

2265 3095 2411 3169 εἶχε,
2437 3099 2531 3151 καὶ
2559 3096 2627 3150 τὰ
2658 3096 2807 3167 ἑξῆς.
2923 3118 2933 3128 ι

2350 3189 2407 3242 '0
2444 3187 2628 3259 μέντοι
2675 3187 3064 3259 εὐαγγελιστὴς
3093 3188 3366 3260 ἐξηγεῖται
3402 3192 3507 3263 τὴν
3538 3193 3739 3261 αἰτίαν,
3770 3195 3845 3249 δι’

2266 3282 2332 3353 ἢν
2364 3278 2535 3332 ταῦτα
2566 3277 2718 3332 εἶπεν
2749 3281 2782 3332 6
2810 3279 3030 3345 Ἰούδας,
3080 3280 3162 3336 ὅτι
3198 3282 3296 3353 οὐχ
3328 3283 3405 3346 ὼς
3451 3284 3561 3338 τῶν
3590 3287 3851 3357 πενήτων

2264 3369 2583 3439 κηδόμενος,
2614 3367 2751 3422 ἀλλά
2788 3368 2870 3422 ὅτι
2906 3369 3143 3441 κλέπτης
3179 3366 3249 3441 ἦν
3294 3371 3393 3426 καὶ
3427 3372 3722 3443 ἱερόσυλος,
3772 3376 3849 3428 τὰ

2266 3459 2343 3530 τῷ
2381 3459 2501 3530 Θεῷ
2527 3459 2890 3530 ἁνατιθέμενα
2917 3462 3176 3533 χρήματα
3206 3463 3473 3517 κλέπτων.
3510 3465 3626 3519 Ka‘t
3653 3467 3683 3519 6
3706 3466 3848 3537 Xp:~

2268 3550 2390 3615 στὺς
2416 3550 2473 3603 δὲ
2520 3550 2698 3619 πάσης
2744 3550 2922 3613 αἰτίας
2953 3552 3244 3624 ἐλευθέραν
3274 3553 3568 3623 ἀποφαίνει
3611 3555 3711 3626 τὴν
3739 3572 3847 3625 γυ-

2266 3646 2445 3708 ναῖκα,
2475 3642 2541 3695 δι’
2568 3637 2651 3723 ὧν
2670 3643 3168 3714 ἐγκεκαλυμμένως
3198 3646 3409 3717 ἐλέγχει
3435 3648 3526 3701 τὸν
3551 3649 3850 3720 προδότην,

2267 3733 2367 3786 οὐκ
2418 3732 2655 3800 εὐλόγως
2687 3731 3012 3803 αἰτιώμενον
3039 3735 3108 3787 τὰ
3154 3736 3377 3789 ἐπαίνου
3434 3736 3582 3803 ἄξια,
3643 3739 3848 3809 λέγων,

2275 3821 2737 3893 ι’Δφεςηαύτήν.»
2784 3823 3231 3892 Ἀπολογεῖταιδέ
3252 3827 3389 3897 ὑπὲρ
3419 3828 3519 3897 τῆς
3540 3829 3636 3882 τοῦ
3668 3830 3848 3901 μύρου

2267 3911 2520 3983 κρίσεως,
2538 3911 2598 3965 οὐ
2615 3909 2704 3964 διὰ
2722 3910 2933 3984 τρδφὴν
2957 3915 3261 3980 γεγονυίας,
3284 3915 3421 3969 ἀλλὰ
3446 3916 3535 3971 διά
3553 3933 3607 3970 τι
3634 3920 3848 3992 μυστή-

2273 4003 2558 4075 ριον,ὄπερ
2590 4005 2669 4069 είς
2698 4004 2788 4058 τδν
2818 4003 2982 4058 αὐτοῦ
3000 4006 3222 4075 γέγονεν
3251 4007 3643 4078 ἐνταφιασμδν,
3673 4011 3723 4064 εί
3748 4012 3849 4065 καὶ

2268 4094 2517 4165 ἡγνόειή
2558 4095 2832 4166 ποιήσασα
2863 4096 2958 4150 τοῦ
3012 4099 3310 4168 μυστηρίου
3355 4099 3452 4170 τὴν
3505 4101 3847 4170 οἰκονομίαν.

2269 4185 2448 4239 Πολλὰ
2465 4187 2575 4258 γάρ
2592 4204 2736 4251 τινες
2767 4188 2862 4241 καὶ
2894 4183 3046 4243 εἷπον
3068 4190 3160 4244 καὶ
3191 4190 3453 4260 ἐποίησαν
3473 4192 3554 4255 είς
3583 4193 3849 4263 μυστικὸν

2270 4277 2483 4350 δρῶντα
2510 4279 2681 4333 τύπον
2709 4280 3049 4348 ἀγνοοῦντες.
3074 4282 3263 4352 Ὅμως
3310 4284 3338 4335 6
3389 4282 3595 4355 Κύριος
3631 4285 3849 4356 ἐλέγχει

2271 4373 2434 4426 πάλιν
2460 4373 2550 4426 τὸν
2566 4372 2786 4438 Ἰούδαν,
2812 4373 2893 4426 ὅτι
2918 4373 2978 4426 οὐ
3006 4372 3077 4426 δι’
3105 4372 3389 4427 εὐλάϐειαν
3420 4374 3595 4428 ταῦτα
3629 4375 3847 4443 ἔλεγεν,

596 4464 671 4520 ob
698 4465 878 4534 turpis
911 4464 1050 4518 lucri
1097 4464 1452 4534 cupiditatem
1495 4461 1724 4525 diceret,
1770 4468 1933 4531 atque
1969 4462 2166 4532 exiguo

2271 4463 2385 4516 ἀλλ’
2412 4465 2494 4517 ὃτι
2521 4465 2911 4536 αἰσχροκερδὴς
2934 4460 3022 4536 ἦν,
3052 4466 3144 4519 καὶ
3170 4466 3237 4519 δι’
3262 4465 3440 4534 ὀλίγον
3471 4466 3682 4539 κέρδος,
3708 4484 3850 4537 προ-

595 4555 887 4613 admodum
941 4556 1314 4612 emolumento
1365 4553 1689 4624 magistrum
1735 4554 2055 4624 proditurus
2084 4572 2173 4613 es-

593 4655 698 4705 set.
733 4646 947 4718 Quippe
981 4646 1279 4717 sepuiturae
1321 4652 1378 4699 et
1404 4645 1598 4699 mortis
1648 4645 1856 4699 mentio
1899 4644 1953 4700 id
1992 4646 2172 4701 decla-

592 4755 720 4796 rare
763 4739 1005 4794 videtur.
1054 4734 1293 4791 Adducit
1361 4735 1526 4789 etiam
1583 4737 1853 4790 rationem
1911 4737 2170 4792 Servator

591 4827 754 4882 nobis
812 4839 876 4879 ac
926 4821 1375 4894 persuasionem,
1428 4822 1634 4892 pietate
1682 4839 1812 4895 erga
1862 4840 1987 4880 eum
2028 4826 2166 4881 nihil

591 4932 717 4974 esse
748 4914 1054 4984 antiquius.
1099 4910 1389 4983 Permagui
1441 4912 1693 4978 interest,
1736 4916 1948 4987 inquit,
1980 4932 2166 4973 amare

590 5021 884 5080 pauperes,
920 5003 1016 5058 sed
1061 5010 1247 5058 tamen
1293 5004 1603 5060 reverentia
1651 5006 1741 5061 Dei
1775 5016 2161 5079 anteponatur.

591 5097 749 5166 Quod
788 5109 917 5150 vero
954 5092 1122 5154 dicit.
1154 5091 1428 5163 ejusmodi
1475 5103 1583 5150 est.
1635 5095 1906 5167 Tempus,
1951 5098 2160 5167 inquit,

590 5187 737 5258 quod
773 5183 1139 5238 constitutum
1168 5194 1253 5238 est
1279 5184 1347 5239 ad
1377 5200 1560 5242 meum
1600 5187 1889 5251 honorem,
1934 5186 2038 5241 hoc
2081 5194 2165 5242 est

591 5277 659 5331 ad
687 5288 861 5329 meam
884 5273 976 5329 hic
1004 5276 1518 5345 commorationem,
1548 5293 1819 5349 pauperes
1848 5276 1984 5332 mihi
2019 5292 2163 5345 prae-

591 5367 723 5421 ferri
755 5371 904 5419 vetat
930 5381 943 5418 :
986 5372 1040 5421 et
1079 5365 1183 5422 hoc
1209 5366 1349 5423 dixit
1383 5370 1727 5425 mconomice
1754 5378 1921 5439 atque
1946 5368 2160 5432 ordine,

500 5476 503 5479 δ
590 5473 702 5512 non
749 5472 976 5526 prorsus
1025 5458 1307 5516 abducens
1360 5460 1775 5517 misericordem
1825 5475 1889 5514 ac
1931 5460 2081 5529 pium
2134 5477 2163 5513 a

588 5549 857 5606 charilate
886 5550 940 5605 in
971 5552 1423 5624 pauperes.‘Cum
1454 5552 1624 5623 igitur
1644 5559 1861 5621 tempus
1885 5560 1968 5606 est
1989 5551 2160 5605 divini

589 5647 770 5698 cultus
799 5649 852 5697 et
881 5644 1201 5702 cantionum
1230 5660 1540 5710 sacrarum,
1573 5659 1649 5699 eae
1678 5644 2009 5714 pauperibus
2033 5659 2161 5712 prm-

590 5729 829 5789 ierendw
858 5738 988 5790 sunt
1019 5756 1030 5791 ;
1071 5734 1197 5789 licet
1221 5736 1368 5788 enim
1403 5733 1729 5789 benefacere
1758 5733 1838 5788 cis
1882 5742 2005 5802 post
2045 5733 2158 5802 spi-

2269 4554 2452 4608 δοῦναι
2480 4553 2681 4624 ἔμελλε
2715 4554 2807 4608 τὸν
2850 4554 3186 4611 διδάσκαλον.
3228 4557 3285 4611 '0
3330 4556 3439 4627 γὰρ
3472 4558 3852 4629 ἐνταφιασμὸς

2270 4646 2365 4700 καὶ
2398 4647 2430 4717 ἡ
2467 4644 2564 4699 τοῦ
2608 4646 2838 4700 θανάτου
2888 4649 3075 4719 μνήμη
3121 4648 3278 4701 τοῦτο
3325 4647 3517 4718 δηλοῦν
3570 4650 3851 4718 φαίνεται.

2283 4734 2506 4805 Ἐπάγει
2551 4737 2610 4791 δὲ
2649 4738 2743 4790 καὶ
2774 4737 3030 4809 λογισμὸν
3054 4739 3082 4791 6
3115 4738 3325 4809 Σωτὴρ,
3358 4738 3669 4794 ἀναπείθων
3697 4742 3854 4811 ἡμᾶς

2272 4828 2353 4880 δτι
2405 4825 2507 4896 τῆς
2569 4830 2649 4890 εἰς
2712 4826 2875 4882 αὐτὸν
2911 4828 3190 4892 εὐσεϐείας
3247 4829 3398 4883 οὐδέν
3444 4830 3561 4883 ἐστι
3615 4829 3850 4901 βέλτιον.

2284 4917 2712 4989 Ἀξιολογωτάτη
2750 4919 2850 4989 μὲν
2878 4922 3008 4992 γὰρ,
3032 4921 3218 4990 φησὶν,
3249 4922 3286 4991 ἡ
3313 4920 3677 4992 φιλοπτωχία,
3706 4920 3855 4992 πλὴν

2270 5006 2447 5060 ὀπίσω
2500 5006 2747 5076 τετάχθω
2798 5007 2897 5076 τῆς
2947 5009 3028 5071 είς
3066 5008 3196 5062 Θεὸν
3240 5008 3442 5072 αἰδοῦς.
3481 5011 3546 5062 Ὃ
3581 5009 3638 5063 δὲ
3672 5009 3853 5080 λέγει,

2269 5097 2513 5152 τοιοῦτόν
2540 5099 2707 5151 ἐστιν’
2752 5098 2809 5151 Ὀ
2860 5098 3068 5170 χρόνος,
3117 5100 3302 5170 φησὶν,
3334 5103 3362 5154 6
3393 5102 3491 5172 τῆς
3520 5102 3603 5166 είς
3629 5103 3735 5172 ἐμὲ
3760 5121 3858 5157 τε-

2267 5189 2541 5260 ταγμένος
2566 5189 2728 5242 ’ἑνεκα
2756 5191 2945 5260 τιμῆς,
2987 5190 3155 5260 ἧγουν
3180 5191 3208 5243 6
3241 5191 3339 5260 τῆς
3371 5192 3465 5244 ἐπὶ
3498 5191 3607 5262 γῆς
3634 5192 3856 5264 διατρι-

2271 5280 2392 5351 ϐῆς,
2427 5280 2525 5332 οὐκ
2558 5280 2783 5332 ἀπαιτεῖ
2811 5277 2945 5348 ἐμοῦ
2988 5281 3356 5351 προτιμᾶσθαι
3401 5284 3531 5345 τοὺς
3578 5282 3855 5355 πένητας.

2269 5369 2442 5422 Τοῦτο
2493 5367 2551 5420 δὲ
2599 5363 2751 5420 εἶπεν
2779 5368 3160 5439 οἰκονομικῶς,
3186 5369 3287 5423 οὐκ
3331 5370 3595 5442 ἀφίστησι
3631 5372 3735 5443 μέν
3768 5391 3860 5427 τοι

2271 5458 2555 5522 παντελῶς
2587 5462 2684 5529 τῆς
2731 5461 2810 5520 εἰς
2861 5459 2985 5522 τούς
3034 5461 3284 5530 πτωχοὺς
3325 5463 3549 5535 ἀγάπης
3581 5464 3675 5518 τὸν
3707 5482 3868 5536 συμ-

2270 5551 2436 5621 παθῆ.
2462 5552 2590 5604 Ὅτε
2619 5546 2713 5604 οῦν
2740 5551 2899 5622 χρεία
2931 5551 3185 5621 λατρείας
3214 5553 3245 5623 ἢ
3278 5553 3577 5625 ὐμνῳδίας,
3603 5556 3688 5610 δεῖ
3720 5575 3866 5630 προ.

2266 5646 2433 5713 τιμᾷν
2464 5642 2666 5704 ταύτας
2694 5643 2789 5711 τῆς
2822 5646 2904 5705 εἰς
2927 5644 3053 5707 τοὺς
3096 5646 3348 5715 πτωχοὺς
3381 5649 3633 5718 ἀγάπηςο
3684 5650 3865 5707 δυνα-

2265 5732 2355 5784 τδν
2403 5731 2511 5800 γὰρ
2562 5727 2619 5783 εὖ
2676 5732 2849 5783 ποιεῖν
2882 5732 3017 5800 μετὰ
3061 5733 3157 5796 τὰς
3182 5737 3561 5805 πνευματικὰς
3599 5737 3866 5811 λειτουρ.
