4010 6320
177 338 238 391 7'7
775 360 778 364 ν
950 332 1014 386 ΙΝ
1052 333 1386 389 JOANNEM.
1422 363 1488 374 --
1536 330 1660 385 LIII.
1707 331 1789 384 Vil
1835 327 1927 382 ΕΤ
1957 329 2064 384 Vlll
2108 331 2550 386 FRAGMENTA.
3337 337 3405 392 78

172 453 308 520 γίας.
326 451 488 520 Φησὶν
515 445 606 505 οῦν
635 451 716 504 ὅτι
745 452 856 505 Ούκ
889 453 1227 515 ἀδιαστάτως
1259 453 1346 505 ἀεὶ
1375 453 1496 514 ταῖς
1528 453 1608 514 εἰς
1639 451 1661 501 ἐ
1671 449 1725 519 μέ

1845 445 2062 500 ritualia
2087 445 2280 500 oﬂicia.
2314 445 2453 500 Dicit
2479 447 2645 517 igitur
2670 463 2777 502 non
2805 448 3042 503 dandam
3077 463 3198 504 esse
3230 452 3410 504 conti-

171 545 348 613 τιμαῖς
379 540 458 594 δεῖ
512 540 820 611 σχολάζειν,
869 543 992 596 οὔτε
1025 544 1104 606 είς
1155 544 1255 614 τὴν
1301 543 1580 614 ἱερατικὴν
1627 542 1736 594 λει-

173 635 420 705 τουργίαν
471 635 651 688 πάντα
691 635 1024 699 ἀναλίσκειν,
1058 636 1196 690 ἀλλά
1235 637 1303 689 τά
1345 636 1515 689 πολλά
1563 635 1737 689 δαπα-

175 732 264 799 νᾷν
293 729 369 790 είς
415 728 544 790 τοὺς
585 727 844 797 πένητας.
879 729 948 781 Ἢ
987 727 1196 792 οὕτως·
1240 729 1450 799 Ὥσπερ
1504 729 1642 798 μετά
1673 727 1735 781 τὸ

175 819 426 888 ἀναϐῆναι
460 818 597 890 πρὸς
627 819 718 872 τὸν
752 819 993 890 Πατέρα,
1024 821 1309 891 ἐπιτρέπει
1334 822 1445 883 τοῖς
1467 821 1736 889 μαθηταῖς

176 909 464 981 νηστεύειν
495 909 640 962 οὕτω
670 910 764 962 καὶ
811 910 909 979 τῆς
947 911 1028 974 είς
1061 913 1190 974 τοὺς
1237 911 1486 980 πτωχοὺς
1537 912 1733 980 ἐπιμε-

175 1002 310 1066 λείας
361 1002 482 1054 τότε
535 1002 732 1065 αὐτοὺς
780 1003 1097 1073 ἀδεέστερον
1127 1003 1511 1058 ἀντιλαϐέσθαι
1545 1005 1731 1072 φησὶν,

175 1095 445 1168 ἀθορύϐως
472 1113 534 1148 τε
580 1095 782 1166 μᾶλλον
821 1096 915 1148 καὶ
947 1096 1328 1167 σχολαιότερον
1361 1095 1733 1167 κατορθώσειν

173 1190 262 1258 τὴν
287 1187 684 1259 φιλοπτωχίαν·
741 1188 878 1260 ὅπερ
920 1189 1014 1241 καὶ
1045 1188 1258 1257 γέγονε.
1308 1188 1464 1243 Μετά
1494 1188 1604 1259 γὰρ
1635 1187 1735 1260 τὴν

171 1279 425 1351 ἀνάληψιν
458 1279 553 1332 τοῦ
579 1280 853 1352 Σωτῆρος,
890 1280 1076 1333 οὐκέτι
1105 1279 1433 1350 ἠκολούθουν
1457 1281 1536 1352 τῷ
1587 1279 1733 1334 διδα-

173 1372 369 1443 σκάλῳ,
415 1371 533 1426 ἀλλ’
584 1372 908 1443 ἐσχόλασαν,
960 1372 1082 1426 τότε
1117 1373 1346 1437 ἐντόνως
1394 1373 1613 1427 ἅπαντα
1665 1373 1732 1428 τὰ

171 1463 648 1536 καρποφορούμενα
678 1467 758 1528 είς
782 1465 908 1529 τοὺς
937 1465 1174 1535 πένητας
1195 1465 1596 1528 ἀναλίσκοντες.

246 1558 432 1625 Ἔγνω
486 1551 602 1611 οὖν
651 1555 836 1624 ὄχλος
883 1556 950 1609 ἐκ
1007 1557 1126 1609 τῶν
1187 1557 1488 1612 Ἰουδαίων
1537 1558 1732 1623 πολὺς

168 1649 250 1703 ὅτι
276 1647 402 1702 ἐκεῖ
432 1647 587 1712 ἐστι,
624 1649 718 1700 καὶ
750 1650 816 1702 τὰ
852 1648 1001 1718 ἐξῆς.

1838 545 2034 592 neuter
2083 552 2309 608 operam
2362 539 2558 593 honori
2594 539 2737 607 ejus,
2773 555 2877 596 nec
2923 541 3086 612 697
3133 544 3317 597 omnia
3357 543 3414 599 in

1835 646 1996 687 sacra
2029 633 2358 687 insumerula
2389 647 2534 697 esse,
2578 633 2674 687 sed
2711 635 2880 687 multa
2929 651 3154 705 quoque
3193 636 3248 690 in
3282 652 3412 707 pau-

1833 738 1992 793 peres
2021 722 2320 794 eroganda.
2364 721 2462 778 Vel
2517 722 2620 776 hoc
2668 725 2830 778 modo
2865 745 2878 778 :
2911 724 3410 792 Quemadmodum,

1831 824 2128 884 postquam
2165 814 2415 869 ascendit
2452 814 2519 868 ad
2563 814 2803 879 Patrem,
2838 817 3413 889 prmeepitdiscipulis

1825 905 2172 974 jejuuare",
2213 906 2294 961 sic
2339 914 2394 962 et
2445 922 2635 962 curam
2669 923 2973 979 pauperum
3005 919 3137 964 tunc
3185 911 3415 968 liberius

1839 995 1914 1048 ait
1935 995 2141 1064 suscipi
2166 1010 2348 1064 posse,
2377 997 2695 1067 minoreque
2730 998 2972 1068 negotio,
2998 1013 3064 1054 ac
3091 1001 3328 1056 tumultu
3361 1010 3416 1058 et

1839 1085 2047 1154 majore
2089 1086 2202 1141 otio
2239 1087 2562 1142 charitatem
2599 1090 2656 1142 lu
2709 1104 2981 1159 pauperes
3030 1093 3412 1162 exercituros;

1838 1175 1986 1245 quod
2015 1181 2070 1230 et
2099 1176 2352 1246 contigit.
2387 1175 2521 1232 Post
2561 1175 2873 1233 Servatoris
2905 1179 3052 1233 enim
3086 1183 3417 1252 assumptio-

1840 1281 1964 1320 uem
1993 1281 2102 1322 non
2137 1268 2375 1338 amplius
2407 1268 2777 1338 sequebantur
2804 1270 3152 1341 magistrum,
3197 1275 3291 1327 sed
3319 1288 3414 1342 per

1839 1359 2011 1413 otium
2045 1360 2385 1430 multiplices
2417 1360 2629 1417 fructus
2655 1362 2710 1416 in
2739 1377 3008 1433 pauperes
3031 1373 3288 1420 accurate
3317 1366 3415 1421 de-

1841 1453 2188 1522 premebant.

1931 1541 2056 1609 XII,
2088 1545 2140 1600 9.
2192 1542 2448 1614 Cognovit
2498 1560 2622 1614 ergo
2671 1543 2826 1598 turba
2871 1545 3042 1599 multa
3089 1561 3156 1600 ea:
3197 1546 3410 1603 ludwis

1834 1634 1962 1702 quia
2002 1633 2114 1686 illic
2147 1644 2247 1699 est,
2276 1641 2388 1689 etc.

233 1739 325 1792 Διά
352 1738 414 1791 τὸ
450 1737 596 1802 ξένον
628 1737 723 1791 τοῦ
767 1739 995 1808 σημείου
1035 1738 1474 1810 καταπλήττεται
1501 1742 1530 1794 ό
1554 1741 1725 1812 δχλος,

1904 1721 2137 1792 Pr0ptcr
2172 1725 2473 1779 novitatem
2497 1726 2639 1795 signi
2663 1764 2677 1789 ,
2707 1741 2906 1797 magno
2936 1735 3160 1797 stupore
3191 1729 3410 1800 capitur

168 1833 254 1886 aut
275 1833 406 1902 ὅπερ
447 1832 684 1902 ήκουσαν
705 1832 946 1899 γεγονὸς,
967 1831 1156 1900 ήθελον
1183 1833 1276 1886 καὶ
1307 1832 1428 1902 ὄψει
1455 1832 1729 1903 θεωρῆσαι

169 1924 292 1993 πρὸς
326 1921 680 1994 βεϐαιοτέραν
723 1922 926 1976 πίστιν.
973 1923 1047 1977 Οὐ
1091 1923 1251 1994 μόνον
1276 1923 1334 1976 δὲ
1356 1923 1454 1979 τὸν
1482 1922 1732 1995 Λάζαρον

167 2014 344 2087 ἧθελον
381 2015 532 2078 ἰδεῖν,
558 2013 696 2068 ἀλλά
726 2014 822 2067 καὶ
852 2014 944 2068 τὸν
973 2017 1211 2086 Χριστὸν
1244 2015 1335 2070 τὸν
1364 2015 1458 2070 τοῦ
1506 2017 1732 2088 σημείου

169 2106 401 2178 ποιητὴν,
431 2106 495 2161 οὐ
520 2105 640 2161 τότε
664 2106 881 2177 πρῶτον
914 2107 1074 2160 αὑτὸν
1101 2108 1407 2179 ἑωρακότες
1427 2105 1600 2179 ’ἦσαν
1625 2109 1732 2178 γὰρ

167 2197 407 2260 πολλάκις
457 2196 620 2251 αὑτὸν
656 2197 874 2260 ἰδόντες,
911 2199 1006 2252 καὶ
1032 2197 1389 2269 ὁμιλήσαντες
1411 2199 1558 2270 αύτῷ
1577 2197 1732 2254 βάλλ’

165 2289 376 2360 ἐπείπερ
401 2284 474 2359 ἦν
507 2289 872 2360 ὑποχωρήσας
906 2289 994 2343 διὰ
1023 2289 1082 2343 τὸ
1108 2291 1181 2362 μὴ
1206 2291 1400 2345 παθεῖν
1429 2289 1583 2360 παρά
1609 2308 1730 2345 και-

167 2378 269 2448 ρὸν,
298 2378 522 2450 ἐζήτουν
548 2377 708 2432 πάλιν
735 2379 862 2433 ἱδεῐν
892 2379 1076 2434 αὐτόν.
1107 2381 1170 2434 Οί
1209 2380 1267 2433 δὲ
1308 2382 1728 2453 ἐπιεικέστεροι,

167 2469 251 2522 καὶ
268 2468 578 2539 ἐθαύμαζον
611 2469 794 2533 αὐτὸν,
819 2469 898 2533 ὡς
927 2471 1079 2524 οὐδὲν
1100 2471 1264 2525 αὑτοῦ
1299 2474 1725 2542 κατεγνωκότες.

165 2561 526 2630 οἰκονομικῶς
547 2556 640 2616 οὖν
677 2564 704 2615 ὁ
741 2562 946 2634 Κύριος
989 2563 1088 2619 ούκ
1145 2563 1309 2628 εὐθὺς
1357 2565 1603 2638 εἰσῆλθεν
1651 2569 1733 2632 είς

175 2653 517 2726 Ἰερουσαλὴμ
537 2695 552 2721 ,
581 2655 696 2710 ἀλλ’
747 2655 962 2726 ἔμεινεν
1011 2656 1116 2722 ἔξω
1139 2699 1154 2724 ,
1189 2659 1277 2711 ἵνα
1321 2661 1448 2724 τοὺς
1503 2659 1732 2724 πολλοὺς

165 2746 242 2804 διὰ
260 2750 353 2818 τῆς
382 2748 575 2820 φήμης
603 2749 977 2819 ἐπισπάσηται
1014 2751 1096 2813 είς
1119 2749 1413 2820 ἐπιθυμίαν
1431 2750 1525 2804 τοῦ
1557 2750 1732 2806 θέλειν

163 2837 312 2889 αὐτὸν
341 2837 490 2894 ἰδεῖν.

236 2930 705 2986 Ἐὄουλεύσαντο
737 2931 806 2985 δὲ
862 2936 917 2987 οί
967 2932 1259 3003 ἀρχιερεῖς
1288 2975 1302 2997 ,
1336 2934 1437 2988 ἵνα
1481 2937 1577 2990 καὶ
1625 2937 1732 2991 τὸν

162 3018 414 3087 Λιὶζὶιρον
439 3021 891 3079 ἀποκτείνωσιν.

1838 1814 2156 1878 multitudo,
2197 1825 2252 1870 et
2287 1817 2430 1886 quod
2465 1819 2676 1872 audivit
2722 1828 2938 1875 tantum
2963 1861 2978 1885 ,
3011 1822 3077 1875 ad
3111 1821 3408 1878 ﬁrmiorem

1835 1905 1994 1960 [idem
2025 1908 2206 1963 oculis
2247 1924 2519 1980 usurpare
2553 1912 2724 1980 cupit.
2771 1911 2880 1967 Nec
2908 1922 3124 1967 tantum
3155 1914 3410 1968 volebant

1831 1995 2020 2051 videre
2047 1996 2340 2064 Lazarum,
2382 1999 2477 2054 sed
2520 2008 2575 2054 et
2614 2002 2895 2057 Christum
2939 2005 3192 2058 miraculi
3236 2005 3410 2060 facto-

1831 2103 1969 2152 rem,
2002 2104 2114 2143 non
2148 2098 2282 2145 tunc
2332 2091 2569 2161 primum
2598 2108 2724 2148 eum
2774 2096 3104 2165 conspicati,
3161 2097 3408 2152 viderant

1831 2181 1976 2235 enim
2014 2197 2180 2252 saepe,
2216 2190 2270 2237 ct
2299 2199 2423 2238 cum
2457 2199 2526 2240 eo
2555 2186 2816 2240 collocuti
2854 2187 3106 2256 fuerant;
3147 2188 3242 2245 sed
3280 2191 3407 2260 quia

1829 2270 1974 2327 forte
2005 2287 2064 2326 se
2111 2275 2489 2341 subtraxerat,
2528 2293 2598 2332 ne
2652 2288 2782 2335 ante
2836 2287 3054 2351 tempus
3103 2289 3404 2351 pateretur,

1831 2378 2026 2420 rursus
2055 2380 2180 2420 eum
2211 2381 2446 2424 cernere
2469 2371 2821 2440 expetebant.
2855 2370 3250 2428 Moderatiores
3275 2387 3406 2427 vero

1829 2465 1885 2510 et
1920 2457 2098 2526 ipsum
2137 2459 2534 2527 suspiciebant,
2586 2463 2838 2534 nihilque
2891 2466 2945 2519 in
2985 2481 3052 2520 eo
3104 2465 3407 2536 reprehen-

1830 2549 2058 2605 debant.
2092 2549 2460 2610 (Eeonomice
2504 2571 2638 2627 ergo
2675 2573 2741 2612 ac
2775 2559 2969 2614 ordine
3000 2558 3266 2616 Dominus
3294 2575 3403 2614 nou

1830 2643 2016 2696 statim
2051 2643 2342 2714 ingressus
2371 2656 2458 2700 est
2485 2644 2814 2710 Jerusalem,
2848 2650 2941 2703 scil
2982 2649 3186 2704 mansit
3227 2659 3402 2712 extra,

1832 2743 1893 2789 ut
1939 2735 2288 2790 multitudini
2343 2751 2408 2791 ex
2457 2736 2602 2792 tanta
2646 2741 3006 2809 cupiditatem
3044 2742 3128 2795 sui
3182 2741 3405 2797 videndi

1829 2827 2104 2898 injiceret.

1902 2919 1995 2973 XII
2018 2961 2034 2983 ,
2065 2920 2151 2976 10.
2189 2921 2494 2976 Consilium
2539 2931 2715 2975 autem
2759 2921 2987 2974 inierunt
3022 2923 3284 2990 principes
3311 2939 3401 2976 sa-

1831 3011 2105 3066 cerdotum
2134 3051 2149 3077 ,
2180 3022 2238 3066 ut
2281 3023 2329 3067 et
2359 3011 2629 3066 Lazarum
2667 3013 3046 3081 inter/iterent.

229 3113 368 3183 Ὅρα
391 3112 448 3165 δὲ
503 3114 583 3166 ὅτι
613 3117 984 3187 παραφρονεῖν
1012 3115 1260 3170 δοκοῦσιν
1299 3117 1348 3170 οί
1406 3117 1722 3190 ἡγούμενοι,

1896 3103 2132 3161 Attende
2165 3105 2360 3170 etiam,
2415 3105 2561 3176 quod
2611 3102 2679 3158 de
2739 3112 2886 3158 statu
2946 3105 3148 3160 mentis
3203 3104 3400 3162 deduci

161 3202 275 3274 τῇδε
322 3206 544 3260 κάκεῖσε
601 3207 950 3280 κλονούμενοι
993 3209 1098 3263 ὑπὸ
1128 3209 1224 3264 τοῦ
1263 3211 1481 3280 φθόνου,
1512 3212 1606 3266 καὶ
1634 3212 1724 3265 ού·

159 3293 237 3346 δέν
268 3295 558 3352 ἀκόλουθον
595 3297 902 3362 λαλοῦντες.
942 3299 1105 3353 Φόνον
1156 3301 1251 3354 ἐπὶ
1295 3301 1440 3372 φόνῳ
1492 3300 1727 3372 μελετῶ-

163 3402 257 3448 σιν,
287 3387 520 3456 οἰόμενοι
552 3389 646 3442 τοῦ
693 3389 996 3461 παραδόξου
1043 3390 1342 3463 δραμόντος
1374 3393 1471 3466 τήν
1495 3394 1726 3463 δύναμιν

162 3477 593 3550 συναγαιρεῖσθαι
614 3479 691 3551 τῷ
717 3481 1060 3548 τελευτῶντι,
1085 3483 1173 3536 ἵνα
1193 3485 1316 3546 τοὺς
1347 3483 1508 3549 λαοὺς
1525 3485 1724 3538 ἀνακό-

159 3568 288 3637 ψωσι
311 3571 607 3643 τρέχοντας
633 3574 726 3626 ἐπὶ
757 3573 818 3628 τὸ
853 3577 1132 3629 πιστεύειν
1155 3576 1390 3648 Χριστῷ.

233 3747 630 3816 Ἀκούσαντες
667 3750 754 3804 ὅτι
793 3750 1025 3820 ἔρχεται
1072 3755 1106 3807 ό
1147 3754 1385 3821 Ἰησοῦς
1425 3755 1513 3820 εἰς
1546 3755 1718 3823 Ἰερο-

158 3837 402 3907 σόλυμα.

222 3929 638 4003 Εύπειθέστεροι
675 3932 826 3996 δντες
849 3934 896 3986 οί
931 3933 1080 4004 δχλοι
1129 3935 1223 3988 καὶ
1253 3938 1318 4007 τῇ
1353 3934 1447 3989 τοῦ
1493 3937 1719 4008 σημείου

157 4021 356 4089 ποιήσει
384 4021 724 4091 ὑπαχθέντες
753 4021 1068 4092 ὑπήντησαν
1096 4022 1173 4092 τῷ
1217 4021 1456 4093 Χριστῷ,
1493 4023 1721 4094 ὑμνοῦν-

157 4126 240 4172 τες
274 4112 430 4165 αὑτὸν
459 4113 541 4177 ὡς
569 4113 890 4184 νενικηκότα
921 4113 1013 4166 τὸν
1061 4113 1288 4167 θάνατον
1336 4114 1474 4184 μετά
1511 4114 1678 4184 βαῖων
1703 4130 1716 4144 ·

158 4202 449 4272 εὐφημοῦσι
483 4203 543 4257 δὲ
593 4205 692 4274 οὐχ
729 4204 937 4268 ἁπλῶς,
969 4203 1083 4256 ἀλλ’
1110 4205 1174 4256 ἐκ
1219 4204 1320 4274 τῆς
1364 4203 1718 4258 θεοπνεύστου

159 4291 398 4364 Γραφῆς,
433 4295 501 4348 τὸ
561 4295 648 4348 ἐπ’
680 4295 828 4365 αὐτῷ
883 4294 1064 4358 καλῶς
1111 4295 1402 4365 εἰρημένον
1452 4293 1718 4363 λέγοντες.

157 4385 534 4454 ὁμολογοῦντες
560 4388 640 4440 ὅτι
679 4387 773 4440 καὶ
825 4386 1079 4457 βασιλεὺς
1125 4382 1195 4458 ἦν
1238 4386 1334 4439 τοῦ
1393 4385 1628 4458 Ἰσραὴλ,
1661 4386 1720 4440 δν

1827 3193 2112 3266 principes
2159 3195 2440 3262 videntur,
2489 3205 2656 3267 utque
2696 3196 2799 3251 hac
2845 3204 2900 3251 et
2951 3197 3077 3252 illac
3124 3199 3405 3268 agitentur

1827 3295 2096 3343 aestuante
2133 3287 2365 3352 invidia,
2429 3288 2682 3360 nihilque
2735 3305 3052 3360 congruens
3098 3298 3154 3345 ct
3205 3305 3401 3346 sanum

1826 3378 2148 3448 loquantur.
2201 3378 2418 3434 Cmdem
2475 3379 2609 3435 caedi
2673 3380 2913 3451 adjicere
2969 3382 3398 3449 machinantur,

1830 3471 1936 3525 rati
1969 3472 2080 3526 vim
2134 3471 2384 3527 miraculi
2425 3473 2608 3527 omnia
2662 3474 3012 3545 pervagantis
3069 3490 3230 3543 posse
3291 3493 3398 3530 una

1824 3579 1949 3618 cum
1989 3569 2208 3618 mortuo
2246 3563 2548 3634 exstingui,
2577 3573 2637 3618 ut
2676 3581 2946 3620 remoram
2979 3567 3271 3636 injiccrcut
3303 3583 3399 3636 po-

1824 3658 1968 3727 pulis
1998 3656 2224 3712 credere
2257 3656 2312 3710 in
2343 3655 2626 3711 Christum
2664 3657 3115 3727 properantibus.

1895 3746 2024 3812 XII,
2058 3747 2146 3802 £2.
2189 3745 2323 3802 Cum
2355 3745 2650 3812 audissent,
2698 3749 2824 3818 quia
2869 3748 3007 3802 venit
3051 3746 3210 3801 Iesus
3268 3748 3397 3802 Hie-

1823 3837 2168 3908 rosolymam.
2677 3839 2680 3842 ’

1894 3927 2092 3984 'l'urbm
2117 3927 2417 3983 docilieres
2449 3936 2503 3983 et
2535 3928 2600 3982 ad
2645 3927 2799 3983 ﬁdem
2833 3931 3147 4001 proniores,
3187 3938 3390 3988 reccuii

1822 4019 1986 4074 etiam
2012 4019 2276 4074 miraculo
2306 4019 2563 4073 adducta:
2595 4029 2901 4075 occurrunt
2927 4021 3176 4089 Christo,
3214 4026 3391 4080 laudi-

1822 4111 1929 4165 bus
1969 4126 2092 4165 eum
2121 4110 2494 4174 celebrantes,
2540 4118 2802 4180 tanquam
2845 4113 2912 4167 de
2964 4125 3137 4170 morte
3191 4118 3388 4171 trium.-

1821 4199 2072 4270 phasset,
2096 4207 2150 4255 et
2186 4199 2384 4256 faustis
2414 4199 2637 4270 quidem
2675 4201 3166 4261 acclamationibus
3205 4223 3393 4291 prose-

1821 4297 2089 4360 quuutur,
2125 4304 2235 4342 non
2267 4290 2618 4360 simpliciter,
2658 4289 2753 4344 sed
2781 4304 2845 4346 ex
2885 4305 3044 4346 sacra
3081 4289 3387 4365 Scriptura.

1821 4381 2076 4452 quodde
2106 4395 2175 4435 eo
2218 4383 2485 4451 praeclare
2517 4381 2725 4435 dictum
2760 4393 2845 4437 est.
2905 4395 3258 4454 usurpantes,
3309 4390 3390 4442 fa-

156 4474 240 4525 καὶ
276 4473 459 4544 ἔλεγον
511 4477 720 4530 ἑαυτῶν
755 4476 977 4547 βασιλέα
1025 4477 1190 4543 ῐδιον,
1221 4477 1322 4550 τὴν
1349 4477 1443 4532 τοῦ
1483 4477 1720 4550 Χριστοῦ

1828 4481 2114 4542 tentesque
2143 4487 2324 4543 regem
2369 4487 2492 4528 esse
2536 4470 2739 4535 Israel,
2783 4487 2847 4527 ac
2883 4473 3180 4532 identidem
3227 4495 3388 4536 suum

159 4566 440 4637 κυριότητα
505 4568 958 4639 παραδεχόμενοι.
1007 4569 1386 4641 Εὐλογημένος
1433 4570 1490 4624 δὲ
1541 4570 1718 4640 λέγον-

155 4655 451 4720 τεςόΥίδς,
485 4658 588 4727 οὐχ
634 4657 711 4721 ὡς
757 4657 1006 4726 εὐλογίας
1036 4659 1137 4727 τῆς
1179 4660 1330 4731 παρά
1371 4660 1583 4730 Πατρδς
1620 4677 1716 4713 τυ-

159 4743 273 4811 χὼν,
313 4749 340 4799 ό
365 4749 550 4800 πάντα
589 4747 826 4815 εὐλογῶν
869 4750 964 4804 καὶ⁸
995 4750 1095 4802 οὐκ
1143 4749 1248 4802 ἐῶν
1288 4750 1714 4822 διαφθείρεσθαι,

158 4837 241 4888 καὶ
269 4840 363 4907 τῆς
398 4840 646 4910 ἀρρήτου
676 4840 864 4904 οὐσίας
883 4840 958 4894 ὢν
994 4857 1010 4870 ·
1050 4840 1167 4894 ἀλλ’
1191 4842 1272 4895 ὅτι
1291 4841 1561 4913 εύλογίαή
1595 4841 1716 4914 Θεῷ

159 4925 428 4994 πρέπουσα
464 4931 563 4983 καὶ
621 4929 701 4998 τῷ
734 4930 874 4984 κατά
931 4930 1090 5001 φύσιν
1117 4932 1344 5003 Κυρίῳ,
1381 4933 1716 5004 προσάγεται

159 5017 276 5084 παρ’
308 5019 496 5088 ήμῶν,
531 5020 762 5092 ἐπείπερ
815 5021 1069 5093 ἐλήλυθεν
1107 5023 1166 5076 ἐν
1217 5023 1442 5094 ὀνόματι
1487 5023 1712 5095 Κυρίου.

161 5105 352 5174 Πάντες
376 5111 488 5182 γὰρ
522 5114 572 5165 οί
614 5113 759 5180 ἅγιοι
784 5114 889 5166 οὐκ
925 5114 984 5166 ἐν
1025 5113 1242 5187 ἐξουσίᾳ
1277 5117 1598 5188 κυριότητος
1618 5112 1717 5187 ἦλ-

159 5196 260 5263 θον,
295 5201 410 5254 ἀλλ’
434 5202 516 5266 ὡς
564 5203 774 5258 οἰκέται
822 5206 1070 5276 γνήσιοι⁸
1105 5200 1261 5272 οὗτος
1295 5207 1353 5260 δέ
1382 5207 1458 5272 ὼς
1489 5208 1715 5280 Κύριος.

159 5287 239 5340 Διὸ
267 5292 355 5344 καὶ
391 5293 670 5364 ἁρμοδίως
702 5295 789 5348 ἐπ’
819 5296 967 5366 αὐτῷ
990 5299 1024 5367 ή
1053 5298 1362 5368 προφητικὴ
1401 5297 1650 5352 λέλεκται
1687 5300 1717 5369 ή

160 5385 314 5454 φωνή.
354 5386 417 5439 Εί
441 5387 556 5458 γὰρ
587 5388 767 5460 κύριοι
793 5389 1084 5443 καλοῦνταί
1110 5391 1346 5454 τινες,ού
1381 5390 1561 5460 φύσει,
1584 5391 1718 5446 ἀλλὰ

1821 4564 2065 4636 ipsorum
2093 4579 2299 4636 regem,
2331 4572 2384 4619 et
2411 4563 2619 4618 Christi
2653 4563 3083 4623 dominationem
3117 4572 3392 4642 accipien-

1821 4665 1926 4712 tes.
1968 4656 2223 4712 Dicentes
2249 4671 2398 4720 vero,
2429 4655 2757 4712 Benedictus
2791 4657 2990 4724 Filius,
3023 4677 3130 4717 non
3163 4661 3266 4718 hoc
3293 4679 3392 4716 vo-

1824 4749 1968 4813 lunt,
2011 4750 2167 4819 quasi
2215 4749 2658 4805 benedictionem
2709 4764 2740 4804 a
2783 4751 2952 4822 698
2997 4752 3160 4809 Patre
3205 4770 3392 4808 conse-

1822 4848 1985 4894 cutus
2024 4841 2098 4894 sit
2127 4841 2175 4896 is
2215 4839 2310 4910 qui
2355 4840 2541 4896 omnia
2573 4839 2898 4896 beuedicit:
2949 4858 3051 4898 nec
3081 4845 3213 4898 sinit
3262 4859 3385 4898 cor-

1820 4932 2004 5000 rumpi
2041 4946 2106 4986 ac
2131 4931 2484 4997 intercidere,
2515 4931 2722 5002 quique
2747 4941 2832 4988 est
2869 4932 3164 4988 ineﬂ‘abilis
3195 4950 3388 4990 essen-

1818 5023 1929 5086 tize,
1959 5024 2054 5078 sed
2107 5025 2371 5093 quoniam
2421 5023 2740 5078 benedictio
2782 5039 2905 5093 qua:
2957 5025 3212 5079 convenit
3255 5025 3387 5087 Deo,

1819 5115 1870 5169 ei
1915 5114 2009 5183 qui
2055 5113 2358 5170 secundum
2407 5121 2663 5168 naturam
2714 5113 2983 5169 Dominus
3031 5124 3112 5168 est
3142 5129 3171 5167 a
3221 5115 3380 5168 nobis

1819 5201 2094 5270 defertur,
2130 5201 2576 5273 quandoquidem
2601 5202 2750 5257 venit
2790 5203 2846 5256 in
2887 5201 3110 5256 nomine
3149 5201 3386 5258 Domini.

1818 5294 1933 5350 Nec
1976 5295 2122 5350 enim
2153 5310 2346 5352 omnes
2373 5295 2551 5350 sancti
2589 5295 2643 5349 in
2679 5300 2958 5365 potestate
2994 5293 3388 5348 dominationis

1821 5397 2115 5454 venerunt,
2149 5388 2246 5444 sed
2279 5395 2543 5458 tanquam
2565 5386 2788 5456 ingenui
2820 5385 2965 5440 servi
2995 5404 3010 5439 :
3044 5384 3134 5440 hic
3161 5400 3289 5441 vero
3329 5393 3388 5438 ut

160 5476 535 5548 χάριτιέχουσι
571 5478 633 5532 τὸ
664 5480 900 5551 ἀξίωμα.
921 5481 1033 5536 Καὶ
1062 5480 1170 5553 γάρ
1199 5481 1295 5534 καὶ
1327 5484 1392 5553 τῇ
1419 5483 1597 5553 ἀποχῇ
1620 5481 1712 5536 τοῦ

1828 5479 2116 5537 Dominus.
2167 5479 2351 5546 Quare
2397 5477 2793 5534 convenienter
2839 5477 2908 5532 de
2959 5477 3054 5532 illo
3112 5476 3258 5532 dicta
3304 5486 3392 5531 est

157 5561 386 5633 ψεύδους,
411 5566 707 5624 καλοῦνται
751 5572 799 5624 oi
831 5571 1106 5642 ἄνθρωποι
1143 5571 1361 5641 ἀληθεῖς
1395 5590 1409 5604 ο
1441 5572 1578 5632 ὅπερ
1612 5572 1711 5626 οὐκ

1828 5572 2141 5642 prophetica
2172 5587 2296 5627 vos.
2335 5569 2455 5626 Etsi
2502 5568 2650 5624 enim
2702 5569 2958 5624 nonnulli
3001 5569 3255 5626 dicantur
3290 5568 3386 5622 do-

217 5753 260 5780 "
295 5744 494 5802 Hatth.
535 5765 584 5803 Ix
609 5789 622 5814 ,
660 5750 744 5802 lfi.
