4010 6320
620 296 688 351 79
1604 303 1660 358 S.
1710 301 1985 359 CYlllLLl
2029 306 2500 366 ALEXANDRINI
2544 314 2871 372 ARCIIIEI’.
3222 356 3229 364 ο
3808 323 3884 379 83

620 418 778 482 tuini,
814 432 925 471 non
951 426 1150 471 natura
1176 417 1272 473 sed
1294 419 1475 489 gratia
1509 420 1651 476 hanc
1678 422 1886 477 habent
1912 423 2182 494 dignatio-

2297 428 2442 483 ἐστιν
2467 432 2643 486 εἰπεῖν
2678 435 2769 487 ἐπὶ
2817 435 3077 507 Χριστοῦ.
3108 436 3182 489 Οὐ
3212 437 3319 508 γὰρ
3341 438 3427 491 διὰ
3455 439 3615 494 τοῦτο
3636 441 3885 498 καλεῖται

594 524 769 575 ,ιιικιιμ
812 506 1096 576 Siquidem
1124 516 1177 562 et
1204 523 1271 563 ex
1305 509 1639 564 abstinentia
1678 510 1949 564 mendacii
1980 528 2186 568 vocan-

594 613 709 665 tur
748 599 999 655 homines
1039 614 1289 665 veraces,
1315 601 1683 671 quodquideni
1712 602 1780 657 de
1826 601 2049 658 Christo
2079 606 2188 660 dici

2298 521 2547 592 ἀλήθεια,
2594 526 2780 597 ἐπειδὴ
2833 528 2893 580 οὐ
2935 528 3211 598 ψεύδεται,
3258 529 3372 582 ἀλλ’
3405 531 3487 584 ὅτι
3531 533 3741 603 ἀμείνω
3773 537 3885 606 ἔχει

2297 615 2580 679 παντελῶς
2611 617 2703 670 τοῦ
2739 618 2967 685 ψεύδους
3003 620 3098 688 τὴν
3130 619 3314 689 φύσιν.

596 699 959 771 ⁴ιιοιιροιεει.
999 690 1120 746 Non
1154 692 1299 747 enim
1337 693 1467 763 quia
1493 708 1599 746 non
1631 695 1924 760 mentitur,
1951 694 2076 777 ideo
2109 711 2336 757 vocatur
2369 706 2597 772 veritas,
2664 710 2759 763 sed
2820 712 2950 780 quia
2990 721 3244 766 naturam
3311 712 3603 773 mendacio
3650 730 3883 784 prorsus

590 850 594 859 ‘
618 782 883 850 majorem
914 783 1098 839 habet.

685 872 807 938 ΧΗ,
858 873 944 928 14.
984 874 1198 929 Inventa
1249 883 1426 928 autent
1474 874 1632 931 Iesus
1686 877 1891 946 asello,
1925 879 2059 935 sedit
2100 898 2194 936 su-

598 986 704 1039 ,ρον
737 985 876 1023 eum.

686 1082 885 1152 Magna
925 1081 1072 1136 enim
1118 1080 1475 1159 multitudine
1508 1082 1688 1152 ipsum
1721 1084 1963 1154 stipante
1999 1099 2063 1140 ac
2094 1086 2190 1142 de-

586 1174 876 1237 ducente,
902 1188 970 1227 ex
1009 1188 1224 1227 summa
1274 1173 1652 1229 moderatione
1702 1175 1756 1228 in
1809 1177 1968 1231 asino
2022 1178 2188 1243 sedit,

602 1267 839 1321 tradens
870 1265 1031 1321 nobis
1063 1264 1454 1320 documentum
1525 1282 1879 1337 nequaquam
1930 1283 2032 1324 nos
2076 1270 2192 1323 lau—

588 1357 774 1411 «libus
829 1356 1118 1421 eﬂ’erendi,
1177 1365 1367 1426 utpote
1423 1357 1569 1411 intra
1615 1360 1967 1415 necessitatis
2027 1375 2187 1415 usum

610 1447 944 1501 consistens.
983 1446 1274 1501 Matthteus
1314 1447 1540 1517 quidem
1578 1446 1760 1503 fusius
1789 1449 1858 1504 de
1878 1451 2036 1505 asino
2069 1466 2190 1504 ver-

607 1538 678 1593 ba
711 1535 1144 1592 fecit.Joaunes
1182 1552 1314 1593 vero
1357 1537 1424 1591 ad
1466 1537 1520 1592 id
1564 1539 1713 1609 quod
1756 1538 1812 1594 in
1847 1555 1907 1596 re
1948 1541 2189 1594 maxime

607 1630 989 1684 necessarium
1018 1639 1101 1684 est
1128 1632 1443 1700 properavit
1476 1646 1575 1700 pro
1606 1647 1756 1686 more
1790 1647 1913 1687 suo.
1956 1631 2188 1699 Quando

605 1737 739 1776 vero
791 1728 989 1790 praeter
1041 1721 1507 1777 consuetudinem
1553 1738 1711 1777 suam
1758 1739 1911 1778 nunc
1963 1733 2190 1777 tantum

607 1811 875 1867 Dominus
914 1812 967 1866 in
1003 1813 1163 1867 asino
1195 1812 1394 1868 sedens
1425 1813 1675 1868 cernitur
1696 1856 1710 1881 ,
1742 1832 1854 1870 non
1897 1824 2184 1886 propterea
2217 1794 2258 1848 Β

605 1905 843 1960 dicimus
872 1920 995 1960 eum
1031 1905 1263 1969 sedisse,
1289 1907 1434 1975 quod
1466 1908 1661 1977 procul
1700 1909 1895 1964 abesse
1927 1909 1996 1963 ab
2025 1907 2181 1972 urbe,

605 2014 716 2054 non
741 1999 887 2053 enim
928 1998 1121 2054 aberat
1169 1999 1391 2068 longius
1432 2000 1749 2070 quindecim
1794 2000 1989 2056 stadiis
2023 2019 2036 2053 :
2073 2016 2180 2055 non

602 2092 733 2160 quia
755 2090 1008 2145 conferta
1037 2092 1332 2146 multitudo
1357 2101 1499 2156 erat,
1547 2109 1649 2149 nec
1685 2094 1834 2148 enim
1873 2095 2014 2149 alias
2054 2110 2180 2149 cum

605 2183 675 2237 ab
701 2183 904 2252 ingenti
930 2182 1095 2236 turba
1130 2183 1594 2247 eircumdaretur,
1632 2184 1738 2239 hoc
1769 2184 1919 2250 fecit,
1950 2186 2044 2241 sed
2079 2186 2182 2241 hoc

603 2273 734 2328 fecit
769 2272 1025 2328 indicans
1062 2274 1172 2329 sibi
1222 2290 1426 2330 novum
1468 2277 2070 2347 populum-egentibus
2099 2279 2182 2331 in—

604 2363 953 2419 tractabilem
1004 2364 1289 2419 subditutn
1334 2364 1470 2428 fore,
1524 2365 2002 2436 deducturumque
2053 2382 2178 2421 eum

604 2455 671 2509 ad
699 2455 929 2524 iustitiae
954 2454 1300 2527 dignitatem,
1324 2463 1380 2510 et
1393 2457 1473 2509 ad
1499 2458 1842 2526 superiorem
1866 2459 2182 2512 caelestem-

601 2562 710 2618 que
737 2546 1062 2611 Jerusalem,
1096 2547 1258 2618 cujus
1297 2556 1517 2603 terrena
1572 2549 1746 2628 ﬁgura
1796 2557 1851 2603 et
1885 2556 2073 2619 typus,
2120 2551 2174 2604 in

600 2654 766 2710 quam
791 2640 1096 2710 ingreditur
1126 2640 1362 2710 populus
1401 2654 1577 2709 purus
1622 2640 1809 2696 factus
1851 2657 1976 2696 cum
2018 2643 2180 2696 Chri-

600 2740 711 2796 sto,
740 2746 903 2801 quem
957 2731 1088 2785 boni
1137 2739 1191 2786 et
1241 2731 1566 2786 innocentes
1620 2733 1803 2803 angeli
1863 2735 2182 2800 celebrant,

601 2837 834 2891 quorum
885 2829 1052 2893 typus
1102 2830 1234 2876 sunt
1292 2822 1555 2877 infantes.
1605 2821 1824 2877 l’ullum
1862 2841 1995 2880 vero
2028 2834 2188 2881 vocat

2375 885 2588 954 Εὐρὼν
2640 886 2707 940 δὲ
2758 891 2792 942 ό
2853 890 3092 959 Ἰησοῦς
3133 892 3406 961 ὀνάριον,
3460 894 3745 949 ἐκάθισεν
3792 900 3881 953 ἐπ’

2299 977 2466 1030 αὐτό.

2369 1089 2574 1143 Πολλοῦ
2623 1092 2733 1163 γὰρ
2799 1092 3038 1164 πλήθους
3100 1094 3267 1147 αὐτὸν
3316 1096 3740 1170 δορυφοροῦντος
3789 1105 3881 1157 καὶ

2298 1183 2708 1254 εύφημοῦντος,
2746 1187 2851 1239 ὑπὸ
2912 1189 3338 1258 μετριοπαθείας
3393 1190 3571 1263 ἄκρας
3615 1196 3708 1247 ἐπὶ
3756 1195 3880 1251 ὄνου

2297 1274 2588 1347 ὲκαθέσθη,
2618 1278 2888 1334 διδάσκων
2920 1282 3088 1352 ἡμᾶς,
3125 1283 3200 1353 μὴ
3247 1282 3512 1352 ὑψοῦσθαι
3547 1288 3604 1339 ὲν
3644 1292 3761 1352 τοῖς
3787 1292 3884 1342 ὲπ-

2295 1366 2486 1434 αίνοις,
2544 1370 2697 1424 οὐδὲν
2736 1370 2845 1425 τῶν
2876 1372 2977 1442 τῆς
3006 1373 3195 1444 χρείας
3224 1376 3627 1446 παρεκϐαίνων.
3677 1381 3740 1433 '0
3781 1381 3883 1451 μὲν

2293 1454 2386 1511 οὖν
2408 1459 2694 1523 Ματθαῖος
2712 1502 2726 1523 ,
2758 1461 3093 1533 πλατύτερον
3115 1460 3236 1517 εἷπε
3267 1466 3335 1519 τὰ
3368 1469 3619 1539 περὶτῆς
3649 1470 3795 1525 ὄνου.
3827 1474 3882 1527 '0

2291 1547 2350 1601 δὲ
2406 1548 2656 1620 Ἰωάννης
2708 1551 2797 1604 ἐπ’
2826 1553 2965 1607 αὑτὸν
2986 1554 3080 1607 τοῦ
3136 1557 3457 1628 πράγματος
3492 1555 3625 1631 ἦλθε
3661 1562 3723 1615 τὸ
3759 1581 3883 1617 και-

2296 1637 2590 1711 ριώτατον.
2625 1641 2763 1712 ὅπερ
2793 1642 2914 1706 ἔθος
2960 1645 3109 1716 αὐτῷ
3153 1651 3346 1704 ποιεῖν.
3389 1650 3606 1722 Ἐπειδὴ
3637 1653 3693 1706 δὲ
3727 1656 3881 1725 παρά

2287 1730 2348 1783 τὸ
2375 1730 2606 1801 σύνηθες
2651 1732 2801 1805 αὑτῷ
2829 1736 2955 1806 ἄρτι
2992 1738 3150 1807 μόνον
3191 1741 3442 1808 φαίνεται
3474 1747 3504 1797 ὁ
3534 1744 3738 1817 Κύριος
3785 1748 3879 1800 ἐπὶ

2287 1822 2410 1876 ὄνου
2434 1822 2771 1895 καθήμενος,
2801 1827 2863 1881 ού
2896 1829 2986 1883 διὰ
3016 1830 3177 1884 τοῦτό
3211 1850 3391 1904 φαμεν
3424 1835 3585 1890 αὐτὸν
3628 1837 3876 1901 καθίσαι,

2286 1912 2371 1965 ὅτι
2426 1914 2644 1984 μακρὰν
2674 1911 2742 1987 ἦν
2785 1918 2886 1989 τῆς
2933 1921 3170 1986 πόλεως·
3209 1925 3271 1976 οὐ
3306 1924 3413 1998 γὰρ
3461 1929 3653 1999 ἀπεῖχε
3707 1929 3878 1984 πλείω

2285 2003 2582 2060 δεκαπέντε
2614 2009 2842 2065 σταδίων
2863 2029 2899 2073 ο,
2919 2013 3040 2067 οὐδὲ
3072 2015 3153 2068 ὅτι
3210 2016 3367 2087 ὖχλος
3406 2015 3474 2090 ἦν
3497 2037 3513 2054 ο
3550 2022 3642 2075 καὶ
3687 2020 3874 2076 ἄλλοτε

2287 2096 2397 2168 γὰρ
2447 2101 2792 2172 συνευρεθεὶς
2848 2104 2989 2177 ὄχλῳ
3021 2109 3121 2162 οὐκ
3154 2111 3377 2183 ἐποίησε
3430 2112 3621 2167 τοῦτο’
3644 2120 3789 2169 ποιεί
3817 2118 3875 2170 δὲ

2286 2186 2465 2255 τοῦτο,
2492 2190 2703 2255 δεικνὺς
2732 2194 2814 2247 ὅτι
2845 2197 2962 2250 νέον
2993 2199 3172 2270 ἐαυτῷ
3211 2201 3336 2256 λαὸν
3368 2203 3461 2257 τὸν
3486 2204 3545 2269 ἐξ
3577 2206 3747 2259 ἐθνῶν
3776 2209 3872 2260 τὸν

2285 2280 2587 2371 ἀκάθεκτον
2622 2285 2806 2356 μέλλει
2855 2289 3179 2347 ὑποτάσσειν
3206 2293 3302 2347 καὶ
3329 2295 3551 2365 ἀνάγειν
3575 2299 3657 2362 είς
3692 2300 3755 2353 τδ
3775 2300 3874 2371 τῆς

2285 2370 2632 2462 δικαιοσύνης
2664 2377 2882 2450 ἀξίωμα
2905 2421 2919 2444 ,
2952 2381 3034 2445 εἷς
3089 2401 3148 2436 τε
3208 2385 3308 2457 τὴν
3357 2388 3467 2442 ἄνω
3500 2388 3871 2462 Ἰερουσαλὴμ,

2286 2458 2354 2536 ἧς
2389 2465 2558 2532 τύπος
2591 2470 2936 2540 ὴ-ὲπίγειος’
2967 2476 3046 2536 εἰς
3077 2475 3144 2545 ἣν
3172 2478 3477 2550 εἰσέρχεται
3499 2481 3528 2533 ὁ
3551 2458 3677 2546 λαὸς
3711 2458 3876 2536 καθα-

2292 2556 2384 2627 ρδς
2434 2559 2730 2630 γενόμενος
2793 2565 2891 2618 σὺν
2941 2567 3165 2638 Χριστῷ
3227 2570 3551 2643 ύμνουμένῳ
3612 2575 3717 2628 ὑπὸ
3766 2574 3875 2629 τῶν

2288 2648 2513 2703 ἀκάκων
2575 2652 2844 2721 ἀγγέλων,
2896 2650 2970 2709 ὧν
3010 2657 3200 2724 τύπος,
3251 2662 3319 2716 τά
3361 2657 3553 2734 νήπια.
3608 2666 3790 2719 Πῶλον
3818 2667 3875 2720 δὲ

2290 2740 2471 2832 λέγει,
2507 2741 2600 2795 τὸν
2653 2745 2812 2812 ὄνον,
2843 2749 3034 2822 ἐπειδὴ
3071 2753 3099 2804 ὁ
3135 2754 3193 2820 ἐξ
3230 2754 3400 2810 ἐθνῶν
3436 2757 3581 2822 λαὸς,
3623 2760 3874 2832 ἀγύμνα-

2292 2847 2417 2894 στος
2441 2827 2508 2903 ἧν
2536 2833 2636 2902 τῆς
2666 2837 2745 2898 είς
2789 2839 3071 2893 εὐσέϐειαν
3096 2842 3336 2914 ἀγούσης
3370 2846 3627 2912 πίστεως.

600 2915 852 2978 asinum,
905 2913 1353 2982 quandoquidem
1407 2915 1698 2982 gentilium
1753 2918 1987 2986 populus
2041 2919 2302 2978 ducentis
2361 2924 2430 2978 ad
2477 2925 2735 2995 pietatem
2799 2928 2922 2986 fidei
2968 2934 3125 2992 rudis
3175 2948 3230 2992 et
3274 2913 3671 2999 inexercitatus
3728 2955 3870 3003 erat.

672 3025 795 3089 Xll,
844 3026 930 3078 16.
1011 3026 1135 3080 Hac
1190 3044 1309 3081 vero
1367 3043 1468 3082 non
1530 3040 1876 3100 cognoverunt
1927 3032 2175 3103 discipuli

597 3120 712 3188 ejus
738 3120 988 3187 primum,
1018 3130 1124 3175 etc.

671 3232 833 3285 Initio
883 3233 1110 3302 quidem
1152 3234 1478 3304 ignorabant
1526 3253 1650 3308 qum
1700 3239 1769 3294 de
1824 3241 1918 3295 illo
1967 3233 2246 3313 scriptaC

598 3333 761 3390 sunt;
788 3334 845 3380 at
879 3332 1000 3395 post
1032 3329 1485 3382 resurrectionem
1524 3345 1633 3384 non
1663 3331 1717 3385 in
1743 3328 1975 3387 Judaica
2014 3335 2176 3389 caici-

599 3428 708 3473 tatc
737 3428 1081 3487 manserunt,
1126 3420 1220 3475 sed
1253 3437 1350 3492 per
1392 3422 1656 3493 Spiritum
1689 3424 1825 3494 ipsis
1860 3425 2174 3489 divinorum

597 3511 892 3566 verborum
936 3512 1172 3567 revelata
1201 3522 1286 3568 est
1328 3513 1590 3586 cognitio.
1620 3512 1776 3570 Tunc
1811 3531 1943 3571 vero
1970 3518 2177 3587 glorifi-

596 3609 756 3657 catus
783 3611 868 3657 est
898 3600 1176 3670 Christus,
1219 3621 1345 3659 cum
1377 3607 1433 3660 in
1463 3622 1628 3662 cruce
1662 3618 1915 3663 mortuus
1956 3608 2172 3663 revixit.

595 3692 708 3749 Nec
741 3709 904 3764 porro
926 3695 1144 3751 erubuit
1163 3697 1984 3768 evangelista,commemorans
2013 3699 2176 3755 disci-

598 3786 854 3855 pulorum
913 3786 1323 3856 ignorantiam,
1390 3796 1445 3843 et
1510 3806 1708 3845 rursus
1766 3790 2171 3859 cognitionem,

594 3875 816 3943 quando
876 3878 1217 3948 propositum
1255 3877 1530 3943 habebat,
1575 3880 1714 3934 nihil
1759 3881 1913 3950 pensi
1973 3880 2176 3936 habere

593 3968 762 4044 699
792 3970 939 4024 circa
972 3981 1278 4041 respectum
1310 3971 1613 4036 hominum,
1649 3972 1744 4028 sed
1788 3973 2028 4044 Spiritus
2057 3974 2177 4044 glo-

599 4059 694 4113 ria:
723 4058 1032 4130 suffragari,
1067 4076 1131 4115 ac
1171 4061 1460 4118 ostendere
1494 4063 1720 4133 quinam
1769 4072 1960 4120 essent
2006 4064 2176 4120 disci-

597 4150 712 4221 puli
752 4159 875 4204 ante
903 4154 1384 4220 resurrectionem,
1409 4165 1464 4209 et
1500 4154 1722 4225 quinam
1761 4165 1890 4224 post
1925 4170 2176 4210 resurre-

595 4243 852 4296 ctionem.
889 4242 944 4295 Si
992 4243 1160 4313 igitur
1195 4244 1249 4299 lii
1292 4246 1636 4317 ignorabant,
1684 4246 1868 4300 multo’
1899 4247 2073 4317 magis
2119 4254 2175 4302 et

596 4335 688 4388 alii
719 4331 913 4388 Judaei.
961 4332 1263 4406 Postquam
1298 4353 1432 4391 vero
1468 4337 1522 4391 in
1565 4351 1731 4391 cruce
1779 4345 2038 4392 mortuus
2065 4346 2168 4402 est,

595 4421 827 4476 Scissum
856 4429 940 4476 est
969 4418 1170 4490 velum,
1216 4433 1275 4480 ut
1302 4426 1674 4497 intelligamus
1736 4425 1877 4480 nihil
1909 4425 2170 4497 deinceps

595 4510 847 4568 ﬁdelibus
872 4522 926 4569 et
964 4514 1057 4571 Dei
1087 4519 1407 4573 amantibus
1430 4520 1709 4573 occultum
1731 4533 1876 4573 esse.
1909 4518 2085 4589 Igitur
2108 4519 2172 4573 il-

594 4605 826 4661 lustrata
853 4617 938 4663 est
970 4625 1160 4664 eorum
1197 4611 1440 4682 cognitio
1463 4627 1490 4664 a
1522 4619 1775 4681 tempore
1808 4611 2172 4666 resurrectio-
2203 4588 2246 4643 θ

592 4697 702 4763 nis,
730 4699 857 4767 quia
886 4700 1177 4771 inspiravit
1206 4701 1462 4757 Christus
1508 4702 1564 4755 in
1612 4701 1811 4756 faciem
1860 4716 2073 4768 eorum,
2116 4711 2170 4758 et

593 4790 682 4844 alii
712 4807 779 4844 ex
819 4791 941 4848 aliis
974 4791 1105 4847 facti
1161 4793 1469 4862 mutatique
1516 4801 1666 4847 sunt.
1715 4791 1822 4847 Sed
1855 4795 2029 4848 multo
2063 4810 2170 4847 am—

592 4881 739 4950 plius
769 4883 1066 4938 illuuiinati
1094 4884 1315 4939 fuerunt
1347 4885 1403 4939 in
1434 4885 1523 4940 die
1544 4884 1925 4951 Peutecostes,
1951 4886 2169 4956 quando

592 4971 648 5025 in
700 4983 1027 5042 potestatem
1087 4976 1264 5029 sancti
1323 4974 1563 5044 Spiritus
1624 4977 1693 5031 ad
1751 4991 1850 5032 eos
1902 4978 2169 5039 venientis

590 5064 973 5120 transformati
1007 5074 1158 5121 sunt.

665 5155 757 5211 Xll
780 5197 795 5222 ,
830 5158 917 5212 l7.
972 5157 1356 5211 Testimonium
1392 5174 1514 5229 ergo
1531 5157 1836 5227 perhibebat
1867 5160 2023 5216 turba
2053 5177 2170 5232 qua:

591 5257 706 5302 erat
759 5265 875 5303 cum
903 5265 983 5313 eo,
1035 5247 1248 5318 quando
1297 5248 1569 5305 Lazarum
1617 5253 1819 5307 vocavit
1869 5253 1934 5307 de
1980 5270 2168 5308 monu-

592 5350 786 5402 mento,
826 5349 935 5393 etc.
1274 5352 1288 5368 ‘
2160 5408 2165 5415 .

662 5428 988 5483 Necessario
1027 5428 1225 5487 ordine
1272 5442 1612 5505 postremum
1642 5434 1747 5489 hoc
1792 5444 1900 5497 est,
1931 5436 2079 5505 quod
2112 5437 2168 5492 in

592 5518 803 5572 Lazaro
844 5529 1107 5589 operatus
1135 5531 1220 5577 est
1252 5523 1577 5579 miraculum
1606 5524 1894 5592 Dominus,
1930 5537 1987 5580 ut
2013 5526 2084 5582 ob
2116 5526 2173 5581 id

2361 3043 2552 3097 Ταῦτα
2584 3044 2653 3098 δὲ
2698 3048 2810 3101 οὐκ
2847 3048 3124 3118 ἔγνωσαν
3169 3057 3225 3110 ol
3278 3059 3536 3128 μαθηταὶ
3577 3062 3765 3117 αὐτοῦ
3804 3064 3869 3118 τὸ

2283 3134 2539 3203 πρῶτον,
2566 3140 2660 3192 καὶ
2687 3140 2755 3194 τὰ
2787 3139 2931 3213 ἑξῆς.

2364 3250 2621 3318 Ἦγνόουν
2650 3254 2751 3325 μὲν
2805 3252 2898 3311 οὖν
2946 3258 3009 3312 τὸ
3051 3262 3171 3314 κατ’
3214 3262 3423 3334 ἀρχὰς,
3455 3266 3526 3320 τά
3579 3270 3668 3322 ἐπ’
3721 3269 3869 3343 αὐτῷ

2278 3343 2641 3435 γεγραμμένα
2685 3364 2699 3377 ·
2736 3349 2875 3418 μετὰ
2917 3350 2974 3403 δὲ
3026 3351 3124 3423 τὴν
3167 3355 3461 3411 ἀνάστασιν
3489 3399 3504 3423 ,
3550 3361 3652 3414 οὐκ
3713 3364 3866 3435 ἔμει-

2278 3448 2374 3485 ναν
2426 3433 2639 3504 ἔχοντες
2679 3438 2776 3510 τὴν
2835 3441 3130 3514 Ἰουδαῐκὴν
3168 3448 3418 3517 πήρωσιν
3442 3492 3456 3514 ,
3487 3450 3624 3505 ἀλλὰ
3652 3433 3865 3508 ἀπεκα-

2277 3521 2452 3597 λύφοη
2485 3528 2667 3592 αὐτοῖς
2687 3529 2774 3583 διά
2805 3532 2899 3586 τοῦ
2930 3533 3250 3606 Πνεύματος
3279 3541 3311 3610 ἡ
3342 3541 3542 3609 γνῶσις
3570 3544 3680 3599 τῶν
3706 3546 3864 3603 θείων

2276 3611 2468 3708 λόγων.
2501 3619 2632 3672 Τότε
2683 3620 2740 3673 δὲ
2789 3622 3050 3697 ἐδοξάσθη
3081 3627 3110 3679 ὁ
3138 3629 3391 3698 Χριστὸς,
3417 3634 3504 3687 ὅτε
3534 3639 3865 3708 σταυρωθεὶς

2275 3704 2498 3796 ἀνεϐίω.
2533 3710 2648 3763 Οὐκ
2694 3711 2927 3784 ἐρυθριᾷ
2957 3714 3012 3767 δὲ
3053 3717 3081 3769 ὁ
3112 3718 3505 3795 εύαγγελιστὴς
3546 3704 3864 3796 καταλέγων

2275 3795 2374 3867 τὴν
2417 3799 2524 3852 τῶν
2560 3801 2819 3872 μαθητῶν
2848 3805 3090 3875 ἄγνοιαν,
3128 3811 3222 3864 καὶ
3250 3812 3410 3867 πάλιν
3437 3815 3660 3885 γνῶσιν,
3702 3821 3856 3874 ἐπείπ-

2276 3904 2381 3960 περ
2414 3886 2481 3961 ἦν
2519 3893 2669 3964 αὐτῷ
2698 3897 2898 3961 σκοπὸς
2918 3941 2932 3964 ,
2974 3900 3237 3973 ἀλογῆσαι
3270 3904 3367 3973 μὲν
3407 3909 3506 3977 τῆς
3537 3909 3619 3972 είς
3656 3909 3863 3981 ἀνθρώ-

2275 3997 2428 4077 ’πορςΔ
2442 3982 2653 4077 αἰδοῦς,
2678 3989 3047 4077 συνηγορῇσαι
3068 3990 3123 4043 δὲ
3145 3995 3210 4064 τῇ
3241 3994 3335 4047 τοῦ
3368 3998 3687 4068 Πνεύματος
3713 4003 3857 4077 δόξῃ,

2276 4068 2372 4161 καί
2401 4069 2571 4135 δεῖξαι
2602 4073 2746 4139 τίνες
2782 4078 2881 4146 μὲν
2910 4074 3050 4150 ἦσαν
3078 4083 3127 4135 οί
3160 4084 3404 4157 μαθηταὶ
3443 4090 3551 4159 πρὸ
3588 4092 3692 4161 τῆς
3728 4068 3858 4149 ἀνάλ

2278 4156 2524 4222 στάσεως
2547 4200 2563 4224 ,
2595 4161 2741 4226 τίνες
2785 4164 2841 4216 δὲ
2861 4208 2876 4232 ,
2910 4168 3051 4237 μετά
3094 4171 3191 4242 τὴν
3226 4173 3522 4232 ἀνάστασιν
3551 4182 3855 4248 γεγόνασιν.

2273 4249 2337 4302 Εἰ
2365 4245 2458 4304 οὖν
2484 4245 2630 4308 οῦτοι
2679 4257 2909 4325 ἠγνόουν
2931 4301 2947 4327 ,
2994 4262 3174 4333 πολλῷ
3229 4266 3428 4336 μᾶλλον
3462 4272 3512 4323 οἱ
3539 4245 3690 4327 ἀλλοι
3727 4275 3857 4329 Ἰου-

2272 4338 2429 4396 δαῖοι.
2461 4343 2618 4397 Μετά
2667 4345 2725 4399 δὲ
2773 4348 2835 4401 τὸ
2877 4352 3293 4423 σταυρωθῆναι,
3321 4359 3545 4432 ἐσχίσθη
3595 4364 3657 4417 τὸ
3692 4383 3857 4420 κατα-

2274 4432 2549 4504 πέτασμα,
2584 4437 2669 4490 ἵνα
2702 4438 2919 4510 γνῶμεν
2962 4443 3046 4497 ὅτι
3084 4444 3234 4501 οὐδὲν
3262 4447 3343 4500 ἔτι
3373 4451 3480 4504 τῶν
3522 4452 3857 4527 ἀποκρύφων

2272 4523 2616 4621 διαλανθάνει
2638 4530 2764 4593 τοὺς
2797 4535 3022 4598 πιστοὺς
3055 4536 3149 4589 καὶ
3176 4538 3476 4605 φιλοθέους.
3522 4523 3858 4621 Ἐφωτίσθη-

2279 4632 2377 4668 σαν
2399 4612 2490 4669 οὖν
2512 4618 2610 4690 τὴν
2638 4621 2839 4689 γνῶσιν
2863 4625 2969 4678 ἀπὸ
3001 4626 3092 4680 τοῦ
3127 4631 3322 4702 καιροῦ
3353 4632 3454 4703 τῆς
3485 4636 3855 4704 ἀναστάσεως.

2276 4709 2357 4762 ὅτι
2399 4710 2733 4783 ἐνεφύσησεν
2768 4716 2797 4767 ὁ
2841 4718 3078 4789 Χριστὸς
3116 4723 3194 4787 εἰς
3235 4725 3294 4778 τὸ
3334 4729 3625 4797 πρόσωπον
3654 4734 3852 4800 αὐτῶν,

2278 4801 2371 4855 καὶ
2401 4805 2686 4871 γεγόνασιν
2724 4806 2783 4871 ἐξ
2809 4808 3011 4880 ἐτέρων
3042 4811 3212 4870 ἄλλοι.
3258 4816 3380 4870 Ἐπὶ
3405 4820 3585 4873 πλεῖον
3622 4822 3678 4875 δὲ
3719 4827 3857 4895 ἐφω-

2276 4892 2543 4992 τίσθησαν
2565 4898 2622 4950 ἐν
2651 4901 2719 4992 τῇ
2754 4901 2936 4972 ἡμέρᾳ
2963 4904 3062 4974 τῆς
3088 4905 3486 4982 Πεντηκοστῆς,
3523 4915 3613 4968 ὅτε
3645 4920 3726 4981 είς
3758 4892 3855 4992 τὴν

2276 4984 2372 5080 τοῦ
2398 4987 2876 5080 ’ἐπιφοιτήσαντος
2909 4994 3092 5060 αὐτοῖς
3146 5000 3303 5069 ἁγίου
3367 5004 3685 5077 Πνεύματος
3726 4984 3855 5080 μετ-

2278 5076 2604 5147 επλάττοντο
2628 5080 2878 5153 δύναμιν.

2284 5248 2287 5251 δ
2360 5171 2705 5240 Ἐμαρτύρει
2752 5169 2867 5229 οὖν
2891 5178 2925 5230 ό
2964 5177 3149 5247 ὄχλος
3191 5183 3224 5236 ὀ
3250 5180 3336 5237 ὢν
3361 5187 3490 5254 μετ’
3523 5188 3732 5253 αὐτοῦ,
3768 5191 3856 5245 ὅτι

2271 5260 2381 5316 τὸν
2426 5260 2693 5332 Λάζαρον
2717 5263 3031 5336 ἐφώνησεν
3076 5271 3146 5325 ἐκ
3187 5274 3294 5328 τοῦ
3322 5279 3640 5347 μνημείου,
3665 5292 3759 5335 καί
3793 5287 3858 5337 τὰ

2274 5348 2421 5418 ἑξῆς.

2358 5439 2701 5510 Ἀναγκαίως
2735 5443 2810 5517 (Ι)
2845 5446 2954 5520 ἄρα
3004 5451 3097 5506 καὶ
3132 5455 3198 5525 τῇ
3233 5454 3386 5522 τάξει
3441 5454 3757 5518 τελευταῖον
3803 5464 3861 5517 τὺ

2276 5531 2416 5587 κατά
2441 5533 2533 5588 τὸν
2562 5536 2813 5609 Λάζαρον
2845 5543 2874 5594 ὁ
2907 5538 3109 5614 Κύριος
3138 5546 3717 5633 τεθαυματούργηκεν,
3774 5556 3860 5612 ἵνα

661 5694 741 5768 (1)
788 5698 1137 5770 Ἆναγκιιίως
1163 5743 1176 5757 .
1205 5742 1217 5756 .
1243 5743 1255 5757 .
1288 5743 1302 5757 .
1331 5705 1669 5761 ἀκολουθεῖ.
1699 5706 1773 5761 Ex
1807 5707 2024 5762 laudata
2049 5717 2182 5763 cale]

2297 5708 2391 5764 fol.
2427 5710 2549 5764 l'52.
