4010 6320
144 411 212 466 81
978 416 1042 472 IN
1083 418 1419 478 JOANNEM.
1457 454 1522 465 —-
1566 425 1690 480 LIB.
1737 427 1823 482 VII
1868 429 1953 481 ΕΤ
1999 431 2105 485 VIII
2146 430 2587 490 FRAGMENTA.
2970 384 2982 405 ‘
3345 448 3415 503 8‘3

147 522 247 576 ἐπὶ
275 525 577 596 προσφάτῳ
598 525 769 598 τούτῳ
789 530 1032 597 γεγονότι
1064 535 1316 607 τιμηθείη
1344 536 1441 605 μὲν
1471 539 1702 607 ἐπιφανέ

1838 556 2031 610 recens
2066 542 2300 607 facinus.
2320 546 2528 603 clarius
2558 566 2682 605 eum
2721 553 2875 622 plebs
2910 554 3230 622 bonoraret,
3255 569 3419 631 atque

147 630 345 686 στερον
371 616 478 668 ὑπὸ
510 616 603 669 τοῦ
641 617 906 690 πλήθους,
943 622 1041 686 τῆς
1065 624 1119 677 δὲ
1155 628 1321 697 τιμῆς
1350 628 1535 682 ἕνεκεν
1567 631 1735 702 ὑπερ-

144 704 488 777 αλγήσαντες
532 712 581 763 οί
623 711 904 782 Φαρισαῖοι
939 713 1321 783 βουλεύσαιντο
1364 720 1484 774 κατ’
1523 722 1689 776 αὑτοῦ
1715 739 1728 751 ·

145 799 247 852 καὶ
265 799 439 865 οὕτως
478 802 853 876 ἐπιτελεσθείη
885 804 945 858 τὸ
981 807 1180 871 πάθος,
1216 809 1351 881 ὅπερ
1382 814 1469 866 καὶ
1501 814 1728 882 γίνεται.

144 890 213 942 Οί
247 889 378 958 γοῦν
402 892 682 962 Φαρισαῖοι
711 888 865 947 εἷπον
895 896 1030 967 πρὸς
1056 898 1249 962 αὐτούς
1278 918 1289 928 ο
1319 901 1585 972 Θεωρεῖτε
1605 944 1620 969 ,
1649 907 1730 959 ὃτι

137 980 249 1033 οὐκ
281 980 540 1049 ὠφελεῖτε
572 983 757 1050 ούδὲν;
798 986 1029 1056 Ὀρῶσιν
1074 990 1157 1041 ὃτι
1200 992 1379 1062 μάτην
1420 994 1729 1065 ἀντιλέγου-

144 1087 233 1123 σιν
263 1073 398 1140 πρὸς
422 1072 519 1144 τὴν
551 1074 733 1128 πίστιν
763 1075 860 1147 τὴν
889 1078 968 1141 εἱς
994 1080 1228 1149 Χριστόν
1251 1099 1263 1111 ⁸
1324 1084 1503 1156 μάτην
1532 1086 1727 1158 ἀφορί-

141 1158 297 1222 ζουσι
320 1162 449 1225 τοὺς
472 1162 858 1230 πιστεύοντας,
904 1164 971 1220 τὰ
1002 1169 1101 1238 μὲν
1132 1170 1539 1244 διαλεγόμενοι,
1574 1178 1642 1232 τά
1671 1178 1729 1232 δὲ

137 1251 513 1317 ἀπειλοῦντες.
555 1257 740 1310 Πάντα
781 1253 875 1314 οὖν
900 1261 1149 1333 ἀνωφελῆ
1188 1282 1351 1333 φασιν
1391 1263 1530 1322 εἶναι
1566 1271 1612 1324 εί
1652 1270 1729 1342 μὴ

136 1342 283 1414 πρὸς
315 1345 594 1416 ἀναίρεσιν
623 1350 787 1404 αὐτοῦ
816 1352 1131 1423 τράποιντο⁶
1166 1356 1277 1411 ἰδοὺ
1304 1358 1444 1432 γάρ,
1477 1360 1639 1427 φασὶ,
1666 1361 1728 1415 τὸ

136 1434 371 1505 σύμπαν
405 1438 553 1510 αύτῷ
577 1440 781 1511 πλῆθος
808 1443 1129 1501 ἀκολουθεῖ.

223 1525 493 1592 Ἀκούσας
539 1530 599 1583 τὸ
652 1533 865 1603 συμϐὰν
912 1534 1021 1590 τῶν
1061 1539 1330 1606 ἀγελαίων
1370 1543 1397 1595 ό
1444 1542 1723 1612 σύλλογος,

131 1617 387 1687 εὐηκόως
407 1620 631 1693 ἐπείσθη
678 1627 787 1688 τοῖς
813 1629 1181 1701 μαρτυροῦσιν
1220 1631 1300 1685 ὅτι
1327 1632 1594 1705 ἀνέστησε
1631 1635 1726 1690 τὸν

134 1709 399 1782 Λάζαρον
447 1712 476 1764 6
525 1713 775 1784 Χριστὸς,
824 1717 920 1771 καὶ
953 1720 1216 1775 κατέλυσε
1255 1722 1317 1777 τὸ
1359 1724 1452 1778 τοῦ
1491 1725 1723 1780 θανάτου

130 1802 361 1872 κράτος,
393 1802 572 1868 καθὼς
602 1806 652 1859 οἱ
679 1809 952 1881 προφῆται
987 1808 1160 1869 εἷπον.
1193 1814 1293 1869 Διά
1316 1816 1475 1872 τοῦτο
1499 1820 1593 1874 καὶ
1625 1821 1723 1875 ὑπ-

1842 633 1985 688 hunc
2019 634 2279 692 honorem
2300 653 2444 708 aegre
2473 639 2729 699 Pharisaei
2760 644 2999 705 ferentes
3021 652 3418 722 conspirarent

1840 724 1895 778 in
1946 727 2158 795 ipsum,
2209 735 2376 799 atque
2431 732 2506 786 ita
2570 736 2758 804 passio
2814 740 3214 808 perﬁceretur;
3266 746 3418 814 quod

1840 832 2029 889 reapse
2078 821 2301 877 accidit.
2344 822 2607 881 Pbarismi
2651 843 2783 899 ergo
2827 830 3085 889 dicebant
3113 836 3352 892 invicem
3396 857 3415 892 :

1842 930 1861 963 ι
1904 910 2209 977 Videtisne,
2251 919 2528 987 quomodo
2561 921 2697 974 nihil
2733 923 3042 992 prolicitis?
3075 945 3095 979 ι
3127 926 3328 985 Vident
3353 946 3416 986 se

1840 1001 1963 1055 lidei
2024 1003 2080 1057 in
2134 1004 2416 1063 Christum
2474 1010 2678 1066 frustra
2741 1020 3158 1089 contradicere;
3204 1020 3410 1080 frustra

1836 1092 2128 1148 anathema
2173 1095 2368 1151 dicunt
2423 1100 2798 1166 credentibus,
2846 1107 3047 1175 partim
3093 1111 3411 1176 suadentes,

1835 1186 2032 1253 partim
2083 1187 2249 1242 etiam
2288 1189 2630 1248 minitantes.
2661 1192 2833 1251 Cassa
2880 1198 3067 1254 omnia
3118 1200 3409 1270 aﬂirmant,

1834 1276 1940 1331 nisi
1974 1277 2042 1333 ad
2063 1277 2270 1335 Christi
2302 1297 2493 1338 necem
2521 1282 2821 1342 devenient
2845 1305 2861 1341 :
2885 1303 3017 1348 ecce
3048 1293 3409 1362 enim,aiunt,

1833 1368 1986 1438 plebs
2017 1371 2283 1428 universa
2306 1372 2459 1428 illum
2478 1384 2757 1431 sectatur.

1899 1548 2045 1604 Cum
2087 1550 2337 1617 audisset
2384 1552 2449 1607 id-
2494 1552 2643 1622 quod
2694 1554 2981 1610 acciderat
3030 1553 3409 1624 gregariorum

1831 1640 2119 1697 hominum
2153 1643 2351 1705 turba,
2387 1642 2547 1698 facile
2579 1658 2866 1699 assensum
2914 1645 3149 1716 prmbuit
3197 1651 3410 1699 testan-

1832 1730 1980 1785 tibus
2030 1729 2314 1788 Christum
2373 1728 2646 1786 Lazarum
2700 1745 2733 1785 a
2798 1734 3036 1788 mortuis
3094 1732 3407 1799 excitasse,

1827 1836 2188 1893 eversamque
2258 1823 2453 1880 mortis
2523 1823 2865 1895 potentiam.
2939 1822 3409 1894 quemadmodum

129 1893 378 1966 ήντησαν
410 1897 591 1969 αὐτῷ·
621 1900 721 1953 οὐκ
755 1899 821 1956 ἂν
856 1903 966 1977 γάρ
1001 1906 1243 1964 τοσοῦτοι
1287 1910 1545 1985 ἐξαίφνης
1588 1931 1714 1985 μετ-

1827 1913 2108 1982 propbetas
2154 1912 2438 1970 dixerunt.
2492 1893 2789 1984 Propterea
2841 1922 2898 1969 et
2957 1893 3181 1971 obviam
3222 1914 3407 1971 ierunt

129 1986 347 2056 ἑθεντο,
387 1991 435 2042 εί
477 1990 553 2062 μὴ
594 1991 925 2050 ἐπίστευσαν
954 1996 1034 2071 τῷ
1067 2001 1299 2074 σημείῳ.

203 2170 483 2238 Θεωρεῖτε
506 2169 594 2226 ὅτι
615 2175 725 2229 οὐκ
746 2175 1028 2245 ὠφελεῖτε
1045 2178 1245 2247 οὐδὲν,
1279 2183 1375 2236 καὶ
1400 2183 1467 2237 τά
1493 2185 1639 2256 ἑξῆς.

201 2258 379 2314 Τοῦτο
417 2262 490 2327 ὡς
525 2264 752 2329 ἐαυτοὺς
782 2271 1291 2341 καταμεμφόμενοι,
1327 2275 1512 2343 φασὶν,
1562 2279 1712 2331 ἐπεί-

126 2367 240 2424 περ
267 2352 504 2408 ἔκπαλαι
530 2357 630 2411 οὐκ
661 2358 866 2413 ἀνεῖλον
892 2361 988 2414 σὺν
1007 2361 1083 2432 τῷ
1107 2362 1340 2436 Λαζάρῳ
1364 2366 1454 2420 τὸν
1485 2368 1710 2438 Ἰησοῦν,

125 2459 239 2513 προ
250 2444 567 2515 τρεπόμενοι
590 2449 818 2514 ἑαυτοὺς
848 2451 926 2514 είς
946 2450 1006 2506 τὸ
1044 2455 1209 2526 φονᾷν
1234 2470 1247 2484 °
1282 2457 1714 2525 ἀγανακτοῦντες

125 2535 261 2605 περὶ
286 2536 383 2588 τοῦ
413 2537 604 2593 πιστοῦ
627 2539 885 2611 ὄχλου,ὼς
910 2543 1056 2598 ἰδίων
1070 2547 1364 2618 κτημάτων
1382 2550 1715 2622 ἀποστερού-

127 2644 309 2697 μενοι,
335 2628 444 2681 τῶν
466 2629 632 2685 ὄντων
654 2632 749 2686 τοῦ
778 2633 937 2690 Θεοῦ.

196 2716 410 2777 Ἦσαν
431 2724 500 2779 δέ
526 2744 685 2793 τινες
707 2729 1001 2799 ’Έλληνες
1019 2730 1089 2785 ἐκ
1108 2731 1229 2787 τῶν
1251 2733 1713 2802 ἀναϐαινόντων,

122 2813 230 2868 ἵνα
254 2816 769 2886 προσκυνήσωσιν
794 2820 864 2879 ἐν
891 2821 963 2890 τῇ
990 2822 1184 2893 ἑορτῇ.
1374 2807 1401 2828 ⁸

212 2908 538 2980 Ἀπορήσειε
568 2911 613 2964 δ’
640 2913 706 2966 ἄν
733 2929 819 2977 τις
857 2916 917 2969 ἐν
948 2916 1156 2981 τούτοις
1204 2917 1298 2972 καὶ
1341 2919 1715 2991 διασκέψαιτο,

125 2998 276 3053 κατά
317 2999 439 3054 τίνα
482 3000 640 3070 λόγον
704 3004 1053 3061 ἀναϐαίνουσι
1115 3008 1225 3063 τῶν
1274 3009 1539 3082 Ἑλλήνων
1575 3013 1718 3077 τινες

125 3093 602 3163 προσκυνήσοντες
626 3097 706 3159 εἰς
741 3096 1110 3168 Ἰεροσόλυμα,
1146 3101 1240 3153 καὶ
1287 3102 1406 3154 τότε
1451 3103 1549 3174 τῆς
1579 3103 1721 3158 κατά

123 3180 297 3249 νόμον
325 3181 520 3252 ἑορτῆς
538 3184 979 3258 ἐπιτελουμένης.
1003 3188 1076 3241 Οὐ
1120 3189 1226 3260 γάρ
1253 3190 1317 3261 δή
1348 3190 1448 3245 πού
1483 3208 1567 3256 τις
1596 3193 1713 3263 ἐρεῖ

127 3271 267 3340 πρὸς
302 3272 405 3342 τὴν
434 3273 541 3327 τῶν
578 3278 758 3330 ἐκεῖσε
798 3277 925 3332 θέαν
978 3279 1242 3351 ἀναϐῆναι
1290 3282 1449 3352 μόνον
1478 3283 1672 3349 αὐτούς
1701 3303 1713 3314 ·

126 3365 567 3434 συμμεθέξοντες
621 3369 730 3439 γάρ
786 3372 898 3436 τοῖς
951 3370 1223 3439 Ἰουδαίοις
1258 3376 1357 3446 τῆς
1399 3377 1583 3442 αὐτοῖς
1621 3379 1732 3435 καὶη.

127 3456 317 3526 μόνοις
343 3458 661 3530 πρεπούσης
700 3461 895 3532 ἐορτῆς
923 3464 1327 3521 ωναναθέουσι.
1364 3467 1429 3520 Τί
1457 3466 1516 3521 τὺ
1542 3470 1716 3523 κοινὸν

124 3548 209 3611 ei;
241 3547 497 3619 λατρείας
524 3551 680 3620 λόγον
702 3552 930 3625 Ἕλλησί
954 3572 1013 3608 τε
1047 3556 1142 3609 καὶ
1181 3556 1453 3621 Ἰουδαίοις
1478 3577 1492 3625 ;
1522 3559 1716 3614 Καίτοι

123 3639 264 3693 πολὺ
289 3641 591 3697 διεστῶσαν
633 3645 938 3717 εὑρήσομεν
961 3646 1059 3719 τὴν
1083 3649 1141 3701 ἐν
1168 3649 1370 3719 ἀμφοῖν
1397 3648 1511 3717 ἕξιν
1531 3668 1592 3703 τε
1621 3653 1717 3705 καὶ

122 3734 451 3804 προαίρεσιν
468 3753 485 3769 ο
512 3738 563 3790 οἱ
590 3737 688 3807 μὲν
716 3737 825 3810 γάρ
845 3739 945 3810 τὴν
970 3740 1247 3811 ἀλήθειαν,
1282 3742 1332 3795 oi
1355 3741 1412 3795 δὲ
1439 3740 1500 3795 τὸ
1520 3741 1714 3812 ψεῦδος

121 3832 476 3899 τετιμήκασι.
514 3828 690 3885 Τίούν
722 3831 955 3905 ἐροῦμεν
992 3834 1051 3888 ἐν
1082 3834 1325 3901 τούτοις,
1358 3836 1710 3906 Παρακειμέ-

121 3936 223 3988 vn;
255 3921 357 3990 τῆς
399 3922 664 3976 Ἰουδαίων
706 3922 891 3996 χώρας
927 3927 994 3997 τῇ
1026 3925 1136 3980 τῶν
1176 3926 1496 3991 Γαλιλαίων,
1529 3928 1713 3991 πόλεις

120 4028 182 4064 τε
210 4011 310 4064 καὶ
346 4013 537 4083 κώμας
564 4014 822 4086 ἀλλήλαις
852 4016 1084 4089 ὁμόρους
1116 4018 1330 4088 ἔχοντες
1358 4018 1619 4091 Ἔλληνές
1650 4035 1710 4071 τε

122 4100 393 4161 κάκεῖνοι,
436 4104 635 4171 συχνὰς
669 4103 768 4174 μὲν
797 4103 1079 4158 ἐποιοῦντο
1102 4106 1201 4168 τὰς
1230 4105 1528 4176 ἐπιμιξίας,
1559 4106 1709 4175 ἐφοί-

122 4208 232 4245 των
255 4193 316 4246 δὲ
357 4196 488 4263 παρ’
518 4195 780 4267 ἀλλήλους
819 4196 1103 4266 ἑκάτεροι,
1132 4196 1380 4266 ποικίλης
1427 4198 1506 4261 είς
1552 4196 1711 4251 τοῦτο

123 4285 401 4356 καλούσης
429 4287 706 4358 ἀφορμῆς.
736 4288 953 4358 Ἐπειδὴ
988 4288 1046 4342 δέ
1081 4306 1198 4353 πως
1241 4288 1548 4360 θερμοτέρα
1572 4289 1706 4343 πολὺ

124 4377 263 4446 πρὸς
309 4379 642 4447 μετάστασιν
667 4379 767 4450 τὴν
796 4380 891 4433 ἐπὶ
929 4380 991 4433 τὸ
1021 4380 1245 4450 ἄμεινον
1290 4382 1324 4451 ἡ
1353 4379 1462 4434 τῶν
1498 4380 1710 4434 εἰδωλο-

122 4468 471 4539 λατρούντων
512 4470 632 4523 ἐστὶΙ
674 4470 917 4537 διάνοια,
946 4471 1041 4525 ἆτε
1073 4472 1139 4544 δὴ
1185 4472 1282 4525 καὶ
1329 4472 1473 4543 μάλα
1508 4472 1707 4544 ῥᾳδίως

1813 2001 1918 2073 ipsi
1966 2021 2188 2075 :neque
2230 2006 2378 2061 enim
2441 2005 2517 2061 ita
2564 2005 2862 2076 derepente
2898 2015 3010 2063 tam
3065 2007 3223 2061 multi
3281 2020 3404 2062 sese

1812 2097 2272 2157 commovissem.
2308 2097 2416 2153 nisi
2450 2096 2724 2152 miraculo
2751 2097 3149 2155 credidissent.

1886 2186 2015 2251 XII,
2056 2189 2144 2242 19.
2209 2187 2414 2242 Videtis
2464 2189 2593 2259 quia
2629 2189 2767 2251 nihil
2804 2190 3115 2259 proﬁcitis?
3146 2196 3259 2249 etc.

1885 2277 1999 2332 IIoc
2039 2277 2232 2333 dicunt
2270 2279 2431 2348 quasi
2481 2280 2698 2350 seipsos
2728 2281 3073 2347 incusantes,
3110 2277 3256 2350 quod
3290 2293 3399 2335 non

1808 2366 2141 2436 jampridem
2191 2365 2477 2423 Christum
2527 2383 2655 2424 cum
2700 2368 2915 2425 Lazaro
2962 2370 3391 2430 interfecerint.

1814 2472 2044 2528 seseque
2072 2458 2140 2512 ad
2187 2457 2393 2514 caedem
2446 2468 2642 2517 mutuo
2686 2460 3071 2528 cohortantur,
3122 2462 3393 2531 indignati

1811 2548 1958 2617 quod
1998 2549 2175 2605 turbae
2218 2549 2533 2615 crederent,
2567 2551 2741 2606 veluti
2770 2553 2888 2609 suis
2937 2552 3398 2624 possessionibus

1813 2640 1997 2709 ejecti,
2034 2656 2160 2695 cum
2194 2639 2333 2709 ipsa:
2356 2655 2483 2695 vere
2517 2639 2589 2695 ad
2624 2639 2796 2696 Deum
2828 2644 3191 2713 pertinerent.

1889 2730 2024 2796 XII,
2058 2729 2151 2784 20.
2205 2728 2381 2786 Erant
2433 2739 2614 2785 autem
2659 2732 2881 2802 quidam
2926 2734 3148 2802 gentiles
3194 2749 3263 2789 ea:
3310 2734 3398 2789 Itis

1814 2826 1902 2895 qui
1931 2822 2300 2889 ascenderant,
2332 2831 2391 2876 ut
2415 2822 2729 2878 adorarent.
2750 2824 2820 2879 in-
2840 2825 2928 2879 die
2956 2824 3111 2896 festo.

1889 2914 2230 2972 Dubitaverit
2253 2915 2530 2985 quispiam
2575 2917 2631 2972 in
2658 2916 2836 2982 hisce,
2882 2917 3254 2991 pendebitque
3278 2920 3402 2976 ani-

1818 3008 1929 3073 mi,
1965 3021 2131 3077 quam
2178 3005 2249 3061 ob
2295 3020 2521 3062 causam
2562 3009 2814 3064 nonnulli
2842 3008 3156 3066 Graecorum
3195 3011 3398 3068 adora-

1820 3100 1930 3155 turi
1964 3100 2318 3157 ascenderint
2366 3101 2769 3175 Hierosolyma,
2811 3102 2979 3173 idque
3031 3118 3159 3159 cum
3199 3120 3398 3161 secun-

1821 3192 1949 3247 dum
1982 3193 2158 3263 legem
2196 3192 2397 3249 festum
2416 3195 2819 3252 celebraretur.
2851 3193 3041 3267 Neque
3064 3196 3213 3253 enim
3243 3198 3399 3267 quis-

1821 3299 1989 3354 quam
2017 3285 2165 3340 dicet
2202 3285 2522 3342 ascendisse
2547 3301 2641 3342 eos
2686 3287 2949 3344 duntaxat
2988 3287 3056 3343 ad
3103 3296 3397 3367 spectacu-

1820 3375 1957 3440 lum,
1988 3374 2192 3447 quippe
2219 3376 2523 3446 participes
2555 3375 2724 3433 l‘uturi
2751 3394 2880 3434 cum
2916 3377 3123 3436 Judmis
3154 3377 3283 3436 I'esti
3315 3380 3398 3436 eis

1818 3465 1951 3520 solis
1967 3465 2349 3520 convenientis
2391 3465 2559 3521 simul
2588 3476 2919 3535 accurrunt;
2948 3468 3078 3539 quid
3102 3483 3398 3524 commune

1816 3557 2001 3627 quoad
2034 3558 2243 3613 cultum
2275 3557 2481 3616 Grzeeis
2512 3568 2569 3615 et
2595 3559 2836 3615 Judreis?
2869 3561 3037 3629 Atqui
3092 3561 3392 3631 plurimum

1818 3646 2159 3703 diﬁcrentem
2208 3648 2265 3704 in
2313 3648 2564 3718 utrisque
2616 3649 3025 3718 comperiemus
3058 3648 3303 3705 habitum
3338 3658 3394 3704 ct

1819 3738 2131 3795 institutum
2160 3738 2327 3794 animi
2359 3758 2374 3794 :
2424 3739 2482 3794 hi
2520 3738 2669 3795 enim
2704 3739 3019 3804 veritatem,
3053 3740 3133 3794 illi
3168 3739 3393 3794 menda-

1814 3830 1960 3885 cium
1986 3831 2197 3886 colunt.
2231 3830 2376 3898 Quid
2407 3845 2537 3901 ergo
2565 3830 2653 3886 hic
2681 3830 2969 3889 dicemus?
2997 3830 3134 3886 Cum
3173 3830 3394 3887 Iudaeo-

1815 3936 1936 3975 rum
1970 3922 2121 3992 regio
2158 3922 2501 3978 contermina
2541 3931 2689 3978 esset
2724 3919 2981 3987 Galilaeae,
3012 3922 3287 3992 urbesque
3323 3936 3391 3978 ac

1814 4014 1969 4068 vicos
2000 4013 2145 4068 inter
2173 4028 2233 4068 se
2255 4013 2489 4069 invicem
2516 4014 2728 4069 vicinos
2758 4013 3042 4080 haberent,
3071 4012 3392 4084 frequenter

1814 4104 1958 4159 inter
1996 4119 2055 4158 se
2081 4104 2225 4157 ultro
2257 4103 2512 4173 citroque
2551 4103 2955 4170 commeabant,
2989 4118 3053 4157 ac
3085 4104 3391 4173 permisce-

1812 4195 2040 4259 bantur,
2075 4182 2144 4249 ac
2169 4194 2391 4264 utrique
2434 4194 2705 4250 invitante
2736 4194 2807 4253 ad
2847 4194 2901 4249 id
2953 4194 3248 4267 multiplici
3292 4210 3390 4253 oc-

1810 4285 2035 4340 casione
2065 4283 2300 4338 invicem
2353 4285 2562 4341 alteros
2614 4284 2864 4340 adibant.
2928 4283 3201 4351 Quoniam
3255 4300 3388 4341 vero

1811 4377 1989 4431 multo
2027 4376 2189 4447 700
2218 4376 2503 4434 ardentior
2525 4392 2683 4433 mens
2704 4384 2824 4431 erat
2846 4375 3121 4434 idolorum
3151 4377 3386 4434 cultori-

1809 4469 1936 4533 bus,
1965 4479 2021 4524 et
2055 4468 2135 4523 ad.
2161 4469 2519 4524 mutationem
2552 4468 2608 4524 in
2643 4467 2842 4524 melius
2879 4471 3224 4541 prepensior,
3261 4478 3390 4525 tan-

125 4561 557 4632 ἐξελεγχομένης
573 4562 754 4617 αὐτῶν
786 4562 885 4633 τῆς
907 4563 1294 4635 ψευδολατρίας
1325 4564 1401 4628 ὡς
1429 4564 1707 4636 ἀχρήστου

1823 4575 1977 4630 quam
2005 4560 2132 4630 plus
2171 4563 2306 4618 satis
2332 4560 2538 4615 revicta
2567 4558 2966 4629 confutataque
2997 4576 3192 4617 eorum
3232 4562 3388 4618 inani

124 4653 429 4719 παντελῶς,
477 4656 857 4724 μετεπείθοντό
901 4674 1045 4720 τινες
1091 4657 1328 4720 εὐκόλως
1357 4674 1371 4688 ·
1403 4656 1556 4712 οὔπω
1610 4657 1709 4728 μὲν

123 4743 385 4807 ὀλοτελῶς
420 4745 501 4809 είς
534 4744 595 4798 τὸ
620 4784 634 4805 ,
668 4745 812 4817 μόνῳ
850 4744 1133 4817 λατρεύειν
1176 4744 1254 4817 τῷ
1281 4746 1423 4801 κατά
1448 4746 1707 4818 ἀλήθειαν

122 4834 236 4888 δντι
288 4835 428 4905 Θεῷ,
470 4836 816 4907 μεριζόμενοι
863 4836 919 4888 δέ
965 4853 1081 4898 πως
1120 4840 1234 4900 τοῖς
1266 4838 1346 4901 είς
1406 4838 1707 4893 ἀπόστασιν

123 4923 427 4995 λογισμοῖς,
459 4926 552 4979 καὶ⁵
582 4928 701 4990 ταῖς
728 4925 835 4979 τῶν
881 4927 1026 4980 ἰδίων
1066 4926 1402 4981 διδασκάλων
1450 4929 1709 4999 ἑπόμενοι

123 5016 394 5087 γνώμαις,
431 5017 736 5083 Πλάτωνος,
776 5017 941 5088 φημὶ,
975 5020 1068 5071 καὶ
1101 5019 1211 5073 τῶν
1241 5019 1361 5073 κατ’
1386 5020 1593 5072 ἐκεῖνον
1630 5015 1707 5073 εῖ-

124 5126 213 5162 ναι
241 5109 552 5180 λεγομένων
584 5107 785 5179 σοφῶν,
826 5110 1143 5178 φασκόντων
1173 5110 1269 5164 ἐνα
1297 5111 1394 5181 μὲν
1429 5112 1537 5164 τῶν
1567 5113 1705 5165 πάν-

122 5216 233 5253 των
266 5197 403 5254 εἶναι
444 5201 797 5273 δημιουργὸν,
837 5202 1166 5273 ἐγκοσμίους
1202 5202 1260 5256 δὲ
1290 5203 1418 5267 τοὺς
1463 5202 1704 5267 λοιποὺς,

124 5291 218 5343 καὶ
275 5289 465 5362 ῶσπερ
527 5292 681 5356 τινὰς
726 5293 999 5364 ἡγεμόνας
1052 5294 1524 5365 κεχειροτονῆσθαι
1573 5296 1705 5365 παρ’

121 5384 329 5437 ἐκείνου
362 5384 500 5456 πρὸς
526 5384 790 5458 διοίκησιν
822 5384 929 5439 τῶν
960 5384 1315 5457 ἀνθρωπίνων
1342 5388 1701 5458 πραγμάτων.

125 5477 285 5539 Ἐθος
313 5473 406 5531 οὖν
430 5495 545 5532 τισι
591 5477 1237 5549 ΙΙαλαιστινοῖς,”Ελλησι¹
1272 5478 1504 5549 μάλιστα
1523 5519 1539 5543 ,
1564 5497 1706 5549 παρ-

120 5569 455 5643 εζευγμένην
509 5572 607 5626 καὶ
657 5570 875 5639 γείτονα
909 5569 1007 5642 τὴν
1058 5570 1165 5625 τῶν
1200 5570 1467 5625 Ἰουδαίων
1520 5569 1704 5640 ἔχουσι

120 5661 300 5734 χώραν
322 5703 339 5728 ,
371 5661 793 5734 ἀπομάττεσθαι
846 5680 962 5726 πως
999 5661 1096 5729 ἔθη
1128 5662 1198 5715 τὰ.
1238 5663 1369 5733 παρ’
1392 5662 1575 5724 αὐτοῖς
1612 5662 1704 5713 καὶ

119 5755 184 5806 τδ
204 5754 302 5824 τῆς
332 5754 640 5826 μοναρχίας
663 5753 832 5824 ὄνομα
849 5755 1033 5825 τιμᾷν,
1053 5753 1211 5820 δόξαν
1234 5751 1377 5806 οὓτω
1403 5753 1696 5816 κάκείνοις,

120 5836 198 5898 ὧν
237 5846 432 5916 ἀρτίως
464 5842 996 5917 ἐμνημονεύσαμεν,
1026 5845 1074 5898 εἰ
1124 5845 1215 5898 καὶ
1266 5843 1339 5915 μὴ
1375 5842 1516 5897 οὕτω
1567 5845 1697 5913 φασὶ

1813 4652 2228 4720 superstitione,
2259 4650 2383 4706 ideo
2412 4651 2664 4707 nonnulli
2688 4650 2858 4729 iacile
2884 4654 3216 4723 sententiam
3259 4670 3388 4708 mu-

1811 4742 2001 4798 tabant
2035 4759 2049 4796 :
2076 4742 2172 4798 sed
2197 4742 2439 4797 nondum
2468 4743 2708 4814 perfecte
2735 4743 2804 4799 ad
2833 4744 2942 4801 boc
2968 4753 3028 4800 ut
3049 4746 3155 4802 soli
3185 4760 3386 4803 secun-

1809 4834 1940 4889 dum
1974 4835 2259 4890 veritatem
2310 4835 2425 4891 Deo
2476 4836 2783 4904 servirent;
2833 4838 3101 4909 ancipites
3152 4850 3282 4892 vero
3328 4845 3385 4892 et

1809 4926 2080 4997 ambiguis
2108 4927 2238 4984 hinc
2259 4927 2387 4984 inde
2419 4928 2670 4984 distracti
2695 4929 3005 4985 rationibus
3026 4930 3093 4984 ad
3116 4928 3384 4985 defectio-

1809 5034 1957 5079 nem.
1988 5025 2045 5074 et
2073 5034 2299 5074 suormn
2331 5020 2726 5091 magistrorum
2749 5020 3105 5092 opinionibus
3122 5019 3382 5077 insisten-

1809 5120 1912 5175 tes,
1946 5108 2217 5174 Platonis.
2248 5111 2500 5180 inquam,
2532 5116 2587 5166 et
2618 5111 2854 5167 aliorum
2886 5111 2938 5165 id
2963 5125 3139 5181 genus
3162 5112 3382 5180 sapien-

1805 5210 1947 5268 tum,
1987 5202 2082 5273 qui
2112 5202 2267 5258 aiunt
2300 5219 2470 5258 unum
2510 5201 2733 5273 quidem
2774 5217 2901 5258 esse
2932 5201 3174 5258 universi
3215 5201 3380 5273 opiﬁ-

1804 5310 1948 5358 cem,
1975 5303 2205 5350 caeteros
2225 5310 2355 5351 vero
2384 5294 2803 5364 mundanosque
2824 5303 3084 5363 tauquam
3109 5295 3377 5365 quosdam

1805 5386 1975 5443 duces
2003 5387 2074 5441 ab
2100 5387 2197 5441 illo
2224 5396 2444 5443 creatos
2485 5387 2554 5442 ad
2584 5402 2767 5443 rerum
2818 5386 3185 5442 humanarum
3229 5390 3379 5460 regi-

1805 5493 1956 5532 men.
2008 5476 2175 5533 Moris
2229 5493 2361 5548 ergo
2419 5477 2704 5533 nonnullis
2758 5477 3103 5545 Palaestinis,
3169 5480 3378 5538 θενεῖς

1804 5567 2060 5632 maxime,
2087 5567 2323 5622 vicinam
2343 5574 2399 5622 et
2413 5567 2724 5637 contiguam
2753 5566 3066 5624 Judaaorum
3098 5570 3375 5641 regionem

1806 5657 2178 5714 accolentibus
2206 5696 2222 5721 ,
2280 5657 2485 5712 imitari
2534 5667 2589 5712 et
2638 5672 2921 5715 assumere
2969 5659 3374 5730 quodammodo

1802 5765 1993 5803 eorum
2022 5748 2458 5805 consuetudines
2486 5763 2550 5803 ac
2583 5762 2783 5813 mores,
2828 5758 2995 5820 atque
3032 5752 3371 5805 monarchia:

1807 5858 2006 5897 nomen
2042 5841 2097 5899 in
2125 5841 2331 5900 honore
2359 5841 2582 5910 habere,
2611 5842 2757 5913 quod
2793 5844 2866 5898 ita
2904 5842 3082 5898 visum
3119 5851 3264 5900 esset
3300 5845 3367 5899 iis
