4010 6320
603 422 677 483 85
1603 423 1662 480 S.
1702 426 1981 482 CYlllLLl
2006 426 2477 485 ALEXANDRINI
2511 430 2833 486 ARCHIEI’.
3787 426 3854 480 84

598 554 840 611 quorum
883 540 1052 613 paulo
1079 547 1208 596 ante
1234 543 1613 612 meminimus,
1659 545 1763 600 etsi
1815 562 1925 603 non
1972 546 2165 603 eodem

2275 549 2524 624 καθάπερ
2551 552 2732 622 ἡμεῖς.
2761 552 2824 604 Οἱ
2854 550 2931 615 δὲ,
2953 550 3089 620 μήτε
3116 548 3296 618 πλήρη
3317 546 3415 615 τὴν
3441 545 3522 608 εἰς
3565 544 3853 608 Ἰουδαίους

598 631 766 687 modo
810 647 921 702 quo
954 646 1058 688 nos
1103 633 1404 703 loquimur.
1445 633 1512 690 lli
1546 650 1674 692 vero
1698 651 1811 692 non
1841 639 2069 694 omnino
2100 638 2166 693 ad

596 719 911 777 Iudaeorum
944 723 1086 779 ritus
1117 724 1397 794 propensi,
1426 741 1607 796 neque
1635 740 1666 781 a
1699 725 2020 787 Graecorum
2054 730 2170 799 pla-

597 812 725 869 citis
768 821 827 869 et
866 815 1114 871 moribus
1155 814 1416 886 digressi,
1451 818 1546 874 sed
1589 819 1825 875 mediam
1874 821 2168 891 quamdam

595 904 942 960 rationemet
971 906 1304 962 sententiam
1351 909 1549 976 secuti,
1587 909 1665 979 pii
1693 919 1752 968 et
1793 910 2036 967 cultores
2070 910 2167 966 Dei

597 1002 1009 1066 nuncupantur.
1041 996 1215 1068 Igitur
1247 997 1424 1053 Graeci
1450 999 1550 1070 qui
1590 999 1648 1054 in
1675 1002 1929 1070 proximo
1954 1001 2165 1059 habita-

524 1124 532 1131 .
596 1086 751 1152 bant,
799 1103 927 1142 cum
959 1088 1212 1144 viderent
1265 1104 1399 1145 suos
1442 1104 1627 1148 mores
1675 1107 1706 1147 a
1756 1090 2006 1150 Judaicis
2057 1109 2168 1150 non

509 1251 515 1257 ⁸
595 1192 928 1251 magnopere
970 1178 1214 1245 diﬂ‘erre,
1251 1180 1434 1253 quoad
1480 1182 1885 1240 sacriﬁciorum
1926 1186 2069 1242 ritus
2114 1195 2170 1242 et

596 1268 933 1324 monarchiae
961 1278 1350 1341 pmsumptam
1373 1270 1691 1342 opinionem
1724 1274 1874 1344 (nam
1914 1290 2027 1331 non
2063 1290 2166 1332 an-

596 1366 683 1412 tea
715 1373 850 1429 gens
891 1359 1059 1414 Israel
1099 1358 1168 1415 de
1197 1360 1416 1417 ratione
1457 1370 1663 1418 sancta
1695 1369 1751 1418 et
1798 1366 2168 1421 consubstan-

595 1445 744 1499 tialis
784 1444 1100 1513 Trinitatis,
1147 1448 1245 1503 sed
1277 1464 1457 1521 neque
1494 1451 1805 1521 spiritualis
1841 1455 2025 1511 cultus
2059 1457 2166 1511 vim

594 1527 930 1608 audierant),
962 1536 1318 1595 conﬂuebant
1346 1542 1513 1596 etiam
1559 1542 1879 1610 adoraturi,
1929 1546 2168 1603 maxime

591 1624 647 1679 in
682 1628 902 1697 magnis
933 1628 1373 1693 celebritatibus,
1401 1629 1570 1702 idque
1598 1648 1710 1688 non
1738 1635 1897 1705 quasi
1928 1650 2167 1706 peccan-

593 1726 678 1772 tes
736 1718 790 1771 in
833 1733 990 1777 suam
1038 1719 1291 1790 ipsorum
1332 1723 1655 1794 religionem
1686 1741 1754 1781 ac
1803 1728 2036 1795 cultum,
2069 1731 2166 1786 sed

592 1809 741 1864 velut
773 1826 942 1865 unum
969 1813 1217 1880 omnium
1250 1811 1418 1869 Deum
1446 1814 1807 1874 honorantes.

662 1899 758 1956 XII
781 1942 796 1961 .
840 1902 933 1958 ΞΩ.
986 1900 1141 1960 Venit
1174 1904 1454 1976 Philippus
1481 1915 1531 1962 et
1557 1907 1689 1963 dicit
1705 1908 1955 1968 Andrew.

663 1992 732 2048 Et
760 1993 1024 2051 Pharisaei
1069 1997 1383 2055 nescientes
1420 1999 1503 2055 rei
1536 2003 1825 2058 Veritatem
1874 2004 1992 2060 haec
2024 2005 2169 2061 inter

594 2099 656 2140 se
704 2085 1013 2141 dicebant:
1071 2104 1094 2140 ε
1141 2086 1283 2144 Ecce
1338 2096 1489 2147 totus
1538 2093 1780 2150 mundus
1833 2103 1957 2165 post
2013 2097 2167 2152 illum

593 2175 712 2231 abit
738 2176 809 2231 ³⁸.
845 2196 866 2230 ι
895 2176 1084 2249 Neque
1111 2181 1259 2236 enim
1297 2183 1477 2239 solum
1504 2181 1700 2253 Judaei,
1729 2186 1825 2242 sed
1855 2195 1910 2243 et
1936 2189 2168 2259 gentiles

593 2277 754 2322 erant
794 2269 1082 2325 credi-turi.
1127 2271 1260 2328 ideo
1304 2281 1358 2329 et
1402 2289 1556 2330 nunc
1600 2276 1750 2332 velut
1801 2279 2168 2349 primitiarum

594 2359 720 2414 loco
743 2358 890 2415 facta
918 2369 1006 2417 est
1025 2361 1342 2420 Graecorum
1376 2367 1646 2435 accessio,
1688 2377 1744 2424 et
1772 2385 1884 2424 non
1912 2385 2076 2429 secus
2104 2388 2169 2428 ac

594 2447 811 2505 Galilei
854 2450 1191 2508 accedebant
1249 2453 1320 2508 ad
1366 2453 1681 2526 Philippum
1714 2455 1911 2523 Graeci,
1962 2473 2064 2514 ceu
2115 2470 2171 2516 et

595 2540 775 2610 ipsum
833 2541 1129 2600 Galilaeam
1168 2545 1552 2613 exsistentem,
1602 2554 1665 2603 ut
1715 2549 2036 2605 ostenderet
2086 2552 2171 2608 eis

592 2632 782 2692 Jesum
814 2646 981 2704 quem
1029 2650 1260 2693 cernere
1294 2638 1612 2709 cupiebant,
1667 2638 1872 2695 auditis
1919 2648 2002 2695 tot
2047 2656 2170 2712 quze

594 2724 808 2781 ﬂebant
834 2726 1105 2785 secundis
1131 2729 1658 2795 acclamationibus,
1686 2738 1746 2785 nt
1772 2729 2087 2797 adorarent,
2115 2742 2171 2789 et

592 2834 658 2872 ea
728 2834 853 2889 quae
904 2820 1197 2891 cupiebant
1254 2829 1760 2893 consequerentur.
1824 2820 2170 2883 Recordatus

592 2922 724 2963 vero
757 2908 1041 2980 Philippus
1083 2910 1234 2980 quod
1271 2911 1488 2970 dixerat
1512 2911 1596 2968 eis
1629 2911 1792 2969 Jesus
1822 2931 1837 2968 :
1877 2933 1901 2967 ‹
1932 2912 1989 2968 ln
2020 2914 2166 2971 viam

593 3002 836 3070 gentium
866 3018 935 3056 ne
965 3002 1237 3070 abici-itis,
1275 3010 1331 3057 et
1373 3002 1433 3059 in
1468 3004 1661 3060 urbem
1692 3003 2167 3063 Samaritanorum

591 3107 663 3149 ne
692 3092 1080 3165 ingrediamini
1105 3093 1148 3131 υ
1171 3134 1189 3161 ,
1224 3112 1249 3147 ι
1271 3095 1471 3151 metuit
1499 3110 1569 3152 ne
1589 3095 1870 3155 oll‘endere
1916 3099 2169 3155 videatur

2272 643 2483 714 ἔχοντες
2525 643 2697 714 ῥοπὴν
2718 683 2734 709 ,
2768 644 2907 713 μήτε
2942 642 3048 712 μὴν
3102 638 3211 693 τῶν
3243 637 3467 707 Ἕλλησι
3528 636 3698 707 φίλων
3742 637 3847 706 ἁφ-

2270 734 2563 805 εστηκότες
2591 734 2751 801 ἐθῶν,
2783 734 2955 805 μέσην
2992 731 3049 786 δέ
3097 747 3220 784 τινα
3251 728 3346 782 καὶ
3371 728 3507 798 πρὸς
3534 728 3703 798 ἄμφω
3730 726 3856 799 pte.

2270 842 2395 879 πειν
2438 823 2848 895 ἐπιτηδεύοντες
2887 822 3067 887 δόξαν,
3099 819 3371 882 θεοσεϐεῖς
3398 818 3753 888 ὀνομάζονται
3800 821 3854 872 οί

2268 915 2520 969 τοιοῦτοι.
2577 913 2879 986 Τοιγαροῦν
2936 915 2986 967 οἱ
3035 910 3406 982 γειτονοῦντες
3447 911 3743 983 Ἕλληνες,
3788 910 3854 963 οὐ

2271 1006 2477 1077 σφόδρα
2499 1006 2606 1061 τῶν
2639 1004 2941 1061 Ἰουδαϊκῶν
2967 1003 3107 1060 ἐθῶν
3133 1005 3202 1060 τὰ
3233 1006 3340 1060 ἴδια
3369 1004 3705 1076 διῳκισμένα
3727 1001 3857 1073 βλέ-

2269 1100 2619 1165 ποντες,ὅσον
2646 1094 2782 1172 ἧκεν
2810 1100 2890 1162 εἰς
2919 1095 3120 1151 θυσιῶν
3142 1097 3379 1169 τρόπους
3408 1098 3503 1152 καὶ
3545 1093 3855 1168 μοναρχίας

2267 1191 2519 1263 διάληψιν
2542 1191 2623 1264 (οὐ
2669 1192 2778 1264 γὰρ
2815 1191 3031 1264 ⁴ᾔδεισαν
3081 1194 3344 1268 πρότερον
3380 1192 3481 1263 τῆς
3534 1189 3696 1258 ἁγίας
3750 1186 3855 1239 καὶ

2267 1283 2557 1353 ὀμοουσίου
2595 1283 2824 1355 Τριάδος
2870 1286 2996 1349 τοὺς
3028 1286 3220 1355 λόγους
3265 1286 3312 1338 οἱ
3354 1282 3413 1349 ἐξ
3449 1278 3687 1352 Ἰσραὴλ,
3727 1275 3855 1330 ἀλλ’

2267 1374 2389 1428 οὐδὲ
2423 1375 2524 1446 τῆς
2563 1375 2943 1447 πνευματικῆς
2970 1376 3222 1448 λατρείας
3247 1374 3347 1447 τὴν
3391 1369 3685 1442 δύναμιν),
3719 1384 3855 1420 συν-

2269 1464 2480 1520 έϐαινον
2512 1467 2996 1538 προσκυνήσοντες,
3030 1469 3087 1521 ἐν
3119 1465 3420 1536 πανδήμοις
3462 1461 3693 1533 μάλιστα
3724 1475 3853 1511 συντ

2266 1554 2511 1626 δρομαῖς,
2533 1557 2631 1627 οὐχ
2656 1555 2733 1620 ὡς
2767 1557 2867 1629 τὴν
2894 1556 3045 1612 ἰδίαν
3064 1555 3359 1618 λυποῦντες
3380 1550 3631 1625 λατρείαν
3655 1566 3717 1603 τε
3749 1549 3855 1605 καὶ

2269 1643 2590 1717 θρησκείαν,
2636 1645 2750 1701 ἀλλ’
2807 1647 2884 1710 ὡς
2927 1646 3014 1701 ἴνα
3046 1648 3137 1703 τδν
3183 1646 3278 1699 ἐπὶ
3325 1643 3543 1699 πάντων
3577 1638 3855 1711 τιμῶντες

2267 1736 2424 1791 Θεόν.

2348 1920 2626 1988 Ἔρχεται
2649 1920 2947 1986 Φίλιππος
2977 1918 3078 1973 καί
3107 1917 3270 1987 λέγει
3298 1914 3380 1981 τῷ
3412 1912 3662 1982 Ἀνδρέα.

2337 2014 2448 2068 Καὶ
2495 2013 2570 2085 μὴ
2600 2013 2798 2076 εἰδότες
2850 2012 2900 2066 οἱ
2944 2008 3230 2082 Φαρισαῖοι
3262 2009 3325 2063 τὸ
3370 2004 3570 2079 ἀληθὲς
3623 2002 3853 2057 ἐλάλουν

2267 2105 2567 2174 λέγοντες·‹
2583 2105 2689 2158 Ἴδε
2714 2105 2744 2158 δ
2763 2103 2967 2174 κόσμος
2994 2102 3113 2166 ὅλος
3140 2100 3316 2154 ὀπίσω
3345 2097 3511 2154 αὑτοῦ
3545 2092 3844 2166 ἀπῆλθεν.)

2268 2195 2343 2249 Οὐ
2377 2195 2536 2264 μόνον
2560 2194 2668 2265 γὰρ
2701 2192 2967 2259 Ἰουδαῖοι,
2983 2191 3117 2246 ἀλλὰ
3138 2190 3234 2244 καὶ
3257 2190 3308 2244 οῖ
3335 2187 3396 2254 ἐξ
3425 2185 3595 2240 ἐθνῶν
3625 2182 3853 2253 ἔμελλον

2270 2285 2568 2340 πιστεύειν.
2599 2286 2692 2338 Διδ
2720 2284 2814 2337 καὶ
2837 2283 2916 2347 ὡς
2943 2285 3001 2337 ἐν
3032 2282 3251 2352 ἀπαρχῇ
3280 2279 3405 2333 τότε
3426 2276 3648 2347 γέγονεν
3678 2275 3714 2345 ἠ
3739 2273 3857 2326 τῶν

2281 2377 2549 2449 Ἐλλήνων
2591 2375 2876 2447 προσθήκη
2904 2415 2919 2441 ,
2949 2374 3048 2428 καὶ
3073 2373 3150 2437 ὡς
3191 2370 3465 2425 Γαλιλαῖοι
3497 2368 3546 2424 οἱ
3584 2365 3853 2435 Ἕλληνες

2270 2467 2577 2541 προσῆλθον
2598 2466 2972 2538 τῷᾯιλίππῳ,
3007 2466 3084 2528 ῶς
3110 2465 3204 2519 καὶ
3235 2461 3384 2535 αὐτῷ
3412 2458 3681 2527 Γαλιλαίῳ
3708 2457 3850 2519 δντι,

2271 2560 2361 2615 ἵνα
2385 2559 2536 2633 δείξῃ
2557 2558 2739 2623 αὐτοῖς
2764 2558 2857 2612 τὸν
2893 2555 3120 2629 Ἰησοῦν,
3145 2555 3204 2609 δν
3240 2554 3430 2626 ἡθελον
3465 2551 3614 2616 ἰδεῖν,
3646 2547 3855 2617 πολλὴν

2268 2654 2559 2717 ἀκούοντες
2591 2651 2672 2715 είς
2705 2650 2868 2704 αὐτὸν
2889 2649 3181 2721 γινομένην
3219 2649 3320 2720 τὴν
3364 2642 3664 2714 εὖφημίαν,
3704 2640 3856 2695 ὥστε

2268 2743 2645 2815 προσκυνῆσαι
2698 2742 2795 2795 καὶ
2843 2738 2921 2794 ῶν
2948 2739 3142 2812 ἤθελον
3190 2740 3391 2809 τυχεῖν.
3430 2732 3710 2804 Μνησθεὶς
3731 2731 3790 2785 δὲ
3825 2731 3857 2783 ὁ

2266 2836 2532 2900 Φίλιππος
2563 2836 2645 2890 ὅτι
2676 2828 2797 2887 εἷπε
2834 2832 2972 2904 πρὸς
3014 2832 3212 2895 αὐτοὺς
3235 2832 3264 2885 ὀ
3287 2828 3490 2903 Κύριος
3514 2844 3528 2859 ο
3559 2846 3578 2878 ι
3601 2826 3695 2889 Εἰς
3726 2823 3863 2877 ὀδδν

2269 2926 2437 2983 ἐθνῶν
2468 2926 2544 2999 μὴ
2585 2924 2861 2995 ἀπέλθητε
2888 2964 2903 2989 ,
2930 2924 3026 2978 καὶ
3070 2924 3151 2988 εἰς
3182 2921 3338 2977 πόλιν
3380 2916 3736 2991 Σαμαρειτῶν
3775 2914 3859 2987 μὴ

2268 3017 2569 3088 εἰσέλθητε,
2605 3035 2623 3068 ι
2647 3014 2820 3086 δειλιᾷ
2847 3016 3042 3086 μήπως
3064 3011 3435 3085 προσκροῦσαι
3457 3008 3584 3080 δόξῃ
3612 3008 3739 3070 τοὺς
3773 3006 3859 3076 μὴ

2268 3110 2703 3173 πεπιστευκότας
2757 3106 3048 3179 προσάγων
3098 3104 3179 3175 τῷ
3226 3101 3481 3174 Χριστῷ,
3510 3098 3722 3169 ἀγνοῶν
3766 3100 3858 3152 ὅτι

593 3196 720 3247 eos,
752 3183 844 3253 qui
880 3164 1122 3241 nondum
1152 3184 1534 3253 crediderant,
1565 3187 1614 3243 si
1645 3185 1714 3242 ad
1742 3186 2027 3245 Christum
2067 3192 2167 3247 ad-

2275 3198 2627 3272 οἰκονομικῶς
2665 3164 2926 3270 δΚιίριος
2948 3164 3194 3282 ἐκώλυσε
3228 3164 3356 3256 τοὺς
3392 3164 3857 3282 μαθηταςεῑσελ-

592 3273 822 3331 duceret
854 3292 868 3330 :
911 3274 1170 3350 ignorans
1215 3277 1364 3345 quod
1396 3292 1462 3333 ex
1495 3278 1928 3350 dispensationis
1974 3283 2171 3340 ordine

594 3364 865 3421 Dominus
896 3373 1147 3425 vetuerat
1188 3368 1345 3439 ται
1399 3367 1693 3434 discipulis
1740 3388 1812 3429 ne
1861 3373 1931 3429 ad
1981 3383 2171 3446 gentes

592 3456 1032 3528 ingrederentur,
1070 3446 1247 3514 donec
1297 3459 1461 3529 primi
1520 3458 1696 3517 Judaei
1752 3463 2012 3519 traditam
2062 3464 2170 3521 sibi

518 3551 523 3557 ’
592 3552 825 3622 gratiam
864 3551 1179 3621 rejicerent.
1212 3550 1498 3624 Tanquam
1545 3563 1728 3611 autem
1776 3556 2079 3614 ardentiori
2113 3564 2170 3613 et

592 3641 772 3715 magis
802 3641 871 3699 ad
895 3657 961 3698 ea
1000 3642 1206 3700 idoneo
1236 3644 1475 3702 Andreae.
1494 3644 1629 3702 dicit
1659 3663 1679 3714 ;
1723 3661 1962 3719 cumque
1989 3648 2044 3703 id
2081 3664 2170 3704 re-

593 3742 744 3789 ctum
794 3735 977 3792 visum
1012 3745 1182 3802 esset,
1226 3736 1390 3796 ambo
1432 3739 1756 3795 renuntiant
1794 3739 2054 3796 Domino.
2103 3739 2172 3796 Et

591 3824 895 3896 prudenter
922 3826 1146 3897 quidem
1186 3826 1322 3883 facit
1351 3827 1646 3898 Philippus
1676 3829 1882 3887 docens
1905 3846 2029 3898 nos,
2059 3847 2168 3886 non

593 3926 804 3974 temere
828 3919 999 3977 verba
1022 3915 1275 3977 facienda
1309 3932 1436 3975 esse
1472 3922 1539 3975 ad
1571 3921 1898 3992 praepositos
1924 3929 2168 3989 nostros,

592 4005 721 4060 licet
751 4008 821 4064 de
849 4010 1020 4065 rebus
1052 4023 1176 4079 quae
1210 4008 1466 4065 videntur
1492 4010 1670 4077 bonae,
1702 4011 1799 4068 sed
1832 4013 2016 4083 potius
2043 4028 2169 4069 cum

594 4100 957 4168 prudentibus
981 4098 1405 4157 deliberandum
1430 4100 1561 4170 quid
1588 4100 1735 4157 facto
1762 4117 1902 4173 opus
1933 4105 2026 4159 sit.

665 4187 761 4244 liii
786 4231 801 4255 ,
846 4189 934 4247 25.
989 4188 1344 4256 Venit-hora,
1379 4198 1438 4249 ut
1481 4189 1810 4261 clariﬁcetur
1857 4190 2037 4249 Filius
2074 4194 2170 4251 ho-

595 4280 776 4335 minis.

669 4373 941 4439 Quoniam
967 4372 1135 4444 igitur
1161 4373 1398 4445 gentiles
1435 4373 1507 4429 ad
1540 4387 1669 4428 eum
1714 4374 2012 4431 videndum
2064 4394 2167 4432 au-

596 4463 1060 4536 scultandumque
1083 4473 1403 4537 properant,
1425 4465 1550 4523 ideo
1574 4465 1680 4521 ait:
1713 4483 1737 4519 ι
1761 4465 1923 4524 Venit
1964 4469 2122 4539 hora,
2147 4492 2166 4530 ι

2272 3295 2384 3349 θεῖν
2430 3292 2568 3364 πρὸς
2620 3290 2690 3345 τὰ
2718 3289 2868 3361 ἔθνη,
2901 3287 3009 3352 ἕως
3048 3280 3119 3341 οῦκ
3145 3286 3349 3356 πρῶτοι
3385 3285 3437 3337 οῖ
3481 3280 3719 3336 Ἰουδαῖοι
3747 3280 3860 3348 τὴν

2269 3384 2516 3440 δοθεῖσαν
2546 3382 2732 3444 αὐτοῖς
2763 3380 3160 3435 ἁποσείσωνται
3192 3377 3373 3452 χάριν.
3416 3375 3505 3438 Ὠς
3529 3370 3863 3445 θερμοτέρῳ
3950 3444 3953 3449 Ξ

2268 3476 2325 3530 δὲ
2375 3475 2470 3530 καὶ
2525 3472 2942 3545 ἐπιτηδειοτέρῳ
2999 3470 3136 3541 πρὸς
3167 3470 3238 3524 τά
3289 3465 3515 3522 τοιαῦτα
3570 3463 3718 3533 λέγει
3773 3462 3864 3533 τῷ

2282 3566 2509 3639 Ἀνδρέᾳ
2531 3582 2546 3597 ο
2577 3564 2733 3630 δόξαν
2754 3565 2812 3618 δὲ
2838 3562 2981 3618 οὕτω
3023 3560 3222 3627 καλῶς,
3246 3558 3545 3631 ἀμφότεροι
3566 3553 3861 3623 ἀπαγγέλς

2270 3660 2423 3717 λουσι
2447 3656 2524 3729 τῷ
2552 3655 2761 3728 Κυρίῳ.
2808 3654 3053 3719 Συνετῶς
3092 3653 3150 3707 δὲ
3181 3651 3393 3723 πράξας
3420 3651 3450 3704 ὁ
3477 3648 3745 3710 Φίλιππος
3774 3646 3861 3701 διο

2269 3751 2461 3806 δάσκει
2488 3749 2638 3821 ἡμᾶς
2671 3748 2752 3802 ὅτι
2785 3747 2855 3800 οὒ-
2879 3746 3039 3800 καλὸν
3084 3747 3197 3808 τοῖς
3239 3743 3380 3812 ὑπὲρ
3405 3742 3556 3812 ἡμᾶς
3582 3738 3768 3794 λαλεῖν
3803 3754 3864 3795 τι

2269 3840 2345 3904 ὡς
2383 3839 2539 3910 ἔτυχε
2567 3879 2581 3904 ,
2633 3837 2737 3892 κᾶν
2773 3837 2904 3908 δοκῇ
2949 3853 3003 3890 τι
3053 3834 3177 3889 τῶν
3212 3833 3434 3903 ἀγαθῶν
3483 3827 3625 3886 εῖναι
3648 3872 3664 3898 ,
3711 3828 3863 3889 ἀλλὰ.

2274 3929 2474 4002 μᾶλλον
2540 3930 2677 4002 μετὰ
2738 3927 3017 4000 φρονίμων
3093 3924 3489 3981 συσκὲπτεσθαι
3542 3923 3606 3978 τὸ
3654 3923 3713 3978 τε
3771 3922 3862 3978 δεῖ

2272 4025 2466 4076 ποιεῖν.

2355 4198 2690 4267 Ἐλήλυθεν
2714 4200 2753 4267 ἡ
2780 4196 2902 4267 ὥρα
2948 4198 3047 4251 ἵνα
3072 4193 3344 4264 δοξασθῇ
3378 4197 3410 4249 ὀ
3447 4192 3582 4261 Υἱὸς
3605 4193 3715 4248 τοῦ
3745 4193 3861 4248 ἁνι-

2271 4288 2525 4361 θρώπου.

2354 4384 2574 4455 Ἐπειδὴ
2598 4379 2691 4439 οῦν
2713 4384 2765 4436 οί
2794 4383 2854 4447 ἐξ
2874 4381 3044 4436 ἐθνῶν
3070 4380 3382 4451 ἐπείγονται
3410 4381 3548 4450 πρὸς
3579 4378 3644 4433 τὺ
3676 4379 3865 4433 θέλειν

2273 4475 2434 4531 αὑτὸν
2470 4475 2598 4528 ίδεῖν
2623 4474 2657 4546 ἢ
2683 4473 3028 4547 ἐπιπρέψαι,
3049 4474 3138 4529 διὰ
3154 4473 3311 4528 τοῦτό
3347 4487 3512 4544 φησιν
3529 4486 3546 4503 ο
3574 4489 3596 4523 ι
3632 4469 3862 4539 Ἐλήλυ-

595 4571 771 4629 prope
799 4557 947 4613 enim
977 4564 1097 4613 erat
1138 4558 1417 4629 passionis
1443 4566 1661 4631 tempus
1687 4600 1703 4626 ,
1734 4569 1859 4631 post
1881 4562 2027 4633 quod
2055 4575 2169 4620 sta—

2275 4569 2368 4623 θεν
2398 4570 2435 4638 ή
2471 4567 2588 4638 ὥρα
2614 4582 2627 4598 '
2667 4585 2686 4619 ›
2725 4567 2755 4620 ὁ
2802 4564 2912 4638 γὰρ
2949 4564 3137 4637 καιρὸς
3174 4565 3342 4634 ἐγγὺς
3376 4560 3443 4634 ἦν
3475 4560 3572 4616 τοῦ
3620 4560 3858 4628 πάθους,

596 4650 696 4705 tim
726 4658 813 4707 est
835 4650 1084 4722 gentium
1114 4651 1347 4708 vocatio.
1391 4651 1563 4724 Atqui
1589 4652 1783 4708 horam
1817 4653 1906 4711 hic
1934 4656 2172 4726 appellat

592 4757 838 4817 praesens
863 4750 1082 4815 tempus
1101 4788 1122 4813 ,
1146 4759 1259 4799 non
1284 4744 1436 4800 aliud
1470 4743 1601 4816 quid
1618 4787 1635 4814 ,
1675 4750 1823 4818 quod
1845 4747 1895 4803 ei
1924 4749 2171 4819 patiendi

593 4836 983 4892 necessitatem
1026 4835 1273 4907 imponat
1291 4877 1310 4902 ,
1360 4837 1455 4893 sed
1491 4837 1675 4909 ipsum
1722 4848 1877 4897 certa
1925 4842 2171 4913 quadam

594 4926 1053 4982 determinatioue
1099 4927 1176 4984 ab
1218 4942 1285 4984 eo
1336 4928 1686 4999 praeﬁnitum.
1726 4928 1976 4990 Peractis
2019 4933 2172 4988 enim

553 5072 559 5078 ,
593 5018 851 5073 omnibus
869 5032 993 5089 qum
1018 5017 1088 5073 ad
1114 5018 1277 5075 (idem
1300 5020 1568 5078 mortales
1598 5022 1992 5093 perducebant,
2019 5032 2073 5078 et
2098 5023 2169 5080 de

592 5122 766 5179 regno
818 5108 1083 5163 caelorum
1130 5124 1387 5169 sermone
1438 5111 1627 5169 habito
1680 5113 2161 5184 promulgatoqne,

594 5194 859 5265 deinceps
893 5192 959 5248 ad
994 5195 1175 5266 ipsum
1213 5198 1329 5270 spei
1360 5209 1533 5271 caput
1558 5209 1613 5256 et
1640 5215 1912 5256 summam
1945 5200 2119 5256 tendit
2146 5245 2160 5269 ,

595 5298 795 5354 nempe
844 5293 1079 5341 mortem
1123 5290 1496 5359 perimendum
1524 5330 1543 5354 ,
1588 5292 1960 5361 quodquidem
2020 5292 2165 5349 haud

595 5375 759 5433 aliter
806 5381 1212 5449 processisset,
1265 5382 1377 5439 nisi
1423 5384 1538 5437 vita
1578 5381 1699 5451 ipsa
1755 5394 1856 5451 pro
1907 5382 2169 5440 omnibus

595 5475 826 5526 mortem
858 5472 1212 5542 pertulisset,
1244 5482 1304 5528 ut
1327 5487 1526 5527 omnes
1566 5474 1624 5525 in
1653 5485 1720 5527 eo
1755 5470 2066 5530 viveremus
2094 5476 2163 5530 ".

2277 4657 2394 4730 μεθ’
2425 4658 2484 4712 δν
2513 4656 2679 4721 εὑθῦςη
2699 4659 2733 4728 ἡ
2769 4656 2878 4712 τῶν
2920 4657 3087 4711 ἐθνῶν
3114 4657 3323 4727 κλῆσις.
3347 4655 3517 4725 Ὥραν
3543 4653 3603 4706 δὲ
3642 4654 3704 4706 ἐν
3728 4653 3861 4706 τοὺ-

2271 4771 2385 4818 τοις
2406 4753 2500 4807 τὸν
2534 4753 2775 4824 παρόντα
2822 4753 3014 4824 καιρὸν
3043 4751 3327 4823 ὀνομάζει,
3351 4751 3451 4804 οὐκ
3483 4747 3612 4802 ἄλλο
3637 4765 3693 4802 τι
3715 4748 3863 4818 πρὸς

2272 4845 2521 4914 ἀνάγκην
2561 4844 2694 4913 ἆγον
2738 4843 2897 4899 αὐτὸν
2942 4842 3037 4897 τοῦ
3071 4842 3285 4907 παθεῖν,
3317 4840 3436 4896 ἀλλ’
3453 4843 3709 4912 ὁρισμοῖς
3739 4843 3867 4906 τοῖς

2273 4936 2404 5008 παρ’
2432 4934 2597 4989 αὐτοῦ
2635 4932 2825 4988 τοῦτον
2853 4934 3318 5004 ἀναδεικνύμενον.
3338 4932 3522 4986 Πάντα
3551 4929 3664 5002 γὰρ
3693 4932 3865 5002 ποιήο

2276 5046 2372 5090 σας
2408 5028 2506 5081 ὅσα
2539 5029 2619 5092 εἰς
2659 5027 2840 5081 πίστιν
2877 5026 3037 5097 ἐνῆγε
3064 5028 3193 5090 τοὺς
3226 5022 3548 5096 ἀνθρώπους
3571 5061 3587 5087 ,
3621 5022 3721 5076 καὶ
3753 5023 3865 5094 τῆς

2275 5119 2554 5190 βασιλείας
2567 5118 2678 5174 τῶν
2695 5118 2943 5191 οὐρανῶν
2968 5118 3211 5189 κηρύξας
3239 5115 3420 5185 λόγον,
3450 5114 3538 5168 ἐπ’
3565 5114 3703 5169 αὐτὸ
3741 5115 3863 5169 λοι-

2273 5207 2373 5265 πὺν
2400 5209 2499 5278 τῆς
2527 5206 2742 5271 ἐλπίδος
2765 5206 2825 5260 τὸ
2868 5206 3162 5275 κεφάλαιον
3191 5204 3429 5276 βαδίζειν
3451 5204 3625 5269 θέλει,
3662 5204 3729 5258 τὸ
3765 5223 3861 5259 νε-

2272 5294 2486 5363 κρῶσαι
2510 5294 2603 5349 τὸν
2641 5294 2900 5349 θάνατον·
2930 5293 3070 5365 ὅπερ
3095 5294 3194 5347 οὐκ
3223 5292 3398 5356 ἄλλως
3431 5292 3651 5361 ἐγένετο
3680 5291 3775 5357 ἂν,
3812 5296 3865 5348 εί

2273 5383 2348 5456 μὴ
2377 5384 2410 5454 ή
2445 5383 2561 5456 ζωὴ
2601 5384 2695 5437 τὸν
2741 5384 2882 5454 ὑπὲρ
2909 5384 3163 5438 ἁπάντων
3185 5370 3444 5453 ὑπέμεινε
3484 5382 3738 5449 θάνατον,
3767 5385 3867 5439 ἵνα

2267 5476 2317 5527 oi
2359 5475 2559 5539 πάντες
2589 5475 2842 5547 ζήσωμεν
2875 5477 2933 5528 ἐν
2962 5473 3130 5544 αὐτῷ.
3171 5474 3270 5527 Διὰ
3306 5473 3417 5544 γὰρ
3443 5472 3604 5528 τοῦτο
3632 5476 3735 5530 καὶ
3764 5476 3862 5531 δόο

593 5558 886 5633 Propterea
916 5565 1063 5620 enim
1086 5579 1243 5619 suam
1266 5564 1497 5634 gloriam
1528 5568 1687 5616 vocat
1717 5569 1970 5629 mortem,
2002 5572 2168 5635 atque

2275 5565 2367 5632 Εαν
2384 5566 2521 5620 ἰδίαν
2548 5566 2800 5636 ὀνομάζει
2827 5566 2921 5620 τὸν
2942 5566 3192 5634 θάνατον,
3210 5566 3303 5619 καὶ
3319 5565 3383 5619 τὸ
3413 5565 3607 5621 παθεῖν
3633 5565 3864 5623 ἅπαντα

597 5651 736 5709 adeo
778 5654 893 5725 pati
943 5654 1309 5710 acerbissima
1354 5666 1586 5723 quaeque
1631 5667 1734 5723 pro
1778 5655 2167 5723 peccatoribus

2275 5658 2335 5713 rit
2363 5657 2509 5717 δεινὰ
2558 5658 2697 5728 ὑπὲρ
2731 5657 2845 5712 τῶν
2871 5657 3029 5712 αὐτὸν
3057 5657 3431 5729 ἀτιμαζόντων
3469 5659 3862 5730 ἁμαρτωλῶν

664 5828 709 5861 ιθ
750 5828 906 5886 Joan.
938 5844 1051 5896 ιιι,
1092 5830 1171 5884 19.
1251 5830 1293 5859 δι
1335 5827 1524 5885 Matth.
1554 5846 1621 5898 ι,
1654 5831 1708 5888 5.
1783 5833 1829 5865 ⁸³
1867 5831 2024 5891 han.
2057 5850 2133 5905 Π.
2163 5837 2216 5896 9·
