4010 6320
217 382 296 440 85

1045 372 1107 428 IN
1147 371 1488 429 JOANNEM.
1525 398 1591 409 --
1632 368 1759 424 LIB.
1802 367 1891 425 VII
1930 368 2020 424 ET
2062 367 2175 424 VIII
2211 366 2660 424 FRAGMENTA.
3405 367 3476 422 80

221 501 376 571 ὅμως
400 496 450 551 si
489 496 586 550 καὶ
625 496 711 550 ἀεὶ
735 490 803 565 ἦν
829 493 1216 565 δεδοξασμένος
1245 492 1393 565 παρὰ
1417 492 1525 548 τῶν
1555 494 1613 546 ὲν
1638 492 1795 563 ούρα-

1910 504 2025 544 eum
2063 487 2522 545 dedecorautibus
2548 503 2562 541 :
2590 493 2646 542 et
2674 483 2924 556 quamvis
2949 490 3096 539 esset
3120 496 3335 561 semper
3360 482 3471 554 glo-

223 593 341 655 νοίς
364 587 635 657 ἀγγέλων,
661 586 775 642 ἀλλ’
798 588 827 640 ὁ
859 585 1088 657 σταυρὸς
1124 586 1360 654 γέγονεν’
1375 583 1523 656 αύτῷ
1543 584 1687 656 ἁρχὴ
1710 582 1803 637 τοῦ

222 673 559 743 ὼξασθῆναι
597 675 690 729 ἐπὶ
737 673 841 745 γῆς
876 670 1026 744 παρὰ
1058 673 1167 727 τῶν
1198 672 1365 728 ἐθνῶν
1393 672 1470 737 ὡς
1498 672 1632 744 Θεῷ.
1673 674 1805 727 Ἐπ-

227 764 398 835 είπερ
435 764 606 828 ἐάσας
650 765 776 828 τοὺς
833 765 1222 835 ὲνυὸρὶσαντας
1277 762 1426 834 αὐτῷ
1486 764 1801 828 Ἰουδαίους,

234 856 442 927 μετέϐη
474 857 556 919 εις
594 855 665 909 τὰ
696 855 844 926 ἔθνη,
878 857 970 910 καὶ
996 856 1354 925 δοξολογείται
1394 856 1470 920 ὡς
1504 857 1635 921 Θεὸς
1673 858 1803 929 παρ’

229 946 415 1000 αὐτῶν
444 946 793 1017 ὲλπιζόμενος
837 947 987 1019 ἥξειν
1031 952 1089 1002 ἐν
1145 953 1208 1021 τῇ
1249 951 1374 1023 δόξῃ
1416 950 1508 1005 τοῦ
1572 952 1800 1019 Πατρός.

227 1039 312 1091 οὐ
344 1039 550 1109 γυμνὸν
585 1038 643 1093 δὲ
683 1038 830 1107 λέγει
862 1039 952 1094 τὸν
980 1040 1151 1109 Λόγον
1199 1041 1623 1113 δοξασθήσεσθαι
1649 1083 1662 1107 ,
1688 1041 1804 1097 ἀλλ’

226 1128 333 1181 ἕνα
373 1128 634 1183 δεικνύων
662 1129 789 1184 Υἱδν
812 1130 902 1184 τὸν
930 1130 991 1198 ἐξ
1031 1130 1447 1203 ἀνθρωπότητός
1470 1152 1530 1189 τε
1554 1137 1649 1191 καὶ
1688 1137 1807 1192 θεός

221 1235 391 1288 τητος
442 1223 696 1292 ἀρρήτως
748 1221 1067 1292 νοούμενον,
1100 1224 1228 1280 Υιὸν
1275 1224 1563 1298 ἀνθρώπου
1613 1231 1799 1300 φησιν,

223 1310 372 1364 ἀλλὰ
412 1311 545 1374 Θεὸς
595 1312 857 1385 ὑπάρχων
903 1316 998 1370 καὶ
1039 1318 1327 1387 νοούμενος
1358 1318 1453 1372 καὶ
1504 1318 1643 1390 μετὰ
1673 1336 1803 1392 σαρ-

315 1576 455 1629 Ἐὰν
474 1576 561 1646 μὴ
600 1582 635 1632 ὁ
658 1580 878 1647 κόκκος
900 1583 1005 1638 τοῦ
1021 1585 1195 1639 σίτου
1217 1588 1422 1642 πεσὼν
1440 1588 1529 1655 εἰς
1544 1588 1657 1658 τὴν
1682 1590 1802 1659 τῆν

222 1665 524 1736 ἀποθάνῃ.
557 1671 738 1738 αὐτὸς
779 1675 968 1742 μόνος
1012 1675 1181 1745 μένει
1204 1694 1219 1710 ·
1250 1678 1360 1734 ἐὰν
1395 1680 1466 1735 δὲ
1501 1681 1797 1752 ἀποθάνῃ,

226 1758 432 1813 πολὺν
448 1762 680 1829 καρπὸν
696 1763 879 1832 φέρει.

1908 580 2154 636 ritlcatus
2182 582 2253 635 ab
2282 579 2491 651 angelis
2521 578 2578 633 in
2608 577 2780 645 calo,
2814 583 3055 632 attamen
3098 588 3236 631 crux
3259 574 3308 630 ei
3345 583 3469 629 tan-

1904 688 2068 741 quam
2093 671 2203 727 Deo
2224 669 2623 741 consequendre
2648 669 2701 724 in
2732 675 2879 724 terra
2904 667 3049 739 apud
3076 673 3265 738 gentes
3285 664 3475 737 gloria

1904 764 2125 821 initium
2159 762 2283 817 fuit.
2313 759 2766 832 Quandoquidem
2802 741 3008 815 Iudaeis
3042 758 3136 830 qui
3173 770 3298 814 eum
3337 770 3472 812 con-

1906 856 2144 912 tumeliis
2174 854 2466 910 affecerant
2496 854 2680 910 valere
2701 852 2911 924 jussis,
2952 850 3019 907 ad
3064 858 3253 922 gentes
3286 856 3471 905 trans-

1903 950 2004 1013 iit,
2055 956 2112 1004 et
2156 947 2497 1020 gloriﬁcatur
2543 952 2804 1016 tanquam
2848 943 2992 1001 Deus
3024 943 3094 998 ab
3131 942 3239 1010 iis,
3272 955 3472 1010 exspe-

1902 1046 2192 1108 ctaturque
2219 1045 2480 1093 venturus
2502 1036 2559 1090 in
2580 1035 2753 1107 gloria
2774 1031 2973 1089 Patris.
3004 1029 3190 1102 Neque
3240 1030 3473 1101 simplex

1905 1130 2219 1199 nudumque
2240 1128 2376 1183 dicit
2400 1126 2640 1183 Verbum
2670 1123 3039 1196 glorificatum
3062 1122 3153 1187 iri,
3179 1119 3275 1178 sed
3300 1133 3469 1173 unum

1901 1216 2197 1272 ostendens
2223 1215 2446 1281 Filium,
2478 1217 2570 1285 qui
2596 1229 2664 1271 ex
2695 1213 3043 1269 humanitate
3070 1210 3237 1267 simul
3267 1217 3323 1266 et
3350 1208 3470 1267 dei-

1901 1316 2013 1364 tate
2057 1307 2316 1365 ineffabili
2363 1305 2942 1376 modointelligitur,
2979 1302 3178 1358 Filium
3229 1299 3470 1357 h’ominis

1900 1402 2034 1457 dicit
2058 1445 2073 1468 ,
2107 1401 2202 1456 sed
2233 1399 2326 1471 qui
2358 1397 2501 1454 Deus
2528 1397 2756 1455 exsistit
2782 1403 2839 1453 et
2864 1394 3192 1467 intelligitur
3217 1393 3382 1448 etiam
3412 1392 3470 1447 in

1901 1509 2088 1549 carne.

1969 1582 2063 1637 XII
2089 1625 2104 1650 ,
2137 1582 2228 1637 24.
2264 1580 2388 1636 Nisi
2416 1594 2643 1651 granum
2671 1577 2925 1648 [mutaui
2953 1557 3147 1632 cadens
3181 1575 3238 1630 in
3273 1583 3469 1630 terram

1898 1685 2165 1729 mortuum
2181 1675 2362 1745 fuerit,
2378 1675 2547 1742 ipsum
2571 1671 2744 1726 solum
2761 1678 2935 1725 manet
2953 1685 2973 1725 :
2995 1670 3041 1725 si
3056 1684 3182 1731 vero
3203 1676 3469 1725 mortuum

1897 1768 1999 1833 sit,
2027 1766 2247 1819 multum
2275 1763 2512 1837 fructum
2537 1762 2712 1832 aﬂ'ert.

301 1849 377 1902 Ού
856 1856 1173 1927 προλόγων,
1203 1860 1323 1915 οὐδὲ
1364 1862 1447 1916 ὅτι
1482 1864 1744 1935 πάρεστιν
1770 1867 1799 1919 δ

1968 1828 2085 1909 rion
2113 1828 2291 1909 solum
2319 1830 2549 1922 patitur,
2574 1828 2962 1921 passurum-se
2992 1847 3301 1921 pradicens
3322 1889 3337 1914 ,
3370 1860 3471 1902 nec

229 1937 445 2009 καιρὸς,
465 1939 599 1994 ἀλλὰ
627 1942 720 1996 καὶ
745 1943 843 2015 τὴν
863 1946 1041 2000 αἰτίαν
1084 1949 1391 2018 καταλέγει,
1408 1952 1474 2006 δι’
1506 1955 1571 2024 ἢν
1588 1954 1805 2024 ἥδιστον

229 2028 527 2100 ἐποιήσατο
560 2033 635 2109 ,τὸ
665 2033 885 2089 παθεῖν’
919 2038 1014 2092 καὶ
1054 2039 1137 2093 ὅτι
1181 2040 1315 2095 πολὺ
1365 2043 1425 2096 τὸ
1456 2043 1553 2098 τοῦ
1599 2046 1801 2113 πάθους

230 2119 638 2211 κέρδοςθῆγὰρ
676 2165 690 2179 .
736 2163 752 2179 .
795 2164 810 2180 .
854 2167 869 2182 .
907 2128 1008 2182 οὐκ
1034 2129 1102 2183 ἂν
1141 2132 1313 2186 εἵλετο
1350 2133 1581 2189 παθεῖν·
1605 2137 1665 2190 ού
1693 2138 1802 2209 γὰρ

228 2208 383 2264 ἄκων
410 2211 597 2268 ἔπαθε.
622 2215 730 2267 Καὶ
761 2216 870 2288 γὰρ
900 2217 987 2271 διὰ
1008 2218 1103 2290 τὴν
1126 2222 1203 2285 εὶς
1231 2223 1374 2292 ἡμᾶς
1398 2224 1585 2293 φειδὼ,
1603 2227 1800 2281 τοσαύ-

229 2319 335 2371 την
366 2303 676 2374 ἡμερότητα
712 2307 1049 2374 ὑπεδείξατο,
1088 2311 1163 2376 ὡς
1220 2315 1312 2369 καὶ
1357 2315 1535 2369 πάντα
1581 2316 1651 2375 τὰ
1674 2317 1804 2388 ὠμὰ

228 2393 450 2448 ἑλέσθαι
478 2397 692 2452 παθεῖν.
728 2399 1008 2473 Ὦσπερδὲ
1032 2404 1061 2455 ό
1097 2406 1327 2476 σπαρεὶς
1354 2406 1551 2471 κόκκος
1586 2407 1682 2462 τοῦ
1713 2409 1797 2462 σι-

230 2502 351 2551 του,
382 2488 619 2558 στάχυας
663 2492 889 2557 πολλοὺς
931 2495 1345 2562 ἀναϐλαστάνει,
1378 2500 1476 2570 οὐχ
1515 2500 1706 2557 ἑαυτὸν
1732 2502 1807 2555 δι’

229 2577 441 2631 ἐκείνου
472 2579 856 2653 ζημιούμενος,
873 2586 1006 2641 ἀλλὰ
1031 2588 1255 2661 δυνάμει
1283 2590 1424 2654 ὅλοις
1445 2594 1556 2655 τοῖς
1585 2592 1805 2656 κόκκοις

229 2667 333 2722 τοῦ
393 2671 624 2741 στάχυος
669 2674 987 2749 ἐνυπάρχων
1021 2695 1037 2710 ο
1067 2678 1128 2744 ἐξ
1169 2678 1335 2733 αὐτοῦ
1373 2679 1483 2751 γὰρ
1518 2682 1569 2735 οι
1607 2682 1806 2746 πάντες

231 2759 645 2833 ἁνεὸλάστησαν
667 2782 680 2795 ·
701 2764 842 2821 οὕτω
863 2769 954 2822 καὶ
973 2771 1002 2823 ό
1023 2771 1227 2841 Κύριος
1252 2770 1511 2837 ἀπέθανε,
1543 2772 1637 2833 καὶ
1661 2773 1807 2827 ἀνοί-

230 2851 332 2918 ξας
372 2852 499 2917 τοὺς
536 2854 639 2925 τῆς
671 2858 773 2927 γῆς
831 2861 1054 2930 μυχοὺς,
1085 2862 1330 2932 ἀνήγαγε
1369 2864 1465 2917 σὺν
1505 2863 1683 2936 ἑαυτῷ
1708 2864 1806 2930 τὰς

229 2944 347 2997 τῶν
383 2944 683 3018 ἀνθρώπων
711 2949 922 3020 ψυχὰς,
953 2952 1113 3016 αὐτὸς
1150 2952 1225 3006 ὣν
1254 2955 1314 3007 ἐν
1347 2957 1481 3009 πᾶσι
1532 2955 1675 3010 κατὰ
1712 2957 1811 3010 τδν

231 3036 339 3104 τῆς
368 3035 599 3101 πίστεως
627 3038 783 3109 λόγον
816 3042 955 3112 μετᾶ
975 3043 1072 3097 καὶ
1090 3043 1183 3098 τοῦ
1217 3045 1483 3116 ὑπάρχειν
1513 3046 1808 3102 ἰδιοσυστά-

229 3141 372 3218 τως.
411 3126 485 3178 Οὐ
520 3126 679 3197 μόνον
711 3129 769 3183 δὲ
799 3133 913 3195 τοῖς
967 3131 1296 3187 ἀποθανοῦσι
1338 3135 1496 3188 τοῦτο
1521 3136 1721 3191 δέδωκε
1746 3136 1809 3189 τὸ
1833 3158 1877 3218 c

235 3215 432 3286 κέρδος
451 3218 510 3271 τὸ
537 3218 603 3273 δι’
622 3221 787 3276 αὐτοῦ
809 3228 1197 3298 καρποφορεῖν,
1218 3228 1353 3283 ἀλλὰ
1370 3230 1464 3284 καὶ
1486 3232 1597 3294 τοίς
1620 3230 1804 3295 ζῶσινο

236 3308 286 3361 ει
336 3308 428 3362 καὶ
481 3311 619 3380 πρὸς
663 3312 763 3385 τὴν
794 3317 1109 3388 παραδολὴν
1147 3321 1177 3373 ό
1220 3320 1376 3389 λόγος
1428 3322 1807 3395 ὲσχηματῐσθη

234 3399 499 3466 πιθανῶς.
530 3404 757 3475 Καρπὺς
788 3406 913 3479 γὰρ⁶
930 3409 1038 3463 τῶν
1055 3410 1148 3465 τοῦ
1182 3412 1419 3484 Χριστοῦ
1448 3414 1806 3483 παθημάτων,

236 3492 271 3561 ἡ
306 3492 524 3546 πάντων
554 3494 688 3568 ζωὴ,
713 3498 920 3569 νεκρῶν
948 3517 1008 3553 τε
1038 3503 1133 3555 καὶ
1171 3501 1387 3567 ζώντων
1411 3520 1428 3571 ;
1453 3504 1676 3577 σπέρμα
1701 3507 1811 3579 γὰρ

234 3582 430 3654 γέγονε
459 3584 626 3660 ζωῆς,
659 3590 688 3642 ό
714 3590 949 3662 Χριστοῦ
976 3592 1217 3660 θάνατος.

306 3757 458 3833 Ἀρά
482 3780 547 3832 γε
585 3766 619 3835 ἡ
648 3764 778 3819 θεία·
805 3765 900 3820 τοῦ
942 3767 1100 3837 λόγου
1140 3770 1319 3840 φύσις,
1355 3771 1587 3827 θανάτου
1619 3774 1810 3844 γέγονε

235 3853 500 3926 Gut-tati];
536 3856 647 3909 Καὶ
683 3856 800 3921 πῶς
831 3857 990 3912 τοῦτο
1028 3898 1044 3914 .
1122 3899 1139 3916 .
1216 3901 1232 3915 .
1310 3902 1324 3916 .
1405 3902 1420 3918 .
1454 3864 1554 3918 ούκ
1598 3866 1811 3921 ἀνόσιον

240 3944 523 4009 παντελῶς
562 3964 577 4013 ;
612 3947 732 4018 Ζωὴ
779 3948 887 4020 γάρ
935 3949 1051 4003 ἐστι
1110 3950 1251 4006 κατὰ
1301 3952 1462 4022 φύσιν
1493 3955 1524 4009 ό
1568 3956 1634 4009 ὲκ
1675 3956 1810 4012 Θεοῦ

239 4036 456 4108 Πατρὸς
487 4036 660 4106 Λόγος
679 4053 693 4067 ·
718 4039 919 4109 ἐγείρει
942 4040 1162 4109 μᾶλλον,
1190 4043 1252 4096 ού
1287 4043 1495 4108 πίπτει.
1532 4046 1815 4118 Καταργετ

238 4128 333 4181 τὸν
362 4128 613 4194 θάνατον,
659 4132 720 4185 οὐ
755 4134 1036 4201 κρατεῖται
1080 4133 1276 4206 φθορᾷ.
1320 4135 1583 4191 Ζωοποιεῐ
1612 4139 1813 4208 μᾶλλον

239 4218 304 4273 τό
343 4219 489 4291 ζωῆς
521 4221 751 4286 ὲπιδεὲς,
782 4223 881 4277 οὐκ
936 4223 1098 4288 αὐτὸς
1148 4222 1300 4295 ζητεῖ
1338 4228 1470 4299 παρ’
1499 4227 1686 4301 ἑτέρου
1714 4231 1814 4301 τὴν

243 4311 415 4382 ζωήν.
455 4312 665 4385 Ὠσπερ
706 4312 813 4384 γὰρ
842 4313 903 4367 τὺ
946 4315 1067 4385 φῶς
1098 4317 1199 4370 οὐκ
1238 4317 1304 4371 ἂν
1341 4318 1562 4387 γένοιτο
1603 4319 1812 4387 σκότος,

240 4401 419 4467 οὕτως
454 4404 735 4474 ἀμήχανον
762 4404 861 4476 τὴν
887 4404 1032 4477 ζωὴν
1084 4407 1158 4478 μὴ
1193 4404 1332 4463 εἶναι
1363 4406 1529 4481 ζωήν.
1574 4410 1699 4475 Πῶς
1721 4406 1813 4467 οῦν

1899 1945 2029 2016 quia
2059 1952 2278 2015 tempus
2303 1943 2480 2009 adest,
2512 1941 2694 1997 sed'et
2719 1955 2947 1997 causam
2975 1946 3221 2001 recenset
3247 1941 3470 2010 propter

1899 2053 2066 2110 quam
2096 2037 2150 2094 ei
2177 2036 2638 2107 iucundissimum
2666 2033 2944 2104 fuitpati,
2984 2042 3294 2103 magnoque
3317 2044 3471 2087 emo-

1902 2130 2143 2185 lumento
2168 2127 2316 2183 cedit
2355 2141 2419 2182 ea
2468 2127 2697 2196 passio;
2726 2124 2935 2196 alioqui
2972 2137 3074 2180 nec
3111 2120 3470 2194 pativoluis-

1902 2227 2021 2285 set,
2052 2233 2175 2275 cum
2203 2218 2412 2274 invitus
2440 2217 2510 2271 ad
2545 2216 2863 2287 patiendum
2909 2213 3055 2286 adigi
3098 2226 3213 2273 non
3256 2218 3466 2282 posset.

1902 2311 2114 2368 Etenim
2146 2324 2245 2381 per
2269 2324 2538 2367 summam
2574 2308 2641 2364 in.
2661 2323 2764 2364 nos
2789 2306 3116 2363 cbaritatem
3158 2314 3215 2361 et
3259 2304 3473 2361 sollicio

1903 2403 2148 2459 tudinem
2178 2416 2244 2457 eo
2267 2400 2709 2457 mansuetudinis
2736 2399 2955 2456 devenit
2975 2441 2993 2465 ,
3032 2407 3092 2453 ut
3128 2397 3311 2457 omnia
3344 2410 3472 2456 cru-

1903 2493 2182 2549 delissima
2239 2493 2448 2563 perpeti
2490 2508 2599 2549 non
2645 2500 2952 2548 vereretur.
3001 2487 3471 2557 Quemadmodum

1904 2585 2065 2655 702
2106 2599 2240 2643 vero
2294 2598 2523 2653 granum
2578 2582 2839 2638 frumenti
2885 2581 3225 2643 seminatum
3272 2578 3474 2632 multas

1905 2677 2088 2746 spicas
2129 2673 2481 2744 reproducit,
2526 2672 2667 2726 nihil
2698 2672 2755 2728 in
2784 2672 2967 2742 seipso
3003 2684 3102 2741 per
3133 2669 3266 2724 illud
3294 2667 3476 2721 immi-

1907 2774 2099 2822 nutum
2123 2804 2141 2831 ,
2183 2764 2278 2820 sed
2307 2769 2580 2836 potestate
2610 2763 2669 2817 in
2714 2764 2844 2818 totis
2888 2761 3054 2832 spica:
3090 2760 3278 2832 granis
3323 2756 3474 2813 exsi—

1908 2866 2060 2915 stens
2099 2855 2331 2926 (quippe
2371 2854 2558 2909 omnia
2604 2869 2682 2916 ex,
2723 2868 2795 2909 eo
2834 2851 3246 2923 pullularunt),
3290 2850 3373 2906 sic
3420 2856 3477 2904 et

1907 2948 2185 3003 Dominus
2201 2955 2451 3002 mortuus
2468 2951 2576 3011 est,
2604 2955 2770 3014 atque
2798 2944 3079 3014 adapertis
3106 2954 3268 2998 terrae
3296 2941 3476 3013 regio-

1907 3040 2111 3101 nibus,
2158 3038 2384 3093 reduxit
2425 3052 2610 3094 secum
2656 3036 2941 3092 hominum
2990 3034 3236 3099 animas,
3276 3032 3393 3103 ipse
3421 3032 3476 3086 in

1907 3128 2168 3184 omnibus
2194 3126 2498 3185 secundum
2525 3126 2793 3181 rationem
2825 3125 2949 3180 ﬁdei
2981 3124 3147 3179 simul
3175 3132 3231 3179 et
3259 3122 3481 3195 propria

1915 3220 2272 3279 subsistentia
2303 3220 2599 3275 exsistens.
2629 3215 2821 3288 Neque
2851 3225 3064 3272 tantum
3103 3215 3338 3271 mortuis
3376 3215 3482 3272 hoc

1915 3314 2133 3369 lucrum
2161 3328 2258 3383 per
2279 3327 2339 3368 se
2362 3319 2647 3383 reportare
2664 3310 2962 3378 concessit,
2998 3309 3093 3366 sed
3121 3311 3286 3365 etiam
3319 3309 3478 3371 vivis,

1912 3406 2017 3463 etsi
2049 3405 2116 3461 ad
2152 3404 2469 3475 parabolam
2503 3417 2685 3459 sermo
2719 3402 3075 3473 probabiliter
3097 3402 3360 3473 ﬁguratus
3387 3402 3479 3456 sit.

1911 3495 2048 3551 Nam
2090 3494 2304 3550 fruetus
2340 3492 2631 3564 passionis-
2654 3492 2871 3548 Christi
2907 3499 2993 3548 est
3032 3492 3277 3546 omnium
3328 3491 3437 3553 vita
3462 3532 3479 3556 ,

1914 3594 2031 3642 tum
2081 3592 2424 3639 mortuorum
2472 3591 2590 3637 tum
2630 3582 2878 3638 vivorum
2911 3598 2927 3637 :
2969 3596 3158 3637 semen
3201 3580 3347 3637 enim
3379 3580 3484 3637 iuit

1914 3673 2037 3728 vitae
2060 3711 2077 3738 ,
2115 3671 2319 3729 Christi
2358 3684 2530 3725 mors.

1986 3765 2202 3837 Ergone
2242 3764 2428 3820 divina
2462 3761 2626 3817 Verbi
2663 3769 2869 3816 natura
2896 3760 3099 3827 mortis
3132 3760 3232 3815 I'uit
3266 3759 3487 3831 capax?

1916 3856 1982 3913 Et
2007 3853 2286 3928 quomodo
2316 3869 2428 3910 non
2459 3853 2563 3909 hoc
2588 3854 2745 3925 plane
2769 3851 3037 3921 impium?
3066 3851 3175 3909 Est.
3193 3852 3342 3906 enim
3372 3853 3486 3907 vita

1917 3948 2217 4005 secundum
2254 3953 2504 4000 naturam
2539 3958 2605 3998 ex
2645 3941 2756 3998 Deo
2791 3939 2955 3997 Patro
2990 3939 3267 3997 Verbum:
3300 3940 3485 4012 potius

1915 4038 2081 4109 erigit
2105 4046 2160 4093 et
2186 4051 2296 4091 non
2318 4034 2492 4091 cadit.
2527 4032 2755 4088 Mortem
2786 4030 3009 4103 perimit
3043 4038 3098 4087 et
3129 4012 3487 4101 corruptione

1917 4144 2027 4183 non
2070 4130 2234 4197 perit.
2265 4123 2531 4194 ,Vivitlcat
2571 4122 2749 4192 magis
2798 4120 2856 4175 id
2901 4121 3049 4190 quod
3092 4121 3207 4177 vita
3245 4121 3486 4194 indiget,

1918 4236 2019 4276 nec
2061 4220 2242 4290 ipsum
2283 4216 2353 4272 ab
2375 4216 2489 4271 alio
2527 4214 2693 4269 vitam
2751 4212 3080 4270 emendicat.
3118 4213 3488 4280 Quemadmo-

1916 4309 2044 4364 dum
2072 4308 2217 4363 enim
2245 4305 2429 4359 lumen
2453 4317 2734 4373 nunquam
2762 4302 3077 4358 obscuritas
3107 4301 3292 4367 fuerit,
3322 4303 3404 4358 sic
3425 4309 3489 4358 ut

1921 4401 2032 4455 vita
2059 4414 2166 4453 non
2199 4398 2274 4453 sit
2299 4396 2407 4452 vita
2425 4434 2442 4460 ,
2473 4394 2589 4450 ﬁeri
2615 4393 2823 4464 nequit.
2847 4392 3137 4461 Quomodo
3160 4391 3327 4463 igitur
3348 4392 3485 4463 ipse,

241 4493 273 4544 ό
294 4493 461 4556 αὐτὸς
494 4494 588 4546 καὶ
612 4492 687 4557 ὡς
709 4495 908 4559 κόκκος
937 4496 1084 4549 σίτου
1121 4497 1339 4567 λέγεται
1368 4502 1558 4555 πεσεῖν
1579 4503 1665 4567 εἰς
1688 4502 1811 4574 γῆν,

1916 4500 1973 4550 et
2001 4498 2062 4545 ut
2090 4503 2323 4561 granum
2351 4486 2613 4543 frumenti
2643 4485 2855 4541 dicitur
2875 4484 3073 4542 cadere
3101 4484 3163 4541 in
3195 4491 3402 4540 terram
3433 4492 3490 4540 et

245 4583 343 4636 xui.
394 4584 660 4656 ἀναϐῆναι
702 4584 777 4650 ὡς
822 4586 956 4652 Θεὸς
987 4590 1045 4642 ὲν
1094 4591 1399 4663 inmittit;
1449 4589 1528 4646 Ἦ
1574 4593 1816 4665 δηλονότι

244 4674 305 4727 τὸ
350 4673 452 4745 μὲν
487 4674 715 4729 θανάτου
765 4676 1085 4745 γεύσασθαι,
1131 4680 1331 4751 πρέποι
1381 4680 1448 4736 ἂν
1498 4683 1646 4755 αὺτῷ
1686 4683 1820 4739 καθὸ

243 4768 474 4840 γέγονεν
494 4770 776 4844 ἄνθρωπος
795 4790 809 4805 ο
836 4773 898 4828 τό
922 4791 985 4844 γε
1012 4773 1119 4845 μὴν
1144 4774 1409 4847 ἀναϐῆναι
1436 4775 1653 4841 θεῖκῶς.
1685 4775 1815 4830 ἴδιον

244 4862 423 4941 αὑτοῦ
454 4861 717 4933 φυσικῶς.

325 4957 392 5009 '0
417 4954 615 5025 φιλῶν
648 4956 764 5025 τὴν
798 4957 1011 5028 ψυχὴν
1036 4957 1244 5014 αὑτοῦ.

315 5047 395 5103 Οὐ
428 5047 611 5117 μόνον’
641 5050 785 5121 ὑμᾶς
837 5051 929 5104 ἐπὶ
979 5049 1056 5122 τῷ
1113 5051 1231 5122 ὲμῷ
1270 5050 1715 5119 σκανδαλίζεσθάι
1757 5050 1818 5102 ού

248 5139 355 5210 χρὴ
387 5139 571 5205 πάθει,
605 5140 726 5194 οὐδὲ
771 5141 1026 5195 ἀπιστεῖν
1055 5135 1139 5204 οἷς
1174 5136 1361 5204 εἷπον,
1386 5139 1523 5195 ἀλλὰ
1548 5140 1642 5194 καὶ
1685 5139 1822 5209 πρὸς

244 5232 405 5286 τοῦτο
454 5232 897 5305 παρεσκευάσθαι
945 5234 1232 5302 προσήκει.
1279 5232 1338 5285 ὐ
1382 5230 1487 5302 γὰρ
1526 5229 1697 5284 δοκῶν
1737 5231 1823 5283 ἐν·

245 5325 420 5379 ταῦθα
455 5324 830 5396 ἐπιμελεῖσθαι
877 5325 976 5394 τῆς
1029 5324 1162 5389 ἰδίας
1214 5323 1392 5394 ψυχῆς
1436 5323 1530 5376 καὶ
1556 5323 1618 5375 οὐ
1653 5321 1823 5375 θέλων

245 5416 415 5487 αὐτὴν
458 5418 540 5480 εἰς
595 5410 871 5478 κινδύνους
900 5413 1162 5467 ἐκδιδόναι
1190 5412 1394 5482 eripe,-
1411 5410 1702 5466 ἀπόλλυσιν
1724 5410 1822 5464 αὐ-

243 5508 342 5581 τὴν
367 5512 426 5563 ὲν
457 5506 536 5579 τῷ
568 5506 813 5579 μέλλοντι
858 5503 1054 5577 καιρῷ·
1085 5507 1113 5559 ό
1139 5505 1196 5558 δὲ
1237 5505 1319 5567 εἰς
1355 5502 1633 5566 κινδύνους
1655 5501 1824 5573 αὐτὴν

244 5600 420 5663 διδοὺς
450 5600 508 5651 ὲν
528 5596 608 5669 τῷ
632 5594 728 5650 νῦν
748 5594 926 5658 αἰῶνι,
959 5594 1226 5664 μεγάλως
1254 5593 1390 5665 αὐτῇ
1418 5592 1676 5661 φυλάσσει
1699 5592 1826 5653 τοὺς

244 5687 493 5758 καρπούς
510 5705 523 5719 ·
557 5687 654 5740 καὶ
684 5686 714 5738 ὀ
740 5685 839 5755 τῆς
860 5687 919 5738 ὲν
954 5682 1033 5754 τῷ
1068 5683 1259 5754 κόσμῳ
1283 5682 1457 5753 τούτῳ
1483 5681 1826 5751 καταφρονή-

247 5798 345 5845 ea;
379 5778 531 5851 ζωῆς
559 5819 573 5844 ,
604 5776 701 5849 τὴν
733 5776 1008 5848 ἄφθαρτον
1042 5776 1299 5847 κτήσεται
1347 5777 1404 5829 ἐν
1449 5773 1526 5845 τῷ
1556 5772 1823 5846 μέλλοντι.

1920 4596 2211 4653 assurgere
2264 4588 2326 4634 ut
2370 4578 2514 4634 Deus
2564 4593 2692 4633 cum
2737 4578 3167 4634 immutatione?
3220 4574 3490 4648 Equidem

1919 4682 2151 4729 mortem
2182 4680 2437 4741 gustasse
2469 4668 2730 4723 convenit
2767 4667 2847 4724 illi
2885 4676 3161 4740 quatenus
3197 4667 3362 4722 homo
3401 4664 3490 4719 l'a-

1921 4774 2044 4822 ctus
2085 4773 2209 4827 est,
2242 4775 2536 4830 resurgere
2576 4774 2709 4817 vero
2752 4774 2906 4815 more
2950 4758 3047 4816 Dei
3085 4756 3367 4829 proprium
3406 4764 3492 4812 est

1918 4857 2093 4927 ipsius
2127 4853 2477 4908 naturaliter.

1992 4946 2086 5002 XII
2107 4987 2122 5014 ,
2153 4946 2246 5001 25.
2288 4945 2391 5010 Qui
2423 4952 2569 4998 amat
2600 4941 2838 4997 intimam
2871 4956 3046 4996 suam.

1992 5036 2112 5091 Non
2131 5036 2308 5091 solum
2326 5049 2424 5091 vos
2443 5048 2555 5089 non
2580 5039 2800 5102 oportet
2830 5029 3198 5087 scandalizari
3222 5026 3293 5084 ob
3314 5042 3490 5083 meam

1923 5127 2259 5201 passionem,
2290 5139 2468 5195 neque
2497 5124 2567 5181 iis
2593 5137 2718 5193 qua:
2744 5122 2859 5179 dixi
2888 5121 3045 5176 ﬁdem
3075 5118 3363 5189 derogare,
3394 5116 3490 5172 sed

1926 5221 1995 5275 ad
2020 5221 2071 5275 id
2096 5218 2273 5290 magis
2300 5216 2586 5288 magisque
2612 5214 2892 5287 properari
2919 5211 3194 5267 convenit.
3213 5208 3321 5276 Qui
3342 5208 3490 5264 enim

1889 5308 2018 5367 ’bic
2052 5309 2121 5366 de
2161 5324 2263 5366 sua
2302 5310 2488 5363 anima
2509 5306 2733 5363 videtur
2755 5316 2880 5361 esse
2910 5302 3176 5360 sollicitus
3195 5342 3211 5368 ,
3248 5315 3350 5357 nec
3375 5300 3489 5356 vult

1926 5416 2046 5456 eam
2074 5407 2300 5471 propter
2327 5398 2488 5453 me'in
2511 5396 2820 5467 periculum
2850 5393 3146 5458 adducere,
3176 5392 3353 5463 perdit
3367 5405 3488 5447 eam

1927 5495 1982 5549 in
2024 5493 2270 5547 futurum
2313 5499 2532 5561 tempus
2573 5509 2587 5543 ι
2627 5487 2720 5559 qui
2759 5502 2890 5543 vero
2940 5498 3062 5542 eam
3100 5487 3156 5542 in
3190 5484 3489 5543 discrimen

1928 5566 2156 5652 conjicit
2206 5583 2261 5637 in
2302 5580 2555 5651 praesenti
2594 5578 2831 5643 saeculo,
2881 5592 3112 5648 magnos
3154 5575 3204 5633 ei
3248 5580 3491 5631 reservat

1930 5678 2143 5733 [ructus
2174 5692 2188 5730 :
2217 5680 2273 5730 et
2299 5672 2393 5744 qui
2415 5671 2580 5727 vitam
2609 5670 2910 5728 contemnit
2933 5670 2990 5726 in
3013 5669 3119 5724 hoc
3140 5666 3367 5734 mundo,
3393 5665 3488 5719 im—

1928 5767 2213 5829 mortalem
2237 5766 2291 5822 in
2317 5763 2505 5820 futuro
2531 5762 2853 5835 possidebit.
2876 5761 3000 5818 Haec
3021 5767 3201 5816 autem
3224 5758 3359 5814 dixit
3382 5755 3484 5809 Do-
