4010 6320
503 294 574 350 87
1487 297 1544 352 S.
1571 296 1848 354 CYRILLI
1876 294 2349 353 ALEXANDRINI
2384 298 2703 357 ARCHIEP.
3668 297 3745 354 88

496 404 831 487 minusanon
856 414 1114 476 tanquam
1136 406 1319 461 anima
1346 406 1436 463 hic
1454 409 1717 478 patiente,
1748 408 1842 465 sed
1865 408 2063 463 anima:

2169 411 2348 467 Ταῦτα
2379 411 2437 466 δὲ
2484 412 2588 485 ἔφη
2619 415 2647 466 6
2675 412 2900 483 Κύριος,
2927 410 3025 482 οὐχ
3056 412 3133 476 ὡς
3161 410 3259 479 τῆς
3294 410 3473 482 ψυχῆς
3504 411 3745 466 ἐνταῦθα

499 512 741 554 amorem
771 504 958 560 vocat,
996 497 1171 553 videri
1210 514 1331 555 eam
1366 500 1636 567 retinere,
1678 501 1824 556 haud
1859 515 2063 570 corpus

498 588 766 658 periculis
795 588 1143 658 objicientes.

566 754 662 815 XII
681 801 699 826 ,
726 762 817 818 26.
853 761 914 819 Si
943 766 1060 833 quis
1088 766 1217 819 mihi
1247 767 1551 833 ministrat,
1587 782 1667 821 me
1689 775 1955 836 sequatur.

565 850 721 917 Quod
751 852 884 907 dicit
911 853 1184 924 ejusmodi
1217 864 1338 911 est:
1373 855 1432 909 Si
1466 869 1587 926 ego,
1623 856 1833 925 inquit,
1869 856 1941 911 ob
1973 871 2064 910 ve-

495 948 671 996 stram
705 942 998 999 utilitatem
1031 943 1190 999 trado
1225 945 1495 1014 meipsum
1527 944 1595 997 ad
1627 951 1891 1008 mortem,
1921 960 2062 1014 quo-

369 1082 385 1087 -
496 1033 662 1089 modo
694 1049 806 1090 non
834 1050 1066 1090 summae
1093 1035 1323 1107 ignaviae
1352 1036 1519 1092 fuerit
1539 1050 1639 1091 vos
1669 1035 1741 1090 ob
1778 1036 2063 1106 proprium

495 1126 845 1182 commodum
885 1142 994 1182 non
1033 1143 1194 1199 posse
1234 1130 1622 1199 temporariam
1660 1131 1828 1185 vitam
1877 1144 2066 1200 asper-

494 1217 659 1283 nari,
705 1226 759 1275 et
807 1231 983 1276 morte
1029 1220 1253 1283 carnis,
1292 1221 1461 1276 vitam
1498 1222 1752 1277 interitus
1787 1229 2064 1292 expertem

498 1310 658 1381 703
685 1319 742 1367 et
764 1326 1105 1368 marcesserc
1128 1314 1371 1369 nesciam
1401 1313 1767 1384 comparare?
1802 1311 2066 1371 Videntur

495 1401 644 1453 enim
677 1414 831 1456 suam
862 1400 1106 1471 ipsorum
1135 1402 1375 1456 animam
1404 1402 1614 1468 odisse,
1648 1410 1912 1473 quantum
1941 1403 2067 1456 atti-

496 1498 588 1545 net
633 1489 703 1554 ad
742 1491 1095 1560 passionem,
1128 1494 1222 1562 qui
1266 1491 1498 1548 tradunt
1533 1508 1652 1547 eam
1693 1492 1762 1547 ad
1801 1498 2062 1556 mortem,

495 1581 717 1637 aaternis
748 1593 1096 1638 reservantes
1131 1583 1293 1639 bonis
1321 1602 1334 1639 :
1371 1592 1425 1638 et
1458 1585 1551 1654 qui
1582 1585 1637 1638 in
1667 1584 2066 1639 exercitatione

496 1673 754 1743 religiosa
784 1674 994 1738 vivunt,
1017 1674 1252 1728 oderunt
1277 1689 1407 1730 suas
1433 1675 1677 1745 ipsorum
1709 1675 1942 1741 animas,
1965 1690 2067 1729 nec

2165 505 2500 575 πασχούσης,
2527 505 2664 559 ἀλλὰ
2695 506 2798 575 τῆς
2827 506 3007 576 ψυχῆς
3056 504 3238 574 φιλίαν
3265 504 3447 569 καλεῖ,
3480 502 3541 556 τὸ
3562 503 3745 557 δοκεῖν

2164 598 2335 667 αὐτὴν
2386 597 2666 668 κατέχειν,
2709 597 2770 650 οὐ
2828 597 3176 669 προδιδόντας
3220 597 3301 659 είς
3350 594 3631 658 κινδύνους
3680 592 3746 646 τὺ

2168 689 2346 759 σῶμα.

2249 780 2385 834 Ἐὰν
2409 778 2540 850 ἐμοὶ
2565 778 2817 849 διακονῇ
2847 796 2937 845 τις
2956 818 2972 845 ,
2998 777 3128 848 ἐμοὶ
3161 777 3577 833 ἀκολουθείτω.

2239 870 2305 923 Ὅ
2353 868 2502 938 λέγει
2553 868 2793 923 τοιοῦτόν
2835 871 3003 922 ἐστιν’
3057 869 3121 921 El
3175 867 3306 936 ἐγὼ,
3343 868 3508 937 φησὶ.
3542 866 3631 919 διὰ
3674 865 3746 920 τὺ

2164 961 2317 1033 ὑμῶν
2347 962 2617 1034 χρήσιμον
2658 961 2909 1033 ὲκδίδωμι
2954 960 3187 1031 ἐμαυτὸν
3223 962 3303 1021 εἰς
3336 959 3583 1023 θάνατον,
3616 958 3744 1020 πῶς

2163 1053 2266 1108 οὐκ
2308 1053 2587 1125 ἄνανδρον,
2617 1054 2679 1107 τὸ
2709 1053 2783 1124 μὴ
2813 1052 2922 1106 τῶν
2964 1052 3178 1106 οἰκείων
3211 1052 3396 1105 ἕνεκεν
3423 1049 3735 1122 χρησίμων,

2162 1144 2265 1215 τῆς
2314 1145 2649 1217 προσκαίρου
2694 1144 3102 1217 καταφρονῆσαι
3149 1143 3294 1214 ζωῆς
3327 1144 3501 1209 ὑμᾶς,
3530 1142 3622 1194 καὶ
3652 1140 3737 1211 τῷ

2162 1239 2262 1310 τῆς
2283 1240 2484 1310 σαρκὸς
2515 1238 2729 1308 θανάτῳ
2753 1238 2854 1310 τὴν
2888 1238 3203 1308 ἀμάραντον
3227 1232 3530 1305 κτήσασθαι
3553 1231 3735 1302 ζωήνς

2164 1330 2390 1384 Δοκοῦσι
2438 1329 2548 1401 γὰρ
2580 1331 2772 1400 -μισεῖν
2810 1330 2910 1400 τὴν
2951 1328 3157 1382 ἑαυτῶν
3201 1326 3411 1397 ψυχήν.
3451 1326 3573 1378 ὅσον
3600 1318 3745 1394 ἧκεν

2164 1424 2244 1486 είς
2274 1422 2335 1475 τὸ
2362 1421 2575 1487 παθεῖν,
2610 1422 2661 1473 οἱ
2700 1419 3000 1482 ἐκδιδόντες
3026 1418 3193 1488 αὐτὴν
3227 1418 3305 1480 είς
3341 1416 3589 1479 θάνατον,
3623 1418 3745 1477 τοῖς

2164 1513 2404 1577 αἰωνίοις
2430 1514 2786 1582 φυλάττοντες
2818 1511 3044 1579 ἀγαθοῖς
3063 1525 3077 1539 ·
3107 1510 3202 1563 καὶ
3239 1511 3290 1563 οἱ
3321 1510 3379 1561 ὲν
3417 1507 3649 1576 ἀσκήσει
3681 1505 3743 1557 δὲ

2166 1605 2389 1672 ζῶντες,
2420 1603 2640 1675 μισοῦσι
2670 1603 2770 1667 τάς
2812 1602 3020 1656 ἑαυτῶν
3060 1601 3265 1671 ψυχὰς,
3300 1601 3399 1667 οὐχ
3438 1597 3740 1669 ἡττώμενοι

2164 1700 2285 1761 ταῖς
2334 1698 2435 1766 τῆς
2493 1695 2848 1765 φιλοσαρκίας
2891 1694 3122 1765 ἡδοναῖς.
3166 1694 3234 1744 ⁸0
3279 1687 3371 1744 οὖν
3424 1691 3679 1760 ἐποίησεν
3708 1688 3739 1740 ὁ

496 1780 556 1819 se
598 1764 747 1818 vinci
789 1765 979 1820 sinunt
1018 1766 1205 1822 carnis
1246 1766 1650 1836 voluptatibus.
1700 1765 1856 1832 Quod
1902 1767 2065 1837 igitur

2169 1752 2518 1859 Χρίστδς-διά
2561 1787 2659 1858 τὴν
2691 1752 2953 1840 ¹ἁπάντων
2984 1752 3256 1855 σωτηρίαν
3295 1773 3501 1843 παθῶν,
3532 1752 3612 1842 είς
3638 1779 3738 1831 τύ-

495 1854 627 1910 t‘ecit
655 1853 911 1913 Christus
945 1865 1173 1927 propter
1197 1858 1444 1912 omnium
1471 1859 1704 1915 salutem
1735 1873 1967 1928 passus,
2009 1858 2066 1913 in

495 1943 728 2017 ﬁguram
769 1955 825 2002 et
868 1957 1052 2019 typum
1086 1946 1430 2005 fortitudinis
1476 1948 1639 2013 fecit,
1677 1951 1915 2004 monitos
1941 1964 2066 2005 esse

495 2038 686 2094 volens
716 2053 812 2095 eos
841 2042 935 2109 qui
969 2050 1313 2110 speratarum
1353 2041 1620 2096 bonorum
1654 2042 2066 2112 exspectatione

494 2130 810 2196 ducuntur,
860 2138 920 2184 ut
964 2130 1034 2185 ad
1068 2131 1433 2188 exercendam
1468 2133 1729 2188 virtutem
1764 2148 1825 2188 se
1877 2132 2065 2188 accin-

493 2226 648 2288 gant.
685 2220 909 2288 Oportet
928 2223 1085 2277 enim
1121 2237 1242 2290 eos,
1274 2224 1472 2291 inquit,
1506 2223 1602 2293 qui
1636 2222 1826 2278 volunt
1858 2237 1945 2278 me
1977 2239 2066 2279 se-

492 2312 628 2380 qui,
687 2325 874 2382 parem
940 2314 1074 2369 mihi
1125 2314 1505 2370 fortitudinem
1562 2324 1620 2371 et
1678 2314 2063 2370 conﬁdentiam

494 2402 832 2471 ostendere;
892 2407 974 2461 sic
1042 2408 1194 2462 enim
1268 2407 1513 2463 victoriae
1565 2408 1790 2479 praemia
1843 2408 2060 2462 obtine-

494 2498 654 2554 bunt.
1956 2555 1963 2562 .

563 2592 695 2660 XII,
731 2594 821 2652 26.
870 2594 938 2650 Ει
980 2593 1068 2648 ubi
1096 2609 1215 2647 sum
1258 2608 1383 2664 ego,
1432 2593 1506 2647 ibi
1550 2602 1598 2649 et
1643 2597 1888 2651 minister
1919 2613 2063 2654 meus

490 2684 614 2739 erit.
720 2720 731 2723 -

564 2773 632 2828 Et
668 2776 930 2846 quoniam
978 2778 1089 2834 dux
1132 2778 1359 2849 glorise,
1413 2793 1522 2833 non
1574 2793 1672 2848 per
1705 2780 1935 2850 gloriam
1970 2793 2065 2839 aut

494 2865 719 2930 luxum,
764 2871 859 2924 sed
903 2884 1002 2939 per
1040 2868 1325 2925 infamiam
1380 2877 1436 2926 et
1474 2871 1691 2926 labores
1729 2875 2060 2931 ambulavit:

493 2957 574 3009 sic
604 2964 660 3012 et
689 2972 790 3013 nos
818 2973 984 3029 agere
1014 2959 1182 3015 alacri
1209 2961 1397 3015 animo
1430 2962 1711 3028 convenit,
1739 2975 1800 3018 ut
1830 2965 1885 3020 in
1918 2948 2065 3022 eum-

493 3045 617 3102 dem
647 3062 866 3118 quoque
890 3049 1072 3104 locum
1099 3051 1516 3120 perveniamus,
1555 3051 1913 3126 divinamque
1942 3059 2062 3128 glo-

2166 1895 2269 1931 πον
2316 1877 2571 1947 ἐποίησεν
2607 1876 2860 1946 ἀνδρείας
2882 1915 2897 1938 ,
2932 1874 3197 1927 διδάσκων
3225 1873 3352 1935 τοὺς
3382 1871 3492 1923 τῶν
3521 1868 3741 1931 ἐλπιζο-

2168 1969 2346 2039 μένων
2418 1968 2637 2037 ἀγαθῶν
2696 1966 3123 2039 ἐπιθυμοῦντας,
3168 1963 3482 2031 ἐπείγεσθαι
3536 1975 3739 2030 κατορ-

2166 2060 2292 2115 θοῦν
2321 2060 2420 2131 τὴν
2449 2060 2669 2132 ἀρετήν.
2719 2060 2811 2111 Δεῖ
2854 2056 2983 2129 γὰρ,
3025 2056 3177 2126 φησὶ,
3218 2055 3344 2117 τοὺς
3369 2051 3618 2113 θέλοντάς
3648 2062 3741 2119 μοι

2164 2149 2475 2204 ἀκολουθεῖν
2502 2187 2517 2214 ,
2543 2148 2642 2221 τήν
2698 2147 2819 2219 ῖσην
2858 2147 2981 2218 ἐμοὶ
3018 2145 3267 2217 ἀνδρείαν
3324 2145 3418 2197 καὶ
3453 2140 3742 2211 εὐτολμίαν

2163 2242 2527 2296 ἐνδείκνυσθαι
2561 2258 2574 2272 ·
2605 2239 2749 2294 οὕτω
2775 2239 2886 2311 γὰρ
2919 2237 3181 2310 λήψονται
3199 2236 3268 2290 τά
3290 2235 3389 2306 τῆς
3414 2234 3571 2305 νίκης
3601 2231 3738 2303 βραδ

2164 2333 2303 2388 6εῖα.

2233 2595 2344 2650 Καὶ
2370 2595 2520 2648 ὅπου
2550 2592 2667 2662 εἰμὶ
2693 2590 2829 2661 ἐγὼ,
2855 2586 2985 2644 ἐκεῖ
3008 2586 3107 2641 καὶ
3140 2586 3174 2639 ὁ
3191 2583 3470 2647 διάκονος
3505 2582 3539 2634 ό
3594 2577 3745 2648 ἐμὸς

2132 2702 2151 2714 ⁸
2162 2688 2354 2743 ἔσται.

2231 2781 2341 2836 Καὶ
2360 2779 2546 2848 ἐπειδὴ
2576 2780 2606 2832 6
2634 2778 2734 2847 τῆς
2767 2773 2923 2845 δόξης
2945 2773 3206 2845 ἀρχηγὸς,
3234 2771 3296 2825 οὐ
3318 2769 3405 2823 διὰ
3435 2766 3594 2837 δόξης
3626 2763 3745 2818 οιαὶ

2163 2873 2372 2946 τρυφῆς
2403 2871 2659 2932 ὦδευσεν,
2696 2867 2832 2922 ἀλλά
2854 2865 2943 2920 διὰ
2985 2865 3209 2936 ἀτιμίας
3237 2862 3335 2917 καὶ
3376 2861 3553 2914 πόνων
3582 2876 3596 2891 ·
3641 2856 3744 2910 οῦ-

2164 2985 2242 3021 τω
2263 2966 2344 3020 δεῖ
2373 2965 2471 3019 καὶ⁸
2495 2965 2643 3036 ἡμᾶς
2671 2963 2897 3025 ἀλύπως
2943 2961 3137 3025 ποιεῖν,
3176 2958 3266 3011 ἵνα
3297 2958 3379 3018 είς
3428 2953 3521 3008 τδν
3573 2950 3745 3004 αὐτὸν

2163 3060 2325 3113 τόπον
2351 3056 2800 3125 καταντήσωμεν,
2822 3052 2917 3106 καὶ
2944 3052 3043 3120 τῆς
3086 3048 3235 3111 θείας
3260 3046 3617 3118 μετάσχωμεν
3653 3041 3745 3095 δό-

495 3139 633 3192 riam
680 3140 1097 3210 participemus.
1136 3141 1326 3213 Ecquo
1353 3158 1486 3199 vero
1532 3143 1741 3203 honore
1765 3122 1914 3219 digni
1946 3122 2060 3207 vsu-

2169 3149 2282 3220 ξης.
2304 3147 2469 3206 Ποίας
2496 3146 2553 3198 δὲ
2581 3122 2719 3211 ἀξιοί
2744 3147 2909 3214 ἐσμεν
2933 3144 3116 3213 τιμῆς,
3145 3140 3194 3193 οἱ
3231 3138 3306 3210 μὴ
3351 3136 3623 3204 ἀξιοῦντες
3666 3132 3743 3186 τὰ

496 3248 642 3294 mus,
675 3230 767 3299 qui
797 3231 987 3287 eadem
1022 3247 1148 3288 cum
1186 3233 1419 3289 Domino
1442 3244 1633 3292 nostro
1666 3242 1873 3310 perpeti
1904 3243 2065 3298 nolu-

488 3320 664 3375 mus?
705 3319 963 3379 Fortasse
1009 3340 1142 3381 vero
1184 3327 1330 3394 quod
1378 3326 1570 3393 dixit,
1617 3327 1751 3385 «Ubi
1782 3348 1882 3403 ego
1904 3350 2060 3400 sum,

494 3413 571 3466 ibi
610 3425 665 3469 et
701 3416 952 3474 minister
981 3434 1137 3475 meus
1167 3432 1322 3486 esto,
1365 3440 1384 3473 ι
1431 3438 1537 3478 non
1572 3424 1783 3490 locum,
1817 3427 1911 3482 sed
1942 3445 2062 3485 mo-

418 3559 435 3569 ν
494 3500 624 3556 dum
653 3503 876 3563 virtutis
901 3506 1188 3578 intelligit;
1218 3510 1273 3564 in
1295 3510 1498 3581 quibus
1521 3512 1669 3568 visus
1698 3522 1782 3569 est
1807 3515 2060 3575 Christus

494 3602 792 3662 prastare,
849 3598 907 3653 in
959 3599 1151 3656 iisdem
1192 3602 1395 3658 debent
1433 3605 1644 3661 versari
1677 3608 1770 3676 qui
1809 3624 1932 3663 eum
1973 3626 2059 3666 se-

493 3694 742 3755 quuntur
762 3730 779 3753 ,
807 3704 916 3745 non
946 3691 1000 3746 in
1040 3695 1421 3764 praerogativis
1451 3699 1653 3755 divinis
1676 3737 1690 3763 ,
1730 3699 2061 3772 homineque

494 3777 818 3848 majoribus.
848 3779 1037 3852 Neque
1062 3785 1210 3838 enim
1242 3786 1297 3840 in
1328 3797 1596 3857 potestate
1629 3792 1868 3848 hominis
1890 3791 2055 3846 situm

492 3875 581 3922 cst
610 3883 799 3923 verum
824 3877 880 3925 et
912 3880 1108 3926 natura
1140 3873 1307 3929 Deum
1340 3876 1543 3934 imitari
1576 3901 1590 3936 ι
1637 3881 1733 3936 sed
1769 3881 1823 3935 in
1857 3881 2057 3950 quibus

494 3961 764 4032 contingit
791 3962 1029 4019 hominis
1051 3975 1305 4022 naturam
1342 3986 1508 4041 posse
1535 3973 1814 4040 eminere,
1856 3988 1963 4028 non
2003 3974 2059 4028 in

494 4051 756 4110 sedandis
790 4055 961 4109 maris
998 4061 1413 4129 tempestatibus
1440 4101 1455 4125 ,
1495 4071 1549 4118 et
1589 4063 1714 4118 aliis
1760 4065 1811 4118 id
1845 4079 2018 4134 genus
2040 4102 2056 4127 ,

493 4144 592 4200 sed
638 4145 695 4200 in
740 4144 1075 4205 demissione
1112 4151 1284 4206 animi
1328 4162 1384 4209 et
1417 4154 1842 4211 mansuetudine
1867 4193 1883 4222 ,
1911 4165 1965 4213 et
2004 4157 2058 4211 in

494 4236 737 4294 ferendis
766 4240 1005 4310 injuriis.

562 4325 689 4394 Xll,
719 4329 811 4385 27.
845 4328 1002 4385 Nunc
1033 4334 1214 4387 anima
1244 4349 1359 4386 mea
1393 4333 1608 4388 turbata
1637 4344 1737 4390 est.

564 4419 858 4478 Enimvero
891 4424 995 4478 etsi
1028 4433 1291 4496 tanquam
1327 4425 1494 4479 homo
1517 4427 1777 4484 Christus
1810 4430 2062 4485 turbatur
2098 4466 2140 4523 υ

495 4513 689 4569 mortis
722 4514 1076 4586 cogitatione,
1106 4525 1348 4572 attamen
1375 4527 1633 4587 tanquam
1677 4519 1815 4575 Deus
1843 4537 1909 4575 ex
1938 4538 2063 4591 per-

493 4602 809 4659 turbatione
846 4605 937 4658 illa
973 4605 1051 4659 'ad
1090 4605 1345 4660 ﬁduciam
1377 4606 1561 4660 statim
1587 4609 1773 4672 venit,
1815 4617 1869 4664 et
1914 4611 2062 4680 quod

494 4694 690 4749 timore
708 4704 1044 4750 commotum
1073 4705 1180 4759 est,
1212 4696 1278 4751 ad
1313 4699 1656 4766 praesentiam
1680 4700 1844 4755 animi
1879 4703 2066 4758 tradu-

494 4784 591 4839 cit.
628 4787 1065 4842 Existimandum
1096 4794 1182 4841 est
1208 4791 1352 4842 enim
1383 4788 1547 4842 etiam
1597 4790 1651 4843 in
1688 4791 1810 4860 ipso
1838 4792 2064 4848 Christo

493 4887 551 4934 et
589 4876 881 4934 Servatore
928 4878 1325 4933 humanitatem
1378 4894 1503 4935 esse
1546 4889 1876 4936 commotam
1935 4899 2065 4954 pro-

498 4978 622 5039 pter
651 4971 790 5026 duos
832 4978 887 5026 et
927 4969 1272 5024 necessarios
1308 4971 1524 5029 modos.
1574 4974 1790 5045 Quippe
1838 4987 2064 5046 oporte-

498 5062 592 5117 bat
619 5071 676 5117 et
718 5077 816 5132 per
855 5061 956 5117 hos
988 5060 1166 5129 ipsum
1205 5075 1314 5115 non
1336 5061 1599 5133 opinione
1638 5080 1703 5120 ac
1751 5068 2066 5138 suspicione

497 5155 797 5219 duntaxat,
841 5154 935 5209 sed
969 5154 1154 5223 potius
1184 5154 1594 5212 naturaliter'et
1626 5173 1756 5215 vero
1788 5160 2062 5217 hominem

496 5266 560 5304 ex
592 5248 819 5302 muliere
844 5253 1030 5299 natum
1061 5244 1271 5311 videri,
1308 5247 1492 5301 omnia
1528 5249 1766 5305 humana
1800 5252 2064 5308 ferentem

498 5340 619 5395 sine
652 5345 897 5408 peccato.
932 5335 1118 5391 Timor
1143 5338 1289 5392 enim
1322 5346 1377 5393 et
1412 5337 1647 5398 formido
1676 5349 1805 5397 sunt
1840 5351 2066 5399 natura-

500 5433 579 5487 les
602 5430 760 5484 nobis
792 5430 1266 5499 perturbationes,
1303 5446 1425 5501 qua:
1460 5433 1513 5486 in
1548 5449 1834 5488 numerum
1870 5451 2067 5503 prcca-

503 5534 679 5576 torum
731 5536 844 5575 non
886 5523 1136 5576 veniunt.
1169 5521 1436 5579 Praeterea
1470 5525 1633 5579 etiam
1668 5526 1878 5580 utiliter
1915 5543 2101 5587 com-s

502 5610 862 5665 movebantur
885 5611 1123 5665 humana
1160 5611 1212 5665 in
1251 5610 1474 5667 Christo
1512 5614 1632 5667 sine
1669 5622 1926 5682 peccato.
1956 5632 2063 5670 non

506 5715 559 5755 ut
606 5711 890 5759 commota
955 5706 1346 5761 roborarcntur
1399 5713 1448 5760 ct
1504 5706 1648 5759 ultra
1684 5708 2043 5777 procederent

2167 3240 2259 3293 ῖσα
2300 3236 2377 3307 τῷ
2428 3234 2670 3306 Δεσπότῃ
2695 3232 2923 3297 παθεῖν;
2970 3231 3122 3300 Τάχα
3152 3228 3209 3282 δὲ
3252 3225 3441 3292 εἰπὼν,
3499 3243 3518 3276 ι
3560 3224 3741 3276 ’Ὅπου

2163 3329 2282 3399 εἰμὶ
2308 3325 2439 3396 ἐγὼ,
2463 3327 2581 3379 ἐκεῖ
2607 3325 2742 3379 καὶὸ
2772 3323 3016 3384 διάκονος
3043 3324 3071 3375 6
3088 3319 3220 3389 ἐμὸς
3243 3318 3403 3379 ἔστω,
3431 3334 3450 3367 ι
3483 3315 3542 3367 οὐ
3569 3313 3743 3366 τόπον

2163 3419 2333 3486 λέγει,
2367 3415 2503 3470 ἀλλά
2530 3415 2727 3487 τρόπον
2754 3412 2954 3484 ἀρετῆς
2974 3428 2988 3442 ν
3019 3410 3077 3463 ἐν
3104 3404 3186 3472 οἷς
3219 3407 3328 3476 ἐγὼ
3372 3404 3561 3476 ὤφθην
3600 3403 3743 3473 Χρι-

2164 3510 2289 3572 στὸς
2311 3508 2646 3578 διαπρέπων,
2683 3507 2740 3559 ὲν
2770 3506 2883 3568 τοῖς
2915 3504 3095 3563 αὐτοῖς
3116 3500 3421 3570 ὀφείλουσιν
3469 3492 3609 3548 εἶναι
3641 3493 3743 3546 καὶ

2164 3602 2213 3656 οἱ
2230 3600 2375 3671 αὐτῷ
2405 3597 2841 3662 ἀκολουθοῦντες,
2867 3597 2965 3649 οὐκ
2990 3597 3046 3648 ὲν
3061 3597 3173 3656 τοῖς
3195 3590 3552 3663 θεοπρεπέσιν
3582 3585 3743 3654 ἀξιώ-

2168 3708 2300 3764 μασι
2322 3692 2415 3746 καὶ
2442 3693 2556 3753 τοῖς
2587 3689 2726 3758 ὑπὲρ
2753 3688 3055 3758 ἄνθρωπον.
3104 3685 3179 3738 Οὐ
3223 3683 3332 3754 γὰρ
3373 3680 3592 3734 δυνατὸν
3644 3679 3741 3731 ἁνο

2165 3782 2368 3854 θρὼπῳ
2390 3782 2481 3835 τὸν
2506 3781 2680 3851 ἀληθῆ
2713 3780 2807 3834 καὶ
2833 3778 2990 3846 φύσει
3027 3776 3160 3829 Θεὸν
3190 3772 3528 3846 μιμήσασθαι
3561 3787 3575 3802 ’
3607 3770 3739 3824 ἀλλ’

2161 3875 2220 3928 ὲν
2253 3868 2337 3937 οἷς
2362 3873 2635 3943 ἐνδέχεται
2666 3872 2764 3942 τὴν
2789 3868 3074 3941 ἀνθρώπου
3124 3865 3443 3937 διαπρέπειν
3476 3861 3738 3917 δύνασθαι

2161 3968 2346 4036 φύσιν,
2396 3968 2497 4020 οὐκ
2544 3967 2602 4018 ὲν
2636 3964 2714 4034 τῷ
2758 3962 3009 4034 χαλινοῦν
3061 3960 3332 4013 θάλασσαν
3363 3958 3457 4010 καὶ
3482 3955 3551 4008 τὰ
3575 3955 3738 4024 ὃμοια

2163 4064 2357 4126 ποιεῖν,
2428 4058 2542 4112 ἀλλ’
2590 4059 2648 4110 ὲν
2688 4056 2767 4126 τῷ
2804 4050 2944 4108 εἶναι
2976 4052 3263 4114 ταπεινοὺς
3291 4050 3385 4103 καὶ
3407 4047 3614 4118 πράους
3641 4044 3737 4097 καὶ

2162 4153 2429 4224 φέροντας
2466 4148 2672 4221 ὕϐρεις.

2234 4331 2363 4386 Νῦν
2400 4329 2440 4396 ἡ
2476 4327 2648 4398 ψυχή
2675 4342 2793 4395 μου
2821 4323 3186 4391 τετάρακται.

2235 4421 2383 4490 Πλὴν
2412 4422 2462 4481 εί
2487 4420 2581 4472 καὶ
2606 4418 2683 4480 ὡς
2707 4414 2993 4485 ἄνθρωπος
3020 4413 3050 4464 ὁ
3076 4409 3311 4480 Χριστὸς
3333 4407 3642 4483 θορυϐεῖται
3666 4405 3733 4474 τῇ

2164 4512 2257 4568 τοῦ
2286 4510 2516 4567 θανάτου
2545 4510 2757 4580 μνήμῃ,
2787 4504 2901 4559 ἀλλ’
2932 4503 3007 4565 ὡς
3049 4501 3200 4564 Θεὸς,
3245 4496 3600 4567 κεκινημένου
3637 4492 3737 4546 τοῦ

2165 4604 2391 4667 πάθους,
2424 4599 2562 4672 πρὸς
2601 4598 2800 4669 θάρσος
2829 4594 2990 4655 εὐθὺς
3025 4589 3408 4659 παραγίνεται,
3446 4587 3540 4640 καὶ
3599 4583 3740 4655 πρὸς

2165 4693 2453 4765 εὐτολμίαν
2490 4688 2831 4762 μεταμορφοῖ
2854 4685 2916 4738 τὺ
2944 4685 3011 4755 τῇ
3040 4682 3211 4752 δειλίᾳ
3247 4678 3486 4749 νικηθέν.
3539 4675 3738 4747 Οίησό-

2170 4787 2310 4859 μεθα
2328 4783 2436 4856 γὰρ
2463 4783 2558 4836 καὶ
2582 4783 2639 4835 ὲν
2673 4777 2821 4846 αὐτῷ
2844 4775 2922 4845 τῷ
2946 4772 3166 4845 Χριστῷ
3194 4771 3289 4824 καὶ
3326 4768 3537 4859 Σωτῆρι
3585 4783 3742 4859 κεκι-

2164 4854 2358 4949 νῆσθαι
2381 4854 2451 4928 τὰ
2480 4871 2793 4942 ἀνθρώπεια
2830 4867 2917 4920 διὰ
2966 4864 3058 4916 δύο
3114 4862 3209 4915 καὶ
3252 4858 3591 4949 ἀναγκαίους.
3612 4854 3740 4949 τρό-

2167 4946 2321 5032 πους.
2356 4966 2505 5019 Ἔδει
2529 4963 2657 5035 γάρ,
2677 4960 2784 5013 ἔδει
2812 4957 2906 5011 καὶ
2926 4955 3016 5009 διὰ
3046 4952 3250 5008 τούτων
3289 4949 3453 5006 αὑτὸν
3480 4949 3540 5001 οὐ
3573 4946 3740 5035 δοκή-

2168 5080 2250 5116 σει
2269 5061 2364 5114 κα“ι
2397 5034 2642 5125 ὑπονοίᾳ,
2672 5048 2917 5121 φυσικῶς
2948 5047 3006 5099 δὲ
3041 5045 3238 5117 μᾶλλον
3266 5042 3361 5096 καὶ
3401 5037 3615 5109 ἀληθῶς
3643 5034 3746 5089 άν-

2167 5153 2383 5223 θρωπον
2412 5150 2477 5201 ἐκ
2506 5142 2762 5215 γυναικὸς
2791 5139 3050 5208 γεγονότα
3077 5133 3385 5206 φαίνεσθαι,
3431 5132 3606 5185 πάντα
3643 5125 3745 5223 sps-

2171 5218 2332 5317 ροντα
2357 5242 2427 5294 τά
2449 5236 2783 5309 ἀνθρώπινα,
2826 5233 2946 5303 δίχα
3003 5228 3294 5301 ἁμαρτίας.
3343 5223 3509 5317 Φόϐος
3549 5222 3607 5274 δὲ
3634 5218 3747 5317 ,καὶ

2165 5309 2354 5399 δειλία,
2373 5331 2519 5399 πάθη
2541 5329 2637 5399 μὲν
2667 5328 2800 5397 ἡμῖν
2821 5322 3045 5394 φυσικὰ,
3071 5320 3132 5373 τό
3153 5336 3216 5387 γε
3247 5317 3354 5388 μὴν
3367 5318 3423 5369 έν
3444 5309 3743 5382 ἁμαρτίαις

2166 5425 2422 5497 τετάχθαι
2455 5416 2872 5487 διαπεφευγότα.
2913 5414 3023 5467 Καὶ
3057 5412 3192 5482 πρὸς
3213 5409 3443 5471 τούτοις,
3490 5405 3570 5457 ἔτι
3608 5419 3748 5497 χρη-

2170 5492 2342 5589 σίμως
2361 5514 2667 5567 ὑπεκινεῖτο
2698 5509 2792 5561 καὶ
2811 5509 2869 5559 ὲν
2890 5503 3110 5576 Χριστῷ
3133 5502 3201 5555 τὰ
3251 5496 3565 5569 ἀνθρώπινα
3610 5492 3748 5589 δίχα

2169 5586 2462 5679 ἁμαρτίας.
2492 5604 2587 5672 οὐχ
2616 5603 2704 5655 ῖνα
2728 5600 2798 5653 τά
2821 5597 3109 5667 κινηθέντα
3152 5592 3506 5663 κρατύνηται,
3540 5586 3634 5639 καὶ
3660 5586 3746 5647 εἰς

2169 5677 2229 5757 si)
2258 5677 2442 5771 πρόσω
2465 5700 2634 5770 χωρῇ.
2669 5690 2916 5756 καθάπερ
2951 5688 3043 5742 καὶ
3073 5688 3155 5755 ἐφ’
3188 5685 3362 5755 ἡμῶν,
3390 5679 3514 5734 ἀλλ’
3544 5677 3630 5731 ἵνα
3656 5691 3746 5727 κε-
