4010 6320
191 367 261 425 89
973 367 1042 422 ΙΝ
1079 367 1418 425 JOANNEM.
1461 401 1522 411 —
1557 370 1684 424 LlB.
1730 371 1814 425 VII
1859 370 1943 424 ET
1991 371 2100 426 ΠΗ
2143 372 2582 430 FRAGMENTA.
3373 373 3442 429 90

191 485 482 557 κινημένα,
513 489 581 557 τῇ
609 485 704 538 τοῦ
737 485 895 553 λόγου
935 485 1161 556 δυνάμει
1207 487 1586 558 διακόπτηται,
1637 487 1766 557 πρδς

1878 495 1936 540 ut
1969 487 2130 560 704
2160 489 2213 543 in
2249 489 2410 545 nobis
2435 489 2772 556 assolet,sed
2804 496 2863 544 ut
2891 502 3160 546 concussa
3190 485 3240 542 vi
3273 487 3444 541 ratio-

191 579 402 649 ἀμείνω
423 578 544 631 τινά
565 578 656 630 καὶ
686 575 961 647 θειοτέραν
990 577 1316 647 μετάστασιν
1341 591 1775 649 μεταστοιχειου-

197 669 367 739 μένης
393 668 490 736 τῆς
519 666 732 734 φύσεως
765 667 822 718 ὲν
845 667 1044 737 πρώτῳ
1074 666 1292 738 Χριστῷ
1318 685 1331 698 ·
1359 664 1428 738 ἦν
1466 670 1572 740 γὰρ
1603 668 1774 731 οὕτως

197 761 294 812 καὶ
326 759 420 827 οὐχ
447 757 651 826 ἑτέρως
675 758 770 811 καὶ
795 759 872 821 είς
895 759 1040 827 ἡμᾶς
1068 760 1263 822 αὐτοὺς
1287 759 1532 828 διαῦἧναι
1563 759 1652 812 τὸν
1677 759 1774 828 τῆς

199 850 399 912 ἰάσεως
424 849 642 920 τρόπον.
701 851 788 902 Ἐν
819 850 925 921 γὰρ
952 851 1170 920 ἀπαρχῇ
1204 849 1422 921 Χριστῷ
1463 851 1543 913 εἰς
1595 850 1774 903 καινό-

198 957 338 1009 τητα
367 940 531 1010 ζωῆς,
553 941 588 1010 ἡ
625 940 910 1012 ἀνθρώπου
941 942 1099 1010 φύσις
1124 943 1477 1011 ἀνεκομίζετο
1507 957 1520 971 ·
1544 943 1601 994 ἐν
1627 940 1774 1011 αὐτῷ

199 1033 255 1086 δὲ
291 1033 386 1086 καὶ
411 1033 480 1084 τά
523 1033 664 1104 ὑπὲρ
702 1033 861 1101 φύσιν
911 1034 1298 1102 ὲκερδάναμεν.
1341 1034 1438 1086 Διὰ
1473 1034 1582 1102 γάρ
1617 1032 1774 1086 τοῦτο

199 1125 294 1176 καὶ
322 1123 571 1192 δεύτερος
611 1125 781 1195 Ἀδάμ
804 1127 1218 1196 κατωνόμασται
1250 1126 1398 1196 παρὰ
1436 1130 1556 1190 ταῖς
1601 1124 1774 1191 θείαις

199 1217 468 1287 Γραφαῖς.
502 1218 712 1288 Ὠσπερ
739 1219 795 1272 δὲ
824 1221 898 1282 ὼς
923 1219 1205 1289 ἄνθρωπος
1227 1220 1477 1272 ὲπείνασε
1519 1220 1612 1273 καὶ
1654 1221 1774 1272 ἐκο-

194 1310 416 1374 πίασεν,
441 1310 582 1363 οὕτω
613 1311 818 1364 καὶτὸν
848 1311 910 1362 ὲκ
939 1309 1031 1362 τοῦ
1051 1309 1255 1374 πάθους
1287 1309 1499 1381 δέχεται
1524 1310 1770 1381 θόρυϐον,

193 1401 274 1464 ὡς
323 1399 682 1472 ἀνθρώπινον,
721 1401 1057 1472 Ταράττεται
1106 1401 1162 1453 δὲ
1211 1402 1307 1471 οὐχ
1360 1401 1548 1472 ὥσπερ
1591 1403 1770 1472 ἡμεῖς,

193 1492 315 1546 ἀλλ’
340 1493 462 1546 ὅσον
495 1496 575 1556 είς
606 1492 857 1564 αἴσθησιν
899 1493 1056 1562 μόνον
1089 1493 1450 1564 ὑπενεχθῆναι
1497 1494 1591 1548 τοῦ
1631 1496 1772 1564 πρά-

192 1601 428 1655 γματος,
469 1581 591 1638 εἶτα
605 1584 765 1640 πάλιν
792 1586 871 1648 είς
896 1585 994 1657 τὴν
1023 1586 1200 1654 ἑαυτῷ
1241 1585 1554 1655 πρέπουσαν
1591 1587 1774 1639 εὐτολ-

197 1679 330 1748 μίαν
368 1677 667 1747 ἁναπηδᾷν.
707 1677 802 1730 Ἐκ
826 1677 1029 1730 τούτων
1057 1677 1298 1747 δηλονότι
1319 1679 1412 1730 καὶ
1438 1677 1614 1749 ψυχὴν
1658 1675 1771 1748 εἶχε

190 1770 442 1839 λογικήν.
481 1769 688 1838 ’Ὠσπερ
708 1767 816 1839 γὰρ
841 1767 916 1838 τῷ
945 1769 1196 1838 πεινῆσαι
1223 1768 1383 1839 τυχὸν
1406 1769 1438 1840 ἢ
1467 1770 1636 1841 ἑτέρῳ
1664 1770 1770 1822 τινὶ

1876 579 1962 635 nis
2005 581 2454 645 retardarentur,
2504 591 2871 638 transmutata
2912 583 2966 637 in
3005 583 3185 654 primo
3218 581 3444 636 Christo

1875 672 1940 727 ad
1975 673 2251 727 meliorem
2282 674 2596 744 quemdam,
2617 683 2668 729 et
2689 675 3012 730 diviniorem
3048 684 3249 741 statum
3276 682 3442 728 natu-

1873 776 1933 815 ra
1963 777 1976 816 :
2010 762 2112 817 hoc
2145 765 2343 834 quippe
2374 765 2536 819 modo
2568 773 2622 820 et
2656 780 2764 819 non
2805 766 2916 819 alio
2940 805 2955 828 ,
2989 766 3214 820 remedii
3248 763 3442 816 modus

1874 855 1939 908 ad
1977 870 2078 910 nos
2122 855 2274 926 ipsos
2317 857 2558 911 transire
2593 864 2828 926 poterat.
2871 855 3080 911 Etenim
3115 865 3304 911 natura
3339 857 3445 910 ho-

1875 944 2038 1000 minis
2067 946 2120 999 in
2159 945 2380 999 Christo
2409 932 2479 998 ad
2515 949 2862 1001 novationem
2896 948 3020 1001 vita:
3051 948 3216 1002 veluti
3247 949 3443 1018 primi-

1873 1037 1961 1090 tiae
1999 1037 2328 1092 offerebatur
2359 1055 2371 1091 :
2408 1038 2576 1107 inque
2606 1039 2727 1108 ipso
2759 1047 2812 1094 et
2846 1055 2966 1108 quae
2991 1048 3120 1094 sunt
3158 1057 3319 1111 supra
3353 1059 3445 1097 na-

1873 1133 2052 1180 turam
2095 1128 2294 1181 lucrati
2328 1141 2545 1183 sumus.
2593 1127 2726 1181 Nam
2760 1136 2985 1198 propter
3026 1129 3129 1184 hoc
3162 1142 3216 1184 et
3245 1147 3444 1184 secuno

1873 1220 1978 1274 dus
2023 1219 2196 1273 Adam
2241 1221 2550 1290 appellatus
2598 1227 2683 1275 est
2738 1220 2792 1274 in
2853 1221 3058 1275 divinis
3115 1220 3442 1291 Scripturis.

1873 1307 2338 1374 Quemadmodum
2363 1325 2493 1364 vero
2519 1319 2779 1381 tanquam
2813 1311 2977 1367 homo
3010 1313 3204 1366 esuriit
3240 1320 3291 1367 et
3333 1312 3444 1367 las~

1874 1397 2114 1452 situdine
2143 1399 2368 1462 deiecit,
2399 1401 2480 1454 sic
2507 1408 2561 1454 et
2591 1415 2653 1454 ex
2688 1400 2944 1469 passione
2973 1402 3208 1472 suscipit
3241 1402 3446 1457 tumul-

1872 1497 2020 1550 tum,
2054 1497 2113 1543 ut
2142 1489 2442 1544 humanum
2474 1490 2626 1560 quid.
2659 1489 3094 1546 Perturbabatur
3122 1503 3303 1546 antem
3336 1508 3444 1546 non

1873 1579 2018 1634 sicut
2036 1597 2157 1646 nos,
2181 1582 2274 1637 sed
2293 1593 2520 1637 eatenus
2537 1583 2820 1643 duntaxat.
2837 1592 2896 1636 ut
2918 1597 3084 1639 sensu
3103 1585 3178 1639 rei
3197 1584 3444 1638 nonnihil

1873 1681 2210 1745 tangeretur,
2237 1673 2434 1728 deinde
2467 1674 2652 1728 Statim
2685 1673 2751 1726 ad
2783 1674 3003 1742 dignam
3038 1675 3123 1729 sui
3160 1673 3444 1728 conliden-

1875 1765 2004 1818 tiam
2035 1765 2257 1818 rediret.
2296 1764 2374 1816 Ex
2399 1763 2484 1817 his
2520 1764 2709 1831 utique
2750 1770 2899 1832 patet
2927 1778 3052 1817 eum
3089 1763 3325 1816 animam
3356 1777 3445 1816 ra-

190 1861 582 1914 τῶντοιούτων
623 1863 959 1930 περιπεσεῖν,
1011 1860 1138 1912 ῐδιον
1189 1860 1290 1930 τῆς
1328 1861 1528 1930 σαρκὸς
1576 1861 1766 1924 πάθος,

1877 1857 2134 1910 tionalem
2160 1855 2440 1909 habuisse.
2463 1853 2532 1909 Ut
2565 1855 2710 1910 enim
2740 1856 2793 1908 in
2819 1855 3173 1909 esuritionem
3203 1862 3332 1924 puta
3359 1854 3444 1908 vel

189 1950 339 2005 οὕτω
361 1953 453 2004 καὶ
480 1951 540 2004 τὸ
565 1951 922 2022 ταράττεσθαι
955 1950 1041 2003 διὰ
1082 1952 1300 2020 μνήμης
1339 1952 1440 2021 τῆς
1492 1952 1599 2005 τῶν
1661 1953 1770 2006 δει-

190 2041 322 2102 νῶν,
353 2039 531 2110 ψυχῆς
563 2039 627 2092 ἂν
665 2040 747 2110 εἵη
775 2039 944 2102 πάθος
991 2039 1092 2108 τῆς
1142 2039 1386 2110 λογικῆς,
1435 2035 1582 2114 ﬁxa!
1635 2042 1772 2114 μόνῃ

190 2133 326 2201 ἡμῖν
348 2131 434 2185 διά
456 2130 564 2184 τῶν
595 2131 946 2201 ἐνθυμήσεων
981 2131 1382 2202 ὲπεισκρίνεται
1420 2133 1626 2204 μνήμῃ.
1659 2132 1768 2186 Ob-

191 2240 282 2274 πω
306 2222 412 2294 γάρ
441 2223 499 2274 ὲν
527 2222 675 2292 αύτῷ
702 2221 779 2292 τῷ
803 2221 1021 2292 σταυρῷ
1046 2222 1270 2291 γέγονεν
1299 2225 1328 2275 ὁ
1349 2225 1603 2296 Χριστός.
1639 2227 1771 2294 Πρό-

188 2331 336 2381 ωρον
360 2309 451 2366 οῦν
485 2313 742 2384 ὑπομένει
763 2314 853 2366 τὸν
884 2313 1130 2384 θόρυϐον,
1158 2315 1653 2386 προαναθεωρήσας
1676 2316 1770 2387 δη-

189 2403 367 2456 λονότι
400 2404 461 2456 τὸ
488 2404 700 2476 μέλλον,
725 2405 915 2474 καὶτῷ
942 2405 1186 2476 λογισμῷ
1223 2406 1356 2476 πρὸς
1387 2406 1486 2478 τὴν
1518 2405 1628 2459 τῶν
1648 2407 1768 2458 ὲσοο

193 2494 374 2564 μένων
409 2497 631 2567 μνήμην
679 2495 1012 2566 ὑπενεχθείς.
1053 2497 1124 2548 Τὸ
1157 2497 1266 2566 γάρ
1291 2497 1390 2567 τῆς
1425 2497 1624 2560 δειλίας
1667 2498 1771 2550 πά-

190 2583 306 2646 θος,
343 2582 464 2636 οὔτε
489 2585 586 2654 τῆς
625 2584 869 2648 ἀπαθοῦς
889 2587 1134 2656 εἴποιμεν
1169 2586 1440 2657 θεότητος,
1494 2586 1618 2640 οὔτε
1663 2585 1768 2658 μὴν

188 2675 295 2743 τῆς
315 2675 515 2744 σαρκός
549 2693 562 2706 ·
593 2675 864 2746 λογισμῶν
897 2677 1006 2748 γάρ
1037 2679 1152 2730 ἐστι
1175 2677 1375 2749 ψυχῆς,
1422 2679 1516 2732 καὶ
1546 2680 1608 2732 ού
1635 2697 1766 2750 σαρ-

190 2766 288 2829 κὸς
316 2765 375 2818 τὸ
403 2768 592 2830 πάθος.
627 2767 690 2821 Εἰ
713 2768 767 2820 δὲ
799 2770 892 2822 καὶ
911 2771 971 2822 τὸ
994 2769 1185 2838 ἄλογον
1219 2770 1340 2840 ἔχον
1382 2770 1561 2842 ψυχὴν
1612 2770 1770 2842 θορυ-

192 2860 372 2916 δεῖται
415 2863 509 2915 καὶ
528 2865 871 2934 ταράττεται,
897 2865 1007 2918 ἀλλ’
1037 2866 1098 2918 ού
1131 2865 1220 2919 διά
1253 2867 1492 2937 μνήμης,
1521 2866 1639 2920 οὐδὲ
1677 2866 1768 2919 λο-

192 2953 472 3024 γισμῷ,τδ
497 2955 755 3025 ἐσόμενον
784 2956 1236 3026 προανασκοποῦν
1257 2958 1427 3022 πάθος
1452 2960 1544 3012 ἐπὶ
1569 2959 1768 3014 δειλίαν

187 3046 437 3116 ἔρχεται,
462 3047 572 3099 ἀλλ’
603 3050 728 3100 ὅταν
751 3049 933 3112 αὐτοῖς
955 3047 1158 3102 ἁλῶναι
1177 3049 1396 3121 γένηται
1416 3052 1528 3112 τοῖς
1556 3055 1764 3116 κακοῖς,

1872 1948 2018 2002 aliud
2045 1947 2311 2017 ejusmodi
2339 1947 2603 2010 incidere,
2635 1947 2854 2016 propria
2885 1954 2969 2001 est
2995 1947 3178 2000 carnis
3205 1945 3441 2010 atl‘ectin,

1871 2040 1951 2094 sic
1981 2045 2035 2094 et
2069 2040 2336 2094 malorum
2368 2039 2628 2094 memoria
2653 2053 2715 2092 ac
2745 2038 3074 2109 cogitatione
3110 2038 3443 2108 perturbari,

1871 2143 2101 2200 prorsus
2131 2131 2329 2184 anima:
2356 2129 2646 2183 rationalis
2673 2127 2886 2184 aﬁ‘ectio
2911 2128 3096 2192 fuerit,
3120 2129 3263 2184 unde
3285 2128 3444 2183 nobis

1871 2238 1966 2293 per
1989 2223 2159 2276 solam
2187 2223 2502 2276 memoriam
2527 2228 2581 2276 et
2603 2221 2987 2291 cogitationem
3016 2237 3138 2276 sese
3163 2222 3444 2275 insinuare

1871 2316 2030 2370 solet.
2062 2313 2318 2369 Nondum
2347 2315 2492 2368 enim
2530 2314 2584 2368 in
2637 2315 2752 2384 ipsa
2796 2329 2963 2369 cruce
3007 2322 3124 2367 erat
3165 2313 3441 2369 Christus.

1870 2409 2037 2480 igitur
2056 2422 2400 2480 praepropere
2421 2420 2473 2464 et
2491 2407 2873 2478 intempestive
2897 2407 3308 2478 perturbatione
3330 2404 3446 2459 alii-

1869 2502 2033 2565 eitur.
2071 2501 2414 2572 prospiciens
2448 2501 2708 2556 videlicet
2744 2501 2887 2570 quod
2923 2501 3165 2553 futurum
3201 2508 3355 2560 erat,
3387 2501 3445 2550 et

1868 2593 2082 2647 ratione
2120 2593 2186 2646 ad
2220 2591 2649 2662 impendentium
2687 2593 3008 2646 memoriam
3034 2593 3313 2659 abreptus.
3338 2587 3444 2642 Ne-

1869 2702 1975 2756 que
2007 2685 2152 2740 enim
2181 2684 2396 2738 timoris
2433 2684 2901 2753 perturbationem
2947 2693 3040 2737 aut
3083 2681 3136 2736 in
3180 2681 3441 2736 deitatem

1871 2777 1978 2847 pati
2025 2777 2300 2838 nesciam.
2355 2783 2448 2828 aut
2506 2775 2557 2828 in
2609 2791 2828 2830 carnem
2865 2775 3060 2851 cadere
3095 2774 3440 2838 dixerimus;

1869 2866 2071 2935 quippe
2088 2874 2170 2920 est
2190 2865 2304 2918 hrec
2324 2866 2557 2920 rationis
2575 2866 2740 2919 animi
2769 2874 2822 2920 et
2851 2881 2957 2920 non
2987 2866 3174 2920 carnis
3197 2864 3438 2919 alfectio.

1869 2956 2024 3024 Quod
2064 2957 2109 3012 si
2135 2964 2185 3011 et
2221 2957 2272 3010 id
2301 2957 2445 3028 quod
2478 2957 2851 3011 irrationalem
2885 2957 3124 3011 animam
3159 2956 3325 3012 habet
3359 2966 3446 3010 tu-

1869 3048 2172 3102 multuatur
2199 3049 2362 3102 etiam
2394 3057 2448 3102 et
2479 3047 2754 3110 turbatur,
2786 3061 2891 3100 non
2920 3053 3102 3100 tamen
3137 3062 3205 3100 ex
3238 3062 3445 3100 memo-

187 3135 316 3186 τότε
347 3135 439 3187 τοῦ
460 3137 718 3206 παρόντος
740 3137 986 3190 κινδύνου
1009 3138 1254 3207 συλλέγει
1281 3139 1431 3209 μόλις
1453 3139 1551 3211 τὴν
1579 3140 1766 3211 αἴσθη-

1874 3140 1953 3193 ria
1979 3183 1992 3205 ,
2039 3155 2216 3209 neque
2266 3155 2333 3194 ex
2371 3138 2795 3193 ratiocinatione
2822 3136 3069 3191 futurum
3096 3137 3444 3206 prospiciens

191 3238 300 3278 σιν.
341 3227 454 3279 Νῦν
482 3228 537 3280 δὲ
569 3232 598 3282 ὁ
629 3229 832 3298 Κύριος
861 3228 1188 3300 θορυϐεῖται,
1208 3233 1306 3284 οὐκ
1343 3231 1400 3298 ἐξ
1444 3227 1518 3285 ὧν
1558 3232 1765 3302 βλέπει,

186 3314 391 3386 ἀλλ’ὲξ
416 3316 489 3376 ὧν
523 3323 854 3391 ἐνθυμεῖται,
903 3323 996 3375 καὶ
1034 3323 1093 3387 ἐξ
1142 3317 1216 3375 ὧν
1267 3324 1560 3394 προσδοκᾷ.
1619 3324 1769 3376 Ἀλλ’

187 3417 312 3470 οὐδὲ
349 3413 547 3468 εἶπενὸ
571 3414 824 3484 Χριστὸς,
869 3415 930 3466 Ἡ
952 3413 1088 3482 σάρξ
1122 3432 1220 3484 μου
1259 3415 1608 3484 τετάρακται,
1643 3415 1769 3469 ἀλλ’

199 3528 218 3556 ι
239 3508 306 3560 Ἥ
335 3506 479 3576 ψυχή
507 3523 658 3576 μου,›
691 3503 788 3574 τὴν
812 3503 921 3558 τῶν
949 3503 1328 3573 αἱρετιζὸντων
1348 3505 1603 3559 ὑπόνοιαν
1625 3522 1766 3575 παρ-

189 3599 520 3667 ωθούμενος.
549 3598 611 3650 Εἰ
635 3597 692 3650 δὲ
725 3598 816 3650 καὶ
837 3599 894 3650 ὲν
927 3599 993 3666 τῇ
1028 3596 1236 3666 Παλαιᾷ
1260 3598 1451 3667 φήσεις
1475 3598 1608 3668 πρὸς
1637 3599 1767 3650 Ἰου-

188 3689 374 3751 δαίους
414 3688 518 3741 ὑπὸ
535 3685 670 3740 Θεοῦ
704 3687 972 3756 εἰρῆσθαι,
1011 3705 1030 3738 ι
1067 3687 1177 3749 Τὰς
1203 3687 1396 3758 ἑορτὰς
1434 3687 1587 3758 ὑμῶν
1617 3691 1768 3757 μισεῖ

189 3781 397 3863 ἡψυχὴ
437 3797 538 3850 μου
573 3796 589 3811 ο
623 3797 642 3830 ι
695 3777 926 3849 ἐροῦμεν
972 3779 1048 3842 ὡς
1084 3781 1198 3842 τοῖς
1251 3779 1546 3850 ἡμετέροις
1589 3779 1766 3833 ἔθεσιν

190 3873 568 3942 ἀποκέχρηται
603 3871 800 3942 μᾶλλον
824 3871 912 3924 διὰ
933 3871 1029 3942 τὴν
1063 3871 1199 3942 πρὸς
1247 3872 1393 3941 ἡμᾶς
1421 3872 1766 3940 συγκαταϐα-

193 3981 304 4024 σιν,
325 3963 515 4032 ὥσπερ
547 3963 640 4016 καὶ
667 3961 949 4031 πρόσωπον
979 3961 1069 4014 καὶ
1094 3961 1405 4031 ὀφθαλμοὺς
1433 3962 1528 4016 καὶ
1561 3963 1628 4015 τὰ
1657 3962 1765 4015 λοι-

192 4056 273 4108 πά
306 4057 484 4109 πάντα
514 4054 647 4125 μέλη
700 4053 998 4126 προσάπτει
1048 4052 1124 4123 τῷ
1158 4054 1435 4124 ἀσωμάτῳ
1482 4071 1762 4124 καταχρη-

193 4148 398 4209 στικῶς
429 4164 442 4178 ·
477 4145 612 4216 μετά
632 4144 689 4198 δὲ
713 4147 811 4213 τὴν
840 4141 1274 4214 ὲνανθρώπησιν,
1315 4147 1364 4196 εί
1412 4143 1556 4197 οὕτω
1609 4144 1760 4216 εἰρῆ-

193 4238 319 4291 σθαι
349 4241 615 4309 φήσομεν,
649 4237 810 4290 εἰκὼν
833 4232 901 4308 ἦν
931 4235 1060 4305 ἀρα,
1093 4237 1188 4289 καὶ
1207 4236 1446 4306 δόκησις,
1477 4237 1571 4290 καὶ
1612 4236 1758 4300 σκιὰ,

191 4331 288 4384 καὶ
335 4331 396 4383 ού
436 4330 576 4383 κατά
621 4328 876 4399 ἀλήθειαν
927 4327 1231 4398 ἄνθρωπος,
1280 4329 1422 4381 κατὰ
1473 4328 1562 4381 τὸν
1605 4328 1761 4383 ἄθεον

187 4427 388 4480 Μάνιν.
423 4424 589 4494 Ὅλην
615 4423 790 4476 τοίνυν
851 4421 958 4475 τῶν
995 4420 1298 4491 ἀνθρώπων
1346 4419 1506 4489 φύσιν
1551 4421 1760 4490 ἥνωσεν

1872 3233 2071 3285 malum
2110 3233 2306 3286 timore
2332 3232 2670 3301 corripitur,
2709 3229 2805 3284 sed
2841 3245 2965 3284 cum
3008 3229 3060 3282 in
3104 3229 3238 3298 ipsis
3283 3230 3444 3283 malis

1870 3323 2203 3392 deprehendi
2246 3323 2516 3392 contigit,
2575 3331 2707 3377 tune
2754 3319 3040 3390 praesentis
3083 3319 3314 3389 periculi
3352 3319 3440 3372 vix

1869 3431 2088 3471 sensum
2118 3416 2364 3484 percipit.
2393 3413 2550 3469 Nunc
2572 3430 2701 3469 vero
2732 3414 2992 3469 Dominus
3029 3412 3304 3476 turbatur,
3333 3430 3442 3467 non

1868 3507 1938 3562 ob
1969 3523 2033 3562 ea
2051 3522 2170 3576 quae
2197 3507 2371 3570 videt,
2400 3505 2494 3559 sed
2525 3506 2594 3560 ob
2620 3521 2681 3560 ea
2726 3521 2848 3574 qua:
2891 3507 3096 3577 cogitat
3137 3514 3190 3559 et
3224 3505 3445 3574 opperi-

1869 3607 1977 3652 tur.
2032 3597 2136 3652 Sed
2180 3613 2355 3667 neque
2392 3596 2527 3650 dixit
2562 3597 2852 3660 Christus,
2889 3597 3030 3651 Caro
3069 3613 3188 3652 mea
3224 3596 3444 3650 turbata

1867 3701 1972 3757 est,
1996 3691 2110 3749 sed.
2132 3691 2325 3744 Anima
2346 3705 2482 3753 mea,
2513 3691 2872 3744 sectariorum
2895 3690 3264 3758 suspicionem
3295 3705 3446 3742 amo-

1869 3785 2024 3838 liens.
2046 3781 2200 3848 Quod
2229 3780 2273 3836 si
2307 3781 2537 3850 objicics
2565 3782 2618 3834 in
2643 3779 2834 3835 Vetere
2854 3774 3209 3835 Testamento
3237 3777 3442 3834 Judaeis

1867 3875 2074 3930 dictum
2124 3891 2246 3930 esse
2301 3889 2332 3928 a
2379 3871 2536 3939 Deo,
2595 3891 2614 3924 ι
2653 3871 2812 3928 Festa
2863 3878 3046 3927 vestra
3091 3870 3205 3926 odit
3259 3868 3442 3926 anima

1866 3980 2006 4028 mea,
2040 3982 2057 4014 ι
2087 3963 2332 4018 dicemus
2361 3978 2485 4017 eum
2519 3960 2594 4016 uti
2629 3963 2890 4016 libentius
2924 3961 3132 4016 nostris
3168 3961 3438 4026 moribus,

1866 4063 2087 4125 propter
2111 4055 2403 4123 quamdam
2429 4093 2443 4117 ,
2477 4065 2534 4107 ut
2571 4053 2644 4107 ita
2678 4055 2892 4124 loquar,
2927 4054 3212 4108 nobiscum
3235 4054 3439 4107 conde-

1866 4147 2208 4200 scensionem
2236 4185 2252 4208 ,
2288 4147 2430 4200 sicut
2485 4153 2539 4200 et
2583 4145 2775 4200 faciem
2817 4152 2872 4199 et
2909 4146 3096 4199 oculos
3134 4154 3187 4199 et
3226 4145 3438 4214 reliqua

1864 4237 2049 4292 omnia
2085 4237 2328 4290 membra
2365 4235 2573 4305 aliingit
2612 4236 2936 4304 incorporeo
2976 4235 3204 4289 abusive
3241 4253 3255 4288 :
3313 4242 3438 4304 post

1865 4327 2299 4383 incarnationem
2331 4342 2462 4381 vero
2505 4335 2558 4380 et
2611 4326 3001 4380 humanitatem
3048 4334 3391 4397 assumptam
3418 4368 3434 4390 ,

1865 4419 1909 4474 sl
1944 4421 2016 4473 ita
2047 4418 2253 4473 dictum
2283 4435 2404 4474 esse
2428 4419 2696 4484 dicamus,
2730 4418 2831 4471 fuit
2859 4416 3047 4488 utique
3079 4421 3256 4490 imago
3286 4436 3438 4490 qua:-

188 4517 366 4586 ἑαυτῷ
395 4518 424 4569 ὀ
449 4515 542 4569 τοῦ
585 4516 720 4569 Θεοῦ
746 4514 918 4583 Λόγος
949 4514 1034 4566 ἵνα
1065 4513 1184 4566 ὅλον
1209 4511 1358 4584 σώσῃ
1413 4511 1504 4565 τὸν
1554 4511 1760 4581 ἀνθρω-

1867 4511 1988 4565 dam
2009 4552 2023 4577 ,
2050 4518 2104 4564 et
2132 4511 2303 4575 visio,
2344 4519 2398 4565 et
2431 4510 2620 4564 umbra
2644 4549 2658 4570 ,
2694 4525 2802 4563 non
2833 4517 3012 4566 autem
3047 4528 3210 4566 verus
3235 4509 3397 4566 homo
3418 4553 3435 4579 ,

187 4625 311 4661 πον.
347 4609 413 4659 Ὃ
434 4607 543 4677 γάρ
575 4605 648 4676 μὴ
672 4605 1082 4675 προσείληπται,
1113 4603 1232 4656 οὐδὲ
1258 4602 1543 4655 σέσωσται.
1578 4600 1760 4654 Εἰπὼν

191 4701 375 4770 μέντοι
429 4699 508 4761 τὸ,
566 4719 584 4750 ι
631 4696 951 4767 Ἐταράχθη,
987 4715 1004 4747 ι
1057 4695 1118 4747 ού
1175 4696 1373 4765 σιωπᾷ,
1409 4694 1521 4748 ἀλλ’
1560 4696 1640 4757 εἰς
1670 4693 1761 4746 εύ-

185 4790 416 4860 τολμίαν
446 4788 806 4860 μεταπλάττει
839 4787 897 4839 τὸ
920 4786 1111 4849 πάθος,
1142 4785 1235 4838 καὶ
1267 4785 1548 4855 μονονουχί
1574 4800 1757 4856 φησιν’

187 4878 354 4930 Οὐδέν
383 4880 498 4930 ὲστι
534 4879 593 4929 τὸ
622 4876 912 4929 ἀποθανεῖν
943 4891 958 4906 ⁶
997 4875 1131 4929 ἀλλά
1156 4875 1244 4927 διὰ
1284 4875 1442 4928 τοῦτο
1487 4875 1762 4947 ἐπέτρεψα

185 4972 256 5039 τῇ
293 4969 457 5040 σαρκὶ
480 4969 542 5020 τὸ
573 4967 856 5024 δειλιάσαι.
901 4966 989 5018 ἵνα
1024 4965 1491 5034 μεταστοιχειὼσω
1542 4968 1622 5029 είς
1668 4967 1760 5019 εύο

186 5059 435 5129 τολμίαν.
459 5054 663 5110 Ἷιλθον
684 5059 796 5118 τοῖς
827 5057 918 5107 ἐπὶ
947 5056 1050 5125 γῆς
1074 5053 1170 5124 τὴν
1202 5053 1347 5125 ζωὴν
1374 5055 1758 5124 κατορθώσων,

185 5151 269 5203 διὸ
298 5152 394 5203 καὶ
428 5149 564 5221 πρὸς
593 5149 653 5202 τὸ
686 5149 878 5202 παθεῖν
915 5149 1309 5218 ηύτρέπισμαι.
1356 5148 1508 5200 Αίτεῖ
1567 5148 1624 5200 δὲ
1669 5147 1760 5200 τὸν

189 5243 431 5314 Πατέρα,
463 5243 558 5295 καὶ
605 5243 665 5294 τὸ
693 5241 792 5310 τῆς
819 5241 981 5310 εὐχῆς
1020 5241 1202 5310 σχῆμα
1225 5239 1496 5301 διατυποῖ,
1537 5239 1635 5309 οὐχ
1683 5241 1760 5300 ὡς

183 5335 486 5396 ἀδυνατῶν,
500 5337 528 5387 ὁ
544 5334 720 5386 πάντα
740 5333 935 5402 ἰσχύων
950 5375 964 5396 ,
986 5333 1096 5384 ἀλλ’
1112 5332 1186 5396 ὡς
1200 5322 1294 5387 ἄνθ
1303 5349 1484 5402 ρωπος
1505 5331 1570 5383 τὰ
1589 5331 1759 5400 μείζω

182 5431 217 5500 ἢ
244 5429 382 5481 κατὰ
415 5427 702 5498 ἄνθρωπον
717 5427 898 5497 νέμων
925 5429 988 5496 τῇ
1016 5425 1134 5497 θείᾳ
1168 5425 1349 5495 φύσει,
1402 5427 1506 5478 οὐκ
1546 5426 1650 5492 ἐξω
1684 5425 1759 5477 ὢν

183 5519 385 5589 ταύτης
415 5519 547 5572 ὅταν
578 5516 716 5587 καλῇ
749 5516 838 5568 τὸν
861 5515 1079 5586 Πατέρα
1118 5515 1206 5568 τὸν
1232 5516 1381 5574 ἴδιον,
1417 5514 1544 5567 ἀλλ’
1603 5515 1758 5578 εἰδὼς

180 5608 370 5662 suae:
399 5606 616 5676 Πατρδς
651 5606 743 5658 καὶ
781 5605 910 5658 Υἰοῦ
949 5606 1065 5674 ἣξει
1097 5606 1130 5676 ἡ
1170 5607 1228 5657 ἐν
1257 5605 1421 5658 παντὶ
1473 5605 1756 5674 πράγματι

178 5697 406 5766 δύναμις
435 5697 531 5750 καὶ
548 5696 677 5763 δόξα
707 5711 722 5725 ·
751 5695 860 5748 εἴτε
895 5714 913 5746 ι
951 5695 1181 5761 Δόξασόν
1201 5713 1295 5749 σου
1325 5695 1416 5748 τὸν
1447 5694 1572 5749 Υἱὸν
1599 5716 1615 5745 ι
1646 5696 1757 5766 ἔχει

179 5791 456 5861 ΰΓγραφὴ
484 5830 498 5854 ,
531 5788 644 5841 εἴτε
697 5804 716 5839 ‹
755 5787 984 5853 Δόξασόν
1044 5805 1132 5842 σου
1185 5786 1242 5840 τὸ
1278 5788 1466 5858 ὄνομα,
1507 5809 1523 5840 ι
1567 5792 1755 5844 ταυτὸν

1863 4602 2164 4657 secundum
2202 4601 2429 4670 impium
2463 4600 2690 4656 Manem.
2730 4602 2910 4668 Quare
2952 4613 3117 4657 totam
3152 4603 3434 4657 hominum

1863 4698 2113 4746 naturam
2144 4691 2321 4744 univit
2355 4691 2460 4746 sibi
2495 4690 2585 4746 Dei
2620 4690 2854 4746 Verbum
2899 4734 2912 4754 ,
2957 4703 3014 4744 nl
3049 4702 3222 4747 totum
3260 4694 3436 4747 homi-

1861 4797 1985 4836 nem
2038 4791 2302 4837 servaret.
2356 4781 2509 4848 Quod
2547 4785 2691 4836 enim
2731 4800 2838 4837 non
2887 4784 3046 4854 705
3091 4792 3173 4838 est
3215 4800 3432 4838 assum-

1863 4885 2012 4944 ptum
2042 4914 2057 4940 ,
2103 4890 2278 4944 neque
2323 4883 2406 4929 est
2461 4886 2757 4931 servatum.
2812 4875 3105 4946 Propterea
3163 4877 3252 4930 ubi
3293 4877 3432 4930 dixit

1863 4966 1967 5019 hoc
1990 5006 2004 5027 ,
2043 4985 2062 5017 ι
2096 4965 2334 5020 Turbata
2367 4975 2449 5021 est
2475 5009 2490 5032 ,
2523 4986 2539 5018 ι
2582 4984 2690 5021 non
2727 4968 2887 5031 silet,
2931 4968 3022 5022 sed
3057 4969 3429 5036 perturbatio-

1861 5071 1984 5109 nem
2022 5055 2166 5108 illam
2201 5056 2254 5109 in
2283 5056 2664 5111 confidentiam
2691 5067 2898 5119 mutat,
2933 5073 2996 5109 ae
3032 5059 3426 5127 propemodum

1861 5149 1976 5202 ait:
2012 5147 2144 5202 Mori
2183 5149 2319 5201 nihil
2347 5156 2450 5212 est,
2483 5164 2671 5203 verum
2703 5149 2825 5202 ideo
2856 5149 3081 5218 permisi
3113 5147 3267 5201 carni
3298 5164 3431 5202 inea:

1859 5241 2057 5296 timore
2095 5241 2269 5303 allici,
2313 5248 2370 5294 ut
2400 5254 2517 5294 eam
2552 5242 2618 5294 ad
2654 5242 3030 5295 fortitudinem
3063 5241 3426 5296 traducerem.

1861 5329 1995 5386 Veni
2035 5337 2094 5384 ut
2133 5331 2456 5385 mortalibus
2497 5332 2658 5384 vitam
2698 5333 3062 5384 instaurarem
3088 5370 3103 5392 ,
3137 5339 3425 5400 propterea

1861 5441 1945 5479 me
1982 5425 2052 5477 ad
2079 5423 2390 5494 patiendum
2429 5425 2760 5492 comparavi.
2791 5421 2966 5490 Rogat
2993 5431 3173 5477 autem
3208 5422 3424 5479 Patrem

1859 5531 2015 5570 suum
2045 5554 2058 5576 ,
2093 5522 2146 5568 et
2185 5516 2456 5569 orationis
2497 5513 2716 5567 modum
2761 5513 3100 5583 figuramque
3146 5515 3382 5570 delineat
3407 5554 3424 5579 ,

1858 5624 1965 5662 non
2011 5617 2268 5675 tanquam
2307 5607 2577 5676 impotens
2615 5606 2708 5675 qui
2749 5606 2930 5660 omnia
2971 5615 3187 5676 potest,
3231 5605 3324 5661 sed
3366 5614 3424 5660 ut

1860 5701 2021 5755 homo
2056 5716 2175 5769 qua:
2208 5699 2414 5767 majora
2449 5705 2577 5752 sunt
2615 5698 2834 5753 homine
2867 5699 3066 5753 divina:
3105 5707 3313 5752 natura:
3339 5705 3413 5750 at-

1859 5793 2104 5846 tribucus
2129 5831 2142 5854 ,
2188 5806 2292 5844 non
2326 5797 2477 5844 extra
2520 5788 2658 5845 hanc
2692 5791 2909 5861 quidem
2942 5789 3253 5853 cxsistens,
3295 5801 3420 5842 cum
