4010 6320
565 367 628 420 91
1515 362 1572 418 S.
1611 359 1889 418 CYlilLLl
1921 352 2389 410 ALEXANDRINI
2429 355 2745 412 ARCIIIEP.
3733 362 3803 416 93

565 487 718 549 rogat
759 476 977 534 Patrem
1013 493 1210 542 suum,
1253 478 1348 534 sed
1387 482 1576 550 utique
1606 481 1752 550 quod
1792 481 1845 533 iu
1876 477 2023 532 omni
2065 487 2124 528 re

2232 476 2339 528 ἐστι
2367 478 2433 546 τῇ
2457 477 2562 529 τῶν
2584 477 2953 549 θεωρημάτων
2978 476 3248 548 ἀκριϐείᾳ.
3283 480 3470 547 Ὅμως
3509 478 3536 530 6
3565 479 3800 548 Χριστὸς

561 586 658 641 per
683 569 897 625 Patrem
932 576 986 623 et
1011 567 1206 623 Filium
1247 571 1511 640 procedat
1555 573 1737 626 omnis
1783 576 2028 640 potestas
2073 574 2128 622 et

563 665 737 718 honor
761 703 777 728 ,
805 661 972 730 probe
999 661 1182 716 sciens
1212 680 1226 717 :
1260 663 1376 718 sive
1409 683 1426 714 ε
1467 662 1716 716 Clarifica
1743 661 1941 715 Filium
1975 680 1992 711 ι
2030 660 2127 714 ha-

563 749 652 802 bet
681 748 986 818 Scriptura,
1015 751 1131 806 sive
1173 770 1192 802 ι
1225 751 1477 806 Clariﬂca
1505 766 1700 806 nomen
1727 760 1878 806 tuum
1907 791 1922 813 ,
1959 770 1978 802 ι
2023 750 2127 804 hoc

559 839 909 896 exactissime
935 843 1236 910 speculanti
1263 844 1403 899 idem
1433 852 1536 900 est.
1560 844 1849 898 Enimvero
1871 843 2127 898 Christus

561 939 745 1000 spreta
773 940 949 989 morte
968 943 1022 988 et
1043 935 1314 1005 passionis
1340 935 1659 1006 ignominia,
1689 937 1806 991 sola
1844 950 1972 990 vero
2001 934 2127 989 inde

559 1034 842 1075 emersura
884 1023 1170 1078 commoda
1200 1025 1443 1087 intuens,
1464 1023 1803 1094 jamjatnque
1832 1021 2128 1094 aufugien-

561 1116 666 1160 tem
714 1124 744 1163 e
791 1109 970 1164 medio
1019 1121 1191 1167 morte
1229 1128 1342 1168 sua:
1379 1113 1567 1168 carnis
1605 1114 1850 1168 omnium
1894 1119 2125 1166 mortem

563 1198 871 1266 aspiciens,
907 1211 1070 1272 atque
1112 1204 1435 1260 abolendam
1473 1204 1719 1259 funditus
1752 1203 2127 1272 corruptionis

563 1292 890 1358 potentiam,
915 1293 1265 1364 hominisque
1297 1303 1550 1349 naturam
1589 1295 1848 1365 deinceps
1883 1295 2130 1348 novitate

563 1381 688 1433 vita:
711 1381 1138 1449 reformandam,
1170 1392 1380 1439 tantum
1410 1400 1517 1439 non
1549 1385 1616 1439 ad
1642 1384 1810 1440 Deum
1834 1396 1886 1441 et
1908 1384 2126 1438 Patrem

563 1470 679 1524 hare
710 1473 866 1526 verba
905 1473 1035 1528 facit
1068 1494 1082 1528 :
1134 1475 1247 1531 Etsi
1295 1480 1508 1546 pigrqu
1551 1477 1617 1530 ad
1650 1478 1966 1548 patiendum
1999 1492 2132 1531 cor--

565 1577 665 1629 pus
686 1602 715 1637 ,_
754 1579 787 1616 ο
820 1563 978 1619 Pater
1002 1605 1017 1630 ,
1067 1575 1124 1620 et
1158 1567 1477 1621 reformidat
1518 1578 1747 1623 mortem
1778 1585 1898 1639 qua:
1931 1575 2128 1638 praeter

563 1661 820 1709 naturam
841 1664 944 1722 est,
980 1665 1294 1713 nontamen
1328 1671 1753 1716 consentaneum
1781 1661 1998 1716 videtur
2017 1677 2123 1724 me,

564 1753 716 1798 tuum
741 1761 1074 1804 assessorem
1088 1757 1142 1805 et
1176 1750 1230 1804 in
1260 1765 1452 1807 omnes
1485 1753 1772 1822 imperium
1808 1753 2122 1818 habentem,

565 1835 827 1890 insolenti
869 1835 1182 1892 Judaeorum
1233 1840 1479 1896 audacia:
1512 1841 1732 1897 dedere.
1770 1841 1967 1897 Verum
1997 1843 2126 1913 quia
2159 1827 2204 1882 Β

563 1940 629 1979 eo
661 1927 874 1994 deveni,
908 1947 928 1980 ι
961 1930 1212 1984 Clariﬁra
1234 1929 1455 1998 Filium,
1491 1952 1509 1983 ι
1545 1932 1598 1986 id
1626 1941 1751 1996 est,
1786 1949 1854 1989 ne
1887 1935 1954 1989 ad
1991 1950 2131 1989 mor-

565 2025 670 2072 tem
704 2027 923 2074 euntem
959 2022 1278 2092 impedieris
1313 2043 1326 2078 :
1358 2039 1538 2080 annue
1567 2032 1672 2079 tua:
1703 2027 1968 2096 genitura:
1997 2044 2130 2097 pro-

565 2118 686 2177 pter
713 2125 1004 2167 commune
1031 2116 1274 2168 omnium
1300 2116 1522 2170 bonum.
1555 2116 1711 2182 Quod
1741 2133 1870 2173 vero
1897 2134 2132 2190 evange-

565 2198 692 2250 lista
709 2199 936 2267 gloriam
965 2201 1095 2256 alibi
1128 2212 1346 2258 crucem
1377 2206 1689 2275 appellavit,
1710 2222 1774 2260 ex
1802 2208 1922 2276 ejus
1947 2208 2130 2264 verbis

561 2289 754 2344 dicens
780 2310 794 2346 :
835 2309 853 2342 ι
881 2290 1132 2348 Nondum
1155 2296 1300 2350 enim
1323 2304 1440 2351 erat
1467 2297 1710 2364 Spiritus
1734 2306 1978 2364 sanctus,
2002 2299 2129 2369 quia

565 2380 810 2434 nondum
831 2379 992 2437 Jesus
1015 2383 1348 2440 clarificatus
1381 2393 1499 2440 erat
1522 2386 1589 2438 ⁸³.
1624 2405 1642 2437 ι
1690 2384 1750 2439 lu
1781 2387 1981 2456 quibus
2011 2401 2129 2440 ma-

565 2471 764 2526 nifeste
806 2473 1128 2528 crucifixum
1184 2491 1308 2531 esse
1365 2477 1724 2531 clarificatum
1763 2478 1918 2532 dicit.
1944 2477 2130 2534 Gloria

563 2576 694 2614 vero
723 2578 880 2616 crux.
909 2563 1020 2617 Etsi
1039 2564 1182 2618 enim
1212 2572 1454 2634 tempore
1480 2568 1752 2635 passionis
1783 2566 1980 2622 multas
2006 2583 2130 2622 con-

565 2655 817 2710 tumelias
846 2657 1068 2724 pertulit
1099 2672 1316 2710 summa
1348 2659 1639 2712 tolerantia
1665 2665 1718 2713 et
1744 2667 1956 2726 Sponte,
1986 2668 2128 2714 tam-

561 2745 664 2798 etsi
693 2746 841 2816 quia,
877 2763 1002 2800 cum
1037 2755 1220 2818 posset
1263 2763 1374 2802 non
1409 2750 1542 2819 pati,
1579 2757 1801 2819 propter
1833 2765 1933 2807 nos
1979 2751 2123 2805 ultro

563 2837 701 2890 mori
731 2839 1012 2902 sustinuit,
1039 2847 1260 2908 propter
1285 2841 1518 2894 aliorum
1544 2841 1895 2895 commodum
1923 2842 1975 2895 id
1999 2841 2130 2896 sub-

564 2927 642 2982 ire
663 2969 677 2991 ,
726 2945 951 2984 summae
980 2931 1150 2984 animi
1183 2931 1517 3000 praestantiae
1559 2943 1612 2986 et
1643 2947 1913 3002 suprema:
1942 2933 2132 3003 gloriae

565 3021 913 3076 tribuendum
944 3031 1047 3077 est.
1078 3022 1199 3076 Alio
1228 3023 1394 3078 etiam
1425 3023 1582 3077 modo
1613 3023 1846 3094 gloriam
1872 3039 2131 3080 consecu-

565 3121 654 3166 tus
687 3121 770 3167 est
797 3112 1004 3168 Filius:
1032 3114 1179 3183 quod
1211 3115 1356 3168 enim
1389 3121 1618 3169 mortem
1653 3116 1967 3184 superavit,
2004 3132 2125 3171 eum

562 3203 730 3254 vitam
766 3216 887 3256 esse
925 3212 978 3256 et
1010 3201 1206 3256 Filium
1247 3202 1340 3258 Dei
1373 3204 1609 3259 viventis
1642 3205 2022 3274 cognovimus.
2063 3206 2130 3262 Et

565 3292 904 3362 gloriﬁcatur
937 3292 1098 3349 Pater
1137 3310 1262 3349 cum
1311 3295 1473 3350 talem
1521 3295 1718 3351 habere
1749 3294 1943 3350 Filium
1974 3312 2041 3352 ex
2069 3313 2130 3352 se

567 3383 804 3450 genitum
825 3424 840 3447 ,
863 3383 1041 3453 qualis
1063 3384 1150 3438 hic
1175 3391 1279 3450 est,
1305 3386 1663 3454 conspicitur.
1700 3385 1768 3440 At
1799 3402 1926 3443 vero
1953 3387 2130 3444 bonus

569 3474 729 3546 706
744 3482 846 3540 est;
871 3485 925 3531 et
949 3477 1150 3542 lumen,
1170 3484 1223 3531 et
1247 3476 1353 3530 vita
1373 3484 1425 3530 et
1450 3488 1620 3532 morte
1634 3480 2118 3547 potentior.omnia

566 3582 906 3637 quaecunque
937 3567 1063 3622 velit
1093 3568 1318 3622 faciens.
1347 3567 1483 3623 Cum
1518 3585 1644 3624 vero
1671 3570 1843 3624 dicit:
1880 3570 2129 3626 Clarilica

568 3654 766 3711 Filium
789 3667 960 3725 tuum,
995 3678 1012 3709 ι
1051 3659 1151 3712 hoc
1177 3659 1291 3713 ait:
1321 3658 1573 3715 Concede
1607 3661 1735 3714 mihi
1769 3663 1880 3730 pati
1903 3663 2130 3718 volenti.

567 3746 686 3802 Non
730 3749 874 3803 enim
918 3750 1036 3805 sine
1071 3751 1350 3805 voluntate
1381 3760 1434 3806 et
1473 3752 1710 3806 consilio
1745 3751 1904 3807 Pater
1935 3752 2132 3806 Filium

567 3841 714 3895 dedit
743 3841 809 3895 ad
841 3855 1065 3897 mortem
1086 3885 1100 3910 ,
1139 3843 1232 3897 sed
1265 3852 1460 3911 sponte
1489 3857 1586 3911 pro
1618 3843 1730 3897 vita
1758 3845 1944 3897 mundi
1976 3860 1989 3894 :
2030 3845 2135 3915 igi-

570 3942 658 3986 tur
703 3935 1015 3988 consentire
1056 3946 1108 3988 et
1151 3951 1394 3990 annuere
1431 3935 1679 3999 Patrem,
1721 3936 1869 3990 velut
1908 3937 2133 3993 donatio

570 4024 839 4078 honorum
886 4026 1047 4081 nobis
1095 4028 1362 4096 appellata
1408 4035 1516 4082 est.
1565 4026 1699 4080 Nam
1748 4043 1847 4098 pro
1892 4032 2137 4098 passione

570 4112 708 4168 dixit
741 4115 989 4187 gloriam,
1019 4117 1146 4188 quia
1173 4128 1227 4172 et
1259 4119 1361 4172 hoc
1390 4118 1717 4172 imitandum
1751 4120 1908 4176 nobis
1935 4138 2137 4194 propo-

571 4205 690 4270 nit;
739 4208 942 4277 quippe
990 4211 1200 4279 precari
1242 4219 1459 4280 oportet
1498 4217 1558 4264 ut
1595 4225 1701 4264 non
1740 4210 2046 4271 incidamus
2082 4217 2136 4270 in

570 4298 958 4364 tentationem,
995 4301 1084 4355 ubi
1116 4317 1244 4354 vero
1277 4299 1668 4364 iuciderimus,
1695 4318 1960 4372 generose
1996 4305 2139 4362 ferre

571 4404 668 4443 nec
702 4393 946 4455 resilire,
986 4401 1038 4444 et
1083 4407 1241 4446 orare
1278 4401 1336 4446 ut
1377 4391 1432 4446 in
1481 4390 1647 4445 Deum
1691 4410 1995 4453 servemur.
2033 4399 2138 4460 Sed

2232 569 2647 639 καταφρονήσας
2679 570 2770 622 τοῦ
2807 569 3034 622 Θανάτου
3081 569 3294 637 καὶτῆς
3343 571 3406 622 ἐκ
3459 568 3552 622 τοῦ
3607 568 3803 622 παθεῖν

2231 658 2512 730 αἰσχύνης,
2551 661 2685 729 μόνα
2713 661 2767 713 δὲ
2796 662 2861 713 τὰ
2906 662 2971 713 ἐκ
2997 661 3090 713 τοῦ
3135 660 3326 714 παθεῖν
3361 660 3577 713 σκοπῶν
3601 677 3802 728 κατορ-

2234 750 2480 820 θώματα,
2542 753 2635 804 καὶ⁸
2672 754 2796 805 ὅσον
2829 750 3044 805 οὐδέπω
3070 753 3133 805 ὲκ
3174 752 3338 822 μέσου
3381 751 3664 822 βαδίζοντα
3710 751 3804 804 διὰ

2232 845 2322 896 τοῦ
2351 843 2581 896 θανάτου
2616 846 2712 913 τῆς
2746 844 2879 905 ἰδίας
2913 843 3114 913 σαρκὸς
3138 843 3232 896 τὸν
3260 843 3514 897 ἀπάντων
3568 843 3801 896 θάνατον

2235 935 2468 1005 βλέπων,
2513 935 3000 1006 ἀναιρεθησὸμενόν
3027 953 3085 988 τε
3127 935 3402 998 παντελῶς
3427 934 3487 987 τὸ
3517 935 3614 1003 τῆς
3664 934 3800 1002 φθο-

2234 1027 2332 1096 ρᾶς
2370 1026 2566 1093 κράτος
2587 1027 2680 1080 καὶ
2703 1026 2801 1096 τὴν
2839 1025 3124 1096 ἀνθρώπου
3165 1025 3325 1095 φύσιν
3375 1023 3801 1094 ἀναμορφουμέ-

2231 1133 2329 1184 νην
2383 1118 2484 1187 ήδη
2526 1118 2711 1171 λοιπόν
2763 1118 2898 1188 πρὸς
2946 1119 3238 1189 καινότητα
3293 1119 3458 1188 ζωῆς.
3510 1117 3647 1188 πρὸς
3703 1116 3796 1168 τὸι

2231 1207 2364 1262 Θεὸν
2395 1211 2489 1262 καὶ
2514 1209 2733 1280 Πατέρα
2763 1209 2896 1280 φησὶ
2927 1209 3209 1280 μονονουχί
3233 1224 3247 1238 °
3271 1210 3335 1262 Εί
3366 1209 3459 1263 καὶ
3484 1207 3712 1278 ὀκνηρὸν
3735 1207 3802 1259 τὸ

2234 1299 2392 1369 σῶμα
2443 1300 2577 1371 πρὸς
2634 1301 2695 1354 τὸ
2747 1300 2960 1363 παθεῖν,
2999 1295 3043 1354 ὦ
3096 1301 3298 1372 Πάτερ,
3338 1299 3472 1353 δέδιε
3498 1299 3555 1352 δὲ
3587 1297 3802 1352 καὶτὸν

2233 1391 2383 1462 παρά
2407 1392 2567 1460 φύσιν
2595 1393 2840 1456 θάνατον,
2877 1393 3012 1447 ἀλλά
3048 1393 3142 1446 καὶ
3190 1393 3287 1462 οὑχ
3337 1386 3448 1445 οἷόν
3497 1407 3614 1453 πως
3657 1385 3800 1442 εἶναι

2230 1483 2376 1536 δοκεῖ
2405 1485 2513 1546 τοῖς
2543 1483 2650 1536 τῶν
2690 1483 2960 1536 Ἰουδαίων
2995 1480 3447 1554 ἐμπαροινεῖσθαί
3479 1497 3545 1550 με
3603 1477 3803 1546 τολμή·

2235 1592 2368 1645 μασι
2391 1575 2480 1628 τὸν
2511 1575 2603 1628 σὸν
2631 1575 2885 1646 σύνεδρον
2926 1575 3022 1628 καὶ
3059 1575 3120 1628 τὸ
3160 1574 3300 1628 κατὰ
3343 1574 3559 1628 πάντων
3603 1571 3800 1641 ἔχοντα

2233 1667 2453 1736 κράτος.
2482 1666 2628 1738 Πλὴν
2648 1667 2875 1738 ἐπείπερ
2899 1669 3135 1737 ἀφῖγμαι
3160 1666 3298 1737 πρὸς
3341 1664 3521 1727 τοῦτο,
3575 1681 3594 1714 ‹
3627 1661 3797 1728 Δόξα-

2236 1758 2327 1812 σόν
2365 1775 2456 1811 σου
2483 1759 2573 1812 τὸν
2602 1758 2750 1822 Υίὸν,
2786 1777 2806 1810 ›
2837 1758 2992 1811 τοῦτ’
3038 1757 3152 1810 ἐστι
3184 1757 3259 1828 μὴ
3282 1753 3617 1825 διακωλύσῃς
3650 1753 3800 1807 ίόντα

2228 1853 2362 1922 πρὸς
2393 1851 2621 1906 θάνατον
2650 1870 2662 1882 ·
2688 1849 3121 1919 συγκατάνευσον
3150 1848 3228 1920 τῷ
3256 1848 3333 1920 σῷ
3377 1849 3672 1918 γεννήματι
3707 1845 3799 1899 διά

2226 1944 2286 1997 τὸ
2307 1946 2440 1997 πᾶσι
2477 1943 2769 2006 λυσιτελές.
2806 1943 2929 1997 Ὀτι
2949 1943 3007 1997 δέ
3040 1942 3198 2008 δόξαν
3225 1941 3254 1995 6
3291 1939 3680 2008 εὑαγγελιστὴς
3703 1937 3799 1989 καὶ

2228 2035 2454 2105 ἑτέρωθί
2499 2051 2601 2087 που
2633 2035 2725 2087 τὸν
2757 2033 2985 2105 σταυρὸν
3018 2033 3297 2100 ἀπεκάλει,
3348 2029 3565 2103 μαθήσῃ
3608 2029 3796 2096 λέγον-

2227 2143 2316 2189 τος
2345 2125 2508 2180 αὑτοῦ
2545 2137 2560 2156 δ
2599 2144 2618 2177 ι
2648 2125 2814 2179 Οὔπω
2832 2126 2938 2197 γάρ
2966 2121 3033 2197 ἦν
3073 2125 3298 2195 Πνεῦμα
3327 2123 3500 2192 ἅγιον,
3553 2123 3638 2176 ὅτι
3688 2123 3799 2191 ἰη-

2230 2222 2356 2286 σοῦς
2411 2221 2565 2276 οὐπω
2619 2221 2900 2291 ἐδοξάσθη.
2944 2239 2964 2272 ‹
2998 2219 3192 2288 Σαφῶς
3233 2218 3344 2289 γάρ
3375 2217 3433 2270 ἐν
3481 2214 3693 2277 τούτοις
3731 2212 3795 2266 τὸ

2229 2311 2626 2383 ἐσταυρῶσθαι,
2663 2313 2725 2366 τὸ
2747 2314 3004 2382 ἐδοξάσθη
3055 2311 3205 2383 φησι.
3232 2309 3370 2375 Δόξα
3399 2309 3456 2362 δέ
3477 2311 3504 2362 ὁ
3543 2305 3793 2376 σταυρός.

2228 2405 2419 2477 Είγάρ
2449 2404 2648 2477 καίπερ
2674 2407 2815 2459 κατὰ
2848 2404 2937 2458 τὸν
2965 2403 3062 2456 τοῦ
3117 2401 3322 2464 πάθους
3384 2399 3572 2468 καιρὸν
3628 2393 3801 2449 πολλά

2229 2497 2529 2567 ἐφύδριστα
2559 2497 2849 2566 ὑπέμεινεν
2870 2494 3202 2562 ὰνεξικακῶν
3231 2491 3391 2555 ἐκὼν,
3431 2491 3556 2544 ἀλλ’
3613 2487 3672 2554 ἐξ
3723 2481 3801 2541 ὧν

2229 2588 2522 2657 δυνάμενος
2552 2586 2625 2659 μὴ
2657 2585 2870 2650 παθεῖν,
2902 2584 3108 2653 ὑπέστη
3162 2583 3240 2636 δι’
3287 2583 3434 2654 ἡμᾶς
3477 2579 3803 2642 ἐθελουσίως

2227 2679 2288 2732 τὸ
2313 2679 2503 2744 πάθος,
2534 2679 2634 2748 τῆς
2662 2677 2945 2748 ὑπεράγαν
2969 2675 3116 2730 ἐστὶν
3136 2672 3536 2742 εὐσπλαγχνίας
3563 2671 3657 2724 καὶ
3700 2671 3803 2741 τῆς

2229 2769 2489 2824 ἀνωτάτω
2526 2769 2704 2838 δόξης,
2735 2769 2798 2821 τὸ
2849 2767 2915 2820 δι’
2955 2766 3129 2820 ἀλλων
3175 2765 3443 2834 ὠφέλειαν
3503 2761 3803 2830 ὑποστῆναι

2228 2861 2404 2916 τοῦτο.
2433 2861 2627 2929 Γέγονε
2656 2859 2714 2912 δὲ
2743 2859 2835 2912 καὶ
2862 2859 3032 2929 ἑτέρῳ
3056 2859 3242 2929 τρόπῳ
3265 2860 3322 2911 ἐν
3349 2853 3560 2924 εὐδοξίᾳ
3585 2854 3614 2908 6
3635 2851 3766 2916 Υἱός
3783 2865 3799 2882 ⁶

2227 2953 2294 3008 δι’
2322 2947 2398 3007 ὧν
2432 2955 2540 3022 γὰρ
2565 2952 2942 3024 κατεκράτησε
2982 2951 3075 3006 τού
3107 2951 3360 3012 θανάτου,
3424 2949 3669 3018 ἔγνωμεν
3710 2945 3805 2998 αὑ-

2228 3044 2319 3099 τὸν
2347 3044 2474 3096 ὄντα
2498 3042 2641 3114 ζωὴν
2669 3043 2764 3097 καὶ
2797 3041 2922 3096 Υίὸν
2950 3042 3084 3096 Θεοῦ
3107 3041 3199 3096 τοῦ
3252 3040 3472 3106 ζῶντος.
3512 3037 3805 3102 Δοξάζεται

2155 3160 2198 3219 ο
2229 3135 2344 3188 δὲὸ
2371 3133 2579 3206 Πατὴρ,
2616 3135 2744 3188 ὅταν
2789 3133 3048 3203 φαίνηται
3091 3131 3330 3186 τοιοῦτον
3377 3132 3514 3201 ἔχων
3567 3129 3697 3182 Υἱὸν
3744 3127 3806 3192 οξ

2229 3226 2423 3281 ἑαυτοῦ
2451 3219 2796 3297 γεννηθέντα,
2841 3226 3019 3290 ὁποῖός
3059 3226 3297 3279 ἐστικαὶ
3331 3223 3512 3287 αὐτός.
3555 3221 3711 3274 Ἐστι
3747 3221 3805 3274 δ’

2229 3318 2452 3386 ἀγαθὸς,
2481 3319 2618 3388 φῶς,
2653 3319 2786 3390 ζωὴ,
2825 3321 2919 3374 καὶ
2965 3318 3197 3373 θανάτου
3240 3315 3522 3388 κρείττων,
3563 3313 3657 3367 καὶ
3705 3312 3808 3364 ὃσα

2231 3409 2394 3473 θέλει,
2425 3410 2614 3465 ποιῶν.
2660 3412 2827 3465 ’Ὅταν
2865 3411 2923 3466 δὲ
2981 3412 3152 3483 λέγῃ·
3235 3430 3253 3462 ι
3303 3409 3534 3476 Δόξασὸν
3579 3425 3674 3462 σου
3713 3405 3808 3458 τὸν

2230 3501 2379 3564 Υἰὸν,
2417 3521 2435 3554 ι
2465 3501 2626 3555 τοῦτό
2651 3520 2783 3573 φησι
2813 3521 2826 3535 ·
2847 3503 3286 3571 Συγκατάνευσόν
3326 3519 3414 3572 μοι
3458 3498 3651 3554 παθεῖν
3694 3496 3810 3550 toe-

2231 3594 2394 3648 λοντι.
2427 3594 2501 3646 Οὐ
2530 3594 2640 3664 γὰρ
2665 3594 2976 3664 ἀϐουλήτως
3002 3594 3094 3648 τὸν
3139 3593 3267 3648 Υίὸν
3317 3596 3345 3647 ὁ
3385 3591 3574 3663 Πατὴρ
3603 3590 3809 3644 ἔδωκεν

2232 3687 2312 3748 είς
2345 3685 2592 3748 θάνατον,
2626 3687 2738 3740 ἀλλ’
2765 3686 2906 3741 ἑκὼν
2937 3687 3077 3758 ὑπὲρ
3103 3687 3200 3757 τῆς
3231 3684 3326 3740 τοῦ
3381 3684 3586 3755 κόσμου
3636 3682 3806 3750 ζωῆς-

2235 3775 2307 3828 ¹1’ὸ
2336 3771 2428 3830 οὖν
2445 3775 2771 3845 συνθελῆσαι
2804 3777 2894 3830 τὸν
2923 3777 3162 3848 Πατέρα,
3187 3775 3264 3838 ὡς
3306 3774 3452 3837 δόσις
3494 3773 3809 3842 ὠνόμασται

2233 3866 2364 3935 ἡμῖν
2397 3865 2634 3934 ἀγαθῶν.
2665 3867 2809 3918 Ἀντὶ
2831 3865 2940 3936 γάρ
2965 3865 3059 3918 τοῦ
3083 3864 3299 3920 παθεῖν
3327 3864 3426 3934 τὴν
3449 3862 3638 3926 δόξαν
3661 3857 3804 3922 εἷπε,

2234 3957 2380 4025 λέγει
2405 3957 2462 4010 δὲ
2488 3956 2642 4011 τοῦτο
2669 3957 2762 4011 καὶ
2801 3958 2937 4027 πρὸς
2979 3957 3342 4028 ὑπογραμμὸν
3391 3955 3568 4024 ήμῶν,
3602 3955 3685 4006 ὅτι
3727 3953 3809 4006 δεῖ

2239 4047 2338 4118 μὲν
2364 4047 2614 4118 εὔχεσθαι
2645 4048 2719 4119 μὴ
2753 4049 3013 4118 ἐμπεσεῖν
3044 4048 3125 4110 είς
3164 4045 3490 4116 πειρασμὸν,
3534 4043 3807 4114 ἐμπεσόν-

2235 4157 2330 4202 τας
2345 4140 2403 4194 δὲ
2431 4141 2692 4210 γενναίως
2712 4139 2917 4212 φέρειν,
2937 4139 3028 4195 καὶ
3052 4138 3125 4210 μή
3155 4138 3458 4209 ἀποπηδᾷν,
3486 4135 3812 4207 εὐχεσθαίτε

2238 4233 2318 4295 εἰς
2343 4230 2474 4284 Θεὸν
2502 4231 2761 4302 σωθῆναι.
2799 4231 2956 4284 Ἀλλά
3002 4250 3020 4282 r
3068 4230 3296 4295 Δόξασόν
3329 4247 3420 4283 σου
3460 4229 3521 4281 τὸ
3555 4228 3747 4298 ὄνομα.
3783 4244 3806 4278 ι

2239 4325 2305 4378 Ei
2332 4323 2438 4394 γάρ
2452 4323 2540 4377 διά
2559 4323 2668 4377 τῶν
2687 4322 2942 4376 κινδύνων
2967 4325 3000 4394 ή
3010 4322 3124 4392 μῶν
3161 4321 3447 4392 συμϐαίνει
3485 4319 3812 4386 ὣξασθῆναι

2240 4417 2330 4469 τὸν
2364 4415 2517 4479 Θεὸν,
2547 4415 2722 4468 πάντα
2747 4413 2938 4468 τούτου
2961 4413 3204 4484 τετάχθω
3225 4413 3470 4484 δεύτερα.

575 4497 594 4528 ι
632 4478 883 4582 Cleri-[ica
924 4498 1122 4538 nomen
1169 4494 1341 4539 tuum.
1373 4504 1390 4536 ι
1451 4485 1508 4541 Si
1551 4489 1697 4544 enim
1749 4504 1844 4558 per
1887 4494 2130 4561 pericula
2171 4518 2359 4566 nostra
2390 4510 2665 4582 contingit
2695 4509 2866 4566 Deum
2897 4478 3229 4580 gloriﬁcari,
3270 4509 3456 4562 omnia
3529 4505 3660 4560 huic
3733 4503 3811 4559 rei

568 4569 1025 4638 posthabeantur.

665 4663 992 4728 Enimvero,
1051 4667 1510 4736 quemadmodum
1567 4687 1675 4726 non
1735 4673 1894 4728 aliter
1951 4693 2136 4746 mors,
2179 4692 2219 4744 l)

571 4756 676 4812 nisi
730 4756 1021 4811 Servatorc
1072 4767 1309 4826 mortuo,
1356 4759 1636 4817 destructa
1686 4763 1901 4830 fuisset,
1947 4769 2028 4824 sic
2070 4773 2138 4827 de

571 4862 901 4916 unaquaque
929 4847 1112 4900 carnis
1134 4847 1420 4903 atfectione
1440 4853 1776 4909 censendum
1801 4863 1904 4909 est.
1927 4859 2137 4930 Quippe

572 4938 676 4993 nisi
703 4940 996 4996 timuisset.
1020 4939 1276 4996 immunis
1309 4943 1532 4998 timendi
1567 4955 1764 5000 natura
1789 4948 1932 5003 haud
1963 4953 2132 5006 exsti-

570 5030 726 5083 tisset
777 5049 790 5083 :
844 5029 949 5083 nisi
1002 5031 1365 5086 contristatus
1421 5043 1587 5102 esset,
1634 5054 1906 5107 nusquam
1948 5041 2135 5095 eadem

571 5120 794 5175 tristitia
846 5131 899 5176 et
948 5123 1134 5178 dolore
1184 5128 1628 5182 caruissetznisi
1679 5131 2034 5198 perturbatus
2083 5140 2140 5187 et

573 5212 861 5282 perculsus
922 5212 1146 5278 fuisset,
1198 5233 1470 5287 nusquam
1540 5221 1738 5274 horum
1806 5224 2136 5277 vacuitatetu

575 5316 731 5358 nacta
775 5305 930 5358 foret.
967 5305 1032 5358 Et
1068 5307 1120 5359 in
1171 5324 1502 5379 unoquoque
1547 5327 1741 5366 eorum
1790 5327 1911 5381 qua:
1946 5313 2142 5368 huma-

576 5397 725 5450 nitus
746 5396 898 5460 fiunt,
917 5399 1332 5453 convenientem
1364 5400 1632 5454 rationem
1659 5401 1711 5454 in
1736 5400 1958 5458 Christo
1986 5419 2144 5472 repe-

579 5488 706 5550 ries,
741 5497 1154 5560 commotasque
1180 5491 1364 5545 carnis
1395 5492 1707 5561 passiones,
1745 5507 1857 5548 non
1882 5501 1940 5547 ut
1973 5494 2145 5550 victo-

578 5581 714 5633 riam
749 5581 1082 5643 obtinerent,
1105 5581 1252 5636 velut
1273 5582 1329 5635 in
1353 5581 1536 5645 nobis,
1565 5582 1659 5637 sed
1687 5590 1744 5636 ut
1771 5591 2058 5640 commota:
2091 5585 2144 5640 vi

580 5668 740 5724 Verbi
770 5673 823 5724 in
860 5688 1028 5726 carne
1053 5673 1351 5729 habitantis
1383 5673 1711 5730 sedarentur
1742 5685 1795 5730 ct
1828 5677 2150 5747 comprime-

580 5773 786 5818 rentur.
813 5761 1205 5816 transformata
1237 5762 1290 5816 in
1321 5763 1600 5820 meliorem
1633 5773 1837 5822 statum
1879 5778 2099 5824 natura.

653 5856 698 5887 ⁸³
733 5853 764 5887 IV
813 5870 880 5894 ﬂ..-
914 5868 983 5887 ν..
1055 5853 1120 5884 ’τῆ

2316 4690 2524 4760 Ὠσπερ
2552 4690 2735 4759 μέντοι
2773 4691 2872 4745 οὐκ
2904 4690 3078 4754 ἄλλως
3120 4692 3149 4744 6
3187 4688 3415 4752 θάνατος
3461 4687 3811 4759 κατηργήθηο

2247 4780 2321 4851 μὴ
2355 4780 2715 4844 ἀποθανόντος
2730 4782 2822 4835 τοῦ
2855 4781 3109 4854 Σωτῆρος
3138 4797 3153 4812 ο
3178 4779 3320 4835 οὕτω
3349 4781 3441 4834 καὶ
3465 4780 3549 4849 ἐφ’
3580 4780 3814 4834 ἑκάστου

2242 4872 2349 4926 τῶν
2394 4873 2492 4942 τῆς
2539 4873 2741 4943 σαρκὸς
2777 4873 2983 4927 παθῶν.
3014 4875 3077 4926 Εἰ
3131 4875 3205 4944 μὴ
3237 4873 3344 4944 γάρ
3370 4873 3687 4934 ἐδειλίασεν,
3715 4872 3817 4926 οὐκ

2245 4963 2309 5016 ἂν
2346 4965 2401 5016 ἐν
2427 4963 2706 5036 ἐλευθερίᾳ
2727 4965 2820 5019 τοῦ
2845 4966 3044 5037 δειλιᾷν
3069 4967 3100 5038 ή
3138 4965 3296 5035 φύσις
3319 4965 3540 5032 γέγονεν
3566 4979 3579 4994 ·
3636 4967 3685 5017 εί
3739 4964 3817 5034 μὴ

2243 5054 2506 5126 ἐλυπήθη,
2533 5057 2632 5110 οὐκ
2659 5056 2723 5110 ἂν
2750 5057 3035 5127 ἀπηλλάγη
3064 5056 3158 5111 τοῦ
3179 5056 3463 5110 λυπεῖσθαί
3481 5073 3631 5109 ποτεκ
3649 5057 3698 5108 εῖ
3739 5055 3817 5126 μὴ

2241 5146 2514 5217 ἐταράχθη
2536 5150 2628 5200 καὶ
2649 5148 2905 5220 ἐπτοήθη,
2930 5149 3029 5203 οὐκ
3051 5149 3115 5203 ἂν
3157 5148 3259 5214 ἔξω
3287 5150 3415 5204 ποτέ
3443 5149 3644 5204 τούτων
3691 5149 3818 5217 ἐγέ-

2244 5254 2385 5290 νετο.
2424 5239 2532 5292 Καὶ
2565 5239 2649 5308 ἐφ’
2689 5240 2902 5311 ἑκάστῳ
2945 5241 3053 5294 τῶν
3100 5240 3450 5312 ἀνθρωπίνως
3494 5241 3815 5309 γεγονότων,

2246 5327 2337 5380 τὸν
2365 5329 2527 5382 αὐτὸν
2564 5329 2939 5400 ἐφαρμόζοντα
2985 5331 3142 5398 λόγον
3176 5331 3429 5403 εὑρήσεις
3458 5331 3516 5382 ἐν
3555 5327 3776 5398 Χριστῷ
3800 5341 3814 5355 ⁸

2249 5417 2320 5472 τὰ
2338 5419 2436 5490 τῆς
2457 5419 2657 5488 σαρκὸς
2697 5419 2844 5489 πάθη
2893 5420 3242 5490 κεκινημένα,
3297 5421 3394 5489 οὐχ
3439 5420 3524 5474 ῖνα
3570 5418 3820 5488 κρατήσῃ

2252 5509 2440 5581 ὥσπερ
2473 5510 2566 5564 καὶ
2585 5513 2642 5564 ἐν
2665 5512 2815 5581 ἡμῖν,
2839 5511 2952 5565 ἀλλ’
2983 5512 3071 5565 ἵνα
3091 5511 3377 5581 κινηθέντα
3404 5509 3718 5583 καταργηθῇ
3750 5511 3819 5576 τῇ

2253 5601 2480 5672 δυνάμει
2509 5602 2603 5656 τοῦ
2628 5603 3006 5672 ἐνοικήσαντος
3037 5607 3104 5675 τῇ
3139 5605 3302 5675 σαρκὶ
3335 5605 3527 5675 Λόγου,
3578 5603 3724 5674 πρὸς.
3755 5601 3821 5653 τὸ

2256 5697 2473 5766 ἄμεινον
2497 5695 2957 5768 μεταποιουμένης
2988 5696 3084 5768 τῆς
3113 5696 3344 5766 φύσεως.
