4010 6320
272 353 349 412 93
1058 350 1128 409 IN
1164 348 1503 407 JOANNEM.
1542 379 1613 393 --
1652 346 1778 403 LIB.
1818 344 1906 401 VII
1952 344 2039 401 ET
2081 346 2193 402 VIII
2227 344 2667 401 FRAGMENTA.
3440 355 3509 411 9t

340 475 425 530 οὐ
484 472 562 528 δι’
606 473 712 545 ἐμὲ
756 475 795 544 ἠ
837 471 1007 543 φωνὴ
1039 473 1191 542 αὕτη
1250 472 1517 542 γέγονεν,
1547 470 1706 527 ἀλλὰ
1750 468 1837 522 δι’

2013 466 2130 531 XII,
2160 468 2251 522 '50.
2278 465 2397 521 Non
2424 478 2635 536 propter
2656 482 2738 520 me
2757 466 2869 521 lucc
2887 481 2984 521 vos:
3010 468 3165 533 venit,
3184 469 3274 524 sed
3301 481 3514 541 propter

266 565 445 640 ὑμᾶς.

353 656 772 726 Ἀντεφθὲγγετο
799 656 1058 731 όΠατὴρ,
1090 656 1214 711 καθ’
1254 656 1313 710 δν
1351 651 1459 710 οἶδε
1494 655 1712 727 τρόπον,
1768 651 1844 724 τῷ

269 749 391 816 ἰδίῳ
429 749 553 819 mp,
583 752 662 813 εἰς
691 749 998 820 φιλοτιμίαν
1032 748 1140 802 τῶν
1169 749 1533 820 ἀκροωμένων
1566 748 1665 818 τὴν
1712 748 1844 800 ἐαυ-

262 840 364 894 τοῦ
388 839 641 911 βούλησιν
684 839 952 911 φανερῶν,
994 839 1080 894 ἵνα
1132 838 1492 893 πιστεύσωσιν
1545 837 1846 907 ἀναμφιδό-

263 927 397 991 λως,
424 930 507 982 ὅτι
531 928 660 992 Υἱός
686 930 800 982 ἐστι
831 926 970 981 κατὰ
996 925 1156 997 φύσιν
1184 927 1280 981 τοῦ
1307 926 1441 980 Θεοῦ
1469 926 1563 980 καλ
1612 925 1842 996 Πατρός.

264 1020 534 1091 Διηπόρει
566 1020 621 1074 δέ
644 1021 672 1072 ὁ
695 1019 849 1090 ὄχλος
874 1020 954 1083 εἰς
973 1018 1259 1090 διαφόρους
1295 1018 1549 1081 ὑπονοίας
1595 1017 1845 1087 σχιζόμε-

260 1128 359 1174 νος
387 1111 677 1173 ἀσυνέτως.
718 1109 991 1180 Ἔδειγὰρ
1013 1110 1209 1172 αὐτοὺς
1250 1108 1501 1179 ἐννοῆσαι
1552 1107 1632 1160 ὅτι
1665 1107 1693 1159 6
1734 1107 1847 1160 Πα-

260 1202 373 1272 τὴρ
401 1197 469 1273 ἦν
492 1203 521 1255 6
551 1200 1061 1271 ἁντιφθεγξάμενος,
1095 1200 1232 1272 πρὸς
1269 1199 1329 1254 δν
1376 1200 1670 1267 ἐποιήσατο
1719 1199 1848 1262 τοὺς

261 1292 462 1362 λόγους
488 1295 517 1347 6
543 1292 687 1356 Υἱός.
713 1293 787 1346 Ού
808 1290 916 1362 γὰρ
942 1290 1166 1363 βροντὴν
1186 1291 1358 1364 ᾔτησε
1414 1291 1690 1362 γενέσθαι,
1717 1288 1841 1343 οὔτε

257 1385 498 1454 ἄγγελον
523 1385 767 1455 φωνῆσαι
794 1401 807 1413 ·
842 1385 995 1454 ὅμως
1027 1383 1103 1447 ὡς
1127 1383 1278 1449 Υίδς,
1316 1386 1479 1456 φησὶν
1511 1385 1591 1437 ὅτι
1623 1401 1642 1435 ι
1670 1383 1744 1435 Οὐ
1778 1382 1846 1434 δι’

259 1475 370 1547 ἐμὲ
402 1475 621 1544 γέγονεν
654 1475 687 1543 ἡ
715 1474 865 1544 φωνὴ
886 1512 901 1536 ,
934 1472 1069 1526 ἀλλὰ
1099 1472 1165 1526 δι’
1196 1474 1372 1544 ὑμᾶς·
1408 1491 1427 1524 ι
1471 1471 1587 1544 ᾔδει
1610 1471 1719 1541 γὰρ
1749 1468 1844 1523 τοῦ

257 1564 519 1627 τεκόντος
541 1564 639 1634 τὴν
667 1562 920 1633 βούλησιν
944 1563 1051 1617 κᾶν
1071 1562 1245 1633 μηδὲν
1275 1561 1535 1633 ἐλαλήθη,
1560 1561 1745 1632 ἐπειδὴ
1777 1556 1846 1633 ἦν

255 1654 364 1707 καὶ
389 1654 502 1708 ἔστι
523 1653 617 1706 τοῦ
642 1654 854 1726 Πατρδς
887 1653 1049 1721 σοφία
1089 1654 1183 1707 καὶ
1216 1653 1408 1721 Λόγος.
1455 1654 1532 1706 Δι’
1566 1652 1708 1722 ὑμᾶς
1730 1647 1843 1715 οὖν,

260 1743 424 1813 φησι,
452 1742 672 1811 γέγονεν
705 1743 739 1812 ἡ
769 1742 918 1813 φωνή
946 1758 961 1773 ο
998 1742 1084 1796 ἵνα
1115 1741 1492 1813 παραδέχησθέ
1512 1759 1579 1813 με
1610 1740 1686 1805 ὡς
1715 1741 1847 1795 Υιδν

1944 576 2052 614 ινοσ.

2019 649 2399 721 Respondebat
2449 649 2616 705 Pater
2644 650 2878 722 proprio’
2898 649 3060 714 Filio,
3102 666 3169 707 eo
3223 666 3334 723 quo
3362 652 3518 708 novit

1946 742 2130 805 modo,
2161 757 2316 797 suam
2350 742 2688 796 voluntatem
2729 743 2948 812 planam
2977 742 3207 807 faciens,
3240 744 3306 799 ad
3331 745 3518 800 conci-

1946 831 2184 886 liandam
2203 831 2542 887 audientium
2564 832 2747 896 ﬁdem,
2764 841 2823 888 ιιι
2842 834 3131 890 crederent
3157 835 3278 892 sine
3305 836 3520 892 dubita-

1947 924 2090 979 tione
2120 938 2242 979 esse
2274 920 2472 978 Filium
2504 922 2596 978 Dei
2620 931 2674 980 et
2698 924 2878 981 Patris
2904 926 3207 982 secundum
3241 936 3514 985 naturam.

1945 1014 2271 1086 Ambigebat
2322 1024 2502 1071 autem
2541 1016 2834 1073 multitudo
2878 1017 2936 1072 iu
2993 1019 3177 1075 varias
3228 1021 3518 1091 opiniones

1947 1107 2119 1162 scissa
2153 1107 2363 1177 absque
2394 1106 2607 1162 ratione
2636 1125 2650 1162 :
2686 1108 2978 1178 oportebat
3020 1109 3165 1164 enim
3204 1110 3285 1164 eis
3331 1111 3520 1166 venire

1948 1200 2004 1254 in
2064 1207 2324 1262 mentem,
2377 1198 2595 1254 Patrem
2658 1215 2782 1256 esse
2841 1200 2932 1270 qui
2999 1199 3397 1269 responderat,
3450 1200 3516 1255 ad

1946 1304 2109 1360 quem
2158 1288 2328 1345 Filius
2377 1289 2541 1344 verba
2592 1287 2835 1344 fecisset.
2886 1286 3022 1343 Nam
3056 1303 3159 1344 nec
3207 1294 3265 1342 ut
3310 1285 3519 1341 tonitru

1950 1380 2127 1445 ﬁeret,
2155 1396 2255 1435 uec
2301 1387 2363 1435 ut
2413 1381 2641 1450 angelus
2685 1380 3020 1448 loqueretur,
3052 1380 3238 1448 petiit;
3265 1379 3400 1433 dicit
3430 1386 3518 1430 ta-

1948 1487 2071 1527 men
2125 1485 2183 1526 ut
2228 1470 2446 1526 Filius:
2479 1488 2498 1522 ι
2541 1469 2661 1524 Νοη
2717 1476 2943 1540 prepter
2993 1484 3081 1523 me
3110 1470 3226 1524 haec
3255 1484 3382 1531 vox,
3421 1468 3519 1523 sed

1948 1570 2172 1633 propter
2201 1576 2302 1617 vos
2339 1561 2482 1616 facta
2519 1570 2621 1616 est.
2668 1578 2688 1614 ι
2730 1560 2943 1631 Quippe
2966 1567 3195 1617 noverat
3232 1560 3517 1616 Genitoris

1950 1654 2307 1717 voluntatem,
2332 1652 2437 1708 etsi
2485 1652 2626 1706 nihil
2674 1652 2899 1708 locutus
2941 1659 3088 1707 esset
3123 1668 3138 1705 :
3170 1650 3520 1722 quandoqui-

1949 1745 2071 1800 dem
2099 1752 2296 1801 eratet
2332 1752 2419 1800 est
2445 1743 2626 1800 Patris
2666 1745 2936 1814 sapientia
2978 1759 3043 1801 ac
3074 1743 3339 1800 Verbum.
3380 1743 3519 1797 Pro-

258 1832 425 1897 Θεοῦ,
450 1832 508 1886 ὃν
534 1828 671 1886 οἶδεν
693 1832 821 1888 ὅντα
859 1831 1017 1901 φύσει
1046 1830 1223 1903 ἐαυτῷ
1253 1832 1380 1886 Υἱδν
1403 1833 1431 1887 6
1452 1832 1663 1902 Πατήρ.
1682 1831 1844 1899 Λέγει

1951 1844 2067 1906 pter
2094 1850 2193 1892 vos
2221 1850 2376 1905 ergo,
2404 1835 2501 1903 ait,
2539 1836 2679 1892 facta
2712 1844 2798 1892 est
2827 1853 2956 1901 vox,
3004 1845 3065 1892 ut
3107 1837 3393 1907 accipiatis
3430 1852 3519 1893 me

264 1924 371 1995 μὶν
401 1919 493 1978 οὖν
517 1925 545 1977 6
570 1923 773 1994 Κύριος
794 1924 876 1977 ὅτι
901 1923 1128 1991 γέγονεν
1159 1925 1192 1996 ή
1224 1922 1395 1994 φωνὴ,
1424 1924 1484 1977 οὐ
1519 1924 1626 1996 μὴν
1675 1940 1845 1994 προσ-

256 2016 479 2085 τίθησιν
517 2016 601 2069 ὅτι
643 2013 737 2068 τοῦ
766 2013 980 2085 Πατρδς
999 2010 1090 2085 ἦν,
1112 2015 1144 2087 ἢ
1169 2013 1287 2079 πῶς
1305 2015 1528 2083 γέγονεν
1554 2032 1568 2047 ο
1598 2014 1713 2091 ἐστι
1735 2014 1845 2086 γὰρ

260 2106 522 2177 περιττὸν
569 2105 747 2159 τοῦτο.
775 2106 922 2178 Πλὴν
958 2105 1387 2177 ἐπιμαρτύρεται
1421 2106 1505 2159 ὅτι
1538 2105 1639 2160 καὶ
1662 2106 1845 2177 φωνὴν

258 2196 600 2261 ἀκούσαντες
626 2197 686 2263 ἐξ
720 2195 973 2269 ούρανοῦ,
1025 2196 1179 2251 οὐδὲν
1225 2192 1389 2269 ἦττον
1438 2197 1730 2269 ἐπέμειναν
1774 2198 1842 2270 τῇ

261 2285 478 2341 ἐαυτῶν
514 2285 823 2358 δυσσεόιίᾳ.

342 2462 479 2520 Νῦν
518 2465 723 2533 κρίσις
770 2463 902 2518 ἐστι
948 2461 1054 2519 τοῦ
1092 2463 1329 2534 κόσμου
1370 2466 1608 2529 τούτου,
1653 2465 1845 2521 καὶτὰ

262 2555 420 2627 ἑξῆς.

343 2650 456 2720 Τῆς
485 2647 580 2701 τοῦ
614 2649 864 2719 Σωτῆρος
914 2647 1211 2719 ἐπιδημίας
1239 2647 1267 2700 6
1308 2647 1632 2717 τριπόθητος
1662 2647 1847 2702 οὐτοσὶ

264 2741 489 2814 καιρὸς,
532 2740 815 2812 παροῦσαν
852 2741 952 2812 ήδη
984 2742 1084 2813 τὴν
1110 2742 1203 2794 ἐπὶ
1239 2744 1352 2805 τοῖς
1371 2740 1545 2794 ἔθνεσι
1573 2741 1753 2811 κρίσιν
1784 2759 1844 2796 τε

266 2833 370 2887 καὶ
420 2833 575 2903 δίκην
617 2831 920 2886 ἐδείκνυεν·
977 2831 1200 2903 ἔμελλον
1254 2833 1362 2902 γὰρ
1410 2833 1845 2887 ἀπαλλάττεσθαι

262 2927 374 2997 τῆς
430 2924 524 2979 τοῦ
583 2923 830 2978 διαϐόλου
888 2924 1199 2991 πλεονεξίας
1217 2964 1233 2989 ,
1277 2924 1613 2997 δικαιότητος
1663 2925 1846 2988 αὐτοῖς

266 3018 642 3089 ἀπονέμοντος
684 3018 831 3082 ἐλεος
859 3017 953 3071 τοῦ
986 3017 1135 3071 ὁσίου
1163 3035 1224 3072 τε
1256 3019 1350 3071 καὶ
1384 3017 1595 3071 δικαίου
1631 3017 1840 3089 κριτοῦ.

264 3111 353 3166 οὐ
382 3092 492 3182 γάῥ
520 3110 703 3182 οἴομαι
746 3113 857 3165 δεῖν
884 3110 1094 3165 οἴεσθαι
1138 3110 1256 3165 νυνὶ
1287 3110 1708 3183 κατακρίνεσθαι
1748 3110 1843 3164 κό-
1871 3148 1918 3212 c

267 3219 433 3273 σμον,
455 3204 545 3255 ὅτε
587 3202 686 3256 τοῦ
727 3203 939 3257 δικαίου
985 3203 1169 3274 παρῆν
1211 3204 1240 3256 6
1290 3203 1509 3274 καιρός·
1556 3202 1672 3256 ἀλλ’
1702 3201 1845 3256 οὕτω

269 3296 395 3366 μὲν,
427 3295 617 3366 κόσμῳ
653 3294 833 3367 κρίσις
865 3294 1038 3360 ἔσται,
1077 3295 1222 3348 τοῦτ’
1261 3295 1408 3349 ἔστιν
1444 3295 1743 3367 ἐκδίκησις.
1784 3295 1845 3350 'O

265 3385 327 3440 δέ
378 3385 562 3458 ἄρχων
613 3386 708 3440 τοῦ
769 3387 977 3456 κόσμου
1024 3387 1212 3441 τούτου
1271 3386 1672 3459 ἐκϐληθήσεται
1719 3388 1843 3455 ἐξω.

271 3473 493 3538 Ἔσται,
526 3477 682 3547 φησὶ,
711 3474 853 3529 κατὰ
880 3474 975 3528 τοῦ
1013 3475 1106 3529 τὸν
1144 3476 1346 3546 κόσμον
1372 3477 1695 3547 ⁴Ιλδικηκόιιιος
1728 3477 1848 3550 κρί-

271 3582 384 3632 σις,
420 3566 515 3619 καὶ
553 3565 677 3636 οὐχὶ
731 3565 874 3619 κατά
924 3564 1018 3618 τοῦ
1058 3565 1159 3636 τὴν
1207 3563 1437 3619 ἀδικίαν·
1457 3566 1850 3636 ὑπομείναντος

270 3658 503 3729 κόσμου.
530 3659 642 3712 Καὶ
674 3657 802 3729 γὰρ,
832 3657 908 3721 ὡς
946 3657 1108 3721 αὐτὸς
1136 3660 1164 3712 6
1190 3657 1426 3728 Χριστός
1456 3675 1642 3729 φησιν,
1680 3677 1699 3710 ι
1736 3658 1850 3712 Οὐκ

269 3748 601 3805 ἀπέστειλεν
638 3752 667 3804 6
715 3749 844 3814 Θεὸς
898 3750 993 3804 τὸν
1032 3750 1162 3803 Υῐὸν
1199 3748 1364 3804 αὐτοῦ
1424 3751 1512 3805 ἵνα
1548 3751 1709 3825 κρίνῃ
1759 3750 1852 3804 τὸν

270 3840 501 3911 κόσμον,
547 3840 662 3893 ἀλλ’
715 3839 804 3896 ῐνα
848 3838 998 3911 σώσῃ
1032 3839 1126 3893 τὸν
1156 3839 1380 3911 κόσμον.
1415 3860 1435 3893 ι
1478 3841 1643 3912 Ὄρος
1670 3841 1851 3896 τοίνυν

271 3931 380 4001 τῆς
401 3929 707 4000 ἐνεστώσης
730 3930 882 3984 ἔσται
907 3929 1162 4001 κρίσεως,
1185 3929 1246 3983 τδ
1272 3928 1599 4002 ἐκϐληθῆναι
1627 3931 1732 3997 ἔξω
1758 3933 1851 3987 τὸν

270 4022 510 4091 ἄρχοντα
548 4018 643 4073 τοῦ
675 4020 880 4091 κόσμου
926 4019 1139 4075 τούτου.
1180 4020 1537 4093 Ἐκδληθῆναι
1565 4023 1623 4077 δέ
1650 4024 1851 4091 πόθεν;

270 4107 311 4182 ἦ
342 4110 584 4182 δηλονότι
626 4112 725 4182 τῆς
766 4114 839 4166 ὲκ-
876 4112 997 4183 βίας
1037 4111 1187 4184 αὐτῷ
1233 4115 1640 4187 πεπορισμένης
1676 4117 1852 4191 ἀρχῆς

273 4204 375 4257 καὶ
393 4203 496 4274 τῆς
525 4203 825 4274 οὐδαμόθεν
853 4205 1241 4276 προσηκούσης
1273 4203 1569 4275 βασιλείας.

348 4295 522 4365 Κάγὼ
551 4296 661 4350 ἐὰν
684 4296 904 4366 ὑψωθῶ
926 4297 994 4351 ἐκ
1033 4296 1143 4367 τῆς
1179 4295 1315 4370 γῆς,
1338 4298 1580 4357 ἑλκύσω
1622 4299 1854 4369 πάντας

275 4382 431 4451 πρὸς
457 4384 740 4452 ἐμαυτόν.

1946 1936 2206 2000 tanquam
2251 1926 2446 1983 Filium
2485 1926 2601 1993 Dei,
2635 1943 2801 1998 quem
2846 1928 2955 1983 scit
2981 1928 3146 1983 Pater
3182 1927 3287 1983 sibi
3324 1936 3519 1983 natura

1946 2030 2069 2072 esse
2114 2014 2331 2070 Filium.
2378 2013 2519 2069 Dicit
2552 2016 2776 2086 quidem
2834 2014 3103 2073 Dominus
3148 2014 3349 2071 factam
3394 2032 3521 2073 esse

1945 2124 2157 2174 vocem,
2191 2109 2284 2165 sed
2323 2124 2435 2165 non
2467 2109 2658 2179 adjicit
2708 2107 2887 2164 Patris
2932 2123 3075 2174 esse,
3111 2123 3211 2165 nec
3246 2109 3520 2179 quomodo

1946 2198 2090 2254 facta
2140 2200 2232 2265 sit,
2278 2203 2536 2270 quoniam
2582 2199 2635 2255 id
2677 2214 3169 2269 supervacaneum.
3208 2198 3369 2273 707
3406 2197 3515 2256 Sed

1945 2299 2002 2345 et
2028 2298 2369 2361 protestatur
2387 2292 2532 2363 quod
2558 2292 2748 2345 audita
2772 2290 2936 2347 etiam
2955 2306 2986 2346 e
3008 2292 3151 2346 creto
3171 2305 3305 2346 voce
3321 2290 3521 2347 nihilo-

1946 2381 2130 2439 secius
2164 2383 2217 2437 in
2247 2398 2346 2440 sua
2383 2385 2663 2454 impietate
2699 2383 3131 2454 permanserint.

2015 2471 2135 2539 XII,
2169 2475 2259 2529 3i.
2297 2473 2457 2528 Nunc
2487 2474 2756 2544 judicium
2784 2483 2862 2530 est
2890 2473 3095 2538 mundi,
3123 2480 3232 2529 etc.

2020 2651 2560 2708 Desideratissimum
2618 2653 2722 2708 hoc
2758 2652 3035 2709 adventus
3056 2652 3367 2708 Servatoris
3416 2666 3522 2707 no-
3596 2718 3599 2729 Ι

1947 2745 2051 2801 stri
2093 2751 2329 2813 tempus,
2370 2744 2483 2813 jam
2515 2743 2708 2799 adesse
2759 2742 3029 2813 judicium
3058 2752 3113 2798 et
3143 2742 3413 2812 justitiam
3464 2744 3519 2798 iu

1948 2837 2206 2906 gentibus
2234 2835 2582 2900 ostendebat,
2613 2836 2817 2906 quippe
2869 2850 2997 2889 cum
3032 2850 3061 2890 a
3107 2835 3316 2891 diaboli
3357 2850 3523 2907 rapa-

1946 2927 2115 2983 citate
2137 2925 2479 2981 viudicandae
2514 2926 2713 2991 forent,
2746 2926 3026 2982 tribuente
3061 2926 3171 2983 illis
3206 2927 3524 2984 misericor-

1948 3019 2093 3074 diam
2130 3018 2308 3073 sancti
2338 3029 2393 3073 et
2414 3018 2550 3087 justi
2595 3016 2803 3087 judicis
2836 3018 3113 3089 mquitate.
3138 3016 3324 3089 Neque
3348 3019 3520 3085 enim,

1948 3109 2165 3179 opinor,
2196 3108 2622 3163 existimandum
2677 3116 2762 3164 est
2799 3123 2945 3164 nunc
2977 3108 3331 3165 condemnari
3364 3124 3525 3165 mun~

1953 3202 2105 3265 dum,
2135 3215 2260 3255 cum
2315 3200 2543 3269 justitite
2575 3207 2792 3270 tempus
2832 3200 3011 3267 adest,
3048 3199 3142 3256 sed
3178 3198 3258 3254 sic
3298 3198 3520 3270 quidem

1950 3293 2157 3349 mundo
2195 3292 2300 3348 erit
2337 3290 2631 3361 judicium,
2675 3306 2872 3362 nempe
2906 3291 3235 3347 vindicatio.
3258 3289 3522 3363 Princeps

1948 3399 2080 3439 vero
2109 3383 2275 3453 hujus
2309 3382 2497 3437 mundi
2523 3382 2775 3453 ejicietur
2809 3390 2985 3438 extra.
3033 3382 3172 3449 Erit,
3204 3383 3402 3453 inquit,
3430 3383 3524 3453 ju«

1949 3475 2153 3531 dicium
2179 3474 2447 3530 adversus
2468 3488 2592 3529 eum
2625 3474 2719 3544 qui
2755 3474 3019 3529 mundum
3048 3473 3291 3536 violavit,
3322 3482 3376 3529 et
3409 3489 3520 3529 non

1948 3566 2217 3622 adversus
2243 3565 2530 3627 mundum,
2555 3564 2650 3633 qui
2684 3564 2941 3633 injuriam
2965 3571 3021 3620 et
3044 3564 3367 3633 injustitiam
3400 3579 3525 3634 per-

1950 3656 2095 3712 tulit.
2142 3655 2384 3724 Etenim,
2436 3666 2497 3712 ut
2541 3656 2662 3728 ipse
2713 3656 2967 3713 Christus
3018 3659 3113 3722 ait,
3151 3678 3170 3710 ι
3202 3656 3322 3713 Non
3371 3658 3522 3714 misit

1951 3747 2095 3804 Deus
2120 3746 2317 3802 Filium
2367 3762 2554 3814 suum,
2580 3756 2641 3803 ut
2670 3747 2947 3803 mundum
2978 3747 3278 3818 judicaret,
3325 3749 3420 3805 sed
3461 3759 3523 3804 ut

1950 3838 2213 3894 mundum
2277 3846 2524 3895 servaret
2555 3838 2622 3895 “.
2664 3858 2684 3892 ι
2727 3839 3022 3896 Terminus
3080 3854 3212 3912 ergo
3263 3840 3522 3896 instantis

1946 3932 2140 4003 judicii
2197 3933 2328 3995 erit,
2382 3939 2442 3987 ut
2500 3932 2762 4003 ejiciatur
2832 3932 2981 3989 foras
3047 3933 3304 4004 princeps
3358 3932 3523 4002 hujus

1953 4024 2165 4080 mundi.
2191 4023 2350 4081 Unde
2389 4040 2524 4081 vero
2568 4026 2860 4096 ejiciatur?
2902 4041 3099 4097 nempe
3131 4040 3163 4082 e
3210 4026 3521 4097 principatu

1953 4130 2051 4189 per
2080 4118 2188 4172 vim
2224 4129 2403 4188 part0,
2441 4127 2498 4174 et
2544 4134 2576 4176 e
2621 4134 2790 4192 regno
2822 4120 2973 4175 nullo
3007 4117 3174 4175 modo
3223 4119 3290 4175 ad
3342 4120 3522 4191 ipsum

1950 4212 2278 4281 pertinente.

2023 4300 2136 4368 Χ-ΙΙ,
2168 4302 2258 4358 59...
2290 4302 2355 4357 Et
2379 4320 2471 4374 ego
2505 4305 2550 4359 si
2577 4304 2848 4359 excitatus
2880 4303 3033 4372 fuero
3056 4319 3084 4359 e
3110 4314 3273 4373 terra,
3312 4302 3523 4361 traham

1951 4408 2133 4447 omnes
2155 4393 2224 4447 ad
2256 4410 2358 4447 me.

350 4476 613 4530 Τουτέστι
637 4476 744 4548 (I),
780 4477 855 4550 μὴ
887 4477 950 4550 δὴ
982 4478 1233 4551 κωλύσῃς
1262 4479 1407 4534 ἰόντα
1435 4480 1571 4551 πρὸς
1596 4479 1846 4546 θάνατον,

2023 4484 2167 4539 Cave
2194 4500 2378 4540 neme
2415 4486 2711 4555 prohibeas
2749 4485 2816 4540 ad
2842 4494 3076 4541 mortem
3112 4485 3375 4554 tendere;
3413 4485 3518 4540 imc

275 4564 416 4619 ἀλλὰ
460 4566 897 4634 συγητάνεωον
947 4568 1043 4623 διὰ
1076 4569 1137 4623 τὸ
1175 4571 1310 4623 πᾶσι
1360 4570 1658 4635 λυσιτελές.
1712 4572 1853 4639 Δόξα

277 4656 387 4725 γὰρ
416 4656 655 4728 Χριστοῦ
700 4659 729 4712 6
774 4658 1025 4731 σταυρός.
1072 4659 1363 4726 Δοξάζεται
1408 4662 1466 4716 δὲ
1508 4664 1602 4718 καὶ
1638 4666 1848 4736 Πατὴρ,

278 4747 410 4800 ὅταν
452 4747 707 4818 φαίνηται
747 4749 990 4804 τοιοῦτον
1027 4749 1165 4821 ἔχων
1209 4753 1301 4807 τὸν
1328 4753 1387 4821 ἐξ
1412 4756 1608 4809 ἐαυτοῦ
1634 4757 1850 4814 ὁποῖόσ-

279 4854 387 4908 περ
408 4838 673 4911 ὑπάρχειν
701 4840 864 4905 αὐτὸς
891 4841 1214 4898 ύπονοεῐται.
1243 4845 1409 4911 Ἐστι,
1430 4847 1487 4900 δέ
1521 4848 1725 4917 ἀγαθὸς
1756 4852 1851 4908 καὶ

280 4930 683 5003 φιλάνθρωπος,
712 4931 847 5003 φῶς,
882 4934 976 4987 καὶ
1008 4934 1141 5005 ζωὴ,
1167 4936 1262 4991 καὶ
1288 4937 1494 5010 φθορᾶς
1520 4941 1776 5013 ἀμείνων.

349 5105 589 5177 Χριστοῦ
630 5104 813 5177 μέντοι
851 5105 1139 5170 δεδωκότος
1172 5106 1362 5161 ἐαυτὸν
1388 5107 1467 5180 τῷ
1500 5111 1674 5185 Πατρὶ
1709 5113 1851 5188 ὑπὲρ

280 5195 382 5267 τῆς
429 5195 587 5268 ἡμῶν
640 5198 915 5269 σωτηρίας
963 5196 1039 5263 ὡς
1080 5198 1308 5271 ἄμωμον
1343 5202 1567 5273 ἱερεῖον,
1612 5208 1705 5261 καὶ
1754 5209 1853 5275 τὰς

283 5287 423 5359 ὑπὲρ
456 5286 616 5360 ἡμῶν
648 5291 929 5362 μονονουχὶ
958 5289 1113 5354 δίκας
1144 5291 1437 5359 τιννύντος,
1469 5295 1853 5373 ἐλυτρώθημεν

285 5378 392 5432 τῶν
419 5380 516 5450 τῆς
546 5382 819 5454 ἁμαρτίας
854 5383 1235 5455 ἐγκλημάτων.
1267 5386 1379 5440 Καὶ
1402 5387 1466 5458 δὴ
1493 5389 1583 5443 ὅτε
1608 5392 1636 5443 6
1661 5391 1763 5465 θὴρ
1788 5396 1852 5451 ἐκ

292 5470 452 5541 μέσου
477 5472 689 5540 γέγονε,
731 5475 825 5529 καὶ
861 5474 1139 5547 καθῃρέθη
1183 5478 1212 5530 6
1254 5477 1535 5549 τύραννος,
1581 5481 1701 5537 τότε
1730 5487 1850 5555 ἄγει

360 5608 405 5641 ³⁸
442 5607 604 5665 Joan.
640 5626 715 5664 xu
738 5652 752 5674 ,
790 5611 880 5666 «Π.

1955 4577 2140 4648 potius
2189 4577 2477 4642 assentire,
2520 4587 2747 4647 propter
2794 4578 3159 4633 universalem
3204 4578 3521 4636 utilitatem.

1956 4670 2167 4729 Etenim
2206 4669 2379 4740 gloria
2410 4666 2613 4723 Christi
2658 4682 2792 4722 crux
2832 4676 2940 4724 est.
2981 4667 3336 4724 Gloriﬁcatur
3369 4676 3529 4737 teque

1958 4760 2153 4826 Pater,
2200 4775 2327 4814 cum
2388 4759 2550 4813 talem
2619 4757 2821 4813 habere
2879 4757 3077 4812 Filium
3138 4755 3525 4827 cognoscitur,

1956 4852 2136 4923 qualis
2178 4851 2409 4922 ipsemet
2435 4864 2560 4905 esse
2589 4848 2853 4905 creditur.
2883 4847 2979 4904 Est
3018 4854 3201 4901 autem
3236 4846 3435 4911 bonus,
3469 4857 3527 4901 et

1955 4943 2239 4999 hominum
2279 4951 2513 5008 amator,
2543 4942 2814 5008 lux,vita,
2838 4948 2893 4997 et
2925 4938 3169 5011 cujusvis
3202 4938 3528 5008 corruptelae

1959 5034 2241 5090 immunis.

2028 5125 2163 5181 Cum
2218 5126 2382 5198 igitur
2425 5124 2680 5182 Christus
2732 5123 2971 5194 seipsum
3002 5121 3154 5176 Patri
3189 5134 3288 5190 pro
3332 5126 3527 5175 nostra

1954 5221 2197 5274 omnium
2247 5219 2424 5275 salute
2473 5218 2688 5274 dederit
2713 5216 2862 5273 velut
2917 5213 3327 5269 immaculatam
3370 5211 3527 5267 victi-

1956 5326 2123 5378 mam,
2147 5326 2212 5365 ac
2244 5312 2346 5382 pro
2377 5311 2537 5366 nobis
2563 5323 2753 5380 pmnas
2780 5304 3175 5378 propemodum
3203 5302 3529 5367 exsolverit,

1954 5416 1984 5454 a
2018 5403 2225 5471 peccati
2272 5401 2503 5456 crimine
2538 5397 2756 5455 liberati
2789 5410 3006 5454 sumus.
3044 5393 3108 5450 Et
3148 5393 3366 5466 quidem
3397 5407 3525 5447 cum

1954 5495 2066 5548 fera
2107 5492 2176 5548 de
2214 5492 2391 5548 medio
2420 5491 2641 5548 sublata
2673 5497 2779 5556 est,
2807 5504 2871 5546 ac
2915 5488 3200 5547 confectus
3229 5496 3524 5559 tyrannus,

357 5741 433 5813 (I)
467 5746 745 5800 Τουτέστι
774 5793 782 5802 .
809 5790 821 5803 .
852 5787 865 5803 .
894 5788 905 5803 .
932 5749 1205 5813 ἀμείνων.
1238 5747 1309 5803 Ex
1334 5758 1521 5807 catena
1546 5750 1824 5822 Vaticana,

1951 5801 1956 5814 .
1998 5759 2113 5823 I56.
2144 5774 2229 5820 at).
2256 5757 2357 5814 Mai
2392 5760 2425 5814 I.
2459 5762 2491 5816 Ι.
