4010 6320
249 280 314 337 97
1032 280 1095 335 Lv
1135 281 1472 336 JOANNEM.
1507 309 1575 322 -
1616 277 1742 332 LIB.
1789 274 1874 328 vu
1919 275 2003 331 ET
2048 275 2157 331 vui
2196 275 2637 333 FRAGMENTA.
3328 250 3338 263 “
3419 281 3492 338 93

248 392 354 462 γάρ
381 390 446 445 ἂν
474 388 598 444 οὔτε
639 390 835 463 ἀπῄτει
856 393 1052 455 αὐτοὺς
1084 394 1336 457 εὐθύνας,
1368 394 1504 447 ὅπου
1534 409 1597 460 γε
1624 392 1719 445 καὶ
1745 388 1809 441 τά

1918 390 2116 444 solutio
2151 407 2162 441 :
2194 391 2339 461 quod
2392 391 2536 447 Deus
2583 407 2693 446 non
2745 393 3043 449 excaecavit
3086 394 3330 464 Judzeos,
3390 397 3501 456 nec

248 482 473 537 ἑκούσια
529 486 806 555 συγχωρεῖ
861 485 1198 555 πταίσματα.
1244 483 1306 539 '0
1360 485 1417 538 δὲ
1459 483 1583 547 νοῦς
1631 480 1821 543 οὕτως.

262 577 346 640 Ὠς
380 576 492 647 γάρ
513 576 621 630 ἀπὸ
658 576 796 630 Θεοῦ
824 575 1123 648 λαληθέντα
1146 576 1216 630 τὰ
1259 579 1479 648 ῥήματα
1514 576 1544 626 6
1600 573 1824 635 Ἡσαΐας

246 668 534 739 προφέρει.
577 668 700 721 Ἐάν
734 668 979 739 γένωμαι
1013 667 1299 739 ἄνθρωπος
1329 668 1423 722 καὶ
1465 666 1639 735 οἰκείᾳ
1672 664 1822 733 φωνῇ

249 762 609 831 ἐξηγήσωμαι
644 761 772 831 ὑμῖν
804 760 874 814 τὰ
925 760 1216 830 λυσιτελῆ,
1259 759 1381 812 οὐδὲ
1439 756 1611 819 οὕτως
1660 752 1825 809 ἀκού-

252 853 372 905 σετὲ
441 868 566 922 μου,
615 850 803 922 ὥσπερ
856 852 977 906 οὑδὲ
1011 851 1119 905 τῶν
1166 848 1482 922 προφητῶν·
1527 847 1648 901 οὑδὲ
1697 847 1824 899 ὅταν

253 942 395 1012 ῖδητε
439 942 511 996 τὰ
554 942 696 1013 ὑπὲρ
728 941 889 1010 λόγον
936 944 1139 1013 σημεῖα
1161 981 1176 1005 ,
1228 940 1380 994 οὐδὲν
1439 941 1505 993 ἐκ
1544 937 1640 992 τοῦ
1694 937 1824 990 ίδεῖν

249 1034 694 1105 ὠφεληθήσεσθε.
740 1034 851 1087 Καὶ
884 1033 1044 1086 τοῦτο
1087 1031 1240 1103 δηλοῖ
1273 1032 1356 1093 τὺ,
1412 1050 1430 1081 ι
1479 1031 1553 1084 Ού
1603 1030 1679 1101 μὴ
1711 1028 1825 1100 ῐδη-

247 1143 326 1178 τε.
363 1144 383 1177 ι
445 1127 523 1179 Οὑ
572 1125 678 1196 γὰρ
719 1119 872 1177 εἶπεν
904 1124 986 1177 ὅτι
1026 1125 1281 1194 Πωρώσω
1322 1122 1500 1177 αὐτῶν
1551 1121 1825 1191 τὰςκαρτ

246 1216 386 1280 δίας.
437 1218 534 1270 καὶ
584 1214 852 1285 τυφλώσω
894 1217 1021 1278 τοὺς
1066 1213 1410 1285 ὀφθαλμοὺς,
1445 1214 1559 1267 ἀλλ’
1587 1214 1667 1268 ὅτι
1701 1212 1823 1267 Κᾶν

248 1307 545 1376 ἀκούσητε,
566 1306 626 1358 οὑ
663 1307 737 1377 μὴ
772 1305 1073 1376 ἀκούσητε·
1105 1306 1207 1359 κᾶν
1247 1304 1417 1374 ἴδητε,
1452 1306 1511 1358 οὑ
1541 1305 1615 1375 μὴ
1652 1305 1821 1374 ἴδητε,

247 1402 333 1454 ῖνα
371 1399 446 1469 μὴ
505 1396 940 1468 ἐπιστραφέντας
994 1397 1251 1473 ίάσωμαι.
1302 1396 1366 1449 Et
1417 1395 1526 1467 γὰρ
1582 1397 1822 1466 ἥκουσαν

246 1492 340 1545 καὶ
383 1487 522 1543 εἶδον
561 1490 733 1561 ὅνπερ
779 1487 950 1558 ἐχρῆν
990 1487 1224 1558 τρόπον,
1281 1486 1470 1557 ἔτυχον
1503 1487 1570 1541 ἂν
1605 1488 1823 1551 πάντως

246 1583 535 1653 ὠφελείας.
569 1580 777 1635 Οὑκοῦν
805 1580 866 1632 οὑ
906 1580 1175 1650 τιμωρίας
1223 1580 1526 1648 ἀναγκαίας
1573 1579 1685 1650 ἔχει
1722 1579 1820 1649 δή·

245 1675 408 1727 λωσιν
441 1675 470 1726 6
507 1672 684 1739 λόγος,
707 1670 829 1723 οὑδὲ
861 1670 984 1738 ὅρον
1016 1668 1468 1734 καταδικάζοντος
1514 1668 1611 1722 καὶ
1650 1684 1819 1722 κατα-

1925 481 2072 536 enim
2103 496 2294 551 pmuas
2328 484 2399 537 ab
2441 485 2526 539 eis
2565 485 2933 553 repetivissct,
2966 487 3188 557 quando
3217 497 3271 543 et
3305 490 3494 545 volun-

1927 574 2100 628 tarios
2170 575 2449 629 continuat
2501 575 2776 631 interdum
2822 577 3029 647 lapsus.
3073 578 3238 650 709
3288 580 3495 637 Sensus

1925 678 2057 718 vero
2102 664 2420 734 bujusmodi
2479 674 2586 721 est.
2630 664 2765 721 Nam
2817 669 2968 722 velut
3014 684 3044 723 a
3113 670 3222 725 Deo
3278 672 3493 740 prolata

1925 757 2092 811 verba
2123 756 2292 812 Isaias
2318 758 2562 828 profert:
2593 760 2648 815 Si
2680 762 2853 815 homo
2879 761 3055 817 factus
3085 761 3261 825 fuero,
3287 772 3341 815 et
3368 777 3495 831 pro-

1925 847 2044 917 pria
2077 863 2211 904 voce
2252 851 2408 904 utilia
2450 852 2607 907 vobis
2650 867 2980 923 exposuero.
3022 868 3093 907 ne
3138 854 3219 907 sic
3268 854 3490 922 quidem

1927 953 2013 993 me
2071 940 2325 1008 audietis,
2381 944 2848 1012 quemadmodum
2903 961 3081 1014 neque
3137 947 3489 1016 proiibetas:

1923 1044 2104 1100 neque
2132 1045 2256 1086 cum
2302 1033 2555 1091 videritis
2590 1036 2746 1106 signa
2778 1051 2945 1108 supra
2990 1037 3286 1091 humanam
3320 1038 3493 1092 ratio-

1923 1134 2075 1184 nem,
2098 1124 2398 1193 quidquam
2432 1126 2588 1180 vobis
2612 1126 2820 1181 vidisse
2854 1128 3140 1197 profuerit.
3178 1126 3244 1181 Et
3271 1128 3377 1182 hoc
3405 1130 3493 1182 in-

1921 1208 2069 1263 dicat
2111 1211 2269 1278 illud,
2311 1231 2330 1264 ι
2375 1229 2485 1269 non
2526 1215 2799 1270 videritis.
2844 1234 2862 1267 ι
2908 1214 3096 1286 Neque
3138 1217 3281 1271 enim
3330 1216 3490 1282 dixit,

1920 1295 2200 1355 lndurabo
2234 1317 2429 1357 eorum
2474 1304 2668 1365 corda,
2708 1311 2764 1358 et
2815 1305 3106 1359 excmcabo
3152 1304 3367 1367 oculos,
3397 1304 3492 1359 sed

1921 1392 2072 1459 quia,
2093 1390 2357 1457 Quamvis
2404 1394 2716 1458 audieritis,
2753 1396 3128 1464 nequidquam
3178 1396 3492 1461 audieritis,

1920 1493 1976 1540 et
2021 1486 2276 1555 quamvis
2326 1486 2603 1549 videritis,
2647 1502 2755 1541 non
2792 1487 3063 1551 videritis,
3110 1503 3180 1543 ne
3236 1490 3492 1544 conversi

1920 1566 2223 1631 remedium
2277 1592 2306 1631 a
2353 1593 2440 1633 me
2493 1579 2800 1648 accipiatis.
2853 1579 2912 1635 Si
2942 1579 3089 1635 enim
3125 1581 3409 1635 audissent
3437 1589 3493 1637 et

1922 1667 2271 1737 aspexissent
2318 1684 2429 1738 quo
2480 1670 2666 1724 decuit
2703 1670 2891 1738 modo,
2930 1672 3160 1727 omnino
3195 1674 3492 1728 utilitatem

244 1765 623 1837 ψηφιζομένου
674 1761 785 1814 τῶν
841 1762 1131 1825 Ἰουδαίων,
1179 1759 1317 1813 ἀλλὰ
1367 1760 1474 1813 τῶν
1526 1760 1809 1831 χρησίμων

1921 1760 2322 1829 percepissent.
2360 1759 2531 1828 Igitur
2583 1775 2693 1815 non
2734 1762 3188 1831 signiﬁcationem
3230 1778 3491 1818 necessa-

247 1858 365 1911 ἐστὶ
403 1853 860 1924 προαγγελτικός.
891 1852 1046 1924 ᾜδει
1083 1851 1191 1919 γάρ
1225 1853 1369 1904 ποῖοι
1408 1851 1631 1920 ἔμελλον
1669 1851 1815 1919 γίνε-

247 1946 391 2010 σθαι,
440 1945 535 1998 καὶ
568 1944 887 2012 ἀπεφήνατο
914 1941 1042 2013 περὶ
1084 1940 1263 1995 αὑτῶν
1284 1958 1296 1970 '
1342 1941 1483 2012 πλὴν
1510 1942 1630 1995 οὑδέ
1673 1942 1815 1997 κατὰ

246 2037 466 2092 πάντων
501 2037 674 2106 χωρεῖ
708 2037 737 2089 6
770 2034 952 2103 λόγος,
999 2032 1138 2087 ἀλλὰ
1171 2033 1314 2087 κατὰ
1355 2034 1532 2104 μόνων
1560 2033 1670 2088 τῶν
1688 2035 1815 2089 άπί-

247 2147 408 2194 στων,
443 2128 631 2181 πολλοὶ
673 2127 784 2199 γὰρ
833 2126 1267 2180 πεπιστεύκασιν
1315 2124 1376 2190 ἐξ
1418 2125 1596 2180 αὑτῶν
1619 2141 1633 2155 ⁸
1673 2125 1814 2180 οὕτω

248 2219 344 2289 μὲν
372 2214 466 2271 οὖν
491 2215 859 2270 ὲκδεδὼκασιν
888 2217 937 2268 oi
968 2215 1393 2286 Ἑϐδομήκοντα.
1427 2216 1590 2280 Εἰκὸς
1622 2216 1700 2282 δὲ,
1731 2218 1812 2270 ὅτι

243 2312 272 2364 6
304 2308 701 2380 εὑαγγελιστὴς
751 2311 819 2380 τῇ
862 2307 1130 2378 Ἐὅραίων
1167 2307 1376 2361 ἐκδόσει
1440 2307 1814 2378 ἀκολουθήσας

244 2403 441 2473 ἑτέρως
496 2401 696 2473 ἐχούσῃ
729 2400 879 2472 παρὰ
920 2401 1021 2472 τὴν
1070 2399 1178 2453 τῶν
1215 2400 1647 2472 Ἐὄδομήκοντα,
1692 2396 1812 2454 εἷπε

242 2494 320 2559 τὸ,
353 2494 455 2547 Διά
487 2493 647 2546 τοῦτο
690 2494 790 2546 οὑκ
818 2491 1079 2561 ἠδύναντο
1116 2491 1416 2559 πιστεύειν,
1452 2493 1641 2564 ἐπειδὴ
1687 2493 1811 2546 ἐτύ-

243 2585 453 2650 φλωσεν
509 2584 733 2647 αὐτούς’
771 2584 865 2637 καὶ
917 2585 1040 2637 ὅσον
1093 2583 1192 2654 μὲν
1234 2585 1301 2637 ἐκ
1349 2583 1451 2653 τῆς
1499 2583 1811 2654 προφανοῦς

241 2675 463 2741 λέξεως.
497 2677 598 2730 οὒκ
628 2677 847 2749 εἴρηκεν
878 2678 961 2731 ὅτι
1000 2677 1029 2729 6
1068 2675 1199 2740 Θεὸς
1231 2676 1542 2745 ἐτύφλωσεν
1576 2677 1807 2743 αὐτούς·

242 2768 386 2830 εἰκὸς
414 2767 497 2833 δὲ,
528 2769 609 2820 ὅτι
649 2769 810 2831 ἄλλος
852 2769 1013 2823 τοῦτο
1040 2770 1264 2841 ἐποίησε
1299 2771 1438 2842 πρὸς
1464 2771 1524 2825 τὸ
1552 2772 1807 2844 ἐπιστρέ-

238 2858 337 2927 ψαι
388 2858 520 2919 τοὺς
566 2859 852 2923 Ἰουδαίους
885 2861 977 2914 καὶ
1023 2863 1208 2931 τυχεῖν
1253 2863 1469 2926 ίάσεως.
1519 2864 1583 2916 Εἰ
1624 2864 1680 2916 δὲ
1712 2864 1806 2917 καὶ

240 2950 504 3020 δεξόμεθα
536 2951 618 3004 ὅτι
646 2952 676 3003 6
723 2952 852 3014 Θεὸς
883 2953 1211 3021 ἐτύφλωσεν,
1261 2954 1404 3008 οὕτω
1434 2958 1652 3027 νοητέον
1671 2999 1685 3022 ,
1725 2959 1805 3011 ὅτι

239 3041 637 3117 παρεχώρησεν
669 3044 868 3107 αὐτοὺς
902 3044 1097 3098 παθεῖν
1131 3046 1227 3117 τὴν
1257 3046 1531 3116 τύφλωσιν
1578 3048 1683 3102 ὑπὸ
1709 3049 1803 3103 τοῦ

236 3130 510 3195 διαϐόλου,
557 3133 657 3186 οὑκ
700 3134 939 3203 ἀγαθοὺς
980 3135 1141 3200 δντας
1190 3136 1288 3208 τὴν
1322 3137 1453 3204 ἕξιν.
1502 3139 1658 3193 Οὕτω
1700 3142 1809 3212 γὰρ

238 3223 608 3294 παραδίδωσιν
641 3227 720 3288 είς
758 3225 1018 3295 ἀδόκιμον
1051 3226 1178 3281 νοῦν
1228 3231 1321 3282 καὶ
1360 3232 1441 3294 είς
1467 3231 1638 3295 πάθος
1683 3234 1811 3297 τοὺς

236 3315 649 3387 ὁμοιοτρόπους.
687 3317 776 3370 Ἐν
826 3311 870 3385 ᾧ
910 3318 968 3372 δέ
1015 3319 1246 3373 τοιοῦτοι
1290 3316 1448 3390 ἦσαν,
1498 3322 1560 3375 οὑ
1603 3322 1809 3378 δίκαιον

235 3401 301 3474 ἦν
342 3406 542 3469 αὐτοὺς
572 3394 781 3474 γνῶναι
806 3405 901 3460 τοῦ
949 3407 1249 3478 μυστηρίου
1291 3409 1354 3463 τὸ
1397 3410 1558 3480 βάθος
1599 3413 1693 3466 καὶ
1740 3414 1809 3468 τά

236 3496 480 3567 κρύφιαν
524 3499 651 3562 τοὺς
698 3499 831 3569 μηδὲ
860 3498 960 3563 τὰς
996 3500 1230 3570 νομικὰς
1280 3502 1502 3561 ἐντολάς
1542 3504 1798 3576 διατηρήο

237 3603 459 3650 σαντας.
499 3588 652 3641 Ἐπεὶ
681 3585 784 3669 ,οὖν
826 3577 950 3643 οὔτε
979 3591 1071 3644 τὸν
1111 3591 1296 3661 νόμον,
1326 3590 1448 3645 οὔτε
1477 3594 1543 3645 τὰ
1576 3593 1808 3662 εὐαγγε-

234 3677 357 3731 ltiti
383 3679 638 3745 ἐδέξαντο
659 3679 1026 3752 διατάγματα,
1052 3684 1144 3736 τὸν
1177 3684 1277 3753 τῆς
1309 3684 1550 3748 διανοίας
1579 3685 1805 3756 μύοντες

233 3770 530 3840 ὀφθαλμὸν,
579 3772 667 3826 διὰ
690 3774 846 3827 τοῦτο
878 3774 937 3828 οὑ
968 3775 1211 3845 δέχονται
1251 3775 1351 3848 τὴν
1376 3777 1608 3847 φωτίσαι
1648 3779 1805 3833 δυνα-

239 3862 402 3933 μένην
431 3864 630 3927 αὐτοὺς
660 3864 958 3920 παίδευσιν.

304 4037 496 4091 Ταῦτα
541 4037 610 4090 δὲ
641 4033 809 4091 εἶπεν
851 4038 1109 4104 Ἡσαΐας,
1155 4038 1255 4092 ὅτε
1298 4035 1420 4094 εἶδε
1466 4040 1580 4109 τὴν
1615 4041 1801 4107 δόξαν

230 4130 434 4191 αὐτοῦ,
462 4131 560 4183 καὶ
589 4129 856 4189 altu-nae
879 4129 1011 4197 napi
1038 4129 1246 4184 αὑτοῦ.

298 4222 421 4274 Ὀτι
488 4222 586 4291 μέν
626 4217 718 4273 οὖν
764 4220 858 4274 τὸν
896 4220 1021 4274 Υίὺν
1052 4223 1082 4274 6
1120 4226 1406 4294 προφήτης
1448 4223 1700 4279 τεθέαται
1743 4227 1800 4281 ἐν

226 4314 289 4384 τῇ
320 4311 451 4384 δόξῃ
492 4309 586 4364 τοῦ
639 4309 774 4365 Θεοῦ
826 4310 922 4364 καὶ
969 4312 1218 4382 Πατρός,
1253 4314 1351 4365 οὐκ
1394 4313 1460 4367 ἂν
1506 4314 1799 4369 ἐνδοιάσειέ

225 4420 327 4468 τις,
388 4390 642 4457 Ἰωάννου
674 4401 978 4473 γράφοντος
1011 4403 1258 4474 ἐναργῶς
1304 4407 1433 4477 περὶ
1485 4405 1675 4474 αὑτοῦ,
1712 4409 1793 4462 ὅτι
1827 4445 1871 4501 D

220 4496 392 4550 ταῦτα
445 4491 600 4548 εἶπεν
659 4496 922 4558 Ἡσαΐας,
972 4496 1055 4549 ὅτι
1103 4490 1212 4550 εἶδε
1262 4498 1359 4568 τὴν
1408 4497 1564 4561 δόξαν
1603 4498 1791 4554 αὑτοῦ.

224 4588 414 4658 Ἀθρει
443 4586 500 4640 δέ
544 4603 634 4656 μοι
664 4586 766 4655 τῆς
794 4587 1133 4657 θεοπρεποῦς
1161 4588 1433 4659 ὑπεροχῆς
1466 4589 1528 4642 τὸ
1554 4588 1792 4661 ἀξίωμα,

218 4682 309 4734 καὶ
356 4681 421 4732 τὸ
471 4678 617 4731 κατά
667 4679 848 4748 πάσης
876 4678 1151 4749 ὑπεροχῆς
1178 4681 1397 4750 κράτος.
1434 4683 1492 4734 ’0
1544 4683 1644 4753 μὲν
1684 4687 1794 4756 γάρ

215 4775 362 4825 ἐστιν
402 4772 494 4839 ἐφ’
525 4768 732 4838 ὑψηλοῦ
759 4785 820 4821 τε
850 4770 944 4822 καὶ
987 4770 1298 4840 ἐπηρμένου
1335 4771 1525 4842 θρόνου
1550 4778 1665 4838 τοῖς
1693 4778 1793 4846 τῆς

218 4863 496 4933 βασιλείας
529 4860 991 4930 εὐπρεπεστάτοις
1028 4861 1339 4932 αὐχήμασιν
1371 4859 1431 4917 εὖ
1476 4865 1619 4934 μάλα
1660 4883 1794 4920 κατ-

216 4952 555 5024 εστεμμένος
573 4969 587 4984 ·
617 4954 672 5005 αἱ
713 4952 783 5005 δὲ-
814 4952 1084 5005 άνώταται
1111 4953 1371 5025 δυνάμεις
1399 4957 1517 5026 μεθ’
1541 4956 1608 5021 ἃς
1639 4958 1791 5012 οὐδὲν

216 5043 480 5095 ἐπέκεινα
514 5040 624 5093 τῶν
670 5041 916 5111 γενητῶν
953 5037 1093 5096 εἶναι
1120 5042 1361 5111 λέγεται,
1412 5044 1595 5117 κύκλῳ
1628 5064 1788 5121 περι-

215 5132 436 5195 εστῶσι,
466 5130 623 5196 τάξιν
655 5131 874 5203 ἔχουσαι
901 5133 1000 5204 τὴν
1037 5133 1315 5205 οἰκετικὴν
1339 5136 1433 5189 καὶ
1460 5139 1583 5200 ταῖς
1617 5138 1790 5210 εὐφη-

217 5224 366 5293 μίαις
405 5226 926 5296 καταγεραίρουσαι.
983 5228 1105 5298 Χρὴ
1156 5228 1214 5281 δέ
1271 5228 1675 5299 ὑπολαμϐάνειν
1730 5235 1788 5287 ἐν

212 5319 457 5380 τοπικοῖς
501 5316 762 5387 ὑψώμασι
798 5318 889 5372 τὸν
940 5317 1082 5372 θεῖον
1119 5318 1364 5374 τίθεσθαι
1392 5321 1581 5392 θρόνον
1626 5324 1787 5378 οὑδαο

216 5406 364 5476 μῶςο
403 5406 607 5478 εὔηθες
640 5409 751 5480 γάρ
788 5410 848 5463 τὸ
895 5409 1038 5464 οὑτω
1075 5414 1231 5466 νοεῖν.
1279 5412 1445 5482 ’Υψοῢ
1489 5413 1546 5468 δὲ
1590 5416 1619 5468 6
1645 5415 1786 5483 θεῖος

211 5497 445 5554 τέθειται
480 5499 695 5571 θρόνος,
737 5500 874 5554 καθὸ
920 5501 1015 5557 καὶ
1060 5506 1259 5559 νοεῖται
1301 5506 1484 5578 πάσης
1529 5506 1784 5565 ἐπέκεινα

275 5673 322 5707 ⁸⁸
358 5675 521 5732 Joan.
560 5690 628 5744 x,
664 5677 755 5732 42.

1921 1852 2017 1906 ria:
2061 1851 2293 1906 ultionis
2322 1866 2505 1907 sermo
2534 1868 2647 1922 pra:
2690 1868 2750 1908 se
2785 1853 2911 1921 fert,
2946 1870 3127 1924 neque
3158 1855 3494 1910 determina-

1922 1952 2031 1997 tam
2061 1943 2536 1999 condemnationis
2575 1944 2630 1998 in
2668 1944 2887 2001 Judaeos
2916 1947 3209 2013 rationem,
3240 1947 3334 2002 sed
3383 1947 3491 2002 vim

1921 2049 1986 2090 ac
2030 2034 2328 2090 efﬁcaciam
2387 2036 2542 2090 utilia
2596 2037 2966 2108 praemonendi
3026 2039 3213 2095 habet.
3251 2039 3492 2094 Noverat

1919 2127 2066 2181 enim
2103 2127 2297 2197 quales
2324 2126 2493 2182 futuri
2523 2137 2702 2192 erant,
2733 2137 2786 2184 et
2833 2129 2900 2185 de
2943 2119 3051 2185 illis
3083 2133 3487 2201 pronuntiavit,

1919 2231 2236 2286 quanquam
2272 2232 2384 2271 non
2429 2218 2498 2272 ad
2542 2232 2735 2274 onmes
2773 2220 3010 2290 pertinet
3047 2234 3249 2288 sermo,
3284 2222 3380 2277 sed
3422 2224 3490 2278 ad
3574 2290 3579 2295 _

1919 2307 2070 2361 solos
2114 2306 2386 2372 inﬁdeles,
2421 2308 2579 2362 multi
2608 2309 2754 2362 enim
2784 2324 2853 2363 ex
2895 2310 2964 2366 iis
3001 2311 3362 2366 crediderunt
3389 2313 3437 2346 ⁸⁵
3471 2331 3487 2368 :

1919 2394 2002 2450 sic
2036 2393 2206 2463 igitur
2255 2396 2551 2450 ediderunt
2608 2395 2987 2469 Septuaginta.
3036 2397 3350 2457 Verisimile
3403 2410 3489 2459 est

1916 2500 2050 2539 vero
2101 2487 2503 2556 evangelistam
2559 2486 2911 2544 Hebraeorum
2970 2491 3271 2568 editionem
3326 2506 3487 2550 secu-

1917 2588 2031 2633 tum
2083 2591 2113 2630 a
2161 2575 2520 2647 Septuaginta
2553 2579 2858 2645 diversam,
2886 2582 3097 2639 dixisse
3151 2584 3278 2649 hoc,
3300 2604 3321 2637 ι
3352 2584 3488 2640 Pro-

1920 2676 2108 2737 pterea
2143 2681 2254 2721 nou
2283 2676 2538 2736 poterant
2568 2669 2813 2737 credere,
2839 2673 2969 2741 quia
2996 2675 3401 2731 excarcaviteos
3433 2695 3479 2731 τι

1912 2764 1969 2811 et
2002 2755 2185 2827 quoad
2218 2766 2468 2826 apertam
2499 2757 2799 2814 dictionem
2842 2776 2951 2816 non
2998 2763 3135 2817 dixit
3174 2779 3486 2822 excaecasse

1916 2847 2103 2917 ipsos;
2129 2863 2229 2918 par
2251 2856 2337 2903 est
2361 2858 2544 2904 autem
2578 2851 2747 2904 alium
2778 2851 2884 2906 boc
2914 2852 3135 2920 iecisse,
3164 2865 3224 2909 ut
3254 2872 3486 2913 conver-

1915 2948 2166 2995 terentur
2226 2940 2440 3009 Judazi,
2487 2952 2542 2998 et
2604 2945 2937 3001 medicinam
2989 2961 3482 3020 consequerentur.

1916 3034 2072 3101 Quod
2111 3034 2159 3090 si
2208 3036 2551 3105 accipiamus
2601 3035 2771 3091 Deum
2804 3054 3128 3106 excatcasse,
3154 3041 3235 3098 sic
3278 3043 3487 3101 intelli-

1911 3127 2169 3197 gendam,
2202 3128 2527 3199 permisisse
2552 3143 2650 3185 eos
2694 3132 2807 3200 pati
2842 3133 3143 3188 caecitatem
3177 3150 3207 3188 a
3237 3135 3481 3205 diabolo,

1908 3220 2037 3290 quia
2089 3221 2222 3274 boni
2258 3235 2368 3275 non
2400 3229 2589 3276 essent
2634 3222 2843 3278 habitu.
2881 3222 2973 3278 Sic
3024 3226 3169 3279 enim
3223 3229 3391 3284 tradit
3427 3231 3482 3286 in

1909 3314 2203 3383 reproliam
2256 3322 2521 3379 mentem,
2561 3323 2616 3369 et
2658 3315 2714 3368 in
2766 3316 3138 3373 calamitatem
3188 3321 3236 3375 ei
3269 3321 3482 3378 similes

1906 3406 2181 3461 moribus.
2212 3404 2465 3472 Quaudiu
2517 3422 2650 3461 vero
2686 3409 2821 3463 tales
2859 3419 3055 3476 erant,
3097 3428 3207 3467 nou
3261 3430 3478 3486 aequum
3510 3422 3519 3431 '

1905 3505 2025 3552 erat
2054 3498 2134 3553 eis
2179 3498 2596 3553 communicare
2631 3499 2973 3556 altitudinem
3019 3510 3071 3557 et
3121 3504 3303 3559 abdita
3361 3522 3481 3579 my-

1905 3589 2085 3654 sterii,
2117 3589 2210 3659 qui
2266 3604 2334 3643 ne
2380 3589 2598 3658 quidem
2654 3591 2833 3659 legum
2886 3603 3158 3664 praecepta
3192 3597 3479 3654 observas-

1904 3691 2046 3737 senl.
2078 3680 2311 3747 Quando
2338 3697 2469 3736 vero
2500 3697 2679 3750 neque
2724 3684 2920 3754 legem,
2952 3699 3132 3756 neque
3158 3691 3474 3760 evangelica

1902 3782 2174 3846 praecepta
2200 3782 2555 3844 exceperunt,
2585 3789 2839 3845 soporem
2871 3785 2927 3831 et
2951 3786 3238 3832 veternum
3273 3783 3475 3839 mentis

1902 3867 2246 3922 nictantibus
2280 3867 2457 3922 oculis
2485 3869 2660 3939 passi,
2696 3877 2983 3938 propterea
3033 3884 3134 3925 nec
3168 3872 3474 3928 institutio-

1902 3975 2049 4021 nem,
2074 3973 2195 4029 qua:
2223 3959 2347 4014 illos
2371 3960 2686 4013 illuminare
2719 3961 2861 4030 potis
2889 3962 2982 4026 sit,
3016 3961 3334 4019 admittunt.

1976 4050 2088 4118 XII,
2116 4052 2203 4105 41.
2237 4051 2364 4105 Ηαέ
2393 4068 2510 4105 vero
2537 4051 2673 4104 dixit
2714 4050 2913 4120 Isaias,
2945 4048 3155 4123 quando
3204 4055 3329 4109 vidit
3358 4057 3474 4127 gloo

1899 4142 2038 4195 riam
2067 4141 2203 4210 ejus,
2231 4150 2281 4194 et
2311 4140 2375 4194 de
2401 4158 2460 4194 eo
2492 4142 2694 4195 locum:
2726 4152 2825 4197 est.

1971 4232 2131 4300 Quod
2168 4230 2366 4309 Filium
2420 4233 2686 4302 propheta
2719 4233 3073 4303 conspicatus
3104 4235 3175 4290 sit
3206 4235 3260 4289 in
3297 4239 3468 4308 gloria

1900 4321 1996 4379 Dei
2056 4331 2111 4377 et
2164 4321 2387 4386 Patris,
2434 4339 2593 4378 nemo
2654 4324 2918 4394 ambigit,
2970 4327 3278 4394 praesertim
3342 4344 3469 4382 cum

1897 4414 2140 4470 Joannes
2168 4416 2373 4471 diserte
2408 4416 2613 4470 scribat
2657 4414 2724 4470 de
2773 4431 2861 4481 eo,
2893 4417 3042 4487 quod
3099 4418 3213 4473 hare
3265 4419 3471 4476 dixerit

1900 4507 2097 4567 Isaias,
2134 4506 2265 4576 quia
2307 4506 2445 4561 vidit
2470 4506 2704 4577 gloriam
2729 4508 2874 4577 ejus.
2899 4509 3134 4566 Attende
3166 4526 3295 4566 vero
3333 4513 3469 4569 mihi

1900 4601 2104 4654 divina:
2125 4600 2445 4655 eminentia:
2485 4600 2854 4669 maiestatem,
2879 4610 2934 4657 et
2964 4603 3126 4673 710
3159 4604 3214 4658 in
3248 4618 3466 4660 omnem

1897 4693 2250 4748 eminentiam
2308 4690 2616 4761 imperium.
2668 4691 2763 4747 ille
2817 4694 2964 4748 enim
3020 4695 3076 4750 in
3121 4698 3337 4752 excelso
3402 4713 3467 4753 ac

1898 4784 2119 4841 sublimi
2171 4784 2309 4839 solio
2357 4782 2509 4839 sedet
2548 4784 2862 4854 insignibus
2906 4788 3060 4857 regni
3096 4798 3258 4859 atque
3297 4804 3466 4843 orua‘

1899 4876 2101 4930 mentis
2158 4874 2445 4945 magniﬁce
2511 4875 2907 4941 circumdatus,
2959 4893 3119 4947 quem
3189 4893 3465 4948 supremae

1896 4968 2174 5037 potentiae,
2208 4967 2353 5020 ultra
2385 4981 2522 5036 quas
2566 4975 2943 5023 creaturarum
2990 4968 3128 5022 nihil
3168 4985 3291 5026 esse
3328 4970 3465 5026 dici-

1899 5067 2010 5122 tur,
2044 5058 2099 5112 in
2138 5057 2333 5113 ordine
2377 5058 2739 5113 famulantum
2783 5060 3224 5125 circumsistunt,
3253 5071 3307 5117 et
3344 5065 3465 5118 l'au-

1892 5150 1995 5207 stis
2025 5150 2529 5206 acclamationibus
2565 5151 2930 5222 laudibusque
2961 5163 3319 5209 venerantur.
3345 5155 3463 5210 Ca:-

1894 5250 2070 5298 terum
2094 5257 2444 5313 nequaquam
2469 5244 2801 5299 censendum
2824 5252 2910 5299 est
2946 5244 3108 5299 locali
3133 5246 3462 5303 celsitudine

1891 5335 2139 5391 divinum
2175 5336 2374 5389 solium
2427 5337 2716 5400 constitui,
2747 5335 2799 5390 id
2849 5336 2994 5391 enim
3034 5337 3283 5407 cogitare
3338 5338 3458 5394 ine-

1889 5437 2042 5500 ptum
2081 5426 2264 5481 fuerit.
2299 5425 2358 5480 In
2389 5426 2612 5482 sublimi
2659 5442 2792 5482 vero
2820 5426 3064 5482 divinum
3096 5429 3295 5485 solium
3326 5445 3459 5484 con-

1895 5517 2167 5584 stituitur,
2212 5516 2266 5570 in
2304 5525 2569 5587 quantum
2618 5517 2764 5572 ultra
2805 5534 3022 5575 omnem
3066 5528 3323 5576 naturam
3374 5521 3458 5576 in-
