4010 6320
525 271 592 329 99
1512 269 1570 323 S.
1616 266 1895 324 CYRILLI
1937 265 2407 322 ALEXANDRINI
2447 267 2769 322 ARCIIIEP.

3659 269 3759 323 100

525 384 855 456 telligibilem
917 384 1068 454 regni
1124 383 1219 438 Dei
1279 383 1452 453 gloria
1507 385 1846 454 concipitur,
1911 385 2087 440 sessio

2199 384 2408 452 φύσεως
2438 385 2658 455 νοητῆς,
2684 386 2784 454 τῆς
2810 384 2903 438 τοῦ
2932 382 3069 438 Θεοῦ
3107 382 3382 454 βασιλείας
3411 387 3441 455 ἡ
3469 386 3594 452 δόξα
3648 389 3682 456 ἡ
3709 387 3761 441 δὲ

525 493 652 533 vero
700 479 752 532 in
792 491 879 542 co,
919 475 1089 530 veluti
1125 475 1500 530 ﬁrmissimam
1556 475 1611 529 in
1643 477 1909 551 bonorum
1945 476 2095 530 iden—

524 570 682 622 titatc
720 568 1018 622 stationem
1065 581 1130 620 ac
1179 564 1527 622 durationem
1577 565 1795 622 videtur
1840 568 2091 622 innuero.

527 661 617 714 Sic
648 659 794 714 enim
821 657 974 711 canit
1002 664 1056 712 et
1082 657 1307 713 divinus
1343 657 1517 713 David
1551 676 1566 712 :
1606 676 1624 710 ι
1675 657 1817 713 Deus
1853 659 2005 713 sedet
2039 659 2092 712 in

526 753 664 806 solio
695 757 888 805 sancto
921 747 1133 818 ejus“.
1175 766 1193 799 ι
1231 747 1295 802 Ει
1343 747 1567 818 quidem
1609 751 1777 803 etiam
1830 749 2095 819 propheta

525 842 789 898 Jeremias
833 841 1034 895 alicubi
1081 841 1148 895 ad
1216 840 1398 910 ipsum
1439 841 1565 896 ait:
1604 857 1625 891 ι
1667 840 1748 894 Τιι
1798 841 1996 896 sedens
2038 844 2093 896 in

527 933 808 997 saeculum,
833 940 886 985 et
906 947 1008 988 nos
1029 941 1322 1002 pereuntes
1352 932 1404 985 in
1432 932 1694 987 saeculum
1721 933 1787 986 ⁵⁷.
1816 950 1834 984 ›
1872 931 2097 1002 Semper

526 1028 673 1080 enim
723 1034 779 1083 et
813 1028 962 1082 omni
1019 1037 1270 1096 tempore
1306 1028 1687 1096 corruptibilis
1735 1034 1821 1083 est
1859 1035 1912 1082 et
1953 1028 2096 1082 facta

528 1128 750 1183 natura,
781 1128 834 1174 et
865 1119 1050 1174 omnia
1081 1120 1262 1190 genita
1301 1119 1446 1173 intra
1477 1119 1624 1173 hunc
1659 1119 1884 1174 modum
1923 1133 1982 1175 se
2007 1119 2099 1173 ha-

528 1209 678 1263 bent.
705 1206 872 1262 Sedet
920 1223 1070 1272 vero,
1098 1216 1156 1261 ut
1197 1207 1335 1270 dixi,
1368 1208 1616 1261 omnium
1655 1207 1835 1278 opifex
1870 1215 1925 1262 ct
1965 1222 2096 1277 ope-

529 1302 701 1355 ratrix
758 1301 1070 1371 sapientia,
1121 1301 1173 1354 id
1235 1306 1321 1353 cst
1375 1299 1762 1354 inconcussam
1820 1299 1984 1353 habet
2040 1299 2095 1353 in

526 1393 716 1446 eodem
770 1394 1256 1462 perseverantiam.
1287 1389 1385 1445 Vel
1439 1392 1607 1460 igitur
1645 1390 1846 1454 sedere,
1881 1390 2095 1446 Domini

530 1495 782 1538 naturam
821 1482 1117 1552 signiﬁcat,
1163 1482 1249 1536 vel
1282 1497 1513 1553 regnum
1569 1482 1764 1551 ipsius.
1809 1482 2095 1550 Seraphim

531 1577 586 1631 in
621 1577 804 1645 specie
851 1590 1136 1630 servorum
1185 1575 1233 1630 ei
1287 1575 1622 1636 astantibus,
1665 1589 1898 1642 quorum
1939 1574 2097 1642 longe

530 1682 698 1737 supra
739 1681 932 1721 omnes
972 1665 1198 1735 angelos
1243 1673 1329 1718 est
1373 1664 1640 1733 dignatio.
1662 1661 2098 1733 ,lnterpretamur

529 1770 710 1814 autem
762 1757 1046 1828 Seraphim
1092 1757 1245 1811 velut
1300 1753 1656 1810 incendiarios
1700 1755 1817 1810 sive
1874 1755 2090 1824 inﬂam-

529 1858 735 1904 mantes
785 1864 804 1903 :
840 1848 979 1903 nihil
1029 1848 1174 1902 enim
1227 1845 1489 1918 frigidum
1543 1847 1612 1901 ad
1672 1861 1960 1916 supremas
2003 1861 2096 1916 po-

530 1949 778 2004 testatos,
819 1955 943 2010 qua:
978 1938 1087 1994 Deo
1140 1938 1408 2009 proxima:
1447 1946 1598 2000 sunt.
1654 1938 1893 1993 accedit.
1941 1936 2098 2003 Quod

528 2046 660 2086 vero
695 2031 982 2100 Seraphim
1015 2029 1117 2086 alis
1139 2029 1398 2099 obtegant
1435 2028 1631 2084 faciem
1657 2036 1712 2084 et
1735 2029 1925 2099 pedes,
1955 2029 2099 2084 dua-

529 2120 741 2188 busque
788 2119 892 2173 alis
943 2118 1148 2180 volent,
1181 2117 1402 2186 signum
1452 2129 1540 2173 est
1573 2133 1684 2172 non
1718 2132 1880 2188 posse
1907 2134 2098 2189 quem-

527 2225 693 2281 quam
730 2217 1058 2279 conceptum
1107 2216 1162 2263 et
1216 2207 1486 2263 rationem
1537 2208 1605 2262 de
1645 2207 1779 2272 Deo,
1806 2217 1900 2263 aut
1941 2210 2096 2279 prin-

530 2303 733 2373 cipium
782 2309 877 2354 ant
931 2298 1094 2354 ﬁnem
1167 2298 1391 2353 intueri.
1429 2297 1601 2367 Caput
1640 2299 1785 2352 enim
1826 2306 1881 2354 et
1922 2299 2098 2353 vultus

528 2392 863 2464 principium
900 2391 1199 2461 signiﬁcat,
1222 2388 1376 2459 pedes
1400 2404 1530 2444 vero
1558 2389 1719 2445 ﬁnem
1747 2407 1759 2442 :
1791 2404 1957 2460 porro
1979 2390 2099 2445 sine

529 2482 806 2554 principio
840 2491 893 2536 et
919 2480 1042 2536 ﬁne
1089 2479 1260 2545 Deus,
1293 2487 1346 2535 et
1379 2493 1481 2534 nos
1529 2480 1616 2533 vix
1667 2479 1908 2534 medium
1943 2495 2098 2536 asse—

530 2553 774 2644 quimur,
805 2585 890 2635 ea,
909 2553 1156 2640 inquam,
1187 2585 1308 2639 qua:
1335 2569 1640 2624 secundum
1674 2578 1918 2638 tempore
1945 2578 2096 2636 sunt,

529 2663 838 2721 secundum
891 2677 1033 2731 quae,
1067 2676 1132 2716 ea
1185 2675 1305 2730 quae
1344 2660 1641 2731 aliquando
1693 2676 1802 2715 non
1835 2669 1997 2715 erant
2043 2662 2097 2716 in

528 2769 716 2810 rerum
744 2761 997 2808 naturam
1040 2750 1303 2821 producta
1349 2759 1498 2806 sunt.
1531 2749 1731 2806 Volant
1763 2762 1942 2806 autem
1976 2763 2099 2806 tan-

530 2859 694 2915 quam
740 2843 880 2900 nihil
930 2843 1200 2898 habentes
1252 2843 1527 2912 abjectum
1559 2858 1624 2897 ac
1658 2843 1985 2910 demissum,
2013 2852 2101 2898 ut-

532 2945 658 3006 pote
685 2949 917 3006 quorum
961 2933 1192 3004 spiritus
1225 2933 1401 3003 magis
1447 2934 1502 2987 in
1552 2933 1783 2987 sublime
1831 2933 1899 2987 ad
1931 2932 2100 2988 Deum

534 3027 727 3086 tendit.
773 3025 884 3082 Nec
914 3025 1062 3081 enim
1113 3023 1284 3080 sicuti
1331 3039 1431 3080 nos
1465 3032 1682 3078 terrena
1730 3025 1972 3094 sapiunt,
2003 3025 2097 3080 sed
2125 3063 2171 3124 ο

531 3116 590 3172 ἱιι
614 3115 948 3186 quibusdem
979 3130 1090 3169 non
1120 3114 1448 3169 enarrandis
1478 3115 1908 3184 speculationum
1943 3114 2098 3171 fasti-

531 3208 639 3280 giis
665 3222 730 3261 ac
758 3205 1198 3262 sublimitatibus
1248 3221 1520 3276 supremae
1572 3207 1831 3275 potentiae
1863 3219 2096 3264 mentem

532 3302 852 3366 occupatam
885 3294 1112 3350 habent.
1139 3293 1214 3348 Os
1253 3296 1420 3350 etiam
1449 3295 1529 3349 cis
1561 3295 1813 3350 laudibus
1839 3306 1892 3350 et
1916 3298 2098 3351 faven-

474 3423 481 3430 -
532 3387 668 3440 tium
689 3384 1177 3439 acclamationibus
1200 3393 1498 3453 personat:
1522 3385 1724 3455 quippe
1753 3384 1845 3441 Dei
1868 3387 2099 3457 gloriam

530 3478 855 3537 concinunt,
890 3477 1053 3546 idque
1083 3476 1332 3541 alternis,
1378 3493 1488 3531 non
1514 3478 1658 3544 quod
1699 3475 1976 3542 fatiscant,
2004 3479 2098 3534 sed

532 3568 764 3623 invicem
849 3566 1008 3636 711
1095 3565 1201 3621 sibi
1261 3564 1526 3620 honorem
1583 3567 1988 3631 com-edentes,
2046 3572 2100 3621 ct

533 3660 704 3714 Deum
735 3657 992 3712 laudandi
1023 3656 1200 3712 vicem
1223 3657 1326 3712 sibi
1353 3667 1543 3711 mutuo
1574 3659 1851 3714 tradentes
1881 3674 1894 3710 :
1919 3658 2100 3711 omnia

531 3751 676 3807 enim
709 3749 764 3804 in
806 3748 1002 3803 ordine
1056 3763 1178 3819 qua:
1227 3763 1394 3817 supra
1440 3755 1590 3802 sunt.
1628 3747 1733 3803 Ter
1763 3764 1893 3802 vero
1932 3749 2097 3811 .illud,

533 3850 790 3906 sanctus,
827 3840 1073 3895 dicentes
1131 3840 1472 3896 concludunt
1533 3841 1986 3911 gloriﬁcationem
2042 3843 2098 3896 in

533 3933 658 3996 hoc,
692 3950 712 3983 ι
757 3929 1020 3984 Dominus
1043 3927 1317 3996 .Sabaoth,
1364 3949 1382 3983 ι
1423 3931 1477 3986 in
1511 3946 1616 3984 una
1650 3940 1860 3984 natura:
1897 3931 2099 3986 deitate

533 4031 783 4080 sanctam
823 4022 1152 4097 Trinitatem
1187 4022 1548 4078 collocantcs.
1595 4021 1904 4077 Subsistere
1952 4024 2097 4077 enim

534 4130 663 4169 vere
695 4114 932 4170 dicimus
965 4114 1204 4180 Patrem,
1250 4115 1332 4170 sic
1375 4124 1430 4171 et
1481 4115 1700 4182 Filium,
1733 4124 1785 4170 et
1835 4116 2098 4186 Spiritum

536 4216 814 4270 sanctum,
842 4222 942 4262 nec
975 4208 1084 4262 ulla
1119 4208 1264 4262 ratio
1300 4208 1354 4261 in
1402 4207 1772 4262 diversitatem
1815 4208 2098 4277 physicam

534 4300 724 4354 divisit
755 4315 1201 4372 unumquemque
1259 4298 1733 4368 supradictorum,
1761 4298 1858 4353 sed
1899 4300 1954 4354 in
2002 4300 2100 4354 tri-

536 4391 663 4462 plici
703 4391 986 4464 hypostasi
1020 4405 1128 4445 una
1156 4390 1335 4445 deitas
1365 4389 1708 4459 intelligitur.

605 4483 1073 4551 Quemadmodum
1113 4483 1259 4538 enim
1299 4481 1466 4537 carbo
1503 4489 1700 4536 natura
1736 4481 1940 4552 lignum
1980 4494 2096 4548 est,

531 4586 585 4632 et
613 4577 812 4647 alioqui
844 4584 994 4632 totus
1023 4591 1121 4646 per
1153 4582 1327 4630 totum
1362 4573 1484 4643 igne
1515 4573 1708 4632 plenus
1735 4581 1851 4637 cst,
1872 4573 2100 4644 ejusque

532 4669 639 4722 vim
682 4683 745 4723 ac
791 4668 1086 4723 eﬁicaciam
1123 4665 1318 4730 habet,
1359 4663 1437 4717 sic
1463 4670 1517 4718 et
1549 4661 1786 4718 Verbum
1827 4663 1970 4734 ignis
2006 4679 2101 4719 ex-

533 4761 736 4815 sistens
771 4768 830 4813 ut
864 4759 1042 4824 Deus,
1073 4776 1092 4809 ι
1125 4756 1328 4810 factum
1360 4765 1446 4810 est
1475 4769 1633 4819 caro,
1661 4765 1717 4810 et
1748 4756 2015 4811 habitavit
2042 4757 2098 4812 in

532 4849 710 4904 nobis.
742 4868 761 4901 ι
789 4847 901 4902 Etsi
946 4861 1076 4900 vero
1101 4845 1544 4914 conspiciebatur
1582 4844 1748 4898 homo
1794 4844 1968 4900 instar
2000 4862 2097 4900 no-

531 4949 704 4995 strum
730 4955 794 4995 ex
826 4937 1249 5009 dispensationis
1283 4936 1494 5001 ordine,
1519 4945 1758 4991 attamen
1789 4952 1949 4993 omne
1981 4937 2097 4993 dei-

531 5033 660 5087 tatis
685 5031 1143 5101 complementum
1175 5027 1230 5082 in
1259 5041 1324 5081 eo
1350 5026 1664 5093 residebat,
1697 5028 1955 5082 nimirum
2001 5045 2098 5099 per

533 5121 753 5177 unionis
792 5119 1035 5174 modum.
1087 5117 1297 5171 idcirco
1334 5117 1498 5172 etiam
1540 5133 1634 5187 per
1675 5134 1830 5174 suam
1874 5133 2094 5174 carnem

532 5209 643 5265 Deo
694 5209 1048 5280 dignissimas
1095 5207 1300 5263 habere
1337 5209 1583 5263 cernitur
1621 5211 1991 5280 operationes.
2035 5214 2093 5268 Si

531 5315 661 5356 vero
690 5298 909 5354 dicatur
944 5297 1156 5369 forcipe
1185 5299 1344 5369 capi,
1404 5300 1680 5370 intelliges
1731 5303 2008 5371 eleganter
2039 5312 2096 5360 ct

532 5391 762 5454 urbane,
790 5403 892 5445 nos
923 5391 1071 5444 circa
1102 5404 1225 5444 eum
1252 5389 1410 5444 ﬁdem
1436 5405 1502 5444 ac
1530 5391 1780 5446 notitiam
1813 5394 1958 5449 velut
1995 5396 2095 5450 ali-

529 5494 638 5549 qua
667 5478 896 5550 forcipe.
933 5495 1030 5550 per
1050 5479 1251 5549 legales
1280 5479 1443 5534 simul
1478 5488 1532 5535 et
1569 5481 1915 5550 propheticas
1937 5484 2096 5542 insti-

530 5570 795 5638 tutiones,
826 5570 941 5626 sive
965 5569 1350 5641 praedictiones
1380 5576 1435 5624 et
1458 5570 1820 5632 testimonia,

606 5684 651 5715 "
687 5683 833 5742 Psal.
866 5700 1025 5752 ιινι,
1060 5685 1144 5740 l9.
1224 5685 1269 5716 ⁸⁷
1308 5681 1518 5738 Baruch
1552 5698 1650 5748 ιιι,
1685 5683 1740 5738 5.

2196 474 2412 538 κάθισις
2441 477 2474 545 ἡ
2512 475 2596 528 ἐπ’
2633 475 2804 544 αὐτῷ,
2832 475 2930 545 τὴν
2967 475 3122 529 οἷονεί
3176 475 3527 546 βεϐαιοτάτην
3567 477 3661 530 καὶ
3707 479 3762 529 ὲν

2195 567 2476 636 ταυτότητι
2496 567 2602 620 τῶν
2631 566 2850 635 ἀγαθῶν
2877 567 3084 638 ἴδρυσίν
3104 584 3163 619 τε
3187 568 3281 621 καὶ
3303 567 3564 639 διαμονὴν
3590 567 3763 621 ἔοικεν

2195 658 2514 729 ὑποδηλοῦν.
2540 659 2747 714 Ψάλλει
2777 661 2884 732 γὰρ
2912 660 3053 713 οὕτω
3079 660 3171 713 καὶ
3196 661 3225 714 ὁ
3254 659 3394 724 θεῖος
3425 660 3587 715 Δαϐίδ
3607 681 3620 692 ο
3651 680 3670 712 ι
3708 661 3764 713 ὐ

2196 751 2331 812 θεὸς
2380 751 2614 821 κάθηται
2657 751 2750 804 ἐπὶ
2803 751 2994 821 θρόνου
3034 751 3189 818 ἁγίου
3244 750 3430 804 αὑτοῦ.
3464 771 3483 803 ι
3519 753 3629 806 Καὶ
3661 752 3765 822 μὴν

2197 843 2290 894 καὶ
2322 843 2350 894 ὁ
2399 843 2688 912 προφήτης
2742 842 3014 912 Ἱερεμίας
3058 841 3196 910 πρὸς
3231 843 3392 896 αὐτόν
3443 843 3546 897 πού
3597 861 3762 912 φησι·

2203 953 2220 984 ι
2253 933 2323 986 Σὺ
2369 932 2677 1003 καθήμενος
2709 935 2790 996 εἰς
2820 933 2912 986 τὸν
2954 933 3150 997 αίῶνα,
3186 935 3280 987 καὶ
3332 935 3492 1005 ἡμεῖς
3533 935 3765 989 άπολλύυ

2199 1043 2352 1096 μενοι
2390 1027 2469 1088 εἰς
2492 1025 2582 1078 τὸν
2612 1025 2798 1078 αἰῶνα.
2829 1044 2848 1076 ι
2883 1025 2992 1079 Ἀεὶ
3027 1025 3136 1096 γὰρ
3167 1025 3260 1078 καὶ
3291 1027 3347 1080 έν
3379 1028 3540 1080 παντὶ
3567 1028 3762 1099 χρόνῳ,

2197 1117 2411 1188 φθαρτή
2443 1117 2502 1172 τέ
2525 1117 2756 1170 ἐστικαὶ
2785 1117 3126 1188 πεποιημένη
3155 1117 3313 1186 φύσις
3345 1119 3437 1170 καὶ
3461 1119 3570 1171 τῶν
3599 1135 3764 1189 γενη-

2195 1210 2305 1262 τῶν
2336 1211 2396 1262 ὲν
2425 1209 2634 1272 τούτοις
2670 1209 2733 1262 τὸ
2777 1209 2996 1280 μέτρον.
3024 1208 3276 1278 Κάθηται
3313 1209 3393 1274 δὲ,
3434 1210 3509 1273 ὡς
3547 1210 3764 1281 lenm!)

2198 1303 2419 1356 πάντων
2446 1304 2678 1372 τεχνῖτις
2707 1303 2801 1354 καὶ
2831 1300 3159 1372 δημιουργὸς
3192 1300 3374 1370 σοφία,
3409 1301 3557 1354 τοῦτ’
3597 1302 3763 1364 ἐστιν,

2196 1395 2492 1466 άκλόνητον
2515 1395 2628 1465 ἔχει
2660 1395 2758 1465 τὴν
2787 1395 2845 1446 ὲν
2876 1392 3059 1464 ταυτῷ
3085 1393 3364 1463 διαμονήν.
3391 1393 3463 1446 Ἦ
3500 1393 3677 1448 τοίνυν
3705 1395 3766 1448 τδ

2197 1488 2514 1557 καθῆσθαι,
2543 1487 2641 1558 τὴν
2675 1485 2767 1540 τοῦ
2803 1487 3073 1538 Δεσπότου
3097 1486 3258 1556 φύσιν
3291 1486 3565 1556 σημαίνει,
3602 1487 3635 1556 ἢ
3665 1486 3763 1555 τὴν

2200 1579 2476 1650 βασιλείαν
2522 1577 2709 1642 αὑτοῦ,
2765 1577 3134 1649 παρεστώτων
3187 1578 3364 1630 αὐτῶν
3418 1579 3476 1630 ὲν
3523 1578 3764 1648 σχήματι

2197 1670 2442 1734 δουλείας
2470 1669 2580 1722 τῶν
2608 1669 2880 1740 Σεραφὶμ,
2916 1668 2953 1722 ὃ.
2981 1668 3238 1739 ὑπεράνω
3278 1669 3393 1722 ἐστὶ
3425 1668 3520 1722 καὶ
3547 1671 3761 1740 ὲντιμόέ

2197 1775 2333 1830 τερα
2360 1758 2471 1812 τῶν
2509 1738 3020 1826 ἀγγέλωνίπάντων.
3060 1738 3484 1828 Διερμηνεύεται
3505 1757 3560 1810 δὲ
3593 1738 3760 1827 Σερα-

2198 1848 2324 1917 φὶμ,
2361 1846 2720 1916 ἐμπρησταί,
2758 1846 2876 1916 ἦτοι
2903 1847 3317 1915 θερμαίνοντες
3339 1863 3353 1877 ·
3395 1847 3601 1918 ψυχρὸν
3653 1849 3761 1918 γὰρ

2196 1935 2350 1991 οὐδὲν
2376 1937 2687 2006 παράγεται
2717 1937 2837 2000 ταῖς
2869 1936 2981 1990 ἄνω
3022 1936 3332 2006 δυνάμεσιν,
3369 1939 3533 2009 αἴπερ
3564 1939 3628 1993 ἂν
3653 1936 3761 1992 εἷεν

2200 2029 2436 2100 μάλιστα
2465 2029 2560 2082 καὶ
2601 2027 2769 2096 ἐγγὺς
2797 2027 2952 2082 Θεοῦ.
2990 2028 3264 2098 Σύμϐολον
3305 2027 3362 2082 δὲ
3388 2029 3450 2082 τὸ
3485 2033 3607 2094 ταῖς
3637 2030 3763 2084 πτέ-

2203 2119 2325 2190 ρυξι
2347 2117 2792 2173 κατακαλύπτειν
2810 2117 2878 2170 τά
2897 2118 3168 2188 Σεραφὶμ,
3188 2119 3250 2170 τό
3265 2135 3322 2170 τε
3355 2118 3643 2189 πρόσωπον
3668 2120 3765 2173 καὶ

2197 2211 2324 2274 τοὺς
2355 2209 2546 2274 πόδας,
2571 2209 2666 2262 καὶ
2696 2207 2954 2262 πέτεσθαι
2990 2210 3110 2270 ταῖς
3138 2207 3255 2261 δυσὶ
3283 2207 3526 2278 πτέρυξι,
3557 2207 3650 2261 τοῦ
3687 2212 3762 2279 μὴ

2197 2301 2451 2356 δύνασθαί
2492 2317 2644 2364 τινας
2688 2300 2721 2370 ἦ
2771 2299 2946 2370 ἀρχὴν
2998 2299 3030 2370 ἢ
3089 2299 3242 2362 τέλος
3281 2299 3414 2370 ὁρᾷν
3459 2299 3676 2352 ἐννοιῶν
3729 2298 3763 2362 ἡ

2197 2395 2371 2462 λόγων
2407 2393 2515 2447 τῶν
2559 2393 2688 2464 περὶ
2732 2393 2888 2448 Θεοῦ.
2930 2392 3192 2462 Σημαίνει
3233 2391 3344 2462 γὰρ
3384 2393 3486 2462 τὴν
3526 2393 3697 2464 ἀρχὴν
3729 2395 3763 2462 ἡ

2199 2485 2434 2555 κεφαλὴ
2474 2485 2567 2538 καὶ
2596 2486 2655 2538 τὸ
2685 2484 3037 2552 πρόσωπον-ο
3077 2483 3138 2537 τὸ
3176 2484 3231 2537 δέ
3260 2502 3324 2553 γε
3359 2485 3532 2548 τέλος,
3565 2487 3615 2538 οἱ
3657 2488 3767 2538 πό-

2198 2578 2330 2644 δες’
2379 2578 2616 2647 ἄναρχον
2653 2575 2760 2648 γὰρ
2786 2576 2846 2629 τὸ
2877 2576 3032 2630 Θεῖον
3063 2573 3158 2630 καὶ
3195 2576 3565 2648 ἀτελεύτητον,
3597 2594 3764 2647 προσ-

2200 2667 2469 2738 ϐάλλομεν
2493 2666 2550 2720 δὲ
2577 2668 2690 2730 τοῖς
2721 2666 2806 2720 διὰ
2841 2666 3006 2737 μέσου
3040 2668 3214 2737 μόλις,
3241 2670 3352 2730 τοῖς
3383 2667 3522 2721 κατά
3545 2684 3607 2736 γε
3637 2669 3765 2730 τοὺς

2199 2760 2427 2832 χρόνους
2457 2759 2599 2830 φημί
2619 2776 2633 2792 ο
2657 2758 2777 2813 καθ’
2812 2758 2904 2822 οὓς
2933 2759 3000 2813 τὰ
3032 2761 3130 2812 οὐκ
3159 2759 3287 2812 ὄντα
3323 2760 3450 2812 ποτὲ
3481 2759 3767 2832 παρήχθη-

2202 2869 2300 2905 σαν
2331 2851 2468 2922 πρὸς
2499 2847 2754 2918 ὓπαρξιν.
2786 2847 3046 2902 Πέτονταί
3073 2864 3135 2914 γε
3173 2848 3280 2918 μὴν
3316 2848 3392 2910 ὡς
3427 2848 3578 2901 οὐδὲν
3612 2849 3765 2918 ἔχον-

2199 2961 2291 3007 τες
2324 2943 2384 2996 τὸ
2415 2941 2886 3011 κατερῤιμμένονο
2926 2938 3060 3008 ὑψοῦ
3100 2937 3154 2990 δὲ
3187 2938 3386 3008 μᾶλλον
3418 2941 3504 2994 ἀεὶ
3534 2941 3594 2993 τὸ
3633 2943 3768 3012 φρό-

2201 3054 2348 3108 νημα
2381 3035 2516 3106 πρὸς
2544 3034 2693 3086 Θεόν.
2727 3032 2800 3084 Οὐ
2834 3031 2942 3102 γάρ
2965 3042 3046 3083 τοι
3069 3029 3203 3101 πρὸς
3229 3032 3376 3100 ἡμᾶς
3409 3032 3665 3102 φρονοῦσι
3699 3035 3766 3087 τά

2200 3129 2384 3182 κάτω·
2417 3126 2532 3181 ἀλλ’
2570 3127 2626 3178 ὲν
2663 3125 3001 3196 ἀπορρήτοις
3039 3125 3182 3176 τισὶν
3219 3123 3504 3195 ὑψώμασιν
3548 3125 3766 3179 ἐννοιῶν

2197 3219 2254 3272 αἱ
2282 3218 2556 3273 ἀνώταται
2592 3217 2869 3286 δυνάμεις,
2909 3215 3000 3269 τὸν
3039 3217 3236 3269 οἰκεῖον
3277 3215 3458 3286 έχουσι
3491 3218 3631 3272 νοῦν.
3663 3219 3765 3272 Εὕα

2199 3325 2381 3379 φημον
2411 3309 2468 3362 δὲ
2499 3308 2591 3361 καὶ
2615 3308 2676 3360 τὸ
2701 3303 2874 3377 στόμα
2899 3306 3080 3370 αὐτοῖς
3099 3323 3112 3337 ο
3141 3307 3480 3376 δοξολογοῦσι
3509 3309 3640 3380 γὰρ,
3671 3311 3766 3362 καὶ

2197 3401 2355 3454 τοῦτο
2395 3400 2452 3466 ἐξ
2478 3400 2738 3470 ἀμοιϐῆς,
2762 3399 2821 3452 ού
2847 3399 2935 3452 διά
2965 3417 3027 3470 γε
3056 3399 3116 3453 τὸ
3141 3401 3389 3468 κάμνειν,
3416 3400 3768 3471 παραχωροῦ-

2202 3507 2292 3543 σαι
2326 3490 2523 3560 μᾶλλον
2547 3489 2646 3552 τὰς
2674 3489 2842 3560 τιμὰς
2870 3489 3148 3560 ἀλλήλαις,
3182 3490 3276 3544 καὶ
3305 3489 3764 3561 ἀντιδωρούμεναι

2197 3582 2297 3646 τὰς
2324 3581 2656 3650 δοξολογίαςδ
2692 3583 2869 3637 πάντα
2895 3583 3006 3653 γὰρ
3041 3583 3098 3634 ὲν
3141 3582 3328 3661 κόσμῳ
3358 3583 3424 3636 τὰ
3475 3581 3607 3634 ἄνω.
3632 3581 3767 3652 Τρὶς

2197 3674 2255 3728 δὲ
2285 3674 2366 3738 τὸ,
2392 3674 2556 3743 ἅγιος
2608 3673 2877 3741 λέγοντες,
2916 3673 3296 3728 κατακλείουσι
3323 3673 3420 3742 τὴν
3461 3671 3766 3739 δοξολογίαν

2199 3765 2278 3827 είς
2313 3764 2393 3826 τὸ,
2444 3782 2461 3813 ι
2490 3761 2691 3832 Κύριος
2725 3760 2974 3825 Σαϐαὼθ,
3007 3783 3025 3814 ι
3076 3765 3134 3816 ὲν
3171 3764 3266 3832 μιᾷ
3295 3759 3507 3831 φύσεως
3553 3762 3767 3829 θεότητι

2198 3855 2298 3926 τὴν
2330 3855 2490 3922 ἁγίαν
2523 3854 2760 3916 τιθέντες
2804 3853 3026 3924 Τριάδα.
3071 3853 3394 3922 Ὑφεστάναι
3433 3854 3540 3924 γὰρ
3577 3853 3767 3923 ὁμολο-

2200 3947 2480 4016 γουμένως
2509 3945 2688 4014 φαμεν
2716 3944 2805 3996 τὸν
2843 3945 3081 4016 Πατέρα,
3105 3942 3246 3997 οὕτω
3268 3945 3324 3996 δὲ
3362 3945 3454 3997 καὶ
3497 3943 3586 3996 τὸν
3616 3944 3762 4008 Υἱὸν,

2200 4037 2297 4091 καὶ
2323 4037 2385 4089 τὸ
2419 4035 2643 4105 Πνεῦμα
2673 4035 2733 4088 τὺ
2763 4035 2936 4103 ἅγιον,
2981 4037 3074 4088 καὶ
3110 4035 3267 4103 λόγος
3296 4035 3468 4098 οὐδεὶς
3495 4036 3766 4105 διατέμνει

2199 4131 2334 4200 πρὸς
2362 4131 2654 4200 ἑτερότητα
2681 4128 2914 4198 φυσικὴν
2943 4127 3051 4181 τῶν
3089 4127 3490 4198 ὠνομασμένων
3517 4127 3764 4189 ἕκαστον,

2199 4222 2316 4276 ἀλλ’
2348 4223 2406 4276 ὲν
2432 4223 2768 4276 ὑποστάσεσι
2799 4221 2948 4292 τρισὶ
2975 4223 3178 4273 νοεῖται
3218 4221 3316 4291 μία
3348 4219 3556 4289 θεότης.

2277 4485 2486 4555 ’Ὠσπερ
2515 4483 2668 4554 γάρό
2694 4479 2916 4553 ἄνθραξ,
2942 4483 3007 4551 τῇ
3046 4478 3206 4550 φύσει
3247 4477 3403 4546 ξύλον
3443 4479 3556 4532 ἐστὶ
3576 4520 3589 4541 ,
3624 4479 3766 4549 πλὴν

2204 4573 2322 4635 ὅλος
2343 4571 2408 4624 δι’
2429 4571 2551 4624 ὅλου
2595 4570 2938 4641 μεμέστωται
2975 4569 3069 4622 τοῦ
3116 4569 3305 4638 πυρὸς,
3347 4570 3440 4621 καὶ
3465 4568 3562 4638 τὴν
3602 4569 3765 4620 αὐτοῦ

2201 4664 2432 4735 δύναμιν
2461 4664 2557 4716 καὶ
2604 4663 2888 4732 ἐνέργειαν
2926 4660 3058 4732 ἔχει,
3097 4660 3239 4714 οὕτω
3268 4660 3361 4713 καὶ
3385 4661 3415 4712 ὁ
3456 4660 3625 4726 Λόγος
3657 4661 3766 4728 πῦρ

2201 4756 2297 4820 ὢν,
2325 4757 2400 4820 ὡς
2421 4755 2573 4820 Θεὸς,
2601 4776 2620 4808 ι
2639 4755 2831 4825 γέγονε
2855 4754 3010 4824 σὰρξ,
3033 4753 3128 4807 καὶ
3155 4753 3462 4824 ἐσκήνωσεν
3482 4754 3539 4805 ὲν
3567 4753 3719 4820 ἡμῖν.
3743 4771 3761 4802 ι

2215 4848 2356 4903 Ἀλλ’
2386 4850 2436 4904 εἰ
2474 4848 2568 4902 καὶ
2595 4843 2664 4918 ἦν
2695 4846 2814 4901 καθ’
2842 4847 2990 4916 ἡμᾶς
3018 4843 3292 4916 ὁρώμενος
3313 4842 3595 4914 ἄνθρωπος
3626 4843 3767 4894 οἱκο-

2205 4939 2464 5010 νομικῶς,
2499 4939 2612 4992 ἀλλ’
2646 4934 2739 4992 οὖν
2773 4937 2918 4991 ἅπαν
2950 4937 3011 4990 τὸ
3055 4936 3154 5006 τῆς
3198 4934 3450 5003 θεότητος
3495 4932 3767 5002 πλήρωμα

2205 5030 2524 5100 κατῴκησεν
2563 5031 2621 5083 ὲν
2639 5028 2805 5098 αύτῷ,
2839 5028 2980 5083 κατά
3014 5027 3078 5096 γέ
3110 5043 3254 5097 φημι
3278 5026 3370 5078 τὸν
3399 5025 3498 5095 τῆς
3525 5022 3768 5084 ἑνώσεως

2200 5123 2424 5194 τρόπον.
2453 5121 2642 5193 Ταύτῃ
2668 5139 2751 5174 τοι
2781 5121 2876 5174 καὶ
2898 5120 2986 5173 διὰ
3011 5120 3112 5189 τῆς
3145 5119 3280 5181 ἰδίας
3303 5117 3522 5188 σαρκὸς,
3544 5117 3768 5186 θεοπρε-

2201 5214 2475 5277 πεστάτας
2523 5213 2662 5284 ἔχων
2693 5215 2887 5284 ὁρᾶται
2914 5213 3013 5276 τὰς
3053 5212 3355 5284 ἐνεργείας.
3389 5211 3451 5263 Εἰ
3479 5209 3534 5262 δὲ
3583 5208 3647 5279 δὴ
3680 5206 3767 5260 λέ-

2201 5319 2350 5371 γοιτο
2393 5306 2460 5373 τῇ
2485 5302 2661 5355 λαϐίδι
2693 5301 3084 5373 λαμϐάνεσθαι,
3122 5302 3372 5370 συνήσεις
3402 5297 3654 5360 ἀστείως,
3685 5295 3767 5349 ὅτι

2201 5393 2301 5462 τὴν
2333 5392 2420 5444 ἐπ’
2450 5389 2599 5460 αὐτῷ
2626 5390 2806 5444 πίστιν
2834 5390 2929 5443 καὶ
2951 5390 3150 5457 γνῶσιν
3170 5387 3420 5456 καθάπερ
3447 5383 3554 5436 τινὶ
3593 5381 3768 5435 λαϐίδι

2201 5481 2490 5552 δεχόμεθα,
2521 5480 2610 5534 διὰ
2640 5481 2884 5550 νομικῶν
2903 5497 2961 5533 τε
2992 5479 3108 5550 ἅμα
3128 5479 3224 5532 καὶ
3253 5473 3609 5548 προφητικῶν
3639 5487 3768 5525 παι-

2198 5573 2499 5641 δευμάτων,
2533 5574 2652 5642 ἦτοι
2685 5571 3138 5642 προαγορεύσεων
3169 5570 3262 5622 καὶ
3293 5563 3626 5637 μαρτυριῶν.
