4010 6320
215 303 303 358 l0!
1017 296 1081 350 IN
1121 295 1460 352 JOANNEM.
1497 327 1562 338 -—
1589 297 1714 350 LIB.
1759 295 1849 349 VII
1894 295 1980 350 ET
2027 295 2133 350 VIII
2167 295 2613 352 FRAGMENTA.

3351 302 3368 354 Ι
3383 299 3450 354 ()9.

283 423 469 488 Ὅμως
515 416 746 487 μέντοι
799 419 894 469 καὶ
939 417 1005 469 ἐκ
1055 415 1176 469 τῶν
1219 415 1526 484 ἀρχόντων
1573 415 1784 466 πολλοὶ

1963 411 2049 466 ΧΗ
2074 455 2087 477 ,
2122 413 2210 466 42.
2253 413 2447 467 Tamen
2483 424 2530 467 et
2566 428 2630 466 ea:
2663 413 2988 481 principibus
3021 415 3172 467 mulu’
3217 420 3451 471 credide—

212 514 584 566 ἐπίστευσαν
619 512 706 574 εἰς
749 510 954 572 αὐτὸν,
991 509 1085 572 καὶ
1116 507 1186 560 τὰ
1217 507 1362 577 ἑξῆς.

282 605 392 658 1Νῦν
429 603 532 672 μέν
570 619 654 654 τοι
692 600 1090 669 συνωθούμενοι
1136 599 1241 652 ὑπὸ
1269 598 1376 651 τῶν
1417 597 1659 667 σημείων
1705 597 1783 668 είς

210 699 268 750 τὸ
299 695 603 756 πιστεύειν,
652 693 745 746 καὶ
775 693 958 746 οὑκέτι
1006 691 1314 761 τολμῶντες
1368 691 1669 758 ἀντιλέγειν
1707 688 1784 758 τῷ

213 788 416 858 Κυρίῳ,
457 786 784 839 ἐκπίπτουσι
813 783 912 853 τῆς
960 783 1180 836 αἰωνίου
1224 781 1388 853 ζωῆς,
1429 783 1659 852 ἐπιμονῇ
1685 782 1784 850 τῆς

214 875 420 928 ἑαυτῶν
454 873 760 942 βδελυρίας,
792 871 888 942 τὴν
915 873 997 934 εἰς
1018 871 1339 940 ἀνθρώπους
1361 869 1494 924 αἱδὼ
1524 872 1623 940 τῆς
1648 870 1784 940 πρὸς

213 970 340 1022 Θεὸν
386 968 716 1030 οἱκειώσεως
765 968 1230 1037 προτιμήσαντες,
1281 966 1374 1019 καὶ
1427 966 1584 1037 δόξης
1617 983 1783 1037 προσο

214 1060 401 1130 καίρου
456 1058 635 1111 δοῦλοι
684 1058 857 1122 ὄντες,
911 1058 1184 1128 ἀφόρητον
1238 1059 1529 1127 ἡγούμενοι
1581 1058 1783 1126 ζημίαν

211 1153 270 1204 τὸ
302 1153 558 1202 ἐκπεσεῖν
597 1149 696 1214 τῆς
721 1149 783 1200 ὲκ
815 1146 924 1199 τῶν
951 1147 1260 1216 Φαρισαίων
1295 1147 1475 1216 τιμῆς.
1519 1147 1671 1199 Ἐπεὶ
1691 1141 1783 1200 οὖν

211 1243 368 1297 τοῦτο
393 1238 463 1311 ἦν
501 1242 564 1294 τὸ
591 1239 798 1292 κωλὺον
825 1240 1022 1302 αὑτοὺς
1055 1239 1347 1292 πιστεῦσαι
1374 1241 1517 1299 τότε,
1552 1240 1782 1294 ἄκουσον

210 1335 261 1388 τί
294 1351 464 1403 φησιν
494 1335 521 1384 ὁ
547 1331 800 1403 Χριστός.

292 1427 354 1477 '0
399 1425 701 1478 πιστεύων
759 1425 846 1488 είς
894 1421 1030 1491 ἐμὲ,
1076 1424 1148 1476 οὐ
1199 1423 1466 1476 πιστεύει
1524 1425 1612 1488 είς
1656 1422 1781 1492 ἐμὲ,

209 1519 348 1573 ἀλλ’
370 1519 460 1583 εἰς
487 1517 592 1570 τόν
621 1514 942 1586 πέμψαντά
963 1532 1059 1584 με,
1094 1516 1190 1568 καὶ
1218 1514 1285 1567 τὰ
1320 1513 1466 1584 ἑξῆς.

285 1611 494 1680 Κράζει
539 1610 594 1663 δὲ
627 1609 776 1682 παρά
810 1609 871 1661 τὸ
920 1607 1106 1671 εἰωθὸς
1147 1607 1358 1678 ἑαυτῷ,
1392 1607 1601 1676 ἐλέγχει
1650 1606 1706 1659 δὲ
1747 1607 1781 1678 ἡ

215 1701 433 1770 κραυγὴ
458 1701 568 1753 τῶν
595 1699 1000 1753 πιστευσάντων
1041 1697 1140 1769 μὲν
1168 1700 1246 1761 είς
1283 1699 1463 1761 αὑτὸν,
1493 1699 1592 1750 οὑκ
1621 1700 1784 1765 ἐγκα-

1891 514 2011 556 runt
2049 506 2100 557 in
2145 522 2284 566 cum,
2315 515 2422 559 etc.

1959 594 2247 650 Enimvero
2273 597 2384 665 jam
2403 596 2673 664 compulsi
2697 596 2982 651 miraculis
3007 596 3074 650 ad
3097 599 3451 662 credendum,

1889 702 1989 740 nec
2016 687 2154 739 ultra
2184 688 2448 740 audentes
2474 687 2850 741 contradicere
2878 685 3133 753 Domino,
3162 689 3230 742 ah
3249 696 3455 743 acterna

1889 780 1997 833 vita
2031 779 2293 833 excidunt
2320 797 2332 832 :
2364 779 2566 848 quippe
2598 779 2651 832 in
2676 793 2773 833 sua
2816 780 3058 848 nequitia
3087 779 3360 836 obﬁrmati
3389 795 3454 834 ac

1889 880 2324 940 perseverantes,
2360 871 2627 940 pudorem
2663 886 2725 924 ac
2759 871 3142 926 verecundiam
3172 873 3452 927 hominum

1890 963 1982 1017 Dei
2030 965 2205 1016 amori
2246 979 2309 1017 ac
2349 962 2725 1032 conjunctioni
2757 970 3115 1032 anteponunt,
3156 971 3456 1018 momenta-

1889 1069 2006 1109 nea:
2041 1055 2230 1124 gloria:
2254 1055 2417 1118 servi,
2447 1055 2649 1123 quibus
2687 1052 3029 1108 intoleranda
3059 1053 3272 1122 jactura
3304 1054 3456 1107 vide-

1889 1152 1997 1204 tur,
2027 1146 2071 1197 si
2105 1144 2391 1204 honorem,
2442 1158 2603 1211 quem
2647 1143 2787 1210 apud
2834 1140 3144 1197 Pharisa’os
3171 1143 3453 1205 obtinent,

1888 1234 2192 1288 amiserint.
2227 1233 2680 1302 Quandoquidem
2729 1232 2894 1303 igitur
2945 1232 3046 1286 hoc
3095 1248 3188 1287 eos
3244 1233 3456 1301 quomi-

1889 1342 1993 1380 nus
2017 1327 2306 1380 crederent
2351 1326 2675 1389 cohibebat,
2705 1323 2829 1378 audi
2855 1325 2986 1394 quid
3010 1325 3155 1379 dicat
3176 1324 3455 1379 Christus.

1959 1413 2080 1479 XII,
2119 1417 2211 1470 Η.
2265 1417 2370 1482 Qui
2419 1417 2586 1470 credit
2637 1417 2693 1470 in
2742 1431 2857 1480 me,
2914 1431 3016 1468 non
3058 1417 3224 1470 credit
3270 1417 3454 1477 inme.

1889 1505 1980 1560 sed
2013 1508 2067 1560 in
2100 1524 2218 1562 eum
2253 1510 2344 1578 qui
2368 1509 2515 1562 misit
2547 1523 2649 1574 me,
2681 1519 2787 1562 etc.

1962 1597 2308 1654 Vociferatur
2341 1609 2539 1670 praeter
2571 1616 2776 1654 morem
2813 1615 2973 1654 suum
2993 1639 3008 1664 ,
3034 1606 3198 1669 atque
3231 1600 3342 1653 hac-
3363 1613 3457 1650 vo-

1891 1692 2212 1748 ciferatione
2243 1694 2680 1763 intempestivum
2711 1693 2973 1761 pudorem
2999 1707 3188 1747 eorum
3217 1694 3308 1761 qui
3335 1707 3456 1745 cre—

215 1787 541 1856 λυψαμένων
573 1787 626 1840 δὲ
652 1788 754 1852 ἔτι,
788 1787 887 1858 τὴν
917 1788 1146 1858 ἄκαιρον
1189 1787 1342 1840 αίὸώ.
1376 1789 1452 1840 Οὑ
1486 1788 1594 1857 γὰρ
1629 1787 1786 1857 λελη-

1890 1784 2114 1847 debant,
2143 1784 2378 1839 necdum
2414 1792 2595 1838 tamen
2632 1784 2810 1852 palam
2854 1789 2955 1838 hoc
3003 1784 3256 1853 agebant,
3299 1797 3459 1836 coar-

217 1875 384 1939 θότως
405 1876 668 1954 τιμᾶσθαι
699 1877 944 1947 βούλεται
977 1877 1127 1949 παρά
1148 1877 1256 1931 τῶν
1288 1876 1586 1948 θαυμάζειν
1624 1877 1784 1932 αὑτὸν

217 1966 576 2036 βουλομένων,
605 1965 739 2020 ἀλλὰ
769 1965 1038 2037 φανερῶς.
1069 1967 1279 2038 Χρῆναι
1301 1967 1408 2038 γάρ
1439 1966 1785 2037 ὑπελάμϐανε

217 2062 313 2129 τὴν
343 2059 445 2129 μὲν
473 2059 656 2113 πίστιν
693 2059 1047 2114 ἀποτίθεσθαι
1071 2060 1138 2130 τῇ
1173 2060 1389 2132 καρδίᾳ,
1427 2061 1695 2115 ποιεῖσθαί
1722 2078 1786 2129 γε

217 2151 323 2222 μὴν
369 2155 428 2205 ὲν
480 2153 764 2223 παρρησία
799 2152 965 2222 πολλῇ
1010 2152 1110 2222 τὴν
1157 2152 1244 2205 ἐπ’
1292 2152 1428 2223 αὑτῇ
1472 2155 1788 2224 σοφωτάτην

215 2243 523 2312 ὁμολογίαν.
574 2243 790 2313 Ἐπειδὴ
837 2243 895 2296 δὲ
933 2243 1064 2306 Θεὸς
1111 2242 1251 2296 κατά
1298 2243 1458 2312 φύσιν
1503 2245 1784 2316 ὑπάρχων,

215 2334 312 2403 τὴν
349 2333 470 2387 καθ’
515 2335 662 2405 ἡμᾶς
697 2333 862 2387 ὑπέδυ
911 2334 1144 2405 μορφὴν,
1180 2337 1527 2405 παραιτεῖται
1571 2338 1791 2407 γυμνῶς

217 2429 291 2490 είς
322 2426 626 2497 μισούντων
656 2425 822 2488 ἀκοὰς
864 2427 945 2487 είς
982 2425 1043 2478 τὸ
1096 2425 1268 2496 παρὸν
1319 2424 1512 2488 εἰπεῖν,
1554 2427 1634 2480 ὅτι
1683 2429 1788 2498 χρὴ

216 2519 496 2573 πιστεύειν
542 2518 620 2580 είς
651 2516 833 2578 αὑτὸν,
881 2517 1058 2572 καίτοι
1091 2516 1350 2580 πολλάκις
1396 2517 1554 2572 τοῦτο
1585 2517 1787 2572 εἰπών·

215 2607 685 2677 οἰκονομικώτατα
721 2606 777 2660 δὲ
825 2607 933 2659 τῶν
965 2607 1331 2677 νενοσηκότων
1383 2610 1471 2661 ἐπ’
1511 2608 1661 2678 αὑτῷ
1701 2610 1792 2662 τὸν

215 2697 512 2753 ἀτίθασσον
552 2696 746 2766 φθόνον
774 2696 1094 2767 καταϐραχὺ
1129 2697 1504 2768 προσερεθίζει
1552 2699 1640 2752 τὸν
1668 2699 1792 2753 νοῦν

217 2784 594 2841 καθικνεῖσθαι
624 2784 761 2854 πρὸς
795 2785 856 2837 τὸ
889 2783 1050 2854 βάθος
1082 2784 1190 2838 τῶν
1227 2786 1356 2856 περὶ
1390 2787 1551 2840 αὑτὸν
1589 2805 1793 2860 μυστη-

223 2880 372 2951 ρίων,
403 2879 505 2930 οὑκ
528 2878 607 2940 είς
643 2875 984 2948 ἀνθρώπινον
1015 2876 1326 2947 πρόσωπον,
1362 2876 1478 2929 ἀλλ’
1510 2879 1586 2940 είς
1614 2880 1673 2932 τὺ
1694 2882 1793 2951 τῆς

218 2970 365 3030 θείας
405 2967 616 3031 οὐσίας,
644 2967 722 3030 ὡς
757 2966 1056 3036 νοουμένης
1089 2967 1185 3036 τῆς
1213 2967 1464 3037 θεότητος
1489 2969 1793 3042 ὁλοκλήρως

217 3065 274 3116 ἐν
302 3060 379 3130 τῷ
409 3059 688 3130 προσώπῳ
719 3057 813 3111 τοῦ
842 3057 977 3111 Θεοῦ
1005 3060 1099 3112 καὶ
1136 3060 1370 3130 Πατρός.
1403 3061 1556 3130 Ἔχει
1593 3063 1702 3134 γὰρ
1736 3065 1812 3138 ἐν⁴

219 3151 399 3221 ἐαυτῷ
432 3149 523 3203 τόν
581 3147 708 3201 Υἰὸν
764 3147 859 3202 καὶ
919 3147 981 3201 τὸ
1029 3148 1270 3218 Πνεῦμα.
1318 3151 1397 3202 Δι’
1425 3143 1498 3204 ὧν
1537 3153 1645 3223 γάρ
1692 3171 1795 3224 φη-

221 3260 334 3296 σιν·
394 3261 414 3294 ι
452 3243 509 3296 ’0
557 3239 826 3296 πιστεύων
874 3243 950 3305 είς
1001 3241 1121 3311 ἐμὲ,
1161 3243 1221 3294 οὑ
1259 3241 1503 3296 πιστεύει
1547 3245 1626 3308 είς
1669 3247 1790 3316 ἐμὲ,

216 3335 325 3388 ἀλλ’
383 3332 466 3393 εἰς
521 3331 612 3383 τὸν
679 3329 973 3400 πέμψαντά
1027 3346 1132 3400 με,
1188 3349 1206 3380 ι
1251 3331 1352 3382 οὑκ
1405 3331 1510 3396 ἔξω
1581 3332 1792 3403 τίθησιν

214 3423 408 3480 ἑαυτὸν
442 3422 538 3475 τοῦ
583 3421 934 3475 πιστεύεσθαι
981 3423 1111 3492 παρ’
1157 3423 1315 3494 ἡμῶν
1358 3423 1438 3476 ὅτι
1476 3424 1607 3488 Θεὸς
1653 3425 1792 3478 κατὰ

219 3517 378 3582 φύσιν
413 3515 531 3567 ἐστὶ
565 3511 658 3568 καὶ
701 3515 766 3566 ἐκ
815 3513 949 3567 Θεοῦ
994 3515 1201 3586 πέφηνε
1257 3516 1504 3586 Πατρός·
1546 3517 1661 3571 ἀλλ’
1704 3520 1791 3570 ὲν-

219 3609 453 3676 τέχνως.
507 3606 652 3659 καθὰ
699 3607 932 3676 εἴρηται,
982 3607 1417 3678 μεταχειρίζεται
1455 3609 1592 3680 πρὸς
1633 3607 1792 3664 ,εὑσέο

221 3698 370 3751 ὁειαν
400 3697 510 3750 τῶν
555 3697 925 3751 ἀσθενούντων
957 3699 1048 3752 τὸν
1093 3699 1238 3764 νοῦν,
1289 3700 1375 3752 ἵνα
1415 3699 1656 3754 τοιοῦτον
1705 3703 1791 3755 ἐν·

221 3791 340 3857 νοῇς
365 3787 595 3854 λέγοντα
613 3804 624 3816 ·
658 3787 824 3840 Ὅταν
871 3790 948 3851 εἰς
975 3789 1073 3860 ἐμὲ
1104 3788 1394 3860 πιστεύητε
1423 3789 1511 3843 τὸν
1539 3791 1605 3844 δι’
1648 3792 1791 3863 ὑμᾶς

221 3880 508 3950 ἄνθρωπον
541 3878 664 3932 καθ’
694 3879 861 3950 ὑμᾶς,
893 3881 1022 3934 Θεὸν
1055 3882 1109 3934 δὲ
1138 3883 1204 3935 δι’
1239 3881 1450 3945 ἑαυτὸν,
1492 3884 1586 3936 καὶ
1615 3884 1704 3939 τὸν
1730 3884 1790 3952 ἐξ

219 3968 386 4041 οὗπέρ
427 3971 544 4040 είμι
578 3969 821 4039 Πατέρα,
854 3969 926 4040 μὴ
961 3970 1233 4042 ἀνθρώπῳ
1261 3972 1361 4043 τὴν
1386 3973 1569 4028 πίστιν
1605 3977 1790 4030 ἀνατι-

220 4062 366 4114 θέναι
414 4059 697 4128 νομίσητε.
735 4059 864 4129 Εἰμὶ
906 4061 1014 4130 γὰρ
1053 4061 1204 4113 οὐδὲν
1251 4058 1414 4133 ἦττον
1457 4065 1597 4118 κατὰ
1629 4065 1788 4134 φύσιν

219 4149 369 4213 Θεὸς,
400 4148 496 4200 καὶ
526 4151 574 4201 εί
604 4149 866 4218 φαίνομαι
905 4148 1030 4201 καθ’
1071 4148 1213 4219 ὑμᾶς
1235 4165 1249 4180 ο
1279 4151 1387 4220 ἔχω
1427 4153 1482 4206 δὲ
1522 4155 1582 4207 ὲν
1613 4155 1788 4226 ἐαυτῷ

218 4239 307 4292 τὸν
339 4243 682 4310 γεννήσαντα
701 4256 714 4269 ο
747 4239 881 4306 ἐμοῦ
912 4240 1200 4310 τοιγαροῦν
1225 4241 1375 4305 ὄντος
1401 4246 1681 4314 ὁμοουσίου
1708 4247 1786 4318 τῷ

219 4331 594 4399 γεγεννηκότι,
650 4329 963 4398 διαϐήσεται
1003 4329 1221 4393 πάντως
1269 4333 1300 4401 ή
1351 4333 1532 4396 πίστις
1587 4337 1679 4388 καὶ
1707 4339 1788 4400 είς

219 4419 383 4488 αὑτὸν
409 4419 502 4471 τὸν
550 4419 786 4490 Πατέρα.
833 4420 1008 4490 Ὅπερ
1042 4416 1134 4474 οὖν
1177 4419 1421 4492 ἔφημεν,
1467 4426 1811 4498 καταδραχῦ.

223 4507 636 4575 μεταπαιδεὺων
675 4511 703 4560 ό
751 4509 954 4580 Κύριος
983 4511 1075 4562 ἐπὶ
1102 4510 1162 4564 τὸ
1191 4511 1432 4582 ἄμεινον,
1473 4517 1566 4568 καὶ
1596 4518 1785 4588 χρησί-

221 4616 336 4668 μως
372 4598 692 4652 ἀναπλέκων
721 4599 798 4668 τῷ
837 4599 1132 4672 θεοπρεπεῖ
1162 4601 1219 4654 τὸ
1255 4602 1612 4674 ἀνθρώπινον,
1649 4607 1784 4676 ἔφα-

222 4705 378 4742 σκεν·
414 4707 435 4741 ι
471 4691 528 4744 Ὀ
584 4691 856 4744 πιστεύων
901 4693 982 4755 εἰς
1013 4692 1132 4761 ἐμὲ,
1171 4711 1189 4743 ι
1233 4696 1326 4748 καὶ
1367 4695 1437 4748 τὰ
1481 4697 1627 4767 ἑξῆς.
1665 4700 1786 4753 Ὀτι

223 4780 316 4848 μὲν
341 4779 452 4850 γάρ
477 4780 575 4833 οὑκ
603 4782 685 4844 εἰς
716 4781 1002 4853 ἄνθρωπον
1041 4784 1227 4848 ἁπλῶς
1255 4787 1288 4856 ή
1329 4785 1529 4853 πίστις,
1565 4789 1678 4842 ἀλλ’
1709 4793 1786 4855 είς

220 4869 354 4922 Θεοῦ
379 4869 563 4938 φύσιν,
589 4871 638 4922 εί
671 4870 764 4924 καὶ
802 4867 870 4941 ἦν
897 4872 927 4922 ὁ
958 4871 1129 4940 Λόγος
1159 4875 1216 4926 ὲν
1249 4876 1434 4946 σαρκὶ,
1466 4876 1550 4930 διὰ
1586 4877 1680 4931 τοῦ
1712 4879 1786 4949 μὴ

223 4961 298 5022 εἰς
328 4960 493 5012 αὑτὸν
528 4959 864 5029 πράττεσθαι
897 4961 995 5031 τὴν
1021 4961 1203 5031 φύσιν,
1242 4959 1299 5016 εὗ
1339 4964 1482 5033 μάλα
1520 4966 1788 5038 διαμεμήο

223 5067 400 5104 νυκεν.
428 5051 552 5103 Ὅτι
576 5051 632 5104 δέ
679 5054 826 5105 ἐστιν
871 5053 928 5105 ὲν
959 5052 1244 5123 ταυτότητι
1286 5058 1350 5125 τῇ
1400 5057 1538 5109 κατά
1575 5058 1684 5110 πᾶν
1710 5056 1788 5128 τῷ

225 5141 336 5212 Θεῷ
379 5143 476 5196 καὶ
515 5143 710 5213 Πατρὶ,
741 5143 830 5196 διά
861 5142 960 5214 τὴν
994 5145 1230 5216 φυσικὴν
1265 5145 1563 5217 ἐμφέρειαν
1605 5148 1696 5201 καὶ
1727 5149 1788 5202 τὸ

226 5236 318 5300 τῆς
346 5235 538 5298 οὐσίας
565 5236 727 5288 οἱονεὶ
763 5235 1090 5301 ταυτοειδὲς,
1123 5236 1366 5305 διεσάφει
1396 5238 1568 5307 λέγων
1587 5255 1601 5270 ο

300 5324 447 5393 Ἐγὼ
492 5325 620 5394 φῶς
669 5327 757 5392 εις
797 5325 904 5380 τὸν
952 5329 1185 5397 κόσμον
1225 5328 1528 5396 ἐλήλυθα,
1573 5332 1667 5385 καὶ
1719 5333 1788 5387 τὰ

225 5414 362 5484 ἑξῆς.

301 5507 432 5560 Ἰδοὺ
471 5507 634 5561 πάλιν
668 5508 748 5572 είς
796 5509 989 5563 ἑαυτὸν
1021 5510 1257 5580 ἁρπάζει
1284 5511 1382 5582 τὴν
1436 5513 1647 5580 πίστιν,
1693 5515 1788 5569 καὶ

223 5593 310 5648 δύο
336 5598 479 5650 κατὰ
505 5597 706 5650 ταυτὸν
738 5598 953 5670 ὲξανύει
989 5600 1058 5653 τὰ
1089 5602 1500 5672 χρησιμώτατα.
1538 5604 1656 5668 Φῶς
1688 5605 1786 5674 μὲν

224 5683 323 5753 γὰρ
380 5686 574 5741 ἑαυτὸν
621 5687 882 5759 ὑπάρχειν
930 5691 1238 5761 ὁμολογῶν,
1295 5693 1424 5744 Θεὸν
1471 5695 1597 5746 ὄντα
1642 5695 1778 5749 κατέ

1890 1876 2026 1946 ειιὶι.
2057 1874 2243 1946 Neque
2267 1877 2413 1929 enim
2446 1875 2681 1930 latenter
2707 1877 2776 1931 ab
2809 1877 2874 1931 iis
2901 1877 2994 1946 qui
3019 1877 3301 1947 suspicere
3332 1892 3457 1931 eum

1889 1968 2079 2022 volunt
2123 1977 2176 2023 et
2233 1967 2560 2038 complecti,
2610 1969 2704 2024 sed
2748 1977 2934 2039 aperte
2965 1969 3070 2024 coli
3105 1969 3238 2023 vult.
3282 1971 3460 2038 Atque

1890 2058 2402 2130 adeoexistimabat
2454 2060 2613 2114 ﬁdem
2664 2062 2717 2115 in
2768 2061 3113 2130 penitissimo
3165 2061 3331 2116 corde
3378 2077 3460 2116 re.

1889 2150 2225 2218 ponendam,
2277 2157 2532 2205 ueterum
2581 2167 2792 2206 summa
2842 2152 3086 2206 libertate
3127 2148 3287 2220 712
3339 2152 3458 2220 ejus

1891 2240 2289 2296 confessionem
2337 2244 2781 2312 expromendam.
2823 2242 3277 2312 Quandoquidem
3331 2258 3459 2296 vero

1893 2332 2036 2389 Deus
2076 2334 2379 2401 secundum
2421 2344 2673 2389 naturam
2709 2335 2983 2390 exsistens
3013 2343 3255 2389 nostram
3288 2333 3458 2389 subiit

1889 2420 2142 2488 formam,
2167 2438 2274 2478 non
2299 2424 2416 2478 vult
2446 2424 2587 2478 nude
2622 2439 2684 2478 ac
2716 2424 3041 2494 simpliciter
3066 2423 3206 2493 apud
3231 2424 3459 2479 infestos

1891 2521 1944 2568 et
1971 2528 2162 2569 osores
2221 2515 2275 2568 in
2315 2516 2604 2585 praesentia
2645 2515 2921 2585 proﬁteri,
2957 2515 3101 2586 quod
3139 2517 3190 2568 in
3240 2531 3299 2570 se
3335 2531 3456 2569 creo

1892 2604 2128 2658 dendum
2165 2605 2274 2670 sit,
2315 2607 2528 2662 tametsi
2563 2606 2666 2660 hoc
2712 2621 2854 2676 saepe
2901 2607 3037 2661 alias
3086 2605 3326 2660 dixerit:
3363 2605 3456 2658 sed

1895 2693 2133 2746 maxime
2156 2693 2496 2747 (economice
2517 2709 2704 2748 eorum
2737 2694 2828 2762 qui
2855 2694 3460 2762 implacabilis‘invidire

1893 2785 2085 2839 morbo
2117 2784 2170 2839 in
2202 2798 2262 2839 se
2297 2784 2544 2838 laborant
2571 2825 2586 2849 ,
2624 2785 2887 2854 paulatim
2918 2787 3159 2839 animum
3199 2793 3458 2854 provocat

1893 2876 1958 2930 ad
1989 2876 2374 2945 penetrandam
2403 2877 2788 2946 mysteriorum
2828 2876 2976 2930 circa
3010 2877 3185 2946 ipsum
3208 2876 3457 2930 altitudi—

1893 2982 2040 3029 nem,
2077 2975 2128 3020 et
2161 2982 2271 3022 non
2306 2967 2560 3022 humane
2594 2969 2688 3024 sed
2729 2968 2928 3022 divina:
2966 2968 3222 3024 essentia:
3265 2983 3459 3037 perso-

1896 3073 2019 3112 nam
2045 3097 2059 3119 ,
2095 3073 2195 3112 ceu
2237 3060 2290 3113 in
2331 3058 2648 3114 uni-versum
2691 3059 2870 3113 deitas
2916 3059 2968 3113 in
3005 3072 3239 3127 persona
3271 3056 3365 3111 Dei
3394 3070 3457 3109 ac

1894 3145 2075 3201 Patris
2109 3147 2466 3218 intelligatur.
2501 3145 2675 3201 Ilabet
2705 3148 2849 3202 enim
2882 3147 2936 3202 in
2971 3147 3153 3216 seipso
3179 3144 3374 3200 Filium
3405 3151 3459 3200 et

1897 3239 2154 3312 Spiritum
2188 3250 2460 3293 sanctum.
2491 3238 2625 3293 Nam
2660 3255 2755 3309 per
2785 3255 2906 3308 qua:
2929 3239 3106 3294 dixit:
3145 3256 3162 3288 ι
3203 3237 3306 3305 Qui
3340 3253 3462 3291 cro-

1893 3330 1975 3384 dit
2006 3330 2060 3384 in
2095 3346 2198 3391 me,
2242 3347 2350 3384 non
2386 3331 2561 3386 credit
2592 3335 2643 3386 in
2674 3347 2784 3395 me,
2811 3330 2903 3386 sed
2938 3331 2991 3385 in
3023 3345 3146 3386 eum
3189 3331 3283 3399 qui
3312 3330 3459 3385 misit

1894 3437 2011 3487 me,
2037 3441 2064 3472 ν»
2103 3437 2211 3475 non
2246 3423 2488 3477 excludit
2523 3423 2762 3492 seipsum
2819 3423 3114 3493 quominus
3146 3421 3402 3476 credatur
3427 3437 3457 3474 a

1892 3514 2052 3568 nobis
2100 3513 2241 3569 Deus
2290 3531 2411 3570 esse
2450 3515 2752 3571 secundum
2802 3523 3080 3580 naturam,
3137 3522 3192 3566 et
3239 3529 3300 3566 ex
3347 3512 3459 3566 Deo

1892 3601 2054 3658 Patre
2080 3606 2358 3660 exsisteus
2384 3623 2397 3660 :
2423 3605 2516 3659 sed
2536 3621 2746 3661 summo
2769 3605 3024 3668 artiﬁcio,
3045 3612 3102 3658 ut
3124 3604 3328 3658 dictum
3352 3613 3455 3667 est,

1893 3696 2304 3751 imbecillorum
2345 3705 2586 3752 mentem
2622 3698 2686 3749 ad
2719 3699 2975 3765 pietatem
3007 3695 3232 3765 pellicit.
3276 3704 3333 3748 ut
3361 3710 3456 3748 ac-

1889 3787 2072 3856 cipere
2113 3788 2293 3856 possis
2345 3786 2447 3841 hoc
2494 3787 2654 3842 modo
2689 3787 2999 3855 loquentem
3038 3802 3051 3838 :
3093 3785 3228 3838 Cum
3273 3784 3326 3836 in
3371 3797 3458 3838 me

1890 3876 2152 3942 credetis,
2194 3885 2419 3948 propter
2465 3893 2560 3932 vos
2605 3877 2878 3931 hominem
2923 3877 3127 3930 factum
3153 3874 3454 3928 secundum

1889 3982 2011 4034 vos,
2046 3966 2215 4022 Deum
2245 3983 2377 4023 vero
2401 3983 2498 4038 per
2525 3969 2821 4038 meipsum,
2854 3974 2908 4021 et
2941 3981 3062 4020 eum
3099 3981 3161 4018 ex
3193 3979 3302 4034 quo
3335 3981 3456 4020 sum

1887 4055 2128 4121 Patrem,
2169 4073 2236 4112 ne
2270 4059 2473 4112 homini
2532 4058 2694 4112 ﬁdem
2742 4057 2981 4127 adjicere
3015 4057 3235 4125 putetis.
3278 4055 3460 4111 Nihilo

1887 4149 2070 4205 secius
2112 4149 2259 4204 enim
2295 4163 2414 4202 sum
2465 4149 2768 4203 secundum
2821 4153 3068 4199 naturaet
3125 4145 3288 4207 Deus,
3355 4146 3457 4199 etsi

1887 4239 2075 4294 videar
2106 4250 2348 4296 vestrum
2404 4241 2649 4295 similis:
2713 4239 2887 4293 habeo
2937 4237 3081 4291 enim
3141 4238 3194 4291 in
3248 4238 3460 4306 meipso

1887 4333 2220 4396 Genitorem,
2245 4340 2298 4387 et
2315 4348 2438 4385 cum
2471 4333 2657 4401 utique
2687 4332 2789 4386 sim
2825 4329 3070 4385 Genitori
3095 4329 3457 4383 consubstan-

1888 4425 2036 4478 tialis
2058 4463 2074 4490 ,
2108 4425 2365 4480 transibit
2395 4437 2619 4493 prorsus
2650 4423 2784 4478 ﬁdes
2811 4431 2864 4477 et
2896 4422 2950 4476 in
2991 4421 3174 4491 ipsum
3213 4419 3452 4474 Patrem.

1890 4516 2044 4583 Quod
2085 4516 2250 4586 igitur
2277 4516 2534 4580 diximus,
2571 4514 2828 4584 paulatim
2859 4511 3124 4568 Dominus
3152 4511 3456 4566 informans

1885 4607 1952 4660 ad
1985 4606 2210 4660 meliora
2270 4616 2324 4660 et
2369 4605 2693 4658 humanitati
2739 4605 3082 4659 divinitatem
3114 4604 3320 4670 utiliter
3360 4618 3456 4670 ap-

1885 4697 2118 4767 plicans,
2152 4695 2405 4750 dicebat:
2453 4713 2472 4745 ι
2501 4692 2603 4759 Qui
2633 4692 2811 4748 credit
2844 4693 2898 4747 in
2931 4709 3052 4758 me,
3090 4666 3196 4746 D‘CI
3223 4666 3449 4760 reliqua.

1885 4787 2043 4854 Quod
2075 4787 2218 4842 enim
2257 4801 2364 4840 non
2396 4786 2452 4839 in
2490 4785 2763 4840 hominem
2805 4783 3122 4855 simpliciter
3156 4783 3310 4847 ﬁdes,
3355 4783 3454 4836 sed

1885 4882 1941 4935 in
1989 4879 2081 4934 Dei
2125 4888 2402 4941 naturam,
2460 4877 2564 4933 etsi
2626 4883 2742 4932 erat
2778 4875 3018 4931 Verbum
3058 4876 3111 4928 in
3151 4887 3338 4934 carne,
3387 4889 3455 4926 eo

1885 4969 2033 5041 quod
2072 4983 2180 5023 non
2215 4969 2270 5022 in
2299 4969 2478 5038 ipsum
2516 4969 2611 5022 ﬁat
2651 4976 2866 5030 natura,
2902 4965 3208 5020 luculenter
3241 4964 3452 5018 indica-

1884 5065 1982 5118 vit.
2014 5059 2169 5127 Quod
2197 5075 2330 5116 vero
2367 5076 2461 5131 per
2490 5062 2674 5115 omnia
2708 5074 2832 5114 cum
2868 5057 3028 5111 Patre
3070 5065 3125 5110 et
3157 5055 3264 5110 Deo
3293 5055 3452 5111 iden-

1887 5156 2098 5210 tilatem
2135 5153 2352 5215 habeat,
2397 5162 2619 5223 pr0pter
2659 5151 2963 5205 naturalem
3011 5148 3450 5211 similitudinem,

1885 5254 1940 5302 et
1967 5243 2130 5299 veluti
2160 5243 2404 5298 eamdem
2437 5245 2694 5313 speciem,
2725 5240 3040 5297 declarabat
3077 5240 3265 5294 dicens
3296 5258 3308 5292 2

1959 5333 2054 5388 XII
2077 5373 2091 5398 ,
2143 5333 2232 5390 46.
2274 5333 2386 5405 Ego
2416 5335 2509 5388 lua:
2543 5337 2598 5389 in
2634 5331 2887 5387 mundum
2916 5331 3064 5396 veni,
3095 5341 3203 5387 etc.

1958 5515 2097 5572 Ecce
2128 5531 2321 5572 rursus
2367 5516 2422 5569 in
2471 5515 2710 5584 seipsum
2767 5511 2926 5566 ﬁdem
2973 5510 3189 5582 arripit,
3241 5520 3292 5566 et
3343 5511 3455 5564 duo

1885 5606 2184 5661 identidem
2250 5604 2543 5660 utilissima
2603 5602 2977 5672 consequitur.
3043 5600 3243 5656 Lucem
3304 5601 3451 5654 enim

1886 5699 2126 5763 seipsum
2157 5712 2278 5754 esse
2321 5695 2601 5763 proﬁtens,
2651 5695 2818 5750 Deum
2857 5698 3160 5752 secundum
3203 5702 3453 5748 natuer
