4010 6320
569 286 675 344 105

1591 276 1648 331 s.
1676 273 1952 332 cmeLl
1993 248 2459 328 autumant-5'1
2502 269 2818 327 ARClllEl’.

3704 280 3801 334 104

567 416 693 457 esse
718 396 958 454 ostendit
984 415 998 450 :
1029 394 1130 449 soli
1161 394 1305 450 enim
1338 401 1537 449 natura
1568 409 1668 450 sua
1700 393 1810 448 Deo
1844 392 1919 446 ita
1943 391 2125 445 vocari

2239 391 2399 459 φύσιν
2425 390 2766 444 ἀποδεικνύει
2790 406 2803 419 ’
2837 390 2983 460 μόνῳ
3014 389 3124 460 γὰρ
3150 388 3228 460 τῷ
3262 388 3421 458 φύσει
3449 390 3569 461 Θεῷ
3602 394 3801 463 πρέπει

566 490 845 546 convenit.
900 484 1178 555 Adjiciens
1216 493 1396 539 autem
1438 484 1522 539 sui
1557 484 1826 538 adventus
1873 495 2135 548 causam,

565 595 681 635 suae
729 574 1039 632 dilectionis
1079 573 1555 643 contemptoribus
1601 572 1861 644 pudorem
1918 571 2134 626 incutit.

497 728 506 736 _
564 669 876 736 Quinetiam
905 664 1220 721 necessario
1240 665 1621 735 consequitur,
1658 664 1874 718 interim
1901 663 1957 717 in
1985 670 2136 717 tene-

565 760 681 813 bris
706 773 802 814 eos
839 758 1045 812 versari
1079 756 1173 826 qui
1205 756 1447 811 nondum
1478 754 1830 820 crediderint,
1864 753 2133 825 siquidem

565 850 699 907 solis
728 850 783 903 in
824 864 948 904 eum
973 847 1326 903 credentibus
1366 847 1506 901 lucis
1536 846 1696 916 713
1727 846 1796 901 ab
1826 861 1893 902 eo
1920 846 2135 902 emissae

563 940 834 1010 contingit
888 954 1012 995 esse
1065 939 1384 1009 participes.
1437 936 1580 1002 Quin
1639 944 1694 991 et
1747 937 1855 993 illis
1909 937 2134 992 rel‘ricat

562 1031 884 1086 memoriam
929 1031 1224 1085 multorum
1267 1041 1642 1099 sa‘penumero
1687 1025 1754 1081 de
1789 1027 1907 1096 ipso
1935 1026 2129 1096 praedi-

563 1131 805 1187 ctorum,
844 1136 941 1191 per
985 1136 1107 1191 quae
1140 1128 1407 1174 venturus
1443 1117 1801 1172 nuntiabatur
1826 1119 1893 1170 ad
1928 1115 2130 1170 illumi-

562 1215 801 1269 nandum
832 1213 1059 1268 orbem:
1085 1209 1391 1281 cujusmodi
1424 1217 1510 1264 est
1544 1208 1709 1261 illud:
1741 1225 1758 1259 ι
1786 1207 2127 1273 llluminare,

563 1306 895 1366 illuminare,
950 1302 1278 1368 Jerusalem,
1328 1302 1475 1356 venit
1533 1300 1682 1354 enim
1739 1299 1921 1352 lumen
1974 1306 2127 1351 tuum

562 1413 751 1451 verum
789 1397 854 1451 ³⁸.
896 1415 913 1447 ι
953 1397 1017 1448 Ει
1057 1394 1191 1449 illud
1222 1411 1235 1447 :
1270 1412 1288 1443 ι
1326 1391 1527 1446 Emitte
1561 1392 1736 1446 lucem
1766 1398 1915 1445 tuam
1948 1397 2004 1444 et
2036 1405 2127 1445 ve-

561 1488 777 1541 ritatem
806 1496 955 1540 tuam
984 1486 1067 1553 5’;
1103 1504 1122 1536 ι
1159 1491 1214 1538 et
1245 1501 1259 1538 :
1297 1500 1316 1534 ι
1350 1479 1538 1536 Gloria
1565 1480 1785 1536 Domini
1808 1481 1863 1535 in
1899 1489 1952 1536 te
1981 1480 2129 1536 eﬂ'ul-

560 1578 727 1632 sit“.
762 1597 778 1630 ι
813 1577 1001 1633 Simile
1033 1575 1202 1646 igitur
1232 1590 1296 1630 ac
1321 1573 1367 1630 si
1406 1573 1640 1629 dixisset
1667 1591 1682 1627 :
1715 1573 1833 1643 Ego
1866 1588 1987 1628 sum
2035 1574 2127 1628 lux

558 1684 681 1739 quae
721 1670 777 1722 in
809 1668 1112 1738 Scripturis
1138 1674 1371 1721 ventura
1404 1672 1755 1734 exspectatur
1783 1665 1850 1719 ad
1895 1666 2125 1720 salutem

556 1759 772 1821 mundi,
810 1760 875 1812 ad
910 1756 1303 1813 illuminandos
1332 1770 1427 1812 eos
1460 1755 1556 1825 qui
1607 1756 1665 1809 in
1713 1754 1956 1812 tenebris
2003 1766 2126 1811 tan-

557 1866 722 1921 quam
758 1850 813 1904 in
854 1858 1012 1903 nocte
1042 1848 1319 1903 deerrant.

629 1939 755 2006 XII,
809 1940 896 1995 47.
952 1937 1077 1993 Non
1107 1938 1245 1992 enim
1287 1938 1402 1991 veni
1448 1946 1505 1992 ut
1548 1936 1783 2005 judicent
1837 1936 2122 2002 "tandum,

557 2032 648 2089 sed
675 2040 734 2084 ut
770 2031 1059 2101 salviﬁcem
1086 2026 1364 2083 mundum.
1620 2030 1631 2037 ‘

626 2122 797 2193 Igitur
824 2137 926 2179 suo
952 2123 1194 2192 ipsorum
1221 2120 1433 2191 judicio
1466 2120 1782 2176 damnatum
1825 2119 1893 2174 iri
1926 2119 2002 2174 ait
2029 2133 2125 2174 eos

557 2215 654 2284 qui
685 2215 833 2269 dicto
881 2214 1171 2268 audientes
1204 2230 1315 2269 non
1364 2214 1584 2278 fuerint,
1634 2213 1903 2283 ﬁdemque
1938 2226 2124 2267 serva-

557 2306 749 2361 tricem
791 2320 903 2360 non
950 2308 1282 2377 acceperint.
1318 2307 1422 2374 Qui
1457 2306 1601 2361 enim
1632 2306 1778 2362 venit
1812 2298 1889 2359 ad
1923 2303 2124 2358 illumi-

557 2398 824 2462 nandum,
859 2412 969 2452 non
1009 2398 1159 2452 venit
1202 2406 1263 2452 ut
1302 2396 1595 2468 judicarct,
1626 2397 1720 2452 sed
1754 2404 1814 2450 ut
1847 2400 2110 2450 servaret.

559 2487 704 2557 Ergo
749 2488 841 2558 qui
887 2489 1108 2544 rebellis
1155 2500 1259 2554 est,
1311 2498 1365 2544 et
1395 2489 1652 2544 maximis
1681 2487 1919 2557 seipsum
1964 2484 2123 2540 malis

557 2580 806 2642 involvit,
849 2579 1067 2635 incuset
1102 2595 1161 2635 se
1196 2588 1459 2648 tanquam
1511 2578 1706 2633 merito
1755 2591 1942 2646 poenas
1984 2573 2122 2629 dan-

555 2678 687 2722 tem.
722 2667 839 2722 Non
870 2670 1014 2723 enim
1046 2683 1147 2738 ego
1178 2668 1341 2738 hujus
1366 2669 1443 2722 rei
1473 2681 1638 2721 causa
1669 2681 1811 2729 sum,
1835 2665 1926 2735 qui
1961 2665 2123 2735 cupio

439 2771 447 2776 '
555 2774 779 2818 servare
806 2775 900 2815 eos
931 2759 1021 2829 qui
1055 2767 1350 2830 properant
1391 2759 1578 2815 subire
1600 2757 1884 2828 judicium,
1921 2757 2124 2826 quique

554 2853 625 2907 ob
682 2852 736 2906 id
769 2852 911 2906 veni.
959 2849 1064 2917 Qui
1096 2851 1245 2906 enim
1278 2851 1451 2922 legem
1501 2850 1677 2920 ponit,
1722 2864 1847 2919 quae
1891 2848 2124 2919 castiget

553 2943 807 3006 rebelles,
840 2957 951 2997 non
995 2953 1052 2996 ut
1076 2942 1376 2997 violatores
1415 2941 1630 3012 puniat,
1659 2954 1778 2994 eam
1808 2941 1983 3010 ponit,
2025 2938 2120 2996 sed

2236 483 2296 535 τὸ
2325 481 2467 535 οὕτω
2514 481 2817 535 καλεῖσθαι.
2873 481 3137 551 Προσθεὶς
3177 481 3236 534 δὲ
3276 485 3376 553 τῆς
3427 483 3664 550 ἀφίξεως
3704 486 3800 556 τὴν

2236 572 2436 636 αίτίαν,
2460 572 2716 644 ὲρυθριᾷν
2739 573 3019 626 ἀναπείθει
3049 571 3142 627 τὸν
3186 572 3288 641 τῆς
3319 574 3399 637 είς
3443 572 3636 627 ἑαυτὸν
3665 574 3799 642 ἀγὰ-

2235 681 2345 734 πης
2385 663 2793 735 όλιγωρήσαντα
2816 680 2828 695 ·
2860 664 2955 717 καὶ
2992 664 3074 718 ὅτι
3112 664 3324 734 ἀνάγκη
3353 665 3524 734 δήπου
3550 669 3712 730 νοεῖν,
3744 670 3800 721 ὲν

2237 752 2419 805 σκότει
2447 753 2586 816 τέως
2631 753 2894 823 ὑπάρχειν
2940 754 3062 816 τοὺς
3111 751 3260 807 οὔπω
3304 755 3719 818 πιστεύσαντας,
3751 757 3804 809 εί

2232 861 2298 913 γε
2331 842 2512 913 μόνοις
2553 844 2666 906 τοῖς
2692 843 3108 896 πεπιστευκόσιν
3142 845 3221 908 είς
3270 845 3430 899 αὐτὸν
3469 847 3703 916 ὑπάρχει
3739 848 3797 901 τὸ

2231 936 2291 990 ἐν
2331 936 2472 1004 φωτὶ
2508 934 2763 1004 γενέσθαι
2807 935 2886 1006 τῷ
2925 936 3054 1007 παρ’
3107 935 3276 1006 αὐτῷ.
3311 937 3467 1005 Ἀγει
3504 936 3560 990 δὲ
3603 938 3797 1001 αὐτοὺς

2231 1025 2329 1079 καὶ
2369 1027 2450 1089 είς
2480 1025 2783 1096 ἀνάμνησιν
2813 1025 2922 1079 τῶν
2973 1025 3236 1096 πολλαχοῦ
3270 1027 3398 1097 περὶ
3441 1026 3603 1080 αὑτοῦ
3643 1031 3796 1099 είρη-

2233 1116 2442 1187 μένων,
2478 1116 2547 1170 δι’
2599 1110 2675 1173 ὧν
2708 1117 2858 1188 ἥξειν
2895 1118 3298 1188 προηγγέλλετο
3335 1120 3434 1191 τὴν
3471 1122 3795 1192 οἰκουμένην

2229 1210 2653 1279 καταφωτίσων·
2697 1212 2878 1264 ὁποῖόν
2910 1213 3025 1264 ὲστι
3056 1210 3144 1264 τό·
3193 1230 3212 1263 ι
3237 1212 3499 1277 Φωτίζου,
3535 1211 3792 1281 φωτίζου,

2241 1301 2630 1373 Ἰερουσαλήμο
2675 1303 2800 1372 ἥκει
2832 1304 2939 1374 γάρ
2987 1320 3078 1356 σου
3113 1304 3176 1357 τὸ
3218 1303 3334 1374 φῶς
3366 1304 3426 1357 τὸ
3462 1304 3729 1372 ἀληθινόν.
3766 1324 3785 1357 ›

2226 1392 2337 1446 Καὶ
2369 1390 2464 1445 τό·
2504 1411 2522 1445 ι
2564 1392 2969 1457 Ἐξαπόστειλον
3005 1394 3068 1447 τὸ
3118 1395 3233 1464 φῶς
3268 1412 3361 1448 σου
3402 1396 3497 1450 καὶ
3525 1396 3620 1467 τὴν
3663 1397 3794 1466 ἀλή-
3852 1396 3857 1405 ’

2228 1481 2376 1536 θειάν
2414 1499 2528 1537 σου.
2557 1501 2575 1534 ι
2630 1483 2758 1548 Καὶ,
2792 1502 2811 1535 ι
2851 1484 2914 1537 'H
2958 1484 3081 1552 δόξα
3123 1486 3325 1557 Κυρίου
3371 1487 3464 1539 ἐπὶ
3506 1486 3566 1538 σὲ
3598 1485 3792 1539 ἀνατέ-

2225 1575 2444 1629 ταλκεν.
2477 1593 2496 1626 ι
2532 1575 2755 1646 Ὅμοιον
2785 1570 2876 1631 οὖν
2915 1576 2990 1641 ὼς
3039 1579 3087 1631 εί
3130 1577 3351 1645 ἔλεγεν·
3397 1574 3538 1645 Ἐγώ
3573 1580 3688 1645 είμι
3730 1577 3793 1630 τὸ

2226 1665 2342 1735 φῶς
2373 1667 2433 1720 τὸ
2475 1668 2533 1720 tv
2567 1670 2634 1740 τῇ
2673 1669 2863 1740 Γραφῇ
2898 1669 3183 1738 ἀφίξεσθαι
3228 1669 3673 1742 προσδοκώμενον
3700 1670 3791 1722 ἐπὶ

2229 1761 2470 1832 σωτηρίᾳ
2495 1761 2587 1814 τοῦ
2614 1763 2842 1832 κόσμου,
2868 1763 3003 1833 πρὸς
3028 1763 3090 1816 τὸ
3119 1762 3352 1832 φωτίσαι
3378 1761 3503 1826 τοὺς
3530 1763 3587 1815 ὲν
3611 1761 3790 1815 σκότει

2228 1851 2615 1922 πλανωμένους
2643 1852 2718 1915 ὡς
2750 1853 2807 1905 ὲν
2832 1852 3007 1906 νυκτί.

2298 1944 2379 1995 Οὐ
2405 1942 2515 2011 γὰρ
2540 1938 2728 2012 ἦλθον
2753 1943 2854 1997 ἵνα
2895 1945 3075 2012 κρίνω
3120 1942 3228 1997 τὸν
3246 1943 3501 2014 κόσμον,
3526 1943 3664 1999 ἀλλ’
3688 1944 3789 1997 ἵνα

2223 2031 2401 2086 σώσω
2429 2033 2536 2086 τὸν
2564 2034 2812 2101 κόσμον.

2293 2125 2798 2196 Λότοκατακρίτους
2848 2123 2941 2179 οὖν
2997 2142 3160 2196 φησιν
3222 2125 3436 2179 ἔσεσθαι
3474 2127 3597 2190 τοὺς
3623 2125 3787 2179 αὐτοῦ

2225 2214 2639 2282 παρακούοντας
2697 2217 2791 2269 καὶ
2847 2218 2908 2269 οὐ
2940 2217 3412 2288 παραδεξαμένους
3433 2219 3531 2287 τὴν
3586 2217 3791 2283 σώζου-

2226 2320 2323 2357 σαν
2356 2303 2555 2359 πίστιν,
2593 2305 2650 2358 ’0
2694 2306 2801 2377 γὰρ
2847 2306 2939 2358 ἐπὶ
2972 2306 3049 2377 τῷ
3088 2306 3316 2374 φωτίσαι
3346 2305 3536 2368 ἐλθὼν,
3569 2307 3666 2377 οὐχ
3702 2308 3789 2362 ἵνα

2227 2397 2390 2470 κρίνῃ
2417 2392 2603 2466 ἦλθεν,
2636 2397 2751 2451 ἀλλ’
2789 2398 2875 2451 ἵνα
2910 2396 3078 2469 σώσῃ.
3125 2398 3183 2451 'U
3212 2397 3388 2451 τοίνυν
3427 2398 3668 2451 ἀπειθῶν
3692 2399 3789 2451 καὶ

2222 2489 2338 2550 τοῖς
2403 2486 2680 2555 μεγίστοις
2730 2490 2918 2550 κακοῖς
2967 2488 3156 2541 ἑαυτὸν
3209 2487 3545 2552 ὑποϐάλλων,
3594 2488 3788 2541 ἑαυτὸν

2227 2577 2527 2648 μεμφὲσθω
2583 2578 2656 2642 ὡς
2692 2578 2914 2643 δικαίως
2970 2584 3396 2650 τιμωρούμενον.
3430 2579 3504 2631 οὐ
3546 2579 3654 2648 γὰρ
3675 2579 3789 2647 ἐγὼ

2221 2668 2411 2722 τούτου
2474 2668 2665 2733 αἴτιος,
2714 2671 2742 2722 ὁ
2784 2670 2953 2723 θέλων
2998 2671 3171 2724 σῶσαι
3219 2671 3347 2733 τοὺς
3386 2669 3676 2740 μέλλοντας
3708 2673 3790 2732 εἰς

2223 2761 2403 2830 κρίσιν
2435 2761 2701 2830 ἐμπεσεῖν
2726 2798 2740 2825 ,
2769 2762 2863 2813 καὶ
2888 2761 2977 2814 διὰ
3004 2761 3161 2814 τοῦτο
3181 2760 3369 2813 ἐλθών.
3399 2761 3454 2813 '0
3486 2760 3594 2832 γὰρ
3621 2762 3787 2831 νόμον

2221 2848 2390 2914 τιθεὶς
2410 2849 2703 2915 κολάζοντα
2739 2851 2865 2913 τοὺς
2887 2850 3148 2912 ἀπειθεῖς,
3176 2851 3275 2921 οὐχ
3297 2851 3481 2903 ἕνεκεν
3503 2851 3596 2904 τοῦ
3615 2869 3788 2922 τιμω-

2224 2941 2495 3014 ρήσασθαι
2525 2942 2651 3005 τοὺς
2690 2941 3044 3012 παραϐάντας
3067 2940 3255 2995 τοῦτον
3293 2941 3523 3013 τίθησιν,
3555 2943 3667 2997 ἀλλ’
3698 2944 3788 2996 ἵνα

555 3046 618 3090 ut
656 3038 749 3105 qui
783 3032 1163 3091 eamaudiunt
1201 3040 1485 3089 servantes
1513 3033 1616 3103 ipsi
1647 3041 1959 3088 serventur.
2006 3031 2121 3103 Ego

2227 3034 2559 3104 φυλάξαντες
2587 3032 2749 3089 αὐτὸν
2789 3034 2839 3086 οί
2872 3032 3181 3097 ἀκούοντες,
3218 3033 3482 3089 σωθῶσιν.
3522 3033 3659 3102 Ἐγὼ
3690 3030 3784 3089 οὖν

553 3127 723 3197 igitur
774 3125 870 3196 qui
897 3124 1021 3181 veni
1063 3125 1131 3180 ad
1167 3125 1522 3188 servandum,
1567 3123 1832 3179 denuntio
1868 3125 2020 3181 vobis
2059 3137 2120 3184 ut

554 3216 826 3281 credatis,
885 3224 942 3272 et
994 3231 1103 3272 non
1174 3232 1326 3274 meos
1381 3231 1665 3273 sermones
1720 3220 2117 3286 contemnatis,

552 3309 996 3380 quandoquidem
1027 3324 1270 3380 prmsens
1306 3317 1520 3381 tempus
1552 3309 1746 3366 salutis
1772 3318 1879 3377 est,
1916 3318 1972 3366 et
2009 3312 2120 3366 non

549 3402 765 3472 iudicii.
806 3400 863 3454 In
901 3401 989 3456 die
1012 3401 1157 3457 enim
1181 3401 1376 3471 judicii
1411 3402 1792 3483 inobedientia:
1816 3419 2006 3474 poenas
2034 3404 2119 3458 in-

553 3493 704 3564 [liget
757 3492 1033 3557 Verbum,
1091 3492 1237 3563 quod
1302 3493 1370 3547 ad
1426 3493 1656 3549 salutem
1714 3508 1814 3548 vos
1878 3496 2112 3552 vocavit.

550 3584 726 3651 Quale
751 3591 932 3640 autem
965 3593 1082 3640 erat
1114 3584 1361 3650 verbum,
1392 3585 1538 3655 quod
1573 3586 1790 3641 locutus
1811 3587 1974 3641 sum?

622 3741 670 3773 ³⁸
706 3739 813 3797 lsa.
847 3757 913 3797 ιι
938 3781 951 3808 ,
993 3744 1043 3799 l.
1114 3743 1163 3777 ³⁹
1200 3742 1346 3799 Psal.
1384 3740 1492 3801 ιιιῇ
1517 3785 1530 3811 ,
1561 3745 1615 3801 5.
1691 3745 1735 3776 ⁸⁸
1776 3744 1884 3797 lsa.
1917 3757 1983 3796 ιι
2007 3779 2023 3804 ,
2061 3741 2111 3793 1.

2219 3126 2390 3182 ἐλθὼν
2434 3127 2623 3194 σῶσαι,
2659 3125 3023 3196 παραγγέλλω
3055 3126 3184 3197 ὑμῖν
3239 3126 3530 3192 πιστεύειν,
3567 3126 3667 3178 καὶ
3711 3127 3784 3200 μὴ

2220 3222 2578 3291 καταφρονεῖν
2592 3219 2701 3273 τῶν
2727 3218 2874 3287 ἐμῶν
2902 3217 3094 3286 λόγων,
3124 3219 3355 3289 ἐπείπερ
3382 3218 3411 3270 ό
3444 3215 3634 3289 παρὼν
3661 3233 3784 3272 και.

2225 3311 2339 3383 ρος,
2409 3312 2683 3381 σωτηρίας
2734 3312 2903 3374 ἐστὶν,
2958 3310 3073 3365 ἀλλ’
3114 3311 3175 3364 οὐ
3209 3311 3460 3382 κρίσεως.
3496 3311 3787 3383 Ἑνήμέρᾳ

2223 3401 2332 3472 γὰρ
2393 3400 2626 3472 κρίσεως
2665 3400 2854 3465 ἑπάξει
2887 3403 3015 3472 ὑμῖν
3036 3401 3136 3471 τῆς
3189 3401 3469 3466 ἀπειθείας
3493 3403 3591 3466 τάς
3614 3419 3786 3472 τιμωι-

2223 3493 2365 3564 ρίας,
2391 3493 2420 3545 ὁ
2467 3492 2604 3563 πρὸς
2643 3492 2918 3563 σωτηρίαν
2951 3492 3095 3563 ὑμᾶς
3138 3493 3371 3558 καλέσας
3399 3494 3589 3564 Λόγος.
3624 3494 3785 3564 Ποίος

2217 3584 2275 3638 δὲ
2300 3579 2368 3655 ἦν
2390 3584 2418 3635 ό
2439 3583 2594 3654 λόγος
2625 3585 2686 3639 ὃν
2714 3584 2975 3655 nam“;

560 3934 3786 3971 Mm

1496 4116 1886 4174 ΚΕΦΑΛΑΙΟΝ
1941 4115 2028 4168 ΤΟ
2079 4115 2171 4168 ΕΝ
2198 4114 2287 4184 Τῼ
2317 4116 2595 4189 ΕΝΝΑΤῼ
2627 4118 2866 4191 ΒΙΒΛΙῼ.

1617 4429 1827 4490 LIBRI
1884 4428 2070 4490 NONI
2121 4430 2361 4491 CAPUT
2407 4430 2719 4495 UNlCUM.

554 4740 710 4807 Quoa
741 4755 953 4813 propter
981 4753 1187 4799 natura:
1204 4740 1557 4813 jdeutitatem
1593 4741 1770 4813 Filius
1800 4741 2009 4809 quidem
2047 4744 2119 4798 sit

797 4810 848 4869 in
885 4815 1069 4885 Patre,
1106 4822 1154 4867 et
1191 4811 1351 4865 Pater
1392 4825 1579 4866 rursus
1613 4814 1668 4867 in
1715 4810 1876 4869 Filio.

2227 4744 2357 4820 Ὀτι
2393 4744 2625 4820 διὰξὴν
2661 4746 2987 4820 ταυτότητα
3018 4748 3129 4818 τῆς
3169 4751 3409 4820 φύσεως
3433 4754 3466 4803 ὀ
3516 4750 3646 4817 Υἱὸς
3669 4752 3783 4820 μὲν

2381 4813 2473 4939 Et}:
2489 4817 2671 4883 Πατρι
2694 4816 2884 4884 ἐστιν,
2931 4820 2965 4872 ό
2994 4813 3194 4889 nam}
3226 4821 3278 4873 δ’
3294 4817 3371 4876 αὖ
3383 4813 3585 4874 ’πάλιν
3610 4813 3685 4875 Et:
3710 4820 3784 4887 τῷ

2368 4902 2413 4940 ω
2474 4902 2632 4940 στιν.
