4010 6320
584 315 683 367 ΗΠ

1609 315 1664 368 S.
1708 314 1984 370 CYlllLIJ
2021 317 2484 375 ALEXANDRINI
2527 321 2846 377 ARCllIEP.

3739 330 3838 384 N98

580 430 764 488 utique
801 429 1116 498 prophetam
1158 430 1250 498 qui
1287 445 1380 499 per
1411 431 1580 500 legem
1615 433 1950 501 pra-dicitur,
1990 449 2054 488 ex
2089 450 2144 488 ec

2259 441 2525 510 εσχήκασι
2545 441 2656 502 τοῖς
2685 438 2862 506 λόγοις
2897 437 2991 491 τοῦ
3046 439 3297 512 Σωτῆρος
3363 440 3522 511 ἡμῶν
3580 442 3838 512 Χριστοῦ,

577 523 721 587 quod
748 521 821 572 ait
858 520 961 574 sibi
989 536 1015 572 a
1042 521 1150 574 Deo
1172 536 1233 574 ac
1256 521 1417 576 Patre
1444 522 1573 592 quid
1611 525 1758 577 dicat
1788 526 2150 595 suppeditari.

576 609 762 677 Neque
793 623 924 662 vero
977 610 1269 678 quisquam
1310 609 1585 666 existimet
1636 627 1700 667 ex
1747 630 1811 668 eo
1859 615 2005 684 l‘ptod
2049 615 2156 671 Do-

577 699 758 751 minus
786 697 862 750 ait
900 698 1034 750 nihil
1060 714 1086 749 a
1119 699 1305 768 seipso
1331 699 1538 765 dicere,
1569 701 1663 755 sed
1708 702 1855 773 loqui
1897 721 1926 759 a
1959 705 2152 774 Patre,

576 790 888 842 detrimenti
935 791 1237 859 quidquam
1291 792 1542 862 accipere
1585 809 1768 864 posse,
1823 797 1939 853 sive
1973 802 2153 870 quoad

576 884 843 934 rati-onem
893 883 1251 944 substantia),
1307 883 1423 937 sive
1477 887 1620 954 quod
1679 889 1873 943 attinet
1927 891 1992 945 ad
2047 891 2171 946 Deo'

575 975 795 1043 dignam
832 973 1168 1041 majestalcm
1203 992 1215 1026 :
1254 975 1346 1028 sed
1386 975 1516 1029 illud
1556 992 1751 1033 rursus
1797 980 2034 1049 prinmm
2064 998 2156 1037 co-

577 1064 728 1132 gitet,
760 1077 822 1117 ac
856 1063 1175 1131 rogantibus
1207 1063 1364 1118 nobis
1404 1066 1755 1134 respondeat,
1798 1077 1980 1124 utrum
2026 1087 2156 1126 vero

576 1167 623 1208 et
655 1155 889 1208 naturali
941 1153 1050 1208 Deo
1106 1156 1410 1224 prophetiae
1469 1171 1667 1211 nomen
1723 1167 1776 1213 et
1826 1177 1938 1214 rem
1979 1163 2156 1231 ipsam

577 1246 873 1300 convenire
915 1253 1106 1315 putet;
1144 1247 1292 1314 atqui
1330 1263 1489 1300 nemo
1525 1264 1632 1302 non
1671 1249 1891 1318 dixerit,
1936 1254 2154 1322 opinor,

577 1339 896 1392 incredibile
935 1354 1056 1392 esse
1097 1337 1266 1393 Deum
1315 1341 1636 1411 prepln-tam
1672 1347 1857 1398 vocari
1904 1363 2026 1401 eum
2063 1350 2155 1418 qui

577 1430 629 1483 in
667 1430 946 1499 pt'Opht'lis
977 1430 1261 1498 loquatur.
1304 1449 1321 1481 ι
1364 1431 1484 1500 Ipse
1520 1434 1662 1487 enim
1700 1436 1942 1492 visiones
1975 1439 2160 1493 multi-

579 1522 821 1590 plicavit,
857 1531 910 1574 ut
955 1521 1241 1585 scribitur,
1277 1523 1410 1576 etin
1462 1526 1718 1581 manibus
1767 1530 2156 1597 prOpbetarum

573 1612 914 1668 assimilatus
954 1622 1033 1664 est
1065 1611 1133 1666 ⁸³.
1175 1631 1191 1661 ι
1229 1611 1372 1676 Quia
1398 1629 1526 1684 ergo
1548 1615 1834 1672 servitutis
1865 1621 2086 1674 nomine
2106 1629 2160 1675 et

574 1704 751 1756 lor-ina
777 1713 979 1757 nostraa
1001 1703 1377 1758 similitudinis
1409 1715 1690 1774 assumpta
1709 1708 1774 1761 ad
1800 1719 2044 1764 nostram
2076 1711 2154 1765 si-

2258 530 2437 583 καίτοι
2481 530 2711 601 βοῶντος
2757 530 3081 598 ἀναφανδὸν,
3128 530 3203 594 ὼς
3262 531 3425 595 αὐτὸς
3466 532 3554 603 εἴη
3593 534 3781 603 σαφῶς
3810 537 3838 588 ό

2257 621 2542 691 προφήτης
2606 622 2634 673 ὁ
2685 620 2774 674 διὰ
2827 621 2992 690 νόμου
3070 621 3582 692 χρησμῳδούμενος,
3623 625 3694 678 δι’
3767 620 3838 679 ὧν

2260 710 2466 778 ἔφασκε
2490 715 2601 776 τοῖς
2632 713 2784 783 παρά
2815 712 2907 765 τοῦ
2935 712 3068 765 Θεοῦ
3100 713 3194 764 καὶ
3226 714 3437 784 Πατρὺς
3475 715 3840 770 διακονεῖσθαι

2257 802 2454 870 λόγοις.
2485 803 2596 855 Καὶ
2641 804 2804 874 μήτις
2838 803 3035 856 οἰέσθω
3071 804 3132 856 τὸ
3176 805 3340 872 φάναι
3370 805 3461 857 τὸν
3504 805 3730 878 Κύριον,
3767 809 3840 872 ὡς

2257 895 2349 962 ἀφ’
2410 893 2604 947 ἑαυτοῦ
2664 894 2763 964 μὲν
2791 895 2962 957 οὐδὲν,
3023 895 3272 948 λαλεῖται
3297 896 3353 950 δὲ
3397 897 3548 968 παρά
3600 900 3836 969 Πατρδς,

2257 984 2460 1037 ἀδικεῖν
2487 985 2648 1038 αὑτὸν
2698 985 2958 1039 δύνασθαι
2997 986 3137 1040 κατά
3163 1005 3214 1040 τι
3257 988 3388 1057 γοῦν
3439 989 3596 1052 ὅλως,
3633 991 3666 1061 ἢ
3699 993 3843 1046 κατά

2257 1076 2348 1128 τὸν
2376 1077 2470 1144 τῆς
2509 1076 2696 1139 οὐσίας
2745 1077 2937 1147 αὐτῆς,
2998 1078 3166 1147 ήγουν
3208 1080 3287 1142 εἰς
3342 1078 3499 1143 ἀξίας
3547 1081 3704 1149 λόγον
3744 1083 3842 1151 τῆς

2258 1168 2596 1239 θεοπρεποῦς
2621 1185 2633 1198 ·
2665 1167 2802 1220 ἀλλά
2847 1168 3064 1239 πρῶτον
3105 1169 3203 1239 μὲν
3241 1171 3415 1223 έκεῖνο
3450 1171 3841 1241 διενθυμείσθω

2257 1274 2316 1309 τε
2354 1256 2537 1322 πάλιν,
2570 1257 2664 1310 καὶ
2683 1256 2888 1325 λεγέτω
2910 1258 3191 1328 ἐρομένοις
3216 1259 3346 1328 ἡμῖν
3363 1274 3376 1288 ·
3401 1255 3547 1330 ’Ἄρα
3577 1262 3684 1331 γὰρ
3707 1261 3840 1332 πρέ-

2260 1367 2384 1402 πειν
2416 1349 2660 1418 οἰήσεταί
2700 1366 2781 1412 τις
2811 1349 2891 1418 τῷ
2917 1367 2977 1417 γε
3013 1349 3146 1413 ὅλως
3203 1350 3316 1403 δντι
3357 1368 3416 1404 τε
3445 1352 3538 1404 καὶ
3563 1353 3840 1423 νοουμένῳ

2259 1441 2397 1494 κατά
2453 1441 2614 1510 φύσιν
2663 1440 2802 1511 Θεῷ,
2846 1441 2905 1493 τὸ
2948 1441 3046 1511 τῆς
3085 1443 3422 1512 προφητείας
3446 1442 3616 1512 ὄνομά
3646 1462 3703 1497 τε
3742 1445 3839 1498 καὶ

2260 1533 2534 1603 apium;
2588 1533 2767 1586 καίτοι
2817 1533 2926 1595 πᾶς
2965 1549 3050 1595 τις
3081 1527 3193 1596 οὖν,
3233 1529 3406 1604 οἶμαι,
3448 1533 3543 1587 καὶ
3581 1534 3688 1588 τῶν
3718 1535 3838 1589 λίαν

2261 1625 2500 1695 εὐλερῶν
2533 1627 2865 1694 ἀποφήσειεν
2889 1625 2976 1688 ἂν,
3023 1625 3285 1680 ἀπίθανον
3319 1620 3458 1678 εἶναι
3496 1625 3669 1693 λέγων
3697 1629 3838 1680 ἀπο-

2263 1715 2540 1769 καλεῖσθαι
2569 1721 2854 1787 προφήτην
2873 1715 2964 1768 τὸν
2985 1717 3044 1768 ὲν
3066 1718 3370 1786 προφήταις
3386 1715 3650 1769 λαλοῦντα
3678 1716 3834 1771 Θεόν.

573 1792 934 1847 militudiuem
965 1793 1226 1863 prOpbeta
1247 1803 1475 1849 vocatus
1496 1804 1601 1859 est,
1620 1801 1931 1854 necessario
1949 1801 1997 1856 ei
2015 1819 2144 1872 quo-

2261 1828 2278 1860 ι
2328 1809 2499 1872 Αὐτὸς
2551 1812 2662 1878 γὰρ
2696 1808 2914 1880 ὁράσεις
2961 1806 3260 1876 ἐπλήθυνε,
3302 1806 3444 1860 κατὰ
3488 1807 3548 1859 τὸ
3586 1823 3839 1878 γεγραμ-

570 1902 677 1954 que
709 1887 789 1940 lex
825 1901 945 1955 quae
973 1885 1247 1954 prophetae
1277 1888 1608 1941 conveniunt
1641 1892 1908 1954 attribuit,
1935 1895 2034 1947 hoc
2069 1907 2152 1950 est

571 1977 794 2032 audisse
847 1978 1052 2045 aliquid
1097 1994 1124 2030 a
1172 1977 1351 2042 Patre,
1403 1991 1458 2033 et
1503 1982 1821 2037 mandatum
1869 1988 2152 2056 accepisse

571 2069 732 2138 717
771 2069 898 2136 quid
927 2069 1076 2122 dicat
1132 2078 1184 2124 et
1219 2071 1350 2140 quid
1387 2071 1664 2142 loquatur.
1699 2077 1796 2130 Cui
1840 2079 2149 2135 addendum

570 2158 830 2224 arbitror,
872 2158 1088 2214 Judzees
1135 2161 1278 2232 legis
1320 2163 1582 2232 opinione
1631 2167 1982 2224 vehementer
2017 2188 2152 2241 pra:-

571 2254 896 2313 occupatos,
926 2247 978 2300 si
1014 2262 1131 2301 eam
1164 2261 1193 2301 ε
1239 2248 1346 2304 Deo
1379 2242 1646 2320 prolatam
1678 2271 1800 2310 esse
1837 2259 2146 2326 crederent,

570 2334 874 2389 Salvatoris
915 2352 1201 2393 sermones
1243 2356 1522 2410 nunquam
1566 2356 1925 2416 suscepturos
1978 2350 2150 2408 fuisse

570 2425 624 2479 in
647 2427 947 2496 spiritalem
965 2430 1173 2498 cultum
1195 2441 1376 2486 vetera
1401 2436 1654 2489 mandata
1677 2439 2146 2499 transformantis.

571 2517 674 2572 Sed
711 2519 841 2588 quid
899 2536 1078 2576 causa
1127 2534 1246 2577 erat
1289 2541 1389 2578 cur
1424 2525 1528 2594 ipsi
1577 2528 1785 2581 nollent
1849 2533 2144 2601 ﬁgurarum

569 2607 633 2660 ad
672 2610 952 2664 veritatem
988 2613 1534 2668 transformationem
1573 2618 1895 2688 suscipere?
1924 2621 2146 2679 Nescie-

567 2700 698 2754 bant
741 2700 906 2754 Deum
959 2718 1083 2758 esse
1135 2706 1288 2758 illum
1340 2708 1643 2760 secundum
1707 2717 1983 2780 naturam,
2046 2731 2147 2770 nec

567 2793 750 2851 animo
795 2794 1086 2862 capiebant
1136 2796 1478 2864 unigenitum
1533 2798 1712 2854 Patris
1762 2799 1996 2856 Verbum
2045 2822 2146 2861 no-

567 2893 738 2935 stram
781 2893 1004 2952 propter
1037 2901 1136 2940 nos
1166 2896 1412 2955 gestasse
1444 2904 1692 2944 carnem.
1735 2892 1952 2963 Alioqui
1998 2898 2143 2952 enim

567 2974 748 3025 statim
778 2972 886 3025 Deo
919 2976 1347 3042 procumbentes
1389 2986 1444 3030 et
1475 2993 1806 3050 quocunque
1849 2984 2012 3039 vellet
2045 2987 2145 3040 im-

566 3063 716 3130 pigre
751 3061 938 3128 delati,
970 3066 1389 3121 convl-nientem
1435 3069 1486 3122 ei
1523 3073 1751 3139 gloriam
1801 3085 2139 3134 servassent.

2257 1901 2435 1971 μένον,
2471 1901 2563 1954 καὶ
2610 1901 2668 1952 ὲν
2717 1899 2875 1970 χερσὶ
2905 1897 3200 1969 προφητῶν
3221 1897 3501 1967 ὡμοιώθη.
3541 1918 3559 1950 ι
3611 1899 3833 1971 Ἐπειδὴ

2251 1994 2430 2045 τοίνυν
2468 1994 2528 2046 τὸ
2570 1993 2670 2062 τῆς
2711 1993 2956 2055 δουλείας
2999 1992 3168 2062 ὄνομα
3214 1991 3306 2043 καὶ
3342 1990 3530 2060 σχῆμα
3563 1991 3664 2059 τῆς
3695 1991 3835 2062 πρὸς

2251 2087 2400 2156 ἡμᾶς
2424 2086 2740 2155 ὁμοιότητος
2775 2082 3084 2147 ἀναλαϐὼν,
3113 2082 3234 2136 καθ’
3266 2083 3545 2152 ἡμετέραν
3572 2083 3835 2152 ὁμοίωσιν

2251 2179 2452 2250 ἐκλήθη
2483 2180 2790 2248 προφήτης,
2828 2176 3141 2246 ἀναγκαίως
3189 2174 3336 2243 αύτῷ
3364 2174 3458 2227 καὶ
3492 2174 3560 2226 τὰ
3585 2173 3663 2242 τῷ
3699 2191 3835 2245 προ·

2251 2272 2395 2342 φήτῃ
2425 2271 2708 2341 πρέποντα
2752 2268 3124 2340 περιτέθεικεν
3154 2268 3181 2320 ὁ
3217 2266 3400 2335 νόμος,
3423 2264 3569 2317 τοῦτ’
3603 2266 3739 2325 ἔστι,
3769 2264 3836 2316 τὸ

2251 2361 2514 2419 πυθέσθαι
2547 2380 2596 2414 τι
2627 2361 2777 2432 παρά
2801 2360 2894 2413 τοῦ
2919 2359 3151 2430 Πατρὸς,
3197 2357 3417 2427 ἐντολήν
3447 2373 3508 2408 τε
3549 2355 3834 2425 εἰληφέναι

2246 2453 2300 2506 τί
2329 2453 2479 2524 εἴπῃ,
2532 2452 2625 2504 καὶ
2664 2451 2716 2503 τί
2780 2451 3008 2520 λαλήσῃ.
3045 2449 3186 2520 Πρὸς
3219 2447 3276 2501 δέ
3298 2463 3363 2515 γε
3392 2445 3566 2515 τούτῳ
3610 2446 3836 2498 κάκεῖνο

2247 2547 2421 2598 εἰπεῖν
2450 2546 2704 2616 οἰήσομαι
2757 2544 2866 2596 δεῖν
2888 2559 2900 2570 ·
2929 2545 2988 2595 έν
3027 2540 3193 2611 πολλῇ
3251 2537 3516 2610 προλήψει
3544 2538 3834 2605 γεγονότες

2262 2638 2502 2691 Ἰουδαῖοι
2533 2638 2660 2706 περὶ
2691 2636 2780 2689 τὸν
2811 2636 2994 2706 νόμον,
3031 2631 3360 2702 λελαλῆσθαι
3400 2629 3551 2701 παρά
3579 2631 3670 2682 τοῦ
3692 2627 3832 2680 Θεοῦ

2249 2729 2594 2792 πιστεύοντες
2621 2729 2800 2788 αὐτὸν,
2831 2728 2929 2781 οὐκ
2960 2726 3025 2780 ἂν
3057 2724 3416 2796 παρεδέξαντο
3445 2721 3538 2775 τοῦ
3577 2721 3834 2791 Σωτῆρος

2246 2820 2605 2888 τοὶς).όγους,
2650 2821 2728 2880 εἰς
2777 2817 3159 2886 πνευματικὴν
3219 2813 3474 2883 λατρείαν
3526 2810 3834 2881 μεταπλάτ-

2245 2927 2431 2973 τοντος
2468 2911 2534 2964 τὰ
2589 2910 2757 2963 πάλαι
2807 2906 3162 2977 διωρισμένα.
3219 2903 3328 2956 Καὶ
3374 2903 3455 2966 τίς
3490 2903 3522 2970 ή
3553 2902 3833 2970 πρόφασις

2245 3002 2339 3055 τοῦ
2369 3003 2444 3074 μὴ
2479 3001 2653 3056 θέλειν
2677 3000 2874 3063 αὐτοὺς
2909 2995 3322 3068 παραδέξασθαι
3346 2993 3437 3046 τὸν
3456 2995 3537 3056 εἰς
3567 2992 3832 3062 ἀλήθειαν

2245 3093 2353 3146 τῶν
2386 3093 2574 3145 τύπων
2614 3089 3038 3160 μεταπλασμόν;
3101 3089 3214 3140 Οὐκ
3263 3085 3458 3156 ᾔδεσαν
3483 3083 3624 3137 κατά
3661 3084 3830 3152 φύσιν

568 3148 673 3201 Sed
705 3149 1091 3205 exisurnabant
1136 3154 1322 3208 miseri
1369 3172 1535 3210 unum
1589 3176 1619 3214 e
1657 3165 1818 3218 nobis
1850 3169 2139 3234 exsistere,

2247 3187 2375 3240 ὅντα
2429 3185 2582 3246 Θεὸν,
2614 3148 2742 3236 ’ἀλλ’
2772 3148 3065 3250 οὑδὲῑεῖχον
3108 3180 3189 3240 εἰς
3236 3177 3384 3240 νοῦν,
3425 3177 3506 3229 ὃτι
3539 3177 3709 3244 Λόγος
3748 3174 3830 3227 ὣν

564 3255 800 3309 cumque
843 3241 1003 3296 homo
1035 3243 1214 3299 nudus
1252 3261 1317 3300 ac
1353 3265 1538 3304 merus
1577 3263 1742 3316 ess-ct,
1783 3266 1998 3312 tantum
2039 3260 2143 3314 sibi

569 3340 748 3386 tamen
782 3348 1083 3398 assumere,
1116 3346 1173 3390 ut
1205 3348 1258 3392 et
1287 3340 1434 3409 ipsas
1467 3342 1558 3396 Dei
1598 3343 1772 3403 Patris
1803 3347 1949 3420 leges
1987 3366 2145 3406 ever-

568 3433 681 3478 tere
718 3426 967 3479 auderet.
1005 3427 1124 3492 Quo
1155 3429 1358 3485 factum
1403 3442 1488 3487 est
1534 3445 1590 3489 ut
1641 3438 1988 3508 impudenter
2019 3463 2142 3502 eum

564 3513 901 3571 clamoribus
933 3518 1310 3577 incesserent:
1349 3542 1366 3574 ι
1422 3525 1495 3580 De
1537 3527 1682 3584 bono
1719 3547 1884 3601 opere
1916 3551 2022 3589 non
2073 3539 2145 3592 la-

564 3605 817 3674 pidamus
852 3618 923 3672 te,
953 3611 1046 3665 sed
1077 3611 1144 3666 de
1187 3613 1524 3684 blaSpbemia
1569 3637 1581 3672 :
1634 3632 1687 3674 et
1722 3625 1848 3693 quia
1881 3635 1936 3680 tu
1982 3627 2143 3684 hrmo

563 3712 687 3748 cum
714 3697 813 3762 sis,
846 3701 1250 3768 teipsumfacis
1285 3703 1452 3760 Deum
1484 3708 1551 3764 °‘.
1586 3729 1604 3762 ι
1653 3711 1927 3784 Singulari
1957 3719 2142 3790 itaque

563 3793 906 3860 et-pratclaro
947 3795 1180 3850 consilio
1217 3796 1480 3854 Dominus
1512 3813 1701 3858 noster
1739 3805 1901 3861 Jesus
1947 3809 2013 3864 ab
2047 3812 2140 3866 illa

2245 3274 2340 3329 τοῦ
2402 3274 2613 3346 Πατρὺς
2663 3275 2691 3325 ὁ
2743 3270 3066 3341 Μονογενὴς,
3111 3269 3210 3340 τὴν
3250 3267 3525 3338 ἡμετέραν
3575 3266 3641 3319 δι’
3677 3267 3830 3335 ἡμᾶς

2248 3367 2534 3436 πεφόρηκε
2565 3364 2844 3434 σάρκα.Ἢ
2878 3363 2988 3433 γὰρ
3021 3361 3087 3415 ἂν
3120 3361 3283 3423 εὐθὺς
3312 3358 3678 3421 ὑποπεσόντες
3704 3355 3828 3427 Θεῷ

2247 3458 2383 3530 πρὸς
2429 3459 2536 3511 πᾶν
2571 3457 2748 3511 ὁτιοῦν
2793 3454 3060 3527 ἀμελλητὶ
3102 3452 3508 3524 μεθιστάμενοι,
3552 3448 3650 3519 τὴν
3673 3447 3829 3518 αὐτῷ

2245 3548 2561 3618 πρέπουσαν
2596 3546 2922 3616 διετήρησαν
2961 3544 3138 3609 δόξαν.
3187 3542 3376 3612 ’ῼοντο
3405 3538 3460 3591 δὲ
3488 3537 3686 3608 μᾶλλον
3711 3533 3827 3586 τῶν

2244 3637 2364 3691 καθ’
2413 3638 2560 3707 ἡμᾶς
2611 3638 2658 3689 οἱ
2687 3637 2911 3689 δείλαιοι
2935 3633 3203 3704 ὑπάρχειν
3253 3631 3371 3693 ένα,
3402 3629 3494 3681 καὶ
3535 3627 3826 3696 ἄνθρωπον

2242 3728 2370 3781 ὂντα
2402 3728 2556 3797 ψιλὸν
2594 3727 2861 3798 φρονῆσαι
2917 3724 3192 3786 τοσοῦτον,
3221 3723 3297 3784 ὼς
3340 3720 3433 3772 καὶ
3472 3717 3670 3777 αὐτοὺς
3697 3719 3826 3769 ἐπι-

2242 3823 2444 3890 χειρεῖν
2469 3821 2596 3883 τοὺς
2619 3819 2770 3890 παρὰ
2815 3817 2912 3871 τοῦ
2959 3816 3094 3870 Θεοῦ
3148 3814 3240 3868 καὶ
3277 3810 3490 3881 nam;
3516 3807 3823 3878 παραλύειν

563 3883 879 3952 suspicione
910 3885 1190 3941 auditores
1222 3890 1570 3958 abstrahens,
1605 3901 1864 3965 tanquam
1915 3913 1943 3951 a
1992 3902 2138 3956 nuda

2246 3883 2460 3982 νόμους.
2515 3912 2626 3963 Καὶ
2683 3883 2814 3980 γοῦν
2867 3908 3092 3979 ἀναίδην
3140 3905 3379 3973 έφασκον
3425 3899 3563 3972 πρὸς
3621 3897 3820 3951 αὐτόν·

559 3983 615 4026 et
654 3976 766 4028 sola
817 3975 1054 4030 humana
1095 3976 1329 4048 persona
1386 3986 1690 4039 orationem
1754 3989 2018 4045 transfert
2068 3995 2138 4050 ad

2247 4020 2264 4053 ι
2304 3975 2438 4072 Περὶ
2485 3999 2650 4055 καλοῦ
2696 3975 2860 4072 έργου
2909 3999 2972 4050 οὐ
3016 3975 3308 4065 λιθάζομέν
3377 4009 3458 4056 σε,
3509 3987 3646 4043 ἀλλὰ
3688 3986 3819 4058 περὶ

557 4081 686 4119 eum
731 4067 825 4136 qui
883 4068 1059 4134 palam
1089 4081 1142 4124 et
1189 4075 1310 4128 sine
1356 4075 1800 4132 contradictione
1848 4080 2134 4152 adoratur,

2246 4067 2608 4163 βλασφημίας,
2665 4067 2745 4146 ὅτι
2778 4067 2852 4144 σὺ
2891 4087 3176 4161 ἄνθρωπος
3230 4085 3326 4148 ὢν,
3365 4085 3536 4145 ποιεῖς
3589 4079 3818 4133 σεαυτὸν

568 4159 758 4224 Deum,
801 4159 1046 4228 inquam,
1081 4172 1136 4217 et
1185 4161 1430 4230 Patrem,
1459 4165 1772 4222 Judaeorum
1824 4174 2132 4230 vecordiam

2246 4159 2569 4238 EadmoﬂAta
2624 4183 2824 4253 πολλῆς
2855 4159 3035 4234 τοίνυν
3065 4178 3161 4232 καὶ
3200 4175 3458 4248 ἀκριϐοῦς
3500 4170 3817 4241 οἰκονομίας

563 4250 710 4304 omni
747 4251 960 4306 ratione
994 4254 1359 4320 confundens,
1405 4268 1458 4313 et
1487 4260 1655 4314 variis
1698 4263 1875 4318 modis
1919 4265 2134 4335 ignaras

2246 4281 2262 4331 5
2289 4275 2492 4348 Κύριος
2524 4275 2684 4347 ήμῶν
2722 4250 2929 4346 Ἰησοῦς
2951 4273 3049 4343 τῆς
3075 4271 3301 4339 ἐνούσης
3342 4269 3524 4329 αὐτοῖς
3558 4263 3813 4326 ὑπονοίας

563 4351 770 4396 tnetttes
809 4351 1083 4410 tractans,
1119 4355 1283 4417 atque
1318 4347 1386 4402 ad
1429 4366 1554 4404 vera
1593 4361 1650 4405 et
1683 4357 2131 4414 convenientiora

2246 4347 2495 4440 μεθιστὰς
2515 4367 2636 4430 τοὺς
2657 4365 3068 4437 ἀκροωμένους,
3092 4362 3166 4426 ὡς
3185 4361 3294 4415 ἀπὸ
3331 4358 3489 4429 ψιλοῦ
3525 4358 3618 4411 καὶ
3646 4358 3810 4426 μόνου

561 4433 818 4487 discenda
852 4437 1162 4506 pelliciens.
1205 4437 1302 4494 His
1332 4441 1550 4508 quidem
1580 4447 1929 4503 sermonibus
1954 4458 2007 4504 et
2035 4452 2131 4506 ob-

2246 4433 2328 4513 τοῦ
2385 4433 2750 4529 ἀνθρωπίνου⁷
2785 4433 3081 4526 προσώπου
3135 4449 3492 4523 μετακομίζει
3532 4447 3623 4501 τὸν
3652 4446 3810 4515 λόγον

562 4527 964 4581 scrvationibus
999 4537 1292 4583 contentus
1325 4524 1451 4585 esse
1489 4533 1615 4602 quis
1639 4545 1829 4604 posset
1857 4539 1922 4592 ad
1948 4549 2133 4595 retun-

2246 4549 2329 4601 ἑτι-ἰ
2353 4547 2444 4600 τὸν
2482 4524 2890 4617 ἀναντιρῤήτως
2910 4562 2970 4598 τε
3021 4544 3116 4596 καὶ
3153 4539 3601 4613 ὁμολογουμένως
3637 4555 3807 4609 προσ-

561 4616 1090 4688 deudadmpiorum
1138 4620 1522 4676 haareticorum
1579 4627 1849 4692 convicia,
1903 4633 1996 4700 qui
2049 4634 2131 4688 vel

2246 4639 2585 4709 ιυνούμενον,
2618 4616 2760 4708 (pagi.
2787 4638 2845 4690 δὲ
2882 4638 2971 4691 τὸν
2997 4635 3131 4688 Θεὸν
3162 4634 3255 4687 καὶ
3289 4630 3531 4700 Πατέρα,
3557 4628 3644 4681 διὰ
3669 4646 3805 4682 παν-

561 4709 663 4764 bac
703 4720 857 4779 parte
886 4711 1153 4764 minorem
1180 4709 1341 4766 Patre
1369 4711 1569 4768 Filium
1610 4718 1953 4785 existimant,
1987 4726 2128 4796 quod

2246 4731 2319 4794 τὸς
2364 4731 2562 4802 χρῆναι
2613 4733 2816 4799 τρόπου
2873 4729 2970 4799 τὴν
3000 4726 3325 4781 ἀπαίδευτον
3379 4721 3487 4774 τῶν
3536 4720 3805 4774 Ἰουδαίων

561 4801 697 4854 dixit
733 4802 870 4855 nihil
925 4817 954 4854 a
1006 4801 1192 4870 seipso
1231 4802 1407 4873 loqui,
1464 4805 1560 4859 sed
1615 4807 1802 4864 datum
1863 4814 1967 4868 sibi
2008 4831 2132 4872 esse

561 4892 910 4958 mandatum,
964 4900 1019 4947 et
1066 4892 1210 4947 sicut
1258 4895 1468 4966 audivit
1515 4897 1684 4969 loqui.
1721 4901 1785 4955 Et
1833 4904 2132 4962 sull'ecmra

559 4983 782 5052 quidem
817 4983 922 5038 ista
969 4983 1085 5051 ipse
1116 4997 1337 5054 quoque
1364 4989 1651 5056 existimo,
1687 4993 1884 5049 addam
1923 4997 2126 5054 nihilo-

559 5075 741 5130 minus
773 5072 980 5143 aliquid
1018 5073 1164 5126 aliud
1215 5091 1326 5145 quo
1361 5077 1580 5136 illorum
1628 5085 1966 5142 blateronum
1999 5106 2127 5160 pro-

558 5166 764 5220 cacitas
807 5162 1050 5235 pateﬁat.
1080 5163 1196 5234 Age
1223 5167 1392 5234 enim,
1433 5171 1479 5226 si
1515 5173 1712 5242 placet,
1749 5183 2126 5248 prmtermisso

557 5271 704 5310 nunc
753 5253 1182 5324 diSpensationis
1230 5271 1354 5312 cum
1403 5274 1570 5319 carne
1627 5281 1900 5336 sermone,
1937 5282 2125 5329 osten-

557 5347 752 5401 damus
793 5351 941 5399 recte
971 5345 1040 5400 de
1079 5345 1199 5416 ipse
1231 5348 1525 5422 Unigeuito
1551 5355 1758 5412 dictum
1792 5377 1915 5418 esse
1943 5365 2074 5422 illud
2102 5387 2115 5422 ε

560 5454 580 5486 ι
622 5435 760 5501 Quia
787 5449 889 5503 ego
928 5449 996 5489 ex
1031 5437 1240 5505 meipso
1273 5455 1382 5495 non
1429 5443 1650 5516 loquor,
1689 5451 1783 5504 sed
1837 5454 1931 5523 qui
1968 5457 2120 5513 misit

555 5539 643 5580 me
663 5523 846 5593 Pater,
879 5525 997 5596 ipse
1035 5525 1169 5581 mihi
1203 5531 1521 5590 mandatum
1565 5537 1715 5594 dedit
1740 5543 1872 5613 quid
1915 5546 2116 5618 dicam,

625 5703 670 5735 “
702 5702 839 5761 Osee
870 5724 971 5779 xu,
1001 5713 1090 5770 10.
1165 5715 1210 5746 ⁸³
1239 5711 1394 5767 Joan.
1435 5730 1461 5767 ιι
1485 5754 1500 5780 ,
1531 5715 1622 5771 55.

2229 4823 2459 4894 καρδίαν
2490 4823 2822 4875 ὲκδυσωπεῖν
2855 4821 3118 4891 οἰόμενος,
3178 4817 3271 4871 καὶ
3329 4811 3801 4886 μεταχειρίζεσθαι

2229 4913 2488 4976 ποικίλως
2519 4915 2644 4976 τοὺς
2678 4913 2970 4974 ἀσυνέτους
2999 4908 3293 4980 ἐπιχειρῶν
3322 4909 3402 4970 είς
3428 4905 3489 4959 τὸ
3519 4902 3800 4974 βούλεσθαι
3829 4973 3834 4978 ,

2230 5002 2424 5072 μαθεῖν
2449 5000 2520 5054 τὰ
2541 5001 2714 5072 ἀληθῆ
2748 5002 2841 5056 καὶ
2885 5000 3326 5072 πρεπωδέστερα.
3371 4994 3648 5057 Τοιούτοις
3703 4993 3800 5063 μὲν

2224 5089 2316 5146 οὖν
2377 5094 2740 5164 ἀποχρήσαιτ’
2805 5094 2868 5146 ἄν
2914 5110 2999 5156 τις
3031 5091 3210 5162 λόγοις
3254 5107 3314 5142 τε
3342 5089 3437 5143 καὶ
3460 5087 3800 5157 θεωρήμασι,

2222 5183 2321 5246 τὰς
2349 5183 2456 5238 τῶν
2489 5186 2716 5239 ἀνοσίων
2767 5184 3059 5255 αἱρετικῶν
3101 5178 3419 5254 φιλοψογίαξ
3446 5178 3800 5249 διακρουόμε-

2222 5292 2332 5338 νος,
2367 5275 2646 5344 οἰομένων,
2670 5277 2750 5328 ὃτι
2783 5279 2934 5346 μεῖον
2957 5275 3069 5342 seu
3108 5273 3249 5328 κατά
3270 5291 3322 5326 τι
3349 5271 3478 5340 γοῦν
3497 5272 3526 5324 ὁ
3549 5269 3698 5335 Υἱὸς,
3725 5268 3798 5331 ὼς

2226 5365 2362 5437 πρὸς
2388 5365 2479 5418 τὸν
2513 5365 2705 5419 ἑαυτοῦ
2738 5367 3062 5441 Γεννήτορα,
3090 5365 3179 5420 διὰ
3222 5365 3283 5418 τὸ
3309 5363 3474 5432 φάναι
3493 5361 3673 5414 λαλεῖν
3703 5361 3798 5430 μὲν

2223 5457 2320 5526 ἀφ’
2352 5456 2545 5509 ἑαυτοῦ
2571 5458 2755 5527 μηδὲν,
2798 5459 3044 5512 δεδόσθαι
3078 5475 3142 5528 γε
3189 5458 3295 5528 μὴν
3329 5453 3569 5524 ἐντολὴν,
3618 5453 3798 5506 λαλεῖν

2223 5563 2284 5599 τε
2312 5545 2452 5599 οὕτω
2497 5547 2748 5620 καθάπερ
2796 5551 3054 5622 ήκροᾶτο.
3094 5549 3206 5604 Καὶ
3237 5548 3492 5620 ἀρκέσειν
3523 5545 3620 5617 μὲν
3642 5539 3798 5614 οἶμαι
