4010 6320
183 354 280 415 10⁸)

1211 349 1274 403 ΙΝ
1302 347 1584 405 JOANNIS
1618 346 2070 406 EVANGELIUM
2105 349 2231 406 LIB.
2274 351 2362 405 IX.

3317 354 3414 406 IIII

181 472 267 528 καὶ
316 468 514 535 ταῦτα,
572 467 712 539 πλὴν
771 467 883 539 ἐρῶ
938 485 991 521 τι
1049 469 1142 520 καί¹
1174 468 1358 538 ἕτερον
1384 466 1485 536 τῆς
1527 467 1748 520 ἐκείνων

1862 476 1905 521 et
1952 469 2085 537 quid
2137 470 2349 539 loquar.
2391 488 2408 520 ι
2461 466 2578 538 Ipse
2630 471 2774 524 enim
2816 486 2940 524 cum
2992 470 3064 525 sit
3123 472 3311 528 vivens
3362 484 3418 528 et

182 560 618 632 ἀθυρογλωττίας
659 560 758 629 τὴν
791 557 950 628 ὕϐριν
977 558 1339 627 ἀπογυμνοῦν.
1383 557 1517 627 Φέρε
1549 557 1677 628 γὰρ,
1702 558 1751 610 εἰ

182 655 340 717 δοκεῖ,
383 653 556 724 βραχὺ
605 649 1044 722 περιστείλαντες
1081 650 1179 720 τῆς
1224 648 1362 719 μετὰ
1386 649 1586 718 σαρκὸς
1616 650 1753 701 οίκο-

182 745 366 815 νομίας
387 744 445 797 εν
469 761 534 813 γε
554 743 630 813 τῷ
646 743 870 814 παρόντι
884 742 972 795 τδν
994 742 1169 808 λόγον,
1196 742 1282 793 ἐπ’
1300 739 1463 792 αὑτοῦ
1494 740 1750 793 δεικνύω-

188 853 282 906 μεν
309 836 404 888 τοῦ
434 835 773 901 Μονογενοῦς
797 834 973 904 ὀρθῶς
1009 851 1065 886 τε
1123 834 1216 887 καὶ
1241 832 1422 895 καλῶς
1461 832 1752 902 εἰρημένον

185 929 268 981 τό’
307 945 325 977 ι
358 927 481 979 Ὅτι
531 925 641 993 ἐγὼ
684 925 743 992 ἐξ
775 923 1012 995 ἐμαυτοῦ
1040 924 1101 976 οὗ
1123 922 1290 984 λαλῶ,
1323 923 1437 975 ἀλλ’
1473 925 1501 975 ὁ
1534 921 1752 992 πέμψας

190 1035 251 1089 με
272 1017 481 1088 Πατὴρ.
503 1017 665 1080 αὐτός
698 1033 787 1087 μοι
808 1016 1025 1086 ἐντολὴν
1063 1016 1282 1077 δέδωκε,
1319 1014 1370 1066 τί
1397 1014 1558 1077 εἴπω,
1583 1014 1678 1065 καὶ
1700 1012 1753 1064 τε

185 1109 416 1180 λαλήσω.
452 1126 469 1158 ι
515 1107 685 1171 Αὐτὸς
725 1106 833 1176 γὰρ
881 1104 955 1157 ὢν
991 1107 1018 1158 ὁ
1043 1105 1149 1169 ζῶν
1187 1121 1245 1156 τε
1270 1105 1364 1156 καὶ
1392 1105 1754 1165 ἐνυπόστατος

186 1200 349 1267 Λόγος
407 1197 502 1251 τοῦ
576 1196 709 1251 Θεοῦ
748 1197 842 1249 καὶ
899 1196 1132 1267 Πατρδς,
1188 1196 1500 1262 ἀναγκαίως
1530 1194 1746 1264 διερμη-

185 1289 323 1345 νεύει
378 1289 450 1342 τά
494 1291 552 1341 ἐν
600 1287 768 1357 αὐτῷ,
803 1287 899 1341 καὶ
932 1287 992 1340 τὸ
1023 1287 1096 1350 ὡς
1132 1288 1190 1339 ἐν
1222 1286 1437 1357 θελήσει
1465 1286 1653 1339 δοκοῦν
1677 1286 1755 1357 τῷ

189 1383 299 1452 ἰδίῳ
337 1382 633 1451 Γεννήτορι
655 1378 863 1446 ἐξάγων
900 1381 978 1441 είς
1018 1378 1156 1447 φῶς,
1179 1379 1252 1441 ὡς
1283 1378 1501 1446 ἐντολῆς
1528 1377 1755 1448 δύναμιν

186 1473 468 1541 εἰληφέναι
508 1470 692 1542 φησίν.
723 1470 850 1523 ἰδοι
884 1470 926 1522 δ’
951 1468 1015 1523 ἄν
1035 1487 1116 1532 τις
1144 1468 1238 1523 καὶ
1263 1470 1345 1538 ἐφ’
1381 1468 1538 1540 ἡμῶν
1576 1470 1756 1521 αὐτῶν

189 1564 384 1634 ἀληθὲς
410 1564 471 1617 τὸ
502 1565 757 1635 πρᾶγμα,
793 1564 884 1616 καὶ
915 1564 1013 1633 οὐχ
1038 1562 1235 1631 ἑτέρως
1266 1560 1406 1631 ἔχον.
1451 1562 1621 1629 Λόγος
1647 1561 1757 1633 γάρ

185 1653 584 1724 όπροφορικὸς,
633 1654 662 1706 ὁ
708 1653 766 1705 ἐν
800 1651 1046 1705 συνθέσει
1087 1650 1282 1714 λέξεων
1332 1651 1424 1704 καὶ
1473 1651 1753 1722 ῥημάτων,

186 1745 269 1796 διά
291 1761 344 1796 τε
389 1744 574 1813 φωνῆς
600 1743 696 1812 τῆς
725 1743 987 1814 ἐνάρθρου
1032 1742 1167 1814 πρὸς
1203 1743 1263 1795 :0
1299 1740 1404 1805 ἔξω
1426 1741 1754 1795 διακτυπού-

1851 560 2160 617 subsistens
2192 560 2284 616 Dei
2321 575 2385 615 ac
2428 560 2608 617 Patris
2645 562 2881 617 Verbum
2903 604 2918 628 ,
2954 564 3269 619 necessario
3299 581 3419 635 qua:

1852 651 1906 704 in
1942 665 2007 704 eo
2041 660 2169 705 sunt
2213 652 2486 714 enuntiat,
2544 651 2993 721 voluntatemque
3047 657 3311 725 genitoris
3361 658 3417 711 in

1854 740 2031 794 lucem
2073 741 2264 808 edens,
2313 742 2473 811 quasi
2534 742 2850 798 mandatum
2908 745 3073 816 718
3106 746 3325 816 aliquod
3360 763 3421 805 se

1853 829 2131 898 accepisse
2166 829 2259 883 ait.
2299 831 2453 896 Quod
2487 832 2739 901 exemplo
2767 848 2797 886 a
2830 834 2994 889 nobis
3031 835 3165 905 ipsis
3194 836 3419 890 desum-

1854 927 1947 988 pto
1983 934 2173 973 verum
2206 935 2331 974 esse
2370 922 2764 990 compcrietur.
2798 920 2990 977 Sermo
3021 924 3418 988 enuntiativus,

1854 1009 2155 1063 dictionum
2209 1025 2274 1064 ac
2330 1011 2618 1064 verborum
2673 1011 3076 1081 compositione
3124 1024 3419 1078 constans,

1846 1099 2056 1168 quique
2083 1101 2369 1155 articulata
2402 1116 2534 1155 voce
2569 1100 2719 1157 foras
2765 1104 3028 1172 erumpit,
3078 1110 3282 1162 mentis
3325 1122 3423 1161 uo-

1856 1199 1982 1242 strae
2009 1190 2175 1243 veluti
2220 1190 2378 1258 jussu
2424 1192 2542 1258 ejus
2581 1206 2781 1248 arcana
2820 1196 3074 1260 recludit,
3122 1198 3285 1268 idque
3329 1215 3423 1255 cc-

1856 1273 2097 1330 lerriine.
2130 1276 2303 1332 Simul
2331 1282 2475 1334 enim
2507 1296 2571 1335 ac
2603 1299 2758 1338 meus
2783 1284 2989 1354 aliquid
3014 1288 3282 1357 concepit.
3306 1297 3422 1344 tum

1856 1365 1911 1419 id
1947 1366 2068 1421 voci
2117 1370 2452 1424 committit:
2494 1372 2607 1428 hrcc
2663 1372 2861 1428 autem
2902 1374 3053 1432 foras
3105 1393 3422 1448 erumpens,

1858 1468 1979 1523 qua:
2010 1455 2159 1511 intus
2190 1465 2243 1512 et
2273 1458 2327 1511 in
2358 1468 2536 1513 mente
2560 1468 2689 1514 sunt
2719 1461 2903 1517 abdita
2929 1465 3197 1531 enuntiat,
3229 1483 3329 1521 nec
3356 1468 3425 1523 de

1857 1546 1959 1601 sibi
1990 1548 2262 1604 mandatis
2285 1551 2579 1621 quidquam
2611 1560 2802 1607 mutat.
2832 1553 2973 1620 Quid
3006 1557 3204 1610 mirum
3233 1559 3423 1629 igitur.

1857 1645 1951 1690 aut
1988 1638 2326 1704 incredibile,
2373 1642 2583 1710 inquiet
2618 1645 2836 1714 aliquis,
2869 1648 2912 1700 si
2954 1644 3190 1701 Verbum
3236 1648 3329 1703 Dei
3360 1665 3426 1705 ac

1858 1724 2038 1782 Patris
2087 1743 2209 1784 cum
2251 1731 2323 1785 sit
2374 1731 2567 1796 Filius,
2617 1751 2725 1789 non
2786 1737 2952 1792 sicuti
3007 1748 3194 1795 noster
3247 1757 3427 1798 sermo

191 1853 367 1906 μενος.
412 1836 802 1905 ἐντελλομένης
841 1835 1029 1905 ὥσπερ
1060 1833 1316 1904 αὐτῷτῆς
1351 1834 1623 1905 ἡμετέρας
1637 1835 1752 1886 δια-

1862 1817 2090 1887 (majora
2120 1822 2265 1875 enim
2314 1833 2442 1877 sunt
2469 1825 2615 1879 omni
2648 1828 2899 1897 exemplo
2932 1828 3000 1884 de
3031 1829 3142 1887 Deo
3185 1848 3308 1903 qua:
3337 1833 3426 1888 di-

187 1930 351 1991 νοέας,
405 1928 740 1982 ἐκκαλύπτει
768 1928 835 1979 τά
886 1929 942 1978 ἐν
993 1925 1155 1995 αὐτῇ,
1198 1924 1292 1977 καὶ
1316 1926 1363 1976 εί
1391 1924 1464 1994 μὴ
1495 1925 1551 1976 ἐν
1578 1925 1754 1996 χρόνῳ

192 2019 384 2091 μακρῷ
413 2019 475 2073 τὸ
532 2020 765 2089 πρᾶγμα
815 2018 1045 2086 γίνεται.
1080 2017 1232 2083 ’Ἅμα
1267 2015 1374 2085 γάρ
1396 2032 1448 2067 τι
1472 2015 1701 2084 συνῆκεν
1728 2016 1756 2067 ό

188 2109 327 2207 νοῦς,
359 2109 743 2207 καὶ-παρέθετο
767 2108 1028 2207 τῆλφωνῇι
1050 2122 1064 2137 ⁸
1150 2105 1368 2207 δέυπρδς
1388 2104 1456 2207 f0
1482 2104 1585 2169 ἔξω
1607 2103 1756 2207 βαδί-

189 2193 357 2262 ζουσα
419 2199 488 2252 τά
530 2201 587 2252 ἐν
640 2197 718 2268 τῷ
769 2196 941 2267 βάθει,
975 2196 1041 2249 τά
1086 2196 1143 2249 ἐν
1171 2193 1249 2265 τῷ
1275 2193 1356 2247 νοῒ
1383 2193 1757 2265 διερμηνεύειν

188 2291 644 2362 παραλλάττουσα
702 2288 867 2360 μηδὲν
920 2286 1026 2340 τῶν
1081 2285 1429 2356 ἐνταλμάτων
1488 2285 1647 2356 αὐτῇ.
1692 2284 1757 2337 Τί

188 2384 365 2436 τοίνυν
404 2384 466 2437 τὸ
515 2383 687 2448 ξεῖνον,
746 2376 792 2434 ὦ
844 2374 1011 2442 οῦτοι,
1050 2379 1283 2449 φήσειεν
1312 2378 1376 2431 ἄν
1407 2395 1489 2441 τις
1517 2374 1575 2432 εὖ
1609 2377 1755 2449 μάλα

189 2475 321 2545 πρὸς
346 2474 612 2539 ἐκείνους,
669 2475 717 2526 εί
762 2470 933 2539 Λόγος
986 2469 1062 2522 ὢν
1084 2467 1177 2522 τοῦ
1206 2468 1340 2522 Θεοῦ
1379 2470 1470 2522 καὶ
1500 2470 1709 2539 [ἰατρὸς
1729 2471 1759 2523 ὁ

190 2564 333 2628 Υἱὸς,
375 2565 476 2635 οὐχ
530 2564 720 2636 ὥσπερ
776 2566 805 2618 ὁ
861 2564 1128 2636 ἡμέτερος
1181 2562 1374 2633 (μείζω
1419 2563 1527 2635 γὰρ
1556 2564 1758 2628 παντὸς

191 2655 611 2726 παραδείγματα
636 2655 703 2707 τά
724 2655 850 2725 περὶ
883 2654 1040 2722 Θεοῦ)
1060 2654 1158 2725 τὴν
1202 2654 1296 2706 τοῦ
1319 2654 1568 2718 τεκόντος
1597 2654 1760 2707 αὐτὸν

190 2742 537 2814 διερμηνεύει
600 2742 835 2813 βουλήν;
866 2743 932 2795 Ἢ
980 2744 1088 2810 γὰρ
1125 2743 1242 2812 οὐχὶ
1281 2742 1374 2795 καὶ
1399 2743 1569 2812 ὄνομά
1597 2759 1760 2812 φησιν

191 2835 220 2885 ὁ
246 2836 534 2905 προφήτης
564 2834 714 2903 αὑτῷ
747 2836 1220 2904 πρεπωδέστατον,
1275 2833 1557 2887 καλεῖσθαι
1594 2835 1762 2904 μεγά-

192 2920 287 2990 λης
317 2920 516 2992 βουλῆς
551 2922 853 2990 ’Δγγελονς
896 2922 1037 2975 Ἀλλ’
1077 2918 1228 2992 οἶμαι
1264 2921 1357 2975 καὶ
1396 2921 1551 2974 τοῦτο
1586 2923 1764 2994 ὑπάρ-

195 3030 306 3083 χειν
336 3011 531 3080 σαφές.
595 3013 761 3065 Οὐδὲν
805 3012 1093 3083 τοιγαροῦν
1118 3016 1198 3075 είς
1227 3012 1319 3065 τὸν
1345 3013 1442 3083 τῆς
1467 3013 1655 3078 οὐσίας
1675 3014 1753 3067 λό-

194 3120 309 3171 γον,
342 3105 465 3174 ἦτοι
515 3104 614 3172 τῆς
637 3103 794 3167 ἀξίας
828 3104 1090 3174 ὑπομενεῖ
1136 3103 1195 3156 τὸ
1225 3102 1420 3173 βλάϐος
1459 3104 1488 3157 ὁ
1519 3106 1761 3172 Μονογε-

1857 1910 2092 1991 cuntur)
2116 1911 2399 1969 Genitoris
2432 1917 2516 1971 sui
2553 1917 2889 1973 voluntatem
2920 1924 3208 1977 enuntiet!
3238 1923 3428 1981 Nonne

1857 2001 2005 2054 enim
2034 2010 2088 2057 et
2115 2003 2380 2073 prepheta
2425 2021 2622 2062 nomen
2662 2009 2740 2062 ait
2782 2024 2907 2064 esse
2943 2012 2991 2066 ei
3021 2015 3428 2074 convenientis-

1858 2091 2081 2159 simum,
2124 2102 2184 2147 ut
2224 2096 2403 2166 magni
2435 2098 2654 2153 consilii
2684 2101 2924 2170 Angelus
2960 2102 3176 2157 dicatur
3198 2105 3279 2160 “‘2
3312 2105 3428 2162 Hoc

1857 2184 2112 2251 equidem
2147 2186 2356 2241 clarum
2391 2204 2515 2246 esse
2562 2201 2713 2261 puto.
2749 2191 2899 2247 Nihil
2948 2194 3134 2266 igitur,
3176 2198 3323 2267 quod
3356 2200 3425 2254 ad

1858 2273 2188 2330 substantia:
2233 2280 2498 2335 rationem
2531 2290 2624 2335 aut
2658 2282 2945 2354 dignitatis
2990 2287 3207 2354 attinet,
3240 2288 3428 2346 damni

1859 2366 2100 2432 patietur
2147 2367 2488 2442 Unigenitus,
2547 2373 2675 2429 licet
2722 2378 3037 2432 mandatum
3087 2381 3428 2451 accepissea

1861 2452 1972 2508 Deo
1997 2464 2051 2509 et
2079 2454 2241 2513 Patre
2280 2459 2538 2516 dicatur:
2576 2477 2703 2517 nam
2749 2472 2804 2519 et
2848 2480 2951 2521 nos
2984 2467 3086 2537 ipsi
3136 2483 3279 2538 saepe
3306 2471 3428 2527 aliis

1862 2552 1923 2598 ut
1946 2547 2154 2616 aliquid
2196 2547 2405 2605 faciant
2433 2552 2714 2621 iubemus,
2752 2571 2931 2627 neque
2963 2567 3146 2615 tamen
3176 2561 3319 2618 hanc
3356 2566 3429 2619 ob

1862 2648 2085 2691 causam
2113 2647 2309 2693 natura
2341 2643 2500 2698 nobis
2531 2644 2740 2700 similes
2772 2662 2896 2703 esse
2923 2647 3197 2715 desinent,
3229 2654 3430 2724 quippe

1863 2724 1955 2791 qui
2004 2739 2115 2779 non
2164 2728 2348 2782 minus
2396 2730 2506 2784 sint
2550 2733 2711 2789 nobis
2755 2736 3254 2796 c0nsubstautiales
3301 2756 3428 2796 cum

1862 2824 2010 2880 ante,
2047 2827 2157 2872 tum
2184 2831 2305 2890 post
2330 2824 2688 2901 Imandatum.
2730 2827 2967 2896 Atenim,
3006 2830 3247 2901 inquies,
3294 2848 3430 2889 con-
3490 2864 3493 2867 -

1863 2909 2258 2967 substantiales
2291 2914 2506 2982 quidem
2537 2926 2780 2981 manent,
2814 2920 2908 2975 sed
2949 2921 3214 2993 dignitate
3254 2925 3432 2980 mino-

1865 3014 1955 3054 res
1978 3002 2072 3070 qui
2101 3002 2298 3058 alienis
2326 3006 2642 3061 ministrant
2672 3009 2939 3079 imperiis.
2972 3012 3117 3068 Idem
3151 3030 3254 3085 ego
3296 3031 3433 3086 quo-

1864 3106 1972 3160 que
2002 3092 2103 3147 tibi
2137 3097 2445 3165 respondeo
2471 3097 2538 3151 de
2570 3097 2876 3170 Unigenito.
2909 3100 2966 3157 Si
2999 3104 3142 3158 enim
3166 3106 3432 3177 scriptum

195 3195 316 3264 γῆς,
344 3193 450 3247 κᾶν
503 3192 721 3262 ἐντολὴν
773 3194 1048 3263 εἰληφέναι
1070 3192 1294 3263 λέγηται
1336 3192 1485 3263 παρὰ
1511 3192 1602 3246 τοῦ
1628 3194 1762 3247 Θεοῦ

1869 3198 1975 3237 non
2010 3193 2157 3240 esset
2185 3186 2252 3242 de
2279 3202 2345 3242 eo
2383 3207 2396 3242 :
2428 3206 2447 3240 ι
2495 3189 2633 3256 Quia
2674 3205 2800 3244 cum
2836 3192 2890 3247 in
2918 3192 3092 3248 forma
3124 3193 3217 3250 Dei
3260 3207 3435 3261 esset,

198 3284 290 3337 καὶ
320 3282 535 3353 Πατρός
559 3300 572 3314 ο
625 3284 747 3336 ἐπεὶ
772 3283 866 3337 καὶ
902 3286 1066 3354 ἡμεῖς
1102 3284 1257 3337 αὐτοὶ
1278 3284 1534 3348 πολλάκις
1559 3284 1769 3355 ἑτέροις

198 3371 563 3443 ἐντελλόμεθά
586 3390 662 3439 τι,
709 3374 804 3427 καὶ
832 3373 963 3444 δρᾷν
996 3373 1375 3444 ἐπιτάττομεν,
1408 3374 1523 3427 ἀλλ’
1549 3375 1611 3427 οὐ
1636 3374 1769 3428 ταύ-

194 3480 291 3533 της
317 3463 484 3516 ἐνεκα
514 3463 615 3533 τῆς
644 3466 822 3527 αἰτίας
849 3465 946 3534 τὴν
974 3465 1109 3536 πρὸς
1129 3466 1275 3535 ἡμᾶς
1300 3464 1589 3537 ὁμοιότητα
1612 3483 1770 3534 φυσι-

195 3554 295 3623 κὴν
327 3555 681 3625 ἀρνήσονται,
710 3555 911 3608 οὐδὲτὸ
942 3552 1078 3608 εἶναι
1100 3556 1224 3609 καθ’
1254 3556 1402 3625 ἡμᾶς
1432 3556 1768 3609 άποὸαλοῦν-

194 3660 304 3708 ται,
328 3640 495 3714 ἦττον
542 3644 692 3707 ὅντες
743 3646 1038 3715 ὁμοούσιοι,
1091 3645 1185 3698 καὶ
1232 3644 1337 3715 πρὸ
1386 3645 1481 3715 τῆς
1521 3645 1759 3715 ἐντολῆς,

195 3733 289 3786 καὶ
315 3733 458 3804 μετὰ
478 3731 578 3805 τὴν
606 3733 846 3804 ἐντολήν.
892 3734 1030 3786 Ἀλλ’
1090 3734 1232 3805 ἐρεῖς
1291 3735 1370 3787 ὅτι
1399 3735 1616 3803 μένουσι
1663 3736 1761 3804 μὲν

194 3824 495 3893 όμοοῦσιοι,
549 3824 850 3895 ἡττώμενοι
905 3825 961 3878 δέ
1002 3825 1100 3895 τῆς
1132 3821 1289 3889 ἀξίας
1315 3825 1644 3894 ὑπηρετοῦσι
1669 3826 1767 3897 τῆς

198 3917 501 3987 παρ’ήμίν.
540 3916 714 3984 Κάγὼ
760 3917 817 3970 δέ
862 3933 944 3970 σοι
999 3916 1134 3986 πρὸς
1161 3916 1318 3969 τοῦτό
1341 3933 1482 3987 φημι
1526 3916 1767 3988 περὶτοῦ

198 4006 554 4076 Μονογενοῦς.
603 4009 666 4061 Εί
726 4007 825 4078 μὲν
861 4008 970 4078 γάρ
1016 4008 1115 4060 οὐκ
1171 4008 1388 4079 ἐγράφη
1426 4008 1556 4078 περὶ
1579 4008 1767 4074 αὑτοῦ,

203 4116 222 4148 ι
265 4098 386 4151 Ὅτι
411 4101 472 4151 ἐν
508 4101 687 4169 μορφῇ
714 4098 849 4152 Θεοῦ
880 4099 1162 4168 ὑπάρχων,
1192 4099 1290 4168 οὐχ
1319 4099 1607 4169 ἁρπαγμὸν
1635 4101 1773 4171 ἡγήο

204 4205 332 4242 σατο
350 4190 413 4243 τὺ
445 4185 585 4243 εἶναι
618 4191 708 4243 lca
735 4189 873 4261 Θεῷ,
908 4189 1023 4243 ἁλλ’
1054 4189 1243 4242 ἐαυτὸν
1271 4190 1523 4255 ἐκένωσε,
1558 4191 1771 4260 μορφὴν

197 4280 384 4334 δούλου
408 4280 612 4347 λαϐὼν,
675 4282 769 4335 καὶ
790 4283 1029 4352 σχήματι.
1089 4279 1332 4352 εὑρεθεὶς
1382 4279 1457 4343 ὡς
1500 4279 1805 4351 ἄνθρωπος,

1866 3288 1977 3329 non
2012 3277 2257 3346 rapinam
2292 3279 2597 3337 arbitratus
2637 3290 2720 3337 est
2759 3297 2884 3339 esse
2916 3299 2976 3340 se
3003 3287 3268 3356 aequalem
3304 3289 3433 3353 Deo,

1866 3366 1961 3420 sed
1992 3368 2346 3438 semetipsum
2364 3371 2689 3440 exinanivit,
2716 3372 2944 3429 formam
2965 3379 3107 3431 servi
3137 3379 3435 3447 accipiens,

1869 3464 1923 3511 et
1963 3457 2156 3512 habitu
2191 3460 2448 3516 inventus
2495 3470 2555 3515 ut
2593 3462 2781 3530 homo,
2837 3464 3142 3521 liumiliavit
3175 3470 3437 3539 semetip-

1871 3565 1991 3605 sum
2024 3551 2091 3617 ⁸⁷,
2136 3570 2155 3602 ι
2209 3553 2463 3606 nonnihil
2518 3554 2778 3609 fortassis
2829 3556 2943 3612 haec
3002 3566 3092 3611 tua
3131 3559 3271 3613 ratio
3321 3577 3436 3615 mo.

1870 3643 2042 3696 menti
2073 3642 2276 3698 habere
2320 3643 2599 3700 videretur
2634 3665 2649 3701 :
2686 3663 2876 3702 verum
2911 3664 3036 3704 cum
3067 3651 3436 3721 subiectionis
3544 3700 3549 3705 .

1867 3747 1932 3787 ac
1960 3734 2314 3790 demissionis
2346 3736 2541 3792 modus
2569 3737 2848 3793 universis
2891 3749 3093 3808 pateat,
3128 3757 3232 3797 cur
3266 3753 3437 3799 teme-

1864 3838 1923 3877 re
1957 3839 2186 3880 accusas
2216 3841 2340 3880 eum
2366 3826 2458 3896 qui
2484 3835 2708 3897 propter
2727 3844 2826 3885 nos
2850 3830 3010 3884 etiam
3037 3832 3139 3887 hoc
3164 3834 3275 3901 pati
3307 3849 3435 3889 sus-

1868 3914 2070 3969 tinuit?
2117 3913 2369 3987 Undique
2412 3917 2578 3988 igitur
2606 3922 2671 3974 ad
2696 3920 3012 3991 dogmatum
3046 3924 3433 3980 rectitudinem

1868 4021 2124 4062 sermone
2195 4023 2508 4074 converso,
2575 4010 2862 4067 Dominum
2930 4027 3179 4071 nostrum
3250 4015 3436 4072 Iesum

1869 4099 2147 4156 Christum
2185 4102 2398 4157 ratione
2428 4102 2859 4173 dispensationis
2892 4120 3015 4175 qua:
3054 4106 3108 4159 in
3155 4109 3439 4179 proposito

1870 4190 2018 4246 dicto
2046 4192 2402 4247 continentur
2426 4193 2703 4249 elocutum
2737 4196 3063 4251 asserimus.

1879 4280 2244 4336 ἐταπείνωσεν
2262 4282 2474 4348 ἐαυτὸν,
2521 4303 2541 4337 ι
2577 4281 2721 4355 εἶχεν
2745 4284 2811 4338 άν
2835 4302 2917 4339 σοι
2941 4287 3031 4339 καὶ
3059 4287 3158 4341 οὐκ
3179 4288 3440 4345 ἀπίθανον

197 4372 356 4439 λόγον
372 4373 477 4441 τῆς
507 4372 815 4440 ἀντιλογίας
855 4372 917 4424 τὸ
946 4372 1151 4442 σχῆμα.
1193 4369 1405 4441 Ἐπειδὴ
1451 4370 1508 4423 δὲ
1539 4371 1638 4440 τῆς
1658 4372 1933 4442 ὑποταγῆς
1962 4374 2059 4427 καὶ
2117 4374 2496 4439 ταπεινώσεως
2560 4377 2793 4449 ἐναργὴς
2822 4380 2850 4431 ὁ
2881 4378 3099 4450 τρόπος,
3160 4382 3215 4434 τί
3288 4382 3442 4453 ῥιψο-

198 4465 462 4528 κινδύνως
507 4466 765 4535 ἐπιτιμᾷς
812 4463 891 4533 τῷ
943 4464 1010 4516 δι’
1054 4464 1200 4533 ἡμᾶς
1258 4463 1352 4516 καὶ
1393 4462 1552 4515 τοῦτο
1618 4464 1807 4517 παθεῖν
1878 4466 2262 4536 ὑπομείναντι;
2319 4468 2660 4539 Πανταχόθεν
2712 4469 2998 4540 τοιγαροῦν
3054 4473 3133 4535 είς
3177 4472 3443 4543 ὀρθότητα

198 4557 488 4628 δογμάτων
540 4558 915 4628 περιιστάντες
968 4555 1059 4609 τὸν
1085 4556 1262 4624 λόγον,
1308 4555 1661 4627 οἰκονομικῶς
1694 4557 1972 4627 εἰρηκέναι
2018 4560 2196 4630 φαμὲν
2249 4560 2340 4614 τὸν
2386 4562 2588 4632 Κύριον
2651 4561 2806 4633 ἡμῶν
2857 4563 3060 4635 Ἰησοῦν
3106 4566 3339 4636 Χριστὸν
3374 4567 3445 4619 τά

198 4647 256 4698 ἐν
273 4645 352 4716 τῷ
381 4646 729 4717 προκειμένῳ
756 4645 920 4716 ῥητῷ.

270 4704 392 4806 Πρὸ
429 4704 500 4790 lse-
534 4704 647 4804 τὴς
700 4704 911 4804 ἑόρένῖς
948 4735 1056 4789 τοῦ
1123 4733 1354 4804 Πάσχα,
1399 4733 1563 4800 ειδὼς
1592 4736 1627 4799 δ
1674 4735 1762 4802 Ἰη-

1946 4732 2063 4786 XIII
2090 4775 2105 4800 ,
2162 4735 2214 4790 I.
2257 4736 2389 4789 Ante
2411 4735 2551 4790 diem
2583 4746 2756 4790 autem
2788 4737 2977 4805 festum
3003 4739 3247 4807 Pascha,
3272 4741 3441 4796 sciens

197 4828 350 4895 σοῦς
376 4829 465 4882 ὅτι
501 4823 690 4897 ἦλθεν
713 4826 901 4881 αὑτοῦ
937 4825 976 4893 ἡ
1013 4824 1153 4895 ὥρα,
1181 4826 1281 4879 ἵνα
1312 4824 1538 4893 μεταϐῇ
1561 4827 1629 4881 ἐκ
1664 4826 1772 4880 τοῦ

196 4921 433 4989 κόσμου
460 4919 681 4972 τούτου
715 4919 865 4985 πρὸς
893 4916 999 4970 τὸν
1017 4915 1267 4984 Πατέρα,
1287 4915 1609 4984 ἀγαπήσας
1630 4916 1770 4982 τοὺς

202 5013 392 5079 ἰδίους
428 5011 572 5078 τοὺς
620 5011 691 5065 ἐν
738 5008 820 5076 τῷ
859 5010 1085 5079 κόσμῳ,
1131 5010 1218 5074 είς
1257 5009 1431 5074 τέλος
1456 5009 1775 5078 ἠγάπησεν

199 5104 441 5169 αὐτούς.

256 5192 765 5265 ’Δσυμφανέστερόν
782 5194 897 5245 ἐστι
914 5194 1025 5255 τοῖς
1043 5192 1257 5254 πολλοῖς
1277 5191 1411 5244 τὸέν
1430 5192 1541 5254 τοῖς
1556 5209 1775 5262 προκει-

206 5284 384 5353 μένοις
414 5285 699 5355 θεώρημα,
727 5286 820 5338 καὶ
838 5285 897 5337 οὐ
930 5284 1134 5356 σφόδρα
1165 5285 1358 5355 τρανές
1388 5286 1466 5347 είς
1490 5283 1770 5354 ἐξήγησιν,

204 5373 318 5426 ἀλλ’
343 5375 463 5427 οὐδὲ
500 5374 708 5427 άπλοῦν
748 5374 890 5444 ἔχον,
932 5375 1117 5446 ῶσπερ
1169 5375 1233 5428 ἄν
1279 5393 1363 5438 τις
1399 5375 1628 5446 οἰηθείη,
1682 5376 1773 5430 τὸν

203 5464 343 5518 νοῦν.
366 5465 474 5519 Τοῦ
505 5466 616 5538 γάρ
647 5466 711 5538 δὴ
744 5466 902 5537 χάριν
936 5465 1350 5535 ἐπισημαίνεται
1382 5466 1477 5517 νῦν
1514 5468 1542 5519 ὀ
1587 5467 1775 5519 θεσπέ-

206 5571 314 5621 σιος
338 5557 757 5627 εὺαγγελιστὴς,
787 5557 883 5611 καὶ
908 5556 1096 5628 ὥσπερ
1125 5574 1176 5610 τι
1198 5557 1304 5611 τῶν
1323 5557 1633 5626 ἀναγκαίων
1662 5561 1775 5612 ἐπι-

268 5734 313 5765 ⁶⁶
344 5734 448 5790 Isa.
486 5751 574 5803 ix,
611 5735 799 5799 6,sec.
834 5734 991 5790 LXX.
1077 5735 1120 5768 "
1162 5734 1395 5807 Philipp.
1429 5751 1503 5803 ιι,
1536 5734 1683 5831 6-8.⁴

1869 4823 2026 4881 Iesus
2053 4827 2178 4896 quia
2200 4828 2335 4881 venit
2371 4826 2504 4881 hora
2541 4829 2654 4898 ejus
2685 4838 2741 4881 ut
2777 4839 3010 4885 transeat
3036 4848 3101 4885 ea:
3121 4831 3219 4885 hoc
3247 4834 3443 4888 munda

1872 4916 1941 4970 ad
1971 4920 2208 4983 Patrem,
2245 4935 2361 4972 cum
2386 4918 2661 4974 dilexisset
2695 4937 2819 4974 suos
2846 4923 2937 4992 qui
2958 4932 3109 4977 erant
3130 4923 3183 4975 in
3211 4924 3441 4989 mundo,

1871 5010 1929 5063 in
1962 5011 2120 5079 ﬁnem
2153 5011 2339 5065 dilexit
2364 5028 2474 5067 eos.

1945 5188 2716 5261 Obscuriorestapudmultos
2740 5192 2901 5261 hujus
2926 5190 3027 5243 loci
3052 5188 3215 5260 719
3239 5189 3445 5243 intelle-

1873 5288 2018 5344 ctus,
2040 5297 2149 5347 ,nec
2162 5283 2435 5351 explicatu
2455 5284 2745 5338 admodum
2768 5280 2966 5345 facilis,
2981 5284 3077 5335 sed
3096 5295 3274 5350 neque
3291 5294 3442 5351 aper-

1874 5373 2172 5441 tum,quod
2197 5374 2320 5444 quis
2339 5374 2443 5429 sibi
2480 5374 2666 5429 forsan
2692 5373 3046 5444 persuaserit,
3069 5388 3291 5429 sensum
3315 5389 3444 5428 con-

1874 5465 2031 5521 tinet.
2055 5465 2226 5535 Cujus
2254 5468 2397 5521 enim
2416 5468 2496 5521 rei
2528 5467 2703 5536 gratia
2725 5466 3004 5535 signanter
3024 5467 3189 5522 modo
3219 5465 3443 5521 divinus

1873 5558 2212 5629 evangelista
2254 5557 2436 5614 dicere
2484 5559 2721 5625 videtur,
2752 5574 2814 5614 ac
2845 5559 2991 5614 velut
3014 5557 3238 5630 aliquod
3265 5572 3442 5627 opera:
