4010 6320
538 298 647 356 1H

1536 287 1591 342 S.
1627 284 1904 342 CYRILLI
1955 278 2423 337 ALEXANDRINI
2484 276 2801 333 ARCIIII‘IP.

3697 280 3797 334 ΗΞ

534 413 782 483 ηιιιιηίεῑῐιιιιι
836 411 1132 473 observat,
1185 406 1426 462 dicens:
1482 425 1498 457 ι
1533 407 1674 458 Ante
1723 403 1866 457 diem
1926 408 2109 454 autem

2216 399 2388 467 τηρεῖ,
2411 397 2605 464 λέγων’
2630 413 2647 445 ι
2670 395 2782 464 Πρὸ
2801 394 2856 447 δὲ
2871 394 2967 465 τῆς
2982 394 3173 465 ἑορτῆς
3192 392 3284 447 τοῦ
3303 395 3512 463 Πάσχα,
3536 393 3690 458 εἰδὼς
3717 396 3799 449 ὅτι

537 503 751 559 .I‘estum
787 500 1044 561 Pascltae,
1095 499 1278 553 sciens
1317 497 1444 566 quia
1489 497 1637 549 venit
1684 494 1818 547 hora
1854 492 2012 561 ejus,
2058 498 2115 544 ut

536 601 797 647 .transeat
827 606 892 645 ex
927 590 1032 643 hoc
1068 589 1270 642 tuuudo
1310 591 1375 640 arl
1410 585 1669 639 Patrem?
1701 604 1720 635 ι
1755 582 1894 649 Quid
1934 589 2114 634 autem

532 692 633 734 rest
659 695 820 748 porro
842 679 985 746 quod
1019 680 1094 731 ait
1127 694 1140 730 :
1185 695 1203 729 ι
1227 677 1361 731 Cum
1390 675 1675 730 dilexiSset
1701 688 1832 729 suos
1861 672 1916 726 in
1953 688 2115 725 mun-

550 764 617 822 do
640 811 655 835 ,
686 770 738 823 in
771 769 927 823 linem
958 768 1149 822 dilexit
1171 768 1303 821 eos?
1333 787 1348 817 ι
1388 768 1445 821 lu
1474 782 1668 834 magna
1699 765 1882 835 itaque
1912 765 2113 819 obscu-

551 864 730 922 ritate,
752 859 857 913 tale
870 859 1128 928 quiddam
1156 859 1330 928 ipsum
1355 857 1540 911 dicere
1556 857 1811 918 arbitror,
1832 855 2113 920 nimirum,

549 961 671 1004 ante
723 950 1021 1003 salutarem
1088 949 1395 1017 passionem
1451 947 1704 1016 quamvis
1752 953 2115 1017 cognosceret

549 1041 802 1093 Salvator
838 1038 950 1107 jam
1003 1038 1223 1091 tandem
1274 1037 1437 1091 veluti
1491 1053 1591 1107 pro
1647 1036 1857 1092 foribus
1911 1036 2123 1103 instare

548 1140 761 1198 tempus
803 1145 909 1200 quo
938 1128 1003 1183 ad
1029 1130 1200 1184 cmlos
1238 1129 1581 1183 transiturus
1613 1138 1795 1194 esset,
1828 1128 2115 1199 perfectis-

547 1223 739 1275 simam
793 1229 974 1274 tamen
1022 1235 1151 1291 erga
1200 1236 1331 1275 suos
1376 1223 1469 1289 qui
1518 1222 1570 1274 in
1598 1223 1698 1275 hoc
1726 1221 1930 1275 mundo
1957 1229 2116 1274 erant

546 1313 891 1367 dilectionem
923 1313 1261 1367 exhibuisse.
1284 1312 1438 1378 Quod
1474 1313 1518 1367 si
1552 1312 1995 1382 operae-pretium
2030 1312 2116 1364 vi-

547 1404 740 1458 deatur
774 1410 945 1457 totam
988 1419 1098 1456 rem
1142 1404 1309 1458 latius
1340 1405 1645 1473 ertplieare,
1697 1419 1805 1458 non
1845 1404 2116 1475 gravabor

546 1493 688 1562 quod
734 1493 894 1548 modo
925 1493 1041 1546 dixi
1078 1492 1259 1547 denuo
1295 1503 1565 1563 repetere.
1600 1492 1909 1548 Servatoris
1943 1492 2114 1546 nostri

543 1585 746 1640 Christi
784 1584 1016 1654 propriae
1038 1591 1171 1638 sunt
1211 1598 1274 1636 ac
1304 1584 1611 1652 peculiares
1643 1598 1987 1653 quaecunque
2019 1597 2115 1651 per

543 1693 664 1731 eum
696 1675 854 1730 factae
882 1683 1009 1730 sunt
1041 1673 1342 1728 rationales
1382 1681 1434 1728 et
1476 1675 1877 1729 intellectuales
1902 1681 2115 1727 creatu-

2224 487 2480 559 ἐλήλυθεν
2518 487 2680 540 αὑτοῦ
2738 488 2771 557 ἡ
2806 487 2945 558 ὥρα,
2997 487 3087 541 ἵνα
3123 486 3330 557 μεταϐῇ
3372 486 3436 539 ὲκ
3464 486 3556 539 τοῦ
3591 488 3798 558 κόσμου

2223 576 2412 630 τούτου
2466 577 2601 646 πρὸς
2645 574 2733 628 τὸν
2788 574 3003 645 Πατέρα
3031 592 3045 640 ;
3086 593 3102 625 ι
3134 574 3198 627 Τί
3223 574 3277 627 δὲ
3300 570 3366 627 αὖ
3388 574 3549 628 πάλιν
3570 576 3688 629 ἐστὶ
3715 574 3798 639 τὸ,

2228 687 2245 718 ι
2291 668 2607 737 Ἀγαπήσας
2630 666 2754 728 τοὺς
2788 666 2951 729 ἰδίους
2981 665 3105 727 τοὺς
3134 666 3191 717 ὲν
3220 664 3295 734 τῷ
3318 665 3526 736 κόσμῳ,
3550 668 3630 730 είς
3650 666 3798 731 τέλος

2225 758 2505 828 ἠγάπησεν
2528 757 2747 825 αὐτούς
2784 776 2802 808 ι
2835 758 3089 827 Ἔχοντος
3133 756 3313 809 τοίνυν
3365 756 3427 809 οὐ
3477 756 3713 828 μετρίως
3741 757 3800 811 τὸ

2222 849 2450 918 ἀσαφὲς.
2501 847 2786 918 βούλεσθαί
2839 864 2892 899 τι
2947 846 3188 899 τοιοῦτον
3223 841 3376 917 οἶμαι
3410 847 3587 915 λέγειν
3615 848 3797 910 αὑτὸν,

2221 943 2301 994 ὅτι
2350 941 2457 1013 πρὸ
2502 941 2594 994 τοῦ
2651 938 2920 1010 σωτηρίου
2975 940 3203 1003 πάθους,
3265 940 3442 994 καίτοι
3489 939 3796 1009 γινώσκων,

2224 1033 2407 1101 φησὶν,
2469 1033 2496 1084 ὁ
2551 1031 2765 1100 Σωτὴρ,
2791 1031 2875 1083 ὄτι
2902 1029 3088 1083 λοιπὸν
3140 1031 3232 1083 ἐπὶ
3274 1029 3465 1101 θύραις
3507 1031 3731 1099 γέγονεν
3770 1031 3800 1083 ὁ

2222 1122 2410 1193 καιρὸς
2464 1122 2551 1189 τῆς
2598 1122 2678 1182 εἰς
2716 1121 2977 1192 οὐρανοὺς
3017 1122 3423 1192 μεταστάσεως.
3453 1123 3799 1194 τελειοτάτην

2223 1211 2532 1277 ἐπεδείξατο
2562 1212 2660 1283 τὴν
2698 1213 2974 1283 ἀγάπησιν
2997 1214 3095 1283 τὴν
3119 1213 3244 1285 περὶ
3273 1215 3398 1276 τοὺς
3422 1214 3584 1275 ἰδίους
3637 1214 3800 1278 ὄντας

2222 1302 2290 1359 ἐν’
2312 1304 2444 1376 τῷδε
2470 1304 2545 1375 τῷ
2572 1304 2780 1374 κόσμῳ.
2812 1304 2922 1358 Καὶ
2953 1307 2999 1357 εί
3026 1307 3129 1376 χρή
3175 1305 3660 1376 πωςάπλατυτέραν
3683 1309 3798 1371 τοῖς

2223 1397 2597 1468 προκειμένοις
2629 1395 2909 1465 ἐπινοῆσαι
2947 1394 3203 1467 θεωρίαν,
3225 1397 3362 1466 ὅπερ
3404 1397 3541 1468 ἔφην
3569 1397 3794 1468 ἀρτίως,

2222 1484 2576 1548 καὶείσαῦθις
2615 1484 2744 1555 ἐρῶ.
2769 1484 2930 1538 Ἰδιον
2966 1485 3064 1556 μὲν
3086 1485 3194 1555 γάρ
3223 1486 3315 1539 τοῦ
3350 1486 3598 1558 Σωτῆρος
3639 1486 3796 1557 ἡμῶν

2220 1575 2454 1647 Χριστοῦ
2470 1574 2539 1629 τά
2561 1576 2738 1630 πάντα
2751 1576 2818 1629 δι’
2837 1577 3000 1630 αὑτοῦ
3013 1578 3295 1645 γεγονότα,
3308 1577 3500 1645 λογικά
3520 1578 3615 1631 καὶ
3634 1577 3797 1651 νοερά

2222 1665 2517 1737 κτίσματα,
2553 1667 2820 1735 Δυνάμεις
2870 1668 2927 1720 αἱ
2958 1668 3087 1732 ἄνω,
3134 1669 3226 1721 καὶ
3250 1669 3462 1738 Θρόνοι,
3482 1671 3573 1724 κα¹ι
3604 1670 3797 1740 Κυριό·

547 1783 646 1828 rae,
673 1765 978 1820 Potestates
1011 1779 1290 1832 supernae,
1321 1761 1526 1818 Tltroni
1548 1804 1562 1829 ,
1588 1772 1641 1817 et
1670 1763 2080 1817 Domiuationes
2102 1803 2116 1828 ,

2219 1775 2399 1827 τητες,
2445 1758 2538 1811 καὶ
2587 1758 2690 1811 εἴτι
2746 1757 2955 1821 τούτοις
2999 1760 3279 1829 ὁμογενὲς,
3308 1761 3431 1814 ὅσον
3459 1763 3538 1824 είς
3569 1761 3660 1814 τὸν
3698 1762 3793 1815 τοῦ

543 1867 596 1912 et
628 1857 732 1910 alia
766 1857 818 1910 id
853 1872 1047 1926 genus,
1086 1857 1137 1909 in
1168 1862 1431 1924 quantum
1457 1863 1644 1909 creata
1671 1855 1760 1907 illa
1792 1864 1940 1908 sunt.
1969 1853 2110 1907 Sunt

546 1949 670 2002 item
699 1948 817 2016 ejus
857 1949 1093 2016 propriae
1123 1939 1465 2015 qutecunque
1510 1955 1637 1998 sunt
1681 1945 1733 1997 in
1769 1953 1912 1996 terra
1959 1958 2113 1995 crea-

544 2050 681 2093 turre
711 2040 942 2092 rationis
970 2047 1272 2107 compotes,
1308 2044 1580 2106 quatenus
1620 2037 1859 2088 omnium
1895 2044 1975 2088 est
2005 2033 2106 2087 Do-

524 2132 751 2193 minus,
780 2129 997 2182 etiamsi
1031 2128 1278 2182 nonnulli
1314 2144 1438 2181 cum
1460 2143 1566 2180 non
1599 2128 1827 2179 adorent.
1860 2135 1917 2178 ut
1952 2125 2112 2194 op;Ii-

542 2235 679 2273 cem.
716 2218 916 2272 Dilexit
956 2219 1125 2288 igitur
1157 2233 1288 2273 suos
1319 2219 1409 2287 qui
1446 2229 1607 2295 erant
1644 2219 1695 2270 ia
1728 2218 1969 2276 muulo;
2015 2230 2112 2269 nec

541 2308 683 2362 enim
718 2309 940 2377 angelos
974 2307 1337 2377 apprehendit
1363 2347 1377 2368 ,
1415 2307 1570 2376 juxta
1614 2306 1767 2360 Pauli
1810 2323 1997 2359 vocem
2032 2307 2108 2370 ⁸⁸⁸,

540 2413 716 2467 neque
749 2404 969 2467 propter
998 2397 1312 2467 angelorum
1344 2407 1596 2451 naturam
1625 2399 1677 2450 iu
1722 2397 1894 2449 I‘orma
1928 2395 2018 2450 Dei
2048 2409 2111 2448 ac

544 2489 721 2543 Patris
759 2504 883 2543 cum
913 2498 1092 2552 esset,
1128 2504 1236 2543 non
1274 2489 1520 2559 rapinam
1547 2490 1850 2543 arbitratus
1873 2496 1957 2542 est
1990 2504 2111 2543 esse

541 2598 599 2635 se
624 2581 887 2650 aequalem
921 2579 1030 2634 Deo
1054 2581 1097 2620 ⁸ο
1118 2619 1132 2643 ,
1165 2582 1258 2635 sed
1291 2591 1514 2652 propter
1540 2596 1640 2636 nos
1668 2583 1848 2651 potius
1882 2581 1974 2651 qui
2012 2598 2110 2634 stt-

542 2686 662 2725 mus
693 2671 745 2723 in
772 2670 875 2723 hoc
898 2669 1134 2730 mundo.
1168 2671 1469 2724 exinanivit
1496 2672 1759 2739 seipsum,
1795 2680 1845 2724 et
1880 2672 2109 2723 fortnam

539 2761 790 2814 servilem
822 2760 1056 2828 sumpsit
1081 2759 1172 2813 ille
1201 2759 1447 2812 omnium
1486 2758 1782 2822 Dominus,
1823 2760 1994 2811 nostri
2028 2757 2111 2810 di—

541 2853 780 2907 lectione
816 2859 870 2905 et
896 2865 1084 2904 amore
1109 2867 1175 2904 eo
1201 2860 1430 2905 vocatus
1456 2851 1522 2902 7°.
1554 2850 1687 2904 Cum
1721 2864 1851 2919 ergo
1888 2850 2111 2903 dilexis-

540 2950 746 2996 scteos
780 2941 870 3009 qui
903 2950 1061 2993 erant.
1099 2940 1153 2993 in
1195 2942 1296 2994 hoc
1344 2938 1585 3003 mundo,
1630 2940 1683 2992 in
1722 2940 1882 2992 linem
1922 2939 2111 2992 dilexit

540 3045 634 3083 eos
660 3070 673 3093 ,
714 3030 840 3082 licet
872 3036 996 3081 ante
1030 3029 1227 3082 festum
1257 3070 1271 3092 ,
1320 3036 1373 3082 et
1417 3038 1541 3081 ante
1587 3028 1793 3082 Pascha
1816 3068 1829 3091 ,
1867 3047 1884 3078 ι
1918 3028 2110 3084 Sciens

2218 1848 2545 1918 πεποιῆσθαι
2600 1847 2776 1917 λόγον.
2811 1848 2965 1902 ’Ίδιον
3009 1850 3065 1903 δὲ
3128 1846 3195 1903 αὖ
3227 1851 3389 1904 πάλιν
3412 1852 3574 1906 αὐτοῦ
3600 1860 3693 1906 καὶ
3724 1853 3794 1907 τά

2215 1940 2308 1992 ἐπὶ
2335 1940 2433 2009 τῆς
2474 1941 2574 2009 γῆς
2637 1940 2850 2007 λογικὰ.
2913 1941 3049 1994 καθὸ
3086 1945 3303 1994 πάντων
3337 1926 3451 1996 ἐστὶ
3494 1945 3791 2014 Δεσπότης,

2216 2031 2309 2083 καὶ
2341 2033 2387 2082 εἰ
2426 2033 2497 2101 μή
2528 2047 2671 2092 τινες
2698 2031 3110 2100 προσκυνοῦσιν,
3133 2032 3208 2096 ὡς
3236 2035 3595 2104 Δημιουργόν.
3633 2036 3793 2103 Ἠγά-

2216 2129 2357 2190 πησε
2391 2122 2570 2175 τοίνυν
2635 2123 2759 2185 τοὺς
2787 2123 2949 2185 ἰδίους
2978 2125 3104 2185 τοὺς
3133 2125 3189 2176 ὲν
3218 2124 3296 2195 τῷ
3328 2127 3549 2196 κόσμῳ·
3582 2127 3644 2179 οὗ
3684 2128 3794 2200 γὰρ

2217 2213 2459 2281 ἀγγέλων
2490 2214 2940 2284 ἐπιλαμϐάνεται,
2992 2217 3132 2269 κατά
3175 2215 3273 2288 τὴν
3299 2217 3393 2271 τοῦ
3432 2219 3644 2272 Παύλου
3681 2236 3796 2288 φω-

2215 2303 2331 2373 νὴν,
2364 2304 2485 2356 οὐδὲ
2537 2304 2623 2356 διὰ
2658 2305 2754 2376 τὴν
2795 2306 2899 2358 τῶν
2958 2306 3204 2375 ἀγγέλων
3266 2309 3449 2375 φύσιν,
3486 2312 3544 2362 ἐν
3608 2313 3791 2381 μορφῇ

2214 2394 2347 2447 Θεοῦ
2377 2395 2471 2448 καὶ
2498 2396 2709 2466 Πατρὸς
2734 2398 3013 2467 ὑπάρχων,
3034 2398 3131 2467 οὐχ
3147 2400 3438 2469 ἁρπαγμὸν
3470 2404 3716 2473 ἡγήσατο
3730 2402 3793 2455 τὸ

2215 2481 2350 2538 εἶναι
2383 2487 2470 2538 ἴσα
2497 2486 2633 2556 Θεῷ·
2662 2487 2727 2540 δι’
2759 2488 2903 2558 ἡμᾶς
2923 2489 2977 2540 δὲ
3005 2490 3202 2557 μᾶλλον
3221 2492 3343 2555 τοὺς
3371 2491 3528 2554 ὄντας
3556 2494 3613 2546 ἐν
3654 2492 3791 2562 τῷδε

2212 2576 2288 2644 τῷ
2310 2577 2519 2646 κόσμῳ,
2553 2575 2855 2630 κεκένωκεν
2877 2579 3087 2640 ἑαυτὸν.
3116 2581 3208 2632 καὶ
3242 2581 3454 2651 μορφὴν
3506 2581 3795 2646 ἀνεδέξατο

2214 2665 2309 2735 τὴν
2338 2668 2613 2737 οἰκετικὴν
2634 2670 2661 2721 ὁ
2687 2669 2904 2722 πάντων
2925 2670 3148 2741 Κύριος.
3171 2650 3360 2745 ἀγάπη
3384 2650 3449 2744 τῇ
3484 2673 3614 2743 περὶ
3643 2676 3793 2744 ἡμᾶς

2215 2757 2554 2828 κεκλημένος
2604 2760 2682 2822 είς
2729 2760 2906 2814 τοῦτο.
2965 2762 3280 2832 Ἀγαπήσας
3327 2765 3506 2817 τοίνυν
3561 2769 3684 2829 τοὺς
3730 2768 3789 2822 ὲν

2213 2846 2347 2917 τῷδε
2391 2847 2467 2916 τῷ
2495 2849 2702 2918 κόσμῳ,
2741 2849 3030 2920 ἠγάπησεν
3059 2852 3257 2914 αὐτοὺς
3297 2854 3376 2916 είς
3399 2854 3572 2918 τέλος,
3611 2856 3789 2911 καίτοι

2213 2938 2308 2989 καὶ
2332 2938 2436 3009 πρὸ
2470 2940 2564 3008 τῆς
2596 2939 2811 3010 ἑορτῆς,
2840 2942 2933 2993 καί⁸
2957 2940 3061 3010 πρὸ
3095 2942 3188 2995 τοῦ
3216 2943 3427 3015 Πάσχα,
3455 2966 3472 2997 ι
3512 2947 3681 3011 Εἰδὼς
3706 2949 3788 3002 ὄτι

2212 3028 2372 3104 ἦλθεν
2399 3033 2561 3086 αὐτοῦ
2597 3035 2792 3107 ἡῶρα,
2825 3035 2914 3089 ἵνα
2950 3037 3158 3109 μεταϐῇ
3195 3040 3259 3093 ἐκ
3293 3040 3388 3094 τοῦ
3428 3043 3634 3114 κόσμου
3666 3045 3788 3098 τού-

543 3122 673 3188 quia
705 3120 855 3173 venit
889 3121 1023 3172 ltora
1056 3119 1174 3189 ejus
1207 3128 1266 3171 ut
1302 3129 1635 3172 transeath
1669 3121 1769 3172 hoc.
1798 3121 2002 3172 mundo
2044 3120 2108 3174 ad

2216 3140 2305 3176 του
2338 3124 2466 3195 πρὸς
2497 3124 2587 3178 τὸν
2641 3127 2883 3197 Πατέρα.
2922 3146 2939 3180 ι
2967 3128 3073 3181 Τοῦ
3143 3131 3241 3200 μὲν
3281 3133 3391 3202 γὰρ
3426 3133 3501 3204 μὴ
3530 3137 3610 3197 είς
3635 3135 3788 3199 τέλος

540 3210 782 3265 Patrem.
817 3230 834 3261 ι
874 3209 1098 3265 Factum
1129 3212 1275 3264 enim
1300 3225 1421 3264 esse
1447 3210 1757 3274 hominem,
1802 3209 1947 3263 haud
1990 3225 2111 3278 per-

544 3305 686 3353 tecte
721 3299 1005 3368 diligentis
1052 3307 1228 3363 esset,
1271 3300 1374 3354 nisi
1428 3316 1525 3368 pro
1556 3300 1801 3352 oumium
1833 3301 1941 3354 vita
1968 3299 2111 3370 peri—

540 3391 717 3446 clitari
748 3392 940 3457 vellet,
990 3391 1082 3445 sed
1117 3393 1170 3444 in
1204 3391 1363 3445 ﬁnem
1405 3392 1597 3447 dilexit
1640 3407 1757 3454 ens,
1794 3407 1967 3461 neque
2001 3391 2111 3461 pati

540 3480 886 3545 detrectavit,
920 3482 1172 3551 quamvis
1218 3498 1507 3550 passurqu
1544 3498 1602 3537 se
1648 3484 1966 3552 praesciret:
2010 3497 2111 3537 nec

541 3570 686 3623 enim
723 3570 902 3641 ignota
949 3579 1045 3624 aut
1087 3571 1382 3640 improvisa
1421 3581 1539 3627 erat
1581 3572 1862 3628 Servatori
1904 3572 2108 3643 passio.

544 3659 682 3712 Cum
720 3675 880 3730 ergo,
916 3659 1129 3729 inquit,
1160 3659 1468 3729 Judzeorum
1519 3663 1871 3732 petulantiam
1905 3669 1957 3716 et
1991 3675 2113 3713 cru-

541 3753 873 3822 citigentium
905 3754 1245 3824 impietatem
1280 3756 1451 3809 vitare
1481 3755 1691 3820 liceret,
1731 3767 1999 3809 summam
2031 3750 2114 3804 di-

540 3847 829 3902 lectionem
868 3847 1115 3903 exhibuit
1156 3849 1210 3902 in
1250 3864 1381 3903 suos
1420 3849 1511 3918 qui
1558 3857 1715 3903 erant
1765 3848 1818 3901 in
1870 3845 2108 3900 mundo:

541 3956 649 3994 non
685 3934 960 3996 recusavit
992 3941 1137 3995 enim
1187 3957 1287 4011 pro
1328 3943 1437 3996 vita
1481 3943 1721 3996 omnium
1763 3939 1922 3993 mori.
1956 3936 2111 4004 Quod

540 4032 683 4085 enim
717 4030 803 4084 hic
831 4028 1297 4100 perfectissimum
1324 4032 1643 4087 dilectionis
1676 4030 1894 4084 modum
1929 4028 2113 4085 videre

542 4123 736 4185 liceat,
789 4121 969 4190 ipsum
1002 4128 1196 4175 testem
1237 4121 1506 4175 adducam
1545 4120 1828 4175 Dominum
1860 4127 2109 4174 nostrum

538 4212 725 4270 Jesum
747 4215 1022 4269 Christum
1046 4214 1257 4271 sanctis
1287 4216 1451 4285 720
1473 4213 1760 4283 discipulis
1790 4215 1863 4267 ita
1893 4215 2114 4283 loqueuo

542 4315 648 4359 tem
675 4324 688 4361 :
733 4325 751 4357 ι
790 4305 905 4361 Hoc
932 4317 1016 4362 est
1048 4317 1379 4378 praeceptum
1415 4322 1629 4372 meum,
1667 4316 1726 4360 ut
1757 4305 1997 4377 diligatis
2026 4307 2111 4361 in-

542 4396 736 4458 viCem,
764 4399 909 4451 sicut
941 4397 1108 4452 dilexi
1131 4413 1250 4454 vos.
1278 4396 1536 4466 Majorem
1563 4397 1708 4450 enim
1733 4395 1836 4449 hac
1861 4396 2111 4451 dilectio-

2213 3213 2598 3283 ἀγαπήσαντος
2655 3211 2743 3286 ἦν,
2799 3215 2860 3269 τὸ
2921 3217 3171 3284 γενέσθαι
3207 3221 3304 3291 μὲν
3363 3222 3667 3294 ἄνθρωπον,
3712 3224 3787 3294 μὴ

2216 3304 2320 3374 μὴν
2347 3304 2597 3374 ἐθελῆσαι
2620 3307 2714 3360 καὶ
2730 3308 2825 3378 τῆς
2855 3309 3110 3363 ἁπάντων
3146 3312 3594 3383 προκινδυνεῦσαι
3621 3315 3783 3385 ζωῆς,

2216 3394 2331 3448 ἀλλ’
2364 3396 2647 3468 ἠγάπησεν
2670 3399 2747 3462 είς
2773 3398 2942 3466 τέλος,
2978 3404 3069 3454 καὶ
3095 3401 3252 3454 τοῦτο
3282 3403 3472 3457 παθεῖν
3491 3407 3553 3459 οὐ
3586 3423 3790 3476 παραι-

2211 3486 2534 3557 τησάμενος,
2575 3489 2754 3544 καίτοι
2805 3491 3070 3562 προειδὼς
3121 3493 3202 3546 ὅτι
3245 3495 3519 3547 πείσεται·
3579 3496 3640 3549 οὐ
3679 3496 3788 3568 γὰρ

2211 3577 2453 3632 ἄποπτον
2485 3574 2553 3649 ἦν
2586 3580 2661 3651 τῷ
2712 3582 2926 3653 Σωτῆρι
2972 3584 3034 3637 τὸ
3073 3584 3266 3648 πάθος.
3309 3586 3457 3650 Ἐξὸν
3482 3582 3595 3646 οὖν,
3629 3588 3787 3657 φησὶ,

2209 3670 2487 3741 διαδρᾶναι
2524 3671 2632 3746 τέῖιν
2671 3672 2937 3727 Ἰουδαίων
2957 3674 3053 3737 τάς
3095 3676 3400 3746 παροινίας,
3435 3679 3530 3730 καὶ
3557 3678 3655 3747 τὴν
3680 3679 3789 3732 τῶν

2212 3763 2590 3833 σταυρούντων
2623 3764 3318 3837 ἀνοσιότητα,τελεωτάτην
3347 3767 3657 3832 ἐπεδείξατο
3686 3770 3791 3838 τὴν

2210 3853 2487 3923 ἀγάπησιν
2519 3852 2618 3923 τὴν
2662 3856 2743 3923 είς
2786 3856 2913 3919 τοὺς
2947 3855 3109 3920 ἰδίους
3154 3858 3281 3920 τοὺς
3312 3857 3472 3921 ὄντας
3497 3859 3558 3912 ὲν
3586 3859 3665 3929 τῷ
3690 3861 3788 3913 κό-

2212 3957 2352 4011 σμῳ
2388 3945 2742 4013 παρῃτήσατο
2789 3945 2895 4016 γὰρ
2941 3946 3192 4016 οὐδαμῶς
3231 3948 3293 4000 τὸ
3342 3949 3562 4020 καὶτῆς
3612 3950 3788 4004 ἀπάν-

2210 4048 2316 4085 των
2342 4033 2705 4104 ὑπερτεθῆναι
2734 4035 2845 4109 [fon
2877 4038 3297 4111 ὑπερτεθνᾶναι]
3333 4038 3499 4109 ζωῆς.
3535 4042 3657 4094 Ὅτι
3676 4042 3787 4112 γὰρ

2210 4122 2458 4195 ἐντούτῳ
2507 4127 2750 4194 μάλιστα
2801 4127 3128 4182 τελεώτατον
3191 4129 3308 4182 ἔστι
3351 4131 3449 4199 τῆς
3478 4131 3700 4201 ἀγάπης
3726 4131 3787 4185 τὸ

2215 4214 2409 4285 μέτρον
2471 4217 2618 4282 ίδείν,
2658 4217 2819 4270 αὐτὸν
2867 4219 3114 4291 παροίσω
3165 4221 3418 4292 μάρτυρα
3458 4221 3547 4275 τὸν
3581 4222 3786 4293 Κύριον

2213 4305 2367 4375 ἡμῶν
2405 4306 2610 4378 Ἰησοῦν
2639 4308 2871 4379 Χριστὸν
2896 4313 3007 4372 τοῖς
3043 4310 3214 4378 ἁγίοις
3243 4311 3471 4379 λέγοντα
3494 4311 3782 4382 μαθηταῖς·

2219 4415 2238 4450 ι
2273 4395 2420 4466 Αὕτη
2439 4399 2583 4450 ἐστὶν
2613 4400 2645 4467 ή
2681 4400 2867 4469 ἐντολὴ
2894 4402 2927 4470 ἡ
2948 4401 3077 4472 ἐμὴ,
3102 4402 3188 4455 ἵνα
3215 4403 3465 4467 ἀγαπᾶτε
3502 4403 3783 4475 ἀλλήλους,

543 4501 665 4541 nem
693 4501 853 4539 nemo
882 4487 1082 4550 habet,
1117 4496 1177 4541 ut
1207 4487 1444 4541 animam
1470 4499 1625 4541 suam
1656 4495 1819 4554 ponat
1853 4485 1975 4555 quis
2012 4501 2110 4554 pro

2216 4488 2395 4552 καθὼς
2421 4489 2680 4558 ἠγάπησα
2702 4490 2864 4559 ὑμᾶς.
2901 4492 3139 4557 Μείζονα
3185 4495 3292 4564 γὰρ
3340 4494 3538 4564 ταύτης
3564 4495 3785 4564 ἀγάπην
3816 4532 3822 4540 ν

541 4577 735 4631 amicis
759 4577 875 4634 suis
902 4578 969 4634 “.
1004 4597 1022 4630 ιι
1062 4578 1204 4645 Quin
1235 4587 1289 4633 et
1321 4578 1425 4632 alia
1455 4579 1669 4631 ratione
1698 4578 1908 4631 ostendi
1934 4588 2112 4646 potest

542 4676 763 4724 sanctos
795 4670 1157 4740 evangelistas
1196 4668 1469 4738 imprimis
1500 4684 1727 4724 curasse
1761 4678 1818 4722 ut
1856 4671 2112 4725 ostende-

542 4772 665 4814 rent
717 4759 1006 4815 Dominum
1052 4768 1305 4814 nostrum
1347 4758 1533 4814 .Iesum
1577 4759 1856 4815 Christum
1899 4768 2115 4830 tempus

544 4852 815 4921 passionis
856 4852 1140 4923 praescisse
1170 4893 1184 4915 ,
1233 4866 1300 4904 ne
1349 4852 1472 4921 quis
1516 4851 1804 4907 haereticus
1848 4852 2114 4908 adversus

541 4944 659 5009 ejus
707 4945 935 5014 gloriam
986 4943 1334 5009 insurgeret,
1392 4941 1582 4997 dicens
1633 4958 1744 5012 prte
1793 4943 2110 4999 inlirmitate

541 5044 756 5103 captum
791 5033 977 5097 fuisse,
1002 5038 1200 5086 etcum
1234 5031 1437 5087 invitus
1461 5032 1515 5087 in
1547 5033 1771 5104 laqueos
1790 5033 2105 5089 Judzeoruto

543 5127 843 5191 incidisset,
880 5123 1319 5179 crudelissimam
1349 5133 1577 5179 mortem
1606 5129 1915 5195 pertulisse.
1946 5125 2109 5182 Utilis

541 5232 672 5287 ergo
728 5226 781 5271 et
833 5214 903 5272 ad
929 5214 1394 5285 dispensationem
1447 5217 1730 5287 pertinens
1788 5228 2107 5275 sanctorum

542 5321 745 5364 sermo.

614 5476 756 5546 XIII,
787 5476 910 5535 2—5.
958 5477 1020 5532 Et
1055 5495 1198 5533 caena
1227 5480 1402 5550 facta,
1441 5499 1558 5538 cum
1587 5483 1830 5539 diabolus
1855 5482 1966 5553 jam
2008 5484 2096 5535 im-

615 5662 657 5693 “
696 5661 860 5724 Hebr.
897 5682 957 5733 lt,
996 5665 1082 5721 16.

2209 4579 2384 4641 οὐδεὶς
2453 4578 2584 4647 ἔχει,
2620 4580 2707 4632 ἵνα
2743 4598 2825 4643 τις
2855 4581 2952 4651 τὴν
2977 4583 3154 4654 ψυχὴν
3194 4585 3365 4638 αὐτοῦ
3407 4585 3470 4656 θῇ
3511 4585 3650 4655 ὑπὲρ
3678 4586 3785 4639 τῶν

2210 4667 2584 4735 φίλωναύτοῦ.
2615 4687 2634 4718 ι
2672 4670 2781 4723 Καὶ
2827 4671 2950 4723 καθ’
2990 4673 3174 4743 ἕτερον
3218 4674 3273 4728 δὲ
3305 4675 3502 4744 τρόπον
3538 4673 3625 4727 ἀεί
3668 4674 3784 4737 πώς

2210 4758 2325 4811 ἐστι
2350 4757 2437 4810 διὰ
2469 4759 2705 4829 σπουδῆς
2740 4764 2961 4829 γεγονὸς
2990 4767 3102 4827 τοῖς
3130 4764 3302 4833 ἁγίοις
3348 4764 3782 4833 εύαγγελισταίς,

2214 4849 2497 4919 προειδότα
2551 4850 2816 4904 δεικνύειν
2847 4854 2938 4906 τὸν
2973 4856 3067 4908 τοῦ
3101 4856 3304 4918 πάθους
3333 4856 3522 4925 καιρὸν
3555 4855 3647 4908 τὸν
3674 4855 3782 4908 Κύ-

2219 4956 2331 5011 ριον
2362 4941 2516 5011 ἡμῶν
2551 4941 2757 5011 Ἰησοῦν
2780 4944 2870 4997 τὸν
2900 4946 3133 5015 Χριστόν
3153 4963 3166 4976 ·
3199 4946 3285 4998 ἵνα
3316 4948 3389 5015 μή
3422 4962 3503 5008 τις
3528 4944 3638 4998 τῶν
3665 4947 3780 4998 ἐτε-

2221 5029 2450 5099 ροδοξεῖν
2511 5031 2777 5087 εἰωθότων
2829 5034 2925 5104 τῆς
2959 5035 3108 5098 θείας
3148 5034 3312 5089 αὐτοῦ
3343 5035 3499 5104 δόξης
3523 5035 3782 5089 κατεπαί-

2219 5137 2400 5191 ρηται,
2434 5121 2630 5190 λέγων,
2671 5125 2746 5188 ὡς
2774 5126 2889 5195 ἥλω
2921 5126 3018 5196 μὲν
3048 5126 3116 5179 δι’
3146 5125 3451 5191 ἀσθένειαν,
3486 5126 3701 5197 βρόχοις
3729 5126 3783 5178 δὲ

2215 5213 2327 5274 τοῖς
2377 5212 2644 5267 Ἰουδαίων
2701 5215 3035 5286 ἀνεθελήτως
3076 5217 3408 5288 περιπεσὼν,
3474 5218 3565 5270 τὸν
3642 5217 3785 5272 οὕτω

2215 5302 2499 5356 πάνδεινον
2532 5305 2736 5377 ὑπέστη
2796 5307 3039 5364 θάνατον.
3091 5310 3442 5380 Οἰκονομικὸς
3500 5311 3784 5383 τοιγαροῦν

2218 5395 2312 5448 καὶ
2343 5394 2616 5466 ὠφέλιμος
2641 5399 2748 5453 τῶν
2778 5400 2948 5467 ἁγίων
2969 5403 2997 5454 ὁ
3029 5401 3205 5469 λόγος.

2289 5483 2399 5537 Καὶ
2433 5483 2682 5540 δείπνου
2704 5488 3027 5557 γενομένου
3052 5528 3066 5552 ,
3100 5490 3205 5544 τοῦ
3236 5491 3519 5547 διαϐόλου
3552 5490 3667 5560 ἤδη
3686 5490 3778 5555 ﬁs-

1160 5666 1204 5699 "
1242 5665 1480 5740 Philipp.
1514 5684 1572 5736 tt,
1608 5668 1659 5724 6.
1734 5668 1780 5702 ⁷⁸
1824 5668 1957 5726 ibid.
1992 5667 2042 5722 7.
2104 5667 2163 5701 ·⁷¹
2205 5664 2367 5719 Joan.
2403 5682 2490 5733 xv,
2531 5668 2615 5731 15,
2651 5669 2735 5724 Η.
