4010 6320
205 359 306 416 H3

1247 357 1313 412 IN
1352 355 1638 414 IOANNIS
1675 347 2128 414 EVANGELIUM
2175 355 2304 414 ΗΒ.
2343 355 2436 412 ἲΧ.

3343 357 3456 410 lib

203 475 491 544 6.2nxdtoc
560 477 648 541 εις
701 473 814 541 τὴν
860 473 1110 542 καρδίαν
1151 471 1337 528 Ἰούδα
1371 463 1632 542 Σίμωνος
1670 472 1775 527 τοῦ

1878 475 2106 528 misisset
2140 474 2193 527 in
2225 488 2314 526 cor
2347 481 2402 524 ut
2431 472 2659 526 traderet
2686 488 2802 524 eum
2830 471 3004 526 ludas
3033 469 3262 526 Simonis
3295 471 3443 526 Isaa-

210 567 600 635 Ἰσκαριώτου,
676 567 775 620 Ira
819 567 1062 634 παραδῷ
1107 565 1326 633 αὐτὸν,
1379 567 1550 633 εἰδὼς
1597 570 1629 620 ό
1669 569 1772 635 Ὶη-

199 659 349 725 σοῦς
401 659 492 712 ὅτι
556 657 754 712 πάντα
808 658 1030 712 ἔδωκεν
1053 657 1212 723 αὐτῷ
1241 661 1274 709 ὁ
1307 659 1503 728 Πατὴρ
1554 663 1642 726 είς
1665 661 1772 724 τὰς

201 748 420 818 χεῖρας,
457 749 557 802 καί
599 748 688 803 ὅτι
729 749 848 803 ἀπὸ
891 749 1038 802 Θεοῦ
1072 747 1307 814 ἐξῆλθε,
1354 751 1448 803 καί
1489 752 1638 818 πρός
1666 751 1772 804 τὸν

201 840 346 894 Θεὸν
392 841 630 909 ὑπάγει,
671 841 955 910 ἐγείρεται
985 842 1053 894 ἐκ
1101 841 1206 894 τοῦ
1243 841 1512 905 δείπνου,
1547 843 1642 895 καὶ
1686 844 1770 894 τί-

200 935 335 998 θησι
378 931 453 984 τὰ
513 930 743 1000 (mitur
795 933 893 986 καί
938 931 1141 986 λαϐὼν
1185 933 1446 998 ⁸λέντιον,
1493 932 1770 993 (Sisciae-ei-

200 1021 432 1074 ἑαυτόν.
462 1017 607 1074 Εἶτα
662 1021 884 1084 ,ϐάλλει
929 1021 1084 1089 ὕδωρ
1103 1025 1189 1088 εὶς
1213 1022 1320 1075 τὸν
1353 1022 1635 1092 νιπτῆρα,
1673 1023 1770 1076 καί

201 1111 419 1177 ἤρξατο
464 1114 700 1164 νίπτειν
749 1111 890 1178 τοὺς
944 1113 1133 1178 πόδας
1182 1111 1300 1166 τῶν
1331 1113 1632 1181 μαθητῶν,
1671 1115 1766 1169 καὶ

199 1202 530 1272 ἐκμάσσειν
549 1201 630 1268 τῷ
655 1205 869 1268 λεντίῳ
887 1201 932 1268 ᾦ
961 1200 1035 1274 ἦν
1070 1204 1479 1274 διεζωσμένος.
1501 1264 1510 1269 _

269 1292 577 1364 Πρόρῤιζον
627 1296 656 1348 ὁ
711 1294 902 1366 Σωτὴρ
934 1297 998 1349 ἐκ
1041 1295 1148 1348 τῶν
1174 1296 1458 1367 ἡμετέρων
1499 1297 1768 1363 διανοιῶν,

197 1383 268 1446 ὡς
298 1385 624 1454 νοσημάτων
648 1385 944 1455 αἴσχιστον,
973 1386 1067 1438 καὶ
1095 1388 1192 1456 τῆς
1222 1387 1480 1440 ἁπάντων
1510 1389 1770 1442 ἀνωτάτω

199 1474 477 1545 βδελυρίας
525 1475 693 1540 ἀξιον,
731 1477 1094 1549 καταστρέφει
1125 1482 1224 1548 τὴν
1287 1478 1608 1548 ὑπεροψίαν.
1647 1476 1769 1532 Οἵδε

198 1565 302 1635 γὰρ
327 1565 499 1630 οὕτως
528 1567 680 1620 οὐδὲν
703 1569 906 1622 ἀδικεῖν
932 1568 1124 1632 εἰωθὸς
1151 1568 1250 1639 τὴν
1271 1568 1564 1638 ἀνθρώπου
1593 1569 1772 1640 ψυγὴν

197 1657 268 1720 ὡς
283 1656 444 1710 τοῦτο
484 1657 721 1728 μάλιστα
749 1659 809 1712 τὸ
839 1660 1036 1731 μιαρὸν
1066 1661 1158 1714 καὶ
1195 1660 1541 1714 ἀπόπτυστον
1581 1661 1770 1726 πάθος,

197 1741 239 1816 ᾧ
265 1751 359 1802 καὶ
379 1749 544 1813 αὐτὸς
574 1751 603 1804 ὀ
645 1751 862 1805 πάντων
913 1753 1208 1819 Δεσπότης,
1238 1748 1314 1816 ὡς
1349 1754 1406 1806 ὲν
1433 1753 1582 1819 τάξει
1611 1754 1771 1806 πολε-

1876 567 2032 619 rietes
2057 607 2072 628 ,
2123 566 2292 619 sciens
2330 562 2486 617 Jesus
2521 563 2645 633 quia
2692 565 2870 618 omnia
2911 561 3054 618 dedit
3102 563 3151 618 ei
3185 561 3349 618 Pater
3389 565 3445 617 in

1874 675 2080 717 manus,
2114 667 2162 710 et
2192 657 2314 726 quia
2350 673 2381 708 a
2413 653 2516 709 Dea
2543 655 2701 710 exivit
2735 664 2784 709 et
2817 656 2886 710 ad
2921 655 3086 710 Deum
3116 656 3288 722 vadit,
3321 673 3442 710 sur-

1870 751 1942 818 git
1978 768 2008 803 τι
2043 765 2185 802 cornu
2213 789 2227 810 ,
2273 758 2319 802 et
2355 749 2498 814 ponit
2543 749 2849 802 vestimenta
2881 763 2978 801 sua
3017 763 3035 801 :
3065 758 3261 802 etcum
3291 763 3442 802 acce—

1869 844 2028 911 pisset
2065 843 2308 905 linteum,
2351 842 2628 910 prwrinxit
2673 857 2749 894 se.
2800 839 3000 895 Deinde
3043 841 3203 894 mittit
3245 856 3442 911 aquarii

1872 935 1924 987 in
1963 933 2185 1001 petvim,
2235 943 2283 986 et
2335 933 2483 1001 carpit
2529 932 2710 986 lavare
2731 931 2883 1000 pedes
2936 933 3347 1004 discipulorum,
3393 939 3443 985 et

1871 1034 2136 1096 extergere
2161 1025 2318 1078 linteo
2345 1040 2446 1096 quo
2475 1033 2592 1078 erat
2619 1024 2956 1094 prwciitctus.

1943 1283 2206 1340 Servator
2243 1299 2307 1340 ex
2352 1285 2554 1338 animis
2586 1285 2794 1342 nostris
2832 1283 3148 1354 superbiam
3183 1289 3444 1352 tanquam

1873 1376 2186 1430 morborum
2209 1376 2456 1430 omnium
2481 1374 2868 1440 foedissimum,
2888 1384 2943 1430 et
2971 1389 3180 1430 summa
3198 1375 3444 1428 omnium

1871 1466 2238 1520 detestatione
2284 1465 2511 1536 dignum
2567 1466 2837 1522 radicitus
2877 1466 3080 1522 evellit.
3128 1464 3246 1520 Scit
3293 1465 3442 1520 enim

1874 1559 2010 1612 nihil
2053 1573 2208 1627 aeque
2245 1557 2482 1612 hominis
2519 1557 2714 1612 animae
2747 1557 2964 1612 ollieere
3009 1571 3174 1628 posse
3213 1571 3281 1610 ac
3315 1556 3447 1610 abo-

1876 1649 2190 1704 minandam
2231 1649 2379 1704 illam
2413 1663 2478 1703 ac
2517 1647 2896 1704 detestandam
2927 1649 3399 1719 perturbationem
3429 1687 3443 1708 ,

1876 1740 1964 1794 cui
2011 1749 2066 1794 et
2112 1741 2228 1808 ipse
2267 1739 2512 1793 universi
2555 1737 2822 1794 Dominus
2857 1740 3006 1794 velut
3043 1739 3260 1793 infenso
3299 1738 3444 1792 hosti

201 1841 345 1910 μίου,
377 1839 604 1904 δικαίως
629 1841 1030 1896 ἀντανίσταται.
1069 1862 1087 1894 ι
1114 1844 1316 1915 Κύριος
1346 1845 1455 1914 γὰρ
1491 1845 1774 1916 ὑπερηφά-

1878 1830 1997 1899 iure
2044 1817 2392 1882 adversaiur.
2447 1847 2466 1879 ι
2506 1828 2774 1886 Dominus
2819 1829 2965 1884 enim
3011 1829 3266 1899 superbis
3307 1829 3445 1883 resi-

199 1947 306 1994 νοις
352 1931 759 1996 ἀντιτάσσεται,
797 1949 814 1984 ι
853 1935 994 1988 κατά
1039 1932 1138 2004 τὴν
1159 1935 1254 1987 τοῦ
1285 1935 1627 2006 Σολομῶντος
1663 1955 1774 2004 φω-

197 2021 312 2090 νήν.
343 2021 492 2074 Ἔδει
514 2022 692 2075 τοίνυν
733 2025 848 2086 τοῖς
894 2024 1070 2093 ἁγίοις
1123 2025 1355 2095 μάλιστα
1387 2026 1654 2098 μαθηταῖς
1679 2043 1776 2095 με-

199 2111 345 2178 τρίου
370 2128 429 2163 τε
458 2113 553 2166 καὶ
582 2112 991 2185 καθυφειμένου
1014 2117 1380 2186 φρονήματος,
1406 2119 1498 2170 καὶ
1525 2117 1774 2172 διακένου

196 2204 361 2273 τιμῆς
392 2205 454 2257 οὐ
491 2204 697 2275 σφόδρα
735 2205 1112 2275 φροντίζοντος
1157 2207 1440 2278 λογισμοῦ·
1487 2208 1549 2262 ού
1575 2209 1774 2279 μικρᾶς

197 2294 304 2364 γὰρ
333 2293 552 2362 ἔχοντες
583 2295 681 2356 τὰς
734 2296 828 2348 τοῦ
862 2297 1090 2350 τοιαῦτα
1123 2302 1296 2353 νοσεῖν
1331 2301 1602 2371 ἀφορμὰς,
1641 2319 1774 2356 κατ-

199 2383 424 2437 ὠλισθον
463 2383 530 2437 ἂν
575 2385 837 2453 εὐκόλως,
879 2389 928 2440 εί
975 2388 1050 2460 μὴ
1080 2389 1280 2461 πολλῆς
1314 2393 1501 2462 ἔτυχον
1524 2396 1620 2461 τῆς
1652 2396 1772 2447 ὲπι-

201 2474 442 2545 κουρίας.
478 2477 630 2528 Φιλεῖ
653 2478 759 2549 γάρ
784 2495 898 2542 πως
923 2481 1012 2532 ἀεὶ⁸
1039 2483 1150 2543 τοῖς
1182 2481 1364 2551 έχουσι
1389 2484 1450 2536 τὸ
1480 2486 1774 2554 περιφανὲς

199 2564 258 2616 τὸ
296 2565 494 2635 πικρὸν
518 2565 620 2635 τῆς
657 2567 971 2631 ἀλαζονείας
999 2570 1306 2639 ἐπιτρέχειν
1339 2569 1545 2641 θηρίον.
1576 2567 1708 2624 Εἶτα
1723 2574 1774 2624 τί

196 2657 304 2710 τῶν
332 2659 507 2726 ἁγίων
538 2659 850 2712 ἀποστόλων
873 2659 1254 2731 φαιδρότερον;
1281 2660 1316 2730 ἢ
1348 2665 1496 2715 ποῖον
1519 2662 1617 2732 τῆς
1640 2663 1774 2732 πρὸς

197 2749 328 2803 θεὸν
360 2749 546 2820 φιλίας
606 2751 668 2803 τὸ
709 2748 1166 2821 ἀξιολογώτερονς
1221 2753 1324 2805 Τὸν
1359 2753 1456 2820 μὲν
1494 2753 1602 2824 γὰρ
1625 2755 1775 2807 οὐδὲν

197 2841 326 2895 ὅντα
357 2841 500 2896 κα.τά
523 2841 614 2894 τὸν
664 2840 778 2911 βίον
835 2843 935 2895 οὐκ
974 2841 1040 2896 ἂν
1063 2842 1294 2896 εἰσέλθοι
1336 2843 1398 2894 τὸ
1425 2844 1615 2906 πάθος.
1641 2844 1776 2896 Φεύ-

198 2947 284 3000 γει
329 2932 442 3002 γάρ
495 2950 610 2995 πως
637 2933 726 2986 ἀεὶ
752 2933 842 2986 τὸν
863 2933 1015 2986 οὐδὲν
1055 2934 1245 3004 ἔχοντα
1279 2934 1536 3006 ζηλωτὸν,
1561 2936 1653 2989 καὶ
1685 2936 1777 2990 τὸν

197 3025 254 3076 ἐν
281 3022 360 3094 τῷ
400 3022 590 3094 μηδενὶ
621 3025 954 3094 τεταγμένον
987 3025 1341 3078 ἀνεπίϐατον
1403 3025 1518 3090 πῶς
1551 3027 1660 3097 γὰρ
1710 3029 1777 3082 ἀν

199 3114 417 3167 ἐπέλθοι
472 3115 584 3168 τῶν
634 3115 888 3168 τοιούτων
943 3116 1048 3168 τινὶ
1099 3116 1160 3168 τὸ
1217 3117 1360 3170 κειτά
1399 3134 1450 3169 τι
1483 3117 1613 3186 γοῦν
1640 3118 1775 3182 ὅλως

199 3205 651 3271 ἀλαζονεύεσθαι;
675 3205 823 3259 Φιλεῖ
848 3207 908 3258 δέ
948 3223 1035 3271 τις
1074 3206 1172 3278 τὴν
1217 3207 1520 3278 ὑπεροψίαν
1561 3208 1778 3282 ἀξιοζήο

198 3295 364 3359 λωτος
403 3294 497 3354 ὢν,
532 3297 723 3348 ἑαυτόν
748 3314 806 3350 τε
837 3297 926 3350 διὰ
972 3296 1130 3350 τοῦτο
1158 3297 1250 3350 τοῦ
1281 3299 1448 3362 πέλας
1480 3300 1775 3371 προτιθεὶς,

198 3387 291 3440 καὶ
320 3387 459 3440 πολὺ
489 3385 788 3440 τῶνᾶλλων
825 3387 1120 3456 διενεγκεῖν
1161 3387 1434 3452 ἀσυνέτως
1468 3388 1776 3458 ὑπολαόὼν,

196 3479 273 3542 ὡς
333 3477 614 3548 ἐξαίρετόν
669 3495 830 3540 τινα,
872 3478 987 3531 ’καὶ
1047 3478 1498 3550 ὁπερφυεστάτην
1555 3481 1776 3552 ἀρετὴν,

197 3569 621 3640 κατορθώσαντα
650 3571 741 3623 καὶ
763 3571 1040 3632 πολιτείας
1071 3569 1186 3622 ὁδὸν
1215 3571 1356 3642 ἀήθη
1380 3589 1440 3624 τε
1465 3575 1578 3636 τοῖς
1599 3572 1778 3638 ἄλλοις

196 3661 292 3714 καὶ
353 3661 551 3732 ἀστιϐῆ
593 3661 941 3714 διανύσαντα.
996 3663 1119 3716 Ὅτε
1169 3662 1348 3716 τοίνυν
1401 3666 1777 3736 παραπέπηγέ

197 3771 314 3816 πως
331 3755 447 3818 τοῖς
506 3753 687 3824 ἔχουσί
723 3772 775 3807 τι
813 3755 1066 3828 λαμπρὸν
1122 3755 1183 3808 τὸ
1211 3759 1386 3810 νοσεῖν
1419 3757 1533 3810 ἐσθ’
1559 3759 1646 3811 ὅτε
1677 3759 1778 3830 τὴν

198 3843 524 3914 ὑπεροψίαν,
555 3843 673 3908 πῶς
695 3845 797 3898 οὐκ
843 3844 951 3898 ἔδει
979 3848 1091 3909 τοῖς
1136 3847 1312 3916 ἁγίοις
1342 3847 1660 3910 ἀποστόλοις
1683 3863 1778 3916 με·

194 3933 350 4006 τρίου
426 3935 779 4006 φρονήματος
832 3935 1196 4007 ὑπογραμμὸν
1231 3936 1486 4006 γενέσθαι
1521 3937 1774 4008 Χριστὸν,

197 4024 283 4078 ἴνα
307 4023 482 4079 τύπον
543 4026 758 4097 ἔχοντες
782 4027 876 4080 καὶ
910 4029 1095 4082 εἰκόνα
1127 4028 1220 4082 τὸν
1263 4029 1519 4083 ἁπάντων
1551 4031 1774 4098 Κύριον,

196 4117 291 4169 καὶ
312 4118 471 4170 αὐτοὶ
521 4118 663 4172 κατὰ
695 4119 756 4171 τὸ
780 4118 970 4172 δοκοῦν
995 4119 1070 4190 τῷ
1101 4119 1220 4191 Θεῷ
1246 4121 1338 4174 τὸν
1373 4123 1573 4175 οἰκεῖον
1607 4139 1778 4192 μετα-

196 4209 493 4262 πλάσσοιεν
523 4208 683 4274 νοῦν-ς
713 4204 822 4263 Ἶιν
849 4205 943 4264 οὖν
968 4212 1076 4282 ἄρα
1109 4213 1206 4280 τὴν
1235 4211 1388 4266 νόσον
1439 4213 1539 4284 οὐχ
1575 4214 1778 4284 ἑτέρως

196 4299 420 4364 ἐξελεῖν,
441 4298 586 4370 εἰμὴ
609 4299 696 4353 διὰ
707 4299 798 4354 τοῦ
819 4301 1026 4368 διδάξαι
1059 4301 1267 4370 σαφῶς,
1288 4303 1542 4359 τοσοῦτον
1567 4305 1776 4360 οἴεσθαι

195 4389 304 4444 τῶν
334 4390 514 4444 ἄλλων
540 4391 802 4461 ἡττᾶσθαι
833 4393 976 4446 κατά
1001 4394 1100 4464 τὴν
1131 4394 1313 4460 δόξαν,
1341 4396 1418 4459 ὡς
1447 4397 1540 4450 καὶ
1571 4399 1630 4451 ὲν
1650 4397 1775 4451 δού-

1876 1922 2014 1982 stit,
2055 1941 2073 1972 ι
2126 1921 2284 1989 juxta
2342 1919 2657 1975 Salomonis
2713 1935 2903 1974 vocem
2937 1921 3005 1974 η.
3059 1923 3208 1991 Opus
3261 1922 3448 1990 itaque

1875 2021 1994 2067 erat
2024 2011 2233 2066 sanctis
2263 2012 2550 2081 discipulis
2579 2012 2830 2066 modesto
2863 2028 2927 2065 ac
2950 2012 3191 2068 demisso
3223 2013 3406 2066 animo
3430 2053 3444 2075 ,

1877 2111 1931 2157 ct
1986 2117 2139 2156 vana:
2191 2103 2380 2171 gloria:
2453 2102 2878 2172 haudquaquam
2945 2102 3188 2173 cupido:
3245 2104 3449 2172 quippe

1876 2209 1998 2248 eum
2029 2207 2136 2247 non
2167 2209 2344 2262 parvae
2366 2207 2548 2246 causa:
2573 2202 2763 2247 essent
2798 2193 3002 2261 quibus
3037 2194 3093 2246 in
3127 2193 3271 2248 hunc
3306 2208 3450 2247 mor-

1877 2285 2006 2341 bum
2042 2287 2353 2340 inciderent
2375 2325 2390 2345 .
2422 2284 2583 2339 facile
2621 2285 2812 2355 utique
2843 2286 2895 2338 iu
2927 2303 3050 2340 eum
3083 2285 3318 2356 prolapsi
3357 2301 3444 2340 es-

1876 2387 2016 2442 sent,
2051 2377 2157 2431 nisi
2187 2393 2346 2446 opem
2380 2375 2647 2431 Servator
2671 2379 2752 2434 eis
2784 2379 3090 2432 attulisset.
3125 2375 3270 2431 Solet
3305 2379 3448 2431 enim

1875 2465 2118 2526 crudelis
2169 2470 2280 2525 fera
2329 2471 2603 2541 superbia:
2653 2487 2751 2527 eos
2803 2481 2860 2524 ut
2911 2472 3202 2542 plurimum
3249 2473 3452 2540 quibus

1876 2563 2150 2617 claritatis
2194 2563 2396 2632 aliquid
2445 2564 2592 2618 inest
2639 2563 2917 2616 invadere.
2958 2565 3026 2616 At
3069 2563 3199 2632 quid
3244 2562 3452 2620 sanctis

1877 2651 2142 2722 apostolis
2180 2654 2454 2708 illustrius
2479 2694 2492 2718 ,
2525 2661 2618 2707 aut
2647 2653 2911 2722 quidnam
2943 2661 3028 2708 est
3059 2653 3299 2708 amicitia
3325 2668 3450 2706 cum

1878 2744 1989 2800 Deo
2027 2745 2441 2814 priestahilius?
2494 2745 2558 2800 Et
2589 2748 2808 2817 quidem
2845 2748 2946 2801 hoc
2977 2746 3168 2798 vitium
3203 2745 3256 2798 in
3294 2745 3450 2800 nihili

1878 2839 2155 2893 hominem
2192 2853 2296 2892 nou
2340 2839 2644 2895 intraverit.
2681 2838 2846 2910 Fugit
2883 2841 3030 2894 enim
3076 2853 3200 2894 eum
3249 2837 3304 2892 in
3342 2853 3452 2907 quo

1878 2931 2012 2984 nihil
2043 2939 2128 2986 est
2159 2947 2340 3000 opera:
2368 2932 2532 3001 pretii
2555 2973 2569 2994 .
2595 2947 2696 2986 nec
2725 2931 2792 2986 ad
2822 2947 2916 2986 eos
2951 2932 3164 2985 accedit
3196 2931 3287 3000 qui
3327 2931 3452 2984 nul-

1879 3022 1990 3076 lum
2032 3023 2176 3079 inter
2209 3025 2348 3080 alios
2388 3024 2618 3094 gradum
2665 3023 2957 3080 obtinent:
3003 3023 3134 3094 quid
3178 3022 3322 3078 enim
3368 3031 3454 3076 est

1803 3161 1846 3218 c
1881 3130 1989 3186 quo
2023 3116 2336 3171 istiusmodi
2372 3116 2621 3172 homines
2654 3118 2920 3172 tantulum
2969 3116 3244 3186 superbiae
3267 3115 3456 3169 conci-

1887 3204 2082 3280 piant?
2131 3207 2237 3263 Sed
2291 3207 2490 3264 fastum
2549 3209 2723 3279 diligit
2773 3209 3090 3278 quicunque
3132 3205 3455 3276 spectabilis

1884 3307 2010 3362 est,
2056 3308 2222 3370 atque
2266 3301 2477 3354 idcirco
2522 3302 2738 3354 rtelrris
2791 3315 2850 3355 se
2911 3299 3212 3370 prirponit,
3278 3299 3457 3368 iisque

1885 3390 2045 3461 longe
2075 3406 2135 3446 se
2166 3400 2430 3461 praestare
2468 3392 2784 3457 existimat,
2829 3403 2888 3446 ut
2923 3391 3015 3460 qui
3048 3391 3246 3445 evimia
3273 3398 3329 3445 et
3356 3405 3456 3444 ex-

1885 3483 2272 3538 cellentissima
2299 3484 2371 3536 sit
2398 3483 2600 3536 virtute
2626 3484 2782 3554 721
2815 3483 3096 3554 praeditus,
3127 3491 3182 3536 et
3208 3481 3333 3535 vitae
3362 3497 3456 3550 ge-

1884 3587 1990 3626 nus
2024 3571 2304 3625 insolitum
2350 3585 2416 3624 ac
2451 3572 2637 3624 minus
2671 3573 2862 3625 tritum
2909 3572 3031 3626 aliis
3074 3570 3277 3624 inierit.
3315 3568 3452 3624 Cum

1884 3677 2018 3733 ergo
2041 3663 2311 3732 superbia:
2347 3663 2538 3718 vitium
2572 3665 2636 3718 iis
2670 3663 2942 3718 interdum
2979 3663 3210 3718 insideat
3244 3665 3299 3718 in
3327 3664 3454 3734 qui-

1886 3755 1988 3810 bus
2018 3753 2268 3808 nonnihil
2307 3761 2391 3808 est
2420 3753 2716 3822 pi-iecipui,
2753 3741 3028 3820 quomodo
3067 3767 3297 3812 necesse
3344 3769 3457 3808 non

1883 3853 2005 3901 erat
2063 3853 2124 3900 ut
2200 3843 2459 3898 Christus
2527 3845 2732 3898 sanctis
2799 3841 3064 3912 apostolis
3125 3841 3456 3896 humilitatis

1885 3936 2140 4005 exemplo
2181 3942 2326 3990 esset
2353 3973 2368 3996 ,
2422 3941 2482 3987 ut
2519 3940 2706 4004 typum
2757 3942 2808 3986 et
2853 3931 3148 4002 imaginem
3191 3930 3456 3986 habentes

1885 4025 2270 4080 universorum
2301 4023 2589 4078 Deminum
2623 4021 2723 4092 ipsi
2765 4035 2982 4090 quoque
3019 4019 3086 4073 ad
3127 4018 3220 4072 Dei
3263 4019 3458 4072 volun-

1885 4125 2048 4172 tatem
2078 4131 2236 4171 suam
2269 4127 2508 4170 mentem
2541 4111 2992 4168 conformarent?
3032 4111 3235 4164 Vitium
3287 4110 3458 4180 igitur

1884 4208 2022 4263 illud
2067 4209 2230 4263 aliter
2271 4207 2427 4262 evelli
2475 4221 2585 4260 non
2614 4213 2866 4274 poterat,
2901 4217 3064 4274 quam
3105 4202 3152 4256 si
3183 4203 3361 4272 palam
3401 4208 3458 4256 et

1886 4309 2075 4372 aperte
2113 4301 2337 4356 doceret
2381 4299 2456 4352 ita
2507 4297 2743 4353 demisse
2784 4295 2852 4350 de
2903 4310 2966 4350 se
3015 4293 3262 4358 sentire,
3303 4300 3366 4346 ut
3401 4301 3457 4347 et

1885 4393 2030 4450 servi
2061 4392 2214 4446 vices
2244 4390 2429 4454 obire,
2477 4397 2534 4444 et
2580 4386 2950 4442 ministerium
3001 4384 3188 4439 famuli
3225 4383 3457 4454 implere

199 4482 293 4537 λου
313 4484 468 4552 τάξει
493 4479 926 4540 κατατάττεσθαι
956 4487 1088 4551 δεῖν,
1117 4487 1239 4540 οὐδὲ
1276 4488 1445 4560 αὐτὴν
1473 4489 1775 4562 καταφρίτ-

1885 4488 1994 4539 ιιοή
2023 4490 2325 4545 vereretur,
2349 4481 2584 4534 fratrum
2615 4479 2778 4547 pedes
2801 4476 3096 4542 abluendo,
3125 4481 3181 4529 et
3203 4471 3370 4528 linteo
3395 4487 3456 4528 se

198 4574 470 4647 τοντατὴν
491 4575 680 4648 οἰκέτῃ
703 4577 1018 4647 πρέπουσαν
1041 4575 1382 4650 λειτουργίαν
1405 4580 1780 4653 ἀποπληροῦν,

197 4661 286 4715 διὰ
319 4662 417 4716 τοῦ
452 4664 548 4716 xui.
575 4665 853 4730 ἀπονίζειν
905 4666 1015 4718 τῶν
1044 4666 1288 4736 ἀδελφῶν
1323 4671 1451 4732 τοὺς
1477 4671 1662 4735 πόδας,
1685 4673 1781 4726 καὶ

200 4751 404 4809 λέντιον
435 4755 755 4826 περιθέσθαι
783 4756 872 4809 διὰ
911 4757 1007 4826 τὴν
1027 4759 1236 4828 χρείαν.
1270 4757 1458 4828 Ἀθρει
1492 4759 1602 4832 γὰρ
1635 4763 1782 4826 ὅπως

200 4847 612 4919 ἀνδραποδῶδες
641 4849 702 4901 τὸ
730 4849 922 4920 χρῆμά
962 4852 1130 4910 ἐστιν,
1153 4852 1276 4904 ὅσον
1297 4851 1378 4914 είς
1403 4851 1498 4922 ἔθη
1529 4853 1675 4924 φημὶ
1710 4853 1780 4907 τὰ

203 4937 260 4988 ὲν
281 4937 496 5008 κόσμῳ,
516 4938 612 4992 καὶ
642 4939 743 5002 τὰς
771 4938 877 5004 ἔξω
899 4939 1114 5011 τριϐάς.
1133 4940 1529 5011 ’Υπογραμμὺς
1550 4959 1776 5014 τοιγαρ-

208 5025 296 5080 οὖν
331 5029 560 5101 μετρίου
571 5046 630 5083 τε
655 5031 751 5084 καὶ
786 5030 1218 5101 συνεσταλμένου
1244 5032 1589 5103 φρονήματος
1605 5033 1779 5087 ἅπασι

214 5125 315 5188 ·οῖς
356 5120 504 5176 κατὰ
553 5121 644 5174 τὸν
669 5121 805 5192 βίον,
853 5120 978 5174 οὔτε
1021 5121 1130 5193 γάρ
1152 5121 1334 5192 μόνοις
1362 5124 1476 5184 τοῖς
1515 5123 1780 5193 μαθηταῖς

233 5215 428 5284 έγονεν
469 5217 498 5269 ὁ
543 5215 798 5286 Χριστός.
832 5216 932 5268 Διά
962 5217 1119 5268 τοῦτο
1148 5212 1244 5266 καὶ
1273 5213 1302 5264 ὁ
1325 5211 1609 5278 θεσπέσιος
1633 5215 1770 5268 Παῦ-

219 5325 318 5371 εος,
349 5307 514 5362 αὐτὸν
550 5307 735 5360 εἰκόνα
783 5303 1138 5375 παραλαδὼν,
1195 5305 1277 5366 εἰς
1295 5304 1453 5358 τοῦτο
1480 5306 1781 5376 προτρέπει

207 5397 376 5467 λέγων
397 5416 413 5431 ο
447 5417 466 5450 ι
507 5397 680 5452 Τοῦτο
706 5397 970 5470 φρονείτω
1023 5396 1252 5450 ἕκαστος
1298 5396 1356 5448 ὲν
1377 5395 1528 5466 ὑμῖν,
1547 5396 1576 5449 ὃ
1599 5397 1695 5450 καὶ
1723 5399 1782 5451 ὲν

205 5487 420 5560 Χριστῷ
477 5487 656 5560 Ἰησοῦ
677 5506 691 5521 ⁸
732 5509 751 5541 ι
798 5489 894 5542 καὶ
927 5487 1110 5550 πάλιν,
1150 5504 1170 5536 ι
1203 5487 1282 5557 ’νῇ
1313 5489 1782 5562 ταπεινοφροσύνῃ

204 5579 460 5652 ἀλλήλους
498 5580 793 5652 ἡγούμενοι
825 5571 1191 5652 ὑπερέχοντας
1243 5578 1473 5632 ἑαυτῶν.
1515 5599 1532 5631 ι
1571 5581 1781 5652 Θεσμὸς

277 5785 318 5815 ’⁸
360 5784 522 5838 l‘rov.
563 5796 660 5845 ιιι,
695 5780 802 5846 5›ί;
838 5780 952 5836 Jac.
989 5795 1060 5844 iv,
1093 5778 1144 5833 6.
1219 5780 1264 5810 ⁷³
1302 5777 1533 5850 Philipp.
1574 5796 1646 5848 ιι,

1883 4576 1950 4632 ad
1979 4591 2119 4646 opus
2152 4570 2558 4644 prmcingeudo.
2623 4567 2930 4624 Considera
2972 4569 3118 4623 enim
3157 4575 3214 4620 ut
3255 4565 3455 4621 servile

1881 4668 1953 4724 sit
1980 4667 2112 4722 illud
2144 4664 2534 4728 ministerium,
2566 4660 2613 4716 si
2645 4659 3102 4716 consuetudinem
3135 4657 3322 4712 mundi
3351 4657 3450 4709 hu-

1877 4760 1969 4830 jus
1995 4800 2010 4826 ,
2056 4767 2111 4814 et
2153 4756 2340 4814 saeculi
2393 4770 2574 4810 mores
2621 4753 2880 4824 aspicias.
2921 4751 3242 4820 Exemplum
3282 4748 3453 4818 igitur

1881 4851 2111 4906 modesti
2134 4865 2199 4904 ac
2231 4848 2454 4904 demissi
2488 4846 2656 4901 animi
2687 4847 2946 4900 omnibus
2975 4841 3314 4902 hominibus,
3342 4854 3451 4892 non

1881 4949 2095 4997 tantum
2134 4941 2250 4996 suis
2271 4939 2581 5009 discipulis,
2621 4937 2864 5007 seipsum
2900 4933 3152 5005 praebuit.
3183 4929 3452 4986 Proinde-

1883 5049 1992 5104 que
2015 5032 2238 5086 divinus
2277 5030 2477 5084 Paulus
2507 5045 2631 5082 cum
2673 5044 2797 5082 eum
2830 5023 3151 5080 imitandum
3183 5022 3453 5091 sumpsis-

1883 5132 1987 5190 set,
2023 5124 2272 5178 hortatur
2301 5121 2369 5176 ad
2403 5121 2548 5176 istud
2585 5121 2813 5175 dicens:
2856 5134 2874 5167 ι
2913 5115 3027 5169 Hoc
3078 5113 3454 5180 unuSquisque

1885 5219 2087 5273 sentite
2132 5217 2187 5270 in
2222 5214 2376 5269 vobis
2402 5252 2417 5276 ,
2453 5213 2598 5280 quod
2643 5218 2698 5265 et
2737 5211 2793 5263 in
2826 5207 3052 5262 Christo
3080 5204 3212 5260 .Iesu
3233 5205 3316 5271 ⁷³,
3351 5223 3369 5254 ι
3399 5211 3455 5257 et

1884 5323 2080 5363 rursus
2119 5323 2136 5362 :
2185 5324 2204 5356 ι
2240 5305 2296 5358 1η
2347 5303 2656 5357 humilitate
2697 5297 3012 5367 superiores
3063 5295 3166 5352 sibi
3220 5295 3451 5350 invicem

1888 5397 2225 5450 arbitrantes
2253 5393 2320 5444 ἰ.
2357 5411 2374 5442 ι
2427 5389 2531 5444 Lex
2563 5389 2709 5443 enim
2738 5385 3027 5442 cbaritatis
3053 5392 3110 5440 et
3141 5385 3454 5441 concordia:

1891 5485 2084 5544 humili
2117 5491 2335 5538 constat
2369 5481 2586 5550 spiritu.
2617 5477 2818 5534 Verum
2864 5484 2922 5533 ut
2963 5477 3090 5546 ejus
3124 5477 3200 5531 rei
3234 5475 3452 5546 opinio-

1889 5594 2010 5634 nem
2051 5575 2344 5638 attolleret,
2385 5587 2564 5642 neque
2595 5571 2816 5642 vulgare
2847 5567 3124 5640 quidpiam
3166 5581 3193 5620 a
3237 5567 3453 5622 Christo

1815 5781 1861 5814 ⁷⁷³
1903 5779 2030 5836 ibid.
2066 5778 2118 5831 5.
