4010 6320
513 293 620 352 H55

1499 288 1556 344 S.
1595 277 1872 342 CYRILLI
1910 285 2381 345 ALEXANDRINI
2413 289 2738 348 ARCHIEP.

3657 294 3761 351 ΗΒ

503 409 707 463 fartum
742 421 867 463 esse
896 412 1239 475 putaremus,
1271 404 1591 461 necessario
1624 418 1822 458 rursus
1855 401 2077 457 divinus

2181 402 2290 476 γάρ
2343 403 2565 474 ἀγάπης
2599 405 2695 458 καὶ
2744 404 3048 476 ὁμοψυχίας
3098 406 3155 460 ἐν
3209 406 3518 476 φρονήματι
3550 407 3763 477 γίνεται

501 497 838 567 evangelista
868 495 1099 565 gloriam
1128 504 1181 549 et
1210 501 1533 565 potestatem
1561 492 1684 564 ejus
1710 502 1764 548 et
1786 494 2076 562 imperium

502 588 559 643 in
596 602 788 641 omnes
815 587 966 654 prius
993 585 1255 650 miratur,
1288 585 1376 641 his
1403 585 1588 641 verbis
1618 602 1632 639 :
1675 603 1693 636 ι
1725 583 1918 641 Sciens
1949 584 2080 654 quia

501 679 684 732 nntnia
721 677 871 731 dedit
909 676 961 731 ei
1006 675 1171 731 Pater
1202 677 1257 731 in
1294 693 1510 733 manus.
1544 695 1564 727 ι
1603 675 1868 742 Quamvis
1898 678 2075 739 enim,

502 768 720 838 inquit,
768 783 876 821 non
923 768 1202 839 ignoraret
1242 770 1493 823 omnium
1539 782 1719 822 rerum
1766 767 1971 821 habere
2020 781 2081 821 se

504 865 851 927 potestatem,
877 867 930 914 et
953 875 1012 915 se
1041 875 1069 914 a
1094 859 1202 914 Deo
1223 860 1450 924 exiissc,
1477 860 1579 914 hoc
1601 870 1708 919 est,
1725 874 1793 914 ex
1824 858 2082 913 substan-

501 951 576 1003 tia
607 952 852 1020 genitum
877 966 1001 1007 esse
1033 951 1123 1005 Dei
1157 965 1221 1005 ac
1254 949 1455 1016 Patris,
1483 959 1537 1004 et
1563 949 1630 1003 ad
1655 947 1824 1001 Deum
1859 947 2076 1010 vadere,

503 1042 605 1095 hoc
629 1049 716 1096 est
745 1058 939 1097 rursus
965 1043 1021 1097 in
1043 1043 1215 1097 caelos
1240 1043 1461 1103 reverti,
1494 1055 1889 1095 consessurum
1922 1039 2081 1092 nimi.-

506 1148 626 1186 rum
650 1148 773 1187 cum
800 1150 900 1189 suo
928 1134 1208 1197 Genitore,
1238 1142 1448 1187 tantam
1480 1141 1665 1186 tamen
1692 1131 2078 1186 demissionem

503 1239 616 1293 prae
663 1240 721 1280 se
771 1226 933 1290 tulit,
980 1236 1041 1280 ut
1087 1228 1256 1281 linteo
1303 1225 1636 1295 praevinctus
1679 1223 2077 1292 discipulorum

506 1316 669 1384 pedes
696 1317 949 1372 abluerit.
976 1315 1112 1372 Cum
1142 1320 1306 1387 igitur
1338 1318 1468 1371 hinc
1502 1316 1824 1385 praeclarum
1857 1314 2080 1384 pietatis

506 1410 812 1479 exemplum
859 1420 912 1463 et
951 1409 1270 1465 dilectionis
1322 1417 1524 1463 mutuae
1554 1408 1846 1478 imaginem
1876 1405 2078 1460 habea-

506 1515 664 1564 mus,
698 1502 943 1557 mudeste
975 1501 1043 1557 de
1069 1501 1231 1557 nobis
1257 1501 1563 1557 sentiamus
1583 1540 1599 1563 ,
1632 1498 1944 1554 charissimi
1969 1535 1984 1558 ,
2025 1503 2080 1550 et

507 1593 808 1662 majoribus
839 1598 1221 1667 praerogativis
1260 1596 1456 1651 fratres
1496 1594 1749 1664 praeditos
1781 1599 2036 1660 putemus
2061 1631 2078 1655 ,

504 1686 754 1753 quamvis
806 1686 940 1741 boni
988 1688 1185 1742 simus.
1228 1686 1341 1742 lloc
1385 1688 1531 1741 enim
1581 1695 1638 1737 ut
1686 1683 1988 1737 sentiamus
2025 1688 2080 1734 et

504 1774 738 1832 velimus
771 1792 1027 1849 magnum
1060 1779 1208 1833 istud
1239 1778 1549 1846 exemplum
1580 1767 1680 1828 nos
1714 1773 1903 1842 adigit.

2178 494 2442 566 ταπεινῷ.
2471 498 2587 550 Ἰνα
2629 497 2687 550 δὲ
2735 496 2835 567 τὴν
2864 496 2959 550 τοῦ
3010 499 3335 569 πράγματος
3385 499 3654 570 ὑπόληψιν
3685 504 3764 566 εἰς

2181 586 2312 656 ὕψος
2343 586 2511 660 ἐξάρῃ
2545 588 2711 657 μέγα,
2746 589 2841 641 καὶ
2865 592 2993 659 μήτι
3035 589 3142 641 τῶν
3176 588 3446 660 τυχόντων
3475 591 3762 663 δεδρᾶσθαι

2179 678 2491 750 νομίσωμεν
2522 679 2673 751 παρὰ
2697 678 2958 749 Χριστοῦ,
2977 679 3140 733 πάλιν
3168 680 3483 749 ἀναγκαίως
3515 683 3544 734 6
3567 681 3761 736 θεσπέ-

2181 791 2296 838 σιος
2326 775 2717 846 εὐαγγελιστὴς
2781 773 3327 846 προκαταπλήττεται
3386 775 3483 847 τὴν
3537 772 3777 831 ἐνοῦσανέ

2180 865 2330 936 αὐτῴ
2357 865 2514 930 δόξαν
2570 883 2629 918 τε
2686 867 2782 919 καὶ¹
2816 866 3086 931 ἐξουσίαν,
3151 868 3338 921 κα“ι’τδ
3369 868 3512 921 κατὰ
3543 869 3763 922 πάντων

2180 957 2398 1026 κράτος,
2412 949 2562 1009 δι’ὧν
2576 974 2758 1026 φησιν,
2769 977 2786 1007 ι
2801 956 2989 1022 Εἰδὼς,
3002 958 3082 1010 ὅτι
3095 956 3271 1009 πάντα
3287 958 3602 1029 παρέδωκεν
3613 958 3764 1029 αὐτῷ

2179 1048 2208 1099 ὁ
2259 1048 2448 1118 Πατὴρ
2498 1049 2579 1111 εἰς
2608 1049 2707 1112 τάς
2745 1052 2955 1120 χεῖρας.
2987 1067 3005 1099 ›
3038 1048 3235 1102 Καίτοι
3266 1047 3394 1118 γὰρ,
3437 1048 3625 1117 φησιν,
3661 1051 3762 1102 οὐκ

2179 1134 2487 1204 ὴγνοηκὼς,
2546 1137 2627 1189 ὅτι
2686 1138 2904 1189 πάντων
2958 1135 3198 1207 ἔχοιτὴν
3251 1135 3517 1201 ἐξουσίαν,
3559 1138 3651 1189 καὶ
3682 1139 3762 1191 ὅτι

2179 1224 2289 1277 άπὸ
2329 1225 2464 1279 Θεοῦ
2495 1226 2742 1297 ἐξῆλθεν,
2789 1228 2933 1281 τοῦτ’
2973 1228 3143 1290 ἔστιν,
3169 1229 3233 1282 ἐκ
3264 1229 3362 1299 τῆς
3395 1228 3584 1292 οὐσίας
3605 1232 3761 1296 ἐγεν-

2178 1316 2318 1387 νήθη
2350 1317 2443 1370 τοῦ
2481 1318 2618 1372 Θεοῦ
2670 1320 2765 1372 καὶ
2820 1319 3053 1390 Πατρὺς,
3084 1320 3177 1373 καὶ
3211 1319 3348 1390 πρὸς
3376 1319 3508 1372 Θεὸν
3537 1319 3758 1387 ὑπάγει,

2179 1409 2324 1462 τοῦτ’
2358 1409 2494 1473 ἐστι,
2556 1411 2718 1464 πάλιν
2758 1412 2971 1481 ἀνίησιν
3000 1414 3078 1476 εἰς
3106 1413 3386 1482 οὐρανοὺς,
3427 1411 3761 1481 συνεδρεύων

2178 1497 2419 1568 δηλονότι
2471 1499 2549 1569 τῷ
2604 1500 2717 1570 ἰδίῳ
2768 1501 2807 1551 Γ
2809 1503 3077 1571 εννήτορι,
3119 1499 3387 1570 τοσαύτην
3429 1500 3636 1569 ὑπέστη
3661 1499 3762 1571 τὴν

2179 1589 2531 1655 ταπείνωσιν,
2595 1590 2671 1653 ὡς
2724 1592 2915 1662 λεντίῳ
2962 1594 3060 1663 μὲν
3099 1590 3491 1657 διαζώσασθαι,
3549 1592 3659 1645 τῶν
3704 1593 3761 1645 δὲ

2183 1682 2439 1752 μαθητῶν
2486 1684 2764 1749 ἀπονίζειν
2824 1687 2951 1750 τοὺς
3012 1686 3202 1750 πόδας.
3264 1687 3518 1757 Ἔχοντες
3577 1686 3762 1739 τοίνυν

2115 1770 2154 1823 Β
2183 1773 2431 1828 ἐντεῦθεν
2485 1774 2707 1848 ἄριστον
2746 1778 2849 1849 τῆς
2898 1778 3188 1840 εὐλαϐείας
3226 1778 3613 1848 ὑπογραμμὸν,
3663 1777 3762 1830 καὶ

501 1869 602 1940 τῆς
637 1871 715 1935 είς
774 1873 1038 1944 ἀλλήλους
1091 1873 1315 1943 ἀγάπης
1376 1869 1852 1941 περιφανεστάτην
1903 1866 2107 1928 εἰκόνα,
2149 1867 2344 1937 μέτρια
2382 1871 2482 1941 μὲν
2546 1873 2855 1943 φρονῶμεν,
2900 1870 3194 1941 ἀγαπητοὶ,
3239 1868 3503 1940 ἡγώμεθα
3541 1868 3598 1922 δέ
3634 1868 3761 1932 τοὺς

503 1963 764 2033 ἀδελφοὺς
790 1966 857 2019 τά
893 1965 1064 2036 μείζω
1103 1964 1401 2035 κεκτῆσθαι
1439 1964 1546 2016 τῶν
1573 1964 1631 2015 ἐν
1662 1963 1794 2031 ἡμῖν
1831 1957 2339 2027 πλεονεκτημάτων,
2386 1963 2490 2018 κᾶν
2535 1965 2872 2036 ὑπάρχωμεν
2916 1965 3134 2034 ἀγαθοί.
3201 1963 3373 2018 Τοῦτο
3438 1962 3548 2033 γὰρ
3613 1963 3760 2034 ἡμᾶς

503 2058 532 2109 ὁ
563 2056 735 2125 μέγας
763 2051 916 2121 οὗτος
940 2057 1305 2128 ὑπογραμμὸς
1354 2054 1640 2109 ἀναπείθει
1666 2054 1883 2124 φρονεῖν
1903 2069 1963 2103 τε
1985 2050 2078 2102 καὶ
2117 2049 2423 2120 βούλεσθαι.
2836 2072 2841 2077 ³

572 2147 727 2209 XIII.
772 2148 886 2205 6-8.
936 2149 1086 2204 Venit
1121 2167 1245 2217 ergo
1286 2149 1355 2202 ad
1401 2148 1671 2202 Simonem
1720 2145 1976 2205 Petrum,
2019 2152 2068 2195 et

502 2239 631 2293 dicit
673 2240 721 2294 ei
775 2239 965 2294 Petrus
1015 2256 1033 2294 :

503 2328 788 2399 Respondit
810 2330 998 2398 Jesus,
1037 2342 1087 2386 et
1116 2333 1252 2384 dixit
1282 2333 1441 2402 722
1475 2332 1523 2385 ei
1549 2348 1569 2386 :
1602 2328 1755 2395 Quod
1789 2345 1879 2398 ego
1910 2327 2075 2395 facio,

506 2429 563 2472 tu
586 2421 752 2475 nescis
795 2420 969 2480 modo.
1010 2422 1140 2476 scies
1169 2430 1346 2475 autem
1366 2431 1567 2489 postea.
1594 2420 1739 2473 Dicit
1762 2420 1810 2473 ei
1840 2418 2032 2471 Petrus
2059 2432 2076 2471 :

507 2508 632 2565 Non
670 2511 870 2566 iuvabis
911 2513 1040 2567 mihi
1079 2513 1232 2583 pedes
1280 2513 1336 2566 in
1382 2522 1656 2567 aeternum.
1712 2510 1997 2581 Respondit
2034 2510 2082 2564 ei

470 2636 483 2641 -
501 2604 682 2661 Iesus.

573 2696 979 2753 Ferventiorem
1015 2698 1239 2767 ubique,
1272 2703 1329 2750 ut
1358 2696 1523 2751 verbo
1548 2695 1754 2756 dicam,
1776 2692 1924 2750 Petri
1960 2693 2080 2747 ani-

504 2804 655 2845 mum
694 2799 748 2845 et
781 2789 847 2844 ad
879 2789 1137 2860 pietatem
1171 2788 1347 2858 magis
1379 2801 1442 2841 ac
1475 2787 1649 2856 magis
1678 2784 2076 2839 inﬂammatum

501 2881 690 2937 videre
724 2881 873 2936 licet.
896 2880 1105 2936 Idcirco
1139 2894 1342 2934 morem
1369 2889 1424 2934 et
1445 2878 1898 2933 consuetudinem
1919 2891 2074 2931 suam

504 2982 766 3036 secutus,
813 2971 1159 3042 disciplinam
1204 2971 1350 3025 hanc
1391 2985 1622 3026 summae
1665 2968 1996 3022 humilitatis
2023 2977 2078 3023 et

505 3065 795 3120 cliaritatis
825 3079 987 3134 quam
1023 3069 1305 3125 servaret,
1350 3061 1576 3131 abiicit,
1628 3072 1809 3115 mente
1857 3058 2076 3129 quidem

2240 2147 2507 2217 Ἔρχεται
2527 2145 2641 2206 οὖν
2657 2168 2744 2218 εις
2767 2151 3001 2219 Σιζιιωνα
3024 2152 3262 2219 Πέτρον,
3288 2150 3383 2204 καί
3406 2150 3567 2221 λέγει
3599 2128 3761 2218 αὑτῷ

1096 2240 1333 2303 Domine,
1395 2251 1449 2293 tu
1501 2238 1630 2292 mihi
1684 2237 1830 2291 lavas
1873 2235 2074 2305 pedes?

2179 2242 2410 2310 Πέτρος’
2443 2244 2640 2312 Κύριε,
2670 2244 2752 2297 σύ
2776 2260 2896 2313 μου
2927 2245 3154 2310 νίπτεις
3186 2243 3328 2310 τοὺς
3362 2243 3591 2310 adduc;
3631 2246 3761 2298 Ἁπ-

2172 2335 2376 2402 εκρίθη
2417 2335 2665 2403 Ἰησοῦς,
2714 2336 2812 2391 καὶ
2862 2334 3032 2391 εἶπεν
3084 2335 3273 2401 αὐτῷ’
3310 2338 3372 2388 '0
3418 2336 3532 2406 ἐγὼ
3587 2337 3758 2401 ποιῶ,

2177 2426 2258 2478 σὺ
2295 2428 2407 2479 οὐκ
2441 2423 2609 2493 οἶδας
2640 2426 2789 2495 ἄρτι,
2830 2427 3031 2497 γνώσῃ
3065 2427 3133 2480 δὲ
3161 2426 3311 2497 μετὰ
3353 2426 3558 2480 ταῦτα.
3587 2429 3761 2495 Λέγει

2178 2516 2338 2582 αὐτῷ
2374 2518 2594 2586 Πέτρος
2618 2538 2629 2551 ·
2662 2522 2745 2573 Οὐ
2781 2519 2861 2587 μὴ
2894 2521 3082 2587 νίψῃς
3117 2519 3261 2585 τοὺς
3299 2517 3486 2585 πόδας
3525 2536 3644 2587 μου
3670 2522 3762 2586 είς

2178 2606 2286 2662 τόν
2316 2608 2520 2663 αἰῶνα.
2556 2610 2861 2680 Ἀπεκρίθη
2897 2609 3057 2675 αὺτῷ
3089 2613 3122 2665 ὁ
3153 2610 3411 2677 Ἰησοῦς.

2248 2699 2589 2772 Θερμότερόν
2620 2718 2737 2764 πως
2777 2703 2863 2754 ἀεὶ
2913 2700 3008 2754 τοῦ
3045 2701 3250 2772 Πέτρου
3298 2700 3359 2753 τὸ
3398 2698 3623 2770 κίνημα,
3663 2699 3762 2753 καὶ

2179 2790 2314 2844 πολὺ
2340 2792 2662 2862 γοργότερον
2689 2794 2770 2857 εἰς
2807 2792 3110 2855 εὐλάϐειαν,
3148 2791 3422 2863 θεωρήσαι
3468 2809 3554 2854 τις
3597 2789 3662 2844 ἂν
3701 2793 3761 2844 ἐν

2175 2882 2336 2946 ὅλοις,
2365 2883 2441 2947 ὼς
2469 2882 2599 2947 ἔπος
2628 2886 2821 2948 εἰπεῖν,
2861 2884 2975 2946 τοῖς
3013 2883 3426 2954 συγγράμμασι.
3468 2882 3764 2953 Τοιγάρτοι

2175 2975 2272 3028 καὶ
2297 2974 2391 3030 νῦν
2443 2974 2554 3030 ἔθει
2601 2975 2678 3047 τῷ
2730 2976 2846 3048 ἰδίῳ
2899 2974 3374 3045 κατακολουθήσας
3423 2973 3516 3026 καὶ
3549 2972 3758 3045 τρόπῳ,

2179 3067 2241 3119 τὸ
2278 3068 2618 3137 σεσωσμένον
2654 3069 2718 3138 δὴ
2755 3067 2912 3122 τοῦτο
2942 3068 3044 3138 τῆς
3077 3069 3156 3132 είς
3200 3067 3366 3138 ἄκρον
3397 3065 3637 3137 ἡκούσης
3663 3082 3761 3119 τα-

504 3166 766 3225 reputans
797 3157 1023 3225 quinam
1054 3166 1200 3210 esset
1236 3153 1353 3224 ipse
1378 3165 1597 3215 natura,
1624 3160 1678 3207 et
1703 3153 1829 3222 quis
1861 3153 1951 3207 ille
1983 3152 2077 3221 qui

2182 3125 2610 3230 πεινοφροσύνης
2632 3125 2718 3214 τε.
2743 3162 2836 3214 καὶ
2878 3125 3098 3229 ἀγάπης
3135 3125 3473 3228 παρωθεῖται
3507 3125 3759 3227 μάθημα,

505 3246 703 3317 pelvim
757 3246 1059 3314 aderebat,
1103 3261 1169 3302 ac
1215 3246 1405 3300 farinuli
1447 3260 1647 3300 munus
1693 3243 1923 3313 implere
1969 3258 2079 3297 non

504 3340 863 3396 detrectabat.
902 3339 1015 3395 Nec
1045 3340 1190 3395 enim
1230 3338 1582 3393 mediocriter
1615 3351 1740 3392 eum
1784 3334 1968 3390 turbat
1992 3350 2080 3389 res

508 3432 900 3503 propemodum
962 3430 1334 3496 incredibilis,
1381 3431 1507 3484 licet
1551 3428 1847 3483 multorum
1901 3427 2078 3483 oculis

507 3525 935 3594 conspiceretur.
968 3522 1103 3589 Quis
1134 3524 1280 3578 enim
1304 3538 1414 3576 non
1453 3520 1835 3576 exhorruisset
1855 3519 2079 3575 discens

505 3631 630 3671 eum
681 3616 775 3687 qui
806 3631 913 3670 una
958 3631 1081 3670 cum
1137 3615 1298 3670 Patre
1352 3613 1621 3669 Dominus
1662 3624 1749 3669 est
1801 3612 2075 3676 universi,

508 3709 646 3763 adeo
677 3708 1044 3767 miserabilem
1080 3723 1211 3777 erga
1245 3722 1376 3762 suos
1406 3705 1711 3775 discipulos
1748 3706 2075 3760 servitutem

507 3815 616 3868 prae
635 3815 695 3856 se
720 3801 936 3864 tulisse,
971 3809 1030 3854 ut
1056 3800 1199 3868 quod
1231 3800 1374 3853 inter
1398 3813 1588 3853 servos
1622 3808 1957 3867 postremum
1996 3794 2079 3847 lo-

505 3906 631 3944 eum
647 3900 814 3955 tenet,
837 3891 941 3945 hoc
977 3890 1344 3945 libentissime
1365 3888 1542 3944 facere
1563 3887 1816 3948 voluerit,
1833 3885 2074 3954 seipsum

506 3983 562 4036 in
609 3985 917 4052 exeniplum
949 3989 1004 4037 et
1042 3990 1230 4052 typum
1275 3981 1506 4050 spiritus
1545 3979 1775 4034 humilis
1809 3975 2079 4031 tradens?

507 4072 695 4128 Metuit
723 4089 854 4141 ergo
885 4074 1190 4142 discipulus
1220 4081 1383 4127 tantae
1418 4073 1495 4127 rei
1528 4072 1776 4143 pondus,
1823 4077 1876 4124 et
1910 4069 2079 4123 usita-

509 4171 618 4216 tam
655 4180 721 4217 ac
781 4164 1105 4219 faniiliarem
1169 4164 1276 4219 sibi
1332 4162 1694 4219 reverentiam
1730 4168 2074 4230 praetexens,

508 4266 763 4310 recusat:
789 4254 988 4324 quippe
1015 4270 1137 4308 cum
1170 4254 1412 4308 nondum
1433 4254 1509 4308 rei
1543 4267 1768 4308 causam
1801 4253 2077 4321 cognitam

507 4346 724 4408 habeat,
764 4344 1050 4400 Dominum
1081 4346 1285 4416 aliquid
1318 4355 1519 4400 temere
1550 4360 1710 4413 agere
1742 4352 1934 4412 putat,
1979 4359 2077 4396 nec

2177 3251 2263 3314 τίς
2299 3252 2398 3322 μὲν
2455 3252 2617 3316 αὐτὸς
2662 3253 2746 3323 εἴη
2792 3252 2932 3308 κατὰ
2991 3251 3152 3322 φύσιν
3200 3250 3427 3314 ἐννοῶν,
3486 3250 3569 3314 τίς
3609 3251 3654 3303 δ’
3687 3245 3759 3304 αὖ

2181 3342 2343 3397 πάλιν
2386 3344 2414 3396 6
2450 3343 2542 3396 τὸν
2582 3345 2820 3414 νιπτῆρα
2867 3342 3261 3413 παρακομίζων
3321 3341 3492 3413 αὐτῷ,
3536 3343 3629 3395 καὶ⁵
3659 3341 3761 3412 τὴν

2179 3434 2389 3487 οἰκέτου
2420 3434 2608 3505 χρείαν
2647 3433 2997 3505 ἀποπληροῦν
3048 3434 3108 3485 οὐ
3150 3433 3603 3506 παραιτούμενος.
3656 3433 3761 3486 Θο-

2181 3525 2338 3595 ρυϐεῖ
2364 3526 2472 3598 γὰρ
2503 3526 2561 3578 οὐ
2613 3525 2848 3595 μετρίως
2894 3524 3056 3577 αὐτὸν
3102 3523 3479 3594 ἀπαράδεκτόν
3521 3539 3640 3585 πως
3680 3524 3763 3587 εἰς

2180 3617 2362 3668 πίστιν
2406 3617 2650 3686 ὑπάρχον
2695 3616 2755 3668 τὸ
2792 3616 3044 3685 πρᾶγμα,
3082 3614 3176 3668 καὶ
3227 3616 3276 3667 εἰ
3329 3613 3543 3676 πολλοῖς
3586 3612 3763 3684 ὁρῷτο

2177 3709 2338 3777 τυχὸν
2377 3707 2694 3777 ὀφθαλμοῖς.
2726 3707 2819 3771 Τίς
2847 3707 2956 3779 γὰρ
2988 3707 3054 3760 ἂν
3091 3708 3192 3759 οὐκ
3231 3705 3414 3776 ἔφριξε
3452 3705 3656 3776 μαθὼν,
3685 3704 3764 3769 ὡς

2178 3801 2207 3851 6
2237 3800 2344 3852 τῶν
2376 3801 2514 3852 ὅλων
2549 3800 2689 3870 μετὰ
2734 3800 2945 3871 Πατρὸς
2978 3798 3237 3870 ὑπάρχων
3286 3797 3761 3869 Κύριος,ςοίκτρο-

2178 3888 2346 3958 τάτην
2378 3887 2519 3939 οὑτω
2558 3886 2657 3956 τὴν
2716 3885 2957 3939 δουλείαν
2996 3886 3133 3956 πρὸς
3166 3885 3290 3947 τοὺς
3341 3881 3538 3936 ἑαυτοῦ
3587 3883 3761 3952 μαθη-

2176 3982 2277 4043 τὰς
2307 3980 2636 4046 ἐπεδείξατο,
2681 3980 2756 4041 ὡς
2784 3979 2876 4033 καὶ
2928 3981 3065 4050 ὅπερ
3108 3973 3246 4031 εἶναι
3282 3976 3431 4029 δοκεῖ
3462 3974 3614 4048 παρὰ
3646 3976 3760 4037 τοῖς

2177 4073 2414 4134 οἰκέταις
2441 4071 2539 4142 τὴν
2568 4071 2803 4142 ἐσχάτην
2847 4071 3039 4141 ἐπέχον
3078 4069 3252 4136 τάξιν,
3298 4066 3459 4120 τοῦτο
3484 4067 3578 4120 καὶ
3616 4065 3760 4135 μάλα

2179 4161 2475 4232 προθύμως
2506 4163 2756 4234 ἐθελῆσαι
2787 4162 2919 4233 δρᾷν
2951 4160 3132 4226 αὐτὸν,
3168 4160 3248 4223 είς
3276 4156 3638 4228 ὑπογραμμὸν
3667 4156 3760 4209 καὶ

2177 4254 2347 4308 τύπον
2380 4255 2600 4326 μετρίου
2648 4255 3026 4324 φρονήματος;
3064 4252 3212 4305 Δέδιε
3263 4235 3549 4322 τοιγαροῦν
3598 4252 3626 4303 6
3671 4248 3759 4301 θε-

2182 4345 2402 4409 σπέσιος
2456 4344 2700 4415 μαθητὴς
2739 4344 2801 4396 τὸ
2845 4346 2910 4396 ἐκ
2955 4342 3048 4396 τοῦ
3096 4343 3419 4413 πράγματος
3449 4341 3629 4411 ἄχθος,
3666 4340 3758 4393 καὶ

508 4437 657 4494 aliud
690 4440 743 4493 in
776 4439 960 4492 animo
988 4438 1207 4505 habere,
1240 4453 1404 4508 quam
1441 4447 1500 4489 ut
1533 4437 1782 4505 corporis
1810 4435 2077 4489 duntaxat

2182 4437 2280 4505 τῆς
2311 4435 2573 4507 συνήθους
2604 4435 2697 4488 καὶ
2726 4434 3093 4504 τετριμμένης
3125 4433 3411 4495 εὐλαϐείας
3445 4431 3592 4501 αὐτῷ
3625 4447 3760 4500 καρ-

505 4533 744 4601 quietem
786 4531 867 4586 eis
897 4531 1220 4586 conciliaret
1259 4547 1273 4585 :
1322 4529 1520 4598 pedum
1549 4527 1692 4581 enim
1729 4528 1937 4581 ablutio
1973 4527 2077 4581 ali-

507 4625 830 4695 quantulum
861 4624 1074 4679 relaxat
1110 4633 1164 4678 et
1192 4621 1418 4677 resolvit
1455 4619 1858 4674 distensionem
1897 4633 1962 4673 ex
1997 4619 2081 4672 in-

507 4732 667 4770 cessu
710 4723 908 4770 ortam.
951 4714 1190 4783 Ideoque
1232 4714 1508 4767 ferventer
1549 4710 1844 4764 admodum
1888 4708 2078 4779 prohi-

508 4811 703 4877 bebat,
746 4809 982 4879 dicens:
1037 4825 1055 4859 ι
1091 4806 1348 4869 Domine,
1375 4812 1432 4858 tu
1465 4803 1597 4857 mihi
1629 4803 1780 4856 latas
1815 4801 2020 4870 pedes?
2053 4820 2071 4853 ι

513 4897 737 4954 Deceret
776 4900 945 4961 enim,
1000 4896 1213 4967 inquit,
1257 4895 1479 4950 deceret
1520 4908 1622 4949 nos
1656 4904 1852 4948 natura
1885 4909 2077 4949 servos

510 4991 561 5043 id
593 4990 800 5054 facere,
838 5004 947 5043 non
989 4996 1041 5041 te
1070 4985 1450 5040 universorum
1489 4982 1804 5038 Dominum.
1838 4982 1943 5038 Sed
1977 4998 2077 5037 ex-

506 5081 864 5153 plicationem
906 5079 983 5133 rei
1029 5075 1283 5132 Christus
1320 5075 1542 5145 quidem
1575 5074 1754 5128 dill'ert
1793 5075 1846 5128 in
1873 5090 2076 5144 oppor-

506 5183 701 5226 tunum
733 5181 967 5239 tempus,
1002 5168 1246 5236 adeoque
1271 5180 1379 5220 non
1407 5165 1528 5221 sine
1552 5166 1873 5235 gravissima
1908 5181 2074 5219 causa

508 5264 712 5317 factum
738 5262 791 5316 id
823 5263 892 5315 ali
928 5274 994 5313 eo
1027 5258 1266 5328 posthaec
1298 5257 1542 5326 agnitum
1581 5257 1648 5311 iri
1678 5257 1785 5323 ait,
1825 5273 1950 5310 cum
1990 5258 2076 5311 ni-

510 5356 706 5406 mirum
742 5366 860 5406 eam
899 5365 1012 5404 rem
1048 5349 1266 5419 planius
1294 5358 1551 5417 exponet.
1591 5349 1758 5402 Porro
1802 5364 1910 5403 non
1959 5364 2073 5403 me-

507 5444 753 5496 diocrem
785 5440 1077 5494 utilitatem
1103 5441 1305 5495 istliinc
1329 5441 1493 5494 etiam
1528 5455 1629 5495 nos
1657 5456 1763 5494 una
1797 5455 1920 5495 cum
1950 5441 2073 5498 aliis

2184 4527 2283 4580 πὸν
2323 4530 2554 4580 ποιεῖται
2602 4526 2699 4597 τὴν
2730 4526 3091 4599 παραίτησιν,
3140 4525 3317 4587 συνείς
3366 4523 3421 4576 δὲ
3462 4521 3615 4576 οὔπω
3659 4522 3758 4589 τὴν

2175 4618 2352 4672 αἰτίαν
2384 4618 2475 4670 τοῦ
2508 4617 2850 4688 πράγματος,
2895 4617 3062 4670 οἴεταί
3109 4634 3161 4669 τι
3211 4616 3341 4686 δρᾷν
3374 4614 3494 4683 εἰκῆ
3524 4613 3614 4666 τὸν
3645 4612 3757 4664 Κύ-

2177 4727 2309 4777 ριον,
2355 4711 2450 4764 καὶ
2483 4709 2642 4780 ψιλὴν
2680 4710 2863 4772 αὐτοῖς
2900 4707 2994 4761 τοῦ
3044 4708 3290 4777 σώματος
3340 4707 3623 4774 ἐπινοῆσαι
3654 4706 3754 4773 τὴν

2173 4803 2475 4855 ἀνάπαυσιν
2495 4819 2509 4832 ⁸
2544 4800 2605 4854 τὸ
2632 4801 2740 4873 γάρ
2784 4799 3133 4863 ἁπονίζεσθαι
3164 4799 3289 4861 τοὺς
3322 4796 3487 4859 πόδας
3513 4794 3756 4848 συντελεῖ
3786 4862 3794 4870 ι

2176 4911 2295 4958 πως
2343 4897 2423 4957 εἰς
2475 4893 2652 4960 τοῦτο,
2703 4892 2799 4947 καὶ
2851 4892 3088 4964 μετρίως
3133 4888 3380 4959 άποχαλᾷ
3413 4887 3511 4957 τὴν
3544 4888 3609 4939 ἐκ
3655 4885 3751 4938 τοῦ

2178 4982 2501 5054 βαδίσματος
2529 4984 2683 5037 τάσιν
2719 4984 2814 5053 (1).
2853 4981 2951 5035 Διὰ
2974 4979 3132 5033 τοῦτο
3163 4978 3256 5032 καὶ
3289 4975 3492 5046 σφόδρα
3533 4974 3753 5045 θερμῶς

2175 5074 2409 5144 ἐνείργει
2456 5074 2663 5139 λέγων·
2704 5091 2724 5124 ι
2760 5072 2950 5143 Κύριε,
2981 5069 3044 5123 σύ
3103 5086 3203 5141 μου
3254 5067 3460 5129 νίπτεις
3492 5066 3618 5128 τοὺς
3658 5065 3753 5117 πό-

2174 5166 2269 5227 δας
2295 5182 2309 5230 ;
2350 5186 2368 5217 ›
2399 5166 2547 5218 Ἔδει
2575 5164 2704 5235 γάρ,
2733 5164 2858 5228 ἔδει,
2891 5163 3044 5234 φησι,
3076 5162 3201 5225 τοὺς
3249 5159 3389 5214 κατὰ
3427 5158 3586 5228 φύσιν
3615 5156 3755 5208 οἰκέ-

2174 5273 2273 5318 τας
2302 5256 2458 5308 τοῦτο
2485 5255 2745 5325 πράττειν
2770 5255 2937 5325 ἡμᾶς,
2967 5252 3087 5324 οὐχὶ
3131 5252 3191 5305 σὲ
3229 5251 3320 5305 τὸν
3349 5251 3602 5304 ἁπάντων
3636 5248 3753 5300 Κύ-

2182 5367 2313 5420 ριον.
2361 5350 2499 5402 Ἀλλ’
2528 5348 2872 5419 ὑπερτίθεται
2912 5345 3007 5415 μὲν
3049 5344 3141 5396 τοῦ
3180 5342 3504 5414 πράγματος
3539 5340 3637 5409 τὴν
3668 5336 3754 5401 ἐξ-

2180 5444 2376 5512 ήγησιν
2414 5445 2490 5506 εἰς
2529 5441 2721 5514 καιρὸν
2746 5442 2773 5494 6
2809 5437 3058 5511 Χριστὸς,
3106 5438 3188 5489 ὅτι
3225 5453 3287 5505 γε
3318 5435 3425 5505 μὴν
3458 5432 3750 5498 ἀξιολογω-

577 5641 653 5703 (ι)
691 5637 907 5694 Editum
934 5649 1050 5696 erat
1078 5639 1286 5708 στάσιν,
1312 5649 1365 5696 et
1396 5639 1684 5710 interpres,
1730 5637 1927 5694 Pedum
1965 5638 2100 5693 enim
2143 5640 2340 5697 ablatio
2384 5644 2437 5696 in
2472 5642 2566 5695 hoc
2600 5640 2865 5706 conducit,
2893 5650 2941 5694 et
2969 5639 3122 5694 lassis
3150 5637 3213 5691 de
3250 5637 3331 5690 ria
3387 5633 3607 5703 quietem
3655 5645 3747 5684 ar-

509 5716 686 5767 cessit.
719 5711 869 5765 Eutr.
