4010 6320
257 305 356 361 (17

1317 317 1384 375 ΙΝ
1423 319 1712 380 JOANNIS
1751 324 2204 386 EVANGELIUM
2249 329 2374 385 LIB.
2418 329 2507 388 IX.

3418 335 3518 390 H8

247 425 410 519 τέραν
447 426 563 498 ἔχοι
606 429 705 502 τὴν
746 433 944 497 αἰτίαν.
979 436 1041 490 τὸ
1072 439 1204 508 παρ’
1241 438 1407 493 αὐτοῦ
1437 442 1660 511 γεγονὸς
1708 460 1822 496 συν-

1937 457 2296 517 pereepturos
2339 449 2434 503 ait.
2486 446 2620 503 Vide
2655 449 2799 503 enim
2830 464 2939 519 quo
2966 456 3125 519 pacto
3167 457 3409 516 tempore
3448 451 3515 501 ad

248 515 396 584 ήσειν
427 519 562 587 φησί
614 521 754 590 μετά
792 523 986 588 ταῦτα,
1033 529 1163 582 ὅταν
1206 529 1447 601 δηλονότι
1486 533 1832 606 πλατυτέραν

250 607 375 678 περὶ
403 610 572 663 αὑτοῦ
604 616 837 669 ποιεῖται
881 617 979 689 τὴν
1016 618 1296 692 ἐξήγησιν.
1338 623 1549 694 Ὀνήσει
1601 625 1658 679 δὲ
1711 625 1832 680 λίαν

249 698 341 787 καὶ
373 698 536 754 τοῦτο
583 703 746 757 πάλιν
782 707 929 777 ἡμᾶς
957 710 1096 778 μετά
1138 712 1246 765 τῶν
1288 713 1463 767 ἄλλων
1497 715 1558 768 οὐ
1593 716 1826 787 μικρῶς.

247 785 354 839 Θέα
388 788 498 859 γάρ
523 793 672 857 ὅπως
728 797 920 868 καιροῦ
974 800 1256 866 καλοῦντος
1308 805 1389 868 εἰς
1439 785 1619 877 ἔργον,
1657 785 1829 878 ὑπερ-

247 877 444 934 τίθεται
479 885 568 936 τὺν
594 886 770 956 λόγον,
808 891 998 962 καιροῦ
1041 893 1085 946 δ’
1113 891 1179 948 αὖ
1212 884 1374 950 πάλιν
1407 898 1716 966 ἐπείγοντος
1748 877 1827 962 εἰς

247 969 397 1039 λόγον
445 976 733 1033 ἀναδύεται
767 984 826 1034 τὸ
871 983 1020 1054 δρᾷν.
1053 986 1234 1040 Πάντα
1281 988 1390 1058 γὰρ
1431 993 1643 1060 καιροῖς
1691 989 1824 1042 ἀπο-

1929 555 2070 609 opus
2096 553 2331 598 vocante
2361 557 2672 597 sermonem
2701 541 2941 608 diﬂ‘erat,
2971 550 3026 596 et
3052 558 3248 596 rursus
3275 551 3518 610 tempore

1930 631 1994 684 ad
2030 647 2339 688 sermonem
2377 633 2665 690 incitante.
2690 635 2757 687 ab
2787 633 3002 703 agendo
3027 633 3280 687 desistat.
3306 631 3514 686 Cuncta

1927 721 2074 776 enim
2123 723 2468 792 temporibus
2497 724 2760 793 congruis
2793 725 3090 778 tribuebat.
3142 722 3304 776 Petro
3353 721 3510 792 igitur

1927 824 2192 868 renuente
2216 822 2270 868 et
2301 825 2490 885 aperte
2521 815 2942 886 ncgaute‘pedes
2965 816 3066 869 sibi
3092 815 3160 869 ab
3180 831 3246 869 eo
3269 815 3513 868 ablutum

1929 903 1997 958 iri
2045 905 2101 958 in
2146 914 2449 971 azternum,
2492 907 2752 962 damnum
2799 909 2926 964 hinc
2976 911 3220 962 futurum
3257 905 3504 961 Senator

1931 995 2200 1064 explicat.
2243 996 2432 1053 dicens
2463 1016 2475 1052 :

245 1065 421 1135 νέμων
486 1075 600 1135 τοῖς
643 1075 845 1129 ἐοικόσι
890 1080 981 1131 καὶ
1028 1080 1323 1150 πρέπουσιν
1364 1079 1451 1153 ἦν.
1491 1083 1865 1148 ’Λνανεύοντος
1901 1089 2078 1140 τοίνυν
2101 1089 2194 1142 τοῦ
2245 1091 2472 1162 Πέτρου,
2539 1091 2630 1146 καὶ
2673 1092 3083 1162 ἀποφάσκοντος
3123 1095 3390 1163 ἐναργῶς,
3412 1087 3511 1139 οὒκ

244 1159 308 1212 ἂν
337 1161 506 1216 αὑτοῦ
536 1165 683 1235 νίψαι
717 1169 844 1232 τοὺς
874 1170 1041 1236 πόδας
1077 1175 1156 1238 εἰς
1192 1175 1283 1229 τὸν
1344 1176 1538 1242 αίῶνα,
1588 1177 1686 1247 τὴν
1724 1177 1992 1248 ἐσομένην
2041 1182 2244 1244 ζηαίαν
2295 1183 2544 1237 ἐντεῦθεν
2591 1186 2826 1256 φανερὰν
2882 1186 2910 1237 ὁ
2963 1183 3148 1254 Σωτὴρ
3219 1183 3508 1249 καθίστησι

242 1251 413 1320 λέγων
431 1272 444 1286 ·

322 1346 461 1400 Ἐὰν
490 1347 578 1418 μὴ
614 1351 773 1420 νίψω
804 1369 898 1422 σε,
928 1357 1040 1411 οὐκ
1087 1357 1247 1428 ἔχεις
1280 1358 1464 1429 μέρος
1494 1361 1623 1430 μετ’
1659 1360 1829 1430 ἐμοῦ.

308 1521 476 1576 Ὅσον
514 1525 615 1595 μὲν
645 1522 739 1584 οῦν
782 1524 916 1602 ἧκεν
959 1534 1038 1596 εἰς
1075 1533 1167 1587 τὸν
1198 1536 1416 1609 ἐμφανῆ
1457 1539 1554 1592 καὶ
1604 1541 1829 1612 πρόχειο

243 1631 333 1684 ρον
387 1614 484 1670 τοῦ
548 1622 914 1690 προκειμένου
969 1627 1190 1691 σκοπὸν,
1224 1628 1284 1680 Εἰ
1340 1629 1415 1700 μὴ
1474 1632 1818 1698 καταδέξαιο,

240 1707 394 1776 φησί,
419 1707 483 1761 τὸ
508 1707 655 1773 ξένον
685 1711 844 1767 τοῦτο
872 1720 965 1767 καί
1003 1716 1170 1787 ἄηθες
1196 1718 1296 1788 τῆς
1323 1725 1823 1796 ταπεινοφροσύνης

242 1797 494 1868 μάθημα,
519 1800 708 1872 μερίδα
736 1805 827 1858 καί
863 1805 1063 1878 κλῆρον
1095 1810 1194 1862 οὐκ
1217 1809 1282 1863 ἂν
1314 1810 1495 1883 εῦροις
1523 1815 1638 1884 μετ’
1661 1817 1819 1886 ἐμοῦ.

2001 1361 2160 1432 723
2194 1361 2333 1428 XIII,
2363 1363 2417 1418 8.
2450 1362 2508 1416 Si
2534 1380 2634 1414 non
2663 1367 2838 1415 lavero
2875 1371 2944 1424 te,
3003 1378 3106 1414 non
3148 1361 3360 1416 habebis
3381 1381 3507 1432 par—

1930 1463 2032 1506 ICHI
2059 1471 2259 1508 mecum
2272 1491 2286 1506 ο

1998 1543 2154 1609 Quod
2191 1545 2256 1598 ad
2297 1545 2404 1598 loci
2443 1544 2610 1614 hujus
2635 1543 2991 1598 manifestum
3027 1551 3080 1598 et
3103 1544 3324 1598 obvium
3380 1561 3504 1598 sco-

1926 1649 2057 1704 pum
2088 1637 2309 1710 attinet,
2348 1637 2462 1691 Nisi
2490 1637 2809 1691 inusitatam
2841 1635 2984 1690 hanc
3007 1645 3061 1690 et
3092 1637 3366 1690 insolitam
3403 1637 3504 1690 hu-

1923 1725 2209 1778 militatem
2247 1726 2534 1790 didiceris,
2563 1727 2762 1796 inquit,
2801 1735 3010 1796 partem
3048 1736 3102 1781 et
3139 1737 3342 1780 sortem
3394 1743 3501 1780 non

1922 1813 2181 1870 invenies
2211 1832 2448 1870 mecmn.
2487 1816 2592 1871 Sed
2631 1833 2755 1871 cum
2793 1832 2936 1886 szepe
2997 1815 3259 1871 Domit-us
3319 1828 3504 1870 noster

251 1889 469 2008 ’Efsto'h
500 1891 556 1945 δὲ
587 1893 846 1958 πολλάκις
884 1899 912 1950 ὁ
943 1899 1144 1970 Κύριος
1175 1903 1332 1972 ἡμῶν
1370 1905 1576 1974 Ἰησοῦς
1615 1909 1643 1961 ὁ
1687 1909 1821 1980 Χριο

1928 1903 2086 1962 Iesus
2125 1907 2385 1963 Christus
2422 1908 2665 1976 sumptis
2697 1908 2913 1961 levibus
2976 1909 3141 1960 etiam
3209 1907 3500 1962 verborum

240 1981 378 2044 στὸς,
419 1983 512 2036 καί
544 1984 746 2055 μικρὰς
787 1987 894 2040 τῶν
933 1988 1105 2058 λόγων
1143 1991 1324 2046 λαϐὼν
1363 1996 1638 2067 ἀφορμὰς,
1671 2015 1819 2066 γενι-

239 2072 339 2143 κήν
377 2077 610 2128 ποιεῖται
640 2077 740 2140 τὴν
780 2079 1058 2150 ἐξήγησιν,
1106 2085 1199 2137 καὶ
1242 2087 1322 2150 εἰς
1357 2086 1556 2152 πλάτος
1582 2090 1816 2154 ἐξέλκων

238 2171 302 2224 τὰ
338 2171 424 2240 ἐφ’
459 2172 578 2238 sva;
625 2174 969 2246 πράγματος,
1018 2179 1183 2249 ήγουν
1228 2180 1308 2244 εἴς
1351 2201 1405 2235 τι
1454 2183 1618 2256 μέρος
1672 2187 1818 2252 ἰδίως

239 2263 538 2334 εἰρημένα,
587 2267 846 2321 πλουσίαν
903 2272 1012 2332 τοῖς
1065 2271 1359 2341 ὁρωμένοις
1421 2275 1664 2345 εἰσφέρει
1717 2277 1817 2348 τήν

238 2355 443 2426 ὄνησιν,
475 2358 770 2429 οἰησόμεθα
801 2377 919 2424 πως
971 2362 1074 2417 κάν
1099 2362 1276 2436 τούτῳ
1317 2364 1494 2434 λέγειν
1531 2367 1713 2431 αὐτὸν,
1742 2369 1818 2433 ὡς

239 2448 284 2500 εἰ
311 2449 386 2518 μή
418 2465 504 2511 τις
547 2449 867 2519 ἀπονίψαιτο
909 2451 997 2505 διὰ
1041 2453 1134 2524 τῆς
1171 2453 1333 2507 αὑτοῦ
1361 2459 1578 2526 χάριτος
1612 2458 1702 2509 τὸν
1753 2459 1819 2511 ἐκ

237 2537 332 2606 τῆς
363 2538 640 2608 ἁμαρτίας
677 2540 772 2592 καὶ
801 2540 895 2593 τοῦ
931 2541 1270 2612 πλημμελεῖν
1313 2545 1607 2615 μολυσμὸν,
1652 2547 1817 2618 ἀμέτ-

237 2646 358 2698 οχος
387 2629 544 2683 ἔσται
575 2631 672 2700 τῆς
711 2634 839 2703 παρ’
874 2633 1038 2687 αὑτοῦ
1067 2634 1228 2705 ζωῆς,
1255 2638 1350 2690 καὶ
1375 2639 1472 2708 τῆς
1510 2638 1616 2690 τῶν
1656 2641 1820 2710 οὐρα-

238 2721 342 2774 νῶν
381 2721 656 2791 βασιλείας
684 2723 946 2792 ἄγευστος
979 2726 1262 2796 ἀπομενεῖ.
1307 2729 1381 2782 Οὐ
1407 2731 1515 2802 γὰρ
1541 2733 1650 2793 τοῖς
1684 2733 1821 2784 ἀκα-

239 2813 454 2887 θάρτοις
477 2816 558 2877 εἰς
585 2815 682 2879 τάς
722 2817 836 2871 ἄνω
882 2817 1049 2888 μονάς
1079 2819 1302 2874 εἰσιέναι
1333 2820 1512 2892 θέμις,
1546 2823 1682 2876 ἀλλὰ
1709 2828 1820 2889 τοῖς

238 2906 324 2960 διὰ
343 2909 442 2978 τῆς
471 2910 550 2972 εἰς
583 2911 818 2982 Χριστὸν
849 2911 1068 2982 ἀγάπης
1101 2913 1340 2983 καθαρὸν
1383 2914 1564 2984 έχουσι
1604 2916 1664 2969 τδ
1698 2934 1822 2972 συν-

239 3001 393 3067 ειδὸς,
434 3005 529 3057 καὶ
556 3005 909 3076 ἡγιασμένοις
959 3007 1015 3059 ἐν
1065 3006 1340 3078 Πνεῦματι
1392 3008 1480 3062 διὰ
1521 3009 1612 3062 τοῦ
1663 3010 1820 3079 ἁγίου

240 3092 633 3165 βαπτίσματος.

307 3185 478 3255 Λέγει
523 3186 684 3252 αὐτῷ
726 3188 922 3256 Σίμων
974 3189 1225 3258 Πέτροςο
1269 3191 1477 3260 Κύριε,
1534 3192 1622 3262 μὴ
1679 3193 1820 3259 τοὺς

1921 2001 2316 2055 occasionibus
2369 2003 2682 2071 generalem
2749 2002 3148 2071 expositionem
3199 1999 3388 2063 faciat,
3449 2009 3502 2054 et

1919 2106 2042 2162 quae
2076 2091 2144 2146 de
2182 2110 2287 2146 una
2339 2110 2398 2148 re
2460 2103 2553 2148 aut
2623 2102 2775 2164 parte
2825 2109 2929 2146 una
2970 2093 3323 2162 peculiariter
3353 2093 3500 2146 dicta

1918 2191 2050 2236 sunt
2083 2185 2248 2237 latius
2278 2186 2604 2245 extendens.
2641 2186 2981 2238 abundantia
3029 2186 3147 2237 utili
3183 2185 3500 2252 locupletet,

1918 2272 2095 2341 ipsum
2133 2277 2298 2328 etiam
2333 2278 2420 2330 hie
2451 2277 2638 2330 dicere
2667 2277 2984 2346 putabimus
3018 2275 3186 2344 quod,
3220 2276 3327 2330 nisi
3373 2275 3500 2344 quis

1920 2380 2017 2434 per
2037 2367 2157 2434 ejus
2192 2369 2424 2437 gratiam
2455 2369 2648 2421 sordes
2687 2383 2750 2423 ex
2791 2377 3017 2437 peccato
3044 2375 3361 2422 contractas
3406 2367 3501 2420 ab-

1919 2457 2104 2522 Inerit,
2149 2460 2428 2529 particeps
2487 2460 2708 2515 futurus
2753 2476 2860 2514 non
2903 2466 2976 2516 sit
3011 2461 3135 2512 vita:
3169 2473 3290 2527 qua:
3328 2458 3397 2511 ab
3434 2473 3502 2510 eo

1922 2557 2127 2612 manat,
2170 2558 2224 2603 et
2259 2551 2410 2621 regni
2447 2552 2712 2604 caelorum
2765 2567 2961 2620 expers
3019 2565 3334 2604 rnansurns.
3389 2546 3502 2602 Nec

1919 2643 2066 2695 enim
2100 2642 2181 2697 fas
2222 2655 2306 2697 est
2350 2644 2582 2713 impuris
2628 2647 2685 2698 in
2723 2659 2997 2713 supernas
3052 2643 3367 2697 mansiones
3416 2643 3502 2695 in-

1919 2731 2096 2802 gredi,
2123 2733 2220 2788 sed
2253 2735 2346 2804 qui
2381 2751 2477 2804 per
2506 2733 2864 2788 dilectionem
2896 2736 2948 2788 in
2987 2734 3264 2788 Christum
3309 2749 3498 2802 puram

1923 2823 2130 2877 habent
2161 2825 2588 2891 conscientiam,
2618 2833 2671 2880 et
2703 2825 3035 2880 sanctilicati
3065 2836 3192 2879 sunt
3215 2825 3266 2877 in
3291 2823 3497 2894 Spiritu

1920 2931 2018 2986 per
2045 2920 2304 2971 sanetum
2347 2917 2642 2987 baptisma.

2005 3183 2143 3250 XIII,
2175 3183 2229 3239 9.
2254 3184 2391 3238 Dicit
2419 3185 2466 3238 ei
2491 3182 2676 3239 Simon
2713 3182 2903 3238 Petrus
2929 3197 2946 3235 :
2981 3181 3218 3241 Domine,
3247 3198 3347 3235 non
3379 3190 3500 3232 tan-

238 3279 426 3345 πόδας
450 3297 571 3348 μου
595 3281 806 3350 μόνον,
838 3281 1000 3337 ἀλλὰ
1041 3282 1138 3336 καί
1167 3283 1274 3350 τὰς
1310 3284 1534 3352 χεῷας,
1561 3285 1659 3340 καί
1707 3286 1822 3355 τὴν

1928 3287 2033 3332 tum
2061 3279 2214 3347 pedes
2246 3294 2408 3345 meos,
2437 3276 2530 3331 sed
2558 3287 2608 3330 et
2639 3293 2826 3329 atauus
2856 3287 2904 3330 et
2942 3282 3120 3343 caput.

239 3368 532 3438 κεφαὶήν.

319 3459 377 3514 '0
407 3461 678 3531 τοσαύτην
714 3465 846 3533 ἡμῖν
879 3463 1080 3534 ἀρτίως
1115 3464 1384 3532 ἐπιδείξας
1410 3467 1508 3538 τὴν
1548 3467 1816 3536 ἔνστασιν,

240 3552 332 3605 καὶ
383 3553 704 3624 ἀπαυδήσας
744 3554 985 3626 ἐναργῶς
1023 3557 1136 3609 τοῖν
1180 3557 1361 3611 ποδοῖν
1401 3559 1501 3631 τὴν
1543 3561 1818 3630 ἀπόνιψιν,

239 3643 334 3714 οὐχ
387 3644 539 3707 ὅπως
590 3644 788 3706 αὐτοὺς
843 3645 1178 3716 παρατίθησι
1261 3648 1476 3717 μόνους,
1531 3650 1665 3704 ἀλλά
1726 3653 1821 3706 καὶ

240 3734 424 3803 χεῖρας
467 3733 560 3787 καί
607 3735 868 3805 κεςαλήν.
910 3737 972 3790 Εἰ
1017 3736 1126 3808 γὰρ
1175 3739 1444 3811 μέλλοιμι,
1484 3744 1637 3812 φησί,
1679 3744 1820 3798 ἀπο-

240 3824 521 3878 πεσεῖσθαι
569 3825 658 3880 διὰ
708 3826 898 3880 τούτου
947 3829 1047 3897 τῆς
1086 3829 1222 3901 πρὸς
1267 3832 1325 3884 σὲ
1380 3833 1682 3901 κοινωνίας,
1729 3837 1822 3889 καὶ

243 3917 456 3987 μακράν
487 3934 589 3970 που
628 3918 842 3987 κεῖσθαι
887 3919 994 3973 τῶν
1029 3921 1086 3973 ὲν
1129 3923 1340 3976 ἐλπίσιν
1384 3926 1624 3992 ἀγαθῶν,
1658 3929 1706 3980 εἰ
1744 3929 1818 3998 μή

241 4024 320 4060 σοι
365 4009 459 4060 xui.
500 4007 660 4062 τοῦτο
691 4011 824 4082 δρᾷν
869 4011 1104 4065 ἐθέλοντι
1139 4015 1232 4066 καὶ
1278 4016 1621 4087 προελομένῳ
1650 4036 1821 4072 κατα-

238 4097 510 4168 νεῦσαιμι,
536 4101 631 4152 καὶ
667 4100 992 4171 ἀπονίψαιμι
1015 4103 1142 4165 τοὺς
1176 4104 1360 4168 πόδας,
1399 4107 1700 4177 παραθήσω
1726 4109 1821 4161 καὶ

237 4190 304 4242 τὰ
331 4190 515 4255 λοιπὰ,
568 4189 664 4261 τὴν
710 4191 852 4244 οὕτω
898 4192 1337 4265 φρικωδεστάτην
1371 4196 1575 4265 ζημίαν
1619 4216 1820 4269 παραιιι

237 4281 515 4352 τοῦμενος.
555 4283 852 4348 Εὑλαϐεἰας
875 4281 968 4338 οῦν
991 4279 1060 4356 ἦν
1096 4285 1204 4356 ἀρα
1237 4287 1444 4356 καρπὸς
1477 4289 1510 4358 ή
1540 4290 1598 4341 ἐν
1627 4291 1823 4360 ἀρχαῖς

243 4374 600 4444 παραίτησις,
643 4377 738 4429 καὶ
776 4374 836 4428 τὸ
879 4372 1142 4446 δυσαχθὲς
1173 4376 1404 4441 δεδιότος
1429 4379 1523 4432 τοῦ
1567 4381 1822 4450 πράγμα-

237 4482 346 4530 τος,
378 4467 500 4536 οῦχὶ
527 4466 590 4536 δὴ
617 4467 831 4530 πάντως
871 4469 1321 4537 ἀντιπράττοντος
1345 4473 1454 4533 τοῖς
1472 4473 1821 4536 Δεσποτικοῖς

237 4556 621 4626 ἐπιτάγμασιν.
673 4558 899 4611 Ἐννοῶν
939 4577 998 4611 τε
1028 4559 1156 4629 γὰρ,
1199 4561 1275 4623 ὡς
1313 4561 1468 4631 ἔφην.
1502 4564 1599 4632 τήν
1639 4581 1695 4615 τε
1725 4563 1820 4616 τοῦ

1991 3460 2098 3526 Qui
2138 3463 2302 3514 modo
2337 3469 2625 3529 tantopere
2656 3459 2878 3521 restitit,
2912 3465 2966 3514 et
3003 3457 3168 3527 pedes
3195 3455 3295 3509 sibi
3331 3455 3501 3508 lavari

1921 3561 2113 3622 aperte
2154 3552 2370 3618 renuit,
2408 3569 2516 3605 non
2560 3560 2769 3604 tantum
2806 3566 2901 3606 eos
2936 3550 3081 3602 ultro
3140 3547 3366 3617 profert,
3405 3545 3501 3600 sed

1922 3649 1976 3695 et
2006 3657 2206 3696 manus
2237 3650 2291 3696 et
2325 3649 2514 3710 caput.
2546 3640 2678 3694 Nam
2711 3642 2756 3696 si
2793 3657 2823 3694 a
2852 3649 2948 3694 tuo
2978 3639 3262 3693 consortio
3296 3637 3503 3692 ideirco

1925 3736 2300 3790 removendus
2341 3749 2488 3800 sum,
2533 3734 2731 3803 inquit,
2773 3743 2825 3787 et
2882 3749 2911 3787 a
2945 3733 3104 3788 bonis
3139 3749 3260 3802 qua:
3320 3735 3500 3801 posita

1923 3834 2056 3884 Sunt
2097 3828 2151 3882 in
2191 3842 2288 3897 spe
2325 3825 2730 3886 exeludendus.
2771 3827 2874 3880 nisi
2911 3826 3006 3878 tibi
3049 3826 3152 3878 hoc
3213 3840 3376 3894 agere
3407 3841 3501 3878 vo-

1925 3919 2056 3974 lenti
2091 3919 2470 3988 statuentique
2501 3933 2774 3986 annuero,
2797 3927 2850 3972 et
2879 3918 3044 3988 pedes
3065 3917 3309 3981 abluero,
3339 3916 3498 3971 exhi-

1923 4013 2066 4069 bebo
2099 4014 2264 4068 etiam
2299 4013 2533 4082 reliqua,
2572 4012 2768 4067 nolens
2816 4011 3066 4066 terribile
3106 4011 3208 4064 hoc
3236 4011 3500 4064 damnum

1925 4105 2230 4158 incurrere.
2290 4102 2617 4157 Reverentia
2681 4101 2848 4171 igitur
2894 4115 2959 4155 ac
3025 4107 3174 4153 metu
3228 4100 3504 4170 principio

1924 4194 2239 4256 recusabat,
2276 4194 2603 4264 gravitatem
2658 4193 2736 4247 rei
2772 4194 3192 4262 pertimescens.
3247 4175 3354 4246 non
3393 4194 3502 4247 uli-

1922 4300 2032 4356 que
2058 4285 2203 4354 quod
2239 4284 2452 4337 Domini
2501 4283 2777 4338 mandatis
2815 4284 3118 4337 resisteret.
3161 4282 3297 4337 Cum
3355 4283 3501 4338 enim

1925 4378 2069 4447 apud
2114 4393 2172 4432 se
2203 4383 2502 4446 reputaret,
2553 4375 2756 4445 inquit,
2804 4375 3113 4430 Servatoris
3155 4375 3499 4445 dignitatem,

1922 4470 1974 4518 et
2015 4471 2228 4518 natura:
2252 4479 2367 4518 sua:
2395 4463 2718 4526 utilitatem,
2753 4463 3026 4533 principio
3058 4463 3278 4533 quidem
3335 4480 3502 4534 nega-

1925 4555 2056 4608 bat:
2107 4555 2202 4609 sed
2238 4569 2363 4608 cum
2405 4554 2666 4608 damnum
2700 4555 2990 4609 imminere
3018 4554 3302 4610 didicisset
3331 4557 3383 4610 ni
3424 4556 3502 4609 fa-

239 4647 488 4717 Σωτῆρος
521 4647 698 4712 ἀξίαν,
731 4648 825 4700 καὶ
861 4647 961 4716 τῆς
1001 4647 1194 4701 ἑαυτοῦ
1234 4649 1446 4716 φύσεως
1494 4649 1554 4700 τὸ
1601 4667 1820 4719 σμικρο-

1928 4653 2097 4709 ceret,
2125 4645 2338 4699 Domini
2369 4645 2666 4700 confestim
2696 4646 3036 4715 obtemperat
3069 4647 3336 4700 voluntati
3394 4646 3496 4699 Iiie

241 4739 470 4806 πρεπές,
501 4741 720 4808 ἠρνεῖτο
750 4739 848 4809 μὲν
873 4740 930 4792 ἐν
959 4741 1183 4810 ἀρχαῖςο
1215 4739 1401 4809 μαθὼν
1429 4739 1485 4792 δέ
1509 4739 1568 4793 τὸ
1603 4739 1820 4811 βλάϐος,

240 4830 402 4894 εὐθὺς
445 4831 767 4901 μετατρέχει
808 4830 945 4899 πρὸς
998 4833 1058 4884 τὸ
1121 4829 1405 4899 βούλεσθαι
1456 4831 1516 4883 τὸ
1561 4831 1638 4902 τῷ
1688 4849 1824 4903 κρα-

243 4922 421 4975 τοῦντι
473 4923 684 4976 δοκοῦν.
747 4923 1026 4992 Ἐπιτήρει
1083 4922 1141 4976 δὲ
1188 4921 1369 4986 πάλιν,
1407 4922 1499 4974 καὶ
1546 4923 1699 4992 δέχου
1763 4923 1824 4975 τὸ

250 5014 628 5084 πεπραγμένον
660 5015 738 5076 εἰς
765 5012 1031 5084 ὠφελείας
1063 5012 1446 5084 ὑπογραμμόν.
1489 5012 1676 5065 Καίτοι
1715 5012 1824 5082 γὰρ

253 5103 508 5174 ςίρηκὼς·
551 5123 569 5157 ι
608 5105 681 5158 Οὐ
737 5105 811 5176 μὴ
861 5104 1020 5179 νίψῃς
1068 5123 1168 5176 μου
1213 5105 1339 5167 τοὺς
1390 5103 1555 5166 πόδας
1606 5104 1685 5166 εἰς
1732 5103 1826 5156 τὸν

257 5196 451 5260 ιίὦνα,
513 5214 532 5246 ι
579 5196 898 5266 μεθίσταται
949 5195 1286 5267 παραχρῆμα
1341 5194 1432 5246 τοῦ
1483 5195 1618 5265 πρὸς
1668 5193 1827 5248 τοῦτο

240 5290 530 5360 βλέποντος
581 5288 696 5352 νοῦ,
745 5290 845 5342 οὐκ
889 5290 1064 5342 ἐκεῖνο
1122 5287 1354 5358 μάλιστα
1413 5289 1691 5357 ἐννοήσας,
1741 5286 1826 5340 ὅτι

241 5381 508 5452 προσήκοι
531 5383 644 5444 τοῖς
680 5380 828 5443 ἰδίοις
865 5379 1027 5432 αὑτὸν
1070 5378 1378 5449 ἐμμένοντα
1423 5377 1598 5444 λόγοις
1649 5377 1823 5447 ἀληθῆ

238 5471 528 5539 φαίνεσθαι
567 5472 696 5541 παρ’
722 5473 874 5542 ἡμῖν,
918 5470 1032 5524 ἀλλ’
1070 5471 1151 5524 ὅτι
1196 5469 1416 5540 μείζονα
1447 5467 1540 5522 καί
1574 5469 1824 5538 χαλεπω-

237 5568 402 5634 τέραν
429 5562 657 5634 εὑρήσει
686 5560 910 5633 ζημίαν,
955 5562 1052 5633 τὴν
1092 5563 1156 5615 ἐκ
1178 5561 1272 5614 τοῦ
1307 5561 1542 5630 τηρῆσαι
1571 5559 1630 5612 τὸ
1667 5562 1820 5631 εἰρη-

243 5653 421 5723 μένον.
455 5653 919 5724 Παραφυλακτέον
947 5653 1232 5723 τοιγαροῦν
1257 5651 1318 5704 τὸ
1348 5649 1598 5722 πρωλῶς
1627 5667 1679 5703 τι
1727 5653 1820 5705 καὶ

239 5746 550 5817 προχείρως
603 5747 798 5811 εἰπεῖν,
843 5747 975 5816 μήτε
1007 5746 1103 5816 μὲν
1148 5744 1360 5816 ἀγρίοις
1402 5743 1703 5813 ἐπειγέσθω
1736 5761 1819 5810 τις

1924 4737 2302 4792 animadverte
2338 4753 2552 4799 rursus.
2582 4747 2632 4791 et
2671 4736 2878 4791 factum
2918 4738 3096 4807 ipsum
3152 4737 3204 4791 in
3249 4738 3504 4806 praescri-

1925 4839 2074 4900 ptum
2093 4837 2146 4883 et
2170 4830 2410 4898 regulam
2437 4830 2622 4884 utilem
2653 4845 2806 4899 cape.
2823 4829 3086 4896 Quamvis
3111 4830 3253 4882 enim
3275 4828 3498 4894 dixerit,

1929 4939 1948 4972 ι
1994 4919 2113 4974 Non
2151 4920 2361 4976 Iavabis
2389 4921 2522 4974 mihi
2553 4922 2720 4990 pedes
2746 4922 2798 4974 in
2825 4929 3114 4983 a-ternum,
3150 4939 3167 4969 ι
3207 4921 3499 4976 consilium

1925 5019 2106 5065 tamen
2146 5026 2211 5065 ac
2247 5022 2480 5066 mentem
2507 5013 2694 5067 statim
2733 5019 2942 5077 iiiulat,
2975 5028 3084 5065 non
3106 5011 3219 5078 jam
3252 5013 3500 5083 cogitans

1925 5103 2139 5157 ﬁrmum
2173 5113 2227 5158 et
2255 5111 2600 5159 constantem
2646 5103 2701 5157 in
2746 5103 2910 5157 dictis
2942 5101 3214 5156 manendo
3253 5120 3498 5159 veracem

1923 5194 2094 5249 videri
2130 5203 2400 5264 oportere,
2434 5195 2529 5248 sed
2569 5197 2833 5260 majorem
2872 5195 3295 5264 gravioremqne
3321 5195 3502 5266 jactu-

1925 5301 2039 5339 ram
2075 5285 2182 5340 sibi
2223 5285 2513 5340 irmninere
2544 5284 2707 5356 724
2739 5286 2784 5339 si
2827 5285 2992 5340 dictis
3027 5287 3260 5339 steterit.
3285 5286 3500 5342 Caven-

1922 5375 2051 5431 dum
2095 5376 2279 5446 itaque
2325 5394 2395 5433 ne
2428 5379 2556 5447 quid
2608 5393 2951 5447 prmpropere
2993 5394 3056 5432 ae
3098 5387 3300 5435 temere
3352 5381 3502 5434 dica-

1928 5485 2052 5524 mus
2080 5487 2092 5523 :
2124 5485 2302 5540 neque
2332 5487 2460 5525 vero
2493 5471 2618 5540 quis
2645 5470 2862 5524 acerbis
2896 5471 3123 5527 vocibus
3159 5472 3421 5534 incessat,
3453 5475 3500 5527 si

1927 5559 2057 5630 quid
2090 5577 2155 5615 ex
2189 5562 2413 5617 levitate
2443 5573 2498 5616 et
2556 5561 3025 5617 inconsiderantia
3081 5564 3344 5634 rejectum
3402 5566 3502 5618 sit-

1926 5653 2021 5707 sed
2057 5654 2101 5707 si
2137 5654 2268 5724 quid
2309 5655 2473 5708 alicui
2514 5654 2806 5718 exciderit,
2838 5670 2902 5709 ac
2965 5672 3088 5710 mox
3153 5671 3248 5725 per
3287 5655 3501 5711 inlicia-

1929 5743 2133 5798 tionem
2190 5745 2394 5800 bonum
2425 5745 2648 5818 aliquod
2703 5761 2766 5802 ac
2824 5747 2957 5802 utile
3013 5757 3069 5802 et
3127 5747 3496 5802 necessarium
