4010 6320
463 207 564 270 119

461 329 744 395 appareat,
780 340 847 380 ex
911 324 1016 378 hoc
1070 322 1193 378 loco
1249 323 1507 380 observet
1550 324 1712 395 longe
1769 333 2021 394 praestare

2135 323 2352 386 τόνοις..
2390 364 2402 374 .
2434 363 2448 376 .
2480 363 2492 375 .
2525 362 2536 376 .

460 417 608 486 quod
646 419 772 472 usui
827 417 900 472 sit
967 414 1144 470 facere
1205 415 1416 482 conari,
1472 431 1644 486 quam
1704 415 1880 486 loqui,
1941 422 2036 468 aut

459 508 666 564 frustra
707 508 1072 570 contendere,
1109 509 1264 576 quasi
1301 523 1424 562 eum
1481 508 1696 562 ratione
1747 507 2030 576 loquatur.

459 598 633 654 Nemo
668 601 869 669 quippe
905 613 1008 653 nou
1042 599 1410 666 praestabilius
1433 637 1447 661 ,
1481 599 1698 668 opinor,
1750 596 2030 660 fatebitur,

460 691 752 745 verborum
783 706 944 760 quam
972 705 1156 744 rerum
1195 691 1642 745 necessariarum
1681 689 1826 742 ferre
1856 689 2032 752 iaetu-

461 793 600 832 ram.
636 777 742 834 Sed
781 781 1026 848 procula
1060 780 1246 852 lingua
1273 789 1464 834 nostra
1498 779 1875 849 iur-amentum
1935 779 2028 842 sit,

457 869 528 924 ob
568 870 780 925 subitas
807 881 856 925 et
893 871 1312 926 inconsideratae
1350 872 1550 926 nzeutis
1588 885 1774 934 voces,
1819 879 1868 925 et
1911 886 2032 940 quae

457 963 605 1015 velut
637 977 699 1016 ex
737 964 1068 1018 necessitate
1094 963 1368 1018 interdum
1395 963 1652 1018 accidunt
1676 963 2027 1018 mutationes.

457 1051 710 1123 Magnum
745 1055 890 1108 enim
926 1064 1010 1108 est
1040 1070 1218 1124 Opera:
1248 1053 1482 1125 pretium
1519 1056 1760 1124 linguam
1793 1057 2029 1110 circum-

458 1155 704 1216 spectant
729 1146 952 1210 habere,
981 1163 1082 1200 nec
1116 1147 1172 1201 in
1207 1163 1268 1200 ea
1309 1163 1432 1216 qua:
1476 1147 1662 1203 minus
1693 1149 2030 1202 conveniunt

456 1237 856 1308 prolabentem.
899 1238 1005 1293 Sed
1040 1239 1170 1309 quia
1209 1255 1319 1294 rem
1357 1239 1585 1292 arduam
1651 1254 1776 1294 esse
1801 1254 2028 1308 prorsus

455 1328 576 1398 ipse
627 1345 845 1400 quoque
911 1331 1076 1386 nobis
1107 1329 1330 1386 divinus
1383 1345 1568 1387 sermo
1632 1331 2022 1385 demonstrat:

461 1437 479 1468 ι
514 1418 780 1489 Linguam
807 1420 952 1474 enim
981 1421 1168 1476 nullus
1202 1421 1487 1479 hominum
1518 1422 1744 1476 domare
1768 1430 1968 1492 potest,
2000 1439 2020 1473 ι

456 1519 514 1563 ιιι
548 1513 812 1582 scriptum
863 1521 946 1568 est
967 1513 1040 1576 ⁷⁵,
1080 1530 1390 1568 sermonem
1455 1515 1594 1568 citra
1642 1513 2022 1584 juramentum

454 1603 622 1658 ullum
655 1603 1022 1674 proferamus.
1057 1603 1214 1660 Tunc
1243 1607 1391 1660 enim
1420 1605 1465 1660 si
1499 1605 1628 1676 quid
1665 1605 2022 1675 pra'tergredi

1459 207 1516 264 S.
1558 205 1838 266 CYBJLLI
1877 202 2346 264 ALEXANDRINI
2376 207 2694 264 ARCHIEP.

3611 201 3720 258 120

2578 361 2592 374 .
2625 321 2686 375 τὸ
2718 323 2780 374 ὲκ
2805 319 3132 390 προπετείας
3158 314 3503 373 ἁποπτυσθὲν
3524 353 3538 378 ,
3578 312 3715 368 ἀλλά

2137 415 2238 470 sti-‘1
2283 432 2333 468 τι
2383 413 2635 482 λέγεσθαι
2683 412 2860 484 συμϐῇ
2911 412 3060 483 παρά
3114 427 3298 470 τινων,
3339 404 3459 462 εἷτὰ
3503 424 3557 460 τι
3607 407 3714 460 τῶν

2135 504 2357 573 ἀγαθῶν
2421 505 2516 559 καὶ
2580 507 3017 574 ἀναγκαιοτέρων
3073 503 3398 575 ἀφανίζηται
3472 501 3562 556 διὰ
3617 502 3711 570 τῆς

2135 599 2458 663 ἑνστάσεως,
2511 598 2818 666 ἐπαθρείτω
2864 598 2950 652 διὰ
3004 597 3112 651 τῶν
3157 595 3530 668 προκειμένων
3558 638 3572 660 ,
3633 597 3706 649 ὅτι

2135 688 2268 742 πολὺ
2293 689 2413 742 λίαν
2445 691 2500 742 ὲν
2529 689 2773 759 ἀμείνοσι
2810 690 2870 742 τὸ
2900 689 2974 760 μὴ
3017 689 3193 757 λέγειν
3229 689 3416 752 ἁπλῶς
3471 689 3566 742 καὶ
3600 689 3685 745 δια

2133 781 2398 834 τείνεσθαι
2432 781 2626 852 μάτην,
2660 783 2740 835 ὅτι
2764 781 3008 845 δεδωκὼς
3045 783 3128 853 εἰή
3155 781 3328 850 λόγον,
3358 782 3619 852 πράττειν
3659 779 3715 831 δὲ

2137 873 2336 943 μᾶλλον
2383 874 2697 943 ἐπείγεσθαι
2735 874 2796 928 τὸ
2825 873 3116 936 λυσιτελές.
3172 875 3431 946 Κρεῖττον
3473 875 3604 941 γὰρ,
3633 867 3713 924 οἶε-

2135 981 2253 1034 μαι,
2285 966 2392 1029 πᾶς
2432 982 2516 1028 τις
2561 966 2694 1034 ἐρεῖ,
2747 965 2805 1016 ὲν
2853 963 3033 1032 λόγοις
3081 965 3225 1033 ἡμᾶς
3261 963 3550 1034 ὑπομεῖναι
3575 979 3714 1032 γρα·

2133 1057 2320 1130 φὴν,ῆ
2372 1059 2718 1128 πραγμάτων
2769 1057 3082 1126 ἀναγκαίων
3127 1055 3328 1126 ζημίαν
3363 1055 3711 1124 ὑφίστασθαι.

2144 1149 2388 1202 Ἀπέστω
2421 1148 2474 1202 δὲ
2505 1149 2748 1218 γλώττης
2786 1149 2882 1218 τῆς
2915 1148 3190 1221 ἡμετέρας
3220 1149 3280 1202 τὸ
3321 1142 3550 1219 ὀμνύναι
3582 1166 3713 1200 παν-

2131 1239 2319 1304 τελῶς,
2353 1238 2438 1292 διὰ
2486 1240 2582 1302 τὰς
2634 1237 2957 1310 προχείρους
2999 1255 3056 1291 τε
3110 1237 3203 1291 καὶ
3235 1237 3293 1304 ἐξ
3336 1235 3559 1309 ἀκρίτου
3592 1235 3710 1288 δια-

2129 1331 2275 1394 νοίας
2311 1331 2514 1399 φωνὰς.
2561 1330 2655 1382 καὶ
2705 1331 2800 1392 τὰς
2851 1327 2958 1382 ἔσθ’
2995 1328 3082 1381 ὅτε
3118 1326 3519 1397 συμὸαινούσας
3546 1325 3621 1388 ὠς
3651 1324 3710 1388 ἐξ

2129 1423 2374 1490 ἀνάγκης
2402 1421 2721 1490 μεταϐολάς.
2758 1419 2942 1485 ’Ἄξιον
2969 1419 3066 1490 μὲν
3091 1419 3199 1490 γὰρ
3227 1419 3320 1472 καὶ
3350 1417 3708 1488 ἀξιοζήλωτον

2127 1515 2292 1576 ὅντως
2321 1515 2435 1584 ἐρεῖ
2461 1531 2544 1575 τις
2577 1513 2636 1564 τὸ
2667 1512 2909 1583 γλῶτταν
2940 1511 3082 1582 ἔχειν
3111 1513 3472 1582 ἐπιστήμονα,
3507 1512 3600 1563 καὶ
3630 1513 3708 1574 εἰς

2127 1607 2162 1661 ἆ
2189 1606 2262 1676 μὴ
2291 1607 2566 1677 προσῆκεν
2601 1605 2846 1674 ὀλιγάκις
2889 1603 3366 1657 διολισθαίνουσαν.
3405 1601 3624 1672 Ἐπειδὴ
3654 1601 3710 1655 δὲ

453 1703 672 1763 tempus
702 1697 1017 1766 contigerit.
1061 1697 1242 1752 minor
1275 1699 1380 1752 erit
1404 1699 1586 1766 culpa,
1618 1707 1672 1752 et
1705 1697 1887 1752 minus
1922 1695 2021 1750 erit

2129 1697 2186 1750 τὸ
2215 1698 2447 1768 πρᾶγμα
2475 1684 2980 1762 δυσκαταγώνιστον
3037 1695 3132 1748 καὶ
3167 1692 3326 1757 αὐτὸς
3357 1694 3487 1764 ἡμῖν
3515 1695 3542 1747 ὁ
3570 1693 3710 1756 θεῖος

455 1786 510 1839 in
553 1785 708 1855 lapstt
735 1786 1204 1854 reprehensionis,
1239 1786 1334 1842 scd
1373 1787 1552 1852 facile,
1589 1795 1647 1840 ut
1679 1801 1825 1850 reor,
1860 1801 1886 1838 a
1921 1785 2030 1840 Deo

454 1876 669 1931 veniam
711 1892 1139 1946 consequemur,
1175 1879 1247 1932 ob
1301 1878 1574 1932 levitatem
1628 1893 1751 1948 qua:
1809 1885 2028 1932 nostras

453 1967 814 2037 Cogitationes
847 1967 962 2022 fere
1011 1969 1326 2022 comitatur.
1372 1987 1390 2018 ε
1437 1966 1648 2023 Delicta
1689 1967 1834 2022 enim
1903 1966 2027 2037 quis

453 2061 747 2131 intelliget,
788 2079 806 2112 ›
843 2070 901 2114 ιιι
943 2060 1211 2128 scriptum
1243 2061 1410 2126 est",
1449 2069 1543 2114 aut
1602 2059 1876 2130 quomodo
1916 2075 2023 2114 non

451 2153 720 2206 ceciderit
756 2161 1008 2207 terrenus
1049 2151 1238 2216 homo,
1269 2167 1393 2206 cum
1443 2168 1624 2208 sermo
1685 2153 1738 2205 in
1795 2152 2018 2221 quidvis

453 2240 610 2296 facile
638 2245 932 2312 erumpat?
960 2242 1170 2314 Lingua
1193 2280 1206 2295 ι
1227 2243 1372 2298 enim
1408 2254 1599 2300 nostra
1661 2243 1802 2298 haud
1862 2243 2021 2297 facile

451 2335 694 2388 coerceri
733 2346 934 2398 potest.

2127 1785 2408 1858 παρέδειξε
2449 1785 2633 1854 λόγος·
2669 1807 2686 1837 ι
2725 1786 2834 1856 Τὴν
2868 1785 2972 1855 γὰρ
3012 1783 3256 1852 γλῶτταν
3286 1784 3459 1846 οὐδεὶς
3487 1783 3708 1837 δύναται

2126 1877 2424 1948 ἀνθρώπων
2481 1879 2744 1948 δαμάσαι,
2782 1899 2798 1930 ι
2840 1879 2982 1932 κατά
3041 1879 3101 1931 τὺ
3157 1876 3475 1948 εἰρημένον·
3528 1877 3706 1946 ὅρκων

2123 1971 2413 2040 ἐλευθέραν
2445 1972 2542 2040 τὴν
2567 1970 2677 2022 τῶν
2711 1971 2882 2037 λόγων
2927 1967 3208 2039 ποιώμεθα
3239 1968 3538 2040 προφορὰν.
3575 1968 3706 2020 Τότε

2121 2061 2228 2131 γὰρ
2279 2061 2333 2113 εἴ
2371 2077 2422 2112 τι
2483 2060 2576 2112 καὶ
2617 2059 2902 2130 παρελθεῖν
2941 2059 3248 2127 ἀναγκάσαι
3302 2060 3508 2129 καιρὸς,
3554 2060 3704 2129 μεῖον

2125 2151 2275 2206 ἔσται
2307 2152 2366 2203 τὸ
2398 2150 2776 2221 κατηγόρημα,
2810 2151 2902 2203 καὶ
2935 2150 3300 2222 μετριωτέραν
3327 2149 3434 2214 ἕξει
3462 2149 3523 2202 τὸ
3556 2153 3704 2202 πταῖ-

2127 2260 2238 2311 σμα
2287 2243 2387 2312 τὴν
2439 2241 2683 2313 γραφήν·
2740 2241 2974 2303 εὐκόλως
3009 2241 3054 2293 δ’
3088 2239 3173 2304 ἂν,
3226 2237 3396 2308 οἶμαι,
3454 2240 3546 2292 καὶ
3602 2239 3702 2308 τῆς

2125 2332 2277 2404 παρά
2308 2331 2443 2384 Θεοῦ
2478 2349 2560 2394 τις
2591 2331 2916 2402 συγγνώμης
2944 2331 3210 2396 τεύξεται,
3237 2331 3322 2385 διὰ
3351 2330 3446 2402 τὴν
3472 2330 3555 2384 ἀεί
3585 2347 3703 2394 πως

449 2427 578 2495 ἡμῖν
607 2431 996 2502 παρεπομένην
1025 2431 1130 2484 τῶν
1159 2431 1429 2503 λογισμῶν
1456 2432 1736 2502 ὲλαιρρίαν.
1773 2452 1790 2483 «ι
1834 2428 2264 2500 Παραπτὼματα
2301 2427 2406 2498 γὰρ
2444 2429 2526 2492 τίς
2597 2431 2847 2497 συνήσεις
2885 2447 2903 2480 ι
2965 2427 3106 2482 κατὰ
3174 2427 3234 2480 τὺ
3297 2426 3696 2498 γεγραμμένιον.

449 2514 482 2590 ἢ
519 2521 634 2585 πῶς
671 2522 769 2576 οὐκ
808 2522 874 2576 ἂν
918 2524 1212 2594 διαπταίσῃ
1255 2525 1442 2595 γήϊνος
1521 2525 1827 2595 ἄνθρωπος,
1867 2522 2148 2592 λειοτάτην
2195 2523 2410 2592 ἔχοντος
2452 2521 2545 2575 τοῦ
2597 2521 2755 2590 λόγου
2803 2521 2901 2592 τὴν
2949 2523 3030 2584 εἰς
3107 2521 3284 2575 ὁτιοῦν
3347 2521 3700 2594 ἁποδρομὴνς

447 2612 665 2670 Γλῶττα
699 2617 806 2691 γὰρ
834 2618 866 2690 ἡ
902 2621 958 2672 ὲν
990 2621 1124 2689 ἡμῖν
1150 2619 1212 2672 οὐ
1248 2618 1367 2672 λίαν
1391 2619 1701 2690 εὐκάτοχος.

519 2706 660 2773 Χιιι,
702 2709 788 2772 10,
823 2709 908 2764 il.
947 2709 1083 2762 Dicit
1110 2711 1154 2764 ei
1186 2707 1379 2764 Jcsus:
1414 2711 1518 2777 Qui
1570 2711 1710 2764 lotus
1763 2721 1864 2773 est,
1919 2726 2018 2762 non

448 2801 644 2873 indiget
673 2803 778 2856 nisi
809 2811 866 2856 ut
895 2803 1048 2872 pedes
1093 2803 1246 2866 lavet,
1279 2805 1368 2858 sed
1395 2814 1469 2858 est
1496 2803 1720 2858 uinndns
1750 2813 1911 2858 totus.
1949 2800 2014 2854 Et

2198 2703 2363 2773 Λέγει
2389 2703 2548 2768 αὑτῴ
2580 2707 2611 2758 ό
2645 2705 2873 2771 Ἰησοῦς
2891 2722 2902 2734 ·
2936 2706 2988 2758 Ὀ
3008 2706 3376 2774 λελουμένος
3404 2709 3476 2760 οὺ
3494 2709 3704 2775 χρείαν

2121 2798 2265 2866 ἔχει,
2292 2796 2330 2865 ἣ
2353 2797 2492 2862 τοὺς
2519 2797 2708 2863 πόδας
2741 2798 3052 2866 νίψασθαι,
3092 2799 3230 2852 ἀλλ’
3267 2799 3397 2854 ἔστι
3447 2803 3702 2870 καθαρὸς

447 2901 537 2945 tos
566 2891 746 2946 mith
777 2894 925 2958 estis,
967 2893 1056 2946 sed
1093 2910 1197 2946 non
1231 2909 1430 2948 omnes.
1464 2893 1675 2948 Sciebat
1701 2893 1840 2946 enim
1871 2891 2018 2960 quis—

2126 2889 2284 2952 ὅλος.
2323 2887 2429 2942 Καὶ
2465 2890 2632 2958 ὑμεῖς
2660 2893 2836 2956 nam;
2849 2890 2904 2943 οἰ
2937 2891 3098 2954 ἐστε,
3129 2893 3266 2946 ἀλλ’
3293 2891 3426 2960 οὐχὶ
3455 2893 3699 2960 πάντες.

449 3000 570 3037 nam
605 2993 739 3038 esset
768 2985 859 3054 qui
897 2985 1126 3038 truderet
1163 3001 1298 3038 eum.
1335 2984 1622 3054 Proliterea
1655 2985 1830 3038 dirit:
1894 2980 2017 3036 Non

447 3076 576 3130 estis
618 3074 802 3127 mundi
833 3091 1030 3128 omnes.

444 3223 448 3228 _
519 3171 560 3218 Λ
627 3177 684 3220 re
744 3165 1022 3219 communi
1059 3173 1114 3220 et
1147 3165 1346 3220 usitata
1385 3166 1532 3235 apud
1565 3183 1666 3222 uos
1701 3169 2016 3238 exetnplum

448 3255 612 3326 capit,
669 3261 723 3309 et
761 3256 1151 3324 percommode
1204 3257 1688 3326 reprehensionem
1749 3261 2020 3328 proditori

449 3348 636 3410 struit,
667 3347 873 3402 docens
914 3346 1192 3402 hominem
1226 3355 1472 3402 mutasse
1501 3349 1816 3412 consilium,
1849 3359 1903 3404 et
1951 3347 2038 3407 ad.

447 3439 724 3493 d.-teriora
801 3453 1156 3494 conversum.
1236 3437 1477 3495 Tametsi
1551 3441 1696 3495 enim
1775 3443 2018 3498 nondum

449 3540 639 3601 aperte
675 3531 1008 3586 temeritatis
1052 3531 1172 3602 ejus
1201 3531 1434 3586 crimina
1493 3533 1798 3603 redarguit,
1838 3551 2019 3591 acrem

448 3632 636 3678 tamen
661 3623 965 3693 emphasim
1000 3622 1168 3678 habet
1199 3626 1392 3677 oratio.
1433 3621 1536 3678 Per
1567 3642 1689 3695 quae
1737 3627 1884 3681 enim
1917 3643 2020 3682 cte-

450 3714 579 3768 teris
609 3713 907 3784 perfectam
940 3714 1232 3784 puritatem
1261 3715 1476 3778 tribuit,
1516 3732 1612 3787 per
1657 3716 1774 3772 haec
1829 3719 2018 3772 eadem

448 3815 770 3876 suspectum
800 3807 977 3861 reddit
998 3824 1121 3862 eum
1153 3809 1250 3877 qui
1283 3808 1411 3862 talis
1447 3825 1557 3863 non
1599 3810 1708 3874 sit,
1735 3819 1788 3865 et
1832 3809 2018 3879 inqui-

449 3907 636 3952 natum
671 3898 930 3953 ostendit.
961 3899 1100 3955 Aliis
1131 3900 1276 3954 enim
1303 3901 1420 3971 ejus
1449 3901 1740 3972 discipulis
1777 3910 1832 3957 et
1870 3903 2020 3974 jugis

449 3987 610 4058 725
635 3988 980 4042 assiduitatis
1003 3990 1175 4060 gloria
1197 4024 1213 4052 ,
1283 3998 1336 4044 et
1357 3993 1745 4049 asscctatiouis
1769 3994 1940 4056 labor,
1965 4002 2019 4048 et

449 4082 505 4134 in
536 4081 640 4135 title
669 4081 902 4136 firmitas
941 4089 1108 4152 atque
1135 4083 1470 4147 constantia,
1518 4093 1572 4140 et
1616 4085 1854 4154 perfecta
1887 4102 2016 4156 erga

447 4170 730 4224 Christum
769 4171 1012 4226 charitas
1069 4173 1357 4240 puritatem
1417 4175 1711 4228 conciliat:
1749 4174 2016 4244 proditori

2127 2978 2292 3049 ᾝδει
2322 2977 2430 3047 γὰρ
2458 2981 2566 3030 τὸν
2597 2980 2999 3047 παραδιδόντα
3036 2983 3239 3038 αὐτόν.
3280 2983 3383 3038 Διὰ
3410 2984 3584 3040 τοῦτο
3617 2982 3700 3040 εἷ·-

2122 3087 2254 3132 πεν,
2289 3069 2375 3123 ὅτι
2410 3071 2555 3139 Οὐχὶ
2591 3069 2859 3144 [πάντες]
2890 3075 3134 3142 καθαροί
3171 3075 3328 3130 ἐστε.

2191 3161 2414 3232 Δέχεται
2469 3162 2570 3230 μὲν
2616 3164 2681 3214 ἐκ
2725 3163 2831 3216 τῶν
2878 3165 2997 3217 καθ’
3029 3167 3174 3235 ἡμᾶς
3207 3166 3312 3219 ἀπὸ
3348 3166 3528 3222 κοινοῦ
3561 3169 3700 3239 πρά-

2119 3269 2327 3322 γματος
2356 3253 2416 3305 τὸ
2447 3252 2813 3323 παράδειγμα,
2840 3254 3167 3324 εὐαερόρμως
3195 3274 3254 3309 τε
3277 3255 3596 3326 διαπράττει
3622 3258 3699 3328 τῷ

2121 3341 2355 3414 προδότῃ
2387 3343 2476 3395 τὸν
2517 3342 2757 3412 ἔλεγχον,
2796 3343 3288 3412 μεταϐουλεύεσθαί
3320 3363 3378 3400 τε
3407 3347 3694 3414 διδάσκων,

2121 3435 2212 3488 καὶ
2242 3434 2620 3505 μετατίθεσθαι
2651 3438 2731 3498 εἰς
2763 3435 2873 3500 ἕξιν
2906 3436 3005 3506 τὴν
3040 3436 3247 3506 ἀμείνω
3270 3437 3360 3490 τὸν
3388 3437 3696 3510 ἄνθρωπον.

2120 3525 2182 3578 Εἰ
2215 3524 2322 3596 γὰρ
2356 3525 2448 3578 καὶ
2477 3523 2628 3578 οὔπω
2655 3525 2874 3595 γυμνῶς
2911 3527 3010 3596 τῆς
3039 3525 3263 3597 ἐνούσης
3300 3527 3447 3598 αὐτῷ
3472 3529 3698 3582 δυσϐου-

2120 3614 2236 3680 λίας
2265 3616 2554 3687 ἀπελέγχει
2592 3617 2660 3670 τὰ
2711 3601 3052 3688 ἐγκλήματα,
3091 3617 3203 3671 ἀλλ’
3235 3615 3326 3671 οὖν
3359 3635 3417 3686 γε
3447 3619 3698 3690 δριμεῖαν

2117 3711 2145 3762 ὁ
2177 3709 2331 3778 λόγος
2362 3709 2474 3779 ἔχει
2501 3711 2598 3779 τὴν
2629 3709 2882 3779 ἕμῳασιν.
2909 3711 2986 3763 Δι’
3016 3704 3091 3763 ὧν
3119 3709 3222 3781 γὰρ
3254 3713 3364 3774 τοῖς
3390 3710 3568 3775 ἄλλοις
3596 3711 3696 3781 τὴν

2118 3802 2196 3864 εἰς
2227 3800 2514 3872 ὁλόκληρον
2551 3801 2894 3872 καθαρότητα
2925 3806 3210 3873 μαρτυρεῖ,
3243 3802 3482 3857 ὕποπτον
3509 3803 3696 3873 δηλον-

2117 3893 2200 3945 ότι
2231 3893 2322 3945 τὺν
2362 3891 2436 3963 μὴ
2491 3890 2730 3944 τοιοῦτον
2783 3891 3108 3963 καθίστησι,
3151 3893 3244 3947 καὶ
3288 3885 3696 3964 μεμολυσμένον

2118 3983 2477 4038 ἀποδεικνύει.
2512 3985 2636 4048 Τοῖς
2669 3984 2766 4054 μὲν
2801 3986 2906 4055 γὰρ
2943 3986 3148 4056 ἑτέροις
3187 3986 3351 4062 αὐτοῖν
3405 3987 3693 4058 μαθηταῖς,

2117 4075 2210 4128 καὶ
2241 4075 2300 4127 τὸ
2328 4077 2428 4145 τῆς
2452 4077 2864 4146 ἀπερισπάστου
2900 4077 3253 4148 προσεδρείας
3291 4077 3574 4148 καύχημα,
3603 4078 3694 4132 καὶ

2115 4167 2206 4220 τὸν
2235 4163 2332 4236 τ’ἧς
2369 4167 2775 4239 ἀκολουθήσεως
2809 4169 2991 4235 πόνον,
3037 4172 3130 4223 καί
3161 4169 3220 4222 τὸ
3256 4170 3471 4239 βέϐαιον
3507 4173 3562 4224 ὲν
3601 4171 3694 4224 πί-

451 4277 579 4316 νονο
601 4269 654 4315 et
674 4261 1077 4330 inexplicabilis
1106 4263 1600 4323 avarititecrimen.
1623 4274 1678 4319 et
1703 4263 2021 4320 dilectionis

2126 4275 2258 4331 στει,
2289 4259 2381 4312 καί⁹
2418 4260 2478 4313 τὸ
2517 4259 2721 4330 πλῆρες
2743 4261 2799 4314 ἐν
2829 4261 3017 4332 ἀγάπῃ
3042 4263 3106 4332 τῇ
3143 4261 3269 4331 περὶ
3310 4261 3564 4332 Χριστὸν,
3593 4261 3692 4332 τὴν

447 4368 575 4422 erga
607 4350 897 4404 Dominum
921 4358 1171 4406 nostrum
1203 4353 1390 4408 .lesum
1419 4353 1698 4407 Christum
1729 4352 2019 4407 infirmitas

449 4449 707 4496 teteruam
739 4439 917 4494 labem
951 4439 1155 4505 inurit,
1209 4449 1262 4496 et
1293 4439 1742 4510 incomparabilis
1797 4438 2020 4492 temeri-

450 4531 582 4585 tatis
644 4533 828 4584 notam
891 4529 1178 4602 imprimit.
1230 4529 1368 4584 Cum
1428 4545 1560 4600 ergo
1618 4529 1872 4584 Christus
1907 4530 2018 4590 ait,

455 4638 474 4670 ι
501 4619 608 4676 Vos
632 4619 822 4674 mundi
847 4621 1004 4681 estis,
1039 4621 1133 4675 sed
1163 4635 1270 4674 non
1305 4634 1518 4682 omnes,
1542 4637 1560 4670 ο
1593 4619 1866 4673 occultam
1898 4618 2021 4687 qui-

450 4714 596 4774 dem,
637 4723 1007 4766 verumtamen
1040 4709 1340 4782 proditoris
1401 4709 1590 4763 utilem
1629 4710 2017 4780 reprehensio-

451 4817 574 4856 nem
604 4803 868 4858 continet.
893 4801 1133 4856 Tametsi
1164 4801 1306 4856 euim
1333 4817 1439 4855 non
1464 4809 1651 4870 aperte
1677 4802 2016 4870 loqueretur,

454 4873 717 4960 ut'nuper
750 4893 1013 4954 diximus,
1038 4899 1220 4944 tamen
1255 4890 1595 4944 conscientia
1647 4905 2017 4958 unumquem-

448 4998 557 5052 que
609 4993 951 5053 pet-calorem
1011 4981 1309 5051 peragebat,
1363 4989 1418 5034 et
1476 4981 1768 5035 verborum
1805 4981 1912 5060 \'i_m
1951 4979 2016 5034 ad

449 5082 664 5130 sontem
712 5075 889 5145 ipsum
937 5074 1078 5142 velut
1101 5087 1167 5127 ex
1204 5071 1534 5126 necessitate
1559 5071 1796 5140 quadam
1833 5069 2016 5123 trahe-

449 5165 561 5218 bat.
598 5162 845 5219 Observa
879 5170 1062 5216 autem
1101 5162 1189 5215 hic
1223 5161 1524 5232 singularis
1577 5161 2016 5233 dispensationis

447 5267 503 5310 et
542 5255 650 5310 Deo
681 5257 858 5323 dignae
893 5253 1168 5322 patientiae
1207 5269 1366 5322 opus.
1406 5253 1464 5307 Si
1515 5253 1660 5308 enim
1701 5263 1889 5324 aperte
1933 5255 2013 5308 tli-

451 5351 620 5404 xisset
675 5349 798 5416 quis
861 5345 1182 5415 proditurus
1241 5356 1412 5411 esset,
1467 5345 1714 5403 infensos
1776 5349 1822 5402 ei
1875 5349 2014 5403 alios

451 5443 701 5502 fecisset,
739 5447 791 5490 et
814 5447 1056 5490 extrema
1082 5451 1316 5508 qumque
1346 5439 1530 5493 forsan
1577 5441 1820 5505 tulisset,
1852 5449 2013 5512 atque

520 5619 567 5653 "
605 5617 719 5674 Jac.
761 5634 848 5686 tu,
879 5620 932 5675 8.
1009 5621 1054 5652 "
1094 5619 1238 5676 Psal.
1271 5636 1442 5690 xvut,
1485 5622 1568 5676 15.

2117 4349 2462 4420 καθαρότητα
2497 4348 2775 4421 προξενεῖ·
2807 4349 2884 4420 τῷ
2931 4367 2992 4418 γε
3041 4351 3150 4422 μὴν
3197 4352 3388 4424 ἑτέρῳ,
3421 4353 3513 4406 καὶ
3562 4353 3692 4406 αὐτὸ

2114 4441 2214 4510 τῆς
2261 4440 2537 4511 ἀπλήστου
2589 4441 3024 4512 φιλοχρηματίας
3071 4445 3132 4496 τὸ
3179 4443 3449 4515 ἔγκλημα,
3499 4445 3591 4498 καὶ
3631 4443 3694 4498 τὸ

2117 4532 2339 4596 ἀσθενὲς
2365 4533 2445 4596 εἰς
2470 4533 2708 4586 διάθεσιν
2733 4535 2831 4604 τὴν
2863 4536 2988 4604 περὶ
3037 4539 3127 4589 τὸν
3167 4535 3368 4606 Κύριον
3396 4535 3553 4607 ἡμῶν
3593 4535 3694 4607 Ἰηο

2119 4619 2244 4674 σοῦν
2277 4621 2366 4675 τὸν
2396 4622 2626 4692 Χριστὸν
2665 4623 2762 4694 τὴν
2804 4624 3152 4678 ἀνέκλειπτον
3182 4626 3373 4697 κηλῖδα
3429 4626 3690 4698 προστρί-

2118 4713 2286 4776 ϐεται,
2321 4714 2416 4768 καὶ
2453 4714 2552 4785 τῆς
2582 4715 2911 4787 ἁσυγκρίτου
2939 4717 3255 4782 δυσϐουλίας
3297 4719 3387 4772 τὸν
3420 4719 3692 4790 μολυσμὸν

2116 4804 2551 4873 ὲμποιεῖ.”’οταν
2591 4805 2768 4860 τοίνυν
2818 4807 2951 4881 λέγῃ
2995 4809 3261 4880 Χριστός·
3293 4829 3311 4860 ι
3348 4811 3486 4880 ’Ἱιδη
3534 4811 3688 4882 ὑμεῖς

2117 4892 2346 4965 καθαροί
2375 4895 2518 4958 ἐστε,
2551 4895 2664 4949 ἀλλ’
2696 4897 2815 4968 οὐχὶ
2861 4902 3077 4964 πάντως
3107 4921 3124 4953 ο
3165 4900 3277 4972 ίγρ.
3323 4901 3565 4974 πάντες],
3595 4919 3688 4955 κε-
3710 4951 3728 4972 ,

2115 4985 2427 5056 κρυμμένον
2481 4987 2580 5057 μέν
2628 4990 2778 5054 ἐστι,
2839 4991 2978 5062 πλὴν
3034 4993 3288 5067 ἐπωφελῆ
3331 4992 3408 5064 τῷ
3456 4994 3690 5067 προδότῃ

2117 5076 2346 5126 ποιεῖται
2386 5074 2477 5127 τὸν
2525 5075 2762 5146 ἔλεγχον.
2816 5079 2876 5131 Ei
2920 5079 3028 5152 γὰρ
3066 5081 3160 5134 καὶ
3332 5079 3436 5149 Eam
3482 5065 3686 5148 σαφῶς-ξ

2116 5163 2364 5233 καθάπερ
2401 5164 2602 5235 ἀρτίως
2636 5167 2934 5237 εἰρήκαμεν
2958 5210 2972 5234 ,
3013 5167 3127 5220 ἀλλ’
3157 5163 3224 5239 ἦν
3271 5169 3328 5220 ἐν
3366 5166 3578 5238 ὲκάστῳ
3609 5165 3690 5218 δι-

2117 5255 2280 5320 κάζον
2309 5256 2370 5308 τὸ
2413 5257 2669 5320 συνειδὸς,
2703 5259 2796 5312 καὶ
2829 5259 3140 5312 διακεειτοῦν
3188 5259 3278 5312 τὶν
3317 5259 3686 5330 ἡμαρτηκότα,

2123 5345 2213 5399 καὶ
2246 5346 2343 5416 τὴν
2367 5345 2472 5398 τῶν
2499 5346 2802 5414 εἰρημένων
2825 5347 3051 5416 δύναμιν
3079 5347 3329 5418 καθάπερ
3357 5347 3416 5413 ἐξ
3445 5347 3688 5414 ἀνάγκης

2123 5433 2318 5489 καλοῦν
2346 5433 2436 5486 ἐπὶ
2464 5435 2552 5487 τὸν
2575 5435 2842 5488 ὑπαίτιον.
2887 5437 3083 5490 Ἐννόει
3117 5437 3172 5490 δὲ
3200 5439 3345 5502 ὅπως
3379 5435 3688 5506 οἰκονομίας
