4010 6320
513 288 619 346 123

1523 289 1580 343 S.
1609 288 1886 344 CYRILLI
1924 286 2390 344 ALEXANDRINI
2414 286 2732 345 ARCHIEP.

3648 291 3755 348 12$

511 406 925 467 documentum,
957 418 1062 457 non
1088 402 1415 474 simpliciter
1444 403 1521 458 ait
1550 422 1564 459 :
1612 404 2086 471 Quemadmodum

2193 402 2387 455 ἑαυτοῦ
2440 401 2731 473 μαθηταῖς,
2779 398 2977 471 μᾶλλον
3020 399 3077 454 δὲ
3118 400 3186 454 δι’
3217 401 3440 456 ἐκείνων
3490 405 3600 467 τοῖς
3664 405 3770 462 άνά

511 512 614 567 ego
645 494 749 550 lavi
782 496 949 565 pedes
986 504 1234 560 vestros,
1285 496 1367 551 sic
1394 503 1450 549 et
1482 510 1581 552 vos
1615 494 1794 550 facere
1829 495 2080 552 debetis:

513 584 609 641 sed
662 585 845 654 potius
888 583 1210 653 dignitatem
1256 599 1412 639 suam
1444 586 1597 656 prius
1629 586 1887 655 capticat,
1943 594 1999 642 et
2053 602 2084 642 a

515 685 709 732 natura
757 676 860 731 sibi
914 675 1134 730 insitam
1175 676 1518 732 nobilitatem
1560 693 1903 747 proponens,
1966 680 2084 749 ipsa

513 784 575 824 re
628 768 810 823 inanis
862 769 1050 838 gloria:
1087 768 1321 839 cupidos
1352 769 1667 826 confundit.
1706 789 1724 821 ι
1766 769 1874 824 Vos
1911 772 2080 837 enim,

515 861 716 931 inquit,
749 862 960 917 vocatis
1000 877 1086 916 me
1157 860 1422 916 Dominus
1469 869 1525 916 et
1555 861 1831 932 Magister,
1861 872 1916 918 et
1948 863 2086 918 bene

513 953 720 1011 dicitis.
756 969 878 1009 sum
935 952 1157 1008 etenim.
1200 971 1220 1005 ιι
1254 951 1499 1009 Observa
1547 962 1728 1008 autem
1760 970 1872 1024 quo
1926 966 2086 1024 pacto

512 1042 724 1097 interea
758 1042 887 1097 dum
919 1041 1183 1111 loquitur,
1211 1041 1561 1097 :edilicationi
1593 1057 1813 1113 quoque
1849 1043 2084 1099 creden-

513 1133 648 1187 tium
679 1132 982 1201 provideat,
1011 1144 1066 1188 et
1097 1133 1387 1202 impiorum
1424 1132 1806 1189 haereticorum
1837 1136 2082 1205 linguam

512 1222 828 1292 petulantia:
864 1223 1075 1292 plenam
1109 1237 1219 1277 non
1248 1222 1488 1294 ignoret.
1529 1223 1665 1278 Cum
1699 1226 1846 1280 enim
1883 1226 1952 1280 ad
2001 1226 2085 1282 di-

513 1313 761 1382 scipulos
797 1328 929 1368 suos
967 1312 1210 1368 dixerit:
1254 1333 1271 1366 ι
1312 1312 1423 1369 Vos
1453 1316 1663 1372 vocatis
1703 1333 1789 1372 me
1819 1316 2085 1375 Dominus
2130 1359 2137 1365 -

510 1411 567 1459 et
594 1403 871 1474 Magister,
899 1423 917 1457 ι
958 1420 1029 1460 ne
1069 1406 1195 1475 quis
1225 1407 1567 1462 existimaret
1610 1418 1807 1464 natura
1862 1411 2081 1480 quidem

513 1496 692 1565 ipsum
739 1511 848 1548 non
889 1510 1015 1550 esse
1053 1495 1342 1552 Dominum
1393 1514 1571 1568 neque
1603 1498 1950 1571 Magistrum,
1988 1505 2081 1558 sed

512 1592 772 1655 tanquam
810 1584 1036 1641 boiioris
1082 1585 1202 1641 loco
1238 1587 1440 1643 habere
1502 1589 1648 1645 hanc
1702 1606 1733 1644 a
1791 1592 2085 1663 discipulis

512 1677 961 1747 appellationem,
995 1680 1313 1735 necessario
1363 1680 1597 1745 addidit,
1644 1682 1865 1737 illorum
1904 1686 2086 1757 suspi-

512 1768 700 1824 ciones
728 1776 1002 1835 evertens,
1033 1789 1052 1821 ι
1094 1768 1152 1824 Et
1195 1770 1335 1826 bene
1362 1772 1591 1828 dicitis:
1629 1789 1751 1829 sum
1792 1775 2016 1830 etenim.
2058 1795 2078 1829 ι
2119 1745 2158 1803 Β

511 1856 624 1913 Nec
662 1859 807 1912 cnim
840 1860 1045 1915 nudum
1072 1860 1304 1917 honoris
1331 1877 1530 1918 nomen
1556 1864 1791 1936 adeptus
1816 1875 1900 1922 est
1927 1867 2081 1935 illm],

515 1949 797 2016 Dominus,
818 1952 980 2008 sicuti
1005 1968 1132 2017 nos,
1156 1956 1248 2025 qui
1274 1955 1463 2011 {annuli
1498 1973 1844 2017 remanemus
1867 1971 2084 2029 natura,

513 2045 768 2112 quamvis
799 2060 894 2114 per
948 2046 1110 2117 727
1163 2048 1396 2117 gratiam
1448 2050 1634 2120 dignis
1687 2054 2006 2109 nominibus
2032 2062 2086 2110 et

428 2150 435 2159 ε
513 2142 767 2187 naturam
822 2136 1215 2193 excedentibus
1264 2139 1561 2195 illustrati:
1605 2141 1699 2197 sed
1753 2153 1837 2198 est
1885 2154 2086 2201 natura

512 2221 800 2291 Dominus,
832 2227 1106 2283 universis
1139 2228 1307 2284 rebus
1350 2230 1661 2300 imperans,
1699 2243 1758 2288 ut
1799 2234 1964 2298 Deus,
2017 2237 2083 2292 ad

511 2328 676 2382 quem
705 2315 909 2369 dictum
943 2326 1027 2372 est
1073 2318 1278 2374 alicubi
1335 2337 1469 2376 voce
1508 2321 1851 2383 Psalmistaez
1891 2346 1910 2380 ι
1949 2328 2086 2396 Quia

511 2404 696 2457 omnia
724 2407 976 2461 serviunt
1014 2407 1112 2462 tibi
1134 2409 1202 2464 ⁷⁸.
1240 2428 1260 2463 ι
1300 2409 1397 2466 Εει
1429 2421 1613 2468 autem
1643 2425 1698 2471 et
1741 2425 1939 2472 natura
1972 2436 2084 2474 ma-

510 2495 721 2566 gister:
772 2499 954 2556 omnis
987 2501 1133 2555 enim
1171 2504 1452 2575 sapientia
1511 2517 1597 2563 est
1660 2525 1689 2562 a
1748 2509 1998 2579 Domino,
2033 2522 2089 2568 et

510 2588 689 2643 omnis
743 2589 1101 2662 intelligentia
1138 2610 1235 2664 per
1291 2597 1493 2666 ipsum.
1552 2597 1891 2670 Sapientiam
1938 2604 2085 2658 enim

510 2678 649 2734 indit
698 2681 1011 2752 spiritibus,
1066 2693 1123 2739 ut
1180 2687 1476 2757 sapientia,
1518 2700 1572 2746 et
1626 2696 1773 2747 omni
1822 2703 2088 2751 creatura:

509 2772 786 2838 rationali,
823 2776 1036 2832 caelesti
1064 2791 1129 2831 ac
1166 2784 1402 2834 terrenae
1428 2784 1838 2838 convenientem
1873 2785 2087 2841 intelle-

510 2872 659 2918 ctum
698 2865 909 2921 inserit.
961 2867 1439 2934 Quemadmodum
1481 2873 1628 2929 enim
1665 2875 1785 2944 ipse
1841 2891 1965 2931 cum
2014 2877 2087 2933 sit

511 2956 816 3011 secundum
844 2969 1097 3013 naturam
1128 2954 1265 3023 vita,
1294 2963 1477 3017 omnia
1511 2964 1636 3020 vita:
1670 2968 1898 3037 capacia
1943 2969 2084 3025 vivi-

2184 493 2364 546 πᾶσαν
2410 490 2510 562 τὴν
2552 489 2658 560 γῆν
2715 489 2776 543 τὺ
2828 490 2927 561 τῆς
2988 493 3484 565 ταπεινοφροσύνης
3540 494 3770 566 μάθημα

2182 581 2378 648 διδοὺς,
2429 581 2525 651 οὐχ
2572 580 2759 645 ἁπλῶς
2816 598 2999 653 φησιν,
3055 582 3137 636 ὅτι
3185 582 3395 656 ’Ὥσπερ
3447 581 3558 653 ἐγὼ
3608 585 3772 655 ἔνιψα

2184 672 2338 743 ὑμῶν
2365 672 2491 735 τοὺς
2535 671 2723 738 πόδας,
2756 670 2899 725 οὕτω
2945 672 3039 726 καὶ
3082 673 3239 743 ὑμεῖς
3276 674 3519 742 ὀφείλετε
3558 679 3764 730 πςιεῖν·

2184 763 2567 836 προεξηγεὴαι
2606 763 2664 817 δὲ
2706 762 2903 834 μᾶλλον
2947 763 3009 817 τὸ
3060 763 3190 817 ἴδιον
3237 763 3471 835 ἀξίωμα,
3526 767 3622 820 καὶ
3666 769 3771 839 τὴν

2183 856 2592 926 ἐνυπάρχουσαν
2650 853 2799 925 αὐτῷ
2861 856 3099 926 φυσικὴν
3146 855 3397 911 εὔκλειαν
3451 858 3772 930 παρατιθεὶς

2182 946 2423 1000 δυσωπεῖ
2448 945 2526 1017 τῷ
2554 945 2840 1017 πράγματι
2890 947 2983 1000 τὸν
3022 946 3313 1015 φιλόδοξον.
3346 966 3365 1000 ι
3410 949 3598 1020 Ὑμεῖς
3636 950 3769 1022 γάρ,

2183 1037 2368 1107 φησὶν,
2399 1036 2555 1090 αὐτοὶ
2582 1036 2796 1091 καλεῖτέ
2829 1053 2918 1107 με,
2961 1038 2990 1091 6
3017 1037 3220 1109 Κύριος
3245 1040 3340 1093 καὶ
3362 1042 3389 1094 6
3414 1039 3770 1106 Διδάσκαλος,

2184 1129 2279 1182 καὶ
2324 1128 2507 1192 καλῶς
2545 1127 2756 1198 λέγετε,
2802 1129 2919 1199 εἰμὶ
2965 1128 3094 1202 γάρ.
3134 1149 3151 1181 ι
3192 1130 3473 1202 Ἐπιτήρει
3518 1131 3576 1186 δέ
3620 1133 3773 1196 ὅπως

2184 1220 2280 1274 καὶ
2326 1221 2528 1291 μεταξὺ
2568 1219 2666 1274 τοῦ
2714 1219 2879 1289 λόγου
2928 1220 3029 1291 τῆς
3072 1220 3181 1274 τῶν
3232 1223 3595 1277 πιστευόντων
3631 1241 3771 1296 προ-

2184 1312 2404 1384 ενόησεν
2439 1313 2751 1384 οἰκοδομῆς,
2785 1314 2881 1367 καὶ
2929 1312 3026 1376 τὰς
3070 1311 3180 1366 τῶν
3211 1314 3442 1368 ἀνοσίων
3474 1317 3771 1388 αἱρετικῶν

2182 1407 2284 1459 οὐκ
2321 1404 2561 1477 ἠγνόησε
2609 1405 3010 1476 γλωσσαλγίας.
3051 1406 3268 1477 Ἐπειδὴ
3327 1408 3437 1478 γὰρ
3479 1408 3583 1479 ἔφη
3631 1411 3770 1480 πρὸς

2182 1500 2307 1563 τοὺς
2342 1498 2535 1552 ἑαυτοῦ
2573 1497 2848 1570 μαθητάς·
2895 1517 2913 1549 ι
2961 1497 3149 1567 Ὑμεῖς
3204 1498 3420 1552 καλεῖτέ
3454 1516 3542 1570 με,
3583 1501 3612 1553 6
3656 1501 3773 1555 Κύ-

2189 1607 2300 1661 ριος
2326 1591 2420 1644 καὶ
2450 1590 2844 1654 όΔιδάσκαλος,
2872 1609 2891 1641 ι
2925 1590 3011 1644 ἵνα
3047 1591 3121 1660 μή
3144 1606 3230 1654 τις
3259 1589 3439 1661 οίηται
3471 1591 3628 1661 φύσει
3668 1595 3773 1663 μὲν

2184 1682 2347 1736 αὑτὸν
2369 1682 2470 1735 οὐκ
2502 1676 2641 1735 εἶναι
2669 1682 2873 1752 Κύριον
2898 1680 3020 1735 οὐδέ
3047 1680 3384 1748 διδάσκαλον,
3406 1682 3551 1752 ἔχειν
3570 1700 3635 1752 γε
3663 1684 3772 1754 μὴν

2184 1773 2259 1836 ὡς
2305 1775 2373 1841 ἐν,
2400 1773 2555 1840 τάξει
2601 1772 2767 1843 τιμῆς
2820 1773 2972 1845 παρὰ
3016 1772 3126 1827 τῶν
3175 1772 3450 1844 ἐσομένων
3497 1773 3644 1844 αὐτῷ
3672 1775 3772 1844 τὴν

2185 1864 2541 1933 ἐπωνυμίαν,
2607 1861 2918 1932 ἀναγκαίως
2977 1862 3333 1933 προστέθεικε
3388 1862 3487 1928 τὰς
3544 1866 3771 1918 ἐκείνων

2185 1955 2421 2026 ἀναιρῶν
2443 1954 2713 2020 ὑπονοίας,
2752 1974 2772 2007 ι
2796 1956 2906 2009 Καὶ
2953 1954 3135 2018 καλῶς
3182 1941 3390 2023 λέγετεο
3432 1955 3546 2026 εἰμὶ
3576 1956 3701 2027 γάρ.
3744 1974 3765 2007 ι

2186 2048 2259 2101 Οὐ
2304 2047 2413 2117 γὰρ
2445 2045 2601 2116 ψιλὸν
2652 2046 2822 2116 ὄνομα
2879 2045 3140 2114 κέκτηται
3189 2046 3356 2116 τιμῆς
3404 2046 3486 2110 τὸ,
3533 2049 3768 2115 Κύριος,

2184 2139 2437 2208 καθάπερ
2469 2138 2630 2208 ἡμεῖς
2680 2137 2888 2190 οἰκέται
2938 2135 3190 2207 μένοντες
3227 2135 3325 2206 τὴν
3359 2136 3541 2205 φύσιν,
3571 2137 3774 2209 λελάμ-

2188 2229 2491 2302 πρυσμένοι
2521 2244 2584 2296 γε
2617 2227 2725 2299 μὴν
2752 2226 2892 2280 κατὰ
2913 2228 3072 2299 χάριν
3094 2231 3207 2292 τοῖς
3237 2228 3378 2299 ὑπὲρ
3407 2227 3570 2298 φύσιν
3589 2246 3647 2283 τε
3674 2228 3770 2283 καὶ

2184 2323 2355 2387 ἀξίοις
2389 2321 2674 2391 ὀνόμασιν·
2723 2318 2840 2372 ἀλλ’
2880 2319 2995 2372 ἐστι
3036 2321 3102 2390 τῇ
3151 2319 3312 2390 φύσει
3359 2319 3582 2391 Κύριος,
3632 2337 3770 2374 κατ-

2185 2412 2508 2480 εξουσιάζων
2537 2413 2646 2465 τῶν
2695 2410 2853 2474 ὅλων,
2879 2410 2955 2475 ὡς
2989 2410 3141 2477 Θεὸς,
3168 2411 3302 2481 πρὸς
3334 2411 3395 2465 ὃν
3421 2412 3637 2483 εἴρηταί
3665 2429 3771 2465 που

2185 2505 2272 2559 διά
2314 2505 2415 2575 τῆς
2441 2502 2535 2556 τοῦ
2572 2501 2867 2574 ψάλλοντος
2900 2501 3116 2571 φωνῆς’
3152 2521 3171 2553 ι
3204 2502 3329 2555 Ὀτι
3370 2503 3436 2556 τά
3476 2501 3772 2573 σύμπαντα

2183 2596 2347 2650 δοῦλά
2375 2612 2489 2648 σου.
2525 2613 2544 2646 ι
2581 2594 2732 2646 Ἔστι
2761 2593 2819 2646 δὲ
2841 2594 2907 2664 τῇ
2938 2591 3096 2662 φύσει
3125 2592 3219 2649 καὶ
3245 2592 3596 2657 διδάσκαλςςο
3621 2595 3773 2646 πᾶσα

2186 2688 2294 2760 γάρ
2324 2686 2485 2756 σοφία
2513 2685 2667 2757 παρά
2693 2684 2920 2755 Κυρίου,
2945 2685 3037 2737 καὶ
3060 2686 3210 2738 πᾶσα
3243 2683 3456 2748 σύνεσις
3484 2684 3551 2738 δι’
3576 2684 3768 2739 αὑτοῦ.

2187 2781 2347 2847 Σοφοῖ
2389 2777 2499 2849 γὰρ
2524 2776 2601 2839 ὡς
2644 2775 2804 2844 σοφία
2837 2776 2907 2829 τά
2951 2775 3140 2846 νοητά,
3171 2776 3266 2829 καὶ
3310 2776 3462 2848 πάσῃ
3493 2775 3669 2829 κτίσει
3700 2777 3768 2847 τῇ

2185 2870 2398 2939 λογικῇ,
2431 2865 2738 2938 ἐπουρανίῳ
2762 2883 2823 2919 τε
2861 2867 2957 2919 καὶ
2984 2865 3209 2934 ἐπιγείῳ
3234 2865 3331 2937 τὴν
3360 2867 3498 2937 αὐτῇ
3526 2866 3767 2937 πρέπου-

2189 2979 2287 3016 σαν
2338 2959 2612 3033 ἐνσπείρει
2664 2958 2902 3013 σύνεσιν.
2935 2958 3142 3029 Ὄνπερ
3193 2957 3301 3028 γὰρ
3355 2959 3558 3028 τρόπον
3609 2958 3771 3021 αὐτὸς

512 3045 658 3112 ﬂeat,
693 3047 770 3102 ita
803 3062 926 3103 cum
965 3049 1039 3105 sit
1071 3050 1190 3121 ipse
1228 3052 1499 3122 sapientia
1557 3053 1771 3121 Patris,
1829 3059 2087 3117 omnibus

2188 3053 2446 3122 ὑπάρχων
2474 3053 2508 3122 ἡ
2546 3048 2689 3103 κατά
2714 3048 2874 3118 φύσιν
2922 3049 3058 3119 ζωὴ,
3082 3047 3365 3117 ,ζωογονεῖ
3404 3047 3472 3101 τὰ
3500 3048 3675 3103 πάντα
3704 3048 3772 3101 τὰ

512 3137 655 3193 indit
687 3138 968 3208 sapientia:
992 3141 1158 3207 dona,
1193 3157 1414 3198 sensum
1440 3145 1699 3202 videlicet
1754 3157 1809 3203 et
1860 3165 2077 3206 omnem

2185 3143 2331 3212 ζωῆς
2355 3140 2600 3202 δεκτικά.
2630 3140 2803 3203 οὕτως
2849 3137 3080 3210 ἐπείπερ
3121 3139 3283 3203 αὑτός
3334 3141 3482 3192 ἐστιν
3523 3141 3559 3209 ἠ
3609 3140 3771 3209 σοφία

513 3230 880 3300 cognitionem
918 3232 1213 3289 bonorum.
1245 3235 1453 3291 Natura
1481 3238 1667 3309 itaque
1697 3242 2082 3298 universorum

2187 3238 2276 3291 τοῦ
2308 3236 2539 3306 Πατρὺς,
2569 3236 2735 3289 πᾶσιν
2767 3233 3002 3305 ἐντίθησι
3039 3235 3108 3288 τά
3145 3235 3339 3305 σοφίας
3360 3235 3531 3306 δῶρα,
3566 3236 3770 3306 φρόνη-

513 3319 779 3379 Dominus
809 3331 892 3378 est
923 3340 990 3380 ac
1047 3326 1308 3397 magister
1337 3328 1533 3386 Filius.
1568 3330 1705 3387 Cum
1766 3348 1866 3404 ego
1896 3334 2081 3404 igitur,

515 3412 713 3484 inquit,
764 3422 948 3471 tantus
982 3415 1037 3470 in
1077 3417 1271 3486 gloria,
1306 3419 1376 3474 ad
1433 3428 1640 3475 tantam
1680 3438 1769 3479 me
1798 3424 2085 3483 demittere

514 3504 877 3563 humilitatem
906 3523 1014 3563 non
1046 3508 1147 3565 sim
1209 3509 1555 3582 dedignatus,
1596 3521 1658 3568 ut
1690 3514 1857 3569 etiam
1917 3518 2086 3587 pedes

513 3602 730 3652 vestros
756 3597 1007 3663 laverim,
1030 3599 1308 3669 quomodo
1340 3617 1438 3657 vos
1460 3594 1734 3661 recusatis
1758 3607 1898 3661 alter
1926 3609 2082 3663 alteri

515 3683 569 3740 id
598 3683 817 3741 facere?
846 3686 922 3742 Ex
967 3688 1053 3744 his
1089 3698 1271 3745 autem
1307 3690 1469 3747 (locet
1523 3710 1631 3749 nou
1663 3696 1865 3753 debere
1894 3715 2086 3769 quem-

515 3792 680 3846 quam
719 3788 907 3833 contra
943 3780 1175 3835 aliorum
1229 3783 1496 3841 honorem
1546 3787 1851 3844 insolenter
1880 3792 2084 3854 eﬂerri,

517 3868 612 3922 sed
681 3869 1004 3926 existimare
1042 3889 1369 3929 conservum
1410 3879 1750 3947 superiorem
1813 3895 1971 3945 esse,
2032 3890 2087 3937 et

516 3958 713 4026 quavis
772 3959 825 4013 in
886 3976 944 4015 re
996 3964 1445 4032 praeponendum.
1507 3965 1836 4023 Praeclarum
1899 3971 2089 4041 utique

518 4048 905 4105 documentum
935 4070 948 4106 :
987 4054 1244 4110 modestte
1271 4058 1415 4112 enim
1446 4060 1612 4114 menti
1646 4071 1700 4114 et
1731 4076 1853 4131 quae
1886 4061 2087 4118 fastum

518 4150 835 4197 contemnat
877 4145 1011 4199 nihil
1052 4154 1138 4202 est
1174 4151 1631 4219 comparamlum,
1678 4160 1734 4209 et
1773 4154 1906 4208 nihil
1937 4171 2091 4223 aeque

523 4232 719 4289 fratres
757 4245 809 4289 et
841 4236 1050 4293 amicos
1077 4238 1219 4293 inter
1248 4256 1308 4294 se
1342 4243 1555 4308 dividit,
1609 4259 1672 4297 ac
1724 4245 1939 4300 misera:
1974 4249 2091 4318 glo-

521 4323 678 4378 riola:
712 4325 986 4394 impotens
1040 4327 1227 4383 libido.
1280 4326 1506 4400 Semper
1533 4331 1679 4385 enim
1733 4334 1876 4401 quod
1913 4334 2092 4399 majus

2185 3345 2269 3383 σιν
2297 3327 2535 3399 δηλονότι
2585 3325 2681 3380 καὶ
2707 3326 2887 3380 πᾶσαν
2916 3324 3122 3396 είδησιν
3164 3323 3406 3393 ἀγαθῶν.
3449 3324 3615 3378 Φύσει
3661 3342 3771 3378 τοι-

2184 3419 2388 3491 γαροῦν
2412 3418 2522 3473 τῶν
2544 3418 2682 3472 ὅλων
2719 3415 2922 3487 Κύριός
2951 3417 3067 3470 ἐστι
3091 3414 3186 3469 καὶ
3215 3414 3530 3477 διδάσκαλος
3555 3416 3585 3468 6
3615 3415 3765 3477 Υἱός.

2186 3515 2318 3567 Ὅτε
2373 3511 2554 3566 τοίνυν
2599 3511 2629 3564 6
2695 3509 2867 3581 μέγας
2931 3509 2989 3562 ἐν
3027 3507 3176 3578 δόξῃ,
3212 3507 3306 3561 καὶ
3356 3506 3608 3570 τοσοῦτος
3659 3504 3775 3576 ἐγὼ

2186 3606 2322 3675 πρὸς
2341 3604 2439 3675 τὴν
2458 3602 2600 3657 οὕτω
2645 3599 2996 3672 μικροπρεπῆ
3028 3597 3401 3653 καθικνεῖσθαι
3441 3597 3774 3651 ταπείνωσιν

2186 3698 2244 3750 οὐ
2289 3695 2628 3765 κατοκνήσας
2671 3690 2954 3761 φαίνομαι,
3000 3689 3076 3753 ὡς
3127 3688 3222 3743 καὶ
3265 3691 3392 3752 τοὺς
3425 3688 3578 3757 ὑμῶν
3626 3689 3772 3743 ἀπο-

2186 3785 2334 3853 νίψαι
2385 3782 2570 3847 πόδας,
2625 3781 2742 3843 πῶς
2797 3780 2864 3834 ἂν
2919 3779 2999 3832 ἐτι
3043 3778 3138 3832 καὶ
3177 3779 3353 3850 ὑμεῖς,
3387 3778 3541 3848 φησι,
3571 3796 3777 3849 παραι-

2185 3874 2363 3929 τεῖσθε
2397 3873 2644 3943 ἀλλήλοις
2687 3873 2898 3938 ποιεῖν;
2932 3870 3182 3924 Διδάσκει
3227 3870 3282 3924 δὲ
3319 3870 3410 3923 διά
3445 3869 3675 3933 τούτων,
3710 3871 3775 3924 τὸ

2192 3965 2266 4034 μὴ
2297 3965 2394 4034 τῆς
2435 3963 2636 4033 ἑτέρων
2672 3961 2838 4032 τιμῆς
2874 3958 3400 4023 καταλαζονεύεσθαι
3431 3958 3625 4027 φιλεῖν,
3654 3959 3771 4012 ἀλλ’

2189 4053 2521 4122 ὑπερφέρειν
2549 4049 2713 4104 αὐτοῦ
2741 4050 2833 4104 καὶ
2853 4048 3215 4121 προτετάχθαι
3255 4050 3398 4103 κατά
3450 4050 3559 4103 πᾶν
3591 4049 3773 4103 ὁτιοῦν

2187 4143 2391 4198 οἴεσθαι
2415 4142 2505 4197 τὸν
2531 4141 2836 4213 ὁμόδουλον.
2880 4140 3058 4196 Καλόν
3079 4157 3144 4211 γε
3181 4140 3384 4211 σφόδρα
3412 4139 3472 4194 τὸ
3500 4138 3730 4211 μάθημα
3752 4155 3767 4170 ·

2191 4236 2533 4307 φρονήματος
2587 4234 2695 4305 γὰρ
2744 4233 3139 4303 ἀφιλοκομπεῖν
3204 4231 3458 4294 εἰωθότος
3530 4231 3631 4284 οὐκ
3680 4230 3769 4292 ἂν,

2190 4324 2364 4398 οἶμαι,
2394 4327 2479 4390 τὶς
2508 4324 2773 4390 ἐπιδείξαι
2816 4324 2878 4376 τὸ
2922 4323 3056 4387 ἴσον,
3094 4322 3248 4376 οὐδέν
3280 4339 3339 4374 τε
3365 4321 3508 4375 οὕτω
3539 4320 3770 4392 διίστησι

522 4421 607 4467 est
635 4415 966 4483 appetimus,
997 4424 1051 4471 et
1080 4419 1207 4472 vani
1260 4419 1384 4475 vita:
1414 4419 1579 4490 hujus
1620 4420 1856 4478 honores
1909 4423 2086 4477 lubri-

2193 4422 2284 4473 καὶ
2307 4418 2567 4487 ἀδελφοὺς
2606 4417 2699 4470 καὶ
2739 4415 2950 4484 φίλους,
2981 4414 3111 4485 ὼςή
3140 4413 3250 4467 τῶν
3288 4412 3486 4466 ἀθλίων
3512 4412 3770 4484 δοξαρίων

478 4538 487 4546 -
524 4520 648 4559 cum
682 4514 934 4560 nostrum
974 4508 1222 4564 animum
1253 4512 1481 4582 adigunt
1516 4519 1575 4567 ut
1600 4512 1931 4568 clarioribus
1974 4530 2093 4569 Ina-

522 4598 615 4667 gis.
633 4612 698 4653 ac
727 4600 898 4668 magis
923 4599 1115 4658 inhict.
1152 4602 1223 4659 Ut
1258 4602 1423 4672 igitur
1455 4611 1609 4657 tanto
1645 4605 1836 4659 morbo
1891 4607 2092 4664 libere-

526 4703 672 4755 mur,
731 4705 796 4744 ac
832 4700 940 4745 tam
985 4694 1360 4749 detestandam
1410 4694 1688 4749 libidinem
1755 4699 2097 4755 excutiamus

526 4774 546 4848 (
571 4777 705 4831 nihil
734 4780 880 4833 enim
909 4782 1057 4837 aliud
1088 4790 1173 4837 est
1199 4781 1290 4836 ille
1320 4781 1643 4837 ambitionis
1671 4786 1897 4840 morlms
1930 4802 2094 4858 quam

528 4872 878 4941 praestigiaa),
930 4872 1106 4943 ipsum
1158 4873 1545 4929 universorum
1604 4890 1783 4946 regem
1814 4875 2096 4932 Christum

527 4969 643 5016 toto
678 4964 860 5019 animo
891 4967 1345 5034 complectamur,
1377 4966 1472 5037 qui
1522 4967 1920 5037 discipulorum
1964 4985 2098 5024 suo-

531 5067 648 5105 rum
681 5054 847 5122 pedes
888 5054 1094 5109 idcirco
1133 5055 1284 5119 lavit,
1323 5066 1383 5110 ut
1422 5073 1524 5114 nos
1555 5058 1786 5114 invicem
1823 5060 1874 5114 id
1928 5060 2101 5114 facia-

532 5157 671 5197 mus.
712 5142 825 5197 Hoc
850 5145 993 5198 enim
1019 5154 1176 5214 pacto
1201 5148 1382 5203 omnis
1409 5150 1681 5218 superbia:
1700 5150 1896 5207 modus
1928 5150 2099 5206 inter-

529 5233 800 5297 clmletur,
833 5241 888 5288 et
915 5249 1080 5291 omne
1120 5251 1296 5306 genus
1347 5239 1641 5296 mundana:
1663 5242 1978 5299 ambitionis
2012 5258 2100 5299 re-

531 5327 786 5396 pelletur.
838 5325 976 5379 Nam
1029 5328 1075 5383 si
1129 5328 1219 5383 ille
1277 5337 1472 5384 natura
1521 5331 1790 5389 Dominus
1838 5342 2098 5405 tanquam

529 5432 722 5471 servus
748 5416 927 5473 factus
951 5428 1057 5484 est,
1086 5420 1363 5493 quomodo
1384 5439 1486 5479 nos
1510 5425 1653 5480 servi
1683 5425 1891 5497 aliquid
1923 5428 2102 5482 istius-

533 5506 680 5560 modi
710 5506 852 5563 l'errc
880 5509 1017 5563 citra
1050 5510 1395 5581 gravissima:
1424 5529 1598 5585 pcenae
1650 5515 1953 5584 periculum
2011 5531 2099 5571 re—

530 5615 767 5656 nuatnus
787 5601 810 5634 ⁸)

631 5778 652 5810 ⁸
690 5777 836 5839 Psal.
874 5798 1079 5851 αλκ-ιιι,
1118 5782 1205 5838 9i.

2190 4509 2430 4580 ἀκρατὴς
2474 4507 2761 4578 ἐπιθυμία.
2795 4507 2908 4561 Ἀεὶ
2954 4505 3064 4577 γάρ
3101 4523 3219 4569 πως
3265 4505 3327 4559 τὸ
3362 4505 3543 4575 μεῖζον
3583 4503 3769 4576 αἰρού-

2195 4601 2352 4674 μεθα,
2395 4603 2489 4656 καὶ
2528 4603 2640 4664 τοῖς
2680 4600 3084 4670 λαμπροτέροις
3129 4597 3401 4669 ἐπιπηδῷ
3436 4600 3491 4651 al
3535 4597 3771 4651 διάκενοι

2192 4694 2286 4747 τοῦ
2313 4694 2426 4764 βίου
2454 4693 2611 4762 τιμαὶ
2637 4690 2729 4745 τὸν
2757 4689 3031 4744 εὐόλισθον
3062 4687 3221 4760 ἡμῶν
3247 4688 3597 4742 ἀναπείθουσι
3623 4686 3774 4742 νοῦνε

2196 4787 2315 4840 ’Ίνα
2354 4785 2532 4840 τοίνυν
2576 4784 2674 4854 τῆς
2711 4781 2969 4852 τοιαύτης
3015 4779 3408 4852 καταλήξωμεν
3446 4780 3621 4843 νόσου,
3675 4780 3772 4832 καὶ

2194 4880 2293 4949 τῆς
2317 4876 2460 4931 οὕτω
2487 4875 2746 4948 βδελυρᾶς
2772 4873 3222 4944 ἀποπαυσὼμεθα
3253 4871 3546 4941 ἐπιθυμίας
3567 4870 3771 4941 (ἀπάτη

2193 4971 2323 5039 γὰρ,
2350 4969 2443 5022 καὶ
2477 4967 2565 5021 ἒτε
2575 4985 2666 5040 ρον
2691 4966 2843 5020 οὐδὲν
2874 4965 2936 5020 τὺ
2963 4964 3236 5035 φιλόδοξον
3265 4962 3478 5031 πάθος),
3505 4960 3668 5015 αὐτὸν
3691 4963 3771 5024 εἰς

2197 5064 2391 5115 οἰκεῖον
2436 5059 2720 5131 δεχώμεθα
2758 5059 2881 5113 νοῦν
2932 5058 3024 5114 τὸν
3069 5060 3328 5113 ἀπάντων
3382 5054 3604 5126 βασιλέα
3641 5055 3772 5125 Χρι-

2196 5152 2339 5213 στὸν,
2372 5150 2462 5204 διά
2500 5149 2658 5203 τοῦτο
2699 5148 2930 5219 νίψαντα
2974 5148 3082 5202 τῶν
3122 5146 3378 5219 μαθητῶν
3418 5146 3541 5208 τοὺς
3585 5142 3767 5208 πόδας,

2195 5242 2282 5297 ῐνα
2312 5243 2403 5296 καὶ
2429 5245 2588 5314 ἡμεῖς
2624 5241 2750 5305 τοὺς
2780 5240 3044 5311 ἀλλήλων.
3085 5240 3183 5293 Διά
3227 5239 3334 5310 γάρ
3382 5236 3569 5290 τούτου
3611 5233 3771 5288 κολα-

2199 5334 2459 5406 σθήσεται
2490 5332 2587 5404 μὲν
2613 5332 2758 5395 ἄπας
2786 5330 3100 5396 ἀλαζονείας
3142 5329 3360 5399 τρόπος,
3383 5329 3525 5384 ἀπαν
3553 5326 3610 5382 δὲ
3636 5320 3771 5386 εἶδος

2198 5424 2468 5498 κοσμικῆς
2512 5422 2816 5492 φιλοδοξίας
2855 5419 3096 5474 ἐκποδὼν
3144 5421 3443 5490 οἰχήσεται.
3487 5418 3551 5471 Et
3596 5416 3703 5485 γὰρ
3745 5414 3772 5465 6

2199 5517 2357 5587 φύσει
2401 5516 2605 5587 Κύριος
2670 5515 2746 5577 ὼς
2789 5511 3025 5581 οἰκέτης,
3069 5510 3186 5574 πῶς
3236 5511 3297 5564 τὸ
3335 5509 3519 5563 δοῦλον
3567 5506 3667 5560 οὐκ
3706 5504 3770 5558 ἂν

2199 5609 2373 5663 ἓλοιτό
2399 5626 2453 5662 τι
2484 5607 2677 5662 παθεῖν
2700 5606 2809 5659 τῶν
2833 5603 2980 5674 αὐτῷ
3013 5621 3112 5675 πρε
3123 5603 3497 5663 πωδεστάτων,
3521 5600 3615 5653 καὶ
3654 5596 3771 5667 οὐχὶ

2208 5699 2391 5754 λοιπὸν
2414 5699 2511 5770 τὴν
2540 5697 2763 5753 ἀπασῶν
2791 5695 3024 5766 ἐσχάτην
3048 5695 3279 5765 ἀποτίσῃ
3303 5693 3456 5762 δίκην
3480 5708 3495 5755 ;
