4010 6320
251 347 358 403 115

1339 348 1409 405 IN
1445 346 1732 423 JOANNIS
1769 336 2223 401 EVANGELIUM
2262 341 2392 397 LIB.
2432 340 2526 395 IX.

3388 335 3493 392 126

331 461 539 531 ’Δμὴη
567 462 732 535 ἀμὴν
763 462 918 534 λέγω
943 463 1104 534 ὑμῖν,
1134 467 1246 518 οὐκ
1275 465 1407 520 ἔστι
1434 463 1654 531 δοῦλος
1685 461 1815 533 μεί-

1986 457 2128 523 Xlll,
2159 458 2248 522 l6,
2290 458 2372 511 l7.
2413 457 2580 509 Amen
2613 470 2763 507 amen
2790 452 2911 506 dico
2938 451 3104 516 vobis,
3137 467 3240 507 non
3268 459 3345 505 est
3385 469 3495 507 ser-

245 554 359 617 ζων
395 554 506 609 τοῦ
546 555 759 622 κυρίου
789 556 997 623 αὐτοῦ,
1036 556 1181 611 οὐδὲ
1226 557 1567 623 ἀπόστολος
1608 553 1818 627 μείζων

243 643 354 699 τοῦ
378 642 732 713 πέμψαντος
758 644 965 698 αὐτόν.
992 648 1058 700 Εὶ
1084 646 1271 702 ταῦτα
1299 644 1521 721 aldtus,
1538 643 1820 715 μακάριοί

245 736 406 799 ἐστε,
439 737 550 790 ἐὰν
581 734 788 804 ποιῆτε
811 735 987 791 αὑτά.

318 826 520 897 Νόμοις
555 826 679 898 [Ion
718 825 940 898 ὅρκοις]
983 825 1173 896 ὥσπερ
1217 824 1537 892 ἀναγκαίοις
1588 821 1819 895 ὀχυροῦν

247 915 439 969 επεται
467 915 704 986 Χριστὸς
742 914 839 968 τοῦ
877 915 1273 985 πεπραγμένου
1304 914 1403 986 τὴν
1430 913 1681 983 δύναμιν,
1723 911 1819 966 καὶ

247 1007 671 1079 σφαλερωτάτην
706 1008 988 1072 παντελῶς
1028 1008 1320 1077 ἀποφαίνει
1353 1006 1453 1078 τὴν
1504 1004 1819 1077 παράϐασιν

243 1099 341 1167 τῆς
367 1097 748 1168 σωτηριώδους
782 1098 1021 1166 ἐντολῆς.
1064 1099 1138 1151 Τὸ
1172 1098 1282 1168 γὰρ
1337 1099 1484 1168 ὅρκῳ
1524 1095 1819 1167 βεϐαιωθὲν

244 1188 344 1240 οὐκ
365 1186 701 1255 ἀνέγκλητον
738 1185 850 1256 ἔχει
874 1187 974 1256 τὴν
1014 1186 1396 1257 παραδρομὴν.
1437 1186 1820 1256 Κατηγόρημα

242 1278 456 1339 τοίνυν,
488 1279 687 1349 φησιν,
733 1277 1145 1349 ἀπροφάσιστον
1187 1279 1301 1340 τοῖς
1336 1277 1578 1339 οἰκέταις
1602 1318 1616 1340 ,
1655 1277 1703 1328 εἰ
1742 1275 1817 1347 μή

239 1370 311 1424 τά
338 1370 431 1423 ἶσα
456 1372 673 1440 φρονεῖν
703 1368 937 1423 ἐθέλοιεν
968 1370 1081 1433 τοῖς
1113 1367 1264 1430 ἰδίοις
1287 1367 1591 1429 δεσπόταις.
1626 1365 1821 1418 Πλεονη

243 1463 367 1528 εξία
408 1461 521 1532 γάρ
562 1462 664 1533 ήδη
696 1461 792 1515 καὶ
820 1443 1007 1531 ἕτερον
1044 1461 1216 1524 οὐδὲν,
1249 1460 1311 1513 τὸ
1347 1459 1441 1512 τοῦ
1477 1458 1720 1530 μείζονάς
1756 1473 1816 1511 τε

243 1555 339 1609 καὶ
383 1555 528 1626 ὑπὲρ
573 1552 730 1619 ἀξίαν
778 1555 943 1624 ὲρᾷν·
996 1553 1316 1615 ἀποστόλοις
1362 1569 1422 1604 τε
1470 1550 1675 1619 ὁμοίως
1720 1548 1821 1620 τὴν

242 1644 416 1714 αὐτὴν
451 1642 517 1697 ἂν
547 1642 771 1706 εἰκότως
813 1642 1028 1696 εποίσαι
1058 1642 1275 1713 γραφὴν
1298 1684 1312 1707 ,
1350 1645 1411 1695 τδ
1445 1644 1505 1699 ἐν
1542 1639 1822 1709 ἀμείνοσιν

243 1729 383 1788 εἶναι
416 1734 602 1805 ζητεῖν
627 1776 642 1800 ,
673 1733 707 1805 ή
746 1736 804 1788 ὲν
850 1729 933 1796 οἷς
970 1736 1118 1787 ἐστιν
1154 1737 1182 1788 ὁ
1226 1732 1551 1795 ἀποστείλας
1599 1729 1817 1793 αὐτούς.

1916 567 2010 607 vus
2035 549 2210 619 major
2239 548 2454 602 domino
2479 562 2597 612 suo,
2626 561 2789 615 neque
2817 542 3091 611 apostolus
3120 543 3297 610 major
3322 553 3400 597 est
3434 559 3495 596 eo

1914 644 2006 714 qui
2029 644 2174 696 misit
2207 641 2382 695 illum.
2421 638 2481 694 Si
2514 640 2623 693 Itwc
2649 637 2823 702 scitis,
2861 636 3002 690 beati
3055 636 3227 701 eritis,
3274 635 3320 688 si
3354 634 3495 704 [εει-ι
3535 656 3540 701 ς

1916 734 2037 787 ritis
2058 751 2143 788 ea.
3536 710 3541 737 Ι

1986 824 2327 880 Juramenlis
2368 823 2535 878 veluti
2577 820 2914 877 necessariis
2981 819 3113 873 lacti
3166 817 3277 872 vim
3314 817 3494 871 lirmat

1917 916 2192 981 Christus,
2248 923 2301 971 et
2356 914 2867 984 praevaricationem
2933 912 3195 968 salutaris
3234 909 3493 979 praeepti

1917 1008 2242 1078 periculosa:
2298 1007 2516 1079 plenam
2596 1005 2727 1058 aleae
2793 1002 3058 1058 ostendit.
3124 1000 3282 1068 Quod
3346 1001 3494 1054 enim

1911 1098 2277 1171 jurejurando
2322 1098 2601 1151 lirmatum
2661 1095 2828 1166 728
2881 1103 2989 1161 est,
3023 1108 3130 1149 non
3164 1095 3285 1149 sine
3331 1093 3494 1160 culpa

1918 1191 2377 1263 praetermittitur.
2405 1189 2631 1244 Crimen
2673 1188 2844 1256 igitur
2875 1185 3260 1241 inexcusabile
3313 1184 3497 1238 lamu-

1919 1286 2094 1340 Iorum
2131 1290 2236 1347 est,
2289 1281 2492 1352 inquit,
2524 1278 2875 1333 dominorum
2938 1277 3209 1332 voluntati
3263 1274 3496 1343 obsequi

1920 1378 2084 1432 nolle.
2125 1374 2488 1443 Praesumptio
2524 1372 2732 1441 quippe
2775 1382 2879 1433 est,
2936 1369 3148 1437 majora
3184 1382 3348 1436 quam
3400 1381 3499 1435 par

1921 1469 1994 1524 sit
2025 1474 2284 1538 appetere
2311 1484 2324 1520 :
2364 1474 2418 1518 et
2449 1464 2687 1534 apostoli
2715 1463 2970 1515 similiter
2995 1458 3255 1528 culpandi
3286 1459 3419 1519 sint,
3451 1457 3498 1512 si

1921 1558 2044 1627 plus
2098 1555 2202 1610 sibi
2254 1561 2545 1608 assumant
2591 1566 2756 1622 quam
2811 1551 2862 1605 is
2917 1563 2948 1603 a
2999 1564 3111 1619 quo
3145 1548 3299 1603 missi
3343 1554 3496 1600 sunt.

1923 1647 2165 1702 Sulliciet
2191 1646 2338 1700 enim
2390 1644 2472 1699 eis
2505 1644 2574 1698 ad
2613 1641 2795 1695 omnis
2847 1639 3117 1694 claritatis
3160 1651 3497 1701 mensuram,

1922 1756 2045 1797 cum
2077 1755 2142 1795 eo
2184 1753 2213 1792 a
2244 1753 2354 1809 quo
2384 1735 2536 1790 missi
2597 1743 2746 1796 sunt,
2778 1732 3026 1801 ejusdem
3059 1745 3183 1785 esse
3243 1728 3498 1799 spiritus.

257 1827 508 1899 ’Δρκέσει
553 1826 661 1898 γάρ
708 1826 912 1890 αὐτοῖς,
956 1827 1034 1889 εἰς
1067 1826 1316 1890 εὐκλείας
1346 1824 1564 1895 ἀπάσης
1596 1823 1816 1893 μέτρον,

1926 1832 2038 1886 Hoc
2072 1838 2255 1885 autem
2293 1827 2432 1883 nihil
2474 1825 2622 1879 aliud
2668 1831 2790 1878 erat
2844 1838 3008 1893 quant
3064 1820 3271 1885 dicere,
3301 1818 3498 1872 Coram

243 1918 340 1972 τοῦ
390 1917 744 1987 πεπομφότος
789 1917 850 1970 τὸ
888 1917 1161 1988 φρόνημα.
1224 1916 1396 1970 Τοῦτο
1446 1916 1503 1969 δὲ
1554 1912 1623 1986 ἦν
1667 1915 1819 1969 οὐδὲν

246 2011 435 2080 ἓτερον
480 2008 513 2077 ἢ
552 2009 729 2061 ἐκεῖνο
763 2007 980 2072 πάντως
1013 2010 1190 2061 εἰπεῖν
1214 2048 1230 2072 ,
1279 2009 1362 2061 ὅτι
1408 2007 1820 2079 Γελασθήσεσθε

230 2101 475 2163 δικαίως
498 2100 593 2154 ἐπὶ
630 2099 726 2153 τοῦ
766 2098 909 2152 θείου
943 2097 1187 2169 βήματος
1210 2139 1225 2161 ,
1273 2102 1322 2153 εί
1364 2099 1538 2153 ταῦτα
1565 2100 1699 2171 δρᾷν
1738 2102 1819 2162 εἰς

247 2192 510 2263 ἀλλήλους
553 2191 707 2245 αὐτοὶ
746 2190 1103 2260 παραιτεῖσθε
1148 2191 1215 2244 δι’
1262 2191 1595 2263 ὑπεροψίαν,
1639 2192 1819 2246 καίτοι

244 2283 309 2337 τὺ
356 2283 456 2352 τῆς
497 2282 739 2346 δουλείας
792 2282 961 2350 ὄνομα
1008 2282 1264 2351 λαχόντες
1301 2283 1513 2347 κοινὸν,
1564 2272 1708 2355 άπερ
1740 2284 1821 2345 εἰς

136 2418 143 2423 ,
246 2376 392 2445 ὑμᾶς
423 2372 565 2441 ἐγὼ,
610 2373 786 2427 καίτοι
839 2373 979 2427 κατὰ
1032 2373 1194 2442 φύσιν
1231 2374 1493 2444 ὑπάρχων
1545 2374 1675 2437 Θεὸς
1728 2376 1822 2428 καὶ

245 2465 472 2535 Κύριος.
518 2464 753 2516 ’Ἄτοπον
788 2462 897 2532 γάρ
931 2460 1181 2530 ἀληθῶς,
1235 2461 1434 2531 μᾶλλον
1477 2461 1534 2514 δὲ
1575 2461 1677 2530 ήδη
1723 2463 1822 2531 τῆς

246 2555 510 2608 ἀνωτάτω
554 2553 748 2623 μανίας
784 2553 885 2606 οὐκ
927 2550 1190 2623 ἀμοιροῦν
1214 2590 1230 2613 ,
1284 2552 1502 2614 οἰκέτας
1544 2551 1702 2615 ὄντας
1761 2553 1820 2604 ἐν

247 2647 495 2700 ἐλάττοσι
535 2644 628 2698 τοῦ
658 2644 751 2698 καὶ
781 2644 1050 2698 Δεσπότω
1084 2644 1178 2697 καὶ
1224 2643 1645 2707 ἀποστείλαντος
1669 2685 1684 2708 ,
1725 2645 1822 2696 ὲπο

243 2736 508 2807 ερυθριᾷν
557 2735 771 2798 ἀτόπως
829 2737 898 2806 τῇ
955 2735 1091 2805 πρὸς
1142 2734 1405 2805 ἀλλήλους
1469 2733 1703 2805 δουλείᾳ.
1757 2735 1820 2787 Ei

243 2829 421 2882 ταῦτα
454 2828 635 2880 τοίνυν
667 2826 780 2880 ίστε
803 2867 818 2889 ,
859 2827 996 2897 φησὶ
1021 2866 1035 2890 ,
1069 2825 1215 2878 τοῦτ’
1247 2825 1394 2878 ἐστιν
1416 2866 1431 2890 ,
1464 2828 1512 2880 εί
1543 2829 1683 2880 νοεῖν
1726 2826 1820 2878 δύ-

244 2920 411 2975 νασθε
439 2918 656 2987 σαφῶς,
703 2920 732 2972 ὅ
770 2935 948 2989 φημι,
986 2936 1004 2968 t
1041 2918 1319 2988 Μακάριοι
1350 2920 1472 2972 ἐστε
1504 2918 1601 2973 ἐὰν
1629 2921 1821 2989 ποιῆτε

244 3010 408 3064 αὑτά.
448 3028 467 3061 s
502 3009 576 3062 οὔ
607 3008 717 3078 γὰρ
764 3008 826 3061 τὸ
860 3007 1060 3061 εἰδέναι
1110 3007 1212 3078 τήν
1269 3007 1508 3080 ἀρετὴν,
1565 3009 1705 3062 ἀλλὰ
1756 3009 1815 3061 τὸ

245 3101 575 3173 ἐργάζεσθαι
607 3100 808 3172 μᾶλλον
838 3099 1164 3170 ἀξιέραστόν
1208 3117 1269 3153 τε
1313 3102 1409 3154 καὶ
1456 3101 1819 3173 ἀξιοζήλωτον

1924 1924 2111 1980 divino
2139 1919 2401 1977 tribunali
2430 1919 2629 1974 merito
2662 1914 3003 1976 ridebimini,
3034 1913 3079 1967 si
3118 1912 3234 1966 haec
3277 1910 3416 1964 alter
3443 1908 3497 1962 in

1924 2017 2154 2070 alterum
2180 2011 2203 2065 l’
2206 2026 2369 2067 acere
2400 2025 2510 2080 pra:
2540 2007 2798 2078 superbia
2826 2005 3037 2066 nolitis,
3058 2003 3187 2057 licet
3209 2012 3502 2056 conmmne

1922 2104 2207 2160 servitutis
2257 2115 2453 2156 nomen
2514 2097 2721 2163 sortiti,
2770 2111 2894 2166 quat
2939 2095 2995 2147 in
3035 2108 3132 2146 vos
3174 2106 3317 2161 ego,
3373 2089 3503 2142 licet

1924 2194 2228 2250 secundum
2287 2200 2541 2244 naturam
2578 2188 2857 2243 exsistens
2892 2184 3036 2239 Deus
3081 2198 3145 2237 ac
3210 2178 3498 2234 Dominus.

1923 2285 2239 2342 Absurdum
2283 2283 2432 2343 enim
2476 2290 2563 2336 est
2592 2278 2865 2350 proiecto,
2916 2286 2970 2330 et
3017 2275 3245 2330 extremi
3297 2271 3502 2326 furoris

1925 2378 2165 2449 plenum,
2218 2389 2339 2437 vos,
2374 2387 2499 2427 cum
2560 2371 2708 2426 servi
2774 2369 2919 2432 sitis,
2960 2365 3194 2419 Domino
3229 2370 3380 2431 eteo
3407 2360 3502 2430 qui

1926 2468 2080 2522 misit
2116 2464 2275 2535 longe
2329 2464 2598 2525 minores,
2635 2470 2883 2515 mutuam
2946 2468 3126 2511 tamen
3180 2455 3501 2511 servitutem

1925 2559 2275 2615 erubescere.
2308 2553 2367 2609 Si
2402 2556 2518 2609 haec
2544 2552 2702 2608 scitis
2736 2551 2926 2621 igitur,
2960 2546 3162 2617 inquit,
3227 2545 3335 2598 hoc
3391 2549 3500 2603 est,

1925 2652 1970 2707 si
1996 2650 2141 2705 clare
2171 2662 2338 2703 nosse
2361 2644 2600 2716 potestis
2627 2641 2775 2712 quod
2807 2641 2966 2703 dico,
3010 2657 3030 2689 ι
3070 2636 3221 2690 Beati
3270 2634 3410 2690 estis
3456 2634 3504 2687 si

1928 2740 2173 2798 feceritis
2199 2753 2285 2794 ea.
2322 2757 2340 2790 ι
2370 2735 2490 2789 Non
2540 2734 2688 2789 enim
2737 2732 2885 2786 scire
2912 2730 3199 2787 virtutem,
3259 2724 3352 2779 sed
3383 2739 3503 2779 eam

1927 2846 2187 2891 exercere
2213 2828 2510 2899 optandum
2542 2833 2627 2880 est
2670 2831 2836 2893 atque
2889 2818 3188 2874 laudabile.
3240 2815 3508 2871 Existimo

1924 2942 2057 2985 vero
2083 2933 2349 2999 praestare
2382 2917 2795 2990 quodammodo
2830 2930 2949 2971 eam
2992 2929 3060 2968 ne
3097 2911 3360 2966 didicisse
3391 2908 3509 2978 qui.

1926 3020 2071 3082 dem,
2105 3029 2269 3087 quam
2295 3026 2421 3068 cum
2447 3008 2729 3070 didiceris,
2764 3005 2987 3077 pigritia
3011 3012 3244 3058 mentem
3273 3000 3505 3070 illigare,

1927 3120 1980 3166 et
2014 3123 2138 3179 quae
2187 3113 2339 3161 recta
2371 3112 2427 3157 et
2454 3103 2597 3156 bona
2625 3114 2749 3154 esse
2800 3097 2977 3158 noris,
3014 3094 3164 3148 nolle
3220 3090 3513 3158 perlicere,

248 3192 380 3263 φαίη
419 3210 505 3255 τις
530 3192 617 3246 ἄν.
651 3188 817 3262 Οἶμαι
845 3191 900 3244 δὲ
944 3192 1028 3245 ὅτι
1052 3192 1194 3262 τάχα
1225 3209 1344 3254 πως
1383 3194 1479 3245 καὶ
1511 3194 1734 3263 ἄμεινον
1760 3193 1822 3247 τὸ

1926 3204 2080 3275 juxta
2109 3197 2420 3255 Servatoris
2448 3209 2683 3248 vocem:
2731 3210 2749 3242 ι
2797 3190 2903 3256 Qui
2950 3204 3061 3243 non
3102 3184 3362 3256 cognovit
3411 3195 3511 3236 vo-

252 3284 374 3357 μηδ’
398 3284 537 3346 ὅλως
577 3282 769 3353 μαθεῖν
796 3322 811 3344 ,
852 3284 886 3354 ἢ
938 3282 1210 3352 μαθόντας
1263 3283 1406 3355 ὄκνῳ
1450 3283 1682 3353 πεδῆσαι
1732 3284 1823 3339 τὸν

248 3375 376 3430 νοῦν
398 3418 414 3441 ,
451 3374 543 3429 καὶ
573 3373 716 3445 ἆπερ
747 3374 812 3429 ἀν
840 3391 924 3438 τις
962 3375 1165 3445 ἀριστά
1207 3393 1267 3429 τε
1317 3378 1414 3430 καὶ
1459 3377 1636 3449 ὀρθῶς
1680 3377 1825 3448 ἔχειν

247 3467 439 3536 εἰδείη,
484 3465 559 3537 μή
592 3465 876 3537 βούλεσθαι
914 3464 1236 3537 κατορθοῦν,
1273 3468 1417 3521 κατὰ
1440 3469 1538 3539 τὴν
1576 3470 1670 3524 τοῦ
1708 3472 1824 3524 Σωε-

246 3559 416 3627 τῆρος
438 3559 657 3626 φωνήψ
696 3575 717 3610 t
756 3556 813 3611 '0
845 3558 919 3628 μὴ
956 3556 1113 3622 εἰδὼς
1135 3558 1196 3611 τὸ
1229 3558 1441 3630 θέλημα
1481 3560 1577 3614 τοῦ
1617 3562 1825 3634 Κυρίου

249 3647 457 3713 αὐτοῦ,
502 3648 597 3702 καὶ
643 3647 717 3718 μὴ
761 3651 1034 3719 ποιήσας,
1083 3647 1382 3719 δαρήσεται
1430 3651 1645 3721 ὀλίγας*
1701 3656 1730 3707 ό
1769 3653 1825 3705 δὲ

250 3737 429 3801 εἰδὼς,
459 3737 662 3809 καὶμὴ
690 3739 943 3809 ποιήσας,
974 3739 1266 3810 δαρήσεται
1300 3740 1519 3804 πολλάς.
1560 3762 1577 3793 ι
1611 3741 1701 3812 Τῷ
1727 3743 1826 3814 μὲν

250 3831 362 3901 γὰρ
388 3829 683 3900 ἠγνοηκότι
722 3828 1024 3893 παντελῶς,
1060 3831 1109 3882 εί
1138 3832 1234 3885 καὶ
1275 3833 1553 3886 εὐθύνοιτό
1587 3851 1703 3896 πως
1734 3834 1827 3887 ἐπὶ

250 3926 318 3993 τῇ
351 3920 603 3993 ῥᾳστώνῃ
627 3921 807 3991 τυχὸν,
833 3923 894 3974 τὸ
914 3921 1047 3991 γοῦν
1073 3923 1300 3995 μετρίαν
1325 3927 1548 3995 αἰτῆσαι
1576 3927 1825 3995 συγγνὼ-

257 4030 364 4084 μην
382 4013 445 4066 οὐ
478 4012 598 4065 λίαν
618 4012 962 4083 ἀνάρμοστον
987 4029 1000 4040 ·
1029 4013 1108 4083 τῷ
1131 4031 1194 4083 γε
1226 4014 1331 4085 μὴν
1362 4016 1525 4070 είδότι
1546 4020 1606 4070 τὸ
1635 4019 1827 4088 χρῆμα

252 4104 450 4170 γένοιτ’
486 4103 552 4158 ἂν
579 4102 840 4172 δυσαχθὲς
862 4106 942 4167 είς
971 4107 1315 4177 κατάκρισιν,
1348 4109 1381 4178 ή
1421 4109 1644 4178 γνῶσις.
1683 4112 1828 4164 Κατο

253 4196 524 4266 εφρόνησε
560 4193 705 4264 γὰρ,
748 4194 961 4258 οὐδενὸς
991 4196 1139 4266 αὐτῷ
1169 4196 1446 4261 λείποντος
1480 4201 1560 4263 είς
1585 4200 1646 4253 τὸ
1671 4200 1830 4254 δύνα-

254 4287 381 4339 σθαι
409 4286 545 4357 δρᾷν
566 4286 635 4338 τὰ
675 4285 823 4355 αὑτῷ
852 4286 1301 4359 πρεπωδέστερα.
1335 4289 1457 4361 Χρὴ
1490 4289 1671 4343 τοίνυν
1692 4290 1830 4344 είδόο

252 4396 352 4441 τας
376 4375 744 4448 ἐργάζεσθαι·
789 4376 996 4432 τέλειον
1042 4379 1152 4449 γάρ
1187 4380 1310 4433 τότε
1347 4382 1448 4452 τῆς
1505 4383 1564 4435 ὲν
1605 4382 1829 4455 Χριστῷ

254 4470 530 4533 πολιτείας
571 4468 636 4522 τὸ
668 4468 929 4541 καύχημα
986 4473 1390 4542 περικείμενοι,
1445 4474 1828 4546 πληρεστάτην

1924 3297 2193 3350 luntatem
2223 3287 2437 3343 domini
2470 3285 2577 3350 sui,
2609 3292 2663 3340 et
2691 3299 2802 3339 non
2828 3281 2985 3344 fecit,
3027 3278 3314 3349 vapulabit
3366 3288 3510 3345 pau—

1924 3385 2047 3441 cis:
2082 3381 2177 3453 qui
2213 3387 2395 3434 autem
2428 3375 2690 3446 cognovit
2742 3381 2800 3428 et
2856 3386 2969 3427 non
3019 3370 3173 3432 fecit,
3225 3363 3511 3436 vapulabit

1926 3476 2115 3531 tnultis
2135 3474 2201 3526 "’.
2244 3492 2263 3524 ι
2296 3470 2410 3525 Nec
2434 3469 2580 3523 enim
2609 3456 2842 3521 multum
2870 3464 3101 3519 dedecet
3131 3476 3256 3516 eum
3291 3457 3509 3512 veniam

1925 3564 2258 3619 mediocrem
2283 3568 2469 3629 petere
2502 3556 2597 3625 qui
2634 3568 2866 3624 prorsus
2911 3549 3199 3621 ignorarit,
3253 3547 3386 3601 licet
3439 3544 3513 3600 ob

1928 3651 2199 3724 pigritiam
2238 3649 2379 3703 forte
2411 3661 2540 3701 reus
2576 3646 2689 3700 sit:
2723 3650 2780 3697 at
2826 3642 2876 3696 ei
2940 3640 3035 3711 qui
3073 3640 3259 3694 sciens
3295 3637 3510 3700 fecerit,

1925 3745 2167 3816 cognitio
2193 3739 2641 3798 condemnationi
2665 3737 2792 3792 erit.
2810 3734 3158 3804 Contempsit
3183 3733 3354 3793 enim,
3384 3744 3510 3784 cum

1926 3838 1993 3892 ad
2045 3835 2281 3891 ollicium
2333 3830 2670 3900 implendum
2728 3827 2866 3882 nihil
2905 3825 2956 3881 ei
3005 3825 3243 3879 deesset.
3285 3821 3513 3890 Oportet

1927 3930 2093 3999 igitur
2120 3933 2179 3980 ut
2203 3925 2296 3994 qui
2334 3923 2520 3978 sciunt
2551 3926 2855 3990 operentur
2882 3935 2896 3972 :
2932 3924 3067 3970 tunc
3094 3914 3242 3969 enim
3267 3911 3512 3982 perlecta

1931 4024 2050 4077 vita:
2074 4021 2129 4073 in
2162 4017 2386 4072 Christo
2415 4021 2717 4068 transacta:
2748 4011 2923 4082 gloria
2958 4006 3225 4068 redimiti,
3258 4002 3516 4074 plenissi-

1928 4129 2071 4169 mam
2120 4110 2416 4181 aliqnamlo
2461 4105 2887 4161 retributionem
2940 4100 3301 4169 recipiemus.
3361 4094 3517 4149 Unde

1930 4203 2187 4258 Servatur
2222 4215 2346 4255 eum
2395 4198 2489 4269 qui
2543 4195 2742 4251 iecerit
2798 4201 2853 4248 et
2902 4191 3187 4252 docuerit,
3255 4201 3514 4258 magnunt

1930 4295 2110 4349 aiebat
2165 4292 2291 4361 jure
2341 4290 2542 4344 merito
2601 4295 2860 4341 vocatum
2906 4284 2976 4337 iri
3029 4283 3081 4335 in
3133 4294 3305 4350 regno
3339 4276 3516 4332 caelo-

1932 4403 2050 4440 rum
2076 4385 2143 4440 '°.
2180 4382 2321 4449 Quid
2358 4381 2506 4437 enim
2543 4380 2609 4433 ad
2644 4379 2904 4445 pietatem
2938 4375 2989 4429 ei
3028 4373 3228 4429 deest?
3253 4381 3346 4426 aut
3379 4384 3516 4441 quo-

1931 4476 2095 4532 modo
2130 4490 2240 4529 non
2275 4473 2542 4527 divinitus
2577 4470 2825 4540 acceptis
2861 4465 3290 4539 perfectissimis
3355 4463 3519 4518 donis

254 4560 397 4615 κατά
431 4562 657 4632 καιροὺς
681 4561 1072 4632 ἁποληψόμεθα
1096 4562 1194 4632 τὴν
1224 4563 1517 4619 ἀντίδοσιν.
1554 4566 1664 4620 Καὶ
1693 4564 1823 4635 γοῦν

1929 4568 2217 4639 glorietur,
2248 4567 2341 4636 qui
2378 4580 2605 4635 operum
2657 4563 2927 4617 bonorum
2990 4559 3289 4630 splendore
3320 4571 3516 4611 cumu—

254 4653 283 4704 ό
308 4651 504 4722 Σωτὴρ
559 4651 652 4705 τὸν
701 4652 1004 4722 ποιήσαντα
1061 4655 1156 4706 καὶ
1189 4652 1474 4719 διδάξαντα
1518 4656 1693 4726 μέγαν
1721 4655 1825 4727 ἔφη

252 4741 659 4812 κληθήσεσθαι,
717 4742 811 4796 καὶ
849 4744 992 4812 μάλα
1033 4744 1259 4809 δικαίως
1287 4785 1302 4806 ,
1361 4749 1419 4799 ἐν
1466 4749 1534 4818 τῇ
1580 4747 1829 4821 βασιλείᾳ

252 4834 363 4885 τῶν
388 4832 653 4903 οὐρανῶν.
690 4834 756 4887 Τί
777 4834 887 4906 γὰρ
919 4835 1068 4906 αὐτῷ
1096 4836 1158 4890 τὸ
1188 4836 1371 4891 λεῖπον
1397 4839 1476 4902 είς
1502 4839 1785 4894 εὐσέϐειαν
1811 4858 1825 4908 ;

255 4918 300 4992 ᾦ
337 4925 382 4978 δ’
412 4924 481 4979 ἂν
525 4926 768 4995 φαίνοιτο
813 4928 1015 4998 προσὸν
1058 4929 1119 4983 τὸ
1167 4930 1227 4997 ἐξ
1268 4930 1446 5001 ἔργων
1496 4932 1719 5000 ἀγαθῶν
1770 4934 1828 4985 ὲν

254 5018 535 5088 ὁλοκλήρῳ
564 5017 873 5088 καυχᾶσθαι
893 5018 973 5089 τῷ
998 5019 1203 5091 μέτρῳ,
1237 5022 1354 5086 πῶς
1387 5023 1486 5075 οὐκ
1528 5023 1595 5076 ἂν
1621 5024 1829 5092 γένοιτο

258 5108 407 5178 παρά
440 5108 577 5161 θεοῦ
610 5108 671 5162 τὸ
705 5109 1069 5173 τελειοτάταις
1102 5108 1362 5183 ἐπαυχεῖν
1388 5113 1658 5183 δωρεαῖς;
1692 5115 1830 5168 Σύν-

261 5196 456 5268 δρομος
482 5193 576 5253 οὖν
611 5199 720 5271 ἄρα
768 5202 879 5262 τοῖς
910 5200 1092 5270 ἔργοις
1123 5202 1252 5257 ὅταν
1280 5206 1314 5275 ή
1354 5204 1555 5272 γνῶσις
1583 5204 1829 5275 γένηται,

261 5290 378 5343 τότε
408 5291 473 5361 δὴ
515 5291 733 5354 πάντως
780 5292 1018 5361 ὀνίνησιν
1063 5295 1125 5347 οὐ
1173 5294 1421 5366 μικρῶςο
1466 5294 1834 5360 ὲλλελοιπότος

264 5380 315 5433 δὲ
345 5381 627 5452 ὁποτέρου,
659 5383 832 5458 χωὶρν
860 5384 924 5455 δὴ
968 5385 1185 5449 πάντως
1210 5386 1272 5439 τὸ
1305 5386 1492 5457 ἕτερον
1524 5386 1699 5441 ἔσται.
1735 5386 1828 5441 Γέ-

270 5488 503 5541 γραπται
551 5473 643 5537 se,
697 5475 779 5526 ὅτι
825 5477 936 5530 Καὶ
984 5479 1018 5547 ή
1052 5477 1235 5541 πίστις
1280 5480 1447 5550 χωρὶς
1494 5479 1603 5532 τῶν
1655 5479 1831 5550 ἔργων

269 5564 431 5636 νεκρά
475 5567 615 5617 ἐστι.
666 5564 861 5619 Καίτοι
897 5568 956 5620 τὸ
1004 5567 1205 5622 εἰδέναι
1253 5570 1386 5624 Θεὸν
1440 5570 1532 5624 τὸν
1562 5571 1679 5629 ,ἕνα
1735 5574 1827 5628 καὶ

337 5743 378 5776 ⁷⁹
418 5738 553 5797 Luc.
589 5759 702 5803 xu.
745 5742 826 5795 Π.
905 5744 949 5777 ⁸ο
993 5744 1181 5803 Matth.
1222 5764 1283 5810 ν,
1318 5750 1407 5804 19.

1925 4664 2032 4717 late
2081 4658 2328 4731 fulgeat?
2375 4657 2607 4724 Quando
2640 4656 2810 4725 igitur
2849 4654 3152 4725 cognitioni
3216 4650 3514 4719 conjuncta

1925 4761 2055 4809 sunt
2084 4767 2277 4822 Opera,
2308 4760 2442 4804 tunc
2473 4764 2580 4803 non
2609 4763 2804 4818 parum
2849 4748 2976 4801 inde
3006 4744 3262 4800 utilitatis
3300 4742 3513 4804 oritur;

1926 4848 2196 4901 alterutro
2232 4860 2364 4899 vero
2388 4841 2702 4908 deﬁciente,
2730 4855 2988 4894 mancum
3021 4849 3252 4907 prorsus
3276 4833 3512 4885 alterum

1924 4938 2052 4993 erit.
2075 4936 2351 5005 Scriptum
2371 4947 2452 4989 est
2480 4943 2685 4999 autem,
2731 4931 2889 4985 ﬁdem
2927 4930 3044 4984 sine
3062 4923 3325 4995 operibus
3363 4937 3514 4973 utor-

1928 5036 2077 5082 tuam
2096 5025 2507 5092 esse.Quamvis
2520 5023 2665 5078 enim
2686 5021 2829 5078 scire
2842 5020 3009 5074 Deum
3032 5030 3197 5069 umtm
3216 5021 3272 5067 et
3290 5022 3510 5074 natura,

1929 5118 2093 5190 729
2146 5132 2380 5187 eumque
2420 5117 2633 5171 sincere
2689 5128 2754 5168 ac
2789 5127 2920 5166 vere
2963 5105 3213 5162 conﬁteri
3249 5103 3384 5158 ﬁdes
3416 5103 3515 5168 sit,

1929 5222 2111 5266 tamen
2151 5210 2298 5275 istud
2358 5224 2582 5280 quoque
2628 5214 2911 5261 mortuum
2970 5208 3077 5265 est,
3142 5196 3248 5251 nisi
3284 5208 3512 5265 operum

1933 5302 2197 5373 splendor
2252 5312 2644 5371 consequatur.
2701 5296 2891 5351 Nonne
2950 5308 3082 5361 ergo
3147 5289 3349 5345 inutile
3427 5294 3515 5343 est

1936 5410 2168 5468 prorsus
2215 5394 2359 5450 scire
2398 5393 2529 5463 quid
2589 5392 2662 5447 sit
2714 5389 2943 5453 bonum,
2988 5384 3098 5440 nisi
3140 5382 3273 5438 illud
3330 5382 3515 5437 colere

1943 5487 2122 5542 velis?
2149 5485 2298 5541 lianc
2330 5487 2513 5556 itaque
2540 5483 2609 5538 ob
2634 5496 2857 5536 causam
2892 5479 3082 5534 beatos
3117 5478 3235 5533 fore
3267 5476 3343 5531 ait
3382 5487 3512 5528 suos

1940 5578 2270 5650 discipulos,
2308 5578 2422 5635 sive
2453 5574 2749 5631 credentes
2778 5571 2832 5628 in
2882 5587 3029 5643 cum,
3070 5569 3116 5628 si
3178 5584 3287 5625 non
3344 5564 3512 5620 modo
