4010 6320
540 323 642 380 1‘27
1543 320 1600 375 S.
1630 319 1901 375 ργιιιιιι
1929 318 2397 375 ΑΕΕΧᾹΝΜΚΙΜ
2440 320 2757 397 ᾼΗΟΠΙΕΡ.
3669 310 3770 365 ιει

538 434 905 505 cognitionem
944 449 1133 490 eorum
1169 449 1289 503 qua:
1336 432 1526 488 docuit
1579 433 1950 503 susceperint,
2010 432 2101 487 sed

2210 431 2392 499 φύσει.
2428 433 2520 485 καὶ
2551 431 2831 501 ὁμολογεῖν
2874 429 3075 491 ἀδόλως
3116 445 3172 481 τε
3210 427 3303 481 καὶ
3342 425 3573 496 ἀληθῶς,
3617 423 3771 477 τοῦτό

538 526 584 580 si
608 541 672 582 ea
700 542 915 597 quoque
947 526 1197 581 fecerint.

2208 525 2351 577 ἐστιν
2381 525 2414 591 ἡ
2442 524 2645 584 πίστις,
2680 523 2815 575 ἀλλὰ
2856 523 2946 575 καὶ
2976 520 3137 573 τοῦτο
3165 520 3384 588 νεκρὸν,
3419 518 3494 588 μὴ
3524 533 3769 587 παρεπο-

540 616 706 688 μένης
733 617 880 688 αὐτῷ
904 620 1003 689 τῆς
1035 618 1096 681 ἐξ
1124 617 1299 688 ἔργων
1333 616 1707 688 φαιδρότητος.
1734 617 1857 681 Πῶς
1882 613 1974 669 οὖν
1998 616 2099 668 οὐκ
2139 615 2393 685 ἀνόνητον
2443 614 2718 677 παντελῶς
2765 614 2826 666 τι
2876 612 3075 665 εἰδέναι
3120 611 3216 680 μὲν
3244 609 3403 678 τυχὸν
3438 607 3489 660 τί
3553 607 3618 660 ἂν
3685 607 3770 674 εἴη

535 708 598 763 τὸ
650 709 889 777 ἀγαθὸν,
948 708 1022 779 μὴ
1097 708 1203 779 μὴν
1273 708 1476 762 ἐθέλειν
1526 709 1643 770 ἔτι,
1698 708 1793 760 καὶ
1844 704 2181 776 ἐπιτηδεύειν
2219 707 2388 771 αὐτός
2462 706 2558 759 Διὰ
2625 705 2827 773 ταύτην
2875 700 3161 772 τοιγαροῦν
3210 702 3309 769 τὴν
3361 698 3537 751 αἰτίαν
3595 715 3773 768 μαχαι-

540 799 688 870 ρίους
750 798 967 852 ἔσεσθαί
1027 816 1162 869 φησι
1220 800 1347 862 τοὺς
1406 798 1597 851 ἑαυτοῦ
1664 797 1943 867 μαθητὰς,
1989 798 2106 865 ἦτοι
2143 796 2266 855 τοὺς
2298 794 2649 857 πιστεύοντας
2691 794 2769 855 εἰς
2820 790 3009 854 αὐτὸν,
3056 790 3118 843 οὐ
3186 788 3345 859 μόνον
3383 788 3600 851 ἑλόντας
3666 788 3771 840 τῶν

1753 888 1856 940 αλλ’
1900 887 1949 939 εί
2009 885 2101 937 καὶ
2141 883 2313 954 δρῷεν
2345 884 2504 938 αὑτά.

609 981 748 1047 XIII,
769 982 850 1036 18.
881 979 1000 1034 Νοιι
1023 981 1085 1034 de
1103 981 1341 1035 omnibus
1363 982 1502 1034 vobis
1528 980 1646 1033 dico
1684 997 1701 1033 :
1738 997 1829 1047 ego
1852 981 1985 1031 enim
2005 980 2106 1030 scio

2285 979 2366 1028 Οὐ
2414 975 2547 1044 περὶ
2598 974 2839 1027 πάντων
2889 969 3055 1040 ὑμῶν
3101 969 3255 1037 λέγω
3278 985 3293 998 ·
3346 968 3461 1036 ἐγὼ
3502 968 3608 1037 γὰρ
3640 963 3771 1021 οἶδα

536 1090 665 1145 quos
709 1073 991 1141 elegerint,
1026 1072 1115 1126 sed
1156 1083 1210 1125 ιιι
1260 1074 1615 1139 adimpleatur
1662 1071 1967 1140 Scriptura,
2008 1070 2106 1132 Qui

2208 1066 2377 1129 τίνας
2406 1061 2797 1131 ἐξελεξάμην,
2835 1060 2974 1114 ἀλλ’
3012 1059 3112 1111 ἵνα
3156 1058 3195 1125 ἡ
3225 1056 3433 1145 Γραςῖὴ
3466 1054 3767 1123 πληρωθῇ,

538 1165 827 1218 manducet
870 1181 1069 1219 mecum
1112 1180 1321 1232 panem,
1366 1165 1551 1217 levarit
1589 1174 1775 1216 contra
1814 1178 1893 1216 me
1923 1162 2110 1215 calca-

541 1270 693 1308 tmtm
723 1271 821 1308 ειιιι
830 1271 899 1310 ιιι.

609 1344 728 1399 Non
780 1360 970 1414 parum
1016 1345 1373 1399 obscuritatis
1417 1344 1532 1396 lttrc
1577 1344 1741 1397 verba
1791 1344 2101 1397 continent.

535 1433 673 1490 Nam
710 1436 899 1492 beatos
947 1435 1063 1490 fore
1088 1435 1277 1489 dicens
1312 1450 1407 1489 eos
1450 1434 1545 1503 qui
1577 1435 1703 1487 boni
1734 1435 2102 1503 cognitionem

537 1527 763 1591 habent,
793 1534 848 1582 et
896 1543 1059 1597 opere
1110 1525 1479 1588 illudlaeerc
1532 1528 1780 1589 student,
1820 1526 2105 1595 subjunxit

537 1618 747 1680 statim,
787 1636 805 1666 ι
847 1616 968 1671 Νιιιι
1013 1618 1081 1673 de
1110 1618 1373 1673 omnibus
1407 1618 1554 1679 dico,
1597 1638 1614 1670 ι
1652 1619 1983 1688 proditorem
2020 1620 2103 1669 itt-

535 1724 734 1773 nttetts,
776 1719 833 1763 ttt
885 1725 986 1779 ego
1045 1726 1171 1763 cum
1223 1711 1409 1763 multis
1470 1712 1726 1764 existimo
1759 1732 1771 1764 :
1808 1726 1908 1763 nec
1964 1710 2105 1763 enim
2142 1721 2181 1775 Β

536 1799 680 1854 inter
717 1801 905 1855 felices
939 1810 1034 1853 aut
1062 1802 1251 1856 beatos
1288 1816 1528 1869 unquam
1569 1802 1950 1854 numerabitur
2013 1802 2104 1868 qui

538 1900 690 1946 tanta
731 1894 1014 1963 impietate
1065 1901 1302 1946 utentem
1335 1892 1726 1946 obstrinxerit.
1757 1892 1817 1945 Et
1865 1894 1954 1945 illa
1988 1894 2108 1960 qui-

536 1985 663 2037 dem
694 1994 777 2038 est
823 1984 987 2052 ltttjus
1032 1984 1137 2037 loci
1186 1983 1327 2051 apud
1385 1987 1585 2039 multos
1637 1986 1764 2037 trita
1813 1987 2104 2047 sententia.

537 2075 694 2128 Alter
722 2083 902 2127 autem
934 2083 1195 2142 praeterea
1245 2090 1443 2128 sensus
1479 2085 1562 2129 est
1610 2074 1941 2129 istiusmodi.
1971 2076 2106 2128 Cum

536 2167 683 2220 enim
725 2166 981 2218 dicturus
1030 2176 1178 2219 esset
1213 2165 1665 2234 Citristus,juxta
1705 2167 2106 2221 sanctissimam

539 2256 885 2327 Scripturatn
919 2276 932 2311 :
970 2277 988 2309 ι
1028 2258 1135 2322 Qui
1189 2258 1386 2313 edebat
1425 2274 1604 2311 meum
1649 2274 1869 2328 panem,
1898 2259 2107 2328 magni-

540 2347 727 2402 llcavit
786 2364 954 2418 super
1015 2365 1101 2404 me
1154 2351 1683 2419 supplantatimtem,
1721 2351 1858 2411 sive,
1910 2352 2109 2404 levavit

538 2450 732 2494 contra
769 2455 855 2494 tne
886 2441 1206 2495 calcaneum
1238 2458 1398 2496 suum
1424 2442 1467 2472 ⁸³
1509 2460 1521 2495 :
1566 2461 1584 2492 ι
1624 2443 1948 2511 purgatione
1972 2457 2108 2510 qua-

538 2530 664 2584 dam
701 2531 852 2601 prius
896 2533 1089 2595 utitur,
1114 2543 1179 2584 et
1210 2533 1508 2598 genuinum
1548 2533 1778 2587 aliorum
1809 2533 2108 2602 discipulo-

537 2634 658 2674 rum
690 2630 889 2674 curtum
925 2620 1142 2681 delittit.
1170 2623 1262 2674 uni
1314 2620 1584 2675 duntaxat
1615 2622 1868 2676 criminis
1924 2631 2106 2675 notant

537 2710 867 2781 impingens.
898 2711 1037 2776 Quia
1077 2713 1222 2766 enim
1258 2727 1457 2777 panem
1486 2712 1608 2781 ejus
1641 2728 1836 2767 omnes
1873 2714 2105 2767 mandu-

534 2803 758 2865 cabant,
792 2810 1192 2858 eonveseentes
1223 2802 1486 2855 nimirum
1537 2812 1584 2857 et
1629 2820 1733 2856 ttua
1769 2819 2105 2857 consumen-

537 2902 621 2949 tes
642 2911 765 2964 quae
801 2910 897 2963 per
934 2911 1057 2948 eum
1088 2897 1271 2949 oblata
1313 2905 1494 2958 erant,
1532 2896 1743 2949 ideirco
1781 2896 1930 2949 inani
1962 2906 2105 2952 metu

537 2988 748 3042 conteri
775 2987 1075 3041 liberorum
1103 2995 1339 3040 utentem
1375 3001 1481 3039 non
1515 2986 1669 3051 sinit,
1698 2993 1748 3041 et
1774 2988 2109 3057 suspicionis

2221 1154 2280 1206 Ὀ
2319 1152 2553 1221 τρώγων
2581 1150 2707 1220 μετ’
2733 1148 2880 1219 ἐμοῦ
2907 1147 3013 1201 τὸν
3049 1145 3250 1215 ἄρτον,
3284 1143 3510 1214 ἐπῆρεν
3544 1146 3638 1196 ἐπ’
3668 1145 3771 1214 ἐμὲ

2208 1244 2321 1310 τὴν
2356 1243 2621 1311 πτέρναν
2647 1240 2855 1295 αὑτοῦ.

2281 1333 2353 1386 Ού
2388 1332 2589 1403 μικράν
2624 1334 2652 1385 6
2678 1332 2835 1397 λόγος
2869 1330 2980 1400 ἔχει
3012 1329 3108 1399 τὴν
3153 1328 3420 1396 ἀσάφειαν
3454 1328 3512 1380 ἐν
3539 1327 3767 1383 τούτοις.

2210 1422 2529 1492 Μακαρίους
2562 1422 2670 1492 γὰρ
2702 1420 2919 1473 ἔσεσθαι
2952 1419 3124 1487 λέγων
3163 1418 3288 1480 τοὺς
3330 1420 3387 1470 ἐν
3428 1416 3626 1485 γνώσει
3675 1420 3770 1488 μὲν

2210 1513 2431 1583 ἔχοντας
2456 1515 2516 1567 τὸ
2550 1513 2770 1581 ἀγαθὸν,
2814 1512 2958 1582 ἔργῳ
2985 1509 3043 1563 δὲ
3069 1507 3229 1561 τοῦτο
3265 1508 3502 1577 πληροῦν
3536 1507 3767 1561 σπουδά-

2209 1604 2418 1669 ζοντας,
2448 1606 2727 1673 ἐπήγαγεν
2764 1602 2943 1665 εὐθὺς,
2989 1620 3007 1652 ι
3042 1601 3115 1654 Οὐ
3147 1601 3275 1669 περὶ
3312 1599 3524 1651 πάντων
3550 1598 3711 1665 λέγω,
3747 1618 3763 1648 ι

2209 1697 2299 1748 τὸν
2332 1696 2593 1765 προδότην
2624 1693 3023 1762 αἰνιττόμενος,
3064 1690 3206 1744 κατά
3243 1706 3307 1757 γε
3346 1689 3407 1741 τὸ
3451 1689 3664 1752 πολλοῖς
3712 1708 3768 1742 τε

2211 1787 2302 1839 καὶ
2326 1787 2445 1854 ἐμοὶ
2465 1783 2654 1837 δοκοῦν
2680 1802 2690 1813 ·
2730 1784 2789 1836 οὐ
2815 1783 2923 1854 γὰρ
2945 1785 3000 1835 ὲν
3027 1785 3138 1844 τοῖς
3157 1781 3414 1851 ζηλωτοῖς
3439 1783 3467 1834 6
3494 1780 3768 1849 θεομισὴς,

2208 1877 2315 1929 οὐδ’
2342 1876 2407 1930 ἂν
2438 1878 2493 1926 ἐν
2535 1879 2644 1936 τοῖς
2675 1874 2961 1944 μακαρίοις
2984 1872 3348 1942 καταταχθείη
3388 1873 3517 1925 ποτὲ
3546 1875 3608 1942 τῇ
3644 1889 3767 1924 τοσ-

2208 1967 2345 2038 αύτῃ
2407 1966 2695 2037 δυσσεϐείᾳ
2742 1966 2840 2035 τὴν
2886 1965 3140 2034 τοιαύτην
3194 1962 3376 2032 ἔνοχον
3426 1966 3769 2034 καταστήσας

2206 2059 2399 2128 ψυχήν.
2438 2059 2545 2112 Καὶ
2586 2056 2681 2127 μία
2731 2057 2829 2125 μὲν
2865 2055 3003 2124 αὕτη
3033 2057 3125 2108 τοῦ
3163 2058 3520 2125 προκειμένου
3565 2056 3768 2109 διάνοια

2206 2148 2543 2219 τετριμμένη
2585 2149 2733 2215 παρὰ
2764 2150 2873 2207 τοῖς
2903 2146 3162 2199 πλείοσιν.
3182 2146 3398 2215 νΕτέρα
3423 2143 3576 2198 δέἀῦ
3607 2147 3769 2199 πάλιν

2208 2242 2345 2313 πρὸς
2373 2241 2564 2311 ταύτῃ.
2616 2240 2802 2293 Τοιάδε
2840 2240 3047 2310 μέλλων
3101 2240 3209 2310 γάρ
3257 2241 3401 2309 ἐρεῖν
3445 2241 3473 2291 ὁ
3514 2240 3766 2309 Χριστος,

2207 2334 2287 2386 ὅτι
2336 2332 2475 2385 κατὰ
2505 2332 2601 2403 τὴν
2656 2333 2865 2385 τελείαν
2916 2349 2974 2384 τε
3028 2332 3121 2385 καὶ
3170 2333 3468 2402 ἱερωτάτην
3516 2332 3757 2401 Γραφὴν,

2214 2447 2232 2477 ι
2280 2427 2337 2479 '0
2374 2424 2600 2496 τρώγων
2648 2443 2747 2494 μου
2803 2426 2891 2476 τὸν
2941 2425 3103 2494 ἄρτον
3151 2424 3479 2492 ἐμεγάλυνεν
3535 2424 3620 2475 ἐπ’
3671 2424 3768 2492 ἐμὲ

2209 2517 2557 2587 πτερνισμὸν,
2596 2517 2711 2577 ἦτοι
2746 2516 2951 2583 ἐπῆρεν
2996 2515 3081 2565 ἐπ’
3114 2514 3213 2583 ἐμὲ
3246 2515 3475 2581 πτέρναν
3508 2513 3697 2577 αὐτοῦ,
3746 2534 3764 2565 ι

2208 2609 2664 2677 προαπολογεῖται
2713 2606 2912 2675 τρόπον
2954 2604 3106 2670 τινὰ,
3142 2609 3236 2659 καὶ
3270 2606 3361 2658 τὸν
3404 2609 3625 2675 γνήσιον
3662 2606 3768 2658 τῶν

2208 2701 2408 2768 ἐτέρων
2447 2698 2706 2769 μαθητῶν
2734 2697 3024 2767 θεραπεύει
3053 2699 3231 2767 χορὸν,
3268 2698 3346 2749 ἐνὶ
3382 2696 3475 2750 καὶ
3498 2697 3640 2766 μόνῳ
3673 2697 3771 2766 τὴν

2207 2788 2300 2841 τοῦ
2344 2792 2795 2858 κατηγορήματος
2842 2787 3068 2856 δύναμιν
3118 2787 3357 2849 ἀναθείς.
3403 2788 3620 2856 Ἐπειδὴ
3661 2787 3769 2858 γὰρ

2208 2880 2406 2942 πάντες
2464 2881 2648 2950 ἤσθιον
2713 2880 2802 2931 τὸν
2860 2879 3022 2948 ἄρτον
3092 2877 3289 2938 αὐτοῦ,
3356 2878 3771 2947 συνεστίὼμενοι

2206 2972 2447 3039 δηλονότι
2500 2972 2594 3024 καὶ
2626 2970 3073 3032 συνδαπανῶντες
3106 2969 3174 3021 τά
3208 2970 3275 3022 δι’
3314 2969 3478 3023 αὑτοῦ
3508 2986 3771 3036 συγκομι-

537 3076 904 3130 acrimoniam
940 3076 1343 3144 quamprimum
1390 3076 1622 3134 inhibet,
1672 3079 1865 3133 dicens
1894 3095 1907 3131 :
1937 3098 1955 3129 ι
1988 3078 2104 3133 Νοιι

2210 3063 2430 3132 ζόμενα,
2472 3062 2557 3116 διά
2600 3062 2758 3115 τοῦτο
2800 3062 3086 3133 χρησίμως
3132 3062 3358 3124 είκαίοις
3396 3062 3771 3129 συντρίϐεσθαι

538 3166 610 3221 de
638 3166 894 3220 omnibus
939 3166 1096 3219 vobis
1139 3165 1264 3218 dico
1298 3184 1311 3220 :
1347 3181 1446 3234 ego
1479 3169 1595 3221 scio
1642 3183 1782 3236 quos
1811 3169 2105 3240 elegerint,

538 3258 633 3314 sed
659 3268 717 3310 ttt
740 3257 1112 3325 adimpleatttr
1136 3255 1445 3325 Scriptura,
1471 3278 1489 3310 ι
1524 3259 1701 3327 inquit
1731 3279 1744 3314 :
1781 3279 1799 3312 ι
1825 3261 1926 3327 Qui
1951 3277 2105 3316 man-

535 3349 705 3403 ducat
741 3364 920 3402 meum
957 3362 1176 3417 panem,
1205 3349 1401 3402 levavit
1435 3360 1628 3404 contra
1664 3367 1749 3405 me.
1784 3353 2105 3407 caleaueum

536 3453 722 3500 suum,
755 3438 870 3492 sive
919 3438 1288 3505 magniﬁeavit
1338 3440 1861 3507 supplantationem,
1898 3461 1916 3494 ι
1955 3442 2106 3511 juxta

534 3530 844 3587 Psalmistat
873 3546 1082 3585 vocem.
1115 3531 1326 3597 Quibus
1359 3532 1537 3587 verbis
1584 3532 1896 3587 istiusmodi
1942 3535 2107 3603 quid-

536 3623 662 3677 dam
712 3622 1026 3691 signiﬁcare
1068 3622 1555 3691 autumozduplie’t
1601 3625 1785 3691 itaque
1839 3639 2005 3679 sensu
2052 3625 2105 3679 in

534 3713 624 3769 bis
677 3715 958 3778 exposito,
1014 3714 1291 3767 meliorem
1359 3727 1426 3767 ac
1488 3714 1759 3767 veriorem
1826 3715 2107 3771 studiosus

535 3805 823 3873 exploret;
853 3814 1229 3858 verumtamen
1268 3805 1321 3857 in
1375 3804 1479 3858 hoc
1526 3806 1728 3859 dictum
1776 3807 1923 3860 aliud
1973 3808 2105 3860 aﬂ‘e-

536 3910 750 3950 ramus.
789 3895 855 3948 ad
925 3894 1333 3948 conﬁrmandos
1402 3896 1799 3963 simpliciorum
1871 3898 2104 3951 animos.

542 3984 762 4037 Duobus
800 3983 944 4037 enim
975 3983 1154 4038 modis
1187 3983 1275 4036 hic
1302 3984 1554 4039 dubitare
1586 3995 1764 4055 potest
1797 3988 2019 4055 aliquis.
2044 3988 2107 4040 Et

538 4074 778 4142 primum
818 4074 1034 4140 quidem
1086 4071 1247 4127 nobis
1279 4073 1524 4140 objiciet,
1562 4075 1793 4130 dicens:
1829 4074 1884 4129 Si
1919 4076 2103 4130 omnia

536 4163 683 4219 seire
711 4164 995 4218 Christum
1027 4164 1329 4228 credimus,
1361 4179 1458 4218 cur
1492 4165 1653 4235 730
1692 4164 1888 4220 Judam
1917 4168 2103 4237 elegit.

535 4263 592 4310 et
638 4270 738 4311 cur
776 4255 897 4311 aliis
950 4255 1252 4309 immiscuit
1294 4255 1602 4324 discipulis,
1628 4272 1750 4309 cum
1790 4273 1901 4311 non
1950 4260 2105 4325 igno-

535 4354 685 4399 raret
738 4347 1071 4415 proditorem
1112 4346 1247 4407 fore,
1282 4354 1338 4400 et
1384 4347 1624 4400 avaritiae
1669 4347 1877 4417 laqueis
1926 4348 2104 4415 impli-

2208 3154 2455 3223 δείμασιν
2476 3156 2574 3207 οὐκ
2604 3155 2667 3224 ἐᾷ
2696 3154 2800 3206 τῶν
2828 3154 3127 3224 ἐλευθέρων
3162 3153 3254 3205 τὸν
3293 3152 3437 3215 νοῦν,
3464 3154 3558 3207 καὶ
3584 3154 3643 3205 τὸ
3670 3153 3771 3221 τῆς

2210 3242 2443 3311 ὑποψίας
2495 3242 2657 3312 δριμὺ
2718 3228 3122 3311 ¹προανακόιττει
3168 3240 3340 3308 λέγων
3379 3256 3391 3269 ·
3454 3260 3470 3291 ι
3516 3243 3589 3294 Οὐ
3646 3244 3771 3310 περὶ

2209 3333 2424 3385 πάντων
2464 3332 2616 3401 ὑμῶν
2666 3331 2842 3399 λέγω·
2894 3330 3005 3398 ἐγὼ
3054 3327 3171 3383 οἶδα
3217 3332 3372 3394 τίνας
3416 3330 3767 3402 ἐξελεξάμην,

2208 3424 2322 3477 ἁλλ’
2357 3424 2465 3487 ἵνα,
2498 3426 2684 3493 φησιν,
2715 3424 2747 3493 ἡ
2781 3421 2970 3493 Γραφὴ
3000 3420 3287 3492 πληρωθῇ
3338 3423 3396 3475 '0
3437 3421 3632 3474 ἐσθίων
3669 3440 3770 3490 μου

2207 3514 2297 3567 τὸν
2322 3513 2503 3582 ἄρτον,
2541 3514 2744 3582 ἐπῆρεν
2782 3513 2868 3564 ἐπ’
2904 3512 3002 3580 ἐμὲ
3041 3511 3138 3580 τὴν
3167 3511 3403 3582 πτέρναν
3434 3512 3619 3575 αὑτοῦ,
3651 3514 3771 3583 ἦτοι

2207 3604 2507 3673 ὲμεγάλυνε
2557 3601 2921 3672 πτερνισμὸν,
2963 3620 2981 3649 ι
3018 3600 3159 3654 κατὰ
3202 3603 3299 3669 τὴν
3337 3603 3429 3655 τοῦ
3475 3604 3772 3672 ψάλλοντος

2208 3698 2410 3765 φωνήν.
2462 3691 2629 3761 Οἶμαί
2668 3710 2727 3745 ,τι
2776 3691 3017 3745 τοιοῦτον
3070 3692 3404 3759 ὑποδηλοῦν·
3457 3695 3769 3765 ἐκδοθείσης

2207 3790 2338 3857 ἡμῖν
2376 3785 2662 3853 τοιγαροῦν
2697 3785 2755 3835 ἐν
2796 3782 3005 3846 τούτοις
3034 3782 3270 3852 θεωρίας
3307 3785 3519 3854 διπλῆς,
3551 3786 3772 3855 δοκιμα-

2196 3884 2344 3948 ζέτω
2374 3883 2470 3951 τὴν
2501 3880 2710 3949 ἀμείνω
2753 3881 2847 3933 καὶ
2874 3878 3090 3945 ἀληθῶς
3120 3878 3347 3947 ἔχουσαν
3390 3883 3418 3932 ὁ
3443 3880 3767 3949 φιλομαθὴς,

2207 3974 2343 4042 πλὴν
2370 3974 2448 4033 είς
2476 3971 2535 4022 τὸ
2584 3970 2745 4039 ῥητὸν
2796 3968 2877 4022 ἔτι
2906 3969 3175 4038 λέγωμεν,
3213 3969 3303 4023 τὸν
3331 3970 3437 4022 τῶν
3474 3971 3771 4025 ἁπλουστέ-

2209 4083 2317 4137 ρων
2348 4064 2771 4133 ἀσφαλιζόμενοι
2811 4064 2956 4119 νοῦν.
3005 4065 3404 4135 Ἰ·ῖπαπορήσειε
3449 4067 3557 4134 γὰρ
3593 4066 3657 4120 ἄν
3689 4085 3771 4130 τις

2205 4162 2260 4210 ὲν
2283 4155 2491 4219 τούτοις
2525 4157 2667 4209 κατὰ
2704 4156 2799 4210 δύο
2826 4157 3075 4227 τρόπους.
3106 4158 3216 4210 Καὶ
3244 4158 3458 4227 πρῶτον
3491 4157 3589 4228 μὲν
3630 4161 3762 4228 ἡμῖν

2206 4248 2504 4317 ὑπαντήσει
2532 4248 2723 4316 λέγων’
2753 4249 2814 4301 Εἰ
2840 4249 3017 4301 πάντα
3043 4247 3240 4301 εἰδέναι
3269 4248 3503 4318 Χριστὸν
3521 4250 3772 4302 πιστεύοι

2210 4358 2327 4409 μεν,
2374 4341 2427 4393 τί
2468 4342 2560 4393 τὸν
2605 4339 2800 4393 Ἰούδαν
2836 4339 3139 4404 ἐξελέξατο,
3207 4341 3303 4393 καὶ
3340 4341 3393 4393 τί
3426 4344 3537 4404 τοῖς
3565 4341 3771 4412 ἑτέροις

535 4435 708 4489 eitum
747 4436 852 4489 iri?
876 4436 953 4489 Ad
994 4436 1106 4489 bare
1135 4434 1267 4490 dicit
1301 4455 1313 4491 :
1350 4436 1405 4490 Si
1456 4439 1775 4491 caleaneum
1824 4454 1980 4491 sumtt
2013 4438 2097 4491 id-

2208 4431 2426 4500 ἀνέμιξε
2471 4431 2770 4502 μαθηταῖς,
2814 4431 2913 4483 οὐκ
2941 4431 3246 4500 ἀγνοήσας,
3289 4432 3371 4484 ὅτι
3414 4433 3507 4487 καὶ
3541 4432 3770 4502 προδοὺς

538 4524 693 4577 circo
723 4524 922 4579 levavit
957 4525 1223 4581 adversus
1254 4527 1558 4592 Christum,
1590 4529 1734 4581 sicut
1771 4529 1846 4581 ait
1881 4528 2016 4597 ipse,
2046 4537 2104 4582 ttt

533 4615 932 4684 aditnplcretur
975 4614 1284 4687 Scriptura,
1316 4633 1659 4688 nequaquam
1694 4620 1747 4672 in
1788 4619 1947 4687 culpa
1980 4635 2103 4672 esse

532 4707 659 4772 ipse
690 4707 1031 4769 censebitur.
1062 4708 1155 4763 sed
1197 4712 1498 4766 necessitas
1541 4712 1630 4763 illa
1675 4727 1795 4779 qua:
1827 4720 1884 4763 ιιι
1927 4711 2105 4763 adim-

542 4795 713 4863 pleret
746 4794 1092 4865 Scripturam
1123 4813 1245 4853 euut
1280 4800 1554 4868 adigebat.
1605 4799 1779 4854 Nobis
1811 4814 1991 4856 autent
2038 4803 2104 4856 ad

541 4883 756 4954 singula
794 4899 983 4940 eorum
1031 4902 1154 4956 qua:
1185 4887 1400 4957 objerla
1458 4895 1586 4943 sunt
1632 4888 1834 4942 acriter
1875 4905 2104 4958 respou-

536 4973 774 5029 dendunt
839 4984 961 5040 est,
1002 4986 1054 5032 et
1106 4979 1525 5033 convenientem
1585 4978 1885 5047 unicuique
1952 4982 2099 5033 solu-

536 5064 738 5119 tionen
802 5066 1009 5135 quibus
1063 5071 1367 5138 poterimus
1438 5068 1749 5121 rationibus
1811 5071 2104 5124 subtexere

537 5163 772 5224 oportet,
800 5156 866 5211 ad
896 5156 1319 5211 aediﬁcationem
1360 5166 1415 5210 et
1442 5157 1877 5211 consolationem
1912 5174 2100 5213 eorum

537 5246 630 5314 qui
660 5245 1028 5317 intelligemlis
1059 5262 1235 5302 sacrae
1269 5246 1569 5315 Scriptura:
1618 5246 1757 5303 locis
1790 5264 1855 5301 ex
1898 5250 2100 5319 seipsis

539 5352 646 5391 non
679 5348 811 5392 sunt
842 5339 1043 5393 idonei.
1075 5341 1153 5391 Ac
1178 5338 1413 5406 pritttuttt
1439 5338 1656 5408 quidem
1687 5338 1925 5395 dicimus
1951 5342 2096 5409 quod

535 5427 583 5481 si
618 5425 684 5481 de
710 5428 946 5498 singulis
976 5444 1098 5498 quae
1125 5442 1155 5480 a
1189 5427 1297 5481 Deo
1321 5426 1464 5482 facta
1492 5439 1624 5485 sunt
1652 5430 1959 5486 istiusmodi
1990 5448 2101 5488 ser-

537 5520 792 5576 monibus
825 5521 900 5573 ttti
935 5520 1480 5592 velimus,nuuqnant
1510 5537 1611 5578 nos
1646 5522 1804 5578 linem
1856 5523 2100 5580 facturos

609 5694 657 5727 ⁸³⁸
697 5693 835 5746 [ται.
877 5710 969 5754 ξι..
1010 5694 1089 5748 10.

2207 4521 2494 4585 ἁλώσεται,
2538 4522 2631 4574 καὶ
2662 4521 2772 4574 τῶν
2801 4521 2902 4590 τῆς
2932 4521 3302 4592 φιλοκερδείας
3351 4524 3483 4575 εἴσω
3523 4526 3771 4577 πεσεῖται

2212 4612 2454 4683 βρόχων;
2497 4612 2647 4682 Ἐρεῖ
2671 4611 2729 4664 δὲ
2759 4611 2895 4682 πρὸς
2923 4610 3134 4674 τούτοις
3152 4630 3166 4642 ·
3199 4613 3269 4665 Et
3287 4612 3343 4665 δὲ
3376 4612 3465 4665 διὰ
3491 4612 3649 4665 τοῦτο
3672 4614 3773 4683 τὴν

2209 4703 2444 4773 πτέρναν
2485 4702 2656 4771 ἐπῆρε
2688 4701 2830 4755 κατὰ
2873 4702 3108 4772 Χριστοῦ
3133 4742 3147 4764 ,
3185 4703 3326 4757 καθὰ
3372 4720 3536 4773 φησιν
3585 4704 3771 4765 αὐτὸς,

2209 4797 2294 4848 ἵνα
2328 4795 2586 4864 πληρωθῇ
2618 4796 2652 4862 ἡ
2701 4793 2889 4864 Γραφὴ
2919 4834 2933 4854 ,
2988 4793 3087 4846 οὐκ
3138 4794 3298 4857 αὐτὸς
3350 4793 3415 4847 ἂν
3464 4796 3637 4846 νοοίτο
3676 4794 3771 4847 τοῦ

2205 4888 2487 4954 γεγονότος
2545 4884 2828 4949 ὑπαίτιος,
2879 4884 2990 4938 ἀλλ’
3033 4887 3064 4953 ή
3114 4885 3496 4951 ἀναγκάζουσα
3545 4886 3772 4954 δύναμις

2206 4977 2542 5046 πληροῦσθαι
2582 4977 2681 5048 τὴν
2708 4977 2951 5048 Γραφήν.
2987 4979 3077 5029 Δεῖ
3103 4977 3159 5029 δὲ
3205 4978 3350 5046 ἡμᾶς
3388 4977 3524 5046 πρὸς
3566 4978 3774 5031 ἕκαστα

2205 5068 2310 5120 τῶν
2345 5069 2651 5141 εἰρημένων
2685 5068 3100 5122 ἀντανίστασθαι
3128 5068 3359 5136 γοργῶς,
3405 5070 3497 5120 καὶ
3527 5068 3620 5138 τὴν
3651 5070 3777 5121 ἑκα-

2202 5158 2347 5228 τέρῳ
2387 5159 2702 5228 πρέπουσαν
2741 5157 3038 5225 ἀπολογίαν
3083 5160 3193 5219 τοῖς
3240 5156 3378 5209 κατὰ
3411 5157 3638 5226 δύναμιν
3683 5158 3760 5220 ἐξ·

2207 5252 2408 5319 υφᾶναι
2440 5250 2739 5320 λογισμοῖς,
2780 5250 2914 5319 πρὸς
2950 5248 3238 5317 οἰκοδομὴν
3285 5249 3380 5301 καὶ
3428 5249 3772 5319 παράκλησιν

2207 5343 2314 5395 τῶν
2360 5341 2458 5395 οὐκ
2492 5340 2877 5411 ἐπαρκούντων
2910 5340 3119 5392 οἴκοθεν
3162 5340 3343 5406 σφίσιν
3370 5341 3550 5404 αὐτοῖς
3589 5343 3670 5404 είς
3713 5341 3773 5393 tis

2212 5432 2471 5488 δύνασθαι
2512 5435 2650 5485 νοεῖν
2690 5432 2757 5485 τά
2797 5434 2853 5486 ἐν
2896 5434 2960 5499 τῇ
2991 5431 3112 5499 θεία
3154 5433 3364 5502 Γραφῇ.
3416 5435 3523 5486 Καὶ
3556 5434 3769 5503 πρῶτον

2217 5525 2313 5596 μὲν
2339 5525 2510 5578 Exivi
2543 5540 2741 5593 φαμεν,
2778 5525 2851 5585 ὡς
2897 5524 2941 5574 εἰ
2976 5521 3262 5592 μέλλοιμεν
3295 5525 3378 5592 ἐφ’
3415 5525 3629 5594 ἑκάστῳ
3666 5526 3770 5578 τῶν
