4010 6320
204 328 306 388 ηε

1218 309 1321 383 'tn
1361 326 1645 385 JOANNIS
1680 328 2135 419 suumsuum
2177 328 2307 385 LIB.
2332 329 2429 384 ix.

3353 335 3455 395 150

202 444 505 518 γεγονότων
548 443 700 514 παρά
740 442 874 498 Θεοῦ
909 445 1021 507 τοῖς
1056 442 1323 507 τοιούτοις
1362 443 1765 518 ἀποκεχρῆσθαι

1880 444 2200 514 increpandi
2255 443 2630 515 earpendique
2681 444 2920 517 opificis,
2970 445 3294 505 immensam
3333 451 3455 523 eius

202 540 414 609 λόγοις,
486 536 862 607 καταλέξομεν
943 536 1196 607 οὐδαμῶς
1272 536 1631 608 ἐπιτιμῶντες
1699 536 1778 613 τῷ

203 634 437 703 ποιητῇ,
481 626 970 700 διαλοιδορούμενοί
1002 646 1061 682 τε
1095 629 1173 700 τῷ
1216 631 1354 701 πρὸς
1403 630 1464 682 τὸ
1510 624 1651 684 εἶναι
1705 628 1776 683 τὰ

201 727 300 779 οὐκ
331 726 461 779 ὄντα
508 723 765 777 καλοῦντι
809 722 963 794 Θεῷ,
1024 724 1116 778 καὶ
1164 723 1261 795 τὴν
1314 725 1553 795 ἄμετρον
1607 721 1771 777 αὐτοῦ

202 816 615 888 φιλανθρωπίαν
645 816 994 887 διασύροντες
1044 815 1291 887 ἀμαθῶς.
1345 815 1410 868 Τί
1457 814 1565 886 γάρ
1591 855 1607 879 ,
1651 816 1773 869 εἰπε

206 928 316 980 μοι,
362 909 458 962 καὶ
486 909 575 962 ὲτέ
586 924 720 979 ρους
746 906 1035 961 διακωλύει
1069 908 1232 979 τυχὸν
1262 907 1554 977 ἐγκαλέσαι
1585 906 1773 976 λέγον-

200 1021 296 1065 τας
317 1020 331 1032 ·
370 1003 438 1057 Ti
476 1002 570 1055 τὸν
599 1000 774 1054 Σαοὺλ
805 1000 1066 1067 ἐπελέξω,
1101 1002 1195 1054 καὶ
1226 1002 1306 1064 εἰς
1335 998 1558 1069 βασιλέα
1589 1000 1774 1071 κέχρι-

202 1111 301 1157 κας
328 1094 427 1147 ἐπὶ
478 1093 571 1146 τὸν
631 1092 884 1163 Ἰσραὴλ,
933 1090 1088 1154 εἰδὼς
1127 1091 1208 1145 ὅτι
1259 1092 1476 1154 πάντως
1518 1091 1772 1162 ἀθετήσει

197 1185 294 1251 τὴν
328 1182 525 1252 χάριν;
553 1182 666 1235 Καὶ
690 1181 743 1234 τί
771 1180 927 1235 τοῦτο
942 1182 1121 1250 λέγως
1156 1182 1512 1253 Ἀναϐήσεται
1535 1183 1643 1253 γὰρ
1672 1182 1772 1253 τῆς

195 1274 376 1335 αἰτίας
400 1276 433 1343 ἡ
463 1274 734 1346 πρόφασις
774 1275 868 1328 ἐπὶ
912 1276 1004 1327 τὸν
1051 1273 1143 1327 τοῦ
1180 1274 1374 1343 γένους
1429 1274 1768 1346 καθηγητὴν,

195 1367 338 1421 τοῦτ’
376 1367 527 1420 ἔστιν
573 1367 761 1438 Ἀδάμ.
820 1368 968 1437 Ἐρεῖ
1011 1367 1067 1420 δέ
1113 1384 1196 1429 τις
1248 1366 1410 1437 τυχὸν
1439 1367 1546 1420 τῶν
1587 1369 1771 1420 ἐκεῖνα

194 1456 639 1526 διεσκνεμμένων·
688 1457 752 1508 Τί
801 1457 892 1510 τὸν
941 1456 1157 1527 πρῶτον
1207 1455 1493 1527 ἄνθρωπον
1528 1454 1769 1519 ἔπλασας

194 1548 303 1601 ἀπὺ
341 1552 446 1618 γῆς
496 1551 525 1603 ὁ
563 1548 629 1601 τὰ
676 1549 853 1602 πάντα
892 1547 1082 1613 εἰδὼς;
1132 1548 1205 1601 Οὐ
1261 1547 1370 1617 γὰρ
1415 1546 1632 1616 ἠγνόεις
1688 1547 1769 1600 ὃτι

192 1641 441 1691 πεσεῖται
508 1638 604 1709 τὴν
659 1638 907 1692 δοθεῖσαν
955 1639 1106 1708 αὐτῷ
1161 1639 1475 1709 παρελάσας
1525 1639 1766 1710 ἐντολήν.

192 1728 348 1782 Κατά
376 1729 469 1782 τὸν
499 1730 660 1782 αὐτὸν
698 1729 886 1783 τοῦτον
918 1730 1076 1798 λόγον
1101 1733 1196 1783 καὶ
1234 1731 1326 1783 ἐπὶ
1359 1734 1471 1795 τοῖς
1509 1731 1767 1802 ἀνωτέρω

1882 536 2276 608 benignitatem
2349 538 2518 611 stulte
2592 539 2987 596 convellentes.
3055 540 3196 608 Quid
3266 541 3455 606 enim.

1881 640 2090 695 qua-so,
2137 626 2454 696 prohibebit
2491 626 2660 683 etiam
2710 627 2850 684 alios
2890 626 3147 684 incusare
3191 630 3359 686 Deum
3390 645 3456 687 ac

1880 719 2108 774 dicere:
2142 719 2255 773 Cur
2287 718 2505 775 Saulem
2537 719 2772 791 elegisti,
2814 730 2871 777 et
2923 721 2976 776 in
3012 737 3191 794 regem
3247 722 3455 779 tinxisti

1881 825 2048 880 super
2098 808 2299 879 Israel,
2343 826 2505 882 quem
2572 812 2804 881 gratiam
2862 812 3091 868 omnino
3142 822 3455 883 spreturum

1881 903 2134 958 sciebas?
2159 903 2223 957 Ει
2249 904 2380 974 quid
2414 905 2519 960 hoc
2543 905 2665 959 aio?
2687 903 2824 959 Nam
2858 907 3023 977 htijus
3049 907 3456 967 criminationis

1879 1009 2044 1051 causa
2074 997 2141 1051 ad
2176 997 2354 1067 ipsum
2386 997 2608 1068 generis
2645 1005 2928 1052 auctorem
2963 1000 3244 1065 ascendet,
3272 1001 3323 1056 id
3370 1012 3455 1058 est

1877 1087 2074 1142 Adam.
2113 1089 2270 1153 Quod
2320 1088 2468 1144 dicet
2504 1087 2695 1145 forsan
2751 1089 2951 1159 aliquis
2997 1105 3187 1145 eorum
3227 1093 3321 1161 qui
3379 1092 3455 1148 ita

1879 1179 2124 1233 sentiunt
2145 1197 2157 1233 :
2178 1178 2294 1234 Cur
2320 1179 2560 1249 primum
2590 1179 2868 1236 hominem
2902 1180 3150 1235 formasti
3184 1180 3252 1238 de
3283 1189 3452 1248 terra,

1878 1271 1970 1340 qui
2023 1271 2209 1325 omnia
2253 1271 2441 1326 nosti?
2481 1268 2594 1325 Nec
2643 1270 2787 1326 enim
2854 1270 3151 1341 ignorabas
3191 1284 3451 1327 casurum

1878 1364 2056 1425 illum,
2106 1370 2291 1433 spreto
2350 1362 2497 1434 quod
2556 1369 2849 1431 acceperat
2913 1362 3196 1418 mandato.
3246 1362 3452 1419 Eodem

1877 1455 2039 1509 modo
2080 1462 2134 1509 et
2170 1470 2235 1508 ex
2271 1455 2488 1524 superis
2533 1468 2598 1509 ac
2631 1453 2953 1509 cmleStibus
2990 1469 3180 1510 ansam
3232 1470 3454 1526 quoque

1876 1547 2142 1615 carpendi
2193 1547 2443 1615 arripiet.
2478 1545 2723 1600 clamans
2753 1561 2765 1597 :
2797 1542 2911 1597 Cur
2961 1544 3279 1614 angelorum
3320 1561 3450 1600 con-

1876 1638 2067 1694 didisti
2116 1647 2392 1702 naturam,
2425 1653 2549 1690 eum
2588 1651 2696 1690 non
2731 1638 3036 1706 ignorares,
3067 1644 3126 1690 ut
3159 1635 3322 1699 Deus,
3362 1638 3450 1692 fu-

1875 1739 2056 1784 turam
2114 1731 2424 1800 aliquorum
2476 1722 3005 1783 dél'ectionem‘lNec
3055 1727 3199 1782 enim
3257 1744 3450 1784 serva-

191 1822 282 1872 καί
307 1820 553 1890 μείζοσιν
586 1822 665 1874 ἔτι
695 1825 995 1894 κατηγορεῖ
1021 1823 1159 1892 βοῶν
1185 1840 1195 1850 ·
1226 1824 1378 1877 Διατί
1400 1824 1496 1894 τὴν
1518 1825 1765 1893 ἀγγέλων

1870 1828 2070 1875 verunt
2098 1836 2294 1877 omnes
2329 1835 2493 1875 suum
2532 1820 2926 1888 principatum.
2950 1820 3092 1885 Quid
3131 1834 3295 1890 porro
3322 1821 3451 1875 hinc

190 1912 667 1984 δεδημιούργηκας
696 1914 879 1981 φύσιν,
914 1915 1015 1969 οὐκ
1047 1916 1343 1986 ἀγνοήσας,
1372 1917 1447 1980 ὡς
1477 1917 1629 1981 Θεὸς,
1669 1917 1767 1988 τὴν

189 2004 457 2074 ἐσομένην
488 2004 651 2057 τινῶν
702 2005 958 2059 ἀπόνοιαν
1007 2008 1087 2070 εἰς
1147 2008 1491 2071 ἀπόστασινς
1533 2008 1768 2080 Τετηρή-

190 2113 318 2148 κασι
355 2096 465 2167 γάρ
514 2099 574 2151 οὐ
638 2099 840 2162 πάντες
895 2099 994 2169 τὴν
1041 2100 1245 2152 οἰκείαν
1291 2100 1484 2170 ἀρχήν.
1544 2097 1674 2155 Εἶτα
1717 2100 1768 2153 τί

187 2187 252 2239 τὸ
305 2188 591 2253 ὲντεῦθενς
663 2190 727 2242 Ἠ
798 2191 892 2243 τοῦ
954 2191 1094 2244 Θεοῦ
1161 2193 1472 2261 πρόγνωσις
1531 2194 1632 2247 οὐκ
1701 2193 1768 2247 ἂν

188 2276 355 2329 αὐτὸν
438 2278 863 2352 συγκεχώρηκεν
927 2280 1157 2353 ὀφθῆναι
1235 2282 1601 2354 δημιουργὸν,
1652 2284 1765 2336 ἀλλ’

185 2369 295 2422 οὐδ’
321 2369 387 2422 ἂν
415 2371 448 2441 ἡ
479 2370 673 2441 λογικὴ
715 2373 895 2437 κτίσις
928 2374 1209 2445 παρῆλθεν
1247 2374 1383 2438 ὅλως
1409 2376 1487 2438 εἰς
1528 2376 1764 2443 γένεσιν,

187 2459 275 2511 ἵνα
302 2460 470 2531 μόνης
514 2462 616 2531 τῆς
655 2463 851 2531 ἀλόγου
911 2465 1007 2518 καὶ
1047 2463 1375 2535 ἀναισθήτου
1422 2464 1636 2534 φύσεως
1672 2464 1758 2534 βαι

186 2549 371 2619 σιλεύῃ
404 2550 538 2614 Θεὸς
561 2593 575 2612 ,
621 2552 759 2624 μηδὲ
802 2554 885 2605 ὃτι
924 2553 1058 2617 Θεὸς
1087 2552 1228 2607 κατά
1265 2553 1426 2621 φύσιν
1462 2555 1577 2606 ἐστὶ
1604 2571 1769 2622 γινω-

187 2643 471 2712 σκόμενος.
534 2647 743 2715 Χρῆναι
797 2645 857 2698 δὲ
919 2640 1076 2716 οἶμαι
1130 2645 1365 2715 μάλιστα
1418 2646 1482 2715 δὴ
1549 2646 1766 2699 πάντων

184 2738 362 2790 ἐκεῖνο
410 2737 903 2807 διασκεπτομένους
936 2738 1101 2808 ὁρᾷν,
1144 2738 1226 2790 ὅτι
1257 2738 1370 2799 τοῖς
1394 2735 1631 2804 λογικοῖς
1657 2735 1764 2788 τῶν

184 2829 503 2896 κτισμάτων
563 2829 700 2893 ἰδίας
761 2830 1135 2902 προαιρέσεως
1173 2828 1436 2896 ἀπένειμε
1474 2826 1573 2893 τὰς
1607 2829 1763 2898 ἡνίας

180 2920 212 2969 ὁ
243 2919 461 2972 πάντων
492 2921 867 2991 Δημιουργδς,
918 2921 1010 2974 καὶ
1054 2920 1496 2983 αὐτοκελεύστοις
1554 2920 1764 2991 ἀφῆκεν

183 3007 322 3064 εἶναι
363 3014 593 3082 ῥοπαῖς,
639 3013 724 3082 ἐφ’
756 3014 893 3083 ὅπερ
942 3012 1008 3066 ἂν
1062 3012 1296 3076 ἕκαστος
1326 3011 1566 3081 βούλοιτο
1600 3012 1762 3082 τυχὸν

182 3102 327 3172 ἔχειν
355 3104 555 3174 ἄριστα
578 3103 878 3172 δοκιμάσας
903 3104 995 3156 τὸν
1017 3103 1246 3174 τρόπον.
1280 3104 1342 3156 Οἱ
1378 3103 1477 3174 μὲν
1510 3099 1603 3157 οὖν
1646 3105 1761 3167 τοῖς

1875 1914 2167 1983 sequitur?
2194 1914 2331 1968 Illud
2364 1912 2649 1979 videlicet,
2680 1922 2738 1965 ut
2791 1913 3240 1983 praecognitionis
3280 1928 3449 1969 causa

1875 2011 1967 2056 ant
2000 2003 2133 2057 nihil
2178 2003 2404 2056 omnino
2444 2016 2635 2057 creare
2682 2001 2959 2062 debuerit,
2991 2010 3089 2055 aut
3123 2010 3271 2058 certe
3297 2018 3450 2057 crea-

1872 2106 2051 2153 turam
2082 2099 2298 2152 nullam
2354 2097 2589 2151 rationis
2634 2105 2943 2168 compotem
2982 2099 3208 2151 omnino
3245 2096 3450 2165 produ~

1872 2206 2020 2254 cere,
2070 2199 2128 2244 ut
2180 2191 2491 2244 irrationali
2526 2200 2737 2244 tantum
2776 2197 2828 2245 et
2876 2205 3073 2247 sensus
3105 2190 3310 2256 experti
3346 2204 3449 2243 na-

1871 2291 2008 2338 tura:
2042 2283 2185 2338 Deus
2236 2284 2493 2353 imperet,
2531 2299 2631 2338 nec
2678 2283 2797 2353 ipse.
2836 2283 3063 2338 omnino
3110 2292 3307 2337 natura
3345 2297 3447 2337 sua

1874 2373 2016 2429 Deus
2045 2384 2435 2446 cognoscatur.
2464 2373 2599 2428 Illud
2630 2383 2809 2428 autem
2840 2375 3077 2429 maxime
3100 2376 3448 2430 consideran-

1869 2466 1996 2519 dum
2024 2467 2099 2520 iis
2124 2467 2397 2527 arbitror,
2428 2465 2669 2519 universi
2703 2465 2951 2534 opilicem
2983 2464 3447 2521 intellectualibus

1869 2555 2145 2608 creaturis
2177 2555 2483 2610 voluntatis
2528 2570 2641 2608 sua:
2694 2553 2941 2614 habenas
2992 2555 3362 2618 commisisse,
3392 2563 3448 2609 et

1870 2654 2181 2714 spontaneo
2220 2654 2370 2700 motu
2406 2661 2471 2701 eo
2506 2645 2633 2700 ferri
2672 2643 3019 2714 permisisse,
3052 2661 3161 2714 quo
3209 2647 3450 2716 quisque

1869 2734 2016 2786 velit.
2063 2734 2165 2798 Qui
2210 2750 2343 2805 ergo
2389 2734 2712 2789 melioribus
2761 2744 2910 2787 reeie
2944 2748 3001 2788 se
3039 2735 3447 2804 applicuerunt,

1867 2826 2094 2895 gloriam
2137 2840 2291 2880 suam
2344 2832 2591 2888 servant,
2647 2832 2704 2879 et
2750 2825 3022 2878 bonorum
3072 2826 3176 2880 sibi
3211 2840 3445 2881 conces-

1868 2932 2052 2970 sormn
2086 2917 2380 2986 participes
2410 2923 2657 2981 manent,
2677 2923 2729 2971 et
2765 2915 3027 2970 felicitate
3058 2932 3165 2985 qua
3193 2918 3447 2975 excidere

1864 3020 2167 3079 nequeant,
2191 3008 2587 3080 perfruuntur;
2610 3008 2701 3078 qui
2728 3023 2857 3063 vero
2890 3008 3130 3078 prepriis
3156 3008 3445 3066 ali‘ectibus

1865 3108 2323 3170 corrumpuntur,
2359 3101 2728 3170 cupiditatum
2777 3110 2917 3155 testu
2949 3117 3059 3171 quo
3119 3099 3275 3157 nefas
3326 3113 3447 3158 erat

180 3193 432 3258 ἀμείνοσι
454 3195 908 3264 προσνενευκὸτες
931 3193 1126 3264 ὀρθῶς,
1154 3194 1251 3263 τὴν
1275 3194 1410 3246 ἰδίαν
1434 3191 1759 3255 διασώζουσι

1870 3191 2116 3251 abducti.
2151 3192 2307 3262 731
2338 3193 2536 3263 dignas
2590 3193 2893 3249 sceleribus
2938 3170 3056 3248 suis
3109 3209 3302 3263 pmnas
3342 3193 3445 3248 da-

180 3282 376 3349 δόξαν,
416 3284 512 3336 καὶ
563 3284 623 3336 ὲν
678 3285 891 3355 μεθέξει
948 3285 1168 3355 μένουσι
1211 3284 1319 3338 τῶν
1381 3284 1757 3354 ἀπονεμηθέν-

180 3390 292 3427 των
319 3375 506 3438 αὐτοῖς
541 3374 794 3443 ἀγαθῶν,
831 3376 1225 3446 ἀμετάπτωτόν
1263 3393 1323 3430 τε
1362 3377 1461 3446 τὴν
1494 3376 1760 3446 εὐθυμίαν

178 3463 572 3534 εὑρίσκουσιν⁸
634 3467 685 3519 οἰ
751 3466 807 3518 δὲ
871 3469 977 3530 τοῖς
1050 3466 1200 3530 ἰδίοις
1267 3465 1761 3537 ’καταφθειρόμενοι

179 3553 505 3626 λογισμοῖς,
553 3558 648 3611 καὶ
694 3558 778 3626 ἐφ’
809 3557 846 3612 δι
896 3558 970 3629 μὴ
1024 3558 1180 3628 θέμις
1221 3558 1544 3621 ἀκαθέκτοις
1574 3556 1761 3629 ὥσπερ

182 3644 454 3716 ῥεύμασιν
477 3646 782 3716 ἐπιθυμιῶν
804 3647 1261 3719 κατασυρόμενοι,
1287 3652 1386 3717 τὴν
1416 3648 1599 3710 αὐτοῖς
1629 3646 1752 3717 πρέο

184 3755 393 3792 πουσαν
426 3739 758 3808 ὑπομένουσι
796 3740 971 3808 δίκην,
1002 3738 1096 3791 καὶ
1143 3740 1241 3809 τὴν
1281 3741 1373 3792 ἐπὶ
1417 3740 1536 3802 ταῖς
1572 3741 1764 3809 ἀχαρι-

181 3831 361 3893 στίαις
394 3831 618 3893 εἰκότως
649 3832 1011 3901 ὑπομένοντες
1038 3832 1278 3902 γραφὴν,
1319 3831 1418 3902 τὴν
1448 3831 1630 3902 ἀπηνῆ
1672 3832 1765 3883 καὶ

178 3922 494 3991 ἀπέραντον
521 3921 918 3991 ὑποστήσονται
958 3921 1199 3976 κόλασιν.
1238 3921 1360 3973 Ἐπὶ
1400 3921 1610 3984 τούτοις
1654 3923 1763 3984 τοῖς

176 4014 432 4083 ὁρισμοῖς
463 4012 761 4083 γενομένην
786 4013 1039 4084 εὑρήσεις
1063 4013 1161 4083 τὴν
1189 4013 1295 4065 τῶν
1316 4012 1562 4081 ἀγγέλων
1582 4012 1762 4081 φύσιν.

177 4104 247 4155 ΟΞ
275 4103 374 4173 μὲν
400 4104 511 4174 γὰρ
538 4103 963 4174 διατηρήσαντες
990 4102 1087 4174 τὴν
1112 4095 1318 4158 οἰκείαν
1339 4105 1535 4174 ἀρχὴν,
1560 4105 1764 4157 ἀναπό-

177 4194 378 4265 ϐλητον
413 4194 596 4265 ἔχουσι
621 4195 718 4265 τὴν
759 4195 844 4264 ἐφ’
867 4195 1038 4249 ἀπασι
1071 4200 1183 4260 τοῖς
1215 4197 1440 4264 ἀγαθοῖς
1478 4198 1682 4268 ἴδρυσίν
1708 4216 1765 4251 τε

177 4288 277 4339 καὶ
307 4288 518 4340 στάσιν·
566 4288 614 4339 οξ
659 4287 717 4340 δὲ
766 4290 878 4351 τοῖς
936 4289 1028 4341 ἐπὶ
1079 4288 1146 4342 τὰ
1196 4288 1363 4359 χείρω
1396 4289 1627 4358 νεύμασι
1670 4291 1768 4358 τῆς

173 4378 417 4447 ἀρχαίας
479 4378 695 4450 ἐκείνης
748 4380 997 4444 εὐκλείας
1047 4380 1500 4451 διολισθήσαντες,
1560 4365 1773 4450 σειραῖς

176 4467 345 4534 ζόρου
394 4469 895 4539 τεταρταρωμένοι,
930 4468 1071 4522 κατά
1118 4469 1180 4522 τὸ
1233 4469 1633 4539 γεγραμμένον,
1679 4471 1768 4532 ἐἰς

1862 3281 2022 3348 bunt,
2063 3292 2117 3335 et
2167 3282 2240 3335 ob
2297 3283 2497 3352 ingrati
2551 3283 2719 3336 animi
2766 3300 2963 3337 noxam
3021 3285 3148 3353 jure
3201 3285 3445 3341 damnati

1863 3387 2026 3441 grave
2068 3380 2121 3427 et
2155 3379 2423 3426 aeternum
2480 3374 2813 3444 supplicium
2863 3376 3034 3429 luent.
3064 3374 3159 3429 llis
3193 3378 3446 3433 terminis

1865 3464 2189 3533 angelorum
2230 3475 2482 3518 naturam
2518 3464 2766 3519 invenies
2804 3467 3097 3521 contineri.
3140 3465 3244 3533 Qui
3293 3468 3440 3522 enim

1864 3563 2158 3610 servarunt
2197 3572 2355 3610 suum
2391 3556 2786 3627 principatum,
2814 3560 3203 3613 inconcussam
3245 3559 3446 3614 habent

1864 3643 1919 3695 in
1953 3643 2211 3697 omnibus
2249 3644 2409 3697 bonis
2471 3644 2781 3700 ﬁrmitatem
2824 3655 2988 3714 atque
3036 3649 3441 3714 constantiam;

1864 3735 1959 3806 qui
1990 3751 2122 3790 vero
2160 3736 2212 3789 in
2246 3734 2521 3789 deteriora
2561 3737 2815 3791 conversi
2858 3738 2945 3789 illa
2985 3739 3206 3807 antiqua
3243 3740 3444 3793 nobili-

1868 3837 1977 3883 tate
2017 3828 2362 3895 exciderunt,
2406 3829 2731 3883 rudentibus
2784 3829 2983 3884 inferni
3026 3830 3446 3892 detracti,sicut

1865 3920 2132 3989 scriptum
2180 3929 2285 3985 est,
2326 3922 2379 3974 in
2432 3921 2702 3991 judicium
2758 3938 2971 3993 magna:
3017 3924 3123 3978 diei
3181 3925 3444 3980 reservati

1868 4021 1996 4066 sunt
2027 4012 2094 4067 ⁸².
2134 4009 2227 4067 Sic
2270 4012 2451 4068 factus
2481 3998 2758 4068 estinitio
2806 4016 3015 4083 primus
3047 4014 3136 4070 ille
3169 4016 3353 4084 homo,
3390 4017 3445 4072 id

1867 4113 1952 4158 est
1980 4104 2180 4157 Adam.
2209 4106 2341 4158 Erat
2363 4107 2510 4160 enim
2539 4108 2592 4160 in
2626 4107 2903 4175 paradiso,
2923 4115 2975 4161 et
3002 4108 3061 4179 in.
3089 4109 3319 4163 summis
3350 4109 3446 4164 de-

1869 4195 2034 4258 liciis,
2071 4195 2416 4263 spiritalibus
2462 4199 2746 4259 nimirum,
2790 4206 2843 4251 et
2874 4199 3043 4268 gloria
3072 4202 3211 4269 apud
3250 4201 3441 4261 Deum.

1870 4288 1935 4340 Et
1986 4289 2384 4355 permansisset
2432 4290 2654 4359 quidem
2696 4291 2750 4342 in
2793 4291 3043 4359 pristinis
3085 4295 3193 4350 illis
3238 4306 3445 4353 naturai

1871 4378 2049 4442 bonis,
2079 4378 2182 4433 nisi
2210 4394 2515 4433 conversus
2538 4387 2683 4433 esset
2712 4382 2760 4432 in
2785 4379 3146 4437 defectionem
3175 4394 3229 4439 et
3255 4387 3445 4443 iuobe-

1871 4469 2158 4535 dientiam,
2199 4469 2386 4523 datum
2447 4470 2547 4522 sibi
2589 4469 2826 4539 desuper
2858 4475 3173 4528 mandatum
3224 4482 3443 4537 stultis-

175 4557 361 4625 κρίσιν
393 4558 638 4627 μεγάλης
668 4559 881 4628 ἡμέρας
918 4558 1268 4628 τετήρηνται.
1302 4558 1489 4622 Οὕτως
1542 4557 1765 4628 πεποίη-

1873 4562 2009 4614 sime
2045 4570 2491 4631 przetergressus.
2546 4561 2638 4615 Sic
2684 4564 2841 4616 unxit
2878 4563 3096 4620 Saulem
3142 4568 3194 4622 in
3234 4587 3441 4642 regem,

176 4663 269 4696 ται
299 4646 449 4698 κατᾶ
475 4646 576 4718 τὴν
605 4648 779 4719 ἀρχὴν
807 4649 834 4700 ὁ
862 4647 1077 4723 πρῶτος
1113 4646 1422 4718 ἄνθρωπος,
1453 4645 1598 4699 τοῦτ’
1624 4646 1769 4699 ἔστιν

176 4740 205 4788 ὀ
232 4739 430 4807 ⁸-ιδέιμη
463 4734 572 4793 Ἦν
627 4741 726 4809 μὲν
782 4739 891 4810 γὰρ
941 4741 999 4792 ὲν
1057 4741 1392 4810 παραδείσῳ,
1427 4742 1521 4794 καὶ
1563 4742 1619 4793 ἐν
1653 4744 1770 4805 ταῖς

176 4829 445 4882 ἀνωτάτω
478 4832 737 4899 τρυφαῖς,
794 4833 1191 4900 πνευματικαῖς
1221 4831 1481 4901 δηλονότι,
1517 4834 1610 4884 καὶ¹
1641 4832 1766 4903 δόξῃ

178 4921 243 4987 τῇ
276 4920 433 4989 παρὰ
468 4920 607 4990 Θεῷ.
644 4921 755 4974 Καὶ
780 4921 1047 4991 διέμεινεν
1083 4920 1147 4973 ἂν
1170 4923 1228 4974 έν
1253 4924 1366 4984 τοῖς
1395 4921 1643 4991 ἀρχαίοις
1668 4920 1768 4990 τῆς

180 5011 398 5076 ᾳύσεως
425 5010 674 5079 ἀγαθοῖς,
705 5013 754 5065 εἰ
778 5011 852 5082 μὴ
881 5012 1154 5083 τέτραπτο
1180 5011 1315 5083 πρὸς
1342 5012 1644 5066 ἀπόστασιν
1672 5013 1767 5065 καὶ

182 5100 490 5172 παρακοήν,
539 5102 872 5156 ἀϐουλότατα
925 5102 1209 5172 παρελθὼν
1265 5101 1362 5173 τὴν
1404 5103 1766 5173 διορισθεῖσαν

182 5191 404 5262 ἐντολὴν
437 5192 666 5246 ἄνωθεν.
706 5193 867 5255 Οὕτω
895 5194 1120 5264 κέχρικε
1159 5194 1251 5246 τὸν
1281 5193 1454 5247 Σαοὺλ
1498 5195 1577 5256 εἰς
1611 5195 1764 5264 βασι-

181 5282 299 5336 λέα.
325 5279 436 5337 Ἦν
462 5284 564 5353 μὲν
587 5287 696 5355 γὰρ
722 5286 779 5338 ὲν
808 5287 1003 5357 ἀρχαῖς
1028 5286 1089 5338 οὐ
1111 5286 1311 5355 φαῦλος
1342 5286 1498 5357 ἀνὴρ,
1533 5287 1763 5355 ὀφθέντα

182 5390 247 5439 γε
280 5375 384 5445 μὴν
413 5377 598 5430 οὐκέτι
650 5377 888 5431 τοιοῦτον
929 5378 1151 5449 μεθίστη
1200 5380 1297 5450 τῆς
1325 5379 1482 5451 δόξης
1524 5378 1620 5431 καὶ
1662 5380 1760 5448 τῆς

184 5467 452 5532 βασιλίδο;
476 5470 662 5540 τιμῆς.
704 5469 887 5533 (ib-rw;
939 5470 1228 5536 ἐπελέξατο
1277 5470 1623 5535 τὸνθιούδαν,
1665 5471 1759 5524 καὶ

183 5560 297 5616 τοῖς
352 5559 528 5626 ἁγίοις
576 5560 735 5614 αὐτὸν
785 5560 1003 5631 ἀνέμιξε
1066 5561 1357 5631 μαθηταῖς,
1426 5562 1753 5633 ἐπιτηδείως

263 5735 303 5763 ³³
343 5737 493 5791 Ιιιάτξ
520 5740 580 5791 Δ(ἶ.

1870 4650 1999 4706 Erat
2037 4653 2183 4705 enim
2223 4653 2304 4704 vir
2349 4652 2490 4706 haud
2550 4655 2726 4708 malus
2780 4656 2958 4720 initio,
2994 4659 3086 4712 sed
3118 4674 3241 4713 cum
3280 4665 3442 4719 talem

1869 4757 1928 4797 se
1959 4758 2066 4796 non
2102 4743 2342 4812 amplius
2376 4744 2726 4812 prfebuissel,
2757 4747 2929 4816 gloria
2959 4758 3011 4803 et
3039 4752 3189 4820 regni
3237 4751 3445 4810 honore

1868 4834 2098 4889 excidit.
2131 4834 2221 4889 Sic
2250 4833 2446 4888 Jndam
2484 4836 2669 4906 elegit,
2694 4848 2742 4891 et
2771 4841 2978 4895 sanctis
3002 4840 3293 4910 discipulis
3321 4860 3441 4900 eum

1869 4927 2184 4996 adscripsit.
2223 4943 2347 4981 cum
2394 4928 2649 4983 idoneum
2699 4946 2756 4985 se
2810 4933 3081 5002 principio
3114 4943 3441 4992 sectatorem

1867 5031 1930 5069 ac
1976 5016 2307 5085 discipulum
2341 5027 2651 5086 praestaret.
2700 5019 2804 5073 Sed
2854 5030 3139 5091 postquam
3178 5027 3440 5093 paulatim

1864 5124 1895 5161 a
1930 5106 2134 5161 Satana
2188 5116 2434 5165 tentatus
2482 5119 2538 5164 ct
2595 5113 2733 5166 lucri
2768 5114 2955 5167 studio
3004 5115 3252 5172 irretitus
3318 5119 3444 5173 huic

1865 5200 1999 5254 vitio
2033 5201 2349 5264 succubuit,
2384 5201 2587 5255 factum
2628 5205 2698 5258 ob
2744 5204 2796 5257 id
2840 5205 3174 5273 proditorem
3222 5206 3439 5262 demum

1863 5292 2086 5361 repulit.
2115 5293 2265 5346 Nihil
2293 5309 2428 5364 ergo
2459 5295 2525 5346 ad
2552 5310 2674 5348 eum
2709 5295 2801 5363 qui
2841 5296 3023 5366 elegit.
3060 5296 3232 5353 Penes
3288 5299 3440 5355 illum

1868 5381 2072 5451 quippe
2094 5391 2214 5435 erat
2247 5398 2357 5435 non
2391 5383 2611 5444 cadere,
2643 5383 2685 5437 si
2722 5382 2946 5437 meliora
2980 5384 3239 5441 nimirum
3284 5404 3440 5443 com-

1871 5473 2030 5543 plecti
2078 5473 2365 5536 voluisset,
2409 5483 2686 5542 totamque
2744 5489 2899 5527 suam
2954 5484 3187 5532 mentem
3231 5478 3299 5533 ad
3351 5495 3441 5534 se-

1869 5561 2148 5632 quendum
2184 5564 2401 5618 sincere
2442 5562 2722 5616 Christum
2760 5566 3163 5624 transtulisset.
3194 5566 3274 5623 Ad
3310 5566 3444 5622 alte.
