4010 6320
551 356 639 412 151

1529 351 1589 407 S.
1623 349 1901 407 UYRILLI
1942 347 2413 406 ALEXANDHINI
2438 350 2759 408 ARCHIEP.
2805 308 2811 313 ί

3684 350 3792 407 ίδὶ

474 498 479 501 -
548 488 663 527 rum
684 487 850 542 porro
877 469 1021 542 quod
1044 470 1387 542 propositum
1420 471 1847 534 erat,dicimus.
1870 469 2112 533 Nemini,

2214 470 2404 542 ἔχοντα
2429 472 2670 543 δηλονότι
2700 471 2838 544 πρὸς
2864 471 3218 541 ἀκολούθησιν
3239 471 3296 525 ἐν
3325 469 3541 542 ἀρχαῖς.
3568 466 3790 537 Ἐπειδὴ

541 562 847 616 secundqu
878 560 1247 631 quorumdam
1292 561 1522 616 stultum
1556 569 1959 627 commentum,
1994 560 2114 615 exi-

541 655 877 709 stimandum
920 661 1008 708 est
1069 651 1274 709 idcirco
1334 669 1458 724 quae
1502 666 1534 707 a
1567 653 1782 708 sanctis
1829 652 2115 724 prophetis

540 745 688 799 dicta
725 756 853 801 sunt
907 744 974 799 ad
1004 745 1211 799 exitum
1263 744 1519 815 perduci,
1550 752 1614 798 ut
1667 742 1972 814 Scriptura:
2014 745 2115 797 int-

544 837 816 907 pleantur.
863 833 997 889 Nam
1031 835 1080 892 si
1131 835 1208 889 ita
1237 852 1295 891 se
1326 851 1416 891 res
1456 835 1674 899 habeat,
1713 834 1851 888 nihil
1892 835 2116 889 omnino

541 928 743 983 vetabit
794 926 1095 997 quominus
1132 930 1451 981 necessario
1496 924 1806 995 Scripturis
1837 924 2047 980 addicti
2084 939 2116 979 a

544 1016 773 1091 peccato
819 1029 1179 1083 excusentur,
1208 1018 1319 1072 imo
1373 1032 1505 1072 vero
1554 1018 1872 1072 nullatenus
1923 1030 2117 1082 pecca-

543 1111 744 1167 verint.
808 1110 865 1166 Si
919 1109 1066 1163 enim
1124 1123 1219 1163 eas
1277 1106 1493 1177 impleri
1548 1107 1858 1175 oportebat,
1907 1105 2117 1176 inquiet

541 1203 767 1273 aliquis,
801 1208 857 1257 et
901 1215 998 1271 per
1043 1199 1145 1254 hos
1188 1198 1425 1267 impletae
1459 1206 1610 1263 sunt,
1661 1196 1743 1251 illi
1781 1197 1973 1267 utique
2019 1210 2118 1265 per

541 1311 682 1365 quos
723 1294 961 1364 impletae
999 1299 1128 1348 sunt
1171 1291 1321 1345 omni
1359 1289 1519 1358 culpa
1562 1290 1860 1343 vacabunt.
1893 1287 2117 1358 Alioqui

541 1387 731 1440 divina
761 1385 879 1454 ipsa
914 1381 1200 1451 Scriptura
1252 1381 1462 1450 peccati
1511 1378 1760 1434 ministra
1789 1378 1959 1432 videri
1991 1392 2120 1447 pos-

540 1478 635 1539 sit,
667 1476 837 1530 veluti
876 1475 927 1528 vi
962 1471 1199 1543 quadam
1231 1485 1297 1525 ac
1342 1470 1677 1525 necessitate
1705 1468 2005 1524 nonnullos
2049 1467 2119 1521 :ul

539 1568 631 1621 illa
680 1565 1005 1636 pertraxerit
1040 1578 1163 1634 qua:
1191 1562 1398 1633 scripta
1428 1571 1604 1626 erant,
1633 1569 1693 1615 ut
1731 1560 1876 1631 quod
1914 1561 2117 1630 praedi-

537 1669 688 1716 ctum
725 1667 809 1716 est
841 1660 971 1714 olim
1011 1658 1219 1713 exitum
1245 1656 1464 1710 tandem
1512 1655 1826 1711 sortiretur.
1865 1651 2025 1718 Quod
2069 1651 2119 1705 si

538 1754 714 1815 dieas,
746 1748 969 1814 summi,
993 1748 1210 1818 opinor,
1244 1745 1392 1800 istud
1423 1752 1504 1800 est
1538 1742 1738 1815 piaculi
1764 1755 1956 1814 genus.
1983 1740 2119 1806 Quis

2213 565 2271 617 δὲ
2299 562 2440 618 κατὰ
2465 562 2638 634 βραχὺ
2667 562 2943 634 πειράζων
2982 565 3010 616 ὁ
3038 562 3279 624 Σατανᾶς
3306 563 3427 623 ταῖς
3459 561 3786 631 αἰσχροκερ-

2213 656 2355 721 δίαις
2384 655 2882 728 προσεχειρώσατο,
2909 654 3200 725 νικηθέντα
3230 653 3309 725 τῷ
3338 652 3501 706 πάθει
3528 653 3624 705 καὶ
3654 667 3790 722 προ·

2213 749 2373 820 δότην
2402 748 2470 802 δι’
2496 748 2627 802 αὐτὸ
2659 747 2922 819 γεγονότα
2958 746 3143 799 λοιπὸν
3165 743 3471 800 ἀπεώσατο.
3505 742 3673 797 Οὐδὲν
3696 738 3791 796 οὖν
3824 798 3832 818 ι

2213 841 2324 912 ἄρα
2351 840 2486 913 πρὸς
2516 841 2607 894 τὸν
2641 833 3160 909 ὲπιλεξάμενονῘΗν
3178 837 3288 908 γὰρ
3316 837 3374 889 ὲν
3404 833 3596 905 ἐκείνῳ
3616 832 3679 887 τὸ
3698 832 3790 886 δύ-

2214 933 2411 989 νασθαι
2444 932 2518 1004 μὴ
2543 933 2842 995 διαπεσεῖν,
2873 929 3111 1000 ἑλομένῳ
3136 928 3378 999 δηλονότι
3408 926 3476 980 τὰ
3507 924 3788 997 πρεπωδέ-

2216 1040 2405 1094 crepa,
2432 1023 2561 1094 ὃλην
2593 1039 2652 1074 τε
2683 1021 2782 1091 τὴν
2814 1019 2946 1074 ἰδίαν
2979 1017 3316 1089 μετατιθέντι
3348 1015 3590 1070 διάνοιαν
3619 1014 3699 1076 είς
3727 1011 3790 1064 τὸ

2214 1115 2413 1187 χρῆναι
2432 1113 2670 1185 γνησίως
2691 1110 3052 1181 ἀκολουθῆσαι
3097 1105 3336 1179 Χριστῷ.
3374 1108 3468 1169 Ei;
3494 1105 3552 1159 δέ
3579 1121 3642 1173 γε
3677 1102 3789 1155 τῶν

2216 1206 2593 1279 προκειμένων
2638 1203 2703 1256 τδ
2749 1202 2934 1274 ἕτερον
2976 1201 3151 1254 ἐκεῖνό
3184 1217 3382 1271 φαμεν.
3430 1199 3522 1268 Μὴ
3561 1198 3671 1266 γάρ
3702 1212 3789 1259 τις

2215 1298 2429 1364 οἰέσθω,
2450 1295 2591 1350 κατά
2613 1296 2710 1365 τήν
2737 1311 2900 1347 τινων
2931 1291 3205 1357 ἀϐουλίαν,
3238 1290 3326 1344 διὰ
3353 1290 3510 1344 τοῦτο
3539 1287 3787 1356 διεξάγε-

2219 1386 2342 1441 σθαι
2371 1387 2508 1458 πρὸς
2542 1386 2714 1454 πέρας
2760 1384 2830 1438 τὰ
2858 1383 2996 1454 ἔργα
3047 1383 3116 1436 τὰ
3155 1379 3660 1453 κεχρησμῳδημένα
3698 1377 3789 1449 διὶι

2215 1480 2322 1533 τῶν
2350 1480 2522 1548 ἀγίων
2552 1475 2867 1548 προφητῶν,
2896 1476 2983 1529 ἴνα
3012 1474 3116 1545 πλη
3128 1473 3349 1542 ρωθεῖεν
3385 1474 3440 1526 αί
3468 1470 3700 1542 Γραφαί.
3725 1472 3787 1523 Εἰ

2216 1571 2325 1643 γὰρ
2358 1569 2516 1625 τοῦτό
2543 1570 2690 1623 ἐστιν
2712 1566 2932 1639 ἀληθὲς,
2971 1566 3124 1619 οὐδὲν
3156 1565 3291 1629 ὅλως
3320 1562 3642 1618 διακωλύσει
3662 1565 3789 1626 τοὺς

2216 1669 2326 1729 τοῖς
2375 1661 2781 1734 γεγραμμένοις
2824 1658 3136 1729 ἀναγκαίως
3189 1656 3659 1729 ὑπηρετήσαντας,
3687 1653 3788 1704 οὐκ

2219 1757 2627 1829 ἀπροφάσιστον
2671 1754 2815 1824 ἔχειν
2842 1751 2940 1823 τὴν
2977 1750 3271 1822 ἁμαρτίαν,
3308 1749 3507 1819 μᾶλλον
3541 1746 3598 1800 δὲ
3627 1745 3786 1799 οὐδα-

539 1844 686 1899 enim
713 1841 849 1896 adeo
879 1838 1114 1894 rationis
1166 1844 1221 1892 et
1253 1834 1456 1891 mentis
1488 1834 1648 1905 inops
1698 1833 1826 1897 erit,
1851 1840 1913 1886 ut
1943 1830 2115 1888 sancti

2223 1849 2340 1921 μῶς
2379 1843 2930 1918 πεπλημμεληκέναι.
2980 1839 3043 1894 Et
3088 1840 3196 1912 γὰρ
3251 1839 3358 1891 ἔδει
3406 1834 3785 1908 πληρωθῆναι,

541 1945 702 2017 732
729 1943 968 2015 Spiritus
994 1955 1300 1998 sermonem
1324 1937 1605 1994 existimet
1629 1935 1885 2011 cuiquam
1910 1935 2119 2006 peccati

540 2039 715 2092 fuisse
761 2033 1077 2107 pararium?
1102 2031 1448 2101 Quapropter
1486 2042 1829 2098 nequaquam
1864 2025 1938 2081 ob
1959 2026 2119 2080 istam

539 2141 761 2182 causam
791 2125 1069 2180 credimus
1093 2121 1233 2176 facta
1256 2134 1384 2176 esse
1412 2119 1482 2174 ab
1505 2117 1781 2187 aliquibus
1803 2129 1992 2187 opera,
2062 2121 2122 2168 ut

539 2218 976 2286 adimplercntur
1007 2212 1306 2283 Scriptura
1345 2228 1359 2265 :
1393 2208 1488 2265 sed
1513 2207 1776 2277 Spiritum
1810 2218 1999 2259 rerum
2041 2202 2122 2257 fu-

541 2322 788 2366 turarum
815 2306 1103 2378 praescium
1122 2319 1214 2360 eas
1232 2302 1572 2375 praedixisse,
1590 2306 1650 2354 ut
1665 2313 1790 2354 cum
1808 2295 2119 2362 evenerint,

542 2407 740 2476 pignus
765 2400 885 2456 ﬁdei
909 2397 1315 2471 praedictionem
1338 2395 1605 2450 habentes
1624 2393 1776 2448 illam
1796 2390 1863 2445 de
1877 2403 1988 2460 quo
2003 2389 2121 2444 hate

543 2492 750 2563 scripta
780 2497 936 2557 sunt,
957 2500 1109 2545 certo
1137 2488 1357 2542 demum
1384 2494 1439 2541 et
1473 2484 1788 2540 indubitato
1815 2495 2122 2552 cognosca-

542 2600 692 2638 mus.
737 2583 843 2638 Sed
877 2595 1006 2637 cum
1056 2580 1112 2634 in
1148 2579 1323 2634 altero
1369 2577 1514 2633 libro
1544 2575 1614 2630 de
1666 2575 1753 2630 his
1799 2573 1923 2630 fuse
1960 2572 2121 2629 nobis

539 2677 887 2745 dispmatum
912 2671 1006 2738 sit,
1032 2672 1220 2726 eadem
1246 2681 1415 2739 porro
1438 2673 1687 2736 repetere
1711 2661 2118 2734 quodammodo

539 2766 879 2838 superﬂuum
908 2777 1032 2818 esse
1063 2759 1297 2816 videtur.

2218 1942 2405 2014 φησὶν,
2436 1941 2551 2013 ἐρεῖ
2596 1955 2700 2002 τις,
2729 1934 3029 2008 ἐπληροῦτο
3054 1934 3129 1988 -δὲ
3169 1932 3257 1986 διὰ
3280 1931 3505 1997 τούτων,
3533 1931 3581 1983 oi
3605 1929 3672 2012 δι’
3711 1922 3786 1982 ὧν

2216 2006 2325 2106 ἀρα
2346 2006 2755 2104 πεπλήρωνται,
2784 2006 2966 2099 πάσης
2994 2027 3060 2081 ἂν
3086 2020 3194 2080 εἷεν
3228 2024 3457 2094 εὐθύνης
3490 2006 3786 2092 ἐλεύθεροι.

2221 2122 2431 2186 Ἀλλως
2457 2138 2518 2174 τε
2549 2120 2644 2174 καλ⁸
2669 2119 2914 2181 διάκονος
2941 2116 3218 2188 ἁμαρτίας
3250 2118 3283 2185 ή
3316 2113 3437 2167 θεία
3476 2112 3541 2182 δή
3568 2110 3788 2172 πάντως

2218 2213 2576 2284 κατεφαίνετο
2604 2210 2816 2282 Γραφὴ,
2867 2207 3111 2263 καλοῦσα
3158 2206 3408 2274 καθάπερ
3457 2204 3521 2256 ὲκ
3552 2202 3671 2273 βίας
3706 2201 3787 2262 είς

2217 2307 2400 2361 έκεῖνά
2423 2321 2597 2368 τινας,
2625 2303 2660 2357 ἃ
2687 2302 2925 2356 ὲλαλεῖτο
2954 2299 3021 2353 δι’
3044 2298 3232 2367 αὐτῆς,
3262 2298 3349 2350 ἴνα
3377 2295 3472 2348 καὶ
3503 2295 3582 2356 εἰς
3612 2290 3789 2361 πέρας

2215 2398 2337 2469 ἥκοι
2374 2395 2435 2450 τὸ
2469 2395 2640 2449 πάλαι
2666 2390 3076 2464 πεφωνημένον.
3125 2388 3262 2441 Ἀλλ’
3303 2381 3456 2457 οἶμαι
3491 2384 3658 2447 πολὺς
3694 2381 3790 2436 ἐπὶ

2215 2487 2387 2558 τούτῳ
2417 2487 2517 2558 τῆς
2543 2485 2855 2556 δυσφημίας
2881 2485 2909 2536 ό
2936 2482 3113 2550 λόγος.
3139 2481 3234 2541 Τίς
3273 2479 3382 2550 γὰρ
3405 2477 3490 2549 εἴη
3525 2475 3620 2529 τοῦ
3651 2474 3789 2529 καθ-

2217 2580 2443 2651 ήκοντος
2472 2574 2734 2645 λογισμοῦ
2771 2572 3022 2627 τοσοῦτον
3055 2570 3434 2642 ἐστερημένος,
3470 2566 3543 2629 ὡς
3572 2565 3661 2619 τὸν
3689 2562 3789 2618 τοῦ

2223 2670 2380 2739 ἁγίου
2406 2667 2721 2738 Πνεύματος
2768 2664 2978 2718 οἴεσθαι
3022 2662 3177 2731 λόγον
3200 2660 3468 2732 ἁμαρτίας
3502 2659 3612 2710 τισι
3642 2655 3790 2723 γίνεο

2223 2764 2349 2817 σθαι
2390 2759 2688 2833 πρόξενον;
2731 2755 2941 2810 Οὐκοῦν
2984 2755 3045 2807 ού
3080 2754 3167 2807 διὰ
3210 2753 3415 2812 ταύτην
3462 2746 3788 2816 πιστεύομεν

447 2908 457 2917 -
538 2836 634 2948 τὴν
669 2873 847 2929 αἰτίαν
875 2867 1163 2941 δεδρᾶσθαι
1188 2867 1257 2919 τὰ
1288 2865 1427 2936 ἔργα
1463 2862 1617 2934 ποιρά
1642 2877 1825 2925 τινων,
1863 2859 1950 2914 ἵνα
1983 2858 2319 2931 πληρωθεῖεν
2355 2858 2413 2910 αἱ
2454 2853 2685 2925 Γραφαίο
2718 2852 2800 2904 ὅτι
2839 2849 2898 2902 δὲ
2945 2848 3162 2909 πάντως
3216 2845 3370 2898 ἔσται
3403 2843 3473 2896 τὰ
3512 2836 3786 2911 συμϐησό-

541 2934 679 3038 μενα
727 2934 979 3037 προειδὸς
1004 2962 1065 3014 τὸ
1096 2934 1332 3030 Πνεῦμα
1346 2956 1661 3027 λελάληκεν,
1696 2953 1764 3007 ἶν’
1798 2954 1926 3008 ὅταν
1956 2952 2198 3022 γίνεσθαι
2238 2950 2440 3022 συμϐῇ,
2498 2949 2731 3009 πίστεως
2768 2944 3021 3015 ἐνέχυρον
3076 2940 3332 3003 λαϐόντες
3389 2937 3486 3009 τὴν
3543 2934 3786 3005 πρόρῤη-

545 3026 650 3123 σιν,
686 3026 895 3130 τὴνὲξιν
941 3047 985 3125 ᾧ
1023 3026 1335 3126 γέγραπται
1387 3026 1578 3112 ταῦτα,
1631 3045 1816 3100 λοιπὸν
1857 3046 2136 3119 ἀραρότως
2185 3043 2561 3116 γινώσκωμεν.
2620 3037 2821 3093 Πολλοῦ
2875 3036 2930 3091 δὲ
2974 3037 3106 3109 ἡμῖν
3152 3032 3432 3104 γεγονότος
3483 3027 3575 3081 τοῦ
3627 3026 3786 3094 λόγου

539 3116 668 3226 περὶ
698 3116 806 3205 rde
834 3116 1183 3204 ratodrmv'iv
1218 3143 1391 3213 ἑτέρῳ
1421 3139 1632 3212 βιϐλίῳ,
1681 3137 1742 3191 τὸ
1776 3116 2005 3210 μακροῖς
2053 3138 2134 3191 ἔτι
2170 3138 2301 3209 περὶ¹
2344 3136 2525 3190 αὐτῶν
2574 3131 2910 3202 ἐνδιατρίψαι
2958 3129 3280 3199 διηγήμασι,
3331 3121 3582 3195 περιττὸν
3642 3116 3781 3172 εἷναί

541 3264 659 3310 πως
686 3245 852 3298 δοκεῖ.

607 3337 746 3401 .\'lll,
781 3334 873 3389 l9.
929 3329 1135 3385 Amado
1170 3326 1291 3382 dico
1340 3326 1481 3381 vobis
1526 3325 1838 3396 priusquam
1883 3321 2004 3392 ﬁat,
2054 3327 2113 3374 ut
2141 3328 2184 3387 ο

537 3446 657 3484 cum
683 3427 885 3498 factum
914 3422 1097 3492 fuerit,
1120 3417 1349 3474 credatis
1382 3416 1509 3488 quia
1538 3431 1630 3488 ego
1660 3430 1801 3470 sum.

608 3517 938 3575 Necessario
969 3511 1200 3584 exposui
1268 3523 1393 3580 quae
1446 3524 1571 3563 mox
1606 3508 1791 3562 futura
1831 3512 1986 3573 sunt,
2025 3505 2113 3559 in-

536 3614 682 3684 quit,
717 3618 769 3665 et
805 3617 931 3662 ante
964 3614 1180 3675 tempus
1211 3618 1225 3656 :
1253 3599 1498 3672 proderit
1538 3598 1686 3654 enim
1736 3598 2112 3660 auditoribus,

539 3722 642 3762 nec
677 3716 867 3775 parum
905 3698 1175 3755 condueet
1215 3693 1295 3750 rei
1321 3692 1502 3764 ipsius
1532 3706 1762 3762 scopum
1790 3703 2111 3762 agnoscere.

537 3797 766 3852 Frustra
805 3792 952 3847 enim
989 3784 1265 3845 sermonis
1293 3797 1454 3838 usum
1501 3781 1925 3837 narrationibus
1955 3780 2114 3834 insu-

537 3904 686 3946 mere
720 3902 830 3942 non
852 3884 1040 3939 soleo:
1071 3879 1279 3950 quibus
1303 3884 1489 3931 autem
1530 3888 1638 3929 non
1659 3887 1856 3944 parum
1896 3869 2111 3925 utilita-

537 3986 607 4040 tis
625 3977 1031 4039 inessevidetur
1053 3974 1100 4029 si
1118 3972 1187 4026 ad
1207 3977 1445 4026 vestram
1474 3965 1726 4024 notitiam
1761 3962 2109 4025 devenerint,

538 4076 656 4131 hate
685 4087 787 4143 ego
821 4067 1018 4124 vestris
1059 4062 1287 4121 auribus
1320 4056 1656 4116 infundenda
1687 4055 1945 4111 arbitror.
1980 4052 2112 4106 Dico

541 4167 707 4237 igitur
736 4159 954 4221 amodo,
984 4157 1184 4227 inquit.
1218 4153 1399 4218 vobis,
1434 4165 1558 4222 quae
1589 4164 1689 4220 pro
1723 4147 1934 4202 foribus
1981 4145 2111 4215 qui-

539 4259 663 4313 dem
698 4256 810 4325 jam
842 4261 991 4316 sunt;
1020 4249 1115 4306 sed
1150 4247 1416 4302 factorum
1451 4243 1695 4298 nondum
1735 4239 2110 4310 cognitionem

537 4349 695 4405 vobis
735 4343 925 4410 alfero,
957 4349 1038 4406 ut,
1093 4354 1217 4395 cum
1271 4353 1335 4393 ea
1388 4335 1508 4390 ﬁeri
1569 4330 1892 4400 contigerit,
1925 4342 2109 4383 rerum

538 4442 743 4496 exitum
777 4436 913 4490 meis
952 4429 1406 4504 praedictionibus
1435 4431 1712 4496 aptantes,
1738 4421 1896 4474 illum
1929 4419 2108 4489 ipsum

538 4545 627 4585 me
675 4541 800 4583 esse
834 4525 1096 4586 credatis,
1128 4523 1197 4578 de
1245 4534 1355 4592 quo
1410 4516 1538 4572 talia
1591 4512 1883 4582 Scriptura
1921 4508 2109 4565 divina

537 4618 877 4693 praedixerit.
942 4613 1119 4669 Simul
1181 4627 1317 4683 ergo
1376 4607 1644 4662 Dominus
1702 4609 1891 4656 noster
1945 4597 2110 4654 Jesus

535 4713 794 4770 Christus
847 4717 903 4764 et
949 4706 1286 4778 proditorem
1343 4698 1549 4756 sensim
1589 4694 1868 4765 castigare
1916 4705 2109 4762 aggre-

2218 4695 2499 4769 ρευμένοις
2546 4688 2653 4742 τῶν
2686 4683 3027 4757 πραγμάτων
3045 4678 3116 4778 :6

536 4809 708 4870 ditur,
763 4799 1194 4870 increpationcm
1244 4791 1348 4847 sub
1410 4786 1738 4860 quihusdam
1808 4781 2107 4839 involucris

536 4899 793 4962 all‘erens,
826 4902 880 4949 et
911 4888 1241 4964 proditionis
1275 4883 1483 4939 exitum
1518 4881 1573 4935 in
1610 4879 1827 4948 signum
1862 4875 1982 4930 fore
2007 4874 2105 4938 ait,

535 5002 591 5048 et
617 4987 989 5045 clarissimum
1028 4983 1416 5051 argumentum
1446 4973 1626 5042 ipsum
1657 4982 1780 5024 esse
1799 4965 2103 5021 Christum.

537 5086 612 5142 Ut
639 5083 783 5139 enim
815 5080 930 5152 jam
963 5084 1121 5130 antea
1154 5071 1417 5132 diximus,
1443 5066 1536 5137 qui
1564 5079 1627 5120 ea
1656 5076 1777 5130 quae
1798 5075 1897 5131 per
1920 5073 2109 5113 sacras

537 5178 775 5231 Litteras
820 5150 1100 5243 praedicta
1162 5168 1292 5218 sunt
1350 5174 1473 5213 cum
1541 5154 1842 5227 proditoris
1899 5150 2107 5206 scelere

536 5239 964 5336 comparaverit,
995 5250 1530 5312 manilestissimam,
1564 5257 1624 5301 ut
1670 5259 1816 5307 reor,
1845 5249 1901 5297 et
1946 5239 2105 5295 l‘aeil-

535 5361 719 5414 limam
747 5357 867 5426 ejus
905 5343 1454 5418 comprehensionem
1482 5345 1830 5409 assequetur.

2299 3312 2532 3381 Ἀπάρτι
2568 3311 2722 3381 λέγω
2753 3309 2896 3379 ὑμῖν
2937 3306 3051 3375 πρὸ
3083 3305 3190 3360 τοῦ
3218 3306 3515 3375 γενέσθαι,
3552 3303 3653 3357 ἵνα
3694 3317 3787 3354 πι-

2217 3407 2533 3474 στεύσητε,
2573 3403 2721 3457 ὅταν
2762 3400 3025 3471 γένηται,
3061 3398 3151 3452 ὅτι
3174 3397 3286 3466 ἐγώ
3308 3397 3444 3464 ειμι.

2299 3492 2759 3564 Ἀναγκαιοτάτην
2788 3490 3111 3559 πεποίημαι,
3145 3484 3298 3554 φησὶ,
3337 3483 3447 3537 τῶν
3478 3483 3601 3535 ὅσον
3631 3479 3782 3533 οὐδέ-

2216 3609 2304 3645 πω
2371 3585 2779 3660 παρεσομένων,
2828 3582 2919 3635 καὶ
2973 3578 3079 3650 πρὸ
3131 3575 3320 3647 καιροῦ
3360 3574 3456 3646 τὴν
3505 3574 3782 3643 ἐξήγησινο

2215 3682 2443 3755 ᾐσθήσει
2464 3683 2481 3700 ‘
2501 3679 2611 3750 γὰρ
2641 3677 2767 3738 τοὺς
2796 3671 3199 3743 ἀκροωμένους,
3222 3668 3315 3720 καὶ
3343 3666 3404 3718 οὐ
3424 3664 3618 3735 μικρὸν
3648 3663 3786 3716 οἴσει

2213 3752 2276 3828 τὸ
2306 3772 2516 3844 κέρδος,
2560 3771 2609 3822 εἰ
2636 3768 2727 3821 τὸν
2759 3767 2824 3818 ἐκ
2850 3761 2944 3816 τοῦ
2976 3761 3299 3833 πράγματος
3328 3756 3520 3809 εἰδεῖεν
3559 3752 3785 3808 σκοπόν.

2214 3843 2452 3924 Είκαίως
2506 3861 2603 3930 μὲν
2649 3857 2757 3928 γὰρ
2802 3855 2900 3924 τὴν
2957 3850 3050 3905 τοῦ
3098 3849 3257 3918 λόγου
3305 3844 3495 3919 χρείαν
3536 3843 3785 3914 δαπανᾷν

2213 3957 2567 4025 διηγήμασιν,
2598 3946 2863 4016 ἀσύνηθές
2887 3961 2948 3998 τε
2975 3943 3071 3997 καὶ
3096 3941 3156 3995 οὐ
3189 3939 3340 4011 φίλον
3374 3936 3516 4007 ὲμοίο
3545 3930 3627 3998 οἷς
3649 3935 3695 3988 δ’
3719 3934 3786 3987 ἂν

2215 4047 2474 4118 φαίνηται
2514 4040 2714 4114 προσὸν
2769 4037 2830 4091 τὸ
2877 4035 3149 4097 λυσιτελὲς
3195 4033 3256 4085 οὐ
3310 4029 3502 4102 μικρὸν
3556 4028 3605 4080 εἰ
3645 4026 3784 4091 πρὸς

2212 4139 2413 4210 γνῶσιν
2445 4134 2541 4207 [αι.
2575 4134 2626 4187 εί
2674 4132 2753 4195 είς
2787 4124 3117 4201 πρόγνωσιν]
3146 4124 3214 4178 ῖοι
3239 4122 3337 4193 τὴν
3366 4119 3641 4192 ἡμετέραν

2213 4227 2530 4302 ὑμετέρανῙ,
2565 4224 2732 4281 ταῦτα
2766 4223 2875 4275 δεῖν
2918 4216 3284 4288 ὑπολαμϐάνω
3323 4215 3443 4276 ταῖς
3485 4210 3785 4284 ἡμετέραις

2216 4325 2327 4397 [ἵσ.
2386 4300 2709 4394 ύμετέραις]
2762 4315 2975 4385 ἐνηχεῖν
3024 4310 3233 4371 ἀκοαῖς.
3281 4306 3440 4373 Λέγω
3500 4300 3785 4374 τοιγαροῦν

2212 4395 2440 4489 ἀπάρτι,
2482 4414 2668 4485 φησὶν,
2710 4411 2839 4480 ὑμῖν
2862 4407 2928 4460 τά
2952 4405 3042 4458 ἐπὶ
3062 4403 3252 4473 θύραις
3286 4399 3383 4471 μὲν
3415 4397 3535 4468 ἤδη,
3574 4395 3786 4448 τετελε-

2215 4484 2427 4583 σμένων
2456 4507 2512 4561 δὲ.
2543 4505 2696 4559 οῦπω
2725 4502 2826 4574 τὴν
2856 4498 3055 4569 γνῶσιν
3088 4493 3359 4564 ὲντὶθημι,
3381 4491 3448 4542 ἵν’
3472 4491 3600 4542 ὅταν
3628 4484 3782 4554 γενέ-

2215 4578 2340 4659 σθαι
2378 4599 2583 4671 συμϐῇ,
2611 4593 3072 4664 συναρμόττοντες
3096 4589 3208 4649 τοῖς
3231 4582 3359 4652 παρ’
3383 4578 3517 4652 ἐμοῦ
3545 4592 3786 4671 προηγο-

3170 4676 3342 4739 τέλος,
3384 4674 3589 4726 ἐκεῖνον
3622 4667 3784 4722 αὑτὸν

2211 4782 2349 4839 εἶναί
2379 4799 2445 4853 με
2481 4775 2829 4846 πιστεύσητε,
2866 4771 2992 4842 περὶ
3017 4763 3077 4823 οῦ
3105 4766 3172 4820 τά
3203 4763 3422 4819 τοιαῦτα
3454 4756 3783 4831 κεχρησμῴ-

2212 4847 2390 4947 δηκεν*
2427 4874 2461 4943 ή
2508 4869 2627 4923 θεία
2653 4866 2864 4937 Γραφή.
2884 4863 2972 4915 Ἐν
2995 4858 3175 4928 ταυτῷ
3208 4851 3490 4923 τοιγαροῦν
3521 4853 3549 4903 ὁ
3581 4847 3785 4919 Κύριος

2213 4941 2369 5040 ἡμῶν
2400 4941 2605 5034 Ἰησοῦς
2641 4961 2670 5013 ὁ
2699 4955 2931 5029 Χριστὸς
2996 4951 3091 5005 καὶ
3122 4950 3212 5003 τὸν
3250 4945 3514 5017 προδότην
3551 4941 3785 5040 επανορ-

2213 5029 2338 5112 θοῦν
2387 5029 2783 5125 εὐπεριστόλως
2811 5045 3093 5115 ἐπιχειρεῖ,
3121 5034 3505 5109 κεκρυμμένον
3557 5029 3651 5125 ἐπὶ
3702 5043 3785 5125 μι-

2213 5151 2373 5222 κραῖς
2419 5119 2708 5213 ἀσαφείαις
2742 5136 3089 5209 προκομίζων
3130 5133 3222 5186 τὸν
3267 5129 3506 5198 ἔλεγχον,
3546 5122 3641 5176 καὶ
3686 5119 3783 5222 τὴν

2192 5207 2311 5309 ’της
2336 5207 2623 5308 προδοσίας
2643 5207 2868 5283 ἔκϐασιν
2896 5207 2976 5288 είς
3008 5223 3232 5294 σημεῖον
3261 5213 3479 5272 ἔσεσθαί
3509 5220 3663 5283 φησι,
3687 5207 3783 5261 καὶ

2207 5300 2303 5395 εἰς*
2340 5300 2681 5399 σαφεστάτην
2723 5316 2995 5383 ἀπόδειξιν
3040 5315 3135 5369 τοῦ
3166 5308 3328 5366 αὑτὸν
3356 5305 3495 5361 εἶναι
3526 5300 3779 5376 Χριστόν.

545 5399 896 5522 δήδή
907 5399 1230 5513 ⁷ιρθ-ἀέταντες
1253 5435 1500 5505 εἴπομεν,
1533 5435 1562 5487 ό
1591 5399 1661 5485 τά
1689 5430 1776 5484 διὰ
1804 5425 1913 5481 τῶν
1938 5423 2100 5498 ἱερῶν
2122 5422 2485 5522 ΔΓραιμίμόιτιιυν
2510 5412 3006 5522 προκεκηρυγμένα
3028 5409 3146 5520 τοῖς
3163 5403 3257 5511 τοῦ
3315 5399 3783 5522 πρρδήτουῶἷιέξ·

534 5544 715 5603 ϐαλὼν
762 5539 1126 5609 τολμήμασιν,
1188 5528 1657 5601 εύσυνοπτοτάτην
1697 5524 1786 5589 ἂν,
1832 5521 2008 5592 οἶμαι,
2050 5517 2146 5573 καὶ
2182 5515 2558 5587 ἀταλαίπωρον

537 5654 631 5693 και
663 5635 805 5690 μάλα
840 5629 1033 5704 ῥᾳδίως
1061 5627 1234 5683 ἕλοιτο
1263 5623 1346 5679 ἀν.

2604 5480 2796 5581 κομιδῇ
2835 5480 2932 5577 τήν
2956 5501 3042 5556 ἐπ’
3068 5497 3217 5569 αὐτῷ
3242 5491 3546 5563 κατάληψιν
3581 5480 3778 5557 ἀληθῆ,
