4010 6320
207 341 310 395 13";

1260 337 1322 392 ΙΝ
1362 336 1646 391 ,ιυΑικκιε
1675 336 2116 392 EVANGELIUM
2157 336 2398 393 ωειλ.

3356 335 3457 391 136

289 455 500 522 Ἀμὴν,
540 453 703 522 ἀμὴν
749 449 902 521 λέγω
932 450 1096 520 ὑμῖν,
1129 401 1161 504 :5
1193 451 1513 520 λαμϐάνων
1537 450 1615 504 ἄν
1651 467 1782 504 τινα

1956 449 2092 510 XIII,
2130 450 2217 504 20.
2255 451 2441 516 Amen,
2476 466 2628 504 amen
2675 450 2793 505 dico
2843 447 3008 512 vobis,
3037 443 3129 518 qui
3169 450 3359 521 accipit
3409 455 3458 504 si

207 548 440 614 πὲμύω,
468 543 574 612 ἐμὲ
594 542 911 611 λαμϐάνει·
960 544 992 594 ὀ
1022 541 1091 594 δὲ
1116 542 1221 612 ἐμὲ
1244 543 1588 612 λαμϐάνων,
1630 544 1778 610 λαμ-

200 637 379 704 βάνει
418 634 525 688 τὸν
544 633 992 687 ἀποστείλαντά
1006 649 1105 702 με.

280 724 686 795 Προαποδείξας
725 723 1007 794 χρησίμως
1037 723 1228 776 ἑαυτὸν
1259 723 1384 777 ὅντα
1411 724 1663 797 Χριστὸν,
1689 726 1783 778 καὶ

206 811 368 872 δι’ὦν
404 814 630 886 ἔμελλεν
681 816 708 866 6
755 814 1018 884 προδότης
1052 817 1481 886 ὲμπαροινήσειν
1525 819 1582 870 ὲν
1611 815 1780 885 αὐτῷ,

207 909 480 980 χρήσιμόν
503 925 553 960 τι
581 906 741 961 πάλιν
767 907 973 960 ἐπινοεῖ
1000 906 1136 976 πρὸς
1171 907 1487 978 ἀνατροπὴν
1509 907 1606 977 τῆς
1641 907 1782 960 ὲκεί-

209 1018 302 1052 νου
335 999 714 1064 κακοϐουλίας,
740 999 831 1051 καὶ
853 997 1220 1069 ἀμυδρότερός
1252 1016 1368 1062 πως
1395 998 1544 1070 αὐτῷ
1571 999 1784 1071 πρόεισι

210 1091 303 1144 καὶ
337 1091 432 1143 νῦν
472 1092 501 1144 ό
536 1090 712 1158 λόγος.
753 1088 1127 1158 Συγκρύπτειν
1169 1088 1276 1161 γὰρ
1310 1089 1389 1143 ἔτι
1430 1093 1686 1162 πειρᾶται
1725 1091 1784 1142 τὸ

208 1181 487 1248 τόλμημα,
525 1178 621 1230 καὶ
642 1177 942 1247 ἀναφανδὸν
975 1177 1127 1230 οῦπω
1152 1180 1286 1248 φησὶ
1311 1179 1394 1242 τίς
1427 1181 1454 1232 6
1493 1179 1784 1250 προδώσων

209 1272 390 1324 αὐτόν.
437 1269 752 1339 Ἀπελέγχει
806 1267 1116 1342 τοιγαροῦν,
1165 1270 1257 1323 καὶ
1314 1270 1457 1340 μάλα
1504 1269 1785 1341 χρησίμως

211 1365 351 1435 μετά
384 1361 586 1432 σαφοῦς
627 1361 1086 1432 παραδείγματος,
1128 1360 1204 1424 ὠς
1245 1361 1458 1431 ἀνάγκη
1491 1363 1655 1426 πᾶσα,
1696 1363 1789 1415 καὶ

209 1456 290 1519 είς
321 1456 383 1507 τὸ
409 1454 504 1507 τοῦ
551 1453 684 1506 Θεοῦ
731 1452 829 1504 καὶ
862 1451 1076 1521 Πατρδς
1103 1451 1322 1505 ἀναθεῖν
1348 1453 1664 1522 πρόσωπον,
1689 1453 1786 1522 τῆς

208 1549 290 1609 είς
316 1545 480 1599 αὑτὸν
517 1544 810 1615 γινομένης
847 1542 1068 1612 ἀγάπης
1089 1559 1148 1594 τε
1180 1543 1271 1596 καὶ
1295 1544 1458 1612 τιμῆς
1501 1543 1562 1598 τὸ
1597 1544 1784 1612 πέρας.

211 1638 321 1691 Καὶ
364 1637 486 1706 ούχὶ
523 1636 696 1706 δήπου
759 1634 915 1688 τοῦτο
943 1634 1148 1705 κυρίως
1189 1633 1338 1704 αύτῷ
1363 1635 1628 1688 δεικνύειν
1665 1652 1789 1687 σκο-

209 1730 336 1794 πὸς,
365 1730 504 1798 τάχα
536 1729 592 1780 δὲ
629 1726 830 1796 μᾶλλον
862 1727 924 1780 τὸ
955 1726 1212 1790 ἐναντίως
1247 1725 1368 1796 ἔχον
1395 1726 1536 1779 κατά
1577 1725 1674 1796 τὴν
1701 1725 1785 1777 δό-

210 1821 326 1884 ξαν.
383 1821 567 1889 Ἀφεὶς
611 1819 739 1890 γὰρ,
787 1817 862 1881 ὼς
912 1817 1077 1880 ἔοικε,
1104 1817 1166 1870 τὸ
1212 1818 1376 1887 φάναι
1431 1817 1780 1888 γυμνότερον,
1818 1813 1856 1866 Β

206 1914 343 1982 ὅπερ
367 1914 588 1983 εἴρηκεν
623 1912 681 1963 ὲν
705 1910 933 1980 ἑτέροις,
972 1908 1118 1962 τοῦτ’
1157 1908 1323 1972 ἔστιν,
1363 1928 1380 1961 ι
1429 1909 1484 1962 '0
1510 1909 1584 1980 μὴ
1612 1909 1786 1977 τιμῶν

206 2004 299 2057 τὸν
321 2003 470 2066 Υίδν,
504 2002 626 2054 οὐδὲ
665 2001 755 2054 τὸν
790 2002 1008 2071 Πατέρα
1041 2003 1196 2071 τιμᾷ·
1223 2021 1240 2051 ι
1265 2001 1549 2072 κεχώρηκε
1587 1990 1786 2070 μᾶλλον

208 2096 304 2150 ἐπὶ
333 2096 396 2149 τὸ
417 2094 810 2166 εὐφημότερον.
847 2095 1160 2164 ἐπιτρέπων
1193 2097 1302 2156 τοῖς
1331 2093 1702 2163 ἀκροωμένοις
1728 2093 1786 2145 τὸ

207 2192 350 2242 νοεῖν
378 2191 443 2242 ὲκ
475 2187 663 2240 τούτου
720 2186 783 2239 τὸ
813 2186 1077 2249 ἐναντίον,
1130 2186 1254 2240 ὲπεί
1309 2203 1387 2240 τοι
1432 2185 1526 2238 καὶ
1561 2185 1786 2255 ἀπειλῆς

211 2279 434 2350 μᾶλλον,
457 2279 490 2348 ἢ
517 2277 828 2349 προτροπῆς
879 2271 946 2346 ἦν
970 2279 998 2330 6
1031 2277 1240 2347 καιρὸς,
1289 2277 1382 2329 ἐπὶ
1409 2276 1600 2349 θύραις
1635 2277 1788 2340 ὄντος

205 2369 305 2423 τοῦ
332 2369 702 2439 τολμήματος,
729 2369 822 2420 καὶ
856 2369 954 2438 ἤδη
987 2368 1368 2439 μελετωμένης
1395 2371 1495 2440 τῆς
1526 2370 1610 2422 ἐπ’
1641 2367 1788 2438 αὐτῷ

206 2457 517 2528 παροινίας·
552 2456 804 2526 βεόλήκει
848 2457 956 2526 γὰρ
987 2456 1089 2527 ήδη
1120 2456 1219 2528 τὴν
1252 2457 1444 2526 σκέψιν
1487 2459 1516 2510 6
1543 2458 1788 2519 Σατανᾶς

207 2551 290 2612 είς
319 2548 418 2619 τὴν
447 2546 542 2600 τοῦ
567 2547 825 2621 προδότου
851 2548 1098 2618 καρδίαν.
1127 2548 1338 2620 Ὠσπερ
1367 2547 1568 2608 τοίνυν,
1601 2548 1786 2618 φησιν,

207 2639 314 2708 ἐμὲ
347 2638 412 2706 δὴ
442 2639 661 2700 πάντως
687 2638 849 2690 αὑτὸν
878 2639 970 2690 καὶ
991 2638 1091 2708 οὐχ
1117 2637 1302 2710 ἕτερον
1336 2638 1651 2704 ὑποδέξαιτό
1683 2657 1786 2704 τις,

204 2735 301 2786 τὸν
337 2734 469 2802 παρ’
507 2731 642 2801 ἐμοῦ
689 2731 1100 2802 ἀπεσταλμένον
1149 2733 1197 2785 εί
1233 2731 1405 2784 λάϐοι·
1436 2731 1607 2794 οῦτως
1644 2732 1672 2784 ό
1697 2732 1788 2784 τὸν

205 2823 360 2894 παρά
391 2823 526 2876 Θεοῦ
559 2823 652 2876 καὶ
689 2822 902 2894 Πατρὸς
935 2822 1310 2877 ἀποσταλέντα
1339 2823 1649 2893 δεξάμενος,
1693 2824 1788 2875 αύ-

202 2915 298 2968 τὸν
327 2915 396 2968 ἂν
429 2915 653 2978 εἰκότως
689 2914 899 2984 δέχοιτο
932 2915 1022 2967 τὸν
1049 2915 1292 2987 Πατέρα·
1329 2915 1443 2968 ἀλλ’
1487 2915 1544 2968 ὲν
1580 2915 1790 2979 τούτοις

208 3006 312 3076 μὲν
349 3005 517 3059 αὑτοῦ
553 3007 663 3068 τοῖς
701 3007 908 3076 ῥήμασι
937 3005 998 3058 τὸ
1027 3006 1115 3059 διὰ
1143 3007 1245 3076 τῆς
1289 3006 1562 3076 εὐφημίας
1597 3005 1790 3077 δηλού-

207 3114 372 3168 μενον
399 3097 605 3150 κατίδοι
630 3114 713 3160 τις
738 3097 823 3151 ἀν.
855 3096 1176 3160 Μετατιθεὶς
1213 3097 1268 3150 δὲ
1290 3097 1351 3150 τὸ
1376 3098 1618 3152 ἐναντίον
1652 3098 1787 3168 πρὸς

204 3189 307 3258 τὴν
331 3187 588 3258 θεωρίαν,
639 3189 736 3259 τὴν
769 3187 864 3240 τοῦ
898 3189 1160 3259 προδότου
1191 3188 1507 3241 δυσσέϐειαν
1552 3190 1652 3242 οὐκ
1707 3191 1787 3251 είς
1816 3187 1858 3208 "

208 3279 372 3349 μόνον
415 3279 607 3348 ὄψεται
655 3279 1036 3334 διαϐαίνουσαν
1065 3279 1156 3333 τὸν
1202 3280 1350 3345 Υἱὸν,
1395 3281 1532 3334 ἀλλά
1579 3281 1674 3334 καὶ
1708 3282 1790 3343 είς

205 3369 373 3424 αὑτὸν
401 3369 493 3422 τδν
524 3371 760 3442 Πατέρα.
789 3371 1002 3441 Τρόπος
1040 3371 1328 3443 τοιγαροῦν
1361 3373 1592 3443 ἀπειλῆς
1629 3373 1689 3427 τὸ
1715 3374 1790 3426 εἰ·

207 3461 449 3532 ρημένον
487 3461 654 3524 ἐστὶν,
689 3461 1082 3531 εύφημοτέροις
1125 3461 1181 3514 δὲ
1215 3463 1422 3532 ῥήμασι
1465 3480 1791 3534 προκεκομι-

206 3551 429 3619 σμένος,
466 3549 736 3620 παριστὰς
785 3565 844 3602 τε
900 3549 1091 3620 ὥσπερ
1138 3549 1227 3603 διὰ
1259 3550 1368 3603 τῶν
1401 3551 1701 3622 ἀριστερῶν
1729 3551 1790 3603 τὸ

203 3637 559 3707 δηλούμενον.
591 3638 805 3707 Ὄνπερ
853 3637 962 3709 γὰρ
996 3638 1200 3708 τρόπον
1254 3639 1347 3692 τὸν
1385 3639 1792 3709 ἀπεσταλμένον

205 3729 363 3799 παρὰ
397 3726 531 3780 Θεοῦ
565 3727 786 3798 δέξηταί
819 3745 901 3792 τις
940 3728 1062 3781 καθ’
1104 3730 1270 3798 ἡμᾶς,
1302 3731 1416 3793 τοῖς
1462 3733 1592 3801 παρ’
1625 3729 1790 3783 αὐτοῦ

207 3819 540 3882 συναινέσεις
599 3818 802 3886 λόγοις,
835 3820 928 3872 καὶ
970 3819 1059 3872 διά
1104 3819 1199 3872 τοῦ
1245 3820 1484 3891 τηρῆσαι
1513 3821 1576 3874 τὸ
1611 3821 1794 3874 Θεσπι-

211 3910 364 3972 σθὲν,
391 3912 628 3982 τιμήσας
651 3910 741 3962 τὸν
774 3911 1199 3980 κηρυττόμενον·
1235 3913 1356 3964 κατ’
1390 3911 1574 3974 αὐτὸν,
1613 3907 1788 3980 οἶμαι,

210 4004 301 4058 τὸν
331 4005 490 4072 λόγον
533 4003 850 4070 ὑποδέξαιτό
883 4022 967 4068 τις
996 4005 1063 4059 ἂν
1095 4005 1186 4058 τὸν
1214 4005 1443 4076 Κύριον,
1474 4008 1568 4060 καὶ
1605 4006 1672 4072 δι’
1698 4008 1794 4060 αύ-

213 4095 307 4149 τοῦ
354 4097 444 4149 τὸν
479 4097 717 4167 Πατέρα,
771 4096 1042 4150 πιστεύων
1091 4083 1172 4159 il;
1215 4097 1362 4150 Υίόν.
1415 4098 1791 4168 Συνειστρέχει

213 4187 323 4258 γὰρ
370 4186 450 4257 τῷ
477 4187 778 4256 γεννήματι
807 4185 900 4239 τοῦ
947 4186 1197 4248 τέκοντος
1242 4187 1274 4256 ἡ
1317 4186 1568 4256 δήλωσις.
1605 4187 1662 4241 ’0
1686 4187 1793 4259 γὰρ

212 4278 356 4340 ὅλως
406 4277 537 4330 Υἱὸν
592 4272 730 4330 εἶναι
778 4277 1076 4338 πιστεύσας
1123 4277 1307 4342 αὑτὸν,
1356 4275 1678 4348 ὁμολογήσει
1728 4277 1792 4348 δὴ

213 4370 435 4432 πάντως
473 4368 565 4422 τὸν
593 4368 857 4438 φύσαντα.
887 4368 1117 4440 Φρικτδν
1144 4363 1236 4422 οῦν
1261 4369 1369 4440 ἀρα
1406 4367 1500 4421 τοῦ
1532 4367 1790 4440 προδότου

215 4459 277 4511 τδ
306 4463 504 4530 κρῖμα,
535 4459 629 4512 καὶ
677 4461 757 4522 εἰς
796 4459 957 4512 αὑτὸν
987 4459 1369 4530 ἐξυϐρίσαντος
1399 4459 1490 4513 τὸν
1515 4459 1646 4511 Θεὸν
1696 4459 1791 4512 καὶ

219 4550 440 4621 Πατέρα
470 4549 558 4604 διά
592 4551 688 4620 τῆς
723 4553 802 4613 εἰς
838 4551 928 4603 τὸν
959 4551 1085 4603 Υίὸν
1111 4549 1445 4614 δυσσεὸείας.
1483 4551 1554 4602 Ἢ
1585 4548 1695 4622 [ἵσ.
1718 4548 1789 4621 εί]

216 4641 325 4712 γάρ
379 4641 446 4694 ἂν
482 4641 814 4712 παρεδέξατο
861 4642 956 4694 καὶ
1003 4641 1282 4712 τετίμηκε,
1325 4642 1546 4712 γνήσιον
1575 4641 1795 4706 ὑποθεὶς

218 4733 292 4785 ὡς
314 4732 513 4802 Κυρίῳ
539 4733 598 4785 τὸ
622 4733 789 4804 φρόνη
800 4733 957 4802 μα,εί
983 4733 1342 4804 ἁνενδοιάστῳ
1376 4737 1442 4805 τῇ
1461 4733 1638 4787 πίστει
1663 4732 1796 4786 Θεὸν

219 4824 490 4896 ὑπαρχειν
523 4825 586 4876 ὲκ
615 4823 749 4876 Θεοῦ
777 4823 1207 4894 καθωμολόγησε
1245 4824 1333 4877 τὸν
1368 4825 1496 4878 Υίὸν
1517 4864 1532 4888 ,
1557 4825 1796 4896 αἰσχρῶν

219 4931 277 4967 τε
309 4915 618 4984 λημμάτων
649 4915 934 4986 κρείττονα
955 4915 1053 4984 τὴν
1079 4917 1160 4978 είς
1197 4914 1357 4968 αὐτὸν
1388 4915 1605 4984 ἀγάπην
1632 4917 1660 4968 6
1687 4915 1794 4969 δείο

222 5002 370 5065 λαιος
393 5003 711 5072 ἐποιήσατο,
739 5003 853 5057 ἀλλ’
875 5003 983 5057 οὐδ’
1016 5005 1100 5070 ἂν,
1125 4999 1297 5075 οἴμαι,
1324 5005 1585 5076 προδότης
1609 5004 1792 5069 ἀλοὺς,

225 5096 451 5165 ἄμεινον
480 5095 658 5166 ἑαυτῷ
689 5096 751 5149 τό
781 5097 1028 5168 μηδόλως
1059 5097 1318 5166 γενέσθαι
1349 5097 1788 5168 παρεσκεύασεν.

301 5186 494 5240 Ταῦτα
529 5186 714 5239 εἰπὼν
745 5190 777 5240 ό
825 5187 1060 5255 Ἰησοῦς
1097 5187 1391 5258 ἐταράχθη
1425 5189 1504 5255 τῷ
1541 5191 1804 5257 πνεύμα-

227 5295 298 5343 τι,
340 5276 440 5329 καί
471 5277 865 5344 ἐμαρτύρησε,
899 5278 997 5330 καί
1037 5279 1226 5332 εἶπεν·
1268 5279 1464 5347 Ἀμὴν,
1508 5277 1672 5348 ἀμὴν
1701 5278 1802 5332 λέ-

230 5388 307 5440 rw
334 5369 492 5438 ὑμῖν,
522 5367 609 5422 ὅτι
629 5363 716 5434 εἷς
741 5369 810 5432 ἐξ
836 5367 1004 5438 ὑμῶν
1027 5369 1366 5438 παραδώσει
1391 5387 1484 5440 με.

235 5467 248 5474 ’
298 5461 407 5514 Καὶ
433 5459 539 5514 τίνι
575 5459 682 5513 τῶν
703 5460 871 5514 ὄντων
902 5461 1001 5513 οὐκ
1040 5460 1105 5515 ἂν
1141 5462 1350 5530 γένοιτο
1381 5462 1550 5530 σαφὲς
1575 5461 1651 5525 ὡς
1678 5459 1800 5514 οὔτε

233 5551 484 5618 διανοίας,
513 5551 637 5606 οὔτε
681 5551 786 5624 μὴν
822 5553 980 5622 λόγου
1017 5555 1050 5624 ἠ
1089 5551 1331 5626 ἡμετέρα
1367 5554 1526 5625 φύσις
1557 5554 1798 5625 εὐπορεῖ,

303 5727 345 5758 ⁸³
382 5727 540 5783 Joau.
581 5743 634 5791 ν,
667 5725 764 5782 2'5.

1882 558 2033 611 quem
2093 543 2309 606 misero,
2342 558 2422 596 me
2473 541 2663 606 accipit
2701 555 2718 592 :
2754 541 2843 609 qui
2895 548 3072 594 autent
3127 556 3208 593 me
3239 540 3456 608 accipit,

1879 648 1998 686 eum
2028 633 2218 702 accipit
2252 633 2341 702 qui
2378 649 2458 686 me
2490 633 2655 687 misit.

1955 723 2256 792 Postquam
2299 724 2507 778 utiliter
2545 723 2989 793 pra-monstravit
3043 723 3284 793 seipsum
3333 738 3459 778 esse

1882 815 2192 882 Christum,
2235 817 2400 869 etiam
2456 831 2522 869 cx
2558 817 2625 870 iis
2661 831 2758 886 per
2799 831 2920 886 qua:
2974 815 3221 887 proditor
3253 815 3459 870 debaeo

1883 907 2148 962 chaturns
2178 917 2327 961 esset
2357 908 2409 960 in
2438 921 2586 972 eum,
2607 908 2812 977 aliquid
2843 907 2974 961 utile
3008 923 3206 964 rursus
3233 907 3456 977 excogi-

1885 1009 1965 1054 tat
1993 1000 2061 1054 ad
2089 1003 2440 1054 evertendam
2480 1000 2601 1067 ejus
2645 1000 3066 1070 malignitatem,
3113 998 3275 1068 idque
3308 1013 3457 1052 nunc

1886 1108 2080 1147 rursus
2110 1093 2404 1146 occultius.
2437 1090 2646 1162 Tegere
2681 1091 2827 1144 enim
2863 1089 3044 1142 adhuc
3063 1097 3299 1142 cernatur
3321 1088 3457 1142 illud

1888 1184 2127 1247 facinus,
2161 1184 2397 1238 necdum
2431 1193 2620 1254 apt-rte
2649 1183 2785 1236 dicit
2811 1182 2937 1252 quis
2968 1181 3126 1250 733
3159 1198 3281 1234 eum
3313 1190 3460 1236 esst't

1885 1277 2215 1331 traditurus.
2252 1275 2508 1331 Ostendit
2557 1274 2745 1342 igitur,
2806 1271 2970 1340 idque
3021 1270 3178 1324 valde
3247 1269 3461 1323 utiliter

1888 1385 2014 1423 cum
2047 1369 2196 1422 clara
2251 1367 2592 1427 inductione,
2648 1363 3023 1417 necessarium
3065 1377 3189 1416 esse
3230 1376 3461 1431 prorsus

1886 1459 2204 1515 dilectionis
2257 1470 2310 1513 et
2373 1457 2599 1511 honoris
2648 1457 2702 1510 in
2743 1471 2866 1510 eum
2918 1453 3149 1508 exhibiti
3184 1453 3346 1506 ﬁnem
3391 1453 3460 1506 ad

1889 1551 1983 1606 Dei
2023 1567 2088 1607 ac
2117 1551 2300 1605 Patris
2350 1564 2639 1619 personam
2681 1548 2894 1602 referri.
2924 1544 3111 1615 Neque
3143 1561 3273 1599 vero
3321 1545 3370 1598 id
3408 1545 3459 1598 ei

1888 1645 2108 1715 proprie
2162 1658 2365 1713 scopus
2413 1649 2500 1696 est
2549 1639 2865 1701 ostendere,
2910 1639 3002 1693 sed
3042 1638 3222 1707 potius
3274 1636 3459 1692 forsan

1888 1736 2253 1790 contrarium.
2283 1733 2484 1787 Nolens
2518 1731 2686 1794 enim,
2709 1741 2763 1784 ut
2798 1731 3034 1794 videtur,
3061 1737 3250 1799 aperte
3278 1729 3463 1782 dicere

1887 1828 2033 1898 quod
2088 1826 2217 1881 alibi
2265 1825 2424 1888 dixit,
2476 1839 2718 1893 nempe:
2757 1842 2774 1873 ι
2810 1821 2914 1888 Qui
2973 1838 3080 1875 non
3131 1819 3462 1874 honoriﬁcat

1888 1919 2108 1982 Filium,
2135 1931 2311 1986 neque
2342 1915 2559 1970 Patrem
2599 1915 2929 1968 honoriﬁcat
2953 1914 3030 1980 ⁸⁸,
3063 1932 3082 1966 ι
3127 1912 3192 1966 ad
3225 1912 3277 1967 id
3313 1913 3460 1982 quod

1888 2008 2076 2062 mitius
2123 2014 2244 2061 erat
2303 2021 2363 2060 se
2418 2001 2672 2070 contulit,
2706 2005 2834 2058 hinc
2883 2003 3236 2074 cogitandum
3287 2004 3461 2056 relin-

1887 2115 2064 2170 quens
2105 2098 2453 2152 auditoribus
2483 2099 2852 2159 contrarium,
2878 2096 3327 2166 quandoquidem
3359 2093 3463 2147 mi-

1887 2191 2052 2245 nandi
2099 2191 2281 2260 potius
2311 2204 2476 2258 quam
2518 2187 2852 2242 adhortandi
2889 2195 3109 2258 tempus
3149 2194 3292 2254 erat,
3325 2186 3462 2255 ipsis

1887 2297 2054 2352 prope
2083 2281 2195 2350 jam
2229 2279 2441 2334 foribus
2491 2280 2732 2334 instante
2768 2279 2996 2343 scelere,
3033 2287 3084 2332 et
3122 2277 3306 2331 animo
3347 2276 3464 2347 agi-

1885 2384 1998 2429 tata
2053 2374 2166 2444 jam
2218 2373 2272 2427 in
2309 2388 2434 2427 eutn
2488 2373 2710 2426 immani
2760 2369 3132 2425 crudelitate:
3173 2367 3462 2422 consilium

1886 2465 2158 2532 euimjam
2186 2461 2423 2517 Satanas
2446 2461 2502 2514 in
2529 2459 2829 2530 proditoris
2849 2455 3464 2526 corinjecerat.Qucm-

1887 2555 2184 2608 admodum
2226 2553 2412 2624 igitur,
2454 2551 2652 2620 inquit,
2687 2565 2773 2603 me
2829 2549 3008 2618 ipsum
3046 2547 3236 2617 utique
3274 2561 3465 2602 susce-

1887 2647 2028 2717 perit
2063 2655 2116 2700 et
2161 2662 2267 2699 non
2322 2645 2515 2707 alium,
2551 2642 2644 2713 qui
2685 2656 2715 2695 a
2756 2655 2842 2696 me
2876 2641 3104 2695 missum
3163 2638 3461 2707 exceperit,

1888 2739 1968 2794 sic
2017 2738 2111 2808 qui
2161 2754 2189 2791 a
2230 2737 2392 2790 Patre
2447 2736 2676 2789 missum
2738 2731 3066 2801 susceperit,
3103 2730 3280 2798 ipsum
3337 2729 3464 2798 jure

1889 2829 2104 2883 Patrem
2143 2827 2453 2896 susceperit
2479 2843 2493 2879 :
2524 2836 2580 2878 at
2608 2826 2661 2878 in
2698 2823 2786 2878 his
2815 2823 2939 2892 ejus
2967 2821 3155 2876 verbis
3185 2819 3322 2874 nihil
3354 2819 3463 2874 nisi

1888 2921 2171 2976 dexterum
2224 2915 2526 2988 signiﬁcari
2560 2915 2799 2970 videbis.
2842 2913 2940 2967 Sin
2988 2921 3172 2966 autem
3225 2911 3278 2964 in
3329 2925 3466 2964 con-

1889 3011 2116 3067 trarium
2157 3009 2280 3079 ejus
2307 3007 2440 3062 dicti
2470 3006 2912 3062 observationem
2939 3002 3306 3065 transtuleris,
3332 3016 3464 3071 pro-

1891 3101 2088 3156 ditoris
2129 3099 2470 3168 impietatem
2520 3112 2628 3150 non
2671 3095 2848 3149 solum
2895 3090 3116 3148 extendi
3161 3089 3375 3146 videbis
3408 3091 3464 3144 in

1894 3187 2116 3249 Filium,
2164 3185 2257 3240 sed
2307 3190 2361 3239 et
2409 3185 2466 3237 in
2521 3184 2695 3253 ipsum
2747 3181 2984 3235 Patrem.
3033 3179 3274 3234 Minandi
3331 3195 3466 3248 ergo

1891 3295 2066 3351 genus
2085 3286 2171 3334 est
2202 3278 2410 3333 dictum
2441 3277 2598 3341 illud,
2646 3275 2738 3330 sed
2774 3275 3089 3328 mitioribus
3121 3273 3302 3327 verbis
3335 3286 3465 3342 pro-

1892 3371 2102 3432 latum,
2164 3377 2219 3424 et
2273 3369 2497 3437 oblique
2565 3367 3028 3437 signiﬁcationem
3101 3365 3462 3435 detorquens.

1890 3459 2360 3529 Quemadmodum
2407 3460 2552 3514 enim
2589 3459 2820 3513 missum
2856 3471 2886 3510 a
2925 3455 3038 3512 Deo
3067 3464 3318 3511 nostrum
3361 3455 3466 3508 ali-

1890 3555 2014 3624 quis
2055 3552 2310 3621 su5eipit,
2360 3554 2452 3620 qui
2503 3549 2852 3604 sermonibus
2899 3549 3020 3616 ejus
3066 3547 3366 3612 consentit,
3407 3555 3465 3600 et

1891 3652 2160 3717 pmcepta
2193 3643 2312 3711 ejus
2358 3639 2632 3696 servando
2690 3639 2925 3692 honorat
2958 3654 3081 3693 eum
3123 3654 3286 3705 quem
3322 3635 3465 3690 Deus

1891 3735 2246 3793 commendat
2273 3752 2285 3788 :
2314 3731 2532 3791 eodem,
2563 3729 2784 3800 opinor,
2818 3727 2983 3782 modo
3016 3728 3326 3796 susceperit
3355 3724 3466 3778 Do-

1891 3829 2099 3884 minum
2147 3835 2200 3881 et
2251 3839 2352 3895 per
2406 3824 2583 3892 ipsum
2626 3821 2868 3882 Patrem,
2932 3817 3248 3889 quicunque
3288 3815 3467 3871 credit

1893 3922 1946 3976 in
1987 3917 2209 3973 Filium.
2239 3915 2374 3970 Nam
2411 3914 2507 3984 qui
2536 3912 2736 3967 Filium
2759 3911 2919 3973 dicit,
2941 3911 3130 3980 utique
3168 3918 3223 3963 et
3247 3907 3464 3962 Patrem

1892 4010 2189 4082 signiﬁcat.
2223 4008 2327 4075 Qui
2369 4009 2516 4061 enim
2551 4005 2747 4060 Filium
2775 4020 2899 4060 esse
2928 4003 3107 4074 ipsum
3139 4001 3462 4060 crediderit.

1892 4104 2119 4160 omnino
2178 4111 2232 4157 et
2287 4099 2504 4155 Patrem
2562 4096 2939 4152 conﬁtebitur.
2986 4092 3331 4147 Horrendum
3381 4100 3469 4146 est

1892 4199 2064 4268 igitur
2100 4194 2399 4266 proditoris
2440 4190 2730 4262 judicium,
2765 4188 2855 4258 qui
2896 4201 2994 4256 per
3025 4186 3358 4255 impietatem
3407 4183 3465 4240 in

1891 4289 2090 4344 Filium
2137 4289 2190 4342 in
2224 4287 2404 4356 ipsum
2443 4298 2662 4354 quoque
2693 4280 2862 4335 Deum
2901 4293 2966 4332 ac
2999 4277 3213 4330 Patrem
3245 4283 3332 4330 est
3367 4275 3468 4328 im-

1893 4382 2039 4454 pius.
2066 4379 2200 4434 Nam
2237 4379 2284 4434 si
2317 4377 2656 4446 suscepisset
2703 4381 2758 4427 et
2807 4371 3160 4430 honorasset,
3191 4368 3466 4422 sinceram

1821 4493 1866 4548 ι)
1895 4476 1943 4531 ei
1976 4483 2237 4542 tanquam
2279 4468 2512 4522 Domino
2563 4476 2805 4518 mentem
2857 4461 3187 4526 subiiciens,
3221 4460 3264 4512 si
3304 4457 3468 4512 indu-

1893 4567 2066 4622 bitata
2124 4561 2227 4616 ﬁde
2263 4559 2437 4612 Deum
2480 4557 2548 4610 de
2597 4555 2704 4609 Deo
2752 4551 3037 4606 confessus
3067 4558 3212 4606 esset
3243 4548 3464 4606 Filium,

1892 4672 1992 4711 nec
2029 4654 2172 4723 turpi
2220 4649 2453 4721 quaestui
2489 4659 2729 4700 amorem
2767 4657 2898 4713 erga
2942 4658 3068 4696 eum
3118 4641 3287 4694 miser
3313 4647 3468 4709 post-

1894 4747 2196 4818 posuisset,
2217 4753 2586 4812 nequaquam,
2606 4737 2821 4806 opinor,
2839 4733 3166 4805 proditionis
3181 4731 3467 4818 convictus

1894 4816 2305 4898 commisisset,
2346 4841 2407 4885 ut
2461 4843 2530 4884 ne
2579 4835 2769 4880 uatum
2822 4825 3044 4894 quidem
3093 4834 3217 4876 esse
3271 4816 3467 4870 melius

1895 4929 2059 4984 foret.

1967 5187 2105 5250 ΧΙΠ,
2131 5186 2221 5240 21.
2268 5185 2401 5239 Cum
2448 5183 2558 5236 lmrc
2607 5181 2829 5233 dixisset
2879 5175 3058 5237 Iesus,
3107 5171 3347 5224 turbatus
3390 5177 3472 5223 est

1897 5281 2110 5350 spiritu,
2134 5287 2183 5333 et
2204 5285 2529 5346 protestatus
2556 5281 2654 5333 est,
2677 5282 2726 5325 et
2748 5269 2884 5321 dixit
2911 5283 2926 5319 :
2961 5265 3144 5328 Amen,
3171 5276 3321 5315 amen
3347 5260 3466 5314 dico

1898 5368 2194 5434 vobis,quia
2232 5382 2366 5419 unus
2399 5379 2463 5417 ea:
2494 5362 2634 5416 t-obis
2671 5358 2842 5412 tradet
2873 5371 2974 5408 me.

1969 5456 2132 5529 734
2171 5457 2270 5510 Cui
2328 5454 2680 5526 perspicuum
2727 5463 2836 5503 non
2883 5453 2989 5508 est,
3035 5458 3214 5514 neque
3258 5441 3469 5512 cogita-

1899 5552 2102 5615 tiones,
2132 5563 2310 5618 neqtte
2333 5546 2499 5601 verba
2531 5548 2740 5596 natura:
2774 5547 2974 5594 nostra:
3007 5543 3321 5608 suppetere,
3347 5549 3471 5604 qut-
