4010 6320
474 300 582 358 135

1475 289 1513 343 S
1561 286 1844 345 CYRILLI
1897 281 2371 341 ALEXANDRINI
2395 285 2713 342 ARCIIIEP.

3655 287 3761 343 156

476 421 582 473 bus
629 422 752 469 tuto
798 419 857 479 et
909 409 1049 466 citra
1105 421 1269 463 casus
1326 407 1637 477 perieulum
1679 418 1803 476 qua:
1856 411 2069 458 natura:

2195 407 2199 417 ι
2226 402 2238 421 ς
2278 395 2303 420 τ
2379 402 2400 418 α
2517 403 2529 419 ο
2798 422 2808 431 ι
3125 404 3141 416 ι

2195 420 2222 453 ιι
2270 421 2344 455 ων
2375 421 2441 456 αν
2471 403 2687 457 δυναιτο
2730 407 2912 474 τυχεῖν
2954 405 3302 474 ἀνεγκλήτως
3356 421 3414 459 τε
3460 402 3556 457 καὶ
3601 405 3761 460 ἀδια-

473 508 678 566 divina!
700 505 924 578 propria
950 511 1083 557 sunt
1108 502 1290 570 eloqui
1319 499 1534 571 possit?
1558 498 1772 552 idcirco
1793 496 1915 566 ejus
1948 511 2064 551 ser-

477 600 739 655 monibus
773 595 1026 651 subsidio
1057 609 1200 664 opus
1230 601 1334 659 est,
1382 592 1448 646 ad
1496 590 1827 644 mediocrem
1869 604 2061 643 eorum

476 709 601 763 quae
656 698 895 745 mentem
947 696 1219 758 superant
1277 684 1729 755 explicationem.
1777 679 2066 746 Quomodo

476 789 626 842 enim
663 786 812 840 clare
847 783 1056 854 aliquid
1101 783 1412 851 eloquetur,
1445 777 1592 848 quod
1640 776 1814 846 ipsam
1846 788 2070 844 quoque

477 881 877 951 cogitationem
902 886 1154 932 uosnam
1190 871 1444 929 excedit?
1472 868 1704 940 Oportet
1733 868 1902 938 igitur
1941 882 2067 928 nos.

483 972 779 1028 verborum
830 970 1202 1024 humanorum
1245 962 1504 1019 crassitie
1536 959 1960 1028 velutexemplo
2006 973 2071 1012 ac

484 1076 612 1137 typo
647 1063 1071 1133 conceptionum
1128 1059 1328 1113 mentis
1367 1062 1651 1125 suscepta,
1682 1051 1751 1107 ad
1792 1053 1918 1107 illas
1954 1050 2073 1106 dei-

484 1159 614 1213 tatis
648 1155 1042 1227 proprietates,
1075 1149 1257 1222 quoad
1295 1150 1347 1203 itt
1386 1147 1549 1201 nobis
1599 1152 1706 1208 est,
1746 1144 2068 1213 procedere.

484 1248 829 1305 Gravissime
853 1246 1040 1314 itaque
1075 1242 1219 1298 Deus
1248 1248 1550 1312 peccantes
1575 1239 1781 1308 arguit,
1804 1252 1869 1291 ac
1900 1237 2071 1291 vehe-

489 1342 655 1396 menti
708 1339 834 1393 ntali
882 1337 1013 1392 odio
1068 1342 1325 1389 movetur
1367 1334 1421 1387 in
1493 1346 1590 1385 eos
1647 1344 1786 1399 quos
1837 1330 1906 1382 ab
1955 1328 2076 1398 ipso

489 1430 735 1485 damnari
790 1427 1119 1499 contigerit,
1160 1426 1294 1479 licet
1355 1424 1483 1495 plus
1522 1436 1689 1491 quam
1753 1420 1864 1474 dici
1912 1427 2078 1489 queat

489 1523 734 1575 clemens
784 1520 855 1572 sit
907 1533 970 1571 ac
1012 1518 1261 1571 tolerans
1311 1516 1608 1569 malorum.
1646 1511 1878 1579 Quando
1911 1512 2080 1577 igitur

489 1613 675 1667 divina
699 1612 991 1681 Scriptura
1029 1616 1240 1663 motum
1277 1608 1419 1674 ejus,
1456 1615 1516 1659 ut
1548 1607 1621 1659 ita
1663 1605 1865 1669 dicam,
1907 1605 2081 1674 signi-

498 1706 664 1760 ﬁcare
730 1705 848 1756 vult
907 1702 1180 1756 adversus
1242 1699 1459 1770 impios,
1507 1712 1707 1752 rursus
1769 1698 1978 1751 nostris
2027 1704 2081 1751 ct

491 1796 750 1851 humanis
786 1805 950 1850 utens
990 1793 1301 1858 vocabulis,
1344 1793 1483 1845 iram
1519 1799 1574 1845 et
1610 1790 1853 1846 furorem
1891 1790 2078 1860 appel-
2115 1779 2153 1832 Β

493 1891 591 1949 lat,
629 1888 888 1958 quamvis
922 1888 976 1941 in
1012 1886 1258 1941 divinam
1294 1883 1667 1939 substantiam
1707 1883 1858 1936 nulla
1887 1882 2081 1936 istius-

496 1980 646 2032 modi
684 1977 1024 2048 perturbatio
1076 1975 1259 2039 cadat,
1290 1972 1384 2028 sed
1449 1971 1832 2040 indignatione
1870 1979 2083 2025 tantum

436 2118 444 2127 .
498 2080 805 2136 moveatur,
838 2085 952 2139 quo
992 2068 1155 2122 modo
1192 2065 1370 2129 novit,
1404 2074 1461 2119 et
1493 2080 1520 2118 a
1566 2072 1762 2117 natura
1799 2079 1898 2118 sua
1929 2078 2082 2117 com—

499 2168 686 2232 parata
726 2169 811 2215 est
838 2179 851 2215 :
878 2175 1082 2214 arcana
1110 2160 1312 2230 quippe
1358 2164 1413 2212 et
1446 2156 1663 2211 occulta
1693 2165 1821 2211 sunt
1851 2171 2085 2225 prorsus

497 2268 620 2323 quae
647 2252 714 2307 de
747 2251 880 2315 Deo,
907 2250 1001 2306 sed
1027 2266 1095 2305 ex
1119 2251 1332 2305 nostris
1360 2249 1629 2311 moribus,
1661 2255 1720 2300 ut
1754 2248 1916 2301 modo
1939 2248 2085 2302 dixi-

501 2361 649 2412 mus,
699 2344 990 2414 Scriptura
1053 2343 1241 2397 divina
1303 2342 1446 2396 solet
1492 2341 1771 2410 explicare
1814 2357 1936 2410 qua:
1985 2356 2087 2397 nos

500 2434 798 2490 excedunt.
840 2435 1145 2489 Turbatum
1203 2433 1372 2502 igitur
1410 2432 1610 2501 spiritu
1649 2431 1930 2489 Christum
1981 2433 2090 2486 hoc

503 2529 627 2581 loco
687 2528 884 2582 beatus
931 2525 1271 2595 evangelista
1327 2531 1596 2590 testatur,
1640 2535 1850 2579 motum
1890 2540 2090 2594 nempe

503 2621 635 2683 odii,
663 2635 772 2690 quo
797 2618 1027 2688 spiritus
1054 2617 1174 2686 ejus
1211 2616 1413 2669 malum
1447 2616 1834 2680 aversabatur,
1861 2625 2090 2684 pertur—

505 2714 780 2768 bationem
815 2727 1023 2767 vocans
1051 2727 1066 2764 :
1097 2724 1201 2765 nec
1231 2708 1380 2764 enim
1412 2707 1576 2763 aliter
1617 2707 1765 2763 istud
1793 2707 1945 2762 effari
1990 2723 2091 2777 po-

506 2813 667 2860 terat.
704 2804 986 2859 Credibile
1034 2812 1221 2857 antem
1262 2810 1350 2857 est
1397 2801 1567 2856 etiam
1610 2816 1858 2865 carnem,
1887 2799 2091 2853 divini-

506 2899 636 2952 tatis
704 2898 1003 2951 motionem
1071 2896 1303 2949 minime
1370 2893 1776 2956 sustinentem,
1838 2891 2094 2945 nonnihil

507 2991 891 3051 exhorruisse,
945 2995 998 3040 ct
1053 2984 1492 3056 perturbationis
1545 2982 1787 3052 speciem
1846 2980 2091 3046 dedisse,

509 3093 676 3152 atque
743 3080 838 3136 ira:
904 3083 1129 3149 signum
1207 3077 1557 3142 ostendisse,
1620 3073 2093 3146 quemadmodum

513 3190 707 3243 nempe
753 3183 808 3227 et
849 3172 916 3227 de
950 3172 1161 3225 Lazaro
1211 3171 1480 3239 scriptum
1524 3177 1630 3229 est,
1665 3165 1852 3221 Jesum
1885 3182 2007 3221 cum
2041 3166 2094 3218 in

513 3267 700 3336 seipse
725 3264 1112 3319 iul‘remuisset
1146 3263 1200 3317 in
1235 3269 1657 3315 monumentum
1690 3262 1997 3329 ingressum
2028 3258 2094 3312 ⁸³.

516 3360 671 3414 Sicut
711 3359 857 3413 enim
907 3357 1022 3411 illic
1068 3372 1261 3426 graves
1325 3357 1503 3409 minas
1553 3355 1819 3409 adversus
1866 3362 2099 3406 mortem

518 3449 794 3504 fremitum
835 3447 1156 3516 appellavit,
1197 3445 1275 3498 ita
1301 3445 1391 3499 hic
1441 3453 1653 3497 motum
1687 3442 1952 3496 adversus
1994 3441 2099 3493 im—

520 3542 667 3610 pium
718 3537 1058 3608 proditorem
1125 3533 1465 3588 turbationis
1518 3533 1743 3586 nomine
1795 3530 2099 3584 denotavit.

519 3630 797 3684 Turbatus
832 3637 915 3683 est
947 3636 1131 3681 autem
1175 3629 1303 3696 jure
1338 3625 1559 3686 merito,
1598 3622 1923 3693 indignatus
1951 3620 2104 3676 Jtulte

521 3723 960 3793 perversitatem.
1005 3717 1149 3785 Quid
1196 3718 1345 3773 enim
1397 3717 1551 3771 illius
1590 3716 1879 3787 impietate
1927 3717 2104 3783 majus

518 3817 626 3876 dici
670 3825 871 3886 potest,
903 3814 1002 3884 qui
1036 3827 1143 3866 una
1172 3826 1298 3866 cum
1331 3810 1455 3865 aliis
1488 3808 1779 3880 discipulis
1816 3808 2106 3862 immensis

523 3909 754 3965 aﬂuctus
782 3905 1112 3968 honoribus,
1136 3900 1190 3957 et
1218 3902 1367 3956 inter
1406 3903 1614 3957 electos
1647 3902 1954 3956 collocatus
1990 3903 2108 3954 exi-

525 4014 630 4067 gua
664 3997 954 4068 pecuniola
985 3996 1339 4050 dilectionem
1372 4009 1501 4063 erga
1535 3992 1822 4047 Christum
1859 4008 2105 4048 commu-

528 4091 682 4154 tavit,
713 4099 768 4143 et
799 4089 890 4158 qui
935 4087 1067 4141 dum
1111 4101 1309 4158 panem
1359 4088 1480 4156 ejus
1513 4084 1899 4151 manducaret,
1927 4086 2108 4139 calca-

529 4198 688 4237 retun
730 4183 784 4234 in
832 4196 956 4235 eum
995 4179 1215 4244 levavit,
1246 4193 1353 4233 non
1392 4178 1683 4241 honorem,
1708 4193 1818 4231 non
1854 4179 2106 4246 gloriam,

531 4290 637 4328 non
671 4272 986 4326 dilectionis
1015 4271 1206 4339 legem,
1242 4287 1352 4325 non
1385 4270 1631 4324 debitum
1690 4270 1740 4323 ei
1781 4277 1967 4337 utpote
2001 4267 2110 4320 Deo

529 4367 767 4429 fultum,
816 4379 923 4416 non
958 4362 1179 4432 quidvis
1212 4362 1357 4415 aliud
1393 4360 1712 4429 hujusmudi
1745 4360 1887 4430 apud
1927 4374 1987 4414 se
2024 4375 2107 4413 νος

2168 495 2398 560 πτὼτως
2428 498 2604 550 εἰπεῖν
2641 497 2708 551 τὰ
2743 497 2842 566 τῆς
2877 495 3029 560 θείας
3057 514 3116 551 τε
3148 497 3244 550 καὶ
3265 497 3507 569 ἀρρήτου
3541 496 3762 565 φύσεως

2171 587 2278 641 ἴδια
2300 605 2314 652 ;
2338 587 2437 641 Διὰ
2459 588 2618 641 τοῦτο
2644 590 2755 652 τοῖς
2790 589 2914 642 καθ’
2946 588 3145 658 ἑαυτὴν
3183 587 3537 658 ὑπηρετεῖται
3577 587 3764 656 λόγοις

2170 678 2308 750 πρὸς
2338 677 2567 749 μετρίαν
2594 677 2856 749 ἐξήγησιν
2886 677 2994 731 τῶν
3033 678 3174 751 ὑπὲρ
3228 677 3373 732 νοῦν.
3409 677 3532 741 Πῶς
3562 677 3672 746 γὰρ
3694 676 3764 731 ἄν

2170 788 2223 823 τι
2254 771 2348 823 καὶ
2375 771 2578 842 φράσαι
2608 772 2817 841 σαφῶς,
2842 772 2869 824 ὃ
2898 772 2992 824 καλ⁷
3013 773 3183 844 αὐτὴν
3215 769 3372 842 ἡμῶν
3404 768 3764 841 ὑπερανίσχει

2171 867 2269 935 τὴν
2310 866 2554 929 ἔννοιαν;
2587 867 2681 919 Δεῖ
2705 863 2994 935 τοιγαροῦν
3025 864 3197 934 ἡμᾶς,
3237 862 3490 933 καθάπερ
3515 860 3639 915 τινὰ
3668 860 3767 915 τύ-

2175 977 2276 1014 πον
2307 959 2416 1012 τῶν
2450 960 2739 1031 νοημάτων
2776 959 2875 1029 τὴν
2925 956 3034 1011 τῶν
3083 955 3441 1028 ἀνθρωπίνων
3498 953 3767 1027 ῥημάτων

2176 1052 2464 1125 παχύτητα
2499 1053 2844 1123 δεχομένους,
2872 1053 2960 1105 ἐπ’
2989 1052 3128 1106 αὐτὰ
3165 1049 3459 1121 πειρᾶσθαι
3500 1044 3764 1119 βαδίζειν,

2176 1146 2322 1201 κατά
2354 1163 2418 1211 γε
2459 1147 2550 1201 τὸν
2581 1145 2926 1218 ἐγχωροῦντα
2970 1145 3193 1215 τρόπον,
3226 1143 3300 1198 τὰ
3357 1143 3458 1211 τῆς
3511 1142 3768 1213 θεότητος

2179 1237 2304 1291 ἴδια,
2345 1236 2527 1290 Δεινὸν
2581 1235 2872 1306 τοιγαροῦν
2930 1227 3008 1297 είς
3058 1234 3313 1307 ἐλέγχους
3353 1231 3414 1285 τὸ
3444 1231 3618 1298 Θεῖον,
3666 1232 3770 1286 καὶ

2178 1330 2404 1401 ἀκράτῳ
2443 1327 2807 1400 μισοπονηρίᾳ
2856 1325 3197 1397 κινούμενον,
3243 1324 3368 1380 καθ’
3401 1319 3475 1378 ὧν
3510 1325 3576 1379 ἂν
3605 1324 3769 1379 τοῦτο

2179 1424 2434 1493 γενέσθαι
2469 1422 2670 1493 πρέποι
2699 1422 2864 1492 ψήφῳ
2918 1423 2983 1490 τῇ
3034 1419 3165 1490 παρ’
3186 1417 3379 1480 αὐτοῦ,
3403 1419 3452 1470 εί
3488 1416 3583 1471 καὶ
3623 1415 3768 1489 ὑπὲρ

2179 1516 2337 1583 λόγον
2368 1513 2700 1579 ἀνεξικακεῖ.
2734 1513 2906 1565 Ὅταν
2939 1507 3031 1565 οὖν
3059 1513 3090 1581 ἡ
3122 1509 3240 1563 θεία
3282 1509 3470 1579 Γραφὴ
3519 1524 3766 1579 καταση-

2186 1608 2351 1678 μῆναι
2386 1605 2641 1675 βούληται
2665 1605 2725 1656 τὸ
2758 1603 2896 1657 κατὰ
2920 1604 3030 1657 τῶν
3060 1603 3466 1657 δυσσεϐούντων
3488 1602 3652 1657 οἱονεὶ
3685 1601 3771 1657 κί-

2185 1714 2353 1766 νημα,
2381 1695 2539 1748 πάλιν
2563 1696 2627 1747 ὲκ
2660 1695 2768 1748 τῶν
2799 1694 2920 1747 καθ’
2945 1696 3094 1765 ἡμᾶς
3126 1694 3502 1765 λαμϐάνουσα,
3538 1696 3770 1760 καὶτοῖς

2184 1788 2547 1859 ἀνθρωπίνοις
2582 1787 3014 1858 ἁποχρησαμένη
3047 1787 3308 1857 ῥήμασιν,
3354 1785 3520 1856 ὀργὴν
3564 1787 3771 1858 ὀνομά-

2183 1884 2264 1946 ζει
2289 1881 2381 1933 καὶ
2412 1880 2602 1950 θυμὸν,
2632 1878 2809 1933 καίτοι
2837 1880 2938 1949 τῆς
2971 1877 3120 1941 θείας
3146 1878 3336 1942 οὐσίας
3366 1879 3486 1932 καθ’
3515 1879 3773 1950 ὁμοιότη-

2182 1996 2251 2032 τα
2310 1977 2406 2048 τὴν
2467 1975 2625 2047 ἡμῶν
2677 1975 2785 2028 τῶν
2844 1972 3099 2027 τοιούτων
3154 1974 3341 2027 παθῶν
3393 1976 3775 2044 ὑπομενούσης

2184 2073 2355 2134 οὐδὲν,
2391 2071 2718 2141 κινουμένης
2750 2068 2807 2122 δὲ
2834 2068 2993 2138 μόνον
3031 2069 3111 2132 εἰς
3143 2069 3535 2138 ἀγανάκτησιν,
3560 2068 3637 2132 ὡς
3662 2063 3773 2122 οἶδέ

2184 2183 2243 2218 τε
2296 2165 2388 2217 καὶ
2436 2162 2679 2230 πέφυκεν
2710 2160 2869 2229 αύτή“
2920 2160 3200 2223 παντελῶς
3243 2164 3353 2230 γὰρ
3383 2161 3671 2233 ἀπόῤῥητα
3705 2160 3775 2214 τὰ

2188 2257 2317 2327 περὶ
2364 2255 2535 2307 Θεοῦσ
2566 2255 2673 2307 ἀπὸ
2726 2254 2785 2307 δὲ
2833 2254 2942 2307 τῶν
2992 2253 3275 2324 ἡμετέρων
3313 2252 3472 2316 ἐθῶν,
3514 2253 3774 2325 καθάπερ

2188 2348 2391 2419 ἀρτίως
2431 2349 2754 2417 εἰρήκαμεν,
2799 2347 2865 2399 τὰ
2894 2345 3032 2416 ὑπὲρ
3074 2346 3223 2416 ἡμᾶς
3246 2346 3624 2414 καταγράφειν
3653 2345 3775 2411 ἔθος

2188 2444 2253 2512 τῇ
2289 2441 2409 2510 θείᾳ
2432 2440 2647 2510 Γραφῇ.
2676 2438 3023 2508 Τεταράχθαι
3059 2436 3346 2508 τοιγαροῦν
3391 2437 3622 2492 κάνθάδε
3668 2454 3776 2506 φη..

2193 2533 2277 2585 civ
2311 2534 2338 2585 ὁ
2369 2531 2654 2595 Θεσπέσιος
2689 2528 3080 2599 εύαγγελιστὴς
3108 2530 3198 2582 τὸν
3231 2530 3469 2601 Χριστὸν
3497 2528 3577 2599 τῷ
3612 2531 3783 2583 πνεύεε

2197 2641 2346 2694 ματι,
2377 2623 2438 2676 τὸ
2478 2622 2773 2692 μισόκακον
2804 2619 2899 2672 τοῦ
2934 2620 3243 2689 πνεύματος
3281 2619 3490 2690 κίνημα
3529 2620 3781 2691 ταραχὴν

2191 2715 2482 2784 ὀνόμασας·
2546 2714 2605 2766 οὐ
2664 2712 2769 2785 γὰρ
2818 2708 2907 2783 ἦν,
2960 2713 3036 2775 ὡς
3085 2712 3280 2775 ἔοικεν,
3337 2713 3539 2784 ἑτέρως
3575 2714 3779 2768 εἰπεῖν.

2194 2808 2355 2871 Εἰκὸς
2387 2808 2443 2860 δὲ
2481 2807 2649 2877 δήπου
2706 2807 2798 2859 καὶ
2847 2806 2947 2875 τὴν
2988 2806 3087 2875 τῆς
3117 2804 3371 2875 θεότητος
3408 2806 3624 2876 κίνησιν
3678 2806 3784 2858 οὐκ

2195 2902 2525 2968 ὲνὲγκουσαν
2566 2899 2665 2969 τὴν
2698 2898 2877 2969 σάρκα
2919 2897 3101 2968 ’βραχύ
3130 2916 3182 2950 τι
3211 2898 3305 2950 καὶ
3341 2898 3655 2968 ὑποφρίξαι,
3687 2899 3785 2953 καὶ

2197 2991 2427 3063 θορύϐου
2461 2990 2647 3061 σχῆμα
2672 2990 2887 3051 παθεῖν,
2909 2991 3005 3043 καὶ
3031 2992 3255 3060 σημεῖον
3287 2990 3460 3061 ὀργῆς
3489 2991 3783 3055 ἐπιδεῖξαι,

2124 3123 2164 3179 C
2199 3084 2451 3155 καθάπερ
2481 3079 2572 3137 οὖν
2599 3083 2793 3154 ἀμέλει
2825 3083 2919 3135 καὶ
2950 3083 3041 3135 ἐπὶ
3069 3082 3305 3153 Λαζάρῳ
3334 3083 3664 3152 γέγραπται,
3698 3083 3785 3135 ὅτι

2199 3174 2624 3246 ἐμϐριμώμενος
2674 3174 2853 3245 ἐαυτῷ
2914 3176 2942 3225 ὁ
3001 3171 3207 3242 Ἰησοῦς
3261 3175 3342 3235 είς
3400 3171 3462 3224 τὸ
3519 3173 3785 3241 μνημεῖον

2201 3264 2527 3331 ὲνεϐάδιζεν.
2561 3267 2769 3336 Ὄνπερ
2797 3267 2905 3335 γὰρ
2937 3265 3138 3335 τρόπον
3167 3266 3222 3316 ὲν
3248 3265 3478 3328 ἐκείνοις
3509 3266 3607 3336 τὴν
3640 3264 3783 3318 κατὰ

2200 3355 2294 3409 τοῦ
2320 3355 2548 3409 θανάτου
2572 3356 2820 3426 δριμεῖαν
2852 3355 3077 3424 ἀπειλὴν
3106 3354 3442 3426 ὲμϐρίμησιν
3470 3356 3595 3425 ἔφη,
3642 3356 3786 3408 οὕτω

2203 3448 2432 3502 κάνθάδε
2493 3447 2555 3501 τὸ
2597 3447 2740 3501 κατὰ
2785 3447 2879 3501 τοῦ
2921 3447 3217 3511 δυσσεϐοῦς
3276 3449 3537 3519 προδότου
3576 3449 3788 3520 κίνημα

2204 3538 2282 3609 τῷ
2319 3540 2417 3610 τῆς
2445 3540 2694 3610 ταραχῆς
2732 3538 2958 3607 ὀνόματι
3006 3539 3429 3608 κατεσήμαινεν.
3477 3540 3791 3609 Ἐταράχθη

2203 3630 2261 3683 δὲ
2288 3630 2533 3693 εἱκότως,
2562 3631 2655 3681 ἐπὶ
2681 3632 2803 3691 ταῖς
2845 3628 3013 3682 Ἰούδα
3052 3628 3408 3700 δυστροπίαις
3439 3633 3791 3698 ἀγανακτῶν.

2206 3722 2271 3774 Τί
2311 3722 2417 3791 γὰρ
2450 3714 2753 3788 ἄν’γὲνοιτο
2781 3722 2881 3790 τῆς
2905 3721 3117 3773 ἐκείνου
3138 3721 3452 3785 δυσσεϐείας
3486 3722 3547 3773 τὸ
3569 3723 3795 3777 ἐπέκει-

2206 3833 2292 3882 να,
2318 3817 2417 3868 ὅσα
2446 3831 2509 3881 γε
2530 3817 2643 3875 τοῖς
2675 3813 2858 3876 ἄλλοις
2887 3814 2945 3865 ἐν
2982 3815 3083 3884 ἴσῳ
3115 3813 3385 3884 μαθηταῖς
3424 3817 3795 3884 τετιμημένος

2207 3925 2265 3960 τε
2292 3905 2605 3977 ὑπερφυῶς,
2633 3907 2727 3959 καὶ
2765 3905 2821 3957 ἐν
2863 3907 2974 3968 τοῖς
3013 3906 3331 3968 ἁττολὲκτοις
3373 3911 3795 3977 κατατεταγμὲοο

2208 4014 2317 4061 νος,
2383 3997 2547 4069 ὀλίγῳ
2603 3999 2851 4069 ἀργυρίῳ
2902 3984 3194 4061 ’παντελῶς
3263 3999 3361 4069 τὴν
3414 4000 3495 4061 είς
3558 4000 3796 4071 Χριστὸν

2210 4090 2431 4158 ἀγάπην
2458 4089 2747 4158 ἠλλάξατο,
2780 4092 2877 4145 καὶ
2913 4091 3109 4144 ἐσθίων
3150 4090 3239 4144 τὸν
3274 4089 3437 4161 ἄρτον
3486 4090 3651 4144 αὑτοῦ
3695 4092 3795 4163 τὴν

2213 4182 2450 4253 πτέρναν
2485 4183 2710 4254 ἐπῆρεν,
2747 4184 2808 4237 οὐ
2830 4184 3017 4254 τιμὴν.
3055 4185 3115 4237 οὐ
3146 4182 3323 4249 δόξαν,
3351 4185 3411 4237 οὐ
3442 4184 3541 4250 τῆς
3570 4185 3795 4253 ἀγάπης

2211 4275 2302 4327 τὸν
2337 4274 2517 4345 νόμον,
2560 4275 2621 4328 οὐ
2655 4276 2715 4327 τὸ
2752 4275 3196 4345 χρεωστούμενον
3224 4275 3298 4339 ὡς
3334 4275 3453 4345 Θεῷ
3486 4275 3667 4340 σέϐας,
3696 4278 3795 4348 οὐχ

2213 4366 2398 4436 ’ἑτερόν
2439 4384 2491 4418 τι
2524 4365 2631 4418 τῶν
2667 4368 2746 4429 είς
2770 4365 2932 4418 αὐτόν
2976 4365 3281 4435 γενομένων
3310 4366 3792 4435 ὑπολογισάμενος,

533 4470 757 4528 putans,
798 4456 892 4510 sed
944 4456 1009 4508 ad
1056 4454 1372 4509 Judaeorum
1421 4453 1796 4509 exsecrabiles
1850 4452 2095 4507 denarios

2218 4461 2296 4521 εἰς
2327 4458 2460 4525 μόνα
2489 4457 2544 4510 δὲ
2576 4457 2787 4526 βλέπων
2825 4458 2894 4510 τὰ
2930 4457 3080 4526 παρὰ
3119 4457 3229 4510 τῶν
3267 4457 3534 4510 Ἰουδαίων
3575 4457 3796 4528 μυσαρὰ

534 4557 801 4604 ditutaxat
863 4547 1023 4619 735
1077 4548 1419 4617 respiciens,
1472 4554 1528 4600 et
1587 4546 1804 4615 exiguis
1870 4547 2113 4603 nummis

537 4656 692 4696 suam
722 4639 967 4695 vendens
1002 4640 1270 4702 animam,
1303 4641 1765 4706 innocentemque
1799 4652 1861 4691 ac
1899 4637 2113 4707 justum

536 4731 855 4802 Sanguinem
897 4728 1306 4783 homicidarum
1375 4726 1634 4780 manibus
1688 4725 1931 4781 tradens.
1981 4725 2111 4780 Gra-

537 4838 758 4876 ηεςιιιιο
780 4823 965 4891 itaque
993 4836 1092 4874 cur
1124 4821 1379 4873 turbatus
1407 4819 1479 4872 sit
1517 4833 1687 4872 causa
1719 4827 1822 4872 cst.
1854 4815 2118 4887 Sequitur

539 4926 720 4976 autem
749 4918 891 4971 acris
924 4915 1306 4984 reprehensio,
1348 4912 1417 4966 ad
1456 4912 1622 4966 unius
1662 4912 1883 4979 quidem
1914 4928 1944 4966 e
1974 4912 2115 4965 duo-

537 5009 715 5063 tiet'ittt
750 5022 1039 5077 personam
1076 5005 1415 5074 singularem
1451 5004 1754 5073 pertinens,
1790 5002 1885 5056 sed
1935 5010 2116 5058 tamen

539 5100 663 5155 aliis
729 5110 933 5154 metum
1006 5097 1391 5151 vehementem
1460 5094 1751 5164 injicieus,
1809 5104 1861 5148 et
1915 5096 2120 5164 cuique

536 5191 697 5260 quasi
738 5191 1063 5261 praecipiens
1082 5196 1141 5242 ut
1169 5204 1284 5244 sua:
1325 5188 1521 5242 anima:
1546 5188 1825 5249 consulat,
1874 5203 1942 5242 ne
1982 5189 2122 5243 forte

543 5299 636 5351 per
697 5283 964 5347 desidiam
1026 5288 1137 5334 tam
1204 5279 1422 5335 infestis
1488 5280 1706 5347 laqueis
1771 5280 2117 5345 involvatur,

541 5380 597 5426 et
635 5372 959 5425 acerbitatis
1011 5369 1303 5424 diabolicae
1348 5369 1529 5438 praeda
1566 5369 1680 5423 ﬁat.
1735 5368 1898 5425 Utilis
1955 5372 2123 5443 igitur

541 5474 626 5519 est
671 5462 1164 5531 reprehensionum
1200 5462 1286 5517 vis
1325 5472 1380 5517 et
1416 5464 1579 5529 ratio,
1609 5479 1773 5532 quant
1828 5464 1986 5518 nihili
2046 5464 2124 5518 fa-

542 5552 696 5607 ciens
744 5551 1047 5623 proditoris
1088 5554 1326 5620 animus,
1361 5554 1413 5609 in
1465 5556 1747 5627 proposito
1794 5572 1898 5612 suo
1948 5558 2118 5613 haere-

614 5728 661 5764 ⁸⁴
696 5729 855 5788 Joan.
893 5748 977 5797 χι,
1013 5732 1100 5788 38.

2216 4548 2464 4619 δηνάρια,
2497 4547 2590 4600 καὶ
2621 4546 2816 4614 ὀλίγων
2859 4546 3137 4619 ἀργυρίων
3191 4547 3384 4617 κομιδῇ
3445 4547 3545 4615 τὴν
3600 4546 3794 4601 ἑαυτοῦ

2215 4641 2473 4709 πωλήσας
2500 4637 2696 4708 ψυχὴν,
2731 4639 2824 4691 καὶ
2855 4638 2915 4691 τὺ
2948 4638 3125 4709 ἁθῷόν
3167 4655 3224 4690 τε
3270 4640 3363 4691 καὶ
3394 4638 3600 4691 δίκαιον
3634 4633 3793 4708 αἷμα,

2215 4734 2334 4793 ταῖς
2370 4730 2480 4782 τῶν
2526 4728 2932 4801 μιαιφονώντων
2965 4732 3153 4800 χερσὶν
3183 4732 3650 4801 ἐγχειρισάμενος.
3694 4732 3797 4783 Εὐ-

2215 4822 2498 4891 λογωτάτη
2537 4821 2825 4892 τοιγαροῦν
2882 4823 2914 4892 ἡ
2972 4821 3064 4874 τοῦ
3113 4822 3443 4893 τεταράχθαι
3503 4823 3794 4892 πρόφασις.

2231 4914 2619 4966 Ἐπακοὶςουθεῑ
2672 4913 2728 4966 δὲ
2779 4913 2976 4983 δριμὺς
3025 4916 3054 4965 ό
3096 4914 3334 4982 ἔλεγχος,
3383 4911 3527 4965 οὕτω
3584 4915 3684 4983 μὲν
3722 4916 3799 4976 εἰς

2216 5007 2507 5077 πρόσωπον
2545 5005 2729 5068 ἰδικῶς
2767 5005 2828 5057 τὸ
2872 5005 2987 5068 ἑνὸς
3018 5006 3125 5057 τῶν
3155 5005 3383 5077 δώδεκα,
3418 5006 3707 5076 περιιστάς
3737 5023 3798 5073 γε

2221 5100 2327 5168 μὴν
2355 5100 2435 5160 εἰς
2465 5097 2659 5167 μόνους
2708 5097 2904 5159 αὐτοὺς
2934 5096 2994 5150 τὸ
3031 5095 3173 5149 οὕτω
3206 5096 3644 5167 φρικωδέστατον
3669 5116 3800 5152 κατα

2218 5191 2495 5261 ηγόρημα,
2525 5190 2621 5242 καὶ
2652 5189 2936 5258 μονονουχὶ
2976 5188 3420 5258 παρεγγυόμενος
3444 5189 3551 5241 τῶν
3587 5191 3800 5261 ἀκροωο

2224 5282 2401 5352 μένων
2428 5283 2642 5352 ἑκάστῳ
2671 5280 2767 5350 τὴν
2797 5279 2930 5332 ἰδίαν
2960 5280 3192 5349 φυλάξαι
3221 5280 3420 5351 ψυχὴν,
3453 5283 3527 5352 μὴ
3554 5283 3661 5351 ἄρα
3688 5300 3801 5345 πως

2222 5376 2285 5427 ἐκ
2314 5374 2589 5446 ῥᾳθυμίας
2621 5376 2732 5436 τοῖς
2752 5372 2893 5425 οὕτω
2921 5374 3107 5436 δεινοῖς
3138 5372 3412 5441 ἁλώσηται
3447 5374 3684 5445 βρόχοις,
3712 5376 3803 5427 καὶ

2222 5467 2319 5536 τῆς
2374 5465 2466 5519 τοῦ
2525 5464 2773 5517 διαϐόλου
2821 5465 3043 5533 πικρίας
3097 5464 3267 5532 γλυκὺ
3310 5468 3523 5533 γένοιτο
3557 5468 3799 5537 θήραμα.

2232 5557 2550 5628 Ἐπωφελὴς
2581 5552 2672 5609 οὖν
2705 5555 2811 5628 ἄρα
2835 5556 2942 5608 τῶν
2977 5557 3211 5627 ἐλέγχων
3243 5559 3272 5627 ἡ
3315 5558 3560 5627 δύναμις,
3586 5559 3649 5630 ἣν
3676 5556 3802 5618 παρ’
