4010 6320
221 378 293 436 37
1255 371 1320 427 ΙΝ
1355 368 1645 426 JOANNIS
1668 367 1775 421 EVl

1881 363 2117 420 iELIUM
2157 359 2285 415 LIB.
2324 357 2413 412 LX.
3340 342 3444 404 138

183 495 336 550 οὐδὲν
389 491 759 563 ποιησάμενος
814 488 908 544 τοῦ
958 486 1249 559 προδόντος
1297 489 1326 540 6
1367 484 1510 550 νοῦς,
1555 483 1661 537 τῶν
1691 481 1763 535 ol-

1881 482 1983 534 bat.
2010 475 2199 547 Magna
2235 476 2421 543 itaque
2450 484 2573 526 cum
2609 466 2858 537 emphasi
2887 465 3152 521 Christus
3186 481 3200 517 :
3238 480 3257 514 ι
3292 461 3443 518 Unus

184 586 346 639 κείων
376 584 557 653 εἷχετο
585 582 1038 653 σπουδασμάτων.
1069 576 1556 650 Ἐμφαντικὼτατα
1584 574 1763 627 τοίνυν

1881 587 1931 625 ex
1965 570 2124 624 vobis
2152 582 2238 622 me
2267 565 2467 628 tradet,
2494 582 2526 623 ,ι
2559 561 2655 615 ait.
2684 558 2783 615 Vel
2820 560 2968 614 enim
3005 555 3312 628 proditoris
3354 555 3444 610 in-

180 679 213 729 6
242 674 473 745 Χριστὺς
494 673 577 739 τὺ,
612 692 630 724 ι
663 670 758 736 Εἷς
787 672 847 738 ἐξ
867 669 1022 741 ὑμῶν
1050 667 1362 740 παραδώσει
1393 682 1483 737 με,
1524 684 1542 715 ι
1576 662 1759 732 φησίν.

185 767 259 821 Ἦ
280 766 397 837 γὰρ
424 764 528 835 τῆς
569 764 665 818 τοῦ
708 762 1016 833 τολμῶντος
1058 758 1382 831 ἀχαριστίας
1438 757 1526 845 διὰ
1572 754 1763 809 τούτου

191 859 501 928 κατηγορεῖ,
525 856 559 927 ἢ
583 857 680 927 τῆς
699 854 795 909 τοῦ
820 853 1064 909 διαϐόλου
1088 850 1286 914 κακίας
1313 848 1550 903 δεικνύει
1581 847 1643 899 τὸ
1670 845 1766 915 μέ-

195 945 364 1015 γεθος,
396 946 475 1008 ὡς
520 943 775 998 τοσοῦτον
827 941 1168 1012 δυνηθείσης,
1197 940 1274 1003 ὡς
1317 938 1413 993 καὶ
1458 935 1638 990 αὐτῶν
1666 935 1766 989 ’ἐνα

184 1037 293 1091 τῶν
331 1037 648 1090 ἀποστόλων
684 1034 952 1104 ἁρπάσαι.
1728 1040 1737 1049 ‘

259 1133 563 1186 Ἕϐλεπον
582 1126 698 1185 οὖν
719 1132 805 1194 είς
827 1126 1141 1193 ἀλλήλους
1173 1129 1227 1181 οι
1251 1123 1532 1195 μαθηταί,
1561 1122 1766 1177 διαπο-

177 1222 465 1291 petiuerat
495 1220 628 1288 περὶ
666 1220 828 1285 τίνος
849 1219 1036 1288 λέγει.

258 1312 565 1384 Ἐκπληξίς
592 1329 651 1364 τε
681 1310 815 1381 όμοῦ
858 1310 952 1364 καὶ
976 1309 1096 1373 δέος
1121 1308 1394 1382 εἰστρέχει
1423 1307 1549 1369 τοὺς
1592 1303 1765 1376 μαθη-

181 1403 302 1467 τάς,
333 1404 431 1457 καὶ
457 1403 707 1473 ἀλλήλοις
750 1400 1002 1472 ἐνορῶσι,
1039 1399 1262 1454 διπλοῦν
1301 1401 1365 1453 ἐκ
1403 1397 1513 1451 τῶν
1542 1395 1769 1468 είρημέ-

182 1512 292 1549 νων
322 1494 604 1558 ὠδίνοντες
639 1493 894 1564 θόρυϐον.
922 1493 1194 1554 Ἕκαστος
1226 1491 1324 1562 μὲν
1356 1487 1488 1559 γὰρ,
1524 1487 1664 1540 κατὰ.
1707 1485 1768 1538 τὸ

180 1587 352 1651 εἰκὸς,
380 1586 482 1655 τῆς
508 1586 646 1650 ίδίας
673 1586 1025 1658 ὑπερτρέχων
1052 1584 1249 1655 ψυχῆς,
1278 1581 1379 1634 οὐκ
1405 1582 1464 1633 ὲν
1481 1579 1647 1648 ὀλίγῳ
1675 1577 1766 1646 γέ-

180 1695 305 1747 γονε
329 1677 570 1748 δείματι,
602 1677 738 1732 ἀλλὰ
759 1679 854 1731 καὶ
884 1678 983 1747 τῆς
1002 1678 1078 1740 είς
1105 1676 1168 1728 τὸ
1195 1672 1371 1728 κοινὸν
1393 1670 1606 1742 ὁρώσης
1630 1669 1767 1723 ὑπο-

180 1770 400 1841 λήψεως
430 1771 611 1843 χάριν,
639 1771 741 1824 οὐκ
767 1770 1024 1824 ἐλάττονα
1047 1769 1145 1840 τῆς
1177 1766 1372 1838 ἑτέρας
1396 1766 1497 1835 τὴν
1527 1762 1765 1832 ἀγωνίαν

184 1865 451 1934 ἐδέχοντο.
494 1865 614 1920 Ὀτι
672 1865 772 1935 μὲν
826 1864 937 1936 γὰρ
991 1862 1189 1933 ἀληθὲς
1238 1860 1392 1913 ἔσται
1450 1856 1669 1918 πάντως
1708 1855 1770 1908 τὺ

182 1955 479 2026 εἰρημένον
515 1955 881 2009 πιστεύουσιν.
915 1955 1096 2008 Ἴσασι
1120 1952 1251 2023 γὰρ,
1273 1950 1348 2012 ὼς
1370 1949 1471 2003 οὐκ
1497 1948 1563 2002 ἂν
1581 1945 1773 2001 διαπέ-

183 2058 268 2095 σοι
318 2043 483 2105 κενὸς
530 2032 625 2095 τοῦ
674 2043 925 2114 Σωτῆρος
980 2042 1011 2094 6
1045 2041 1224 2108 λόγος,
1255 2038 1317 2091 τό
1358 2037 1418 2090 τὲ
1451 2052 1515 2104 γε
1553 2034 1658 2106 μὴν
1690 2036 1769 2097 εἰς

181 2134 344 2186 τοῦτο
386 2133 711 2197 δυσσεϐείας
762 2130 1228 2202 κατωλισθηκέναι
1277 2128 1385 2182 τῶν
1418 2129 1477 2181 ὲν
1503 2125 1771 2197 μαθηταῖς

181 2225 666 2296 ἀπηριθμημένων
720 2226 864 2288 τινὰ,
927 2224 1099 2277 δεινὸν
1169 2221 1264 2275 καὶ
1318 2219 1591 2290 ἀφόρητον
1629 2213 1771 2271 εἶναι

181 2316 548 2387 λογιζόμενοι,
596 2316 659 2369 τὸ
719 2316 819 2387 μὲν
880 2315 1011 2369 ἴδιον
1072 2315 1304 2367 ἑκάστου
1357 2310 1597 2374 συνειδὸς
1638 2310 1772 2363 ἀνα-

184 2407 474 2478 κρίνουσι,
536 2407 631 2460 καὶ
688 2406 1043 2478 περιαθροῦσι
1098 2404 1289 2468 δεινῶς
1344 2404 1437 2459 ἐπὶ
1492 2405 1614 2458 τίνα
1674 2402 1773 2472 τῆς

183 2498 463 2562 ἀπωλείας
490 2501 521 2552 6
549 2498 750 2571 κλῆρος
770 2501 1042 2563 πεσεῖται,
1076 2499 1169 2551 καὶ
1194 2498 1376 2561 πόθεν,
1406 2496 1439 2568 ἢ
1468 2495 1589 2560 πῶς
1616 2496 1771 2568 ἰσχύ-

185 2606 267 2644 σει
293 2591 552 2645 τοσοῦτον
582 2592 610 2643 6
639 2591 901 2655 Σατανᾶς,
929 2590 1004 2653 ὡς
1039 2589 1132 2644 καὶ
1160 2589 1339 2644 αὐτῶν
1367 2587 1630 2658 ἐκκλέψαι
1665 2587 1774 2641 τῶν

183 2682 428 2752 γνησίων
458 2682 601 2735 τινά.

253 2772 377 2828 Ἦν
408 2772 481 2827 δὲ
502 2771 894 2840 ἀνακείμενος
921 2767 1010 2836 εἷς
1037 2772 1105 2824 ἐκ
1138 2769 1256 2823 τῶν
1269 2767 1551 2839 μαθητῶν
1586 2766 1773 2821 αὐτοῦ

184 2864 252 2916 ἐν
301 2863 385 2929 τῷ
421 2865 632 2931 κόλπῳ
681 2862 788 2917 τοῦ
828 2861 1056 2930 Ἰησοῦ,
1100 2860 1173 2915 ὃν
1207 2861 1410 2928 ἠγάπα
1446 2862 1479 2913 d
1513 2857 1770 2925 Ἰησοῦς.

185 2957 361 3010 Natis;
386 2950 505 3010 οὖν
536 2956 726 3019 τούτῳ
753 2954 966 3022 Σίμων
997 2952 1219 3023 Πέτρος
1265 2952 1563 3006 πυθέσθαι
1587 2949 1678 3014 τίς
1699 2949 1777 3001 ἂν

185 3045 279 3111 εἴη
322 3046 461 3114 περὶ
506 3041 580 3100 οὗ
606 3045 789 3114 λέγει.
836 3044 1176 3099 Ἐπιπεσὼν
1216 3044 1285 3096 δὲ
1311 3042 1542 3109 ἐκεῖνος
1571 3041 1672 3096 ἐπὶ
1706 3042 1775 3095 τὸ

187 3135 419 3206 στῆθος
441 3137 551 3191 τοῦ
584 3137 809 3203 Ἰησοῦ,
826 3135 991 3204 λέγει
1018 3135 1200 3200 αὐτῷ’
1227 3136 1420 3203 Κύριε,
1445 3136 1539 3201 τίς
1566 3134 1774 3197 (iactr;
1803 3162 1846 3219 η

201 3228 633 3296 ἈποκρίνετιιιΔ
662 3222 779 3281 οὖν
812 3228 846 3276 δ
887 3225 1148 3290 Ἰησοῦς·
1196 3224 1454 3290 Ἐκεῖνός
1501 3223 1697 3289 ἐστιν,
1726 3216 1775 3288 ᾧ

189 3319 304 3388 ἐγὼ
328 3318 542 3387 βάψας
567 3321 634 3371 τὸ
662 3320 900 3388 ψωμίον
925 3318 1099 3371 δώσω

258 3412 662 3482 Θαυμάσαιμεν
716 3411 784 3465 ἂν
831 3412 1055 3474 εἰκότως
1097 3410 1191 3464 καὶ
1221 3408 1483 3480 ἐντούτῳ
1510 3409 1575 3481 δὴ
1613 3409 1776 3464 πάλιν

189 3505 301 3557 τῶν
333 3504 508 3572 ἁγίων
540 3503 795 3574 μαθητῶν
826 3502 888 3556 τὸ
912 3502 1111 3573 γοργὸν
1144 3503 1225 3565 είς
1261 3500 1557 3570 φιλοθεΐαν,
1588 3499 1684 3552 καὶ
1716 3498 1777 3551 τὸ

192 3598 316 3651 λίαν
338 3597 585 3666 ἀκριϐὲς-
608 3599 687 3659 είς
712 3595 1019 3649 εὐλάϐειαν.
1060 3595 1135 3647 Οὐ
1176 3593 1286 3664 γὰρ
1319 3592 1533 3662 ἔχοντες
1569 3591 1628 3657 ἐξ
1649 3591 1771 3643 ἐαυ-

194 3688 302 3742 τῶν
364 3688 565 3741 είδέναι
629 3687 882 3740 ὑπαίτιον
943 3703 1102 3748 τινα,
1158 3684 1273 3738 ἀλλ’
1339 3684 1460 3737 οὐδὲ
1524 3685 1645 3746 ταῖς
1714 3685 1778 3735 ἐκ

198 3779 521 3850 στοχασμῶν
557 3781 793 3842 ἀπάταις
833 3777 1321 3849 ἐπιθαρσήσαντες,
1365 3774 1778 3844 φιλοπευστοῦσι

198 3873 397 3933 πάλιν,
464 3872 561 3924 καὶ
634 3870 927 3941 μανθάνειν
987 3869 1302 3937 ἐπείγονται
1382 3866 1451 3920 δι’
1510 3867 1628 3929 ἑνὸς
1684 3864 1778 3919 τοῦ

199 3964 553 4037 προῦχοντος,
580 3964 812 4034 ’Πέτρος
860 3962 917 4015 δὲ
971 3954 1127 4022 οὗτος
1175 3956 1264 4030 ἦν,
1315 3959 1373 4023 ὃς
1412 3949 1778 4029 προσεκόμισε

200 4057 299 4126 μὲν
331 4053 589 4124 οὐδαμῶς
634 4054 703 4107 δι’
727 4052 921 4107 ἑαυτοῦ
967 4051 1066 4123 τὴν
1104 4051 1297 4105 πεῦσιν
1316 4090 1330 4112 ,
1356 4049 1434 4120 τῷ
1461 4050 1516 4103 δὲ
1555 4050 1781 4118 πλησίον

198 4147 289 4201 καὶ
351 4145 701 4215 ἀγαπωμένῳ
752 4143 842 4197 διὰ
887 4142 949 4196 τὸ
991 4144 1092 4214 τῆς
1142 4142 1366 4210 ἁγνείας
1405 4140 1782 4212 λαμπρότερον

198 4236 258 4290 τὺ
298 4236 568 4307 διερωτᾷν
601 4234 840 4304 ἐφίησιν.
886 4232 1143 4301 Ἰωάννης
1187 4231 1246 4284 δὲ
1298 4225 1452 4293 οὗτος
1492 4225 1560 4302 ἦν
1607 4232 1635 4282 6
1687 4230 1782 4283 τοῦ

200 4323 566 4395 προκειμένου
604 4321 810 4392 βιϐλίου
860 4322 1229 4392 συγγραφεὺς,
1258 4320 1336 4384 ὃς,
1380 4321 1612 4389 ἐπείπερ
1642 4323 1783 4389 ἠγα-

202 4414 410 4486 πῆσθαί
447 4430 614 4484 φησιν
640 4413 852 4476 ἑαυτὸν,
880 4412 943 4465 τὸ
968 4413 1167 4466 οἰκεῖον
1214 4411 1556 4481 κατέκρυψεν
1592 4411 1780 4480 ὄνομα,

204 4512 328 4578 σιτῇ
398 4507 705 4578 παραδοὺς,
763 4506 851 4558 ἵνα
916 4506 990 4576 μή

215 4600 529 4670 Ἐλεύθερος
558 4598 666 4669 γάρ
691 4596 994 4666 φιλοδοξίας
1014 4596 1122 4649 τῶν
1145 4597 1313 4664 ἁγίων
1338 4599 1366 4650 6
1390 4595 1532 4659 νοῦς.
1569 4596 1781 4667 Ἦρέμα

206 4692 383 4746 τοίνυν
424 4690 501 4762 τῷ
548 4690 853 4760 διδασκάλῳ
894 4688 1380 4760 προσκεκλιμένος,
1422 4686 1782 4758 διαψιθυρίζει

207 4784 401 4855 λάθρα,
435 4783 530 4835 καὶ
573 4780 864 4852 μανθάνειν
896 4780 1041 4847 ἀξιοῖ
1077 4779 1170 4832 τὸν
1205 4779 1304 4848 τῆς
1338 4778 1611 4837 ἀπωλείας
1647 4776 1783 4829 υίόν·

208 4875 320 4927 ἀλλ’
349 4875 449 4942 οὐχ
480 4872 668 4943 ἕτερόν
712 4889 765 4924 τι
811 4874 1036 4941 σημεῖον
1094 4868 1243 4939 αὐτῷ
1287 4868 1566 4922 δίδωσιν.ὁ
1596 4862 1787 4934 Σωτὴρ

207 4965 298 5020 τοῦ
334 4966 693 5036 πράγματος,
723 4962 759 5034 ἢ
787 4962 849 5016 τὸ
884 4961 973 5015 διὰ
1012 4962 1113 5031 τῆς
1152 4960 1245 5013 τοῦ
1277 4959 1562 5030 Προφήτου
1606 4957 1789 5026 φωνῆς

210 5061 302 5112 καὶ
330 5056 500 5110 πάλαι
524 5054 1061 5127 προκεκηρυγμένον·
1086 5071 1104 5103 ι
1128 5053 1186 5105 '0
1218 5051 1413 5104 ἐσθίων
1440 5051 1637 5119 ἄρτους
1666 5064 1789 5118 μου,

213 5146 546 5217 ἐμεγάλυνεν
574 5145 660 5197 ἐπ’
689 5145 791 5214 ἐμὲ
818 5141 1185 5211 πτερνισμόν.“
1208 5160 1226 5191 ι
1258 5139 1445 5208 Βάψας
1478 5137 1587 5207 γὰρ
1617 5135 1791 5188 ἐπιδί-

214 5234 342 5287 δωσι
379 5230 443 5284 τὸ
469 5230 704 5301 ψωμίον,
732 5231 949 5303 δεικνὺς
979 5229 1069 5282 διὰ
1101 5228 1286 5281 τούτου
1319 5229 1408 5280 τὸν
1430 5225 1679 5278 ἐσθίοντα
1701 5224 1792 5277 τὸν

217 5326 379 5397 ἄρτον
442 5322 628 5378 αὐτοῦ.
684 5323 793 5377 Καὶ
851 5323 943 5376 τὸν
991 5322 1090 5392 μὲν
1141 5320 1248 5374 τῶν
1301 5319 1473 5386 ἁγίων
1534 5316 1792 5387 μαθητῶν

1864 668 2078 731 gratum
2115 659 2355 712 animum
2402 655 2489 710 his
2525 653 2714 709 verbis
2756 658 3006 715 accusat,
3029 649 3114 703 vel
3159 646 3447 702 diabolica:

1867 752 2129 823 nequitiae
2159 746 2598 820 magnitudinem
2637 743 2904 806 ostendit,
2938 756 3061 812 quae
3091 748 3304 794 tantum
3349 753 3445 809 po-

1865 843 2055 905 tuerit,
2114 849 2175 895 ut
2227 840 2390 893 etiam
2427 850 2594 890 unum
2651 849 2719 889 ex
2775 833 2913 902 ipsis
2962 830 3227 902 apostolis
3269 828 3446 884 corri-

1865 936 2064 1007 pulerit.

1940 1103 2053 1160 XIII
2081 1146 2097 1171 ,
2134 1104 2226 1159 2'2.
2268 1102 2608 1173 Aspiciebant
2655 1118 2778 1172 ergo
2815 1099 3129 1154 adiutricem
3167 1098 3441 1169 discipuli,

1865 1196 2169 1251 [imitantes
2200 1196 2265 1250 de
2296 1212 2397 1263 quo
2424 1194 2639 1249 diceret.
2976 1230 2979 1233 η

1939 1286 2143 1356 Stupor
2172 1288 2338 1341 simul
2372 1267 2626 1339 ac'timor
2651 1282 2864 1337 invadit
2887 1262 3445 1348 Christi-discipulos,

1866 1385 1920 1431 et
1949 1377 2234 1432 intuentur
2264 1375 2355 1430 alii
2383 1376 2436 1428 in
2470 1374 2634 1436 alios.
2665 1373 2940 1443 duplicem
2972 1385 3038 1425 ex
3067 1369 3233 1425 dictis
3258 1369 3448 1423 conci-

1866 1471 2084 1542 pientes
2120 1479 2347 1525 metum.
2377 1466 2772 1535 Unusquisque
2797 1464 2976 1529 enim,
3010 1470 3068 1516 ut
3098 1478 3198 1531 par
3222 1468 3308 1517 est
3328 1502 3344 1525 ,
3379 1460 3471 1515 de.

1866 1575 1966 1616 sua
1999 1560 2184 1614 anima
2213 1558 2511 1622 sollicitus,
2545 1571 2655 1611 non
2691 1569 2856 1625 parvo
2884 1562 3004 1609 erat
3048 1553 3102 1606 in
3135 1560 3306 1614 metu,
3348 1551 3444 1607 sed

1866 1662 1920 1707 et
1949 1667 2074 1706 cum
2108 1650 2178 1706 de
2210 1650 2427 1705 caeteris
2458 1651 2515 1704 in
2545 1662 2838 1705 commune
2867 1646 3215 1716 cogitarent,
3245 1643 3314 1698 de
3339 1642 3447 1695 alia

1868 1757 1975 1797 non
2007 1742 2192 1797 minus
2224 1742 2373 1797 anxii
2402 1750 2581 1796 erant.
2606 1739 2853 1794 Credunt
2878 1738 3082 1808 quippe
3112 1751 3303 1790 verum
3344 1733 3437 1788 uti-

1801 1827 1844 1881 Β
1869 1848 1977 1902 que
2014 1830 2132 1888 fore
2158 1831 2307 1902 quod
2331 1831 2544 1887 dictum
2574 1839 2682 1886 est.
2719 1829 2915 1884 Sciunt
2944 1828 3090 1884 enim
3135 1827 3473 1881 Servatoris.

1872 1934 2183 1981 sermonem
2231 1923 2450 1978 irritum
2482 1937 2606 1978 esse
2648 1937 2758 1977 non
2790 1936 2983 1992 posse.
3027 1920 3122 1976 sed
3157 1934 3224 1974 eo
3254 1918 3451 1987 impie-

1872 2019 2005 2072 tatis
2036 2017 2311 2072 decidisse
2349 2029 2685 2086 quemquam
2730 2029 2763 2068 e
2809 2012 3133 2086 discipulis,
3179 2025 3345 2082 grave
3394 2017 3452 2065 et

1872 2106 2280 2162 intolerandum
2320 2121 2446 2162 esse
2489 2111 2785 2176 putantes,
2826 2117 2983 2157 suam
3025 2083 3267 2171 quisque
3312 2114 3450 2155 con-

1873 2198 2158 2253 scientiam
2189 2198 2528 2263 examinant,
2553 2204 2610 2253 et
2635 2197 2690 2250 in
2719 2210 2882 2265 quem
2908 2193 3063 2247 exitii
3101 2206 3224 2247 sors
3251 2205 3453 2261 casura

1873 2286 1947 2341 sit
1977 2299 2168 2345 exacte
2190 2291 2492 2352 rimantur,
2530 2295 2587 2343 et
2616 2286 2767 2342 unde
2798 2292 2893 2339 aut
2925 2282 3206 2355 quomodo
3236 2288 3450 2337 tantum

1874 2383 2165 2455 potestatis
2192 2382 2486 2438 habiturus
2524 2380 2598 2435 sit
2639 2378 2907 2441 Satanas,
2956 2383 3016 2430 ut
3049 2388 3389 2445 quemquam
3421 2389 3453 2427 e

1874 2464 2141 2544 genuinis
2159 2469 2450 2545 discipulis
2482 2467 2745 2537 abripiat.

1947 2743 2063 2797 XIII
2087 2782 2102 2806 ,
2141 2741 2330 2796 25-26.
2382 2739 2516 2793 Erat
2546 2755 2668 2808 ergo
2695 2736 2998 2792 recumbens
3028 2751 3162 2788 unus
3192 2748 3257 2787 ea:
3287 2732 3454 2786 disci-

1874 2836 2015 2904 pulis
2034 2834 2150 2903 ejus
2181 2836 2237 2887 in
2263 2835 2383 2887 sinu
2409 2830 2560 2895 Jesu,
2589 2846 2739 2901 quem
2769 2829 3019 2899 diligebat
3045 2823 3224 2880 Jesus.
3269 2823 3454 2878 Innuit

1875 2945 1997 2999 ergo
2022 2927 2143 2980 huic
2165 2925 2352 2981 Simon
2378 2924 2592 2991 Petrus,
2620 2932 2670 2977 et
2695 2924 2836 2976 dixit
2867 2923 2916 2975 ei
2946 2938 2965 2976 :
3004 2920 3136 2987 Quis
3164 2927 3243 2972 est
3270 2919 3367 2971 iste
3391 2919 3455 2971 de

1877 3037 1980 3091 quo
2015 3020 2193 3075 dicit?
2233 3017 2423 3089 Itaque
2450 3033 2570 3071 cum
2600 3015 2921 3070 recubuisset
2956 3013 3046 3067 ille
3077 3028 3236 3079 supra
3275 3018 3454 3080 pectus

1875 3112 2006 3168 Iesu
2028 3153 2045 3180 ,
2075 3111 2207 3165 dicit
2241 3111 2326 3164 ei:
2358 3109 2609 3171 Domine,
2650 3108 2765 3178 quis
2795 3115 2871 3160 est
2896 3096 2920 3160 .9
2950 3103 3233 3173 Respondit
3256 3102 3415 3157 Jesus
3437 3118 3455 3155 :

1880 3204 1982 3257 Ille
2004 3212 2082 3257 est
2119 3202 2202 3254 cui
2237 3216 2329 3270 ego
2364 3199 2649 3252 intinctum
2678 3212 2866 3265 panem
2901 3209 3205 3263 perrexere.

1948 3379 2049 3434 Hic
2076 3394 2275 3435 rursus
2295 3378 2462 3432 etiam
2489 3384 2808 3433 sanctorum
2834 3372 3237 3442 discipulorum
3268 3369 3460 3423 arden-

1882 3479 1987 3525 tem
2019 3483 2149 3539 erga
2181 3467 2353 3522 Deum
2389 3481 2630 3521 amorem
2658 3473 2712 3519 et
2738 3463 2904 3535 736
2929 3465 3208 3519 sincerum
3239 3459 3461 3529 pietatis

1880 3576 1944 3615 ac
1968 3557 2508 3631 religionisstudium
2527 3557 2716 3611 mirari
2737 3556 2863 3625 jure
2904 3562 3141 3623 opm-tet.
3172 3552 3304 3607 Nam
3334 3568 3458 3609 cum

1880 3668 1946 3707 ex
1985 3651 2184 3722 seipsis
2230 3665 2341 3704 non
2377 3656 2608 3719 possent
2641 3647 2818 3700 ullum
2852 3655 3071 3700 sontem
3125 3660 3458 3715 agnoscere,

1880 3746 1976 3801 scd
2009 3758 2185 3815 neque
2213 3742 2508 3797 fallacibus
2540 3738 2879 3807 coniecturis
2911 3738 3103 3792 conlisi
3125 3777 3140 3799 ,
3170 3739 3463 3792 sciscitan-

1882 3845 1972 3888 tur
2005 3835 2187 3889 denuo
2216 3846 2282 3886 ac
2311 3830 2527 3885 discere
2553 3830 2807 3883 nituntur
2837 3843 2931 3898 per
2959 3842 3128 3881 umtm
3159 3828 3313 3880 illum
3346 3816 3461 3896 pri-

1883 3929 2116 3982 marium
2143 3967 2158 3989 ,
2204 3925 2423 3980 Petrum
2462 3923 2742 3985 videlicet,
2770 3921 2864 3991 qui
2901 3935 3244 3991 nequaquam
3276 3936 3371 3989 per
3404 3936 3463 3975 se

1880 4017 2267 4089 interrogavit,
2305 4015 2399 4070 scd
2431 4014 2481 4069 ei
2514 4013 2609 4083 qui
2641 4013 2924 4083 proximus
2964 4020 3082 4066 erat
3114 4027 3178 4065 ac
3204 4011 3461 4077 dilectus,

1886 4119 2115 4181 propter
2149 4109 2429 4165 castitatis
2465 4106 2853 4175 splendorem,
2888 4103 3248 4175 nmerendum
3294 4105 3463 4160 relin-

1885 4203 2026 4273 quit.
2058 4200 2304 4255 Joannes
2335 4210 2519 4251 autem
2568 4198 2615 4251 is
2651 4207 2802 4259 erat,
2836 4195 2961 4249 libri
2992 4194 3158 4264 hujus
3193 4197 3464 4267 scriptor,

1884 4294 1979 4362 qui
2020 4291 2280 4362 quoniam
2319 4304 2379 4343 se
2409 4288 2671 4342 dilectum
2705 4285 2876 4341 fuisse
2910 4287 3021 4349 ait,
3062 4284 3271 4340 idcirco
3302 4302 3462 4340 suum

1887 4398 2084 4439 nomen
2127 4382 2386 4443 reticuit,
2424 4394 2494 4433 ne
2539 4377 2799 4446 cuiquam
2848 4376 2999 4429 inani
3046 4375 3218 4445 gloria
3263 4376 3466 4431 ductus

1051 4523 1130 4576 τῳ
1185 4505 1333 4572 δόξαι
1390 4471 1775 4574 ’φιλοκομπεῖψ

1888 4476 2188 4531 videretur.
2215 4472 2551 4527 Ambitionis
2582 4471 2788 4539 quippe
2814 4482 3011 4537 expers
3035 4478 3119 4523 est
3146 4479 3465 4523 sanctorum

1890 4569 2133 4622 animus.
2170 4565 2390 4620 Sensim
2425 4577 2560 4632 ergo
2591 4560 2897 4614 inclinatus
2942 4559 3013 4614 ad
3057 4570 3252 4629 pectus
3290 4562 3467 4630 magi-

1818 4678 1823 4681 λ
1890 4660 2172 4716 stri'clam
2209 4657 2408 4728 quaerit
2450 4654 2578 4724 quis
2609 4654 2679 4708 sit
2707 4652 2997 4725 erditionis
3029 4652 3124 4707 ille
3165 4652 3340 4718 illius;
3371 4652 3466 4705 sed

1892 4769 2007 4808 non
2034 4752 2182 4805 aliud
2211 4750 2307 4803 dat
2342 4748 2392 4801 ei
2427 4746 2689 4807 Servator
2721 4746 2798 4800 rei
2831 4745 3083 4814 signum,
3130 4757 3293 4812 quam
3320 4742 3466 4811 quod

1895 4865 1989 4918 per
2023 4846 2307 4917 Propheta:
2340 4857 2532 4897 vocem
2563 4841 2695 4896 olim
2732 4839 3057 4910 praedictum
3098 4843 3184 4890 est
3228 4853 3241 4888 :
3304 4853 3322 4884 ι
3359 4834 3464 4900 Qui

1895 4941 2092 4997 edebat
2116 4953 2283 5008 panes
2307 4950 2482 4999 meos,
2507 4931 2878 5015 magniﬁcavit
2901 4943 3071 4997 super
3094 4942 3179 4980 me
3200 4927 3470 4995 supplan—

1893 5036 2156 5089 tationem
2182 5033 2249 5086 ⁸⁵.
2286 5051 2304 5083 ι
2354 5028 2649 5082 lntinctam
2687 5024 2890 5094 quippe
2930 5019 3233 5074 buccellam
3275 5017 3466 5082 tradit,

1894 5144 1990 5197 per
2037 5128 2139 5180 line
2185 5121 2310 5179 eum
2356 5122 2658 5177 ostendens
2705 5116 2801 5187 qui
2857 5110 3219 5167 manducaret
3269 5122 3465 5178 panem
3555 5111 3571 5120 '

1892 5218 2034 5289 ejus.
2069 5219 2131 5272 Et
2167 5223 2486 5272 sanctorum
2527 5211 2750 5279 quidem
2787 5202 3188 5273 discipulorum
3223 5198 3465 5252 formidi-

1895 5327 2022 5367 nem
2055 5316 2333 5369 removet,
2368 5304 2465 5361 sed
2499 5304 2580 5358 eis
2617 5303 2671 5354 in
2709 5295 3033 5351 memoriam
3071 5290 3298 5347 adducit
3326 5291 3472 5344 alte—

220 5374 461 5489 ὲξίστησι
488 5417 675 5486 φόϐον,
697 5414 818 5484 ἄγει
976 5374 1091 5477 sit»;
1133 5413 1331 5475 αὐτοὺς
1351 5374 1453 5472 ἐἰς
1483 5374 1775 5480 ἀνάμνησιη

1898 5419 2014 5459 ram
2046 5401 2426 5472 prophetiam,
2461 5412 2584 5465 qum
2620 5395 2697 5447 ait
2731 5409 2744 5445 :
2783 5408 2802 5440 ι
2839 5387 2925 5443 Tu
2962 5374 3092 5443 vero
3129 5388 3297 5441 homo
3331 5398 3472 5438 una-
3574 5411 3581 5416 ε

226 5478 554 5580 προφητείας
606 5478 799 5578 ἑτέρας
848 5503 1271 5577 διαγορευούσης
1321 5502 1437 5557 ὡδί·
1473 5521 1491 5554 ‹
1631 5499 1711 5562 δὲ,
1747 5495 1775 5551 ιῖ

1899 5494 2064 5549 nimis
2090 5491 2201 5545 dux
2246 5505 2434 5551 meus,
2467 5495 2523 5541 et
2555 5491 2720 5537 notus
2747 5495 2906 5535 meus
2936 5478 3031 5550 qui
3063 5478 3228 5535 simul
3257 5487 3470 5530 mecum

224 5569 491 5671 ἄνθρωπε,
519 5569 741 5668 ἰσόψυέε
771 5569 1151 5670 ηγεμιῖλνμου,
1193 5569 1287 5649 καὶ
1325 5593 1555 5662 γνωστέ.
1579 5608 1707 5661 μου,
1732 5590 1775 5654 ὃς

1901 5588 2092 5641 dulces
2120 5583 2377 5653 cupiebas
2405 5580 2557 5634 cibos
2594 5596 2607 5630 :
2652 5576 2707 5628 in
2733 5573 2898 5629 domo
2933 5572 3027 5627 Dei
3062 5569 3472 5625 ambulavtmus

295 5782 335 5813 ⁸³
374 5780 519 5837 Psal.
548 5793 618 5832 ιιι.
641 5819 656 5841 ,
690 5776 777 5830 l0.

546 5837 818 5927 Parum“
860 5863 975 5921 Gn.
1018 5858 1261 5922 LXXIV.
3040 5837 3077 5896 5
