4010 6320
483 300 592 358 155

1485 289 1524 344 S
1571 289 1612 346 C
1627 286 1855 342 YRILLI
1907 283 2381 342 ALEXANDRINI
2405 285 2723 342 ARCIIIEP.

3601 277 3773 343 't36

487 421 592 473 bus
641 421 762 469 tuto
813 419 868 468 et
919 409 1059 466 citra
1115 421 1280 464 eastts
1337 407 1648 478 periculum
1689 419 1813 476 qua:
1866 412 2080 458 natura:

2206 403 2248 454 it’
2279 396 2354 456 ὧν
2385 403 2450 457 ἂν
2481 403 2696 458 δύναιτο
2741 407 2923 474 τυχεῖν
2963 404 3312 475 ἀνεγκλήτως
3366 421 3423 458 τε
3469 402 3566 458 καὶ
3611 404 3773 460 ἀδια-

483 507 689 567 divina:
710 504 935 578 propria
960 511 1094 558 sunt
1118 503 1301 570 eloqui
1330 499 1545 571 possit?
1568 498 1782 552 Idcirco
1803 495 1926 567 ejus
1958 511 2075 550 ser-

487 601 750 656 monibus
783 596 1038 652 subsitlio
1067 609 1211 664 opus
1240 601 1344 660 est,
1392 592 1458 646 ad
1507 590 1838 646 mediocrem
1880 604 2072 644 eorum

485 709 612 764 quae
666 699 906 746 mentem
958 695 1230 758 superant
1287 685 1740 756 explicationem.
1788 679 2076 747 Quomodo

486 789 636 843 enim
673 786 822 840 clare
857 783 1067 855 aliquid
1111 783 1422 852 eloquetur,
1455 777 1604 849 quod
1649 777 1825 846 ipsam
1857 787 2080 844 quoque

488 881 888 952 cogitationem
913 887 1166 932 nostram
1199 871 1454 930 excedit?
1482 869 1715 940 Oportet
1743 868 1913 939 igitur
1951 883 2078 930 nos,

492 971 791 1028 verborum
840 970 1212 1024 humanorum
1255 961 1514 1019 crassitie
1546 959 1970 1029 velutexentplo
2016 974 2081 1014 ac

494 1075 623 1138 typo
657 1063 1082 1134 conceptionum
1139 1055 1339 1114 mentis
1377 1061 1662 1126 suscepta,
1693 1051 1762 1108 ad
1803 1053 1929 1108 illas
1964 1051 2084 1106 dei-

495 1159 625 1214 tatis
658 1155 1052 1228 proprietates,
1085 1149 1267 1222 quoad
1305 1149 1358 1202 in
1395 1147 1560 1202 nobis
1609 1153 1717 1208 est,
1755 1143 2078 1214 procedere.

493 1249 840 1306 Gravissime
863 1247 1051 1315 itaque
1085 1243 1230 1298 Deus
1257 1248 1560 1312 peccantes
1586 1239 1792 1309 arguit,
1814 1252 1880 1291 ac
1910 1237 2082 1292 vehe-

499 1341 666 1396 menti
718 1339 845 1393 mali
893 1337 1024 1392 odio
1078 1343 1336 1390 movetur
1377 1334 1431 1386 in
1503 1346 1600 1386 eos
1657 1344 1797 1398 quos
1847 1330 1916 1383 ab
1965 1328 2086 1398 ipso

499 1413 770 1486 damnari
799 1427 1130 1500 contigerit,
1170 1426 1305 1480 licet
1365 1425 1494 1494 plus
1533 1436 1700 1492 quam
1762 1420 1875 1476 dici
1923 1427 2089 1490 queat

500 1523 744 1575 clemens
795 1520 866 1573 sit
917 1533 981 1572 ac
1022 1518 1272 1572 tolerans
1321 1516 1618 1570 malorum.
1656 1511 1889 1580 Quando
1921 1513 2090 1578 igitur

500 1613 686 1668 divina
709 1612 1002 1682 Scriptura
1039 1615 1251 1662 motum
1287 1607 1430 1675 ejus.
1465 1615 1528 1660 ut
1558 1606 1632 1659 ita
1673 1605 1875 1670 dicam,
1918 1605 2092 1674 signi-

509 1707 675 1760 ﬁcare
741 1705 858 1756 vult
917 1701 1190 1756 adversus
1251 1699 1471 1771 impios.
1517 1712 1718 1752 rursus
1779 1697 1988 1752 nostris
2038 1703 2092 1751 ct

2179 496 2408 561 πτὼτως
2437 497 2614 550 εἰπεῖν
2651 497 2718 551 τά
2753 499 2852 568 τῆς
2887 496 3038 560 θείας
3067 514 3126 551 τε
3157 497 3254 551 καὶ
3275 497 3517 569 ἀρρήτου
3551 495 3774 566 φύσεως

2181 588 2288 642 [δια
2309 605 2324 653 ;
2348 587 2448 642 Διά
2468 588 2628 642 τοῦτο
2655 591 2765 652 τοῖς
2799 589 2925 642 καθ’
2955 589 3155 659 ἑαυτὴν
3193 587 3547 659 ὑπηρετεῖται
3587 587 3776 656 λόγοις

2180 679 2318 751 πρὸς
2347 677 2577 750 μετρίαν
2605 678 2866 750 ἐξήγησιν
2896 677 3004 732 τῶν
3043 678 3185 752 ὑπὲρ
3237 676 3383 732 νοῦν.
3419 677 3542 741 Πῶς
3571 676 3681 746 γὰρ
3701 675 3776 732 ἄν

2180 788 2234 824 τι
2263 771 2358 824 καὶ
2385 771 2588 842 φράσαι
2618 773 2827 842 σαφῶς,
2851 771 2879 826 ὃ
2908 772 3002 826 καὶ
3023 771 3194 844 αὑτὴν
3225 773 3256 842 ἡ
3267 769 3382 840 μῶν
3413 767 3776 841 ὑπερανίσχει

2181 868 2280 936 τὴν
2320 866 2564 930 ἔννοιαν;
2597 868 2692 920 Δεῖ
2715 863 3004 935 τοιγαροῦν
3035 865 3207 934 ἡμᾶς,
3247 861 3500 932 καθάπερ
3525 860 3649 915 τινὰ
3677 859 3778 915 τύ-

2185 977 2286 1015 πον
2317 959 2426 1013 τῶν
2459 961 2749 1032 νοημάτων
2787 959 2885 1029 τὴν
2935 957 3043 1011 τῶν
3093 955 3450 1028 ἀνθρωπίνων
3507 952 3778 1026 ῥημάτων

2186 1053 2476 1126 παχύτητα
2509 1053 2855 1124 δεχομένους,
2883 1053 2970 1106 ἐπ’
2999 1051 3138 1106 αὑτά
3175 1047 3468 1122 πειρᾶσθαι
3509 1043 3776 1119 βαδίζειν,

2185 1147 2332 1202 κατά
2364 1164 2428 1213 γε
2469 1147 2561 1201 τὸν
2591 1145 2936 1218 ἐγχωροῦντα
2979 1144 3203 1216 τρόπον,
3236 1143 3310 1198 τὰ
3366 1141 3468 1210 τῆς
3519 1141 3779 1213 θεότητος

2189 1237 2316 1292 ἴδια.
2355 1236 2538 1290 Δεινδν
2591 1235 2882 1308 τοιγαροῦν
2941 1230 3018 1298 είς
3068 1233 3323 1307 ἐλέγχους
3363 1231 3424 1286 τδ
3453 1230 3628 1298 Θεῖον,
3675 1231 3781 1285 καὶ

2188 1330 2414 1402 ἀκράτῳ
2453 1327 2818 1400 μισοπονηρίᾳ
2867 1325 3207 1397 κινούμενον,
3253 1324 3378 1380 καθ’
3411 1318 3486 1378 ὧν
3520 1323 3587 1379 ἀν
3616 1323 3780 1378 τοῦτο

2189 1423 2445 1492 γενέσθαι
2479 1422 2680 1494 πρέποι
2709 1422 2874 1492 diﬁc.an
2927 1423 2994 1490 τῇ
3043 1419 3174 1490 παρ’
3196 1416 3389 1480 αὐτού,
3413 1418 3462 1470 εί
3499 1415 3594 1470 καὶ
3633 1415 3780 1488 ὑπὲρ

2191 1515 2347 1583 λόγον
2378 1515 2710 1579 ἀνεξικακεῖ.
2744 1513 2916 1566 ’ὐταν
2948 1507 3042 1565 οὖν
3069 1513 3101 1581 ἡ
3131 1509 3251 1563 θεία
3292 1508 3480 1579 Γραφὴ
3529 1523 3778 1578 καταση-

2195 1608 2362 1679 μῆναι
2396 1605 2650 1674 βούληται
2674 1605 2736 1657 τὸ
2768 1603 2908 1658 κατὰ
2929 1604 3040 1657 τῶν
3070 1603 3476 1658 δυσσεϐούντων
3498 1601 3663 1656 οἱονεὶ
3695 1601 3782 1656 κί-

2196 1715 2364 1767 νημα,
2391 1695 2550 1750 πάλιν
2574 1697 2638 1748 ὲκ
2670 1695 2778 1749 τῶν
2809 1695 2930 1748 καθ’
2955 1695 3104 1765 ἡμᾶς
3135 1693 3514 1764 λαμϐάνουσα,
3549 1695 3782 1760 καὶτοῖς

502 1797 760 1852 humanis
795 1805 960 1850 utens
1000 1793 1312 1858 vocabulis,
1354 1792 1494 1846 iram
1529 1799 1584 1845 et
1621 1789 1864 1846 furorem
1901 1790 2090 1860 appel-

2206 1789 2558 1860 Ξινθρωπίνοις
2592 1787 3024 1859 ἀποχρησαμένη
3057 1786 3318 1856 ῥήμασιν,
3364 1785 3532 1856 ὀργὴν
3575 1786 3780 1858 ὀνομά-

505 1891 602 1950 lat,
640 1887 900 1958 quamvis
931 1887 986 1941 in
1023 1885 1268 1941 divinam
1304 1882 1678 1938 substantiam
1717 1881 1869 1936 nulla
1897 1881 2092 1936 istius“-

506 1979 656 2033 modi
694 1977 1035 2048 perturbatio
1086 1975 1270 2040 cadat,
1300 1973 1395 2028 sed
1460 1970 1842 2040 indignatione
1880 1979 2093 2024 tantum

447 2119 454 2126 .
508 2080 815 2135 moveatur,
849 2085 963 2138 quo
1003 2059 1166 2122 modo
1203 2065 1380 2130 novit,
1414 2073 1472 2120 et
1503 2080 1531 2117 a
1575 2072 1772 2118 natura
1809 2078 1910 2118 sua
1939 2078 2093 2118 com-

509 2169 698 2233 parata
736 2169 822 2216 est
849 2179 861 2216 :
888 2175 1092 2214 arcana
1119 2160 1323 2230 quippe
1368 2164 1424 2212 et
1455 2156 1674 2210 occulta
1702 2163 1832 2210 sunt
1861 2171 2096 2226 prorsus

507 2268 632 2324 qua:
657 2251 724 2307 de
757 2251 890 2315 Deo,
917 2250 1012 2306 sed
1037 2266 1106 2305 ex
1129 2251 1342 2304 nostris
1369 2249 1639 2312 moribus,
1671 2255 1732 2300 ut
1765 2248 1926 2302 modo
1948 2247 2096 2301 dixi-

511 2361 660 2412 ntus,
709 2343 1000 2414 Scriptura
1063 2343 1252 2398 divina
1313 2342 1456 2397 solet
1502 2341 1782 2410 explicare
1823 2356 1946 2411 qua:
1996 2355 2098 2397 nos

509 2435 808 2490 excedunt.
849 2434 1156 2489 Turbatum
1213 2433 1382 2502 igitur
1419 2433 1620 2502 spiritu
1658 2431 1941 2489 Christum
1991 2433 2100 2487 hoc

513 2529 638 2582 loco
697 2528 895 2583 beatus
941 2525 1282 2596 evangelista
1337 2531 1606 2590 testatur,
1650 2535 1861 2580 motum
1901 2540 2101 2594 nempe

513 2621 646 2684 odii,
673 2635 782 2690 quo
806 2619 1038 2689 spiritus
1065 2617 1185 2686 ejus
1221 2617 1424 2670 malum
1458 2615 1844 2680 aversabatur,
1871 2625 2100 2684 pertur-

515 2714 792 2769 bationem
825 2727 1034 2768 vocans
1061 2727 1076 2766 :
1106 2725 1212 2766 nec
1243 2709 1391 2764 enim
1422 2708 1587 2764 aliter
1627 2707 1776 2764 istud
1804 2707 1957 2762 eli‘ari
2000 2723 2102 2778 po-

517 2814 678 2861 terat.
714 2805 998 2860 Credibile
1045 2813 1232 2858 autem
1272 2810 1361 2858 est
1407 2801 1578 2856 etiam
1621 2815 1868 2865 carnem,
1897 2799 2101 2853 divini-

517 2899 648 2953 tatis
715 2899 1014 2952 motionem
1082 2896 1314 2949 minime
1380 2893 1785 2956 sustinentem,
1847 2891 2104 2944 nonnihil

517 2991 902 3052 exhorruisse,
955 2995 1008 3042 ct
1063 2984 1502 3056 perturbationis
1555 2982 1797 3052 speciem
1855 2979 2102 3046 dedisse,

520 3093 687 3152 atque
753 3080 850 3136 ira:
914 3083 1138 3148 signum
1217 3077 1567 3142 ostendisse,
1631 3071 2102 3145 quemadmodum

522 3189 717 3243 nempe
763 3183 819 3228 et
859 3172 927 3226 de
960 3171 1171 3225 Lazaro
1220 3170 1490 3238 scriptum
1533 3176 1640 3229 est,
1675 3165 1862 3221 Jesum
1895 3181 2018 3221 cum
2051 3166 2104 3218 in

523 3267 710 3336 scipso
735 3259 1122 3320 inl‘remnisset
1155 3263 1210 3317 in
1245 3269 1668 3316 monumentum
1700 3261 2007 3329 ingressum
2037 3257 2104 3312 “.

527 3360 682 3414 Sicut
721 3357 868 3413 enim
916 3355 1032 3410 illic
1077 3371 1272 3426 graves
1335 3356 1514 3410 minas
1563 3355 1830 3408 adversus
1877 3361 2109 3406 mortem

529 3449 804 3504 fremitum
845 3446 1167 3516 appellavit,
1208 3445 1286 3498 ita
1311 3445 1401 3499 hic
1451 3451 1664 3498 motum
1697 3443 1964 3497 adversus
2004 3441 2110 3493 im~

529 3541 676 3609 pium
727 3536 1068 3608 proditorem
1135 3533 1476 3589 turbationis
1529 3533 1754 3586 nomine
1807 3531 2110 3584 denotavit.

529 3629 807 3684 Turbatus
843 3637 925 3684 est
957 3636 1142 3682 autem
1185 3629 1314 3696 jure
1349 3625 1570 3688 tnerito,
1609 3623 1934 3693 indignatus
1962 3619 2116 3680 Judte

531 3723 971 3793 perversitatem.
1015 3717 1160 3786 Quid
1207 3719 1356 3774 enim
1408 3717 1562 3772 illius
1601 3715 1890 3786 impietate
1935 3716 2116 3782 majus

528 3817 636 3876 dici
680 3825 882 3886 potest.
913 3814 1012 3883 qui
1046 3827 1154 3865 una
1182 3825 1308 3866 cum
1341 3810 1466 3864 aliis
1498 3806 1790 3878 discipulis
1826 3806 2117 3860 immensis

533 3909 764 3964 allectus
793 3905 1122 3967 honoribus,
1145 3897 1200 3956 et
1229 3901 1377 3954 inter
1415 3901 1624 3954 electos
1657 3899 1965 3953 collocatus
1999 3901 2118 3952 exi-

535 4013 640 4068 gua
673 3996 963 4068 pecuniola
994 3993 1350 4048 dilectionem
1381 4005 1512 4060 erga
1545 3989 1832 4044 Christum
1869 4005 2116 4046 commu-

537 4090 692 4154 tavit,
722 4099 777 4142 et
808 4088 900 4158 qui
944 4085 1076 4140 dum
1121 4098 1320 4156 panem
1369 4085 1490 4153 ejus
1523 4081 1910 4149 manducaret,
1937 4084 2120 4137 calca-

538 4195 698 4236 t.etnn
739 4181 794 4233 itt
841 4195 966 4234 eum
1005 4177 1226 4242 levavit,
1255 4190 1364 4231 non
1403 4175 1694 4239 honorem,
1718 4191 1828 4230 non
1864 4175 2117 4244 gloriam,

539 4287 646 4327 non
681 4270 996 4324 dilectionis
1025 4269 1218 4338 legem,
1253 4283 1364 4322 non
1395 4267 1641 4322 debitum
1701 4268 1750 4322 ei
1791 4275 1978 4336 utpote
2010 4267 2121 4320 Deo

538 4365 776 4427 cultum,
825 4377 932 4414 non
967 4360 1190 4430 quidvis
1223 4360 1368 4414 aliud
1403 4359 1722 4428 hujusmodi
1755 4359 1898 4429 apud
1937 4374 1998 4413 se
2035 4374 2118 4412 re-

541 4467 766 4526 putans,
807 4453 901 4508 sed
954 4453 1019 4506 ad
1066 4451 1383 4506 Iudaeorum
1431 4451 1808 4508 exsecrabiles
1860 4451 2121 4507 denarios

543 4553 811 4602 ttitutaxat
872 4543 1034 4615 735
1088 4545 1430 4613 respiciens,
1481 4551 1538 4599 et
1597 4545 1814 4614 exiguis
1879 4545 2124 4602 nummis

546 4653 702 4694 suam
733 4635 977 4692 vendens
1013 4635 1280 4698 animam,
1313 4637 1776 4705 innocentemque
1809 4650 1871 4689 ac
1909 4636 2124 4706 justum

546 4727 866 4798 sanguinem
907 4725 1316 4780 homicidarum
1385 4724 1644 4779 manilius
1698 4723 1941 4780 tradens.
1991 4724 2121 4780 Gra-

547 4834 768 4874 ussuua
791 4820 975 4888 itaque
1003 4832 1103 4870 cur
1133 4817 1390 4871 turbatus
1417 4817 1490 4872 sit
1526 4833 1696 4872 causa
1729 4826 1832 4872 est.
1864 4814 2128 4886 Sequitur

549 4923 731 4973 autem
759 4915 902 4968 acris
933 4912 1316 4982 reprehensio,
1359 4911 1428 4966 ad
1467 4913 1632 4966 unius
1671 4912 1892 4980 quidem
1923 4928 1954 4967 e
1985 4913 2125 4966 duo-

546 5005 726 5060 decim
760 5019 1049 5075 personam
1086 5003 1425 5073 singularem
1460 5003 1764 5074 pertinens,
1801 5003 1896 5058 sed
1946 5011 2127 5058 tamen

549 5097 674 5152 aliis
740 5107 944 5151 metunt
1016 5095 1400 5150 vehementem
1470 5095 1762 5165 llljiCit'llS,
1819 5105 1872 5149 et
1925 5096 2130 5165 cuique

547 5189 707 5256 quasi
748 5189 1073 5259 praecipiens
1092 5195 1152 5242 ut
1179 5203 1294 5243 suae
1335 5188 1532 5243 anima:
1557 5189 1836 5250 consulat,
1885 5204 1952 5243 ne
1992 5189 2132 5244 forte

554 5295 648 5348 per
706 5279 974 5344 desidiam
1035 5287 1148 5334 tam
1214 5279 1433 5335 infestis
1499 5281 1717 5348 laqueis
1781 5281 2128 5346 involvatur,

551 5376 607 5423 et
646 5369 969 5426 acerbitatis
1021 5369 1314 5424 diabolica:
1358 5371 1540 5439 praeda
1575 5370 1692 5425 fiat.
1745 5369 1910 5425 Utilis
1965 5373 2134 5443 igitur

551 5470 638 5516 est
681 5463 1175 5531 reprehensionum
1211 5463 1297 5517 vis
1335 5472 1391 5518 et
1425 5464 1590 5529 ratio,
1619 5479 1785 5533 quam
1839 5464 1997 5518 nilnli
2057 5464 2135 5518 la-

553 5550 708 5606 ciens
755 5551 1058 5622 proditoris
1098 5553 1337 5620 animus,
1371 5554 1424 5610 in
1476 5557 1758 5628 proposito
1805 5572 1910 5612 suo
1958 5558 2130 5613 luere-

624 5727 672 5764 ⁸⁸
707 5727 866 5788 Joan.
903 5746 988 5796 χι,
1023 5731 1111 5786 58.

2193 1883 2276 1947 ζει
2300 1881 2392 1934 καὶ
2422 1880 2613 1951 θυμὸν,
2642 1879 2819 1932 καίτοι
2847 1879 2948 1948 τῆς
2981 1877 3130 1940 θείας
3157 1877 3348 1942 οὐσίας
3376 1879 3496 1932 καθ’
3526 1879 3782 1950 ὁμοιότη-

2192 1996 2262 2032 τα
2320 1977 2416 2048 τὴν
2477 1975 2636 2047 ἡμῶν
2687 1975 2796 2028 τῶν
2853 1973 3110 2028 τοιούτων
3165 1973 3352 2028 παθῶν
3403 1975 3784 2044 ὑπομενούσης

2194 2073 2365 2134 οὐδὲν,
2400 2071 2729 2141 κινουμένης
2760 2067 2817 2122 δὲ
2845 2068 3004 2139 μόνον
3041 2069 3122 2132 εἰς
3153 2069 3546 2138 ἀγανάκτησιν,
3569 2067 3648 2132 ὡς
3672 2063 3784 2122 οἶδέ

2194 2183 2254 2218 τε
2305 2164 2398 2218 καὶ
2446 2163 2690 2230 πέφυκεν
2720 2160 2880 2230 αὑτή-
2930 2160 3212 2223 παντελῶς
3254 2163 3364 2231 γάρ
3393 2161 3683 2232 ἀπόρρητα
3715 2159 3785 2214 τὰ

2197 2257 2328 2328 περὶ
2375 2255 2545 2308 Θεοῦο
2576 2254 2684 2307 ἀπὸ
2736 2254 2795 2307 δὲ
2843 2253 2952 2307 τῶν
3002 2253 3286 2324 ἡμετέρων
3323 2252 3482 2316 ἐθῶν,
3525 2253 3786 2324 καθάπερ

2198 2348 2402 2420 ἀρτίως
2441 2348 2763 2418 εἰρήκαμεν,
2808 2346 2876 2398 τὰ
2903 2345 3043 2416 ὑπὲρ
3085 2346 3234 2416 ἡμᾶς
3257 2345 3636 2414 καταγράφειν
3664 2345 3786 2410 ἔθος

2198 2444 2263 2513 τῇ
2299 2441 2420 2511 θείᾳ.
2443 2440 2657 2510 Γραφῇ.
2685 2437 3034 2508 Τεταράχθαι
3069 2435 3357 2508 τοιγαροῦν
3401 2437 3633 2492 κάνθάδε
3678 2454 3788 2506 φη..

2203 2533 2287 2586 civ
2321 2535 2349 2586 ό
2380 2531 2664 2601 θεσπέσιος
2699 2529 3091 2600 εὑαγγελιστὴς
3119 2530 3209 2582 τὸν
3241 2529 3480 2601 Χριστὸν
3508 2528 3588 2600 τῷ
3623 2530 3791 2583 πνεύφ

2207 2641 2357 2694 ματι,
2387 2623 2448 2676 τὸ
2488 2623 2784 2693 μισόκακον
2813 2619 2910 2674 τοῦ
2944 2619 3254 2689 πνεύματος
3291 2619 3500 2690 κίνημα
3539 2619 3792 2691 ταραχὴν

2200 2715 2494 2784 ὀνόμασας’
2556 2713 2614 2766 οὑ
2673 2713 2780 2786 γὰρ
2829 2708 2918 2784 ἦν,
2971 2713 3048 2776 ὡς
3095 2711 3292 2776 ἔοικεν,
3348 2712 3550 2784 ἑτέρως
3586 2715 3790 2768 εἰπεῖν.

2203 2807 2364 2870 Εἰκὸς
2397 2807 2453 2860 δὲ
2489 2807 2660 2877 δήπου
2717 2807 2810 2860 καὶ
2857 2805 2958 2876 τὴν
2998 2806 3098 2875 τῆς
3127 2805 3382 2876 θεότητος
3419 2805 3636 2876 κίνησιν
3689 2806 3794 2860 οὑκ

2205 2901 2536 2968 ὲνέγκουσαν
2575 2897 2675 2969 τὴν
2707 2897 2888 2968 σάρκα
2929 2897 3113 2969 ’βραχύ
3140 2915 3194 2950 τι
3223 2897 3315 2950 καὶ
3351 2898 3668 2969 ὑποφρίξαι,
3698 2901 3796 2956 καὶ

2207 2990 2437 3062 θορύϐου
2471 2989 2657 3061 σχῆμα
2683 2989 2896 3051 παθεῖν,
2919 2991 3016 3044 καὶ
3042 2993 3266 3060 σημεῖον
3297 2990 3470 3060 ὀργῆς
3499 2991 3794 3056 ἐπιδεῖξαι,

2209 3083 2462 3155 καθάπερ
2490 3079 2582 3138 οὖν
2610 3083 2803 3154 ἀμέλει
2835 3083 2931 3136 καὶ
2961 3083 3052 3135 ἐπὶ
3079 3082 3316 3154 Λαζάρῳ
3344 3083 3676 3152 γέγραπται,
3709 3083 3796 3136 ὅτι

2209 3173 2634 3246 ἐμϐριμώμενος
2683 3174 2864 3244 ἑαυτῷ
2925 3175 2954 3226 ὁ
3011 3171 3218 3242 Ἰησοῦς
3271 3174 3352 3235 είς
3411 3171 3472 3224 τὸ
3529 3173 3797 3242 μνημεῖον

2211 3265 2538 3332 ὲνεϐάδιζεν.
2571 3267 2780 3336 Ὃνπερ
2807 3265 2916 3334 γὰρ
2947 3264 3149 3335 τρόπον
3177 3265 3234 3316 ἐν
3259 3265 3489 3329 ἐκείνοις
3519 3265 3619 3336 τὴν
3651 3264 3797 3318 κατὰ

2210 3354 2304 3409 τοῦ
2330 3355 2558 3409 θανάτου
2581 3355 2831 3426 δριμεῖαν
2862 3355 3088 3424 ἀπειλὴν
3117 3353 3454 3425 ἐμϐρίμησιν
3481 3356 3606 3426 ἔφη,
3653 3356 3799 3408 οὕτω

2213 3447 2444 3502 κάνθάδε
2504 3447 2566 3500 τὸ
2607 3446 2750 3500 κατά
2795 3446 2890 3500 τοῦ
2933 3447 3228 3512 δυσσεϐοῦς
3287 3449 3548 3520 προδότου
3587 3448 3800 3520 κίνημα

2214 3538 2294 3609 τῷ
2329 3539 2428 3609 τῆς
2455 3539 2706 3610 ταραχῆς
2743 3537 2969 3606 ὀνόματι
3017 3539 3440 3608 κατεσήμαινεν.
3487 3540 3799 3610 Ἐταράχθη

2215 3630 2271 3682 δὲ
2298 3629 2544 3693 εἰκότως,
2573 3629 2666 3680 ἐπὶ
2692 3631 2814 3691 ταῖς
2855 3627 3025 3682 Ἰούδα
3063 3628 3418 3700 δυστροπίαις
3450 3633 3798 3698 ἀγανακτῶν.

2216 3721 2281 3772 Τί
2321 3721 2429 3790 γὰρ
2461 3712 2764 3788 ἀν’γένοιτο
2792 3721 2893 3790 τῆς
2917 3720 3128 3772 ἐκείνου
3149 3721 3464 3785 δυσσεϐείας
3497 3721 3558 3774 τὸ
3579 3723 3801 3778 ἐπέκει-

2216 3831 2303 3880 να,
2329 3815 2427 3868 ὅσα
2457 3831 2520 3880 γε
2541 3817 2654 3875 τοῖς
2687 3812 2870 3877 ἄλλοις
2899 3814 2956 3864 ἐν
2993 3815 3094 3884 ἴσῳ
3127 3813 3396 3884 μαθηταῖς
3435 3816 3802 3885 τετιμημένος

2217 3923 2276 3960 τε
2303 3905 2617 3976 ὑπερφυῶς,
2645 3906 2740 3958 καὶ
2776 3905 2832 3957 ὲν
2875 3907 2986 3968 τοῖς
3025 3905 3342 3969 ἀπολέκτοις
3384 3911 3803 3978 κατατεταγμέ-

2219 4013 2328 4060 νος,
2393 3997 2558 4069 ὀλίγῳ
2615 3998 2862 4069 ἀργυρίῳ
2913 3983 3206 4062 ’παντελῶς
3273 3999 3372 4069 τὴν
3425 4001 3506 4062 είς
3569 4000 3804 4072 Χριστὸν

2221 4089 2442 4158 ἀγάπην
2468 4089 2758 4158 ἠλλάξατο,
2792 4091 2888 4144 καὶ
2923 4091 3120 4144 ἐσθίων
3161 4089 3250 4144 τὸν
3285 4089 3448 4162 ἄρτον
3497 4091 3662 4144 αὑτοῦ
3706 4093 3804 4164 τὴν

2223 4181 2462 4252 πτέρναν
2495 4183 2721 4254 ἐπῆρεν,
2757 4183 2819 4236 οὑ
2841 4184 3028 4256 τιμὴν.
3065 4185 3126 4238 οὑ
3157 4183 3335 4250 δόξαν,
3361 4185 3423 4238 οὑ
3453 4185 3552 4250 τῆς
3580 4185 3806 4254 ἀγάπης

2223 4274 2312 4328 τὸν
2347 4274 2528 4344 νόμον,
2571 4275 2632 4328 οὑ
2665 4275 2726 4327 τὺ
2762 4275 3208 4346 χρεωστούμενον
3235 4275 3311 4340 ὡς
3345 4275 3463 4346 Θεῷ
3497 4275 3678 4341 σέϐας.
3707 4278 3806 4348 οὑχ

2224 4366 2408 4436 ἕτερόν
2449 4383 2502 4418 τι
2535 4365 2642 4418 τῶν
2677 4369 2757 4430 εἰς
2781 4365 2944 4419 αὑτὸν
2987 4365 3292 4436 γενομένων
3321 4367 3802 4436 ὑπολογισάμενος,

2157 4491 2198 4543 D
2227 4460 2307 4522 εἰς
2337 4458 2470 4526 μόνα
2500 4457 2555 4510 δὲ
2586 4457 2798 4527 βλέπων
2836 4459 2904 4511 τὰ
2941 4459 3091 4528 παρά
3129 4457 3240 4511 τῶν
3277 4457 3545 4511 Ἰουδαίων
3586 4457 3806 4528 μυσαρὰ

2227 4548 2475 4619 δηνάρια,
2507 4549 2601 4601 καὶ
2631 4546 2826 4615 ὀλίγων
2869 4547 3147 4619 ἀργυρίων
3201 4547 3394 4618 κομιδῇ
3455 4548 3556 4616 τὴν
3611 4546 3805 4604 ἑαυτοῦ

2225 4641 2484 4709 πωλήσας
2510 4637 2707 4709 ψυχὴν,
2741 4641 2836 4691 καὶ
2865 4638 2926 4692 τὸ
2959 4638 3136 4710 aequa;
3177 4656 3235 4691 τε
3280 4640 3374 4692 καὶ
3404 4638 3611 4692 δίκαιον
3645 4633 3805 4708 αἷμα,

2224 4733 2344 4794 ταῖς
2381 4730 2491 4783 τῶν
2537 4729 2942 4802 μιαιφονὼντων
2976 4731 3164 4800 χερσὶν
3193 4732 3661 4802 ἐγχειρισάμενος.
3704 4731 3808 4784 Εὑ-

2226 4821 2510 4892 λογωτάτη
2548 4821 2834 4893 τοιγαροῦν
2892 4823 2925 4893 ἡ
2983 4821 3075 4875 τοὺ
3124 4821 3454 4894 τεταράχθαι
3514 4822 3804 4892 πρόφασις.

2241 4913 2629 4966 Ἐπακοὶουθεῖ
2683 4913 2738 4966 δὲ
2789 4913 2988 4984 δριμὺς
3036 4915 3064 4966 ό
3106 4914 3345 4983 ἔλεγχος,
3394 4911 3538 4966 οὕτω
3595 4915 3694 4983 μὲν
3732 4916 3810 4976 εἰς

2226 5007 2517 5077 πρόσωπον
2555 5005 2739 5068 ίδικῶς
2778 5005 2838 5058 τὸ
2881 5005 2998 5069 ἐνὸς
3027 5006 3136 5057 τῶν
3165 5005 3394 5077 δώδεκα,
3429 5005 3718 5077 περιιστάς
3748 5023 3810 5074 γε

2231 5100 2338 5169 μὴν
2366 5100 2446 5161 εἰς
2476 5097 2670 5168 μόνους
2718 5097 2915 5160 αὑτοὺς
2945 5097 3005 5150 τὸ
3041 5096 3183 5150 οὕτω
3217 5096 3654 5166 φρικωδέστατον
3679 5116 3812 5152 κατ-

2229 5191 2506 5262 ηγόρημα,
2535 5189 2631 5242 καὶ
2661 5189 2946 5259 μονονουχὶ
2986 5189 3432 5258 παρεγγυόμενος
3454 5188 3562 5242 τῶν
3597 5192 3812 5262 ἀκροω-

2234 5282 2412 5352 μένων
2439 5283 2652 5352 ἑκάστῳ
2681 5281 2777 5350 τὴν
2807 5279 2940 5332 ἰδίαν
2969 5280 3202 5350 φυλάξαι
3231 5280 3430 5351 ψυχὴν,
3463 5283 3538 5352 μὴ
3564 5283 3672 5351 ἄρα
3699 5299 3812 5345 πως

2233 5375 2296 5427 ἐκ
2325 5375 2599 5446 ῥᾳθυμίας
2631 5376 2743 5436 τοῖς
2762 5373 2904 5425 οὓτω
2931 5374 3118 5436 δεινοῖς
3148 5373 3423 5442 ἀλώσηται
3457 5375 3695 5445 βρόχοις,
3723 5375 3813 5427 καὶ

2233 5467 2330 5536 τῆς
2384 5465 2477 5518 τοῦ
2535 5463 2783 5518 διαϐόλου
2831 5465 3054 5534 πικρίας
3107 5464 3278 5533 γλυκὺ
3320 5469 3534 5534 γένοιτο
3566 5467 3809 5538 θήραμα.

2243 5557 2561 5628 Ἐπωφελὴς
2591 5552 2682 5608 οὖν
2715 5555 2822 5628 ἄρα
2844 5557 2952 5608 τῶν
2987 5557 3221 5627 ἐλέγχων
3253 5559 3282 5628 ἡ
3325 5557 3570 5628 δύναμις,
3596 5558 3660 5630 ἣν
3688 5555 3813 5618 παρ’
