4010 6320
191 357 295 423 l3?

1257 353 1322 408 IN
1357 350 1647 408 JOANNIS
1670 346 2119 404 EVANGELIUM
2159 343 2288 399 LIB.
2327 341 2415 395 LX.

3342 328 3446 389 138

184 473 339 530 οὐδὲν
391 472 761 544 ποιησάμενος
816 469 910 524 τοῦ
961 468 1251 541 προδόντος
1300 471 1328 523 6
1370 466 1512 532 νοῦς,
1556 466 1664 519 τῶν
1693 464 1765 517 0t-

1881 463 1984 516 bat.
2012 459 2202 529 Magna
2238 459 2423 526 itaque
2453 468 2576 509 cum
2611 450 2861 521 emphasi
2889 449 3154 505 Christus
3189 466 3203 502 :
3240 466 3259 499 ι
3294 446 3446 503 Unus

186 567 348 619 κείων
378 565 560 633 εἴχετο
588 563 1040 634 σπουδασμάτων.
1071 557 1559 631 Ἐμφαντικὼτατα
1587 556 1765 610 τοίνυν

183 658 214 709 6
243 655 476 725 Χριστὸς
497 654 578 720 τὸ,
614 672 632 704 t
665 650 760 716 Εἷς
789 653 849 720 ἐξ
869 650 1024 723 ὑμῶν
1052 648 1364 722 παραδώσει
1395 665 1486 719 με,
1526 666 1544 697 ι
1579 645 1761 715 φησίν.

187 747 261 801 Ἠ
283 746 399 817 γὰρ
426 744 530 815 τῆς
571 744 666 799 τοῦ
710 743 1018 814 τολμῶντος
1059 739 1384 813 ἀχαριστίας
1440 739 1527 827 διὰ
1574 736 1764 791 τούτου

192 839 503 908 κατηγορεῖ,
527 836 561 907 ἢ
584 837 682 907 τῆς
701 835 797 890 τοῦ
822 835 1066 889 διαϐόλου
1089 832 1287 896 κακίας
1315 830 1551 885 δεικνύει
1582 829 1645 882 τδ
1672 828 1767 897 μέ-

197 925 366 994 γεθος,
399 926 478 988 ὡς
523 924 777 978 τοσοῦτον
829 922 1169 993 δυνηθείσης,
1199 921 1276 984 ὡς
1319 920 1414 975 καὶ
1459 917 1640 973 αὐτῶν
1668 918 1767 971 ’ἑνα

185 1017 294 1070 τῶν
333 1016 650 1070 ἀποστόλων
685 1015 953 1085 ἁρπάσαι.
1730 1024 1737 1033 “

260 1113 564 1166 Ἕϐλεπον
583 1106 699 1165 οὖν
720 1112 807 1175 είς
828 1108 1143 1175 ἀλλήλους
1175 1110 1229 1162 ot
1252 1105 1533 1177 μαθηταί,
1563 1104 1768 1159 διαπο-

179 1202 466 1271 ρούμενοι
497 1200 629 1269 περὶ
668 1201 829 1266 τίνος
850 1201 1037 1269 λέγει.

259 1292 567 1365 Ἐκπληξίς
593 1310 653 1344 τε
682 1291 817 1362 ὁμοῦ
860 1291 953 1344 καὶ
978 1291 1098 1355 δέος
1123 1289 1395 1363 εἰστρέχει
1424 1289 1551 1352 τοὺς
1593 1286 1767 1359 μαθη-

183 1383 303 1447 τὰς,
334 1384 432 1437 καὶ
458 1383 708 1454 ἀλληλοις
750 1381 1002 1453 ἐνορῶσι,
1040 1381 1262 1435 διπλοῦν
1302 1382 1366 1434 ὲκ
1404 1380 1513 1432 τῶν
1543 1377 1770 1451 εἰρημέ-

184 1492 293 1529 νων
323 1475 605 1539 ὠδίνοντες
641 1474 894 1545 θόρυϐον.
923 1474 1196 1536 Ἕκαστος
1227 1472 1325 1543 μὲν
1357 1469 1489 1541 γὰρ,
1527 1469 1665 1521 κατὰ
1708 1468 1769 1520 τὸ

183 1567 352 1632 εἰκὸς,
380 1567 482 1636 τῆς
509 1567 647 1630 ἰδίας
674 1566 1026 1639 ύπερτρέχων
1052 1565 1251 1636 ψυχῆς,
1279 1563 1379 1616 οὐκ
1407 1564 1464 1614 ὲν
1482 1561 1648 1631 ὀλίγῳ
1675 1559 1767 1629 γέ-

183 1675 307 1727 γονε
330 1658 571 1730 δείματι,
601 1658 738 1712 ἀλλὰ
760 1660 854 1712 καὶ
885 1659 984 1729 τῆς
1002 1658 1080 1721 είς
1106 1656 1169 1711 τὺ
1196 1653 1371 1709 κοινὸν
1394 1652 1607 1725 ὁρώσης
1630 1651 1767 1705 ὐπο-

183 1750 401 1820 λήψεως
430 1751 611 1823 χάριν,
640 1752 741 1804 οὐκ
766 1751 1024 1805 ἐλάττονα
1047 1750 1146 1821 τῆς
1178 1748 1342 1819 ἑτέρα

186 1844 451 1914 ἐδέχοντο.
493 1845 614 1900 ’Ὁτι
673 1845 771 1916 μὲν
827 1845 937 1917 γὰρ
991 1843 1188 1914 ἀληθὲς
1239 1841 1392 1894 ἔσται
1450 1838 1669 1901 πάντως
1708 1837 1770 1890 τὸ

185 1936 478 2006 εἰρημένον
513 1937 882 1989 πιστεύουσιν.
915 1936 1097 1989 Ἶσασι
1120 1933 1251 2005 γὰρ,
1273 1932 1348 1994 ὡς
1370 1931 1471 1985 οὐκ
1498 1930 1563 1984 ἂν
1581 1928 1772 1983 διαπέ-

184 2038 268 2075 est
320 2022 482 2086 κενὸς
529 2023 626 2076 τοῦ
674 2024 925 2095 Σωτῆρος
980 2024 1011 2075 6
1046 2022 1224 2090 λόγος,
1255 2020 1318 2072 τό
1358 2019 1417 2072 τέ
1451 2034 1516 2086 γε
1552 2017 1658 2088 μὴν
1690 2017 1768 2080 είς

184 2114 345 2166 τοῦτο
388 2114 711 2177 δυσσεϐείας
762 2112 1228 2184 κατωλισθηκέναι
1277 2109 1385 2164 τῶν
1418 2110 1477 2163 ὲν
1502 2107 1772 2180 μαθηταῖς

183 2205 667 2276 ἀπηριθμημένων
720 2207 864 2269 τινὰ,
927 2205 1099 2259 δεινὸν
1168 2203 1264 2257 καὶ
1318 2201 1591 2272 ἀφόρητον
1629 2196 1771 2253 εἶναι

183 2295 548 2366 λογιζόμενοι,
596 2296 659 2350 τὸ
719 2296 820 2368 μὲν
880 2297 1010 2351 ίδιον
1072 2296 1303 2350 ἑκάστου
1356 2290 1596 2357 συνειδὸς
1637 2292 1771 2346 ἀνα-

186 2387 473 2458 κρίνουσι,
535 2388 631 2441 καὶ
687 2386 1043 2459 περιαθροῦσι
1099 2385 1288 2450 δεινῶς
1343 2386 1436 2441 ἐπὶ
1492 2386 1614 2440 τίνα
1673 2384 1772 2454 τῆς

184 2477 463 2542 ἆταολείας
490 2482 520 2532 6
548 2479 750 2551 κλῆρος
770 2483 1041 2544 πεσεῖται,
1076 2480 1169 2533 καὶ
1193 2479 1376 2543 πόθεν,
1406 2479 1439 2550 ἢ
1467 2477 1589 2543 πῶς·
1616 2479 1771 2550 ίσχύ-

185 2586 266 2624 σει
294 2570 552 2625 τοσοῦτον
581 2573 610 2623 6
639 2563 901 2636 Σατανᾶς,
927 2572 1003 2635 ὡς
1037 2571 1132 2624 καὶ
1160 2571 1339 2625 αὐτῶν
1367 2569 1630 2640 ἐκκλέψαι
1664 2569 1772 2623 τῶν

182 2662 427 2732 γνησίων
457 2662 601 2716 τινά.

252 2751 379 2807 Ἦν
410 2752 482 2806 δὲ
502 2753 893 2820 ἀνακείμενος
920 2747 1008 2817 εἷς
1036 2752 1104 2805 ἐκ
1138 2750 1255 2804 τῶν
1268 2749 1550 2821 μαθητῶν
1586 2748 1772 2803 αὑτοῦ

182 2843 251 2895 ἐν
303 2842 387 2908 τῷ
422 2845 631 2910 κόλπῳ
680 2842 787 2897 τοῦ
828 2842 1055 2910 Ἰησοῦ,
1099 2841 1172 2896 ὃν
1206 2843 1409 2910 ἠγάπα
1446 2844 1479 2894 ό
1511 2840 1768 2907 Ἰησοῦς.

181 2935 363 2989 Νεύει
388 2930 503 2990 οὖν
535 2935 726 3000 τούτῳ
752 2934 966 3004 Σίμων
996 2933 1219 3003 Πέτρος
1265 2933 1562 2988 πυθέσθαι
1586 2932 1677 2996 τίς
1697 2931 1775 2984 ἂν

182 3025 280 3091 εἴη
325 3026 459 3094 περὶ
505 3020 578 3081 οὗ
604 3026 789 3094 λέγει.
834 3025 1175 3080 Ἐπιπεσὼν
1215 3026 1283 3078 δὲ
1308 3025 1541 3091 ἐκεῖνος
1570 3024 1671 3078 ἐπὶ
1706 3024 1773 3077 τὸ

185 3114 420 3185 στῆθος
440 3117 549 3171 τοῦ
582 3117 807 3184 Ἰησοῦ,
825 3117 991 3185 λέγει
1018 3117 1199 3181 αὐτῷ’
1226 3117 1419 3185 Κύριε,
1444 3119 1538 3182 τίς
1565 3116 1772 3201 ἐστιν]
1802 3144 1843 3201 C

199 3208 632 3276 Ἀποκρίνεται
661 3203 777 3262 οὖν
811 3209 845 3257 ὁ
886 3206 1147 3271 Ἰησοῦς⁶
1195 3205 1453 3271 Ἐκεῖνός
1500 3205 1695 3271 ἐστιν,
1725 3203 1775 3270 ᾦ

187 3299 305 3368 ἐγὼ
328 3298 540 3368 βάψας
566 3302 633 3352 τὸ
662 3301 899 3368 ψωμίον
923 3299 1097 3352 δώσω

258 3392 661 3462 Θαυμάσαιμεν
715 3392 782 3445 ἂν
829 3392 1053 3455 εἰκότως
1095 3392 1190 3445 καὶ
1218 3389 1482 3462 ἐντούτῳ
1508 3391 1573 3463 δὴ
1611 3390 1774 3446 πάλιν

187 3485 302 3537 τῶν
334 3484 508 3552 ἁγίων
539 3483 794 3554 μαθητῶν
824 3482 886 3536 16
910 3483 1109 3554 γοργὸν
1142 3485 1223 3546 εἰς
1259 3480 1555 3552 φιλοθεῖαν,
1586 3481 1682 3534 καὶ
1714 3480 1775 3533 τὸ

189 3578 317 3631 λίαν
339 3577 568 3647 ἀκριϐὲς
606 3578 686 3640 είς
711 3576 1017 3629 εὐλάϐειαν.
1058 3576 1133 3628 Οὐ
1174 3574 1284 3645 γὰρ
1317 3573 1531 3643 ἔχοντες
1567 3573 1626 3639 ἐξ
1647 3574 1770 3624 ἑαυ-

190 3668 303 3722 τῶν
364 3668 564 3722 εἰδέναι
628 3667 879 3721 ύπαίτιόν
941 3684 1099 3729 τινα,
1156 3666 1271 3719 ἀλλ’
1337 3665 1459 3719 οὐδὲ
1522 3667 1643 3728 ταῖς
1712 3667 1776 3717 ὲκ

196 3759 519 3830 στοχασμῶν
555 3760 791 3822 ἀπάταις
831 3758 1319 3829 ἐπιθαρσήσαντες,
1363 3756 1776 3826 φιλοπευστοῦσι

196 3852 397 3913 πάλιν,
463 3853 558 3904 καὶ
631 3851 925 3922 μανθάνειν
985 3850 1299 3919 ἐπείγονται
1380 3848 1449 3901 δι’
1508 3848 1627 3911 ἑνὸς
1681 3845 1775 3900 τοῦ

197 3944 550 4016 προύχοντος,
576 3944 809 4015 ’Πέτρος
858 3942 916 3995 δὲ
969 3935 1124 4004 οὗτος
1172 3937 1262 4011 ἦν,
1312 3941 1371 4005 δς
1410 3932 1775 4011 προσεκόμισε

200 4037 298 4105 μὲν
332 4033 585 4104 οὐδαμῶς
631 4034 700 4087 δι’
724 4032 918 4088 ἑαυτοῦ
964 4033 1063 4104 τὴν
1100 4032 1327 4094 πεῦσιν,
1353 4031 1431 4102 τῷ
1458 4032 1514 4086 δὲ
1553 4032 1779 4101 πλησίον

197 4127 290 4181 καὶ
351 4125 699 4195 ἀγαπωμένῳ
750 4123 839 4178 διὰ
884 4123 946 4177 τὺ
988 4125 1089 4195 τῆς
1139 4124 1363 4192 ἁγνείας
1402 4122 1779 4194 λαμπρότερον

196 4216 256 4269 τὸ
297 4215 567 4287 διερωτᾷν
597 4214 837 4285 ἐφίησιν.
884 4213 1141 4282 Ἰωάννης
1184 4212 1243 4266 δὲ
1295 4207 1448 4275 οὗτος
1488 4208 1557 4284 ἦν
1603 4214 1631 4264 6
1684 4212 1779 4265 τοῦ

197 4303 562 4375 προκειμένου
601 4302 807 4372 βιϐλίου
857 4304 1226 4372 συγγραφεὺς,
1255 4302 1333 4365 ὃς,
1377 4303 1608 4371 ἐπείπερ
1639 4305 1779 4371 ἠγα-

196 4393 409 4466 πῆσθαί
445 4410 610 4464 φησιν
637 4394 848 4457 ἑαυτὸν,
877 4392 940 4446 τὸ
965 4394 1164 4447 οἰκεῖον
1211 4393 1553 4462 κατέκρυψεν
1588 4393 1776 4462 ὄνομα,

197 4492 325 4559 σιγῇ
396 4487 702 4558 παραδοὺς,
760 4486 848 4538 ἵνα
912 4487 986 4557 μή
1047 4504 1126 4557 τῳ
1182 4486 1329 4552 δόξαι
1397 4485 1774 4555 φιλοκομπεῖν.

208 4579 525 4650 Ἐλεύθερος
555 4577 662 4649 γὰρ
688 4576 991 4646 φιλοδοξίας
1010 4577 1119 4630 τῶν
1141 4577 1309 4645 ἁγίων
1334 4580 1362 4632 ὁ
1386 4576 1528 4641 νοῦς.
1565 4577 1691 4649 Ἦρέ
1701 4593 1777 4645 μα

198 4673 380 4726 τοίνυν
420 4670 499 4741 τῷ
544 4670 850 4740 διδασκάλῳ
890 4670 1375 4741 προσκεκλιμένος,
1418 4668 1778 4740 διαψυθυρίζει

197 4764 398 4834 λάθρα,
431 4763 526 4815 καὶ
570 4761 861 4832 μανθάνειν
893 4761 1036 4827 ἀξιοῖ
1073 4760 1165 4812 τὸν
1200 4760 1300 4829 τῆς
1333 4758 1606 4819 ἀπωλείας
1642 4759 1779 4811 υίόν·

200 4855 315 4907 ἀλλ’
345 4854 445 4922 οὐχ
477 4852 665 4923 ἔτερόν
708 4869 761 4904 τι
808 4855 1032 4921 σημεῖον
1090 4849 1238 4920 αὐτῷ
1283 4849 1562 4902 δίδωπν’⁶
1592 4847 1784 4916 Σωτὴρ

200 4944 293 5001 τοῦ
329 4947 689 5016 πράγματος,
720 4943 754 5014 ἢ
783 4942 844 4996 τὸ
881 4941 969 4995 διὰ
1008 4942 1107 5011 τῆς
1147 4940 1241 4994 τοῦ
1272 4941 1557 5011 Προφήτου
1601 4939 1785 5007 φωνῆς

205 5041 295 5093 καὶ
325 5037 496 5091 πάλαι
520 5034 1057 5107 προκεκηρυγμένον
1081 5052 1099 5083 ι
1123 5033 1181 5085 '0
1213 5032 1409 5085 ἐσθίων
1436 5032 1633 5100 ἄρτους
1662 5046 1784 5099 μου,

208 5125 541 5197 ιμεγάλυνεν
570 5125 655 5176 ἐπ’
684 5124 787 5194 ἐμὲ
814 5120 1182 5192 πτερνισμόν.’
1202 5140 1221 5172 ›
1254 5120 1440 5189 Βάψας
1474 5119 1583 5188 γὰρ
1613 5117 1787 5171 ἐπιδί-

210 5214 335 5267 δωσι
373 5211 436 5265 τὸ
463 5211 700 5281 ψωμίον,
728 5212 944 5274 δεικνὺς
975 5210 1063 5263 διὰ
1096 5210 1282 5262 τούτου
1314 5210 1403 5261 τὸν
1425 5207 1674 5260 ἐσθίοντα
1697 5207 1788 5259 τὸν

211 5305 373 5377 ἄρτον
435 5302 622 5358 αὐτοῦ.
679 5303 789 5357 Καὶ
847 5303 939 5356 τὸν
987 5302 1085 5372 μὲν
1136 5301 1243 5355 τῶν
1297 5302 1468 5368 ἁγίων
1528 5298 1788 5369 μαθητῶν

214 5399 454 5469 ἐξίστησι
482 5397 669 5466 φόϐον,
692 5395 814 5465 ἄγει
859 5395 918 5448 δέ
971 5412 1086 5458 πως
1127 5394 1325 5457 αὐτοὺς
1368 5394 1447 5454 είς
1478 5392 1784 5461 ἀνάμνησιν

220 5486 549 5560 προφητείας
600 5488 795 5558 ἑτέρας
844 5484 1265 5558 διαγορευούσης
1316 5484 1432 5537 ὡδί·
1467 5502 1486 5535 ι
1527 5483 1597 5534 Σὺ
1626 5482 1706 5544 δὲ,
1741 5476 1787 5533 ὧ

216 5580 484 5652 ἄνθρωπε,
514 5578 736 5649 ίσόψυχε
766 5579 991 5651 ἡγεμὼν
1022 5595 1146 5648 μου,
1187 5577 1282 5630 καὶ
1320 5575 1550 5643 γνωστέ.
1574 5589 1702 5643 μου,
1727 5571 1784 5636 ὃς

283 5764 325 5795 ⁸⁸
366 5760 513 5817 Psal.
543 5774 614 5812 st.
636 5799 650 5822 ,
684 5757 771 5810 to.

541 5849 812 5908 PATROL.
855 5844 968 5903 Gn.
1013 5840 1255 5904 LXXIV.

1868 570 1934 608 ex
1967 552 2126 607 vobis
2154 565 2240 605 me
2270 547 2470 611 tradet,
2495 565 2528 605 ,ι
2561 544 2657 599 ait.
2687 543 2786 599 Vel
2823 544 2970 599 enim
3007 540 3314 613 proditoris
3357 540 3445 595 in-

1866 650 2080 714 gratum
2117 641 2357 696 animum
2404 639 2491 693 bis
2527 637 2716 692 verbis
2758 643 3008 699 accusat,
3031 633 3116 688 vel
3161 632 3449 687 diabolica:

1869 735 2131 806 nequitia:
2160 729 2600 803 magnitudinem
2639 727 2906 789 ostendit,
2940 740 3063 796 quae
3093 733 3306 779 tantum
3351 738 3446 793 po-

1867 826 2057 888 tuerit,
2116 831 2177 877 ut
2229 823 2392 877 etiam
2428 835 2596 875 unum
2654 834 2720 873 ex
2777 817 2915 887 ipsis
2964 815 3229 886 apostolis
3271 814 3447 869 corr].

1867 920 2066 989 pnerit.

1942 1086 2054 1143 XIII
2082 1130 2098 1154 ,
2135 1088 2227 1142 ‘22.
2269 1086 2609 1156 Aspiciebant
2657 1101 2779 1157 ergo
2817 1084 2886 1138 ad
2912 1084 3131 1138 invicem
3169 1082 3442 1153 discipuli,

1866 1179 2171 1234 [imitantes
2202 1180 2266 1233 de
2298 1195 2399 1246 quo
2425 1178 2639 1232 diceret.
2977 1215 2982 1218 -

1940 1269 2145 1339 Stupor
2174 1271 2338 1324 simul
2374 1251 2627 1323 ac'timor
2653 1266 2864 1322 invadit
2889 1246 3445 1333 Christidiscipulos,

1867 1368 1921 1413 et
1950 1360 2235 1415 intuentur
2265 1358 2356 1412 alii
2384 1359 2438 1412 in
2470 1358 2635 1420 alios.
2665 1357 2941 1426 duplicem
2973 1370 3039 1410 ex
3068 1354 3234 1410 dictis
3259 1354 3449 1408 conci-

1867 1454 2085 1524 pientes
2121 1462 2348 1509 metum.
2378 1450 2773 1520 Unusquisque
2797 1449 2977 1513 enim,
3011 1454 3069 1501 ut.
3098 1462 3199 1516 par
3223 1453 3308 1501 est
3328 1486 3344 1511 ,
3379 1445 3449 1500 de

1867 1558 1967 1598 sua
2000 1543 2186 1597 anima
2214 1542 2511 1606 sollicitus,
2547 1556 2655 1595 non
2691 1554 2856 1609 parvo
2885 1546 3004 1594 erat
3048 1537 3102 1591 in
3136 1544 3306 1599 metu,
3348 1537 3444 1592 sed

1866 1644 1920 1689 et
1949 1649 2074 1689 cum
2109 1633 2179 1688 de
2211 1635 2428 1688 caeteris
2458 1635 2515 1687 in
2545 1646 2838 1688 commune
2867 1630 3215 1700 cogitarent,
3246 1627 3314 1683 de
3339 1627 3447 1681 alia

1344 1765 1372 1811 ς
1397 1718 1497 1816 τὴν
1527 1718 1766 1815 ἀγωνίαν

1881 1740 1974 1779 non
2008 1725 2192 1781 minus
2225 1725 2373 1779 anxii
2403 1734 2581 1779 erant.
2607 1723 2854 1779 Crednnt
2879 1722 3083 1792 quippe
3113 1736 3303 1775 verum
3344 1718 3438 1774 uti-

1802 1810 1844 1863 B
1869 1830 1977 1884 que
2014 1813 2132 1871 fore
2160 1815 2307 1885 quod
2331 1815 2545 1870 dictum
2575 1822 2683 1870 est.
2720 1813 2915 1868 Sciunt
2944 1812 3091 1867 enim
3135 1811 3473 1866 Servatoris.

1871 1918 2183 1964 sermonem
2231 1907 2451 1961 irritum
2482 1921 2607 1962 esse
2648 1920 2758 1960 non
2790 1921 2983 1975 posse,
3026 1904 3122 1961 sed
3157 1919 3224 1958 co
3254 1902 3451 1971 impie-

1872 2001 2005 2055 tatis
2036 1999 2312 2055 decidisse
2350 2014 2685 2069 qnemquam
2731 2013 2762 2052 e
2808 1987 3133 2075 discipulis”,
3179 2010 3344 2066 grave
3394 2003 3452 2050 et

1872 2089 2280 2145 intolerandum
2320 2105 2446 2145 esse
2488 2095 2784 2160 putantes,
2825 2101 2983 2141 suam
3025 2085 3267 2155 quisque
3312 2099 3450 2140 con-

1872 2180 2158 2236 scientiam
2190 2181 2527 2248 examinant,
2553 2188 2610 2236 et
2635 2181 2690 2234 in
2720 2194 2882 2249 quem
2907 2177 3062 2232 exitii
3100 2191 3223 2232 sors
3251 2190 3451 2247 casura

1872 2268 1947 2324 sit
1976 2282 2168 2328 exacte
2191 2273 2491 2336 rimantur,
2530 2279 2586 2326 et
2616 2270 2766 2325 unde
2798 2277 2892 2323 aut
2924 2267 3205 2339 quomodo
3235 2273 3449 2321 tantum

1874 2367 2165 2438 potestatis
2192 2366 2485 2421 habiturus
2524 2363 2597 2419 sit
2639 2361 2905 2425 Satanas,
2956 2367 3016 2414 ut
3048 2373 3388 2429 quemquam
3421 2375 3452 2412 ο

1873 2454 2133 2527 genuinis
2159 2453 2449 2528 discipulis
2482 2451 2745 2520 abripiat.

1946 2725 2063 2780 XIII
2087 2765 2102 2788 ,
2141 2724 2328 2780 25-26.
2380 2722 2516 2776 Erat
2545 2738 2667 2791 ergo
2694 2720 2997 2775 recumbens
3027 2735 3161 2771 unus
3192 2732 3257 2771 ea:
3286 2717 3453 2770 disci-

1873 2820 2014 2887 pulis
2033 2817 2148 2886 ejus
2179 2819 2235 2870 in
2261 2818 2382 2891 sinu
2407 2814 2559 2878 Iesu,
2588 2830 2738 2885 quem
2768 2813 3018 2889 diligebat
3044 2808 3223 2864 Jesus.
3268 2808 3453 2862 lnnuit

1873 2928 1996 2981 ergo
2021 2910 2142 2964 huic
2164 2908 2350 2964 Simon
2377 2908 2590 2975 Petrus,
2618 2916 2668 2962 et
2694 2908 2834 2960 dixit
2866 2907 2914 2959 ei
2945 2922 2964 2960 :
3002 2904 3134 2970 Quis
3162 2911 3241 2957 est
3269 2904 3365 2956 iste
3390 2904 3454 2955 de

1874 3020 1978 3074 quo
2014 3002 2191 3058 dicit?
2232 3000 2421 3072 Itaque
2449 3016 2569 3054 cum
2599 2999 2920 3053 recubuisset
2954 2996 3044 3050 ille
3075 3012 3234 3064 supra
3274 3004 3453 3064 pectus

1874 3094 2004 3150 Jesu
2027 3136 2043 3163 ,
2074 3095 2204 3149 dicit
2239 3094 2324 3148 ei:
2356 3093 2608 3154 Domine,
2648 3091 2763 3162 quis
2793 3078 2917 3145 est?
2948 3087 3231 3156 Respondit
3255 3086 3453 3142 Jesus:

1879 3186 1980 3240 Ille
2002 3194 2080 3239 est
2117 3185 2201 3237 cui
2236 3200 2327 3252 ego
2362 3182 2647 3235 intinctam
2676 3196 2863 3249 panem
2899 3193 3204 3248 porrexero.

1946 3362 2047 3417 Hic
2074 3377 2273 3419 rursus
2292 3360 2460 3415 etiam
2487 3367 2805 3416 sanctorum
2832 3356 3235 3427 discipulorum
3266 3353 3458 3409 arden-

1880 3462 1985 3507 tem
2017 3465 2147 3521 erga
2179 3450 2350 3505 Deum
2385 3464 2629 3505 amorem
2656 3456 2709 3502 et
2736 3446 2901 3518 736
2927 3448 3206 3503 sincerum
3237 3444 3459 3514 pietatis

1877 3558 1943 3598 ac
1966 3541 2505 3614 religionisstudium
2524 3540 2713 3594 mirari
2735 3540 2861 3608 jure
2901 3546 3138 3608 opm-tet.
3170 3536 3303 3591 Nam
3332 3553 3456 3592 cum

1877 3650 1944 3689 cx
1982 3635 2182 3705 seipsis
2227 3648 2339 3687 non
2374 3639 2604 3702 possent
2638 3630 2816 3684 ullum
2851 3640 3067 3684 sontem
3122 3643 3457 3700 agnoscere,

1878 3728 1974 3783 sed
2007 3741 2182 3797 neque
2212 3724 2505 3780 fallacibus
2536 3722 2876 3791 coniecturis
2908 3722 3101 3777 contisi
3122 3761 3137 3783 ,
3167 3723 3461 3776 sciscitan-

1879 3828 1969 3871 tur
2002 3818 2184 3871 denuo
2213 3830 2278 3869 ac
2308 3813 2524 3868 discere
2549 3813 2804 3867 nituntur
2834 3827 2928 3882 per
2956 3826 3125 3865 unum
3156 3812 3309 3864 illiilli
3343 3814 3458 3881 pri-

1880 3911 2155 3971 marium,
2201 3907 2419 3963 Petrum
2459 3906 2739 3968 videlicet,
2767 3905 2860 3975 qni
2897 3920 3241 3975 nequaquam
3273 3920 3368 3974 per
3400 3921 3460 3959 se

1878 3984 2263 4071 interrogavit,
2302 3998 2395 4053 sed
2427 3997 2478 4053 ei
2511 3996 2605 4067 qui
2638 3996 2920 4066 proximus
2960 4004 3079 4051 erat
3110 4011 3175 4049 ac
3201 3995 3458 4061 dilectus.

1884 4102 2112 4163 propter
2146 4091 2426 4148 castitatis
2461 4090 2849 4158 splendorem,
2885 4088 3244 4158 maerendqu
3291 4090 3459 4144 relin-

1882 4185 2024 4255 quit.
2055 4182 2301 4238 Joannes
2332 4193 2516 4234 autem
2565 4181 2612 4234 is
2647 4191 2798 4243 erat,
2834 4179 2957 4233 libri
2988 4178 3154 4249 hujus
3189 4182 3460 4251 scriptor,

1881 4276 1977 4344 qui
2016 4274 2277 4345 quoniam
2316 4287 2375 4326 se
2405 4271 2667 4325 dilectum
2701 4269 2872 4325 fuisse
2907 4271 3017 4334 ait,
3054 4269 3268 4327 idcirco
3298 4286 3458 4324 suum

1885 4382 2081 4420 nomen
2124 4364 2382 4426 reticuit,
2421 4378 2490 4417 ne
2535 4361 2795 4430 cuiquam
2844 4359 2994 4414 inani
3042 4359 3214 4429 gloria
3259 4361 3461 4415 ductus

1814 4481 1854 4531 ο
1885 4458 2184 4513 rideretur.
2212 4455 2547 4510 Ambitionis
2578 4455 2783 4523 quippe
2810 4466 3007 4521 expers
3031 4462 3115 4507 est
3141 4463 3460 4508 sanctorum

1886 4551 2129 4604 animus.
2167 4547 2386 4602 Sensim
2422 4561 2557 4614 ergo
2588 4544 2893 4598 inclinatus
2938 4543 3008 4599 ad
3052 4554 3247 4614 peetus
3285 4547 3462 4615 magi-

1887 4642 2169 4698 stri‘clam
2205 4639 2404 4710 quaerit
2446 4637 2574 4708 quis
2605 4637 2675 4691 sit
2703 4635 2993 4709 erditionis
3025 4636 3120 4691 ille
3160 4637 3335 4703 ﬁlius;
3367 4637 3461 4690 sed

1888 4752 2003 4790 non
2031 4734 2179 4787 aliud
2208 4732 2303 4785 dat
2338 4731 2389 4783 ei
2423 4729 2684 4789 Senator
2715 4730 2794 4783 rei
2827 4729 3077 4798 signum,
3126 4742 3288 4797 quam
3315 4727 3461 4796 quod

1891 4847 1986 4900 per
2019 4828 2303 4899 Propheta:
2334 4840 2527 4880 vocem
2558 4825 2691 4879 olim
2728 4823 3052 4893 praedictum
3093 4828 3179 4874 est
3223 4837 3236 4872 :
3299 4838 3317 4869 ι
3354 4819 3459 4885 Qui

1891 4924 2087 4979 edebat
2112 4936 2279 4991 panes
2303 4933 2477 4982 meos,
2502 4915 2872 4998 magniﬁcavit
2896 4927 3066 4981 super
3089 4926 3174 4964 mc
3196 4912 3466 4980 supplan-

1889 5018 2152 5071 tationem
2178 5014 2244 5069 ⁸⁸⁵.
2281 5033 2300 5066 ι
2349 5011 2644 5065 Intinctam
2681 5008 2885 5078 quippe
2925 5003 3228 5059 buccellam
3270 5002 3461 5066 tradit,

1890 5127 1986 5180 per
2033 5111 2135 5163 hoc
2181 5106 2306 5161 eum
2352 5105 2653 5160 ostendens
2700 5100 2795 5171 qni
2852 5093 3215 5150 manducaret
3264 5108 3461 5163 panem
3550 5097 3567 5105 '

1887 5201 2029 5271 ejus.
2064 5201 2127 5254 Et
2162 5206 2482 5255 sanctorum
2522 5194 2746 5263 quidem
2781 5186 3184 5257 discipulorum
3218 5182 3460 5237 formidi-

1890 5309 2018 5349 nem
2049 5299 2327 5352 removet,
2363 5288 2461 5344 sed
2494 5288 2575 5341 eis
2612 5285 2666 5337 in
2704 5279 3028 5335 memoriam
3065 5274 3293 5330 adducit
3321 5275 3467 5328 alte-

1892 5402 2008 5441 ram
2042 5384 2420 5455 prophetiam,
2455 5396 2579 5449 quae
2615 5378 2691 5429 ait
2725 5392 2739 5428 ε
2777 5392 2797 5423 ι
2834 5371 2921 5427 Tu
2956 5360 3087 5427 vero
3123 5372 3292 5426 homo
3325 5383 3467 5423 nna-

1894 5476 2060 5531 nimis
2085 5474 2196 5528 dux
2240 5488 2428 5534 meus,
2462 5478 2517 5524 et
2550 5475 2715 5521 notus
2741 5479 2900 5519 meus
2930 5462 3026 5534 qui
3058 5462 3222 5519 simul
3251 5472 3465 5515 mecum

1895 5570 2087 5624 dulces
2114 5566 2371 5635 capiebas
2399 5563 2552 5618 cibos
2588 5579 2601 5613 :
2646 5559 2701 5611 iu
2727 5557 2893 5612 domo
2927 5556 3022 5612 Dei
3056 5553 3466 5609 ambulavnnus

3034 5821 3071 5881 5
