4010 6320
515 317 616 372 N3

1509 314 1565 371 S.
1587 314 1870 371 CYRILLI
1905 311 2379 370 ALEXANDRINI
2418 314 2744 373 ARCHIEP.

3674 321 3773 376 “4

510 434 798 490 corrobari
854 432 1190 489 dominantis
1238 433 1520 506 spiritum.
1565 435 1702 491 Nam
1754 438 1883 493 licet
1939 447 2085 507 pote-

2191 439 2372 503 ζοντα,
2396 440 2625 511 Εἰσῆλθε
2642 442 2747 510 γὰρ
2759 440 2838 504 εἰς
2853 441 3035 504 αὐτὸν,
3055 440 3198 496 κατά
3210 442 3308 514 τὴν
3329 441 3423 496 τοῦ
3443 442 3785 514 Εὕαγγελίου’

510 529 674 583 statis
721 536 921 583 nostra:
980 543 1090 582 non
1139 527 1211 582 sit
1248 526 1461 593 facere,
1502 543 1573 584 ne
1612 531 1754 585 tales
1807 531 2037 600 spiritus
2070 572 2085 597 ,

510 618 562 671 id
603 626 691 673 est
717 617 1080 687 cogitationes
1108 617 1162 672 in
1194 626 1432 673 mentem
1466 628 1711 674 nostram
1745 622 2086 687 ascendant,

510 723 803 774 possumus
831 716 1014 762 tamen
1044 708 1189 778 quod
1223 709 1783 779 ascenderitejicere,
1816 727 1916 767 nec
1939 728 2090 768 com-

509 798 726 852 mittere
773 806 830 851 ut
871 814 1102 870 magnas
1145 794 1370 870 prepter
1409 799 1797 871 negligentiam
1837 813 2085 859 nostram

510 889 564 943 in
594 897 775 944 mente
806 901 995 946 nostra
1030 900 1155 962 agat
1180 891 1400 947 radices
1429 909 1445 947 ;
1482 891 1581 948 sed
1610 893 1777 947 veluti
1808 896 2086 964 quoddam

445 966 457 979 “
507 982 898 1037 amaritudinis
947 984 1166 1038 initimn
1227 983 1522 1039 confestim
1589 970 1968 1054 exscindere,
2008 1002 2087 1047 _ac

508 1083 747 1130 mentem
773 1076 1028 1132 molestia
1051 1090 1274 1130 vacuam
1296 1075 1559 1132 reddere:
1591 1078 1798 1147 alioqui
1823 1078 2085 1134 dubitan-

506 1170 635 1221 dum
664 1182 772 1222 non
798 1178 887 1222 est
920 1169 1052 1239 quin
1086 1170 1351 1238 paulatim
1387 1167 1624 1225 Satanas
1650 1171 1834 1225 vincat
1863 1172 2084 1226 blandi-

508 1258 624 1322 tiis,
643 1258 976 1329 nobisquetd
1004 1260 1378 1331 eveniatquod
1399 1262 1475 1315 ait
1498 1260 1791 1318 Psalmista
1820 1283 1832 1318 :
1863 1282 1882 1316 ι
1908 1263 2092 1320 Prius-

507 1364 672 1417 quam
742 1351 1063 1406 humiliarer
1106 1366 1209 1422 ego
1248 1353 1455 1424 deliqui
1491 1356 1559 1410 ἰ.
1600 1374 1619 1408 ι
1688 1356 1827 1411 Ante
1881 1359 2089 1427 peccati

507 1441 654 1494 enim
704 1443 1240 1498 consummationem
1284 1445 1652 1516 delinquimus
1688 1448 2088 1520 cogitationum

509 1533 871 1599 conscientia,
926 1534 1061 1589 illud
1116 1536 1490 1604 honorantes,
1563 1552 1629 1594 ac
1691 1542 2086 1611 suscipientes,

508 1636 562 1679 ct
624 1642 722 1695 per
776 1627 884 1682 hoc
927 1629 1207 1697 ingressus
1260 1629 1445 1684 locum
1493 1630 1713 1687 Satanae
1749 1633 2085 1691 tribuentes.

507 1715 681 1786 Cujus
726 1719 804 1774 rei
853 1719 1024 1791 ﬁgura
1081 1722 1245 1778 nobis
1298 1730 1354 1778 et
1401 1722 1584 1794 imago
1625 1724 1731 1779 erit
1786 1726 2087 1795 proditoris

508 1822 699 1864 casus.

2193 532 2397 601 φωνήν.
2426 531 2730 586 Φυλακτέον
2755 527 2848 585 οὖν
2877 534 3006 603 ἄρα,
3038 533 3132 586 καὶ
3164 534 3328 587 παντὶ⁷
3362 533 3538 588 σθένει
3574 526 3777 607 παραι-

2189 624 2379 694 τητέον
2406 624 2506 688 τὰς
2532 627 2599 677 ἐκ
2628 624 2737 677 τῶν
2771 624 3159 695 προσπαθειῶν
3191 626 3395 695 ζημίας
3421 643 3435 657 ·
3485 629 3682 699 χρῆναι
3716 629 3776 683 δὲ

2184 713 2298 768 δεῖν
2343 714 2748 785 διαμεμνῆσθαι
2774 700 2869 767 τοῦ
2903 708 3196 784 λέγοντος·
3255 717 3381 771 Ἐὰν
3417 717 3635 790 πνεῦμα
3678 719 3776 772 τοῦ

2190 805 2595 870 ἐξουσιάζοντος
2623 806 2796 877 ἀναϐῇ
2828 807 2921 860 ἐπὶ
2957 810 3038 872 σὲ,
3067 808 3230 862 τόπον
3267 826 3360 862 σου
3395 809 3470 880 μὴ
3498 810 3665 881 ἀφῇς,
3694 794 3778 865 δτι

2192 898 2328 969 ῐαμα
2358 896 2699 952 καταπαύσει
2745 898 3024 970 ἁμαρτίας
3073 900 3334 970 μεγάλας.
3397 901 3638 971 Ἀνάγκη
3677 901 3778 971 μὲν

2189 990 2300 1061 γὰρ
2343 990 2727 1054 ἀνακτίζεσθαί
2783 1008 2903 1053 πως
2952 992 3011 1043 ἐν
3048 991 3285 1062 δυνάμει
3332 992 3607 1064 λογισμῶν
3653 995 3778 1056 ταῖς
3854 984 3861 991 ’

2189 1085 2487 1155 ἡμετέραις
2513 1083 2765 1154 καρδίαις
2793 1083 2854 1136 τὸ
2878 1082 2971 1136 τοῦ
3005 1082 3408 1148 ὲξουσιάζοντος
3438 1083 3675 1155 πνεῦμα.
3710 1084 3778 1137 Ei

2198 1176 2309 1246 γὰρ
2344 1178 2400 1228 ἐν
2429 1179 2575 1245 ἡμῖν
2605 1175 2666 1227 τὸ
2696 1174 2956 1230 δύνασθαι
2985 1175 3328 1239 διακωλύειν,
3356 1175 3514 1230 τοῦτό
3539 1193 3604 1245 γε
3633 1175 3776 1244 πλὴν

2197 1270 2255 1322 ἐν
2287 1271 2421 1339 ήμῖν
2438 1271 2477 1328 ’,
2495 1267 2556 1321 τὸ
2576 1267 2825 1330 κολάζειν
2856 1268 3197 1338 παραχρῆμα
3223 1269 3282 1321 τὸ
3306 1267 3547 1332 ἀνελθὸν,
3566 1268 3666 1322 καὶ
3700 1269 3776 1339 μὴ

2191 1359 2506 1432 ἐπιτρέπειν
2554 1357 2839 1430 ῥιζοῦσθαι
2884 1360 3003 1422 ταῖς
3049 1360 3113 1412 ἐκ
3164 1359 3436 1431 ῥᾳθυμίας
3483 1359 3775 1427 ὲνὸόσεσιν,

2191 1452 2307 1508 ἀλλ’
2353 1451 2542 1522 ὥσπερ
2586 1450 2709 1504 τινὰ
2761 1449 2987 1521 πικρίας
3037 1450 3209 1520 ἀρχὴν
3252 1450 3578 1521 ἀποτέμνειν
3619 1453 3776 1505 ἐπεί-

2192 1546 2408 1614 γεσθαι,
2451 1545 2548 1597 καὶ
2578 1544 3020 1615 ἀπαρενόχλητον
3048 1543 3186 1596 ἱέναι
3214 1542 3437 1612 θελῆσαι
3488 1543 3580 1596 τὸν
3606 1542 3732 1598 νοῦν
3759 1561 3772 1573 ·

2189 1638 2360 1709 ήγουν
2395 1635 2594 1689 εἰδέναι
2630 1633 2837 1704 σαφῶς,
2869 1636 2950 1688 ὅτι
2979 1634 3192 1704 νικήσει
3226 1632 3368 1686 κατά
3406 1632 3579 1703 βραχὺ
3606 1633 3774 1688 κολαο

2195 1726 2370 1781 κεύων
2401 1725 2728 1787 δεΣατανᾶς,
2764 1723 2858 1777 καὶ
2890 1722 3158 1794 πάθοιμεν
3200 1723 3266 1777 ἂν
3292 1723 3554 1788 τοιοῦτον,
3589 1725 3776 1785 ὁποῖον

2114 1838 2160 1897 Β
2186 1821 2214 1872 ὁ
2250 1817 2484 1872 Ψάλλων
2530 1814 2662 1887 φησί
2685 1830 2697 1843 '
2755 1814 2919 1886 ι-Πρδ
2963 1815 3060 1868 τοῦ
3113 1832 3180 1886 με
3218 1816 3623 1887 ταπεινωθῆναι
3661 1816 3775 1884 ἐγὼ

509 1900 926 1972 ἐπλημμέλησα.
958 1919 976 1953 ι
1030 1903 1144 1974 Πρὸ
1183 1903 1290 1975 γὰρ
1344 1903 1439 1956 τοῦ
1500 1905 1692 1960 παθεῖν
1736 1907 1958 1973 τελείως
2002 1911 2104 1982 τὴν
2151 1909 2461 1994 ἁμαρτίαν,
2523 1904 3059 1977 προπλημμελοῦμεν
3096 1906 3257 1977 ἡμεῖς
3297 1909 3364 1977 τῇ
3410 1906 3620 1960 συνέσει
3662 1908 3771 1960 τῶν

510 1993 803 2065 λογισμῶν,
839 1994 1105 2064 τιμῶντες
1141 1996 1333 2068 αὐτὴν,
1374 1998 1470 2051 καὶ
1521 1999 1960 2072 καταδεχόμενοι,
1991 2007 2089 2059 καὶ
2122 2007 2288 2059 τόπον
2315 1993 2520 2054 εἰσόδου
2540 1998 2774 2064 διδόντες
2807 1999 2894 2053 διὰ
2923 1998 3113 2052 τούτου
3144 1999 3220 2070 τῷ
3280 2001 3510 2070 Σατανᾷ.
3576 2001 3771 2055 Ἔσται

540 2091 568 2142 ὲ
599 2090 768 2153 τύπος
797 2089 892 2142 καὶ
916 2088 1080 2143 εἰκὼν
1115 2091 1209 2144 τοῦ
1246 2093 1573 2162 πράγματος
1610 2094 1704 2148 τοῦ
1736 2097 1995 2168 προδότου
2028 2099 2090 2154 τὸ
2127 2101 2317 2175 πάθος.

580 2223 718 2289 xm,
746 2226 838 2292 επ,
864 2225 956 2280 es.
1007 2225 1076 2279 Et
1115 2227 1253 2281 dixit
1291 2231 1339 2283 ei
1373 2228 1532 2285 Jesus
1562 2248 1582 2285 ;
1614 2232 1770 2298 Quod
1800 2234 1960 2304 facis,
1988 2211 2089 2304 ‘jac

510 2319 690 2375 citius.
737 2317 849 2372 Hoc
897 2327 1074 2374 autem
1121 2336 1272 2375 nemo
1318 2322 1470 2376 scivit
1526 2323 1971 2381 discumbentium
2019 2329 2088 2383 ad

509 2412 634 2482 quid
664 2412 859 2466 dixerit
896 2414 966 2466 ei.

584 2548 849 2605 Dissonus
891 2549 1050 2614 forte,
1089 2565 1190 2605 nec
1225 2551 1458 2604 multum
1484 2560 1897 2608 consentaneus
1936 2560 2087 2609 ante-

510 2642 674 2697 dictis
723 2642 902 2696 vidcri
950 2643 1128 2713 possit
1163 2651 1347 2697 textus
1387 2644 1727 2713 propositus.
1763 2644 1877 2699 Cur
1912 2646 2085 2714 enim,

511 2733 657 2789 dicet
704 2727 929 2805 aliquis,
990 2752 1169 2807 neque
1226 2738 1281 2792 id
1337 2738 1436 2795 abs
1496 2754 1582 2802 re,
1635 2755 1761 2793 cum
1811 2741 1953 2795 clam
2002 2756 2091 2796 ar-

510 2831 719 2891 gueret,
755 2839 857 2879 nec
905 2826 1053 2881 clare
1109 2826 1378 2883 Dominus
1439 2829 1508 2883 ab
1568 2831 1735 2898 impia
1772 2831 1921 2886 caede
1960 2847 2090 2903 pro-

511 2912 746 2969 ditorem
777 2923 1075 2977 averteret,
1109 2932 1257 2970 nunc
1280 2916 1347 2970 ad
1383 2932 1503 2971 eam
1555 2919 1821 2988 instigare
1850 2919 2089 2990 videtur,

510 3014 566 3058 et
598 2998 806 3059 hertari
842 3015 900 3060 ut
937 3006 1268 3062 detestabile
1315 3015 1539 3076 tamque
1593 3009 1820 3080 impium
1875 3011 2091 3068 facinus

513 3106 735 3151 strenue
763 3097 1153 3166 aggrediatur?
1176 3097 1248 3151 At
1278 3097 1409 3167 quid
1451 3114 1681 3155 necesse
1716 3110 1855 3166 erat,
1886 3102 2086 3172 inquit,

514 3184 787 3239 hominem
830 3201 928 3253 per
949 3202 1007 3241 se
1031 3186 1169 3242 satis
1209 3188 1499 3241 incitatum
1532 3202 1600 3242 eo
1635 3188 1939 3259 impellere,
1960 3204 2086 3245 cum

514 3283 805 3345 praestaret
849 3277 1325 3335 admonitionibus
1374 3278 1429 3332 in
1469 3280 1664 3335 melius
1705 3296 1989 3347 revocare,
2037 3292 2091 3336 et

513 3385 542 3421 a
595 3369 878 3439 pcoposito
926 3371 1106 3440 ipsum
1162 3370 1404 3425 consilio
1452 3371 1734 3426 avertere?
1764 3370 1829 3424 Et
1865 3373 2087 3440 quidem

512 3463 617 3517 t-rit
666 3462 762 3532 qui
793 3463 1094 3518 absurdum
1139 3478 1263 3519 esse
1304 3462 1549 3518 lateatne
1587 3462 1735 3533 quod
1789 3464 1878 3519 hic
1911 3465 2089 3518 incla-

516 3565 629 3609 mat
659 3556 914 3610 Christus
942 3575 955 3610 :
985 3563 1368 3612 verumtamen
1420 3556 1466 3610 si
1515 3556 1786 3626 propositi
1819 3557 1923 3610 lori
1960 3573 2090 3612 sen-

512 3664 633 3701 sum
662 3649 883 3703 acutius
918 3648 1240 3718 inspexerit,
1263 3647 1401 3702 nihil
1428 3646 1673 3703 absurde
1693 3649 1904 3703 dictum
1938 3663 2088 3703 com-

514 3741 704 3809 periet,
738 3742 831 3797 sed
881 3757 1061 3797 acrem
1119 3743 1300 3811 potius
1347 3743 1576 3797 subesse
1633 3756 1887 3807 sensum,
1923 3757 2088 3811 quem

510 3848 611 3905 ego
650 3849 751 3904 pro
781 3835 927 3888 virili
975 3834 1166 3904 paucis
1217 3834 1463 3888 conabor
1502 3834 1807 3904 explicare.
1840 3834 2089 3888 Pruden-

510 3927 730 3982 tissime
765 3927 949 3997 itaque
1001 3926 1223 3996 sapiens
1271 3926 1608 3995 evangelista
1651 3928 1908 3996 superius
1947 3927 2088 3982 dixit

512 4020 687 4088 ipsum
710 4018 967 4073 Satanam
996 4019 1048 4070 in
1074 4032 1172 4072 eor
1204 4019 1499 4086 proditoris
1521 4019 1674 4088 prius
1701 4019 1973 4088 irrupisse
2008 4025 2091 4071 at-

511 4125 617 4179 que
641 4110 918 4174 introisse,
952 4119 1011 4163 ut
1042 4109 1321 4164 videretur
1348 4109 1569 4164 tandem
1599 4107 1864 4163 Dominus
1899 4118 2089 4162 noster

509 4200 670 4257 Jesus
696 4200 951 4256 Christus
970 4202 1074 4271 ipsi
1098 4201 1278 4271 potius
1301 4215 1466 4271 quam
1485 4201 1533 4256 ei
1553 4200 1645 4270 qui
1671 4215 1862 4269 reapse
1878 4214 1942 4253 ac
1957 4213 2089 4253 vere

511 4293 581 4347 ab
608 4294 731 4363 ipso
753 4308 847 4362 per
869 4293 1031 4364 740
1053 4293 1440 4363 negligentiam
1469 4294 1648 4346 victus
1679 4292 1856 4345 fuerat
1879 4290 2084 4352 dicere,

516 4405 535 4438 ι
570 4384 726 4452 Quod
752 4384 912 4449 facis,
935 4383 1020 4438 fac
1047 4384 1180 4437 cito.
1213 4403 1230 4435 ι
1259 4383 1410 4438 idem
1437 4383 1584 4439 enim
1613 4391 1701 4437 est
1730 4397 1793 4434 ac
1833 4381 1880 4436 si
1900 4388 2088 4450 aperte

2265 2238 2435 2307 Λέγει
2460 2236 2621 2309 αὐτῷ
2651 2239 2682 2289 ό
2721 2233 2961 2302 Ἰησοῦς
2980 2250 2994 2264 ο
3046 2234 3116 2285 Ὃ
3138 2231 3343 2298 ποιεῖς,
3384 2235 3648 2302 ποίησον
3678 2238 3776 2291 τά·

2192 2346 2347 2398 χιον.
2408 2328 2586 2382 Τοῦτο
2635 2326 2703 2380 δὲ
2750 2325 2973 2398 οὐδεὶς.
3001 2323 3155 2392 ἔγνω
3207 2321 3326 2378 τῶν
3367 2326 3777 2398 ἀνακειμένων

2192 2421 2341 2504 πρός
2374 2421 2432 2473 τί
2473 2415 2642 2473 εἶπεν
2670 2416 2849 2482 αὐτῷ.

2276 2554 2506 2626 Ἀπᾷδον
2547 2554 2646 2625 μὲν
2688 2554 2839 2620 ἴσως,
2873 2555 2974 2609 ’καὶ
3001 2557 3062 2609 ού
3107 2556 3312 2628 σφόδρα
3341 2558 3635 2628 συμῦαῖνον
3664 2561 3776 2622 τοῖς

2191 2630 2292 2718 ἤδη
2318 2646 2740 2718 προειρημένοις
2784 2645 2984 2712 δόξειεν
3009 2648 3075 2702 ἂν
3104 2642 3242 2702 εἶναί
3264 2666 3342 2720 τῳ
3369 2650 3528 2720 τυχὸν
3556 2649 3615 2704 τὸ
3642 2668 3774 2722 προ-

2185 2737 2455 2806 κείμενον.
2492 2735 2740 2789 Ἀνθότου
2776 2736 2885 2807 γὰρ
2919 2737 3004 2807 δὴ,
3037 2739 3259 2807 φήσειεν
3279 2740 3365 2801 ἂν,
3405 2741 3498 2792 καὶ
3534 2741 3634 2795 οὐκ
3668 2742 3777 2796 ἀπὸ

2187 2827 2416 2889 σκοποῦ,
2462 2826 2754 2897 διελέγχων
2801 2830 3221 2900 κεκρυμμένως,
3263 2831 3359 2884 καὶ
3394 2832 3495 2885 οὐκ
3526 2832 3776 2903 ἐναργῶς

2187 2918 2514 2989 ἀποτρέπων
2558 2919 2587 2970 ὁ
2633 2918 2837 2989 Κύριος
2871 2919 2968 2988 τῆς
3011 2919 3093 2981 είς
3120 2919 3282 2973 αὐτὸν
3329 2921 3641 2989 μιαιφονίας
3683 2922 3776 2975 τὸν

2189 3009 2493 3080 προδιδόναι
2518 3009 2911 3075 σπουδάζοντα,
2943 3009 3037 3064 νῦν
3076 3011 3209 3081 πρὸς
3238 3012 3408 3081 αὐτὴν
3438 3012 3776 3083 παραθήγων

2189 3103 2403 3170 ὁρᾶται,
2434 3100 2701 3173 ἀμελλητὶ
2737 3101 2792 3154 δὲ
2835 3101 3070 3171 βαδίζειν
3104 3102 3240 3172 πρὸς
3271 3103 3333 3156 τὺ
3366 3102 3507 3159 οὕτω
3534 3106 3776 3175 μυσαρὸν

2189 3213 2249 3249 τε
2280 3198 2375 3250 καὶ
2418 3197 2630 3250 ἀνόσιον
2679 3196 3050 3250 διακελεύεται
3081 3198 3442 3269 σπούδασμα;
3499 3200 3691 3255 Καίτοι
3722 3200 3778 3254 τί

2194 3289 2393 3357 μᾶλλον
2425 3289 2516 3341 τὸν
2538 3288 2749 3342 οἴκοθεν
2777 3288 2887 3343 ἔδει
2928 3289 3193 3344 νοσοῦντα
3220 3290 3581 3362 παροτρῦναι,
3616 3293 3772 3362 φησὶ,

2190 3378 2326 3451 πρὸς
2357 3378 2535 3442 τοῦτο,
2591 3380 2685 3433 καὶ
2737 3379 3075 3450 τεθηγμένον
3128 3380 3188 3443 ἐξ
3240 3381 3455 3445 ἑαυτοῦ,
3508 3382 3603 3435 καὶ
3650 3382 3776 3451 ούχὶ

2193 3467 2386 3537 μᾶλλον
2428 3468 2804 3539 ἀνασειράζειν
2840 3472 2961 3532 ταῖς
2982 3469 3288 3532 νουθεσίαις
3319 3470 3414 3523 ἐπὶ
3436 3471 3496 3523 τὸ
3528 3471 3773 3541 ἄμεινον,

2190 3559 2284 3610 καὶ
2320 3558 2420 3627 τῆς
2461 3558 2814 3630 προτεθείσης
2863 3559 3020 3612 αὑτὸν
3062 3560 3339 3636 ἀνακόψαι,
3384 3561 3612 3632 βουλῆς;
3659 3565 3775 3618 Καὶ

2187 3650 2303 3719 δοίη
2353 3651 2449 3720 μὲν
2491 3651 2556 3705 ἄν
2588 3668 2674 3713 τις
2709 3651 2914 3721 σφόδρα
2963 3651 3056 3703 τοῦ
3105 3653 3410 3722 πρέποντος
3449 3653 3773 3726 διαμαρτείν

2188 3740 2449 3812 λογισμοῦ
2478 3741 2576 3812 τὴν
2612 3743 2702 3794 ἐπὶ
2729 3741 2904 3812 τούτῳ
2939 3742 3235 3813 καταϐοήν
3264 3743 3673 3816 ὁξυωπέστερόν
3708 3765 3772 3817 γε

2192 3835 2299 3901 μὴν
2342 3834 2454 3895 τοῖς
2485 3834 2543 3884 ἐν
2584 3832 2661 3901 τῷ
2686 3832 3033 3903 προκειμένῳ
3061 3833 3379 3904 θεωρήματι
3405 3834 3618 3906 ἐνείρας
3652 3835 3770 3910 [γρ.

2189 3922 2484 3992 ἐνερείσας]
2547 3924 2636 3975 τὸν
2689 3924 2835 3985 νοῦν,
2890 3924 3107 3985 ἀτόπως
3150 3924 3248 3993 μὲν
3285 3925 3438 3979 οὐδὲν
3478 3928 3772 3998 εἰρημένον

2188 4014 2429 4084 εὑρήσει,
2480 4014 2732 4083 δριμεῖαν
2782 4015 2838 4067 δὲ
2880 4014 3076 4085 μᾶλλον
3120 4015 3304 4079 αὐτοῖς
3354 4017 3771 4089 ἐνυπάρχουσαν

2190 4107 2424 4169 σύνεσιν,
2442 4106 2509 4176 ῆν
2528 4106 2643 4167 καὶ,
2672 4106 2819 4169 ὅπως
2839 4105 2903 4159 ἂν
2922 4105 3186 4178 δύνωμαι,
3211 4106 3300 4159 διὰ
3324 4107 3571 4179 βραχέων
3594 4111 3769 4163 εἰπεῖν

2189 4197 2542 4268 πειράσομαι.
2581 4197 3069 4268 Προνοητικώτατα
3114 4198 3291 4251 τοίνυν
3330 4201 3387 4252 ἐν
3415 4201 3526 4262 τοῖς
3565 4199 3768 4268 προλα-

2189 4289 2372 4342 ϐοῦσιν
2392 4291 2420 4342 ὁ
2440 4289 2601 4357 coeo;
2623 4289 3008 4359 εὐαγγελιστὴς
3030 4290 3462 4360 προεισπηδῆσαι
3483 4290 3576 4344 καὶ
3595 4292 3767 4347 είσελ-

2190 4381 2303 4436 θεῖν
2350 4383 2429 4444 είς
2471 4381 2567 4452 τὴν
2615 4381 2709 4433 τοῦ
2763 4380 3024 4451 προδότου
3057 4381 3284 4450 καρδίαν
3326 4382 3488 4437 αὐτὸν
3519 4382 3622 4455 ἔφη
3673 4385 3764 4437 τὸν

460 4498 463 4501 ν
510 4475 719 4532 diceret
745 4495 758 4530 :
784 4475 963 4530 Tuum
996 4466 1173 4545 opus,
1202 4475 1352 4546 quod
1387 4490 1557 4530 unum
1600 4474 1747 4528 nosti
1788 4480 1843 4526 et
1902 4471 2084 4527 facere

2189 4474 2450 4535 Σατανᾶν,
2487 4472 2574 4524 ἵνα
2604 4470 2861 4541 φαίνηται
2887 4469 3068 4523 λοιπὸν
3093 4473 3120 4524 ὁ
3143 4470 3346 4543 Κύριος
3367 4475 3398 4542 ή
3409 4472 3526 4543 μῶν
3561 4475 3765 4545 Ἰησοῦς

510 4571 679 4631 soles,
713 4584 746 4621 ο
799 4569 1022 4628 Satana,
1052 4567 1136 4623 l'ac
1171 4569 1305 4623 cito.
1335 4566 1600 4623 Occidisti
1640 4567 1957 4636 prophetas.
1993 4562 2082 4619 Ju-

509 4659 641 4712 dzeis
673 4658 876 4728 quippe
904 4658 970 4711 ad
1007 4658 1343 4729 impietatem
1372 4659 1569 4713 ducem
1605 4666 1654 4711 te
1685 4657 1993 4726 praebuisti,
2028 4665 2083 4711 et

511 4748 833 4819 lapidandos
857 4751 1061 4802 curasti
1087 4750 1179 4819 qui
1221 4751 1520 4804 salutarem
1558 4747 1743 4801 Israeli
1771 4746 2080 4800 doctrinam

510 4840 862 4902 nuntiabant,
897 4839 1103 4893 nemini
1152 4855 1343 4894 eorum
1385 4838 1477 4906 qui
1523 4852 1553 4890 a
1592 4837 1702 4891 Deo
1750 4837 1905 4892 missi
1951 4828 2083 4891 sunt

510 4931 806 5002 pepercisti
841 4951 853 4986 :
886 4946 1049 4987 onme
1109 4931 1457 4986 crudelitatis
1508 4936 1561 4982 et
1627 4928 1830 4982 furoris
1904 4944 2079 4998 genus

448 5085 455 5094 ι
510 5022 657 5076 ultra
714 5022 938 5076 modum
992 5020 1313 5076 exercuisti.
1353 5018 1524 5073 Venio
1576 5020 1742 5085 igitur
1783 5029 1913 5087 post
1959 5019 2084 5072 illos

449 5106 456 5121 ί
508 5128 631 5185 ego,
676 5117 993 5169 errantibus
1031 5113 1265 5167 daturus
1303 5117 1362 5162 ut
1421 5124 1529 5163 non
1581 5110 1818 5178 amplius
1870 5122 2079 5173 errent,

512 5205 569 5259 in
610 5205 856 5260 tenebris
896 5205 1160 5273 degentes
1202 5201 1258 5253 in
1301 5198 1421 5253 luce
1453 5199 1640 5253 divina
1679 5201 2078 5263 collocaturus,

511 5296 565 5351 in
594 5305 716 5351 tuos
745 5298 973 5367 laqueos
1015 5294 1195 5361 lapsos
1235 5304 1299 5344 ac
1331 5301 1440 5343 tua:
1470 5289 1813 5347 crudelitatis
1840 5293 2076 5361 prtedam

514 5388 688 5443 l‘actos
736 5387 849 5442 tuis
908 5382 1143 5437 vinculis
1203 5379 1580 5451 expediturus.
1627 5379 1798 5435 Venio
1864 5384 2079 5453 peccati

511 5487 737 5549 propter
767 5486 820 5531 te
849 5473 1132 5544 regnantis
1154 5488 1453 5529 eversurus
1480 5472 1847 5544 tyrannidem,
1876 5486 1929 5529 et
1954 5476 2081 5545 quis

508 5574 579 5626 sit
626 5578 824 5625 natura
858 5565 1002 5620 Deus
1036 5567 1184 5621 omni
1250 5566 1453 5620 homini
1512 5564 1910 5635 patefactnrus.
1961 5564 2066 5622 Sed

576 5747 617 5777 οι
660 5742 804 5796 Psat.
843 5757 1046 5807 cxvm,
1089 5744 1177 5798 ὅτ.

2190 4567 2217 4617 ὁ
2256 4563 2489 4634 Χριστὸς
2526 4561 2676 4632 αὐτῷ
2720 4562 2939 4632 μᾶλλον,
2970 4562 3114 4633 ἤπερ
3143 4563 3310 4626 ὅντως
3332 4581 3390 4617 τε
3430 4564 3523 4619 καὶ
3548 4558 3766 4635 ἀληθῶς

2192 4656 2267 4726 τῷ
2304 4657 2432 4725 παρ’
2457 4654 2619 4708 αὑτοῦ
2650 4655 2715 4708 δι’
2757 4654 3089 4726 ἀπροσεξίας
3126 4659 3522 4728 κεκρατημένῳ
3551 4659 3763 4727 λέγειν·

2198 4768 2215 4799 ι
2234 4749 2297 4801 Ὃ
2315 4751 2506 4810 ποιεῖς,
2530 4746 2753 4816 ποίησον
2771 4748 2972 4816 τάχιον.
3001 4765 3019 4795 ι
3051 4748 3274 4816 Ὅμοιον
3297 4748 3426 4819 γὰρ,
3448 4748 3523 4812 ὡς
3545 4752 3593 4802 εξ
3617 4748 3764 4818 λέγοι

2194 4837 2379 4907 σαφῶς
2406 4855 2418 4869 ’
2447 4839 2519 4890 Τὸ
2546 4837 2637 4890 σὺν
2663 4836 2822 4908 ἔργον
2855 4839 2992 4907 ὅπερ
3022 4833 3177 4890 οἶσθα
3207 4839 3384 4907 μόνον,
3412 4839 3505 4891 καὶ
3529 4838 3661 4910 δρᾷν
3680 4840 3764 4893 ἀεί

2192 4948 2275 4984 σοι
2321 4929 2494 4999 φίλον,
2524 4928 2570 4982 ὧ
2607 4930 2839 4993 Σατανᾶ,
2885 4930 3109 5001 ποίησον
3151 4932 3355 5000 τάχιον.
3409 4931 3764 4997 Ἀπέκτεινας

2181 5024 2307 5086 τοὺς
2339 5021 2625 5094 προφήτας
2655 5023 3033 5091 (ἐστρατήγεις
3074 5022 3180 5095 γὰρ
3222 5024 3296 5084 εἰς
3341 5022 3762 5076 ἀσέϐειανἾου-

2179 5112 2396 5183 δαίοις),
2430 5114 2523 5166 καὶ
2547 5113 2664 5165 τότε
2697 5111 3125 5181 καταλευσθῆναι
3175 5113 3599 5183 παρασκευάσας
3640 5131 3761 5177 τους

2179 5203 2271 5256 τὸν
2298 5206 2562 5274 σωτήριον
2602 5200 2696 5254 τοῦ
2752 5201 2968 5272 Ἰσραὴλ
3011 5202 3412 5272 πρεσϐεύοντας
3446 5203 3623 5272 λόγον.
3673 5206 3758 5258 οὑ-

2179 5294 2324 5356 δενὸς
2347 5293 2547 5362 ἐφείσω
2577 5293 2682 5345 τῶν
2696 5292 3322 5365 ’ἀπεσταλμένωπππαρά
3355 5296 3490 5348 Θεοῦ
3518 5313 3531 5326 ·
3581 5298 3760 5350 πᾶσαν

2183 5386 2263 5446 εἰς
2306 5384 2504 5444 αὐτοὺς
2535 5379 2802 5443 ἁπεόείξω
2841 5380 2939 5449 τὴν
2982 5380 3123 5449 ὑπὲρ
3155 5380 3311 5448 λόγον
3358 5381 3616 5452 ὠμότητα
3667 5385 3759 5437 καὶ

2185 5475 2384 5545 μανίας
2433 5475 2757 5545 ὑπερϐολήν.
2803 5473 2962 5526 ’Ἥκω
3004 5471 3294 5543 τοιγαροῦν
3356 5474 3468 5542 μετ’
3518 5473 3756 5536 ἐκείνους

2181 5565 2311 5634 ἐγὼ,
2346 5556 2456 5631 τοῖς
2496 5567 2591 5636 μὲν
2627 5567 2701 5619 ἔτι
2733 5564 3103 5634 πλανωμένοις
3136 5566 3194 5617 τὸ
3230 5566 3427 5637 μηκέτι
3453 5566 3756 5622 πλανᾶσθαι
