4010 6320
195 333 291 391 1ιό

1229 343 1293 398 ΙΝ
1336 341 1622 401 JOANNIS
1648 340 2100 401 EVANGELIUM
2141 345 2281 401 LIB.‘
2319 341 2408 401 ΙΧ.

3356 353 3475 410 ιιη·

197 457 394 521 διδοὺς,
430 460 545 522 τοῖς
574 459 632 513 ἐν
664 461 843 515 σκότει
876 461 1156 533 κατορθῶν
1178 463 1239 517 τὸ
1265 465 1322 517 ἐν
1350 464 1488 531 φωτὶ
1522 462 1774 531 γενέσθαι

1893 465 2125 533 ψρινῐηιο
2157 467 2282 521 novi
2318 465 2605 522 eﬂeratum
2644 475 2797 521 tuum
2837 467 3108 523 animum.
3142 468 3298 537 Quod
3330 488 3461 543 ergo

195 548 275 620 τῷ
298 546 451 619 θείῳ,
482 551 596 613 τοῖς
625 551 705 614 είς
726 550 827 623 τὴν
856 552 957 624 σὴν
984 553 1187 621 παγίδα
1227 553 1649 625 κατολισθήσασι
1688 554 1783 607 καὶ¹

197 637 422 710 θήραμα
445 638 549 708 τῆς
574 639 674 710 σῆς
695 642 1008 712 γενομένοις
1026 641 1329 714 ὠμότητος,
1357 644 1417 697 τὸ
1444 643 1549 711 ἔξω
1574 644 1783 716 βρόχων

196 729 450 797 γενέσθαι
482 729 846 802 δωρούμενος.
881 734 1057 787 Ἥκω
1076 733 1179 804 τῆς
1206 730 1294 788 δίά
1323 735 1382 788 σὲ
1414 734 1780 805 τυραννούσης

198 823 477 892 ἁμαρτίας
505 824 827 880 καταλύσων
848 824 908 879 τὸ
926 826 1147 898 κράτος,
1181 828 1276 881 καὶ
1306 827 1386 891 τίς
1412 828 1441 880 ὁ
1472 826 1631 898 φύσει
1649 828 1783 892 Θεὸς

198 914 481 980 ἐπιδείξων
520 915 793 988 ἀνθρώπῳ
821 917 1003 972 παντί.
1041 918 1179 971 Ἀλλ’
1212 915 1330 974 οἶδα
1353 920 1543 975 λοιπὸν
1577 923 1639 974 οὐ
1683 936 1782 990 με-

197 1003 364 1074 τρίως
394 1004 501 1077 τὴν
528 1007 630 1077 σὴν
662 1007 954 1062 ἁτίθασσον
993 1008 1185 1078 φρένα.
1216 1008 1397 1079 Ὅπερ
1424 1005 1519 1063 οὖν
1548 1009 1665 1073 ἔθος
1701 1027 1781 1064 σοι

197 1093 426 1167 τολμᾷν,
483 1098 577 1151 ἐπὶ
636 1102 749 1164 τοῖς
792 1099 862 1155 τά
896 1098 1123 1152 τοιαῦτα
1172 1098 1471 1170 κατορθοῦν
1510 1099 1780 1164 ἐθέλουσι,

197 1187 406 1257 πράττε
437 1190 535 1242 καὶ
577 1189 690 1244 νῦν.
756 1191 1022 1257 Ἀνιάσεις
1049 1191 1159 1263 γὰρ
1187 1191 1441 1263 οὐδαμῶς
1469 1194 1780 1247 ἐπιπίπτων

196 1278 342 1344 ὀξὺς,
374 1280 472 1334 καὶ
508 1282 714 1354 σφόδρα
741 1283 939 1353 δριμὺς
979 1284 1318 1355 ἐγκείμενος,
1356 1287 1480 1339 ὅσον
1525 1287 1592 1339 ἂν
1626 1285 1781 1340 ἔσται

195 1372 256 1425 τὸ
286 1372 570 1437 πάθοςδι*
599 1375 734 1444 ἐμοῦ
759 1374 984 1445 βαδίσαν
1021 1378 1080 1430 ἐν
1117 1376 1282 1448 ἀρχῇ.
1332 1377 1441 1431 Καὶ
1481 1379 1640 1432 ταυτὶ
1682 1379 1782 1449 μὲν

197 1465 375 1532 ἔγωγε
407 1463 501 1518 τοῦ
531 1466 780 1537 Σωτῆρος
806 1466 874 1520 τὰ
898 1467 963 1537 ρή
974 1452 1139 1537 ματα,
1162 1469 1265 1538 τὴν
1293 1467 1389 1521 τοῦ
1418 1472 1780 1540 προκειμένου

196 1553 432 1622 δύναμιν
468 1556 878 1610 ὑπαινίττεσθαί
913 1575 1030 1622 πως
1067 1559 1436 1630 ὑπολαμϐάνω
1460 1577 1474 1591 θ
1519 1561 1783 1632 ἐπιταχύ-

196 1647 387 1700 νεσθαι
415 1648 472 1701 δέ
496 1648 585 1702 διὰ
621 1649 781 1702 τοῦτο
817 1651 1145 1721 προστάττει
1173 1651 1242 1705 τὰ
1269 1652 1618 1724 τολμήματα,
1651 1653 1781 1725 φέρε

195 1740 259 1808 δὴ
291 1739 462 1792 πάλιν
492 1739 968 1811 διασκεπτώμεθα.
1016 1743 1211 1796 Καίτοι
1255 1745 1537 1799 πάνδεινον
1586 1746 1685 1816 μὲν
1722 1747 1783 1800 τὸ

1883 552 2088 608 audere
2124 555 2292 618 soles,
2332 553 2418 609 fac
2450 554 2778 610 etiamnum.
2809 555 3164 627 Nequaquam
3197 560 3342 614 enim
3377 577 3461 616 me

1881 642 2070 707 laedes,
2107 645 2327 700 tametsi
2395 644 2634 701 infestus
2703 663 2860 713 ruas,
2924 648 3103 703 donec
3175 649 3480 705 advenerit

1883 737 2086 805 passio.
2127 738 2308 808 Atque
2344 738 2430 793 his
2473 740 2576 810 ego
2612 739 2796 795 verbis
2844 740 3165 797 Scrvatoris-
3190 742 3295 796 luci
3336 759 3456 812 pro-

1883 827 2046 895 positi
2079 843 2304 884 sensum
2341 830 3051 900 quodammodo?subinnui
3079 834 3325 903 opinor:
3365 835 3490 887 sed-

1881 932 1983 972 cur
2011 919 2225 975 facinus
2256 922 2582 976 aceelerari-
2611 922 2826 991 jubeat,
2867 939 2964 994 age
2996 926 3178 978 denuo
3207 926 3462 979 conside-

1880 1024 2081 1064 remus.
2105 1008 2457 1068 Gravissima
2479 1012 2682 1083 quippe
2702 1023 2787 1068 est
2813 1013 3133 1068 Judz‘eorum
3171 1015 3460 1086 impiorum

1880 1101 2134 1165 audacia,
2182 1103 2509 1160 incredibili
2555 1106 2743 1161 furore
2792 1107 2845 1160 in
2884 1123 3009 1161 eum
3048 1108 3242 1164 szevire
3289 1109 3463 1173 medi-

1883 1195 2135 1275 tantium.
2161 1186 2358 1267 Flagra
2382 1198 2556 1264 enim,
2583 1210 2638 1253 et
2666 1198 3088 1255 maledictorum
3127 1199 3285 1253 turba
3321 1199 3460 1253 inte-

1883 1286 2150 1348 lerabilis,
2193 1290 2387 1359 plagae,
2420 1298 2605 1360 sputa,
2648 1291 2715 1346 ad
2760 1298 3071 1347 extremum
3130 1291 3465 1349 miserabilis

1883 1393 2035 1434 mors
2068 1379 2125 1433 in
2158 1381 2329 1452 ligno,
2377 1383 2541 1448 clavi,
2575 1399 2736 1451 crux,
2787 1393 3026 1451 acetum,
3063 1393 3110 1439 et
3166 1386 3258 1451 li-l,
3288 1392 3343 1439 et
3397 1400 3461 1439 ex

1882 1468 2037 1521 hasta
2077 1469 2282 1525 vulnus
2315 1486 2440 1526 eum
2496 1473 2810 1528 manebant.
2843 1472 2983 1538 Quid
3033 1488 3169 1544 ergo
3215 1472 3474 1539 festinat,

1882 1560 2084 1629 inquit,
2103 1575 2167 1615 ac
2191 1561 2323 1617 sine
2342 1577 2496 1617 mora
2526 1564 2646 1617 vult
2678 1579 2708 1617 a
2729 1563 2951 1617 diabolo
2984 1564 3164 1633 peragi
3187 1563 3483 1633 passionis

1885 1649 2151 1705 nefarium
2209 1650 2466 1706 facinus?
2520 1652 2759 1707 Ministri
2797 1652 2945 1705 enim
3004 1658 3058 1706 ct
3112 1660 3465 1704 exsecutor-es

1886 1743 2152 1798 malorum
2179 1744 2376 1798 borum
2405 1744 2559 1799 fuere
2585 1743 2779 1800 Judaei.
2800 1744 2906 1815 lpsi
2933 1752 3113 1797 tamen
3139 1753 3196 1795 ιιι
3220 1744 3462 1796 muninm

197 1830 305 1885 τῶν
335 1833 573 1886 ἀνοσίων
602 1833 917 1906 εὑρίσκεται
946 1832 1168 1905 θράσος,
1195 1838 1551 1907 ἐμπαροινεῖν
1612 1839 1783 1892 ἀκαθ-

1893 1831 2012 1886 duci
2040 1840 2094 1887 et
2137 1834 2192 1888 in
2223 1834 2425 1888 caedem
2465 1833 2672 1889 Christi
2702 1834 3119 1904 conjuratorum
3150 1842 3314 1901 atque
3354 1832 3465 1901 pri-

200 1921 376 1986 ἑκτως
410 1922 683 1993 ἑλομένων
705 1923 875 1990 αὐτῷ.
894 1925 1209 1996 Προσδοκᾷν
1240 1927 1348 1996 γὰρ
1373 1923 1440 1998 ἦν
1460 1928 1780 1999 αἰκίσματα,

201 2015 295 2066 καὶ
323 2014 625 2085 δυσφήμων
671 2015 826 2087 δχλον
873 2019 934 2070 οὐ
981 2019 1237 2089 φορητὸν,
1276 2020 1489 2090 πληγὰς
1559 2025 1654 2076 καὶ
1683 2025 1784 2094 ἐμ·-

200 2104 518 2176 πτύσματα,
548 2108 642 2160 καὶ
671 2109 732 2161 τὸ
774 2109 1080 2163 τελευταῖον
1123 2110 1352 2164 ἐλεεινὸν
1380 2112 1472 2165 τὸν
1511 2114 1604 2167 ἐπὶ
1644 2114 1785 2186 ξύλῳ

198 2197 453 2262 θάνατον,
488 2199 670 2268 ἥλους,
718 2201 814 2255 καὶ
862 2202 1113 2273 σταυρὸν,
1153 2202 1292 2267 ὄξος,
1347 2206 1442 2257 καὶ
1473 2205 1657 2277 χολὴν,
1691 2207 1785 2260 καὶ

196 2288 268 2343 τά
311 2291 378 2343 ἐκ
429 2290 628 2361 λόγχης
669 2291 980 2364 τραύματα.
1038 2293 1102 2346 Τί
1132 2296 1419 2365 τοιγαροῦν
1445 2297 1783 2363 ἐπισπεύδει,

198 2381 355 2451 φησὶ,
389 2381 484 2435 καὶ
511 2381 779 2453 ἀμελλητὶ
803 2383 1036 2453 δρᾶσθαι
1084 2384 1334 2454 βούλεται
1368 2388 1515 2459 παρὰ
1546 2388 1640 2442 τοῦ
1670 2390 1787 2442 δια-

196 2472 357 2527 ϐόλου
388 2473 461 2528 τά
482 2475 578 2529 ἐπὶ
610 2476 687 2547 τῷ
716 2476 880 2530 πάθει
907 2477 1234 2548 τολμήματα
1261 2497 1277 2546 ;
1310 2481 1420 2534 Καὶ
1448 2481 1557 2552 γὰρ
1584 2482 1787 2554 ὑπηρέ-

196 2580 288 2615 ται
333 2564 625 2633 γεγόνασιν
684 2565 926 2620 Ἰουδαῖοι
975 2569 1068 2621 καὶ
1106 2569 1372 2641 ὑπουργοὶ
1422 2572 1530 2625 τῶν
1575 2574 1781 2628 κακῶν.

209 2652 356 2707 Ἀλλ’
386 2655 579 2725 ἐκείνῳ
627 2655 689 2710 τὺ
721 2659 829 2711 πᾶν
863 2658 1194 2731 ἐπιθήσομεν
1227 2663 1618 2732 στρατηγοῦντι
1648 2664 1786 2735 πρὸς

200 2745 538 2815 μιαιφονίαν,
562 2747 654 2800 καὶ
676 2744 941 2820 ἀπαρχῶν
964 2738 1248 2825 ἐξάρχοντὶ
1268 2749 1376 2803 τῶν
1400 2751 1604 2804 κακῶν.
1646 2750 1786 2804 Ἀλλ’

197 2835 249 2887 εί
296 2835 395 2888 καὶ⁵
441 2836 645 2908 σφόδρα
692 2838 844 2892 δεινὰ
882 2838 951 2893 τὰ
1002 2842 1083 2903 εἰς
1128 2841 1362 2912 Χριστὸν
1414 2841 1523 2894 τῶν
1556 2842 1786 2911 ἀνοσίων

211 2925 489 2982 Ἰουδαίων
531 2929 875 3003 τολμήματα,
923 2933 1018 2986 καὶ
1062 2932 1331 3004 ἀφόρητος
1380 2933 1491 2986 τῶν
1538 2949 1784 3005 σταυρω-

114 3048 121 3051 “
200 3021 415 3076 σάντων
444 3021 687 3093 η’ὖϐρις,
728 3024 843 3077 ἀλλ’
871 3019 989 3096 ᾔδει
1021 3022 1115 3077 τοῦ
1152 3024 1355 3088 πάθους
1383 3026 1444 3078 τὸ
1471 3025 1665 3094 πέρας,
1691 3027 1788 3079 καὶ

1888 1925 2164 1979 mitiarum
2227 1926 2497 1981 malorum
2554 1927 2791 1996 principi
2856 1935 3033 1979 totum
3096 1925 3461 1979 ascribemus.

1886 2015 2071 2086 Atqui,
2102 2017 2232 2071 licet
2261 2016 2624 2072 acerbissima
2655 2032 2882 2086 quaeque
2903 2014 3076 2068 Judaei
3110 2014 3164 2067 in
3184 2012 3464 2065 Christum

1886 2108 2356 2175 machinareutur,
2379 2120 2431 2165 et
2450 2109 2817 2164 intolerabilis
2851 2115 3000 2162 esset
3020 2103 3463 2174 crueiligentimn

1888 2197 2063 2263 furor,
2093 2199 2372 2270 passionis
2405 2209 2588 2253 tamen
2619 2200 2852 2263 exitum,
2874 2205 2937 2250 et.
2972 2196 3104 2267 quid
3143 2195 3274 2250 hinc
3300 2209 3466 2249 even-

1886 2299 2070 2345 turum
2101 2299 2248 2346 esset
2278 2296 2532 2346 noverat.
2572 2289 2839 2344 Evcrsum
2880 2289 2947 2343 iri
2978 2302 3176 2357 nempe
3218 2285 3468 2339 funditus

1885 2396 1984 2451 per
2012 2381 2382 2438 venerandam
2410 2398 2632 2437 crucem
2676 2380 2883 2436 diaboli
2929 2379 3298 2451 tyrannidem,
3322 2392 3469 2431 mor-

1889 2481 1998 2528 tem
2042 2472 2387 2529 destructum
2429 2473 2520 2538 iri,
2545 2481 2602 2528 et
2634 2472 3008 2542 corruptionis
3043 2468 3337 2525 delendum
3368 2467 3470 2519 im-

1887 2565 2123 2635 perium,
2152 2574 2207 2620 et
2234 2572 2421 2620 vetere
2448 2566 2543 2619 illo
2572 2564 2887 2618 maledicto
2914 2562 3262 2618 liberandum
3294 2574 3471 2630 genus

1888 2655 2231 2719 humanum,
2290 2655 2539 2725 adeoque
2595 2654 2937 2726 benignitate
2988 2662 3038 2707 ct
3099 2651 3274 2721 gratia
3342 2648 3469 2702 Ser-

1886 2748 2096 2802 vatoris
2149 2748 2325 2803 nostri
2378 2745 2583 2801 Christi
2612 2753 2965 2801 cessaturum
3000 2744 3189 2797 illud.:
3242 2762 3259 2793 ι
3294 2742 3469 2795 Terra

1887 2853 1966 2904 es,
2023 2849 2077 2894 et
2134 2839 2190 2894 in
2238 2849 2443 2895 terram
2514 2838 2810 2895 reverteris
2841 2838 2922 2903 ”;
2966 2856 2985 2889 ι
3042 2835 3201 2907 74],
3250 2847 3469 2886 omnem

1889 2931 2241 3002 iniquitatem
2277 2933 2650 3003 oppilaturam
2677 2947 2741 2985 os
2774 2945 2957 2995 suum,
2988 2929 3146 2998 juxta
3186 2926 3474 2995 Propheta:

1888 3038 2079 3078 vocem
2127 3024 2206 3088 ⁸³,
2268 3040 2370 3080 nec
2435 3025 2673 3095 amplius
2729 3024 2833 3079 sibi
2899 3019 3174 3075 obnoxios
3240 3032 3471 3073 accusa-

197 3110 252 3163 τί
380 3112 629 3167 ἐντεῦθεν
674 3114 1107 3185 ἀποϐησόμενον.
1142 3115 1374 3186 Ἔμελλε
1423 3116 1533 3187 γὰρ
1561 3116 1651 3170 διὰ
1690 3117 1785 3170 τοῦ

1894 3123 2104 3181 turam,
2138 3127 2192 3171 et
2232 3117 2498 3173 delendos
2539 3119 2702 3184 plane
2735 3123 3007 3185 quotquot
3034 3113 3120 3187 sin
3177 3112 3309 3165 orbe
3363 3118 3474 3163 ter-

198 3204 387 3276 τιμίου
420 3206 656 3279 σταυροῦ
684 3208 968 3261 πεσεῖσθαι
1009 3209 1108 3279 μὲν
1134 3209 1214 3273 είς
1238 3209 1299 3263 τὸ
1338 3210 1601 3273 παντελὲς
1631 3211 1664 3280 ἡ
1694 3212 1788 3264 τοῦ

198 3295 451 3349 διαϐόλου
495 3299 770 3369 τυραννὶς.
813 3297 1203 3369 καταργεῖσθαι
1237 3298 1296 3352 δὲ
1322 3297 1571 3363 θάνατος,
1607 3300 1700 3352 καὶ
1731 3300 1795 3353 τὸ

198 3389 303 3460 τῆς
334 3388 546 3459 φθορᾶς
582 3389 941 3459 ἀφανίζεσθαι
990 3390 1211 3461 κράτος,
1243 3390 1575 3446 ἀπολύεσθαί
1602 3409 1662 3444 τε
1694 3393 1793 3463 τῆς

199 3483 441 3555 ἀρχαίας
471 3482 687 3553 ἐκείνης
709 3484 849 3554 ἀρᾶς
872 3483 933 3536 τὸ
966 3482 1304 3555 ἀνθρώπινον
1329 3485 1503 3551 γένος,
1532 3484 1794 3555 ἀργήσειν

200 3577 580 3650 προσεδοκᾶτο
633 3575 820 3629 λοιπὸν
856 3578 921 3632 ἐκ
967 3574 1379 3646 φιλανθρωπίας
1430 3576 1525 3629 καὶ
1571 3576 1795 3646 χάριτος

199 3669 301 3724 τοῦ
339 3667 595 3739 Σωτῆρος
624 3667 785 3739 ήμῶν
806 3666 1045 3739 Χριστοῦ
1070 3670 1131 3721 τό
1153 3685 1167 3699 ’
1201 3685 1220 3719 ι
1252 3668 1326 3738 Γῆ
1356 3663 1426 3731 εἷ.
1452 3669 1545 3721 καὶ
1577 3670 1657 3732 εἰς
1692 3669 1795 3738 Υῆν

202 3759 510 3833 ἁπελεύσῃ.
541 3778 559 3811 ι
598 3758 864 3830 Ἐμελλεν
894 3759 1098 3829 ἀνομία
1141 3761 1324 3822 πᾶσα,
1382 3761 1523 3816 κατὰ
1555 3760 1654 3832 τὴν
1699 3760 1794 3815 τοῦ

204 3851 501 3921 Προφήτου
534 3848 736 3920 φωνὴν,
763 3848 1064 3918 ἐμφράξειν
1091 3849 1269 3920 στόμα
1295 3848 1484 3919 αὑτῆᾴ
1526 3851 1621 3905 καὶ
1662 3869 1795 3905 κατ-

201 3945 436 4013 ηγορεῖν
454 3942 552 4013 μὲν
580 3941 765 3995 οὐκέτι
790 3940 900 3995 τῶν
925 3942 1016 3994 ὑπ’
1045 3941 1217 4012 αὐτὴν
1244 3943 1564 4018 γεγονότων,
1597 3944 1796 4012 ἀφανί-

136 4042 143 4047 “
204 4033 403 4099 ζεσθαι
439 4032 495 4087 δέ
527 4031 807 4096 παντελῶς
836 4031 1058 4111 ἔμελλον
1096 4032 1148 4084 οἱ
1177 4030 1321 4085 κατά
1359 4033 1539 4085 πᾶσαν
1582 4032 1682 4105 τὴν
1718 4034 1797 4087 oi-

205 4124 489 4197 κουμὲνην
517 4125 611 4179 τὸν
650 4124 866 4195 ἀληθῶς
893 4123 1056 4193 φύσει
1100 4123 1196 4177 καὶ
1245 4123 1406 4193 μόνον
1445 4123 1547 4177 οὐκ
1594 4124 1797 4189 εἰδότες

203 4218 369 4283 Θεὸν,
423 4218 475 4272 οἳ
507 4219 573 4288 τῇ
603 4218 683 4280 εἰς
713 4215 947 4287 Χριστὸν
993 4213 1366 4267 δεδικαίωνται
1415 4214 1617 4279 πίστει,
1652 4217 1798 4270 ἀνοι-

206 4310 515 4383 χθήσεσθαι
572 4308 759 4363 λοιπὸν
809 4310 843 4381 ή
900 4307 996 4361 τοῦ
1052 4305 1382 4379 παραδείσου
1432 4307 1800 4377 προσεδοκᾶτο

206 4405 381 4475 πύλη.
416 4404 656 4475 ’Ἔμελλε
699 4405 813 4467 τοῖς
843 4401 1101 4457 ἀνωτάτω
1126 4399 1198 4454 τά
1226 4400 1380 4453 κάτω
1406 4399 1792 4468 συνάπτεσθαι,

1895 3222 2081 3263 rarum
2140 3209 2311 3264 Deum
2342 3224 2579 3277 ,verum,
2609 3206 2940 3270 naturalem,
2977 3218 3031 3260 et
3083 3203 3308 3257 unicum
3363 3217 3472 3255 non

1894 3309 2117 3365 norant,
2150 3307 2426 3371 quotquot
2460 3314 2593 3355 vero
2631 3299 2737 3354 iide
2766 3299 2820 3352 in
2855 3297 3138 3353 Christum
3183 3292 3474 3363 j‘ustilicati

1895 3399 2047 3457 sunt,
2079 3391 2147 3446 iis
2196 3392 2439 3462 paradisi
2493 3392 2722 3462 januam
2778 3389 3152 3458 aperiendam.
3188 3386 3476 3456 Supremis

1894 3483 2156 3539 inferiora
2181 3484 2298 3540 haec
2328 3484 2741 3556 conjungenda.
2774 3491 2829 3538 et
2859 3490 3111 3553 apertum
3150 3478 3371 3550 quidem
3408 3478 3474 3532 iri

1895 3576 2123 3643 caelum,
2152 3576 2309 3645 juxta
2344 3575 2658 3632 Servatoris
2690 3591 2909 3637 vocem,
2940 3583 3258 3629 sanctorum
3289 3583 3473 3626 autem

1895 3669 2216 3739 angelorum
2251 3667 2478 3723 ordines
2520 3681 2855 3721 aseeusuros
2882 3682 2948 3720 ac
2974 3667 3349 3721 descensuros
3388 3680 3478 3717 su-

1896 3777 1993 3833 pra
2016 3761 2213 3816 Filium
2240 3760 2482 3815 hominis
2513 3760 2583 3815 “.
2612 3759 2751 3815 Cum
2786 3767 2867 3813 tot
2896 3758 3072 3829 igitur
3102 3759 3245 3812 bona
3278 3772 3473 3825 exspe-

1897 3863 2204 3920 ctarentur,
2241 3870 2307 3910 ac
2349 3863 2457 3909 tam
2488 3853 2639 3908 clara
2692 3868 2823 3922 spes
2859 3851 3021 3906 nobis
3054 3866 3149 3920 per
3178 3849 3476 3904 salutarem

1899 3961 2122 4002 crucem
2176 3950 2374 4001 rursus
2405 3944 2761 4009 excitaretur,
2796 3941 3076 4013 quomodo
3110 3956 3337 4006 necesse
3369 3956 3477 3995 non

1897 4046 2016 4095 erat
2045 4046 2106 4092 ut
2132 4038 2224 4108 qui
2259 4048 2508 4093 nostram
2541 4038 2776 4092 salutem
2810 4044 3096 4105 tantopere
3131 4031 3481 4102 optabat,at-

1898 4149 2005 4204 que
2027 4147 2147 4186 eam
2166 4132 2238 4187 ob
2260 4135 2372 4187 r‘em
2406 4130 2585 4185 factus
2611 4137 2730 4185 erat
2754 4129 2924 4182 homo
2946 4126 3107 4182 sicuti
3132 4141 3251 4189 nos,
3274 4126 3483 4195 absque

1898 4231 2148 4293 peccato.
2182 4222 2591 4292 optatissimum
2643 4221 2748 4275 hoc
2782 4230 2997 4288 tempus
3040 4217 3227 4272 videre
3286 4233 3479 4286 percu-

1900 4317 2090 4387 peret?
2129 4316 2237 4383 Qui
2279 4330 2412 4371 vero
2468 4330 2701 4371 necesse
2752 4328 2860 4367 non
2914 4320 3037 4367 erat
3089 4319 3149 4365 ut
3203 4311 3296 4380 qui
3353 4309 3481 4363 mali

1905 4406 2042 4473 nihil
2074 4412 2329 4469 noverat,
2371 4403 2660 4459 diabolica:
2708 4402 2971 4472 nequitia:
3001 4400 3316 4455 molitiones
3350 4415 3482 4453 con-

209 4501 308 4552 καὶ
334 4496 651 4567 ἀνοίγεσθαι
694 4496 789 4567 μὲν
825 4493 1110 4566 οὐρανοὺς,
1136 4492 1278 4547 κατά
1303 4492 1403 4563 τὴν
1425 4490 1520 4545 τοῦ
1552 4491 1795 4564 Σωτῆρος

1906 4507 2197 4561 temneret,
2219 4506 2273 4551 et
2298 4498 2362 4552 ad
2391 4506 2501 4551 tam
2536 4497 2700 4550 clarae
2725 4493 3044 4550 festivitatis
3075 4493 3481 4564 Optatissinmm

210 4593 406 4663 φωνήν
429 4608 445 4624 ο
486 4591 557 4643 τὰ
584 4590 640 4643 δέ
665 4589 774 4642 τῶν
809 4588 981 4657 ἁγίων
1010 4585 1260 4656 ἀγγέλων
1283 4585 1542 4654 τάγματα
1575 4585 1801 4639 ἀναϐαί-

209 4702 349 4749 νειν,
398 4685 495 4737 καὶ
536 4683 886 4738 καταϐαίνειν
922 4684 1014 4737 ἐπὶ
1045 4684 1138 4738 τὸν
1178 4684 1308 4737 Υίὺν
1349 4684 1443 4738 τοῦ
1487 4680 1798 4758 ἀνθρώπου.

212 4770 355 4828 Εἶτα
400 4772 691 4838 τοσούτων,
743 4774 866 4827 είπέ
915 4791 1023 4845 μοι,
1060 4773 1536 4845 προσδοκωμένων·
1558 4776 1800 4844 ἀγαθῶν,

211 4868 312 4939 καὶ
342 4867 609 4937 λαμπρᾶς
638 4865 809 4930 οὕτως
843 4866 1056 4930 ἐλπίδος
1100 4867 1530 4938 ἀνατικτομὲνης
1558 4869 1694 4939 ήμῖν
1718 4867 1806 4921 διὰ

210 4958 312 5012 τοῦ
340 4957 611 5030 σωτηρίου
640 4956 875 5030 σταυροῦ
899 4974 916 4987 ⁸
946 4957 1063 5022 πῶς
1095 4958 1195 5011 οὐκ
1220 4956 1326 5011 ἔδει
1355 4957 1447 5011 τὸν
1479 4959 1577 5029 τὴν
1607 4960 1806 5029 ἡμετέ-
1846 4996 1859 5007 μ

219 5070 325 5122 ραν
364 5051 672 5121 διψήσαντα
725 5051 1020 5123 σωτηρίαν,
1070 5051 1159 5105 διά
1206 5068 1265 5105 τε
1298 5051 1459 5105 τοῦτο
1500 5051 1624 5106 καθ’
1658 5055 1805 5124 ἡμᾶς

214 5143 483 5212 γεγονότα
509 5143 677 5213 χωρὶς
703 5141 996 5214 ἁμαρτίας,
1029 5141 1119 5194 τὸν
1139 5139 1283 5194 οὕτω
1309 5139 1634 5210 τριπόθητον
1658 5141 1781 5194 ἐπεί
1790 5171 1810 5182 -

214 5236 418 5306 γεσθαι
463 5226 684 5306 βλέπειν
732 5235 832 5305 ήδη
890 5234 1128 5306 παρόντα
1172 5231 1396 5303 καιρόν;
1450 5231 1574 5295 Πῶς
1611 5232 1667 5285 δέ
1708 5235 1810 5289 οὐκ

216 5325 395 5397 ἐχρῆν
443 5326 537 5379 τὸν
586 5324 739 5379 οὐδὲν
801 5325 977 5379 εἰδότα
1036 5323 1206 5378 κακὸν
1253 5324 1665 5400 καταφρονῆσαι
1711 5326 1810 5394 μὲν

214 5418 335 5471 τῶν
369 5418 431 5471 ἐκ
462 5416 779 5486 διαϐολικῆς
812 5415 1147 5487 κακουργίας
1184 5413 1622 5483 ἐσκευασμένων,
1659 5414 1811 5466 ἐπεί-

215 5509 421 5579 γεσθαι
472 5510 529 5563 δέ
568 5508 771 5578 μᾶλλον
815 5506 986 5560 ἐλθεῖν
1030 5508 1110 5570 είς
1148 5490 1592 5576 τὸντριπόθητον
1620 5506 1812 5576 καιρὸν

216 5605 322 5674 τῆς
350 5602 494 5657 οὕτω
523 5601 790 5672 λαμπρᾶς
817 5601 1042 5672 sepem;
1084 5600 1199 5653 Οὐκ
1236 5598 1397 5652 είδότι
1424 5597 1711 5670 τοιγαροῦν
1736 5590 1827 5669 τῇδ’

1907 4604 2124 4664 tempus
2176 4592 2533 4662 properaret?
2580 4588 2860 4658 lgnoranti
2917 4601 3051 4656 ergo
3107 4586 3326 4640 Satanw
3379 4583 3483 4638 sibi

1908 4686 2111 4741 bellum
2183 4684 2385 4754 parari,
2443 4682 2823 4749 nescientique
2892 4694 3124 4749 prorsus
3178 4679 3484 4748 patibulum

1907 4778 2089 4833 crucis
2113 4775 2375 4831 struendo
2404 4774 2536 4829 dare
2561 4773 2804 4842 scipsum
2843 4771 3199 4840 praecipitem,
3226 4768 3487 4824 Servatur

1906 4854 2087 4923 aiebat
2126 4892 2137 4922 ς
2182 4886 2199 4918 ι
2236 4865 2393 4932 Quod
2446 4865 2605 4928 facis,
2645 4862 2730 4917 i‘ac
2779 4862 2969 4917 citius.
3009 4880 3029 4912 ι
3078 4861 3489 4939 lnterminantis

1908 4961 2053 5015 enim
2108 4957 2294 5028 potius
2332 4973 2496 5027 quam
2549 4953 2896 5009 adhortantis
2940 4959 3025 5008 est
3069 4952 3262 5005 oratio.
3290 4952 3489 5017 Quem-

1910 5048 2206 5105 admodum
2270 5049 2439 5114 enim,
2472 5048 2517 5103 si
2586 5047 2709 5116 quis
2764 5044 2983 5115 juvenis
3029 5043 3226 5114 insigni
3295 5044 3490 5097 robore

1910 5142 2173 5213 praeditus
2221 5143 2525 5195 irruentem
2571 5154 2770 5209 magno
2822 5138 3030 5208 impetu
3081 5134 3375 5206 quemdam
3412 5135 3494 5189 vi-

1911 5235 2079 5297 derit,
2119 5244 2175 5291 et
2221 5243 2382 5288 acuta
2427 5232 2608 5287 securi
2649 5231 2857 5286 dextra:
2886 5235 3095 5297 aptata,
3129 5242 3339 5297 gnarus
3373 5241 3401 5278 a
3435 5241 3495 5284 se

1914 5328 2260 5383 interfectum
2280 5325 2346 5379 iri
2363 5321 2766 5384 adversarium,
2786 5318 3076 5385 exclamet,
3105 5336 3124 5369 ι
3157 5315 3312 5383 Quod
3333 5316 3491 5381 lacis,

1914 5416 2000 5470 fac
2051 5417 2234 5481 citius,
2276 5434 2294 5466 ι
2333 5413 2616 5484 experiere
2654 5411 2800 5465 enim
2841 5409 3048 5464 dextra:
3099 5424 3235 5464 mea:
3286 5410 3491 5471 robur.

1918 5524 2077 5563 nemo
2112 5516 2260 5565 certe
2289 5508 2491 5563 dixerit
2522 5518 2710 5559 vocem
2742 5503 2882 5569 hanc
2911 5517 3036 5558 esse
3067 5502 3204 5559 mori
3231 5501 3493 5571 volentis.

1919 5600 2012 5656 sed
2048 5599 2387 5668 prmscicntis
2443 5596 2622 5673 potius
2662 5595 2730 5651 de
2763 5591 3083 5652 adversario
3105 5593 3497 5651 victoriam.”

296 5790 340 5821 "
380 5787 520 5843 Gen.
566 5798 671 5840 ιιι»
711 5780 793 5835 19-
870 5782 914 5813 ’³
956 5782 1103 5839 Psal.
1137 5800 1252 5848 ονιη,
1289 5784 1375 5838 42.
1454 5783 1506 5815 ’δι
1538 5778 1695 5836 Joan.
1734 5795 1786 5845 ι,
1823 5774 1910 5833 ει.
