4010 6320
562 315 656 370 M7

1557 316 1614 372 S.
1650 318 1935 375 CYRILLI
1975 321 2449 378 ALEXANDRINI
2481 321 2802 378 Al‘uClllEl’.

3724 320 3822 378 163

559 415 965 498 reportaturum
1001 449 1013 484 :
1049 430 1122 485 ita
1163 431 1430 488 Dominus
1461 441 1651 490 uoster
1681 433 1842 491 Jesus
1872 438 2123 492 Christus

2236 438 2472 509 Σατανᾷ,
2527 439 2608 491 ὅτι
2637 440 2734 507 τῆς
2779 434 2976 490 ἑαυτοῦ
3016 429 3517 503 καταστρατεύεται
3559 433 3826 504 κεφαλῆς,

555 519 890 578 contendere
925 535 1091 575 cursu
1124 521 1532 592 quodammodo
1576 523 1735 592 jubet
1769 525 2028 587 Satanam
2064 527 2131 580 ad

557 610 828 666 nefarium
886 629 1047 667 suum
1106 613 1343 668 facinus.
1376 613 1496 668 Jam
1530 616 1678 670 enim
1727 617 1928 671 elliciet
1967 629 2028 674 ut
2055 620 2131 672 vi-

556 703 752 757 deatur
799 705 850 758 iu
909 721 1156 776 praeceps
1200 707 1366 761 datus
1424 708 1709 765 hominum
1767 711 2035 780 perditor,
2079 721 2135 766 et

555 796 708 850 orbis
737 807 1005 850 terrarum
1037 800 1254 868 tyranni
1285 800 1433 854 illius
1466 815 1530 854 ac
1553 801 1781 858 victoris
1809 803 2132 872 impotentia

556 887 845 954 liberetur,
877 905 1038 959 quem
1086 891 1277 945 fraude
1320 907 1419 946 sua
1446 894 1746 962 oppressit,
1768 904 1828 948 ut
1858 905 1971 949 ειη-ιι
2002 911 2132 952 vera

556 981 610 1034 iu
651 979 820 1034 Deum
879 981 983 1036 lide
1022 995 1297 1038 avocaret.
1333 985 1591 1055 Ignorant
1648 1003 1815 1056 porro
1873 989 2131 1057 discipuli

557 1073 661 1124 vim
693 1074 988 1128 sermonis.
1018 1091 1128 1132 non
1163 1077 1281 1130 sine
1312 1079 1513 1141 divina,
1547 1086 1606 1131 ut
1631 1081 1870 1146 videtur,
1907 1083 2132 1136 ordina-

555 1164 703 1218 tione
754 1164 976 1220 Christo
1033 1166 1175 1222 hanc
1226 1168 1339 1224 illis
1394 1185 1502 1230 non
1569 1171 2035 1226 revelanteznam
2081 1180 2136 1226 et

555 1255 682 1309 alibi
719 1267 1150 1324 praziuonstrare
1186 1259 1403 1314 videtur
1435 1277 1496 1316 se
1522 1263 1788 1316 traditum
1822 1264 1890 1316 iri
1928 1265 1982 1318 in
2018 1280 2136 1318 ma-

558 1361 660 1400 nus
696 1358 1147 1416 peceatorum,et
1172 1351 1604 1421 cruciﬁgendum
1643 1368 1726 1415 se.
1761 1360 1928 1422 atque
1957 1354 2136 1408 inter-

557 1436 875 1501 ﬁciendum,
906 1441 1104 1512 dieque
1144 1443 1307 1496 tertia
1348 1451 1792 1498 resurrecturum
1821 1445 1905 1510 ";
1943 1459 2134 1499 verum

557 1531 884 1600 praecipiens
916 1533 1024 1589 illis
1076 1535 1153 1588 uti
1210 1537 1414 1590 nemini
1453 1552 1680 1606 prorsus
1719 1537 1835 1590 haec
1865 1536 2131 1592 dicereut.

555 1620 715 1694 742
748 1623 1063 1695 Principem
1093 1629 1294 1696 quippe
1320 1628 1504 1682 saeculi
1555 1627 1722 1696 hujus
1769 1628 1948 1682 celare
1977 1642 2132 1682 suam

553 1725 808 1771 naturam
849 1720 952 1773 sibi
1007 1729 1391 1790 proposuerat,
1418 1729 1478 1774 ut
1512 1729 1567 1775 et
1598 1721 1818 1777 veniens
1847 1720 2132 1790 cruciﬁge-

2235 530 2566 600 ἀγνοήσαντί
2614 547 2674 582 τε
2725 529 3025 592 παντελῶς,
3061 531 3143 582 ὅτι
3175 527 3318 582 κατὰ
3347 523 3596 598 κρημνοῦ
3620 525 3826 596 τρέχει,

2236 624 2328 678 τὸν
2366 623 2460 675 ἐπὶ
2495 622 2586 675 τοῦ
2634 622 2868 692 σταυροῦ
2906 620 3172 694 διαπήξας
3215 621 3480 685 θάνατον,
3533 619 3770 688 ἔφασκεν
3799 621 3829 673 6

2237 715 2428 784 Σωτήρ
2456 731 2470 744 ·
2513 733 2532 764 ι
2559 716 2625 765 Ὃ
2654 717 2848 776 ποιεῖς,
2892 715 3119 785 ποίησον
3147 713 3356 782 τάχιον.
3387 730 3406 762 ι
3451 711 3828 774 ’Δπειλοῦντος

2236 807 2347 878 γὰρ
2377 805 2636 876 μᾶλλονῆ
2687 806 3087 876 προτρέποντος
3127 807 3156 858 6
3205 804 3364 871 λόγος
3409 802 3579 857 ἐστίν.
3615 802 3829 873 Ὥσπερ

2237 897 2345 967 γὰρ
2387 898 2602 960 νεανίας
2650 898 2757 967 πρὸ
2795 898 2955 969 ἥϐης,
3007 897 3103 952 καὶ
3139 897 3325 960 καλὸς,
3366 896 3463 950 καὶ
3506 895 3828 966 σφριγῶσαν

2236 991 2376 1060 ἔχων
2422 991 2479 1042 ὲν
2523 988 2601 1058 τῷ
2654 989 2867 1058 σώματι
2910 989 3160 1056 δύναμιν,
3206 988 3351 1058 δρῶν
3397 987 3495 1057 μὲν
3526 987 3612 1053 ἐφ’
3647 984 3826 1055 ἑαυτῷ

2235 1081 2492 1152 δρομαῖον
2523 1080 2668 1132 ίόντα
2691 1079 2830 1141 τινὰ,
2858 1078 2970 1144 ὀξεῖ
2995 1079 3052 1132 δὲ
3086 1079 3306 1132 πελέκει
3332 1078 3432 1147 τὴν
3458 1075 3638 1142 δεξιὰν
3669 1076 3803 1143 ἐναρ

2240 1171 2431 1242 μόσας,
2483 1171 2577 1224 καὶ
2655 1169 2811 1233 εἰδὼς
2871 1171 2954 1224 δτι
3011 1171 3320 1240 τεθνήξεται
3373 1169 3589 1231 πάντως
3634 1167 3822 1230 ἐλθὼν,

2237 1263 2638 1333 ἀναφθέγγοιτο
2681 1263 2862 1332 τυχὸν,
2920 1265 2986 1316 "U
3017 1265 3217 1326 ποιεῖς,
3260 1266 3402 1314 ποίει
3431 1261 3616 1330 τάχιον
3644 1277 3659 1290 ο
3707 1259 3827 1327 διζιει

2236 1355 2347 1425 γὰρ
2374 1356 2476 1424 τῆς
2527 1355 2668 1424 ἐμῆς
2699 1354 2881 1420 δεξιᾶς
2907 1354 3006 1425 τὴν
3041 1355 3273 1425 δύναμιν
3299 1371 3314 1385 υ
3364 1356 3459 1408 καί
3492 1353 3553 1406 ού
3602 1351 3666 1420 δή
3724 1369 3826 1404 που

2235 1447 2494 1501 τεθνᾶναι
2525 1447 2917 1511 σπουδάζοντος
2959 1447 3074 1517 ὲρεῖ
3101 1463 3186 1509 τις
3211 1446 3272 1498 τὸ
3304 1446 3475 1516 ῥῆμα,
3517 1443 3829 1514 προειδότος

2236 1538 2294 1592 δὲ
2329 1539 2531 1608 μᾶλλον
2577 1541 2658 1592 ὅτι
2707 1540 2942 1610 νικήσει,
2993 1539 3088 1592 καὶ
3137 1539 3424 1610 περιέσται
3477 1536 3570 1590 τοῦ
3620 1535 3828 1588 κακοῦν

2236 1629 2512 1692 ἐθέλοντος
2562 1630 2763 1685 αὐτόν’
2809 1630 2982 1694 οὕτως
3035 1633 3063 1683 6
3105 1630 3308 1701 Κύριος
3363 1630 3520 1700 ἡμῶν
3559 1629 3771 1698 Ἰησοῦς
3802 1629 3830 1680 6

2237 1722 2502 1792 Χριστὸς,
2555 1720 2796 1792 ὀξυτέρῳ
2839 1722 3042 1792 τρόπον
3087 1722 3211 1775 τινὰ
3262 1721 3564 1792 κεχρῆσθαι
3612 1719 3829 1774 κελεύει

553 1819 728 1874 retur,
778 1821 832 1866 et
889 1813 942 1868 in
989 1829 1208 1868 crucem
1271 1821 1428 1868 actus
1468 1821 1701 1870 mortem
1748 1820 2042 1876 everteret,
2081 1821 2123 1866 el

2233 1811 2419 1882 δρόμῳ
2463 1811 2556 1864 τὸν
2607 1812 2852 1864 Σατανᾶν
2897 1812 2980 1874 εἰς
3031 1811 3103 1864 τὰ
3150 1813 3236 1864 ἐπ’
3283 1811 3432 1882 αὐτῷ
3478 1811 3826 1880 τολμήματα.

550 1903 906 1958 credentibus
962 1905 1014 1958 in
1072 1920 1197 1959 eum
1251 1906 1484 1958 salutem
1547 1905 1853 1972 perliceret.
1884 1904 2123 1958 Occultal

2233 1903 2407 1970 Δείξει
2455 1903 2564 1973 γὰρ
2607 1903 2710 1974 ήδη
2769 1903 3007 1956 πεσόντα
3057 1903 3322 1970 γελᾶσθαι
3379 1903 3470 1955 τὸν
3524 1901 3824 1971 ἀλιτήριον,

551 1993 723 2061 igitur
753 1995 1020 2066 singulari
1052 2012 1115 2049 ac
1153 1996 1345 2051 divino
1374 1997 1608 2053 consilio
1641 1998 1908 2066 pleraque
1944 2011 2123 2051 eorum

2231 1996 2524 2066 ἐλευθέραν
2557 2013 2616 2048 τε
2652 1995 2754 2066 τὴν
2779 1993 3104 2064 οἰκουμένην
3138 1995 3264 2047 ἰδεῖν
3293 1994 3386 2047 τοῦ
3416 1992 3587 2046 πάλαι
3619 1991 3826 2063 κρατή-

549 2101 672 2151 qua:
699 2086 980 2142 dicuntur.
1013 2087 1234 2144 Sciebat
1287 2089 1458 2153 enim,
1495 2097 1550 2142 ut
1588 2087 1752 2151 Deus,
1790 2104 2123 2158 qumcunque

2233 2104 2426 2150 σαντος
2450 2089 2514 2140 ἐκ
2544 2085 2858 2151 πλεονεξίας
2888 2085 2982 2139 καὶ
3003 2085 3371 2156 νενικηκότος,
3397 2085 3472 2148 ὼς
3492 2084 3552 2149 ἐξ
3581 2085 3823 2153 ἀπάτης,

549 2177 950 2234 conducerent.

2228 2179 2302 2242 ὡς
2329 2179 2424 2232 καί
2467 2181 2565 2246 τῆς
2611 2179 2688 2241 εἰς
2723 2177 2855 2231 Θεὸν
2888 2177 3198 2247 ἀποστῆσαι
3231 2177 3486 2240 πίστεως.
3528 2171 3815 2244 ’Λγνοοῦσί

548 2283 614 2333 γε
659 2268 767 2340 μὴν
801 2272 879 2324 at.
924 2272 1164 2344 μαθηταὶ
1233 2275 1328 2328 τοῦ
1377 2275 1537 2344 λόγου
1581 2274 1682 2346 τὴν
1758 2275 2009 2345 δύναμιν,
2054 2273 2447 2344 οἰκονομικῶς,
2497 2272 2572 2334 ὡς
2622 2272 2791 2335 εἰκὸς,
2838 2272 2939 2325 οὐκ
2989 2270 3437 2340 ἀποκαλύψαντος
3493 2271 3678 2333 αὐτοῖς
3729 2266 3826 2321 τοῦ

547 2360 808 2429 Χριστοῦ,
845 2365 964 2417 ἐπεὶ
999 2367 1089 2419 καὶ
1123 2369 1182 2419 ὲν
1216 2367 1426 2436 ἑτέροις
1457 2369 1706 2438 φαίνεται
1756 2367 2126 2439 προδιδάσκων
2168 2366 2286 2435 μὲν,
2321 2366 2402 2417 ὅτι
2449 2363 2889 2435 παραδοθήσεται
2934 2366 3013 2427 εἰς
3077 2367 3265 2435 χεῖρας
3299 2363 3663 2435 ἁμαρτωλῶν,
3725 2360 3826 2415 καὶ

547 2452 630 2506 δτι
660 2458 1128 2527 σταυρωθήσεται,
1151 2460 1244 2512 καὶ
1265 2460 1758 2530 ἀποκτανθήσεται,
1781 2461 1875 2512 καὶ
1899 2459 2260 2529 ἀναστήσεται
2292 2458 2355 2525 τῇ
2384 2456 2568 2526 ἡμέρᾳ
2595 2457 2658 2526 τῇ
2723 2456 2880 2526 τρίτῃ
2907 2472 2922 2485 -
2991 2455 3455 2526 παρεγγυώμενος
3490 2455 3546 2507 δὲ
3617 2452 3814 2524 μηδενὶ

546 2548 610 2601 τὸ
644 2551 907 2620 παράπαν
934 2552 1160 2605 τοιαῦτα
1190 2553 1390 2607 λαλεῖν.
1428 2553 1636 2616 Σκοπὸς
1673 2553 1780 2622 γὰρ
1806 2547 1874 2622 ἦν
1945 2549 2092 2618 αύτῷ
2157 2546 2339 2600 λαθεῖν
2378 2547 2466 2599 τὸν
2514 2545 2750 2615 ἄρχοντα
2801 2545 2896 2598 τοῦ
2943 2545 3138 2608 αἰῶνος
3183 2545 3375 2598 τούτου
3399 2586 3414 2609 ,
3467 2545 3552 2608 τίς
3601 2543 3826 2613 άληθῶς

548 2637 690 2709 κατά
743 2640 906 2709 φύσιν
955 2643 1125 2707 ἐστὶν,
1175 2641 1262 2695 ἵνα
1313 2641 1408 2694 καί
1458 2641 1628 2694 ἐλθὼν
1682 2638 1992 2711 σταυρωθῇ,
2037 2637 2133 2691 καὶ
2172 2635 2509 2704 σταυρωθεὶς
2571 2636 2734 2705 ἀνέλῃ
2779 2635 2871 2687 τὸν
2917 2634 3166 2697 θάνατον,
3216 2636 3312 2688 καὶ
3351 2639 3464 2698 τοῖς
3508 2637 3590 2698 εἰς
3658 2635 3828 2689 αὐτὸν

547 2733 863 2786 πιστεύουσι
913 2733 1239 2807 κατορθώσῃ
1283 2733 1382 2804 τὴν
1429 2735 1723 2805 σωτηρίαν.
1755 2731 2149 2802 Κατακρύπτει
2189 2727 2476 2799 τοιγαροῦν
2538 2728 2894 2799 οἰκονομικῶς
2931 2729 3000 2782 τὰ
3045 2727 3274 2782 πλεῖστα
3319 2729 3428 2783 τῶν
3487 2729 3827 2800 λεγομένων.

548 2831 732 2884 Πάντα
769 2828 877 2898 γάρ
910 2822 1067 2891 οἶδεν,
1097 2827 1172 2889 ὡς
1206 2827 1358 2889 Θεὸς,
1387 2827 1458 2879 τὰ
1485 2827 1857 2898 συμφέροντα.

616 2921 758 2982 Xlll,
785 2920 879 2976 29.
907 2919 1135 2984 Quidam
1158 2921 1296 2974 enim
1334 2919 1614 2987 putabant,
1643 2921 1768 2988 quia
1801 2919 2001 2973 (oculos
2037 2918 2133 2970 ha—

547 3012 720 3069 bebat.
763 3009 901 3080 quod
950 3009 1174 3062 dixisset
1220 3010 1267 3063 ei
1304 3009 1461 3064 ,ἔσται
1494 3026 1512 3063 :
1551 3008 1678 3062 Eme
1727 3025 1789 3062 ea
1830 3025 1947 3079 qua:
1996 3024 2124 3076 opus

545 3115 668 3157 sunt
701 3105 850 3156 nobis
903 3102 973 3180 ad
1017 3103 1155 3155 diem
1195 3102 1388 3170 festum
1425 3111 1563 3156 :aut
1599 3106 1773 3174 egenis
1821 3111 1876 3156 ut
1918 3100 2124 3174 aliquid

544 3196 721 3247 daret.

2308 2914 2471 2978 Τινὲς
2502 2911 2570 2966 δὲ
2601 2911 2876 2974 ἐδόκουν,
2910 2913 3040 2968 ἐπεὶ
3077 2916 3144 2969 τὸ
3179 2916 3624 2984 γλωσσόκομον
3653 2911 3828 2985 εἶχεν

2233 3006 2266 3058 ὁ
2312 3004 2560 3070 Ἰούδας,
2584 3005 2670 3056 ὅτι
2699 3001 2868 3057 εἶπεν
2891 3005 3054 3070 αὐτῷ
3083 3009 3114 3059 d
3158 3004 3397 3072 Ἰησοῦς
3421 3022 3432 3033 ·
3488 3003 3828 3072 Ἀγόρασον

2229 3089 2319 3152 ὧν
2342 3096 2552 3165 χρείαν
2579 3094 2802 3164 ἔχομεν
2845 3098 2932 3162 εἰς
2983 3096 3098 3166 τὴν
3129 3097 3382 3166 ἑορτὴν,
3419 3098 3455 3168 ἢ
3498 3100 3622 3167 τοῖς
3653 3116 3817 3154 πτωο

2234 3189 2367 3258 χοῖς
2400 3190 2500 3242 ἵνα
2529 3207 2582 3243 τι
2613 3188 2716 3254 δῷ.

614 3284 750 3338 Cum
784 3299 893 3338 non
929 3285 1298 3355 intelligerent
1331 3285 1592 3356 discipuli
1624 3286 1755 3356 quid
1786 3285 1891 3340 sibi
1923 3286 2123 3339 vellent

2303 3281 2378 3334 Ού
2420 3281 2694 3344 συνιέντες
2726 3283 2776 3334 οἰ
2823 3282 3062 3353 μαθηταὶ
3108 3283 3203 3336 τοῦ
3238 3284 3398 3351 λόγου
3435 3285 3533 3354 τὴν
3563 3285 3822 3356 δύναμιν,

546 3375 712 3429 verba
758 3373 1095 3440 Servatoris,
1122 3375 1188 3429 ad
1229 3375 1526 3430 familiares
1560 3382 1614 3430 et
1643 3377 1892 3446 vulgatas
1941 3376 2122 3444 suspi-

545 3469 736 3524 ciones
783 3477 1072 3523 vertuntur
1105 3469 1275 3535 illico,
1303 3477 1358 3523 et
1399 3486 1522 3539 qua:
1559 3469 1819 3522 Servator
1859 3470 2126 3536 imperare

546 3561 780 3623 solebat,
813 3561 928 3616 haec
975 3578 1171 3618 rursus
1203 3577 1326 3618 eum
1366 3561 1611 3616 indicare
1643 3561 1986 3615 existimant.
2031 3557 2126 3612 Die

546 3666 787 3720 namque.
827 3651 968 3706 festo
1004 3651 1326 3706 imminente
1359 3649 1714 3705 crediderunt
1743 3649 1792 3702 ei
1833 3647 1929 3716 qui
1973 3661 2124 3698 mar-

545 3743 762 3813 supium
817 3743 1056 3799 habebat
1110 3743 1427 3798 mandatum
1473 3750 1532 3795 ut
1588 3740 1838 3796 nonnihil
1891 3745 2120 3800 emeret,

545 3836 692 3903 quod
719 3837 786 3890 ad
820 3835 1018 3891 festum
1044 3843 1194 3890 esset
1224 3835 1482 3891 idoneum
1519 3851 1530 3885 :
1563 3843 1658 3888 aut
1691 3842 1859 3895 certe,
1892 3830 2038 3900 quod
2072 3829 2120 3884 ei

545 3941 756 3996 magna;
803 3925 1074 3994 imprimis
1102 3918 1249 3981 cura":
1283 3932 1424 3987 erat,
1467 3925 1794 3994 imperatum
1839 3932 1895 3974 ut
1933 3920 2122 3990 egenis

544 4032 611 4070 ex
649 4015 848 4070 oblatis
889 4016 1052 4070 rebus
1096 4031 1198 4085 pro
1241 4030 1429 4071 earum
1463 4014 1910 4069 subministraret
1959 4013 2122 4064 modo

546 4107 882 4162 necessaria.
915 4108 1100 4162 Bonus
1127 4107 1270 4163 enim
1301 4123 1365 4162 ac
1396 4107 1714 4163 misericors
1747 4105 2034 4166 Dominus,
2066 4109 2122 4154 ut

546 4199 818 4268 scriptum
850 4209 932 4254 est
969 4199 1035 4253 ⁹⁴¹.
1063 4198 1397 4256 Praeclarum
1436 4213 1566 4253 vero
1593 4198 1752 4254 nobis
1786 4196 1950 4251 etiam
1984 4194 2120 4263 ipsis

543 4292 855 4361 exemplum
898 4291 1026 4345 hinc
1081 4294 1425 4362 proponitur.
1464 4289 1732 4360 Oportere
1783 4287 1985 4356 quippe
2033 4300 2121 4336 ar-

546 4382 720 4435 lritror
759 4390 817 4436 ut
846 4383 938 4452 qui
987 4398 1124 4452 pure
1170 4392 1222 4440 et
1265 4384 1422 4453 juxta
1465 4383 1557 4438 Dei
1608 4383 1868 4452 placitum
1918 4381 2116 4459 festum

543 4473 867 4544 dicmagere
899 4477 1107 4535 volunt,
1130 4493 1237 4532 non
1268 4479 1444 4532 solum
1479 4476 1680 4530 laetitiae
1711 4489 1824 4526 sua:
1846 4474 2117 4528 rationem

547 4565 802 4631 habeant,
843 4582 1018 4637 neque
1050 4569 1370 4637 provideant
1399 4565 1674 4636 quomodo
1710 4563 1812 4618 soli
1852 4562 1953 4632 ipsi
1993 4579 2116 4616 cum

2228 3373 2320 3426 ἐπὶ
2352 3373 2450 3436 τὰς
2498 3373 2751 3444 συνήθεις
2796 3374 3055 3436 ὑπονοίας
3095 3374 3485 3446 εὐπετέστερον
3532 3377 3823 3448 τρέχουσι,

2227 3465 2322 3518 καί
2359 3465 2504 3536 άπερ
2557 3461 2626 3534 ἦν
2664 3465 2783 3527 ἔθος
2820 3463 2898 3533 τῷ
2951 3466 3163 3536 Σωτῆρι
3194 3470 3588 3535 προστάττειν,
3639 3469 3824 3524 ταῦτα

2227 3557 2390 3610 πάλιν
2427 3557 2588 3609 αὑτὸν
2618 3555 2822 3609 οἴονται
2853 3557 3068 3623 δηλοῦν.
3123 3559 3320 3626 Ἐγγὺς
3347 3561 3454 3630 γάρ
3497 3561 3668 3631 οὔσης
3711 3565 3823 3633 τῆς

2226 3648 2441 3717 ἑορτῆς,
2487 3647 2898 3715 προσεδόκησάν
2943 3646 3125 3699 τιτῶν
3158 3649 3237 3710 εἰς
3276 3649 3448 3720 αὐτὴν
3491 3652 3823 3720 ἐπιτηδείων

2213 3734 2558 3810 ’ἔκπρίασϐαι
2601 3739 2844 3791 κελεύειν
2888 3740 3038 3810 αὐτῷ
3067 3739 3145 3810 τῷ
3179 3741 3565 3811 γλωσσόκομον
3609 3744 3821 3812 ἔχοντι,

2227 3831 2395 3899 ἤγουν
2445 3831 2681 3899 μάλιστα
2731 3831 2793 3883 τὸ
2830 3831 2981 3901 αύτῷ
3033 3832 3504 3904 περισπούδαστον
3554 3834 3820 3898 ἐξανύσαι

2227 3922 2603 3991 προστάττειν,
2639 3921 2785 3974 τοῦτ’
2807 3921 2944 3985 ἔστι,
2970 3922 3039 3976 τὰ
3063 3927 3177 3986 τοῖς
3202 3923 3477 3994 δεομένοις
3503 3926 3820 3996 ἐπαρκέσαι

2224 4011 2518 4081 δυνάμενα,
2548 4012 2691 4064 κατά
2723 4029 2788 4080 γε
2811 4013 2872 4065 τὸ
2897 4014 3008 4066 τῶν
3038 4015 3562 4090 προσκομιςομένων
3586 4019 3814 4088 μέτρον.

2222 4103 2473 4174 Χρηστὸς
2517 4105 2626 4176 γὰρ
2666 4105 2761 4158 καὶ
2811 4093 3059 4175 ἐλεήμων
3085 4109 3114 4159 6
3145 4106 3350 4177 Κύριος
3374 4145 3388 4168 ,
3434 4108 3575 4162 κατὰ
3618 4108 3676 4161 τὸ
3711 4126 3816 4176 γε·

2223 4196 2560 4267 γραμμένον.
2615 4198 2870 4267 ’Ἄριστος
2898 4198 2953 4250 δὲ
2995 4198 3202 4270 σφόδρα
3253 4199 3348 4252 καὶ
3389 4199 3521 4268 ἡμῖν
3559 4199 3748 4263 αὐτοῖς
3784 4203 3815 4254 ό

2221 4288 2314 4341 τοῦ
2373 4289 2700 4359 πράγματος
2749 4289 3108 4359 εὑρεθήσεται
3179 4289 3369 4353 τύπος.
3428 4292 3642 4362 Χρῆναι
3695 4292 3812 4361 γὰρ

2221 4376 2376 4450 οἶμαι
2415 4382 2542 4444 τοὺς
2588 4380 2869 4448 ἑορτάζειν
2919 4381 3236 4444 ἐθέλοντας,
3298 4382 3579 4454 καθαρῶν
3603 4401 3662 4436 τε
3709 4388 3812 4438 καὶ

2223 4472 2565 4542 ἀρεσκόντως
2598 4472 2736 4540 Θεῷ,
2771 4473 2891 4541 οὐχὶ
2925 4472 3092 4542 μόνης
3117 4477 3216 4544 τῆς
3255 4473 3404 4543 σφῶν
3436 4475 3616 4528 αὐτῶν
3648 4475 3814 4528 εὐθυ-

2228 4563 2355 4633 μίας
2395 4562 2662 4616 ποιεῖσθαι
2705 4563 2882 4630 λόγον,
2911 4563 3033 4616 οὐδὲ
3061 4566 3208 4628 ὅπως
3241 4566 3307 4618 ἂν
3338 4569 3493 4620 αὐτοὶ
3527 4568 3620 4620 καὶ
3651 4569 3806 4634 μόνοι

541 4652 822 4707 hilaritate
853 4670 978 4708 eum
1011 4665 1294 4727 peragant,
1323 4655 1418 4709 sed
1457 4654 1524 4707 ad
1555 4668 1745 4706 curam
1773 4668 1928 4706 suam
1959 4653 2119 4706 mise—

2228 4655 2512 4708 διατελοῖεν
2547 4653 2748 4725 ἱλαρῶς
2783 4657 3050 4725 προνοεῖν,
3102 4658 3529 4712 συναναπλὲκειν
3565 4658 3621 4712 δὲ
3663 4659 3799 4728 μᾶλ-

545 4746 842 4800 iicordiam
867 4749 920 4802 in
947 4765 1150 4819 egenos
1176 4748 1500 4816 adiungant.
1523 4746 1677 4800 Tunc
1704 4747 1847 4800 enim
1881 4747 2116 4804 aliorum

543 4853 670 4908 erga
706 4839 844 4895 alios
877 4840 1190 4894 dilectionis
1236 4839 1408 4907 legem
1441 4837 1752 4906 implentes.
1794 4836 1994 4891 festum
2032 4853 2118 4891 rc—

544 4947 671 4985 wra
724 4934 970 5002 spiritale
1026 4930 1308 4986 Servatori
1357 4930 1584 4985 Christo
1631 4946 1976 5000 peragamus.
2030 4929 2118 4982 lal-

542 5025 696 5079 ¢~irco
729 5037 782 5079 et
817 5027 902 5081 lex
937 5024 1068 5079 olim
1113 5021 1318 5075 Judasis
1369 5022 1565 5075 tradita
1605 5022 1673 5076 de
1707 5038 1906 5077 manna
1960 5023 2117 5075 colli-

539 5117 739 5182 gendo,
784 5131 892 5170 non
929 5114 1107 5168 solum
1149 5114 1266 5168 sibi
1307 5115 1566 5184 colligere
1611 5114 1878 5184 permittit
1910 5114 1980 5167 iis
2023 5115 2115 5182 qui

541 5212 722 5263 tacere
755 5206 902 5262 istud
945 5205 1206 5274 possint:
1246 5203 1636 5278 UnusquFSque
1683 5206 1852 5268 enim,
1903 5207 2112 5276 inquit,

537 5311 590 5354 et
622 5297 1112 5357 contubernalibus
1145 5299 1348 5354 vestris
1385 5299 1626 5368 colligite
1654 5299 1720 5355 ⁸⁷.
1751 5298 1884 5351 Nam
1923 5299 1966 5354 si
2010 5301 2113 5352 ali-

537 5392 664 5459 quis
699 5391 1176 5444 contubernalium
1213 5390 1424 5444 viribus
1460 5389 1756 5450 caruisset,
1779 5390 1986 5458 quibus
2022 5405 2110 5444 ro-

537 5483 643 5535 bur
696 5481 967 5551 integrum
1031 5491 1170 5547 erat,
1197 5483 1321 5535 -vim
1375 5497 1530 5536 suam
1586 5483 1636 5536 ei
1703 5482 2110 5551 quodammodo

537 5571 976 5637 commodantes,
1011 5590 1119 5628 una
1167 5589 1425 5628 niensura
1465 5588 1564 5627 sua
1602 5575 1766 5626 etiam
1805 5575 1951 5643 quod
1984 5575 2112 5627 aliis

533 5661 805 5717 Sulliceret
845 5665 1290 5733 comportabant,
1341 5671 1421 5724 ut,
1458 5664 1611 5732 juxta
1648 5664 1988 5732 Scripturam
2023 5666 2090 5726 9",

609 5759 649 5788 ‘5
697 5758 884 5814 Matth.
922 5775 1064 5822 ml,
1099 5759 1200 5826 9.1,
1235 5759 1345 5824 9.2;
1382 5758 1514 5812 Luc.
1554 5775 1699 5819 xxxv,
1741 5760 1764 5810 ’ἓ

1869 5762 1912 5788 ³⁵
1956 5759 2069 5814 Joel
2135 5777 2206 5826 ιι,
2249 5762 2330 5813 15.

2218 4745 2308 4798 λον
2345 4749 2410 4816 τῇ
2438 4746 2615 4816 οἰκείᾳ
2652 4745 2931 4817 φροντίδι,
2969 4748 3064 4801 καὶ
3108 4749 3208 4819 τὴν
3244 4751 3333 4802 ἐπὶ
3381 4753 3494 4813 τοῖς
3524 4749 3805 4820 δεομένοις

2217 4836 2402 4906 φειδώ.
2438 4838 2570 4890 Τότε
2604 4836 2734 4907 γὰρ,
2761 4837 2884 4890 τότε
2912 4840 3001 4892 τὸν
3042 4841 3142 4908 τῆς
3174 4842 3254 4904 είς
3286 4841 3548 4912 ἀλλήλους
3575 4841 3800 4910 ἀγάπης

2217 4930 2666 5001 ἀποπληροῦντες
2703 4929 2937 5000 θεσμὸν,
2973 4933 3167 5003 ἑορτὴν
3206 4934 3376 4998 ὅντως
3420 4935 3801 5004 πνευματικὴν

2215 5020 2603 5090 ὲπιτελέσομεν
2644 5020 2721 5090 τῷ
2754 5022 2965 5093 Σωτῆρι
3011 5025 3252 5095 Χριστῷ.
3303 5026 3593 5096 Τοιγάρτοι
3639 5026 3732 5078 καὶ
3770 5027 3802 5077 6

2222 5113 2390 5167 πάλαι
2423 5116 2536 5176 τοῖς
2579 5113 2850 5177 Ἰουδαίοις
2883 5116 3286 5179 διακελευσθεὶς
3320 5116 3484 5184 νόμος
3515 5118 3573 5168 ὲν
3609 5119 3674 5186 τῇ
3703 5115 3796 5169 τοῦ

2222 5206 2398 5276 μάννα
2435 5207 2759 5276 συγκομιδῇ,
2781 5208 2841 5260 οὐ
2871 5207 3054 5278 μόνοις
3083 5209 3270 5272 αὐτοῖς
3299 5208 3486 5276 ἐφίησι
3519 5208 3799 5276 συλλέγειν

2216 5298 2342 5359 τοὺς
2398 5297 2556 5351 τοῦτο
2610 5298 2870 5368 πράττειν
2939 5299 3222 5370 ἰσχύοντας
3250 5317 3264 5331 ’
3327 5300 3600 5363 Ἕκαστος
3664 5302 3793 5369 γὰο,

2217 5371 2384 5459 φησί,
2421 5390 2654 5452 καὶτοῖς
2695 5393 2987 5459 συσκήνοις
3033 5392 3190 5460 ὑμῶν
3235 5391 3547 5455 συλλέξατε.
3587 5392 3652 5444 Εἰ
3695 5399 3796 5463 γόρ

2213 5500 2297 5544 τις
2349 5483 2577 5551 ήτόνησε
2620 5482 2728 5535 τῶν
2775 5486 3096 5553 ὁμοσκήνων
3145 5485 3369 5549 αὐτοῖς,
3414 5487 3462 5537 οἱ
3519 5485 3592 5554 μή
3637 5485 3796 5538 τοῦτο

2218 5577 2565 5638 πεπονθότες,
2591 5578 2886 5645 κιχρῶντες
2908 5578 3096 5649 ὥσπερ
3124 5579 3275 5649 αὐτῷ
3297 5579 3395 5649 τήν
3441 5579 3578 5632 ἰδίαν
3613 5581 3789 5649 ἰσχὺν,

2209 5666 2562 5735 συνεκόμιζον
2603 5668 2680 5737 τῷ
2714 5670 2901 5740 οἰκείῳ
2929 5671 3145 5741 μέτρῳ,
3179 5672 3272 5724 καὶ
3324 5671 3384 5723 τὸ
3423 5673 3538 5734 τοῖς
3573 5672 3783 5743 ἑτέροις

2409 5761 2452 5790 ετ
2495 5760 2664 5813 Exod.
2705 5778 2830 5822 m.
2868 5763 2952 5816 ιδ.
3032 5765 3078 5795 ενα
3116 5745 3249 5817 ibid.
3271 5747 3378 5818 Ἧι.
