4010 6320
215 311 321 371 149
394 246 416 270 ⁸

1240 322 1303 376 ΙΝ
1327 320 1616 380 ιοΑΝΝιδ
1650 316 2104 376 EVANGELIUM
2131 316 2263 372 LIB.
2300 316 2392 374 IX.

3346 321 3461 378 I50

212 427 438 500 ἀρκοῦν,
465 428 575 494 ἵνα,
613 431 757 486 κατά
783 432 845 487 τὸ
881 437 1266 508 γεγραμμένον
1285 478 1300 503 ,
1342 440 1370 491 6
1398 439 1499 510 μὲν
1528 437 1588 492 τὸ
1626 436 1784 501 πολὺ,

1909 434 1981 505 |ui
2019 433 2275 500 multum,
2300 435 2351 490 ei
2380 447 2490 490 non
2522 444 2877 505 superesset;
2913 434 3010 506 qui
3037 442 3218 491 autem
3254 435 3458 502 minus,

217 518 293 589 μὴ
326 517 601 594 πλεονάσῃ
624 559 640 584 ,
675 522 703 575 6
725 522 783 577 δὲ
819 523 881 577 τὸ
912 523 1151 588 ιλαττον,
1188 526 1268 599 μὴ
1301 526 1598 599 ὲλαττωθῇ.
1629 524 1788 579 Οὕτω

1909 542 1995 582 non
2029 524 2265 582 deesset.
2305 523 2400 581 Sic
2442 525 2591 582 enim
2636 526 2744 583 hoc
2773 525 2943 582 veluti
2972 525 3219 597 quodam
3252 533 3455 597 tempe-

213 609 321 678 γὰρ
359 605 451 681 ἦν,
478 611 840 684 ἀνακράσεως
891 612 1082 685 ὥσπερ
1130 616 1277 680 τινὸς
1320 616 1621 687 γενομένης
1643 656 1659 681 ,
1695 614 1787 668 τὸν

1909 624 2140 673 amento
2178 616 2513 688 aequalitatis
2542 618 2688 673 ratio
2725 619 2944 675 cunctis
2971 617 3187 675 servari
3220 624 3460 688 poterat.

211 700 309 772 τῆς
366 702 610 774 ἰσότητος
660 704 835 761 ἅπασι
892 704 1156 773 σώζεσθαι
1199 710 1375 779 λόγον.
1429 710 1631 764 ’Δδικεῖ
1673 726 1787 762 τοι-

212 791 417 863 γαροῦν
472 793 565 849 τὸν
610 797 733 861 ταῖς
774 797 961 866 ἁγίαις
1003 800 1216 872 ἑορταῖς
1262 801 1544 873 πρέποντα
1593 801 1788 866 τύπον,

1878 709 2145 775 Ordinem
2193 709 2362 780 igitur
2395 717 2456 765 et
2482 708 2774 765 famulam
2808 711 3020 766 sanctis
3065 708 3225 767 festis
3256 723 3464 765 conve-

1888 801 2126 856 nientem
2170 799 2362 866 violat,
2411 800 2508 868 qui
2559 815 2673 857 suae
2731 815 2878 858 cura;
2915 802 3219 873 pauperum
3270 816 3461 858 curam

213 887 242 936 6
281 883 359 957 μὴ
405 888 471 958 τῇ
525 888 703 961 οἰκείᾳ
754 890 999 961 φροντίδι
1045 892 1144 964 τὴν
1202 894 1311 947 τῶν
1356 895 1630 966 δεομένων
1665 910 1788 947 συν-

1909 906 2003 967 ton
2034 891 2320 947 admiscet.
2347 892 2443 946 Illa
2473 892 2680 963 quippe
2709 892 3033 963 coniunctio
3058 892 3317 965 perfecta
3338 908 3466 950 vere

216 977 539 1047 ἀναμιγνύς.
598 980 701 1053 Eii)
753 980 863 1053 γὰρ
922 981 989 1038 ἂν
1039 983 1214 1050 ὅντως
1275 985 1439 1056 ἑορτὴ
1500 983 1678 1038 τελεία
1727 984 1787 1036 τὸ

218 1067 494 1141 σύναμμα.
1098 1124 1102 1133 ,
1146 1144 1156 1153 ι

280 1162 496 1219 Λαϐὼν
526 1163 596 1217 δὲ
626 1164 694 1220 τὸ
726 1169 983 1237 ﬁmus/or,
1022 1167 1205 1236 εὐθὺς
1225 1168 1491 1245 ἐξῆλθεν·
1531 1168 1785 1233 ἐκεῖνος·

212 1236 331 1309 Ἷιν
355 1252 428 1307 δὲ
455 1254 592 1320 νὺξ,
620 1255 720 1311 ὅτε
753 1236 1031 1325 ἐξῆλθεν.

281 1346 553 1416 Δρομαῖος
583 1344 803 1401 ἄπεισιν
831 1349 923 1403 ἐπὶ
955 1350 1016 1403 τὸ
1042 1349 1120 1421 τῷ
1146 1351 1379 1422 διαϐόλῳ
1417 1350 1630 1413 δοκοῦν,
1697 1350 1792 1405 καὶ

1895 991 1979 1039 est
2011 981 2304 1039 festivitas.

1958 1157 2096 1225 XIII,
2131 1158 2222 1215 50.
2260 1160 2394 1214 Cum
2423 1176 2544 1230 ergo
2576 1160 2861 1227 accepisset
2896 1161 2989 1216 ille
3019 1130 3331 1230 buccellam,
3375 1176 3469 1215 ea:-

1887 1250 1978 1304 ivil
2009 1250 2277 1303 continuo.
2295 1248 2431 1304 Erat
2467 1259 2648 1305 autem
2677 1266 2804 1322 nos},
2837 1251 3049 1322 quando
3078 1252 3256 1307 exivit.

1960 1341 2121 1415 75,3
2153 1341 2386 1398 Diabolo
2417 1343 2604 1399 statim
2632 1342 2981 1414 obsequitur,
3012 1350 3068 1399 et
3094 1352 3271 1402 (nstro
3300 1342 3472 1400 veluti

214 1435 468 1506 καθάπερ
507 1438 741 1511 οἱστρῶν
783 1441 877 1494 καὶ
910 1441 1264 1513 δεδονημένος
1306 1444 1405 1513 τῆς
1452 1443 1555 1514 μὲν
1609 1441 1793 1504 ἑστίας

1909 1435 2128 1505 prodam
2183 1448 2249 1490 ac
2292 1434 2536 1489 stimulis
2573 1434 2838 1488 incitatus
2872 1433 3038 1495 domo
3066 1435 3273 1500 exsilit,
3305 1433 3474 1489 nihil-

212 1526 494 1592 ἐξάλλεται
528 1546 541 1559 ·
576 1532 823 1602 κρεῖττον
850 1531 906 1586 δὲ
938 1533 1074 1597 ὅλως
1102 1533 1251 1589 οὐδὲν
1275 1533 1373 1605 τῆς
1420 1532 1794 1603 φιλοκερδείας

218 1619 340 1690 ὁρᾷ,
360 1621 456 1673 καὶ
474 1621 536 1674 τό
552 1639 616 1691 γε
647 1622 973 1695 παράδοξον,
994 1623 1144 1677 οὐδὲν
1170 1625 1233 1678 ἐκ
1257 1623 1355 1694 τῆς
1382 1622 1628 1692 εὐλογίας
1644 1622 1791 1691 ὠφέ-

212 1710 367 1781 λιμον
397 1712 532 1784 εύρή
542 1714 815 1783 σομεν.διά
835 1715 936 1786 τὴν
957 1714 1182 1771 ἐνοῦσαν
1204 1714 1354 1787 αὐτῷ
1382 1714 1623 1788 δηλονότι
1661 1714 1791 1768 δυσ-

213 1803 481 1858 κάοεκτον
532 1806 612 1868 εἰς
648 1805 708 1859 τὸ
738 1806 1172 1877 χρηματίζεσθαι
1220 1807 1789 1879 ῥοπήν.“Προκεκρα-

1899 1542 2007 1597 que
2054 1526 2163 1582 sibi
2215 1525 2511 1597 persuadet
2565 1525 2703 1580 lucri
2755 1524 2944 1580 studio
2993 1523 3383 1595 prastahilius,
3419 1530 3476 1579 et

1898 1616 2047 1689 quod
2107 1617 2332 1679 mirere,
2371 1616 2510 1671 nihil
2555 1616 2815 1673 utilitatis
2863 1631 3093 1683 eumgex
3124 1614 3339 1687 eulogia
3380 1629 3476 1670 ce-

1897 1704 2047 1783 pisse
2070 1710 2500 1781 comperiemus,
2520 1723 2632 1779 prae
2653 1708 2916 1766 effrenato
2939 1709 3198 1765 nimirum
3228 1707 3477 1780 pecunia:

1898 1801 2106 1860 studio.
2132 1801 2351 1872 Quippe
2382 1815 2508 1856 eum
2551 1800 2747 1856 morbo
2781 1800 2874 1855 illo
2902 1799 3058 1871 prius
3092 1808 3390 1867 teneretur,
3422 1807 3477 1855 et

211 1892 451 1963 τημένος
501 1895 604 1967 γὰρ
660 1874 979 1968 τῷίηπάθει,
1050 1897 1145 1950 καὶ
1182 1874 1477 1969 ὁλόκλήρον
1501 1874 1796 1966 ἑαυτῷτδν

1909 1894 2113 1966 peccati
2172 1901 2384 1965 patrem
2422 1893 2477 1947 in
2525 1892 2712 1964 seipse
2768 1900 2943 1947 totum
2985 1891 3338 1963 exprimeret,
3364 1906 3478 1962 quo

214 1986 435 2057 ἀπάσης
452 1987 683 2060 ἀνομίας
716 1988 919 2044 ὠδίνων
949 1988 1180 2058 πατέρα,
1208 1990 1328 2044 οὐδὲ
1356 1991 1478 2045 ὅποι
1510 1988 1641 2044 ποτὲ
1670 1988 1797 2059 τρέ-

212 2097 295 2151 χει
327 2080 518 2135 λοιπὸν
546 2082 575 2134 6
610 2080 842 2145 δεῦ.αιος
875 2081 1281 2137 διασκέπτεται.
1338 2081 1530 2138 Νύκτα
1568 2080 1676 2153 γὰρ
1706 2075 1798 2134 οὖν

212 2172 362 2227 ὥσπε
371 2189 403 2243 ρ
430 2172 574 2235 τινὰ,
597 2172 693 2227 καὶ
724 2170 939 2242 ζοφώδη
973 2172 1339 2244 διαλογισμῶν
1374 2172 1605 2227 ἀνοσίων
1632 2173 1799 2245 ἑσμὸν

213 2265 272 2317 ἐν
323 2262 566 2334 στέρνοις
594 2262 753 2331 ἐλὼν,
783 2264 862 2327 είς
900 2263 1026 2335 ᾅδου
1067 2264 1316 2335 πυθμένα
1363 2263 1457 2318 καὶ
1490 2264 1570 2327 είς
1602 2263 1800 2318 πέταυ-

212 2371 310 2424 ρον
332 2354 596 2425 καταντᾷ,
631 2353 728 2410 καὶ
751 2353 894 2409 κατὰ
932 2354 1023 2408 τὸν
1051 2355 1111 2407 ὲν
1141 2355 1467 2426 Παροιμίαις
1497 2354 1678 2423 λόγον,
1724 2354 1801 2419 ὡς

214 2446 415 2516 ἔλαφος
438 2444 757 2500 ὲπισπεύδει
791 2446 1091 2517 πεπληγὼς
1116 2449 1195 2511 είς
1232 2446 1294 2500 τὸ
1341 2441 1495 2518 ἧπαρ
1545 2445 1803 2515 τοξεύμα-

121 2538 129 2546 ’
214 2554 288 2602 τι,
317 2536 454 2610 ἢὼς
472 2535 619 2591 κύων
643 2538 736 2590 ἐπὶ
784 2536 1042 2608 δεσμοὺς,
1085 2538 1186 2595 οὐκ
1215 2536 1372 2601 εἰδὼς
1404 2538 1484 2592 ὅτι
1533 2536 1662 2607 περὶ
1702 2537 1803 2606 ψυ-

214 2628 320 2699 xii;
351 2628 560 2699 τρέχει.
588 2627 699 2681 Καὶ
727 2644 818 2698 μοι
856 2628 933 2698 μὴ
990 2628 1170 2700 μάτην
1210 2628 1385 2680 εἰπεῖν
1432 2629 1461 2681 6
1521 2625 1802 2687 θεσπέσιος

216 2716 628 2788 εὐαγγελιστὴς,
666 2717 748 2770 ὄτι
805 2735 823 2768 ι
858 2716 1055 2771 Λαϐὼν
1096 2717 1157 2770 τὸ
1190 2715 1407 2786 ψωμίον
1449 2713 1670 2786 ἐξῆλθεν
1716 2713 1804 2766 εὐ-

215 2807 335 2872 θύς.
373 2826 393 2860 s
428 2807 613 2870 Δεινὸς
638 2809 747 2876 γὰρ
774 2809 803 2860 6
837 2807 1080 2871 Σατανᾶς
1109 2808 1189 2870 εἰς
1213 2807 1276 2860 τὸ
1317 2809 1432 2870 τοῖς
1461 2805 1609 2871 άπαξ
1642 2803 1804 2858 ἀλού-

216 2918 268 2954 σι
300 2900 401 2953 καὶ
422 2899 515 2957 ὑπ’
551 2898 986 2969 αύτὺνγεγονόσι
1020 2898 1383 2971 προστάττειν
1409 2898 1571 2963 εὐθὺς
1616 2897 1804 2964 ἐξανύ-

215 3010 299 3045 ειν
326 2992 395 3044 τὰ
429 2990 658 3065 πονηρὰ,
679 2990 774 3044 καὶ
793 2991 1107 3062 μελλήσεως
1129 2991 1350 3060 ἁπάσης
1380 2990 1503 3062 δίχα
1525 2989 1587 3043 τὸ
1614 2988 1805 3042 δοκοῦν

216 3079 369 3151 αὐτῷ
418 3078 874 3151 κατεργάζεσθαι,
919 3081 1013 3134 καὶ
1057 3080 1156 3151 οὐχ
1202 3082 1426 3145 ἑκόντας
1471 3081 1804 3150 ἀναγκάσαι.

1899 1997 2147 2056 praeceps
2160 1991 2286 2037 ruat
2306 1997 2379 2038 ne
2402 1980 2517 2050 jam
2543 1980 2764 2053 quidem
2792 1981 2962 2037 miser
2983 1981 3230 2051 dispicit.
3247 1978 3476 2037 Noctem
3550 2038 3557 2044 _

1900 2076 2103 2150 quippe
2133 2073 2301 2131 veluti
2336 2072 2632 2147 quamdam
2665 2083 2720 2129 et
2753 2073 3046 2145 impiarum
3079 2075 3477 2145 cogitationum

1900 2170 2012 2225 vim
2043 2176 2159 2223 toto
2193 2175 2419 2238 pectore
2453 2167 2766 2239 suscipiens
2807 2166 2862 2220 in
2902 2165 3240 2237 profundum
3277 2166 3479 2222 inferni

1903 2257 2036 2325 ruit,
2065 2266 2139 2323 et,
2178 2265 2237 2313 ut
2261 2257 2314 2311 in
2338 2255 2654 2314 Proverbiis
2682 2256 2952 2328 scriptum
2977 2265 3072 2313 est
3090 2257 3343 2330 ”,.quasi
3368 2271 3482 2313 cer-

1901 2365 2006 2405 vus
2035 2346 2316 2420 properat,
2343 2350 2547 2423 sagitta
2568 2347 2892 2404 vulneratus
2918 2347 2974 2403 in
3002 2348 3214 2420 jecore,
3244 2354 3483 2402 auttan-

1901 2453 2072 2510 quam
2106 2438 2266 2495 canis
2309 2439 2376 2493 ad
2409 2438 2651 2504 vincula,
2689 2440 2949 2496 nesciens
2987 2440 3115 2511 quia
3154 2452 3256 2510 pro
3299 2440 3481 2494 anima

1903 2530 2099 2586 currit.
2147 2529 2336 2600 Neque
2394 2544 2524 2585 vero
2580 2527 2788 2585 frustra
2839 2530 2975 2585 mihi
3023 2530 3235 2587 dixisse
3265 2529 3483 2586 videtur

1903 2621 2265 2693 evangelista,
2288 2640 2306 2674 ι
2342 2621 2480 2677 Cum
2500 2621 2806 2691 accepisset
2823 2622 3152 2689 bttccellam,
3166 2623 3486 2679 exivit'con-

1905 2715 2078 2769 tinuo.
2119 2734 2138 2765 ι
2190 2711 2343 2769 Solet
2373 2713 2521 2769 enim
2566 2713 2800 2769 Satanas
2845 2728 2944 2769 eos
2992 2728 3137 2784 quos
3189 2713 3360 2770 semel
3394 2728 3487 2770 ce-

1906 2805 2074 2879 perit,
2101 2804 2322 2876 sibique
2361 2804 2634 2862 obnoxios
2689 2804 2903 2871 fecerit,
2931 2806 3120 2860 acrius
3166 2820 3387 2876 urgere,
3425 2816 3489 2861 ut

1905 2894 2180 2950 continuo
2212 2894 2358 2949 mala
2386 2903 2671 2966 peragant,
2707 2904 2762 2950 et
2790 2902 2851 2949 ut
2882 2894 3004 2951 sine
3037 2906 3191 2949 mora
3219 2893 3488 2964 imperata

1910 2983 2116 3041 faciant
2166 2968 2367 3058 cog‘ere
2392 2985 2477 3040 vel
2522 2985 2798 3041 nolentes.
2826 2983 3006 3039 Timet
3036 2999 3230 3054 nempe
3275 2983 3487 3046 forsan,

1909 3090 2016 3146 qua
2070 3083 2156 3132 est
2198 3075 2265 3130 ad
2307 3073 2635 3129 maleficium
2684 3073 3059 3146 peragendum
3112 3074 3316 3129 mentis
3346 3074 3492 3129 aeri-

162 3184 163 3187 ‘
218 3166 404 3220 Δέδιεν
433 3168 584 3232 ἴσως,
617 3170 907 3240 πικρόνους
935 3186 993 3222 τε
1020 3168 1281 3243 ὑπάρχων
1307 3171 1414 3235 ἀεὶ,
1450 3172 1546 3224 καὶ
1606 3171 1805 3243 δριμὺς

1909 3164 2114 3232 monia,
2150 3180 2223 3220 ne
2247 3163 2376 3220 dum
2407 3171 2727 3229 cunctatur,
2749 3163 3396 3235 subeunteytnnitentia,
3423 3165 3493 3218 ad

219 3261 301 3322 εἰς
322 3258 677 3331 κακουργίαν,
711 3260 787 3331 μὴ
808 3261 915 3331 ἄρα
953 3278 1035 3326 τις
1064 3263 1122 3314 ὲν
1153 3264 1275 3326 ταῖς
1304 3261 1630 3332 ὑπερθέσεσι
1665 3280 1804 3334 παρ-

219 3349 593 3421 εισδραμοῦσα
626 3351 968 3422 μετάγνωσις
1012 3351 1546 3424 μεταϐουλεύσασθαί
1595 3371 1650 3407 τι
1696 3353 1805 3407 τῶν

217 3440 447 3511 ἀγαθῶν
485 3442 879 3516 παρασκευάσῃ
929 3443 1019 3496 τὸν
1067 3443 1372 3515 ἄνθρωπον,
1416 3445 1522 3499 καὶ
1554 3445 1806 3517 καθάπερ

221 3532 352 3587 τινὰ
402 3531 575 3603 μέθην
619 3532 919 3586 ἀποθέσθαι
951 3532 1046 3587 τοῦ
1097 3533 1188 3587 νοῦ
1240 3535 1339 3604 τὴν
1389 3536 1468 3599 είς
1530 3535 1807 3606 ἁμαρτίαν

221 3624 441 3697 ἡδονὴν,
472 3623 577 3690 ἔξω
611 3641 672 3678 τε
709 3624 939 3695 παγίδος
982 3624 1186 3700 ἐλκύσῃ
1209 3626 1310 3697 τῆς
1349 3628 1479 3698 παρ’
1508 3627 1673 3680 αὑτοῦ
1715 3627 1807 3679 τὸν

223 3716 330 3787 ήδη
378 3715 837 3788 κατειλημμένον.
890 3705 987 3771 Διά
1040 3718 1246 3791 ταύτην
1295 3715 1450 3791 οἶμαι
1492 3721 1591 3791 τὴν
1628 3721 1809 3775 αἰτίαν

225 3807 541 3863 ἐπικεῖσθαι
575 3809 665 3862 τὸν
704 3809 981 3881 ἀλιτήριον
1022 3814 1134 3875 τοῖς
1180 3810 1271 3865 ὑπ’
1311 3812 1472 3866 αὐτὸν
1504 3813 1805 3881 γεγονόσιν,

226 3902 309 3964 είς
334 3899 397 3953 τὸ
425 3900 561 3972 δρᾷν
584 3900 903 3971 ἐπείγεσθαι
931 3904 1029 3956 καὶ
1069 3903 1214 3974 μάλα
1239 3904 1458 3976 γοργῷς
1480 3904 1541 3959 τὸ
1571 3905 1810 3978 ἀρέσκον

225 3990 399 4063 αὐτῷ.
432 3992 544 4045 Kal.
571 3991 700 4061 γοῦν
733 3992 824 4047 τὸν
879 3994 1083 4048 Ἰούδαν
1114 3995 1258 4066 μετὰ
1287 3998 1349 4050 τὸ
1388 3996 1605 4068 ψωμίον
1647 3996 1810 4061 εὐθὺς

226 4082 535 4151 ἀναγκάζει
577 4082 798 4148 λοιπὸν,
840 4083 915 4147 ὡς
960 4083 1065 4137 ὑπὸ
1121 4087 1281 4156 χεῖρα
1326 4084 1508 4139 λαϐὼν
1536 4125 1550 4147 ,
1587 4085 1681 4138 ἐπὶ
1712 4085 1812 4154 τὴν

225 4175 405 4240 οὕτως
461 4175 677 4229 ἀνόσιον
727 4176 864 4230 ίέναι
916 4176 1157 4247 πρᾶξιν,
1193 4177 1417 4242 δεδιὼς,
1454 4178 1597 4232 κατά
1639 4194 1701 4245 γε
1751 4178 1815 4229 τὸ

228 4271 399 4331 εἰκδς,
423 4266 562 4339 ὁμοῦ
601 4271 667 4338 τῇ
700 4267 1042 4339 μεταγνώσει
1082 4270 1177 4324 καὶ
1212 4269 1311 4339 τὴν
1341 4271 1405 4322 ἐκ
1428 4269 1525 4340 τῆς
1562 4270 1815 4337 εὐλογίας

227 4360 494 4431 δύναμιν,
541 4359 616 4432 μὴ
662 4360 772 4432 ἄρα.
800 4377 917 4425 πως
960 4362 1016 4415 ἐν
1049 4364 1115 4433 τῇ
1145 4359 1239 4415 τοῦ
1271 4361 1561 4433 ἀνθρώπου
1598 4361 1810 4433 καρδίᾳ,

232 4452 412 4521 φωτὸς
467 4453 834 4523 ἀναλὰμψασα
874 4446 1069 4524 δίκῆν,
1116 4454 1479 4528 ἁγαθουργεῖν
1541 4455 1814 4526 ἀναπείσῃ
1851 4518 1862 4532 .

1845 4566 1895 4633 D
1922 4544 1975 4597 id
2009 4551 2201 4599 contra
2257 4556 2360 4595 nos
2412 4538 2611 4595 facere,
2633 4538 2854 4593 solitum
2894 4553 2960 4594 ex
3004 4538 3075 4593 iis
3110 4552 3232 4608 qua:
3273 4534 3502 4607 figurate

233 4542 558 4615 προελέσθαι
618 4545 817 4614 μᾶλλον
868 4546 1064 4611 αὐτὸν,
1124 4547 1292 4618 ἤγουν
1346 4546 1408 4602 τὸ
1447 4548 1706 4619 φρόνημα
1756 4548 1817 4600 τὸ

230 4636 457 4709 γνήσιον
488 4635 702 4708 ἐντέκῃ,
739 4636 817 4709 τῷ
843 4639 937 4691 καὶ
965 4638 1258 4709 προδοῦναι
1287 4640 1475 4695 λοιπὸν
1507 4641 1811 4694 ἀναπεπει-

236 4730 441 4800 σμένῳ.
472 4730 595 4782 Ὅτι
625 4729 890 4809 γάρςέθος
917 4730 1079 4784 τοῦτο
1103 4732 1361 4802 πράττειν
1383 4734 1471 4785 ἀεὶ
1502 4732 1623 4786 καθ’
1659 4730 1835 4804 ἡμῶν,

235 4822 312 4892 τῷ
340 4820 579 4892 δαίμονι,
612 4822 706 4875 καὶ
743 4821 832 4876 διὰ
862 4821 970 4875 τῶν
1011 4824 1069 4875 ὲν
1095 4823 1254 4894 τύπῳ
1285 4825 1587 4893 γεγονότων
1615 4824 1819 4892 γνωσό-

240 4912 403 4983 μεθα.
440 4913 767 4983 Ἐποιήσατο
787 4913 886 4983 μὲν
911 4914 1019 4985 γάρ
1051 4915 1157 4968 ὑπὸ
1177 4917 1336 4987 χεῖρα
1360 4917 1485 4980 τοὺς
1526 4915 1818 4978 Ἰουδαίους

246 4999 494 5075 ὁΦαραὼ
532 5004 652 5058 κατ’
696 5003 974 5073 Αἴγυπτον
1025 5004 1185 5069 ὅντας
1237 5006 1314 5061 ἔτι
1338 5047 1351 5069 ,
1411 5006 1567 5077 πηλῷ
1623 5006 1677 5059 δὲ
1723 5007 1818 5059 καὶ

243 5095 513 5167 πλινθεία,
546 5094 640 5150 καὶ⁹
681 5098 801 5159 ταῖς
836 5096 945 5150 τῶν
973 5095 1148 5167 ἔργων
1181 5099 1447 5166 ἀνάγκαις
1479 5098 1819 5169 ἐγκατατρύ-

240 5188 427 5258 χεσθαι
452 5188 670 5261 πικρῶς
691 5187 953 5254 ἐπιτάξας
981 5191 1199 5255 αὐτοὺς,
1230 5190 1421 5245 οὐδένα
1450 5209 1508 5245 τε
1537 5192 1657 5255 ταῖς
1684 5192 1821 5263 πρὸς

241 5280 373 5334 θεδν
408 5280 669 5346 ἱκετείαις
718 5280 890 5335 ἐδίδου
936 5276 1150 5353 καιρόν.
1195 5283 1305 5336 Καὶ
1349 5281 1480 5352 γοῦν
1529 5283 1665 5353 πρὸς
1694 5282 1821 5346 τοὺς

243 5374 349 5428 τῶν
378 5372 559 5446 ἔργων
588 5373 906 5440 ἐπιστάτας,
937 5392 955 5424 ι
991 5373 1338 5445 Βαρυνέσθω,
1377 5374 1532 5444 φησὶ,
1571 5375 1640 5431 τά
1684 5373 1824 5445 ἔργα

245 5464 350 5518 τῶν
379 5463 688 5535 ἀνθρώπων
724 5464 948 5529 τούτων,
976 5465 1070 5519 καὶ
1102 5465 1178 5536 μὴ
1202 5467 1625 5538 μεριμνάτωσαν
1646 5465 1823 5534 λόγοις

243 5559 437 5620 κενοῖς,
476 5575 493 5607 ι
525 5555 720 5622 λόγους
756 5546 942 5620 κενοὺς
970 5555 1250 5627 ὀνομάζων
1290 5558 1388 5630 τὴν
1417 5556 1816 5635 εἰςίὲλευθέραν

318 5737 367 5769 ⁸⁸
400 5738 565 5794 Prov.
608 5752 682 5791 vn
705 5777 717 5801 ,
750 5736 837 5790 ‘25.
917 5737 931 5767 ¹
975 5735 1146 5792 Exod.
1181 5755 1231 5806 ι’,
1265 5738 1317 5796 9.

1908 3256 2188 3313 meliorem
2246 3255 2462 3327 frugem
2501 3256 2666 3312 homo
2714 3270 2775 3312 se
2811 3256 3140 3327 recipiat,et
3192 3271 3260 3312 ex
3308 3255 3495 3311 animo

1906 3348 2241 3419 voluptatem
2273 3363 2401 3418 quas
2437 3347 2503 3402 ad
2544 3356 2835 3417 peccatum
2885 3348 3121 3420 impellit
3149 3364 3250 3404 ceu
3293 3363 3494 3418 crapu-

1908 3439 2014 3492 lam
2048 3437 2310 3509 deponat,
2335 3447 2390 3495 et
2415 3454 2482 3494 ex
2515 3438 2639 3509 ejus
2673 3440 2887 3511 laqueis
2927 3456 3050 3497 sese
3080 3440 3302 3496 tandem
3327 3446 3531 3510 expc-“

1906 3530 2043 3586 diat.
2099 3527 2254 3584 Ilauc
2296 3529 2368 3585 ob
2410 3545 2638 3587 causam
2688 3532 2898 3587 instare
2954 3533 3292 3603 perilitorem
3334 3530 3492 3585 illum

1909 3619 2027 3674 suis
2059 3617 2301 3674 subditis
2334 3618 2555 3690 opinor,
2603 3635 2814 3692 eosque
2860 3621 2929 3677 ad
2985 3637 3128 3692 opus
3176 3623 3361 3679 acrius
3399 3638 3494 3677 ur-

1909 3727 2036 3783 gere
2058 3711 2202 3782 quod
2245 3711 2350 3768 sibi
2399 3712 2691 3784 placuerit.
2736 3712 2803 3767 Et
2833 3713 3056 3784 quidem
3086 3713 3286 3770 ludam
3330 3715 3496 3771 simul

1912 3820 1977 3859 ac
2015 3803 2239 3861 oll‘ulam
2275 3805 2609 3876 sumpsisset
2661 3805 2811 3875 cogit
2851 3804 3023 3871 illico,
3065 3814 3125 3860 ut
3151 3806 3246 3878 qui
3291 3806 3406 3876 jam
3439 3806 3496 3859 in

1912 3896 2179 3953 ditionem
2209 3911 2366 3952 suam
2398 3884 2717 3962 transisset,
2743 3897 2811 3951 ad
2862 3907 2973 3951 tam
3014 3896 3244 3967 impium
3279 3896 3497 3956 facinus

1914 4006 1975 4048 se
2012 3990 2426 4061 quamprimum
2483 3990 2797 4064 accingere,
2844 3990 3082 4057 veritus,
3128 3996 3188 4047 ut
3230 3989 3500 4047 credibile

1913 4091 2019 4147 est,
2054 4082 2218 4137 simul
2252 4096 2378 4136 cum
2409 4082 2740 4153 paenitentia
2763 4080 2870 4136 vim
2901 4095 3123 4153 quoque
3149 4081 3402 4157 eulogite,
3429 4096 3499 4136 ne

1917 4175 2191 4246 utiquein
2233 4174 2384 4231 illius
2433 4175 2673 4233 hominis
2709 4173 2879 4229 corde
2923 4173 3065 4229 lucis
3120 4174 3296 4230 instar
3340 4172 3499 4227 all‘ul-

1915 4281 2052 4338 gens
2098 4280 2223 4321 eum
2277 4264 2547 4321 ad‘bene
2616 4263 2826 4336 agendi.
2875 4262 3124 4318 studium
3191 4271 3498 4324 revocaret,

1916 4359 2078 4431 eique
2132 4358 2408 4415 saniorem
2469 4363 2707 4413 mentem
2762 4355 3013 4419 inderet,
3048 4353 3143 4424 qui
3199 4352 3498 4409 consilium

1914 4444 2026 4522 jam
2050 4458 2277 4522 ceperat
2304 4449 2570 4517 prodendi
2598 4447 2933 4504 Servaloris.
2955 4446 3268 4501 Damonem
3296 4445 3502 4517 quippe

1918 4647 2072 4710 gesta
2106 4645 2236 4692 sunt
2275 4650 2660 4708 agnoscamus.
2714 4633 2987 4690 Submisit
3017 4634 3220 4704 quippe
3250 4632 3355 4687 sibi
3403 4628 3501 4684 Ju-

1919 4732 2066 4788 daeos
2094 4724 2311 4784 Pltat‘ao
2360 4729 2414 4782 in
2452 4725 2690 4799 [Egypto
2735 4725 3021 4796 degentes,
3058 4738 3269 4794 eosque
3296 4723 3414 4776 luto
3445 4730 3503 4777 et

1921 4821 2206 4885 lateribus,
2228 4819 2464 4890 aliisque
2498 4818 2839 4875 necessariis
2868 4816 3129 4880 operibus
3157 4822 3268 4868 tam
3303 4813 3502 4870 acerbe

1920 4913 2103 4970 vexari
2140 4913 2333 4983 jussit,
2361 4920 2421 4967 ut
2453 4911 2664 4966 nullum
2697 4907 2899 4966 orandi
2931 4907 3027 4964 Dei
3062 4913 3281 4977 tempus
3303 4905 3384 4962 eis
3411 4919 3500 4961 re-
3553 4892 3561 4915 '

1918 5005 2214 5075 linqueret.
2259 5004 2340 5059 Ad
2389 5018 2616 5074 operum
2664 5003 2868 5073 quippe
2920 4997 3212 5073 praefectos
3250 5014 3317 5052 ιι
3359 4995 3500 5053 Gra-

1917 5105 2136 5161 ventur,
2184 5097 2398 5167 inquit,
2446 5110 2611 5166 opera
2665 5094 2952 5150 hominum
3006 5090 3275 5155 istorum,
3318 5103 3500 5159 neque

1916 5198 2115 5246 vacent
2153 5189 2310 5244 vanis
2343 5186 2697 5244 sermonibus
2724 5188 2779 5253 ¹;
2823 5204 2840 5236 ι
2879 5196 3052 5238 vanos
3080 5194 3365 5237 sermones
3402 5194 3498 5251 ap-

1918 5279 2130 5349 pellans
2172 5277 2443 5334 libertatis
2487 5275 2756 5336 studium,
2809 5274 3300 5340 vehementemque
3353 5268 3500 5325 illius

1920 5368 2311 5441 recuperandae
2368 5368 2645 5431 ardorem,
2679 5363 2843 5438 7M
2890 5361 3181 5421 servitutis
3245 5361 3500 5434 deplora-

1919 5465 2148 5529 tionem,
2190 5471 2260 5520 ae'
2306 5463 2596 5518 meliorum
2633 5458 3001 5529 desiderium-
3036 5454 3157 5513 Non
3210 5455 3502 5529 ignorabat

1925 5558 2098 5621 enim,
2129 5557 2173 5615 si
2207 5554 2517 5614 istiusmodi
2541 5551 2707 5609 rebus
2724 5549 3057 5609 meditandis
3077 5557 3502 5622 occuparentur,
