4010 6320
436 322 439 325 -
541 282 636 338 itii

1497 283 1555 338 s.
1580 280 1854 345 CYRILLI
1900 244 2369 344 strumosum
2408 274 2728 345 menter.
3509 306 3513 309 -
3700 281 3805 343 iss

536 415 647 455 non
678 414 867 469 parum
902 398 983 455 cis
1017 399 1144 453 inde
1185 399 1442 457 utilitatis
1476 403 1816 459 adfuturum.
1851 407 1890 458 Α
1933 406 2116 477 ﬁguris

2223 406 2334 473 ἓξιν
2360 409 2698 482 ἀναδρομὴν,
2728 406 2820 460 καί
2856 405 2950 459 τὸν
2973 405 3068 458 ἐπὶ
3096 404 3162 477 τῇ
3199 401 3416 478 δουλείᾳ
3448 399 3668 477 θρῆνον,
3713 404 3809 458 καὶ

530 492 707 561 igitur
758 492 827 547 ad
877 492 1132 546 veritatis
1171 492 1507 561 agnitionem
1560 495 1750 561 delati,
1785 500 2116 567 reperiemus

2219 499 2314 570 τὴν
2353 502 2445 554 ἐπὶ
2475 500 2583 554 τῶν
2614 498 2924 553 καλλίστων
2954 499 3283 569 προσευχήν.
3329 489 3452 551 Ὀὐκ
3484 498 3671 568 ἠγνόει
3693 496 3808 568 γὰρ

541 586 800 640 Satanam
854 587 1032 654 ipsum
1090 585 1315 641 assidue
1366 603 1563 657 urgere
1617 604 1712 643 eos
1761 606 1902 659 quos
1954 593 2116 648 semel

2219 591 2302 644 διὰ
2347 591 2448 661 τῆς
2495 593 2554 644 ὲν
2608 591 2823 654 τούτοις
2867 589 3067 661 σχολῆς
3112 589 3172 642 ού
3223 588 3427 660 μικρὰν
3472 589 3807 661 εὑρήσοντες

537 676 679 729 intra
725 690 821 729 sua
860 675 999 729 retia
1045 675 1337 740 clauserit,
1365 685 1419 731 et
1471 677 1524 731 in
1580 678 1906 748 obsequium
1949 696 2110 737 suum

2221 683 2429 753 ὄνησιν.
2475 683 2608 737 Ἀπὸ
2642 675 2710 753 δὴ
2744 681 2854 735 τῶν
2879 681 3071 734 τύπων
3096 678 3190 733 ἐπὶ
3222 680 3322 751 τὴν
3360 679 3471 733 τῶν
3508 680 3809 750 ἀληθεστέο

535 766 759 834 Pennus
794 766 1087 821 adduxe?“
2233 790 2342 844 ρων
2382 774 2756 846 θεωρημάτων
2806 774 2977 837 ίόντες
3024 771 3362 841 ἐπίγνωσιν,
3408 769 3807 839 κατεπείγοντα

535 858 738 930 σφόδρα
783 859 1171 914 τὸν.Σατανᾶν
1220 862 1558 934 εὑρήσομεν,
1608 862 1746 934 πρὸς
1794 864 1856 918 τὸ
1904 866 2102 937 χρῆναι
2141 867 2406 939 πράττειν
2444 867 2511 921 τὰ
2549 868 2763 938 πονηρὰ
2810 867 2937 930 τοὺς
3009 865 3142 920 εἴσω
3207 866 3475 930 πεσόντας
3519 864 3629 919 τῶν
3672 867 3806 938 παρ’

531 950 697 1005 αὑτοῦ
750 951 984 1006 δικτύων
1008 993 1024 1019 ,
1068 956 1161 1006 καὶ
1188 954 1501 1025 ὁλοκλήρως
1532 954 1633 1026 ἤδη
1675 959 2123 1030 κεκρατημένους
2158 962 2241 1024 εἰς
2270 962 2575 1034 ὑπουργίαν
2600 961 2709 1015 τῶν
2746 961 3089 1033 ἀρεσκόντων
3123 959 3292 1032 αὐτῷ.

612 1043 752 1108 XIII,
789 1046 881 1109 51,
915 1045 1004 1098 52.
1038 1045 1168 1101 Cum
1191 1063 1314 1116 ergo
1345 1048 1558 1110 exisset,
1580 1048 1718 1101 dixit
1744 1047 1903 1104 Jesus
1924 1065 1941 1102 :
1964 1049 2121 1105 Nunc

531 1135 871 1204 ciariﬁcalus
901 1144 979 1188 est
1022 1132 1199 1190 Filius
1228 1136 1477 1200 hominis,
1513 1145 1563 1188 et
1602 1136 1742 1191 Deus
1786 1139 2123 1207 clariﬁcatus

529 1236 605 1279 est
631 1228 682 1279 in
707 1242 787 1280 co.
816 1228 873 1280 Si
902 1225 1039 1280 Deus
1064 1226 1391 1296 clariﬁcatus
1429 1237 1505 1281 est
1539 1229 1591 1281 in
1631 1246 1712 1292 eo,
1749 1238 1798 1283 et
1835 1230 1977 1283 Deus
2008 1231 2124 1285 cla-

532 1317 765 1386 riﬁcabit
815 1332 934 1371 eum
986 1318 1042 1370 in
1072 1319 1445 1389 semetipso,et
1502 1323 1749 1374 continuo
1793 1321 2106 1390 clariﬁcabit

529 1424 674 1464 eum.

551 1565 556 1568 ,
603 1501 724 1553 Exit
772 1501 992 1569 quidem
1056 1502 1308 1571 proditor
1351 1502 1559 1558 diaboli
1608 1506 1820 1560 artibus
1882 1508 2115 1563 obsecu-

534 1600 694 1645 turus
733 1609 745 1648 :
780 1592 1040 1649 Christus
1108 1611 1242 1649 vero
1303 1610 1615 1652 sermonem
1676 1599 1935 1664 inchoat,
1990 1600 2117 1654 hinc

532 1684 762 1752 ligurate
811 1685 1223 1754 quodammodo
1274 1687 1513 1742 innitens
1563 1703 1672 1742 non
1703 1705 1823 1744 esse
1856 1692 2115 1747 omnibus

533 1778 738 1847 passim
787 1780 1099 1848 evnlganda
1153 1796 1276 1849 qua:
1323 1780 1459 1834 solis
1507 1779 1779 1836 debentur
1832 1783 2109 1855 ingenuis.

528 1868 641 1925 Nec
670 1871 817 1925 enim
843 1873 1001 1926 decet
1028 1880 1283 1926 sanetmn
1318 1871 1438 1925 dari
1470 1872 1724 1936 canibus,
1755 1873 1912 1942 juxta
1941 1874 2114 1944 ipsius
2149 1857 2188 1911 Β

530 1977 719 2018 vocem
749 1966 794 2027 ',
826 1962 922 2018 scd
974 1979 1153 2034 neque
1208 1965 1537 2034 margaritas
1591 1967 1903 2036 proculcari
1951 1984 2112 2023 suum

532 2054 789 2123 pedibus.
832 2055 988 2122 Quod
1024 2057 1197 2126 igitur
1224 2058 1388 2111 etiam
1425 2059 1580 2128 prius
1623 2060 1809 2129 specie
1838 2060 2117 2130 parabolae

530 2149 698 2213 dixit,
732 2151 838 2205 hoc
869 2151 1072 2206 docere
1101 2163 1334 2206 conatur
1368 2160 1618 2223 tempore
1647 2153 1713 2208 ad
1745 2169 1885 2223 opus
1912 2163 1965 2209 et
1996 2155 2116 2208 cla-

528 2244 733 2298 riorEm
761 2242 1293 2301 demonstrationem
1323 2254 1573 2301 vocante.
1597 2245 1728 2300 Post
1752 2246 2123 2319 deiectionem

528 2334 701 2403 Igitur
733 2349 798 2388 ac
848 2334 1154 2391 discessum
1202 2337 1522 2405 proditoris,
1568 2338 1944 2393 communicat
1996 2340 2149 2393 [οη-ί

529 2425 655 2480 dem
691 2432 752 2480 ut
797 2441 1045 2496 congruo
1086 2428 1349 2483 nimirum
1386 2439 1635 2500 tempore
1666 2431 1919 2499 genuinis
1947 2430 2118 2484 disci-

528 2516 676 2585 pulis
723 2522 1009 2589 mysteria.
1040 2527 1095 2574 et
1138 2521 1252 2575 ait:
1287 2540 1305 2572 ι
1336 2519 1493 2576 Nunc
1533 2523 1871 2576 clariﬁcatus
1905 2530 1988 2576 est
2029 2521 2120 2577 Fi—

530 2611 639 2665 lius
672 2609 938 2676 hominis,
982 2628 1001 2664 ›
1046 2621 1101 2666 et
1131 2600 1229 2681 per
1259 2612 1363 2666 hoc
1396 2612 1618 2682 quidem
1652 2613 1951 2666 salutarem
1993 2628 2119 2682 pas-

529 2703 745 2757 sionem
782 2703 1060 2774 signiﬁcat
1088 2703 1226 2773 ipsis
1256 2703 1367 2773 jam
1399 2688 1615 2760 foribus
1656 2704 2035 2758 imminentem
2063 2713 2119 2759 et

531 2793 694 2864 paulo
734 2803 859 2864 post
907 2794 1173 2850 futuram.
1206 2795 1582 2851 Clariﬁcatum
1610 2811 1741 2850 vero
1783 2794 1981 2849 Filium
2021 2796 2117 2849 ho-

529 2886 703 2942 minis
746 2878 845 2945 ait.
890 2903 1001 2942 non
1043 2888 1322 2942 diversum
1350 2903 1379 2939 a
1411 2903 1471 2942 se
1510 2887 1680 2940 alium
1718 2886 2009 2955 quemdam
2043 2886 2119 2940 si--

526 2977 825 3044 pniIicans,
849 2995 954 3033 non
979 2979 1224 3043 divisim,
1246 2987 1305 3031 ut
1329 2979 1505 3033 visum
1535 2987 1616 3033 est
1647 2979 1949 3041 nonnullis,
1978 2994 2119 3034 unus

526 3070 672 3124 enim
725 3070 901 3126 Filius
935 3070 1242 3133 _Christus,
1297 3077 1378 3132 et,
1407 3079 1535 3123 ante
1582 3084 1828 3133 carnem,
1879 3077 1934 3124 et
1993 3085 2117 3124 cum

2296 1054 2440 1108 ’Ὅτε
2468 1049 2584 1109 οὖν
2620 1053 2874 1122 ἐξῆλθε,
2917 1053 3081 1122 λέγει
3119 1055 3152 1107 ὁ
3196 1050 3472 1120 Ἰησοῦς·
3509 1038 3808 1108 Νῦνλέδο-

2223 1145 2423 1213 ξὰσθη
2464 1149 2497 1201 ὁ
2555 1146 2690 1212 Υίὸς
2731 1146 2839 1200 τοῦ
2884 1143 3233 1213 ἀνθρώπου,
3285 1144 3385 1196 καί
3422 1145 3456 1197 d
3491 1143 3637 1207 Θεὸς
3671 1143 3807 1198 ἐδο-

2224 1238 2422 1307 ξάσθη
2459 1238 2529 1292 ἐν
2571 1236 2752 1302 αὐτῷ.
2791 1238 2860 1291 El
2900 1239 2933 1291 ὁ
2967 1235 3112 1301 Θεὸς
3166 1227 3470 1303 ἐδοξάσθη
3516 1234 3587 1287 ἐν
3622 1234 3802 1299 αὐτῷ,

2224 1330 2320 1385 καὶ
2355 1331 2540 1397 αὐτὸς
2580 1329 2830 1395 δοξάσει
2878 1328 3068 1384 αὑτὸν
3103 1328 3174 1382 ἐν
3204 1325 3428 1394 ἐαυτῷ,
3472 1326 3571 1381 καὶ
3625 1327 3810 1394 εὐθὺς

2223 1418 2473 1484 δοξάσει
2504 1422 2715 1475 αὐτόν.

2296 1513 2505 1578 Ἕξεισι
2549 1513 2648 1585 μὲν
2685 1515 2713 1566 ὁ
2750 1510 3017 1585 προδότης
3045 1512 3158 1575 τοῖς
3194 1508 3289 1563 τοῦ
3330 1508 3575 1564 διαϐόλου
3606 1528 3809 1584 στρατ-

2220 1606 2502 1677 ηγήμασιν
2532 1605 2916 1677 ὑπηρετήσων·
2963 1601 3193 1674 ἄρχεται
3239 1600 3296 1654 δὲ
3337 1599 3433 1653 τοῦ
3471 1601 3631 1670 λόγου
3674 1603 3810 1675 Χρι-

2221 1700 2365 1765 στὸς,
2394 1698 2495 1751 οὐκ
2536 1698 2618 1761 εἰς
2645 1696 2744 1760 τὰς
2770 1696 2990 1750 πάντων
3016 1694 3186 1758 ἀκοὰς
3211 1693 3281 1747 τὰ
3321 1693 3505 1765 μόνοις
3526 1694 3811 1766 πρέποντα

2219 1795 2331 1856 τοῖς
2362 1792 2608 1862 γνησίοις
2647 1787 2927 1843 λαλεῖσθαι
2967 1788 3078 1841 δεῖν
3098 1828 3113 1847 ,
3157 1784 3234 1849 ὡς
3265 1786 3322 1839 ἐν
3350 1784 3507 1857 τύπῳ
3530 1826 3546 1850 ,
3598 1787 3695 1840 καὶ
3720 1786 3811 1841 διὰ

2219 1883 2412 1938 τούτου
2440 1882 2728 1937 διδάσκων.
2764 1883 2839 1934 Οὐ
2870 1879 2980 1950 γὰρ
3010 1879 3211 1933 διδόναι
3241 1878 3509 1951 προσήκει
3546 1875 3607 1931 τό
3648 1877 3808 1947 ἅγιον

2217 1980 2331 2040 τοῖς
2359 1976 2505 2038 κυσὶ,
2537 1974 2680 2029 κατὰ
2717 1972 2817 2044 τὴν
2845 1970 3012 2026 αὐτοῦ
3037 1970 3241 2042 φωνὴν,
3272 1969 3386 2024 ἀλλ’
3406 1968 3528 2022 οὐδὲ
3555 1972 3671 2033 τοῖς
3694 1969 3804 2024 ὑῶν

2219 2064 2602 2137 ὲνυόρίζεσθαι
2635 2063 2761 2117 ποσὶ
2790 2063 2919 2127 τοὺς
2957 2061 3303 2133 μαργαρίτας
3343 2061 3461 2132 ὲᾷν,
3498 2060 3679 2132 Ὅπερ
3712 2056 3807 2115 οὖν

2219 2157 2323 2228 ἔφη
2360 2157 2456 2210 καὶ
2501 2157 2803 2229 πρότερον,
2855 2155 2931 2219 ὡς
2975 2157 3034 2208 ὲν
3064 2153 3192 2207 εἴδει
3235 2153 3595 2224 παραϐολῆς,
3648 2153 3809 2207 τοῦτο

2219 2250 2480 2322 πειρᾶται
2519 2249 2795 2304 διδάσκειν
2840 2247 3036 2318 καιροῦ
3080 2246 3376 2310 καλοῦντος
3405 2247 3487 2310 είς
3516 2245 3680 2316 ἔργον
3713 2247 3809 2300 καὶ

2223 2340 2566 2411 σαφεστέραν
2619 2338 2901 2404 ἐπίδειξιν.
2955 2339 3112 2393 Μετὰ
3155 2338 3334 2391 τοίνυν
3384 2336 3478 2390 τοῦ
3533 2337 3800 2407 προδότου

2220 2430 2320 2501 τὴν
2350 2431 2653 2489 ἀπόστασιν
2691 2432 2786 2485 καὶ
2815 2431 2915 2502 τῆς
2955 2430 3142 2494 ἑστίας
3184 2430 3283 2500 τὴν
3308 2429 3647 2502 ἁποδρομὴν,
3674 2431 3808 2484 ἀνα-
3865 2488 3872 2493 _

2220 2522 2499 2577 κοινοῦται
2537 2522 2754 2587 λοιπὺνι,
2790 2521 2867 2585 ὡς
2913 2522 2973 2576 ὲν
3003 2520 3181 2592 καιρῷ
3227 2519 3307 2593 τῷ
3345 2520 3643 2592 πρέποντι,
3690 2524 3811 2584 τοῖς

2219 2614 2465 2685 γνησίοις
2512 2613 2623 2666 τῶν
2681 2612 2945 2684 μαθητῶν
2996 2612 3065 2665 τὰ
3107 2613 3422 2683 μυστήρια,
3470 2611 3565 2664 καί
3622 2627 3803 2682 φησιο

2227 2727 2245 2759 ι
2278 2705 2390 2760 Νῦν
2412 2704 2673 2776 ἐδοξάσθη
2690 2708 2718 2758 ό
2738 2705 2868 2768 Υἱὸς
2892 2704 2986 2757 τοῦ
3012 2704 3300 2776 ἀνθρώπου
3325 2720 3337 2734 ·
3373 2723 3391 2755 ›
3422 2703 3518 2756 καὶ
3549 2705 3813 2774 σημαίνει

2224 2800 2324 2870 μὲν
2345 2799 2435 2852 διά
2454 2797 2646 2851 τούτου
2673 2798 2733 2850 τὸ
2764 2799 3031 2873 σωτήριον
3066 2796 3256 2859 πάθος,
3290 2796 3367 2858 ὡς
3392 2795 3451 2848 ὃν
3484 2795 3578 2848 ἐπὶ
3615 2795 3813 2866 θύραις

2221 2908 2283 2945 τε
2335 2893 2430 2945 καὶ
2476 2891 2575 2961 ἢδη
2613 2889 2990 2960 παρεσόμενον
3039 2887 3176 2959 μετὰ
3227 2887 3420 2959 βραχύ.
3473 2887 3811 2954 Δεδοξάσθαι

2221 3000 2285 3053 γε
2321 2982 2428 3053 μὴν
2473 2982 2565 3036 τὸν
2607 2981 2737 3034 Υίὸν
2776 2980 2870 3034 τοῦ
2922 2978 3211 3051 ἀνθρώπου
3244 2979 3445 3049 φησὶν,
3476 2980 3574 3050 ούχ
3616 2980 3811 3048 ἕτερόν

2222 3089 2344 3125 τινα
2382 3071 2559 3141 λέγων
2608 3072 2740 3141 παρ’
2785 3071 2999 3136 ἑαυτὸν,
3047 3071 3105 3121 ού
3140 3068 3511 3142 διῃρημένως,
3545 3070 3808 3140 καθάπερ

529 3178 719 3229 carne,
757 3173 810 3219 et
863 3128 1186 3235 prﬁnsquam
1244 3165 1409 3217 homo
1470 3161 1623 3216 ﬁeret
1673 3162 1835 3216 sicuti
1897 3179 2022 3229 nos,
2066 3178 2116 3220 et

2229 3162 2377 3228 ἕδοξὲ
2403 3128 2574 3216 τισινο
2606 3128 2705 3226 εἷς·
2726 3161 2835 3232 γὰρ
2866 3128 2996 3224 Υἱὸς
3019 3161 3048 3213 ό
3080 3128 3354 3232 Χριέἑδξ,
3384 3128 3631 3233 καῖ-πρὸ
3673 3128 3814 3231 σαρ-

474 3284 479 3289 -
529 3262 823 3326 postquam
858 3254 1036 3311 factus
1074 3265 1160 3310 est
1205 3254 1392 3310 homo.
1423 3252 1711 3318 Quomodo
1744 3269 1874 3307 vero
1910 3254 2110 3307 clariﬁ-

2229 3255 2343 3319 κὸς,
2380 3255 2472 3307 καὶ
2502 3252 2640 3325 μετὰ
2681 3251 2904 3323 σαρκὸς,
2953 3251 3049 3304 καὶ
3096 3251 3226 3320 πρὶν
3263 3249 3548 3321 ἄνθρωπος
3577 3250 3812 3321 γένηται

462 3348 467 3355 ’
527 3359 715 3404 catum
770 3362 830 3403 se
871 3363 999 3403 esse
1033 3345 1286 3407 aﬂirmet,
1317 3345 1680 3415 quaerendum
1730 3353 1836 3400 est.
1874 3344 2116 3401 Dixerint

2223 3344 2346 3398 καθ’
2377 3345 2542 3414 ἡμᾶς,
2576 3343 2673 3396 καὶ
2699 3343 2789 3395 ὅτε
2821 3341 3043 3420 γέγονεν
3086 3340 3396 3411 ἄνθρωπος.
3447 3340 3522 3396 Τὸ
3552 3339 3609 3393 δὲ
3653 3340 3811 3403 ὅπως

525 3439 672 3494 enim
712 3437 900 3495 forsan
936 3439 1108 3509 aliqui
1134 3458 1148 3494 :
1179 3436 1370 3493 Nonne
1398 3448 1449 3493 et
1477 3438 1630 3508 prius
1666 3435 2007 3490 clariﬁcatus
2035 3445 2116 3491 est

2219 3435 2535 3501 δεδοξάσθαι
2560 3433 2976 3505 διῖσχυρίζεται,
3007 3431 3288 3503 ζητητέον.
3327 3433 3489 3485 Φαῖεν
3528 3433 3638 3502 γὰρ
3673 3431 3813 3495 ἴσως

526 3545 652 3583 cum
687 3529 953 3584 miracula
985 3526 1367 3584 faceret?Nam
1392 3543 1501 3582 uno
1521 3527 1687 3582 verbo
1713 3527 1928 3598 placato
1953 3527 2114 3591 mari,

525 3629 580 3676 et
604 3620 917 3675 vehementi
939 3629 1229 3676 ventorum
1272 3622 1475 3691 impetu
1504 3622 2118 3691 compresso,adoratus

525 3723 608 3768 est
642 3713 862 3783 quidem
889 3715 959 3770 ab
987 3715 1056 3769 iis
1093 3714 1185 3784 qui
1215 3714 1270 3768 in
1299 3714 1518 3784 navigio
1547 3724 1680 3769 tunc
1704 3723 1882 3779 erant,
1917 3715 2119 3769 audiit-

524 3821 633 3874 que
653 3824 664 3859 :
684 3824 703 3857 ι
729 3803 1059 3862 Vere'FiIius
1077 3805 1171 3860 Dei
1196 3822 1255 3861 es
1274 3807 1315 3859 ³.
1344 3825 1361 3858 ι
1390 3805 1684 3874 Prazterea,
1701 3822 1826 3861 cum
1846 3805 2113 3861 Lazarum

526 3896 594 3951 ad
644 3897 815 3951 vitam
853 3896 1056 3952 reverti
1097 3890 1384 3967 jussisset,
1421 3896 1561 3952 adeo
1620 3897 1837 3952 celebre
1871 3896 1974 3950 fuit
2014 3896 2116 3950 mi-

527 3987 803 4049 raculum,
851 3997 911 4042 ut
963 3997 1017 4043 et
1073 3989 1221 4042 circa
1261 3987 1384 4044 festi
1420 3997 1635 4057 tempus
1672 3987 2111 4060 Hierosolymam

527 4076 848 4132 ascendenti
899 4092 1093 4134 omnes
1158 4079 1208 4135 ei
1268 4094 1376 4133 una
1416 4095 1557 4133 "cum
1622 4079 1809 4149 pueris
1848 4093 2112 4133 oecurre-

527 4166 661 4234 rint,
681 4176 735 4223 et
767 4166 965 4224 faustis
989 4170 1269 4225 ominibus
1298 4186 1423 4225 eum
1456 4171 1729 4240 persecuti
1760 4171 1895 4234 sint,
1917 4170 2111 4225 dicen-

526 4265 610 4313 tes
644 4275 657 4312 :
698 4258 1084 4325 «Benedictus
1135 4265 1228 4332 qui
1257 4263 1405 4318 venit
1433 4264 1486 4316 in
1518 4263 1742 4317 nomine
1773 4260 2045 4315 Domini‘.
2086 4277 2105 4311 ι

525 4350 688 4422 745
716 4350 819 4405 Sed
865 4359 919 4406 et
970 4351 1161 4408 Iraezis
1192 4355 1438 4423 quinque
1483 4354 1718 4424 panibus
1768 4366 1831 4405 ac
1886 4351 2105 4407 duobus

438 4462 443 4466 δ
530 4441 816 4511 pisciculis
853 4442 1167 4498 universam
1204 4444 1616 4499 multitudinem
1667 4457 1857 4496 eorum
1907 4441 2001 4510 qui
2038 4444 2106 4497 ad
2137 4467 2150 4483 -

2217 3529 2394 3592 τινές·
2426 3529 2497 3581 Ἦ
2527 3527 2635 3597 γὰρ
2666 3526 2808 3595 οὸχὶ,
2841 3523 2935 3578 καὶ
2973 3524 3239 3596 πρότερον
3278 3522 3655 3595 τερατοποιῶν
3683 3524 3807 3578 ὲδοο

2206 3621 2443 3691 ¹ξιέιζετω
2499 3618 2694 3672 Καίτοι
2766 3615 3045 3695 θάλασσαν
3100 3616 3201 3685 μὲν
3259 3614 3656 3685 ἀγριαίνουσαν
3723 3617 3812 3669 ἐνὶ

2216 3714 2545 3783 δυσωπήσας
2567 3709 2731 3779 λόγῳ,
2767 3707 2862 3761 καὶ
2894 3706 3218 3777 βιαιοτάτων
3241 3707 3569 3777 πνευμάτων
3602 3709 3812 3763 ἀνακό-

2215 3804 2323 3873 ψας
2362 3801 2572 3875 φορὰν,
2633 3796 3014 3868 προσεκυνήθη
3074 3796 3172 3868 μὲν
3227 3796 3381 3866 παρὰ
3446 3796 3556 3850 τῶν
3615 3797 3677 3851 ὲν
3726 3796 3809 3868 τῷ

2216 3896 2387 3967 πλοίῳ
2431 3896 2574 3956 τότε,
2612 3894 2812 3963 ἤκουσε
2846 3891 2934 3957 δὲ,
2986 3891 3070 3945 ὅτι
3122 3908 3140 3941 ι
3197 3889 3440 3960 Ἀληθῶς
3481 3889 3619 3943 Θεοῦ
3673 3891 3809 3957 Υἱὸς

2213 3988 2283 4045 εἷ.
2330 4009 2348 4041 ι
2386 3988 2494 4042 Καὶ
2548 3986 2655 4059 μὴν
2706 3985 2802 4039 καὶ
2865 3983 2959 4037 τὸν
3002 3984 3062 4036 ὲν
3126 3984 3194 4054 τῇ
3247 3981 3492 4053 Βηθανία
3540 3981 3805 4059 Λάζαρον

2214 4058 2648 4153 παλινδρομῆσαι
2715 4073 3029 4148 προστάξας
3097 4075 3178 4138 είς
3247 4071 3396 4141 ζωὴν
3422 4112 3437 4137 ,
3510 4058 3806 4146 διαϐόητον

2212 4174 2340 4246 ἔσχε
2389 4173 2451 4227 τὸ
2484 4172 2670 4243 θαῦμα
2691 4213 2704 4236 ,
2756 4169 2832 4235 ὡς
2879 4169 2973 4222 καὶ
2999 4166 3343 4221 ἀναϐαίνοντι
3390 4164 3534 4220 κατὰ
3570 4167 3665 4221 τὸν
3699 4168 3802 4238 τῆς

2212 4266 2406 4338 ἑορτῆς
2481 4264 2672 4335 καιρὸν
2757 4264 2838 4326 εἰς
2934 4259 3289 4329 Ἱεροσόλυμα
3370 4260 3798 4331 προῦπαντῆσαι

2213 4359 2539 4429 σύμπαντας
2588 4351 2725 4424 ὁμοῦ
2784 4353 2899 4414 τοῖς
2975 4352 3226 4420 νηπίοις,
3307 4348 3402 4402 καὶ
3463 4349 3800 4418 ἀξιάγαστον

2211 4446 2362 4517 αύτῷ
2408 4445 2507 4515 τὴν
2561 4441 2838 4512 εὐφημίαν
2890 4438 3222 4493 ἁναπλὲκειν
3285 4439 3584 4508 λέγονταςο
3641 4459 3660 4492 ι
3696 4440 3801 4495 Εὐ.

527 4549 588 4589 se
616 4532 1008 4590 conﬂuxerant
1046 4537 1267 4591 satiavit
1302 4539 1515 4607 absque
1552 4535 1737 4605 pueris
1778 4542 1833 4588 et
1859 4535 2104 4589 mulieri-

2219 4538 2507 4609 λογημένος
2534 4536 2562 4587 ὁ
2595 4533 2886 4604 ἐρχόμενος
2917 4532 2974 4583 ὲν
3012 4530 3236 4601 ὀνόματι
3297 4531 3524 4603 Κυρίου.
3564 4552 3585 4585 ι
3638 4532 3799 4589 Ἀλλὰ

529 4625 650 4690 bus,
685 4624 750 4680 ad
780 4627 1026 4696 quinque
1054 4629 1300 4683 virorum
1334 4629 1524 4682 millia.
1557 4625 1692 4680 Tam
1727 4625 1946 4680 illustre
1978 4640 2106 4679 vero

527 4718 856 4773 miraculum
898 4719 1044 4774 istud
1094 4722 1378 4776 nonnullis
1432 4721 1610 4774 visum
1658 4726 1766 4783 est,
1804 4724 1864 4770 ut
1923 4732 1986 4771 ea
2052 4710 2110 4772 re

528 4811 824 4880 plurimum
861 4813 1076 4867 attoniti
1109 4829 1289 4884 regem
1313 4828 1436 4868 eum
1466 4827 1653 4866 creare
1680 4811 1920 4865 vellent"
1949 4824 1964 4862 :
2003 4810 2109 4863 hoc

526 4902 673 4956 enim
708 4905 1044 4975 evangelista
1068 4905 1230 4960 nobis
1262 4910 1499 4958 testatus
1528 4908 1635 4956 est.
1674 4899 1922 4992 ‘Dillicile
1977 4916 2108 4955 vero

529 5008 639 5048 non
672 5004 757 5050 cst
793 4995 1132 5066 ejuscemodi
1169 4994 1417 5063 exempla
1450 5006 1783 5062 congerere,
1815 4992 1990 5045 nihilo
2042 4993 2109 5048 iis

528 5101 653 5157 qua:
708 5089 1004 5143 retulimus
1063 5085 1347 5141 inferiora.
1390 5083 1680 5150 Quomodo
1739 5084 1905 5153 igitur
1964 5100 2112 5139 nunc

530 5178 892 5234 elariﬂeatum
930 5194 990 5234 se
1015 5177 1170 5241 dicit,
1212 5176 1307 5247 qui
1343 5183 1397 5229 et
1430 5175 1560 5229 olim
1605 5174 1946 5230 clariﬁcatns
1981 5177 2111 5233 est?

529 5271 875 5327 Clarilicatus
904 5271 1050 5326 enim
1104 5278 1188 5323 est
1211 5268 1374 5322 etiam
1407 5281 1476 5320 ex
1523 5266 1670 5330 aliis,
1710 5274 1766 5322 et
1798 5267 1983 5321 divina
2012 5284 2110 5339 po-

528 5372 726 5419 testate
756 5363 1020 5433 prarditus
1045 5358 1391 5414 credebatur.
1446 5355 1652 5412 Tamen
1701 5361 2110 5416 consummatio

529 5453 719 5524 gloria:
748 5453 802 5507 in
836 5450 1093 5523 passione
1132 5448 1236 5503 sita
1267 5459 1406 5514 erat,
1437 5463 1600 5519 quam
1638 5464 1738 5518 pro
1769 5449 1956 5504 mundi
1996 5453 2101 5505 vita

532 5543 816 5605 sustinuit,
846 5548 899 5596 et
931 5540 983 5592 in
1013 5553 1077 5593 eo
1107 5539 1250 5609 quod
1288 5556 1384 5611 per
1412 5540 1652 5610 seipsqu
1678 5530 2100 5615 resurrectionis

608 5727 627 5756 ³
668 5722 857 5778 Matth.
893 5737 963 5777 vn
988 5761 1002 5784 ,
1038 5720 1090 5775 6.
1171 5720 1190 5752 ³
1231 5719 1421 5776 Matth.
1460 5739 1572 5791 Juv,
1603 5724 1689 5779 55.

2206 4631 2301 4685 καὶ
2351 4627 2512 4680 πέντε
2576 4622 2875 4685 διακλάσας
2935 4619 3135 4691 ἄρτους
3206 4620 3375 4687 ποτὲ,
3439 4622 3533 4675 καὶ
3593 4621 3799 4694 ὀψάρια

2164 4747 2177 4758 ·
2205 4722 2316 4784 δύο,
2350 4717 2675 4790 κορεσθῆναι
2743 4714 3118 4784 παρεσκεύασε
3161 4712 3259 4783 τὴν
3319 4714 3428 4767 τῶν
3491 4717 3578 4768 ἐπ’
3635 4716 3797 4769 αὐτὸν
3830 4780 3841 4790 .

2207 4809 2722 4881 συνδεδραμηκότων
2771 4807 3014 4878 πληθὺν,
3045 4807 3167 4877 δίχα
3217 4808 3424 4879 νηπίων
3473 4810 3568 4861 καὶ
3599 4825 3796 4876 γυναι-

2205 4902 2340 4963 κῶν,
2368 4902 2448 4965 είς
2477 4901 2638 4954 πέντε
2659 4898 3036 4952 συντείνουσαν
3062 4899 3307 4969 χιλιάδας
3326 4898 3554 4970 ἀνδρῶν.
3593 4901 3796 4956 Ἐδόκει

2206 4993 2264 5047 δὲ
2299 4991 2472 5055 οὓτως
2509 4989 2729 5053 εὐκλεὲς
2766 4989 2828 5041 τὸ
2872 4990 3407 5059 τερατουργούμενον
3453 4984 3595 5041 εἷναί
3630 5008 3793 5053 τισιν,

2206 5085 2281 5147 ὡς
2307 5084 2404 5156 τὴν
2434 5082 2527 5138 τοῦ
2560 5082 2885 5153 πράγματος
2916 5080 3475 5148 καταπεπληγμένους
3497 5082 3792 5155 ὑπεροχὴν,

2208 5175 2392 5246 ζητεῖν
2421 5176 2583 5231 αὐτὸν
2621 5173 2894 5240 ἀναδεῖξαι
2947 5176 3041 5226 καλ⁸
3070 5172 3294 5242 βασιλέα
3315 5188 3329 5203 ο
3369 5171 3526 5227 τοῦτο
3558 5174 3671 5245 γὰρ
3696 5175 3794 5228 αὐ-

2207 5269 2297 5332 τὸς
2326 5269 2457 5339 ἡμῖν
2497 5268 2526 5320 ὀ
2552 5264 2940 5335 εὐαγγελιστὴς
2987 5263 3409 5335 διεμαρτύρατο.
3450 5266 3706 5318 Χαλεπδν
3737 5266 3793 5319 δὲ

2208 5360 2380 5425 οὐδὲν,
2408 5360 2502 5413 καὶ
2527 5358 2594 5412 δι’
2622 5358 2826 5429 ἑτέρων
2862 5357 3002 5410 ὅσων
3044 5357 3139 5409 καὶ
3175 5356 3381 5424 σφόδρα
3417 5357 3628 5412 πλατὺν
3659 5359 3793 5413 ίέναι

2212 5457 2302 5506 τὸν
2329 5452 2504 5522 λόγον,
2521 5451 2629 5505 τῶν
2656 5450 2859 5522 ἀρτίως
2888 5451 3018 5520 ἡμῖν
3034 5449 3237 5519 ἀπηριθ
3246 5467 3318 5519 μη
3328 5450 3504 5520 μένων
3532 5451 3795 5521 πραγμά-

2207 5563 2315 5600 των
2355 5547 2476 5600 κατ’
2524 5542 2676 5596 οὐδὲν
2706 5540 3025 5613 ἡττωμένην
3062 5540 3162 5612 τὴν
3186 5539 3343 5606 δόξαν
3376 5542 3631 5613 ἐχόντων.
3671 5542 3792 5614 Πῶς

1770 5724 1789 5756 ⁸
1828 5723 2021 5781 .llatlh.
2058 5742 2147 5781 xu
2175 5769 2189 5793 ,
2221 5728 2273 5785 9.
2351 5729 2369 5758 ⁵
2419 5726 2571 5781 Ioan.
2611 5740 2697 5785 vi,
2738 5723 2823 5778 i5.
