4010 6320
158 349 260 410 153

1125 338 1190 397 ΙΝ
1236 332 1522 396 JOANNIS
1574 324 2024 388 EVANCELIUM
2069 320 2199 378 LIB.
2239 317 2333 377 IX.

3324 301 3431 360 15$

158 466 252 525 οῦν
294 469 405 541 ἀρα
468 465 651 524 λοιπὸν
681 465 710 521 ό
738 464 829 520 καὶ
885 461 1055 516 πάλαι
1112 430 1525 527 δεδοξασμένος,
1557 448 1750 505 ἑαυτὸν

1868 444 2101 499 nauium
2141 437 2363 494 modum
2398 425 2875 505 innovavit._Nam
2923 423 2969 482 si
3016 420 3284 485 rationem
3315 432 3432 487 my-

1973 536 2009 541 “
2046 535 2058 541 ·
2104 533 2135 541 ν·
2428 524 2443 541 ι
2480 524 2602 541 νμι
2672 527 2818 541 μμιλ
2887 512 3255 541 humanm...
3324 523 3431 541 ηι...

159 563 278 618 νυνὶ
310 558 624 625 δεδοξάσθαι
654 556 789 629 φησί
817 573 832 621 ;
864 553 1191 619 Δεδόξασται
1220 548 1331 618 7&9
1387 546 1483 599 καὶ
1531 542 1597 597 δι’
1634 542 1752 595 ἑτέ·

163 668 295 723 ρων,
346 648 444 703 καὶ
472 644 815 720 θεοπρεποῦς
843 643 1093 711 ἐξουσίας
1135 637 1403 710 ὑπόληψιν
1429 635 1570 706 ἔχων
1595 630 1751 701 ὲφαίέ

160 758 303 796 νετο.
316 740 390 795 Τό
414 756 481 809 γε
512 740 621 811 μὴν
660 738 762 809 τῆς
792 737 951 807 δόξης
986 735 1212 798 τέλειον,
1239 732 1333 786 καὶ
1357 729 1460 799 τῆς
1497 724 1749 788 εὐκλείας

120 894 125 898 _
160 833 224 885 τὸ
252 832 458 903 πλῆρες
478 831 537 884 ὲν
565 829 761 901 ἐκείνῳ
795 827 1009 892 πάντως
1047 821 1119 897 ἦν
1155 827 1212 879 ὲν
1243 822 1322 893 τῷ
1359 819 1550 874 παθεῖν
1580 815 1751 869 αὑτὸν

163 924 308 994 ὑπὲρ
338 921 438 994 τῆς
456 921 553 975 τοῦ
572 920 778 992 κόσμου
807 919 974 990 ζωῆς,
1001 916 1096 970 καὶ
1132 915 1197 968 δι’
1223 910 1416 967 ἑαυτοῦ
1449 912 1549 980 τῆς
1573 906 1749 962 ἀπάν-

162 1032 273 1069 των
320 1012 672 1075 ἀναστάσεως
722 1011 1115 1080 καινοτομῆσαι
1138 1006 1232 1060 τὸν
1268 1003 1488 1075 τρόπον.
1517 995 1749 1053 Βασανί-

165 1109 349 1194 ζοντες
373 1104 485 1176 γὰρ
505 1147 519 1170 ,
547 1103 624 1168 ὥς
655 1102 757 1167 ἔνι,
784 1101 963 1164 καλῶς
985 1097 1079 1153 τοῦ
1112 1096 1234 1152 κατ’
1261 1093 1422 1149 αὐτὸν
1453 1087 1753 1163 μυστηρίου

161 1188 255 1251 τὸν
281 1196 462 1265 λόγον,
496 1194 595 1265 οὐχ
625 1192 803 1264 ἑαυτῷ
847 1190 1031 1262 τυχὸν,
1066 1188 1187 1243 οὐδὲ
1224 1186 1430 1258 κυρίως
1457 1183 1523 1237 δι’
1562 1180 1755 1234 ἑαυτὸν

161 1288 438 1343 τεθνεῶτα
458 1285 830 1357 κατοψόμεθα,
855 1284 969 1339 ἀλλ’
995 1282 1135 1353 ὑπὲρ
1163 1280 1382 1350 ἀπάσης
1420 1276 1520 1345 τῆς
1549 1271 1645 1327 ἀνθ
1656 1288 1753 1343 ρω-

162 1378 419 1449 πότητος,
455 1379 645 1433 παθεῖν
670 1395 729 1431 τε
755 1377 848 1432 καὶ
872 1377 1089 1447 δρᾶσαι,
1113 1372 1174 1427 τό
1193 1389 1253 1425 τε
1282 1368 1452 1432 πάθος
1478 1365 1629 1429 αὐτὸ,
1658 1364 1753 1416 καὶ

165 1471 282 1541 μετ’
325 1472 502 1524 ὲκεῖνο
528 1470 626 1540 τὴν
677 1468 995 1522 ἀνάστασιν.
1048 1463 1293 1534 Τέθνηκε
1340 1460 1437 1530 μὲν
1470 1456 1577 1528 γὰρ
1609 1452 1755 1509 κατά

163 1564 260 1634 τὴν
293 1564 476 1637 σάρκα
500 1564 600 1634 τῆς
634 1558 891 1616 ἁπάντων
936 1559 1081 1630 ζωῆς
1117 1556 1447 1627 ἀντίρροπον
1476 1550 1576 1620 τὴν
1613 1546 1753 1600 ἰδίαν

164 1655 527 1720 ἀποδεικνὺς,
558 1654 654 1709 καὶ
709 1654 808 1725 τῆς
862 1651 1094 1723 ἀρχαίας
1148 1647 1366 1718 ἐκείνης
1415 1637 1753 1710 ἀποπληρῶν

164 1745 308 1815 ἀρᾶς
358 1744 420 1797 ὲν
466 1742 644 1811 ἐαυτῷ
705 1742 805 1812 τὴν
866 1742 1097 1809 δύναμιν
1132 1739 1161 1791 ό
1211 1734 1430 1789 πάντων
1480 1728 1751 1794 ἀντάξιος.

176 1795 508 1904 ’ἐγήγερται
551 1795 627 1886 δὲ.
650 1795 811 1885 πάλῖν
848 1831 915 1883 ὲκ
941 1795 1151 1899 νεκρῶν
1201 1826 1279 1888 εἰς
1326 1817 1602 1891 ἀκήρατόν
1633 1831 1755 1867 τινα
1789 1795 1829 1848 Β

165 1927 260 1981 καὶ
291 1924 676 1996 άκατάληκτον
716 1920 1028 1992 ζωὴν,ὄλην
1060 1920 1118 1972 ὲν
1148 1914 1325 1985 ἐαυτῷ
1355 1908 1629 1972 διανιστάς
1658 1906 1757 1976 τὴν

168 2012 351 2079 φύσιν.
383 2032 406 2066 ι
436 2012 618 2080 Ἀπαξ
647 2012 754 2082 γὰρ
774 2008 1082 2075 ἀποθανὼν,
1100 2007 1239 2062 κατά
1264 2005 1326 2060 τὸ
1350 1998 1756 2073 γεγραμμένον,

167 2105 352 2167 οὶκέτι
387 2104 724 2176 ἀποθνήσκει
760 2120 775 2134 ⁸
803 2104 1029 2165 θάνατος
1064 2100 1231 2154 αὐτοῦ
1270 2097 1456 2152 οὐκέτι
1490 2089 1756 2163 κυριεύει.

170 2201 239 2253 '0
266 2199 381 2270 7&9
410 2196 671 2261 ἀπέθανε,
701 2199 770 2267 τῇ
803 2194 1049 2267 ἁμαρτίᾳ
1081 2190 1354 2247 ἀπέθανεν
1381 2183 1623 2256 ἐφάπαξ,
1653 2181 1681 2235 δ
1703 2180 1760 2234 δὲ

165 2290 259 2363 ζῇν
388 2291 469 2361 τῷ
488 2290 628 2361 Θεῷ.
662 2308 681 2342 ι
713 2286 883 2342 Τοῦτο
926 2287 1020 2341 καὶ
1054 2286 1138 2355 ἐφ’
1170 2286 1302 2354 ἡμῖν
1338 2281 1520 2342 αὐτοῖς
1562 2274 1759 2343 ἀληθὲς

169 2385 323 2439 ἔσται
351 2384 445 2439 διὰ
474 2382 729 2452 Χριστόν.
771 2378 1216 2451 Ἐγερθησόμεθα
1241 2375 1350 2446 7&9
1372 2373 1452 2426 ἔτι
1486 2373 1565 2434 είς
1591 2369 1758 2423 θάνα-

100 2542 111 2547 ,
169 2490 261 2530 τον
280 2473 439 2543 οὐχὶ,
473 2472 591 2526 ἀλλ’
617 2473 695 2536 εἰς
728 2470 874 2540 ζωὴν
913 2469 1023 2539 τὴν
1053 2468 1380 2538 ἀπέραντον,
1428 2466 1477 2517 εἰ
1505 2462 1599 2516 καὶ
1625 2458 1761 2513 πολὺ

175 2567 314 2637 μετά
342 2565 505 2619 τοῦτο
530 2563 643 2617 τῶν
672 2565 1047 2634 ἀνισταμένων
1080 2564 1114 2632 ἠ
1145 2557 1400 2628 διαφορὰ,
1441 2553 1584 2609 κατά
1605 2569 1668 2619 γε
1700 2550 1763 2606 τὸ

172 2660 232 2714 ὲν
272 2659 428 2731 δόξῃ,
454 2659 626 2731 φημὶ,
654 2657 749 2712 καὶ
795 2656 894 2727 τὴν
936 2657 1046 2719 τοῖς
1079 2652 1309 2706 ἑκάστου
1336 2647 1561 2719 τρόποις
1588 2661 1759 2715 χρεω-

176 2750 486 2820 στουμένην
531 2748 818 2803 ἀντίδοσιν.
870 2745 1167 2815 Γενόμενος
1204 2740 1384 2794 τοίνυν
1415 2738 1654 2808 ὑπήκοος
1682 2733 1763 2804 τῷ

176 2839 296 2911 Θεῷ
326 2841 426 2894 καὶ
452 2839 630 2910 Πατρὶ
664 2839 826 2910 μέχρι
854 2836 1108 2899 θανάτου,
1134 2832 1368 2886 θανάτου
1393 2830 1451 2884 δὲ
1500 2824 1758 2898 σταυροῦ,

177 2932 321 2986 κατά
357 2931 458 3003 τὴν
481 2931 578 2984 τοῦ
607 2929 822 2985 Παύλου
854 2927 1059 3007 ιρωνὴν,
1095 2928 1194 2979 ὑπε
1206 2922 1426 2995 ρυψὼθη
1468 2920 1630 2975 πάλιν
1662 2920 1762 2972 λαο

178 3024 290 3079 ϐὼν
312 3025 376 3079 τὸ
401 3026 572 3095 ὄνομα
607 3022 669 3077 τὸ
716 3020 858 3091 ὑπὲρ
888 3020 996 3072 πᾶν
1021 3017 1210 3088 δνομα.
1257 3016 1318 3068 Ὀ
1346 3015 1455 3085 7&9
1487 3010 1762 3081 νομισθεὶς

179 3117 467 3187 ἄνθρωπος
500 3111 639 3169 εἶναι
662 3113 835 3184 ψιλός,
865 3108 1269 3182 ὑπερεδοξάσθη
1284 3104 1572 3170 λίαν,Θεὸς
1594 3103 1762 3165 ὅντως
1791 3137 1833 3193 C

180 3211 271 3262 aui
301 3209 432 3271 Υἱὸς
452 3205 547 3260 τοῦ
569 3204 703 3259 Θεοῦ
723 3203 861 3258 κατὰ
875 3202 1152 3272 ’ἀλήθειαν
1179 3195 1644 3267 ἀναδεδειγμένος,
1665 3193 1766 3246 οὐκ

180 3302 260 3364 εἰς
285 3296 476 3352 καινὸν
522 3296 762 3367 ἀξίωμα,
790 3294 1127 3365 κεκλημένος
1162 3290 1223 3344 τὸ
1252 3285 1391 3343 εἶναι
1419 3288 1578 3357 φύσει
1611 3284 1764 3347 Θεὸς,

180 3390 294 3446 ἀλλ’
316 3391 402 3453 είς
430 3388 569 3459 ὅπερ
615 3383 685 3456 ἦν
730 3386 828 3439 καὶ
864 3384 972 3453 πρὸ
1002 3380 1202 3453 σαρκὸς
1236 3381 1316 3442 εἰς
1345 3378 1506 3431 τοῦτο
1531 3376 1596 3446 δὴ
1631 3373 1768 3427 πᾶν·

181 3499 288 3545 τως
316 3479 415 3534 καὶ
474 3478 590 3549 μετ’
634 3476 806 3548 αὐτῆς
856 3471 1186 3545 ἀναδραμὼν
1224 3471 1325 3543 τῆς
1369 3467 1592 3541 σαρκὸς,
1626 3464 1770 3520 κατά

180 3572 338 3626 τοῦτο
390 3569 706 3634 δεδοξάσθαι
735 3565 1033 3640 νομιοῦμεν
1062 3564 1249 3624 αὑτὸν.
1268 3562 1449 3616 καίτοι
1478 3559 1580 3630 τῆς
1610 3555 1769 3628 δόξης

180 3664 310 3719 δντα
330 3664 422 3719 διά
444 3662 645 3725 παντὸς
673 3660 896 3731 Κύριον.
915 3658 1113 3713 Καινὸν
1139 3655 1249 3727 γὰρ
1274 3654 1427 3709 οὐδὲν
1460 3654 1519 3706 ἐν
1549 3647 1772 3723 Χριστῷ

181 3753 290 3807 τῶν
318 3750 641 3823 θεοπρεπῶν
656 3748 980 3819 ἀξιωμάτων
1000 3746 1331 3818 εὑρίσκεται,
1351 3743 1489 3814 ἔχων
1508 3741 1564 3794 δὲ
1595 3739 1772 3794 πάντα

184 3843 544 3914 φυσικῶς,ὠς
571 3842 727 3908 Θεὸς,
753 3840 849 3895 καὶ
881 3838 987 3911 πρὸ
1009 3840 1106 3909 τῆς
1134 3835 1436 3907 λεγομένης
1466 3831 1769 3894 κενώσεως.

199 3935 358 3990 Ἀλλά
403 3936 498 3990 mi.
546 3935 647 4004 τῆς
693 3931 992 4003 ληφθείσης
1020 3928 1113 3982 τοῦ
1134 3928 1322 3981 δούλου
1355 3924 1590 3996 μορφῆς.
1619 3923 1774 3974 ἐπει-

184 4029 360 4101 δήπερ
410 4026 603 4081 ἑαυτὸν
631 4022 953 4078 ἀνεϐίϐασεν
999 4020 1079 4083 είς
1111 4022 1296 4073 ἐκεῖνα
1323 4017 1486 4071 πάλιν
1508 4056 1523 4081 ,
1559 4013 1656 4068 καὶ
1685 4013 1772 4065 ὅτε

186 4123 412 4191 γέγονεν
433 4119 740 4190 ἄνθρωπος,
773 4114 1094 4182 δεδοξάσθαι
1120 4115 1346 4174 νοεῖται,
1376 4112 1470 4163 καὶ
1491 4106 1775 4178 εἰληφέναι

188 4216 430 4284 λέγεται.
489 4208 872 4280 Δεδοξασμὲνῳ
921 4203 1212 4277 τοιγαροῦν
1258 4202 1337 4273 τῷ
1386 4200 1607 4284 Χριστῷ
1644 4198 1768 4265 συν-

187 4278 508 4374 δεδόξασται
537 4278 757 4365 πάντως
797 4278 892 4354 καὶ
922 4302 950 4354 ὀ
972 4297 1106 4360 Θεὸς
1139 4299 1231 4350 καὶ
1262 4293 1478 4365 Πατήρ’
1514 4278 1775 4361 ὲδόξάσθη

187 4401 246 4453 δὲ
287 4400 350 4451 ὲν
384 4395 521 4467 Υίῷ,
551 4396 614 4449 οὐ
654 4393 813 4462 δόξης
850 4391 974 4446 τινὰ
1016 4389 1338 4461 προσθήκην
1393 4383 1574 4439 λαϐὼν
1624 4381 1779 4454 παρά

188 4489 284 4545 τοῦ
315 4489 450 4544 Ξδίου
475 4488 832 4559 γεννήματος·
873 4478 1263 4555 άνενδεὴςγάρ
1300 4478 1544 4534 τοιούτου
1575 4475 1774 4538 παντὸς
1809 4489 1853 4544 ι)
1882 4468 2002 4537 seip

1872 4525 2330 4617 clariﬁcatus'est
2358 4547 2414 4601 in
2444 4560 2531 4608 eo,
2577 4552 2633 4598 et
2667 4540 2814 4595 Deus
2863 4529 3195 4591 clariﬁcabit
3231 4542 3359 4584 eum
3411 4525 3469 4579 in
3568 4550 3575 4555 ρ

196 4582 367 4653 ἠθεία
389 4597 451 4633 τε
502 4579 597 4633 καὶ
626 4579 862 4652 ἄρῤητος
889 4575 1047 4647 φύσις
1080 4591 1096 4608 ·
1121 4573 1236 4628 ἀλλ’
1260 4568 1490 4641 ἐπείπερ
1527 4566 1775 4637 ἐγνώσθη

190 4675 337 4737 τίνος
359 4673 480 4727 ἐστὶ
510 4672 720 4742 Πατήρ.
752 4670 959 4740 Ὂνπερ
990 4667 1098 4739 7&9
1128 4664 1330 4733 τρόπον
1361 4662 1489 4728 δόξα
1523 4659 1620 4713 καὶ⁹
1650 4656 1780 4713 καύ-

192 4782 349 4836 χημα
396 4764 458 4817 τὸ
497 4763 736 4817 τοιοῦτον
778 4760 922 4830 ἔχειν
963 4757 1106 4812 κατά
1149 4756 1310 4826 φύσιν
1344 4752 1664 4823 γεννήτορα,
1686 4748 1779 4802 τὸν

193 4857 358 4911 αὑτὸν
390 4852 551 4926 οἶμαι
614 4854 816 4926 τρόπον
847 4852 943 4905 καὶ
976 4847 1125 4918 αὐτῷ
1161 4846 1240 4919 τῷ
1299 4845 1475 4916 Πατρὶ
1504 4842 1632 4908 δόξα
1685 4840 1783 4895 καὶ

197 4947 463 5017 καύχημα
498 4945 561 4999 τὸ
590 4942 831 4998 τοιοῦτον
860 4941 1004 5011 ἔχειν
1033 4938 1094 5005 ὲξ
1130 4935 1325 4992 ἑαυτοῦ
1353 4936 1445 4990 τὸν
1467 4936 1599 4989 ἴδιον
1630 4933 1783 4988 Υἱόν.

200 5037 297 5090 Διά
323 5034 484 5088 τοῦτό
518 5030 716 5104 φησιν’
748 5052 765 5082 ι
792 5032 852 5084 El
882 5033 912 5083 ὁ
940 5029 1072 5093 Θεὸς
1110 5025 1372 5097 ἐδοξάσθη
1413 5025 1471 5078 ὲν
1497 5021 1666 5093 αὐτῷ,
1690 5021 1787 5075 καὶ

202 5131 230 5183 ὁ
255 5127 390 5190 Θεὸς
424 5124 637 5190 δοξάσει
687 5122 872 5178 αὐτόν.
898 5142 917 5175 ι
958 5122 1113 5192 Ἅμα
1151 5118 1261 5190 7&9
1304 5117 1565 5186 ἐδοξάσθη
1597 5113 1788 5184 Πατὴρ

206 5220 291 5273 διὰ
329 5219 424 5271 τὸν
462 5217 614 5280 Υἱὸν,
658 5216 754 5270 καί
798 5212 1151 5277 ἀντεδόξασεν
1199 5209 1359 5271 εὐθὺς
1390 5207 1481 5261 τὸν
1505 5205 1656 5258 Υίόν·
1699 5205 1785 5256 ἐπ’

209 5302 370 5379 ἄμφω
411 5309 520 5381 γὰρ
564 5307 632 5361 δι’
660 5309 864 5379 ἀμφοῖν
901 5305 964 5360 τὸ
998 5306 1098 5376 τῆς
1152 5303 1311 5371 δόξης
1355 5301 1527 5370 ὄνομα
1579 5295 1782 5366 τρέχει.

214 5403 348 5476 Πλὴν
376 5404 465 5458 ῖνα
493 5404 589 5457 καὶ
628 5405 687 5456 ὲν
721 5404 834 5465 τοῖς
867 5401 989 5455 καθ’
1012 5400 1160 5471 ἡμᾶς
1187 5396 1283 5466 τὴν
1308 5398 1402 5449 τοῦ
1435 5392 1596 5460 λόγου
1620 5406 1788 5444 κατα-

216 5496 523 5569 ϐιϐἀσωμεν
551 5497 803 5567 δύναμιν,
834 5494 1100 5564 ὠφελείας
1142 5492 1255 5554 τοῖς
1289 5483 1660 5560 ἀκροωμένοις
1708 5480 1788 5533 τί·

220 5603 426 5652 κτοντες
452 5587 737 5657 ἀφορμὴν,
767 5587 941 5638 ἐκεῖνο
970 5584 1180 5644 τούτοις
1208 5579 1515 5647 ἐποίσομεν.
1542 5574 1604 5627 Εἰ
1631 5570 1786 5637 δοξά-

285 5767 304 5795 ⁶
342 5767 521 5823 Galat.
557 5780 653 5819 ιιι.
688 5761 773 5820 15.
847 5763 866 5793 ⁷
892 5758 1052 5817 Rom.
1090 5775 1163 5825 ri,
1193 5760 1254 5823 θ,
1297 5756 1377 5811 l0.

1855 536 2011 592 sterii
2046 533 2230 595 istius,
2265 524 2443 600 quoad
2480 524 2627 586 licet,
2672 527 2822 575 recte
2882 512 3281 585 expendamus,
3324 523 3434 563 non
3491 536 3495 541 η

1854 626 1959 683 sibi
1997 623 2101 693 ipsi
2129 634 2308 689 neque
2336 610 2560 686 proprie
2597 617 2822 680 propter
2863 605 3109 674 seipsum
3152 607 3434 655 mortuum

1853 686 2187 770 videbimus.
2218 686 2311 762 sed
2340 718 2442 774 pro
2473 700 2734 755 universa
2767 694 3151 755 humanitate,’
3173 698 3230 744 et
3265 686 3434 743 susti-

1854 803 2045 859 nuisse
2078 797 2375 854 ac'lecisse
2407 792 2727 863 passionem
2761 787 2959 857 ipsam,
2990 791 3045 839 et
3085 789 3209 852 post
3262 780 3435 841 illam,

1855 891 2339 951 resurrectionem.
2370 884 2621 940 Mortuus
2655 880 2801 935 enim
2838 885 2924 931 est
2971 872 3276 930 secundum
3308 884 3434 923 car-

1857 1001 2001 1050 nem,
2034 983 2203 1039 vitam
2261 994 2418 1037 suam
2468 988 2569 1046 pro
2629 973 2741 1027 vita
2778 968 3026 1024 omnium
3090 964 3337 1024 tradens.
3381 972 3435 1016 ct

1855 1076 2058 1133 veteris
2088 1069 2364 1126 maledicti
2396 1068 2453 1122 in
2482 1065 2671 1135 seipso
2702 1062 2810 1115 vim
2848 1057 3154 1127 adimplens
3209 1055 3302 1108 ille
3334 1067 3435 1122 pro

1854 1166 2111 1223 omnibus
2139 1159 2497 1219 aestimandus
2524 1158 2565 1212 °.
2596 1154 2884 1209 Excitatus
2916 1155 3097 1203 autem
3124 1153 3208 1202 est
3240 1159 3436 1199 rursus

1853 1274 1919 1313 ex
1953 1253 2187 1311 mortuis
2216 1252 2271 1305 in
2305 1250 2474 1303 vitam
2525 1240 3003 1309 incorruptibilem
3033 1244 3087 1290 et
3134 1243 3395 1290 aeternam
3416 1273 3434 1298 ,

1855 1356 2025 1405 totam
2056 1345 2114 1399 in
2142 1342 2329 1412 seipso
2352 1338 2632 1395 suscitans
2686 1342 2961 1387 naturam.
2996 1347 3015 1380 ι
3056 1325 3237 1381 Semel
3286 1324 3434 1379 enim

1855 1448 2130 1501 mortuus,
2152 1444 2212 1491 ut
2244 1433 2514 1502 scriptum
2553 1437 2662 1492 est,
2691 1425 2803 1496 jam
2831 1438 2939 1477 non
2972 1419 3208 1475 moritur
3236 1436 3252 1475 :
3289 1431 3439 1472 mors

1856 1535 1933 1590 illi
1961 1547 2069 1587 non
2109 1530 2254 1585 ultra
2309 1521 2709 1579 dominabitur.
2764 1515 2923 1583 Quod
2978 1513 3126 1569 enim
3185 1517 3440 1564 mortuus

1855 1633 1942 1682 est
1967 1628 2219 1695 peccato,
2262 1622 2515 1670 mortuus
2544 1621 2627 1667 est
2656 1608 2826 1664 semel
2854 1622 2868 1671 ;
2902 1603 3049 1674 quod
3074 1610 3255 1656 autem
3280 1598 3435 1661 vivit,

1856 1689 1991 1771 vivit
2025 1712 2194 1767 Deo".
2238 1729 2256 1760 ι
2300 1707 2540 1775 ldipsum
2579 1712 2632 1757 et
2682 1700 2750 1755 de
2804 1695 2970 1751 nobis
3025 1707 3246 1764 quoque
3303 1689 3440 1759 ipsis

1861 1822 2049 1864 verum
2077 1804 2186 1860 erit
2213 1808 2435 1872 propter
2463 1793 2773 1850 Christum.
2810 1786 2923 1843 Nec
2971 1789 3117 1841 enim
3174 1782 3316 1837 ultra
3353 1796 3437 1835 re-

1863 1910 2153 1969 surgemus
2179 1893 2234 1947 in
2268 1899 2523 1953 mortem,
2556 1883 2651 1940 sed
2706 1881 2760 1935 in
2794 1880 2960 1933 vitam
2991 1884 3278 1934 aeternam,
3312 1871 3438 1925 licet

1862 1962 2057 2062 magna
2091 1987 2278 2040 futura
2311 1982 2385 2037 sit
2407 1981 2624 2034 demum
2661 1971 2990 2034 diﬂerentia,
3034 1964 3183 2037 quod
3214 1962 3281 2019 ad
3306 1964 3439 2034 glo-

1860 2084 1999 2140 riam
2029 2081 2315 2141 nimirum,
2342 2084 2397 2129 et
2428 2071 2665 2127 debitam
2698 2065 2970 2135 cujusque
3001 2060 3250 2114 moribus
3277 2055 3440 2111 retri-

1863 2173 2166 2230 butionem.
2217 2166 2420 2221 Factus
2478 2161 2648 2231 igitur
2698 2155 2965 2211 obediens
3014 2149 3126 2204 Deo
3174 2162 3242 2202 ac
3289 2140 3438 2199 Pairi

1861 2278 2038 2335 usque
2091 2259 2157 2313 ad
2194 2266 2462 2316 mortem,
2498 2256 2730 2304 mortem
2783 2252 2967 2297 autem
3024 2239 3234 2302 crucis,
3282 2236 3438 2306 juxta

1861 2352 2018 2408 Pauli
2043 2362 2234 2404 vocem
2251 2344 2296 2408 ⁸,
2325 2338 2783 2411 superexaltatus
2801 2341 2889 2389 est
2918 2346 3138 2396 rursus,
3166 2327 3445 2398 accipiens

1864 2460 2063 2503 nomen
2107 2436 2255 2512 quod
2302 2443 2389 2492 est
2425 2445 2589 2503 super
2636 2441 2802 2484 omne
2857 2424 3127 2479 nomen’.
3160 2421 3263 2487 Qui
3293 2419 3442 2474 enim

1862 2538 2047 2595 nudus
2082 2509 2249 2588 homo
2304 2541 2429 2583 esse
2459 2522 2781 2594 putabatur,
2815 2530 2983 2586 supra
3019 2513 3241 2568 modum
3275 2509 3446 2579 glori-

1864 2629 2063 2683 llcatus
2095 2622 2220 2685 fuit,
2251 2631 2382 2672 vere
2419 2613 2565 2668 Deus
2591 2618 2647 2665 et
2705 2605 2883 2660 Filius
2914 2619 3105 2658 revera
3173 2601 3266 2656 Dei
3318 2615 3447 2669 pro-

1862 2722 2036 2782 ditus,
2067 2728 2174 2771 nec
2194 2710 2261 2766 ad
2285 2721 2483 2765 novam
2514 2700 2807 2774 quamdam
2841 2698 3165 2767 dignitatem
3193 2701 3445 2754 vocatus,

1862 2813 1956 2884 qui
1991 2817 2189 2864 natura
2223 2804 2366 2859 Deus
2395 2806 2536 2863 erat,
2594 2793 2691 2850 sed
2743 2789 2811 2845 ad
2866 2789 2918 2857 id
2965 2786 3110 2858 quod
3149 2791 3269 2839 erat
3319 2790 3448 2835 ante

1863 2917 2113 2964 carnem,
2144 2898 2308 2954 etiam
2372 2907 2498 2948 cum
2549 2890 2670 2960 ipsa
2722 2900 2891 2941 carne
2946 2881 3188 2943 rediens,
3240 2875 3450 2931 idcirco

1864 2992 2240 3053 clarissimum
2266 2999 2391 3041 esse
2413 2984 2598 3053 ipsum
2627 2977 2967 3050 putabimus,
2994 2968 3211 3024 tametsi
3232 2981 3450 3036 semper

1866 3086 2054 3159 gloria:
2098 3080 2364 3137 Dominus
2410 3072 2701 3129 exstiterit.
2737 3066 2898 3122 Nulla
2936 3063 3082 3134 enim
3142 3074 3283 3114 nova
3331 3072 3455 3127 qua:

1870 3147 1966 3236 Dei
2004 3177 2076 3233 sit
2105 3172 2348 3244 dignitas
2398 3167 2457 3221 in
2518 3162 2743 3218 Christo
2799 3156 3104 3226 reperitur,
3138 3148 3304 3222 746
3356 3147 3454 3202 sed

1870 3271 2080 3327 habens
2145 3263 2332 3320 omnia
2392 3255 2754 3316 naturaliter,
2788 3258 2851 3305 ut
2885 3247 3056 3312 Deus,
3114 3244 3279 3300 etiam
3327 3247 3455 3294 ante

1869 3378 1993 3419 eam
2026 3372 2194 3429 quam
2223 3353 2464 3410 dicimus
2500 3347 2886 3403 inanitionem.
2936 3337 3043 3394 Sed
3092 3343 3147 3391 ct
3174 3341 3453 3399 assumpta

1870 3453 2015 3508 servi
2072 3449 2251 3503 forma
2275 3446 2343 3510 ’°,
2402 3435 2855 3511 quandoquidem
2923 3433 3167 3502 seipsum
3226 3425 3295 3480 ad
3364 3425 3457 3477 illa

1871 3558 2071 3602 rursus
2097 3539 2319 3600 extulit,
2355 3536 2520 3590 etiam
2553 3547 2679 3591 cum
2714 3530 2881 3584 homo
2922 3526 3107 3579 iactus
3155 3528 3263 3584 est,
3293 3515 3458 3571 clari-

1874 3638 2070 3693 ﬁcatus
2102 3628 2455 3698 intelligitur,
2484 3632 2541 3679 et
2589 3620 2894 3690 sumpsisse
2927 3616 3149 3671 dicitur.
3193 3610 3313 3667 Una
3353 3610 3458 3663 ita-

1873 3745 1987 3801 que
2013 3740 2138 3782 cum
2171 3721 2396 3778 Christo
2420 3715 2730 3772 clariﬁcato
2762 3708 3101 3767 clariticatus
3127 3711 3212 3759 est
3234 3702 3458 3757 omnino

1875 3821 2022 3876 Deus
2047 3831 2113 3872 ac
2137 3814 2304 3878 Pater
2330 3828 2345 3865 :
2379 3806 2722 3863 clarilicatus
2752 3814 2887 3857 vero
2939 3804 3027 3854 est
3059 3795 3114 3850 iu
3146 3793 3310 3855 Filio,
3347 3806 3458 3845 non

1874 3919 2098 3976 accepta
2149 3906 2260 3962 ulla
2310 3900 2502 3974 gloriae
2559 3895 2879 3951 accessione
2913 3907 2945 3946 a
2979 3904 3082 3946 suo
3115 3883 3395 3958 genimine
3427 3899 3443 3936 :

1876 4005 2061 4060 divina
2099 4000 2304 4071 quippe
2334 4000 2390 4050 et
2417 3987 2712 4047 ineﬂ'abilis
2750 3993 2951 4040 natura
2985 3997 3050 4037 ea
3086 3991 3317 4050 prorsus
3352 3988 3461 4028 non

1876 4066 2135 4166 indiget;
2176 4066 2272 4147 sed
2308 4087 2440 4159 quia
2488 4080 2728 4138 innotuit
2762 4077 2922 4147 cujus
2979 4072 3104 4128 Filii
3148 4070 3222 4124 sit
3276 4066 3462 4121 Pater.

1879 4158 2360 4258 Quemadmodum
2385 4177 2534 4235 enim
2562 4171 2740 4246 gloria
2762 4177 2849 4226 est
2873 4166 3035 4229 Filio,
3065 4163 3230 4218 talem
3260 4158 3466 4214 habere

1881 4280 2189 4340 secundum
2224 4280 2483 4328 naturam
2504 4266 2833 4338 genitorem,
2858 4257 3051 4314 eodem
3078 4254 3241 4310 modo
3265 4263 3468 4305 censeo

1880 4376 2046 4433 etiam
2099 4370 2157 4424 in
2215 4363 2403 4421 Patris
2445 4359 2674 4432 gloriam
2714 4351 2934 4414 cedere.
2982 4344 3132 4419 quod
3176 4343 3345 4398 talem
3398 4354 3467 4393 ex

2004 4479 2068 4521 so
2093 4461 2297 4516 habeat
2334 4452 2556 4510 Filium.
2605 4447 2902 4516 Propterea
2932 4440 3111 4496 dicit:
3153 4456 3172 4489 ι
3213 4433 3273 4489 Si
3325 4432 3468 4487 Deus

1876 4650 2195 4716 semetipso.
2235 4663 2254 4695 ι
2305 4639 2482 4696 Simul
2536 4637 2688 4692 enim
2761 4630 3099 4689 clariﬁcatus
3158 4632 3247 4681 est
3307 4620 3470 4675 Pater

1879 4710 2105 4817 propter
2136 4736 2368 4817 lf‘ilium.
2406 4738 2463 4787 et
2498 4728 2686 4784 statim
2717 4723 2918 4779 Filium
2962 4718 3209 4777 vicissim
3261 4710 3470 4767 clariﬁ-

1881 4799 2071 4893 cavit:
2104 4812 2174 4885 ad
2225 4836 2529 4893 utrumque
2575 4820 2765 4891 διοτίεὲ
2815 4829 3019 4871 nomen
3069 4808 3333 4881 pertinet.
3369 4799 3448 4877 Ve

1883 4933 2196 4982 rumtamen
2224 4926 2286 4972 ut
2315 4926 2370 4973 et
2403 4913 2469 4970 ad
2496 4924 2599 4969 nos
2636 4924 2814 4981 usque
2839 4904 3112 4964 sermonis
3147 4899 3257 4953 vim
3289 4893 3466 4965 depri-

1884 5030 2125 5078 mamus,
2155 5009 2413 5066 utilitatis
2465 5003 2815 5061 occasionem
2881 4991 3234 5052 auditoribus
3276 4993 3468 5059 partu-

1883 5108 2111 5169 rientes,
2139 5101 2274 5157 illud
2301 5098 2389 5155 his
2411 5096 2702 5153 addemus.
2734 5089 2792 5144 Si
2823 5085 3196 5144 clarillcamus
3223 5079 3279 5133 in
3311 5074 3472 5131 nobis

1884 5198 2021 5270 ipsis
2055 5165 2247 5258 Deum,
2270 5188 2604 5263 sperandum
2633 5191 2719 5240 est
2767 5196 2869 5235 nos
2903 5174 3266 5233 clarilicatum
3301 5167 3369 5222 iri
3403 5165 3474 5219 ab

1888 5258 1975 5348 eo.
2011 5307 2030 5341 ι
2071 5286 2208 5342 Vivo
2241 5258 2387 5341 enim
2419 5296 2541 5353 ego,
2562 5277 2712 5333 dixit
2755 5271 3044 5334 Dominus,
3097 5262 3229 5334 quia
3260 5258 3472 5331 glorifi-

1892 5390 2086 5439 cantes
2118 5393 2204 5434 me
2221 5351 2566 5448 gloriﬁca'ho,
2592 5378 2647 5424 et
2699 5381 2809 5432 non
2842 5365 3177 5434 spernentur
3204 5354 3269 5409 η.
3301 5372 3320 5406 ι
3357 5351 3477 5406 ειη..

1893 5474 2138 5529 rilicatur
2184 5446 2366 5525 autem
2406 5481 2506 5536 per
2544 5475 2647 5516 nos
2705 5467 2761 5514 et
2799 5456 2856 5512 in
2913 5451 3077 5509 nobis
3142 5446 3308 5512 Deus,
3347 5458 3475 5498 cum

1897 5566 2140 5638 depulsis
2169 5547 2428 5621 sordibus
2486 5553 2691 5627 peccati
2724 5566 2820 5623 per
2877 5560 3041 5604 omne
3071 5557 3215 5615 opus
3264 5540 3473 5596 bonum

1514 5752 1751 5821 Philipp.
1792 5766 1867 5816 tt,
1904 5748 1957 5805 8.
2035 5747 2054 5777 ’
2098 5700 2224 5799 ibid.
2268 5742 2321 5798 9.
2402 5738 2444 5769 "
2487 5730 2622 5790 ibid.
2659 5731 2711 5787 6.
2752 5730 2792 5761 ”
2834 5727 2853 5783 l
2889 5724 3021 5797 Reg.
3062 5738 3135 5788 ιι,
3167 5718 3224 5775 3.
