4010 6320
520 250 631 309 155
1484 255 1541 310 S.
1578 255 1860 312 CYRILLI
1899 251 2379 310 ALEXANDBINI
2416 251 2740 309 ARCHIEP.
3677 252 3792 307 £56

510 372 763 421 nostram
791 364 960 421 vitam
999 364 1365 436 illustramus.
1393 363 1646 423 Vivimus
1675 368 1822 424 cnim
1857 368 1963 425 hoc
1991 383 2091 438 pa-

2199 368 2363 439 ζομεν
2386 369 2444 422 ὲν
2467 368 2679 429 ἑαυτοῖς
2719 365 2810 419 τὸν
2842 365 2995 432 Θεὸν,
3029 365 3492 439 προσδοκήσωμεν
3519 366 3786 436 61:60.21-

509 461 603 510 cto
635 458 688 509 in
723 457 954 526 gloriam
981 456 1128 526 ejus.

2204 458 2520 530 σθησόμεθα
2547 457 2678 529 παρ’
2701 455 2891 511 αὐτοῦ.
2931 472 2952 511 t
2989 456 3077 511 Ζῶ
3100 457 3211 528 γάρ
3238 456 3532 527 ὲγὼ,λέγει
3557 456 3791 530 Κύριος,

509 545 594 600 ὅτι
635 549 759 612 τοὺς
809 548 1131 615 δοξάζοντας
1176 567 1241 620 με
1313 537 1556 615 δοξάσω,
1592 551 1688 606 καὶ
1751 552 1853 607 οὐκ
1925 551 2468 622 ὲξουδενωθήσονται.
2512 568 2533 602 ι
2588 549 2884 629 Δοξάζεται
2941 549 3001 604 δὲ
3048 549 3117 604 δι’
3175 548 3334 620 ήμῶν
3392 549 3490 604 καὶ
3542 549 3603 603 ὲν
3654 551 3796 621 ἡμῖν

509 643 539 694 6
570 638 703 703 Θεὸς
726 680 741 705 ,
814 641 942 695 ὅταν
999 642 1089 696 τὸν
1138 644 1202 696 ἐκ
1255 643 1359 714 τῆς
1407 645 1683 715 ἁμαρτίας
1736 648 2131 719 παρωσάμενοι
2206 643 2398 716 ῥύπον,
2442 643 2534 699 διὰ
2581 645 2762 716 πάσης
2812 643 3178 716 ἀγαθοεργίας
3225 643 3318 698 τὸν
3375 645 3572 703 οἰκεῖον
3618 661 3796 701 κατα-

511 731 891 802 φαιδρύνωμεν
945 732 1078 804 βίον.
1107 734 1297 805 Ζῶμεν
1339 735 1447 810 γὰρ
1489 735 1663 801 οὕτως
1702 738 1789 801 εἰς’
1809 737 1968 806 δόξαν
1997 735 2183 792 αὐτοῦ.

584 819 725 885 XIII,
754 821 843 876 35.
876 821 1089 887 Filioli,
1123 823 1297 878 adhuc
1333 826 1598 882 modicum
1643 827 1911 883 vobiscum
1943 845 2084 887 sum.

586 910 880 969 Infantium
910 921 966 969 et
994 928 1188 971 recens
1209 915 1486 973 editorum
1517 919 1640 975 loco
1665 927 1721 974 et
1749 920 1943 976 ordine
1977 920 2084 977 col-

512 1002 660 1057 locat
678 1002 1006 1074 discipulos,
1032 1005 1166 1062 licet
1186 1006 1255 1061 ad
1284 1014 1497 1063 tantam
1521 1010 1745 1068 virtutis
1771 1026 2088 1068 mensuram

510 1101 758 1159 evectos,
793 1103 1058 1166 tantaque
1110 1098 1407 1168 prudentia
1456 1101 1721 1170 praeditos
1788 1110 1998 1173 quanta
2032 1102 2088 1157 in

514 1185 705 1255 paucis
742 1187 1076 1253 inveniatur,
1142 1189 1269 1245 hinc
1327 1192 1674 1260 apertissime
1725 1192 1936 1250 docens
1965 1210 2090 1250 eum

512 1278 612 1347 qui
638 1277 799 1332 valde
826 1279 991 1333 etiam
1024 1280 1306 1349 perfectus
1329 1282 1476 1338 inter
1497 1284 1753 1341 homines
1781 1293 2096 1352 censeatur,

514 1367 782 1424 infantem
808 1384 933 1425 esse
967 1379 1021 1425 et
1049 1372 1242 1428 rudem
1268 1374 1413 1443 apud
1442 1374 1634 1430 Deum.
1667 1376 1808 1443 Quid
1840 1378 1987 1433 enim
2013 1387 2098 1434 est

512 1460 807 1531 prudentia
834 1462 1095 1528 hominis,
1128 1465 1176 1520 si
1211 1480 1338 1519 cum
1373 1468 1620 1524 universi
1649 1469 1848 1539 opillce
1875 1471 2098 1540 sapien-

512 1552 590 1606 tia
630 1554 1268 1622 comparetur?~ldcirco
1300 1557 1594 1615 Psalmista
1632 1561 1701 1616 ad
1734 1561 1904 1618 Deum
1946 1564 2096 1621 dice-

464 1684 467 1685 ν
510 1639 640 1696 bat:
678 1662 695 1693 ι
734 1643 806 1698 Ut
850 1643 1163 1713 jumentum
1220 1646 1399 1704 factus
1426 1665 1548 1703 sum
1581 1651 1729 1719 apud
1757 1659 1811 1707 te
1835 1653 1899 1703 ".
1938 1672 1956 1705 ›
1993 1652 2094 1708 Ne-

2190 902 2194 907 .
2265 829 2493 896 Τεκνία,
2522 827 2613 882 ἔτι
2631 828 2850 900 μικρὸν
2872 829 3098 899 χρόνον
3124 829 3254 900 μεθ’
3283 826 3452 898 ὑμῶν
3476 829 3617 899 ειμι.

2271 921 2361 975 Ἐν
2395 924 2462 994 τῇ
2494 921 2604 976 τῶν
2646 923 2876 977 τεκνίων
2915 920 3090 987 τάξει,
3114 923 3210 976 καὶ
3231 921 3291 975 ὲν
3322 923 3437 987 τοῖς
3479 924 3795 995 ἀρτιτόκοις

2192 1012 2417 1084 βρέφεσι
2439 1014 2766 1069 κατατάττει
2795 1015 2924 1078 τοὺς
2950 1014 3219 1086 μαθητὰς,
3231 1013 3408 1069 καίτοι
3430 1015 3569 1087 πρὸς
3596 1017 3793 1071 τοσοῦ-

2190 1121 2281 1159 τον
2341 1106 2544 1177 ἀρετῆς
2613 1105 3075 1179 ἀναπηδήσαντας
3134 1105 3335 1177 μέτρον
3361 1144 3379 1171 ,
3414 1105 3511 1160 καὶ
3569 1104 3794 1161 σύνεσιν

2189 1196 2416 1269 ἔχοντας
2444 1199 2543 1271 τὴν
2576 1198 2776 1268 ὀλίγοις
2803 1197 3270 1270 κατωρθωμένην,
3296 1198 3514 1262 δεικνὺς
3539 1198 3627 1253 διὰ
3659 1198 3795 1253 τού-

2190 1306 2283 1343 του
2303 1329 2317 1354 ,
2348 1288 2445 1343 καὶ
2497 1290 2644 1360 μάλα
2685 1289 2895 1360 σαφῶς,
2937 1290 3023 1344 ὅτι
3051 1288 3147 1344 καὶ
3176 1290 3207 1343 6
3254 1288 3464 1360 σφόδρα
3492 1289 3701 1352 τέλειος
3728 1291 3792 1342 ἐν

2190 1378 2502 1451 ἀνθρώποις
2536 1380 2921 1447 ὑποπτευθεὶς,
2960 1380 3153 1452 νήπιός
3181 1379 3300 1435 ἔστι
3348 1380 3502 1452 παρὰ
3539 1380 3619 1451 τῷ
3642 1380 3788 1451 Θεῷ,

2192 1471 2287 1524 καὶ
2335 1470 2543 1542 βραχὺς
2588 1471 2687 1536 τὰς
2726 1472 2951 1543 φρένας.
2997 1470 3064 1524 Τί
3097 1472 3206 1542 γὰρ
3240 1472 3274 1543 ή
3322 1471 3612 1543 ἀνθρώπω
3654 1471 3792 1526 σῦνο

2191 1579 2309 1625 εσις
2333 1601 2348 1626 ,
2377 1561 2455 1625 ὡς
2497 1561 2638 1633 πρὸς
2687 1562 2785 1633 τὴν
2810 1562 2920 1615 τῶν
2974 1562 3112 1616 ὅλων
3155 1563 3393 1632 τεχνῖτιν
3431 1561 3660 1631 σοφίαν;
3690 1562 3795 1615 Διά

2192 1653 2351 1707 τοῦτό
2394 1670 2480 1718 τις
2528 1653 2748 1723 ψάλλων
2794 1652 2949 1722 ἔλεγε
3009 1652 3147 1724 πρὸς
3201 1651 3335 1707 Θεόν
3378 1669 3392 1683 ·
3433 1671 3453 1705 ι
3492 1650 3794 1724 Κτηνώδης

510 1747 620 1800 que
665 1747 795 1788 vero
855 1749 1006 1791 sanae
1036 1739 1237 1795 mentis
1298 1741 1447 1796 ullus
1481 1742 1688 1796 dixerit
1739 1743 2089 1799 Psalmistam

2199 1744 2492 1817 ἐγεννήθην
2526 1745 2679 1817 παρά
2702 1745 2804 1800 σοί.
2845 1765 2865 1798 ι
2905 1745 3014 1801 Καὶ
3041 1745 3163 1816 οὐχὶ
3194 1745 3415 1808 πάντως
3444 1745 3567 1817 ἐρεῖ
3589 1760 3699 1809 τις,
3734 1744 3796 1798 ετ

506 1823 816 1892 iumentum
843 1827 967 1902 ideo
1003 1831 1187 1884 vocari
1216 1832 1362 1901 quod
1398 1832 1511 1889 Deo
1538 1834 1834 1891 adhaeserit
1889 1855 1903 1891 :
1941 1845 2091 1893 esset

509 1915 655 1969 enim
690 1919 878 1987 gravis
911 1921 1016 1975 ista
1049 1921 1104 1975 in
1138 1932 1395 1978 naturam
1445 1925 1687 1980 divinam
1733 1927 2088 1995 contumelia,

511 2022 876 2079 magnamque
907 2010 960 2065 in
998 2028 1058 2068 se
1091 2015 1380 2070 continere
1420 2016 1825 2074 absurditatem
1870 2018 2089 2074 videre-

512 2107 624 2153 tur.
656 2099 790 2154 Nam
829 2104 921 2172 qui
978 2105 1186 2160 homini
1242 2107 1478 2177 sapienti
1537 2108 1803 2173 adhaeret,
1837 2118 1894 2166 et
1945 2113 2090 2180 apud

512 2205 638 2245 eum
673 2191 853 2248 factus
883 2203 969 2250 est
991 2195 1011 2266 (
1034 2197 1274 2267 aptanda
1304 2201 1448 2253 enim
1478 2209 1582 2262 est,
1616 2210 1676 2256 ut
1710 2216 1858 2265 reor,
1893 2204 2090 2272 psalmi

511 2280 706 2346 dictio,
739 2293 965 2355 propter
1011 2292 1239 2357 usum),
1272 2307 1621 2362 nequaquam
1674 2301 1735 2348 ut
1783 2294 2089 2364 iumentum

520 2372 713 2438 fuerit,
744 2377 842 2431 sed
891 2392 1056 2447 sagax
1085 2380 1292 2450 potius,
1323 2389 1378 2435 et
1418 2384 1691 2453 prudens,
1727 2399 1792 2438 ac
1827 2385 2091 2455 singulari

514 2467 745 2522 solertia
781 2470 1066 2540 prmditus.
1093 2471 1252 2538 Quod
1283 2472 1329 2529 si
1361 2475 1487 2543 quis
1518 2490 1625 2530 non
1662 2476 1866 2547 injuria
1902 2491 2090 2532 verum

513 2557 675 2630 747
712 2559 769 2615 id
799 2576 922 2617 esse
962 2561 1204 2628 dixerit,
1267 2566 1546 2633 quomodo
1602 2583 1712 2622 non
1777 2566 1955 2623 futilis
1988 2568 2093 2622 erit

511 2650 768 2721 quisquis
797 2653 1080 2709 existimet
1119 2655 1397 2712 hominem
1445 2659 1749 2730 sapientem
1790 2659 2091 2715 helluinum

507 2750 568 2795 ct
595 2741 848 2803 insanum
883 2743 1020 2812 fore,
1048 2745 1178 2801 licet
1210 2747 1314 2817 ipsi
1339 2748 1434 2804 Dei
1459 2750 1749 2819 sapientiae
1778 2750 2094 2805 adhaereat?

512 2830 653 2898 Quid
695 2850 828 2906 ergo
852 2843 962 2900 est,
993 2837 1196 2907 inquit,
1230 2839 1377 2910 quod
1428 2841 1592 2895 etiam
1650 2841 1794 2895 inter
1843 2840 2093 2897 homines

511 2925 980 2992 Sapientissimus,
1027 2926 1074 2981 si
1104 2943 1228 2982 cum
1274 2927 1369 2985 Dei
1397 2930 1669 3000 sapientia
1720 2939 2091 3000 comparetur,

512 3023 573 3067 ut
616 3013 927 3084 iumentum
975 3020 1288 3074 censendus
1329 3021 1427 3083 sit,
1482 3029 1536 3075 et
1570 3020 1718 3075 inter
1745 3021 1973 3077 insanos
2006 3037 2096 3078 re-
2123 3054 2165 3111 ο

513 3109 840 3176 putandus?
901 3106 1381 3177 Quemadmodum
1434 3112 1584 3168 enim
1654 3113 1943 3167 minimum
2003 3115 2091 3168 in—

515 3208 598 3252 ter
643 3206 793 3253 astra
843 3216 1195 3272 nequaquam
1254 3218 1380 3258 cum
1434 3203 1571 3259 solis
1626 3203 1800 3259 radiis
1831 3204 2088 3268 certabit,

516 3304 696 3361 neque
724 3306 891 3363 grave
928 3307 1126 3349 saxum
1160 3309 1285 3349 cum
1342 3303 1529 3349 monte
1581 3295 1829 3350 omnium
1892 3295 2100 3349 altissi-

516 3399 630 3449 mo,
667 3384 749 3439 sic
792 3385 1081 3439 hominum
1134 3386 1429 3457 prudentia
1481 3403 1766 3458 nunquam
1827 3402 1956 3442 cum
2001 3387 2095 3444 Dei

516 3477 788 3547 sapientia
838 3474 1045 3546 poterit
1072 3479 1414 3548 comparari,
1454 3479 1567 3532 imo
1601 3493 1738 3534 vero
1788 3478 1926 3533 nihil
1991 3478 2098 3536 erit

519 3584 749 3638 prorsus
797 3568 867 3623 ad
923 3567 1076 3624 illam
1132 3579 1472 3641 comparata.
1537 3569 1731 3624 Infans
1778 3571 1948 3640 igitur
2013 3580 2097 3628 est

517 3661 684 3715 ctiam
715 3661 1013 3732 perfectus.
1045 3662 1260 3718 Modico
1290 3667 1435 3719 vero
1451 3670 1701 3734 tempore
1736 3650 1874 3717 ‘cum
1926 3652 2100 3719 disci-

519 3753 665 3822 pulis
699 3754 817 3810 suis
848 3753 966 3810 fore
991 3769 1053 3810 se
1080 3753 1342 3810 Christus
1370 3755 1574 3819 aiebat,
1598 3770 1708 3809 non
1741 3755 1903 3825 quasi
1936 3756 2099 3825 plane

519 3859 865 3911 recessurus,
898 3861 1081 3916 neque
1113 3846 1338 3901 omnino
1394 3845 1720 3902 alienandus
1758 3865 1772 3901 :
1807 3848 2097 3902 nobiscum

517 3936 667 3990 enim
701 3944 784 3991 est
821 3937 1080 3992 omnibus
1112 3937 1328 4004 diebus,
1346 3939 1509 3993 etiam
1538 3954 1712 4008 usque
1740 3938 1811 3993 ad
1840 3953 2100 3994 consum-

517 4028 812 4082 mationem
843 4029 1054 4094 saeculi,
1079 4029 1245 4099 juxta
1287 4044 1477 4085 vocem
1516 4029 1695 4100 ipsius
1716 4030 1758 4065 “
1790 4049 1803 4084 :
1843 4029 1941 4086 sed
1967 4030 2097 4100 quia

518 4119 575 4173 in
606 4134 776 4175 carne
829 4137 938 4177 non
979 4122 1205 4177 sitcum
1259 4123 1330 4179 iis
1389 4122 1633 4191 futurus,
1694 4124 1843 4180 sicut
1892 4126 2009 4180 heri
2045 4135 2140 4179 et!

517 4211 950 4281 nudiustertius,
998 4214 1244 4273 instabat
1299 4232 1431 4272 vero
1501 4217 1735 4285 foribus,
1794 4220 1904 4272 imo
1953 4218 2100 4272 intra

518 4315 710 4375 portas
746 4316 865 4361 erat
897 4315 1114 4378 tempus
1168 4310 1507 4366 reversionis
1537 4310 1605 4365 ad
1637 4310 1851 4365 Patrem
1889 4326 1957 4367 ex
1991 4311 2099 4366 hoc

2192 1851 2256 1903 γε
2289 1834 2412 1889 νοῦν
2439 1834 2572 1906 ἔχοι,
2617 1836 2705 1890 διὰ
2739 1836 2834 1890 τοῦ
2882 1834 3240 1906 κεκολλῆσθαι
3268 1834 3347 1906 τῷ
3372 1834 3514 1907 Θεῷ,

2192 1925 2444 1995 λέγεσθαι
2466 1927 2577 2005 ¹τὸν
2617 1927 2890 1997 ψάλλοντα
2931 1944 2947 1956 ’
2981 1925 3068 1997 εἴη
3117 1927 3226 1996 γὰρ
3272 1926 3339 1981 ἂν
3388 1925 3549 1980 τοῦτο
3590 1926 3793 1999 πικρὸν

2190 2018 2290 2089 τῆς
2320 2018 2472 2083 θείας
2506 2018 2721 2089 φύσεως
2769 2018 3134 2090 κατηγόρημα
3155 2058 3171 2079 ,
3198 2017 3292 2072 καὶ
3328 2017 3532 2089 πολλὴν
3558 2018 3626 2072 ἂν
3667 2018 3794 2089 εχον

2191 2106 2366 2178 ὁρῷτο
2401 2107 2503 2180 τὴν
2534 2108 2787 2162 ἀτοπίαν.
2827 2108 2884 2161 'O
2924 2106 3023 2177 μὲν
3052 2105 3161 2177 γὰρ
3198 2104 3474 2177 ἀνθρώπῳ
3512 2105 3793 2177 κολλώμε⁴“

2192 2214 2281 2261 νος
2310 2198 2479 2270 σοφῷ,
2506 2200 2602 2254 καὶ
2639 2200 2783 2271 παρ’-
2806 2198 2956 2270 αὐτῷ
3000 2199 3287 2269 γινόμενος
3320 2198 3423 2265 (δεῖ
3458 2197 3587 2267 γὰρ,
3609 2194 3787 2269 οἶμαι,

2191 2291 2291 2360 τὴν
2309 2290 2456 2358 λέξιν
2484 2292 2579 2345 τοῦ
2599 2291 2818 2362 ψαλμοῦ
2855 2291 3305 2363 συναρμόσασθαι
3325 2289 3416 2344 διὰ
3435 2290 3536 2362 τὴν
3550 2289 3787 2361 χρείων),

2194 2384 2479 2455 κτηνὼδης
2514 2384 2619 2443 οὐκ
2656 2384 2724 2438 ἀν
2775 2383 2985 2451 γένοιτό
3021 2399 3176 2448 ποτε,
3212 2380 3466 2453 ἀγχίνους
3487 2380 3548 2436 δὲ
3586 2379 3792 2452 μᾶλλον

2195 2473 2291 2526 καὶ
2339 2473 2585 2537 συνετὸς,
2633 2475 2728 2528 καὶ
2762 2471 2961 2545 δριμὺς
2996 2473 3078 2535 είς
3120 2471 3405 2543 φρόνησιν.
3436 2470 3499 2525 Et
3526 2470 3590 2541 δὴ
3630 2469 3793 2524 τοῦτο

2194 2566 2328 2636 φαίη
2354 2582 2439 2629 τις
2469 2565 2559 2630 ἂν,
2580 2567 2677 2618 καὶ
2700 2565 2848 2635 μάλα
2876 2565 3102 2627 δικαίως
3134 2563 3404 2634 ὑπάρχειν
3425 2562 3644 2633 ἀληθὲς,
3667 2562 3792 2627 πῶς

2193 2655 2293 2707 οὐκ
2328 2653 2394 2707 ἂν
2424 2654 2592 2707 οἴοιτο
2615 2653 2800 2725 ληρῶν
2823 2695 2838 2718 ,
2869 2653 2960 2707 τὸν
3011 2646 3123 2721 ᾧγε
3155 2652 3386 2723 πάρεστι
3424 2652 3664 2721 φρονεῖν,
3703 2651 3799 2733 ὅτε

2194 2745 2472 2816 κτηνώδης
2497 2746 2669 2811 ἔσται,
2687 2746 2779 2799 καὶ
2794 2746 2980 2808 ἄνους,
3007 2747 3036 2798 ὀ
3063 2747 3195 2816 παρ’
3222 2744 3371 2815 αὐτῇ
3391 2743 3683 2814 γενόμενος
3718 2743 3788 2812 τῇ

2197 2838 2359 2909 σοφίᾳ
2392 2837 2488 2890 τοῦ
2535 2837 2707 2903 Θεοῦ;
2742 2836 2809 2891 Τί
2854 2827 2948 2890 οὗν
2972 2836 3110 2908 ἄρα,
3141 2834 3326 2907 φησὶν,
3356 2836 3442 2889 ὅτι
3479 2836 3576 2888 καὶ
3602 2835 3632 2886 6
3662 2833 3789 2886 λίαν

2198 2930 2363 3000 σοφὸς
2402 2932 2460 2983 ὲν
2511 2927 2840 3000 ἀνθρώποις,
2876 2930 2925 2980 εί
2955 2929 3021 2998 τῇ
3054 2926 3150 2980 τοῦ
3193 2924 3331 2980 Θεοῦ
3371 2924 3532 2996 σοφίᾳ
3561 2925 3793 2993 συγκρί-

2198 3038 2362 3085 νοιτο,
2401 3018 2683 3091 κτηνώδης
2731 3037 2792 3073 τε
2840 3019 2917 3072 ὣν
2971 3017 3269 3089 ὀφθήσεται
3290 3056 3308 3084 ,
3336 3016 3431 3072 καὶ
3458 3018 3519 3070 ὲν
3545 3017 3662 3079 τοῖς
3686 3015 3793 3068 οὐκ

2199 3112 2381 3182 ἔχουσι
2438 3110 2564 3166 νοῦν
2611 3111 3045 3183 λογισθήσεται;
3089 3109 3299 3181 ’Ὁνπερ
3354 3108 3463 3179 γὰρ
3521 3107 3725 3178 τρόπον
3758 3108 3790 3161 6

2201 3202 2528 3274 μικρότατος
2563 3204 2672 3256 τῶν
2703 3203 2946 3272 ἀστέρων
2978 3201 3079 3254 οὐκ
3121 3200 3188 3254 ἂν
3220 3202 3341 3271 ταῖς
3369 3199 3519 3268 ἡλίου
3553 3198 3790 3267 φιλονειο

2198 3295 2322 3364 κοίη
2344 3294 2548 3365 βολαῖς.
2581 3295 2697 3349 ἀλλ’
2728 3295 2859 3375 οὐδε
2885 3293 3031 3357 λίθος
3061 3296 3090 3347 6
3119 3291 3286 3363 βαρὺς
3317 3290 3435 3363 ὄρει
3455 3291 3535 3362 τῷ
3567 3292 3791 3344 πάντων

2199 3388 2518 3459 ὑπερφερεί.
2549 3387 2723 3450 οὕτως
2754 3384 3060 3456 ἀνθρώπων
3094 3385 3309 3448 σύνεσις
3361 3384 3463 3436 οὐκ
3478 3382 3545 3436 ἂν
3569 3381 3792 3436 δύναιτό

2200 3498 2331 3537 ποτε
2377 3484 2444 3552 τῇ
2496 3480 2591 3534 τοῦ
2638 3478 2775 3532 Θεοῦ
2837 3478 3000 3549 σοφίᾳ
3056 3476 3468 3551 συγκρίνεσθαι,
3503 3475 3702 3547 μᾶλλον
3731 3476 3792 3529 δὲ

2198 3574 2351 3628 οὐδὲν
2391 3573 2528 3637 ὅλως
2577 3571 2731 3624 ἔσται
2772 3571 2912 3640 πρὸς
2968 3569 3185 3638 ἐκείνην
3234 3566 3532 3632 παντελῶς.
3564 3567 3793 3621 Τεκνίον

2198 3665 2307 3736 ἄρα
2351 3663 2443 3717 καὶ
2480 3665 2509 3717 ό
2551 3661 2774 3724 τέλειος.
2818 3659 3032 3729 Μικρόν
3071 3675 3136 3725 γε
3177 3658 3287 3728 μὴν
3323 3657 3403 3710 ἔτι
3433 3659 3626 3728 χρόνον
3661 3676 3792 3712 συν.

2199 3754 2417 3821 έσεσθαι
2449 3754 2561 3814 τοῖς
2600 3749 2795 3803 ἑαυτοῦ
2826 3747 3098 3818 μαθηταῖς
3142 3746 3249 3817 ἔφη
3282 3748 3540 3820 Χριστὸς,
3575 3748 3678 3820 οὐχ
3716 3750 3793 3814 ὡς

2199 3843 2520 3915 ἀφεστήξων
2556 3840 2857 3905 παντελῶς,
2890 3840 3014 3894 οὐδὲ
3052 3842 3134 3904 εἰς
3163 3841 3311 3894 ἅπαν
3351 3838 3447 3894 καὶ
3476 3839 3791 3913 ὁλοκλήρως

2198 3936 2675 4008 ἀλλοτριούμενοςο
2710 3935 2827 4007 μεθ’
2846 3934 3004 4008 ήμῶν
3033 3935 3143 4006 γάρ
3168 3935 3286 3989 ἔστι
3315 3934 3500 3998 πάσας
3518 3933 3619 3999 τὰς
3648 3935 3785 4006 ήμέ-

2200 4047 2322 4103 ρας,
2352 4029 2445 4083 καὶ
2469 4029 2575 4093 ἕως
2629 4028 2731 4099 τῆς
2761 4027 3075 4091 συντελείας
3099 4025 3193 4080 τοῦ
3246 4025 3444 4089 αἰῶνος
3468 4064 3495 4099 ,ν
3515 4024 3658 4079 κατά
3688 4027 3792 4096 τὴν

2199 4121 2365 4176 αὐτοῦ
2425 4122 2612 4195 φωνήν
2633 4138 2647 4154 ο
2682 4121 2798 4176 ἀλλ’
2831 4121 2915 4174 ὃτι
2969 4122 3108 4191 μετά
3166 4118 3370 4192 σαρκὸς
3418 4117 3481 4171 οὐ
3510 4118 3787 4181 συνέσται,

2200 4215 2454 4285 καθάπερ
2505 4215 2695 4287 ἐχθὲς,
2754 4213 2853 4269 καὶ
2906 4212 3134 4283 τρίτηνο
3181 4205 3249 4281 ἦν
3301 4209 3361 4263 δὲ
3411 4209 3506 4262 ἐπὶ
3555 4208 3787 4279 θύραις,

2204 4310 2403 4379 μᾶλλον
2432 4309 2490 4363 δὲ
2518 4308 2650 4362 εἵσω
2685 4304 2866 4377 θυρῶν
2894 4308 2923 4358 6
2960 4303 3151 4375 καιρὸς
3193 4303 3296 4372 τῆς
3354 4300 3606 4356 ἐντεῦθεν
3650 4302 3791 4355 ἀπο-

520 4394 749 4458 Inundo,
786 4404 840 4452 et
868 4397 1076 4454 reditus
1098 4398 1151 4452 in
1177 4400 1400 4455 cmlum.
1430 4400 1708 4470 Quotquot
1738 4407 1917 4454 autem
1947 4407 2097 4455 recte

2201 4401 2403 4473 δημίας
2450 4401 2578 4471 πρὸς
2624 4401 2715 4452 τὴν
2770 4396 3008 4468 Πατέρα,
3046 4395 3141 4449 καὶ
3180 4395 3281 4466 τῆς
3333 4393 3523 4447 ἀνόδου
3569 4393 3671 4465 τῆς
3710 4392 3792 4455 είς

518 4487 789 4555 sentiunt,
825 4504 889 4543 ac
925 4491 1133 4545 Iirmam
1172 4491 1333 4549 fidem
1372 4493 1596 4556 habent,
1627 4490 1966 4547 in'animum
1996 4492 2100 4547 sibi

521 4580 786 4637 inducere
814 4582 1017 4639 debent
1053 4583 1224 4655 quod,
1280 4586 1409 4641 licet
1455 4586 1603 4641 absit
1637 4590 1695 4638 a‘
1716 4585 1878 4641 nobis
1908 4596 2102 4648 carne,

521 4669 592 4724 ad
622 4668 791 4726 Deum
828 4688 1024 4745 nempe
1052 4691 1117 4731 ac
1146 4675 1364 4732 Patrem
1412 4692 1688 4743 reversus,
1723 4687 2102 4732 verumtamen

520 4762 707 4820 divina
754 4767 806 4820 vi
857 4781 955 4830 ac_
981 4775 1257 4838 potestate
1291 4769 1474 4823 omnia
1511 4770 1804 4839 gubernat,
1851 4776 1905 4824 et
1944 4767 2104 4824 adest

520 4854 878 4927 diligentibus
936 4874 1015 4915 se.
1076 4859 1289 4915 Idcirco
1339 4860 1488 4915 enim
1542 4859 1767 4914 aiebat:
1807 4878 1826 4911 ι
1889 4861 2096 4923 Amen,

521 4962 679 5003 amen
707 4949 832 5006 dico
859 4952 1036 5016 vobis,
1077 4951 1168 5005 ubi
1201 4951 1308 5006 duo
1342 4953 1422 5006 vel
1462 4960 1573 5006 tres
1595 4960 1727 5006 sunt
1762 4952 2095 5022 congregati

523 5040 580 5096 in
636 5044 861 5098 nomine
910 5058 1072 5098 meo.
1124 5042 1201 5095 ibi
1252 5057 1374 5095 sum
1435 5043 1490 5095 in
1533 5042 1716 5097 medio
1751 5057 1941 5097 eorum
1967 5042 2033 5095 ⁸⁸.
2076 5061 2095 5094 ι

523 5132 993 5197 Quemadmodum
1034 5130 1179 5186 enim
1238 5146 1363 5186 cum
1426 5132 1572 5188 inter
1614 5132 1870 5188 homines
1919 5133 2102 5189 adhuc

524 5231 974 5288 conversaretur,
1007 5232 1064 5279 et
1113 5222 1169 5279 in
1203 5234 1348 5279 terra
1401 5240 1528 5280 cum
1582 5241 1751 5281 carne
1783 5226 2103 5293 exsisteret,

528 5317 791 5387 implebat
844 5313 1068 5384 quidem
1100 5317 1292 5381 caelos,
1327 5326 1380 5372 et
1429 5333 1555 5374 cum
1613 5316 1824 5373 sanctis
1891 5319 2106 5388 angelis

529 5405 879 5468 versabatur,
911 5420 1015 5461 nec
1047 5422 1282 5478 superna
1322 5409 1438 5465 loca
1492 5408 1879 5485 relinquebat:
1920 5408 1994 5463 ita
2048 5417 2104 5464 ct

528 5510 678 5557 nunc
729 5496 783 5550 in
823 5497 981 5553 cmlis
1017 5514 1144 5555 cum
1204 5516 1302 5556 sua
1335 5515 1503 5557 carne
1561 5501 1837 5558 exsistens
1899 5510 2099 5557 terram

2198 4493 2446 4566 οὐρανόν.
2485 4492 2799 4547 Διακεϊσθαι
2849 4490 2908 4544 δὲ
2952 4489 3067 4543 δεῖν
3107 4489 3405 4555 ἀναγκαῖον
3436 4482 3577 4541 εἷναί
3624 4502 3789 4558 φημι,

2201 4588 2328 4647 τοὺς
2365 4585 2514 4653 οἵγε
2554 4587 2843 4655 φρονοῦσιν
2890 4581 3101 4654 ὀρθῶς.
3133 4579 3230 4634 καὶ
3281 4578 3575 4651 ἱδρυμένην
3606 4578 3791 4651 ἔχουσι

2198 4677 2299 4750 τὴν
2345 4676 2551 4738 πίστιν,
2583 4675 2657 4739 ὡς
2685 4676 2734 4728 εί
2782 4673 2877 4729 καὶ
2908 4673 3135 4727 ἄπεστιν
3160 4670 3318 4742 ήμῶν
3345 4672 3411 4742 τῇ
3450 4669 3618 4741 σαρκὶ
3641 4709 3656 4733 ,
3695 4667 3793 4739 τὴν

2204 4770 2340 4840 πρὸς
2399 4767 2533 4822 Θεὸν
2597 4767 2694 4821 καὶ
2751 4764 2973 4837 Πατέρα
3035 4763 3386 4833 στειλάμενος
3442 4759 3789 4831 ἀποδημίαν,

2203 4857 2317 4912 ἀλλ’
2350 4851 2445 4909 οὖν
2490 4857 2560 4927 τῇ
2599 4853 2721 4926 θεία
2760 4854 2988 4923 δυνάμει
3038 4852 3291 4923 περιέπει
3344 4851 3413 4905 τά
3460 4849 3789 4918 σύμπαντα,

2208 4950 2301 5005 καὶ
2339 4949 2687 5019 συμπάρεστι
2714 4949 2826 5011 τοῖς
2866 4945 3157 5014 ἀγαπῶσιν
3205 4944 3391 4997 αὐτόν.
3434 4943 3536 4995 Διά
3566 4942 3678 5013 γάρ
3711 4959 3793 4995 τοι

2203 5038 2371 5094 τοῦτο
2404 5040 2501 5092 καὶ
2542 5037 2782 5108 ἔφασκεν
2808 5054 2823 5068 θ
2866 5056 2884 5089 ι
2950 5034 3157 5106 Ἀμὴν,
3213 5032 3360 5105 ἀμὴν
3384 5072 3400 5096 ,
3431 5031 3575 5101 λέγω
3624 5031 3792 5101 ὑμῖν,

2206 5132 2339 5186 ὅπου
2372 5131 2468 5186 ἐὰν
2495 5128 2849 5202 συναχθέντες
2880 5125 2982 5183 ὦσι
3022 5127 3116 5182 δύο
3146 5128 3181 5199 ἢ
3224 5128 3374 5198 τρεῖς
3420 5126 3503 5188 εἰς
3545 5123 3609 5178 τὸ
3661 5122 3795 5195 ἐμὸν

2206 5224 2409 5295 ὄνομα,
2441 5224 2560 5277 ἐκεῖ
2598 5223 2714 5293 εἰμι
2765 5223 2824 5277 ὲν
2848 5222 3008 5307 1μέσῳ
3038 5220 3236 5274 αὐτῶν.
3270 5237 3288 5270 ι
3319 5217 3533 5290 Ὥσπερ
3553 5216 3663 5288 γὰρ
3696 5218 3793 5271 ἁν-

2206 5316 2447 5388 θρώποις
2496 5315 2577 5368 ἔτι
2614 5312 3091 5384 συνδῐαιτὼμενος,
3123 5313 3218 5366 καὶ
3251 5312 3346 5365 ἐπὶ
3391 5311 3496 5382 γῆς
3527 5310 3793 5381 ὑπάρχων

2212 5409 2351 5479 μετά
2384 5409 2588 5479 σαρκὸς
2608 5448 2621 5471 ,
2654 5407 2895 5479 ἐπλήρου
2930 5407 3027 5476 μὲν
3054 5405 3318 5476 οὐρανοὺς
3337 5444 3351 5468 ,
3385 5402 3551 5473 συνῆν
3579 5400 3640 5454 δὲ
3669 5399 3793 5454 τότε

2211 5506 2324 5567 τοῖς
2370 5502 2543 5571 ἁγίοις
2595 5500 2864 5570 ἀγγέλοις,
2895 5501 2994 5554 οὐκ
3053 5497 3375 5553 ἀπελείπετό
3414 5512 3473 5549 τε
3521 5493 3632 5548 τῶν
3680 5492 3795 5546 ἀνω

544 5726 554 5735 ,
607 5669 651 5705 ³³
687 5667 834 5729 Psal.
868 5688 1011 5730 Lxxn
1040 5716 1053 5741 ,
1085 5676 1176 5730 9.3.
1257 5680 1297 5711 ³³
1338 5677 1529 5732 Matth.
1569 5695 1736 5734 xxvm
1761 5720 1773 5743 ,
1809 5658 1935 5769 20.;
1970 5681 2011 5711 “
2052 5677 2242 5733 Matth.
2281 5692 2447 5740 xvm,
2479 5677 2567 5732 ευ.
