4010 6320
166 262 170 266 ’
208 255 312 312 157
1242 259 1308 314 IN
1361 259 1644 317 JOANNIS
1678 261 1781 314 BV.

1883 260 2129 318 $ELIUM
2172 264 2298 320 LIB.
2337 265 2406 320 IX
3367 267 3472 323 158

199 369 432 441 χώρων·
457 368 602 424 οὕτω
627 371 719 424 καὶ
743 369 838 424 νῦν
859 373 1118 442 ὑπάρχων
1146 372 1206 426 ὲν
1229 373 1477 444 οὐρανοῖς
1519 375 1658 446 μετά
1684 375 1781 444 τῆς

1887 377 2106 446 quidem
2142 379 2353 448 implet,
2394 386 2448 434 et
2485 393 2611 434 cum
2645 380 2762 434 suis
2797 384 3186 434 conversatur.
3219 376 3466 435 Observa

205 461 345 525 ίδίας
369 461 593 533 σαρκὸς,
610 462 812 534 πληροῖ
833 463 932 534 μὲν
955 463 1055 534 τὴν
1071 462 1196 533 γῆν,
1214 463 1427 519 σύνεστι
1444 467 1500 520 δὲ
1521 471 1630 532 τοῖς
1663 469 1781 521 ἑαυ-

1899 483 2087 534 porro,
2145 479 2204 523 ut
2256 469 2559 525 secundum
2615 484 2841 524 carnem
2897 469 3170 524 duntaxat
3219 469 3472 525 abiturus

167 557 170 561 ’
199 552 296 607 τοῦ
325 553 646 624 γνωρίμοις.
668 555 944 625 Ἐπιτήρει
980 555 1038 608 δὲ
1056 556 1224 622 ὅπως,
1244 557 1420 612 καίτοι
1451 560 1594 614 κατά
1631 561 1781 631 μόνηι

1898 558 2095 628 (adest
2147 560 2294 614 enim
2349 560 2512 616 nobis
2560 574 2779 630 semper
2842 560 3046 631 virtute
3090 559 3469 630 divinitatis),

200 642 303 714 τὴν
344 643 524 715 σάρκα
560 644 889 714 χωρίζεσθαι
929 646 1243 716 προσδοκῶν
1267 648 1503 718 (σύνεστι
1525 642 1634 722 γάρ
1662 652 1781 722 ήμῖι

1895 649 2076 704 adhuc
2104 649 2381 705 modicum
2410 660 2626 722 tempus
2655 651 2947 706 nobiscum
3001 651 3118 706 fore
3181 667 3241 706 se
3296 653 3467 718 dicat,

202 737 270 804 τῇ
290 734 516 805 δυνάμει
547 739 646 807 τῆς
677 735 930 807 θεότητος
958 737 1048 792 διὰ
1073 739 1314 808 παντὸς),
1335 741 1417 794 ἔτι
1449 743 1645 814 μικρὸν
1665 744 1792 815 χρό-

202 839 296 877 νον
331 824 454 892 μεθ⁹
480 825 635 895 ἡμῶν
669 826 890 881 ἔσεσθαί
925 845 1076 896 φησι,
1105 831 1324 895 τελείως
1359 850 1419 886 τε
1443 835 1537 887 καὶ
1571 835 1794 906 ὁλοκλή-

205 929 316 983 ρως
345 914 537 968 ἑαυτὸν
557 915 664 970 ἀπὸ
689 916 780 970 τοῦ
808 915 1008 987 μέρους
1037 919 1340 989 σημαίνων,
1369 922 1455 977 ἴνα
1489 926 1562 995 μή
1594 943 1678 988 τις
1710 928 1792 990 είς

202 1003 338 1056 υἱῶν
361 1005 527 1060 δυάδα
553 1007 862 1076 διατέμνειν
878 1011 1130 1082 ἐπιχειρῇ
1160 1012 1250 1066 τὸν
1278 1013 1375 1066 ἕνα
1400 1015 1654 1086 Χριστὸν,
1673 1011 1790 1071 ἀλλ’

199 1093 276 1156 ὡς
309 1094 370 1150 ’ἐν
408 1113 463 1150 τι
502 1099 619 1167 νοῇ,
657 1099 748 1154 καὶ
771 1097 1012 1169 δέχοιτο,
1038 1102 1249 1157 καὶτὸν
1299 1105 1364 1157 ὲκ
1391 1105 1528 1159 Θεοῦ
1578 1108 1790 1178 Πατρὸς

200 1189 532 1257 γεννηθέντα
565 1189 732 1258 Λόγον
757 1233 772 1257 ,
807 1195 902 1246 καὶ⁵
946 1194 1038 1248 τὸν
1080 1196 1146 1250 ἐκ
1182 1199 1281 1267 τῆς
1307 1199 1470 1267 ἁγίας
1512 1202 1787 1272 Παρθένου

200 1274 482 1345 ληφθέντα
518 1279 662 1344 ναδν,
697 1281 795 1351 οὐχ
827 1283 908 1337 ὅτι
946 1284 1047 1354 τῆς
1077 1285 1247 1354 αὐτῆς
1267 1287 1453 1351 οὐσίας
1482 1290 1638 1351 εἰσὶν,
1671 1290 1786 1344 ἀλλ’

198 1365 282 1418 ὅτι
310 1369 455 1436 μετά
482 1371 580 1441 τὴν
603 1372 841 1443 ἄρρητον
870 1374 1088 1438 ἕνωσιν,
1115 1378 1143 1429 ὀ
1163 1377 1256 1432 τοῦ
1295 1379 1607 1434 διακόπτειν
1629 1383 1788 1452 λόγος

197 1459 298 1512 οὐκ
323 1460 557 1532 εὐσεϐής
590 1479 602 1492 ·
637 1459 718 1526 εἷς
743 1464 852 1536 γὰρ
883 1466 940 1532 ἐξ
963 1467 1165 1536 ἀμφοῖν
1195 1471 1224 1522 ό
1253 1471 1296 1522 Χ
1307 1473 1504 1540 ριστός.

265 1551 579 1617 Ζητήσετέ
603 1572 698 1622 με,
725 1556 825 1610 καὶ
855 1558 1046 1624 καθὼς
1073 1557 1248 1614 εἶπον
1281 1562 1407 1627 τοῖς
1448 1563 1781 1633 Ἰουδαίοις,

1895 741 2137 810 perfecte
2167 744 2518 813 semetipsum
2546 757 2610 798 ac
2644 745 2882 798 totaliter
2912 758 2944 816 a
2965 752 3120 813 parte
3151 744 3468 810 nominans,

1892 834 2117 903 nequis
2175 835 2229 888 in
2260 833 2401 889 duos
2459 835 2599 890 lllios
2651 835 2930 891 Christum
2984 836 3210 896 dividat,
3275 835 3370 890 sed
3410 845 3471 888 ut

1893 940 2062 979 unum
2095 929 2320 980 omnino
2349 940 2471 981 esse
2503 925 2693 980 credat
2727 933 2780 981 et
2819 925 3056 980 fateatur
3111 926 3247 980 illud
3317 927 3464 996 quod

1891 1031 1954 1071 ex
1984 1015 2145 1070 Patre
2176 1023 2364 1070 natum
2395 1025 2482 1072 est
2523 1015 2784 1082 Verbum,
2847 1026 2901 1071 et
2940 1017 3086 1086 quod
3120 1033 3186 1071 ex
3242 1015 3469 1087 Virgine

1889 1115 2230 1176 assumptum
2259 1116 2344 1162 est
2393 1109 2696 1178 templum:
2738 1125 2848 1162 non
2879 1110 3007 1178 quia
3041 1107 3286 1176 ejusdem
3335 1111 3467 1162 snh-

1890 1199 2108 1253 stantiue
2167 1200 2256 1265 sit,
2296 1200 2392 1255 sed
2429 1200 2559 1269 quia
2601 1209 2726 1270 post
2787 1199 3122 1255 ineﬂabilem
3180 1200 3462 1260 unionem,

1889 1275 2335 1360 ipsum'dividere
2360 1293 2636 1360 piaculum
2664 1293 2736 1349 sit
2763 1311 2776 1347 :
2807 1309 2952 1349 unus
2981 1295 3130 1348 enim
3171 1307 3238 1345 ex
3273 1292 3466 1346 ambo-

1887 1383 1992 1440 bus
2029 1383 2288 1440 Christus
2324 1393 2432 1440 est.

1955 1561 2093 1626 XIII,
2123 1564 2211 1617 '53.
2243 1562 2505 1628 Quantis
2533 1547 2635 1625 me,
2672 1571 2742 1626 et,
2781 1564 2920 1616 sicut
2947 1561 3064 1616 dixi
3088 1560 3322 1620 Judwis.
3358 1578 3462 1630 quo

198 1641 354 1696 ὅπου
403 1643 521 1713 ἐγὼ
552 1644 788 1716 ὑπάγω,
817 1648 989 1717 ὑμεῖς
1025 1653 1098 1706 οὐ
1126 1652 1393 1708 δύνασθε
1429 1654 1652 1723 ἐλθεῖν,
1685 1657 1781 1710 καὶ

1886 1652 2064 1724 748
2089 1669 2181 1720 ego
2221 1656 2374 1718 vado,
2411 1670 2499 1708 vos
2545 1671 2648 1708 non
2703 1655 2922 1721 potestis
2969 1654 3143 1707 venire
3171 1693 3186 1716 ,
3227 1662 3276 1707 et
3316 1653 3462 1707 vobis

197 1733 342 1801 ὑμῖν
366 1734 500 1802 ἄρτι
538 1738 712 1805 λέγω.

265 1826 382 1879 Ούκ
419 1826 655 1899 ἀζήμιον
685 1830 965 1896 παντελῶς
991 1831 1210 1889 ἔσεσθαι
1235 1839 1346 1902 τοῖς
1385 1839 1578 1892 ἑαυτοῦ
1611 1840 1786 1912 μαθη-

192 1919 314 1982 ταῖς
337 1919 438 1984 τὴν
461 1920 768 1990 ἀποδημίαν
791 1924 945 1994 φησὶ,
961 1925 1059 1996 τὴν
1077 1927 1268 1983 ἑαυτοῦ
1297 1928 1785 2004 δηλονότι.Πρῶτον

197 2009 403 2100 μὲν,ὅτι
433 2012 574 2083 λύπῃ
603 2017 669 2085 τῇ
699 2015 792 2068 ἐπὶ
813 2016 990 2087 τούτῳ
1016 2022 1513 2090 κατατακήσονται,
1535 2025 1631 2078 καὶ
1657 2025 1786 2078 δύσ-

193 2118 372 2156 οιστον
421 2104 598 2168 ἕξουσι
631 2107 729 2176 τῆς
754 2107 1000 2162 ἐντεῦθεν
1027 2111 1250 2183 πικρίας
1271 2112 1331 2165 τὸ
1353 2111 1784 2185 βάρος.Σ.ινείναι

197 2191 304 2262 γάρ
337 2193 401 2265 δὴ
453 2195 558 2248 καὶ
602 2196 763 2251 πάλιν
802 2197 953 2267 αύτῷ
994 2197 1244 2271 διψήσειν
1271 2241 1287 2266 ,
1323 2204 1424 2257 οὐκ
1458 2205 1783 2276 ἀμφίϐολον,

198 2285 288 2337 καὶ
309 2286 720 2342 συνδιαιτᾶσθαι
740 2289 830 2342 διά
856 2291 1034 2359 πάντα
1066 2292 1272 2346 ἐθέλειν
1295 2295 1513 2359 αὐτοὺς,
1531 2296 1782 2368 καθάπερ

195 2375 387 2444 ἀμέλει
419 2377 512 2431 καὶ
537 2379 565 2431 ὁ
590 2378 874 2445 θεσπέσιος
911 2381 1144 2448 Παῦλος,
1181 2386 1274 2438 κει)⁸
1304 2386 1474 2457 αὐτῆς
1504 2387 1781 2458 προτιθεὶς

197 2467 293 2537 τῆς
329 2469 519 2524 ἐνθάδε
543 2471 692 2542 ζωῆς
719 2473 779 2525 τὸ
805 2477 1046 2528 συνεῖναι
1083 2477 1326 2548 Χριστῷ,
1366 2481 1612 2548 κρεῖττον
1644 2479 1778 2548 ἔφα-

201 2575 322 2613 σκεν
351 2555 497 2615 εἷναι
529 2563 590 2616 τὸ
608 2563 894 2632 ἀναλῦσαι,
920 2567 1014 2619 καὶ
1033 2567 1132 2621 σὺν
1161 2569 1382 2640 Χριστῷ
1411 2567 1568 2624 εἶναι.
1599 2571 1783 2625 Ταῦτα

199 2655 560 2724 συνεωρακὼς
586 2657 615 2708 ὁ
638 2656 892 2727 Χριστος,
931 2658 1026 2711 καὶ
1053 2658 1153 2722 τὰς
1179 2659 1289 2713 τῶν
1315 2661 1653 2728 ἀγαπώντων
1686 2665 1784 2716 αὺ-

199 2744 282 2798 τὸν
308 2745 412 2800 οὐκ
435 2747 708 2818 ἀγνοήσας
733 2749 978 2820 καρδίας,
1010 2749 1072 2803 οὐ
1097 2751 1219 2821 δίχα
1238 2751 1415 2822 λύπης
1436 2752 1782 2819 ἔσεσθαιτοῖς

202 2835 469 2906 μαθηταῖς
515 2837 618 2908 ἔφη
665 2839 765 2910 τὴν
807 2840 1004 2894 ἑαυτοῦ
1036 2841 1220 2896 ἄνοδον
1258 2859 1273 2874 ο
1303 2843 1418 2897 ἀλλ’
1463 2840 1531 2916 ἦν
1563 2864 1646 2908 τις
1689 2847 1781 2900 ἐπὶ

197 2927 366 2997 τούτῳ
397 2927 494 2980 καὶ
536 2929 697 3001 ἑτέρα
735 2931 1009 3000 πρόφασις
1045 2932 1267 3004 ἀληθὴς,
1316 2933 1498 3005 ζητεῖν
1535 2937 1781 3005 ἀναγκά-

199 3015 362 3080 ζουσα
423 3017 486 3070 τὸ
540 3021 776 3074 συνεῖναι
829 3022 1051 3092 Χριστῷ
1097 3023 1223 3087 τοὺς
1269 3025 1455 3092 ἁγίους
1507 3027 1772 3097 μαθητάς.
1803 3051 1848 3109 C

207 3110 525 3182 Ὅμιλήσειν
567 3113 668 3182 μὲν
700 3114 809 3184 γάρ
843 3117 966 3169 ὅσον
998 3115 1209 3169 οὐδέπω
1248 3117 1511 3182 κινδύνοις
1556 3119 1782 3189 ἔμελλον

197 3204 255 3257 οὐ
281 3208 522 3276 μικροῖς,
545 3207 640 3259 καὶ
678 3209 794 3270 ταῖς
848 3207 1118 3262 Ἰουδαίων
1145 3208 1469 3272 ἀκαθέκτοις
1501 3211 1782 3277 ἁπονοίαις

200 3297 734 3366 κατασφενδονᾶσθαι
766 3297 996 3369 συχνῶς,
1028 3299 1163 3352 ἀλλά
1191 3301 1286 3353 καὶ
1331 3303 1449 3364 ταῖς
1488 3301 1546 3367 ἐξ
1579 3303 1781 3374 ἑτέρων

198 3388 357 3442 τινῶν
382 3388 804 3460 περιπεσεῖσθαι
853 3391 1093 3459 μανίαις,
1125 3391 1255 3459 ὃλην
1302 3390 1646 3460 περιθέοντες
1682 3393 1781 3464 τὴν

197 3481 540 3552 οἰκουμένην,
574 3482 800 3546 καὶτοῖς
831 3481 910 3535 ἔτι
939 3482 1312 3553 πλανωμένοις
1345 3484 1434 3536 τὸν
1466 3484 1560 3537 τοῦ
1595 3486 1780 3556 Σωτῆ-

204 3589 291 3643 ρος
338 3572 794 3644 διακηρύττοντες
828 3573 1020 3642 λόγον,
1048 3574 1124 3638 ὡς
1162 3574 1554 3647 δεσμωτηρίων
1594 3578 1782 3647 πειρᾶ-

200 3662 339 3728 σθαι,
374 3663 587 3735 ὕϐρεώς
611 3682 670 3717 τε
693 3665 785 3718 καὶ
803 3665 989 3727 αἰκίας
1017 3665 1116 3718 ούκ
1149 3667 1420 3737 ἀμοιρεῖν.
1453 3669 1545 3721 καὶ
1575 3669 1780 3737 ἐτέρων

197 3756 346 3809 οὐδὲν
375 3752 541 3829 ἦττον
572 3757 957 3826 στρεϐλώσεων
1008 3759 1088 3820 εἰς
1119 3761 1316 3828 πεῖραν
1369 3759 1542 3813 ἐλθεῖν
1562 3775 1573 3787 ·
1601 3762 1778 3815 καίτοι

199 3845 304 3898 τῶν
333 3846 593 3900 τοιούτων
623 3846 836 3911 οὐδενὸς
867 3849 1265 3919 πεπειραμένοι
1304 3850 1570 3921 πρότερον
1599 3852 1657 3904 ἐν
1699 3852 1777 3923 τῷ

200 3937 438 3988 συνεῖναι
489 3935 730 4006 Χριστῷ.
763 3936 1062 4006 Ζητήσετέ,
1106 3937 1263 4008 φησι,
1301 3939 1480 3992 τοίνυν
1526 3941 1648 3994 τότε
1679 3943 1777 4013 τὴν

196 4026 332 4098 ἐμὴν
365 4026 602 4096 μάλιστα
651 4028 938 4081 συνουσίαν
962 4069 976 4091 ,
1001 4029 1132 4082 ὅταν
1162 4030 1306 4099 ὑμᾶς
1348 4029 1419 4082 τὰ
1460 4031 1778 4102 πολύτροπα

132 4157 138 4162 -
195 4121 299 4172 τῶν
336 4121 659 4190 πειρασμῶν
699 4121 1006 4192 ἐκταράττῃ
1039 4120 1274 4191 κύματα.
1308 4123 1478 4177 Τοῦτο
1509 4124 1566 4178 δὲ
1589 4121 1687 4196 ἦν,
1713 4126 1776 4178 ού

197 4209 330 4279 πρὸς
373 4210 577 4263 δειλίαν
609 4210 833 4278 ἄγοντος
853 4251 867 4274 ,
899 4211 933 4280 ἢ
965 4211 1486 4282 προσκατακλῶντος
1512 4213 1590 4285 τῷ
1624 4215 1776 4286 φόϐῳ

193 4306 320 4365 τοὺς
370 4303 616 4374 μαθητάς
637 4319 650 4330 ’
691 4303 1074 4372 ἐπαλείφοντος
1101 4304 1156 4357 δὲ
1195 4303 1394 4374 μᾶλλον
1418 4307 1497 4369 είς
1530 4307 1777 4372 εὐτονίας

1817 1721 1857 1774 Β
1885 1721 2214 1798 dic—ointodo.

1956 1833 2271 1890 Discessum
2303 1835 2446 1890 haud
2486 1820 2716 1906 jactura:
2760 1849 2989 1905 prorsus
3021 1843 3298 1906 expertem
3349 1834 3464 1889 fore

1886 1926 2174 1998 discipulis
2221 1929 2340 1982 suis
2392 1928 2469 1981 ait
2514 1945 2527 1980 :
2571 1928 2807 1997 primum
2866 1925 3111 1995 quidem,
3163 1926 3292 1995 quia
3340 1924 3462 1991 ejus

1885 2019 2078 2074 dolore
2135 2019 2558 2083 contabescenl,
2593 2026 2648 2074 et
2695 2017 3116 2073 acerbissimum
3155 2016 3281 2071 inde
3329 2030 3463 2070 ιιιω-

1885 2125 2064 2165 rorem
2115 2111 2448 2180 concipiant.
2486 2109 2597 2165 Nec
2639 2108 2790 2164 enim
2857 2108 3085 2162 dubium
3121 2117 3208 2162 est
3244 2107 3462 2177 gravis-

1882 2202 2025 2257 simo
2075 2201 2196 2272 ejus
2245 2201 2522 2258 desiderio
2580 2199 2862 2256 detentum
2907 2200 3007 2263 iri,
3060 2208 3114 2254 et
3164 2213 3463 2253 conversa-

1883 2295 2086 2351 tionem
2127 2293 2248 2364 ejus
2296 2294 2687 2363 requisituros,
2744 2289 3213 2362 quemadmodum
3269 2305 3464 2358 nempe

1882 2385 2101 2439 divinus
2130 2384 2221 2439 ille
2255 2383 2460 2440 Paulus
2485 2383 2588 2453 ipsi
2619 2383 2786 2438 etiam
2813 2383 3066 2452 corporis
3097 2382 3222 2435 vita:
3248 2380 3459 2435 versari

1883 2489 2007 2530 cum
2055 2473 2276 2530 Christo
2327 2491 2672 2544 pra-ponens,
2711 2475 2908 2529 melius
2959 2474 3067 2528 sibi
3103 2474 3284 2527 aiebat
3338 2487 3462 2527 esse

1882 2564 2128 2631 dissolvi,
2158 2573 2359 2621 etesse
2396 2581 2520 2620 cum
2548 2565 2770 2620 Christo
2794 2565 2858 2618 ¹⁵.
2897 2563 3021 2618 Ηωο
3045 2563 3304 2618 Christus
3334 2579 3458 2616 cum

1881 2656 2221 2728 pmvideret,
2244 2673 2346 2712 nec
2367 2659 2536 2712 corda
2555 2657 2900 2726 diligentium
2926 2671 2985 2710 se
3020 2655 3321 2724 ignoraret,
3348 2669 3460 2708 non

1879 2755 2160 2818 expertem
2195 2749 2454 2804 mmroris
2492 2747 2782 2817 discipulis
2817 2747 2936 2801 fore
2967 2747 3107 2801 dixit
3137 2762 3300 2801 suum
3336 2747 3458 2800 dis-

1879 2854 2118 2894 cessum.
2167 2839 2274 2894 Sed
2305 2847 2360 2894 et
2395 2841 2503 2893 alia
2534 2848 2793 2908 praeterea
2832 2854 2960 2894 vera
2990 2853 3156 2894 causa
3185 2847 3304 2893 erat
3338 2854 3460 2908 qua:

1881 2940 2106 2986 sanctos
2135 2931 2441 3000 discipulos
2466 2931 2722 3002 adigebat
2749 2939 2809 2984 ut
2833 2946 2957 2986 cum
2991 2931 3214 2986 Christo
3242 2933 3451 2985 versari

1881 3031 2163 3094 cuperent.
2197 3022 2408 3094 Quippe
2438 3038 2564 3078 mox
2604 3024 2790 3093 gravia
2844 3023 3087 3092 pericula
3143 3025 3458 3093 perpessuri

1881 3127 2058 3182 erant,
2095 3131 2224 3171 cum
2261 3123 2315 3170 et
2341 3113 2620 3171 eﬂrenatis
2646 3114 2962 3170 Iudaeorum
2991 3129 3136 3184 saepe
3170 3115 3334 3184 objici
3375 3115 3461 3168 [ιι-

1881 3209 2126 3272 roribus,
2163 3215 2278 3263 tum
2309 3209 2545 3262 aliorum
2577 3207 2942 3277 quorumdam
2993 3207 3333 3277 intemperiei
3368 3223 3464 3278 pa-

1881 3305 1996 3355 tere
2019 3299 2308 3361 debebant,
2345 3306 2519 3352 totum
2554 3298 2743 3352 orbem
2771 3305 3042 3352 terrarum
3087 3298 3374 3360 obeuntes,
3407 3307 3462 3352 ct

1879 3393 2196 3448 errantibus
2231 3392 2411 3446 adhuc
2463 3391 2773 3446 Servatoris
2804 3390 3112 3445 doctrinam
3160 3391 3463 3459 praedican-

1880 3490 1986 3547 tes,
2023 3483 2158 3537 adeo
2216 3490 2272 3535 ut
2330 3497 2430 3537 nec
2468 3497 2722 3537 carceres
2773 3481 3051 3543 deessent,
3117 3497 3219 3536 nec
3269 3480 3458 3552 ﬂagra,

1882 3591 1986 3632 nec
2013 3576 2339 3645 injuriarum
2373 3589 2436 3629 ac
2493 3582 2899 3628 tormentorum
2929 3588 3102 3642 genus
3138 3574 3308 3626 ullum
3372 3574 3460 3626 in-

1879 3678 2167 3740 expertum
2223 3667 2509 3730 haberent,
2572 3679 2810 3734 quorum
2849 3665 3058 3717 nullum
3111 3665 3268 3734 prius
3328 3665 3458 3718 dum

1879 3764 2234 3814 versarentur
2267 3766 2429 3810 'cum
2482 3755 2710 3811 Christo
2748 3755 3118 3824 pertulerunt.
3167 3755 3457 3820 Quaeretie,

1879 3851 2076 3920 inquit,
2109 3857 2240 3904 tunc
2276 3863 2452 3903 meam
2501 3847 2744 3902 maxime
2795 3848 3162 3917 prasentiam,
3207 3862 3332 3901 cum
3362 3863 3464 3902 vos

1881 3943 2248 3997 tentationum
2277 3941 2414 3995 varii
2469 3939 2670 3995 ﬂuctus
2709 3939 3077 3995 turbaverint.
3112 3937 3224 3993 Hoc
3275 3947 3463 3998 autem

1839 4055 1846 4062 -
1878 4043 1965 4092 est
2002 4049 2112 4089 non
2145 4033 2459 4088 inducentis
2485 4032 2552 4086 ad
2586 4030 2968 4095 formidinem,
3029 4039 3127 4085 aut
3157 4031 3467 4100 discipulos

1879 4126 2076 4180 timore
2107 4123 2436 4195 frangentis,
2476 4123 2572 4179 sed
2637 4123 2706 4178 ad
2743 4123 2913 4178 robur
2969 4130 3025 4178 et
3082 4122 3462 4177 coastantiam

1878 4215 2066 4286 potius
2101 4215 2382 4283 ungentis,
2417 4221 2472 4267 et
2496 4213 2562 4266 ad
2594 4227 2787 4266 eorum
2817 4226 2941 4282 qua
2967 4219 3231 4266 eventura
3266 4210 3459 4266 crede-

1879 4308 2079 4364 bantur
2107 4307 2452 4363 tolerantiam
2484 4305 2844 4361 instituentis.
2900 4303 3013 4360 Nec
3041 4303 3186 4360 enim
3231 4317 3458 4373 compca

194 4394 481 4464 ἀνάληψιν,
531 4395 624 4448 καὶ⁵
655 4395 816 4448 οἱονεὶ
859 4395 995 4466 πρὸς
1051 4395 1151 4467 τὴν
1197 4396 1306 4449 τῶν
1339 4396 1556 4451 ἔσεσθαι
1611 4415 1778 4469 προσ-

1883 4401 2090 4456 riemus
2115 4399 2308 4454 inutile
2337 4414 2482 4464 esse,
2514 4397 2624 4452 imo
2653 4411 2784 4452 vero
2813 4411 3072 4467 magnam
3097 4396 3150 4449 in
3205 4410 3265 4450 se
3305 4394 3461 4449 utili-.

192 4485 518 4554 δοκωμένων
539 4486 819 4556 ὑπομονὴν
853 4487 1385 4558 προευτρεπισθῆναι
1410 4489 1773 4554 διδάσκοντος.

194 4578 266 4630 Oti
298 4577 408 4647 γὰρ
446 4578 754 4648 εὑρήσομεν
779 4578 1007 4650 ἀκερδὲς
1026 4618 1040 4641 ,
1066 4581 1264 4648 μᾶλλον
1286 4581 1342 4632 δὲ
1375 4581 1576 4653 πολλὴν
1603 4582 1669 4636 ἄν
1696 4600 1777 4646 τις

196 4667 291 4720 ἴδοι
321 4668 423 4737 τὴν
449 4668 634 4740 ὄνησιν
655 4668 778 4739 ἕχον
802 4669 862 4723 τὸ
892 4671 948 4722 ὲν
972 4672 1218 4742 Ψαλμοῖς
1239 4672 1518 4742 ᾀδόμενον,
1547 4691 1565 4724 ι
1603 4674 1779 4727 Ἦτοι-

199 4758 432 4828 μάσθην,
462 4761 556 4812 καὶ
589 4759 690 4812 οὐκ
722 4758 1049 4831 ἐταράχθην.
1083 4779 1102 4811 ι
1142 4761 1214 4814 Τὸ
1248 4763 1347 4831 μὲν
1373 4762 1482 4833 γὰρ
1514 4763 1654 4826 ὅλως
1676 4765 1777 4816 οὐκ

195 4851 447 4905 ἐλπισθὲν
475 4852 582 4904 τῶν
615 4852 822 4905 ἀδικεῖν
852 4852 1122 4906 εἰωθότων
1177 4854 1348 4907 δεινὸν
1381 4857 1458 4918 είς
1490 4855 1772 4927 θορύϐους,

195 4944 287 4995 καὶ
319 4944 581 5014 ἀδόκητόν
621 4962 738 5008 πως
764 4944 878 5014 ἔχει
904 4944 1003 5015 τὴν
1024 4944 1212 5013 ἔφοδον
1239 4961 1252 4976 ⁸
1280 4947 1340 4998 τὸ
1361 4946 1419 4999 δὲ
1442 4950 1561 5010 ταῖς
1602 4965 1773 5019 προσ-

195 5034 420 5098 δοκίαις,
447 5036 544 5088 καὶ
581 5036 643 5089 τὸ
680 5037 760 5106 τῷ
791 5026 1168 5107 προεγνῶσθᾶί
1195 5054 1303 5090 τισι
1347 5038 1772 5109 προδαπανῆσαν

197 5127 292 5197 ἤδη
333 5128 427 5182 τοῦ
458 5128 626 5196 φόϐου
660 5129 722 5182 τὸ
770 5129 953 5192 πλέον,
981 5130 1081 5182 οὐκ
1118 5131 1356 5201 ἄκρατον
1388 5130 1501 5201 ἔχει
1522 5132 1620 5202 τὴν
1650 5133 1772 5188 καθ’

198 5211 268 5270 ὧν
290 5217 355 5270 ἂν
382 5220 525 5272 ἐπίοι
575 5218 826 5289 δύναμιν,
849 5218 1332 5290 προμελετησάσης
1365 5220 1496 5272 αὐτὸ
1529 5221 1626 5290 τῆς
1653 5222 1769 5275 δια-

197 5310 359 5372 νοίας,
393 5311 488 5364 καὶ
534 5309 609 5374 ὡς
649 5311 750 5381 ἥδη
794 5311 966 5380 παρὸν
1010 5309 1308 5380 δεξαμένης
1339 5309 1617 5375 πολλάκις,
1647 5311 1768 5367 ὅσον

202 5402 274 5464 εἰς
321 5402 531 5465 ἐννοίας
569 5401 818 5472 δύναμιν.
851 5401 1061 5472 Ὥσπερ
1105 5402 1215 5471 γὰρ
1265 5400 1319 5453 εί
1352 5418 1442 5466 ,τις
1480 5403 1773 5475 αἰμοϐόρος

204 5492 292 5546 καὶ
335 5493 528 5565 ἄγριος
569 5493 704 5565 θὴρ,
732 5494 796 5545 ἐκ
829 5493 994 5562 μέσου
1042 5491 1240 5554 ἀναδὺς
1269 5491 1550 5562 εύδένδρου
1582 5512 1639 5548 τε
1677 5501 1770 5553 καὶ

264 5676 303 5705 ¹⁸
334 5673 570 5749 Philipp.
605 5693 644 5740 ι,
682 5676 771 5730 9.3.
838 5677 901 5705 ”'
943 5673 1086 5728 Psal.
1127 5678 1432 5741 cxvm,00.

1875 4499 2041 4546 tatem
2065 4489 2267 4544 habere
2289 4487 2439 4558 quod
2485 4487 2537 4540 in
2568 4486 2805 4541 Psalmis
2865 4486 3083 4540 canitur
3110 4503 3124 4539 :
3159 4503 3178 4535 ι
3221 4482 3459 4539 Paratus

1873 4598 2018 4643 sum,
2053 4589 2108 4636 et
2136 4587 2245 4635 non
2277 4595 2397 4636 smn
2426 4579 2683 4634 turbatus
2703 4579 2795 4631 ιδ’.
2825 4597 2842 4631 ι
2882 4577 3081 4632 Malum
3107 4577 3252 4633 enim
3272 4577 3456 4644 inspe-

1871 4680 2052 4726 ratum
2086 4671 2273 4725 turbat
2322 4684 2423 4723 nos
2463 4667 2860 4730 vehementius,
2903 4677 2958 4722 et
3006 4667 3197 4737 pungit
3231 4665 3452 4728 acrius;

1873 4763 2020 4832 quod
2057 4771 2237 4816 autem
2289 4759 2582 4829 prmvisnm
2617 4767 2672 4814 et
2713 4766 3094 4828 exspectatum
3147 4765 3252 4818 est,
3293 4755 3453 4824 quasi

1874 4869 2071 4924 magna
2097 4853 2209 4922 jam
2236 4861 2389 4922 parte
2417 4861 2595 4907 metus
2623 4858 2978 4920 consumpta,
3006 4848 3264 4902 lentiores
3291 4845 3454 4902 habet

1874 4945 2131 5014 impetus,
2193 4943 2492 5013 anticipata
2528 4943 2790 4996 nimirum
2827 4942 2975 4996 illius
3004 4937 3364 5008 cogitatione,
3395 4946 3452 4992 et

1872 5037 2043 5092 animi
2071 5037 2275 5091 virtute
2299 5044 2427 5090 ante
2453 5046 2729 5103 suscepta.
2755 5033 2827 5088 Ut
2854 5034 3001 5089 enim
3027 5031 3394 5107 atroxbellua
3419 5046 3453 5084 e

1872 5128 2059 5185 densis
2087 5128 2331 5183 latibulis
2363 5142 2427 5182 ac
2455 5129 2646 5182 lustris
2670 5127 2958 5195 inopinato
2985 5138 3303 5192 erumpens,
3338 5137 3448 5176 non

1876 5215 2039 5276 modo
2069 5221 2227 5276 valde
2253 5236 2380 5275 eum
2409 5221 2594 5274 turbat
2636 5221 2689 5272 in
2724 5234 2884 5287 quem
2941 5215 3219 5278 insilierit,
3257 5215 3356 5270 sed
3394 5224 3451 5269 et

1875 5313 2201 5388 imparatum
2266 5312 2534 5366 dilaniat:
2617 5309 2836 5364 eminus
2927 5322 3062 5362 vero
3149 5316 3448 5378 conspecta

1880 5403 2045 5475 759
2073 5411 2234 5474 atque
2289 5402 2506 5473 cognita
2565 5409 2836 5452 armatum
2883 5407 2978 5453 ant
3023 5399 3207 5454 minus
3258 5398 3446 5454 forsan

1879 5497 2056 5560 lmdct,
2083 5503 2175 5550 aut
2208 5495 2364 5550 irrito
2389 5501 2587 5548 conatu
2609 5493 2831 5548 recedet
2859 5510 2872 5546 :
2899 5492 2980 5548 sic
3010 5491 3197 5556 etiam,
3223 5490 3440 5562 opinor,
