4010 6320
508 246 616 308 159

1462 255 1519 312 S.
1538 254 1817 312 CYRILLI
1859 252 2326 310 ALEXANDIHNI
2353 253 2670 311 ABCIIIEP.

3667 248 3785 304 160

507 376 575 414 ex
599 360 1013 426 tentatlouibus,
1038 361 1318 431 insperata
1348 363 1730 420 vehementius
1754 364 2092 419 acjerocius

2209 365 2412 430 Βασείας
2456 365 2556 436 τῆς
2580 363 2818 441 λόχμης,
2842 359 3130 431 ὲφάλλοιτό
3149 376 3258 412 τινι
3285 357 3396 412 τῶν
3417 357 3516 430 οὑχ
3536 357 3795 430 ὁρώντων

507 452 715 507 invadit
767 469 932 523 quam
961 461 1201 522 sperata.
1241 452 1636 511 Percommode
1687 457 1876 526 itaque
1908 455 2092 508 Domi-

506 561 614 601 nus
647 555 835 600 noster
862 543 1025 598 .Iesus
1072 542 1334 601 Christus
1367 546 1454 601 his
1511 544 1715 611 verbis,
1765 566 1784 599 ι
1821 547 2092 613 Quaaretis

509 653 616 700 me,
654 652 827 706 isquae
849 636 1136 704 discipulis
1161 649 1424 692 eventura
1462 648 1654 694 essent
1705 654 1771 693 ex
1834 655 1937 693 suo
1969 639 2089 694 dis-

508 744 695 791 cessu,
726 736 783 783 et
830 728 1097 782 tumultus
1129 730 1417 783 subiunuit
1461 731 1531 783 ab
1561 730 1900 785 adversariis
1939 729 2094 784 exci-

512 821 748 881 tandos,
805 820 871 873 ad
934 819 1196 873 virtutem
1265 828 1320 875 et
1372 822 1544 876 robur
1601 822 1927 892 capiendum
1993 822 2095 876 hac

510 913 870 983 praedictione
900 912 1026 968 illos
1063 912 1341 969 excitans.
1374 913 1471 969 llis
1506 929 1671 983 porro
1702 914 1913 969 utiliter
1962 916 2097 969 sub-

505 1004 688 1073 jungit
727 1001 855 1070 quid
898 1002 1223 1071 imprzesens
1255 1018 1351 1057 eos
1405 1004 1562 1072 sequi
1593 1004 1906 1072 prohibeat.
1939 1004 2096 1070 Quod

510 1096 657 1150 enim
683 1095 794 1148 dixi
821 1092 1050 1158 Judaais,
1080 1095 1280 1164 inquit,
1308 1095 1413 1149 hoc
1449 1106 1506 1149 et
1546 1097 1613 1149 ad
1647 1112 1743 1151 vos
1775 1097 1940 1150 modo
1972 1098 2093 1151 aio:

519 1207 536 1236 ι
577 1185 698 1259 Quo
738 1188 899 1251 vado,
931 1203 1027 1242 vos
1063 1202 1169 1241 non
1212 1188 1445 1255 potestis
1480 1189 1687 1242 venire.
1729 1207 1747 1239 ›
1805 1187 1915 1244 Nec
1949 1188 2095 1243 enim

513 1289 732 1348 tempus
787 1278 972 1332 adhuc
1024 1286 1145 1332 erat
1180 1289 1411 1332 sanctos
1470 1279 1795 1349 discipulos,
1854 1259 2098 1333 nondum

516 1370 827 1424 ministerio
850 1384 953 1424 suo
986 1378 1401 1433 consummato.
1437 1369 1505 1424 ad
1553 1386 1827 1440 supernas
1861 1373 2102 1426 transire

516 1460 836 1515 mansiones
863 1476 876 1513 :
912 1474 976 1514 ea
1004 1460 1208 1529 quippe
1239 1448 1495 1530 migratio
1530 1460 1585 1514 in
1615 1476 1918 1531 congruum
1961 1468 2101 1514 tem-

517 1566 619 1619 pus
650 1551 998 1604 servabatur.
1029 1549 1446 1605 Observandum
1465 1562 1647 1606 tamen
1682 1559 1767 1606 est
1791 1568 1942 1618 eum,
1969 1566 2097 1605 cum

2192 457 2377 519 αὑτὸν,
2416 455 2720 527 σπαράττει
2750 453 2866 526 [γρ.
2894 450 3178 522 ταράττει]
3217 450 3319 520 μὲν
3344 449 3465 503 λίαν
3502 450 3564 504 οὺ
3612 468 3792 521 προσ-

2193 545 2436 599 δοκῶντα
2469 544 2567 616 τὴν
2597 542 2806 613 ἔφοδον,
2834 543 3049 612 ἀναιρεῖ
3075 539 3131 592 δὲ
3177 538 3313 608 πρὸς
3350 540 3531 609 μάχην
3570 541 3671 593 οὑκ
3702 541 3798 592 εὑ-

2194 635 2558 707 τρεπισθέντα
2602 633 2814 689 λαϐώψ
2862 636 2891 687 6
2922 633 2981 686 δὲ
3030 632 3313 704 πόρῤωθεν
3338 630 3546 699 ὀφθεὶς,
3582 632 3677 685 καὶ
3708 631 3799 684 ὃτι

2195 729 2468 800 παρέσται
2533 726 2931 796 διεγνωσμένος
2958 767 2972 791 ,
3003 723 3335 794 ὡπλισμένῳ
3391 722 3685 792 συμϐαλὼν
3710 764 3727 787 ,
3762 721 3798 791 ἢ

2197 817 2421 871 ἔλαττον
2450 817 2700 887 ἀδικήσει
2750 815 2910 886 τυχὸν
2934 855 2951 879 ,
2980 815 3015 885 ἢ
3063 814 3159 867 καὶ
3197 813 3364 884 μηδὲν
3393 811 3619 882 ἰσχύσας
3639 813 3801 882 οἰχή-

2197 926 2381 962 σεταιο
2413 908 2505 962 τὸν
2544 908 2708 963 αὑτὸν
2728 947 2743 972 ,
2769 894 2929 978 οἶμαι
2954 947 2969 970 ,
2996 906 3197 976 τρόπον
3228 904 3325 958 καὶ
3343 904 3437 957 ἐπὶ
3461 903 3570 956 τῶν
3596 919 3801 974 πειρα-

2199 1002 2374 1072 σμῶν,
2407 1002 2436 1054 6
2481 1001 2729 1072 μηδόλως
2780 999 3002 1053 ἔσεσθαι
3051 996 3447 1070 προσδοκηθεὶς
3475 995 3573 1049 τοῦ
3618 1012 3801 1069 προσ-

2194 1095 2518 1165 δοκηθέντος
2556 1095 2655 1165 ήδη
2709 1093 3040 1165 θερμότερόν
3083 1108 3144 1144 τε
3171 1093 3268 1144 καὶ
3302 1076 3802 1160 ἀγριώτερονήμῖν

2199 1188 2515 1258 προσϐαλεί
2577 1186 2884 1258 Χρησίμως
2934 1182 3226 1254 τοιγαροῦν
3274 1184 3304 1236 6
3369 1181 3573 1251 Κύριος
3636 1180 3804 1251 ἡμῶν

2211 1278 2418 1351 Ἰησοῦς
2446 1278 2475 1330 6
2506 1277 2762 1348 Χριστὸς,
2788 1277 2879 1330 διὰ
2924 1275 3020 1329 τοῦ
3062 1275 3253 1344 φάναι,
3289 1291 3309 1324 ι
3350 1272 3623 1344 Ζητήσετέ
3652 1288 3743 1342 με,
3777 1291 3797 1322 ι

2199 1369 2267 1423 τὰ
2306 1373 2371 1423 ἐκ
2399 1368 2495 1422 τοῦ
2538 1368 2734 1437 μηκέτι
2771 1369 3010 1420 συνεῖναι
3038 1368 3148 1428 τοῖς
3171 1363 3365 1418 ἑαυτοῦ
3393 1362 3793 1434 συμϐησόμενα

2200 1463 2499 1531 μαθηταῖς,
2549 1460 2643 1514 καὶ
2680 1457 2946 1528 θορύϐους
2995 1456 3393 1518 ὑπαινίττεται,
3437 1456 3563 1519 τοὺς
3594 1455 3660 1506 ἐκ
3688 1452 3804 1506 τῶν

2204 1551 2644 1621 πολεμησόντων,
2679 1549 2879 1611 αὑτοὺς
2930 1548 3348 1618 προετοιμὰζων
3395 1548 3485 1601 διὰ
3525 1545 3622 1600 τοῦ
3667 1562 3804 1617 προ-

516 1643 756 1712 idipsum
809 1642 1169 1711 signiﬁcaret,
1218 1641 1425 1698 ludatis
1472 1643 1707 1711 dixisse,’
1766 1662 1784 1695 ι
1827 1642 2101 1710 ρυαιιιθιὶε

2210 1646 2384 1697 ειπείν
2430 1645 2511 1727 είς
2569 1639 3143 1713 ἀνδρείαςνάνάληψιν.
3192 1640 3468 1709 Ἐπιλέγει
3500 1638 3559 1693 δὲ
3586 1638 3805 1701 τούτοις

518 1749 625 1797 me.
658 1743 712 1789 et
740 1750 845 1788 non
878 1735 1174 1790 invenietis
1207 1751 1330 1791 me:
1373 1754 1389 1787 ι
1426 1735 1717 1805 discipulis
1753 1748 1936 1791 autem
1969 1738 2101 1793 suis.

2217 1724 2503 1806 χρησίμὼς
2536 1735 2629 1788 καὶ
2665 1734 2718 1787 τί
2753 1732 2906 1804 παρὰ
2950 1732 3116 1796 πόδας
3145 1730 3387 1786 κείσεται
3416 1730 3623 1785 κωλύον
3666 1731 3805 1783 ἀκο-

525 1843 543 1875 ι
579 1823 855 1891 Quaeretis
885 1841 991 1890 me,
1033 1845 1052 1877 ι
1086 1828 1263 1884 solum
1296 1826 1503 1888 dicere,
1538 1842 1642 1881 nec
1690 1827 1822 1882 illud
1850 1828 2092 1893 ‘addere,

515 1915 636 1971 Non
676 1918 990 1973 invenietis.
1031 1917 1206 1983 Quam
1242 1918 1314 1971 ob
1366 1918 1526 1972 rem?
1586 1919 1801 1990 Quippe
1864 1922 1918 1973 in
1971 1921 2097 1974 illos

512 2009 641 2077 jure
672 2009 910 2078 quadrat
951 2009 1101 2079 quod
1151 2024 1258 2062 non
1290 2009 1576 2064 inveniant
1615 2027 1763 2077 etim,
1795 2013 1866 2067 ob
1900 2013 2093 2067 innua-

518 2117 654 2156 nem-
686 2102 941 2156 videlicet
991 2101 1456 2168 incredulitatem,
1490 2111 1544 2157 et
1580 2103 1919 2170 impietatem
1970 2117 2098 2172 erga

518 2193 699 2261 ipsum
758 2194 1178 2249 incredibilem:
1217 2194 1475 2266 genuinis
1511 2205 1691 2250 autem
1744 2210 1811 2249 ac
1863 2196 2100 2250 sinceris

518 2286 641 2352 ejus
673 2287 979 2351 cultoribus
1011 2287 1408 2342 convenienter
1439 2288 1547 2344 dici
1600 2303 1711 2342 non
1744 2295 1950 2359 potest,
1980 2287 2100 2343 Non

519 2377 814 2433 invenietis
847 2394 953 2433 me.
990 2380 1163 2434 Adest
1193 2380 1341 2434 enim
1375 2381 1454 2432 eis
1483 2394 1809 2450 semperque
1842 2379 2041 2437 aderit.

2203 1826 2413 1881 λουθεῖν
2440 1828 2520 1890 εἰς
2551 1827 2613 1879 τὸ
2645 1825 2822 1895 παρὸν
2856 1824 3079 1888 αὐτούς.
3116 1825 3294 1896 Ὅπερ
3327 1824 3436 1895 γὰρ
3470 1824 3656 1901 ἔλεγον
3688 1823 3805 1884 τοῖς

2217 1920 2526 1982 Ἰουδαίοις,
2556 1919 2714 1990 φησὶ,
2744 1916 2901 1971 τοῦτο
2952 1918 3049 1971 καὶ
3101 1916 3240 1990 πρὸς
3272 1917 3417 1987 ὑμᾶς
3463 1916 3588 1986 ἄρτι
3634 1914 3800 1984 φημί.

2213 2033 2233 2065 ι
2275 2014 2450 2065 Ὅπου
2483 2011 2594 2080 ἐγὼ
2632 2011 2827 2077 ὑπάγω
2849 2050 2864 2075 ,
2894 2011 3052 2081 ὑμεῖς
3071 2011 3132 2063 οὑ
3168 2008 3399 2062 δύνασθε
3451 2007 3645 2061 ἐλθεῖν.
3674 2026 3697 2083 ι
3726 2006 3804 2059 Οὑ

2205 2105 2314 2176 γάρ
2361 2122 2449 2159 πω
2480 2106 2659 2175 παρῆν
2690 2104 2718 2155 6
2755 2102 2948 2174 καιρὸς
2986 2102 3079 2157 τοῦ
3114 2103 3249 2173 πρὸς
3277 2103 3378 2166 τὰς
3408 2101 3521 2156 ἄνω
3547 2098 3805 2170 γενέσθαι

2210 2197 2378 2269 μονὰς
2408 2198 2534 2260 τοὺς
2561 2196 2750 2265 ἁγίους
2784 2196 3120 2260 ἀποστόλους
3166 2197 3320 2252 οὔπω
3352 2191 3805 2263 λελειτουργηκὸ-

2200 2308 2299 2353 τας
2319 2307 2331 2319 ·
2354 2290 2603 2360 ἐτηρεῖτο
2622 2287 2729 2356 γὰρ
2752 2288 2992 2356 μάλιστα
3018 2289 3079 2342 τδ
3105 2290 3199 2342 καὶ
3221 2289 3301 2352 είς
3327 2287 3486 2340 τοῦτο
3510 2282 3806 2356 παρελθεῖν

2200 2381 2399 2443 αὐτοὺς
2444 2377 2622 2450 καιρῷ
2673 2377 2751 2448 τῷ
2781 2377 3103 2446 καθήκοντι.
3139 2378 3537 2450 Ἐπιτηρητέον
3590 2392 3653 2443 γε
3697 2372 3805 2444 μὴν

520 2469 697 2554 έκεῖνο
733 2469 920 2536 πάλιν,
951 2471 1031 2523 ὅτι
1064 2474 1176 2534 τοῖς
1209 2471 1308 2540 μὲν
1342 2471 1616 2536 Ἰουδαίοις
1654 2472 1973 2543 προσλαλῶν
2012 2474 2107 2528 καὶ
2144 2474 2277 2529 αὑτὸ
2342 2471 2587 2542 δήτοῦτο
2614 2471 2896 2542 σημαίνων
2915 2471 3119 2536 ἔφασκε
3141 2486 3154 2501 ·
3185 2491 3203 2521 ι
3244 2469 3515 2541 Ζητήσετέ
3555 2485 3646 2539 με.
3711 2472 3806 2523 καὶ

516 2559 616 2628 οὑχ
643 2558 906 2629 εὑρήσετέ
933 2576 999 2629 με
1019 2575 1033 2589 ο
1083 2578 1101 2610 ι
1135 2561 1245 2623 τοῖς
1270 2577 1332 2629 γε
1371 2560 1476 2631 μὴν
1514 2560 1707 2615 ἑαυτοῦ
1739 2561 2027 2633 μαθηταῖς,
2069 2565 2151 2627 τὸ,
2197 2581 2215 2614 ι
2244 2561 2521 2632 Ζητήσετέ
2557 2578 2647 2631 με,
2676 2580 2693 2612 ι
2735 2561 2897 2629 μόνον
2925 2563 3110 2629 φησιν,
3141 2562 3432 2631 ἀποσιωπᾷ
3468 2561 3525 2614 δὲ
3568 2560 3809 2632 πρεπόν·

517 2665 625 2711 τως
649 2649 731 2713 τὸ,
763 2667 782 2698 ι
807 2650 918 2720 Οὑχ
945 2649 1227 2721 εὑρήσετε.
1254 2668 1271 2700 ι
1309 2651 1418 2703 Καὶ
1445 2651 1536 2704 διά
1565 2651 1726 2706 ποίαν
1763 2653 1941 2707 αἰτίαν
1973 2670 1989 2719 ;
2020 2652 2280 2725 Ἀρμόσει
2307 2652 2409 2723 μὲν
2450 2651 2560 2722 γὰρ
2604 2650 2836 2715 ἐκείνοις
2874 2651 2934 2704 τὺ
2973 2648 3046 2722 μὴ
3079 2652 3354 2722 εὑρίσκειν
3391 2651 3575 2716 αὑτὸν,
3614 2652 3707 2706 διά
3743 2669 3805 2705 τε

520 2743 616 2813 τὴν
648 2743 887 2815 ἄμετρον
915 2743 1194 2805 ἀπιστίαν,
1229 2744 1323 2797 καὶ
1355 2745 1454 2814 τῆς
1483 2745 1564 2807 εἰς
1595 2745 1756 2799 αὑτὸν
1825 2746 2145 2810 δυσσεϐείας
2213 2746 2314 2817 τὴν
2354 2746 2660 2818 ὑπερϐολήν
2679 2764 2691 2777 ·
2728 2749 2839 2808 τοῖς
2868 2746 2924 2799 δὲ
2952 2748 3176 2817 γνήσιον
3227 2748 3308 2810 είς
3336 2747 3498 2800 αὑτὸν
3524 2747 3709 2819 ἔχουσι
3744 2749 3805 2803 τδ

519 2835 796 2907 φρόνημα,
836 2837 930 2888 καὶ
974 2836 1357 2906 ἀκαπήλευτον
1401 2835 1722 2891 ἀποσώσασι
1755 2838 1854 2909 τὴν
1891 2839 2193 2909 ἀγάπησιν,
2231 2840 2419 2895 οὑκέτι
2465 2840 2781 2913 πρεπόντως
2826 2838 2894 2893 ἂν
2941 2839 3149 2910 λέγοιτο
3189 2841 3282 2906 τὸ,
3336 2857 3355 2891 ι
3391 2839 3503 2911 Οὑχ
3538 2840 3805 2912 εὑρήσετέ

522 2944 611 2998 με.
662 2946 681 2978 ι
720 2925 895 2995 Συνῆν
918 2927 1028 2996 γὰρ
1055 2928 1258 2991 αὐτοῖς,
1293 2927 1387 2980 καὶ
1418 2927 1675 2980 συνέσται
1702 2929 1791 2984 διὰ
1818 2933 2044 2995 παντός.

594 3016 730 3075 XIII.
762 2992 862 3071 54.6
885 2992 1206 3069 Mandatum
1228 3032 1420 3070 novum
1449 3016 1517 3070 do
1572 3018 1736 3082 vobis,
1775 3029 1833 3073 ut
1858 2992 2101 3092 diligatis

2251 3022 2585 3092 ’Ἐντολὴν
2640 3022 2863 3090 καινὴν
2910 3021 3121 3089 δίδωμι
3167 2992 3331 3091 ὑμῖν,
3382 3021 3484 3075 ἵνα
3534 3019 3807 3090 ἀγαπᾶτε

523 3111 778 3172 invicem,
838 3111 975 3161 sicut
1009 3106 1176 3161 dilexi
1235 3124 1347 3171 vos,
1404 3117 1461 3160 ut
1525 3120 1575 3162 et
1628 3126 1714 3164 ros
1754 3110 1992 3182 diligatis
2024 3115 2102 3168 in-

522 3216 706 3255 vicem.
814 3250 827 3257 ,
1419 3257 1429 3264 ,

598 3291 769 3347 Recte
798 3306 862 3345 ac
892 3305 1022 3345 vere
1057 3289 1284 3345 divinus
1316 3291 1521 3348 Paulus
1583 3295 1780 3350 scribit
1811 3313 1825 3349 :
1869 3316 1889 3348 ι
1923 3296 2105 3364 Quare

524 3384 569 3438 si
595 3386 720 3455 quis
749 3384 801 3438 in
830 3383 1053 3439 Christo
1086 3393 1191 3445 est.
1249 3399 1386 3437 nova
1419 3394 1673 3440 creatura
1724 3396 1809 3442 est
1845 3407 1857 3443 :
1902 3399 2089 3445 vetera

523 3477 883 3539 transierunt,
903 3492 1032 3531 ecce
1049 3475 1193 3529 facta
1216 3484 1345 3530 sunt
1361 3478 1544 3531 muuia
1572 3492 1713 3532 nova
1736 3480 1834 3535 η.»
1857 3481 2106 3536 Renovat

523 3571 669 3624 euim
720 3585 821 3625 nos
873 3584 939 3624 ac
994 3568 1209 3639 reﬁngit
1242 3570 1655 3639 quodammodo
1701 3572 1768 3627 ad
1810 3575 2103 3630 novitatem

525 3663 667 3727 vitae,
701 3662 795 3717 sed
829 3662 1031 3715 inviam
1065 3677 1165 3717 nec
1197 3663 1382 3716 tritam
1415 3664 1543 3718 aliis
1579 3672 1852 3735 quotquot
1891 3668 1945 3721 iu
1989 3667 2108 3737 lege

522 3755 708 3807 vivere
765 3761 985 3816 amant,
1041 3762 1095 3807 et
1145 3751 1408 3809 Mosaicis
1463 3757 1753 3825 praeceptis
1810 3757 2103 3813 inbaarere.

525 3843 670 3899 Nihil
700 3845 904 3915 quippe
933 3845 1018 3898 lex
1050 3845 1287 3912 perﬁcit.
1321 3853 1384 3897 ut
1440 3845 1709 3914 scriptum
1741 3857 1826 3902 est
1852 3848 1894 3878 ¹⁷
1927 3865 1942 3915 ;
1997 3849 2111 3918 me.

504 3938 815 3994 ‘nissimam
862 3943 1043 3990 autem
1088 3936 1310 4004 pietatis
1341 3937 1397 3990 in
1450 3937 1621 3993 Deum
1685 3955 2000 3994 mensuram
2053 3941 2107 3995 in

528 4028 843 4084 Servatoris
875 4028 1048 4082 nostri
1078 4027 1351 4084 mandatis
1377 4030 1564 4087 videre
1585 4043 1691 4087 est.
1715 4033 1931 4088 Idcirco
1959 4032 2108 4092 enim

526 4129 583 4174 et
611 4120 730 4190 ipse
764 4119 831 4173 ad
869 4134 969 4173 nos
997 4119 1199 4174 alicubi
1224 4121 1307 4175 sic
1336 4122 1445 4177 ait:
1486 4139 1506 4173 ι
1538 4122 1734 4188 Amen,
1780 4139 1939 4177 amen
1985 4122 2111 4177 dico

500 4210 706 4272 .vobis.
735 4210 839 4267 nisi
874 4210 1237 4266 abundaverit
1284 4212 1501 4279 justitia
1545 4224 1726 4270 vestra
1763 4216 1885 4285 plus
1947 4229 2110 4283 quam

530 4304 854 4359 Scribarum
914 4312 965 4359 et
993 4303 1426 4373 Pharisaeorum,
1459 4323 1569 4362 non
1625 4309 1908 4363 iutrabitis
1939 4307 1992 4361 in
2027 4292 2118 4361 re;

2204 3100 2541 3182 ἀλλήλους,
2589 3114 2784 3180 καθὼς
2829 3113 2945 3183 ἐγὼ
2988 3114 3280 3184 ἠγάπησα
3328 3112 3506 3184 ὑμᾶς,
3544 3114 3647 3167 ἵνα
3702 3114 3804 3167 καὶ

2170 3201 2177 3207 ’
2205 3208 2377 3278 ὑμεῖς
2407 3205 2676 3276 ἀγαπᾶτε
2703 3205 3035 3273 ἀλλήλους.

2274 3300 2472 3363 Καλῶς
2500 3317 2557 3351 τε
2582 3300 2677 3353 καὶ¹
2705 3298 2926 3369 ἀληθῶς
2953 3301 2982 3352 6
3004 3298 3292 3363 θεσπέσιος
3323 3300 3525 3370 γράφει
3542 3298 3761 3362 Παῦλος
3781 3315 3800 3332 ο

2211 3413 2229 3443 ι
2243 3393 2404 3445 Ὥστε
2422 3391 2556 3456 εἴτις
2575 3394 2631 3444 ὲν
2653 3389 2897 3462 Χριστῷ,
2917 3391 3081 3462 καινὴ
3109 3391 3289 3455 κτίσις
3309 3409 3324 3424 ·
3342 3392 3411 3446 τά
3431 3394 3637 3464 ἀρχαῖα
3663 3411 3809 3458 παρ-

2205 3482 2392 3554 ῆλθεν,
2415 3483 2523 3536 ἰδοὺ
2554 3483 2744 3551 γέγονε
2769 3481 2839 3535 τὰ
2857 3482 3034 3536 πάντα
3059 3484 3245 3537 καινά.
3262 3504 3280 3534 ι
3302 3484 3667 3547 Ἀνακαινίζει
3694 3485 3808 3555 γὰρ

2205 3577 2376 3646 ἡμᾶς,
2404 3575 2499 3629 καὶ
2526 3574 2855 3628 ἀναπλάττει
2900 3574 3104 3645 τρόπον
3155 3574 3276 3629 τινὰ
3317 3574 3456 3646 πρὸς
3506 3574 3806 3646 καινότητα

2209 3664 2376 3734 ζωῆς,
2426 3663 2626 3733 ἀστιϐῆ
2671 3663 2728 3716 δὲ
2785 3662 2879 3716 καὶ
2935 3665 3050 3726 τοῖς
3095 3662 3277 3725 ἄλλοις
3325 3664 3385 3716 οὑ
3432 3665 3807 3736 τετριμμένην

2209 3756 2354 3818 ὅσοις
2382 3755 2443 3809 τὺ
2490 3756 2548 3808 ὲν
2595 3754 2749 3824 νόμῳ
2788 3754 3171 3809 πολιτεύεσθαι
3199 3755 3387 3823 φίλον,
3422 3756 3517 3809 καὶ
3549 3759 3675 3821 ταῖς
3716 3758 3804 3811 διά

2209 3845 2454 3908 Μωσέως
2510 3845 2899 3916 προσεδρεύειν
2951 3845 3215 3922 ἐντολαῖς.
3253 3846 3463 3899 Τελειοῖ
3501 3847 3601 3916 μὲν
3637 3846 3751 3918 γὰρ
3776 3850 3802 3901 6

2210 3938 2374 4005 νόμοι⁹
2405 3937 2579 4001 οὐδὲν,
2617 3937 2758 3991 κατὰ
2788 3938 2850 3991 τὸ
2881 3938 3268 4010 γεγραμμένον
3290 3956 3306 3971 ο
3337 3937 3710 4010 πληρέστατον
3746 3940 3800 3993 δὲ

2210 4027 2311 4097 τῆς
2341 4028 2423 4097 εἰς
2453 4027 2585 4081 Θείιν
2632 4029 2914 4092 εὑσεϐείας
2935 4029 3308 4100 τδ“μέτρον“ὲν
3332 4031 3446 4093 τοῖς
3491 4028 3586 4082 τοῦ
3613 4029 3797 4100 Σωτῆσ

2216 4136 2307 4191 ρος
2337 4118 2498 4191 ἡμῶν
2526 4121 2735 4175 κατίδοι
2772 4138 2856 4185 τις
2892 4120 2959 4175 ἂν
2986 4120 3340 4191 διατάγμασι.
3374 4120 3475 4174 Διά
3506 4120 3615 4192 γὰρ
3644 4121 3802 4174 τοῦτο

2213 4213 2309 4267 καὶ
2346 4212 2508 4277 αὑτός
2556 4229 2660 4266 που
2711 4212 2847 4283 πρὸς
2875 4214 3024 4283 ἡμᾶς
3071 4205 3176 4266 ὧδέ
3226 4215 3302 4284 πή
3332 4229 3528 4284 φησιν·
3554 4198 3581 4264 ἰ
3607 4213 3800 4285 Ἀμὴν,

2215 4301 2364 4373 ἀμὴν
2407 4301 2552 4369 λέγω
2584 4302 2733 4371 ὑμῖν,
2779 4300 2876 4353 ἐὰν
2917 4300 2993 4371 μὴ
3044 4302 3446 4373 περισσεύσῃή
3486 4302 3800 4372 δικαιοσύνη

527 4411 694 4467 gnum
723 4396 887 4466 750
913 4398 1177 4451 caelorum
1205 4399 1269 4452 ¹⁸.
1306 4418 1324 4451 ι
1364 4398 1483 4453 Νοιι
1517 4400 1661 4454 enim
1699 4397 1902 4453 ludatis
1932 4413 2101 4452 morct

2216 4393 2372 4464 ὑμῶν
2400 4395 2581 4447 πλεῖον
2606 4392 2717 4444 τῶν
2744 4391 3125 4463 Γραμματέων
3148 4393 3244 4445 καὶ
3271 4394 3601 4465 Φαρισαίων,
3636 4395 3698 4447 οὑ
3729 4396 3803 4465 μὴ

532 4504 597 4542 ac
626 4489 764 4544 ritus
796 4504 929 4543 suos
957 4491 1286 4559 invidemus,
1330 4494 1443 4547 imo
1474 4493 1580 4548 nisi
1636 4492 1838 4563 oppido
1887 4492 2114 4562 legalem

525 4580 802 4650 justitiam
860 4585 1236 4654 praetergressi
1289 4583 1605 4648 fuerimus,
1662 4598 1941 4653 nunquam
1998 4599 2116 4636 mea

531 4673 808 4726 sententia
841 4674 892 4726 in
930 4690 1160 4745 regnum
1192 4676 1459 4730 cmlorum
1494 4676 1892 4748 ingrediantur.
1926 4673 2117 4744 Neque

531 4771 712 4821 tamen
755 4780 949 4819 vanam
985 4782 1219 4836 prorsus
1252 4784 1315 4823 ac
1344 4767 1594 4822 inutilem
1624 4783 1748 4822 esse
1773 4768 1948 4836 legem
2000 4765 2115 4819 Mo-

535 4857 742 4911 saicam
796 4859 1140 4915 statuimus:
1181 4862 1402 4914 tametsi
1461 4859 1610 4913 enim
1680 4860 1887 4913 bonum
1954 4857 2117 4913 nobis

535 4946 741 5000 invexit
803 4948 985 5002 minus
1056 4964 1190 5002 sane
1265 4948 1551 5018 perfecte,
1604 4958 1981 5002 verumtamen
2048 4947 2114 5001 ad

534 5039 865 5110 evangelica:
928 5042 1369 5097 conversationis
1427 5040 1780 5109 disciplinam
1851 5040 2116 5108 magistra

536 5129 699 5185 nobis
746 5133 982 5195 exstitit,
1036 5140 1091 5187 et
1126 5147 1223 5199 per
1252 5131 1545 5201 aenigmata
1600 5146 1665 5185 ac
1715 5131 1920 5201 ﬁguras
1975 5145 2118 5187 vera:

488 5296 491 5299 γ
536 5220 755 5290 pietatis
790 5221 1058 5277 inducens
1113 5221 1434 5290 imaginem,
1465 5223 1672 5276 nostris
1708 5222 2117 5292 quodammodo

539 5311 817 5367 mentibus
863 5313 1134 5368 doctrina:
1162 5310 1494 5366 Christianae
1526 5311 1775 5366 umbram
1824 5310 2121 5381 impressit.

537 5401 810 5468 Quocirca
846 5411 901 5459 et
931 5405 1050 5474 ipse
1078 5402 1293 5457 aiebat:
1347 5421 1366 5455 ι
1404 5402 1540 5459 Dico
1572 5404 1718 5459 enim
1773 5405 1952 5466 vobis.
1989 5406 2118 5474 quia

541 5493 725 5547 omnis
754 5493 937 5548 scriba
972 5493 1172 5550 doctus
1199 5493 1255 5548 in
1287 5509 1457 5566 regno
1484 5496 1754 5552 coalorum
1786 5496 1989 5552 similis
2029 5506 2118 5552 cst

615 5669 657 5701 ⁸⁸
696 5667 734 5722 ll
771 5668 899 5723 Cor.
934 5686 986 5731 ν.
1030 5670 1114 5724 I7.
1198 5674 1239 5704 "’
1281 5672 1443 5730 llcbr.
1483 5692 1589 5740 vlt,
1632 5675 1695 5730 19

2216 4484 2497 4553 εἰσέλθητε
2538 4486 2619 4548 εἰς
2648 4485 2749 4555 τὴν
2774 4483 3064 4554 βασιλείαν
3092 4483 3200 4547 τῶν
3229 4485 3498 4557 οὑρανῶν.
3538 4505 3556 4538 ι
3585 4489 3659 4540 Οὑ
3693 4488 3803 4557 γὰρ

2217 4580 2330 4640 τοῖς
2371 4575 2638 4630 Ἰουδαίων
2683 4575 3044 4647 ἀμιλλώμεθα
3084 4576 3342 4647 τρόποις,
3373 4577 3494 4631 ἀλλ’
3521 4580 3569 4631 εί
3606 4578 3682 4649 μὴ
3711 4579 3805 4633 καὶ

2219 4672 2423 4740 σφόδρα
2471 4670 2932 4742 παραδράμοιμεν
2966 4670 3067 4739 τὴν
3122 4671 3181 4724 ὲν
3215 4671 3367 4742 νόμῳ
3413 4671 3765 4741 δικαιοσύνην
3790 4713 3805 4736 ,

2217 4762 2318 4815 οὑκ
2348 4760 2414 4814 ἂν
2443 4755 2598 4826 οἶμαί
2630 4777 2759 4814 ποτε
2799 4760 2935 4831 πρὸς
2966 4762 3066 4832 τὴν
3097 4764 3206 4814 τῶν
3231 4761 3478 4831 οὐρανῶν
3502 4761 3808 4815 είσελάσειν

2216 4850 2364 4921 ἡμᾶς
2395 4848 2693 4919 βασιλείαν.
2738 4851 2849 4904 Καὶ
2883 4851 2982 4920 οὑχ
3031 4852 3107 4914 ὼς
3138 4851 3410 4923 ἄχρηστον
3468 4853 3805 4924 παντελῶςῆ

2215 4943 2475 5014 ἀνόνητον
2519 4943 2611 4996 τὸν
2653 4942 2741 4996 διὰ
2778 4944 3025 5007 Μωσέως
3058 4940 3199 4998 εἶναι
3237 4944 3584 5016 διοριζόμεθα
3608 4947 3801 5017 νόμον·

2215 5036 2566 5106 είσκεκόμικε
2592 5035 2701 5107 γὰρ
2724 5038 2881 5107 ἡμῖν,
2908 5037 2956 5089 εί
2995 5038 3091 5090 καὶ⁵
3120 5038 3194 5107 μὴ
3232 5036 3478 5103 τελείως,
3504 5037 3566 5090 τὸ
3583 5039 3803 5106 ἀγαθόν,

2214 5126 2329 5180 ἀλλ’
2358 5124 2453 5180 οὖν
2477 5144 2540 5195 γε
2572 5127 2922 5196 παιδαγωγὸς
2949 5128 3043 5181 ἐπὶ
3071 5129 3170 5200 τὴν
3192 5132 3288 5201 τῆς
3321 5128 3687 5200 εὑαγγελικῆς
3720 5147 3807 5182 πο.

2223 5218 2428 5283 λιτείας
2470 5222 2787 5292 εὑρίσκεται
2839 5222 3096 5292 μάθησιν,
3129 5224 3222 5276 καὶ
3258 5224 3325 5277 δι’
3354 5224 3693 5294 αἰνιγμάτων
3718 5223 3806 5276 καὶ

2231 5313 2419 5368 τύπων
2446 5316 2631 5368 εἰκόνα
2664 5317 2763 5387 τῆς
2793 5315 3027 5386 ἀληθοῦς
3073 5316 3358 5381 εὐσεϐείας
3394 5297 3696 5389 εἰσφέρων,
3722 5317 3803 5369 ἐν·

2227 5406 2462 5477 εχάραξέ
2510 5425 2627 5471 πως
2676 5410 2796 5472 ταῖς
2823 5408 3408 5478 ήμετέραιςδιανοίαις
3433 5410 3532 5480 τῆς
3555 5409 3646 5463 διὰ
3672 5409 3803 5479 Χρι·

2226 5497 2352 5551 στοῦ
2402 5499 2741 5563 παιδεύσεως
2783 5498 2883 5569 τὴν
2924 5499 3100 5555 σκιάν.
3146 5501 3245 5555 Διά
3283 5502 3392 5574 γάρ
3424 5518 3507 5556 τοι
3530 5499 3688 5555 τοῦτο
3717 5500 3803 5554 καὶ

1802 5676 1846 5706 ’⁸
1891 5675 2080 5732 Matth.
2119 5694 2170 5742 v,
2208 5677 2299 5732 9.0.
