3992 6316
591 327 703 385 163

1559 331 1617 388 s.
1645 327 1924 388 CYRILLI
1960 296 2784 387 ALEXANDRINI‘ARCHIEP.

3742 329 3847 389 164

595 461 816 501 mouent
856 445 1227 515 proferamus,
1267 445 1590 513 pertulisset
1628 463 1640 498 :
1689 444 1783 498 sed
1818 458 1992 512 neque
2021 443 2174 498 dives

2280 446 2642 507 ταπείνωσιν,
2691 441 2799 496 οὐδ’
2845 443 2911 496 ἀν
2966 444 3173 513 ὑπέστη
3231 443 3426 514 πικρὸν
3478 441 3652 504 οὓτως
3707 442 3850 513 ὑπὲρ

593 545 721 593 ctnn
753 548 910 592 esset
959 552 1166 605 pauper
1217 537 1332 590 ﬁeri
1373 539 1667 599 voluisset,
1719 537 1826 591 nisi
1865 552 1966 590 nos
1998 534 2176 603 magis

597 630 878 683 dilexisset
919 641 1086 696 quam
1134 629 1400 696 seipsum.
1444 627 1737 682 lnauditus
1769 629 1952 696 itaque
1983 641 2046 679 ac
2077 642 2178 679 no-

598 734 698 774 vus
733 726 816 772 est
847 718 1013 785 hujus
1053 717 1371 772 dilectionis
1409 718 1624 772 modus.
1678 717 1757 770 lta
1803 729 1856 771 et
1907 732 2008 771 nos
2035 715 2176 769 allici

591 811 768 878 jubet,
805 808 940 862 nihil
989 811 1142 878 prius
1191 810 1418 862 omnino
1465 808 1762 862 dilectione
1793 823 1925 877 erga
1979 807 2176 860 fratres

595 901 886 965 habentes,
911 917 1017 955 non
1043 902 1294 971 gloriam,
1322 917 1428 954 non
1463 901 1704 964 divitias,
1733 902 1824 954 sed
1847 917 1944 953 nec
1977 900 2173 968 ipsam,

595 995 641 1047 si
667 1008 754 1046 res
783 994 856 1046 ita
886 993 1045 1058 ferat,
1083 994 1336 1062 corporis
1380 1003 1613 1046 mortem
1656 1002 1912 1061 oppetere
1946 993 2171 1054 veritos,

596 1098 656 1139 ttt
699 1086 934 1156 proximi
974 1087 1250 1160 lucremur
1284 1085 1517 1139 salutem
1567 1101 1580 1136 :
1631 1084 1776 1153 quod
1821 1088 1990 1142 etiam
2035 1085 2176 1136 lece-

593 1188 728 1231 runt
798 1178 940 1232 beati
989 1176 1300 1231 SerVatoris
1337 1177 1514 1230 nostri
1561 1176 1837 1245 discipuli,
1874 1191 1925 1230 et
1956 1177 2047 1244 qui
2080 1194 2174 1229 co-

595 1281 717 1321 rum
748 1268 980 1337 veStigia
1007 1279 1138 1321 sunt
1167 1268 1366 1331 secuti,
1400 1269 1492 1336 qui
1521 1267 1754 1320 aliorum
1788 1270 2016 1322 salutem
2051 1269 2176 1323 vitte

596 1374 710 1413 sua:
739 1360 1124 1428 praetulerunt,
1170 1360 1492 1428 nullumque
1547 1359 1788 1414 laborem
1823 1368 2173 1422 recusarunt,

595 1448 843 1516 adeoque
879 1458 1122 1502 extrema
1157 1449 1344 1502 subire
1373 1449 1513 1501 mala
1561 1465 1669 1502 non
1703 1449 1978 1518 dedignati
2023 1461 2173 1514 sunt,

599 1548 656 1591 ut
684 1541 1031 1608 pereuntium
1057 1540 1269 1594 animas
1295 1549 1602 1594 servarent.
1645 1539 1795 1594 Unde
1826 1534 2031 1595 Paulus
2063 1557 2176 1594 mo-

595 1631 688 1695 do,
749 1650 767 1682 ι
807 1629 1068 1696 Quotidie
1121 1633 1366 1696 morior,
1401 1651 1420 1682 ι
1476 1631 1657 1700 inquit
1699 1633 1780 1695 ";
1815 1635 1976 1684 modo
2007 1649 2172 1685 vero:

599 1737 617 1768 ι
661 1720 795 1784 Quis
829 1721 1163 1784 inﬁrmatur,
1197 1730 1251 1775 et
1273 1736 1374 1791 ego
1396 1737 1507 1774 non
1540 1721 1826 1774 inﬁrtnor?
1849 1722 1984 1786 Quis
2016 1739 2174 1776 scan-

2278 535 2434 606 ἡμῶν
2466 535 2559 587 τὸν
2607 537 2706 604 τῆς
2766 536 2967 606 σαρκὸς
3019 537 3282 598 θάνατον.
3337 536 3446 588 οὐδ’
3477 535 3542 588 ἀν
3591 535 3853 605 ἠνέσχετο

2279 627 2639 697 ραπισμάτων
2678 624 3006 690 Ἰουδαϊκῶν,
3034 625 3317 698 αίσχύνης,
3344 627 3438 680 καὶ
3468 626 3725 694 γέλωτος,
3755 631 3849 681 καὶ

2275 717 2384 769 τῶν
2417 717 2594 770 ἄλλων
2629 717 2903 778 ἁπάντων,
2939 717 3025 769 ἵνα
3069 718 3142 787 μὴ
3183 718 3388 769 ἕκαστα
3425 715 3536 768 τῶν
3578 719 3657 782 είς
3687 718 3851 772 αὐτὸν

2276 810 2581 876 γεγονότων
2651 806 3145 882 ἐξαριθμούμενοι,
3201 807 3339 877 πρὸς
3399 807 3705 877 ἀπέραντον
3760 815 3853 861 τδν

2235 903 2239 908 ’
2275 901 2433 968 λόγον
2462 901 2796 969 ἐκτείνωμεν
2821 914 2834 928 ⁸
2871 900 2983 952 ἀλλ’
3008 899 3115 951 οὐδ’
3155 899 3220 952 ἀν
3250 899 3563 968 ἐπτώχευσε
3599 897 3850 963 πλούσιος

2275 990 2372 1056 ὢν,
2411 993 2459 1044 εἰ
2503 990 2577 1061 μὴ
2606 992 2738 1043 πολύ
2768 990 2888 1042 λίαν
2932 991 3222 1059 ἠγάπησεν
3269 993 3416 1060 ἡμᾶς
3459 991 3598 1060 ὑπὲρ
3637 993 3849 1043 ἑαυτόν.

2275 1079 2433 1134 Ξένον
2464 1079 2556 1133 οὖν
2605 1081 2716 1152 ἄρα
2757 1085 2856 1152 τῆς
2901 1083 3122 1151 ἀγάπης
3183 1083 3243 1134 τὺ
3292 1080 3506 1152 μέτρον.
3544 1081 3704 1134 Οῦτω
3756 1085 3851 1134 καὶ

2275 1175 2423 1243 ἡμᾶς
2463 1173 2772 1227 διακεῖσθαι
2807 1175 3020 1227 κελεύει
3043 1217 3057 1241 ,
3106 1175 3256 1227 οὐδὲν
3285 1176 3420 1238 ὅλως
3452 1176 3550 1246 τῆς
3594 1176 3674 1236 εἰς
3703 1175 3846 1226 ἀδελ-

2277 1267 2409 1332 φοὺς
2459 1267 2810 1335 προτιθέντας
2860 1268 3113 1336 ἀγάπης,
3163 1268 3224 1319 οὐ
3270 1267 3458 1332 δόξαν,
3505 1268 3565 1319 οὐ
3597 1266 3849 1330 πλοῦτον,

2277 1357 2391 1410 ἀλλ’
2421 1358 2545 1410 οὐδὲ
2579 1358 2875 1422 ὀκνοῦντας
2915 1360 3010 1412 καὶ
3055 1363 3134 1421 εἰς
3167 1358 3349 1422 αὐτὸν,
3381 1359 3426 1410 εί
3460 1357 3592 1419 δέοι,
3632 1357 3726 1409 τὸν
3756 1356 3853 1426 τῆς

2277 1449 2481 1518 σαρκὸς
2511 1451 2820 1517 καταϐῆναι
2851 1450 3114 1513 θάνατον,
3155 1449 3242 1502 ἵνα
3272 1450 3370 1518 τὴν
3404 1448 3496 1500 τοῦ
3545 1448 3713 1508 πέλας
3749 1461 3851 1498 σω-

2274 1541 2470 1610 τηρίαν
2517 1541 3015 1610 άποκερδάνωμεν’
3066 1541 3094 1592 ὃ
3148 1539 3212 1609 δὴ
3264 1540 3359 1592 καὶ
3397 1539 3747 1608 πεπράκασιν
3804 1538 3853 1588 οἱ

2280 1633 2540 1702 μακάριοι
2566 1633 2666 1698 τοῦ
2701 1633 2953 1702 Σωτῆρος
3000 1632 3154 1702 ἡμῶν
3203 1632 3468 1701 μαθηταὶ,
3501 1631 3594 1682 καὶ
3645 1631 3697 1681 0i
3743 1632 3854 1690 τοῖς

2277 1725 2502 1778 ἐκείνων
2529 1725 2729 1794 ἴχνεσιν
2754 1723 3242 1792 ἀκολουθήσαντες,
3279 1725 3500 1792 ἄμεινον
3523 1721 3621 1789 τῆς
3643 1720 3851 1781 οἰκείας

594 1812 886 1875 dalizatur,
917 1823 973 1867 et
1015 1829 1116 1884 ego
1160 1829 1270 1868 non
1315 1829 1447 1867 uror
1474 1814 1561 1866 '5?
1597 1832 1614 1862 ι
1660 1813 2002 1884 llaueigitur
2042 1815 2172 1868 dile-

2280 1817 2424 1884 ζωῆς
2458 1817 2518 1869 τὺ
2565 1819 2783 1888 ἐτέρους
2819 1815 3088 1880 σώζεσθαι
3128 1815 3507 1884 λογισάμενον,
3540 1814 3634 1866 και
3675 1812 3854 1866 πάντα

592 1907 834 1960 ctionem
874 1907 1030 1976 legali
1080 1909 1253 1960 multo
1292 1907 1555 1974 majorem
1595 1907 2010 1974 perfectissima:
2051 1922 2174 1976 erga

2280 1910 2377 1979 μὲν
2402 1909 2730 1971 ἀνατλάντες
2761 1909 2942 1972 πόνον,
2975 1910 3033 1960 ἐν
3060 1908 3116 1959 δὲ
3146 1911 3256 1970 τοῖς
3287 1906 3536 1976 ἐσχάτοις
3568 1903 3851 1972 γεγονότες

594 1993 765 2049 Deum
799 1999 1018 2066 pietatis
1060 2000 1299 2051 radicem
1344 2000 1523 2053 colere
1561 2014 1662 2053 nos
1704 1998 1962 2052 Senator
1991 2001 2174 2068 jussit,

2280 2005 2505 2066 κακοῖς,
2566 2003 2650 2054 ἵνα
2709 2003 2808 2063 τὰς
2867 2001 2975 2053 τῶν
3043 2001 3431 2070 ἀπολλυμένων
3485 1995 3852 2069 περισώσειαν

595 2087 830 2155 ideoque
873 2102 999 2140 cum
1055 2090 1226 2141 sciret
1277 2103 1384 2140 non
1431 2089 1592 2142 aliter
1646 2105 1748 2143 nos
1803 2091 1981 2143 claros
2031 2091 2174 2159 apud

2280 2094 2468 2163 ψυχάς.
2501 2093 2610 2145 Καὶ
2631 2091 2762 2159 γοῦν
2785 2094 2812 2144 ό
2835 2093 3044 2155 Παῦλός
3065 2109 3220 2160 φησι,
3248 2091 3376 2144 ποτὲ
3404 2090 3523 2160 μὲν,
3549 2089 3630 2140 ὅτι
3666 2105 3685 2137 r
3719 2085 3853 2138 Καθ’

595 2176 764 2232 Deum
792 2179 930 2244 l‘ore,
960 2188 1014 2233 et
1051 2180 1364 2234 dilectionis
1392 2180 1458 2234 ab
1484 2181 1604 2249 ipso
1637 2181 1690 2233 in
1732 2197 1834 2235 nos
1865 2192 2174 2250 propagata:

2280 2185 2485 2256 ἡμέραν
2511 2184 2860 2255 ἀποθνήσκω,
2902 2203 2920 2236 ι
2955 2186 3081 2238 ποτέ
3121 2186 3174 2237 δέ
3203 2186 3388 2246 πάλιν,
3425 2202 3441 2232 ι
3481 2183 3577 2244 Τίς
3615 2179 3851 2242 ἀσθενεῖ,

595 2270 876 2336 sequendo
914 2273 1381 2339 pulchritudinem
1431 2287 1629 2342 magna
1662 2281 1715 2327 et
1747 2274 1990 2343 perfecta
2029 2275 2172 2328 bona

2280 2279 2372 2330 καὶ
2411 2279 2510 2330 οὐκ
2544 2277 2782 2340 ἀσθενῶ;
2839 2278 2933 2340 Τίς
2963 2277 3408 2339 σκανδαλίζεται.
3458 2276 3550 2348 καὶ
3597 2273 3699 2326 οὐκ
3748 2269 3856 2337 ἐγὼ

591 2371 1018 2416 (ξυιιεθοιιιυωε.

2283 2369 2592 2438 πυροῦμαι;
2648 2387 2666 2418 ι
2719 2369 2902 2434 Ῥίζαν
2948 2366 3040 2423 οὖν
3090 2370 3198 2440 ἄρα
3238 2369 3336 2437 τῆς
3379 2367 3725 2434 τελειοτάτης
3777 2366 3856 2425 εἰς

589 2452 726 2504 Θεὸν
779 2454 1062 2506 εὐσέϐειαν
1149 2453 1275 2524 [γρ.
1326 2455 1643 2528 εὐσεϐείας]
1702 2457 1802 2526 τὴν
1857 2458 1998 2528 ὑπὲρ
2047 2458 2206 2528 νόμον
2281 2462 2560 2532 ἀγάπησιν
2606 2461 2945 2528 ἐπιτηδεύειν
2980 2463 3126 2530 ἡμᾶς
3168 2463 3196 2513 ὁ
3239 2459 3428 2530 Σωτὴρ
3456 2457 3852 2512 διεκελεύσατο.

589 2544 884 2615 ταύτῃτοι,
939 2547 1032 2597 καὶ
1057 2547 1155 2616 οὐχ
1185 2547 1386 2617 ἑτέρως
1416 2548 1570 2610 εἰδὼς
1597 2550 2000 2618 δοκιμωτάτους
2048 2551 2266 2605 ἔσεσθαι
2299 2555 2449 2622 ποιρά
2496 2554 2572 2624 τῷ
2621 2554 2774 2623 Θεῷ,
2809 2611 2812 2616 _
2846 2555 2938 2606 καὶ
2998 2553 3101 2622 τῆς
3168 2554 3298 2622 παρ’
3339 2550 3506 2604 αὐτοῦ
3585 2566 3859 2617 πεφυτευ-

594 2637 762 2706 μένης
789 2639 868 2698 ei;
898 2638 1044 2706 ἡμᾶς
1070 2638 1403 2708 ἀγαπήσεως
1434 2641 1849 2710 ίχνηλατοῦντας
1897 2642 1955 2693 τὸ
2004 2643 2196 2706 κάλλος
2237 2647 2296 2696 ἐν
2337 2647 2593 2714 μεγάλοις
2625 2648 2841 2699 ἔσεσθαι
2881 2649 2972 2698 καὶ
3008 2647 3232 2708 τελείοις
3261 2645 3504 2712 ἀγαθοῖς.

663 2730 824 2799 752
867 2729 1014 2792 Xlll,
1076 2731 1165 2783 55'.
1206 2730 1271 2783 In
1317 2732 1414 2785 hoc
1468 2747 1777 2803 cognoscent
1831 2752 2007 2788 omnes
2051 2737 2175 2804 quia

587 2824 843 2890 discipuli
876 2825 975 2877 mei
1003 2827 1131 2877 estis
1154 2864 1168 2888 ,
1207 2825 1254 2877 si
1286 2825 1621 2880 dilectionem
1657 2827 1953 2882 habueritis
1987 2831 2055 2881 ad
2095 2830 2178 2880 in-

589 2917 774 2968 uicem.

662 3007 912 3076 Signum,
949 3007 1146 3077 inquit,
1180 3010 1553 3064 certissimum
1595 3021 1651 3066 et
1680 3011 2044 3065 indubitatum
2074 3012 2181 3066 erit

2359 2739 2456 2791 Ἐν
2485 2741 2676 2803 τούτῳ
2699 2740 3035 2808 γνώσονται
3070 2738 3293 2803 πάντες
3325 2737 3414 2789 ὅτι
3443 2736 3568 2805 ἐμοὶ
3594 2735 3860 2805 μαθηταί

2274 2831 2435 2895 ἐστε,
2476 2831 2585 2884 ἐὰν
2611 2831 2879 2901 ἀγαπᾶτε
2915 2829 3251 2898 ἀλλήλους.

2350 3013 2678 3085 Γνώρισμα,
2723 3013 2888 3084 φησιν
2914 3052 2928 3076 ,
2977 3012 3189 3084 ἄμαχόν
3239 3029 3298 3064 τε
3341 3015 3435 3065 καὶ
3479 3011 3856 3082 ἀναμφίλογον

589 3113 692 3152 vos
721 3112 871 3151 meos
893 3112 1016 3151 esse
1058 3099 1394 3168 discipulos,
1428 3103 1499 3163 si,
1543 3111 1810 3172 quantum
1853 3113 2047 3155 natura
2083 3118 2174 3156 ve-

2281 3108 2398 3169 ταῖς
2423 3106 2630 3158 ἐαυτῶν
2651 3106 2980 3176 ἐπιγράψετε
3011 3104 3274 3172 κεφαλαῖς
3312 3103 3369 3156 τὺ
3399 3120 3462 3172 με
3475 3103 3859 3173 μαθητεῦσθαι

592 3196 706 3242 stra
759 3197 814 3242 et
868 3188 1230 3244 humanitatis
1277 3193 1524 3245 conditio
1555 3209 1760 3263 capere
1804 3203 2011 3262 potest,
2046 3210 2180 3248 mea:

591 3281 717 3334 vita-
745 3281 976 3350 vestigia
1023 3284 1352 3349 sequamini,
1391 3295 1448 3336 ut
1485 3286 1558 3336 ita
1588 3300 1617 3336 a
1654 3293 1858 3338 mutth
1890 3286 2179 3339 eharitatis

591 3376 813 3429 vinculo
853 3392 962 3429 non
1017 3377 1435 3446 disjungamini,
1475 3387 1529 3430 et
1579 3378 1806 3432 alterius
1846 3379 1899 3430 in
1941 3380 2177 3432 alterum

593 3483 782 3522 amore
824 3483 888 3521 ac
929 3477 1133 3521 mutum
1177 3468 1492 3524 dilectionis
1537 3469 1960 3538 incomparabili
2007 3473 2179 3540 gloria

595 3559 758 3613 simul
797 3567 943 3612 recte
989 3559 1388 3613 consociemini
1426 3577 1439 3613 ε
1480 3559 1533 3612 id
1577 3561 1723 3613 enim
1768 3562 2016 3629 magistri
2059 3563 2176 3631 glo-

592 3653 730 3705 riam
773 3658 1031 3705 accurate
1067 3649 1226 3704 vobis
1258 3651 1549 3719 exprimet.
1587 3648 1691 3705 Sed
1739 3662 1949 3720 quaeret
1992 3652 2176 3707 forsan

592 3745 794 3813 aliquis
827 3744 1186 3812 quamobrem
1217 3742 1459 3797 eharitas
1499 3743 1715 3812 signum
1750 3743 1820 3797 sit
1860 3743 1926 3796 ad
1963 3745 2176 3798 discer-

591 3836 832 3891 nendum
887 3835 1093 3890 Christi
1161 3833 1532 3901 discipulum,
1589 3841 1642 3886 et
1697 3834 1751 3886 in
1799 3849 1864 3886 eo
1907 3835 2174 3890 virtutum

592 3928 840 3981 omnium
875 3940 1047 3994 genus
1085 3925 1362 3977 eluccscat
1406 3939 1513 3976 non
1548 3924 1730 3977 studio
1758 3935 2172 3993 comparatum,

595 4035 774 4088 neque
803 4019 988 4070 labore
1035 4027 1087 4069 et
1120 4015 1462 4080 assiduitate,
1503 4016 1644 4070 sicut
1679 4017 1730 4068 in
1778 4017 1999 4071 homine
2023 4034 2176 4071 com-

594 4112 957 4182 prehensum,
1009 4107 1102 4162 sed
1171 4109 1502 4162 naturaliter
1550 4109 1598 4162 ei
1660 4109 1908 4163 insitum.
1971 4108 2176 4163 Divinze

595 4202 807 4272 quip’pe
867 4211 1083 4255 natura!
1118 4201 1356 4253 maxime
1410 4184 1679 4270 propria,
1737 4202 1901 4270 eique
1957 4203 2176 4270 proni-ie

597 4307 662 4346 ac
723 4306 851 4345 vere
899 4291 1090 4344 insunt
1129 4306 1249 4360 qua:
1286 4305 1507 4345 omnem
1539 4290 1970 4345 admirationem
2016 4293 2175 4359 longe

599 4392 888 4452 superant.
949 4381 1250 4446 Prmelare,
1295 4383 1550 4451 inquam,
1610 4397 1644 4434 ο
1709 4381 1895 4435 bone:
1956 4382 2175 4435 fructus

594 4479 740 4532 enim
809 4489 1085 4545 suprema:
1147 4475 1476 4528 substantia:
1533 4482 1662 4528 sunt
1729 4488 1792 4525 ea
1859 4487 1981 4542 qua:
2041 4487 2166 4541 pro-

595 4571 716 4640 prie
747 4583 810 4622 ac
846 4583 972 4622 vere
996 4567 1044 4621 ei
1080 4575 1276 4620 natura
1309 4566 1519 4620 insunt.
1572 4565 1677 4618 Sed
1711 4566 1755 4618 si
1794 4581 1907 4618 rem
1942 4566 2171 4634 propius

595 4658 945 4720 consideres,
977 4659 1164 4712 videre
1197 4657 1322 4711 licet
1351 4657 1568 4710 virtutis
1603 4672 1774 4725 genus
1803 4671 1966 4709 omne
1997 4656 2180 4708 chari—

596 4752 697 4805 tati
751 4750 1095 4820 complendzc
1151 4755 1381 4813 servire,
1448 4757 1503 4803 et
1553 4748 1929 4817 quodcunque
1974 4747 2178 4801 bonum

596 4843 804 4911 agitur,
836 4842 902 4893 ad
936 4856 1054 4894 cam
1081 4848 1336 4909 spectare
1389 4854 1454 4892 ac
1488 4838 1733 4892 tendere.
1782 4835 2018 4906 Ideoque
2061 4838 2180 4890 exi-

599 4933 774 4984 mium
816 4931 1039 5000 quidem
1081 4941 1146 4982 ac
1192 4930 1433 4998 primum
1467 4927 1770 4982 secundum
1819 4927 1992 4995 legem
2028 4942 2182 4979 matt-

594 5024 783 5077 datutn
811 5034 916 5089 est,
937 5023 1172 5092 diligere
1203 5021 1496 5075 Dominum
1529 5019 1696 5073 Deum
1727 5034 1794 5072 ex
1825 5027 1938 5072 tota
1965 5019 2170 5083 anima,

590 5122 644 5168 et
672 5128 738 5167 et
770 5121 888 5166 toto
917 5114 1106 5177 corde,
1145 5122 1199 5167 et
1223 5128 1288 5164 ex
1322 5119 1436 5163 tota
1473 5117 1654 5162 mente
1683 5127 1696 5174 ;
1739 5111 1972 5162 alterum
2002 5112 2052 5163 ei
2081 5124 2174 5163 co-

587 5218 818 5276 gnatum
854 5223 919 5261 ac
951 5209 1222 5272 vicinum,
1282 5206 1514 5271 diligere
1568 5204 1901 5271 proximum,
1953 5204 2009 5256 in
2063 5219 2172 5272 quo

591 5299 732 5368 Eegis
761 5301 1022 5354 consistit
1066 5299 1248 5352 omnis
1290 5293 1574 5364 perfectio.
1629 5292 1778 5346 Unde
1809 5292 2002 5347 beatus
2031 5293 2171 5347 Pan-

590 5389 679 5443 lus
710 5390 776 5444 ad
826 5406 946 5444 eant
985 5389 1218 5461 proximi
1267 5385 1618 5440 dilectionem
1659 5383 1973 5437 universum
2010 5400 2165 5437 tuan-

587 5478 776 5532 datum
826 5493 1120 5541 revoeans,
1159 5475 1356 5530 scribit
1401 5491 1413 5525 :
1452 5491 1470 5522 ι
1530 5470 1740 5525 Etenim
1795 5473 1926 5526 illud
1971 5492 1984 5526 :
2047 5471 2165 5528 Non

588 5571 994 5631 maecliaberis,
1043 5569 1158 5620 Non
1217 5563 1458 5630 occides,
1497 5561 1617 5616 Non
1672 5563 1966 5633 pejerahis,
2008 5575 2061 5618 et
2117 5567 2162 5620 si

657 5747 703 5777 "‘
743 5746 759 5799 1
795 5745 918 5798 Cor.
956 5763 1041 5809 xv,
1077 5746 1165 5798 5|.
1246 5746 1289 5775 "
1330 5745 1371 5797 ll
1403 5748 1527 5800 Cor.
1563 5763 1637 5809 XI,
1686 5745 1772 5797 29.

2283 3198 2409 3264 παρ’
2449 3198 2605 3265 ἐμοὶ,
2653 3199 2700 3249 εἰ
2739 3197 2859 3250 κατ’
2904 3197 3046 3266 ἴχνος
3073 3196 3171 3264 τῆς
3202 3196 3340 3266 ἐμῆς
3373 3194 3656 3262 ἐπείγεσθε
3695 3194 3856 3245 πολι-

2281 3287 2449 3351 τείας,
2491 3289 2632 3340 κατά
2675 3305 2735 3355 γε
2780 3288 2840 3340 τὸ
2872 3287 3147 3358 ἐγχωροῦν
3179 3291 3241 3358 τῇ
3280 3288 3521 3358 ὑμετέρᾳ
3563 3286 3724 3355 φύσει
3760 3286 3862 3340 καὶ

2279 3383 2392 3442 τοῖς
2439 3382 2537 3450 τῆς
2578 3381 2996 3450 ἀνθρωπότητος
3047 3381 3303 3449 μέτροις,
3357 3380 3431 3442 ὡς
3487 3379 3863 3431 ἀδιάσπαστον

2279 3469 2423 3538 ἔχειν
2451 3469 2550 3538 τῆς
2593 3472 2673 3532 είς
2705 3471 2966 3540 ἀλλήλους
3001 3471 3220 3539 ἀγάπης
3253 3471 3343 3522 τὶν
3391 3469 3688 3538 σύνδεσμον
3715 3509 3729 3531 ,
3761 3470 3862 3522 καὶ

2282 3562 2340 3613 ἐν
2375 3561 2626 3632 ἀλλήλοις
2661 3561 3036 3632 συνηρμόσθαι
3082 3561 3283 3624 καλῶς,
3329 3562 3470 3614 κα.τά
3521 3577 3582 3628 γε
3618 3561 3711 3614 τὸν
3757 3563 3864 3628 τῆς

2280 3653 2630 3724 φιλαλληλίας
2653 3653 2810 3720 λόγον
2835 3654 2926 3706 καὶ
2959 3654 3018 3705 τὸ
3051 3656 3114 3705 ὲκ
3143 3654 3240 3723 τῆς
3269 3654 3653 3723 φιλοστοργίας
3684 3653 3862 3721 ἀσύγ-

2279 3761 2464 3812 κριτον
2535 3744 2829 3812 καύχημαο
2867 3744 3024 3794 τοῦτο
3071 3744 3176 3815 γὰρ
3219 3746 3349 3813 ἡμῖν
3397 3745 3643 3813 ἀκριϐὁς
3682 3761 3863 3814 χαρα-

2279 3839 2493 3906 κτηριεῖ
2523 3836 2614 3888 τοῦ
2658 3835 2977 3888 διδασκάλου
3011 3837 3109 3905 τὴν
3149 3836 3326 3902 δόξαν.
3375 3836 3536 3899 Ἀλλ’,
3567 3833 3747 3906 οἶμαι,
3773 3839 3862 3899 τις

2277 3932 2392 3998 ἐρεῖ
2420 3929 2552 3999 πρὸς
2576 3927 2758 3993 τοῦτο,
2795 3928 2888 3979 καὶ
2918 3928 3168 3994 ἀφίξεται
3211 3928 3394 3996 τυχὸν,
3446 3929 3622 3980 ἐκεῖνο
3658 3929 3858 3999 διερω-

2276 4017 2413 4082 τῶν,
2447 4017 2588 4069 διατί
2633 4016 2732 4084 τῆς
2764 4017 2870 4068 ὐπὸ
2904 4016 3127 4087 Χριστῷ
3163 4016 3465 4086 μαθητείας
3498 4017 3531 4086 ή
3560 4017 3754 4085 ἀγάπη
3794 4018 3858 4068 τὸ

2275 4105 2583 4176 γνώρισμα,
2623 4107 2714 4159 καὶ
2759 4107 2818 4159 τὸ
2851 4108 3040 4159 πασῶν
3068 4103 3206 4169 εἶδος
3250 4106 3459 4177 ἀρετῶν
3491 4108 3548 4158 ἐν
3585 4107 3735 4177 αὐτῷ
3771 4108 3855 4160 δι-

2276 4200 2546 4268 εφαίνετο,
2581 4200 2680 4252 οὐκ
2707 4200 2767 4263 ἐξ
2795 4200 3096 4262 ἐπιεικείας
3133 4199 3556 4270 πεπορισμένον,
3585 4200 3699 4252 ἀλλ’
3731 4201 3858 4253 οὐδὲ

2278 4290 2426 4360 πόνῳ
2454 4290 2548 4342 καὶ
2579 4292 2843 4360 προσοχῇ,
2879 4289 3130 4359 καθάπερ
3170 4291 3227 4342 ἐν
3253 4288 3529 4361 ἀνθρώπῳ
3560 4289 3855 4360 συνειλημ-

2281 4383 2462 4451 μένον,
2493 4381 2608 4434 ἀλλ’
2632 4381 2706 4443 ὡς
2743 4383 2808 4450 τῇ
2836 4379 3000 4432 αὐτοῦ
3043 4382 3430 4450 προσπεφυκὸς
3469 4381 3650 4448 φύσει.
3687 4381 3855 4444 Θείας

2279 4476 2387 4540 γάρ
2436 4470 2672 4540 μάλιστα
2706 4468 2920 4536 φύσεως
2963 4468 3090 4529 ἴδια,
3123 4470 3217 4522 καὶ
3249 4470 3387 4540 αὐτῇ
3432 4469 3704 4540 προσόντα
3751 4487 3851 4522 κυ-

2283 4563 2410 4632 ρίως
2443 4579 2500 4614 τε
2528 4562 2621 4614 καὶ
2651 4561 2867 4630 ἀληθῶς
2907 4561 2977 4614 τὰ
3025 4562 3224 4625 παντὸς
3261 4564 3518 4616 ἐπέκεινα
3550 4562 3852 4632 θαύματος.

2280 4652 2390 4703 Καὶ
2426 4649 2534 4720 μὴν
2563 4651 2830 4719 ὀρθότατά
2858 4668 2921 4719 γε
2946 4690 2961 4714 ,
2996 4645 3040 4702 ὦ
3079 4652 3179 4703 τᾶν
3201 4691 3215 4715 ,
3256 4649 3488 4721 ἐροῦμεν
3529 4653 3726 4721 ἡμεῖς,
3762 4653 3856 4703 τὸν

2280 4743 2372 4794 ἐπὶ
2414 4742 2627 4805 τούτοις
2667 4742 2869 4795 ὲποίσω
2902 4742 2960 4794 λό
2975 4759 3055 4810 τον
3081 4759 3095 4773 ο
3129 4742 3339 4813 καρπὸς
3381 4742 3489 4812 γάρ
3528 4742 3720 4805 οὐσίας
3754 4745 3852 4812 τῆς

2279 4835 2572 4901 ἀνωτάτω,
2625 4836 2694 4889 τὰ
2749 4836 2893 4900 ἰδίως
2950 4853 3009 4889 τε
3057 4837 3150 4889 καὶ
3189 4836 3391 4906 κυρίως
3420 4836 3852 4904 προσπεφυκότα

2279 4929 2438 4998 αὐτῇ.
2482 4928 2621 4980 Ἀλλ’
2665 4929 2778 4981 ἔστι
2807 4947 2923 4991 πως
2947 4929 3310 4997 δοκιμάζοντα
3335 4927 3594 4990 κατιδεῖν,
3627 4929 3711 4981 ὃτι
3741 4930 3851 4982 πᾶν

2279 5015 2419 5082 εἶδος
2455 5020 2654 5090 ἀρετῆς
2685 5021 2784 5090 τῆς
2821 5021 3042 5089 ἀγάπης
3080 5019 3716 5088 ἐστὶισυμπληρωτικὺν,
3757 5023 3851 5074 καὶ

2280 5113 2386 5166 πᾶν
2418 5113 2555 5182 ὅπερ
2585 5111 2650 5165 ἂν
2681 5111 2863 5181 δοκοίη
2885 5129 2967 5174 τις
2991 5108 3128 5164 εἷναι
3158 5110 3588 5181 κατορθούμενον
3621 5111 3846 5178 ἀγαθὸν,

2277 5205 2358 5266 είς
2397 5203 2566 5273 αὐτὴν
2615 5204 2718 5272 ὁρᾷ
2763 5221 2878 5266 πως
2927 5205 3019 5256 καὶ
3074 5203 3394 5273 τέτραπται.
3429 5203 3527 5255 Διά
3556 5218 3642 5254 τοι
3695 5202 3847 5256 τοῦτο

2278 5295 2592 5364 προῦχουσα
2625 5295 2722 5364 μὲν
2766 5293 2954 5364 ἐντολὴ
3001 5293 3095 5346 καὶ
3136 5292 3328 5363 πρώτη
3361 5293 3503 5345 κατά
3535 5293 3629 5348 τὸν
3660 5297 3843 5364 νόμον,

2276 5384 2338 5438 τὺ
2371 5386 2593 5455 ἀγαπᾷν
2624 5387 2770 5437 ἐστιν
2815 5384 3019 5455 Κύριον
3057 5385 3148 5437 τὸν
3208 5384 3340 5436 Θεὸν
3371 5383 3430 5450 ἐξ
3463 5383 3592 5454 ὅλης
3619 5385 3722 5455 τῆς
3744 5384 3844 5452 ψυ-

2273 5478 2396 5547 χῆς.
2434 5477 2526 5529 καὶ
2554 5475 2615 5540 ἐξ
2641 5477 2768 5546 ὅλης
2799 5477 2900 5546 τῆς
2941 5477 3188 5546 καρδίας,
3238 5475 3332 5528 κα)⁸
3360 5475 3419 5542 ἐξ
3446 5475 3573 5544 ὅλης
3609 5472 3704 5543 τῆς
3733 5476 3844 5528 δια.

2273 5569 2420 5630 νοίας
2439 5583 2451 5595 ·
2485 5567 2736 5637 δευτέρα,
2768 5569 2859 5621 καὶ
2890 5568 3112 5638 ἀδελφὴ,
3150 5568 3244 5621 καὶ
3271 5573 3467 5635 γείτων
3499 5567 3683 5636 ἐκείνῃ
3713 5566 3842 5636 ἡείς
