3992 6316
124 321 232 376 I65

1159 327 1225 380 ΙΝ
1265 323 1552 380 ,ιοΑΝΝιε
1602 321 2053 380 EVANGELIUM
2108 324 2234 380 LIB.
2277 324 2368 379 IX.

3286 333 3389 388 μθ

117 433 208 484 τὸν
261 430 495 506 πλησίον
525 434 716 506 ἀγάπη
752 434 974 506 σύμπαν
1032 439 1233 508 ἔχουσα
1283 439 1378 492 τοῦ
1431 439 1595 508 νόμου
1644 435 1704 488 τὸ

1813 437 1952 508 quod
1985 438 2132 493 aliud
2155 447 2240 493 est
2261 438 2602 505 mandatum,
2635 440 2692 495 in
2727 439 2834 494 hoc
2861 441 3349 523 comprehenditur
3377 467 3392 502 :

117 524 420 595 πλήρωμα.
476 527 588 579 Καὶ
633 528 764 594 γοῦν
793 530 821 581 ὁ
863 529 1152 600 θεσπέσιος
1191 530 1424 594 Παῦλος,
1457 532 1536 592 είς
1566 530 1699 583 ταύ-

117 631 216 682 την
247 617 826 689 συγκεφαλαιούμενος
867 620 1088 673 ἅπασαν
1118 621 1339 693 ἐντολὴν
1373 621 1696 674 ἐπιστέλλει·

125 726 144 754 ε
178 705 252 758 re
288 707 400 777 γάρ
421 749 435 770 ,
469 709 545 761 Οὐ
575 709 888 780 μοιχεύσεις
912 751 927 776 ,
959 713 1034 764 Οὐ
1079 712 1361 780 φονεύσεις
1384 754 1398 778 ,
1435 713 1550 766 Οὐκ
1578 715 1700 767 ἐπι-

112 797 379 868 ορκήσεις
400 839 415 855 .
465 799 561 852 καὶ
595 803 646 854 εῐ
671 820 756 867 τις
787 803 950 874 ἑτέρα
985 805 1134 858 ἐστιν
1176 805 1398 876 ἐντολὴ,
1440 807 1498 858 ἐν
1529 806 1702 878 τούτῳ

113 885 196 953 τῷ
237 885 388 956 λόγῳ
424 888 954 958 ἀνακεφαλαιοῦται,
997 895 1056 946 ἐν
1093 895 1194 964 τῷ,
1235 896 1566 968 Ἀγαπήσεις
1610 897 1703 950 τὸν

117 975 355 1046 πλησίον
405 994 539 1045 σου,
585 979 662 1042 ὡς
712 983 928 1036 ἑαυτόν.
988 985 1269 1055 Πλήρωμα
1317 982 1410 1039 οῦν
1468 987 1633 1057 νόμου
1668 989 1704 1059 ή

117 1065 334 1137 ἀγάπη.
372 1087 392 1120 ι
433 1068 558 1122 Ὅτι
587 1070 643 1123 δὲ
674 1071 767 1124 καὶ
793 1073 1009 1144 ἀπάσης
1032 1074 1235 1144 ἀρετῆς
1268 1075 1414 1130 ἰδέαν
1437 1075 1567 1130 εἴσω
1592 1077 1703 1131 τῶν

119 1158 339 1211 οἰκείων
393 1160 537 1231 δρων
595 1163 912 1234 ἐποιήσατο,
953 1165 1170 1236 συνέχει
1207 1167 1264 1220 δὲ
1297 1167 1486 1240 ῶσπερ
1533 1171 1704 1238 ἀγκά-

121 1245 237 1309 λαις
266 1247 466 1302 ἐλοῦσα
493 1249 564 1303 τά
590 1250 791 1318 ἀγαθὰ,
829 1251 1036 1316 Παῦλος
1075 1253 1239 1307 πάλιν
1271 1255 1434 1318 αὐτὸς
1460 1257 1488 1310 ό
1528 1255 1704 1325 σοφώ-

120 1353 283 1402 τατος
337 1340 780 1412 ἐπιμαρτυρήσει
838 1343 1019 1413 βοῶνο
1062 1364 1081 1396 ι
1129 1346 1192 1398 Ἠ
1227 1347 1416 1418 ἀγάπη
1463 1349 1523 1400 ού
1571 1366 1705 1418 περ·

123 1426 440 1495 περεύεται,
478 1429 542 1481 οὑ
574 1429 897 1497 φυσιοῦται,
935 1433 1035 1484 ούκ
1078 1434 1414 1505 ἀσχημονεῖ,
1455 1437 1516 1490 οὐ
1550 1435 1705 1507 ζητεί

121 1518 188 1569 τὰ
236 1519 476 1588 ἑαυτῆς,
514 1540 532 1571 ι
579 1523 674 1576 καὶ
728 1523 798 1576 τά
854 1524 1064 1589 τούτοις
1095 1529 1457 1598 συνημμένα·
1494 1532 1707 1604 μακρὸν

122 1609 229 1680 γὰρ
269 1612 447 1665 εἰπεῖν
477 1614 579 1683 τῆς
604 1615 829 1687 ἀγάπης
858 1617 920 1671 τὸ
955 1619 1175 1689 μέτρον.
1215 1622 1426 1686 Ἀλλως
1462 1623 1524 1676 τέ
1562 1641 1704 1696 φημι

122 1701 184 1770 δὴ
213 1701 458 1772 μάλιστα
485 1707 719 1776 πρέπειν
740 1726 799 1761 τε
835 1712 930 1763 καὶ
959 1713 1290 1783 ἐνυπάρχειν
1328 1717 1443 1779 τοῖς
1481 1717 1704 1788 ἀγαπᾷν

1809 548 1827 580 ι
1869 529 2071 600 Diliges
2139 531 2454 601 proximum
2513 539 2667 586 tuum
2729 534 2873 589 sicut
2912 535 3173 604 teipsum.
3220 537 3386 590 Com-

1801 623 2140 692 plementum
2199 623 2388 694 itaque
2421 624 2558 694 legis
2601 633 2686 680 est
2739 625 2985 682 charitas
3040 628 3104 681 ³⁸.
3154 646 3173 678 ι
3230 626 3386 692 Quod

1802 724 1986 770 autem
2019 732 2182 770 omne
2217 717 2440 770 virtutis
2467 732 2642 788 genus
2674 718 2816 771 intra
2848 735 2906 772 se
2933 721 3388 789 comprehendat,

1802 805 2100 874 omniaque
2158 805 2305 860 bona
2377 807 2494 862 suis
2553 807 2962 875 quodammodo
3023 811 3391 878 amplectatur

1815 895 2202 957 nluis,Paulus
2235 899 2351 968 ipse
2381 899 2826 967 sapientissimus
2858 915 3050 954 rursus
3077 903 3389 970 testabitur,

1753 1043 1765 1052 _
1803 989 2098 1044 clamans:
2144 1007 2161 1041 ι
2201 989 2456 1045 Charitas
2487 1007 2598 1044 non
2643 991 2755 1060 agit
2789 1005 3100 1060 perperam,
3148 1007 3259 1046 non
3305 994 3389 1047 in-

1803 1079 1990 1144 ﬂatur,
2029 1096 2139 1135 non
2183 1091 2271 1136 est
2321 1082 2646 1148 ambitiosa,
2695 1097 2806 1136 non
2851 1085 3054 1152 quaerit
3113 1100 3236 1154 qua:
3293 1100 3393 1140 sua

1805 1177 1957 1234 sunt,
2003 1189 2022 1221 ι
2055 1179 2110 1224 et
2143 1187 2267 1241 qua:
2301 1183 2613 1242 sequuntur
2660 1173 2704 1203 ⁸⁷
2735 1191 2748 1224 ;
2795 1173 3012 1242 longum
3065 1178 3210 1227 enim
3247 1182 3395 1228 esset

1806 1270 2014 1330 quanta
2055 1262 2128 1317 sit
2175 1263 2463 1317 cbaritatis
2516 1278 2774 1318 mensura
2827 1265 3080 1317 oratione
3112 1263 3391 1332 persequi.

1803 1350 2076 1407 Caaterum
2107 1355 2405 1408 convenire
2433 1355 2677 1408 maxime
2727 1354 2794 1407 iis
2838 1353 2964 1408 dico
3006 1354 3101 1423 qui
3136 1355 3395 1407 omnibus

1805 1440 2011 1509 ubique
2057 1451 2243 1510 patere
2276 1443 2470 1494 volunt
2518 1456 2576 1496 se
2614 1441 2823 1494 Christi
2877 1456 3002 1495 esse
3057 1440 3386 1505 discipulos.

1804 1531 2094 1586 cbaritatis
2137 1533 2298 1602 753
2335 1546 2541 1586 corona
2601 1531 2850 1601 gloriari,
2911 1545 2976 1584 ac
3023 1532 3174 1584 velut
3233 1530 3394 1584 istius

1755 1640 1762 1643 λ
1804 1624 1886 1677 rei
1915 1625 2259 1697 signaculum
2307 1624 2582 1695 quoddam
2642 1623 2899 1693 pnefcrre
2953 1632 3199 1684 mutuam
3256 1621 3396 1676 dile-

1805 1715 2083 1791 ctionem:
2117 1729 2280 1784 quam
2316 1716 2386 1769 ob
2417 1730 2670 1776 causam,
2714 1713 2910 1784 paucis
2940 1713 3150 1782 aperio.
3195 1711 3392 1768 Nonne

124 1793 422 1863 ἑλομένοις,
451 1797 537 1850 ὅτι
563 1799 798 1870 Χριστοῦ
831 1804 1089 1871 γεγόνασι
1123 1806 1364 1877 μαθηταὶ
1393 1813 1504 1874 τοῖς
1527 1791 1707 1866 ἁπαν·

1813 1807 1858 1860 si
1887 1806 2014 1876 quis
2041 1815 2289 1861 nostrum
2320 1813 2493 1860 artem
2531 1805 2783 1860 aerariam
2821 1805 3224 1860 auttextoriam
3261 1819 3392 1874 pro-

123 1885 319 1954 ταχὸσε
367 1889 772 1959 γνωρίζεσθαι,
827 1894 888 1947 τὸ
940 1895 1019 1966 τῷ
1072 1899 1322 1971 στεφάνῳ
1357 1902 1456 1970 τῆς
1486 1903 1707 1974 ἀγάπης

127 1977 608 2049 ἐπισεμνύνεσθαι,
655 1985 749 2037 καὶ
780 1986 1036 2059 καθάπερ
1064 2007 1116 2043 τι
1159 1993 1472 2066 σήμαντρον
1513 1998 1709 2067 ἐπιφέ-

128 2067 319 2134 ρεσθαι
350 2069 446 2122 τοῦ
483 2072 812 2144 πράγματος
846 2077 946 2149 τὴν
1001 2079 1385 2152 φιλαλληλίαν·
1423 2085 1515 2138 τοῦ
1544 2086 1601 2139 δὲ
1643 2088 1710 2159 δὴ

126 2159 312 2249 χάριν,
347 2163 628 2217 καὶτοῦτο
663 2168 808 2237 μημὶ
837 2166 960 2240 [γρ.
1003 2172 1270 2246 μηνύσω]
1310 2175 1396 2230 διὰ
1433 2176 1703 2249 βραχέων.

126 2246 277 2321 ’Ἀρά
302 2251 414 2324 γὰρ
442 2254 494 2307 εἴ
517 2273 603 2320 τις
629 2257 738 2311 τῶν
760 2260 882 2314 καθ’
908 2263 1055 2332 ἡμᾶς
1080 2246 1516 2338 χαλκουργικην,
1537 2246 1708 2340 ἤγουν

127 2341 224 2411 τὴν
256 2343 496 2412 ὑφάντου
539 2348 702 2423 μετίῃ
725 2350 920 2422 τέχνην
940 2392 955 2417 ,
994 2355 1095 2408 οὐκ
1133 2355 1199 2409 ἂν
1227 2358 1434 2430 ὁρῷτο,
1476 2363 1571 2416 καὶ
1605 2364 1711 2433 μάο

129 2433 287 2488 λιστα
333 2436 559 2505 σαφῶς,
613 2439 689 2502 ὼς
739 2441 1084 2511 χαλκοτύπον
1140 2449 1286 2513 τινὸς
1311 2490 1326 2514 ,
1380 2453 1413 2523 ἢ
1471 2454 1709 2522 ὑφάντου

133 2525 320 2595 γέγονε
359 2528 649 2601 μαθητής;
680 2533 746 2585 Τί
786 2534 842 2587 δὲ
880 2537 909 2589 ὁ
950 2541 1268 2610 τεκτονικῆς
1297 2544 1590 2617 ἐμπειρίας
1613 2549 1712 2603 οὐκ

132 2620 413 2690 ἀμοιρῶν;
451 2625 567 2677 Οὐκ
600 2619 708 2694 ἄρα
743 2626 989 2697 βοήσειεν
1032 2629 1100 2684 ἂν
1135 2633 1223 2687 διά
1257 2635 1414 2690 τοῦτο
1451 2637 1712 2694 δύνασθαι

132 2711 436 2782 κατορθοῦν
465 2715 532 2768 τὰ
561 2715 620 2768 ἐν
663 2720 729 2787 τῇ
773 2717 938 2792 τέχνῃ
984 2721 1166 2786 καλῶς
1188 2764 1203 2788 ,
1235 2725 1319 2778 ὃτι
1347 2726 1576 2782 τέκτονα
1614 2730 1712 2801 τῆς

136 2802 430 2872 ἐμπειρίας
480 2804 602 2876 ἔσχε
649 2808 740 2861 τὸν
783 2811 1124 2881 ήγούμενονς
1177 2815 1338 2870 Κατά
1379 2819 1472 2872 τὸν
1528 2821 1711 2889 αὐτὸν,

134 2889 306 2964 οἶμαι.
345 2895 505 2964 λόγον
547 2900 597 2951 οἱ
623 2903 723 2971 τῆς
758 2901 1041 2971 θεοφιλοῦς
1069 2906 1289 2977 ἀγάπης
1327 2910 1714 2985 πληρουμένην

135 2987 190 3037 ἐν
223 2988 440 3051 ἑαυτοῖς
479 2989 574 3060 τὴν
599 2991 834 3075 δύναμιν
858 2995 1095 3066 ἔχοντες,
1130 2999 1339 3054 ἀκονιτὶ
1365 3005 1710 3075 γνωριοῦσιν,

135 3077 211 3168 ότι
239 3077 344 3148 τῆς
378 3078 602 3152 ἀγάπης
627 3073 888 3152 γεγόνασι
926 3087 1189 3159 μαθηταὶ,
1221 3092 1340 3162 ἦτοι
1378 3073 1598 3168 τοῦντὴν
1634 3099 1714 3162 είς

135 3167 310 3261 ἄκραν
354 3172 593 3261 ,ἀγάπην
655 3175 870 3246 ἔχοντος
941 3180 1200 3250 Χριστοῦ.
1264 3185 1543 3256 Ἠγάπησε
1604 3189 1714 3261 γὰρ

135 3255 276 3310 οὕτω
317 3259 411 3312 τὸν
451 3261 674 3331 κόσμον,
704 3265 779 3328 ὡς
823 3270 917 3321 καὶ
962 3269 1133 3336 αὐτὴν
1167 3272 1306 3342 ὑπὲρ
1338 3255 1500 3328 αὐτοῦ
1546 3255 1717 3331 καταίο

137 3349 309 3404 θεῖναι
342 3351 444 3422 τὴν
472 3352 684 3425 ψυχὴν,
719 3359 813 3410 καὶ
856 3359 965 3413 τῶν
1001 3361 1311 3417 Ἰουδαϊκῶν
1348 3367 1716 3440 τολμημάτων

137 3444 431 3513 ὑπομεῖναι
484 3448 586 3514 τὴν
632 3448 954 3522 ἀγριότητα.
989 3455 1100 3508 Καὶ
1149 3460 1493 3530 μαρτυρήσει
1543 3462 1716 3531 λέγων

139 3536 296 3599 αὐτὸς
346 3538 484 3607 πρὸς
527 3541 654 3603 τοὺς
696 3542 893 3595 ἐαυτοῦ
945 3545 1236 3618 μαθητὰς,
1288 3549 1368 3604 ὅτι
1418 3569 1437 3603 ι
1478 3554 1717 3618 Μείζονα

136 3630 341 3698 ταύτης
368 3631 471 3700 τῆς
497 3632 719 3704 ἀγάπης
748 3634 923 3699 οὐδεὶς
964 3637 1078 3707 ἔχει
1100 3679 1116 3702 ,
1160 3639 1248 3695 ἴνα
1287 3657 1373 3704 τις
1399 3642 1498 3713 τὴν
1540 3645 1717 3716 ψυχὴν

137 3722 303 3775 αὐτοῦ
340 3723 410 3794 θῇ
451 3724 594 3793 ὑπὲρ
635 3726 742 3782 τῶν
784 3728 952 3796 φίλων
1002 3730 1189 3789 αὐτοῦ.
1226 3752 1246 3784 ι
1298 3735 1517 3809 Ἐπειδὴ
1550 3738 1659 3811 γὰρ
1687 3740 1717 3792 ὁ

137 3812 270 3876 Θεὸς
296 3814 492 3885 ἀγάπη
518 3816 655 3881 ἐστὶ,
682 3817 822 3871 κατά
847 3818 947 3890 τὴν
989 3822 1237 3876 Ἰωάννου
1262 3827 1465 3896 φωνὴν,
1496 3829 1719 3902 ἀγάπης

140 3903 215 3955 ὢν
268 3905 434 3968 Υἱὸς,
487 3905 634 3960 τοῦτ’
693 3908 808 3962 ἔστι
867 3909 964 3964 τοῦ
1007 3914 1148 3967 κατά
1193 3915 1356 3984 φύσιν
1403 3919 1572 3984 Θεοῦ,
1625 3924 1720 3978 καὶ

142 3995 326 4061 μόνου,
353 3999 448 4050 καὶ
470 3997 749 4069 ἀληθινοῦ,
784 4002 974 4074 ἀγάπη
1006 4006 1101 4059 καὶ
1122 4007 1286 4072 αὐτὸς
1317 4010 1716 4082 ἀναπέφανται,

137 4087 195 4138 οὐ
248 4087 431 4156 λόγοις
473 4088 858 4162 ἐξησκημένον
905 4097 1001 4149 καὶ
1048 4097 1137 4150 διὰ
1187 4100 1450 4170 ῥημάτιον
1503 4105 1718 4176 κόμπου

139 4176 640 4248 λελαμπρυσμένον
667 4181 804 4251 ἔχων
829 4183 890 4235 τὸ
909 4184 1145 4256 ἀξίωμα,
1173 4187 1287 4240 ἀλλ’
1311 4188 1493 4260 ἔργοις
1515 4192 1715 4259 αὐτοῖς,

139 4269 230 4321 καὶ
263 4271 596 4340 πράγμασι,
644 4275 858 4344 καρπὸν
905 4275 1037 4330 ὄντα
1081 4278 1180 4348 τῆς
1209 4280 1303 4333 τοῦ
1341 4284 1592 4348 τεκόντος
1637 4287 1720 4338 ού·

141 4360 259 4424 σίας
314 4362 509 4415 ἐαυτὸν
578 4365 872 4432 ἐπιδείξας.
934 4369 1249 4439 Οἰησόμεθα
1304 4371 1412 4442 γὰρ
1467 4375 1719 4446 οὐδαμῶς

1810 1899 2052 1962 ﬁteatur,
2090 1901 2172 1954 vel
2208 1900 2335 1955 hinc
2360 1900 2598 1953 maxime
2630 1897 2893 1968 prodatur
2923 1897 3062 1951 fabri
3104 1897 3390 1962 cujusdam

1808 1992 1988 2046 ararii
2036 2000 2134 2046 aut
2168 1993 2403 2046 textoris
2455 1992 2630 2045 fuisse
2677 1990 3029 2059 discipulus?
3067 1989 3210 2054 Quid
3262 2004 3396 2042 vero

1811 2081 2024 2138 fabrilis
2076 2085 2210 2138 artis
2260 2083 2516 2152 peritus?
2554 2081 2744 2137 Nonne
2784 2081 2906 2135 ideo
2958 2097 3017 2136 se
3071 2091 3242 2135 artem
3297 2095 3392 2150 ap-

1810 2178 1985 2245 prime
2009 2177 2212 2232 callere
2235 2177 2458 2239 dixerit,
2487 2176 2617 2245 quia
2651 2175 2808 2228 fabro
2835 2190 2969 2228 usus
3001 2173 3072 2227 sit
3098 2172 3398 2239 magistro?

1810 2269 2040 2333 Eodem,
2083 2271 2303 2340 opinor,
2346 2269 2509 2323 modo
2566 2270 2659 2338 qui
2713 2267 3007 2321 cbaritatis
3043 2283 3170 2337 erga
3223 2267 3394 2320 Deum

1811 2362 2026 2432 plenam
2081 2364 2136 2415 in
2187 2363 2386 2431 selpsis
2419 2361 2527 2414 vim
2579 2360 2810 2420 habent,
2860 2358 3016 2412 nullo
3049 2359 3268 2428 negotio
3297 2373 3397 2410 eo-

1813 2456 2186 2526 gnoscendum
2211 2455 2530 2524 praebebunt
2555 2469 2613 2507 se
2628 2453 2918 2506 cbaritatis
2934 2451 3211 2506 exstitisse
3230 2450 3400 2504 disci-
3495 2506 3498 2510 ,

1814 2549 1996 2618 pulos,
2030 2549 2145 2603 sive
2181 2547 2414 2609 Christi,
2448 2546 2540 2615 qui
2574 2545 3032 2614 perfectissimam
3082 2544 3134 2596 in
3175 2558 3235 2596 se
3263 2541 3399 2596 cha-

1815 2640 2031 2693 ritatem
2072 2639 2337 2692 continet.
2382 2638 2473 2690 Sic
2505 2637 2650 2690 enim
2686 2636 2876 2689 dilexit
2911 2634 3197 2689 mundum.
3245 2645 3301 2686 ut
3344 2642 3399 2687 et

1816 2731 1990 2800 ipsam
2037 2745 2136 2800 pro
2153 2745 2238 2784 .eo
2285 2731 2524 2782 animam
2585 2728 2831 2797 posuerit
2866 2727 2944 2790 ’⁸,
2977 2736 3029 2779 ct
3064 2724 3279 2778 Judaici
3315 2725 3396 2778 fu-

1816 2823 1960 2877 roris
2005 2823 2405 2876 immanitatem
2453 2820 2758 2890 pertulerit.
2812 2818 2969 2884 Quod
3009 2819 3126 2889 ipse
3171 2816 3402 2887 quidem
3486 2846 3492 2856 ι

1816 2915 2114 2970 testabitur
2143 2914 2210 2967 ad
2247 2913 2550 2982 discipulos
2581 2927 2735 2975 suos,
2782 2911 3013 2966 dicens:
3058 2929 3076 2960 ι
3113 2910 3250 2974 Quia
3279 2923 3400 2962 ma-

1813 3009 1991 3078 jorem
2030 3008 2133 3063 hac
2156 3007 2428 3061 charitate
2469 3021 2630 3059 nemo
2659 3004 2845 3067 habet,
2879 3011 2936 3056 ut
2972 3002 3212 3054 animam
3243 3015 3403 3054 suam.

1741 3133 1784 3190 C
1821 3107 1990 3169 ponat
2019 3098 2146 3168 quis
2185 3113 2289 3168 pro
2314 3097 2509 3152 amicis
2555 3097 2674 3151 suis
2721 3097 2790 3148 ’⁸.
2833 3113 2853 3148 ι
2899 3092 3038 3147 Cum
3080 3090 3405 3146 enim‘Deus

1821 3193 1897 3248 sit
1925 3191 2191 3256 charitas,
2236 3190 2393 3260 juxta
2435 3188 2668 3244 Joannis
2700 3203 2888 3242 vocem
2937 3186 3016 3249 ³ο,
3061 3185 3266 3254 quippe
3307 3182 3401 3252 qui

1819 3284 1892 3337 sit
1923 3282 2227 3343 cbaritatis,
2258 3281 2364 3335 hoc
2389 3288 2493 3346 est,
2530 3281 2800 3335 naturalis
2826 3287 2880 3334 et
2909 3278 3055 3332 unici
3088 3293 3152 3331 ac
3173 3277 3286 3330 veri
3309 3275 3402 3331 Dei

1820 3371 2014 3438 Filius,
2037 3373 2281 3428 charitas
2302 3372 2466 3427 etiam
2503 3372 2621 3442 ipse
2657 3370 2952 3425 manifesto
2978 3377 3082 3434 est,
3113 3384 3222 3422 non
3249 3382 3404 3437 pom-

1818 3480 1886 3535 pa
1925 3465 2216 3541 verborum
2258 3463 2617 3532 conspicuam
2658 3462 2866 3516 habens
2923 3462 3265 3531 dignitatem,
3307 3460 3403 3514 sed

1819 3556 2078 3627 operibus
2094 3555 2230 3626 ipsis
2241 3569 2305 3609 ac
2321 3555 2484 3610 rebus
2497 3553 2574 3607 sei
2583 3568 2738 3622 psum
2757 3552 2995 3607 fructum
3013 3567 3139 3606 esse
3152 3551 3405 3606 substan-

1820 3650 1910 3703 tia:
1938 3648 2119 3702 Patris
2151 3645 2474 3702 ostendens.
2495 3643 2852 3714 Nequaquam
2880 3644 3025 3697 enim
3053 3642 3404 3698 censebimus

1822 3752 2137 3810 supremam
2189 3738 2339 3792 illam
2405 3735 2649 3791 omnium
2703 3734 3070 3790 substantiam
3129 3734 3400 3787 bonorum

1821 3846 1944 3886 esse
1971 3842 2252 3899 capacem.
2281 3824 2373 3882 sed
2409 3840 2514 3880 nec
2541 3824 2900 3878 adventitium
2923 3822 2972 3877 ei
2999 3836 3122 3877 esse
3152 3822 3404 3876 dicemus

1822 3920 2072 3974 omnium
2109 3917 2377 3970 bonorum
2405 3928 2599 3984 genus,
2637 3913 2782 3966 sicut
2807 3912 2864 3966 in
2888 3911 3071 3975 nobis,
3106 3925 3215 3966 nec
3239 3909 3405 3964 utdi-

1820 4026 2045 4066 versum
2089 4009 2369 4086 quidpiam
2421 4007 2476 4060 in
2521 4007 2630 4060 alio
2658 4005 2895 4068 censeri,
2933 4003 3402 4074 quemadmodum

1822 4101 1878 4155 in
1905 4100 2130 4154 homine
2181 4098 2467 4153 scientiam
2502 4095 2730 4149 dixeris.
2780 4092 2892 4149 Nec
2925 4095 3071 4147 enim
3105 4093 3269 4148 homo
3306 4109 3403 4163 per

1825 4207 1884 4247 sc
1937 4199 2020 4247 est
2071 4189 2320 4252 scientia,
2373 4187 2467 4244 sed
2517 4186 2762 4242 scientiae
2804 4185 2988 4254 potius
3031 4200 3244 4254 capax:
3304 4185 3401 4240 sed

1823 4283 2195 4354 quodcunque
2226 4281 2430 4334 bonum
2465 4285 2719 4333 censetur
2767 4277 2946 4345 ipsum
2996 4277 3216 4346 preprie
3260 4277 3402 4330 divi-

1823 4387 1949 4428 nam
1981 4380 2035 4427 et
2065 4371 2391 4428 ineﬂ‘abilem
2440 4379 2691 4422 naturam
2731 4380 2856 4420 esse
2901 4365 3158 4426 dicimus,
3194 4367 3402 4422 fontem

138 4451 396 4523 δεκτικὴν
446 4449 586 4508 εἶναι
633 4455 742 4508 τῶν
790 4457 1011 4524 ἀγαθῶν
1063 4460 1163 4531 τὴν
1211 4463 1474 4518 ἀνωτάτω
1525 4468 1712 4522 ⁴πασῶν

1829 4466 1993 4522 veluti
2025 4464 2315 4534 quemdam
2355 4475 2516 4516 omne
2545 4474 2718 4528 genus
2756 4457 2974 4512 virtutis
3008 4457 3062 4510 in
3091 4459 3271 4527 seipsa
3301 4457 3400 4511 hn-

137 4544 364 4612 οὐσίαν,
409 4545 525 4599 ἀλλ’
561 4546 679 4599 οὐδὲ
724 4548 1020 4619 ἐπίκτητον
1063 4550 1296 4622 ἐροῦμεν
1342 4556 1400 4607 ἐν
1447 4557 1585 4629 αὐτῇ
1620 4559 1720 4628 τὴν

140 4634 404 4689 ἁπάντων
433 4635 546 4690 τῶν
590 4637 810 4704 ἀγαθῶν
853 4638 1017 4705 ἰδέαν,
1051 4641 1305 4714 καθάπερ
1332 4646 1390 4699 ἐν
1423 4647 1573 4716 ἡμῖν,
1605 4648 1720 4702 ἀλλ’

112 4723 256 4777 ὀὐδὲ
283 4723 362 4788 ῶς
394 4742 448 4776 τι
478 4725 637 4796 τυχὸν
675 4726 863 4798 ἕτερον
893 4729 950 4781 ἐν
975 4729 1148 4800 ἑτέρῳ
1179 4733 1490 4803 νοούμενον,
1530 4735 1720 4810 ὥσπερ

138 4810 228 4869 οὖν
263 4817 324 4868 ἐν
356 4815 632 4888 ἀνθρώπῳ
672 4818 805 4888 φαίη
839 4837 923 4883 τις
953 4820 1020 4875 ἂν
1063 4825 1159 4894 τήν
1191 4841 1337 4888 τινος
1385 4829 1714 4901 ἐπιστήμην.

142 4908 210 4963 οὗ
239 4908 352 4978 γὰρ
381 4908 664 4980 ἐπιστήμη
701 4912 824 4964 καθ’
853 4915 1046 4967 ἐαυτὸν
1078 4917 1106 4968 ὁ
1143 4905 1460 4987 ἅνθρωπος,
1493 4921 1719 4994 ἐπιστή-

143 5015 249 5069 μης
275 4999 334 5052 δὲ
366 4999 570 5070 μᾶλλον
599 5000 847 5067 δεκτικός
867 5021 878 5033 ·
928 5005 1044 5058 ἀλλ’
1092 5008 1225 5060 αὐτὸ
1267 5008 1329 5062 τὸ
1364 5012 1471 5064 πᾶν
1497 5013 1721 5080 ἀγαθὸν,

141 5088 275 5151 ὅπερ
312 5089 384 5144 ἂν
426 5085 567 5144 εἶναι
594 5091 943 5164 πιστεύηται,
967 5095 1124 5148 τοῦτο
1152 5097 1357 5168 κυρίως
1383 5101 1551 5170 αὐτὴν
1585 5099 1722 5158 εἷναί

147 5195 322 5247 φαμεν
357 5178 458 5251 τὴν
489 5181 639 5237 θείαν
677 5185 774 5236 καὶ
806 5183 1044 5254 άῤῥητον
1092 5186 1274 5255 φύσιν,
1315 5191 1500 5261 πηγὴν
1529 5192 1719 5267 ὥσπερ

144 5268 264 5321 τινὰ
305 5271 414 5323 πᾶν
463 5267 602 5334 είδος
647 5272 852 5344 ἀρετῆς
895 5273 1125 5344 ἔχουσαν
1163 5278 1222 5329 ἐν
1261 5280 1464 5352 ἑαυτῇ,
1521 5283 1614 5337 καὶ
1661 5284 1720 5349 ἐξ

150 5360 346 5432 ἑαυτῆς
371 5363 803 5429 ἀναϐλύζουσαν.
837 5367 1200 5436 Εὑλογὼτατα
1226 5373 1406 5426 τοίνυν
1432 5376 1592 5440 αὐτός
1614 5396 1720 5451 περ

152 5449 298 5504 ἔσται
326 5453 427 5523 τῆς
452 5454 678 5526 ἀγάπης
700 5458 1185 5542 όᾼκαρπὸςῄγάπη
1224 5465 1316 5518 καὶ
1349 5466 1512 5531 αὐτὸς
1545 5449 1720 5542 ὑπάρ-

153 5557 277 5609 χων,
310 5546 454 5600 κατά
479 5547 574 5599 τὸν
603 5547 662 5610 ἐξ
689 5540 859 5620 οῦπέρ
884 5552 1001 5604 ἐστι
1039 5553 1250 5624 [ἰατρὸς
1273 5556 1300 5608 ὁ
1332 5558 1475 5625 Υἱὸς,
1504 5561 1590 5616 διὰ
1621 5540 1720 5636 της

1827 4558 2066 4622 bentem,
2107 4562 2161 4610 et
2193 4571 2259 4610 ex
2295 4554 2476 4622 seipsa
2507 4549 2900 4605 eﬂ'undentem.
2926 4548 3075 4603 'Jure
3105 4549 3290 4618 itaque
3321 4549 3404 4618 ip-

1823 4657 1997 4706 semet
2024 4647 2132 4704 erit
2161 4645 2449 4702 cbaritatis
2479 4644 2714 4706 fructus,
2755 4650 2810 4698 et
2839 4659 2964 4696 cum
2995 4643 3068 4697 sit
3099 4641 3262 4698 etiam
3286 4640 3404 4710 ipse

1826 4738 2094 4802 charitas,
2126 4736 2288 4791 sicuti
2321 4733 2485 4789 Pater
2510 4750 2575 4790 ex
2599 4749 2708 4804 quo
2729 4741 2812 4790 est
2842 4731 3039 4796 Filius,
3074 4732 3278 4786 nostris
3306 4745 3402 4800 per

1825 4832 2152 4887 cbaritatem
2195 4829 2394 4883 animis
2439 4827 2791 4898 insignietur,
2838 4835 2892 4880 et
2936 4835 3178 4878 mutuam
3219 4821 3402 4876 chari-

1826 4933 1990 4979 tatem
2028 4921 2311 4976 mordicus
2338 4919 2616 4991 amplecti,
2649 4916 3062 4988 coniunctionis
3090 4921 3144 4969 et
3167 4912 3402 4966 familia-

1820 5018 2002 5071 ritatis
2031 5029 2154 5069 cum
2186 5015 2308 5084 ipso
2339 5023 2501 5068 notas
2531 5011 2688 5067 bonis
2722 5008 3009 5079 imprimit.
3055 5004 3296 5074 Alioqui,
3329 5005 3399 5067 si,

1818 5109 1975 5178 juxta
2002 5107 2155 5162 Pauli
2187 5121 2378 5162 vocem
2413 5107 2455 5137 ³⁸
2484 5145 2499 5170 ,
2536 5119 2641 5174 pax
2683 5111 2874 5157 nostra
2909 5099 3162 5154 Christus
3193 5106 3280 5152 est
3320 5097 3398 5165 (in

1825 5201 1946 5270 ipso
1969 5200 2114 5255 enim
2149 5198 2410 5254 inferiora
2439 5194 2819 5265 superioribus
2842 5190 3134 5259 conjuncta
3164 5195 3315 5250 sunt,
3347 5196 3401 5242 et

1827 5307 1924 5361 per
1956 5291 2136 5361 ipsum
2162 5287 2503 5344 reconciliati
2541 5299 2731 5341 sumus
2769 5281 2881 5336 Deo
2910 5294 2974 5334 ac
3001 5277 3170 5339 Patri.
3206 5295 3399 5349 quam-

1829 5385 1912 5438 vis
1945 5383 2107 5437 initio
2134 5382 2364 5435 multum
2389 5379 2596 5442 dissiti,
2619 5373 2980 5430 conversione
3015 5370 3081 5426 ad
3116 5372 3320 5424 malum
3346 5380 3401 5426 et

1828 5475 1881 5527 in
1916 5472 2080 5543 754
2102 5474 2244 5528 duos
2269 5471 2500 5542 populos
2522 5469 2650 5522 olim
2679 5465 2861 5524 divisi.
2899 5476 3088 5534 gentes
3118 5463 3401 5522 nimirum.

1825 5576 1880 5620 et
1928 5566 2230 5630 lsraelitas,
2282 5564 2335 5617 in
2373 5576 2542 5615 unum
2593 5574 2793 5612 novum
2836 5557 3110 5611 hominem
3146 5553 3400 5610 aediﬁcati

219 5657 271 5740 ’ξ
300 5658 461 5740 lium.
497 5662 834 5740 χιιι-..θέα
914 5663 957 5694 ’⁷
987 5664 1016 5737 ,1
1046 5663 1170 5718 Cor.
1208 5683 1303 5720 xm
1332 5709 1345 5731 ,
1382 5673 1443 5736 4,
1611 5677 1655 5706 ’³
1697 5677 1712 5730 Ι

1816 5693 1903 5730 an.
1949 5692 2036 5740 tv,~
2073 5675 2157 5727 16.
2235 5677 2278 5705 ³⁸
2333 5672 2490 5725 Joan.
2553 5686 2643 5736 xv,
2690 5669 2774 5723 15.
2855 5670 2897 5700 ³ο
2950 5669 2965 5720 ι
3015 5666 3270 5729 .Ioan.tv,
3314 5664 3389 5718 l6.

155 5724 193 5756 ’¹
233 5726 429 5802 Ephes.
484 5746 558 5795 tt,
598 5732 781 5785 H-l8.
