3992 6316
580 335 681 393 ίθῚ

1578 325 1639 383 S.
1680 321 1962 381 CYRILLI
2004 316 2474 376 ALEXANDRINI
2507 315 2825 374 ARCHIEP.

3736 313 3831 372 168

576 462 772 505 sumus
806 446 863 504 in
908 426 1075 515 ipso:
1115 443 1297 499 soluta
1346 455 1432 499 est
1474 442 1623 499 enim
1673 444 1936 506 maceria,
1971 448 2027 495 et
2054 439 2152 493 de-

2260 437 2479 507 ἀγάπης
2521 435 2755 506 μάλιστα
2802 435 2918 497 ταῖς
2968 432 3262 503 ἡμετέραις
3310 429 3513 500 ψυχαῖς
3562 429 3848 498 ἐνσημανο⁹

576 547 784 609 structa
822 547 904 589 est
938 531 1241 586 inimicitiae
1272 531 1357 587 vis
1387 532 1661 602 dogmatis
1686 530 2040 602 evangelicis,
2077 528 2157 583 si-

582 630 753 682 lentio
785 624 885 694 legi
921 622 1227 692 imposito),
1260 624 1539 693 quomodo
1583 622 1849 694 cognosci
1888 621 2158 690 potuisset

573 733 669 773 eos
702 731 824 771 esse
852 715 1006 783 pacis
1036 714 1366 781 discipulos,
1404 713 1450 767 si
1486 727 1676 781 pacem
1719 720 1967 765 mutuam
2016 710 2159 764 inter

573 823 634 862 se
660 822 765 861 non
796 804 1097 859 haberent?
1123 802 1265 868 Quid
1299 804 1445 857 enim
1479 800 1648 862 aliud.
1671 814 1882 870 quasso,
1907 808 1993 855 est
2023 800 2159 853 cha-

576 897 753 950 ritatis
790 893 1118 963 disjunctio,
1160 906 1324 961 quam
1357 893 1514 962 origo
1553 892 1703 955 belli,
1741 890 1893 961 pacis
1917 889 2155 951 eversio,

571 998 626 1043 et
658 987 826 1042 animi
854 984 1187 1053 duplicitas?
1220 980 1693 1047 Quemadmodum
1725 983 1869 1036 enim
1903 981 1958 1035 in
1996 980 2158 1034 firmo

571 1077 864 1133 charitatis
898 1075 1120 1129 vinculo
1158 1073 1311 1143 pacis
1352 1072 1494 1125 bona
1536 1071 1698 1126 nobis
1727 1077 2157 1132 conservantur,

572 1171 675 1237 sic,
717 1170 936 1240 opinor.
986 1167 1116 1222 dum
1163 1164 1407 1218 charitas
1439 1164 1796 1228 rescinditur,
1833 1162 1963 1218 belli
2017 1162 2157 1216 mala

572 1264 831 1316 subeunt.
873 1258 938 1313 Et
975 1258 1109 1328 quid
1136 1266 1250 1311 tum
1287 1254 1450 1310 inde?
1483 1255 1722 1325 lnjurize,
1747 1254 2159 1319 contentiones,

571 1353 966 1413 aemulationes,
993 1350 1110 1408 irae.
1148 1348 1384 1408 furores,
1417 1347 1811 1410 detractiones,
1841 1346 2156 1408 maledicta,

572 1448 627 1493 et
691 1439 945 1500 invidiae,
997 1437 1183 1489 omnia
1235 1436 1474 1504 denique
1537 1436 1906 1505 improbitatis
1960 1449 2159 1506 genera

570 1531 844 1583 oriuntur.
871 1529 1006 1582 Cum
1030 1529 1217 1597 itaque
1235 1527 1411 1581 virtus
1429 1527 1609 1581 omnis
1628 1528 1680 1580 in
1694 1527 1964 1582 charitate
1978 1526 2162 1580 conti-

570 1630 769 1675 neatur
798 1621 1225 1690 impleaturque,
1260 1633 1419 1674 nemo
1462 1627 1709 1672 nostrum
1740 1618 2163 1690 cibi-abstinen-

569 1715 666 1777 tia,
691 1721 782 1765 aut
809 1712 955 1781 quod
992 1711 1143 1764 humi
1177 1711 1364 1774 cubet,
1389 1718 1485 1763 aut
1514 1709 1641 1763 aliis
1671 1709 1964 1765 laboriosis
1986 1710 2163 1782 pieta-

2262 530 2506 601 θήσεται,
2549 528 2644 581 καὶ
2683 528 2782 597 τῆς
2824 525 3153 594 οἰκειότητος
3177 523 3277 594 τῆς
3310 522 3446 591 πρὸς
3486 520 3649 574 αὐτον
3672 519 3835 589 ἐγχα-

2261 620 2448 691 ράττει
2469 621 2580 681 τοῖς
2607 617 2832 685 ἀγαθοῖς
2856 616 2925 668 τά
2938 613 3317 685 γνωρίσματα,
3339 612 3400 666 τὸ
3420 612 3591 682 ἀπρὶξ
3615 607 3835 681 ἔχεσθαι

2260 712 2361 781 τῆς
2390 708 2765 781 φιλαλληλίας.
2803 706 3016 767 Ἀλλως
3039 721 3122 769 τε,
3157 705 3228 767 εἰ,
3259 703 3401 757 κατά
3434 702 3533 773 τὴν
3559 700 3652 754 τοῦ
3688 700 3836 755 Παύ-

2260 802 2354 856 λοῦ
2382 803 2589 871 φωνὴν,
2624 802 2653 853 ό
2679 798 2911 870 Χριστός
2934 797 3136 867 ἐστινὴ
3168 796 3360 866 εἰρήνη
3383 793 3543 865 ἡμῶν
3578 792 3659 864 (ὲν
3687 791 3836 863 αὑτῷ

2259 893 2369 964 γάρ
2405 891 2650 962 συνήφθη
2679 890 2748 943 τά
2777 890 2929 944 κάτω
2956 891 3069 950 τοῖς
3113 888 3248 952 ἀνω,
3282 888 3380 941 καὶ
3416 886 3483 939 δι’
3516 885 3681 939 αὑτοῦ
3709 902 3838 938 κατ-

2260 985 2576 1057 ηλλάγημεν
2613 981 2692 1053 τῷ
2734 981 2854 1052 Θεῷ
2892 980 2986 1034 καὶ
3041 979 3248 1050 Πατρὶ,
3293 977 3471 1030 καίτοι
3522 976 3725 1045 πολλὴν
3782 976 3836 1028 ἐν

2261 1076 2458 1146 ἀρχαῖς
2501 1072 2954 1143 ἐπιτηδεύσαντες
2983 1070 3081 1141 τὴν
3120 1069 3456 1133 ἀπόστασιν,
3495 1066 3585 1121 διά
3615 1068 3716 1138 τὴν
3759 1069 3838 1128 εἰς

2260 1168 2321 1220 τὸ
2346 1166 2549 1236 φαῦλον
2572 1164 2909 1235 ἀποδρομὴν,
2937 1163 3033 1216 καὶ
3061 1162 3143 1224 εἰς
3162 1159 3259 1214 δύο
3288 1160 3418 1213 ποτὲ
3443 1158 3836 1231 μεμερισμένοι

2260 1261 2445 1324 λαοὺς,
2486 1258 2567 1322 είς
2596 1275 2655 1311 τε
2683 1257 2752 1311 τά
2784 1255 2933 1325 ἔθνη,
2962 1253 3170 1308 καὶτὸν
3210 1251 3449 1323 Ἰσραὴλ,
3478 1253 3557 1315 είς
3578 1252 3676 1304 ἕνα
3711 1268 3827 1305 xar-

2261 1351 2352 1406 νὺν
2397 1350 2685 1420 ἄνθρωπον
2715 1345 3043 1416 ἐκτίσθημεν
3080 1345 3138 1397 ὲν
3170 1341 3349 1413 αὐτῷ·
3386 1340 3602 1394 λέλυται
3631 1340 3743 1411 γὰρ
3778 1338 3838 1392 τὸ

2265 1446 2575 1516 μεσότοιχον
2634 1440 2728 1494 τοῦ
2798 1436 3090 1510 φραγμοῦ,
3169 1436 3265 1489 καὶ
3320 1434 3667 1504 κατήργηται
3741 1432 3837 1501 τῆς

2261 1534 2461 1606 ἔχθρας
2503 1534 2536 1603 ἡ
2567 1531 2817 1601 δύναμις,
2849 1529 3117 1598 δόγμασιν
3163 1525 3543 1594 εὐαγγελικοῖς
3562 1565 3577 1589 ,
3611 1538 3838 1581 κατασι-

2260 1623 2554 1694 γασθέντος
2580 1621 2677 1674 τοῦ
2710 1619 2936 1691 νόμου),
2982 1619 3102 1681 πῶς
3135 1616 3200 1670 ἂν
3234 1614 3584 1684 ἐγνώσθησαν
3622 1613 3707 1667 ὄτι
3741 1613 3838 1682 τῆς

2263 1720 2486 1790 εἰρήνης
2515 1715 2770 1784 γεγόνασι
2804 1711 3046 1789 μαθηταὶ
3085 1709 3183 1781 τὴν
3213 1710 3295 1771 είς
3323 1707 3583 1780 ἀλλήλους
3614 1707 3838 1778 εἰρήνην

575 1806 646 1856 tis
673 1803 1167 1857 exercitationibus
1202 1802 1473 1871 glorietur
1494 1839 1508 1864 ,
1537 1800 1641 1853 nisi
1682 1800 2005 1855 charitatem
2032 1815 2157 1870 erga

2265 1812 2365 1864 οὐκ
2397 1808 2637 1879 ἔχοντεςς
2668 1806 2734 1858 Τί
2763 1805 2872 1874 γὰρ
2904 1804 3092 1873 ἓτερον
3123 1802 3207 1872 εἴη
3239 1800 3399 1871 τυχὸν
3435 1801 3465 1852 ό
3489 1800 3589 1870 τῆς
3617 1799 3838 1868 ἀγάπης

570 1894 794 1948 fratrem
828 1905 974 1949 recte
1006 1902 1246 1947 tueatur.
1295 1890 1465 1945 Extra
1498 1900 1658 1946 metae
1694 1890 1895 1945 ﬂexum
1929 1892 2158 1962 perinde

568 2002 634 2042 ac
681 1987 971 2055 imperitus
1002 1986 1192 2055 auriga
1226 1984 1401 2038 fertur
1452 1991 1507 2037 et
1542 1984 1930 2054 gubernatoris
1984 1985 2159 2039 instar

570 2077 812 2139 aberrat,
843 2077 936 2146 qui
965 2078 1124 2130 navis
1149 2076 1369 2146 quidem
1396 2075 1614 2129 clavum
1646 2084 1818 2139 tenet,
1840 2074 1937 2130 sed
1959 2090 2159 2145 propo-

569 2171 737 2223 situm
771 2169 1143 2238 navigationis
1177 2182 1404 2237 secpum
1431 2183 1545 2238 pra:
1567 2169 1788 2223 inscitia
1813 2183 1922 2222 nou
1949 2176 2152 2223 servat.

568 2260 840 2327 Quocirca
865 2270 921 2314 et
947 2259 1041 2329 qui
1074 2275 1243 2314 ausus
1274 2266 1361 2314 est
1388 2244 1573 2314 dicere
1599 2278 1611 2314 :
1653 2278 1672 2310 ι
1698 2259 1781 2313 An
1813 2260 2159 2330 experimen-

571 2359 685 2403 tum
715 2351 961 2420 quzeritis
993 2351 1113 2419 ejus
1146 2350 1239 2419 qui
1282 2350 1335 2403 in
1378 2364 1465 2404 me
1500 2350 1742 2420 loquitur
1773 2350 1979 2405 Christi
2020 2349 2099 2404 “‘2
2132 2368 2153 2402 ι

472 2496 480 2502 ,
569 2441 814 2507 divinus,
854 2443 1101 2512 inquam,
1133 2442 1221 2496 ille
1245 2442 1476 2505 Paulus,
1503 2456 1611 2495 non
1656 2442 1985 2512 simpliciter
2010 2441 2156 2511 quod

570 2543 903 2601 sectaretur,
944 2536 1040 2591 sed
1068 2535 1218 2605 quod
1251 2534 1306 2587 id
1352 2533 1606 2590 faciendo
1638 2545 1787 2590 recta
1830 2536 1898 2590 ad
1928 2551 2156 2606 scopum

570 2616 842 2691 tenderei,
872 2628 1221 2699 gloriabatur
1267 2629 1334 2683 ⁸³.
1385 2628 1626 2683 Lahores
1663 2629 1868 2699 quippe
1907 2628 2158 2699 corporis

570 2718 871 2784 venditare,
915 2720 1045 2774 dum
1082 2719 1301 2775 interim
1337 2721 1631 2790 praecipuis
1662 2730 1715 2775 et
1752 2721 1929 2790 magis
1967 2736 2159 2777 neces-

569 2810 736 2866 sariis
764 2811 998 2876 excidis,
1054 2812 1159 2867 hoc
1214 2827 1324 2866 non
1376 2821 1462 2867 est
1509 2812 1578 2865 ad
1628 2825 1859 2881 scopum
1912 2811 2156 2867 tendere.

576 2904 796 2958 Sciebat
830 2911 1011 2957 autem
1050 2904 1381 2958 charitalem
1408 2903 1706 2957 virtutibus
1737 2902 1997 2957 omnibus
2027 2903 2151 2957 vel-

570 2997 649 3047 uti
683 2994 1007 3048 coronidem
1057 2995 1355 3064 quamdam
1400 2993 1481 3049 sic
1516 2994 1856 3062 impositam,
1892 3000 1951 3045 ut
1995 3001 2050 3047 et
2092 2992 2161 3048 de

2257 1898 2628 1970 διασπασμὸς,
2665 1898 2699 1969 ἢ
2740 1895 2978 1965 πολέμου
3025 1893 3239 1962 γένεσις
3262 1932 3279 1957 ,
3320 1892 3415 1944 καί
3454 1892 3677 1962 εἰρήνης
3710 1890 3838 1944 ἀνα-

2258 1990 2468 2063 τροπὴ,
2511 1988 2608 2041 καὶ
2647 1986 2898 2056 διψυχίας
2930 1983 3151 2052 ἀπάσης
3195 1980 3446 2053 εὖρεσιςς
3480 1981 3693 2051 Ὥσπερ
3732 1979 3838 2050 γάρ

2260 2082 2318 2134 ἐν
2346 2082 2581 2153 ἀρῤαγεῖ
2604 2079 2704 2147 τῆς
2723 2076 2945 2146 ἀγάπης
2974 2072 3257 2143 συνδέσμῳ
3280 2073 3351 2126 τά
3384 2073 3447 2125 ἐκ
3485 2070 3585 2141 τῆς
3614 2072 3840 2141 εἰρήνης

2260 2174 2392 2243 ἡμῖν
2423 2170 2605 2240 ἀγαθὰ
2646 2168 2972 2232 διασώζεται
2998 2181 3011 2194 ·
3043 2167 3135 2220 τὸν
3165 2165 3328 2219 αὑτὸν
3351 2203 3367 2227 ,
3411 2158 3565 2234 οἶμαι
3587 2205 3601 2225 ,
3634 2163 3839 2233 τρόπον

2261 2268 2319 2320 ἐν
2344 2267 2411 2338 τῇ
2439 2263 2541 2333 τῆς
2566 2261 2788 2330 ἀγάπης
2823 2260 3060 2329 διακοπῇ
3088 2257 3148 2311 τὸ
3183 2258 3249 2309 ὲκ
3278 2256 3374 2309 τοῦ
3400 2256 3639 2325 πολέμου
3670 2252 3839 2309 κακὸν

2261 2355 2669 2430 παρεισδύεται.
2725 2352 2835 2407 Καὶ
2876 2352 2931 2405 τί
2979 2352 3042 2405 τὸ
3098 2348 3389 2417 ἐντεῦθεν;
3438 2348 3701 2418 ’λ’ϐρεις,
3745 2346 3840 2400 καὶ

2260 2448 2618 2521 φιλονεικίαι,
2653 2448 2749 2500 καὶ
2791 2444 2979 2515 ζῆλοι,
3010 2443 3107 2495 καὶ
3147 2443 3343 2509 όργαὶ,
3388 2441 3482 2493 καὶ
3508 2438 3676 2510 θυμοὶ
3700 2477 3717 2501 ,
3746 2440 3842 2493 καὶ

2259 2540 2619 2613 ψιθυρισμοί,
2667 2540 2762 2591 καὶ
2808 2536 3165 2599 καταλαλιαὶ,
3212 2534 3307 2588 καὶ
3350 2532 3533 2603 φθόνοι
3556 2574 3571 2596 ,
3600 2534 3699 2586 καὶ¹
3734 2533 3843 2586 πᾶν

2260 2628 2400 2697 εἶδος
2444 2632 2779 2702 φαυλότητος
2823 2626 3201 2697 ἀναφαίνεται.
3254 2626 3502 2696 Ἀπάσης
3548 2624 3843 2692 τοιγαροῦν

2260 2724 2460 2796 ἀρετῆς
2487 2726 2545 2778 ὲν
2581 2722 2660 2794 τῷ
2698 2723 2798 2791 τῆς
2843 2720 3067 2789 ἀγάπης
3098 2718 3228 2772 εῖδει
3254 2734 3316 2770 τε
3348 2717 3444 2771 καὶ
3480 2717 3670 2787 τρόπῳ
3712 2729 3847 2782 συγ-

2262 2817 2738 2887 κεφαλαιουμένης
2782 2830 2841 2867 τε
2889 2816 2981 2866 καὶ
3026 2812 3439 2883 πληρουμένης,
3477 2811 3551 2879 μὴ
3587 2808 3733 2878 μέγα
3759 2822 3843 2868 τις

2262 2908 2528 2978 φρονείτω
2548 2906 2658 2959 τῶν
2697 2910 2756 2960 ἐν
2781 2907 2910 2977 ήμῖν
2945 2905 3031 2957 ἐπ’
3068 2903 3326 2979 ἀσιτίαις,
3361 2902 3456 2955 καὶ
3493 2898 3843 2971 χαμευνίαις,

2262 3002 2433 3072 ἤγουν
2474 3001 2561 3069 ἐφ’
2591 3001 2801 3070 ἑτέροις
2828 2999 2939 3052 τισί
2983 2998 3091 3051 τῶν
3129 2998 3189 3061 ἐξ
3222 2998 3508 3067 ἀσκήσεως
3551 2994 3760 3056 πόνοις,
3796 2992 3845 3043 εἰ

570 3102 637 3140 ea
674 3087 935 3156 praeclare
985 3086 1302 3157 diceretz‘c
1338 3086 1452 3141 Etsi
1507 3086 1848 3140 distribuere
1898 3086 1955 3139 in
2005 3086 2157 3141 cibos

2267 3093 2341 3165 μὴ
2384 3092 2641 3156 διασώζοι
2670 3091 2851 3155 καλῶς
2887 3092 2987 3163 τὴν
3026 3092 3104 3154 εἰς
3136 3091 3227 3143 τὸν
3268 3088 3496 3157 ἀδελφὸν
3534 3087 3843 3156 ἀγάπησιν.

572 3192 874 3247 pauperum
910 3191 1109 3231 omnes
1157 3176 1449 3232 facultates
1479 3191 1651 3239 meas,
1702 3184 1757 3232 et
1803 3177 1849 3232 si
1879 3177 2157 3233 tradidero

2266 3180 2413 3246 Ἔξω
2442 3182 2550 3253 γὰρ
2578 3180 2671 3234 τοῦ
2696 3183 3022 3253 καμπτῆρος
3047 3182 3147 3250 τῆς
3173 3179 3376 3249 νύσσης
3418 3179 3663 3249 φέρεται,
3699 3175 3850 3229 κατά

569 3281 780 3335 corpus
834 3282 1038 3332 meum,
1083 3267 1158 3320 ita
1208 3277 1266 3321 ut
1317 3268 1563 3333 ardeam,
1613 3268 1940 3343 charitalem
1979 3280 2157 3324 autem

2260 3275 2387 3336 τοὺς
2403 3273 2510 3326 τῶν
2525 3274 2757 3343 ἡνιόχων
2773 3272 3049 3342 ἁμαθεστέ
3059 3288 3204 3343 ρους,
3221 3268 3649 3340 ὑπο[π]λανᾶται
3672 3264 3733 3318 δὲ
3747 3282 3848 3317 κυ-

570 3374 678 3410 nun
713 3358 968 3420 habeam,
1006 3358 1142 3412 nihil
1183 3360 1314 3413 mihi
1353 3360 1595 3429 prodest.
1648 3359 1706 3414 Si
1749 3360 1950 3431 linguis
1988 3362 2157 3419 homi-

2261 3365 2526 3437 δερνήτου
2557 3365 2715 3434 δίκην
2735 3404 2749 3428 ,
2778 3364 2837 3427 ὃς
2861 3364 2975 3434 ἔχει
3014 3364 3112 3432 μὲν
3144 3362 3245 3432 τῆς
3281 3361 3418 3424 νεὼς
3461 3361 3521 3413 τὸ
3558 3356 3847 3427 πηδάλιον,

571 3464 707 3502 num
753 3450 951 3519 loquar
979 3458 1035 3504 et
1079 3450 1424 3522 angelorum.
1476 3452 1804 3507 charitatem
1838 3463 2022 3509 autem
2054 3469 2157 3508 non

2262 3458 2354 3511 τόν
2390 3474 2454 3526 γε
2486 3456 2591 3529 μὴν
2624 3456 2958 3527 προτεθέντα
2998 3455 3077 3524 τῷ
3115 3453 3327 3522 διάπλῳ
3367 3450 3570 3505 σκοπὸν
3609 3449 3669 3514 ἐξ
3699 3450 3852 3517 ἀμοι-

570 3542 826 3603 habeam,
878 3542 1059 3596 factus
1092 3559 1212 3598 sum
1250 3544 1395 3598 velut
1435 3560 1511 3600 ms
1538 3558 1767 3607 sonans,
1809 3552 1904 3600 aut
1937 3546 2157 3615 cymba-

2265 3549 2387 3613 θίας
2413 3550 2474 3602 οὐ
2505 3547 2819 3601 διεσώσατο.
2843 3546 2943 3600 Διά
2967 3546 3126 3600 τοῦτο
3153 3548 3247 3599 καὶ
3266 3548 3297 3598 ό
3332 3544 3613 3614 θαρσήσας
3642 3541 3849 3600 εἰπεῖν,

571 3635 681 3684 lunt
720 3633 962 3687 tinniens
995 3631 1058 3685 “.
1103 3651 1120 3683 ι
1160 3632 1385 3703 Species
1426 3636 1613 3705 itaque
1641 3642 1697 3690 et
1736 3635 1917 3706 imago
1949 3636 2157 3692 Christi

2271 3661 2290 3694 ι
2325 3644 2389 3699 Εἰ
2412 3641 2641 3710 δοκιμὴν
2661 3640 2876 3708 ζητεῖτε
2898 3636 2992 3691 τοῦ
3016 3640 3071 3690 ἐν
3090 3637 3213 3706 ἐμοὶ
3234 3636 3519 3695 λαλοῦντος
3534 3628 3780 3703 Χριστοῦ
3797 3646 3843 3693 ;ο

570 3722 882 3780 Servatoris
922 3726 975 3778 in
1018 3722 1181 3780 nobis
1215 3734 1299 3779 est
1324 3727 1614 3782 charitatis
1645 3728 1920 3797 gleriatio.

2266 3732 2407 3801 φημὶ
2433 3729 2489 3781 δὲ
2528 3729 2592 3798 δὴ
2625 3728 2715 3780 τὸν
2748 3726 3031 3780 θεσπέσιον
3065 3724 3302 3789 Παῦλον,
3356 3724 3456 3775 οὐκ
3484 3723 3578 3773 ἐπὶ
3609 3719 3691 3789 τῷ
3721 3716 3850 3772 διώ-

567 3831 685 3867 κειν
746 3816 968 3883 ἁπλῶς,
1012 3816 1129 3869 ἀλλ’
1159 3819 1217 3869 ὲν
1258 3817 1337 3887 τῷ
1389 3818 1533 3872 κατά
1584 3819 1785 3871 σκοπὸν
1830 3818 1991 3872 τοῦτο
2030 3820 2163 3892 δρᾷν
2213 3819 2554 3890 ἐσεμνύνετο.
2623 3817 2697 3869 Τὸ
2733 3816 2867 3887 γὰρ,
2909 3810 3096 3884 οἶμαι,
3160 3814 3491 3883 σωματικοῖς
3531 3811 3851 3880 ἑπαυχῆσαι

570 3906 751 3968 πόνοις
773 3947 789 3971 ,
867 3908 976 3957 τιῖιν
1021 3905 1573 3978 κεφαλαιωδεστέρων
1636 3908 1732 3961 καλ⁸
1774 3910 2216 3983 ἀναγκαιοτέρων
2256 3910 2477 3980 ἀγαθῶν
2514 3909 2870 3971 ἐκπίπτοντα,
2898 3907 3046 3959 τοῦτ’
3078 3906 3195 3959 ἐστι
3223 3905 3283 3958 τὸ
3338 3906 3412 3975 μὴ
3449 3903 3671 3957 διώκειν
3703 3904 3850 3956 κατά

570 3997 792 4050 σκοπόν.
838 3991 958 4049 Οἵδε
1000 3997 1055 4050 δὲ
1101 3998 1245 4049 οὕτω
1296 3998 1393 4067 τὴν
1437 3999 1689 4068 ἀγάπην,
1737 4000 1990 4073 καθάπερ
2030 4005 2153 4057 τινὶ
2192 4001 2465 4075 κορωνίδα
2539 4001 2744 4064 πάσαις
2789 3998 3098 4053 ἐπικεῖσθαι
3145 4000 3266 4060 ταῖς
3306 3999 3560 4071 ἀρεταῖς,
3608 3999 3688 4062 ὡς
3750 4001 3850 4054 καὶ

569 4090 834 4142 κάλλιστα
880 4087 1006 4159 περί
1041 4088 1210 4159 αὐτῆς
1248 4089 1706 4160 φιλονεικήσαντα
1733 4092 1913 4161 λέγειν
1936 4110 1948 4123 ·
1986 4111 2006 4144 ι
2044 4093 2160 4147 Κᾶν
2200 4094 2437 4165 ψωμίσω
2464 4094 2640 4148 πάντα
2670 4093 2737 4146 τά
2800 4091 3117 4162 ὑπάρχοντά
3160 4106 3261 4159 μου
3286 4130 3302 4152 ,
3342 4090 3445 4142 κᾶν
3490 4091 3720 4161 παραδῶ
3787 4093 3849 4145 τὸ

571 4179 734 4248 σῶμά
780 4193 909 4243 μου.
964 4177 1049 4229 ἵνα
1093 4179 1482 4250 καυθήσομαι,
1526 4180 1749 4251 ἀγάπην
1791 4181 1849 4234 δὲ
1905 4181 1979 4253 μὴ
2022 4181 2148 4251 ἔχω,
2227 4185 2384 4237 οὐδὲν
2441 4185 2788 4255 ὠφελοῦμαι.
2848 4184 2974 4236 Ἐὰν
3020 4184 3141 4243 ταῖς
3187 4179 3463 4249 γλώσσαις
3491 4180 3599 4233 τῶν
3629 4183 3846 4254 ἀνθρώ-

570 4290 689 4325 πων
736 4273 880 4325 λαλῶ
926 4271 1022 4323 καὶ
1066 4269 1172 4323 τῶι
1225 4272 1504 4339 ἀγγέλων,
1552 4272 1777 4343 ἀγάπην
1818 4272 1875 4324 δὲ
1912 4274 1987 4342 μὴ
2022 4273 2150 4342 ἔχω,
2191 4276 2395 4346 γέγονα
2443 4278 2645 4347 χαλκὸς
2675 4278 2845 4348 ἠχῶν,
2876 4278 2910 4347 ἢ
2938 4274 3218 4345 κύμϐαλον
3277 4272 3566 4337 ἀλαλάζον.
3604 4293 3622 4325 ο
3655 4277 3843 4348 Πρόσ-

569 4384 721 4420 ωπον
761 4363 854 4421 οῦν
892 4369 999 4439 ἀρα
1024 4408 1039 4430 ,
1090 4351 1185 4419 καὶ
1224 4365 1390 4419 εἰκὼν
1441 4368 1499 4419 ἐν
1543 4367 1674 4437 ἡμῖν
1719 4368 1814 4419 τοῦ
1863 4366 2117 4438 Σωτῆρος
2155 4370 2414 4441 Χριστοῦ,
2455 4376 2551 4442 τῆς
2587 4372 2808 4440 ἀγάπης
2834 4369 2895 4422 τὸ
2919 4368 3200 4438 καύχημα.

644 4457 796 4523 XIII,
833 4458 922 4515 56.
970 4458 1107 4511 Dicit
1136 4458 1185 4511 ei
1222 4457 1407 4512 Simon
1465 4455 1695 4512 Petrus:
1745 4458 2005 4518 Domine,
2056 4473 2157 4525 quo

2333 4463 2504 4532 Λέγει
2538 4460 2701 4525 αὐτῷ
2750 4462 2949 4529 Σίμων
3004 4461 3261 4528 Πέτρος·
3315 4462 3521 4525 Κύριε,
3557 4461 3677 4515 ποῦ
3698 4465 3847 4518 43x-

572 4549 724 4604 vadt’s
747 4551 772 4604 Ρ
2259 4552 2459 4622 dre,“

644 4641 972 4696 Sciscitatur
1028 4657 1225 4697 rursus
1287 4641 1481 4698 Petrus
1536 4632 1793 4697 discendi
1844 4640 2055 4702 studio,
2102 4646 2157 4694 et

2331 4643 2684 4695 Φιλοπευστεῖ
2715 4641 2780 4712 δὴ
2821 4641 2982 4695 πάλιν
3030 4643 3095 4695 ἐκ
3138 4640 3496 4713 φιλομαθείας
3537 4643 3565 4693 ό
3609 4643 3843 4711 Πέτρος,

570 4735 843 4792 sermonis
878 4735 985 4787 vim
1014 4743 1069 4789 et
1100 4737 1369 4789 rationem
1396 4733 1616 4789 curiose
1645 4732 1889 4803 indagat,
1915 4732 2157 4786 nondum

2261 4734 2356 4787 καὶ
2412 4731 2837 4802 περιεργάζεται
2887 4731 2982 4784 τοῦ
3022 4732 3182 4801 λόγου
3230 4735 3327 4803 τὴν
3360 4733 3618 4803 δύναμιν,
3660 4736 3845 4794 συνεὶς

572 4827 905 4896 intelligens,
943 4825 1104 4895 755
1131 4835 1191 4879 ut
1225 4826 1471 4887 videtur,
1517 4824 1648 4893 quid
1675 4825 1780 4879 sibi
1816 4824 1982 4879 vellet
2010 4825 2157 4893 quod

2265 4825 2364 4894 μὲν
2404 4822 2557 4875 οὔπω
2582 4865 2596 4889 ,
2653 4821 2795 4876 κατά
2842 4824 2903 4877 τὸ
2946 4824 3124 4888 εἰκὸς,
3164 4824 3241 4887 ὡς
3282 4825 3392 4895 ἔχει
3424 4826 3484 4877 τὸ
3524 4826 3841 4895 εἰρημένον.

569 4920 777 4973 dictum
807 4928 914 4983 est,
938 4917 1478 4972 vehementissimum
1506 4923 1687 4968 tamen
1714 4916 1981 4985 sequendi
2001 4914 2157 4968 Chri-

2264 4908 2607 4984 θερμοτάτην
2640 4931 2703 4982 γε
2734 4915 2840 4985 μὴν
2877 4917 2959 4978 εἰς
2990 4915 3051 4968 τὸ
3087 4915 3196 4968 δεῖν
3227 4916 3454 4969 ἕπεσθαι
3497 4917 3577 4987 τῷ
3614 4916 3841 4987 Χριστῷ

570 5010 639 5064 sti
677 5008 1015 5064 desiderium
1052 5024 1162 5080 pra:
1196 5024 1256 5067 se
1304 5006 1514 5062 ferens.
1548 5005 1605 5060 In
1637 5022 1761 5077 quo
1788 5007 2157 5062 admiratione

2260 5005 2357 5075 τὴν
2401 5005 2707 5076 προθυμίαν
2752 5007 3043 5076 εἰσφέρων.
3090 5008 3199 5061 Καὶ
3244 5007 3573 5076 ἀξιάγαστος
3627 5009 3730 5079 μὲν
3782 5010 3845 5061 ἐν

571 5103 735 5172 digna
787 5113 872 5157 est
898 5103 1046 5155 ratio
1081 5110 1136 5156 et
1178 5100 1315 5154 ordo
1365 5099 1790 5169 discipulorum.
1852 5098 1961 5153 Nec
2011 5098 2157 5152 enim

2260 5096 2430 5165 τούτῳ
2460 5098 2569 5149 τῶν
2636 5096 2892 5167 μαθητῶν
2923 5101 2955 5169 ἡ
2987 5099 3161 5163 τάξις.
3207 5101 3279 5152 Οῦ
3329 5100 3439 5170 γάρ
3480 5101 3655 5168 δήπου
3703 5103 3840 5173 φαίη

569 5194 713 5247 ullus
738 5194 940 5248 dixerit
968 5192 1210 5252 Petrum,
1237 5191 1330 5260 qui
1371 5190 1607 5266 primum
1650 5191 1792 5243 inter
1810 5174 2050 5244 caeteros
2079 5189 2157 5242 lo-

2260 5203 2339 5249 τις
2365 5186 2451 5247 ἂν,
2470 5188 2551 5240 ὅτι
2571 5188 2679 5240 τῶν
2705 5189 2907 5259 ἑτέρων
2941 5191 3228 5255 συνέντων,
3255 5192 3414 5261 τυχὸν
3448 5193 3607 5263 μόνος
3636 5193 3843 5263 ἠγνόη-

567 5301 691 5340 cum
721 5287 961 5347 tenebat,
1005 5283 1213 5336 idcirco
1248 5282 1592 5350 interrogare
1634 5281 1780 5351 quod
1813 5280 2029 5337 caeteris
2068 5282 2157 5335 in-

2260 5294 2352 5330 σεν
2376 5282 2404 5332 ό
2430 5281 2887 5350 προτεταγμένος,
2933 5281 3023 5334 διά
3057 5299 3116 5334 τε
3152 5282 3309 5335 τοῦτο
3333 5270 3597 5354 διερωτᾷν
3620 5299 3635 5314 ο
3669 5272 3844 5353 παρα-

569 5379 949 5448 telligeutihus
989 5376 1106 5445 ipse
1140 5373 1325 5428 forsan
1377 5375 1677 5446 ignoraret,
1713 5375 1809 5431 sed
1842 5376 1890 5431 ei
1920 5384 1978 5430 ut
2013 5391 2153 5446 prae-

2260 5371 2497 5440 χωροῦσι
2538 5370 2593 5423 δὲ
2644 5370 2846 5440 μᾶλλον
2890 5372 2964 5436 ὡς
3007 5372 3300 5444 προῦχοντι
3354 5375 3414 5426 τὸ
3462 5372 3843 5445 κατάρχεσθαι

568 5471 730 5538 cipuo
774 5484 839 5521 ac
893 5465 1224 5536 pnecellenti
1280 5466 1488 5536 primas
1550 5466 1808 5537 loquendi
1865 5481 1933 5522 ac
1980 5468 2153 5522 libere

2260 5465 2438 5532 λόγου,
2492 5464 2589 5517 καὶ
2631 5464 2945 5535 παρρησίας
2989 5465 3085 5535 τῆς
3133 5467 3191 5517 ὲν
3232 5464 3311 5535 τῷ
3352 5463 3838 5520 διαπυνθάνεσθαι.

568 5558 947 5630 interrogandi
1001 5564 1185 5627 partes
1230 5557 1561 5615 concedunt.
1610 5558 1666 5613 In
1719 5573 1907 5615 aurem
1945 5559 2152 5631 quippe

2260 5557 2421 5626 φημί.
2457 5555 2530 5608 Τὸ
2558 5555 2666 5625 γὰρ
2695 5558 2775 5618 εἰς
2794 5554 3113 5611 διδασκάλου
3144 5556 3325 5610 λαλεῖν
3350 5558 3539 5621 ἀκοάς,
3578 5557 3698 5610 οὐδὲ
3722 5559 3841 5622 τοῖς

648 5739 742 5793 ³³1
788 5739 916 5795 Cor.
950 5755 1066 5807 xm,
1097 5740 1151 5794 3.
1231 5739 1274 5771 ³³
1324 5738 1340 5791 l
1386 5737 1514 5794 Cor.
1567 5755 1678 5802 xiv,
1719 5739 1737 5792 l
1772 5753 1927 5809 seqq.
2036 5738 2076 5768 "
2114 5737 2127 5790 Ι

2260 5752 2295 5806 Γ,
2360 5750 2473 5796 xm,
2517 5733 2627 5790 l-i.
