3992 6316
168 321 272 380 169

1221 326 1289 383 ΙΝ
1327 324 1615 384 JOANNIS
1647 323 2095 384 EVANGELIUM
2126 326 2252 382 LIB.
2284 325 2377 382 IX.

3333 332 3436 388 HC

124 437 312 503 ,εἷναί
361 458 416 495 τι
448 440 731 511 δοκοῦσιν,
782 445 1085 502 ἀκίνδυνον.
1127 446 1450 518 Θαυμαστὸς
1499 447 1556 501 δὲ
1606 446 1759 501 οὐδὲν

1879 446 2117 517 nagistri
2151 446 2324 517 loqui,
2360 461 2429 501 ne
2464 445 2530 502 iis
2560 445 2783 516 quidem
2834 445 2929 515 qui
2973 461 3033 502 se
3076 444 3291 517 aliquos
3340 463 3440 519 pu-

167 530 333 608 ἦττον
359 536 389 588 ὁ
415 535 644 608 Πέτρος,
679 537 780 591 οὐκ
807 538 949 593 αἰδοῖ
979 539 1074 594 τοῦ
1106 539 1182 612 μὴ
1205 541 1382 594 δοκεῖν
1408 535 1548 594 εἶναι
1582 539 1758 611 νωθὴς

171 628 275 700 τὴν
304 628 513 698 εῖδησιν
544 627 654 681 τῶν
682 628 1061 699 ἀγνοηθέντων
1105 630 1458 703 ζητούμενος,
1486 631 1602 685 ἀλλ’
1631 631 1755 698 ὀξὺς

172 720 267 773 ἐπὶ
294 720 356 772 τὸ
388 722 589 790 χρῆναι
625 719 918 789 σοφοῦσθαι
944 721 1172 793 τρέχων,
1198 724 1292 777 καὶ
1313 725 1573 796 αἰσχύνης
1600 724 1759 779 ἀκαί-

174 827 274 882 ρου
310 811 600 882 κρείττονα
635 811 734 883 τὴν
769 814 834 866 ἐκ
858 815 958 884 τῆς
996 813 1354 885 φιλομαθείας
1380 816 1566 887 ὄνησιν
1604 832 1759 887 ποιη-

177 906 450 973 σάμενος,
504 904 594 958 ἵνα
633 904 806 969 τύπος
850 907 964 969 τοῖς
1015 907 1135 978 μεθ’
1176 906 1370 962 ἑαυτὸν
1431 909 1534 963 κάν
1587 907 1760 977 τούτῳ

175 998 421 1070 γένηται.
454 1000 577 1052 Δεῖν
620 1000 730 1070 γὰρ
762 995 918 1070 οἴμαι
976 998 1051 1070 μὴ
1085 1000 1453 1071 παρατρέχειν
1502 1002 1596 1071 sev
1633 1002 1761 1065 τοὺς

176 1091 289 1145 τῶν
319 1090 684 1144 διδασκόντων
717 1090 938 1159 λόγους,
990 1092 1151 1161 εἰπερ
1197 1091 1264 1146 ἂν
1312 1088 1423 1145 εἷεν
1462 1093 1525 1145 οὐ
1553 1093 1760 1164 σφόδρα

179 1183 371 1249 σαφεῖς
393 1220 408 1245 ,
458 1181 547 1234 ῖνα
578 1180 724 1243 τινὲς
753 1177 894 1233 εἶναι
939 1178 1219 1250 δοκῶμεν,
1267 1181 1482 1252 ἀγχίνοι
1523 1200 1583 1236 τε
1615 1182 1757 1249 λίαν,

178 1272 271 1326 καὶ
300 1271 519 1343 δριμεῖς
553 1273 635 1332 εἰς
663 1270 880 1326 σύνεσιν
905 1289 919 1303 ·
956 1271 1415 1328 διαπυνθάνεσθαι
1442 1274 1499 1328 δὲ
1536 1276 1758 1345 μᾶλλον,

177 1364 274 1418 καὶ
302 1361 698 1416 ἀνασκαλεύειν
743 1363 1127 1433 ἐπιστημόνως
1168 1364 1232 1417 τὸ
1278 1365 1339 1418 ὲν
1395 1366 1538 1437 ἀρχῇ
1587 1365 1763 1437 παρα-

178 1454 371 1527 δεχθὲν
412 1455 495 1520 εἰς
546 1454 756 1525 ὄνησιν.
802 1453 946 1507 Πολὺ
976 1454 1087 1525 γὰρ
1129 1454 1368 1526 ἀμείνων
1405 1458 1438 1527 ἡ
1476 1457 1572 1510 τοῦ
1622 1472 1763 1526 συμ-

181 1549 442 1621 φέροντος
470 1548 674 1618 γνῶσις
709 1546 1097 1617 δοκησισοφίας
1122 1548 1305 1619 κενῆς,
1340 1550 1435 1604 καὶ
1464 1549 1559 1603 τοῦ
1589 1549 1763 1603 δοκεῖν

179 1641 571 1708 ἑξεπίστασθαί
593 1659 667 1707 τι,
693 1642 938 1714 κρεῖττον
969 1639 1036 1694 ἂν
1064 1638 1150 1711 εῐη
1177 1638 1273 1694 τοῦ
1313 1644 1426 1713 [γρ.
1452 1639 1536 1713 τὸ]
1571 1641 1764 1712 μαθεῖν

181 1736 414 1806 ἀληθῶς.

1863 547 1981 595 tant
2021 546 2202 594 tutum
2240 539 2311 595 sit
2342 552 2406 594 ac
2436 552 2720 595 securum.
2752 535 2937 592 Nihilo
2969 540 3100 593 vero
3134 538 3317 593 minus
3345 541 3441 593 ad-

1859 629 2127 686 mirabilis
2156 638 2243 686 est
2274 629 2492 690 Petrus,
2530 630 2626 698 qui
2676 628 2813 684 nihil
2856 628 3071 684 veritus
3117 628 3440 699 opinionem

1861 724 2181 790 tarditatis,
2238 739 2361 794 quae
2401 723 2698 793 ignorabat
2762 722 2958 792 qumrit
3025 720 3287 788 edoceri,
3342 722 3463 791 sed.

1860 831 2078 873 summo
2111 816 2299 873 studio
2331 831 2392 872 se
2423 830 2491 871 eo
2521 813 2761 879 confert,
2805 813 3193 884 intempestivo
3239 813 3438 885 pudori

1860 910 2158 966 utilitatem
2193 908 2527 965 eruditionis
2561 905 2884 979 prrelerens,
2921 913 2982 961 ut
3027 906 3082 961 in
3125 905 3233 961 hoc
3271 907 3439 961 etiam

1859 1003 1983 1060 suis
2027 1002 2265 1073 posteris
2316 1000 2571 1070 exemplo
2622 1013 2688 1054 ac
2737 999 3068 1055 documento
3119 1008 3288 1054 esset.
3328 996 3442 1055 Nec

1859 1095 2007 1150 enim
2071 1093 2317 1148 arbitror
2374 1090 2755 1161 praetereunda
2794 1090 2963 1145 verba
3021 1089 3342 1144 docentium
3393 1088 3441 1144 si

1860 1186 2027 1256 paulo
2063 1184 2177 1241 sint
2218 1182 2565 1248 obscuriora,
2601 1188 2662 1236 ut
2695 1180 2981 1236 videamur
3010 1194 3136 1235 esse
3165 1178 3357 1248 aliqui,
3391 1186 3445 1233 et

1863 1270 2047 1348 sagaci
2086 1284 2250 1347 atque
2284 1282 2447 1330 acuto
2485 1272 2756 1344 imprimis
2807 1271 3029 1342 ingenio
3056 1269 3314 1340 praediti,
3348 1268 3445 1325 sed

1864 1369 2263 1426 seiscitandum
2298 1370 2506 1439 potius,
2551 1377 2606 1423 et
2631 1368 2795 1423 docte
2830 1365 3152 1437 agitandum
3201 1362 3348 1435 quod
3378 1362 3448 1419 ad

1864 1462 2157 1516 utilitatem
2192 1460 2354 1514 initio
2382 1458 2729 1529 propositum
2764 1458 2858 1513 sit.
2890 1456 3061 1512 Multo
3089 1456 3235 1511 enim
3267 1456 3449 1526 potior

1863 1560 1946 1609 est
1978 1552 2055 1607 rei
2082 1551 2237 1606 utilis
2273 1549 2514 1620 cognitio
2540 1564 2706 1620 quam
2735 1563 2877 1604 vana
2906 1547 3194 1618 sapientia:
3222 1561 3449 1615 persua-

1866 1646 1973 1709 sio,
2029 1651 2085 1699 et
2123 1659 2253 1699 vere
2303 1642 2515 1714 aliquid
2570 1641 2839 1698 didicisse
2890 1641 3089 1697 melius
3144 1653 3229 1696 est
3281 1654 3447 1712 quam

1870 1737 2013 1793 scire
2044 1736 2245 1791 videri.

263 1827 575 1896 Ἀπεκρίθη
595 1827 757 1893 αὐτῷ
795 1832 827 1883 ὁ
860 1829 1102 1899 Ἰησοῦς
1127 1846 1140 1860 ⁸
1173 1829 1356 1884 Ὅπου
1393 1828 1507 1897 ἐγὼ
1530 1828 1760 1897 ὑπάγω,

1941 1827 2093 1892 XIII,
2130 1826 2223 1883 '56.
2266 1824 2560 1895 Respondit
2596 1824 2756 1881 Iesus
2784 1840 2802 1877 :
2846 1824 2962 1891 Quo
3001 1841 3092 1896 ego
3143 1825 3302 1892 vado,
3344 1841 3449 1880 non

183 1921 252 1973 οὐ
269 1918 535 1974 δύνασαί
554 1936 657 1989 μοι
681 1919 799 1974 νῦν
821 1919 1200 1987 ἀκολουθεῖν,
1230 1918 1674 1985 ἀκολουθήσεις
1696 1915 1766 1970 δὲ

184 2012 463 2079 ὕστερον.

254 2104 425 2167 Εἰδὼς
453 2104 538 2158 ὅτι
564 2103 789 2178 βαρεῖάν
816 2122 875 2159 τε
906 2105 1000 2159 καὶ
1023 2104 1264 2175 δυσαχθῆ
1292 2107 1405 2169 τοῖς
1437 2104 1632 2158 ἑαυτοῦ
1663 2121 1769 2176 μα-

186 2197 375 2269 θηταῖς
397 2196 612 2268 ὲνθήσει
634 2198 736 2268 τὴν
759 2196 958 2269 λύπην,
993 2198 1296 2267 ἀναφανδὸν
1325 2197 1498 2252 εἰπὼν
1530 2198 1607 2262 ὡς
1634 2199 1768 2252 ἀνα-

186 2289 410 2361 ϐήσεται
465 2291 567 2361 μὲν
600 2292 680 2353 εἰς
717 2291 985 2363 οὐρανοὺς
1009 2328 1025 2354 ,
1069 2292 1311 2363 ἐρήμους
1338 2291 1397 2344 δὲ
1425 2290 1529 2362 τῆς
1571 2289 1765 2344 ἑαυτοῦ

112 2368 117 2373 ’
187 2381 490 2453 παρουσίας
520 2381 671 2436 ἐάσει
695 2383 839 2436 κατά
862 2382 961 2454 τὴν
988 2383 1115 2453 γῆν,
1135 2384 1184 2436 εἰ
1211 2384 1306 2437 καὶ
1327 2383 1581 2438 συνέσται
1605 2383 1768 2437 πάλιν

185 2473 259 2538 ὡς
290 2473 448 2539 Θεὸς,
485 2473 888 2544 εὐπεριστόλως
904 2475 1043 2546 πρὸς
1071 2475 1134 2529 τὸ
1162 2475 1337 2545 παρὸν
1361 2475 1672 2547 ἀποχρῆται
1691 2472 1769 2544 τῷ

186 2564 349 2634 λόγῳ,
383 2565 730 2620 διακλέπτων
755 2566 853 2636 ὴρέ
863 2584 938 2637 μα
958 2566 1054 2621 τοῦ
1082 2567 1174 2621 νοῦ
1201 2567 1301 2639 τὴν
1324 2567 1631 2638 ἀκρίϐειαν.
1658 2564 1772 2619 Καὶ

186 2656 316 2725 γοῦν
345 2657 447 2710 οὐκ
471 2656 681 2721 εἰδότας
709 2656 870 2727 ὁρῶν,
891 2660 949 2710 ὲν
980 2658 1130 2729 αὐτῷ
1159 2659 1342 2729 μένειν
1366 2660 1452 2731 ἑᾷ.
1471 2658 1553 2712 Τὰ
1577 2656 1772 2731 γάρτοι

188 2748 375 2803 λυπεῖν
413 2749 681 2814 εἰωθότα,
737 2749 1056 2821 βαρυτέροις
1097 2751 1210 2805 ἔσθ’
1244 2752 1334 2805 ὅτε
1379 2749 1772 2816 κατασκιάζειν

188 2841 366 2910 λόγοις
412 2842 517 2895 οὐκ
567 2841 899 2914 ἀμελέτητον
937 2846 1050 2907 τοῖς
1084 2844 1286 2914 σοφοῖς.
1332 2844 1397 2898 Εἰ
1424 2844 1534 2915 γὰρ
1567 2843 1664 2898 καὶ
1691 2843 1773 2896 ὅτι

192 2936 431 3007 μάλιστα
450 2935 550 3005 τῆς
572 2934 669 2988 ἀνθ
679 2935 994 3007 ρωπότητος
1017 2937 1274 3008 ἀπαρχὴν
1298 2937 1489 2991 ἑαυτὸν
1506 2935 1774 3006 ἀνακομί-

190 3029 298 3094 ζων
329 3027 412 3100 τῷ
435 3028 554 3099 Θεῷ
570 3030 661 3083 καὶ
688 3030 888 3103 Πατρί,
906 3028 1006 3100 τὴν
1028 3030 1108 3092 εἰς
1132 3029 1195 3083 τὸ
1216 3029 1350 3094 ἀνω,
1382 3028 1479 3083 καὶ
1506 3029 1588 3091 εἰς
1610 3028 1776 3099 ούρα-

192 3122 321 3185 νοὺς
355 3121 661 3192 ἀποδημίαν
694 3120 1008 3187 ἐστέλλετο,
1058 3120 1154 3175 καὶ
1197 3120 1339 3192 ὑπὲρ
1374 3121 1473 3192 τῆς
1520 3119 1776 3175 ἀπάντων

194 3212 531 3277 λυσιτελείας
583 3213 645 3266 τὸ
676 3213 953 3284 δρώμενον
1002 3208 1071 3283 ἦν
1104 3212 1431 3282 (ὲνεκαίνισε
1485 3211 1596 3283 γὰρ
1642 3213 1774 3282 ἡμῖν
1803 3239 1849 3302 C

195 3306 330 3371 ὁδὸν,
366 3306 437 3378 ἢν
464 3307 565 3361 οὐκ
583 3306 701 3378 ᾔδει
733 3305 1000 3378 πρότερον
1030 3308 1063 3377 ἡ
1094 3304 1385 3377 ἀνθρώπου
1418 3305 1622 3376 φύσις),
1641 3304 1778 3359 ἀλλά

194 3416 256 3465 γε
286 3401 403 3463 τοῖς
436 3398 613 3467 ἁγίοις
652 3398 923 3470 μαθηταῖς
967 3398 1055 3452 ἀεὶ
1090 3401 1330 3453 συνεῖναι
1364 3397 1776 3465 σπουδάζουσιν,

194 3492 253 3545 ού
282 3491 518 3563 φορητὸν
541 3487 683 3545 εἶναι
710 3491 1015 3561 διεφαίνετο
1058 3491 1120 3545 τὸ
1154 3491 1485 3562 χωρίζεσθαι
1514 3491 1777 3563 Χριστοῦ,

197 3584 375 3639 καίτοι
412 3584 667 3647 συνόντος
703 3583 889 3648 αὐτοῖς
916 3584 1006 3638 διὰ
1029 3585 1228 3648 παντὸς
1249 3586 1316 3655 τῇ
1345 3582 1439 3636 τοῦ
1462 3582 1605 3636 Πνεύ
1613 3599 1781 3654 ματος

194 3679 420 3750 δυνάμει
442 3695 503 3731 τε
526 3679 621 3732 καὶ
644 3678 957 3750 συνεργείᾳ.
1004 3677 1329 3748 Ἀγνοοῦντα
1347 3677 1527 3731 τοίνυν
1553 3675 1647 3730 τὸν
1673 3692 1781 3747 μα-

198 3771 390 3841 κάριον
431 3771 639 3842 Πέτρον
690 3770 802 3823 τῶν
841 3771 1150 3842 εἰρημένων
1181 3771 1283 3842 τὴν
1334 3769 1590 3840 δύναμιν,
1642 3766 1781 3838 ὁμοῦ

198 3866 306 3926 τοῖς
329 3863 510 3928 ἄλλοις
548 3862 847 3935 μαθηταῖς,
894 3864 950 3917 ὲν
996 3863 1178 3934 ταυτῷ
1213 3863 1394 3934 μένειν
1427 3863 1512 3933 ἑᾷ,
1563 3863 1658 3915 καὶ
1684 3862 1783 3914 οὐκ

200 3957 359 4020 εὐθὺς
402 3956 659 4026 ἐφίστησι
697 3958 766 4027 τῇ
811 3955 920 4009 τῶν
945 3954 1253 4027 εἰρημένων
1286 3954 1562 4026 ἀκριϐείᾳ,
1588 3952 1784 4024 χρησί-

205 4060 342 4113 μως,
381 4042 543 4113 ἄχρις
598 4042 665 4097 ἀν
715 4044 900 4107 αὐτοῖς
948 4043 1040 4097 τὸν
1090 4043 1433 4099 ἀνακτᾶσθαι
1487 4043 1785 4113 δυνάμενον

201 4131 523 4203 διαπερανεῖ
547 4131 724 4201 λόγον.
756 4131 927 4187 Τοῦτο
962 4136 1058 4188 καὶ
1081 4134 1139 4187 ὲν
1167 4136 1280 4197 τοῖς
1308 4133 1506 4203 ἐφεξῆς
1530 4133 1787 4188 ποιοῦντα

204 4224 580 4296 θεωρήσομεν.
597 4225 760 4293 Λέγει
779 4225 890 4297 γὰρ
907 4225 1044 4297 πρὸς
1065 4224 1283 4288 αὐτούς·
1304 4244 1322 4276 ι
1347 4225 1783 4296 Συμφέρειύμῖν,

204 4317 292 4371 ῖνα
321 4316 436 4385 ἐγὼ
470 4316 712 4371 ἀπέλθω.
759 4316 886 4371 Ἐὰν
926 4317 1032 4389 γὰρ
1071 4316 1183 4386 ἐγὼ
1233 4316 1307 4388 μὴ
1340 4316 1585 4381 ἀπέλθω,
1616 4318 1645 4370 ὁ
1675 4318 1790 4370 Πα-

206 4407 480 4479 ράκλητος
499 4409 563 4461 ού
605 4408 682 4478 μὴ
717 4406 846 4481 ἔλθῃ
891 4407 1029 4479 πρὸς
1073 4408 1236 4477 ὑμᾶς.
1267 4427 1287 4459 ι
1314 4406 1509 4463 Φθάνει
1552 4422 1617 4476 γε
1658 4406 1786 4477 μὴν,

203 4502 278 4564 ὡς
307 4500 445 4563 Θεὸς
470 4539 487 4563 ,
529 4499 962 4569 ἐπαγγείλασθαι
1011 4498 1235 4553 θέλοντα
1274 4498 1365 4552 τὸν
1410 4498 1678 4569 μαθητὴν,
1703 4499 1788 4552 ὅτι

1866 1930 2012 1991 potes
2038 1935 2119 1975 me
2147 1917 2301 1973 modo
2331 1919 2514 1989 sequi,
2546 1918 2779 1989 sequeris
2819 1927 2995 1972 autem
3033 1926 3233 1987 postea.

1939 2103 2077 2161 Cum
2107 2102 2278 2159 sciret
2306 2100 2458 2173 gravi
2485 2108 2539 2156 et
2560 2099 2896 2156 intolerabili
2925 2112 3164 2156 maerore
3196 2098 3450 2155 aﬂ‘ectum

1868 2199 1937 2255 iri
1960 2212 2094 2255 suos
2112 2197 2444 2269 discipulos,
2476 2196 2524 2252 si
2546 2203 2735 2266 aperte
2757 2194 2966 2251 diceret
2995 2210 3055 2251 se
3088 2210 3449 2251 ascensurum

1869 2290 1937 2345 in
1970 2289 2150 2345 cmlos
2193 2296 2251 2343 et
2285 2303 2387 2344 sua
2433 2288 2730 2357 praesentia
2766 2301 2864 2343 eos
2896 2286 3268 2356 privaturum,
3321 2286 3453 2343 licet

1870 2399 2069 2440 rursus
2103 2391 2163 2438 ut
2184 2381 2332 2438 Deus
2355 2381 2652 2437 adfuturus
2678 2389 2848 2445 esset,
2884 2381 3200 2437 obscuriori
3236 2382 3452 2451 imprae-

1873 2477 2179 2533 sentiarum
2212 2475 2392 2530 utitur
2439 2490 2717 2539 sermone,
2772 2485 3024 2530 exactam
3077 2474 3201 2545 ejus
3246 2474 3454 2530 intelli-

1872 2572 2112 2643 gentiam
2144 2566 2352 2625 senslh
2387 2568 2722 2638 subripiens.
2750 2567 2814 2621 Et
2843 2568 3065 2638 quidem
3090 2568 3453 2643 nesciosillos

1872 2636 2089 2730 videns,
2119 2662 2176 2717 in
2203 2661 2397 2718 eodem
2444 2636 2593 2716 statu
2643 2659 2769 2714 illos
2820 2636 3113 2727 relinquit:
3160 2658 3455 2728 Sapientes

1872 2757 2078 2827 quippe
2110 2751 2461 2826 gravioribus
2512 2750 2787 2805 interdum
2833 2749 3023 2804 verbis
3057 2749 3364 2804 obscurant
3390 2762 3457 2803 ea

1881 2865 2003 2922 quae
2044 2861 2337 2904 mmrorem
2370 2844 2569 2900 aﬂerre
2616 2844 2817 2898 solent.
2856 2841 2969 2897 Etsi
3007 2841 3150 2896 enim
3186 2839 3456 2911 primitias

1878 2940 2242 3000 humanitatis
2267 2939 2511 3010 seipsum
2547 2936 2658 2991 Deo
2680 2950 2748 2989 ac
2778 2934 2927 2989 Patri
2956 2933 3209 2996 olferens,
3251 2932 3306 2986 in
3339 2946 3456 2987 cm-

1878 3040 1961 3093 los
1994 3034 2265 3097 ascendit,
2329 3032 2496 3101 idque
2551 3043 2653 3100 pro
2703 3028 2953 3083 omnium
3000 3026 3245 3081 utilitate
3294 3023 3461 3078 ﬂebat

1882 3128 2050 3200 (viam
2081 3125 2246 3181 nobis
2275 3124 2624 3189 instauravit,
2662 3128 2877 3175 naturas
2921 3117 3164 3173 hominis
3191 3116 3344 3186 prius
3382 3114 3464 3169 in-

1881 3216 2205 3290 cognitam),
2236 3223 2616 3270 verumtamen
2644 3209 2860 3265 sanctis
2888 3207 3182 3278 discipulis
3213 3205 3310 3277 qui
3336 3219 3464 3274 per-

1879 3319 2047 3382 petuo
2076 3323 2200 3364 cum
2235 3322 2300 3362 eo
2331 3303 2544 3361 versari
2591 3302 2863 3366 volebant,
2914 3298 3270 3355 intolerabile
3305 3297 3462 3352 vide-

1880 3381 2044 3460 batur
2072 3417 2102 3456 a
2137 3399 2366 3455 Christo
2399 3394 2637 3466 seiungi,
2681 3394 2810 3449 licet
2843 3392 2927 3447 eis
2976 3389 3221 3462 Spiritus
3260 3381 3486 3444 virtute'

1878 3506 1934 3553 et
1968 3493 2209 3551 elIicacia
2242 3503 2458 3559 semper
2491 3488 2732 3542 adesset.
2766 3484 2994 3539 Beatum
3026 3484 3211 3553 itaque
3239 3480 3461 3536 Petrum

1880 3589 1993 3642 vim
2034 3594 2089 3641 et
2111 3597 2333 3641 sensum
2361 3594 2554 3636 eorum
2580 3592 2704 3648 quae
2743 3576 3070 3632 dicebantur
3103 3589 3216 3629 non
3251 3573 3462 3628 intelli-

1882 3687 2098 3751 gentem
2129 3688 2238 3731 una
2277 3686 2402 3727 cum
2449 3670 2574 3725 aliis
2619 3665 2919 3737 discipulis
2968 3665 3025 3719 in
3070 3662 3265 3718 eodem
3312 3669 3464 3717 statu

1882 3769 2171 3841 relinquit,
2204 3780 2308 3821 nec
2357 3763 2545 3819 statim
2587 3768 2760 3815 totam
2812 3772 2929 3812 rem
2962 3757 3011 3811 ei
3057 3755 3221 3826 756
3263 3755 3461 3824 aperit,

1882 3863 2095 3919 utiliter
2125 3859 2179 3914 id
2212 3857 2461 3928 quidem,
2484 3854 2662 3909 donec
2694 3862 3004 3908 sermonem
3045 3848 3127 3903 eis
3174 3860 3284 3917 quo
3315 3843 3467 3900 refo-

1883 3949 2063 4005 cillari
2093 3950 2313 4018 possint
2347 3941 2640 4014 peregerit.
2684 3938 2842 4006 Quod
2875 3936 3099 4007 quidem
3146 3936 3201 3990 in
3232 3949 3468 4004 sequen-

1885 4038 2036 4093 tibus
2062 4035 2245 4091 facere
2273 4034 2456 4103 ipsum
2487 4029 2816 4086 videbimus.
2843 4027 2936 4082 Ait
2968 4027 3176 4097 quippe
3205 4026 3273 4081 ad
3299 4026 3461 4081 illos:

1890 4148 1910 4182 ι
1946 4128 2179 4199 Expedit
2206 4126 2366 4182 vobis
2394 4133 2457 4181 ut
2485 4137 2588 4195 ego
2616 4122 2837 4177 rallam.
2885 4117 2942 4173 Si
2974 4120 3122 4174 enim
3166 4132 3277 4172 non
3312 4117 3465 4173 abie-

1886 4238 1972 4289 ro,
2010 4221 2330 4287 Paracletus
2367 4232 2480 4272 non
2516 4215 2697 4272 veniet
2752 4212 2820 4267 ad
2864 4225 2963 4265 vos
3007 4210 3075 4264 ³³.
3127 4228 3147 4261 ι
3194 4209 3467 4264 Ρηενεηὶι

1885 4323 2093 4378 tamen,
2125 4298 2185 4367 ut
2220 4310 2386 4376 Deus,
2439 4306 2774 4377 discipulum
2824 4303 3159 4359 denuntiare
3187 4302 3465 4356 volentem

1888 4423 1948 4464 se
1969 4406 2204 4478 impigre
2225 4409 2576 4465 secuturum,
2610 4406 2664 4453 et
2695 4396 2847 4451 illico
2877 4393 3223 4461 adfuturum,
3249 4392 3467 4446 nemine

1887 4498 2224 4563 retardante,
2270 4503 2328 4551 et
2363 4497 2439 4549 ait
2466 4511 2480 4548 :
2520 4512 2540 4545 ‹
2569 4491 2691 4558 Quo
2728 4503 2830 4560 ego
2861 4488 3025 4555 vado,
3057 4501 3167 4541 non
3199 4493 3351 4555 potes
3379 4499 3468 4538 me

204 4594 298 4647 καὶ
317 4591 679 4662 ἀκολουθήσει
731 4592 1051 4663 προθύμως,
1093 4592 1188 4645 καὶ
1235 4592 1490 4646 συνέσται
1532 4591 1777 4663 γοργῶς,

1893 4590 2057 4647 modo
2095 4588 2272 4659 sequi,
2307 4583 2561 4655 sequeris
2592 4588 2774 4636 autem
2810 4586 3025 4651 postea.
3070 4596 3089 4629 ι
3136 4575 3271 4642 Quae
3299 4573 3467 4629 verba

202 4684 418 4746 οὐδενὸς
460 4683 611 4754 αὐτῷ
658 4683 758 4754 τὴν
808 4682 1116 4755 προθυμίαν
1170 4684 1657 4754 ἀνασειράζοντος,
1694 4682 1789 4737 καί

205 4793 369 4848 φησιν
388 4793 405 4808 °
446 4795 466 4828 ι
501 4776 676 4830 Ὅπου
711 4775 905 4845 ὑπάγω
928 4775 1055 4844 ἐγὼ,
1085 4776 1146 4828 ού
1170 4774 1395 4830 δύνασαί
1428 4782 1518 4846 μοι
1539 4775 1636 4831 νῦν
1655 4778 1788 4830 ἀκο-

205 4871 489 4942 λουθῆσαι,
520 4870 905 4941 ἀκολουθήσεις
949 4872 1007 4925 δὲ
1053 4871 1298 4939 ὕστερον.
1338 4890 1357 4923 ι
1395 4872 1505 4925 Καὶ
1542 4871 1725 4941 διττὴν
1761 4873 1792 4924 ό

205 4962 364 5031 λόγος
407 4962 587 5017 ὠδίνει
619 4963 717 5034 τὴν
751 4962 989 5017 ἔννοιαν·
1036 4956 1112 5017 ὧν
1165 4965 1198 5032 ἡ
1234 4964 1332 5032 μὲν
1364 4962 1461 5032 μία
1505 4980 1791 5034 προχειρο-

206 5055 343 5126 τάτη
371 5054 467 5107 καὶ
496 5054 617 5107 λίαν
645 5054 921 5126 εὐτριϐὴς,
960 5053 1307 5125 ἀφανεστέρα
1335 5053 1393 5106 δέ
1426 5072 1540 5117 πως
1564 5056 1597 5125 ἡ
1628 5054 1791 5124 ἑτέρα

212 5145 305 5197 καὶ
333 5145 394 5198 ὲν
424 5144 734 5215 αἰνίγμασι.
758 5146 960 5199 Φάσκει
990 5144 1089 5212 μὲν
1107 5144 1237 5213 γὰρ,
1254 5142 1329 5206 ὡς
1349 5143 1450 5196 οὐκ
1472 5142 1538 5196 ἂν
1573 5141 1791 5196 δύναιτο

215 5235 307 5289 νῦν
338 5236 654 5291 ἀκολουθεῖν
689 5232 833 5308 πρὸς
861 5237 925 5290 τὸ
977 5236 1089 5290 ἀνω
1124 5235 1412 5306 βαδίζοντι,
1450 5234 1545 5287 καὶ
1601 5234 1791 5287 παλιν-

217 5327 506 5399 δρομοῦντι
533 5327 669 5399 πρὸς
697 5328 928 5399 οὐρανόν
951 5343 963 5357 ·
1001 5327 1360 5398 ἀκολουθήσει
1395 5343 1459 5393 γε
1492 5326 1598 5397 μὴν
1655 5326 1794 5397 μετὰ

220 5421 407 5487 ταῦτα,
440 5420 958 5491 ἀποκαθισταμένης
989 5421 1232 5491 δηλονότι
1272 5423 1384 5482 τοῖς
1429 5420 1607 5488 ἁγίοις
1641 5419 1793 5489 παρά

223 5512 458 5584 Χριστοῦ
492 5514 595 5583 τῆς
643 5516 702 5567 ὲν
733 5514 912 5567 ἐλπίσι
961 5513 1129 5584 τιμῆς
1155 5530 1215 5565 τε
1247 5514 1341 5567 καί⁸
1368 5513 1547 5582 δόξης,
1600 5515 1689 5566 ὅτε
1718 5515 1796 5576 εἰς

226 5603 316 5675 τὴν
362 5606 477 5661 ἀνω
524 5606 847 5675 γενήσονται
904 5604 1080 5670 πόλιν,
1131 5602 1227 5657 καὶ
1269 5602 1795 5675 συμϐασιλεύσουσιν

324 5782 370 5816 ³³
405 5780 571 5840 Joan.
616 5796 728 5844 xw,
759 5780 811 5832 7.
888 5778 931 5811 ³⁸
968 5779 1097 5834 Luc.
1127 5795 1276 5844 χειν,
1310 5779 1397 5836 49.

548 5876 819 5935 PATnOL.
867 5872 978 5933 Gn.
1028 5873 1283 5933 LXXIV.

1893 4681 2166 4751 duplicem
2223 4690 2449 4732 sensum
2485 4671 2734 4743 pariunt,
2786 4682 3024 4739 quorum
3073 4680 3219 4721 unus
3271 4663 3467 4718 obvius

1889 4782 1975 4830 est
2009 4787 2074 4826 ac
2112 4766 2428 4831 familiaris,
2467 4765 2605 4820 alter
2635 4761 2929 4819 obscurior
2957 4765 3013 4815 et
3043 4755 3349 4828 aenigmatis
3383 4752 3469 4806 in-

1891 4866 2138 4922 volutus.
2174 4860 2322 4915 Dicit
2354 4857 2499 4913 enim
2537 4854 2682 4925 quod
2729 4868 2839 4908 non
2873 4849 3056 4922 possit
3089 4845 3243 4915 sequi
3274 4857 3468 4899 ascen-

1894 4958 2112 5013 dentem
2145 4966 2211 5007 ac
2236 4954 2599 5006 revertentem
2629 4945 2684 5000 in
2705 4943 2933 5004 cmlum,
2958 4947 3251 4995 secuturus
3282 4943 3470 4989 tamen

1895 5051 1967 5107 sit
2028 5053 2243 5119 postea,
2301 5040 2549 5111 reposito
2594 5036 2858 5092 nimirum
2909 5028 3118 5088 sanctis
3166 5041 3196 5081 a
3248 5026 3471 5081 Christo

1901 5143 2107 5197 honore
2155 5138 2211 5192 in
2256 5150 2352 5205 spe
2402 5140 2458 5189 et
2515 5130 2728 5202 gloria,
2786 5122 3011 5195 quando
3068 5121 3124 5174 in
3172 5130 3468 5188 supernam

1903 5231 2247 5286 asciscentur
2289 5225 2589 5285 civitatem,
2638 5228 2693 5273 et
2729 5230 2839 5271 una
2874 5228 2997 5268 cum
3028 5225 3096 5264 eo
3136 5207 3467 5279 regnabunt.

1901 5320 2006 5377 Sed
2038 5327 2093 5374 et
2135 5315 2284 5372 aliud
2329 5327 2494 5385 porro
2542 5309 2837 5379 signiﬁcat,
2879 5302 3026 5373 quod
3055 5300 3221 5371 quale
3256 5298 3351 5366 sit,
3386 5298 3473 5352 di-

1899 5428 2042 5469 cam.
2080 5408 2334 5464 Nondum
2372 5404 2545 5460 induti
2567 5402 2769 5454 virtute
2797 5412 2863 5452 ex
2893 5397 3008 5449 alto
3041 5394 3121 5461 ³⁸,
3146 5407 3323 5463 neque
3344 5390 3470 5445 dum

1902 5513 2159 5573 suscepto
2195 5508 2389 5556 sancto
2437 5494 2649 5566 Spiritu
2694 5489 2796 5569 qui
2851 5488 3206 5543 conﬁrmaret
3257 5499 3374 5547 eos,
3420 5489 3476 5536 et

1904 5597 2144 5655 hominis
2179 5600 2430 5648 naturam
2465 5588 2530 5643 ad
2562 5581 2943 5639 fortitudinem
2979 5579 3331 5641 reformaret,
3363 5589 3473 5627 non

2995 5856 3029 5912 6
