3992 6316
521 341 615 398 ΠΙ

1515 333 1572 387 S.
1615 328 1891 386 CYRILIJ
1935 324 2406 382 ALEXANDRINI
2443 323 2761 381 ARCHIEP.

3683 319 3790 375 I72

521 458 776 522 poterant
804 457 1034 505 mortem
1065 461 1406 519 expugnare,
1441 461 1507 502 ac
1539 446 1808 502 adversus
1837 453 1948 500 tam
1977 445 2107 499 hor-

2219 443 2377 514 ιύτῷ.
2410 442 2675 512 Σημαίνει
2724 440 2780 492 δέ
2810 456 2863 492 τι
2907 439 3044 509 πρὸς
3086 439 3261 508 τούτῳ
3304 436 3396 490 καὶ
3433 435 3644 501 ἓτερον,
3694 437 3792 489 καὶ

523 540 688 596 ribile
725 539 1107 610 spectaculum
1159 552 1219 592 se
1269 536 1588 607 accingere.
1643 535 1780 591 Nam
1819 551 1946 590 cum
1998 535 2103 590 soli

521 631 746 686 Christo
801 638 1162 700 competeret,
1217 629 1385 699 eique
1439 629 1532 683 uni
1567 636 1910 684 reservatum
1959 633 2107 682 esset

523 723 724 778 mortis
757 723 1058 792 potentiam
1095 721 1472 791 confringere,
1513 721 1800 790 probabile
1843 735 1956 775 non
1987 728 2108 775 erat

525 819 667 876 alios
703 826 832 872 ante
867 806 1057 888 ipsum'
1095 817 1151 871 id
1199 831 1365 888 agere
1413 831 1598 886 posse.
1644 815 1872 872 Mortem
1903 817 2108 888 quippe

524 929 638 969 non
683 920 948 977 metuere,
980 909 1112 981 quid
1139 908 1310 976 aliud,
1339 924 1546 979 quaeso,
1591 924 1716 965 esse
1749 917 1954 977 potest,
1997 908 2107 965 nisi

524 1014 786 1066 mortem,
816 1003 975 1074 quasi
1026 1001 1161 1057 nihil
1203 1017 1404 1056 nocere
1434 1002 1596 1057 nobis
1621 1003 1824 1072 possit,
1857 1011 2108 1057 eontem-

527 1097 700 1153 nere?
731 1095 945 1151 Idcirco
977 1110 1098 1150 meo
1142 1093 1355 1163 judicio
1406 1093 1509 1165 ipsi
1556 1109 1778 1165 quoque
1824 1095 2109 1165 prophetae

530 1199 762 1244 mortem
799 1188 1144 1258 ingruentem
1177 1185 1676 1253 exhorrescebant,
1699 1186 1859 1256 quasi
1895 1202 1990 1256 per
2018 1201 2108 1241 re-

531 1283 930 1338 surrectionem
973 1280 1176 1334 Christi
1228 1278 1475 1333 nondum
1530 1279 1894 1334 destructam.
1949 1278 2109 1344 Quod

529 1389 656 1428 cum
700 1384 855 1429 recte
903 1378 1093 1427 nosset
1137 1369 1370 1437 Paulus,
1405 1369 1625 1425 dicebat
1659 1368 1902 1425 Verbum
1960 1369 2110 1441 quod

528 1479 597 1518 ex
620 1464 728 1518 Deo
763 1462 925 1517 Patre
953 1469 1008 1517 et
1048 1461 1102 1514 in
1139 1461 1250 1516 Deo
1280 1467 1388 1518 est.
1424 1459 1658 1516 Abrahae
1691 1475 1881 1516 semen
1911 1473 2110 1530 appre-

531 1555 809 1620 hendisse,
855 1562 917 1609 ut
969 1568 1067 1624 per
1119 1559 1352 1608 mortem
1407 1561 1616 1608 sanctae
1653 1553 1840 1609 carnis
1876 1561 2111 1608 mortem

531 1647 880 1719 proﬂigaret,
937 1661 1148 1717 eosque
1201 1647 1464 1701 liberaret
1529 1646 1852 1717 quicunque
1915 1646 2113 1702 timore

532 1741 727 1797 mortis
797 1741 876 1796 rei
937 1754 1156 1810 semper
1210 1747 1371 1794 erant
1419 1739 1642 1794 vivendi
1701 1739 1986 1795 servitutis
2043 1739 2109 1792 ³⁷.

2211 539 2382 600 ποῖον,
2409 537 2538 608 ἐρῶ.
2563 533 2728 587 υῦπω
2748 532 2844 603 τὴν
2868 531 2928 597 ἐξ
2958 531 3124 601 ὕψους
3153 529 3508 600 ἐνδυσάμενοι
3534 527 3788 598 δύναμιν,

2207 629 2329 682 οὐδὲ
2365 629 2426 681 τὸ
2455 627 2700 698 ἐνισχύον
2733 626 2952 688 αὐτοὺς,
2992 623 3084 678 καὶ
3112 625 3190 687 είς
3229 622 3484 693 ἀνδρείαν
3513 619 3791 674 ἀναπλάτ-

2206 738 2299 773 τον
2323 719 2421 791 τὴν
2455 718 2746 790 ἀνθρώπου
2779 717 2944 786 φύσιν
2982 715 3367 786 κομισάμενοι,
3395 712 3623 782 Πνεῦμά
3647 728 3794 782 φημι

2207 811 2271 882 δὴ
2291 811 2354 864 τὸ
2378 809 2554 879 ἆγιον,
2585 810 2682 880 οὑχ
2719 803 2822 862 οἷοί
2857 825 2919 862 τε
2955 803 3100 878 ἦσαν
3143 805 3374 860 θανάτου
3419 806 3792 875 καταγωνίζε-

2211 904 2356 970 σθαι,
2404 903 2500 958 καὶ
2546 906 2660 966 τοῖς
2707 903 2852 954 οὕτω
2915 901 3269 972 δυσαντήτοις
3313 899 3795 954 ἀνταποδύσασθαι

2209 994 2481 1066 δείμασιν.
2504 991 2613 1048 Ἦν
2638 993 2747 1066 γὰρ
2771 993 2868 1048 καὶ
2894 992 3070 1056 άλλως
3090 992 3354 1046 ἀπίθανον
3383 992 3529 1063 μόνῳ
3548 992 3794 1064 πρέπον-

2208 1103 2303 1148 τος
2337 1085 2432 1139 καὶ⁵
2465 1083 2840 1157 τετηρημένου
2885 1082 2964 1154 τῷ
3007 1083 3220 1153 Σωτῆρι
3262 1083 3484 1154 Χριστῷ
3536 1084 3633 1138 τοῦ
3666 1101 3796 1137 συν-

2211 1176 2432 1248 θραύειν
2477 1175 2737 1231 δύνασθαι
2784 1176 2879 1230 τοῦ
2923 1175 3157 1230 θανάτου
3209 1176 3271 1229 τὸ
3317 1176 3540 1246 κράτος,
3573 1176 3796 1248 ἐτέρους

2212 1269 2319 1341 πρὸ
2348 1268 2514 1323 αὑτοῦ
2539 1269 2698 1323 τοῦτο
2721 1269 2973 1340 δρῶντας
2995 1268 3248 1340 ὁρᾶσθαι.
3277 1268 3352 1322 T6
3384 1269 3494 1340 γὰρ
3534 1268 3608 1340 μὴ
3631 1286 3798 1324 κατα-

2210 1362 2586 1434 δειμαίνεσθαι
2611 1361 2860 1428 θάνατον,
2891 1362 2943 1415 τί
2984 1361 3050 1415 ἂν
3090 1361 3279 1432 ἕτερον
3307 1361 3392 1432 εἴη
3427 1362 3609 1432 τυχὸν,
3643 1361 3798 1433 ἠθα-

2212 1454 2374 1508 νάτου
2403 1456 2788 1524 καταφρονεῖν,
2811 1453 2888 1517 ὡς
2917 1452 3071 1506 οὐδὲν
3099 1453 3305 1507 ἀδικεῖν
3351 1452 3661 1524 ίσχύοντος;
3697 1456 3798 1509 Διά

2211 1563 2294 1598 τοι
2321 1544 2500 1610 τοῦτο,
2531 1545 2673 1600 κατά
2723 1562 2787 1614 γε
2842 1545 2936 1598 τὸν
2986 1544 3258 1616 ἡμέτερον
3300 1545 3447 1608 νοῦν,
3498 1547 3592 1600 καὶ
3639 1547 3798 1601 αὐτοὶ

2214 1639 2576 1710 κατέφριττον
2631 1639 2682 1692 οί
2727 1639 2990 1711 μακάριοι
3035 1641 3317 1711 προφῆται
3356 1640 3654 1710 προσιόντα
3703 1641 3800 1695 τὸν

2216 1729 2470 1795 θάνατον,
2497 1729 2573 1793 ὡς
2592 1729 2746 1782 οῦπω
2767 1747 3017 1801 κατηργη
3027 1730 3188 1802 μένον
3214 1730 3302 1784 διὰ
3327 1730 3426 1800 τῆς
3445 1731 3800 1799 ἀναστάσεως

531 1831 715 1886 Prima
747 1832 950 1901 quippe
985 1831 1182 1886 mortis
1211 1830 1508 1886 dissolutio
1540 1829 1643 1884 fuit
1670 1830 1859 1899 passio
1902 1830 2111 1885 saluta-

2219 1820 2311 1874 τοῦ
2342 1820 2605 1893 Χριστοῦ.
2649 1821 2854 1892 Ὀρθῶς
2879 1821 2938 1875 δέ
2969 1821 3129 1876 τοῦτο
3155 1823 3334 1887 συνεὶς
3392 1825 3483 1878 καὶ
3506 1828 3534 1879 6
3563 1825 3796 1890 Παῦλος,

532 1925 632 1991 ris,
667 1933 722 1980 et
755 1924 973 1979 initium
1021 1925 1232 1979 sanctis
1269 1931 1510 1978 strenuae
1545 1923 1810 1980 adversus
1840 1938 1961 1980 eam
1994 1924 2108 1978 vir-

532 2015 668 2070 tutis
703 2015 1039 2071 resurrectio
1077 2013 1287 2070 Christi
1325 2013 1447 2068 fuit.
1480 2013 1620 2070 Cum
1660 2015 1829 2087 igitur
1858 2031 1980 2086 quae
2012 2030 2110 2070 sua

533 2114 730 2160 natura
760 2107 874 2161 vita
903 2113 988 2162 est
1014 2113 1247 2160 mortem
1270 2106 1516 2161 nondum
1546 2115 1890 2172 evacuasset,
1927 2121 2113 2175 neque

533 2213 698 2269 porro
735 2197 886 2252 illius
926 2196 1272 2252 formidinem
1315 2197 1521 2252 nostris
1555 2196 1757 2252 animis
1781 2197 2108 2252 incumben-

533 2295 645 2340 tem
698 2284 1046 2354 infregisset,
1105 2284 1441 2341 infirmiores
1493 2284 1902 2355 quodammodo
1956 2295 2116 2342 erant

535 2376 804 2432 adversus
830 2377 1075 2447 pericula
1107 2377 1387 2448 discipuli.
1413 2377 1651 2449 Ideoque
1689 2379 1827 2434 scite
1849 2377 2114 2436 Dominus

537 2469 832 2539 aliquando
871 2469 1091 2524 Petrum
1133 2471 1188 2524 in
1219 2484 1442 2524 crucem
1472 2480 1656 2525 actum
1698 2469 1807 2533 iri,
1837 2479 1891 2524 et
1919 2469 1976 2524 in
2011 2471 2116 2526 hoc

535 2566 858 2614 secuturum
905 2575 985 2623 se,
1017 2559 1197 2615 innuit
1238 2558 1404 2614 simul
1431 2573 1497 2613 ac
1535 2559 1702 2624 dicit;
1744 2558 1893 2628 quod
1934 2568 2115 2614 autem

535 2663 684 2704 nunc
713 2649 779 2704 ad
809 2657 1022 2702 tantum
1049 2656 1331 2704 certamen
1355 2647 1642 2703 infraCtam
1679 2647 1841 2719 757
1875 2655 2113 2704 utentem

536 2758 646 2798 non
696 2741 918 2808 habeat,
977 2741 1229 2796 ostendit
1265 2741 1506 2797 dicens:
1555 2759 1574 2793 ι
1624 2741 1745 2807 Quo
1787 2756 1888 2814 ego
1938 2742 2114 2808 vado,

537 2851 647 2891 non
677 2843 834 2906 potes
881 2833 1048 2889 modo
1084 2834 1264 2904 sequi,
1309 2834 1560 2904 sequeris
1607 2843 1789 2891 autem
1837 2841 2046 2906 postea.
2089 2853 2109 2887 ι

535 2925 651 2984 Nisi
697 2927 844 2982 enim
885 2923 1036 2979 Petri
1085 2931 1321 2979 mortem
1379 2925 1436 2980 in
1492 2925 1579 2980 his
1629 2925 1816 2982 verbis
1864 2925 2116 2982 Christus

2222 1911 2327 1982 ἔφη
2359 1913 2452 1966 τὸν
2489 1913 2554 1965 ἐκ
2595 1910 2732 1965 Θεοῦ
2775 1912 2992 1984 Πατρὸς
3045 1913 3139 1967 καὶ
3167 1913 3225 1968 ἐν
3251 1913 3370 1986 Θεῷ
3419 1915 3550 1971 ὄντα
3601 1917 3796 1985 Λόγον,

2220 2005 2534 2077 σπέρματος
2567 2005 2816 2078 Ἀϐραὰμ
2848 2005 3259 2078 ἐπιδράξασθαι,
3279 2008 3365 2062 ἴνα
3385 2008 3472 2064 διὰ
3499 2008 3593 2063 τοῦ
3630 2009 3801 2065 θανά-

2215 2114 2310 2150 του
2339 2097 2441 2166 τῆς
2470 2096 2634 2166 ἁγίας
2661 2097 2865 2169 σαρκὸς
2915 2099 3238 2170 καταργήσῃ
3275 2099 3368 2153 τὸν
3401 2100 3628 2155 θάνατον
3651 2143 3666 2168 ,
3707 2103 3800 2154 καὶ

2216 2189 2500 2262 ἀπαλλάξῃ
2545 2191 2774 2255 τούτους
2799 2230 2813 2254 ,
2848 2191 2966 2245 ὅσοι
3013 2191 3163 2263 φόϐῳ
3203 2192 3434 2247 θανάτου
3464 2193 3553 2248 διὰ
3592 2195 3798 2259 παντὸς

2214 2278 2308 2332 τοῦ
2337 2279 2436 2352 ζῇν
2471 2279 2648 2352 ἔνοχοι
2683 2276 2824 2352 ἦσαν
2866 2280 3129 2345 δουλείας.
3171 2281 3368 2354 Πρώτη
3414 2283 3524 2356 γὰρ
3563 2284 3797 2340 θανάτου

2213 2369 2387 2436 λύσις,
2409 2371 2471 2424 τὸ
2493 2372 2763 2444 σωτήριον
2784 2372 2976 2437 πάθος,
3011 2373 3107 2428 καὶ
3151 2373 3294 2446 ἀρχὴ
3342 2377 3455 2440 τοῖς
3489 2377 3680 2446 ἁγίοις,
3699 2377 3800 2449 τῆς

2214 2464 2334 2516 κατ’
2368 2463 2535 2517 αὑτοῦ
2559 2464 2785 2534 γέγονεν
2809 2467 3121 2539 εὐτολμίας,
3153 2469 3186 2539 ὴ
3217 2469 3514 2534 ἀνάστασις
3539 2473 3635 2526 τοῦ
3663 2474 3800 2544 Χρι-

2215 2554 2365 2610 στοῦ.
2408 2555 2576 2611 Οῠπω
2615 2558 2797 2614 τοίνυν
2842 2561 3276 2633 καταργησάσης
3311 2562 3402 2617 τὸν
3434 2563 3665 2620 θάνατον
3697 2565 3800 2636 τῆς

2215 2645 2358 2705 κατὰ
2384 2647 2548 2718 φύσιν
2574 2647 2741 2722 ζωῆς,
2767 2653 2904 2723 μήτε
2934 2653 3043 2724 μὴν
3067 2653 3483 2726 συνθραυσάσης
3504 2657 3594 2711 τὸν
3614 2657 3675 2723 ἐξ
3703 2660 3802 2712 αὑς

2216 2739 2312 2796 τοῦ
2337 2743 2459 2808 ταῖς
2481 2744 2784 2815 ἡμετέραις
2811 2745 3015 2816 ψυχαῖς
3053 2746 3398 2817 ἐμπίπτοντα
3421 2748 3605 2816 φόϐον,
3632 2749 3799 2804 ἀσθε-

2217 2835 2468 2907 νέστεροί
2495 2853 2615 2902 πως
2651 2836 2732 2891 ἐτι
2777 2839 2916 2910 πρὸς
2957 2838 3235 2904 κινδύνους
3277 2836 3418 2912 ἦσαν
3449 2843 3497 2896 oi
3533 2842 3798 2914 μαθηταί.

2220 2925 2320 2978 Διά
2348 2926 2505 2980 τοῦτο
2543 2928 2842 3000 χαριέντως
2878 2931 2907 2983 6
2953 2928 3178 3000 Κύριος,
3221 2931 3303 2985 ὅτι
3355 2933 3803 3006 σταυρωθήσεται

543 3018 700 3074 nobis
739 3016 1130 3082 subinnueret,
1156 3031 1321 3085 quam
1356 3017 1428 3070 ob
1455 3031 1678 3072 causam
1717 3017 1785 3072 ad
1819 3017 1984 3072 unius
2016 3015 2114 3074 Pe-

2221 3018 2362 3073 κατὰ
2391 3020 2619 3091 καιροὺς
2644 3021 2672 3073 6
2702 3021 2908 3093 Πέτρος
2929 3062 2943 3087 ,
2979 3021 3167 3092 ἕψεταί
3187 3040 3249 3076 τε
3278 3025 3420 3079 κατὰ
3463 3023 3622 3078 τοῦτο
3651 3026 3802 3097 αὐτῷ

544 3111 610 3165 tri
647 3122 938 3179 personam
967 3122 1278 3164 sermonem
1313 3110 1608 3174 convertit,
1641 3125 1769 3164 cum
1817 3111 1940 3166 aliis
1985 3125 2114 3167 san-

2226 3111 2591 3177 συνεπινεύει,
2606 3112 2700 3166 καί
2729 3129 2914 3183 φησιν·
2945 3133 2963 3166 ι
2975 3113 3100 3170 Ὅτι
3114 3113 3172 3168 δὲ
3184 3115 3300 3169 νυνὶ
3317 3116 3452 3186 πρὸς
3462 3117 3648 3186 ἀγῶνα
3662 3119 3804 3182 τέως

537 3203 643 3257 etis
691 3201 981 3270 discipulis
1034 3201 1336 3270 promissio
1376 3200 1520 3255 facta
1557 3202 1630 3256 sit
1685 3211 2116 3258 conversaturos

537 3299 593 3346 et
619 3297 908 3346 secuturos
933 3306 1083 3354 eum,
1121 3293 1551 3347 resurrectionis
1581 3292 1840 3347 nimirum
1873 3302 2119 3364 tempore

539 3383 782 3453 reposita
814 3383 896 3438 eis
929 3391 1135 3439 aeterna
1168 3385 1303 3450 vita,
1335 3395 1388 3440 et
1419 3385 1581 3440 bonis
1611 3401 1735 3456 quae
1779 3387 2119 3456 sperantur?

537 3476 708 3545 Atqui
738 3474 1089 3532 manifestum
1123 3484 1208 3532 est
1237 3492 1360 3532 eum
1400 3487 1460 3531 ut
1500 3475 1663 3532 Petro
1697 3478 2027 3547 praenuntiet
2065 3478 2120 3534 id

543 3568 686 3640 quod
721 3569 770 3624 ei
828 3569 1039 3625 ultimis
1095 3570 1442 3640 temporibus
1489 3577 1816 3625 eventurum
1861 3577 2029 3638 esset,
2066 3570 2121 3626 id

544 3662 884 3732 atuigmatice
912 3662 1287 3718 subindicarc.
1330 3661 1394 3715 Et
1431 3662 1651 3732 quidem
1691 3663 1834 3718 alias
1882 3664 2119 3734 idipsum

544 3753 747 3809 clarius
799 3753 1088 3820 indicavit,
1145 3754 1384 3809 dicens:
1435 3772 1456 3806 ι
1513 3752 1650 3808 Cum
1701 3769 1856 3811 esses
1908 3753 2119 3824 junior,

539 3843 801 3914 cingebas
840 3851 912 3907 te,
959 3852 1012 3898 et
1058 3842 1389 3897 ambulabas
1422 3842 1519 3896 ubi
1550 3843 1774 3898 volebas
1805 3860 1821 3898 :
1861 3859 1986 3898 cum
2017 3859 2121 3900 au-

541 3939 650 3986 tem
684 3933 961 3998 senueris,
1016 3933 1282 3988 extendes
1319 3947 1523 3988 manus
1575 3941 1725 4000 tuas,
1771 3945 1826 3992 et
1876 3937 1970 3990 alii
2005 3937 2123 3993 cin-

540 4033 672 4094 gent
697 4033 774 4089 te,
808 4032 864 4080 et
895 4025 1098 4080 ducent
1140 4034 1192 4080 te
1234 4039 1350 4095 quo
1400 4034 1459 4080 tu
1513 4041 1623 4082 non
1651 4028 1756 4084 vis.
1793 4027 1908 4086 Hoc
1937 4037 2118 4085 autem

541 4113 704 4179 dixit,
737 4113 940 4185 inquit,
982 4113 1302 4186 significans
1338 4130 1447 4186 qua
1494 4125 1669 4173 morte
1711 4111 2120 4175 clarificatu’rus

542 4215 690 4261 esset
719 4206 886 4261 Deum
918 4207 983 4261 ³⁸.
1033 4225 1054 4259 ι
1104 4206 1217 4262 Etsi
1261 4209 1406 4262 enim
1440 4205 1744 4277 jucundum
1781 4220 1869 4268 est
1911 4211 2120 4268 sanctis

544 4299 658 4367 pati
693 4313 792 4368 pro
831 4298 1080 4365 Christo,
1113 4299 1426 4369 periculum
1461 4309 1645 4358 tamen
1686 4318 1798 4358 non
1838 4304 1986 4360 ultro
2027 4318 2118 4358 ar-

545 4389 895 4454 cessendum,
934 4389 1034 4446 sed
1073 4389 1360 4446 ferendum
1390 4392 1747 4451 nihilominus
1776 4410 1903 4451 cum
1933 4395 2001 4449 ab
2027 4394 2121 4448 ali-

2223 3201 2315 3254 τὺν
2343 3200 2594 3256 τοσοῦτον
2621 3204 2721 3257 οὐκ
2749 3203 3054 3276 ἄθραυστον
3082 3205 3194 3276 ἔχει
3224 3206 3318 3260 τὸν
3346 3205 3472 3260 νοῦν
3492 3248 3507 3274 ,
3545 3207 3806 3279 ὑποδηλοῖ

2219 3293 2394 3361 λέγων
2419 3309 2433 3324 °
2467 3312 2486 3344 ι
2530 3294 2706 3348 Ὅπου
2761 3295 2873 3365 ἐγὼ
2928 3296 3127 3366 ὑπάγω
3151 3337 3166 3362 ,
3210 3298 3271 3350 οὐ
3314 3296 3544 3351 δύνασαί
3583 3315 3672 3368 μοι
3704 3297 3804 3352 νῦν

2221 3383 2609 3454 ἀκολουθῆσαι,
2647 3385 3038 3457 ἀκολουθήσεις
3071 3386 3129 3440 δέ
3154 3386 3402 3457 ὕστερον.
3439 3405 3458 3438 ι
3488 3385 3550 3440 El.
3579 3385 3688 3458 γάρ
3725 3385 3804 3458 μὴ

2221 3476 2312 3530 τὸν
2339 3477 2434 3530 τοῦ
2458 3478 2667 3549 Πέτρου
2690 3478 2918 3533 Θανάτου
2944 3477 3058 3550 [πρ.
3079 3477 3329 3550 θάνατον]
3359 3480 3420 3531 ἐν
3439 3477 3647 3541 τούτοις
3668 3479 3805 3548 ἡμῖν

2222 3568 2250 3620 6
2281 3566 2517 3639 Χριστὸς
2552 3568 2902 3639 ὑπῃνίττετο,
2929 3567 3026 3622 τοῦ
3053 3568 3117 3640 δὴ
3141 3567 3323 3640 χάριν,
3351 3568 3532 3622 καίτοι
3560 3567 3668 3621 τῶν
3702 3567 3805 3622 ἄλ-

2221 3655 2328 3710 λων
2361 3656 2531 3725 ἁγίων
2552 3655 2867 3710 ἀποστόλων
2905 3657 3138 3726 ἐχόντων
3181 3660 3240 3710 ἐν
3271 3657 3563 3727 ὑποσχέσει
3587 3657 3648 3710 τὸ
3670 3674 3802 3710 συν-

2222 3748 2442 3802 έσεσθαί
2467 3766 2526 3802 τε
2554 3749 2650 3802 καὶ
2693 3748 3004 3802 ἀκολουθεῖν
3033 3748 3180 3819 αὑτῷ
3218 3748 3360 3802 κατὰ
3391 3749 3483 3801 τὸν
3523 3749 3623 3818 τῆς
3666 3752 3805 3803 ἀνα-

2224 3839 2466 3902 στάσεως
2491 3839 2732 3909 δηλονότι
2760 3840 2951 3910 καιρὸν
2975 3879 2990 3906 ,
3046 3839 3565 3911 ἀποκαθισταμένης
3613 3842 3804 3905 αὐτοῖς

2220 3933 2318 4001 τῆς
2341 3931 2619 4002 ἀκηράτου
2650 3931 2815 4003 ζωῆς,
2833 3934 2926 3986 καὶ
2963 3931 3070 3988 τῶν
3115 3934 3173 3987 ἐν
3213 3932 3424 3986 ἐλπίσιν
3449 3931 3694 4002 ἀγαθῶν,
3719 3934 3802 3998 είς

2224 4024 2384 4096 μόνον
2409 4023 2470 4078 τὸ
2495 4023 2588 4077 τοῦ
2614 4024 2822 4096 Πέτρου
2855 4025 3168 4095 πρόσωπον,
3199 4024 3299 4096 τὴν
3327 4023 3422 4077 τοῦ
3449 4024 3606 4093 λόγου
3636 4041 3798 4096 περι-

2224 4115 2403 4186 ίστησι
2438 4113 2698 4187 δύναμιν;
2735 4115 2874 4169 Ἀλλ’
2915 4115 3028 4169 ἐστι
3062 4116 3326 4186 πρόδηλον
3357 4117 3460 4180 ὅτι,
3495 4115 3574 4186 τῷ
3605 4117 3800 4186 Πέτρῳ

2221 4208 2607 4280 προαγγέλλων
2628 4209 2689 4262 τὸ
2714 4210 2772 4262 ἐν
2793 4208 3040 4279 ὑστέροις
3063 4209 3212 4280 αὐτῷ
3234 4208 3647 4280 συμϐησόμενον
3667 4209 3797 4279 χρό-

2228 4317 2366 4365 νοις,
2394 4299 2810 4370 αἰνιγματωδῶς
2836 4300 3191 4370 ὑπεμφαίνει.
3211 4299 3322 4354 Καὶ
3343 4299 3474 4368 γοῦν
3497 4299 3566 4352 δι’
3597 4300 3799 4370 ἐτέρων

2223 4392 2558 4463 σαφέστερον
2600 4390 2732 4444 αὐτὸ
2761 4391 3064 4461 δεδήλωκεν
3087 4389 3260 4445 εἰπών
3283 4407 3297 4422 ⁸
3352 4411 3371 4443 ι
3413 4391 3543 4444 Ὅτε
3575 4386 3640 4462 ἧς
3667 4390 3799 4444 νεώ-

545 4480 746 4549 quibus
777 4481 829 4534 vi
855 4495 919 4536 ac
958 4483 1290 4540 necessitate
1321 4484 1575 4541 infertur.
1613 4485 1829 4541 Idcirco
1866 4494 1921 4542 et
1957 4499 2114 4541 orare

2222 4499 2397 4554 τερος,
2430 4481 2696 4544 ἐζώννυες
2720 4483 2968 4548 σεαυτὸν,
2991 4484 3087 4537 καὶ
3109 4483 3462 4556 περιεπάτεις
3500 4483 3635 4537 ὅπου
3667 4481 3796 4552 ἤθε-

541 4573 718 4643 jubet,
747 4589 816 4628 ne
842 4574 896 4628 in
935 4575 1297 4632 tentationem
1332 4578 1660 4635 incidamus.

2225 4575 2334 4637 λες·
2370 4575 2500 4628 ὅταν
2535 4573 2592 4626 δὲ
2621 4573 2893 4646 γηράσῃς,
2922 4576 3160 4638 ἐκτενεῖς
3204 4577 3302 4640 τάς
3332 4577 3520 4647 χεῖράς
3551 4591 3666 4638 σου,
3704 4575 3798 4628 καὶ

545 4664 694 4718 ἄλλοι
733 4664 968 4730 ζώσουσί
1010 4683 1090 4732 σε,
1134 4668 1229 4721 καὶ
1255 4669 1540 4724 ἀποίσουσι
1561 4687 1621 4724 σε
1651 4670 1784 4722 ὅπου
1824 4669 1886 4722 οὐ
1920 4668 2115 4732 θέλεις.
2153 4665 2324 4721 Τοῦτο
2351 4665 2408 4719 δὲ
2437 4661 2580 4731 εἷπε,
2606 4667 2759 4736 φησὶ,
2793 4667 3073 4736 σημαίνων
3131 4669 3272 4740 ποίῳ
3314 4668 3522 4740 θανάτῳ
3582 4667 3798 4730 δοξάσει

546 4754 636 4807 τὸν
663 4755 814 4810 Θεόν.
865 4775 883 4808 ι
929 4756 990 4809 Ei
1021 4756 1128 4827 γὰρ
1163 4758 1256 4811 καὶ
1279 4758 1427 4813 ἐστιν
1455 4760 1551 4830 ἡδὺ
1584 4762 1696 4823 τοῖς
1726 4759 1901 4828 ἁγίοις
1929 4759 1991 4813 τὺ
2019 4758 2251 4829 πάσχειν
2271 4757 2412 4828 ὑπὲρ
2436 4754 2699 4827 Χριστοῦ,
2755 4756 2867 4810 ἀλλ’
2897 4760 2924 4810 6
2957 4758 3203 4824 κίνδυνος
3261 4761 3322 4813 οὑ
3387 4759 3608 4830 θελητὺς
3675 4761 3797 4830 μὲν,

547 4848 780 4917 φορητὸς
809 4848 854 4901 δ’
875 4844 968 4903 οῦν
1001 4850 1150 4918 ὅμως
1174 4851 1301 4904 ὅταν
1344 4851 1404 4916 ἐξ
1446 4852 1691 4921 ἀνάγκης
1729 4852 1891 4907 τινῶν
1925 4851 2275 4922 ἐπιφέρηται.
2301 4850 2400 4904 Διά
2449 4849 2607 4904 τοῦτο
2639 4849 2735 4904 καὶ
2799 4853 3127 4923 προστάττει
3206 4853 3641 4924 προσεύχεσθαι,
3715 4856 3800 4910 ἴνα

550 4937 625 5009 μὴ
647 4939 975 5011 ἐμπέσωμεν
1007 4943 1086 5004 είς
1119 4941 1446 5012 πειρασμόν.

621 5027 761 5080 Dicit
801 5031 847 5083 ei
902 5029 1132 5085 Petrus:
1162 5031 1404 5094 Domine,
1459 5046 1622 5100 quare
1651 5047 1755 5085 non
1807 5049 2023 5102 possum
2071 5042 2118 5086 te

544 5123 689 5193 sequi
715 5121 869 5176 modo
891 5123 916 5176 Ρ
939 5125 1175 5177 animam
1206 5138 1376 5176 meam
1403 5137 1498 5188 pro
1531 5131 1580 5176 te
1608 5137 1820 5190 ponam.

615 5296 757 5364 Quid
786 5297 1056 5367 prohibet,
1085 5295 1294 5366 inquit,
1323 5294 1622 5364 quominus
1655 5303 1915 5366 sequatur
1961 5298 2010 5354 is
2032 5301 2120 5354 cui

2290 5029 2461 5098 Λέγει
2497 5031 2658 5096 αὐτῷ
2686 5033 2718 5084 ό
2748 5030 2966 5100 Πέτρος
2989 5047 3002 5062 ’
3035 5031 3231 5099 Κύριε,
3261 5031 3417 5085 διατι
3443 5032 3515 5085 οὑ
3539 5030 3801 5104 δύναμαί

2219 5135 2321 5174 σοι
2352 5121 2471 5176 νῦν
2499 5123 2956 5192 ἁκολουθῆσαι;
2983 5125 3098 5193 τὴν
3115 5122 3326 5193 ψυχήν
3349 5141 3468 5194 μου
3493 5124 3652 5193 ὑπὲρ
3680 5125 3796 5180 σοῦ

2220 5213 2408 5280 θήσω.

2291 5305 2354 5357 Τί
2383 5307 2444 5358 τὸ
2474 5307 2704 5372 κωλῦον,
2731 5309 2916 5378 φησὶν,
2944 5309 2975 5377 ἦ
3010 5308 3063 5361 τί
3091 5308 3152 5360 τὸ
3181 5307 3424 5378 ἐξεῖργον
3455 5306 3790 5370 ἀκολουθεῖν,

545 5404 646 5459 pro
677 5390 939 5459 magistro
988 5388 1126 5442 mori
1169 5387 1508 5456 propositum
1539 5397 1642 5452 est,
1694 5389 1900 5458 quique
1951 5405 2016 5447 ea
2065 5407 2114 5448 re

2219 5395 2309 5450 τὸν
2417 5398 2777 5469 προτεθνάναι
2811 5398 2903 5451 τοῦ
2950 5399 3268 5452 διδασκάλου
3322 5398 3546 5464 σκοπὸς,
3601 5399 3696 5452 καὶ
3736 5399 3790 5450 ἐν

545 5483 783 5537 maxime
810 5478 1118 5552 gloriatur?
1166 5479 1338 5536 Omne
1378 5481 1524 5536 enim
1556 5482 1883 5552 periculum,
1914 5493 1968 5538 et
2021 5486 2124 5540 im-

2217 5491 2573 5561 καυχήματος
2606 5489 3081 5560 τάξειλελόγισται
3113 5508 3126 5555 ;
3183 5491 3350 5554 Τέλος
3392 5490 3490 5560 μὲν
3533 5490 3643 5560 γὰρ
3675 5504 3784 5541 κιν-

545 5575 724 5627 manis
775 5571 1221 5641 persequentium
1272 5573 1544 5644 tyrannis,
1572 5589 1794 5630 carnem
1851 5575 2114 5635 duntaxat

2219 5580 2375 5635 δύνου
2399 5584 2617 5650 παντὸς,
2655 5584 2830 5638 καὶτὸ
2855 5585 3155 5656 ἀκρότατον
3186 5583 3374 5657 ῶσπερ
3405 5584 3504 5655 τῆς
3529 5579 3638 5638 τῶν
3667 5582 3786 5637 διω·

618 5751 660 5780 ³⁷
698 5747 861 5802 llebr.
899 5765 951 5816 ι,
1005 5750 1185 5806 15-18.
1266 5752 1306 5781 ³⁸
1339 5749 1496 5805 Joan.
1547 5769 1672 5818 xu,
1719 5753 1802 5812 IS.
1847 5756 1923 5810 l9.
