3992 6316
165 350 251 406 lib
1165 339 1229 393 ΙΝ
1265 338 1550 397 JOA‘NNIS
1588 338 2038 397 EVANGEIJUM
2079 337 2207 395 LIB.
2245 339 2334 395 IX.

3302 350 3399 408 l'M

160 464 347 517 κόντων
379 456 675 511 ἁτιθάσσου
707 454 1040 520 πλεονεξίας,
1072 455 1232 528 μέχρι
1268 456 1435 528 μόνης
1462 457 1717 527 στήσεται

1824 455 2067 525 respicit,
2097 470 2247 512 mors
2285 455 2432 511 enim
2462 454 2728 513 adversus
2753 473 2873 513 eam
2901 476 2915 524 ;
2977 462 3072 533 qui
3104 477 3233 519 vero
3264 464 3406 521 mori

158 555 247 622 τῆς
276 548 473 620 σαρκός
493 565 508 579 ο
536 549 655 602 κατ’
687 547 859 617 αὐτῆς
891 548 1000 620 γὰρ
1029 551 1058 603 ὁ
1097 549 1353 613 θάνατος’
1406 551 1436 602 ὁ
1482 548 1538 602 δὲ
1586 549 1723 619 πρὸς

162 645 300 700 τοῦτο
344 643 577 711 ἑτοίμως
615 641 754 711 ἔχων
780 640 882 712 ήδη
943 642 1038 695 καὶ
1090 640 1565 710 διεσκευασμένος,
1616 640 1721 694 ὑπὸ

162 739 286 800 τίνος
312 735 374 789 ἂν
401 732 779 796 διακωλύοιτο,
811 734 996 803 φησὶν,
1020 733 1264 806 ἀπολέσῃ
1297 733 1353 787 δὲ
1377 732 1494 796 πῶς
1512 732 1572 786 τὸ
1600 733 1724 786 σύν-

160 844 298 883 τονον
324 825 582 897 φρόνημα
626 825 754 896 περὶ
777 824 838 878 τὸ
870 825 1067 896 χρῆναι
1105 825 1326 888 πάντως
1371 823 1720 885 ἀκολουθεῖνς

158 917 463 990 Θερμοτάτη
498 917 598 987 μὲν
624 914 733 987 γάρ
764 918 797 986 ἡ
832 914 1112 987 προθυμία
1147 914 1243 969 τοῦ
1273 916 1507 986 Πέτρου,
1539 916 1634 968 καὶ
1662 914 1723 967 τὸ

162 1011 247 1082 τῆς
271 1008 615 1079 ὑποσχέσεως
638 1007 836 1079 μέτρον
876 1006 1233 1061 πλεονεκτοῦν
1252 1023 1265 1038 ·
1298 1007 1358 1060 ού
1402 1005 1603 1078 μικράν
1623 1005 1722 1077 τὴν

162 1102 366 1156 ἐνοῦσαν
393 1099 547 1171 αὐτῷ
576 1101 804 1171 δύναμιν
852 1099 1129 1169 θεωρήσαι
1170 1115 1254 1162 τις
1290 1099 1376 1163 ἂν,
1437 1098 1636 1169 μᾶλλον
1663 1098 1721 1152 δὲ

160 1195 241 1249 καὶ
262 1193 438 1248 αὐτῶν
466 1194 816 1266 πραγμάτων
847 1191 1040 1263 ἤλεγξε
1066 1192 1126 1246 τὸ
1150 1191 1323 1256 τέλος.
1359 1191 1506 1261 Πλὴν
1545 1191 1722 1245 έκεῖνο

159 1285 497 1340 διασκεπτέον
520 1301 535 1317 ο
571 1283 665 1337 τοῦ
705 1283 816 1355 γὰρ
865 1283 1116 1354 Σωτῆρος
1163 1281 1323 1353 ἡμῶν
1356 1281 1593 1353 Χριστοῦ
1623 1279 1721 1352 τὴν

159 1380 228 1440 είς
253 1376 515 1447 οὐρανοὺς
552 1374 908 1444 άναφοὶτησιν
936 1375 1047 1429 ἄνω
1077 1374 1603 1444 κατασημαίνοντος,
1626 1374 1721 1427 ml.

159 1469 228 1521 ὅτι
261 1465 354 1536 μὲν
386 1464 481 1518 νῦν
515 1465 616 1535 οὐχ
642 1465 832 1534 ἕψεται
877 1463 1128 1531 λέγοντος
1154 1502 1169 1527 ,
1227 1462 1615 1534 ἀκολουθήσειν
1659 1479 1722 1530 γε

160 1556 252 1629 μὴν
280 1555 412 1626 μετὰ
447 1556 628 1608 ταῦτα
650 1595 664 1618 ,
708 1552 1093 1624 πληρωθείσης
1138 1552 1302 1607 αὐτοῦ
1340 1552 1583 1624 δηλονότι
1621 1552 1720 1624 τῆς

1825 546 1938 615 jam
1973 558 2198 616 paratus
2243 554 2347 612 est,
2379 562 2410 601 a
2445 562 2686 618 quonam
2738 551 3147 623 prohibebitur,
3207 558 3404 628 inquit,

1829 635 2106 706 quomodo
2146 634 2413 707 sequendi
2476 636 2776 694 vehemens
2830 640 3074 697 studium
3142 644 3409 716 abjiciet'!

1831 726 1908 782 Ex
1953 726 2361 784 ferventissimo
2416 729 2687 807 siquidem
2749 729 2896 787 Petri
2952 734 3163 805 studio,
3226 746 3281 792 et
3337 753 3407 794 ex

1831 819 2171 875 abundantia
2206 821 2391 879 cordis
2435 830 2758 894 erumpente
2788 826 3174 895 promissione,
3225 832 3403 886 maxi-

1830 925 1976 967 mam
2042 912 2092 968 ei
2130 912 2239 967 vim
2308 913 2532 975 insitam
2589 915 3045 985 deprehenderis,
3104 926 3160 975 et
3219 936 3403 978 rerum

1830 1004 2074 1074 ipsarum
2113 1004 2274 1059 ﬁnem
2320 1005 2652 1075 conjeceris.
2708 1005 3098 1066 Verumtamen
3147 1014 3405 1070 conside-

1827 1096 2060 1151 randum
2102 1104 2187 1152 est
2232 1098 2378 1167 quod
2425 1113 2550 1153 eum
2609 1097 2872 1155 Servator
2931 1109 3119 1159 noster
3162 1105 3404 1162 reditum

1830 1203 1992 1244 suum
2053 1188 2121 1243 ad
2153 1190 2323 1247 coelos
2390 1205 2557 1261 supra
2593 1191 2888 1264 signiﬁcet,
2947 1202 3002 1249 et
3053 1209 3404 1268 nequaquam

1828 1286 2144 1332 secuturum
2177 1294 2237 1335 se
2270 1280 2423 1334 illum
2478 1279 2644 1344 dicat,
2688 1290 3008 1338 secuturum
3037 1291 3222 1344 tamen
3251 1297 3406 1358 post-

1826 1384 1909 1431 ea,
1953 1371 2177 1440 impleta
2216 1372 2428 1427 scilicet
2478 1387 2578 1429 sua
2634 1374 2919 1439 missione,
2968 1384 3219 1448 tempore
3269 1395 3404 1436 con-

1827 1474 1965 1531 gruo
1997 1471 2218 1517 sanctos
2253 1461 2309 1514 in
2350 1475 2645 1531 supernam
2680 1464 2956 1520 civitatem
2992 1476 3241 1534 vocante,
3286 1470 3406 1538 ipse

1830 1548 1895 1603 ad
1927 1550 2172 1619 pericula
2209 1548 2501 1606 subeunda
2550 1559 2806 1621 paratum
2845 1569 2903 1609 se
2934 1570 3058 1611 esse
3087 1556 3401 1626 denuntiat,

158 1646 463 1716 ἀποστολῆς,
488 1644 685 1715 καιροῦ
711 1646 805 1698 τοῦ
839 1645 1142 1716 πρέποντος
1170 1646 1262 1698 ἐπὶ
1298 1646 1398 1716 τὴν
1427 1645 1540 1700 ἄνω
1566 1644 1717 1699 πόλιν

1828 1639 1937 1694 alio
1964 1641 2116 1695 velut
2140 1640 2424 1712 abreptus,
2462 1656 2562 1697 nec
2591 1653 2797 1698 rectam
2855 1644 3021 1716 758
3066 1662 3254 1703 eorum
3281 1665 3405 1720 quae

155 1739 242 1802 τὰς
284 1738 388 1791 τῶν
444 1737 619 1806 ἁγίων
653 1737 948 1800 καλοῦντος
994 1734 1259 1806 κεφαλὰς,
1311 1735 1544 1807 ἑτοίμως
1575 1736 1720 1808 ἔχειν

159 1830 322 1892 αὐτὸς,
352 1829 445 1882 καὶ
481 1827 928 1898 προκινδυνεύειν
958 1826 1382 1895 ἐπαγγέλλεται,
1400 1828 1500 1900 τὴν
1527 1827 1721 1901 ἑτέραν

158 1919 329 1990 ὥσπερ
351 1913 505 1990 οἷμον
538 1918 654 1985 ίὼν,
688 1920 782 1973 ml.
819 1919 895 1991 μὴ
940 1918 1060 1972 κατ’
1106 1919 1235 1973 εὐθὺ
1272 1918 1379 1972 τῶν
1414 1919 1720 1990 λεγομένων

160 2013 429 2083 ἐρχόμενος
466 2011 569 2082 τὴν
602 2011 863 2067 διάνοιαν.
900 2004 1069 2082 Οἶμαι
1098 2010 1154 2063 δὲ
1181 2011 1290 2065 δεῖν
1332 2013 1390 2064 ὲν
1433 2011 1613 2081 λόγοις
1644 2012 1721 2065 εί-

160 2105 288 2165 πεῖν,
320 2101 469 2156 οῦπω
498 2105 616 2167 τοῖς
657 2102 969 2175 εἰρημένοις
1000 2102 1242 2173 ἀκριϐῶς
1286 2104 1588 2175 ἐπιστήσας
1630 2104 1721 2158 τὸν

158 2192 290 2254 νοῦν,
327 2191 494 2246 οἴεται
537 2192 679 2262 τάχα
706 2208 808 2246 που
841 2190 935 2245 τὸν
964 2190 1189 2263 Κύριον,
1221 2192 1254 2263 ἦ
1284 2193 1422 2262 πρός
1443 2210 1594 2257 τινας
1611 2193 1721 2247 τῶν

158 2283 284 2338 κατᾶ
311 2283 404 2354 τὴν
445 2284 710 2337 Ἰουδαίαν
746 2283 1092 2355 ἀγριωτέρας
1120 2283 1473 2355 διαϐήσεσθαι
1502 2284 1716 2357 κώμας,

158 2374 188 2444 ἧ
210 2374 295 2426 καὶ
318 2376 395 2439 είς
416 2372 639 2446 ἑτέρους
651 2374 899 2445 οἴχεσθαι
926 2374 1109 2439 λαοὺς,
1135 2375 1184 2429 οἳ
1213 2375 1469 2433 τοσοῦτον
1490 2376 1549 2442 ἐξ
1565 2380 1720 2450 ἀκρι-

161 2465 270 2530 ϐοῦς
295 2466 464 2538 ἀκοῆς
501 2466 978 2521 ἀποδιακείσονται
1014 2467 1152 2540 πρὸς
1176 2468 1246 2521 τὰ
1268 2469 1400 2541 παρ’
1431 2470 1594 2523 αὐτοῦ
1620 2474 1721 2542 ρη-

160 2555 400 2626 θήσεσθαι
420 2556 710 2628 μέλλοντα,
731 2557 804 2622 ὡς
830 2558 1004 2628 μικρά
1031 2560 1130 2630 μὲν
1152 2560 1347 2631 κομιδῇ
1371 2560 1506 2632 πρὸς
1523 2561 1591 2615 τά
1614 2562 1722 2617 τῶν

160 2647 314 2702 ἄλλων
354 2648 630 2703 Ἰουδαίων
654 2649 979 2721 τολμήματα
996 2666 1011 2681 ⁸
1036 2651 1172 2705 πολὺ
1198 2652 1255 2705 δὲ
1284 2652 1406 2707 λίαν
1432 2654 1724 2725 ἡμερωτά-

159 2755 245 2809 την
262 2740 358 2810 τὴν
399 2738 635 2793 ἐνοῦσαν
671 2741 783 2803 τοῖς
813 2738 1127 2812 Φαρισαίοις
1173 2740 1453 2807 ἀποδεῖξαι
1499 2741 1717 2812 μανίαν.

159 2831 323 2884 Διάτοι
355 2834 514 2885 τοῦτο
548 2831 1047 2904 κατακολουθήσειν
1066 2833 1524 2906 άπαραποδίστως
1546 2836 1721 2903 ἐπαγ-

160 2922 416 2990 γέλλεται,
442 2922 563 2994 οὐχὶ
586 2917 680 2977 οῦν
708 2922 964 2979 τεθνάναι
993 2923 1173 2995 μόνον,
1203 2923 1318 2979 ἀλλ’
1343 2925 1392 2978 εί
1419 2926 1512 2979 καὶ
1535 2925 1721 2980 τεθνά-

1825 1728 2154 1785 dicebantur
2186 1746 2412 1787 sensum
2443 1741 2756 1789 assecutus.
2783 1734 2941 1801 Quod
2976 1738 3196 1807 quidem
3253 1741 3405 1796 arbi-

1822 1829 1943 1877 tror
1988 1837 2112 1877 eum
2177 1822 2385 1888 dicere,
2456 1823 2604 1894 quod
2658 1841 2782 1880 cum
2837 1829 3081 1882 nondum
3145 1839 3405 1887 accurate
3514 1832 3519 1836 ’

1821 1908 2042 1965 Domini
2097 1912 2447 1968 sermonibus
2504 1914 2748 1968 animum
2808 1917 3191 1987 applicuisset,
3276 1937 3401 1977 eum

1823 2001 2012 2060 forsan
2063 2005 2293 2076 putabat
2339 2005 2422 2061 vel
2472 2006 2538 2061 ad
2587 2006 2925 2065 eﬁ'eratiores
2986 2008 3190 2067 Judaza:
3228 2028 3401 2085 pagos

1824 2095 2208 2160 transiturum,
2249 2097 2335 2152 vel
2389 2096 2456 2152 ad
2511 2097 2653 2154 alios
2710 2101 2944 2170 populos
3008 2103 3398 2176 migraturum,

1822 2187 1917 2257 qui
1967 2186 2088 2258 ejus
2122 2190 2478 2246 sermonibus
2538 2191 2620 2247 sic
2672 2194 3039 2263 exasperandi
3096 2205 3305 2263 essent,
3341 2205 3402 2252 ut

1821 2294 2013 2334 eorum
2090 2281 2349 2348 audacia,
2396 2290 2725 2339 caeterorum
2790 2284 3104 2342 Judteorum
3155 2287 3400 2345 audaciae

1822 2380 2139 2442 comparata
2171 2389 2342 2444 parva
2383 2389 2506 2431 esse
2552 2377 2853 2443 videretur,
2890 2386 2945 2435 et
2996 2379 3398 2437 Pharisaeorum

1821 2462 1980 2517 furor
2016 2465 2175 2535 longe
2206 2465 2535 2523 mitissimus
2566 2477 2871 2539 appareret.
2909 2470 3202 2542 Propterea
3241 2489 3402 2531 secu-

1823 2564 2006 2611 turum
2042 2572 2102 2613 se
2130 2559 2365 2614 omnino
2394 2561 2709 2630 pollicetur,
2759 2577 2868 2618 non
2910 2564 3076 2620 modo
3109 2567 3247 2622 mori
3288 2581 3398 2623 non

1823 2648 2161 2714 detrectans,
2191 2650 2287 2705 sed
2319 2651 2363 2707 si
2396 2651 2740 2708 moriendum
2778 2654 2869 2718 sit,
2901 2665 3126 2713 strenue
3169 2658 3222 2712 id
3257 2659 3400 2712 arri-

1823 2739 1997 2809 piens.
2037 2739 2227 2796 Simile
2251 2741 2533 2813 quidpiam
2566 2750 2622 2799 et
2666 2744 2721 2798 in
2784 2747 3166 2816 superioribus
3217 2749 3402 2806 videre

1823 2832 1968 2887 licet.
2020 2831 2278 2890 Christus
2332 2834 2463 2889 olim
2500 2833 2815 2891 Judazorum
2853 2838 3135 2893 vesaniam
3194 2847 3249 2896 et
3305 2841 3401 2897 iras

1823 2924 2205 2997 impotentiam
2257 2941 2322 2981 ac
2355 2925 2558 2999 linguae
2613 2928 2973 2999 petulantiam
3027 2928 3302 2996 devitans,
3343 2932 3399 2986 in

161 3031 238 3067 ναι
273 3015 455 3085 δεήσει
480 3016 554 3086 μὴ
586 3015 887 3071 κατοκνῶν.
926 3016 1080 3086 Ἔχει
1110 3015 1169 3069 δὲ
1206 3016 1383 3087 τούτῳ
1423 3016 1717 3089 παραπληο

1824 3017 2043 3075 Galilaea
2097 3019 2369 3090 degebat,
2419 3020 2607 3092 ibique
2663 3024 2842 3078 multa
2903 3023 3173 3079 miracula
3226 3026 3398 3081 edens

160 3108 299 3172 σίως,
331 3108 423 3161 καὶ
451 3110 509 3162 ἐν
539 3111 650 3173 τοῖς
678 3107 957 3181 ἀνωτέρω,
975 3109 1068 3164 καὶ
1084 3110 1208 3164 ὅποι
1226 3109 1387 3165 πάλιν
1417 3109 1546 3181 ὲρῶ.
1568 3111 1719 3182 Παρ-

160 3202 460 3273 σιτούμενος
505 3202 614 3274 γάρ
660 3197 791 3257 ποτε
824 3203 925 3269 τὰς
969 3201 1078 3257 τῶν
1132 3203 1403 3257 Ἰουδαίων
1465 3203 1720 3275 ἀποπλη-

162 3293 285 3359 ξίας,
311 3293 403 3348 καὶ
421 3293 484 3348 τὸ
515 3295 755 3365 ἀκρατὲς
780 3293 877 3348 τοῦ
905 3292 1102 3363 θυμοῦ,
1132 3295 1224 3349 καὶ
1256 3293 1317 3348 τὸ
1337 3293 1437 3365 τῆς
1466 3292 1718 3363 γλώττης

161 3382 388 3453 ἐξήνιον,
434 3386 546 3447 τοῖς
596 3383 740 3438 κατὰ
792 3384 893 3456 τὴν
946 3384 1236 3438 Γαλιλαίαν
1285 3382 1715 3456 ὲπεχωρίαζενὸ

162 3475 396 3545 Χριστὸς,
425 3475 600 3530 πολλά
630 3493 691 3528 τε
719 3477 850 3547 παρ’
886 3475 1116 3539 ἐκείνοις
1145 3475 1524 3547 τερατουργῶν
1549 3473 1712 3529 ἐθαυ-

164 3566 364 3634 μάζετο.
405 3565 697 3637 Ἐπειδὴδὲ
719 3566 746 3618 ὁ
781 3565 879 3637 τῆς
906 3567 1142 3639 Μαριὰμ
1165 3566 1261 3619 καὶ
1297 3568 1325 3619 ὁ
1356 3565 1454 3636 τῆς
1483 3563 1715 3636 Μάρθας

160 3656 398 3728 τέθνηκεν
425 3658 678 3728 ἁδελφὸς,
705 3659 848 3730 φημὶ
876 3658 940 3730 δὴ
960 3658 1049 3712 τὸν
1071 3650 1342 3726 Λάζαρον,
1384 3656 1524 3725 ἔγνω
1553 3655 1715 3710 πάλιν

158 3746 221 3811 ὡς
245 3748 387 3814 Θεὸς,
410 3746 529 3804 εἶτα
551 3750 701 3814 λέγει
728 3752 840 3814 τοῖς
865 3749 1133 3821 μαθηταῖς
1153 3766 1165 3778 ·
1192 3767 1211 3801 ι
1234 3748 1485 3820 Λάζαρος
1508 3750 1536 3801 ὁ
1562 3748 1715 3817 φίλος

165 3840 299 3912 ήμῶν
324 3842 672 3914 κεκοίμηται,
706 3843 843 3898 ἀλλὰ
868 3842 1174 3914 πορεύομαι
1203 3841 1295 3896 ἵνα
1325 3840 1597 3905 ἐξυπνίσω
1615 3840 1714 3894 αὐ-

158 3932 256 3985 τόν.
296 3951 315 3984 ι
346 3935 487 4005 Πρὸς
509 3934 569 3988 δὲ
608 3933 768 3988 τοῦτό
802 3952 966 4003 φασιν
996 3933 1055 4000 ἐξ
1085 3935 1306 4004 ἀγάπης
1336 3933 1387 3986 oi
1435 3929 1709 4004 μαθηταί·

166 4042 180 4075 ι
210 4020 311 4079 Νῦν
344 4025 571 4097 ἐζήτουν
605 4043 666 4080 σε
722 4026 967 4081 Ἰουδαῖοι
1009 4025 1228 4080 λιθάσαι
1249 4065 1264 4090 ,
1292 4026 1388 4080 καὶ
1419 4024 1581 4079 πάλιν
1610 4024 1714 4078 ὑπ-

163 4113 295 4182 άγεις
315 4117 465 4183 best;
508 4137 527 4171 ι
590 4118 982 4189 ’Δνισταμένου
1014 4117 1073 4171 δὲ
1092 4118 1185 4171 τοῦ
1215 4116 1453 4187 Χριστοῦ
1474 4157 1489 4182 ,
1531 4116 1626 4171 ml.
1653 4114 1715 4169 τὸ

158 4207 330 4279 χρῆναι
359 4209 579 4274 πάντως
621 4210 714 4264 ἐπὶ
757 4211 857 4281 τὴν
895 4208 1005 4264 τῶν
1047 4208 1317 4263 Ἰουδαίων
1351 4209 1713 4280 ὑπονοστῆσαι

158 4298 323 4368 χώραν
346 4300 798 4371 διακελευομένου
830 4318 889 4354 τε
916 4301 1011 4355 ml.
1038 4299 1310 4371 λέγοντος,
1346 4299 1547 4371 Θωμᾶς
1574 4301 1602 4353 ὁ
1627 4300 1713 4353 λε-

1819 3111 2171 3167 admirationi
2220 3113 2437 3170 cunctis
2492 3120 2631 3169 erat.
2676 3113 2895 3170 Mortuo
2952 3130 3082 3171 vero
3127 3115 3312 3172 Mariae
3344 3127 3401 3174 et

1819 3201 2046 3258 Marthae
2076 3203 2250 3259 fratre
2291 3203 2524 3269 Lazaro,
2560 3205 2613 3261 id
2641 3220 2838 3264 rursus
2862 3208 3087 3279 agnovit
3122 3215 3183 3264 ut
3231 3208 3395 3274 Deus,

1818 3293 2048 3364 suisque
2083 3292 2377 3366 discipulis
2404 3296 2588 3351 dixit:
2629 3316 2648 3350 ι
2685 3295 2931 3354 Lazarus
2961 3299 3176 3355 amicus
3211 3310 3400 3355 noster

1817 3387 2058 3455 dormit,
2093 3388 2186 3445 sed
2238 3387 2381 3444 vado
2436 3397 2553 3444 uta
2587 3406 2784 3447 somno
2837 3392 3070 3449 excitem
3111 3408 3239 3449 eum
3265 3393 3331 3449 ⁸³.
3372 3414 3392 3447 ι

1814 3480 1895 3534 Ad
1928 3480 2076 3559 quod
2107 3481 2364 3552 discipuli
2402 3497 2515 3553 pra:
2544 3483 2816 3553 singulari
2845 3499 2976 3556 erga
3007 3500 3134 3541 eum
3166 3485 3351 3541 studio
3380 3504 3395 3541 :

1820 3594 1838 3627 ι
1880 3575 2039 3630 modo
2071 3575 2390 3645 quaerebant
2435 3584 2489 3630 te
2536 3573 2710 3630 Judzei
2766 3576 3034 3647 lapidare,
3090 3584 3145 3634 et
3196 3578 3395 3634 iterum

1814 3666 1971 3721 vadis
1998 3665 2128 3721 illuc
2148 3665 2240 3719 ⁸θῖ
2275 3683 2293 3718 ι
2345 3664 2591 3721 instante
2631 3680 2763 3721 vero
2798 3667 3042 3733 Christo,
3074 3675 3129 3725 et
3160 3669 3395 3725 redeun-

1814 3755 1943 3811 dum
1982 3755 2187 3811 essein
2214 3753 2458 3809 Iudaeam
2491 3754 2716 3809 omnino
2746 3753 2967 3811 dicente
3025 3770 3091 3811 ac
3138 3756 3392 3828 jubente,

1814 3848 2056 3904 Thomas
2095 3849 2188 3919 qui
2214 3847 2500 3903 dicebatur
2533 3846 2819 3920 Didymus,
2853 3848 2980 3904 aliis
3000 3848 3395 3919 condiscipulis

1816 3939 1991 3995 dixit:
2032 3956 2052 3990 ι
2092 3937 2297 3993 Eamus
2324 3945 2378 3992 et
2407 3952 2529 4003 nos,
2581 3947 2644 3993 ut
2672 3939 2979 3993 moriamur
3013 3953 3142 3994 cum
3172 3955 3239 3995 eo
3262 3940 3328 3994 δ’.
3368 3959 3389 3992 ι

1814 4031 2017 4088 Eodem
2053 4038 2308 4102 spectare
2351 4028 2499 4086 Petri
2535 4045 2846 4087 sermonem
2895 4031 3156 4086 arbitror.
3192 4030 3395 4087 Existi-

1816 4130 1927 4179 mat
1960 4123 2105 4180 enim
2131 4121 2343 4188 forsan,
2371 4121 2561 4192 etjam
2598 4122 2711 4177 dixi
2742 4129 2930 4188 antea,
2971 4120 3182 4187 Jesum,
3212 4123 3394 4178 abitu-

1814 4232 1937 4271 rum
1963 4231 2107 4282 esse,
2149 4224 2209 4269 ut
2236 4214 2382 4284 apud
2433 4215 2574 4270 alios
2608 4214 2891 4284 praedicet,
2926 4213 3068 4284 apud
3101 4230 3243 4285 quos
3289 4215 3394 4270 im-

1817 4308 2023 4363 mineat
2045 4309 2094 4362 ei
2126 4305 2470 4378 perieulum:
2502 4304 2735 4375 ideoque
2781 4305 2900 4375 ipse
2930 4313 3079 4361 totus
3110 4305 3165 4359 in
3210 4304 3395 4359 chari-

155 4389 367 4461 γόμενος
424 4394 659 4466 Δίδυμος
713 4398 827 4458 τοῖς
878 4394 1089 4467 ἑτέροις
1135 4393 1240 4465 ἔφη
1287 4393 1707 4464 συμμαθηταῖς·

1824 4407 1981 4456 tatem
2009 4397 2239 4466 eﬁ‘usus,
2276 4408 2542 4453 constans
2577 4404 2632 4453 et
2681 4397 2978 4453 infractum
3020 4396 3088 4452 ad
3120 4398 3224 4453 hoc
3274 4405 3394 4454 stu-

164 4482 437 4555 «Ἃγωμεν
469 4487 567 4541 καὶ
600 4489 783 4558 ἡμεῖς,
825 4487 913 4541 ίνα
942 4487 1304 4557 ἀποθάνωμεν
1336 4488 1453 4558 μετ’
1475 4484 1661 4539 αὐτοῦ.
1687 4505 1706 4539 ι

165 4568 195 4621 Γ
196 4573 385 4629 οιοῦτον
420 4573 579 4648 οἶμαί
602 4595 653 4633 τι
680 4580 776 4632 ml.
808 4579 901 4632 τὸν
925 4578 1034 4633 τῶν
1065 4579 1272 4649 Πέτρου
1310 4579 1569 4651 ῥημάτων
1588 4578 1713 4632 ὠδί-

158 4680 251 4718 νειν
270 4670 484 4725 σκοπόν.
514 4672 703 4725 Οίεται
744 4671 852 4742 γὰρ
890 4671 1055 4737 ἴσως,
1087 4670 1339 4743 καθάπερ
1376 4671 1478 4745 ’ήδη
1525 4673 1711 4745 προεῖο

1819 4490 1971 4546 dium
2000 4490 2297 4544 allaturum
2333 4504 2393 4545 se
2420 4487 2734 4559 pollicetur,
2767 4488 2908 4543 nihil
2928 4488 3042 4559 jam
3097 4503 3393 4559 superesse

1819 4581 2010 4636 dicens
2040 4595 2070 4635 a
2103 4594 2212 4651 quo
2240 4578 2521 4649 prohiberi
2554 4580 2729 4650 possit
2751 4580 3051 4650 quominus
3102 4587 3387 4650 sequatur,

1821 4687 1946 4729 cum
1975 4672 2027 4728 ei
2057 4686 2158 4744 pro
2186 4671 2452 4743 magistro
2472 4671 2613 4725 mori
2640 4672 2976 4742 propositum
3012 4671 3105 4727 sit.

161 4773 265 4825 πον,
303 4756 737 4834 ἀποδραμεῖσθαί
769 4779 862 4815 ποι
908 4761 1305 4834 διακηρύξοντα
1337 4763 1431 4818 τὸν
1476 4763 1703 4834 Ἰησοῦν,
1745 4762 1840 4817 ml.
1862 4762 2190 4817 κινδυνεύειν
2230 4760 2391 4816 αὐτὸν
2464 4760 2593 4832 παρ’
2636 4760 2896 4826 ὲκείνοις·
2938 4761 3025 4815 διὰ
3065 4761 3223 4815 τοῦτο
3292 4761 3388 4816 ml

160 4849 320 4917 αὐτὸς,
345 4851 577 4924 ἐπείπερ
613 4852 760 4907 ἐστὶν
787 4852 849 4918 ἐξ
872 4854 1092 4924 ἀγάπης
1129 4853 1462 4919 ἀκάθεκτος,
1498 4854 1710 4927 ἄμαχόν
1745 4873 1869 4909 τινα
1935 4856 2031 4909 καὶ
2091 4852 2590 4923 δυσανταγώνιστον
2620 4854 2719 4928 τὴν
2766 4856 2844 4919 είς
2885 4854 3043 4908 τοῦτο
3081 4853 3393 4925 προθυμίαν

159 4944 304 4997 οίσειν
338 4946 766 5015 ἐπαγγέλλεται,
811 4947 965 5000 οὐδὲν
996 4947 1075 5001 ἔτι
1119 4947 1397 5012 παντελῶς
1426 4949 1808 5020 ὑπολελεῖφθαι
1836 4950 2008 5019 λέγων
2029 4949 2092 5004 τὸ
2147 4948 2467 5005 διακωλύειν
2501 4950 2703 5021 ίσχύον,
2767 4949 2942 5004 καίτοι
2997 4947 3223 5003 ἕπεσθαι
3281 4948 3390 5004 δεῖν

161 5038 427 5109 ᾑρημένον,
456 5039 686 5111 ἐπείπερ
715 5039 864 5111 αὐτῷ
892 5039 986 5095 ml.
1024 5041 1383 5112 προτεθνάναι
1415 5042 1507 5096 τοῦ
1538 5042 1856 5099 διδασκάλου
1879 5044 2100 5106 σκοπός.

230 5129 522 5200 Ἀπεκρίθη
564 5129 722 5196 αὐτῷ
762 5133 795 5184 ό
843 5130 1107 5199 Ἰησοῦς·
1173 5131 1296 5200 Τὴν
1335 5131 1546 5202 ψυχήν
1595 5149 1712 5189 σου

161 5218 293 5286 ὑπὲρ
326 5220 469 5290 ἐμοῦ
499 5222 746 5292 θήσεις;
792 5222 991 5293 Ἀμὴν,
1019 5223 1182 5294 ἀμὴν·
1207 5223 1365 5295 λέγω
1392 5240 1512 5291 σοι,
1538 5226 1609 5279 οὺ
1625 5224 1711 5295 μὴ

160 5308 400 5383 ἀλέκτωρ
439 5314 709 5385 φωνήσει
732 5356 747 5380 ,
778 5315 889 5383 ἕως
920 5311 992 5372 οὗ
1025 5315 1353 5387 ἀπαρνήσῃ
1376 5333 1454 5387 με
1492 5317 1639 5385 τρίς.

220 5403 447 5468 Μείζονα
481 5406 605 5477 μὲν,
641 5406 674 5478 ἢ
713 5407 834 5461 καθ’
866 5408 1057 5461 ἑαυτὸν
1095 5410 1123 5461 ὁ
1147 5408 1350 5481 Πέτρος
1383 5406 1714 5476 ἐπαγγέλλε-

1883 5135 2022 5202 ΧΙΙΙ,
2058 5135 2147 5192 58.
2173 5134 2461 5205 Respondit
2491 5137 2537 5189 ei
2567 5134 2767 5190 Iesus:
2813 5135 3062 5188 Animam
3105 5141 3251 5187 tuam
3290 5149 3386 5204 pro

1813 5244 1892 5282 me
1912 5229 2112 5296 pones?
2133 5229 2322 5292 Amen,
2356 5245 2507 5283 amen
2536 5228 2653 5282 dico
2683 5227 2797 5295 tibi,
2824 5242 2926 5281 non
2947 5224 3182 5279 cantabit
3206 5225 3385 5296 gallus

1811 5320 1974 5375 donec
2010 5331 2088 5375 ter
2117 5338 2196 5376 me
2227 5338 2400 5392 neges.

1883 5412 2088 5484 Majora
2118 5414 2340 5484 quidem
2374 5426 2539 5484 quam
2592 5409 2771 5480 possit
2820 5407 3017 5464 Petrus
3068 5409 3382 5480 pollicetur,

161 5507 259 5560 ται,
281 5496 378 5549 κᾶν
399 5498 729 5566 ἁξιᾶγαστον
755 5497 854 5572 ἔχῃ
885 5499 983 5570 τὴν
1000 5501 1091 5552 ἐπὶ
1119 5500 1297 5570 τούτῳ
1329 5501 1564 5570 σπουδήν
1579 5515 1593 5529 ·
1615 5497 1710 5552 τοῦ

1824 5504 2068 5577 quamvis
2096 5506 2335 5560 miriﬁco
2363 5503 2531 5560 animi
2575 5500 2761 5557 studio
2820 5501 3123 5573 praeditus:
3180 5510 3384 5573 tempe-

162 5597 216 5649 γε
239 5587 336 5658 μὴν
365 5590 628 5662 ἐσομένου
658 5589 920 5660 χειμῶνος
944 5591 1005 5644 τὸ
1027 5590 1245 5664 άμειδὲς
1265 5631 1281 5658 ,
1311 5593 1405 5646 καὶ
1433 5591 1712 5647 δύσοιστον

228 5769 267 5799 ³*
300 5767 460 5829 Joan.
510 5786 603 5840 XI,
660 5774 744 5828 il.
819 5776 862 5810 ⁵⁰
894 5776 1028 5833 ibid.
1065 5782 1120 5832 8.
1196 5780 1240 5813 ⁴¹
1268 5780 1399 5837 ibid.
1432 5781 1513 5836 16.

1813 5598 1974 5655 statis
2008 5596 2371 5654 nihilominus
2398 5595 2776 5662 acerbitatem,
2807 5604 2861 5653 et
2896 5596 3003 5652 vim
3061 5593 3379 5653 tentationis
