3992 6316
547 330 653 386 175

1565 321 1624 378 S.
1643 320 1920 379 CYRILLI
1946 319 2414 379 ALEXANDRINI
2452 322 2772 382 ARCHIEP.

3699 316 3810 375 176

549 443 951 503 intolerabilem
991 453 1055 494 ac
1089 433 1490 509 persecutionis
1514 435 1943 506 magnitudinem
1962 435 2096 490 Chri
2115 465 2128 476 -

2247 438 2326 492 ιοῦ
2353 441 2680 512 πειρασμοῦ,
2710 439 2805 494 καὶ
2830 439 2922 494 τοῦ
2938 436 3181 509 διωγμοῦ
3201 436 3262 491 τὺ
3301 433 3529 508 μέγεθος
3552 434 3821 506 ἐννοήσας

552 548 672 595 stus
705 535 853 607 apud
901 548 960 587 se
1013 537 1298 601 reputans,
1356 537 1522 598 caput
1585 536 1798 584 tantum
1832 526 1996 598 759
2023 543 2134 582 non

546 637 762 693 movet,
795 633 1121 695 tantumque
1151 620 1410 676 allectum
1465 619 1646 673 oculis
1700 619 2008 690 explicans,
2039 618 2134 674 Ju-

555 723 726 777 daica:
756 718 1051 774 dementia:
1078 713 1476 769 immanitatem
1521 711 1886 782 perspiciens,
1915 720 1970 766 et
2015 727 2135 782 qua:

554 825 687 868 tunc
731 811 999 881 temporis
1049 815 1313 863 eventura
1367 816 1527 861 erant
1591 805 1960 876 prospiciens,
2027 805 2136 858 tale

553 905 918 976 quidl‘orsan
950 903 1246 957 inclamat:
1291 898 1545 951 Animam
1597 912 1696 968 pro
1751 912 1840 953 me
1871 897 2050 967 ponis,
2102 911 2135 951 ο

555 1001 735 1060 Petre,
775 1006 829 1054 et
873 994 1104 1066 periculi
1141 1003 1345 1049 metum
1395 1009 1498 1064 pro
1544 990 1717 1045 nihilo
1764 990 1956 1054 habes,
1991 1005 2056 1045 ac
2084 997 2137 1045 te

556 1097 946 1162 superaturum
977 1085 1112 1140 illud
1136 1083 1463 1140 existimas?
1490 1084 1561 1137 At
1591 1081 1777 1138 nescis
1803 1081 2134 1152 gravitatem

559 1178 910 1241 tentationis,
941 1191 1046 1232 nec
1077 1175 1225 1230 enim
1257 1173 1548 1243 potestatis
1580 1172 1633 1226 in
1666 1169 1910 1242 patiendi
1938 1184 2140 1240 propo-

561 1274 691 1338 sito,
725 1271 820 1328 sed
852 1269 950 1323 tibi
982 1268 1069 1322 vel
1100 1265 1307 1320 nolenti
1339 1263 1524 1318 animo
1575 1261 1807 1318 deiicere
1834 1261 2135 1330 continget,

561 1372 618 1419 et
651 1361 876 1433 negabis
906 1373 992 1412 me
1040 1367 1140 1420 ter,
1178 1354 1344 1425 idque
1375 1361 1538 1408 nocte
1596 1366 1726 1406 una.
1784 1348 1900 1404 Hoc
1949 1347 2138 1404 Jesum

562 1455 748 1510 dicere
774 1451 912 1506 velle
945 1445 1280 1503 credendum
1311 1452 1415 1499 est.
1449 1442 1555 1498 Sed
1588 1457 1768 1513 opera:
1796 1441 2032 1511 pretium
2055 1448 2141 1494 est

564 1549 654 1601 hic
680 1558 899 1615 quoque
931 1554 1125 1594 rursus
1152 1538 1275 1608 ejus
1301 1551 1431 1607 erga
1460 1551 1562 1590 nos
1595 1534 1781 1588 mirari
1807 1533 2135 1588 bonitatem:

562 1653 689 1692 nam
718 1650 842 1691 cum
868 1633 1024 1704 prius
1047 1631 1281 1686 dixisset
1304 1625 1794 1683 vehementissimo
1814 1625 1933 1692 ejus
1956 1623 2141 1679 studio

564 1728 735 1785 animi
766 1727 878 1781 vim
911 1739 1021 1779 non
1048 1734 1466 1792 responsuram,
1506 1716 1603 1774 sed
1654 1716 2018 1779 deiecturum,
2077 1728 2142 1770 ac

2233 533 2261 584 ὁ
2291 531 2545 602 Χριστὸς,
2575 533 2860 602 μονονουχὶ
2889 531 3168 585 κατασείει
3190 529 3290 601 τὴν
3314 529 3556 600 κεφαλὴν
3577 568 3592 593 ,
3614 529 3738 582 ὃλον
3760 529 3821 582 δέ

2235 617 2424 689 ὥσπερ
2459 620 2516 672 ἐν
2548 618 2846 689 ὀφθαλμοῖς
2868 619 3128 682 ἀπλώσας
3150 618 3212 672 τὸ
3240 619 3434 684 πάθος,
3457 620 3554 673 καὶ
3578 618 3824 689 τῆςἸου·

2235 708 2401 762 δαίων
2436 709 2623 773 ἀνοίας
2651 709 2934 781 θεωρήσας
2966 711 3065 781 τὴν
3089 709 3414 782 ὑπερϐολὴν,
3439 708 3823 781 διασκοπήσας

2235 799 2293 852 δέ
2314 799 2384 852 τά
2424 801 2657 872 ἐσόμενα
2685 800 2808 855 κατ’
2839 802 3014 854 ἐκεῖνο
3057 801 3280 871 καιροῦ,
3317 800 3459 871 τάχα
3491 818 3544 854 τι
3575 800 3822 854 τοιοῦτον

2237 892 2546 962 ἀναφωνεῖ·
2581 893 2692 964 Τὴν
2719 893 2918 966 ψυχὴν,
2943 887 2987 948 ὦ
3026 893 3233 964 Πέτρε,
3266 893 3406 962 ὑπὲρ
3441 891 3576 963 ἐμοῦ
3619 892 3818 958 τίθεις,

2238 983 2333 1036 καὶ
2363 983 2425 1035 τὸ
2456 983 2620 1054 μηδὲν
2649 979 2789 1036 εἶναι
2821 983 2925 1054 φὴς
2951 983 3041 1037 τὸν
3068 984 3161 1036 ἐπὶ
3189 982 3394 1036 τούτων
3432 981 3624 1050 φόϐον·
3649 983 3732 1036 ὅτι
3761 999 3822 1035 τε

2239 1073 2506 1144 κρείττων
2552 1073 2652 1146 ἔσῃ
2694 1074 2804 1128 τῶν
2839 1074 3113 1146 ἐσομένων
3164 1073 3598 1145 ὑπολαμϐάνειςς
3656 1073 3824 1127 Ἀλλά

2237 1163 2333 1218 τοῦ
2361 1164 2670 1236 πειρασμοῦ
2699 1165 2761 1219 τὸ
2787 1166 2950 1240 βάρος
2979 1167 3080 1220 οὑκ
3111 1166 3420 1220 ἐπίστασαι·
3457 1166 3517 1219 οὑ
3553 1165 3662 1238 γὰρ
3688 1169 3827 1236 ἀρα·

2244 1260 2414 1331 ρότως
2449 1260 2801 1331 προκείσεται
2831 1261 2890 1314 τὸ
2913 1261 3126 1327 παθεῖν,
3160 1263 3246 1314 σοὶ
3295 1260 3352 1314 δέ
3386 1258 3447 1313 τὸ
3488 1261 3827 1333 μικροψυχῆ-

2244 1368 2333 1404 σαι
2354 1352 2500 1415 λίαν,
2534 1353 2628 1406 καὶ
2666 1352 2765 1422 οὑχ
2787 1353 2966 1406 ἑκοντὶ
2995 1352 3357 1423 συμϐήσεται,
3381 1352 3476 1405 καὶ
3508 1354 3716 1424 ἀρνήσῃ
3755 1371 3827 1424 με

2239 1443 2380 1513 τρὶς,
2413 1444 2506 1498 καὶ
2537 1446 2596 1497 ἐν
2621 1445 2775 1498 νυκτὶ
2798 1444 2956 1498 τοῦτο
2985 1445 3118 1499 αὑτὸ
3164 1445 3281 1515 μιᾷ.
3336 1444 3504 1498 Ταυτί
3541 1462 3659 1507 πως
3709 1444 3826 1497 οἶε-

2245 1535 2367 1589 σθαι
2393 1535 2569 1605 λέγειν
2618 1536 2988 1607 ὑποτοπητέον
3033 1535 3125 1589 τὸν
3169 1537 3396 1606 Ἰησοῦν.
3436 1536 3728 1607 Θαυμάσαι
3760 1553 3828 1605 γε

2246 1629 2354 1699 μὴν
2383 1629 2488 1682 κάν
2509 1627 2683 1698 τούτῳ
2721 1627 2784 1698 δὴ
2837 1627 3001 1681 πάλιν
3038 1627 3137 1698 τὴν
3181 1625 3406 1681 ἐνοῦσαν
3435 1627 3584 1698 αὑτῷ
3633 1628 3828 1698 φιλαν-

2245 1717 2492 1786 θρωπίαν
2523 1717 2709 1784 ἀξιον·
2747 1717 3094 1790 προειρηκὼς
3119 1717 3249 1790 γὰρ,
3290 1719 3372 1772 ὅτι
3420 1719 3498 1790 τῷ
3543 1721 3682 1790 τόνῳ
3722 1720 3830 1791 τῆς

564 1831 716 1890 terga
742 1818 1024 1880 daturum,
1057 1812 1192 1867 adeo
1231 1821 1292 1866 ut
1323 1809 1391 1864 ad
1419 1809 1598 1864 solum
1651 1807 1888 1878 periculi
1931 1814 2138 1861 metum

2247 1811 2472 1882 ἐνούσης
2523 1810 2674 1881 αὑτῷ
2719 1810 3052 1882 προθυμίας,
3097 1812 3130 1880 ή
3163 1811 3262 1882 τῆς
3294 1811 3472 1882 ψυχῆς
3504 1812 3604 1881 οὐχ
3631 1811 3829 1881 ἕψεται

565 1928 625 1968 se
661 1917 961 1981 negaturus
1010 1905 1103 1967 sit.
1156 1903 1299 1958 nihil
1348 1902 1734 1957 interminatus
1780 1909 1886 1954 est.
1930 1897 2142 1953 Idcirco

565 2018 667 2058 nec
698 2003 752 2056 in
783 2001 1025 2055 divinam
1054 1997 1189 2051 iram
1221 1995 1574 2049 incursurum
1596 1993 1694 2056 ait,
1723 2006 1900 2062 neque
1922 2004 2141 2062 poenam

565 2091 712 2163 quod
764 2089 1084 2144 humanitus
1118 2095 1438 2141 eventurum
1467 2083 1520 2138 id
1553 2084 1604 2138 ei
1661 2090 1829 2148 esset,
1886 2081 2140 2138 intentat.

571 2182 791 2238 Sciebat
821 2179 966 2235 enim
997 2177 1270 2231 inﬁrmam
1301 2175 1482 2229 adhuc
1533 2189 1656 2230 esse
1707 2185 1982 2241 naturam,
2041 2188 2144 2228 nec

569 2272 763 2328 mortis
790 2270 973 2326 minas
998 2268 1146 2323 ferre
1178 2281 1360 2336 posse.
1401 2265 1656 2320 Nondum
1689 2265 1834 2321 enim
1867 2281 1964 2336 per
2023 2266 2144 2334 ejus

571 2362 1036 2422 resurrectionem
1069 2361 1354 2431 abrogata,
1389 2367 1722 2412 cunctorum
1755 2365 1992 2412 mentem
2021 2372 2146 2427 pre-

568 2458 772 2522 mebat,
802 2455 1037 2524 soloque
1055 2459 1209 2507 metu
1241 2451 1329 2507 vel
1365 2449 1728 2506 fortissimum
1787 2463 2060 2519 quemque
2092 2456 2146 2504 et

569 2547 999 2604 audacissimum
1031 2543 1286 2614 frangere
1322 2542 1467 2613 potis
1502 2549 1643 2596 erat.
1693 2539 1902 2594 Natura
1945 2539 2148 2610 quippe

572 2652 770 2712 praate-r
801 2647 1058 2693 naturam
1113 2642 1352 2689 mortem
1398 2633 1638 2704 patiens,
1689 2633 1741 2687 ei
1795 2630 1941 2686 cedit
1973 2637 2033 2683 ut
2070 2630 2148 2684 vi-

571 2730 753 2792 ctrici,
785 2729 892 2783 imo
923 2741 1051 2782 vero
1081 2735 1213 2779 tunc
1251 2722 1506 2778 cedebat.
1537 2720 1644 2776 Sed
1676 2731 1917 2775 anostro
1951 2716 2150 2773 Serva-

572 2833 687 2876 tore
708 2817 984 2890 perruptis
1016 2816 1165 2870 illius
1209 2813 1449 2869 vinculis
1484 2812 1671 2868 suavis
1703 2810 1846 2864 facta
1890 2816 1974 2864 est
2021 2807 2149 2862 dili-

570 2913 827 2985 gentibus
858 2907 1162 2971 Christum,
1187 2906 1320 2962 licet
1346 2904 1542 2958 acerbe
1573 2900 1795 2955 invadat
1824 2919 1835 2953 :
1864 2899 1985 2968 ejus
2004 2898 2148 2953 enim

573 3006 694 3060 loco
724 3011 928 3057 mterna
967 3000 1078 3053 vita
1117 2996 1412 3063 successit,
1436 2993 1811 3064 corruptionis
1843 2991 2151 3047 dissolvens

573 3097 890 3167 imperium.
929 3090 1102 3145 Nemo
1139 3096 1323 3143 autem
1353 3087 1458 3142 ‘bic
1494 3102 1690 3142 rursus
1722 3084 2002 3141 existimet
2052 3081 2152 3137 Pe-

2243 1897 2494 1968 δύναμις,
2542 1897 2762 1952 ὀκλάσει
2791 1914 2856 1966 γε
2898 1897 3003 1968 μὴν
3028 1937 3041 1961 ,
3073 1895 3170 1950 καὶ
3198 1895 3500 1950 ὑπενδώσει
3544 1895 3826 1960 τοσοῦτον,

2245 1989 2385 2043 ὥστε
2419 1991 2516 2043 καὶ
2550 1989 2686 2062 πρὸς
2723 1989 2881 2060 μόνον
2910 1991 3164 2044 ἀπειπεῖν
3191 1990 3283 2044 τὸν
3309 1989 3404 2044 τοῦ
3445 1991 3692 2045 κινδύνου
3729 1991 3832 2060 φό-

2246 2079 2360 2147 ϐον,
2393 2080 2545 2133 οὑδέν
2575 2080 2934 2150 ἐπηπείλησε,
2968 2079 3058 2148 διὰ
3086 2079 3244 2134 τοῦτο
3269 2080 3452 2151 τυχὺν,
3483 2080 3559 2143 ὡς
3581 2080 3690 2134 οὐδ’
3721 2079 3830 2134 ὑπὸ

2247 2169 2395 2223 θείαν
2425 2169 2577 2222 ἔσται
2611 2169 2824 2242 κίνησιν
2863 2169 3033 2238 λέγει.
3065 2170 3174 2223 Καὶ
3210 2169 3298 2224 διὰ
3320 2169 3477 2224 ποίαν
3511 2169 3709 2224 αἰτίαν.
3747 2211 3765 2225 .
3814 2211 3830 2224 .

2249 2351 2473 2405 παθόντι
2501 2350 2559 2404 δέ
2581 2368 2634 2403 τι
2660 2350 2769 2405 τῶν
2793 2351 3178 2422 ἀνθρωπίνων,
3219 2353 3321 2406 οὐκ
3354 2352 3696 2407 ἐπανατείνει
3728 2353 3831 2424 τὴν

2247 2443 2488 2497 κόλασιν.
2535 2442 2690 2512 ᾝδει
2735 2442 2843 2514 γὰρ
2879 2441 3212 2496 ἀσθενοῦσαν
3246 2441 3326 2498 ἔτι
3365 2444 3463 2514 τὴν
3504 2443 3668 2512 φύσιν
3691 2485 3706 2510 ,
3731 2445 3834 2498 καὶ

2248 2536 2309 2588 οὐ
2345 2535 2649 2605 δυναμένην
2698 2535 2942 2603 ἐνεγκεῖν
2991 2533 3086 2588 τοῦ
3143 2534 3376 2588 θανάτου
3423 2537 3521 2607 τὴν
3571 2536 3831 2607 ἀπειλήν.

2249 2624 2415 2678 Οὑπω
2439 2625 2568 2696 γὰρ,
2592 2624 2745 2679 οὑπω
2781 2626 3196 2697 κατηργημένος
3236 2627 3323 2681 διὰ
3353 2629 3450 2698 τῆς
3481 2629 3836 2692 ἀναστάσεως

2249 2716 2454 2782 αὑτοῦ,
2503 2719 2604 2788 τῆς
2655 2717 2912 2771 ἁπάντων
2958 2717 3197 2782 διανοίας
3247 2719 3704 2791 κατεθρασύνετο,
3736 2723 3839 2775 καὶ

2251 2809 2434 2873 ἱκανὸς
2463 2803 2532 2880 ἦν
2566 2808 2666 2875 ἔτι,
2698 2810 2794 2863 καὶ
2828 2810 2975 2880 μόνῳ
3007 2809 3340 2882 συνθραῦσαι
3370 2811 3448 2882 τῷ
3474 2812 3714 2884 δείματι,
3734 2815 3840 2869 καὶ

2249 2898 2340 2952 τὸν
2373 2899 2578 2970 σφόδρα
2602 2901 2870 2964 νεανικὸν,
2898 2901 2994 2955 καὶ
3023 2901 3196 2955 δεινὸν
3239 2903 3320 2967 εἰς
3357 2904 3670 2974 εὐτολμίαν.
3711 2906 3838 2958 Πα-

2252 2989 2419 3044 θοῦσα
2447 2989 2556 3061 γὰρ
2577 2991 2727 3062 παρὰ
2766 2990 2928 3061 φύσιν
2955 2995 2988 3063 ἡ
3018 2993 3178 3062 φύσις
3203 2994 3292 3048 τὸν
3321 2994 3569 3063 θάνατον,
3590 2996 3668 3059 ὡς
3686 3014 3838 3051 νενι-

2253 3084 2446 3154 κηκότι
2484 3087 2825 3157 παραχωρεῖ,
2851 3086 3051 3156 μᾶλλον
3071 3087 3128 3140 δέ
3157 3087 3466 3159 παρεχώρει
3495 3088 3636 3142 τότε.
3665 3090 3842 3160 Διαρ-

573 3197 720 3242 trum
746 3185 816 3240 ob
848 3181 1055 3238 Christi
1084 3180 1295 3235 dictum
1331 3193 1582 3248 negasse,
1640 3185 1805 3248 atque
1834 3177 2019 3231 animo
2051 3175 2145 3232 de-

2255 3176 2513 3248 ρήξαντος
2543 3179 2599 3232 δέ
2653 3177 2746 3232 τοῦ
2787 3180 3040 3252 Σωτῆρος
3079 3179 3239 3250 ἡμῶν
3282 3181 3351 3234 τά
3398 3181 3606 3236 ἐκείνου
3631 3180 3838 3252 δεσμὰ,

577 3277 806 3343 fecisse;
832 3288 936 3328 nec
974 3272 1120 3327 enim
1149 3268 1534 3324 necessitatem
1567 3269 1733 3322 ullam
1766 3269 2018 3338 imponit,
2055 3275 2152 3322 aut

575 3371 645 3424 ad
679 3371 792 3424 haec
824 3364 1178 3436 suscipienda
1209 3363 1258 3418 vi
1289 3363 1540 3433 impellit,
1575 3360 1673 3417 sed
1719 3361 1863 3432 quod
1916 3370 1975 3416 ut
2007 3361 2152 3418 Deus

577 3459 962 3533 proculdubio
995 3455 1243 3510 futurum
1291 3455 1467 3517 novit,
1526 3452 1656 3507 illud
1706 3454 2152 3525 discipuloprze-

575 3556 728 3610 dicit.
757 3551 1031 3620 Quoniam
1062 3560 1244 3604 autem
1285 3563 1408 3618 qu.e
1450 3547 1735 3602 veteribus
1773 3547 2148 3612 contigerunt,

573 3651 639 3704 ad
671 3655 1022 3720 posterorum
1061 3639 1489 3696 admonitionem
1542 3639 1753 3708 scripta
1807 3638 2020 3703 sunt“,
2056 3653 2154 3709 age

579 3743 826 3799 nonnihil
859 3739 1111 3794 utilitatis
1139 3753 1205 3791 ex
1239 3736 1342 3790 hoc
1374 3735 1556 3804 capite
1593 3733 2005 3803 depromamus.
2031 3731 2152 3788 Non

571 3837 830 3893 existimo
861 3843 1070 3890 temere
1122 3828 1383 3900 quiddam
1413 3827 1616 3881 debere
1647 3839 1748 3879 nos
1779 3823 1891 3879 Deo
1921 3825 2154 3895 promit-

574 3939 724 3992 tere,
781 3941 883 3980 nec
931 3920 1077 3994 quod
1130 3920 1276 3974 vires
1327 3915 1604 3970 interdum
1660 3920 1881 3969 nostras
1939 3915 2153 3970 excedit

577 4016 895 4074 faciendum
930 4012 1197 4082 recipere,
1251 4006 1412 4078 quasi
1471 4019 1653 4059 rerum
1707 4012 1949 4074 potestas
1983 4021 2152 4076 penes

577 4127 680 4165 nos
716 4110 808 4170 sit,
857 4121 980 4162 cum
1043 4117 1140 4172 spe
1189 4107 1378 4154 nostra
1427 4097 1750 4167 plerumque
1801 4096 2149 4152 frustremur.

577 4199 792 4268 Alioqui
821 4193 1080 4266 superbia
1115 4205 1307 4245 carere
1354 4201 1466 4241 non
1527 4185 1765 4240 arbitror
1814 4186 1888 4241 ita
1945 4186 2148 4252 dicere,

577 4292 694 4348 Hoc
711 4289 1014 4362 perﬁciam,
1053 4294 1145 4338 aut
1169 4280 1327 4336 illud.
1352 4278 1408 4332 ln
1429 4277 1685 4333 omnibus
1713 4278 1856 4334 enim
1881 4294 2002 4349 quae
2028 4278 2152 4348 quis

579 4384 787 4457 agenda
815 4380 979 4452 760
1021 4376 1126 4431 sibi
1159 4371 1524 4445 proposuerit.
1563 4369 1695 4425 illud
1743 4372 1978 4425 maxime
2016 4386 2152 4440 pra:-

577 4469 908 4526 mittendum
950 4463 1098 4535 quod
1134 4461 1272 4515 dixit
1315 4459 1759 4530 sapientissimus
1806 4460 2145 4530 discipulus:

2253 3268 2455 3337 γλυκὺς
2505 3270 2888 3339 ἀναπέφανται
2925 3274 3036 3335 τοῖς
3071 3272 3326 3340 ἀγαπῶσι
3365 3274 3622 3344 Χριστὸν,
3657 3275 3706 3327 εί
3736 3276 3843 3328 καὶ

2253 3361 2468 3434 προσίοι
2499 3362 2744 3434 πικρῶς·
2795 3365 3184 3436 ἀντεισϐέϐηκε
3230 3366 3396 3438 γὰρὴ
3436 3366 3653 3431 αἰώνιος
3691 3365 3844 3439 ζωὴ.

2252 3455 2314 3509 τὸ
2339 3455 2439 3526 τῆς
2471 3457 2677 3530 φθορᾶς
2711 3456 3064 3530 παραλύουσα
3097 3458 3319 3529 κράτος.
3353 3459 3562 3514 υἱέσθω
3581 3460 3637 3514 δὲ
3667 3460 3844 3515 πάλιν

2253 3547 2491 3603 ἐνταῦθα
2542 3551 2732 3622 μηδεὶς
2776 3551 3046 3621 ὴρνῆσθαί
3077 3567 3137 3604 τε
3177 3551 3273 3604 καὶ
3314 3553 3575 3625 ἀτονῆσαι
3605 3554 3698 3606 τὸν
3728 3555 3847 3607 Πέ-

2253 3656 2400 3710 τρον,
2427 3639 2514 3694 διὰ
2545 3641 2604 3694 τὸ
2635 3642 2788 3712 ῥῆμα
2811 3641 3050 3713 Χριστοῦ
3069 3656 3083 3672 ⁶
3139 3643 3201 3694 οὑ
3241 3641 3347 3714 γὰρ
3387 3643 3634 3715 ἀνάγκην
3659 3645 3846 3698 ἐπιτι-

2254 3727 2390 3792 θεὶς,
2418 3729 2664 3782 ἀλλὀὑδέ
2693 3732 2756 3783 ἐκ
2778 3729 2898 3800 βίας
2919 3731 3090 3784 ἕλκων
3112 3734 3193 3797 είς
3215 3732 3276 3786 τὸ
3298 3732 3489 3786 παθεῖν
3509 3735 3578 3786 τά
3605 3733 3844 3790 τοιαῦτά

2255 3838 2420 3892 φησιν
2439 3836 2454 3852 ⁸
2493 3821 2607 3874 ἀλλ’
2635 3823 2771 3892 ὅπερ
2799 3818 2958 3886 οἶδεν,
2983 3823 3057 3888 ὡς
3085 3824 3238 3890 Θεὸς,
3271 3825 3490 3888 πάντως
3529 3827 3626 3878 καὶ
3653 3827 3840 3898 ἀναμ-

2254 3912 2492 3982 φιλόγως
2529 3912 2785 3982 ἐσόμενον
2816 3915 3073 3985 προλέγει
3111 3915 3187 3986 τῷ
3231 3916 3471 3990 μαθητῇ.
3520 3917 3745 3990 Ἐπειδὴ
3777 3921 3840 3974 δὲ

2251 4004 2320 4056 τά
2343 4005 2450 4065 τοῖς
2497 4002 2873 4076 ἀρχαιοτέροις
2915 4007 3324 4078 συμϐεϐηκότα,
3380 4008 3517 4078 πρὸς
3549 4009 3839 4063 νουθεσίαν

2251 4093 2358 4145 τῶν
2389 4093 2506 4164 μετ’
2541 4095 2738 4158 αὐτοὺς
2765 4097 3202 4168 ἀναγέγραπται,
3253 4098 3384 4169 φέρε
3413 4098 3474 4168 δή
3508 4117 3561 4152 τι
3583 4097 3838 4171 λέγωμεν

2251 4183 2361 4238 τῶν
2393 4186 2708 4254 ἀναγκαίων
2735 4189 2814 4251 εἱς
2843 4187 3028 4258 ὑνησιν
3070 4191 3134 4242 ἐκ
3159 4187 3252 4243 τοῦ
3286 4188 3580 4258 κεφαλαίου
3611 4206 3839 4259 κεκινη-

2255 4276 2426 4347 μένοι.
2459 4279 2534 4332 Οὑ
2565 4278 2672 4350 γὰρ
2723 4274 2874 4350 οἶμαι
2910 4279 3020 4332 δεῖν
3046 4279 3478 4350 ἐπαγγέλλεσθαί
3517 4297 3570 4333 τι
3611 4280 3836 4351 προχεί-

2258 4387 2363 4440 ρως
2397 4370 2473 4442 τῷ
2510 4370 2648 4441 Θεῷ,
2681 4373 2803 4424 οὑδέ
2837 4371 3138 4442 κατορθοῦν
3179 4373 3552 4444 ὑπισχνεῖσθαι
3589 4373 3652 4427 τὸ
3690 4374 3836 4444 ὑπὲρ

2252 4460 2481 4531 δύναμιν
2501 4461 2612 4515 ἔσθ’
2645 4463 2732 4516 ὅτε
2754 4505 2768 4529 ,
2797 4462 2872 4526 ὡς
2897 4463 3416 4528 κατεξουσιάζοντας
3437 4466 3542 4520 τῶν
3571 4465 3837 4536 πραγμά-

578 4563 634 4618 Si
669 4560 935 4616 Dominus
956 4555 1224 4618 voluerit,
1255 4561 1349 4618 et,
1376 4553 1419 4608 si
1468 4552 1792 4608 vixerimus.
1833 4551 2145 4622 Promptum

2253 4567 2381 4617 των,
2403 4553 2496 4604 καὶ
2512 4551 2671 4605 τοῦτό
2694 4569 2834 4623 φημι
2859 4555 2996 4624 πρὸς
3018 4557 3086 4608 τὰ
3110 4557 3174 4608 ἐκ
3194 4557 3293 4626 τῆς
3318 4556 3616 4626 ἀποτυχίας
3634 4556 3835 4627 ἐγκλή-

574 4658 778 4726 quippe
804 4653 942 4708 bene
969 4647 1164 4717 agendi
1196 4644 1434 4701 studium
1471 4645 1685 4714 piorum
1731 4642 1933 4698 animis
1963 4643 2146 4697 inesse

574 4748 776 4803 debere
807 4744 916 4807 aio,
949 4738 1282 4809 virtutisque
1317 4744 1434 4790 toto
1469 4736 1656 4790 animo
1682 4734 1926 4790 colenda:
1953 4734 2150 4789 volun-

577 4848 762 4901 tatem,
791 4836 936 4890 viam
991 4838 1175 4886 autem
1233 4843 1421 4884 eorum
1473 4827 1811 4898 agendorum
1873 4841 1904 4880 a
1961 4826 2146 4881 divina

574 4923 1162 4996 bonitatepetcndam,
1202 4937 1311 4976 non
1349 4930 1564 4976 temere
1597 4918 1756 4990 quasi
1811 4918 1958 4972 illam
2012 4918 2066 4972 in
2099 4928 2152 4973 te

2257 4660 2404 4714 ματα
2433 4642 2666 4712 βλέπων.
2724 4644 2932 4709 Ἀλλως
2962 4663 3021 4698 τε
3050 4648 3144 4700 καὶ
3173 4647 3474 4718 ὑπεροψίας
3508 4647 3609 4701 οὑκ
3651 4649 3829 4719 ἀπηλ-

2253 4733 2446 4805 λάχθαι
2465 4734 2666 4804 νομίζω
2685 4734 2745 4788 τὸ
2767 4736 3164 4808 προαλέστερον
3182 4741 3376 4804 εἰπεῖν,
3393 4740 3473 4792 ὅτι
3497 4739 3831 4812 κατορθώσω

2251 4827 2372 4880 τόδε
2401 4844 2453 4880 τι
2482 4828 2666 4898 τυχὸν,
2700 4827 2732 4899 ἢ
2779 4828 2899 4882 τόδε
2937 4847 3008 4884 τι.
3057 4832 3166 4884 Καὶ
3204 4832 3312 4902 γὰρ
3345 4832 3432 4901 ἐφ’
3470 4833 3711 4898 ἀπασιν,
3746 4829 3830 4896 οἷς

2251 4919 2315 4971 ἀν
2369 4936 2453 4982 τις
2487 4918 2682 4989 δρᾶσαι
2737 4919 3014 4992 προέλοιτο
3064 4924 3157 4976 καὶ
3207 4922 3462 4994 βούληται
3500 4922 3826 4994 κατορθοῦν,

576 5022 781 5075 habeas
807 5015 1076 5088 polliceri.
1115 5013 1209 5068 Sic
1239 5013 1384 5067 enim
1408 5024 1590 5065 veram
1621 5009 1675 5062 in
1705 5007 1962 5064 omnibus
1989 5007 2145 5064 bonis

2247 5009 2420 5063 ἐκεῖνο
2451 5009 2683 5081 μάλιστα
2709 5010 2790 5064 δεῖ
2816 5014 3033 5080 φωνεῖν,
3055 5015 3192 5084 ὅπερ
3224 5015 3443 5084 εἴρηκεν
3463 5013 3491 5066 ὀ
3517 5013 3827 5083 σοφώτατος

572 5111 996 5184 promissionem
1051 5105 1159 5161 Deo
1217 5103 1586 5165 servabimus,
1628 5107 1684 5152 et
1713 5110 1870 5153 extra
1929 5101 2145 5171 culpam

2247 5099 2528 5170 μαθητήςο
2574 5101 2701 5154 Ἐὰν
2728 5103 2755 5154 ὁ
2784 5101 2986 5172 Κύριος
3007 5101 3160 5176 θέλῃ,
3185 5104 3279 5156 καὶ
3300 5103 3577 5175 ζήσωμεν.
3613 5103 3826 5177 Προθυ-

575 5206 766 5275 pedem
797 5201 1140 5262 habebimus,
1178 5204 1238 5250 ut
1285 5193 1603 5248 Graecorum
1657 5189 1849 5243 tritum
1887 5199 1972 5246 est
2016 5207 2148 5262 pro-

572 5297 778 5352 verbio.
839 5291 1058 5362 Alioqui
1121 5288 1295 5344 satius
1359 5292 1445 5337 est
1510 5296 1624 5335 non
1697 5296 1897 5338 vovere
1950 5284 2148 5352 alicui,

570 5405 733 5461 quam
766 5401 988 5449 vovere,
1018 5391 1072 5437 et
1106 5394 1215 5433 non
1248 5375 1480 5430 reddere
1504 5373 1574 5428 ".

2247 5192 2376 5264 μίαν
2410 5192 2511 5264 μέν
2558 5193 2666 5264 γὰρ
2703 5195 2801 5265 τὴν
2849 5194 3196 5266 ἀγαθουργὸν
3228 5213 3370 5266 φημι
3409 5197 3521 5251 δεῖν
3571 5199 3694 5261 ταῖς
3714 5194 3824 5249 τῶν

2245 5285 2508 5356 φιλοθέων
2542 5287 2740 5340 ἐνεῖναι
2773 5285 2992 5356 ψυχαῖς,
3030 5287 3122 5340 καὶ
3166 5288 3226 5340 τὺ
3267 5288 3566 5360 κατορθοῦν
3613 5288 3822 5342 ἐθέλειν

2242 5379 2342 5448 τὴν
2374 5376 2573 5448 ἀρετὴν
2609 5377 2668 5443 ἐξ
2710 5377 2838 5448 ὅλης
2894 5376 3075 5448 ίσχύος
3117 5377 3452 5447 ἐπείγεσθαι,
3509 5380 3610 5450 τὴν
3638 5380 3693 5432 δέ
3727 5379 3822 5432 ἐπὶ

574 5485 773 5546 τούτοις
804 5479 920 5533 ὁδὸν
945 5475 1031 5529 διὰ
1051 5473 1150 5543 τὴν
1188 5470 1392 5524 ἄνωθεν
1433 5473 1667 5538 ἐξαιτεῖν
1708 5475 2020 5547 εὐμένειαν,
2075 5479 2172 5550 οὑχ
2249 5479 2324 5541 ὡς
2366 5477 2558 5547 ἔχοντα
2607 5474 2862 5546 προαλῶς
2916 5476 3367 5545 ἐπαγγέλλεσθαι.
3437 5477 3668 5549 Ἀψευδῆ
3711 5475 3826 5548 γὰρ

563 5581 705 5632 οὕτω
741 5573 818 5643 τῷ
851 5569 969 5638 Θεῷ
1007 5567 1102 5636 τὴν
1137 5565 1221 5634 ἐφ’
1250 5566 1418 5622 ἀπασι
1458 5571 1569 5632 τοῖς
1611 5571 1852 5642 ἀρίστοις
1895 5576 2229 5645 ἐπαγγελίαν
2256 5575 2587 5646 τηρήσομεν,
2650 5569 2756 5637 ἔξω
2776 5589 2836 5626 τε
2864 5573 2998 5627 πόδα
3023 5572 3200 5638 αἰτίας
3254 5573 3466 5645 ἕξομεν,
3532 5574 3674 5628 κατά
3728 5570 3825 5629 τὸν

574 5669 694 5738 παρ’
731 5665 956 5733 Ἕλλησι
973 5661 1150 5729 λόγον.
1188 5663 1342 5716 Ἔστι
1385 5664 1442 5717 δέ
1478 5667 1569 5719 καὶ
1603 5667 1804 5740 ἑτέρως
1841 5670 2045 5740 ἀγαθὸν
2077 5671 2137 5725 τὸ
2175 5671 2248 5742 μὴ
2277 5666 2536 5735 εὔξασθαί
2559 5683 2722 5732 τισιν,
2751 5665 2784 5736 ἢ
2813 5663 3092 5733 εὑξασθαι,
3128 5665 3224 5721 καὶ
3259 5665 3334 5738 μὴ
3361 5664 3674 5720 ἀποδοῦναι-

634 5792 677 5818 δτ
708 5786 723 5838 ι
758 5783 883 5837 Cor.
919 5799 970 5846 κ,
1017 5780 1100 5834 Η.
1181 5785 1222 5814 ⁸³
1265 5784 1444 5841 Eccle.
1490 5804 1540 5855 v,
1575 5787 1626 5855 5,
1664 5788 1714 5842 4.
