3992 6316
149 367 249 428 177

215 479 316 548 Μὴ
343 485 746 551 ταρασσέσθω
781 486 949 556 ὑμῶν
983 489 1021 558 ἡ
1055 489 1286 560 καρδία.

215 569 312 632 Εἰς
339 570 503 625 τοῦτο
543 575 908 647 μικροψυχίας
952 581 1377 650 κατοιχήσεσθαι
1405 584 1496 638 τὸν
1525 586 1732 658 Πέτρον

141 660 338 724 εἰπὼν,
373 661 450 726 ὡς
477 665 823 737 ἀρνήσασθαι
847 671 988 740 τρὶς,
1031 673 1126 725 καὶ
1157 675 1215 726 ὲν
1245 677 1344 746 μιᾷ
1370 677 1527 731 τοῦτο
1552 680 1732 733 πείσε-

144 752 272 804 σθαι
311 756 488 818 νυκτὶ,
525 761 594 828 τῇ
635 757 730 812 τοῦ
772 762 1099 832 πράγματος
1138 765 1411 839 ὑπερϐολῇ
1450 773 1732 841 μονονουχὶ

140 842 234 895 τὸν
269 844 642 914 ἀκμαιότατον
675 850 784 905 τῶν
808 852 1067 912 κινδύνων
1103 856 1350 923 ὑπέδειξε
1383 859 1546 928 φόϐον
1567 877 1581 892 ⁸
1609 860 1731 914 ὅθεν

141 929 212 1004 ἦν
231 935 299 1007 δή
333 955 470 1002 που,
512 941 608 994 καὶ
640 944 786 1013 μάλα
820 946 1044 1012 εἰκότως
1073 988 1088 1012 ,
1127 950 1252 1013 τοὺς
1285 951 1505 1022 ἐτέρους
1555 971 1732 1025 παρα-

148 1029 339 1096 χρῆμα
365 1028 767 1099 διαλογίζεσθαι
805 1035 1076 1108 μαθητὰς,
1107 1039 1192 1102 τίς
1224 1040 1330 1110 ἄρα
1356 1042 1453 1094 καὶ
1481 1043 1668 1108 πόσος,
1697 1044 1728 1115 ἢ

149 1121 302 1174 ποῖον
326 1121 438 1185 ἕξει
465 1123 526 1176 τὸ
552 1125 782 1193 μέγεθος
802 1129 910 1181 τῶν
933 1130 1206 1201 ἐσομένων
1241 1134 1268 1185 ὁ
1301 1133 1464 1202 φόϐος
1486 1174 1500 1200 ,
1527 1135 1722 1190 δυσκα-

146 1209 467 1280 ταμάχητος
499 1213 555 1266 δὲ
577 1214 750 1280 οὔτως
774 1217 802 1268 ὁ
833 1219 1137 1292 πειρασμὸς
1159 1261 1174 1285 ,
1216 1221 1292 1285 ὡς
1315 1222 1458 1277 ἑλεῖν
1499 1224 1598 1294 μὲν
1637 1226 1729 1280 τὸν

146 1301 479 1373 προῦχοντα,
504 1307 831 1362 καταϐαλεῖν
855 1309 912 1363 δὲ
948 1313 1045 1381 οὐχ
1077 1312 1241 1380 ἆπαξ,
1273 1314 1386 1368 ἀλλ’
1417 1317 1473 1368 ἐν
1504 1317 1585 1370 ἐνὶ
1629 1317 1729 1388 μὲν

145 1394 434 1460 πολλάκις,
475 1399 570 1452 καὶ
599 1401 657 1453 ἐν
686 1399 848 1472 ὀλίγῳ
883 1402 1082 1474 καιρῷ.
1108 1404 1205 1468 Τίς
1247 1401 1342 1459 οῦν
1369 1407 1477 1478 ἄρα
1509 1409 1568 1461 ὲν
1598 1410 1728 1480 ἡμῖν

141 1486 203 1540 τὸ
231 1488 291 1540 ἐν
324 1493 439 1553 τοῖς
466 1489 547 1544 ἔτι
588 1492 797 1564 χείροσι
845 1496 1098 1562 γενέσθαι
1130 1497 1506 1565 διαφεύξεται,
1543 1499 1575 1570 ἢ
1612 1501 1728 1564 πῶς

141 1576 360 1641 ἀνθέξει
383 1595 468 1643 τις
507 1580 728 1650 ἕτερος,
766 1582 862 1636 τοῦ
901 1584 1108 1654 Πέτρου
1143 1588 1483 1657 κινουμένου,
1518 1590 1611 1642 καὶ
1646 1589 1728 1660 τῷ

142 1670 436 1742 βάρειτῶν
451 1673 902 1746 συμϐεϐηκότων,
922 1677 996 1740 ὡς
1013 1677 1073 1742 ἐξ
1089 1679 1354 1750 ἀνάγκης,
1375 1680 1694 1746 ὑπείκοντος
1709 1701 1722 1748 ;

139 1763 340 1835 Μάτην
373 1759 466 1817 οῦν
503 1763 632 1835 ἄρα,
674 1767 800 1829 τοὺς
842 1766 936 1818 ἐπὶ
972 1766 1052 1838 τῷ
1089 1769 1287 1838 χρῆναι
1309 1772 1726 1825 κατακολουθεῖν

139 1854 292 1924 αὑτῷ
345 1854 748 1927 διηντλήκαμεν
784 1856 1002 1924 πόνους,
1034 1860 1127 1911 καὶ
1149 1862 1229 1923 εἰς
1255 1860 1461 1931 ζημίαν
1489 1863 1730 1935 ἱδρώτων
1762 1872 1803 1927 Β

138 1945 442 2018 ἑκτελευτᾷ
471 1947 532 2001 τὸ
561 1948 918 2020 ἐπιχείρημα,
942 1949 1119 2003 καίτοι
1144 1950 1289 2022 ζωῆς
1311 1954 1409 2023 τῆς
1438 1955 1589 2027 παρὰ
1611 1955 1728 2026 Θεῷ

138 2039 407 2110 πρόξενον
435 2035 575 2093 εἶναι
599 2041 813 2095 δοκοῦν.
841 2043 1029 2097 Ταῦτά
1055 2061 1136 2096 τοι
1182 2044 1304 2098 καθ’
1335 2047 1562 2112 ἑαυτοὺς
1590 2047 1731 2101 διεν-

137 2130 435 2200 θυμεῖσθαι
461 2134 587 2196 τοὺς
617 2133 870 2204 μαθητὰς
897 2136 958 2189 τὸ
984 2138 1212 2202 ἀπεικὸς
1240 2141 1393 2193 οὐδέν
1413 2158 1426 2170 ·
1455 2141 1642 2213 ἐπειδὴ
1673 2143 1730 2196 δὲ

136 2223 477 2295 κεκλιμένην
499 2225 684 2288 αὑτοῖς
716 2225 814 2296 τὴν
847 2227 1087 2282 διάνοιαν
1108 2229 1446 2300 ἐπανορθοῦν
1486 2231 1592 2284 ἔδει
1622 2231 1729 2286 πά-

133 2315 243 2382 λιν,
267 2318 570 2387 ἀναγκαῖον
600 2317 790 2390 ὥσπερ
824 2323 936 2384 τοῖς
977 2321 1227 2374 ἐντεῦθεν
1261 2322 1633 2394 διαλογισμοῖς
1670 2341 1729 2377 τε

135 2409 235 2460 καὶ
274 2408 549 2479 δείμασιν,
591 2411 921 2479 ἀντεπάγειν
966 2412 1028 2464 τὸ
1093 2414 1407 2485 φάρμακον,
1455 2415 1619 2468 ὅπλον
1668 2433 1729 2468 τε

136 2500 416 2555 ποιεῖσθαι
443 2501 541 2574 τὴν
573 2503 877 2574 ἀταραξίαν
908 2504 1214 2569 ἐπιτάττει,
1241 2505 1416 2574 λέγων
1434 2521 1447 2534 ⁸
1482 2524 1499 2557 ι
1519 2507 1612 2577 Μὴ
1635 2525 1728 2560 τα-

137 2593 432 2664 ρασσέσθω
464 2595 620 2666 ὑμῶν
651 2598 685 2667 ἡ
708 2597 922 2669 καρδία.
959 2617 978 2650 ι
1019 2599 1164 2670 Ὀρα
1191 2615 1255 2666 γε
1289 2599 1420 2668 μὴν,
1456 2599 1604 2663 ὅπως
1637 2602 1730 2653 ὲπ-

133 2689 521 2759 εσκιασμένως
576 2691 760 2754 αὐτοῖς
809 2692 907 2762 τῆς
944 2692 1212 2763 ἐσομένης
1242 2693 1429 2756 αὐτοῖς
1464 2692 1730 2763 μικροψυ-

132 2778 262 2850 χίας
305 2780 651 2852 ὑπισχνεῖται
685 2781 784 2852 τὴν
811 2784 1025 2851 ἄφεσιν.
1090 2783 1592 2848 Ἀκατακαλύπτως
1630 2785 1728 2855 μὲν

134 2871 248 2942 γὰρ
290 2870 351 2924 οὔ
385 2889 569 2941 φησιν,
607 2874 691 2926 ὅτι
716 2873 1114 2944 Συγγνὼσομαι
1144 2876 1239 2930 καὶ
1268 2876 1653 2946 ήσθενηκόσιν,
1693 2877 1729 2947 ἢ

131 2964 215 3016 δτι
247 2963 558 3034 Συνέσομαι
577 2965 739 3021 πάλιν
771 2967 924 3020 οὐδὲν
954 2961 1117 3038 ἦττον
1142 2968 1542 3039 ἀρνησαμένοις
1570 2967 1603 3038 ἢ
1632 2985 1729 3021 πε-

134 3052 432 3121 φευγόσιν,
453 3054 540 3107 ἵνα
565 3055 639 3125 μὴ
658 3055 747 3109 τὸν
768 3057 832 3108 ἐκ
849 3055 944 3109 τοῦ
967 3057 1231 3124 γελᾶσθαι
1250 3063 1267 3079 '
1287 3057 1452 3126 φόϐον
1467 3057 1729 3124 ὁλοτελῶς

133 3146 481 3216 ἀποστήσας,
538 3147 630 3200 καὶ
659 3148 754 3219 τὴν
807 3150 871 3202 ἐκ
917 3149 1011 3201 τοῦ
1067 3149 1434 3221 προσκρούειν
1470 3150 1728 3204 ὑπόνοιαν

1220 382 1287 436 ΙΝ
1313 382 1598 441 JOANNIS
1637 385 2088 444 EVANGELIUM
2130 389 2258 447 LiB.
2302 392 2393 449 IX.

3318 405 3418 459 473

1759 501 1814 559 Λ
1912 499 2049 568 XIV,
2077 502 2126 557 1.
2163 503 2286 559 Νοη
2317 505 2555 561 turbetur
2581 525 2670 563 cor
2695 521 2943 568 vestrum.

1908 592 2206 667 Postquam
2235 599 2374 654 dixit
2401 616 2466 656 eo
2496 603 2832 663 inﬁrmitatis
2867 624 3126 666 casurum
3169 609 3414 679 Petrum,

1840 692 1899 740 ut
1925 695 2011 742 ter
2036 699 2341 760 negaturus
2370 693 2462 757 sit,
2497 694 2664 766 idque
2696 715 2804 752 una
2835 700 2888 755 in
2917 711 3081 760 nocte
3110 704 3160 759 ei
3189 716 3416 760 eventu-

1839 793 1989 846 rum,
2028 783 2572 841 vehementissimum
2627 791 3002 859 periculorum
3057 807 3256 850 metum
3291 775 3417 866 pri;-

1840 875 2132 942 pemodum
2161 877 2424 933 indicavit
2444 881 2520 935 rei
2545 880 2862 952 hyperbole,
2889 887 3033 942 unde
3058 888 3186 957 jure
3218 891 3416 944 merito

1839 963 1933 1017 alii
1961 965 2146 1020 statim
2179 967 2439 1038 discipuli
2460 971 2605 1042 apud
2637 989 2696 1029 se
2728 976 2974 1046 cogitare
3006 987 3263 1048 poterant
3294 983 3417 1051 qui—

1839 1069 1964 1108 nam
1992 1063 2047 1109 et
2080 1068 2323 1128 quantus
2349 1069 2498 1117 esset
2543 1079 2730 1119 rerum
2768 1066 3080 1123 futurarum
3121 1079 3324 1136 metus,
3363 1082 3418 1128 et

1837 1161 2004 1215 quam
2034 1150 2216 1219 gravis
2250 1160 2304 1208 et
2361 1165 2676 1226 expugnati:
2725 1158 2961 1217 diﬁicilis
3001 1163 3255 1227 tentatio,
3295 1181 3417 1234 qua:

1838 1241 2176 1309 praecipuum
2208 1250 2261 1298 et
2317 1245 2582 1302 eximium
2625 1248 2780 1304 illum
2842 1251 3104 1308 invasura
3157 1263 3323 1320 esset,
3361 1266 3416 1311 et

1836 1329 2116 1400 dejeetura
2175 1349 2287 1390 non
2356 1339 2566 1402 semel,
2619 1341 2713 1395 sed
2754 1343 2807 1397 in
2865 1361 2975 1398 uno
3028 1361 3192 1414 serpe,
3239 1363 3416 1417 eoque

1836 1421 1988 1478 brevi
2015 1430 2284 1493 tempore.
2315 1427 2451 1493 Quis
2472 1443 2721 1485 nostrum
2751 1433 2919 1504 igitur
2942 1437 3214 1493 deteriore
3235 1439 3415 1493 adhuc

1837 1515 1960 1570 loco
1987 1532 2098 1570 non
2128 1518 2255 1582 erit,
2297 1529 2391 1574 aut
2424 1523 2705 1590 quomodo
2758 1527 2976 1581 resistet
3005 1529 3150 1584 alius
3185 1531 3329 1586 ullus
3366 1534 3411 1586 si

1835 1605 2032 1664 Petrus
2063 1612 2404 1674 concutitur,
2437 1622 2491 1667 et
2549 1629 2779 1670 casuum
2841 1620 3098 1688 gravitati
3146 1623 3293 1676 velut
3347 1640 3414 1678 ex

1835 1700 2168 1757 necessitate
2217 1705 2576 1760 succumbit?
2632 1706 2859 1764 Frustra
2896 1710 3061 1782 igitur
3128 1714 3183 1768 in
3225 1731 3292 1769 eo
3328 1731 3414 1770 se-

1835 1791 2055 1860 quendo
2083 1793 2298 1848 labores
2332 1798 2695 1864 pertulimus,
2732 1807 2788 1855 et
2841 1802 2898 1855 in
2956 1819 3125 1859 vanos
3182 1807 3411 1863 sudores

1833 1881 2037 1936 abeunt
2061 1884 2234 1938 nostri
2263 1893 2523 1949 conatus,
2557 1890 2810 1957 quamvis
2845 1892 2994 1960 apud
3039 1893 3208 1948 Deum
3244 1898 3408 1950 vitam

1832 1971 2134 2028 conciliare
2164 1972 2477 2030 videantur.
2513 1979 2640 2032 meo
2671 1979 2812 2048 apud
2837 1995 2896 2036 se
2925 1981 3231 2052 discipulos
3261 1987 3412 2057 cogi-

1831 2069 1951 2117 tare
1984 2079 2095 2118 non
2125 2065 2224 2120 abs
2249 2083 2309 2123 re
2345 2069 2578 2123 dixerim
2610 2089 2622 2123 :
2670 2071 2767 2125 sed
2818 2087 2943 2126 cum
2994 2074 3272 2132 labantem
3301 2078 3413 2131 ani-

1829 2169 1978 2208 mum
2015 2172 2211 2214 rursus
2244 2161 2456 2231 erigere
2497 2171 2645 2217 esset
2677 2165 2757 2220 eis
2791 2180 2969 2234 Operre
3003 2169 3262 2238 pretium,
3312 2186 3411 2225 ne-

1831 2248 2131 2304 cessarium
2163 2251 2573 2321 quodammodo
2601 2255 2690 2312 his
2733 2258 3164 2326 cogitationibus
3197 2276 3261 2316 ac
3294 2269 3409 2320 ter-

1829 2339 2050 2396 roribus
2083 2341 2243 2397 otIert
2271 2346 2602 2412 remedium,
2629 2363 2837 2420 eosque
2887 2352 3188 2407 securitate
3241 2354 3413 2409 animi

1829 2431 2034 2484 armari
2064 2431 2219 2501 jubet
2241 2434 2464 2492 dicens:
2495 2454 2514 2488 ι
2545 2435 2664 2492 Νοη
2692 2439 2946 2494 turbetur
2969 2455 3065 2496 cor
3087 2451 3353 2497 vestrum.
3387 2463 3405 2494 ι

1831 2521 1965 2575 Vide
1999 2537 2168 2592 porro
2208 2533 2267 2578 ut
2294 2528 2376 2581 eis
2404 2522 2730 2584 adumbrate
2759 2531 3098 2588 inﬁrmitatis
3130 2534 3410 2590 remissio-

1829 2628 1953 2668 nem
1986 2615 2334 2683 polliceatur.
2379 2618 2488 2673 Nec
2517 2621 2661 2675 enim
2715 2629 2902 2692 aperte
2966 2625 3042 2678 ait
3083 2641 3144 2680 se
3190 2627 3406 2680 veniam

1830 2702 2088 2759 daturum
2137 2706 2304 2761 etiam
2359 2707 2631 2773 inﬁrmis,
2683 2719 2776 2763 aut
2814 2711 2999 2767 denuo
3065 2721 3408 2768 versaturum

1831 2807 1954 2846 cum
1993 2795 2062 2850 iis
2096 2810 2126 2848 a
2156 2797 2360 2866 quibus
2395 2809 2628 2870 negatus
2659 2800 2846 2867 fuerit,
2874 2812 2968 2857 aut
2996 2804 3092 2873 qui
3141 2803 3405 2875 fugerint,

1829 2901 1900 2941 ne
1929 2895 2077 2943 metu
2116 2891 2370 2960 supplicii
2394 2893 2409 2911 '
2443 2892 2685 2959 sublato,
2711 2903 2765 2950 et
2788 2893 3112 2951 offensionis
3143 2895 3404 2965 Opinione

1829 2994 2062 3048 prorsus
2101 2981 2393 3038 amandata
2418 2984 2677 3054 perfacile
2700 2987 2783 3043 eis
2815 2995 3100 3058 peccatum
3123 2989 3404 3050 redderet,

1831 3078 1885 3124 et
1914 3070 2221 3140 negationis
2261 3073 2480 3144 culpam
2509 3089 2608 3145 pro
2639 3076 2814 3132 nihilo
2849 3078 3127 3134 astimare
3168 3079 3404 3134 doceret.

1835 3159 1972 3214 Cum
2023 3169 2204 3218 autem
2270 3163 2491 3219 dicebat
2540 3167 2756 3222 turbari
2788 3183 2897 3224 non
2944 3177 3219 3239 oportere,
3266 3171 3409 3225 inter

133 3235 405 3300 ὁλοτελῶς
457 3235 712 3306 ἀφελὼν,
779 3237 921 3293 λεῖον
971 3239 1156 3302 αὑτοῖς
1219 3240 1609 3312 ἀπεργάσηται
1664 3240 1725 3294 τὸ

1836 3250 1992 3320 76],
2036 3267 2186 3321 spem
2225 3267 2290 3308 ac
2315 3261 2520 3310 metum
2557 3271 2653 3313 eos
2687 3258 2945 3327 ponebat,
2980 3235 3040 3314 ut
3069 3259 3304 3315 infirmis
3342 3260 3409 3314 iis

135 3329 526 3400 πλημμέλημα
548 3371 562 3394 ,
603 3331 699 3383 καὶ
730 3331 861 3401 παρ’
901 3332 1053 3385 οὐδὲν
1083 3332 1358 3386 ποιεῖσθαι
1403 3332 1590 3405 διδάξῃ
1625 3333 1723 3406 τὴν

135 3421 202 3473 ἐκ
221 3421 323 3490 τῆς
340 3420 619 3493 ἀρνήσεως
651 3421 880 3494 μέμψιν.
907 3424 979 3478 Τὸ
1013 3424 1070 3478 δὲ
1102 3424 1164 3495 δὴ
1188 3423 1262 3496 μὴ
1288 3425 1488 3495 χρῆναι
1521 3426 1727 3496 ταράτ-

132 3512 331 3565 τεσθαι
360 3513 554 3582 λέγων,
589 3515 786 3586 μέσους
806 3517 1003 3581 αὑτοὺς
1035 3516 1253 3581 ἐλπίδος
1276 3518 1445 3572 ἐτίθει
1500 3520 1594 3572 καὶ
1616 3519 1724 3572 δεί-

139 3622 336 3675 ματος,
371 3606 434 3659 ἵν’
474 3605 804 3678 ὴσθενηκόσι
861 3609 959 3678 μὲν
1003 3610 1096 3662 καὶ
1138 3609 1405 3664 παθοῦσιν
1451 3611 1632 3675 αὑτοῖς
1665 3611 1728 3666 τὸ

135 3695 485 3767 ἀνθρώπινον
515 3700 548 3769 ἡ
580 3701 680 3770 τῆς
711 3699 1050 3770 ἡμερότητος
1097 3701 1252 3765 ἐλπὶς
1301 3701 1438 3773 πρὸς
1497 3701 1560 3754 τὸ
1593 3703 1725 3756 ἀνα-

139 3788 345 3859 σφῆλαι
363 3793 649 3861 συμμαχῇ,
667 3790 914 3858 ὀλιγάκις
929 3791 983 3843 δὲ
997 3791 1210 3844 πταίειν
1221 3791 1351 3846 ὀτοῦ
1367 3791 1727 3864 προσκρούειν

138 3881 338 3946 αὐτοὺς
368 3881 640 3953 ἐπιτρέπῃ
675 3882 859 3952 φόϐος,
883 3883 1113 3954 ἐπείπερ
1146 3884 1330 3947 αὐτοῖς
1361 3882 1522 3938 οὔπω
1554 3885 1727 3955 μετῆν

137 3977 199 4028 τὸ
224 3976 301 4046 μὴ
328 3975 588 4029 δύνασθαι
605 3975 915 4029 διαπίπτειν
945 3975 1102 4041 ὅλως,
1130 3975 1283 4029 οὔπω
1310 3981 1729 4048 κατημφιεσμέ-

140 4085 252 4129 νοις
285 4067 387 4138 τὴν
428 4067 634 4123 ἄνωθεν
686 4068 782 4121 καὶ
826 4069 926 4140 τὴν
976 4069 1036 4134 ἐξ
1069 4068 1237 4138 ὔψους
1287 4069 1539 4139 δύναμιν,
1578 4070 1726 4125 τοῦτ’

141 4159 277 4224 ἔστι,
307 4159 408 4231 τὴν
439 4160 530 4214 διά
561 4160 654 4214 τοῦ
691 4160 1010 4232 Πνεῦματος
1030 4163 1212 4232 χάριν.
1266 4163 1574 4218 Ἐπιτάττει
1611 4183 1726 4218 τοι-

141 4250 346 4322 γαροῦν
378 4251 453 4321 μὴ
483 4251 870 4322 ταράττεσθαι,
915 4252 1049 4323 ὁμοῦ
1081 4254 1180 4322 μὲν
1211 4252 1499 4318 διδάσκων,
1536 4255 1728 4328 ὅτιπερ

142 4345 412 4415 προσήκοι
465 4344 530 4415 δὴ
567 4345 784 4408 πάντως
843 4345 1100 4415 ἀμείνους
1143 4339 1284 4398 εἶναι
1317 4345 1519 4410 δειλίας
1546 4388 1561 4414 ,
1600 4348 1730 4413 τοὺς

141 4435 510 4504 ἀγωνίζεσθαι
545 4436 838 4506 μέλλοντας
890 4439 1133 4501 καὶτοὺς
1162 4437 1300 4509 ὑπὲρ
1336 4439 1434 4510 τῆς
1459 4440 1538 4503 εἰς
1559 4439 1728 4512 ἄκρον

142 4527 394 4592 εὐκλείας
414 4528 763 4598 εἰσϐήσεσθαι
784 4530 999 4592 πόνους.
1025 4528 1186 4598 Μέγα
1210 4529 1318 4600 γὰρ
1337 4532 1417 4595 εἰς
1439 4532 1726 4603 εὐτολμίαν

1831 3352 1885 3398 et
1914 3343 2141 3398 humani
2201 3345 2459 3415 quiddam
2492 3349 2831 3418 patientibus
2863 3350 3129 3407 bonitatis
3178 3367 3305 3422 spes
3342 3352 3410 3406 ad

1830 3434 2212 3504 respirandum
2263 3437 2650 3507 opitularetur,
2704 3447 2760 3496 et
2813 3456 2942 3497 raro
2983 3442 3182 3497 cadere
3239 3441 3410 3497 offcnr

1829 3525 1994 3580 dendi
2026 3536 2204 3582 metus
2229 3543 2327 3584 eos
2373 3530 2716 3598 admoneret,
2763 3533 3208 3605 quandoquidem
3241 3549 3410 3604 penes

1829 3632 1927 3674 eos
1975 3618 2224 3673 nondum
2277 3628 2398 3675 erat
2447 3628 2507 3675 ut
2570 3623 2768 3679 cadere
2828 3640 2939 3678 non
2969 3632 3225 3694 possent,
3284 3640 3408 3679 eum

1833 3709 2074 3765 nondum
2102 3711 2305 3766 virtute
2334 3728 2577 3783 superna
2607 3721 2662 3768 et
2685 3729 2751 3769 ex
2784 3716 2896 3770 alto
2926 3715 3102 3770 induti
3137 3717 3407 3782 essent“,

1831 3803 1937 3859 hoc
1975 3812 2059 3860 est
2085 3803 2326 3874 Spiritus
2356 3807 2555 3874 gratia.
2589 3804 2753 3863 Jubet
2785 3809 2972 3878 itaque
3005 3816 3065 3864 ut
3121 3825 3234 3864 non
3292 3817 3408 3862 tur-

1831 3895 2049 3961 bentur,
2091 3911 2199 3951 non
2252 3897 2418 3952 modo
2453 3898 2673 3969 quidem
2727 3898 2932 3954 docens
2983 3908 3134 3955 metu
3185 3899 3410 3954 omnino

1831 3988 2143 4058 superiores
2177 4005 2300 4046 esse
2331 3991 2531 4046 debere
2561 3991 2653 4061 qui
2688 3991 2954 4046 certaturi
2987 4003 3139 4056 sunt,
3202 4001 3257 4046 et
3310 3991 3408 4062 qui

1832 4095 1932 4150 pro
1985 4096 2199 4136 summa
2233 4083 2405 4153 gloria
2461 4083 2677 4138 labores
2724 4093 2855 4140 sunt
2912 4084 3122 4138 inituri.
3155 4082 3408 4154 Magnum

1831 4171 2015 4243 itaque
2067 4173 2133 4227 ad
2187 4173 2357 4227 animi
2414 4174 2672 4230 virtutem
2725 4173 3035 4229 subsidium
3100 4181 3186 4229 est
3255 4189 3451 4241 mens

1832 4267 2239 4335 imperterrita:
2278 4284 2470 4323 verum
2510 4268 2678 4322 etiam
2725 4267 3024 4323 obscurius
3083 4283 3183 4322 nec
3212 4267 3407 4321 admo-
3446 4259 3458 4297 ί

1832 4359 1961 4414 dum
1996 4368 2202 4430 aperte,
2230 4359 2576 4416 remissionis
2620 4369 2798 4415 tamen
2837 4373 2992 4429 spem
3029 4361 3408 4418 subinserens.

1832 4447 1964 4502 licet
2006 4463 2074 4502 ex
2128 4448 2448 4505 inﬁrmitate
2499 4450 2742 4504 humana
2787 4449 2842 4503 in
2897 4450 3248 4504 timiditatem
3299 4450 3410 4503 labi

1834 4535 2150 4606 contigerit.
2186 4537 2418 4594 Animus
2483 4539 2629 4594 enim
2685 4553 2922 4609 superna
2958 4541 3135 4610 gratia
3165 4540 3424 4594 nondum

144 4620 356 4687 ἐφόδιον
385 4622 414 4674 ὁ
442 4621 716 4692 ἀτάραχος
741 4621 863 4684 νοῦς
893 4638 906 4650 ·
933 4620 1071 4692 ὁμοῦ
1099 4621 1158 4674 δὲ
1197 4617 1263 4675 αὖ
1297 4621 1457 4676 πάλιν
1484 4624 1727 4695 ἀμυδρό-

1837 4627 2110 4693 ﬁrmatus,
2145 4629 2370 4684 timidus
2403 4637 2510 4698 est,
2542 4646 2606 4684 ac
2636 4630 2798 4686 facile
2831 4632 3077 4695 concuti,
3115 4633 3414 4700 statimque

144 4728 320 4782 τερον,
361 4712 457 4764 καὶ
489 4713 549 4764 οὑ
579 4712 787 4782 σφόδρα
815 4711 1093 4779 διαφανῶς
1115 4752 1130 4776 ,
1173 4711 1522 4782 ὑποσπείρων
1551 4715 1596 4767 δ’
1634 4711 1728 4769 οὖν

147 4802 287 4871 ὅμως
346 4803 446 4874 τῆς
487 4803 738 4872 ἀφέσεως
771 4803 868 4874 τὴν
903 4803 1113 4870 ἐλπίδα,
1142 4804 1236 4856 καὶ
1283 4805 1331 4856 εἰ
1369 4804 1578 4873 γένοιτό
1610 4825 1727 4872 πως

148 4897 330 4961 αὐτοῖς
372 4898 434 4951 τὸ
477 4898 536 4962 ἐξ
574 4897 926 4970 ἀνθρωπίνης
979 4896 1346 4967 μικροψυχίας
1388 4898 1728 4954 κατολισθεῖν

149 4991 226 5052 εἰς
258 4989 487 5043 δειλίαν.
523 4990 668 5054 Νοῦς
712 4991 822 5062 γὰρ
870 4989 1025 5043 οὔπω
1073 4991 1140 5059 τῇ
1179 4976 1390 5042 ἀνωθεν
1442 4989 1728 5060 ἱδρυμένος

148 5082 349 5152 χάριτι,
388 5082 563 5145 δειλός
592 5100 653 5136 τε
705 5084 799 5137 καὶ
821 5081 1246 5151 εὑανάτρεπτος,
1287 5080 1381 5132 καὶ
1411 5081 1493 5144 εἰς
1513 5082 1575 5135 τὸ
1603 5083 1729 5136 κλο-

1839 4719 2052 4774 turbari
2121 4721 2280 4776 solet.
2317 4720 2664 4793 Proindeque
2704 4722 2912 4778 Paulus
2967 4723 3411 4793 sapientissimus

1840 4810 1981 4868 bene
2007 4828 2239 4883 precans
2269 4815 2554 4870 nonnullis
2579 4816 2814 4872 scribit:
2868 4836 2885 4867 ι
2928 4816 2994 4871 Et
3028 4830 3132 4886 pax
3179 4813 3409 4877 Christi,

1828 4918 1950 4973 quae
2003 4916 2301 4977 exsuperat
2350 4923 2570 4964 omnem
2621 4924 2870 4974 sensum,
2930 4907 3208 4964 custodiat
3241 4906 3416 4966 corda

1829 5001 2015 5050 vestra
2037 4996 2107 5051 ⁸⁵.
2159 5017 2178 5050 ›
2227 4997 2286 5054 ld
2315 5000 2463 5055 enim
2508 5010 2612 5068 est,
2662 5009 2722 5054 ut
2754 5015 2862 5055 non
2896 4999 3154 5055 turbetur
3194 5012 3293 5052 cor
3319 5012 3413 5052 ve-

1833 5095 2032 5144 strum.

147 5171 348 5224 νεῖσθαι
378 5172 569 5242 ταχύς.
593 5171 691 5227 Διά
712 5189 794 5225 τοι
821 5169 1015 5235 τοῦτο,
1048 5169 1144 5222 καὶ
1178 5170 1206 5221 ὁ
1272 5167 1586 5239 σοφώτατος
1645 5173 1858 5238 Παῦλος
1921 5182 2288 5254 ὲπευχόμενός
2331 5203 2473 5240 τισιν
2523 5184 2826 5239 ἐπιστέλλει
2853 5202 2865 5216 ·
2929 5203 2951 5236 ε
2981 5183 3093 5238 Καὶ
3142 5183 3174 5252 ἠ
3221 5179 3412 5250 εἰρήνη

145 5262 238 5315 τοῦ
268 5265 510 5334 Χριστοῦ
537 5305 554 5327 ,
593 5265 628 5331 ἡ
661 5263 1005 5335 ὑπερέχουσα
1043 5263 1224 5317 πάντα
1251 5261 1375 5315 νοῦν
1425 5265 1724 5335 φρουρήσει
1761 5269 1861 5334 τὰς
1887 5274 2114 5344 καρδίας
2138 5276 2313 5347 ὑμῶν.
2351 5298 2369 5330 ι
2407 5278 2578 5334 Τοῦτο
2604 5282 2711 5352 γάρ
2733 5280 2848 5331 ἐστι
2881 5275 2940 5329 τὸ
3001 5275 3076 5346 μὴ
3144 5274 3410 5344 ταράττε-

150 5356 270 5411 σθαι
299 5358 400 5429 τὴν
429 5356 680 5428 καρδίαν.

219 5451 534 5513 Πιστεύετε
575 5452 662 5514 είς
689 5449 797 5502 τὸν
826 5447 994 5512 Θεὸν,
1017 5446 1115 5501 καὶ
1144 5447 1232 5511 εὶς
1261 5445 1364 5515 ἐμὲ
1388 5453 1725 5506 πιστεύετε.

230 5541 487 5613 Ὁπλίτην
509 5542 808 5614 ἐργάζεται
845 5539 937 5594 τὸν
964 5538 1088 5608 ἄρτι
1119 5535 1312 5602 δειλὸν,
1340 5542 1433 5593 καὶ
1456 5541 1545 5596 διά
1583 5563 1728 5616 πρα-

153 5633 367 5703 γμάτων
391 5637 457 5688 ὲκ
480 5633 651 5703 φόϐου
677 5631 1004 5704 τραυμάτων
1040 5627 1310 5682 ποιεῖσθαι
1342 5631 1552 5688 κελεύει
1575 5637 1635 5691 τὸ
1670 5640 1726 5694 ἐν

223 5813 264 5844 ιι
294 5812 425 5868 Luc,
468 5826 600 5865 xliv
659 5808 748 5863 .59.
831 5809 873 5839 "5
913 5809 1143 5883 Philipp.
1184 5830 1256 5884 Iv,
1305 5818 1352 5871 7.

1908 5452 2027 5507 XIV
2048 5494 2064 5519 ,
2109 5456 2161 5511 1.
2198 5455 2406 5511 Credite
2431 5457 2485 5511 in
2510 5456 2673 5510 Deum
2693 5498 2707 5520 ,
2738 5457 2862 5509 etin
2894 5472 2972 5510 me
2998 5456 3205 5510 credite.

1907 5546 2009 5613 Qui
2036 5549 2200 5604 modo
2231 5550 2454 5604 timidus
2479 5559 2597 5602 erat
2624 5562 2772 5602 nunc
2801 5549 3061 5603 audacem
3097 5549 3416 5605 bellatorem

1839 5637 2006 5703 facit,
2061 5646 2114 5692 et
2162 5654 2258 5708 per
2296 5654 2492 5710 opera,
2541 5652 2606 5693 ex
2653 5639 2876 5698 timoris
2925 5640 3246 5695 vulneribus
3295 5655 3416 5694 crc-
