3992 6316
519 308 618 362 179

1558 309 1614 363 S.
1655 307 1928 364 CYRILLI
1963 307 2437 367 ΑιΕΧΑΝῡιιιΜ
2471 314 2789 371 ABCIHEP.

3682 320 3790 374 180

521 433 669 480 ctum
699 432 754 481 et
785 425 980 481 fortem
1010 426 1255 480 animum
1279 426 1333 480 in
1362 425 1467 481 fide
1496 425 1607 480 fieri
1638 425 1814 495 jubet.
1840 423 1931 480 Sic
1953 425 2098 479 enim

2231 426 2386 482 είστει
2426 433 2644 502 γοργόν.
2693 431 2988 504 Σωζόμεθα
3034 432 3144 504 γὰρ
3170 432 3362 495 οὑτως,
3409 433 3503 486 καὶ
3552 433 3651 503 οὑχ
3681 435 3808 487 ἑτέ·

525 520 828 586 salvamur,
865 533 930 573 ac
967 534 1072 574 non
1113 519 1295 585 aliter,
1319 518 1478 590 juxta
1511 519 1645 573 illud
1682 518 1827 590 quod
1863 520 1919 572 in
1949 517 2104 573 Psal-

526 617 630 671 mis
660 614 878 669 canitur
922 628 937 665 :
993 631 1012 663 ι
1052 611 1322 667 Dominus
1376 611 1709 667 illnminatio
1739 625 1861 666 mea
1895 619 1952 666 et
1984 607 2105 664 Sal-

525 715 686 760 vator
723 719 881 761 meus
927 724 940 759 :
991 719 1155 775 quem
1213 704 1466 759 timebo?
1511 701 1780 760 Dominus
1825 708 2108 773 protector

521 798 649 853 vita:
674 812 828 860 meae,
863 811 894 851 a
927 813 1038 868 quo
1067 796 1353 866 trepidabo
1382 795 1465 849 “‘2
1504 795 1929 866 Cunctipotente
1957 795 2106 857 enim

522 890 633 946 Deo
661 905 760 962 pro
786 890 946 944 nobis
970 895 1250 959 pugnante
1277 895 1443 959 atque
1467 902 1566 951 nos
1588 896 1943 960 protegente,
1978 888 2104 958 quis

521 983 684 1039 nobis
725 996 924 1037 nocere
966 980 1189 1053 possit?
1226 978 1363 1046 Quis
1393 986 1604 1035 tantum
1632 979 1850 1036 roboris
1877 980 2108 1036 habitu-

524 1090 622 1130 rus
644 1080 730 1131 est
751 1088 994 1143 unquam
1022 1114 1038 1140 ,
1079 1080 1141 1128 ut
1180 1074 1394 1129 electos
1439 1072 1549 1128 sibi
1581 1073 1842 1143 subjiciat
1868 1113 1882 1139 ,
1911 1081 1968 1129 et
1996 1088 2112 1129 suae

527 1164 906 1234 perversitatis
961 1163 1233 1220 obnoxios
1283 1161 1503 1217 faciat?
1550 1161 1662 1217 Aut
1704 1163 1832 1235 quis
1861 1165 2113 1235 captivos

529 1258 697 1313 faciat
730 1272 826 1313 eos
867 1256 961 1327 qui
997 1255 1184 1311 divina
1215 1253 1464 1325 undique
1501 1255 1703 1310 muniti
1748 1264 1880 1312 sunt
1928 1270 2113 1311 arma-

532 1349 695 1404 tura?
740 1345 902 1403 Fides
938 1347 1125 1417 itaque
1171 1355 1453 1400 armatura
1495 1353 1585 1402 cst
1619 1346 1857 1403 infracta
1886 1356 1941 1404 et
1966 1348 2076 1402 lata
2098 1387 2114 1414 ,

531 1457 653 1512 quae
698 1440 969 1512 ignaviam
1019 1453 1085 1494 ac
1137 1447 1410 1517 terrorem
1451 1440 1651 1496 avertit
1686 1481 1702 1505 ,
1749 1448 1805 1497 et
1854 1443 2119 1513 nequitia:

531 1533 641 1589 tela
662 1532 818 1587 irrita
847 1519 909 1588 et.
931 1530 1152 1585 inutilia
1181 1545 1415 1602 prorsus
1440 1529 1626 1587 efIicit.
1655 1530 1796 1587 Cum
1830 1547 1962 1604 ergo
1994 1532 2117 1588 fidei

533 1626 676 1681 ratio
702 1626 777 1679 ita
811 1639 871 1680 se
903 1623 1104 1679 habeat
1127 1661 1142 1688 ,
1174 1621 1578 1677 observandum
1603 1631 1691 1678 est
1711 1638 1912 1680 rursus
1927 1624 2119 1695 jussos

2211 537 2342 590 ρως,
2378 522 2497 575 κατ’
2528 523 2705 575 έκεῖνο
2725 521 2789 593 δή
2838 539 2938 574 που
2968 521 3028 574 τὸ
3059 523 3116 573 ὲν
3162 520 3414 590 Ψαλμοῖς
3450 520 3808 591 μελῳδούμε-

2209 628 2326 667 νον’
2373 631 2392 664 ι
2433 611 2638 684 Κύριος
2692 611 2973 682 φωτισμός
3005 627 3108 682 μου
3158 611 3252 664 καὶ
3299 611 3484 681 σωτήρ
3516 626 3642 680 μου,
3677 610 3807 662 τίνα

2211 704 2624 777 φοϐηθήσομαις
2667 703 2873 775 Κύριος
2917 701 3332 774 ὑπερασπιστὴς
3360 701 3460 771 τῆς
3487 700 3638 771 ζωῆς
3671 718 3806 772 μου,

2211 798 2319 852 ἀπὸ
2344 797 2488 861 τίνος
2506 796 2793 860 δειλιάσω;
2819 813 2838 846 ›
2857 792 3346 865 ’Υπερμαχομένου
3369 791 3499 864 γὰρ,
3518 793 3614 846 καὶ
3640 792 3811 860 ὑπερ-

2212 888 2539 954 ασπίζοντος
2581 885 2738 959 ἡμῶν
2778 884 2873 939 τοῦ
2904 884 3082 940 πάντα
3126 883 3402 954 ἰσχύοντος
3432 882 3592 946 Θεοῦ,
3617 883 3700 945 τίς
3737 882 3811 937 ἂν

2212 981 2360 1052 ἡμᾶς
2384 978 2601 1034 δύναιτο
2629 974 2870 1043 κακοῦν;
2914 973 3011 1039 Τίς
3042 975 3100 1028 δὲ
3136 973 3320 1046 ἰσχύος
3359 975 3441 1038 εἰς
3476 973 3637 1028 τοῦτο
3672 974 3813 1045 δρα-

2219 1073 2399 1143 μεῖται
2443 1069 2628 1141 τυχὸν,
2692 1070 2769 1135 ὼς
2824 1068 2928 1124 ὑπὸ
2974 1070 3133 1139 χεῖρα
3189 1068 3412 1137 ποιῆσαι
3474 1068 3603 1133 τοὺς
3648 1067 3813 1121 ἐκλε-

2217 1164 2401 1227 κτοὺς,
2426 1163 2522 1216 καὶ
2550 1165 2661 1226 τοῖς
2686 1161 2787 1231 τῆς
2807 1159 3002 1215 ἑαυτοῦ
3019 1160 3349 1231 δυστροπίας
3375 1158 3660 1214 ὑποθεῖναι
3704 1177 3812 1213 κα-

2218 1258 2371 1323 κοῖς;
2417 1256 2489 1309 Ἦ
2524 1255 2609 1318 τίς
2641 1255 2708 1309 ἂν
2741 1254 2936 1319 ἕλοιτο,
2973 1254 3067 1309 καὶ
3101 1254 3469 1325 δορυκτήτους
3513 1255 3815 1325 ποιήσαιτο

2217 1351 2347 1413 τοὺς
2387 1348 2487 1419 τὴν
2522 1335 2674 1402 θέίαν
2721 1347 2943 1419 ἔχοντας
2994 1347 3355 1417 παντευχίαν;
3396 1346 3596 1401 Ὀπλον
3637 1343 3734 1400 οῦν
3777 1348 3812 1417 ἡ

2222 1439 2428 1503 πίστις,
2458 1437 2705 1510 άῤῥαγές
2728 1454 2788 1490 τε
2810 1436 2907 1491 καὶ
2934 1436 3131 1501 πλατὺ,
3158 1436 3252 1488 καὶ
3279 1434 3379 1504 τὴν
3409 1436 3474 1490 ἐκ
3491 1434 3587 1488 τοῦ
3611 1434 3814 1489 παθεῖν

2218 1532 2426 1587 οἴεσθαί
2480 1549 2534 1585 τι
2583 1531 2743 1600 τυχὸν
2794 1529 3104 1601 ἀποτρέπον
3148 1528 3372 1594 δειλίαν,
3432 1529 3697 1598 ἄπρακτα
3748 1545 3814 1582 τε

2223 1622 2506 1687 παντελῶς
2542 1624 2637 1677 καὶ
2669 1621 2902 1692 ἀνόνητα
2924 1619 3202 1682 παντελῶς
3224 1623 3337 1684 τοῖς
3363 1619 3710 1692 πειράζουσι,
3740 1620 3815 1673 τὰ

533 1731 660 1773 esse
688 1714 995 1786 discipulos
1026 1729 1137 1769 non
1171 1713 1230 1768 in
1270 1712 1441 1770 Deum
1469 1721 1683 1770 tantum
1724 1717 1952 1773 credere
1973 1757 1989 1783 ,
2022 1717 2119 1775 sed

2231 1716 2322 1788 τῆς
2351 1715 2619 1787 πονηρίας
2644 1714 2825 1768 αὑτῶν
2852 1710 3146 1767 ἀποτελοῦν
3176 1711 3328 1782 βέλη.
3363 1711 3621 1781 Ἕχοντος
3644 1711 3704 1765 δὲ
3728 1709 3814 1763 οὖα

536 1822 591 1867 et
621 1811 675 1865 in
707 1809 886 1879 ipsum
915 1806 1197 1863 Christum
1224 1847 1240 1873 ,
1281 1822 1390 1862 non
1426 1808 1572 1879 quod
1611 1809 1730 1879 ipse
1763 1810 1915 1866 aliud
1951 1812 2115 1882 quid-

537 1903 662 1957 dam
716 1902 796 1958 sic
839 1916 903 1956 ac
940 1900 1221 1956 diversum
1262 1916 1293 1954 a
1326 1898 1439 1956 Deo
1476 1903 1786 1959 secundum
1819 1913 2074 1961 naturam
2100 1945 2115 1970 ,

536 1995 823 2051 identitate
854 1993 1119 2048 nimirum
1154 1992 1480 2050 substantia:
1506 2012 1522 2063 ;
1556 1995 1652 2052 sed
1684 1997 1837 2068 quia,
1866 1999 1953 2056 his
1981 1999 2121 2055 dun-

538 2094 692 2142 taxat
719 2085 943 2142 credere
975 2085 1030 2140 in
1059 2083 1250 2150 Deum,
1290 2085 1412 2141 fidei
1440 2088 1772 2159 completam
1794 2105 1920 2147 esse
1948 2092 2119 2147 ratio-

540 2196 666 2237 nem
727 2179 1051 2236 existimare
1080 2220 1097 2247 ,
1144 2178 1391 2235 Judaicaa
1435 2181 1846 2250 quodammodo
1886 2184 2123 2240 levitatis

544 2273 826 2345 proprium
860 2271 1019 2345 762
1053 2281 1168 2338 est,
1197 2271 1303 2327 ﬁde
1328 2287 1462 2328 vero
1488 2274 1541 2328 in
1568 2272 1739 2330 Deum
1766 2272 1890 2331 Filii
1922 2291 2120 2331 nomen

544 2363 869 2426 includere,
930 2361 1338 2433 praadicationis
1398 2364 1732 2434 evangelicae
1788 2374 2122 2435 praeceptum

544 2471 668 2513 esse
699 2455 936 2511 videtur.
963 2454 1248 2525 Quotquot
1276 2453 1423 2509 enim
1449 2462 1601 2511 recte
1633 2455 1882 2511 sentiunt
1903 2495 1919 2520 ,
1953 2456 2123 2512 Deum

546 2564 611 2604 ac
639 2546 856 2604 Patrem
897 2547 1123 2603 credere
1160 2555 1414 2619 oportet,
1464 2563 1643 2620 neque
1692 2549 2020 2621 simpliciter
2070 2551 2126 2605 in

546 2638 747 2696 Filium
772 2679 789 2706 ,
823 2638 920 2696 sed
962 2646 1021 2697 et
1069 2639 1224 2695 illum
1262 2640 1610 2696 incarnatum
1638 2681 1654 2707 ,
1699 2648 1755 2697 et
1784 2642 1841 2697 in
1874 2651 2128 2700 sanctum

549 2732 840 2805 Spiritum.
886 2730 1088 2787 Sancta
1137 2732 1282 2787 enim
1330 2740 1385 2789 et
1426 2732 1920 2789 consubstantialis
1943 2732 2135 2788 Trini-

547 2832 637 2880 tas
662 2866 678 2891 ,
714 2830 768 2879 et
795 2823 1084 2878 nominum
1112 2819 1473 2887 differentiis,
1517 2830 1574 2876 et
1602 2836 1964 2892 personarum
1997 2838 2133 2894 qua-

548 2915 804 2970 litatihus
857 2929 922 2969 ac
983 2912 1417 2984 proprietatibus
1474 2910 1842 2985 distinguitur
1888 2928 1902 2966 :
1971 2913 2136 2969 Pater

550 3006 697 3059 enim
737 3012 822 3060 est
867 3002 1063 3066 Pater,
1109 3016 1176 3057 ac
1228 3014 1341 3056 non
1382 2996 1562 3055 Filius
1588 3039 1604 3064 ,
1649 3010 1706 3056 et
1738 2998 1909 3057 Filius
1937 3016 2135 3057 rursus

2218 1826 2298 1864 τω
2322 1809 2416 1863 τοῦ
2437 1809 2539 1879 τῆς
2567 1806 2803 1870 πίστεως
2823 1806 3007 1874 λόγου,
3037 1802 3198 1858 πάλιν
3225 1806 3401 1857 ἐκεῖνο
3427 1803 3811 1858 διασκεπτέον·

2218 1901 2598 1959 διεκελεύσατο
2617 1899 2728 1971 γὰρ
2750 1896 3025 1953 πιστεύειν
3052 1897 3270 1961 αὐτοὺς,
3299 1895 3399 1949 οὐκ
3431 1896 3510 1959 εἰς
3529 1894 3691 1965 μόνον
3720 1894 3815 1946 τὸν

2219 1997 2377 2059 Θεὸν,
2419 1994 2557 2049 ἀλλά
2606 1993 2700 2047 καὶ
2737 1993 2817 2057 εἰς
2860 1992 3042 2058 αὑτὸν,
3094 1990 3193 2061 οὑχ
3231 1989 3306 2053 ὡς
3336 1989 3522 2060 ἔτερόν
3563 2005 3618 2042 τι
3658 1988 3817 2057 παρὰ

2220 2092 2312 2145 τὸν
2359 2088 2488 2143 ὄντα
2518 2086 2680 2158 φύσει
2720 2083 2854 2139 Θεὸν
2900 2083 3160 2154 ὑπάρχων
3208 2082 3390 2148 αὑτὸς,
3441 2082 3564 2135 ὅσον
3613 2082 3696 2142 εἰς
3730 2081 3818 2134 οὑ-

2224 2183 2346 2248 σίας
2387 2181 2693 2251 ταυτότητα
2729 2178 2904 2246 λέγω,
2938 2176 3051 2229 ἀλλ’
3080 2176 3160 2229 ὅτι
3187 2174 3249 2229 τὸ
3279 2175 3359 2237 εἰς
3401 2172 3535 2227 Θεὸν
3588 2172 3817 2227 πιστεῦ-

2226 2291 2337 2335 σαι,
2378 2272 2435 2326 εν
2469 2289 2526 2325 τε
2561 2270 2736 2341 τούτῳ
2772 2267 2917 2340 μόνῳ
2948 2266 3027 2336 τῷ
3062 2267 3283 2338 ῥήματι,
3314 2263 3408 2318 τὸν
3438 2266 3536 2334 τῆς
3575 2263 3817 2324 πίστεως

2224 2364 2429 2420 οἴεσθαι
2461 2365 2572 2418 δεῖν
2625 2361 3083 2432 συμπεπερᾶσθαι
3129 2359 3308 2426 λόγον,
3361 2356 3660 2425 Ἰουδαϊκῆς
3696 2354 3817 2418 πώς

2226 2459 2374 2511 ἐστιν
2406 2454 2660 2517 ὑπονοίας
2693 2454 2844 2518 ἴδιον,
2870 2452 2931 2505 τὸ
2954 2452 3011 2506 δὲ
3030 2454 3096 2524 τῇ
3123 2453 3201 2514 εἰς
3229 2450 3361 2504 Θεὸν
3383 2449 3563 2502 πίστει
3595 2464 3818 2501 συνεισ-

2227 2551 2456 2619 άγεσθαι
2490 2549 2553 2602 τὸ
2582 2547 2753 2618 ὄνομα
2784 2547 2880 2601 τοῦ
2919 2546 3074 2610 Υἱοῦ,
3115 2542 3490 2616 κηρυγμάτων
3524 2541 3821 2611 εὐαγγελι-

2228 2646 2340 2701 κῶν
2364 2644 2646 2716 ἐπίταγμα
2670 2643 2941 2711 φαίνεται.
2974 2641 3066 2693 Δεῖ
3083 2637 3192 2709 γάρ
3213 2637 3494 2690 πιστεύειν
3528 2634 3655 2698 τοὺς
3677 2633 3738 2688 οῐ
3755 2650 3820 2700 γε

2231 2736 2518 2810 φρονοῦσιν
2582 2734 2791 2806 ὀρθῶς,
2848 2732 2925 2796 εἰς
2968 2748 3033 2800 γε
3079 2730 3214 2784 Θεὸν
3270 2728 3513 2798 Πατέρα,
3567 2726 3666 2780 καὶ
3718 2725 3823 2795 οὑχ

2233 2829 2418 2893 ἁπλῶς
2440 2829 2520 2893 εἰς
2554 2828 2703 2891 Υἰὸν,
2735 2825 2870 2879 ἀλλά
2907 2824 3001 2877 καὶ
3034 2822 3556 2893 ὲνανθρωπήσαντα,
3595 2819 3697 2873 καὶ
3739 2820 3823 2882 εἰς

2232 2922 2291 2976 τὸ
2317 2919 2539 2993 Πνεῦμα
2567 2918 2629 2972 τὸ
2655 2917 2831 2987 ἅγιον.
2865 2916 2929 2969 Ἡ
2980 2915 3079 2986 μὲν
3104 2914 3213 2986 γὰρ
3247 2913 3380 2982 ἁγία
3415 2928 3474 2965 τε
3506 2911 3598 2963 καὶ
3615 2907 3822 2980 ὁμοού-

2239 3030 2351 3078 σιος
2383 3012 2573 3083 Τριάς,
2605 3011 2701 3065 καὶ
2747 3010 2868 3073 ταῖς
2908 3007 3017 3062 τῶν
3049 3007 3328 3077 ὀνομάτων
3375 3003 3682 3073 διαφοραῖς,
3727 2998 3827 3054 καὶ

551 3106 635 3152 est
666 3094 864 3158 Filius,
899 3108 967 3149 ac
995 3107 1110 3148 non
1159 3089 1358 3156 Pater,
1394 3096 1451 3144 et
1481 3089 1725 3161 Spiritus
1773 3100 1858 3147 est
1893 3091 2129 3162 Spiritus

2237 3106 2346 3160 τῶν
2374 3103 2682 3176 προσώπων
2701 3101 2952 3172 ποιότησι
2973 3118 3032 3154 τε
3056 3098 3152 3154 καὶ
3176 3098 3399 3167 ἰδιότησι
3425 3093 3821 3149 διαστέλλεται.

553 3193 782 3241 sanctus
822 3182 1128 3240 divinitatis
1174 3182 1478 3254 proprius:
1519 3193 1575 3238 et
1614 3184 1671 3239 in
1710 3184 1959 3241 eamdem
1998 3187 2132 3243 sub-

548 3276 773 3334 stantia:
818 3273 1095 3330 rationem
1133 3274 1427 3338 coalescit,
1475 3289 1587 3329 non
1640 3282 1754 3331 tres
1796 3276 1992 3343 nobis,
2037 3276 2135 3332 sed

553 3379 724 3421 unum
776 3362 951 3420 Deum
1008 3363 1349 3436 exprimens.
1408 3363 1682 3422 Distincte
1735 3367 1924 3438 itaque
1974 3368 2134 3425 nobis

553 3456 826 3511 edendam
864 3470 988 3512 esse
1019 3454 1177 3511 fidem
1213 3457 1321 3525 aio,
1359 3472 1472 3514 non
1502 3458 1832 3529 simpliciter
1858 3458 2130 3516 dicendo:

555 3545 844 3604 Credimus
875 3547 931 3602 in
964 3546 1159 3616 Deum,
1197 3550 1291 3605 sed
1321 3550 1723 3608 confessionem
1753 3553 2132 3619 extendendo,

557 3646 612 3693 et
657 3639 858 3707 cuique
908 3654 1156 3710 persona:
1192 3642 1442 3698 eamdem
1487 3642 1674 3713 gloriae
1716 3644 1984 3700 rationem
2037 3646 2137 3699 tri-

557 3728 799 3786 buendo.
826 3728 1138 3787 Differentia
1165 3733 1373 3804 quippe
1406 3734 1527 3790 fidei
1555 3735 1707 3789 nulla
1733 3744 1819 3791 est
1844 3736 1900 3790 in
1932 3737 2095 3792 nobis
2119 3755 2132 3792 :

560 3836 658 3877 nec
687 3822 836 3876 enim
862 3823 1041 3894 major
1063 3832 1148 3881 est
1186 3826 1240 3879 in
1273 3826 1435 3882 nobis
1468 3825 1603 3883 ﬁdes
1636 3841 1759 3896 qua:
1789 3827 1844 3881 in
1882 3826 2099 3884 Patrem
2121 3870 2134 3896 ,

558 3916 743 3969 minor
777 3923 957 3971 autem
984 3932 1108 3986 qua:
1140 3917 1195 3972 in
1219 3916 1444 3984 Filium,
1474 3926 1530 3973 et
1554 3927 1803 3973 sanctum
1834 3918 2133 3992 Spiritum:

560 4004 658 4060 sed
725 4020 836 4060 una
902 4006 1208 4078 eademque
1250 4006 1620 4064 confessionis
1656 4010 1799 4064 ratio
1836 4026 1902 4066 ac
1940 4013 2140 4069 modus

562 4110 657 4165 per
688 4095 794 4150 tria
826 4096 944 4152 haac
982 4099 1205 4153 nomina
1247 4098 1535 4168 aequaliter
1560 4100 1877 4156 extenditur
1899 4144 1916 4169 ,
1968 4111 2027 4158 ut
2072 4103 2138 4159 ad

563 4186 830 4243 unitatem
865 4196 1077 4243 naturae
1109 4188 1274 4242 etiam
1305 4204 1403 4260 per
1430 4189 1543 4245 haec
1573 4191 1692 4262 ipsa
1718 4194 2036 4252 coalescere
2062 4195 2140 4250 vi-

562 4278 761 4334 deatur
795 4290 985 4335 sancta
1033 4278 1314 4344 Trinitas,
1349 4289 1405 4336 et
1429 4280 1703 4353 inculpata
1730 4300 1961 4356 prorsus
1988 4287 2139 4342 circa

565 4373 742 4441 ipsam
773 4370 1038 4441 effulgens
1063 4371 1261 4440 gloria,
1286 4380 1452 4443 atque
1482 4375 1537 4429 in
1562 4376 1763 4434 animis
1786 4379 1993 4435 nostris
2021 4394 2138 4435 cer-

2236 3199 2424 3270 Πατὴρ
2476 3197 2585 3270 γάρ
2618 3198 2768 3250 ἐστιν
2817 3196 2845 3248 ό
2875 3193 3065 3265 Πατὴρ
3105 3192 3201 3247 καὶ
3245 3191 3342 3261 οὐχ
3373 3188 3521 3254 Υἱὸς,
3564 3186 3660 3241 καὶ
3692 3185 3827 3249 Υἱὸς

2235 3292 2395 3348 πάλιν
2416 3294 2444 3345 ὁ
2469 3290 2594 3354 Υίὸς
2633 3289 2729 3344 καὶ
2760 3288 2820 3342 οὑ
2871 3286 3083 3359 Πατὴρ,
3115 3285 3211 3339 καὶ
3242 3280 3469 3353 Πνεῦμα
3496 3281 3556 3333 τὸ
3592 3277 3827 3347 Πνεῦμα

2233 3384 2294 3435 τὸ
2330 3381 2483 3449 ἅγιον
2517 3379 2650 3433 ῐδιον
2689 3376 2789 3449 τῆς
2832 3375 3107 3446 θεότητος·
3149 3373 3245 3428 καὶ
3280 3374 3360 3436 εἰς
3400 3371 3492 3425 τὸν
3526 3368 3696 3423 αὑτὸν
3728 3368 3829 3436 τῆς

2235 3473 2422 3536 οὑσίας
2470 3467 2961 3539 ἀνακεφαλαιοῦται
3008 3464 3270 3533 λόγον,οὑ
3304 3466 3453 3535 τρεῖς
3496 3463 3648 3532 ἡμῖν,
3708 3459 3826 3513 ἀλλ’

2235 3564 2329 3618 ἕνα
2349 3563 2482 3617 Θεὸν
2531 3559 2933 3632 ὲπιγράφουσα.
2970 3555 3120 3626 Πλὴν
3148 3554 3501 3616 εὑδιαστόὶως
3548 3551 3695 3622 φημὶ
3716 3550 3827 3604 δεῖν

2235 3658 2383 3729 ἡμᾶς
2428 3652 2695 3708 ποιεῖσθαι
2739 3649 2839 3720 τὴν
2894 3648 3097 3709 πίστιν,
3144 3645 3242 3715 οὑχ
3307 3643 3493 3706 ἁπλῶς
3537 3643 3823 3712 λέγονταςι

2236 3746 2571 3814 Πιστεύομεν
2611 3743 2691 3803 εἰς
2724 3738 2879 3803 Θεὸν,
2932 3736 3046 3792 ἀλλ’
3091 3733 3456 3803 ὲξαπλοῦντας
3488 3733 3585 3804 τὴν
3630 3734 3827 3805 ὁμολο.

2237 3839 2380 3909 γίαν,
2412 3836 2507 3890 καὶ
2530 3834 2743 3903 ἑκάστῳ
2769 3829 3046 3900 προσώπῳ
3073 3828 3164 3881 τὸν
3188 3827 3349 3881 αὑτὸν
3378 3827 3477 3897 τῆς
3496 3824 3659 3896 δόξης
3693 3830 3825 3887 ἀνα-

2236 3931 2481 3991 τιθέντας
2518 3926 2697 3993 λόγον.
2746 3920 2991 3992 Διαφορὰ
3027 3920 3137 3991 γὰρ
3173 3920 3410 3982 πίστεως
3453 3917 3680 3987 οὐδεμία
3726 3917 3823 3988 μὲν

2237 4022 2295 4073 ὲν
2324 4020 2476 4090 ἡμῖν,
2498 4016 2557 4069 οὑ
2588 4014 2699 4085 γὰρ
2744 4011 2946 4084 μείζων
2977 4011 3074 4082 μὲν
3104 4012 3162 4063 ὲν
3184 4010 3318 4080 ἡμῖν
3348 4010 3382 4076 ὴ
3408 4006 3591 4069 πίστις
3621 4007 3679 4058 έν
3716 4008 3824 4059 Πα-

2236 4111 2347 4182 τρὶ,
2377 4109 2616 4163 ἐλάττων
2640 4105 2698 4159 δὲ
2729 4107 2785 4159 ὲν
2812 4102 2948 4174 Υἱῷ,
2981 4102 3015 4172 ἢ
3046 4101 3142 4155 καὶ
3171 4103 3228 4154 ὲν
3259 4099 3336 4169 τῷ
3358 4098 3496 4169 ἁγίῳ
3520 4095 3820 4167 Πνεύματι’

2239 4201 2356 4256 ἀλλ’
2379 4196 2460 4262 εἷς
2496 4214 2556 4251 τε
2583 4198 2678 4250 καὶ
2721 4193 2883 4257 αὑτὸς
2909 4192 3009 4262 τῆς
3034 4189 3325 4262 ὁμολογίας
3352 4190 3475 4260 ὅρος
3490 4203 3549 4239 τε
3572 4187 3666 4239 καὶ
3702 4184 3824 4257 τρό-

2240 4310 2341 4357 πος
2363 4290 2455 4347 διὰ
2480 4287 2648 4361 τριῶν
2672 4284 2965 4356 ἐρχόμενος
2989 4280 3270 4351 ὀνομάτων
3293 4279 3350 4332 ὲν
3378 4276 3478 4347 ῐσῳ
3506 4275 3585 4346 τῷ
3617 4275 3820 4347 μέτρῳ,

2244 4387 2334 4441 ἵνα
2359 4384 2495 4454 πρὸς
2526 4380 2756 4449 ἑνότητα
2795 4375 3011 4444 φύσεως
3040 4376 3137 4428 καὶ
3163 4372 3253 4427 διὰ
3278 4369 3484 4425 τούτων
3515 4367 3670 4425 ἰοῦσα
3697 4366 3823 4436 φαί-

565 4469 731 4517 natur
766 4462 822 4516 in
857 4462 1074 4516 Patrem
1115 4472 1171 4518 et
1199 4462 1397 4520 Filium
1431 4466 1603 4535 fides,
1644 4470 1807 4525 etiam
1846 4479 2129 4541 postquam

2243 4495 2403 4550 νηται
2440 4474 2602 4529 πάλιν
2636 4473 2669 4541 ἡ
2729 4469 2860 4537 ἁγία
2897 4468 3090 4539 Τριάς,
3132 4462 3545 4534 ἀκατηγόρητός
3584 4478 3646 4514 τε
3692 4477 3826 4514 παν-

567 4553 751 4608 f‘actus
776 4561 863 4608 est
900 4553 1064 4609 homo
1090 4593 1106 4619 ,
1159 4562 1214 4610 et
1260 4556 1318 4611 in
1348 4566 1604 4615 sanctum
1643 4561 1928 4633 Spiritum.
1953 4561 2144 4634 Neque

568 4660 759 4711 sanus,
801 4645 1018 4717 opinor,
1057 4646 1327 4719 quispiam
1365 4664 1397 4705 a
1437 4649 1529 4707 Dei
1566 4653 1749 4709 Verbo
1783 4654 2049 4724 templum
2075 4671 2140 4712 ex

567 4737 794 4810 Virgine
823 4746 1167 4809 assumptum
1195 4743 1536 4811 separaverit
1557 4743 1705 4815 quod
1730 4745 1798 4800 ad
1824 4745 2144 4802 filiationem

569 4827 831 4883 nimirum
878 4828 1114 4885 attinet:
1173 4848 1193 4883 ι
1236 4830 1395 4888 Unus
1436 4834 1584 4889 enim
1634 4833 1903 4894 Dominus
1959 4847 2148 4894 noster

568 4919 728 4976 Jesus
753 4918 1039 4991 Christus,
1071 4944 1091 4977 ι
1123 4922 1282 4996 juxta
1306 4925 1463 4982 Pauli
1487 4942 1674 4983 vocem
1698 4928 1775 4983 ⁵⁷.
1820 4928 2150 5002 Quicunque

569 5026 700 5067 vero
743 5012 801 5066 in
834 5011 973 5070 duos
1006 5014 1146 5073 filios
1176 5033 1346 5072 unum
1380 5018 1536 5073 illum
1576 5033 1642 5072 ac
1688 5021 1869 5075 solum
1913 5021 2146 5090 dividit,

577 5102 731 5161 fidem
757 5102 947 5175 utique
968 5120 1167 5178 negare
1187 5122 1246 5163 se
1266 5122 1500 5177 prorsus
1521 5107 1812 5179 intelligat.
1836 5108 1902 5163 Et
1922 5110 2142 5181 quidem

572 5194 773 5255 Paulus
811 5198 1034 5255 divinus
1067 5198 1330 5270 praeclare
1360 5196 1429 5252 de
1454 5198 1540 5255 his
1571 5213 1882 5256 sermonem
1917 5209 2111 5259 texens
2132 5246 2147 5269 ,

571 5304 681 5344 non
717 5291 927 5346 nudum
970 5292 1038 5345 ad
1079 5291 1236 5344 fidem
1268 5288 1483 5343 induxit
1522 5289 1874 5362 Unigenitum
1900 5336 1916 5357 ,
1957 5296 2051 5352 sed
2094 5307 2150 5352 et

572 5383 747 5439 nostri
778 5384 1013 5439 similem
1033 5424 1049 5448 ,
1092 5380 1148 5435 id
1186 5388 1275 5435 est
1305 5379 1582 5438 hominem
1610 5423 1626 5450 ,
1671 5385 1765 5454 qui
1811 5394 1865 5440 et
1896 5395 2146 5446 mortuus

572 5485 626 5531 ct
646 5475 918 5531 excitatus
945 5482 1029 5529 est
1062 5486 1090 5524 a
1123 5474 1401 5530 mortuis:
1452 5494 1471 5527 ι
1500 5475 1644 5542 Quid
1696 5476 1878 5544 enim,
1926 5481 2146 5552 inquit,

575 5569 710 5623 dicit
764 5563 1103 5635 Scriptura?
1142 5564 1317 5637 Prope
1360 5577 1413 5623 te
1448 5577 1531 5625 cst
1560 5570 1784 5626 verbum
1815 5572 1869 5628 in
1907 5589 2002 5631 ore
2031 5586 2147 5645 tuo,

647 5747 692 5780 ⁸³
734 5748 872 5804 Psal.
917 5764 1064 5815 xm,
1105 5749 1189 5809 f0.
1270 5750 1357 5804 "l
1397 5751 1521 5808 Cor.
1565 5770 1683 5824 vm,
1724 5756 1778 5812 6.

2245 4568 2417 4633 τελῶς
2476 4568 2510 4637 ἠ
2566 4563 2697 4634 περὶ
2751 4560 2919 4632 αὐτὴν
2973 4558 3360 4629 διαλάμπουσα
3417 4553 3563 4619 δόξα,
3626 4552 3724 4605 καὶ
3770 4552 3827 4603 ὲν

2247 4663 2368 4724 ταῖς
2423 4655 2722 4729 ἡμετέραις
2772 4651 2946 4722 ὁρῷτο
2997 4650 3195 4719 ψυχαῖς
3240 4647 3322 4709 εἰς
3366 4641 3586 4712 Πατέρα
3627 4640 3725 4693 καὶ
3752 4640 3828 4700 εἰς

2251 4752 2378 4807 Υἰὸν
2416 4751 2450 4820 ὴ
2488 4748 2696 4811 πίστις,
2746 4744 2838 4798 καὶ
2878 4743 2968 4796 ὅτε
3011 4741 3234 4809 γέγονεν
3276 4736 3579 4806 ἄνθρωπος,
3613 4730 3714 4784 καὶ
3753 4732 3828 4791 εἰς

2250 4844 2312 4898 τὸ
2344 4841 2569 4912 Πνεῦμα
2590 4840 2651 4893 τὸ
2673 4838 2848 4907 ἅγιον.
2882 4834 2992 4888 Καὶ
3013 4833 3113 4886 οὐκ
3149 4830 3236 4895 ἂν,
3259 4825 3433 4898 οἶμαι,
3466 4823 3697 4880 διέλοιτό
3724 4837 3824 4883 τις,

2251 4937 2306 4990 εἰ
2345 4952 2408 5005 γε
2444 4930 2768 5004 σωφρονοίη,
2801 4927 2896 4981 τοῦ
2926 4925 3062 4981 Θεοῦ
3102 4924 3275 4993 Λόγου
3308 4921 3399 4976 τὸν
3440 4922 3505 4974 ὲκ
3548 4915 3827 4988 Παρθένου

2249 5028 2395 5091 ναὸν,
2449 5027 2571 5079 ὅσον
2622 5020 2757 5095 ἧκεν
2809 5023 2889 5082 εἰς
2914 5018 2974 5071 τὸ
3020 5018 3120 5087 τῆς
3154 5015 3400 5083 υἰότητος
3446 5009 3637 5082 χρῆμά
3666 5016 3825 5095 φημις

2257 5138 2275 5171 ι
2312 5113 2407 5182 Εἷς
2431 5120 2541 5189 γὰρ
2591 5093 2797 5186 Κύριος
2844 5109 3051 5181 Ἰησοῦς
3093 5106 3347 5179 Χριστὸς,
3384 5122 3404 5156 ι
3450 5100 3595 5156 κατὰ
3614 5099 3714 5170 τὴν
3737 5093 3826 5150 τοῦ

2248 5211 2463 5268 Παύλου
2498 5188 2704 5279 φωνήν.
2758 5205 2816 5259 '0
2844 5205 2901 5258 δὲ
2928 5202 3230 5272 διατέμνων
3263 5200 3343 5262 εἰς
3373 5196 3504 5249 υἱῶν
3547 5192 3713 5247 δυάδα
3741 5188 3827 5242 τὸν

2246 5305 2350 5358 ενα
2377 5303 2470 5356 καὶ
2508 5300 2687 5371 μόνον,
2720 5298 2851 5351 ἴστω
2892 5294 2955 5366 δὴ
2980 5295 3197 5355 πάντως
3227 5291 3324 5362 τὴν
3353 5288 3533 5343 πίστιν
3562 5283 3827 5356 ἀρνούμε-

2256 5413 2364 5460 νος.
2405 5394 2518 5448 Καὶ
2546 5392 2676 5462 γοῦν
2710 5391 2740 5442 ό
2783 5388 3070 5452 θεσπέσιος
3093 5386 3306 5448 Παῦλος
3350 5383 3444 5436 τὸν
3478 5376 3826 5452 περὶτούτων

2256 5485 2456 5559 ἄριστά
2476 5502 2536 5538 τε
2565 5484 2660 5538 καί⁵
2685 5481 2806 5536 λίαν
2834 5479 3009 5550 ὀρθῶς
3033 5476 3332 5547 ἐξυφαίνων
3357 5473 3533 5543 λόγον,
3552 5471 3612 5524 ού
3628 5464 3825 5559 γυμνὸν

2257 5558 2336 5642 εἰς
2366 5578 2551 5631 πίστιν
2600 5574 2949 5647 εἰσκεκόμικε
2989 5572 3079 5625 τὸν
3122 5570 3423 5640 Μονογενῆ,
3464 5563 3602 5621 ἀλλά
3642 5559 3736 5615 καὶ
3773 5558 3826 5609 ἐν
