3992 6316
222 294 328 351 181

1302 308 1367 362 ΙΝ
1401 309 1691 366 JOANNIS
1725 305 2178 365 EVANCELIUM
2225 309 2354 366 LIB.
2400 307 2490 364 IX.

3381 315 3487 371 182

209 412 329 475 τοῖς
357 412 480 465 καθ’
513 414 660 484 ἡμᾶς
681 418 960 485 γεγονότα,
988 419 1131 474 τοῦτ’
1161 421 1328 490 ἔστιν,
1350 424 1635 497 ἄνθρωπον
1665 425 1799 479 ἀπο·

1927 437 1957 483 :t
1976 427 2030 482 in
2062 427 2230 483 corde
2253 433 2386 482 tuo:
2420 427 2526 481 hoc
2557 434 2644 484 est
2675 425 2904 482 verbum
2930 425 3090 493 ﬁdei,
3117 427 3262 498 quod
3293 433 3490 500 pradi-

210 502 449 558 θανόντα
486 523 547 558 τε
589 507 684 562 καὶ
738 511 1115 583 ἐγηγερμένον
1144 516 1208 568 ἐκ
1261 516 1491 588 νεκρῶν.
1535 536 1553 569 ι
1593 517 1658 570 Τί
1695 517 1805 588 γάρ

210 611 383 666 φησιν
402 613 417 662 ;
435 595 634 666 Ἐγγύς
660 616 753 652 σου
781 601 842 654 τὸ
865 602 1019 672 ῥῆμά
1046 606 1215 673 ἐστιν,
1244 608 1302 659 ἐν
1330 606 1406 678 τῷ
1426 607 1654 678 στόματί
1687 605 1802 674 adu,

211 690 308 743 καὶ
323 691 381 744 ἐν
405 693 471 762 τῇ
495 691 687 764 καρδίᾳ
710 710 825 760 σου,
871 694 1016 748 τοῦτ’
1033 696 1167 762 ἔστι,
1182 698 1243 750 τὸ
1266 700 1416 771 ῥῆμα
1431 701 1528 772 τῆς
1550 701 1804 769 πίστεως,

208 781 237 834 ὃ
271 781 643 854 κηρύσσομεν.
674 785 820 838 Διότι
869 787 964 842 ἐὰν
1009 790 1172 862 εἴπῃς
1223 792 1282 844 ἐν
1311 792 1390 863 τῷ
1421 793 1652 864 στόματί
1685 813 1802 861 σου,

209 875 297 928 ὅτι
319 874 522 946 Κύριος
565 876 790 947 Ἰησοῦς,
823 879 920 933 καὶ
956 882 1253 957 πιστεύσῃς
1285 885 1343 937 ἐν
1366 887 1431 956 τῇ
1459 886 1659 956 καρδίᾳ
1687 904 1804 952 σου,

209 967 298 1019 ὅτι
328 969 355 1020 ό
384 965 516 1031 Θεὸς
558 967 745 1041 ἤγειρε
779 971 940 1026 αὐτὸν
964 974 1028 1026 ἐκ
1054 973 1287 1046 νεκρῶν,
1320 975 1560 1050 σωθήσῃ.
1594 977 1807 1050 Καρδίᾳ

211 1057 323 1126 γὰρ
354 1056 671 1112 πιστεύεται
704 1061 784 1124 είς
815 1060 1182 1132 δικαιοσύνην,
1223 1063 1452 1136 στόματι
1516 1066 1574 1120 δὲ
1613 1068 1806 1138 ὁμολο-

211 1150 394 1214 γεῖται
419 1149 500 1212 είς
538 1152 835 1221 σωτηρίαν.
879 1171 898 1206 ι
949 1155 1012 1208 Ei
1061 1154 1117 1208 δὲ
1167 1157 1496 1226 πιστεύομεν
1534 1159 1615 1222 εἰς
1654 1159 1804 1223 Υίὸν,

211 1239 292 1302 ὡς
343 1241 740 1313 ἐγηγερμένον.
785 1244 870 1307 τίς
903 1245 932 1298 ὁ
970 1245 1226 1312 τεθνεὼς,
1285 1248 1370 1301 ἵνα
1418 1251 1512 1303 καὶ
1563 1251 1804 1322 ἀναστῇς

224 1329 369 1384 Ἀλλ’
402 1331 518 1384 ἐστι
554 1333 732 1404 δῆλον,
765 1336 847 1390 ὄτι
876 1335 1130 1391 τεθνάναι
1150 1341 1349 1393 νοεῖται
1375 1340 1518 1395 κατά
1550 1341 1648 1413 τὴν
1677 1342 1808 1413 σάρ-

212 1437 311 1477 κα.
332 1422 711 1495 Κατεκλείσθη
738 1426 848 1496 γὰρ
889 1429 968 1490 είς
1001 1427 1226 1482 θάνατον
1261 1430 1320 1484 τὸ
1347 1431 1477 1486 ἴδιον
1506 1432 1670 1485 αὐτοῦ
1703 1431 1809 1485 σῶα

215 1529 315 1582 μα,
358 1513 454 1568 καὶ
470 1514 672 1569 ἀνεϐίω
695 1517 880 1572 πάλιν·
916 1518 1078 1590 σῶμα
1102 1519 1210 1592 γὰρ
1237 1516 1306 1592 ἦν
1340 1523 1436 1593 τῆς
1469 1523 1614 1578 κατὰ
1644 1525 1808 1594 φύσιν

212 1605 383 1676 ζωῆς,
423 1605 558 1677 ὃλην
591 1607 686 1662 τοῦ
717 1610 776 1662 ἐν
819 1610 966 1682 αὐτῷ
1000 1615 1447 1686 κατοικήσαντος,
1495 1617 1588 1670 καὶ
1631 1617 1809 1689 ἀρρή-

213 1712 322 1758 τως
368 1696 652 1768 ήνωμένου
699 1699 797 1771 τὴν
861 1701 1099 1772 ἰδιότητα
1159 1705 1392 1775 φοροῦν,
1443 1705 1588 1761 τοῦτ’
1637 1707 1806 1772 ἐστιν,

1908 537 2123 578 camus.
2149 521 2289 589 Quia
2322 522 2370 579 si
2399 521 2717 578 conﬁtearis
2751 523 2804 576 in
2835 538 2930 578 ore
2959 531 3054 577 tuo
3081 521 3370 578 Dominum
3400 523 3491 580 Je-

1908 631 2062 681 sum,
2105 622 2162 670 et
2203 616 2258 669 in
2290 615 2460 671 corde
2503 621 2598 670 tuo
2627 614 2932 671 credideris
2986 617 3114 687 quia
3149 615 3297 673 Deus
3339 616 3490 671 illum

1908 707 2198 763 suscitavit
2231 721 2262 761 a
2295 709 2532 764 mortuis
2555 750 2568 774 ,
2605 708 2792 763 salvus
2815 709 2952 764 eris.
2978 709 3159 764 Corde
3187 711 3335 764 cnim
3371 727 3492 765 cre-

1907 799 2061 854 ditur
2083 799 2158 856 ‘ad
2182 797 2450 869 justitiam
2478 818 2493 855 :
2525 814 2621 854 ore
2644 809 2825 854 autem
2857 801 3136 857 confessio
3164 801 3222 855 ﬁt
3248 801 3317 856 ad
3340 802 3493 856 salu-

1910 901 2018 948 tem
2048 891 2113 945 “.
2153 911 2172 945 ι
2213 891 2370 958 Quod
2401 893 2448 949 si
2484 892 2766 948 credimus
2795 891 2851 946 in
2886 892 3118 959 Filium,
3156 900 3216 947 ut
3243 893 3337 963 qui
3369 907 3492 948 sur-

1909 984 2074 1050 rexit,
2103 986 2230 1055 quis
2263 992 2349 1040 est
2379 985 2474 1039 ille
2516 992 2796 1048 mortuus,
2826 993 2886 1038 ut
2925 994 2981 1039 et
3011 984 3356 1056 resurgeret?
3389 985 3489 1039 At-

1908 1077 2005 1148 qui
2053 1076 2414 1134 manifestum
2454 1086 2539 1133 est
2591 1075 2898 1133 secundum
2935 1090 3162 1130 carnem
3216 1083 3492 1132 mortuum

1909 1169 2148 1225 censeri.
2177 1168 2520 1226 Conclusum
2544 1168 2691 1225 enim
2725 1178 2812 1226 est
2850 1167 2907 1222 in
2941 1175 3174 1222 mortem
3207 1169 3493 1238 proprium

1909 1263 2032 1332 ejus
2057 1277 2265 1334 corpus
2288 1303 2305 1330 ,
2347 1271 2514 1333 atque
2546 1261 2748 1318 iterum
2776 1260 2976 1317 revixit
3011 1277 3024 1314 :
3057 1273 3266 1330 corpus
3290 1259 3495 1330 quippe

1909 1363 2030 1410 erat
2065 1356 2192 1411 vita
2228 1356 2530 1412 secundum
2561 1365 2840 1416 naturam,
2867 1359 3036 1407 totam
3069 1351 3190 1421 ejus
3218 1350 3312 1421 qui
3341 1350 3398 1404 in
3425 1363 3494 1404 eo

1911 1446 2203 1514 habitavit,
2234 1456 2292 1504 et
2323 1446 2680 1503 ineﬂ'abiliter
2718 1443 2879 1516 763
2908 1451 2995 1498 est
3027 1443 3218 1497 unitus
3250 1441 3496 1512 proprie—

1911 1545 2078 1594 tatem
2124 1539 2415 1595 continens
2439 1575 2456 1602 ,
2506 1536 2614 1592 hoc
2644 1545 2729 1592 est
2757 1534 2864 1590 vim
2891 1543 2946 1590 et
2976 1532 3278 1588 eﬁicaciam
3313 1530 3495 1586 viviﬁ-

1911 1645 2054 1686 cam.
2085 1629 2144 1686 Si
2175 1630 2303 1701 quis
2331 1643 2466 1699 ergo
2498 1627 2742 1694 dividat,
2777 1634 2830 1682 et
2860 1625 3093 1682 seorsim
3127 1639 3338 1695 ponens
3367 1639 3494 1678 car-

1913 1737 2038 1777 nem
2066 1761 2081 1788 ,
2133 1730 2190 1778 et
2224 1721 2322 1792 qui
2368 1719 2638 1776 habitavit
2687 1719 2744 1773 in
2788 1732 2853 1772 ea
2910 1715 3273 1788 corporaliter
3301 1753 3318 1780 ,
3356 1714 3495 1770 duos

215 1786 503 1893 Ξειέργειαν
698 1788 983 1854 ζωοποιόν.
1011 1793 1183 1848 ’Ὀταν
1228 1791 1322 1851 οὖν
1367 1814 1452 1861 τις
1491 1797 1660 1869 διέλῃ,
1713 1799 1808 1853 καὶ

1927 1811 2100 1866 licere
2130 1810 2272 1868 lilios
2297 1808 2530 1874 audeat,
2560 1807 2705 1864 sciat
2731 1822 2792 1863 se
2824 1807 2880 1860 in
2909 1786 3085 1860 solam
3116 1820 3340 1860 carnem
3370 1819 3493 1860 cre-

218 1876 334 1942 θεὶς
383 1878 489 1933 ἀνά
524 1879 689 1953 μέρος
733 1884 830 1952 τήν
863 1899 923 1936 τε
979 1884 1158 1954 σάρκα
1195 1887 1288 1940 καὶ
1323 1887 1416 1942 τὸν
1456 1889 1811 1959 ἐνοικήσαντα

219 1974 551 2043 σωματικῶς
579 1975 636 2027 ἐν
661 1976 822 2048 αὐτῇ,
850 1975 942 2032 δύο
973 1977 1218 2051 τολμήσῃ
1244 1979 1422 2050 λέγειν
1448 1982 1616 2047 υἱοὺς,
1644 2000 1809 2052 γινω-

218 2065 400 2118 σκέτω
419 2066 699 2121 πιστεύειν
715 2070 795 2132 είς
833 2067 1002 2139 μόνην
1031 2071 1130 2142 τήν
1154 2071 1354 2142 σάρκα.
1388 2073 1676 2138 Πιστεύειν
1704 2074 1812 2147 γὰρ
1858 2088 1859 2091 ‘

217 2159 369 2226 ἡμᾶς
399 2159 455 2210 αί
494 2156 635 2213 θεῖαι
668 2160 977 2216 διδάσκουσι
1012 2163 1226 2234 Γραφαὶ
1251 2164 1331 2229 είς
1353 2163 1444 2218 τὸν
1473 2165 1814 2237 σταυρωθέν-

215 2267 289 2303 τα
322 2268 382 2303 τε
405 2251 501 2305 καὶ
534 2252 893 2318 ἀποθανόντα,
940 2256 1034 2310 καὶ
1075 2257 1445 2329 ἐγηγερμένον
1482 2259 1544 2312 ἐκ
1581 2259 1811 2332 νεκρῶν,

217 2341 316 2410 οὐχ
340 2341 416 2404 ὡς
445 2340 632 2414 ἕτερον
655 2343 784 2398 ὄντα
813 2345 964 2415 παρά
990 2345 1082 2398 τὸν
1117 2349 1172 2399 ἐν
1192 2348 1329 2418 αὐτῇ
1354 2347 1485 2402 Θεὸν
1500 2348 1694 2418 Λόγον,
1716 2350 1815 2421 οὐχ

218 2431 345 2485 ὅσον
377 2432 458 2496 εἰς
483 2432 670 2498 οὐσίας
689 2434 996 2505 ταυτότητά
1025 2451 1190 2506 φημιο
1219 2437 1377 2508 σῶμα
1407 2437 1518 2509 γάρ
1542 2439 1604 2492 τὸ
1630 2439 1810 2511 σῶμα,

220 2525 315 2577 καὶ
342 2525 404 2578 οὐ
437 2525 634 2593 Λόγος,
685 2528 731 2579 εἰ
758 2527 854 2580 καὶ¹
882 2526 1045 2598 σῶμα
1071 2527 1166 2581 τοῦ
1211 2529 1407 2598 Λόγου,
1439 2531 1556 2585 ἀλλ’
1585 2532 1708 2585 ὅσον
1733 2533 1814 2598 είς

218 2616 284 2666 τὸ
307 2615 405 2684 τῆς
438 2614 678 2686 ἀληθοῦς
711 2617 953 2688 υἱότητος
985 2617 1198 2689 χρῆμα.
1227 2620 1290 2674 Εί
1321 2620 1378 2675 δέ
1415 2639 1493 2692 τῳ
1523 2621 1814 2694 δοκοίημεν

221 2708 324 2760 οὐκ
344 2707 546 2779 ἄριστα
568 2709 770 2779 λέγειν,
789 2710 1147 2766 ἐπιδεικνύτω
1176 2713 1466 2785 παρελθὼν
1488 2716 1580 2770 τὸν
1601 2718 1666 2772 ἐκ
1677 2717 1815 2772 Θεοῦ

222 2800 496 2856 τεθνεῶτα
537 2802 712 2872 Λόγον
741 2803 876 2859 καθὸ
903 2809 1106 2860 νοεῖται
1133 2806 1289 2872 Θεὸς,
1323 2809 1461 2880 ὅπερ
1506 2811 1656 2866 ἐστὶν
1685 2812 1814 2867 ἀδύ-

223 2909 408 2959 νατον,
441 2892 641 2965 μᾶλλον
666 2895 725 2949 δὲ
745 2895 839 2950 καὶ
871 2897 1030 2967 μόνον
1055 2898 1306 2968 ἐννοῆσαι
1339 2899 1617 2966 δυσσεϐές.

310 2985 418 3039 Ἐν
444 2983 518 3054 τῇ
550 2987 708 3054 οἰκίᾳ
763 2988 872 3043 τοῦ
905 2989 1136 3058 Πατρός
1173 3008 1293 3060 μου
1368 2993 1550 3062 μοναὶ
1591 2995 1818 3050 πολλαί

222 3078 411 3131 είσιν·
449 3080 499 3132 ει
538 3078 606 3132 δὲ
639 3080 746 3149 μὴ,
789 3077 964 3136 εἶπον
1023 3082 1100 3137 ἂν
1142 3082 1310 3152 ὐμῖνο
1359 3083 1452 3139 ὅτι
1491 3086 1817 3156 πορεύομαι

223 3166 538 3238 ἑτοιμάσαι
566 3172 752 3226 τόπον
777 3173 943 3243 ὑμῖν.
966 3174 1079 3228 Καὶ
1099 3172 1210 3230 ἐὰν
1236 3175 1527 3245 πορευθῶ,
1549 3178 1647 3232 καί
1661 3180 1814 3233 ἐτοι-

221 3257 401 3328 μιίσω
436 3262 624 3316 τόπον
655 3263 817 3333 ὑμῖν,
856 3265 1044 3320 πάλιν
1087 3266 1356 3337 ἔρχομαι,
1413 3269 1514 3322 καὶ
1548 3270 1819 3338 παραλή-

227 3356 419 3422 ψομαι
444 3353 601 3424 ὑμᾶς
615 3355 743 3426 μετ’
773 3356 1056 3427 ἐμαυτοῦ,
1095 3359 1197 3412 ἵνα
1227 3357 1382 3414 ὅπου
1410 3361 1524 3430 εἰμὶ
1551 3361 1687 3432 ἐγὼ,
1719 3362 1820 3416 καί

229 3445 268 3498 ὑ
315 3443 374 3494 εἷ
479 3462 512 3496 τ
549 3485 563 3497 .

265 3443 656 3582 μἈξαῇκέίως
675 3517 856 3582 αὐτοῖς
883 3518 943 3572 τὸ
967 3517 1042 3591 μὴ
1075 3519 1272 3591 χρῆναι
1300 3521 1661 3593 ταράττεσθαι
1685 3521 1820 3576 διει-

231 3601 378 3666 πὼν,
413 3606 691 3662 πιστεύειν
720 3626 779 3662 τε
827 3609 1048 3680 μᾶλλον,
1103 3612 1197 3666 καὶ
1229 3612 1309 3677 εἷς
1362 3630 1422 3666 τε
1470 3613 1690 3684 Πατέρα
1729 3614 1821 3669 τὸν

232 3693 368 3749 Θεὸν
417 3699 513 3751 καὶ
547 3699 740 3754 ἑαυτὸν
773 3703 1057 3769 ἐπιτάξας,
1089 3703 1182 3758 καὶ
1219 3704 1524 3774 ἀναφανδὸν
1553 3706 1653 3777 ήδη
1688 3707 1823 3778 φησὶ

238 3788 712 3862 μικροψυχοῦντας
747 3794 1261 3866 παραμυθούμενος,
1297 3797 1374 3862 ὼς
1423 3797 1522 3851 οὐκ
1555 3797 1661 3863 ἔξω
1727 3815 1822 3868 με·

235 3876 390 3931 νοῦσι
429 3880 531 3950 τῆς
584 3883 737 3947 ὁσίας
794 3884 988 3956 αὐλῆς,
1042 3885 1158 3939 ἀλλ’
1210 3887 1673 3958 ἐνοικισθήσονται
1723 3889 1823 3960 μὲν

236 3973 357 4035 ταῖς
388 3971 502 4026 ἀνω
543 3977 752 4043 μοναῖς,
783 3978 841 4031 ἐν
873 3977 931 4030 δὲ
955 3979 1023 4049 τῇ
1053 3979 1162 4033 τῶν
1193 3979 1552 4049 πρωτοτόκων
1601 3980 1826 4053 Ἐκκλη-

237 4061 331 4133 σία
381 4062 475 4116 τὸν
531 4067 852 4137 μακραίωνα
901 4069 1152 4140 τρίψουσι
1183 4069 1316 4140 βίον,
1360 4071 1454 4127 καὶ
1495 4074 1554 4126 ἐν
1609 4072 1828 4127 ἀτελευ-

237 4154 420 4225 τήτοις
476 4154 692 4212 ἔσονται
731 4161 846 4223 τοῖς
892 4160 1138 4229 ἀγαθοῖς.
1179 4162 1388 4227 Πολλὰς
1423 4180 1486 4232 γε
1529 4163 1635 4235 μὴν
1689 4160 1828 4219 εἶναί

238 4263 372 4316 φησι
405 4246 504 4311 τὰς
539 4250 707 4320 μονὰς
744 4253 804 4306 ἐν
835 4254 900 4325 τῇ
934 4252 1026 4306 τοῦ
1058 4252 1268 4326 [ἰατρὸς
1315 4255 1479 4327 οἰκίᾳ,
1519 4255 1833 4328 πολυχώρη·

239 4337 328 4390 τόν
353 4355 479 4391 τινα
497 4338 777 4396 ’διδάσκων
808 4339 945 4399 εἶναι
974 4344 1066 4399 τὸν
1107 4345 1355 4416 οὐρανὸν,
1393 4345 1485 4400 καὶ
1511 4346 1834 4419 προσθήκης

239 4430 502 4502 οὐδεμιᾶς
529 4433 737 4489 δεῖσθαι
759 4436 1032 4501 παντελῶς
1053 4439 1153 4507 τὴν
1176 4438 1310 4510 παρ’
1332 4438 1500 4493 αὑτοῦ
1528 4439 1830 4511 γενομένην

241 4523 418 4577 κτίσιν
451 4527 530 4588 εἰς
557 4525 617 4579 τὸ
643 4526 904 4582 δύνασθαι
933 4527 1118 4582 λαϐεῖν
1139 4530 1263 4594 τοὺς
1287 4531 1618 4600 ἀγαπῶντας
1647 4534 1829 4587 αὐτόν.

242 4618 404 4684 Εἰκὸς
433 4619 516 4686 δὲ,
540 4621 623 4676 ὅτι
655 4622 750 4676 καὶ
777 4622 839 4676 τὸ
880 4623 1134 4696 διάφορον
1177 4623 1280 4695 τῆς
1305 4625 1490 4696 τιμῆς,
1519 4625 1596 4696 τῷ
1628 4625 1831 4691 πολλάς

243 4709 383 4768 εἶναι
465 4713 648 4784 λέγειν
722 4714 820 4780 τὰς
883 4717 1070 4787 μονὰς,
1139 4717 1490 4788 ὑποσημηδαι
1563 4719 1834 4789 βούλεται,

244 4808 476 4862 ἑκάστου
526 4807 622 4863 τοῦ
664 4805 856 4878 διαζῆν
923 4806 1250 4878 βουλομένου
1310 4811 1368 4862 ἐν
1427 4811 1620 4882 ἀρετῇ,
1672 4811 1837 4865 τόπον

245 4896 434 4968 ὥσπερ
479 4897 602 4952 τινά
646 4897 739 4950 τὸν
792 4897 921 4951 ῐδιον
959 4899 1397 4972 ἀποληψομένου,
1447 4901 1541 4955 καὶ
1577 4901 1676 4973 τὴν
1723 4904 1837 4968 τοῖς

247 4989 411 5044 αὐτοῦ
447 4989 765 5061 πρέπουσαν
813 4991 1199 5063 κατορθώμασι
1227 4992 1402 5058 δόξαν.
1440 4993 1505 5046 El
1536 4993 1610 5064 μὴ
1640 4993 1835 5048 πολλαὶ

246 5081 539 5153 τοιγαροῦν
584 5077 723 5153 ἦσαν
764 5083 820 5136 αἱ
855 5083 1006 5155 παρά
1041 5083 1117 5156 τῷ
1163 5084 1285 5156 Θεῷ
1312 5085 1406 5139 καὶ
1447 5085 1622 5157 Πατρὶ
1650 5084 1832 5156 μοναὶ,

249 5173 454 5246 ταύτης
487 5173 554 5228 ἂν
607 5175 792 5231 ἕνεκεν
817 5175 919 5247 τῆς
956 5176 1134 5240 αἰτίας
1168 5176 1652 5250 προαποδημήσειν
1702 5175 1829 5247 ἔφη,

251 5266 323 5328 ὼς
358 5265 605 5337 δηλονότι
657 5269 1049 5340 προετοιμάσαι
1078 5268 1147 5323 τὰ
1195 5269 1301 5323 τῶν
1354 5267 1524 5338 ἁγίων
1569 5269 1838 5339 ἐνδιαιτή-

257 5372 419 5426 ματα·
492 5359 696 5424 πολλὰς
759 5360 816 5414 δὲ
863 5359 1030 5425 οῦσας
1097 5360 1256 5427 είδὼς
1316 5360 1839 5432 προητοιμασμένας

255 5447 376 5518 ἤδη,
415 5450 510 5504 καὶ
537 5449 645 5503 τῶν
667 5452 1001 5520 ἀγαπώντων
1027 5453 1160 5506 Θεὸν
1191 5454 1590 5524 περιμενούσας
1614 5453 1712 5524 τὴν
1745 5452 1844 5524 ἄφ-

260 5539 383 5606 ιξιν,
425 5541 564 5612 Οὐχὶ
622 5542 828 5614 ταύτης
884 5545 1049 5599 ἕνεκα
1095 5545 1196 5615 τῆς
1229 5546 1409 5611 αἰτίας
1440 5545 1836 5616 ἀποδημήσων,

257 5631 442 5698 φησιν,
495 5630 635 5685 ἀλλά
690 5632 787 5702 τῆς
844 5635 1030 5689 ἀνόδου
1079 5639 1177 5707 τῆς
1209 5637 1340 5708 πρὸς
1384 5637 1442 5690 τὸ
1495 5636 1628 5702 ἄνω,
1673 5634 1838 5706 μονὴν

331 5743 375 5775 ³³
414 5743 571 5800 “om.
607 5761 662 5809 Χ,
697 5745 851 5800 8-10.

1916 1904 2067 1961 dere.
2109 1903 2320 1959 Divina
2344 1903 2547 1974 quippe
2577 1900 2881 1969 Scriptura
2909 1898 3137 1954 credere
3162 1913 3267 1955 nos
3295 1897 3499 1954 docent

1915 1996 1973 2050 in
2031 1994 2383 2057 cruciﬁxum,
2409 2001 2463 2050 et
2491 2000 2773 2048 mortuum
2793 2032 2810 2057 ,
2841 1999 2896 2046 et
2919 1989 3221 2045 excitatum
3248 2002 3317 2044 ex
3346 2002 3499 2044 mor-

1916 2088 2058 2150 tuis,
2083 2101 2195 2143 non
2225 2085 2390 2158 quasi
2427 2085 2572 2141 alius
2607 2085 2682 2141 sit
2716 2099 2747 2140 a
2781 2082 2895 2139 Deo
2924 2083 3104 2138 Verbo
3125 2081 3275 2152 quod
3313 2088 3400 2137 est
3441 2081 3498 2136 in

1915 2181 2072 2252 ipsa,
2121 2179 2267 2251 quod
2318 2180 2386 2234 ad
2447 2177 2776 2236 substantia
2837 2175 3102 2231 nimirum
3154 2174 3498 2230 identitatem

1917 2281 2132 2345 spectat
2164 2291 2178 2329 :
2223 2286 2431 2343 corpus
2478 2273 2628 2327 enim
2669 2284 2877 2340 corpus
2906 2276 3025 2336 est,
3068 2282 3182 2323 non
3216 2265 3457 2322 Verbum
3480 2306 3497 2332 ,

1917 2367 2046 2423 licet
2078 2381 2282 2436 corpus
2311 2366 2384 2420 sit
2408 2363 2616 2428 Verbi,
2647 2362 2745 2418 sed
2771 2368 3041 2432 quantum
3077 2359 3147 2414 ad
3178 2358 3498 2413 ﬁliationem

1918 2466 2150 2529 spectat.
2200 2457 2359 2525 Quod
2400 2457 2547 2513 sicut
2588 2455 2772 2510 minus
2811 2460 2962 2509 recte
2998 2452 3145 2522 loqui
3175 2451 3497 2512 videamur,

1920 2550 2014 2606 Dei
2048 2548 2290 2605 Verbum
2330 2555 2610 2603 mortuum
2645 2561 2770 2602 esse
2807 2545 3192 2608 demonstret,
3228 2547 3501 2612 quatenus

1918 2641 2246 2711 intelligitur
2281 2638 2463 2695 Deus:
2496 2637 2644 2709 quod
2671 2645 2757 2695 est
2786 2636 3160 2706 impossibile,
3186 2634 3300 2689 imo
3334 2632 3501 2691 etiam

1918 2732 2164 2802 cogitatu
2194 2730 2448 2801 impium.

1989 2987 2132 3053 XIV,
2168 2988 2204 3042 2
2223 3031 2238 3056 ,
2279 2987 2333 3041 '5.
2373 2985 2441 3040 In
2464 2986 2622 3040 domo
2646 2984 2832 3040 Patris
2858 2986 2960 3040 mei
2992 2985 3292 3039 mansiones
3321 2983 3502 3038 multa:

1922 3091 2094 3146 sunt;
2123 3082 2169 3136 si
2203 3079 2517 3151 quominus,
2552 3079 2809 3133 dixissem
2854 3077 2998 3132 vobis
3031 3093 3049 3132 :
3082 3076 3207 3145 quia
3238 3075 3373 3130 uado
3408 3091 3504 3143 pa-

1921 3190 2042 3228 rare
2071 3174 2213 3228 vobis
2239 3171 2436 3227 locum.
2464 3169 2532 3224 Et
2572 3171 2620 3224 si
2648 3169 2848 3232 abiero,
2875 3178 2925 3223 et
2963 3182 3328 3237 prazparavero
3362 3164 3505 3220 vobis

1923 3267 2096 3320 locum
2120 3306 2134 3331 ,
2159 3266 2353 3319 iterum
2379 3264 2528 3318 venio
2549 3302 2563 3326 ,
2599 3271 2648 3316 et
2680 3262 2942 3332 accipiam
2976 3277 3064 3316 vos
3103 3259 3172 3314 ad
3213 3259 3468 3326 meipsum
3488 3293 3507 3317 ,

1921 3368 1979 3413 ut
2005 3359 2094 3413 ubi
2125 3375 2241 3412 sum
2261 3374 2389 3428 ego,
2424 3367 2475 3410 et
2507 3371 2596 3409 vos
2627 3355 2769 3410 sitis.

1994 3513 2296 3584 Postquam
2320 3513 2401 3568 eis
2430 3512 2692 3583 pracepit
2723 3525 2792 3565 ne
2819 3509 3176 3564 turbarentur
3195 3550 3210 3568 ,
3249 3505 3347 3561 scd
3389 3520 3508 3562 cre-

1923 3605 2118 3660 derent
2142 3605 2325 3674 potius
2359 3603 2414 3657 in
2444 3601 2662 3656 Patrem
2690 3600 2860 3656 Deum
2880 3640 2894 3665 ,
2932 3609 2986 3654 et
3015 3600 3282 3670 seipsum,
3317 3605 3510 3668 aperte

1926 3697 2092 3752 modo
2120 3712 2216 3753 eos
2248 3695 2436 3750 animo
2466 3692 2786 3748 deﬁcientes
2820 3691 3164 3757 consolatur,
3189 3690 3384 3745 dicens
3415 3703 3510 3744 eos

1926 3789 2250 3860 neutiquam
2280 3793 2437 3842 extra
2465 3791 2716 3842 sanctam
2754 3783 2939 3837 aulam
2975 3795 3334 3837 remansuros
3357 3823 3372 3848 ,
3415 3780 3512 3835 sed

1927 3883 1984 3938 in
2019 3894 2291 3952 supernas
2326 3877 2648 3933 mansiones
2686 3874 3154 3941 introducendos,
3208 3881 3263 3928 et
3306 3873 3362 3927 in
3396 3871 3514 3942 pri-

1927 3971 2334 4044 mogenitorum
2365 3965 2614 4022 Ecclesia
2651 3980 2950 4036 perennem
2979 3965 3148 4020 vitam
3175 3971 3423 4027 acturos,
3449 3973 3546 4035 ac.

1929 4067 1988 4120 in
2016 4062 2237 4119 aternis
2264 4061 2425 4116 bonis
2460 4074 2780 4115 mansuros.
2823 4056 2998 4112 Porro
3032 4055 3238 4110 multas
3263 4050 3554 4108 mansio-'-

1930 4170 2030 4211 nes
2059 4155 2117 4209 in
2147 4153 2313 4208 domo
2343 4151 2528 4206 Patris
2552 4165 2674 4207 esse
2702 4148 2863 4214 dicit,
2891 4148 3056 4218 longe
3083 4145 3518 4217 capacissimum
3544 4139 3547 4142 ⁴

1933 4249 2133 4305 coelum
2175 4262 2297 4302 esse
2335 4244 2542 4300 docens
2565 4285 2580 4311 ,
2630 4258 2733 4299 nec
2767 4241 3089 4296 accessione
3119 4254 3350 4310 prorsus
3406 4239 3518 4293 ulla

1934 4356 2074 4412 opus
2110 4353 2235 4395 esse
2267 4344 2539 4392 creatura
2571 4335 2640 4390 ab
2671 4333 2797 4405 ipso
2833 4331 3074 4387 condita
3109 4329 3177 4385 ad
3207 4328 3519 4400 suscipien-

1937 4434 2038 4489 dos
2085 4431 2181 4503 qui
2222 4429 2460 4501 diligunt
2496 4427 2703 4497 ipsum.
2751 4424 2888 4480 Cum
2940 4428 3125 4478 autem
3180 4421 3259 4475 ait
3310 4421 3518 4476 multas

1939 4541 2060 4583 esse
2089 4522 2428 4586 mansiones,
2459 4518 2724 4575 credibile
2747 4524 2832 4573 est
2859 4516 3094 4570 innuere
3123 4513 3261 4570 velle
3292 4511 3521 4568 honoris

1937 4614 2322 4674 excellentiam
2363 4626 2476 4683 quo
2512 4608 2797 4666 ornandus
2835 4615 2918 4662 est
2940 4605 3196 4676 quisquis
3227 4605 3282 4658 in
3316 4605 3522 4658 virtute

1940 4710 2138 4780 degere
2185 4706 2418 4770 statuit,
2462 4701 2749 4774 proprium
2786 4698 3080 4770 quemdam
3129 4695 3300 4752 veluti
3337 4694 3520 4748 locum

1940 4805 2449 4872 congruentemque
2490 4794 2607 4850 suis
2657 4791 2818 4847 factis
2879 4789 3112 4862 gloriam
3167 4793 3518 4855 recepturus.

1941 4892 2058 4948 Nisi
2087 4891 2272 4946 multa
2295 4888 2463 4961 igitur
2489 4893 2679 4943 essent
2708 4885 2818 4940 illa
2844 4883 2990 4954 apud
3021 4880 3189 4934 Deum
3222 4887 3276 4933 et
3301 4876 3522 4931 Patrem

1942 4983 2280 5046 mansiones,
2312 4981 2456 5035 hanc
2485 4980 2558 5035 ob
2587 4991 2837 5042 causam,
2872 4972 3156 5051 inquiebat
3177 5012 3191 5036 ,
3245 4969 3400 5039 prior
3428 4970 3524 5023 ab-

1942 5076 2082 5132 irem
2107 5075 2174 5130 ad
2207 5073 2455 5145 paranda
2487 5071 2760 5126 nimirum‘
2787 5066 2996 5124 sanctis
3025 5060 3340 5117 habitacula
3376 5078 3389 5113 :
3429 5057 3524 5113 sed

1946 5184 2070 5225 cum
2095 5167 2345 5222 noverim
2381 5163 2586 5220 multas
2613 5163 2728 5233 jam
2759 5174 2881 5215 esse
2907 5161 3262 5228 praparatas,
3292 5166 3415 5222 qua
3441 5150 3525 5204 di-

1952 5258 2241 5331 ligentium
2275 5256 2449 5312 Deum
2497 5255 2788 5309 adventum
2837 5247 3246 5319 praestolamur,
3294 5241 3413 5298 Non
3453 5241 3525 5297 ob

1949 5351 2093 5406 hanc
2115 5363 2346 5405 causam
2377 5344 2658 5403 discedam
2681 5383 2697 5410 ,
2726 5339 2941 5411 inquit,
2975 5336 3071 5394 sed
3109 5343 3169 5392 ut
3210 5335 3420 5392 reditus
3469 5335 3525 5388 in

1950 5457 2246 5515 supernam
2295 5440 2440 5496 viam
2477 5435 2650 5493 veluti
2682 5431 2980 5504 quamdam
3028 5437 3084 5486 et
3130 5430 3310 5485 locum
3368 5429 3525 5484 vobis

1949 5542 2375 5608 praeparaturus,
2409 5538 2464 5585 et
2494 5526 2641 5598 quod
2679 5525 3027 5580 inaccessum
3055 5523 3187 5579 olim
3219 5531 3339 5579 erat
3371 5535 3524 5573 com-

1952 5629 2298 5700 planaturus.
2356 5622 2569 5678 lnvium
2615 5619 2820 5692 quippe
2869 5633 3100 5691 prorsus
3141 5625 3260 5674 crat
3323 5613 3522 5670 coelum
