3992 6316
495 264 595 319 183

1476 259 1533 314 S.
1575 257 1851 315 CYRILLI
1880 259 2358 318 ALEXANURINI
2393 265 2715 323 ARCHIEP.

3644 268 3751 323 184

486 379 828 449 hominibus,
854 376 1016 450 764
1045 391 1221 448 neque
1255 376 1409 448 prius
1442 393 1684 451 unquam
1704 395 1835 436 caro
1862 396 2055 451 purum

2164 380 2351 455 ὥσπερ
2390 386 2532 449 τινὰ,
2586 385 2682 440 καὶ
2712 384 2878 439 τόπον
2914 387 3355 457 προευτρεπίσων
3387 388 3534 458 ὑμῖν,
3577 387 3753 441 καὶτὸ

484 474 641 529 illum
673 480 728 529 et
766 472 1177 529 sanctissimum
1222 472 1544 543 angelorum
1590 473 1771 528 locum
1799 473 2058 543 triverat,

436 576 439 579 '
485 565 585 623 sed
624 567 838 637 primus
860 579 1160 620 ascensum
1201 563 1270 619 ad
1308 563 1445 620 illud
1480 563 1737 621 Christus
1774 565 1934 621 nobis
1978 567 2063 621 in-

484 660 774 725 stauravit,
805 657 1140 727 modumque
1161 671 1228 713 eo
1260 656 1596 713 ascendendi
1627 657 1782 712 carni
1810 657 2057 726 tradidit,

484 750 761 822 primitias
795 750 961 806 veluti
990 749 1256 821 quasdam
1287 757 1630 805 mortuorum
1655 791 1669 816 ,
1714 757 1770 804 et
1816 751 1872 805 in
1915 759 2061 806 terra

476 843 783 914 jacentium
808 843 1049 915 seipsum
1078 842 1312 898 oll‘erens
1342 841 1452 898 Deo
1478 856 1543 897 ac
1571 841 1743 906 Patri,
1772 852 1827 899 et
1848 843 2062 913 primus

481 936 648 992 homo
689 936 1076 992 manifestatus
1126 936 1194 991 iis
1234 938 1330 1004 qui
1373 935 1431 989 in
1476 934 1620 989 coelo
1653 943 1804 989 sunt.
1850 934 2061 991 Idcirco

484 1036 786 1097 augustum
830 1039 886 1084 et
929 1042 1185 1099 magnum
1229 1028 1364 1085 illud
1413 1028 1682 1086 adventus
1719 1044 1845 1085 cum
1892 1044 2060 1085 carne

483 1121 812 1191 mysterium
858 1120 1177 1194 ignorantes
1215 1121 1471 1178 caelestes
1510 1120 1724 1193 angeli,
1754 1119 2061 1177 ascenden-

485 1223 595 1268 tem
629 1214 979 1270 mirabantur
1005 1213 1265 1282 attoniti,
1316 1221 1372 1270 et
1412 1229 1557 1270 novo
1598 1223 1763 1285 atque
1794 1214 2058 1270 inusitato

486 1308 804 1376 spectaculo
851 1308 1059 1362 turbati
1103 1315 1313 1362 tantum
1353 1322 1460 1362 non
1499 1308 1654 1362 aiunt
1691 1325 1704 1362 :
1743 1325 1761 1359 ι
1797 1306 1933 1372 Quis
1973 1314 2061 1362 est

485 1400 590 1456 ism
615 1402 710 1471 qui
739 1401 890 1455 venit
920 1401 989 1456 de
1023 1400 1195 1457 Edom
1219 1401 1310 1455 ὀἳ
1347 1420 1365 1454 ι
1410 1401 1519 1457 hoc
1541 1408 1626 1457 est
1658 1401 1727 1456 de
1754 1409 1923 1457 terra.
1951 1398 2057 1455 Sed

484 1491 732 1561 ignaram
778 1492 1123 1549 admirabilis
1174 1494 1269 1549 Dei
1316 1508 1382 1549 ac
1421 1492 1606 1550 Patris
1641 1492 1924 1564 sapientia:
1961 1507 2058 1546 su—

482 1599 712 1653 pernam
748 1584 897 1639 illam
931 1585 1341 1641 multitudinem
1377 1585 1622 1656 Spiritus
1659 1601 1769 1640 non
1809 1584 2054 1648 dimisit,

483 1675 737 1743 quinimo
761 1676 927 1746 jussit
955 1684 1014 1731 ut
1043 1678 1094 1732 ei
1126 1687 1385 1748 tanquam
1419 1678 1532 1749 regi
1572 1692 1638 1732 ac
1668 1677 1915 1733 universi
1952 1676 2058 1732 Do-

2164 479 2333 533 πάλαι
2384 479 2650 533 δύσϐατον
2694 479 3015 550 ὲξομαλιῶν.
3080 480 3316 545 Ἀδαῖος
3362 480 3471 552 γὰρ
3523 474 3593 551 ἦν
3649 480 3750 534 άν-

2164 570 2402 643 θρώποις
2458 573 2740 637 παντελῶς
2794 575 2822 627 ό
2869 573 3118 644 οὐρανὸς,
3179 575 3274 627 καὶ
3334 573 3395 627 οὐ
3461 573 3751 644 πεπάτηκε

2163 665 2428 736 πρότερον
2475 664 2695 719 πώποτε
2743 666 2880 737 σὰρξ
2908 666 2969 719 τὸ
2997 665 3236 738 καθαρὸν
3277 667 3452 720 ἐκεῖνο
3477 666 3569 718 καὶ
3614 665 3756 718 πάν-

2162 771 2327 824 αγνον
2382 754 2491 809 τῶν
2548 756 2795 825 ἀγγέλων
2841 757 3058 829 χωρίον,
3107 756 3405 810 ὲνεκαίνισε
3438 755 3493 808 δὲ
3535 754 3755 827 πρῶτος

2163 848 2293 917 ἡμῖν
2321 847 2419 917 τὴν
2453 849 2530 911 εἰς
2553 848 2714 901 αὑτὸν
2733 849 2920 903 ἄνοδον
2940 851 2969 902 6
2993 848 3247 921 Χριστὸς,
3263 848 3358 902 καὶ
3386 848 3585 918 τρόπον
3616 846 3751 898 tam-

2162 956 2256 992 κεν
2283 939 2468 993 ἀνόδου
2494 940 2593 1009 τῆς
2614 941 2694 1002 είς
2723 940 2950 1012 οὐρανὸν
2980 943 3044 1012 τῇ
3076 938 3535 1011 σαρκῖ,ἀπαρχὴν
3556 938 3752 1009 ὥσπερ

2160 1029 2282 1082 τινὰ
2305 1030 2412 1083 τῶν
2440 1031 2878 1102 κεκοιμημένων,
2894 1033 2987 1086 καὶ
3010 1033 3066 1084 ὲν
3087 1031 3189 1103 γῆς
3213 1029 3425 1102 χώματι
3458 1029 3752 1101 κειμένων,

2162 1121 2355 1175 ἑαυτὸν
2398 1122 2741 1193 ἀνακομίσας
2796 1122 2875 1194 τῷ
2913 1122 3031 1194 Θεῷ
3077 1122 3173 1176 καὶ
3211 1122 3405 1194 Πατρὶ,
3462 1121 3556 1175 καὶ
3591 1121 3753 1192 πρῶ-

2159 1230 2251 1277 τος
2272 1213 2555 1285 ἄνθρωπος
2589 1214 2787 1285 ὀφθεὶς
2809 1218 2922 1281 τοῖς
2967 1218 3024 1270 ὲν
3053 1214 3288 1287 οὐρανῷ.
3320 1215 3609 1286 Τοιγάρτοι
3656 1215 3755 1268 καὶ

2158 1306 2221 1360 τὸ
2252 1309 2451 1362 σεπτὸν
2473 1309 2569 1361 καὶ
2600 1308 2742 1380 μέγα
2770 1309 2868 1380 τῆς
2912 1308 3208 1379 ἐπιδημίας
3234 1307 3337 1378 τῆς
3373 1306 3510 1378 μετὰ
3544 1305 3753 1376 σαρκὸς

2164 1401 2462 1472 μυστήριον
2494 1401 2595 1454 οὐκ
2613 1401 2811 1465 ειδότες
2841 1401 2889 1455 οἱ
2919 1402 3039 1455 κατ’
3068 1401 3296 1473 οὐρανὸν
3313 1400 3464 1463 ὄντες
3500 1399 3749 1467 ἄγγελοι,

2159 1489 2378 1544 ἀνιόντα
2426 1491 2891 1562 κατετεθήπεσαν,
2937 1492 3030 1545 ἐπὶ
3067 1490 3124 1544 δὲ
3167 1489 3244 1562 τῷ
3280 1489 3414 1560 ξένῳ
3458 1489 3552 1542 καὶ
3588 1486 3751 1560 ἀήθει

2162 1584 2447 1655 πράγματι
2506 1583 2788 1654 μονονουχὶ
2829 1581 3278 1653 τεθορυϐημένοι,
3348 1580 3527 1650 φασί-³
3568 1597 3588 1630 ι
3652 1578 3751 1641 Τίς

2161 1669 2317 1741 οὗτος
2342 1677 2370 1728 6
2409 1675 2845 1747 παραγενόμενος
2892 1674 2951 1741 ἐξ
3000 1673 3207 1745 Ἑδώμς
3249 1692 3266 1725 ι
3300 1670 3446 1725 τοῦτ’
3483 1671 3650 1734 ἔστιν,
3687 1672 3754 1724 ἐκ

483 1768 635 1823 mino
665 1768 921 1825 caelestes
950 1776 1137 1839 portas
1159 1769 1458 1840 aperirent,
1491 1771 1845 1825 exclamans:
1883 1788 1902 1820 ι
1933 1766 2055 1823 Tol-

2162 1769 2286 1839 γῆς.
2326 1768 2468 1821 Ἀλλ’
2492 1769 2592 1822 οὐκ
2636 1768 2920 1822 ἀδίδακτον
2963 1765 3064 1837 τῆς
3091 1763 3186 1819 τοῦ
3227 1763 3362 1818 Θεοῦ
3411 1763 3507 1816 καὶ
3537 1761 3754 1830 Πατρὸς

482 1858 580 1913 lite
613 1868 823 1930 portas,
854 1860 1158 1931 principes,
1184 1873 1420 1925 vestras,
1451 1868 1507 1916 et
1535 1860 1848 1927 elevamini,
1885 1869 2057 1931 portae

481 1951 789 2016 aeternales,
836 1958 892 2006 et
926 1951 1177 2006 introibit
1210 1952 1324 2008 Rex
1360 1951 1547 2024 gloriae
1583 1952 1653 2006 ⁸⁸.
1693 1970 1712 2004 ι
1764 1951 2058 2006 lnnovavit

482 2042 656 2106 igitur
693 2043 854 2099 nobis
887 2042 1156 2100 Dominus
1199 2051 1390 2100 noster
1417 2042 1581 2100 Iesus
1617 2042 1875 2101 Christus
1910 2045 2056 2099 viam

482 2139 762 2188 recentem
792 2148 856 2188 ac
883 2133 1085 2199 vivam,
1132 2143 1191 2188 ut
1217 2133 1423 2190 Paulus
1452 2134 1527 2189 ait
1550 2135 1619 2199 ⁸⁸,
1650 2149 1762 2189 non
1787 2135 1843 2189 in
1868 2144 2060 2191 saneta

480 2223 822 2289 manufacta,
853 2224 949 2279 sed
973 2224 1028 2280 in
1051 2225 1253 2281 coelum
1276 2225 1455 2295 ipsum
1488 2226 1796 2297 ingressus,
1824 2237 1884 2280 ut
1912 2241 2060 2281 nunc

482 2329 669 2369 coram
712 2316 865 2369 vultu
914 2314 1012 2371 Dei
1062 2331 1162 2387 pro
1209 2317 1372 2373 nobis
1417 2322 1701 2388 appareat.
1752 2316 1864 2374 Nec
1910 2317 2058 2373 enim

480 2406 735 2462 ascendit
768 2406 1064 2474 Christus,
1101 2415 1161 2463 ut
1207 2408 1452 2478 seipsum
1492 2408 1815 2480 conspectui
1851 2406 1948 2463 Dei
1994 2422 2061 2463 ac

482 2496 663 2555 Patris
693 2499 1072 2556 manifestaret
1112 2522 1124 2555 :
1169 2509 1285 2556 erat
1319 2501 1557 2571 quippe,
1589 2507 1644 2556 et
1690 2508 1807 2565 est,
1843 2499 2059 2570 eritque

480 2607 701 2663 semper
733 2593 789 2647 in
820 2591 1018 2658 Patre,
1056 2601 1113 2649 et
1150 2594 1206 2648 in
1244 2594 1424 2650 oculis
1464 2593 1550 2649 sui
1583 2592 1854 2664 genitoris
1884 2611 1897 2647 :
1941 2591 2060 2663 ipse

481 2682 628 2739 enim
671 2690 757 2739 est
805 2699 912 2754 quo
956 2700 1171 2755 semper
1207 2685 1444 2756 gaudet;
1487 2686 1584 2742 sed
1622 2684 1872 2741 ascendit
1915 2698 2064 2739 nunc

482 2776 639 2847 quasi
672 2776 838 2831 homo
885 2777 1111 2833 insolita
1157 2778 1397 2848 quadam
1445 2784 1500 2833 et
1544 2777 1815 2835 inusitata
1847 2776 2063 2831 ratione

482 2866 934 2937 conspiciendum
958 2883 1019 2924 se
1049 2868 1298 2938 praebens
1336 2867 1576 2925 Verbum
1610 2868 1759 2939 quod
1787 2868 1919 2923 olim
1959 2869 2063 2923 hu-

482 2961 746 3015 manitate
768 2976 1007 3016 vacuum
1043 2968 1185 3016 erat.
1217 2961 1389 3032 ldquc
1428 2971 1652 3032 propter
1680 2976 1822 3029 nos,
1873 2970 1927 3017 et
1962 2977 2062 3032 pro

2166 1859 2495 1929 ἀξιαγάστου
2536 1860 2748 1930 σοφίας,
2776 1859 2875 1930 τὴν
2902 1858 3015 1913 ἄνω
3038 1858 3247 1929 πληθὺν
3273 1857 3452 1927 ἀφῆκε
3481 1855 3544 1908 τὸ
3582 1852 3757 1908 Πνεῦ-

2171 1971 2267 2025 μα,
2309 1953 2647 2009 διεκελεύετο
2666 1953 2724 2007 δὲ
2773 1951 2974 2023 μᾶλλον
3011 1951 3087 2016 ὡς
3119 1950 3329 2021 βασιλεῖ
3353 1949 3449 2003 καὶ
3470 1946 3582 2001 τῶν
3613 1946 3754 2001 ὅλων

2164 2045 2408 2119 Δεσπότῃ
2435 2045 2533 2110 τὰς
2558 2044 2843 2117 οὐρανίους
2864 2042 3175 2112 ἀνοιγνύναι
3212 2040 3384 2104 πύλας
3413 2038 3749 2109 ἀναφωνοῦν-

2172 2157 2192 2190 ι
2259 2140 2462 2207 Ἀρατε
2514 2137 2708 2202 πύλας,
2762 2139 2811 2191 οἱ
2877 2137 3155 2207 ἄρχοντες,
3203 2132 3380 2204 ὑμῶν,
3422 2134 3516 2186 καὶ
3577 2130 3756 2201 ἐπάρ-

2163 2227 2317 2297 θητε,
2338 2226 2503 2281 πύλαι
2529 2226 2759 2289 αἱώνιοι,
2794 2225 2887 2279 καὶ
2911 2223 3280 2279 εἰσελεύσεται
3306 2225 3335 2276 6
3358 2220 3621 2284 Βασιλεὺς
3650 2219 3751 2289 τῆς

2161 2320 2339 2391 δόξης.
2384 2340 2403 2371 ι
2471 2319 2801 2373 Ἐνεκαίνισε
2866 2317 3043 2371 τοίνυν
3097 2318 3227 2389 ἡμῖν
3271 2316 3300 2368 6
3343 2315 3548 2379 Κύριος
3590 2311 3751 2384 ἡμῶν

2177 2409 2382 2479 Ἰησοῦς
2434 2408 2667 2480 Χριστὸς
2711 2407 2829 2462 ὁδὸν
2877 2407 3188 2479 πρόσφατον
3231 2405 3323 2460 καὶ
3368 2405 3571 2469 ζῶσαν,
3616 2402 3691 2465 ὡς
3720 2404 3750 2454 6

2163 2500 2374 2563 Παῦλός
2429 2517 2617 2571 φησιν,
2647 2500 2748 2552 οὐκ
2786 2500 2865 2562 είς
2895 2498 3248 2569 χειροποίητα
3289 2496 3417 2565 ἅγια
3468 2494 3747 2559 εἰσελθὼν,

2163 2592 2276 2647 ἀλλ’
2327 2593 2407 2655 είς
2457 2591 2619 2645 αὑτὸν
2658 2592 2749 2645 τὸν
2790 2590 3038 2664 οὐρανὸν,
3089 2591 3184 2645 νῦν
3233 2587 3632 2661 ἐμφανισθῆναι
3671 2587 3751 2658 τῷ

2160 2685 2439 2760 προσώπῳ
2458 2685 2552 2740 τοῦ
2606 2685 2743 2739 Θεοῦ
2779 2685 2920 2757 ὑπὲρ
2954 2683 3134 2755 ἡμῶν.
3166 2684 3241 2737 Οὐ
3277 2682 3386 2754 γὰρ
3412 2681 3600 2735 ἑαυτὸν
3648 2681 3751 2751 έμ-

2162 2778 2399 2848 φανίσων
2447 2777 2525 2849 τῷ
2569 2776 2843 2850 προσώπῳ
2885 2777 2978 2830 τοῦ
3005 2773 3141 2829 Θεοῦ
3195 2774 3292 2828 καὶ
3321 2772 3532 2844 Πατρὸς
3555 2772 3750 2826 ἀναδέ-

2161 2869 2330 2942 6ηκεν
2355 2871 2384 2923 6
2413 2868 2666 2940 Χριστόςο
2721 2862 2789 2938 ἦν
2838 2865 2966 2936 γὰρ,
3021 2865 3117 2919 καὶ⁵
3162 2863 3299 2930 ἔστι,
3340 2863 3434 2918 καὶ
3476 2862 3630 2916 ἐσται
3658 2862 3747 2916 διὰ

2160 2959 2382 3025 παντὸς,
2414 2962 2471 3014 ὲν
2502 2957 2700 3028 Πατρὶ,
2731 2958 2826 3012 καὶ
2853 2958 2913 3010 ὲν
2938 2955 3236 3027 ὀφθαλμοῖς
3266 2954 3357 3010 τοῦ
3391 2954 3521 3008 ίδίου
3548 2954 3748 3025 γεννή-

481 3051 669 3114 nobis,
700 3058 760 3106 ut
784 3059 839 3106 et
871 3052 1130 3106 inventus
1159 3058 1219 3106 ut
1258 3052 1422 3107 homo
1447 3051 1515 3083 ⁸³¹
1536 3091 1552 3117 ,
1589 3060 1850 3122 tanquam
1880 3050 2055 3109 Filius

2160 3068 2335 3123 τορος’
2369 3050 2530 3115 αὐτὸς
2552 3049 2658 3118 γάρ
2689 3051 2857 3111 ἐστιν,
2879 3039 2924 3115 ᾧ
2940 3047 3267 3119 προσχαίρει
3296 3045 3385 3099 διὰ
3406 3044 3625 3108 παντός·
3651 3045 3748 3097 ἀν-

479 3142 539 3198 in
570 3142 770 3197 virtute
797 3183 810 3202 .
857 3152 912 3198 et
948 3144 1043 3214 qui
1077 3157 1201 3198 cum
1243 3158 1413 3199 carne
1453 3143 1626 3199 audiit
1666 3145 1723 3200 in
1772 3144 2010 3202 solidum
2041 3163 2056 3200 :

486 3253 506 3285 ι
547 3231 689 3289 Sede
718 3248 748 3287 a
781 3233 993 3291 dextris
1028 3234 1165 3291 meis
1193 3234 1238 3267 ⁸⁸
1261 3276 1277 3301 ,
1313 3255 1332 3288 ι
1379 3235 1663 3293 ﬁliationis
1692 3237 1924 3307 gloriam
1958 3237 2058 3292 toti

481 3326 725 3379 humano
750 3325 934 3395 generi
975 3340 1073 3396 per
1112 3326 1356 3397 seipsum
1389 3326 1687 3398 adoptione
1711 3328 2060 3385 transmitte-

479 3423 585 3472 ret.
625 3413 780 3472 Unus
826 3417 974 3473 enim
1025 3428 1112 3475 est
1152 3433 1218 3474 ex
1265 3419 1427 3476 nobis
1454 3459 1469 3485 ,
1508 3420 1567 3475 in
1599 3430 1863 3491 quantum
1894 3421 2058 3477 homo

479 3508 755 3578 apparuit,
788 3522 819 3563 a
839 3507 1047 3564 dextris
1072 3508 1165 3565 Dei
1198 3520 1253 3566 et
1278 3509 1481 3577 Patris,
1507 3509 1632 3566 licet
1653 3525 1819 3582 supra
1841 3525 2058 3566 omnem

479 3607 791 3658 creaturam
843 3602 955 3665 sit,
1005 3610 1060 3658 et
1097 3603 1593 3661 consubstantialis
1633 3620 1737 3661 suo
1781 3605 2056 3676 genitori,

476 3694 750 3764 quatenus
792 3693 997 3771 eﬂ'ulsit
1023 3711 1091 3752 ex
1128 3696 1286 3768 ipso,
1322 3696 1467 3754 Deus
1498 3696 1569 3754 de
1599 3697 1711 3754 Deo
1734 3738 1749 3763 ,
1786 3706 1842 3753 et
1869 3698 2057 3753 lumen

477 3783 544 3839 de
570 3798 697 3839 vero
719 3784 944 3841 lumine.
968 3785 1239 3857 Apparuit
1259 3787 1450 3857 itaque
1474 3793 1736 3855 tanquam
1766 3787 1935 3843 homo
1953 3784 2058 3858 pro

475 3875 637 3932 nobis
665 3874 856 3942 Patri,
881 3884 944 3931 ut
972 3891 1074 3931 nos
1104 3877 1199 3947 qui
1225 3877 1295 3932 ab
1320 3879 1438 3948 ejus
1460 3878 1620 3933 vultu
1650 3885 1878 3949 propter
1902 3885 2055 3935 vete-

475 3981 591 4020 rem
622 3967 1134 4036 praevaricationem
1169 3967 1377 4038 repulsi
1400 3967 1704 4034 fueramus,
1732 3984 1932 4026 rursus
1965 3984 2057 4026 co-

476 4071 594 4111 ram
642 4056 800 4114 Patre
839 4058 1098 4127 sisteret;
1136 4058 1324 4125 sedit,
1380 4066 1438 4113 ut
1474 4057 1681 4125 Filius,
1727 4068 1788 4113 ut
1829 4066 1884 4115 et
1916 4076 2051 4129 nos,

475 4150 739 4213 tanquam
764 4144 881 4210 lilii,
923 4162 1022 4217 per
1055 4162 1181 4203 eum
1215 4162 1668 4217 nuncuparemur
1718 4163 1782 4205 ac
1809 4149 1900 4205 Dei
1933 4150 2048 4206 ﬁlii.

472 4233 710 4306 Ideoque
739 4234 943 4294 Paulus
995 4238 1090 4309 qui
1119 4238 1406 4294 contendit
1430 4238 1632 4296 habere
1662 4256 1722 4297 se
1768 4240 2051 4297 Christum

473 4328 789 4398 loquentem
820 4330 876 4384 in
907 4330 1090 4400 seipso
1111 4331 1179 4396 ⁸⁸,
1208 4332 1523 4387 communia
1559 4347 1683 4389 esse
1703 4342 1916 4389 naturae
1945 4333 2050 4387 hu-

2167 3144 2267 3214 έϐη
2295 3142 2352 3197 δὲ
2394 3140 2513 3207 νῦν,
2557 3140 2632 3205 ὡς
2666 3139 2952 3211 ἄνθρωπος
3005 3137 3289 3209 ἀσυνήθως
3337 3152 3396 3189 τε
3441 3135 3536 3189 καὶ
3581 3133 3749 3200 ξένως

2162 3230 2584 3303 ἐμφανισθῆναι,
2635 3232 2664 3284 6
2717 3230 2886 3284 πάλαι
2921 3228 3127 3299 γυμνὸς
3175 3226 3595 3298 ἀνθρωπότητος
3639 3226 3749 3280 Δό-

2161 3344 2276 3397 γος.
2307 3326 2384 3379 Δι’
2406 3326 2556 3397 ἡμᾶς
2597 3323 2652 3378 δὲ
2682 3322 2857 3386 τοῦτο,
2889 3322 2985 3375 καὶ
3014 3320 3156 3392 ὑπὲρ
3183 3322 3216 3391 ἡ
3228 3319 3367 3390 μῶν,
3410 3320 3497 3374 ἵνα
3551 3317 3645 3372 καὶ
3671 3317 3751 3381 ὡς

2160 3416 2447 3488 ἄνθρωπος
2473 3413 2737 3486 εὑρεθεὶς,
2780 3412 2855 3475 ὡς
2893 3410 3021 3472 Υἱὸς
3054 3411 3112 3463 ὲν
3159 3407 3409 3479 δυνάμει,
3463 3408 3558 3461 καὶ
3609 3405 3749 3479 μετά

2163 3509 2365 3580 σαρκὸς
2399 3506 2637 3569 ἀκούσας
2675 3502 2930 3569 καθόλου,
2965 3519 2985 3552 ι
3039 3499 3224 3554 Κάθου
3254 3502 3318 3554 ὲκ
3337 3497 3525 3566 δεξιῶν
3563 3515 3689 3569 μου,
3723 3517 3743 3550 ι

2159 3599 2259 3670 τῆς
2291 3596 2561 3658 υἱοθεσίας
2595 3594 2692 3664 τὴν
2714 3591 2891 3657 δόξαν,
2920 3590 3026 3661 ὅλῳ
3069 3590 3137 3643 δι’
3167 3590 3361 3644 ἑαυτοῦ
3395 3588 3749 3662 παραπέμψῃ

2158 3689 2238 3760 τῷ
2257 3689 2423 3758 γένει.
2461 3681 2554 3748 Εἷς
2590 3684 2698 3754 γάρ
2726 3684 2874 3736 ἐστιν
2907 3681 3083 3753 ἡμῶν,
3124 3680 3260 3734 καθὸ
3282 3679 3520 3750 πέφηνεν
3541 3678 3750 3751 άνθρω·

2160 3801 2281 3849 πος,
2304 3785 2368 3836 ὲκ
2390 3780 2579 3846 δεξιῶν
2601 3777 2697 3835 τοῦ
2723 3776 2860 3831 Θεοῦ
2883 3778 2976 3832 καὶ
3009 3777 3242 3847 Πατρὸς,
3270 3778 3319 3830 εί
3341 3776 3434 3830 καὶ
3460 3775 3603 3847 ὑπὲρ
3634 3778 3745 3830 πᾶ-

2160 3876 2259 3930 σάν
2300 3876 2444 3928 ἐστιν
2489 3872 2588 3942 τὴν
2638 3870 2837 3938 κτίσιν,
2872 3870 2966 3924 καὶ
3008 3867 3296 3940 ὁμοούσιος
3345 3868 3425 3939 τῷ
3466 3868 3583 3940 ἰδίῳ
3622 3885 3746 3937 γεν-

2157 3969 2363 4039 νήτορι,
2422 3963 2559 4020 καθὸ
2618 3963 2864 4035 πέφηνεν
2926 3961 2987 4028 ἐξ
3042 3960 3208 4016 αὐτοῦ
3273 3961 3405 4025 Θεὸς
3458 3963 3525 4015 ὲκ
3579 3960 3741 4025 Θεοῦ,

2155 4060 2248 4115 καὶ
2275 4057 2390 4127 φῶς
2406 4058 2469 4111 ὲκ
2492 4055 2668 4126 φωτὸς
2688 4055 2830 4109 κατὰ
2852 4054 3131 4126 ἀλήθειαν.
3163 4054 3515 4124 Ἐνεφανίσθη
3537 4054 3738 4119 τοίνυν,

2153 4156 2229 4218 ὡς
2258 4151 2542 4223 ἄνθρωπος
2593 4150 2733 4222 ὑπὲρ
2757 4149 2914 4221 ἡμῶν
2941 4149 3021 4220 τῷ
3062 4149 3258 4219 Πατρὶ,
3308 4148 3395 4202 ἵνα
3425 4148 3570 4217 ἡμᾶς
3613 4148 3739 4213 τοὺς

2153 4247 2218 4299 ὲκ
2258 4243 2554 4316 προσώπου
2640 4242 2920 4312 ίεγονότας
2968 4241 3056 4294 διὰ
3115 4240 3214 4311 τὴν
3267 4239 3497 4311 ἀρχαίαν
3561 4242 3738 4309 παρά-

2152 4338 2347 4404 ϐασιν,
2421 4337 2594 4408 στήσῃ
2651 4335 2814 4389 πάλιν
2868 4333 2944 4397 ὡς
3003 4334 3061 4386 ὲν
3117 4331 3395 4402 προσώπῳ
3464 4331 3558 4384 τοῦ
3622 4331 3737 4384 Πα-

472 4434 650 4473 ιιιειιιω
679 4418 885 4475 docens
916 4436 981 4476 ea
1010 4437 1132 4493 quae
1163 4438 1293 4492 erga
1312 4424 1493 4494 ipsum
1528 4425 1878 4494 peculiariter
1900 4424 2043 4481 facta

2158 4433 2295 4504 τρόςο
2326 4431 2638 4494 κεκάθικεν,
2663 4427 2739 4492 ὡς
2760 4426 2910 4491 Υίὸς,
2961 4425 3049 4479 ἴνα
3072 4426 3167 4479 καὶ
3186 4427 3369 4496 ἡμεῖς,
3418 4424 3493 4487 ὡς
3521 4422 3630 4477 υἱοὶ
3668 4421 3737 4477 δι’

473 4518 603 4566 sunt
640 4512 754 4580 ait,
788 4514 918 4583 quia
949 4521 1003 4569 et
1056 4533 1074 4566 ι
1109 4517 1570 4573 conresuscilavit
1610 4533 1741 4582 nos,
1772 4524 1826 4574 et
1857 4533 2053 4573 conse-

471 4603 604 4658 dere
656 4602 788 4660 fecit
833 4606 889 4660 in
940 4607 1263 4665 coelestibus
1304 4608 1359 4665 in
1404 4610 1630 4667 Christo
1658 4614 1724 4665 ³³.
1759 4632 1777 4663 ι
1813 4610 2052 4684 Propria

470 4709 711 4765 namque
737 4704 822 4752 est
862 4697 1022 4772 765
1051 4698 1276 4756 Christo
1302 4740 1318 4768 ,
1366 4711 1427 4757 ut
1457 4704 1763 4759 secundum
1798 4711 2051 4760 naturam

470 4781 611 4838 Filio
637 4826 652 4852 ,
684 4800 983 4842 consessus
1029 4788 1266 4861 dignitas
1315 4800 1373 4846 et
1412 4792 1623 4862 gloria,
1669 4808 1833 4864 quam
1869 4794 1919 4848 ei
1955 4795 2051 4849 uni

468 4884 839 4947 congruenter
863 4890 937 4933 ac‘
954 4893 1079 4936 vere
1111 4880 1458 4936 tribuendam
1484 4897 1608 4939 esse
1637 4882 1875 4940 dicimus
1903 4902 1916 4938 :
1949 4884 2046 4939 sed

468 4970 599 5038 quia
628 4970 929 5027 considens
957 4973 1136 5030 nostri
1168 4974 1369 5031 similis
1409 4984 1494 5032 est
1516 5017 1533 5043 ,
1567 4986 1843 5048 quatenus
1880 4994 2048 5049 appa-

466 5062 581 5116 ruit
608 5062 808 5131 homo,
837 5063 1093 5139 Deusque
1132 5067 1297 5122 simul
1336 5066 1403 5122 de
1443 5065 1555 5123 Deo
1583 5067 1937 5138 intelligitur,
1977 5069 2046 5125 ad

465 5172 569 5212 nos
608 5157 775 5213 etiam
821 5160 1226 5230 quodammodo
1280 5158 1566 5230 dignitatis
1616 5161 1765 5216 illius
1812 5161 2043 5231 gratiam

464 5251 812 5306 transmittit.
864 5249 981 5307 Etsi
1044 5252 1192 5307 enim
1243 5266 1365 5306 cum
1424 5266 1491 5307 eo
1536 5251 1685 5309 Patri
1723 5256 2045 5313 consessuri

468 5355 576 5395 non
623 5341 797 5397 simus
864 5343 1182 5414 (quomodo
1239 5342 1387 5398 enim
1433 5359 1628 5402 servus
1681 5363 1924 5418 unquam
1973 5350 2042 5404 ad

462 5432 728 5502 aequalem
756 5450 881 5490 cum
911 5435 1133 5490 domino
1163 5433 1423 5491 honorem
1453 5439 2042 5513 ascendet?),verum-

463 5531 646 5581 tamen
699 5526 909 5583 sanctis
960 5525 1251 5596 discipulis
1307 5543 1563 5587 sessuros
1613 5548 1779 5604 super
1823 5535 2039 5592 thronis

2150 4524 2314 4580 αὑτοῦ
2366 4520 2827 4594 χρηματίσωμεν,
2884 4517 2976 4570 καὶ
3044 4516 3212 4570 τέκνα
3281 4515 3438 4569 Θεοῦ.
3506 4515 3606 4569 Διά
3653 4531 3736 4568 τοι

2150 4617 2328 4681 τοῦτο,
2355 4614 2449 4668 καὶ
2481 4615 2510 4668 6
2556 4609 2787 4676 Παῦλος,
2841 4611 2868 4663 6
2900 4609 2991 4662 τὸν
3016 4608 3251 4680 Χριστὸν
3282 4607 3428 4678 ἔχειν
3472 4609 3529 4660 ὲν
3557 4606 3737 4677 ἑαυτῷ

2149 4709 2416 4765 λαλοῦντα
2455 4703 2874 4774 διατεινόμενος,
2918 4702 3073 4756 κοινὰ
3104 4704 3169 4773 τῇ
3218 4700 3379 4772 φύσει
3422 4702 3488 4771 τῇ
3523 4698 3728 4771 ἀνθρωο

2145 4801 2279 4873 mi;
2312 4799 2381 4853 τά
2418 4800 2497 4861 είς
2529 4795 2691 4850 αὑτὸν
2729 4793 2912 4858 ίδικῶς
2947 4793 3211 4863 γεγονότα
3240 4793 3508 4847 διδάσκων
3540 4792 3735 4863 φησὶν,

2152 4894 2235 4949 ὅτι
2269 4892 2362 4946 καὶ
2396 4910 2414 4943 ι
2459 4890 2785 4960 Συνήγειρεν
2834 4887 2995 4958 ἡμᾶς,
3031 4887 3124 4938 καὶ
3166 4883 3517 4939 συνεκάθισεν
3541 4884 3598 4937 ἐν
3623 4885 3737 4946 τοῖς

2152 4980 2497 5054 ἐπουρανίοις
2546 4981 2603 5032 ὲν
2668 4975 2910 5049 Χριστῷ.
2952 4996 2971 5029 ι
3017 4977 3175 5029 Ἰδιον
3214 4976 3313 5046 μὲν
3350 4976 3459 5048 γὰρ
3498 4976 3575 5041 ὡς
3618 4973 3735 5045 Υίῷ

2152 5073 2295 5128 κατὰ
2320 5072 2479 5143 φύσιν
2515 5070 2748 5140 ὑπάρχει
2771 5067 2991 5139 Χριστῷ
3017 5067 3078 5121 τὸ
3103 5067 3204 5137 τῆς
3225 5068 3536 5140 συνεδρείας
3565 5068 3733 5135 ἀξίω-

2156 5184 2253 5238 μα,
2278 5165 2372 5220 καὶ
2391 5163 2488 5234 τὴν
2523 5162 2618 5215 τοῦ
2648 5158 3025 5230 συγκαθῆσθαι
3064 5160 3241 5225 δόξαν,
3291 5160 3439 5231 αὐτῷ
3488 5178 3546 5214 τε
3598 5178 3733 5232 πρε-

2153 5257 2363 5319 πάντως
2398 5253 2492 5307 καὶ
2525 5252 2671 5322 μόνῳ
2704 5249 2920 5320 ἀληθῶς
2974 5249 3291 5303 ἀνακεῖσθαι
3342 5253 3587 5321 φήσομεν
3612 5267 3624 5280 ·
3672 5249 3731 5303 τὸ

2150 5346 2205 5400 δὲ
2228 5345 2362 5408 ὅλως
2392 5341 2513 5396 καθ’
2539 5341 2687 5411 ἡμᾶς
2721 5338 2987 5410 ὑπάρχειν
3021 5336 3114 5392 τὸν
3151 5338 3557 5409 συνεδρεύοντα,
3596 5338 3730 5392 καθὸ

2147 5440 2388 5510 πέφηνεν
2428 5434 2712 5504 ἄνθρωπος
2738 5431 2875 5503 μετά
2916 5429 3008 5484 τοῦ
3063 5429 3297 5485 νοεῖσθαι
3333 5430 3427 5485 καλ⁴
3472 5429 3603 5483 Θεὸν
3666 5431 3731 5483 ὲκ

2142 5529 2300 5598 Θεοῢ,
2350 5525 2710 5598 παραπέμπει
2773 5540 2891 5587 πως
2941 5522 3038 5575 καὶ
3088 5524 3168 5587 είς
3203 5523 3352 5594 ἡμᾶς
3409 5522 3507 5593 τὴν
3544 5525 3609 5577 ὲκ
3634 5519 3726 5576 τοῦ

484 5667 492 5674 .
532 5637 579 5668 so
620 5635 726 5718 ξε,
753 5638 987 5718 9.114.
1067 5636 1109 5667 ⁵¹
1151 5635 1295 5718 Ρηεειι.
1334 5657 1468 5699 um
1498 5686 1509 5711 ,
1543 5645 1590 5702 7.
1670 5648 1715 5680 ⁵³
1749 5645 1913 5706 Hebr.
1951 5664 2024 5715 Ix,

2233 5647 2277 5680 υ
2314 5645 2547 5718 Philipp.
2579 5630 2652 5711 n;
2695 5643 2744 5698 7.
2824 5638 2887 5671 ³³·
2931 5637 3071 5696 Psal.
3107 5654 3212 5708 CIX,
3249 5639 3300 5693 ι.
3376 5638 3424 5671 σε
3456 5637 3500 5691 ιι
3531 5637 3656 5694 Cor.

460 5721 561 5768 xui
585 5746 600 5774 ,
628 5707 682 5762 5.
752 5708 797 5740 ⁵⁸
857 5705 1052 5776 Ephcs.
1088 5722 1147 5773 ιι,
1179 5708 1231 5763 6.
