3992 6316
182 333 289 391 185

1356 324 1421 381 ΙΝ
1445 323 1733 384 JOANNIS
1771 326 2223 387 EVANGELIUM
2253 328 2382 385 LIB.
2412 328 2506 385 IX.

3350 340 3446 397 186

184 445 495 517 ἀξιώματος
521 446 703 518 χάριν.
730 444 792 500 El
817 443 926 515 γὰρ
946 440 1043 498 καὶ
1074 441 1148 514 μὴ
1176 440 1325 515 αὐτῷ
1348 443 1773 517 συνεδρεύσομεν

1880 445 2156 517 promisit.
2194 463 2213 497 ι
2249 444 2484 511 Quando
2540 444 2731 512 enim,
2790 444 2996 518 inqmt,
3049 446 3227 506 Filius
3279 449 3457 508 homi-

183 537 261 611 τῷ
291 539 467 610 Πατρὶ
500 536 642 608 (πῶς
664 536 773 608 γὰρ
796 534 858 589 τὸ
880 534 1089 601 δοῦλον,
1121 536 1203 599 είς
1236 534 1335 607 τὴν
1382 535 1509 608 ἴσην
1557 536 1635 607 τῷ
1683 536 1768 589 δε-

188 631 360 702 σπότῃ
415 630 582 701 τιμὴν
642 630 780 682 ἀνίοι
849 627 981 682 ποτέ
1008 645 1023 694 ;
1052 627 1095 698 ),
1145 628 1273 681 ἀλλ’
1296 622 1391 683 οὖν
1417 646 1503 699 γε,
1543 629 1645 701 τὴν
1675 630 1766 682 ἐπὶ

187 724 390 795 θρόνων
423 721 639 776 κάθισιν
681 722 792 784 τοῖς
839 719 1016 789 ἁγίοις
1058 720 1421 791 ἐπηγγείλατο
1478 721 1764 793 μαθηταῖς.

194 832 213 866 ι
236 815 405 868 ὀταν
459 813 593 883 γὰρ,
661 812 850 884 φησὶν,
896 813 925 866 6
975 811 1103 876 Υἱὸς
1130 811 1223 866 τοῦ
1247 811 1537 884 ἀνθρώπου
1568 813 1769 886 καθίσῃ

190 904 283 960 ἐπὶ
313 904 505 977 θρόνου
536 904 699 975 δόξης
730 903 919 969 αὑτοῦ,
938 904 1033 958 καὶ
1061 904 1220 974 ὑμεῖς
1250 905 1542 960 καθίσεσθε
1569 907 1661 959 ἐπὶ
1675 905 1771 958 δὼ-

188 997 318 1050 δεκα
339 994 582 1067 θρόνους,
614 993 892 1065 κρίνοντες
930 993 1028 1058 τὰς
1060 993 1269 1048 δώδεκα
1316 995 1491 1064 φυλὰς
1533 995 1628 1049 τοῦ
1674 995 1770 1049 Ἰσ-

195 1086 349 1157 ραήλ.
372 1095 411 1138 ἰ
445 1084 655 1139 Οὐκοῦν
685 1086 1066 1156 ἁνοιχήσομαι,
1114 1085 1300 1155 φησὶν,
1340 1087 1403 1140 οὐ
1440 1085 1607 1156 μονὰς
1643 1087 1770 1156 ὑμῖν

189 1178 494 1249 ἐτοιμάσων
528 1177 658 1248 (εἰσὶ
691 1177 800 1251 γὰρ
820 1178 922 1250 ήδη
951 1177 1191 1249 πολλαὶ),
1227 1179 1321 1233 καὶ
1348 1179 1411 1232 τὸ
1440 1182 1772 1234 ἐπικαινοτοο

190 1271 409 1343 μεῖσθαι
437 1270 505 1340 τῇ
539 1270 715 1325 κτίσει
742 1270 1016 1343 περιττὸν,
1051 1271 1498 1343 προευτρεπίσων
1522 1272 1580 1324 δὲ
1605 1272 1770 1325 τόπον

187 1366 315 1435 ὑμῖν
369 1363 464 1417 τοῦ
515 1358 654 1417 εἶναι
682 1361 941 1416 δύνασθαι
977 1363 1162 1416 λοιπδν
1207 1363 1409 1434 ἀναμὶξ
1460 1364 1573 1428 τοῖς
1596 1363 1772 1433 ἁγίοις

185 1456 439 1526 ἀγγέλοις
471 1456 597 1518 τοὺς
626 1455 785 1519 ὄντας
834 1456 926 1508 ἐπὶ
951 1455 1049 1526 τῆς
1075 1456 1196 1525 γῆς,
1232 1456 1321 1509 διὰ
1348 1456 1445 1524 τὴν
1472 1455 1773 1527 μεσολασή-

186 1567 357 1603 σασαν
384 1548 703 1620 ἁμαρτίαν*
725 1547 787 1601 οὐ
812 1545 922 1617 γὰρ
960 1547 1027 1601 ἂν
1054 1546 1255 1618 ἐμίχθη
1292 1550 1405 1612 τοῖς
1427 1546 1572 1601 οὕτω
1606 1546 1773 1619 βεϐήο

181 1642 291 1706 λοις
316 1642 350 1714 ἠ
378 1642 512 1710 ἁγία
539 1640 646 1693 τῶν
678 1640 793 1694 ἄνω
823 1634 1052 1709 πληθύς.
1088 1637 1459 1710 Κατορθὼσας
1492 1639 1549 1693 δὲ
1589 1638 1768 1706 τοῦτο,

180 1732 274 1787 καὶ
308 1732 557 1802 συνάψας
593 1732 705 1795 τοῖς
748 1730 862 1785 ἄνω
889 1728 961 1783 τὰ
998 1730 1170 1792 κάτω,
1217 1730 1383 1783 τόπον
1421 1729 1479 1783 δέ
1522 1730 1645 1794 δοὺς
1685 1731 1773 1785 ἁν-

1871 540 1957 595 uis
1994 539 2201 595 sederit
2232 539 2285 593 in
2315 538 2446 595 sede
2471 537 2780 609 maiestatis
2813 556 2948 605 sum,
2981 541 3243 598 sedebitis
3272 552 3328 599 et
3360 561 3457 604 vos

1872 645 2038 701 super
2092 632 2325 687 thronos
2390 630 2724 697 duodecim,
2778 632 3100 702 judicantes
3159 636 3456 692 duodecim

1874 725 2052 780 tribus
2093 723 2351 779 Israel".
2382 741 2401 777 ι
2440 721 2610 794 igitur
2649 723 2972 788 discedam,
3013 726 3214 797 inquit,
3241 728 3459 798 nequa-

1871 833 2033 888 quam
2087 816 2246 871 vobis
2299 815 2621 872 mansiones
2669 826 3015 886 paraturus:
3068 819 3254 874 multae
3307 820 3456 875 enim

1872 919 2037 975 sunt,
2084 916 2142 964 et
2186 907 2392 979 aliquid
2426 907 2552 961 novi
2585 908 2750 964 rebus
2785 908 2986 964 creatis
3016 909 3217 965 addere
3247 919 3332 966 est
3358 926 3458 966 su-
3489 902 3497 923 ‘

1870 999 2173 1072 perﬂuum,
2221 999 2315 1057 sed
2358 1008 2769 1071 praeparaturus
2806 1000 2962 1055 vobis
2996 1001 3214 1067 locum,
3260 1011 3318 1056 ut
3349 1016 3455 1056 una

1873 1106 1997 1146 cum
2027 1091 2235 1147 sanctis
2272 1090 2487 1163 angelis
2514 1090 2740 1146 demum
2768 1105 2893 1147 esse
2920 1092 3169 1162 possitis,
3202 1093 3298 1162 qui
3329 1109 3458 1164 pro—

1873 1192 1990 1254 pter
2024 1193 2309 1254 peccatum
2336 1182 2482 1254 quod
2518 1197 2615 1238 vos
2643 1183 2715 1239 ab
2750 1183 2832 1239 eis
2862 1182 3106 1255 seiungit
3128 1226 3144 1251 ,
3178 1183 3361 1239 adhuc
3401 1186 3459 1239 in

1872 1282 2019 1329 terra
2061 1274 2257 1343 degitis
2309 1290 2324 1325 :
2378 1289 2481 1331 nec
2519 1275 2666 1330 enim
2708 1289 2833 1329 cum
2871 1283 2980 1329 tam
3011 1274 3245 1347 impuris
3268 1285 3461 1333 sancta

1874 1366 2119 1421 coalitum
2159 1366 2359 1421 cohors
2386 1366 2708 1422 misceatur.
2737 1364 2894 1432 Quod
2925 1382 3050 1422 cum
3090 1383 3376 1440 peregero,
3407 1374 3462 1424 et

1874 1458 2090 1529 superis
2116 1457 2378 1513 inferiora
2410 1458 2780 1528 conjunxero,
2814 1459 3154 1530 modumque
3191 1475 3462 1520 ascensus

1873 1551 1927 1606 in
1957 1566 2252 1621 supernam
2286 1551 2568 1606 civitatem
2601 1550 2755 1605 vobis
2781 1551 3099 1618 tradidero,
3125 1552 3273 1607 circa
3302 1569 3463 1625 rege-

1872 1643 2182 1699 nerationis
2214 1655 2431 1714 tempus
2455 1644 2639 1698 denuo
2669 1652 2935 1708 revertar,
2963 1650 3019 1699 et
3053 1658 3334 1699 assumam
3361 1662 3463 1701 vos

1873 1750 2124 1798 mecum,
2171 1753 2190 1786 ι
2230 1743 2291 1788 ιιι
2337 1735 2430 1790 ubi
2473 1750 2594 1790 sum
2631 1748 2771 1805 ego,
2817 1743 2871 1789 et
2904 1750 3004 1791 vos
3043 1734 3189 1791 sitis.
3241 1755 3261 1789 ι
3298 1736 3463 1802 Quod

180 1827 302 1881 όδου
353 1826 456 1897 τῆς
483 1827 564 1889 είς
594 1824 693 1895 τὴν
744 1825 857 1880 ἄνω
901 1822 1059 1876 πόλιν
1091 1823 1242 1894 ὑμῖν,
1288 1821 1450 1877 πάλιν
1491 1820 1766 1894 ἐπανήξω,

1880 1841 1996 1881 cum
2046 1833 2236 1882 nosset
2275 1824 2483 1881 Paulus
2507 1865 2523 1889 ,
2559 1824 2615 1879 in
2648 1825 2767 1882 suis
2797 1824 3058 1896 Epistolis
3089 1825 3174 1882 sic
3218 1825 3413 1881 scribit
3444 1844 3460 1881 :

178 1919 319 1973 κατὰ
350 1918 442 1972 τὸν
469 1918 571 1987 τῆς
591 1915 1015 1985 παλιγγενεσίας
1046 1915 1258 1985 καιρὸν,
1304 1913 1399 1967 καὶ
1448 1913 1773 1985 παραλήψο-

1878 1939 1898 1973 ‹
1931 1918 2044 1974 Hoc
2079 1920 2228 1974 enim
2264 1918 2423 1974 vobis
2451 1918 2692 1974 dicimus
2732 1917 2787 1972 in
2825 1918 2994 1973 verbo
3025 1915 3289 1985 Domini,
3332 1916 3463 1987 quia

182 2028 278 2082 μαι
314 2011 463 2082 ὑμᾶς
486 2010 604 2079 μεθ’
627 2007 847 2074 ἐαυτοῦ,
885 2025 903 2058 ι
936 2007 1023 2059 ἵνα
1055 2006 1188 2059 ὅπου
1216 2005 1330 2076 εἰμὶ
1355 2004 1485 2074 ἐγὼ,
1511 2005 1771 2076 καὶὺμεῖς

1880 2028 1972 2067 nos
1997 2051 2013 2076 ,
2049 2012 2145 2082 qui
2169 2012 2408 2066 vivimus
2434 2050 2449 2075 ,
2483 2011 2579 2080 qui
2601 2010 2815 2065 residui
2848 2025 3044 2065 sumus
3072 2010 3129 2063 in
3161 2007 3464 2063 adventum
3496 2040 3501 2047 «

174 2099 296 2175 ἦτε.
340 2123 359 2154 ι
401 2104 468 2155 ‘0
503 2102 599 2156 καὶ
633 2100 816 2163 συνεὶς
851 2100 880 2152 6
908 2098 1123 2161 Παῦλος
1165 2099 1225 2153 ἐν
1249 2098 1478 2162 οἰκείαις
1518 2099 1768 2153 Ἐπιστο-

1880 2102 2125 2169 Domini,
2177 2119 2289 2158 non
2345 2103 2748 2175 praeveniemus
2799 2117 2897 2159 eos
2949 2101 3046 2172 qui
3089 2100 3462 2157 dormierunt.

175 2196 314 2261 λαῖς,
353 2193 496 2247 οὕτω
521 2191 655 2266 φησί
681 2210 697 2226 θ
733 2210 751 2243 ι
782 2190 953 2244 Τοῦτο
977 2191 1086 2263 γὰρ
1111 2192 1240 2262 ὑμῖν
1275 2190 1508 2262 λέγομεν
1530 2191 1588 2245 ἐν
1620 2191 1764 2263 λόγῳ

1880 2194 2133 2262 Quoniam
2159 2196 2277 2266 ipse
2300 2194 2569 2250 Dominus
2599 2196 2657 2249 in
2684 2195 2846 2265 jussu
2873 2203 2928 2250 et
2959 2194 3017 2249 in
3050 2208 3190 2249 voce
3225 2192 3466 2247 archan-

175 2285 405 2354 Κυρίου,
432 2286 514 2338 ὅτι
540 2286 700 2355 ἡμεῖς
723 2284 772 2336 οί
793 2280 1016 2349 ζῶντες,
1074 2283 1124 2336 oi
1183 2281 1629 2354 περιλειπόμενοι
1681 2285 1764 2348 είς

1880 2289 2009 2361 geli,
2038 2296 2091 2345 et
2126 2289 2182 2344 iu
2219 2288 2348 2343 tuba
2382 2287 2477 2343 Dei
2510 2287 2806 2343 descendet
2849 2286 2919 2342 de
2950 2286 3093 2342 cosio
3121 2304 3134 2340 :
3171 2292 3226 2340 et
3261 2283 3463 2339 mortui

174 2377 272 2448 τὴν
298 2375 604 2449 παρουσίαν
622 2375 715 2429 τοῦ
739 2374 966 2447 Κυρίου,
994 2375 1055 2428 οὐ
1093 2374 1167 2447 μὴ
1195 2375 1475 2446 φθάσομεν
1508 2376 1635 2438 τοὺς
1647 2392 1764 2429 κοι-

1880 2379 1965 2450 qui
1999 2379 2053 2433 in
2079 2378 2306 2434 Christo
2342 2386 2473 2434 sunt
2508 2384 2807 2448 resurgent
2840 2376 3026 2447 primi.
3074 2374 3286 2431 Deinde
3325 2391 3464 2442 nos,

180 2470 473 2541 μηθέντας.
503 2470 627 2522 Ὅτι
650 2468 809 2531 αὐτὸς
832 2469 860 2522 6
890 2468 1096 2538 Κύριος
1120 2470 1178 2522 ἐν
1200 2466 1554 2539 κελεύσματι,
1576 2469 1634 2520 ἐν
1656 2485 1767 2537 φω⁴

1880 2470 1966 2541 qui
2018 2458 2303 2537 vivimus,
2354 2470 2449 2540 qui
2495 2468 2907 2538 relinquimur,
2964 2467 3135 2524 simul
3182 2465 3468 2536 rapicmur

175 2563 238 2633 νῇ
262 2560 636 2632 ἀρχαγγέλου,
681 2560 774 2613 καὶ¹
805 2562 863 2614 ἐν
905 2560 1166 2628 σάλπιγγι
1210 2560 1345 2614 Θεοῦ
1393 2548 1767 2631 καταϐήσεται

1880 2576 1997 2617 cum
2039 2562 2149 2616 illis
2185 2563 2239 2616 in
2272 2562 2518 2619 nubibus
2545 2561 2767 2617 obviam
2792 2561 3017 2616 Christo
3041 2560 3109 2635 in.
3127 2574 3276 2627 aera,
3304 2566 3358 2615 et
3385 2557 3469 2615 sic

174 2653 283 2707 ἀπὸ
306 2653 564 2724 οὐρανοῦ,
588 2653 684 2707 καὶ
708 2654 757 2706 οί
783 2651 964 2722 νεκροὶ¹
994 2654 1054 2706 ἐν
1093 2650 1315 2723 Χριστῷ
1368 2652 1767 2722 ἀναστήσονται

1876 2667 2096 2723 semper
2125 2668 2251 2708 cum
2284 2653 2518 2709 Domino
2547 2654 2757 2708 erimus
2782 2651 2851 2707 ⁸⁷.
2889 2670 2908 2704 ι

177 2746 416 2818 πρῶτον.
455 2748 689 2801 Ἔπειτα
726 2747 885 2818 ἡμεῖς
924 2746 971 2799 oi
1014 2744 1237 2811 ζῶντες,
1278 2746 1326 2798 οἱ
1364 2745 1828 2818 περιλειπόμενοι,
1865 2747 1981 2818 ἁμα
2040 2748 2138 2802 σὺν
2198 2748 2383 2812 αὐτοῖς
2457 2745 2897 2819 ἁρπαγησόμεθα
2937 2747 2996 2802 ἐν
3046 2744 3319 2815 νεφέλαις,
3386 2744 3467 2807 είς

176 2841 486 2913 ἀπάντησιν
513 2841 609 2894 τοῦ
640 2840 847 2911 Κυρίου
885 2839 965 2903 είς
1000 2838 1162 2910 ἀέρα,
1201 2838 1298 2892 καὶ
1346 2838 1491 2892 οὕτω
1539 2839 1770 2893 πάντοτε
1812 2839 1910 2894 σὺν
1940 2839 2127 2911 Κυρίῳ
2161 2841 2416 2912 ἐσόμεθα.
2461 2859 2481 2892 ι

247 2936 363 2992 Καὶ
394 2936 544 2991 ὅπου
581 2935 696 3006 ἐγὼ
722 2933 934 3004 ὑπάγω
965 2932 1186 3000 οἴδατε,
1212 2932 1313 2987 καὶ
1350 2932 1468 3003 τὴν
1500 2931 1647 2989 ὀδόν
1677 2932 1767 2987 οτ-

176 3030 354 3088 δαῖε.

1945 2933 2065 2990 XIV
2129 2936 2183 2990 4.
2218 2935 2287 2989 Et
2313 2952 2415 3007 quo
2441 2952 2535 3007 ego
2559 2934 2694 2991 vado
2722 2974 2736 2999 ,
2773 2934 2947 2999 scitis,
2974 2942 3025 2988 et
3054 2934 3195 2989 viam
3221 2933 3393 2989 scitis.

250 3122 710 3197 Προαποδημήσω
762 3122 863 3194 μέν
931 3120 1145 3192 ἔγωγε,
1201 3121 1401 3193 φησὶν,
1475 3119 1776 3192 ἐτοιμάσων

1966 3116 2258 3174 Discedam
2287 3133 2389 3188 ego
2416 3116 2638 3189 quidem
2675 3115 2922 3187 primus,
2969 3115 3148 3187 nquit,
3177 3124 3236 3169 ut
3259 3128 3472 3186 praepa-

178 3219 313 3289 ὐμῖν
354 3216 457 3287 τῆς
509 3216 693 3270 ἀνόδου
735 3216 903 3269 τόπον
949 3216 1049 3286 τῆς
1111 3217 1191 3280 είς
1245 3212 1527 3287 οὐρανούς·
1570 3213 1685 3266 ἀλλ’
1731 3213 1779 3266 εί

181 3309 464 3382 βούλεσθε,
507 3307 600 3362 καὶ
645 3307 798 3377 φίλον
845 3308 975 3378 ὑμῖν
1003 3307 1064 3361 τὸ
1093 3309 1151 3361 ἐν
1193 3307 1433 3370 ἐκείναις
1476 3303 1780 3359 καταλῦσαι

178 3404 305 3465 ταῖς
336 3403 548 3471 μοναῖς,
583 3400 677 3453 καὶ
722 3400 851 3469 περὶ
901 3398 1097 3453 πολλοῦ
1132 3398 1433 3470 πεποίησθε
1473 3397 1524 3450 τὸ
1559 3398 1645 3460 είς
1680 3396 1780 3468 τὴν

180 3495 298 3549 ἄνω
336 3493 588 3563 γενέσθαι
626 3493 815 3555 πόλιν,
858 3494 954 3547 καὶ
991 3494 1105 3556 τοῖς
1142 3492 1319 3561 ἁγίοις
1362 3488 1780 3560 συναυλισθῆναι

182 3589 517 3658 πνεύμασιν,
573 3588 759 3643 οἴδατε
817 3586 915 3658 τὴν
957 3587 1097 3652 ὁδὸν,
1144 3584 1291 3638 τοῦτ’
1338 3583 1507 3647 ἐστιν,
1538 3581 1659 3652 ἐμέ.
1700 3582 1780 3633 Δι’

183 3682 322 3753 ἐμοῦ
346 3683 455 3754 γὰρ
491 3681 733 3745 πάντως,
759 3680 853 3733 καὶ⁸
885 3679 945 3732 οὐ
975 3679 1041 3732 δι’
1077 3678 1265 3744 ἐτέρου
1282 3675 1447 3741 τινὸς,
1479 3675 1577 3745 τὴν
1608 3672 1782 3736 οὕτως

182 3773 517 3842 ὰξιὰγαστον
552 3770 977 3843 ἀποκερδανεῖτε
1002 3769 1181 3840 χάριν·
1210 3767 1270 3822 οὐ
1300 3767 1410 3838 γὰρ
1440 3766 1628 3838 ἔτερος
1650 3764 1781 3834 ὑμῖν

183 3863 389 3931 ἀνοίξει
428 3863 556 3926 τοὺς
598 3861 883 3933 οὐρανοὺς,
931 3860 1052 3913 οὐδὲ
1099 3859 1261 3930 βατὸν
1321 3856 1594 3925 ἀποδείξει
1642 3855 1778 3910 ποτέ

182 3957 245 4010 τὸ
278 3955 560 4019 παντελῶς
593 3953 812 4017 ἁστιδές
843 3969 904 4005 τε
939 3952 1035 4005 καὶ
1074 3949 1241 4022 ἄηθες
1269 3951 1382 4012 τοῖς
1410 3948 1519 4003 ἀπὸ
1554 3948 1656 4018 τῆς
1677 3947 1782 4019 γῆς

184 4048 410 4120 χωρίον,
442 4048 491 4100 εί
535 4046 610 4118 μὴ
643 4045 802 4116 μόνος
845 4042 979 4113 ἐγὼ,
1014 4042 1110 4096 καὶ
1134 4041 1339 4113 ἀληθὴς
1361 4041 1391 4093 6
1439 4040 1633 4109 Λόγος.
1679 4038 1781 4092 Διὰ

184 4142 297 4212 γάρ
334 4157 418 4193 τοι
455 4140 639 4199 τοῦτο.
670 4138 765 4192 καὶ
794 4136 823 4188 6
870 4137 1156 4208 προφήτης
1210 4132 1483 4205 Ἱερεμίας
1523 4132 1579 4185 ἐν
1609 4128 1782 4185 Ilvati-

190 4249 348 4304 ματι,
374 4229 577 4299 ταύτην
606 4229 754 4300 ἡμᾶς
776 4226 874 4299 τὴν
901 4226 1017 4280 ὁδὸν
1034 4226 1115 4278 ὅτι
1165 4223 1400 4294 μάλιστα
1426 4219 1606 4294 ζητεῖν
1635 4237 1781 4292 παρ-

187 4321 499 4387 εκελεύετο,
527 4320 723 4389 λέγων·
769 4337 788 4370 ι
817 4318 991 4387 Στῆτε
1018 4315 1110 4367 ἐπὶ
1130 4316 1248 4377 ταῖς
1272 4312 1430 4378 ὁδοῖς,
1456 4311 1552 4365 καὶ
1573 4308 1781 4381 ἐρωτή-

1880 3227 1993 3267 rem
2022 3210 2181 3265 vobis
2211 3211 2396 3265 locum
2428 3224 2699 3264 ascensus
2729 3211 2786 3263 in
2819 3208 2991 3263 caelos
3019 3226 3034 3262 :
3070 3207 3164 3263 sed
3198 3208 3244 3263 si
3282 3207 3338 3261 in
3361 3206 3473 3263 illis

1881 3302 2268 3360 mansionibus
2304 3303 2512 3357 morari
2543 3317 2644 3357 vos
2672 3300 2855 3371 juvat,
2880 3309 2938 3357 et
2974 3300 3030 3355 iu
3066 3314 3362 3371 supernam
3393 3300 3473 3355 ci-

1879 3396 2103 3451 vitatem
2147 3394 2362 3466 ingredi
2392 3393 2618 3464 plurimi
2648 3393 2858 3451 ducitis
2879 3436 2894 3463 ,
2933 3409 2998 3449 ac
3024 3408 3134 3448 una
3173 3408 3301 3447 cum
3344 3407 3475 3447 san-

1881 3488 1991 3542 ctis
2025 3486 2317 3557 spiritibus
2342 3485 2613 3542 diversari
2635 3527 2651 3554 ,
2683 3486 2829 3541 viam
2855 3526 2868 3549 ,
2911 3486 2963 3540 id
3003 3494 3089 3541 est
3113 3501 3234 3552 me,
3267 3485 3470 3539 nostis.

1880 3576 1984 3633 Per
2025 3593 2110 3631 me
2137 3576 2284 3630 enim
2314 3576 2507 3646 utique
2527 3615 2543 3638 ,
2576 3591 2641 3630 ac
2671 3591 2781 3630 non
2811 3591 2909 3646 per
2944 3576 3113 3629 alium
3152 3575 3327 3629 ullum
3360 3583 3471 3628 tam

1882 3668 2268 3725 admirabilem
2326 3669 2562 3739 gratiam
2617 3667 3100 3733 consequemini:
3163 3682 3266 3722 nec
3324 3667 3471 3723 enim

1882 3762 2022 3818 alius
2045 3761 2205 3816 vobis
2230 3761 2403 3816 caelos
2429 3759 2661 3831 aperiet,
2685 3768 2780 3814 aut
2807 3756 3152 3814 inaccessum
3177 3765 3233 3813 et
3263 3758 3472 3813 invium

1882 3854 2044 3924 plane
2078 3853 2320 3910 terrenis
2344 3853 2555 3921 locum,
2586 3867 2817 3908 accessu
2846 3850 3062 3907 facilem
3092 3850 3283 3905 reddet
3309 3890 3323 3915 ,
3364 3849 3473 3905 nisi

1882 3946 2049 4018 766
2085 3960 2187 4018 ego
2225 3946 2410 4002 solum
2442 3959 2507 3999 ac
2538 3959 2729 4000 verum
2765 3942 3010 3999 Verbum
3030 3986 3046 4011 ,
3072 3942 3309 4012 ideoque
3341 3956 3472 4012 pro-

1879 4042 2047 4112 pheta
2083 4039 2355 4096 Jeremias
2389 4038 2445 4092 in
2489 4036 2698 4108 Spiritu
2734 4037 2877 4092 hanc
2910 4051 3013 4093 nos
3048 4036 3289 4091 maxime
3328 4034 3473 4089 viam

1880 4145 2126 4201 quaerere
2148 4129 2378 4199 jubebat
2402 4169 2418 4193 ,
2457 4128 2695 4184 dicens:
2758 4146 2777 4178 ι
2816 4126 2970 4182 State
3008 4142 3177 4196 super
3211 4127 3370 4193 vias,
3409 4134 3466 4179 et

1879 4222 2083 4287 videte,
2111 4228 2164 4275 et
2190 4221 2532 4291 interrogate
2569 4218 2799 4273 semitas
2830 4216 3046 4271 Domini
3079 4232 3204 4287 quas
3237 4231 3267 4270 a
3299 4230 3476 4271 saecu-

1883 4316 1936 4372 lo
1964 4333 1977 4371 :
2003 4321 2057 4370 et
2085 4313 2264 4371 videte
2292 4311 2476 4382 qualis
2502 4319 2588 4367 est
2610 4310 2700 4365 via
2728 4309 2895 4374 bona,
2919 4318 2974 4365 et
2996 4309 3275 4364 ambulate
3306 4308 3361 4362 in
3384 4322 3474 4372 ea,

189 4432 321 4469 σατε
356 4413 578 4486 τρίϐους
616 4411 822 4483 Κυρίου
865 4407 1137 4472 αἰωνίους,
1160 4405 1255 4459 καὶ
1293 4404 1431 4458 ἴδετε
1461 4401 1588 4456 ποία
1634 4400 1776 4455 ἐστὶν

1883 4415 1938 4463 et
1973 4404 2268 4461 invenietis
2322 4402 2757 4473 purificationem
2796 4400 3089 4455 animabus
3134 4402 3337 4456 vestris
3357 4399 3424 4453 ⁵⁸.
3452 4417 3471 4450 ι

189 4508 223 4579 ἡ
249 4507 369 4570 όδδς
401 4508 435 4577 ή
462 4504 659 4575 ἀγαθὴ,
705 4503 798 4557 καὶ
830 4500 1074 4571 βαδίζετε
1113 4500 1171 4553 ἐν
1192 4498 1349 4569 αὐτῇ,
1383 4495 1478 4549 καὶ
1515 4494 1776 4566 εὑρήσετε

1888 4495 1997 4551 Viae
2023 4494 2293 4565 siquidem
2324 4507 2388 4546 ac
2411 4492 2622 4546 semitae
2644 4489 2886 4556 Domini,
2909 4489 3219 4546 secundum
3244 4488 3480 4561 prophe-

190 4598 463 4669 ἁγνισμὸν
488 4598 607 4659 ταῖς
639 4595 838 4666 ψυχαῖς
859 4590 1032 4664 ὑμῶν.
1077 4609 1096 4642 ι
1142 4589 1284 4642 Ὁδοὶ
1308 4586 1408 4659 μὲν
1439 4585 1549 4656 γὰρ
1573 4584 1776 4655 Κυρίου

1882 4596 2016 4654 tam,
2047 4596 2177 4644 sunt
2203 4586 2483 4640 salutares
2508 4583 2909 4654 prophetarum
2941 4583 3066 4638 libri
3102 4602 3116 4638 :
3147 4583 3243 4638 sed
3277 4583 3322 4637 si
3352 4583 3477 4652 quis

192 4692 286 4746 καὶ
326 4689 528 4763 τρίϐοι,
575 4687 718 4743 κατὰ
757 4686 847 4739 τὸν
905 4684 1216 4757 προφήτην,
1264 4680 1333 4733 τὰ
1378 4679 1620 4750 σωτήρια
1672 4676 1776 4730 τῶν

1883 4680 1968 4739 eis
1997 4680 2242 4734 animum
2261 4676 2616 4749 applicuerit,
2634 4676 2778 4729 viam
2798 4674 3045 4730 inveniet
3060 4675 3287 4734 bonam.
3318 4671 3372 4726 id
3391 4678 3480 4727 est

193 4761 374 4852 ἁγίων
414 4780 709 4853 προφητῶν
751 4778 1180 4849 συγγράμματα·
1226 4772 1343 4827 ἀλλ’
1383 4773 1555 4835 εἴτις
1598 4769 1776 4833 αὐτοῖς

1885 4772 2168 4829 Christum
2190 4810 2206 4835 ,
2239 4785 2336 4842 per
2358 4785 2524 4840 quem
2570 4776 2627 4825 et
2670 4767 2914 4838 perfecta
2954 4764 3324 4823 sanctiﬁcatio
3352 4762 3478 4817 ani-
3531 4761 3538 4775 '

192 4875 284 4928 τὸν
319 4872 448 4927 νοῦν
488 4873 825 4943 ἐπιστήσειε,
864 4870 963 4939 τὴν
995 4868 1114 4922 ὁδὸν
1157 4867 1379 4939 εὑρήσει
1424 4864 1523 4936 τὴν
1548 4862 1776 4934 ἀγαθὴν,

1889 4864 2085 4918 mabus
2109 4862 2319 4918 nostris
2344 4862 2579 4916 inditur.
2603 4858 2985 4917 Justiﬁcamur
3006 4858 3148 4913 enim
3170 4871 3268 4927 per
3291 4854 3477 4919 iidem,

194 4967 339 5023 τοῦτ’
393 4966 511 5020 ἐστι
556 4965 808 5036 Χριστὸν,
857 4963 923 5016 δι’
964 4957 1025 5016 οὗ
1067 4960 1163 5015 καὶ
1204 4961 1235 5014 6
1280 4958 1482 5020 τέλειος
1524 4956 1776 5027 ἁγνισμὸς

1893 4965 1948 5014 et
1977 4956 2177 5013 divinas
2204 4962 2494 5012 consortes
2517 4962 2733 5010 naturae
2760 4953 3046 5009 reddimur
3065 4952 3110 4983 ⁸⁸
3131 4990 3148 5018 ,
3184 4948 3480 5020 participa-

197 5062 317 5125 ταῖς
352 5059 650 5130 ἡμετέραις
692 5056 891 5128 ψυχαῖς
924 5052 1223 5122 ἐγγίνεται.
1273 5047 1641 5119 Δικαιούμεθα
1679 5047 1776 5119 γὰρ

1891 5052 2044 5108 tione
2080 5050 2261 5108 sancti
2297 5049 2565 5120 Spiritus.
2600 5046 2709 5103 Sed
2738 5057 2795 5102 et
2830 5046 2951 5117 ipse
2982 5058 3179 5114 magna
3209 5058 3344 5098 voce
3370 5042 3481 5096 cla-

199 5148 287 5203 διὰ
332 5148 437 5218 τῆς
480 5146 736 5213 πίστεως,
778 5146 872 5198 καὶ
907 5144 1057 5206 θείας
1096 5138 1534 5210 ἀναδεικνύμεθα
1574 5137 1791 5207 φύσεως

202 5242 449 5295 κοινωνοὶ
489 5243 554 5313 τῇ
610 5238 825 5312 μεθέξει
880 5236 974 5291 τοῦ
1019 5235 1174 5305 ἁγίου
1228 5232 1565 5304 Πνεύματος.
1634 5231 1793 5285 Ἀλλὰ

202 5336 295 5389 καὶ
333 5333 496 5397 αὐτὸς
551 5333 581 5386 6
640 5330 1153 5403 μεγαλοφωνότατος
1205 5326 1492 5398 προφήτης
1559 5324 1789 5388 Ἡσαΐας

203 5429 376 5493 οὕτως
409 5429 546 5499 ἡμῖν
566 5426 657 5480 τὸν
678 5424 911 5497 Χριστὸν
937 5423 1280 5494 διεκήρυττε,
1310 5419 1506 5488 λέγων’
1538 5435 1557 5469 ι
1592 5415 1787 5471 Ἔσται

203 5521 319 5574 ἐκεῖ
373 5518 492 5583 ὁδὸς
556 5517 792 5588 καθαρὰ,
842 5516 936 5570 καὶ
983 5514 1099 5579 ὁδὸς
1152 5511 1286 5583 ἁγία
1350 5509 1706 5582 κληθήσεται.
1763 5527 1783 5561 ι

214 5607 372 5667 Ἐκεῖ
389 5610 449 5666 δέ
462 5610 582 5666 ποῦ
604 5624 792 5681 φησιν,
812 5609 868 5663 ἐν
888 5609 1001 5671 τοῖς
1025 5605 1237 5678 χρόνοις
1259 5602 1502 5675 δηλονότι
1525 5601 1625 5672 τῆς
1654 5598 1791 5672 μετὰ

1894 5159 2053 5199 mans
2101 5142 2274 5200 isaias
2322 5143 2591 5214 prepheta
2641 5140 2748 5195 hoc
2793 5137 2959 5193 modo
2995 5135 3158 5190 nobis
3195 5133 3479 5189 Christum

1894 5236 2276 5309 praedicabat:
2339 5254 2358 5286 ι
2392 5233 2510 5288 Erit
2552 5231 2628 5288 ibi
2678 5231 2768 5287 via
2804 5230 3008 5283 munda
3032 5267 3047 5291 ,
3086 5236 3141 5282 et
3164 5225 3250 5281 via
3287 5233 3481 5281 sancta

1896 5328 2189 5384 vocabitur
2218 5329 2286 5383 ⁸ο.
2317 5346 2335 5379 ι
2391 5326 2478 5380 Ibi
2507 5339 2639 5381 vero
2662 5338 2764 5394 pro
2788 5320 3078 5392 aliquando
3109 5320 3310 5385 sumit“,
3342 5328 3482 5375 tem-

1898 5421 2127 5492 poribus
2159 5419 2420 5475 nimirum
2453 5414 2857 5472 incarnationis
2879 5413 3184 5485 Unigeniti.
3208 5410 3310 5467 Via
3333 5412 3481 5467 enim

1899 5512 2062 5568 nobis
2092 5511 2242 5567 facta
2267 5518 2353 5566 est
2378 5524 2513 5581 pura
2542 5516 2595 5562 et
2627 5514 2818 5562 sancta
2837 5546 2852 5573 ,
2884 5522 2981 5577 per
3014 5522 3179 5578 quam
3202 5507 3292 5578 qui
3332 5505 3483 5560 ince~

1898 5603 2073 5669 dunt,
2115 5607 2432 5657 sanctorum
2475 5594 2816 5668 splendidam
2847 5597 3127 5654 civitatem
3159 5612 3223 5651 ac
3253 5595 3479 5652 liberam

273 5785 316 5822 ⁸⁸
371 5789 569 5850 Matth.
626 5806 740 5855 xu,
781 5789 868 5847 9.8.
946 5790 990 5822 ⁸⁷
1033 5787 1277 5844 iTlicss.
1331 5802 1405 5853 ιν,
1446 5783 1632 5840 Η-ίϐ.
1714 5779 1757 5811 ⁸⁸

1880 5793 1994 5835 'cm.
2028 5792 2103 5849 γι,
2156 5775 2242 5833 16.
2321 5776 2365 5810 ⁸ο
2403 5774 2444 5831 11
2483 5773 2628 5834 Petr.
2673 5791 2721 5843 ι,
2758 5774 2811 5833 4.
2849 5777 2893 5810 ⁶⁶
2933 5777 3039 5835 lsa.
3089 5793 3254 5839 xxxv,
3286 5775 3339 5827 8.
