3992 6316
504 244 602 298 187

1492 245 1548 302 S.
1591 246 1870 302 CYRILLI
1905 247 2376 304 ALEXANDRINI
2413 246 2730 304 ARCHIEP.

3642 243 3750 301 188

499 358 802 415 Jerusalem
851 360 1090 418 deﬁnitis
1127 360 1299 418 visuri
1349 371 1478 420 sunt
1529 365 1888 433 temporibus.
1925 363 2066 430 Quin

2189 365 2377 437 ςαρκὸς
2411 363 2719 433 οἰκονομίας
2753 360 2846 415 τοῦ
2885 357 3238 427 Μονογενοῦς.
3284 359 3432 422 Ὁδὸς
3472 359 3579 431 γὰρ
3612 362 3750 431 ἡμῖν

499 455 553 503 et
587 448 703 519 ipse
731 465 924 504 rursus
957 449 1175 507 divinus
1197 451 1488 508 Psalmista
1514 462 1774 522 tanquam
1809 453 1876 507 ad
1903 451 2071 508 Deum

498 538 720 595 Patrem
775 541 892 595 ait:
939 559 956 592 ι
991 539 1187 612 Legem
1237 557 1377 612 pone
1401 543 1554 607 mihi,
1589 543 1838 608 Domine,
1887 543 1943 597 in
1986 544 2074 597 via

499 641 589 687 tua
615 632 678 684 ⁶¹.
707 651 724 683 ι
757 630 921 703 Cupit
971 634 1118 687 enim
1169 633 1377 688 Christi
1429 635 1640 704 legibus
1687 634 1930 697 erudiri,
1965 650 2074 689 non

501 725 760 793 ignorans
809 724 876 777 ad
924 739 1220 795 supernam
1273 725 1551 780 civitatem
1604 741 1663 781 se
1709 742 2072 782 ascensurum

500 816 545 869 si
583 831 678 886 per
707 818 1076 887 evangelicam
1123 817 1427 872 doctrinam
1461 825 1610 873 recta
1653 834 1753 888 per
1791 834 1954 874 omne
1982 819 2076 874 bo-

500 921 631 960 num
665 906 894 961 feratur.
936 907 1162 961 Difﬁcile
1218 923 1324 962 non
1369 917 1454 963 est
1494 908 1602 962 alia
1642 923 1864 978 quoque
1905 909 2076 962 multa

501 1013 568 1051 ex
613 997 893 1067 prophetis
931 998 986 1052 in
1042 999 1280 1052 medium
1323 997 1520 1054 all‘erre
1568 999 1887 1054 testimonia
1916 1039 1932 1066 ,
1982 1012 2078 1068 per

502 1103 625 1156 qua:
649 1088 777 1142 licet
801 1103 1101 1158 agnoscere
1125 1091 1266 1142 viam
1291 1097 1540 1144 sanctam
1571 1088 1757 1146 Jesum
1785 1105 1908 1146 esse
1935 1103 2076 1142 nun-

504 1191 764 1250 cupatum
801 1199 814 1235 :
852 1179 947 1236 sed
976 1196 1083 1234 non
1117 1189 1200 1236 est
1226 1196 1450 1236 necesse
1475 1223 1490 1248 ,
1537 1189 1596 1236 ut
1627 1188 1781 1252 puto,
1811 1181 1882 1236 de
1915 1180 2078 1236 rebus

505 1272 642 1327 adeo
669 1273 968 1343 perspicuis
989 1273 1220 1350 multum
1245 1273 1520 1329 laborare.
1548 1273 1713 1328 Scitis
1743 1288 1875 1343 ergo
1908 1272 2074 1336 viam,

504 1379 601 1433 per
623 1378 788 1433 quam
819 1363 1136 1419 ascenderis
1158 1402 1171 1426 ,
1207 1364 1418 1434 inquit,
1464 1373 1518 1420 et
1554 1365 1661 1435 ipsi
1693 1364 1763 1419 ad
1800 1379 2078 1435 supernas

507 1457 844 1520 mansiones,
873 1455 1013 1509 nihil
1044 1454 1192 1509 aliud
1225 1456 1476 1512 indicans
1504 1470 1666 1526 quam
1692 1455 1930 1527 plurima
1957 1469 2082 1510 esse

503 1562 675 1616 caque
715 1547 980 1617 praeclara
1017 1547 1160 1617 apud
1198 1546 1370 1601 Deum
1405 1561 1470 1601 ac
1504 1546 1723 1602 Patrem
1760 1546 2038 1601 domicilia
2062 1585 2078 1610 ,

504 1647 556 1691 et
597 1639 754 1709 prius
801 1639 1096 1694 ascendam
1148 1639 1366 1706 locum,
1407 1639 1552 1693 viam
1591 1638 1748 1694 vobis
1785 1647 2080 1708 paraturus

2174 455 2365 523 γέγονε
2409 453 2626 525 καθαρὰ
2660 452 2752 506 καὶ
2784 453 2933 522 ἁγία,
2985 451 3051 504 δι’
3088 447 3156 519 ἦς
3204 452 3253 504 οἱ
3298 449 3602 520 βαδίζοντες
3648 450 3751 522 τὴν

2174 546 2432 618 λαμπρὰν
2475 545 2582 599 τῶν
2625 545 2796 614 ἁγίων
2822 543 3136 598 καλλίπολιν
3175 543 3268 596 καὶ
3312 542 3412 612 τὴν
3455 541 3749 612 ἐλευθέραν

2187 636 2541 709 Ἰερουσαλὴμ
2561 638 2618 690 ἐν
2638 639 2750 700 τοῖς
2775 636 3100 706 ὡρισμένοις
3129 633 3349 704 ὄψονται
3379 634 3610 704 χρόνοις.
3639 634 3753 687 Καὶ

2177 730 2338 794 αὐτὸς
2389 730 2444 783 δὲ
2475 729 2636 782 πάλιν
2661 732 2689 783 ὁ
2729 728 3013 790 θεσπέσιος
3043 728 3173 796 ἡμῖν
3203 724 3474 796 Μελῳδὸς,
3499 725 3574 786 ὡς
3613 724 3752 796 πρὸς

2177 823 2308 877 Θεὸν
2342 823 2565 894 Πατέρα
2587 822 2740 892 φησί’
2786 840 2805 873 ι
2847 819 3227 892 Νομοθέτησόν
3256 835 3346 889 με,
3377 817 3570 889 Κύριε,
3600 819 3659 870 ἐν
3685 821 3751 887 τῇ

2176 913 2280 985 ὀδῷ
2314 931 2432 967 σου.
2465 933 2484 965 ι
2528 914 2812 984 Ἐπιθυμεῖ
2837 913 2943 984 γὰρ
2986 913 3097 976 τοῖς
3124 910 3214 965 διὰ
3237 909 3474 982 Χριστοῦ
3502 909 3756 964 παιδεύε-

2180 1007 2304 1060 σθαι
2342 1007 2548 1078 νόμοις,
2571 1007 2673 1060 οὐκ
2705 1005 2978 1076 ἁγνόησας
3005 1021 3089 1068 τις
3119 1004 3202 1057 ὃτι
3232 1003 3327 1057 καὶ⁵
3357 1003 3494 1074 πρὸς
3517 1003 3620 1073 τὴν
3641 1002 3758 1056 ἄνω

2179 1097 2441 1168 βαδιεῖται
2487 1098 2660 1165 πόλιν,
2709 1096 2796 1150 διὰ
2836 1097 2934 1168 τῆς
2992 1093 3353 1164 εὐαηελικῆς
3388 1093 3757 1157 παιδεύσεως,

2180 1191 2300 1242 κατ’
2322 1187 2450 1242 εὐθὺ
2483 1189 2679 1251 παντὸς
2701 1187 2992 1258 ἐρχόμενος
3011 1182 3239 1256 ἀγαθοῦ.
3268 1184 3380 1238 Καὶ
3398 1185 3760 1254 παρενεγκεῖν

2184 1277 2281 1349 μὲν
2311 1278 2372 1330 οὐ
2404 1276 2659 1348 χαλεπὸν,
2689 1277 2782 1330 καὶ
2819 1275 3009 1347 ἐτέρας
3033 1273 3114 1326 ἐτι
3141 1272 3342 1336 πολλὰς
3372 1273 3436 1326 ἐκ
3462 1270 3760 1344 προφητῶν

2185 1369 2510 1441 μαρτυρίας,
2552 1368 2618 1421 δι’
2650 1360 2725 1420 ὧν
2751 1366 2816 1420 ἂν
2845 1365 3114 1435 εἰδείημεν
3145 1363 3261 1417 ὁδὸν
3289 1362 3389 1433 τὴν
3430 1364 3591 1430 άγίαν
3623 1363 3761 1415 ἀπο-

2181 1459 2514 1530 κεκλημένον
2551 1456 2650 1510 ’τὸν
2692 1456 2919 1528 Ἰησοῦν,
2954 1455 3068 1510 ἀλλ’
3101 1455 3274 1520 οὐδὲν,
3295 1450 3470 1524 οἶμαι,
3495 1453 3558 1506 τὸ
3592 1454 3766 1520 ἀναγ-

2183 1553 2335 1606 καῖον
2376 1552 2488 1614 τοῖς
2519 1548 2661 1603 οὕτω
2706 1549 2892 1620 σαφῶς
2925 1548 3281 1619 ἐγκειμένοις,
3321 1549 3402 1610 είς
3437 1545 3625 1616 ὄνησιν
3668 1546 3764 1597 ἐπ-

2185 1641 2547 1712 αγωνίζεσθαι
2571 1641 2794 1712 σφόδρα.
2816 1641 2960 1694 Ἶστε
2996 1638 3180 1693 τοίνυν
3205 1637 3306 1709 τὴν
3325 1636 3464 1703 όδὸν,
3495 1636 3562 1688 δι’
3595 1629 3666 1706 ἧς
3696 1634 3764 1687 ἂν

504 1745 616 1799 quo
660 1730 832 1786 libere
874 1740 929 1787 et
963 1730 1238 1801 intrepide
1267 1731 1480 1786 versari
1519 1729 1573 1784 in
1611 1730 1725 1786 illis
1766 1730 2086 1802 regionibus

2189 1733 2342 1799 ίοιτε,
2379 1733 2514 1803 φησὶ
2536 1774 2552 1800 ,
2595 1734 2689 1787 καὶ
2742 1731 2897 1786 αὐτοὶ
2939 1730 3078 1800 πρὸς
3123 1729 3224 1794 τὰς
3265 1730 3378 1784 ἄνω
3428 1726 3598 1799 μονὰς
3640 1725 3764 1796 (ἠδη

507 1820 756 1889 possitis.
792 1818 956 1877 Scitis
995 1836 1124 1876 vero
1150 1861 1164 1885 ,
1215 1821 1430 1892 inquit,
1485 1822 1762 1877 neminem
1791 1836 1888 1893 per
1917 1822 2084 1877 alium

505 1927 668 1981 quam
716 1927 812 1983 per
862 1929 950 1969 me
988 1928 1160 1968 unum
1192 1928 1256 1968 eo
1290 1914 1589 1969 ascendere
1616 1929 1862 1986 unquam
1897 1929 2082 1986 posse.

505 2005 707 2070 Quare,
753 2005 798 2061 si
842 2007 966 2076 quis
995 2005 1062 2061 ab
1103 2020 1291 2061 amore
1318 2005 1530 2062 Christi
1563 2005 1897 2065 deturbatus
1925 2049 1941 2076 ,
1989 2015 2087 2063 aut

507 2096 753 2166 profanis
804 2112 1003 2153 vocum
1062 2099 1406 2154 novitatibus
1449 2099 1525 2168 ⁸⁸,
1571 2107 1626 2156 et
1664 2100 2086 2172 peregrinorum

505 2190 898 2245 vocabulorum
952 2192 1363 2262 impuritatibus
1417 2193 1810 2264 sycophantias
1866 2192 2085 2263 paranti

507 2281 832 2346 adhaarens,
867 2281 1195 2340 ineﬂ‘abilem
1230 2293 1285 2341 et
1314 2286 1929 2357 incomprehensibilem
1964 2286 2085 2360 ejus

507 2379 761 2427 naturam
799 2374 945 2432 inter
977 2391 1168 2434 servos
1199 2379 1472 2445 collocet,
1521 2389 1618 2435 aut
1658 2380 1890 2438 liberum
1932 2389 1988 2436 et
2019 2397 2087 2436 ex

509 2465 670 2536 767
704 2461 885 2522 Patris
913 2469 1226 2526 substantia
1257 2471 1499 2541 genitum
1533 2469 1775 2528 Verbum
1810 2471 2087 2527 creaturis

507 2559 851 2624 adnumerct,
887 2568 981 2615 aut
1012 2562 1120 2617 alio
1158 2564 1360 2632 quovis
1394 2564 1561 2619 modo
1586 2564 1774 2629 violet,
1820 2564 2086 2636 intelligat

509 2667 569 2706 se
603 2652 746 2706 viam
787 2652 855 2708 ad
891 2669 1130 2725 superna
1163 2657 1476 2713 tendentem
1516 2655 1823 2728 perdidisse
1848 2697 1864 2722 ,
1916 2664 1972 2713 et
2017 2658 2088 2713 ab

510 2743 626 2798 arvi
658 2744 829 2800 sulcis
859 2747 1184 2812 aberrasse,
1218 2757 1280 2804 ut
1318 2763 1348 2802 a
1379 2749 1620 2819 quodam
1654 2749 1924 2818 scriptum
1959 2757 2043 2806 est
2069 2790 2085 2817 ,

509 2841 564 2887 et
609 2847 800 2903 poenas
846 2835 900 2889 in
945 2834 1139 2893 inferis
1181 2837 1512 2908 degentibus
1561 2838 1776 2893 debitas
1817 2837 2085 2894 luiturum

509 2939 654 2981 esse.
698 2927 968 2992 Quocirca
993 2929 1444 3000 sapientissimus
1477 2929 1684 2986 Paulus
1718 2948 1815 2988 eos
1853 2932 1948 3003 qui
1976 2945 2088 3002 prae

510 3017 770 3070 vecordia
804 3019 1002 3073 nolunt
1032 3021 1087 3074 in
1116 3021 1339 3077 Christo
1370 3021 1590 3090 vivere,
1637 3023 1733 3078 sed
1768 3023 1836 3078 ad
1881 3023 2087 3093 legales

2187 1826 2343 1881 τοῦτο
2371 1824 2718 1898 παραδηλῶν,
2749 1825 2843 1879 καὶ
2874 1823 3060 1895 ἕτερον
3093 1821 3266 1887 οὐδὲν,
3288 1821 3322 1891 ἢ
3348 1821 3431 1874 ὅτι
3465 1818 3639 1873 πολλὰ
3666 1819 3763 1889 μὲν

2187 1918 2327 1986 λίαν,
2357 1917 2452 1973 καὶ¹
2489 1917 2739 1988 εὐπρεπῆ
2775 1916 2844 1970 τὰ
2864 1915 3014 1988 παρά
3053 1912 3172 1985 Θεῷ
3201 1913 3294 1966 καὶ
3320 1911 3495 1982 Πατρὶ
3528 1908 3766 1964 καταλύ-

2190 2007 2384 2082 ματα),
2400 2010 2496 2064 καὶ
2518 2009 2682 2063 τόπον
2707 2006 2836 2077 ὐμῖν
2868 2003 3182 2075 παρρησίας
3202 2002 3294 2057 τοῦ
3323 2002 3414 2056 καὶ
3437 2003 3493 2054 ἐν
3533 2000 3766 2061 ἐκείνοις

2185 2099 2438 2171 γενέσθαι
2487 2103 2600 2164 τοῖς
2648 2097 2868 2171 χωρίοις
2928 2094 3234 2166 ἐτοιμάσων
3286 2090 3765 2165 προαναϐἠσομαι.

2187 2191 2334 2261 Πλὴν
2387 2191 2523 2258 ῐστε,
2569 2189 2754 2263 φησιν,
2785 2189 2860 2252 ὡς
2880 2187 2980 2241 οὐκ
3005 2185 3070 2240 ἄν
3105 2202 3188 2248 τις
3212 2183 3261 2237 δι
3313 2182 3503 2254 ἐτέρου
3531 2182 3679 2244 τινὸς
3707 2179 3782 2256 τρ,

2187 2288 2367 2341 ἐκεῖσε
2396 2282 2647 2353 γενέσθαι
2689 2280 2864 2345 λάϐοι,
2892 2279 3032 2350 πλὴν
3049 2278 3114 2331 δι’
3143 2276 3273 2347 ἐμοῦ
3310 2277 3407 2329 καὶ
3452 2273 3634 2346 μόνου.
3660 2274 3768 2325 Οὐ-

2188 2377 2317 2435 κοῦν
2354 2376 2409 2431 εῐ
2430 2393 2514 2440 τις
2536 2374 2759 2429 ἐκπέσοι
2790 2371 2884 2427 τοῦ
2911 2368 3226 2440 ἀγαπᾶσθαι
3256 2367 3406 2440 παρὰ
3442 2363 3704 2438 Χριστοῦ,
3734 2362 3768 2434 ἢ

2189 2470 2437 2542 βεϐήλοις
2463 2467 2842 2538 κενοφωνίαις,
2884 2465 2976 2518 καὶ
3003 2461 3308 2517 ἀλλοκότων
3337 2458 3597 2529 ῥημάτων
3629 2458 3771 2510 ἀκα·

2189 2561 2440 2634 θαρσίαις
2458 2559 2738 2630 προσέχων
2755 2557 3108 2626 συκοφαντεῖν
3129 2551 3390 2624 ἑλομένῳ,
3411 2549 3511 2622 τὴν
3531 2549 3772 2619 ἄρρητον

2188 2653 2353 2709 αὐτοῦ
2377 2653 2472 2706 καὶ
2503 2649 2860 2722 ἁπερινόητον
2904 2647 3064 2717 φύσιν
3091 2645 3167 2709 ὡς
3191 2646 3246 2699 ἐν
3275 2641 3476 2704 δούλοις
3505 2639 3772 2693 κατατάτο

2189 2765 2291 2814 τει,
2325 2746 2559 2808 καὶτοῖς
2610 2741 2924 2812 γενομένοις
2977 2734 3308 2809 καταριθμεῖ
3350 2733 3442 2786 τὸν
3485 2730 3773 2800 ἐλεύθερον

2188 2839 2283 2893 καὶ
2323 2839 2388 2891 ἐκ
2432 2837 2531 2906 τῆς
2577 2833 2765 2897 οὐσίας
2808 2830 2901 2885 τοῦ
2940 2828 3151 2900 Πατρὸς
3184 2825 3512 2897 γεννηθέντα
3558 2821 3768 2890 Λόγον,

2189 2933 2357 3002 ἤγουν
2390 2927 2510 2982 καθ’
2534 2925 2722 2997 έτερόν
2757 2940 2880 2977 τινα
2905 2922 3168 2992 λυπήσειε
3199 2918 3420 2990 τρόπον,
3452 2912 3776 2982 γινωσκέτω

2193 3022 2380 3076 λοιπὸν
2421 3020 2522 3091 τῆς
2559 3019 2696 3089 πρὸς
2723 3017 2783 3071 τὸ
2815 3017 2926 3072 ἄνω
2949 3013 3176 3086 πορείας
3208 3012 3306 3082 τὴν
3337 3007 3453 3062 ὁδὸν
3477 3005 3774 3067 ἀπολέσας,

513 3107 739 3162 umbras
780 3107 1042 3178 redeunt,
1104 3113 1314 3168 alienos
1345 3110 1524 3168 factos
1556 3128 1679 3169 esse
1721 3120 1777 3168 et
1815 3129 1846 3167 a
1883 3113 2088 3170 Christi

2194 3114 2288 3166 καὶ
2307 3109 2720 3182 πεπλανημένος
2743 3108 2840 3178 μὲν
2856 3106 2946 3160 τοῦ
2974 3106 3102 3159 ἰδίου
3116 3102 3382 3174 γεωργίου
3405 3101 3531 3162 τοὺς
3546 3097 3740 3162 ἄξονας
3758 3137 3778 3162 ,

513 3198 690 3266 gratia
720 3199 994 3256 excidisse
1035 3203 1111 3257 ait
1156 3218 1224 3258 ex
1261 3219 1328 3259 eo
1384 3204 1530 3274 quod
1575 3205 1767 3261 volunt
1795 3205 2089 3276 justiﬁcari

2196 3203 2340 3260 κατὰ
2362 3203 2422 3256 τὸ
2455 3201 2744 3273 εἰρημένον
2773 3198 2877 3252 ὑπό
2919 3214 3083 3262 τινος,
3109 3195 3320 3266 ὑφέξων
3352 3191 3408 3246 δὲ
3440 3190 3655 3251 πάντως
3679 3187 3779 3258 τὴν

513 3304 580 3342 ex
647 3289 763 3360 lege
798 3291 862 3345 ⁸³.
905 3289 1380 3358 Quemadmodum
1421 3297 1565 3350 enim
1607 3296 1654 3351 is
1693 3297 1782 3367 qui
1818 3311 1849 3350 a
1880 3297 2010 3352 trita
2038 3306 2089 3352 et

2195 3297 2308 3357 τοῖς
2339 3293 2489 3347 κάτω
2520 3292 2738 3364 μένουσι
2759 3291 3072 3364 πρέπουσαν
3101 3288 3273 3358 δίκην.
3301 3285 3396 3338 Διὰ
3434 3283 3592 3336 τοῦτο
3625 3282 3720 3334 καὶ
3748 3287 3780 3332 ο

513 3390 663 3437 recta
687 3383 775 3438 via
804 3385 1047 3451 excidit,
1079 3388 1289 3442 erroris
1326 3387 1552 3442 omnino
1588 3387 1791 3442 damna
1822 3403 2089 3457 passurus

2201 3385 2509 3456 σοφώτατος
2540 3383 2750 3447 Παῦλος
2773 3383 2900 3446 τοὺς
2936 3380 3348 3453 ἀρνησαμένους
3382 3379 3446 3431 ὲκ
3487 3371 3782 3445 φρενοϐλα-

513 3482 599 3529 est
645 3493 658 3528 :
712 3474 793 3530 sic
841 3477 933 3546 qui
969 3477 1254 3547 repudiata
1285 3477 1728 3548 Christijustitia
1762 3478 2089 3550 evangelicae

2199 3477 2347 3541 ϐείας
2386 3477 2446 3530 τὸ
2484 3477 2543 3529 ὲν
2580 3475 2803 3547 Χριστῷ
2844 3471 3246 3534 πολιτεύεσθαι,
3282 3463 3782 3537 παλινδρομοῦντας

515 3567 954 3624 conversationis
996 3569 1309 3624 doctrinam
1344 3569 1480 3624 nihil
1509 3569 1722 3625 faciunt
1747 3609 1762 3634 ,
1796 3584 2089 3640 supernam

2201 3566 2260 3621 δὲ
2289 3566 2426 3638 πρὸς
2463 3567 2561 3630 τὰς
2591 3568 2655 3619 ὲκ
2685 3565 2850 3635 νόμου
2878 3562 3056 3625 σκιὰς,
3085 3555 3561 3631 ἀπηλλοτριῶσθαί
3613 3569 3782 3624 φησιν

514 3660 793 3715 civitatem
831 3676 940 3716 non
978 3660 1285 3729 videbunt,
1327 3678 1508 3732 neque
1543 3677 1714 3732 porro
1755 3661 1923 3718 etiam
1966 3676 2089 3716 cum

2199 3659 2307 3713 ἀπὸ
2357 3657 2591 3728 Χριστοῦ
2639 3655 2735 3709 καὶ
2777 3655 2876 3725 τῆς
2917 3654 3137 3723 χάριτος
3198 3653 3486 3712 ἐκπεσεῖν,
3540 3647 3630 3700 διὰ
3685 3645 3783 3698 τοῦ

513 3753 723 3807 sanctis
763 3754 967 3810 vivent.
1003 3753 1107 3810 Via
1131 3756 1282 3811 enim
1311 3771 1434 3826 quae
1464 3755 1598 3809 illuc
1623 3753 1798 3820 ducit,
1835 3753 2089 3811 Christus

2197 3749 2536 3805 δικαιοῦσθαι
2559 3747 2735 3816 φιλεῖν
2758 3747 2820 3798 ἐκ
2845 3745 3248 3816 νόμου.”ονπερ
3271 3743 3380 3814 γὰρ
3400 3739 3603 3813 τρόπον
3632 3741 3662 3792 ὁ
3685 3738 3784 3809 τῆς

514 3861 659 3902 unus
694 3855 799 3902 est.
2195 3839 2568 3913 τετριμμένης
2618 3855 2678 3890 τε
2729 3836 2824 3892 καὶ
2862 3837 3073 3901 εὐθείας
3109 3835 3388 3888 ἐκπίπτων
3433 3831 3578 3897 ὀδοῦ,
3616 3831 3688 3885 τὰ
3719 3833 3782 3883 ἐκ

510 3939 606 3993 τοῦ
651 3941 954 3995 πλανᾶσθαι
1004 3941 1220 4002 πάντως
1246 3939 1610 4009 ὐποστήσεται
1655 3937 1846 4009 βλάϐη·
1893 3937 2085 4006 οὕτως,
2125 3936 2298 4008 οἶμαι,
2323 3933 2421 3988 καὶ
2452 3933 2550 4002 οὐχ
2577 3932 2799 4002 ἑτέρως,
2838 3932 2888 3983 οἱ
2925 3929 3024 4002 τὴν
3084 3931 3143 3982 ἐν
3183 3927 3403 4000 Χριστῷ
3432 3923 3783 3993 δικαιοσύνην

514 4034 939 4105 παρωσάμενοι,
993 4033 1088 4086 καὶ
1144 4033 1243 4101 τῆς
1280 4029 1639 4102 εὐαγγελικῆς
1682 4031 1953 4095 πολιτείας
1994 4032 2094 4103 τὴν
2132 4030 2413 4084 παίδευσιν
2455 4029 2513 4082 ὲν
2578 4023 2656 4095 τῷ
2721 4023 2911 4096 μηδενὶ
2959 4021 3285 4085 τεθεικότες,
3322 4020 3420 4091 τὴν
3461 4018 3573 4074 ἄνω
3626 4016 3784 4070 πόλιν

513 4125 612 4178 οὐκ
683 4124 924 4193 ὄψονται,
964 4123 1077 4179 ἁλλ’
1120 4124 1241 4176 οὐδὲ
1279 4125 1389 4186 τοῖς
1427 4122 1603 4192 ἁγίοις
1643 4123 2124 4194 συνδιαιτήσονται.
2177 4120 2325 4184 Ὁδὸς
2363 4119 2472 4192 γὰρ
2513 4120 2547 4190 ἡ
2593 4116 2729 4189 πρὸς
2771 4115 2930 4170 τοῦτο
2998 4115 3319 4186 κομίζουσα,
3361 4111 3519 4184 μόνος
3565 4109 3715 4163 ἐστὶν
3754 4109 3784 4162 ὁ

514 4217 770 4288 Χριστός.
1399 4211 1402 4213 λ

585 4309 726 4377 XIV,
761 4309 887 4378 5,6.
914 4307 1056 4362 Dicit
1077 4309 1124 4363 ei
1159 4307 1386 4364 Thomas
1413 4325 1430 4363 :
1458 4303 2086 4376 Dominemescimus'quo

2260 4297 2430 4367 Λέγει
2462 4291 2621 4358 αὐτῷ
2649 4290 2873 4362 Θωμᾶς·
2913 4293 3034 4345 Οὐκ
3077 4289 3324 4358 οἴδαμεν
3347 4287 3465 4342 ποῦ
3506 4287 3776 4358 ὑπάγεις,

515 4397 688 4464 vadis,
731 4406 780 4451 et
831 4396 1093 4467 quomodo
1131 4414 1412 4466 possumus
1468 4399 1606 4452 viam
1648 4399 1831 4454 scire?
1873 4397 2013 4450 Dicit
2050 4397 2089 4448 ei

2203 4387 2451 4452 καὶπῶς
2487 4385 2735 4453 οἵδαμεν
2779 4384 2894 4450 τὴν
2947 4383 3131 4448 ὀδόν;
3170 4385 3340 4451 Λέγει
3392 4379 3553 4447 αὐτῷ
3589 4386 3623 4435 ὁ
3681 4385 3783 4449 ἰη-

509 4489 676 4544 Jesus
702 4505 720 4542 :
759 4486 872 4560 Ego
917 4505 1034 4542 sum
1070 4490 1187 4556 via,
1229 4499 1277 4544 et
1308 4491 1499 4545 veritas
1527 4531 1541 4556 ,
1585 4501 1637 4545 et
1669 4492 1815 4545 vita:
1859 4499 1909 4545 et
1949 4503 2089 4542 nemo

2203 4479 2374 4543 σοῦς’
2411 4475 2551 4544 Ἐγώ
2577 4477 2694 4543 ειμι
2726 4476 2763 4542 ή
2789 4472 2949 4539 ὁδὸς,
2972 4471 3073 4526 καὶ
3101 4474 3139 4540 ἡ
3163 4472 3433 4540 ἀλήθεια,
3465 4471 3561 4524 καὶ
3579 4473 3617 4539 ἡ
3648 4470 3778 4536 ζωή·

516 4583 657 4636 ,ινειιὶι
692 4579 761 4634 ad
801 4580 1038 4644 Patrem,
1081 4581 1185 4634 nisi
1217 4597 1310 4650 per
1341 4598 1442 4638 me.

2205 4569 2406 4634 οὐδεὶς
2460 4568 2696 4635 ἔρχεται
2761 4565 2910 4634 πρὸς
2978 4563 3086 4619 τὸν
3147 4563 3413 4632 Πατέρα,
3466 4564 3520 4615 εί
3571 4561 3660 4632 μὴ
3712 4561 3783 4614 δι’

2205 4661 2373 4733 ἐμοῦ.

592 4762 874 4817 Christum
920 4761 1038 4816 suis
1081 4761 1371 4834 discipulis
1414 4762 1658 4818 nondum
1701 4768 1888 4831 aperte
1915 4757 2089 4812 dicere

2270 4752 2438 4806 Οὔπω
2493 4749 2792 4823 διαρρήδην
2845 4750 3023 4801 εἰπεῖν
3075 4747 3394 4820 ἐθελήσαντι
3439 4745 3518 4817 τῷ
3566 4743 3786 4816 Χριστῷ

521 4856 794 4910 volentem
831 4854 898 4908 ad
934 4854 1100 4909 cmlos
1133 4871 1192 4911 se
1236 4869 1628 4918 ascensurum,
1665 4861 1717 4906 et
1764 4851 1831 4905 ad
1874 4849 2089 4904 Patrem

2195 4847 2309 4907 τοῖς
2343 4841 2535 4896 ἐαυτοῦ
2578 4840 2867 4912 μαθηταῖς,
2901 4840 2984 4892 ὅτι
3014 4839 3276 4909 βαδιεῖται
3319 4837 3455 4908 πρὸς
3502 4838 3602 4907 τὴν
3649 4837 3783 4899 ἄνω,

522 4947 892 5016 migraturum
918 4987 933 5011 ,
971 4944 1066 5000 sed
1095 4946 1443 5018 aznigmatice
1477 4943 1657 4998 adhuc
1685 4951 1739 4996 ct
1774 4941 1944 4994 multa
1972 4954 2089 4994 cum

2197 4935 2292 4989 καὶ
2341 4931 2682 5004 ἀποδημήσει
2740 4931 2877 5001 πρὸς
2935 4931 3024 4984 τὸν
3069 4930 3324 5001 Πατέρα,
3369 4927 3786 5000 αἰνιγματωδῶς

522 5036 772 5106 emphasi
807 5053 920 5093 rem
949 5039 1354 5111 signiﬁcantem
1382 5036 1622 5090 Thomas
1654 5031 1960 5100 discipulus
1990 5029 2097 5083 sci-

524 5132 779 5195 scitatur,
808 5141 861 5185 ct
882 5137 1299 5201 argumentatur
1329 5121 1734 5196 quodammodo
1759 5129 1970 5174 tantum
1993 5135 2104 5173 non

522 5225 689 5278 etiam
730 5238 931 5294 cogens
977 5223 1215 5276 invitum
1269 5219 1452 5272 dicere
1488 5229 1729 5284 quonam
1763 5213 1984 5266 demum
2034 5211 2107 5265 sit

523 5316 809 5379 abiturus,
845 5325 899 5369 ct
937 5330 1048 5384 quo
1083 5311 1274 5367 tendat
1304 5307 1453 5362 illius
1497 5306 1785 5361 discessus
1825 5303 1950 5360 iter.
1995 5301 2107 5359 Nec

522 5407 669 5462 (nim
705 5409 935 5470 scimus,
964 5403 1162 5472 inquit,
1195 5413 1306 5469 quo
1331 5397 1485 5452 vadis
1519 5415 1532 5452 :
1569 5405 1624 5452 et
1651 5395 1925 5467 quomodo
1960 5396 2105 5449 viam

526 5499 900 5557 sciverimus?
930 5495 990 5548 Et
1024 5507 1152 5547 vero
1189 5491 1411 5545 nimiam
1443 5489 1824 5547 curiositatem
1853 5487 2106 5558 discipuli

2196 5041 2260 5094 γε
2305 5022 2410 5095 μὴν
2457 5022 2536 5075 ἔτι
2591 5023 2685 5075 καὶ
2729 5022 2818 5075 διὰ
2855 5021 3065 5074 πολλῶν
3113 5022 3405 5091 ἐμφάσεων
3447 5021 3508 5074 τὸ
3554 5022 3787 5091 πρᾶγμα

2215 5115 2556 5185 σημαίνοντι,
2613 5109 2978 5183 προσεκόμισε
3033 5111 3130 5183 τὴν
3183 5111 3374 5164 πεῦσιν
3428 5113 3456 5162 ὁ
3517 5109 3785 5180 μαθητής·

2214 5210 2415 5280 Θωμᾶς
2446 5207 2502 5260 δὲ
2518 5200 2776 5278 ἦνοῦτος·
2801 5205 2894 5257 καὶ
2934 5203 3323 5257 συναναπλέκει
3357 5203 3476 5256 τινὰ
3505 5203 3784 5272 λογισμὸν,

2217 5298 2502 5372 μονονουχὶ
2543 5297 2637 5349 καὶ
2677 5295 2775 5364 οὐχ
2816 5294 3008 5347 ἑκόντα
3045 5294 3220 5360 λέγειν
3249 5293 3659 5365 ἐκϐιαζόμενος,
3699 5294 3788 5346 καὶ

2213 5395 2337 5448 ὅποι
2363 5391 2493 5444 ποτὲ
2533 5387 2876 5459 πορεύσεται,
2905 5387 2998 5440 καὶ
3025 5379 3085 5439 οὗ
3118 5387 3218 5457 τῆς
3253 5387 3561 5458 ἀποδημίας
3606 5388 3640 5459 ἡ
3675 5384 3788 5449 ὁδὸς

2216 5482 2567 5538 συντείνεται.
2615 5480 2690 5533 Οὐ
2727 5478 2835 5549 γὰρ
2867 5480 3043 5548 ἴσμεν,
3072 5477 3196 5549 ἔφη,
3233 5477 3336 5530 ποῦ
3373 5479 3626 5548 ὑπάγεις,
3676 5472 3790 5531 εἶτα

642 5690 682 5718 “
723 5685 861 5740 l’sal.
895 5696 1042 5747 xxvi,
1079 5680 1163 5734 ll.
1241 5679 1280 5709 ⁸³
1309 5679 1323 5732 1
1353 5675 1495 5731 Tim.
1521 5692 1595 5742 vr,
1627 5676 1716 5733 20.
1795 5677 1840 5707 ⁸³
1870 5673 2046 5731 Galat.
2081 5691 2132 5740 ν,
2173 5677 2213 5728 ⁵.
