3992 6316
286 295 394 348 189

281 497 582 568 περίεργον
607 495 700 550 τοῦ
731 497 977 568 μαθητοῦ
1009 500 1342 571 παρελαύνει
1374 503 1629 574 Χριστός·
1668 505 1730 556 οὺ
1771 502 1878 575 γὰρ

1337 289 1400 343 ΙΝ
1432 289 1719 345 JOANNIS
1760 287 2214 350 EVANGELIUM
2248 293 2378 351 LIB.
2417 295 2512 352 1X.

280 402 407 468 πῶς
458 403 527 457 ἀν
577 402 851 475 εἰδείημεν
909 404 1006 478 τὴν
1057 407 1214 474 όδόν;
1272 410 1384 463 Καὶ
1435 409 1493 462 τὸ
1532 410 1630 480 μὲν
1678 409 1853 480 σφόδρς

1983 409 2243 470 Christus
2289 415 2547 470 emolitur
2590 433 2602 470 :

3452 299 3559 354 190

2658 431 2759 472 nec
2803 417 2949 472 enim
2990 417 3287 489 respondet
3333 419 3398 473 ad
3442 421 3564 490 ejus

1980 503 2221 570 libitum,
2255 506 2349 562 sed
2383 508 2516 563 illud
2543 523 2658 564 sum
2702 511 3006 579 cognitioni
3034 525 3327 566 reservans
3351 552 3366 575 ,
3398 513 3559 582 quin-

282 588 644 655 ἁποκρίνεταί
677 607 730 642 τι
769 592 907 661 πρὸς
938 592 1075 660 ὅπερ
1105 594 1296 664 ἤθελεν
1330 595 1513 661 αὐτὸς,
1545 596 1662 649 ἀλλ’
1703 598 1853 649 ἐκείνη

1979 592 2089 648 imo
2135 597 2365 667 tempori
2416 599 2794 668 opportuniori
2835 600 3084 654 tribuens
3113 641 3129 668 ,
3175 601 3563 671 percommode

281 683 352 749 τῇ
393 679 498 751 ἰδίᾳ
534 679 732 749 γνώσει
773 685 1035 753 τηρήσας,
1069 684 1164 738 καὶ
1199 687 1375 757 καιρῷ
1419 687 1618 757 μᾶλλον
1658 689 1876 753 ἀναθεὶς

282 771 362 842 τῷ
402 773 839 846 πρεπωδεστέρῳ
878 775 1268 832 διεκκαλύπτει
1309 781 1619 852 χρησίμως,
1649 782 1786 853 ὅπερ
1807 778 1875 853 ἦν

286 863 470 926 αὐτοῖς
514 864 818 932 ἀναγκαῖον
866 869 946 932 εἰς
999 869 1262 940 μάθησιν.·
1320 871 1459 940 Ἐγὼ
1507 873 1688 926 τοίνυν
1732 874 1871 943 εἰμὶ,

287 951 471 1021 φησὶν,
507 954 540 1023 ἡ
582 953 720 1020 ὁδὸς,
765 957 874 1024 ἐγὼ
905 959 936 1027 ἡ
974 959 1220 1028 ἀλήθεια,
1261 960 1371 1030 ἐγὼ
1406 964 1438 1033 ή
1478 962 1610 1034 ζωή.
1647 963 1757 1018 Καὶ
1792 965 1872 1018 ὅτι

287 1040 387 1108 μὲν
418 1042 623 1114 ἀληθὴς
645 1047 774 1117 ’περὶ⁸
802 1048 996 1102 ἑαυτοῦ
1015 1050 1188 1104 ταῦτα
1211 1051 1381 1122 λέγων
1403 1056 1431 1108 ὁ
1449 1055 1674 1126 Κύριος,
1697 1057 1873 1121 οὐδεὶς

283 1134 394 1197 ἂν,
448 1128 623 1201 οἶμαι,
668 1138 775 1192 τῶν
831 1141 1238 1212 εὐφρονούντων
1294 1147 1544 1220 ἐνδοιάσῃ
1628 1149 1870 1208 πώποτε.

283 1222 433 1294 Πλὴν
479 1227 656 1280 ἐκεῖνο
689 1229 799 1282 δεῖν
851 1233 1219 1305 ὑπολαμϐάνω
1258 1237 1490 1309 ζητῆσαι
1521 1241 1869 1312 φιλομαθῶς·

280 1314 376 1366 τοῦ
407 1316 516 1387 γὰρ
539 1318 600 1389 δὴ
621 1321 802 1392 χάριν,
825 1326 1002 1379 καίτοι
1027 1329 1163 1396 φῶς,
1183 1331 1278 1383 καὶ
1297 1333 1479 1402 σοφία,
1508 1335 1600 1388 καὶ
1619 1334 1869 1405 δύναμις,

282 1407 377 1459 καὶ
415 1410 621 1480 ἑτέροις
652 1413 709 1466 δὲ
740 1415 884 1480 ὅσοις
915 1419 1142 1488 ὀνόμασι
1173 1422 1325 1493 παρά
1353 1427 1473 1488 ταῖς
1493 1425 1872 1494 θεοπνεύστοις

279 1499 672 1572 ὠνομασμένος
693 1506 731 1557 Γ
737 1512 958 1576 ραφαῖς,
990 1511 1388 1586 ὲξειλεγμένοις
1405 1516 1595 1590 ὥσπερ
1618 1519 1751 1584 τισὶ,
1775 1521 1870 1574 καὶ

281 1592 417 1644 πολὺ
446 1593 564 1647 λίαν
593 1596 808 1666 ἔχουσιν
827 1599 1159 1682 ὄνταλόγον,
1191 1606 1388 1677 χρῆται
1420 1610 1556 1680 πρὸς
1582 1610 1643 1664 τὸ
1671 1611 1866 1682 παρὸν,

277 1684 396 1739 ὁδὸν
452 1688 673 1754 ἑαυτὸν,
725 1693 818 1746 καὶ
871 1694 1154 1766 ἀλήθειαν,
1199 1699 1291 1752 καὶ
1344 1699 1491 1771 ζωὴν
1526 1703 1862 1768 ἀποκαλῶν;

1975 690 2204 756 exponit
2222 689 2273 742 id
2294 691 2441 759 quod
2461 692 2528 743 ad
2553 690 2908 762 disciplinam
2929 701 3012 748 est
3030 695 3429 749 necessarium.
3451 693 3563 764 Ego

1976 775 2166 846 igitur,
2200 778 2397 848 inquit,
2438 795 2559 834 smn
2593 781 2704 844 via,
2737 796 2837 852 ego
2867 782 3094 848 veritas,
3128 799 3229 853 ego
3257 783 3391 838 vita.
3428 783 3562 849 Quae

1975 867 2196 936 quidem
2227 883 2353 923 vere
2388 867 2456 922 de
2496 870 2679 939 seipso
2717 868 3006 924 Dominum
3037 871 3223 926 dicere
3244 911 3258 934 ,
3293 886 3476 935 neruo,
3500 879 3560 925 ut

1973 972 2120 1022 reor,
2159 973 2330 1014 sanus
2372 959 2428 1014 in
2461 960 2689 1014 dubium
2728 977 2968 1031 unquam
3002 963 3364 1018 revocaverit.
3407 963 3560 1029 Quae-

1973 1048 2207 1104 rendum
2259 1051 2620 1108 nihilominus
2660 1053 2910 1108 studiose
2959 1053 3227 1120 arbitror,
3277 1069 3444 1124 quam
3487 1055 3558 1109 ob

1971 1157 2221 1208 causam,
2254 1159 2380 1199 cum
2413 1146 2529 1209 lux,
2569 1156 2623 1200 et
2657 1146 2969 1216 sapientia,
3009 1157 3066 1202 et
3093 1146 3294 1213 virtus,
3321 1149 3559 1219 aliisque

1972 1234 2290 1290 istiusmodi
2336 1238 2663 1294 nominibus
2694 1240 2837 1308 apud
2879 1239 3198 1310 Scripturas
3228 1241 3444 1298 divinas
3483 1243 3558 1299 sit

1971 1335 2360 1397 nuncupatus,
2411 1330 2634 1385 eximiis
2681 1346 2832 1386 nunc
2887 1333 3056 1387 veluti
3103 1333 3436 1402 quibusdam
3490 1349 3558 1390 ac

1967 1419 2269 1488 praecipuis
2303 1425 2513 1484 utatur,
2556 1421 2800 1490 seipsum
2838 1422 3004 1488 viam,
3043 1432 3098 1478 et
3130 1425 3455 1490 veritatem,
3490 1441 3556 1482 ac

1969 1513 2138 1568 vitam
2171 1513 2488 1568 nominans.
2521 1515 2682 1568 Altus
2710 1513 2884 1579 enim,
2917 1515 3256 1580 utarbitror,
3278 1531 3380 1570 nec
3411 1519 3554 1571 mul-

1970 1612 2086 1659 tum
2115 1607 2393 1676 explicatu
2428 1605 2612 1662 facilis
2639 1613 2727 1662 est
2753 1606 3025 1662 sermonis
3059 1607 3224 1663 istius
3261 1623 3460 1664 sensus
3499 1617 3554 1664 et

1973 1696 2114 1749 ratio
2151 1714 2163 1750 :
2206 1696 2372 1766 768
2407 1695 2581 1750 nihilo
2612 1703 2792 1751 tamen
2821 1696 3006 1752 minus
3046 1696 3114 1750 ad
3153 1697 3305 1751 illum
3339 1705 3425 1754 est
3458 1714 3556 1769 ag-

280 1779 480 1833 Βαθεία
513 1782 622 1853 γὰρ
663 1784 740 1848 ὠς
790 1779 1027 1857 ἐγῷμαι,
1065 1790 1159 1842 καὶ
1193 1791 1252 1843 οὐ
1287 1790 1408 1844 λίαν
1455 1793 1790 1858 εὐκάτοπτος
1832 1797 1853 1865 1“

1974 1786 2350 1857 grediendum.
2379 1785 2568 1841 Dicam
2608 1789 2756 1841 enim
2785 1786 2931 1857 quod
2968 1787 3102 1841 mihi
3131 1788 3280 1843 venit
3315 1789 3372 1842 in
3399 1804 3553 1843 men-

276 1872 370 1925 τοῦ
420 1873 581 1944 λόγου
620 1876 870 1948 δύναμις·
901 1880 1002 1934 οὐκ
1035 1881 1296 1953 ὀκνητέον
1329 1884 1374 1937 δ’
1403 1880 1497 1938 οὖν
1532 1887 1683 1956 ὅμως
1727 1888 1864 1959 πρὸς

275 1964 372 2037 τὴν
421 1968 755 2040 ἐγχείρησιν.
809 1971 948 2042 Ἐρῶ
977 1973 1084 2045 γὰρ
1127 1975 1264 2047 ὅπερ
1295 1977 1375 2040 εἰς
1405 1978 1544 2048 ἐμὴν
1583 1979 1863 2034 ἀναϐαίνει

273 2056 533 2122 διάνοιαν,
576 2063 749 2130 ἐφιεὶς
787 2063 1031 2134 δηλονότι
1072 2067 1140 2120 τὰ
1169 2067 1377 2139 ἀμείνω
1410 2072 1550 2123 νοεῖν
1581 2073 1695 2136 τοῖς
1725 2071 1862 2126 θεω-

275 2153 389 2218 ρεῖν
445 2151 693 2208 εἰωθόσιν
743 2155 1170 2228 ὀξυωπέστερον.
1215 2161 1313 2214 Διά
1359 2162 1525 2231 τριῶν
1572 2165 1862 2236 τοιγαροῦν

276 2244 619 2313 πραγμάτων
672 2250 791 2311 ταῖς
819 2251 932 2304 ἀνω
971 2254 1067 2304 καὶ
1101 2252 1274 2317 θείαις
1303 2255 1702 2324 προσϐαλοῦσιν
1743 2256 1858 2328 [γρ.

270 2335 715 2410 προσϐαλοῦμεν]
744 2341 955 2403 αὐλαῖς,
983 2345 1076 2396 καὶ
1103 2346 1182 2407 είς
1215 2346 1314 2415 τὴν
1346 2344 1455 2398 τῶν
1498 2348 1862 2420 πρωτοτόκων

281 2426 613 2500 Ἐκκλησίαν
643 2433 1051 2503 ἀναϐησόμεθα·
1083 2435 1171 2488 διὰ
1201 2437 1452 2508 πράξεως
1480 2437 1543 2508 δή
1575 2457 1740 2510 φημι,
1760 2439 1861 2508 τῆς

268 2519 410 2574 κατά
444 2523 702 2594 ποικίλην
739 2525 955 2596 ἀρετὴν,
988 2527 1083 2579 καὶ
1110 2526 1348 2592 πίστεως
1369 2530 1467 2599 τῆς
1500 2531 1558 2584 ὲν
1584 2530 1858 2603 ὀρθότητι,

268 2612 361 2665 καὶ
396 2612 615 2677 ἐλπίδος
658 2615 756 2686 τῆς
789 2617 846 2668 ἐν
887 2616 1022 2688 ζωῇ.
1049 2613 1178 2689 Ἆρ’
1218 2613 1312 2672 οῦν
1351 2619 1539 2691 ἕτερος
1582 2622 1714 2691 ἡμῖν
1765 2621 1860 2676 τοῦ

265 2704 526 2759 δύνασθαι
560 2707 784 2762 τοιαῦτα
812 2708 946 2780 δρᾷν
975 2711 1262 2782 γενήσεται
1312 2714 1568 2784 χορηγὸς,
1605 2715 1636 2784 ἢ
1667 2715 1862 2786 πρόξε-

264 2813 374 2860 νος,
427 2797 464 2868 ἢ
507 2799 677 2862 αίτία,
723 2800 754 2870 ἢ
809 2801 1082 2872 πρόφασις
1123 2803 1273 2872 παρὰ
1313 2804 1406 2856 τὸν
1451 2805 1658 2876 Κύριον
1699 2809 1860 2878 ἡμῶν

275 2889 489 2960 Ἰησοῦν
512 2891 602 2944 τὸν
632 2893 899 2962 Χριστόν;
933 2895 1005 2947 Οὐ
1037 2895 1134 2966 μὲν
1159 2891 1272 2949 οῦν.
1305 2896 1396 2968 Μὴ
1439 2898 1548 2969 γάρ
1580 2917 1662 2953 τοι
1696 2900 1860 2971 νομί-

265 2997 390 3050 σῃς.
424 2981 593 3044 Αὐτὸς
623 2987 728 3054 γὰρ
777 2987 909 3055 ἡμῖν
945 2986 1336 3058 νενομοτέθηκε
1379 2989 1447 3042 τὰ
1498 2991 1638 3063 ὑπὲρ
1670 2992 1858 3062 νόμον,

260 3073 429 3136 αὐτὸς
465 3073 706 3140 ὑπέδειξε
740 3076 839 3146 τὴν
869 3077 1008 3142 ὁδὸν,
1034 3079 1100 3150 ἣν
1126 3078 1210 3143 ἂν,
1237 3073 1416 3150 οἶμαι,
1450 3083 1535 3145 τὶς
1557 3084 1740 3148 καλῶς
1773 3087 1853 3149 εἰς

1967 1886 2112 1942 tem,
2168 1877 2461 1948 cogitanda
2501 1879 2762 1933 nimirum
2822 1878 3053 1934 meliora
3110 1879 3430 1950 relinquens
3485 1882 3554 1937 iis

1965 1971 2170 2041 quibus
2214 1972 2427 2026 acutior
2451 1972 2534 2028 vis
2573 1981 2661 2027 cst
2686 1971 2910 2042 ingenii.
2945 1971 3148 2028 Tribus
3183 1973 3353 2044 igitur
3389 1973 3554 2030 rebus

1965 2065 2032 2118 ad
2064 2080 2332 2134 supernas
2366 2080 2431 2119 ac
2467 2063 2686 2119 divinas
2721 2064 3041 2120 mansiones
3072 2064 3370 2130 enitemur,
3402 2075 3458 2120 et
3491 2065 3552 2119 in

1965 2157 2458 2228 primogenitorum
2489 2158 2974 2228 congregationem
3009 2156 3374 2214 ascendemus
3409 2176 3423 2212 :
3455 2174 3553 2228 per

1965 2251 2238 2304 actionem
2267 2251 2483 2306 scilicet
2507 2251 2728 2306 virtutis
2753 2253 2982 2314 variam,
3009 2267 3106 2321 per
3127 2250 3290 2306 ﬁdem
3318 2259 3548 2315 rectam,

1964 2353 2019 2396 et
2053 2358 2205 2413 spem
2233 2343 2377 2397 vitae.
2411 2344 2483 2396 At
2514 2342 2640 2411 quis
2671 2341 2813 2396 alius
2848 2342 3011 2396 nobis
3043 2356 3234 2395 eorum
3268 2339 3550 2396 faciendo-

1963 2452 2085 2490 rum
2114 2437 2360 2506 largitor,
2389 2451 2483 2490 seu
2511 2436 2786 2504 pararius,
2826 2435 2942 2490 sive
2964 2449 3131 2488 causa
3157 2434 3344 2500 fuerit,
3381 2449 3547 2504 quam

1968 2527 2234 2582 Dominus
2259 2538 2447 2582 noster
2475 2527 2637 2582 Jesus
2667 2527 2972 2581 Christus?
3010 2526 3184 2581 Nemo
3217 2542 3372 2582 sane.
3403 2528 3549 2582 Cave

1965 2618 2017 2672 id
2065 2618 2379 2672 existimes.
2435 2616 2556 2686 Ipse
2593 2617 2798 2687 quippe
2832 2617 2991 2670 nobis
3025 2618 3170 2687 leges
3205 2619 3391 2686 posuit
3427 2633 3550 2688 qua:

1965 2719 2096 2767 sunt
2129 2725 2296 2780 supra
2319 2710 2512 2777 legem,
2547 2710 2666 2780 ipse
2683 2710 2825 2763 viam
2856 2710 3208 2773 monstravit,
3235 2723 3398 2778 quam
3422 2725 3548 2778 pro-

1963 2802 2031 2857 be
2071 2802 2342 2856 actionem
2383 2799 2646 2864 virtutis,
2683 2809 2736 2855 et
2774 2800 3071 2854 incitatum
3112 2815 3177 2854 ac
3230 2809 3543 2869 promptum

1964 2891 2021 2946 in
2060 2892 2375 2947 actionibus
2410 2906 2530 2960 quae
2571 2898 2701 2946 sunt
2753 2889 3060 2946 secundum
3103 2890 3381 2946 Christum
3427 2903 3546 2946 stu-

1965 2983 2114 3038 dium
2156 2982 2467 3052 intelligere
2497 2996 2816 3052 possumus.
2848 2981 3020 3052 lgitur
3045 2981 3164 3052 ipse
3193 2990 3278 3036 est
3299 2981 3539 3047 veritas,

1965 3077 2084 3148 ipse
2116 3076 2235 3142 via,
2276 3075 2383 3130 hoc
2414 3081 2532 3140 est,
2567 3090 2700 3129 vera
2736 3073 2856 3128 ﬁdei
2896 3075 3085 3145 regula
3112 3116 3127 3140 ,
3169 3083 3223 3128 et
3251 3073 3543 3144 inculpata:

259 3163 360 3232 τὴν
405 3166 527 3216 κατ’
571 3163 852 3236 ἐνέργειαν
899 3167 1102 3238 ἀρετὴν
1165 3170 1475 3235 ὲκδέξαιτο,
1532 3174 1627 3226 καὶ
1681 3175 1742 3228 τὸ
1792 3178 1848 3231 ἐν

1957 3168 2023 3222 de
2058 3167 2170 3223 Deo
2207 3168 2504 3224 sententia:
2525 3181 2704 3222 canon
2754 3175 2809 3221 et
2851 3166 3114 3222 amussis.
3143 3164 3279 3220 Nam
3328 3166 3374 3222 si
3415 3182 3543 3222 vere

262 3255 498 3327 πράξεσι
525 3260 646 3321 ταῖς
679 3259 819 3312 κατὰ
846 3260 1101 3330 Χριστὸν,
1135 3261 1450 3318 διαϐατικόν
1493 3281 1552 3317 τε
1585 3268 1676 3320 καὶ
1713 3269 1848 3338 πρό-

261 3347 452 3417 θυμον.
488 3346 699 3402 Οὐκοῦν
742 3350 902 3413 αὑτός
940 3353 1088 3405 ἐστιν
1130 3354 1163 3424 ἡ
1205 3353 1452 3425 ἀλήθεια,
1507 3357 1669 3422 αὐτός
1701 3361 1849 3414 ἐστιν

258 3441 290 3509 ἡ
322 3440 461 3504 όδδς,
511 3440 656 3494 τοῦτ’
687 3441 857 3510 ἔστιν,
888 3445 916 3497 ὁ
950 3444 1158 3515 ἀληθὴς
1185 3448 1286 3518 τῆς
1310 3449 1549 3513 πίστεως
1577 3451 1721 3522 ὄρος,
1755 3453 1848 3506 καὶ

257 3532 286 3583 ὁ
308 3531 408 3602 τῆς
441 3532 717 3598 ἀπλανοῦς
753 3537 883 3606 περὶ
913 3536 1048 3590 Θεοῦ
1095 3537 1400 3610 διαλήψεως
1445 3542 1626 3596 κανών
1657 3561 1716 3596 τε
1751 3545 1847 3598 καὶ

260 3623 496 3696 στάθμη.
551 3626 910 3690 Πιστεύοντες
951 3630 1060 3701 γὰρ
1107 3632 1188 3693 είς
1242 3633 1370 3686 Υίὸν
1419 3634 1658 3702 ἀληθῶς.
1700 3635 1844 3689 τοῦτ’

258 3714 423 3779 ἔστιν,
457 3715 518 3780 ἐξ
557 3717 728 3786 αὐτῆς
773 3719 1103 3788 γεννηθέντα
1129 3722 1228 3793 τῆς
1257 3722 1445 3786 οὐσίας
1467 3723 1560 3777 τοῦ
1587 3725 1721 3778 Θεοῦ
1750 3727 1844 3780 καὶ

259 3806 494 3877 Πατρὸς,
533 3809 592 3861 οὐ
633 3808 806 3874 νόθον,
829 3811 888 3863 οὐ
920 3811 1286 3884 ψευδώνυμον,
1320 3815 1435 3868 ἀλλ’
1467 3816 1585 3868 οὐδὲ
1622 3818 1841 3887 κτίσμα,

258 3895 556 3969 ἢποίημα,
595 3899 657 3952 τὸ
689 3901 790 3972 τῆς
833 3902 1068 3973 ἀληθοῦς
1115 3903 1353 3968 πίστεως
1413 3908 1842 3978 περικεισόμεθα

257 3991 541 4064 καύχημα.
586 3994 643 4047 '0
674 3994 783 4064 γὰρ
815 3996 895 4059 εἰς
925 3995 1052 4050 Υἰὸν
1081 3997 1528 4068 παραδεξάμενος
1568 4000 1660 4053 τὸν
1693 4001 1839 4064 Υίὸν,

255 4084 628 4157 διωμολόγηκε
669 4090 888 4148 πάντως
941 4090 1036 4143 καὶ
1091 4089 1182 4143 τὸν
1242 4090 1302 4155 ἐξ
1343 4087 1513 4162 οὗπερ
1561 4094 1699 4157 ἐστὶ,
1749 4095 1843 4147 καὶ

265 4178 485 4248 Πατέρα
514 4178 606 4234 τὸν
629 4180 762 4235 Θεὸν
795 4177 905 4234 οἶδέ
931 4199 991 4235 τε
1041 4182 1132 4235 καὶ
1161 4182 1394 4251 δέξεται.
1427 4185 1596 4248 Αὐτὸς
1623 4203 1843 4256 τοιγαρ-

254 4268 348 4323 οῦν
379 4272 412 4341 ή
439 4271 664 4342 ἀλήθειά
692 4275 860 4339 ἐστιν,
889 4274 1050 4338 αὐτός
1075 4275 1224 4329 ἐστιν
1251 4278 1282 4346 η
1312 4274 1425 4348 ζωή
1447 4293 1461 4307 ο
1500 4278 1560 4330 οὐ
1591 4278 1698 4349 γὰρ
1720 4279 1840 4332 ἓτε-

258 4379 348 4432 ρος
376 4366 512 4434 ἡμῖν
541 4367 980 4438 ἀποκαταστήσει
1020 4368 1118 4438 τὴν
1155 4369 1215 4420 ὲν
1248 4368 1427 4422 ἐλπίσι
1456 4369 1624 4440 ζωὴν,
1655 4370 1752 4442 τὴν
1780 4373 1838 4423 ὲν

256 4455 535 4526 ἀφθαρσίᾳ
572 4456 836 4527 δηλονότι,
868 4461 962 4512 καὶ
988 4460 1373 4531 μακαριότητι,
1415 4462 1508 4514 καὶ
1538 4462 1795 4532 ἁγιασμῷ
1825 4479 1837 4492 ·

1956 3261 2234 3316 credimus
2278 3262 2332 3314 in
2381 3259 2620 3324 Filium,
2665 3259 2720 3313 id
2752 3266 2836 3314 est
2877 3259 2931 3313 in
2966 3274 3093 3313 eum
3133 3259 3226 3328 qui
3257 3274 3324 3313 ex
3354 3257 3446 3313 Dei
3477 3273 3542 3314 ac

1952 3352 2132 3408 Patris
2183 3355 2404 3422 genitus
2454 3361 2538 3409 est
2582 3353 2915 3418 substantia,
2962 3368 3072 3406 non
3115 3352 3387 3422 spurium,
3429 3366 3540 3405 non

1951 3444 2093 3500 falso
2120 3446 2463 3499 nominatum
2485 3485 2501 3508 ,
2541 3445 2638 3500 sed
2674 3461 2854 3514 neque
2885 3451 3204 3498 creaturam
3227 3437 3329 3496 ‘aut
3361 3442 3539 3498 factu-

1949 3553 2064 3591 ram
2107 3552 2250 3591 verae
2282 3536 2400 3590 ﬁdei
2441 3537 2613 3606 gloria
2663 3536 3008 3590 oruabimus.
3039 3533 3176 3588 Nam
3211 3535 3304 3604 qui
3333 3533 3538 3589 Filium

1947 3628 2004 3683 in
2032 3641 2162 3682 vero
2194 3625 2513 3698 signiﬁcatu
2559 3627 2811 3695 ceperit,
2848 3625 3051 3681 fatetur
3080 3627 3272 3696 utique
3308 3637 3364 3680 et
3408 3641 3536 3681 eum

1946 3736 2014 3776 ex
2039 3736 2148 3790 quo
2177 3727 2301 3785 est,
2338 3717 2674 3788 Patremque
2719 3717 2890 3772 Deum
2932 3719 3186 3787 agnoscit
3232 3727 3286 3772 et
3334 3718 3533 3772 credit.

1944 3812 2066 3884 Ipse
2091 3814 2310 3883 itaque,
2345 3811 2554 3867 veritas
2587 3820 2706 3874 est,
2739 3810 2860 3881 ipse
2891 3817 2974 3865 est
3001 3810 3114 3864 vita
3143 3828 3155 3864 :
3192 3824 3355 3864 nemo
3385 3811 3533 3864 enim

1943 3910 2113 3965 vitam
2158 3921 2320 3978 quam
2377 3919 2664 3976 speramus
2705 3904 3121 3974 incorruptione
3169 3903 3432 3958 nimirum
3480 3914 3534 3960 et

1942 3998 2288 4056 beatitudine
2349 4011 2415 4051 ac
2469 3993 2907 4050 sanctiﬁcatione
2962 3999 3308 4048 constantem
3373 3995 3532 4049 nobis

1944 4099 2142 4162 praeter
2177 4105 2300 4145 eum
2341 4089 2600 4144 restituet
2632 4106 2644 4142 :
2692 4087 2813 4156 ipse
2838 4086 2986 4140 enim
3018 4100 3121 4140 nos
3150 4086 3426 4151 suscitat,
3475 4093 3532 4140 et

1944 4184 2036 4254 qui
2067 4182 2265 4236 mortui
2295 4195 2488 4236 sumus
2516 4188 2741 4250 propter
2768 4186 2927 4232 vetus
2959 4177 3342 4241 maledictum,
3373 4179 3442 4232 ad
3475 4177 3528 4232 id

1944 4273 2090 4345 quod
2121 4272 2278 4327 initio
2309 4284 2554 4332 eramus,
2579 4267 2762 4322 denuo
2793 4266 3099 4321 revocabit.
3122 4262 3320 4320 Omnia
3359 4265 3533 4334 igitur

1945 4365 2108 4420 nobis
2139 4363 2194 4417 in
2228 4363 2350 4432 ipso
2371 4399 2387 4424 ,
2417 4369 2472 4414 et
2503 4374 2601 4429 per
2631 4359 2815 4428 ipsum
2846 4357 3111 4426 praeclara
3140 4364 3305 4425 atque
3327 4355 3530 4410 eximia

1944 4467 1998 4514 et
2026 4457 2358 4515 exstiterunt
2383 4453 2520 4522 jam,
2555 4458 2610 4507 et
2643 4465 2812 4522 porro
2845 4450 3165 4505 exslabunt.
3203 4447 3310 4504 Sed
3333 4448 3531 4503 obser-

255 4549 420 4610 αὐτὸς
453 4549 562 4619 γὰρ
595 4551 740 4619 ἡμᾶς
774 4550 998 4620 ἐγείρει,
1025 4553 1118 4605 καὶ
1147 4555 1374 4621 νεκροὺς
1401 4555 1712 4623 γεγονότας,
1751 4556 1840 4610 διὰ

1957 4567 2011 4608 va
2036 4591 2051 4615 ,
2086 4563 2274 4619 quaeso
2296 4587 2310 4612 ,
2350 4560 2516 4616 quam
2572 4552 2699 4614 apte
2739 4543 2804 4597 ad
2837 4543 3183 4612 propositum
3227 4541 3330 4596 ista
3366 4543 3535 4609 perti-

254 4641 351 4712 τὴν
379 4641 616 4714 ἀρχαίαν
664 4645 824 4714 ἀρὰν,
859 4645 1182 4715 ἀνακομίτει
1211 4647 1372 4700 πάλιν
1405 4649 1483 4710 εἰς
1529 4649 1666 4720 ὅπερ
1697 4645 1838 4720 ἦμεν

256 4734 312 4786 ὲν
334 4735 551 4804 ἀρχαῖς.
585 4735 835 4789 Ἀπαντα
855 4735 1036 4790 τοίνυν
1066 4739 1197 4807 ἡμῖν
1225 4739 1282 4790 ὲν
1310 4739 1478 4808 αὐτῷ,
1509 4741 1603 4794 καὶ
1642 4741 1709 4794 δι’
1741 4742 1838 4794 αὒ-

250 4827 347 4882 τοῦ
379 4829 450 4882 τὰ
480 4828 743 4882 κάλλιστά
773 4847 834 4881 τε
864 4830 957 4882 καὶ
999 4829 1252 4899 ἐξαίρετα
1286 4831 1494 4902 πέφηνέ
1523 4850 1582 4885 τε
1616 4834 1716 4906 ἤδη
1744 4835 1838 4887 καὶ

252 4925 568 4994 γενήσεται.
606 4925 714 4977 Καὶ
745 4925 845 4995 ὅρα
874 4942 966 4995 μοι
993 4924 1176 4990 πάλιν,
1214 4926 1380 4997 ὅτιτῇ
1403 4928 1511 4979 τῶν
1537 4930 1837 5000 προκειμέ-

256 5033 358 5068 νων
408 5015 616 5087 θεωρίᾳ
660 5016 793 5069 πολὺ
843 5017 908 5088 δὴ
951 5017 1176 5088 πρέπων
1223 5019 1369 5071 ἐστὶν
1412 5021 1439 5072 ὁ
1473 5021 1842 5092 περὶτούτων

258 5107 434 5177 Λόγος.
481 5108 874 5172 Ἐνδοιάζοντός
927 5125 984 5162 τε
1019 5111 1126 5182 γὰρ
1175 5109 1255 5164 ἔτι
1299 5109 1394 5163 τοῦ
1427 5111 1692 5181 μαθητοῦ,
1749 5115 1846 5168 καὶ

259 5201 562 5270 φάσκοντος
583 5243 597 5268 ,
646 5223 664 5254 ι
697 5203 824 5268 Πῶς
852 5203 1074 5272 οἴδαμεν
1111 5205 1209 5274 τὴν
1241 5204 1388 5270 ὁδόν;
1423 5223 1440 5254 ι
1477 5204 1564 5258 διὰ
1597 5206 1844 5277 βραχέων

257 5293 476 5359 ἔδειξεν,
513 5297 590 5360 ὼς
618 5296 849 5367 ἐπείπερ
883 5295 1073 5348 εἰδεῖεν
1102 5295 1210 5348 τῶν
1249 5297 1330 5360 εἰς
1355 5296 1415 5348 τὸ
1456 5297 1568 5350 ἀνω
1594 5297 1840 5368 διακομί-

257 5386 369 5448 ζειν
413 5387 706 5441 ἐθελόντων
747 5387 968 5456 ἀγαθῶν
1009 5387 1182 5440 αἴτιόν
1228 5405 1287 5440 τε
1319 5388 1412 5441 καὶ
1446 5389 1700 5460 χορηγὸν,
1745 5392 1838 5445 καὶ

257 5479 523 5549 πρύτανιν
558 5479 824 5553 ὑπάρχειν
866 5480 1049 5544 αὐτὸν,
1087 5480 1300 5544 οὐδενὸς
1328 5481 1512 5545 αὐτοῖς
1552 5481 1632 5535 ἔτι
1657 5483 1837 5555 δεήσει

260 5570 393 5640 πρὸς
421 5571 481 5624 τὸ
508 5571 706 5625 εἰδέναι
730 5572 828 5642 τὴν
863 5573 1000 5626 ὁδόν.
1041 5573 1261 5644 Ἐπειδὴ
1295 5573 1351 5628 δὲ
1384 5573 1558 5646 τούτῳ
1597 5577 1835 5647 συνῆπτε

258 5663 334 5722 τὸ,
374 5681 391 5712 ι
434 5661 625 5724 Οὐδεὶς
675 5662 894 5733 ἔρχεται
947 5664 1084 5735 πρὸς
1135 5665 1226 5717 τὸν
1271 5665 1510 5736 Πατέρα,
1557 5668 1603 5719 εἰ
1653 5666 1728 5737 μὴ
1772 5667 1836 5721 δι’

259 5753 408 5824 ἐμοῦ,
449 5774 467 5806 ι
502 5756 635 5826 φέρε
663 5755 726 5824 δή
753 5772 807 5807 τι
855 5757 945 5809 καὶ
978 5757 1112 5825 πρὸς
1144 5757 1275 5812 αὐτὸ
1307 5758 1573 5830 λέγωμεν,
1604 5759 1712 5814 τῶν
1738 5762 1837 5833 ρηη

322 5847 362 5879 ⁸⁸
384 5847 554 5904 chit.
585 5863 696 5914 xix,
726 5848 778 5901 ‘2.

1945 4649 2132 4698 neant.
2180 4637 2506 4707 Ambigente
2534 4635 2738 4706 quippe
2769 4635 3069 4688 etiamnum
3101 4623 3373 4700 discipulo
3406 4670 3421 4692 ,
3465 4645 3534 4686 ac

1941 4738 2175 4796 dicente,
2213 4750 2231 4783 ι
2272 4729 2564 4798 Quomodo
2597 4742 2896 4797 possumus
2928 4727 3075 4782 viam
3107 4724 3298 4780 scire?
3328 4743 3348 4775 ι
3393 4737 3531 4792 pau-

1941 4829 2024 4882 cis
2062 4823 2306 4881 ostendit
2330 4863 2345 4888 ,
2383 4820 2534 4893 quod
2559 4821 2607 4875 si
2632 4823 2841 4876 scirent
2865 4819 3136 4873 bonorum
3167 4829 3293 4884 qua:
3320 4815 3388 4868 ad
3417 4828 3532 4869 ca:-

1942 4920 2026 4974 los
2078 4915 2387 4987 perducunt
2441 4920 2726 4965 auctorem
2760 4915 2835 4964 ‘se
2888 4915 2944 4962 et
3001 4904 3317 4974 largitorem
3361 4910 3530 4972 atque

1945 5010 2356 5067 distributorem
2387 5019 2510 5059 esse
2535 5043 2549 5068 ,
2588 5001 2859 5071 nihiljam
2892 5001 2975 5055 eis
3007 4996 3076 5050 ad
3114 4995 3219 5050 viae
3254 4995 3526 5066 cognitio-

1947 5120 2070 5160 nem
2106 5102 2341 5158 deesset.
2380 5096 2523 5164 Quia
2565 5111 2698 5151 vero
2743 5094 2871 5149 huic
2920 5091 3248 5161 subiunxit,
3299 5109 3318 5141 ‹
3354 5087 3528 5144 Nemo

1945 5196 2097 5252 venit
2130 5193 2197 5248 ad
2231 5192 2450 5246 Patrem
2479 5229 2494 5253 ,
2547 5188 2656 5244 nisi
2709 5201 2804 5256 per
2852 5200 2976 5239 me:
3040 5201 3059 5232 ι
3105 5181 3338 5253 agedum
3371 5189 3426 5236 et
3457 5181 3526 5236 ad

1946 5291 2083 5345 illud
2122 5303 2312 5345 eorum
2360 5299 2483 5356 quae
2531 5283 2638 5338 dici
2681 5281 2884 5335 debent
2910 5276 3168 5348 quiddam
3198 5276 3524 5339 aﬁ'eramus,

1944 5383 2101 5454 prius
2139 5364 2482 5449 inquirentes
2519 5371 2796 5443 quomodo
2827 5371 2894 5425 ad
2935 5369 3152 5424 Patrem
3187 5369 3306 5439 quis
3336 5369 3522 5422 vadat.

1944 5476 2168 5532 Duobus
2191 5475 2358 5544 igitur
2389 5468 2567 5523 modis
2593 5467 2660 5519 ad
2690 5480 2814 5519 eum
2838 5463 3192 5535 pervenimus
3222 5483 3234 5518 :
3269 5463 3522 5518 autenim

1945 5568 2124 5626 sancti
2169 5563 2352 5621 effecti
2399 5566 2671 5630 quantum
2717 5556 2824 5613 fert
2867 5566 3082 5612 natura:
3125 5559 3374 5612 humana:
3407 5569 3524 5609 me-

1944 5659 2213 5718 diocritas
2242 5697 2255 5722 ,
2303 5663 2564 5723 tanquam
2619 5658 2812 5707 sancto
2869 5650 2980 5706 Deo
3027 5651 3519 5721 conglutinamur:

1953 5780 1970 5812 ι
1995 5752 2185 5814 Sancti
2221 5749 2368 5808 cnim
2403 5744 2579 5812 eritis,
2620 5743 2820 5816 inquit,
2856 5744 2984 5816 quia
3012 5757 3110 5814 ego
3133 5749 3356 5799 sanctus
3379 5738 3459 5803 ⁶³;
3496 5755 3518 5790 ι
