3992 6316
503 223 602 278 187

1491 226 1548 283 S.
1590 227 1869 284 CYRILLI
1905 229 2376 286 ALEXANDRINI
2412 228 2730 286 ARCHIEP.

3640 227 3750 285 l88

498 337 800 394 Jerusalem
849 340 1089 398 deﬁnitis
1127 340 1298 399 visuri
1347 353 1477 400 sunt
1528 345 1887 414 temporibus.
1925 345 2066 412 Quin

2189 347 2376 420 ταρκδς
2410 346 2719 416 οἰκονομίας
2753 343 2845 398 τοῦ
2884 341 3238 410 Μονογενοῦς.
3283 342 3431 406 Ὁδὸς
3471 343 3577 414 γάρ
3609 346 3749 414 ἡμῖν

498 435 551 482 et
586 428 702 498 ipse
730 445 923 484 rursus
955 429 1173 488 divinus
1197 433 1486 490 Psalmista
1513 443 1773 504 tanquam
1808 435 1875 488 ad
1902 433 2071 489 Deum

497 517 718 574 Patrem
773 520 890 575 ait:
937 539 954 572 ι
991 520 1185 592 Legem
1236 539 1376 593 pone
1399 525 1552 589 mihi,
1588 525 1837 589 Domine,
1886 525 1941 579 in
1985 527 2072 579 via

498 621 588 666 tua
613 612 677 664 “.
706 631 723 663 ι
755 610 920 682 Cupit
969 614 1116 668 enim
1168 613 1375 670 Christi
1427 616 1638 686 legibus
1685 616 1929 679 erudiri,
1963 632 2072 671 non

501 705 758 772 ignorans
807 704 875 757 ad
923 720 1219 775 supernam
1272 707 1549 762 civitatem
1602 723 1661 763 se
1707 724 2071 765 ascensurum

499 796 544 848 si
581 810 677 865 per
705 798 1075 866 cvangelicam
1121 798 1426 852 doctrinam
1459 807 1608 854 recta
1651 815 1751 870 per
1789 816 1952 856 omne
1981 801 2076 856 bo—

500 901 629 940 num
663 885 893 940 feratur.
934 886 1160 942 Difﬁcile
1216 904 1324 942 non
1367 898 1452 943 est
1492 889 1600 943 alia
1640 905 1863 960 quoque
1904 890 2074 945 multa

499 992 568 1030 ex
611 976 890 1047 prOphetis
929 978 984 1031 in
1040 979 1278 1032 medium
1320 977 1518 1034 aﬂ‘erre
1565 981 1883 1036 testimonia
1915 1021 1930 1047 ,
1979 994 2076 1050 per

501 1082 624 1135 qua:
647 1067 774 1121 licet
800 1082 1099 1138 agnoscere
1123 1071 1264 1122 viam
1289 1079 1539 1125 sanctam
1568 1069 1755 1126 Jesum
1783 1086 1905 1127 esse
1932 1085 2075 1124 nun-

503 1170 762 1229 cupatum
799 1179 812 1214 :
850 1159 946 1216 sed
974 1176 1082 1215 non
1115 1169 1198 1216 est
1225 1177 1448 1217 necesse
1473 1204 1488 1229 ,
1534 1169 1594 1217 ut
1625 1170 1778 1232 puto,
1809 1162 1880 1217 de
1913 1161 2076 1217 rebus

503 1251 640 1306 adeo
666 1253 966 1322 perspicuis
988 1253 1218 1330 multum
1243 1253 1519 1310 laborare.
1545 1255 1711 1310 Scitis
1740 1269 1873 1324 ergo
1905 1254 2072 1319 viam,

502 1358 599 1412 per
621 1357 786 1412 quam
817 1343 1134 1399 ascenderis
1155 1383 1168 1408 ,
1206 1345 1415 1415 inquit,
1461 1354 1516 1400 et
1551 1346 1659 1416 ipsi
1690 1346 1760 1400 ad
1798 1361 2077 1417 supernas

505 1435 842 1499 mansiones,
871 1435 1010 1489 nihil
1042 1434 1190 1490 aliud
1222 1436 1474 1493 indicans
1501 1452 1665 1507 quam
1690 1437 1927 1508 plurima
1955 1451 2080 1492 esse

500 1540 672 1596 caque
713 1526 977 1596 praeclara
1015 1528 1158 1598 apud
1196 1527 1366 1582 Deum
1402 1543 1467 1582 ac
1502 1527 1721 1584 Patrem
1758 1528 2036 1584 domicilia
2060 1568 2075 1594 ,

501 1626 554 1670 et
595 1619 752 1688 prius
798 1619 1093 1673 ascendam
1146 1619 1363 1687 locum,
1405 1620 1549 1674 viam
1588 1620 1746 1675 vobis
1782 1629 2078 1690 paraturus

2173 438 2365 506 γέγονε
2408 435 2626 507 καθαρά
2659 435 2751 489 κα¹ι
2784 436 2932 504 ἀγία,
2984 434 3050 488 δι’
3087 430 3156 503 ἧς
3203 435 3252 487 οἱ
3297 433 3600 504 βαδίζοντες
3646 435 3752 506 τὴν

2173 529 2432 600 λαμπρὰν
2474 528 2581 582 τῶν
2624 528 2796 596 ἁγίων
2821 526 3134 581 καλλίπολιν
3174 527 3267 579 καὶ
3311 525 3411 596 τὴν
3453 525 3750 596 ἐλευθέραν

2186 619 2540 692 Ἰερουσαλὴμ
2559 620 2618 673 ἐν
2637 623 2749 683 τοῖς
2774 619 3098 690 ὡρισμένοις
3127 617 3348 687 ὄψονται
3377 617 3607 688 χρόνοις.
3637 619 3752 671 Καὶ

2175 713 2336 776 αὐτὸς
2387 712 2444 766 δὲ
2474 712 2634 766 πάλιν
2660 715 2688 766 ό
2728 711 3011 773 θεσπέσιος
3042 711 3172 780 ἡμῖν
3202 708 3472 779 Μελῳδὸς,
3497 709 3572 770 ὡς
3611 709 3752 780 πρὸς

2175 805 2306 860 Θεὸν
2341 805 2563 876 Πατέρα
2587 805 2739 876 φησί·
2784 823 2804 856 ι
2846 803 3226 874 Νομοθέτησόν
3255 818 3344 873 με,
3375 801 3568 873 Κύριε,
3597 803 3656 855 ἐν
3682 805 3750 872 τῇ

2174 895 2278 967 ὀδῷ
2313 914 2430 950 σου.
2463 916 2482 948 ι
2527 897 2810 967 Ἐπιθυμεῖ
2835 896 2942 967 γὰρ
2984 897 3096 959 τοῖς
3122 883 3212 948 διὰ
3235 893 3473 966 Χριστοῦ
3500 893 3755 948 παιδεύε-

2178 989 2303 1042 σθαι
2340 989 2546 1060 νόμοις,
2569 990 2672 1043 οὐκ
2703 989 2976 1058 ἀγνόησας
3003 1005 3088 1051 τις
3118 987 3201 1040 ὅτι
3230 986 3326 1040 καὶ
3355 986 3492 1058 πρὸς
3516 987 3617 1057 τὴν
3637 985 3755 1040 ἄνω

2177 1079 2440 1150 βαδιεῖται
2485 1080 2659 1148 πόλιν,
2707 1079 2794 1134 διὰ
2835 1080 2932 1150 τῆς
2991 1077 3351 1148 εὐαΠελικῆς
3386 1077 3754 1142 παιδεύσεως,

2178 1173 2298 1224 κατ’
2320 1170 2449 1224 εὐθὺ
2482 1171 2678 1234 παντὸς
2699 1171 2990 1242 ἐρχόμενος
3009 1166 3238 1238 ἀγαθοῦ.
3267 1168 3378 1222 Καὶ
3396 1169 3758 1238 παρενεγκεῖν

2181 1259 2279 1331 μὲν
2309 1261 2371 1312 οὐ
2403 1258 2657 1330 χαλεπὸν,
2687 1260 2781 1312 καὶ
2817 1258 3008 1330 ἐτέρας
3032 1257 3112 1310 ἔτι
3139 1255 3341 1320 πολλὰς
3371 1257 3435 1310 ἐκ
3460 1255 3759 1328 προφητῶν

2182 1351 2508 1423 μαρτυρίας,
2550 1351 2616 1404 δι’
2648 1343 2724 1404 ὧν
2749 1349 2815 1403 ἂν
2844 1348 3113 1419 εἰδείημεν
3142 1347 3259 1401 ὁδὸν
3287 1347 3387 1417 τὴν
3429 1348 3589 1415 ἁγίαν
3620 1347 3758 1400 ἀπο-

2179 1442 2512 1513 κεκλημένον
2550 1439 2649 1494 τὸν
2690 1439 2916 1512 Ἰησοῦν,
2953 1439 3066 1494 ἀλλ’
3099 1438 3272 1504 οὐδὲν,
3293 1434 3467 1508 οἶμαι,
3493 1437 3554 1490 τὸ
3589 1438 3763 1504 ἀναγ-

2181 1537 2332 1589 καῖον
2374 1536 2488 1598 τοῖς
2517 1532 2659 1586 οὓτω
2704 1532 2891 1604 σαφῶς
2923 1531 3280 1603 ἐγκειμένοις,
3319 1532 3400 1594 είς
3435 1530 3621 1600 ὄνησιν
3663 1529 3761 1581 ἐπ-

2183 1624 2545 1695 αγωνίζεσθαι
2569 1625 2792 1695 σφόδρα.
2814 1625 2959 1677 Ἰστε
2994 1622 3177 1676 τοίνυν
3203 1621 3304 1693 τὴν
3323 1621 3461 1686 ὁδὸν,
3493 1620 3559 1673 δι’
3592 1613 3660 1689 ἦς
3692 1618 3761 1672 ἂν

502 1725 613 1777 quo
657 1709 828 1765 libere
871 1719 927 1766 et
961 1710 1236 1781 intrepide
1266 1711 1477 1767 versari
1516 1710 1570 1766 in
1608 1711 1722 1768 illis
1763 1711 2083 1783 regionibus

2189 1715 2339 1783 ίοιτε,
2376 1716 2550 1787 φησὶ,
2593 1717 2686 1770 καὶ
2739 1715 2896 1770 αὐτοὶ¹
2937 1714 3075 1785 πρὸς
3121 1713 3222 1778 τάς
3263 1714 3376 1768 ἀνω
3426 1711 3594 1783 μονὰς
3636 1709 3762 1782 (ἤδη

504 1799 753 1868 possitis.
789 1798 953 1857 Scitis
993 1816 1122 1856 vero
1147 1841 1162 1866 ,
1211 1801 1427 1872 inquit,
1482 1803 1759 1858 neminem
1788 1818 1885 1874 per
1914 1805 2081 1859 alium

503 1905 665 1960 quam
713 1907 809 1962 per
859 1909 946 1949 me
985 1909 1157 1949 unum
1189 1909 1254 1950 eo
1287 1895 1586 1950 ascendere
1614 1911 1859 1967 unquam
1893 1911 2079 1967 posse.

502 1983 703 2050 Quare,
749 1985 794 2041 si
839 1986 964 2056 quis
992 1986 1059 2041 ab
1099 2001 1288 2042 amore
1316 1986 1527 2043 Christi
1560 1987 1893 2046 deturbatus
1921 2031 1938 2056 ,
1986 1997 2084 2046 aut

504 2075 750 2145 profanis
801 2092 999 2133 vocum
1059 2079 1402 2135 novitatibus
1445 2081 1521 2149 θ’,
1567 2088 1622 2137 ει
1661 2083 2082 2153 peregrinorum

502 2169 896 2225 vocabulorum
949 2172 1359 2242 impuritatibus
1414 2175 1806 2246 sycophantias
1863 2174 2082 2245 paranti

503 2260 792 2318 adhaerens
813 2302 828 2326 ,
863 2261 1193 2321 ineffabilem
1227 2275 1281 2320 et
1311 2267 1926 2338 incomprehensibilem
1961 2267 2082 2342 ejus

503 2359 757 2407 naturam
795 2354 942 2412 inter
974 2371 1164 2414 servos
1195 2359 1468 2425 collocet,
1517 2371 1614 2416 aut
1655 2361 1886 2420 liberum
1929 2370 1985 2418 et
2016 2379 2084 2418 ex

504 2445 666 2516 767
700 2439 881 2503 Patris
909 2449 1222 2506 substantia
1253 2451 1494 2521 genitum
1529 2451 1771 2509 Verbum
1807 2453 2084 2510 creaturis

503 2538 846 2605 adnumerat,
883 2549 977 2595 aut
1007 2542 1116 2597 alio
1154 2544 1357 2612 quovis
1390 2545 1557 2600 modo
1582 2545 1771 2612 violet,
1816 2546 2082 2619 intelligat

504 2646 564 2686 se
599 2632 742 2686 viam
782 2633 851 2688 ad
886 2650 1126 2705 superna
1158 2637 1472 2694 tendentem
1512 2637 1820 2709 perdidisse
1844 2679 1860 2704 ,
1913 2646 1968 2694 et
2013 2640 2084 2696 ab

504 2723 621 2777 arvi
653 2724 825 2780 sulcis
854 2727 1180 2792 aberrasse,
1213 2737 1276 2785 ut
1314 2744 1345 2784 a
1375 2731 1616 2800 quodam
1649 2730 1920 2800 scriptum
1955 2739 2080 2799 est,

504 2822 559 2866 et
603 2827 795 2882 poenas
841 2816 895 2870 in
941 2815 1134 2874 inferis
1176 2818 1507 2890 degentibus
1555 2819 1772 2874 debitas
1813 2819 2081 2875 luiturum

504 2919 649 2960 esse.
693 2907 962 2972 Quocirca
989 2911 1440 2981 sapientissimus
1472 2911 1678 2967 Paulus
1713 2929 1810 2969 eos
1847 2913 1943 2984 qui
1973 2926 2084 2983 pra:

505 2996 766 3050 vecordia
799 2999 998 3054 nolunt
1027 3002 1082 3055 in
1112 3001 1334 3058 Christo
1365 3002 1584 3071 vivere,
1631 3004 1728 3059 sed
1763 3004 1830 3060 ad
1877 3005 2082 3075 legales

2184 1809 2340 1863 τοῦτο
2369 1808 2716 1881 παραδηλῶν,
2746 1809 2841 1863 καὶ
2872 1807 3058 1878 ἕτερον
3091 1805 3263 1871 οὐδὲν,
3287 1805 3320 1876 ἢ
3347 1805 3429 1858 ὅτι
3463 1802 3635 1857 πολλά
3661 1803 3761 1873 μὲν

2183 1901 2325 1969 λίαν,
2355 1901 2450 1956 καὶ
2486 1901 2736 1972 εὐπρεπῆ
2772 1900 2842 1954 τὰ
2861 1899 3012 1972 παρά
3049 1896 3170 1968 Θεῷ
3199 1897 3292 1950 καὶ
3319 1896 3493 1966 Πατρὶ
3526 1893 3763 1948 καταλύ-

2187 1991 2380 2064 ματα),
2397 1993 2493 2047 καὶ
2515 1993 2678 2046 τόπον
2703 1990 2833 2061 ὑμῖν
2865 1987 3179 2059 παρρησίας
3199 1986 3292 2041 τοῦ
3321 1986 3412 2040 καὶ
3435 1987 3492 2038 ἐν
3530 1985 3764 2046 ἐκείνοις

2183 2083 2436 2154 γενέσθαι
2485 2085 2597 2147 τοῖς
2645 2081 2865 2154 χωρίοις
2924 2077 3232 2149 ἐτοιμάσων
3284 2075 3763 2149 προαναϐήσομαι.

2184 2175 2332 2244 Πλὴν
2384 2173 2520 2240 ῐστε,
2565 2173 2750 2246 φησὶν,
2781 2172 2856 2236 ὡς
2877 2171 2976 2224 οὐκ
3001 2169 3066 2224 άν
3103 2186 3185 2232 τις
3209 2167 3259 2222 δι
3311 2166 3500 2239 ἑτέρου
3529 2166 3674 2229 τινὸς
3704 2163 3780 2244 τὲ-

2184 2271 2364 2323 ἐκεῖσε
2392 2265 2643 2336 γενέσθαι
2685 2264 2861 2328 λάϐοι,
2889 2262 3030 2334 πλὴν
3046 2262 3112 2315 δι’
3140 2260 3271 2332 ἐμοῦ
3307 2261 3404 2314 καὶ
3450 2258 3633 2330 μόνου.
3656 2258 3766 2310 Οὐ⁶

2185 2359 2314 2417 κοῦν
2351 2359 2406 2414 εῐ
2427 2376 2511 2424 τις
2532 2357 2756 2412 ἐκπέσοι
2787 2354 2882 2411 τοῦ
2907 2353 3224 2424 ἀγαπᾶσθαι
3254 2351 3404 2424 παρὰ
3439 2347 3700 2422 Χριστοῦ,
3731 2347 3766 2418 ἢ

2186 2452 2433 2525 βεϐήλοις
2459 2450 2839 2522 κενοφωνίαις,
2880 2449 2974 2501 καὶ
3001 2445 3306 2501 ἀλλοκότων
3334 2443 3594 2513 ῥημάτων
3627 2442 3769 2496 ἀκα·

2185 2544 2436 2617 θαρσίαις
2455 2543 2735 2614 προσέχων
2751 2541 3105 2610 συκοφαντεῖν
3127 2536 3387 2608 ἑλομένῳ,
3409 2534 3507 2606 τὴν
3527 2533 3770 2604 ἄρρητον

2184 2635 2349 2691 αὐτοῦ
2373 2636 2468 2690 καὶ
2499 2633 2857 2706 ἀπερινόητον
2901 2631 3062 2702 φύσιν
3089 2629 3164 2694 ὡς
3187 2630 3244 2683 ἐν
3273 2626 3474 2688 δούλοις
3503 2623 3771 2678 κατατάτ-

2184 2747 2287 2796 τει,
2322 2729 2416 2784 καὶ
2441 2729 2554 2790 τοῖς
2605 2724 2920 2794 γενομένοις
2975 2719 3305 2793 καταριθμεῖ
3346 2717 3438 2770 τὸν
3481 2714 3771 2784 ἐλεύθερον

2183 2821 2279 2874 καὶ
2319 2821 2383 2872 ὲκ
2427 2819 2527 2888 τῆς
2573 2815 2760 2879 οὐσίας
2803 2814 2898 2868 τοῦ
2936 2812 3148 2884 Πατρὸς
3181 2809 3508 2881 γεννηθέντα
3555 2806 3767 2875 Λόγον,

2184 2914 2352 2984 ἤγουν
2385 2909 2506 2963 καθ’
2530 2907 2718 2979 ἕτερόν
2753 2923 2876 2960 τινα
2902 2906 3165 2976 λυπήσειε
3196 2902 3417 2974 τρόπον,
3448 2897 3773 2967 γινωσκέτω

2188 3003 2375 3058 λοιπὸν
2417 3002 2518 3073 τῆς
2555 3001 2692 3070 πρὸς
2719 3000 2779 3053 τὺ
2811 2999 2922 3054 ἀνω
2945 2997 3172 3069 πορείας
3204 2997 3302 3066 τὴν
3333 2991 3449 3046 ὁδὸν
3473 2989 3772 3052 ἀπολέσας,

509 3087 734 3143 umbras
775 3087 1038 3158 redeunt,
1099 3093 1309 3150 alienos
1340 3091 1518 3149 factos
1551 3109 1674 3150 esse
1717 3101 1772 3150 et
1810 3109 1840 3148 a
1879 3094 2082 3150 Christi

2189 3095 2284 3148 κα)⁸
2302 3091 2716 3164 πεπλανημένος
2739 3091 2835 3161 μὲν
2851 3089 2943 3143 τοῦ
2971 3089 3099 3142 ἰδίου
3112 3086 3378 3158 γεωργίου
3401 3086 3526 3147 τοὺς
3541 3082 3740 3147 ἄξονας
3757 3122 3775 3147 ,

507 3177 685 3245 gratia
715 3179 990 3236 excidisse
1030 3183 1106 3237 ait
1151 3198 1218 3239 ex
1256 3200 1322 3240 eo
1379 3185 1525 3255 quod
1569 3186 1762 3242 volunt
1790 3186 2084 3257 iustiﬁcari

507 3283 576 3321 ex
642 3268 758 3340 lege
793 3270 858 3325 ⁸³.
900 3269 1374 3338 Quemadmodum
1415 3277 1560 3330 enim
1602 3277 1648 3332 is
1688 3278 1778 3347 qui
1813 3292 1844 3332 a
1875 3277 2004 3332 trita
2033 3286 2087 3333 et

508 3369 658 3416 recta
682 3363 770 3416 via
799 3365 1042 3431 excidit,
1075 3369 1284 3422 erroris
1321 3368 1547 3422 omnino
1583 3368 1785 3423 damna
1817 3383 2085 3438 passurus

507 3461 594 3508 est
639 3472 653 3508 :
707 3453 788 3509 sic
837 3457 928 3526 qui
963 3458 1248 3527 repudiata
1280 3458 1722 3528 Christijustitia
1756 3459 2088 3531 evangelica:

509 3547 949 3604 conversationis
991 3548 1303 3604 doctrinam
1339 3550 1474 3604 nihil
1503 3549 1756 3614 faciunt,
1791 3566 2083 3622 supernam

509 3639 788 3693 civitatem
827 3656 936 3695 non
973 3641 1280 3709 videbunt,
1322 3658 1502 3712 neque
1538 3658 1707 3713 porro
1750 3643 1917 3699 etiam
1959 3658 2084 3698 cum

508 3731 718 3786 sanctis
758 3733 961 3788 vivent.
998 3733 1101 3789 Via
1126 3735 1276 3790 enim
1305 3751 1428 3806 quae
1457 3735 1592 3790 illuc
1616 3735 1791 3802 ducit,
1828 3735 2084 3793 Christus

508 3839 654 3881 unus
689 3833 794 3881 est.

2191 3184 2335 3240 κατά
2356 3185 2417 3238 τὸ
2450 3183 2740 3255 εἰρημένον
2769 3181 2872 3236 ὐπό
2915 3197 3078 3246 τινος,
3105 3179 3316 3249 ὑφέξων
3348 3175 3404 3230 δὲ
3437 3174 3651 3236 πάντως
3674 3172 3776 3244 τὴν

2190 3278 2303 3338 τοῖς
2334 3275 2484 3329 κάτω
2515 3275 2733 3346 μένουσι
2755 3273 3067 3347 πρέπουσαν
3096 3272 3269 3341 δίκην.
3298 3269 3393 3322 Διά
3430 3267 3587 3321 τοῦτο
3619 3267 3716 3319 καὶ
3746 3272 3778 3317 ο

2195 3367 2504 3438 σοφώτατος
2535 3366 2745 3430 Παῦλος
2769 3367 2894 3429 τοὺς
2931 3363 3345 3436 ἀρνησαμένους
3379 3363 3442 3414 ἐκ
3483 3356 3780 3430 φρενοϐλα-

2193 3458 2342 3523 ϐείας
2381 3458 2442 3512 τὸ
2480 3459 2538 3511 ἐν
2576 3457 2798 3530 Χριστῷ
2839 3455 3242 3518 πολιτεύεσθαι,
3279 3447 3780 3522 παλινδρομοῦντας

2195 3549 2255 3603 δὲ
2284 3549 2421 3621 πρὸς
2457 3549 2556 3613 τὰς
2587 3551 2651 3602 ἐκ
2680 3548 2845 3619 νόμου
2873 3546 3052 3609 σκιὰς,
3081 3541 3557 3616 ἀπηλλοτριῶσθαί
3607 3555 3781 3609 φησιν

2192 3641 2301 3695 ἀπὸ
2351 3640 2586 3711 Χριστοῦ
2635 3639 2730 3692 καὶ
2772 3639 2871 3710 τῆς
2913 3638 3133 3708 χάριτος
3194 3637 3483 3698 ἐκπεσεῖν,
3537 3632 3624 3686 διὰ
3681 3631 3781 3684 τοῦ

2191 3731 2530 3787 δικαιοῦσθαι
2555 3729 2731 3799 φιλεῖν
2753 3731 2816 3783 ἐκ
2841 3730 3246 3800 νόμου.⁹⁹ονπερ
3269 3728 3377 3798 γὰρ
3397 3724 3599 3798 τρόπον
3626 3726 3658 3778 ὁ
3680 3723 3782 3794 τῆς

2189 3821 2564 3895 τετριμμένης
2615 3839 2674 3875 τε
2725 3821 2820 3876 καὶ
2858 3821 3070 3886 εὐθείας
3106 3820 3385 3874 ἐκπίπτων
3430 3816 3575 3882 ὁδοῦ,
3611 3816 3682 3870 τὰ
3711 3818 3780 3868 ἐκ

504 3918 600 3972 τοῦ
645 3919 949 3973 πλανᾶσθαι
998 3919 1214 3982 πάντως
1239 3919 1604 3989 ὐποστήσεται
1649 3919 1839 3990 βλάϐη·
1886 3918 2078 3986 οῦτως,
2119 3918 2292 3990 οἶμαι,
2318 3917 2416 3971 καὶ
2447 3917 2545 3986 οὐχ
2573 3916 2796 3986 ἑτέρως,
2835 3917 2885 3968 οἱ
2922 3915 3020 3988 τὴν
3081 3917 3139 3968 ἐν
3181 3913 3400 3986 Χριστῷ
3428 3907 3780 3978 δικαιοσύνην

507 4013 933 4084 παρωσάμενοι,
987 4012 1082 4065 καὶ
1138 4011 1236 4081 τῆς
1273 4010 1632 4082 εὐαγγελικῆς
1674 4011 1947 4076 πολιτείας
1987 4013 2088 4084 τὴν
2127 4013 2409 4067 παίδευσιν
2451 4013 2509 4066 ἐν
2575 4009 2652 4080 τῷ
2717 4009 2908 4081 μηδενὶ
2955 4007 3281 4070 τεθεικότες,
3318 4005 3416 4077 τὴν
3457 4003 3569 4058 ἄνω
3620 4001 3781 4055 πόλιν

506 4104 606 4156 οὐκ
677 4103 918 4172 ὄψονται,
958 4103 1071 4158 ἀλλ’
1115 4103 1234 4157 οὐδὲ
1272 4105 1382 4167 τοῖς
1421 4103 1596 4172 ἁγίοις
1636 4103 2119 4175 συνδιαιτήσονται.

507 4195 764 4267 Χριστός.

2171 4104 2322 4170 Ὁδὸς
2360 4104 2469 4178 γὰρ
2509 4105 2543 4174 ἡ
2589 4101 2724 4174 πρὸς
2767 4100 2926 4155 τοῦτο
2993 4099 3316 4171 κομίζουσα,
3357 4097 3515 4169 μόνος
3560 4095 3708 4148 ἐστὶν
3749 4095 3782 4147 ὁ

578 4289 720 4357 XIV,
755 4289 881 4356 5,6.
907 4287 1049 4341 Dicit
1070 4289 1117 4342 ei
1151 4287 1378 4344 Thomas
1405 4305 1424 4343 :
1453 4284 2082 4359 Dominemescimus'quo

2256 4283 2426 4352 Λέγει
2457 4277 2616 4343 αὐτῷ
2645 4275 2869 4347 Θωμᾶς·
2908 4277 3029 4330 Οὐκ
3073 4275 3320 4342 οἴδαμεν
3343 4273 3461 4327 ποῦ
3502 4273 3772 4344 ὑπάγεις,

507 4376 682 4442 vadis,
725 4385 774 4429 et
825 4375 1086 4446 quomodo
1124 4393 1405 4445 possumus
1463 4379 1600 4432 viam
1643 4380 1825 4434 scire?
1867 4378 2008 4432 Dicit
2045 4380 2094 4432 ei

501 4468 669 4522 Jesus
695 4483 713 4520 :
753 4465 864 4537 Ego
909 4483 1026 4520 sum
1063 4469 1180 4535 via,
1222 4479 1270 4522 et
1301 4472 1493 4525 veritas
1521 4510 1536 4536 ,
1580 4481 1630 4526 et
1663 4472 1808 4526 vita:
1853 4481 1902 4527 et
1943 4488 2091 4526 nemo

509 4561 650 4614 venit
685 4557 754 4612 ad
793 4557 1030 4623 Patrem,
1074 4560 1178 4612 nisi
1211 4575 1303 4629 per
1336 4579 1436 4617 me.

585 4739 866 4795 Christum
913 4738 1031 4794 suis
1075 4739 1366 4810 discipulis
1409 4742 1653 4797 nondum
1695 4751 1882 4814 aperte
1909 4741 2094 4797 dicere

513 4833 785 4887 volentem
822 4831 890 4886 ad
926 4831 1094 4886 caelos
1128 4848 1188 4888 se
1231 4848 1623 4898 ascensurum,
1659 4843 1712 4889 et
1758 4834 1825 4888 ad
1869 4832 2091 4889 Patrem

515 4924 886 4994 migraturum
912 4964 927 4989 ,
965 4921 1061 4977 sed
1090 4923 1437 4994 atnigmatice
1472 4924 1652 4979 adhuc
1680 4935 1733 4979 et
1768 4925 1939 4978 multa
1966 4939 2092 4978 cum

515 5014 765 5085 emphasi
799 5031 914 5071 rem
944 5016 1348 5088 significantem
1376 5015 1616 5070 Thomas
1649 5014 1954 5085 discipulus
1984 5014 2092 5068 sci-

517 5110 773 5174 scitatur,
802 5119 855 5162 et
876 5115 1293 5178 argumentatur
1323 5105 1728 5177 quodammodo
1753 5113 1965 5158 tantum
1987 5120 2098 5158 non

515 5202 683 5255 etiam
724 5215 925 5271 cogens
971 5200 1208 5254 invitum
1263 5199 1446 5255 dicere
1483 5214 1724 5269 quonam
1758 5197 1980 5252 demmn
2029 5197 2102 5250 sit

517 5293 804 5356 abiturus,
839 5301 893 5346 et
931 5308 1042 5362 quo
1077 5292 1268 5348 tcndat
1298 5292 1448 5348 illius
1491 5291 1779 5348 discessus
1819 5289 1944 5344 iter.
1990 5286 2102 5343 Nec

517 5383 665 5438 (nim
701 5384 929 5448 scimus,
958 5385 1156 5454 inquit,
1189 5400 1300 5455 quo
1325 5384 1479 5439 vadis
1513 5401 1528 5438 :
1564 5390 1618 5438 et
1645 5380 1920 5453 quomodo
1955 5380 2100 5434 viam

522 5475 894 5533 sciverimus?
924 5475 984 5529 Et
1018 5492 1146 5531 vero
1183 5477 1406 5532 nimiam
1438 5475 1818 5532 curiositatem
1848 5471 2101 5542 discipuli

637 5666 677 5696 “
717 5663 855 5721 l'sal.
888 5679 1035 5729 xxvi,
1073 5663 1158 5718 ll.

2199 4371 2447 4436 καὶπῶς
2483 4371 2731 4438 οἴδαμεν
2775 4369 2890 4435 τὴν
2943 4366 3126 4432 όδόν;
3166 4369 3336 4437 Λέγει
3388 4365 3547 4432 αὐτῷ
3585 4371 3618 4420 ό
3675 4369 3780 4435 ἰη-

2199 4464 2370 4528 σοῦς·
2407 4460 2546 4529 Ἐγώ
2573 4462 2689 4527 ειμι
2721 4460 2758 4527 ἡ
2784 4457 2944 4524 ὁδὸς,
2968 4456 3069 4510 καὶ
3097 4459 3134 4525 ἡ
3158 4457 3428 4525 ἀλήθεια,
3461 4456 3556 4510 καὶ
3575 4458 3612 4524 ἡ
3643 4455 3774 4522 ζωή·

2201 4554 2401 4619 οὐδεὶς
2455 4552 2691 4620 ἔρχεται
2755 4551 2905 4618 πρὸς
2973 4549 3081 4604 τὸν
3141 4547 3408 4618 Πατέρα,
3461 4549 3515 4601 εὶ
3566 4547 3654 4617 μὴ
3706 4546 3778 4600 δι’

2200 4646 2368 4718 ἐμοῦ.

2265 4737 2433 4790 Οὔπω
2487 4733 2787 4808 διαρρήδην
2840 4735 3019 4786 εἰπεῖν
3070 4732 3389 4804 ἐθελήσαντι
3434 4731 3512 4803 τῷ
3560 4730 3781 4802 Χριστῷ

2191 4831 2304 4892 τοῖς
2338 4826 2530 4881 ἐαυτοῦ
2573 4825 2862 4896 μαθηταῖς,
2896 4825 2978 4878 ὅτι
3008 4824 3271 4894 βαδιεῖται
3313 4823 3450 4895 πρὸς
3497 4823 3596 4892 τὴν
3644 4823 3780 4886 ἄνω,

2192 4921 2286 4974 καὶ
2336 4917 2677 4988 ἀποδημήσει
2735 4917 2872 4986 πρὸς
2929 4916 3019 4969 τὸν
3064 4915 3318 4986 Πατέρα,
3364 4914 3784 4986 αἰνιγματωδῶς

2191 5027 2255 5080 γε
2299 5007 2404 5080 μὴν
2451 5007 2531 5060 ἔτι
2585 5007 2679 5060 καὶ
2725 5007 2813 5060 διὰ
2849 5007 3060 5060 πολλῶν
3108 5008 3399 5077 ἐμφάσεων
3442 5007 3502 5060 τὸ
3549 5009 3782 5077 πρᾶγμα

2210 5100 2550 5170 σημαίνοντι,
2608 5095 2973 5168 προσεκόμισε
3027 5097 3124 5169 τὴν
3179 5096 3368 5150 πεῦσιν
3422 5099 3450 5150 ό
3511 5096 3778 5167 μαθητήςο

2209 5195 2410 5264 Θωμᾶς
2441 5191 2496 5245 δὲ
2513 5187 2580 5263 ἦν
2597 5185 2770 5252 οὗτος·
2795 5191 2890 5242 καὶ
2928 5189 3317 5243 συναναπλέκει
3351 5190 3470 5243 τινὰ
3499 5190 3777 5258 λογισμὸν,

2212 5282 2496 5355 μονονουχὶ
2538 5281 2631 5334 καὶ
2671 5281 2770 5350 οὐχ
2810 5280 3003 5333 ἑκόντα
3039 5280 3214 5347 λέγειν
3243 5279 3652 5352 ἐκϐιαζόμενος,
3693 5281 3781 5334 καὶ

2208 5379 2332 5431 ὅποι
2358 5375 2488 5428 ποτὲ
2526 5373 2871 5443 πορεύσεται,
2899 5373 2992 5426 καὶ
3019 5367 3080 5425 οὗ
3112 5373 3212 5443 τῆς
3247 5375 3555 5444 ἀποδημίας
3599 5376 3633 5446 ἠ
3667 5371 3780 5436 ὁδὸς

2211 5467 2560 5522 συντείνεται.
2609 5465 2684 5518 Οὐ
2721 5463 2829 5535 γὰρ
2861 5465 3038 5535 ἴσμεν,
3067 5464 3191 5535 ἔφη,
3228 5464 3330 5518 ποῦ
3367 5467 3619 5535 ὑπάγεις,
3669 5459 3782 5518 εἶτα

1235 5665 1274 5693 δέ
1304 5664 1319 5718 l
1348 5661 1490 5717 Tim.
1517 5677 1590 5728 γι,
1623 5660 1711 5716 20.
1790 5661 1835 5691 ⁸³
1865 5657 2041 5714 Galat.
2076 5673 2126 5723 v,
2168 5661 2209 5711 ³.
