3992 6316
212 575 514 646 περίεργον
539 567 632 623 τοῦ
665 565 908 638 μαθητοῦ
941 560 1274 634 παρελαύνει
1306 557 1561 630 Χριστός·
1600 555 1661 607 οὐ
1702 552 1810 623 γὰρ

214 662 577 731 ἀποκρίνεταί
611 679 663 714 τι
703 660 841 730 πρὸς
871 659 1009 725 ὅπερ
1038 655 1230 726 ἢθελεν
1264 652 1447 716 αὐτὸς,
1479 649 1594 703 ἀλλ’
1635 649 1813 700 ἐκεῖνο

215 761 288 828 τῇ
328 755 433 826 ἰδίᾳ
469 752 667 823 γνώσει
707 752 970 821 τηρήσας,
1003 747 1098 801 καὶ
1133 745 1310 816 καιρῷ
1355 741 1553 814 μᾶλλον
1593 738 1811 801 ἀναθεὶς

218 827 300 920 τῷ
337 845 776 918 πρεπωδεστέρῳ
815 840 1204 896 διεκκαλύπτει
1245 836 1556 909 χρησίμως,
1587 834 1722 903 ὅπερ
1744 827 1812 902 ἦν

225 941 408 1002 αὐτοῖς
455 939 756 1006 ἀναγκαῖον
805 937 884 998 εἰς
939 932 1196 1004 μάθησιν.
1257 928 1398 998 Ἐγὼ
1446 927 1626 980 τοίνυν
1671 923 1809 993 εἰμὶ,

227 1028 412 1099 φησὶν,
448 1029 481 1098 ἡ
523 1025 661 1090 ὁδὸς,
704 1025 815 1092 ἐγὼ
845 1025 877 1093 ή
915 1022 1161 1092 ἀλήθεια,
1201 1019 1312 1089 ἐγὼ
1346 1021 1379 1090 ὴ
1418 1017 1551 1088 ζωή.
1587 1015 1698 1070 Καὶ
1732 1014 1813 1068 ὃτι

230 1119 329 1188 μὲν
361 1118 565 1187 ἀληθὴς
586 1117 715 1188 περὶ
744 1114 938 1169 ἑαυτοῦ
958 1113 1129 1167 ταῦτα
1152 1113 1324 1182 λέγων
1345 1113 1373 1164 ὁ
1391 1111 1616 1180 Κύριος,
1638 1106 1815 1170 οὐδεὶς

228 1212 339 1275 ἂν,
393 1203 568 1276 οἶμαι,
612 1208 719 1262 τῶν
775 1205 1182 1278 εὐφρονούντων
1239 1203 1489 1274 ὲνδοιάσῃ
1572 1201 1814 1256 πώποτε.

227 1300 379 1371 Πλὴν
426 1302 602 1352 ἐκεῖνο
635 1300 745 1352 δεῖν
796 1299 1165 1369 ὑπολαμϐάνω
1205 1297 1436 1366 ζητῆσαι
1467 1292 1782 1364 φιλομαθῶς
1801 1307 1815 1324 ⁸

229 1391 323 1444 τοῦ
354 1392 464 1462 γὰρ
487 1392 549 1462 δὴ
568 1393 750 1462 χάριν,
773 1393 950 1444 καίτοι
975 1392 1111 1461 φῶς,
1131 1391 1226 1444 καὶ
1245 1390 1428 1459 σοφία,
1457 1389 1548 1443 καὶ
1567 1386 1816 1456 δύναμις,

231 1486 327 1537 καὶ
365 1485 570 1556 ἑτέροις
601 1484 658 1536 δὲ
689 1484 833 1548 ὅσοις
865 1485 1092 1554 ὀνόμασι
1123 1481 1275 1554 παρὰ
1303 1483 1422 1544 ταῖς
1443 1478 1821 1542 θεοπνεύστοις

231 1577 624 1647 ὠνομασμένος
645 1577 909 1646 Γραφαῖς,
941 1575 1340 1646 ὲξειλεγμένοις
1355 1573 1547 1644 ὥσπερ
1570 1569 1702 1634 τισὶ,
1726 1570 1822 1623 καὶ

235 1669 371 1721 πολὺ
398 1669 517 1722 λίαν
547 1669 761 1738 ἔχουσιν
780 1667 1112 1749 δνταιλόγον,
1143 1665 1342 1737 χρῆται
1373 1665 1509 1736 πρὸς
1535 1663 1596 1716 τὸ
1623 1661 1818 1732 παρὸν,

232 1763 352 1817 ὁδὸν
409 1761 628 1826 ἑαυτὸν,
680 1763 772 1816 καὶ
826 1760 1109 1831 ἀλήθειαν,
1154 1759 1246 1812 καὶ
1299 1757 1446 1828 ζωὴν
1481 1752 1816 1816 ἀποκαλῶν;

1265 347 1327 402 ΙΝ
1359 342 1646 402 JOANNIS
1689 334 2141 394 EVANGELIUM
2176 333 2305 390 LIB.
2345 333 2439 388 IX.

211 481 337 545 πῶς
387 479 456 533 ἂν
507 475 781 546 εἰδείημεν
839 471 936 544 τὴν
987 470 1144 534 ὁδόν;
1201 468 1313 522 Kal
1364 466 1423 519 τὸ
1462 464 1559 535 μὲν
1608 459 1811 530 σφόδρα

1940 455 2173 511 Ihristus
2219 452 2476 509 amolitur
2519 467 2531 503 :

3379 315 3485 370 130

2587 463 2688 504 nec
2733 445 2878 501 enim
2918 439 3215 513 respondet
3262 436 3327 491 ad
3371 438 3493 507 ejus

1912 549 2153 611 libitum,
2187 545 2281 602 sed
2315 544 2447 599 illud
2474 556 2589 598 suae
2633 537 2937 608 cognitioni
2965 546 3258 590 reservans
3282 570 3297 592 ,
3330 529 3490 599 quin-

1912 638 2022 693 imo
2068 635 2298 708 tempori
2349 629 2727 704 opportuniori
2767 627 3017 680 tribuens
3046 663 3062 690 ,
3107 617 3495 693 percommode

1911 733 2138 801 exponit
2156 729 2208 783 id
2229 727 2376 798 quod
2396 727 2462 779 ad
2488 723 2843 793 disciplinam
2864 727 2947 775 est
2964 715 3363 772 necessarium.
3386 709 3497 780 Ego

1913 799 2102 891 igitur,
2136 818 2334 888 inquit,
2375 832 2496 870 sum
2530 813 2640 876 via,
2674 827 2774 881 ego
2803 809 3031 872 veritas,
3065 820 3165 875 ego
3193 802 3328 858 vita.
3363 799 3498 866 Quae

1913 910 2134 981 quidem
2165 922 2291 962 vere
2327 905 2394 960 de
2435 903 2617 972 seipso
2654 899 2944 952 Dominum
2975 895 3161 950 dicere
3183 933 3196 955 ,
3233 903 3414 951 nemo,
3438 893 3498 939 ut

1914 1016 2060 1066 reor,
2099 1013 2271 1054 sanus
2312 997 2368 1050 in
2401 995 2630 1049 dubium
2668 1004 2908 1059 unquam
2942 983 3304 1042 revocaverit.
3346 979 3500 1046 Quae-

1914 1092 2150 1148 rendum
2200 1089 2562 1145 nihilominus
2602 1084 2851 1140 studiose
2901 1077 3169 1140 arbitror,
3219 1088 3386 1144 quam
3429 1070 3499 1125 ob

1915 1200 2164 1249 causam,
2198 1197 2324 1238 cum
2357 1183 2474 1244 lux,
2513 1189 2568 1235 et
2601 1175 2876 1247 sapientia
2897 1213 2913 1238 ,
2953 1181 3010 1227 et
3036 1169 3237 1233 virtus,
3265 1167 3502 1236 aliisque

1918 1274 2236 1336 istiusmodi
2283 1272 2608 1330 nominibus
2639 1269 2783 1340 apud
2824 1266 3144 1335 Scripturas
3173 1261 3390 1316 divinas
3428 1258 3503 1314 sit

1917 1376 2308 1439 nuncupatus,
2359 1364 2582 1421 eximiis
2629 1375 2779 1416 nunc
2834 1358 3003 1413 veluti
3051 1352 3384 1425 quibusdam
3437 1364 3504 1404 ac

1917 1459 2219 1534 praecipuis
2251 1464 2462 1519 utatur,
2505 1454 2749 1522 seipsum
2787 1451 2954 1513 viam,
2992 1456 3048 1502 et
3079 1445 3404 1506 veritatem,
3439 1455 3505 1497 ac

1920 1558 2089 1614 vitam
2121 1551 2440 1608 nominans.
2472 1548 2634 1602 Altus
2661 1543 2836 1608 enim,
2868 1538 3207 1600 utarbitror,
3229 1549 3332 1588 nec
3361 1534 3504 1587 mul-

1923 1658 2039 1704 tum
2067 1647 2346 1717 explicatu
2381 1640 2565 1696 facilis
2592 1643 2680 1693 est
2705 1632 2977 1692 sermonis
3011 1630 3176 1685 istius
3214 1641 3413 1682 sensus
3451 1631 3506 1679 et

1927 1740 2069 1795 ratio
2105 1757 2118 1791 :
2160 1734 2326 1806 768
2363 1731 2535 1786 nihilo
2567 1737 2747 1783 tamen
2775 1723 2960 1778 minus
3001 1719 3068 1774 ad
3107 1719 3260 1772 illum
3294 1723 3379 1770 est
3413 1730 3510 1784 ag-

235 1857 438 1909 Βαθεία
470 1855 578 1926 γὰρ
620 1855 696 1918 ὡς
747 1807 985 1924 έγῷμάι,
1022 1807 1116 1906 καί.
1150 1851 1208 1904 οὐ
1243 1807 1364 1902 λίαν
1401 1807 1746 1908 ἐὺκάτοπτος

1940 1827 2308 1902 grediendum.
2336 1822 2525 1878 Dicam
2565 1820 2712 1874 enim
2741 1813 2886 1886 quod
2924 1811 3059 1866 mihi
3087 1807 3237 1864 venit
3271 1808 3328 1860 in
3355 1820 3509 1860 men-

2233 1918 2263 1926 ·ν
2365 1915 2378 1926 ·
2500 1913 2512 1924 υ
2578 1912 2589 1923 ·
2681 1923 2713 1926 ς-
2782 1905 3007 1926 μρΑιειι-..
3069 1901 3385 1926 ..-ιι..,...,...,.
3442 1897 3509 1926 κο

236 1950 330 2004 τοῦ
379 1949 540 2018 λόγου
579 1947 828 2018 δύναμις⁸
860 1947 962 1999 οὐκ
993 1944 1255 2015 ὀκνητέον
1287 1942 1332 1995 δ’
1361 1936 1454 1995 οῦν
1491 1942 1641 2010 ὅμως
1685 1937 1823 2008 πρὸς

236 2043 334 2115 τήν
383 2042 716 2112 ἐγχείρησιν.
769 2039 908 2110 Ἐρῶ
937 2038 1044 2109 γὰρ
1088 2038 1224 2108 ὅπερ
1255 2036 1335 2098 είς
1365 2033 1505 2104 ἐμὴν
1543 2029 1824 2085 ἀναὸαίνει

237 2135 495 2196 διάνοιαν,
538 2134 711 2202 ἐφιεὶς
749 2130 994 2203 δηλονότι
1034 2129 1103 2184 τὰ
1131 2128 1340 2200 ἀμείνω
1372 2127 1512 2179 νοεῖν
1544 2125 1657 2188 τοῖς
1687 2122 1824 2176 θεω-

242 2230 354 2297 ρεῖν
409 2225 658 2280 εἰωθόσιν
707 2223 1134 2291 ὀξυωπέστερον.
1180 2220 1278 2273 Διά
1323 2217 1489 2288 τριῶν
1535 2213 1826 2286 τοιγαροῦν

241 2320 584 2390 πραγμάτων
638 2320 758 2381 ταῖς
785 2319 898 2372 ἄνω
937 2317 1033 2368 καὶ
1067 2313 1240 2377 θείαις
1269 2309 1668 2383 προσϐαλοῦσιν
1710 2307 1825 2379 [γρ.

239 2407 684 2482 προσϐαλοῦμεν]
711 2409 924 2470 αὐλαῖς,
950 2408 1044 2460 καὶ
1071 2408 1150 2468 είς
1182 2406 1282 2475 τὴν
1314 2402 1423 2455 τῶν
1465 2398 1829 2474 πρωτοτόκων

252 2504 582 2575 Ἐκκλησίαν
613 2499 1021 2572 ἀναϐησόμεθα·
1053 2497 1142 2550 διὰ
1171 2495 1422 2567 πράξεως
1451 2493 1513 2562 δή
1544 2508 1709 2561 φημι,
1729 2487 1830 2558 τῆς

241 2597 381 2651 κατά
415 2596 674 2666 ποικίλην
710 2593 927 2664 ἀρετὴν,
959 2591 1054 2644 καὶ
1081 2588 1318 2650 πίστεως
1341 2587 1438 2656 τῆς
1472 2585 1530 2638 ὲν
1555 2583 1829 2653 ὀρθότητι,

241 2689 334 2743 καὶ
370 2687 588 2750 ἐλπίδος
631 2686 730 2756 τῆς
762 2686 819 2737 ὲν
860 2683 996 2753 ζωῇ.
1021 2677 1150 2752 Ἆρ’
1191 2673 1285 2732 οῦν
1323 2676 1512 2746 ἕτερος
1555 2675 1687 2744 ἡμῖν
1739 2669 1833 2726 τοῦ

241 2780 501 2835 δύνασθαι
535 2777 759 2832 τοιαῦτα
787 2777 920 2847 δρᾷν
949 2775 1237 2845 γενήσεται
1287 2769 1544 2840 χορηγὸς,
1580 2768 1612 2836 ἢ
1641 2764 1836 2837 πρόξε-

241 2892 351 2938 νος,
405 2873 442 2944 ἢ
484 2871 654 2934 αἰτία,
700 2869 732 2939 ἢ
787 2868 1059 2940 πρόφασις
1099 2863 1250 2934 παρὰ
1290 2861 1382 2915 τὸν
1427 2859 1634 2931 Κύριον
1676 2857 1836 2930 ήμῶν

255 2966 468 3038 Ἰησοῦν
490 2965 581 3018 τὸν
611 2961 878 3032 Χριστόν;
911 2961 984 3013 UO
1015 2958 1112 3030 μὲν
1138 2951 1251 3010 οῦν.
1282 2955 1375 3024 Μὴ
1417 2952 1528 3023 γάρ
1559 2970 1641 3005 τοι
1674 2949 1839 3021 νομί-

248 3076 371 3130 σῃς.
405 3055 573 3117 Αὐτὸς
603 3059 708 3124 γὰρ
758 3055 890 3122 ἡμῖν
925 3047 1316 3119 νενομοτέθηκε
1359 3046 1428 3098 τὰ
1478 3045 1619 3116 ὑπὲρ
1650 3042 1838 3113 νόμον,

244 3149 412 3212 αὐτὸς
447 3146 689 3212 ὑπέδειξε
722 3145 822 3214 τὴν
851 3143 990 3207 ὁδὸν,
1016 3142 1082 3213 ἣν
1108 3140 1193 3205 ἂν,
1220 3133 1398 3208 οἶμαι,
1432 3138 1517 3200 τὶς
1539 3135 1722 3198 καλῶς
1755 3135 1836 3198 είς

245 3242 345 3310 τὴν
389 3240 511 3292 κατ’
555 3234 837 3307 ἐνέργειαν
883 3231 1086 3303 ἀρετὴν
1149 3228 1460 3292 έκδέξαιτο,
1516 3227 1610 3280 καὶ
1665 3226 1726 3278 τὸ
1776 3227 1833 3278 ἐν

249 3332 484 3405 πράξεσι
512 3333 632 3392 ταῖς
665 3327 806 3382 κατά
832 3325 1088 3396 Χριστὸν,
1122 3319 1436 3376 διαϐατικόν
1479 3335 1539 3372 τε
1571 3319 1663 3372 xal
1698 3317 1834 3388 πρό-

249 3426 442 3495 θυμον.
477 3417 687 3477 Οὐκοῦν
729 3418 890 3481 αὑτός
928 3419 1076 3469 ἐστιν
1118 3416 1152 3485 ἡ
1193 3412 1440 3484 ἀλήθεια,
1495 3411 1657 3474 αὐτός
1690 3411 1836 3462 ἐστιν

249 3520 280 3588 ἡ
312 3517 452 3580 ὁδὸς,
501 3513 646 3568 τοῦτ’
677 3511 847 3577 ἔστιν,
878 3513 906 3565 ὁ
939 3507 1148 3579 ἀληθὴς
1174 3509 1276 3578 τῆς
1299 3506 1538 3567 πίστεως
1566 3505 1711 3574 ὅρος,
1745 3501 1838 3555 καὶ

250 3611 278 3662 ὁ
300 3609 400 3679 τῆς
433 3604 707 3668 ἀπλανοῦς
745 3604 874 3674 περὶ
905 3601 1039 3655 Θεοῦ
1086 3600 1391 3670 διαλήψεως
1436 3596 1617 3650 κανών
1649 3612 1708 3648 τε
1742 3593 1838 3647 καὶ

254 3700 490 3771 στάθμη,
544 3696 903 3757 Πιστεῦοντες
943 3695 1054 3766 γὰρ
1101 3694 1181 3755 είς
1234 3692 1362 3744 Υίὸν
1413 3687 1652 3758 ἀληθῶς,
1693 3685 1836 3739 τοῦτ’

255 3793 420 3855 ἔστιν,
453 3790 515 3854 ἐξ
553 3788 722 3858 αὐτῆς
768 3785 1098 3856 γεννηθέντα
1123 3784 1223 3854 τῆς
1252 3780 1439 3843 οὐσίας
1462 3778 1556 3832 τοῦ
1582 3775 1716 3830 Θεοῦ
1746 3776 1840 3830 καὶ

257 3883 492 3954 Πατρὺς,
531 3882 590 3934 οὐ
630 3878 802 3942 νόθον,
826 3878 885 3931 οὐ
917 3875 1283 3948 ψευδώνυμον,
1317 3871 1431 3926 ἀλλ’
1464 3870 1583 3924 οὐδὲ
1619 3868 1838 3937 κτίσμα,

257 3974 291 4044 ἢ
319 3973 554 4044 ποίημα,
594 3971 656 4025 τὸ
688 3972 789 4042 τῆς
831 3967 1066 4039 ἀληθοῦς
1115 3965 1352 4026 πίστεως
1412 3957 1841 4032 περικεισόμεθα

257 4068 542 4139 καύχημα.
586 4067 643 4119 '0
674 4064 784 4134 γὰρ
816 4064 896 4126 εἰς
926 4060 1052 4114 Υἱὸν
1082 4055 1528 4129 παραδεξάμενος
1568 4053 1660 4106 τὸν
1692 4051 1840 4113 Υίὸν,

258 4161 630 4232 διωμολόγηκε
672 4159 891 4216 πάντως
943 4155 1038 4207 καὶ
1093 4151 1184 4205 τὸν
1244 4149 1304 4214 ἐξ
1345 4144 1516 4218 οὗπερ
1563 4146 1702 4208 ἐστὶ,
1751 4144 1846 4196 καὶ

269 4254 489 4324 Πατέρα
519 4251 610 4306 τὸν
634 4251 766 4304 Θεὸν
800 4245 910 4302 οἵδέ
935 4264 996 4300 τε
1045 4245 1137 4298 καὶ
1165 4243 1399 4310 δέξεται.
1432 4239 1599 4302 Αὐτὸς
1627 4253 1847 4306 τοιγαρ-

262 4346 354 4401 οῦν
385 4349 419 4416 ὴ
445 4345 670 4415 ἁλήθειά
698 4346 867 4407 ἐστιν,
895 4338 1056 4402 αὑτός
1081 4339 1230 4390 ἐστιν
1257 4338 1289 4405 ἡ
1319 4332 1431 4404 ζωή
1454 4349 1467 4363 ο
1505 4332 1566 4384 οὐ
1597 4331 1704 4401 γὰρ
1726 4331 1847 4382 ἓτε-

267 4459 356 4511 ρος
385 4441 521 4510 ήμῖν
549 4434 989 4504 ἀποκαταστήσει
1028 4431 1126 4501 τὴν
1165 4430 1223 4482 ἐν
1256 4426 1436 4481 ἐλπίσι
1464 4423 1632 4494 ζωὴν,
1662 4421 1760 4492 τὴν
1789 4422 1846 4472 ὲν

266 4530 545 4602 ἀφθαρσίᾳ
582 4528 848 4599 δηλονότι,
878 4525 972 4578 καὶ
998 4520 1383 4593 μακαριότητι,
1425 4517 1518 4569 καὶ
1548 4511 1804 4583 ἁγιασμῷ
1834 4527 1847 4540 ·

268 4626 432 4686 αὐτὸς
465 4623 574 4694 γὰρ
606 4621 752 4691 ἡμᾶς
785 4617 1010 4687 ἐγείρει,
1037 4615 1130 4668 καὶ
1158 4613 1385 4681 νεκροὺς
1412 4609 1724 4679 γεγονότας,
1763 4605 1851 4659 διὰ
1884 4606 1926 4660 D
1957 4613 2022 4653 va
2048 4635 2062 4660 ,
2097 4603 2286 4662 (103330
2307 4626 2321 4651 ν

267 4720 365 4790 τὴν
393 4715 629 4789 ἀρχαίαν
677 4714 837 4784 ἀρὰν,
872 4709 1195 4779 ἀνακομίτει
1225 4707 1386 4759 πάλιν
1419 4705 1497 4765 είς
1543 4703 1680 4772 ὅπερ
1710 4696 1851 4771 ἦμεν

271 4813 328 4866 ὲν
349 4811 567 4882 ἀρχαῖς.
600 4807 850 4859 Ἀπαντα
870 4802 1051 4856 τοίνυν
1081 4802 1212 4870 ἡμῖν
1241 4799 1297 4850 ὲν
1325 4795 1494 4864 αὐτῷ,
1525 4794 1619 4847 καὶ
1658 4793 1724 4845 δι’
1757 4791 1854 4843 αῦ-

267 4906 364 4961 τοῦ
397 4905 466 4958 τὰ
498 4900 760 4955 κάλλιστά
791 4915 850 4950 τε
881 4896 974 4949 καὶ
1017 4893 1270 4962 ἐξαίρετα
1303 4887 1512 4958 πέφηνέ
1539 4904 1599 4939 τε
1633 4886 1734 4957 ἤδη
1760 4884 1856 4936 καὶ

269 5002 587 5073 γενήσεται.
624 4996 733 5049 Καὶ
763 4995 864 5064 ὅρα
893 5008 985 5062 μοι
1012 4987 1196 5052 πάλιν,
1233 4986 1400 5054 ὅτιτῇ
1422 4983 1530 5035 τῶν
1556 4979 1856 5053 προκειμέ-

276 5071 380 5148 νων
429 5090 637 5160 θεωρίᾳ
681 5087 814 5140 πολὺ
863 5084 929 5155 δὴ
971 5081 1196 5152 πρέπων
1244 5077 1390 5130 ἐστὶν
1432 5077 1460 5128 ὁ
1494 5071 1863 5146 περὶτούτων

279 5187 456 5254 Λόγος.
504 5178 897 5243 Ἐνδοιάζοντός
948 5191 1007 5228 τε
1042 5173 1149 5244 γὰρ
1197 5170 1277 5223 ἔτι
1321 5166 1416 5221 τοῦ
1450 5165 1715 5238 μαθητοῦ,
1771 5163 1869 5217 καὶ

282 5280 586 5350 φάσκοντος
608 5316 622 5340 ,
670 5295 688 5326 ‹
721 5272 847 5335 Πῶς
876 5270 1098 5337 οἴδαμεν
1135 5265 1234 5336 τὴν
1265 5262 1413 5327 ὁδόν;
1448 5279 1465 5310 ι
1502 5259 1589 5313 διὰ
1621 5257 1868 5329 βραχέων

281 5347 504 5435 ἔδειξεν,
540 5369 615 5432 ὼς
645 5365 875 5435 ἐπείπερ
909 5361 1100 5414 εἰδεῖεν
1128 5356 1236 5410 τῶν
1275 5356 1357 5418 εἰς
1380 5353 1441 5405 τὸ
1483 5352 1594 5406 ἄνω
1621 5347 1867 5418 διακομί-

283 5466 396 5528 ζειν
441 5459 734 5514 ἐθελόντων
775 5453 996 5524 ἀγαθῶν
1037 5448 1210 5503 αἴτιόν
1257 5463 1316 5499 τε
1347 5444 1441 5498 καὶ
1474 5441 1728 5515 χορηγὸν,
1772 5440 1867 5494 καὶ

284 5556 552 5627 πρύτανιν
589 5551 854 5623 ὑπάρχειν
896 5545 1079 5607 αὑτὸν,
1116 5539 1330 5602 οὐδενὸς
1359 5538 1542 5600 αὐτοῖς
1582 5534 1662 5588 ἔτι
1687 5534 1867 5604 δεήσει

288 5647 423 5719 πρὸς
451 5646 512 5699 τὸ
539 5643 739 5696 εἰδέναι
761 5641 860 5712 τὴν
895 5638 1032 5692 ὁδόν.
1072 5632 1293 5704 Ἐπειδὴ
1326 5631 1382 5686 δὲ
1415 5629 1590 5699 τούτῳ
1630 5627 1867 5698 συνῆπτε

289 5716 366 5801 τό,
406 5759 424 5789 ι
466 5736 658 5796 Οὐδεὶς
708 5732 928 5802 ἔρχεται
980 5727 1117 5799 πρὸς
1169 5725 1259 5779 τὸν
1305 5722 1544 5791 Πατέρα,
1591 5721 1638 5772 εἰ
1688 5716 1762 5788 μὴ
1805 5717 1870 5769 δι’

291 5831 442 5903 ἐμοῦ,
483 5849 502 5881 ι
536 5829 671 5899 φέρε
699 5825 762 5894 δή
789 5841 842 5876 τι
891 5822 980 5876 καὶ
1014 5820 1147 5889 πρὸς
1179 5817 1310 5872 αὐτὸ
1342 5815 1609 5885 λέγωμεν,
1639 5810 1748 5866 τῶν
1775 5812 1873 5881 ρη-

355 5926 398 5957 ⁶⁵
420 5923 591 5978 chit.
622 5935 733 5984 xix,
763 5918 816 5970 2.

1926 1932 2070 1986 tem,
2127 1915 2420 1990 cogitanda
2459 1912 2720 1967 nimirum
2781 1905 3012 1962 meliora
3068 1901 3388 1970 relinquens
3442 1897 3512 1952 iis

1925 2016 2130 2086 quibus
2175 1989 2387 2066 acutior
2412 2007 2493 2062 vis
2534 2014 2621 2060 est
2645 2001 2870 2071 ingenii.
2905 1997 3108 2052 Tribus
3143 1995 3312 2066 igitur
3348 1989 3514 2045 rebus

1927 2109 1995 2164 ad
2026 2121 2295 2176 supernas
2329 2118 2393 2156 ac
2429 2098 2648 2154 divinas
2683 2091 3003 2148 mansiones
3033 2086 3331 2148 enitemur,
3364 2091 3419 2137 et
3453 2080 3514 2134 in

1928 2198 2422 2272 primogenitorum
2453 2187 2938 2261 congregationem
2973 2177 3338 2237 ascendemus
3372 2193 3386 2229 :
3418 2189 3516 2244 per

1931 2295 2204 2349 actionem
2233 2289 2449 2346 scilicet
2472 2284 2693 2339 virtutis
2719 2281 2948 2340 variam,
2974 2291 3071 2346 per
3093 2272 3256 2327 ﬁdem
3284 2276 3514 2330 rectam,

1931 2397 1987 2441 et
2021 2399 2172 2456 spem
2200 2383 2344 2436 vitae.
2379 2380 2450 2433 At
2481 2375 2608 2446 quis
2638 2372 2780 2426 alius
2815 2368 2978 2423 nobis
3010 2378 3200 2420 eorum
3235 2358 3517 2414 faciendo-

1933 2496 2055 2535 rum
2083 2478 2330 2547 largitor,
2358 2487 2452 2527 seu
2480 2467 2756 2539 pararius,
2796 2463 2911 2518 sive
2933 2472 3100 2513 causa
3127 2456 3313 2520 fuerit,
3351 2464 3516 2521 quam

1938 2572 2206 2626 Dominus
2232 2575 2418 2622 noster
2446 2562 2608 2617 .Iesus
2639 2554 2943 2613 Christus?
2981 2550 3155 2604 Nemo
3188 2561 3343 2603 sane.
3375 2545 3520 2599 Cave

1937 2663 1991 2717 id
2038 2659 2352 2715 existimes.
2407 2652 2529 2722 lpse
2566 2649 2771 2720 quippe
2804 2643 2964 2698 nobis
2999 2643 3144 2710 leges
3177 2637 3364 2707 posuit
3400 2648 3522 2705 qua:

1940 2762 2071 2812 sunt
2104 2765 2271 2821 supra
2293 2749 2488 2815 legem,
2522 2744 2641 2814 ipse
2659 2742 2800 2794 viam
2831 2733 3184 2795 monstravit,
3209 2743 3372 2798 quam
3398 2742 3523 2794 pro-

1940 2848 2008 2902 be
2048 2843 2319 2899 actionem
2359 2835 2623 2898 virtutis,
2659 2840 2713 2887 et
2752 2829 3048 2883 incitatum
3089 2837 3153 2876 ac
3206 2827 3519 2890 promptum

1943 2938 1999 2991 in
2039 2932 2354 2990 actionibus
2388 2941 2509 2997 quas
2549 2929 2680 2980 sunt
2732 2915 3038 2976 secundum
3081 2913 3360 2968 Christum
3406 2919 3524 2962 stu-

1946 3027 2095 3083 dium
2137 3021 2446 3090 intelligere
2477 3027 2797 3087 possumus.
2829 3008 3000 3079 lgitur
3025 3005 3144 3076 ipse
3173 3010 3258 3056 est
3278 2999 3519 3062 veritas,

1947 3122 2066 3193 ipse
2097 3118 2217 3182 via,
2257 3115 2365 3168 hoc
2396 3117 2515 3175 est,
2549 3121 2682 3162 vera
2719 3103 2840 3158 ﬁdei
2877 3099 3067 3171 regula
3094 3139 3109 3164 ,
3151 3105 3205 3150 et
3232 3092 3525 3161 inculpata:

1861 3219 1904 3276 C
1940 3214 2007 3268 de
2042 3211 2154 3265 Deo
2191 3205 2488 3264 sententiae
2509 3214 2688 3257 canon
2738 3205 2793 3251 et
2835 3191 3098 3248 amussis.
3127 3186 3263 3241 Nam
3312 3185 3358 3241 si
3398 3197 3527 3238 vere

1942 3304 2218 3360 credimus
2263 3301 2318 3352 in
2367 3296 2568 3350 Filium
2591 3331 2606 3357 ,
2651 3289 2706 3344 id
2738 3294 2822 3343 est
2862 3286 2916 3340 in
2951 3298 3078 3339 eum
3118 3281 3212 3351 qui
3242 3294 3310 3333 ex
3340 3275 3432 3330 Dei
3462 3289 3528 3328 ac

1938 3397 2120 3454 Patris
2170 3394 2392 3464 genitus
2441 3395 2526 3444 est
2569 3382 2902 3445 substantia,
2949 3392 3060 3430 non
3102 3373 3375 3444 spurium,
3415 3382 3527 3422 non

1941 3489 2083 3544 falso
2110 3458 2452 3542 nominatum
2475 3520 2490 3544 ,
2531 3478 2627 3534 sed
2664 3489 2844 3543 neque
2875 3476 3194 3524 creaturam
3215 3458 3318 3516 ‘aut
3349 3460 3528 3514 factu-

1940 3597 2055 3637 ram
2099 3593 2241 3633 veraa
2273 3575 2392 3628 ﬁdei
2433 3573 2606 3642 gloria
2655 3564 3000 3621 ornabimus.
3030 3557 3167 3612 Nam
3201 3555 3295 3626 qui
3324 3551 3529 3606 Filium

1940 3674 1997 3729 in
2024 3684 2155 3725 vero
2187 3663 2506 3738 signiﬁcatu
2552 3657 2804 3728 ceperit,
2841 3653 3044 3707 fatetur
3074 3649 3266 3718 utique
3301 3655 3357 3700 et
3401 3656 3530 3698 eum

1941 3782 2009 3822 ex
2035 3778 2144 3834 quo
2172 3735 2297 3824 est,
2333 3755 2670 3822 Patremque
2714 3747 2886 3802 Deum
2927 3741 3180 3813 agnoscit
3227 3747 3282 3794 et
3329 3735 3528 3790 credit.

1940 3858 2063 3930 Ipse
2087 3857 2307 3924 itaque,
2342 3847 2551 3904 veritas
2584 3853 2703 3906 cst,
2734 3841 2856 3912 ipse
2887 3844 2971 3892 est
2997 3834 3111 3888 vita
3141 3851 3152 3886 :
3189 3843 3352 3885 nemo
3382 3827 3530 3882 enim

1942 3955 2112 4011 vitam
2156 3961 2320 4019 quam
2375 3953 2663 4013 speramus
2703 3929 3119 4001 incorruptione
3168 3923 3431 3978 nimirum
3478 3929 3532 3976 et

1943 4011 2288 4101 beatitudine
2349 4011 2421 4088 ac
2470 4025 2907 4086 sanctiﬁcatione
2963 4021 3308 4073 constantem
3373 4011 3533 4066 nobis

1946 4143 2144 4208 praeter
2179 4145 2303 4187 eum
2343 4125 2602 4182 restituet
2634 4139 2648 4174 :
2694 4119 2816 4187 ipse
2841 4113 2988 4168 enim
3019 4125 3123 4164 nos
3152 4106 3387 4163 suscitat
3413 4143 3428 4170 ,
3478 4109 3534 4155 et

1948 4229 2042 4300 qui
2072 4222 2270 4279 mortui
2299 4232 2492 4275 sumus
2519 4220 2744 4285 propter
2771 4215 2932 4262 vetus
2961 4201 3345 4260 maledictum,
3377 4197 3446 4250 ad
3478 4194 3533 4248 id

1950 4282 2096 4391 quod
2127 4313 2284 4370 initio
2315 4282 2559 4367 eramus,
2585 4301 2768 4356 denuo
2799 4291 3104 4350 revocabit.
3128 4285 3326 4343 Omnia
3365 4282 3538 4352 igitur

1953 4372 2116 4466 nobis
2147 4405 2203 4459 in
2236 4403 2358 4472 ipso
2380 4438 2394 4461 ,
2425 4404 2480 4451 et
2510 4408 2609 4464 per
2639 4391 2822 4459 ipsum
2853 4383 3119 4454 praeclara
3147 4386 3312 4446 atque
3335 4372 3538 4428 eximia

1954 4512 2008 4560 et
2036 4466 2368 4559 exstiterunt
2393 4491 2530 4560 jam,
2564 4492 2620 4541 et
2653 4495 2820 4554 porro
2854 4475 3174 4532 exstabunt.
3212 4468 3319 4524 Sed
3343 4466 3540 4522 obser-

2362 4557 2528 4654 q‘uam
2583 4584 2710 4647 apte
2751 4572 2815 4626 ad
2848 4567 3194 4640 propositum
3238 4562 3342 4616 ista
3377 4557 3546 4626 perti-

1957 4644 2146 4744 neant.
2193 4644 2520 4744 Ambigente
2547 4644 2751 4739 quippe
2783 4663 3082 4717 etiamnum
3113 4644 3386 4721 discipulo
3419 4688 3434 4710 ,
3478 4660 3547 4702 ac

1955 4783 2191 4839 dicente,
2228 4790 2246 4823 ι
2287 4763 2579 4836 Quomodo
2612 4771 2912 4830 possumus
2943 4754 3090 4808 viam
3122 4744 3312 4803 scire?
3343 4762 3362 4795 ›
3407 4755 3545 4810 pau-

1958 4874 2040 4928 cis
2079 4835 2327 4924 ostendit
2347 4901 2361 4927 ,
2399 4855 2550 4929 quod
2576 4853 2624 4909 si
2649 4854 2858 4909 scirent
2882 4847 3154 4902 bonorum
3183 4850 3309 4906 quae
3336 4835 3404 4888 ad
3433 4845 3548 4886 cce-

1959 4966 2044 5018 los
2095 4954 2745 5030 perducuntauctorem
2778 4944 2854 4993 ‘se
2907 4942 2962 4990 et
3019 4928 3336 4998 largitorem
3379 4928 3548 4989 atque

1965 5013 2376 5112 distributorem
2408 5055 2531 5096 esse
2556 5077 2570 5102 ,
2607 5033 2747 5090 nihil
2767 5032 2880 5101 jam
2913 5027 2995 5082 eis
3028 5020 3096 5076 ad
3135 5018 3239 5072 viae
3274 5013 3545 5085 cognitio-

1969 5164 2092 5205 nem
2129 5145 2363 5199 deesset.
2402 5133 2546 5200 Quia
2586 5142 2720 5185 vero
2765 5123 2894 5179 huic
2943 5113 3230 5186 subiunxit
3254 5151 3270 5177 ,
3321 5128 3339 5160 ‹
3376 5105 3550 5162 Nemo

1969 5239 2121 5298 venit
2154 5234 2222 5290 ad
2255 5231 2475 5286 Patrem
2503 5265 2518 5288 ,
2570 5220 2680 5277 nisi
2734 5231 2828 5288 per
2876 5227 3000 5267 me:
3063 5225 3082 5258 ι
3129 5201 3362 5275 agedum
3395 5206 3450 5253 et
3480 5197 3548 5252 ad

1972 5296 2108 5390 illud
2147 5342 2338 5388 eorum
2387 5335 2509 5393 qua:
2557 5316 2664 5372 dici
2707 5312 2910 5366 debent
2936 5300 3194 5375 quiddam
3224 5296 3550 5355 aﬂ'eramus,

1971 5385 2129 5500 prius
2158 5385 2510 5490 inquirentes
2547 5401 2823 5478 quomodo
2855 5398 2923 5452 ad
2962 5395 3179 5449 Patrem
3213 5389 3334 5460 quis
3364 5385 3549 5441 vadat.

1973 5479 2198 5577 Duobus
2221 5515 2388 5585 igitur
2419 5503 2597 5561 modis
2623 5499 2690 5552 ad
2720 5509 2845 5550 eum
2867 5487 3220 5564 pervenimus
3251 5503 3264 5539 :
3297 5479 3552 5537 autenim

1977 5611 2156 5672 sancti
2201 5581 2384 5662 eﬁecti
2431 5599 2703 5666 quantum
2748 5586 2855 5642 fert
2899 5593 3112 5639 naturae
3156 5581 3405 5634 humana:
3438 5585 3555 5626 me-

1977 5701 2247 5764 diocritas
2276 5737 2289 5761 ,
2337 5701 2598 5760 tanquam
2652 5687 2846 5738 sancto
2901 5677 3013 5732 Deo
3060 5671 3550 5744 conglutinamur:

1989 5825 2005 5858 ι
2031 5794 2221 5858 Sancti
2257 5788 2404 5848 enim
2439 5778 2614 5846 eritis,
2654 5775 2856 5847 inquit,
2890 5770 3019 5843 quia
3047 5781 3145 5838 ego
3168 5768 3390 5820 sanctus
3413 5755 3492 5817 ‘l;
3529 5767 3550 5802 ι
