  <div class='ocr_page' id='page_1' title='image "/cluster/home/n/w/nwhite01/storage/ocr_20150623/74/pst.000004029052/107.png"; bbox 0 0 3992 6316; ppageno 0'>
   <div class='ocr_carea' id='block_1_1' title="bbox 401 290 499 346">
    <p class='ocr_par' dir='ltr' id='par_1_1' title="bbox 401 290 499 346">
     <span class='ocr_line' id='line_1_1' title="bbox 401 290 499 346; baseline 0 0"><span class='ocrx_word' id='word_1_1' title='bbox 401 290 499 346; x_wconf 65' lang='grc'><strong>101</strong></span> 
     </span>
    </p>
   </div>
   <div class='ocr_carea' id='block_1_2' title="bbox 1396 288 2642 346">
    <p class='ocr_par' dir='ltr' id='par_1_2' title="bbox 1396 288 2642 346">
     <span class='ocr_line' id='line_1_2' title="bbox 1396 288 2642 346; baseline 0 -2"><span class='ocrx_word' id='word_1_2' title='bbox 1396 289 1435 344; x_wconf 89' lang='lat' dir='ltr'><strong>S</strong></span> <span class='ocrx_word' id='word_1_3' title='bbox 1503 288 1773 346; x_wconf 79' lang='lat' dir='ltr'><strong>CYRILLI</strong></span> <span class='ocrx_word' id='word_1_4' title='bbox 1812 288 2289 346; x_wconf 77' lang='lat' dir='ltr'><strong>ALEXANDRINI</strong></span> <span class='ocrx_word' id='word_1_5' title='bbox 2323 289 2642 346; x_wconf 79' lang='lat' dir='ltr'><strong>ARCHIEP.</strong></span> 
     </span>
    </p>
   </div>
   <div class='ocr_carea' id='block_1_3' title="bbox 3571 287 3676 341">
    <p class='ocr_par' dir='ltr' id='par_1_3' title="bbox 3571 287 3676 341">
     <span class='ocr_line' id='line_1_3' title="bbox 3571 287 3676 341; baseline 0 -1"><span class='ocrx_word' id='word_1_6' title='bbox 3571 287 3676 341; x_wconf 72' lang='lat'><strong>192</strong></span> 
     </span>
    </p>
   </div>
   <div class='ocr_carea' id='block_1_4' title="bbox 396 379 1995 486">
    <p class='ocr_par' dir='ltr' id='par_1_4' title="bbox 396 410 1978 482">
     <span class='ocr_line' id='line_1_4' title="bbox 396 410 1978 482; baseline -0.001 -13"><span class='ocrx_word' id='word_1_7' title='bbox 396 424 494 470; x_wconf 81' lang='lat' dir='ltr'><strong>aut</strong></span> <span class='ocrx_word' id='word_1_8' title='bbox 538 413 605 469; x_wconf 88' lang='lat' dir='ltr'><strong>ad</strong></span> <span class='ocrx_word' id='word_1_9' title='bbox 664 411 844 467; x_wconf 84' lang='lat' dir='ltr'><strong>Patris</strong></span> <span class='ocrx_word' id='word_1_10' title='bbox 899 410 1272 482; x_wconf 78' lang='lat' dir='ltr'><strong>cognitionem</strong></span> <span class='ocrx_word' id='word_1_11' title='bbox 1325 427 1449 482; x_wconf 66' lang='lat' dir='ltr'><strong>qua:</strong></span> <span class='ocrx_word' id='word_1_12' title='bbox 1488 411 1592 469; x_wconf 98' lang='lat' dir='ltr'><strong>ﬁde</strong></span> <span class='ocrx_word' id='word_1_13' title='bbox 1629 424 1684 470; x_wconf 87' lang='lat' dir='ltr'><strong>et</strong></span> <span class='ocrx_word' id='word_1_14' title='bbox 1729 423 1978 469; x_wconf 91' lang='lat' dir='ltr'><strong>contem-</strong></span> 
     </span>
    </p>
   </div>
   <div class='ocr_carea' id='block_1_5' title="bbox 2104 379 3683 486">
    <p class='ocr_par' dir='ltr' id='par_1_5' title="bbox 2104 404 3683 486">
     <span class='ocr_line' id='line_1_5' title="bbox 2104 404 3683 486; baseline -0.006 -21"><span class='ocrx_word' id='word_1_15' title='bbox 2104 415 2343 485; x_wconf 75' lang='grc' dir='ltr'>Ιήσεσθαι</span> <span class='ocrx_word' id='word_1_16' title='bbox 2394 412 2734 486; x_wconf 82' lang='grc' dir='ltr'><strong>μελλόντων,</strong></span> <span class='ocrx_word' id='word_1_17' title='bbox 2790 409 2968 462; x_wconf 82' lang='grc' dir='ltr'>ἐκεῖνο</span> <span class='ocrx_word' id='word_1_18' title='bbox 3013 405 3542 478; x_wconf 85' lang='grc' dir='ltr'>προερευνήσαντες,</span> <span class='ocrx_word' id='word_1_19' title='bbox 3612 404 3683 456; x_wconf 79' lang='grc' dir='ltr'><strong>τὸ</strong></span> 
     </span>
    </p>
   </div>
   <div class='ocr_carea' id='block_1_6' title="bbox 395 503 1979 579">
    <p class='ocr_par' dir='ltr' id='par_1_6' title="bbox 395 503 1979 579">
     <span class='ocr_line' id='line_1_6' title="bbox 395 503 1979 579; baseline 0.001 -19"><span class='ocrx_word' id='word_1_20' title='bbox 395 509 633 579; x_wconf 84' lang='lat' dir='ltr'><strong>platione</strong></span> <span class='ocrx_word' id='word_1_21' title='bbox 679 504 842 576; x_wconf 81' lang='lat'><strong>769</strong></span> <span class='ocrx_word' id='word_1_22' title='bbox 880 511 1097 558; x_wconf 85' lang='lat' dir='ltr'><strong>constat</strong></span> <span class='ocrx_word' id='word_1_23' title='bbox 1124 503 1397 569; x_wconf 82' lang='lat' dir='ltr'><strong>vadimus,</strong></span> <span class='ocrx_word' id='word_1_24' title='bbox 1429 520 1553 575; x_wconf 70' lang='lat' dir='ltr'><strong>qua:</strong></span> <span class='ocrx_word' id='word_1_25' title='bbox 1582 506 1730 560; x_wconf 90' lang='lat' dir='ltr'><strong>velut</strong></span> <span class='ocrx_word' id='word_1_26' title='bbox 1764 507 1819 560; x_wconf 91' lang='lat' dir='ltr'><strong>in</strong></span> <span class='ocrx_word' id='word_1_27' title='bbox 1850 521 1979 576; x_wconf 82' lang='lat' dir='ltr'><strong>spe-</strong></span> 
     </span>
    </p>
   </div>
   <div class='ocr_carea' id='block_1_7' title="bbox 395 594 1981 665">
    <p class='ocr_par' dir='ltr' id='par_1_7' title="bbox 395 594 1981 665">
     <span class='ocr_line' id='line_1_7' title="bbox 395 594 1981 665; baseline -0.002 -12"><span class='ocrx_word' id='word_1_28' title='bbox 395 600 524 654; x_wconf 90' lang='lat' dir='ltr'><strong>culo</strong></span> <span class='ocrx_word' id='word_1_29' title='bbox 552 607 636 652; x_wconf 84' lang='lat' dir='ltr'><strong>est</strong></span> <span class='ocrx_word' id='word_1_30' title='bbox 658 606 712 649; x_wconf 88' lang='lat' dir='ltr'><strong>et</strong></span> <span class='ocrx_word' id='word_1_31' title='bbox 739 594 1052 663; x_wconf 71' lang='lat' dir='ltr'><strong>aenigmate,</strong></span> <span class='ocrx_word' id='word_1_32' title='bbox 1076 595 1222 648; x_wconf 92' lang='lat' dir='ltr'><strong>sicut</strong></span> <span class='ocrx_word' id='word_1_33' title='bbox 1244 595 1516 665; x_wconf 83' lang='lat' dir='ltr'><strong>scriptum</strong></span> <span class='ocrx_word' id='word_1_34' title='bbox 1545 603 1632 650; x_wconf 89' lang='lat' dir='ltr'><strong>est</strong></span> <span class='ocrx_word' id='word_1_35' title='bbox 1651 597 1718 650; x_wconf 69' lang='grc'><strong>³⁵.</strong></span> <span class='ocrx_word' id='word_1_36' title='bbox 1750 595 1857 650; x_wconf 89' lang='lat' dir='ltr'><strong>Sed</strong></span> <span class='ocrx_word' id='word_1_37' title='bbox 1881 611 1981 651; x_wconf 89' lang='lat' dir='ltr'><strong>nec</strong></span> 
     </span>
    </p>
   </div>
   <div class='ocr_carea' id='block_1_8' title="bbox 395 684 1984 758">
    <p class='ocr_par' dir='ltr' id='par_1_8' title="bbox 395 684 1984 758">
     <span class='ocr_line' id='line_1_8' title="bbox 395 684 1984 758; baseline -0.001 -12"><span class='ocrx_word' id='word_1_38' title='bbox 395 698 623 747; x_wconf 83' lang='lat' dir='ltr'><strong>sanctus</strong></span> <span class='ocrx_word' id='word_1_39' title='bbox 651 687 774 756; x_wconf 88' lang='lat' dir='ltr'><strong>quis</strong></span> <span class='ocrx_word' id='word_1_40' title='bbox 807 700 1049 755; x_wconf 80' lang='lat' dir='ltr'><strong>unquam</strong></span> <span class='ocrx_word' id='word_1_41' title='bbox 1079 684 1249 740; x_wconf 82' lang='lat' dir='ltr'><strong>fuerit</strong></span> <span class='ocrx_word' id='word_1_42' title='bbox 1274 726 1289 749; x_wconf 89' lang='lat'><strong>,</strong></span> <span class='ocrx_word' id='word_1_43' title='bbox 1337 688 1445 742; x_wconf 83' lang='lat' dir='ltr'><strong>nisi</strong></span> <span class='ocrx_word' id='word_1_44' title='bbox 1475 703 1600 742; x_wconf 90' lang='lat' dir='ltr'><strong>eum</strong></span> <span class='ocrx_word' id='word_1_45' title='bbox 1636 704 1864 758; x_wconf 88' lang='lat' dir='ltr'><strong>prorsus</strong></span> <span class='ocrx_word' id='word_1_46' title='bbox 1889 689 1984 744; x_wconf 87' lang='lat' dir='ltr'><strong>de-</strong></span> 
     </span>
    </p>
   </div>
   <div class='ocr_carea' id='block_1_9' title="bbox 396 778 1984 850">
    <p class='ocr_par' dir='ltr' id='par_1_9' title="bbox 396 778 1984 850">
     <span class='ocr_line' id='line_1_9' title="bbox 396 778 1984 850; baseline -0.002 -13"><span class='ocrx_word' id='word_1_47' title='bbox 396 785 632 838; x_wconf 89' lang='lat' dir='ltr'><strong>ducente</strong></span> <span class='ocrx_word' id='word_1_48' title='bbox 667 778 889 834; x_wconf 85' lang='lat' dir='ltr'><strong>Christo</strong></span> <span class='ocrx_word' id='word_1_49' title='bbox 913 819 928 841; x_wconf 91' lang='lat'><strong>,</strong></span> <span class='ocrx_word' id='word_1_50' title='bbox 971 794 1073 833; x_wconf 91' lang='lat' dir='ltr'><strong>nec</strong></span> <span class='ocrx_word' id='word_1_51' title='bbox 1111 778 1217 846; x_wconf 86' lang='lat' dir='ltr'><strong>ipsi</strong></span> <span class='ocrx_word' id='word_1_52' title='bbox 1251 778 1364 834; x_wconf 91' lang='lat' dir='ltr'><strong>Deo</strong></span> <span class='ocrx_word' id='word_1_53' title='bbox 1399 795 1464 834; x_wconf 90' lang='lat' dir='ltr'><strong>ac</strong></span> <span class='ocrx_word' id='word_1_54' title='bbox 1499 779 1644 834; x_wconf 85' lang='lat' dir='ltr'><strong>Patri</strong></span> <span class='ocrx_word' id='word_1_55' title='bbox 1682 780 1984 850; x_wconf 83' lang='lat' dir='ltr'><strong>conjunge-</strong></span> 
     </span>
    </p>
   </div>
   <div class='ocr_carea' id='block_1_10' title="bbox 395 870 1983 939">
    <p class='ocr_par' dir='ltr' id='par_1_10' title="bbox 395 870 1983 939">
     <span class='ocr_line' id='line_1_10' title="bbox 395 870 1983 939; baseline 0.001 -12"><span class='ocrx_word' id='word_1_56' title='bbox 395 885 506 939; x_wconf 88' lang='lat' dir='ltr'><strong>tur,</strong></span> <span class='ocrx_word' id='word_1_57' title='bbox 533 873 638 927; x_wconf 90' lang='lat' dir='ltr'><strong>nisi</strong></span> <span class='ocrx_word' id='word_1_58' title='bbox 671 870 945 925; x_wconf 87' lang='lat' dir='ltr'><strong>mediante</strong></span> <span class='ocrx_word' id='word_1_59' title='bbox 968 870 1195 924; x_wconf 86' lang='lat' dir='ltr'><strong>Christo</strong></span> <span class='ocrx_word' id='word_1_60' title='bbox 1226 889 1240 925; x_wconf 86' lang='lat'>:</span> <span class='ocrx_word' id='word_1_61' title='bbox 1275 871 1552 927; x_wconf 86' lang='lat' dir='ltr'><strong>mediator</strong></span> <span class='ocrx_word' id='word_1_62' title='bbox 1576 872 1721 927; x_wconf 91' lang='lat' dir='ltr'><strong>enim</strong></span> <span class='ocrx_word' id='word_1_63' title='bbox 1763 884 1848 928; x_wconf 90' lang='lat' dir='ltr'><strong>est</strong></span> <span class='ocrx_word' id='word_1_64' title='bbox 1889 872 1983 928; x_wconf 90' lang='lat' dir='ltr'><strong>Dei</strong></span> 
     </span>
    </p>
   </div>
   <div class='ocr_carea' id='block_1_11' title="bbox 395 963 1986 1035">
    <p class='ocr_par' dir='ltr' id='par_1_11' title="bbox 395 963 1986 1035">
     <span class='ocr_line' id='line_1_11' title="bbox 395 963 1986 1035; baseline 0 -16"><span class='ocrx_word' id='word_1_65' title='bbox 395 975 453 1019; x_wconf 90' lang='lat' dir='ltr'><strong>et</strong></span> <span class='ocrx_word' id='word_1_66' title='bbox 485 964 771 1018; x_wconf 85' lang='lat' dir='ltr'><strong>hominum</strong></span> <span class='ocrx_word' id='word_1_67' title='bbox 796 963 840 994; x_wconf 82' lang='lat'><strong>“</strong></span> <span class='ocrx_word' id='word_1_68' title='bbox 873 977 972 1031; x_wconf 89' lang='lat' dir='ltr'><strong>per</strong></span> <span class='ocrx_word' id='word_1_69' title='bbox 1002 963 1248 1032; x_wconf 90' lang='lat' dir='ltr'><strong>seipsum</strong></span> <span class='ocrx_word' id='word_1_70' title='bbox 1276 1007 1291 1029; x_wconf 94' lang='lat'><strong>,</strong></span> <span class='ocrx_word' id='word_1_71' title='bbox 1342 971 1396 1017; x_wconf 90' lang='lat' dir='ltr'><strong>et</strong></span> <span class='ocrx_word' id='word_1_72' title='bbox 1426 963 1481 1017; x_wconf 93' lang='lat' dir='ltr'><strong>in</strong></span> <span class='ocrx_word' id='word_1_73' title='bbox 1517 965 1701 1035; x_wconf 90' lang='lat' dir='ltr'><strong>seipso</strong></span> <span class='ocrx_word' id='word_1_74' title='bbox 1733 964 1986 1019; x_wconf 90' lang='lat' dir='ltr'><strong>humani-</strong></span> 
     </span>
    </p>
   </div>
   <div class='ocr_carea' id='block_1_12' title="bbox 397 1053 1987 1126">
    <p class='ocr_par' dir='ltr' id='par_1_12' title="bbox 397 1053 1987 1126">
     <span class='ocr_line' id='line_1_12' title="bbox 397 1053 1987 1126; baseline -0.001 -14"><span class='ocrx_word' id='word_1_75' title='bbox 397 1067 567 1113; x_wconf 84' lang='lat' dir='ltr'><strong>tatem</strong></span> <span class='ocrx_word' id='word_1_76' title='bbox 603 1056 716 1112; x_wconf 90' lang='lat' dir='ltr'><strong>Deo</strong></span> <span class='ocrx_word' id='word_1_77' title='bbox 743 1056 1109 1126; x_wconf 86' lang='lat' dir='ltr'><strong>eonjungens.</strong></span> <span class='ocrx_word' id='word_1_78' title='bbox 1138 1053 1207 1109; x_wconf 88' lang='lat' dir='ltr'><strong>Ut</strong></span> <span class='ocrx_word' id='word_1_79' title='bbox 1236 1055 1381 1109; x_wconf 90' lang='lat' dir='ltr'><strong>enim</strong></span> <span class='ocrx_word' id='word_1_80' title='bbox 1416 1055 1597 1112; x_wconf 92' lang='lat' dir='ltr'><strong>editus</strong></span> <span class='ocrx_word' id='word_1_81' title='bbox 1621 1071 1686 1111; x_wconf 85' lang='lat' dir='ltr'><strong>ex</strong></span> <span class='ocrx_word' id='word_1_82' title='bbox 1727 1056 1987 1112; x_wconf 88' lang='lat' dir='ltr'><strong>substan-</strong></span> 
     </span>
    </p>
   </div>
   <div class='ocr_carea' id='block_1_13' title="bbox 399 1144 1988 1215">
    <p class='ocr_par' dir='ltr' id='par_1_13' title="bbox 399 1144 1988 1215">
     <span class='ocr_line' id='line_1_13' title="bbox 399 1144 1988 1215; baseline -0.003 -13"><span class='ocrx_word' id='word_1_83' title='bbox 399 1151 475 1202; x_wconf 92' lang='lat' dir='ltr'><strong>tia</strong></span> <span class='ocrx_word' id='word_1_84' title='bbox 507 1147 602 1203; x_wconf 88' lang='lat' dir='ltr'><strong>Dei</strong></span> <span class='ocrx_word' id='word_1_85' title='bbox 637 1163 701 1202; x_wconf 89' lang='lat' dir='ltr'><strong>ac</strong></span> <span class='ocrx_word' id='word_1_86' title='bbox 727 1146 933 1211; x_wconf 87' lang='lat' dir='ltr'><strong>Patris,</strong></span> <span class='ocrx_word' id='word_1_87' title='bbox 969 1156 1242 1215; x_wconf 83' lang='lat' dir='ltr'><strong>quatenus</strong></span> <span class='ocrx_word' id='word_1_88' title='bbox 1272 1144 1514 1201; x_wconf 85' lang='lat' dir='ltr'><strong>Verbum</strong></span> <span class='ocrx_word' id='word_1_89' title='bbox 1545 1156 1668 1208; x_wconf 89' lang='lat' dir='ltr'><strong>est,</strong></span> <span class='ocrx_word' id='word_1_90' title='bbox 1701 1160 1766 1199; x_wconf 90' lang='lat' dir='ltr'><strong>ac</strong></span> <span class='ocrx_word' id='word_1_91' title='bbox 1804 1146 1988 1215; x_wconf 87' lang='lat' dir='ltr'><strong>splen-</strong></span> 
     </span>
    </p>
   </div>
   <div class='ocr_carea' id='block_1_14' title="bbox 400 1236 1988 1306">
    <p class='ocr_par' dir='ltr' id='par_1_14' title="bbox 400 1236 1988 1306">
     <span class='ocr_line' id='line_1_14' title="bbox 400 1236 1988 1306; baseline -0.004 -10"><span class='ocrx_word' id='word_1_92' title='bbox 400 1241 504 1296; x_wconf 88' lang='lat' dir='ltr'><strong>dor</strong></span> <span class='ocrx_word' id='word_1_93' title='bbox 530 1283 544 1306; x_wconf 90' lang='lat'><strong>,</strong></span> <span class='ocrx_word' id='word_1_94' title='bbox 577 1248 632 1296; x_wconf 89' lang='lat' dir='ltr'><strong>et</strong></span> <span class='ocrx_word' id='word_1_95' title='bbox 679 1241 967 1294; x_wconf 87' lang='lat' dir='ltr'><strong>character</strong></span> <span class='ocrx_word' id='word_1_96' title='bbox 1002 1239 1070 1305; x_wconf 74' lang='grc'><strong>⁸⁷,</strong></span> <span class='ocrx_word' id='word_1_97' title='bbox 1106 1252 1277 1291; x_wconf 90' lang='lat' dir='ltr'><strong>unum</strong></span> <span class='ocrx_word' id='word_1_98' title='bbox 1318 1243 1403 1292; x_wconf 86' lang='lat' dir='ltr'><strong>est</strong></span> <span class='ocrx_word' id='word_1_99' title='bbox 1449 1251 1576 1290; x_wconf 91' lang='lat' dir='ltr'><strong>cum</strong></span> <span class='ocrx_word' id='word_1_100' title='bbox 1626 1236 1789 1291; x_wconf 89' lang='lat' dir='ltr'><strong>Patre</strong></span> <span class='ocrx_word' id='word_1_101' title='bbox 1841 1244 1988 1291; x_wconf 91' lang='lat' dir='ltr'><strong>totus</strong></span> 
     </span>
    </p>
   </div>
   <div class='ocr_carea' id='block_1_15' title="bbox 401 1328 1986 1400">
    <p class='ocr_par' dir='ltr' id='par_1_15' title="bbox 401 1328 1986 1400">
     <span class='ocr_line' id='line_1_15' title="bbox 401 1328 1986 1400; baseline -0.004 -12"><span class='ocrx_word' id='word_1_102' title='bbox 401 1333 679 1389; x_wconf 81' lang='lat' dir='ltr'><strong>cxsistens</strong></span> <span class='ocrx_word' id='word_1_103' title='bbox 709 1333 766 1386; x_wconf 89' lang='lat' dir='ltr'><strong>in</strong></span> <span class='ocrx_word' id='word_1_104' title='bbox 793 1333 974 1400; x_wconf 90' lang='lat' dir='ltr'><strong>seipso</strong></span> <span class='ocrx_word' id='word_1_105' title='bbox 1001 1373 1016 1397; x_wconf 91' lang='lat'><strong>,</strong></span> <span class='ocrx_word' id='word_1_106' title='bbox 1057 1337 1112 1385; x_wconf 90' lang='lat' dir='ltr'><strong>et</strong></span> <span class='ocrx_word' id='word_1_107' title='bbox 1141 1331 1319 1398; x_wconf 87' lang='lat' dir='ltr'><strong>ipsum</strong></span> <span class='ocrx_word' id='word_1_108' title='bbox 1350 1329 1562 1384; x_wconf 86' lang='lat' dir='ltr'><strong>habens</strong></span> <span class='ocrx_word' id='word_1_109' title='bbox 1602 1329 1658 1382; x_wconf 91' lang='lat' dir='ltr'><strong>in</strong></span> <span class='ocrx_word' id='word_1_110' title='bbox 1686 1328 1870 1398; x_wconf 90' lang='lat' dir='ltr'><strong>seipso</strong></span> <span class='ocrx_word' id='word_1_111' title='bbox 1892 1329 1938 1360; x_wconf 82' lang='lat'><strong>“</strong></span> <span class='ocrx_word' id='word_1_112' title='bbox 1973 1346 1986 1382; x_wconf 93' lang='lat'><strong>:</strong></span> 
     </span>
    </p>
   </div>
   <div class='ocr_carea' id='block_1_16' title="bbox 401 1417 1989 1492">
    <p class='ocr_par' dir='ltr' id='par_1_16' title="bbox 401 1417 1989 1492">
     <span class='ocr_line' id='line_1_16' title="bbox 401 1417 1989 1492; baseline -0.003 -16"><span class='ocrx_word' id='word_1_113' title='bbox 401 1429 681 1492; x_wconf 85' lang='lat' dir='ltr'><strong>quatenus</strong></span> <span class='ocrx_word' id='word_1_114' title='bbox 742 1428 924 1474; x_wconf 91' lang='lat' dir='ltr'><strong>autem</strong></span> <span class='ocrx_word' id='word_1_115' title='bbox 979 1418 1160 1474; x_wconf 81' lang='lat' dir='ltr'><strong>factus</strong></span> <span class='ocrx_word' id='word_1_116' title='bbox 1208 1427 1294 1473; x_wconf 91' lang='lat' dir='ltr'><strong>est</strong></span> <span class='ocrx_word' id='word_1_117' title='bbox 1347 1418 1514 1472; x_wconf 92' lang='lat' dir='ltr'><strong>homo</strong></span> <span class='ocrx_word' id='word_1_118' title='bbox 1563 1417 1728 1473; x_wconf 89' lang='lat' dir='ltr'><strong>sicuti</strong></span> <span class='ocrx_word' id='word_1_119' title='bbox 1771 1417 1989 1485; x_wconf 71' lang='lat' dir='ltr'><strong>nos“,</strong></span> 
     </span>
    </p>
   </div>
   <div class='ocr_carea' id='block_1_17' title="bbox 402 1509 1992 1582">
    <p class='ocr_par' dir='ltr' id='par_1_17' title="bbox 402 1509 1992 1582">
     <span class='ocr_line' id='line_1_17' title="bbox 402 1509 1992 1582; baseline -0.004 -14"><span class='ocrx_word' id='word_1_120' title='bbox 402 1529 595 1569; x_wconf 83' lang='lat' dir='ltr'><strong>exsors</strong></span> <span class='ocrx_word' id='word_1_121' title='bbox 645 1521 829 1568; x_wconf 89' lang='lat' dir='ltr'><strong>tamen</strong></span> <span class='ocrx_word' id='word_1_122' title='bbox 871 1511 1079 1582; x_wconf 90' lang='lat' dir='ltr'><strong>peccati</strong></span> <span class='ocrx_word' id='word_1_123' title='bbox 1129 1510 1453 1565; x_wconf 90' lang='lat' dir='ltr'><strong>hominibus</strong></span> <span class='ocrx_word' id='word_1_124' title='bbox 1490 1509 1854 1580; x_wconf 75' lang='lat' dir='ltr'><strong>coniungitur</strong></span> <span class='ocrx_word' id='word_1_125' title='bbox 1881 1553 1895 1577; x_wconf 95' lang='lat'><strong>,</strong></span> <span class='ocrx_word' id='word_1_126' title='bbox 1938 1516 1992 1564; x_wconf 92' lang='lat' dir='ltr'><strong>et</strong></span> 
     </span>
    </p>
   </div>
   <div class='ocr_carea' id='block_1_18' title="bbox 404 1599 1991 1670">
    <p class='ocr_par' dir='ltr' id='par_1_18' title="bbox 404 1599 1991 1670">
     <span class='ocr_line' id='line_1_18' title="bbox 404 1599 1991 1670; baseline -0.004 -11"><span class='ocrx_word' id='word_1_127' title='bbox 404 1603 820 1660; x_wconf 88' lang='lat' dir='ltr'><strong>interliminium</strong></span> <span class='ocrx_word' id='word_1_128' title='bbox 868 1602 1038 1657; x_wconf 89' lang='lat' dir='ltr'><strong>veluti</strong></span> <span class='ocrx_word' id='word_1_129' title='bbox 1086 1599 1366 1670; x_wconf 90' lang='lat' dir='ltr'><strong>quoddam</strong></span> <span class='ocrx_word' id='word_1_130' title='bbox 1419 1599 1622 1654; x_wconf 81' lang='lat' dir='ltr'><strong>factum</strong></span> <span class='ocrx_word' id='word_1_131' title='bbox 1671 1609 1786 1665; x_wconf 89' lang='lat' dir='ltr'><strong>est,</strong></span> <span class='ocrx_word' id='word_1_132' title='bbox 1815 1599 1991 1653; x_wconf 92' lang='lat' dir='ltr'><strong>conti-</strong></span> 
     </span>
    </p>
   </div>
   <div class='ocr_carea' id='block_1_19' title="bbox 402 1690 1988 1764">
    <p class='ocr_par' dir='ltr' id='par_1_19' title="bbox 402 1690 1988 1764">
     <span class='ocr_line' id='line_1_19' title="bbox 402 1690 1988 1764; baseline -0.004 -13"><span class='ocrx_word' id='word_1_133' title='bbox 402 1713 542 1751; x_wconf 90' lang='lat' dir='ltr'><strong>nens</strong></span> <span class='ocrx_word' id='word_1_134' title='bbox 577 1696 633 1750; x_wconf 90' lang='lat' dir='ltr'><strong>in</strong></span> <span class='ocrx_word' id='word_1_135' title='bbox 668 1696 852 1764; x_wconf 88' lang='lat' dir='ltr'><strong>seipso</strong></span> <span class='ocrx_word' id='word_1_136' title='bbox 881 1709 1005 1763; x_wconf 61' lang='lat' dir='ltr'><strong>quae</strong></span> <span class='ocrx_word' id='word_1_137' title='bbox 1045 1693 1112 1746; x_wconf 87' lang='lat' dir='ltr'><strong>ad</strong></span> <span class='ocrx_word' id='word_1_138' title='bbox 1140 1694 1408 1746; x_wconf 89' lang='lat' dir='ltr'><strong>unitatem</strong></span> <span class='ocrx_word' id='word_1_139' title='bbox 1445 1699 1500 1746; x_wconf 92' lang='lat' dir='ltr'><strong>et</strong></span> <span class='ocrx_word' id='word_1_140' title='bbox 1531 1690 1828 1745; x_wconf 87' lang='lat' dir='ltr'><strong>amicitiam</strong></span> <span class='ocrx_word' id='word_1_141' title='bbox 1857 1706 1988 1746; x_wconf 80' lang='lat' dir='ltr'><strong>con-</strong></span> 
     </span>
    </p>
   </div>
   <div class='ocr_carea' id='block_1_20' title="bbox 2086 496 3684 574">
    <p class='ocr_par' dir='ltr' id='par_1_20' title="bbox 2086 496 3684 574">
     <span class='ocr_line' id='line_1_20' title="bbox 2086 496 3684 574; baseline -0.006 -14"><span class='ocrx_word' id='word_1_142' title='bbox 2086 508 2204 572; x_wconf 86' lang='grc' dir='ltr'><strong>πῶς</strong></span> <span class='ocrx_word' id='word_1_143' title='bbox 2231 506 2296 560; x_wconf 78' lang='grc' dir='ltr'>ἄν</span> <span class='ocrx_word' id='word_1_144' title='bbox 2325 524 2410 569; x_wconf 89' lang='grc' dir='ltr'><strong>τις</strong></span> <span class='ocrx_word' id='word_1_145' title='bbox 2445 506 2515 558; x_wconf 76' lang='grc' dir='ltr'>τοι</span> <span class='ocrx_word' id='word_1_146' title='bbox 2549 503 2686 574; x_wconf 85' lang='grc' dir='ltr'>πρὸς</span> <span class='ocrx_word' id='word_1_147' title='bbox 2729 501 2819 555; x_wconf 78' lang='grc' dir='ltr'><strong>τὸν</strong></span> <span class='ocrx_word' id='word_1_148' title='bbox 2851 498 3092 570; x_wconf 89' lang='grc' dir='ltr'>Πατέρα.</span> <span class='ocrx_word' id='word_1_149' title='bbox 3146 496 3450 570; x_wconf 83' lang='grc' dir='ltr'><strong>Ἐρχόμεθα</strong></span> <span class='ocrx_word' id='word_1_150' title='bbox 3495 497 3684 550; x_wconf 77' lang='grc' dir='ltr'><strong>τοίνυν</strong></span> 
     </span>
    </p>
   </div>
   <div class='ocr_carea' id='block_1_21' title="bbox 2085 589 3682 669">
    <p class='ocr_par' dir='ltr' id='par_1_21' title="bbox 2085 589 3682 669">
     <span class='ocr_line' id='line_1_21' title="bbox 2085 589 3682 669; baseline -0.008 -16"><span class='ocrx_word' id='word_1_151' title='bbox 2085 599 2226 652; x_wconf 89' lang='grc' dir='ltr'><strong>κατά</strong></span> <span class='ocrx_word' id='word_1_152' title='bbox 2259 598 2353 651; x_wconf 82' lang='grc' dir='ltr'>δύο</span> <span class='ocrx_word' id='word_1_153' title='bbox 2399 596 2652 669; x_wconf 87' lang='grc' dir='ltr'>τρόπους·</span> <span class='ocrx_word' id='word_1_154' title='bbox 2682 594 2715 666; x_wconf 83' lang='grc' dir='ltr'>ἢ</span> <span class='ocrx_word' id='word_1_155' title='bbox 2746 593 2852 664; x_wconf 86' lang='grc' dir='ltr'>γὰρ</span> <span class='ocrx_word' id='word_1_156' title='bbox 2905 593 3051 662; x_wconf 80' lang='grc' dir='ltr'>ἆγιοι</span> <span class='ocrx_word' id='word_1_157' title='bbox 3097 589 3382 660; x_wconf 82' lang='grc' dir='ltr'><strong>γεγονότες</strong></span> <span class='ocrx_word' id='word_1_158' title='bbox 3418 590 3564 643; x_wconf 85' lang='grc' dir='ltr'>κατά</span> <span class='ocrx_word' id='word_1_159' title='bbox 3612 606 3682 658; x_wconf 90' lang='grc' dir='ltr'><strong>γε</strong></span> 
     </span>
    </p>
   </div>
   <div class='ocr_carea' id='block_1_22' title="bbox 2085 683 3678 764">
    <p class='ocr_par' dir='ltr' id='par_1_22' title="bbox 2085 683 3678 764">
     <span class='ocr_line' id='line_1_22' title="bbox 2085 683 3678 764; baseline -0.006 -18"><span class='ocrx_word' id='word_1_160' title='bbox 2085 692 2145 746; x_wconf 82' lang='grc' dir='ltr'>τὸ</span> <span class='ocrx_word' id='word_1_161' title='bbox 2167 693 2375 764; x_wconf 83' lang='grc' dir='ltr'>πρέπον</span> <span class='ocrx_word' id='word_1_162' title='bbox 2401 693 2468 761; x_wconf 84' lang='grc' dir='ltr'>τῇ</span> <span class='ocrx_word' id='word_1_163' title='bbox 2490 690 2586 744; x_wconf 91' lang='grc' dir='ltr'><strong>ἀνθ</strong></span> <span class='ocrx_word' id='word_1_164' title='bbox 2597 688 2868 762; x_wconf 88' lang='grc' dir='ltr'>ρωπότητι</span> <span class='ocrx_word' id='word_1_165' title='bbox 2897 687 3117 759; x_wconf 83' lang='grc' dir='ltr'><strong>μέτρον,</strong></span> <span class='ocrx_word' id='word_1_166' title='bbox 3143 686 3216 748; x_wconf 84' lang='grc' dir='ltr'>ὡς</span> <span class='ocrx_word' id='word_1_167' title='bbox 3243 684 3382 754; x_wconf 85' lang='grc' dir='ltr'>ἁγίῳ</span> <span class='ocrx_word' id='word_1_168' title='bbox 3407 683 3524 755; x_wconf 86' lang='grc' dir='ltr'><strong>Θεῷ</strong></span> <span class='ocrx_word' id='word_1_169' title='bbox 3547 683 3678 737; x_wconf 83' lang='grc' dir='ltr'>κολ-</span> 
     </span>
    </p>
   </div>
   <div class='ocr_carea' id='block_1_23' title="bbox 2085 774 3671 852">
    <p class='ocr_par' dir='ltr' id='par_1_23' title="bbox 2085 774 3671 852">
     <span class='ocr_line' id='line_1_23' title="bbox 2085 774 3671 852; baseline -0.006 -17"><span class='ocrx_word' id='word_1_170' title='bbox 2085 781 2326 852; x_wconf 85' lang='grc' dir='ltr'>λώμεθα·</span> <span class='ocrx_word' id='word_1_171' title='bbox 2357 800 2376 833; x_wconf 75' lang='grc' dir='ltr'><strong>ι</strong></span> <span class='ocrx_word' id='word_1_172' title='bbox 2420 780 2602 849; x_wconf 72' lang='grc' dir='ltr'>’Ἅγιοι</span> <span class='ocrx_word' id='word_1_173' title='bbox 2625 780 2734 848; x_wconf 86' lang='grc' dir='ltr'>γὰρ</span> <span class='ocrx_word' id='word_1_174' title='bbox 2756 776 2965 843; x_wconf 77' lang='grc' dir='ltr'>ἔσεσθε,</span> <span class='ocrx_word' id='word_1_175' title='bbox 2996 776 3184 846; x_wconf 73' lang='grc' dir='ltr'>φησὶν,</span> <span class='ocrx_word' id='word_1_176' title='bbox 3215 776 3298 828; x_wconf 83' lang='grc' dir='ltr'>ὅτι</span> <span class='ocrx_word' id='word_1_177' title='bbox 3322 774 3433 843; x_wconf 87' lang='grc' dir='ltr'><strong>ἐγὼ</strong></span> <span class='ocrx_word' id='word_1_178' title='bbox 3457 776 3632 844; x_wconf 80' lang='grc' dir='ltr'>ἆγιος·</span> <span class='ocrx_word' id='word_1_179' title='bbox 3651 793 3671 826; x_wconf 70' lang='grc' dir='ltr'><strong>ι</strong></span> 
     </span>
    </p>
   </div>
   <div class='ocr_carea' id='block_1_24' title="bbox 2085 867 3678 946">
    <p class='ocr_par' dir='ltr' id='par_1_24' title="bbox 2085 867 3678 946">
     <span class='ocr_line' id='line_1_24' title="bbox 2085 867 3678 946; baseline -0.005 -19"><span class='ocrx_word' id='word_1_180' title='bbox 2085 875 2252 946; x_wconf 77' lang='grc' dir='ltr'>ἦγουν</span> <span class='ocrx_word' id='word_1_181' title='bbox 2281 874 2372 927; x_wconf 75' lang='grc' dir='ltr'>ἐπὶ</span> <span class='ocrx_word' id='word_1_182' title='bbox 2413 872 2512 942; x_wconf 88' lang='grc' dir='ltr'><strong>τὴν</strong></span> <span class='ocrx_word' id='word_1_183' title='bbox 2542 869 2636 924; x_wconf 88' lang='grc' dir='ltr'><strong>τοῦ</strong></span> <span class='ocrx_word' id='word_1_184' title='bbox 2663 869 2876 942; x_wconf 80' lang='grc' dir='ltr'>Πατρὸς</span> <span class='ocrx_word' id='word_1_185' title='bbox 2909 868 3113 938; x_wconf 80' lang='grc' dir='ltr'>γνῶσιν</span> <span class='ocrx_word' id='word_1_186' title='bbox 3145 867 3242 938; x_wconf 90' lang='grc' dir='ltr'><strong>τὴν</strong></span> <span class='ocrx_word' id='word_1_187' title='bbox 3269 868 3344 930; x_wconf 87' lang='grc' dir='ltr'>ὡς</span> <span class='ocrx_word' id='word_1_188' title='bbox 3397 869 3456 920; x_wconf 81' lang='grc' dir='ltr'><strong>ἐν</strong></span> <span class='ocrx_word' id='word_1_189' title='bbox 3495 868 3678 921; x_wconf 84' lang='grc' dir='ltr'><strong>πίστει</strong></span> 
     </span>
    </p>
   </div>
   <div class='ocr_carea' id='block_1_25' title="bbox 2087 960 3683 1037">
    <p class='ocr_par' dir='ltr' id='par_1_25' title="bbox 2087 960 3683 1037">
     <span class='ocr_line' id='line_1_25' title="bbox 2087 960 3683 1037; baseline -0.006 -18"><span class='ocrx_word' id='word_1_190' title='bbox 2087 967 2182 1020; x_wconf 75' lang='grc' dir='ltr'>καὶ</span> <span class='ocrx_word' id='word_1_191' title='bbox 2223 965 2426 1037; x_wconf 80' lang='grc' dir='ltr'>θεωρίᾳ</span> <span class='ocrx_word' id='word_1_192' title='bbox 2454 963 2763 1034; x_wconf 78' lang='grc' dir='ltr'>βαδίζομεν,</span> <span class='ocrx_word' id='word_1_193' title='bbox 2799 964 2864 1034; x_wconf 79' lang='grc' dir='ltr'>τῇ</span> <span class='ocrx_word' id='word_1_194' title='bbox 2901 961 2975 1025; x_wconf 84' lang='grc' dir='ltr'>ὡς</span> <span class='ocrx_word' id='word_1_195' title='bbox 3001 963 3058 1014; x_wconf 87' lang='grc' dir='ltr'><strong>ἐν</strong></span> <span class='ocrx_word' id='word_1_196' title='bbox 3098 960 3348 1031; x_wconf 77' lang='grc' dir='ltr'>ἐσόπτρῳ</span> <span class='ocrx_word' id='word_1_197' title='bbox 3385 960 3478 1013; x_wconf 76' lang='grc' dir='ltr'><strong>καὶ</strong></span> <span class='ocrx_word' id='word_1_198' title='bbox 3506 960 3683 1027; x_wconf 81' lang='grc' dir='ltr'>αἰνίγ-</span> 
     </span>
    </p>
   </div>
   <div class='ocr_carea' id='block_1_26' title="bbox 2093 1053 3680 1128">
    <p class='ocr_par' dir='ltr' id='par_1_26' title="bbox 2093 1053 3680 1128">
     <span class='ocr_line' id='line_1_26' title="bbox 2093 1053 3680 1128; baseline -0.004 -17"><span class='ocrx_word' id='word_1_199' title='bbox 2093 1075 2242 1128; x_wconf 82' lang='grc' dir='ltr'>ματι,</span> <span class='ocrx_word' id='word_1_200' title='bbox 2281 1056 2426 1110; x_wconf 86' lang='grc' dir='ltr'>καθὰ</span> <span class='ocrx_word' id='word_1_201' title='bbox 2450 1057 2779 1128; x_wconf 85' lang='grc' dir='ltr'>γέγραπται,</span> <span class='ocrx_word' id='word_1_202' title='bbox 2835 1055 2974 1108; x_wconf 84' lang='grc' dir='ltr'>Ἀλλ’</span> <span class='ocrx_word' id='word_1_203' title='bbox 3007 1055 3107 1108; x_wconf 74' lang='grc' dir='ltr'>οὐκ</span> <span class='ocrx_word' id='word_1_204' title='bbox 3151 1055 3216 1109; x_wconf 82' lang='grc' dir='ltr'>ἄν</span> <span class='ocrx_word' id='word_1_205' title='bbox 3263 1071 3346 1117; x_wconf 93' lang='grc' dir='ltr'><strong>τις</strong></span> <span class='ocrx_word' id='word_1_206' title='bbox 3397 1053 3550 1122; x_wconf 76' lang='grc' dir='ltr'>ἅγιος</span> <span class='ocrx_word' id='word_1_207' title='bbox 3592 1053 3680 1122; x_wconf 83' lang='grc' dir='ltr'>εἴη</span> 
     </span>
    </p>
   </div>
   <div class='ocr_carea' id='block_1_27' title="bbox 2090 1146 3680 1218">
    <p class='ocr_par' dir='ltr' id='par_1_27' title="bbox 2090 1146 3680 1218">
     <span class='ocr_line' id='line_1_27' title="bbox 2090 1146 3680 1218; baseline -0.003 -16"><span class='ocrx_word' id='word_1_208' title='bbox 2090 1149 2243 1213; x_wconf 82' lang='grc' dir='ltr'>ποτὲ,</span> <span class='ocrx_word' id='word_1_209' title='bbox 2291 1150 2384 1202; x_wconf 76' lang='grc' dir='ltr'><strong>καὶ</strong></span> <span class='ocrx_word' id='word_1_210' title='bbox 2422 1148 2510 1201; x_wconf 85' lang='grc' dir='ltr'>διὰ</span> <span class='ocrx_word' id='word_1_211' title='bbox 2543 1147 2814 1210; x_wconf 86' lang='grc' dir='ltr'>πολιτείας</span> <span class='ocrx_word' id='word_1_212' title='bbox 2848 1147 2967 1218; x_wconf 78' lang='grc' dir='ltr'>ἥξει</span> <span class='ocrx_word' id='word_1_213' title='bbox 3012 1146 3115 1216; x_wconf 81' lang='grc' dir='ltr'><strong>τῆς</strong></span> <span class='ocrx_word' id='word_1_214' title='bbox 3157 1147 3278 1200; x_wconf 86' lang='grc' dir='ltr'>κατ’</span> <span class='ocrx_word' id='word_1_215' title='bbox 3327 1147 3550 1216; x_wconf 86' lang='grc' dir='ltr'>ἀρετὴν,</span> <span class='ocrx_word' id='word_1_216' title='bbox 3604 1146 3680 1215; x_wconf 84' lang='grc' dir='ltr'><strong>μὴ</strong></span> 
     </span>
    </p>
   </div>
   <div class='ocr_carea' id='block_1_28' title="bbox 2089 1231 3685 1310">
    <p class='ocr_par' dir='ltr' id='par_1_28' title="bbox 2089 1231 3685 1310">
     <span class='ocr_line' id='line_1_28' title="bbox 2089 1231 3685 1310; baseline -0.004 -17"><span class='ocrx_word' id='word_1_217' title='bbox 2089 1239 2210 1310; x_wconf 73' lang='grc' dir='ltr'>οὐχὶ</span> <span class='ocrx_word' id='word_1_218' title='bbox 2241 1237 2600 1309; x_wconf 87' lang='grc' dir='ltr'>ποδηγοῦντος</span> <span class='ocrx_word' id='word_1_219' title='bbox 2625 1237 2787 1291; x_wconf 81' lang='grc' dir='ltr'>αὐτὸν</span> <span class='ocrx_word' id='word_1_220' title='bbox 2816 1237 2895 1300; x_wconf 90' lang='grc' dir='ltr'><strong>είς</strong></span> <span class='ocrx_word' id='word_1_221' title='bbox 2922 1235 3138 1289; x_wconf 74' lang='grc' dir='ltr'>ἅπαντα</span> <span class='ocrx_word' id='word_1_222' title='bbox 3161 1237 3253 1289; x_wconf 88' lang='grc' dir='ltr'><strong>τοῦ</strong></span> <span class='ocrx_word' id='word_1_223' title='bbox 3280 1235 3540 1305; x_wconf 77' lang='grc' dir='ltr'>Χριστοῦ,</span> <span class='ocrx_word' id='word_1_224' title='bbox 3569 1231 3685 1286; x_wconf 76' lang='grc' dir='ltr'>οὐδ’</span> 
     </span>
    </p>
   </div>
   <div class='ocr_carea' id='block_1_29' title="bbox 2093 1325 3684 1400">
    <p class='ocr_par' dir='ltr' id='par_1_29' title="bbox 2093 1325 3684 1400">
     <span class='ocr_line' id='line_1_29' title="bbox 2093 1325 3684 1400; baseline -0.004 -16"><span class='ocrx_word' id='word_1_225' title='bbox 2093 1330 2159 1384; x_wconf 87' lang='grc' dir='ltr'>ἂν</span> <span class='ocrx_word' id='word_1_226' title='bbox 2199 1328 2348 1400; x_wconf 78' lang='grc' dir='ltr'>αὐτῷ</span> <span class='ocrx_word' id='word_1_227' title='bbox 2383 1329 2708 1384; x_wconf 86' lang='grc' dir='ltr'>συνάπτοιτο</span> <span class='ocrx_word' id='word_1_228' title='bbox 2736 1326 2814 1398; x_wconf 85' lang='grc' dir='ltr'>τῷ</span> <span class='ocrx_word' id='word_1_229' title='bbox 2868 1325 2988 1396; x_wconf 85' lang='grc' dir='ltr'><strong>Θεῷ</strong></span> <span class='ocrx_word' id='word_1_230' title='bbox 3043 1327 3138 1380; x_wconf 76' lang='grc' dir='ltr'>καὶ</span> <span class='ocrx_word' id='word_1_231' title='bbox 3189 1325 3390 1397; x_wconf 76' lang='grc' dir='ltr'>Πατρὶ,</span> <span class='ocrx_word' id='word_1_232' title='bbox 3441 1326 3515 1396; x_wconf 86' lang='grc' dir='ltr'><strong>μὴ</strong></span> <span class='ocrx_word' id='word_1_233' title='bbox 3559 1325 3684 1396; x_wconf 75' lang='grc' dir='ltr'>οὐχὶ</span> 
     </span>
    </p>
   </div>
   <div class='ocr_carea' id='block_1_30' title="bbox 2093 1416 3682 1490">
    <p class='ocr_par' dir='ltr' id='par_1_30' title="bbox 2093 1416 3682 1490">
     <span class='ocr_line' id='line_1_30' title="bbox 2093 1416 3682 1490; baseline -0.004 -15"><span class='ocrx_word' id='word_1_234' title='bbox 2093 1421 2314 1484; x_wconf 83' lang='grc' dir='ltr'>πάντως</span> <span class='ocrx_word' id='word_1_235' title='bbox 2337 1419 2714 1490; x_wconf 86' lang='grc' dir='ltr'>μεσιτεύοντος</span> <span class='ocrx_word' id='word_1_236' title='bbox 2743 1417 2835 1471; x_wconf 88' lang='grc' dir='ltr'><strong>τοῦ</strong></span> <span class='ocrx_word' id='word_1_237' title='bbox 2863 1417 3124 1488; x_wconf 85' lang='grc' dir='ltr'>Χριστοῦ·</span> <span class='ocrx_word' id='word_1_238' title='bbox 3155 1418 3386 1488; x_wconf 84' lang='grc' dir='ltr'>μεσίτης</span> <span class='ocrx_word' id='word_1_239' title='bbox 3420 1416 3530 1486; x_wconf 90' lang='grc' dir='ltr'><strong>γάρ</strong></span> <span class='ocrx_word' id='word_1_240' title='bbox 3561 1417 3682 1469; x_wconf 88' lang='grc' dir='ltr'>ἐστι</span> 
     </span>
    </p>
   </div>
   <div class='ocr_carea' id='block_1_31' title="bbox 2091 1505 3685 1583">
    <p class='ocr_par' dir='ltr' id='par_1_31' title="bbox 2091 1505 3685 1583">
     <span class='ocr_line' id='line_1_31' title="bbox 2091 1505 3685 1583; baseline -0.008 -14"><span class='ocrx_word' id='word_1_241' title='bbox 2091 1515 2228 1569; x_wconf 90' lang='grc' dir='ltr'><strong>Θεοῦ</strong></span> <span class='ocrx_word' id='word_1_242' title='bbox 2269 1515 2364 1570; x_wconf 75' lang='grc' dir='ltr'>καὶ</span> <span class='ocrx_word' id='word_1_243' title='bbox 2403 1511 2728 1583; x_wconf 86' lang='grc' dir='ltr'>ἀνθρώπων,</span> <span class='ocrx_word' id='word_1_244' title='bbox 2758 1511 2826 1565; x_wconf 86' lang='grc' dir='ltr'>δι’</span> <span class='ocrx_word' id='word_1_245' title='bbox 2870 1507 3088 1574; x_wconf 81' lang='grc' dir='ltr'>ἑαυτοῦ,</span> <span class='ocrx_word' id='word_1_246' title='bbox 3121 1508 3216 1562; x_wconf 73' lang='grc' dir='ltr'>καὶ</span> <span class='ocrx_word' id='word_1_247' title='bbox 3257 1510 3314 1560; x_wconf 87' lang='grc' dir='ltr'><strong>ἐν</strong></span> <span class='ocrx_word' id='word_1_248' title='bbox 3355 1505 3504 1577; x_wconf 84' lang='grc' dir='ltr'>αὐτῷ</span> <span class='ocrx_word' id='word_1_249' title='bbox 3562 1523 3685 1558; x_wconf 86' lang='grc' dir='ltr'>συν-</span> 
     </span>
    </p>
   </div>
   <div class='ocr_carea' id='block_1_32' title="bbox 2093 1597 3685 1678">
    <p class='ocr_par' dir='ltr' id='par_1_32' title="bbox 2093 1597 3685 1678">
     <span class='ocr_line' id='line_1_32' title="bbox 2093 1597 3685 1678; baseline -0.008 -16"><span class='ocrx_word' id='word_1_250' title='bbox 2093 1609 2281 1662; x_wconf 88' lang='grc' dir='ltr'>άπτων</span> <span class='ocrx_word' id='word_1_251' title='bbox 2314 1605 2413 1678; x_wconf 88' lang='grc' dir='ltr'><strong>τὴν</strong></span> <span class='ocrx_word' id='word_1_252' title='bbox 2457 1605 2856 1678; x_wconf 87' lang='grc' dir='ltr'>ἀνθρωπότητα</span> <span class='ocrx_word' id='word_1_253' title='bbox 2889 1602 2967 1674; x_wconf 80' lang='grc' dir='ltr'>τῷ</span> <span class='ocrx_word' id='word_1_254' title='bbox 2996 1601 3136 1675; x_wconf 71' lang='grc' dir='ltr'>Θεῷ.</span> <span class='ocrx_word' id='word_1_255' title='bbox 3199 1601 3287 1663; x_wconf 83' lang='grc' dir='ltr'>Ὠς</span> <span class='ocrx_word' id='word_1_256' title='bbox 3316 1600 3410 1671; x_wconf 83' lang='grc' dir='ltr'><strong>μὲν</strong></span> <span class='ocrx_word' id='word_1_257' title='bbox 3441 1597 3549 1670; x_wconf 83' lang='grc' dir='ltr'><strong>γὰρ</strong></span> <span class='ocrx_word' id='word_1_258' title='bbox 3590 1599 3685 1651; x_wconf 80' lang='grc' dir='ltr'>ἐκ·</span> 
     </span>
    </p>
   </div>
   <div class='ocr_carea' id='block_1_33' title="bbox 2096 1683 3685 1771">
    <p class='ocr_par' dir='ltr' id='par_1_33' title="bbox 2096 1683 3685 1771">
     <span class='ocr_line' id='line_1_33' title="bbox 2096 1683 3685 1771; baseline -0.009 -17"><span class='ocrx_word' id='word_1_259' title='bbox 2096 1700 2357 1771; x_wconf 84' lang='grc' dir='ltr'>πεφυκὼς</span> <span class='ocrx_word' id='word_1_260' title='bbox 2386 1699 2485 1769; x_wconf 81' lang='grc' dir='ltr'><strong>τῆς</strong></span> <span class='ocrx_word' id='word_1_261' title='bbox 2523 1698 2712 1761; x_wconf 83' lang='grc' dir='ltr'>οὐσίας</span> <span class='ocrx_word' id='word_1_262' title='bbox 2743 1694 2837 1750; x_wconf 81' lang='grc' dir='ltr'><strong>τοῦ</strong></span> <span class='ocrx_word' id='word_1_263' title='bbox 2869 1693 3004 1748; x_wconf 78' lang='grc' dir='ltr'>Θεοῦ</span> <span class='ocrx_word' id='word_1_264' title='bbox 3039 1695 3136 1746; x_wconf 68' lang='grc' dir='ltr'><strong>καὶ</strong></span> <span class='ocrx_word' id='word_1_265' title='bbox 3170 1690 3407 1763; x_wconf 73' lang='grc' dir='ltr'>Πατρός,</span> <span class='ocrx_word' id='word_1_266' title='bbox 3509 1689 3685 1758; x_wconf 85' lang='grc' dir='ltr'>Λόγος</span> 
     </span>
    </p>
   </div>
   <div class='ocr_carea' id='block_1_34' title="bbox 403 1781 1995 1859">
    <p class='ocr_par' dir='ltr' id='par_1_34' title="bbox 403 1783 1992 1856">
     <span class='ocr_line' id='line_1_34' title="bbox 403 1783 1992 1856; baseline -0.004 -14"><span class='ocrx_word' id='word_1_267' title='bbox 403 1797 660 1842; x_wconf 88' lang='lat' dir='ltr'><strong>currunt.</strong></span> <span class='ocrx_word' id='word_1_268' title='bbox 698 1785 871 1840; x_wconf 82' lang='lat' dir='ltr'><strong>Nemo</strong></span> <span class='ocrx_word' id='word_1_269' title='bbox 905 1786 1072 1856; x_wconf 85' lang='lat' dir='ltr'><strong>igitur</strong></span> <span class='ocrx_word' id='word_1_270' title='bbox 1121 1784 1190 1838; x_wconf 90' lang='lat' dir='ltr'><strong>ad</strong></span> <span class='ocrx_word' id='word_1_271' title='bbox 1236 1783 1451 1838; x_wconf 86' lang='lat' dir='ltr'><strong>Patrem</strong></span> <span class='ocrx_word' id='word_1_272' title='bbox 1488 1783 1707 1850; x_wconf 78' lang='lat' dir='ltr'><strong>veniet,</strong></span> <span class='ocrx_word' id='word_1_273' title='bbox 1763 1783 1868 1837; x_wconf 90' lang='lat' dir='ltr'><strong>hoc</strong></span> <span class='ocrx_word' id='word_1_274' title='bbox 1907 1791 1992 1837; x_wconf 88' lang='lat' dir='ltr'><strong>est</strong></span> 
     </span>
    </p>
   </div>
   <div class='ocr_carea' id='block_1_35' title="bbox 2104 1781 3685 1859">
    <p class='ocr_par' dir='ltr' id='par_1_35' title="bbox 2104 1781 3685 1859">
     <span class='ocr_line' id='line_1_35' title="bbox 2104 1781 3685 1859; baseline -0.008 -14"><span class='ocrx_word' id='word_1_275' title='bbox 2104 1792 2233 1856; x_wconf 65' lang='grc' dir='ltr'>ἐστὶ,</span> <span class='ocrx_word' id='word_1_276' title='bbox 2268 1791 2363 1844; x_wconf 77' lang='grc' dir='ltr'>καὶ</span> <span class='ocrx_word' id='word_1_277' title='bbox 2399 1788 2766 1859; x_wconf 82' lang='grc' dir='ltr'>ἀπαύγασμα,</span> <span class='ocrx_word' id='word_1_278' title='bbox 2813 1785 2910 1840; x_wconf 70' lang='grc' dir='ltr'>καὶ</span> <span class='ocrx_word' id='word_1_279' title='bbox 2955 1784 3262 1856; x_wconf 81' lang='grc' dir='ltr'>χαρακτὴρ,</span> <span class='ocrx_word' id='word_1_280' title='bbox 3303 1782 3362 1836; x_wconf 81' lang='grc' dir='ltr'><strong>ἐν</strong></span> <span class='ocrx_word' id='word_1_281' title='bbox 3390 1783 3507 1834; x_wconf 91' lang='grc' dir='ltr'>ἐστι</span> <span class='ocrx_word' id='word_1_282' title='bbox 3547 1781 3685 1851; x_wconf 77' lang='grc' dir='ltr'>πρὸς</span> 
     </span>
    </p>
   </div>
   <div class='ocr_carea' id='block_1_36' title="bbox 404 1873 1993 1944">
    <p class='ocr_par' dir='ltr' id='par_1_36' title="bbox 404 1873 1993 1944">
     <span class='ocr_line' id='line_1_36' title="bbox 404 1873 1993 1944; baseline -0.005 -10"><span class='ocrx_word' id='word_1_283' title='bbox 404 1879 604 1934; x_wconf 75' lang='lat' dir='ltr'><strong>divina:</strong></span> <span class='ocrx_word' id='word_1_284' title='bbox 629 1893 866 1934; x_wconf 87' lang='lat' dir='ltr'><strong>consors</strong></span> <span class='ocrx_word' id='word_1_285' title='bbox 899 1878 989 1933; x_wconf 90' lang='lat' dir='ltr'><strong>ﬁet</strong></span> <span class='ocrx_word' id='word_1_286' title='bbox 1018 1885 1233 1931; x_wconf 65' lang='lat' dir='ltr'><strong>natura:</strong></span> <span class='ocrx_word' id='word_1_287' title='bbox 1256 1877 1324 1942; x_wconf 89' lang='lat'><strong>&quot;°,</strong></span> <span class='ocrx_word' id='word_1_288' title='bbox 1361 1875 1468 1930; x_wconf 91' lang='lat' dir='ltr'><strong>nisi</strong></span> <span class='ocrx_word' id='word_1_289' title='bbox 1497 1890 1596 1944; x_wconf 89' lang='lat' dir='ltr'><strong>per</strong></span> <span class='ocrx_word' id='word_1_290' title='bbox 1620 1875 1799 1930; x_wconf 91' lang='lat' dir='ltr'><strong>solum</strong></span> <span class='ocrx_word' id='word_1_291' title='bbox 1831 1873 1993 1928; x_wconf 85' lang='lat' dir='ltr'><strong>Chri-</strong></span> 
     </span>
    </p>
   </div>
   <div class='ocr_carea' id='block_1_37' title="bbox 403 1966 1987 2036">
    <p class='ocr_par' dir='ltr' id='par_1_37' title="bbox 403 1966 1987 2036">
     <span class='ocr_line' id='line_1_37' title="bbox 403 1966 1987 2036; baseline -0.006 -8"><span class='ocrx_word' id='word_1_292' title='bbox 403 1980 574 2028; x_wconf 87' lang='lat' dir='ltr'><strong>stum.</strong></span> <span class='ocrx_word' id='word_1_293' title='bbox 603 1971 722 2026; x_wconf 86' lang='lat' dir='ltr'><strong>Nisi</strong></span> <span class='ocrx_word' id='word_1_294' title='bbox 751 1972 898 2027; x_wconf 90' lang='lat' dir='ltr'><strong>enim</strong></span> <span class='ocrx_word' id='word_1_295' title='bbox 938 1970 1116 2025; x_wconf 78' lang='lat' dir='ltr'><strong>factus</strong></span> <span class='ocrx_word' id='word_1_296' title='bbox 1152 1969 1319 2022; x_wconf 93' lang='lat' dir='ltr'><strong>homo</strong></span> <span class='ocrx_word' id='word_1_297' title='bbox 1349 1966 1707 2022; x_wconf 88' lang='lat' dir='ltr'><strong>mediatorem</strong></span> <span class='ocrx_word' id='word_1_298' title='bbox 1749 1982 1808 2022; x_wconf 88' lang='lat' dir='ltr'><strong>se</strong></span> <span class='ocrx_word' id='word_1_299' title='bbox 1848 1980 1987 2036; x_wconf 83' lang='lat' dir='ltr'><strong>prae-</strong></span> 
     </span>
    </p>
   </div>
   <div class='ocr_carea' id='block_1_38' title="bbox 407 2059 1990 2132">
    <p class='ocr_par' dir='ltr' id='par_1_38' title="bbox 407 2059 1990 2132">
     <span class='ocr_line' id='line_1_38' title="bbox 407 2059 1990 2132; baseline -0.005 -13"><span class='ocrx_word' id='word_1_300' title='bbox 407 2065 641 2129; x_wconf 87' lang='lat' dir='ltr'><strong>buisset,</strong></span> <span class='ocrx_word' id='word_1_301' title='bbox 676 2078 960 2132; x_wconf 84' lang='lat' dir='ltr'><strong>nunquam</strong></span> <span class='ocrx_word' id='word_1_302' title='bbox 991 2077 1056 2117; x_wconf 92' lang='lat' dir='ltr'><strong>eo</strong></span> <span class='ocrx_word' id='word_1_303' title='bbox 1090 2060 1373 2116; x_wconf 82' lang='lat' dir='ltr'><strong>felicitatis</strong></span> <span class='ocrx_word' id='word_1_304' title='bbox 1428 2059 1670 2130; x_wconf 89' lang='lat' dir='ltr'><strong>provecti</strong></span> <span class='ocrx_word' id='word_1_305' title='bbox 1705 2071 1954 2114; x_wconf 88' lang='lat' dir='ltr'><strong>essemus</strong></span> <span class='ocrx_word' id='word_1_306' title='bbox 1976 2099 1990 2124; x_wconf 92' lang='lat'><strong>,</strong></span> 
     </span>
    </p>
   </div>
   <div class='ocr_carea' id='block_1_39' title="bbox 408 2145 1994 2224">
    <p class='ocr_par' dir='ltr' id='par_1_39' title="bbox 408 2145 1994 2224">
     <span class='ocr_line' id='line_1_39' title="bbox 408 2145 1994 2224; baseline -0.008 -12"><span class='ocrx_word' id='word_1_307' title='bbox 408 2158 506 2212; x_wconf 90' lang='lat' dir='ltr'><strong>sed</strong></span> <span class='ocrx_word' id='word_1_308' title='bbox 547 2167 600 2211; x_wconf 89' lang='lat' dir='ltr'><strong>et</strong></span> <span class='ocrx_word' id='word_1_309' title='bbox 635 2156 683 2210; x_wconf 90' lang='lat' dir='ltr'><strong>si</strong></span> <span class='ocrx_word' id='word_1_310' title='bbox 721 2156 847 2224; x_wconf 89' lang='lat' dir='ltr'><strong>quis</strong></span> <span class='ocrx_word' id='word_1_311' title='bbox 898 2155 966 2208; x_wconf 89' lang='lat' dir='ltr'><strong>ad</strong></span> <span class='ocrx_word' id='word_1_312' title='bbox 1024 2153 1243 2207; x_wconf 91' lang='lat' dir='ltr'><strong>Patrem</strong></span> <span class='ocrx_word' id='word_1_313' title='bbox 1270 2196 1285 2219; x_wconf 90' lang='lat'><strong>,</strong></span> <span class='ocrx_word' id='word_1_314' title='bbox 1328 2145 1442 2222; x_wconf 85' lang='lat' dir='ltr'><strong>per</strong></span> <span class='ocrx_word' id='word_1_315' title='bbox 1477 2149 1994 2219; x_wconf 90' lang='lat' dir='ltr'><strong>contemplationem</strong></span> 
     </span>
    </p>
   </div>
   <div class='ocr_carea' id='block_1_40' title="bbox 411 2240 1997 2315">
    <p class='ocr_par' dir='ltr' id='par_1_40' title="bbox 411 2240 1997 2315">
     <span class='ocr_line' id='line_1_40' title="bbox 411 2240 1997 2315; baseline -0.005 -13"><span class='ocrx_word' id='word_1_316' title='bbox 411 2249 534 2302; x_wconf 89' lang='lat' dir='ltr'><strong>ﬁdei</strong></span> <span class='ocrx_word' id='word_1_317' title='bbox 568 2247 864 2313; x_wconf 87' lang='lat' dir='ltr'><strong>videlicet,</strong></span> <span class='ocrx_word' id='word_1_318' title='bbox 908 2256 964 2299; x_wconf 90' lang='lat' dir='ltr'><strong>et</strong></span> <span class='ocrx_word' id='word_1_319' title='bbox 1001 2245 1147 2315; x_wconf 84' lang='lat' dir='ltr'><strong>piam</strong></span> <span class='ocrx_word' id='word_1_320' title='bbox 1189 2244 1560 2314; x_wconf 84' lang='lat' dir='ltr'><strong>cognitionem</strong></span> <span class='ocrx_word' id='word_1_321' title='bbox 1602 2240 1852 2308; x_wconf 81' lang='lat' dir='ltr'><strong>venerit,</strong></span> <span class='ocrx_word' id='word_1_322' title='bbox 1901 2255 1997 2311; x_wconf 92' lang='lat' dir='ltr'><strong>per</strong></span> 
     </span>
    </p>
   </div>
   <div class='ocr_carea' id='block_1_41' title="bbox 409 2330 1996 2403">
    <p class='ocr_par' dir='ltr' id='par_1_41' title="bbox 409 2330 1996 2403">
     <span class='ocr_line' id='line_1_41' title="bbox 409 2330 1996 2403; baseline -0.002 -15"><span class='ocrx_word' id='word_1_323' title='bbox 409 2337 591 2403; x_wconf 87' lang='lat' dir='ltr'><strong>ipsum</strong></span> <span class='ocrx_word' id='word_1_324' title='bbox 620 2330 812 2389; x_wconf 86' lang='lat' dir='ltr'><strong>itidem</strong></span> <span class='ocrx_word' id='word_1_325' title='bbox 831 2337 1178 2388; x_wconf 81' lang='lat' dir='ltr'><strong>Servatorem</strong></span> <span class='ocrx_word' id='word_1_326' title='bbox 1207 2342 1460 2388; x_wconf 87' lang='lat' dir='ltr'><strong>nostrum</strong></span> <span class='ocrx_word' id='word_1_327' title='bbox 1486 2332 1766 2388; x_wconf 88' lang='lat' dir='ltr'><strong>Christum</strong></span> <span class='ocrx_word' id='word_1_328' title='bbox 1792 2333 1996 2386; x_wconf 87' lang='lat' dir='ltr'><strong>veniet.</strong></span> 
     </span>
    </p>
   </div>
   <div class='ocr_carea' id='block_1_42' title="bbox 411 2425 1997 2494">
    <p class='ocr_par' dir='ltr' id='par_1_42' title="bbox 411 2425 1997 2494">
     <span class='ocr_line' id='line_1_42' title="bbox 411 2425 1997 2494; baseline -0.003 -13"><span class='ocrx_word' id='word_1_329' title='bbox 411 2427 569 2493; x_wconf 82' lang='lat' dir='ltr'><strong>Quod</strong></span> <span class='ocrx_word' id='word_1_330' title='bbox 598 2427 744 2481; x_wconf 90' lang='lat' dir='ltr'><strong>enim</strong></span> <span class='ocrx_word' id='word_1_331' title='bbox 781 2427 944 2481; x_wconf 91' lang='lat' dir='ltr'><strong>modo</strong></span> <span class='ocrx_word' id='word_1_332' title='bbox 988 2427 1238 2481; x_wconf 88' lang='lat' dir='ltr'><strong>dicebam</strong></span> <span class='ocrx_word' id='word_1_333' title='bbox 1268 2469 1283 2493; x_wconf 92' lang='lat'><strong>,</strong></span> <span class='ocrx_word' id='word_1_334' title='bbox 1337 2432 1584 2494; x_wconf 87' lang='lat' dir='ltr'><strong>repetam</strong></span> <span class='ocrx_word' id='word_1_335' title='bbox 1621 2425 1801 2479; x_wconf 92' lang='lat' dir='ltr'><strong>denuo</strong></span> <span class='ocrx_word' id='word_1_336' title='bbox 1826 2465 1841 2489; x_wconf 93' lang='lat'><strong>,</strong></span> <span class='ocrx_word' id='word_1_337' title='bbox 1871 2437 1997 2477; x_wconf 92' lang='lat' dir='ltr'><strong>cum</strong></span> 
     </span>
    </p>
   </div>
   <div class='ocr_carea' id='block_1_43' title="bbox 411 2514 2002 2588">
    <p class='ocr_par' dir='ltr' id='par_1_43' title="bbox 411 2514 2002 2588">
     <span class='ocr_line' id='line_1_43' title="bbox 411 2514 2002 2588; baseline -0.002 -17"><span class='ocrx_word' id='word_1_338' title='bbox 411 2520 522 2572; x_wconf 88' lang='lat' dir='ltr'><strong>alia</strong></span> <span class='ocrx_word' id='word_1_339' title='bbox 571 2533 681 2574; x_wconf 89' lang='lat' dir='ltr'><strong>non</strong></span> <span class='ocrx_word' id='word_1_340' title='bbox 719 2519 789 2574; x_wconf 90' lang='lat' dir='ltr'><strong>sit</strong></span> <span class='ocrx_word' id='word_1_341' title='bbox 832 2518 1257 2588; x_wconf 89' lang='lat' dir='ltr'><strong>philosophandi</strong></span> <span class='ocrx_word' id='word_1_342' title='bbox 1290 2518 1452 2572; x_wconf 88' lang='lat' dir='ltr'><strong>ratio.</strong></span> <span class='ocrx_word' id='word_1_343' title='bbox 1491 2516 1550 2570; x_wconf 92' lang='lat' dir='ltr'><strong>Si</strong></span> <span class='ocrx_word' id='word_1_344' title='bbox 1581 2517 1706 2586; x_wconf 89' lang='lat' dir='ltr'><strong>quis</strong></span> <span class='ocrx_word' id='word_1_345' title='bbox 1739 2515 1883 2571; x_wconf 89' lang='lat' dir='ltr'><strong>enim</strong></span> <span class='ocrx_word' id='word_1_346' title='bbox 1912 2514 2002 2568; x_wconf 88' lang='lat' dir='ltr'><strong>Fi-</strong></span> 
     </span>
    </p>
   </div>
   <div class='ocr_carea' id='block_1_44' title="bbox 409 2605 2000 2677">
    <p class='ocr_par' dir='ltr' id='par_1_44' title="bbox 409 2605 2000 2677">
     <span class='ocr_line' id='line_1_44' title="bbox 409 2605 2000 2677; baseline -0.002 -16"><span class='ocrx_word' id='word_1_347' title='bbox 409 2607 548 2661; x_wconf 90' lang='lat' dir='ltr'><strong>lium</strong></span> <span class='ocrx_word' id='word_1_348' title='bbox 579 2613 639 2660; x_wconf 89' lang='lat' dir='ltr'><strong>ut</strong></span> <span class='ocrx_word' id='word_1_349' title='bbox 665 2623 789 2662; x_wconf 88' lang='lat' dir='ltr'><strong>vere</strong></span> <span class='ocrx_word' id='word_1_350' title='bbox 816 2606 1016 2661; x_wconf 86' lang='lat' dir='ltr'><strong>Filium</strong></span> <span class='ocrx_word' id='word_1_351' title='bbox 1044 2606 1297 2675; x_wconf 87' lang='lat' dir='ltr'><strong>suscipit,</strong></span> <span class='ocrx_word' id='word_1_352' title='bbox 1333 2605 1380 2662; x_wconf 92' lang='lat' dir='ltr'><strong>is</strong></span> <span class='ocrx_word' id='word_1_353' title='bbox 1415 2606 1481 2660; x_wconf 88' lang='lat' dir='ltr'><strong>ad</strong></span> <span class='ocrx_word' id='word_1_354' title='bbox 1513 2605 1879 2677; x_wconf 88' lang='lat' dir='ltr'><strong>cognitionem</strong></span> <span class='ocrx_word' id='word_1_355' title='bbox 1905 2605 2000 2659; x_wconf 89' lang='lat' dir='ltr'><strong>Dei</strong></span> 
     </span>
    </p>
   </div>
   <div class='ocr_carea' id='block_1_45' title="bbox 411 2696 1998 2755">
    <p class='ocr_par' dir='ltr' id='par_1_45' title="bbox 411 2696 1998 2755">
     <span class='ocr_line' id='line_1_45' title="bbox 411 2696 1998 2755; baseline -0.001 -3"><span class='ocrx_word' id='word_1_356' title='bbox 411 2715 476 2754; x_wconf 91' lang='lat' dir='ltr'><strong>ac</strong></span> <span class='ocrx_word' id='word_1_357' title='bbox 501 2697 682 2755; x_wconf 86' lang='lat' dir='ltr'><strong>Patris</strong></span> <span class='ocrx_word' id='word_1_358' title='bbox 712 2698 986 2754; x_wconf 89' lang='lat' dir='ltr'><strong>ascendit.</strong></span> <span class='ocrx_word' id='word_1_359' title='bbox 1021 2697 1133 2754; x_wconf 89' lang='lat' dir='ltr'><strong>Nec</strong></span> <span class='ocrx_word' id='word_1_360' title='bbox 1159 2700 1307 2755; x_wconf 91' lang='lat' dir='ltr'><strong>enim</strong></span> <span class='ocrx_word' id='word_1_361' title='bbox 1335 2699 1610 2754; x_wconf 81' lang='lat' dir='ltr'><strong>exsistere</strong></span> <span class='ocrx_word' id='word_1_362' title='bbox 1644 2696 1814 2752; x_wconf 85' lang='lat' dir='ltr'><strong>Filius</strong></span> <span class='ocrx_word' id='word_1_363' title='bbox 1835 2697 1998 2752; x_wconf 84' lang='lat' dir='ltr'><strong>intel-</strong></span> 
     </span>
    </p>
   </div>
   <div class='ocr_carea' id='block_1_46' title="bbox 410 2789 2003 2861">
    <p class='ocr_par' dir='ltr' id='par_1_46' title="bbox 410 2789 2003 2861">
     <span class='ocr_line' id='line_1_46' title="bbox 410 2789 2003 2861; baseline -0.001 -19"><span class='ocrx_word' id='word_1_364' title='bbox 410 2789 599 2859; x_wconf 85' lang='lat' dir='ltr'><strong>ligitur</strong></span> <span class='ocrx_word' id='word_1_365' title='bbox 620 2833 634 2857; x_wconf 93' lang='lat'><strong>,</strong></span> <span class='ocrx_word' id='word_1_366' title='bbox 665 2791 770 2845; x_wconf 91' lang='lat' dir='ltr'><strong>nisi</strong></span> <span class='ocrx_word' id='word_1_367' title='bbox 806 2791 1036 2845; x_wconf 89' lang='lat' dir='ltr'><strong>omnino</strong></span> <span class='ocrx_word' id='word_1_368' title='bbox 1062 2791 1224 2845; x_wconf 90' lang='lat' dir='ltr'><strong>simul</strong></span> <span class='ocrx_word' id='word_1_369' title='bbox 1261 2791 1608 2861; x_wconf 84' lang='lat' dir='ltr'><strong>intelligatur</strong></span> <span class='ocrx_word' id='word_1_370' title='bbox 1637 2789 1686 2844; x_wconf 90' lang='lat' dir='ltr'><strong>is</strong></span> <span class='ocrx_word' id='word_1_371' title='bbox 1720 2805 1751 2842; x_wconf 91' lang='lat' dir='ltr'><strong>a</strong></span> <span class='ocrx_word' id='word_1_372' title='bbox 1781 2804 1890 2858; x_wconf 90' lang='lat' dir='ltr'><strong>quo</strong></span> <span class='ocrx_word' id='word_1_373' title='bbox 1918 2795 2003 2844; x_wconf 89' lang='lat' dir='ltr'><strong>est</strong></span> 
     </span>
    </p>
   </div>
   <div class='ocr_carea' id='block_1_47' title="bbox 411 2878 2004 2950">
    <p class='ocr_par' dir='ltr' id='par_1_47' title="bbox 411 2878 2004 2950">
     <span class='ocr_line' id='line_1_47' title="bbox 411 2878 2004 2950; baseline 0.001 -20"><span class='ocrx_word' id='word_1_374' title='bbox 411 2880 650 2950; x_wconf 82' lang='lat' dir='ltr'><strong>genitus.</strong></span> <span class='ocrx_word' id='word_1_375' title='bbox 683 2878 940 2949; x_wconf 87' lang='lat' dir='ltr'><strong>Cognitio</strong></span> <span class='ocrx_word' id='word_1_376' title='bbox 973 2880 1247 2947; x_wconf 90' lang='lat' dir='ltr'><strong>siquidem</strong></span> <span class='ocrx_word' id='word_1_377' title='bbox 1278 2879 1405 2934; x_wconf 89' lang='lat' dir='ltr'><strong>Filii</strong></span> <span class='ocrx_word' id='word_1_378' title='bbox 1439 2895 1564 2934; x_wconf 88' lang='lat' dir='ltr'><strong>cum</strong></span> <span class='ocrx_word' id='word_1_379' title='bbox 1593 2878 1775 2935; x_wconf 84' lang='lat' dir='ltr'><strong>Patris</strong></span> <span class='ocrx_word' id='word_1_380' title='bbox 1816 2878 2004 2949; x_wconf 87' lang='lat' dir='ltr'><strong>cogni-</strong></span> 
     </span>
    </p>
   </div>
   <div class='ocr_carea' id='block_1_48' title="bbox 2090 1873 3688 1953">
    <p class='ocr_par' dir='ltr' id='par_1_48' title="bbox 2090 1873 3688 1953">
     <span class='ocr_line' id='line_1_48' title="bbox 2090 1873 3688 1953; baseline -0.007 -16"><span class='ocrx_word' id='word_1_381' title='bbox 2090 1883 2182 1937; x_wconf 78' lang='grc' dir='ltr'><strong>τὸν</strong></span> <span class='ocrx_word' id='word_1_382' title='bbox 2211 1882 2455 1953; x_wconf 84' lang='grc' dir='ltr'>Πατέρα,</span> <span class='ocrx_word' id='word_1_383' title='bbox 2488 1883 2610 1944; x_wconf 80' lang='grc' dir='ltr'>ὅλος</span> <span class='ocrx_word' id='word_1_384' title='bbox 2649 1879 2726 1935; x_wconf 84' lang='grc' dir='ltr'><strong>ὢν</strong></span> <span class='ocrx_word' id='word_1_385' title='bbox 2759 1881 2817 1932; x_wconf 90' lang='grc' dir='ltr'><strong>ἐν</strong></span> <span class='ocrx_word' id='word_1_386' title='bbox 2846 1876 3045 1948; x_wconf 87' lang='grc' dir='ltr'>ἐαυτῷ,</span> <span class='ocrx_word' id='word_1_387' title='bbox 3076 1876 3172 1930; x_wconf 74' lang='grc' dir='ltr'>καὶ</span> <span class='ocrx_word' id='word_1_388' title='bbox 3226 1874 3364 1946; x_wconf 78' lang='grc' dir='ltr'>ἔχων</span> <span class='ocrx_word' id='word_1_389' title='bbox 3413 1873 3578 1927; x_wconf 82' lang='grc' dir='ltr'>αὐτὸν</span> <span class='ocrx_word' id='word_1_390' title='bbox 3628 1873 3688 1926; x_wconf 83' lang='grc' dir='ltr'><strong>ἐν</strong></span> 
     </span>
    </p>
   </div>
   <div class='ocr_carea' id='block_1_49' title="bbox 2092 1963 3688 2046">
    <p class='ocr_par' dir='ltr' id='par_1_49' title="bbox 2092 1963 3688 2046">
     <span class='ocr_line' id='line_1_49' title="bbox 2092 1963 3688 2046; baseline -0.006 -18"><span class='ocrx_word' id='word_1_391' title='bbox 2092 1974 2289 2045; x_wconf 82' lang='grc' dir='ltr'>ἐαυτῷ·</span> <span class='ocrx_word' id='word_1_392' title='bbox 2397 1973 2454 2026; x_wconf 82' lang='grc' dir='ltr'><strong>δέ</strong></span> <span class='ocrx_word' id='word_1_393' title='bbox 2491 1972 2716 2041; x_wconf 90' lang='grc' dir='ltr'>γέγονεν</span> <span class='ocrx_word' id='word_1_394' title='bbox 2745 1969 3031 2039; x_wconf 86' lang='grc' dir='ltr'>ἄνθρωπος</span> <span class='ocrx_word' id='word_1_395' title='bbox 3075 1965 3200 2020; x_wconf 80' lang='grc' dir='ltr'>καθ’</span> <span class='ocrx_word' id='word_1_396' title='bbox 3227 1966 3394 2036; x_wconf 81' lang='grc' dir='ltr'>ἡμᾶς,</span> <span class='ocrx_word' id='word_1_397' title='bbox 3432 1963 3557 2034; x_wconf 85' lang='grc' dir='ltr'>δίχα</span> <span class='ocrx_word' id='word_1_398' title='bbox 3588 1963 3688 2034; x_wconf 83' lang='grc' dir='ltr'>τῆς</span> 
     </span>
    </p>
   </div>
   <div class='ocr_carea' id='block_1_50' title="bbox 2091 2055 3686 2138">
    <p class='ocr_par' dir='ltr' id='par_1_50' title="bbox 2091 2055 3686 2138">
     <span class='ocr_line' id='line_1_50' title="bbox 2091 2055 3686 2138; baseline -0.009 -17"><span class='ocrx_word' id='word_1_399' title='bbox 2091 2066 2250 2138; x_wconf 80' lang='grc' dir='ltr'>ἡμῶν</span> <span class='ocrx_word' id='word_1_400' title='bbox 2282 2066 2558 2137; x_wconf 84' lang='grc' dir='ltr'>ἁμαρτίας</span> <span class='ocrx_word' id='word_1_401' title='bbox 2608 2063 2939 2117; x_wconf 75' lang='grc' dir='ltr'>συνάπτεται</span> <span class='ocrx_word' id='word_1_402' title='bbox 2992 2063 3103 2124; x_wconf 87' lang='grc' dir='ltr'>τοῖς</span> <span class='ocrx_word' id='word_1_403' title='bbox 3149 2060 3241 2112; x_wconf 73' lang='grc' dir='ltr'><strong>ἐπὶ</strong></span> <span class='ocrx_word' id='word_1_404' title='bbox 3300 2059 3403 2128; x_wconf 80' lang='grc' dir='ltr'>τῆς</span> <span class='ocrx_word' id='word_1_405' title='bbox 3429 2058 3553 2128; x_wconf 82' lang='grc' dir='ltr'>γῆς,</span> <span class='ocrx_word' id='word_1_406' title='bbox 3589 2055 3686 2109; x_wconf 80' lang='grc' dir='ltr'><strong>καὶ</strong></span> 
     </span>
    </p>
   </div>
   <div class='ocr_carea' id='block_1_51' title="bbox 2097 2145 3690 2226">
    <p class='ocr_par' dir='ltr' id='par_1_51' title="bbox 2097 2145 3690 2226">
     <span class='ocr_line' id='line_1_51' title="bbox 2097 2145 3690 2226; baseline -0.006 -19"><span class='ocrx_word' id='word_1_407' title='bbox 2097 2154 2346 2226; x_wconf 85' lang='grc' dir='ltr'>μεθόριον</span> <span class='ocrx_word' id='word_1_408' title='bbox 2381 2153 2570 2224; x_wconf 85' lang='grc' dir='ltr'>ὥσπερ</span> <span class='ocrx_word' id='word_1_409' title='bbox 2587 2171 2638 2205; x_wconf 91' lang='grc' dir='ltr'><strong>τι</strong></span> <span class='ocrx_word' id='word_1_410' title='bbox 2670 2151 2882 2222; x_wconf 89' lang='grc' dir='ltr'>γέγονε,</span> <span class='ocrx_word' id='word_1_411' title='bbox 2912 2150 3150 2221; x_wconf 87' lang='grc' dir='ltr'>συνέχων</span> <span class='ocrx_word' id='word_1_412' title='bbox 3173 2149 3230 2203; x_wconf 88' lang='grc' dir='ltr'><strong>ἐν</strong></span> <span class='ocrx_word' id='word_1_413' title='bbox 3260 2147 3435 2219; x_wconf 88' lang='grc' dir='ltr'>ἐαυτῷ</span> <span class='ocrx_word' id='word_1_414' title='bbox 3461 2147 3530 2200; x_wconf 83' lang='grc' dir='ltr'>τὰ</span> <span class='ocrx_word' id='word_1_415' title='bbox 3551 2145 3690 2218; x_wconf 84' lang='grc' dir='ltr'>πρὸς</span> 
     </span>
    </p>
   </div>
   <div class='ocr_carea' id='block_1_52' title="bbox 2096 2233 3689 2317">
    <p class='ocr_par' dir='ltr' id='par_1_52' title="bbox 2096 2233 3689 2317">
     <span class='ocr_line' id='line_1_52' title="bbox 2096 2233 3689 2317; baseline -0.006 -19"><span class='ocrx_word' id='word_1_416' title='bbox 2096 2245 2324 2317; x_wconf 81' lang='grc' dir='ltr'>ἑνότητα</span> <span class='ocrx_word' id='word_1_417' title='bbox 2390 2245 2486 2298; x_wconf 73' lang='grc' dir='ltr'>καὶ</span> <span class='ocrx_word' id='word_1_418' title='bbox 2533 2244 2718 2314; x_wconf 80' lang='grc' dir='ltr'>φιλίαν</span> <span class='ocrx_word' id='word_1_419' title='bbox 2781 2243 3278 2315; x_wconf 85' lang='grc' dir='ltr'>συνδεδραμηκότα.</span> <span class='ocrx_word' id='word_1_420' title='bbox 3349 2240 3538 2302; x_wconf 74' lang='grc' dir='ltr'>Οὐδεὶς</span> <span class='ocrx_word' id='word_1_421' title='bbox 3593 2233 3689 2291; x_wconf 81' lang='grc' dir='ltr'><strong>οὖν</strong></span> 
     </span>
    </p>
   </div>
   <div class='ocr_carea' id='block_1_53' title="bbox 2095 2328 3690 2408">
    <p class='ocr_par' dir='ltr' id='par_1_53' title="bbox 2095 2328 3690 2408">
     <span class='ocr_line' id='line_1_53' title="bbox 2095 2328 3690 2408; baseline -0.008 -16"><span class='ocrx_word' id='word_1_422' title='bbox 2095 2337 2216 2407; x_wconf 80' lang='grc' dir='ltr'>ἥξει</span> <span class='ocrx_word' id='word_1_423' title='bbox 2246 2337 2382 2408; x_wconf 86' lang='grc' dir='ltr'>πρὸς</span> <span class='ocrx_word' id='word_1_424' title='bbox 2403 2337 2496 2390; x_wconf 83' lang='grc' dir='ltr'><strong>τὸν</strong></span> <span class='ocrx_word' id='word_1_425' title='bbox 2527 2336 2768 2407; x_wconf 81' lang='grc' dir='ltr'>Πατέρα,</span> <span class='ocrx_word' id='word_1_426' title='bbox 2797 2334 2940 2388; x_wconf 88' lang='grc' dir='ltr'>τοῦτ’</span> <span class='ocrx_word' id='word_1_427' title='bbox 2966 2334 3104 2400; x_wconf 80' lang='grc' dir='ltr'>ἐστι,</span> <span class='ocrx_word' id='word_1_428' title='bbox 3131 2333 3282 2397; x_wconf 87' lang='grc' dir='ltr'>θείας</span> <span class='ocrx_word' id='word_1_429' title='bbox 3303 2328 3690 2400; x_wconf 80' lang='grc' dir='ltr'>ἀναδειχθήσε-</span> 
     </span>
    </p>
   </div>
   <div class='ocr_carea' id='block_1_54' title="bbox 2095 2419 3692 2500">
    <p class='ocr_par' dir='ltr' id='par_1_54' title="bbox 2095 2419 3692 2500">
     <span class='ocr_line' id='line_1_54' title="bbox 2095 2419 3692 2500; baseline -0.006 -17"><span class='ocrx_word' id='word_1_430' title='bbox 2095 2448 2184 2484; x_wconf 88' lang='grc' dir='ltr'><strong>ται</strong></span> <span class='ocrx_word' id='word_1_431' title='bbox 2219 2430 2434 2498; x_wconf 83' lang='grc' dir='ltr'>φύσεως</span> <span class='ocrx_word' id='word_1_432' title='bbox 2480 2419 2753 2493; x_wconf 75' lang='grc' dir='ltr'>κοινωνὸς,</span> <span class='ocrx_word' id='word_1_433' title='bbox 2787 2430 2835 2482; x_wconf 82' lang='grc' dir='ltr'>εἰ</span> <span class='ocrx_word' id='word_1_434' title='bbox 2883 2429 2957 2500; x_wconf 87' lang='grc' dir='ltr'><strong>μὴ</strong></span> <span class='ocrx_word' id='word_1_435' title='bbox 3006 2428 3093 2482; x_wconf 84' lang='grc' dir='ltr'>διὰ</span> <span class='ocrx_word' id='word_1_436' title='bbox 3121 2425 3358 2499; x_wconf 82' lang='grc' dir='ltr'>Χριστοῦ</span> <span class='ocrx_word' id='word_1_437' title='bbox 3401 2423 3584 2494; x_wconf 85' lang='grc' dir='ltr'>μόνου.</span> <span class='ocrx_word' id='word_1_438' title='bbox 3627 2421 3692 2474; x_wconf 79' lang='lat' dir='ltr'><strong>Ei</strong></span> 
     </span>
    </p>
   </div>
   <div class='ocr_carea' id='block_1_55' title="bbox 2101 2513 3691 2593">
    <p class='ocr_par' dir='ltr' id='par_1_55' title="bbox 2101 2513 3691 2593">
     <span class='ocr_line' id='line_1_55' title="bbox 2101 2513 3691 2593; baseline -0.004 -20"><span class='ocrx_word' id='word_1_439' title='bbox 2101 2520 2176 2593; x_wconf 88' lang='grc' dir='ltr'><strong>μὴ</strong></span> <span class='ocrx_word' id='word_1_440' title='bbox 2216 2520 2325 2590; x_wconf 86' lang='grc' dir='ltr'>γὰρ</span> <span class='ocrx_word' id='word_1_441' title='bbox 2355 2519 2677 2591; x_wconf 78' lang='grc' dir='ltr'>ἐμεσίτευσε</span> <span class='ocrx_word' id='word_1_442' title='bbox 2714 2521 3006 2592; x_wconf 86' lang='grc' dir='ltr'>γενόμενος</span> <span class='ocrx_word' id='word_1_443' title='bbox 3037 2519 3342 2590; x_wconf 82' lang='grc' dir='ltr'>ἄνθρωπος,</span> <span class='ocrx_word' id='word_1_444' title='bbox 3383 2516 3483 2568; x_wconf 82' lang='grc' dir='ltr'><strong>οὐγ</strong></span> <span class='ocrx_word' id='word_1_445' title='bbox 3515 2513 3584 2569; x_wconf 80' lang='grc' dir='ltr'><strong>ἂν</strong></span> <span class='ocrx_word' id='word_1_446' title='bbox 3610 2515 3691 2576; x_wconf 86' lang='grc' dir='ltr'><strong>είς</strong></span> 
     </span>
    </p>
   </div>
   <div class='ocr_carea' id='block_1_56' title="bbox 2102 2606 3692 2684">
    <p class='ocr_par' dir='ltr' id='par_1_56' title="bbox 2102 2606 3692 2684">
     <span class='ocr_line' id='line_1_56' title="bbox 2102 2606 3692 2684; baseline -0.005 -19"><span class='ocrx_word' id='word_1_447' title='bbox 2102 2612 2259 2666; x_wconf 85' lang='grc' dir='ltr'>τοῦτο</span> <span class='ocrx_word' id='word_1_448' title='bbox 2296 2612 2702 2683; x_wconf 81' lang='grc' dir='ltr'>μακαριότητος</span> <span class='ocrx_word' id='word_1_449' title='bbox 2733 2610 2949 2684; x_wconf 71' lang='grc' dir='ltr'>προῦϐη</span> <span class='ocrx_word' id='word_1_450' title='bbox 2985 2612 3054 2665; x_wconf 80' lang='grc' dir='ltr'><strong>τὰ</strong></span> <span class='ocrx_word' id='word_1_451' title='bbox 3085 2611 3207 2664; x_wconf 83' lang='grc' dir='ltr'>καθ’</span> <span class='ocrx_word' id='word_1_452' title='bbox 3230 2612 3399 2680; x_wconf 83' lang='grc' dir='ltr'>ἡμᾶς,</span> <span class='ocrx_word' id='word_1_453' title='bbox 3424 2607 3558 2662; x_wconf 78' lang='grc' dir='ltr'>ἀλλὰ</span> <span class='ocrx_word' id='word_1_454' title='bbox 3598 2606 3692 2659; x_wconf 74' lang='grc' dir='ltr'>καὶ</span> 
     </span>
    </p>
   </div>
   <div class='ocr_carea' id='block_1_57' title="bbox 2105 2697 3693 2774">
    <p class='ocr_par' dir='ltr' id='par_1_57' title="bbox 2105 2697 3693 2774">
     <span class='ocr_line' id='line_1_57' title="bbox 2105 2697 3693 2774; baseline -0.006 -17"><span class='ocrx_word' id='word_1_455' title='bbox 2105 2702 2160 2757; x_wconf 81' lang='grc' dir='ltr'><strong>εί</strong></span> <span class='ocrx_word' id='word_1_456' title='bbox 2179 2720 2263 2767; x_wconf 87' lang='grc' dir='ltr'><strong>τις</strong></span> <span class='ocrx_word' id='word_1_457' title='bbox 2288 2701 2357 2755; x_wconf 79' lang='grc' dir='ltr'><strong>ἴοι</strong></span> <span class='ocrx_word' id='word_1_458' title='bbox 2385 2703 2522 2773; x_wconf 85' lang='grc' dir='ltr'>πρὸς</span> <span class='ocrx_word' id='word_1_459' title='bbox 2546 2703 2637 2756; x_wconf 81' lang='grc' dir='ltr'><strong>τὸν</strong></span> <span class='ocrx_word' id='word_1_460' title='bbox 2667 2703 2888 2774; x_wconf 81' lang='grc' dir='ltr'>Πατέρα</span> <span class='ocrx_word' id='word_1_461' title='bbox 2912 2702 3000 2755; x_wconf 80' lang='grc' dir='ltr'>διὰ</span> <span class='ocrx_word' id='word_1_462' title='bbox 3030 2701 3284 2772; x_wconf 83' lang='grc' dir='ltr'>θεωρίας,</span> <span class='ocrx_word' id='word_1_463' title='bbox 3303 2699 3401 2770; x_wconf 82' lang='grc' dir='ltr'>τῆς</span> <span class='ocrx_word' id='word_1_464' title='bbox 3430 2700 3486 2751; x_wconf 93' lang='grc' dir='ltr'><strong>ἐν</strong></span> <span class='ocrx_word' id='word_1_465' title='bbox 3512 2697 3693 2750; x_wconf 87' lang='grc' dir='ltr'>πίστει</span> 
     </span>
    </p>
   </div>
   <div class='ocr_carea' id='block_1_58' title="bbox 2108 2788 3694 2866">
    <p class='ocr_par' dir='ltr' id='par_1_58' title="bbox 2108 2788 3694 2866">
     <span class='ocr_line' id='line_1_58' title="bbox 2108 2788 3694 2866; baseline -0.004 -18"><span class='ocrx_word' id='word_1_466' title='bbox 2108 2795 2273 2866; x_wconf 75' lang='grc' dir='ltr'>φημὶ,</span> <span class='ocrx_word' id='word_1_467' title='bbox 2304 2795 2396 2847; x_wconf 78' lang='grc' dir='ltr'><strong>καὶ</strong></span> <span class='ocrx_word' id='word_1_468' title='bbox 2418 2793 2620 2863; x_wconf 84' lang='grc' dir='ltr'>γνώσει</span> <span class='ocrx_word' id='word_1_469' title='bbox 2658 2798 2723 2866; x_wconf 85' lang='grc' dir='ltr'>τῇ</span> <span class='ocrx_word' id='word_1_470' title='bbox 2748 2795 2868 2848; x_wconf 84' lang='grc' dir='ltr'>κατ’</span> <span class='ocrx_word' id='word_1_471' title='bbox 2895 2793 3200 2856; x_wconf 78' lang='grc' dir='ltr'>εὐσέϐειαν,</span> <span class='ocrx_word' id='word_1_472' title='bbox 3230 2791 3296 2846; x_wconf 84' lang='grc' dir='ltr'><strong>δι’</strong></span> <span class='ocrx_word' id='word_1_473' title='bbox 3329 2789 3493 2844; x_wconf 80' lang='grc' dir='ltr'>αὑτοῦ</span> <span class='ocrx_word' id='word_1_474' title='bbox 3533 2788 3694 2842; x_wconf 79' lang='grc' dir='ltr'>πάλιν</span> 
     </span>
    </p>
   </div>
   <div class='ocr_carea' id='block_1_59' title="bbox 2107 2880 3694 2958">
    <p class='ocr_par' dir='ltr' id='par_1_59' title="bbox 2107 2880 3694 2958">
     <span class='ocr_line' id='line_1_59' title="bbox 2107 2880 3694 2958; baseline -0.004 -19"><span class='ocrx_word' id='word_1_475' title='bbox 2107 2887 2226 2958; x_wconf 76' lang='grc' dir='ltr'>ἥξει</span> <span class='ocrx_word' id='word_1_476' title='bbox 2263 2885 2356 2939; x_wconf 88' lang='grc' dir='ltr'><strong>τοῦ</strong></span> <span class='ocrx_word' id='word_1_477' title='bbox 2395 2887 2647 2956; x_wconf 83' lang='grc' dir='ltr'>Σωτῆρος</span> <span class='ocrx_word' id='word_1_478' title='bbox 2693 2886 2852 2957; x_wconf 83' lang='grc' dir='ltr'>ἡμῶν</span> <span class='ocrx_word' id='word_1_479' title='bbox 2881 2885 3142 2957; x_wconf 84' lang='grc' dir='ltr'>Χριστοῦ.</span> <span class='ocrx_word' id='word_1_480' title='bbox 3178 2886 3357 2955; x_wconf 85' lang='grc' dir='ltr'>Ὅπερ</span> <span class='ocrx_word' id='word_1_481' title='bbox 3412 2881 3522 2952; x_wconf 85' lang='grc' dir='ltr'>γὰρ</span> <span class='ocrx_word' id='word_1_482' title='bbox 3560 2880 3694 2950; x_wconf 80' lang='grc' dir='ltr'>ἐφην</span> 
     </span>
    </p>
   </div>
   <div class='ocr_carea' id='block_1_60' title="bbox 415 2971 1995 3050">
    <p class='ocr_par' dir='ltr' id='par_1_60' title="bbox 415 2971 1995 3042">
     <span class='ocr_line' id='line_1_60' title="bbox 415 2971 1995 3042; baseline 0 -16"><span class='ocrx_word' id='word_1_483' title='bbox 415 2974 566 3027; x_wconf 90' lang='lat' dir='ltr'><strong>tione</strong></span> <span class='ocrx_word' id='word_1_484' title='bbox 586 2972 888 3034; x_wconf 89' lang='lat' dir='ltr'><strong>concurrit,</strong></span> <span class='ocrx_word' id='word_1_485' title='bbox 927 2971 1103 3027; x_wconf 87' lang='lat' dir='ltr'><strong>Patris</strong></span> <span class='ocrx_word' id='word_1_486' title='bbox 1122 2987 1250 3026; x_wconf 90' lang='lat' dir='ltr'><strong>vero</strong></span> <span class='ocrx_word' id='word_1_487' title='bbox 1272 2973 1512 3042; x_wconf 85' lang='lat' dir='ltr'><strong>cognitio</strong></span> <span class='ocrx_word' id='word_1_488' title='bbox 1530 2987 1655 3026; x_wconf 87' lang='lat' dir='ltr'><strong>cum</strong></span> <span class='ocrx_word' id='word_1_489' title='bbox 1693 2971 1995 3042; x_wconf 77' lang='lat' dir='ltr'><strong>cognitione</strong></span> 
     </span>
    </p>
   </div>
   <div class='ocr_carea' id='block_1_61' title="bbox 2104 2971 3695 3050">
    <p class='ocr_par' dir='ltr' id='par_1_61' title="bbox 2107 2973 3695 3050">
     <span class='ocr_line' id='line_1_61' title="bbox 2107 2973 3695 3050; baseline -0.004 -19"><span class='ocrx_word' id='word_1_490' title='bbox 2107 2978 2328 3049; x_wconf 79' lang='grc' dir='ltr'>ἀρτίως,</span> <span class='ocrx_word' id='word_1_491' title='bbox 2366 2977 2476 3048; x_wconf 84' lang='grc' dir='ltr'>ἐρῶ</span> <span class='ocrx_word' id='word_1_492' title='bbox 2501 2978 2565 3050; x_wconf 86' lang='grc' dir='ltr'><strong>δὴ</strong></span> <span class='ocrx_word' id='word_1_493' title='bbox 2595 2978 2775 3046; x_wconf 86' lang='grc' dir='ltr'>πάλιν,</span> <span class='ocrx_word' id='word_1_494' title='bbox 2803 2977 2901 3048; x_wconf 82' lang='grc' dir='ltr'><strong>οὐχ</strong></span> <span class='ocrx_word' id='word_1_495' title='bbox 2930 2977 3131 3047; x_wconf 89' lang='grc' dir='ltr'>ἐτέρως</span> <span class='ocrx_word' id='word_1_496' title='bbox 3161 2975 3374 3048; x_wconf 77' lang='grc' dir='ltr'>ἔχοντος</span> <span class='ocrx_word' id='word_1_497' title='bbox 3411 2973 3504 3027; x_wconf 88' lang='grc' dir='ltr'><strong>τοῦ</strong></span> <span class='ocrx_word' id='word_1_498' title='bbox 3537 2973 3695 3040; x_wconf 89' lang='grc' dir='ltr'>λόγου</span> 
     </span>
    </p>
   </div>
   <div class='ocr_carea' id='block_1_62' title="bbox 414 3063 1995 3142">
    <p class='ocr_par' dir='ltr' id='par_1_62' title="bbox 414 3063 1995 3133">
     <span class='ocr_line' id='line_1_62' title="bbox 414 3063 1995 3133; baseline 0.002 -16"><span class='ocrx_word' id='word_1_499' title='bbox 414 3063 560 3118; x_wconf 90' lang='lat' dir='ltr'><strong>Filii.</strong></span> <span class='ocrx_word' id='word_1_500' title='bbox 625 3064 899 3130; x_wconf 85' lang='lat' dir='ltr'><strong>Quocirca</strong></span> <span class='ocrx_word' id='word_1_501' title='bbox 934 3079 1062 3118; x_wconf 89' lang='lat' dir='ltr'><strong>vere</strong></span> <span class='ocrx_word' id='word_1_502' title='bbox 1120 3064 1366 3133; x_wconf 88' lang='lat' dir='ltr'><strong>loquitur</strong></span> <span class='ocrx_word' id='word_1_503' title='bbox 1396 3063 1684 3132; x_wconf 79' lang='lat' dir='ltr'><strong>Dominus,</strong></span> <span class='ocrx_word' id='word_1_504' title='bbox 1737 3081 1860 3120; x_wconf 92' lang='lat' dir='ltr'><strong>cum</strong></span> <span class='ocrx_word' id='word_1_505' title='bbox 1886 3066 1995 3120; x_wconf 86' lang='lat' dir='ltr'><strong>ait:</strong></span> 
     </span>
    </p>
   </div>
   <div class='ocr_carea' id='block_1_63' title="bbox 2104 3063 3698 3142">
    <p class='ocr_par' dir='ltr' id='par_1_63' title="bbox 2108 3066 3698 3142">
     <span class='ocr_line' id='line_1_63' title="bbox 2108 3066 3698 3142; baseline -0.005 -16"><span class='ocrx_word' id='word_1_506' title='bbox 2108 3067 2286 3142; x_wconf 75' lang='grc' dir='ltr'>οἷμον.</span> <span class='ocrx_word' id='word_1_507' title='bbox 2324 3069 2769 3142; x_wconf 82' lang='grc' dir='ltr'>Προσδεξάμενος</span> <span class='ocrx_word' id='word_1_508' title='bbox 2791 3071 2898 3142; x_wconf 86' lang='grc' dir='ltr'><strong>γάρ</strong></span> <span class='ocrx_word' id='word_1_509' title='bbox 2925 3088 3008 3135; x_wconf 87' lang='grc' dir='ltr'><strong>τις</strong></span> <span class='ocrx_word' id='word_1_510' title='bbox 3041 3069 3132 3124; x_wconf 72' lang='grc' dir='ltr'>τὸν</span> <span class='ocrx_word' id='word_1_511' title='bbox 3160 3069 3289 3122; x_wconf 83' lang='grc' dir='ltr'>Υίὺν</span> <span class='ocrx_word' id='word_1_512' title='bbox 3311 3069 3391 3132; x_wconf 90' lang='grc' dir='ltr'><strong>είς</strong></span> <span class='ocrx_word' id='word_1_513' title='bbox 3425 3066 3552 3120; x_wconf 82' lang='grc' dir='ltr'>Υίὸν</span> <span class='ocrx_word' id='word_1_514' title='bbox 3571 3067 3698 3136; x_wconf 89' lang='grc' dir='ltr'>αλη-</span> 
     </span>
    </p>
   </div>
   <div class='ocr_carea' id='block_1_64' title="bbox 421 3154 1995 3234">
    <p class='ocr_par' dir='ltr' id='par_1_64' title="bbox 421 3154 1995 3226">
     <span class='ocr_line' id='line_1_64' title="bbox 421 3154 1995 3226; baseline 0.004 -19"><span class='ocrx_word' id='word_1_515' title='bbox 421 3155 621 3212; x_wconf 66' lang='lat' dir='ltr'><strong>«Nemo</strong></span> <span class='ocrx_word' id='word_1_516' title='bbox 641 3154 873 3209; x_wconf 90' lang='lat' dir='ltr'><strong>venitad</strong></span> <span class='ocrx_word' id='word_1_517' title='bbox 894 3154 1128 3218; x_wconf 86' lang='lat' dir='ltr'><strong>Patrem,</strong></span> <span class='ocrx_word' id='word_1_518' title='bbox 1150 3155 1254 3209; x_wconf 90' lang='lat' dir='ltr'><strong>nisi</strong></span> <span class='ocrx_word' id='word_1_519' title='bbox 1281 3171 1374 3225; x_wconf 91' lang='lat' dir='ltr'><strong>per</strong></span> <span class='ocrx_word' id='word_1_520' title='bbox 1406 3171 1547 3219; x_wconf 65' lang='lat' dir='ltr'><strong>me,»</strong></span> <span class='ocrx_word' id='word_1_521' title='bbox 1583 3157 1711 3226; x_wconf 90' lang='lat' dir='ltr'><strong>quia</strong></span> <span class='ocrx_word' id='word_1_522' title='bbox 1741 3158 1995 3214; x_wconf 70' lang='lat' dir='ltr'><strong>naturalis</strong></span> 
     </span>
    </p>
   </div>
   <div class='ocr_carea' id='block_1_65' title="bbox 2104 3154 3694 3234">
    <p class='ocr_par' dir='ltr' id='par_1_65' title="bbox 2118 3159 3694 3234">
     <span class='ocr_line' id='line_1_65' title="bbox 2118 3159 3694 3234; baseline -0.001 -18"><span class='ocrx_word' id='word_1_523' title='bbox 2118 3163 2246 3227; x_wconf 82' lang='grc' dir='ltr'>θῶς,</span> <span class='ocrx_word' id='word_1_524' title='bbox 2286 3164 2380 3215; x_wconf 78' lang='grc' dir='ltr'><strong>ἐπὶ</strong></span> <span class='ocrx_word' id='word_1_525' title='bbox 2401 3163 2502 3233; x_wconf 84' lang='grc' dir='ltr'><strong>τὴν</strong></span> <span class='ocrx_word' id='word_1_526' title='bbox 2541 3162 2635 3216; x_wconf 87' lang='grc' dir='ltr'><strong>τοῦ</strong></span> <span class='ocrx_word' id='word_1_527' title='bbox 2665 3161 2801 3216; x_wconf 84' lang='grc' dir='ltr'>Θεοῦ</span> <span class='ocrx_word' id='word_1_528' title='bbox 2827 3163 2922 3216; x_wconf 75' lang='grc' dir='ltr'><strong>καὶ</strong></span> <span class='ocrx_word' id='word_1_529' title='bbox 2947 3163 3160 3234; x_wconf 69' lang='grc' dir='ltr'>Πατρός</span> <span class='ocrx_word' id='word_1_530' title='bbox 3193 3162 3447 3231; x_wconf 78' lang='grc' dir='ltr'>ἀφίξεται</span> <span class='ocrx_word' id='word_1_531' title='bbox 3473 3159 3694 3229; x_wconf 85' lang='grc' dir='ltr'>γνῶσιν.</span> 
     </span>
    </p>
   </div>
   <div class='ocr_carea' id='block_1_66' title="bbox 415 3244 1995 3327">
    <p class='ocr_par' dir='ltr' id='par_1_66' title="bbox 415 3244 1995 3316">
     <span class='ocr_line' id='line_1_66' title="bbox 415 3244 1995 3316; baseline 0.001 -13"><span class='ocrx_word' id='word_1_532' title='bbox 415 3262 469 3303; x_wconf 84' lang='lat' dir='ltr'><strong>et</strong></span> <span class='ocrx_word' id='word_1_533' title='bbox 496 3247 879 3303; x_wconf 89' lang='lat' dir='ltr'><strong>substantialis</strong></span> <span class='ocrx_word' id='word_1_534' title='bbox 905 3246 1084 3316; x_wconf 87' lang='lat' dir='ltr'><strong>imago</strong></span> <span class='ocrx_word' id='word_1_535' title='bbox 1110 3244 1204 3300; x_wconf 89' lang='lat' dir='ltr'><strong>Dei</strong></span> <span class='ocrx_word' id='word_1_536' title='bbox 1221 3262 1285 3300; x_wconf 90' lang='lat' dir='ltr'><strong>ac</strong></span> <span class='ocrx_word' id='word_1_537' title='bbox 1303 3245 1487 3301; x_wconf 87' lang='lat' dir='ltr'><strong>Patris</strong></span> <span class='ocrx_word' id='word_1_538' title='bbox 1505 3257 1588 3302; x_wconf 92' lang='lat' dir='ltr'><strong>est</strong></span> <span class='ocrx_word' id='word_1_539' title='bbox 1615 3247 1868 3316; x_wconf 85' lang='lat' dir='ltr'><strong>Filius“,</strong></span> <span class='ocrx_word' id='word_1_540' title='bbox 1894 3265 1995 3305; x_wconf 88' lang='lat' dir='ltr'><strong>non</strong></span> 
     </span>
    </p>
   </div>
   <div class='ocr_carea' id='block_1_67' title="bbox 2104 3244 3699 3327">
    <p class='ocr_par' dir='ltr' id='par_1_67' title="bbox 2104 3253 3699 3327">
     <span class='ocr_line' id='line_1_67' title="bbox 2104 3253 3699 3327; baseline -0.003 -17"><span class='ocrx_word' id='word_1_541' title='bbox 2104 3255 2239 3310; x_wconf 79' lang='grc' dir='ltr'>Οὐδὲ</span> <span class='ocrx_word' id='word_1_542' title='bbox 2287 3255 2396 3326; x_wconf 83' lang='grc' dir='ltr'>γὰρ</span> <span class='ocrx_word' id='word_1_543' title='bbox 2436 3256 2564 3320; x_wconf 84' lang='grc' dir='ltr'>Υἱὸς</span> <span class='ocrx_word' id='word_1_544' title='bbox 2607 3256 2875 3327; x_wconf 79' lang='grc' dir='ltr'>ὑπάρχειν</span> <span class='ocrx_word' id='word_1_545' title='bbox 2920 3257 3112 3318; x_wconf 90' lang='grc' dir='ltr'>νοοῖτο,</span> <span class='ocrx_word' id='word_1_546' title='bbox 3173 3255 3247 3326; x_wconf 83' lang='grc' dir='ltr'><strong>μὴ</strong></span> <span class='ocrx_word' id='word_1_547' title='bbox 3313 3254 3434 3326; x_wconf 76' lang='grc' dir='ltr'>οὐχὶ</span> <span class='ocrx_word' id='word_1_548' title='bbox 3482 3253 3699 3316; x_wconf 82' lang='grc' dir='ltr'>πάντως</span> 
     </span>
    </p>
   </div>
   <div class='ocr_carea' id='block_1_68' title="bbox 418 3337 1995 3421">
    <p class='ocr_par' dir='ltr' id='par_1_68' title="bbox 418 3337 1995 3409">
     <span class='ocr_line' id='line_1_68' title="bbox 418 3337 1995 3409; baseline 0 -14"><span class='ocrx_word' id='word_1_549' title='bbox 418 3347 601 3395; x_wconf 89' lang='lat' dir='ltr'><strong>autem</strong></span> <span class='ocrx_word' id='word_1_550' title='bbox 627 3347 685 3391; x_wconf 92' lang='lat' dir='ltr'><strong>ut</strong></span> <span class='ocrx_word' id='word_1_551' title='bbox 716 3339 892 3392; x_wconf 92' lang='lat' dir='ltr'><strong>visum</strong></span> <span class='ocrx_word' id='word_1_552' title='bbox 911 3345 994 3392; x_wconf 88' lang='lat' dir='ltr'><strong>est</strong></span> <span class='ocrx_word' id='word_1_553' title='bbox 1013 3337 1295 3396; x_wconf 82' lang='lat' dir='ltr'><strong>nonnullis</strong></span> <span class='ocrx_word' id='word_1_554' title='bbox 1319 3339 1578 3394; x_wconf 88' lang='lat' dir='ltr'><strong>ascititiis</strong></span> <span class='ocrx_word' id='word_1_555' title='bbox 1595 3339 1995 3409; x_wconf 68' lang='lat' dir='ltr'><strong>dignationibus</strong></span> 
     </span>
    </p>
   </div>
   <div class='ocr_carea' id='block_1_69' title="bbox 2104 3337 3702 3421">
    <p class='ocr_par' dir='ltr' id='par_1_69' title="bbox 2105 3346 3702 3421">
     <span class='ocr_line' id='line_1_69' title="bbox 2105 3346 3702 3421; baseline -0.002 -21"><span class='ocrx_word' id='word_1_556' title='bbox 2105 3348 2574 3419; x_wconf 89' lang='grc' dir='ltr'>συνεισδεχθέντος</span> <span class='ocrx_word' id='word_1_557' title='bbox 2601 3349 2751 3421; x_wconf 88' lang='grc' dir='ltr'>αὐτῷ</span> <span class='ocrx_word' id='word_1_558' title='bbox 2782 3351 2875 3403; x_wconf 85' lang='grc' dir='ltr'><strong>τοῦ</strong></span> <span class='ocrx_word' id='word_1_559' title='bbox 2897 3350 3151 3413; x_wconf 82' lang='grc' dir='ltr'>τεκόντος</span> <span class='ocrx_word' id='word_1_560' title='bbox 3168 3349 3350 3403; x_wconf 79' lang='grc' dir='ltr'>αὐτόν.</span> <span class='ocrx_word' id='word_1_561' title='bbox 3381 3346 3702 3417; x_wconf 88' lang='grc' dir='ltr'>Συνειστρέ-</span> 
     </span>
    </p>
   </div>
   <div class='ocr_carea' id='block_1_70' title="bbox 421 3427 1995 3513">
    <p class='ocr_par' dir='ltr' id='par_1_70' title="bbox 421 3427 1995 3502">
     <span class='ocr_line' id='line_1_70' title="bbox 421 3427 1995 3502; baseline 0.001 -16"><span class='ocrx_word' id='word_1_562' title='bbox 421 3430 803 3486; x_wconf 82' lang='lat' dir='ltr'><strong>conformatus</strong></span> <span class='ocrx_word' id='word_1_563' title='bbox 847 3437 933 3484; x_wconf 87' lang='lat' dir='ltr'><strong>est</strong></span> <span class='ocrx_word' id='word_1_564' title='bbox 979 3427 1048 3483; x_wconf 90' lang='lat' dir='ltr'><strong>ad</strong></span> <span class='ocrx_word' id='word_1_565' title='bbox 1096 3444 1220 3483; x_wconf 90' lang='lat' dir='ltr'><strong>eum</strong></span> <span class='ocrx_word' id='word_1_566' title='bbox 1249 3472 1264 3497; x_wconf 93' lang='lat'><strong>,</strong></span> <span class='ocrx_word' id='word_1_567' title='bbox 1316 3445 1440 3484; x_wconf 89' lang='lat' dir='ltr'><strong>cum</strong></span> <span class='ocrx_word' id='word_1_568' title='bbox 1477 3431 1682 3502; x_wconf 89' lang='lat' dir='ltr'><strong>aliquid</strong></span> <span class='ocrx_word' id='word_1_569' title='bbox 1729 3433 1880 3487; x_wconf 89' lang='lat' dir='ltr'><strong>aliud</strong></span> <span class='ocrx_word' id='word_1_570' title='bbox 1937 3433 1995 3489; x_wconf 73' lang='lat' dir='ltr'><strong>at</strong></span> 
     </span>
    </p>
   </div>
   <div class='ocr_carea' id='block_1_71' title="bbox 2104 3427 3701 3513">
    <p class='ocr_par' dir='ltr' id='par_1_71' title="bbox 2104 3437 3701 3513">
     <span class='ocr_line' id='line_1_71' title="bbox 2104 3437 3701 3513; baseline -0.002 -21"><span class='ocrx_word' id='word_1_571' title='bbox 2104 3456 2188 3510; x_wconf 89' lang='grc' dir='ltr'><strong>χει</strong></span> <span class='ocrx_word' id='word_1_572' title='bbox 2236 3441 2346 3512; x_wconf 85' lang='grc' dir='ltr'><strong>γὰρ</strong></span> <span class='ocrx_word' id='word_1_573' title='bbox 2384 3441 2499 3512; x_wconf 88' lang='grc' dir='ltr'><strong>Υἱῷ</strong></span> <span class='ocrx_word' id='word_1_574' title='bbox 2549 3441 2647 3512; x_wconf 76' lang='grc' dir='ltr'><strong>μὲν</strong></span> <span class='ocrx_word' id='word_1_575' title='bbox 2674 3443 2708 3511; x_wconf 79' lang='grc' dir='ltr'><strong>ἡ</strong></span> <span class='ocrx_word' id='word_1_576' title='bbox 2741 3442 2872 3513; x_wconf 71' lang='grc' dir='ltr'>περὶ</span> <span class='ocrx_word' id='word_1_577' title='bbox 2912 3441 3128 3512; x_wconf 72' lang='grc' dir='ltr'>Πατρός</span> <span class='ocrx_word' id='word_1_578' title='bbox 3178 3440 3406 3510; x_wconf 86' lang='grc' dir='ltr'>γνῶσις,</span> <span class='ocrx_word' id='word_1_579' title='bbox 3439 3439 3614 3509; x_wconf 68' lang='grc' dir='ltr'>Πατρῖ</span> <span class='ocrx_word' id='word_1_580' title='bbox 3642 3437 3701 3490; x_wconf 89' lang='grc' dir='ltr'><strong>δέ</strong></span> 
     </span>
    </p>
   </div>
   <div class='ocr_carea' id='block_1_72' title="bbox 418 3521 1800 3597">
    <p class='ocr_par' dir='ltr' id='par_1_72' title="bbox 418 3521 1800 3597">
     <span class='ocr_line' id='line_1_72' title="bbox 418 3521 1800 3597; baseline -0.001 -19"><span class='ocrx_word' id='word_1_581' title='bbox 418 3539 487 3578; x_wconf 90' lang='lat' dir='ltr'><strong>eo</strong></span> <span class='ocrx_word' id='word_1_582' title='bbox 514 3523 816 3579; x_wconf 91' lang='lat' dir='ltr'><strong>secundum</strong></span> <span class='ocrx_word' id='word_1_583' title='bbox 845 3521 1212 3597; x_wconf 84' lang='lat' dir='ltr'><strong>substantiam</strong></span> <span class='ocrx_word' id='word_1_584' title='bbox 1239 3521 1583 3592; x_wconf 88' lang='lat' dir='ltr'><strong>intelligatur</strong></span> <span class='ocrx_word' id='word_1_585' title='bbox 1621 3530 1675 3578; x_wconf 94' lang='lat' dir='ltr'><strong>et</strong></span> <span class='ocrx_word' id='word_1_586' title='bbox 1707 3525 1800 3579; x_wconf 92' lang='lat' dir='ltr'><strong>sit.</strong></span> 
     </span>
    </p>
   </div>
   <div class='ocr_carea' id='block_1_73' title="bbox 2107 3523 3704 3602">
    <p class='ocr_par' dir='ltr' id='par_1_73' title="bbox 2107 3523 3704 3602">
     <span class='ocr_line' id='line_1_73' title="bbox 2107 3523 3704 3602; baseline -0.001 -22"><span class='ocrx_word' id='word_1_587' title='bbox 2107 3523 2175 3582; x_wconf 82' lang='grc' dir='ltr'><strong>αὖ</strong></span> <span class='ocrx_word' id='word_1_588' title='bbox 2211 3529 2375 3583; x_wconf 87' lang='grc' dir='ltr'>πάλιν</span> <span class='ocrx_word' id='word_1_589' title='bbox 2408 3532 2442 3599; x_wconf 83' lang='grc' dir='ltr'>ἠ</span> <span class='ocrx_word' id='word_1_590' title='bbox 2470 3531 2602 3602; x_wconf 77' lang='grc' dir='ltr'>περὶ</span> <span class='ocrx_word' id='word_1_591' title='bbox 2649 3529 2806 3585; x_wconf 88' lang='grc' dir='ltr'>Υίοῦ.</span> <span class='ocrx_word' id='word_1_592' title='bbox 2849 3529 3060 3583; x_wconf 81' lang='grc' dir='ltr'>Οὐκοῦν</span> <span class='ocrx_word' id='word_1_593' title='bbox 3098 3529 3307 3600; x_wconf 90' lang='grc' dir='ltr'>ἀληθὴς</span> <span class='ocrx_word' id='word_1_594' title='bbox 3331 3530 3360 3581; x_wconf 90' lang='grc' dir='ltr'>ὁ</span> <span class='ocrx_word' id='word_1_595' title='bbox 3386 3527 3589 3599; x_wconf 82' lang='grc' dir='ltr'>Κύριος</span> <span class='ocrx_word' id='word_1_596' title='bbox 3615 3525 3704 3578; x_wconf 84' lang='grc' dir='ltr'>λέ-</span> 
     </span>
    </p>
   </div>
   <div class='ocr_carea' id='block_1_74' title="bbox 422 3612 3699 3691">
    <p class='ocr_par' dir='ltr' id='par_1_74' title="bbox 422 3612 3699 3691">
     <span class='ocr_line' id='line_1_74' title="bbox 422 3612 3699 3691; baseline 0 -25"><span class='ocrx_word' id='word_1_597' title='bbox 422 3629 554 3684; x_wconf 85' lang='grc' dir='ltr'>γων·</span> <span class='ocrx_word' id='word_1_598' title='bbox 605 3632 622 3662; x_wconf 78' lang='grc' dir='ltr'><strong>ι</strong></span> <span class='ocrx_word' id='word_1_599' title='bbox 663 3612 852 3677; x_wconf 76' lang='grc' dir='ltr'>Οὐδεὶς</span> <span class='ocrx_word' id='word_1_600' title='bbox 895 3612 1114 3684; x_wconf 74' lang='grc' dir='ltr'>ἔρχεται</span> <span class='ocrx_word' id='word_1_601' title='bbox 1154 3612 1292 3681; x_wconf 85' lang='grc' dir='ltr'>πρὸς</span> <span class='ocrx_word' id='word_1_602' title='bbox 1341 3612 1433 3666; x_wconf 86' lang='grc' dir='ltr'><strong>τὸν</strong></span> <span class='ocrx_word' id='word_1_603' title='bbox 1475 3613 1717 3684; x_wconf 88' lang='grc' dir='ltr'>Πατέρα,</span> <span class='ocrx_word' id='word_1_604' title='bbox 1775 3615 1824 3667; x_wconf 88' lang='grc' dir='ltr'><strong>εί</strong></span> <span class='ocrx_word' id='word_1_605' title='bbox 1867 3613 1942 3683; x_wconf 86' lang='grc' dir='ltr'><strong>μὴ</strong></span> <span class='ocrx_word' id='word_1_606' title='bbox 1993 3614 2060 3669; x_wconf 83' lang='grc' dir='ltr'>δι’</span> <span class='ocrx_word' id='word_1_607' title='bbox 2096 3618 2252 3688; x_wconf 82' lang='grc' dir='ltr'>ἐμοῦ,</span> <span class='ocrx_word' id='word_1_608' title='bbox 2297 3639 2315 3671; x_wconf 71' lang='grc' dir='ltr'><strong>ι</strong></span> <span class='ocrx_word' id='word_1_609' title='bbox 2359 3619 2441 3673; x_wconf 86' lang='grc' dir='ltr'><strong>ὅτι</strong></span> <span class='ocrx_word' id='word_1_610' title='bbox 2471 3620 2676 3691; x_wconf 88' lang='grc' dir='ltr'>φυσικὴ</span> <span class='ocrx_word' id='word_1_611' title='bbox 2736 3621 2830 3673; x_wconf 68' lang='grc' dir='ltr'>καὶ</span> <span class='ocrx_word' id='word_1_612' title='bbox 2873 3618 3136 3690; x_wconf 82' lang='grc' dir='ltr'>οὐσιὼδης</span> <span class='ocrx_word' id='word_1_613' title='bbox 3200 3617 3362 3671; x_wconf 86' lang='grc' dir='ltr'>είκὼν</span> <span class='ocrx_word' id='word_1_614' title='bbox 3427 3616 3523 3669; x_wconf 86' lang='grc' dir='ltr'><strong>τοῦ</strong></span> <span class='ocrx_word' id='word_1_615' title='bbox 3560 3614 3699 3668; x_wconf 89' lang='grc' dir='ltr'>Θεοῦ</span> 
     </span>
    </p>
   </div>
   <div class='ocr_carea' id='block_1_75' title="bbox 423 3701 3697 3781">
    <p class='ocr_par' dir='ltr' id='par_1_75' title="bbox 423 3701 3697 3781">
     <span class='ocr_line' id='line_1_75' title="bbox 423 3701 3697 3781; baseline 0.002 -27"><span class='ocrx_word' id='word_1_616' title='bbox 423 3704 517 3754; x_wconf 71' lang='grc' dir='ltr'><strong>καὶ</strong></span> <span class='ocrx_word' id='word_1_617' title='bbox 564 3701 777 3773; x_wconf 86' lang='grc' dir='ltr'>Πατρός</span> <span class='ocrx_word' id='word_1_618' title='bbox 834 3704 979 3756; x_wconf 86' lang='grc' dir='ltr'>ἐστιν</span> <span class='ocrx_word' id='word_1_619' title='bbox 1026 3704 1053 3755; x_wconf 85' lang='grc' dir='ltr'>ὁ</span> <span class='ocrx_word' id='word_1_620' title='bbox 1107 3701 1267 3765; x_wconf 76' lang='grc' dir='ltr'>Υἱὸς,</span> <span class='ocrx_word' id='word_1_621' title='bbox 1319 3701 1414 3755; x_wconf 76' lang='grc' dir='ltr'><strong>καὶ</strong></span> <span class='ocrx_word' id='word_1_622' title='bbox 1468 3703 1528 3754; x_wconf 85' lang='grc' dir='ltr'><strong>οὐ</strong></span> <span class='ocrx_word' id='word_1_623' title='bbox 1574 3703 1827 3772; x_wconf 83' lang='grc' dir='ltr'>καθάπερ</span> <span class='ocrx_word' id='word_1_624' title='bbox 1877 3702 2023 3770; x_wconf 76' lang='grc' dir='ltr'>ἔδοξέ</span> <span class='ocrx_word' id='word_1_625' title='bbox 2057 3724 2218 3775; x_wconf 90' lang='grc' dir='ltr'>τισιν,</span> <span class='ocrx_word' id='word_1_626' title='bbox 2269 3712 2527 3773; x_wconf 79' lang='grc' dir='ltr'>ἐπακτοῖς</span> <span class='ocrx_word' id='word_1_627' title='bbox 2577 3709 2852 3781; x_wconf 79' lang='grc' dir='ltr'>ἀξιώμασι</span> <span class='ocrx_word' id='word_1_628' title='bbox 2898 3711 3256 3781; x_wconf 83' lang='grc' dir='ltr'>μεμόρφωται</span> <span class='ocrx_word' id='word_1_629' title='bbox 3306 3708 3442 3779; x_wconf 86' lang='grc' dir='ltr'>πρὸς</span> <span class='ocrx_word' id='word_1_630' title='bbox 3507 3703 3697 3759; x_wconf 67' lang='grc' dir='ltr'>αὐτὸν,</span> 
     </span>
    </p>
   </div>
   <div class='ocr_carea' id='block_1_76' title="bbox 422 3791 1958 3866">
    <p class='ocr_par' dir='ltr' id='par_1_76' title="bbox 422 3791 1958 3866">
     <span class='ocr_line' id='line_1_76' title="bbox 422 3791 1958 3866; baseline 0.001 -21"><span class='ocrx_word' id='word_1_631' title='bbox 422 3792 609 3866; x_wconf 85' lang='grc' dir='ltr'>ἓτερόν</span> <span class='ocrx_word' id='word_1_632' title='bbox 645 3810 697 3846; x_wconf 90' lang='grc' dir='ltr'><strong>τι</strong></span> <span class='ocrx_word' id='word_1_633' title='bbox 741 3792 862 3847; x_wconf 81' lang='grc' dir='ltr'>κατ’</span> <span class='ocrx_word' id='word_1_634' title='bbox 929 3791 1116 3845; x_wconf 84' lang='grc' dir='ltr'>οὐσίαν</span> <span class='ocrx_word' id='word_1_635' title='bbox 1159 3792 1444 3862; x_wconf 84' lang='grc' dir='ltr'>ὑπάρχων,</span> <span class='ocrx_word' id='word_1_636' title='bbox 1497 3791 1592 3844; x_wconf 76' lang='grc' dir='ltr'>καὶ</span> <span class='ocrx_word' id='word_1_637' title='bbox 1646 3792 1958 3862; x_wconf 85' lang='grc' dir='ltr'>νοούμενος.</span> 
     </span>
    </p>
   </div>
   <div class='ocr_carea' id='block_1_77' title="bbox 495 3886 2010 3957">
    <p class='ocr_par' dir='ltr' id='par_1_77' title="bbox 495 3886 2010 3957">
     <span class='ocr_line' id='line_1_77' title="bbox 495 3886 2010 3957; baseline 0.002 -16"><span class='ocrx_word' id='word_1_638' title='bbox 495 3886 638 3942; x_wconf 77' lang='lat' dir='ltr'><strong>XIV.</strong></span> <span class='ocrx_word' id='word_1_639' title='bbox 680 3889 732 3941; x_wconf 90' lang='lat'><strong>7.</strong></span> <span class='ocrx_word' id='word_1_640' title='bbox 776 3886 837 3943; x_wconf 80' lang='lat' dir='ltr'><strong>Si</strong></span> <span class='ocrx_word' id='word_1_641' title='bbox 886 3889 1268 3957; x_wconf 78' lang='lat' dir='ltr'><strong>cognovissetis</strong></span> <span class='ocrx_word' id='word_1_642' title='bbox 1306 3903 1388 3940; x_wconf 88' lang='lat' dir='ltr'><strong>me</strong></span> <span class='ocrx_word' id='word_1_643' title='bbox 1420 3929 1435 3952; x_wconf 92' lang='lat'><strong>,</strong></span> <span class='ocrx_word' id='word_1_644' title='bbox 1471 3896 1522 3941; x_wconf 87' lang='lat' dir='ltr'><strong>et</strong></span> <span class='ocrx_word' id='word_1_645' title='bbox 1570 3886 1793 3942; x_wconf 84' lang='lat' dir='ltr'><strong>Patrem</strong></span> <span class='ocrx_word' id='word_1_646' title='bbox 1837 3905 2010 3944; x_wconf 85' lang='lat' dir='ltr'><strong>meum</strong></span> 
     </span>
    </p>
   </div>
   <div class='ocr_carea' id='block_1_78' title="bbox 423 3979 1032 4051">
    <p class='ocr_par' dir='ltr' id='par_1_78' title="bbox 423 3979 1032 4051">
     <span class='ocr_line' id='line_1_78' title="bbox 423 3979 1032 4051; baseline -0.002 -18"><span class='ocrx_word' id='word_1_647' title='bbox 423 3981 604 4050; x_wconf 80' lang='lat' dir='ltr'><strong>utique</strong></span> <span class='ocrx_word' id='word_1_648' title='bbox 635 3979 1032 4051; x_wconf 78' lang='lat' dir='ltr'><strong>cognovissetis.</strong></span> 
     </span>
    </p>
   </div>
   <div class='ocr_carea' id='block_1_79' title="bbox 499 4071 2011 4143">
    <p class='ocr_par' dir='ltr' id='par_1_79' title="bbox 499 4071 2011 4143">
     <span class='ocr_line' id='line_1_79' title="bbox 499 4071 2011 4143; baseline 0.003 -17"><span class='ocrx_word' id='word_1_649' title='bbox 499 4072 855 4127; x_wconf 82' lang='lat' dir='ltr'><strong>Existimabit</strong></span> <span class='ocrx_word' id='word_1_650' title='bbox 897 4072 1087 4127; x_wconf 80' lang='lat' dir='ltr'><strong>forsan</strong></span> <span class='ocrx_word' id='word_1_651' title='bbox 1128 4071 1332 4143; x_wconf 89' lang='lat' dir='ltr'><strong>aliquis</strong></span> <span class='ocrx_word' id='word_1_652' title='bbox 1375 4071 1556 4143; x_wconf 89' lang='lat' dir='ltr'><strong>ipsum</strong></span> <span class='ocrx_word' id='word_1_653' title='bbox 1596 4082 1786 4128; x_wconf 88' lang='lat' dir='ltr'><strong>contra</strong></span> <span class='ocrx_word' id='word_1_654' title='bbox 1822 4089 1881 4131; x_wconf 91' lang='lat' dir='ltr'><strong>se</strong></span> <span class='ocrx_word' id='word_1_655' title='bbox 1915 4073 2011 4131; x_wconf 86' lang='lat' dir='ltr'><strong>Fi-</strong></span> 
     </span>
    </p>
   </div>
   <div class='ocr_carea' id='block_1_80' title="bbox 429 4162 2017 4223">
    <p class='ocr_par' dir='ltr' id='par_1_80' title="bbox 429 4162 2017 4223">
     <span class='ocr_line' id='line_1_80' title="bbox 429 4162 2017 4223; baseline 0.004 -5"><span class='ocrx_word' id='word_1_656' title='bbox 429 4165 562 4218; x_wconf 91' lang='lat' dir='ltr'><strong>lium</strong></span> <span class='ocrx_word' id='word_1_657' title='bbox 594 4162 888 4217; x_wconf 89' lang='lat' dir='ltr'><strong>disserere.</strong></span> <span class='ocrx_word' id='word_1_658' title='bbox 933 4163 1043 4219; x_wconf 90' lang='lat' dir='ltr'><strong>Sed</strong></span> <span class='ocrx_word' id='word_1_659' title='bbox 1084 4178 1196 4218; x_wconf 93' lang='lat' dir='ltr'><strong>non</strong></span> <span class='ocrx_word' id='word_1_660' title='bbox 1237 4164 1312 4217; x_wconf 91' lang='lat' dir='ltr'><strong>ita</strong></span> <span class='ocrx_word' id='word_1_661' title='bbox 1349 4179 1437 4218; x_wconf 92' lang='lat' dir='ltr'><strong>res</strong></span> <span class='ocrx_word' id='word_1_662' title='bbox 1476 4172 1578 4219; x_wconf 89' lang='lat' dir='ltr'><strong>est.</strong></span> <span class='ocrx_word' id='word_1_663' title='bbox 1604 4163 1716 4220; x_wconf 89' lang='lat' dir='ltr'><strong>Nec</strong></span> <span class='ocrx_word' id='word_1_664' title='bbox 1745 4167 1888 4222; x_wconf 90' lang='lat' dir='ltr'><strong>enim</strong></span> <span class='ocrx_word' id='word_1_665' title='bbox 1919 4183 2017 4223; x_wconf 86' lang='lat' dir='ltr'><strong>va-</strong></span> 
     </span>
    </p>
   </div>
   <div class='ocr_carea' id='block_1_81' title="bbox 425 4253 2004 4329">
    <p class='ocr_par' dir='ltr' id='par_1_81' title="bbox 425 4253 2004 4329">
     <span class='ocr_line' id='line_1_81' title="bbox 425 4253 2004 4329; baseline 0.002 -18"><span class='ocrx_word' id='word_1_666' title='bbox 425 4272 556 4311; x_wconf 91' lang='lat' dir='ltr'><strong>num</strong></span> <span class='ocrx_word' id='word_1_667' title='bbox 613 4253 821 4325; x_wconf 88' lang='lat' dir='ltr'><strong>aliquid</strong></span> <span class='ocrx_word' id='word_1_668' title='bbox 860 4265 957 4310; x_wconf 89' lang='lat' dir='ltr'><strong>aut</strong></span> <span class='ocrx_word' id='word_1_669' title='bbox 995 4270 1468 4324; x_wconf 88' lang='lat' dir='ltr'><strong>supervacaneum</strong></span> <span class='ocrx_word' id='word_1_670' title='bbox 1509 4272 1752 4327; x_wconf 88' lang='lat' dir='ltr'><strong>unquam</strong></span> <span class='ocrx_word' id='word_1_671' title='bbox 1807 4268 2004 4329; x_wconf 89' lang='lat' dir='ltr'><strong>protu-</strong></span> 
     </span>
    </p>
   </div>
   <div class='ocr_carea' id='block_1_82' title="bbox 2177 3890 3703 3962">
    <p class='ocr_par' dir='ltr' id='par_1_82' title="bbox 2177 3890 3703 3962">
     <span class='ocr_line' id='line_1_82' title="bbox 2177 3890 3703 3962; baseline 0.002 -17"><span class='ocrx_word' id='word_1_672' title='bbox 2177 3894 2245 3946; x_wconf 84' lang='grc' dir='ltr'><strong>Εὶ</strong></span> <span class='ocrx_word' id='word_1_673' title='bbox 2268 3891 2578 3962; x_wconf 55' lang='grc' dir='ltr'>ἐγνώκειτέ</span> <span class='ocrx_word' id='word_1_674' title='bbox 2594 3909 2691 3962; x_wconf 82' lang='grc' dir='ltr'><strong>με,</strong></span> <span class='ocrx_word' id='word_1_675' title='bbox 2715 3890 2816 3946; x_wconf 82' lang='grc' dir='ltr'><strong>καὶ</strong></span> <span class='ocrx_word' id='word_1_676' title='bbox 2832 3891 2940 3945; x_wconf 82' lang='grc' dir='ltr'><strong>τὸν</strong></span> <span class='ocrx_word' id='word_1_677' title='bbox 2955 3891 3187 3959; x_wconf 84' lang='grc' dir='ltr'>Πατέρα</span> <span class='ocrx_word' id='word_1_678' title='bbox 3211 3907 3331 3960; x_wconf 84' lang='grc' dir='ltr'><strong>μου</strong></span> <span class='ocrx_word' id='word_1_679' title='bbox 3377 3890 3454 3945; x_wconf 78' lang='grc' dir='ltr'>ἂν</span> <span class='ocrx_word' id='word_1_680' title='bbox 3479 3891 3703 3960; x_wconf 74' lang='grc' dir='ltr'>ᾔδειτε.</span> 
     </span>
    </p>
   </div>
   <div class='ocr_carea' id='block_1_83' title="bbox 2184 4069 3706 4144">
    <p class='ocr_par' dir='ltr' id='par_1_83' title="bbox 2184 4069 3706 4144">
     <span class='ocr_line' id='line_1_83' title="bbox 2184 4069 3706 4144; baseline 0.009 -20"><span class='ocrx_word' id='word_1_681' title='bbox 2184 4070 2352 4125; x_wconf 82' lang='grc' dir='ltr'>Αὑτὸν</span> <span class='ocrx_word' id='word_1_682' title='bbox 2409 4071 2476 4144; x_wconf 84' lang='grc' dir='ltr'><strong>δὴ</strong></span> <span class='ocrx_word' id='word_1_683' title='bbox 2509 4071 2632 4128; x_wconf 82' lang='grc' dir='ltr'>καθ’</span> <span class='ocrx_word' id='word_1_684' title='bbox 2673 4072 2870 4127; x_wconf 90' lang='grc' dir='ltr'>ἐαυτοῦ</span> <span class='ocrx_word' id='word_1_685' title='bbox 2907 4071 3041 4143; x_wconf 84' lang='grc' dir='ltr'>φαίη</span> <span class='ocrx_word' id='word_1_686' title='bbox 3073 4088 3159 4134; x_wconf 86' lang='grc' dir='ltr'><strong>τις</strong></span> <span class='ocrx_word' id='word_1_687' title='bbox 3191 4069 3258 4124; x_wconf 82' lang='grc' dir='ltr'>ἂν</span> <span class='ocrx_word' id='word_1_688' title='bbox 3293 4069 3424 4133; x_wconf 83' lang='grc' dir='ltr'>ἴσως</span> <span class='ocrx_word' id='word_1_689' title='bbox 3471 4070 3564 4124; x_wconf 68' lang='grc' dir='ltr'>καὶ</span> <span class='ocrx_word' id='word_1_690' title='bbox 3589 4073 3706 4142; x_wconf 80' lang='grc' dir='ltr'>οἰη-</span> 
     </span>
    </p>
   </div>
   <div class='ocr_carea' id='block_1_84' title="bbox 2116 4160 3702 4234">
    <p class='ocr_par' dir='ltr' id='par_1_84' title="bbox 2116 4160 3702 4234">
     <span class='ocr_line' id='line_1_84' title="bbox 2116 4160 3702 4234; baseline 0 -18"><span class='ocrx_word' id='word_1_691' title='bbox 2116 4163 2232 4233; x_wconf 86' lang='grc' dir='ltr'>θείη</span> <span class='ocrx_word' id='word_1_692' title='bbox 2262 4164 2422 4234; x_wconf 77' lang='grc' dir='ltr'>τυχὸν</span> <span class='ocrx_word' id='word_1_693' title='bbox 2451 4163 2795 4234; x_wconf 87' lang='grc' dir='ltr'>διαλέγεσθαι</span> <span class='ocrx_word' id='word_1_694' title='bbox 2847 4163 2938 4218; x_wconf 81' lang='grc' dir='ltr'><strong>τὸν</strong></span> <span class='ocrx_word' id='word_1_695' title='bbox 2962 4162 3114 4216; x_wconf 80' lang='grc' dir='ltr'>Υίόν.</span> <span class='ocrx_word' id='word_1_696' title='bbox 3143 4163 3296 4231; x_wconf 88' lang='grc' dir='ltr'>Ἔχει</span> <span class='ocrx_word' id='word_1_697' title='bbox 3320 4160 3375 4213; x_wconf 88' lang='grc' dir='ltr'><strong>δέ</strong></span> <span class='ocrx_word' id='word_1_698' title='bbox 3395 4161 3492 4232; x_wconf 79' lang='grc' dir='ltr'><strong>οὐχ</strong></span> <span class='ocrx_word' id='word_1_699' title='bbox 3511 4161 3702 4225; x_wconf 71' lang='grc' dir='ltr'>οὕτως.</span> 
     </span>
    </p>
   </div>
   <div class='ocr_carea' id='block_1_85' title="bbox 2121 4253 3707 4326">
    <p class='ocr_par' dir='ltr' id='par_1_85' title="bbox 2121 4253 3707 4326">
     <span class='ocr_line' id='line_1_85' title="bbox 2121 4253 3707 4326; baseline -0.001 -18"><span class='ocrx_word' id='word_1_700' title='bbox 2121 4255 2196 4308; x_wconf 83' lang='grc' dir='ltr'><strong>Οὐ</strong></span> <span class='ocrx_word' id='word_1_701' title='bbox 2243 4255 2352 4326; x_wconf 83' lang='grc' dir='ltr'>γὰρ</span> <span class='ocrx_word' id='word_1_702' title='bbox 2402 4257 2468 4311; x_wconf 81' lang='grc' dir='ltr'>ἄν</span> <span class='ocrx_word' id='word_1_703' title='bbox 2519 4275 2572 4310; x_wconf 85' lang='grc' dir='ltr'><strong>τι</strong></span> <span class='ocrx_word' id='word_1_704' title='bbox 2616 4256 2726 4311; x_wconf 85' lang='grc' dir='ltr'>τῶν</span> <span class='ocrx_word' id='word_1_705' title='bbox 2781 4255 3001 4310; x_wconf 86' lang='grc' dir='ltr'>είκαίων</span> <span class='ocrx_word' id='word_1_706' title='bbox 3051 4253 3349 4324; x_wconf 83' lang='grc' dir='ltr'>ἐφθέγξατο</span> <span class='ocrx_word' id='word_1_707' title='bbox 3389 4253 3485 4308; x_wconf 72' lang='grc' dir='ltr'><strong>καὶ</strong></span> <span class='ocrx_word' id='word_1_708' title='bbox 3519 4271 3707 4324; x_wconf 86' lang='grc' dir='ltr'>περιτ-</span> 
     </span>
    </p>
   </div>
   <div class='ocr_carea' id='block_1_86' title="bbox 425 4347 1995 4422">
    <p class='ocr_par' dir='ltr' id='par_1_86' title="bbox 425 4347 1995 4422">
     <span class='ocr_line' id='line_1_86' title="bbox 425 4347 1995 4422; baseline 0.002 -20"><span class='ocrx_word' id='word_1_709' title='bbox 425 4349 584 4410; x_wconf 83' lang='lat' dir='ltr'><strong>.erit,</strong></span> <span class='ocrx_word' id='word_1_710' title='bbox 621 4347 848 4401; x_wconf 86' lang='lat' dir='ltr'><strong>tametsi</strong></span> <span class='ocrx_word' id='word_1_711' title='bbox 887 4361 955 4402; x_wconf 74' lang='lat' dir='ltr'><strong>ex</strong></span> <span class='ocrx_word' id='word_1_712' title='bbox 992 4361 1059 4400; x_wconf 89' lang='lat' dir='ltr'><strong>eo</strong></span> <span class='ocrx_word' id='word_1_713' title='bbox 1093 4347 1240 4416; x_wconf 89' lang='lat' dir='ltr'><strong>quod</strong></span> <span class='ocrx_word' id='word_1_714' title='bbox 1289 4362 1398 4401; x_wconf 90' lang='lat' dir='ltr'><strong>non</strong></span> <span class='ocrx_word' id='word_1_715' title='bbox 1448 4347 1742 4404; x_wconf 91' lang='lat' dir='ltr'><strong>admodum</strong></span> <span class='ocrx_word' id='word_1_716' title='bbox 1793 4351 1995 4422; x_wconf 85' lang='lat' dir='ltr'><strong>possinl</strong></span> 
     </span>
    </p>
   </div>
   <div class='ocr_carea' id='block_1_87' title="bbox 2104 4347 3705 4422">
    <p class='ocr_par' dir='ltr' id='par_1_87' title="bbox 2119 4347 3705 4418">
     <span class='ocr_line' id='line_1_87' title="bbox 2119 4347 3705 4418; baseline -0.002 -17"><span class='ocrx_word' id='word_1_717' title='bbox 2119 4348 2247 4414; x_wconf 84' lang='grc' dir='ltr'>τῶν,</span> <span class='ocrx_word' id='word_1_718' title='bbox 2281 4351 2330 4403; x_wconf 82' lang='grc' dir='ltr'>εἰ</span> <span class='ocrx_word' id='word_1_719' title='bbox 2361 4351 2455 4403; x_wconf 77' lang='grc' dir='ltr'>καὶ</span> <span class='ocrx_word' id='word_1_720' title='bbox 2491 4351 2575 4404; x_wconf 80' lang='grc' dir='ltr'><strong>ὅτι</strong></span> <span class='ocrx_word' id='word_1_721' title='bbox 2623 4350 2857 4418; x_wconf 77' lang='grc' dir='ltr'>μάλιστα</span> <span class='ocrx_word' id='word_1_722' title='bbox 2893 4347 2983 4402; x_wconf 86' lang='grc' dir='ltr'>διὰ</span> <span class='ocrx_word' id='word_1_723' title='bbox 3006 4347 3066 4400; x_wconf 85' lang='grc' dir='ltr'>τὸ</span> <span class='ocrx_word' id='word_1_724' title='bbox 3105 4347 3179 4418; x_wconf 82' lang='grc' dir='ltr'><strong>μὴ</strong></span> <span class='ocrx_word' id='word_1_725' title='bbox 3213 4348 3422 4418; x_wconf 84' lang='grc' dir='ltr'>σφόδρα</span> <span class='ocrx_word' id='word_1_726' title='bbox 3445 4347 3705 4402; x_wconf 84' lang='grc' dir='ltr'>δύνασθαί</span> 
     </span>
    </p>
   </div>
   <div class='ocr_carea' id='block_1_88' title="bbox 425 4438 2006 4514">
    <p class='ocr_par' dir='ltr' id='par_1_88' title="bbox 425 4438 2006 4514">
     <span class='ocr_line' id='line_1_88' title="bbox 425 4438 2006 4514; baseline 0.004 -22"><span class='ocrx_word' id='word_1_727' title='bbox 425 4438 675 4492; x_wconf 89' lang='lat' dir='ltr'><strong>nonnulli</strong></span> <span class='ocrx_word' id='word_1_728' title='bbox 713 4454 838 4507; x_wconf 68' lang='lat' dir='ltr'><strong>quae</strong></span> <span class='ocrx_word' id='word_1_729' title='bbox 876 4438 1139 4492; x_wconf 88' lang='lat' dir='ltr'><strong>dicuntur</strong></span> <span class='ocrx_word' id='word_1_730' title='bbox 1181 4439 1446 4510; x_wconf 89' lang='lat' dir='ltr'><strong>assequi,</strong></span> <span class='ocrx_word' id='word_1_731' title='bbox 1484 4442 1787 4499; x_wconf 90' lang='lat' dir='ltr'><strong>utilissime</strong></span> <span class='ocrx_word' id='word_1_732' title='bbox 1826 4459 2006 4514; x_wconf 88' lang='lat' dir='ltr'><strong>quan-</strong></span> 
     </span>
    </p>
   </div>
   <div class='ocr_carea' id='block_1_89' title="bbox 423 4529 2010 4605">
    <p class='ocr_par' dir='ltr' id='par_1_89' title="bbox 423 4529 2010 4605">
     <span class='ocr_line' id='line_1_89' title="bbox 423 4529 2010 4605; baseline 0.004 -20"><span class='ocrx_word' id='word_1_733' title='bbox 423 4531 605 4600; x_wconf 89' lang='lat' dir='ltr'><strong>doque</strong></span> <span class='ocrx_word' id='word_1_734' title='bbox 645 4530 868 4600; x_wconf 89' lang='lat' dir='ltr'><strong>repetit.</strong></span> <span class='ocrx_word' id='word_1_735' title='bbox 910 4529 979 4583; x_wconf 90' lang='lat' dir='ltr'><strong>Et</strong></span> <span class='ocrx_word' id='word_1_736' title='bbox 1020 4530 1241 4599; x_wconf 92' lang='lat' dir='ltr'><strong>quidem</strong></span> <span class='ocrx_word' id='word_1_737' title='bbox 1280 4547 1389 4586; x_wconf 90' lang='lat' dir='ltr'><strong>non</strong></span> <span class='ocrx_word' id='word_1_738' title='bbox 1430 4547 1625 4602; x_wconf 92' lang='lat' dir='ltr'><strong>parum</strong></span> <span class='ocrx_word' id='word_1_739' title='bbox 1666 4551 1766 4591; x_wconf 91' lang='lat' dir='ltr'><strong>nos</strong></span> <span class='ocrx_word' id='word_1_740' title='bbox 1799 4536 1891 4590; x_wconf 91' lang='lat' dir='ltr'><strong>hic</strong></span> <span class='ocrx_word' id='word_1_741' title='bbox 1918 4536 2010 4605; x_wconf 89' lang='lat' dir='ltr'><strong>ju-</strong></span> 
     </span>
    </p>
   </div>
   <div class='ocr_carea' id='block_1_90' title="bbox 423 4620 2010 4696">
    <p class='ocr_par' dir='ltr' id='par_1_90' title="bbox 423 4620 2010 4696">
     <span class='ocr_line' id='line_1_90' title="bbox 423 4620 2010 4696; baseline 0.004 -21"><span class='ocrx_word' id='word_1_742' title='bbox 423 4627 552 4686; x_wconf 88' lang='lat' dir='ltr'><strong>vat,</strong></span> <span class='ocrx_word' id='word_1_743' title='bbox 591 4620 720 4675; x_wconf 92' lang='lat' dir='ltr'><strong>dum</strong></span> <span class='ocrx_word' id='word_1_744' title='bbox 755 4621 870 4676; x_wconf 64' lang='lat' dir='ltr'><strong>haec</strong></span> <span class='ocrx_word' id='word_1_745' title='bbox 907 4621 1184 4691; x_wconf 88' lang='lat' dir='ltr'><strong>prioribus</strong></span> <span class='ocrx_word' id='word_1_746' title='bbox 1221 4623 1490 4694; x_wconf 73' lang='lat' dir='ltr'><strong>adiungit.</strong></span> <span class='ocrx_word' id='word_1_747' title='bbox 1532 4624 1669 4680; x_wconf 90' lang='lat' dir='ltr'><strong>Nam</strong></span> <span class='ocrx_word' id='word_1_748' title='bbox 1703 4628 1834 4696; x_wconf 87' lang='lat' dir='ltr'><strong>quia</strong></span> <span class='ocrx_word' id='word_1_749' title='bbox 1863 4626 2010 4682; x_wconf 81' lang='lat' dir='ltr'><strong>Tho-</strong></span> 
     </span>
    </p>
   </div>
   <div class='ocr_carea' id='block_1_91' title="bbox 423 4712 2010 4784">
    <p class='ocr_par' dir='ltr' id='par_1_91' title="bbox 423 4712 2010 4784">
     <span class='ocr_line' id='line_1_91' title="bbox 423 4712 2010 4784; baseline 0.005 -20"><span class='ocrx_word' id='word_1_750' title='bbox 423 4725 545 4766; x_wconf 87' lang='lat' dir='ltr'><strong>mas</strong></span> <span class='ocrx_word' id='word_1_751' title='bbox 607 4712 1006 4766; x_wconf 87' lang='lat' dir='ltr'><strong>sciscitabatur</strong></span> <span class='ocrx_word' id='word_1_752' title='bbox 1070 4727 1310 4782; x_wconf 89' lang='lat' dir='ltr'><strong>quonam</strong></span> <span class='ocrx_word' id='word_1_753' title='bbox 1361 4717 1620 4773; x_wconf 90' lang='lat' dir='ltr'><strong>abiturus</strong></span> <span class='ocrx_word' id='word_1_754' title='bbox 1667 4726 1853 4784; x_wconf 86' lang='lat' dir='ltr'><strong>esset,</strong></span> <span class='ocrx_word' id='word_1_755' title='bbox 1914 4727 2010 4772; x_wconf 89' lang='lat' dir='ltr'><strong>aut</strong></span> 
     </span>
    </p>
   </div>
   <div class='ocr_carea' id='block_1_92' title="bbox 423 4803 2010 4880">
    <p class='ocr_par' dir='ltr' id='par_1_92' title="bbox 423 4803 2010 4880">
     <span class='ocr_line' id='line_1_92' title="bbox 423 4803 2010 4880; baseline 0.006 -25"><span class='ocrx_word' id='word_1_756' title='bbox 423 4803 704 4872; x_wconf 91' lang='lat' dir='ltr'><strong>quomodo</strong></span> <span class='ocrx_word' id='word_1_757' title='bbox 744 4804 1022 4874; x_wconf 85' lang='lat' dir='ltr'><strong>cognituri</strong></span> <span class='ocrx_word' id='word_1_758' title='bbox 1056 4813 1244 4861; x_wconf 89' lang='lat' dir='ltr'><strong>essent</strong></span> <span class='ocrx_word' id='word_1_759' title='bbox 1280 4809 1424 4862; x_wconf 90' lang='lat' dir='ltr'><strong>viam</strong></span> <span class='ocrx_word' id='word_1_760' title='bbox 1448 4851 1462 4875; x_wconf 95' lang='lat'><strong>,</strong></span> <span class='ocrx_word' id='word_1_761' title='bbox 1506 4810 1830 4880; x_wconf 85' lang='lat' dir='ltr'><strong>ignorantes</strong></span> <span class='ocrx_word' id='word_1_762' title='bbox 1869 4825 2010 4880; x_wconf 90' lang='lat' dir='ltr'><strong>quo-</strong></span> 
     </span>
    </p>
   </div>
   <div class='ocr_carea' id='block_1_93' title="bbox 425 4896 2012 4975">
    <p class='ocr_par' dir='ltr' id='par_1_93' title="bbox 425 4896 2012 4975">
     <span class='ocr_line' id='line_1_93' title="bbox 425 4896 2012 4975; baseline 0.008 -29"><span class='ocrx_word' id='word_1_763' title='bbox 425 4908 553 4947; x_wconf 89' lang='lat' dir='ltr'><strong>nam</strong></span> <span class='ocrx_word' id='word_1_764' title='bbox 613 4903 761 4949; x_wconf 90' lang='lat' dir='ltr'><strong>esset</strong></span> <span class='ocrx_word' id='word_1_765' title='bbox 810 4896 1097 4963; x_wconf 89' lang='lat' dir='ltr'><strong>abiturus,</strong></span> <span class='ocrx_word' id='word_1_766' title='bbox 1152 4902 1472 4956; x_wconf 91' lang='lat' dir='ltr'><strong>necessario</strong></span> <span class='ocrx_word' id='word_1_767' title='bbox 1521 4903 1808 4972; x_wconf 87' lang='lat' dir='ltr'><strong>subjecit:</strong></span> <span class='ocrx_word' id='word_1_768' title='bbox 1847 4923 1866 4955; x_wconf 75' lang='grc' dir='ltr'><strong>ι</strong></span> <span class='ocrx_word' id='word_1_769' title='bbox 1899 4903 2012 4975; x_wconf 82' lang='lat' dir='ltr'><strong>Ego</strong></span> 
     </span>
    </p>
   </div>
   <div class='ocr_carea' id='block_1_94' title="bbox 426 4986 2015 5054">
    <p class='ocr_par' dir='ltr' id='par_1_94' title="bbox 426 4986 2015 5054">
     <span class='ocr_line' id='line_1_94' title="bbox 426 4986 2015 5054; baseline 0.008 -16"><span class='ocrx_word' id='word_1_770' title='bbox 426 5000 548 5039; x_wconf 90' lang='lat' dir='ltr'><strong>sum</strong></span> <span class='ocrx_word' id='word_1_771' title='bbox 593 4986 681 5039; x_wconf 89' lang='lat' dir='ltr'><strong>via</strong></span> <span class='ocrx_word' id='word_1_772' title='bbox 704 5027 719 5050; x_wconf 92' lang='lat'><strong>,</strong></span> <span class='ocrx_word' id='word_1_773' title='bbox 760 4994 815 5043; x_wconf 90' lang='lat' dir='ltr'><strong>et</strong></span> <span class='ocrx_word' id='word_1_774' title='bbox 846 4989 958 5043; x_wconf 91' lang='lat' dir='ltr'><strong>vita</strong></span> <span class='ocrx_word' id='word_1_775' title='bbox 980 5029 995 5054; x_wconf 92' lang='lat'><strong>,</strong></span> <span class='ocrx_word' id='word_1_776' title='bbox 1041 5000 1096 5046; x_wconf 90' lang='lat' dir='ltr'><strong>et</strong></span> <span class='ocrx_word' id='word_1_777' title='bbox 1129 4993 1358 5050; x_wconf 89' lang='lat' dir='ltr'><strong>veritas.</strong></span> <span class='ocrx_word' id='word_1_778' title='bbox 1394 5013 1413 5046; x_wconf 75' lang='grc' dir='ltr'><strong>ι</strong></span> <span class='ocrx_word' id='word_1_779' title='bbox 1447 4995 1550 5050; x_wconf 89' lang='lat' dir='ltr'><strong>Et:</strong></span> <span class='ocrx_word' id='word_1_780' title='bbox 1585 5014 1604 5047; x_wconf 79' lang='grc' dir='ltr'><strong>ι</strong></span> <span class='ocrx_word' id='word_1_781' title='bbox 1647 4995 1821 5052; x_wconf 90' lang='lat' dir='ltr'><strong>Nemo</strong></span> <span class='ocrx_word' id='word_1_782' title='bbox 1861 4998 2015 5052; x_wconf 87' lang='lat' dir='ltr'><strong>venit</strong></span> 
     </span>
    </p>
   </div>
   <div class='ocr_carea' id='block_1_95' title="bbox 326 5075 2003 5155">
    <p class='ocr_par' dir='ltr' id='par_1_95' title="bbox 326 5075 2003 5155">
     <span class='ocr_line' id='line_1_95' title="bbox 326 5075 2003 5155; baseline 0.01 -28"><span class='ocrx_word' id='word_1_783' title='bbox 326 5114 328 5117; x_wconf 86' lang='grc'><strong>-</strong></span> <span class='ocrx_word' id='word_1_784' title='bbox 427 5076 497 5130; x_wconf 85' lang='lat' dir='ltr'><strong>ad</strong></span> <span class='ocrx_word' id='word_1_785' title='bbox 533 5075 781 5144; x_wconf 86' lang='lat' dir='ltr'><strong>Patrem,</strong></span> <span class='ocrx_word' id='word_1_786' title='bbox 819 5079 982 5151; x_wconf 81' lang='lat'><strong>770</strong></span> <span class='ocrx_word' id='word_1_787' title='bbox 1012 5083 1119 5138; x_wconf 90' lang='lat' dir='ltr'><strong>nisi</strong></span> <span class='ocrx_word' id='word_1_788' title='bbox 1160 5099 1257 5155; x_wconf 90' lang='lat' dir='ltr'><strong>per</strong></span> <span class='ocrx_word' id='word_1_789' title='bbox 1292 5100 1419 5152; x_wconf 89' lang='lat' dir='ltr'><strong>me;</strong></span> <span class='ocrx_word' id='word_1_790' title='bbox 1449 5104 1466 5137; x_wconf 83' lang='lat' dir='ltr'><strong>I</strong></span> <span class='ocrx_word' id='word_1_791' title='bbox 1495 5085 1630 5140; x_wconf 89' lang='lat' dir='ltr'><strong>hinc</strong></span> <span class='ocrx_word' id='word_1_792' title='bbox 1669 5087 2003 5153; x_wconf 88' lang='lat' dir='ltr'><strong>ostendens,</strong></span> 
     </span>
    </p>
   </div>
   <div class='ocr_carea' id='block_1_96' title="bbox 2119 4439 3702 4512">
    <p class='ocr_par' dir='ltr' id='par_1_96' title="bbox 2119 4439 3702 4512">
     <span class='ocr_line' id='line_1_96' title="bbox 2119 4439 3702 4512; baseline -0.001 -18"><span class='ocrx_word' id='word_1_793' title='bbox 2119 4459 2270 4505; x_wconf 88' lang='grc' dir='ltr'>τινας</span> <span class='ocrx_word' id='word_1_794' title='bbox 2323 4444 2438 4506; x_wconf 87' lang='grc' dir='ltr'>τοῖς</span> <span class='ocrx_word' id='word_1_795' title='bbox 2478 4441 2795 4512; x_wconf 84' lang='grc' dir='ltr'>λεγομένοις</span> <span class='ocrx_word' id='word_1_796' title='bbox 2865 4439 3204 4503; x_wconf 84' lang='grc' dir='ltr'>ἀκολουθεῖν,</span> <span class='ocrx_word' id='word_1_797' title='bbox 3272 4440 3702 4510; x_wconf 82' lang='grc' dir='ltr'>χρησιμωτάτην</span> 
     </span>
    </p>
   </div>
   <div class='ocr_carea' id='block_1_97' title="bbox 2116 4527 3704 4600">
    <p class='ocr_par' dir='ltr' id='par_1_97' title="bbox 2116 4527 3704 4600">
     <span class='ocr_line' id='line_1_97' title="bbox 2116 4527 3704 4600; baseline -0.001 -18"><span class='ocrx_word' id='word_1_798' title='bbox 2116 4531 2228 4584; x_wconf 82' lang='grc' dir='ltr'>ἔσθ’</span> <span class='ocrx_word' id='word_1_799' title='bbox 2259 4533 2347 4584; x_wconf 79' lang='grc' dir='ltr'>ὅτε</span> <span class='ocrx_word' id='word_1_800' title='bbox 2405 4532 2637 4584; x_wconf 87' lang='grc' dir='ltr'>ποιεῖται</span> <span class='ocrx_word' id='word_1_801' title='bbox 2697 4528 2795 4599; x_wconf 88' lang='grc' dir='ltr'><strong>τὴν</strong></span> <span class='ocrx_word' id='word_1_802' title='bbox 2850 4528 3213 4599; x_wconf 73' lang='grc' dir='ltr'>ἐπανάληψιν.</span> <span class='ocrx_word' id='word_1_803' title='bbox 3257 4529 3404 4600; x_wconf 85' lang='grc' dir='ltr'>Πλὴν</span> <span class='ocrx_word' id='word_1_804' title='bbox 3436 4528 3492 4582; x_wconf 76' lang='grc' dir='ltr'><strong>ἐν</strong></span> <span class='ocrx_word' id='word_1_805' title='bbox 3521 4545 3584 4597; x_wconf 85' lang='grc' dir='ltr'><strong>γε</strong></span> <span class='ocrx_word' id='word_1_806' title='bbox 3625 4527 3704 4597; x_wconf 89' lang='grc' dir='ltr'><strong>τῷ</strong></span> 
     </span>
    </p>
   </div>
   <div class='ocr_carea' id='block_1_98' title="bbox 2117 4616 3704 4694">
    <p class='ocr_par' dir='ltr' id='par_1_98' title="bbox 2117 4616 3704 4694">
     <span class='ocr_line' id='line_1_98' title="bbox 2117 4616 3704 4694; baseline -0.004 -18"><span class='ocrx_word' id='word_1_807' title='bbox 2117 4622 2344 4694; x_wconf 84' lang='grc' dir='ltr'>πάροντι</span> <span class='ocrx_word' id='word_1_808' title='bbox 2375 4620 2508 4674; x_wconf 83' lang='grc' dir='ltr'>πολὺ</span> <span class='ocrx_word' id='word_1_809' title='bbox 2539 4620 2605 4689; x_wconf 85' lang='grc' dir='ltr'><strong>δὴ</strong></span> <span class='ocrx_word' id='word_1_810' title='bbox 2630 4619 2748 4672; x_wconf 87' lang='grc' dir='ltr'>λίαν</span> <span class='ocrx_word' id='word_1_811' title='bbox 2765 4618 3002 4690; x_wconf 83' lang='grc' dir='ltr'>ὀνίνησιν</span> <span class='ocrx_word' id='word_1_812' title='bbox 3031 4620 3200 4690; x_wconf 85' lang='grc' dir='ltr'>ἡμᾶς,</span> <span class='ocrx_word' id='word_1_813' title='bbox 3221 4618 3382 4672; x_wconf 74' lang='grc' dir='ltr'>ταυτὶ</span> <span class='ocrx_word' id='word_1_814' title='bbox 3408 4621 3521 4682; x_wconf 89' lang='grc' dir='ltr'>τοῖς</span> <span class='ocrx_word' id='word_1_815' title='bbox 3560 4616 3704 4687; x_wconf 86' lang='grc' dir='ltr'>πρώ-</span> 
     </span>
    </p>
   </div>
   <div class='ocr_carea' id='block_1_99' title="bbox 2115 4709 3705 4784">
    <p class='ocr_par' dir='ltr' id='par_1_99' title="bbox 2115 4709 3705 4784">
     <span class='ocr_line' id='line_1_99' title="bbox 2115 4709 3705 4784; baseline -0.004 -16"><span class='ocrx_word' id='word_1_816' title='bbox 2115 4732 2232 4777; x_wconf 82' lang='grc' dir='ltr'>τοις</span> <span class='ocrx_word' id='word_1_817' title='bbox 2256 4709 2658 4784; x_wconf 81' lang='grc' dir='ltr'>προσενεγκὼν.</span> <span class='ocrx_word' id='word_1_818' title='bbox 2700 4711 2918 4781; x_wconf 83' lang='grc' dir='ltr'>Ἐπειδὴ</span> <span class='ocrx_word' id='word_1_819' title='bbox 2967 4711 3074 4781; x_wconf 87' lang='grc' dir='ltr'><strong>γὰρ</strong></span> <span class='ocrx_word' id='word_1_820' title='bbox 3109 4710 3498 4764; x_wconf 85' lang='grc' dir='ltr'>διεπυνθάνετο</span> <span class='ocrx_word' id='word_1_821' title='bbox 3527 4711 3555 4762; x_wconf 89' lang='grc' dir='ltr'><strong>ό</strong></span> <span class='ocrx_word' id='word_1_822' title='bbox 3585 4709 3705 4761; x_wconf 82' lang='grc' dir='ltr'><strong>Θω-</strong></span> 
     </span>
    </p>
   </div>
   <div class='ocr_carea' id='block_1_100' title="bbox 2121 4801 3707 4876">
    <p class='ocr_par' dir='ltr' id='par_1_100' title="bbox 2121 4801 3707 4876">
     <span class='ocr_line' id='line_1_100' title="bbox 2121 4801 3707 4876; baseline -0.004 -17"><span class='ocrx_word' id='word_1_823' title='bbox 2121 4807 2247 4876; x_wconf 78' lang='grc' dir='ltr'>μᾶς,</span> <span class='ocrx_word' id='word_1_824' title='bbox 2290 4803 2399 4858; x_wconf 88' lang='grc' dir='ltr'><strong>Ποῦ</strong></span> <span class='ocrx_word' id='word_1_825' title='bbox 2447 4803 2557 4874; x_wconf 83' lang='grc' dir='ltr'>γὰρ</span> <span class='ocrx_word' id='word_1_826' title='bbox 2594 4802 2894 4875; x_wconf 85' lang='grc' dir='ltr'>ἀπελεύσῃ,</span> <span class='ocrx_word' id='word_1_827' title='bbox 2962 4801 3159 4870; x_wconf 86' lang='grc' dir='ltr'>λέγων,</span> <span class='ocrx_word' id='word_1_828' title='bbox 3216 4803 3249 4872; x_wconf 89' lang='grc' dir='ltr'>ἢ</span> <span class='ocrx_word' id='word_1_829' title='bbox 3297 4802 3417 4865; x_wconf 84' lang='grc' dir='ltr'>πῶς</span> <span class='ocrx_word' id='word_1_830' title='bbox 3450 4802 3516 4855; x_wconf 84' lang='grc' dir='ltr'><strong>ἂν</strong></span> <span class='ocrx_word' id='word_1_831' title='bbox 3543 4801 3707 4872; x_wconf 75' lang='grc' dir='ltr'>ἡμεῖς</span> 
     </span>
    </p>
   </div>
   <div class='ocr_carea' id='block_1_101' title="bbox 2118 4890 3709 4966">
    <p class='ocr_par' dir='ltr' id='par_1_101' title="bbox 2118 4890 3709 4966">
     <span class='ocr_line' id='line_1_101' title="bbox 2118 4890 3709 4966; baseline -0.004 -18"><span class='ocrx_word' id='word_1_832' title='bbox 2118 4893 2394 4966; x_wconf 77' lang='grc' dir='ltr'>εἰδείημεν</span> <span class='ocrx_word' id='word_1_833' title='bbox 2427 4893 2526 4966; x_wconf 84' lang='grc' dir='ltr'><strong>τὴν</strong></span> <span class='ocrx_word' id='word_1_834' title='bbox 2559 4893 2698 4958; x_wconf 87' lang='grc' dir='ltr'>ὁδὸν,</span> <span class='ocrx_word' id='word_1_835' title='bbox 2732 4893 2794 4946; x_wconf 79' lang='grc' dir='ltr'><strong>τὸ</strong></span> <span class='ocrx_word' id='word_1_836' title='bbox 2812 4893 2934 4946; x_wconf 84' lang='grc' dir='ltr'>ὅποι</span> <span class='ocrx_word' id='word_1_837' title='bbox 2964 4892 3093 4946; x_wconf 86' lang='grc' dir='ltr'>ποτὲ</span> <span class='ocrx_word' id='word_1_838' title='bbox 3123 4891 3280 4964; x_wconf 85' lang='grc' dir='ltr'>βαδιῇ</span> <span class='ocrx_word' id='word_1_839' title='bbox 3314 4893 3388 4964; x_wconf 91' lang='grc' dir='ltr'><strong>μὴ</strong></span> <span class='ocrx_word' id='word_1_840' title='bbox 3419 4890 3709 4960; x_wconf 85' lang='grc' dir='ltr'>γινώσκον-</span> 
     </span>
    </p>
   </div>
   <div class='ocr_carea' id='block_1_102' title="bbox 2116 4981 3708 5055">
    <p class='ocr_par' dir='ltr' id='par_1_102' title="bbox 2116 4981 3708 5055">
     <span class='ocr_line' id='line_1_102' title="bbox 2116 4981 3708 5055; baseline -0.004 -15"><span class='ocrx_word' id='word_1_841' title='bbox 2116 5005 2230 5052; x_wconf 89' lang='grc' dir='ltr'>τες,</span> <span class='ocrx_word' id='word_1_842' title='bbox 2263 4985 2579 5055; x_wconf 85' lang='grc' dir='ltr'>ἀναγκαίως</span> <span class='ocrx_word' id='word_1_843' title='bbox 2631 4985 2872 5054; x_wconf 75' lang='grc' dir='ltr'>ἔφασκεν</span> <span class='ocrx_word' id='word_1_844' title='bbox 2898 4999 2912 5014; x_wconf 88' lang='grc'><strong>·</strong></span> <span class='ocrx_word' id='word_1_845' title='bbox 2953 5002 2972 5036; x_wconf 79' lang='grc' dir='ltr'>ι</span> <span class='ocrx_word' id='word_1_846' title='bbox 3013 4983 3155 5050; x_wconf 83' lang='grc' dir='ltr'><strong>Ἐγώ</strong></span> <span class='ocrx_word' id='word_1_847' title='bbox 3208 4985 3325 5054; x_wconf 81' lang='grc' dir='ltr'>είμι</span> <span class='ocrx_word' id='word_1_848' title='bbox 3364 4984 3398 5054; x_wconf 80' lang='grc' dir='ltr'><strong>ἡ</strong></span> <span class='ocrx_word' id='word_1_849' title='bbox 3431 4982 3570 5047; x_wconf 80' lang='grc' dir='ltr'>όδδς,</span> <span class='ocrx_word' id='word_1_850' title='bbox 3611 4981 3708 5035; x_wconf 72' lang='grc' dir='ltr'>καὶ</span> 
     </span>
    </p>
   </div>
   <div class='ocr_carea' id='block_1_103' title="bbox 2119 5074 3703 5151">
    <p class='ocr_par' dir='ltr' id='par_1_103' title="bbox 2119 5074 3703 5151">
     <span class='ocr_line' id='line_1_103' title="bbox 2119 5074 3703 5151; baseline -0.004 -19"><span class='ocrx_word' id='word_1_851' title='bbox 2119 5081 2153 5151; x_wconf 86' lang='grc' dir='ltr'><strong>ἡ</strong></span> <span class='ocrx_word' id='word_1_852' title='bbox 2178 5077 2313 5149; x_wconf 84' lang='grc' dir='ltr'>ζωὴ,</span> <span class='ocrx_word' id='word_1_853' title='bbox 2366 5077 2463 5132; x_wconf 77' lang='grc' dir='ltr'>καὶ</span> <span class='ocrx_word' id='word_1_854' title='bbox 2519 5078 2554 5148; x_wconf 82' lang='grc' dir='ltr'>ἠ</span> <span class='ocrx_word' id='word_1_855' title='bbox 2599 5076 2849 5148; x_wconf 81' lang='grc' dir='ltr'>ἀλήθεια,</span> <span class='ocrx_word' id='word_1_856' title='bbox 2881 5093 2900 5126; x_wconf 73' lang='grc' dir='ltr'><strong>ι</strong></span> <span class='ocrx_word' id='word_1_857' title='bbox 2956 5076 3052 5130; x_wconf 71' lang='grc' dir='ltr'>καὶ</span> <span class='ocrx_word' id='word_1_858' title='bbox 3090 5076 3171 5129; x_wconf 85' lang='grc' dir='ltr'>ὅτι</span> <span class='ocrx_word' id='word_1_859' title='bbox 3210 5094 3228 5127; x_wconf 79' lang='grc' dir='ltr'>ι</span> <span class='ocrx_word' id='word_1_860' title='bbox 3266 5075 3456 5138; x_wconf 76' lang='grc' dir='ltr'>Οὐδεὶς</span> <span class='ocrx_word' id='word_1_861' title='bbox 3484 5074 3703 5146; x_wconf 79' lang='grc' dir='ltr'>ἔρχεται</span> 
     </span>
    </p>
   </div>
   <div class='ocr_carea' id='block_1_104' title="bbox 428 5163 1995 5244">
    <p class='ocr_par' dir='ltr' id='par_1_104' title="bbox 428 5165 1995 5244">
     <span class='ocr_line' id='line_1_104' title="bbox 428 5165 1995 5244; baseline 0.007 -25"><span class='ocrx_word' id='word_1_862' title='bbox 428 5165 476 5219; x_wconf 85' lang='lat' dir='ltr'><strong>si</strong></span> <span class='ocrx_word' id='word_1_863' title='bbox 509 5166 636 5236; x_wconf 91' lang='lat' dir='ltr'><strong>quis</strong></span> <span class='ocrx_word' id='word_1_864' title='bbox 671 5168 802 5224; x_wconf 89' lang='lat' dir='ltr'><strong>velit</strong></span> <span class='ocrx_word' id='word_1_865' title='bbox 839 5185 1007 5225; x_wconf 90' lang='lat' dir='ltr'><strong>nosse</strong></span> <span class='ocrx_word' id='word_1_866' title='bbox 1032 5171 1175 5226; x_wconf 91' lang='lat' dir='ltr'><strong>viam</strong></span> <span class='ocrx_word' id='word_1_867' title='bbox 1217 5188 1314 5242; x_wconf 88' lang='lat' dir='ltr'><strong>per</strong></span> <span class='ocrx_word' id='word_1_868' title='bbox 1352 5188 1520 5244; x_wconf 91' lang='lat' dir='ltr'><strong>quam</strong></span> <span class='ocrx_word' id='word_1_869' title='bbox 1572 5183 1662 5229; x_wconf 89' lang='lat' dir='ltr'><strong>eat</strong></span> <span class='ocrx_word' id='word_1_870' title='bbox 1714 5175 1784 5230; x_wconf 89' lang='lat' dir='ltr'><strong>ad</strong></span> <span class='ocrx_word' id='word_1_871' title='bbox 1832 5176 1995 5230; x_wconf 86' lang='lat' dir='ltr'><strong>vitam</strong></span> 
     </span>
    </p>
   </div>
   <div class='ocr_carea' id='block_1_105' title="bbox 2104 5163 3698 5244">
    <p class='ocr_par' dir='ltr' id='par_1_105' title="bbox 2112 5163 3698 5243">
     <span class='ocr_line' id='line_1_105' title="bbox 2112 5163 3698 5243; baseline -0.004 -19"><span class='ocrx_word' id='word_1_872' title='bbox 2112 5170 2248 5243; x_wconf 77' lang='grc' dir='ltr'>πρὸς</span> <span class='ocrx_word' id='word_1_873' title='bbox 2280 5170 2370 5224; x_wconf 85' lang='grc' dir='ltr'><strong>τὸν</strong></span> <span class='ocrx_word' id='word_1_874' title='bbox 2403 5169 2643 5240; x_wconf 89' lang='grc' dir='ltr'>Πατέρα,</span> <span class='ocrx_word' id='word_1_875' title='bbox 2662 5171 2712 5222; x_wconf 83' lang='grc' dir='ltr'><strong>εί</strong></span> <span class='ocrx_word' id='word_1_876' title='bbox 2739 5168 2814 5239; x_wconf 86' lang='grc' dir='ltr'><strong>μὴ</strong></span> <span class='ocrx_word' id='word_1_877' title='bbox 2845 5167 2910 5222; x_wconf 87' lang='grc' dir='ltr'><strong>δι’</strong></span> <span class='ocrx_word' id='word_1_878' title='bbox 2932 5166 3089 5238; x_wconf 89' lang='grc' dir='ltr'>ἐμοῦ·</span> <span class='ocrx_word' id='word_1_879' title='bbox 3115 5186 3134 5218; x_wconf 77' lang='grc' dir='ltr'><strong>ι</strong></span> <span class='ocrx_word' id='word_1_880' title='bbox 3179 5166 3394 5230; x_wconf 74' lang='grc' dir='ltr'>δεικνὺς</span> <span class='ocrx_word' id='word_1_881' title='bbox 3415 5163 3698 5229; x_wconf 84' lang='grc' dir='ltr'>ἐντεῦθεν,</span> 
     </span>
    </p>
   </div>
   <div class='ocr_carea' id='block_1_106' title="bbox 429 5254 1995 5334">
    <p class='ocr_par' dir='ltr' id='par_1_106' title="bbox 429 5257 1995 5333">
     <span class='ocr_line' id='line_1_106' title="bbox 429 5257 1995 5333; baseline 0.006 -24"><span class='ocrx_word' id='word_1_882' title='bbox 429 5261 692 5310; x_wconf 68' lang='lat' dir='ltr'><strong>aeternam</strong></span> <span class='ocrx_word' id='word_1_883' title='bbox 714 5296 728 5320; x_wconf 91' lang='lat'><strong>,</strong></span> <span class='ocrx_word' id='word_1_884' title='bbox 757 5257 966 5316; x_wconf 89' lang='lat' dir='ltr'><strong>Christi</strong></span> <span class='ocrx_word' id='word_1_885' title='bbox 993 5262 1369 5332; x_wconf 85' lang='lat' dir='ltr'><strong>cognitionem</strong></span> <span class='ocrx_word' id='word_1_886' title='bbox 1415 5263 1465 5316; x_wconf 90' lang='lat' dir='ltr'><strong>ei</strong></span> <span class='ocrx_word' id='word_1_887' title='bbox 1496 5265 1823 5333; x_wconf 88' lang='lat' dir='ltr'><strong>cumprimis</strong></span> <span class='ocrx_word' id='word_1_888' title='bbox 1853 5267 1995 5321; x_wconf 59' lang='lat' dir='ltr'><strong>cordi</strong></span> 
     </span>
    </p>
   </div>
   <div class='ocr_carea' id='block_1_107' title="bbox 2104 5254 3704 5334">
    <p class='ocr_par' dir='ltr' id='par_1_107' title="bbox 2114 5254 3704 5334">
     <span class='ocr_line' id='line_1_107' title="bbox 2114 5254 3704 5334; baseline -0.004 -17"><span class='ocrx_word' id='word_1_889' title='bbox 2114 5264 2192 5327; x_wconf 87' lang='grc' dir='ltr'>ὡς</span> <span class='ocrx_word' id='word_1_890' title='bbox 2225 5264 2383 5334; x_wconf 82' lang='grc' dir='ltr'>είπερ</span> <span class='ocrx_word' id='word_1_891' title='bbox 2415 5280 2499 5326; x_wconf 90' lang='grc' dir='ltr'><strong>τις</strong></span> <span class='ocrx_word' id='word_1_892' title='bbox 2526 5261 2769 5333; x_wconf 83' lang='grc' dir='ltr'>βούλοιτο</span> <span class='ocrx_word' id='word_1_893' title='bbox 2795 5261 2894 5333; x_wconf 84' lang='grc' dir='ltr'><strong>τὴν</strong></span> <span class='ocrx_word' id='word_1_894' title='bbox 2937 5261 3056 5315; x_wconf 82' lang='grc' dir='ltr'>ὁδὸν</span> <span class='ocrx_word' id='word_1_895' title='bbox 3101 5259 3326 5323; x_wconf 81' lang='grc' dir='ltr'>εἰδέναι,</span> <span class='ocrx_word' id='word_1_896' title='bbox 3358 5259 3424 5312; x_wconf 90' lang='grc' dir='ltr'>δι’</span> <span class='ocrx_word' id='word_1_897' title='bbox 3451 5254 3520 5330; x_wconf 87' lang='grc' dir='ltr'>ἦς</span> <span class='ocrx_word' id='word_1_898' title='bbox 3556 5258 3622 5312; x_wconf 87' lang='grc' dir='ltr'><strong>ἂν</strong></span> <span class='ocrx_word' id='word_1_899' title='bbox 3651 5259 3704 5329; x_wconf 66' lang='lat' dir='ltr'><strong>In</strong></span> 
     </span>
    </p>
   </div>
   <div class='ocr_carea' id='block_1_108' title="bbox 429 5347 1995 5429">
    <p class='ocr_par' dir='ltr' id='par_1_108' title="bbox 429 5347 1995 5429">
     <span class='ocr_line' id='line_1_108' title="bbox 429 5347 1995 5429; baseline 0.01 -29"><span class='ocrx_word' id='word_1_900' title='bbox 429 5360 555 5401; x_wconf 90' lang='lat' dir='ltr'><strong>esse</strong></span> <span class='ocrx_word' id='word_1_901' title='bbox 601 5347 825 5405; x_wconf 86' lang='lat' dir='ltr'><strong>debere.</strong></span> <span class='ocrx_word' id='word_1_902' title='bbox 877 5350 986 5407; x_wconf 91' lang='lat' dir='ltr'><strong>Sed</strong></span> <span class='ocrx_word' id='word_1_903' title='bbox 1032 5354 1162 5422; x_wconf 89' lang='lat' dir='ltr'><strong>quia</strong></span> <span class='ocrx_word' id='word_1_904' title='bbox 1215 5355 1470 5409; x_wconf 89' lang='lat' dir='ltr'><strong>nonnulli</strong></span> <span class='ocrx_word' id='word_1_905' title='bbox 1500 5354 1789 5412; x_wconf 86' lang='lat' dir='ltr'><strong>Judaicum</strong></span> <span class='ocrx_word' id='word_1_906' title='bbox 1826 5360 1995 5429; x_wconf 70' lang='lat' dir='ltr'><strong>potius</strong></span> 
     </span>
    </p>
   </div>
   <div class='ocr_carea' id='block_1_109' title="bbox 2104 5347 3708 5429">
    <p class='ocr_par' dir='ltr' id='par_1_109' title="bbox 2118 5350 3708 5427">
     <span class='ocr_line' id='line_1_109' title="bbox 2118 5350 3708 5427; baseline -0.004 -18"><span class='ocrx_word' id='word_1_907' title='bbox 2118 5355 2256 5427; x_wconf 81' lang='grc' dir='ltr'>πρὸς</span> <span class='ocrx_word' id='word_1_908' title='bbox 2288 5354 2432 5426; x_wconf 81' lang='grc' dir='ltr'>ζωὴν</span> <span class='ocrx_word' id='word_1_909' title='bbox 2458 5354 2555 5425; x_wconf 87' lang='grc' dir='ltr'><strong>τὴν</strong></span> <span class='ocrx_word' id='word_1_910' title='bbox 2583 5353 2822 5420; x_wconf 82' lang='grc' dir='ltr'>αἰώνιον,</span> <span class='ocrx_word' id='word_1_911' title='bbox 2873 5353 3240 5423; x_wconf 81' lang='grc' dir='ltr'>φιλονεικήσει</span> <span class='ocrx_word' id='word_1_912' title='bbox 3280 5352 3346 5424; x_wconf 84' lang='grc' dir='ltr'><strong>δὴ</strong></span> <span class='ocrx_word' id='word_1_913' title='bbox 3377 5350 3598 5414; x_wconf 85' lang='grc' dir='ltr'>πάντως</span> <span class='ocrx_word' id='word_1_914' title='bbox 3630 5353 3708 5404; x_wconf 82' lang='lat' dir='ltr'><strong>ei-</strong></span> 
     </span>
    </p>
   </div>
   <div class='ocr_carea' id='block_1_110' title="bbox 431 5441 1995 5523">
    <p class='ocr_par' dir='ltr' id='par_1_110' title="bbox 431 5442 1995 5523">
     <span class='ocr_line' id='line_1_110' title="bbox 431 5442 1995 5523; baseline 0.01 -35"><span class='ocrx_word' id='word_1_915' title='bbox 431 5451 601 5506; x_wconf 87' lang='lat' dir='ltr'><strong>quam</strong></span> <span class='ocrx_word' id='word_1_916' title='bbox 631 5442 1016 5513; x_wconf 78' lang='lat' dir='ltr'><strong>evangelicum</strong></span> <span class='ocrx_word' id='word_1_917' title='bbox 1059 5452 1355 5513; x_wconf 90' lang='lat' dir='ltr'><strong>sequentes</strong></span> <span class='ocrx_word' id='word_1_918' title='bbox 1402 5445 1718 5503; x_wconf 90' lang='lat' dir='ltr'><strong>institutum</strong></span> <span class='ocrx_word' id='word_1_919' title='bbox 1751 5450 1854 5505; x_wconf 92' lang='lat' dir='ltr'><strong>sibi</strong></span> <span class='ocrx_word' id='word_1_920' title='bbox 1890 5466 1995 5523; x_wconf 26' lang='lat' dir='ltr'><strong>pert</strong></span> 
     </span>
    </p>
   </div>
   <div class='ocr_carea' id='block_1_111' title="bbox 2104 5441 3706 5523">
    <p class='ocr_par' dir='ltr' id='par_1_111' title="bbox 2121 5441 3706 5518">
     <span class='ocr_line' id='line_1_111' title="bbox 2121 5441 3706 5518; baseline -0.004 -17"><span class='ocrx_word' id='word_1_921' title='bbox 2121 5447 2270 5501; x_wconf 86' lang='grc' dir='ltr'>δέναι</span> <span class='ocrx_word' id='word_1_922' title='bbox 2307 5447 2562 5518; x_wconf 82' lang='grc' dir='ltr'>Χριστόν.</span> <span class='ocrx_word' id='word_1_923' title='bbox 2595 5447 2817 5517; x_wconf 79' lang='grc' dir='ltr'>Ἐπειδὴ</span> <span class='ocrx_word' id='word_1_924' title='bbox 2841 5446 2898 5498; x_wconf 89' lang='grc' dir='ltr'><strong>δέ</strong></span> <span class='ocrx_word' id='word_1_925' title='bbox 2939 5441 3006 5516; x_wconf 80' lang='grc' dir='ltr'>ἦν</span> <span class='ocrx_word' id='word_1_926' title='bbox 3040 5461 3191 5508; x_wconf 80' lang='grc' dir='ltr'>τινας</span> <span class='ocrx_word' id='word_1_927' title='bbox 3218 5443 3368 5508; x_wconf 80' lang='grc' dir='ltr'>εἰκὸς</span> <span class='ocrx_word' id='word_1_928' title='bbox 3412 5442 3706 5511; x_wconf 84' lang='grc' dir='ltr'>ἰουδαῖκήν</span> 
     </span>
    </p>
   </div>
   <div class='ocr_carea' id='block_1_112' title="bbox 435 5531 1995 5612">
    <p class='ocr_par' dir='ltr' id='par_1_112' title="bbox 435 5531 1995 5595">
     <span class='ocr_line' id='line_1_112' title="bbox 435 5531 1995 5595; baseline 0.009 -13"><span class='ocrx_word' id='word_1_929' title='bbox 435 5531 657 5585; x_wconf 77' lang='lat' dir='ltr'><strong>suasuri</strong></span> <span class='ocrx_word' id='word_1_930' title='bbox 693 5540 853 5586; x_wconf 87' lang='lat' dir='ltr'><strong>erant</strong></span> <span class='ocrx_word' id='word_1_931' title='bbox 877 5532 1127 5587; x_wconf 80' lang='lat' dir='ltr'><strong>suilicere</strong></span> <span class='ocrx_word' id='word_1_932' title='bbox 1154 5533 1222 5589; x_wconf 88' lang='lat' dir='ltr'><strong>ad</strong></span> <span class='ocrx_word' id='word_1_933' title='bbox 1257 5543 1469 5591; x_wconf 87' lang='lat' dir='ltr'><strong>rectam</strong></span> <span class='ocrx_word' id='word_1_934' title='bbox 1495 5537 1656 5594; x_wconf 88' lang='lat' dir='ltr'><strong>ﬁdem</strong></span> <span class='ocrx_word' id='word_1_935' title='bbox 1686 5555 1857 5595; x_wconf 93' lang='lat' dir='ltr'><strong>unum</strong></span> <span class='ocrx_word' id='word_1_936' title='bbox 1889 5541 1995 5595; x_wconf 85' lang='lat' dir='ltr'><strong>uni</strong></span> 
     </span>
    </p>
   </div>
   <div class='ocr_carea' id='block_1_113' title="bbox 2104 5531 3705 5612">
    <p class='ocr_par' dir='ltr' id='par_1_113' title="bbox 2123 5532 3705 5612">
     <span class='ocr_line' id='line_1_113' title="bbox 2123 5532 3705 5612; baseline -0.005 -18"><span class='ocrx_word' id='word_1_937' title='bbox 2123 5559 2245 5595; x_wconf 88' lang='grc' dir='ltr'>τινα</span> <span class='ocrx_word' id='word_1_938' title='bbox 2279 5539 2501 5612; x_wconf 80' lang='grc' dir='ltr'>μᾶλλον,</span> <span class='ocrx_word' id='word_1_939' title='bbox 2526 5540 2694 5610; x_wconf 75' lang='grc' dir='ltr'>ἤγουν</span> <span class='ocrx_word' id='word_1_940' title='bbox 2725 5538 3084 5609; x_wconf 84' lang='grc' dir='ltr'>εὐαγγελικὴν</span> <span class='ocrx_word' id='word_1_941' title='bbox 3113 5535 3535 5608; x_wconf 85' lang='grc' dir='ltr'>ἐπιτηδεύοντας</span> <span class='ocrx_word' id='word_1_942' title='bbox 3580 5532 3705 5588; x_wconf 90' lang='grc' dir='ltr'>παί-</span> 
     </span>
    </p>
   </div>
   <div class='ocr_carea' id='block_1_114' title="bbox 505 5644 1995 5726">
    <p class='ocr_par' dir='ltr' id='par_1_114' title="bbox 505 5644 1988 5726">
     <span class='ocr_line' id='line_1_114' title="bbox 505 5644 1988 5726; baseline 0.009 -25"><span class='ocrx_word' id='word_1_943' title='bbox 505 5644 592 5726; x_wconf 60' lang='lat' dir='ltr'><strong>“fl</strong></span> <span class='ocrx_word' id='word_1_944' title='bbox 627 5645 923 5726; x_wconf 42' lang='grc' dir='ltr'><strong>(ξιξ-ξιιμ</strong></span> <span class='ocrx_word' id='word_1_945' title='bbox 965 5649 1087 5726; x_wconf 45' lang='grc' dir='ltr'><strong>η.-</strong></span> <span class='ocrx_word' id='word_1_946' title='bbox 1133 5652 1175 5682; x_wconf 64' lang='grc'><strong>⁵⁸</strong></span> <span class='ocrx_word' id='word_1_947' title='bbox 1210 5653 1249 5708; x_wconf 95' lang='lat' dir='ltr'><strong>ll</strong></span> <span class='ocrx_word' id='word_1_948' title='bbox 1283 5655 1423 5712; x_wconf 89' lang='lat' dir='ltr'><strong>Tim.</strong></span> <span class='ocrx_word' id='word_1_949' title='bbox 1460 5671 1536 5725; x_wconf 86' lang='grc' dir='ltr'><strong>ιι,</strong></span> <span class='ocrx_word' id='word_1_950' title='bbox 1576 5657 1626 5712; x_wconf 82' lang='grc'><strong>5.</strong></span> <span class='ocrx_word' id='word_1_951' title='bbox 1685 5658 1729 5691; x_wconf 76' lang='grc'><strong>⁸⁷</strong></span> <span class='ocrx_word' id='word_1_952' title='bbox 1771 5657 1934 5715; x_wconf 86' lang='lat' dir='ltr'><strong>llebr.</strong></span> <span class='ocrx_word' id='word_1_953' title='bbox 1976 5675 1988 5714; x_wconf 94' lang='lat' dir='ltr'><strong>l</strong></span> 
     </span>
    </p>
   </div>
   <div class='ocr_carea' id='block_1_115' title="bbox 2104 5644 3700 5726">
    <p class='ocr_par' dir='ltr' id='par_1_115' title="bbox 2104 5647 3700 5725">
     <span class='ocr_line' id='line_1_115' title="bbox 2104 5647 3700 5725; baseline -0.008 -12"><span class='ocrx_word' id='word_1_954' title='bbox 2104 5702 2107 5713; x_wconf 90' lang='lat'><strong>.</strong></span> <span class='ocrx_word' id='word_1_955' title='bbox 2187 5659 2230 5691; x_wconf 73' lang='lat'><strong>&quot;</strong></span> <span class='ocrx_word' id='word_1_956' title='bbox 2260 5656 2415 5714; x_wconf 82' lang='lat' dir='ltr'><strong>Joan.</strong></span> <span class='ocrx_word' id='word_1_957' title='bbox 2461 5673 2570 5724; x_wconf 79' lang='lat' dir='ltr'><strong>xiv,</strong></span> <span class='ocrx_word' id='word_1_958' title='bbox 2612 5656 2698 5712; x_wconf 85' lang='grc'><strong>11.</strong></span> <span class='ocrx_word' id='word_1_959' title='bbox 2773 5656 2815 5686; x_wconf 74' lang='grc'><strong>⁶⁹</strong></span> <span class='ocrx_word' id='word_1_960' title='bbox 2843 5653 3074 5725; x_wconf 85' lang='lat' dir='ltr'><strong>Philipp.</strong></span> <span class='ocrx_word' id='word_1_961' title='bbox 3104 5669 3141 5708; x_wconf 93' lang='lat' dir='ltr'>II</span> <span class='ocrx_word' id='word_1_962' title='bbox 3169 5693 3182 5719; x_wconf 94' lang='lat'><strong>,</strong></span> <span class='ocrx_word' id='word_1_963' title='bbox 3216 5653 3267 5708; x_wconf 87' lang='lat'><strong>7.</strong></span> <span class='ocrx_word' id='word_1_964' title='bbox 3371 5651 3416 5683; x_wconf 84' lang='grc'><strong>⁷⁸</strong></span> <span class='ocrx_word' id='word_1_965' title='bbox 3472 5647 3516 5706; x_wconf 93' lang='lat' dir='ltr'><strong>ll</strong></span> <span class='ocrx_word' id='word_1_966' title='bbox 3555 5648 3700 5706; x_wconf 82' lang='lat' dir='ltr'><strong>Petr.</strong></span> 
     </span>
    </p>
   </div>
   <div class='ocr_carea' id='block_1_116' title="bbox 437 5716 1114 5784">
    <p class='ocr_par' dir='ltr' id='par_1_116' title="bbox 437 5716 1114 5784">
     <span class='ocr_line' id='line_1_116' title="bbox 437 5716 1114 5784; baseline 0.009 -16"><span class='ocrx_word' id='word_1_967' title='bbox 437 5729 473 5779; x_wconf 87' lang='lat' dir='ltr'><strong>I,</strong></span> <span class='ocrx_word' id='word_1_968' title='bbox 514 5716 565 5771; x_wconf 63' lang='grc'><strong>4.</strong></span> <span class='ocrx_word' id='word_1_969' title='bbox 644 5719 685 5748; x_wconf 73' lang='grc' dir='ltr'><strong>τ’</strong></span> <span class='ocrx_word' id='word_1_970' title='bbox 725 5717 766 5772; x_wconf 89' lang='lat' dir='ltr'><strong>ll</strong></span> <span class='ocrx_word' id='word_1_971' title='bbox 802 5717 925 5773; x_wconf 85' lang='lat' dir='ltr'><strong>Cor.</strong></span> <span class='ocrx_word' id='word_1_972' title='bbox 965 5735 1036 5784; x_wconf 85' lang='lat' dir='ltr'><strong>Iv,</strong></span> <span class='ocrx_word' id='word_1_973' title='bbox 1063 5720 1114 5775; x_wconf 71' lang='lat'><strong>.5.</strong></span> 
     </span>
    </p>
   </div>
  </div>
