3992 6316
246 293 353 349 {93

1335 294 1397 350 lN
1423 293 1711 352 JOANNIS
1735 293 2181 353 EVANGELIUM
2219 297 2348 356 ιιιι.
2395 301 2484 358 ΙΧ.

3419 303 3518 356 194

239 411 445 476 δειισιν,
472 407 724 482 ἐξαρκεῖν
755 411 964 466 οἴεσθαι
994 413 1130 484 πρὸς
1156 412 1215 466 τὸ
1239 413 1514 468 πιστεύειν
1541 413 1717 486 ὀρθῶς
1740 412 1831 484 τὴν

1943 416 2090 472 versi
2140 415 2307 471 Deum
2355 416 2638 484 conﬁteri,
2676 432 2916 488 eumque
2956 431 3289 489 agnoscere,
3340 430 3519 485 neque

239 505 323 563 εἰς
355 501 453 556 ἐνα
482 503 595 556 τῶν
627 504 764 557 ὅλων
797 503 929 557 Θεὸν
974 505 1266 575 ὁμολογίαν
1287 523 1346 559 τε
1388 507 1482 559 καὶ
1513 506 1737 575 γνῶσιν,
1768 505 1831 577 μθ

1941 521 2110 575 porro
2135 506 2204 562 de
2252 517 2446 562 sancta
2503 517 2579 564 et-
2613 510 3086 565 consubstantiali
3120 508 3396 564 Trinitate
3421 511 3520 564 do-

245 595 355 666 μὴν
379 595 697 665 ἐπείγεσθαι
734 597 927 668 μαθεῖν
971 598 1062 652 τὸν
1095 599 1224 670 περὶ
1257 600 1356 670 τῆς
1387 599 1548 670 ἁγίας
1584 601 1678 653 καὶ
1711 601 1831 671 ὁμο-

1940 599 2175 653 ctrinam
2204 615 2326 655 esse
2357 599 2697 668 curandam,
2744 602 3066 657 necessario
3110 601 3520 672 quodammodo

244 689 431 742 ουσίου
491 689 726 760 Τριάδος
756 691 934 760 λόγον,
979 691 1296 760 ἀναγκαίως
1328 692 1611 747 ἀποκλείει
1638 692 1831 764 τρόποι

1939 689 2200 747 Christus
2227 692 2391 747 etiam
2428 693 2514 748 his
2548 693 2642 763 qui
2681 693 2764 748 sic
2804 695 3078 750 sentirent
3118 695 3214 750 Dei
3243 694 3517 766 cognitio-

246 779 371 834 τινὰ
412 779 648 850 Χριστὸς
701 783 928 845 καὶτοῖς
976 781 1428 848 οὐτω.δοξάζουσι
1446 785 1544 857 τὴν
1573 786 1703 858 περὶ
1739 784 1832 839 τοῦ

248 871 385 926 Θεοῦ
419 873 644 942 γνῶσιν,
685 874 834 946 εἰμὴ
865 876 959 928 καὶ
1005 876 1168 930 αὐτὸν
1213 877 1486 948 βούλοιντο
1535 879 1838 951 παραδέχεο

253 963 400 1018 σθαι.
431 964 531 1018 Διά
608 965 718 1037 γὰρ
760 966 888 1020 Υἱοῦ
925 968 1210 1040 προσιτέον
1249 969 1328 1040 τῷ
1361 970 1480 1042 Θεῷ
1506 971 1602 1026 καὶ⁴
1641 971 1834 1043 Πατρί.

262 1057 565 1127 ’Δναλόγως
591 1059 702 1129 γάρ
755 1061 820 1130 τῇ
872 1060 967 1112 τοῦ
1007 1063 1349 1133 γεννήματος
1380 1062 1601 1135 θεωρίᾳ,
1627 1063 1722 1116 καὶ
1749 1064 1837 1116 ἐπ’

245 1149 410 1204 αὐτὸν
437 1149 642 1221 ἥξομεν
664 1151 754 1204 τὸν
782 1143 1107 1222 Γεννήτορα.
1130 1155 1203 1206 Οὐ
1227 1154 1335 1224 γάρ
1366 1154 1535 1219 ἔστιν,
1557 1156 1658 1209 οὐκ
1691 1155 1838 1209 ἐστιν

245 1243 599 1314 ἀμφιϐαλεῖν,
650 1244 732 1296 ὃτι
788 1243 880 1296 τὸν
917 1245 1042 1299 Υίόν
1108 1263 1192 1310 τις
1223 1247 1523 1316 ὑφεστάναι
1558 1251 1832 1306 πιστεύων

244 1332 420 1396 οὕτως
447 1333 521 1396 ὼς
545 1334 694 1395 Υἱὸν,
726 1333 818 1386 τὸν
873 1335 938 1386 ὲκ
979 1334 1078 1404 τῆς
1126 1335 1313 1398 οὐσίας
1342 1337 1485 1405 φημὶ
1517 1335 1611 1389 τοῦ
1641 1338 1834 1408 γεννή-

247 1442 461 1488 σαντος,
497 1425 702 1478 εἵσεται
735 1425 798 1496 δὴ
848 1426 1069 1490 πάντως
1109 1428 1204 1479 καὶ⁵
1238 1428 1327 1479 τὸν
1383 1427 1622 1498 Πατέρα.
1676 1429 1832 1482 Κατά

248 1517 347 1586 μὲν
393 1512 484 1569 οὖν
528 1515 628 1586 τὴν
675 1516 1053 1586 ἁπλουστέραν
1104 1518 1198 1570 καὶ
1233 1518 1568 1590 ἀπερίεργον
1607 1519 1830 1588 γνῶσιν,

241 1607 418 1671 οὕτως
447 1607 513 1662 ἀν
547 1625 631 1671 τις
658 1607 868 1679 οἰηθείη
902 1607 1066 1679 τυχὸν
1094 1607 1326 1680 λαλῆσαι
1346 1627 1357 1638 ·
1389 1612 1438 1662 εί
1461 1611 1517 1664 δέ
1551 1628 1628 1681 τῳ
1649 1611 1831 1682 δοκοίη

1943 798 2068 839 nem
2099 784 2458 849 intercludit,
2489 785 2600 839 nisi
2634 793 2689 840 et
2738 801 2800 841 se
2846 788 3132 857 suscipere
3173 787 3366 841 velint.
3411 783 3519 839 Per

1939 875 2135 930 Filium
2159 876 2363 948 quippe
2394 877 2462 930 ad
2487 875 2657 932 Deum
2685 885 2740 932 et
2759 879 2978 934 Patrem
3001 888 3088 934 est
3119 877 3514 934 accedendum.

1936 965 2060 1022 Filii
2111 982 2352 1038 namque
2375 969 2691 1040 cognitione
2727 977 2782 1025 et
2827 971 3294 1040 contemplatione
3344 967 3515 1023 etiam

1935 1057 2001 1112 ad
2051 1057 2230 1127 ipsum
2283 1056 2500 1114 Patrem
2550 1059 2720 1114 simili
2777 1059 2994 1116 ratione
3044 1061 3352 1115 veniemus.
3400 1057 3516 1114 Nec

1935 1150 2082 1205 enim
2120 1149 2367 1221 profecto
2403 1150 2768 1206 dubitandum
2810 1159 2926 1216 est,
2962 1151 3282 1220 quicunque
3313 1149 3516 1202 Filium

1947 1242 2257 1298 subsistere
2305 1243 2519 1311 credit,
2566 1254 2626 1299 ut
2673 1260 2803 1300 vere
2846 1243 3085 1309 Filium,
3132 1260 3198 1299 ex
3246 1242 3516 1314 genitoris

1937 1352 2133 1406 nempe
2163 1337 2473 1392 substantia
2497 1377 2512 1402 ,
2545 1338 2770 1392 omnino
2803 1338 3158 1407 cogniturum
3190 1342 3244 1391 et
3273 1338 3515 1391 Patrem.

1939 1425 2003 1481 Et
2033 1428 2148 1482 haec
2181 1429 2403 1498 quidem
2435 1427 2501 1483 de
2533 1428 2856 1498 simpliciori
2892 1443 2993 1483 nec
3021 1428 3294 1498 exquisita
3322 1431 3518 1500 cogni—

1935 1521 2082 1575 tione
2109 1522 2322 1576 dictum
2351 1536 2514 1592 putes
2542 1541 2554 1578 :
2588 1522 2732 1592 quod
2762 1524 2809 1578 si
2837 1525 2963 1594 quis
2997 1523 3258 1578 subtilem
3290 1539 3515 1578 sensum

1940 1610 2246 1680 inquirere,
2286 1619 2339 1666 et
2375 1628 2463 1667 res
2500 1613 2650 1682 ipsas
2683 1614 2924 1682 penitius
2955 1614 3199 1668 scrutari
3233 1614 3394 1678 velit,
3427 1612 3518 1667 Fi-

242 1700 339 1753 καὶ
360 1699 448 1753 διὰ
471 1699 684 1753 λεπτῶν
704 1699 966 1772 ἔρχεσθαι
995 1702 1303 1773 νοημάτων,
1326 1703 1401 1766 ὡς
1434 1705 1526 1756 καὶ
1555 1705 1641 1757 ἐπ’
1662 1704 1831 1776 αὐτὴν

1937 1702 2071 1756 lium
2103 1719 2232 1758 vere
2261 1703 2409 1773 loqui
2444 1720 2640 1760 rursus
2667 1705 2992 1774 comperiet.
3047 1705 3258 1760 Natura
3312 1705 3517 1776 quippe

243 1791 354 1845 τῶν
389 1794 731 1864 πραγμάτων
795 1794 988 1848 ἐλάσαι
1044 1795 1145 1867 τὴν
1205 1793 1456 1864 βάσανον,
1505 1795 1837 1867 ἀληθεύοντα

248 1882 410 1936 πάλιν
473 1884 696 1954 εὑρήσει
754 1883 846 1936 τὸν
897 1883 1049 1941 Υίόν.
1095 1883 1312 1954 Διανοίᾳ
1355 1883 1454 1954 μὲν
1495 1883 1602 1954 γὰρ
1647 1883 1833 1955 ἁπάσῃ

245 1975 526 2039 παντελῶς
577 1976 860 2048 άχὼρητος
903 1978 930 2048 ὴ
978 1965 1099 2031 θεία
1158 1976 1322 2046 φύσις
1349 1977 1490 2040 ἐστὶ,
1513 1979 1607 2030 καὶ
1634 1977 1685 2030 τί
1713 1978 1834 2032 κατ’

243 2068 435 2122 οὐσίαν
467 2070 495 2122 6
518 2067 628 2122 τῶν
657 2068 796 2122 ὂλων
847 2069 1234 2140 Γενεσιουργὸς
1286 2067 1492 2140 τολμᾷν
1513 2069 1647 2133 ὅλως
1682 2088 1836 2142 περι-

245 2157 599 2228 εργάζεσθαι,
656 2158 1088 2230 φρενοϐλαϐείας
1128 2159 1350 2230 ἀπάσης
1381 2159 1656 2226 ἀπόδειξιν
1699 2160 1833 2230 ἔχει.

243 2249 395 2320 Πλὴν
438 2248 554 2302 ἔστι
595 2267 713 2314 πως
743 2251 896 2320 ἡμᾶς
946 2267 1089 2315 τινα,
1134 2251 1210 2314 ὠς
1244 2252 1302 2302 ἐν
1337 2253 1516 2315 σκιαῖς
1574 2252 1668 2305 καί¹
1695 2253 1834 2305 αίνί-

245 2359 478 2413 γμασιν,
505 2340 852 2414 ἐρανίζεσθαι
908 2343 1134 2411 γνῶσιν,
1185 2345 1494 2414 κάτοπτρον
1546 2344 1736 2418 ὥσπερ
1779 2363 1833 2398 τι

240 2432 648 2505 παρατιθέντας
692 2432 770 2503 τῷ
820 2432 902 2487 νοῒ
935 2433 1044 2487 τῶν
1074 2435 1304 2489 ἐνόντων
1340 2434 1834 2508 πλεονεκτημάτων

196 2569 204 2576 .
236 2527 307 2596 τῇ
329 2524 424 2578 τοῦ
455 2525 590 2578 Υίοῦ
617 2524 777 2594 φύσει
825 2525 917 2580 τὸν
951 2526 1273 2595 κατάλογον.
1315 2527 1406 2592 Ἐξ
1431 2521 1506 2582 ὧν
1524 2528 1634 2598 γάρ
1685 2530 1833 2583 ἐστιν

237 2616 426 2680 αὐτὸς,
461 2618 556 2671 καὶ
578 2615 640 2682 ἐξ
672 2611 746 2671 ὧν
782 2615 1037 2689 εἴργασαι
1066 2616 1181 2690 [γρ.
1213 2619 1526 2692 εἷργασταιί
1545 2620 1834 2691 γενόμενος

237 2709 558 2779 ἄνθρωπος,
616 2709 710 2763 καὶ
749 2710 854 2780 πρὸ
881 2710 984 2781 τῆς
1024 2711 1514 2783 ἐνανθρωπήσεως,
1554 2712 1831 2781 ἀναλόγως

238 2801 309 2855 ἄν
335 2819 415 2865 τις
440 2803 532 2855 ἐπὶ
559 2802 659 2874 τὴν
687 2800 783 2856 τοῦ
807 2802 1058 2866 τεκόντος
1091 2802 1254 2857 αὐτὸν
1285 2803 1520 2874 θεωρίαν
1548 2804 1691 2857 ἀνίοι
1723 2804 1832 2857 λοι-

239 2892 370 2946 πὸν.
389 2893 652 2964 Ὄραγάρ
685 2909 776 2963 μοι
797 2892 895 2964 τὴν
919 2891 1146 2946 ἐνοῦσαν
1172 2892 1322 2962 αὐτῷ
1346 2891 1504 2957 δόξαν
1531 2909 1592 2946 τε
1622 2893 1718 2946 καὶ
1742 2891 1832 2947 δύ⁸

237 2999 434 3054 ναμιν’
461 2983 622 3052 βλέπε
634 2984 732 3054 την
762 2986 850 3051 ἐφ’
867 2983 1073 3038 ἅπασιν
1096 2984 1539 3054 ἀπαραπόδιστον
1559 2983 1827 3048 ἐξουσίαν.

1937 1793 2119 1848 divina
2151 1795 2354 1850 nullius
2383 1796 2603 1865 ingenio
2629 1812 2860 1866 prorsus
2885 1797 3274 1867 comprehendi
3300 1805 3514 1867 potest,

1935 1894 1988 1941 et
2021 1887 2152 1956 quid
2183 1886 2489 1941 secundum
2527 1888 2904 1943 substantiam
2939 1891 3012 1944 sit
3046 1905 3229 1944 rerum
3265 1891 3516 1945 omnium

1936 1987 2131 2034 auctor
2160 1980 2402 2035 scrutari
2429 1982 2592 2050 plane
2619 1981 2856 2047 audere,
2885 1991 3147 2038 extrema:
3178 1984 3402 2052 signum
3430 1991 3517 2039 est

1935 2071 2244 2125 dementiae.
2266 2070 2655 2128 Verumtamen
2677 2075 3048 2144 cognitionem
3075 2076 3370 2145 quamdam
3395 2083 3516 2130 tan-

1934 2176 2097 2232 quam
2127 2165 2182 2216 in
2219 2163 2430 2218 umbris
2476 2172 2530 2218 et
2576 2165 2891 2234 aeuigmatis
2927 2181 3259 2237 comparare
3310 2182 3516 2238 possu-

1935 2269 2058 2308 mus
2079 2294 2094 2319 ,
2130 2255 2415 2324 speculum
2448 2255 2620 2310 veluti
2656 2257 2936 2326 quoddam
2971 2260 3143 2314 menti
3173 2267 3514 2330 opponentes

1933 2361 2026 2401 eas
2058 2363 2178 2416 quae
2212 2346 2336 2402 Filii
2372 2355 2586 2404 naturae
2621 2349 2850 2416 insunt,
2885 2353 3301 2422 praerogativas.
3336 2350 3417 2406 Ex
3446 2367 3515 2406 eo

1935 2438 2080 2493 enim
2135 2440 2284 2509 quod
2337 2448 2423 2496 est
2472 2440 2624 2510 ipse,
2661 2449 2715 2496 et
2743 2457 2807 2496 ex
2847 2442 2916 2499 iis
2951 2459 3074 2514 quae
3109 2444 3228 2514 ipse
3255 2453 3534 2514 operatus,

1933 2537 2054 2593 est,
2084 2539 2373 2602 postquam
2405 2530 2586 2587 factus
2616 2532 2781 2588 homo
2812 2542 2897 2590 est
2918 2573 2934 2598 ,
2981 2545 3036 2590 et
3081 2547 3210 2591 ante
3255 2537 3514 2592 incarna-

1933 2621 2138 2675 tionem
2159 2662 2175 2687 ,
2201 2622 2267 2675 ad
2294 2621 2550 2674 notitiam
2574 2633 2626 2676 et
2648 2626 3172 2694 contemplationem
3217 2628 3398 2681 Patris
3431 2628 3509 2681 si-

1932 2713 2047 2766 mili
2105 2715 2319 2768 ratione
2365 2715 2584 2771 demum
2637 2716 2931 2773 ascendes.
2981 2714 3122 2772 Vide
3170 2717 3321 2772 enim
3353 2718 3508 2784 mihi,

1934 2819 2120 2872 quaeso
2141 2844 2156 2870 ,
2191 2807 2421 2876 gloriam
2455 2808 2576 2877 ejus
2608 2824 2673 2864 ac
2711 2809 2967 2863 virtutem
2998 2827 3011 2862 :
3045 2809 3169 2864 vide
3198 2824 3510 2880 supremam

1932 2894 1987 2950 in
2021 2896 2276 2951 omnibus
2311 2897 2478 2953 rebus
2516 2907 2866 2968 potestatem.
2917 2899 3059 2966 Quid
3093 2899 3262 2964 enim,
3315 2898 3512 2952 amabo

1933 2995 2026 3054 te,
2079 2996 2193 3042 tam
2245 3004 2412 3060 supra
2468 2993 2778 3047 orationem
2828 3007 3048 3048 omnem
3100 2999 3183 3047 est
3231 2992 3508 3060 positum,

244 3075 318 3128 Τί
350 3076 483 3146 γάρ,
512 3076 632 3129 εἰπέ
663 3093 771 3146 μοι,
799 3077 897 3131 καὶ
925 3077 1034 3131 τῶν
1055 3076 1195 3147 ὑπὲρ
1219 3076 1376 3145 λόγον
1404 3077 1830 3149 οὐκ’ἐλευθέροις

1935 3081 2081 3151 quod
2128 3082 2304 3137 libero
2347 3091 2482 3137 nutu
2535 3083 2741 3139 fecisse
2790 3100 2899 3138 non
2943 3093 3233 3147 cernatur,
3286 3090 3341 3138 et
3383 3093 3512 3138 ante

242 3166 485 3238 νεύμασι
530 3168 880 3238 κατορθώσας
917 3170 1136 3241 ὁρᾶται,
1191 3170 1284 3223 καὶ
1329 3169 1435 3240 πρὸ
1477 3169 1700 3241 σαρκὸς,
1733 3170 1830 3224 καὶ

248 3259 391 3331 μετά
459 3260 697 3330 σαρκός;
761 3261 901 3314 Ἀλλ’
940 3263 968 3314 6
1014 3260 1269 3325 τοσοῦτος
1321 3262 1455 3332 ἡμῖν
1524 3260 1591 3313 δι’
1654 3261 1832 3314 αὐτῶν

243 3350 437 3421 ὀφθεὶς
487 3351 852 3422 πραγμάτων,
893 3369 912 3402 ι
955 3351 1113 3421 Ἐγὼ,
1146 3353 1300 3424 φησὶ,
1358 3352 1454 3406 καὶ
1482 3354 1512 3406 6
1555 3353 1745 3425 Πατὴρ
1774 3353 1832 3407 ἐν

238 3445 408 3514 ἐσμεν
430 3461 444 3474 °
475 3447 504 3498 6
527 3445 789 3514 ἑωρακὼς
823 3445 944 3516 ἐμὲ,
978 3445 1192 3516 ἑώρακε
1217 3447 1308 3500 τὸν
1338 3446 1580 3518 Πατέρα.
1609 3464 1627 3497 ι
1668 3445 1830 3498 Ἰτέον

242 3533 339 3592 οὖν
359 3537 468 3608 ἄρα
498 3538 644 3592 κατά
669 3537 769 3610 τὴν
805 3538 901 3593 τοῦ
942 3539 1305 3611 προκειμένου
1341 3539 1570 3608 δύναμιν
1602 3537 1710 3593 ἀπὸ
1733 3538 1831 3608 τῆς

244 3629 456 3692 είκόνος
482 3628 575 3682 ἐπὶ
624 3628 685 3682 τὸ
736 3630 1067 3700 ἀρχέτυπον,
1095 3630 1190 3683 καὶ
1215 3629 1325 3684 ἀπὸ
1353 3629 1448 3682 τοῦ
1482 3629 1832 3700 χαρακτῆρος

247 3720 336 3772 ἐπ’
365 3721 574 3774 ἐκεῖνον
592 3720 656 3791 δὴ
679 3720 895 3784 πάντως
921 3715 982 3774 οῦ
1008 3722 1104 3775 καὶ
1134 3721 1250 3774 ἐστι
1285 3721 1593 3792 χαρακτὴρ,
1626 3720 1722 3774 καὶ
1741 3721 1827 3786 οὐ,

245 3813 390 3868 κατά
409 3831 563 3877 τινας
597 3814 708 3867 τῶν
735 3813 1060 3885 ἑτεροδοξεῖν
1110 3813 1402 3880 εἰωθότων,
1441 3816 1699 3878 ἐπακτοῖς
1718 3831 1829 3866 τισι

246 3903 344 3958 καὶ
365 3906 477 3968 τοῖς
501 3903 702 3968 ἔξωθεν
739 3902 1015 3974 ἀξιώμασι
1058 3903 1488 3975 σχηματίζεσθαι
1530 3921 1712 3974 φαμεν
1737 3903 1829 3956 τὸν

247 3996 375 4050 Υἱὸν
396 3997 533 4068 πρὸς
551 3997 644 4051 τὸν
672 3997 913 4068 Πατέρα,
947 3997 1088 4063 οὐδὲ,
1118 3997 1372 4068 καθάπερ
1395 3999 1508 4060 τοῖς
1539 3996 1829 4068 πλανωμέ-

245 4107 359 4154 νοις
392 4091 559 4154 δοκεῖ,
590 4089 754 4144 είκὼν
784 4088 922 4143 εἶναι
946 4089 1163 4158 λέγεται
1181 4089 1276 4142 τοῦ
1299 4088 1433 4142 Θεοῦ
1469 4090 1563 4142 καὶ
1592 4088 1824 4160 Πατρὸς,

246 4183 322 4246 ὡς
350 4182 491 4253 ἔχων
531 4180 696 4234 αὐτοῦ
719 4180 820 4252 τὴν
841 4180 1021 4246 δόξαν,
1065 4180 1166 4252 τὴν
1203 4180 1454 4251 δύναμιν,
1475 4181 1572 4253 τὴν
1613 4180 1824 4249 σοφίαν,

247 4273 466 4345 φύσεώς
489 4290 553 4342 γε
578 4273 685 4345 μὴν
723 4272 915 4343 ἐτέρας
941 4272 1224 4346 ὑπάρχων.
1253 4271 1440 4326 Ταῦτα
1461 4272 1569 4344 γὰρ
1605 4271 1828 4326 ἐκείνων

244 4367 315 4420 τά
350 4366 666 4437 ληρήματα,
693 4365 788 4418 καὶ
815 4366 850 4435 ἡ
887 4364 1309 4436 κεκομψευμένη
1331 4362 1587 4436 φλυαρία,
1629 4363 1829 4434 μᾶλλον

1936 3186 2192 3236 carnem,
2245 3181 2300 3227 et
2347 3189 2469 3227 cum
2518 3175 2734 3230 carne?
2777 3176 2847 3230 At
2893 3177 2986 3246 qui
3028 3183 3242 3230 tantum
3285 3190 3344 3229 se
3386 3190 3512 3229 esse

1936 3265 2073 3334 ipsis
2120 3265 2381 3334 operibus
2430 3266 2620 3321 docuit
2658 3276 2678 3322 ς
2711 3287 2729 3320 ‹
2766 3267 2913 3338 Ego,
2963 3269 3176 3339 inquit,
3228 3274 3283 3323 et
3349 3266 3512 3337 Pater

1947 3372 2116 3410 unum
2147 3371 2342 3412 sumus
2371 3360 2438 3425 7’;
2470 3360 2561 3429 qui
2591 3361 2742 3415 videt
2773 3377 2884 3427 me,
2913 3361 3130 3416 videtet
3149 3360 3366 3415 Patrem
3391 3361 3459 3414 τ’.
3485 3379 3504 3412 ι

1936 3447 2188 3503 Eundum
2221 3450 2430 3520 itaque,
2462 3452 2508 3506 si
2560 3451 2664 3505 loci
2713 3453 2877 3522 hujus
2919 3454 3026 3507 vim
3061 3460 3410 3521 spectemus,
3441 3452 3512 3506 ab

1931 3539 2169 3609 imagine
2197 3540 2264 3594 ad
2295 3541 2652 3612 archetypum
2672 3581 2687 3606 ,
2722 3550 2779 3596 ct
2807 3558 2836 3596 a
2869 3543 3192 3597 charactere
3230 3540 3299 3594 ad
3351 3541 3508 3596 illum

1931 3633 2091 3703 cujus
2119 3640 2176 3688 et
2206 3641 2292 3690 est
2324 3634 2614 3689 character
2642 3653 2655 3700 ;
2694 3650 2872 3705 neque
2907 3643 3090 3688 tamen
3137 3650 3204 3689 ex
3236 3648 3508 3704 quorum-

1930 3727 2055 3782 dam
2084 3726 2468 3783 haareticorum
2497 3728 2778 3784 sententia
2808 3727 3125 3782 adventitiis
3146 3727 3432 3781 nonnullis
3453 3733 3509 3780 et

1930 3821 2277 3875 extrinsecus
2322 3821 2628 3890 assumptis
2661 3819 3025 3889 dignitatibus
3066 3817 3262 3872 Filium
3297 3816 3362 3870 ad
3405 3814 3510 3870 Pa-

1931 3918 2068 3964 trem
2083 3909 2421 3964 conformari
2441 3910 2701 3975 dicimus,
2727 3923 2927 3978 neque,
2950 3914 3009 3962 ut
3034 3907 3274 3962 heretici
3294 3915 3507 3977 putant,

1928 4001 2110 4069 imago
2143 3998 2242 4068 Dei
2273 4014 2336 4053 ac
2357 3998 2539 4054 Patris
2574 4013 2698 4055 esse
2733 3999 2962 4065 dicitur,
2995 4007 3260 4067 tanquam
3285 3998 3376 4066 qui
3407 3997 3509 4050 ha-

1927 4090 2056 4144 beat
2084 4089 2208 4158 ejus
2243 4088 2476 4160 gloriam
2498 4129 2514 4155 ,
2548 4088 2808 4143 virtutem
2831 4126 2845 4152 ,
2889 4087 3255 4156 sapientiam,
3289 4087 3383 4140 sed
3425 4085 3511 4139 al-

1929 4181 2104 4235 terius
2136 4186 2320 4234 tamen
2349 4179 2423 4235 sit
2453 4187 2682 4233 natura}.
2725 4178 2818 4232 lla:
2861 4188 2992 4233 sunt
3039 4178 3186 4232 enim
3229 4177 3510 4248 elegantes

1929 4270 2152 4324 illorum
2199 4284 2397 4339 nugae,
2438 4270 2548 4323 imo
2596 4283 2726 4322 vero
2761 4267 3011 4335 impietas
3041 4265 3112 4319 ad
3155 4266 3510 4322 evertendam

1931 4363 2090 4446 771
2139 4360 2668 4430 convellendamque
2709 4357 2833 4412 Filii
2877 4357 3511 4413 consubstantialitatem

246 4458 304 4511 δέ
345 4457 676 4521 δυσσέϐεια,
737 4456 873 4528 πρὸς
954 4456 1268 4528 ἀνατροπὴν
1337 4455 1687 4527 ὲπινοηθεῖσα
1736 4456 1828 4509 καὶ

1935 4455 2194 4519 inventa,
2252 4453 2399 4524 quod
2455 4467 2622 4506 unum
2673 4460 2758 4507 est
2805 4465 2996 4505 eorum
3051 4449 3280 4519 impium
3314 4456 3369 4504 et
3403 4448 3514 4504 Deo

251 4552 574 4620 καθαίρεσιν
602 4550 702 4620 τῆς
739 4549 1155 4619 ὁμοουσιότητος
1191 4548 1284 4602 τοῦ
1325 4548 1476 4614 Υξοῦ,
1499 4547 1715 4616 κατάγε
1736 4548 1827 4602 τὸν

251 4645 308 4696 ἐν
331 4643 514 4706 αὐτοῖς
536 4642 750 4695 ἀνόσιόν
775 4658 834 4693 τε
874 4640 971 4694 καλ⁸
995 4639 1266 4711 θεομάχον
1307 4642 1529 4696 σκοπόν.
1573 4641 1710 4694 Ἀλλ’
1753 4641 1831 4705 ὡς

255 4735 377 4797 Υίὺς
414 4733 653 4804 ἀληθῶς,
691 4735 756 4787 ἐκ
802 4733 904 4804 τῆς
955 4731 1049 4785 τοῦ
1094 4732 1232 4786 Θεοῦ
1268 4733 1362 4786 καὶ
1399 4732 1612 4804 Πατρδς
1642 4733 1831 4797 οὐσίας

254 4827 583 4897 ἀπορῤήτως
628 4826 725 4879 καὶ
797 4826 1174 4896 ἀπερινοήτως
1218 4825 1519 4896 γεννηθεὶς,
1543 4826 1831 4898 χαρακτήρ

255 4917 400 4970 ἐστιν
422 4916 610 4981 αὐτοῦ,
643 4918 736 4971 καὶ
794 4915 977 4982 εἰκὼν,
1019 4918 1116 4971 καὶ
1162 4918 1524 4988 ἀπαύγασμα,
1567 4919 1752 4991 φέρων
1772 4920 1830 4972 ἐν

253 5009 429 5080 οἰκεία
452 5008 610 5076 φύσει
637 5008 738 5078 τῆς
760 5008 854 5061 τοῦ
897 5009 1150 5073 τεκόντος
1169 5009 1331 5062 αὐτὸν
1352 5011 1541 5074 οὐσίας
1575 5011 1636 5063 τὸ
1677 5011 1827 5075 ῐδιον,

256 5104 346 5156 καὶ
374 5101 486 5156 τῶν
517 5100 761 5170 φυσικῶν
785 5100 1271 5171 πλεονεκτημάτων
1290 5101 1350 5154 τὸ
1376 5101 1591 5164 κάλλος.
1624 5101 1701 5155 Οὐ
1721 5102 1830 5173 γὰρ

258 5194 597 5263 ἀπόπληκτοι
653 5194 774 5247 κατ’
821 5194 1064 5257 ἐκείνους
1121 5193 1385 5264 ἐσόμεθα,
1415 5193 1510 5247 καὶ
1553 5195 1632 5257 είς
1676 5193 1834 5248 τοῦτο

257 5284 574 5347 δυσϐουλίας
595 5284 686 5337 τὸν
711 5286 906 5338 οἰκεῖον
927 5284 1313 5355 κατωθήσομεν
1335 5284 1479 5350 νοῦν,
1497 5285 1572 5349 ὡς
1593 5284 1671 5356 τῷ
1693 5285 1834 5340 κατὰ

259 5376 418 5444 φύσιν
444 5374 546 5426 οὐκ
579 5373 710 5426 ὅντα
731 5373 908 5442 λέγειν
937 5373 1056 5444 Θεῷ
1097 5374 1302 5444 ὅμοιον,
1333 5376 1469 5446 μήτε
1507 5375 1612 5447 μὴν
1646 5377 1712 5429 ἐκ
1735 5377 1835 5447 τῆς

257 5468 444 5530 οὐσίας
494 5465 824 5534 γεννηθέντα
881 5466 976 5520 τοῦ
1021 5464 1156 5518 Θεοῦ
1222 5467 1318 5520 καὶ
1352 5467 1580 5539 Πατρὸς,
1610 5469 1710 5538 τὴν
1736 5468 1830 5522 τοῦ

258 5559 390 5612 Θεοῦ
421 5557 754 5629 χαρίσασθαι
773 5558 951 5624 δόξαν,
968 5557 1002 5628 ἢ
1022 5557 1116 5610 καὶ
1141 5558 1306 5626 φάναι
1325 5559 1581 5615 δύνασθαί
1615 5577 1742 5613 ποτε
1772 5561 1832 5613 τὸ

328 5749 375 5781 τ’
424 5746 587 5803 Joan.
624 5760 681 5809 ι,
718 5744 804 5799 30.
884 5743 1108 5802 "Joan.
1159 5759 1270 5834 xiv,
1313 5746 1364 5800 9.

1933 4559 2251 4616 repugnans
2276 4545 2646 4614 propositum.
2683 4543 2790 4598 Sed
2820 4550 2879 4596 ut
2906 4556 3035 4597 vere
3067 4539 3276 4607 Filius,
3318 4557 3382 4594 ex
3414 4540 3510 4595 Dei

1935 4655 1999 4694 ac
2036 4638 2214 4694 Patris
2246 4637 2552 4694 substantia
2588 4635 2850 4691 ineﬂ'abili
2881 4642 2934 4690 et
2968 4633 3512 4704 incomprehensibili

1935 4731 2150 4787 ratione
2186 4731 2405 4802 genitus
2426 4768 2442 4795 ,
2479 4729 2768 4785 character
2801 4736 2886 4784 est
2916 4728 3040 4798 ejus
3060 4766 3075 4791 ,
3112 4734 3167 4784 et
3206 4727 3386 4795 imago
3407 4766 3424 4790 ,
3456 4734 3512 4781 et

1938 4821 2220 4894 splendor,
2255 4822 2646 4893 proprietatem
2681 4821 3012 4877 substantiae
3041 4819 3162 4888 ejus
3195 4818 3289 4886 qui
3320 4817 3513 4886 genuit

1938 4915 2156 4986 ipsum,
2181 4922 2236 4970 et
2257 4915 2591 4968 naturalium
2621 4914 3105 4984 praerogativarum
3135 4909 3302 4964 decus
3332 4909 3387 4964 in
3413 4925 3512 4965 sua

1937 5006 2124 5062 ferens
2177 5013 2400 5060 natura.
2439 5005 2553 5060 Nec
2581 5006 2729 5060 enim
2765 5013 2826 5059 ut
2861 5003 2976 5066 illi,
3008 5009 3120 5054 tam
3155 4999 3366 5070 stupidi
3400 5001 3512 5054 eri-

1937 5113 2093 5162 mus,
2129 5103 2225 5151 aut
2267 5112 2334 5152 eo
2388 5095 2593 5152 furoris
2641 5097 2983 5160 delabemur,
3019 5099 3078 5146 ut
3107 5107 3231 5146 eum
3261 5093 3355 5161 qui
3401 5107 3513 5145 non

1936 5191 2139 5246 similis
2171 5189 2242 5247 sit
2272 5189 2386 5245 Deo
2415 5192 2716 5247 secundum
2750 5196 3028 5251 naturam,
3064 5186 3269 5256 quippe
3299 5198 3408 5238 non
3441 5185 3514 5240 sit

1935 5297 2002 5337 ex
2041 5281 2132 5338 Dei
2179 5298 2244 5338 ac
2289 5282 2476 5339 Patris
2525 5282 2844 5338 substantia
2888 5280 3145 5351 genitus,
3189 5277 3286 5334 Dei
3339 5277 3514 5349 gloria

1936 5373 2228 5444 praeditum
2266 5389 2392 5430 esse
2425 5373 2675 5428 dicamus
2699 5411 2714 5436 ,
2749 5380 2844 5425 aut
2879 5387 3006 5426 eum
3037 5371 3131 5440 qui
3175 5368 3359 5426 factus
3401 5370 3512 5432 sit,

1937 5476 1992 5523 et
2021 5483 2051 5522 e
2085 5466 2264 5522 nihilo
2296 5466 2361 5520 ad
2395 5480 2518 5521 esse
2544 5463 2850 5535 productus
2871 5505 2886 5530 ,
2921 5463 3165 5518 divinam
3211 5463 3266 5516 in
3306 5477 3366 5518 se
3398 5461 3514 5516 vir-

1940 5566 2111 5614 tutem
2147 5564 2202 5612 et
2233 5556 2563 5628 sapientiam
2597 5554 2762 5611 simili
2800 5572 2898 5627 per
2928 5555 3114 5614 omnia
3147 5554 3311 5609 modo
3339 5551 3513 5608 habe-
