  <div class='ocr_page' id='page_1' title='image "/cluster/home/n/w/nwhite01/storage/ocr_20150623/74/pst.000004029052/109.png"; bbox 0 0 3992 6316; ppageno 0'>
   <div class='ocr_carea' id='block_1_1' title="bbox 505 320 605 374">
    <p class='ocr_par' dir='ltr' id='par_1_1' title="bbox 505 320 605 374">
     <span class='ocr_line' id='line_1_1' title="bbox 505 320 605 374; baseline -0.04 0"><span class='ocrx_word' id='word_1_1' title='bbox 505 320 605 374; x_wconf 71' lang='grc' dir='ltr'><strong>19Ξί</strong></span> 
     </span>
    </p>
   </div>
   <div class='ocr_carea' id='block_1_2' title="bbox 1500 313 2710 372">
    <p class='ocr_par' dir='ltr' id='par_1_2' title="bbox 1500 313 2710 372">
     <span class='ocr_line' id='line_1_2' title="bbox 1500 313 2710 372; baseline 0.001 -3"><span class='ocrx_word' id='word_1_2' title='bbox 1500 316 1556 370; x_wconf 91' lang='lat' dir='ltr'><strong>S.</strong></span> <span class='ocrx_word' id='word_1_3' title='bbox 1583 313 1860 370; x_wconf 73' lang='grc' dir='ltr'>εγιιιιιι</span> <span class='ocrx_word' id='word_1_4' title='bbox 1893 313 2364 370; x_wconf 64' lang='lat' dir='ltr'><strong>ALEXANDIiINi</strong></span> <span class='ocrx_word' id='word_1_5' title='bbox 2391 315 2710 372; x_wconf 77' lang='lat' dir='ltr'><strong>AliClllEP.</strong></span> 
     </span>
    </p>
   </div>
   <div class='ocr_carea' id='block_1_3' title="bbox 3668 323 3777 380">
    <p class='ocr_par' dir='ltr' id='par_1_3' title="bbox 3668 323 3777 380">
     <span class='ocr_line' id='line_1_3' title="bbox 3668 323 3777 380; baseline 0.037 -3"><span class='ocrx_word' id='word_1_6' title='bbox 3668 323 3777 380; x_wconf 72' lang='lat'><strong>196</strong></span> 
     </span>
    </p>
   </div>
   <div class='ocr_carea' id='block_1_4' title="bbox 505 429 2080 505">
    <p class='ocr_par' dir='ltr' id='par_1_4' title="bbox 505 429 2080 501">
     <span class='ocr_line' id='line_1_4' title="bbox 505 429 2080 501; baseline 0 -16"><span class='ocrx_word' id='word_1_7' title='bbox 505 446 584 492; x_wconf 85' lang='lat' dir='ltr'><strong>re,</strong></span> <span class='ocrx_word' id='word_1_8' title='bbox 624 429 902 501; x_wconf 76' lang='lat' dir='ltr'><strong>talemque</strong></span> <span class='ocrx_word' id='word_1_9' title='bbox 931 444 1088 495; x_wconf 88' lang='lat' dir='ltr'><strong>esse,</strong></span> <span class='ocrx_word' id='word_1_10' title='bbox 1126 431 1312 501; x_wconf 82' lang='lat' dir='ltr'><strong>qualis</strong></span> <span class='ocrx_word' id='word_1_11' title='bbox 1343 431 1533 486; x_wconf 79' lang='lat' dir='ltr'><strong>divina</strong></span> <span class='ocrx_word' id='word_1_12' title='bbox 1566 441 1621 487; x_wconf 92' lang='lat' dir='ltr'><strong>et</strong></span> <span class='ocrx_word' id='word_1_13' title='bbox 1649 432 1944 489; x_wconf 85' lang='lat' dir='ltr'><strong>inetl‘abilis</strong></span> <span class='ocrx_word' id='word_1_14' title='bbox 1986 431 2080 487; x_wconf 90' lang='lat' dir='ltr'><strong>Dei</strong></span> 
     </span>
    </p>
   </div>
   <div class='ocr_carea' id='block_1_5' title="bbox 2186 429 3782 505">
    <p class='ocr_par' dir='ltr' id='par_1_5' title="bbox 2193 433 3782 505">
     <span class='ocr_line' id='line_1_5' title="bbox 2193 433 3782 505; baseline 0.005 -19"><span class='ocrx_word' id='word_1_15' title='bbox 2193 434 2564 505; x_wconf 81' lang='grc' dir='ltr'><strong>πεποιημένον</strong></span> <span class='ocrx_word' id='word_1_16' title='bbox 2593 435 2750 497; x_wconf 84' lang='grc' dir='ltr'>ὅλως,</span> <span class='ocrx_word' id='word_1_17' title='bbox 2780 433 2877 487; x_wconf 73' lang='grc' dir='ltr'><strong>καὶ</strong></span> <span class='ocrx_word' id='word_1_18' title='bbox 2921 433 2980 487; x_wconf 75' lang='grc' dir='ltr'>τὸ</span> <span class='ocrx_word' id='word_1_19' title='bbox 3011 433 3069 500; x_wconf 77' lang='grc' dir='ltr'><strong>ἐξ</strong></span> <span class='ocrx_word' id='word_1_20' title='bbox 3100 434 3203 488; x_wconf 81' lang='grc' dir='ltr'><strong>οὐκ</strong></span> <span class='ocrx_word' id='word_1_21' title='bbox 3234 435 3406 489; x_wconf 82' lang='grc' dir='ltr'>ὄντων</span> <span class='ocrx_word' id='word_1_22' title='bbox 3440 439 3519 500; x_wconf 88' lang='grc' dir='ltr'><strong>εἰς</strong></span> <span class='ocrx_word' id='word_1_23' title='bbox 3545 437 3606 490; x_wconf 81' lang='grc' dir='ltr'><strong>τὸ</strong></span> <span class='ocrx_word' id='word_1_24' title='bbox 3633 435 3782 494; x_wconf 77' lang='grc' dir='ltr'>εἶναι</span> 
     </span>
    </p>
   </div>
   <div class='ocr_carea' id='block_1_6' title="bbox 502 520 2089 590">
    <p class='ocr_par' dir='ltr' id='par_1_6' title="bbox 502 520 2089 590">
     <span class='ocr_line' id='line_1_6' title="bbox 502 520 2089 590; baseline 0.001 -15"><span class='ocrx_word' id='word_1_25' title='bbox 502 520 686 576; x_wconf 86' lang='lat' dir='ltr'><strong>Patris</strong></span> <span class='ocrx_word' id='word_1_26' title='bbox 716 530 912 576; x_wconf 87' lang='lat' dir='ltr'><strong>natura</strong></span> <span class='ocrx_word' id='word_1_27' title='bbox 946 531 1266 578; x_wconf 78' lang='lat' dir='ltr'><strong>censeatur.</strong></span> <span class='ocrx_word' id='word_1_28' title='bbox 1303 523 1446 590; x_wconf 85' lang='lat' dir='ltr'><strong>Quid</strong></span> <span class='ocrx_word' id='word_1_29' title='bbox 1475 524 1621 579; x_wconf 90' lang='lat' dir='ltr'><strong>enim</strong></span> <span class='ocrx_word' id='word_1_30' title='bbox 1653 531 1970 579; x_wconf 75' lang='lat' dir='ltr'><strong>creaturam</strong></span> <span class='ocrx_word' id='word_1_31' title='bbox 2005 525 2089 576; x_wconf 85' lang='lat' dir='ltr'><strong>ul-</strong></span> 
     </span>
    </p>
   </div>
   <div class='ocr_carea' id='block_1_7' title="bbox 501 607 2088 684">
    <p class='ocr_par' dir='ltr' id='par_1_7' title="bbox 501 607 2088 684">
     <span class='ocr_line' id='line_1_7' title="bbox 501 607 2088 684; baseline 0.005 -25"><span class='ocrx_word' id='word_1_32' title='bbox 501 615 588 660; x_wconf 86' lang='lat' dir='ltr'><strong>tra</strong></span> <span class='ocrx_word' id='word_1_33' title='bbox 617 607 688 662; x_wconf 88' lang='lat' dir='ltr'><strong>ab</strong></span> <span class='ocrx_word' id='word_1_34' title='bbox 715 609 908 678; x_wconf 80' lang='lat' dir='ltr'><strong>opiiice</strong></span> <span class='ocrx_word' id='word_1_35' title='bbox 936 610 1340 682; x_wconf 91' lang='lat' dir='ltr'><strong>distingueret,</strong></span> <span class='ocrx_word' id='word_1_36' title='bbox 1372 620 1468 666; x_wconf 88' lang='lat' dir='ltr'><strong>aut</strong></span> <span class='ocrx_word' id='word_1_37' title='bbox 1503 613 1633 684; x_wconf 90' lang='lat' dir='ltr'><strong>quid</strong></span> <span class='ocrx_word' id='word_1_38' title='bbox 1668 628 1929 684; x_wconf 87' lang='lat' dir='ltr'><strong>separare</strong></span> <span class='ocrx_word' id='word_1_39' title='bbox 1961 627 2088 684; x_wconf 84' lang='lat' dir='ltr'><strong>pos-</strong></span> 
     </span>
    </p>
   </div>
   <div class='ocr_carea' id='block_1_8' title="bbox 503 700 2089 774">
    <p class='ocr_par' dir='ltr' id='par_1_8' title="bbox 503 700 2089 774">
     <span class='ocr_line' id='line_1_8' title="bbox 503 700 2089 774; baseline 0.004 -22"><span class='ocrx_word' id='word_1_40' title='bbox 503 705 593 752; x_wconf 84' lang='lat' dir='ltr'><strong>set.</strong></span> <span class='ocrx_word' id='word_1_41' title='bbox 650 700 942 757; x_wconf 88' lang='lat' dir='ltr'><strong>identitate</strong></span> <span class='ocrx_word' id='word_1_42' title='bbox 989 703 1318 758; x_wconf 71' lang='lat' dir='ltr'><strong>substantiae</strong></span> <span class='ocrx_word' id='word_1_43' title='bbox 1367 715 1680 760; x_wconf 79' lang='lat' dir='ltr'><strong>creaturam</strong></span> <span class='ocrx_word' id='word_1_44' title='bbox 1730 706 1800 760; x_wconf 91' lang='lat' dir='ltr'><strong>ab</strong></span> <span class='ocrx_word' id='word_1_45' title='bbox 1847 704 2089 774; x_wconf 84' lang='lat' dir='ltr'><strong>opitice?</strong></span> 
     </span>
    </p>
   </div>
   <div class='ocr_carea' id='block_1_9' title="bbox 504 788 2086 866">
    <p class='ocr_par' dir='ltr' id='par_1_9' title="bbox 504 788 2086 866">
     <span class='ocr_line' id='line_1_9' title="bbox 504 788 2086 866; baseline 0.004 -24"><span class='ocrx_word' id='word_1_46' title='bbox 504 788 638 843; x_wconf 81' lang='lat' dir='ltr'><strong>Nam</strong></span> <span class='ocrx_word' id='word_1_47' title='bbox 673 790 722 845; x_wconf 93' lang='lat' dir='ltr'><strong>si</strong></span> <span class='ocrx_word' id='word_1_48' title='bbox 762 791 996 861; x_wconf 77' lang='lat' dir='ltr'><strong>gloriam</strong></span> <span class='ocrx_word' id='word_1_49' title='bbox 1031 807 1096 846; x_wconf 88' lang='lat' dir='ltr'><strong>ac</strong></span> <span class='ocrx_word' id='word_1_50' title='bbox 1123 794 1418 859; x_wconf 82' lang='lat' dir='ltr'><strong>virtutem,</strong></span> <span class='ocrx_word' id='word_1_51' title='bbox 1473 794 1707 866; x_wconf 84' lang='lat' dir='ltr'><strong>ejusque</strong></span> <span class='ocrx_word' id='word_1_52' title='bbox 1759 794 2086 865; x_wconf 84' lang='lat' dir='ltr'><strong>sapientiam</strong></span> 
     </span>
    </p>
   </div>
   <div class='ocr_carea' id='block_1_10' title="bbox 501 882 2086 958">
    <p class='ocr_par' dir='ltr' id='par_1_10' title="bbox 501 882 2086 958">
     <span class='ocr_line' id='line_1_10' title="bbox 501 882 2086 958; baseline 0.002 -20"><span class='ocrx_word' id='word_1_53' title='bbox 501 882 695 938; x_wconf 90' lang='lat' dir='ltr'><strong>eodem</strong></span> <span class='ocrx_word' id='word_1_54' title='bbox 727 885 958 940; x_wconf 90' lang='lat' dir='ltr'><strong>omnino</strong></span> <span class='ocrx_word' id='word_1_55' title='bbox 991 887 1156 941; x_wconf 89' lang='lat' dir='ltr'><strong>modo</strong></span> <span class='ocrx_word' id='word_1_56' title='bbox 1187 903 1299 958; x_wconf 90' lang='lat' dir='ltr'><strong>quo</strong></span> <span class='ocrx_word' id='word_1_57' title='bbox 1352 887 1495 944; x_wconf 89' lang='lat' dir='ltr'><strong>Deus</strong></span> <span class='ocrx_word' id='word_1_58' title='bbox 1552 903 1617 943; x_wconf 91' lang='lat' dir='ltr'><strong>ac</strong></span> <span class='ocrx_word' id='word_1_59' title='bbox 1673 887 1839 943; x_wconf 90' lang='lat' dir='ltr'><strong>Pater</strong></span> <span class='ocrx_word' id='word_1_60' title='bbox 1892 888 2086 952; x_wconf 83' lang='lat' dir='ltr'><strong>habet,</strong></span> 
     </span>
    </p>
   </div>
   <div class='ocr_carea' id='block_1_11' title="bbox 501 977 2090 1054">
    <p class='ocr_par' dir='ltr' id='par_1_11' title="bbox 501 977 2090 1054">
     <span class='ocr_line' id='line_1_11' title="bbox 501 977 2090 1054; baseline 0.006 -24"><span class='ocrx_word' id='word_1_61' title='bbox 501 977 637 1046; x_wconf 81' lang='lat' dir='ltr'><strong>quid</strong></span> <span class='ocrx_word' id='word_1_62' title='bbox 679 978 860 1048; x_wconf 87' lang='lat' dir='ltr'><strong>majus</strong></span> <span class='ocrx_word' id='word_1_63' title='bbox 893 981 965 1035; x_wconf 87' lang='lat' dir='ltr'><strong>sit</strong></span> <span class='ocrx_word' id='word_1_64' title='bbox 994 981 1048 1034; x_wconf 90' lang='lat' dir='ltr'><strong>in</strong></span> <span class='ocrx_word' id='word_1_65' title='bbox 1080 980 1280 1048; x_wconf 84' lang='lat' dir='ltr'><strong>Patre,</strong></span> <span class='ocrx_word' id='word_1_66' title='bbox 1317 989 1412 1036; x_wconf 89' lang='lat' dir='ltr'><strong>aut</strong></span> <span class='ocrx_word' id='word_1_67' title='bbox 1445 983 1581 1053; x_wconf 90' lang='lat' dir='ltr'><strong>quid</strong></span> <span class='ocrx_word' id='word_1_68' title='bbox 1627 984 1750 1054; x_wconf 89' lang='lat' dir='ltr'><strong>plus</strong></span> <span class='ocrx_word' id='word_1_69' title='bbox 1792 984 2090 1040; x_wconf 88' lang='lat' dir='ltr'><strong>habiturus</strong></span> 
     </span>
    </p>
   </div>
   <div class='ocr_carea' id='block_1_12' title="bbox 500 1075 2085 1146">
    <p class='ocr_par' dir='ltr' id='par_1_12' title="bbox 500 1075 2085 1146">
     <span class='ocr_line' id='line_1_12' title="bbox 500 1075 2085 1146; baseline 0.004 -23"><span class='ocrx_word' id='word_1_70' title='bbox 500 1085 665 1140; x_wconf 91' lang='lat' dir='ltr'><strong>quam</strong></span> <span class='ocrx_word' id='word_1_71' title='bbox 698 1087 802 1128; x_wconf 90' lang='lat' dir='ltr'><strong>nos</strong></span> <span class='ocrx_word' id='word_1_72' title='bbox 851 1081 948 1126; x_wconf 88' lang='lat' dir='ltr'><strong>aut</strong></span> <span class='ocrx_word' id='word_1_73' title='bbox 979 1081 1235 1130; x_wconf 79' lang='lat' dir='ltr'><strong>creatura</strong></span> <span class='ocrx_word' id='word_1_74' title='bbox 1261 1115 1275 1140; x_wconf 95' lang='lat'><strong>,</strong></span> <span class='ocrx_word' id='word_1_75' title='bbox 1313 1090 1413 1146; x_wconf 82' lang='lat' dir='ltr'><strong>ego</strong></span> <span class='ocrx_word' id='word_1_76' title='bbox 1442 1075 1670 1146; x_wconf 86' lang='lat' dir='ltr'><strong>quidem</strong></span> <span class='ocrx_word' id='word_1_77' title='bbox 1707 1076 1895 1130; x_wconf 88' lang='lat' dir='ltr'><strong>dicere</strong></span> <span class='ocrx_word' id='word_1_78' title='bbox 1930 1091 2085 1146; x_wconf 80' lang='lat' dir='ltr'><strong>pror-</strong></span> 
     </span>
    </p>
   </div>
   <div class='ocr_carea' id='block_1_13' title="bbox 500 1167 2086 1240">
    <p class='ocr_par' dir='ltr' id='par_1_13' title="bbox 500 1167 2086 1240">
     <span class='ocr_line' id='line_1_13' title="bbox 500 1167 2086 1240; baseline 0.003 -22"><span class='ocrx_word' id='word_1_79' title='bbox 500 1177 598 1218; x_wconf 88' lang='lat' dir='ltr'><strong>sus</strong></span> <span class='ocrx_word' id='word_1_80' title='bbox 633 1179 850 1233; x_wconf 88' lang='lat' dir='ltr'><strong>nequeo</strong></span> <span class='ocrx_word' id='word_1_81' title='bbox 873 1205 888 1230; x_wconf 91' lang='lat'><strong>,</strong></span> <span class='ocrx_word' id='word_1_82' title='bbox 917 1167 1012 1221; x_wconf 85' lang='lat' dir='ltr'><strong>sed</strong></span> <span class='ocrx_word' id='word_1_83' title='bbox 1043 1168 1132 1222; x_wconf 88' lang='lat' dir='ltr'><strong>hic</strong></span> <span class='ocrx_word' id='word_1_84' title='bbox 1165 1168 1416 1226; x_wconf 67' lang='lat' dir='ltr'><strong>hmsuros</strong></span> <span class='ocrx_word' id='word_1_85' title='bbox 1447 1170 1614 1222; x_wconf 87' lang='lat' dir='ltr'><strong>etiam</strong></span> <span class='ocrx_word' id='word_1_86' title='bbox 1646 1169 1774 1223; x_wconf 92' lang='lat' dir='ltr'><strong>illos</strong></span> <span class='ocrx_word' id='word_1_87' title='bbox 1805 1169 2086 1240; x_wconf 87' lang='lat' dir='ltr'><strong>suspicor.</strong></span> 
     </span>
    </p>
   </div>
   <div class='ocr_carea' id='block_1_14' title="bbox 500 1257 2089 1332">
    <p class='ocr_par' dir='ltr' id='par_1_14' title="bbox 500 1257 2089 1332">
     <span class='ocr_line' id='line_1_14' title="bbox 500 1257 2089 1332; baseline 0.004 -22"><span class='ocrx_word' id='word_1_88' title='bbox 500 1257 850 1328; x_wconf 78' lang='lat' dir='ltr'><strong>Quapropter</strong></span> <span class='ocrx_word' id='word_1_89' title='bbox 882 1274 995 1314; x_wconf 92' lang='lat' dir='ltr'><strong>non</strong></span> <span class='ocrx_word' id='word_1_90' title='bbox 1026 1261 1277 1316; x_wconf 86' lang='lat' dir='ltr'><strong>externis</strong></span> <span class='ocrx_word' id='word_1_91' title='bbox 1315 1260 1694 1332; x_wconf 83' lang='lat' dir='ltr'><strong>dignitatibus</strong></span> <span class='ocrx_word' id='word_1_92' title='bbox 1722 1260 1896 1316; x_wconf 86' lang='lat' dir='ltr'><strong>Filius</strong></span> <span class='ocrx_word' id='word_1_93' title='bbox 1927 1261 2089 1316; x_wconf 86' lang='lat' dir='ltr'><strong>nobis</strong></span> 
     </span>
    </p>
   </div>
   <div class='ocr_carea' id='block_1_15' title="bbox 501 1348 2089 1424">
    <p class='ocr_par' dir='ltr' id='par_1_15' title="bbox 501 1348 2089 1424">
     <span class='ocr_line' id='line_1_15' title="bbox 501 1348 2089 1424; baseline 0.004 -22"><span class='ocrx_word' id='word_1_94' title='bbox 501 1350 568 1402; x_wconf 88' lang='lat' dir='ltr'><strong>ad</strong></span> <span class='ocrx_word' id='word_1_95' title='bbox 605 1348 792 1406; x_wconf 82' lang='lat' dir='ltr'><strong>Patris</strong></span> <span class='ocrx_word' id='word_1_96' title='bbox 836 1353 1214 1422; x_wconf 66' lang='lat' dir='ltr'><strong>a&#39;qualitatem</strong></span> <span class='ocrx_word' id='word_1_97' title='bbox 1251 1352 1548 1418; x_wconf 82' lang='lat' dir='ltr'><strong>formatur,</strong></span> <span class='ocrx_word' id='word_1_98' title='bbox 1600 1369 1784 1424; x_wconf 89' lang='lat' dir='ltr'><strong>neque</strong></span> <span class='ocrx_word' id='word_1_99' title='bbox 1835 1354 1985 1408; x_wconf 88' lang='lat' dir='ltr'><strong>velut</strong></span> <span class='ocrx_word' id='word_1_100' title='bbox 2033 1355 2089 1408; x_wconf 88' lang='lat' dir='ltr'><strong>in</strong></span> 
     </span>
    </p>
   </div>
   <div class='ocr_carea' id='block_1_16' title="bbox 501 1443 2091 1517">
    <p class='ocr_par' dir='ltr' id='par_1_16' title="bbox 501 1443 2091 1517">
     <span class='ocr_line' id='line_1_16' title="bbox 501 1443 2091 1517; baseline 0.004 -22"><span class='ocrx_word' id='word_1_101' title='bbox 501 1443 688 1497; x_wconf 90' lang='lat' dir='ltr'><strong>tabula</strong></span> <span class='ocrx_word' id='word_1_102' title='bbox 720 1446 978 1514; x_wconf 89' lang='lat' dir='ltr'><strong>quapiam</strong></span> <span class='ocrx_word' id='word_1_103' title='bbox 1010 1447 1158 1517; x_wconf 86' lang='lat' dir='ltr'><strong>regis</strong></span> <span class='ocrx_word' id='word_1_104' title='bbox 1187 1449 1425 1517; x_wconf 90' lang='lat' dir='ltr'><strong>speciem</strong></span> <span class='ocrx_word' id='word_1_105' title='bbox 1457 1462 1520 1502; x_wconf 89' lang='lat' dir='ltr'><strong>ac</strong></span> <span class='ocrx_word' id='word_1_106' title='bbox 1554 1447 1790 1502; x_wconf 87' lang='lat' dir='ltr'><strong>formam</strong></span> <span class='ocrx_word' id='word_1_107' title='bbox 1825 1449 2091 1502; x_wconf 88' lang='lat' dir='ltr'><strong>mentitur</strong></span> 
     </span>
    </p>
   </div>
   <div class='ocr_carea' id='block_1_17' title="bbox 499 1537 2090 1611">
    <p class='ocr_par' dir='ltr' id='par_1_17' title="bbox 499 1537 2090 1611">
     <span class='ocr_line' id='line_1_17' title="bbox 499 1537 2090 1611; baseline 0.003 -21"><span class='ocrx_word' id='word_1_108' title='bbox 499 1537 618 1590; x_wconf 88' lang='lat' dir='ltr'><strong>sola</strong></span> <span class='ocrx_word' id='word_1_109' title='bbox 655 1538 904 1592; x_wconf 89' lang='lat' dir='ltr'><strong>colorum</strong></span> <span class='ocrx_word' id='word_1_110' title='bbox 935 1539 1206 1595; x_wconf 84' lang='lat' dir='ltr'><strong>varietate</strong></span> <span class='ocrx_word' id='word_1_111' title='bbox 1243 1539 1503 1611; x_wconf 89' lang='lat' dir='ltr'><strong>depictus</strong></span> <span class='ocrx_word' id='word_1_112' title='bbox 1525 1582 1540 1606; x_wconf 92' lang='lat'><strong>,</strong></span> <span class='ocrx_word' id='word_1_113' title='bbox 1577 1541 1676 1596; x_wconf 88' lang='lat' dir='ltr'><strong>sed</strong></span> <span class='ocrx_word' id='word_1_114' title='bbox 1715 1545 2008 1596; x_wconf 89' lang='lat' dir='ltr'><strong>character</strong></span> <span class='ocrx_word' id='word_1_115' title='bbox 2035 1547 2090 1596; x_wconf 89' lang='lat' dir='ltr'><strong>et</strong></span> 
     </span>
    </p>
   </div>
   <div class='ocr_carea' id='block_1_18' title="bbox 2192 525 3782 601">
    <p class='ocr_par' dir='ltr' id='par_1_18' title="bbox 2192 525 3782 601">
     <span class='ocr_line' id='line_1_18' title="bbox 2192 525 3782 601; baseline 0.005 -23"><span class='ocrx_word' id='word_1_116' title='bbox 2192 527 2545 597; x_wconf 82' lang='grc' dir='ltr'><strong>παρενεχθὲν,</strong></span> <span class='ocrx_word' id='word_1_117' title='bbox 2609 526 2707 597; x_wconf 81' lang='grc' dir='ltr'>τὴν</span> <span class='ocrx_word' id='word_1_118' title='bbox 2761 525 2910 580; x_wconf 80' lang='grc' dir='ltr'>Θείαν</span> <span class='ocrx_word' id='word_1_119' title='bbox 2959 527 3397 598; x_wconf 84' lang='grc' dir='ltr'><strong>ἀπαραλλάκτως</strong></span> <span class='ocrx_word' id='word_1_120' title='bbox 3435 529 3664 601; x_wconf 81' lang='grc' dir='ltr'><strong>φορέσαι</strong></span> <span class='ocrx_word' id='word_1_121' title='bbox 3695 530 3782 586; x_wconf 85' lang='grc' dir='ltr'>δύ-</span> 
     </span>
    </p>
   </div>
   <div class='ocr_carea' id='block_1_19' title="bbox 2190 618 3780 694">
    <p class='ocr_par' dir='ltr' id='par_1_19' title="bbox 2190 618 3780 694">
     <span class='ocr_line' id='line_1_19' title="bbox 2190 618 3780 694; baseline 0.002 -20"><span class='ocrx_word' id='word_1_122' title='bbox 2190 637 2376 691; x_wconf 86' lang='grc' dir='ltr'>ναμιν,</span> <span class='ocrx_word' id='word_1_123' title='bbox 2414 619 2508 673; x_wconf 74' lang='grc' dir='ltr'>καὶ</span> <span class='ocrx_word' id='word_1_124' title='bbox 2536 620 2745 689; x_wconf 79' lang='grc' dir='ltr'>σοφίαν,</span> <span class='ocrx_word' id='word_1_125' title='bbox 2777 619 2921 690; x_wconf 76' lang='grc' dir='ltr'>ἔχειν</span> <span class='ocrx_word' id='word_1_126' title='bbox 2943 619 2999 672; x_wconf 84' lang='grc' dir='ltr'>δὲ</span> <span class='ocrx_word' id='word_1_127' title='bbox 3028 618 3202 682; x_wconf 72' lang='grc' dir='ltr'>οὕτως</span> <span class='ocrx_word' id='word_1_128' title='bbox 3221 620 3297 684; x_wconf 87' lang='grc' dir='ltr'>ὡς</span> <span class='ocrx_word' id='word_1_129' title='bbox 3326 621 3392 675; x_wconf 85' lang='grc' dir='ltr'>ἂν</span> <span class='ocrx_word' id='word_1_130' title='bbox 3420 624 3591 676; x_wconf 77' lang='grc' dir='ltr'>νοοῖτο</span> <span class='ocrx_word' id='word_1_131' title='bbox 3615 621 3780 694; x_wconf 67' lang='grc' dir='ltr'>τυχδν</span> 
     </span>
    </p>
   </div>
   <div class='ocr_carea' id='block_1_20' title="bbox 2189 711 3780 783">
    <p class='ocr_par' dir='ltr' id='par_1_20' title="bbox 2189 711 3780 783">
     <span class='ocr_line' id='line_1_20' title="bbox 2189 711 3780 783; baseline 0.004 -19"><span class='ocrx_word' id='word_1_132' title='bbox 2189 715 2223 783; x_wconf 86' lang='grc' dir='ltr'>ή</span> <span class='ocrx_word' id='word_1_133' title='bbox 2259 712 2379 766; x_wconf 86' lang='grc' dir='ltr'>θεία</span> <span class='ocrx_word' id='word_1_134' title='bbox 2440 729 2501 764; x_wconf 93' lang='grc' dir='ltr'><strong>τε</strong></span> <span class='ocrx_word' id='word_1_135' title='bbox 2551 712 2644 765; x_wconf 73' lang='grc' dir='ltr'><strong>καί⁸</strong></span> <span class='ocrx_word' id='word_1_136' title='bbox 2689 713 2928 783; x_wconf 75' lang='grc' dir='ltr'>ἆρῤητος</span> <span class='ocrx_word' id='word_1_137' title='bbox 2958 711 3054 763; x_wconf 87' lang='grc' dir='ltr'><strong>τοῦ</strong></span> <span class='ocrx_word' id='word_1_138' title='bbox 3080 711 3216 766; x_wconf 89' lang='grc' dir='ltr'>Θεοῦ</span> <span class='ocrx_word' id='word_1_139' title='bbox 3254 713 3470 783; x_wconf 81' lang='grc' dir='ltr'>Πατρὸς</span> <span class='ocrx_word' id='word_1_140' title='bbox 3499 714 3684 782; x_wconf 80' lang='grc' dir='ltr'><strong>φύσις.</strong></span> <span class='ocrx_word' id='word_1_141' title='bbox 3712 716 3780 770; x_wconf 87' lang='grc' dir='ltr'>Τί</span> 
     </span>
    </p>
   </div>
   <div class='ocr_carea' id='block_1_21' title="bbox 2191 803 3776 878">
    <p class='ocr_par' dir='ltr' id='par_1_21' title="bbox 2191 803 3776 878">
     <span class='ocr_line' id='line_1_21' title="bbox 2191 803 3776 878; baseline 0.002 -20"><span class='ocrx_word' id='word_1_142' title='bbox 2191 805 2299 874; x_wconf 82' lang='grc' dir='ltr'>’γὰρ</span> <span class='ocrx_word' id='word_1_143' title='bbox 2328 805 2392 858; x_wconf 87' lang='grc' dir='ltr'>ἂν</span> <span class='ocrx_word' id='word_1_144' title='bbox 2422 804 2507 874; x_wconf 76' lang='grc' dir='ltr'><strong>εἴη</strong></span> <span class='ocrx_word' id='word_1_145' title='bbox 2539 803 2600 856; x_wconf 85' lang='grc' dir='ltr'><strong>τὸ</strong></span> <span class='ocrx_word' id='word_1_146' title='bbox 2628 804 3004 874; x_wconf 81' lang='grc' dir='ltr'>παραλλάττον</span> <span class='ocrx_word' id='word_1_147' title='bbox 3033 803 3111 857; x_wconf 81' lang='grc' dir='ltr'>ἔτι</span> <span class='ocrx_word' id='word_1_148' title='bbox 3149 805 3375 875; x_wconf 81' lang='grc' dir='ltr'>ποιητοῦ</span> <span class='ocrx_word' id='word_1_149' title='bbox 3413 809 3507 859; x_wconf 74' lang='grc' dir='ltr'>καὶ</span> <span class='ocrx_word' id='word_1_150' title='bbox 3531 809 3659 878; x_wconf 87' lang='grc' dir='ltr'>ποιή</span> <span class='ocrx_word' id='word_1_151' title='bbox 3671 825 3776 878; x_wconf 89' lang='grc' dir='ltr'>μα-</span> 
     </span>
    </p>
   </div>
   <div class='ocr_carea' id='block_1_22' title="bbox 2189 895 3778 971">
    <p class='ocr_par' dir='ltr' id='par_1_22' title="bbox 2189 895 3778 971">
     <span class='ocr_line' id='line_1_22' title="bbox 2189 895 3778 971; baseline 0.002 -21"><span class='ocrx_word' id='word_1_152' title='bbox 2189 913 2312 961; x_wconf 89' lang='grc' dir='ltr'>τος;</span> <span class='ocrx_word' id='word_1_153' title='bbox 2339 896 2372 968; x_wconf 83' lang='grc' dir='ltr'><strong>ἢ</strong></span> <span class='ocrx_word' id='word_1_154' title='bbox 2403 897 2457 950; x_wconf 88' lang='grc' dir='ltr'><strong>τί</strong></span> <span class='ocrx_word' id='word_1_155' title='bbox 2483 898 2544 949; x_wconf 83' lang='grc' dir='ltr'><strong>τὸ</strong></span> <span class='ocrx_word' id='word_1_156' title='bbox 2573 895 2906 966; x_wconf 78' lang='grc' dir='ltr'>μεσολαϐοῦν</span> <span class='ocrx_word' id='word_1_157' title='bbox 2935 897 3030 949; x_wconf 71' lang='grc' dir='ltr'><strong>καὶ</strong></span> <span class='ocrx_word' id='word_1_158' title='bbox 3059 897 3311 966; x_wconf 69' lang='grc' dir='ltr'>διακόψαι</span> <span class='ocrx_word' id='word_1_159' title='bbox 3345 898 3644 969; x_wconf 87' lang='grc' dir='ltr'>δυνάμενον</span> <span class='ocrx_word' id='word_1_160' title='bbox 3677 900 3778 971; x_wconf 78' lang='grc' dir='ltr'><strong>τῆς</strong></span> 
     </span>
    </p>
   </div>
   <div class='ocr_carea' id='block_1_23' title="bbox 2189 987 3778 1058">
    <p class='ocr_par' dir='ltr' id='par_1_23' title="bbox 2189 987 3778 1058">
     <span class='ocr_line' id='line_1_23' title="bbox 2189 987 3778 1058; baseline 0.003 -18"><span class='ocrx_word' id='word_1_161' title='bbox 2189 988 2520 1058; x_wconf 63' lang='grc' dir='ltr'>ταυτότητπ</span> <span class='ocrx_word' id='word_1_162' title='bbox 2547 988 2647 1058; x_wconf 81' lang='grc' dir='ltr'><strong>τῆς</strong></span> <span class='ocrx_word' id='word_1_163' title='bbox 2675 989 2732 1041; x_wconf 84' lang='grc' dir='ltr'>ὲν</span> <span class='ocrx_word' id='word_1_164' title='bbox 2770 987 2930 1058; x_wconf 76' lang='grc' dir='ltr'>ούσίᾳ</span> <span class='ocrx_word' id='word_1_165' title='bbox 2957 988 3119 1058; x_wconf 82' lang='grc' dir='ltr'>φημί,</span> <span class='ocrx_word' id='word_1_166' title='bbox 3150 988 3212 1041; x_wconf 79' lang='grc' dir='ltr'><strong>τὸ</strong></span> <span class='ocrx_word' id='word_1_167' title='bbox 3256 990 3481 1057; x_wconf 80' lang='grc' dir='ltr'>γεγονὸς</span> <span class='ocrx_word' id='word_1_168' title='bbox 3527 991 3623 1043; x_wconf 89' lang='grc' dir='ltr'><strong>τοῦ</strong></span> <span class='ocrx_word' id='word_1_169' title='bbox 3655 991 3778 1044; x_wconf 89' lang='grc' dir='ltr'>κτί-</span> 
     </span>
    </p>
   </div>
   <div class='ocr_carea' id='block_1_24' title="bbox 2194 1078 3779 1151">
    <p class='ocr_par' dir='ltr' id='par_1_24' title="bbox 2194 1078 3779 1151">
     <span class='ocr_line' id='line_1_24' title="bbox 2194 1078 3779 1151; baseline 0.002 -18"><span class='ocrx_word' id='word_1_170' title='bbox 2194 1097 2385 1144; x_wconf 87' lang='grc' dir='ltr'>σαντος</span> <span class='ocrx_word' id='word_1_171' title='bbox 2411 1097 2426 1146; x_wconf 91' lang='grc'><strong>;</strong></span> <span class='ocrx_word' id='word_1_172' title='bbox 2459 1081 2522 1132; x_wconf 82' lang='lat' dir='ltr'><strong>El</strong></span> <span class='ocrx_word' id='word_1_173' title='bbox 2551 1080 2660 1150; x_wconf 79' lang='grc' dir='ltr'><strong>γάρ</strong></span> <span class='ocrx_word' id='word_1_174' title='bbox 2713 1078 2850 1143; x_wconf 84' lang='grc' dir='ltr'>ὅλως</span> <span class='ocrx_word' id='word_1_175' title='bbox 2879 1078 2990 1149; x_wconf 74' lang='grc' dir='ltr'>ἔχει</span> <span class='ocrx_word' id='word_1_176' title='bbox 3010 1079 3110 1148; x_wconf 87' lang='grc' dir='ltr'>τήν</span> <span class='ocrx_word' id='word_1_177' title='bbox 3143 1095 3201 1131; x_wconf 89' lang='grc' dir='ltr'><strong>τε</strong></span> <span class='ocrx_word' id='word_1_178' title='bbox 3254 1079 3412 1143; x_wconf 80' lang='grc' dir='ltr'>δόξαν</span> <span class='ocrx_word' id='word_1_179' title='bbox 3439 1081 3534 1134; x_wconf 75' lang='grc' dir='ltr'><strong>καὶ</strong></span> <span class='ocrx_word' id='word_1_180' title='bbox 3558 1081 3656 1151; x_wconf 75' lang='grc' dir='ltr'><strong>τὴν</strong></span> <span class='ocrx_word' id='word_1_181' title='bbox 3687 1081 3779 1136; x_wconf 82' lang='grc' dir='ltr'>δύ-</span> 
     </span>
    </p>
   </div>
   <div class='ocr_carea' id='block_1_25' title="bbox 2191 1171 3780 1244">
    <p class='ocr_par' dir='ltr' id='par_1_25' title="bbox 2191 1171 3780 1244">
     <span class='ocr_line' id='line_1_25' title="bbox 2191 1171 3780 1244; baseline 0 -18"><span class='ocrx_word' id='word_1_182' title='bbox 2191 1190 2380 1242; x_wconf 90' lang='grc' dir='ltr'>ναμιν,</span> <span class='ocrx_word' id='word_1_183' title='bbox 2411 1172 2504 1226; x_wconf 70' lang='grc' dir='ltr'><strong>καὶ</strong></span> <span class='ocrx_word' id='word_1_184' title='bbox 2524 1171 2621 1241; x_wconf 78' lang='grc' dir='ltr'>τὴν</span> <span class='ocrx_word' id='word_1_185' title='bbox 2674 1171 2864 1239; x_wconf 83' lang='grc' dir='ltr'>σοφίαν</span> <span class='ocrx_word' id='word_1_186' title='bbox 2893 1171 3079 1238; x_wconf 82' lang='grc' dir='ltr'>αὑτοῦ,</span> <span class='ocrx_word' id='word_1_187' title='bbox 3121 1172 3263 1225; x_wconf 72' lang='grc' dir='ltr'>κατὰ</span> <span class='ocrx_word' id='word_1_188' title='bbox 3297 1172 3389 1224; x_wconf 83' lang='grc' dir='ltr'><strong>τὸν</strong></span> <span class='ocrx_word' id='word_1_189' title='bbox 3428 1173 3542 1226; x_wconf 75' lang='grc' dir='ltr'>ἴσον</span> <span class='ocrx_word' id='word_1_190' title='bbox 3575 1173 3780 1244; x_wconf 77' lang='grc' dir='ltr'>τρόπον</span> 
     </span>
    </p>
   </div>
   <div class='ocr_carea' id='block_1_26' title="bbox 2190 1264 3780 1336">
    <p class='ocr_par' dir='ltr' id='par_1_26' title="bbox 2190 1264 3780 1336">
     <span class='ocr_line' id='line_1_26' title="bbox 2190 1264 3780 1336; baseline 0.001 -18"><span class='ocrx_word' id='word_1_191' title='bbox 2190 1265 2269 1335; x_wconf 83' lang='grc' dir='ltr'>τῷ</span> <span class='ocrx_word' id='word_1_192' title='bbox 2297 1265 2417 1336; x_wconf 85' lang='grc' dir='ltr'><strong>Θεῷ</strong></span> <span class='ocrx_word' id='word_1_193' title='bbox 2471 1266 2564 1318; x_wconf 70' lang='grc' dir='ltr'><strong>καὶ</strong></span> <span class='ocrx_word' id='word_1_194' title='bbox 2618 1264 2813 1334; x_wconf 76' lang='grc' dir='ltr'>Πατρὶ,</span> <span class='ocrx_word' id='word_1_195' title='bbox 2847 1264 2901 1316; x_wconf 87' lang='grc' dir='ltr'><strong>τί</strong></span> <span class='ocrx_word' id='word_1_196' title='bbox 2931 1265 2991 1317; x_wconf 84' lang='grc' dir='ltr'><strong>τὸ</strong></span> <span class='ocrx_word' id='word_1_197' title='bbox 3038 1265 3221 1335; x_wconf 78' lang='grc' dir='ltr'>μεῖζον</span> <span class='ocrx_word' id='word_1_198' title='bbox 3259 1265 3318 1318; x_wconf 84' lang='grc' dir='ltr'>ὲν</span> <span class='ocrx_word' id='word_1_199' title='bbox 3343 1264 3512 1336; x_wconf 84' lang='grc' dir='ltr'>αύτῷ,</span> <span class='ocrx_word' id='word_1_200' title='bbox 3548 1268 3600 1319; x_wconf 90' lang='grc' dir='ltr'><strong>τί</strong></span> <span class='ocrx_word' id='word_1_201' title='bbox 3630 1267 3686 1319; x_wconf 89' lang='grc' dir='ltr'>δὲ</span> <span class='ocrx_word' id='word_1_202' title='bbox 3719 1267 3780 1319; x_wconf 84' lang='grc' dir='ltr'><strong>τὸ</strong></span> 
     </span>
    </p>
   </div>
   <div class='ocr_carea' id='block_1_27' title="bbox 2192 1355 3779 1427">
    <p class='ocr_par' dir='ltr' id='par_1_27' title="bbox 2192 1355 3779 1427">
     <span class='ocr_line' id='line_1_27' title="bbox 2192 1355 3779 1427; baseline 0.002 -19"><span class='ocrx_word' id='word_1_203' title='bbox 2192 1357 2354 1409; x_wconf 80' lang='grc' dir='ltr'>πλέον</span> <span class='ocrx_word' id='word_1_204' title='bbox 2383 1357 2495 1420; x_wconf 75' lang='grc' dir='ltr'>ἕξει</span> <span class='ocrx_word' id='word_1_205' title='bbox 2535 1357 2664 1427; x_wconf 78' lang='grc' dir='ltr'>παρ’</span> <span class='ocrx_word' id='word_1_206' title='bbox 2708 1356 2875 1426; x_wconf 81' lang='grc' dir='ltr'>ἡμᾶς,</span> <span class='ocrx_word' id='word_1_207' title='bbox 2911 1355 3029 1425; x_wconf 76' lang='grc' dir='ltr'>ἦτοι</span> <span class='ocrx_word' id='word_1_208' title='bbox 3077 1355 3176 1424; x_wconf 86' lang='grc' dir='ltr'>τὴν</span> <span class='ocrx_word' id='word_1_209' title='bbox 3200 1355 3400 1420; x_wconf 83' lang='grc' dir='ltr'>κτίσιν,</span> <span class='ocrx_word' id='word_1_210' title='bbox 3426 1355 3535 1425; x_wconf 78' lang='grc' dir='ltr'>ἐγὼ</span> <span class='ocrx_word' id='word_1_211' title='bbox 3571 1358 3672 1426; x_wconf 84' lang='grc' dir='ltr'><strong>μὲν</strong></span> <span class='ocrx_word' id='word_1_212' title='bbox 3698 1359 3779 1411; x_wconf 86' lang='grc' dir='ltr'>εἰ-</span> 
     </span>
    </p>
   </div>
   <div class='ocr_carea' id='block_1_28' title="bbox 2193 1445 3778 1518">
    <p class='ocr_par' dir='ltr' id='par_1_28' title="bbox 2193 1445 3778 1518">
     <span class='ocr_line' id='line_1_28' title="bbox 2193 1445 3778 1518; baseline 0.001 -19"><span class='ocrx_word' id='word_1_213' title='bbox 2193 1449 2315 1500; x_wconf 89' lang='grc' dir='ltr'>πεῖν</span> <span class='ocrx_word' id='word_1_214' title='bbox 2336 1447 2437 1499; x_wconf 80' lang='grc' dir='ltr'><strong>οὐκ</strong></span> <span class='ocrx_word' id='word_1_215' title='bbox 2465 1445 2531 1499; x_wconf 87' lang='grc' dir='ltr'><strong>ἂν</strong></span> <span class='ocrx_word' id='word_1_216' title='bbox 2570 1445 2750 1516; x_wconf 78' lang='grc' dir='ltr'>ἔχοιμι</span> <span class='ocrx_word' id='word_1_217' title='bbox 2773 1445 3074 1508; x_wconf 80' lang='grc' dir='ltr'>παντελῶς,</span> <span class='ocrx_word' id='word_1_218' title='bbox 3104 1445 3406 1516; x_wconf 81' lang='grc' dir='ltr'>ἀπορήσειν</span> <span class='ocrx_word' id='word_1_219' title='bbox 3445 1446 3500 1500; x_wconf 86' lang='grc' dir='ltr'>δὲ</span> <span class='ocrx_word' id='word_1_220' title='bbox 3530 1447 3778 1518; x_wconf 83' lang='grc' dir='ltr'>ὑπολαμ-</span> 
     </span>
    </p>
   </div>
   <div class='ocr_carea' id='block_1_29' title="bbox 2194 1533 3779 1607">
    <p class='ocr_par' dir='ltr' id='par_1_29' title="bbox 2194 1533 3779 1607">
     <span class='ocr_line' id='line_1_29' title="bbox 2194 1533 3779 1607; baseline 0.002 -18"><span class='ocrx_word' id='word_1_221' title='bbox 2194 1537 2343 1591; x_wconf 79' lang='grc' dir='ltr'>ϐάνω</span> <span class='ocrx_word' id='word_1_222' title='bbox 2373 1537 2684 1600; x_wconf 78' lang='grc' dir='ltr'>κάκείνους.</span> <span class='ocrx_word' id='word_1_223' title='bbox 2711 1533 2922 1588; x_wconf 76' lang='grc' dir='ltr'>Οὐκοῦν</span> <span class='ocrx_word' id='word_1_224' title='bbox 2953 1536 3015 1587; x_wconf 89' lang='grc' dir='ltr'><strong>ού</strong></span> <span class='ocrx_word' id='word_1_225' title='bbox 3049 1537 3160 1598; x_wconf 89' lang='grc' dir='ltr'>τοῖς</span> <span class='ocrx_word' id='word_1_226' title='bbox 3191 1535 3390 1600; x_wconf 76' lang='grc' dir='ltr'>ἔξωθεν</span> <span class='ocrx_word' id='word_1_227' title='bbox 3420 1536 3730 1607; x_wconf 85' lang='grc' dir='ltr'>ἀξιώμασιν</span> <span class='ocrx_word' id='word_1_228' title='bbox 3749 1540 3779 1592; x_wconf 87' lang='grc' dir='ltr'><strong>ό</strong></span> 
     </span>
    </p>
   </div>
   <div class='ocr_carea' id='block_1_30' title="bbox 500 1626 2080 1703">
    <p class='ocr_par' dir='ltr' id='par_1_30' title="bbox 500 1626 2080 1703">
     <span class='ocr_line' id='line_1_30' title="bbox 500 1626 2080 1703; baseline 0.004 -23"><span class='ocrx_word' id='word_1_229' title='bbox 500 1626 684 1699; x_wconf 80' lang='lat' dir='ltr'><strong>imago</strong></span> <span class='ocrx_word' id='word_1_230' title='bbox 713 1644 902 1685; x_wconf 84' lang='lat' dir='ltr'><strong>revera</strong></span> <span class='ocrx_word' id='word_1_231' title='bbox 935 1632 1205 1702; x_wconf 79' lang='lat' dir='ltr'><strong>genitoris</strong></span> <span class='ocrx_word' id='word_1_232' title='bbox 1235 1641 1339 1700; x_wconf 89' lang='lat' dir='ltr'><strong>est,</strong></span> <span class='ocrx_word' id='word_1_233' title='bbox 1369 1633 1421 1687; x_wconf 94' lang='lat' dir='ltr'><strong>in</strong></span> <span class='ocrx_word' id='word_1_234' title='bbox 1455 1634 1697 1703; x_wconf 88' lang='lat' dir='ltr'><strong>propriis</strong></span> <span class='ocrx_word' id='word_1_235' title='bbox 1719 1648 1785 1688; x_wconf 91' lang='lat' dir='ltr'><strong>ac</strong></span> <span class='ocrx_word' id='word_1_236' title='bbox 1820 1633 2080 1687; x_wconf 87' lang='lat' dir='ltr'><strong>naturali-</strong></span> 
     </span>
    </p>
   </div>
   <div class='ocr_carea' id='block_1_31' title="bbox 2186 1626 3776 1703">
    <p class='ocr_par' dir='ltr' id='par_1_31' title="bbox 2195 1627 3776 1700">
     <span class='ocr_line' id='line_1_31' title="bbox 2195 1627 3776 1700; baseline 0.001 -20"><span class='ocrx_word' id='word_1_237' title='bbox 2195 1629 2322 1693; x_wconf 82' lang='grc' dir='ltr'>Υἱὸς</span> <span class='ocrx_word' id='word_1_238' title='bbox 2349 1631 2480 1699; x_wconf 79' lang='grc' dir='ltr'>ἡμῖν</span> <span class='ocrx_word' id='word_1_239' title='bbox 2513 1631 2592 1692; x_wconf 87' lang='grc' dir='ltr'><strong>εἰς</strong></span> <span class='ocrx_word' id='word_1_240' title='bbox 2609 1629 2706 1700; x_wconf 84' lang='grc' dir='ltr'><strong>τὴν</strong></span> <span class='ocrx_word' id='word_1_241' title='bbox 2726 1629 2821 1682; x_wconf 86' lang='grc' dir='ltr'><strong>τοῦ</strong></span> <span class='ocrx_word' id='word_1_242' title='bbox 2857 1628 3074 1699; x_wconf 85' lang='grc' dir='ltr'>Πατρὸς</span> <span class='ocrx_word' id='word_1_243' title='bbox 3105 1629 3324 1698; x_wconf 88' lang='grc' dir='ltr'>ἰσότητα</span> <span class='ocrx_word' id='word_1_244' title='bbox 3358 1627 3776 1698; x_wconf 78' lang='grc' dir='ltr'>σχηματίζεται,</span> 
     </span>
    </p>
   </div>
   <div class='ocr_carea' id='block_1_32' title="bbox 498 1719 2080 1792">
    <p class='ocr_par' dir='ltr' id='par_1_32' title="bbox 498 1719 2080 1782">
     <span class='ocr_line' id='line_1_32' title="bbox 498 1719 2080 1782; baseline 0.004 -9"><span class='ocrx_word' id='word_1_245' title='bbox 498 1719 604 1775; x_wconf 92' lang='lat' dir='ltr'><strong>bus</strong></span> <span class='ocrx_word' id='word_1_246' title='bbox 620 1720 780 1777; x_wconf 89' lang='lat' dir='ltr'><strong>bonis</strong></span> <span class='ocrx_word' id='word_1_247' title='bbox 809 1721 990 1778; x_wconf 90' lang='lat' dir='ltr'><strong>Patris</strong></span> <span class='ocrx_word' id='word_1_248' title='bbox 1009 1732 1263 1778; x_wconf 88' lang='lat' dir='ltr'><strong>naturam</strong></span> <span class='ocrx_word' id='word_1_249' title='bbox 1298 1724 1683 1781; x_wconf 82' lang='lat' dir='ltr'><strong>manifestans.</strong></span> <span class='ocrx_word' id='word_1_250' title='bbox 1713 1725 1922 1782; x_wconf 89' lang='lat' dir='ltr'><strong>Idcirco</strong></span> <span class='ocrx_word' id='word_1_251' title='bbox 1942 1726 2080 1781; x_wconf 89' lang='lat' dir='ltr'><strong>enim</strong></span> 
     </span>
    </p>
   </div>
   <div class='ocr_carea' id='block_1_33' title="bbox 2186 1719 3778 1792">
    <p class='ocr_par' dir='ltr' id='par_1_33' title="bbox 2195 1719 3778 1792">
     <span class='ocr_line' id='line_1_33' title="bbox 2195 1719 3778 1792; baseline 0 -18"><span class='ocrx_word' id='word_1_252' title='bbox 2195 1723 2290 1775; x_wconf 72' lang='grc' dir='ltr'><strong>καί¹</strong></span> <span class='ocrx_word' id='word_1_253' title='bbox 2325 1725 2389 1775; x_wconf 82' lang='grc' dir='ltr'><strong>οὐ</strong></span> <span class='ocrx_word' id='word_1_254' title='bbox 2435 1720 2684 1790; x_wconf 82' lang='grc' dir='ltr'>καθάπερ</span> <span class='ocrx_word' id='word_1_255' title='bbox 2731 1738 2814 1784; x_wconf 87' lang='grc' dir='ltr'><strong>τις</strong></span> <span class='ocrx_word' id='word_1_256' title='bbox 2843 1721 2899 1773; x_wconf 82' lang='grc' dir='ltr'>ὲν</span> <span class='ocrx_word' id='word_1_257' title='bbox 2933 1719 3160 1783; x_wconf 81' lang='grc' dir='ltr'>πίνακος</span> <span class='ocrx_word' id='word_1_258' title='bbox 3181 1723 3390 1792; x_wconf 81' lang='grc' dir='ltr'>γραφῇ,</span> <span class='ocrx_word' id='word_1_259' title='bbox 3434 1721 3622 1790; x_wconf 85' lang='grc' dir='ltr'>μόναις</span> <span class='ocrx_word' id='word_1_260' title='bbox 3647 1723 3778 1792; x_wconf 86' lang='grc' dir='ltr'>ἡμῖν</span> 
     </span>
    </p>
   </div>
   <div class='ocr_carea' id='block_1_34' title="bbox 499 1811 2080 1889">
    <p class='ocr_par' dir='ltr' id='par_1_34' title="bbox 499 1813 2080 1889">
     <span class='ocr_line' id='line_1_34' title="bbox 499 1813 2080 1889; baseline 0.004 -24"><span class='ocrx_word' id='word_1_261' title='bbox 499 1813 617 1866; x_wconf 81' lang='lat' dir='ltr'><strong>tieri</strong></span> <span class='ocrx_word' id='word_1_262' title='bbox 649 1829 760 1868; x_wconf 92' lang='lat' dir='ltr'><strong>non</strong></span> <span class='ocrx_word' id='word_1_263' title='bbox 793 1829 957 1884; x_wconf 84' lang='lat' dir='ltr'><strong>posse</strong></span> <span class='ocrx_word' id='word_1_264' title='bbox 1002 1816 1082 1871; x_wconf 89' lang='lat' dir='ltr'><strong>ait</strong></span> <span class='ocrx_word' id='word_1_265' title='bbox 1140 1825 1202 1871; x_wconf 90' lang='lat' dir='ltr'><strong>ut</strong></span> <span class='ocrx_word' id='word_1_266' title='bbox 1235 1817 1459 1887; x_wconf 89' lang='lat' dir='ltr'><strong>quidam</strong></span> <span class='ocrx_word' id='word_1_267' title='bbox 1494 1827 1803 1889; x_wconf 85' lang='lat' dir='ltr'><strong>agnoscant</strong></span> <span class='ocrx_word' id='word_1_268' title='bbox 1837 1817 2080 1884; x_wconf 86' lang='lat' dir='ltr'><strong>Patrem,</strong></span> 
     </span>
    </p>
   </div>
   <div class='ocr_carea' id='block_1_35' title="bbox 2186 1811 3777 1889">
    <p class='ocr_par' dir='ltr' id='par_1_35' title="bbox 2194 1811 3777 1886">
     <span class='ocr_line' id='line_1_35' title="bbox 2194 1811 3777 1886; baseline 0.002 -20"><span class='ocrx_word' id='word_1_269' title='bbox 2194 1817 2316 1878; x_wconf 90' lang='grc' dir='ltr'>ταῖς</span> <span class='ocrx_word' id='word_1_270' title='bbox 2351 1813 2460 1867; x_wconf 85' lang='grc' dir='ltr'><strong>τῶν</strong></span> <span class='ocrx_word' id='word_1_271' title='bbox 2488 1813 2799 1884; x_wconf 82' lang='grc' dir='ltr'>χρωμάτων</span> <span class='ocrx_word' id='word_1_272' title='bbox 2837 1811 3000 1876; x_wconf 81' lang='grc' dir='ltr'>ἰδέαις</span> <span class='ocrx_word' id='word_1_273' title='bbox 3032 1813 3535 1878; x_wconf 86' lang='grc' dir='ltr'>καταποικίλλεται,</span> <span class='ocrx_word' id='word_1_274' title='bbox 3557 1814 3657 1886; x_wconf 82' lang='grc' dir='ltr'><strong>τὴν</strong></span> <span class='ocrx_word' id='word_1_275' title='bbox 3685 1814 3777 1869; x_wconf 88' lang='grc' dir='ltr'><strong>τοῦ</strong></span> 
     </span>
    </p>
   </div>
   <div class='ocr_carea' id='block_1_36' title="bbox 498 1900 2080 1978">
    <p class='ocr_par' dir='ltr' id='par_1_36' title="bbox 498 1900 1917 1978">
     <span class='ocr_line' id='line_1_36' title="bbox 498 1900 1917 1978; baseline 0.008 -25"><span class='ocrx_word' id='word_1_276' title='bbox 498 1900 593 1964; x_wconf 86' lang='lat' dir='ltr'><strong>qui</strong></span> <span class='ocrx_word' id='word_1_277' title='bbox 642 1916 733 1966; x_wconf 90' lang='lat' dir='ltr'><strong>se,</strong></span> <span class='ocrx_word' id='word_1_278' title='bbox 777 1903 832 1957; x_wconf 88' lang='lat' dir='ltr'><strong>id</strong></span> <span class='ocrx_word' id='word_1_279' title='bbox 865 1912 951 1959; x_wconf 85' lang='lat' dir='ltr'><strong>est</strong></span> <span class='ocrx_word' id='word_1_280' title='bbox 985 1903 1204 1970; x_wconf 79' lang='lat' dir='ltr'><strong>Filium,</strong></span> <span class='ocrx_word' id='word_1_281' title='bbox 1240 1921 1349 1961; x_wconf 90' lang='lat' dir='ltr'><strong>non</strong></span> <span class='ocrx_word' id='word_1_282' title='bbox 1385 1914 1512 1962; x_wconf 88' lang='lat' dir='ltr'><strong>ante</strong></span> <span class='ocrx_word' id='word_1_283' title='bbox 1539 1909 1917 1978; x_wconf 85' lang='lat' dir='ltr'><strong>cognoverint.</strong></span> 
     </span>
    </p>
   </div>
   <div class='ocr_carea' id='block_1_37' title="bbox 2186 1900 3776 1978">
    <p class='ocr_par' dir='ltr' id='par_1_37' title="bbox 2205 1901 3776 1976">
     <span class='ocr_line' id='line_1_37' title="bbox 2205 1901 3776 1976; baseline -0.003 -18"><span class='ocrx_word' id='word_1_284' title='bbox 2205 1904 2468 1976; x_wconf 86' lang='grc' dir='ltr'>βασιλέως</span> <span class='ocrx_word' id='word_1_285' title='bbox 2510 1901 2878 1973; x_wconf 88' lang='grc' dir='ltr'>πλαττόμενός</span> <span class='ocrx_word' id='word_1_286' title='bbox 2929 1919 2989 1955; x_wconf 86' lang='grc' dir='ltr'><strong>τε</strong></span> <span class='ocrx_word' id='word_1_287' title='bbox 3043 1904 3137 1956; x_wconf 71' lang='grc' dir='ltr'><strong>καὶ</strong></span> <span class='ocrx_word' id='word_1_288' title='bbox 3177 1901 3505 1973; x_wconf 72' lang='grc' dir='ltr'>ψευδόμενος</span> <span class='ocrx_word' id='word_1_289' title='bbox 3538 1902 3776 1972; x_wconf 73' lang='grc' dir='ltr'>μορφὴν,</span> 
     </span>
    </p>
   </div>
   <div class='ocr_carea' id='block_1_38' title="bbox 498 1993 3776 2069">
    <p class='ocr_par' dir='ltr' id='par_1_38' title="bbox 498 1993 3776 2069">
     <span class='ocr_line' id='line_1_38' title="bbox 498 1993 3776 2069; baseline -0.001 -21"><span class='ocrx_word' id='word_1_290' title='bbox 498 1994 618 2048; x_wconf 76' lang='grc' dir='ltr'>ἀλλ’</span> <span class='ocrx_word' id='word_1_291' title='bbox 648 1993 766 2049; x_wconf 76' lang='grc' dir='ltr'>ἔστι.</span> <span class='ocrx_word' id='word_1_292' title='bbox 819 1997 1108 2067; x_wconf 79' lang='grc' dir='ltr'>χαρακτὴρ</span> <span class='ocrx_word' id='word_1_293' title='bbox 1135 1998 1232 2050; x_wconf 73' lang='grc' dir='ltr'>καὶ</span> <span class='ocrx_word' id='word_1_294' title='bbox 1267 1997 1435 2052; x_wconf 87' lang='grc' dir='ltr'>εἰκὼν</span> <span class='ocrx_word' id='word_1_295' title='bbox 1465 1999 1685 2069; x_wconf 86' lang='grc' dir='ltr'>άληθῶς</span> <span class='ocrx_word' id='word_1_296' title='bbox 1750 2000 1845 2054; x_wconf 87' lang='grc' dir='ltr'><strong>τοῦ</strong></span> <span class='ocrx_word' id='word_1_297' title='bbox 1913 1999 2163 2062; x_wconf 85' lang='grc' dir='ltr'>τεκόντος</span> <span class='ocrx_word' id='word_1_298' title='bbox 2202 1998 2382 2063; x_wconf 79' lang='grc' dir='ltr'>αὐτὸν,</span> <span class='ocrx_word' id='word_1_299' title='bbox 2423 1997 2481 2050; x_wconf 83' lang='grc' dir='ltr'>ὲν</span> <span class='ocrx_word' id='word_1_300' title='bbox 2509 1997 2659 2061; x_wconf 81' lang='grc' dir='ltr'>ἰδίοις</span> <span class='ocrx_word' id='word_1_301' title='bbox 2678 1998 2772 2050; x_wconf 72' lang='grc' dir='ltr'><strong>καὶ</strong></span> <span class='ocrx_word' id='word_1_302' title='bbox 2803 1995 3284 2066; x_wconf 83' lang='grc' dir='ltr'>φυσικοῖςὰγαθοῖς</span> <span class='ocrx_word' id='word_1_303' title='bbox 3315 1993 3413 2064; x_wconf 84' lang='grc' dir='ltr'>τὴν</span> <span class='ocrx_word' id='word_1_304' title='bbox 3438 1993 3530 2048; x_wconf 89' lang='grc' dir='ltr'><strong>τοῦ</strong></span> <span class='ocrx_word' id='word_1_305' title='bbox 3567 1995 3776 2065; x_wconf 76' lang='grc' dir='ltr'>Πατρὺς</span> 
     </span>
    </p>
   </div>
   <div class='ocr_carea' id='block_1_39' title="bbox 499 2085 3777 2164">
    <p class='ocr_par' dir='ltr' id='par_1_39' title="bbox 499 2085 3777 2164">
     <span class='ocr_line' id='line_1_39' title="bbox 499 2085 3777 2164; baseline -0 -24"><span class='ocrx_word' id='word_1_306' title='bbox 499 2089 663 2158; x_wconf 85' lang='grc' dir='ltr'>φύσιν</span> <span class='ocrx_word' id='word_1_307' title='bbox 719 2089 937 2158; x_wconf 78' lang='grc' dir='ltr'>ἐμφανῆ</span> <span class='ocrx_word' id='word_1_308' title='bbox 995 2088 1284 2153; x_wconf 87' lang='grc' dir='ltr'>καθιστάς.</span> <span class='ocrx_word' id='word_1_309' title='bbox 1337 2090 1437 2144; x_wconf 81' lang='grc' dir='ltr'><strong>Διὰ</strong></span> <span class='ocrx_word' id='word_1_310' title='bbox 1477 2091 1639 2145; x_wconf 90' lang='grc' dir='ltr'>τοῦτο</span> <span class='ocrx_word' id='word_1_311' title='bbox 1668 2092 1777 2164; x_wconf 85' lang='grc' dir='ltr'>γὰρ</span> <span class='ocrx_word' id='word_1_312' title='bbox 1801 2092 2086 2163; x_wconf 85' lang='grc' dir='ltr'>ἀμήχανον</span> <span class='ocrx_word' id='word_1_313' title='bbox 2121 2085 2262 2144; x_wconf 77' lang='grc' dir='ltr'>εἶναί</span> <span class='ocrx_word' id='word_1_314' title='bbox 2293 2106 2458 2161; x_wconf 76' lang='grc' dir='ltr'>φησιν</span> <span class='ocrx_word' id='word_1_315' title='bbox 2479 2088 2779 2158; x_wconf 78' lang='grc' dir='ltr'>ἐπιγνῶναι</span> <span class='ocrx_word' id='word_1_316' title='bbox 2816 2105 2924 2142; x_wconf 90' lang='grc' dir='ltr'>τισι</span> <span class='ocrx_word' id='word_1_317' title='bbox 2963 2087 3054 2143; x_wconf 87' lang='grc' dir='ltr'><strong>τὸν</strong></span> <span class='ocrx_word' id='word_1_318' title='bbox 3093 2087 3334 2158; x_wconf 78' lang='grc' dir='ltr'>Πατέρα,</span> <span class='ocrx_word' id='word_1_319' title='bbox 3406 2087 3528 2158; x_wconf 71' lang='grc' dir='ltr'>οὐχὶ</span> <span class='ocrx_word' id='word_1_320' title='bbox 3589 2088 3777 2160; x_wconf 86' lang='grc' dir='ltr'>πρότε-</span> 
     </span>
    </p>
   </div>
   <div class='ocr_carea' id='block_1_40' title="bbox 502 2179 1838 2250">
    <p class='ocr_par' dir='ltr' id='par_1_40' title="bbox 502 2179 1838 2250">
     <span class='ocr_line' id='line_1_40' title="bbox 502 2179 1838 2250; baseline 0.006 -19"><span class='ocrx_word' id='word_1_321' title='bbox 502 2195 594 2250; x_wconf 89' lang='grc' dir='ltr'><strong>ρον</strong></span> <span class='ocrx_word' id='word_1_322' title='bbox 621 2179 988 2247; x_wconf 75' lang='grc' dir='ltr'>ἑπεγνωκόσιν</span> <span class='ocrx_word' id='word_1_323' title='bbox 1017 2181 1200 2246; x_wconf 83' lang='grc' dir='ltr'>αὐτὸν,</span> <span class='ocrx_word' id='word_1_324' title='bbox 1227 2181 1372 2236; x_wconf 81' lang='grc' dir='ltr'>τοῦτ’</span> <span class='ocrx_word' id='word_1_325' title='bbox 1397 2183 1534 2250; x_wconf 80' lang='grc' dir='ltr'>ἐστι,</span> <span class='ocrx_word' id='word_1_326' title='bbox 1565 2185 1658 2238; x_wconf 82' lang='grc' dir='ltr'><strong>τὸν</strong></span> <span class='ocrx_word' id='word_1_327' title='bbox 1691 2185 1838 2239; x_wconf 84' lang='grc' dir='ltr'>Υἱόν.</span> 
     </span>
    </p>
   </div>
   <div class='ocr_carea' id='block_1_41' title="bbox 570 2269 2080 2346">
    <p class='ocr_par' dir='ltr' id='par_1_41' title="bbox 570 2269 2080 2346">
     <span class='ocr_line' id='line_1_41' title="bbox 570 2269 2080 2346; baseline 0.004 -22"><span class='ocrx_word' id='word_1_328' title='bbox 570 2269 710 2335; x_wconf 85' lang='lat' dir='ltr'><strong>XIV,</strong></span> <span class='ocrx_word' id='word_1_329' title='bbox 746 2272 798 2326; x_wconf 83' lang='lat' dir='ltr'><strong>l.</strong></span> <span class='ocrx_word' id='word_1_330' title='bbox 835 2269 907 2326; x_wconf 86' lang='lat' dir='ltr'><strong>Et</strong></span> <span class='ocrx_word' id='word_1_331' title='bbox 961 2275 1153 2328; x_wconf 87' lang='lat' dir='ltr'><strong>amodo</strong></span> <span class='ocrx_word' id='word_1_332' title='bbox 1198 2276 1517 2346; x_wconf 76' lang='lat' dir='ltr'><strong>cognoscitis</strong></span> <span class='ocrx_word' id='word_1_333' title='bbox 1579 2293 1722 2342; x_wconf 83' lang='lat' dir='ltr'><strong>eum,</strong></span> <span class='ocrx_word' id='word_1_334' title='bbox 1778 2286 1828 2332; x_wconf 88' lang='lat' dir='ltr'><strong>et</strong></span> <span class='ocrx_word' id='word_1_335' title='bbox 1869 2275 2080 2332; x_wconf 80' lang='lat' dir='ltr'><strong>vidistis</strong></span> 
     </span>
    </p>
   </div>
   <div class='ocr_carea' id='block_1_42' title="bbox 490 2379 639 2418">
    <p class='ocr_par' dir='ltr' id='par_1_42' title="bbox 490 2379 639 2418">
     <span class='ocr_line' id='line_1_42' title="bbox 490 2379 639 2418; baseline 0.007 -1"><span class='ocrx_word' id='word_1_336' title='bbox 490 2379 639 2418; x_wconf 70' lang='lat' dir='ltr'><strong>eum.</strong></span> 
     </span>
    </p>
   </div>
   <div class='ocr_carea' id='block_1_43' title="bbox 571 2453 2085 2528">
    <p class='ocr_par' dir='ltr' id='par_1_43' title="bbox 571 2453 2085 2528">
     <span class='ocr_line' id='line_1_43' title="bbox 571 2453 2085 2528; baseline 0.003 -21"><span class='ocrx_word' id='word_1_337' title='bbox 571 2453 763 2524; x_wconf 74' lang='lat' dir='ltr'><strong>Opera:</strong></span> <span class='ocrx_word' id='word_1_338' title='bbox 795 2456 1032 2525; x_wconf 88' lang='lat' dir='ltr'><strong>pretium</strong></span> <span class='ocrx_word' id='word_1_339' title='bbox 1067 2466 1154 2512; x_wconf 88' lang='lat' dir='ltr'><strong>est</strong></span> <span class='ocrx_word' id='word_1_340' title='bbox 1205 2457 1372 2528; x_wconf 88' lang='lat' dir='ltr'><strong>hujus</strong></span> <span class='ocrx_word' id='word_1_341' title='bbox 1406 2472 1626 2528; x_wconf 90' lang='lat' dir='ltr'><strong>quoque</strong></span> <span class='ocrx_word' id='word_1_342' title='bbox 1684 2460 1960 2514; x_wconf 89' lang='lat' dir='ltr'><strong>sermonis</strong></span> <span class='ocrx_word' id='word_1_343' title='bbox 1995 2472 2085 2512; x_wconf 87' lang='lat' dir='ltr'><strong>or-</strong></span> 
     </span>
    </p>
   </div>
   <div class='ocr_carea' id='block_1_44' title="bbox 495 2544 2084 2620">
    <p class='ocr_par' dir='ltr' id='par_1_44' title="bbox 495 2544 2084 2620">
     <span class='ocr_line' id='line_1_44' title="bbox 495 2544 2084 2620; baseline 0.003 -21"><span class='ocrx_word' id='word_1_344' title='bbox 495 2544 683 2600; x_wconf 87' lang='lat' dir='ltr'><strong>dinem</strong></span> <span class='ocrx_word' id='word_1_345' title='bbox 715 2557 770 2601; x_wconf 94' lang='lat' dir='ltr'><strong>et</strong></span> <span class='ocrx_word' id='word_1_346' title='bbox 799 2547 1140 2603; x_wconf 69' lang='lat' dir='ltr'><strong>ineffabilem</strong></span> <span class='ocrx_word' id='word_1_347' title='bbox 1195 2548 1621 2620; x_wconf 89' lang='lat' dir='ltr'><strong>dispositionem</strong></span> <span class='ocrx_word' id='word_1_348' title='bbox 1679 2551 1887 2605; x_wconf 89' lang='lat' dir='ltr'><strong>mirari.</strong></span> <span class='ocrx_word' id='word_1_349' title='bbox 1921 2549 2084 2604; x_wconf 85' lang='lat' dir='ltr'><strong>Post-</strong></span> 
     </span>
    </p>
   </div>
   <div class='ocr_carea' id='block_1_45' title="bbox 498 2641 2082 2712">
    <p class='ocr_par' dir='ltr' id='par_1_45' title="bbox 498 2641 2082 2712">
     <span class='ocr_line' id='line_1_45' title="bbox 498 2641 2082 2712; baseline 0.003 -19"><span class='ocrx_word' id='word_1_350' title='bbox 498 2657 665 2712; x_wconf 83' lang='lat' dir='ltr'><strong>quam</strong></span> <span class='ocrx_word' id='word_1_351' title='bbox 717 2643 864 2698; x_wconf 90' lang='lat' dir='ltr'><strong>enim</strong></span> <span class='ocrx_word' id='word_1_352' title='bbox 899 2642 1078 2697; x_wconf 80' lang='lat' dir='ltr'><strong>dixit:</strong></span> <span class='ocrx_word' id='word_1_353' title='bbox 1129 2660 1150 2695; x_wconf 71' lang='grc' dir='ltr'><strong>ι</strong></span> <span class='ocrx_word' id='word_1_354' title='bbox 1194 2641 1252 2697; x_wconf 88' lang='lat' dir='ltr'><strong>Si</strong></span> <span class='ocrx_word' id='word_1_355' title='bbox 1299 2643 1706 2712; x_wconf 81' lang='lat' dir='ltr'><strong>cognovissctis</strong></span> <span class='ocrx_word' id='word_1_356' title='bbox 1756 2659 1863 2709; x_wconf 90' lang='lat' dir='ltr'><strong>me,</strong></span> <span class='ocrx_word' id='word_1_357' title='bbox 1901 2653 1954 2699; x_wconf 88' lang='lat' dir='ltr'><strong>et</strong></span> <span class='ocrx_word' id='word_1_358' title='bbox 1979 2643 2082 2698; x_wconf 84' lang='lat' dir='ltr'><strong>Pa-</strong></span> 
     </span>
    </p>
   </div>
   <div class='ocr_carea' id='block_1_46' title="bbox 495 2735 2080 2807">
    <p class='ocr_par' dir='ltr' id='par_1_46' title="bbox 495 2735 2080 2807">
     <span class='ocr_line' id='line_1_46' title="bbox 495 2735 2080 2807; baseline 0.001 -20"><span class='ocrx_word' id='word_1_359' title='bbox 495 2742 638 2788; x_wconf 86' lang='lat' dir='ltr'><strong>trem</strong></span> <span class='ocrx_word' id='word_1_360' title='bbox 679 2750 860 2789; x_wconf 88' lang='lat' dir='ltr'><strong>meum</strong></span> <span class='ocrx_word' id='word_1_361' title='bbox 917 2735 1109 2806; x_wconf 88' lang='lat' dir='ltr'><strong>utique</strong></span> <span class='ocrx_word' id='word_1_362' title='bbox 1157 2735 1583 2807; x_wconf 85' lang='lat' dir='ltr'><strong>cognovissetis,</strong></span> <span class='ocrx_word' id='word_1_363' title='bbox 1638 2755 1656 2788; x_wconf 76' lang='grc' dir='ltr'><strong>ι</strong></span> <span class='ocrx_word' id='word_1_364' title='bbox 1714 2751 1840 2790; x_wconf 90' lang='lat' dir='ltr'><strong>cum</strong></span> <span class='ocrx_word' id='word_1_365' title='bbox 1895 2751 2080 2791; x_wconf 91' lang='lat' dir='ltr'><strong>rerum</strong></span> 
     </span>
    </p>
   </div>
   <div class='ocr_carea' id='block_1_47' title="bbox 499 2826 2082 2898">
    <p class='ocr_par' dir='ltr' id='par_1_47' title="bbox 499 2826 2082 2898">
     <span class='ocr_line' id='line_1_47' title="bbox 499 2826 2082 2898; baseline 0.003 -21"><span class='ocrx_word' id='word_1_366' title='bbox 499 2835 608 2878; x_wconf 88' lang='lat' dir='ltr'><strong>tam</strong></span> <span class='ocrx_word' id='word_1_367' title='bbox 641 2827 1084 2883; x_wconf 89' lang='lat' dir='ltr'><strong>necessariarum</strong></span> <span class='ocrx_word' id='word_1_368' title='bbox 1128 2826 1500 2898; x_wconf 72' lang='lat' dir='ltr'><strong>ignorantiam</strong></span> <span class='ocrx_word' id='word_1_369' title='bbox 1533 2827 1874 2897; x_wconf 80' lang='lat' dir='ltr'><strong>exprobrare</strong></span> <span class='ocrx_word' id='word_1_370' title='bbox 1923 2827 2082 2882; x_wconf 89' lang='lat' dir='ltr'><strong>disci-</strong></span> 
     </span>
    </p>
   </div>
   <div class='ocr_carea' id='block_1_48' title="bbox 499 2916 2076 2986">
    <p class='ocr_par' dir='ltr' id='par_1_48' title="bbox 499 2916 2076 2986">
     <span class='ocr_line' id='line_1_48' title="bbox 499 2916 2076 2986; baseline 0.002 -18"><span class='ocrx_word' id='word_1_371' title='bbox 499 2917 644 2986; x_wconf 91' lang='lat' dir='ltr'><strong>pulis</strong></span> <span class='ocrx_word' id='word_1_372' title='bbox 677 2916 1020 2981; x_wconf 87' lang='lat' dir='ltr'><strong>crederetur,</strong></span> <span class='ocrx_word' id='word_1_373' title='bbox 1062 2917 1368 2973; x_wconf 87' lang='lat' dir='ltr'><strong>remedium</strong></span> <span class='ocrx_word' id='word_1_374' title='bbox 1401 2918 1588 2972; x_wconf 85' lang='lat' dir='ltr'><strong>statim</strong></span> <span class='ocrx_word' id='word_1_375' title='bbox 1627 2917 1812 2972; x_wconf 89' lang='lat' dir='ltr'><strong>attulit</strong></span> <span class='ocrx_word' id='word_1_376' title='bbox 1844 2916 2036 2972; x_wconf 88' lang='lat' dir='ltr'><strong>dicens</strong></span> <span class='ocrx_word' id='word_1_377' title='bbox 2063 2935 2076 2971; x_wconf 89' lang='lat'><strong>:</strong></span> 
     </span>
    </p>
   </div>
   <div class='ocr_carea' id='block_1_49' title="bbox 504 3009 2077 3080">
    <p class='ocr_par' dir='ltr' id='par_1_49' title="bbox 504 3009 2077 3080">
     <span class='ocr_line' id='line_1_49' title="bbox 504 3009 2077 3080; baseline 0.002 -19"><span class='ocrx_word' id='word_1_378' title='bbox 504 3029 523 3061; x_wconf 84' lang='grc'><strong><em>‹</em></strong></span> <span class='ocrx_word' id='word_1_379' title='bbox 563 3010 776 3064; x_wconf 84' lang='lat' dir='ltr'><strong>Amodo</strong></span> <span class='ocrx_word' id='word_1_380' title='bbox 804 3011 1144 3080; x_wconf 84' lang='lat' dir='ltr'><strong>cognoscitis</strong></span> <span class='ocrx_word' id='word_1_381' title='bbox 1171 3027 1319 3076; x_wconf 92' lang='lat' dir='ltr'><strong>eum,</strong></span> <span class='ocrx_word' id='word_1_382' title='bbox 1353 3019 1406 3064; x_wconf 91' lang='lat' dir='ltr'><strong>et</strong></span> <span class='ocrx_word' id='word_1_383' title='bbox 1447 3010 1667 3065; x_wconf 87' lang='lat' dir='ltr'><strong>vidistis</strong></span> <span class='ocrx_word' id='word_1_384' title='bbox 1690 3026 1837 3064; x_wconf 88' lang='lat' dir='ltr'><strong>eum.</strong></span> <span class='ocrx_word' id='word_1_385' title='bbox 1877 3028 1896 3061; x_wconf 73' lang='grc' dir='ltr'><strong>ι</strong></span> <span class='ocrx_word' id='word_1_386' title='bbox 1941 3009 2077 3064; x_wconf 88' lang='lat' dir='ltr'><strong>Nam</strong></span> 
     </span>
    </p>
   </div>
   <div class='ocr_carea' id='block_1_50' title="bbox 496 3100 2078 3172">
    <p class='ocr_par' dir='ltr' id='par_1_50' title="bbox 496 3100 2078 3172">
     <span class='ocr_line' id='line_1_50' title="bbox 496 3100 2078 3172; baseline 0.001 -18"><span class='ocrx_word' id='word_1_387' title='bbox 496 3102 627 3171; x_wconf 90' lang='lat' dir='ltr'><strong>quia</strong></span> <span class='ocrx_word' id='word_1_388' title='bbox 688 3100 1064 3157; x_wconf 89' lang='lat' dir='ltr'><strong>Ecclesiarum</strong></span> <span class='ocrx_word' id='word_1_389' title='bbox 1131 3117 1229 3172; x_wconf 92' lang='lat' dir='ltr'><strong>per</strong></span> <span class='ocrx_word' id='word_1_390' title='bbox 1280 3103 1601 3157; x_wconf 89' lang='lat' dir='ltr'><strong>universum</strong></span> <span class='ocrx_word' id='word_1_391' title='bbox 1659 3102 1848 3158; x_wconf 90' lang='lat' dir='ltr'><strong>orbem</strong></span> <span class='ocrx_word' id='word_1_392' title='bbox 1908 3102 2078 3156; x_wconf 86' lang='lat' dir='ltr'><strong>futuri</strong></span> 
     </span>
    </p>
   </div>
   <div class='ocr_carea' id='block_1_51' title="bbox 2254 2268 3776 2342">
    <p class='ocr_par' dir='ltr' id='par_1_51' title="bbox 2254 2268 3776 2342">
     <span class='ocr_line' id='line_1_51' title="bbox 2254 2268 3776 2342; baseline 0.005 -18"><span class='ocrx_word' id='word_1_393' title='bbox 2254 2269 2366 2324; x_wconf 78' lang='lat' dir='ltr'><strong>Kal</strong></span> <span class='ocrx_word' id='word_1_394' title='bbox 2428 2268 2649 2339; x_wconf 83' lang='grc' dir='ltr'>ἀπάρτι</span> <span class='ocrx_word' id='word_1_395' title='bbox 2714 2269 3040 2339; x_wconf 72' lang='grc' dir='ltr'>γινώσκετε</span> <span class='ocrx_word' id='word_1_396' title='bbox 3081 2271 3288 2338; x_wconf 74' lang='grc' dir='ltr'>αὐτὸν,</span> <span class='ocrx_word' id='word_1_397' title='bbox 3332 2271 3432 2327; x_wconf 76' lang='grc' dir='ltr'>καὶ</span> <span class='ocrx_word' id='word_1_398' title='bbox 3478 2273 3776 2342; x_wconf 79' lang='grc' dir='ltr'>ἑωράκατε</span> 
     </span>
    </p>
   </div>
   <div class='ocr_carea' id='block_1_52' title="bbox 2182 2363 2392 2416">
    <p class='ocr_par' dir='ltr' id='par_1_52' title="bbox 2182 2363 2392 2416">
     <span class='ocr_line' id='line_1_52' title="bbox 2182 2363 2392 2416; baseline 0 0"><span class='ocrx_word' id='word_1_399' title='bbox 2182 2363 2392 2416; x_wconf 79' lang='grc' dir='ltr'>αὐτόν.</span> 
     </span>
    </p>
   </div>
   <div class='ocr_carea' id='block_1_53' title="bbox 2256 2449 3778 2532">
    <p class='ocr_par' dir='ltr' id='par_1_53' title="bbox 2256 2449 3778 2532">
     <span class='ocr_line' id='line_1_53' title="bbox 2256 2449 3778 2532; baseline 0.005 -26"><span class='ocrx_word' id='word_1_400' title='bbox 2256 2454 2444 2522; x_wconf 76' lang='grc' dir='ltr'>’Ἄξιον</span> <span class='ocrx_word' id='word_1_401' title='bbox 2475 2449 2627 2525; x_wconf 80' lang='grc' dir='ltr'>οἶμαι</span> <span class='ocrx_word' id='word_1_402' title='bbox 2656 2453 2960 2524; x_wconf 84' lang='grc' dir='ltr'>Θαυμάσαι,</span> <span class='ocrx_word' id='word_1_403' title='bbox 3015 2455 3110 2508; x_wconf 76' lang='grc' dir='ltr'><strong>καὶ</strong></span> <span class='ocrx_word' id='word_1_404' title='bbox 3164 2453 3274 2527; x_wconf 81' lang='grc' dir='ltr'><strong>[ἵσ.</strong></span> <span class='ocrx_word' id='word_1_405' title='bbox 3310 2456 3436 2529; x_wconf 85' lang='grc' dir='ltr'>κάν]</span> <span class='ocrx_word' id='word_1_406' title='bbox 3471 2458 3649 2530; x_wconf 83' lang='grc' dir='ltr'>τούτῳ</span> <span class='ocrx_word' id='word_1_407' title='bbox 3681 2460 3778 2532; x_wconf 75' lang='grc' dir='ltr'>τὴν</span> 
     </span>
    </p>
   </div>
   <div class='ocr_carea' id='block_1_54' title="bbox 2181 2546 3779 2621">
    <p class='ocr_par' dir='ltr' id='par_1_54' title="bbox 2181 2546 3779 2621">
     <span class='ocr_line' id='line_1_54' title="bbox 2181 2546 3779 2621; baseline 0.004 -22"><span class='ocrx_word' id='word_1_408' title='bbox 2181 2546 2409 2600; x_wconf 78' lang='grc' dir='ltr'>ἐνοῦσαν</span> <span class='ocrx_word' id='word_1_409' title='bbox 2430 2547 2508 2617; x_wconf 83' lang='grc' dir='ltr'>τῷ</span> <span class='ocrx_word' id='word_1_410' title='bbox 2559 2546 2703 2618; x_wconf 84' lang='grc' dir='ltr'>λόγῳ</span> <span class='ocrx_word' id='word_1_411' title='bbox 2745 2547 3062 2619; x_wconf 83' lang='grc' dir='ltr'>διασκευὴν,</span> <span class='ocrx_word' id='word_1_412' title='bbox 3090 2549 3183 2600; x_wconf 77' lang='grc' dir='ltr'><strong>καὶ</strong></span> <span class='ocrx_word' id='word_1_413' title='bbox 3231 2549 3541 2621; x_wconf 76' lang='grc' dir='ltr'>ἀπόρρητον</span> <span class='ocrx_word' id='word_1_414' title='bbox 3572 2553 3779 2605; x_wconf 86' lang='grc' dir='ltr'>οἰκονο-</span> 
     </span>
    </p>
   </div>
   <div class='ocr_carea' id='block_1_55' title="bbox 2191 2639 3778 2712">
    <p class='ocr_par' dir='ltr' id='par_1_55' title="bbox 2191 2639 3778 2712">
     <span class='ocr_line' id='line_1_55' title="bbox 2191 2639 3778 2712; baseline 0.004 -19"><span class='ocrx_word' id='word_1_415' title='bbox 2191 2641 2341 2712; x_wconf 89' lang='grc' dir='ltr'>μίαν.</span> <span class='ocrx_word' id='word_1_416' title='bbox 2376 2639 2632 2712; x_wconf 85' lang='grc' dir='ltr'>Εἰρηκὼς</span> <span class='ocrx_word' id='word_1_417' title='bbox 2655 2640 2785 2711; x_wconf 84' lang='grc' dir='ltr'>γὰρ,</span> <span class='ocrx_word' id='word_1_418' title='bbox 2814 2642 2896 2694; x_wconf 83' lang='grc' dir='ltr'><strong>ὅτι</strong></span> <span class='ocrx_word' id='word_1_419' title='bbox 2933 2660 2951 2692; x_wconf 76' lang='grc' dir='ltr'><strong>ι</strong></span> <span class='ocrx_word' id='word_1_420' title='bbox 2994 2641 3056 2694; x_wconf 86' lang='grc' dir='ltr'>Εἰ</span> <span class='ocrx_word' id='word_1_421' title='bbox 3106 2640 3399 2710; x_wconf 81' lang='grc' dir='ltr'>ἐγνώκειτέ</span> <span class='ocrx_word' id='word_1_422' title='bbox 3435 2660 3524 2712; x_wconf 88' lang='grc' dir='ltr'><strong>με,</strong></span> <span class='ocrx_word' id='word_1_423' title='bbox 3567 2644 3778 2700; x_wconf 73' lang='grc' dir='ltr'>καὶτὸν</span> 
     </span>
    </p>
   </div>
   <div class='ocr_carea' id='block_1_56' title="bbox 2189 2732 3779 2805">
    <p class='ocr_par' dir='ltr' id='par_1_56' title="bbox 2189 2732 3779 2805">
     <span class='ocr_line' id='line_1_56' title="bbox 2189 2732 3779 2805; baseline 0.004 -20"><span class='ocrx_word' id='word_1_424' title='bbox 2189 2732 2410 2803; x_wconf 80' lang='grc' dir='ltr'>Πατέρα</span> <span class='ocrx_word' id='word_1_425' title='bbox 2474 2732 2540 2785; x_wconf 82' lang='grc' dir='ltr'>ἂν</span> <span class='ocrx_word' id='word_1_426' title='bbox 2590 2732 2793 2804; x_wconf 75' lang='grc' dir='ltr'>ᾔδειτε,</span> <span class='ocrx_word' id='word_1_427' title='bbox 2839 2751 2857 2784; x_wconf 74' lang='grc' dir='ltr'><strong>ι</strong></span> <span class='ocrx_word' id='word_1_428' title='bbox 2903 2733 2998 2786; x_wconf 74' lang='grc' dir='ltr'><strong>καὶ</strong></span> <span class='ocrx_word' id='word_1_429' title='bbox 3031 2735 3310 2804; x_wconf 81' lang='grc' dir='ltr'>νομισθεὶς</span> <span class='ocrx_word' id='word_1_430' title='bbox 3359 2736 3614 2805; x_wconf 78' lang='grc' dir='ltr'>ἐγκαλεῖν</span> <span class='ocrx_word' id='word_1_431' title='bbox 3665 2741 3779 2804; x_wconf 90' lang='grc' dir='ltr'>τοῖς</span> 
     </span>
    </p>
   </div>
   <div class='ocr_carea' id='block_1_57' title="bbox 2192 2821 3778 2896">
    <p class='ocr_par' dir='ltr' id='par_1_57' title="bbox 2192 2821 3778 2896">
     <span class='ocr_line' id='line_1_57' title="bbox 2192 2821 3778 2896; baseline 0.006 -21"><span class='ocrx_word' id='word_1_432' title='bbox 2192 2821 2462 2894; x_wconf 83' lang='grc' dir='ltr'>μαθηταῖς</span> <span class='ocrx_word' id='word_1_433' title='bbox 2493 2821 2603 2875; x_wconf 84' lang='grc' dir='ltr'><strong>τῶν</strong></span> <span class='ocrx_word' id='word_1_434' title='bbox 2636 2822 2813 2887; x_wconf 76' lang='grc' dir='ltr'>οὕτως</span> <span class='ocrx_word' id='word_1_435' title='bbox 2850 2824 3168 2892; x_wconf 85' lang='grc' dir='ltr'>ἀναγκαίων</span> <span class='ocrx_word' id='word_1_436' title='bbox 3215 2825 3312 2896; x_wconf 87' lang='grc' dir='ltr'><strong>τὴν</strong></span> <span class='ocrx_word' id='word_1_437' title='bbox 3341 2826 3586 2896; x_wconf 85' lang='grc' dir='ltr'>ἄγνοιαν,</span> <span class='ocrx_word' id='word_1_438' title='bbox 3623 2830 3778 2885; x_wconf 86' lang='grc' dir='ltr'>τεθε-</span> 
     </span>
    </p>
   </div>
   <div class='ocr_carea' id='block_1_58' title="bbox 2193 2913 3776 2994">
    <p class='ocr_par' dir='ltr' id='par_1_58' title="bbox 2193 2913 3776 2994">
     <span class='ocr_line' id='line_1_58' title="bbox 2193 2913 3776 2994; baseline 0.005 -27"><span class='ocrx_word' id='word_1_439' title='bbox 2193 2915 2467 2985; x_wconf 88' lang='grc' dir='ltr'>ράπευκεν</span> <span class='ocrx_word' id='word_1_440' title='bbox 2516 2913 2720 2978; x_wconf 78' lang='grc' dir='ltr'>εὐθύς·</span> <span class='ocrx_word' id='word_1_441' title='bbox 2777 2934 2795 2966; x_wconf 80' lang='grc' dir='ltr'><strong>ι</strong></span> <span class='ocrx_word' id='word_1_442' title='bbox 2847 2915 3103 2986; x_wconf 87' lang='grc' dir='ltr'>Ἀπάρτι,</span> <span class='ocrx_word' id='word_1_443' title='bbox 3163 2915 3308 2985; x_wconf 85' lang='grc' dir='ltr'>λέγω</span> <span class='ocrx_word' id='word_1_444' title='bbox 3362 2917 3474 2989; x_wconf 77' lang='grc' dir='ltr'>[γρ.</span> <span class='ocrx_word' id='word_1_445' title='bbox 3534 2919 3776 2994; x_wconf 89' lang='grc' dir='ltr'>λέγων],</span> 
     </span>
    </p>
   </div>
   <div class='ocr_carea' id='block_1_59' title="bbox 2189 3007 3778 3086">
    <p class='ocr_par' dir='ltr' id='par_1_59' title="bbox 2189 3007 3778 3086">
     <span class='ocr_line' id='line_1_59' title="bbox 2189 3007 3778 3086; baseline 0.004 -26"><span class='ocrx_word' id='word_1_446' title='bbox 2189 3007 2484 3076; x_wconf 84' lang='grc' dir='ltr'>γινώσκετε</span> <span class='ocrx_word' id='word_1_447' title='bbox 2517 3007 2700 3069; x_wconf 80' lang='grc' dir='ltr'>αὐτὸν,</span> <span class='ocrx_word' id='word_1_448' title='bbox 2723 3007 2816 3060; x_wconf 69' lang='grc' dir='ltr'><strong>καὶ</strong></span> <span class='ocrx_word' id='word_1_449' title='bbox 2846 3007 3126 3078; x_wconf 83' lang='grc' dir='ltr'>ἑωράκατε</span> <span class='ocrx_word' id='word_1_450' title='bbox 3152 3009 3367 3064; x_wconf 76' lang='grc' dir='ltr'>αὐτόν.»</span> <span class='ocrx_word' id='word_1_451' title='bbox 3416 3011 3639 3084; x_wconf 82' lang='grc' dir='ltr'>Ἐπειδὴ</span> <span class='ocrx_word' id='word_1_452' title='bbox 3667 3015 3778 3086; x_wconf 76' lang='grc' dir='ltr'><strong>γάρ</strong></span> 
     </span>
    </p>
   </div>
   <div class='ocr_carea' id='block_1_60' title="bbox 2189 3097 3775 3168">
    <p class='ocr_par' dir='ltr' id='par_1_60' title="bbox 2189 3097 3775 3168">
     <span class='ocr_line' id='line_1_60' title="bbox 2189 3097 3775 3168; baseline 0.001 -17"><span class='ocrx_word' id='word_1_453' title='bbox 2189 3097 2444 3168; x_wconf 77' lang='grc' dir='ltr'>ἐμελλλον</span> <span class='ocrx_word' id='word_1_454' title='bbox 2472 3097 2581 3150; x_wconf 85' lang='grc' dir='ltr'><strong>τῶν</strong></span> <span class='ocrx_word' id='word_1_455' title='bbox 2605 3097 2948 3166; x_wconf 86' lang='grc' dir='ltr'>ἁπανταχόσε</span> <span class='ocrx_word' id='word_1_456' title='bbox 2978 3097 3247 3168; x_wconf 88' lang='grc' dir='ltr'>κειμένων</span> <span class='ocrx_word' id='word_1_457' title='bbox 3277 3099 3610 3168; x_wconf 84' lang='grc' dir='ltr'>Ἐκκλησιῶν</span> <span class='ocrx_word' id='word_1_458' title='bbox 3638 3103 3775 3168; x_wconf 84' lang='grc' dir='ltr'>ἡγε-</span> 
     </span>
    </p>
   </div>
   <div class='ocr_carea' id='block_1_61' title="bbox 496 3186 2080 3264">
    <p class='ocr_par' dir='ltr' id='par_1_61' title="bbox 496 3191 2080 3262">
     <span class='ocr_line' id='line_1_61' title="bbox 496 3191 2080 3262; baseline -0.001 -14"><span class='ocrx_word' id='word_1_459' title='bbox 496 3199 655 3248; x_wconf 85' lang='lat' dir='ltr'><strong>erant</strong></span> <span class='ocrx_word' id='word_1_460' title='bbox 682 3192 983 3262; x_wconf 71' lang='lat' dir='ltr'><strong>praapositi,</strong></span> <span class='ocrx_word' id='word_1_461' title='bbox 1019 3207 1146 3247; x_wconf 89' lang='lat' dir='ltr'><strong>cum</strong></span> <span class='ocrx_word' id='word_1_462' title='bbox 1176 3193 1244 3248; x_wconf 91' lang='lat' dir='ltr'><strong>ab</strong></span> <span class='ocrx_word' id='word_1_463' title='bbox 1265 3207 1333 3247; x_wconf 92' lang='lat' dir='ltr'><strong>eo</strong></span> <span class='ocrx_word' id='word_1_464' title='bbox 1363 3192 1655 3248; x_wconf 86' lang='lat' dir='ltr'><strong>audissent</strong></span> <span class='ocrx_word' id='word_1_465' title='bbox 1683 3191 1817 3246; x_wconf 91' lang='lat' dir='ltr'><strong>illud</strong></span> <span class='ocrx_word' id='word_1_466' title='bbox 1845 3212 1858 3248; x_wconf 88' lang='lat'><strong>:</strong></span> <span class='ocrx_word' id='word_1_467' title='bbox 1886 3211 1906 3244; x_wconf 73' lang='grc' dir='ltr'><strong>ι</strong></span> <span class='ocrx_word' id='word_1_468' title='bbox 1935 3192 2080 3246; x_wconf 88' lang='lat' dir='ltr'><strong>Eun-</strong></span> 
     </span>
    </p>
   </div>
   <div class='ocr_carea' id='block_1_62' title="bbox 2186 3186 3764 3264">
    <p class='ocr_par' dir='ltr' id='par_1_62' title="bbox 2191 3186 3764 3260">
     <span class='ocr_line' id='line_1_62' title="bbox 2191 3186 3764 3260; baseline 0.002 -18"><span class='ocrx_word' id='word_1_469' title='bbox 2191 3191 2349 3260; x_wconf 90' lang='grc' dir='ltr'>μόνες</span> <span class='ocrx_word' id='word_1_470' title='bbox 2376 3188 2616 3252; x_wconf 79' lang='grc' dir='ltr'>ἔσεσθαι,</span> <span class='ocrx_word' id='word_1_471' title='bbox 2640 3189 2772 3260; x_wconf 86' lang='grc' dir='ltr'>παρ’</span> <span class='ocrx_word' id='word_1_472' title='bbox 2808 3187 2974 3241; x_wconf 84' lang='grc' dir='ltr'>αὑτοῦ</span> <span class='ocrx_word' id='word_1_473' title='bbox 3005 3186 3096 3240; x_wconf 90' lang='grc' dir='ltr'><strong>τοῦ</strong></span> <span class='ocrx_word' id='word_1_474' title='bbox 3127 3189 3378 3259; x_wconf 84' lang='grc' dir='ltr'>Σωτῆρος</span> <span class='ocrx_word' id='word_1_475' title='bbox 3406 3190 3764 3257; x_wconf 83' lang='grc' dir='ltr'>ἀκούσαντες,</span> 
     </span>
    </p>
   </div>
   <div class='ocr_carea' id='block_1_63' title="bbox 497 3281 2086 3355">
    <p class='ocr_par' dir='ltr' id='par_1_63' title="bbox 497 3281 2086 3355">
     <span class='ocr_line' id='line_1_63' title="bbox 497 3281 2086 3355; baseline 0.002 -21"><span class='ocrx_word' id='word_1_476' title='bbox 497 3289 582 3337; x_wconf 90' lang='lat' dir='ltr'><strong>tes</strong></span> <span class='ocrx_word' id='word_1_477' title='bbox 613 3281 806 3337; x_wconf 91' lang='lat' dir='ltr'><strong>docete</strong></span> <span class='ocrx_word' id='word_1_478' title='bbox 838 3297 1032 3338; x_wconf 90' lang='lat' dir='ltr'><strong>omnes</strong></span> <span class='ocrx_word' id='word_1_479' title='bbox 1052 3291 1244 3353; x_wconf 84' lang='lat' dir='ltr'><strong>gentes</strong></span> <span class='ocrx_word' id='word_1_480' title='bbox 1268 3281 1372 3347; x_wconf 71' lang='lat' dir='ltr'><strong>&quot;,i</strong></span> <span class='ocrx_word' id='word_1_481' title='bbox 1405 3283 1570 3348; x_wconf 88' lang='lat' dir='ltr'><strong>hanc,</strong></span> <span class='ocrx_word' id='word_1_482' title='bbox 1607 3284 1828 3353; x_wconf 90' lang='lat' dir='ltr'><strong>opinor,</strong></span> <span class='ocrx_word' id='word_1_483' title='bbox 1859 3283 2086 3355; x_wconf 87' lang='lat' dir='ltr'><strong>potissi-</strong></span> 
     </span>
    </p>
   </div>
   <div class='ocr_carea' id='block_1_64' title="bbox 497 3375 2085 3446">
    <p class='ocr_par' dir='ltr' id='par_1_64' title="bbox 497 3375 2085 3446">
     <span class='ocr_line' id='line_1_64' title="bbox 497 3375 2085 3446; baseline 0.001 -18"><span class='ocrx_word' id='word_1_484' title='bbox 497 3389 648 3428; x_wconf 89' lang='lat' dir='ltr'><strong>mum</strong></span> <span class='ocrx_word' id='word_1_485' title='bbox 677 3375 748 3430; x_wconf 91' lang='lat' dir='ltr'><strong>ob</strong></span> <span class='ocrx_word' id='word_1_486' title='bbox 796 3389 1048 3442; x_wconf 89' lang='lat' dir='ltr'><strong>causam,</strong></span> <span class='ocrx_word' id='word_1_487' title='bbox 1086 3390 1213 3430; x_wconf 89' lang='lat' dir='ltr'><strong>cum</strong></span> <span class='ocrx_word' id='word_1_488' title='bbox 1251 3375 1461 3430; x_wconf 90' lang='lat' dir='ltr'><strong>utiliter</strong></span> <span class='ocrx_word' id='word_1_489' title='bbox 1489 3375 1650 3445; x_wconf 77' lang='grc'><strong>772</strong></span> <span class='ocrx_word' id='word_1_490' title='bbox 1709 3377 1870 3446; x_wconf 90' lang='lat' dir='ltr'><strong>prius</strong></span> <span class='ocrx_word' id='word_1_491' title='bbox 1898 3385 2085 3433; x_wconf 85' lang='lat' dir='ltr'><strong>osten-</strong></span> 
     </span>
    </p>
   </div>
   <div class='ocr_carea' id='block_1_65' title="bbox 495 3466 2087 3536">
    <p class='ocr_par' dir='ltr' id='par_1_65' title="bbox 495 3466 2087 3536">
     <span class='ocr_line' id='line_1_65' title="bbox 495 3466 2087 3536; baseline 0 -16"><span class='ocrx_word' id='word_1_492' title='bbox 495 3467 694 3531; x_wconf 85' lang='lat' dir='ltr'><strong>disset,</strong></span> <span class='ocrx_word' id='word_1_493' title='bbox 719 3480 782 3520; x_wconf 90' lang='lat' dir='ltr'><strong>ac</strong></span> <span class='ocrx_word' id='word_1_494' title='bbox 818 3467 1132 3536; x_wconf 87' lang='lat' dir='ltr'><strong>generalem</strong></span> <span class='ocrx_word' id='word_1_495' title='bbox 1157 3466 1226 3522; x_wconf 90' lang='lat' dir='ltr'><strong>de</strong></span> <span class='ocrx_word' id='word_1_496' title='bbox 1253 3467 1513 3522; x_wconf 90' lang='lat' dir='ltr'><strong>omnibus</strong></span> <span class='ocrx_word' id='word_1_497' title='bbox 1536 3466 1946 3536; x_wconf 89' lang='lat' dir='ltr'><strong>quodammodo</strong></span> <span class='ocrx_word' id='word_1_498' title='bbox 1973 3483 2087 3522; x_wconf 92' lang='lat' dir='ltr'><strong>ser-</strong></span> 
     </span>
    </p>
   </div>
   <div class='ocr_carea' id='block_1_66' title="bbox 500 3557 2080 3629">
    <p class='ocr_par' dir='ltr' id='par_1_66' title="bbox 500 3557 2080 3629">
     <span class='ocr_line' id='line_1_66' title="bbox 500 3557 2080 3629; baseline 0.001 -18"><span class='ocrx_word' id='word_1_499' title='bbox 500 3571 716 3612; x_wconf 88' lang='lat' dir='ltr'><strong>monem</strong></span> <span class='ocrx_word' id='word_1_500' title='bbox 743 3557 988 3622; x_wconf 82' lang='lat' dir='ltr'><strong>fecisset,</strong></span> <span class='ocrx_word' id='word_1_501' title='bbox 1019 3572 1218 3629; x_wconf 89' lang='lat' dir='ltr'><strong>nempe</strong></span> <span class='ocrx_word' id='word_1_502' title='bbox 1242 3557 1389 3628; x_wconf 90' lang='lat' dir='ltr'><strong>quod</strong></span> <span class='ocrx_word' id='word_1_503' title='bbox 1421 3559 1467 3614; x_wconf 90' lang='lat' dir='ltr'><strong>si</strong></span> <span class='ocrx_word' id='word_1_504' title='bbox 1491 3557 1617 3628; x_wconf 90' lang='lat' dir='ltr'><strong>quis</strong></span> <span class='ocrx_word' id='word_1_505' title='bbox 1645 3567 1834 3613; x_wconf 89' lang='lat' dir='ltr'><strong>nosset</strong></span> <span class='ocrx_word' id='word_1_506' title='bbox 1862 3557 2080 3625; x_wconf 88' lang='lat' dir='ltr'><strong>Filium,</strong></span> 
     </span>
    </p>
   </div>
   <div class='ocr_carea' id='block_1_67' title="bbox 494 3647 2085 3721">
    <p class='ocr_par' dir='ltr' id='par_1_67' title="bbox 494 3647 2085 3721">
     <span class='ocr_line' id='line_1_67' title="bbox 494 3647 2085 3721; baseline 0.003 -21"><span class='ocrx_word' id='word_1_507' title='bbox 494 3654 550 3700; x_wconf 92' lang='lat' dir='ltr'><strong>et</strong></span> <span class='ocrx_word' id='word_1_508' title='bbox 570 3661 695 3701; x_wconf 86' lang='lat' dir='ltr'><strong>eum</strong></span> <span class='ocrx_word' id='word_1_509' title='bbox 729 3649 918 3718; x_wconf 85' lang='lat' dir='ltr'><strong>utique</strong></span> <span class='ocrx_word' id='word_1_510' title='bbox 946 3664 1011 3703; x_wconf 84' lang='lat' dir='ltr'><strong>ex</strong></span> <span class='ocrx_word' id='word_1_511' title='bbox 1047 3662 1161 3718; x_wconf 90' lang='lat' dir='ltr'><strong>quo</strong></span> <span class='ocrx_word' id='word_1_512' title='bbox 1195 3655 1282 3705; x_wconf 91' lang='lat' dir='ltr'><strong>est</strong></span> <span class='ocrx_word' id='word_1_513' title='bbox 1314 3647 1532 3703; x_wconf 88' lang='lat' dir='ltr'><strong>Patrem</strong></span> <span class='ocrx_word' id='word_1_514' title='bbox 1563 3661 1631 3702; x_wconf 90' lang='lat' dir='ltr'><strong>ac</strong></span> <span class='ocrx_word' id='word_1_515' title='bbox 1665 3647 1837 3703; x_wconf 89' lang='lat' dir='ltr'><strong>Deum</strong></span> <span class='ocrx_word' id='word_1_516' title='bbox 1868 3651 2085 3721; x_wconf 79' lang='lat' dir='ltr'><strong>agnitu—</strong></span> 
     </span>
    </p>
   </div>
   <div class='ocr_carea' id='block_1_68' title="bbox 497 3739 2082 3811">
    <p class='ocr_par' dir='ltr' id='par_1_68' title="bbox 497 3739 2082 3811">
     <span class='ocr_line' id='line_1_68' title="bbox 497 3739 2082 3811; baseline 0.002 -20"><span class='ocrx_word' id='word_1_517' title='bbox 497 3754 594 3794; x_wconf 91' lang='lat' dir='ltr'><strong>rus</strong></span> <span class='ocrx_word' id='word_1_518' title='bbox 622 3739 716 3806; x_wconf 86' lang='lat' dir='ltr'><strong>sit,</strong></span> <span class='ocrx_word' id='word_1_519' title='bbox 753 3741 870 3796; x_wconf 88' lang='lat' dir='ltr'><strong>suis</strong></span> <span class='ocrx_word' id='word_1_520' title='bbox 903 3740 1194 3811; x_wconf 89' lang='lat' dir='ltr'><strong>discipulis</strong></span> <span class='ocrx_word' id='word_1_521' title='bbox 1254 3741 1629 3810; x_wconf 83' lang='lat' dir='ltr'><strong>cognitionem</strong></span> <span class='ocrx_word' id='word_1_522' title='bbox 1675 3741 1891 3806; x_wconf 87' lang='lat' dir='ltr'><strong>tribuit,</strong></span> <span class='ocrx_word' id='word_1_523' title='bbox 1930 3741 2082 3794; x_wconf 84' lang='lat' dir='ltr'><strong>utili-</strong></span> 
     </span>
    </p>
   </div>
   <div class='ocr_carea' id='block_1_69' title="bbox 498 3832 2081 3903">
    <p class='ocr_par' dir='ltr' id='par_1_69' title="bbox 498 3832 2081 3903">
     <span class='ocr_line' id='line_1_69' title="bbox 498 3832 2081 3903; baseline 0.002 -17"><span class='ocrx_word' id='word_1_524' title='bbox 498 3843 584 3888; x_wconf 83' lang='lat' dir='ltr'><strong>ter</strong></span> <span class='ocrx_word' id='word_1_525' title='bbox 613 3833 858 3903; x_wconf 89' lang='lat' dir='ltr'><strong>quidem,</strong></span> <span class='ocrx_word' id='word_1_526' title='bbox 909 3849 1019 3889; x_wconf 89' lang='lat' dir='ltr'><strong>non</strong></span> <span class='ocrx_word' id='word_1_527' title='bbox 1057 3832 1127 3888; x_wconf 89' lang='lat' dir='ltr'><strong>ad</strong></span> <span class='ocrx_word' id='word_1_528' title='bbox 1179 3833 1457 3903; x_wconf 90' lang='lat' dir='ltr'><strong>gratiam:</strong></span> <span class='ocrx_word' id='word_1_529' title='bbox 1513 3846 1617 3886; x_wconf 89' lang='lat' dir='ltr'><strong>nec</strong></span> <span class='ocrx_word' id='word_1_530' title='bbox 1669 3833 1817 3886; x_wconf 90' lang='lat' dir='ltr'><strong>enim</strong></span> <span class='ocrx_word' id='word_1_531' title='bbox 1875 3833 2081 3902; x_wconf 89' lang='lat' dir='ltr'><strong>aliquid</strong></span> 
     </span>
    </p>
   </div>
   <div class='ocr_carea' id='block_1_70' title="bbox 499 3919 2083 3993">
    <p class='ocr_par' dir='ltr' id='par_1_70' title="bbox 499 3919 2083 3993">
     <span class='ocr_line' id='line_1_70' title="bbox 499 3919 2083 3993; baseline 0.003 -19"><span class='ocrx_word' id='word_1_532' title='bbox 499 3920 625 3976; x_wconf 83' lang='lat' dir='ltr'><strong>falsi</strong></span> <span class='ocrx_word' id='word_1_533' title='bbox 686 3937 923 3991; x_wconf 87' lang='lat' dir='ltr'><strong>usquam</strong></span> <span class='ocrx_word' id='word_1_534' title='bbox 983 3921 1226 3986; x_wconf 71' lang='lat' dir='ltr'><strong>dixerit;</strong></span> <span class='ocrx_word' id='word_1_535' title='bbox 1265 3919 1364 3974; x_wconf 92' lang='lat' dir='ltr'><strong>sed</strong></span> <span class='ocrx_word' id='word_1_536' title='bbox 1417 3926 1479 3972; x_wconf 87' lang='lat' dir='ltr'><strong>ut</strong></span> <span class='ocrx_word' id='word_1_537' title='bbox 1515 3919 1611 3988; x_wconf 90' lang='lat' dir='ltr'><strong>qui</strong></span> <span class='ocrx_word' id='word_1_538' title='bbox 1665 3920 1846 3975; x_wconf 89' lang='lat' dir='ltr'><strong>sciant</strong></span> <span class='ocrx_word' id='word_1_539' title='bbox 1899 3922 2083 3993; x_wconf 82' lang='lat' dir='ltr'><strong>reipsa</strong></span> 
     </span>
    </p>
   </div>
   <div class='ocr_carea' id='block_1_71' title="bbox 499 4011 2080 4084">
    <p class='ocr_par' dir='ltr' id='par_1_71' title="bbox 499 4011 2080 4084">
     <span class='ocr_line' id='line_1_71' title="bbox 499 4011 2080 4084; baseline 0.001 -16"><span class='ocrx_word' id='word_1_540' title='bbox 499 4024 664 4084; x_wconf 83' lang='lat' dir='ltr'><strong>atque</strong></span> <span class='ocrx_word' id='word_1_541' title='bbox 685 4020 1048 4084; x_wconf 86' lang='lat' dir='ltr'><strong>cognoscant.</strong></span> <span class='ocrx_word' id='word_1_542' title='bbox 1081 4011 1212 4066; x_wconf 88' lang='lat' dir='ltr'><strong>Illos</strong></span> <span class='ocrx_word' id='word_1_543' title='bbox 1235 4013 1385 4067; x_wconf 92' lang='lat' dir='ltr'><strong>enim</strong></span> <span class='ocrx_word' id='word_1_544' title='bbox 1419 4011 1585 4066; x_wconf 90' lang='lat' dir='ltr'><strong>etiam</strong></span> <span class='ocrx_word' id='word_1_545' title='bbox 1630 4012 1940 4069; x_wconf 90' lang='lat' dir='ltr'><strong>credidisse</strong></span> <span class='ocrx_word' id='word_1_546' title='bbox 1975 4014 2080 4070; x_wconf 90' lang='lat' dir='ltr'><strong>Do-</strong></span> 
     </span>
    </p>
   </div>
   <div class='ocr_carea' id='block_1_72' title="bbox 497 4103 2077 4175">
    <p class='ocr_par' dir='ltr' id='par_1_72' title="bbox 497 4103 2077 4175">
     <span class='ocr_line' id='line_1_72' title="bbox 497 4103 2077 4175; baseline 0.002 -15"><span class='ocrx_word' id='word_1_547' title='bbox 497 4108 709 4160; x_wconf 89' lang='lat' dir='ltr'><strong>minum</strong></span> <span class='ocrx_word' id='word_1_548' title='bbox 739 4122 865 4163; x_wconf 87' lang='lat' dir='ltr'><strong>vere</strong></span> <span class='ocrx_word' id='word_1_549' title='bbox 894 4121 1019 4162; x_wconf 89' lang='lat' dir='ltr'><strong>esse</strong></span> <span class='ocrx_word' id='word_1_550' title='bbox 1059 4105 1156 4161; x_wconf 91' lang='lat' dir='ltr'><strong>Dei</strong></span> <span class='ocrx_word' id='word_1_551' title='bbox 1184 4103 1408 4170; x_wconf 88' lang='lat' dir='ltr'><strong>Filium,</strong></span> <span class='ocrx_word' id='word_1_552' title='bbox 1467 4120 1813 4175; x_wconf 83' lang='lat' dir='ltr'><strong>nequaquam</strong></span> <span class='ocrx_word' id='word_1_553' title='bbox 1847 4107 2077 4163; x_wconf 90' lang='lat' dir='ltr'><strong>dubium</strong></span> 
     </span>
    </p>
   </div>
   <div class='ocr_carea' id='block_1_73' title="bbox 495 4197 2079 4268">
    <p class='ocr_par' dir='ltr' id='par_1_73' title="bbox 495 4197 2079 4268">
     <span class='ocr_line' id='line_1_73' title="bbox 495 4197 2079 4268; baseline -0.004 -10"><span class='ocrx_word' id='word_1_554' title='bbox 495 4210 582 4259; x_wconf 82' lang='lat' dir='ltr'><strong>est</strong></span> <span class='ocrx_word' id='word_1_555' title='bbox 610 4209 763 4257; x_wconf 89' lang='lat' dir='ltr'><strong>recte</strong></span> <span class='ocrx_word' id='word_1_556' title='bbox 794 4198 1187 4255; x_wconf 88' lang='lat' dir='ltr'><strong>sentientibus.</strong></span> <span class='ocrx_word' id='word_1_557' title='bbox 1223 4197 1442 4267; x_wconf 85' lang='lat' dir='ltr'><strong>Alioqui</strong></span> <span class='ocrx_word' id='word_1_558' title='bbox 1467 4198 1746 4268; x_wconf 89' lang='lat' dir='ltr'><strong>quomodo</strong></span> <span class='ocrx_word' id='word_1_559' title='bbox 1774 4198 2079 4254; x_wconf 88' lang='lat' dir='ltr'><strong>Nathanael</strong></span> 
     </span>
    </p>
   </div>
   <div class='ocr_carea' id='block_1_74' title="bbox 497 4289 2079 4363">
    <p class='ocr_par' dir='ltr' id='par_1_74' title="bbox 497 4289 2079 4363">
     <span class='ocr_line' id='line_1_74' title="bbox 497 4289 2079 4363; baseline -0.003 -11"><span class='ocrx_word' id='word_1_560' title='bbox 497 4297 591 4352; x_wconf 91' lang='lat' dir='ltr'><strong>ille</strong></span> <span class='ocrx_word' id='word_1_561' title='bbox 639 4293 888 4350; x_wconf 89' lang='lat' dir='ltr'><strong>Israelita</strong></span> <span class='ocrx_word' id='word_1_562' title='bbox 934 4291 1100 4348; x_wconf 85' lang='lat' dir='ltr'><strong>simul</strong></span> <span class='ocrx_word' id='word_1_563' title='bbox 1142 4304 1208 4344; x_wconf 89' lang='lat' dir='ltr'><strong>ac</strong></span> <span class='ocrx_word' id='word_1_564' title='bbox 1263 4289 1545 4346; x_wconf 87' lang='lat' dir='ltr'><strong>audisset:</strong></span> <span class='ocrx_word' id='word_1_565' title='bbox 1584 4308 1603 4342; x_wconf 77' lang='grc' dir='ltr'><strong>ι</strong></span> <span class='ocrx_word' id='word_1_566' title='bbox 1663 4290 1992 4363; x_wconf 87' lang='lat' dir='ltr'><strong>Priusquam</strong></span> <span class='ocrx_word' id='word_1_567' title='bbox 2025 4300 2079 4347; x_wconf 87' lang='lat' dir='ltr'><strong>te</strong></span> 
     </span>
    </p>
   </div>
   <div class='ocr_carea' id='block_1_75' title="bbox 494 4383 2077 4458">
    <p class='ocr_par' dir='ltr' id='par_1_75' title="bbox 494 4383 2077 4458">
     <span class='ocr_line' id='line_1_75' title="bbox 494 4383 2077 4458; baseline -0.003 -15"><span class='ocrx_word' id='word_1_568' title='bbox 494 4388 786 4458; x_wconf 85' lang='lat' dir='ltr'><strong>Philippus</strong></span> <span class='ocrx_word' id='word_1_569' title='bbox 816 4391 1064 4447; x_wconf 87' lang='lat' dir='ltr'><strong>vocaret,</strong></span> <span class='ocrx_word' id='word_1_570' title='bbox 1087 4398 1212 4438; x_wconf 92' lang='lat' dir='ltr'><strong>cum</strong></span> <span class='ocrx_word' id='word_1_571' title='bbox 1235 4397 1388 4438; x_wconf 90' lang='lat' dir='ltr'><strong>esses</strong></span> <span class='ocrx_word' id='word_1_572' title='bbox 1421 4383 1524 4439; x_wconf 90' lang='lat' dir='ltr'><strong>sub</strong></span> <span class='ocrx_word' id='word_1_573' title='bbox 1548 4384 1678 4449; x_wconf 86' lang='lat' dir='ltr'><strong>ficu,</strong></span> <span class='ocrx_word' id='word_1_574' title='bbox 1711 4385 1820 4441; x_wconf 91' lang='lat' dir='ltr'><strong>vidi</strong></span> <span class='ocrx_word' id='word_1_575' title='bbox 1855 4393 1943 4452; x_wconf 90' lang='lat' dir='ltr'><strong>te;</strong></span> <span class='ocrx_word' id='word_1_576' title='bbox 1977 4403 1994 4435; x_wconf 76' lang='grc' dir='ltr'><strong>ι</strong></span> <span class='ocrx_word' id='word_1_577' title='bbox 2016 4385 2077 4438; x_wconf 83' lang='lat' dir='ltr'><strong>ti-</strong></span> 
     </span>
    </p>
   </div>
   <div class='ocr_carea' id='block_1_76' title="bbox 495 4469 2073 4537">
    <p class='ocr_par' dir='ltr' id='par_1_76' title="bbox 495 4469 2073 4537">
     <span class='ocr_line' id='line_1_76' title="bbox 495 4469 2073 4537; baseline -0.008 -2"><span class='ocrx_word' id='word_1_578' title='bbox 495 4477 579 4534; x_wconf 89' lang='lat' dir='ltr'><strong>dei</strong></span> <span class='ocrx_word' id='word_1_579' title='bbox 619 4474 1029 4531; x_wconf 86' lang='lat' dir='ltr'><strong>confessionem</strong></span> <span class='ocrx_word' id='word_1_580' title='bbox 1083 4471 1270 4526; x_wconf 87' lang='lat' dir='ltr'><strong>statim</strong></span> <span class='ocrx_word' id='word_1_581' title='bbox 1307 4471 1516 4537; x_wconf 87' lang='lat' dir='ltr'><strong>intulit,</strong></span> <span class='ocrx_word' id='word_1_582' title='bbox 1548 4470 1783 4528; x_wconf 90' lang='lat' dir='ltr'><strong>dicens:</strong></span> <span class='ocrx_word' id='word_1_583' title='bbox 1823 4489 1841 4522; x_wconf 78' lang='grc' dir='ltr'><strong>ι</strong></span> <span class='ocrx_word' id='word_1_584' title='bbox 1878 4469 2073 4534; x_wconf 78' lang='lat' dir='ltr'><strong>Rabbi,</strong></span> 
     </span>
    </p>
   </div>
   <div class='ocr_carea' id='block_1_77' title="bbox 496 4563 2074 4630">
    <p class='ocr_par' dir='ltr' id='par_1_77' title="bbox 496 4563 2074 4630">
     <span class='ocr_line' id='line_1_77' title="bbox 496 4563 2074 4630; baseline -0.006 -5"><span class='ocrx_word' id='word_1_585' title='bbox 496 4581 552 4626; x_wconf 87' lang='lat' dir='ltr'><strong>tu</strong></span> <span class='ocrx_word' id='word_1_586' title='bbox 589 4585 649 4624; x_wconf 83' lang='lat' dir='ltr'><strong>es</strong></span> <span class='ocrx_word' id='word_1_587' title='bbox 694 4567 868 4622; x_wconf 87' lang='lat' dir='ltr'><strong>Filius</strong></span> <span class='ocrx_word' id='word_1_588' title='bbox 915 4565 1033 4630; x_wconf 91' lang='lat' dir='ltr'><strong>Dei,</strong></span> <span class='ocrx_word' id='word_1_589' title='bbox 1081 4573 1138 4618; x_wconf 92' lang='lat' dir='ltr'><strong>tu</strong></span> <span class='ocrx_word' id='word_1_590' title='bbox 1177 4579 1237 4619; x_wconf 89' lang='lat' dir='ltr'><strong>es</strong></span> <span class='ocrx_word' id='word_1_591' title='bbox 1267 4579 1361 4620; x_wconf 82' lang='lat' dir='ltr'><strong>rex</strong></span> <span class='ocrx_word' id='word_1_592' title='bbox 1391 4564 1559 4620; x_wconf 89' lang='lat' dir='ltr'><strong>Israel</strong></span> <span class='ocrx_word' id='word_1_593' title='bbox 1580 4566 1652 4619; x_wconf 79' lang='grc'><strong>⁷⁵.</strong></span> <span class='ocrx_word' id='word_1_594' title='bbox 1711 4583 1730 4617; x_wconf 74' lang='grc' dir='ltr'><strong>ι</strong></span> <span class='ocrx_word' id='word_1_595' title='bbox 1764 4563 2074 4629; x_wconf 82' lang='lat' dir='ltr'><strong>Quinetiam</strong></span> 
     </span>
    </p>
   </div>
   <div class='ocr_carea' id='block_1_78' title="bbox 494 4651 2073 4725">
    <p class='ocr_par' dir='ltr' id='par_1_78' title="bbox 494 4651 2073 4725">
     <span class='ocr_line' id='line_1_78' title="bbox 494 4651 2073 4725; baseline -0.007 -9"><span class='ocrx_word' id='word_1_596' title='bbox 494 4660 734 4717; x_wconf 88' lang='lat' dir='ltr'><strong>mirabili</strong></span> <span class='ocrx_word' id='word_1_597' title='bbox 764 4669 818 4713; x_wconf 92' lang='lat' dir='ltr'><strong>et</strong></span> <span class='ocrx_word' id='word_1_598' title='bbox 836 4657 1104 4711; x_wconf 90' lang='lat' dir='ltr'><strong>inusitata</strong></span> <span class='ocrx_word' id='word_1_599' title='bbox 1130 4655 1344 4710; x_wconf 91' lang='lat' dir='ltr'><strong>ratione</strong></span> <span class='ocrx_word' id='word_1_600' title='bbox 1375 4655 1513 4709; x_wconf 88' lang='lat' dir='ltr'><strong>mari</strong></span> <span class='ocrx_word' id='word_1_601' title='bbox 1543 4661 1761 4725; x_wconf 88' lang='lat' dir='ltr'><strong>pacato,</strong></span> <span class='ocrx_word' id='word_1_602' title='bbox 1795 4651 2073 4723; x_wconf 90' lang='lat' dir='ltr'><strong>quomodo</strong></span> 
     </span>
    </p>
   </div>
   <div class='ocr_carea' id='block_1_79' title="bbox 497 4745 2071 4820">
    <p class='ocr_par' dir='ltr' id='par_1_79' title="bbox 497 4745 2071 4820">
     <span class='ocr_line' id='line_1_79' title="bbox 497 4745 2071 4820; baseline -0.008 -10"><span class='ocrx_word' id='word_1_603' title='bbox 497 4769 624 4810; x_wconf 89' lang='lat' dir='ltr'><strong>eum</strong></span> <span class='ocrx_word' id='word_1_604' title='bbox 679 4751 985 4806; x_wconf 88' lang='lat' dir='ltr'><strong>adorabant</strong></span> <span class='ocrx_word' id='word_1_605' title='bbox 1019 4749 1113 4820; x_wconf 91' lang='lat' dir='ltr'><strong>qui</strong></span> <span class='ocrx_word' id='word_1_606' title='bbox 1166 4749 1221 4803; x_wconf 91' lang='lat' dir='ltr'><strong>in</strong></span> <span class='ocrx_word' id='word_1_607' title='bbox 1275 4748 1484 4819; x_wconf 89' lang='lat' dir='ltr'><strong>scapha</strong></span> <span class='ocrx_word' id='word_1_608' title='bbox 1541 4753 1725 4810; x_wconf 89' lang='lat' dir='ltr'><strong>erant,</strong></span> <span class='ocrx_word' id='word_1_609' title='bbox 1786 4745 2071 4800; x_wconf 89' lang='lat' dir='ltr'><strong>dicentes:</strong></span> 
     </span>
    </p>
   </div>
   <div class='ocr_carea' id='block_1_80' title="bbox 501 4835 2072 4907">
    <p class='ocr_par' dir='ltr' id='par_1_80' title="bbox 501 4835 2072 4907">
     <span class='ocr_line' id='line_1_80' title="bbox 501 4835 2072 4907; baseline -0.003 -15"><span class='ocrx_word' id='word_1_610' title='bbox 501 4859 520 4892; x_wconf 71' lang='grc' dir='ltr'>ε</span> <span class='ocrx_word' id='word_1_611' title='bbox 563 4839 707 4896; x_wconf 77' lang='lat' dir='ltr'><strong>Vere</strong></span> <span class='ocrx_word' id='word_1_612' title='bbox 746 4837 920 4896; x_wconf 84' lang='lat' dir='ltr'><strong>Filius</strong></span> <span class='ocrx_word' id='word_1_613' title='bbox 972 4838 1067 4895; x_wconf 91' lang='lat' dir='ltr'><strong>Dei</strong></span> <span class='ocrx_word' id='word_1_614' title='bbox 1113 4853 1173 4895; x_wconf 91' lang='lat' dir='ltr'><strong>es</strong></span> <span class='ocrx_word' id='word_1_615' title='bbox 1195 4838 1264 4893; x_wconf 85' lang='grc'><strong>⁷⁸.</strong></span> <span class='ocrx_word' id='word_1_616' title='bbox 1317 4858 1335 4891; x_wconf 76' lang='grc' dir='ltr'><strong>ι</strong></span> <span class='ocrx_word' id='word_1_617' title='bbox 1390 4839 1472 4892; x_wconf 83' lang='lat' dir='ltr'><strong>An</strong></span> <span class='ocrx_word' id='word_1_618' title='bbox 1525 4852 1658 4907; x_wconf 89' lang='lat' dir='ltr'><strong>ergo</strong></span> <span class='ocrx_word' id='word_1_619' title='bbox 1701 4835 2072 4906; x_wconf 89' lang='lat' dir='ltr'><strong>ignorantium</strong></span> 
     </span>
    </p>
   </div>
   <div class='ocr_carea' id='block_1_81' title="bbox 497 4927 2074 5003">
    <p class='ocr_par' dir='ltr' id='par_1_81' title="bbox 497 4927 2074 5003">
     <span class='ocr_line' id='line_1_81' title="bbox 497 4927 2074 5003; baseline -0.003 -19"><span class='ocrx_word' id='word_1_620' title='bbox 497 4932 680 5003; x_wconf 88' lang='lat' dir='ltr'><strong>ipsum</strong></span> <span class='ocrx_word' id='word_1_621' title='bbox 711 4946 833 4986; x_wconf 86' lang='lat' dir='ltr'><strong>esse</strong></span> <span class='ocrx_word' id='word_1_622' title='bbox 872 4931 1062 4997; x_wconf 87' lang='lat' dir='ltr'><strong>Deum,</strong></span> <span class='ocrx_word' id='word_1_623' title='bbox 1093 4939 1147 4986; x_wconf 90' lang='lat' dir='ltr'><strong>et</strong></span> <span class='ocrx_word' id='word_1_624' title='bbox 1180 4946 1245 4986; x_wconf 82' lang='lat' dir='ltr'><strong>ex</strong></span> <span class='ocrx_word' id='word_1_625' title='bbox 1298 4929 1408 4984; x_wconf 91' lang='lat' dir='ltr'><strong>Deo</strong></span> <span class='ocrx_word' id='word_1_626' title='bbox 1437 4928 1596 4984; x_wconf 87' lang='lat' dir='ltr'><strong>Patre</strong></span> <span class='ocrx_word' id='word_1_627' title='bbox 1628 4928 1870 4998; x_wconf 86' lang='lat' dir='ltr'><strong>genitum</strong></span> <span class='ocrx_word' id='word_1_628' title='bbox 1927 4927 2074 4980; x_wconf 88' lang='lat' dir='ltr'><strong>hunc</strong></span> 
     </span>
    </p>
   </div>
   <div class='ocr_carea' id='block_1_82' title="bbox 497 5018 2070 5095">
    <p class='ocr_par' dir='ltr' id='par_1_82' title="bbox 497 5018 2070 5095">
     <span class='ocr_line' id='line_1_82' title="bbox 497 5018 2070 5095; baseline -0.004 -16"><span class='ocrx_word' id='word_1_629' title='bbox 497 5038 807 5079; x_wconf 89' lang='lat' dir='ltr'><strong>sermonem</strong></span> <span class='ocrx_word' id='word_1_630' title='bbox 840 5023 1135 5095; x_wconf 88' lang='lat' dir='ltr'><strong>quisquam</strong></span> <span class='ocrx_word' id='word_1_631' title='bbox 1170 5039 1297 5080; x_wconf 89' lang='lat' dir='ltr'><strong>esse</strong></span> <span class='ocrx_word' id='word_1_632' title='bbox 1327 5022 1518 5077; x_wconf 84' lang='lat' dir='ltr'><strong>dicet?</strong></span> <span class='ocrx_word' id='word_1_633' title='bbox 1547 5021 1617 5074; x_wconf 86' lang='lat' dir='ltr'><strong>At</strong></span> <span class='ocrx_word' id='word_1_634' title='bbox 1655 5018 1932 5089; x_wconf 91' lang='lat' dir='ltr'><strong>quomodo</strong></span> <span class='ocrx_word' id='word_1_635' title='bbox 1959 5032 2070 5072; x_wconf 92' lang='lat' dir='ltr'><strong>non</strong></span> 
     </span>
    </p>
   </div>
   <div class='ocr_carea' id='block_1_83' title="bbox 497 5111 2073 5189">
    <p class='ocr_par' dir='ltr' id='par_1_83' title="bbox 497 5111 2073 5189">
     <span class='ocr_line' id='line_1_83' title="bbox 497 5111 2073 5189; baseline -0.005 -16"><span class='ocrx_word' id='word_1_636' title='bbox 497 5119 726 5173; x_wconf 88' lang='lat' dir='ltr'><strong>insanus</strong></span> <span class='ocrx_word' id='word_1_637' title='bbox 762 5119 854 5174; x_wconf 86' lang='lat' dir='ltr'><strong>ille</strong></span> <span class='ocrx_word' id='word_1_638' title='bbox 892 5115 1380 5189; x_wconf 85' lang='lat' dir='ltr'><strong>deprehendetur?</strong></span> <span class='ocrx_word' id='word_1_639' title='bbox 1419 5113 1524 5179; x_wconf 90' lang='lat' dir='ltr'><strong>Qui</strong></span> <span class='ocrx_word' id='word_1_640' title='bbox 1561 5114 1712 5167; x_wconf 88' lang='lat' dir='ltr'><strong>circa</strong></span> <span class='ocrx_word' id='word_1_641' title='bbox 1749 5119 1933 5181; x_wconf 89' lang='lat' dir='ltr'><strong>partes</strong></span> <span class='ocrx_word' id='word_1_642' title='bbox 1955 5111 2073 5166; x_wconf 74' lang='lat' dir='ltr'><strong>Cae-</strong></span> 
     </span>
    </p>
   </div>
   <div class='ocr_carea' id='block_1_84' title="bbox 497 5201 2068 5281">
    <p class='ocr_par' dir='ltr' id='par_1_84' title="bbox 497 5201 2068 5281">
     <span class='ocr_line' id='line_1_84' title="bbox 497 5201 2068 5281; baseline -0.005 -16"><span class='ocrx_word' id='word_1_643' title='bbox 497 5225 669 5265; x_wconf 72' lang='lat' dir='ltr'><strong>sareae</strong></span> <span class='ocrx_word' id='word_1_644' title='bbox 705 5209 946 5281; x_wconf 84' lang='lat' dir='ltr'><strong>Philippi</strong></span> <span class='ocrx_word' id='word_1_645' title='bbox 999 5207 1317 5278; x_wconf 86' lang='lat' dir='ltr'><strong>interrogati</strong></span> <span class='ocrx_word' id='word_1_646' title='bbox 1369 5211 1499 5259; x_wconf 91' lang='lat' dir='ltr'><strong>sunt</strong></span> <span class='ocrx_word' id='word_1_647' title='bbox 1543 5204 1614 5258; x_wconf 89' lang='lat' dir='ltr'><strong>ab</strong></span> <span class='ocrx_word' id='word_1_648' title='bbox 1654 5205 1774 5272; x_wconf 91' lang='lat' dir='ltr'><strong>ipso</strong></span> <span class='ocrx_word' id='word_1_649' title='bbox 1809 5201 2068 5257; x_wconf 87' lang='lat' dir='ltr'><strong>Christo:</strong></span> 
     </span>
    </p>
   </div>
   <div class='ocr_carea' id='block_1_85' title="bbox 502 5292 2067 5368">
    <p class='ocr_par' dir='ltr' id='par_1_85' title="bbox 502 5292 2067 5368">
     <span class='ocr_line' id='line_1_85' title="bbox 502 5292 2067 5368; baseline -0.004 -16"><span class='ocrx_word' id='word_1_650' title='bbox 502 5321 521 5352; x_wconf 86' lang='grc'>‹</span> <span class='ocrx_word' id='word_1_651' title='bbox 555 5301 727 5368; x_wconf 87' lang='lat' dir='ltr'><strong>Quem</strong></span> <span class='ocrx_word' id='word_1_652' title='bbox 757 5304 948 5357; x_wconf 90' lang='lat' dir='ltr'><strong>dicunt</strong></span> <span class='ocrx_word' id='word_1_653' title='bbox 992 5303 1245 5356; x_wconf 85' lang='lat' dir='ltr'><strong>homines</strong></span> <span class='ocrx_word' id='word_1_654' title='bbox 1273 5310 1398 5350; x_wconf 88' lang='lat' dir='ltr'><strong>esse</strong></span> <span class='ocrx_word' id='word_1_655' title='bbox 1426 5292 1628 5348; x_wconf 85' lang='lat' dir='ltr'><strong>Filium</strong></span> <span class='ocrx_word' id='word_1_656' title='bbox 1666 5293 1990 5358; x_wconf 79' lang='lat' dir='ltr'><strong>hominis&quot;,</strong></span> <span class='ocrx_word' id='word_1_657' title='bbox 2047 5312 2067 5346; x_wconf 72' lang='grc' dir='ltr'><strong>ι</strong></span> 
     </span>
    </p>
   </div>
   <div class='ocr_carea' id='block_1_86' title="bbox 497 5387 2071 5464">
    <p class='ocr_par' dir='ltr' id='par_1_86' title="bbox 497 5387 2071 5464">
     <span class='ocr_line' id='line_1_86' title="bbox 497 5387 2071 5464; baseline -0.005 -13"><span class='ocrx_word' id='word_1_658' title='bbox 497 5395 746 5464; x_wconf 88' lang='lat' dir='ltr'><strong>nunquid</strong></span> <span class='ocrx_word' id='word_1_659' title='bbox 813 5395 1054 5464; x_wconf 87' lang='lat' dir='ltr'><strong>primum</strong></span> <span class='ocrx_word' id='word_1_660' title='bbox 1123 5389 1345 5459; x_wconf 91' lang='lat' dir='ltr'><strong>quidem</strong></span> <span class='ocrx_word' id='word_1_661' title='bbox 1408 5387 1643 5442; x_wconf 90' lang='lat' dir='ltr'><strong>aliorum</strong></span> <span class='ocrx_word' id='word_1_662' title='bbox 1719 5388 2071 5457; x_wconf 87' lang='lat' dir='ltr'><strong>conjecturas</strong></span> 
     </span>
    </p>
   </div>
   <div class='ocr_carea' id='block_1_87' title="bbox 499 5480 2071 5557">
    <p class='ocr_par' dir='ltr' id='par_1_87' title="bbox 499 5480 2071 5557">
     <span class='ocr_line' id='line_1_87' title="bbox 499 5480 2071 5557; baseline -0.004 -17"><span class='ocrx_word' id='word_1_663' title='bbox 499 5486 871 5557; x_wconf 84' lang='lat' dir='ltr'><strong>proferebant?</strong></span> <span class='ocrx_word' id='word_1_664' title='bbox 920 5485 1026 5539; x_wconf 83' lang='lat' dir='ltr'><strong>Alii</strong></span> <span class='ocrx_word' id='word_1_665' title='bbox 1067 5483 1248 5545; x_wconf 88' lang='lat' dir='ltr'><strong>enim,</strong></span> <span class='ocrx_word' id='word_1_666' title='bbox 1281 5481 1559 5551; x_wconf 88' lang='lat' dir='ltr'><strong>inquiunt,</strong></span> <span class='ocrx_word' id='word_1_667' title='bbox 1600 5480 1773 5534; x_wconf 89' lang='lat' dir='ltr'><strong>Eliam</strong></span> <span class='ocrx_word' id='word_1_668' title='bbox 1821 5494 1944 5534; x_wconf 85' lang='lat' dir='ltr'><strong>esse</strong></span> <span class='ocrx_word' id='word_1_669' title='bbox 1972 5495 2071 5550; x_wconf 90' lang='lat' dir='ltr'><strong>pu-</strong></span> 
     </span>
    </p>
   </div>
   <div class='ocr_carea' id='block_1_88' title="bbox 501 5572 2070 5644">
    <p class='ocr_par' dir='ltr' id='par_1_88' title="bbox 501 5572 2070 5644">
     <span class='ocr_line' id='line_1_88' title="bbox 501 5572 2070 5644; baseline -0.004 -12"><span class='ocrx_word' id='word_1_670' title='bbox 501 5588 640 5642; x_wconf 90' lang='lat' dir='ltr'><strong>tant,</strong></span> <span class='ocrx_word' id='word_1_671' title='bbox 666 5579 755 5631; x_wconf 89' lang='lat' dir='ltr'><strong>alii</strong></span> <span class='ocrx_word' id='word_1_672' title='bbox 782 5577 1094 5638; x_wconf 83' lang='lat' dir='ltr'><strong>Jcrcmiam,</strong></span> <span class='ocrx_word' id='word_1_673' title='bbox 1128 5583 1221 5629; x_wconf 89' lang='lat' dir='ltr'><strong>aut</strong></span> <span class='ocrx_word' id='word_1_674' title='bbox 1249 5589 1419 5628; x_wconf 92' lang='lat' dir='ltr'><strong>unum</strong></span> <span class='ocrx_word' id='word_1_675' title='bbox 1455 5589 1523 5628; x_wconf 79' lang='lat' dir='ltr'><strong>ex</strong></span> <span class='ocrx_word' id='word_1_676' title='bbox 1555 5572 1861 5644; x_wconf 89' lang='lat' dir='ltr'><strong>prophetis.</strong></span> <span class='ocrx_word' id='word_1_677' title='bbox 1895 5572 2070 5639; x_wconf 90' lang='lat' dir='ltr'><strong>Quem</strong></span> 
     </span>
    </p>
   </div>
   <div class='ocr_carea' id='block_1_89' title="bbox 2187 3279 3771 3354">
    <p class='ocr_par' dir='ltr' id='par_1_89' title="bbox 2187 3279 3771 3354">
     <span class='ocr_line' id='line_1_89' title="bbox 2187 3279 3771 3354; baseline 0.001 -19"><span class='ocrx_word' id='word_1_678' title='bbox 2187 3281 2269 3344; x_wconf 74' lang='grc' dir='ltr'>τὸ,</span> <span class='ocrx_word' id='word_1_679' title='bbox 2315 3299 2334 3332; x_wconf 74' lang='grc' dir='ltr'><strong>ι</strong></span> <span class='ocrx_word' id='word_1_680' title='bbox 2372 3281 2739 3351; x_wconf 81' lang='grc' dir='ltr'>Πορευθέντες</span> <span class='ocrx_word' id='word_1_681' title='bbox 2792 3279 3173 3352; x_wconf 80' lang='grc' dir='ltr'>μαθητεύσατε</span> <span class='ocrx_word' id='word_1_682' title='bbox 3230 3281 3406 3335; x_wconf 86' lang='grc' dir='ltr'>πάντα</span> <span class='ocrx_word' id='word_1_683' title='bbox 3439 3281 3506 3334; x_wconf 77' lang='grc' dir='ltr'>τὰ</span> <span class='ocrx_word' id='word_1_684' title='bbox 3557 3282 3711 3354; x_wconf 78' lang='grc' dir='ltr'>ἔθνη,</span> <span class='ocrx_word' id='word_1_685' title='bbox 3753 3305 3771 3336; x_wconf 73' lang='grc' dir='ltr'><strong>ι</strong></span> 
     </span>
    </p>
   </div>
   <div class='ocr_carea' id='block_1_90' title="bbox 2183 3366 3778 3447">
    <p class='ocr_par' dir='ltr' id='par_1_90' title="bbox 2183 3366 3778 3447">
     <span class='ocr_line' id='line_1_90' title="bbox 2183 3366 3778 3447; baseline 0.001 -21"><span class='ocrx_word' id='word_1_686' title='bbox 2183 3373 2273 3426; x_wconf 74' lang='grc' dir='ltr'>διὰ</span> <span class='ocrx_word' id='word_1_687' title='bbox 2300 3374 2528 3442; x_wconf 88' lang='grc' dir='ltr'>ταύτην,</span> <span class='ocrx_word' id='word_1_688' title='bbox 2550 3372 2626 3436; x_wconf 85' lang='grc' dir='ltr'>ὼς</span> <span class='ocrx_word' id='word_1_689' title='bbox 2669 3366 2902 3443; x_wconf 77' lang='grc' dir='ltr'>ἐγῷμαι,</span> <span class='ocrx_word' id='word_1_690' title='bbox 2934 3370 3170 3443; x_wconf 87' lang='grc' dir='ltr'>μάλιστα</span> <span class='ocrx_word' id='word_1_691' title='bbox 3194 3372 3291 3443; x_wconf 81' lang='grc' dir='ltr'><strong>τὴν</strong></span> <span class='ocrx_word' id='word_1_692' title='bbox 3323 3372 3500 3426; x_wconf 81' lang='grc' dir='ltr'>αἰτίαν</span> <span class='ocrx_word' id='word_1_693' title='bbox 3528 3391 3778 3447; x_wconf 83' lang='grc' dir='ltr'>προαπο-</span> 
     </span>
    </p>
   </div>
   <div class='ocr_carea' id='block_1_91' title="bbox 2183 3461 3777 3536">
    <p class='ocr_par' dir='ltr' id='par_1_91' title="bbox 2183 3461 3777 3536">
     <span class='ocr_line' id='line_1_91' title="bbox 2183 3461 3777 3536; baseline 0.001 -19"><span class='ocrx_word' id='word_1_694' title='bbox 2183 3464 2363 3528; x_wconf 86' lang='grc' dir='ltr'>δείξας</span> <span class='ocrx_word' id='word_1_695' title='bbox 2417 3464 2726 3536; x_wconf 86' lang='grc' dir='ltr'>χρησίμως,</span> <span class='ocrx_word' id='word_1_696' title='bbox 2781 3464 2876 3516; x_wconf 74' lang='grc' dir='ltr'>καὶ</span> <span class='ocrx_word' id='word_1_697' title='bbox 2925 3462 3103 3518; x_wconf 85' lang='grc' dir='ltr'>κοινὸν</span> <span class='ocrx_word' id='word_1_698' title='bbox 3160 3461 3350 3533; x_wconf 84' lang='grc' dir='ltr'>ὥσπερ</span> <span class='ocrx_word' id='word_1_699' title='bbox 3394 3464 3473 3526; x_wconf 78' lang='grc' dir='ltr'><strong>εἰς</strong></span> <span class='ocrx_word' id='word_1_700' title='bbox 3529 3463 3777 3530; x_wconf 76' lang='grc' dir='ltr'>ἅπαντας</span> 
     </span>
    </p>
   </div>
   <div class='ocr_carea' id='block_1_92' title="bbox 2185 3555 3770 3628">
    <p class='ocr_par' dir='ltr' id='par_1_92' title="bbox 2185 3555 3770 3628">
     <span class='ocr_line' id='line_1_92' title="bbox 2185 3555 3770 3628; baseline 0.001 -18"><span class='ocrx_word' id='word_1_701' title='bbox 2185 3558 2552 3628; x_wconf 87' lang='grc' dir='ltr'>ποιησάμενος</span> <span class='ocrx_word' id='word_1_702' title='bbox 2582 3557 2759 3625; x_wconf 85' lang='grc' dir='ltr'>λόγον,</span> <span class='ocrx_word' id='word_1_703' title='bbox 2799 3557 2874 3620; x_wconf 87' lang='grc' dir='ltr'>ὡς</span> <span class='ocrx_word' id='word_1_704' title='bbox 2907 3557 3056 3618; x_wconf 87' lang='grc' dir='ltr'>εῖτις</span> <span class='ocrx_word' id='word_1_705' title='bbox 3083 3557 3248 3626; x_wconf 83' lang='grc' dir='ltr'>εἰδείη</span> <span class='ocrx_word' id='word_1_706' title='bbox 3268 3555 3358 3609; x_wconf 84' lang='grc' dir='ltr'><strong>τὸν</strong></span> <span class='ocrx_word' id='word_1_707' title='bbox 3390 3557 3535 3624; x_wconf 86' lang='grc' dir='ltr'>Υἰὸν,</span> <span class='ocrx_word' id='word_1_708' title='bbox 3567 3557 3770 3611; x_wconf 82' lang='grc' dir='ltr'>εἴσεται</span> 
     </span>
    </p>
   </div>
   <div class='ocr_carea' id='block_1_93' title="bbox 2181 3644 3776 3722">
    <p class='ocr_par' dir='ltr' id='par_1_93' title="bbox 2181 3644 3776 3722">
     <span class='ocr_line' id='line_1_93' title="bbox 2181 3644 3776 3722; baseline 0.002 -20"><span class='ocrx_word' id='word_1_709' title='bbox 2181 3649 2352 3721; x_wconf 83' lang='grc' dir='ltr'>δήπου</span> <span class='ocrx_word' id='word_1_710' title='bbox 2383 3651 2606 3714; x_wconf 85' lang='grc' dir='ltr'>πάντως</span> <span class='ocrx_word' id='word_1_711' title='bbox 2665 3650 2760 3702; x_wconf 76' lang='grc' dir='ltr'>καὶ</span> <span class='ocrx_word' id='word_1_712' title='bbox 2799 3650 2889 3703; x_wconf 77' lang='grc' dir='ltr'><strong>τὸν</strong></span> <span class='ocrx_word' id='word_1_713' title='bbox 2936 3649 2996 3714; x_wconf 79' lang='grc' dir='ltr'>ἐξ</span> <span class='ocrx_word' id='word_1_714' title='bbox 3039 3644 3211 3722; x_wconf 76' lang='grc' dir='ltr'>οὗπερ</span> <span class='ocrx_word' id='word_1_715' title='bbox 3261 3649 3379 3702; x_wconf 77' lang='grc' dir='ltr'>ἐστὶ</span> <span class='ocrx_word' id='word_1_716' title='bbox 3427 3651 3650 3722; x_wconf 85' lang='grc' dir='ltr'>Πατέρα</span> <span class='ocrx_word' id='word_1_717' title='bbox 3682 3653 3776 3705; x_wconf 75' lang='grc' dir='ltr'><strong>καὶ</strong></span> 
     </span>
    </p>
   </div>
   <div class='ocr_carea' id='block_1_94' title="bbox 2181 3743 3775 3816">
    <p class='ocr_par' dir='ltr' id='par_1_94' title="bbox 2181 3743 3775 3816">
     <span class='ocr_line' id='line_1_94' title="bbox 2181 3743 3775 3816; baseline 0 -18"><span class='ocrx_word' id='word_1_718' title='bbox 2181 3744 2335 3810; x_wconf 84' lang='grc' dir='ltr'>Θεὸν,</span> <span class='ocrx_word' id='word_1_719' title='bbox 2367 3745 2735 3816; x_wconf 79' lang='grc' dir='ltr'>ἐπιμαρτυρεῖ</span> <span class='ocrx_word' id='word_1_720' title='bbox 2795 3743 3082 3814; x_wconf 85' lang='grc' dir='ltr'>χρησίμως</span> <span class='ocrx_word' id='word_1_721' title='bbox 3113 3745 3223 3807; x_wconf 85' lang='grc' dir='ltr'>τοῖς</span> <span class='ocrx_word' id='word_1_722' title='bbox 3268 3743 3465 3798; x_wconf 84' lang='grc' dir='ltr'>ἑαυτοῦ</span> <span class='ocrx_word' id='word_1_723' title='bbox 3500 3744 3775 3814; x_wconf 86' lang='grc' dir='ltr'>μαθηταῖς</span> 
     </span>
    </p>
   </div>
   <div class='ocr_carea' id='block_1_95' title="bbox 2181 3831 3774 3907">
    <p class='ocr_par' dir='ltr' id='par_1_95' title="bbox 2181 3831 3774 3907">
     <span class='ocr_line' id='line_1_95' title="bbox 2181 3831 3774 3907; baseline -0.002 -19"><span class='ocrx_word' id='word_1_724' title='bbox 2181 3835 2280 3907; x_wconf 84' lang='grc' dir='ltr'>τὴν</span> <span class='ocrx_word' id='word_1_725' title='bbox 2301 3835 2599 3902; x_wconf 84' lang='grc' dir='ltr'>ἐπίγνωσιν</span> <span class='ocrx_word' id='word_1_726' title='bbox 2623 3833 2685 3884; x_wconf 85' lang='grc' dir='ltr'><strong>ού</strong></span> <span class='ocrx_word' id='word_1_727' title='bbox 2713 3831 3124 3902; x_wconf 85' lang='grc' dir='ltr'>κεχαρισμένως</span> <span class='ocrx_word' id='word_1_728' title='bbox 3149 3849 3161 3863; x_wconf 88' lang='grc'>·</span> <span class='ocrx_word' id='word_1_729' title='bbox 3188 3833 3248 3884; x_wconf 88' lang='grc' dir='ltr'><strong>ού</strong></span> <span class='ocrx_word' id='word_1_730' title='bbox 3281 3832 3388 3904; x_wconf 79' lang='grc' dir='ltr'><strong>γάρ</strong></span> <span class='ocrx_word' id='word_1_731' title='bbox 3420 3831 3487 3885; x_wconf 85' lang='grc' dir='ltr'><strong>ἂν</strong></span> <span class='ocrx_word' id='word_1_732' title='bbox 3511 3831 3774 3901; x_wconf 77' lang='grc' dir='ltr'>φθέγξαιο</span> 
     </span>
    </p>
   </div>
   <div class='ocr_carea' id='block_1_96' title="bbox 2181 3921 3771 3994">
    <p class='ocr_par' dir='ltr' id='par_1_96' title="bbox 2181 3921 3771 3994">
     <span class='ocr_line' id='line_1_96' title="bbox 2181 3921 3771 3994; baseline 0.001 -15"><span class='ocrx_word' id='word_1_733' title='bbox 2181 3926 2243 3979; x_wconf 88' lang='grc' dir='ltr'><strong>τό</strong></span> <span class='ocrx_word' id='word_1_734' title='bbox 2283 3943 2338 3979; x_wconf 91' lang='grc' dir='ltr'><strong>τι</strong></span> <span class='ocrx_word' id='word_1_735' title='bbox 2390 3924 2498 3978; x_wconf 84' lang='grc' dir='ltr'>τῶν</span> <span class='ocrx_word' id='word_1_736' title='bbox 2537 3923 2637 3976; x_wconf 87' lang='grc' dir='ltr'><strong>οὐκ</strong></span> <span class='ocrx_word' id='word_1_737' title='bbox 2680 3922 2932 3994; x_wconf 74' lang='grc' dir='ltr'>ἀληθῶν·</span> <span class='ocrx_word' id='word_1_738' title='bbox 2979 3921 3096 3976; x_wconf 84' lang='grc' dir='ltr'>ἀλλ’</span> <span class='ocrx_word' id='word_1_739' title='bbox 3143 3923 3311 3988; x_wconf 75' lang='grc' dir='ltr'>ὅντως</span> <span class='ocrx_word' id='word_1_740' title='bbox 3355 3924 3522 3978; x_wconf 81' lang='grc' dir='ltr'>εἰδόσι</span> <span class='ocrx_word' id='word_1_741' title='bbox 3567 3942 3628 3978; x_wconf 90' lang='grc' dir='ltr'><strong>τε</strong></span> <span class='ocrx_word' id='word_1_742' title='bbox 3676 3927 3771 3980; x_wconf 81' lang='grc' dir='ltr'><strong>καὶ</strong></span> 
     </span>
    </p>
   </div>
   <div class='ocr_carea' id='block_1_97' title="bbox 2181 4012 3765 4086">
    <p class='ocr_par' dir='ltr' id='par_1_97' title="bbox 2181 4012 3765 4086">
     <span class='ocr_line' id='line_1_97' title="bbox 2181 4012 3765 4086; baseline -0.001 -16"><span class='ocrx_word' id='word_1_743' title='bbox 2181 4015 2570 4086; x_wconf 82' lang='grc' dir='ltr'>ὲπεγνωκόσιν.</span> <span class='ocrx_word' id='word_1_744' title='bbox 2604 4014 2726 4068; x_wconf 88' lang='grc' dir='ltr'>Ὅτι</span> <span class='ocrx_word' id='word_1_745' title='bbox 2769 4013 2880 4085; x_wconf 85' lang='grc' dir='ltr'><strong>γάρ</strong></span> <span class='ocrx_word' id='word_1_746' title='bbox 2910 4013 3040 4067; x_wconf 83' lang='grc' dir='ltr'>Υίὸν</span> <span class='ocrx_word' id='word_1_747' title='bbox 3083 4014 3299 4086; x_wconf 84' lang='grc' dir='ltr'>ἀληθῶς</span> <span class='ocrx_word' id='word_1_748' title='bbox 3347 4012 3486 4070; x_wconf 70' lang='grc' dir='ltr'>εἶναι</span> <span class='ocrx_word' id='word_1_749' title='bbox 3511 4015 3608 4068; x_wconf 88' lang='grc' dir='ltr'><strong>τοῦ</strong></span> <span class='ocrx_word' id='word_1_750' title='bbox 3631 4016 3765 4069; x_wconf 88' lang='grc' dir='ltr'>Θεοῦ</span> 
     </span>
    </p>
   </div>
   <div class='ocr_carea' id='block_1_98' title="bbox 2178 4107 3764 4181">
    <p class='ocr_par' dir='ltr' id='par_1_98' title="bbox 2178 4107 3764 4181">
     <span class='ocr_line' id='line_1_98' title="bbox 2178 4107 3764 4181; baseline -0.001 -19"><span class='ocrx_word' id='word_1_751' title='bbox 2178 4110 2271 4163; x_wconf 86' lang='grc' dir='ltr'><strong>τὸν</strong></span> <span class='ocrx_word' id='word_1_752' title='bbox 2327 4108 2554 4181; x_wconf 84' lang='grc' dir='ltr'>Κύριον,</span> <span class='ocrx_word' id='word_1_753' title='bbox 2609 4107 2706 4162; x_wconf 75' lang='grc' dir='ltr'><strong>καὶ</strong></span> <span class='ocrx_word' id='word_1_754' title='bbox 2761 4107 3244 4174; x_wconf 87' lang='grc' dir='ltr'>πεπιστεύκεισαν,</span> <span class='ocrx_word' id='word_1_755' title='bbox 3301 4108 3601 4179; x_wconf 78' lang='grc' dir='ltr'>οὐδαμόθεν</span> <span class='ocrx_word' id='word_1_756' title='bbox 3647 4110 3764 4162; x_wconf 76' lang='grc' dir='ltr'>ἐστὶ</span> 
     </span>
    </p>
   </div>
   <div class='ocr_carea' id='block_1_99' title="bbox 2177 4197 3764 4282">
    <p class='ocr_par' dir='ltr' id='par_1_99' title="bbox 2177 4197 3764 4282">
     <span class='ocr_line' id='line_1_99' title="bbox 2177 4197 3764 4282; baseline -0.001 -27"><span class='ocrx_word' id='word_1_757' title='bbox 2177 4203 2290 4265; x_wconf 87' lang='grc' dir='ltr'>τοῖς</span> <span class='ocrx_word' id='word_1_758' title='bbox 2325 4197 2384 4255; x_wconf 78' lang='grc' dir='ltr'><strong>εὖ</strong></span> <span class='ocrx_word' id='word_1_759' title='bbox 2421 4199 2710 4272; x_wconf 81' lang='grc' dir='ltr'>φρονοῦσιν</span> <span class='ocrx_word' id='word_1_760' title='bbox 2745 4200 3067 4271; x_wconf 78' lang='grc' dir='ltr'>ἀμφίϐολον.</span> <span class='ocrx_word' id='word_1_761' title='bbox 3116 4201 3269 4253; x_wconf 76' lang='grc' dir='ltr'>Ἐπεὶ</span> <span class='ocrx_word' id='word_1_762' title='bbox 3307 4202 3448 4254; x_wconf 83' lang='grc' dir='ltr'>κατὰ</span> <span class='ocrx_word' id='word_1_763' title='bbox 3483 4201 3608 4282; x_wconf 68' lang='grc' dir='ltr'>τίνα</span> <span class='ocrx_word' id='word_1_764' title='bbox 3643 4203 3764 4273; x_wconf 88' lang='grc' dir='ltr'>τρό-</span> 
     </span>
    </p>
   </div>
   <div class='ocr_carea' id='block_1_100' title="bbox 2178 4292 3760 4366">
    <p class='ocr_par' dir='ltr' id='par_1_100' title="bbox 2178 4292 3760 4366">
     <span class='ocr_line' id='line_1_100' title="bbox 2178 4292 3760 4366; baseline 0.001 -20"><span class='ocrx_word' id='word_1_765' title='bbox 2178 4311 2280 4349; x_wconf 85' lang='grc' dir='ltr'><strong>πον</strong></span> <span class='ocrx_word' id='word_1_766' title='bbox 2302 4293 2596 4366; x_wconf 85' lang='grc' dir='ltr'>Ναθαναὴλ</span> <span class='ocrx_word' id='word_1_767' title='bbox 2632 4293 2660 4345; x_wconf 88' lang='grc' dir='ltr'><strong>ό</strong></span> <span class='ocrx_word' id='word_1_768' title='bbox 2706 4292 3047 4362; x_wconf 85' lang='grc' dir='ltr'>Ἰσραηλίτης</span> <span class='ocrx_word' id='word_1_769' title='bbox 3079 4292 3323 4357; x_wconf 83' lang='grc' dir='ltr'>ἀκούσας</span> <span class='ocrx_word' id='word_1_770' title='bbox 3345 4309 3358 4322; x_wconf 76' lang='grc' dir='ltr'><strong>ο</strong></span> <span class='ocrx_word' id='word_1_771' title='bbox 3392 4310 3411 4342; x_wconf 71' lang='grc' dir='ltr'>ί</span> <span class='ocrx_word' id='word_1_772' title='bbox 3447 4293 3561 4362; x_wconf 82' lang='grc' dir='ltr'><strong>Πρὸ</strong></span> <span class='ocrx_word' id='word_1_773' title='bbox 3580 4293 3676 4347; x_wconf 87' lang='grc' dir='ltr'><strong>τοῦ</strong></span> <span class='ocrx_word' id='word_1_774' title='bbox 3702 4310 3760 4347; x_wconf 86' lang='grc' dir='ltr'><strong>σε</strong></span> 
     </span>
    </p>
   </div>
   <div class='ocr_carea' id='block_1_101' title="bbox 2176 4379 3754 4456">
    <p class='ocr_par' dir='ltr' id='par_1_101' title="bbox 2176 4379 3754 4456">
     <span class='ocr_line' id='line_1_101' title="bbox 2176 4379 3754 4456; baseline -0.002 -16"><span class='ocrx_word' id='word_1_775' title='bbox 2176 4387 2448 4440; x_wconf 83' lang='grc' dir='ltr'>Φίλιππον</span> <span class='ocrx_word' id='word_1_776' title='bbox 2470 4385 2721 4448; x_wconf 85' lang='grc' dir='ltr'>καλέσαι,</span> <span class='ocrx_word' id='word_1_777' title='bbox 2781 4383 2911 4436; x_wconf 77' lang='grc' dir='ltr'>ὅντα</span> <span class='ocrx_word' id='word_1_778' title='bbox 2951 4382 3057 4435; x_wconf 84' lang='grc' dir='ltr'><strong>ὑπὸ</strong></span> <span class='ocrx_word' id='word_1_779' title='bbox 3086 4383 3186 4456; x_wconf 75' lang='grc' dir='ltr'>τὴν</span> <span class='ocrx_word' id='word_1_780' title='bbox 3230 4387 3402 4456; x_wconf 82' lang='grc' dir='ltr'>συκῆν</span> <span class='ocrx_word' id='word_1_781' title='bbox 3446 4379 3586 4437; x_wconf 80' lang='grc' dir='ltr'>εἶδόν</span> <span class='ocrx_word' id='word_1_782' title='bbox 3619 4402 3700 4451; x_wconf 90' lang='grc' dir='ltr'><strong>σε,</strong></span> <span class='ocrx_word' id='word_1_783' title='bbox 3736 4403 3754 4436; x_wconf 71' lang='grc' dir='ltr'><strong>ι</strong></span> 
     </span>
    </p>
   </div>
   <div class='ocr_carea' id='block_1_102' title="bbox 2179 4475 3760 4548">
    <p class='ocr_par' dir='ltr' id='par_1_102' title="bbox 2179 4475 3760 4548">
     <span class='ocr_line' id='line_1_102' title="bbox 2179 4475 3760 4548; baseline 0 -18"><span class='ocrx_word' id='word_1_784' title='bbox 2179 4479 2524 4548; x_wconf 87' lang='grc' dir='ltr'>παραχρῆμα</span> <span class='ocrx_word' id='word_1_785' title='bbox 2552 4477 2652 4546; x_wconf 81' lang='grc' dir='ltr'><strong>τῆς</strong></span> <span class='ocrx_word' id='word_1_786' title='bbox 2676 4475 2912 4538; x_wconf 88' lang='grc' dir='ltr'>πίστεως</span> <span class='ocrx_word' id='word_1_787' title='bbox 2953 4475 3054 4545; x_wconf 80' lang='grc' dir='ltr'><strong>τὴν</strong></span> <span class='ocrx_word' id='word_1_788' title='bbox 3095 4475 3388 4544; x_wconf 87' lang='grc' dir='ltr'>ὁμολογίαν</span> <span class='ocrx_word' id='word_1_789' title='bbox 3416 4477 3760 4546; x_wconf 86' lang='grc' dir='ltr'>εἰσκεκόμικε</span> 
     </span>
    </p>
   </div>
   <div class='ocr_carea' id='block_1_103' title="bbox 2109 4551 3762 4638">
    <p class='ocr_par' dir='ltr' id='par_1_103' title="bbox 2109 4551 3762 4638">
     <span class='ocr_line' id='line_1_103' title="bbox 2109 4551 3762 4638; baseline -0.002 -15"><span class='ocrx_word' id='word_1_790' title='bbox 2109 4551 2152 4606; x_wconf 86' lang='lat' dir='ltr'><strong>D</strong></span> <span class='ocrx_word' id='word_1_791' title='bbox 2178 4570 2385 4638; x_wconf 87' lang='grc' dir='ltr'>λέγων·</span> <span class='ocrx_word' id='word_1_792' title='bbox 2429 4587 2446 4619; x_wconf 78' lang='grc' dir='ltr'><strong>ι</strong></span> <span class='ocrx_word' id='word_1_793' title='bbox 2496 4566 2709 4629; x_wconf 78' lang='grc' dir='ltr'><strong>Ῥαϐὁὶ,</strong></span> <span class='ocrx_word' id='word_1_794' title='bbox 2741 4567 2806 4619; x_wconf 83' lang='grc' dir='ltr'><strong>σὺ</strong></span> <span class='ocrx_word' id='word_1_795' title='bbox 2832 4561 2884 4619; x_wconf 79' lang='grc' dir='ltr'>εἶ</span> <span class='ocrx_word' id='word_1_796' title='bbox 2905 4569 2933 4620; x_wconf 89' lang='grc' dir='ltr'>ὁ</span> <span class='ocrx_word' id='word_1_797' title='bbox 2970 4567 3097 4630; x_wconf 77' lang='grc' dir='ltr'>Υἱὸς</span> <span class='ocrx_word' id='word_1_798' title='bbox 3121 4567 3216 4620; x_wconf 86' lang='grc' dir='ltr'><strong>τοῦ</strong></span> <span class='ocrx_word' id='word_1_799' title='bbox 3248 4567 3406 4631; x_wconf 85' lang='grc' dir='ltr'>Θεοῦ,</span> <span class='ocrx_word' id='word_1_800' title='bbox 3442 4569 3504 4621; x_wconf 83' lang='grc' dir='ltr'><strong>σὺ</strong></span> <span class='ocrx_word' id='word_1_801' title='bbox 3533 4564 3584 4620; x_wconf 85' lang='grc' dir='ltr'>εἷ</span> <span class='ocrx_word' id='word_1_802' title='bbox 3609 4570 3637 4620; x_wconf 72' lang='grc' dir='ltr'>δ</span> <span class='ocrx_word' id='word_1_803' title='bbox 3668 4567 3762 4638; x_wconf 83' lang='grc' dir='ltr'><strong>βα-</strong></span> 
     </span>
    </p>
   </div>
   <div class='ocr_carea' id='block_1_104' title="bbox 2183 4655 3763 4730">
    <p class='ocr_par' dir='ltr' id='par_1_104' title="bbox 2183 4655 3763 4730">
     <span class='ocr_line' id='line_1_104' title="bbox 2183 4655 3763 4730; baseline 0.001 -19"><span class='ocrx_word' id='word_1_804' title='bbox 2183 4658 2362 4721; x_wconf 84' lang='grc' dir='ltr'>σιλεὺς</span> <span class='ocrx_word' id='word_1_805' title='bbox 2413 4655 2506 4710; x_wconf 92' lang='grc' dir='ltr'><strong>τοῦ</strong></span> <span class='ocrx_word' id='word_1_806' title='bbox 2567 4656 2805 4728; x_wconf 84' lang='grc' dir='ltr'>Ἰσραήλ.</span> <span class='ocrx_word' id='word_1_807' title='bbox 2851 4675 2869 4708; x_wconf 71' lang='grc' dir='ltr'><strong>ι</strong></span> <span class='ocrx_word' id='word_1_808' title='bbox 2908 4657 3016 4710; x_wconf 74' lang='grc' dir='ltr'><strong>Καὶ</strong></span> <span class='ocrx_word' id='word_1_809' title='bbox 3062 4659 3169 4728; x_wconf 82' lang='grc' dir='ltr'>μὴν</span> <span class='ocrx_word' id='word_1_810' title='bbox 3235 4658 3330 4711; x_wconf 76' lang='grc' dir='ltr'>καὶ</span> <span class='ocrx_word' id='word_1_811' title='bbox 3373 4658 3647 4730; x_wconf 83' lang='grc' dir='ltr'>θαλάσσης</span> <span class='ocrx_word' id='word_1_812' title='bbox 3701 4676 3763 4712; x_wconf 90' lang='grc' dir='ltr'><strong>τε</strong></span> 
     </span>
    </p>
   </div>
   <div class='ocr_carea' id='block_1_105' title="bbox 2181 4748 3763 4822">
    <p class='ocr_par' dir='ltr' id='par_1_105' title="bbox 2181 4748 3763 4822">
     <span class='ocr_line' id='line_1_105' title="bbox 2181 4748 3763 4822; baseline 0.001 -19"><span class='ocrx_word' id='word_1_813' title='bbox 2181 4749 2496 4821; x_wconf 79' lang='grc' dir='ltr'>παραδόξως</span> <span class='ocrx_word' id='word_1_814' title='bbox 2554 4749 2647 4802; x_wconf 73' lang='grc' dir='ltr'>καὶ</span> <span class='ocrx_word' id='word_1_815' title='bbox 2671 4748 2955 4820; x_wconf 85' lang='grc' dir='ltr'>ἀσυνήθως</span> <span class='ocrx_word' id='word_1_816' title='bbox 3001 4749 3478 4822; x_wconf 87' lang='grc' dir='ltr'>κατηυνασμένης,</span> <span class='ocrx_word' id='word_1_817' title='bbox 3510 4751 3626 4814; x_wconf 84' lang='grc' dir='ltr'>πῶς</span> <span class='ocrx_word' id='word_1_818' title='bbox 3663 4751 3763 4806; x_wconf 85' lang='grc' dir='ltr'>αύ-</span> 
     </span>
    </p>
   </div>
   <div class='ocr_carea' id='block_1_106' title="bbox 2178 4838 3763 4912">
    <p class='ocr_par' dir='ltr' id='par_1_106' title="bbox 2178 4838 3763 4912">
     <span class='ocr_line' id='line_1_106' title="bbox 2178 4838 3763 4912; baseline 0 -18"><span class='ocrx_word' id='word_1_819' title='bbox 2178 4841 2269 4894; x_wconf 84' lang='grc' dir='ltr'><strong>τὸν</strong></span> <span class='ocrx_word' id='word_1_820' title='bbox 2297 4838 2668 4910; x_wconf 89' lang='grc' dir='ltr'>προσεκύνουν</span> <span class='ocrx_word' id='word_1_821' title='bbox 2705 4840 2753 4892; x_wconf 93' lang='grc' dir='ltr'>οἱ</span> <span class='ocrx_word' id='word_1_822' title='bbox 2785 4840 2843 4892; x_wconf 81' lang='grc' dir='ltr'>ὲν</span> <span class='ocrx_word' id='word_1_823' title='bbox 2872 4839 2951 4912; x_wconf 85' lang='grc' dir='ltr'>τῷ</span> <span class='ocrx_word' id='word_1_824' title='bbox 2981 4841 3179 4910; x_wconf 86' lang='grc' dir='ltr'>σκάφει</span> <span class='ocrx_word' id='word_1_825' title='bbox 3211 4841 3461 4908; x_wconf 89' lang='grc' dir='ltr'>λέγοντες</span> <span class='ocrx_word' id='word_1_826' title='bbox 3482 4856 3495 4869; x_wconf 93' lang='grc'>·</span> <span class='ocrx_word' id='word_1_827' title='bbox 3531 4859 3549 4892; x_wconf 75' lang='grc' dir='ltr'><strong>ι</strong></span> <span class='ocrx_word' id='word_1_828' title='bbox 3604 4841 3763 4912; x_wconf 77' lang='grc' dir='ltr'>’Δληο</span> 
     </span>
    </p>
   </div>
   <div class='ocr_carea' id='block_1_107' title="bbox 2181 4925 3766 5004">
    <p class='ocr_par' dir='ltr' id='par_1_107' title="bbox 2181 4925 3766 5004">
     <span class='ocr_line' id='line_1_107' title="bbox 2181 4925 3766 5004; baseline 0.002 -20"><span class='ocrx_word' id='word_1_829' title='bbox 2181 4931 2289 4995; x_wconf 84' lang='grc' dir='ltr'><strong>θῶς</strong></span> <span class='ocrx_word' id='word_1_830' title='bbox 2318 4931 2454 4984; x_wconf 88' lang='grc' dir='ltr'>Θεοῦ</span> <span class='ocrx_word' id='word_1_831' title='bbox 2516 4931 2640 4994; x_wconf 80' lang='grc' dir='ltr'>Υίὺς</span> <span class='ocrx_word' id='word_1_832' title='bbox 2661 4925 2730 4985; x_wconf 80' lang='grc' dir='ltr'>ε’ί.</span> <span class='ocrx_word' id='word_1_833' title='bbox 2762 4950 2780 4982; x_wconf 83' lang='grc'><strong>›</strong></span> <span class='ocrx_word' id='word_1_834' title='bbox 2806 4927 2932 5004; x_wconf 64' lang='grc' dir='ltr'><strong>Ἆρ’</strong></span> <span class='ocrx_word' id='word_1_835' title='bbox 2989 4928 3102 4997; x_wconf 82' lang='grc' dir='ltr'>οὖν,</span> <span class='ocrx_word' id='word_1_836' title='bbox 3135 4934 3234 4986; x_wconf 82' lang='grc' dir='ltr'><strong>οὐκ</strong></span> <span class='ocrx_word' id='word_1_837' title='bbox 3288 4932 3507 4986; x_wconf 86' lang='grc' dir='ltr'>εἰδότων</span> <span class='ocrx_word' id='word_1_838' title='bbox 3569 4933 3766 5004; x_wconf 83' lang='grc' dir='ltr'>ὅτιπερ</span> 
     </span>
    </p>
   </div>
   <div class='ocr_carea' id='block_1_108' title="bbox 2182 5023 3767 5096">
    <p class='ocr_par' dir='ltr' id='par_1_108' title="bbox 2182 5023 3767 5096">
     <span class='ocr_line' id='line_1_108' title="bbox 2182 5023 3767 5096; baseline 0.001 -19"><span class='ocrx_word' id='word_1_839' title='bbox 2182 5023 2420 5095; x_wconf 86' lang='grc' dir='ltr'>ὑπάρχοι</span> <span class='ocrx_word' id='word_1_840' title='bbox 2451 5023 2604 5087; x_wconf 83' lang='grc' dir='ltr'>Θεὸς,</span> <span class='ocrx_word' id='word_1_841' title='bbox 2633 5024 2726 5077; x_wconf 80' lang='grc' dir='ltr'><strong>καὶ</strong></span> <span class='ocrx_word' id='word_1_842' title='bbox 2774 5027 2834 5077; x_wconf 83' lang='grc' dir='ltr'>ἐκ</span> <span class='ocrx_word' id='word_1_843' title='bbox 2878 5025 3012 5078; x_wconf 83' lang='grc' dir='ltr'>Θεοῦ</span> <span class='ocrx_word' id='word_1_844' title='bbox 3045 5025 3368 5095; x_wconf 87' lang='grc' dir='ltr'>γεγέννηται</span> <span class='ocrx_word' id='word_1_845' title='bbox 3389 5025 3623 5096; x_wconf 82' lang='grc' dir='ltr'>Πατρὸς,</span> <span class='ocrx_word' id='word_1_846' title='bbox 3651 5027 3767 5096; x_wconf 81' lang='grc' dir='ltr'>ἐρεῖ</span> 
     </span>
    </p>
   </div>
   <div class='ocr_carea' id='block_1_109' title="bbox 2179 5110 3764 5187">
    <p class='ocr_par' dir='ltr' id='par_1_109' title="bbox 2179 5110 3764 5187">
     <span class='ocr_line' id='line_1_109' title="bbox 2179 5110 3764 5187; baseline 0 -19"><span class='ocrx_word' id='word_1_847' title='bbox 2179 5132 2262 5179; x_wconf 87' lang='grc' dir='ltr'><strong>τις</strong></span> <span class='ocrx_word' id='word_1_848' title='bbox 2289 5116 2352 5168; x_wconf 82' lang='grc' dir='ltr'><strong>τὸ</strong></span> <span class='ocrx_word' id='word_1_849' title='bbox 2375 5118 2565 5187; x_wconf 74' lang='grc' dir='ltr'>ῥῆμας</span> <span class='ocrx_word' id='word_1_850' title='bbox 2627 5110 2761 5168; x_wconf 78' lang='grc' dir='ltr'>Εἶτα</span> <span class='ocrx_word' id='word_1_851' title='bbox 2805 5116 2924 5179; x_wconf 87' lang='grc' dir='ltr'><strong>πῶς</strong></span> <span class='ocrx_word' id='word_1_852' title='bbox 2982 5116 3080 5169; x_wconf 87' lang='grc' dir='ltr'><strong>ούκ</strong></span> <span class='ocrx_word' id='word_1_853' title='bbox 3113 5115 3429 5187; x_wconf 84' lang='grc' dir='ltr'>ἀμαθαίνων</span> <span class='ocrx_word' id='word_1_854' title='bbox 3459 5117 3488 5168; x_wconf 88' lang='grc' dir='ltr'><strong>ό</strong></span> <span class='ocrx_word' id='word_1_855' title='bbox 3523 5115 3764 5180; x_wconf 84' lang='grc' dir='ltr'>τοιοῦτος</span> 
     </span>
    </p>
   </div>
   <div class='ocr_carea' id='block_1_110' title="bbox 2180 5206 3762 5278">
    <p class='ocr_par' dir='ltr' id='par_1_110' title="bbox 2180 5206 3762 5278">
     <span class='ocr_line' id='line_1_110' title="bbox 2180 5206 3762 5278; baseline 0 -18"><span class='ocrx_word' id='word_1_856' title='bbox 2180 5206 2482 5274; x_wconf 85' lang='grc' dir='ltr'>ἁλώσεται;</span> <span class='ocrx_word' id='word_1_857' title='bbox 2523 5208 2657 5273; x_wconf 77' lang='grc' dir='ltr'>Περὶ</span> <span class='ocrx_word' id='word_1_858' title='bbox 2705 5207 2774 5260; x_wconf 86' lang='grc' dir='ltr'>τὰ</span> <span class='ocrx_word' id='word_1_859' title='bbox 2808 5206 2949 5278; x_wconf 85' lang='grc' dir='ltr'>μέρη</span> <span class='ocrx_word' id='word_1_860' title='bbox 2987 5209 3085 5277; x_wconf 84' lang='grc' dir='ltr'><strong>τῆς</strong></span> <span class='ocrx_word' id='word_1_861' title='bbox 3121 5209 3390 5260; x_wconf 84' lang='grc' dir='ltr'>Φιλίππου</span> <span class='ocrx_word' id='word_1_862' title='bbox 3423 5209 3762 5278; x_wconf 83' lang='grc' dir='ltr'>Καισαρείας</span> 
     </span>
    </p>
   </div>
   <div class='ocr_carea' id='block_1_111' title="bbox 2181 5297 3760 5369">
    <p class='ocr_par' dir='ltr' id='par_1_111' title="bbox 2181 5297 3760 5369">
     <span class='ocr_line' id='line_1_111' title="bbox 2181 5297 3760 5369; baseline 0.001 -18"><span class='ocrx_word' id='word_1_863' title='bbox 2181 5299 2310 5367; x_wconf 87' lang='grc' dir='ltr'>παρ’</span> <span class='ocrx_word' id='word_1_864' title='bbox 2362 5297 2528 5350; x_wconf 84' lang='grc' dir='ltr'>αὑτοῦ</span> <span class='ocrx_word' id='word_1_865' title='bbox 2577 5297 2976 5368; x_wconf 84' lang='grc' dir='ltr'>διερωτώμενοι</span> <span class='ocrx_word' id='word_1_866' title='bbox 3028 5298 3122 5351; x_wconf 90' lang='grc' dir='ltr'><strong>τοῦ</strong></span> <span class='ocrx_word' id='word_1_867' title='bbox 3168 5299 3426 5369; x_wconf 91' lang='grc' dir='ltr'>Χριστοῦ,</span> <span class='ocrx_word' id='word_1_868' title='bbox 3468 5318 3486 5348; x_wconf 74' lang='grc' dir='ltr'><strong>ι</strong></span> <span class='ocrx_word' id='word_1_869' title='bbox 3524 5299 3660 5352; x_wconf 85' lang='grc' dir='ltr'>Τίνα</span> <span class='ocrx_word' id='word_1_870' title='bbox 3692 5314 3760 5369; x_wconf 73' lang='grc' dir='ltr'><strong>με</strong></span> 
     </span>
    </p>
   </div>
   <div class='ocr_carea' id='block_1_112' title="bbox 2179 5389 3760 5462">
    <p class='ocr_par' dir='ltr' id='par_1_112' title="bbox 2179 5389 3760 5462">
     <span class='ocr_line' id='line_1_112' title="bbox 2179 5389 3760 5462; baseline 0.002 -21"><span class='ocrx_word' id='word_1_871' title='bbox 2179 5389 2427 5457; x_wconf 87' lang='grc' dir='ltr'>λέγουσιν</span> <span class='ocrx_word' id='word_1_872' title='bbox 2464 5389 2514 5443; x_wconf 90' lang='grc' dir='ltr'><strong>οἰ</strong></span> <span class='ocrx_word' id='word_1_873' title='bbox 2541 5390 2816 5460; x_wconf 84' lang='grc' dir='ltr'>ἄνθρωποι</span> <span class='ocrx_word' id='word_1_874' title='bbox 2851 5390 2941 5444; x_wconf 79' lang='grc' dir='ltr'><strong>τὸν</strong></span> <span class='ocrx_word' id='word_1_875' title='bbox 2973 5391 3099 5443; x_wconf 77' lang='grc' dir='ltr'>Υίδν</span> <span class='ocrx_word' id='word_1_876' title='bbox 3123 5391 3215 5443; x_wconf 80' lang='grc' dir='ltr'><strong>τοῦ</strong></span> <span class='ocrx_word' id='word_1_877' title='bbox 3239 5391 3561 5462; x_wconf 84' lang='grc' dir='ltr'>άνθρώπου;</span> <span class='ocrx_word' id='word_1_878' title='bbox 3589 5410 3607 5442; x_wconf 85' lang='grc'><strong>›</strong></span> <span class='ocrx_word' id='word_1_879' title='bbox 3637 5389 3760 5462; x_wconf 83' lang='grc' dir='ltr'>οὐχὶ</span> 
     </span>
    </p>
   </div>
   <div class='ocr_carea' id='block_1_113' title="bbox 2179 5481 3758 5552">
    <p class='ocr_par' dir='ltr' id='par_1_113' title="bbox 2179 5481 3758 5552">
     <span class='ocr_line' id='line_1_113' title="bbox 2179 5481 3758 5552; baseline 0.001 -18"><span class='ocrx_word' id='word_1_880' title='bbox 2179 5481 2396 5552; x_wconf 86' lang='grc' dir='ltr'>πρῶτον</span> <span class='ocrx_word' id='word_1_881' title='bbox 2429 5483 2526 5552; x_wconf 83' lang='grc' dir='ltr'>μὲν</span> <span class='ocrx_word' id='word_1_882' title='bbox 2582 5481 2818 5549; x_wconf 74' lang='grc' dir='ltr'>ἔφασκον</span> <span class='ocrx_word' id='word_1_883' title='bbox 2867 5482 2966 5545; x_wconf 81' lang='grc' dir='ltr'>τὰς</span> <span class='ocrx_word' id='word_1_884' title='bbox 3016 5483 3218 5552; x_wconf 81' lang='grc' dir='ltr'>ἐτέρων</span> <span class='ocrx_word' id='word_1_885' title='bbox 3253 5483 3508 5546; x_wconf 82' lang='grc' dir='ltr'>ὑπονοίας</span> <span class='ocrx_word' id='word_1_886' title='bbox 3530 5500 3542 5546; x_wconf 89' lang='grc'>;</span> <span class='ocrx_word' id='word_1_887' title='bbox 3568 5484 3630 5536; x_wconf 85' lang='grc' dir='ltr'>Οἱ</span> <span class='ocrx_word' id='word_1_888' title='bbox 3657 5481 3758 5552; x_wconf 85' lang='grc' dir='ltr'>μὲν</span> 
     </span>
    </p>
   </div>
   <div class='ocr_carea' id='block_1_114' title="bbox 2181 5565 3750 5643">
    <p class='ocr_par' dir='ltr' id='par_1_114' title="bbox 2181 5565 3750 5643">
     <span class='ocr_line' id='line_1_114' title="bbox 2181 5565 3750 5643; baseline -0.003 -17"><span class='ocrx_word' id='word_1_889' title='bbox 2181 5575 2311 5643; x_wconf 83' lang='grc' dir='ltr'>γὰρ,</span> <span class='ocrx_word' id='word_1_890' title='bbox 2346 5574 2532 5642; x_wconf 73' lang='grc' dir='ltr'>φησὶν,</span> <span class='ocrx_word' id='word_1_891' title='bbox 2549 5571 2739 5625; x_wconf 80' lang='grc' dir='ltr'>Ἠλίαν</span> <span class='ocrx_word' id='word_1_892' title='bbox 2773 5565 2909 5624; x_wconf 79' lang='grc' dir='ltr'>εἷναι</span> <span class='ocrx_word' id='word_1_893' title='bbox 2939 5572 3270 5643; x_wconf 79' lang='grc' dir='ltr'>νομίζουσιν,</span> <span class='ocrx_word' id='word_1_894' title='bbox 3305 5573 3352 5627; x_wconf 82' lang='grc' dir='ltr'><strong>οἰ</strong></span> <span class='ocrx_word' id='word_1_895' title='bbox 3373 5573 3429 5627; x_wconf 85' lang='grc' dir='ltr'>δὲ</span> <span class='ocrx_word' id='word_1_896' title='bbox 3459 5570 3750 5643; x_wconf 82' lang='grc' dir='ltr'>Ἰερεμίαν,</span> 
     </span>
    </p>
   </div>
   <div class='ocr_carea' id='block_1_115' title="bbox 573 5754 2080 5836">
    <p class='ocr_par' dir='ltr' id='par_1_115' title="bbox 573 5755 2080 5830">
     <span class='ocr_line' id='line_1_115' title="bbox 573 5755 2080 5830; baseline 0.002 -21"><span class='ocrx_word' id='word_1_897' title='bbox 573 5760 614 5788; x_wconf 65' lang='lat'><strong>7&quot;</strong></span> <span class='ocrx_word' id='word_1_898' title='bbox 652 5755 844 5810; x_wconf 63' lang='lat' dir='ltr'><strong>Matth.</strong></span> <span class='ocrx_word' id='word_1_899' title='bbox 883 5771 1074 5818; x_wconf 67' lang='lat' dir='ltr'><strong>XXVIII.</strong></span> <span class='ocrx_word' id='word_1_900' title='bbox 1120 5763 1200 5816; x_wconf 88' lang='lat' dir='ltr'><strong>l9.</strong></span> <span class='ocrx_word' id='word_1_901' title='bbox 1274 5764 1319 5792; x_wconf 74' lang='grc'><strong>⁷⁵</strong></span> <span class='ocrx_word' id='word_1_902' title='bbox 1355 5761 1514 5818; x_wconf 79' lang='lat' dir='ltr'><strong>Joan.</strong></span> <span class='ocrx_word' id='word_1_903' title='bbox 1559 5781 1616 5830; x_wconf 82' lang='grc' dir='ltr'><strong>ι,</strong></span> <span class='ocrx_word' id='word_1_904' title='bbox 1659 5763 1745 5828; x_wconf 71' lang='grc'><strong>48,</strong></span> <span class='ocrx_word' id='word_1_905' title='bbox 1788 5761 1876 5816; x_wconf 67' lang='grc'><strong>49.</strong></span> <span class='ocrx_word' id='word_1_906' title='bbox 1955 5760 2000 5790; x_wconf 83' lang='grc'><strong>⁷⁶</strong></span> <span class='ocrx_word' id='word_1_907' title='bbox 2040 5758 2080 5813; x_wconf 82' lang='grc' dir='ltr'><strong>Μ</strong></span> 
     </span>
    </p>
   </div>
   <div class='ocr_carea' id='block_1_116' title="bbox 2186 5754 3110 5836">
    <p class='ocr_par' dir='ltr' id='par_1_116' title="bbox 2186 5754 3110 5836">
     <span class='ocr_line' id='line_1_116' title="bbox 2186 5754 3110 5836; baseline 0.001 -25"><span class='ocrx_word' id='word_1_908' title='bbox 2186 5761 2226 5813; x_wconf 66' lang='lat' dir='ltr'><strong>T&#39;I.</strong></span> <span class='ocrx_word' id='word_1_909' title='bbox 2277 5774 2385 5826; x_wconf 73' lang='lat' dir='ltr'><strong>XIV,</strong></span> <span class='ocrx_word' id='word_1_910' title='bbox 2416 5758 2502 5813; x_wconf 80' lang='grc'><strong>55.</strong></span> <span class='ocrx_word' id='word_1_911' title='bbox 2579 5758 2622 5788; x_wconf 82' lang='grc'><strong>⁷⁷</strong></span> <span class='ocrx_word' id='word_1_912' title='bbox 2658 5754 2849 5836; x_wconf 79' lang='lat' dir='ltr'><strong>Matth.</strong></span> <span class='ocrx_word' id='word_1_913' title='bbox 2889 5773 2998 5820; x_wconf 74' lang='lat' dir='ltr'><strong>xvr,</strong></span> <span class='ocrx_word' id='word_1_914' title='bbox 3028 5756 3110 5812; x_wconf 77' lang='lat' dir='ltr'><strong>l5.</strong></span> 
     </span>
    </p>
   </div>
  </div>
