3992 6316
175 347 275 405 197

1191 330 1258 385 IN
1298 325 1583 387 JOANNIS
1623 317 2072 380 EVA‘NGELIUM
2115 317 2244 374 LIB.
2280 317 2370 372 IX.

3334 319 3438 378 198

171 462 207 531 ἢ
231 463 327 516 Eva
353 455 463 511 τῶν
486 451 804 526 προφητῶν.
831 448 964 502 Τίνα
985 447 1039 499 δὲ
1073 443 1321 514 λέγουσιν
1351 437 1504 496 αὐτοὶ
1527 439 1754 531 διαρρήῖ

1874 442 2188 488 mtemeum
2220 445 2346 486 csse
2377 429 2564 483 dicant
2617 429 2743 499 ipsi,
2809 435 2996 502 aperte
3033 430 3273 501 Proﬁteri
3330 450 3438 490 nou

172 528 271 622 δην
300 550 478 602 εἰπεῖν
529 546 590 598 οὐ
642 541 1068 613 παραιτούμενοι
1111 538 1178 590 δι’
1221 536 1337 599 ἐνὸς
1361 535 1411 588 oi
1432 535 1632 594 πάντες
1656 528 1750 583 τοῦ

176 620 529 715 προῦχοντος,
587 635 794 704 Πέτρος
849 632 906 686 δὲ
946 629 1106 692 αὐτὸς
1160 623 1250 699 ἦν,
1296 627 1396 680 οὑκ
1434 620 1754 715 ἐνδοιαστῶς

178 711 383 803 ἐκρασαν
408 747 421 761 °
457 748 475 780 ι
507 728 578 782 Σὺ
605 721 656 780 εἷ
685 729 714 779 6
744 723 976 795 Χριστὸς
996 722 1024 773 6
1050 721 1177 783 Υἱὸς
1209 718 1304 772 τοῦ
1332 715 1468 770 Θεοῦ
1493 713 1587 768 τοῦ
1627 711 1757 777 ζῶν·

175 844 287 890 τος.
327 843 345 877 ι
379 819 608 883 Οὐκοῦν,
663 820 793 874 ὅταν
849 815 984 889 λέγῃ
1018 812 1282 882 Χριστός·
1323 828 1342 862 ι
1384 810 1444 863 Εἰ
1478 804 1756 876 ἐγνώκατέ

183 937 271 988 με,
291 916 492 970 καὶτὸν
534 911 753 980 Πατέρα
795 925 898 978 μου
924 905 989 960 ἂν
1019 905 1218 976 ⁴ᾔδειτε,
1255 922 1272 955 ι
1313 901 1388 972 μὴ
1419 900 1635 962 πάντως
1661 899 1757 950 αὺ-

180 987 285 1071 τοῖς
310 1009 417 1070 τοῖς
447 1003 720 1077 μαθηταῖς
745 998 1024 1069 ὑπολάϐῃς
1069 993 1320 1066 είρῆσθαι
1345 992 1406 1046 τὺ
1441 992 1611 1065 ῥῆμα,
1641 987 1754 1042 ἀλλ’

178 1102 298 1170 ὅρον
318 1097 508 1168 ὥσπερ
565 1093 686 1147 τινά
727 1089 942 1162 γενικδν
978 1090 1090 1150 τοῖς
1124 1084 1466 1156 ἁπανταχόσε
1497 1083 1754 1146 ποιεῖται,

177 1191 237 1244 τὺ
259 1189 367 1242 τῶν
399 1188 570 1255 ἁγίων
598 1182 911 1240 ἀποστόλων
957 1179 1248 1252 πρόσωπον
1272 1175 1559 1248 παραθείς.
1603 1174 1756 1228 Ἐπι-

178 1285 333 1354 τήρει
364 1281 475 1352 γὰρ
498 1280 645 1341 ὅπως
677 1277 983 1347 εὑρήσομεν
1019 1273 1120 1325 οὐκ
1147 1269 1485 1340 ἠγνοηκότας
1526 1267 1757 1330 αὐτοὺς,

176 1379 256 1429 ὅτι
275 1374 411 1438 Θεός
447 1372 507 1426 τέ
537 1372 675 1434 ἐστι,
699 1369 792 1421 καὶ
831 1365 958 1428 Υίὸς
995 1364 1089 1418 τοῦ
1115 1361 1274 1416 Θεοῦ.
1319 1359 1459 1414 Ἀλλ’
1484 1359 1602 1413 ὁδὸν
1628 1359 1758 1411 ἐαυ‹

177 1469 265 1521 τὸν
301 1462 443 1520 εἶναι
488 1465 762 1534 φήσαντος
802 1457 898 1512 τοῦ
939 1457 1097 1520 Θεοῦ,
1132 1455 1196 1508 τὺ
1232 1451 1648 1524 αἰνιγματωδῶς
1681 1451 1760 1502 εί-

179 1560 374 1632 ρῆσθαι
404 1556 594 1612 δοκοῦν
646 1555 706 1609 οὑ
739 1554 945 1624 σφόδρα
997 1549 1262 1620 συνῆκαν,
1307 1546 1402 1600 καὶ
1435 1545 1566 1616 περὶ
1601 1542 1761 1598 τοῦτο

180 1653 338 1721 μόνον
360 1650 544 1712 αὐτοῖς
603 1647 666 1700 τὸ
713 1646 814 1715 τῆς
851 1641 1075 1712 ἀγνοίας
1101 1638 1331 1709 αἰτίαμα
1363 1637 1636 1707 στήσεται.
1663 1632 1762 1686 Διά

1861 525 2048 590 veriti,
2101 539 2197 594 per
2249 538 2420 578 unum
2474 537 2668 578 omnes
2715 538 2953 594 eumque
3006 523 3440 590 prazcellentem,

1862 617 2086 673 Petrum
2117 617 2400 681 nimirum,
2445 629 2554 669 non
2600 615 2917 670 dubitanter
2959 615 3256 670 dixerunt:
3299 635 3318 668 ε
3359 614 3443 670 Tu

1863 727 1923 766 es
1973 709 2229 778 Christus
2277 706 2450 761 Filius
2495 706 2589 762 Dei
2628 707 2954 762 viventis".
2988 726 3006 758 ι
3057 710 3269 778 Itaque,
3316 722 3440 762 cum

1863 802 2000 856 dixit
2031 801 2330 856 Christus:
2384 818 2401 850 ι
2441 798 2500 854 Si
2554 799 2956 871 cognovissetis
2989 815 3097 865 me,
3133 808 3189 854 et
3225 790 3442 853 Patrem

1865 909 2048 948 meum
2080 891 2504 959 cognovissetis,
2546 910 2564 943 ι
2609 891 2819 945 dictum
2871 890 2926 944 id
2972 906 3096 946 esse
3148 892 3444 962 discipulis

1867 981 1970 1051 ipsi
2009 983 2234 1035 omnino
2267 988 2462 1050 putare
2486 979 2619 1044 noli,
2644 981 2738 1036 sed
2767 979 2820 1034 in
2849 980 3102 1050 personis
3124 991 3445 1036 sanctorum

1866 1074 2243 1144 apostolorum
2303 1073 2637 1144 generaliter
2669 1072 2721 1126 id
2766 1073 3029 1128 omnibus
3067 1073 3279 1128 dictum
3323 1075 3444 1128 exi-

1867 1168 2050 1222 stima.
2075 1166 2313 1222 Adverte
2342 1167 2486 1221 enim
2508 1181 2606 1221 eos
2637 1181 2744 1219 non
2782 1166 3068 1237 ignorasse
3097 1166 3266 1222 Deum
3302 1183 3443 1231 esse,

1869 1255 2075 1327 Deique
2100 1255 2324 1314 Filium.
2359 1256 2465 1312 Sed
2508 1271 2633 1310 cum
2671 1256 2817 1312 Deus
2864 1259 3106 1328 seipsum
3139 1259 3281 1312 viam
3322 1274 3448 1314 esse

1869 1346 2092 1412 dixerit,
2136 1348 2282 1419 quod
2323 1349 2665 1418 aerugmatice
2701 1348 2925 1420 dignum
2967 1351 3260 1406 videbatur
3301 1350 3449 1404 haud

1871 1441 2101 1494 multum
2129 1441 2534 1506 intellexerunt,
2576 1449 2629 1495 et
2672 1441 2726 1494 in
2773 1442 2877 1496 hoc
2917 1442 3037 1496 solo
3059 1459 3251 1498 eorum
3292 1444 3448 1513 igno-

1874 1533 2016 1588 ratio
2067 1543 2344 1588 versatur.
2414 1531 2628 1588 Idcirco
2699 1534 2844 1587 enim
2912 1545 3202 1605 postquam
3259 1536 3449 1604 paucis

1871 1625 2114 1679 ostendit
2181 1641 2537 1696 nequaquam
2598 1633 2962 1695 percepturos
3014 1626 3163 1696 quod
3223 1626 3450 1697 oblique

177 1713 284 1814 γάρ
310 1758 394 1794 τοι
421 1737 579 1793 τοῦτο
613 1713 895 1804 διελέγξας
940 1734 996 1786 ἐν
1020 1730 1242 1798 ὀλίγοις,
1261 1729 1335 1790 ὼς
1363 1726 1422 1780 οὐ
1440 1723 1761 1814 δμνήσονται

1874 1714 2077 1769 dictum
2104 1715 2174 1770 sit
2205 1717 2308 1779 eis,
2338 1717 2538 1771 deinde
2589 1716 2916 1787 generaliter
2958 1717 3010 1770 id
3065 1717 3320 1772 omnibus
3358 1719 3448 1772 di-

181 1809 421 1888 συνιέναι
442 1831 502 1884 τὸ
562 1827 810 1896 πλαγίως
854 1821 1145 1895 εἰρημένον
1191 1817 1395 1880 αὐτοῖς,
1436 1809 1554 1868 εἶτα
1585 1811 1763 1866 κοινὸν

179 1900 352 1980 ᾶπασί
387 1920 610 1994 προθεὶς
635 1916 884 1972 ἐντεῦθεν
919 1915 1099 1983 λόγον,
1132 1909 1348 1975 διδάξας
1370 1924 1428 1961 τε
1449 1904 1656 1975 σαφῶς,
1690 1903 1766 1967 ὡς

179 2019 272 2073 καὶ
297 2016 461 2071 αὐτὸν
483 2015 592 2088 [τον.
623 2009 810 2084 αὐτὸς]
843 2008 1250 2080 ζημιωθήσεται
1293 2005 1394 2076 τήν
1422 2005 1503 2067 είς
1535 2001 1624 2056 τὸν
1651 2002 1764 2054 Πα-

176 2111 314 2181 τέρα
337 2107 560 2178 γνῶσιν,
588 2105 647 2170 ὃς
664 2107 731 2161 ἂν
753 2103 1001 2174 ἁγνοήσῃ
1023 2099 1113 2154 τὸν
1151 2098 1300 2163 Υἱὸν,
1323 2097 1399 2160 ὡς
1435 2095 1536 2168 ήδη
1565 2095 1765 2164 διωμο-

178 2203 440 2274 λογηκόσι
467 2200 565 2270 τὴν
592 2199 777 2252 πίστιν
804 2197 916 2258 τοῖς
937 2193 1225 2264 μαθηταῖς,
1260 2188 1486 2252 εἰκότως
1509 2188 1607 2260 τὴν
1627 2186 1768 2256 γνῶ-

181 2311 267 2349 σιν
295 2293 666 2364 ἐπιμαρτυρεῖ
687 2289 863 2358 λέγων
888 2303 899 2316 ·
941 2305 959 2338 ι
1005 2283 1238 2355 Ἀπάρτι
1255 2284 1555 2353 γινώσκετε
1578 2281 1763 2343 αὐτὸν,

180 2388 272 2442 καὶ
302 2385 591 2458 ἑωράκατε
620 2381 800 2436 αὐτόν.
841 2398 861 2432 ι
893 2378 965 2432 Τὸ
1000 2377 1057 2430 δὲ
1100 2375 1314 2446 ἀπάρτι
1349 2374 1505 2445 φησὶ,
1538 2373 1657 2444 οὐχὶ
1677 2372 1768 2444 δή-

182 2495 284 2532 που
318 2477 540 2540 πάντως
587 2473 649 2538 ἐξ
697 2470 912 2542 ἐκείνης
933 2467 1029 2538 τῆς
1055 2465 1231 2538 ὥρας.
1253 2466 1372 2536 ἤτοι
1401 2464 1499 2533 τῆς
1527 2462 1764 2533 ἡμέρας.

181 2569 303 2624 καθ’
333 2570 516 2639 ἥνπερ
563 2565 754 2628 αὐτοῖς
777 2562 905 2624 τοὺς
929 2559 1057 2630 περὶ
1086 2558 1195 2612 τῶν
1229 2554 1490 2610 τοιούτων
1533 2555 1769 2606 ἐποιεῖτο

179 2662 407 2730 λόγους·
453 2658 514 2712 τὸ
559 2657 617 2711 δὲ
643 2654 860 2723 ἀπάρτι
924 2652 1123 2723 φησὶν,
1186 2644 1636 2717 ἀντιπαρεξάγων
1690 2644 1770 2714 τῷ

181 2751 418 2823 ἀρχαίῳ,
445 2748 541 2802 καὶ
561 2745 784 2819 πρώτῳ,
808 2744 897 2797 τὸν
934 2741 1208 2815 ἀρτιφανῆ
1256 2738 1352 2792 καὶ
1379 2737 1498 2790 νέον
1537 2735 1637 2805 τῆς
1667 2734 1768 2788 αὺ-

178 2841 273 2894 τοῦ
306 2837 615 2910 παρουσίας
667 2833 881 2906 καιρὸν,
935 2831 1058 2886 καθ’
1091 2831 1150 2884 ὃν
1172 2827 1531 2900 λαμπροτέρα
1577 2826 1769 2894 γέγονε

178 2935 291 2997 τοῖς
332 2931 476 2986 κατά
537 2929 718 2982 πᾶσαν
768 2926 869 2997 τὴν
921 2922 1268 2994 οἰκουμένην,
1299 2923 1333 2992 ἡ
1375 2919 1504 2989 περὶ
1557 2917 1770 2989 [ἰατρὸς

177 3023 388 3092 γνῶσις
410 3020 497 3074 διὰ
529 3019 624 3072 τοῦ
655 3016 810 3071 Υίοῦ.
870 3015 972 3069 Διά
1019 3015 1128 3084 γάρ
1165 3031 1249 3066 τοι
1283 3011 1461 3075 τοῦτο,
1494 3010 1588 3063 καὶ
1609 3011 1667 3062 ἐν
1688 3008 1770 3080 βί-

1871 1819 2018 1862 ctum
2047 1809 2398 1878 signiﬁcavit,
2434 1824 2497 1862 ac
2531 1807 2822 1863 manifeste
2843 1809 3034 1864 docuit
3067 1811 3247 1880 ipsum
3271 1810 3450 1866 Patris

1868 1901 2182 1972 cognitione
2232 1903 2487 1956 orbatum
2543 1902 2613 1956 iri
2653 1902 2748 1972 qui
2806 1900 3004 1956 Filium
3070 1903 3449 1972 ignoraverit,

1869 1993 2033 2062 quasi
2067 1992 2182 2061 jam
2223 1991 2382 2046 ﬁdetn
2433 1989 2703 2061 professis
2750 1991 3039 2060 discipulis
3074 1991 3452 2061 cognitionem

1869 2083 2122 2137 attribuit
2170 2083 2403 2137 dicens:
2467 2101 2485 2133 ι
2543 2082 2755 2136 Amodo
2805 2083 3144 2152 cognoscitis
3182 2098 3342 2148 eum,
3397 2088 3456 2138 et

1871 2173 2088 2229 vidistis
2119 2189 2265 2228 cum.
2302 2193 2320 2225 ι
2351 2174 2555 2228 Amodo
2591 2154 2770 2228 autem
2813 2171 2971 2238 dicit,
3008 2189 3118 2227 non
3153 2174 3345 2245 utique
3385 2189 3454 2228 ex

1871 2266 1963 2319 illa
2000 2266 2158 2327 hora,
2192 2264 2308 2320 sive
2334 2265 2422 2320 die
2451 2280 2560 2336 qua
2587 2263 2654 2320 de
2692 2265 2778 2320 his
2825 2266 2889 2320 ad
2932 2280 3028 2320 eos
3079 2267 3245 2321 verba
3294 2264 3450 2330 fecit,

1873 2361 1967 2416 sed
2017 2359 2179 2430 773
2230 2359 2420 2413 amodo
2457 2361 2554 2424 ait,
2599 2375 2884 2430 apponens
2941 2362 3114 2416 veteri
3166 2376 3231 2417 ac
3273 2362 3453 2432 primo

1871 2467 2066 2507 recens
2089 2466 2152 2506 ac
2173 2467 2375 2505 novum
2402 2453 2522 2522 ejus
2549 2453 2823 2508 adventus
2850 2464 3090 2523 tempus,
3126 2470 3238 2525 quo
3272 2455 3452 2509 mani-

1871 2542 2066 2599 festior
2092 2542 2193 2597 fuit
2221 2559 2320 2614 per
2356 2545 2676 2598 universum
2726 2553 2998 2600 terrarum
3043 2545 3237 2600 orbem
3272 2546 3455 2600 Patris

1872 2635 2110 2707 cognitio
2147 2651 2242 2705 per
2271 2634 2493 2690 Filium.
2526 2635 2742 2690 Idcirco
2763 2637 2911 2691 enim
2948 2646 3003 2691 et
3042 2638 3098 2692 in
3137 2638 3278 2692 libro
3304 2638 3456 2692 Psal-

1873 2742 2087 2782 morum
2110 2737 2370 2797 tanquam
2394 2725 2460 2780 ad
2493 2723 2663 2779 Deum
2699 2735 2754 2782 et
2788 2726 3005 2784 Patrem
3045 2728 3162 2781 ait:
3194 2746 3213 2779 σ
3251 2728 3446 2782 Miriﬁ-

1873 2825 1996 2874 cata
2034 2825 2118 2873 est
2170 2816 2400 2873 scientia
2437 2822 2529 2869 tua
2573 2831 2639 2869 ex
2692 2833 2778 2871 me
2799 2818 2867 2873 ⁷⁸.
2929 2837 2948 2870 ι
3009 2817 3208 2872 Filium
3259 2821 3456 2888 quippe

1876 2910 2159 2964 miraculis
2207 2923 2428 2964 omnem
2478 2907 2789 2963 orationem
2835 2908 3230 2964 excedentibus
3271 2910 3454 2980 splen-

1874 3003 2093 3058 dentem
2133 3003 2467 3071 conspicati,
2503 3009 2557 3055 et
2607 3016 2730 3055 cum
2769 3009 3045 3071 potestate
3100 3001 3214 3057 Deo
3251 3017 3455 3058 conve-

176 3114 298 3186 ὅλῳ
340 3109 608 3182 Ψαλμῶν,
663 3108 737 3172 ὡς
790 3107 927 3179 πρὸς
973 3104 1106 3158 Θεὸν
1153 3103 1249 3158 καὶ
1290 3102 1512 3172 Πατέρα
1567 3099 1765 3172 φησίν·

1879 3095 2050 3150 nienti
2083 3093 2246 3149 facile
2285 3094 2660 3164 quodcunque
2708 3094 2871 3149 vellet
2917 3093 3234 3160 facientem,
3274 3095 3456 3149 mirati

182 3227 198 3259 ι
255 3200 690 3274 Ἐθαυμαστώθη
737 3202 772 3271 ἡ
820 3197 1022 3270 γνῶσίς
1077 3214 1170 3250 σου
1202 3195 1260 3262 ἐξ
1299 3193 1457 3266 ἐμοῦ.
1493 3213 1511 3247 ι
1562 3193 1766 3266 Ἑωρα-

178 3299 338 3362 κότες
366 3296 477 3367 γὰρ
514 3298 628 3360 τοῖς
675 3294 814 3363 ὑπὲρ
855 3291 1014 3360 λόγον
1072 3285 1609 3359 θαυματουργήμασι
1652 3283 1767 3337 δια-

181 3393 463 3464 πρέποντα
509 3389 605 3444 τὸν
652 3386 805 3449 Υίὸν,
832 3385 928 3438 καὶ
978 3380 1119 3454 μετὰ
1159 3377 1497 3450 θεοπρεποῦς
1520 3375 1768 3442 ἐξουσίας

181 3480 564 3554 κατορθοῦντα
616 3477 816 3550 ῥᾳδίως
843 3476 980 3546 ὅπερ
1031 3472 1098 3528 ἂν
1136 3469 1400 3544 βούλοιτο,
1427 3467 1770 3538 τεθαυμάκα-

183 3593 284 3646 μεν
325 3571 576 3627 ἐντεῦθεν
611 3569 711 3642 τὴν
763 3567 858 3622 τοῦ
921 3565 1138 3637 Πατρδς
1177 3562 1402 3632 γνῶσιν,
1429 3561 1530 3632 οὐχ
1568 3559 1768 3630 ἑτέρως

179 3666 414 3738 ἔχουσαν
441 3661 753 3727 ἐννοοῦντες
797 3659 987 3733 αὐτὴν,
1023 3657 1057 3730 ἢ
1107 3655 1294 3728 ὥσπερ
1337 3653 1484 3707 ἐστὶν
1516 3653 1550 3722 ἡ
1586 3652 1680 3705 τοῦ
1710 3651 1771 3717 ἐξ

179 3757 348 3813 αὐτοῦ
373 3753 730 3828 προελθόντος
745 3751 897 3808 Υίοῦ.
923 3771 941 3804 ι
983 3749 1215 3823 Ἀπάρτι
1254 3745 1434 3802 τοίνυν
1472 3743 1771 3816 γινώσκετε

181 3851 368 3915 αὑτὸν,
399 3849 495 3903 καὶ
525 3846 809 3919 ἑωράκατε
871 3843 1054 3900 αὑτόν.
1088 3862 1108 3895 ι
1160 3839 1513 3911 Ἐγνώκαμεν
1567 3836 1676 3908 γὰρ
1712 3837 1771 3889 ἐν

181 3943 320 4014 Υίῷ,
357 3941 611 4012 καθάπερ
659 3939 796 4010 ἔφην
849 3937 1073 4008 ἀρτίως,
1129 3935 1214 3998 τίς
1261 3936 1291 3986 6
1349 3931 1562 4002 Πατὴρ,
1594 3931 1691 3984 καὶ
1709 3929 1769 3982 οὐ

183 4037 349 4106 μόνον
409 4031 842 4102 ἐπεγνώκαμεν,
899 4028 1038 4084 ἀλλά
1095 4026 1188 4080 καὶ
1217 4022 1602 4092 ἐθεασάμεθα,
1654 4021 1773 4092 ἦτοι

181 4123 536 4197 ἑωράκαμεν.
579 4123 646 4176 Ἥ
701 4121 803 4192 μὲν
855 4119 966 4191 γὰρ
1001 4117 1201 4187 γνῶσις
1242 4113 1340 4186 τὴν
1389 4111 1475 4166 διὰ
1522 4111 1630 4164 τῶν
1689 4109 1774 4162 ἐν-

180 4219 345 4272 νοιῶν
377 4217 606 4288 θεωρίαν
632 4215 908 4286 ὑποδηλοῖ,
936 4213 1003 4283 ἢν
1039 4211 1104 4265 ἄν
1137 4227 1223 4274 τις
1259 4207 1413 4262 λὰὄοι
1444 4205 1607 4277 τυχὸν
1645 4205 1775 4276 περὶ

179 4312 281 4382 τῆς
338 4308 492 4374 θείας
532 4327 593 4363 τε
627 4308 722 4364 καὶ
769 4306 1010 4378 ἀρρήτου
1062 4301 1298 4372 φύσεως,
1350 4302 1450 4372 τῆς
1493 4302 1586 4354 ἐπὶ
1634 4299 1773 4354 πάν-

1875 3203 2070 3243 sumus
2096 3187 2226 3241 hinc
2267 3185 2449 3240 Patris
2484 3185 2858 3256 cognitionem
2899 3187 3064 3241 aliter
3111 3201 3230 3242 eam
3257 3202 3317 3242 se
3344 3200 3458 3240 non

1874 3281 2077 3337 habere
2110 3287 2388 3351 putantes,
2421 3296 2585 3351 quam
2620 3279 2898 3350 quomodo
2929 3295 2988 3335 se
3022 3279 3188 3335 habet
3215 3279 3460 3349 cognitio

1874 3373 2229 3444 procedentis
2251 3388 2318 3428 ex
2351 3371 2471 3442 ipso
2517 3370 2662 3428 Filii.
2701 3389 2721 3424 ι
2781 3372 2997 3427 Amodo
3032 3372 3200 3442 igitur
3253 3388 3460 3445 cogno-

1875 3466 2033 3522 scitis
2062 3481 2212 3532 eum,
2244 3472 2298 3521 et
2327 3465 2549 3520 vidistis
2578 3480 2726 3520 eum.
2776 3483 2795 3516 ›
2829 3464 3174 3534 Agnovimus
3207 3465 3350 3520 enim
3402 3465 3458 3518 in

1875 3559 2040 3622 Filio,
2074 3567 2134 3612 ut
2163 3573 2313 3613 nunc
2349 3559 2591 3621 aiebam,
2620 3557 2748 3628 quis
2773 3558 2833 3611 ﬁt
2863 3556 3048 3620 Pater,
3078 3573 3256 3628 neque
3280 3557 3457 3612 solum

1877 3649 2227 3722 agnovimus.
2265 3647 2362 3704 sed
2412 3657 2466 3704 et
2505 3649 2863 3719 contemplati
2911 3664 3128 3714 sumus,
3179 3664 3275 3703 seu
3315 3648 3459 3702 vidi-

1876 3761 2023 3802 mus.
2067 3743 2304 3815 Cognito
2362 3741 2510 3798 enim
2556 3741 2876 3797 intellectus
2933 3740 3461 3812 contemplationem

1878 3836 2175 3908 signiﬁcat,
2217 3849 2388 3905 quam
2418 3835 2486 3888 de
2513 3833 2700 3889 divina
2729 3841 2783 3888 et
2805 3832 3075 3888 ineffabili
3103 3839 3303 3886 natura
3331 3832 3460 3902 quis

1879 3929 2069 3984 forsan
2098 3927 2325 3998 ceperit,
2363 3940 2487 3996 quae
2514 3938 2680 3996 supra
2706 3939 2919 3990 omnes,
2947 3931 3002 3980 et
3034 3938 3129 3995 per
3163 3939 3376 3990 omnes,
3406 3932 3462 3980 et

1880 4022 1937 4075 in
1959 4018 2219 4075 omnibus
2248 4029 2353 4074 est.
2387 4017 2603 4073 Vidisse
2631 4031 2797 4087 porro
2850 4023 3057 4072 certam
3094 4015 3253 4071 ﬁdem
3287 4015 3460 4070 mira-

1879 4110 2020 4165 culis
2050 4108 2254 4164 factam
2289 4106 2594 4177 signiﬁcat.
2619 4104 2740 4161 Non
2762 4106 2907 4162 enim
2931 4107 3108 4161 solum
3130 4107 3462 4177 agnovimus

1877 4202 2096 4258 Patrem
2158 4202 2326 4256 vitam
2387 4215 2512 4256 esse
2561 4199 2866 4255 secundum
2918 4205 3201 4263 naturam,
3255 4213 3358 4254 nec
3405 4197 3462 4253 in

1881 4295 2046 4350 nudis
2075 4309 2140 4349 ac
2166 4293 2333 4350 meris
2358 4291 2794 4364 cogitationibus
2816 4291 2981 4348 istius
3008 4291 3088 4347 rei
3127 4290 3378 4346 notitiam
3404 4290 3460 4345 in

179 4423 283 4470 τας
325 4405 494 4476 φημὶ,
526 4405 621 4458 καὶ
647 4401 737 4456 διά
780 4400 1021 4461 πάντων,
1055 4394 1150 4450 καὶ
1183 4396 1241 4447 ἐν
1275 4394 1431 4446 πᾶσι.
1459 4393 1532 4446 Τό
1561 4408 1626 4460 γε
1667 4391 1767 4463 μὴν

1881 4386 2044 4442 nobis
2076 4386 2408 4441 habuimus:
2444 4385 2499 4438 in
2531 4382 2671 4438 Filio
2697 4382 2791 4452 qui
2822 4382 3066 4438 viviﬁcat
3097 4391 3370 4448 mortuos,
3410 4393 3468 4438 et

187 4502 342 4566 ἰδεῖν,
368 4501 469 4572 τὴν
515 4498 605 4552 διὰ
654 4495 766 4549 τῶν
801 4487 1336 4565 τερατουργημάτων
1396 4486 1767 4558 πληροφορίαν

1881 4481 1948 4536 ad
1979 4495 2105 4536 esse
2128 4486 2424 4550 corruptos
2454 4477 2638 4533 denuo
2666 4475 2904 4543 reducit,
2936 4491 3047 4532 non
3079 4477 3261 4532 solum
3296 4488 3467 4546 agno-

187 4563 472 4666 σημαίνει.
502 4590 578 4647 Οὐ
622 4590 733 4661 γὰρ
782 4563 943 4660 μόνον
989 4582 1312 4654 ἐγνώκαμεν
1362 4581 1444 4635 ὅτι
1486 4579 1601 4650 ζωὴ
1638 4578 1767 4632 κατὰ

1876 4574 2058 4629 vimus
2091 4571 2264 4626 Deum
2299 4584 2365 4623 ac
2407 4568 2628 4623 Patrem
2665 4569 2980 4624 universam
3043 4566 3280 4638 pedibus
3346 4563 3466 4620 suis

188 4687 354 4757 φύσιν
385 4683 532 4738 ἐστὶν
555 4680 811 4753 ὁΠατὴρ,
849 4676 972 4732 οὐδὲ
1024 4676 1084 4728 ἐν
1112 4672 1296 4744 ψιλαῖς
1345 4671 1440 4725 καὶ
1481 4670 1671 4741 μόναις
1693 4670 1780 4723 ἐν·

186 4781 362 4844 νοίαις
416 4777 516 4849 τὴν
538 4775 634 4829 τοῦ
690 4773 1016 4845 πράγματος
1059 4768 1264 4839 εἴδησιν
1288 4766 1347 4818 ἐν
1378 4765 1589 4827 ἑαυτοῖς
1619 4762 1783 4833 ἐσχή-

190 4891 373 4946 καμεν
397 4888 412 4903 ·
442 4871 500 4925 ὲν
563 4867 678 4939 Υίῷ
737 4861 1091 4930 ζωοποιοῦντι
1108 4860 1236 4922 τοὺς
1285 4857 1535 4928 νεκροὺς,
1569 4854 1664 4910 καὶ
1703 4855 1783 4917 εἰς

189 4972 250 5022 τὸ
273 4965 417 5021 εἶναι
467 4964 629 5019 πάλιν
683 4956 1071 5028 ἀνακομίζοντι
1113 4953 1239 5016 τοὺς
1268 4947 1774 5019 κατεφθαρμένους,

190 5064 251 5116 οὗ
286 5059 451 5132 μόνον
471 5057 811 5126 ἐγνώκαμεν,
857 5051 940 5104 ὅτι
986 5048 1167 5102 πᾶσαν
1199 5043 1305 5097 ὑπὸ
1343 5043 1508 5106 πόδας
1543 5040 1654 5132 ἔχει
1677 5038 1778 5111 τὴν

194 5131 372 5209 κτίσιν
412 5153 442 5204 6
473 5150 604 5213 Θεὸς
651 5147 747 5202 καὶ
793 5142 1006 5213 Πατὴρ,
1059 5137 1291 5193 καὶτῶν
1317 5135 1446 5206 παρ’
1477 5131 1644 5186 αὐτοῦ
1682 5149 1778 5201 γε-

195 5248 433 5316 γονότων
499 5237 914 5306 κατεξουσιάζει
971 5229 1288 5306 βασιλικῶς,
1359 5227 1435 5290 ὡς
1480 5225 1658 5279 πάντα
1708 5223 1779 5277 τὰ

194 5343 334 5415 ἔργα
362 5335 605 5394 σείεσθαί
650 5351 710 5388 τε
753 5332 820 5385 δι’
856 5328 1038 5391 αὑτὸν,
1071 5324 1167 5379 καὶ
1205 5321 1454 5394 τρέμειν,
1495 5319 1778 5415 κατὰ-’γε-

195 5409 518 5510 γραμμένον
546 5448 559 5461 ·
595 5427 708 5483 ἀλλ’
738 5425 952 5495 εἴδομεν
994 5421 1124 5474 ὄντα
1149 5415 1390 5510 τοιοῦτον
1553 5413 1610 5464 ἐν
1641 5409 1776 5510 Titii),

195 5501 282 5579 ῦτε
306 5501 552 5594 θαλάττῃ
603 5518 700 5572 καὶ
741 5514 1046 5584 πνεύμασιν
1070 5505 1363 5577 ἐπιτιμῶν,
1398 5503 1536 5575 μετὰ
1578 5501 1782 5594 πολλῆς

196 5617 300 5687 ἔφη
324 5616 426 5685 τῆς
450 5592 723 5678 ἐξουσίας·
753 5626 772 5659 ι
799 5604 1010 5667 Σιώπα,
1035 5599 1342 5671 πεφίμωσο.
1370 5615 1388 5649 ι
1429 5592 1647 5664 Ἐπειδὴ
1672 5592 1784 5644 τοί-

1879 4665 2195 4735 subjectam
2227 4661 2434 4718 habere
2479 4670 2792 4716 creaturam
2817 4660 2887 4726 ⁸ο,
2924 4658 3296 4728 omnibusque
3339 4670 3370 4710 a
3407 4671 3468 4711 se

1878 4758 2043 4814 factis
2102 4757 2400 4825 imperare,
2465 4753 2602 4808 adeo
2649 4763 2709 4808 ut
2760 4753 2946 4807 omnia
3017 4766 3187 4822 opera
3236 4749 3468 4803 timeant

1880 4849 2082 4920 ipsum,
2141 4853 2306 4916 atque
2360 4845 2720 4909 tremiscant,
2761 4852 2822 4899 ut
2859 4845 3130 4916 scriptum
3167 4848 3254 4897 est
3273 4840 3341 4894 ⁸⁸.
3394 4840 3468 4904 At

1882 4943 2137 4999 videmus
2168 4940 2337 4995 talem
2369 4938 2499 4994 etin
2536 4935 2679 4992 Filio
2723 4937 2992 4992 exsistere
3044 4947 3170 4988 cum
3229 4946 3381 4988 mare
3413 4941 3468 4986 ct

1882 5041 2078 5090 ventos
2124 5031 2440 5100 increpans.
2492 5044 2690 5100 magna
2721 5043 2848 5083 cum
2902 5031 3176 5096 potestate
3209 5024 3464 5080 dicebat:

1893 5147 1912 5181 ι
1955 5125 2119 5190 Tace,
2168 5122 2579 5179 obmutesce“.
2623 5139 2642 5173 ι
2694 5119 2968 5186 Quoniam
3029 5131 3162 5187 ergo
3217 5117 3473 5173 dicturus

1887 5229 2008 5275 erat
2038 5231 2150 5272 non
2204 5214 2386 5269 solum
2423 5211 2760 5282 cognovistis
2807 5208 3048 5273 Patrem,
3100 5206 3196 5262 sed
3236 5213 3290 5262 et
3328 5207 3472 5261 vidi-

1890 5310 2013 5369 stis,
2033 5301 2476 5376 praemittendum
2506 5299 2818 5356 necessario
2835 5299 3047 5366 putavit
3074 5296 3236 5360 illud,
3255 5296 3471 5359 amodo.

1888 5415 2054 5473 quam
2089 5412 2220 5454 vero
2264 5396 2335 5450 ob
2381 5393 2648 5448 causam?
2697 5391 2807 5444 Lex
2865 5391 3014 5446 enim
3047 5389 3287 5444 Mosaica
3344 5390 3477 5444 ﬁliis

1887 5491 2057 5549 Israel
2086 5487 2461 5544 inclamabat:
2497 5502 2516 5534 ε
2558 5483 2824 5538 Dominus
2849 5483 2994 5539 Deus
3024 5493 3174 5548 tuus,
3206 5481 3472 5538 Dominus

1893 5599 2038 5640 unus
2071 5589 2157 5637 est
2177 5580 2247 5642 ⁸³,
2287 5597 2305 5630 ι
2345 5591 2522 5646 neque
2564 5575 2843 5633 veteribus
2871 5577 2938 5632 de
2965 5575 3105 5632 Filio
3137 5575 3472 5630 mentionem

268 5732 308 5762 ⁷⁸
346 5726 545 5781 Matth.
584 5739 696 5788 ιγι,
739 5722 824 5776 ιο.
902 5717 1112 5772 "Psal.
1152 5728 1416 5774 cxxxvttt,
1446 5709 1498 5763 6.
1576 5708 1621 5740 ⁸ο
1655 5706 1854 5777 Ephcs.
1885 5721 1925 5768 ι,
1972 5700 2057 5753 22.
2136 5693 2180 5725 ⁸¹
2210 5692 2334 5757 Job,
2361 5703 2511 5752 xxvi,
2559 5688 2643 5744 11.
2720 5694 2763 5724 θ’
2797 5692 2960 5749 Marc.
2999 5709 3070 5759 tv,
3097 5690 3189 5745 '59.
3254 5687 3470 5742 “Deut.

201 5818 291 5866 ιι,
340 5803 393 5854 .i.
