3992 6316
525 256 628 312 199

1518 253 1580 311 s.
1612 226 1893 309 crtum
1935 251 2410 310 ALEXANDRINI
2450 250 2771 309 ARClllEP.

3692 251 3803 306 Ξυυ

524 374 783 438 faciebat,
807 373 902 429 sed
938 388 968 428 a
998 373 1298 427 multorum
1334 370 1565 426 deorum
1599 373 1758 428 cultu
1805 387 1906 430 eos
1956 372 2106 428 dun-

2220 391 2303 429 νυν
2328 373 2553 446 ἔμελλεν
2571 373 2735 443 ἐρεῖν,
2760 372 2842 426 ὅτι
2868 371 2927 424 οὐ
2958 370 3117 441 μόνον
3147 368 3424 438 ἐγνώκατε
3444 368 3534 422 τὸν
3554 369 3801 441 Πατέρα,

524 475 683 521 taxat
714 467 1050 529 abstractos,
1078 465 1146 519 ad
1187 463 1356 519 unius
1409 463 1795 519 adorationem
1850 464 2109 520 vocabat.

524 560 790 614 Dominus
822 564 1004 612 autem
1037 563 1230 611 noster
1267 552 1432 611 Jesus
1461 553 1744 622 Christus,
1783 568 1910 609 cum
1948 554 2114 626 homo

523 653 707 708 factus
729 662 834 715 est,
885 665 984 721 per
1029 651 1203 704 multa
1237 650 1396 721 signa
1426 658 1482 704 et
1522 664 1693 720 opera
1741 648 2115 706 manifestavit

523 745 687 800 nobis
720 760 817 815 per
840 745 1088 815 seipsum
1118 742 1359 808 Patrem,
1392 757 1673 813 unamque
1721 741 1967 798 ostendit
1998 742 2115 797 dei-

524 838 655 892 tatis
684 845 938 891 naturam
967 837 1024 891 in
1068 844 1262 890 sancta
1297 834 1576 890 Trinitate
1606 850 1737 891 vere
1799 834 2113 891 subsisten-

523 937 655 987 tem.
682 929 853 986 Recte
883 931 1067 1000 itaque
1118 928 1257 984 illud
1288 927 1482 983 amodo
1518 927 1597 983 ait
1629 934 1860 999 propter
1897 929 2115 997 imper-

526 1023 822 1079 lectionem
848 1020 1187 1093 cognitionis
1212 1034 1404 1076 eorum
1436 1018 1531 1090 qui
1585 1018 1941 1089 disciplinam
1977 1017 2114 1087 legis

525 1116 844 1181 observant,
885 1123 940 1170 et
1002 1115 1100 1185 qui
1149 1114 1368 1168 illorum
1420 1119 1732 1183 sequuntur
1770 1110 2110 1167 institutum.

524 1210 839 1267 Notandum
889 1225 1022 1266 vero
1062 1208 1235 1281 quod,
1289 1222 1413 1262 cum
1465 1207 1710 1277 seipsum
1762 1205 1888 1259 loco
1934 1202 2114 1259 Patris

527 1312 888 1373 conspectum
924 1314 1045 1356 esse
1073 1300 1227 1364 dicit,
1253 1314 1365 1378 rion
1392 1305 1557 1369 negat
1586 1312 1717 1352 vere
1749 1294 1917 1367 ’1⁸1ἇΙ
1960 1303 2015 1350 et
2056 1294 2114 1349 in

527 1395 750 1464 pr0pria
778 1392 1061 1464 liypostasi
1094 1407 1222 1447 eum
1244 1407 1313 1447 ex
1342 1404 1452 1461 quo
1482 1397 1589 1456 est,
1610 1388 1780 1444 Deum
1805 1403 1868 1443 ac
1895 1387 2115 1443 Patrem

526 1485 822 1542 exsistere.
879 1483 988 1540 Sed
1025 1499 1205 1554 neque
1263 1482 1507 1554 seipsum
1558 1480 1779 1538 Patrem
1834 1495 1961 1537 esse
2014 1480 2110 1545 ait,

526 1586 801 1649 quantum
836 1578 904 1633 ad
946 1591 1198 1648 personae
1228 1575 1693 1647 signiﬁcationem
1744 1574 1980 1628 attinet:
2018 1571 2115 1628 sed

528 1671 663 1742 quia
700 1678 786 1726 est
811 1670 968 1725 Patri
1004 1667 1528 1732 cousuhstantialis,
1556 1667 1713 1721 cerni
1744 1665 1821 1719 ait
1851 1667 1906 1719 in
1928 1665 2112 1735 seipso

2211 467 2327 521 ἀλλ’
2364 467 2447 520 ὅτι
2492 466 2588 520 καὶ
2641 464 2949 536 ἑωράκατε,
2994 461 3264 533 προτάξαι
3328 460 3440 513 δεῖν
3500 461 3803 529 ἀναγκαῖον

2212 558 2366 632 ᾠήθη
2397 558 2477 624 τὸ,
2506 557 2745 625 ἀπάρτι,
2781 558 2877 611 καὶ
2917 555 3004 609 διὰ
3029 554 3190 609 ποίαν
3223 554 3444 619 αἰτίαν;
3484 554 3542 608 '0
3574 555 3676 625 μὲν
3692 554 3805 625 γὰρ

2213 651 2377 723 νόμος
2406 653 2435 704 ὁ
2470 649 2558 704 διὰ
2585 651 2831 712 Μωσέως
2864 646 3206 720 προσεφώνει
3238 649 3352 711 τοῖς
3384 647 3518 712 υἱοῖς
3557 648 3802 719 Ἰσραήλ·

2220 764 2239 798 ι
2269 744 2475 819 Κύριος
2514 747 2542 800 ό
2573 745 2705 808 Θεός
2737 760 2852 809 σου,
2879 742 3082 814 Κύριος
3106 736 3187 805 εἷς
3215 743 3361 805 ἐστι,
3396 759 3415 792 ι
3439 740 3535 793 καὶ
3577 739 3671 794 τὸν
3705 741 3805 811 μὲν

2215 839 2345 911 περὶ
2372 836 2468 893 τοῦ
2496 838 2630 891 Υίοῦ
2660 837 2819 905 λόγον
2847 836 2910 888 οὐ
2945 834 3231 905 παρετίθει
3268 836 3384 897 τοῖς
3412 832 3603 899 πάλαι,
3634 833 3806 903 μόνης

2213 929 2273 983 δὲ
2298 931 2399 1001 τῆς
2454 928 2759 992 πολυθεΐας
2814 926 3011 992 ἐξελὼν
3063 926 3282 990 αὐτοὺς,
3311 925 3392 988 είς
3438 924 3540 994 τὴν
3559 922 3655 977 τοῦ
3685 923 3805 986 ἑνὸς

2213 1023 2399 1078 ἐκάλει
2423 1021 2823 1095 προσκύνησιν.
2873 1020 2932 1073 Ὁ
2977 1020 3034 1073 δὲ
3093 1017 3299 1087 Κύριος
3344 1017 3505 1088 ἡμῶν
3546 1015 3806 1087 Ἰησοῦςό

2214 1114 2473 1186 Χριστὸς,
2502 1113 2593 1167 ὅτε
2623 1112 2847 1180 γέγονεν
2873 1109 3181 1181 ἄνθρωπος,
3209 1107 3296 1162 διὰ
3321 1105 3535 1159 πολλῶν
3559 1104 3806 1177 σημείων

2214 1207 2310 1260 καὶ
2332 1204 2725 1278 ἐνεργημάτων
2756 1201 3053 1275 ἐγνώρισεν
3099 1202 3231 1272 ἡμῖν
3268 1201 3335 1253 δι’
3353 1198 3550 1253 ἑαυτοῦ
3576 1199 3669 1252 τὸν
3696 1200 3808 1253 Πα-

2213 1298 2352 1370 τέρα
2410 1299 2505 1352 καὶ
2571 1297 2671 1367 τὴν
2722 1298 2780 1350 ὲν
2838 1297 2905 1367 τῇ
2954 1294 3087 1367 ἁγία
3132 1292 3328 1363 Τριάδι
3390 1293 3689 1362 νοουμένην
3743 1307 3805 1343 τε

2215 1389 2313 1444 καὶ
2344 1389 2668 1460 ὑφεστῶσαν
2704 1387 2922 1460 ἀληθῶς
2979 1388 3110 1458 μίαν
3134 1384 3305 1449 ἔδειξε
3332 1385 3585 1453 θεότητος
3620 1383 3804 1453 φύσιν.

2214 1481 2414 1545 Καλῶς
2458 1476 2552 1536 οὖν
2597 1481 2707 1553 ἄρα
2751 1479 2812 1533 τὸ
2868 1478 3087 1548 ἁπάρτι
3116 1478 3272 1550 φησι,
3318 1477 3407 1532 διὰ
3439 1479 3500 1531 τὸ
3531 1478 3724 1541 ἀτελὲς
3747 1478 3807 1532 ὲν

2215 1573 2417 1643 γνώσει
2460 1572 2570 1628 τῶν
2613 1572 2755 1628 κατά
2807 1572 2991 1643 νόμον,
3021 1572 3116 1625 καὶ
3145 1571 3255 1625 τῶν
3276 1571 3395 1624 κατ’
3427 1570 3672 1634 ἐκείνους
3710 1587 3808 1623 πο-

2216 1664 2596 1737 λιτευομένων.
2647 1664 2993 1736 Σημειωτέον
3032 1665 3109 1730 δὲ,
3172 1666 3256 1718 ὅτι
3303 1664 3494 1719 ἑαυτὸν
3547 1664 3671 1718 ἀντὶ
3710 1661 3806 1716 τοῦ

531 1764 751 1820 Patrem
779 1779 794 1819 ;
829 1778 944 1818 non
979 1778 1146 1819 secus
1179 1776 1243 1816 ac
1263 1760 1505 1815 hominis
1530 1760 1824 1829 cujusdam
1850 1757 1995 1814 [ilius
2029 1757 2115 1815 sui

2220 1759 2434 1831 Πατρὸς
2455 1757 2735 1830 ἑωρᾶσθαι
2762 1758 2963 1828 λέγων,
2999 1759 3099 1811 οὐκ
3130 1756 3428 1829 ἀνατρέπει
3453 1757 3515 1810 τὸ
3537 1757 3807 1828 ὑπάρχειν

529 1855 708 1927 patris
737 1855 933 1910 volens
979 1852 1298 1924 signiﬁcare
1332 1858 1609 1917 naturam,
1659 1849 1901 1920 seipsum
1929 1854 2118 1904 osten-

526 1948 666 2003 dens
698 1946 777 2000 ait
822 1944 1153 2013 sciscitanti,
1201 1942 1383 1998 Meum
1426 1942 1483 1997 in
1528 1957 1616 1997 me
1658 1941 1846 1996 vidisti
1878 1947 2113 2010 patrem.

530 2039 640 2095 Sed
667 2038 832 2103 Deus,
857 2046 917 2092 ut
949 2036 1120 2094 semel
1140 2035 1413 2102 dicamus,
1448 2034 1700 2090 omnium
1733 2034 2113 2105 exemplorum

526 2131 640 2186 vim
681 2140 736 2186 et
761 2132 1029 2187 rationem
1064 2128 1303 2186 excedit.

2216 1851 2431 1925 ἀληθῶς
2455 1869 2518 1906 τε
2546 1853 2643 1906 καὶ
2685 1851 3085 1916 ίδιοσυστὰτως,
3121 1851 3213 1905 τὸν
3257 1850 3318 1916 ἐξ
3348 1842 3521 1921 οὗπέρ
3546 1851 3665 1902 ἐστι
3693 1850 3804 1901 [Ια-

2218 1944 2354 2017 τέρα
2381 1945 2478 1999 καὶ
2507 1944 2662 1999 Θεόν.
2703 1944 2842 1998 Ἀλλ’
2872 1944 2995 1999 οὐδὲ
3018 1944 3209 1998 ἑαυτὸν
3247 1940 3389 1999 εἶναί
3416 1961 3550 2013 φησι
3573 1942 3668 1997 τὸν
3696 1942 3807 1995 Πα-

2219 2036 2376 2106 τέρα,
2407 2037 2531 2090 ὅσον
2558 2031 2695 2108 ἧκεν
2724 2037 2899 2090 εἰπεῖν
2942 2039 3023 2100 είς
3068 2035 3360 2108 προσώπου
3388 2035 3625 2109 δήλωσιν
3645 2052 3657 2066 °
3691 2035 3805 2090 ἀλλ’

2227 2127 2460 2202 ἐπείπερ
2497 2129 2646 2184 ἐστὶν
2672 2130 2956 2202 όμοούσιος
2985 2128 3062 2201 τῷ
3097 2130 3294 2203 Πατρὶ,
3343 2127 3621 2201 ἑωρᾶσθαι
3642 2144 3806 2198 φησιν

528 2223 588 2277 ὲν
618 2223 768 2296 αὐτῷ
806 2221 898 2275 τδν
943 2221 1317 2292 γεννήσαντα,
1345 2218 1533 2292 ὥσπερ
1561 2220 1629 2274 ἂν
1666 2219 1714 2274 εί
1745 2216 1840 2274 καὶ
1883 2215 2174 2290 ἀνθρώπου
2219 2224 2367 2288 τινὸς
2407 2225 2522 2290 υίὸς
2547 2226 2647 2298 τὴν
2701 2227 2831 2281 ίδίου
2868 2227 3074 2297 πατρὸς
3105 2227 3371 2299 ἐθελήσας
3401 2228 3798 2298 κατασημᾶναι

528 2317 713 2387 φύσιν,
756 2315 948 2371 ἑαυτὸν
992 2313 1269 2380 ἐπιδείξας
1312 2313 1460 2384 λέγει
1493 2314 1571 2386 τῷ
1613 2314 1771 2370 τοῦτο
1799 2320 1994 2390 μαθεῖν
2039 2316 2282 2372 ἐθέλοντι
2328 2317 2513 2390 τυχὸν,
2542 2319 2636 2375 τὸν
2680 2321 2813 2393 ἐμὸν
2852 2321 2910 2375 ὲν
2944 2321 3068 2392 ἐμοὶ
3111 2320 3371 2375 τεθέασαι
3404 2318 3640 2391 πατέρα.
3674 2318 3803 2380 Θεὸς

529 2413 589 2465 δὲ
644 2409 807 2464 πάλιν
857 2407 957 2479 τὴν
1014 2407 1109 2461 τοῦ
1184 2406 1627 2480 παραδείγματος
1668 2407 2025 2480 ὑπεραλεῖται
2066 2410 2325 2486 δύναμιν.

601 2498 745 2556 XIV.
777 2499 834 2555 8.
859 2498 1001 2553 Dicit
1029 2499 1078 2554 ei
1107 2497 1387 2568 Philippus
1411 2512 1429 2554 :
1453 2498 1701 2568 Domine,
1720 2503 1934 2557 ostende
1965 2502 2117 2558 nobis

532 2593 773 2659 Patrem,
807 2599 857 2647 et
886 2590 1076 2662 suﬁicit
1103 2591 1274 2645 nobis.

601 2682 855 2742 Discendi
891 2682 1114 2753 quidem
1145 2681 1382 2754 cupidus
1420 2690 1540 2737 erat
1571 2681 1893 2755 Philippus,
1931 2683 2029 2740 sed
2062 2682 2119 2740 in

529 2775 1063 2848 comprehendendis
1088 2774 1292 2831 divinis
1312 2775 1791 2846 speculationibus
1813 2776 1960 2831 haud
1983 2776 2121 2833 satis

530 2879 749 2927 acutus.
768 2867 881 2924 Nec
901 2867 1051 2923 enim
1074 2866 1179 2924 sibi
1204 2866 1577 2936 persuasisset
1600 2883 1841 2939 unquam
1864 2868 2117 2940 corporis

529 2963 714 3019 oculis
757 2961 997 3017 divinam
1052 2974 1084 3014 a
1134 2974 1193 3014 se
1230 2965 1483 3013 naturam
1543 2960 1934 3030 comprehendi
2001 2977 2116 3017 non

531 3069 719 3125 posse,
749 3053 881 3107 licet
910 3060 1099 3122 aperte
1157 3048 1272 3106 Deo
1333 3049 1599 3106 dicente:
1641 3070 1660 3103 ι
1730 3050 1853 3106 Νοη
1912 3051 2118 3110 videbit

534 3149 700 3202 homo
735 3146 932 3201 faciem
990 3158 1196 3208 meam,
1240 3148 1295 3197 et
1331 3142 1477 3197 vivet
1497 3142 1565 3198 ⁸⁸.
1611 3162 1630 3196 ι
1671 3143 1934 3211 Quamvis
1970 3146 2116 3201 enim

2290 2507 2462 2577 Λέγει
2505 2503 2667 2575 αὐτῷ
2695 2507 2994 2574 Φίλιππος
3021 2522 3035 2538 ο
3068 2506 3268 2576 Κύριε,
3302 2506 3504 2571 δεῖξον
3531 2509 3678 2580 ἡμῖν
3703 2505 3809 2563 τὸν

2217 2600 2472 2668 Πατέρα,
2498 2599 2598 2654 καί
2622 2599 2799 2669 ἀρκεῖ
2822 2600 2987 2670 ἡμῖν.

2286 2696 2594 2768 Φιλομαθὴς
2633 2697 2729 2768 μὲν
2771 2698 2799 2751 ὁ
2827 2696 3114 2762 Φίλιππος,
3146 2695 3288 2769 πλὴν
3321 2696 3382 2750 οὐ
3412 2696 3532 2750 λίαν
3564 2696 3694 2762 ὀξὺς
3728 2698 3806 2761 είς

2221 2785 2440 2841 σύνεσιν
2466 2787 2566 2858 τὴν
2611 2788 2733 2850 ταῖς
2787 2785 3065 2851 θεοπτίαις
3089 2788 3566 2859 πρεπωδεστέραν.
3590 2789 3664 2843 Οὐ
3696 2789 3803 2861 γὰρ

2222 2876 2289 2931 ἂν
2321 2875 2473 2948 ᾠήθη
2496 2876 2627 2930 ποτὲ
2653 2878 2768 2942 τοῖς
2792 2874 2888 2931 τοῦ
2917 2877 3170 2949 σώματος
3208 2879 3509 2952 ὀφθαλμοῖς
3534 2881 3632 2951 τὴν
3658 2882 3807 2937 θείαν

2225 2969 2442 3041 ἰσχῦσαι
2472 2969 2916 3025 καταθεάσασθαι
2954 2971 3136 3041 φύσιν,
3172 2971 3350 3026 καίτοι
3385 2972 3683 3047 διαρρήδην
3720 2977 3809 3031 λέ-

2222 3077 2409 3130 γοντος
2432 3061 2526 3116 τοῦ
2561 3062 2697 3116 Θεοῦ
2719 3079 2731 3092 θ
2764 3081 2782 3115 ι
2814 3064 3004 3128 Οὐδεὶς
3030 3064 3220 3135 ὄψεται
3257 3065 3318 3119 τὸ
3357 3066 3647 3138 πρόσωπόν
3682 3087 3804 3140 μου,

2223 3155 2318 3208 καὶ
2340 3153 2582 3227 ζήσεται.
2621 3174 2640 3208 ι
2673 3157 2737 3210 Et
2766 3156 2874 3228 γὰρ
2927 3157 3024 3211 καὶ
3074 3156 3233 3229 ὤφθη
3266 3159 3397 3212 ποτὲ
3446 3162 3559 3224 τοῖς
3606 3161 3805 3231 ἁγίοις,

533 3239 746 3297 sanctis
805 3237 1104 3308 aliquando
1122 3236 1276 3292 visus
1312 3235 1407 3299 sit,
1443 3245 1504 3291 ut
1550 3236 1817 3294 divinitus
1855 3238 2115 3310 inspirata

2221 3246 2298 3311 ὡς
2328 3249 2361 3318 ὴ
2395 3248 2751 3314 θεόπνευστος
2781 3249 2886 3321 ἔφη
2920 3250 3133 3323 Γραφὴ,
3161 3251 3390 3306 ἀλλὀὐκ
3408 3253 3496 3318 ἂν,
3518 3248 3695 3324 οἶμαι,
3723 3255 3807 3320 τὶς

533 3332 821 3403 Scriptura
861 3332 1148 3403 praedicat,
1182 3342 1349 3384 nemo
1377 3338 1561 3386 tamen
1585 3345 1853 3402 unquam,
1896 3342 1953 3386 ut
1979 3346 2128 3395 reor,

531 3425 813 3497 putaverit
870 3421 1285 3480 manifestatam
1351 3423 1527 3480 fuisse
1580 3431 1834 3476 naturam
1880 3420 2124 3477 divinam

532 3535 597 3574 eo
627 3517 793 3573 modo
817 3531 929 3588 quo
962 3531 1024 3572 se
1062 3517 1228 3572 habet
1262 3517 1318 3572 in
1357 3516 1563 3585 seipsa,
1621 3513 1720 3570 sed
1770 3529 1871 3584 pro
1905 3514 2126 3568 ratione

534 3609 800 3681 temporis
833 3608 990 3664 varia
1017 3608 1122 3665 sub
1156 3607 1335 3664 forma
1358 3608 1534 3664 visam
1560 3621 1706 3663 esse.
1725 3607 1940 3678 Quippe
1965 3605 2120 3661 vario

533 3703 696 3757 modo
726 3703 1005 3773 propheta?
1036 3715 1161 3756 eam
1198 3698 1512 3772 conspicati
1542 3708 1691 3765 sunt,
1726 3698 1904 3768 deque
1933 3711 1998 3752 ea
2028 3710 2121 3751 va-

528 3795 649 3851 rius
678 3794 826 3865 apud
849 3793 976 3850 illos
1002 3807 1189 3849 sermo
1217 3793 1515 3862 reperitur.
1575 3789 1748 3848 Isaias
1798 3789 1946 3844 enim
2004 3802 2117 3843 uno

530 3886 734 3942 modo:
771 3884 1028 3940 Ezechiel
1065 3899 1199 3939 vero
1247 3899 1358 3939 non
1387 3883 1580 3939 eadem
1611 3897 1678 3937 ac
1726 3879 1821 3936 ille
1875 3880 2115 3936 ratione.

529 3978 768 4033 Docebat
803 3977 991 4048 itaque
1019 3972 1336 4047 Philippum
1375 3975 1685 4046 intelligere
1740 3972 1852 4030 ﬁeri
1887 3973 2114 4029 omnino

531 4083 642 4124 non
680 4084 871 4140 posse'
900 4077 962 4124 ut
1009 4068 1252 4126 divinam
1307 4067 1672 4124 substantiam
1706 4081 1804 4137 per
1865 4081 2113 4131 carnem,

532 4162 650 4217 sive
676 4176 802 4217 cum
834 4177 1001 4219 carne
1033 4162 1161 4233 quis
1199 4162 1523 4233 perspiciat.
1565 4160 1791 4231 Alioqui
1831 4158 2118 4230 prudentis

531 4260 587 4308 et
624 4254 837 4324 sagacis
875 4269 988 4309 non
1016 4261 1160 4318 erat,
1193 4268 1321 4308 cum
1356 4253 1538 4323 imago
1588 4258 1642 4308 et
1674 4251 2117 4323 perfectissimus

531 4342 816 4399 character
846 4341 943 4398 Dei
967 4358 1031 4398 ac
1056 4341 1241 4398 Patris
1271 4341 1322 4398 ei
1354 4342 1574 4398 adesset
1594 4343 1663 4411 ⁸³,
1714 4343 1895 4414 ipsum
1932 4342 2119 4413 requi-

531 4449 655 4490 rere
697 4435 1056 4507 archetypum
1101 4435 1350 4490 nondum
1397 4435 1617 4492 adesset
1657 4443 1712 4493 et
1743 4451 1807 4492 ea
1857 4450 1968 4506 qua
2019 4450 2118 4505 par

2206 3339 2564 3412 -ὑποτοπήσαι
2598 3341 2730 3395 ποτὲ
2764 3343 2988 3414 ἐμφανῆ
3017 3343 3115 3415 τὴν
3156 3344 3307 3399 θείαν
3334 3346 3591 3415 γενέσθαι
3616 3347 3802 3419 φύσιν,

2219 3430 2414 3497 οὕτως,
2444 3432 2520 3498 ὡς
2552 3432 2665 3505 ἔχει
2725 3434 2845 3490 καθ’
2877 3435 3100 3507 ἑαυτὴν,
3131 3436 3459 3493 πλάττεσθαι
3517 3438 3573 3492 δὲ
3606 3440 3806 3512 μᾶλλον

2218 3528 2301 3590 εἰς
2327 3526 2389 3580 τὸ
2414 3525 2492 3597 τῷ
2518 3528 2697 3599 καιρῷ
2727 3527 3178 3600 πρεπωδέστερον
3218 3531 3424 3603 σχῆμα.
3460 3533 3573 3586 Καὶ
3600 3532 3733 3602 γοῦν
3758 3534 3806 3587 oi

2222 3619 2496 3690 προφῆται
2526 3618 2797 3691 διαφόρως
2826 3620 2989 3675 αὑτὸν
3016 3621 3324 3691 τεθέανται,
3355 3626 3451 3678 καὶ
3479 3626 3728 3691 ποικίλος
3750 3645 3807 3681 τε

2222 3708 2351 3780 περὶ
2373 3706 2506 3762 Θεοῦ
2533 3710 2662 3779 παρ’
2694 3708 2923 3774 ἐκείνοις
2948 3711 2976 3764 ὁ
2997 3710 3176 3782 λόγος.
3213 3714 3270 3767 '0
3293 3714 3393 3786 μὲν
3419 3716 3527 3786 γὰρ
3577 3718 3805 3783 Ἡσαΐας

2219 3798 2456 3869 ἑτέρως’
2512 3799 2771 3870 ’ῐεζεχιὴλ
2823 3800 2881 3854 δὲ
2915 3801 3081 3856 πάλιν
3127 3803 3227 3876 οὐχ
3289 3805 3491 3876 ὁμοίως
3541 3807 3624 3880 τῷ
3678 3821 3805 3883 παρ’

2219 3890 2413 3961 ἐκείνῳ
2442 3888 2683 3961 θαύματι
2717 3890 2827 3964 [ἷσ.
2855 3891 3136 3967 θεάματι].
3180 3896 3328 3950 Ἔδει
3351 3897 3532 3953 τοίνυν
3565 3903 3805 3957 συνιέναι

2218 3980 2309 4035 τὸν
2349 3979 2633 4046 Φίλιππον,
2666 3982 2742 4047 ὡς
2797 3978 2866 4056 ῆν
2892 4002 2945 4038 τι
2994 3985 3104 4041 τῶν
3149 3989 3447 4060 ἀμηχάνων
3502 3994 3802 4060 παντελῶς,

2216 4072 2317 4144 τὴν
2385 4072 2534 4129 θείαν
2593 4074 2856 4131 δύνασθαι
2887 4079 3127 4135 κατιδεῖν
3175 4082 3385 4150 οὐσίαν,
3411 4084 3688 4144 καὶτοῦτο
3717 4089 3803 4145 διὰ

2220 4164 2442 4236 σαρκὸς,
2501 4167 2600 4220 καὶ
2638 4168 2698 4221 οὐ
2723 4250 2737 4254 Δ
2771 4169 2913 4240 μετὰ
2967 4172 3189 4244 σαρκὸς,
3220 4175 3309 4229 ὅτε
3365 4177 3461 4231 καὶ
3501 4179 3561 4233 οὐ
3598 4182 3802 4254 σφόδρα

2217 4255 2489 4327 νουνεχὲς,
2521 4250 2803 4330 παρούσης
2826 4261 2976 4333 αὺτῷ
3012 4263 3112 4334 τῆς
3143 4265 3372 4335 εἰκόνος,
3421 4269 3514 4322 καὶ
3542 4250 3805 4342 ἀκριϐοῦς

2219 4348 2567 4418 χαρακτῆρος
2599 4348 2694 4401 τοῦ
2718 4348 2853 4404 Θεοῦ
2884 4352 2980 4405 καὶ
3019 4353 3258 4426 Πατρὸς,
3312 4357 3400 4411 ἐπ’
3439 4357 3571 4412 αὐτὸ
3618 4358 3802 4431 ζητεῖν

2222 4436 2359 4490 ίέναι
2394 4437 2455 4490 τὸ
2501 4437 2830 4509 ἀρχέτυπον,
2889 4440 2962 4506 ὡς
3018 4441 3172 4498 οὔπω
3217 4446 3410 4518 παρὸν,
3462 4448 3557 4501 καὶ
3591 4448 3714 4502 καθ’
3746 4450 3804 4504 ὃν

530 4535 652 4583 erat
678 4528 895 4584 ratione
922 4527 1365 4584 demonstratum
1415 4535 1585 4585 esset.
1631 4527 1715 4583 Ad
1746 4526 2114 4583 exhibendam

2220 4529 2328 4584 ἔδει
2388 4528 2546 4598 λόγον
2610 4531 2934 4603 ὲπιδειχθέν.
3004 4535 3329 4611 ’Ῑκανωτάτη
3387 4541 3495 4614 γὰρ
3553 4540 3676 4596 λίαν
3725 4544 3803 4608 είς

531 4619 681 4676 enim
703 4634 768 4675 ac
791 4618 1297 4690 repraesentandam
1323 4617 1416 4675 Dei
1443 4633 1509 4676 ac
1537 4618 1720 4675 Patris
1745 4618 2115 4676 substantiam

534 4713 659 4783 plus
699 4711 835 4768 satis
862 4710 1064 4767 sullicit
1093 4710 1485 4782 contemplatio
1521 4711 1754 4776 Christi,
1801 4710 1899 4781 qui
1957 4717 2114 4779 opta-

531 4804 812 4860 tissimum
872 4803 1008 4860 illud
1068 4804 1242 4860 decus
1288 4803 1491 4876 regalis
1546 4804 1694 4859 unde
1758 4803 1976 4875 genitus
2030 4808 2116 4858 est

533 4898 859 4954 substantia:
891 4905 1048 4954 recte
1080 4908 1136 4954 et
1194 4906 1455 4954 accurate
1498 4897 1780 4969 exprimit.
1841 4897 1889 4950 Α
1927 4896 2113 4951 fructu

530 4992 677 5048 enim
728 4992 895 5047 arbor
928 4992 1303 5063 cognoscitur,
1347 4990 1509 5062 juxta
1565 4989 1742 5061 ipsius
1798 4987 2114 5044 Servatoris

528 5097 719 5139 vocem
753 5083 822 5137 ⁸⁵.
865 5082 1000 5138 Cum
1050 5083 1218 5155 igitur
1263 5081 1385 5137 Filii
1435 5079 1827 5149 contemplatio
1885 5079 2111 5135 cordato

532 5172 768 5228 suiliciat
811 5172 881 5227 ad
922 5172 1419 5230 demonstrandum
1471 5176 1528 5225 et
1561 5176 1756 5224 exacte
1802 5168 2112 5226 docendum

531 5264 792 5334 quidnam
843 5264 913 5319 sit
964 5265 1271 5321 secundum
1312 5270 1568 5317 naturam
1598 5269 1653 5318 et
1707 5261 1830 5331 ejus
1874 5262 2110 5333 genitor,

530 5369 974 5424 supervacaneus
999 5355 1191 5411 forsan
1211 5353 1472 5424 discipuli
1499 5367 1681 5409 sermo
1707 5352 1872 5408 videri
1898 5360 2108 5424 potest:

536 5460 746 5501 summa
773 5455 957 5504 tamen
1005 5448 1168 5504 laude
1215 5462 1328 5503 non
1375 5446 1605 5503 carebit.
1665 5444 1775 5502 Nec
1809 5448 1954 5502 enim
1991 5461 2109 5503 me-

531 5535 795 5593 diocriter
882 5537 1267 5594 admirandum
1343 5553 1468 5595 esse
1539 5545 1710 5610 puto,
1800 5552 1924 5592 cum
1993 5537 2107 5594 ait:

2221 4620 2569 4692 παράστασιν
2624 4624 2725 4696 τῆς
2787 4626 2978 4693 οὐσίας
3036 4628 3131 4682 τοῦ
3177 4630 3313 4685 Θεοῦ
3361 4633 3455 4687 καὶ
3499 4634 3802 4708 Πατρὸς,ή

2220 4713 2461 4784 Χριστοῦ
2489 4713 2713 4788 θεωρία,
2748 4717 2929 4783 καλῶς
2965 4736 3024 4774 τε
3073 4720 3166 4775 καὶ
3199 4722 3444 4795 ἀκριϐῶς
3488 4725 3802 4795 ἐξυφαίνον-

2219 4822 2312 4870 τος
2338 4806 2401 4859 τὸ
2430 4805 2753 4880 ἀξιέραστον
2791 4811 3006 4879 κάλλος,
3040 4814 3141 4884 τῆς
3165 4814 3288 4870 ὅθεν
3314 4816 3478 4888 ἐξέφυ
3514 4817 3802 4892 βασιλικῆς

2219 4897 2426 4963 οὐσίας.
2465 4898 2598 4953 Ἀπὸ
2622 4901 2730 4975 γὰρ
2760 4901 2856 4957 τοῦ
2877 4904 3091 4977 καρποῦ
3116 4907 3176 4960 τὸ
3198 4907 3412 4980 δένδρον
3440 4910 3802 4980 ἐπιγινώσκε-

2219 5006 2333 5053 ται,
2358 4989 2500 5044 κατὰ
2525 4991 2624 5062 τὴν
2649 4993 2814 5047 αὐτοῦ
2846 4994 2939 5049 τοῦ
2965 4996 3216 5070 Σωτῆρος
3253 5001 3458 5072 φωνήν.
3506 5002 3803 5074 Ἐξαρκού-

2222 5097 2323 5151 σης
2342 5081 2632 5153 τοιγαροῦν
2656 5082 2734 5155 τῷ
2752 5099 2815 5153 γε
2851 5083 2996 5153 ἅπαξ
3029 5088 3235 5160 συνετῷ
3255 5091 3355 5163 τῆς
3386 5089 3480 5144 τοῦ
3500 5091 3633 5146 Υίοῦ
3668 5093 3799 5148 θεω-
3821 5077 3827 5088 ’

2220 5173 2344 5243 ρίας
2376 5176 2456 5239 είς
2477 5175 2822 5245 παράστασίν
2851 5196 2909 5232 τε
2937 5181 3030 5234 καὶ
3058 5181 3261 5253 ἀκριϐῆ
3294 5183 3695 5256 πληροφορίαν,
3720 5187 3799 5250 τίς

2218 5264 2285 5316 ἂν
2307 5262 2392 5336 εἴη
2445 5264 2588 5320 κατά
2634 5265 2795 5334 φύσιν
2831 5268 2928 5323 καὶ
2952 5270 3267 5342 ὁγεννήσας
3302 5273 3465 5327 αὐτόν
3489 5291 3504 5306 ·
3542 5277 3796 5347 περιττὸς

2222 5355 2320 5425 μὲν
2344 5357 2641 5421 ῐσωςὸτοῦ
2676 5360 2920 5431 μαθητοῦ
2970 5362 3220 5432 φαίνεται
3268 5365 3446 5434 λόγος,
3502 5366 3645 5439 πλὴν
3698 5368 3793 5421 οὐκ

2218 5447 2324 5513 ἔξω
2352 5449 2596 5503 κείσεται
2623 5449 2733 5504 τῶν
2756 5454 2832 5518 είς
2859 5454 3030 5525 ἄκρον
3062 5455 3297 5510 ἐπαίνων
3329 5458 3595 5529 ἡκόντων.
3624 5460 3791 5514 Αὐτὸν

2217 5541 2326 5612 γὰρ
2352 5536 2505 5613 οἶμαι
2549 5544 2657 5599 δεῖν
2714 5546 2774 5600 οὐ
2834 5546 3071 5620 μετρίως
3108 5549 3498 5621 ἀποθαυμάσαι
3523 5551 3785 5622 λέγοντα⁶

608 5709 653 5742 ⁸⁸
684 5713 852 5772 Exod.
895 5728 1107 5781 “xm,
1165 5713 1257 5769 ‘20.
1338 5714 1381 5748 ⁸⁵
1420 5713 1461 5769 ll
1496 5715 1619 5778 Cor,
1678 5735 1748 5794 iv,
1799 5720 1832 5775 ι
1935 5718 1981 5750 ⁸⁸
2037 5719 2115 5775 Ma

2220 5760 2225 5772 .
2284 5736 2391 5790 xu,
2429 5723 2519 5780 55.
