3992 6316
204 377 312 435 9.0!

1225 383 1291 442 IN
1327 381 1612 443 JOANNIS
1644 382 2093 441 EVANGELIUM
2142 381 2270 440 LIB.
2305 381 2394 438 ιχ.

3340 384 3447 442 202

212 509 236 545 ι
267 490 448 556 Δεῖξον
469 493 601 563 ἡμῖν
631 493 720 547 τὸν
750 495 985 567 Πατέρα,
1010 499 1100 552 καὶ
1139 501 1296 571 ἀρκεῖ
1325 503 1479 572 ἡμῖν.
1503 520 1520 552 ι
1555 501 1770 570 Ὅμοιον

1889 518 1908 550 ι
1942 498 2179 556 Ostende
2225 497 2384 554 nobis
2427 495 2664 563 Patrem,
2714 507 2767 552 et
2804 497 3002 553 suﬁicit
3028 495 3208 554 nobis.
3242 515 3264 552 ι
3301 497 3447 557 Idem

205 585 321 656 γὰρ
349 585 424 648 ὡς
456 588 505 638 εί
529 585 631 657 ἔφη
662 588 820 659 τυχόν
843 607 856 620 ·
907 591 1094 662 Πάσης
1130 593 1196 646 ἂν
1228 595 1358 648 εἵσω
1387 593 1642 662 γενέσθαι
1678 593 1780 663 τῆς

206 675 478 746 θυμηδίας
505 678 1068 755 ὁμολογήσαιμεν,καὶ
1085 686 1222 755 πρὸς
1241 686 1300 739 τὸ
1326 683 1463 738 εἶναι
1491 683 1780 756 μακαρίως

203 762 364 817 οὐδέν
387 765 502 816 ἐστι
537 763 648 836 [γρ.
679 766 784 840 ἔτι]
829 768 892 823 τὺ
937 771 1121 826 λεῖπον
1181 774 1538 846 ζητήσαιμεν,
1589 775 1639 827 εί
1680 772 1779 844 τῆς

203 855 306 908 τοῦ
337 856 473 911 Θεοῦ
507 860 603 912 καὶ
639 861 852 934 Πατρὸς
893 863 1257 938 ἀξιωθείημεν
1288 867 1619 922 πολυεύκτου
1651 867 1778 930 θέας

206 949 305 1000 καὶ
321 948 495 1003 αὐτοί.
540 950 598 1003 '0
631 951 687 1004 δὲ
727 954 927 1019 παντὸς
986 955 1207 1028 προθεὶς
1259 957 1488 1026 ἀγαθοῦ,
1539 958 1636 1012 καὶ
1681 956 1776 1010 τοῦ

204 1037 490 1105 δοκοῦντος
543 1043 619 1106 είς,
651 1044 921 1115 εὐθυμίαν
981 1048 1274 1114 συντελεῖν,
1303 1049 1402 1121 τὴν
1437 1049 1533 1104 τοῦ
1566 1051 1778 1121 Πατρὸς

207 1127 362 1194 θέαν,
401 1129 519 1195 πῶς
553 1134 652 1187 οὐκ
675 1133 742 1188 ἂν
770 1135 1083 1205 ὁμολογοῖτο
1112 1139 1310 1203 παντὸς
1340 1139 1605 1212 ὑπάρχειν
1627 1141 1776 1207 ἀξιος

203 1220 524 1292 θαύματος;
574 1225 728 1280 Οὕτω
762 1228 859 1298 μὲν
887 1225 980 1284 οὖν
1000 1231 1070 1284 τὰ
1099 1233 1157 1285 ἐν
1179 1231 1258 1302 τῷ
1295 1232 1637 1304 προκειμένῳ
1664 1233 1778 1286 δια-

201 1311 512 1384 ληψόμεθα,
547 1317 798 1388 καθάπερ
845 1315 1020 1390 οἶμαι,
1045 1323 1186 1377 κατά
1213 1326 1314 1395 τὴν
1347 1325 1569 1395 εὐστιϐῆ
1601 1343 1660 1378 τε
1684 1326 1777 1378 καίι

200 1406 584 1480 ἁπλουστέραν
603 1413 715 1474 τοῖς
777 1413 988 1478 πολλοῖς
1018 1414 1269 1488 θεωρίαν.
1296 1417 1358 1470 Εἰ
1384 1417 1441 1470 δὲ
1464 1418 1570 1490 χρή
1597 1435 1652 1471 τι
1685 1418 1777 1471 καλ⁴

201 1500 626 1571 περιεργότερον
661 1502 807 1568 ίδεῖν,
849 1505 945 1558 καὶ
986 1506 1125 1576 τάχα
1152 1523 1204 1560 τι
1232 1506 1342 1560 τῶν
1379 1509 1776 1580 κεκρυμμένων

200 1588 404 1656 εἰπεῖν,
463 1591 757 1662 οἰησόμεθά
794 1611 847 1647 τι
891 1595 981 1649 τὸν
1024 1596 1290 1652 Φίλιππον
1319 1598 1524 1668 φράσαι
1550 1616 1608 1651 τε
1639 1598 1775 1668 ὁμοῦ

199 1677 302 1729 καὶ
355 1677 556 1746 νοῆσαι
595 1681 852 1736 τοιοῦτον.
917 1686 1324 1741 Κατεδάκνοντο
1363 1689 1492 1758 γάρ,
1543 1689 1634 1742 ἐπὶ
1661 1691 1777 1751 τοῖς

196 1767 299 1822 τοῦ
330 1770 581 1841 Σωτῆρος
607 1770 899 1844 θαύμασιν,
922 1776 974 1828 οἱ
994 1776 1104 1830 τῶν
1141 1779 1410 1833 Ἰουδαίων
1439 1781 1773 1850 προεπηκὸς

1881 591 2026 647 enim
2059 600 2145 646 est
2175 605 2240 646 ac
2267 590 2312 646 si
2339 589 2528 645 forsan
2557 588 2802 645 diceret:
2833 587 3208 660 Omnigaudii
3246 605 3448 660 genere

1881 698 1984 740 nos
2016 683 2327 738 cumulatus
2361 681 2678 747 fatebimur,
2733 695 2839 736 nec
2869 681 2936 736 ad
2983 681 3296 737 felicitatem
3342 680 3446 735 ali-

1882 772 2009 844 quid
2035 773 2180 826 ultra
2207 774 2572 842 requiremus,
2607 770 2652 824 si
2677 768 2774 824 Dei
2797 785 2863 825 ac
2894 770 3075 826 Patris
3102 771 3448 840 optatissima

1881 864 2042 935 775
2072 864 2283 920 visione
2317 863 2425 916 frui
2463 863 2700 918 licuerit.
2754 863 2822 916 At
2851 863 2944 934 qui
2978 863 3152 918 Fatris
3179 863 3446 920 visionem

1882 955 2040 1010 bonis
2070 955 2328 1011 omnibus
2355 969 2418 1008 ac
2444 954 2608 1010 rebus
2634 970 2755 1026 qum
2789 955 2853 1009 ad
2889 954 3200 1010 felicitatem
3239 955 3448 1011 condu—

1881 1061 2006 1102 cere
2026 1047 2279 1102 videntur
2306 1046 2591 1117 anteponit
2612 1086 2628 1110 ,
2665 1061 2734 1100 an
2764 1061 2873 1102 non
2905 1047 3054 1102 omni
3079 1049 3447 1103 admiratione

1882 1139 2082 1208 dignus
2119 1137 2488 1208 praedicetur?
2526 1137 2625 1192 Hic
2655 1137 2877 1210 quidem
2930 1148 3014 1194 est
3038 1139 3305 1209 propositi
3334 1139 3444 1195 loci

1882 1230 2080 1299 planus
2107 1237 2161 1284 et
2193 1229 2424 1301 simplex
2455 1245 2674 1286 sensus.
2716 1227 2911 1285 Verum
2952 1230 3000 1286 si
3054 1229 3363 1285 abstrusius
3392 1238 3448 1286 et

1882 1321 2154 1378 curiosius
2185 1321 2443 1393 quiddam
2486 1321 2820 1378 afferendum
2855 1329 2958 1386 est,
3004 1321 3114 1377 tale
3158 1321 3288 1391 quid
3320 1320 3448 1376 Phi-

1884 1410 2084 1478 lippum
2113 1409 2325 1466 dixisse
2358 1417 2413 1464 et
2437 1411 2713 1480 cogitasse
2745 1411 3079 1479 putabimus.
3129 1409 3447 1464 Judaeorum

1883 1501 2180 1570 praepositi,
2221 1512 2277 1557 et
2335 1501 2540 1557 Scriba:
2591 1511 2754 1571 atque
2792 1501 3076 1566 Pharisaei,
3139 1500 3448 1558 Servaloris

1882 1591 2163 1647 miraculis
2212 1593 2613 1664 pungebantur,
2657 1600 2712 1647 et
2757 1592 3063 1648 innumeris
3112 1591 3286 1662 signis
3335 1606 3446 1648 non

1882 1695 2046 1737 secus
2071 1696 2132 1736 ac
2155 1683 2428 1752 lapidibus
2455 1683 2610 1753 petiti
2639 1682 2841 1736 invidia
2865 1682 3282 1750 rumpebantur,
3307 1683 3448 1739 scie-

1884 1773 2120 1843 bantque
2147 1790 2206 1830 se
2235 1776 2385 1829 nullo
2426 1775 2589 1828 modo
2631 1789 2794 1843 posse
2826 1774 3095 1829 adversus
3126 1789 3249 1827 eum
3289 1772 3446 1842 quid-

197 1873 319 1922 τες,
347 1859 442 1911 καὶ
471 1860 604 1930 πρὸς
627 1862 837 1927 τούτοις
875 1863 958 1917 ἔτι
1005 1865 1359 1939 Γραμματεῐς
1397 1886 1458 1922 τε
1491 1870 1585 1922 καὶ
1611 1870 1770 1938 Φαρι-

1881 1878 2044 1932 quam
2095 1879 2274 1934 agere,
2307 1873 2402 1918 aut
2450 1879 2574 1919 eum
2602 1879 2632 1917 a
2685 1863 2969 1918 miraculis
2999 1863 3228 1918 edendis
3262 1861 3447 1932 prohi-

201 1950 372 2014 σαῖοι,
408 1950 502 2002 καὶ
559 1954 678 2013 ταῖς
720 1953 1051 2026 ἀμετρήτοις
1101 1957 1469 2030 θεοσημείαις,
1528 1959 1774 2030 καθάπερ

196 2041 316 2093 τισὶ
348 2040 514 2105 λίθοις
539 2043 618 2104 εἰς
671 2045 898 2114 καρδίαν
945 2047 1280 2120 βαλλόμενοι,
1319 2051 1413 2105 καὶ
1442 2053 1775 2124 ἐρρήγνυντο

197 2131 285 2202 τῷ
309 2133 507 2205 φθόνῳ,
536 2135 630 2188 καὶ
657 2136 850 2207 δρᾶσαι
875 2139 974 2208 μέν
997 2159 1050 2194 τι
1084 2142 1221 2212 πρὸς
1247 2142 1440 2208 ταῦτα,
1467 2145 1562 2197 καὶ
1587 2161 1776 2214 τερατ-

197 2220 505 2291 ουργοῦντα
551 2223 870 2280 διακωλύειν
923 2229 992 2281 δι’
1033 2230 1248 2295 οὐδενὸς
1293 2232 1510 2303 ·ίσχύειν
1573 2235 1773 2305 ᾔδεσαν

195 2313 407 2384 τρόπου
432 2330 446 2344 ·
499 2314 848 2388 διασύροντες
899 2321 956 2373 δὲ
1007 2322 1146 2376 οὕτω
1175 2324 1242 2377 τὰ
1270 2325 1588 2395 παραδόξως
1612 2345 1774 2398 γεγε-

196 2418 269 2474 νη
278 2402 434 2472 μένα,
462 2405 558 2458 καὶ
586 2409 695 2470 τοῖς
721 2407 780 2471 ἐξ
795 2409 1006 2478 ἀπάτης
1027 2414 1563 2484 κατασμικρύνοντες
1595 2417 1773 2483 λόγοις

195 2494 306 2564 τὴν
329 2494 485 2559 δόξαν
515 2497 702 2562 αὐτοῦ,
728 2500 836 2553 ἄνω
853 2517 912 2553 τε
931 2501 1024 2554 καὶ
1051 2504 1199 2558 κάτω
1216 2504 1313 2575 τὴν
1339 2505 1450 2559 τῶν
1503 2508 1772 2562 Ἰουδαίων

194 2579 504 2648 διαθέοντες
552 2585 756 2657 χώραν,
805 2588 968 2660 αὑτήν
998 2609 1056 2643 τε
1093 2592 1192 2663 τὴν
1235 2583 1609 2666 Ἰερουσαλήμ,
1643 2598 1772 2650 ποτὲ

198 2674 309 2744 μὲν
362 2674 598 2746 ἔφασκον
642 2679 700 2731 ὲν
755 2679 1075 2746 Βεελςεϐοὺλ
1116 2685 1280 2738 αὐτὸν
1332 2687 1658 2757 ἐργάζεσθαι
1703 2690 1773 2745 τὰ

195 2769 406 2836 σημεῖα
425 2785 438 2798 ·
496 2768 629 2822 ποτὲ
654 2769 711 2822 δὲ
759 2770 920 2825 πάλιν
946 2775 1026 2838 εἰς
1063 2774 1364 2836 ἀκάθεκτον
1391 2778 1588 2847 μανίαν
1631 2779 1772 2846 ἐξοι-

195 2857 544 2929 στρούμενοι,
598 2860 858 2933 δαιμονᾷν
919 2863 1019 2934 μὲν
1072 2865 1330 2934 ἔφασκον,
1361 2869 1460 2922 οὐκ
1488 2869 1684 2924 εἰδέναι
1712 2871 1769 2925 δὲ

195 2947 236 3004 ἆ
293 2967 476 3021 φησιν.
543 2951 844 3024 Ἐπετίμων
905 2957 1012 3025 γάρ
1053 2959 1166 3022 τοῖς
1242 2957 1421 3029 ὄχλοις
1484 2959 1768 3030 λέγοντες·

197 3057 218 3091 ι
253 3039 544 3109 Δαιμόνιον
561 3040 690 3112 ἔχει,
733 3044 826 3097 καὶ
854 3046 1106 3115 μαίνεται
1175 3049 1229 3099 τί
1270 3049 1431 3102 αὑτοῦ
1470 3051 1764 3112 ἀκούετε-ιιι

203 3129 1764 3197 ’Δλλ’...............

192 3309 472 3375 εὐκλείαις
490 3313 776 3386 ἀφορήτως
806 3316 1280 3390 ἀντεγειρόμενος,
1306 3321 1390 3386 τίς
1417 3323 1474 3376 δὲ
1503 3317 1657 3388 οὗτος
1677 3320 1766 3393 ἦν,

191 3401 507 3468 ἀναγκαίως
529 3403 657 3474 ἐρῶ.
714 3405 1020 3460 Ἀνέπειθον
1045 3408 1153 3480 γὰρ
1196 3411 1321 3474 τοὺς
1359 3411 1583 3483 δήμους,
1602 3413 1771 3466 καθά-

192 3507 307 3562 περ
377 3492 582 3563 ἀρτίως
623 3494 926 3566 ἐδείξαμεν,
948 3498 1039 3552 τὸν
1083 3499 1182 3570 μὲν
1212 3502 1362 3573 παρά
1393 3502 1487 3557 τοῦ
1515 3505 1771 3575 Σωτῆρος

193 3581 356 3652 ήμῶν
377 3583 451 3654 μὴ
471 3585 788 3655 προσίεσθαι
807 3587 1290 3662 λόγον,ὰποφοιτᾷν
1311 3593 1388 3659 δὲ,
1410 3594 1485 3657 ὡς
1499 3594 1771 3650 διδάσκον-

193 3689 290 3736 τος
323 3674 475 3745 παρά
524 3676 614 3730 τὸν
660 3679 844 3751 νόμον,
892 3679 989 3735 καὶ
1018 3681 1092 3746 ὡς
1149 3684 1488 3755 πορρωτάτω
1545 3687 1772 3756 φεύγειν

194 3765 516 3834 ἐπείγεσθαι
534 3807 549 3834 ,
577 3772 928 3840 προσκεῖσθαι
961 3772 1017 3826 δὲ
1058 3775 1257 3845 μᾶλλον
1275 3779 1387 3841 τοῖς
1414 3777 1500 3832 διά
1522 3781 1768 3844 Μωσέως

194 3858 665 3931 τεθεσπισμένοις.
698 3864 809 3917 Καὶ
827 3864 914 3920 διά
945 3867 1102 3919 ποίαν
1121 3868 1301 3923 αἰτίαν
1322 3887 1335 3934 ;
1355 3871 1632 3940 Ἔφασκον
1659 3874 1771 3945 γάρ

195 3949 281 4002 ὃτι
317 3949 524 4022 Μωσῆς
547 3955 645 4024 μὲν
673 3957 702 4007 6
735 3957 910 4027 μέγας
931 3960 1057 4024 τοὺς
1095 3959 1264 4015 πάλαι
1289 3961 1450 4027 λαοὺς
1476 3965 1765 4036 ἐξήνεγκεν

196 4041 277 4103 εἰς
305 4044 628 4114 συνάντησιν
658 4045 749 4100 τοῦ
774 4049 907 4102 Θεοῦ
925 4091 940 4116 ,
973 4053 1115 4106 κατά
1141 4053 1201 4106 τὸ
1229 4056 1636 4126 γεγραμμένον,
1675 4059 1768 4110 καὶ

197 4134 541 4205 παρέστησεν
575 4139 664 4191 ἐπὶ
691 4140 748 4192 τὸ
772 4141 894 4212 δρος
925 4145 983 4196 τὸ
1010 4144 1168 4212 Σινᾶ,
1219 4145 1385 4210 ἕδειξέ
1411 4164 1470 4200 τε
1503 4149 1688 4212 αὐτοῖς
1712 4153 1767 4204 ὲν

195 4222 276 4293 τῷ
313 4224 430 4294 ὄρει
450 4226 543 4279 τὸν
570 4228 698 4282 Θεὸν
717 4270 731 4296 ,
760 4231 854 4284 καὶ
885 4231 1115 4286 ἀκοῦσαι
1147 4235 1523 4305 παρεσκεύασε
1552 4238 1659 4292 τῶν
1684 4239 1770 4293 λό-

196 4330 311 4381 γων
350 4316 1017 4393 αὐτοῦ,πεπληροφόρηκέ
1050 4340 1105 4375 τε
1136 4325 1228 4377 καὶ
1260 4323 1404 4394 μάλα
1433 4327 1640 4395 σαφῶς,
1686 4329 1768 4381 ὅτι

194 4405 328 4469 Θεὸς
356 4407 532 4460 ἐλάλει
572 4409 696 4473 τοὺς
739 4411 937 4481 νόμους
962 4428 974 4442 ·
1029 4413 1057 4466 6
1087 4413 1143 4466 δὲ
1189 4414 1393 4467 τούτων
1419 4415 1567 4468 οὐδὲν
1598 4414 1764 4480 ἔδειξε

1883 1954 2010 2008 bere
2040 1970 2054 2008 :
2083 1953 2177 2009 sed
2214 1954 2500 2025 stupendis
2560 1954 2670 2008 illis
2703 1961 2756 2009 et
2783 1953 3019 2009 insolitis
3051 1954 3310 2024 operibus
3348 1953 3446 2009 de-

1878 2043 2192 2109 trahentes,
2228 2059 2293 2098 ac
2358 2044 2596 2100 versutis
2628 2043 2975 2100 sermonibus
3039 2044 3159 2114 ejus
3212 2045 3443 2116 gloriam

1874 2133 2170 2198 elevantes,
2207 2134 2566 2205 hucillucque
2591 2133 2900 2190 Judatorum
2931 2135 3208 2206 regionem
3233 2137 3436 2205 ipsam-

1875 2239 1982 2294 que
2005 2222 2309 2280 Jerusalem
2351 2226 2641 2290 obeuntes,
2681 2224 2842 2280 modo
2875 2226 3098 2295 quidem
3129 2226 3351 2282 aiebant
3383 2227 3440 2281 in

1875 2316 2170 2373 Beelzebul
2231 2333 2354 2373 eum
2426 2318 2578 2388 signa
2642 2317 2820 2374 facere
2841 2318 2922 2383 “7;
2978 2318 3142 2375 modo
3196 2317 3444 2374 effrenati

1876 2407 2078 2464 furoris
2117 2417 2286 2464 (nstro
2319 2409 2509 2478 perciti
2546 2407 2873 2464 daemonium
2922 2410 3123 2465 habere
3172 2410 3447 2478 dicebant,

1874 2505 1928 2552 et
1951 2501 2160 2555 nescire
2179 2515 2300 2571 quae
2321 2501 2658 2571 loqueretur.
2683 2499 3044 2570 lncrepabant
3065 2501 3208 2555 enim
3231 2501 3444 2566 turbas,

1874 2589 2165 2646 dicentes:
2213 2609 2231 2642 ι
2287 2590 2625 2645 Dmmonium
2684 2591 2870 2656 habet,
2919 2600 2972 2646 et
3019 2592 3264 2646 insanit:
3313 2592 3446 2662 quid

1872 2695 1996 2734 eum
2036 2682 2240 2736 auditis
2263 2682 2346 2736 δεῖ
2386 2701 2404 2733 ι
2436 2681 2570 2748 Quae
2606 2696 2736 2737 vero
2788 2696 2956 2738 causa
3017 2683 3294 2738 exstiterit
3344 2697 3448 2737 cur

1872 2771 1990 2840 ejus
2009 2772 2193 2843 gloria:
2215 2779 2501 2842 tantopere
2520 2773 2860 2838 resisterent,
2893 2773 3207 2830 necessario
3229 2773 3435 2828 dicam.

1870 2861 2278 2920 Persuadebant
2312 2865 2507 2929 turbis,
2537 2865 2699 2922 sicuti
2731 2865 2895 2921 modo
2911 2866 3438 2929 demonstravimus,

1869 2954 2175 3009 doctrinam
2214 2955 2521 3012 Servatoris
2550 2959 2725 3014 nostri
2761 2972 2870 3012 non
2895 2957 3214 3022 admittere,
3249 2957 3347 3014 sed
3372 2957 3445 3014 ab

1872 3057 1936 3098 ea
1976 3043 2234 3100 recedere
2267 3053 2327 3100 ut
2348 3047 2452 3117 legi
2477 3049 2782 3114 contraria,
2803 3063 2867 3102 ac
2889 3047 3210 3118 longissime
3228 3047 3438 3118 fugere,

1874 3137 2274 3208 praeceptisque
2306 3135 2563 3195 Mosaicis
2604 3139 2791 3209 potius
2835 3139 3137 3195 adhaerere.
3176 3138 3286 3195 Cur
3328 3139 3450 3194 ita?

1875 3228 2109 3284 Aiebam
2153 3228 2412 3283 nimirum
2445 3244 2704 3300 magnum
2777 3230 2929 3285 illum
2977 3223 3163 3286 Mosen
3214 3231 3449 3301 populos

1873 3319 2132 3375 eduxisse
2181 3319 2238 3374 in
2267 3333 2559 3376 occursum
2594 3318 2729 3384 Deo,
2759 3329 2820 3376 ut
2883 3323 3147 3392 scriptum
3191 3329 3277 3378 est
3291 3321 3366 3390 αθ,
3391 3330 3449 3378 et

1860 3410 1942 3467 ad
1975 3420 2210 3467 montem
2245 3407 2376 3466 Sina
2417 3413 2704 3479 statuisse,
2735 3414 2927 3485 eisque
2957 3411 3128 3469 Deum
3162 3413 3216 3468 in
3251 3424 3439 3469 monte

1874 3499 2208 3564 ostendisse,
2234 3508 2288 3555 et
2308 3493 2556 3557 eﬂ'ecisse
2609 3509 2669 3556 ut
2701 3517 2984 3558 sermones
3011 3503 3133 3572 ejus
3167 3501 3443 3567 audi-rent,

1873 3593 2128 3665 clareque
2148 3593 2559 3649 demonstrasse
2583 3592 2676 3648 Dei
2699 3609 2794 3647 ore
2821 3588 2992 3663 legem
3028 3590 3269 3658 editam;
3294 3593 3444 3646 hunc

1875 3688 2055 3738 autem
2096 3682 2328 3738 istorum
2362 3676 2500 3736 nihil
2531 3681 2692 3751 plane
2722 3677 2939 3736 fecisse.
2981 3677 3108 3734 Haec
3143 3680 3267 3736 illos
3292 3680 3445 3736 iden-

1874 3775 2045 3829 tidem
2081 3774 2415 3839 inculcasse,
2447 3773 2576 3827 hinc
2609 3772 2866 3842 accipies.
2903 3765 3126 3826 Videbis
3161 3772 3306 3827 enim
3349 3787 3445 3828 eos

1873 3881 2077 3922 caecum
2111 3862 2263 3921 illum
2307 3853 2338 3920 a
2395 3866 2702 3928 nativitate,
2737 3879 2898 3934 quem
2941 3860 3202 3917 Servator
3252 3862 3444 3918 inetia-

1871 3959 1966 4014 bili
1998 3959 2199 4014 virtute
2238 3959 2471 4022 curavit,
2499 3959 2583 4012 his
2623 3957 2803 4012 verbis
2837 3954 3262 4023 compellantes:
3299 3974 3318 4007 ι
3353 3953 3439 4010 Τιι

1873 4047 2182 4118 discipulus
2241 4042 2389 4102 illius
2423 4049 2540 4102 sis:
2591 4061 2693 4101 nos
2724 4055 2903 4100 autem
2944 4036 3118 4114 Moysi
3178 4044 3442 4114 discipuli

1870 4150 2079 4193 sumus.
2149 4129 2260 4193 Nos
2329 4133 2479 4194 enim
2515 4131 2721 4192 scimus
2785 4137 2912 4206 quia
2974 4132 3144 4205 Moysi
3221 4135 3440 4192 locutus

1871 4239 1954 4286 est
1978 4228 2139 4294 Deus,
2168 4229 2317 4284 hunc
2336 4245 2472 4284 vero
2501 4229 2777 4285 nescimus
2811 4227 2956 4282 uncle
2976 4227 3131 4281 sit".
3159 4246 3178 4279 ι
3200 4226 3443 4294 Quicun-

1871 4333 1978 4388 que
2006 4333 2136 4388 ergo
2164 4315 2412 4374 Judaicis
2438 4318 2653 4390 placitis
2686 4311 3152 4386 astipulabantur,
3182 4317 3441 4372 invictam

1871 4413 1925 4460 et
1972 4406 2452 4476 inexpugnabilem
2490 4407 2634 4461 hanc
2668 4407 2941 4460 rationem
2983 4420 3107 4460 esse
3152 4406 3438 4476 putabant,

196 4496 499 4560 παντελῶς.
551 4499 670 4552 Ὀτι
718 4499 773 4552 δὲ
807 4493 960 4566 οὗτος
999 4498 1066 4574 ἦν
1098 4503 1267 4568 πολὺς
1310 4499 1438 4576 παρ⁴
1466 4505 1695 4570 ἐκείνοις
1741 4509 1768 4560 6

1875 4497 2298 4567 turbabantque,
2333 4504 2392 4552 ut
2443 4492 2704 4552 credibile
2770 4505 2875 4562 est,
2930 4493 3094 4568 776
3140 4505 3306 4567 atque
3334 4497 3443 4552 hoc

194 4589 353 4657 λόγος
377 4630 393 4654 ,
435 4589 682 4644 ἐντεῦθεν
732 4593 970 4664 μαθήσῃ.
1021 4595 1328 4666 Θεωρήσεις
1369 4595 1476 4667 γὰρ
1511 4595 1768 4665 λέγοντας

195 4679 332 4750 πρὸς
359 4679 448 4732 τὸν
478 4681 541 4734 ὲκ
575 4680 800 4753 γενετῆς
827 4685 1053 4754 τυφλὸν,
1086 4685 1144 4740 ὃν
1168 4686 1392 4758 ἀρρήτῳ
1423 4687 1644 4759 δυνάμει
1678 4705 1766 4740 τε-

197 4770 538 4840 θεράπευκεν
590 4775 620 4826 6
664 4775 890 4846 Σωτήρ’
950 4796 968 4828 ι
1019 4777 1388 4850 Συμμαθητής
1430 4775 1482 4831 εἴ
1529 4779 1760 4844 ἐκείνου,

197 4863 358 4932 ήμεῖς
391 4863 445 4915 δὲ
473 4863 568 4917 τοῦ
605 4866 847 4930 Μωσέως
888 4867 1053 4938 ἐσμὲν
1095 4869 1352 4940 μαθηταί.
1417 4870 1607 4939 Ἡμεῖς
1654 4872 1762 4941 γάρ

195 4953 418 5024 οἴδαμεν
445 4953 525 5008 ὅτι
557 4957 728 5027 Μωσῇ
762 4956 1052 5028 λελάληκεν
1086 4961 1114 5012 6
1141 4960 1272 5024 Θεός
1294 4975 1310 4990 °
1358 4960 1544 5014 τοῦτον
1581 4962 1637 5015 δὲ
1663 4963 1764 5017 οὐκ

196 5043 420 5114 οἴδαμεν
447 5045 608 5098 πόθεν
634 5048 800 5101 ἐστίν.
833 5067 851 5098 ι
902 5049 1177 5120 Ἐνόμιζον
1202 5052 1381 5105 τοίνυν
1407 5052 1459 5105 οἱ
1486 5053 1596 5116 τοῖς
1638 5052 1764 5106 Ἰου-

197 5136 404 5200 δαῖκοῖς
455 5139 907 5208 συναγορεύοντες
951 5141 1214 5211 δόγμασι,
1267 5142 1763 5212 δυσανταγώνιστόν

198 5242 317 5278 τινα
347 5227 440 5279 τὸν
463 5227 559 5279 ἐπὶ
579 5228 784 5294 τούτοις
810 5232 1076 5287 ποιεῖσθαι
1111 5233 1287 5303 λόγον,
1318 5235 1411 5288 καὶ
1437 5235 1538 5289 οὐκ
1570 5236 1765 5289 εὐανάο

197 5333 428 5388 τρεπτον
462 5321 574 5381 τοῖς
622 5321 866 5386 πολλοῖς,
915 5323 1203 5394 ἐθορύϐουν
1228 5325 1304 5392 δὲ,
1331 5326 1404 5390 ὡς
1454 5326 1626 5391 εἰκὸς,
1671 5329 1764 5381 καὶ

199 5407 551 5473 ὑπεσκέλιζω
599 5409 685 5464 διὰ
715 5411 903 5465 τούτου
938 5414 1184 5478 πολλούς.
1229 5416 1400 5469 Τοῦτο
1427 5417 1547 5470 καθ’
1571 5416 1762 5470 ἑαυτὸν

201 5492 450 5566 ἐννοήσας
496 5499 524 5549 6
548 5498 812 5563 Φίλιππος
830 5540 846 5567 ,
895 5501 971 5566 ὡς
995 5502 1367 5574 λυθησομένης
1417 5505 1634 5575 ἁπάσης
1662 5504 1762 5574 τῆς

205 5583 303 5639 τῶν
350 5587 620 5640 Ἰουδαίων
661 5587 994 5657 ἀντιλογίας,
1039 5593 1087 5644 εἰ
1124 5593 1216 5644 καὶ
1263 5592 1423 5654 αὐτὸς
1459 5591 1679 5655 δείξειεν
1734 5593 1764 5642 ὁ

264 5767 306 5800 ⁸⁷
346 5767 486 5822 Luc.
520 5785 598 5830 xl,
639 5769 725 5822 15.
803 5769 847 5801 ⁸⁸
893 5769 1050 5826 Joan.
1086 5788 1139 5838 κ,
1170 5774 1258 5826 ‘20.

519 5860 787 5922 ΡΑπιοι..
829 5862 941 5925 Gn.
982 5864 1230 5926 LXXIV.

1876 4588 2039 4643 modo
2076 4588 2278 4644 multos
2314 4587 2666 4658 dejiciebaut.
2705 4583 2821 4642 Hoc
2862 4587 3007 4658 apud
3038 4601 3097 4643 se
3148 4586 3435 4657 Philippus

1875 4673 2181 4740 revolvens,
2205 4677 2361 4746 quasi
2388 4677 2569 4732 omnis
2581 4672 2692 4740 jlla
2721 4670 3033 4731 Iudaeorum
3053 4675 3296 4745 objectio
3320 4676 3444 4730 fun-

1871 4764 2022 4822 ditus
2045 4767 2264 4822 ruitura
2295 4775 2464 4833 esset,
2505 4767 2552 4822 si
2584 4772 2639 4823 et
2669 4769 2786 4837 ipse
2811 4765 3067 4823 Christus
3091 4766 3444 4822 credentibus
3471 4779 3476 4784 ‘

1871 4857 1926 4910 in
1992 4857 2170 4927 ipsum
2238 4856 2454 4911 Patrem
2508 4857 2856 4925 ostenderet,
2908 4858 2996 4912 his
3067 4872 3190 4911 eum
3255 4856 3442 4912 verbis

1869 4949 2200 5018 compellat:
2261 4966 2278 5000 ι
2322 4948 2571 5014 Domine,
2613 4950 2845 5005 ostende
2885 4950 3047 5004 nobis
3105 4946 3342 5012 Patrem,
3385 4955 3441 5002 et

1871 5039 2070 5096 sufﬁcit
2102 5041 2285 5096 nobis.
2309 5060 2326 5093 ι
2349 5038 2519 5111 Finge
2540 5041 2687 5097 enim
2713 5042 2829 5096 haec
2851 5055 2975 5096 eum
3007 5038 3184 5108 loqui:
3218 5036 3437 5103 Omnia,

1871 5133 2067 5204 inquit,
2110 5147 2144 5187 ο
2205 5129 2454 5197 Domine,
2494 5137 2589 5185 tua
2633 5138 2905 5202 potestate
2941 5136 3274 5200 peraguntur
3317 5143 3439 5199 qua:

1869 5234 1970 5279 nos
2003 5225 2070 5278 ad
2130 5221 2292 5278 fidem
2326 5222 2632 5290 inducunt;
2664 5221 2971 5277 innumeris
3030 5218 3313 5274 miraculis
3338 5218 3437 5276 Ju-

1869 5313 2041 5370 daicm
2105 5312 2459 5384 procacitatis
2519 5311 2899 5381 intemperiem
2962 5323 3218 5365 coercere
3289 5309 3437 5364 licet.

1869 5403 2019 5459 Nihil
2057 5412 2240 5460 autem
2269 5405 2431 5460 nobis
2463 5403 2625 5474 plane
2656 5399 2895 5456 defuerit
2927 5400 2974 5456 si
3026 5408 3082 5456 et
3111 5401 3229 5470 ipse
3279 5401 3439 5457 nobis

1868 5496 2089 5551 Patrem
2123 5509 2188 5551 ac
2217 5495 2388 5552 Deum
2437 5493 2789 5551 ostenderis:
2839 5492 3068 5549 sufﬁciet
3097 5494 3242 5549 enim
3291 5493 3444 5549 istud

1872 5588 1986 5644 tuis
2015 5587 2326 5656 discipulis,
2365 5594 2424 5642 ut
2455 5600 2646 5642 eorum
2697 5585 2792 5657 qui
2837 5585 2953 5641 hzec
2990 5586 3274 5658 proferunt
3321 5599 3438 5641 ser-

1365 5775 1406 5806 ⁸⁹
1445 5771 1610 5826 Exod.
1664 5786 1776 5824 xu.
1813 5769 1898 5825 17.
1977 5771 2021 5801 ⁹⁰
2053 5767 2211 5821 Joan.
2244 5783 2316 5831 Ix,
2345 5767 2439 5833 28,
2469 5766 2560 5820 29.

2931 5858 2962 5916 7
