3992 6316
516 369 626 429 Ξοὸ

1482 364 1538 418 S.
1571 361 1848 418 CYllILIJ
1887 362 2355 418 ALEXANDRINI
2397 361 2718 418 ARCIIIEP.

3681 362 3791 419 τοι

517 507 710 553 mones
741 489 1040 549 retundere
1075 487 1314 558 possint.
1363 484 1678 540 Istiusmodi
1722 499 1947 540 sensum
1992 484 2092 538 loci

2206 484 2438 554 Χριστὸς
2467 483 2578 546 τοῖς
2607 485 2685 546 εἰς
2711 482 2872 536 αὐτὸν
2900 481 3213 536 πιστεύουσι
3240 481 3330 536 τὸν
3353 483 3597 554 Πατέρα,
3623 485 3794 555 πρόσ-

516 588 683 659 hujus
712 584 1024 647 afferentes,
1053 597 1081 635 a
1113 588 1261 636 recta
1319 580 1535 635 ratione
1567 578 1889 648 neutiquam
1941 576 2098 632 deer-

465 665 472 741 ξ
517 682 781 736 rabimus.
815 676 884 731 Ut
914 676 1060 730 enim
1095 674 1202 729 hoc
1234 675 1397 728 modo
1430 671 1962 742 intelligamus,ipse
1997 685 2098 726 nos

517 772 800 841 Philippus
831 767 1028 840 adigit,
1059 767 1290 821 dicens:
1321 765 1530 820 Sufﬁcit
1577 764 1738 819 nobis
1777 762 1965 818 videre
1995 761 2097 816 Pa-

473 867 475 871 ‘
517 873 656 919 trem
687 870 742 918 et
768 861 963 926 Deum,
998 861 1162 930 quasi
1188 860 1292 914 hoc
1311 859 1491 914 solum
1535 855 1889 912 credentibus
1916 853 2098 920 desit;

471 946 480 970 -"
515 952 636 1022 ipse
662 963 885 1019 quoque
907 947 1164 1003 Christus
1191 945 1596 1017 quodammodo
1626 943 1941 1014 persuadet.
1966 957 2091 998 cum

517 1045 572 1098 in
605 1042 968 1112 sequentibus
999 1041 1074 1096 ait
1099 1060 1112 1095 :
1153 1059 1171 1092 ι
1213 1039 1394 1096 Verba
1417 1054 1540 1111 quas
1561 1054 1664 1111 ego
1695 1039 1892 1108 loquor
1914 1037 2091 1103 vobis,

517 1150 547 1188 a
577 1135 790 1198 meipso
823 1149 932 1189 non
963 1135 1190 1204 loquor:
1225 1131 1386 1188 Pater
1411 1141 1595 1187 autem
1631 1131 1685 1186 in
1718 1146 1804 1185 me
1843 1144 2094 1195 manens,

518 1226 641 1296 ipse
679 1223 813 1280 facit
845 1224 1104 1295 opera".
1146 1243 1164 1276 ›
1199 1221 1357 1290 Quod
1383 1221 1661 1293 quomodo
1686 1221 1756 1275 sit
1787 1219 2098 1290 intelligen-

517 1317 670 1379 dum,
699 1331 809 1370 non
841 1315 1362 1386 impraesentiarum,
1404 1313 1500 1369 sed
1545 1311 1722 1383 magis
1781 1310 1978 1366 idoneo
2041 1317 2098 1364 et

517 1408 766 1478 proximo
796 1407 1011 1462 dicetur
1035 1407 1174 1461 loco.

2202 592 2312 628 εισι
2339 575 2513 643 λέγων
2539 592 2552 605 ·
2597 594 2613 624 ι
2643 575 2815 646 Κύριε
2835 614 2849 637 ,
2889 574 3063 641 δεῖξον
3089 576 3218 646 ἡμῖν
3257 576 3348 629 τὸν
3385 575 3607 648 Πατέρα
3630 615 3646 642 ,
3696 578 3790 632 καὶ

2202 671 2364 739 ἀρκεῖ
2391 671 2540 739 ἡμῖν.
2573 687 2589 718 ι
2654 668 2853 721 Ἑννόει
2893 667 3003 737 γὰρ
3040 666 3300 738 λέγοντα’
3343 669 3559 728 Πάντα,
3597 669 3787 740 φησὶν,

2199 755 2245 815 ὦ
2268 761 2532 822 Δέσποτα,
2559 763 2637 824 εἰς
2661 761 2846 814 πίστιν
2872 760 3138 830 ἐπαγωγά
3173 761 3263 816 διὰ
3283 761 3383 832 τῆς
3411 762 3510 832 σῆς
3539 759 3793 826 ἔξουσίας

2198 853 2469 916 τελεῖται,
2497 853 2586 906 διά
2627 853 2839 925 μυρίων
2871 853 3170 926 θαυμάτων
3211 855 3587 924 δυσωπήσειεν
3610 855 3676 909 ἄν
3704 872 3794 918 τις

2203 946 2302 1017 τῆς
2329 945 2436 999 τῶν
2476 946 2744 1000 Ἰουδαίων
2789 946 3168 1016 γλωσσαλγίας
3217 947 3278 1000 τὸ
3326 947 3584 1018 ἀκρατὲς.
3634 947 3793 1000 Ἐπι-

2201 1039 2358 1112 λείψῃ
2387 1039 2432 1093 δ’
2469 1039 2535 1094 ἂν
2569 1040 2702 1111 ἡμῖν
2731 1041 2811 1102 είς
2843 1039 2904 1092 τὸ
2935 1040 3197 1111 παράπαν
3224 1037 3404 1102 οὐδὲν,
3435 1040 3482 1092 εί
3511 1039 3603 1092 καὶ
3628 1039 3794 1101 αὐτὸς

2201 1133 2337 1202 ἡμῖν
2366 1131 2656 1196 ἐπιδείξεις
2694 1133 2786 1185 τὸν
2824 1131 3046 1202 Πατέρα
3076 1131 3172 1186 καὶ
3208 1131 3342 1185 Θεόν
3365 1149 3380 1163 ·
3427 1131 3654 1202 ἀρκέσει
3682 1130 3795 1202 γὰρ

2202 1224 2360 1276 τοῦτο
2385 1225 2498 1287 τοῖς
2524 1226 2637 1287 σοῖς
2661 1223 2930 1295 μαθηταῖς
2947 1266 2961 1290 ,
2985 1226 3064 1288 εἰς
3085 1223 3146 1278 τὸ
3166 1223 3425 1279 δύνασθαι
3455 1224 3675 1288 λοιπὸν,
3699 1223 3796 1277 καὶ

2207 1313 2355 1384 μάλα
2383 1314 2716 1380 καλῶς,τοῖς
2746 1315 2854 1369 τῶν
2885 1319 3068 1371 ἐκεῖνα
3107 1314 3502 1386 προτεινόντων
3529 1312 3795 1368 καθοπλί-

2206 1403 2398 1469 ζεσθαι
2425 1404 2623 1474 λόγοις.
2675 1406 2946 1478 Τοιαύτην
2995 1407 3120 1460 τινὰ
3150 1405 3386 1478 θεωρίαν
3426 1408 3540 1470 τοῖς
3569 1422 3796 1477 προκει-

519 1497 702 1566 μένοις
755 1496 1102 1560 ὲποίσαντες,
1148 1495 1248 1549 οὐκ
1278 1495 1378 1560 ἂν,
1432 1491 1620 1564 οἶμαι,
1687 1493 1782 1548 τοῦ
1835 1493 2139 1566 πρέποντος
2199 1493 2360 1564 λόγου
2404 1496 2903 1570 διαμαρτήσαιμεν.
2971 1499 3144 1553 Καλεῖ
3189 1499 3296 1572 γὰρ
3342 1500 3491 1570 ἡμᾶς
3545 1499 3685 1570 πρὸς
3730 1498 3794 1552 τὸ

514 1588 658 1642 οὕτω
684 1592 824 1644 νοεῖν
875 1590 971 1642 καὶ
1017 1589 1182 1652 αὐτὸς
1228 1590 1256 1642 6
1306 1587 1613 1652 Φίλιππος,
1654 1587 1861 1656 λέγων·
1936 1588 2120 1658 Ἀρκεῖ
2157 1589 2294 1660 ἡμῖν
2337 1589 2399 1643 τὸ
2448 1590 2574 1644 ἰδεῖν
2609 1591 2700 1644 τὸν
2726 1592 2945 1663 Πατέρα
2975 1594 3069 1646 καὶ
3129 1593 3301 1657 Θεὸν,
3347 1593 3547 1646 ὡσανεὶ
3602 1591 3793 1645 τούτου

515 1679 610 1733 καὶ
648 1680 807 1749 μόνου
855 1682 969 1743 τοῖς
1000 1679 1426 1733 πεπιστευκόσιν
1471 1679 1872 1743 ὲλλελοιπότος,
1901 1678 2150 1734 ὑποτιθεῖ
2184 1680 2241 1734 δέ
2282 1699 2398 1745 πως
2419 1721 2433 1745 ,
2485 1683 2578 1737 καὶ
2607 1684 2769 1748 αὐτὸς
2802 1687 2829 1739 ὁ
2860 1684 3051 1756 Σωτὴρ
3071 1727 3085 1751 ,
3117 1687 3174 1739 ὲν
3205 1689 3318 1750 τοῖς
3357 1685 3551 1756 ἐφεξῆς
3589 1683 3790 1738 εἰπών·

521 1791 541 1824 ι
566 1770 648 1824 Τά
688 1772 932 1842 ῥήματα,
973 1771 1008 1824 ἃ.
1043 1770 1154 1838 ἐγὼ
1187 1771 1332 1839 λέγω
1383 1770 1533 1840 ὑμῖν,
1576 1771 1670 1824 ἀπ’
1702 1770 1939 1841 ἐμαυτοῦ
1964 1771 2024 1823 οὐ
2067 1771 2234 1841 λαλῶ,
2271 1775 2299 1826 6
2329 1774 2385 1826 δὲ
2416 1776 2608 1846 Πατὴρ
2637 1777 2694 1829 ἐν
2731 1776 2856 1847 ἐμοὶ
2888 1777 3065 1847 μένων
3085 1819 3098 1841 ,
3127 1777 3361 1831 ποιεῖτά
3391 1778 3526 1849 ἔργα
3553 1778 3737 1840 αὑτός.
3767 1793 3789 1826 ι

515 1862 591 1915 Τὸ
623 1863 679 1916 δὲ
723 1863 870 1925 ὅπως
908 1864 1172 1934 προσήκει
1225 1861 1320 1915 καὶ
1362 1861 1521 1914 τοῦτο
1576 1865 1747 1926 νοεῖν,
1777 1863 1876 1913 οὐκ
1918 1863 1973 1913 ἐν
2018 1860 2098 1932 τῷ
2128 1863 2357 1935 παρόντι
2389 1863 2624 1936 μᾶλλον,
2675 1867 2790 1920 ἀλλ’
2820 1869 2878 1920 ὲν
2915 1865 2994 1938 τῷ
3051 1868 3488 1940 πρεπωδεστέρῳ
3533 1868 3629 1922 καὶ
3674 1868 3791 1936 γεί-

515 1974 628 2010 τονι
661 1955 933 2022 λελέξεται
961 1956 1130 2025 τόπῳ.

586 2047 730 2112 Χιν,
759 2049 812 2102 9.
864 2047 1007 2100 Dicit
1048 2049 1095 2100 ei
1127 2047 1324 2100 Iesus:
1362 2044 1534 2100 Tanto
1571 2055 1797 2112 tempore
1837 2043 2098 2098 vobiscum
2135 2045 2177 2104 Β

516 2159 660 2206 sum,
689 2152 738 2196 et
765 2158 870 2195 non
902 2139 1192 2209 cognovisti
1223 2155 1325 2206 me,
1367 2136 1655 2207 Philippe?
1686 2137 1790 2203 Qui
1822 2135 1958 2190 videt
1996 2151 2098 2200 me,

516 2236 656 2290 videt
684 2243 732 2288 et
761 2233 1007 2286 Patrem.

591 2326 1031 2383 lnexcnsabilem
1067 2339 1191 2379 esse
1228 2323 1503 2394 discipulo
1529 2321 1893 2394 ignorantiam
1918 2329 2101 2376 osten-

517 2423 620 2476 dit.
649 2418 990 2474 Dillicillimaa
1019 2416 1164 2470 enim
1199 2416 1713 2486 contemplationes,
1735 2421 1788 2468 et
1820 2427 1940 2482 quae
1964 2412 2098 2467 sub-

517 2512 830 2568 tilissimam
896 2507 1099 2579 ingenii
1157 2508 1328 2561 aciem
1383 2515 1442 2559 ut
1493 2505 1870 2575 percipiantur
1919 2504 2100 2573 requi-

517 2612 666 2668 runt,
698 2602 913 2657 tametsi
957 2599 1099 2654 haud
1133 2599 1334 2669 exiguo
1390 2597 1579 2652 forsan
1614 2605 1880 2667 tempore,
1936 2595 2099 2665 longo

515 2708 695 2752 tamen
726 2694 905 2765 spatio
945 2689 1336 2762 comprehendi
1389 2697 1620 2760 queunt,
1678 2691 1724 2744 si
1761 2689 1922 2741 modo
1980 2695 2099 2742 stu-

515 2787 664 2843 dium
695 2783 844 2839 adsit
873 2801 887 2837 :
922 2783 976 2836 in
1014 2783 1219 2852 quibus
1251 2796 1385 2835 vero
1419 2781 1557 2834 nihil
1587 2785 1674 2833 est
1708 2777 1972 2848 ambigui,
2003 2775 2098 2831 sed

513 2892 636 2948 qua:
681 2884 829 2931 recta
860 2874 1180 2944 cognitione
1223 2880 1501 2937 constant,
1535 2871 1688 2925 nullo
1724 2871 1941 2940 negotio
1971 2884 2096 2939 per-

514 2969 814 3038 cipiuntur.
851 2965 993 3032 Quid
1026 2979 1176 3039 ergo,
1231 2963 1434 3034 inquit,
1495 2980 1528 3016 o
1559 2963 1831 3032 Philippe,
1863 2961 2096 3032 impedi-

514 3075 701 3119 mento
755 3063 919 3116 fuerit
967 3062 1266 3132 quominus
1314 3058 1552 3130 perfecte
1598 3075 1683 3112 me
1730 3073 2094 3127 agnosceres,

511 3157 778 3217 edissere,
811 3168 1018 3223 quaeso.
1075 3150 1226 3205 Licet
1253 3151 1396 3205 enim
1446 3157 1555 3204 tam
1605 3150 1828 3218 longum
1881 3156 2096 3218 tempus

511 3246 808 3312 eﬂluxerit,
841 3259 954 3316 quo
985 3260 1106 3300 sum
1138 3243 1444 3309 vobiscum,
1502 3249 1556 3298 et
1589 3243 1654 3297 ad
1687 3251 1890 3297 certam
1935 3241 2094 3296 fidem

513 3338 749 3394 sulliciat
804 3351 995 3392 eorum
1025 3351 1147 3406 quae
1178 3343 1228 3390 te
1266 3334 1481 3390 discere
1512 3333 1821 3404 oportebat,
1873 3332 2095 3388 dubitas

511 3436 696 3483 tamen
759 3426 962 3491 adhuc,
1008 3426 1119 3480 imo
1187 3439 1316 3480 vero
1401 3425 1658 3496 ignorare
1742 3422 2094 3478 convinceris

509 3523 637 3592 quis
693 3538 794 3594 ego
851 3520 954 3575 sim
1024 3519 1328 3576 secundum
1397 3528 1699 3584 naturam,
1780 3526 1836 3574 et
1905 3519 2092 3585 unde,

511 3614 766 3685 quamvis
793 3628 877 3668 me
909 3620 990 3665 tot
1013 3611 1278 3666 miracula
1314 3611 1554 3666 edidisse
1584 3609 1916 3680 comperias.
1941 3609 2092 3676 Quo-

510 3704 676 3759 modo
707 3719 832 3758 vero
863 3717 970 3756 non
1028 3700 1325 3772 agnovisli,
1358 3700 1577 3770 inquit,
1623 3700 1768 3770 quod
1816 3701 1910 3770 qui
1957 3699 2095 3754 vidit

511 3795 765 3860 me,vidit
791 3801 845 3848 et
874 3791 1128 3847 Patrem?
1153 3790 1446 3846 Enimvero
1479 3792 1696 3861 priscos
1721 3791 1845 3846 illos
1874 3789 2093 3846 Judaeos

510 3885 672 3956 777
705 3893 956 3938 naturam
994 3883 1234 3936 divinam
1270 3882 1325 3935 in
1355 3887 1543 3936 monte
1571 3880 1702 3935 Sina
1737 3881 2093 3952 perspexisse

509 3988 694 4048 putas,
731 3977 965 4046 ejusque
1015 3989 1203 4028 vocem
1263 3972 1485 4029 audisse
1534 3989 1660 4028 cum
1702 3989 1886 4029 rerum
1922 3989 2092 4047 agen-

512 4068 707 4121 darum
763 4068 910 4138 leges
957 4071 1206 4136 poneret.
1252 4062 1334 4118 Tu
1363 4078 1493 4119 vero
1533 4065 1778 4118 nondum
1829 4065 1925 4120 tibi
1968 4082 2092 4137 per-

514 4158 742 4212 suasisti
772 4157 989 4214 Patrem
1031 4165 1084 4212 te
1113 4155 1319 4211 vidisse
1349 4171 1448 4226 per
1475 4170 1560 4211 me
1596 4165 1651 4211 et
1684 4157 1736 4210 in
1771 4173 1877 4213 me.
1924 4178 1943 4211 ι
1985 4159 2090 4225 Qui

512 4250 658 4305 enim
702 4247 840 4304 vidit
887 4263 996 4314 me,
1048 4256 1102 4304 et
1151 4247 1294 4302 vidit
1346 4245 1582 4302 Patrem.
1628 4267 1644 4299 ι
1683 4246 1806 4302 Jam
1852 4265 1984 4305 vero
2031 4257 2090 4302 ut

512 4342 842 4398 ostendatur
887 4339 1094 4394 nullam
1147 4338 1308 4394 nobis
1346 4353 1375 4391 a
1408 4337 1628 4394 Christo
1654 4340 1921 4394 visionem
1966 4353 2089 4393 cor-

510 4450 734 4506 poream
771 4431 1099 4504 significari,
1141 4431 1300 4501 longa
1336 4431 1589 4488 oratione
1643 4447 1753 4487 non
1801 4440 1886 4488 est
1925 4446 2083 4501 opus.

511 4527 685 4586 Nemo
725 4527 870 4581 enim
908 4539 1079 4580 sanus
1124 4523 1324 4578 dixerit
1370 4523 1464 4580 Dei
1516 4533 1771 4579 naturam
1819 4539 2087 4594 corporeo

513 4621 632 4674 visu
691 4617 925 4687 percipi,
975 4615 1069 4672 sed
1127 4631 1304 4686 neque
1357 4617 1542 4671 carnis
1598 4617 1776 4672 oculis
1840 4632 2088 4686 compre-

509 4707 697 4771 hendi,
737 4704 883 4776 quod
935 4714 1190 4774 tanquam
1246 4705 1303 4759 in
1357 4706 1588 4776 speculo
1619 4721 1683 4760 ac
1735 4721 1803 4760 nc
1857 4705 2082 4776 quidem

507 4795 808 4867 percipitur
838 4814 851 4849 :
887 4793 1132 4848 videmus
1165 4796 1310 4848 enim
1347 4803 1608 4866 tanquam
1659 4797 1712 4849 in
1769 4799 1994 4866 speculo
2029 4806 2083 4853 et

503 4890 561 4942 in
596 4888 888 4958 aenigmate
911 4887 1070 4954 ";et
1104 4885 1294 4957 jejnne
1327 4886 1619 4940 admodum
1656 4903 1851 4958 sapere
1875 4889 1942 4944 de
1973 4887 2082 4944 Deo

507 4980 748 5035 arbitror
791 4996 914 5036 eum
969 4980 1062 5051 qui
1098 4981 1182 5035 vel
1238 4995 1491 5052 magnam
1546 4979 1651 5032 sihi
1705 4980 2077 5049 cognitionem

505 5073 654 5128 illius
691 5072 955 5128 venditet.
983 5072 1124 5127 Illud
1176 5081 1360 5126 tamen
1389 5070 1643 5124 veritatis
1693 5069 1950 5126 hostibus
1985 5073 2078 5143 qui

503 5164 748 5235 linguam
801 5177 955 5218 suam
1003 5163 1060 5216 in
1106 5178 1231 5227 nos,
1275 5163 1382 5214 imo
1415 5176 1544 5214 vero
1593 5159 1860 5218 adversus
1901 5162 2077 5232 ipsam

505 5253 786 5326 Unigeniti
843 5253 1210 5310 substantiam
1269 5258 1492 5315 acuunt,
1527 5266 1727 5306 rursus
1777 5252 1977 5309 dicam.
2020 5254 2078 5310 Si

2277 2044 2446 2114 Λέγει
2493 2046 2654 2111 αὐτῷ
2697 2049 2732 2099 ὁ
2783 2047 3047 2115 Ἰησοῦς·
3114 2048 3390 2112 Τοσούτῳ
3423 2049 3621 2117 χρόνῳ
3664 2048 3792 2121 μεθ’

2204 2135 2371 2204 ὑμῶν
2397 2138 2544 2206 ειμι,
2597 2137 2697 2191 καὶ
2739 2140 2852 2194 οὐκ
2895 2137 3164 2207 ἔγνωκάς
3209 2156 3317 2207 με,
3373 2140 3676 2206 (Damae;
3737 2142 3790 2194 '0

2201 2227 2472 2297 ἑωρακὼς
2495 2230 2619 2300 ἐμὲ,
2655 2228 2881 2299 ἑώρακε
2914 2231 3025 2286 τὸν
3049 2232 3300 2300 Πατέρα.

2286 2322 2716 2392 Ἀπροφάσιστον
2731 2323 2809 2394 τῷ
2828 2323 3041 2394 μαθητῇ
3063 2325 3163 2392 τὴν
3178 2324 3418 2394 ἀμαθίαν
3434 2325 3738 2382 ὲπιδεικνυε
3749 2345 3784 2384 ι.

2201 2411 2280 2465 Τὰ
2313 2413 2410 2483 μὲν
2425 2414 2533 2486 γάρ
2556 2414 2985 2487 δυσεφικτότερα
3003 2416 3110 2468 τῶν
3137 2415 3510 2488 θεωρημάτων
3533 2419 3626 2472 καὶ
3651 2421 3788 2491 πρὸς

2201 2503 2504 2574 κατάληψιν
2529 2505 2627 2578 τὴν
2651 2506 2713 2571 ἐν
2743 2507 3114 2577 νοήσει,φημὶ,
3143 2507 3467 2580 λεπτοτέραν
3497 2511 3553 2563 έν
3575 2511 3788 2576 ἑαυτοῖς

2199 2593 2538 2658 ἐξαιτοῦνται
2560 2594 2682 2668 [ῃο.
2709 2596 3060 2670 ὲξαιτοῦντα]
3086 2599 3184 2670 τὴν
3217 2598 3478 2668 βάσανον,
3511 2602 3558 2654 εί
3585 2604 3681 2657 καὶ
3711 2603 3789 2676 μὴ

2199 2687 2256 2738 ὲν
2283 2687 2449 2758 ὀλίγῳ
2480 2687 2658 2758 χρόνῳ
2702 2689 2893 2759 τυχὸν,
2951 2689 3065 2742 ἀλλ’
3103 2684 3195 2742 οῦν
3239 2690 3296 2742 ὲν
3338 2694 3576 2762 μακραῖς
3605 2711 3790 2766 παρα-

2197 2775 2388 2828 τάσεσι
2433 2777 2543 2830 τῶν
2574 2778 2783 2850 καιρῶν
2829 2779 2982 2833 ἔσται
3021 2779 3085 2852 δὴ
3131 2783 3348 2846 πάντως
3388 2782 3638 2854 ἁλώσιμα
3675 2789 3790 2851 τοῖς

2199 2867 2560 2937 φιλομαθέσι,
2611 2871 2706 2923 καὶ
2745 2875 3033 2944 καταφανῆ
3075 2874 3368 2944 γενήσεται
3394 2891 3408 2906 °
3456 2869 3536 2939 οἷς
3574 2876 3631 2930 δὲ
3683 2877 3787 2931 οὐκ

2197 2963 2372 3016 ἔνεστι
2395 2964 2454 3017 τὸ
2484 2965 2808 3036 περισκελὲς
2827 3007 2842 3032 ,
2891 2967 3005 3020 ἀλλ’
3037 2968 3253 3022 εὐθεῖαν
3280 2969 3393 3041 ἔχει
3423 2971 3520 3041 τὴν
3551 2971 3782 3043 είδησιν,

2197 3053 2406 3117 τούτοις
2438 3053 2504 3108 ἄν
2525 3073 2605 3119 τις
2631 3057 3060 3127 προσϐάλοι,καἰ
3090 3059 3207 3112 λίαν
3233 3061 3463 3116 ἀκονιτί.
3493 3059 3558 3114 Τί
3578 3062 3785 3125 τοίνυν,

2197 3140 2382 3211 φησὶν,
2417 3135 2461 3193 ὦ
2482 3141 2736 3208 Φίλιππε,
2775 3147 2911 3216 πρὸς
2937 3147 3034 3217 τὴν
3060 3149 3151 3200 ὑπ’
3182 3149 3305 3217 ἐμοὶ
3334 3149 3549 3203 σύνεσιν
3579 3150 3788 3224 ἀκριϐῆ

2195 3229 2256 3282 τὸ
2290 3230 2688 3302 παραποδίσαν,
2716 3235 2854 3290 εἰπέ.
2905 3235 3096 3289 Καίτοι
3125 3237 3233 3308 γὰρ
3267 3237 3408 3291 οὕτω
3451 3240 3666 3312 μακροῦ
3698 3243 3789 3295 δι-

2197 3322 2491 3388 ελάσαντος
2519 3325 2712 3397 χρόνου
2735 3367 2750 3392 ,
2778 3327 2982 3383 καθ’ὃν
3013 3331 3130 3400 είμλ⁸
3168 3330 3286 3401 μεθ’
3317 3331 3468 3402 ὑμῶν
3487 3375 3501 3398 ,
3562 3335 3655 3386 καὶ
3685 3335 3793 3406 ἀρ-

2199 3415 2425 3481 κοῦντος
2459 3421 2538 3482 είς
2570 3419 2973 3492 πληροφορίαν,
2999 3414 3072 3476 ὧν
3100 3422 3204 3476 ἔδει
3239 3441 3297 3478 σε
3328 3427 3548 3496 μαθεῖν,
3578 3426 3792 3482 ἐνδοιά-

2197 3507 2310 3572 ζεις
2327 3507 2428 3575 ἔτι,
2462 3509 2662 3579 μᾶλλον
2686 3511 2741 3564 δὲ
2769 3511 2915 3583 ἥλως
2937 3514 3245 3586 ἡγνοηκὼς,
3273 3515 3354 3580 τίς
3376 3517 3473 3588 μὲν
3499 3517 3608 3586 ὲγὼ
3639 3520 3794 3574 κατά

2197 3599 2356 3668 φύσιν
2385 3603 2522 3673 είμὶ,
2549 3607 2644 3656 καὶ
2675 3605 2857 3665 πόθεν.
2893 3606 3069 3660 καίτοι
3096 3609 3206 3662 τῶν
3245 3611 3325 3664 ὅτι
3361 3611 3595 3681 μάλιστα
3627 3613 3792 3684 παρὰ

2198 3695 2278 3748 σοὶ
2317 3694 2752 3769 θαυμαζομένων
2788 3699 3058 3769 εὑρίσκων
3085 3699 3213 3754 ὄντα
3251 3702 3604 3773 δημιουργόν.
3657 3705 3790 3770 Πῶς

2194 3786 2252 3839 δὲ
2281 3789 2381 3841 οὐκ
2413 3788 2614 3856 ἔγνως,
2641 3791 2836 3859 φησὶν,
2863 3791 2944 3843 ὅτι
2975 3789 3003 3840 6
3037 3790 3318 3863 θεωρήσας
3358 3795 3487 3864 ἐμὲ,
3523 3797 3786 3852 τεθέαται

2193 3880 2285 3932 τὸν
2317 3879 2537 3951 Πατέρα
2565 3897 2580 3946 ;
2617 3880 2731 3933 ἀλλ’
2773 3880 3061 3945 Ἰουδαίους
3096 3883 3192 3953 μὲν
3221 3883 3322 3937 οἴει
3347 3885 3471 3948 τοὺς
3489 3885 3659 3941 πάλαι
3686 3890 3786 3959 τὴν

2194 3970 2343 4023 θείαν
2367 3972 2423 4022 ὲν
2451 3970 2528 4039 τῷ
2555 3969 2671 4040 δρει
2701 3972 2834 4043 Σινᾷ
2861 3971 3150 4027 τεθεᾶσθαι
3178 3971 3358 4044 φύσιν,
3392 3976 3690 4048 ἀκηκοέναι
3720 3995 3784 4032 τε

2192 4060 2458 4131 λαλούσης
2493 4060 2699 4132 αὐτῆς,
2744 4062 2832 4116 ὅτε
2877 4065 3002 4126 τοὺς
3038 4065 3130 4119 ἐπὶ
3154 4068 3266 4129 τοῖς
3290 4068 3586 4136 πρακτέοις
3612 4069 3782 4123 ἐτίθει

2191 4151 2408 4221 νόμους.
2437 4153 2509 4206 Σὺ
2542 4151 2599 4206 δὲ
2626 4151 2779 4206 οῦπω
2812 4154 3059 4226 διετέθης
3077 4199 3090 4221 ,
3119 4158 3199 4211 ὅτι
3227 4157 3316 4210 τὸν
3339 4159 3562 4230 Πατέρα
3587 4159 3781 4214 τεθέα-

2192 4260 2300 4306 σαι,
2342 4243 2409 4295 δι’
2445 4245 2580 4316 ἐμοῦ
2612 4263 2669 4299 τε
2702 4247 2794 4300 καλ⁸
2825 4249 2882 4300 έν
2905 4247 3046 4319 ἐμοί.
3091 4269 3108 4300 ι
3149 4250 3207 4302 '0
3233 4250 3342 4321 γὰρ
3369 4250 3629 4321 ἑωρακὼς
3651 4254 3772 4323 ἐμὲ,

2191 4333 2403 4405 ἑώρακε
2460 4337 2550 4390 τὸν
2595 4337 2833 4408 Πατέρα.
2869 4358 2885 4390 ι
2944 4338 3055 4392 Καὶ
3091 4339 3172 4392 ὅτι
3219 4339 3318 4411 μὲν
3354 4340 3414 4394 οὐ
3451 4345 3774 4414 σωματικήν

2188 4447 2310 4484 τινα
2343 4429 2576 4502 θεωρίαν
2616 4431 2746 4501 ἡμῖν
2770 4432 3436 4503 κατασημαίνειΧριστὸς,
3459 4434 3518 4485 οὐ
3545 4435 3775 4505 μακρῶν

2189 4516 2343 4590 οἶμαι
2391 4520 2670 4593 δεδεῆσθαι
2707 4520 2878 4588 λόγων
2921 4523 3046 4585 τοῦς
3087 4523 3489 4593 ἀκροωμένους.
3545 4525 3618 4576 Οὐ
3663 4524 3774 4596 γὰρ

2189 4613 2253 4667 ἄν
2285 4631 2370 4677 τις
2400 4614 2544 4668 είποι
2576 4613 2685 4666 τῶν
2715 4613 2840 4667 νοῦν
2867 4615 3097 4685 ἐχόντων
3117 4657 3131 4681 ,
3169 4615 3266 4688 τὴν
3309 4616 3401 4670 τοῦ
3437 4616 3573 4669 Θεοῦ
3604 4616 3769 4686 φύσιν

2191 4705 2448 4777 θεωρίαις
2475 4707 2794 4760 ὑποκεῖσθαι
2829 4711 3166 4778 σωματικαῖς
3186 4749 3201 4773 ,
3235 4709 3350 4762 ἀλλ’
3373 4709 3493 4762 οὐδὲ
3524 4713 3636 4774 τοῖς
3661 4712 3762 4781 τῆς

2193 4795 2395 4866 σαρκὸς
2428 4796 2728 4867 ὀφθαλμοῖς
2756 4798 2964 4851 κατίδοι
2997 4817 3082 4863 τις
3110 4801 3175 4854 ἂν
3198 4801 3272 4869 ίτὸ
3297 4800 3373 4864 ὡς
3403 4802 3496 4854 καὶ
3526 4802 3680 4872 μόλις
3712 4806 3771 4856 ἐν

2189 4889 2440 4959 ἐσόπτρῳ
2484 4889 2855 4960 καταληπτόν·
2898 4891 3018 4960 βλέτ
3049 4909 3168 4962 ιμεν
3213 4892 3354 4963 γὰρ,
3387 4893 3462 4956 ὡς
3489 4895 3548 4946 ἐν
3595 4895 3772 4962 αἰνίγ-

2191 4998 2323 5052 ματι
2349 4997 2362 5010 ·
2393 4981 2488 5035 καὶ
2535 4981 2707 5054 μικρά
2751 4985 2966 5053 φρονεῖν
2996 4978 3148 5054 οἶμαι
3196 4985 3324 5055 περὶ
3366 4984 3503 5038 Θεοῦ
3552 4987 3768 5041 καὶτὸν

2187 5074 2308 5126 λίαν
2337 5073 2549 5144 μεγάλῃ
2573 5073 2918 5145 ὲπαυχοῦντα
2955 5075 3170 5144 γνώσει.
3203 5076 3348 5147 Πλὴν
3375 5077 3550 5130 ὲκεῖνο
3575 5079 3639 5151 δὴ
3669 5081 3768 5132 πά-

2187 5162 2270 5216 λιν
2299 5165 2411 5227 τοῖς
2439 5164 2536 5232 τῆς
2574 5164 2828 5236 ἀληθείας
2869 5165 3100 5235 ἐροῦμεν
3130 5167 3340 5236 ἐχθροῖς
3361 5208 3374 5230 ,
3422 5169 3471 5221 οἳ
3506 5169 3766 5223 πλατεῖαν

2183 5253 2366 5325 έχουσι
2391 5253 2512 5308 καθ’
2547 5253 2703 5325 ἡμῶν
2740 5254 2837 5325 τὴν
2869 5255 3113 5323 γλῶτταν
3133 5297 3148 5324 ,
3200 5258 3399 5328 μᾶλλον
3427 5259 3482 5312 δὲ
3515 5261 3637 5312 κατ’
3666 5261 3764 5313 αὐ-

502 5362 612 5402 non
639 5354 722 5401 est
745 5362 812 5401 ex
842 5346 961 5416 ipsa
995 5344 1090 5399 Dei
1119 5359 1185 5397 ac
1215 5341 1395 5395 Patris
1429 5341 1741 5396 substantia
1772 5343 2082 5418 Filius,per

2198 5347 2282 5418 τῆς
2310 5348 2408 5418 τῆς
2431 5347 2617 5410 οὐσίας
2643 5347 2736 5400 τοῦ
2765 5348 3122 5417 Μονογενοῦς.
3176 5349 3238 5403 Εἰ
3268 5350 3377 5422 γὰρ
3408 5351 3482 5422 μὴ
3506 5352 3565 5418 ἐξ
3594 5353 3763 5421 αὐτῆς

502 5438 909 5508 generationem
937 5436 1214 5492 exsistens
1237 5433 1290 5488 id
1313 5433 1459 5504 quod
1491 5443 1596 5497 est,
1626 5433 1768 5492 Deus
1793 5438 2076 5506 nimirum,

501 5538 556 5585 et
600 5530 905 5585 secundum
941 5534 1194 5582 naturam
1239 5541 1302 5582 ac
1357 5542 1506 5591 vere,
1539 5527 1633 5582 sed
1684 5538 1911 5587 externa
1951 5540 2075 5590 tan-

504 5619 786 5676 tummodo
845 5618 1028 5688 specie
1080 5632 1401 5680 coruscans,
1446 5627 1499 5674 et
1530 5619 1829 5677 adventitia
1871 5625 2072 5694 gloria,

575 5797 616 5828 "
653 5792 812 5848 loan.
851 5809 962 5860 xw,
995 5797 1080 5852 lO.
1157 5799 1202 5830 "
1234 5797 1254 5852 Ι
1294 5800 1422 5856 Cor.
1462 5816 1592 5864 ιιιι,
1633 5800 1723 5860 12.

2180 5441 2281 5510 τῆς
2318 5440 2504 5504 οὐσίας
2533 5439 2628 5494 τοῦ
2658 5439 2794 5493 Θεοῦ
2825 5441 2920 5494 καὶ
2947 5441 3158 5511 Πατρός
3197 5445 3342 5495 ἐστιν
3379 5445 3408 5496 6
3435 5444 3592 5510 Υἱὸς,
3637 5461 3762 5513 γεν-·

2183 5533 2361 5606 νητῶς
2392 5534 2652 5605 ὑπάρχων
2683 5533 2830 5588 τοῦθ’
2857 5536 2994 5605 ὅπερ
3021 5535 3166 5600 ἐστὶ,
3199 5535 3330 5600 Θεὸς
3364 5535 3631 5608 δηλονότι,
3656 5538 3752 5592 καὶ

2191 5627 2332 5680 κατὰ
2380 5625 2571 5696 φύσιν,
2621 5627 2715 5681 καὶ
2762 5626 3007 5695 ἀληθῶς,
3070 5628 3251 5699 μόνοις
3290 5629 3345 5683 δὲ
3400 5633 3508 5693 τοῖς
3559 5629 3760 5693 ἔξωθεν
