3992 6316
237 342 344 401 205

1268 350 1335 406 lN
1364 349 1650 409 JOANNIS
1688 349 2137 409 EVANGELIUII
2182 351 2312 410 LIB.
2342 351 2433 409 IX.

3399 364 3506 423 208

241 466 648 538 ἀγλαῖζόμενος
679 470 944 540 σχήμασι,
984 470 1080 525 καὶ
1105 473 1224 536 ταῖς
1251 475 1598 542 ἐπεισάκτοις
1622 477 1818 549 λελαμ·

1925 489 2035 530 non
2066 484 2247 532 autem
2282 477 2634 536 naturalibus
2685 480 3103 555 dignationibus
3149 486 3505 560 conspicuus,

238 558 552 630 πρυσμόνος
581 560 851 624 εὐκλεξαις
870 603 886 627 ,
919 564 979 616 ού
1022 566 1272 633 φυσικοῖς
1317 566 1634 639 διαπρέπων
1662 569 1826 636 ἀξιὼ-

166 629 173 645 ’
210 654 213 657 ’
242 666 437 722 μασιν,
472 651 533 704 ἐν
574 651 753 722 ἐαυτῷ
777 650 833 706 δὲ
870 629 1072 725 μορφοὶ⁹
1098 656 1192 709 τὸν
1223 629 1482 730 ΠατέραΙ,
1533 662 1629 714 καὶ
1658 629 1826 715 εἰκών

238 745 386 797 ἔστιν
419 742 834 816 ἀπαράλλακτος
863 745 958 799 τοῦ
1010 746 1147 803 Θεοῦ
1168 789 1183 813 ,
1213 750 1431 821 πρῶτον
1475 752 1574 822 μὲν
1609 753 1714 808 οὐκ
1756 753 1824 807 ἂν

240 835 326 905 εἴη
350 834 496 889 κατὰ
530 835 694 905 φύσιν
730 837 887 902 Υἱὸς,
922 838 1041 893 ἀλλ’
1088 841 1211 897 ούδέ
1254 843 1502 915 γέννημα
1542 848 1662 898 κατ’
1688 845 1823 917 ἀλή-

241 929 423 995 θειαν,
456 929 671 1002 ποίημα
697 928 754 986 δέ
783 931 906 986 καθ’
938 934 1116 1004 ήμᾶς,
1141 934 1174 1007 ή
1208 952 1263 991 τι
1293 937 1404 991 τῶν
1423 939 1682 993 τοιούτων
1704 940 1823 994 ἓτε-

243 1038 351 1092 ρον.
375 1018 454 1077 Οὗ
480 1023 932 1096 Μραδεχθέντος,
955 1028 1099 1084 οὕτω
1120 1047 1179 1085 τε
1197 1030 1342 1103 ἔχειν
1360 1035 1816 1105 πεπιστευμένου,

239 1113 520 1179 παντελῶς
554 1115 725 1188 δήπου
769 1121 993 1174 κάκεῖνο
1037 1123 1287 1194 φήσομεν
1327 1126 1576 1196 ἀληθῶς,
1616 1127 1692 1192 ὡς
1723 1128 1823 1183 οὐκ

234 1206 301 1261 ἂν
333 1208 420 1277 ετη
452 1208 640 1281 Πατήρ
670 1210 699 1262 ὁ
734 1211 924 1283 Πατὴρ
968 1214 1223 1287 ἐνεργείᾳ
1254 1218 1349 1271 καὶ
1386 1218 1574 1287 φύσει,
1604 1220 1821 1293 θελήσει

234 1298 290 1354 δέ
328 1300 535 1370 μᾶλλον
558 1301 653 1354 καὶ
680 1302 901 1373 δοκήσει
930 1306 1116 1375 τυχὸν,
1143 1308 1396 1382 καθάπερ
1428 1308 1523 1365 οὖν
1546 1312 1641 1366 καὶ
1666 1313 1822 1384 ήμῶν

233 1391 548 1463 ὠνόμασται
575 1396 782 1467 Πατήρ.
808 1392 939 1450 Εἶτα
969 1399 1019 1450 τί
1043 1399 1104 1452 τὸ
1124 1401 1375 1455 ἐντεῦθεν
1401 1421 1415 1469 ;
1452 1404 1820 1478 Συνομολογη-

233 1481 483 1554 θήσεται,
518 1486 612 1552 καὶ
644 1484 720 1550 ὡς
745 1485 804 1553 ἐξ
836 1488 1083 1559 ἀνάγκης
1106 1492 1358 1546 ἀνατελεῖ
1382 1494 1542 1565 τριάς
1564 1509 1577 1524 ·
1603 1496 1704 1549 οὐκ
1740 1497 1820 1549 ἐτι

233 1575 345 1647 γὰρ
376 1578 572 1649 ἡμῖνὴ
616 1578 747 1645 ἁγία
793 1580 1112 1637 πιστεύεται
1155 1586 1299 1640 κατά
1343 1603 1465 1640 τινα
1508 1586 1572 1659 δὴ
1598 1589 1818 1660 τρόπον,

233 1670 384 1741 τρεῖς
411 1670 468 1723 δὲ
505 1671 703 1741 μᾶλλον
721 1714 735 1740 ,
767 1673 842 1736 ὡς
869 1675 930 1727 ἐν
958 1675 1235 1749 ἀλλήλοις,
1293 1679 1394 1733 οὐκ
1422 1681 1820 1753 ἐνυπάρχοντος

232 1762 543 1828 οὐσιωδῶς,
575 1764 805 1818 ἑκάστου
846 1783 908 1819 τε
940 1765 1132 1839 ὥσπερ
1154 1769 1264 1822 τῶν
1296 1770 1577 1842 ὀνομάτων
1617 1776 1699 1837 είς
1728 1775 1821 1829 τὸν

232 1857 433 1909 οἰκεῖον
473 1856 573 1926 τῆς
608 1858 741 1922 ίδίας
781 1859 1002 1927 φύσεως
1047 1862 1488 1934 ἀναχωροῦντος,
1530 1866 1822 1939 διακεκομ-

238 1947 401 2017 μένου
429 1960 488 2001 τε
518 1948 611 2003 τοῦ
641 1950 727 2003 ἑτέ
739 1966 829 2021 ρον
856 1953 1134 2018 παντελῶς
1153 1972 1167 1985 ο
1210 1955 1526 2020 ἐκϐιάζεται
1559 1959 1669 2030 γάρ
1702 1974 1821 2023 πως

231 2042 381 2112 ἡμᾶς
411 2045 443 2112 ή
466 2042 561 2094 τοῦ
586 2042 945 2115 θεωρήματος
967 2044 1219 2117 δύναμις,
1243 2046 1335 2100 καὶ
1356 2047 1663 2120 παχύτερον
1692 2051 1820 2123 περὶ⁵

233 2132 438 2187 τούτων
476 2136 669 2188 εἰπεῖν.
724 2136 835 2189 Καὶ
861 2138 911 2189 εί
935 2136 1093 2191 τοῦτο
1124 2138 1371 2210 δώσομεν
1399 2139 1664 2213 ὑπάρχειν
1688 2143 1820 2213 ἀλή-

234 2223 343 2291 θὲς,
370 2225 544 2290 οὕτως
566 2244 626 2280 τε
654 2227 798 2299 ἔχειν
820 2228 1077 2301 ἐροῦμεν,
1098 2230 1194 2284 καὶ
1219 2233 1316 2302 τῆς
1342 2232 1529 2297 οὐσίας
1560 2234 1655 2287 τοῦ
1681 2233 1818 2287 Θεοῦ

232 2319 326 2371 καὶ
356 2319 572 2390 Πατρὸς
614 2320 892 2391 ἀλλότριον
940 2322 1219 2386 παντελῶς
1264 2325 1683 2397 παραδεξόμεθα
1729 2327 1819 2381 τὸν

234 2409 391 2471 Υἱὸν,
448 2410 566 2473 πῶς
612 2412 673 2465 ού
714 2410 1104 2482 διαψεύσεται,
1152 2414 1326 2484 λέγων
1351 2434 1365 2448 ·
1408 2437 1426 2469 ι
1466 2418 1524 2472 Ὀ
1557 2420 1818 2489 ἑωρακὼς

231 2501 581 2573 ἐμέ,ἐώρακε
606 2503 699 2556 τὸν
716 2505 934 2576 Πατέρα
956 2522 1000 2570 ;ι
1029 2504 1164 2559 Θεοῦ
1186 2507 1296 2580 γάρ
1313 2509 1649 2580 ὑπάρχοντος
1675 2512 1819 2567 κατὰ

231 2595 394 2664 φύσιν
428 2597 524 2649 τοῦ
563 2596 812 2670 Πατρδς,
863 2600 976 2664 πῶς
1007 2600 1072 2654 ἂν
1099 2603 1230 2673 ήμϊν
1259 2605 1288 2656 ό
1320 2603 1448 2667 Υἱὸς
1470 2645 1483 2669 ,
1531 2605 1709 2659 καίτοι
1742 2607 1815 2678 μὴ

231 2688 497 2761 ὑπάρχων
531 2687 664 2754 Θεὸς
693 2689 835 2744 κατὰ
875 2693 1037 2760 φύσιν
1077 2693 1219 2747 κατά
1258 2693 1349 2747 τὸν
1383 2692 1606 2748 ἐκείνων
1638 2694 1815 2764 λόγον,

227 2780 392 2848 δείξει
423 2783 480 2833 ἐν
512 2782 694 2853 ἐαυτῷ
734 2783 826 2836 τὸν
856 2778 1081 2856 Πατέρα
1111 2801 1126 2848 ;
1176 2785 1299 2849 Πῶς
1327 2784 1436 2857 γὰρ
1464 2788 1522 2841 ἐν
1553 2786 1631 2858 τῷ
1661 2805 1818 2857 γεγο-

228 2871 342 2923 νότι
371 2871 434 2923 τὸ
468 2872 543 2943 μὴ
583 2872 806 2940 γεγονὸς
847 2872 1233 2945 θεωρήσομεν,
1279 2875 1338 2928 ἐν
1379 2876 1436 2929 δὲ
1589 2877 1662 2949 μὴ
1702 2877 1817 2931 ὄντι

230 2963 388 3029 ποτὲ,
419 2965 560 3017 κατᾶ
588 2980 651 3033 γε
682 2965 772 3018 τὸν
796 2964 892 3018 τοῦ
924 2966 1257 3036 πεποιῆσθαι
1291 2967 1469 3037 λόγον,
1498 2969 1617 3035 πῶς
1644 2970 1708 3024 ἄν
1734 2987 1817 3034 τις

231 3054 337 3107 ῐδοι
379 3056 470 3106 τὸν
510 3054 635 3110 ὄντα
663 3056 751 3109 διὰ
784 3057 1030 3122 παντός;
1079 3058 1173 3130 Μὴ
1208 3058 1318 3131 γάρ
1366 3077 1455 3130 μοι
1496 3058 1701 3129 λεγέτω
1734 3079 1817 3125 τις

1926 569 2021 624 sed
2079 570 2133 624 in
2179 572 2366 642 seipso
2417 571 2637 628 Patrem
2675 577 2954 648 exprimit,
2987 587 3045 636 et
3101 578 3507 652 perfectissima

1922 668 2009 716 est
2043 660 2141 718 Dei
2175 664 2357 735 imago
2382 663 2449 729 ⁸⁸,
2482 665 2720 735 primum
2756 671 2978 740 quidem
3013 686 3125 730 non
3171 674 3279 729 erit
3306 687 3507 730 secun-

1923 741 2054 807 ὁσίη
2116 761 2371 809 naturam
2427 752 2626 823 Filius,
2674 764 2854 833 neque
2891 772 3022 820 vere
3080 766 3358 837 genitura,
3409 765 3504 822 sed

1923 850 2179 899 creatura
2213 844 2419 915 potius,
2444 847 2611 903 sicuti
2644 863 2766 915 nos,
2789 857 2889 907 aut
2916 852 3124 926 aliquid
3149 855 3297 912 aliud
3318 856 3511 915 istius-

1923 937 2095 991 modi.
2143 935 2266 1004 Quo
2300 937 2548 996 admisso
2579 949 2745 1012 atque
2773 943 3008 1008 credito.
3031 960 3157 1003 vere
3190 960 3506 1006 asseremus

1922 1025 2143 1083 Patrem
2187 1038 2302 1085 non
2347 1045 2472 1087 esse
2509 1030 2728 1090 Patrem
2763 1036 2890 1092 actu
2925 1044 2979 1093 et
3027 1049 3246 1107 natura,
3283 1042 3377 1100 sed
3411 1058 3508 1101 vo-

1923 1119 2134 1175 luntate
2168 1123 2355 1192 potius
2383 1131 2438 1180 et
2462 1126 2749 1197 opinione,
2772 1128 2935 1186 sicuti
2961 1128 3128 1187 Pater
3149 1141 3338 1191 noster
3365 1148 3509 1192 nun-

1923 1219 2159 1282 cupatus
2176 1225 2278 1271 est.
2298 1214 2440 1284 Quid
2462 1233 2592 1275 vero
2618 1218 2749 1276 inde
2770 1218 3400 1294 sequitur?Neeessario
3420 1227 3509 1283 ad-

1924 1300 2229 1391 mittendus
2253 1307 2361 1361 erit
2385 1307 2621 1364 deorum
2651 1311 2833 1367 ternio
2859 1310 3093 1386 :quippe
3126 1328 3235 1373 non
3266 1319 3507 1391 amplius

1922 1390 2250 1451 Trinitatem
2286 1398 2664 1470 crederemus,
2688 1418 2813 1458 cum
2840 1402 2984 1461 alius
3016 1407 3073 1462 in
3106 1409 3216 1463 alio
3244 1390 3508 1468 substan-

1925 1487 2131 1543 tialiter
2159 1504 2267 1546 non
2299 1491 2451 1558 insit,
2484 1492 2579 1548 sed
2623 1497 3010 1568 unusquisque
3046 1508 3106 1553 ut
3146 1501 3395 1568 nomine,
3426 1501 3505 1557 ita

1924 1581 2221 1646 peculiaris
2243 1591 2461 1639 natura:
2491 1585 2703 1643 ratione
2727 1588 2796 1643 ab
2824 1589 2936 1645 alio
2967 1602 3197 1660 prorsus
3220 1592 3505 1664 seiunctus

1922 1670 1994 1724 sit
2027 1688 2039 1724 :
2070 1674 2221 1743 cogit
2270 1676 2416 1730 enim
2458 1692 2561 1734 nos
2592 1680 2678 1735 vis
2725 1688 2780 1736 et
2823 1683 2966 1738 ratio
3018 1684 3504 1757 contemplationis

1923 1767 2169 1821 crassius
2200 1766 2268 1823 de
2307 1769 2397 1826 his
2427 1770 2725 1830 disserere.
2765 1772 2922 1840 Quod
2952 1775 3001 1832 si
3033 1790 3221 1832 verum
3258 1786 3384 1834 esse
3424 1784 3507 1835 at-

1924 1868 2031 1923 que
2061 1856 2137 1910 ita
2169 1871 2229 1913 se
2261 1858 2470 1917 habere
2499 1864 2891 1933 concedemus,
2926 1874 2981 1922 et
3021 1882 3051 1922 a
3084 1866 3181 1923 Dei
3226 1876 3290 1926 ac
3324 1868 3507 1930 Patris

1924 1944 2234 2001 substantia
2267 1948 2509 2004 alienum
2544 1962 2669 2007 esse
2695 1964 2928 2022 prorsus
2958 1946 3157 2009 Filium
3188 1954 3503 2025 fatebimur,

1921 2036 2200 2106 quomodo
2239 2053 2351 2093 non
2390 2043 2694 2097 mentietur
2716 2058 2841 2099 cum
2870 2046 2948 2100 ait
2982 2064 2995 2102 :
3038 2068 3057 2099 ι
3088 2047 3193 2115 Qui
3224 2047 3361 2105 vidit
3394 2061 3504 2119 me,

1920 2124 2060 2179 vidit
2082 2136 2135 2182 et
2169 2126 2428 2184 Patrem?
2466 2149 2485 2182 ι
2519 2130 2656 2187 Nam
2700 2147 2830 2189 cum
2865 2132 3028 2192 Pater
3056 2137 3361 2195 secundum
3405 2153 3507 2197 na-

1923 2224 2104 2271 turam
2141 2216 2288 2276 Deus
2311 2220 2404 2285 sit,
2430 2222 2712 2293 quomodo
2737 2222 2935 2291 Filius,
2959 2226 3088 2284 licet
3116 2242 3228 2284 non
3258 2228 3330 2286 sit
3361 2230 3506 2288 Deus

1921 2310 2221 2365 secundum
2255 2320 2613 2381 naturam,ut
2634 2316 2712 2371 illi
2750 2317 2971 2384 docent,
2992 2319 3047 2374 in
3076 2322 3261 2392 seipso
3282 2316 3504 2380 Patrem

1920 2401 2215 2460 ostendet?
2250 2404 2541 2470 Quomodo
2569 2408 2718 2463 enim
2751 2409 2807 2463 in
2841 2410 2908 2465 eo
2937 2411 3083 2482 quod
3115 2424 3361 2470 creatum
3391 2426 3503 2472 non

1919 2502 2003 2546 est
2025 2493 2076 2548 id
2107 2495 2254 2565 quod
2290 2507 2535 2552 creatum
2568 2507 2655 2555 est
2690 2500 3205 2571 spectabimus,aut
3230 2508 3285 2563 in
3311 2506 3379 2564 eo
3407 2509 3502 2581 qui

1920 2583 2218 2653 aliquando
2246 2601 2356 2642 non
2372 2596 2513 2655 erat,
2528 2594 2804 2659 quatenus
2819 2598 2904 2646 est
2922 2598 3167 2658 ereatus,
3184 2597 3231 2651 is
3247 2597 3339 2667 qui
3358 2608 3505 2654 sem;

1920 2689 2016 2744 per
2044 2683 2128 2730 est
2155 2677 2323 2750 778
2364 2679 2685 2735 videbitur?
2716 2680 2792 2737 Ne
2838 2682 2973 2737 mihi
3022 2686 3312 2757 quisquam
3353 2689 3503 2745 enim

1919 2780 2111 2820 eorum
2148 2769 2243 2838 qui
2266 2770 2371 2825 ista
2401 2770 2746 2826 deblaterant
2769 2772 2880 2827 vim
2905 2774 3153 2832 veritatis
3181 2777 3505 2839 adulterans

1919 2859 2088 2922 dicat,
2125 2859 2336 2915 idcirco
2383 2876 2507 2918 esse
2558 2863 2680 2934 ejus
2726 2866 3044 2938 imaginem,
3095 2870 3222 2940 quia
3269 2872 3503 2944 gloriam

1920 2950 2015 3006 Dei
2049 2966 2113 3006 ac
2144 2950 2328 3010 Patris
2381 2954 2565 3022 habet,
2612 2970 2678 3013 ac
2734 2957 3022 3025 virtutem,
3066 2971 3122 3017 et
3177 2962 3505 3035 sapientiam

1919 3045 2061 3115 ejus,
2112 3055 2281 3117 atque
2335 3047 2663 3114 bonitatem,
2702 3057 2759 3105 et
2800 3052 3290 3123 omnipotentiam,
3339 3065 3395 3113 et
3439 3066 3505 3114 ea

230 3146 344 3202 τῶν
366 3150 550 3202 ἐκεῖνα
572 3148 1089 3221 δεδυσφημηκότων,
1120 3149 1218 3222 τὴν
1242 3152 1340 3222 τῆς
1368 3150 1628 3222 ἀληθείας
1647 3170 1817 3206 κατα-

1922 3154 2043 3210 quae
2073 3154 2348 3211 nusquam
2376 3150 2507 3195 sunt
2532 3140 2587 3195 in
2619 3148 2802 3197 ortum
2834 3140 3104 3201 educendi
3132 3154 3502 3218 potestatem:

233 3239 592 3312 ωφιζόμενος
619 3242 869 3314 δύναμιν,
899 3244 975 3309 ὡς
1003 3244 1236 3316 ἐπείπερ
1262 3244 1376 3315 ἔχει
1403 3246 1501 3315 τὴν
1537 3246 1699 3313 δόξαν
1722 3245 1815 3300 τοῦ

225 3331 363 3386 Θεοῦ
418 3334 514 3388 καὶ
548 3333 791 3405 Πατρδς,
834 3336 936 3406 τήν
972 3352 1031 3389 τε
1062 3335 1324 3407 δύναμιν,
1359 3337 1455 3392 καὶ
1487 3340 1585 3410 τὴν
1625 3339 1818 3407 σοφίαν

227 3426 417 3491 αὐτοῦ,
445 3428 539 3481 καὶ
563 3427 661 3499 τὴν
692 3427 1007 3499 ἀγαθότητα
1026 3472 1041 3497 ,
1065 3431 1160 3483 καὶ⁹
1180 3431 1241 3484 τὸ
1267 3433 1686 3503 παντουργικὸν,
1724 3433 1818 3486 καὶ

227 3520 287 3573 τὺ
314 3518 579 3574 δύνασθαι
613 3521 885 3591 παράγειν
922 3520 992 3573 τὰ
1025 3522 1125 3574 οὐκ
1159 3521 1288 3575 δντα
1318 3523 1446 3577 ποτὲ
1466 3564 1480 3588 ,
1526 3524 1614 3577 διὰ
1637 3524 1816 3589 τοῦτο,

227 3613 322 3665 καί
355 3611 519 3664 εἰκών
543 3611 690 3664 ἐστιν
719 3610 882 3664 αὐτοῦ
909 3629 923 3644 ο
961 3612 1099 3666 ἀλλά
1121 3613 1384 3668 δεικνύτω
1408 3615 1700 3686 πρότερον,
1731 3616 1818 3668 εὐ-

229 3703 365 3767 θέως
397 3705 540 3758 κατά
568 3705 729 3774 φύσιν
751 3706 1021 3775 φαίνεται,
1043 3707 1138 3762 καὶ
1159 3707 1331 3772 οὕτως
1356 3708 1812 3781 ἀπαραλλάκτως,

227 3796 299 3861 ὼς
332 3797 501 3868 μηδὲν
530 3792 668 3851 εἶναι
696 3798 756 3851 τὸ
794 3798 1015 3854 ἀδικοῦν
1044 3800 1145 3872 τὴν
1174 3801 1407 3855 εἰσάπαν
1434 3802 1529 3854 καὶ
1558 3802 1815 3868 όλοτελῶς

229 3889 530 3960 ἐμφέρειαν
560 3890 659 3961 τῆς
688 3889 896 3955 εἰκόνος
926 3891 1061 3963 πρὸς
1103 3891 1164 3945 τὸ
1187 3891 1518 3964 ἀρχέτυπον.
1576 3894 1815 3966 ’Δπορή-

232 3999 400 4036 σαντα
434 3983 492 4036 δὲ
532 3983 623 4038 καλ
676 3983 836 4037 τοῦτο
873 3984 1139 4040 δεικνύειν
1168 3985 1266 4056 ούχ
1311 3986 1532 4051 ἐκόντα,
1564 3985 1818 4059 δεύτερον

229 4078 528 4148 αἰτήσομεν
560 4078 769 4143 είπεϊν,
817 4079 969 4141 ποῖος
1012 4077 1078 4131 ἂν
1114 4078 1379 4151 ἐπιτρέψῃ
1408 4078 1600 4147 λόγος,
1640 4081 1819 4134 καίτοι

232 4167 369 4220 κατά
398 4168 561 4237 φύσιν
599 4169 699 4221 οὐκ
740 4167 872 4221 ὄντα
900 4168 1056 4233 Θεὸν,
1088 4168 1231 4221 κατά
1257 4185 1319 4237 γε
1350 4167 1448 4239 τὴν
1470 4168 1695 4226 ἐνοῦσαν
1721 4172 1819 4224 αύ-

230 4265 340 4325 τοίς
401 4262 721 4334 βδελυρίαν,
773 4263 841 4317 τὰ
889 4265 988 4333 τῆς
1057 4261 1311 4333 θεότητος
1367 4261 1505 4333 ἔργα
1555 4263 1817 4317 δύνασθαι

232 4352 497 4424 πληροῦν.
546 4353 717 4406 Τοῦτο
746 4354 855 4425 γάρ
885 4356 1033 4407 ἐστιν
1062 4350 1124 4404 τὸ
1155 4352 1343 4423 φέρειν
1376 4352 1474 4422 τὴν
1503 4352 1689 4407 εἰκόνα
1721 4352 1815 4406 τοῦ

230 4444 468 4516 Πατρός.
509 4445 571 4497 Ei
601 4445 700 4515 μὲν
726 4444 836 4515 γὰρ
873 4444 1085 4498 οἴκοθεν
1112 4443 1212 4498 οὐκ
1245 4443 1384 4515 ἔχων
1410 4444 1510 4516 τὴν
1540 4444 1815 4517 ἀρκοῦσαν

231 4539 308 4601 εἰς
336 4508 501 4591 τοῦτο
519 4508 749 4608 δύναμιν
770 4508 944 4600 ό-Υἱδς
966 4508 1388 4609 δανείζεται-τὴν
1410 4508 1562 4609 παρά
1580 4508 1809 4608 Πατρός,
1849 4508 1894 4564 D

231 4627 327 4681 καὶ
361 4630 682 4698 χορηγείται
730 4628 860 4698 παρ’
892 4628 1058 4682 αὐτοῦ
1106 4630 1201 4684 καὶ
1237 4627 1461 4699 σοφίαν,
1499 4630 1593 4683 καὶ
1635 4630 1810 4700 ἰσχὺν,

233 4718 321 4773 ἵνα
352 4718 578 4789 δύνηται
611 4718 909 4791 κατορθοῦν
952 4720 987 4773 ἃ
1024 4720 1118 4774 καὶ
1152 4719 1289 4791 μόνῃ
1316 4721 1548 4791 πρέπειν
1580 4719 1814 4791 ἐροῦμεν

232 4810 297 4880 τῇ
319 4808 416 4862 τοῦ
448 4810 661 4881 Πατρὸς
688 4808 875 4879 φύσει,
925 4809 1273 4877 διαψεύσεται
1298 4809 1440 4863 οὕτω
1485 4811 1577 4863 καὶ
1604 4810 1700 4882 τήν
1733 4812 1812 4864 εἰ·

229 4901 363 4955 κόνα
394 4901 492 4954 καὶ
526 4900 625 4970 τὴν
655 4900 939 4970 ὁμοίωσιν.
990 4901 1056 4956 Εἰ
1086 4900 1142 4954 δὲ
1177 4900 1468 4972 ψεύδεσθαι
1505 4902 1603 4973 μὲν
1627 4903 1688 4955 ού
1715 4901 1816 4955 δὼ-

232 5007 398 5062 σομεν
428 4989 625 5054 αὑτὸν,
666 4988 841 5053 οὕτως
878 4991 1069 5061 ἔχοντα
1100 4989 1351 5063 καθάπερ
1382 4992 1711 5063 εἰρήκαμεν,
1740 4993 1817 5057 ὡς

229 5084 283 5137 δέ
308 5081 630 5152 ἀληθεύοντι
652 5082 1060 5152 συναινέσομεν,
1080 5081 1249 5155 αὐτὴν
1270 5080 1594 5153 ἁλωσόμεθα
1618 5084 1715 5154 τὴν
1733 5083 1820 5137 δό-

232 5175 325 5240 ξαν
356 5175 674 5239 ἀδικοῦντες
697 5174 793 5229 τοῦ
818 5173 954 5228 Θεοῦ
982 5177 1075 5229 καὶ
1099 5176 1333 5248 Πατρὸς,
1367 5176 1461 5229 καὶ
1489 5177 1657 5240 ὅπως,
1685 5174 1815 5246 ἐρῶ.

235 5268 306 5320 Ἦ
324 5268 437 5338 γάρ
473 5268 692 5339 ἀνάγκη
724 5267 928 5336 λέγειν,
964 5269 1047 5322 ὅτι
1088 5267 1343 5338 ψεύδεται
1377 5267 1474 5338 τὴν
1503 5268 1689 5322 εἰκόνα
1721 5267 1816 5322 τοῦ

230 5359 366 5415 Θεοῦ
390 5362 485 5416 καὶ
506 5362 750 5435 Πατρὸς,
776 5361 988 5417 οίκοθεν
1029 5362 1128 5433 μὲν
1159 5362 1259 5416 οὐκ
1291 5361 1429 5433 ἔχων
1458 5361 1559 5432 τὴν
1582 5363 1694 5425 τοῖς
1728 5359 1818 5433 ἐρ-

232 5470 349 5522 γοις
376 5453 719 5526 ἐξαρκοῦσαν
748 5455 902 5525 ίσχὺν
920 5494 936 5521 ,
962 5454 1088 5524 παρ’
1121 5454 1308 5527 ἐτέρου
1342 5455 1398 5508 δὲ
1429 5453 1634 5525 ταύτην
1657 5469 1820 5526 χορη-

234 5546 500 5618 γούμενος
519 5562 533 5576 '
564 5547 626 5599 οὐ
657 5544 766 5617 γὰρ
792 5545 938 5599 οὕτω
964 5546 1026 5599 τὸ
1048 5546 1356 5618 ἀρχέτυπον
1374 5564 1387 5578 ·
1424 5547 1458 5618 ἢ
1489 5546 1648 5618 εἴπερ
1674 5548 1820 5600 ἐστὶν

230 5638 438 5712 ἀληθὴς
484 5642 544 5694 ἐν
586 5637 768 5709 ἐαυτῷ
807 5636 981 5705 λέγων
1026 5638 1254 5709 δρᾶσθαι
1304 5639 1396 5694 τὸν
1433 5638 1682 5709 Πατέρα,
1727 5638 1821 5692 καὶ

300 5821 346 5854 ⁸³
389 5819 432 5876 ΙΙ
463 5819 597 5876 Cor.
629 5836 704 5887 Iv,
742 5819 795 5875 ι.

1922 3232 2017 3287 sed
2067 3234 2224 3304 prius
2262 3232 2519 3289 ostendat
2551 3238 2738 3289 utrum
2781 3236 3084 3294 secundum
3134 3251 3387 3298 naturam
3422 3243 3503 3300 vi-

1920 3324 2136 3389 deatur,
2162 3334 2425 3396 tantaque
2466 3341 2565 3397 per
2598 3328 2783 3383 omnia
2834 3329 3222 3399 similitudine,
3265 3343 3324 3390 ut
3365 3335 3505 3393 nihil

1921 3416 2387 3488 perfectissimam
2446 3419 2596 3473 illam
2661 3420 2919 3491 imaginis
2960 3422 3298 3481 labefactare
3328 3428 3507 3497 possit

1920 3507 1988 3562 ad
2034 3508 2388 3579 archetypum
2444 3509 2889 3568 similitudinem.
2942 3514 3097 3580 Quod
3145 3528 3272 3571 cum
3326 3526 3505 3576 osten-

1921 3599 2074 3665 dere,
2102 3599 2189 3654 vel
2219 3600 2263 3655 si
2294 3600 2533 3655 maxime
2567 3602 2720 3665 velit,
2751 3614 3010 3674 nequeat,
3036 3606 3240 3662 iterum
3279 3609 3505 3681 rogabi-

1922 3707 2044 3747 mus
2078 3702 2139 3747 ut
2181 3692 2329 3746 dicat
2358 3706 2466 3760 qua
2517 3694 2755 3758 ratione,
2790 3710 2915 3748 eum
2957 3694 3102 3752 Dens
3147 3712 3257 3754 non
3304 3702 3377 3757 sit
3417 3716 3506 3759 se-

1920 3784 2162 3839 cundum
2237 3791 2530 3850 naturam,
2590 3792 2650 3838 ut
2721 3798 2913 3840 eorum
2993 3785 3316 3844 detestanda
3398 3790 3509 3848 fert

1921 3876 2234 3941 sententia,
2277 3875 2503 3931 deitatis
2557 3885 2740 3932 tamen
2785 3892 2954 3949 opera
3013 3878 3200 3949 possit
3251 3885 3504 3954 exsequi.

1920 3970 2037 4027 Hoc
2073 3970 2216 4025 enim
2263 3977 2348 4025 est
2398 3966 2543 4024 ferre
2579 3968 2760 4026 Patris
2792 3971 3113 4043 imaginem.
3146 3970 3283 4029 Nam
3334 3977 3380 4032 si
3409 3988 3508 4047 po-

1917 4071 2171 4119 testatem
2214 4062 2279 4115 ad
2312 4061 2416 4117 hoc
2451 4062 2816 4118 sufﬁcientem
2856 4078 2887 4118 a
2923 4065 3110 4135 seipso
3133 4079 3242 4121 non
3291 4067 3505 4126 habens

1919 4155 2092 4212 Filius
2116 4171 2236 4211 eam
2270 4170 2299 4208 a
2336 4153 2502 4210 Patre
2534 4162 2834 4220 mutuatur,
2868 4156 2937 4211 ab
2968 4171 3144 4228 eoque
3176 4159 3506 4230 sapientiam

1918 4258 1975 4304 et
2000 4248 2171 4303 robur
2204 4246 2429 4316 accipit,
2479 4253 2539 4301 ut
2587 4256 2849 4316 peragere
2907 4249 3084 4318 possit
3129 4260 3253 4321 quae
3301 4261 3357 4309 et
3400 4254 3507 4310 soli

1919 4338 2215 4396 convenire
2257 4338 2441 4393 Patris
2484 4347 2697 4394 natura!
2746 4339 3020 4405 dicemus,
3063 4342 3359 4416 imaginem
3400 4344 3508 4402 hoc

1920 4441 2080 4505 pacto
2123 4440 2177 4487 et
2213 4430 2629 4486 similitudinem
2676 4432 2991 4486 mentietur.
3026 4431 3123 4489 Sin
3163 4442 3345 4492 autem
3377 4452 3505 4494 eum

1922 4536 2271 4597 nequaquam
2306 4522 2526 4577 mentiri
2547 4522 2939 4589 coneedemus,
2963 4525 3057 4594 qui
3092 4525 3168 4581 ita
3191 4540 3251 4582 se
3281 4527 3501 4595 habeat,

1923 4625 1984 4673 ut
2018 4615 2278 4680 diximus,
2306 4610 2401 4668 sed
2441 4618 2703 4684 tanquam
2755 4629 2885 4671 vera
2920 4615 3125 4673 dicenti
3171 4617 3505 4690 astipulabi-

1922 4726 2069 4774 mur,
2098 4709 2275 4779 ipsam
2309 4705 2405 4761 Dei
2458 4720 2522 4761 ac
2560 4703 2743 4763 Patris
2791 4708 3026 4778 gloriam
3065 4709 3271 4765 violare
3305 4709 3505 4782 depre-

1920 4803 2228 4860 hendemur
2264 4818 2277 4853 :
2311 4814 2422 4871 quo
2459 4807 2640 4871 pacto,
2672 4799 2876 4857 dicam.
2918 4798 3029 4856 Aut
3080 4802 3225 4857 enim
3279 4817 3509 4862 necesse

1921 4902 2011 4952 est
2042 4894 2230 4950 dicere
2260 4906 2388 4949 eum
2439 4890 2535 4947 Dei
2564 4907 2629 4948 ac
2670 4891 2848 4951 Patris
2883 4893 3138 4949 ementiri
3178 4894 3507 4966 imaginem,

1920 5002 2051 5044 cum
2093 5003 2124 5041 a
2153 4986 2338 5057 seipso
2392 4982 2751 5042 suﬂiclentem
2798 4986 3059 5057 operibus
3094 4986 3203 5040 vim
3255 5003 3366 5043 non
3411 4989 3519 5045 ha-'

1921 5082 2069 5145 beat,
2101 5078 2195 5136 sed
2231 5078 2301 5134 ab
2329 5078 2504 5133 altero
2534 5077 2684 5132 illam
2722 5078 2957 5148 accipiat
2987 5094 2999 5129 :
3028 5091 3130 5132 nec
3174 5079 3323 5133 enim
3357 5079 3411 5135 id
3441 5080 3510 5137 de

1922 5173 2223 5244 archetypo
2269 5169 2380 5225 diei
2428 5176 2633 5240 potest.
2681 5168 2791 5223 Aut
2820 5167 2870 5223 si
2907 5183 3036 5224 vere
3086 5169 3335 5239 loquitur
3383 5187 3536 5293 0|:an

1924 5264 1999 5293 ..ει
2060 5266 2112 5293 ζ..
2154 5263 2337 5293 ηηῗηρη
2364 5261 2544 5293 ενῖΑΔιιῖ
2598 5259 2814 5293 Dan-mm
2882 5258 3132 5293 ιηῖιιὲῐηηιι
3174 5261 3339 5293 ηΙηηιι
3387 5280 3508 5293 ...Νι

1924 5264 2002 5321 ait
2059 5266 2115 5319 in
2154 5263 2338 5334 seipso
2364 5261 2546 5318 videri
2598 5259 2836 5326 Patrem,
2882 5258 3132 5333 nihilque
3173 5261 3339 5333 plane
3386 5258 3541 5383 esse}

1930 5356 2072 5383 _.....I
2108 5371 2228 5383 Anam
2266 5365 2483 5383 AAnnIInI
2554 5354 2641 5383 ..ΑΙ
2677 5352 3032 5383 ζὺιίηηῖηιιοιηνι
3067 5355 3137 5383 οἷς
3197 5356 3283 5383 -.ΑΙ
3328 5356 3473 5383 Α...ηὲ

1926 5356 2075 5430 quod
2105 5371 2229 5412 eum
2265 5365 2511 5426 separet,
2554 5354 2642 5410 vel
2677 5352 3034 5422 interiectum
3067 5355 3160 5421 sit,
3197 5356 3285 5414 vel
3324 5356 3506 5412 omni-

1928 5449 2144 5506 modam
2175 5446 2596 5505 similitudinem
2634 5442 2929 5511 adulteret,
2964 5462 3198 5506 necesse
3226 5457 3312 5506 est
3342 5454 3404 5504 ut
3425 5447 3509 5504 vel

1928 5545 2123 5600 nolens
2155 5540 2303 5596 dicat
2345 5540 2526 5609 ipsum
2561 5550 2784 5610 quoque
2809 5536 3025 5594 Patrem
3063 5539 3421 5597 adventitiam
3455 5548 3508 5594 et

1928 5638 1995 5692 ab
2058 5635 2231 5688 altero
2285 5639 2566 5699 acceptam
2621 5628 2825 5687 habere
2871 5630 3155 5691 virtutem.
3209 5632 3303 5687 Sic
3362 5628 3511 5688 enim
