3992 6316
439 337 544 395 907

1409 333 1465 393 S.
1491 334 1766 390 (lYlilLlJ
1801 336 2270 394 ALEXANDRINI
2311 337 2630 395 ARCHIEP.

3593 337 3705 394 208

439 455 680 525 seipsum
710 451 874 508 nobis
907 451 961 505 in
997 450 1233 520 imagine
1274 466 1387 506 sua:
1419 457 1631 507 naturae
1678 451 1793 507 sive
1825 451 2017 524 gloriae

2121 455 2270 510 οὐδὲν
2297 456 2432 519 ὅλως
2455 451 2594 510 εἶναι
2622 455 2683 508 τὸ
2705 453 3017 508 διαλλάττον
3044 453 3101 508 ἐν
3125 453 3199 525 τῷ
3225 453 3503 525 μεταξύ,ἢ
3536 473 3709 526 παρα-

437 549 609 603 voluit
663 546 971 602 ostendere.
1029 544 1286 614 Nunquid
1343 559 1477 615 ergo
1528 545 1750 610 videtis,
1805 544 2020 615 inquiet

438 642 505 696 ad
551 641 676 696 illos
717 639 947 708 aliquis,
979 652 1220 708 quonam
1252 652 1282 690 a
1321 647 1469 692 recta
1501 637 1592 693 via
1639 651 1824 694 sermo
1855 636 2020 692 deﬂe-

435 740 569 796 ctat,
613 740 668 787 et
697 737 967 802 quantum
1028 730 1085 785 in
1139 730 1464 786 barathrum
1512 730 1649 785 talia
1715 729 2021 788 sentientes

439 822 784 894 praecipitet?
823 821 1143 887 Enimvero,
1178 822 1461 893 inquiunt,
1524 828 1730 894 potest,
1770 823 2022 894 quamvis

435 923 658 971 creatus
688 914 762 969 sit
793 913 1220 980 Filius,naturae
1242 913 1445 970 divina:
1467 928 1640 984 opera
1666 912 1868 979 facere,
1891 929 2020 970 cum

437 1003 546 1059 Deo
580 1017 646 1058 ac
681 1001 833 1059 Patri
871 1003 948 1058 ita
981 1003 1164 1059 visum
1201 1002 1384 1057 sit.At
1413 1003 1546 1073 quid
1579 1003 1685 1058 hoc
1713 1004 1890 1074 magis
1927 1003 2020 1058 im-

435 1097 586 1167 pium
620 1095 734 1150 diei
782 1095 1004 1166 potest?
1026 1093 1176 1150 Nihil
1209 1094 1357 1150 enim
1399 1094 1580 1165 majus
1617 1095 1734 1152 sive
1768 1095 1890 1165 plus
1915 1096 2022 1151 erit

437 1189 494 1243 in
524 1187 637 1243 Deo
667 1187 930 1258 deinceps
989 1201 1157 1257 quam
1215 1194 1495 1252 creatura,
1528 1186 1659 1242 licet
1712 1189 1765 1244 ei
1818 1187 2022 1244 divini-

435 1280 568 1338 tatis
602 1280 833 1351 gloriam
869 1293 936 1335 ac
977 1279 1245 1334 virtutem
1275 1279 1610 1335 tribuamus.
1645 1279 1824 1336 Nemo
1873 1280 2021 1336 enim

443 1373 549 1430 sibi
584 1373 787 1429 mentis
830 1372 1015 1443 inopia
1049 1374 1381 1442 persuadeat
1403 1369 1733 1427 admirabile
1763 1387 1825 1427 se
1861 1371 2023 1443 quid-

445 1465 570 1520 dam
624 1471 680 1519 et
757 1478 1013 1533 magnum
1075 1462 1144 1518 de
1203 1461 1346 1519 Filio
1425 1463 1654 1528 sentire,
1711 1479 1776 1519 ac
1837 1463 2024 1520 dicere

447 1553 598 1625 quod
667 1562 922 1608 creatura
992 1554 1214 1624 quidem
1291 1553 1388 1620 sit,
1455 1554 1552 1610 sed
1611 1569 1722 1609 non
1798 1563 1858 1609 ut
1916 1569 2022 1609 una

449 1654 866 1710 creaturarum,
925 1645 1021 1700 sed
1083 1644 1206 1714 ejus
1271 1644 1505 1714 gloriam
1561 1660 1673 1700 non
1735 1645 2026 1700 mediocri-

447 1747 534 1794 ter
572 1751 633 1794 se
674 1736 882 1792 violare
935 1735 1234 1807 intelligat.
1285 1733 1399 1790 Nec
1460 1735 1610 1790 enim
1667 1736 2022 1806 quaerendum

2122 548 2391 618 χαράττον
2425 549 2526 618 τὴν
2571 549 2652 610 εἰς
2693 547 2838 601 ἅπαν
2870 544 3200 618 ἐμφέρειαν,
3249 545 3463 614 ἀνάγκη
3492 545 3704 609 λοιπὸν,

2122 641 2216 693 καὶ
2236 642 2332 710 οὐχ
2353 641 2548 694 ἑκόντα
2571 642 2768 704 εἰπεῖν,
2786 640 2868 694 ὃτι
2889 639 2984 692 καὶ
3011 638 3172 702 αὐτὸς
3192 641 3220 692 6
3244 639 3436 710 Πατὴρ
3462 640 3708 710 ἐπακτὴν

2120 733 2266 804 ἔχειν
2298 732 2409 804 [ῖσ.
2459 732 2595 806 ἔχει]
2642 733 2737 787 καὶ
2764 731 2895 804 παρ’
2919 731 3109 802 ἐτέρου
3147 731 3246 801 τὴν
3274 731 3524 801 δύναμιν.
3549 731 3709 800 Οὖτω

2120 825 2230 896 γὰρ
2257 827 2391 896 ἡμῖν
2413 827 2604 880 ἑαυτὸν
2633 827 2690 880 ἐν
2717 827 2786 896 τῇ
2825 824 2994 878 εἰκόνι
3019 825 3118 894 τῆς
3153 822 3290 886 ἰδίας
3321 821 3557 892 φύσεως,
3586 823 3707 892 ἦτοι

2120 917 2219 988 τῆς
2259 916 2416 989 δόξης
2437 957 2452 984 ,
2483 915 2762 988 ἠϐουλήθη
2785 913 3072 969 δεικνύειν.
3124 909 3251 985 Ἀρ⁹
3277 909 3370 966 οὖν
3394 913 3493 983 οὐχ
3519 913 3708 983 ὁρᾶτε,

2121 1010 2344 1082 φήσειεν
2366 1009 2432 1064 άν
2473 1026 2559 1074 τις
2583 1009 2722 1080 πρὸς
2752 1007 2994 1070 ἐκείνους
3019 1004 3242 1070 λοιπὸν,
3291 1005 3415 1058 ὅποι
3445 1004 3578 1057 ποτέ
3610 1003 3710 1074 βαι

2121 1101 2315 1155 διεῖται
2351 1100 2454 1171 τῆς
2477 1099 2690 1164 εὐθείας
2721 1097 2843 1152 ὁδοῦ
2877 1096 3208 1152 διεκπίπτων
3235 1097 3264 1148 6
3293 1095 3472 1163 λόγος,
3503 1093 3598 1147 καὶ
3627 1094 3709 1156 είς

2121 1188 2234 1248 οἷον
2282 1191 2609 1263 ἀποκομίζει
2657 1189 2929 1262 βάραθρον
2973 1189 3100 1250 τούς
3138 1187 3326 1240 ἐκεῖνα
3363 1183 3707 1256 πεφρονηκό-

2121 1296 2248 1344 τας;
2294 1279 2452 1333 Ἀλλὰ
2477 1279 2568 1332 ναὶ
2589 1320 2604 1342 ,
2635 1276 2861 1331 δύναται
2880 1315 2895 1341 ,
2937 1275 3074 1347 φησὶ
3095 1314 3110 1338 ,
3143 1274 3321 1328 καίτοι
3352 1273 3576 1344 γενητὸς
3603 1274 3710 1325 ὐπ-

2122 1371 2306 1442 άρχων
2338 1372 2366 1424 ὁ
2401 1369 2528 1434 Υἱὸς
2549 1410 2564 1434 ,
2603 1369 2671 1424 τὰ
2697 1369 2797 1439 τῆς
2825 1367 3042 1438 φύσεως
3072 1365 3210 1436 ἔργα
3243 1363 3516 1437 πληροῦν,
3549 1364 3709 1430 δόξαν

2123 1461 2265 1516 οὐτω
2297 1461 2374 1533 τῷ
2414 1461 2532 1530 Θεῷ
2570 1459 2667 1514 καὶ
2705 1459 2900 1532 Πατρί.
2962 1455 3094 1513 Εἶτα
3127 1458 3181 1511 τί
3215 1455 3408 1510 τούτου
3459 1457 3710 1525 φανεῖται

2122 1555 2183 1608 τὸ
2209 1555 2662 1626 δυσσεϐέστερον;
2703 1554 2869 1608 Οὐδὲν
2899 1553 3007 1624 γὰρ
3033 1552 3116 1606 ἔτι
3141 1552 3203 1605 τὸ
3234 1550 3418 1622 μεῖζον
3439 1593 3454 1617 ,
3497 1551 3619 1622 ἦτοι
3648 1550 3714 1604 τὸ

2126 1646 2285 1700 πλέον
2314 1648 2370 1700 ἐν
2393 1647 2511 1718 Θεῷ
2533 1646 2684 1718 παρὰ
2705 1645 2805 1718 τὴν
2828 1645 3024 1713 κτίσιν,
3061 1645 3109 1698 εί
3135 1645 3228 1698 καὶ
3253 1645 3351 1715 τὴν
3378 1643 3477 1714 τῆς
3517 1643 3711 1713 θεότη-

2126 1759 2216 1806 τος
2257 1740 2415 1806 δόξαν
2461 1757 2520 1796 τε
2563 1741 2656 1794 καὶ
2700 1740 2929 1812 δύναμιν
2978 1741 3116 1812 αὐτῇ
3168 1739 3562 1811 περιθήσομεν.
3617 1739 3714 1810 Μὴ

440 1826 606 1900 779
633 1833 818 1881 utrum
844 1825 1102 1881 eximiam
1134 1840 1246 1896 pra:
1278 1825 1494 1880 caeteris
1523 1802 1794 1880 creaturis
1823 1825 2017 1881 habeat

2124 1802 2232 1902 γάρ
2258 1802 2345 1894 τίς
2369 1832 2432 1885 ἐκ
2457 1802 2883 1901 φρενοϐλαϐείας
2905 1802 3116 1884 οἰέσθω.
3133 1802 3334 1901 πολλῆς
3360 1802 3712 1898 -άέιάγαστόύ

436 1929 734 1984 naturam,
767 1917 864 1973 sed
891 1926 1079 1972 utrum
1105 1917 1337 1972 omnino
1363 1926 1584 1972 creatus
1611 1917 1703 1972 sit.
1731 1915 2020 1983 Quomodo

433 2013 581 2070 enim
614 2020 874 2068 creatura
911 2025 1022 2066 non
1051 2011 1194 2075 erit,
1232 2009 1279 2066 si
1325 2017 1714 2064 creaturarum
1764 2009 1839 2065 sit
1881 2025 2022 2080 pra:-

436 2105 784 2162 stantissima
809 2103 833 2157 ?
870 2105 938 2158 At
969 2102 1174 2156 violata
1202 2098 1328 2155 Filii
1359 2099 1656 2171 majestate
1686 2101 1742 2156 in
1777 2116 1844 2158 eo
1870 2101 2021 2172 quod

436 2199 618 2270 ipsum
654 2194 862 2250 factum
899 2208 1026 2251 esse
1058 2193 1290 2257 dicunt,
1322 2191 1455 2262 quid
1503 2191 1711 2248 frustra
1755 2194 1807 2250 ei
1847 2208 2021 2250 reme-

437 2292 593 2347 dium
632 2289 802 2344 veluti
863 2286 1142 2359 quoddam
1205 2283 1508 2350 adhibent,
1555 2285 1702 2355 quod
1757 2285 2019 2341 nimirum

433 2385 616 2441 locum
674 2391 859 2436 teneat
915 2379 1255 2450 reliquorum
1311 2381 1563 2437 omnium
1619 2379 2018 2450 prazstantissi-

433 2473 929 2544 mumilnjuriam
962 2472 1150 2543 itaque
1201 2471 1296 2527 Dei
1343 2487 1408 2526 ac
1460 2471 1643 2527 Patris
1693 2472 2018 2529 substantiae

435 2568 738 2632 faciemus,
774 2572 871 2621 aut
905 2565 1106 2620 horum
1141 2563 1481 2636 agendorum
1515 2574 1843 2636 potestatem
1877 2561 2019 2618 Filio

433 2661 754 2733 aﬂingemus
777 2699 793 2726 ,
826 2659 922 2730 qui
953 2667 1008 2714 et
1037 2659 1158 2729 ipse
1185 2667 1407 2716 creatus
1447 2668 1568 2726 est,
1620 2667 1682 2713 u-t
1725 2660 1890 2714 stulte
1939 2659 2017 2712 illi

430 2750 916 2822 philosophantur.
973 2746 1078 2804 Sed
1137 2763 1248 2803 non
1314 2747 1554 2805 feremus
1619 2763 1716 2805 eos
1771 2750 2018 2803 dii-entes

432 2843 664 2908 Filium,
688 2856 814 2896 cum
852 2839 1162 2897 secundum
1193 2847 1448 2894 naturam
1484 2849 1742 2894 creatura
1774 2842 1871 2903 sit,
1903 2840 2018 2894 dei-

432 2934 567 2991 tatis
618 2942 807 2990 tamen
859 2947 1027 3002 opera
1075 2931 1293 2992 facere,
1339 2945 1466 2984 cum
1511 2931 1590 2984 ita
1638 2932 1898 3000 placitum
1943 2931 2018 2984 sit

433 3023 546 3080 Deo
576 3039 641 3080 ac
671 3022 847 3078 Patri.
888 3019 1023 3075 Nam
1061 3020 1107 3075 si
1150 3036 1216 3076 ex
1264 3018 1550 3090 Scriptura
1598 3019 1782 3074 divina
1826 3029 2014 3076 osten-

432 3115 565 3172 dere
611 3113 669 3168 id
702 3119 969 3184 possunt,
1002 3109 1153 3181 quod
1200 3119 1436 3180 possunt
1476 3108 1794 3180 proferant,
1831 3119 1886 3165 et
1933 3110 2015 3164 in-

434 3213 725 3275 corruptas
753 3202 913 3259 nobis
943 3209 1268 3260 sanctorum
1299 3213 1463 3256 voces
1505 3208 1862 3256 conservent.
1914 3198 2011 3254 Sin

433 3307 614 3353 autem
671 3311 740 3354 ex
797 3309 902 3350 suo
953 3309 1124 3350 sensu
1181 3293 1432 3348 rationes
1487 3293 2010 3359 comminiscuntur,

433 3391 573 3446 scite
640 3387 930 3443 dicemus:
964 3404 982 3437 ι
1019 3383 1113 3440 Va:
1171 3384 1268 3456 qui
1325 3384 1664 3456 prophetarit
1727 3385 1796 3440 de
1853 3386 2018 3442 corde

433 3495 537 3539 suo
564 3479 634 3533 οι.
666 3496 685 3530 ι
718 3477 817 3532 llla
850 3476 997 3533 enim
1029 3475 1254 3531 Patrem
1305 3490 1523 3547 semper
1569 3477 1710 3532 velle
1745 3477 2015 3534 concede-

433 3587 588 3635 mus,
623 3585 745 3642 quae
771 3570 1019 3626 divinam
1044 3569 1167 3640 ejus
1195 3569 1426 3641 gloriam
1458 3569 1735 3626 sinceram
1767 3579 1820 3626 et
1848 3570 2020 3626 invio-

432 3667 598 3722 latam
630 3677 853 3718 servare
883 3671 1130 3732 queunt,
1188 3671 1244 3716 et
1301 3661 1618 3732 dogmatnm
1668 3677 1792 3731 qua:
1844 3662 1912 3716 de
1954 3677 2019 3718 eo

432 3765 562 3816 sunt
593 3763 798 3811 rectam
838 3756 1112 3808 rationem
1159 3764 1406 3810 tuentur.
1460 3754 1758 3820 Quocirca,
1795 3753 2016 3809 illorum

432 3849 651 3907 insania
686 3847 872 3903 valere
915 3846 1110 3916 jussa,
1156 3845 1225 3900 ad
1258 3854 1470 3900 rectam
1505 3845 1574 3901 de
1609 3860 1676 3901 eo
1703 3845 2018 3901 doctrinam

430 3949 842 4012 convertamur,
871 3937 1170 3992 credentes
1199 3952 1267 3992 ex
1312 3936 1628 3992 substantia
1673 3937 1768 3994 Dei
1810 3953 1875 3994 ac
1914 3937 2022 3993 Pa-

433 4035 534 4091 tris
567 4033 812 4104 genitum
846 4045 970 4087 esse
999 4026 1209 4084 Filium
1238 4045 1367 4086 vere
1389 4070 1405 4095 ,
1455 4037 1511 4086 et
1561 4030 1731 4086 Deum
1787 4031 1858 4088 de
1911 4033 2021 4089 Deo

433 4123 738 4181 secundum
771 4129 1052 4178 naturam.
1083 4121 1220 4176 Cum
1252 4122 1327 4176 sit
1363 4122 1508 4177 enim
1543 4122 1832 4179 character
1860 4133 1914 4182 et
1954 4128 2021 4182 si-

433 4215 690 4275 militudo
717 4213 815 4268 Dei
845 4227 909 4268 ac
939 4211 1156 4276 Patris,
1209 4228 1338 4267 vere
1388 4213 1656 4283 loquitur,
1714 4231 1839 4270 eum
1896 4218 2016 4272 ait:

439 4327 456 4356 ι
482 4305 589 4372 Qui
620 4305 759 4359 vidit
791 4319 875 4358 me
898 4344 913 4364 ,
969 4302 1111 4357 vidit
1163 4311 1217 4356 et
1266 4301 1484 4357 Patrem
1515 4320 1528 4356 :
1563 4307 1842 4374 quomodo
1886 4324 2020 4379 ergo

436 4399 576 4459 dicis
603 4417 615 4452 :
651 4396 890 4452 Ostende
919 4395 1080 4449 nobis
1113 4394 1382 4448 Patrem?
1415 4415 1431 4446 ι
1464 4394 1617 4450 Licet
1649 4399 1852 4470 quippe
1883 4401 2016 4461 tibi,

2041 3162 2088 3224 ϐ

2121 1942 2175 1978 τι
2218 1924 2312 1978 καὶ
2347 1923 2492 1995 μέγα
2551 1924 2680 1995 περὶ
2724 1923 2856 1976 Υίοῦ
2897 1924 3116 1995 φρονεῖν
3151 1940 3213 1976 τε
3247 1924 3341 1977 καί
3375 1922 3593 1991 λέγειν,
3629 1923 3715 1975 δτι

2122 2015 2328 2087 κτίσμα
2357 2014 2454 2086 μέν
2479 2016 2646 2078 ἐστιν,
2663 2015 2761 2085 οὐχ
2786 2014 2862 2078 ὡς
2895 2013 2952 2067 ἒν
2980 2014 3038 2068 δέ
3063 2031 3171 2067 των
3200 2013 3515 2083 κτισμάτων
3541 2030 3554 2043 ο
3579 2014 3716 2066 ἵστω

2119 2107 2178 2161 δέ
2202 2109 2261 2160 οὐ
2297 2107 2508 2180 μικρῶς
2531 2106 2733 2160 ἀδικῶν
2763 2105 2861 2178 τὴν
2889 2105 3048 2172 δόξαν
3077 2106 3262 2160 αὐτοῦ.
3307 2106 3381 2160 Οὐ
3407 2105 3517 2175 γὰρ
3541 2107 3590 2158 εἰ
3619 2104 3712 2169 ἐξο-

2121 2199 2336 2272 αίρετον
2359 2199 2472 2270 ἔχει
2501 2199 2598 2270 τὴν
2629 2197 2790 2269 φύσιν
2812 2198 2966 2270 παρὰ
2987 2198 3056 2252 τὰ
3079 2197 3217 2252 ἄλλα
3245 2197 3522 2268 κτίσματα
3543 2195 3713 2267 ζητη-

2119 2289 2260 2354 τέον,
2293 2289 2409 2343 ἀλλ’
2431 2289 2480 2341 εί
2502 2289 2725 2358 γέγονεν
2750 2287 2906 2352 ὅλως.
2941 2288 3016 2341 Τὸ
3045 2288 3152 2360 γὰρ
3177 2280 3319 2340 εἶναι
3355 2286 3565 2356 κτίσμα
3589 2285 3711 2346 πῶς

2120 2381 2187 2434 ἂν
2218 2379 2503 2450 διαφύγοι,
2540 2381 2589 2432 εί
2629 2380 2722 2432 καὶ
2757 2378 2978 2433 πάντων
3006 2378 3126 2432 ἐστὶ
3159 2377 3268 2432 τῶν
3303 2376 3621 2446 κτισμάτων
3649 2375 3714 2428 τδ

2120 2471 2438 2540 κάλλιστον;
2483 2471 2875 2542 Ἀδικουμένης
2898 2471 2955 2524 δὲ
2973 2471 3074 2540 τῆς
3102 2469 3259 2541 δόξης
3272 2469 3366 2523 τοῦ
3386 2469 3516 2522 Υἱοῦ
3540 2469 3601 2522 ἐν
3629 2468 3712 2538 τῷ

2119 2564 2374 2633 γενέσθαι
2391 2565 2570 2633 λέγειν
2592 2563 2842 2631 αὐτὸν,τί
2865 2563 3042 2634 μάτην
3061 2561 3345 2630 ἐπάγουσι,
3373 2559 3628 2631 καθάπερ
3655 2578 3713 2612 τι

2120 2659 2409 2728 φάρμακον
2441 2655 2590 2728 αὐτῷ
2611 2698 2628 2723 ,
2673 2657 2733 2710 τὺ
2761 2658 2818 2709 ἐν
2845 2655 2922 2726 τῷ
2947 2653 3216 2723 καλλίστῳ
3249 2653 3358 2706 τῶν
3383 2652 3558 2707 ἄλλων
3605 2653 3712 2705 ὐπ-

2119 2750 2307 2820 άρχειν
2336 2749 2527 2819 τόπῳ;
2593 2747 2920 2820 ’Υ6ριοῦμεν
2964 2745 3256 2817 τοιγαροῦν
3299 2745 3400 2814 τὴν
3444 2745 3538 2797 τοῦ
3570 2743 3712 2798 Θεοῦ

2119 2840 2213 2893 καὶ
2256 2840 2470 2911 Πατρὸς
2517 2839 2738 2902 οὐσίαν,
2789 2839 2821 2909 ἢ
2869 2836 3044 2894 ταῦτα
3085 2837 3348 2891 δύνασθαι.
3406 2835 3710 2906 κατορθοῦν

2120 2929 2494 3000 περιθήσομεν
2526 2929 2604 3001 τῷ
2632 2929 2770 3000 Υίῷ,
2793 2929 3006 3000 γενητῷ
3039 2929 3134 2983 καὶ
3182 2928 3332 2998 αὐτῷ
3361 2928 3709 2998 τυγχάνοντι,

2119 3021 2260 3075 κατά
2288 3022 2379 3075 τὸν
2403 3022 2628 3077 ἐκείνων
2654 3022 2843 3093 ἀμαθῆ
2872 3023 2967 3076 καὶ
2999 3021 3259 3076 ἀσύνετον
3282 3021 3563 3090 λογισμόν.
3590 3019 3710 3073 Οὐκ

2119 3113 2420 3185 ἀνεξόμεθα
2456 3115 2512 3168 δέ
2552 3115 2820 3183 λεγόντων
2856 3113 3066 3182 αὐτῶν,
3118 3115 3200 3168 ὅτι
3230 3114 3298 3168 τὰ
3321 3114 3420 3183 τῆς
3455 3112 3713 3184 θεότητος

2118 3207 2254 3280 ἔργα
2281 3208 2554 3279 κατορθοῖ,
2587 3208 2792 3279 κτίσμα
2820 3208 2964 3262 κατὰ
3004 3208 3166 3277 φύσιν
3211 3205 3474 3277 ὑπάρχων
3503 3207 3531 3259 6
3556 3205 3709 3269 Υἱὸς,

2117 3299 2260 3355 οὕτω
2287 3300 2445 3365 δόξαν
2488 3299 2568 3372 τῷ
2615 3300 2735 3370 Θεῷ
2784 3301 2880 3354 καὶ
2905 3300 3099 3370 Πατρί.
3151 3301 3214 3354 Εἰ
3241 3299 3339 3370 μὲν
3381 3299 3490 3370 γὰρ
3524 3297 3712 3368 ἔχουσι

2116 3394 2381 3448 δεικνύειν
2419 3393 2577 3446 τοῦτο
2609 3393 2716 3447 ἀπὸ
2755 3394 2855 3464 τῆς
2904 3392 3055 3455 θείας
3081 3391 3342 3463 Γραφῆς,
3391 3408 3710 3462 παρακομι-

2120 3487 2320 3551 ζόντων
2369 3486 2404 3542 ὃ.
2431 3487 2731 3558 βούλονται,
2757 3487 2849 3540 καὶ
2870 3485 3284 3555 άκαπηλεύτους
3307 3486 3437 3556 ἡμῖν
3467 3484 3564 3547 τὰς
3599 3483 3712 3537 τῶν

2121 3578 2290 3646 ἁγίων
2336 3577 2646 3649 τηρούντων
2689 3577 2894 3646 φωνάς.
2947 3575 3012 3630 Ei
3046 3575 3100 3629 δὲ
3130 3575 3355 3646 γνώμης
3387 3574 3522 3639 ἰδίας
3553 3575 3715 3645 εὑρή-

2125 3687 2291 3739 ματα,
2325 3671 2419 3723 καὶ
2447 3671 2572 3734 τοὺς
2599 3669 2691 3721 ἐπὶ
2721 3667 2894 3738 τούτῳ
2920 3666 3245 3737 πεποίηνται
3266 3665 3585 3736 λογισμοὺς,
3611 3683 3713 3736 χα-

2124 3762 2345 3832 ριέντως
2389 3761 2653 3833 ἐροῦμεν·
2712 3780 2730 3810 ι
2775 3761 2909 3813 Οὐαὶ
2942 3762 3053 3821 τοῖς
3118 3757 3553 3828 προφητεύουσιν
3601 3759 3716 3814 ἀπὸ

2121 3853 2348 3924 καρδίας
2372 3851 2548 3904 αὐτῶν
2569 3852 2580 3903 !
2612 3871 2627 3901 ι
2653 3851 2862 3902 Ἐκεῖνα
2883 3848 2992 3920 γὰρ
3009 3847 3250 3919 δώσομεν
3273 3845 3476 3900 ἐθέλειν
3499 3847 3589 3902 ἀεὶ
3619 3850 3714 3902 τὸν

2122 3944 2377 4015 Πατέρα,
2419 3943 2455 3998 δι
2485 3943 2581 4012 τὴν
2632 3941 2782 3994 θείαν
2830 3940 2995 3994 αὐτοῦ
3038 3939 3196 4007 δόξαν
3238 3940 3712 4012 άπαραχάρακτον

2121 4031 2232 4090 οἶδε
2261 4037 2446 4108 τηρεῖν
2466 4075 2480 4099 ,
2510 4036 2605 4089 καὶ
2631 4033 2738 4088 τῶν
2765 4034 2894 4104 περὶ
2931 4032 3097 4087 αὐτοῦ
3127 4033 3418 4105 δογμάτων
3449 4033 3709 4098 διασώζει

2119 4131 2218 4198 τὴν
2249 4126 2535 4198 ὀρθότητα.
2560 4122 2768 4178 Οὐκοῦν
2791 4123 2912 4185 ταῖς
2933 4121 3157 4175 ἐκείνων
3183 4120 3497 4183 άσυνεσίαις
3527 4119 3589 4172 τὸ
3617 4122 3710 4191 ἐρ-

2123 4221 2329 4293 ρῶσθαι
2361 4219 2690 4291 φράσαντες,
2722 4215 2817 4270 ἐπὶ
2845 4214 2935 4268 τὸν
2969 4212 3144 4284 ἀληθῆ
3173 4212 3302 4282 περὶ
3337 4210 3501 4265 αὐτοῦ
3529 4214 3709 4282 χωρή-

2124 4331 2304 4385 σωμεν
2325 4313 2482 4381 λόγον
2503 4353 2517 4376 ,
2563 4312 2625 4364 ἐκ
2651 4309 2751 4378 τῆς
2793 4307 2977 4370 οὐσίας
3001 4305 3326 4375 γεννηθῆναι
3359 4302 3707 4365 πιστεύοντες

2124 4403 2216 4457 τοῦ
2246 4402 2381 4456 Θεοῦ
2410 4403 2504 4457 καὶ
2533 4399 2744 4470 Πατρὸς
2775 4399 2902 4451 Υίδν
2932 4395 3169 4467 ἀληθῶς,
3199 4397 3294 4450 καὶ
3320 4395 3450 4448 Θεὸν
3479 4395 3544 4447 ἐκ
3569 4392 3705 4448 Θεοῦ

435 4489 652 4561 inquit,
678 4485 927 4555 Philippe
951 4526 964 4548 ,
1010 4484 1198 4539 Patris
1244 4486 1298 4539 in
1328 4499 1412 4540 me
1440 4489 1809 4557 contemplari
1858 4499 2017 4544 natu-

2129 4496 2268 4549 κατὰ
2301 4495 2479 4561 φύσιν.
2543 4489 2822 4560 Ἀληθεύει
2868 4490 2977 4560 γὰρ
3005 4487 3178 4551 οὕτως
3205 4487 3468 4558 ὑπάρχων
3503 4486 3596 4539 καὶ
3618 4502 3710 4556 χα-

433 4597 550 4634 ram
574 4620 588 4643 ,
623 4587 678 4637 et
712 4595 776 4634 ex
811 4594 878 4631 eo
906 4576 1054 4645 quod
1099 4592 1219 4630 sum
1268 4577 1386 4646 ipse
1409 4618 1423 4635 .
1476 4581 1782 4648 genitorem
1836 4583 2018 4651 pervi-

408 4677 582 4742 ipere.
642 4670 842 4727 Exstiti
890 4667 1035 4724 enim
1082 4676 1137 4722 et
1171 4683 1291 4722 sum
1333 4685 1467 4725 vere
1515 4673 1844 4728 substantia:
1894 4675 2018 4741 ejus

435 4765 743 4826 character,
778 4777 872 4832 per
906 4760 1092 4816 omnia
1137 4757 1338 4816 similis
1367 4770 1421 4816 et
1453 4763 1636 4833 imago
1671 4763 2020 4833 perfectissi-

433 4871 520 4908 ma
550 4856 626 4916 ⁸⁸,
663 4863 832 4908 totam
861 4853 915 4906 in
948 4853 1159 4923 meipso
1191 4850 1286 4908 Dei
1320 4867 1384 4908 ac
1415 4852 1596 4912 Patris
1628 4864 1890 4911 naturam
1921 4872 2017 4912 ex-

433 4945 697 5013 primens.
753 4942 926 5011 Quem
978 4942 1198 4999 demum
1257 4943 1491 5000 visionis
1536 4945 1740 5000 divinae
1788 4947 2009 5002 modum

434 5034 600 5088 alium
627 5032 943 5106 quaesieris,
969 5033 1014 5086 si
1045 5033 1143 5088 tibi
1173 5049 1309 5090 sana
1337 5049 1494 5091 mens
1523 5050 1647 5090 esse
1674 5044 1892 5104 potest,
1918 5046 2014 5093 aut

434 5123 614 5194 quod,
679 5137 902 5192 quaaso,
959 5120 1190 5179 visionis
1242 5139 1416 5194 genus
1488 5125 1706 5194 rogas?
1740 5124 2014 5196 Nunquid

434 5211 872 5282 praestantiorem
909 5221 966 5266 et
1005 5213 1180 5284 magis
1213 5213 1550 5284 exquisitam
1589 5215 1874 5271 veteribus
1911 5215 2014 5272 da-

433 5318 543 5360 tam
560 5321 688 5361 esse
717 5305 1026 5374 existimas,
1051 5321 1177 5362 cum
1211 5306 1267 5361 in
1299 5316 1544 5362 montem
1582 5306 1713 5364 Sina
1737 5311 1792 5364 in
1828 5313 2014 5381 specie

435 5398 578 5470 ignis
607 5397 865 5454 descendi
900 5399 991 5453 9'?
1018 5397 1100 5454 0b
1141 5399 1245 5453 hoc
1270 5397 1416 5453 enim
1446 5396 1624 5456 Judaei
1659 5402 2013 5472 potissimum

435 5489 657 5560 gloriari
688 5490 886 5545 solent.
921 5491 1046 5546 Haec
1088 5505 1117 5542 a
1157 5488 1384 5545 Christo
1447 5490 1640 5548 forsan
1686 5495 1835 5550 dicta
1883 5497 2009 5568 qui-

434 5584 554 5637 dezn
599 5597 720 5636 esse
765 5582 1122 5652 putabimus:
1160 5591 1417 5639 caeterum
1456 5585 1524 5641 ad
1576 5585 1668 5642 Dei
1716 5597 1770 5644 et
1824 5589 2006 5647 Patris

507 5752 552 5786 ⁸⁵
578 5759 776 5819 Ezech.
809 5772 903 5815 xm
929 5797 945 5824 ,
981 5759 1033 5813 5.
1109 5759 1154 5790 ”
1187 5760 1226 5815 ll
1259 5759 1385 5818 Cor.
1442 5781 1515 5832 tv,
1557 5766 1626 5832 4;
1654 5766 1826 5832 Hebr,
1857 5789 1908 5836 ι,
1953 5775 2004 5828 5.

2129 4585 2360 4653 ρακτὴρ,
2393 4582 2491 4636 καὶ
2519 4581 2777 4651 ὁμοίωσις
2801 4577 2895 4630 τοῦ
2931 4577 3065 4630 Θεοῦ
3097 4579 3187 4630 καὶ
3223 4577 3458 4646 Πατρός,
3491 4574 3668 4642 λέγων
3691 4591 3704 4606 ·

2128 4701 2145 4731 ι
2170 4681 2226 4731 ’0
2257 4677 2519 4749 ἑωρακὼς
2547 4675 2675 4744 ἐμὲ,
2712 4674 2924 4746 ἐώρακε
2951 4674 3041 4728 τὸν
3073 4673 3291 4745 Πατέρα
3315 4691 3328 4704 ·
3354 4673 3470 4738 πῶς
3496 4669 3590 4728 οὖν
3622 4674 3710 4727 λέ-

2122 4789 2236 4840 γεις
2264 4788 2277 4801 ·
2313 4766 2493 4836 Δεῖξον
2532 4769 2665 4837 ἡμῖν
2695 4766 2789 4820 τὸν
2824 4765 3083 4836 Πατέρα;
3118 4785 3135 4816 ι
3185 4765 3334 4833 Ἐξ-ὸν
3363 4765 3471 4836 γὰρ
3507 4765 3575 4836 δή
3603 4783 3705 4827 σοι,

2123 4865 2316 4934 φησὶν,
2344 4856 2389 4916 ὦ
2413 4861 2674 4922 Φίλιππε,
2707 4862 2805 4932 τὴν
2830 4859 2923 4913 τοῦ
2952 4859 3168 4930 Πατρὸς
3201 4859 3258 4912 ἐν
3285 4859 3411 4928 ἐμοὶ
3438 4857 3708 4912 καταθεά-

2124 4957 2321 5011 σασθαι
2351 4955 2546 5024 φύσιν,
2601 4955 2696 5008 καὶ
2727 4952 2789 5018 ἐξ
2826 4945 2901 5006 ὧν
2935 4952 3096 5015 αὐτός
3125 4953 3242 5022 εἰμι
3283 4950 3708 5005 διασκέπτεσθαι

2121 5045 2210 5100 τὸν
2225 5045 2542 5116 γεννήτορα.
2570 5043 2796 5114 Πέφηνά
2819 5060 2878 5096 τε
2906 5044 3012 5114 γὰρ
3037 5043 3132 5096 καὶ
3151 5043 3264 5114 εἰμὶ
3285 5043 3404 5096 κατ’
3424 5041 3704 5114 ἀλήθειαν,

2122 5137 2216 5192 καὶ
2241 5137 2340 5208 τῆς
2368 5137 2557 5202 οὐσίας
2604 5134 2770 5191 αὐτοῦ
2801 5134 3084 5208 χαρακτὴρ
3137 5133 3576 5206 ἀπαράλλακτος,
3613 5135 3709 5187 καὶ

2123 5230 2284 5285 εἰκὼν
2315 5231 2562 5304 ἐμφερὴς
2583 5269 2600 5296 ,
2629 5229 2757 5301 ὃλην
2789 5230 2848 5282 ἐν
2891 5226 3115 5300 ἐμαυτῷ
3155 5227 3256 5298 τὴν
3290 5227 3385 5281 τοῦ
3425 5227 3562 5280 Θεοῦ
3615 5228 3708 5280 καὶ

2124 5323 2335 5394 Πατρδς
2362 5321 2716 5394 ἐγχαράττων
2753 5321 2934 5390 φύσιν.
2982 5321 3140 5375 Ποῖον
3178 5319 3258 5374 ἐτι
3303 5321 3404 5389 τῆς
3451 5319 3706 5383 θεοπτίας

2121 5414 2482 5486 ἐπιζητήσαις
2506 5413 2572 5467 ἂν
2599 5412 2800 5484 τρόπον
2825 5412 3036 5482 ἕτερον,
3053 5411 3107 5464 εί
3128 5411 3190 5483 γέ
3216 5428 3296 5464 σοι
3316 5411 3518 5484 προσὸν
3536 5411 3700 5482 optim

2119 5507 2179 5558 τὸ
2207 5505 2278 5560 τά
2323 5506 2506 5560 εἰκότα
2543 5503 2801 5558 δύνασθαι
2839 5505 3092 5575 φρονεῖν,
3147 5503 3398 5574 ἣποίαν,
3441 5503 3564 5555 εἰπέ
3594 5519 3700 5568 μοι.

2118 5596 2352 5666 θεωρίαν
2376 5598 2550 5660 αἰτεῖς
2575 5591 2760 5665 ;τΑρα
2787 5593 2861 5665 μὴ
2884 5593 3166 5666 κρείττονα
3197 5594 3288 5646 καὶ
3308 5590 3703 5662 ἀκριϐεστέραν

2085 5778 2128 5806 π
2169 5773 2344 5829 Exod.
2389 5791 2503 5838 xix,
2543 5775 2630 5826 18.
