3992 6316
260 352 367 409 209

1299 347 1364 403 IN
1402 339 1686 403 JOANNIS
1714 342 2166 404 EVANGELIUM
2204 347 2332 404 LIB.
2375 348 2464 406 ιιι.

3384 351 3504 406 9J6

260 478 364 529 ol'et
391 471 639 526 δεδόσθαι
661 470 771 534 τοῖς
799 469 1174 541 ἀρχαιοτέροις
1192 511 1206 536 ,
1232 469 1319 523 ὅτε
1352 469 1588 540 κατέϐην
1621 469 1680 522 ὲν
1704 467 1838 522 είδει

1943 473 2316 544 cognitionem
2353 473 2565 544 potiora
2602 488 2722 531 esse
2750 472 2957 531 Christi
2983 471 3300 530 Servatoris
3325 473 3499 528 nostri

258 565 432 637 πυρὸς
477 563 572 616 ἐπὶ
605 562 671 615 τὸ
710 561 835 632 δρος
875 559 937 612 τὸ
973 560 1140 624 Σινᾶ.;
1197 558 1337 612 Πολὺ
1375 558 1484 630 γὰρ
1525 559 1712 629 αὐχεῖν
1740 557 1834 610 ἐπὶ

258 655 435 725 τούτῳ
455 654 520 726 δὴ
547 653 782 724 μάλιστα
805 654 916 716 τοῖς
954 649 1226 714 Ἰουδαίοις
1270 652 1326 704 ὲν
1350 649 1480 704 ἔθει.
1523 649 1694 704 Ταυτὶ
1733 648 1833 718 μὲν

260 747 391 808 ῑσως
422 746 819 815 ὑπονοήσαιμεν
848 743 914 797 ἂν
945 741 1103 813 τυχὸν
1139 740 1430 810 διειλέχθαι
1454 739 1688 813 Χριστόν
1709 755 1722 770 '
1750 741 1832 792 ὅτι

258 838 307 892 δ’
333 833 426 890 οῦν
449 837 688 906 ἀμείνων
716 838 795 899 εἰς
827 834 1029 904 γνῶσιν
1055 833 1154 905 τὴν
1177 832 1271 886 τοῦ
1300 831 1435 884 Θεοῦ
1473 831 1568 884 καὶ
1596 829 1830 900 Πατρὸς,

263 930 299 999 ή
323 928 430 980 τῶν
463 926 778 998 παραδόξων
823 923 1077 990 ἐπίδειξις
1102 925 1196 978 τοῦ
1229 924 1477 993 Σωτῆρος
1516 921 1674 992 ἡμῶν
1700 923 1832 992 Χρι-

264 1018 415 1083 στοῦ,
438 1018 537 1088 τῆς
575 1019 634 1070 ἑν
662 1017 741 1087 τῷ
762 1017 878 1086 δρει
907 1017 1065 1086 Σινᾷ,
1113 1014 1308 1086 χρῆναι
1332 1014 1442 1066 δεῖν
1465 1011 1833 1082 ὑπολαμϐάνω

260 1109 356 1164 καὶ
382 1107 477 1163 νῦν
499 1110 646 1180 ἡμᾶς
678 1107 977 1162 ἀοκνότατα
1007 1107 1204 1175 λέγειν.
1235 1106 1397 1176 Ὀψει
1435 1101 1545 1174 γὰρ
1573 1102 1716 1156 οὓτω
1741 1101 1832 1155 τὸν

250 1198 556 1263 Φίλιππον,
583 1195 997 1269 παρακειμένης
1040 1195 1189 1266 αὐτῷ
1221 1195 1320 1266 τῆς
1350 1193 1584 1265 ἀληθοῦς
1604 1192 1830 1257 εἰκόνος,

253 1289 360 1342 οὐκ
389 1287 706 1356 ἀναγκαίως
733 1287 1034 1357 αἰτήσαντα
1072 1285 1172 1355 τὴν
1213 1285 1570 1356 ἑτερότροπον
1597 1283 1832 1354 θεωρίαν

254 1378 354 1433 τοῦ
377 1378 512 1432 Θεοῦ
545 1379 637 1432 καὶ
665 1377 897 1449 Πατρὸς,
925 1378 962 1447 ἢ
991 1377 1085 1430 καὶ
1119 1378 1231 1440 τοῖς
1265 1375 1646 1448 ἀρχαιοτέροις
1674 1373 1832 1444 ἐδόθη

257 1471 478 1524 κατὰτὸ
516 1471 638 1542 ὅρος
667 1470 817 1524 Σινᾶ.
865 1469 1088 1538 Κατέὸη
1121 1468 1351 1540 μὲνγὰρ
1393 1470 1506 1520 ἐκεῖ
1529 1467 1732 1538 Κύριος
1773 1467 1832 1520 ὲν

253 1565 389 1618 εἴδει
425 1565 629 1635 πυρὸς,
661 1563 807 1617 καθά
835 1563 1180 1632 γέγραπται,
1213 1560 1563 1631 θεωρούντων
1590 1559 1832 1630 δηλονότι

251 1657 365 1707 τῶν
393 1655 454 1720 ἐξ
492 1655 724 1726 Ἰσραήλ.
767 1653 903 1706 Ἀλλ’
929 1654 1029 1706 οὑκ
1060 1653 1156 1715 ἂν,
1191 1649 1344 1722 οἶμαι
1363 1691 1378 1717 ,
1410 1652 1494 1714 τὶς
1521 1651 1611 1705 διὰ
1636 1650 1828 1704 τούτου

253 1748 337 1810 εἰς
360 1747 568 1809 ἐννοίας
596 1745 816 1817 ἀληθεῖς
837 1745 1023 1800 ὲλάσαι
1053 1746 1182 1799 ποτὲ
1211 1745 1306 1807 τὰς
1337 1745 1464 1814 περὶ
1481 1742 1639 1806 Θεοῦ,
1663 1743 1830 1811 ἤγουν

1936 564 2228 629 miracula,
2255 579 2422 635 quam
2455 579 2578 636 qua:
2618 563 2674 620 in
2708 575 2892 621 monte
2925 563 3056 618 Sina
3083 561 3228 619 edita
3257 560 3500 626 fuerunt,

1934 655 2165 726 impigre
2219 671 2437 726 quoque
2492 671 2639 710 nunc
2695 655 2854 714 nobis
2910 653 3294 726 exponendum
3357 655 3504 710 arbi-

1934 757 2077 802 tror.
2128 745 2206 802 Ita
2261 763 2502 818 namque
2555 745 2768 804 videbis
2843 761 2955 802 non
3023 760 3252 802 necesse
3331 745 3503 802 fuisse

1936 841 2184 913 Philippo
2213 850 2292 906 ut,
2321 856 2448 899 cum
2477 840 2528 897 ei
2560 855 2688 897 vera
2721 839 2941 897 adesset
2980 841 3161 911 imago
3182 881 3197 906 ,
3227 839 3500 895 diversam

1935 935 2204 990 visionem
2251 931 2416 1004 780
2456 929 2554 986 Dei
2589 946 2654 986 ac
2687 930 2867 986 Patris
2900 937 3144 1002 peteret,
3179 945 3301 1000 quae
3331 936 3385 984 et
3411 943 3502 984 ve-

1933 1027 2143 1082 teribus
2175 1025 2300 1080 data
2337 1032 2420 1080 est
2454 1023 2522 1078 ad
2554 1032 2794 1079 montem
2825 1021 2979 1077 Sina.
3032 1021 3320 1078 Descendit
3351 1021 3500 1076 enim

1932 1118 2062 1173 illuc
2109 1117 2378 1172 Dominus
2423 1117 2481 1171 in
2515 1114 2698 1186 specie
2731 1115 2912 1184 ignis,
2965 1122 3026 1168 ut
3073 1113 3337 1183 scriptum
3381 1119 3502 1178 est,

1935 1206 2314 1277 spectantibus
2376 1205 2637 1260 nimirum
2697 1203 2992 1258 Israelitis.
3029 1201 3137 1257 Sed
3194 1216 3392 1266 nemo,
3445 1209 3506 1256 ut

1935 1310 2080 1359 reor,
2116 1311 2214 1365 per
2243 1296 2344 1349 hoc
2376 1294 2442 1349 ad
2471 1309 2630 1349 veras
2651 1293 2719 1348 de
2742 1292 2853 1348 Deo
2874 1294 3131 1348 notiones
3158 1291 3500 1362 pervenerit,

1934 1394 2027 1438 aut
2054 1384 2119 1437 ad
2154 1384 2473 1454 opinionem
2503 1381 2691 1436 deitati
2722 1390 3124 1452 congruentem
3159 1379 3498 1437 ascenderit:

1932 1476 2211 1547 quomodo
2241 1474 2386 1529 enim
2411 1515 2426 1541 ,
2462 1489 2651 1544 quaeso
2672 1513 2686 1539 ,
2718 1487 2817 1543 per
2847 1473 3028 1543 ignem
3057 1472 3208 1527 velut
3252 1471 3322 1526 ab
3363 1473 3502 1526 ima-

1929 1571 2056 1640 gine
2104 1568 2339 1638 quadam
2390 1567 2679 1621 veniemus
2743 1564 2812 1620 ad
2863 1564 3262 1636 archetypum,
3317 1563 3373 1618 id
3419 1572 3503 1621 est

1935 1661 2150 1716 Patrem
2185 1673 2250 1713 ac
2278 1656 2494 1712 Deum?
2525 1655 2712 1712 Bonus
2758 1655 3034 1726 siquidem
3085 1655 3227 1710 Deus
3275 1663 3361 1710 est
3402 1669 3502 1709 na-

1935 1763 2056 1806 tura
2079 1790 2093 1815 ,
2128 1765 2193 1804 ac
2222 1757 2484 1819 praeterea
2513 1746 2726 1818 opifex,
2752 1746 2846 1817 qui
2878 1745 2933 1799 in
2959 1754 3142 1800 ortum
3171 1745 3355 1800 educit
3382 1760 3504 1816 qua:

252 1839 336 1900 εἰς
360 1838 459 1908 τὴν
485 1839 550 1907 τῇ
577 1814 793 1907 θεότητι
817 1837 1134 1906 πρέπουσαν
1168 1833 1514 1904 ἀναπηδήσαι
1547 1832 1826 1902 διάληψινο

1943 1842 2234 1915 aliquando
2274 1857 2383 1896 non
2420 1814 2606 1905 erant,
2654 1814 2833 1909 eaque
2867 1838 2920 1893 in
2974 1853 3099 1895 esse
3133 1814 3412 1894 continet'
3449 1845 3505 1892 et

253 1925 373 1988 πῶς
402 1926 512 1996 γὰρ
539 1925 672 1992 ὅλως
700 1924 788 1978 διὰ
814 1925 1004 1996 πυρὸς,
1032 1925 1281 1996 καθάπερ
1305 1924 1411 1978 ἀπό
1438 1941 1580 1986 τινος
1605 1925 1830 1986 εἰκόνος,

255 2019 431 2087 τοιμεν
459 2017 525 2071 ἂν
556 2017 649 2070 ἐπὶ
677 2017 740 2070 τὸ
764 2017 1102 2088 ἀρχέτυπον,
1132 2015 1275 2068 τοῦτ’
1305 2014 1448 2077 ἐστι,
1502 2012 1592 2066 τὸν
1618 2014 1834 2083 Πατέρα

256 2111 349 2163 καὶ
378 2111 551 2175 Θεόν;
601 2110 832 2178 Ἀγαθὸς
865 2111 963 2180 μὲν
1007 2109 1116 2180 γὰρ
1157 2111 1186 2161 6
1214 2107 1345 2171 Θεὸς
1382 2109 1449 2178 τῇ
1495 2105 1686 2176 φύσει,
1741 2106 1835 2157 καὶ

255 2201 394 2272 πρός
420 2217 481 2268 γε
510 2201 683 2272 τούτῳ
711 2202 1074 2272 δημιουργὸς,
1108 2202 1173 2253 τὰ
1200 2199 1299 2252 οὐκ
1331 2200 1458 2253 ὄντα
1491 2198 1622 2250 ποτὲ
1653 2195 1834 2249 καλῶν

256 2287 337 2351 εἰς
361 2288 574 2357 γένεσιν
593 2327 610 2353 ,
657 2289 752 2342 καὶ
787 2289 1028 2359 συνέχων
1057 2290 1136 2352 εἰς
1163 2288 1224 2342 τὸ
1267 2283 1408 2342 εἶναι
1442 2286 1511 2341 τὰ
1541 2287 1718 2341 πάντα
1741 2285 1835 2338 καὶ

254 2379 572 2448 ζωογονῶν,
625 2380 783 2442 αὐτὸς
809 2381 1001 2450 σοφία,
1027 2382 1122 2433 καὶ
1149 2379 1412 2449 δύναμις,
1441 2378 1678 2448 χρηστὸς
1699 2415 1715 2441 ,
1742 2377 1836 2429 καὶ

257 2472 578 2543 οἰκτίρμων,
609 2475 704 2526 καὶ
733 2473 998 2544 ἐλεήμων.
1048 2471 1266 2526 Τούτων
1290 2471 1348 2524 δὲ
1370 2470 1432 2523 τὸ
1458 2471 1716 2540 παράπαν
1746 2469 1836 2521 06-

256 2565 345 2617 δὲν
374 2566 434 2618 ὲν
461 2565 616 2636 πυρί.
686 2566 761 2618 Οὐ
786 2565 896 2635 γὰρ
949 2565 1015 2618 ἂν
1048 2563 1212 2617 οίοιτό
1237 2579 1340 2628 τις,
1377 2560 1432 2614 εί
1458 2577 1522 2628 γε
1547 2559 1671 2613 νοῦν
1701 2559 1834 2629 ἔχει,

259 2657 529 2727 χρηστὸν,
578 2657 674 2710 καὶ
711 2657 1088 2728 φιλάνθρωπον
1131 2650 1270 2708 εἶναι
1294 2653 1358 2706 τὸ
1389 2653 1529 2724 πῦρ,
1572 2651 1690 2704 οὐδὲ
1721 2652 1838 2721 ἐρεῖ

258 2765 340 2811 τις
365 2749 691 2820 σωφρονῶν,
742 2749 816 2813 ὡς
845 2749 930 2820 εἴη
979 2748 1078 2818 μὲν
1115 2745 1507 2818 δημιουργικὸν
1526 2783 1542 2808 ,
1593 2743 1753 2813 σοφόν
1776 2761 1837 2797 τε

261 2839 355 2891 καὶ
381 2839 664 2908 ζωογόνον.
699 2835 830 2893 Εἶτα
863 2839 980 2903 πῶς
1013 2839 1077 2893 ἀν
1104 2856 1220 2904 τις,
1253 2837 1375 2890 εἰπέ
1410 2853 1530 2906 μοι,
1558 2835 1644 2889 διὰ
1668 2834 1838 2905 πυρὸς

261 2929 360 2993 τὰς
391 2931 520 3001 περὶ
550 2931 650 2999 τῆς
687 2930 924 3000 ἀληθοῦς
961 2929 1215 2999 θεότητος
1250 2927 1460 2991 ἑννοίας
1504 2925 1837 2993 συλλέξειεν;

262 3021 298 3090 ἢ
342 3021 460 3085 πῶς
493 3021 558 3075 ἂν
606 3025 664 3076 ὲν
708 3023 958 3092 ἐσόπτρῳ
1001 3021 1095 3074 καὶ
1138 3017 1422 3088 αἰνίγματι
1466 3017 1759 3088 θεωρήσειέ
1789 3035 1842 3070 τι

1934 1935 2204 1996 viviticat,
2239 1932 2469 2001 ipsemet
2501 1929 2772 1999 sapientia
2819 1935 2874 1984 et
2929 1929 3130 1993 virtus,
3165 1928 3367 1992 bonus,
3394 1927 3504 1982 cle-

1935 2040 2090 2079 mens
2125 2032 2180 2077 et
2239 2021 2581 2076 misericors.
2618 2017 2824 2074 IIorum
2851 2027 3036 2074 autem
3067 2018 3208 2072 nihil
3239 2027 3322 2078 est
3348 2030 3506 2086 pror-

1936 2132 2032 2172 sus
2065 2115 2119 2169 iu
2155 2115 2298 2182 igne.
2333 2111 2502 2166 Nemo
2523 2111 2670 2166 enim
2707 2125 2877 2167 sanus
2898 2113 3079 2182 ignem
3104 2110 3307 2165 bonum
3330 2115 3384 2163 et
3407 2106 3508 2162 mi-

1935 2208 2270 2265 sericordem
2298 2221 2420 2260 esse
2449 2204 2555 2260 sibi
2598 2204 2976 2274 persuaserit,
3027 2217 3130 2258 nec
3178 2201 3400 2257 creandi
3455 2200 3505 2254 vi

1937 2299 2174 2370 pollere,
2214 2295 2656 2366 sapientiamque
2686 2301 2738 2350 et
2768 2295 2936 2349 vitam
2969 2293 3183 2364 largiri.
3221 2289 3508 2358 Quomodo

1938 2393 2125 2464 igitur,
2154 2405 2342 2460 quaeso
2362 2429 2376 2454 ,
2407 2405 2506 2460 per
2536 2391 2718 2460 ignem
2746 2388 2814 2444 de
2843 2402 2971 2442 vera
3021 2385 3314 2441 divinitate
3357 2381 3506 2437 noti-

1937 2485 2070 2540 tiam
2101 2481 2436 2552 collegeris?
2461 2490 2558 2535 aut
2587 2479 2864 2551 quomodo
2893 2478 2949 2534 in
2993 2477 3220 2548 speculo
3265 2483 3319 2531 ct
3368 2474 3507 2529 teni-

1937 2585 2118 2647 gmate
2149 2575 2192 2606 ⁹⁷
2224 2571 2434 2644 aliquid
2468 2587 2661 2627 eorum
2715 2587 2838 2642 qua:
2893 2571 2968 2625 illi
3029 2579 3231 2626 natura
3280 2569 3506 2632 insunt,

1939 2664 2279 2736 spectaveris
2304 2664 2326 2717 ?
2352 2663 2613 2729 Quamam
2645 2677 2776 2732 ergo
2803 2661 2976 2725 ratio,
3011 2660 3226 2731 inquit,
3261 2668 3359 2712 aut
3390 2674 3511 2728 qua:

1939 2768 2109 2809 causa
2156 2752 2324 2807 Deum
2375 2750 2627 2820 impulit,
2661 2759 2718 2808 ut
2767 2751 2823 2805 in
2873 2759 3058 2804 monte
3104 2750 3237 2804 Sina
3279 2747 3508 2802 formam

1941 2846 2084 2916 ignis
2114 2843 2518 2913 assumpscrit?
2540 2841 2954 2913 Respondemus
2981 2840 3150 2910 quod,
3181 2854 3305 2894 cum
3337 2837 3512 2894 Israe-

1941 2938 2052 2992 lita:
2077 2952 2142 2992 eo
2178 2937 2415 2991 maxime
2445 2944 2693 3005 tempore
2738 2935 2806 2989 ad
2853 2936 3110 3004 pietatem
3147 2931 3366 2986 institui
3401 2945 3512 2984 cm-

1945 3027 2185 3098 pissent,
2215 3027 2452 3096 vitaeque
2491 3042 2603 3082 sum
2635 3027 2882 3096 regulam
2917 3026 3086 3095 legem
3119 3040 3150 3078 a
3180 3039 3287 3094 qua
3317 3021 3514 3092 dirige-

263 3111 374 3166 τῶν
403 3113 792 3183 ἐμπεφυκότων
819 3115 990 3185 αὐτῇς
1015 3112 1110 3176 Τίς
1134 3108 1229 3166 οὖν
1253 3111 1378 3182 ἀρα,
1405 3111 1589 3181 φησὶν,
1616 3112 1644 3164 6
1662 3109 1836 3179 λόγος,

1945 3126 2136 3175 rentur
2183 3116 2521 3187 assumpturi
2555 3125 2782 3182 essent,
2820 3116 3052 3171 decebat
3098 3123 3232 3170 tunc
3277 3112 3516 3167 maxime

262 3202 297 3272 ἢ
331 3203 458 3256 ποία
491 3203 679 3272 γέγονε
722 3203 994 3274 πρόφασις
1041 3203 1119 3266 εἰς
1166 3199 1276 3272 πῦρ
1315 3197 1682 3252 ἀναπείθουσα
1713 3213 1840 3268 χρη-

265 3297 584 3368 ματίζεσθαι
612 3298 732 3370 [γρ.
761 3294 1224 3368 σχηματίζεσθαι]
1251 3294 1342 3348 τὸν
1366 3292 1499 3346 Θεὸν
1539 3294 1598 3344 ὲν
1624 3289 1702 3360 τῷ
1724 3289 1840 3360 δρει

263 3391 430 3462 Σινᾷς
478 3389 740 3461 Ἑροῦμεν
775 3390 856 3443 ὅτι
881 3387 1199 3460 ἀρχομένων
1221 3385 1326 3440 τῶν
1356 3384 1417 3449 ἐξ
1449 3381 1685 3455 Ἰσραὴλ,
1720 3380 1840 3434 κατ’

261 3483 438 3536 έκεῖνο
484 3482 547 3553 δὴ
591 3481 824 3552 μάλιστα
865 3479 1091 3550 καιροῦ,
1132 3478 1231 3548 τῆς
1262 3479 1341 3541 εἰς
1373 3474 1656 3530 εὐσέϐειαν
1690 3471 1844 3526 παιδ-

263 3575 508 3643 αγωγίας
528 3615 543 3638 ,
585 3574 677 3626 καὶ⁸
705 3573 895 3644 ὥσπερ
925 3571 1046 3625 τινὰ
1080 3569 1280 3624 κανόνα
1313 3566 1585 3622 ποιεῖσθαι
1621 3562 1843 3636 μελλόν-

263 3682 372 3719 των
421 3667 519 3734 τῆς
565 3665 773 3728 οἰκείας
818 3663 962 3733 ζωῆς
1003 3663 1094 3716 τὸν
1144 3659 1531 3733 διορθώσεσθαι
1585 3655 1844 3728 μέλλοντα

267 3758 448 3827 νόμον,
467 3757 578 3810 ἔδει
597 3757 721 3810 τότε
751 3757 815 3826 δὴ
831 3756 1066 3826 μάλιστα
1082 3751 1350 3823 κολαστήν
1362 3767 1484 3804 τινα
1503 3749 1595 3802 καὶ
1616 3747 1846 3819 φοϐερὸν

269 3851 449 3913 αὐτοῖς
467 3849 754 3918 φαίνεσθαι
780 3848 870 3900 τὸν
889 3847 1040 3908 Θεὸν,
1070 3846 1158 3900 ἵνα
1174 3845 1371 3898 εἰδέναι
1396 3844 1570 3913 ἔχοιεν
1599 3841 1647 3894 οἱ
1675 3855 1848 3910 παρα-

271 3942 562 4006 ϐαίνοντες,
594 3943 675 3995 ὅτι
708 3940 844 4011 πρὸς
875 3938 985 4008 πῦρ
1019 3940 1047 3991 6
1076 3937 1230 4004 λόγος
1261 3935 1464 3998 αὐτοῖς.
1508 3933 1606 3988 Διά
1629 3931 1738 4002 γάρ
1764 3948 1846 3984 τοι

269 4032 426 4086 τοῦτο
455 4033 550 4086 καὶ
576 4033 605 4085 ό
653 4031 827 4100 μέγας
855 4029 1060 4098 Μωσῆς
1089 4030 1202 4090 τοῖς
1227 4026 1286 4093 ἐξ
1321 4024 1536 4095 Ἰσραὴλ
1561 4021 1845 4094 προσεφώ-

269 4142 347 4177 νει
377 4123 553 4192 λέγων
572 4140 586 4154 ο
617 4141 634 4173 ι
658 4122 716 4176 '0
739 4121 871 4184 Θεὸς
902 4119 1060 4191 ήμῶν
1101 4117 1211 4187 πῦρ
1241 4113 1634 4177 καταναλίσκον
1662 4112 1793 4165 ἐστί.
1823 4131 1841 4163 ι

271 4214 377 4267 Καὶ
408 4214 471 4267 οὐ
508 4213 573 4283 δή
606 4230 707 4267 που
733 4211 973 4282 φαίημεν
1013 4209 1076 4264 ἂν
1122 4209 1226 4272 ὅτι,
1269 4205 1367 4277 τὴν
1395 4204 1488 4258 τοῦ
1523 4204 1658 4258 Θεοῦ
1687 4204 1848 4274 φύσιν

270 4307 661 4378 ἐξηγούμενος,
703 4305 839 4376 πυρὶ
889 4302 1221 4374 παρείκαζεν
1246 4298 1406 4352 αὑτὸν
1453 4298 1481 4350 6
1508 4295 1648 4350 οὕτω
1677 4294 1850 4365 σοφὼ-

270 4416 454 4463 τατος,
502 4398 750 4469 ὠνόμαζε
793 4396 851 4450 δὲ
893 4395 1037 4449 οὕτω
1081 4393 1171 4446 τὸν
1211 4391 1375 4456 Θεὸν,
1420 4388 1496 4453 ὡς
1547 4389 1610 4440 ὲκ
1649 4387 1848 4458 πολλῆς

271 4490 412 4559 ἀγαν
442 4489 836 4561 μισοπονηρίας
855 4527 870 4552 ,
905 4486 1076 4558 πυρὸς
1119 4484 1274 4554 δίκην
1303 4479 1395 4535 τοῦ
1433 4480 1732 4550 παμφάγου
1755 4479 1849 4533 δα-
1878 4469 1926 4529 D

272 4586 450 4654 πανᾷν
466 4601 525 4637 τε
549 4583 642 4636 καὶ
664 4581 973 4635 ἀναλίσκειν
993 4579 1054 4632 οὐ
1084 4574 1521 4648 παραιτουμένου
1541 4573 1666 4636 τοὺς
1689 4589 1847 4626 κατα·

274 4673 602 4745 φρονοῦντας
645 4671 831 4725 αὑτοῦ.
883 4671 996 4724 Οὐκ
1022 4667 1081 4733 ἐξ
1105 4660 1180 4722 ὧν
1204 4667 1320 4719 ἐστὶ
1347 4666 1487 4719 κατὰ
1511 4663 1694 4734 φύσιν,
1715 4663 1848 4730 Θεὸς

272 4768 360 4821 διὰ
387 4765 564 4837 πυρὸς
595 4763 917 4835 γνωρίζεται
945 4777 959 4790 ·
1006 4761 1067 4815 τὸ
1093 4761 1150 4816 δὲ
1174 4757 1344 4820 οὓτως
1382 4755 1699 4828 ὠνομάσθαι
1753 4756 1847 4810 καὶ

273 4854 454 4929 ὦφθαι
484 4858 604 4912 τότε
631 4857 768 4927 πρὸς
808 4855 869 4908 τὸ
905 4857 1017 4918 τοῖς
1048 4851 1416 4923 ἀκροωμένοις
1462 4849 1668 4920 ἐλήφθη
1696 4849 1845 4902 λυσι-

272 4952 449 5014 τελές.
505 4950 705 5019 Ἴωμεν
747 4946 812 5015 δὴ
839 4945 1023 5000 λοιπὸν
1052 4943 1143 4997 ὲπί
1173 4943 1273 5013 τὴν
1299 4940 1472 5011 ἀληθῆ
1501 4942 1595 4994 καὶ
1624 4941 1847 5010 ἀκριϐε-

277 5041 480 5110 στάτην
512 5039 604 5092 τοῦ
645 5038 859 5108 Πατρὸς
899 5035 1130 5106 θεωρίαν
1151 5074 1166 5098 ,
1221 5034 1366 5086 τοῦτ’
1404 5032 1550 5097 ἔστι,
1580 5033 1667 5085 τὸν
1696 5032 1844 5086 Υίόν.

277 5133 475 5186 Εἰκόνα
497 5131 606 5202 γὰρ
632 5131 792 5184 αὐτὸν
824 5127 1083 5199 ὀψόμεθα·
1098 5127 1190 5180 τοῦ
1213 5126 1571 5196 γεννήσαντος
1587 5164 1601 5186 ,
1629 5127 1739 5187 τοῖς
1763 5125 1849 5176 ἐν.

276 5224 425 5277 οῦσιν
459 5222 612 5294 αὐτῷ
645 5220 1079 5290 πλεονεκτήμασι
1121 5217 1212 5270 τὸν
1243 5216 1343 5285 τῆς
1390 5213 1625 5276 διανοίας
1653 5214 1852 5284 ἐνερεί-

280 5334 469 5381 σαντες
513 5315 812 5386 ὀφθαλμόν.
890 5311 1114 5380 Ἀγαθὸς
1162 5306 1451 5378 τοιγαροῦν
1503 5307 1533 5358 ὁ
1583 5305 1713 5369 Θεὸς
1757 5309 1850 5360 καὶ

281 5409 469 5478 Πατὴρ
497 5407 641 5461 κατά
667 5406 829 5475 φύσιν
848 5423 862 5436 ο
891 5403 1132 5456 τοιοῦτον
1157 5402 1287 5454 ὄντα
1313 5399 1517 5452 καὶτὸν
1539 5399 1666 5453 Υἱὸν
1689 5401 1850 5470 εὑρή-

284 5516 465 5567 σημεν.
518 5497 646 5562 Πῶς
673 5497 783 5568 γὰρ
812 5497 911 5550 οὐκ
947 5493 1186 5564 ἀγαθὸς,
1224 5495 1253 5545 ὁ
1295 5490 1564 5560 τοσαύτην
1612 5489 1677 5542 δι’
1709 5492 1853 5561 ἡμᾶς

286 5588 576 5660 ὑπομείνας
595 5587 944 5655 ταπείνωσιν,
960 5588 1054 5643 καὶ
1072 5583 1240 5639 ὲλθὼν
1254 5584 1332 5647 εἰς
1351 5582 1443 5637 τὸν
1460 5582 1662 5652 κόσμον
1683 5583 1852 5654 ἁμαρ-

358 5768 406 5802 ⁶⁷
434 5769 456 5825 1
489 5768 620 5825 Cor.
653 5782 777 5834 xm,
812 5767 896 5820 12.
975 5768 1018 5799 ⁸⁸
1050 5767 1203 5822 Dcut.
1248 5782 1322 5832 tv,
1348 5765 1437 5821 24.

1942 3211 2111 3266 Deum
2142 3225 2394 3265 severum
2421 3209 2693 3265 vindicem
2722 3224 2786 3264 ac
2813 3209 3112 3265 terribilem
3147 3208 3214 3264 iis
3241 3204 3424 3270 cerni,
3457 3213 3516 3258 ut

1943 3303 2091 3358 scire
2123 3310 2348 3372 possent
2381 3301 2838 3371 praevaricatores
2873 3300 2981 3357 sibi
3014 3315 3140 3354 cum
3169 3298 3298 3370 igne
3343 3297 3515 3352 ratio-

1943 3409 2069 3450 nem
2100 3409 2244 3448 esse.
2276 3391 2489 3447 Idcirco
2515 3392 2663 3448 enim
2694 3407 2929 3462 magnus
2966 3391 3058 3447 ille
3102 3406 3322 3462 quoque
3363 3388 3516 3460 Moy-

1945 3502 2035 3543 ses
2067 3484 2344 3542 Israelitas
2372 3483 2781 3554 alloquebatur,
2806 3483 3004 3540 dicens
3029 3502 3042 3538 :
3073 3501 3092 3534 ι
3123 3482 3268 3536 Deus
3300 3487 3514 3546 noster,

1945 3578 2087 3649 ignis
2133 3591 2468 3631 consumens
2515 3584 2601 3631 est
2635 3575 2702 3628 °°.
2738 3594 2755 3626 ι
2784 3574 2976 3645 Neque
3028 3589 3163 3630 vero
3209 3573 3517 3628 dixerimus

1945 3668 2223 3724 hominem
2261 3673 2412 3719 tanta
2442 3664 2717 3734 sapientia
2752 3665 3044 3734 praeditum
3077 3664 3248 3720 Deum
3296 3665 3408 3733 igni
3441 3663 3516 3719 si-

1947 3747 2133 3814 milein
2165 3757 2346 3812 facere
2369 3797 2383 3821 ,
2413 3755 2572 3826 quasi
2602 3762 2700 3826 per
2729 3755 2909 3826 ignem
2940 3755 3035 3810 Dei
3065 3763 3318 3810 naturam
3351 3752 3517 3809 intel-

1947 3851 2115 3923 ligat,
2149 3849 2245 3906 sed
2283 3849 2356 3903 ita
2387 3847 2559 3903 Deum
2613 3861 3002 3917 nuncupasse,
3056 3848 3204 3918 quod
3253 3861 3365 3916 pra:
3412 3846 3518 3900 im-

1947 3957 2141 3998 menso
2174 3941 2298 3995 mali
2328 3939 2457 3995 odio
2483 3939 2663 3996 instar
2688 3939 2832 4011 ignis
2870 3938 3146 3993 omnivori
3192 3951 3520 3993 consumere

1947 4044 2002 4090 et
2034 4035 2264 4104 perdere
2296 4047 2407 4086 non
2441 4041 2699 4087 vereatur
2734 4031 2819 4086 sui
2866 4038 3296 4100 contemptores.
3346 4029 3520 4100 Igitur

1949 4144 2058 4182 non
2085 4142 2149 4182 ex
2183 4141 2249 4181 eo
2279 4125 2426 4196 quod
2469 4134 2556 4182 est
2595 4132 2798 4180 natura
2820 4163 2836 4188 ,
2879 4139 2945 4179 ex
2988 4123 3114 4193 igne
3145 4121 3288 4179 Deus
3315 4136 3520 4192 cogno—

1949 4219 2146 4280 scitur,
2182 4217 2276 4273 sed
2315 4216 2460 4287 quod
2496 4217 2570 4272 ita
2619 4223 2975 4286 nuncupatus
3019 4229 3085 4270 ac
3118 4216 3273 4270 visus
3301 4214 3411 4280 sit,
3451 4212 3520 4268 ad

1952 4311 2242 4366 utilitatem
2274 4309 2585 4364 auditorum
2612 4313 2956 4376 assumptum
2983 4314 3088 4362 est.
3123 4305 3323 4360 Eamus
3357 4304 3523 4372 igitur

1949 4403 2017 4457 ad
2062 4415 2240 4457 veram
2279 4409 2334 4456 et
2368 4399 2847 4455 accuratissimam
2892 4397 3070 4453 l’atris
3107 4396 3522 4466 contemplatio-

1953 4509 2078 4548 nem
2099 4532 2113 4557 ,
2149 4492 2201 4546 id
2227 4500 2311 4546 est
2340 4491 2562 4546 Filium.
2596 4489 2732 4544 Eum
2761 4489 2907 4545 enim
2937 4488 3204 4560 genitoris
3231 4488 3522 4558 imaginem

1951 4599 2077 4640 esse
2123 4582 2468 4646 videbimus,
2501 4581 2548 4636 si
2594 4581 2663 4634 ad
2710 4580 2832 4650 ejus
2876 4578 3278 4650 prazrogativas
3323 4575 3525 4630 mentis

1953 4675 2171 4730 oculum
2209 4671 2587 4729 intendamus.
2633 4671 2820 4727 Bonus
2862 4670 3051 4741 itaque
3097 4669 3238 4726 Deus
3270 4681 3335 4721 ac
3367 4665 3530 4720 Pater.

1953 4765 2256 4821 secundum
2293 4771 2549 4819 naturam
2617 4763 2779 4819 talem
2814 4778 2940 4818 esse
2978 4769 3036 4817 et
3075 4759 3273 4814 Filium
3303 4770 3526 4825 compe—

1953 4859 2179 4914 riemus.
2208 4856 2314 4924 Qui
2347 4856 2492 4912 enim
2537 4854 2717 4912 bonus
2760 4871 2871 4910 non
2906 4855 2979 4910 sit
3004 4892 3020 4918 ,
3052 4852 3144 4923 qui
3181 4857 3392 4904 tantum
3427 4863 3523 4918 pro

1955 4953 2117 5008 nobis
2134 4967 2194 5008 se
2219 4951 2533 5017 demisit,et
2553 4949 2610 5004 in
2635 4947 2897 5004 mundum
2918 4946 3086 5006 venit,
3120 4950 3182 4997 ut
3205 4948 3524 5012 peccatores

1955 5045 2137 5100 salvos
2167 5043 2392 5107 faceret,
2418 5055 2692 5110 suamque
2717 5040 2958 5094 animam
2985 5049 3082 5105 pro
3103 5033 3172 5091 iis
3201 5037 3427 5103 poneret
3445 5029 3523 5082 9"!

1959 5135 2119 5207 781
2155 5134 2354 5188 Potens
2385 5141 2470 5188 est
2523 5131 2730 5188 Pater:
2785 5127 3038 5186 similiter
3067 5133 3122 5180 et
3151 5123 3340 5178 Filius.
3383 5121 3522 5187 Quid
3557 5186 3565 5202 Ι

1957 5228 2103 5282 enim
2137 5240 2258 5281 esse
2290 5231 2469 5295 potest
2507 5237 2574 5278 eo
2604 5221 2882 5292 potentius
2921 5217 3018 5287 qui
3062 5213 3351 5270 elementis
3393 5211 3524 5283 ipsis

1958 5319 2227 5387 imperat,
2258 5317 2358 5386 qui
2396 5329 2547 5369 mare
2588 5327 2652 5366 ac
2683 5318 2875 5366 ventos
2905 5309 3178 5377 increpat,
3213 5305 3306 5376 qui
3343 5321 3524 5363 rerum

1958 5417 2186 5461 naturas
2217 5405 2272 5460 in
2301 5403 2670 5477 quodcunque
2700 5400 2832 5455 velit
2859 5398 3215 5473 transformat
3243 5437 3257 5460 ,
3301 5397 3396 5466 qui
3448 5395 3522 5450 le-

1961 5513 2129 5567 proso
2159 5504 2219 5552 ut
2247 5495 2542 5560 mundetur
2568 5492 2755 5564 jubet,
2787 5507 2851 5549 ac
2879 5499 3150 5564 potestate
3183 5490 3294 5546 Deo
3323 5502 3522 5545 conve-

1962 5587 2133 5642 nienti
2163 5586 2323 5641 caecis
2352 5583 2588 5640 olIicium
2621 5581 2838 5640 videndi
2871 5583 3154 5641 restituit?
3184 5581 3301 5639 Vita
3325 5590 3520 5636 secun-

1517 5767 1558 5796 ⁹⁰
1597 5763 1798 5822 Hoan.
1836 5783 1930 5835 ιιι,
1969 5769 2030 5823 Ib’
2060 5786 2074 5835 ;
2109 5765 2126 5819 l
2160 5762 2300 5819 Tim.
2339 5780 2387 5831 ι,
2428 5763 2511 5817 l5.
