3992 6316
487 325 589 384 211
1447 328 1505 385 S.
1536 328 1816 389 CYRILLI
1853 332 2336 392 ALEXANDRINI
2372 336 2696 396 ARCHIEP.
3655 334 3771 390 9.12

483 438 620 503 dum
650 449 912 504 naturam
942 452 1026 500 est
1051 442 1216 507 Pater
1244 462 1258 497 :
1285 444 1397 500 vita
1430 445 1622 503 itidem
1648 455 1704 504 et
1733 445 1938 515 Filius,
1973 449 2060 520 qui

2174 452 2377 518 τωλοὺς
2396 453 2588 515 σῶσαι,
2609 452 2705 507 καὶ
2733 448 2847 516 θεὶς
2868 451 2965 523 τὴν
2991 450 3172 521 ψυχὴν
3191 447 3357 509 αὐτοῦ
3379 447 3521 521 ὑπὲρ
3544 445 3730 504 αὐτῶν
3754 464 3770 515 ;

485 540 787 606 corruptos
813 535 1086 599 viviﬁcat,
1123 544 1179 592 et
1220 538 1418 596 mortis
1449 537 1692 596 destruit
1734 541 2060 612 imperium,

2173 544 2409 608 Δυνατὸς
2437 545 2637 615 ὁμοίως
2669 545 2697 596 ὁ
2727 543 2940 615 Πατὴρ,
2978 542 3151 605 οὕτως
3183 541 3297 613 ἔχει
3326 541 3424 597 καὶ
3448 542 3477 597 ὁ
3502 540 3651 604 Υἱός.
3703 538 3770 594 Τί

483 633 540 682 et
595 636 852 687 mortuos
883 630 1216 691 exsuscitat.
1246 631 1381 689 Jure
1429 632 1599 703 igitur
1637 635 1705 691 ad
1752 634 2060 709 Philippum

2171 636 2281 709 γὰρ
2311 635 2379 691 ἂν
2400 635 2485 707 εἴη
2513 637 2573 692 τὸ
2593 636 2959 708 δυνατώτερον
2983 634 3080 690 τοῦ
3106 635 3202 693 καὶ
3230 635 3415 697 αὐτοῖς
3447 634 3788 696 ὲπιτὰττονκ

485 717 563 770 ait
594 735 610 774 :
641 736 661 775 ι
694 717 799 785 Qui
841 720 982 775 vidit
1025 737 1110 777 me
1131 761 1146 786 ,
1176 722 1313 778 vidit
1343 730 1400 780 et
1446 722 1689 797 Patrem.
1725 745 1744 778 ι
1773 724 1911 789 Nam
1942 743 2060 784 cum

2179 747 2273 793 τος
2287 731 2400 793 τοῖς
2415 728 2723 800 στοιχείοις,
2737 731 2831 785 καὶ
2856 729 3095 804 θαλάττῃ
3128 729 3228 799 μὲν
3252 725 3641 797 ἐπιτιμῶντος,
3674 726 3769 780 καὶ

484 807 583 864 tibi
611 811 976 884 contemplari
1007 813 1171 873 liceat
1198 815 1253 871 in
1289 830 1379 873 me
1400 823 1456 871 et
1486 832 1550 872 ex
1590 832 1677 875 me
1702 816 2026 875 Genitorem
2047 860 2060 885 ,

2171 821 2511 892 πνεύμασιν,
2547 821 3049 891 ἀναστοιχειοῦντος
3112 821 3171 875 δὲ
3198 820 3338 889 πρὸς
3363 820 3502 890 ὅπερ
3536 817 3603 872 ἂν
3641 817 3769 887 βού⁹

481 915 647 969 quem
675 902 845 965 alium
879 903 1083 963 divinae
1112 906 1347 964 visionis
1379 907 1602 971 modum
1637 911 1907 980 postulas,
1939 926 2060 967 cum

2172 910 2317 966 λοιτο
2336 910 2447 965 τῶν
2476 912 2819 982 πραγμάτων
2846 913 2945 976 τὰς
2984 910 3196 980 φύσεις,
3234 911 3328 965 καὶ
3361 908 3768 981 καθαρισθῆναι

483 993 753 1069 potiorem
784 997 1020 1067 sortitus
1049 999 1127 1057 sis
1153 1014 1320 1070 quam
1350 1015 1474 1071 quae
1497 1001 1625 1057 data
1652 1009 1736 1058 est
1764 1004 2060 1070 veteribus.

2179 1005 2276 1075 μὲν
2305 1005 2685 1068 ἐπιτάττοντος
2708 1004 2787 1076 τῷ
2830 1004 3017 1076 λεπρῷ
3036 1045 3051 1069 ,
3096 1005 3158 1059 τὸ
3186 1004 3243 1057 δὲ
3283 1002 3500 1074 βλέπειν
3530 1000 3766 1065 διδόντος

480 1091 537 1139 et
559 1086 911 1151 verissimam
936 1088 1230 1162 imaginem
1252 1132 1266 1157 ,
1294 1107 1382 1149 me
1404 1093 1664 1151 nimirum
1687 1135 1702 1160 ,
1727 1105 1928 1151 nactus
1955 1096 2060 1154 sisi

2173 1099 2285 1158 τοῖς
2305 1096 2549 1165 τυφλοῖς,
2580 1097 2638 1149 ὲν
2667 1095 2887 1166 ἐξουσίᾳ
2919 1095 3246 1168 θεοπρεπεῖ;
3282 1092 3406 1164 Ζωὴ
3438 1088 3582 1147 κατὰ
3602 1089 3765 1160 φύσιν

481 1177 722 1250 ὁΠατήρ
744 1196 759 1211 ο
785 1178 899 1252 ζωὴ
933 1180 1097 1237 πάλιν
1129 1182 1246 1236 ἐστὶ
1271 1184 1366 1239 καὶ
1391 1186 1419 1238 ὁ
1443 1183 1592 1250 Υίδς,
1621 1186 1901 1250 ζωοποιῶν
1931 1188 2058 1254 τοὺς
2119 1186 2632 1259 κατεφθαρμένους,
2672 1186 2768 1240 καὶ
2806 1187 2868 1240 τὸ
2932 1185 3024 1239 τοῦ
3094 1185 3324 1240 θανάτου
3368 1179 3764 1251 καταστρέφων

481 1271 717 1342 κράτος.
760 1272 901 1333 διότε
954 1277 1081 1340 τοὺς
1123 1278 1350 1349 νεκροὺς
1403 1279 1647 1345 ἀνιστάς.
1694 1282 1936 1348 Εἰκότως
1972 1278 2066 1337 οὖν
2098 1283 2209 1355 ἄρα
2237 1285 2371 1355 φησὶ
2402 1281 2539 1355 πρὸς
2577 1281 2844 1336 Φίλιππον
2868 1297 2882 1311 ο
2927 1301 2944 1333 ι
2967 1283 3027 1335 '0
3056 1280 3318 1352 ἑωρακὼς
3355 1278 3478 1350 ἐμὲ,
3546 1275 3762 1347 ἑώρακε

479 1364 573 1431 τὸν
603 1365 845 1438 Πατέρα.
898 1386 918 1423 ι
953 1367 1102 1434 Ἐξὸν
1136 1371 1244 1442 γάρ
1286 1387 1391 1436 σοι,
1430 1373 1618 1443 φησὶν,
1642 1370 1701 1428 εὖ
1741 1375 1885 1445 μάλα
1925 1376 2246 1448 περιαθρεῖν
2285 1378 2345 1429 ὲν
2379 1375 2504 1446 ἐμοί
2525 1391 2584 1429 τε
2644 1376 2739 1429 καὶ
2776 1373 2836 1438 ἐξ
2873 1373 3009 1443 ἐμοῦ
3057 1374 3151 1429 τὸν
3212 1372 3584 1443 γεννήσαντα,
3641 1367 3761 1421 τίνα

479 1454 687 1523 τρόπον
713 1454 901 1527 ἕτερον
922 1456 1021 1528 τῆς
1044 1458 1302 1524 θεοπτίας
1328 1463 1529 1527 αἰτεῖς,
1561 1465 1741 1521 καίτοι
1767 1465 1870 1536 τῆς
1901 1465 2151 1537 δοθείσης
2175 1465 2564 1539 ἀρχαιοτέροις
2608 1465 2709 1536 τὴν
2754 1465 2969 1535 ἀμείνω
3010 1464 3213 1535 λαχὼν,
3262 1463 3359 1518 καὶ
3412 1459 3758 1531 ἀληθεστάτῃ

480 1543 793 1617 περιτυχὼν
820 1547 1014 1614 εἰκόνι,
1034 1548 1179 1605 τοῦτ’
1204 1550 1353 1609 ἔστιν
1381 1555 1506 1624 ἐμοί
1530 1573 1545 1621 ;

548 1634 690 1702 XIV,
720 1636 807 1697 10.
834 1636 964 1700 Non
989 1642 1162 1699 credis
1198 1645 1326 1715 quia
1367 1662 1461 1716 ego
1498 1647 1557 1701 iu
1600 1647 1787 1716 Patre,
1821 1657 1869 1703 et
1903 1648 2067 1704 Pater

478 1729 535 1787 in
561 1745 645 1789 me
673 1732 789 1785 est?

697 1822 940 1893 quidem,
991 1826 1194 1897 inquit,
1234 1842 1268 1883 ο
1316 1829 1589 1903 Philippe,
1624 1834 1720 1904 qui
1782 1832 2065 1889 Genitoris
2097 1860 2142 1920 Β

479 1915 537 1970 iu
568 1917 782 1987 meipso
824 1926 1082 1979 naturain
1129 1921 1406 1990 exprime,
1434 1923 1619 1995 imago
1647 1941 1769 1981 sum
1803 1925 2060 1982 substan-

2169 1925 2331 1993 φύσιν
2359 1926 2417 1977 ὲν
2446 1924 2671 1994 ἐμαυτῷ
2695 1922 3088 1993 καταγράφων,
3111 1919 3276 1973 εἰκών
3293 1921 3409 1989 εἰμι
3435 1921 3534 1990 τῆς
3566 1920 3754 1984 οὐσίας

480 2006 577 2063 tite
610 2007 753 2078 ejus,
802 2010 1189 2086 conformatus
1211 2013 1477 2070 nimirum
1516 2017 1585 2071 ad
1619 2018 1798 2079 illum,
1839 2033 1973 2082 non,
2008 2025 2060 2072 ul

2169 2014 2357 2078 αὐτοῦ,
2416 2014 2852 2086 μεμορφωμένος
2909 2010 3152 2081 δηλονότι
3208 2013 3327 2063 κατ’
3383 2011 3754 2080 ἐκεῖνον,ὀύχ

2247 1649 2328 1702 οτι
2355 1645 2680 1709 πιστεύεις,
2704 1641 2923 1710 ὅτιέγὼ
2950 1643 3020 1696 ἐν
3038 1643 3121 1709 τῷ
3143 1642 3351 1710 Harp},
3369 1649 3470 1696 καί
3501 1644 3534 1696 ὁ
3554 1642 3758 1715 Πατὴρ

2172 1740 2242 1795 ἐν
2266 1741 2397 1810 ἐμοί
2420 1740 2633 1801 ἐστιν;

2257 1830 2399 1901 Ἐγὼ
2421 1833 2541 1902 μὲν,
2580 1835 2763 1903 φησιν,
2788 1831 2833 1885 ὦ
2862 1830 3120 1891 Φίλιππε,
3145 1831 3246 1900 τὴν
3272 1829 3366 1883 τοῦ
3397 1830 3756 1901 γεννήσαντος

478 2096 585 2159 sibi
631 2100 883 2161 nonnulli
916 2100 1153 2172 ﬁngunt,
1181 2112 1415 2160 externa
1458 2106 1655 2175 gloria,
1689 2124 1786 2163 seu
1823 2109 2067 2179 peregri-

480 2187 573 2251 nis
607 2198 660 2251 et
683 2191 945 2253 ascititiis
975 2194 1199 2255 dntibus
1228 2199 1593 2269 conspicuus,
1622 2201 1719 2255 sed
1750 2202 1803 2255 in
1842 2202 2066 2272 propria

476 2286 678 2339 natura
720 2297 845 2355 qua
897 2284 1121 2355 propria
1169 2295 1299 2342 sunt
1331 2286 1612 2344 Genitoris
1662 2288 1869 2355 ferens,
1899 2289 2066 2359 idque

478 2373 756 2433 assistens
789 2391 917 2435 vere
946 2377 1094 2447 quod
1126 2378 1238 2443 ille,
1270 2379 1599 2447 identitatis,
1650 2382 1902 2451 inquam,
1927 2383 2063 2439 sub-

479 2465 762 2526 stantialis
812 2468 1048 2529 ratione.
1087 2469 1173 2527 Tu
1216 2486 1346 2526 vero
1390 2470 1459 2525 ad
1500 2471 1617 2528 haec
1659 2488 1856 2528 rursus
1883 2472 2059 2536 dices,

479 2556 579 2619 tibi
608 2558 854 2616 nondum
898 2577 1023 2621 esse
1064 2578 1395 2633 persuasum
1428 2564 1577 2633 quod
1625 2581 1727 2636 ego
1754 2566 1976 2636 quidem
2006 2566 2060 2620 in

476 2645 644 2709 Patre
670 2659 726 2707 et
761 2648 930 2712 Pater
972 2651 1028 2713 in
1066 2667 1152 2708 me
1189 2655 1283 2708 sit.
1320 2654 1486 2723 Atqui
1520 2654 1603 2709 vel
1636 2656 1944 2720 nolentem,
1972 2657 2060 2711 in-

476 2741 617 2812 quit,
659 2751 820 2814 coget
863 2752 916 2799 te
955 2745 1177 2801 demum
1226 2747 1313 2802 vis
1370 2756 1424 2801 et
1476 2747 1620 2802 ratio
1666 2749 1962 2812 dictorum,
2003 2757 2061 2803 ut

476 2835 605 2891 huic
642 2839 717 2893 rei
738 2840 1081 2895 cmtseittias.
1103 2839 1455 2913 Quapmpter
1477 2857 1823 2912 quacunque
1845 2841 2058 2908 dixero,

474 2943 543 2985 ea
571 2930 767 3000 utique
798 2939 932 2986 sunt
957 2931 1164 2999 Patris,
1193 2942 1250 2988 et
1281 2949 1632 3006 quaecunque
1665 2933 1868 2998 fecero,
1897 2932 2061 2988 Pater

476 3019 631 3076 facit.
667 3019 794 3078 Haec
844 3031 1026 3077 autem
1077 3022 1156 3076 ait
1191 3022 1472 3091 Christus,
1504 3041 1615 3081 non
1664 3032 1931 3094 tanquam
1980 3025 2057 3078 al-

475 3113 655 3168 terius
705 3112 895 3169 forsan
942 3114 1126 3169 verbis
1159 3122 1346 3181 utens,
1384 3132 1566 3186 neque
1610 3116 1749 3170 adeo
1797 3127 2054 3185 tanquam

2168 2106 2245 2169 ὡς
2301 2106 2367 2159 ἂν
2417 2105 2584 2159 οἴοιτό
2612 2124 2714 2170 τις,
2751 2108 2874 2170 ταῖς
2905 2104 3105 2170 ἔξωθεν
3128 2103 3329 2168 δόξαις,
3356 2103 3472 2155 ἀλλ’
3509 2101 3630 2155 οὐδὲ
3665 2102 3753 2166 ξέ-

2166 2212 2279 2259 νοις
2324 2195 2357 2266 ἢ
2402 2198 2660 2259 ἐπακτοῖς
2699 2197 3190 2269 λελαμπρυσμένος
3239 2195 3750 2266 πλεονεκτήμασιν·

2165 2288 2281 2342 ἀλλ’
2307 2290 2366 2342 ὲν
2393 2287 2500 2358 ἰδίᾳ
2525 2288 2685 2357 φύσει
2733 2287 2919 2360 φορῶν
2967 2288 3036 2340 τὰ
3064 2286 3159 2340 τοῦ
3213 2288 3575 2357 γεννήσαντος
3623 2286 3749 2351 ἴδια,

2166 2377 2445 2434 καὶτοῦτο
2491 2379 2757 2450 ὑπάρχων
2817 2379 3056 2448 άληθῶς,
3096 2379 3232 2450 ὅπερ
3258 2377 3324 2431 ἂν
3360 2378 3447 2448 εἴη
3476 2378 3749 2441 κάκεῖνος,

2167 2475 2310 2534 κατά
2328 2492 2392 2544 γε
2417 2473 2509 2527 τὸν
2522 2475 2580 2527 ὲν
2604 2472 2896 2543 ταυτότητι
2926 2471 3103 2540 λόγον,
3138 2475 3205 2542 τῇ
3230 2471 3350 2544 καὶ*
3374 2470 3563 2525 οὐσίαν
3584 2469 3748 2540 φημί.

2166 2529 2239 2622 Σὲ,
2267 2529 2377 2640 {ei};
2409 2566 2476 2637 δὴ
2515 2566 2676 2620 πάλιν
2694 2529 2838 2637 πρὸς.
2869 2529 3042 2618 ταῢέα
3070 2529 3249 2634 ἐρεέὲυ
3286 2529 3345 2617 οἲ
3372 2563 3479 2634 γὰρ
3502 2529 3751 2631 διεέέδης

2162 2661 2271 2731 ἄρα
2326 2660 2532 2722 λοιπὸν,
2560 2659 2638 2722 ὼς
2679 2656 2792 2727 ἐγὼ
2825 2656 2924 2727 μὲν
2957 2658 3016 2710 ὲν
3042 2656 3118 2726 τῷ
3164 2655 3363 2726 Πατρὶ,
3399 2657 3429 2708 ὁ
3468 2653 3663 2725 Πατὴρ
3691 2653 3749 2707 δὲ

2161 2750 2229 2807 αὖ
2256 2753 2420 2806 πάλιν
2466 2752 2611 2803 ἐστὶν
2660 2753 2719 2805 ἐν
2773 2749 2916 2819 ἐμοί.
2971 2748 3189 2812 Καίτοι,
3238 2747 3334 2801 καὶ
3392 2746 3490 2817 οὐχ
3528 2745 3745 2810 ἑκόντα,

2161 2846 2346 2915 φησὶν,
2387 2842 2704 2896 ὲκὸιάσεταί
2745 2858 2805 2894 σε
2833 2840 3019 2894 λοιπὸν
3055 2840 3220 2911 ἡτῶν
3250 2839 3558 2910 εἰρημένων
3590 2837 3751 2892 δύνα-

2164 2954 2256 3007 μις
2278 2937 2359 2999 εις
2381 2936 2480 3006 τὴν
2512 2935 2604 2987 ἐπὶ
2633 2933 2810 3001 τούτῳ
2860 2931 3187 2985 συναίνεσιν.
3240 2929 3472 2995 Οὐκοῦν,
3516 2929 3661 3000 ἅπερ
3680 2928 3747 2982 ἂν

2161 3026 2328 3097 φαίην
2373 3024 2506 3094 ἐγὼ,
2543 3024 2716 3077 ταῦτα
2747 3022 2813 3094 δὴ
2838 3024 3055 3086 πάντως
3097 3021 3214 3077 ἐστὶ
3248 3020 3342 3074 τοῦ
3379 3020 3614 3091 [ἰατρὸς.
3654 3021 3747 3075 καὶ

2160 3117 2306 3187 άπερ
2330 3117 2396 3169 ἂν
2431 3115 2780 3186 ὲργασαίμην
2830 3114 2961 3184 ἐγὼ,
2990 3116 3018 3167 ὁ
3043 3113 3236 3184 Πατὴρ
3275 3112 3590 3184 ἐργάζεται.
3609 3112 3746 3183 Φησὶ

471 3203 747 3276 propheta
776 3219 1050 3275 supernas
1077 3216 1133 3261 et
1158 3221 1187 3260 a
1213 3206 1383 3262 Patre
1411 3215 1665 3279 acceptas
1682 3222 1845 3263 voces
1876 3224 2052 3262 enun-

2166 3210 2213 3263 δὲ
2243 3208 2413 3262 ταῦτα
2444 3210 2472 3261 ὀ
2508 3207 2763 3276 Χριστὸς,
2799 3208 2898 3277 οὐχ
2921 3206 2997 3269 ὼς
3040 3207 3156 3268 τοῖς
3214 3204 3403 3273 ἐτέρου
3433 3204 3595 3273 τυχὸν
3619 3205 3748 3257 ἀπο-

473 3296 621 3352 tians
649 3315 664 3352 :
696 3295 777 3351 illi
809 3298 956 3352 enim
993 3298 1368 3369 loquebantur
1395 3301 1623 3355 omnino
1655 3315 1778 3371 quae
1808 3315 1905 3355 sua
1944 3316 2053 3355 non

472 3396 653 3455 erant,
686 3390 790 3447 sed.
834 3389 960 3461 eius
1002 3393 1099 3462 qui
1137 3391 1308 3449 dabat
1352 3400 1407 3448 et
1451 3392 1761 3462 inspirabat
1803 3392 1885 3447 eis
1936 3390 2051 3446 Dei.

472 3479 693 3547 Rursus
734 3492 919 3537 autem
973 3483 1242 3540 miracula
1285 3483 1432 3540 Patri
1476 3499 1583 3541 suo
1615 3484 1896 3546 attribuit,
1946 3498 2052 3537 non

473 3573 635 3642 quasi
661 3572 963 3628 adventitia
1011 3581 1283 3644 potestate
1310 3588 1376 3629 ea
1432 3582 1635 3644 patret,
1669 3583 1733 3628 ut
1766 3574 1847 3627 illi
1898 3572 2054 3628 vide-

472 3663 607 3720 liuet
655 3663 755 3735 qui
777 3662 1040 3721 dicebant
1074 3664 1337 3722 “Nolite
1362 3667 1525 3722 nobis
1558 3665 1864 3728 attendere,
1894 3664 2055 3734 quasi

472 3764 663 3813 nostra
689 3755 896 3812 virtute
912 3763 1007 3812 aut
1029 3756 1236 3828 pietate
1266 3766 1533 3827 aegrotum
1552 3758 1944 3814 sanaverimus
1963 3758 2004 3810 ¹.
2030 3776 2049 3808 ι

474 3846 674 3903 Sancti
705 3849 855 3907 enirn
890 3849 945 3905 in
976 3848 1262 3905 miraculis
1299 3850 1528 3905 edendis
1560 3864 1671 3904 non
1707 3849 1899 3916 utique
1931 3864 2052 3911 sua,

471 3939 568 3996 sed
600 3939 696 3996 Dei
724 3938 934 3994 virtute
959 3939 1142 3994 solent
1172 3940 1275 4002 uti,
1306 3939 1547 3995 ministri
1567 3940 1714 3994 enim
1737 3938 2053 3994 divinorum

471 4045 793 4089 sermonum
833 4040 885 4088 et
911 4046 1138 4102 operum
1164 4046 1290 4087 esse
1323 4034 1760 4102 compcriuntur.
1779 4034 2052 4099 Quoniam

470 4138 607 4180 vero
631 4123 796 4194 782
833 4123 1331 4179 consubstantialis
1366 4132 1455 4178 est
1482 4123 1633 4179 Patri
1666 4124 1860 4189 Filius,
1899 4127 2053 4180 nullo

471 4214 637 4271 modo
685 4214 755 4269 ab
801 4228 871 4270 eo
915 4213 1217 4273 distinctus
1269 4222 1366 4268 aut
1410 4214 1687 4282 diversus,
1735 4232 1837 4271 sua
1885 4218 2053 4272 verba

470 4308 657 4365 Patris
685 4308 856 4364 verba
879 4322 1006 4364 esse
1030 4307 1190 4374 dicit,
1212 4323 1323 4362 non
1347 4308 1497 4378 quod
1525 4308 1688 4364 Pater
1714 4310 1838 4364 aliis
1871 4309 2054 4366 verbis

470 4408 664 4457 utatur
710 4416 877 4473 quam
917 4399 1120 4471 quibus
1169 4399 1366 4465 Filius,
1400 4400 1498 4456 sed
1552 4409 1608 4457 et
1658 4402 1714 4456 in
1761 4401 2054 4471 majestate

2158 3302 2496 3374 κεχρημένος
2529 3301 2790 3372 ῥήμασιν,
2822 3298 2947 3352 οὐτε
2993 3298 3101 3370 μὴν
3131 3297 3206 3360 ὡς
3247 3299 3306 3350 ὲν
3333 3298 3616 3369 προφήτου
3646 3298 3740 3351 τά·

2167 3393 2249 3461 ξει
2300 3394 2393 3447 καὶ
2432 3392 2619 3465 μέτρῳ
2660 3392 2759 3455 τὰς
2792 3391 2999 3446 ἄνωθεν
3056 3389 3149 3442 καλ⁸
3194 3390 3346 3460 παρὰ
3395 3389 3607 3461 Πατρὸς
3632 3388 3745 3442 διαο

2159 3486 2725 3556 πορθμεύωνφωνάςο
2767 3483 2992 3536 ἐλάλουν
3020 3481 3132 3552 γὰρ
3174 3482 3235 3533 οὐ
3266 3482 3334 3534 τὰ
3364 3480 3575 3533 ἑαυτῶν
3593 3482 3740 3533 ἐκεῖ·

2156 3598 2235 3633 νοι
2266 3582 2505 3643 πάντως,
2541 3578 2677 3632 ἀλλὰ
2702 3576 2798 3630 τοῦ
2819 3576 3051 3638 διδόντος
3075 3592 3133 3628 τε
3167 3576 3261 3627 καὶ
3290 3573 3621 3642 ἐμπνέοντος
3643 3572 3742 3625 αὑ-

2155 3674 2266 3734 τοῖς
2289 3670 2446 3724 Θεοῦ.
2492 3668 2780 3739 Ἀπονέμει
2827 3666 2885 3719 δὲ
2937 3665 3101 3719 πάλιν
3145 3663 3222 3733 τῷ
3254 3664 3370 3733 ίδίῳ
3422 3663 3602 3733 Πατρὶ
3637 3661 3746 3716 τῶν

2158 3764 2474 3834 παραδόξων
2535 3761 2633 3832 τὴν
2688 3759 2935 3823 ἔκϐασιν,
2983 3759 3080 3827 οὐχ
3126 3757 3203 3818 ὡς
3250 3753 3473 3824 ἐπακτῷ
3515 3755 3745 3825 δυνάμει

2156 3852 2608 3924 θαυματουργῶν,
2634 3850 2757 3903 κατ’
2780 3849 3024 3911 ἐκείνους
3054 3846 3294 3919 δηλονότι
3311 3846 3438 3909 τοὺς
3459 3844 3739 3913 λέγοντας,

2155 3950 2236 4001 ὅτι
2273 3947 2438 4015 Ἡμῖν
2466 3944 2539 4012 μὴ
2569 3941 2863 4012 προσέχετε
2901 3941 2976 4004 ὼς
3015 3939 3121 4011 ίδίᾳ
3143 3938 3393 4008 δυνάμει,
3426 3938 3459 4006 ἣ
3491 3937 3745 4009 εὐσεϐείᾳ

2154 4037 2607 4109 τεθεραπευκόσι,
2657 4032 2903 4106 δηλονότι
2944 4032 3037 4086 τὸν
3071 4032 3374 4102 κάμνοντα.
3420 4030 3741 4100 Κεχρῆσθαι

2154 4130 2261 4201 γὰρ
2291 4131 2402 4191 τοῖς
2426 4128 2604 4197 ἁγίοις
2653 4125 2773 4189 ἔθος
2809 4125 2911 4179 οὐκ
2950 4125 3060 4194 ίδίᾳ
3093 4125 3314 4187 πάντως
3347 4122 3492 4193 ἰσχύϊ
3514 4122 3649 4194 πρὸς,
3674 4122 3739 4175 τὰ

2156 4220 2457 4292 παράδοξα,
2492 4220 2695 4290 μᾶλλον
2726 4219 2785 4272 δὲ
2810 4220 2875 4290 τῇ
2901 4217 2997 4270 τοῦ
3027 4217 3162 4270 Θεοῦ
3194 4234 3209 4249 ο
3233 4216 3472 4270 διάκονοι
3503 4215 3612 4285 γὰρ
3649 4214 3740 4269 καὶ

2154 4315 2421 4387 ὑπουργοὶ
2439 4315 2614 4384 λόγων
2636 4331 2695 4366 τε
2713 4313 2845 4384 ὁμοῦ
2875 4313 2981 4366 τῶν
3012 4313 3172 4366 θείων
3223 4313 3318 4366 καὶ
3346 4312 3738 4382 ἐνεργημάτων

2155 4405 2522 4477 εὑρίσκονται.
2568 4402 2789 4473 Ἐπειδὴ
2846 4403 2903 4455 δὲ
2939 4401 3226 4472 ὁμοούσιός
3249 4404 3365 4455 ὲστι
3394 4401 3472 4472 τῷ
3509 4403 3684 4473 [largi
3711 4402 3738 4454 ὁ

471 4507 700 4564 operum
732 4492 973 4563 idipsum
1003 4491 1303 4562 intelliges.
1331 4492 1501 4560 Quasi
1541 4494 1686 4548 enim
1726 4494 1865 4548 nihil
1898 4492 2048 4548 aliud

2166 4497 2305 4561 Υἱὸς,
2330 4499 2451 4551 κατ’
2501 4496 2689 4549 οὐδένα
2743 4495 2944 4565 τρόπον
2993 4493 3353 4559 διαλλάττων,
3414 4495 3602 4565 ἡγουν,
3665 4493 3739 4555 ὡς

470 4582 638 4639 Pater
672 4581 858 4638 facere
890 4589 1087 4637 natura
1137 4596 1235 4636 sua
1290 4583 1464 4652 possit
1499 4599 1661 4653 quam
1699 4585 1842 4656 quod
1873 4585 2052 4655 possit

2166 4592 2413 4663 ὲτεροίως
2451 4590 2593 4660 ἔχων
2645 4589 2722 4652 ὡς
2770 4588 2906 4659 πρὸς
2960 4589 3146 4655 αὐτὸν,
3188 4588 3378 4656 λόγους
3412 4584 3551 4639 εἷναί
3605 4604 3739 4656 φησι

466 4682 525 4732 et
568 4674 741 4730 faciat
772 4672 968 4739 Filius,
1007 4674 1133 4745 ejus
1172 4689 1340 4745 opera
1387 4690 1514 4732 esse
1552 4678 1649 4730 ait.
1700 4676 1873 4747 Finge
1901 4676 2046 4731 enim

2166 4682 2282 4745 τοὺς
2305 4680 2468 4742 ἰδίους
2490 4678 2584 4732 τοῦ
2622 4679 2856 4749 Πατρδς,
2888 4678 2964 4739 ὡς
3028 4680 3126 4749 οὐχ
3170 4678 3379 4749 ἑτέροις
3402 4677 3469 4731 ἂν
3495 4677 3591 4730 τοῦ
3623 4679 3738 4730 Πα-

467 4767 571 4825 tibi
604 4768 754 4822 hunc
775 4766 834 4822 in
864 4767 1090 4823 modum
1119 4766 1478 4824 manifestius
1509 4769 1824 4839 loquentem
1866 4787 1879 4822 :
1913 4768 2047 4823 Sum

2166 4772 2279 4843 πρὸς
2304 4772 2651 4843 χρησαμένου
2683 4771 2884 4839 λόγοις,
2922 4771 2955 4840 ἢ
2995 4765 3191 4842 οἷσπερ
3220 4770 3286 4824 ἂν
3318 4771 3527 4843 ὁΑΥἱός.
3577 4768 3738 4821 Ἀλλὰ

468 4858 709 4929 genitori
755 4872 854 4928 per
881 4858 1068 4914 omnia
1114 4858 1335 4923 similis,
1378 4866 1435 4914 et
1484 4838 1669 4930 imago
1723 4859 2048 4916 substantia:

2166 4838 2250 4916 καὶ
2446 4838 2554 4916 τῶν
2581 4862 2758 4934 ἔργων
2778 4838 3171 4934 μεγαλειότητι-
3192 4838 3407 4932 νοήσεις
3449 4861 3734 4923 ὡσαύτως.

466 4952 598 5023 ejus
632 4955 822 5019 ⁸,.ιιοιι
853 4961 1080 5010 externa
1110 4962 1327 5010 tantum
1357 4955 1543 5025 specie
1563 4964 1619 5010 et
1658 4955 1947 5031 majestate
1972 4958 2049 5010 in-

2166 4955 2252 5017 Ὠς
2284 4953 2392 5025 γὰρ
2420 4955 2571 5008 οὐδὲν
2627 4954 2815 5024 ἕτερον
2872 4955 3117 5023 ἐνεργεῖν
3169 4955 3474 5023 πεφυκότος
3536 4969 3596 5006 τε
3644 4955 3736 5005 καὶ

467 5043 666 5114 signis,
686 5045 783 5100 sed
823 5052 998 5100 totum
1031 5046 1089 5100 in
1119 5046 1333 5118 meipso
1366 5046 1672 5117 genitorem
1709 5045 1920 5102 habens
1953 5061 2049 5118 per

2166 5047 2433 5118 ἰσχύοντος
2456 5047 2553 5101 τοῦ
2589 5046 2802 5117 Πατρὺς
2837 5046 2870 5117 ἢ
2917 5047 3054 5117 ὅπερ
3085 5047 3149 5101 ἂν
3163 5046 3331 5117 εἰδείη
3377 5064 3437 5099 τε
3471 5047 3567 5100 καὶ
3591 5048 3736 5116 ἐνερ-

465 5135 813 5192 identitatem
844 5138 1191 5194 substantiae.

2166 5141 2276 5213 γοίη
2305 5141 2511 5211 τυχὸνό
2535 5139 2687 5204 Υίὸς,
2711 5138 2875 5194 αὐτοῦ
2900 5138 2968 5193 τὰ
2990 5138 3129 5209 ἔργα
3154 5140 3340 5211 φησίν.
3391 5139 3593 5192 Ἑννόει
3626 5139 3732 5208 γὰρ

466 5226 693 5297 λέγοντα
722 5231 1018 5303 φανότερον
1037 5231 1212 5296 οὕτως
1237 5247 1252 5263 ο
1294 5230 1425 5301 Εἰμὶ
1448 5228 1526 5299 τῷ
1549 5230 1903 5299 γεγεννηκότι
1939 5231 2080 5286 κατὰ
2106 5236 2212 5287 πᾶν
2239 5236 2267 5288 ὅ
2293 5252 2345 5287 τι
2375 5230 2469 5289 οὖν
2500 5232 2768 5307 ἐμφερὴς,
2793 5231 2887 5285 καὶ
2919 5231 3085 5285 εἰκὼν
3113 5231 3214 5302 τῆς
3242 5231 3428 5293 οὐσίας
3442 5228 3632 5291 αὐτοῦ,
3669 5228 3729 5280 οὐ

470 5320 653 5393 μόνοις
671 5322 1039 5396 ὡραῖζόμενος
1097 5326 1364 5395 σχήμασι,
1424 5323 1519 5375 καὶ
1565 5326 1690 5388 ταῖς
1734 5324 1934 5392 ἔξωθεν
1961 5326 2161 5393 δόξαις,
2205 5330 2319 5384 ἀλλ’
2344 5329 2462 5385 ὅλον
2489 5329 2628 5401 ἔχων
2662 5331 2716 5382 ἐκ
2768 5326 2947 5405 ἐαυτῷ
3023 5327 3114 5380 τὸν
3181 5326 3431 5396 φύσαντα
3485 5324 3576 5378 διὰ
3630 5324 3724 5394 τὴν

467 5413 566 5485 τῆς
590 5414 778 5480 οὐσίας
821 5419 1149 5487 ταυτότητά.

536 5503 679 5572 XIV,
710 5506 799 5562 10.
844 5507 1011 5562 Verba
1053 5523 1172 5579 qua:
1212 5524 1306 5579 ego
1359 5511 1568 5581 loquor,
1611 5528 1643 5565 a
1700 5514 1896 5584 meipso
1936 5531 2043 5571 non

2226 5512 2301 5567 Τὰ
2313 5510 2553 5582 ῥήματα
2583 5508 2623 5564 ἆ
2648 5509 2765 5581 ἐγὼ
2792 5506 2981 5571 λαλῶ,
3012 5505 3115 5561 ἀπ’
3135 5504 3396 5576 ἐμαυτοῦ
3429 5507 3502 5561 οὐ
3533 5505 3722 5561 λαλῶν

463 5593 697 5667 loquor:
734 5597 899 5653 Pater
944 5607 1125 5654 autem
1174 5600 1231 5653 in
1296 5616 1378 5655 me
1434 5619 1672 5671 manens,
1737 5605 1847 5677 ipse
1910 5606 2040 5677 facit

2166 5602 2310 5658 me
2358 5607 2392 5657 ό
2448 5600 2652 5670 Πατὴρ
2691 5599 2762 5654 ἐν
2797 5597 2927 5667 ἐμοὶ
2984 5595 3206 5666 μένων,
3239 5597 3424 5663 αὐτὸς
3447 5597 3609 5652 ποιεῖ
3657 5599 3727 5653 τὰ

466 5699 648 5755 opera.

2166 5696 2306 5765 φγα.

434 5864 441 5887 Ἃ
534 5793 555 5870 ξ
587 5801 714 5857 Act.
749 5817 834 5869 ιιι,
864 5802 952 5860 l2.
1028 5807 1049 5838 ³
1074 5803 1242 5863 Hebr.
1276 5823 1316 5875 ι,
1355 5808 1410 5863 '5.
