3992 6316
245 267 352 327 215

1221 275 1286 331 ΙΝ
1321 277 1612 336 JOANNIS
1642 280 2099 342 EVANGELIUM
2137 288 2265 346 LIB.
2306 293 2398 352 lx.

3373 316 3479 374 ΞΗ

316 387 378 441 Ei
411 384 520 457 γὰρ
571 386 703 457 πρὸς
749 387 891 458 ὑμᾶς
927 406 998 454 τι,
1037 393 1220 460 φησὶν,
1262 395 1524 467 ἐλάλησεν
1547 398 1576 449 ό
1601 397 1803 468 Πατὴρ,

1989 400 2046 456 Si
2076 405 2224 460 enim
2257 408 2322 462 ad
2363 423 2479 478 vos,
2517 410 2716 482 inquit,
2748 415 2969 474 locutus
3005 427 3154 477 esset
3182 418 3344 478 Pater
3383 426 3481 480 ali.-

158 473 161 477 ’
243 479 452 544 τούτοις
505 479 708 546 αὐτοῖς,
774 479 960 553 ὥσπερ
1017 483 1128 552 ὲγὼ
1167 487 1304 550 νυνὶ,
1359 487 1462 542 οὐκ
1495 489 1564 543 ἂν
1606 490 1812 560 ἑτέροις

159 607 161 609 ι
242 572 512 642 ἀχρήσατο
544 570 743 638 λόγοις.
813 572 1095 647 Τοσαύτην
1156 577 1264 650 γὰρ
1301 577 1408 649 ἔχω
1457 579 1593 650 πρὸς
1651 581 1812 636 αὑτὸν

241 662 470 732 οὖσιώδη
511 662 608 733 τὴν
666 664 984 736 ἐμφέρειαν,
1035 669 1110 733 ὡς
1165 669 1328 724 αὑτοῦ
1354 671 1450 735 τὰς
1481 673 1620 744 ἐμὰς
1672 670 1810 730 εἶναι

240 755 539 825 φωνὰς,κα“ι
567 755 708 828 ἅπερ
727 755 792 812 ἂν
814 757 995 830 δρῴην
1023 761 1154 830 ἐγὼ,
1170 761 1340 818 ταῦτα
1366 765 1530 818 αὑτοῦ
1553 761 1808 822 πιστεύε-

246 853 366 902 σθαι
423 847 858 920 κατορθώματα·
937 852 995 905 ἐν
1053 854 1177 924 ἐμοὶ
1230 855 1336 926 γὰρ
1397 856 1593 925 μένων,
1625 858 1711 912 διὰ
1748 860 1810 913 τὸ

243 937 656 1010 ἀπαράλλακτον
694 940 750 993 ἐν
776 939 956 1011 ούσίᾳ,
997 945 1142 995 ποιεῖ
1161 944 1227 996 τὰ
1261 944 1395 1014 ἔργα
1422 945 1602 1010 αὐτός.
1658 947 1809 1000 Ἐπεὶ

243 1030 335 1084 καὶ
364 1032 494 1099 μιᾶς
523 1029 688 1101 οῠσης
750 1031 850 1102 τῆς
905 1031 1155 1104 θεότητος
1186 1034 1242 1087 ἕν
1280 1053 1338 1088 τε
1369 1037 1544 1108 Πατρὶ
1576 1038 1668 1091 καὶ
1694 1039 1808 1110 Υίῷ

240 1121 330 1173 καὶ
361 1120 640 1192 Πνεύματι
691 1124 1009 1194 νοουμένης,
1062 1125 1205 1190 ἄπας
1252 1128 1350 1198 μὲν
1405 1129 1559 1198 λόγος
1599 1132 1628 1183 ὁ
1658 1133 1807 1200 παρὰ

238 1211 472 1282 Πατρδς,
495 1212 712 1277 πάντως
728 1214 844 1267 ἐστὶ
867 1215 934 1269 δι’
974 1215 1103 1270 Υίοῦ
1135 1219 1192 1270 ἐν
1234 1219 1507 1290 Πνεύματι
1529 1239 1542 1252 ·
1577 1223 1669 1277 καὶ
1698 1227 1806 1278 πᾶν

237 1301 417 1370 ἔργον,
447 1303 563 1374 ἦτοι
595 1303 998 1375 παράδοξον,δι’
1032 1307 1161 1360 Υίοῦ
1191 1309 1246 1360 ἐν
1279 1310 1554 1380 Πνεύματι
1582 1354 1597 1376 ,
1628 1315 1804 1383 πράτ-

234 1392 388 1444 τεταί
415 1410 477 1460 γε
503 1392 627 1463 μὴν,
653 1392 727 1456 ὡς
767 1395 914 1465 παρὰ
938 1395 1166 1465 Πατρός.
1209 1397 1283 1449 Οὐ
1316 1397 1425 1467 γὰρ
1455 1399 1559 1463 ἔξω
1583 1401 1680 1471 τῆς
1711 1401 1804 1455 τοῦ

232 1485 596 1552 γεννήσαντος
618 1485 806 1548 οὐσίας
835 1487 979 1538 ἐστὶν
1002 1489 1029 1540 ὁ
1048 1488 1192 1552 Υίδς,
1216 1490 1340 1544 οὒτε
1369 1492 1474 1563 μὴν
1501 1492 1559 1546 τὸ
1582 1494 1805 1566 Πνεῦμα

230 1576 290 1627 τὸ
323 1573 503 1642 ἅγιον,
558 1577 614 1628 ἐν
677 1576 824 1647 αὐτῷ
852 1577 906 1630 δὲ
951 1577 1024 1632 ὢν
1055 1583 1082 1634 ὁ
1141 1583 1466 1652 Μονογενὴς,
1494 1584 1632 1656 ἔχων
1659 1586 1713 1639 δὲ
1735 1585 1801 1642 αὖ

231 1665 393 1716 πάλιν
421 1668 478 1718 ἐν
503 1665 678 1737 ἐαυτῷ
708 1667 796 1720 τὸν
846 1669 1097 1735 τεκόντα,
1139 1673 1300 1726 αὐτόν
1328 1692 1492 1744 φησιν
1521 1679 1761 1746 ἐνεργεῖν
1787 1697 1797 1709 ·

227 1755 460 1827 ἐνεργὴς
514 1757 620 1828 γάρ
677 1760 886 1831 ἐστινὴ
921 1759 1015 1814 τοῦ
1063 1764 1276 1835 Πατρὸς
1322 1765 1503 1834 φύσις,
1533 1769 1714 1834 καλῶς
1747 1772 1802 1823 ἐν

230 1845 343 1917 Υίῷ
371 1847 775 1919 διαλάμπουσα.
811 1851 946 1924 Φαίη
970 1853 1016 1907 δ’
1046 1853 1110 1908 ἄν
1138 1873 1219 1918 τις
1256 1858 1348 1910 ἐπὶ
1376 1857 1582 1925 τούτοις
1611 1862 1803 1933 ἑτέραν

227 1938 490 2005 διάνοιαν,
512 1939 609 2010 τῆς
647 1941 782 2012 μετὰ
819 1944 1021 2015 σαρκὸς
1065 1947 1376 2017 οἰκονομίας
1424 1950 1604 2015 καλῶς
1652 1955 1803 2026 αύτῷ

228 2029 567 2100 χορηγούσης
593 2032 689 2096 τὰς
723 2034 998 2105 ἀφορμάς.
1034 2052 1051 2085 t
1102 2035 1218 2087 Ἀπ’
1241 2037 1480 2107 ἐμαυτοῦ
1541 2042 1670 2114 γὰρ,
1702 2061 1804 2115 φη-

230 2122 334 2183 civ,
369 2124 433 2175 οὐ
477 2122 642 2186 λαλῶ,
683 2143 701 2175 ι
734 2126 858 2179 ἀντὶ
926 2126 1043 2192 τοῦ,
1097 2128 1157 2180 οὐ
1201 2130 1636 2202 μεμερισμένως,
1682 2136 1802 2189 οὐδὲ

227 2211 542 2282 ἁπᾳδόντως
569 2214 645 2286 τῷ
683 2215 802 2286 Θεῷ
848 2218 942 2270 καὶ
1001 2220 1194 2290 Πατρί.
1238 2221 1454 2292 Ἐπειδὴ
1478 2223 1584 2295 γὰρ
1618 2225 1675 2279 ἐν
1709 2226 1802 2280 ἀν-

226 2301 476 2374 θρωπεία
503 2308 682 2376 μορφῇ
730 2311 840 2369 τοῖς
885 2307 1084 2378 ὁρῶσιν
1125 2310 1394 2377 ἐφαίνετο,
1421 2313 1707 2386 ἀνατίθησι
1734 2319 1799 2387 τῇ

224 2396 322 2465 τῆς
352 2394 609 2466 θεότητος
635 2397 792 2466 φύσει
821 2400 945 2464 τοὺς
968 2400 1160 2454 ἑαυτοῦ
1194 2401 1406 2471 λόγους,
1437 2403 1513 2469 ὡς
1543 2406 1598 2459 ἐν
1634 2422 1801 2477 προσ-

225 2484 361 2556 ώπῳ
384 2485 482 2539 τοῦ
539 2487 774 2559 Πατρδς,
830 2491 922 2542 καὶ
986 2490 1090 2562 μὴν
1121 2493 1214 2545 καὶ
1257 2494 1325 2547 τὰ
1351 2493 1487 2564 ἔργα
1514 2513 1526 2525 ’
1563 2495 1721 2565 μόνον
1744 2495 1801 2549 δὲ

223 2579 342 2648 οὐχί
373 2597 513 2652 φησι
535 2597 551 2611 ο
577 2581 672 2652 Μὴ
698 2582 761 2636 τὸ
821 2584 1003 2655 σχῆμα
1032 2586 1182 2638 τουτὶ
1211 2586 1270 2639 τὸ
1308 2585 1670 2658 ἀνθρώπινον,
1703 2586 1801 2659 τὴν

225 2672 347 2740 ἐμοὶ
392 2671 714 2742 πρέπουσαν
777 2676 868 2728 καὶ
921 2678 1373 2749 χρεωστουμένην
1425 2679 1801 2751 παραιρείσθω

222 2761 496 2834 διάληψιν,
535 2763 672 2835 μηδέ
705 2765 991 2837 ἀνθρώπου
1046 2767 1223 2837 ψιλοῦ,
1269 2771 1363 2822 καὶ
1397 2771 1516 2833 ἐνὸς
1540 2770 1650 2824 τῶν
1677 2772 1799 2826 καθ’

222 2854 371 2920 ὑμᾶς
394 2851 532 2908 εἶναι
557 2856 683 2919 τοὺς
705 2857 870 2928 ἐμοὺς
881 2857 1071 2926 λόγους
1103 2859 1430 2932 ὑπολάϐητε,
1455 2861 1588 2915 ἀλλὰ
1624 2862 1801 2928 θείους

223 2941 469 3011 ἀληθῶς,
523 2945 616 2999 καὶ
636 2946 784 3016 αὑτῷ
834 2948 1142 3018 πρέποντας
1190 2950 1267 3022 τῷ
1297 2952 1491 3023 Πατρὶ,
1527 2953 1697 3019 οὕτως
1726 2957 1802 3020 ὡς

1913 494 2064 564 quid,
2097 495 2294 553 iisdem
2324 501 2464 571 ipsis
2493 504 2696 574 quibus
2726 524 2826 580 ego
2852 525 3023 576 nunc,
3049 527 3161 568 non
3197 515 3319 571 aliis
3347 533 3479 573 usus

1915 587 2095 643 verbis
2125 598 2290 647 esset.
2319 591 2556 650 Tantum
2590 598 2795 672 quippe
2828 602 3006 659 habeo
3049 620 3174 660 eum
3219 622 3284 661 eo
3328 609 3483 663 simi—

1913 677 2166 736 litudinis
2207 682 2612 752 substantialis,
2650 698 2710 744 ut
2732 705 2866 747 meae
2893 707 3056 750 voces
3089 695 3210 766 ejus
3250 698 3386 761 sint,
3427 707 3481 753 et

1911 787 2033 841 qum
2065 772 2210 830 facio
2255 791 2376 847 ego.
2405 777 2520 833 haec
2555 779 2675 850 ejus
2711 781 2857 838 facta
2897 786 3198 843 credantur
3232 807 3244 843 :
3289 791 3343 845 in
3393 807 3481 846 me

1911 864 2058 919 enim
2091 881 2342 933 manens,
2367 879 2591 941 propter
2621 871 2964 931 identitatem
2990 879 3335 948 substantiae,
3363 883 3478 952 ipse
3520 921 3528 928 η

1912 955 2042 1011 facit
2066 972 2254 1028 opera.
2286 958 2421 1016 Nam
2459 976 2585 1018 cum
2614 981 2728 1020 una
2771 967 2844 1022 sit
2879 969 2933 1023 in
2968 968 3129 1026 Patre
3161 981 3214 1028 et
3243 972 3385 1028 Filio
3423 983 3478 1029 et

1912 1048 2117 1118 Spiritu
2149 1051 2350 1116 deitas,
2394 1055 2577 1111 omnis
2607 1070 2789 1111 sermo
2842 1056 3022 1114 Patris
3055 1060 3244 1131 utique
3271 1072 3354 1118 est
3385 1080 3478 1132 per

1909 1137 2107 1194 Filium
2147 1142 2202 1196 in
2238 1142 2448 1214 Spiritu
2476 1162 2492 1207 ξ
2518 1152 2570 1199 et
2599 1161 2763 1202 omne
2783 1163 2945 1216 opus,
2978 1149 3091 1204 sive
3121 1151 3475 1215 miraculum,

1908 1247 2006 1301 per
2051 1233 2252 1289 Filium
2309 1235 2362 1290 in
2415 1236 2648 1307 Spiritu,
2695 1239 2871 1310 agitur
2909 1250 3088 1296 tamen
3145 1251 3402 1314 tanquam
3447 1263 3476 1298 a

1907 1321 2087 1380 Patre.
2114 1324 2226 1382 Nec
2256 1328 2402 1382 enim
2455 1337 2610 1385 extra
2656 1329 2934 1388 Genitoris
2982 1335 3349 1390 substantiam
3393 1347 3477 1393 est

1909 1413 2103 1482 Filius,
2133 1433 2310 1488 neque
2337 1419 2472 1474 adeo
2502 1419 2741 1491 Spiritus
2781 1432 3030 1490 sanctus,
3060 1424 3159 1481 sed
3191 1427 3285 1496 qui
3319 1426 3373 1480 in
3407 1442 3474 1482 eo

1906 1516 1990 1564 est
2007 1507 2358 1581 Unigenitus,
2378 1512 2582 1582 quique
2604 1513 2770 1570 habet
2800 1531 2996 1572 rursus
3020 1517 3075 1571 in
3097 1517 3283 1588 seipso
3307 1518 3477 1572 Geni-

1908 1608 2104 1666 torem,
2131 1603 2310 1673 ipsum
2361 1605 2435 1658 ait
2467 1607 2707 1675 operari.
2740 1606 2940 1661 Eﬂlcax
2972 1609 3118 1664 enim
3170 1616 3255 1664 est
3293 1608 3475 1664 Patris

1907 1701 2128 1759 natura,
2161 1693 2217 1747 in
2258 1693 2400 1749 Filio
2431 1697 2692 1765 praeclare
2721 1699 2988 1754 emicans.
3024 1699 3178 1754 Alius
3211 1708 3474 1768 praeterea

1904 1799 2103 1840 sensus
2161 1783 2350 1841 afferri
2400 1797 2602 1857 potest,
2656 1803 2819 1858 quem
2870 1789 3275 1846 incarnationis
3331 1794 3474 1846 ratio

1903 1876 2190 1936 commode
2222 1879 2557 1948 suppeditat.
2597 1897 2615 1929 ι
2649 1879 2693 1932 Α
2717 1880 2952 1951 meipso,
2992 1882 3195 1952 inquit,
3229 1896 3340 1936 non
3391 1883 3473 1936 lo-

1902 1981 2066 2035 quor,
2117 1985 2135 2018 ι
2187 1983 2288 2036 pro
2338 1983 2404 2022 eo
2455 1969 2606 2037 quod
2664 1979 2770 2034 est,
2819 1985 2930 2024 non
2994 1970 3249 2034 seorsim,
3297 1985 3474 2039 neque

1903 2066 2096 2114 contra
2127 2058 2223 2115 Dei
2279 2075 2344 2114 ac
2376 2060 2553 2115 Patris
2591 2060 2875 2130 placitum.
2925 2061 3065 2128 Quia
3098 2063 3242 2117 enim
3279 2061 3336 2115 in
3367 2061 3472 2114 bu-

1903 2163 2066 2205 mana
2111 2149 2290 2206 forma
2337 2151 2655 2207 videntibus
2708 2153 2982 2223 apparuit,
3006 2153 3219 2208 ideirco
3250 2151 3475 2207 deitatis

1904 2252 2116 2299 naturae
2164 2244 2334 2299 verba
2379 2258 2482 2298 sua
2533 2243 2756 2310 tribuit,
2805 2252 3066 2316 tanquam
3121 2245 3175 2298 in
3237 2259 3469 2314 persona

1903 2332 2102 2399 Patris,
2132 2333 2434 2404 quinetiam
2461 2342 2516 2390 et
2545 2350 2816 2406 opera,ac
2844 2343 3056 2389 tantum
3089 2351 3198 2390 non
3234 2337 3311 2388 ait
3339 2325 3358 2388 ἰ
3393 2331 3472 2390 Ne

1903 2422 2018 2477 iure
2067 2423 2240 2477 forma
2293 2424 2538 2479 humana
2587 2425 3049 2481 existimationem
3099 2425 3231 2479 mihi
3271 2440 3471 2481 conve-

1903 2510 2145 2566 nientem
2181 2526 2247 2567 ac
2278 2513 2520 2568 debitam
2553 2513 2775 2584 eripiat,
2818 2529 3000 2584 neque
3039 2514 3172 2568 nudi
3211 2515 3367 2570 vobis
3397 2514 3472 2568 si-

1903 2599 2052 2654 milis
2083 2599 2247 2656 unius
2279 2602 2518 2669 alicujus
2558 2603 2797 2658 hominis
2841 2617 2996 2658 meos
3031 2617 3317 2658 sermones
3346 2615 3474 2659 esse

1902 2691 2133 2762 putetis,
2179 2692 2273 2747 sed
2327 2708 2453 2748 vere
2505 2693 2744 2758 divinos,
2800 2693 3019 2765 ipsique
3075 2695 3472 2750 convenientes

1903 2780 2073 2847 Patri,
2098 2782 2325 2853 perinde
2360 2799 2425 2838 ac
2455 2785 2612 2839 mihi.
2635 2783 2905 2854 Operatur
2928 2791 3109 2839 autem
3142 2785 3199 2838 in
3231 2799 3319 2839 me
3352 2799 3472 2839 ma-

1902 2889 2037 2928 ncus
2075 2876 2319 2944 :quippe
2348 2891 2472 2930 sum
2509 2876 2565 2929 in
2613 2876 2752 2946 ipso,
2794 2884 2848 2931 et
2889 2876 3006 2946 ipse
3058 2875 3114 2930 in
3150 2891 3254 2930 me.
3291 2874 3473 2932 Nolite

1902 2979 2032 3034 ergo
2089 2966 2312 3020 credere
2371 2967 2651 3023 veteribus
2706 2975 2969 3036 tanquam
3021 2966 3284 3021 eximium
3339 2967 3472 3036 quid

223 3035 374 3104 ἐμοί.
429 3035 669 3108 Ἐνεργεῖ
689 3039 742 3092 δέ
766 3039 824 3092 ἐν
857 3041 980 3111 ἐμοὶ
1028 3042 1224 3112 μένων
1271 3045 1388 3115 είμὶ
1417 3046 1527 3117 γὰρ
1567 3048 1624 3101 ἐν
1653 3049 1801 3121 αὐτῷ

1905 3055 2068 3126 783
2099 3066 2154 3113 et
2185 3072 2446 3128 magnum
2475 3057 2664 3113 datum
2717 3035 2843 3115 esse
2892 3066 2952 3113 ut
2996 3058 3051 3111 in
3107 3058 3293 3128 specie
3328 3035 3472 3128 inuis

221 3127 322 3179 καὶ
351 3125 514 3191 αὐτὸς
571 3130 630 3181 ἐν
679 3131 821 3200 ἐμοί.
854 3133 947 3202 Μὴ
969 3133 1166 3196 τοίνυν,
1217 3137 1404 3205 φησὶν,
1458 3137 1531 3201 ὡς
1563 3139 1703 3210 μέγα
1748 3159 1801 3194 τι

221 3220 317 3272 καὶ
350 3219 630 3291 ὑπερφυὲς
662 3225 772 3287 τοῖς
821 3225 1195 3298 ἀρχαιοτέροις
1223 3227 1467 3284 δεδόσθαι
1497 3233 1800 3300 πιστεύετε,

221 3312 317 3364 καὶ
349 3313 411 3364 τὸ
431 3313 556 3366 ἰδεῖν
586 3315 684 3383 μὲν
698 3314 774 3380 ὼς
792 3317 850 3368 ἐν
871 3317 998 3370 εἴδει
1016 3319 1184 3389 πυρὸς
1206 3319 1296 3372 τὸν
1311 3320 1463 3386 Θεὸν,
1493 3323 1724 3379 ἀκοῦσαι
1747 3327 1804 3380 δέ

223 3405 316 3456 καὶ
332 3406 523 3475 φωνῆς
538 3406 803 3479 λαλούσης
819 3409 1020 3473 αὐτοῖς.
1041 3409 1140 3474 ’Υμ
1152 3413 1228 3474 εἷς
1243 3412 1348 3482 γὰρ
1365 3412 1530 3478 ὅντως
1546 3415 1802 3470 τεθέασθε

221 3494 287 3546 δι’
317 3495 455 3564 ἐμοῦ
504 3497 599 3550 καὶ
630 3499 686 3550 ἐν
720 3499 844 3570 ἐμοὶ
877 3500 969 3552 τὸν
996 3500 1236 3572 Πατέρα,
1259 3504 1305 3555 εἰ
1325 3489 1417 3558 καὶ
1447 3506 1660 3577 πέφηνα
1683 3507 1801 3560 καθ’

224 3589 552 3660 ὑμᾶς,Θεος
606 3591 682 3644 ὢν
741 3592 880 3646 κατὰ
931 3593 1115 3662 φύσιν,
1173 3589 1334 3666 ἦλθον
1363 3598 1640 3667 ἐμφανῶς.
1665 3600 1805 3654 κατὰ

223 3684 322 3754 τὴν
353 3685 452 3738 τοῦ
497 3684 805 3754 ψάλλοντος
869 3688 1074 3758 φωνήν.
1114 3687 1308 3742 Ἰστέον
1339 3690 1396 3742 δὲ
1429 3690 1640 3744 ὅτιτῶν
1670 3694 1804 3764 ἡμε-

223 3776 394 3845 τέρων
428 3775 766 3839 ἀκούσαντες
790 3775 986 3844 λόγων,
1006 3776 1112 3831 τῶν
1142 3778 1246 3830 ὑπὸ
1279 3779 1490 3850 Πατρὸς
1510 3780 1800 3851 ἠκούσατε.

223 3867 431 3938 Θεωροὶ
460 3867 520 3921 δὲ
542 3868 800 3936 γεγόνατε
835 3871 927 3922 καὶ
966 3869 1077 3922 τῶν
1114 3870 1311 3942 ἔργων,
1342 3874 1436 3927 καὶ
1460 3874 1561 3944 τῆς
1579 3874 1804 3946 ἐνούσης

229 3961 408 4030 ἰσχύος
436 3960 610 4031 αὐτῷ.
659 3962 738 4016 Δι’
770 3961 906 4031 ἐμοῦ
933 3963 1041 4034 γὰρ
1075 3962 1224 4016 λαλεῖ
1251 3964 1366 4034 μὲν,
1402 3964 1476 4028 ὡς
1513 3965 1602 4018 διὰ
1632 3967 1802 4036 Λόγου

221 4053 313 4108 τοῦ
351 4054 512 4120 ἰδίου,
546 4053 876 4124 κατορθοῖδέ
900 4055 994 4108 καὶ
1022 4056 1236 4125 ἐνεργεῖ
1262 4057 1329 4110 τὰ
1357 4056 1632 4128 θαύματος
1655 4060 1800 4127 ἄξια,

223 4147 295 4208 ὡς
331 4146 420 4200 διὰ
459 4145 746 4216 δυνάμεως
778 4147 941 4200 πάλιν
984 4146 1084 4216 τῆς
1110 4147 1323 4200 ἑαυτοῦ.
1353 4147 1477 4203 "Ott
1505 4149 1560 4203 δὲ
1580 4154 1678 4222 τῆς
1710 4153 1802 4206 τοῦ

224 4239 436 4308 Πατρὺς
464 4237 658 4302 οὐσίας
680 4239 854 4302 οὐδεὶς
880 4239 966 4302 ἂν,
997 4235 1172 4308 οἶμαι,
1194 4238 1350 4308 λόγος
1383 4242 1650 4313 ἀποτέμοι
1673 4245 1803 4297 ποτὲ

224 4327 312 4379 τόν
344 4345 404 4380 τε
431 4327 630 4396 Λόγον,
664 4328 758 4380 καὶ
812 4326 910 4397 τὴν
958 4327 1183 4397 δύναμιν
1224 4328 1428 4398 αὐτῆς,
1477 4332 1803 4402 ἐνυπάρχειν

1904 3145 2075 3201 Deum
2105 3147 2378 3212 viderent,
2403 3157 2459 3204 et
2483 3164 2672 3206 vocem
2714 3150 2795 3205 eis
2822 3150 3142 3220 loquentem
3193 3149 3468 3204 audirent.

1904 3237 2016 3294 Vos
2045 3240 2190 3296 enim
2221 3256 2416 3297 revera
2448 3241 2747 3312 spectastis
2795 3257 2894 3312 per
2931 3257 3018 3296 me
3035 3249 3103 3296 ‘et
3152 3241 3209 3294 in
3249 3255 3337 3294 me
3364 3238 3474 3294 Ροε-

1903 3339 2064 3397 trem,
2096 3333 2318 3388 tametsi
2354 3334 2524 3389 vestri
2579 3333 2778 3390 similis
2831 3333 3085 3404 apparui,
3127 3331 3272 3388 Deus
3324 3333 3473 3387 exsi-

1903 3431 2056 3479 stens
2102 3423 2406 3478 secundum
2462 3434 2741 3490 naturam,
2788 3426 2916 3480 veni
2954 3423 3263 3488 manifeste,
3313 3424 3470 3493 j-uxta

1900 3513 2210 3569 Psalmistae
2234 3530 2421 3570 vocem
2440 3515 2782 3572 '.Sciendum
2810 3531 2937 3571 vero
2957 3516 3122 3585 quod,
3147 3529 3272 3569 cum
3304 3513 3470 3568 verba

1903 3619 2024 3660 mea
2056 3604 2402 3674 audiveritis,
2456 3607 2622 3662 verba
2657 3607 2820 3662 etiam
2862 3607 3038 3662 Patris
3075 3606 3330 3661 audistis.
3365 3603 3473 3660 Sed

1901 3704 1957 3752 et
1990 3703 2330 3767 spectatores
2360 3711 2586 3767 operum
2635 3706 2688 3752 et
2735 3697 2957 3752 virtutis
2985 3697 3107 3767 ejus
3137 3696 3339 3753 fuistis.
3368 3696 3473 3751 Per

1902 3802 1990 3843 me
2027 3788 2173 3842 enim
2223 3787 2490 3859 loquitur,
2523 3796 2583 3843 ut
2615 3803 2712 3859 per
2742 3803 2902 3842 suum
2930 3787 3171 3843 Verbum
3199 3805 3214 3854 ;
3257 3787 3473 3857 peragit

1905 3894 2033 3934 vero
2065 3886 2119 3934 et
2147 3879 2258 3934 edit
2279 3880 2568 3948 miracula,
2590 3887 2652 3933 ut
2681 3894 2776 3950 per
2796 3893 2952 3934 suam
2973 3893 3168 3934 rursus
3190 3879 3468 3933 virtutem.

1903 3969 2062 4036 Quod
2107 3981 2290 4026 autem
2337 3971 2484 4025 nulla
2529 3972 2726 4026 ratioa
2757 3971 3066 4026 substantia
3112 3969 3296 4024 Patris
3334 3966 3472 4022 Ver-

1903 4061 2055 4127 bum,
2087 4063 2319 4134 ejusque
2357 4063 2614 4117 virtutem
2646 4062 2936 4134 sejungere
2965 4061 3162 4132 possit,
3192 4059 3288 4116 sed
3318 4059 3372 4113 in
3408 4073 3473 4112 e2.

1902 4154 2194 4217 exsistere,
2223 4161 2279 4208 ct
2333 4168 2361 4206 a
2394 4161 2589 4208 natura
2641 4153 2825 4210 inesse
2870 4154 3103 4224 quilibet
3134 4151 3238 4206 nisi
3271 4149 3472 4205 mentis

1906 4242 2090 4297 forsan
2139 4250 2337 4298 emota
2390 4243 2746 4299 confessurus
2811 4244 2904 4309 sit,
2953 4241 3317 4298 dubitandum
3361 4252 3470 4294 non

1903 4342 2006 4390 est.

222 4419 299 4484 δὲ,
338 4421 434 4475 καὶ
467 4421 850 4491 ὲμπεφυκέναι
904 4423 1044 4475 κατὰ
1097 4425 1257 4492 φύσιν
1295 4424 1430 4496 αὐτῇ
1456 4427 1564 4489 πᾶς
1601 4444 1685 4490 τις
1717 4425 1809 4481 οὖν
1848 4429 2252 4500 ὁμολογήσειεν,
2318 4430 2418 4482 ούκ
2467 4427 2789 4498 ἀμφίϐολον,
2855 4430 2903 4480 εί
2959 4429 3032 4498 μή
3080 4445 3164 4491 τις
3213 4426 3320 4496 ἄρα
3363 4421 3450 4492 εἴη

222 4513 528 4587 παραπλὴξ
550 4514 648 4585 τὴν
680 4515 935 4568 διάνοιαν.

671 4631 1066 4686 ΚΕΦΑΛΑῙΟΝ
1103 4633 1365 4686 MONON.
1833 4616 1880 4672 Ι)

226 4743 354 4820 Ὀτι
381 4745 509 4820 διρν
534 4745 1029 4820 τήν-ταυτότητα
1056 4745 1166 4820 τῆς
1198 4749 1437 4820 φύσεως
1458 4752 1491 4820 ό
1533 4751 1664 4816 Υἱὸς
1686 4750 1804 4820 μὲν

289 4815 359 4868 ἐν
386 4814 470 4880 τῷ
491 4815 679 4884 Harp!
697 4817 884 4882 ἐστιν,
918 4818 950 4869 ό
976 4817 1179 4886 Πατὴρ
1201 4814 1260 4870 ’δ’
1289 4814 1367 4874 αὖ
1410 4818 1596 4873 πάλιν
1724 4820 1802 4886 τῷ

297 4883 410 4951 ne
430 4886 627 4941 ἐστιν.

292 4976 619 5029 Πιστεύετε
657 4975 744 5028 ὅτι
765 4975 879 5046 ἐγὼ
904 4975 972 5029 ἐν
997 4975 1076 5041 τῷ
1097 4978 1299 5047 Harp},
1323 4979 1418 5032 καὶ
1445 4982 1477 5032 ό
1499 4979 1701 5048 Πατὴρ
1733 4979 1802 5033 ὲν

1980 4973 2121 5039 XIV,
2157 4973 2242 5025 ll.
2281 4970 2401 5026 Non
2432 4971 2644 5025 creditis
2671 4973 2796 5040 quia
2827 4988 2917 5041 ego
2943 4972 2996 5024 in
3029 4967 3210 5033 Patre,
3239 4979 3286 5020 et
3320 4963 3478 5022 Pater

224 5063 352 5133 ἐμοί
389 5065 565 5118 ἐστιν
584 5082 602 5130 ;

1907 5067 1961 5117 in.
2003 5080 2083 5117 me
2119 5074 2192 5117 est
2209 5067 2234 5118 ?

306 5154 645 5224 Ἀναφανδδν
697 5154 798 5226 ἥδη
851 5155 1035 5227 φησὶν,
1071 5155 1267 5224 μᾶλλον
1304 5154 1361 5208 δὲ
1396 5156 1491 5208 καὶ
1520 5156 1801 5210 ἐπιτάττει

1979 5156 2178 5225 Aperte
2204 5155 2316 5223 jam
2345 5155 2442 5216 ait,
2475 5154 2581 5206 imo
2609 5168 2740 5208 vero
2764 5151 2920 5224 jubet
2940 5165 3049 5203 non
3086 5149 3246 5204 aliter
3272 5150 3480 5204 sentire

225 5245 430 5312 λοιπον,
488 5248 574 5300 ὅτι
620 5249 886 5319 προσήκοι
929 5250 1146 5320 φρονεῖν
1192 5249 1290 5318 οὐχ
1338 5247 1538 5318 ἑτέρως
1563 5250 1734 5320 ἡμᾶς,
1766 5251 1800 5319 ἢ

1909 5262 2072 5316 quam
2120 5246 2397 5316 quomodo
2444 5246 2571 5299 velit
2622 5242 2863 5299 Verbum
2902 5242 3170 5296 veritatis.
3223 5237 3480 5297 Consub-

226 5331 414 5406 ὥσπερ
445 5335 612 5397 αὐτὸς
658 5337 686 5388 ὁ
713 5335 812 5402 τῆς
839 5336 1097 5407 ἀληθείας
1133 5336 1370 5407 βούλοιτο
1413 5337 1604 5404 Λόγος.
1641 5339 1802 5409 Ὁμο-

1910 5339 2168 5394 stantiale
2206 5337 2350 5392 enim
2397 5345 2482 5391 est
2530 5350 2630 5391 suo
2664 5332 2934 5398 Genitori,
2961 5331 3111 5386 nulla
3160 5346 3221 5386 re
3257 5331 3476 5402 penitus

227 5423 403 5489 ούσιος
434 5425 554 5495 γάρ
589 5426 706 5479 ἐστι
742 5425 817 5496 τῷ
870 5427 984 5495 ἰδίῳ
1021 5428 1327 5498 Γεννήτορι,
1363 5427 1784 5497 μεσολαϐοῦντος

1913 5428 2226 5498 interjecta,
2262 5437 2359 5482 aut
2392 5443 2516 5498 qua:
2571 5427 2803 5481 alterum
2841 5425 2911 5481 ab
2951 5423 3124 5478 altero
3164 5423 3484 5478 diversitate

232 5517 513 5582 παντελῶς
531 5519 764 5581 οὐδενὸς,
793 5519 826 5590 ἢ
859 5521 999 5574 κατά
1049 5539 1100 5574 τι
1145 5521 1272 5589 γοῦν
1307 5519 1688 5584 διακόπτοντος
1725 5523 1803 5585 εἰς

1913 5520 2152 5576 naturali
2187 5527 2420 5592 separet.
2451 5517 2630 5573 Unum
2662 5519 2927 5578 enim.cst
2954 5533 3078 5571 cum
3109 5529 3195 5584 eo,
3223 5515 3296 5570 ita
3332 5525 3389 5570 ut
3425 5515 3475 5568 in

2408 4627 2640 4685 CAPUT
2685 4627 2974 4685 UNICUM.

1912 4742 2067 4810 Quod
2092 4752 2304 4811 propter
2344 4741 2680 4796 idemitalcm
2724 4752 2930 4800 natum
2965 4738 3137 4811 Eih‘us
3183 4743 3251 4794 sit
3284 4742 3334 4794 in
3364 4739 3475 4794 Pa-

2264 4824 2341 4868 tre
2397 4823 2445 4866 et
2477 4812 2640 4868 Pater
2670 4829 2852 4866 rursm
2882 4813 2934 4864 in
2963 4809 3124 4865 Filio.

333 5695 354 5724 ’
394 5692 549 5749 Psal.
579 5709 725 5756 xux,
757 5694 808 5749 5.
