3992 6316
464 215 570 274 215

465 427 746 500 eﬁulgeat,
786 422 1252 496 quemadmodum
1294 430 1349 479 et
1385 423 1440 478 in
1475 423 1637 480 nobis
1667 423 1855 480 videre
1888 424 2040 481 licet.

467 519 580 576 Nec
605 519 748 576 enim
779 516 872 571 alii
919 530 1113 571 sumus
1149 523 1351 572 natura
1391 531 1424 572 a
1452 517 1662 574 nostris
1707 516 1921 583 liberis,
1943 531 2044 572 nec

467 612 789 669 diversitate
821 609 1061 665 naturali
1112 609 1183 664 ab
1225 610 1294 666 iis
1339 609 1730 682 disjungimur,
1755 611 1886 667 licet
1937 611 2042 666 alia

469 702 594 758 aliis
622 702 733 758 sint
756 716 820 757 ac
851 701 1068 758 diversa
1095 715 1330 773 corpora
1361 720 1372 756 :
1400 700 1546 756 unde
1571 699 1633 754 ﬁt
1655 709 1716 755 ut
1741 701 1837 771 qui
1870 701 2045 756 Abra-

468 794 615 849 hami
672 785 846 850 ﬁlium
899 794 1118 858 viderit,
1168 793 1389 850 beatum
1445 794 1624 865 ipsum
1672 791 2042 850 Abrahamum

466 892 674 949 videat.
708 889 1035 961 Quanquam
1075 888 1131 943 in
1168 887 1490 943 hominibus
1528 885 1751 958 quidem
1787 901 2043 958 magnum

470 983 610 1040 forte
637 990 725 1039 est
753 981 1079 1046 discrimen,
1107 995 1233 1037 cum
1261 979 1649 1050 unusquisque
1681 978 2046 1034 contrahatur

468 1074 875 1149 quodammodo
904 1083 958 1129 et
991 1073 1060 1128 ad
1090 1073 1528 1144 singularitatem
1561 1085 1622 1126 se
1653 1071 1904 1142 recipiat,
1943 1085 2045 1126 nec

471 1169 612 1225 alius
643 1169 696 1224 in
727 1167 836 1222 alio
864 1174 1153 1231 cernatur,
1187 1180 1290 1221 nec
1317 1165 1456 1222 alter
1485 1164 1644 1220 alteri
1679 1164 1814 1220 insit
1848 1178 2046 1234 corpo-

473 1262 686 1328 raliter,
740 1261 870 1320 licet
925 1259 1238 1318 communis
1276 1257 1534 1314 omnibus
1591 1265 1852 1314 cernatur
1904 1256 2046 1310 ratio

471 1355 816 1417 substantiae.
855 1355 924 1410 At
957 1354 1025 1409 de
1055 1352 1165 1409 Deo
1193 1351 1504 1412 secundum
1547 1359 1800 1407 naturam
1843 1366 2047 1420 nequa-

469 1465 634 1520 quam
661 1449 734 1504 ita
769 1447 1077 1504 censueris.
1125 1445 1353 1516 Proprie
1393 1445 1540 1500 enim
1583 1460 1648 1499 ac
1693 1444 2048 1516 peculiariter

470 1539 636 1596 Pater
672 1548 756 1597 est
781 1539 965 1606 Pater,
1003 1555 1068 1595 ac
1099 1555 1208 1596 non
1237 1537 1412 1596 Filius
1448 1559 1462 1594 :
1496 1537 1672 1595 Filius
1698 1539 1827 1594 item
1863 1538 1956 1608 qui
1981 1553 2047 1593 ex

468 1649 534 1689 eo
565 1641 674 1699 est,
722 1632 921 1697 Filius,
961 1642 1017 1690 et
1063 1648 1174 1688 non
1229 1632 1434 1690 Pater:
1467 1631 1633 1705 ⁵184
1685 1641 1741 1687 et
1806 1632 2046 1703 Spiritus

468 1726 691 1795 proprie
727 1723 992 1794 Spiritus.
1044 1725 1150 1780 Sed
1202 1725 1259 1779 in
1300 1739 1468 1780 unam
1520 1724 1745 1779 deitatis
1792 1732 2045 1779 naturam

469 1827 748 1874 contracta
796 1826 852 1874 et
893 1818 1128 1874 collecta
1172 1827 1365 1873 sancta
1397 1815 1692 1884 Trinitate,
1723 1831 1867 1872 unus
1903 1815 2047 1874 Deus

471 1910 634 1966 nobis
659 1917 764 1976 est,
797 1926 900 1967 nec
936 1911 1174 1966 alterum
1208 1911 1278 1967 ab
1321 1910 1494 1967 altero
1532 1911 1589 1965 in
1625 1917 1799 1965 totum
1851 1909 1932 1966 sic
1963 1926 2048 1966 re-

469 1999 664 2054 cedere
691 1999 837 2054 ullus
863 1999 1090 2068 dixerit,
1117 2008 1177 2056 ut
1225 2001 1462 2070 separati
1499 2000 1613 2057 sint
1660 2000 1730 2055 ah
1771 2000 2045 2066 invicem;

471 2090 569 2147 sed
599 2106 1048 2160 unumquemque
1075 2107 1196 2148 esse
1225 2090 1279 2146 id
1309 2091 1456 2162 quod
1501 2101 1586 2148 est
1609 2107 1672 2148 ac
1725 2091 2051 2162 indigitatur

471 2176 822 2252 hypostatice
873 2183 1173 2250 credimus.
1207 2185 1283 2238 Ex
1321 2183 1487 2240 Patre
1517 2200 1643 2241 vero
1671 2201 1796 2242 esse
1824 2185 2049 2253 Filium,

471 2271 525 2328 id
560 2282 740 2328 estex
797 2273 920 2344 ejus
965 2275 1299 2343 substantia,
1351 2291 1418 2333 ex
1469 2291 1648 2349 eoque
1701 2278 2052 2335 ineﬁ'abiliter

470 2365 813 2435 procedere,
857 2375 912 2421 et
965 2365 1022 2421 in
1072 2382 1138 2424 eo
1195 2383 1419 2424 manere
1474 2384 1788 2426 censemus.
1848 2369 2049 2426 Eodem

469 2454 637 2512 modo
671 2465 729 2513 et
767 2457 836 2513 de
869 2455 1078 2528 Spiritu
1127 2470 1343 2516 sancto.
1376 2459 1473 2519 Est
1517 2463 1664 2518 enim
1710 2478 1775 2518 ex
1812 2462 1921 2518 Deo
1963 2477 2051 2519 sc-

471 2549 716 2604 cundum
773 2557 1032 2605 naturam
1086 2566 1235 2617 vere,
1280 2553 1379 2608 sed
1433 2551 1751 2610 nullatenus
1804 2555 1874 2610 ab
1929 2554 2052 2625 ejus

473 2640 785 2697 substantia
835 2643 1148 2713 sejunetus,
1176 2644 1287 2700 imo
1330 2661 1461 2700 vero
1497 2661 1565 2702 ex
1607 2661 1673 2703 eo
1722 2648 2060 2718 procedens,

469 2740 528 2789 et
577 2733 632 2788 in
684 2749 750 2789 eo
801 2750 1023 2806 semper
1070 2751 1322 2802 manens,
1369 2739 1575 2809 quique
1622 2754 1720 2809 per
1771 2740 2051 2796 Christum

472 2825 684 2881 sanctis
712 2827 969 2881 traditur.
995 2825 1192 2882 Omnia
1225 2828 1432 2899 quippe
1473 2845 1569 2899 per
1601 2829 1798 2884 Filium
1837 2831 1892 2886 in
1931 2832 2054 2902 Spi-

1437 209 1493 268 S.
1522 208 1802 268 CYBILLI
1831 208 2301 268 ALEXANDBINI
2332 215 2654 274 ARCHIEP.

468 332 752 393 Genitoris
799 330 1107 388 substantia
1157 338 1354 384 natura
1400 328 1525 385 Filii
1557 339 1840 397 cernatur,
1875 339 2042 401 atque

2153 332 2443 404 ἑτερότητα
2516 337 2752 405 φυσικὴν
2782 379 2796 402 ,

3614 217 3726 275 21(

2883 337 3113 408 θατέρου
3190 337 3249 390 τὸ
3337 336 3539 407 ἕτερον.
3627 334 3727 402 Εἷς

2145 426 2254 497 γάρ
2300 427 2416 480 ἐστι
2467 429 2603 500 πρὸς
2634 429 2815 493 αὐτὸν,
2848 429 2922 493 ὼς
2959 430 3017 483 ἑν
3053 432 3118 502 τῇ
3148 429 3241 482 τοῦ
3289 428 3539 493 τεκόντος
3565 430 3728 500 οὐσίᾳ

2143 519 2244 590 τὴν
2282 519 2380 573 τοῦ
2441 520 2573 575 Υἰοῦ
2625 521 2999 592 διαφαίνεσθαι
3031 522 3212 591 φύσιν,
3253 522 3348 576 καὶ
3402 521 3460 575 ὲν
3504 525 3571 592 τῇ
3628 521 3728 575 τοῦ

2144 613 2482 684 γεννήματος
2536 614 2696 687 οὐσίᾳ.
2731 614 2829 686 τὴν
2872 613 2968 668 τοῦ
2999 611 3134 668 Θεοῦ
3167 613 3262 668 καὶ
3320 613 3535 685 Πατρὸς
3594 615 3729 684 ὁρᾶ-

2146 707 2271 760 σθαί
2309 724 2368 760 τε
2423 708 2924 780 καὶδιαπρέπειν,
3003 708 3195 781 ὥσπερ
3249 706 3443 779 ἀμέλει
3505 708 3631 760 καὶ·
3667 705 3730 761 ἑν

2144 800 2258 862 τοῖς
2288 799 2407 852 καθ’
2444 800 2590 870 ἡμᾶς
2621 799 2893 873 θεωρήσαι
2915 818 2998 864 τις
3035 799 3120 854 άν.
3145 799 3220 853 Οὐ
3247 799 3358 869 γὰρ
3376 797 3557 870 ἕτεροι
3583 796 3727 851 κατὰ

2146 888 2310 959 φύσιν
2343 889 2508 960 ἑσμὲν
2539 890 2676 960 πρὸς
2705 889 2772 943 τὰ
2804 889 2864 956 ἑξ
2893 889 3071 943 αὐτῶν
3098 890 3436 960 γεννήματα,
3469 887 3592 941 οὔτε
3616 888 3728 959 μὴν

2147 982 2226 1044 εἰς
2241 981 2628 1053 ἀλλοτριότητα
2663 979 2998 1053 μεριζόμεθα
3025 980 3282 1051 φυσικὴν,
3313 980 3362 1032 εἰ
3388 979 3483 1033 καὶ
3517 983 3585 1051 τῇ
3614 979 3728 1033 τῶν

2149 1074 2419 1142 σωμάτων
2439 1073 2720 1144 ἑτερότητι
2749 1072 3117 1144 διεστήκαμεν
3143 1087 3157 1101 ·
3193 1072 3384 1144 διόπερ
3419 1071 3517 1125 ἴδοι
3535 1089 3622 1136 τις
3659 1072 3728 1127 ἂν

2147 1167 2238 1218 τὸν
2265 1165 2534 1238 μακάριον
2568 1165 2819 1238 Ἀϐραὰμ
2875 1169 2903 1220 6
2964 1165 3058 1219 τὸν
3099 1166 3158 1232 ἐξ
3200 1165 3364 1220 αὐτοῦ
3394 1165 3730 1238 γεννηθέντα

2147 1260 2262 1311 υἱὸν
2293 1259 2578 1331 ἑωρακώς.
2617 1260 2758 1313 Ἀλλ’
2789 1259 2883 1313 ἐπὶ
2914 1259 3014 1331 μὲν
3035 1259 3342 1330 ἀνθρώπων
3369 1259 3529 1329 τυχὸν
3553 1258 3727 1328 πολλή

2147 1353 2232 1416 τίς
2265 1354 2410 1406 ἑστιν
2455 1354 2490 1425 ἡ
2544 1353 2799 1424 διακοπὴ,
2863 1353 3288 1424 συστελλομένου
3347 1352 3552 1424 τρόπον
3606 1351 3732 1406 τινὰ

2149 1447 2243 1500 καὶ
2263 1446 2672 1518 ἀναχωροῦντος
2715 1446 3166 1518 μεμορφωμένως
3226 1444 3456 1499 ἑκάστου
3490 1445 3627 1516 πρὸς
3667 1444 3732 1498 τὸ

2152 1539 2297 1603 ἰδίως
2329 1537 2494 1610 ἔχειν,
2523 1540 2618 1593 καὶ
2643 1538 2949 1610 φαίνεσθαι,
2975 1539 3069 1593 καὶ
3111 1539 3214 1592 οὐκ
3250 1537 3632 1608 ἐμπεφυκότος
3654 1536 3731 1606 τῷ

2084 1673 2125 1726 Β
2151 1635 2321 1708 ἑτέρῳ
2350 1633 2696 1706 σωματικῶς,
2719 1636 2768 1688 εἰ
2795 1635 2889 1690 καὶ
2911 1635 3088 1698 κοινὸς
3121 1633 3325 1688 ἅπασιν
3349 1635 3377 1688 6
3405 1633 3503 1703 τῆς
3541 1633 3733 1696 οὐσίας

2149 1728 2323 1800 ὁρῷτο
2345 1728 2522 1796 λόγος.
2564 1727 2688 1781 Ἐπί
2716 1727 2773 1780 δὲ
2801 1725 2937 1781 Θεοῦ
2965 1725 3059 1781 τοῦ
3089 1726 3235 1782 κατὰ
3268 1727 3430 1796 φύσιν
3452 1727 3732 1798 ἐννοήσεις

2151 1822 2248 1892 οὐχ
2277 1820 2472 1884 οὕτως.
2516 1819 2850 1885 ’ἰδιαζόντως
2900 1819 3002 1890 μὲν
3026 1818 3136 1889 γὰρ
3169 1819 3360 1888 Πατήρ
3383 1820 3532 1871 ἑστιν
3559 1817 3588 1870 6
3620 1818 3734 1871 Πα-

2151 1915 2274 1986 τὴρ,
2307 1913 2400 1968 καὶ
2431 1912 2528 1983 οὐχ
2554 1912 2683 1974 Υἱός
2707 1930 2719 1944 ·
2755 1911 2850 1964 καὶ
2899 1911 3059 1967 πάλιν
3087 1911 3291 1980 ὁμοίως
3330 1909 3460 1975 Υἱὸς
3480 1911 3509 1964 6
3547 1909 3607 1976 ἑξ
3636 1912 3735 1964 αὐ-

2150 2005 2266 2068 τοῦ,
2296 2005 2388 2058 καὶ
2425 2005 2486 2058 οὐ
2551 2001 2760 2074 Πατὴρ,
2809 2003 2903 2055 καί
2940 2000 3164 2070 Πνεῦμα
3198 2001 3260 2054 τὺ
3293 1999 3519 2072 Πνεῦμα
3565 1999 3732 2064 ἰδίως.

2163 2097 2302 2152 ’Λλλ’
2343 2100 2421 2159 εἰς
2450 2097 2579 2168 μίαν
2644 2096 2899 2166 θεότητος
2957 2094 3119 2164 φύσιν
3172 2091 3462 2162 συνιούσης
3523 2110 3583 2146 τε
3638 2091 3736 2145 καὶ

2153 2191 2572 2262 συνειλεγμένης
2649 2189 2750 2259 τῆς
2805 2188 2964 2256 ἁγίας
3017 2187 3265 2258 Τριάδος,
3332 2181 3414 2250 εἷς
3481 2185 3617 2249 Θεὸς
3676 2186 3736 2238 ἑν

2151 2285 2302 2358 ἡμῖν,
2327 2283 2421 2337 καὶ
2443 2282 2542 2352 οὐχ
2565 2280 2857 2351 ὁλόκληρον
2898 2280 3114 2347 ἑκάστῳ
3165 2278 3273 2331 τῶν
3316 2277 3735 2349 σημαινομένων

2149 2373 2266 2443 δοίη
2295 2389 2379 2436 τις
2407 2371 2473 2426 ἂν
2516 2369 2616 2442 τὴν
2663 2371 2730 2424 ἑκ
2778 2367 2872 2423 τοῦ
2933 2369 3120 2440 ἑτέρου
3159 2367 3320 2438 τυχὸν
3351 2365 3731 2438 ἀποφοίτησιν,

2150 2466 2258 2520 οὐδ’
2285 2464 2630 2537 ἀναχωρήσει
2673 2460 2974 2527 παντελῶς,
3001 2461 3082 2522 είς
3128 2458 3189 2512 τδ
3211 2457 3348 2513 εἷναι
3389 2458 3733 2530 μεμερισμέ-

2151 2574 2289 2622 νως’
2322 2555 2436 2610 ἀλλ’
2497 2549 2633 2608 εἶναι
2697 2552 2796 2623 μὲν
2841 2551 3076 2605 ἕκαστον
3112 2548 3259 2603 τοῦθ’
3314 2549 3450 2620 ὅπερ
3494 2546 3735 2600 ἐστικαὶ

2153 2648 2573 2720 κατωνόμασται
2598 2647 2729 2718 παρ’
2768 2646 2902 2716 ἡμῖν
2967 2643 3350 2704 ἰδιοσυστάτως
3381 2639 3732 2710 πιστεύομεν.

2164 2744 2258 2796 Ἐκ
2285 2742 2341 2795 δὲ
2363 2739 2459 2795 τοῦ
2480 2739 2693 2809 Πατρδς
2726 2737 2852 2790 ὄντα
2880 2737 2971 2791 τὸν
2997 2736 3142 2801 Υίὸν,
3179 2734 3322 2788 τοῦτ’
3340 2735 3506 2794 ἑστιν,
3545 2733 3611 2784 ἑκ
3641 2731 3734 2798 τῆς

2151 2834 2336 2898 οὐσίας
2363 2831 2549 2896 αὐτοῦ,
2601 2831 2661 2896 ἑξ
2705 2827 2870 2882 αὐτοῦ
2911 2845 2973 2881 τε
3015 2827 3300 2898 προελθεῖν
3344 2825 3622 2897 ἀρρήτως,
3678 2824 3736 2875 ἐν

469 2917 582 2971 ritu
623 2925 840 2973 sancto.
876 2917 1029 2973 Hanc
1055 2934 1158 2974 nos
1187 2919 1506 2990 dogmatum
1544 2930 1751 2977 rectam
1785 2925 2047 2980 rationem

2153 2925 2299 2996 αὐτῷ
2319 2942 2379 2978 τε
2408 2924 2589 2995 μένειν
2629 2919 2809 2975 ἑννοοῦ
2819 2937 2936 2990 μεν.
2994 2918 3098 2973 Τὸν
3141 2918 3200 2972 δὲ
3228 2916 3390 2972 αὐτὸν
3414 2916 3617 2988 τρόπον
3646 2915 3737 2967 καὶ

473 3022 539 3064 ac
569 3011 856 3065 veritatem
902 3008 1092 3064 docuit
1126 3019 1452 3066 sanctorum
1491 3013 1719 3067 Patrum
1759 3014 2047 3083 sapientia,

2157 3017 2287 3089 περί
2312 3016 2406 3070 τοῦ
2439 3015 2596 3083 ἁγίου
2655 3011 2993 3081 Πνεύματος.
3032 3011 3188 3064 Ἔστι
3221 3010 3320 3081 μὲν
3349 3009 3458 3080 γὰρ
3498 3010 3564 3062 ἑκ
3600 3006 3736 3060 Θεοῦ

471 3113 680 3170 perque
711 3114 902 3154 sacras
938 3101 1258 3170 Scripturas
1286 3101 1467 3156 edocti
1498 3117 1690 3160 sumus
1720 3105 1798 3159 ita
1842 3106 2047 3162 sentire

2153 3109 2248 3164 τοῦ
2277 3107 2418 3167 κατὰ
2438 3109 2600 3177 φύσιν
2630 3104 2867 3174 ἀληθῶς,
2925 3103 3039 3158 ἀλλ’
3070 3101 3367 3172 οὐδαμόθεν
3401 3097 3736 3173 μεμερισμέ-

471 3196 528 3244 et
562 3189 734 3260 loqui.
771 3189 928 3256 Quod
971 3198 1153 3246 autem
1189 3190 1258 3245 ad
1311 3191 1649 3264 inculpatam
1695 3194 1837 3250 hanc
1885 3197 2047 3253 ﬁdem

2153 3220 2242 3257 vov
2286 3201 2387 3269 τῆς
2433 3199 2621 3262 οὐσίας
2667 3197 2854 3262 αὐτοῦ,
2884 3195 3073 3268 προϊὸν
3119 3195 3176 3248 δὲ
3209 3195 3411 3266 μᾶλλον
3450 3191 3511 3258 ἑξ
3547 3189 3737 3254 αὐτοῦ,

473 3290 625 3338 recte
666 3283 1037 3352 procedimus,
1073 3282 1331 3339 ﬁduciam
1378 3293 1433 3340 et
1478 3285 1726 3341 animum
1785 3288 2047 3347 Dominus

2155 3292 2248 3346 καὶ
2272 3291 2328 3343 ἑν
2351 3287 2500 3358 αὐτῷ
2537 3287 2696 3359 μένον
2729 3287 2839 3352 ἀεὶ,
2877 3285 3286 3357 χορηγούμενον
3311 3286 3370 3339 δὲ
3409 3287 3520 3347 τοῖς
3564 3285 3738 3352 ἁγίοις

475 3373 650 3439 addit,
700 3374 1003 3446 inquiens:
1047 3393 1067 3427 ι
1115 3375 1336 3432 Credite
1371 3377 1498 3448 quia
1542 3392 1642 3449 ego
1677 3379 1731 3434 in
1770 3379 1954 3450 Patre,
1997 3392 2047 3440 et

2157 3381 2524 3455 διὰΧριστοῦ·
2557 3381 2738 3436 πάντα
2768 3380 2876 3450 γὰρ
2912 3380 2977 3433 δι’
3008 3379 3140 3433 Υἰοῦ
3171 3381 3230 3432 ἑν
3255 3378 3538 3450 Πνεύματι
3578 3378 3738 3448 ἁγίῳ.

471 3466 634 3524 pater
662 3468 716 3522 Ῐη
749 3482 856 3524 ωε·
900 3487 919 3520 ³
2167 3479 2385 3550 Ταύτην
2412 3475 2558 3547 ἡμᾶς
2579 3473 2677 3544 τὴν
2704 3471 2815 3526 τῶν
2863 3471 3152 3542 δογμάτων
3193 3470 3461 3542 ὀρθότητα
3491 3471 3587 3524 καὶ
3611 3470 3738 3541 ἀλή-

473 3565 624 3618 θειαν
668 3560 908 3629 ἐδίδαξεν
944 3564 978 3634 ἡ
1009 3563 1118 3616 τῶν
1157 3563 1328 3632 ἁγίων
1367 3565 1631 3638 Πατέρων
1679 3568 1891 3638 σύνεσις
1915 3592 1928 3605 ·
1967 3575 2111 3631 οὕτω
2145 3568 2568 3642 πεπαιδεύμεθα
2613 3565 2799 3619 λαλεῖν
2840 3582 2900 3617 τε
2935 3565 3027 3618 καὶ
3071 3566 3287 3636 φρονεῖν
3317 3563 3413 3617 καὶ
3450 3562 3516 3617 δι’
3560 3561 3740 3616 αὐτῶν

471 3654 581 3709 τῶν
629 3655 789 3728 ἱερῶν
827 3656 1202 3726 Γραμμάτων.
1233 3657 1357 3711 Ὅτι
1386 3657 1443 3711 δὲ
1485 3657 1609 3713 λίαν
1656 3661 1835 3731 ὀρθῶς
1871 3666 1965 3718 ἑπί
1999 3667 2206 3739 ταύτην
2250 3666 2374 3737 τμεν
2417 3660 2515 3733 τὴν
2555 3657 2902 3729 ἀλοιδόρητον
2942 3656 3151 3718 πίστιν,
3187 3653 3610 3726 παραθαρσύνει
3650 3649 3740 3703 λέ-

471 3769 586 3821 γων
622 3754 650 3806 6
696 3751 898 3823 Κύριος
923 3768 935 3780 ⁸
979 3771 995 3802 ι
1033 3752 1346 3817 Πιστεύετε,
1377 3754 1460 3806 ὅτι
1509 3754 1621 3822 ἑγὼ
1661 3758 1718 3810 ὲν
1749 3759 1826 3829 τῷ
1858 3761 2059 3834 Πατρί,
2087 3765 2183 3820 xa‘l
2205 3765 2232 3817 6
2255 3758 2446 3829 Πατὴρ
2480 3756 2537 3808 ἑν
2572 3753 2715 3824 ἑμοί.
2752 3772 2770 3804 ›

543 3842 684 3909 XIV,
721 3843 809 3897 ll.
849 3844 1084 3915 Alioqui,
1127 3856 1339 3914 propter
1385 3861 1547 3915 opera
1593 3847 1707 3917 ipsa
1765 3851 1896 3905 mihi
1944 3870 2047 3910 cre-

471 3939 601 3995 dite.

543 4034 742 4103 Aperte
784 4033 869 4089 his
907 4033 1093 4089 verbis
1125 4033 1200 4103 ait
1239 4047 1346 4088 non
1388 4047 1449 4089 se
1489 4032 1762 4090 facturum
1807 4054 2044 4111 unquam

473 4127 648 4183 fuisse
677 4141 798 4196 qua:
820 4136 1031 4181 naturae
1050 4125 1252 4181 divinae
1281 4127 1667 4183 tantummodo
1689 4133 2047 4197 conveniunt,

473 4221 579 4276 nisi
632 4219 938 4276 secundum
990 4227 1246 4274 naturam
1296 4217 1442 4275 Deus
1488 4230 1656 4286 esset,
1686 4229 1744 4276 ct
1783 4239 1851 4279 ex
1882 4225 2044 4294 .ipsa.

473 4313 611 4371 Vide
633 4330 800 4384 porro
826 4320 1035 4384 quanta
1066 4327 1192 4368 cum
1227 4311 1561 4369 certitudine
1587 4324 1641 4370 et
1673 4317 1902 4371 veritate
1936 4316 2051 4370 haec

473 4405 644 4462 dicat.
677 4403 787 4459 Nec
817 4403 964 4459 enim
991 4417 1062 4458 ex
1093 4401 1163 4457 iis
1201 4417 1323 4472 qua:
1352 4400 1487 4458 dicit
1532 4413 1748 4460 tantum
1789 4405 1896 4462 sibi
1927 4406 2053 4462 ﬁdei

2233 3854 2302 3908 El
2327 3847 2512 3917 δὲμὴ,
2544 3843 2642 3898 διὰ
2662 3843 2733 3898 τὰ
2759 3843 2899 3912 ἔργα
2926 3842 3077 3897 αὐτὰ
3105 3839 3419 3896 πιστεύετέ
3448 3855 3572 3906 μοι.

2234 4033 2541 4107 Διαρῤήδην
2573 4029 2682 4100 γάρ
2711 4028 2768 4080 ὲν
2785 4022 2998 4086 τούτοις
3032 4019 3217 4090 φησὶν,
3244 4017 3319 4080 ὼς
3341 4014 3448 4069 οὐδ’
3476 4013 3543 4069 ἃν
3577 4013 3740 4107 ἐργά-

2164 4105 2461 4197 σαιτο,ήούδ’
2501 4105 2591 4179 γᾶν
2653 4117 2909 4185 ἐξανύσαι
2965 4112 3186 4169 πώποτε
3241 4109 3310 4164 τὰ
3342 4107 3481 4181 μόνῃ
3511 4109 3578 4178 τῇ
3625 4105 3740 4178 θείᾳ

2163 4222 2444 4297 πρέποντα
2494 4214 2674 4286 φύσει,
2707 4210 2782 4283 μὴ
2816 4207 2936 4279 οὐχὶ
2962 4205 3105 4260 κατὰ
3137 4201 3299 4297 φύσιν
3336 4200 3625 4297 ὑπάρχων·ἶ
3650 4197 3741 4297 καί

2153 4288 2430 4384 ἑξΙαύτῆς.
2455 4307 2569 4363 Καὶ⁸
2591 4307 2693 4377 ὅρα
2722 4300 2841 4374 μεθ’
2887 4300 3017 4371 ὅσης
3055 4293 3356 4366 ἀσφαλείας
3386 4309 3446 4384 τε
3489 4289 3627 4384 ὁμοῦ
3642 4288 3742 4384 ⁸καί

2156 4369 2416 4478 άληθείάς
2447 4399 2516 4454 τὰ
2540 4369 2768 4451 τοιαῦτ-ά
2815 4369 3000 4463 φησιν.
3030 4389 3106 4443 υύ
3139 4387 3248 4458 γὰρ
3276 4384 3335 4452 ἑξ
3385 4369 3460 4439 ὧν
3499 4384 3564 4478 ἂν
3593 4381 3742 4478 λέγοι

475 4498 667 4555 haberi
714 4497 851 4562 vult,
880 4496 1010 4551 licet
1039 4494 1260 4550 mentiri
1307 4495 1542 4563 nesciat,
1583 4507 1852 4567 quantum
1882 4514 1950 4554 ex
1985 4500 2047 4555 iis

2157 4474 2409 4554 τοσοῦτον
2466 4491 2608 4558 ἀξιοῖ
2646 4483 3042 4550 πιστεύεσθαι,
3093 4481 3272 4536 καίτοι
3329 4477 3625 4549 ψεύδεσθαι
3671 4474 3744 4546 μὴ

2218 4591 2260 4592 η
2367 4587 2390 4592 “-
2543 4580 2598 4592 ··’
2657 4572 2687 4592 θ’
2795 4580 2807 4592 ι
2957 4578 2984 4591 ι-
3056 4575 3103 4592 Ir
3146 4575 3160 4592 ι
3210 4573 3235 4592 θ
3269 4573 3290 4592 ιν
3347 4570 3501 4592 AJ--.
3544 4568 3721 4592 ..ε-ι-..

473 4607 595 4662 quae
641 4590 793 4646 facit.
823 4587 1002 4656 Quam
1038 4588 1110 4644 ob
1155 4601 1402 4654 causam,
1444 4588 1646 4644 dicam.
1687 4591 2052 4648 Sermonibus

472 4684 618 4741 enim
660 4699 726 4738 ac
758 4681 940 4737 verbis
971 4681 1078 4737 Deo
1120 4681 1584 4739 convenientibus
1627 4684 1730 4752 uti,
1755 4699 1822 4741 ac
1847 4694 2052 4740 temere

473 4777 742 4834 nonnulla
779 4772 1083 4838 etlundere,
1112 4772 1345 4840 furioso,
1367 4775 1604 4846 exempli
1635 4776 1836 4846 gratia,
1865 4791 1928 4831 ac
1957 4775 2049 4831 de-

473 4869 644 4926 menti
700 4883 811 4922 non
858 4873 947 4922 est
995 4864 1216 4922 dillicile
1248 4885 1262 4920 :
1294 4881 1460 4936 opere
1500 4880 1635 4922 vero
1671 4882 1736 4922 ac
1775 4874 2051 4938 potestate

471 4963 584 5016 Deo
617 4958 963 5016 convenienti
1011 4958 1138 5028 quis
1177 4965 1363 5013 utetur
1397 4957 1796 5027 unquam?aut
1826 4959 2049 5013 cuinam

470 5059 734 5109 creatum
787 5066 943 5108 suam
993 5052 1220 5122 gloriam
1250 5049 1415 5103 Pater
1477 5048 1724 5102 tribuet?
1770 5049 2047 5118 Numquid

471 5145 617 5202 enim
652 5143 746 5200 Dei
805 5142 1038 5214 gloriam
1093 5159 1217 5198 esse
1278 5140 1517 5196 dicimus
1559 5146 1761 5192 cuncta
1812 5139 2048 5196 faciendi

471 5237 774 5309 potentiam
802 5250 868 5292 ac
897 5236 1180 5298 virtutem,
1200 5248 1326 5305 quat
1355 5232 1409 5285 in
1445 5230 1596 5284 nulla
1629 5231 1861 5286 omnino
1893 5247 2050 5288 crea-

469 5339 594 5385 tura
624 5329 731 5386 sit?
775 5327 1268 5396 Quocirca,volens
1302 5321 1560 5378 Christus
1589 5324 1926 5380 necessariis
1987 5334 2042 5384 et

471 5422 692 5483 invictis
721 5419 1065 5491 argumentis
1113 5431 1178 5472 ac
1207 5414 1785 5472 demoustratlonibus
1829 5433 1888 5473 se
1920 5434 2051 5489 pro-

471 5515 614 5581 bari,
643 5530 711 5570 ex
744 5512 1006 5583 operibus
1048 5507 1186 5579 ipsis
1215 5506 1363 5563 credi
1411 5507 1571 5576 jubet
1602 5509 1781 5580 ipsum
1824 5511 2046 5582 quidem

471 5623 596 5664 esse
623 5606 680 5661 in
711 5605 894 5669 Patre,
920 5611 975 5659 et
1006 5616 1204 5680 rursus
1246 5601 1304 5656 in
1351 5599 1536 5671 scipso
1570 5601 1771 5659 habere
1803 5603 2046 5671 Patrem,

473 5699 581 5761 hoc
629 5703 715 5750 cst
741 5692 921 5748 Patris
952 5701 1208 5750 naturam
1239 5691 1294 5748 in
1330 5690 1552 5765 propria
1589 5690 1732 5748 ferre
1772 5694 2045 5751 cxsistcn-

2159 4591 2335 4652 εἰδὼς,
2364 4587 2488 4640 ὅσον
2540 4580 2601 4646 ἐξ
2651 4572 2726 4634 ὧν
2791 4578 3012 4647 ἐνεργῇ.
3056 4575 3169 4629 Καὶ
3206 4573 3294 4627 διὰ
3342 4570 3502 4625 ποίαν
3539 4568 3742 4631 αἰτίαν,

2161 4682 2292 4752 ἐρῶ.
2330 4678 2523 4745 Δόγοις
2580 4674 2681 4745 μὲν
2719 4671 2826 4742 γὰρ
2852 4669 2948 4723 καὶ
2992 4668 3199 4740 ῥήμασι
3235 4666 3350 4728 τοῖς
3385 4660 3744 4733 θεοπρεπέσιν

2161 4767 2574 4842 ἁποκεχρῆσθαι
2601 4765 2787 4836 τυχὸν,
2810 4762 2902 4816 καί
2925 4779 2979 4814 τι
2996 4759 3105 4814 τῶν
3131 4755 3520 4831 ῥιψοκινδύνων
3545 4753 3743 4819 εἰπεῖν,

2159 4863 2313 4934 ἀνδρὶ
2344 4857 2659 4932 μαινομένῳ
2700 4856 2797 4909 καὶ
2856 4851 3228 4924 παραπαίοντι
3271 4847 3510 4925 χαλεπὸν
3550 4844 3706 4898 οὐδέν
3731 4863 3746 4878 ·

2159 4957 2305 5026 ἔργῳ
2329 4971 2394 5022 γε
2433 4950 2538 5023 μὴν
2564 4949 2657 5002 καὶ
2683 4945 2913 5017 δυνάμει
2935 4947 3002 5016 τῇ
3051 4941 3370 5014 θεοπρεπεῖ,
3400 4937 3486 5002 τίς
3513 4935 3581 4992 ἂν
3619 4939 3747 5010 χρή-

2160 5046 2312 5100 σαιτό
2328 5062 2457 5099 ποτε
2484 5062 2499 5111 ;
2525 5043 2795 5115 χαριεῖται
2827 5038 2885 5091 δὲ
2905 5035 3130 5094 τίνιτῶν
3170 5033 3445 5106 γεννητῶν
3471 5032 3573 5102 τὴν
3610 5031 3745 5085 ἰδίαν

2156 5139 2314 5204 δόξαν
2345 5140 2373 5191 6
2395 5136 2614 5206 Πατήρ;
2644 5135 2714 5185 Ἢ
2746 5131 2853 5202 γὰρ
2884 5130 3005 5201 οὐχὶ
3033 5128 3168 5183 Θεοῦ
3193 5127 3352 5194 δόξαν
3395 5121 3536 5180 εἷναί
3563 5141 3744 5195 φαμεν

2158 5232 2221 5285 τὸ
2273 5231 2453 5285 πάντα
2505 5225 2764 5285 δύνασθαι
2796 5225 2948 5294 δρᾷν,
2996 5221 3090 5277 καὶ
3144 5218 3551 5290 παντουργικὴν
3601 5216 3742 5286 ἔχειν

2163 5325 2339 5394 ἰσχὺν,
2386 5319 2562 5376 οὐδενί
2606 5335 2671 5386 γε
2728 5315 2835 5387 μὴν
2864 5313 3037 5384 ἑτέρῳ
3062 5314 3369 5384 προσεῖναι,
3392 5309 3470 5381 τῷ
3497 5327 3557 5363 τε
3607 5307 3741 5369 ὅλως

2156 5412 2609 5486 ἑναριθμουμένῳ
2629 5412 2744 5473 τοῖς
2766 5408 3090 5478 κτίσμασιν;
3117 5403 3326 5458 Οὐκοῦν
3349 5404 3409 5466 ἐξ
3426 5400 3738 5470 ἀναγκαίων

2161 5524 2220 5561 τε
2247 5505 2384 5576 ὁμοῦ
2413 5503 2508 5559 καὶ
2537 5501 2952 5573 άναντιῤῥήτων
3001 5495 3328 5562 ἀποδείξεων
3357 5495 3426 5548 τά
3460 5494 3582 5548 καθ’
3613 5495 3736 5546 ἑαυ-

2158 5598 2248 5654 τὸν
2274 5596 2665 5668 δοκιμάζεσθαι
2720 5595 3044 5666 βουλόμενος
3081 5593 3110 5644 ὁ
3159 5588 3412 5663 Χριστὸς,
3466 5585 3526 5651 ἐξ
3559 5586 3735 5640 αὐτῶν

2159 5691 2370 5747 κελεύει
2399 5687 2747 5744 πιστεύεσθαι
2784 5687 2890 5743 τῶν
2924 5686 3118 5758 ἔργων.
3150 5682 3223 5744 ὡς
3249 5679 3329 5750 εἴη
3363 5678 3458 5748 μὲν
3493 5678 3652 5742 αὐτδς
3681 5678 3732 5730 ἐν
