3992 6316
194 319 304 378 217

1251 320 1315 377 IN
1356 318 1643 378 JOANNIS
1677 315 2132 375 EVANGELIUM
2165 315 2293 374 LIB.
2327 315 2416 372 IX.

3362 306 3470 363 218

194 433 394 505 Πατρὶ,
431 431 548 506 ἔχει
570 433 628 489 δὲ
660 427 728 490 αὗ
753 435 916 490 πάλιν
949 438 1006 491 ἐν
1023 436 1200 508 ἐαυτῷ
1222 438 1314 492 τὸν
1353 437 1600 510 Πατέρα,
1636 435 1780 490 τοῦτ’

1888 435 1983 501 tia,
2033 445 2093 492 ut
2126 437 2220 506 qui
2256 435 2329 492 sit
2358 447 2487 489 vera
2528 446 2592 488 ac
2645 428 2890 504 legitima
2920 425 3124 499 proles,
3157 433 3218 480 ut
3254 423 3470 478 fructus

193 526 331 591 ἐστι,
359 527 459 596 τὴν
481 527 576 582 τοῦ
613 529 825 600 Πατρὸς
843 529 1004 600 φύσιν
1024 532 1083 583 ὲν
1108 530 1342 603 ὑπάρξει
1371 533 1437 602 τῇ
1465 531 1573 601 ίδίᾳ
1602 530 1778 600 φορεῖ,

191 619 270 684 ὼς
304 619 530 690 γνήσιον
573 619 840 692 γέννημα,
894 621 972 686 ὡς
1020 622 1230 694 καρπὸς
1261 621 1497 693 ἀληθῶς,
1542 620 1619 685 ὡς
1652 620 1781 685 Υίὺς

193 711 259 764 ἐκ
285 711 497 784 Πατρὸς
528 712 786 783 πεφηνὼς
828 713 1094 784 φυσικῶς.
1159 714 1299 768 Ἀλλ’
1331 715 1365 786 ἠ
1408 713 1508 785 μὲν
1549 713 1780 783 Ἐκκλη-

195 804 289 858 σία
339 804 435 858 τοῦ
491 805 760 876 Χριστοῦ,
807 807 988 861 καίτοι
1032 806 1151 862 λίαν
1187 806 1506 878 ἐπαυχοῦσα
1553 810 1622 878 τῇ
1673 806 1781 860 τῶν

193 890 479 962 δογμάτων
533 891 809 964 ὀρθότητι,
864 893 1120 966 τοιαύτην
1174 894 1288 966 ἔχει
1333 895 1432 967 τὴν
1461 895 1618 962 δόξαν
1651 894 1783 966 περὶ

192 983 290 1037 τοῦ
343 985 681 1053 Μονογενοῦς
705 1002 719 1017 ο
773 988 884 1050 τοῖς
908 1003 973 1056 γε
1006 985 1114 1058 μὴν
1168 985 1458 1058 θεομάχοις
1484 988 1781 1057 αἱρετικοῖς

194 1076 408 1146 ἑτεροῖα
443 1075 690 1147 παρέστη
747 1079 984 1148 φρονεῖν,
1021 1075 1335 1130 ἀναπείθειν
1380 1076 1507 1140 τοὺς
1528 1076 1640 1139 τοῖς
1663 1073 1779 1128 ὁλε-

193 1162 365 1235 θρίοις
387 1163 570 1219 αὐτῶν
601 1164 927 1236 προσιόντας
955 1182 1014 1220 τε
1042 1166 1135 1219 καὶ
1187 1167 1556 1238 προσέχοντας
1576 1165 1774 1234 λόγοις.

204 1255 633 1322 Ἐπιλυττῶντες
660 1257 770 1329 γὰρ
817 1260 937 1321 ταῖς
989 1258 1131 1312 κατά
1175 1259 1412 1330 Χριστοῦ
1467 1258 1778 1330 λοιδορίαις,

192 1347 593 1416 φιλονεικοῦσιν
623 1349 671 1402 οί
698 1348 941 1413 δείλαιοι,
973 1349 1069 1404 καὶ
1093 1349 1451 1404 κατανοοῦσιν
1476 1349 1586 1421 [Ζσ.
1613 1366 1782 1402 κατα-

191 1440 460 1514 κονῶσιν]
500 1442 783 1514 ἀλλήλους,
815 1441 916 1496 οὐκ
957 1444 1034 1507 είς
1092 1441 1442 1515 παροξυσμὸν
1475 1443 1778 1505 εὐσεϐείας,

191 1534 310 1588 ἀλλ’
337 1533 404 1587 ἵν’
428 1534 784 1605 ἀσεϐέστερος
831 1537 1022 1607 ἐτέρου
1067 1536 1243 1608 ὁρῷτο
1274 1536 1385 1589 δεῖν
1437 1535 1648 1607 ἔτερος,
1694 1537 1783 1589 καὶ

190 1624 490 1694 φθέγξαιτό
537 1644 589 1680 τι
648 1625 758 1682 τῶν
804 1627 1219 1699 ἀπηχεστέρων.
1269 1627 1490 1700 Ἐπειδὴ
1534 1628 1644 1699 γάρ
1689 1627 1780 1680 τὸν

190 1719 256 1771 ἐκ
288 1719 542 1788 Σοδόμων
569 1719 810 1774 πίνουσιν
843 1716 1005 1784 οἶνον,
1039 1720 1134 1775 καὶ
1161 1721 1363 1794 πικρὰν
1392 1721 1457 1775 ἐκ
1492 1722 1780 1794 Γομόρρας

188 1812 439 1882 τρυγῶσι
473 1814 750 1886 σταφυλὴν
781 1814 863 1886 (οὐ
890 1815 1002 1888 γάρ
1053 1817 1118 1869 ὲκ
1166 1815 1311 1869 θείου
1335 1815 1580 1887 δέχονται
1606 1816 1780 1869 Πνεύ-

195 1921 368 1974 ματος
396 1905 468 1960 τὰ
521 1908 608 1959 ἐπ’
648 1906 798 1979 αύτῷ
848 1906 1202 1980 θεωρήματα,
1241 1909 1362 1964 οὐδέ
1407 1910 1466 1976 ἐξ
1504 1910 1780 1964 ἀποκαλύ-

190 1994 343 2064 ψεως
382 1997 482 2066 τῆς
515 1997 611 2051 τοῦ
657 1999 898 2069 Πατρὸς,
955 1999 1070 2052 ἀλλ’
1111 2000 1178 2053 ἐκ
1203 1999 1304 2070 τῆς
1350 1996 1444 2052 τοῦ
1484 1999 1778 2068 δράκοντος

191 2087 483 2159 κεφαλῆς),
532 2089 682 2143 οὐδὲν
748 2090 849 2160 μὲν
897 2089 1156 2161 φρονοῦσι
1195 2089 1304 2144 τῶν
1328 2089 1559 2161 ἐχόντων
1585 2089 1774 2158 ὑγιῶς,

188 2178 381 2233 ἐκεῖνα
413 2179 471 2233 δὲ
500 2179 772 2250 λέγουσιν,
813 2183 850 2236 ἃ
897 2182 997 2247 τάς
1050 2182 1160 2235 τῶν
1191 2181 1560 2253 ἀκροωμένων
1589 2181 1778 2236 ταλαι-

188 2270 415 2346 πώρους
465 2273 754 2343 ἀποφαίνει
791 2274 992 2346 ψυχὰς,
1033 2275 1167 2346 πρὸς
1201 2274 1333 2346 ᾅδην
1386 2275 1555 2339 αὑτάς
1608 2292 1776 2328 κατα-

188 2362 527 2436 κομίζοντα,
597 2367 692 2421 καὶ
727 2369 808 2431 είς
868 2368 927 2420 τὸ
998 2365 1150 2421 κάτω
1217 2366 1516 2439 βάραθρον.
1590 2365 1777 2420 Ταῦτα

188 2454 290 2510 καὶ
317 2454 546 2525 βιϐλίοις
595 2457 828 2512 ἐνθεῖναι
873 2459 1261 2530 τολμήσαντες,
1285 2459 1554 2512 ἀθάνατον
1588 2458 1778 2530 ὥσπερ

187 2547 293 2620 τὴν
332 2549 560 2603 ἐνοῦσαν
614 2551 798 2615 αὐτοῖς
850 2553 1231 2623 ἀνεστήλωσαν
1287 2552 1573 2622 πονηρίαν.
1630 2552 1780 2606 Ἔδει

190 2639 296 2712 μὲν
320 2638 414 2694 οὖν
446 2643 599 2712 ἡμᾶς
652 2642 891 2714 διαρκῶς
933 2643 1230 2715 εἰρηκότας
1265 2645 1340 2706 εἰς
1368 2643 1429 2696 τὸ
1483 2642 1781 2715 προκείμε-

186 2749 303 2797 νον,
355 2733 502 2804 ἅπερ
553 2729 623 2805 ἦν
645 2734 795 2799 εἰκὸς
813 2735 1040 2804 ὠφελεῖν
1079 2735 1338 2789 δύνασθαι
1379 2736 1503 2798 τοὺς
1532 2735 1779 2799 ἐντευξο-

191 2823 413 2894 μένους,
439 2826 740 2898 ὀρθοτάτην
759 2827 952 2898 ἔχοντα
979 2829 1076 2899 τὴν
1116 2828 1210 2882 ἐπὶ
1237 2827 1314 2898 τῷ
1352 2825 1466 2898 Υίῷ
1504 2826 1776 2897 διάληψιν,

191 2918 472 2987 μηδεμίαν
508 2919 617 2972 τῶν
667 2921 801 2992 παρ’
848 2921 1078 2983 ἐκείνοις
1132 2919 1466 2990 ποιήσασθαι
1533 2921 1776 2992 μνήμην.

197 3009 432 3080 Ἐπειδὴ
456 3009 514 3063 δὲ
545 3011 770 3076 ἀπεικὸς
800 3013 953 3067 οὐδὲν
976 3016 1090 3077 τοῖς
1129 3013 1332 3078 ἀθλίοις
1369 3013 1592 3067 ἐκείνων
1626 3030 1781 3084 περι-

1886 543 2036 594 vere,
2079 535 2141 583 ut
2192 526 2366 583 Filius
2410 540 2478 582 ex
2527 523 2687 579 Patre
2747 521 3074 577 naturaliter
3126 515 3330 573 editus.
3363 514 3467 574 Sea'

1884 620 2089 678 Christi
2120 620 2346 691 quidem
2381 617 2636 673 Ecclesia
2667 630 2790 686 quae
2829 613 3146 684 dogmatum
3179 607 3344 680 785
3384 623 3468 658 re-

1883 713 2158 769 ctitudine
2207 711 2480 782 imprimis
2530 707 2823 780 gloriatur,
2855 706 3016 760 talem
3063 703 3131 758 de
3176 701 3472 771 Unigenito

1885 804 2214 860 sententiam
2251 803 2416 858 habet
2449 820 2462 856 :
2493 800 2586 856 Dei
2615 806 2799 854 autem
2835 799 3020 854 hostes
3055 792 3300 848 haeretici
3332 807 3468 844 eon-

1881 897 2055 954 traria
2106 895 2354 953 sentiunt
2407 904 2462 950 et
2513 892 2788 948 instillant
2841 889 3169 960 perniciosa:
3218 899 3333 938 sua:
3371 884 3470 938 do-

1882 991 2077 1047 ctrinae.
2125 988 2436 1059 discipulis.
2481 984 2765 1043 Conviciis
2795 983 2942 1039 enim
3001 981 3272 1036 adversus
3312 977 3469 1032 (thri-

1883 1093 2027 1143 stum
2061 1083 2117 1138 in
2151 1083 2359 1138 rabiem
2384 1081 2492 1136 acti
2523 1093 2719 1150 magno
2746 1073 2931 1132 studio
2964 1073 3020 1127 in
3053 1072 3108 1127 id
3141 1070 3468 1126 incumbunt

1882 1176 2096 1242 miseri,
2130 1175 2384 1244 aliusque
2418 1173 2590 1226 alium
2627 1169 2798 1231 acuit,
2834 1181 2945 1221 non
2993 1171 3052 1220 ut
3104 1163 3171 1218 ad
3205 1163 3465 1232 pietatem

1883 1286 1942 1328 se
1975 1275 2300 1341 provocent,
2334 1266 2432 1323 sed
2470 1272 2533 1320 ut
2577 1264 2717 1318 alter
2759 1262 2994 1315 alterum
3048 1255 3333 1327 impietate
3374 1268 3469 1307 su-

1881 1377 2080 1432 perare
2135 1367 2190 1417 et
2254 1357 2465 1430 aliquid
2523 1355 2775 1427 proferre
2837 1350 3093 1406 videatur
3145 1343 3464 1400 absurdius.

1883 1450 2021 1507 Nam
2065 1465 2191 1506 cum
2220 1450 2409 1505 vinum
2453 1447 2823 1503 Sodomorum
2879 1441 2982 1513 ipsi
3031 1438 3250 1503 bibant,
3301 1443 3468 1504 atque

1883 1541 2139 1598 acerbam
2171 1555 2331 1595 uvam
2373 1537 2698 1594 Gomorrhre
2729 1532 3077 1590 vindemient
3108 1528 3131 1561 δ
3157 1528 3283 1599 (nec
3319 1526 3463 1581 enim

1883 1649 1950 1690 ex
1983 1633 2173 1690 divino
2205 1631 2412 1703 Spiritu
2440 1631 2723 1700 accipiunt
2749 1643 2872 1700 quae
2901 1625 2971 1682 de
3004 1639 3068 1680 eo
3103 1623 3324 1684 docent,
3365 1632 3467 1673 nec

1885 1737 1953 1779 ex
1982 1722 2317 1779 revelatione
2332 1722 2534 1788 Patris,
2567 1721 2665 1777 sed
2688 1737 2757 1776 ex
2786 1719 2968 1789 capite
3003 1714 3307 1780 draconis),
3326 1710 3466 1765 nihil

1884 1816 2107 1886 quidem
2142 1817 2262 1871 sani
2298 1815 2568 1877 sentiunt,
2611 1813 2705 1870 sed
2755 1827 2819 1867 ea
2854 1811 3116 1880 loquntur
3146 1820 3269 1876 quae
3299 1802 3466 1858 mise-

1881 1909 2089 1965 rabiles
2121 1908 2432 1963 auditorum
2480 1906 2696 1961 animas
2736 1903 3000 1967 reddunt,
3033 1914 3127 1956 eas
3161 1898 3229 1952 ad
3260 1894 3465 1949 inferos

1884 2014 1939 2061 et
1991 2003 2241 2058 inlim’unt
2275 1999 2597 2056 barathrum
2630 1994 3004 2052 detrudentia.
3045 1991 3177 2058 Qua:
3211 1997 3266 2044 et
3305 1985 3463 2042 libris

1884 2094 2151 2152 mandare
2175 2093 2294 2150 ausi
2333 2101 2485 2156 sunt,
2512 2097 2567 2145 et
2595 2086 2897 2159 nequitiam
2933 2099 3090 2141 suam
3117 2091 3380 2150 tauquam
3407 2076 3461 2130 in

1882 2188 2047 2259 cippo
2088 2186 2156 2242 ad
2197 2183 2668 2241 immortalitatem
2721 2180 3100 2250 sculpserunt.
3137 2173 3203 2228 Et
3235 2169 3466 2227 decebat

1881 2279 2104 2352 quidem
2142 2292 2246 2334 nos
2284 2274 2550 2347 expositis
2598 2272 2654 2327 in
2705 2272 2853 2326 hunc
2886 2270 3066 2325 locum
3119 2275 3466 2335 quaecunque

1879 2371 2182 2428 lectoribus
2213 2370 2279 2426 ad
2309 2377 2462 2426 recte
2485 2367 2837 2425 sentiendum
2871 2363 2939 2418 de
2981 2359 3121 2414 Filio
3147 2355 3462 2413 conducere

1880 2465 2231 2526 videbantur,
2267 2463 2476 2518 nullam
2506 2458 2894 2516 haereticorum
2926 2453 3246 2524 dogmatum
3287 2447 3466 2501 facere

1884 2556 2243 2612 mentionem.
2276 2554 2382 2610 Sed
2434 2569 2560 2609 cum
2610 2551 2829 2608 miseris
2877 2561 3070 2604 eorum
3113 2538 3467 2600 sermonibus

1885 2649 2252 2720 simpliciores
2283 2646 2533 2702 nonnulli
2552 2635 3299 2716 abripiantur,necessarium
3333 2630 3464 2685 duxi

1885 2738 2134 2796 veritatis
2169 2737 2442 2809 dogmatis
2466 2735 2665 2791 noxias
2715 2733 2936 2788 illorum
2964 2741 3142 2797 nugas
3174 2721 3463 2792 repellere,

1886 2836 1942 2887 et
1979 2829 2286 2886 calumnias
2347 2843 2488 2901 quas
2522 2826 2778 2898 aﬂingere
2820 2823 3015 2880 volunt
3047 2818 3208 2882 Filio,
3250 2817 3380 2876 imo,
3405 2819 3468 2867 ut

1885 2920 2072 2978 verius
2101 2919 2305 2986 dicam,
2331 2919 2434 2975 toti
2465 2927 2677 2975 naturae
2700 2916 2922 2980 divinae,
2950 2913 3146 2969 inanes
3183 2923 3247 2962 ac
3279 2905 3466 2960 futiles

1887 3016 2180 3071 ostendere

184 3101 464 3173 τυχόντας
521 3105 721 3174 ῥήμασι
781 3106 1200 3179 ωναρπαγῆναι
1244 3106 1352 3160 τῶν
1396 3107 1783 3178 ἁπλουστέρων
1815 3107 1895 3170 είς
1915 3108 2134 3163 σύνεσίν
2165 3126 2341 3174 τινας,
2371 3107 2672 3175 ἀναγκαῖον
2702 3100 2890 3174 ᾠήθην
2919 3100 3036 3162 τοῖς
3088 3094 3150 3161 ἐξ
3208 3091 3468 3162 ἀληθείας

187 3195 434 3266 δόγμασι
462 3195 530 3247 τὰ
571 3195 632 3247 ἐκ
656 3197 755 3266 τῆς
789 3197 1014 3252 ἐκείνων
1042 3196 1309 3267 φλυαρίας
1357 3195 1785 3268 διακρούσασθαι
1826 3196 2022 3270 βλάϐη,
2077 3197 2484 3270 εὐανάτρεπτόν
2528 3213 2590 3248 τε
2651 3191 2916 3256 ἐπιδεῖξαι
2946 3189 3043 3260 τὴν
3083 3182 3467 3254 συκοφαντίαν,

189 3285 262 3356 ἦν
279 3285 632 3355 ἐπιτειχίζειν
664 3286 946 3358 βούλονται
994 3286 1073 3358 τῷ
1108 3287 1244 3358 Υίῷ,
1280 3286 1479 3357 μᾶλλον
1517 3286 1574 3340 δὲ
1603 3285 1698 3357 ὅλῃ
1729 3288 1793 3357 τῇ
1830 3287 1950 3360 θείᾳ
1980 3288 2175 3357 φύσειο
2199 3287 2359 3343 τοῦτο
2388 3288 2499 3359 γὰρ
2540 3288 2717 3342 εἰπεῖν
2761 3283 3143 3353 ἀληθέστερον.

265 3381 569 3452 Τοιγαροῦν
608 3382 859 3454 ἐνέτυχον
891 3381 1078 3454 βιϐλίῳ
1105 3381 1213 3436 τῶν
1251 3382 1318 3436 δι’
1353 3381 1624 3445 ἐναντίας·
1660 3377 1780 3435 εἶτα

1956 3385 2016 3438 In
2053 3400 2252 3442 manus
2303 3385 2490 3456 itaque
2535 3383 2668 3438 mihi
2714 3381 2868 3438 venit
2919 3377 3360 3434 adversariorum
3400 3373 3469 3426 li-

191 3470 262 3524 τά
289 3472 351 3525 ἐν
371 3472 450 3541 τῷ
478 3475 828 3546 προκειμένῳ
856 3473 1004 3547 ρητῷ
1037 3471 1460 3545 διερευνώμενος
1485 3515 1500 3538 ,
1529 3471 1783 3542 εὕρισκον

187 3565 290 3618 ἐπὶ
338 3565 537 3630 λέξεως
584 3567 777 3638 αὐτῆς,
811 3567 954 3620 οὕτω
986 3567 1214 3636 λέγοντα
1245 3565 1364 3637 μεθ’
1410 3565 1574 3638 ἕτερά
1623 3579 1780 3617 τινα·

200 3655 267 3708 '0
308 3655 489 3709 τοίνυν
514 3656 645 3721 Υἱὸς
669 3659 942 3722 οὐσιωδῶς
986 3659 1373 3730 περιεχόμενος
1407 3656 1510 3711 ὑπὸ
1543 3656 1637 3710 τοῦ
1671 3657 1784 3709 Πα-

189 3748 344 3818 τρὸς,
373 3750 464 3804 τὸν
502 3751 723 3824 Πατέρα
749 3752 805 3804 ἐν
835 3751 1014 3823 ἐαυτῷ
1039 3751 1258 3822 ἔχει,τά
1291 3755 1511 3825 ῥήματα
1551 3755 1784 3827 φθεγγό-

195 3856 360 3910 μενον
405 3843 500 3896 καὶ
530 3843 597 3896 τὰ
635 3846 837 3913 σημεῖα
879 3842 1231 3898 ἐπιτελοῦντα
1254 3861 1268 3875 ·
1301 3845 1437 3918 ὅπερ
1469 3847 1781 3919 ἐρμηνεύει,

191 3932 371 4000 λέγων
399 3951 412 3964 ο
454 3953 473 3986 ι
517 3937 584 3989 "A
614 3935 725 4004 ἐγὼ
771 3934 916 3988 λαλῶ
949 3935 1098 4006 ὑμῖν,
1135 3936 1229 3990 ἀπ’
1253 3939 1495 4008 ἐμαυτοῦ
1523 3940 1585 3994 οὐ
1617 3941 1784 4006 λαλῶ,

191 4027 224 4080 ὁ
258 4027 317 4080 δὲ
369 4029 559 4099 Πατὴρ
609 4031 666 4084 ἐν
694 4029 818 4100 ἐμοὶ
847 4029 1028 4099 μένων
1056 4032 1203 4083 ποιεῖ
1242 4031 1312 4084 τὰ
1356 4030 1494 4102 ἔργα
1530 4033 1710 4098 αὐτὸς.
1761 4053 1780 4087 ι

191 4119 368 4175 Ταυτὶ
399 4122 498 4192 τῆς
536 4123 749 4177 ἐκείνου
785 4121 1076 4194 τερθρείας
1108 4122 1176 4176 τὰ
1214 4125 1438 4196 ῥήματα
1459 4141 1472 4154 ·
1505 4126 1694 4195 ἐπειδὴ
1728 4126 1787 4190 δέ

192 4213 303 4285 χρὴ
337 4215 434 4269 καὶ
462 4217 610 4287 ἡμᾶς
637 4216 814 4269 εἰπεῖν
845 4214 906 4268 τὸ
930 4218 1044 4280 τοῖς
1076 4215 1390 4286 εἰρημένοις
1409 4217 1784 4284 ἀντιστᾳτοῦν,

193 4305 294 4359 καὶ⁹
340 4305 598 4377 ἀδόκιμον
643 4305 772 4359 ὄντα
817 4306 909 4360 τὸν
953 4305 1078 4360 νοῦν
1123 4307 1422 4378 διελέγχειν
1467 4309 1784 4380 δυνάμενον,

194 4396 378 4450 ἐκεῖνό
414 4413 556 4467 φημι
581 4412 596 4426 ο
635 4397 709 4450 Τὸ
737 4397 837 4468 μὲν
888 4392 982 4452 οὗν
1015 4398 1288 4464 ούσιωδῶς
1323 4401 1676 4473 περιέχεσθαι
1702 4404 1788 4457 λέ-

193 4505 317 4557 γειν
340 4489 434 4542 τὸν
453 4489 581 4543 Υίὸν
611 4490 718 4544 ὑπὸ
749 4489 844 4544 τοῦ
873 4490 1105 4562 Πατρὸς,
1134 4491 1163 4545 ὅ
1192 4491 1389 4546 τίποτε
1416 4493 1526 4565 ἄρα
1553 4494 1722 4562 ἐστὶν,
1751 4495 1786 4567 ἢ

195 4580 249 4634 τί
272 4581 386 4652 ἄρα
433 4579 605 4650 δηλοῖ,
633 4581 694 4633 ού
728 4580 936 4653 σφόδρα
971 4582 1194 4654 συνίημι
1216 4599 1228 4612 ’
1261 4584 1457 4654 χρῆναι
1490 4585 1598 4656 γὰρ
1635 4581 1788 4656 οἴμαι

194 4672 257 4726 τὸ
305 4672 508 4743 ἀληθὲς
566 4676 742 4728 είπείν
790 4693 804 4708 ο
839 4675 1108 4746 τοσαύτην
1179 4675 1292 4746 ἔχει
1351 4676 1448 4747 τὴν
1493 4678 1786 4746 ἀσάφειαν.

1887 3478 2018 3544 her;
2064 3493 2305 3548 cumque
2345 3478 2454 3534 loci
2487 3475 2758 3548 propositi
2785 3487 3011 3530 sensum
3062 3473 3467 3540 perscrutarcr,

1887 3569 2068 3622 inveni
2105 3577 2232 3639 post
2265 3568 2375 3622 alia
2403 3568 2655 3638 quaedam
2684 3567 2762 3621 ita
2799 3565 3068 3635 scriptum
3105 3561 3172 3615 ad
3204 3557 3466 3611 verbum:

1887 3658 2060 3716 Filius
2089 3675 2221 3730 ergo
2260 3659 2705 3716 substantialiter
2742 3663 3042 3712 contentus
3076 3665 3106 3705 a
3145 3649 3335 3712 Patre,
3364 3646 3468 3700 Par-

1888 3762 2024 3808 trem
2058 3753 2115 3808 in
2149 3753 2336 3824 seipso
2362 3752 2632 3819 continet,
2665 3750 2830 3807 verba
2871 3749 3190 3817 loquentem
3227 3752 3281 3798 et
3311 3741 3468 3810 signa

1887 3853 2238 3916 peragentem
2265 3862 2280 3899 :
2305 3843 2456 3916 quod
2486 3843 2888 3914 interpretatur
2912 3837 3138 3893 dicens:
3165 3852 3182 3884 ι
3215 3832 3347 3907 Qua:
3369 3844 3470 3900 ego

1887 3937 2084 4005 loquor
2108 3936 2288 4000 vobis,
2336 3950 2367 3990 a
2401 3935 2616 4006 meipso
2647 3947 2758 3988 non
2805 3931 3023 4002 loquor,
3059 3925 3152 3984 sed
3202 3924 3368 3987 Pater
3413 3922 3466 3976 in

1887 4042 1975 4082 me
2005 4043 2257 4094 manens,
2287 4028 2403 4098 ipse
2431 4027 2565 4082 facit
2592 4040 2781 4097 opera.
2821 4044 2840 4076 ›
2885 4025 3014 4078 Haec
3042 4021 3120 4076 illi
3153 4023 3467 4089 nugantur;

1887 4135 2078 4176 verum
2114 4123 2246 4192 quia
2268 4136 2498 4178 necesse
2529 4130 2614 4177 est
2641 4134 2746 4174 nos
2777 4118 2885 4173 illis
2923 4115 3208 4176 resistere,
3244 4124 3345 4164 nec
3374 4123 3466 4163 ve-

1887 4228 2010 4268 rum
2065 4226 2130 4268 ac
2163 4226 2484 4283 germanum
2533 4225 2660 4268 esse
2708 4209 2860 4265 illum
2893 4219 3118 4262 sensum
3151 4201 3467 4263 ostendere,

1889 4305 2126 4377 primum
2163 4303 2290 4360 dico
2326 4319 2435 4370 me,
2487 4310 2550 4358 ut
2581 4311 2719 4358 ‘vere
2750 4300 2970 4370 loquar,
3021 4295 3167 4350 haud
3197 4292 3337 4350 satis
3375 4306 3470 4345 ca-

1887 4412 2018 4466 pere
2049 4396 2182 4468 quid
2226 4396 2334 4454 sibi
2379 4395 2511 4452 velit
2541 4393 2690 4466 quod
2730 4393 2886 4448 aiunt
2915 4387 3192 4446 contineri
3225 4401 3256 4440 a
3308 4383 3475 4438 Patre

1888 4488 2128 4555 Filium,
2168 4498 2382 4546 tantum
2425 4490 2478 4544 in
2513 4504 2574 4546 se
2617 4484 2976 4545 obscuritatis
3023 4483 3210 4537 habet.
3257 4478 3472 4533 Erube-

1889 4584 1996 4640 scit
2024 4584 2194 4648 enim,
2221 4598 2286 4639 ac
2312 4582 2562 4639 tenebris
2583 4570 2991 4653 quodammodo
3020 4573 3329 4631 oﬁ'unditur
3352 4586 3474 4642 pro-

1889 4679 2092 4749 positio
2137 4678 2391 4733 libertate
2427 4691 2618 4732 vacua.
2669 4671 3144 4741 Quemadmodum
3179 4666 3328 4724 enim
3381 4668 3474 4732 qui

210 4764 474 4837 Ἐρυθριᾷ
498 4768 608 4840 γὰρ
643 4767 852 4840 ὥσπερ,
883 4771 977 4823 καὶ
1018 4770 1365 4824 συστέλλεται
1406 4787 1524 4833 πως
1566 4771 1704 4842 πρὸς
1729 4770 1782 4824 τὸ

1893 4774 2035 4829 male
2064 4773 2196 4844 agit,
2215 4771 2334 4827 odit
2358 4771 2562 4837 lucem,
2587 4769 2755 4842 786
2774 4783 2876 4824 nec
2902 4765 3053 4823 venit
3081 4763 3151 4818 ad
3175 4761 3378 4822 lucem,
3410 4772 3477 4809 ne

197 4857 568 4930 ἀφανέστερον
600 4861 916 4933 παρρησίαν
954 4862 1054 4916 οὐκ
1087 4861 1209 4933 ἔχον
1243 4863 1305 4915 τὸ
1343 4861 1627 4934 θεώρημα.
1661 4863 1786 4916 Ὥσ-

200 4966 303 5020 τερ
332 4949 446 5022 γὰρ
482 4951 514 5003 ὁ
555 4951 624 5006 τὰ
653 4953 835 5022 φαῦλα
861 4953 1122 5025 πράσσων
1158 4957 1308 5026 μισεί
1333 4954 1395 5008 τὸ
1425 4955 1542 5022 φῶς
1566 4957 1663 5010 καὶ
1686 4955 1790 5009 οὐκ

201 5041 422 5112 ἔρχεται
469 5043 606 5112 πρὸς
636 5045 699 5099 τὸ
722 5045 861 5116 φῶς,
895 5046 983 5100 ἵνα
1015 5047 1090 5118 μὴ
1124 5047 1380 5120 ἐλεγχθῇ,
1409 5047 1549 5101 κατά
1572 5046 1668 5118 τὴν
1693 5046 1787 5101 τοῦ

205 5134 459 5204 Σωτῆρος
484 5139 668 5209 φωνήν
687 5155 702 5168 °
725 5137 870 5193 οὕτω
891 5141 998 5204 πᾶς
1024 5140 1205 5209 λόγος,
1232 5143 1260 5195 ὁ
1295 5141 1367 5195 τὰ
1390 5141 1571 5211 φαῦλα
1590 5141 1786 5214 δηλῶν,

207 5224 290 5280 διὰ
325 5229 619 5284 σκοτεινῶν
659 5231 878 5285 ἐννοιῶν
916 5231 1170 5304 ἔρχεσθαι
1218 5233 1384 5304 φιλεῖ,
1432 5233 1525 5287 καὶ
1564 5235 1701 5306 πρὸς
1729 5235 1792 5288 τὸ

208 5320 513 5389 σαφηνείας
559 5322 659 5393 οὐχ
723 5323 842 5394 ἥξει
872 5323 1010 5394 φῶς,
1067 5324 1154 5378 ἵνα
1179 5325 1255 5395 μὴ
1285 5325 1516 5396 ἐλεγχθῇ
1549 5326 1650 5396 τῆς
1700 5328 1789 5380 ἐν·

206 5409 370 5481 ούσης
397 5411 550 5484 αὐτῷ
581 5413 970 5486 σαθρότητοςή
997 5415 1263 5471 εὐτέλεια.
1305 5417 1372 5471 Τί
1408 5412 1502 5472 οὖν
1530 5417 1638 5490 ἀρα
1675 5419 1792 5471 ἐστὶ

205 5501 266 5552 τὸ
293 5503 572 5567 οὐσιωδῶς
611 5503 963 5576 περιέχεσθαι
992 5505 1084 5558 τὸν
1107 5505 1235 5560 Υίὸν
1266 5507 1373 5562 ὑπὸ
1402 5508 1497 5564 τοῦ
1538 5508 1789 5578 Πατρός;

211 5591 356 5667 Ἰημι
383 5593 496 5669 γὰρ
527 5595 594 5667 δὴ
624 5596 691 5650 δι’
715 5597 923 5661 ἐννοίας
960 5598 1199 5670 ἀπάσης,
1233 5593 1428 5673 οἷσπερ
1456 5601 1522 5655 ἂν
1547 5601 1791 5672 δύνωμαι

276 5764 292 5793 ’³
332 5772 496 5828 Deut.
551 5787 722 5834 xxxii,
758 5773 844 5827 5:2.
949 5776 968 5806 ⁵
1004 5775 1163 5832 Joan.
1203 5793 1297 5834 ιιι.
1333 5777 1421 5831 ‘20.

1893 4865 2281 4936 redarguatur,
2307 4865 2467 4937 juxta
2501 4863 2816 4920 Servatoris
2844 4874 3034 4917 vocem
3073 4857 3134 4910 ἐ
3180 4853 3262 4909 sic
3290 4849 3476 4907 omnis

1894 4959 2072 5014 oratio
2119 4973 2242 5029 qua:
2296 4959 2439 5012 mala
2491 4957 2766 5029 designat,
2799 4969 2895 5025 per
2927 4949 3255 5007 tenebrosos
3305 4941 3474 4997 animi

1895 5060 2196 5122 conceptus
2249 5051 2330 5107 ire
2382 5051 2541 5115 solet,
2577 5065 2681 5106 nec
2726 5048 2793 5102 ad
2847 5038 3256 5115 explanationis
3290 5037 3477 5091 lucem

1898 5144 2160 5217 prodibit,
2216 5158 2286 5198 ne
2339 5141 2490 5198 illius
2533 5141 2714 5197 caries
2763 5153 2829 5192 ac
2877 5132 3135 5190 debilitas
3187 5134 3473 5217 arguatur.

1899 5216 2042 5306 Quid
2068 5253 2201 5310 ergo
2225 5245 2311 5294 est
2341 5232 2790 5294 substantialiter
2819 5224 3094 5284 contineri
3133 5237 3163 5276 a
3199 5221 3360 5274 Patre
3389 5216 3483 5270 Fi-

1899 5331 2075 5386 lium?
2115 5330 2326 5384 Cuncta
2375 5327 2522 5383 enim
2574 5317 3124 5394 perscrutarijuvat,
3175 5321 3232 5369 et
3273 5311 3479 5380 quibus

1901 5436 2122 5494 possum
2151 5419 2467 5475 rationibus
2506 5415 2785 5484 explicare
2826 5411 2974 5483 quod
3005 5409 3244 5466 obscure
3269 5406 3478 5463 dictum

1901 5520 2008 5575 est,
2036 5507 2296 5579 quodque
2330 5506 2518 5560 forsan
2547 5500 2832 5557 erubescit
2875 5514 2945 5555 ne
2997 5498 3183 5554 animo
3227 5507 3479 5564 compre-

1901 5603 2153 5664 hensum,
2192 5599 2312 5670 ejus
2361 5613 2388 5651 a
2435 5609 2544 5664 quo
2575 5592 2787 5650 editum
2811 5599 2903 5650 cst‘
2929 5589 3199 5649 insaniam
3249 5588 3476 5655 retegat.
