3992 6316
504 285 610 342 219

1498 291 1557 347 S.
1599 290 1881 346 CYRILLI
1914 288 2378 347 ALEXANDRINI
2417 295 2735 352 ARCHIEP.

3653 302 3760 356 2220

504 404 564 462 Si
593 421 724 478 ergo
756 405 1029 477 signiﬁcat
1051 405 1250 464 Filium
1283 407 1337 462 in
1367 410 1544 466 Patris
1572 411 1903 477 substantia,
1943 422 2063 466 tan-

2179 410 2514 468 itamdacmv
2535 414 2714 484 λόγοις
2737 417 2797 469 τὸ
2828 415 3086 487 ἀμυδρῶς
3115 417 3424 488 εἰρημένον,
3479 416 3574 470 καὶ
3631 419 3757 472 δυσ-

503 512 667 570 qUam
719 501 770 556 ei
825 501 1384 567 consubstantialem,
1437 504 1642 560 habere
1693 515 1750 561 et
1793 508 1845 561 in
1892 509 2075 578 seipso

503 592 720 648 Patrem
752 593 806 646 in
837 591 960 647 Filii
991 603 1190 648 natura
1237 594 1678 666 praefulgentem,
1715 614 1813 653 nos
1851 600 1899 655 ei
1940 617 2077 670 quo-

499 700 613 754 que
640 684 966 754 expositioni
1009 685 1468 755 astipulabimur:
1509 690 1652 758 quod
1684 698 1865 745 tamen
1895 693 2076 746 conti-

502 774 622 828 neri
654 773 825 828 Filius
861 775 1090 839 dicitur,
1120 790 1232 832 non
1259 777 1615 835 mediocriter
1641 780 1828 837 forsan
1860 800 1962 840 nos
2001 785 2079 840 of-

503 863 756 919 fenderit.
811 866 906 920 Sin
955 874 1140 922 autem
1181 869 1329 923 istud
1373 885 1483 925 non
1531 872 1607 926 ait
1667 877 1789 942 (nec
1817 877 1961 930 enim
2011 893 2078 931 ex

502 955 664 1010 Patre
692 958 939 1027 genitum
975 975 1099 1014 esse
1145 959 1344 1014 Filium
1379 978 1620 1032 unquam
1659 966 1934 1032 admittet,
1980 971 2077 1037 qui

502 1053 712 1098 tantam
767 1047 820 1100 in
861 1064 985 1102 eum
1037 1049 1433 1120 blasphemiam
1488 1055 1752 1122 evomuit,
1805 1057 1900 1112 sed
1953 1057 2077 1113 Filii

501 1143 758 1190 naturam
798 1140 965 1192 veluti
1002 1155 1205 1211 corpus
1252 1143 1528 1213 quoddam
1575 1146 1786 1202 (initum
1818 1165 1848 1203 a
1899 1149 2078 1206 Patris

501 1235 699 1281 natura
727 1244 849 1283 esse
875 1232 1355 1300 comprehensam,
1390 1237 1634 1308 asserit),
1659 1238 1934 1306 quomodo
1970 1255 2078 1296 non

503 1327 690 1387 aperta
725 1326 800 1372 uti
850 1321 1191 1391 blasphemia
1232 1339 1574 1395 summeque
1620 1329 1910 1385 dementiae
1959 1333 2078 1400 ple—

505 1427 612 1466 nus
631 1427 757 1466 esse
783 1415 1080 1484 arguetur?
1104 1414 1238 1469 Nam
1265 1431 1390 1469 cum
1423 1418 1585 1472 iidem
1621 1420 1726 1489 ipsi
1760 1420 1924 1474 Deum
1955 1437 2079 1477 esse

505 1503 690 1556 dicant
708 1502 928 1567 Filium,
952 1507 1317 1576 proprietates
1343 1515 1526 1564 tamen
1553 1525 1842 1581 corporum
1872 1513 1920 1567 ei
1949 1528 2080 1582 pras-

501 1603 586 1649 ter
618 1597 886 1651 rationem
917 1599 1176 1668 adiungere
1205 1608 1482 1654 conantur
1513 1617 1527 1654 :
1566 1604 1712 1671 quod
1743 1604 1887 1657 enim
1923 1621 2080 1660 men-

501 1700 633 1740 sura
681 1696 778 1741 aut
823 1688 1004 1757 spatio
1042 1698 1096 1744 et
1147 1692 1434 1746 intervallo
1481 1694 1975 1761 circumscribitur,
2006 1697 2077 1750 ita

2179 505 2504 578 ωπούμενον
2531 509 2674 579 τάχα
2712 509 2785 579 μὴ
2825 510 2919 562 καὶ
2951 509 3056 580 ἄρα
3083 509 3268 580 νοηθὲν
3299 510 3622 582 ἀποκαλύψῃ
3657 515 3759 584 τὴν

2178 598 2271 651 τοῦ
2302 600 2548 664 τεκόντος
2575 600 2704 652 αὐτὸ
2737 600 3076 654 δυσϐουλίαν.
3102 602 3164 654 Εἰ
3192 602 3290 672 μὲν
3319 597 3412 655 οὖν
3445 602 3602 655 τοῦτο
3634 602 3760 673 βού-

2177 690 2326 743 λεται
2361 689 2662 762 δηλοῦν,ὠς
2701 695 2758 746 ἐν
2781 695 2844 764 τῇ
2883 693 2975 746 τοῦ
3003 693 3216 764 Πατρὸς
3245 694 3403 766 οὐσίᾳ
3434 695 3760 766 φαινόμενος

2177 784 2206 834 6
2246 782 2372 845 Υἱὸς
2391 822 2404 844 ,
2428 782 2503 846 ὡς
2541 783 2820 854 όμοούσιος
2849 784 3028 855 αὐτῷ,
3057 785 3166 855 ἔχει
3191 786 3282 838 καὶ
3304 786 3467 848 αὐτὸς
3495 788 3553 838 ὲν
3579 788 3759 857 ἑαυτῷ

2177 873 2269 926 τὸν
2303 874 2521 944 Πατέρα
2557 877 2613 929 ὲν
2645 878 2709 946 τῇ
2737 876 2828 928 τοῦ
2860 878 3201 947 γεννήματος
3231 877 3393 945 φύσει
3425 875 3604 939 καλῶς
3641 877 3760 929 δια-

2178 967 2480 1036 λάμποντα,
2514 968 2897 1038 συναινέσομεν
2931 969 3026 1022 καὶ
3056 969 3215 1039 ἡμεῖς
3262 970 3341 1032 εἰς
3371 967 3466 1038 τὴν
3499 967 3590 1021 τοῦ
3617 968 3758 1021 θεω-

2181 1059 2246 1130 ρή
2259 1076 2424 1127 ματος
2454 1059 2680 1129 δύναμιν
2707 1076 2720 1091 ·
2746 1060 2806 1112 οὐ
2851 1060 3087 1130 μετρίως
3110 1061 3154 1113 δ’
3181 1060 3246 1113 ἂν
3291 1059 3545 1129 ἀδικῆσαι
3587 1058 3758 1130 τυχὸν

2178 1150 2238 1203 τὸ
2265 1151 2361 1220 τῆς
2380 1151 2642 1221 περιοχῆς
2675 1150 2844 1221 ὄνομα
2869 1151 3120 1221 κείμενον
3145 1151 3227 1219 ἐφ’
3252 1150 3386 1221 Υἱῷ.
3414 1151 3476 1203 El
3506 1151 3564 1204 δὲ
3596 1151 3760 1204 τοῦτο

2182 1241 2285 1310 μὲν
2309 1240 2370 1294 οὐ
2415 1259 2580 1312 φησιν
2626 1242 2709 1312 (οὐ
2736 1241 2842 1314 γὰρ
2873 1243 2936 1295 ἐκ
2962 1242 3061 1312 τῆς
3085 1240 3269 1303 οὐσίας
3290 1241 3383 1294 τοῦ
3417 1243 3628 1312 Πατρὸς
3660 1260 3755 1310 γε·

2179 1331 2469 1402 γεννῆσθαί
2525 1349 2654 1385 ποτε
2710 1334 3067 1403 παραδέξεται
3105 1334 3198 1387 τὸν
3251 1333 3379 1386 Υἱὺν
3426 1334 3454 1385 6
3501 1334 3761 1402 τοιαύτην

2180 1425 2384 1495 ὲμέσας
2440 1423 2559 1477 κατ’
2595 1423 2757 1476 αὐτοῦ
2801 1423 3129 1494 δυσφημίαν,
3174 1424 3362 1495 ὥσπερ
3405 1424 3463 1477 δέ
3507 1441 3559 1476 τι
3595 1422 3758 1494 σῶμα

2180 1515 2596 1584 πεπερασμένον
2633 1513 2732 1584 τὴν
2774 1513 2868 1566 τοῦ
2926 1512 3054 1566 Υίοῢ
3096 1514 3256 1582 φύσιν
3294 1513 3755 1584 ἐμπεριειλῆφθαι

2177 1608 2244 1677 τῇ
2281 1604 2376 1658 τοῦ
2413 1604 2624 1675 Πατρὸς
2656 1603 3089 1674 διῖσχυρίξεται),
3127 1606 3244 1669 πῶς
3277 1606 3378 1659 οὐκ
3405 1605 3471 1659 ἂν
3519 1605 3766 1673 ἀναφαν-

2179 1697 2267 1750 δὸν
2311 1696 2590 1766 δυσφήσας
2633 1694 3035 1772 [δυσφημήσας]
3069 1693 3355 1760 ἁλώσεται,
3391 1695 3486 1747 καὶ
3537 1695 3633 1765 τῆς
3679 1694 3765 1755 εἰς

503 1786 564 1830 ιιι
595 1792 626 1831 a
669 1779 942 1850 principio
965 1783 1201 1851 quodam
1247 1784 1560 1838 inchoatum
1605 1787 1806 1840 alicubi
1841 1757 2077 1851 desinat,

2190 1793 2357 1863 ἄκρον
2409 1757 2653 1864 ήκούσηξ
2696 1757 3118 1861 φρενοϐλαϐείας
3168 1757 3449 1848 ἀνάπλεως
3491 1757 3604 1850 ὥνξ
3650 1786 3766 1838 Καὶ

505 1869 696 1939 utique
737 1880 793 1927 et
831 1889 955 1929 esse
991 1874 1041 1928 in
1085 1875 1227 1940 loco,
1263 1883 1318 1929 ct
1354 1877 1676 1945 (litantitale,
1709 1886 1759 1932 et
1797 1877 1995 1943 forma,
2027 1889 2082 1934 et

504 1963 676 2034 ﬁgura
708 1967 997 2036 suscipiet.
1034 1972 1102 2021 At
1135 1970 1414 2037 quomodo
1448 1969 1554 2025 ista
1572 1986 1681 2026 non
1720 1981 1851 2028 sunt
1884 1987 2080 2043 corpo-

500 2071 620 2109 rum
650 2059 905 2128 propria?
932 2062 1208 2130 quomodo
1232 2077 1338 2116 non
1364 2063 1673 2131 nobiscum,
1692 2071 1880 2134 utpote
1905 2066 2078 2120 nostri

500 2149 722 2214 similis,
755 2151 848 2219 qui
897 2168 1064 2222 supra
1115 2169 1215 2211 nos
1245 2163 1354 2218 est,
1385 2157 1748 2212 censebitur?
1798 2165 1892 2212 aut
1941 2173 2080 2226 quo-

500 2240 667 2296 modo
711 2245 868 2298 alteri
918 2255 1187 2302 creaturae
1230 2263 1527 2318 germanus
1574 2264 1687 2305 non
1718 2251 1843 2315 erit,
1871 2251 1963 2320 qui
1995 2251 2080 2305 ni-

501 2331 617 2387 hilo
660 2335 786 2403 plus
835 2338 997 2392 l-abet
1045 2355 1208 2407 quam
1252 2341 1366 2404 illa,
1399 2350 1674 2412 quatenus
1704 2344 1964 2397 nimirum
1996 2355 2080 2398 est

500 2423 696 2480 ﬁnita?
738 2428 871 2482 Cum
905 2441 1088 2485 autem
1131 2433 1205 2485 ita
1240 2448 1298 2488 se
1333 2433 1554 2498 habeat,
1599 2444 1658 2489 ut
1687 2437 1854 2491 stulte
1885 2437 2077 2491 adver-

500 2515 634 2570 sarii
670 2517 773 2571 sibi
816 2521 1172 2587 persuadent,
1205 2537 1306 2576 cur
1334 2524 1537 2579 frustra
1581 2541 1684 2579 nos
1727 2526 2075 2580 terrebatdi-

499 2624 666 2664 cens:
711 2629 732 2662 ι
775 2609 885 2666 Vos
934 2613 1002 2668 de
1053 2613 1312 2669 deorsum
1369 2617 1527 2681 estis,
1565 2632 1666 2688 ego
1707 2633 1773 2672 ex
1816 2618 2076 2688 supernis

500 2716 659 2771 sum;
695 2721 716 2755 ι
747 2713 800 2758 et
827 2720 1019 2761 rursus
1048 2725 1060 2760 :
1093 2723 1113 2756 ε
1152 2705 1263 2762 Vos
1289 2706 1357 2762 de
1386 2709 1490 2762 hoc
1529 2707 1737 2763 mundo
1767 2710 1944 2764 estis:
1975 2723 2078 2779 ego

497 2809 609 2850 non
644 2811 765 2850 sum
799 2795 869 2851 de
897 2797 1002 2852 hoc
1035 2799 1240 2854 mundo
1276 2799 1334 2851 ‘?
1372 2819 1390 2852 ι
1433 2800 1568 2854 Nam
1615 2817 1740 2855 cum
1771 2817 1834 2857 ex
1886 2817 2080 2872 super-

500 2884 589 2940 nis
619 2885 862 2956 seipsum
900 2904 1022 2944 esse
1046 2889 1280 2954 diceret,
1309 2906 1418 2944 non
1450 2891 1773 2961 simpliciter
1799 2893 2078 2961 signiﬁca-

498 2977 595 3032 bat
619 2993 684 3033 ex
711 2980 904 3035 caelis:
939 2983 1068 3050 quid
1103 2983 1248 3036 enim
1282 2986 1658 3054 praerogativae
1699 2986 1822 3054 plus
1851 2987 2077 3042 haberet

497 3085 666 3141 quam
703 3074 878 3127 sancti
911 3074 1114 3144 angeli,
1142 3075 1418 3144 siquidem
1450 3084 1504 3132 et
1530 3093 1593 3132 ex
1644 3080 1903 3147 supernis
1950 3080 2074 3136 illos
2103 3107 2146 3167 ο

497 3178 624 3218 esse
646 3165 1040 3233 comperimus,
1067 3167 1114 3219 si
1147 3167 1360 3222 ratione
1387 3169 1491 3222 loci
1526 3168 1579 3222 id
1611 3170 1952 3240 accipiatur?
1979 3172 2075 3227 sed

499 3253 777 3320 signiﬁcat
806 3270 871 3308 ex
906 3269 1160 3325 superna,
1181 3265 1236 3311 et
1267 3274 1388 3328 qua!
1413 3274 1580 3328 supra
1606 3262 1862 3316 universa
1885 3270 2076 3318 evecta

497 3353 605 3411 est,
638 3344 948 3400 substantia
985 3348 1253 3417 genitum.
1299 3349 1588 3413 Quomodo
1635 3366 1767 3421 ergo
1813 3366 1943 3406 vere
1976 3352 2074 3406 de-

500 3453 648 3496 mum
689 3437 836 3508 loqui
869 3438 1108 3501 videtur,
1135 3441 1180 3495 si
1214 3441 1578 3510 proprietates
1615 3457 1914 3513 corporum
1951 3459 2075 3499 cum

500 3529 770 3585 creaturis
812 3529 934 3584 aliis
980 3545 1301 3586 communes
1333 3532 1518 3598 habet,
1555 3541 1610 3588 et
1653 3537 1882 3605 perinde
1911 3552 1978 3592 ac
2013 3551 2078 3592 ea

500 3637 623 3692 qua:
653 3639 685 3678 e
714 3623 888 3676 nihilo
917 3623 1186 3692 producta
1223 3635 1354 3680 sunt
1387 3626 1439 3680 in
1469 3635 1652 3681 ortum
1683 3643 1712 3681 a
1753 3628 1912 3684 Patre
1942 3645 2078 3685 con-

500 3713 750 3767 tinetur?
792 3711 1078 3783 Siquidem
1108 3723 1260 3769 extra
1295 3731 1423 3770 eum
1464 3716 1601 3770 nihil
1631 3717 1794 3787 787
1840 3733 1964 3774 esse
1993 3718 2076 3772 fa-

501 3805 760 3862 tebimur.
814 3806 880 3860 Et
937 3807 1054 3876 ipse
1116 3806 1339 3876 quidem
1399 3807 1616 3863 Psaltes
1676 3808 1897 3866 divinus
1947 3827 2076 3866 vera

499 3903 726 3957 omnino
782 3910 838 3957 et
898 3902 1158 3958 abstrusa
1212 3904 1474 3973 mysteria
1533 3904 1768 3974 loquens
1837 3906 1891 3960 in
1949 3905 2075 3976 Spi-

500 3995 635 4058 ritu,
682 3993 880 4048 Filium
918 3994 1054 4047 nulli
1089 3994 1212 4048 loco
1249 3994 1444 4050 deesse
1485 3995 1582 4060 ait,
1617 4011 1716 4066 per
1742 3997 1844 4052 hoc
1880 3999 2077 4054 testifi-

501 4102 636 4142 cans
674 4088 1060 4156 incorporeum
1088 4093 1142 4141 et
1183 4087 1734 4157 incircumscriptum
1773 4105 1901 4144 eum
1928 4107 2074 4156 esse,

499 4192 600 4233 nec
641 4178 765 4231 loco
805 4178 1219 4249 comprehendi,
1257 4186 1446 4245 utpote
1489 4178 1684 4235 Deum.
1725 4200 1743 4233 σ
1781 4182 1903 4248 Quo
1925 4186 2076 4239 enim

498 4269 591 4323 ibo
615 4285 646 4324 a
680 4268 889 4340 Spiritu
927 4271 1066 4324 tuo?
1105 4278 1161 4326 et
1193 4285 1303 4342 quo
1334 4271 1550 4327 a'facie
1583 4280 1674 4326 tua
1725 4273 1972 4346 fugiam?
2015 4275 2075 4332 Si

498 4361 800 4416 ascendero
836 4363 890 4415 in
923 4363 1145 4428 caelum,
1186 4371 1244 4416 tu
1281 4363 1394 4418 illic
1424 4379 1484 4418 es
1513 4383 1528 4430 ;
1572 4366 1619 4420 si
1649 4366 1986 4424 descendero
2019 4369 2075 4424 in

2189 1886 2343 1939 αὐτοὶ
2384 1885 2492 1957 γὰρ
2524 1885 2656 1938 Θεὸν
2696 1882 2834 1938 εἶναι
2863 1882 3112 1949 λέγοντες
3144 1878 3234 1933 τὸν
3276 1879 3423 1941 Υἱὸν,
3463 1879 3530 1931 τὰ
3575 1881 3764 1948 σωμά-

2186 1995 2292 2031 των
2312 1978 2419 2031 ίδια
2449 1977 2784 2048 προσάπτειν
2835 1973 2982 2042 αὐτῷ
3030 1969 3358 2041 παραλόγως
3390 1969 3724 2040 ἐπιχειροῦσι
3744 1984 3762 1998 ⁶

2185 2067 2246 2120 τὸ
2274 2066 2381 2136 γὰρ
2409 2067 2544 2128 ὅλως
2580 2062 2921 2136 περιορισμῷ
2954 2079 3061 2115 τινι
3093 2062 3185 2115 καὶ
3216 2060 3400 2131 μέτρῳ
3431 2059 3764 2130 περισχοινί-

2187 2158 2374 2222 ζεσθαι
2400 2155 2477 2229 τῷ
2503 2156 2778 2226 νοουμένῳ
2806 2156 2945 2208 κατά
2975 2155 3274 2215 διάστασιν,
3297 2153 3371 2217 ὡς
3413 2153 3504 2206 καὶ
3537 2152 3644 2206 ἀπό
3671 2169 3762 2204 τι-

2186 2267 2275 2312 νος
2296 2249 2472 2320 ἀρχῆς
2495 2248 2828 2318 καταλήγειν
2871 2248 2950 2308 εἰς
2982 2245 3173 2315 πέρας,
3215 2246 3432 2306 πάντως
3458 2243 3766 2308 ὲπιδὲξαιτο

2185 2341 2278 2393 καὶ
2305 2341 2365 2393 τὸ
2394 2335 2532 2392 εἶναι
2559 2337 2718 2408 τυχὸν
2756 2339 2814 2390 ὲν
2841 2336 3009 2406 τόπῳ,
3035 2336 3128 2388 καὶ
3156 2333 3327 2404 ποσῷ,
3362 2335 3455 2386 καὶ
3483 2333 3630 2395 είδει,
3666 2335 3768 2387 καὶ

2186 2429 2585 2504 σχήματι.Εἶτα
2615 2431 2730 2495 πῶς
2745 2433 2806 2484 οὐ
2837 2429 3103 2500 σωμάτων
3127 2428 3235 2482 ἴδια
3261 2427 3418 2481 ταυτί
3439 2445 3452 2494 ;
3472 2427 3590 2489 πῶς
3619 2427 3680 2481 δὲ
3696 2429 3765 2480 οὐ

2187 2523 2305 2593 μεθ’
2343 2524 2522 2594 ἡμῶν,
2557 2523 2631 2585 ὡς
2657 2522 2780 2576 καθ’
2814 2523 3024 2591 ήμᾶς,ὁ
3054 2519 3354 2590 ὑπὲρήμᾶς
3386 2519 3712 2588 νοηθήσεται
3747 2534 3768 2582 ;

2182 2614 2215 2684 ἢ
2251 2613 2367 2678 πῶς
2425 2616 2524 2667 οὐκ
2558 2613 2786 2682 ἀδελφὸς
2817 2615 2882 2682 τῇ
2935 2612 3099 2680 ἑτέρᾳ
3137 2610 3312 2664 κτίσει
3341 2649 3355 2675 ,
3390 2607 3578 2662 λοιπὸν
3611 2608 3768 2661 οὐδὲν

2182 2707 2321 2778 ἔχων
2361 2707 2491 2777 παρ’
2526 2706 2696 2776 αὐτὴν
2739 2705 2802 2758 τὸ
2836 2704 3020 2768 πλέον,
3070 2705 3194 2756 ὅσον
3229 2697 3365 2774 ἧκεν
3395 2701 3567 2754 εἰπεῖν
3595 2701 3674 2762 είς
3699 2699 3769 2752 τὸ

2182 2791 2321 2850 εἶναι
2374 2793 2832 2868 πεπερασμένως;
2862 2794 3043 2864 Ἔχων
3089 2791 3146 2845 δὲ
3191 2790 3335 2844 οὕτω
3382 2790 3525 2844 κατά
3562 2807 3626 2859 γε
3665 2788 3770 2862 τὴν

2181 2886 2370 2957 ἀμαθῆ
2403 2886 2512 2939 τῶν
2561 2886 2627 2938 δι’
2659 2885 2906 2949 ἐναντίας
2962 2883 3235 2948 ὑπόνοιαν,
3281 2883 3334 2936 τί
3384 2883 3562 2954 μάτην
3613 2884 3770 2954 ἡμᾶς

2183 2979 2550 3052 προσεκτύπει
2608 2977 2781 3047 λέγων
2807 2995 2821 3010 ο
2853 2997 2872 3030 ε
2929 2977 3117 3048 Ὑμεῖς
3157 2977 3223 3030 ὲκ
3253 2975 3363 3030 τῶν
3411 2975 3563 3029 κάτω
3611 2975 3764 3042 ἐστὶ,

2182 3075 2293 3145 ἐγὼ
2321 3077 2385 3128 ὲκ
2423 3074 2528 3128 τῶν
2563 3073 2675 3128 ἀνω
2708 3072 2855 3143 εἱμὶ;
2900 3091 2919 3124 ι
2953 3073 3064 3125 Καὶ
3091 3071 3276 3124 πάλιν·
3311 3088 3330 3121 ‹
3351 3070 3540 3141 Ὑμεῖς
3570 3071 3633 3122 ὲκ
3666 3068 3767 3124 τοῦ

2179 3169 2384 3239 κόσμου
2433 3165 2622 3220 τούτου
2656 3165 2780 3219 ὲστέ
2813 3182 2827 3196 ο
2867 3163 2978 3233 ἐγὼ
3023 3164 3121 3217 οὐκ
3153 3162 3269 3234 εἰμὶ
3301 3164 3366 3216 ὲκ
3403 3163 3498 3215 τοῦ
3553 3163 3768 3232 κόσμου

2178 3261 2385 3316 τούτου.
2439 3280 2458 3313 ι
2525 3259 2766 3314 Ἀνωθεν
2828 3259 2938 3330 γὰρ
2991 3257 3183 3311 ἑαυτὸν
3233 3250 3374 3310 εἶναι
3421 3255 3630 3325 λέγων,
3661 3254 3767 3326 οὐχ

2180 3355 2366 3418 ἀπλῶς
2407 3354 2594 3424 ἐδήλου
2653 3351 2714 3405 τὸ
2750 3351 2811 3416 ἐξ
2843 3350 3126 3423 οὐρανῶν·
3166 3351 3217 3404 τί
3268 3349 3379 3421 γὰρ
3427 3347 3493 3402 ἂν
3546 3346 3658 3417 ἔχοι
3697 3345 3765 3398 τὸ

2179 3448 2362 3502 πλεῖον
2413 3447 2565 3518 παρὰ
2611 3448 2738 3510 τοὺς
2787 3444 2978 3513 ἁγίους
3027 3442 3312 3513 ἀγγέλους,
3345 3441 3503 3512 εἴπερ
3551 3436 3766 3493 ἀνωθεν

2178 3540 2467 3603 κάκείνους
2520 3538 2677 3601 ὄντας
2730 3536 3073 3608 εὑρήσομεν,
3107 3533 3349 3597 τοπικῶς
3395 3529 3764 3600 ὲκληφθέντος

2177 3631 2270 3685 τοῦ
2303 3628 2704 3701 σημαινομένου
2732 3642 2748 3691 ;
2791 3627 3046 3698 σημαίνει
3084 3624 3140 3676 δὲ
3179 3625 3260 3678 ὃτι
3295 3623 3396 3694 τῆς
3428 3621 3636 3677 ἀνωθεν
3665 3619 3766 3671 καὶ

2176 3725 2276 3794 τῆς
2326 3725 2438 3786 τοῖς
2467 3721 2606 3783 ὅλοις
2637 3716 3010 3788 ὲποχουμένης
3059 3714 3250 3776 οὐσίας
3273 3713 3456 3781 ἐξέφυ.
3487 3710 3614 3774 Πῶς
3667 3704 3768 3763 οὖν

2179 3815 2383 3886 ἀληθὴς
2406 3810 2762 3880 ἀναφαίνεται
2787 3807 2994 3871 λοιπὸν,
3015 3807 3062 3859 εἰ
3088 3805 3241 3858 κοινὰ
3274 3803 3411 3873 πρὸς
3441 3801 3542 3873 τὴν
3567 3801 3768 3872 ἑτέραν

2178 3908 2290 3978 ἔχει
2331 3905 2507 3960 κτίσιν
2541 3902 2610 3956 τὰ
2661 3900 2930 3971 σωμάτων
2961 3898 3091 3963 ἴδια,
3122 3897 3218 3951 καὶ
3239 3895 3374 3967 ὁμοῦ
3403 3897 3516 3957 τοῖς
3552 3894 3613 3958 ἐξ
3663 3894 3770 3947 οὐκ

2176 4000 2344 4052 ὄντων
2379 3998 2458 4060 εἰς
2481 3995 2543 4048 τὸ
2583 3993 2721 4048 εἶναι
2757 3990 3139 4064 παρενεχθεῖσι
3179 3986 3568 4060 περιεχόμενός
3611 3986 3768 4037 ἐστιν

2178 4093 2284 4148 ὐπὸ
2326 4091 2422 4145 τοῦ
2461 4087 2711 4158 Πατρός;
2750 4086 2908 4155 εῐπερ
2947 4083 3101 4137 οὐδὲν
3135 4079 3241 4146 ἔξω
3266 4080 3482 4134 κεῖσθαι
3512 4077 3764 4146 δώσομεν

2176 4184 2364 4241 αὐτοῦ.
2393 4182 2506 4238 Καὶ
2534 4183 2563 4236 6
2612 4180 2711 4252 μὲν
2769 4177 3056 4239 θεσπέσιος
3105 4172 3395 4244 Μελῳόὺς,
3427 4169 3599 4241 ἀληθῆ
3653 4186 3762 4231 που

2176 4276 2397 4339 πάντως
2430 4273 2524 4328 καὶ
2573 4269 2934 4342 κεκρυμμένα
2977 4266 3251 4338 μυστήρια
3278 4262 3455 4316 λαλῶν
3485 4263 3542 4315 ὲν
3584 4261 3761 4314 Πνεῦ-

2181 4382 2332 4436 ματι,
2359 4361 2574 4425 οὐδενὸς
2609 4359 2708 4430 μὲν
2761 4355 3040 4420 παντελῶς
3087 4351 3558 4424 ἀπολιμπάνεσθαι
3589 4351 3762 4404 τόπου

498 4453 797 4515 infernum,
825 4454 989 4520 ades;
1017 4455 1063 4508 si
1088 4470 1376 4524 sumpsero
1399 4471 1608 4526 pennas
1632 4475 1782 4515 meas
1806 4461 2068 4526 diluculo,

2179 4457 2308 4526 φησὶ
2324 4456 2416 4509 τὸν
2433 4453 2578 4516 Υιὺν,
2595 4450 2658 4503 τὸ
2685 4447 2975 4519 ἀσώματόν
2997 4463 3057 4499 τε
3076 4446 3172 4500 καὶ
3196 4445 3577 4517 ἀπεριόριστον
3609 4441 3762 4514 αὐτῷ

495 4552 552 4599 et
593 4544 912 4599 habitavere
937 4545 990 4597 in
1013 4544 1276 4601 extremis
1314 4547 1516 4602 maris:
1542 4564 1667 4603 nam
1696 4556 1750 4604 et
1773 4550 1847 4605 ibi
1875 4566 2078 4609 manus

501 4647 592 4690 tua
621 4635 858 4690 deducet
890 4650 998 4699 me,
1029 4643 1084 4691 et
1107 4637 1312 4693 tenebit
1351 4653 1437 4693 me
1470 4637 1697 4695 dextera
1729 4647 1822 4695 tua
1846 4640 1891 4696 ".
1936 4659 1955 4693 ι
2006 4641 2076 4696 Hi

499 4737 680 4786 autem
715 4729 962 4801 proiecta
995 4729 1229 4785 audacia
1257 4745 1418 4787 suam
1458 4734 1790 4790 sententiam
1835 4733 2076 4805 Spiritus

497 4823 734 4879 vocibus
770 4831 1128 4894 opponentes,
1167 4824 1516 4897 Unigenitum
1543 4828 1665 4884 loco
1690 4828 2075 4884 circumscribi

498 4932 563 4971 ac
595 4915 887 4970 terminari
929 4916 1140 4983 volunt,
1186 4933 1312 4974 cum
1351 4919 1478 4975 hinc
1513 4921 1697 4990 potius
1755 4922 2078 4976 necessario

495 5021 682 5061 secum
721 5017 978 5077 reputare
1010 5006 1298 5076 deberent,
1337 5010 1485 5080 quod
1519 5011 1571 5065 si
1609 5013 1780 5066 caelos
1821 5021 1876 5067 et
1916 5019 2077 5068 terrae

493 5105 740 5152 extrema
787 5098 1018 5169 repleat,
1048 5099 1155 5155 hoc
1199 5111 1284 5156 est
1313 5101 1546 5167 inferos,
1587 5104 1682 5171 qui
1727 5118 1836 5157 non
1873 5103 2073 5158 absur-

493 5191 784 5246 dissimum
811 5193 884 5247 sit
908 5193 1424 5262 comprehensionis
1453 5209 1651 5250 nornen
1697 5194 1747 5248 ei
1795 5193 2072 5266 attingere,

493 5297 618 5336 cum
651 5299 826 5353 neque
856 5285 998 5354 apud
1023 5301 1083 5341 se
1114 5287 1380 5356 cogitent,
1411 5283 1563 5353 quod
1614 5285 1662 5339 si
1701 5284 1871 5341 facies
1924 5288 2070 5357 ejus,

494 5372 548 5428 id
574 5383 661 5429 est
692 5373 931 5445 Spiritus
961 5377 1179 5447 (faciem
1231 5377 1438 5447 quippe
1473 5375 1597 5430 Filii
1645 5376 1914 5447 Spiritum
1969 5398 2067 5437 vo-

493 5465 628 5532 cat),
671 5464 858 5534 implet
903 5469 1130 5531 omnia,
1179 5466 1454 5537 quomodo
1511 5467 1627 5536 ipse
1673 5469 2068 5541 continebitur,

495 5553 622 5611 licet
657 5570 690 5610 a
730 5555 842 5612 Deo
887 5567 941 5612 et
977 5557 1138 5613 Patre
1175 5559 1448 5613 contineri
1481 5559 1745 5615 dicatur?
1774 5561 1886 5620 Nec
1923 5569 2068 5624 enim

569 5731 588 5759 ‘
645 5733 804 5789 Joau.
843 5748 978 5789 vln.
1024 5735 1113 5790 25.
1188 5737 1206 5764 ⁷
1237 5733 1668 5806 l’sal.cxxxvm,
1707 5743 1850 5799 7-10.
1941 5774 1946 5777 -

2177 4549 2265 4603 διά
2311 4546 2501 4601 τούτου
2555 4540 3016 4614 προσμαρτυρῶν,
3051 4539 3148 4592 καὶ
3193 4539 3275 4592 ὅτι
3307 4538 3382 4608 μὴ
3426 4536 3574 4607 τόπῳ
3602 4552 3760 4606 περι-

2177 4640 2398 4712 ληπτὺς,
2438 4638 2514 4700 ὼς
2569 4635 2724 4700 Θεός.
2765 4653 2786 4686 ι
2817 4633 2928 4689 Ποῦ
2973 4631 3083 4703 γὰρ
3124 4629 3400 4704 πορευθῶ,
3431 4628 3616 4699 φησὶν,
3647 4627 3762 4682 ἀπὸ

2177 4734 2270 4786 τοῦ
2295 4729 2616 4800 Πνεύματός
2650 4743 2768 4793 aeu;
2793 4725 2888 4780 καὶ
2931 4723 3040 4778 ἀπὸ
3067 4722 3164 4776 τοῦ
3193 4718 3490 4794 προσώπου
3521 4735 3617 4793 σου
3650 4715 3757 4771 ποῦ

2179 4826 2374 4896 φύγω;
2422 4823 2548 4876 Ἐὰν
2579 4819 2768 4874 ἀναϐῶ
2805 4819 2886 4879 εἰς
2913 4816 3002 4870 τὸν
3043 4813 3292 4884 οὐρανὸν,
3319 4812 3383 4864 σύ
3415 4807 3469 4864 εἷ
3497 4811 3635 4874 ἐκεῖ,
3661 4809 3758 4863 ἐὰν

2179 4915 2402 4970 καταϐῶ
2418 4916 2500 4978 εἰς
2525 4912 2617 4967 τὸν
2643 4911 2798 4982 ᾅδην,
2813 4908 3011 4978 πάρει’
3033 4907 3126 4960 ἐὰν
3150 4903 3406 4959 ἀναλάϐω
3428 4901 3528 4965 τὰς
3555 4900 3758 4972 πτέρυ-

2176 5011 2280 5078 γάς
2321 5025 2424 5080 μου
2468 5007 2590 5060 κατ’
2621 5003 2842 5075 ὀρθρον,
2871 5000 2965 5052 καὶ
3011 4994 3262 5069 πορευθῶ
3310 4997 3392 5057 εἰς
3443 4991 3514 5046 τὰ
3555 4992 3756 5062 ἔσχατα

2175 5103 2274 5174 τῆς
2306 5099 2602 5169 θαλάσσης,
2627 5095 2722 5150 καί
2753 5094 2862 5164 γὰρ
2885 5093 3001 5145 ἐκεῖ
3031 5090 3063 5160 ἡ
3098 5089 3221 5161 χείρ
3249 5104 3341 5140 σου
3364 5086 3626 5157 ὁδηγήσει
3667 5102 3754 5155 με,

2177 5194 2271 5248 καὶ
2321 5192 2538 5256 καθέξει
2595 5205 2661 5260 με
2707 5189 2742 5259 ή
2798 5184 2950 5252 δεξιά
2995 5198 3112 5236 σου.
3155 5200 3173 5234 ι
3224 5177 3641 5249 Ῥιψοκινδύνως
3704 5176 3756 5227 δὲ

2176 5283 2343 5351 οὗτοι,
2383 5289 2477 5340 καὶ
2520 5285 2641 5346 ταῖς
2679 5281 2772 5335 τοῦ
2807 5279 3122 5349 Πνεύματος
3157 5277 3361 5345 φωναῖς
3413 5273 3512 5342 τὴν
3547 5268 3750 5324 ὲαυτῶ.

2179 5380 2562 5447 ἀντεξάγοντες
2590 5372 2838 5442 γνώμην,
2866 5366 3077 5451 ὁρισμῴ
3106 5367 3198 5420 καὶ
3228 5361 3598 5451 περιγραφαῖς
3625 5359 3756 5412 ὐπο-

2181 5471 2438 5528 6άλλουσι
2472 5467 2562 5520 τὸν
2593 5461 2898 5532 Μονογενῆ.
2932 5459 3111 5514 καίτοι
3145 5455 3408 5524 λογισμὸν
3448 5450 3754 5521 ὀφείλοντες

2181 5565 2272 5618 ἐπὶ
2299 5561 2472 5630 τούτῳ
2499 5557 2681 5612 λαϐεῖν
2711 5553 3004 5624 ἀναγκαῖόν
3036 5569 3094 5605 τε
3122 5550 3215 5605 καὶ
3239 5549 3528 5621 χρήσιμον.
3561 5542 3627 5598 El
3649 5538 3754 5612 γὰρ

2277 5828 2308 5847 η
