3992 6316
134 310 318 369 221⁸

1238 317 1304 373 ΙΝ
1332 316 1620 375 JOANNIS
1655 316 2109 380 EVANGELIUM
2142 325 2274 379 LlB.
2312 325 2406 381 IX.

3296 329 3409 390 222

140 428 473 501 πεπλήρωκε
522 428 622 501 μὲν
662 431 943 501 οὐρανοὺς,
974 431 1068 485 καὶ
1106 430 1175 485 τὰ
1223 432 1426 503 ισχατα
1470 432 1570 502 τῆς
1597 431 1716 502 γῆς,

1828 434 2014 494 minus
2037 438 2144 494 erit
2173 436 2509 494 incommodi
2536 436 2585 493 si
2613 436 2760 493 dicat
2800 438 3182 497 circumscribi
3219 444 3407 499 incor-

142 519 276 576 τοῦτ’
311 518 454 585 ἐστι,
489 520 560 574 τὰ
586 522 669 585 είς
702 522 793 575 τὸν
811 521 946 594 ᾅδην
965 540 979 554 ·
1000 522 1120 588 πῶς
1152 525 1218 580 οὐ
1248 525 1456 596 σφόδρα
1478 525 1722 597 παραλο-

138 610 373 682 γώτατον
398 611 465 664 τὸ
504 615 769 685 περιοχῆς
800 613 974 684 ὄνομα
1013 614 1351 685 προσάπτειν
1388 614 1559 686 αὐτῷ,
1587 614 1723 684 μηδὲ

139 707 307 760 ἐκεῖνο
338 704 758 777 λογισαμένους,
781 707 862 761 ὃτι
885 708 934 761 εί
957 707 1020 761 τὸ
1051 709 1343 779 πρόσωπον
1363 707 1552 772 αὑτοῦ,
1577 707 1724 763 τοῦτ’

141 798 272 864 εστι,
306 798 367 853 τὺ
402 796 634 870 Πνεῦμα
678 799 993 871 (πρόσωπον
1020 801 1130 872 γὰρ
1175 801 1269 855 τοῦ
1308 800 1440 855 Υἱοῦ
1474 799 1631 856 καλεῖ
1659 801 1723 855 τὸ

141 890 381 962 Πνεῦμα)
414 891 484 944 τά
533 891 716 947 πάντα
757 893 977 965 πληροῖ,
1005 893 1124 958 πῶς
1156 894 1222 947 ἂν
1271 893 1435 956 αὐτὸς
1468 894 1600 947 εῐσω
1627 893 1722 961 γέ-

144 1000 279 1038 νοιτο
314 984 603 1054 περιοχῆς,
630 983 734 1038 κᾶν
765 984 920 1057 λέγῃ,
952 986 1035 1039 ὃτι
1065 984 1324 1056 περιοχῆς
1342 986 1438 1037 τοῦ
1465 983 1602 1039 Θεοῦ
1628 985 1723 1038 καὶ

146 1075 381 1147 Πατρός
428 1076 572 1129 Ἀλλ’
611 1077 764 1131 οὐδὲν
825 1072 987 1150 ἦττον
1040 1077 1218 1149 ὑϐριεί
1271 1077 1614 1149 περιγράψας
1661 1076 1724 1130 τὺ

145 1166 444 1238 ἀσώματον,
475 1168 574 1222 καὶ
611 1172 796 1241 μέτρῳ
848 1169 1149 1241 περιτιθεὶς
1181 1169 1241 1222 τὸ
1272 1170 1372 1223 οὐκ
1402 1168 1461 1222 ὃν
1490 1186 1724 1241 πεπεραο

149 1257 367 1329 σμένως.
393 1257 469 1310 Τὸ
522 1256 631 1329 γὰρ
663 1258 935 1322 οὑσιωδῶς
961 1256 1124 1312 αὐτὸν
1152 1257 1505 1328 περιέχεσθαι
1539 1258 1720 1327 λέγειν

146 1347 240 1403 ὑπὸ
275 1347 369 1402 τοῦ
399 1348 541 1401 Θεοῦ
574 1350 668 1402 καὶ
704 1350 937 1422 Πατρὸς,
964 1349 1018 1403 τί
1065 1349 1250 1419 ἕτερόν
1278 1351 1393 1403 ὲστι
1436 1349 1664 1419 δηλοῦν,
1684 1350 1718 1419 ἢ

144 1442 216 1495 ὅτι
259 1442 688 1513 πεπερασμένην
722 1441 834 1513 ἔχει
877 1442 975 1512 τὴν
1003 1442 1217 1506 οὐσίαν,
1243 1440 1433 1512 ὥσπερ
1457 1437 1551 1495 οὖν
1580 1441 1720 1512 ἁμέ-

144 1532 217 1587 λει
242 1532 332 1587 καὶ
361 1532 419 1586 ἓν
450 1533 687 1589 ἕκαστον
712 1535 820 1588 τῶν
851 1537 980 1607 παρ’
1015 1535 1180 1590 αὑτοῦ
1211 1536 1531 1606 γεγονότων,
1558 1533 1594 1588 ἃ
1626 1534 1722 1588 καὶ

146 1625 427 1689 ἀκινδύνως
465 1644 537 1680 τε.
562 1631 653 1682 καὶ
684 1628 902 1699 ἀληθῶς
930 1630 1282 1701 περιέχεσθαι
1309 1629 1573 1700 δώσομεν.
1606 1626 1721 1680 Σώ-

149 1732 278 1787 ματα
303 1716 434 1787 γὰρ,
466 1719 521 1772 εἰ
569 1718 659 1771 καλ
695 1718 769 1788 μὴ
797 1719 1025 1774 τοιαῦτα
1055 1719 1239 1790 τυχὸν,
1269 1722 1428 1774 ὁποῖα
1469 1719 1537 1773 τὰ
1578 1718 1718 1789 ἠμέ-

1829 542 2081 598 poreum,
2103 540 2156 586 et
2178 545 2451 586 mensuras
2476 530 2737 600 subjiciat
2771 531 2918 601 quod
2951 542 3105 587 caret
3136 536 3400 590 termino.

1828 618 2021 676 Dicere
2053 622 2198 679 enim
2234 622 2678 678 substantialiter
2708 621 2887 691 ipsum
2921 638 2951 677 a
3000 623 3109 679 Deo
3139 633 3195 679 et
3245 622 3411 681 Patre

1826 713 2121 781 contineri,
2160 714 2294 785 quid
2339 715 2444 770 sibi
2487 715 2602 768 vult
2636 713 2807 781 aliud,
2838 730 3002 785 quam
3050 716 3403 772 terminatam

1827 806 2030 862 habere
2074 807 2461 869 substantiam,
2509 822 2620 861 non
2669 822 2832 864 secus
2864 824 2929 864 ac
2970 809 3406 880 unumquodque

1823 909 2016 950 eorum
2066 911 2188 965 quae
2228 895 2373 951 facta
2423 903 2552 952 sunt
2582 896 2651 950 ab
2697 898 2837 966 ipso,
2882 913 3003 968 quae
3034 907 3153 953 tuto
3180 913 3246 952 ac
3276 913 3405 953 vere

1824 988 2095 1042 contineri
2129 986 2464 1042 fatebimur?
2496 989 2742 1058 Corpora
2771 989 2917 1043 enim
2948 998 3099 1051 sunt,
3134 990 3260 1044 licet
3291 1005 3401 1045 non

1824 1078 1953 1132 talia
1992 1077 2176 1134 forsan
2207 1079 2390 1148 qualia
2440 1088 2631 1133 nostra
2676 1087 2826 1133 sunt.
2862 1077 2971 1133 Sed
3001 1086 3054 1134 et
3094 1081 3231 1135 illud
3267 1080 3403 1134 mihi

1825 1178 2090 1239 praeterea
2121 1168 2289 1224 subit.
2327 1168 2483 1235 Quod
2526 1170 2572 1225 si
2615 1184 2843 1224 necesse
2869 1170 3123 1226 dicamus
3161 1181 3223 1225 ut
3254 1169 3404 1240 quod

1825 1259 1894 1315 ab
1930 1260 2115 1329 aliquo
2139 1259 2475 1322 continetur,
2508 1261 2734 1315 omnino
2765 1262 2911 1316 intra
2943 1261 3077 1315 illud
3111 1262 3184 1316 sit
3226 1277 3258 1316 a
3293 1276 3404 1332 quo

1822 1348 2095 1404 contineri
2123 1349 2347 1415 dicitur,
2380 1352 2659 1420 quomodo
2684 1366 2792 1405 non
2819 1350 3115 1407 manifeste
3138 1361 3405 1421 sequetur

1823 1447 1885 1496 ut
1910 1442 2203 1498 continens
2234 1440 2418 1498 minus
2437 1458 2561 1498 esse
2593 1450 2857 1498 contento
2885 1451 3161 1513 putemus,
3189 1445 3403 1516 ipsum-

1822 1548 1928 1603 que
1967 1534 2317 1588 terminatum
2370 1550 2495 1589 esse
2545 1535 2771 1605 majoris
2805 1535 3213 1604 quodammodo
3245 1552 3403 1590 cont-

1822 1623 2074 1692 plexione
2101 1623 2389 1679 dicamus?
2411 1622 2552 1689 Quid
2583 1640 2716 1694 ergo
2744 1640 2939 1680 rursus
2968 1626 3146 1690 dices,
3180 1641 3214 1681 o
3236 1626 3404 1681 boue?

1823 1712 1963 1768 Ecce
1989 1713 2159 1778 enim,
2191 1730 2321 1770 cum
2371 1730 2431 1770 se
2478 1713 2572 1771 Dei
2620 1731 2684 1770 ac
2716 1715 2898 1771 Patris
2922 1717 3182 1772 exhibeat
3206 1718 3404 1787 imagi-

145 1826 281 1883 τερα.
315 1811 540 1864 Ἐπεισι
567 1810 625 1864 δέ
677 1828 767 1882 μοι
794 1814 1016 1866 κάκεῖνο
1068 1815 1206 1885 πρὸς
1249 1814 1460 1876 τούτοις
1493 1813 1715 1866 ἐννοεῖν.

1823 1823 1964 1875 nem,
1990 1817 2044 1864 et
2078 1820 2266 1879 aperte
2296 1809 2445 1865 dicat
2476 1828 2488 1862 :
2529 1830 2547 1863 ι
2577 1810 2682 1877 Qui
2716 1811 2869 1866 videt
2902 1826 3007 1876 me,
3045 1812 3193 1867 videt
3220 1819 3274 1866 et
3297 1811 3401 1866 Pa-

146 1900 201 1955 Εί
243 1901 346 1972 γὰρ
394 1902 694 1970 ἀναγκαῖον
730 1897 870 1955 εἶναί
917 1921 1097 1975 φαμεν
1141 1906 1204 1957 τὸ
1254 1905 1360 1958 ὑπό
1390 1922 1483 1957 του
1523 1921 1723 1975 περιει-

146 1992 428 2064 λημμένον,
459 1992 597 2047 εἴσω
652 1993 717 2064 δὴ
776 1995 994 2049 κεῖσθαι
1045 1996 1264 2060 πάντως
1306 1995 1399 2050 τοῦ
1446 1995 1721 2067 περιέχειν

146 2082 262 2135 αὐτὸ
287 2081 605 2151 λεγομένου,
631 2081 750 2147 πῶς
777 2086 878 2138 οὐκ
920 2084 1313 2156 ἀναμφιλόγως
1357 2083 1547 2153 ἕψεται
1575 2084 1636 2137 τὸ
1661 2085 1721 2137 ἐν

145 2173 403 2229 ἐλάττοσιν
421 2169 567 2227 εἶναι
585 2177 726 2228 νοεῖν
746 2174 841 2228 τοῦ
863 2176 1207 2247 περιέχοντος
1228 2178 1287 2229 τὸ
1310 2177 1715 2248 περιεχόμενον,

146 2265 228 2317 καὶ
254 2254 675 2337 ππερατῶσθαι
707 2267 888 2338 λέγειν
921 2268 1074 2332 αὐτὸ,
1110 2269 1570 2338 κατακλειόμενον
1607 2268 1718 2322 ὤσ-

147 2373 242 2428 περ
264 2361 327 2428 τῇ
355 2358 448 2412 τοῦ
501 2359 751 2429 μείζονος
810 2364 1073 2432 «raptem;
1105 2361 1169 2414 Τί
1218 2359 1330 2421 οῦν,
1360 2355 1405 2414 ὧ
1451 2361 1713 2429 βέλτιστε,

147 2450 291 2503 πάλιν
326 2452 509 2523 ὲρεῐ;;
566 2454 698 2507 Ἰδοὺ
728 2454 838 2525 γὰρ
866 2454 1051 2507 εἰκόνα
1083 2454 1178 2507 τοῦ
1208 2454 1343 2507 Θεοῦ
1378 2455 1470 2507 καὶ
1504 2454 1717 2524 Πατρὺς

148 2543 317 2597 ἑαυτὸν
349 2544 645 2613 παραθεὶς,
681 2547 774 2601 καὶ
819 2546 1115 2620 διαρρήδην
1142 2546 1314 2600 εἰπών
1340 2563 1354 2577 ·
1392 2565 1415 2598 ι
1456 2547 1517 2601 '0
1542 2548 1718 2617 ἑωρα-

147 2633 244 2698 κὼς
267 2636 384 2705 ἐμὲ,
414 2635 634 2706 ἑώρακε
660 2637 752 2692 τὸν
783 2640 1024 2709 Πατέρα,
1046 2660 1065 2691 ι
1098 2638 1192 2693 καὶ
1225 2638 1387 2693 πάλιν
1412 2640 1715 2708 ἐπήνεγκεν

148 2722 317 2790 εὐθύς·
346 2744 365 2777 ι
415 2725 560 2794 Ἐγὼ
584 2730 643 2782 ὲν
678 2727 757 2798 τῷ
784 2729 977 2801 “arpi,
1007 2731 1102 2785 καὶ
1132 2732 1163 2784 ό
1190 2730 1381 2802 Πατὴρ
1403 2730 1460 2784 δὲ
1488 2733 1546 2784 ὲν
1592 2731 1717 2802 ἐμοί

146 2818 297 2875 ἐστιν.
334 2839 352 2871 ι
382 2821 445 2875 Ei
489 2820 600 2892 γὰρ
651 2822 812 2879 τοῦτό
861 2839 997 2892 φησι
1051 2822 1174 2877 καθ’
1206 2824 1371 2893 ὑμᾶς,
1405 2824 1487 2877 ὅτι
1520 2825 1715 2877 Καίτοι

146 2912 417 2983 χαρακτὴρ
447 2913 543 2969 καὶ
577 2913 739 2969 εἰκὼν
767 2915 1031 2985 ὑπάρχων
1061 2914 1156 2969 τοῦ
1186 2916 1595 2986 γεγεννηκότος,
1634 2917 1719 2968 οὐ-

148 2999 343 3064 σιωδῶς
385 3003 475 3054 ὑπ’
507 3002 668 3056 αὑτοῦ
723 3006 1076 3077 περιέχομαι,
1114 3004 1232 3070 πῶς
1258 3007 1356 3076 οὐχ
1380 3007 1582 3061 ἅπασιν
1622 3007 1714 3061 άν-

1823 1906 1987 1963 trem,
2022 1920 2042 1952 ι
2075 1903 2265 1956 statim
2305 1917 2505 1959 rursus
2538 1904 2862 1974 subiungit:
2902 1923 2922 1955 ι
2970 1902 3083 1973 Ego
3124 1905 3177 1957 in
3206 1902 3398 1970 Patre,

1820 1996 1875 2046 et
1913 1990 2075 2048 Pater
2111 1992 2167 2047 in
2213 2009 2299 2048 me
2344 2004 2448 2049 est.
2503 2015 2522 2046 ι
2566 1993 2701 2049 Nam
2749 1995 2819 2059 si,
2862 2003 2920 2049 ut
2941 1995 3130 2059 vultis,
3176 1996 3256 2050 ait
3302 2011 3389 2061 se,

1820 2083 2072 2151 quamvis
2125 2084 2412 2140 character
2452 2093 2505 2139 et
2546 2086 2728 2155 imago
2767 2086 2840 2140 sit
2892 2083 3097 2151 Patris,
3136 2087 3401 2140 substan—

1820 2175 2025 2231 tialiter
2070 2187 2252 2232 tamen
2297 2177 2367 2231 ab
2413 2193 2480 2232 eo
2534 2177 2831 2242 contineri,
2855 2177 3108 2247 nunquid
3171 2174 3403 2231 manife-

1820 2276 1966 2322 stum
1997 2277 2052 2324 et
2080 2270 2454 2325 indubitatum
2484 2278 2570 2326 est
2599 2270 2882 2334 omnibus,
2918 2270 3063 2325 velle
3102 2277 3163 2324 ut
3196 2270 3303 2323 alia
3334 2266 3403 2322 de

1817 2358 1980 2415 Patre
2006 2363 2191 2432 qualia
2216 2370 2270 2419 et
2304 2363 2373 2417 de
2412 2363 2535 2433 ipso
2563 2362 2918 2418 sentiamus?
2949 2359 2989 2414 F
2992 2360 3191 2415 initum
3232 2359 3403 2429 igitur

1817 2469 1939 2514 esse
1970 2469 2192 2527 quoque
2241 2453 2409 2523 788
2449 2452 2669 2508 Patrem
2708 2460 2972 2523 oportet:
3013 2461 3100 2506 est
3145 2451 3292 2506 enim
3345 2449 3399 2504 in

1818 2547 1977 2602 Filio.
2008 2545 2231 2612 Quaerat
2260 2546 2442 2613 itaque
2471 2543 2693 2598 demum
2723 2544 3020 2599 haereticus
3054 2542 3183 2612 quis
3224 2541 3403 2610 major

1816 2653 1882 2693 eo
1918 2639 2024 2693 sit:
2062 2653 2172 2691 non
2208 2636 2354 2690 enim
2384 2636 2628 2705 cogitare
2654 2644 2750 2689 aut
2774 2634 2962 2689 dicere
3010 2633 3096 2689 fas
3122 2632 3258 2688 mihi
3291 2642 3399 2695 est,

1816 2746 1918 2784 nec
1953 2730 2097 2785 enim
2136 2728 2337 2798 partim
2374 2727 2598 2797 quidem
2644 2725 2826 2781 Patris
2855 2726 2964 2780 erit
2993 2726 3175 2795 imago
3202 2723 3404 2787 Filius.

1817 2823 2017 2893 partim
2051 2836 2186 2876 vero
2215 2834 2328 2876 non
2364 2821 2492 2875 erit.
2534 2818 2673 2874 Nam
2724 2819 2772 2874 si
2815 2818 3044 2873 omnino
3096 2817 3260 2874 habet
3300 2816 3406 2872 ali-

1815 2913 1947 2984 quid
1978 2913 2125 2984 quod
2175 2911 2629 2983 perfectissimam
2678 2909 3107 2965 similitudinem
3153 2907 3400 2971 dirimat,

1815 3023 1925 3063 non
1973 3007 2079 3063 erit
2120 3006 2369 3076 perfecta
2407 3011 2465 3059 et
2512 3001 2693 3059 solida
2724 3003 2927 3073 imago.
2963 3005 3034 3055 At
3083 3000 3309 3055 ubinam
3345 2999 3402 3055 id

147 3091 462 3162 αμςρίλογον,
491 3096 573 3149 ὅτι
611 3096 860 3160 τοιαύτας
890 3099 1040 3169 ἡμᾶς
1066 3099 1277 3163 ἑννοίας
1298 3099 1443 3171 ἔχειν
1471 3102 1598 3172 περὶ
1618 3100 1712 3154 τοῦ

1818 3100 1872 3155 in
1904 3097 2083 3155 sacris
2109 3097 2338 3153 Litteris
2362 3094 2651 3166 reperies?
2681 3109 2785 3149 nec
2806 3095 2956 3149 enim
2986 3094 3098 3149 tuis
3127 3092 3405 3149 sermoni-

148 3182 344 3253 Πατρὸς
374 3184 659 3255 βούλεται,
692 3191 996 3261 ὁποίανπερ
1043 3192 1112 3245 ἂν
1172 3191 1431 3262 λάϐοιμεν
1487 3195 1580 3247 καὶ
1627 3194 1712 3246 ἐπ’

149 3276 280 3348 αὐτῷ
303 3296 317 3345 ;
350 3280 778 3351 Πεπερατῶσθαι
803 3283 1094 3354 τοιγαροῦν
1119 3285 1334 3356 ἀνάγκη
1367 3287 1461 3339 καὶ
1488 3287 1577 3339 τὸν
1604 3288 1716 3340 Πα-

149 3366 297 3438 τέρσκ
324 3370 438 3425 ἔστι
474 3373 588 3445 γάρ
616 3375 676 3427 ὲν
708 3374 843 3446 Υίῷ.
874 3376 987 3431 Καὶ
1012 3376 1244 3447 ζητείτω
1298 3376 1481 3431 λοιπὸν
1510 3379 1537 3430 ὁ
1565 3370 1715 3447 etips-

149 3460 299 3527 τικὸς,
321 3463 447 3528 τίςὸ
486 3465 691 3536 μείζων
722 3467 920 3525 αὑτοῦ·
960 3470 1084 3538 ἐμοὶ
1112 3468 1220 3539 γὰρ
1245 3469 1307 3522 οὐ
1352 3468 1509 3540 θέμις
1543 3472 1714 3522 εἰπεῖν

150 3552 344 3621 ἢνοείν.
366 3556 438 3608 Ub
473 3558 586 3630 γὰρ
625 3558 732 3615 ἀνὰ
766 3559 932 3631 μέρος
980 3561 1078 3628 μὲν
1110 3561 1274 3615 εἰκὼν
1304 3562 1453 3615 ἔσται
1476 3562 1571 3615 τοῦ
1600 3563 1715 3616 Πα-

150 3641 259 3715 spec
289 3646 317 3699 ὁ
346 3644 492 3711 Υἱὸς,
521 3648 631 3703 ἀνὰ
660 3649 825 3721 μέρος
867 3650 924 3705 δὲ
952 3650 1157 3706 οὐκέτι.
1193 3651 1258 3705 Ei
1283 3652 1391 3722 γὰρ
1431 3652 1568 3716 ὅλως
1602 3651 1716 3723 ἔχει

151 3748 196 3789 τι
244 3736 302 3789 τὸ
356 3738 735 3809 παραλλάττον
790 3740 885 3794 καὶ
941 3739 1283 3811 μεσολαϐοῦσι
1330 3740 1430 3812 τὴν
1482 3743 1717 3797 εἰσάπαν

151 3826 399 3897 ὁμοίωσιν,
430 3830 601 3902 μέρος
632 3831 698 3885 ἂν
732 3833 817 3903 εἴη
846 3831 1054 3898 λοιπὸν,
1088 3835 1187 3904 οὐχ
1210 3833 1500 3906 ὁλόκληρος
1528 3834 1713 3891 εἰκών.

163 3916 303 3975 Ἀλλὰ
331 3921 430 3975 ποῦ
459 3922 624 3977 τοῦτο
640 3923 841 3989 δείξαις
869 3925 939 3980 ἂν
966 3925 1065 3996 τὴν
1091 3926 1254 3994 ἁγίαν
1277 3927 1545 3996 λέγουσαν
1573 3929 1718 4000 Γραι-

154 4009 274 4081 φήν;
304 4013 360 4067 οὐ
382 4013 489 4085 γὰρ
514 4015 689 4085 δήπου
714 4018 827 4080 τοῖς
859 4020 971 4080 σοῖς
1011 4019 1476 4090 ἀναπεπεισμένοι
1510 4020 1712 4089 λόγοις,

152 4098 235 4169 τὴν
253 4100 351 4154 τῶν
376 4103 537 4174 ἱερῶν
552 4104 842 4176 δογμάτων
867 4105 1137 4178 ὀρθότητα
1170 4110 1559 4180 παρωσόμεθα.
1576 4112 1717 4167 Θαυ-

157 4190 291 4257 μάζω
346 4194 403 4247 δὲ
449 4196 602 4260 ὅπως
641 4198 705 4252 οὑ
748 4199 1067 4254 κατέδεισαν
1104 4201 1200 4254 ἐπὶ
1256 4201 1464 4266 τούτοις
1505 4205 1678 4262 εἰπεῖν
1697 4223 1715 4237 ·η

155 4280 391 4358 Καθάπερ
416 4288 444 4340 ὁ
480 4287 699 4351 Παῦλος
742 4288 832 4342 τὸν
867 4290 1103 4361 Χριστὸν
1147 4288 1292 4363 εἶχεν
1327 4294 1386 4346 ὲν
1406 4294 1591 4365 ἐαυτῷ
1614 4294 1713 4349 λα-

155 4368 324 4429 λοῦντα
378 4379 470 4432 καὶ
498 4379 830 4451 ἐνεργοῦντα
860 4383 959 4446 τὰς
991 4384 1281 4454 δυνάμεις,
1308 4385 1403 4439 τὸν
1448 4388 1611 4442 αὐτὸν
1647 4387 1709 4461 δὴ

1819 3192 1922 3247 bus
1954 3189 2202 3259 persuasi
2239 3196 2448 3242 rectam
2470 3201 2763 3242 sacrorum
2783 3185 3108 3256 dogmatum
3125 3186 3400 3240 rationem

1815 3281 2154 3350 rejiciemus.
2186 3278 2326 3333 Illud
2371 3277 2560 3332 mirari
2602 3276 2776 3342 subit,
2804 3276 3086 3346 quomodo
3126 3274 3405 3343 subjicere

1816 3374 1936 3429 ausi
1968 3373 2118 3429 sint:
2154 3369 2628 3438 Quemadmodum
2652 3368 2860 3425 Paulus
2897 3369 3180 3425 Christum
3232 3366 3403 3423 habe-

1815 3467 1909 3523 bat
1959 3467 2016 3520 in
2065 3464 2252 3534 seipso
2301 3465 2616 3531 loquentem
2665 3469 2722 3516 et
2765 3461 3006 3516 virtutes
3051 3469 3401 3529 operantem,

1814 3556 2005 3613 eodem
2035 3555 2198 3611 modo
2231 3563 2285 3609 et
2316 3552 2492 3608 Filius
2524 3551 2741 3608 Patrem
2778 3553 3093 3622 loquentem
3142 3559 3199 3606 et
3240 3550 3402 3618 signa

1815 3650 2066 3706 edentem
2116 3646 2359 3702 habebat
2393 3646 2450 3699 in
2494 3645 2702 3715 seipse.
2755 3643 2913 3701 Unde
2953 3645 3071 3698 ait:
3120 3661 3139 3694 ι
3178 3641 3403 3699 Credite

1784 3743 1943 3814 -quia
1967 3756 2069 3813 ego
2098 3741 2153 3795 in
2189 3739 2371 3803 Patre,
2405 3751 2459 3795 et
2483 3738 2647 3792 Pater
2676 3738 2733 3792 in
2766 3754 2856 3793 me
2888 3745 2993 3803 est,
3026 3736 3230 3804 alioqui
3260 3749 3391 3804 pro-

1819 3843 1941 3905 pter
1976 3848 2145 3905 opera
2188 3833 2307 3904 ipsa
2350 3830 2584 3887 credite.
2641 3850 2659 3883 ι
2691 3828 2895 3885 Verum
2947 3829 3076 3898 quis
3125 3825 3401 3881 Christia-

1817 3945 1949 3983 num
1990 3926 2335 3998 nuncupabit
2367 3926 2520 3979 illum
2580 3925 2676 3994 qui
2712 3925 2846 3978 talia
2882 3924 2952 3978 de
3002 3922 3234 3977 Christo
3267 3935 3399 3974 sen-

1817 4023 1918 4075 tiat
1949 4035 2015 4074 ac
2060 4022 2321 4090 loquatur
2347 4018 2371 4072 ?
2401 4017 2542 4072 Ecce
2570 4017 2740 4079 enim,
2766 4031 2898 4071 ecce
2933 4030 3043 4069 non
3070 4015 3182 4082 jam
3219 4013 3397 4082 ipsum

1816 4128 1943 4167 vere
1975 4111 2147 4167 Deum
2187 4111 2345 4175 dicit,
2390 4110 2488 4165 sed
2522 4109 2799 4180 praecipiti
2853 4109 3085 4162 audacia
3138 4106 3398 4175 allingeus

1815 4206 1865 4260 ei
1905 4203 2054 4274 quod
2097 4204 2374 4258 creaturis
2429 4201 2692 4257 convenit
2718 4241 2732 4261 ,
2784 4199 3055 4255 deiferum
3099 4198 3399 4269 quemdam

1817 4296 2028 4366 Deique
2061 4294 2411 4365 participem,
2435 4293 2555 4349 sive
2581 4308 2648 4348 ex
2686 4291 2800 4347 Deo
2842 4298 3197 4361 procreatum
3228 4290 3397 4344 Deum

1819 4387 2098 4459 pradicat.
2140 4386 2203 4441 Ei
2231 4387 2439 4458 quippe
2468 4385 2819 4456 pr0positum
2857 4393 2943 4441 est
2990 4384 3143 4438 omni
3181 4384 3400 4438 ratione

154 4465 329 4533 τρόπον
354 4470 444 4524 καὶ
480 4474 510 4526 ό
546 4472 677 4537 Υἱὸς
719 4473 809 4526 τὸν
839 4474 1061 4543 Πατέρα
1083 4475 1353 4533 λαλοῦντα
1376 4480 1505 4542 ,καὶ
1524 4479 1594 4533 τά
1624 4496 1716 4551 τη-

1824 4497 1889 4537 ac
1921 4479 2087 4535 modo
2130 4495 2160 4534 a
2210 4479 2305 4535 Dei
2346 4495 2410 4535 ac
2443 4477 2621 4535 Patris
2650 4477 2965 4533 substantia
3004 4491 3238 4547 prorsus
3272 4491 3398 4530 eum

161 4558 266 4622 μεία
286 4561 533 4619 ποιοῦντα
564 4561 712 4637 εἶχεν
734 4569 791 4621 ὲν
818 4568 1018 4638 ἑαυτῷ.
1037 4568 1129 4623 Διό
1150 4586 1284 4640 φησι
1299 4588 1312 4600 ·
1346 4588 1365 4621 ι
1396 4571 1708 4638 Πιστεύετε,

157 4645 224 4700 ὅτι
243 4649 343 4717 ἐγὼ
369 4654 424 4707 ἐν
454 4655 531 4727 τῷ
567 4658 761 4728 Πατρὶ,
799 4658 894 4712 καὶ
919 4661 947 4712 ὁ
976 4659 1166 4731 Πατὴρ
1198 4659 1253 4713 δὲ
1291 4662 1351 4714 ἐν
1382 4662 1527 4731 ἐμοί.
1561 4663 1625 4717 Ei
1652 4662 1710 4717 δὲ

163 4738 334 4810 μὴ,διά
359 4744 428 4800 τὰ
465 4746 605 4819 ἔργα
643 4750 786 4805 αὑτά
823 4751 1111 4806 πιστεύετὲ
1142 4770 1251 4822 μοι.
1288 4771 1307 4802 ι
1354 4749 1488 4808 Εἶτα
1518 4753 1601 4818 τίς
1629 4754 1710 4809 ἔτι

160 4829 451 4896 Χριστιανὸν
473 4844 735 4914 προσερεί
761 4842 855 4897 τὸν
877 4842 1019 4898 οὕτω
1050 4843 1444 4915 διεσκεμμὲνον
1483 4846 1579 4905 καὶ
1614 4863 1712 4900 πε-

161 4928 437 4996 φροντικότα
495 4934 626 5005 περὶ
682 4934 975 5005 Χριστοῦ;
1038 4936 1178 4989 Ἰδοὺ
1233 4936 1379 5008 γὰρ,
1424 4937 1572 5002 ίδοὺ,
1615 4939 1711 4994 καὶ

167 5013 289 5078 μάλα
312 5021 513 5090 σαφῶς,
539 5025 671 5079 Θεὸν
705 5027 806 5097 μὲν
835 5027 999 5083 αὑτὸν
1036 5029 1220 5084 οὐκέτι
1261 5031 1426 5102 φησιν
1458 5031 1672 5103 ἀληθῶς
1691 5048 1707 5064 ’

167 5104 519 5180 ῥιψακινδύνως
546 5116 602 5170 δὲ
645 5118 891 5190 περιθεὶς
934 5122 1000 5175 τὸ
1047 5123 1262 5194 πρέπον
1301 5126 1413 5188 τοῖς
1446 5125 1709 5194 κτίσμασι

167 5194 334 5267 μέτρον
352 5204 787 5280 αὐτῷ,θεοφόρον
818 5212 939 5268 τινὰ
980 5213 1075 5268 καὶ
1099 5213 1234 5268 Θεοῦ
1262 5213 1508 5286 μέτοχον,
1541 5216 1711 5286 ἡγουν

165 5285 219 5381 ὲκ
248 5290 370 5348 Θεοῦ
396 5298 721 5371 γεννηθέντα
771 5304 904 5359 Θεὸν
936 5306 1214 5378 κηρύττει.
1247 5308 1456 5372 Σκοπὸς
1483 5308 1591 5381 γὰρ
1610 5310 1710 5365 αὐ-

163 5377 229 5473 τῷ
257 5381 337 5473 διὰ
361 5392 661 5457 παντὸς,ὼς
694 5393 825 5460 ἔπος
849 5377 1043 5466 εἰπεῖν,
1075 5399 1279 5471 τρόπου
1307 5400 1401 5454 καὶ
1427 5377 1587 5469 λόγου
1612 5401 1713 5473 τῆς

167 5469 327 5564 Midas;
376 5480 470 5535 τοῦ
509 5482 646 5538 Θεοῦ
694 5488 791 5540 ml.
834 5488 1048 5561 Πατρὸς
1089 5469 1371 5556 παντελῶς
1424 5469 1712 5564 ἀπείργειν

168 5562 304 5620 αὑτὸν
328 5609 343 5633 ,
379 5572 471 5627 καὶ
506 5576 738 5633 εἰσάπαν
767 5581 1061 5653 ἀποτεμεῖν
1091 5584 1192 5656 τῆς
1239 5585 1476 5658 φυσικῆς
1501 5562 1708 5642 καὶῗοὺ-

228 5754 247 5786 ⁸
271 5751 460 5819 Jerem.
488 5779 563 5831 ix,
596 5764 648 5821 'l.

1817 4575 2136 4641 excludere,
2176 4582 2231 4626 et
2279 4587 2311 4627 a
2366 4570 2611 4625 naturali
2658 4579 2825 4640 atque
2871 4569 3224 4627 substantiali
3272 4583 3400 4637 pro-

1817 4671 2053 4743 prietate
2082 4681 2249 4738 quam
2289 4681 2415 4721 cum
2451 4680 2556 4720 suo
2583 4664 2749 4720 Patre
2778 4680 2845 4719 ac
2878 4663 2988 4719 Deo
3024 4664 3210 4726 habet,
3244 4676 3401 4731 pror.

1817 4778 1913 4819 sus
1956 4774 2233 4816 resecare.
2274 4757 2345 4811 At
2400 4757 2555 4825 quid,
2586 4770 2799 4827 quaeso,
2827 4755 2915 4810 his
2955 4753 3236 4823 stupidius
3271 4766 3398 4806 esse

1814 4852 2042 4926 potest?
2083 4860 2181 4906 aut
2218 4849 2502 4921 quomodo
2540 4863 2650 4903 non
2683 4848 2835 4903 velut
2885 4844 3120 4901 mortuis
3166 4847 3278 4913 jam
3333 4857 3400 4896 ac

1814 4944 2045 5020 perditis
2083 4941 2545 5014 illacrymaveris,
2572 4940 2668 5011 qui
2703 4947 2813 4994 tam
2848 4936 3119 4993 eﬂ‘renato
3143 4950 3310 4990 cursu
3342 4934 3399 4989 in

1811 5038 2151 5109 impietatem
2198 5034 2574 5105 praecipitant,
2631 5040 2687 5087 et
2741 5039 3051 5101 opportune
3097 5028 3398 5083 admodum

1812 5131 2003 5186 dices:
2044 5147 2064 5180 ι
2102 5126 2241 5194 Quis
2292 5125 2450 5181 dabit
2488 5123 2654 5194 capiti
2690 5138 2817 5179 meo
2847 5137 3072 5192 aquam,
3122 5129 3177 5175 et
3215 5120 3399 5175 oculis

1816 5223 1956 5277 meis
1996 5220 2203 5275 fontem
2246 5218 2641 5289 lacrymarum,
2689 5221 2746 5269 et
2781 5214 3011 5283 plorabo
3050 5212 3141 5268 die
3178 5226 3245 5267 ac
3294 5226 3399 5266 no-

1817 5314 1988 5370 cte“?
2019 5332 2038 5364 ι
2069 5310 2151 5368 0b
2178 5311 2377 5366 horum
2407 5308 2557 5365 enim
2588 5306 3001 5361 contumaciam
3049 5320 3159 5360 non
3200 5305 3398 5359 imme-

1818 5405 1926 5460 rito
1945 5403 2076 5474 quis
2097 5415 2352 5472 magnam
2378 5398 2749 5469 lacrymarum
2785 5396 2895 5451 vim
2922 5396 3252 5465 profuderit.
3289 5391 3399 5451 Sed

1818 5500 2082 5569 quoniam
2142 5492 2399 5549 veritatis
2461 5489 2739 5561 dogmatis
2797 5491 3036 5546 illorum
3062 5490 3394 5555 calumnias,

1820 5600 2045 5663 propter
2073 5585 2481 5658 simpliciorum
2514 5582 2838 5652 utilitatem,
2873 5581 3258 5642 retundendas
3303 5596 3398 5637 ar-
