3992 6316
537 339 645 394 225
1546 336 1605 393 S.
1637 334 1906 392 CYBILLI
1945 335 2148 392 ALEXA

2255 337 2414 394 )RlNl
2453 341 2770 399 ARCIIIEP.

541 459 738 524 bitror,
772 473 893 531 age,
926 473 1123 516 rursus
1161 456 1297 514 illud
1318 457 1400 516 eis
1432 457 1683 514 dicamus
1733 473 1838 514 nos
1879 457 1997 514 zelo
2031 473 2120 514 ze—

2255 459 2452 526 ἰὠδους
2474 463 2806 536 οἰκειότητος
2839 463 3032 538 ἦςὲχει
3075 468 3208 539 πρὸς
3239 468 3328 522 τὸν
3365 469 3562 522 ἑαυτοῦ
3598 471 3818 538 Πατέρα

541 553 686 609 lasse
714 551 970 608 Domino.

544 644 732 716 τεροῦν
767 647 848 709 εἰς
874 645 1248 717 ἀποπληξίαν;
1277 645 1310 716 ἢ
1341 644 1458 708 πῶς
1490 645 1591 699 οὑκ
1623 645 1688 700 ἀν
1709 663 1812 711 τις,
1834 646 1966 700 ὡσεὶ
1987 647 2201 716 νεκροῖς
2237 645 2339 716 ἤδη
2367 648 2460 700 καὶ
2493 648 2831 717 ἀπολωλόσι,
2875 651 2936 705 τὸ
2987 653 3052 704 ὲκ
3076 652 3176 723 τῆς
3245 653 3470 725 ἀγάπης
3516 653 3820 718 ἀποστάξαι

540 737 794 810 δάκρυον,
842 739 1112 811 ἀχαλίνως
1140 739 1283 794 οὕτω
1316 739 1716 811 τετραμμένοις
1741 742 1822 804 εἰς
1848 741 2124 804 ἀσέϐειαν,
2161 743 2278 813 ἐρεῖ
2303 741 2479 796 δὲκαὶ
2515 744 2636 800 λίαν
2667 745 2941 818 εὐκαίρως
2965 763 2979 778 ·
3011 767 3028 799 ‹
3053 749 3150 813 Τίς
3179 747 3340 803 δώσει
3377 753 3443 822 τῇ
3476 751 3689 821 κεφαλῇ
3720 767 3818 819 μου

540 829 707 901 ὕδωρ,
734 831 828 884 καὶ
880 834 993 896 τοῖς
1024 831 1324 902 ὀφθαλμοῖς
1394 848 1496 902 μου
1552 831 1736 902 πηγὴν
1795 831 2070 904 δακρύων,
2106 832 2202 885 καί⁹
2232 832 2540 905 κλαύσομαι
2578 835 2670 890 τὸν
2735 837 2863 892 λαὸν
2891 838 3079 893 τοῦτον
3119 841 3334 911 ἡμέρας
3380 843 3476 896 καὶ
3525 842 3754 906 νυκτός;
3798 861 3812 892 ι

553 923 676 976 Ἐπὶ
701 923 809 994 γὰρ
838 926 950 987 τοῖς
977 924 1045 978 τά
1067 921 1289 977 τοιαῦτα
1323 923 1539 994 φρονεῖν
1568 921 1844 991 ἑλομένοις
1881 921 2126 993 ἀκρατὲς
2161 920 2229 975 ἄν
2283 941 2370 990 τις
2407 929 2634 994 εἰκότως
2682 912 3279 1004 ὲπιστάξαθδάκρυον.
3335 933 3554 1006 Ἐπειδὴ
3594 935 3653 988 δὲ
3707 937 3819 998 τοῖς

541 1010 602 1076 ἐξ
637 1012 894 1082 ἀληθείας
943 1014 1207 1084 δόγμασιν
1261 1011 1665 1084 ἀποκρούεσθαι
1722 1013 1832 1067 δεῖν
1869 1014 1968 1078 τὰς
2022 1014 2154 1085 παρ’
2207 1014 2433 1072 ἐκείνων
2479 1021 2849 1090 συκοφαντίας
2901 1024 3204 1096 προσήκειν
3256 1023 3669 1094 ὑπολαμϐάνω,
3734 1023 3820 1076 διὰ

541 1105 604 1158 τὸ
655 1107 767 1169 τοῖς
815 1105 1206 1177 ἁπλουστέροις
1268 1103 1579 1169 λυσιτελὲς,
1633 1103 1766 1176 φέρε
1828 1104 1992 1160 πάλιν
2035 1104 2220 1169 αὐτοῖς
2267 1109 2445 1164 ἐκεῖνο
2490 1111 2740 1184 λέγωμεν
2766 1153 2782 1180 ,
2845 1114 2928 1168 ὅτι
2988 1115 3278 1186 ζηλοῦντες
3343 1114 3701 1187 ἐζηλώκαμεν
3744 1113 3819 1186 τῷ

543 1195 755 1268 Κυρίῳ.

616 1289 847 1344 Divinos
867 1288 1013 1342 enim
1049 1285 1277 1353 Paulus,
1304 1298 1359 1343 et
1388 1289 1574 1359 quivis
1607 1296 1931 1345 sanctorum
1955 1287 2128 1349 alius,

544 1398 670 1439 eum
699 1379 983 1436 Christum
1019 1380 1074 1432 in
1111 1379 1230 1435 suis
1270 1381 1552 1437 mentibus
1597 1381 2005 1436 inhabitantem
2034 1379 2134 1432 ha-

3714 346 3820 402 22-5

2221 555 2316 608 καὶ
2346 553 2500 610 Θεόν.
2533 552 2665 610 Εἶτα
2696 557 2751 610 τί
2775 557 2840 613 ἂν
2877 559 3086 628 γένοιτο
3119 559 3228 613 τῶν
3259 561 3516 614 τοιούτων
3547 561 3608 614 τὸ
3651 561 3816 628 ὑπερ-

2320 1281 2378 1334 Ὁ
2406 1282 2514 1354 γάρ
2544 1301 2622 1338 τοι
2657 1285 2945 1353 θεσπέσιος
2977 1287 3209 1354 Παῦλος,
3251 1281 3296 1341 ὧ
3329 1283 3496 1356 οὗτοι,
3533 1291 3564 1362 ἢ
3613 1295 3711 1349 καί
3739 1313 3824 1360 τις

2234 1373 2423 1446 ἔτερος
2451 1376 2560 1429 τῶν
2592 1378 2784 1447 ἁγίων,
2818 1379 2910 1434 τὸν
2941 1380 3176 1451 Χριστὸν
3208 1382 3427 1453 ἔχοντες
3467 1389 3588 1451 ταῖς
3612 1389 3826 1445 ἑαυτῶν

547 1480 744 1534 berem
772 1488 869 1544 per
906 1471 1205 1542 Spiritum,
1239 1471 1520 1528 faciebant
1549 1490 1675 1544 quae
1699 1473 1922 1530 Christo
1950 1472 2136 1543 plaee-

2255 1469 2499 1532 ῑιανοίαις
2546 1471 2920 1528 ἐνοικισθέντα
2953 1473 3044 1528 διὰ
3098 1475 3196 1530 τοῦ
3253 1476 3607 1548 Πνεύματος,
3653 1479 3826 1551 ἔδρων

545 1576 692 1636 rent,
713 1575 770 1624 et
797 1565 1067 1621 miracula
1085 1565 1344 1622 edebant.
1369 1567 1438 1620 At
1461 1574 1706 1630 constat,
1731 1567 1817 1621 vel
1842 1576 1934 1620 tua
1957 1564 2135 1635 ipsius

2255 1557 2298 1616 εὖ
2335 1561 2480 1632 μάλα
2508 1564 2577 1616 τὰ
2598 1563 2858 1618 δοκοῦντα
2881 1566 3128 1639 Θεῷ,καί.
3155 1568 3480 1640 δημιουργοὶ
3507 1571 3616 1626 τῶν
3645 1591 3826 1646 παρα·

545 1659 924 1722 confessione,
959 1657 1107 1728 quod
1141 1674 1268 1712 eum
1300 1658 1558 1716 homines
1594 1667 1784 1714 essent
1820 1669 2049 1722 natura,
2081 1664 2136 1712 et

2255 1649 2405 1715 ῐόξων
2453 1651 2754 1721 ἐφαίνοντο.
2787 1653 2999 1709 Οὐκοῦν
3048 1656 3254 1728 ἄραρεν
3277 1697 3291 1720 ,
3325 1659 3354 1713 ὂ
3392 1677 3445 1713 τι
3490 1660 3638 1732 δοίης
3678 1663 3724 1715 δ’
3761 1665 3826 1721 ἂν

545 1751 697 1808 aliud
739 1749 1006 1822 quiddam
1048 1749 1360 1806 substantia
1424 1765 1591 1820 quam
1637 1759 1867 1806 sanctus
1917 1748 2132 1804 Christi

2255 1741 2337 1794 ιαὶ
2384 1741 2548 1807 αὐτὸς
2581 1743 2850 1815 ὑπάρχειν
2907 1746 3109 1818 ἀληθὲς
3133 1789 3146 1812 ,
3197 1748 3274 1811 ὡς
3324 1749 3603 1823 ἄνθρωποί
3634 1770 3696 1806 τε
3729 1753 3827 1824 τὴν

547 1845 793 1917 Spiritus
835 1842 932 1914 qui
973 1843 1031 1898 in
1074 1843 1154 1898 eis
1190 1842 1498 1908 habitabat,
1549 1842 1803 1913 religiosi
1854 1849 2040 1896 tamen
2080 1851 2135 1896 et

2255 1832 2406 1903 φύσιν
2442 1834 2812 1906 ὑπάρχοντες,
2865 1837 2960 1892 καὶ
3008 1838 3197 1910 ἕτερόν
3232 1859 3284 1894 τι
3323 1841 3466 1896 κατά
3509 1844 3607 1915 τὴν
3637 1844 3826 1901 οὐσίαν

546 1942 750 2012 pietate
769 1937 1058 2008 conspicui
1079 1944 1241 1992 erant
1262 1935 1430 2007 789
1446 1951 1543 2006 per
1559 1936 1743 1991 datam
1757 1935 1840 1990 eis
1859 1949 1890 1988 a
1911 1933 2135 1990 Christo

2255 1925 2395 1996 παρά
2435 1925 2498 1977 τὸ
2541 1926 2784 1980 ἐνοικοῦν
2841 1928 3026 1993 αὐτοῖς
3075 1929 3230 1998 ἅγιον
3281 1931 3511 2004 Πνεῦμα
3560 1934 3824 2005 Χριστοῦ,

547 2032 807 2102 gratiam.
839 2029 944 2084 Sed
983 2028 1272 2084 nobiscum
1301 2027 1494 2098 utique
1526 2026 1808 2095 fateberis,
1835 2026 2136 2097 aliquando

549 2125 726 2196 gratia
759 2123 939 2178 fuisse
969 2121 1295 2187 destitutos,
1328 2127 1710 2178 verumtamen
1740 2135 1807 2175 eo
1839 2117 2014 2175 fuisse
2043 2133 2136 2172 vo-

547 2223 727 2277 catos,
761 2228 886 2267 cum
917 2211 991 2265 ita
1024 2211 1206 2266 visum
1232 2218 1380 2266 esset
1407 2210 1594 2265 omnia
1629 2217 1782 2265 recte
1808 2207 2137 2280 gubernanti

547 2306 681 2362 Deo.
734 2302 879 2359 Fieri
908 2317 1049 2373 ergo
1071 2309 1288 2373 poterat
1319 2311 1380 2356 ut
1409 2302 1548 2357 vitio
1580 2300 1769 2371 aliquo
1799 2300 1886 2356 vel
1911 2306 2138 2371 peccato

551 2398 744 2452 beatus
766 2395 995 2458 Paulus,
1012 2402 1110 2449 aut
1130 2394 1275 2450 alter
1298 2395 1347 2449 ei
1381 2393 1604 2459 similis,
1623 2393 1794 2448 Deum
1830 2391 2136 2456 offendens,

548 2488 676 2544 data
715 2485 821 2542 sibi
855 2486 1032 2556 gratia
1060 2484 1400 2555 privaretur,
1431 2489 1488 2537 et
1513 2483 1569 2537 in
1598 2497 1720 2537 eam
1744 2480 2138 2539 demissionem

550 2577 698 2634 unde
730 2583 1038 2633 emerserat
1072 2575 1256 2630 denuo
1286 2574 1682 2630 detruderetur
1704 2581 1872 2644 atque
1907 2573 2137 2629 rediret.

2242 2015 2491 2088 θεοφόϐοι
2539 2018 2684 2081 τινὲς
2713 2013 2855 2089 ἦσαν
2896 2023 2990 2075 καὶ
3038 2021 3284 2094 λαμπροί
3321 2023 3412 2081 διά
3449 2026 3550 2096 τῆς
3577 2026 3824 2098 δοθείσης

2243 2109 2424 2172 αὐτοῖς
2473 2111 2624 2182 παρά
2657 2111 2896 2181 Χριστοῦ
2930 2114 3174 2184 χάριτος.
3210 2116 3467 2188 Συνερεῖς
3506 2117 3564 2170 δὲ
3608 2118 3826 2182 πάντως

2243 2201 2406 2272 ἡμῖν,
2448 2199 2523 2265 ὡς
2561 2201 2758 2273 ἔρημοι
2814 2203 2914 2275 μὲν
2967 2203 3062 2258 τοῦ
3093 2207 3438 2278 χαρίσματος
3480 2202 3622 2279 ἦσάν
3670 2227 3824 2273 ποτε,

2244 2293 2538 2366 κέκληνται
2575 2313 2640 2366 γε
2672 2295 2779 2367 μὴν
2812 2297 2893 2360 εἰς
2920 2297 3074 2362 αὐτὸ,
3111 2299 3269 2366 δόξαν
3307 2298 3453 2356 οὕτω
3475 2301 3658 2366 καλῶς
3685 2302 3826 2374 ἔχειν

2243 2385 2322 2458 τῷ
2353 2388 2531 2442 πάντα
2578 2388 2760 2452 καλῶς
2807 2388 3095 2444 διῐθύνοντι
3141 2391 3262 2462 Θεῷ
3287 2407 3298 2419 ·
3330 2387 3400 2463 ἦν
3428 2387 3522 2447 οῦν
3553 2394 3662 2466 ἄρα
3717 2395 3826 2448 τῶν

2245 2478 2609 2550 ἐνδεχομένων
2637 2481 2732 2534 καὶ
2751 2481 2842 2535 διά
2880 2499 3025 2545 τινος
3057 2481 3166 2537 τῶν
3188 2481 3408 2537 ἀτόπων
3454 2484 3488 2555 ἢ
3525 2485 3620 2538 καὶ
3647 2485 3826 2556 ὀρθῶς

2243 2570 2346 2624 οὑκ
2375 2571 2753 2642 εἰργασμένων
2801 2573 3289 2645 προσκεκρουκότα
3326 2573 3405 2645 τῷ
3447 2573 3567 2645 Θεῷ
3593 2575 3685 2628 τὸν
3725 2592 3828 2646 μα-

551 2670 708 2738 Quod
769 2669 921 2724 enim
973 2667 1201 2723 aliunde
1247 2667 1547 2723 asciscitur
1597 2674 1654 2720 et
1713 2664 1945 2732 accidit,
1979 2663 2141 2720 facile

2255 2663 2437 2735 κάριον
2471 2663 2707 2730 Παῦλον,
2736 2665 2904 2737 ἤγουν
2934 2667 3059 2720 τινὰ
3091 2665 3204 2720 τῶν
3240 2667 3362 2721 κατ’
3401 2668 3608 2723 ἐκεῖνον
3641 2668 3831 2740 ἕτερον

550 2763 728 2819 amitti
759 2770 944 2833 potest
980 2769 1147 2832 atque
1176 2759 1407 2823 auferri,
1445 2765 1636 2829 utpote
1678 2759 1891 2813 datum.
1922 2758 2007 2810 An
2041 2755 2142 2826 lgi-

2255 2758 2454 2830 έρημον
2487 2758 2586 2830 μὲν
2614 2759 2716 2829 τῆς
2743 2759 2994 2832 δοθείσης
3033 2760 3184 2832 αὐτῷ
3208 2761 3432 2832 χάριτος
3473 2761 3708 2832 ὀφθῆναι
3738 2761 3829 2814 δύ-

553 2865 667 2920 tur,
703 2872 736 2911 o
766 2856 912 2911 bone
937 2853 1132 2924 (juvat
1166 2854 1313 2909 enim
1351 2852 1550 2906 iterum
1590 2857 1648 2904 te
1680 2848 2061 2920 compellare),
2092 2846 2140 2902 si

2255 2849 2462 2914 νασθαι,
2495 2850 2934 2906 κατωθεῖσθαιδὲ
2965 2847 3122 2915 αὖθις
3152 2853 3245 2906 καὶ
3269 2854 3588 2907 ὑπονοστεῖν
3621 2854 3702 2917 εἰς
3730 2855 3832 2924 τὴν

551 2948 1023 3020 quemadmodum
1052 2954 1176 3001 erat
1221 2945 1276 2999 iu
1316 2943 1490 2997 Paulo
1525 2941 1788 2998 Christus
1830 2942 2061 3012 loquens
2087 2952 2142 2998 et

2255 2940 2370 2997 ὅθεν
2421 2942 2587 3013 ἀνέϐη
2634 2942 2984 2997 ταπείνωσιν.
3035 2944 3108 2997 Τὸ
3140 2943 3250 3015 γὰρ
3295 2945 3434 3010 ὅλως
3488 2944 3686 3012 ἔξωθεν
3738 2945 3832 2999 καὶ

551 3042 822 3098 miracula
842 3041 1080 3101 faciens,
1098 3040 1256 3108 juxta
1275 3045 1427 3091 tuam
1447 3037 1675 3092 stultam
1694 3045 1750 3092 et
1773 3036 1998 3106 impiam
2017 3050 2143 3091 sen-

2255 3036 2490 3090 ὲπακτὸν
2544 3035 2743 3106 ῥᾳδίως
2795 3035 2862 3089 ἂν
2924 3036 3262 3090 ἀποπτύοιτο
3319 3037 3415 3091 καὶ
3467 3038 3831 3110 ἀναφαίρετόν

557 3131 814 3192 tentiam,
853 3129 930 3182 ita
960 3126 1179 3182 Patrem
1208 3126 1263 3180 in
1292 3124 1434 3180 Filio
1465 3126 1592 3196 quis
1623 3139 1748 3181 esse
1783 3124 2141 3190 concesserit,

2255 3125 2372 3198 [Ζσ.
2405 3127 2794 3199 ἐναφαίρετόν]
2823 3130 2992 3193 ἐστιν,
3021 3129 3098 3192 ὡς
3130 3128 3302 3184 δοτόν.
3329 3125 3458 3202 ’Ἆρ’
3485 3125 3600 3196 οὖν,
3634 3125 3680 3185 ὦ
3710 3131 3832 3202 βέλ-

555 3220 810 3291 nunquid
848 3220 1065 3274 clarum
1112 3225 1169 3274 et
1201 3218 1576 3274 indubitatum
1610 3223 1696 3273 est
1731 3215 1902 3271 Deum
1937 3231 2146 3285 nequa-

2255 3235 2394 3272 τιστε
2431 3219 2790 3290 (τετράψεται
2837 3221 2944 3290 γάρ
2990 3221 3126 3291 πρὸς
3176 3221 3236 3273 σὲ
3267 3223 3296 3274 ό
3322 3220 3481 3290 λόγος
3511 3221 3738 3293 πάλιν),
3775 3224 3827 3276 εἰ

556 3329 720 3385 quam
754 3311 872 3369 fore
905 3311 1211 3368 secundum
1244 3318 1526 3377 naturam,
1563 3311 1662 3366 sed
1699 3309 1848 3364 aliud
1879 3310 2146 3380 quiddam

2255 3310 2390 3365 κατά
2435 3309 2534 3381 τὴν
2588 3311 2726 3383 πρὸς
2772 3311 2832 3365 σὲ
2886 3312 3251 3368 ἀπαιδευσίαν
3307 3314 3404 3366 καὶ
3457 3314 3838 3385 ἀσεϐεστάτην

557 3407 630 3463 ab
659 3407 1010 3461 inhabitante
1038 3403 1222 3470 Patre,
1251 3405 1348 3474 qui
1372 3418 1499 3459 vere
1523 3402 1706 3459 Deus?
1737 3402 1830 3457 Sic
1849 3403 1998 3458 enim
2026 3409 2146 3457 erat

555 3501 612 3554 in
644 3497 816 3553 Paulo
839 3497 1121 3555 Christus.
1148 3498 1588 3553 Instrumentum
1615 3496 1788 3566 igitur
1811 3511 1874 3550 ac
1904 3511 2002 3550 vas
2034 3495 2148 3550 vel-

557 3592 638 3647 uti
685 3591 964 3662 quoddam
998 3598 1086 3646 est
1127 3589 1459 3660 Unigenitus
1507 3588 1562 3642 in
1596 3588 1830 3658 gloriam
1872 3601 2148 3658 praepara-

558 3692 695 3748 tum,
726 3697 830 3738 nec
862 3699 890 3737 a
919 3683 1056 3739 tibia
1097 3682 1282 3739 forsan
1312 3688 1409 3735 aut
1445 3682 1560 3752 lyra
1595 3679 1851 3744 distabit,
1887 3679 2026 3734 illud
2061 3693 2148 3732 re-

557 3789 766 3830 sonans
799 3773 947 3844 quod
991 3773 1266 3844 inspiratu
1320 3772 1584 3827 nimirum
1629 3780 1727 3827 aut
1772 3773 1984 3842 plectro
2025 3773 2149 3842 jus-

558 3883 679 3922 sum
707 3867 816 3922 erit
849 3887 860 3922 :
892 3874 948 3923 et
991 3867 1060 3923 ad
1095 3867 1366 3922 miracula
1399 3865 1612 3923 edenda
1647 3865 1816 3920 Pater
1844 3879 1910 3919 eo
1939 3871 2146 3932 utetur,

557 3975 667 4030 quo
700 3968 867 4031 pacto
919 3959 1063 4016 fabri
1102 3960 1326 4031 lignarii
1373 3975 1527 4015 serra
1574 3959 1659 4014 vel
1699 3959 1867 4012 ascia.
1903 3959 1974 4011 At
2015 3957 2146 4027 quid

559 4053 663 4107 hoc
709 4051 1049 4107 absurdius?
1085 4051 1222 4105 Nam
1266 4066 1396 4106 cum
1435 4051 1558 4119 ejus
1592 4049 1663 4104 sit
1705 4055 1942 4114 naturae,
1976 4054 2034 4102 ut
2071 4047 2150 4102 illi

561 4144 778 4210 dicunt,
811 4160 840 4198 a
865 4143 977 4200 Deo
1007 4159 1072 4200 ac
1104 4145 1266 4200 Patre
1295 4157 1526 4216 prorsus
1560 4141 1776 4196 alienus
1811 4142 1943 4206 erit,
1967 4156 2030 4196 ea
2061 4155 2152 4194 ra-

560 4235 712 4289 tione
746 4249 853 4304 qua
881 4245 1080 4290 natura
1109 4237 1256 4293 Deus
1288 4244 1376 4292 est
1419 4236 1476 4290 in
1509 4234 1696 4300 nobis,
1736 4240 1790 4288 et
1817 4248 1981 4288 nemo
2009 4232 2152 4287 alius

2251 3402 2540 3474 ὑπόληψιν,
2568 3401 2820 3475 καθάπερ
2854 3398 2924 3474 ἦν
2946 3406 3003 3458 ὲν
3027 3404 3105 3476 τῷ
3137 3405 3338 3476 Παύλῳ
3370 3405 3609 3477 Χριστὸς
3648 3407 3836 3461 λαλῶν

2250 3497 2345 3549 καὶ
2377 3497 2792 3568 τερατουργῶν,
2843 3496 3016 3562 οὕτως
3065 3497 3206 3554 εἶναι
3244 3499 3362 3570 δοίη
3413 3517 3500 3561 τις
3543 3501 3610 3555 ἂν
3655 3503 3713 3554 έν
3759 3503 3839 3573 τῷ

2250 3586 2365 3657 Υἰῷ
2402 3586 2494 3641 τὸν
2525 3585 2768 3659 Πατέρα,
2810 3587 2930 3652 πῶς
2971 3589 3074 3644 οὐκ
3112 3591 3420 3661 ἀμφίλογον
3455 3592 3532 3656 ὡς
3565 3593 3700 3657 Θεὸς
3736 3595 3841 3665 μὲν

2249 3680 2403 3734 ἔσται
2439 3679 2580 3733 κατὰ
2602 3679 2766 3750 φύσιν
2801 3679 3078 3751 οὐδαμῶς,
3107 3683 3222 3736 ἀλλ’
3249 3683 3438 3755 ἕτερόν
3480 3703 3534 3740 τι
3565 3686 3720 3758 παρά
3745 3688 3839 3741 τὸν

2249 3770 2560 3828 ἐνοικοῦντα
2583 3772 2824 3844 Πατέρα,
2854 3771 2987 3828 Θεὸν
3015 3773 3146 3829 ὄντα
3175 3777 3318 3831 κατὰ
3347 3778 3610 3849 ἀλήθειαν
3635 3797 3651 3846 ;
3681 3779 3839 3834 Οῦτω

2249 3865 2357 3940 γὰρ
2387 3861 2455 3938 ἧν
2480 3867 2538 3919 ὲν
2565 3865 2644 3937 τῷ
2673 3866 2872 3938 Παύλῳ
2895 3867 3153 3940 Χριστός.
3183 3869 3452 3940 Ὄργανον
3482 3866 3578 3925 οῦν
3609 3872 3720 3942 ἄρα
3745 3876 3841 3928 καὶ

2250 3958 2441 4032 ὥσπερ
2471 3976 2526 4012 τι
2556 3957 2750 4022 σκεῦός
2793 3961 2976 4026 ἐστιν,
3028 3961 3110 4022 εἰς
3143 3959 3301 4025 δόξαν
3331 3965 3778 4034 κατηρτισμένον
3811 3969 3840 4020 ὁ

2250 4050 2597 4122 Μονογενὴς,
2639 4052 2734 4104 καὶ
2765 4050 2953 4105 διοίσει
2997 4052 3098 4123 μὲν
3127 4052 3280 4108 οὐδὲν
3318 4053 3482 4109 αὐλοῦ
3518 4056 3614 4110 καὶ
3644 4056 3838 4129 λύρας,

2251 4147 2429 4200 έκεῖνο
2453 4145 2664 4216 φωνῶν,
2683 4145 2819 4217 ὅπερ
2841 4145 2906 4201 ἂν
2931 4144 3239 4215 ὲμπνέηται
3259 4147 3442 4219 τυχὸν,
3462 4147 3630 4218 ἧγουν
3645 4150 3842 4220 εὐρύθο

2256 4255 2373 4310 μως
2424 4237 2793 4309 ἀναμελῳδεῖν
2830 4237 2909 4308 τῷ
2941 4237 3204 4308 πλήκτρῳ
3246 4238 3538 4311 κελεύηται
3563 4256 3576 4270 °
3605 4241 3760 4296 ἔσται
3786 4243 3842 4296 δὲ

560 4327 631 4382 ab
687 4328 828 4398 ipso.
875 4325 1033 4394 Quod
1086 4330 1133 4384 si
1179 4345 1211 4384 a
1253 4330 1434 4387 Patris
1487 4326 1799 4385 subsmntia
1844 4326 1922 4380 ita
1971 4323 2148 4382 Filius

2255 4331 2396 4386 οὕτω
2422 4331 2763 4402 παράδεκτος
2790 4333 2871 4396 εἰς
2902 4331 3354 4402 θαυματουργίαν
3383 4331 3461 4402 τῷ
3509 4334 3688 4404 Πατρὶ
3714 4374 3729 4399 ,
3767 4336 3841 4399 ὡς

560 4419 880 4475 excluditur
918 4427 979 4474 ut
1019 4435 1130 4476 non
1163 4422 1238 4478 sit
1278 4430 1476 4477 natura
1517 4419 1683 4483 Deus,
1723 4417 2003 4486 quomodo
2039 4433 2148 4472 non

2257 4422 2322 4477 ἂν
2353 4425 2528 4476 νοοῖτο
2570 4422 2734 4492 τυχὸν
2767 4421 2968 4494 πρίων,
2999 4421 3032 4491 ἢ
3072 4421 3382 4494 σκέπαρνον
3413 4423 3528 4486 τοῖς
3573 4402 3744 4478 εἰδόσι
3783 4424 3844 4476 τὸ

558 4527 690 4567 vere
728 4511 966 4569 dicimus
1002 4529 1128 4569 eum
1164 4515 1309 4569 inter
1337 4521 1627 4570 creaturas
1654 4511 1988 4565 collocatum
2018 4523 2152 4564 con-

560 4613 911 4660 numeratum
961 4621 1108 4673 esse,
1160 4614 1326 4676 atque
1375 4603 1729 4660 instrumenti
1779 4603 1900 4657 loco
1939 4615 2155 4658 assum-

561 4705 737 4767 ptum,
787 4707 844 4754 ct
890 4714 991 4769 pro
1050 4697 1282 4754 Domino
1333 4698 1650 4753 ministrum
1699 4695 1921 4751 tandem
1977 4694 2153 4750 videri

562 4788 787 4854 Filium,
816 4791 910 4860 qui
949 4790 1061 4844 l)eo
1096 4805 1160 4844 ac
1189 4787 1341 4844 Patri
1372 4789 1602 4851 assidet.
1631 4789 1740 4844 imo
1773 4803 1841 4844 ne
1873 4802 2001 4842 vere
2030 4787 2157 4858 qui-

561 4881 686 4936 dem
709 4896 834 4936 esse
858 4879 1102 4934 Filium?
1135 4878 1248 4935 Nec
1278 4881 1427 4935 enim
1457 4879 1608 4952 quod
1643 4879 2001 4935 instrumenti
2035 4879 2159 4933 loco

565 4973 789 5041 ponitur
824 4989 924 5043 pro
960 4970 1102 5026 Filio
1135 4973 1264 5042 quis
1297 4974 1553 5044 accipiet.
1589 4973 2020 5030 Instrumentum
2051 4973 2159 5026 ita-

560 5081 672 5135 que
706 5082 824 5121 suae
857 5067 997 5121 artis
1030 5077 1126 5120 aut
1170 5068 1456 5138 sapientia:
1495 5067 1658 5123 Pater
1699 5069 1916 5140 genuit,
1949 5077 2006 5122 et
2055 5067 2158 5121 ali-

565 5157 696 5226 quid
745 5158 896 5212 aliud
934 5173 1101 5228 quam
1143 5159 1292 5228 quod
1335 5159 1453 5232 ipse
1484 5161 1559 5216 sit
1609 5161 1872 5232 genuisse
1915 5159 2157 5214 videtur.

565 5249 636 5301 At
665 5247 946 5316 quomodo
973 5246 1089 5302 ﬁeri
1121 5249 1255 5303 illud
1285 5258 1487 5320 potest,
1521 5258 1618 5306 aut
1657 5248 1940 5321 quomodo
1967 5249 2160 5305 istius-

568 5341 718 5397 modi
753 5340 1016 5411 quiddam
1060 5342 1113 5397 in
1163 5344 1408 5400 animum
1446 5346 1555 5401 sibi
1591 5344 1882 5410 reducere,
1920 5359 2030 5398 non
2072 5351 2158 5399 est

571 5432 995 5490 stultissimum?
1023 5433 1142 5492 Nisi
1179 5453 1310 5509 ergo
1350 5438 1549 5494 Filium
1584 5439 2017 5493 instrumentum
2063 5446 2157 5492 aut

569 5521 892 5578 ministrum
947 5527 1266 5585 existimare
1310 5528 1638 5594 cessaveris,
1687 5543 1922 5598 eumque
1970 5543 2153 5584 veram

573 5611 888 5682 genituram
938 5631 1062 5674 esse
1107 5635 1218 5673 non
1277 5619 1596 5683 admittens,
1646 5617 1978 5674 ineffabilem
2035 5619 2158 5688 ejus

578 5708 1011 5776 generationem,
1035 5727 1100 5767 ex
1113 5711 1429 5768 substantia
1461 5711 1551 5766 Dei
1577 5729 1639 5766 ac
1666 5711 1847 5766 Patris
1876 5712 2156 5779 nimirum,

578 5803 887 5872 negaveris,
937 5805 989 5859 in
1037 5803 1218 5872 ipsam
1261 5802 1538 5857 Gt‘lllltll‘is
1595 5805 1821 5870 gloriam
1878 5812 2156 5859 contume-

2259 4513 2596 4585 ξυλουργεῖν.
2634 4507 2772 4567 Εἶτα
2809 4513 2862 4568 τί
2903 4512 3095 4566 τούτου
3141 4511 3634 4584 παραλογώτερον;
3686 4514 3844 4569 Οῦτω

2258 4606 2368 4676 γὰρ
2396 4605 2536 4676 ἔχων
2567 4605 2805 4674 φύσεως,
2836 4605 3088 4676 καθάπερ
3113 4604 3313 4658 ἐκεῖνοί
3338 4622 3524 4675 φασιν,
3561 4606 3843 4677 ἀλλότριος

2259 4697 2413 4752 ἔσται
2445 4697 2724 4761 παντελῶς
2759 4696 2853 4750 τοῦ
2896 4697 3033 4750 Θεοῦ
3071 4697 3167 4750 καὶ
3198 4697 3436 4767 Πατρὸς,
3474 4698 3598 4752 ὅσον
3639 4699 3759 4752 έστί
3787 4699 3844 4752 τὸ

2261 4786 2400 4844 εἶναι
2430 4791 2589 4858 φύσει
2617 4788 2752 4854 Θεὸς
2791 4790 2850 4842 ὲν
2891 4789 3023 4859 ἡμῖν
3047 4828 3062 4852 ,
3111 4789 3207 4842 καὶ
3249 4788 3438 4858 ἕτερος
3495 4789 3629 4860 παρ’
3684 4793 3846 4845 αὑτὸν

2259 4882 2454 4946 οὐδείς.
2496 4883 2559 4936 Εἰ
2602 4882 2658 4936 δὲ
2705 4883 2806 4953 τῆς
2852 4881 2947 4935 τοῦ
2987 4881 3204 4953 Πατρὸς
3242 4881 3431 4946 οὐσίας
3475 4884 3503 4936 ό
3533 4882 3666 4946 Υἱὸς
3714 4885 3846 4937 άπο-

2264 4973 2611 5046 σχοινίζεται,
2642 4975 2784 5028 κατά
2821 4991 2884 5043 γε
2935 4973 2996 5027 τὸ
3036 4970 3176 5028 εἶναι
3212 4973 3374 5043 φύσει
3411 4974 3567 5039 Θεὸς,
3602 4975 3722 5039 πῶς
3750 4978 3846 5029 οὑκ

2262 5065 2478 5137 ἀληθῶς
2505 5065 2606 5137 ἥδη
2651 5063 2853 5134 φαμὲν,
2898 5063 3080 5133 ὅτιτῇ
3131 5063 3306 5117 κτίσει
3358 5062 3725 5118 συντέτακται
3755 5065 3846 5118 καὶ

2265 5158 2666 5229 συνηρίθμηται
2709 5158 2822 5218 τοῖς
2852 5155 3158 5226 ποιήμασι,
3195 5155 3290 5208 καὶ
3334 5154 3394 5208 ὲν
3426 5153 3664 5226 ὀργάνου
3707 5174 3847 5228 παρ-

2263 5248 2473 5320 ελήφθη
2521 5247 2722 5319 χρεία,
2761 5246 2858 5300 καὶ
2900 5246 3176 5317 ὑπουργὸς
3225 5247 3358 5315 ἡμῖν
3404 5247 3526 5300 ἀντὶ
3581 5246 3846 5301 δεσπότου

2267 5339 2506 5408 πέφηνεν
2531 5335 2630 5407 ἤδη
2661 5334 2844 5388 λοιπὸν
2870 5336 2898 5388 ό
2925 5332 3004 5404 τῷ
3031 5332 3150 5403 Θεῷ
3183 5332 3278 5385 καὶ
3309 5333 3484 5404 Πατρὶ
3513 5332 3848 5405 συνεδρεύων

2265 5432 2392 5494 Υἱὸς
2417 5470 2432 5494 ,
2467 5428 2669 5500 μᾶλλον
2705 5427 2762 5480 δὲ
2794 5425 2918 5480 οὐδὲ
2958 5424 3087 5488 Υἱός
3111 5425 3229 5477 ἐστι
3272 5423 3414 5478 κατὰ
3441 5423 3740 5496 ἀλήθειαν;
3775 5423 3845 5476 Οὐ

2263 5526 2373 5596 γὰρ
2413 5524 2474 5578 τὸ
2516 5525 2574 5575 ὲν
2621 5521 2853 5592 ὀργάνου
2886 5518 3040 5583 τάξει
3075 5516 3232 5572 τεθὲν
3261 5517 3344 5579 εἰς
3369 5515 3499 5569 Υἰόν
3527 5533 3614 5581 τις
3655 5516 3845 5586 νοήσαι

2269 5619 2364 5671 καὶ
2404 5613 2785 5686 παραδέξαιτό.
2836 5610 3150 5682 Ἐργαλείον
3195 5603 3291 5664 οὖν
3331 5608 3440 5679 ἄρα
3473 5608 3575 5679 τῆς
3620 5607 3847 5678 ἐνούσης

2272 5707 2418 5778 αὑτῷ
2460 5705 2654 5775 τέχνης
2683 5705 2801 5774 ἤτοι
2840 5704 3031 5773 σοφίας
3060 5701 3246 5756 ἔτεκεν
3276 5703 3304 5756 ό
3349 5701 3562 5774 Πατὴρ,
3604 5702 3699 5755 καὶ
3731 5701 3848 5756 ἕτε-

2271 5801 2360 5869 ρόν
2401 5815 2450 5850 τι
2505 5798 2628 5868 παρ’
2676 5799 2810 5867 ὅπερ
2862 5797 3007 5850 ἐστὶν
3058 5796 3216 5859 αὐτὸς
3268 5795 3588 5866 ἀποκυήσεις
3631 5795 3846 5868 ὁρᾶται.
