  <div class='ocr_page' id='page_1' title='image "/cluster/home/n/w/nwhite01/storage/ocr_20150623/74/pst.000004029052/124.png"; bbox 0 0 3992 6316; ppageno 0'>
   <div class='ocr_carea' id='block_1_1' title="bbox 168 334 284 388">
    <p class='ocr_par' dir='ltr' id='par_1_1' title="bbox 168 334 284 388">
     <span class='ocr_line' id='line_1_1' title="bbox 168 334 284 388; baseline 0.009 -1"><span class='ocrx_word' id='word_1_1' title='bbox 168 334 284 388; x_wconf 70' lang='lat'><strong>225</strong></span> 
     </span>
    </p>
   </div>
   <div class='ocr_carea' id='block_1_2' title="bbox 1273 317 2429 380">
    <p class='ocr_par' dir='ltr' id='par_1_2' title="bbox 1273 317 2429 380">
     <span class='ocr_line' id='line_1_2' title="bbox 1273 317 2429 380; baseline -0.004 0"><span class='ocrx_word' id='word_1_2' title='bbox 1273 325 1338 380; x_wconf 84' lang='lat' dir='ltr'><strong>IN</strong></span> <span class='ocrx_word' id='word_1_3' title='bbox 1373 319 1660 380; x_wconf 74' lang='lat' dir='ltr'><strong>JOANNIS</strong></span> <span class='ocrx_word' id='word_1_4' title='bbox 1681 317 2134 377; x_wconf 73' lang='lat' dir='ltr'><strong>EVANGEIJUM</strong></span> <span class='ocrx_word' id='word_1_5' title='bbox 2176 320 2300 377; x_wconf 83' lang='lat' dir='ltr'><strong>LIB.</strong></span> <span class='ocrx_word' id='word_1_6' title='bbox 2339 322 2429 376; x_wconf 77' lang='lat' dir='ltr'><strong>IX.</strong></span> 
     </span>
    </p>
   </div>
   <div class='ocr_carea' id='block_1_3' title="bbox 3331 326 3436 382">
    <p class='ocr_par' dir='ltr' id='par_1_3' title="bbox 3331 326 3436 382">
     <span class='ocr_line' id='line_1_3' title="bbox 3331 326 3436 382; baseline 0.01 -1"><span class='ocrx_word' id='word_1_7' title='bbox 3331 326 3436 382; x_wconf 70' lang='lat'><strong>226</strong></span> 
     </span>
    </p>
   </div>
   <div class='ocr_carea' id='block_1_4' title="bbox 170 435 1760 511">
    <p class='ocr_par' dir='ltr' id='par_1_4' title="bbox 170 436 1751 511">
     <span class='ocr_line' id='line_1_4' title="bbox 170 436 1751 511; baseline -0.007 -11"><span class='ocrx_word' id='word_1_8' title='bbox 170 445 291 500; x_wconf 72' lang='grc' dir='ltr'><strong>Καὶ</strong></span> <span class='ocrx_word' id='word_1_9' title='bbox 325 443 440 506; x_wconf 85' lang='grc' dir='ltr'><strong>πῶς</strong></span> <span class='ocrx_word' id='word_1_10' title='bbox 470 442 535 497; x_wconf 86' lang='grc' dir='ltr'>ἂν</span> <span class='ocrx_word' id='word_1_11' title='bbox 566 440 865 511; x_wconf 77' lang='grc' dir='ltr'>ἐνδέχοιτο;</span> <span class='ocrx_word' id='word_1_12' title='bbox 899 439 1011 503; x_wconf 87' lang='grc' dir='ltr'><strong>πῶς</strong></span> <span class='ocrx_word' id='word_1_13' title='bbox 1042 439 1096 493; x_wconf 79' lang='grc' dir='ltr'>δὲ</span> <span class='ocrx_word' id='word_1_14' title='bbox 1126 440 1226 492; x_wconf 82' lang='grc' dir='ltr'><strong>οὐκ</strong></span> <span class='ocrx_word' id='word_1_15' title='bbox 1249 438 1442 508; x_wconf 76' lang='grc' dir='ltr'>εὔηθες</span> <span class='ocrx_word' id='word_1_16' title='bbox 1472 436 1751 498; x_wconf 82' lang='grc' dir='ltr'><strong>παντελῶς</strong></span> 
     </span>
    </p>
   </div>
   <div class='ocr_carea' id='block_1_5' title="bbox 1861 435 3439 511">
    <p class='ocr_par' dir='ltr' id='par_1_5' title="bbox 1861 435 3439 511">
     <span class='ocr_line' id='line_1_5' title="bbox 1861 435 3439 511; baseline 0.005 -22"><span class='ocrx_word' id='word_1_17' title='bbox 1861 436 2033 494; x_wconf 90' lang='lat' dir='ltr'><strong>liosus</strong></span> <span class='ocrx_word' id='word_1_18' title='bbox 2063 441 2194 493; x_wconf 90' lang='lat' dir='ltr'><strong>eris.</strong></span> <span class='ocrx_word' id='word_1_19' title='bbox 2229 437 2338 493; x_wconf 83' lang='lat' dir='ltr'><strong>Nec</strong></span> <span class='ocrx_word' id='word_1_20' title='bbox 2370 435 2518 493; x_wconf 80' lang='lat' dir='ltr'><strong>enini</strong></span> <span class='ocrx_word' id='word_1_21' title='bbox 2549 437 2691 493; x_wconf 87' lang='lat' dir='ltr'><strong>ultra</strong></span> <span class='ocrx_word' id='word_1_22' title='bbox 2721 438 2882 495; x_wconf 86' lang='lat' dir='ltr'><strong>Pater</strong></span> <span class='ocrx_word' id='word_1_23' title='bbox 2921 439 3084 511; x_wconf 80' lang='lat' dir='ltr'><strong>79o</strong></span> <span class='ocrx_word' id='word_1_24' title='bbox 3114 455 3236 495; x_wconf 88' lang='lat' dir='ltr'><strong>vere</strong></span> <span class='ocrx_word' id='word_1_25' title='bbox 3278 440 3439 497; x_wconf 82' lang='lat' dir='ltr'><strong>Pater</strong></span> 
     </span>
    </p>
   </div>
   <div class='ocr_carea' id='block_1_6' title="bbox 166 529 1752 600">
    <p class='ocr_par' dir='ltr' id='par_1_6' title="bbox 166 529 1752 600">
     <span class='ocr_line' id='line_1_6' title="bbox 166 529 1752 600; baseline -0.006 -10"><span class='ocrx_word' id='word_1_26' title='bbox 166 537 235 590; x_wconf 75' lang='grc' dir='ltr'><strong>τὸ</strong></span> <span class='ocrx_word' id='word_1_27' title='bbox 265 539 406 589; x_wconf 89' lang='grc' dir='ltr'>νοεῖν</span> <span class='ocrx_word' id='word_1_28' title='bbox 437 551 488 588; x_wconf 89' lang='grc' dir='ltr'><strong>τι</strong></span> <span class='ocrx_word' id='word_1_29' title='bbox 535 532 811 599; x_wconf 85' lang='grc' dir='ltr'>τοιοῦτον;</span> <span class='ocrx_word' id='word_1_30' title='bbox 855 534 968 586; x_wconf 77' lang='grc' dir='ltr'>Οὐκ</span> <span class='ocrx_word' id='word_1_31' title='bbox 1019 531 1335 597; x_wconf 80' lang='grc' dir='ltr'><strong>ἀπαλλάξας</strong></span> <span class='ocrx_word' id='word_1_32' title='bbox 1375 531 1555 583; x_wconf 85' lang='grc' dir='ltr'>τοίνυν</span> <span class='ocrx_word' id='word_1_33' title='bbox 1587 529 1752 600; x_wconf 82' lang='grc' dir='ltr'>ὀργα-</span> 
     </span>
    </p>
   </div>
   <div class='ocr_carea' id='block_1_7' title="bbox 171 619 1757 696">
    <p class='ocr_par' dir='ltr' id='par_1_7' title="bbox 171 619 1757 696">
     <span class='ocr_line' id='line_1_7' title="bbox 171 619 1757 696; baseline -0.006 -15"><span class='ocrx_word' id='word_1_34' title='bbox 171 626 336 696; x_wconf 81' lang='grc' dir='ltr'>νικῆς</span> <span class='ocrx_word' id='word_1_35' title='bbox 363 643 424 679; x_wconf 83' lang='grc' dir='ltr'><strong>τε</strong></span> <span class='ocrx_word' id='word_1_36' title='bbox 457 625 550 678; x_wconf 80' lang='grc' dir='ltr'><strong>καὶ</strong></span> <span class='ocrx_word' id='word_1_37' title='bbox 574 623 851 694; x_wconf 73' lang='grc' dir='ltr'>οἰκετικῆς</span> <span class='ocrx_word' id='word_1_38' title='bbox 881 621 1200 694; x_wconf 65' lang='grc' dir='ltr'>ὑπολήψεως</span> <span class='ocrx_word' id='word_1_39' title='bbox 1226 621 1316 673; x_wconf 79' lang='grc' dir='ltr'><strong>τὸν</strong></span> <span class='ocrx_word' id='word_1_40' title='bbox 1340 620 1489 686; x_wconf 83' lang='grc' dir='ltr'>Υἰὺν,</span> <span class='ocrx_word' id='word_1_41' title='bbox 1512 619 1757 690; x_wconf 78' lang='grc' dir='ltr'><strong>γέννημα</strong></span> 
     </span>
    </p>
   </div>
   <div class='ocr_carea' id='block_1_8' title="bbox 171 710 1758 788">
    <p class='ocr_par' dir='ltr' id='par_1_8' title="bbox 171 710 1758 788">
     <span class='ocr_line' id='line_1_8' title="bbox 171 710 1758 788; baseline -0.006 -16"><span class='ocrx_word' id='word_1_42' title='bbox 171 719 230 772; x_wconf 86' lang='grc' dir='ltr'>δὲ</span> <span class='ocrx_word' id='word_1_43' title='bbox 259 717 408 771; x_wconf 84' lang='grc' dir='ltr'><strong>κατά</strong></span> <span class='ocrx_word' id='word_1_44' title='bbox 437 715 694 788; x_wconf 83' lang='grc' dir='ltr'>ἀλήθειαν</span> <span class='ocrx_word' id='word_1_45' title='bbox 728 714 1006 784; x_wconf 85' lang='grc' dir='ltr'>ὁμολογῶν</span> <span class='ocrx_word' id='word_1_46' title='bbox 1049 713 1212 767; x_wconf 78' lang='grc' dir='ltr'>αὑτὸν</span> <span class='ocrx_word' id='word_1_47' title='bbox 1239 711 1492 782; x_wconf 81' lang='grc' dir='ltr'><strong>οὐδαμῶς</strong></span> <span class='ocrx_word' id='word_1_48' title='bbox 1513 752 1528 777; x_wconf 87' lang='grc'><strong>,</strong></span> <span class='ocrx_word' id='word_1_49' title='bbox 1557 710 1758 782; x_wconf 82' lang='grc' dir='ltr'>ἀρνού-</span> 
     </span>
    </p>
   </div>
   <div class='ocr_carea' id='block_1_9' title="bbox 180 801 1759 884">
    <p class='ocr_par' dir='ltr' id='par_1_9' title="bbox 180 801 1759 884">
     <span class='ocr_line' id='line_1_9' title="bbox 180 801 1759 884; baseline -0.006 -20"><span class='ocrx_word' id='word_1_50' title='bbox 180 829 344 884; x_wconf 85' lang='grc' dir='ltr'>μενος</span> <span class='ocrx_word' id='word_1_51' title='bbox 377 810 433 864; x_wconf 84' lang='grc' dir='ltr'><strong>δὲ</strong></span> <span class='ocrx_word' id='word_1_52' title='bbox 463 809 561 878; x_wconf 80' lang='grc' dir='ltr'><strong>τὴν</strong></span> <span class='ocrx_word' id='word_1_53' title='bbox 591 806 831 879; x_wconf 82' lang='grc' dir='ltr'>ἀρῤητον</span> <span class='ocrx_word' id='word_1_54' title='bbox 875 805 1128 876; x_wconf 82' lang='grc' dir='ltr'><strong>γέννησιν</strong></span> <span class='ocrx_word' id='word_1_55' title='bbox 1153 849 1168 872; x_wconf 92' lang='grc'><strong>,</strong></span> <span class='ocrx_word' id='word_1_56' title='bbox 1215 804 1314 876; x_wconf 84' lang='grc' dir='ltr'>τὴν</span> <span class='ocrx_word' id='word_1_57' title='bbox 1343 805 1408 857; x_wconf 85' lang='grc' dir='ltr'>ὲκ</span> <span class='ocrx_word' id='word_1_58' title='bbox 1443 802 1546 873; x_wconf 86' lang='grc' dir='ltr'>τῆς</span> <span class='ocrx_word' id='word_1_59' title='bbox 1573 801 1759 865; x_wconf 84' lang='grc' dir='ltr'>οὐσίας</span> 
     </span>
    </p>
   </div>
   <div class='ocr_carea' id='block_1_10' title="bbox 175 894 1754 971">
    <p class='ocr_par' dir='ltr' id='par_1_10' title="bbox 175 894 1754 971">
     <span class='ocr_line' id='line_1_10' title="bbox 175 894 1754 971; baseline -0.007 -14"><span class='ocrx_word' id='word_1_60' title='bbox 175 903 274 957; x_wconf 87' lang='grc' dir='ltr'><strong>τοῦ</strong></span> <span class='ocrx_word' id='word_1_61' title='bbox 312 901 450 956; x_wconf 87' lang='grc' dir='ltr'>Θεοῦ</span> <span class='ocrx_word' id='word_1_62' title='bbox 494 901 590 955; x_wconf 79' lang='grc' dir='ltr'><strong>καὶ</strong></span> <span class='ocrx_word' id='word_1_63' title='bbox 645 898 863 971; x_wconf 81' lang='grc' dir='ltr'>Πατρός</span> <span class='ocrx_word' id='word_1_64' title='bbox 917 915 1096 969; x_wconf 68' lang='grc' dir='ltr'>φημι,</span> <span class='ocrx_word' id='word_1_65' title='bbox 1153 897 1323 968; x_wconf 75' lang='grc' dir='ltr'>αὐτὴν</span> <span class='ocrx_word' id='word_1_66' title='bbox 1354 895 1634 966; x_wconf 84' lang='grc' dir='ltr'>ἀδικήσεις</span> <span class='ocrx_word' id='word_1_67' title='bbox 1659 894 1754 947; x_wconf 89' lang='grc' dir='ltr'><strong>τοῦ</strong></span> 
     </span>
    </p>
   </div>
   <div class='ocr_carea' id='block_1_11' title="bbox 176 988 1756 1065">
    <p class='ocr_par' dir='ltr' id='par_1_11' title="bbox 176 988 1756 1065">
     <span class='ocr_line' id='line_1_11' title="bbox 176 988 1756 1065; baseline -0.005 -17"><span class='ocrx_word' id='word_1_68' title='bbox 176 997 430 1058; x_wconf 76' lang='grc' dir='ltr'>τεκόντος</span> <span class='ocrx_word' id='word_1_69' title='bbox 457 994 554 1065; x_wconf 80' lang='grc' dir='ltr'>τὴν</span> <span class='ocrx_word' id='word_1_70' title='bbox 589 991 767 1058; x_wconf 80' lang='grc' dir='ltr'>δόξαν.</span> <span class='ocrx_word' id='word_1_71' title='bbox 801 993 919 1053; x_wconf 80' lang='grc' dir='ltr'>Οὐκ</span> <span class='ocrx_word' id='word_1_72' title='bbox 959 990 1040 1045; x_wconf 80' lang='grc' dir='ltr'>ἔτι</span> <span class='ocrx_word' id='word_1_73' title='bbox 1082 991 1191 1061; x_wconf 83' lang='grc' dir='ltr'>γὰρ</span> <span class='ocrx_word' id='word_1_74' title='bbox 1220 991 1372 1044; x_wconf 71' lang='grc' dir='ltr'>ἔσται</span> <span class='ocrx_word' id='word_1_75' title='bbox 1404 990 1597 1061; x_wconf 85' lang='grc' dir='ltr'>Πατὴρ</span> <span class='ocrx_word' id='word_1_76' title='bbox 1635 988 1756 1041; x_wconf 86' lang='grc' dir='ltr'>κατ’</span> 
     </span>
    </p>
   </div>
   <div class='ocr_carea' id='block_1_12' title="bbox 177 1079 1758 1157">
    <p class='ocr_par' dir='ltr' id='par_1_12' title="bbox 177 1079 1758 1157">
     <span class='ocr_line' id='line_1_12' title="bbox 177 1079 1758 1157; baseline -0.004 -19"><span class='ocrx_word' id='word_1_77' title='bbox 177 1086 440 1157; x_wconf 84' lang='grc' dir='ltr'>ἀλήθειαν</span> <span class='ocrx_word' id='word_1_78' title='bbox 487 1087 516 1138; x_wconf 88' lang='grc' dir='ltr'>ὁ</span> <span class='ocrx_word' id='word_1_79' title='bbox 559 1085 770 1154; x_wconf 87' lang='grc' dir='ltr'>Πατήρ.</span> <span class='ocrx_word' id='word_1_80' title='bbox 832 1085 890 1136; x_wconf 91' lang='lat'><strong>&#39;0</strong></span> <span class='ocrx_word' id='word_1_81' title='bbox 937 1082 1046 1154; x_wconf 90' lang='grc' dir='ltr'><strong>γάρ</strong></span> <span class='ocrx_word' id='word_1_82' title='bbox 1090 1082 1166 1153; x_wconf 84' lang='grc' dir='ltr'>μὴ</span> <span class='ocrx_word' id='word_1_83' title='bbox 1214 1081 1480 1152; x_wconf 85' lang='grc' dir='ltr'>γεννήσας</span> <span class='ocrx_word' id='word_1_84' title='bbox 1520 1080 1654 1142; x_wconf 83' lang='grc' dir='ltr'>ὅλως</span> <span class='ocrx_word' id='word_1_85' title='bbox 1699 1079 1758 1145; x_wconf 74' lang='grc' dir='ltr'>ἐξ</span> 
     </span>
    </p>
   </div>
   <div class='ocr_carea' id='block_1_13' title="bbox 177 1169 1757 1246">
    <p class='ocr_par' dir='ltr' id='par_1_13' title="bbox 177 1169 1757 1246">
     <span class='ocr_line' id='line_1_13' title="bbox 177 1169 1757 1246; baseline -0.004 -16"><span class='ocrx_word' id='word_1_86' title='bbox 177 1177 398 1244; x_wconf 81' lang='grc' dir='ltr'>ἑαυτοῦ,</span> <span class='ocrx_word' id='word_1_87' title='bbox 433 1177 577 1240; x_wconf 88' lang='grc' dir='ltr'>τίνος</span> <span class='ocrx_word' id='word_1_88' title='bbox 632 1175 700 1230; x_wconf 84' lang='grc' dir='ltr'>ἂν</span> <span class='ocrx_word' id='word_1_89' title='bbox 755 1174 842 1246; x_wconf 79' lang='grc' dir='ltr'><strong>εἴη</strong></span> <span class='ocrx_word' id='word_1_90' title='bbox 893 1179 1035 1228; x_wconf 85' lang='grc' dir='ltr'><strong>κατά</strong></span> <span class='ocrx_word' id='word_1_91' title='bbox 1088 1174 1252 1244; x_wconf 81' lang='grc' dir='ltr'>φύσιν</span> <span class='ocrx_word' id='word_1_92' title='bbox 1305 1173 1524 1244; x_wconf 82' lang='grc' dir='ltr'>πατήρ;</span> <span class='ocrx_word' id='word_1_93' title='bbox 1577 1169 1757 1224; x_wconf 80' lang='grc' dir='ltr'>Ψευδ-</span> 
     </span>
    </p>
   </div>
   <div class='ocr_carea' id='block_1_14' title="bbox 176 1261 1758 1338">
    <p class='ocr_par' dir='ltr' id='par_1_14' title="bbox 176 1261 1758 1338">
     <span class='ocr_line' id='line_1_14' title="bbox 176 1261 1758 1338; baseline -0.004 -18"><span class='ocrx_word' id='word_1_94' title='bbox 176 1266 396 1338; x_wconf 85' lang='grc' dir='ltr'>ὡνυμος</span> <span class='ocrx_word' id='word_1_95' title='bbox 427 1262 520 1320; x_wconf 80' lang='grc' dir='ltr'>οὖν</span> <span class='ocrx_word' id='word_1_96' title='bbox 543 1267 650 1336; x_wconf 86' lang='grc' dir='ltr'>ἄρα</span> <span class='ocrx_word' id='word_1_97' title='bbox 693 1264 1032 1334; x_wconf 82' lang='grc' dir='ltr'>παντελῶςὴ</span> <span class='ocrx_word' id='word_1_98' title='bbox 1069 1264 1201 1332; x_wconf 87' lang='grc' dir='ltr'><strong>ἀγία</strong></span> <span class='ocrx_word' id='word_1_99' title='bbox 1242 1263 1446 1335; x_wconf 87' lang='grc' dir='ltr'>Τριάς,</span> <span class='ocrx_word' id='word_1_100' title='bbox 1486 1264 1623 1333; x_wconf 88' lang='grc' dir='ltr'>μήτε</span> <span class='ocrx_word' id='word_1_101' title='bbox 1662 1261 1758 1314; x_wconf 89' lang='grc' dir='ltr'><strong>τοῦ</strong></span> 
     </span>
    </p>
   </div>
   <div class='ocr_carea' id='block_1_15' title="bbox 176 1353 1758 1430">
    <p class='ocr_par' dir='ltr' id='par_1_15' title="bbox 176 1353 1758 1430">
     <span class='ocr_line' id='line_1_15' title="bbox 176 1353 1758 1430; baseline -0.004 -18"><span class='ocrx_word' id='word_1_102' title='bbox 176 1360 398 1430; x_wconf 64' lang='grc' dir='ltr'>Πατρός</span> <span class='ocrx_word' id='word_1_103' title='bbox 422 1359 576 1421; x_wconf 79' lang='grc' dir='ltr'>ὄντος</span> <span class='ocrx_word' id='word_1_104' title='bbox 605 1357 745 1410; x_wconf 81' lang='grc' dir='ltr'>κατὰ</span> <span class='ocrx_word' id='word_1_105' title='bbox 774 1357 1034 1428; x_wconf 89' lang='grc' dir='ltr'>ἀλήθειαν</span> <span class='ocrx_word' id='word_1_106' title='bbox 1066 1356 1300 1427; x_wconf 84' lang='grc' dir='ltr'>Πατρὸς,</span> <span class='ocrx_word' id='word_1_107' title='bbox 1336 1357 1475 1426; x_wconf 80' lang='grc' dir='ltr'>μήτε</span> <span class='ocrx_word' id='word_1_108' title='bbox 1498 1356 1603 1426; x_wconf 76' lang='grc' dir='ltr'>μὴν</span> <span class='ocrx_word' id='word_1_109' title='bbox 1626 1353 1758 1407; x_wconf 89' lang='grc' dir='ltr'>Υἰοῦ</span> 
     </span>
    </p>
   </div>
   <div class='ocr_carea' id='block_1_16' title="bbox 177 1445 1760 1520">
    <p class='ocr_par' dir='ltr' id='par_1_16' title="bbox 177 1445 1760 1520">
     <span class='ocr_line' id='line_1_16' title="bbox 177 1445 1760 1520; baseline -0.003 -18"><span class='ocrx_word' id='word_1_110' title='bbox 177 1450 326 1503; x_wconf 69' lang='grc' dir='ltr'>κιτά</span> <span class='ocrx_word' id='word_1_111' title='bbox 356 1450 517 1520; x_wconf 79' lang='grc' dir='ltr'>φύσιν</span> <span class='ocrx_word' id='word_1_112' title='bbox 550 1449 644 1502; x_wconf 89' lang='grc' dir='ltr'><strong>τοῦ</strong></span> <span class='ocrx_word' id='word_1_113' title='bbox 679 1448 838 1502; x_wconf 86' lang='grc' dir='ltr'>Υἰοῦ·</span> <span class='ocrx_word' id='word_1_114' title='bbox 874 1449 1233 1520; x_wconf 81' lang='grc' dir='ltr'>ἀκολουθήσει</span> <span class='ocrx_word' id='word_1_115' title='bbox 1265 1448 1322 1502; x_wconf 81' lang='grc' dir='ltr'>δὲ</span> <span class='ocrx_word' id='word_1_116' title='bbox 1353 1447 1635 1514; x_wconf 84' lang='grc' dir='ltr'>ἀναλόγως</span> <span class='ocrx_word' id='word_1_117' title='bbox 1679 1445 1760 1516; x_wconf 79' lang='grc' dir='ltr'>τῷ</span> 
     </span>
    </p>
   </div>
   <div class='ocr_carea' id='block_1_17' title="bbox 177 1540 1755 1614">
    <p class='ocr_par' dir='ltr' id='par_1_17' title="bbox 177 1540 1755 1614">
     <span class='ocr_line' id='line_1_17' title="bbox 177 1540 1755 1614; baseline -0.003 -18"><span class='ocrx_word' id='word_1_118' title='bbox 177 1544 504 1614; x_wconf 82' lang='grc' dir='ltr'>θεωρήματι</span> <span class='ocrx_word' id='word_1_119' title='bbox 543 1542 636 1595; x_wconf 81' lang='grc' dir='ltr'><strong>καί</strong></span> <span class='ocrx_word' id='word_1_120' title='bbox 679 1545 712 1612; x_wconf 84' lang='grc' dir='ltr'><strong>ἡ</strong></span> <span class='ocrx_word' id='word_1_121' title='bbox 761 1541 903 1596; x_wconf 85' lang='grc' dir='ltr'>κατὰ</span> <span class='ocrx_word' id='word_1_122' title='bbox 948 1542 1043 1594; x_wconf 85' lang='grc' dir='ltr'><strong>τοῦ</strong></span> <span class='ocrx_word' id='word_1_123' title='bbox 1098 1540 1412 1612; x_wconf 86' lang='grc' dir='ltr'>Πνεύματος</span> <span class='ocrx_word' id='word_1_124' title='bbox 1456 1540 1755 1609; x_wconf 75' lang='grc' dir='ltr'>δυσφημία.</span> 
     </span>
    </p>
   </div>
   <div class='ocr_carea' id='block_1_18' title="bbox 178 1630 1756 1704">
    <p class='ocr_par' dir='ltr' id='par_1_18' title="bbox 178 1630 1756 1704">
     <span class='ocr_line' id='line_1_18' title="bbox 178 1630 1756 1704; baseline -0.004 -15"><span class='ocrx_word' id='word_1_125' title='bbox 178 1635 393 1690; x_wconf 80' lang='grc' dir='ltr'>Οὐκοῦν</span> <span class='ocrx_word' id='word_1_126' title='bbox 447 1633 800 1704; x_wconf 80' lang='grc' dir='ltr'>ἠπατήμεθα,</span> <span class='ocrx_word' id='word_1_127' title='bbox 849 1634 942 1688; x_wconf 75' lang='grc' dir='ltr'><strong>καὶ</strong></span> <span class='ocrx_word' id='word_1_128' title='bbox 985 1633 1300 1703; x_wconf 72' lang='grc' dir='ltr'>διέψευσται</span> <span class='ocrx_word' id='word_1_129' title='bbox 1341 1631 1497 1703; x_wconf 79' lang='grc' dir='ltr'>μὲνὴ</span> <span class='ocrx_word' id='word_1_130' title='bbox 1536 1630 1756 1691; x_wconf 80' lang='grc' dir='ltr'>πίστις’</span> 
     </span>
    </p>
   </div>
   <div class='ocr_carea' id='block_1_19' title="bbox 176 1719 1759 1795">
    <p class='ocr_par' dir='ltr' id='par_1_19' title="bbox 176 1719 1759 1795">
     <span class='ocr_line' id='line_1_19' title="bbox 176 1719 1759 1795; baseline -0.003 -18"><span class='ocrx_word' id='word_1_131' title='bbox 176 1725 513 1795; x_wconf 82' lang='grc' dir='ltr'>ψευδομυθεῖ</span> <span class='ocrx_word' id='word_1_132' title='bbox 544 1725 598 1778; x_wconf 82' lang='grc' dir='ltr'>δὲ</span> <span class='ocrx_word' id='word_1_133' title='bbox 628 1727 659 1794; x_wconf 82' lang='grc' dir='ltr'><strong>ἡ</strong></span> <span class='ocrx_word' id='word_1_134' title='bbox 695 1724 825 1792; x_wconf 79' lang='grc' dir='ltr'>ἁγία</span> <span class='ocrx_word' id='word_1_135' title='bbox 868 1723 1060 1794; x_wconf 76' lang='grc' dir='ltr'>Γραφὴ</span> <span class='ocrx_word' id='word_1_136' title='bbox 1082 1762 1097 1786; x_wconf 92' lang='grc'><strong>,</strong></span> <span class='ocrx_word' id='word_1_137' title='bbox 1146 1722 1365 1794; x_wconf 83' lang='grc' dir='ltr'>Πατέρα</span> <span class='ocrx_word' id='word_1_138' title='bbox 1393 1720 1636 1776; x_wconf 79' lang='grc' dir='ltr'>καλοῦσα</span> <span class='ocrx_word' id='word_1_139' title='bbox 1667 1719 1759 1772; x_wconf 79' lang='grc' dir='ltr'>τὸν</span> 
     </span>
    </p>
   </div>
   <div class='ocr_carea' id='block_1_20' title="bbox 1858 527 3438 604">
    <p class='ocr_par' dir='ltr' id='par_1_20' title="bbox 1858 527 3438 604">
     <span class='ocr_line' id='line_1_20' title="bbox 1858 527 3438 604; baseline 0.004 -23"><span class='ocrx_word' id='word_1_140' title='bbox 1858 527 2081 585; x_wconf 81' lang='lat' dir='ltr'><strong>futurus</strong></span> <span class='ocrx_word' id='word_1_141' title='bbox 2109 541 2212 586; x_wconf 90' lang='lat' dir='ltr'><strong>est.</strong></span> <span class='ocrx_word' id='word_1_142' title='bbox 2239 529 2375 585; x_wconf 88' lang='lat' dir='ltr'><strong>Nam</strong></span> <span class='ocrx_word' id='word_1_143' title='bbox 2397 530 2490 600; x_wconf 89' lang='lat' dir='ltr'><strong>qui</strong></span> <span class='ocrx_word' id='word_1_144' title='bbox 2524 532 2750 588; x_wconf 86' lang='lat' dir='ltr'><strong>omnino</strong></span> <span class='ocrx_word' id='word_1_145' title='bbox 2773 549 2840 588; x_wconf 79' lang='lat' dir='ltr'><strong>ex</strong></span> <span class='ocrx_word' id='word_1_146' title='bbox 2871 534 3054 604; x_wconf 90' lang='lat' dir='ltr'><strong>seipso</strong></span> <span class='ocrx_word' id='word_1_147' title='bbox 3078 549 3187 588; x_wconf 92' lang='lat' dir='ltr'><strong>non</strong></span> <span class='ocrx_word' id='word_1_148' title='bbox 3227 535 3438 604; x_wconf 77' lang='lat' dir='ltr'><strong>genuit,</strong></span> 
     </span>
    </p>
   </div>
   <div class='ocr_carea' id='block_1_21' title="bbox 1857 622 3441 696">
    <p class='ocr_par' dir='ltr' id='par_1_21' title="bbox 1857 622 3441 696">
     <span class='ocr_line' id='line_1_21' title="bbox 1857 622 3441 696; baseline 0.002 -18"><span class='ocrx_word' id='word_1_149' title='bbox 1857 622 2149 693; x_wconf 85' lang='lat' dir='ltr'><strong>cujusnam</strong></span> <span class='ocrx_word' id='word_1_150' title='bbox 2187 624 2492 679; x_wconf 89' lang='lat' dir='ltr'><strong>secundum</strong></span> <span class='ocrx_word' id='word_1_151' title='bbox 2523 634 2777 679; x_wconf 90' lang='lat' dir='ltr'><strong>naturam</strong></span> <span class='ocrx_word' id='word_1_152' title='bbox 2803 634 2960 696; x_wconf 88' lang='lat' dir='ltr'><strong>pater</strong></span> <span class='ocrx_word' id='word_1_153' title='bbox 2984 627 3130 682; x_wconf 88' lang='lat' dir='ltr'><strong>erit?</strong></span> <span class='ocrx_word' id='word_1_154' title='bbox 3155 625 3317 682; x_wconf 89' lang='lat' dir='ltr'><strong>Falso</strong></span> <span class='ocrx_word' id='word_1_155' title='bbox 3337 627 3441 681; x_wconf 88' lang='lat' dir='ltr'><strong>ita-</strong></span> 
     </span>
    </p>
   </div>
   <div class='ocr_carea' id='block_1_22' title="bbox 1856 715 3439 790">
    <p class='ocr_par' dir='ltr' id='par_1_22' title="bbox 1856 715 3439 790">
     <span class='ocr_line' id='line_1_22' title="bbox 1856 715 3439 790; baseline 0.003 -20"><span class='ocrx_word' id='word_1_156' title='bbox 1856 731 1966 785; x_wconf 89' lang='lat' dir='ltr'><strong>que</strong></span> <span class='ocrx_word' id='word_1_157' title='bbox 1999 725 2192 771; x_wconf 86' lang='lat' dir='ltr'><strong>saneta</strong></span> <span class='ocrx_word' id='word_1_158' title='bbox 2229 715 2474 771; x_wconf 73' lang='lat' dir='ltr'><strong>Trinitas</strong></span> <span class='ocrx_word' id='word_1_159' title='bbox 2517 731 2747 787; x_wconf 86' lang='lat' dir='ltr'><strong>prorsus</strong></span> <span class='ocrx_word' id='word_1_160' title='bbox 2785 718 3128 783; x_wconf 90' lang='lat' dir='ltr'><strong>nominatur,</strong></span> <span class='ocrx_word' id='word_1_161' title='bbox 3165 719 3211 774; x_wconf 87' lang='lat' dir='ltr'><strong>si</strong></span> <span class='ocrx_word' id='word_1_162' title='bbox 3260 736 3439 790; x_wconf 88' lang='lat' dir='ltr'><strong>neque</strong></span> 
     </span>
    </p>
   </div>
   <div class='ocr_carea' id='block_1_23' title="bbox 1858 806 3440 878">
    <p class='ocr_par' dir='ltr' id='par_1_23' title="bbox 1858 806 3440 878">
     <span class='ocr_line' id='line_1_23' title="bbox 1858 806 3440 878; baseline 0.003 -17"><span class='ocrx_word' id='word_1_163' title='bbox 1858 806 2019 863; x_wconf 88' lang='lat' dir='ltr'><strong>Pater</strong></span> <span class='ocrx_word' id='word_1_164' title='bbox 2050 808 2122 864; x_wconf 90' lang='lat' dir='ltr'><strong>sit</strong></span> <span class='ocrx_word' id='word_1_165' title='bbox 2147 823 2214 863; x_wconf 83' lang='lat' dir='ltr'><strong>ex</strong></span> <span class='ocrx_word' id='word_1_166' title='bbox 2245 809 2325 863; x_wconf 97' lang='lat' dir='ltr'><strong>rei</strong></span> <span class='ocrx_word' id='word_1_167' title='bbox 2360 809 2596 864; x_wconf 88' lang='lat' dir='ltr'><strong>veritate</strong></span> <span class='ocrx_word' id='word_1_168' title='bbox 2631 807 2816 872; x_wconf 89' lang='lat' dir='ltr'><strong>Pater,</strong></span> <span class='ocrx_word' id='word_1_169' title='bbox 2851 824 3027 878; x_wconf 89' lang='lat' dir='ltr'><strong>neque</strong></span> <span class='ocrx_word' id='word_1_170' title='bbox 3068 825 3232 878; x_wconf 91' lang='lat' dir='ltr'><strong>porro</strong></span> <span class='ocrx_word' id='word_1_171' title='bbox 3269 808 3440 865; x_wconf 81' lang='lat' dir='ltr'><strong>Filius</strong></span> 
     </span>
    </p>
   </div>
   <div class='ocr_carea' id='block_1_24' title="bbox 1858 899 3441 973">
    <p class='ocr_par' dir='ltr' id='par_1_24' title="bbox 1858 899 3441 973">
     <span class='ocr_line' id='line_1_24' title="bbox 1858 899 3441 973; baseline -0.001 -18"><span class='ocrx_word' id='word_1_172' title='bbox 1858 900 1931 955; x_wconf 88' lang='lat' dir='ltr'><strong>sit</strong></span> <span class='ocrx_word' id='word_1_173' title='bbox 1960 903 2264 956; x_wconf 88' lang='lat' dir='ltr'><strong>secundum</strong></span> <span class='ocrx_word' id='word_1_174' title='bbox 2292 907 2548 956; x_wconf 88' lang='lat' dir='ltr'><strong>naturam</strong></span> <span class='ocrx_word' id='word_1_175' title='bbox 2577 899 2748 957; x_wconf 84' lang='lat' dir='ltr'><strong>Filius</strong></span> <span class='ocrx_word' id='word_1_176' title='bbox 2777 920 2788 955; x_wconf 91' lang='lat'><strong>:</strong></span> <span class='ocrx_word' id='word_1_177' title='bbox 2817 909 2873 956; x_wconf 91' lang='lat' dir='ltr'><strong>et</strong></span> <span class='ocrx_word' id='word_1_178' title='bbox 2900 911 3304 972; x_wconf 89' lang='lat' dir='ltr'><strong>consequenter</strong></span> <span class='ocrx_word' id='word_1_179' title='bbox 3326 903 3441 973; x_wconf 87' lang='lat' dir='ltr'><strong>pia-</strong></span> 
     </span>
    </p>
   </div>
   <div class='ocr_carea' id='block_1_25' title="bbox 1858 993 3442 1064">
    <p class='ocr_par' dir='ltr' id='par_1_25' title="bbox 1858 993 3442 1064">
     <span class='ocr_line' id='line_1_25' title="bbox 1858 993 3442 1064; baseline 0.002 -19"><span class='ocrx_word' id='word_1_180' title='bbox 1858 993 2046 1048; x_wconf 89' lang='lat' dir='ltr'><strong>culum</strong></span> <span class='ocrx_word' id='word_1_181' title='bbox 2077 993 2223 1048; x_wconf 89' lang='lat' dir='ltr'><strong>istud</strong></span> <span class='ocrx_word' id='word_1_182' title='bbox 2257 993 2363 1048; x_wconf 88' lang='lat' dir='ltr'><strong>erit</strong></span> <span class='ocrx_word' id='word_1_183' title='bbox 2403 1009 2623 1064; x_wconf 87' lang='lat' dir='ltr'><strong>quoque</strong></span> <span class='ocrx_word' id='word_1_184' title='bbox 2663 994 2932 1049; x_wconf 86' lang='lat' dir='ltr'><strong>adversus</strong></span> <span class='ocrx_word' id='word_1_185' title='bbox 2974 994 3260 1064; x_wconf 89' lang='lat' dir='ltr'><strong>Spiritum.</strong></span> <span class='ocrx_word' id='word_1_186' title='bbox 3294 995 3442 1060; x_wconf 82' lang='lat' dir='ltr'><strong>Quo-</strong></span> 
     </span>
    </p>
   </div>
   <div class='ocr_carea' id='block_1_26' title="bbox 1859 1085 3442 1156">
    <p class='ocr_par' dir='ltr' id='par_1_26' title="bbox 1859 1085 3442 1156">
     <span class='ocr_line' id='line_1_26' title="bbox 1859 1085 3442 1156; baseline 0 -19"><span class='ocrx_word' id='word_1_187' title='bbox 1859 1085 2010 1138; x_wconf 83' lang='lat' dir='ltr'><strong>circa</strong></span> <span class='ocrx_word' id='word_1_188' title='bbox 2053 1085 2262 1155; x_wconf 74' lang='lat' dir='ltr'><strong>dercpti</strong></span> <span class='ocrx_word' id='word_1_189' title='bbox 2303 1101 2519 1147; x_wconf 85' lang='lat' dir='ltr'><strong>sumus,</strong></span> <span class='ocrx_word' id='word_1_190' title='bbox 2553 1094 2608 1140; x_wconf 88' lang='lat' dir='ltr'><strong>et</strong></span> <span class='ocrx_word' id='word_1_191' title='bbox 2640 1085 2845 1140; x_wconf 72' lang='lat' dir='ltr'><strong>frustra</strong></span> <span class='ocrx_word' id='word_1_192' title='bbox 2886 1092 2970 1139; x_wconf 90' lang='lat' dir='ltr'><strong>est</strong></span> <span class='ocrx_word' id='word_1_193' title='bbox 3006 1085 3138 1140; x_wconf 88' lang='lat' dir='ltr'><strong>ﬁdes</strong></span> <span class='ocrx_word' id='word_1_194' title='bbox 3172 1105 3184 1139; x_wconf 89' lang='lat'><strong>:</strong></span> <span class='ocrx_word' id='word_1_195' title='bbox 3225 1088 3353 1156; x_wconf 91' lang='lat' dir='ltr'><strong>quin</strong></span> <span class='ocrx_word' id='word_1_196' title='bbox 3389 1096 3442 1138; x_wconf 84' lang='lat' dir='ltr'><strong>et</strong></span> 
     </span>
    </p>
   </div>
   <div class='ocr_carea' id='block_1_27' title="bbox 1862 1175 3441 1247">
    <p class='ocr_par' dir='ltr' id='par_1_27' title="bbox 1862 1175 3441 1247">
     <span class='ocr_line' id='line_1_27' title="bbox 1862 1175 3441 1247; baseline 0 -17"><span class='ocrx_word' id='word_1_197' title='bbox 1862 1175 2144 1246; x_wconf 89' lang='lat' dir='ltr'><strong>Scriptura</strong></span> <span class='ocrx_word' id='word_1_198' title='bbox 2207 1185 2399 1233; x_wconf 88' lang='lat' dir='ltr'><strong>sancta</strong></span> <span class='ocrx_word' id='word_1_199' title='bbox 2460 1177 2760 1241; x_wconf 87' lang='lat' dir='ltr'><strong>mentitur,</strong></span> <span class='ocrx_word' id='word_1_200' title='bbox 2825 1192 2946 1247; x_wconf 69' lang='lat' dir='ltr'><strong>qua:</strong></span> <span class='ocrx_word' id='word_1_201' title='bbox 3011 1176 3227 1231; x_wconf 82' lang='lat' dir='ltr'><strong>Patrem</strong></span> <span class='ocrx_word' id='word_1_202' title='bbox 3282 1185 3441 1230; x_wconf 81' lang='lat' dir='ltr'><strong>vocat</strong></span> 
     </span>
    </p>
   </div>
   <div class='ocr_carea' id='block_1_28' title="bbox 1860 1267 3442 1331">
    <p class='ocr_par' dir='ltr' id='par_1_28' title="bbox 1860 1267 3442 1331">
     <span class='ocr_line' id='line_1_28' title="bbox 1860 1267 3442 1331; baseline 0.001 -11"><span class='ocrx_word' id='word_1_203' title='bbox 1860 1267 2029 1322; x_wconf 89' lang='lat' dir='ltr'><strong>Deum</strong></span> <span class='ocrx_word' id='word_1_204' title='bbox 2063 1285 2076 1319; x_wconf 91' lang='lat'><strong>:</strong></span> <span class='ocrx_word' id='word_1_205' title='bbox 2108 1278 2182 1331; x_wconf 84' lang='lat' dir='ltr'><strong>et,</strong></span> <span class='ocrx_word' id='word_1_206' title='bbox 2203 1268 2250 1322; x_wconf 92' lang='lat' dir='ltr'><strong>si</strong></span> <span class='ocrx_word' id='word_1_207' title='bbox 2277 1284 2384 1322; x_wconf 92' lang='lat' dir='ltr'><strong>non</strong></span> <span class='ocrx_word' id='word_1_208' title='bbox 2427 1277 2512 1324; x_wconf 86' lang='lat' dir='ltr'><strong>est</strong></span> <span class='ocrx_word' id='word_1_209' title='bbox 2540 1268 2845 1323; x_wconf 89' lang='lat' dir='ltr'><strong>secundum</strong></span> <span class='ocrx_word' id='word_1_210' title='bbox 2881 1278 3133 1322; x_wconf 88' lang='lat' dir='ltr'><strong>naturam</strong></span> <span class='ocrx_word' id='word_1_211' title='bbox 3176 1267 3318 1323; x_wconf 87' lang='lat' dir='ltr'><strong>Deus</strong></span> <span class='ocrx_word' id='word_1_212' title='bbox 3351 1267 3442 1321; x_wconf 84' lang='lat' dir='ltr'><strong>Fi-</strong></span> 
     </span>
    </p>
   </div>
   <div class='ocr_carea' id='block_1_29' title="bbox 1860 1358 3440 1430">
    <p class='ocr_par' dir='ltr' id='par_1_29' title="bbox 1860 1358 3440 1430">
     <span class='ocr_line' id='line_1_29' title="bbox 1860 1358 3440 1430; baseline -0.002 -14"><span class='ocrx_word' id='word_1_213' title='bbox 1860 1361 1990 1426; x_wconf 87' lang='lat' dir='ltr'><strong>lius,</strong></span> <span class='ocrx_word' id='word_1_214' title='bbox 2022 1369 2080 1415; x_wconf 92' lang='lat' dir='ltr'><strong>ut</strong></span> <span class='ocrx_word' id='word_1_215' title='bbox 2103 1377 2168 1416; x_wconf 79' lang='lat' dir='ltr'><strong>ex</strong></span> <span class='ocrx_word' id='word_1_216' title='bbox 2199 1360 2310 1416; x_wconf 91' lang='lat' dir='ltr'><strong>Deo</strong></span> <span class='ocrx_word' id='word_1_217' title='bbox 2345 1368 2400 1415; x_wconf 86' lang='lat' dir='ltr'><strong>et</strong></span> <span class='ocrx_word' id='word_1_218' title='bbox 2437 1358 2600 1414; x_wconf 83' lang='lat' dir='ltr'><strong>Patre</strong></span> <span class='ocrx_word' id='word_1_219' title='bbox 2624 1360 2869 1429; x_wconf 85' lang='lat' dir='ltr'><strong>genitus,</strong></span> <span class='ocrx_word' id='word_1_220' title='bbox 2901 1376 3002 1415; x_wconf 91' lang='lat' dir='ltr'><strong>nos</strong></span> <span class='ocrx_word' id='word_1_221' title='bbox 3041 1361 3261 1430; x_wconf 85' lang='lat' dir='ltr'><strong>quidem</strong></span> <span class='ocrx_word' id='word_1_222' title='bbox 3301 1360 3440 1414; x_wconf 76' lang='lat' dir='ltr'><strong>falli-</strong></span> 
     </span>
    </p>
   </div>
   <div class='ocr_carea' id='block_1_30' title="bbox 1861 1451 3442 1520">
    <p class='ocr_par' dir='ltr' id='par_1_30' title="bbox 1861 1451 3442 1520">
     <span class='ocr_line' id='line_1_30' title="bbox 1861 1451 3442 1520; baseline 0 -14"><span class='ocrx_word' id='word_1_223' title='bbox 1861 1468 2002 1518; x_wconf 87' lang='lat' dir='ltr'><strong>mur,</strong></span> <span class='ocrx_word' id='word_1_224' title='bbox 2028 1461 2083 1506; x_wconf 89' lang='lat' dir='ltr'><strong>et</strong></span> <span class='ocrx_word' id='word_1_225' title='bbox 2115 1467 2223 1506; x_wconf 90' lang='lat' dir='ltr'><strong>una</strong></span> <span class='ocrx_word' id='word_1_226' title='bbox 2254 1467 2379 1505; x_wconf 92' lang='lat' dir='ltr'><strong>cum</strong></span> <span class='ocrx_word' id='word_1_227' title='bbox 2405 1452 2724 1508; x_wconf 89' lang='lat' dir='ltr'><strong>hominibus</strong></span> <span class='ocrx_word' id='word_1_228' title='bbox 2756 1465 2996 1520; x_wconf 85' lang='lat' dir='ltr'><strong>superna</strong></span> <span class='ocrx_word' id='word_1_229' title='bbox 3029 1451 3124 1504; x_wconf 86' lang='lat' dir='ltr'><strong>illa</strong></span> <span class='ocrx_word' id='word_1_230' title='bbox 3165 1452 3360 1506; x_wconf 81' lang='lat' dir='ltr'><strong>civitas</strong></span> <span class='ocrx_word' id='word_1_231' title='bbox 3388 1461 3442 1506; x_wconf 83' lang='lat' dir='ltr'><strong>et</strong></span> 
     </span>
    </p>
   </div>
   <div class='ocr_carea' id='block_1_31' title="bbox 1861 1541 3439 1612">
    <p class='ocr_par' dir='ltr' id='par_1_31' title="bbox 1861 1541 3439 1612">
     <span class='ocr_line' id='line_1_31' title="bbox 1861 1541 3439 1612; baseline -0.004 -13"><span class='ocrx_word' id='word_1_232' title='bbox 1861 1551 2182 1599; x_wconf 91' lang='lat' dir='ltr'><strong>sanctorum</strong></span> <span class='ocrx_word' id='word_1_233' title='bbox 2212 1543 2531 1612; x_wconf 88' lang='lat' dir='ltr'><strong>angelorum</strong></span> <span class='ocrx_word' id='word_1_234' title='bbox 2577 1541 2881 1611; x_wconf 88' lang='lat' dir='ltr'><strong>purissima</strong></span> <span class='ocrx_word' id='word_1_235' title='bbox 2913 1541 3116 1595; x_wconf 81' lang='lat' dir='ltr'><strong>cohors</strong></span> <span class='ocrx_word' id='word_1_236' title='bbox 3145 1541 3439 1611; x_wconf 82' lang='lat' dir='ltr'><strong>decipitur,</strong></span> 
     </span>
    </p>
   </div>
   <div class='ocr_carea' id='block_1_32' title="bbox 1862 1630 3506 1703">
    <p class='ocr_par' dir='ltr' id='par_1_32' title="bbox 1862 1630 3506 1703">
     <span class='ocr_line' id='line_1_32' title="bbox 1862 1630 3506 1703; baseline -0.003 -17"><span class='ocrx_word' id='word_1_237' title='bbox 1862 1648 1983 1703; x_wconf 65' lang='lat' dir='ltr'><strong>qua:</strong></span> <span class='ocrx_word' id='word_1_238' title='bbox 2017 1632 2187 1688; x_wconf 89' lang='lat' dir='ltr'><strong>Deum</strong></span> <span class='ocrx_word' id='word_1_239' title='bbox 2217 1633 2526 1688; x_wconf 80' lang='lat' dir='ltr'><strong>secundum</strong></span> <span class='ocrx_word' id='word_1_240' title='bbox 2560 1639 2815 1684; x_wconf 89' lang='lat' dir='ltr'><strong>naturam</strong></span> <span class='ocrx_word' id='word_1_241' title='bbox 2852 1630 3134 1685; x_wconf 86' lang='lat' dir='ltr'><strong>nobiscum</strong></span> <span class='ocrx_word' id='word_1_242' title='bbox 3169 1630 3441 1699; x_wconf 72' lang='lat' dir='ltr'><strong>gloriﬁcat</strong></span> <span class='ocrx_word' id='word_1_243' title='bbox 3503 1661 3506 1664; x_wconf 76' lang='lat'><strong><em>~</em></strong></span> 
     </span>
    </p>
   </div>
   <div class='ocr_carea' id='block_1_33' title="bbox 1863 1718 3441 1791">
    <p class='ocr_par' dir='ltr' id='par_1_33' title="bbox 1863 1718 3441 1791">
     <span class='ocr_line' id='line_1_33' title="bbox 1863 1718 3441 1791; baseline -0.004 -12"><span class='ocrx_word' id='word_1_244' title='bbox 1863 1732 1916 1780; x_wconf 90' lang='lat' dir='ltr'><strong>et</strong></span> <span class='ocrx_word' id='word_1_245' title='bbox 1945 1724 2159 1788; x_wconf 91' lang='lat' dir='ltr'><strong>adorat,</strong></span> <span class='ocrx_word' id='word_1_246' title='bbox 2191 1737 2256 1776; x_wconf 89' lang='lat' dir='ltr'><strong>ac</strong></span> <span class='ocrx_word' id='word_1_247' title='bbox 2295 1722 2485 1777; x_wconf 91' lang='lat' dir='ltr'><strong>nescio</strong></span> <span class='ocrx_word' id='word_1_248' title='bbox 2529 1719 2805 1791; x_wconf 92' lang='lat' dir='ltr'><strong>quomodo</strong></span> <span class='ocrx_word' id='word_1_249' title='bbox 2855 1718 3080 1774; x_wconf 87' lang='lat' dir='ltr'><strong>inducta</strong></span> <span class='ocrx_word' id='word_1_250' title='bbox 3123 1727 3208 1774; x_wconf 88' lang='lat' dir='ltr'><strong>est</strong></span> <span class='ocrx_word' id='word_1_251' title='bbox 3239 1728 3296 1773; x_wconf 90' lang='lat' dir='ltr'><strong>ut</strong></span> <span class='ocrx_word' id='word_1_252' title='bbox 3329 1721 3441 1774; x_wconf 85' lang='lat' dir='ltr'><strong>dei-</strong></span> 
     </span>
    </p>
   </div>
   <div class='ocr_carea' id='block_1_34' title="bbox 178 1783 1760 1886">
    <p class='ocr_par' dir='ltr' id='par_1_34' title="bbox 178 1783 1760 1886">
     <span class='ocr_line' id='line_1_34' title="bbox 178 1783 1760 1886; baseline -0.003 -16"><span class='ocrx_word' id='word_1_253' title='bbox 178 1783 468 1870; x_wconf 49' lang='lat' dir='ltr'><strong>é56V&quot;xa‘t</strong></span> <span class='ocrx_word' id='word_1_254' title='bbox 496 1817 542 1868; x_wconf 85' lang='grc' dir='ltr'>εξ</span> <span class='ocrx_word' id='word_1_255' title='bbox 577 1783 659 1886; x_wconf 50' lang='grc' dir='ltr'>μή.</span> <span class='ocrx_word' id='word_1_256' title='bbox 680 1783 796 1868; x_wconf 69' lang='grc' dir='ltr'>ἐστι</span> <span class='ocrx_word' id='word_1_257' title='bbox 831 1783 972 1867; x_wconf 70' lang='grc' dir='ltr'>κατὰ</span> <span class='ocrx_word' id='word_1_258' title='bbox 999 1783 1163 1884; x_wconf 46' lang='lat' dir='ltr'><strong>eodem:</strong></span> <span class='ocrx_word' id='word_1_259' title='bbox 1199 1783 1331 1878; x_wconf 64' lang='lat'><strong>852;;</strong></span> <span class='ocrx_word' id='word_1_260' title='bbox 1356 1817 1384 1867; x_wconf 88' lang='grc' dir='ltr'>ὁ</span> <span class='ocrx_word' id='word_1_261' title='bbox 1413 1813 1559 1876; x_wconf 78' lang='grc' dir='ltr'>Υἱὸς,</span> <span class='ocrx_word' id='word_1_262' title='bbox 1595 1813 1668 1876; x_wconf 82' lang='grc' dir='ltr'>ὡς</span> <span class='ocrx_word' id='word_1_263' title='bbox 1697 1812 1760 1866; x_wconf 83' lang='grc' dir='ltr'>ἐκ</span> 
     </span>
    </p>
   </div>
   <div class='ocr_carea' id='block_1_35' title="bbox 1861 1783 3441 1886">
    <p class='ocr_par' dir='ltr' id='par_1_35' title="bbox 1864 1810 3441 1884">
     <span class='ocr_line' id='line_1_35' title="bbox 1864 1810 3441 1884; baseline -0.004 -15"><span class='ocrx_word' id='word_1_264' title='bbox 1864 1813 2038 1870; x_wconf 81' lang='lat' dir='ltr'><strong>ferum</strong></span> <span class='ocrx_word' id='word_1_265' title='bbox 2081 1813 2352 1884; x_wconf 86' lang='lat' dir='ltr'><strong>quoddam</strong></span> <span class='ocrx_word' id='word_1_266' title='bbox 2394 1827 2490 1866; x_wconf 91' lang='lat' dir='ltr'><strong>vas</strong></span> <span class='ocrx_word' id='word_1_267' title='bbox 2533 1819 2590 1865; x_wconf 90' lang='lat' dir='ltr'><strong>et</strong></span> <span class='ocrx_word' id='word_1_268' title='bbox 2625 1819 3006 1866; x_wconf 88' lang='lat' dir='ltr'><strong>creaturarum</strong></span> <span class='ocrx_word' id='word_1_269' title='bbox 3055 1825 3246 1874; x_wconf 90' lang='lat' dir='ltr'><strong>unam,</strong></span> <span class='ocrx_word' id='word_1_270' title='bbox 3284 1810 3441 1878; x_wconf 74' lang='lat' dir='ltr'><strong>juxta</strong></span> 
     </span>
    </p>
   </div>
   <div class='ocr_carea' id='block_1_36' title="bbox 179 1902 1758 1975">
    <p class='ocr_par' dir='ltr' id='par_1_36' title="bbox 179 1902 1758 1975">
     <span class='ocr_line' id='line_1_36' title="bbox 179 1902 1758 1975; baseline -0.003 -16"><span class='ocrx_word' id='word_1_271' title='bbox 179 1906 318 1959; x_wconf 90' lang='grc' dir='ltr'>Θεοῦ</span> <span class='ocrx_word' id='word_1_272' title='bbox 343 1908 436 1959; x_wconf 65' lang='grc' dir='ltr'>καὶ</span> <span class='ocrx_word' id='word_1_273' title='bbox 462 1906 672 1975; x_wconf 58' lang='lat' dir='ltr'><strong>[Ia-cpe;</strong></span> <span class='ocrx_word' id='word_1_274' title='bbox 698 1903 1002 1974; x_wconf 79' lang='grc' dir='ltr'>γεννηθεὶς,</span> <span class='ocrx_word' id='word_1_275' title='bbox 1031 1902 1426 1974; x_wconf 71' lang='grc' dir='ltr'>πεπλανήμεθα</span> <span class='ocrx_word' id='word_1_276' title='bbox 1455 1902 1554 1973; x_wconf 83' lang='grc' dir='ltr'>μὲν</span> <span class='ocrx_word' id='word_1_277' title='bbox 1579 1903 1758 1973; x_wconf 79' lang='grc' dir='ltr'>ἡμεῖς,</span> 
     </span>
    </p>
   </div>
   <div class='ocr_carea' id='block_1_37' title="bbox 181 1993 1759 2068">
    <p class='ocr_par' dir='ltr' id='par_1_37' title="bbox 181 1993 1759 2068">
     <span class='ocr_line' id='line_1_37' title="bbox 181 1993 1759 2068; baseline -0.003 -18"><span class='ocrx_word' id='word_1_278' title='bbox 181 2015 246 2050; x_wconf 89' lang='grc' dir='ltr'><strong>συ</strong></span> <span class='ocrx_word' id='word_1_279' title='bbox 256 1997 640 2068; x_wconf 85' lang='grc' dir='ltr'>μπεπλάνηται</span> <span class='ocrx_word' id='word_1_280' title='bbox 674 1997 730 2048; x_wconf 84' lang='grc' dir='ltr'>δὲ</span> <span class='ocrx_word' id='word_1_281' title='bbox 759 1997 870 2057; x_wconf 85' lang='grc' dir='ltr'>τοῖς</span> <span class='ocrx_word' id='word_1_282' title='bbox 895 1995 987 2048; x_wconf 78' lang='grc' dir='ltr'>ἐπὶ</span> <span class='ocrx_word' id='word_1_283' title='bbox 1009 1995 1108 2065; x_wconf 83' lang='grc' dir='ltr'><strong>τῆς</strong></span> <span class='ocrx_word' id='word_1_284' title='bbox 1145 1995 1250 2064; x_wconf 86' lang='grc' dir='ltr'><strong>γῆς</strong></span> <span class='ocrx_word' id='word_1_285' title='bbox 1272 1994 1367 2048; x_wconf 73' lang='grc' dir='ltr'><strong>καὶ</strong></span> <span class='ocrx_word' id='word_1_286' title='bbox 1390 1996 1422 2065; x_wconf 79' lang='grc' dir='ltr'>ἡ</span> <span class='ocrx_word' id='word_1_287' title='bbox 1447 1993 1559 2047; x_wconf 83' lang='grc' dir='ltr'>ἄνω</span> <span class='ocrx_word' id='word_1_288' title='bbox 1584 1993 1759 2061; x_wconf 84' lang='grc' dir='ltr'>πόλις,</span> 
     </span>
    </p>
   </div>
   <div class='ocr_carea' id='block_1_38' title="bbox 179 2085 1760 2159">
    <p class='ocr_par' dir='ltr' id='par_1_38' title="bbox 179 2085 1760 2159">
     <span class='ocr_line' id='line_1_38' title="bbox 179 2085 1760 2159; baseline -0.003 -17"><span class='ocrx_word' id='word_1_289' title='bbox 179 2088 278 2142; x_wconf 75' lang='grc' dir='ltr'>καὶ</span> <span class='ocrx_word' id='word_1_290' title='bbox 309 2091 343 2159; x_wconf 83' lang='grc' dir='ltr'><strong>ὴ</strong></span> <span class='ocrx_word' id='word_1_291' title='bbox 376 2087 483 2142; x_wconf 89' lang='grc' dir='ltr'><strong>τῶν</strong></span> <span class='ocrx_word' id='word_1_292' title='bbox 508 2088 678 2156; x_wconf 83' lang='grc' dir='ltr'>ἀγίων</span> <span class='ocrx_word' id='word_1_293' title='bbox 709 2089 958 2156; x_wconf 85' lang='grc' dir='ltr'>ἀγγέλων</span> <span class='ocrx_word' id='word_1_294' title='bbox 1003 2089 1366 2159; x_wconf 79' lang='grc' dir='ltr'>καθαρωτάτη</span> <span class='ocrx_word' id='word_1_295' title='bbox 1415 2086 1646 2158; x_wconf 83' lang='grc' dir='ltr'>πληθὺς,</span> <span class='ocrx_word' id='word_1_296' title='bbox 1681 2085 1760 2156; x_wconf 78' lang='grc' dir='ltr'>τῷ</span> 
     </span>
    </p>
   </div>
   <div class='ocr_carea' id='block_1_39' title="bbox 179 2178 1760 2251">
    <p class='ocr_par' dir='ltr' id='par_1_39' title="bbox 179 2178 1760 2251">
     <span class='ocr_line' id='line_1_39' title="bbox 179 2178 1760 2251; baseline -0.003 -17"><span class='ocrx_word' id='word_1_297' title='bbox 179 2181 329 2234; x_wconf 82' lang='grc' dir='ltr'><strong>κατά</strong></span> <span class='ocrx_word' id='word_1_298' title='bbox 377 2180 538 2248; x_wconf 77' lang='grc' dir='ltr'>φύσιν</span> <span class='ocrx_word' id='word_1_299' title='bbox 568 2180 686 2251; x_wconf 78' lang='grc' dir='ltr'>Θεῷ</span> <span class='ocrx_word' id='word_1_300' title='bbox 729 2178 1127 2244; x_wconf 76' lang='grc' dir='ltr'>συνδοξάζουσά</span> <span class='ocrx_word' id='word_1_301' title='bbox 1169 2197 1229 2232; x_wconf 87' lang='grc' dir='ltr'><strong>τε</strong></span> <span class='ocrx_word' id='word_1_302' title='bbox 1278 2179 1374 2233; x_wconf 78' lang='grc' dir='ltr'>καὶ</span> <span class='ocrx_word' id='word_1_303' title='bbox 1415 2195 1760 2250; x_wconf 86' lang='grc' dir='ltr'>συμπροσκυ-</span> 
     </span>
    </p>
   </div>
   <div class='ocr_carea' id='block_1_40' title="bbox 180 2267 1757 2340">
    <p class='ocr_par' dir='ltr' id='par_1_40' title="bbox 180 2267 1757 2340">
     <span class='ocr_line' id='line_1_40' title="bbox 180 2267 1757 2340; baseline -0.003 -15"><span class='ocrx_word' id='word_1_304' title='bbox 180 2270 371 2335; x_wconf 85' lang='grc' dir='ltr'>νοῦσα,</span> <span class='ocrx_word' id='word_1_305' title='bbox 408 2271 503 2325; x_wconf 75' lang='grc' dir='ltr'><strong>καὶ</strong></span> <span class='ocrx_word' id='word_1_306' title='bbox 541 2271 641 2325; x_wconf 79' lang='grc' dir='ltr'><strong>οὐκ</strong></span> <span class='ocrx_word' id='word_1_307' title='bbox 669 2267 767 2324; x_wconf 76' lang='grc' dir='ltr'>οἶδ’</span> <span class='ocrx_word' id='word_1_308' title='bbox 794 2271 942 2335; x_wconf 81' lang='grc' dir='ltr'>ὅπως</span> <span class='ocrx_word' id='word_1_309' title='bbox 971 2270 1272 2340; x_wconf 82' lang='grc' dir='ltr'>δοξολογεῖν</span> <span class='ocrx_word' id='word_1_310' title='bbox 1311 2269 1757 2339; x_wconf 85' lang='grc' dir='ltr'>ἁναπεπεισμένη</span> 
     </span>
    </p>
   </div>
   <div class='ocr_carea' id='block_1_41' title="bbox 178 2359 1760 2434">
    <p class='ocr_par' dir='ltr' id='par_1_41' title="bbox 178 2359 1760 2434">
     <span class='ocr_line' id='line_1_41' title="bbox 178 2359 1760 2434; baseline -0.004 -17"><span class='ocrx_word' id='word_1_311' title='bbox 178 2363 442 2434; x_wconf 65' lang='grc' dir='ltr'>θεοφόρον</span> <span class='ocrx_word' id='word_1_312' title='bbox 481 2381 536 2415; x_wconf 91' lang='grc' dir='ltr'><strong>τι</strong></span> <span class='ocrx_word' id='word_1_313' title='bbox 570 2363 782 2426; x_wconf 88' lang='grc' dir='ltr'>σκεῦος,</span> <span class='ocrx_word' id='word_1_314' title='bbox 815 2365 909 2416; x_wconf 74' lang='grc' dir='ltr'><strong>καὶ</strong></span> <span class='ocrx_word' id='word_1_315' title='bbox 937 2361 1046 2415; x_wconf 90' lang='grc' dir='ltr'><strong>τῶν</strong></span> <span class='ocrx_word' id='word_1_316' title='bbox 1070 2362 1390 2432; x_wconf 84' lang='grc' dir='ltr'>ποιημάτων</span> <span class='ocrx_word' id='word_1_317' title='bbox 1410 2359 1490 2427; x_wconf 83' lang='grc' dir='ltr'>ἓν,</span> <span class='ocrx_word' id='word_1_318' title='bbox 1522 2360 1665 2413; x_wconf 88' lang='grc' dir='ltr'>κατά</span> <span class='ocrx_word' id='word_1_319' title='bbox 1695 2376 1760 2429; x_wconf 88' lang='grc' dir='ltr'><strong>γε</strong></span> 
     </span>
    </p>
   </div>
   <div class='ocr_carea' id='block_1_42' title="bbox 178 2449 1761 2523">
    <p class='ocr_par' dir='ltr' id='par_1_42' title="bbox 178 2449 1761 2523">
     <span class='ocr_line' id='line_1_42' title="bbox 178 2449 1761 2523; baseline -0.004 -17"><span class='ocrx_word' id='word_1_320' title='bbox 178 2453 281 2523; x_wconf 84' lang='grc' dir='ltr'>τὴν</span> <span class='ocrx_word' id='word_1_321' title='bbox 318 2452 543 2505; x_wconf 77' lang='grc' dir='ltr'>ἐκείνων</span> <span class='ocrx_word' id='word_1_322' title='bbox 577 2451 927 2523; x_wconf 79' lang='grc' dir='ltr'>ἀϐελτηρίαν,</span> <span class='ocrx_word' id='word_1_323' title='bbox 963 2451 1128 2522; x_wconf 82' lang='grc' dir='ltr'>φημί.</span> <span class='ocrx_word' id='word_1_324' title='bbox 1159 2452 1220 2503; x_wconf 87' lang='grc' dir='ltr'>Εἰ</span> <span class='ocrx_word' id='word_1_325' title='bbox 1264 2451 1320 2503; x_wconf 83' lang='grc' dir='ltr'><strong>δὲ</strong></span> <span class='ocrx_word' id='word_1_326' title='bbox 1352 2449 1592 2520; x_wconf 82' lang='grc' dir='ltr'>βούλοιτό</span> <span class='ocrx_word' id='word_1_327' title='bbox 1630 2464 1761 2501; x_wconf 89' lang='grc' dir='ltr'>ποτε</span> 
     </span>
    </p>
   </div>
   <div class='ocr_carea' id='block_1_43' title="bbox 179 2539 1760 2612">
    <p class='ocr_par' dir='ltr' id='par_1_43' title="bbox 179 2539 1760 2612">
     <span class='ocr_line' id='line_1_43' title="bbox 179 2539 1760 2612; baseline -0.003 -18"><span class='ocrx_word' id='word_1_328' title='bbox 179 2545 280 2612; x_wconf 72' lang='grc' dir='ltr'><strong>τῆς</strong></span> <span class='ocrx_word' id='word_1_329' title='bbox 311 2543 391 2603; x_wconf 85' lang='grc' dir='ltr'><strong>εἰς</strong></span> <span class='ocrx_word' id='word_1_330' title='bbox 429 2542 517 2595; x_wconf 78' lang='grc' dir='ltr'><strong>τὸν</strong></span> <span class='ocrx_word' id='word_1_331' title='bbox 548 2542 674 2594; x_wconf 85' lang='grc' dir='ltr'>Υἱὸν</span> <span class='ocrx_word' id='word_1_332' title='bbox 717 2542 956 2612; x_wconf 87' lang='grc' dir='ltr'>σχέσεως</span> <span class='ocrx_word' id='word_1_333' title='bbox 993 2541 1086 2593; x_wconf 77' lang='grc' dir='ltr'><strong>καὶ</strong></span> <span class='ocrx_word' id='word_1_334' title='bbox 1123 2541 1221 2612; x_wconf 76' lang='grc' dir='ltr'>τῆς</span> <span class='ocrx_word' id='word_1_335' title='bbox 1264 2540 1590 2610; x_wconf 75' lang='grc' dir='ltr'>ἐνοικήσεως</span> <span class='ocrx_word' id='word_1_336' title='bbox 1634 2539 1760 2591; x_wconf 70' lang='grc' dir='ltr'>άναι</span> 
     </span>
    </p>
   </div>
   <div class='ocr_carea' id='block_1_44' title="bbox 179 2630 1760 2704">
    <p class='ocr_par' dir='ltr' id='par_1_44' title="bbox 179 2630 1760 2704">
     <span class='ocr_line' id='line_1_44' title="bbox 179 2630 1760 2704; baseline -0.003 -19"><span class='ocrx_word' id='word_1_337' title='bbox 179 2636 382 2704; x_wconf 81' lang='grc' dir='ltr'>χωρεῖν</span> <span class='ocrx_word' id='word_1_338' title='bbox 417 2633 446 2684; x_wconf 85' lang='grc' dir='ltr'><strong>ὁ</strong></span> <span class='ocrx_word' id='word_1_339' title='bbox 489 2632 677 2704; x_wconf 84' lang='grc' dir='ltr'>Πατὴρ</span> <span class='ocrx_word' id='word_1_340' title='bbox 704 2675 718 2699; x_wconf 95' lang='grc'><strong>,</strong></span> <span class='ocrx_word' id='word_1_341' title='bbox 749 2634 898 2687; x_wconf 75' lang='grc' dir='ltr'>οὐδὲν</span> <span class='ocrx_word' id='word_1_342' title='bbox 933 2632 1123 2685; x_wconf 78' lang='grc' dir='ltr'>διοίσει</span> <span class='ocrx_word' id='word_1_343' title='bbox 1153 2633 1292 2702; x_wconf 83' lang='grc' dir='ltr'>τάχα</span> <span class='ocrx_word' id='word_1_344' title='bbox 1326 2631 1436 2704; x_wconf 85' lang='grc' dir='ltr'><strong>τῶν</strong></span> <span class='ocrx_word' id='word_1_345' title='bbox 1467 2630 1760 2700; x_wconf 84' lang='grc' dir='ltr'>διωλισθη-</span> 
     </span>
    </p>
   </div>
   <div class='ocr_carea' id='block_1_45' title="bbox 181 2703 1760 2796">
    <p class='ocr_par' dir='ltr' id='par_1_45' title="bbox 181 2703 1760 2796">
     <span class='ocr_line' id='line_1_45' title="bbox 181 2703 1760 2796; baseline -0.001 -22"><span class='ocrx_word' id='word_1_346' title='bbox 181 2703 358 2774; x_wconf 67' lang='grc' dir='ltr'>κάτων</span> <span class='ocrx_word' id='word_1_347' title='bbox 385 2722 483 2792; x_wconf 83' lang='grc' dir='ltr'>τῆς</span> <span class='ocrx_word' id='word_1_348' title='bbox 515 2703 846 2796; x_wconf 15' lang='grc' dir='ltr'>ἰδίαςνάρχῆς</span> <span class='ocrx_word' id='word_1_349' title='bbox 871 2764 886 2787; x_wconf 88' lang='grc'><strong>,</strong></span> <span class='ocrx_word' id='word_1_350' title='bbox 933 2723 1062 2775; x_wconf 81' lang='grc' dir='ltr'>ἴδιον</span> <span class='ocrx_word' id='word_1_351' title='bbox 1105 2722 1204 2793; x_wconf 80' lang='grc' dir='ltr'>μὲν</span> <span class='ocrx_word' id='word_1_352' title='bbox 1231 2703 1369 2792; x_wconf 79' lang='grc' dir='ltr'>ἔχων</span> <span class='ocrx_word' id='word_1_353' title='bbox 1401 2721 1552 2774; x_wconf 82' lang='grc' dir='ltr'>οὐδὲν</span> <span class='ocrx_word' id='word_1_354' title='bbox 1575 2763 1588 2787; x_wconf 89' lang='grc'><strong>,</strong></span> <span class='ocrx_word' id='word_1_355' title='bbox 1635 2719 1760 2773; x_wconf 72' lang='grc' dir='ltr'>οὔτε</span> 
     </span>
    </p>
   </div>
   <div class='ocr_carea' id='block_1_46' title="bbox 185 2813 1760 2886">
    <p class='ocr_par' dir='ltr' id='par_1_46' title="bbox 185 2813 1760 2886">
     <span class='ocr_line' id='line_1_46' title="bbox 185 2813 1760 2886; baseline -0.001 -20"><span class='ocrx_word' id='word_1_356' title='bbox 185 2814 292 2884; x_wconf 84' lang='grc' dir='ltr'><strong>μὴν</strong></span> <span class='ocrx_word' id='word_1_357' title='bbox 324 2815 380 2866; x_wconf 75' lang='grc' dir='ltr'>ἐν</span> <span class='ocrx_word' id='word_1_358' title='bbox 411 2815 515 2884; x_wconf 74' lang='grc' dir='ltr'>ἰδίᾳ</span> <span class='ocrx_word' id='word_1_359' title='bbox 553 2815 710 2884; x_wconf 75' lang='grc' dir='ltr'>φύσει</span> <span class='ocrx_word' id='word_1_360' title='bbox 757 2819 848 2869; x_wconf 76' lang='grc' dir='ltr'><strong>τὸν</strong></span> <span class='ocrx_word' id='word_1_361' title='bbox 877 2817 1217 2886; x_wconf 86' lang='grc' dir='ltr'>γεννήσαντα</span> <span class='ocrx_word' id='word_1_362' title='bbox 1260 2814 1462 2886; x_wconf 80' lang='grc' dir='ltr'>φέρων,</span> <span class='ocrx_word' id='word_1_363' title='bbox 1497 2814 1674 2867; x_wconf 87' lang='grc' dir='ltr'>πάντα</span> <span class='ocrx_word' id='word_1_364' title='bbox 1704 2813 1760 2865; x_wconf 84' lang='grc' dir='ltr'><strong>δὲ</strong></span> 
     </span>
    </p>
   </div>
   <div class='ocr_carea' id='block_1_47' title="bbox 185 2904 1762 2978">
    <p class='ocr_par' dir='ltr' id='par_1_47' title="bbox 185 2904 1762 2978">
     <span class='ocr_line' id='line_1_47' title="bbox 185 2904 1762 2978; baseline -0.002 -20"><span class='ocrx_word' id='word_1_365' title='bbox 185 2905 389 2974; x_wconf 80' lang='grc' dir='ltr'>μᾶλλον</span> <span class='ocrx_word' id='word_1_366' title='bbox 420 2905 681 2976; x_wconf 79' lang='grc' dir='ltr'>ὑπάρχων</span> <span class='ocrx_word' id='word_1_367' title='bbox 713 2907 782 2960; x_wconf 85' lang='grc' dir='ltr'><strong>τά</strong></span> <span class='ocrx_word' id='word_1_368' title='bbox 827 2906 950 2960; x_wconf 82' lang='grc' dir='ltr'>καθ’</span> <span class='ocrx_word' id='word_1_369' title='bbox 981 2908 1163 2978; x_wconf 81' lang='grc' dir='ltr'>ἡμᾶς,</span> <span class='ocrx_word' id='word_1_370' title='bbox 1208 2907 1301 2958; x_wconf 72' lang='grc' dir='ltr'><strong>καὶ</strong></span> <span class='ocrx_word' id='word_1_371' title='bbox 1346 2906 1486 2976; x_wconf 81' lang='grc' dir='ltr'>μόνῃ</span> <span class='ocrx_word' id='word_1_372' title='bbox 1532 2906 1598 2975; x_wconf 84' lang='grc' dir='ltr'>τῇ</span> <span class='ocrx_word' id='word_1_373' title='bbox 1643 2904 1762 2975; x_wconf 74' lang='grc' dir='ltr'>θείᾳ</span> 
     </span>
    </p>
   </div>
   <div class='ocr_carea' id='block_1_48' title="bbox 181 2993 1763 3066">
    <p class='ocr_par' dir='ltr' id='par_1_48' title="bbox 181 2993 1763 3066">
     <span class='ocr_line' id='line_1_48' title="bbox 181 2993 1763 3066; baseline -0.001 -18"><span class='ocrx_word' id='word_1_374' title='bbox 181 2993 545 3065; x_wconf 85' lang='grc' dir='ltr'>νευρούμενος</span> <span class='ocrx_word' id='word_1_375' title='bbox 587 2996 805 3066; x_wconf 81' lang='grc' dir='ltr'>χάριτι,</span> <span class='ocrx_word' id='word_1_376' title='bbox 836 2996 973 3050; x_wconf 87' lang='grc' dir='ltr'><strong>ἀλλά</strong></span> <span class='ocrx_word' id='word_1_377' title='bbox 1005 2997 1099 3049; x_wconf 77' lang='grc' dir='ltr'><strong>καὶ</strong></span> <span class='ocrx_word' id='word_1_378' title='bbox 1137 2995 1216 3066; x_wconf 81' lang='grc' dir='ltr'>τῷ</span> <span class='ocrx_word' id='word_1_379' title='bbox 1244 2998 1343 3066; x_wconf 82' lang='grc' dir='ltr'><strong>τῆς</strong></span> <span class='ocrx_word' id='word_1_380' title='bbox 1377 2995 1618 3065; x_wconf 83' lang='grc' dir='ltr'>υἱότητος</span> <span class='ocrx_word' id='word_1_381' title='bbox 1651 2994 1763 3047; x_wconf 85' lang='grc' dir='ltr'>ὀνό-</span> 
     </span>
    </p>
   </div>
   <div class='ocr_carea' id='block_1_49' title="bbox 184 3082 1762 3159">
    <p class='ocr_par' dir='ltr' id='par_1_49' title="bbox 184 3082 1762 3159">
     <span class='ocr_line' id='line_1_49' title="bbox 184 3082 1762 3159; baseline 0 -21"><span class='ocrx_word' id='word_1_382' title='bbox 184 3103 321 3156; x_wconf 87' lang='grc' dir='ltr'>ματι</span> <span class='ocrx_word' id='word_1_383' title='bbox 354 3086 473 3156; x_wconf 88' lang='grc' dir='ltr'>μεθ’</span> <span class='ocrx_word' id='word_1_384' title='bbox 511 3087 667 3157; x_wconf 87' lang='grc' dir='ltr'>ήμῶν</span> <span class='ocrx_word' id='word_1_385' title='bbox 695 3089 1081 3159; x_wconf 87' lang='grc' dir='ltr'>τετιμημένος.</span> <span class='ocrx_word' id='word_1_386' title='bbox 1120 3086 1185 3139; x_wconf 87' lang='grc' dir='ltr'><strong>Τί</strong></span> <span class='ocrx_word' id='word_1_387' title='bbox 1210 3082 1301 3140; x_wconf 80' lang='grc' dir='ltr'><strong>οὖν</strong></span> <span class='ocrx_word' id='word_1_388' title='bbox 1323 3126 1338 3152; x_wconf 88' lang='grc'><strong>,</strong></span> <span class='ocrx_word' id='word_1_389' title='bbox 1370 3086 1492 3138; x_wconf 85' lang='grc' dir='ltr'>εἰπέ</span> <span class='ocrx_word' id='word_1_390' title='bbox 1532 3103 1654 3156; x_wconf 86' lang='grc' dir='ltr'>μοι,</span> <span class='ocrx_word' id='word_1_391' title='bbox 1689 3085 1762 3156; x_wconf 84' lang='grc' dir='ltr'>μὴ</span> 
     </span>
    </p>
   </div>
   <div class='ocr_carea' id='block_1_50' title="bbox 181 3179 1760 3252">
    <p class='ocr_par' dir='ltr' id='par_1_50' title="bbox 181 3179 1760 3252">
     <span class='ocr_line' id='line_1_50' title="bbox 181 3179 1760 3252; baseline -0.001 -21"><span class='ocrx_word' id='word_1_392' title='bbox 181 3180 302 3234; x_wconf 68' lang='grc' dir='ltr'>καὶ»</span> <span class='ocrx_word' id='word_1_393' title='bbox 330 3180 492 3244; x_wconf 82' lang='grc' dir='ltr'>αὐτὸς</span> <span class='ocrx_word' id='word_1_394' title='bbox 541 3181 638 3234; x_wconf 82' lang='grc' dir='ltr'>σὺν</span> <span class='ocrx_word' id='word_1_395' title='bbox 681 3182 812 3252; x_wconf 80' lang='grc' dir='ltr'>ἡμῖν</span> <span class='ocrx_word' id='word_1_396' title='bbox 852 3181 952 3252; x_wconf 82' lang='grc' dir='ltr'>τὴν</span> <span class='ocrx_word' id='word_1_397' title='bbox 1004 3179 1212 3234; x_wconf 81' lang='grc' dir='ltr'>οἰκείαν</span> <span class='ocrx_word' id='word_1_398' title='bbox 1259 3179 1514 3251; x_wconf 86' lang='grc' dir='ltr'>ὁμολογεῖ</span> <span class='ocrx_word' id='word_1_399' title='bbox 1561 3179 1760 3248; x_wconf 61' lang='lat' dir='ltr'><strong>(ptio-tv;</strong></span> 
     </span>
    </p>
   </div>
   <div class='ocr_carea' id='block_1_51' title="bbox 181 3269 1762 3342">
    <p class='ocr_par' dir='ltr' id='par_1_51' title="bbox 181 3269 1762 3342">
     <span class='ocr_line' id='line_1_51' title="bbox 181 3269 1762 3342; baseline 0.001 -20"><span class='ocrx_word' id='word_1_400' title='bbox 181 3269 328 3323; x_wconf 85' lang='grc' dir='ltr'>διατί</span> <span class='ocrx_word' id='word_1_401' title='bbox 367 3271 424 3324; x_wconf 82' lang='grc' dir='ltr'>δὲ</span> <span class='ocrx_word' id='word_1_402' title='bbox 469 3273 630 3341; x_wconf 85' lang='grc' dir='ltr'>ἡμεῖς</span> <span class='ocrx_word' id='word_1_403' title='bbox 661 3271 1025 3342; x_wconf 80' lang='grc' dir='ltr'>ἀπολλύμενοι</span> <span class='ocrx_word' id='word_1_404' title='bbox 1068 3271 1160 3324; x_wconf 87' lang='grc' dir='ltr'><strong>τὸν</strong></span> <span class='ocrx_word' id='word_1_405' title='bbox 1195 3271 1403 3335; x_wconf 80' lang='grc' dir='ltr'>αἰῶνα,</span> <span class='ocrx_word' id='word_1_406' title='bbox 1457 3270 1550 3323; x_wconf 74' lang='grc' dir='ltr'><strong>καὶ</strong></span> <span class='ocrx_word' id='word_1_407' title='bbox 1601 3270 1762 3333; x_wconf 74' lang='grc' dir='ltr'>αὐτὸς</span> 
     </span>
    </p>
   </div>
   <div class='ocr_carea' id='block_1_52' title="bbox 181 3359 1763 3432">
    <p class='ocr_par' dir='ltr' id='par_1_52' title="bbox 181 3359 1763 3432">
     <span class='ocr_line' id='line_1_52' title="bbox 181 3359 1763 3432; baseline 0.001 -20"><span class='ocrx_word' id='word_1_408' title='bbox 181 3359 495 3430; x_wconf 85' lang='grc' dir='ltr'>καθήμενος</span> <span class='ocrx_word' id='word_1_409' title='bbox 533 3361 625 3414; x_wconf 87' lang='grc' dir='ltr'>τὸν</span> <span class='ocrx_word' id='word_1_410' title='bbox 653 3361 857 3428; x_wconf 86' lang='grc' dir='ltr'>αἰῶνα;</span> <span class='ocrx_word' id='word_1_411' title='bbox 888 3362 982 3414; x_wconf 84' lang='grc' dir='ltr'><strong>τοῦ</strong></span> <span class='ocrx_word' id='word_1_412' title='bbox 1033 3361 1090 3414; x_wconf 82' lang='grc' dir='ltr'><strong>δὲ</strong></span> <span class='ocrx_word' id='word_1_413' title='bbox 1135 3361 1201 3432; x_wconf 86' lang='grc' dir='ltr'>δὴ</span> <span class='ocrx_word' id='word_1_414' title='bbox 1251 3361 1411 3432; x_wconf 80' lang='grc' dir='ltr'>χάριν</span> <span class='ocrx_word' id='word_1_415' title='bbox 1453 3363 1616 3431; x_wconf 83' lang='grc' dir='ltr'>ἡμεῖς</span> <span class='ocrx_word' id='word_1_416' title='bbox 1665 3361 1763 3431; x_wconf 84' lang='grc' dir='ltr'><strong>μὲν</strong></span> 
     </span>
    </p>
   </div>
   <div class='ocr_carea' id='block_1_53' title="bbox 179 3451 1761 3523">
    <p class='ocr_par' dir='ltr' id='par_1_53' title="bbox 179 3451 1761 3523">
     <span class='ocr_line' id='line_1_53' title="bbox 179 3451 1761 3523; baseline 0.001 -20"><span class='ocrx_word' id='word_1_417' title='bbox 179 3451 414 3518; x_wconf 81' lang='grc' dir='ltr'>οἰκέται,</span> <span class='ocrx_word' id='word_1_418' title='bbox 454 3452 642 3521; x_wconf 76' lang='grc' dir='ltr'>κύριος</span> <span class='ocrx_word' id='word_1_419' title='bbox 681 3453 740 3505; x_wconf 78' lang='grc' dir='ltr'><strong>δὲ</strong></span> <span class='ocrx_word' id='word_1_420' title='bbox 781 3453 977 3518; x_wconf 79' lang='grc' dir='ltr'>αὑτὸς;</span> <span class='ocrx_word' id='word_1_421' title='bbox 1027 3454 1095 3506; x_wconf 83' lang='lat' dir='ltr'><strong>Ei.</strong></span> <span class='ocrx_word' id='word_1_422' title='bbox 1130 3451 1238 3523; x_wconf 86' lang='grc' dir='ltr'><strong>γάρ</strong></span> <span class='ocrx_word' id='word_1_423' title='bbox 1281 3453 1374 3505; x_wconf 84' lang='grc' dir='ltr'>καὶ</span> <span class='ocrx_word' id='word_1_424' title='bbox 1409 3453 1516 3506; x_wconf 84' lang='grc' dir='ltr'><strong>υἱοὶ</strong></span> <span class='ocrx_word' id='word_1_425' title='bbox 1561 3452 1761 3523; x_wconf 79' lang='grc' dir='ltr'>κεκλή-</span> 
     </span>
    </p>
   </div>
   <div class='ocr_carea' id='block_1_54' title="bbox 183 3542 1764 3620">
    <p class='ocr_par' dir='ltr' id='par_1_54' title="bbox 183 3542 1764 3620">
     <span class='ocr_line' id='line_1_54' title="bbox 183 3542 1764 3620; baseline 0.001 -24"><span class='ocrx_word' id='word_1_426' title='bbox 183 3544 330 3614; x_wconf 87' lang='grc' dir='ltr'>μεθα</span> <span class='ocrx_word' id='word_1_427' title='bbox 361 3544 532 3607; x_wconf 85' lang='grc' dir='ltr'>Θεοῦ,</span> <span class='ocrx_word' id='word_1_428' title='bbox 572 3544 671 3616; x_wconf 83' lang='grc' dir='ltr'><strong>τὴν</strong></span> <span class='ocrx_word' id='word_1_429' title='bbox 727 3546 864 3602; x_wconf 84' lang='grc' dir='ltr'>ἰδίαν</span> <span class='ocrx_word' id='word_1_430' title='bbox 915 3546 1075 3616; x_wconf 76' lang='grc' dir='ltr'>φύσιν</span> <span class='ocrx_word' id='word_1_431' title='bbox 1122 3547 1274 3600; x_wconf 80' lang='grc' dir='ltr'>οὐδὲν</span> <span class='ocrx_word' id='word_1_432' title='bbox 1315 3542 1477 3620; x_wconf 83' lang='grc' dir='ltr'>ἦττον</span> <span class='ocrx_word' id='word_1_433' title='bbox 1509 3545 1764 3613; x_wconf 81' lang='grc' dir='ltr'>ἐπιγινώ-</span> 
     </span>
    </p>
   </div>
   <div class='ocr_carea' id='block_1_55' title="bbox 183 3635 1763 3710">
    <p class='ocr_par' dir='ltr' id='par_1_55' title="bbox 183 3635 1763 3710">
     <span class='ocr_line' id='line_1_55' title="bbox 183 3635 1763 3710; baseline -0.001 -20"><span class='ocrx_word' id='word_1_434' title='bbox 183 3653 431 3701; x_wconf 88' lang='grc' dir='ltr'>σκοντες,</span> <span class='ocrx_word' id='word_1_435' title='bbox 455 3638 554 3690; x_wconf 82' lang='grc' dir='ltr'><strong>οῦκ</strong></span> <span class='ocrx_word' id='word_1_436' title='bbox 586 3637 949 3709; x_wconf 79' lang='grc' dir='ltr'>αἰσχυνόμεθα</span> <span class='ocrx_word' id='word_1_437' title='bbox 987 3638 1085 3710; x_wconf 84' lang='grc' dir='ltr'><strong>τὴν</strong></span> <span class='ocrx_word' id='word_1_438' title='bbox 1117 3637 1272 3704; x_wconf 83' lang='grc' dir='ltr'>δόξαν</span> <span class='ocrx_word' id='word_1_439' title='bbox 1297 3655 1310 3668; x_wconf 89' lang='grc'><strong>·</strong></span> <span class='ocrx_word' id='word_1_440' title='bbox 1341 3638 1504 3701; x_wconf 84' lang='grc' dir='ltr'>αὐτὸς</span> <span class='ocrx_word' id='word_1_441' title='bbox 1533 3635 1611 3701; x_wconf 85' lang='grc' dir='ltr'><strong>δὲ,</strong></span> <span class='ocrx_word' id='word_1_442' title='bbox 1641 3636 1763 3689; x_wconf 84' lang='grc' dir='ltr'>εἰπέ</span> 
     </span>
    </p>
   </div>
   <div class='ocr_carea' id='block_1_56' title="bbox 185 3726 1762 3799">
    <p class='ocr_par' dir='ltr' id='par_1_56' title="bbox 185 3726 1762 3799">
     <span class='ocr_line' id='line_1_56' title="bbox 185 3726 1762 3799; baseline 0.002 -22"><span class='ocrx_word' id='word_1_443' title='bbox 185 3742 297 3795; x_wconf 88' lang='grc' dir='ltr'>μοι,</span> <span class='ocrx_word' id='word_1_444' title='bbox 325 3727 413 3780; x_wconf 78' lang='grc' dir='ltr'><strong>διὰ</strong></span> <span class='ocrx_word' id='word_1_445' title='bbox 437 3728 596 3781; x_wconf 82' lang='grc' dir='ltr'>ποίαν</span> <span class='ocrx_word' id='word_1_446' title='bbox 621 3729 814 3795; x_wconf 85' lang='grc' dir='ltr'>αἰτίαν,</span> <span class='ocrx_word' id='word_1_447' title='bbox 843 3727 999 3798; x_wconf 84' lang='grc' dir='ltr'>εἴπερ</span> <span class='ocrx_word' id='word_1_448' title='bbox 1029 3728 1145 3780; x_wconf 75' lang='grc' dir='ltr'><strong>ἐστί</strong></span> <span class='ocrx_word' id='word_1_449' title='bbox 1177 3728 1296 3782; x_wconf 85' lang='grc' dir='ltr'>καθ’</span> <span class='ocrx_word' id='word_1_450' title='bbox 1321 3728 1489 3799; x_wconf 81' lang='grc' dir='ltr'>ἡμᾶς,</span> <span class='ocrx_word' id='word_1_451' title='bbox 1521 3726 1613 3779; x_wconf 77' lang='grc' dir='ltr'>καὶ</span> <span class='ocrx_word' id='word_1_452' title='bbox 1641 3726 1762 3780; x_wconf 87' lang='grc' dir='ltr'>κατ’</span> 
     </span>
    </p>
   </div>
   <div class='ocr_carea' id='block_1_57' title="bbox 181 3820 1761 3895">
    <p class='ocr_par' dir='ltr' id='par_1_57' title="bbox 181 3820 1761 3895">
     <span class='ocr_line' id='line_1_57' title="bbox 181 3820 1761 3895; baseline 0 -21"><span class='ocrx_word' id='word_1_453' title='bbox 181 3821 336 3874; x_wconf 71' lang='grc' dir='ltr'>οὐδὲν</span> <span class='ocrx_word' id='word_1_454' title='bbox 380 3821 490 3876; x_wconf 90' lang='grc' dir='ltr'><strong>τῶν</strong></span> <span class='ocrx_word' id='word_1_455' title='bbox 523 3826 836 3895; x_wconf 87' lang='grc' dir='ltr'>κτισμάτων</span> <span class='ocrx_word' id='word_1_456' title='bbox 885 3826 943 3877; x_wconf 80' lang='grc' dir='ltr'>ἐν</span> <span class='ocrx_word' id='word_1_457' title='bbox 982 3824 1259 3894; x_wconf 86' lang='grc' dir='ltr'>ἀμείνοσι,</span> <span class='ocrx_word' id='word_1_458' title='bbox 1308 3821 1450 3876; x_wconf 91' lang='grc' dir='ltr'>κατά</span> <span class='ocrx_word' id='word_1_459' title='bbox 1483 3839 1546 3890; x_wconf 91' lang='grc' dir='ltr'><strong>γε</strong></span> <span class='ocrx_word' id='word_1_460' title='bbox 1578 3821 1640 3874; x_wconf 81' lang='grc' dir='ltr'><strong>τὸ</strong></span> <span class='ocrx_word' id='word_1_461' title='bbox 1686 3820 1761 3892; x_wconf 80' lang='grc' dir='ltr'>μὴ</span> 
     </span>
    </p>
   </div>
   <div class='ocr_carea' id='block_1_58' title="bbox 185 3909 1760 3984">
    <p class='ocr_par' dir='ltr' id='par_1_58' title="bbox 185 3909 1760 3984">
     <span class='ocr_line' id='line_1_58' title="bbox 185 3909 1760 3984; baseline -0.001 -19"><span class='ocrx_word' id='word_1_462' title='bbox 185 3909 328 3966; x_wconf 77' lang='grc' dir='ltr'>εἶναι</span> <span class='ocrx_word' id='word_1_463' title='bbox 356 3913 498 3966; x_wconf 77' lang='grc' dir='ltr'>κατὰ</span> <span class='ocrx_word' id='word_1_464' title='bbox 526 3913 687 3982; x_wconf 71' lang='grc' dir='ltr'>φύσιν</span> <span class='ocrx_word' id='word_1_465' title='bbox 725 3915 857 3978; x_wconf 84' lang='grc' dir='ltr'>Θεὸς</span> <span class='ocrx_word' id='word_1_466' title='bbox 901 3912 1093 3984; x_wconf 88' lang='grc' dir='ltr'>(τοῦτο</span> <span class='ocrx_word' id='word_1_467' title='bbox 1133 3914 1241 3984; x_wconf 74' lang='grc' dir='ltr'><strong>γὰρ</strong></span> <span class='ocrx_word' id='word_1_468' title='bbox 1271 3915 1384 3976; x_wconf 87' lang='grc' dir='ltr'>τοῖς</span> <span class='ocrx_word' id='word_1_469' title='bbox 1414 3911 1760 3976; x_wconf 82' lang='grc' dir='ltr'>ἀπαιδεύτοις</span> 
     </span>
    </p>
   </div>
   <div class='ocr_carea' id='block_1_59' title="bbox 181 4003 1762 4076">
    <p class='ocr_par' dir='ltr' id='par_1_59' title="bbox 181 4003 1762 4076">
     <span class='ocr_line' id='line_1_59' title="bbox 181 4003 1762 4076; baseline 0.001 -20"><span class='ocrx_word' id='word_1_470' title='bbox 181 4003 388 4074; x_wconf 78' lang='grc' dir='ltr'>δοκεῖ),</span> <span class='ocrx_word' id='word_1_471' title='bbox 415 4004 468 4056; x_wconf 89' lang='grc' dir='ltr'><strong>τί</strong></span> <span class='ocrx_word' id='word_1_472' title='bbox 494 4006 570 4076; x_wconf 86' lang='grc' dir='ltr'>μὴ</span> <span class='ocrx_word' id='word_1_473' title='bbox 613 4005 734 4076; x_wconf 82' lang='grc' dir='ltr'>μεθ’</span> <span class='ocrx_word' id='word_1_474' title='bbox 757 4005 915 4076; x_wconf 88' lang='grc' dir='ltr'>ήμῶν</span> <span class='ocrx_word' id='word_1_475' title='bbox 939 4006 1190 4076; x_wconf 83' lang='grc' dir='ltr'>ὁμολογεῖ</span> <span class='ocrx_word' id='word_1_476' title='bbox 1217 4005 1312 4075; x_wconf 86' lang='grc' dir='ltr'>τὴν</span> <span class='ocrx_word' id='word_1_477' title='bbox 1341 4005 1617 4070; x_wconf 84' lang='grc' dir='ltr'>δουλείαν;</span> <span class='ocrx_word' id='word_1_478' title='bbox 1650 4004 1762 4076; x_wconf 82' lang='grc' dir='ltr'><strong>Τὴν</strong></span> 
     </span>
    </p>
   </div>
   <div class='ocr_carea' id='block_1_60' title="bbox 181 4096 1762 4169">
    <p class='ocr_par' dir='ltr' id='par_1_60' title="bbox 181 4096 1762 4169">
     <span class='ocr_line' id='line_1_60' title="bbox 181 4096 1762 4169; baseline 0 -19"><span class='ocrx_word' id='word_1_479' title='bbox 181 4097 243 4150; x_wconf 77' lang='grc' dir='ltr'>δὲ</span> <span class='ocrx_word' id='word_1_480' title='bbox 266 4098 586 4168; x_wconf 85' lang='grc' dir='ltr'>πρέπουσαν</span> <span class='ocrx_word' id='word_1_481' title='bbox 612 4099 707 4150; x_wconf 77' lang='grc' dir='ltr'><strong>καὶ</strong></span> <span class='ocrx_word' id='word_1_482' title='bbox 745 4098 1108 4169; x_wconf 84' lang='grc' dir='ltr'>ἀνακειμένην</span> <span class='ocrx_word' id='word_1_483' title='bbox 1150 4096 1330 4160; x_wconf 90' lang='grc' dir='ltr'>ἰδικῶς</span> <span class='ocrx_word' id='word_1_484' title='bbox 1354 4099 1421 4167; x_wconf 80' lang='grc' dir='ltr'>τῇ</span> <span class='ocrx_word' id='word_1_485' title='bbox 1449 4096 1572 4168; x_wconf 76' lang='grc' dir='ltr'>θεία</span> <span class='ocrx_word' id='word_1_486' title='bbox 1601 4096 1762 4167; x_wconf 71' lang='grc' dir='ltr'>φύσει</span> 
     </span>
    </p>
   </div>
   <div class='ocr_carea' id='block_1_61' title="bbox 182 4188 1762 4260">
    <p class='ocr_par' dir='ltr' id='par_1_61' title="bbox 182 4188 1762 4260">
     <span class='ocr_line' id='line_1_61' title="bbox 182 4188 1762 4260; baseline 0.003 -22"><span class='ocrx_word' id='word_1_487' title='bbox 182 4191 351 4258; x_wconf 76' lang='grc' dir='ltr'>τιμήν</span> <span class='ocrx_word' id='word_1_488' title='bbox 384 4205 443 4239; x_wconf 85' lang='grc' dir='ltr'><strong>τε</strong></span> <span class='ocrx_word' id='word_1_489' title='bbox 481 4188 578 4242; x_wconf 78' lang='grc' dir='ltr'><strong>καὶ</strong></span> <span class='ocrx_word' id='word_1_490' title='bbox 603 4188 760 4254; x_wconf 81' lang='grc' dir='ltr'>δόξαν</span> <span class='ocrx_word' id='word_1_491' title='bbox 795 4189 969 4260; x_wconf 81' lang='grc' dir='ltr'>ἐαυτῷ</span> <span class='ocrx_word' id='word_1_492' title='bbox 996 4188 1240 4259; x_wconf 75' lang='grc' dir='ltr'>περιθεὶς</span> <span class='ocrx_word' id='word_1_493' title='bbox 1264 4228 1281 4255; x_wconf 87' lang='grc'><strong>,</strong></span> <span class='ocrx_word' id='word_1_494' title='bbox 1310 4192 1422 4251; x_wconf 88' lang='grc' dir='ltr'>τοῖς</span> <span class='ocrx_word' id='word_1_495' title='bbox 1451 4189 1626 4257; x_wconf 87' lang='grc' dir='ltr'>ἁγίοις</span> <span class='ocrx_word' id='word_1_496' title='bbox 1657 4205 1762 4258; x_wconf 80' lang='grc' dir='ltr'>μα-</span> 
     </span>
    </p>
   </div>
   <div class='ocr_carea' id='block_1_62' title="bbox 183 4280 1762 4353">
    <p class='ocr_par' dir='ltr' id='par_1_62' title="bbox 183 4280 1762 4353">
     <span class='ocr_line' id='line_1_62' title="bbox 183 4280 1762 4353; baseline 0.002 -21"><span class='ocrx_word' id='word_1_497' title='bbox 183 4280 376 4350; x_wconf 84' lang='grc' dir='ltr'>θηταῖς</span> <span class='ocrx_word' id='word_1_498' title='bbox 415 4281 726 4351; x_wconf 82' lang='grc' dir='ltr'>εὑρίσκεται</span> <span class='ocrx_word' id='word_1_499' title='bbox 774 4280 948 4351; x_wconf 90' lang='grc' dir='ltr'>λέγων</span> <span class='ocrx_word' id='word_1_500' title='bbox 981 4297 994 4311; x_wconf 90' lang='grc'><strong>·</strong></span> <span class='ocrx_word' id='word_1_501' title='bbox 1039 4301 1057 4332; x_wconf 84' lang='grc' dir='ltr'><strong>ι</strong></span> <span class='ocrx_word' id='word_1_502' title='bbox 1119 4282 1307 4353; x_wconf 80' lang='grc' dir='ltr'>Ὑμεῖς</span> <span class='ocrx_word' id='word_1_503' title='bbox 1350 4281 1566 4334; x_wconf 86' lang='grc' dir='ltr'>καλεῖτέ</span> <span class='ocrx_word' id='word_1_504' title='bbox 1599 4299 1688 4353; x_wconf 87' lang='grc' dir='ltr'><strong>με,</strong></span> <span class='ocrx_word' id='word_1_505' title='bbox 1732 4282 1762 4335; x_wconf 87' lang='grc' dir='ltr'>ὀ</span> 
     </span>
    </p>
   </div>
   <div class='ocr_carea' id='block_1_63' title="bbox 182 4370 1762 4445">
    <p class='ocr_par' dir='ltr' id='par_1_63' title="bbox 182 4370 1762 4445">
     <span class='ocr_line' id='line_1_63' title="bbox 182 4370 1762 4445; baseline 0.003 -21"><span class='ocrx_word' id='word_1_506' title='bbox 182 4370 394 4440; x_wconf 73' lang='grc' dir='ltr'>Κύριος</span> <span class='ocrx_word' id='word_1_507' title='bbox 433 4372 528 4423; x_wconf 73' lang='grc' dir='ltr'><strong>καὶ</strong></span> <span class='ocrx_word' id='word_1_508' title='bbox 559 4372 586 4422; x_wconf 87' lang='grc' dir='ltr'>ὁ</span> <span class='ocrx_word' id='word_1_509' title='bbox 624 4371 986 4438; x_wconf 86' lang='grc' dir='ltr'>Διδάσκαλος,</span> <span class='ocrx_word' id='word_1_510' title='bbox 1033 4373 1128 4427; x_wconf 75' lang='grc' dir='ltr'><strong>καὶ</strong></span> <span class='ocrx_word' id='word_1_511' title='bbox 1157 4373 1338 4438; x_wconf 88' lang='grc' dir='ltr'>καλῶς</span> <span class='ocrx_word' id='word_1_512' title='bbox 1383 4373 1570 4442; x_wconf 82' lang='grc' dir='ltr'>λέγετε</span> <span class='ocrx_word' id='word_1_513' title='bbox 1596 4391 1609 4404; x_wconf 78' lang='grc' dir='ltr'><strong><em>ο</em></strong></span> <span class='ocrx_word' id='word_1_514' title='bbox 1645 4375 1762 4445; x_wconf 74' lang='grc' dir='ltr'>εἰμὶ</span> 
     </span>
    </p>
   </div>
   <div class='ocr_carea' id='block_1_64' title="bbox 1862 1901 3439 1970">
    <p class='ocr_par' dir='ltr' id='par_1_64' title="bbox 1862 1901 3439 1970">
     <span class='ocr_line' id='line_1_64' title="bbox 1862 1901 3439 1970; baseline -0.004 -10"><span class='ocrx_word' id='word_1_515' title='bbox 1862 1907 2085 1960; x_wconf 87' lang='lat' dir='ltr'><strong>stultam</strong></span> <span class='ocrx_word' id='word_1_516' title='bbox 2128 1902 2514 1958; x_wconf 69' lang='lat' dir='ltr'><strong>bzereticorum</strong></span> <span class='ocrx_word' id='word_1_517' title='bbox 2558 1901 2920 1964; x_wconf 86' lang='lat' dir='ltr'><strong>sententiam,</strong></span> <span class='ocrx_word' id='word_1_518' title='bbox 2961 1901 3254 1970; x_wconf 84' lang='lat' dir='ltr'><strong>gloriﬁcet.</strong></span> <span class='ocrx_word' id='word_1_519' title='bbox 3285 1901 3439 1966; x_wconf 85' lang='lat' dir='ltr'><strong>Quod</strong></span> 
     </span>
    </p>
   </div>
   <div class='ocr_carea' id='block_1_65' title="bbox 1861 1991 3440 2064">
    <p class='ocr_par' dir='ltr' id='par_1_65' title="bbox 1861 1991 3440 2064">
     <span class='ocr_line' id='line_1_65' title="bbox 1861 1991 3440 2064; baseline -0.005 -12"><span class='ocrx_word' id='word_1_520' title='bbox 1861 1998 1906 2052; x_wconf 87' lang='lat' dir='ltr'><strong>si</strong></span> <span class='ocrx_word' id='word_1_521' title='bbox 1947 1995 2106 2051; x_wconf 85' lang='lat' dir='ltr'><strong>Pater</strong></span> <span class='ocrx_word' id='word_1_522' title='bbox 2147 2008 2391 2064; x_wconf 87' lang='lat' dir='ltr'><strong>unquam</strong></span> <span class='ocrx_word' id='word_1_523' title='bbox 2429 1992 2496 2047; x_wconf 89' lang='lat' dir='ltr'><strong>ab</strong></span> <span class='ocrx_word' id='word_1_524' title='bbox 2532 1992 2624 2046; x_wconf 90' lang='lat' dir='ltr'><strong>illa</strong></span> <span class='ocrx_word' id='word_1_525' title='bbox 2654 1992 3050 2060; x_wconf 87' lang='lat' dir='ltr'><strong>conjunctione</strong></span> <span class='ocrx_word' id='word_1_526' title='bbox 3087 1998 3141 2044; x_wconf 84' lang='lat' dir='ltr'><strong>et</strong></span> <span class='ocrx_word' id='word_1_527' title='bbox 3171 1991 3440 2045; x_wconf 79' lang='lat' dir='ltr'><strong>inhabita-</strong></span> 
     </span>
    </p>
   </div>
   <div class='ocr_carea' id='block_1_66' title="bbox 1860 2084 3441 2153">
    <p class='ocr_par' dir='ltr' id='par_1_66' title="bbox 1860 2084 3441 2153">
     <span class='ocr_line' id='line_1_66' title="bbox 1860 2084 3441 2153; baseline -0.004 -11"><span class='ocrx_word' id='word_1_528' title='bbox 1860 2090 2011 2144; x_wconf 90' lang='lat' dir='ltr'><strong>tione</strong></span> <span class='ocrx_word' id='word_1_529' title='bbox 2045 2103 2170 2143; x_wconf 91' lang='lat' dir='ltr'><strong>cum</strong></span> <span class='ocrx_word' id='word_1_530' title='bbox 2201 2085 2345 2140; x_wconf 91' lang='lat' dir='ltr'><strong>Filio</strong></span> <span class='ocrx_word' id='word_1_531' title='bbox 2369 2086 2626 2141; x_wconf 90' lang='lat' dir='ltr'><strong>recedere</strong></span> <span class='ocrx_word' id='word_1_532' title='bbox 2653 2085 2804 2150; x_wconf 83' lang='lat' dir='ltr'><strong>velit,</strong></span> <span class='ocrx_word' id='word_1_533' title='bbox 2830 2085 2968 2138; x_wconf 91' lang='lat' dir='ltr'><strong>nihil</strong></span> <span class='ocrx_word' id='word_1_534' title='bbox 2997 2084 3186 2153; x_wconf 83' lang='lat' dir='ltr'><strong>utique</strong></span> <span class='ocrx_word' id='word_1_535' title='bbox 3217 2084 3441 2138; x_wconf 84' lang='lat' dir='ltr'><strong>distabit</strong></span> 
     </span>
    </p>
   </div>
   <div class='ocr_carea' id='block_1_67' title="bbox 1859 2174 3442 2250">
    <p class='ocr_par' dir='ltr' id='par_1_67' title="bbox 1859 2174 3442 2250">
     <span class='ocr_line' id='line_1_67' title="bbox 1859 2174 3442 2250; baseline -0.004 -16"><span class='ocrx_word' id='word_1_536' title='bbox 1859 2181 1926 2236; x_wconf 89' lang='lat' dir='ltr'><strong>ab</strong></span> <span class='ocrx_word' id='word_1_537' title='bbox 1971 2180 2040 2235; x_wconf 91' lang='lat' dir='ltr'><strong>iis</strong></span> <span class='ocrx_word' id='word_1_538' title='bbox 2078 2179 2171 2250; x_wconf 91' lang='lat' dir='ltr'><strong>qui</strong></span> <span class='ocrx_word' id='word_1_539' title='bbox 2218 2177 2543 2234; x_wconf 82' lang='lat' dir='ltr'><strong>exciderunt</strong></span> <span class='ocrx_word' id='word_1_540' title='bbox 2585 2192 2687 2232; x_wconf 90' lang='lat' dir='ltr'><strong>suo</strong></span> <span class='ocrx_word' id='word_1_541' title='bbox 2731 2176 3087 2247; x_wconf 88' lang='lat' dir='ltr'><strong>principatu,</strong></span> <span class='ocrx_word' id='word_1_542' title='bbox 3126 2174 3265 2229; x_wconf 85' lang='lat' dir='ltr'><strong>nihil</strong></span> <span class='ocrx_word' id='word_1_543' title='bbox 3313 2190 3442 2246; x_wconf 88' lang='lat' dir='ltr'><strong>pro-</strong></span> 
     </span>
    </p>
   </div>
   <div class='ocr_carea' id='block_1_68' title="bbox 1856 2266 3439 2343">
    <p class='ocr_par' dir='ltr' id='par_1_68' title="bbox 1856 2266 3439 2343">
     <span class='ocr_line' id='line_1_68' title="bbox 1856 2266 3439 2343; baseline -0.004 -16"><span class='ocrx_word' id='word_1_544' title='bbox 1856 2274 2032 2343; x_wconf 89' lang='lat' dir='ltr'><strong>prium</strong></span> <span class='ocrx_word' id='word_1_545' title='bbox 2063 2272 2292 2334; x_wconf 84' lang='lat' dir='ltr'><strong>habens.</strong></span> <span class='ocrx_word' id='word_1_546' title='bbox 2323 2285 2425 2325; x_wconf 88' lang='lat' dir='ltr'><strong>nec</strong></span> <span class='ocrx_word' id='word_1_547' title='bbox 2457 2271 2513 2324; x_wconf 89' lang='lat' dir='ltr'><strong>in</strong></span> <span class='ocrx_word' id='word_1_548' title='bbox 2535 2284 2637 2325; x_wconf 90' lang='lat' dir='ltr'><strong>sua</strong></span> <span class='ocrx_word' id='word_1_549' title='bbox 2663 2280 2864 2323; x_wconf 89' lang='lat' dir='ltr'><strong>natura</strong></span> <span class='ocrx_word' id='word_1_550' title='bbox 2887 2268 3205 2324; x_wconf 89' lang='lat' dir='ltr'><strong>Genitorem</strong></span> <span class='ocrx_word' id='word_1_551' title='bbox 3233 2266 3439 2332; x_wconf 79' lang='lat' dir='ltr'><strong>ferens,</strong></span> 
     </span>
    </p>
   </div>
   <div class='ocr_carea' id='block_1_69' title="bbox 1859 2358 3440 2425">
    <p class='ocr_par' dir='ltr' id='par_1_69' title="bbox 1859 2358 3440 2425">
     <span class='ocr_line' id='line_1_69' title="bbox 1859 2358 3440 2425; baseline -0.005 -6"><span class='ocrx_word' id='word_1_552' title='bbox 1859 2363 1953 2419; x_wconf 90' lang='lat' dir='ltr'><strong>sed</strong></span> <span class='ocrx_word' id='word_1_553' title='bbox 1979 2362 2034 2416; x_wconf 92' lang='lat' dir='ltr'><strong>in</strong></span> <span class='ocrx_word' id='word_1_554' title='bbox 2057 2362 2318 2418; x_wconf 87' lang='lat' dir='ltr'><strong>omnibus</strong></span> <span class='ocrx_word' id='word_1_555' title='bbox 2351 2361 2528 2416; x_wconf 89' lang='lat' dir='ltr'><strong>nostri</strong></span> <span class='ocrx_word' id='word_1_556' title='bbox 2565 2360 2767 2415; x_wconf 89' lang='lat' dir='ltr'><strong>similis</strong></span> <span class='ocrx_word' id='word_1_557' title='bbox 2804 2360 3107 2425; x_wconf 82' lang='lat' dir='ltr'><strong>exsistens,</strong></span> <span class='ocrx_word' id='word_1_558' title='bbox 3131 2367 3185 2413; x_wconf 87' lang='lat' dir='ltr'><strong>et</strong></span> <span class='ocrx_word' id='word_1_559' title='bbox 3207 2358 3326 2413; x_wconf 82' lang='lat' dir='ltr'><strong>sola</strong></span> <span class='ocrx_word' id='word_1_560' title='bbox 3351 2358 3440 2412; x_wconf 83' lang='lat' dir='ltr'><strong>di-</strong></span> 
     </span>
    </p>
   </div>
   <div class='ocr_carea' id='block_1_70' title="bbox 1857 2449 3441 2524">
    <p class='ocr_par' dir='ltr' id='par_1_70' title="bbox 1857 2449 3441 2524">
     <span class='ocr_line' id='line_1_70' title="bbox 1857 2449 3441 2524; baseline -0.004 -15"><span class='ocrx_word' id='word_1_561' title='bbox 1857 2454 1982 2509; x_wconf 86' lang='lat' dir='ltr'><strong>vina</strong></span> <span class='ocrx_word' id='word_1_562' title='bbox 2028 2453 2322 2509; x_wconf 86' lang='lat' dir='ltr'><strong>roboratus</strong></span> <span class='ocrx_word' id='word_1_563' title='bbox 2359 2453 2576 2524; x_wconf 84' lang='lat' dir='ltr'><strong>gratia,</strong></span> <span class='ocrx_word' id='word_1_564' title='bbox 2614 2451 2753 2506; x_wconf 86' lang='lat' dir='ltr'><strong>adde</strong></span> <span class='ocrx_word' id='word_1_565' title='bbox 2791 2461 2845 2505; x_wconf 89' lang='lat' dir='ltr'><strong>et</strong></span> <span class='ocrx_word' id='word_1_566' title='bbox 2892 2451 3178 2506; x_wconf 89' lang='lat' dir='ltr'><strong>ﬁliationis</strong></span> <span class='ocrx_word' id='word_1_567' title='bbox 3219 2449 3441 2504; x_wconf 88' lang='lat' dir='ltr'><strong>nomine</strong></span> 
     </span>
    </p>
   </div>
   <div class='ocr_carea' id='block_1_71' title="bbox 1859 2545 3444 2615">
    <p class='ocr_par' dir='ltr' id='par_1_71' title="bbox 1859 2545 3444 2615">
     <span class='ocr_line' id='line_1_71' title="bbox 1859 2545 3444 2615; baseline -0.001 -13"><span class='ocrx_word' id='word_1_568' title='bbox 1859 2548 2148 2602; x_wconf 89' lang='lat' dir='ltr'><strong>nobiscum</strong></span> <span class='ocrx_word' id='word_1_569' title='bbox 2186 2554 2436 2602; x_wconf 87' lang='lat' dir='ltr'><strong>ornatus.</strong></span> <span class='ocrx_word' id='word_1_570' title='bbox 2465 2545 2667 2612; x_wconf 84' lang='lat' dir='ltr'><strong>Quidni</strong></span> <span class='ocrx_word' id='word_1_571' title='bbox 2715 2545 2901 2615; x_wconf 83' lang='lat' dir='ltr'><strong>igitur,</strong></span> <span class='ocrx_word' id='word_1_572' title='bbox 2940 2560 3158 2615; x_wconf 80' lang='lat' dir='ltr'><strong>quaeso,</strong></span> <span class='ocrx_word' id='word_1_573' title='bbox 3197 2545 3364 2600; x_wconf 89' lang='lat' dir='ltr'><strong>etiam</strong></span> <span class='ocrx_word' id='word_1_574' title='bbox 3397 2545 3444 2600; x_wconf 83' lang='lat' dir='ltr'><strong>is</strong></span> 
     </span>
    </p>
   </div>
   <div class='ocr_carea' id='block_1_72' title="bbox 1859 2635 3442 2694">
    <p class='ocr_par' dir='ltr' id='par_1_72' title="bbox 1859 2635 3442 2694">
     <span class='ocr_line' id='line_1_72' title="bbox 1859 2635 3442 2694; baseline -0.002 -1"><span class='ocrx_word' id='word_1_575' title='bbox 1859 2639 2149 2693; x_wconf 87' lang='lat' dir='ltr'><strong>nobiscum</strong></span> <span class='ocrx_word' id='word_1_576' title='bbox 2182 2652 2340 2694; x_wconf 90' lang='lat' dir='ltr'><strong>suam</strong></span> <span class='ocrx_word' id='word_1_577' title='bbox 2365 2635 2663 2692; x_wconf 90' lang='lat' dir='ltr'><strong>conﬁtetur</strong></span> <span class='ocrx_word' id='word_1_578' title='bbox 2690 2637 2989 2690; x_wconf 85' lang='lat' dir='ltr'><strong>naturam?</strong></span> <span class='ocrx_word' id='word_1_579' title='bbox 3014 2644 3107 2690; x_wconf 91' lang='lat' dir='ltr'><strong>aut</strong></span> <span class='ocrx_word' id='word_1_580' title='bbox 3134 2651 3235 2690; x_wconf 90' lang='lat' dir='ltr'><strong>cur</strong></span> <span class='ocrx_word' id='word_1_581' title='bbox 3256 2652 3358 2692; x_wconf 89' lang='lat' dir='ltr'><strong>nos</strong></span> <span class='ocrx_word' id='word_1_582' title='bbox 3384 2637 3442 2690; x_wconf 87' lang='lat' dir='ltr'><strong>in</strong></span> 
     </span>
    </p>
   </div>
   <div class='ocr_carea' id='block_1_73' title="bbox 1862 2727 3442 2800">
    <p class='ocr_par' dir='ltr' id='par_1_73' title="bbox 1862 2727 3442 2800">
     <span class='ocr_line' id='line_1_73' title="bbox 1862 2727 3442 2800; baseline -0.003 -16"><span class='ocrx_word' id='word_1_583' title='bbox 1862 2730 2064 2784; x_wconf 64' lang='lat' dir='ltr'><strong>saeculo</strong></span> <span class='ocrx_word' id='word_1_584' title='bbox 2107 2728 2376 2800; x_wconf 89' lang='lat' dir='ltr'><strong>perimus,</strong></span> <span class='ocrx_word' id='word_1_585' title='bbox 2407 2728 2525 2798; x_wconf 91' lang='lat' dir='ltr'><strong>ipse</strong></span> <span class='ocrx_word' id='word_1_586' title='bbox 2576 2743 2708 2782; x_wconf 89' lang='lat' dir='ltr'><strong>vero</strong></span> <span class='ocrx_word' id='word_1_587' title='bbox 2745 2727 2952 2781; x_wconf 61' lang='lat' dir='ltr'><strong>siccum</strong></span> <span class='ocrx_word' id='word_1_588' title='bbox 2997 2727 3237 2783; x_wconf 84' lang='lat' dir='ltr'><strong>insidet?</strong></span> <span class='ocrx_word' id='word_1_589' title='bbox 3275 2742 3442 2797; x_wconf 80' lang='lat' dir='ltr'><strong>quam</strong></span> 
     </span>
    </p>
   </div>
   <div class='ocr_carea' id='block_1_74' title="bbox 1861 2817 3440 2889">
    <p class='ocr_par' dir='ltr' id='par_1_74' title="bbox 1861 2817 3440 2889">
     <span class='ocr_line' id='line_1_74' title="bbox 1861 2817 3440 2889; baseline -0.004 -13"><span class='ocrx_word' id='word_1_590' title='bbox 1861 2822 1931 2876; x_wconf 91' lang='lat' dir='ltr'><strong>ob</strong></span> <span class='ocrx_word' id='word_1_591' title='bbox 1973 2836 2200 2877; x_wconf 85' lang='lat' dir='ltr'><strong>causam</strong></span> <span class='ocrx_word' id='word_1_592' title='bbox 2233 2835 2336 2876; x_wconf 90' lang='lat' dir='ltr'><strong>nos</strong></span> <span class='ocrx_word' id='word_1_593' title='bbox 2387 2819 2607 2886; x_wconf 81' lang='lat' dir='ltr'><strong>famuli,</strong></span> <span class='ocrx_word' id='word_1_594' title='bbox 2655 2818 2770 2889; x_wconf 89' lang='lat' dir='ltr'><strong>ipse</strong></span> <span class='ocrx_word' id='word_1_595' title='bbox 2801 2833 2933 2872; x_wconf 88' lang='lat' dir='ltr'><strong>vero</strong></span> <span class='ocrx_word' id='word_1_596' title='bbox 2977 2817 3290 2873; x_wconf 85' lang='lat' dir='ltr'><strong>Dominus?</strong></span> <span class='ocrx_word' id='word_1_597' title='bbox 3322 2817 3440 2872; x_wconf 83' lang='lat' dir='ltr'><strong>Etsi</strong></span> 
     </span>
    </p>
   </div>
   <div class='ocr_carea' id='block_1_75' title="bbox 1862 2911 3442 2983">
    <p class='ocr_par' dir='ltr' id='par_1_75' title="bbox 1862 2911 3442 2983">
     <span class='ocr_line' id='line_1_75' title="bbox 1862 2911 3442 2983; baseline -0.006 -12"><span class='ocrx_word' id='word_1_598' title='bbox 1862 2915 2009 2971; x_wconf 91' lang='lat' dir='ltr'><strong>enim</strong></span> <span class='ocrx_word' id='word_1_599' title='bbox 2053 2913 2150 2969; x_wconf 86' lang='lat' dir='ltr'><strong>ﬁlii</strong></span> <span class='ocrx_word' id='word_1_600' title='bbox 2182 2927 2569 2983; x_wconf 89' lang='lat' dir='ltr'><strong>nuncupemur</strong></span> <span class='ocrx_word' id='word_1_601' title='bbox 2605 2911 2732 2976; x_wconf 89' lang='lat' dir='ltr'><strong>Dei,</strong></span> <span class='ocrx_word' id='word_1_602' title='bbox 2764 2911 3131 2965; x_wconf 86' lang='lat' dir='ltr'><strong>nihilominus</strong></span> <span class='ocrx_word' id='word_1_603' title='bbox 3187 2917 3442 2963; x_wconf 78' lang='lat' dir='ltr'><strong>naturain</strong></span> 
     </span>
    </p>
   </div>
   <div class='ocr_carea' id='block_1_76' title="bbox 1861 3001 3441 3076">
    <p class='ocr_par' dir='ltr' id='par_1_76' title="bbox 1861 3001 3441 3076">
     <span class='ocr_line' id='line_1_76' title="bbox 1861 3001 3441 3076; baseline -0.003 -17"><span class='ocrx_word' id='word_1_604' title='bbox 1861 3016 2110 3061; x_wconf 87' lang='lat' dir='ltr'><strong>nostram</strong></span> <span class='ocrx_word' id='word_1_605' title='bbox 2165 3009 2553 3076; x_wconf 85' lang='lat' dir='ltr'><strong>agnoscentes,</strong></span> <span class='ocrx_word' id='word_1_606' title='bbox 2580 3001 2814 3073; x_wconf 82' lang='lat' dir='ltr'><strong>gloriam</strong></span> <span class='ocrx_word' id='word_1_607' title='bbox 2853 3017 2963 3055; x_wconf 90' lang='lat' dir='ltr'><strong>non</strong></span> <span class='ocrx_word' id='word_1_608' title='bbox 2992 3001 3377 3056; x_wconf 87' lang='lat' dir='ltr'><strong>erubescimus</strong></span> <span class='ocrx_word' id='word_1_609' title='bbox 3397 3003 3441 3054; x_wconf 72' lang='lat'><strong>9.</strong></span> 
     </span>
    </p>
   </div>
   <div class='ocr_carea' id='block_1_77' title="bbox 1789 3094 3444 3191">
    <p class='ocr_par' dir='ltr' id='par_1_77' title="bbox 1789 3094 3444 3191">
     <span class='ocr_line' id='line_1_77' title="bbox 1789 3094 3444 3191; baseline 0 -43"><span class='ocrx_word' id='word_1_610' title='bbox 1789 3134 1832 3191; x_wconf 75' lang='lat' dir='ltr'><strong><em>C</em></strong></span> <span class='ocrx_word' id='word_1_611' title='bbox 1865 3095 1986 3166; x_wconf 88' lang='lat' dir='ltr'><strong>Ipse</strong></span> <span class='ocrx_word' id='word_1_612' title='bbox 2015 3111 2145 3152; x_wconf 90' lang='lat' dir='ltr'><strong>vero</strong></span> <span class='ocrx_word' id='word_1_613' title='bbox 2168 3095 2214 3151; x_wconf 92' lang='lat' dir='ltr'><strong>si</strong></span> <span class='ocrx_word' id='word_1_614' title='bbox 2235 3095 2396 3150; x_wconf 90' lang='lat' dir='ltr'><strong>nobis</strong></span> <span class='ocrx_word' id='word_1_615' title='bbox 2425 3102 2509 3150; x_wconf 88' lang='lat' dir='ltr'><strong>est</strong></span> <span class='ocrx_word' id='word_1_616' title='bbox 2541 3095 2773 3159; x_wconf 90' lang='lat' dir='ltr'><strong>similis,</strong></span> <span class='ocrx_word' id='word_1_617' title='bbox 2815 3109 2917 3148; x_wconf 89' lang='lat' dir='ltr'><strong>nec</strong></span> <span class='ocrx_word' id='word_1_618' title='bbox 2949 3094 3061 3148; x_wconf 88' lang='lat' dir='ltr'><strong>ullo</strong></span> <span class='ocrx_word' id='word_1_619' title='bbox 3089 3095 3256 3150; x_wconf 91' lang='lat' dir='ltr'><strong>modo</strong></span> <span class='ocrx_word' id='word_1_620' title='bbox 3287 3110 3444 3150; x_wconf 83' lang='lat' dir='ltr'><strong>crea-</strong></span> 
     </span>
    </p>
   </div>
   <div class='ocr_carea' id='block_1_78' title="bbox 1868 3182 3445 3255">
    <p class='ocr_par' dir='ltr' id='par_1_78' title="bbox 1868 3182 3445 3255">
     <span class='ocr_line' id='line_1_78' title="bbox 1868 3182 3445 3255; baseline 0 -15"><span class='ocrx_word' id='word_1_621' title='bbox 1868 3185 2009 3241; x_wconf 88' lang='lat' dir='ltr'><strong>turis</strong></span> <span class='ocrx_word' id='word_1_622' title='bbox 2029 3186 2308 3255; x_wconf 89' lang='lat' dir='ltr'><strong>superior,</strong></span> <span class='ocrx_word' id='word_1_623' title='bbox 2340 3185 2394 3238; x_wconf 90' lang='lat' dir='ltr'><strong>in</strong></span> <span class='ocrx_word' id='word_1_624' title='bbox 2415 3193 2684 3254; x_wconf 91' lang='lat' dir='ltr'><strong>quantum</strong></span> <span class='ocrx_word' id='word_1_625' title='bbox 2705 3191 2912 3238; x_wconf 86' lang='lat' dir='ltr'><strong>nonest</strong></span> <span class='ocrx_word' id='word_1_626' title='bbox 2934 3192 3132 3237; x_wconf 89' lang='lat' dir='ltr'><strong>natura</strong></span> <span class='ocrx_word' id='word_1_627' title='bbox 3155 3182 3298 3238; x_wconf 89' lang='lat' dir='ltr'><strong>Deus</strong></span> <span class='ocrx_word' id='word_1_628' title='bbox 3319 3184 3445 3255; x_wconf 84' lang='lat' dir='ltr'><strong>(hoc</strong></span> 
     </span>
    </p>
   </div>
   <div class='ocr_carea' id='block_1_79' title="bbox 1865 3273 3447 3347">
    <p class='ocr_par' dir='ltr' id='par_1_79' title="bbox 1865 3273 3447 3347">
     <span class='ocr_line' id='line_1_79' title="bbox 1865 3273 3447 3347; baseline -0.003 -15"><span class='ocrx_word' id='word_1_629' title='bbox 1865 3279 2010 3333; x_wconf 89' lang='lat' dir='ltr'><strong>enim</strong></span> <span class='ocrx_word' id='word_1_630' title='bbox 2059 3277 2302 3347; x_wconf 88' lang='lat' dir='ltr'><strong>imperiti</strong></span> <span class='ocrx_word' id='word_1_631' title='bbox 2346 3275 2642 3347; x_wconf 88' lang='lat' dir='ltr'><strong>sentiunt),</strong></span> <span class='ocrx_word' id='word_1_632' title='bbox 2674 3275 2869 3345; x_wconf 89' lang='lat' dir='ltr'><strong>quidni</strong></span> <span class='ocrx_word' id='word_1_633' title='bbox 2913 3275 3235 3330; x_wconf 85' lang='lat' dir='ltr'><strong>servitutem</strong></span> <span class='ocrx_word' id='word_1_634' title='bbox 3267 3273 3447 3328; x_wconf 89' lang='lat' dir='ltr'><strong>nobis-</strong></span> 
     </span>
    </p>
   </div>
   <div class='ocr_carea' id='block_1_80' title="bbox 1865 3367 3446 3438">
    <p class='ocr_par' dir='ltr' id='par_1_80' title="bbox 1865 3367 3446 3438">
     <span class='ocr_line' id='line_1_80' title="bbox 1865 3367 3446 3438; baseline -0.003 -15"><span class='ocrx_word' id='word_1_635' title='bbox 1865 3383 1988 3423; x_wconf 91' lang='lat' dir='ltr'><strong>cum</strong></span> <span class='ocrx_word' id='word_1_636' title='bbox 2024 3367 2346 3438; x_wconf 88' lang='lat' dir='ltr'><strong>proﬁtetur?</strong></span> <span class='ocrx_word' id='word_1_637' title='bbox 2373 3368 2482 3423; x_wconf 89' lang='lat' dir='ltr'><strong>Sed</strong></span> <span class='ocrx_word' id='word_1_638' title='bbox 2518 3367 2944 3422; x_wconf 86' lang='lat' dir='ltr'><strong>convenientem</strong></span> <span class='ocrx_word' id='word_1_639' title='bbox 2985 3367 3206 3437; x_wconf 90' lang='lat' dir='ltr'><strong>proprie</strong></span> <span class='ocrx_word' id='word_1_640' title='bbox 3235 3373 3446 3419; x_wconf 65' lang='lat' dir='ltr'><strong>naturae</strong></span> 
     </span>
    </p>
   </div>
   <div class='ocr_carea' id='block_1_81' title="bbox 1865 3457 3449 3529">
    <p class='ocr_par' dir='ltr' id='par_1_81' title="bbox 1865 3457 3449 3529">
     <span class='ocr_line' id='line_1_81' title="bbox 1865 3457 3449 3529; baseline -0.003 -13"><span class='ocrx_word' id='word_1_641' title='bbox 1865 3460 2063 3516; x_wconf 79' lang='lat' dir='ltr'><strong>divinae</strong></span> <span class='ocrx_word' id='word_1_642' title='bbox 2111 3459 2378 3515; x_wconf 90' lang='lat' dir='ltr'><strong>honorem</strong></span> <span class='ocrx_word' id='word_1_643' title='bbox 2424 3467 2478 3514; x_wconf 87' lang='lat' dir='ltr'><strong>et</strong></span> <span class='ocrx_word' id='word_1_644' title='bbox 2523 3459 2754 3529; x_wconf 80' lang='lat' dir='ltr'><strong>gloriam</strong></span> <span class='ocrx_word' id='word_1_645' title='bbox 2807 3459 2912 3513; x_wconf 91' lang='lat' dir='ltr'><strong>sibi</strong></span> <span class='ocrx_word' id='word_1_646' title='bbox 2968 3457 3284 3521; x_wconf 83' lang='lat' dir='ltr'><strong>vindicans,</strong></span> <span class='ocrx_word' id='word_1_647' title='bbox 3330 3458 3449 3511; x_wconf 86' lang='lat' dir='ltr'><strong>suis</strong></span> 
     </span>
    </p>
   </div>
   <div class='ocr_carea' id='block_1_82' title="bbox 1864 3548 3446 3622">
    <p class='ocr_par' dir='ltr' id='par_1_82' title="bbox 1864 3548 3446 3622">
     <span class='ocr_line' id='line_1_82' title="bbox 1864 3548 3446 3622; baseline -0.004 -15"><span class='ocrx_word' id='word_1_648' title='bbox 1864 3551 2151 3622; x_wconf 87' lang='lat' dir='ltr'><strong>discipulis</strong></span> <span class='ocrx_word' id='word_1_649' title='bbox 2181 3551 2367 3612; x_wconf 87' lang='lat' dir='ltr'><strong>dicere</strong></span> <span class='ocrx_word' id='word_1_650' title='bbox 2394 3552 2673 3620; x_wconf 89' lang='lat' dir='ltr'><strong>reperitur</strong></span> <span class='ocrx_word' id='word_1_651' title='bbox 2701 3570 2714 3604; x_wconf 90' lang='lat'><strong>:</strong></span> <span class='ocrx_word' id='word_1_652' title='bbox 2752 3568 2770 3602; x_wconf 79' lang='grc' dir='ltr'><strong>ι</strong></span> <span class='ocrx_word' id='word_1_653' title='bbox 2805 3549 2915 3604; x_wconf 78' lang='lat' dir='ltr'><strong>Vos</strong></span> <span class='ocrx_word' id='word_1_654' title='bbox 2945 3551 3158 3604; x_wconf 86' lang='lat' dir='ltr'><strong>vocatis</strong></span> <span class='ocrx_word' id='word_1_655' title='bbox 3189 3564 3295 3610; x_wconf 89' lang='lat' dir='ltr'><strong>me,</strong></span> <span class='ocrx_word' id='word_1_656' title='bbox 3332 3548 3446 3601; x_wconf 79' lang='lat' dir='ltr'><strong>Ma-</strong></span> 
     </span>
    </p>
   </div>
   <div class='ocr_carea' id='block_1_83' title="bbox 1863 3640 3440 3714">
    <p class='ocr_par' dir='ltr' id='par_1_83' title="bbox 1863 3640 3440 3714">
     <span class='ocr_line' id='line_1_83' title="bbox 1863 3640 3440 3714; baseline -0.001 -20"><span class='ocrx_word' id='word_1_657' title='bbox 1863 3643 2037 3714; x_wconf 84' lang='lat' dir='ltr'><strong>gister</strong></span> <span class='ocrx_word' id='word_1_658' title='bbox 2062 3651 2118 3697; x_wconf 89' lang='lat' dir='ltr'><strong>et</strong></span> <span class='ocrx_word' id='word_1_659' title='bbox 2142 3640 2372 3696; x_wconf 83' lang='lat' dir='ltr'><strong>Domine</strong></span> <span class='ocrx_word' id='word_1_660' title='bbox 2397 3661 2412 3709; x_wconf 86' lang='lat'><strong>;</strong></span> <span class='ocrx_word' id='word_1_661' title='bbox 2441 3649 2496 3696; x_wconf 92' lang='lat' dir='ltr'><strong>et</strong></span> <span class='ocrx_word' id='word_1_662' title='bbox 2524 3641 2665 3696; x_wconf 88' lang='lat' dir='ltr'><strong>bene</strong></span> <span class='ocrx_word' id='word_1_663' title='bbox 2687 3641 2875 3694; x_wconf 88' lang='lat' dir='ltr'><strong>dicitis</strong></span> <span class='ocrx_word' id='word_1_664' title='bbox 2907 3659 2920 3694; x_wconf 89' lang='lat'>:</span> <span class='ocrx_word' id='word_1_665' title='bbox 2955 3656 3075 3695; x_wconf 88' lang='lat' dir='ltr'><strong>sum</strong></span> <span class='ocrx_word' id='word_1_666' title='bbox 3099 3641 3303 3695; x_wconf 86' lang='lat' dir='ltr'><strong>etenim</strong></span> <span class='ocrx_word' id='word_1_667' title='bbox 3331 3642 3392 3694; x_wconf 87' lang='lat'><strong>&#39;°.</strong></span> <span class='ocrx_word' id='word_1_668' title='bbox 3421 3659 3440 3692; x_wconf 74' lang='grc' dir='ltr'><strong>ι</strong></span> 
     </span>
    </p>
   </div>
   <div class='ocr_carea' id='block_1_84' title="bbox 1863 3729 3448 3804">
    <p class='ocr_par' dir='ltr' id='par_1_84' title="bbox 1863 3729 3448 3804">
     <span class='ocr_line' id='line_1_84' title="bbox 1863 3729 3448 3804; baseline -0.003 -17"><span class='ocrx_word' id='word_1_669' title='bbox 1863 3734 2042 3804; x_wconf 85' lang='lat' dir='ltr'><strong>Atque</strong></span> <span class='ocrx_word' id='word_1_670' title='bbox 2072 3733 2190 3787; x_wconf 71' lang='lat' dir='ltr'><strong>hare</strong></span> <span class='ocrx_word' id='word_1_671' title='bbox 2221 3731 2439 3802; x_wconf 85' lang='lat' dir='ltr'><strong>quidem</strong></span> <span class='ocrx_word' id='word_1_672' title='bbox 2468 3730 2723 3787; x_wconf 86' lang='lat' dir='ltr'><strong>Salvator</strong></span> <span class='ocrx_word' id='word_1_673' title='bbox 2763 3749 2777 3785; x_wconf 87' lang='lat'><strong>:</strong></span> <span class='ocrx_word' id='word_1_674' title='bbox 2811 3730 2906 3785; x_wconf 87' lang='lat' dir='ltr'><strong>sed</strong></span> <span class='ocrx_word' id='word_1_675' title='bbox 2941 3729 3072 3784; x_wconf 92' lang='lat' dir='ltr'><strong>boni</strong></span> <span class='ocrx_word' id='word_1_676' title='bbox 3106 3730 3181 3782; x_wconf 89' lang='lat' dir='ltr'><strong>illi</strong></span> <span class='ocrx_word' id='word_1_677' title='bbox 3219 3730 3448 3800; x_wconf 84' lang='lat' dir='ltr'><strong>dogma-</strong></span> 
     </span>
    </p>
   </div>
   <div class='ocr_carea' id='block_1_85' title="bbox 1865 3820 3444 3894">
    <p class='ocr_par' dir='ltr' id='par_1_85' title="bbox 1865 3820 3444 3894">
     <span class='ocr_line' id='line_1_85' title="bbox 1865 3820 3444 3894; baseline -0.005 -14"><span class='ocrx_word' id='word_1_678' title='bbox 1865 3833 1981 3880; x_wconf 92' lang='lat' dir='ltr'><strong>tum</strong></span> <span class='ocrx_word' id='word_1_679' title='bbox 2011 3825 2397 3880; x_wconf 67' lang='lat' dir='ltr'><strong>haereticorum</strong></span> <span class='ocrx_word' id='word_1_680' title='bbox 2435 3824 2772 3894; x_wconf 88' lang='lat' dir='ltr'><strong>interpretes</strong></span> <span class='ocrx_word' id='word_1_681' title='bbox 2816 3821 3042 3876; x_wconf 89' lang='lat' dir='ltr'><strong>laudant</strong></span> <span class='ocrx_word' id='word_1_682' title='bbox 3073 3820 3291 3890; x_wconf 80' lang='lat' dir='ltr'><strong>quidem</strong></span> <span class='ocrx_word' id='word_1_683' title='bbox 3319 3836 3444 3874; x_wconf 85' lang='lat' dir='ltr'><strong>eum</strong></span> 
     </span>
    </p>
   </div>
   <div class='ocr_carea' id='block_1_86' title="bbox 1864 3909 3443 3983">
    <p class='ocr_par' dir='ltr' id='par_1_86' title="bbox 1864 3909 3443 3983">
     <span class='ocr_line' id='line_1_86' title="bbox 1864 3909 3443 3983; baseline -0.004 -11"><span class='ocrx_word' id='word_1_684' title='bbox 1864 3923 2203 3973; x_wconf 87' lang='lat' dir='ltr'><strong>asscrentem</strong></span> <span class='ocrx_word' id='word_1_685' title='bbox 2228 3931 2292 3971; x_wconf 91' lang='lat' dir='ltr'><strong>ac</strong></span> <span class='ocrx_word' id='word_1_686' title='bbox 2317 3916 2595 3970; x_wconf 86' lang='lat' dir='ltr'><strong>dicentem</strong></span> <span class='ocrx_word' id='word_1_687' title='bbox 2633 3929 2692 3970; x_wconf 91' lang='lat' dir='ltr'><strong>se</strong></span> <span class='ocrx_word' id='word_1_688' title='bbox 2716 3929 2843 3969; x_wconf 88' lang='lat' dir='ltr'><strong>vere</strong></span> <span class='ocrx_word' id='word_1_689' title='bbox 2867 3928 3097 3983; x_wconf 89' lang='lat' dir='ltr'><strong>prorsus</strong></span> <span class='ocrx_word' id='word_1_690' title='bbox 3121 3912 3304 3966; x_wconf 88' lang='lat' dir='ltr'><strong>vocari</strong></span> <span class='ocrx_word' id='word_1_691' title='bbox 3338 3909 3443 3966; x_wconf 84' lang='lat' dir='ltr'><strong>Do-</strong></span> 
     </span>
    </p>
   </div>
   <div class='ocr_carea' id='block_1_87' title="bbox 1863 4003 3444 4074">
    <p class='ocr_par' dir='ltr' id='par_1_87' title="bbox 1863 4003 3444 4074">
     <span class='ocr_line' id='line_1_87' title="bbox 1863 4003 3444 4074; baseline -0.004 -12"><span class='ocrx_word' id='word_1_692' title='bbox 1863 4008 2098 4074; x_wconf 89' lang='lat' dir='ltr'><strong>minum,</strong></span> <span class='ocrx_word' id='word_1_693' title='bbox 2132 4007 2227 4063; x_wconf 92' lang='lat' dir='ltr'><strong>sed</strong></span> <span class='ocrx_word' id='word_1_694' title='bbox 2255 4021 2285 4060; x_wconf 87' lang='lat' dir='ltr'><strong>a</strong></span> <span class='ocrx_word' id='word_1_695' title='bbox 2318 4006 2557 4062; x_wconf 87' lang='lat' dir='ltr'><strong>naturali</strong></span> <span class='ocrx_word' id='word_1_696' title='bbox 2586 4005 2962 4060; x_wconf 84' lang='lat' dir='ltr'><strong>dominatione</strong></span> <span class='ocrx_word' id='word_1_697' title='bbox 2997 4019 3124 4059; x_wconf 89' lang='lat' dir='ltr'><strong>eum</strong></span> <span class='ocrx_word' id='word_1_698' title='bbox 3147 4003 3444 4058; x_wconf 73' lang='lat' dir='ltr'><strong>excluden-</strong></span> 
     </span>
    </p>
   </div>
   <div class='ocr_carea' id='block_1_88' title="bbox 1864 4093 3443 4168">
    <p class='ocr_par' dir='ltr' id='par_1_88' title="bbox 1864 4093 3443 4168">
     <span class='ocr_line' id='line_1_88' title="bbox 1864 4093 3443 4168; baseline -0.004 -16"><span class='ocrx_word' id='word_1_699' title='bbox 1864 4105 1947 4153; x_wconf 89' lang='lat' dir='ltr'><strong>tes</strong></span> <span class='ocrx_word' id='word_1_700' title='bbox 1977 4113 2046 4152; x_wconf 81' lang='lat' dir='ltr'><strong>ex</strong></span> <span class='ocrx_word' id='word_1_701' title='bbox 2069 4112 2136 4153; x_wconf 89' lang='lat' dir='ltr'><strong>eo</strong></span> <span class='ocrx_word' id='word_1_702' title='bbox 2161 4096 2310 4168; x_wconf 89' lang='lat' dir='ltr'><strong>quod</strong></span> <span class='ocrx_word' id='word_1_703' title='bbox 2334 4097 2535 4152; x_wconf 88' lang='lat' dir='ltr'><strong>nolunt</strong></span> <span class='ocrx_word' id='word_1_704' title='bbox 2553 4111 2678 4151; x_wconf 91' lang='lat' dir='ltr'><strong>eum</strong></span> <span class='ocrx_word' id='word_1_705' title='bbox 2711 4093 2880 4149; x_wconf 90' lang='lat' dir='ltr'><strong>Deum</strong></span> <span class='ocrx_word' id='word_1_706' title='bbox 2908 4094 2977 4149; x_wconf 92' lang='lat' dir='ltr'><strong>de</strong></span> <span class='ocrx_word' id='word_1_707' title='bbox 2998 4093 3109 4148; x_wconf 88' lang='lat' dir='ltr'><strong>Deo</strong></span> <span class='ocrx_word' id='word_1_708' title='bbox 3136 4093 3443 4148; x_wconf 88' lang='lat' dir='ltr'><strong>secundum</strong></span> 
     </span>
    </p>
   </div>
   <div class='ocr_carea' id='block_1_89' title="bbox 1863 4182 3445 4253">
    <p class='ocr_par' dir='ltr' id='par_1_89' title="bbox 1863 4182 3445 4253">
     <span class='ocr_line' id='line_1_89' title="bbox 1863 4182 3445 4253; baseline -0.003 -14"><span class='ocrx_word' id='word_1_709' title='bbox 1863 4193 2118 4240; x_wconf 85' lang='lat' dir='ltr'><strong>naturam</strong></span> <span class='ocrx_word' id='word_1_710' title='bbox 2156 4185 2440 4250; x_wconf 88' lang='lat' dir='ltr'><strong>conﬁteri,</strong></span> <span class='ocrx_word' id='word_1_711' title='bbox 2469 4201 2578 4240; x_wconf 93' lang='lat' dir='ltr'><strong>non</strong></span> <span class='ocrx_word' id='word_1_712' title='bbox 2608 4192 2794 4239; x_wconf 89' lang='lat' dir='ltr'><strong>tamen</strong></span> <span class='ocrx_word' id='word_1_713' title='bbox 2838 4190 3132 4253; x_wconf 88' lang='lat' dir='ltr'><strong>propterea</strong></span> <span class='ocrx_word' id='word_1_714' title='bbox 3181 4182 3286 4237; x_wconf 90' lang='lat' dir='ltr'><strong>sibi</strong></span> <span class='ocrx_word' id='word_1_715' title='bbox 3320 4198 3445 4253; x_wconf 91' lang='lat' dir='ltr'><strong>per-</strong></span> 
     </span>
    </p>
   </div>
   <div class='ocr_carea' id='block_1_90' title="bbox 1865 4273 3443 4348">
    <p class='ocr_par' dir='ltr' id='par_1_90' title="bbox 1865 4273 3443 4348">
     <span class='ocr_line' id='line_1_90' title="bbox 1865 4273 3443 4348; baseline -0.005 -14"><span class='ocrx_word' id='word_1_716' title='bbox 1865 4277 2098 4334; x_wconf 83' lang='lat' dir='ltr'><strong>suadent</strong></span> <span class='ocrx_word' id='word_1_717' title='bbox 2145 4293 2205 4334; x_wconf 90' lang='lat' dir='ltr'><strong>se</strong></span> <span class='ocrx_word' id='word_1_718' title='bbox 2252 4277 2454 4348; x_wconf 90' lang='lat' dir='ltr'><strong>piaculi</strong></span> <span class='ocrx_word' id='word_1_719' title='bbox 2505 4277 2594 4332; x_wconf 92' lang='lat' dir='ltr'><strong>sui</strong></span> <span class='ocrx_word' id='word_1_720' title='bbox 2647 4274 2884 4346; x_wconf 86' lang='lat' dir='ltr'><strong>prodere</strong></span> <span class='ocrx_word' id='word_1_721' title='bbox 2932 4273 3262 4328; x_wconf 69' lang='lat' dir='ltr'><strong>fmditatem.</strong></span> <span class='ocrx_word' id='word_1_722' title='bbox 3304 4273 3443 4327; x_wconf 83' lang='lat' dir='ltr'><strong>Nam</strong></span> 
     </span>
    </p>
   </div>
   <div class='ocr_carea' id='block_1_91' title="bbox 1864 4365 3445 4440">
    <p class='ocr_par' dir='ltr' id='par_1_91' title="bbox 1864 4365 3445 4440">
     <span class='ocr_line' id='line_1_91' title="bbox 1864 4365 3445 4440; baseline -0.004 -16"><span class='ocrx_word' id='word_1_723' title='bbox 1864 4371 2008 4440; x_wconf 89' lang='lat' dir='ltr'><strong>quod</strong></span> <span class='ocrx_word' id='word_1_724' title='bbox 2072 4385 2174 4426; x_wconf 91' lang='lat' dir='ltr'><strong>nec</strong></span> <span class='ocrx_word' id='word_1_725' title='bbox 2229 4371 2284 4424; x_wconf 91' lang='lat' dir='ltr'><strong>in</strong></span> <span class='ocrx_word' id='word_1_726' title='bbox 2345 4367 2677 4423; x_wconf 78' lang='lat' dir='ltr'><strong>famulorum</strong></span> <span class='ocrx_word' id='word_1_727' title='bbox 2736 4365 2971 4432; x_wconf 91' lang='lat' dir='ltr'><strong>ordine,</strong></span> <span class='ocrx_word' id='word_1_728' title='bbox 3019 4380 3123 4420; x_wconf 91' lang='lat' dir='ltr'><strong>nec</strong></span> <span class='ocrx_word' id='word_1_729' title='bbox 3179 4365 3234 4418; x_wconf 91' lang='lat' dir='ltr'><strong>in</strong></span> <span class='ocrx_word' id='word_1_730' title='bbox 3291 4379 3445 4418; x_wconf 86' lang='lat' dir='ltr'><strong>crea-</strong></span> 
     </span>
    </p>
   </div>
   <div class='ocr_carea' id='block_1_92' title="bbox 181 4447 1760 4535">
    <p class='ocr_par' dir='ltr' id='par_1_92' title="bbox 181 4447 1758 4535">
     <span class='ocr_line' id='line_1_92' title="bbox 181 4447 1758 4535; baseline 0.003 -22"><span class='ocrx_word' id='word_1_731' title='bbox 181 4461 316 4532; x_wconf 87' lang='grc' dir='ltr'>γάρ.</span> <span class='ocrx_word' id='word_1_732' title='bbox 356 4481 374 4510; x_wconf 85' lang='grc'><strong>›</strong></span> <span class='ocrx_word' id='word_1_733' title='bbox 408 4462 518 4516; x_wconf 75' lang='grc' dir='ltr'><strong>Καὶ</strong></span> <span class='ocrx_word' id='word_1_734' title='bbox 545 4462 718 4517; x_wconf 85' lang='grc' dir='ltr'>ταῦτα</span> <span class='ocrx_word' id='word_1_735' title='bbox 752 4463 850 4533; x_wconf 86' lang='grc' dir='ltr'>μὲν</span> <span class='ocrx_word' id='word_1_736' title='bbox 878 4465 906 4516; x_wconf 87' lang='grc' dir='ltr'>ὁ</span> <span class='ocrx_word' id='word_1_737' title='bbox 931 4464 1161 4535; x_wconf 68' lang='grc' dir='ltr'>Σωτῆρι</span> <span class='ocrx_word' id='word_1_738' title='bbox 1197 4467 1246 4517; x_wconf 90' lang='grc' dir='ltr'><strong>οἰ</strong></span> <span class='ocrx_word' id='word_1_739' title='bbox 1279 4465 1334 4518; x_wconf 88' lang='grc' dir='ltr'><strong>δὲ</strong></span> <span class='ocrx_word' id='word_1_740' title='bbox 1382 4465 1536 4518; x_wconf 86' lang='grc' dir='ltr'>καλοί</span> <span class='ocrx_word' id='word_1_741' title='bbox 1575 4481 1633 4518; x_wconf 88' lang='grc' dir='ltr'><strong>τε</strong></span> <span class='ocrx_word' id='word_1_742' title='bbox 1665 4447 1758 4518; x_wconf 65' lang='grc' dir='ltr'><strong>κάι</strong></span> 
     </span>
    </p>
   </div>
   <div class='ocr_carea' id='block_1_93' title="bbox 1861 4447 3443 4535">
    <p class='ocr_par' dir='ltr' id='par_1_93' title="bbox 1865 4456 3443 4523">
     <span class='ocr_line' id='line_1_93' title="bbox 1865 4456 3443 4523; baseline -0.004 -6"><span class='ocrx_word' id='word_1_743' title='bbox 1865 4471 2110 4517; x_wconf 87' lang='lat' dir='ltr'><strong>turarum</strong></span> <span class='ocrx_word' id='word_1_744' title='bbox 2164 4476 2392 4517; x_wconf 91' lang='lat' dir='ltr'><strong>numero</strong></span> <span class='ocrx_word' id='word_1_745' title='bbox 2439 4459 2699 4515; x_wconf 88' lang='lat' dir='ltr'><strong>collocari</strong></span> <span class='ocrx_word' id='word_1_746' title='bbox 2757 4458 2908 4523; x_wconf 89' lang='lat' dir='ltr'><strong>velit,</strong></span> <span class='ocrx_word' id='word_1_747' title='bbox 2963 4457 3058 4513; x_wconf 89' lang='lat' dir='ltr'><strong>sed</strong></span> <span class='ocrx_word' id='word_1_748' title='bbox 3112 4457 3180 4512; x_wconf 90' lang='lat' dir='ltr'><strong>ad</strong></span> <span class='ocrx_word' id='word_1_749' title='bbox 3218 4456 3443 4512; x_wconf 84' lang='lat' dir='ltr'><strong>liberta-</strong></span> 
     </span>
    </p>
   </div>
   <div class='ocr_carea' id='block_1_94' title="bbox 182 4552 1760 4628">
    <p class='ocr_par' dir='ltr' id='par_1_94' title="bbox 182 4552 1760 4628">
     <span class='ocr_line' id='line_1_94' title="bbox 182 4552 1760 4628; baseline 0.004 -24"><span class='ocrx_word' id='word_1_750' title='bbox 182 4552 382 4619; x_wconf 71' lang='grc' dir='ltr'>ἀγαθοὶ</span> <span class='ocrx_word' id='word_1_751' title='bbox 419 4553 526 4605; x_wconf 86' lang='grc' dir='ltr'><strong>τῶν</strong></span> <span class='ocrx_word' id='word_1_752' title='bbox 566 4553 686 4606; x_wconf 85' lang='grc' dir='ltr'>κατ’</span> <span class='ocrx_word' id='word_1_753' title='bbox 735 4553 903 4606; x_wconf 77' lang='grc' dir='ltr'>αὐτοῦ</span> <span class='ocrx_word' id='word_1_754' title='bbox 950 4555 1233 4624; x_wconf 81' lang='grc' dir='ltr'>δογμάτων</span> <span class='ocrx_word' id='word_1_755' title='bbox 1267 4557 1557 4628; x_wconf 79' lang='grc' dir='ltr'>εἰσηγηταὶ</span> <span class='ocrx_word' id='word_1_756' title='bbox 1600 4559 1760 4610; x_wconf 80' lang='grc' dir='ltr'>ἐπαι·</span> 
     </span>
    </p>
   </div>
   <div class='ocr_carea' id='block_1_95' title="bbox 180 4642 1760 4719">
    <p class='ocr_par' dir='ltr' id='par_1_95' title="bbox 180 4642 1760 4719">
     <span class='ocr_line' id='line_1_95' title="bbox 180 4642 1760 4719; baseline 0.006 -25"><span class='ocrx_word' id='word_1_757' title='bbox 180 4642 338 4695; x_wconf 88' lang='grc' dir='ltr'>νοῦσι</span> <span class='ocrx_word' id='word_1_758' title='bbox 380 4642 478 4713; x_wconf 85' lang='grc' dir='ltr'><strong>μὲν</strong></span> <span class='ocrx_word' id='word_1_759' title='bbox 511 4643 737 4711; x_wconf 88' lang='grc' dir='ltr'>λέγοντα</span> <span class='ocrx_word' id='word_1_760' title='bbox 774 4646 870 4700; x_wconf 75' lang='grc' dir='ltr'><strong>καὶ</strong></span> <span class='ocrx_word' id='word_1_761' title='bbox 899 4644 1296 4716; x_wconf 88' lang='grc' dir='ltr'>διατεινόμενον</span> <span class='ocrx_word' id='word_1_762' title='bbox 1320 4690 1334 4713; x_wconf 90' lang='grc'><strong>,</strong></span> <span class='ocrx_word' id='word_1_763' title='bbox 1371 4648 1447 4711; x_wconf 83' lang='grc' dir='ltr'><strong>ὡς</strong></span> <span class='ocrx_word' id='word_1_764' title='bbox 1473 4648 1561 4719; x_wconf 79' lang='grc' dir='ltr'>εἴη</span> <span class='ocrx_word' id='word_1_765' title='bbox 1622 4665 1760 4703; x_wconf 88' lang='grc' dir='ltr'>παν-</span> 
     </span>
    </p>
   </div>
   <div class='ocr_carea' id='block_1_96' title="bbox 182 4734 1763 4808">
    <p class='ocr_par' dir='ltr' id='par_1_96' title="bbox 182 4734 1763 4808">
     <span class='ocr_line' id='line_1_96' title="bbox 182 4734 1763 4808; baseline 0.003 -20"><span class='ocrx_word' id='word_1_766' title='bbox 182 4736 403 4804; x_wconf 88' lang='grc' dir='ltr'>αληθῶς</span> <span class='ocrx_word' id='word_1_767' title='bbox 435 4736 766 4807; x_wconf 80' lang='grc' dir='ltr'>καλούμενος</span> <span class='ocrx_word' id='word_1_768' title='bbox 798 4734 1023 4807; x_wconf 84' lang='grc' dir='ltr'>Κύριος,</span> <span class='ocrx_word' id='word_1_769' title='bbox 1053 4737 1151 4808; x_wconf 82' lang='grc' dir='ltr'><strong>τῆς</strong></span> <span class='ocrx_word' id='word_1_770' title='bbox 1192 4737 1247 4790; x_wconf 84' lang='grc' dir='ltr'><strong>δὲ</strong></span> <span class='ocrx_word' id='word_1_771' title='bbox 1285 4738 1428 4792; x_wconf 86' lang='grc' dir='ltr'><strong>κατά</strong></span> <span class='ocrx_word' id='word_1_772' title='bbox 1459 4738 1621 4808; x_wconf 83' lang='grc' dir='ltr'>φύσιν</span> <span class='ocrx_word' id='word_1_773' title='bbox 1664 4757 1763 4792; x_wconf 89' lang='grc' dir='ltr'>κυ-</span> 
     </span>
    </p>
   </div>
   <div class='ocr_carea' id='block_1_97' title="bbox 184 4828 1763 4903">
    <p class='ocr_par' dir='ltr' id='par_1_97' title="bbox 184 4828 1763 4903">
     <span class='ocr_line' id='line_1_97' title="bbox 184 4828 1763 4903; baseline 0.004 -23"><span class='ocrx_word' id='word_1_774' title='bbox 184 4830 438 4900; x_wconf 85' lang='grc' dir='ltr'>ριότητος</span> <span class='ocrx_word' id='word_1_775' title='bbox 489 4828 816 4895; x_wconf 74' lang='grc' dir='ltr'>ἐξωθοῦντες</span> <span class='ocrx_word' id='word_1_776' title='bbox 867 4829 1028 4883; x_wconf 83' lang='grc' dir='ltr'>αὐτὸν</span> <span class='ocrx_word' id='word_1_777' title='bbox 1076 4830 1162 4883; x_wconf 86' lang='grc' dir='ltr'><strong>διά</strong></span> <span class='ocrx_word' id='word_1_778' title='bbox 1215 4831 1307 4883; x_wconf 88' lang='grc' dir='ltr'><strong>τοῦ</strong></span> <span class='ocrx_word' id='word_1_779' title='bbox 1352 4832 1426 4903; x_wconf 86' lang='grc' dir='ltr'><strong>μὴ</strong></span> <span class='ocrx_word' id='word_1_780' title='bbox 1478 4831 1763 4901; x_wconf 79' lang='grc' dir='ltr'>βούλεσθαι</span> 
     </span>
    </p>
   </div>
   <div class='ocr_carea' id='block_1_98' title="bbox 180 4921 1763 4996">
    <p class='ocr_par' dir='ltr' id='par_1_98' title="bbox 180 4921 1763 4996">
     <span class='ocr_line' id='line_1_98' title="bbox 180 4921 1763 4996; baseline 0.004 -23"><span class='ocrx_word' id='word_1_781' title='bbox 180 4923 317 4976; x_wconf 76' lang='grc' dir='ltr'>Θεὸν</span> <span class='ocrx_word' id='word_1_782' title='bbox 340 4924 404 4975; x_wconf 82' lang='grc' dir='ltr'><strong>ὲκ</strong></span> <span class='ocrx_word' id='word_1_783' title='bbox 437 4922 572 4976; x_wconf 84' lang='grc' dir='ltr'>Θεοῦ</span> <span class='ocrx_word' id='word_1_784' title='bbox 604 4921 746 4976; x_wconf 86' lang='grc' dir='ltr'><strong>κατά</strong></span> <span class='ocrx_word' id='word_1_785' title='bbox 774 4921 936 4991; x_wconf 78' lang='grc' dir='ltr'>φύσιν</span> <span class='ocrx_word' id='word_1_786' title='bbox 959 4922 1264 4993; x_wconf 84' lang='grc' dir='ltr'>ὁμολογεῖν,</span> <span class='ocrx_word' id='word_1_787' title='bbox 1294 4924 1391 4977; x_wconf 77' lang='grc' dir='ltr'><strong>καὶ</strong></span> <span class='ocrx_word' id='word_1_788' title='bbox 1427 4925 1526 4996; x_wconf 75' lang='grc' dir='ltr'>τῆς</span> <span class='ocrx_word' id='word_1_789' title='bbox 1553 4925 1763 4980; x_wconf 73' lang='grc' dir='ltr'>ἑαυτῶν</span> 
     </span>
    </p>
   </div>
   <div class='ocr_carea' id='block_1_99' title="bbox 182 5011 1763 5084">
    <p class='ocr_par' dir='ltr' id='par_1_99' title="bbox 182 5011 1763 5084">
     <span class='ocr_line' id='line_1_99' title="bbox 182 5011 1763 5084; baseline 0 -18"><span class='ocrx_word' id='word_1_790' title='bbox 182 5013 472 5084; x_wconf 80' lang='grc' dir='ltr'>βδελυρίας</span> <span class='ocrx_word' id='word_1_791' title='bbox 492 5012 560 5066; x_wconf 86' lang='grc' dir='ltr'><strong>τά</strong></span> <span class='ocrx_word' id='word_1_792' title='bbox 587 5013 803 5066; x_wconf 82' lang='grc' dir='ltr'>πάντων</span> <span class='ocrx_word' id='word_1_793' title='bbox 825 5011 1081 5081; x_wconf 82' lang='grc' dir='ltr'>αἴσχιστα</span> <span class='ocrx_word' id='word_1_794' title='bbox 1101 5014 1429 5083; x_wconf 88' lang='grc' dir='ltr'>κατηγορεῖν</span> <span class='ocrx_word' id='word_1_795' title='bbox 1456 5013 1515 5064; x_wconf 87' lang='grc' dir='ltr'><strong>οὐ</strong></span> <span class='ocrx_word' id='word_1_796' title='bbox 1540 5013 1763 5066; x_wconf 78' lang='grc' dir='ltr'>πιστεύ-</span> 
     </span>
    </p>
   </div>
   <div class='ocr_carea' id='block_1_100' title="bbox 181 5102 1761 5175">
    <p class='ocr_par' dir='ltr' id='par_1_100' title="bbox 181 5102 1761 5175">
     <span class='ocr_line' id='line_1_100' title="bbox 181 5102 1761 5175; baseline 0.001 -18"><span class='ocrx_word' id='word_1_797' title='bbox 181 5122 355 5160; x_wconf 85' lang='grc' dir='ltr'>ουσιν.</span> <span class='ocrx_word' id='word_1_798' title='bbox 397 5104 522 5157; x_wconf 80' lang='grc' dir='ltr'>Ὀτι</span> <span class='ocrx_word' id='word_1_799' title='bbox 564 5104 674 5175; x_wconf 78' lang='grc' dir='ltr'>γὰρ</span> <span class='ocrx_word' id='word_1_800' title='bbox 717 5105 817 5158; x_wconf 80' lang='grc' dir='ltr'><strong>οὐκ</strong></span> <span class='ocrx_word' id='word_1_801' title='bbox 865 5104 924 5158; x_wconf 80' lang='grc' dir='ltr'><strong>ὲν</strong></span> <span class='ocrx_word' id='word_1_802' title='bbox 957 5105 1069 5167; x_wconf 89' lang='grc' dir='ltr'>τοῖς</span> <span class='ocrx_word' id='word_1_803' title='bbox 1113 5102 1212 5174; x_wconf 77' lang='grc' dir='ltr'>τὴν</span> <span class='ocrx_word' id='word_1_804' title='bbox 1268 5103 1522 5175; x_wconf 81' lang='grc' dir='ltr'>δουλικὴν</span> <span class='ocrx_word' id='word_1_805' title='bbox 1577 5104 1761 5174; x_wconf 82' lang='grc' dir='ltr'>ἔχουσι</span> 
     </span>
    </p>
   </div>
   <div class='ocr_carea' id='block_1_101' title="bbox 183 5194 1762 5264">
    <p class='ocr_par' dir='ltr' id='par_1_101' title="bbox 183 5194 1762 5264">
     <span class='ocr_line' id='line_1_101' title="bbox 183 5194 1762 5264; baseline 0.003 -18"><span class='ocrx_word' id='word_1_806' title='bbox 183 5194 339 5258; x_wconf 80' lang='grc' dir='ltr'>τάξιν</span> <span class='ocrx_word' id='word_1_807' title='bbox 362 5236 378 5258; x_wconf 90' lang='grc'><strong>,</strong></span> <span class='ocrx_word' id='word_1_808' title='bbox 429 5195 551 5247; x_wconf 82' lang='grc' dir='ltr'>οὐδὲ</span> <span class='ocrx_word' id='word_1_809' title='bbox 602 5197 717 5259; x_wconf 88' lang='grc' dir='ltr'>τοῖς</span> <span class='ocrx_word' id='word_1_810' title='bbox 769 5195 877 5249; x_wconf 92' lang='grc' dir='ltr'><strong>τῶν</strong></span> <span class='ocrx_word' id='word_1_811' title='bbox 940 5194 1242 5264; x_wconf 83' lang='grc' dir='ltr'>γεγονότων</span> <span class='ocrx_word' id='word_1_812' title='bbox 1304 5195 1628 5264; x_wconf 88' lang='grc' dir='ltr'>κσταλόγοις</span> <span class='ocrx_word' id='word_1_813' title='bbox 1680 5197 1762 5250; x_wconf 79' lang='grc' dir='ltr'><strong>ὲν-</strong></span> 
     </span>
    </p>
   </div>
   <div class='ocr_carea' id='block_1_102' title="bbox 181 5282 1763 5358">
    <p class='ocr_par' dir='ltr' id='par_1_102' title="bbox 181 5282 1763 5358">
     <span class='ocr_line' id='line_1_102' title="bbox 181 5282 1763 5358; baseline 0.001 -18"><span class='ocrx_word' id='word_1_814' title='bbox 181 5286 443 5356; x_wconf 70' lang='grc' dir='ltr'>αρίθμιος</span> <span class='ocrx_word' id='word_1_815' title='bbox 493 5282 633 5340; x_wconf 73' lang='grc' dir='ltr'>εἶναι</span> <span class='ocrx_word' id='word_1_816' title='bbox 690 5286 974 5358; x_wconf 80' lang='grc' dir='ltr'>βούλεται,</span> <span class='ocrx_word' id='word_1_817' title='bbox 1046 5286 1234 5356; x_wconf 82' lang='grc' dir='ltr'>βλέπει</span> <span class='ocrx_word' id='word_1_818' title='bbox 1299 5286 1356 5341; x_wconf 83' lang='grc' dir='ltr'>δὲ</span> <span class='ocrx_word' id='word_1_819' title='bbox 1432 5288 1631 5357; x_wconf 83' lang='grc' dir='ltr'>μᾶλλον</span> <span class='ocrx_word' id='word_1_820' title='bbox 1683 5291 1763 5353; x_wconf 88' lang='grc' dir='ltr'><strong>εἰς</strong></span> 
     </span>
    </p>
   </div>
   <div class='ocr_carea' id='block_1_103' title="bbox 181 5377 1765 5450">
    <p class='ocr_par' dir='ltr' id='par_1_103' title="bbox 181 5377 1765 5450">
     <span class='ocr_line' id='line_1_103' title="bbox 181 5377 1765 5450; baseline 0.003 -21"><span class='ocrx_word' id='word_1_821' title='bbox 181 5380 283 5449; x_wconf 76' lang='grc' dir='ltr'><strong>τὴν</strong></span> <span class='ocrx_word' id='word_1_822' title='bbox 344 5379 574 5432; x_wconf 74' lang='grc' dir='ltr'>ἐνοῦσαν</span> <span class='ocrx_word' id='word_1_823' title='bbox 633 5378 783 5450; x_wconf 81' lang='grc' dir='ltr'>αὐτῷ</span> <span class='ocrx_word' id='word_1_824' title='bbox 835 5379 979 5433; x_wconf 87' lang='grc' dir='ltr'><strong>κατά</strong></span> <span class='ocrx_word' id='word_1_825' title='bbox 1034 5377 1196 5448; x_wconf 81' lang='grc' dir='ltr'>φύσιν</span> <span class='ocrx_word' id='word_1_826' title='bbox 1251 5378 1605 5450; x_wconf 76' lang='grc' dir='ltr'>ἐλευθερίαν,</span> <span class='ocrx_word' id='word_1_827' title='bbox 1668 5381 1765 5434; x_wconf 82' lang='grc' dir='ltr'><strong>καὶ</strong></span> 
     </span>
    </p>
   </div>
   <div class='ocr_carea' id='block_1_104' title="bbox 187 5470 1762 5543">
    <p class='ocr_par' dir='ltr' id='par_1_104' title="bbox 187 5470 1762 5543">
     <span class='ocr_line' id='line_1_104' title="bbox 187 5470 1762 5543; baseline -0.002 -17"><span class='ocrx_word' id='word_1_828' title='bbox 187 5473 274 5526; x_wconf 81' lang='grc' dir='ltr'>ὅτε</span> <span class='ocrx_word' id='word_1_829' title='bbox 346 5473 573 5542; x_wconf 87' lang='grc' dir='ltr'>γέγονεν</span> <span class='ocrx_word' id='word_1_830' title='bbox 639 5472 697 5524; x_wconf 83' lang='grc' dir='ltr'><strong>ὲν</strong></span> <span class='ocrx_word' id='word_1_831' title='bbox 768 5473 834 5543; x_wconf 79' lang='grc' dir='ltr'>τῇ</span> <span class='ocrx_word' id='word_1_832' title='bbox 915 5471 1010 5525; x_wconf 87' lang='grc' dir='ltr'><strong>τοῦ</strong></span> <span class='ocrx_word' id='word_1_833' title='bbox 1085 5470 1270 5524; x_wconf 85' lang='grc' dir='ltr'>δούλου</span> <span class='ocrx_word' id='word_1_834' title='bbox 1367 5473 1588 5542; x_wconf 79' lang='grc' dir='ltr'>μορφῇ,</span> <span class='ocrx_word' id='word_1_835' title='bbox 1667 5471 1762 5524; x_wconf 78' lang='grc' dir='ltr'><strong>καὶ</strong></span> 
     </span>
    </p>
   </div>
   <div class='ocr_carea' id='block_1_105' title="bbox 188 5561 1768 5632">
    <p class='ocr_par' dir='ltr' id='par_1_105' title="bbox 188 5561 1768 5632">
     <span class='ocr_line' id='line_1_105' title="bbox 188 5561 1768 5632; baseline -0.004 -14"><span class='ocrx_word' id='word_1_836' title='bbox 188 5564 272 5618; x_wconf 75' lang='grc' dir='ltr'>διὰ</span> <span class='ocrx_word' id='word_1_837' title='bbox 311 5563 504 5617; x_wconf 82' lang='grc' dir='ltr'>τούτου</span> <span class='ocrx_word' id='word_1_838' title='bbox 549 5563 820 5624; x_wconf 69' lang='grc' dir='ltr'>συνήσεις.</span> <span class='ocrx_word' id='word_1_839' title='bbox 869 5561 1117 5632; x_wconf 81' lang='grc' dir='ltr'>Ἀφίκετο</span> <span class='ocrx_word' id='word_1_840' title='bbox 1153 5561 1250 5631; x_wconf 86' lang='grc' dir='ltr'>μὲν</span> <span class='ocrx_word' id='word_1_841' title='bbox 1295 5561 1404 5631; x_wconf 77' lang='grc' dir='ltr'>γὰρ</span> <span class='ocrx_word' id='word_1_842' title='bbox 1448 5563 1504 5614; x_wconf 86' lang='grc' dir='ltr'>ὲν</span> <span class='ocrx_word' id='word_1_843' title='bbox 1547 5562 1768 5630; x_wconf 83' lang='grc' dir='ltr'>Καφαρ-</span> 
     </span>
    </p>
   </div>
   <div class='ocr_carea' id='block_1_106' title="bbox 255 5725 1760 5805">
    <p class='ocr_par' dir='ltr' id='par_1_106' title="bbox 255 5736 1734 5805">
     <span class='ocr_line' id='line_1_106' title="bbox 255 5736 1734 5805; baseline -0.006 -8"><span class='ocrx_word' id='word_1_844' title='bbox 255 5746 276 5776; x_wconf 83' lang='lat'><strong>’</strong></span> <span class='ocrx_word' id='word_1_845' title='bbox 309 5743 325 5796; x_wconf 96' lang='grc'><strong>1</strong></span> <span class='ocrx_word' id='word_1_846' title='bbox 356 5743 523 5797; x_wconf 84' lang='lat' dir='ltr'><strong>Jnan.</strong></span> <span class='ocrx_word' id='word_1_847' title='bbox 571 5756 669 5804; x_wconf 80' lang='grc' dir='ltr'>ιιι,</span> <span class='ocrx_word' id='word_1_848' title='bbox 705 5741 753 5793; x_wconf 80' lang='grc'><strong>1.</strong></span> <span class='ocrx_word' id='word_1_849' title='bbox 832 5741 871 5771; x_wconf 73' lang='grc' dir='ltr'>’θ</span> <span class='ocrx_word' id='word_1_850' title='bbox 917 5739 1070 5795; x_wconf 81' lang='lat' dir='ltr'><strong>Joan.</strong></span> <span class='ocrx_word' id='word_1_851' title='bbox 1111 5739 1342 5800; x_wconf 73' lang='lat' dir='ltr'><strong>xm,15.</strong></span> <span class='ocrx_word' id='word_1_852' title='bbox 1423 5740 1463 5770; x_wconf 77' lang='grc'>¹¹</span> <span class='ocrx_word' id='word_1_853' title='bbox 1500 5736 1734 5805; x_wconf 83' lang='lat' dir='ltr'><strong>Philipp.</strong></span> 
     </span>
    </p>
   </div>
   <div class='ocr_carea' id='block_1_107' title="bbox 1861 5725 3011 5805">
    <p class='ocr_par' dir='ltr' id='par_1_107' title="bbox 1867 5725 3011 5792">
     <span class='ocr_line' id='line_1_107' title="bbox 1867 5725 3011 5792; baseline -0.006 -4"><span class='ocrx_word' id='word_1_854' title='bbox 1867 5735 1975 5789; x_wconf 80' lang='lat'><strong>6~8.</strong></span> <span class='ocrx_word' id='word_1_855' title='bbox 2055 5735 2096 5765; x_wconf 73' lang='grc' dir='ltr'><strong><em>η</em></strong></span> <span class='ocrx_word' id='word_1_856' title='bbox 2130 5732 2322 5786; x_wconf 78' lang='lat' dir='ltr'><strong>Matth.</strong></span> <span class='ocrx_word' id='word_1_857' title='bbox 2350 5744 2480 5792; x_wconf 78' lang='lat' dir='ltr'><strong>xvn,</strong></span> <span class='ocrx_word' id='word_1_858' title='bbox 2508 5727 2598 5781; x_wconf 77' lang='lat'><strong>9.3.</strong></span> <span class='ocrx_word' id='word_1_859' title='bbox 2680 5729 2722 5759; x_wconf 83' lang='grc'><strong>¹³</strong></span> <span class='ocrx_word' id='word_1_860' title='bbox 2757 5725 2884 5781; x_wconf 82' lang='lat' dir='ltr'><strong>ibid.</strong></span> <span class='ocrx_word' id='word_1_861' title='bbox 2923 5729 3011 5782; x_wconf 59' lang='lat'><strong>9.4.</strong></span> 
     </span>
    </p>
   </div>
   <div class='ocr_carea' id='block_1_108' title="bbox 1868 4545 3442 4623">
    <p class='ocr_par' dir='ltr' id='par_1_108' title="bbox 1868 4545 3442 4623">
     <span class='ocr_line' id='line_1_108' title="bbox 1868 4545 3442 4623; baseline -0.007 -14"><span class='ocrx_word' id='word_1_862' title='bbox 1868 4565 1973 4609; x_wconf 90' lang='lat' dir='ltr'><strong>tem</strong></span> <span class='ocrx_word' id='word_1_863' title='bbox 2025 4552 2207 4623; x_wconf 90' lang='lat' dir='ltr'><strong>potius</strong></span> <span class='ocrx_word' id='word_1_864' title='bbox 2257 4558 2466 4620; x_wconf 89' lang='lat' dir='ltr'><strong>spectet</strong></span> <span class='ocrx_word' id='word_1_865' title='bbox 2522 4549 2628 4605; x_wconf 91' lang='lat' dir='ltr'><strong>sibi</strong></span> <span class='ocrx_word' id='word_1_866' title='bbox 2667 4563 2694 4602; x_wconf 87' lang='lat' dir='ltr'><strong>a</strong></span> <span class='ocrx_word' id='word_1_867' title='bbox 2755 4560 2951 4603; x_wconf 89' lang='lat' dir='ltr'><strong>natura</strong></span> <span class='ocrx_word' id='word_1_868' title='bbox 2994 4545 3245 4613; x_wconf 89' lang='lat' dir='ltr'><strong>insitam,</strong></span> <span class='ocrx_word' id='word_1_869' title='bbox 3277 4546 3442 4600; x_wconf 87' lang='lat' dir='ltr'><strong>etiam</strong></span> 
     </span>
    </p>
   </div>
   <div class='ocr_carea' id='block_1_109' title="bbox 1867 4636 3445 4708">
    <p class='ocr_par' dir='ltr' id='par_1_109' title="bbox 1867 4636 3445 4708">
     <span class='ocr_line' id='line_1_109' title="bbox 1867 4636 3445 4708; baseline -0.008 -8"><span class='ocrx_word' id='word_1_870' title='bbox 1867 4659 1994 4700; x_wconf 91' lang='lat' dir='ltr'><strong>cum</strong></span> <span class='ocrx_word' id='word_1_871' title='bbox 2045 4642 2222 4697; x_wconf 78' lang='lat' dir='ltr'><strong>factus</strong></span> <span class='ocrx_word' id='word_1_872' title='bbox 2265 4648 2348 4697; x_wconf 87' lang='lat' dir='ltr'><strong>est</strong></span> <span class='ocrx_word' id='word_1_873' title='bbox 2387 4641 2444 4695; x_wconf 93' lang='lat' dir='ltr'><strong>in</strong></span> <span class='ocrx_word' id='word_1_874' title='bbox 2487 4639 2662 4695; x_wconf 81' lang='lat' dir='ltr'><strong>forma</strong></span> <span class='ocrx_word' id='word_1_875' title='bbox 2706 4639 2852 4696; x_wconf 90' lang='lat' dir='ltr'><strong>servi</strong></span> <span class='ocrx_word' id='word_1_876' title='bbox 2877 4639 2952 4706; x_wconf 83' lang='lat'><strong>“,</strong></span> <span class='ocrx_word' id='word_1_877' title='bbox 2987 4636 3144 4708; x_wconf 79' lang='lat'><strong>791</strong></span> <span class='ocrx_word' id='word_1_878' title='bbox 3193 4638 3280 4691; x_wconf 89' lang='lat' dir='ltr'><strong>vel</strong></span> <span class='ocrx_word' id='word_1_879' title='bbox 3318 4636 3445 4689; x_wconf 88' lang='lat' dir='ltr'><strong>hine</strong></span> 
     </span>
    </p>
   </div>
   <div class='ocr_carea' id='block_1_110' title="bbox 1868 4725 3444 4804">
    <p class='ocr_par' dir='ltr' id='par_1_110' title="bbox 1868 4725 3444 4804">
     <span class='ocr_line' id='line_1_110' title="bbox 1868 4725 3444 4804; baseline -0.006 -17"><span class='ocrx_word' id='word_1_880' title='bbox 1868 4733 2158 4804; x_wconf 78' lang='lat' dir='ltr'><strong>intelliges.</strong></span> <span class='ocrx_word' id='word_1_881' title='bbox 2187 4729 2476 4786; x_wconf 84' lang='lat' dir='ltr'><strong>Profectus</strong></span> <span class='ocrx_word' id='word_1_882' title='bbox 2503 4739 2588 4785; x_wconf 91' lang='lat' dir='ltr'><strong>est</strong></span> <span class='ocrx_word' id='word_1_883' title='bbox 2630 4729 2686 4784; x_wconf 92' lang='lat' dir='ltr'><strong>in</strong></span> <span class='ocrx_word' id='word_1_884' title='bbox 2729 4729 3152 4799; x_wconf 82' lang='lat' dir='ltr'><strong>Capharnaum,</strong></span> <span class='ocrx_word' id='word_1_885' title='bbox 3187 4726 3335 4780; x_wconf 88' lang='lat' dir='ltr'><strong>sicut</strong></span> <span class='ocrx_word' id='word_1_886' title='bbox 3388 4725 3444 4779; x_wconf 92' lang='lat' dir='ltr'><strong>in</strong></span> 
     </span>
    </p>
   </div>
   <div class='ocr_carea' id='block_1_111' title="bbox 1868 4815 3445 4895">
    <p class='ocr_par' dir='ltr' id='par_1_111' title="bbox 1868 4815 3445 4895">
     <span class='ocr_line' id='line_1_111' title="bbox 1868 4815 3445 4895; baseline -0.007 -15"><span class='ocrx_word' id='word_1_887' title='bbox 1868 4825 2178 4895; x_wconf 86' lang='lat' dir='ltr'><strong>Evangeliis</strong></span> <span class='ocrx_word' id='word_1_888' title='bbox 2223 4822 2458 4893; x_wconf 80' lang='lat' dir='ltr'><strong>legimus</strong></span> <span class='ocrx_word' id='word_1_889' title='bbox 2513 4840 2526 4877; x_wconf 92' lang='lat'>:</span> <span class='ocrx_word' id='word_1_890' title='bbox 2575 4829 2871 4876; x_wconf 84' lang='lat' dir='ltr'><strong>exactores</strong></span> <span class='ocrx_word' id='word_1_891' title='bbox 2910 4828 3092 4874; x_wconf 90' lang='lat' dir='ltr'><strong>autem</strong></span> <span class='ocrx_word' id='word_1_892' title='bbox 3137 4815 3445 4871; x_wconf 82' lang='lat' dir='ltr'><strong>didrachmi</strong></span> 
     </span>
    </p>
   </div>
   <div class='ocr_carea' id='block_1_112' title="bbox 1869 4905 3444 4983">
    <p class='ocr_par' dir='ltr' id='par_1_112' title="bbox 1869 4905 3444 4983">
     <span class='ocr_line' id='line_1_112' title="bbox 1869 4905 3444 4983; baseline -0.008 -11"><span class='ocrx_word' id='word_1_893' title='bbox 1869 4918 2095 4972; x_wconf 90' lang='lat' dir='ltr'><strong>Petrum</strong></span> <span class='ocrx_word' id='word_1_894' title='bbox 2129 4914 2403 4970; x_wconf 87' lang='lat' dir='ltr'><strong>adeuntes</strong></span> <span class='ocrx_word' id='word_1_895' title='bbox 2443 4914 2526 4969; x_wconf 89' lang='lat' dir='ltr'><strong>sic</strong></span> <span class='ocrx_word' id='word_1_896' title='bbox 2561 4928 2690 4968; x_wconf 90' lang='lat' dir='ltr'><strong>eum</strong></span> <span class='ocrx_word' id='word_1_897' title='bbox 2739 4911 3147 4983; x_wconf 87' lang='lat' dir='ltr'><strong>compellarunt</strong></span> <span class='ocrx_word' id='word_1_898' title='bbox 3182 4926 3195 4961; x_wconf 92' lang='lat'>:</span> <span class='ocrx_word' id='word_1_899' title='bbox 3231 4924 3248 4957; x_wconf 78' lang='grc' dir='ltr'><strong>ι</strong></span> <span class='ocrx_word' id='word_1_900' title='bbox 3275 4905 3444 4977; x_wconf 84' lang='lat' dir='ltr'><strong>Magi-</strong></span> 
     </span>
    </p>
   </div>
   <div class='ocr_carea' id='block_1_113' title="bbox 1870 4997 3439 5067">
    <p class='ocr_par' dir='ltr' id='par_1_113' title="bbox 1870 4997 3439 5067">
     <span class='ocr_line' id='line_1_113' title="bbox 1870 4997 3439 5067; baseline -0.01 0"><span class='ocrx_word' id='word_1_901' title='bbox 1870 5020 1984 5067; x_wconf 91' lang='lat' dir='ltr'><strong>ster</strong></span> <span class='ocrx_word' id='word_1_902' title='bbox 2022 5019 2204 5065; x_wconf 79' lang='lat' dir='ltr'><strong>vester</strong></span> <span class='ocrx_word' id='word_1_903' title='bbox 2257 5021 2367 5061; x_wconf 93' lang='lat' dir='ltr'><strong>non</strong></span> <span class='ocrx_word' id='word_1_904' title='bbox 2426 5006 2594 5060; x_wconf 91' lang='lat' dir='ltr'><strong>solvit</strong></span> <span class='ocrx_word' id='word_1_905' title='bbox 2644 5003 2976 5060; x_wconf 89' lang='lat' dir='ltr'><strong>didrachma</strong></span> <span class='ocrx_word' id='word_1_906' title='bbox 3005 5000 3134 5053; x_wconf 62' lang='lat'><strong>&quot;‘1;</strong></span> <span class='ocrx_word' id='word_1_907' title='bbox 3184 4997 3304 5053; x_wconf 83' lang='lat' dir='ltr'><strong>Iloe</strong></span> <span class='ocrx_word' id='word_1_908' title='bbox 3349 4999 3439 5054; x_wconf 93' lang='lat' dir='ltr'><strong>ubi</strong></span> 
     </span>
    </p>
   </div>
   <div class='ocr_carea' id='block_1_114' title="bbox 1869 5090 3435 5168">
    <p class='ocr_par' dir='ltr' id='par_1_114' title="bbox 1869 5090 3435 5168">
     <span class='ocr_line' id='line_1_114' title="bbox 1869 5090 3435 5168; baseline -0.01 -10"><span class='ocrx_word' id='word_1_909' title='bbox 1869 5101 2125 5158; x_wconf 82' lang='lat' dir='ltr'><strong>Christus</strong></span> <span class='ocrx_word' id='word_1_910' title='bbox 2158 5099 2410 5162; x_wconf 85' lang='lat' dir='ltr'><strong>rescivit,</strong></span> <span class='ocrx_word' id='word_1_911' title='bbox 2444 5097 2578 5168; x_wconf 89' lang='lat' dir='ltr'><strong>quid</strong></span> <span class='ocrx_word' id='word_1_912' title='bbox 2603 5096 2671 5150; x_wconf 89' lang='lat' dir='ltr'><strong>ad</strong></span> <span class='ocrx_word' id='word_1_913' title='bbox 2705 5096 2927 5150; x_wconf 87' lang='lat' dir='ltr'><strong>Petrum</strong></span> <span class='ocrx_word' id='word_1_914' title='bbox 2961 5090 3331 5161; x_wconf 91' lang='lat' dir='ltr'><strong>responderit,</strong></span> <span class='ocrx_word' id='word_1_915' title='bbox 3364 5091 3435 5145; x_wconf 82' lang='lat' dir='ltr'><strong>vi-</strong></span> 
     </span>
    </p>
   </div>
   <div class='ocr_carea' id='block_1_115' title="bbox 1869 5181 3442 5259">
    <p class='ocr_par' dir='ltr' id='par_1_115' title="bbox 1869 5181 3442 5259">
     <span class='ocr_line' id='line_1_115' title="bbox 1869 5181 3442 5259; baseline -0.007 -13"><span class='ocrx_word' id='word_1_916' title='bbox 1869 5191 2003 5247; x_wconf 89' lang='lat' dir='ltr'><strong>dere</strong></span> <span class='ocrx_word' id='word_1_917' title='bbox 2039 5199 2126 5247; x_wconf 91' lang='lat' dir='ltr'><strong>est</strong></span> <span class='ocrx_word' id='word_1_918' title='bbox 2156 5204 2339 5259; x_wconf 64' lang='lat' dir='ltr'><strong>opera:</strong></span> <span class='ocrx_word' id='word_1_919' title='bbox 2380 5187 2620 5257; x_wconf 89' lang='lat' dir='ltr'><strong>pretium</strong></span> <span class='ocrx_word' id='word_1_920' title='bbox 2657 5204 2670 5242; x_wconf 92' lang='lat'>:</span> <span class='ocrx_word' id='word_1_921' title='bbox 2708 5204 2726 5236; x_wconf 78' lang='grc' dir='ltr'><strong>ι</strong></span> <span class='ocrx_word' id='word_1_922' title='bbox 2754 5184 2932 5254; x_wconf 80' lang='lat' dir='ltr'><strong>Reges</strong></span> <span class='ocrx_word' id='word_1_923' title='bbox 2962 5191 3141 5248; x_wconf 81' lang='lat' dir='ltr'><strong>terrae,</strong></span> <span class='ocrx_word' id='word_1_924' title='bbox 3177 5196 3204 5234; x_wconf 88' lang='lat' dir='ltr'><strong>a</strong></span> <span class='ocrx_word' id='word_1_925' title='bbox 3238 5181 3442 5250; x_wconf 88' lang='lat' dir='ltr'><strong>quibus</strong></span> 
     </span>
    </p>
   </div>
   <div class='ocr_carea' id='block_1_116' title="bbox 1864 5268 3443 5352">
    <p class='ocr_par' dir='ltr' id='par_1_116' title="bbox 1864 5268 3443 5352">
     <span class='ocr_line' id='line_1_116' title="bbox 1864 5268 3443 5352; baseline -0.009 -15"><span class='ocrx_word' id='word_1_926' title='bbox 1864 5281 2148 5352; x_wconf 83' lang='lat' dir='ltr'><strong>accipiunt</strong></span> <span class='ocrx_word' id='word_1_927' title='bbox 2178 5294 2428 5343; x_wconf 88' lang='lat' dir='ltr'><strong>censum,</strong></span> <span class='ocrx_word' id='word_1_928' title='bbox 2461 5284 2556 5332; x_wconf 87' lang='lat' dir='ltr'><strong>aut</strong></span> <span class='ocrx_word' id='word_1_929' title='bbox 2591 5274 2839 5329; x_wconf 89' lang='lat' dir='ltr'><strong>tributa?</strong></span> <span class='ocrx_word' id='word_1_930' title='bbox 2868 5287 2896 5326; x_wconf 89' lang='lat' dir='ltr'><strong>a</strong></span> <span class='ocrx_word' id='word_1_931' title='bbox 2937 5268 3068 5326; x_wconf 85' lang='lat' dir='ltr'><strong>ﬁliis</strong></span> <span class='ocrx_word' id='word_1_932' title='bbox 3101 5271 3240 5334; x_wconf 90' lang='lat' dir='ltr'><strong>suis,</strong></span> <span class='ocrx_word' id='word_1_933' title='bbox 3276 5285 3345 5324; x_wconf 87' lang='lat' dir='ltr'><strong>an</strong></span> <span class='ocrx_word' id='word_1_934' title='bbox 3373 5268 3443 5323; x_wconf 84' lang='lat' dir='ltr'><strong>ab</strong></span> 
     </span>
    </p>
   </div>
   <div class='ocr_carea' id='block_1_117' title="bbox 1864 5361 3445 5434">
    <p class='ocr_par' dir='ltr' id='par_1_117' title="bbox 1864 5361 3445 5434">
     <span class='ocr_line' id='line_1_117' title="bbox 1864 5361 3445 5434; baseline -0.008 -6"><span class='ocrx_word' id='word_1_935' title='bbox 1864 5373 2060 5428; x_wconf 87' lang='lat' dir='ltr'><strong>alienis</strong></span> <span class='ocrx_word' id='word_1_936' title='bbox 2086 5371 2211 5425; x_wconf 68' lang='lat' dir='ltr'><strong>“Ti</strong></span> <span class='ocrx_word' id='word_1_937' title='bbox 2259 5369 2423 5424; x_wconf 90' lang='lat' dir='ltr'><strong>Petro</strong></span> <span class='ocrx_word' id='word_1_938' title='bbox 2470 5375 2652 5421; x_wconf 89' lang='lat' dir='ltr'><strong>autem</strong></span> <span class='ocrx_word' id='word_1_939' title='bbox 2715 5365 2998 5434; x_wconf 84' lang='lat' dir='ltr'><strong>sapienter</strong></span> <span class='ocrx_word' id='word_1_940' title='bbox 3039 5370 3096 5418; x_wconf 92' lang='lat' dir='ltr'><strong>et</strong></span> <span class='ocrx_word' id='word_1_941' title='bbox 3144 5361 3445 5432; x_wconf 86' lang='lat' dir='ltr'><strong>prudenter</strong></span> 
     </span>
    </p>
   </div>
   <div class='ocr_carea' id='block_1_118' title="bbox 1867 5456 3444 5532">
    <p class='ocr_par' dir='ltr' id='par_1_118' title="bbox 1867 5456 3444 5532">
     <span class='ocr_line' id='line_1_118' title="bbox 1867 5456 3444 5532; baseline -0.007 -12"><span class='ocrx_word' id='word_1_942' title='bbox 1867 5463 2168 5520; x_wconf 88' lang='lat' dir='ltr'><strong>conﬁtente</strong></span> <span class='ocrx_word' id='word_1_943' title='bbox 2208 5461 2424 5532; x_wconf 83' lang='lat' dir='ltr'><strong>legibus</strong></span> <span class='ocrx_word' id='word_1_944' title='bbox 2459 5473 2524 5513; x_wconf 90' lang='lat' dir='ltr'><strong>ac</strong></span> <span class='ocrx_word' id='word_1_945' title='bbox 2555 5456 2781 5511; x_wconf 86' lang='lat' dir='ltr'><strong>tributis</strong></span> <span class='ocrx_word' id='word_1_946' title='bbox 2810 5472 2936 5512; x_wconf 90' lang='lat' dir='ltr'><strong>eum</strong></span> <span class='ocrx_word' id='word_1_947' title='bbox 2978 5457 3278 5509; x_wconf 78' lang='lat' dir='ltr'><strong>obnoxium</strong></span> <span class='ocrx_word' id='word_1_948' title='bbox 3321 5468 3444 5509; x_wconf 83' lang='lat' dir='ltr'><strong>esse</strong></span> 
     </span>
    </p>
   </div>
   <div class='ocr_carea' id='block_1_119' title="bbox 1873 5545 3442 5627">
    <p class='ocr_par' dir='ltr' id='par_1_119' title="bbox 1873 5545 3442 5627">
     <span class='ocr_line' id='line_1_119' title="bbox 1873 5545 3442 5627; baseline -0.011 -11"><span class='ocrx_word' id='word_1_949' title='bbox 1873 5560 2094 5624; x_wconf 84' lang='lat' dir='ltr'><strong>debere,</strong></span> <span class='ocrx_word' id='word_1_950' title='bbox 2128 5557 2222 5627; x_wconf 86' lang='lat' dir='ltr'><strong>qui</strong></span> <span class='ocrx_word' id='word_1_951' title='bbox 2268 5570 2436 5627; x_wconf 83' lang='lat' dir='ltr'><strong>regno</strong></span> <span class='ocrx_word' id='word_1_952' title='bbox 2469 5568 2569 5608; x_wconf 93' lang='lat' dir='ltr'><strong>nec</strong></span> <span class='ocrx_word' id='word_1_953' title='bbox 2621 5566 2820 5622; x_wconf 82' lang='lat' dir='ltr'><strong>genere</strong></span> <span class='ocrx_word' id='word_1_954' title='bbox 2873 5567 2974 5607; x_wconf 83' lang='lat' dir='ltr'><strong>nec</strong></span> <span class='ocrx_word' id='word_1_955' title='bbox 3028 5550 3136 5604; x_wconf 83' lang='lat' dir='ltr'><strong>alio</strong></span> <span class='ocrx_word' id='word_1_956' title='bbox 3182 5549 3341 5604; x_wconf 90' lang='lat' dir='ltr'><strong>modo</strong></span> <span class='ocrx_word' id='word_1_957' title='bbox 3370 5545 3442 5609; x_wconf 78' lang='lat' dir='ltr'><strong>sit</strong></span> 
     </span>
    </p>
   </div>
  </div>
