3992 6316
1549 302 1608 359 S.
1649 298 1929 357 CYRILLI
1967 297 2440 358 ALEXANDRINI
2486 298 2811 357 ARCHIEP.

3695 296 3808 353 εεε

475 384 481 431 ί
525 411 837 484 proximus,
870 410 1055 470 statim
1101 408 1394 483 subiunxit
1433 410 1714 477 Christus,
1753 412 1866 467 Deo
1900 424 2106 466 conve-

2224 412 2404 485 ιαοὺμ,
2436 412 2688 485 καθάπερ
2728 415 2787 467 ἐν
2824 412 2939 476 τοῖς
2977 410 3335 482 Εὑαγγελίοις
3363 411 3715 484 ἀνέγνωμεν·
3756 412 3807 467 oi

527 506 694 561 niens
738 505 1116 561 testimonium
1170 505 1275 559 sibi
1322 504 1580 560 tribuens
1624 521 1639 558 :
1695 523 1714 555 ι
1753 502 1899 576 Ergo
1947 503 2108 560 liberi

528 606 659 653 sunt
696 596 796 652 ﬁlii
823 597 887 650 ⁸⁸.
935 614 955 648 ι
995 596 1155 662 Quod
1188 598 1235 651 si
1270 610 1575 654 conservus
1612 603 1719 663 est,
1748 611 1816 652 ac
1862 612 1973 652 non
2016 595 2108 651 Fi-

528 691 635 746 lius
669 704 797 746 vere
828 704 894 745 ex
926 688 1108 745 Patris
1155 691 1472 746 substantia
1505 690 1757 762 genitus,
1793 704 1975 763 neque
2010 704 2099 745 na-

525 781 760 835 turalem
816 779 1029 836 habens
1069 796 1194 837 cum
1252 779 1414 837 Patre
1471 781 1955 853 coniunctionem,
2009 797 2111 837 cur

524 875 669 929 alios
745 888 944 930 omnes
1042 874 1272 930 tributis
1323 875 1597 930 obnoxios
1640 874 1877 942 faciens,
1910 882 1970 930 ut
2012 876 2108 946 qui

525 966 692 1021 alieni
746 980 855 1021 non
903 967 1019 1022 sint
1066 976 1262 1021 natura
1316 968 1385 1021 ab
1422 975 1687 1022 exactore
1734 967 1927 1023 tributi
1969 975 2023 1022 et
2053 968 2105 1020 in

525 1074 814 1115 servorum
853 1060 971 1114 loco
1013 1060 1201 1130 positi,
1239 1060 1346 1115 sibi
1377 1059 1472 1114 uni
1506 1060 1814 1115 libertatem
1859 1060 2110 1115 vindica-

525 1153 640 1206 vit?
672 1153 918 1208 Abusive
954 1155 1162 1208 etenim
1211 1153 1281 1208 de
1319 1153 1484 1207 nobis
1517 1154 1780 1207 dicuntur
1822 1168 1944 1222 qua:
1985 1169 2111 1223 pro-

524 1242 647 1312 prie
675 1257 743 1297 ac
764 1258 894 1298 vere
913 1243 1108 1297 deitati
1137 1249 1452 1313 congruunt
1481 1243 1643 1312 eique
1668 1257 1856 1297 revera
1896 1244 2109 1309 insunt,

527 1334 605 1388 ita
631 1343 692 1389 ut
721 1336 767 1390 si
797 1335 925 1405 quis
958 1343 1346 1390 creaturarum
1385 1343 1641 1389 naturam
1688 1348 1949 1392 accurate
1978 1352 2112 1392 con-

527 1427 759 1493 sideret,
796 1428 1080 1484 servitutis
1121 1428 1310 1498 utique
1354 1441 1558 1484 nomen
1609 1443 1674 1484 ac
1717 1444 1833 1485 rem
1880 1430 1930 1484 ei
1976 1445 2113 1484 con-

525 1520 719 1575 venire
775 1520 1052 1590 imprimis
1105 1521 1431 1591 comperiat.
1479 1520 1578 1590 Sin
1624 1530 1809 1577 autem
1857 1530 2109 1578 nostrum

527 1612 698 1682 aliqui
733 1611 1009 1667 libertatis
1051 1613 1225 1683 gloria
1269 1613 1514 1670 decorati
1550 1621 1703 1679 sunt,
1738 1614 1968 1669 abusive
2014 1613 2112 1667 ha-

526 1705 659 1761 bent
702 1704 848 1774 quod
892 1704 1002 1759 Deo
1036 1706 1141 1761 soli
1183 1707 1433 1762 debetur.
1467 1705 1643 1763 Porro
1695 1708 1931 1762 libenter
1963 1707 2017 1761 id
2045 1721 2111 1761 ex

2208 504 2267 559 δὲ
2312 505 2407 560 τοῦ
2460 507 2604 560 κατὰ
2656 504 2820 575 νόμον
2866 503 3161 576 διδράχμου
3215 502 3548 575 πράκτορες,
3608 503 3810 575 Πέτρῳ

2210 597 2527 670 προσιόντες
2566 596 2803 666 ἔφασκον
2820 614 2834 628 ·
2865 615 2884 647 ι
2934 598 2992 650 ὐ
3024 595 3342 660 διδάσκαλος
3382 592 3538 666 ὑμῶν
3564 597 3626 649 οὐ
3659 598 3812 651 τελεῖ

2209 688 2271 742 τὸ
2295 688 2622 761 δίδραχμον;
2650 710 2668 743 ι
2692 689 2801 745 Καὶ
2813 688 3001 761 ἐπειδὴ
3029 689 3188 743 τοῦτο
3233 688 3468 759 Χριστὸς
3498 687 3807 753 διεπύθετο,

2208 779 2262 832 τί
2280 778 2417 851 πρὸς
2437 781 2528 834 τὸν
2552 780 2761 851 Πέτρον
2781 780 3138 852 ἀπεκρίνατο,
3168 779 3378 833 δίκαιον
3406 775 3500 833 οῦν
3520 779 3675 833 ἰδεῖν.
3704 798 3724 830 ι
3746 781 3810 833 Οἱ

2212 870 2455 941 βασιλεῖς
2503 872 2605 943 τῆς
2638 874 2762 944 γῆς,
2796 873 2904 927 ἀπὸ
2951 873 3113 926 τίνων
3169 870 3508 942 λαμϐάνουσι
3541 872 3748 942 κῆνσον
3775 873 3809 943 ἦ

2210 963 2338 1034 τέλη
2365 981 2380 1030 ;
2415 963 2520 1017 ἀπὸ
2550 962 2659 1018 τῶν
2689 962 2840 1030 υἱῶν,
2871 964 2905 1035 ἢ
2941 964 3048 1017 άπὸ
3068 962 3177 1016 τῶν
3201 961 3499 1033 ἀλλοτρίων
3524 980 3574 1028 ς»
3610 960 3722 1015 Τοῦ
3757 962 3812 1014 δὲ

2211 1054 2420 1127 Πέτρου
2453 1056 2629 1125 σοφῶς
2656 1074 2713 1109 τε
2739 1055 2833 1108 καὶ
2860 1055 3127 1125 νουνεχῶς
3159 1056 3251 1109 τὸν
3281 1056 3380 1125 τῆς
3404 1053 3687 1124 βασιλείας
3715 1053 3815 1105 ἀλ-

2212 1147 2447 1220 λότριον,
2474 1148 2600 1201 ὅσον
2626 1149 2706 1211 είς
2734 1148 2890 1216 γένος
2922 1148 3016 1202 καὶ
3044 1148 3144 1218 τὴν
3178 1146 3300 1200 καθ’
3323 1148 3472 1218 ἡμᾶς
3501 1146 3813 1217 νοουμένην

2211 1240 2567 1311 ἀγχιστείαν,
2633 1240 2958 1294 ὑποκεῖσθαι
3005 1240 3115 1294 δεῖν
3168 1242 3283 1315 τοῖς
3344 1239 3566 1310 θεσμοῖς
3611 1239 3644 1311 ἢ
3694 1241 3814 1301 τοῖς

2212 1334 2421 1387 τέλεσιν
2452 1333 2914 1405 ὁμολογήσαντος,
2959 1332 3123 1396 εὐθὺς
3174 1333 3454 1404 ἐπήγαγεν
3494 1334 3522 1385 ὁ
3550 1331 3810 1403 Χριστὸς,

2213 1426 2390 1498 ἑαυτῷ
2426 1428 2525 1499 τὴν
2554 1426 2832 1498 θεοπρεπῆ
2872 1427 3179 1498 μαρτυρίαν
3208 1426 3284 1489 ὼς
3324 1423 3542 1496 άληθῶς
3581 1424 3813 1477 ἐνοῦσαν

2214 1516 2559 1588 προσνέμων·
2593 1516 2772 1586 ιἊρα
2807 1532 2871 1585 γε
2910 1514 3188 1586 ἐλεύθεροί
3217 1515 3354 1567 εἰσιν
3372 1515 3421 1567 ot
3451 1512 3579 1566 υἱοί.
3616 1530 3633 1563 ι
3666 1513 3731 1565 Εἰ
3755 1513 3814 1565 δὲ

2212 1599 2282 1675 ἦν
2297 1603 2602 1673 ὁμόδουλος,
2628 1604 2724 1657 καὶ
2736 1604 2837 1674 οὐχ
2867 1603 2992 1667 Υἱὸς
3012 1602 3228 1673 ἀληθῶς
3256 1603 3322 1654 ὲκ
3346 1602 3449 1674 τῆς
3476 1601 3569 1656 τοῦ
3597 1602 3817 1672 Πατρὸς

2214 1696 2402 1758 οὐσίας
2441 1695 2860 1767 γεγεννημένος,
2887 1694 3009 1748 οὐδὲ
3056 1694 3290 1766 φυσικὴν
3339 1696 3481 1766 ἔχων
3535 1693 3676 1763 πρὸς
3722 1693 3816 1745 τὸν

526 1795 609 1852 eis
644 1796 922 1851 sciscitari
953 1798 1143 1863 velim,
1172 1814 1304 1853 num
1336 1799 1609 1855 deiferum
1639 1796 1872 1855 Paulum
1910 1799 2112 1855 dicturi

2224 1787 2439 1840 τεκόντα
2469 1788 2569 1860 τὴν
2600 1788 2926 1858 οἰκειότητα,
2952 1786 3005 1840 τί
3042 1787 3169 1850 τοὺς
3208 1787 3399 1849 ἄλλους
3424 1788 3672 1849 ἅπαντας
3702 1785 3817 1848 τοῖς

530 1888 663 1953 sint,
690 1890 836 1959 quod
872 1888 1133 1946 Christus
1165 1890 1437 1947 inhabitet
1469 1892 1525 1946 in
1555 1907 1621 1948 eo
1661 1907 1760 1963 per
1783 1909 1943 1949 suum
1989 1892 2115 1964 Spi-

529 1981 702 2035 ritum
741 2000 754 2036 :
788 1996 857 2035 an
882 1991 936 2036 et
967 1982 1069 2036 hoc
1105 1990 1379 2053 nugantes
1415 1982 1714 2038 inliciaturi
1749 1985 1882 2039 sint.
1907 1983 2042 2039 Nam
2068 1985 2114 2041 si

528 2086 723 2127 revera
772 2073 1044 2129 deiferum
1108 2088 1218 2129 non
1260 2090 1385 2131 esse
1435 2075 1662 2143 dicent,
1723 2078 1915 2149 utique
1966 2078 2115 2132 istud

531 2162 769 2220 sulliciet
831 2173 894 2219 ut
937 2166 1201 2223 omnibus
1240 2168 1618 2239 persuadeant
1652 2170 1987 2242 rejiciendas
2024 2187 2119 2227 eo-

530 2270 655 2309 rum
704 2271 830 2312 esse
874 2273 1050 2328 nugas
1094 2272 1146 2314 et
1182 2275 1402 2317 summo
1434 2262 1563 2316 odio
1591 2261 1898 2331 habendas,
1933 2274 1992 2318 ut
2021 2266 2117 2335 qui

531 2346 672 2401 nihil
719 2348 948 2403 absurdi
991 2350 1065 2404 sit
1107 2352 1258 2422 quod
1285 2353 1537 2424 proferre
1570 2364 1849 2411 recusent.
1886 2353 1981 2411 Sin
2013 2373 2117 2412 au-

532 2449 640 2494 tem
679 2439 783 2494 hoc
814 2440 1094 2509 fugientes
1127 2444 1192 2499 ad
1223 2459 1411 2500 verum
1458 2446 1756 2502 dicendum
1791 2459 2119 2505 convertan-

532 2537 650 2595 tur,
687 2544 752 2585 ac
802 2547 932 2586 vere
965 2533 1237 2588 deiierum
1273 2551 1400 2590 eum
1447 2535 1787 2603 fatebuntur,
1822 2550 2117 2610 propterea

531 2621 681 2690 quod
716 2620 859 2677 Deus
904 2622 957 2676 in
992 2623 1113 2693 ipso
1163 2623 1393 2689 habitet,
1422 2625 1701 2696 quomodo
1747 2638 1857 2681 non
1902 2642 2120 2683 summa

533 2729 658 2771 cum
701 2716 985 2787 impietate
1035 2716 1221 2773 dicere
1261 2729 1565 2789 arguentur
1598 2735 1629 2775 a
1678 2720 1775 2776 Dei
1828 2736 1894 2777 ac
1934 2721 2121 2780 Patris

536 2808 851 2863 substantia
891 2810 1131 2864 alienum
1169 2826 1295 2866 esse
1348 2810 1590 2867 Filium?
1635 2810 1754 2868 Non
1803 2814 1916 2884 jam
1973 2815 2119 2870 enim

533 2897 709 2956 deiter
740 2908 825 2955 est
864 2899 1092 2964 Paulus,
1119 2902 1165 2957 si
1198 2918 1307 2956 non
1340 2902 1482 2960 Deus
1528 2905 1835 2960 secundum
1866 2915 2119 2962 naturam

538 2993 613 3048 sit
652 2991 871 3058 Filius;
921 2980 1028 3049 'sed
1068 2996 1463 3053 erubescentes
1504 2999 1839 3070 quandoque
1882 3007 2123 3069 (summa

2215 1881 2426 1934 τέλεσιν
2456 1880 2697 1945 ὑποθεὶς,
2730 1881 2806 1943 ὡς
2844 1879 2945 1934 οὐκ
2983 1879 3297 1951 ἀλλοτρίους
3325 1878 3487 1942 ὄντας
3526 1879 3670 1931 κατὰ
3716 1879 3815 1948 τὴν

2217 1971 2378 2040 φύσιν
2410 1971 2503 2025 τοῦ
2545 1970 2900 2043 δασμολογεῖν
2938 1968 3244 2038 ὀφείλοντος
3268 2009 3282 2035 ,
3340 1971 3433 2022 καὶ
3475 1968 3534 2020 ἐν
3582 1965 3815 2021 οἰκετῶν

2215 2064 2367 2129 τάξει
2401 2063 2708 2135 κειμένους,
2744 2062 2889 2133 μόνῳ
2936 2062 3036 2131 τὴν
3082 2060 3400 2131 ἐλευθερίαν
3450 2058 3813 2131 μεμαρτύρη-

2218 2174 2315 2210 κεν
2364 2156 2581 2227 ἐαυτῴ;
2624 2152 3098 2226 Καταχρηστικῶς
3142 2152 3242 2224 μὲν
3290 2151 3400 2222 γὰρ
3433 2152 3520 2222 ἐφ’
3561 2153 3701 2222 ἡμῖν
3748 2149 3816 2203 τὰ

2218 2249 2424 2321 κυρίως
2469 2265 2528 2301 τε
2578 2248 2674 2301 καὶ
2729 2245 2946 2318 ἀληθῶς
2990 2246 3126 2318 μόνῃ
3164 2245 3445 2316 πρέποντα
3477 2247 3544 2315 τῇ
3596 2244 3815 2312 θεότητι

2220 2347 2468 2415 φέρεται,
2506 2340 2803 2412 ἐνυπάρχει
2857 2339 2916 2393 δὲ
2965 2339 3117 2411 αὐτῷ
3164 2338 3307 2392 κατὰ
3355 2337 3638 2408 ἀλήθειαν,
3672 2336 3815 2389 ὥστε

2219 2438 2320 2508 τὴν
2352 2435 2461 2489 τῶν
2495 2434 2740 2507 γενητῶν
2768 2435 2930 2498 εἴτις
2963 2431 3209 2505 ἀκριϐῶς
3238 2432 3618 2485 διασκέπτοιτο
3651 2429 3818 2500 φύσιν

2222 2525 2497 2597 θεωρῆσαι
2528 2526 2745 2587 πάντως
2773 2524 2911 2596 αὐτῇ
2940 2524 3002 2577 τὸ
3022 2523 3122 2595 τῆς
3148 2521 3394 2585 δουλείας
3424 2521 3598 2592 ὄνομά
3629 2538 3691 2573 τε
3723 2520 3819 2573 καὶ

2221 2621 2456 2691 πρᾶγμα
2488 2618 2958 2690 πρεπωδέστατον.
2990 2615 3056 2670 Εἰ
3082 2616 3139 2670 δέ
3169 2632 3317 2680 τινες
3345 2613 3452 2668 τῶν
3493 2616 3553 2667 ἐν
3580 2615 3722 2685 ἡμῖν
3749 2615 3816 2683 τῇ

2221 2714 2320 2784 τῆς
2375 2711 2691 2784 ἐλευθερίας
2745 2713 3063 2783 τετίμηνται
3131 2709 3297 2781 δόξῃ,
3358 2705 3821 2778 καταχρηστικῶς

2223 2804 2407 2876 ἔχουσι
2446 2806 2509 2858 τὸ
2549 2804 2695 2874 μόνῳ
2734 2803 2854 2874 Θεῷ
2901 2801 3368 2875 χρεωστοῦμενον.
3421 2800 3628 2863 Ἡδέως
3672 2799 3720 2852 δ’
3752 2797 3819 2852 ἂν

2226 2901 2434 2973 σφόδρα
2465 2902 2686 2953 κάκεῖνο
2727 2898 2864 2970 πρὸς
2906 2897 3117 2960 τούτοις
3164 2896 3394 2968 ἐροίμην
3438 2892 3670 2958 αὐτούς·
3708 2888 3821 2961 ἄρα

2226 2994 2481 3065 θεοφόρον
2520 2992 2706 3064 ἐροῦσι
2753 2994 2845 3045 τὸν
2883 2989 3119 3057 Παῦλον,
3146 2986 3386 3061 Χριστοῦ
3435 2984 3822 3047 κατοικοῦντος

535 3086 738 3141 etenim
770 3084 1023 3142 vat'rities
1047 3095 1102 3142 et
1127 3089 1441 3159 malignitas
1467 3088 1521 3145 in
1548 3091 1615 3148 iis
1643 3096 1771 3164 est),
1799 3091 1967 3149 Deum
2000 3096 2118 3164 q’ui-

2225 3087 2312 3142 διὰ
2373 3085 2468 3140 τοῦ
2518 3085 2648 3139 ἰδίου
2696 3086 3045 3156 Πνεύματοςσ
3078 3084 3112 3154 ἣ
3174 3083 3268 3136 καὶ
3314 3080 3473 3135 τοῦτο
3522 3078 3822 3151 ληροῦντες

533 3176 665 3231 dem
696 3191 825 3232 vere
855 3177 1044 3234 diccut
1075 3178 1298 3245 Filium,
1328 3197 1436 3237 non
1471 3192 1652 3239 tamen
1681 3201 1747 3240 ex
1776 3185 1885 3241 Deo
1919 3203 2121 3242 secun-

536 3268 667 3323 dum
709 3279 967 3325 naturam
1006 3288 1130 3328 esse
1159 3275 1428 3344 genitum,
1460 3293 1564 3333 nec
1595 3277 1828 3333 dubium
1868 3288 1952 3335 est
1985 3282 2121 3352 quin

535 3360 622 3414 vel
651 3359 741 3415 hic
772 3361 828 3414 in
860 3376 955 3417 eos
984 3363 1172 3433 quivis
1217 3364 1495 3437 insurgat.
1532 3368 1825 3434 Quomodo
1856 3370 2001 3425 enim
2035 3387 2122 3426 es-

537 3459 623 3507 set
650 3450 799 3507 Deus
832 3453 899 3518 is,
936 3455 1030 3524 qui
1055 3469 1164 3510 non
1185 3465 1271 3513 est
1298 3473 1361 3513 ex
1389 3458 1502 3515 Deo
1535 3462 1841 3516 secundum
1862 3472 2121 3518 naturam

539 3545 806 3613 genitus?
841 3544 1233 3604 Verumtamen
1270 3550 1403 3605 illud
1441 3552 1679 3609 dicimus
1714 3552 1913 3626 :792
1955 3554 2122 3610 Deum

540 3648 665 3689 esse
690 3636 772 3691 ais
795 3637 1096 3692 secundum
1136 3651 1389 3696 naturain
1417 3641 1639 3699 Filium.
1680 3645 1972 3712 Quomodo
1996 3658 2125 3718 ergo

539 3723 718 3782 deiter
751 3730 877 3795 erit,
901 3740 996 3785 aut
1029 3744 1180 3789 certe
1209 3734 1303 3789 Dei
1346 3737 1648 3808 particeps,
1688 3740 1779 3808 qui
1821 3740 2126 3795 secundum

540 3830 808 3876 naturam
847 3832 934 3878 est
977 3824 1156 3880 Deus?
1188 3843 1287 3881 nec
1320 3831 1464 3882 enim
1503 3831 1586 3885 sui
1638 3831 1812 3899 ipsius
1852 3833 2127 3904 particeps

540 3907 711 3967 fuerit
767 3928 1013 3983 unquam
1055 3933 1068 3968 :
1105 3918 1170 3971 ad
1210 3919 1341 3987 quid
1385 3920 1534 3973 enim
1581 3920 1848 3976 habitabit
1895 3922 2040 3981 Deus
2071 3927 2125 3981 in

542 4000 678 4067 Deo,
710 4013 770 4058 ut
816 4005 957 4061 alter
993 4006 1046 4060 in
1082 4009 1298 4063 altero?
1335 4009 1391 4063 Si
1421 4012 1566 4065 enim
1614 4010 1759 4067 idem
1796 4025 1882 4069 est
1931 4025 2127 4072 natura

542 4097 694 4165 quod
727 4099 963 4168 suscipit
994 4114 1118 4154 cum
1145 4117 1214 4157 eo
1243 4101 1390 4173 quod
1418 4103 1712 4173 inhabitat,
1743 4107 1872 4178 quid
1906 4107 2124 4164 demum

544 4190 967 4260 participatione
994 4209 1134 4264 opus
1158 4197 1302 4250 erit?
1328 4195 1422 4251 Sin
1454 4204 1637 4253 autem
1663 4201 2125 4269 quemadmodum

541 4279 666 4352 ipse
716 4282 1048 4340 inhabitavit
1083 4288 1135 4340 in
1171 4287 1366 4356 Paulo,
1404 4292 1480 4346 ita
1528 4303 1581 4346 et
1612 4290 1775 4348 Pater
1806 4305 1892 4349 est
1942 4293 1997 4347 in
2038 4310 2124 4361 eo,

543 4375 828 4441 quomodo
850 4391 961 4431 non
987 4378 1161 4434 deiter
1182 4382 1410 4450 perinde
1440 4399 1506 4438 ac
1533 4382 1741 4440 Paulus
1773 4386 1902 4449 erit,
1926 4387 2129 4457 quippe

2229 3180 2575 3252 ἀρνήσονται.
2607 3178 2671 3230 Et
2718 3177 2815 3248 μὲν
2855 3175 2963 3248 γὰρ
3001 3175 3187 3247 ἐροῦσι
3231 3174 3487 3245 θεοφόρον
3533 3173 3634 3227 οὐκ
3679 3168 3821 3225 εἶναι

2231 3273 2350 3329 κατ’
2388 3270 2668 3342 ἀλήθειαν,
2717 3270 2942 3343 ἀρκέσει
2987 3269 3051 3342 δὴ
3103 3268 3262 3322 τοῦτο
3308 3268 3445 3340 πρὸς
3486 3270 3548 3320 τὸ
3608 3265 3824 3329 πάντας

2230 3365 2522 3420 ἀναπεῖσαι
2554 3363 2739 3418 λοιπὸν
2789 3361 2918 3434 παρ’
2952 3361 3130 3416 αὐτῶν
3174 3360 3524 3414 ἀποσείεσθαι
3551 3355 3824 3429 φλυαρίας

2232 3464 2326 3515 καὶ
2360 3463 2538 3533 μισεῖν
2580 3461 2659 3523 εἰς
2697 3458 2887 3528 ἄκρον,
2934 3456 3009 3521 ῶς
3054 3455 3208 3509 οὐδὲν
3244 3455 3417 3507 εἰπεῖν
3453 3452 3563 3506 τῶν
3600 3451 3826 3506 ἀτόπων

2236 3554 2724 3629 παραιτουμένους.
2760 3552 2823 3604 Εἰ
2857 3551 2913 3604 δέ
2952 3567 3016 3619 γε
3054 3549 3213 3603 τοῦτο
3249 3546 3541 3618 φεύγοντες
3586 3545 3724 3616 πρός
3756 3560 3823 3612 γε

2231 3651 2293 3703 τὸ
2321 3649 2520 3721 χρῆναι
2551 3646 2728 3714 λέγειν
2749 3644 3122 3717 τραπήσονται
3156 3642 3408 3713 τάληθὲς,
3437 3641 3531 3694 καὶ
3564 3637 3824 3709 θεοφόρον

2233 3740 2449 3810 ἀληθῶς
2478 3737 2904 3809 ὁμολογήσουσιν
2936 3735 3121 3797 αὑτὸν,
3151 3734 3240 3789 διὰ
3274 3734 3335 3787 τὸ
3374 3736 3467 3790 τὸν
3498 3733 3737 3805 Χριστὸν
3765 3732 3826 3784 ἐν

2208 3831 2382 3902 ἀὐτῷ
2420 3831 2713 3894 κατοικεῖν,
2745 3827 2862 3890 πῶς
2888 3828 2949 3880 οὐ
2984 3826 3187 3897 σφόδρα
3214 3825 3487 3889 δυσσεϐῶς
3522 3824 3826 3880 ἁλώσονται

2232 3926 2332 3996 τῆς
2362 3922 2453 3976 τοῦ
2479 3920 2613 3976 Θεοῦ
2645 3922 2738 3975 καὶ
2780 3919 2994 3991 Πατρὸς
3034 3919 3221 3982 οὐσίας
3244 3918 3522 3987 ἀλλότριον
3552 3914 3691 3971 εἶναι
3735 3916 3827 3969 λέ-

2234 4035 2422 4086 γοντες
2453 4018 2544 4070 τὸν
2574 4015 2736 4079 Υίόν;
2779 4014 2977 4067 Οὐκέτι
3004 4013 3113 4085 γὰρ
3154 4012 3412 4084 θεοφόρος
3444 4013 3472 4065 ὁ
3504 4011 3739 4076 Παῦλος,
3775 4011 3825 4063 εί

2239 4111 2312 4182 μὴ
2338 4109 2469 4173 Θεὸς
2504 4109 2646 4163 κατὰ
2680 4107 2840 4176 φύσιν
2885 4106 3032 4160 ἐστὶν
3078 4109 3106 4159 ό
3135 4106 3283 4169 Υὶόςο
3316 4104 3431 4159 ἀλλ’
3462 4104 3827 4177 ἐρυθριῶντες

2235 4200 2347 4255 ἐσθ’
2384 4203 2471 4255 ὅτε
2503 4200 2782 4274 (πρόσεστι
2815 4198 2923 4267 γὰρ
2952 4196 3046 4251 καὶ
3085 4196 3146 4250 τὸ
3190 4196 3492 4269 πανοῦργον
3520 4198 3702 4259 αὐτοῖς
3730 4195 3831 4250 καὶ

2236 4291 2504 4359 κακόηθες
2543 4292 2622 4353 εἰς
2666 4289 2900 4357 λόγους),
2929 4286 3060 4340 Θεὸν
3102 4288 3200 4358 μὲν
3242 4287 3459 4357 ἐροῦσιν
3492 4286 3707 4356 ἀληθῶς
3735 4286 3830 4338 τὸν

2236 4384 2386 4445 Υἰὸν,
2425 4382 2498 4452 μὴ
2545 4380 2648 4451 μὴν
2695 4382 2760 4433 ἐκ
2786 4378 2920 4432 Θεοῦ
2959 4379 3320 4450 γεγεννῆσθαι
3350 4380 3491 4434 κατὰ
3518 4379 3702 4448 φύσινο
3735 4377 3832 4431 καὶ

545 4464 642 4535 qui
685 4467 833 4521 nulla
885 4484 948 4524 ex
1003 4480 1161 4541 parte
1212 4474 1326 4543 jam
1381 4475 1581 4531 habeat
1616 4486 1676 4531 ut
1717 4478 1789 4533 sit
1822 4481 2118 4535 secundum

2236 4477 2319 4529 ὅτι
2346 4475 2445 4545 μὲν
2471 4472 2808 4527 ἁπαστισοῦν
2843 4473 3023 4527 αὐτῶν
3071 4474 3172 4527 κάν
3199 4473 3376 4545 τούτῳ
3413 4472 3830 4542 καταδοήσειεν,

545 4564 802 4611 naturam
843 4558 1011 4627 Deus,
1060 4578 1186 4618 cum
1222 4567 1439 4636 potiore
1472 4569 1566 4639 qui
1602 4570 1873 4627 inhabitet
1919 4574 2029 4629 Deo
2075 4573 2118 4628 ei

2232 4570 2333 4622 οὐκ
2362 4567 2686 4639 ἀμφίλογον.
2717 4568 2842 4632 Πῶς
2869 4567 2978 4641 γὰρ
3007 4568 3073 4622 ἂν
3101 4569 3188 4640 εἴη
3216 4569 3370 4633 Θεὸς,
3399 4570 3429 4622 ὁ
3465 4567 3540 4638 μὴ
3590 4568 3655 4619 ἐκ
3693 4564 3832 4618 Θεοῦ

545 4662 686 4720 opus
714 4650 823 4705 Sil?
2234 4660 2377 4715 κατὰ
2428 4660 2588 4730 φύσιν
2642 4663 3078 4733 γεγεννημένος;
3133 4661 3278 4732 Πλὴν
3328 4663 3508 4716 ἐκεῖνο
3558 4659 3831 4729 λέγομεν’

545 4741 679 4794 Θεὸν
726 4737 867 4797 εἶναι
916 4742 1022 4817 φὴς
1063 4746 1206 4800 κατὰ
1250 4748 1409 4817 φύσιν
1449 4751 1539 4805 τὸν
1582 4753 1745 4820 Υἱόν;
1783 4754 1908 4818 Πῶς
1942 4751 2034 4809 οῦν
2100 4756 2166 4810 ἂν
2239 4756 2324 4828 εἴη
2365 4755 2623 4825 θεοφόρος
2672 4756 2840 4826 ἤγουν
2888 4755 3024 4810 Θεοῦ
3077 4757 3333 4828 μέτοχος,
3393 4759 3421 4810 ό
3472 4756 3615 4809 κατὰ
3670 4752 3834 4822 φύσιν

546 4833 677 4898 Θεός
703 4854 718 4903 ;
749 4838 870 4891 οὐδὲ
912 4839 1022 4911 γὰρ
1062 4839 1126 4894 ἂν
1171 4843 1367 4896 ἑαυτοῦ
1414 4846 1674 4918 μετάσχοι
1713 4850 1875 4902 ποτέ·
1907 4851 1987 4914 εἰς
2016 4851 2073 4903 τί
2099 4850 2210 4919 γὰρ
2248 4850 2462 4920 οἰκήσει
2497 4847 2630 4912 Θεὸς
2671 4850 2728 4901 ἐν
2758 4848 2898 4919 Θεῷ,
2942 4848 3019 4911 ὡς
3059 4849 3243 4919 ἔτερος
3272 4850 3330 4903 ἐν
3362 4848 3574 4920 ἐτέρῳ;
3616 4845 3681 4898 ΕΞ
3722 4842 3833 4912 γὰρ

542 4924 698 4981 τοῦτ’
727 4928 844 4983 ἔστι
896 4932 1037 4986 κατὰ
1069 4933 1229 5002 φύσιν
1261 4937 1323 4989 τὸ
1355 4937 1642 5011 δεχόμενον
1690 4942 1827 5013 ὅπερ
1877 4942 1944 4996 ἂν
1972 4944 2144 4995 νοοῖτο
2181 4941 2277 4996 καὶ
2305 4941 2365 4994 τὸ
2389 4942 2651 5007 ἐνοικοῦν,
2698 4941 2829 4994 ποία
2904 4936 2997 4994 οῦν
3022 4940 3207 4997 λοιπὸν
3242 4946 3276 5012 ὴ
3326 4940 3426 5010 τῆς
3473 4939 3710 5011 μετοχῆς
3734 4938 3831 5007 γέ-

545 5032 692 5069 νοιτο
731 5020 923 5089 χρεία;
958 5021 1022 5075 Ei
1060 5022 1117 5076 δὲ
1157 5022 1345 5096 ὥσπερ
1383 5029 1548 5093 αὐτὸς
1592 5029 1837 5102 ἐνῴκησε
1875 5030 1953 5101 τῷ
1998 5030 2219 5096 Παύλω,
2250 5032 2342 5084 τὸν
2372 5031 2535 5086 αὑτὸν
2563 5031 2627 5102 δὴ
2665 5032 2866 5104 τρόπον
2902 5031 2997 5085 καὶ
3058 5032 3087 5084 ὁ
3122 5030 3313 5102 Πατὴρ
3377 5033 3433 5084 ἐν
3474 5029 3644 5099 αὐτῷ,
3716 5031 3834 5093 πῶς

544 5110 605 5162 οὐ
642 5106 901 5183 θεοφόρος
937 5114 1086 5169 ἔσται
1132 5119 1274 5173 κατὰ
1317 5119 1409 5173 τὸν
1442 5122 1679 5190 Παῦλον,
1732 5126 1794 5177 τὸ
1821 5119 1963 5178 εἶναι
2005 5124 2139 5188 Θεὸς
2178 5124 2319 5179 κατὰ
2355 5124 2517 5194 φύσιν
2559 5125 2860 5197 οὐδαμόθεν
2898 5125 3039 5197 ἔχων
3098 5124 3200 5192 ἔτι,
3248 5124 3340 5179 διὰ
3414 5124 3475 5178 τὸ
3521 5122 3834 5196 κρείττονος

545 5202 804 5275 δεηθῆναι
837 5207 929 5260 τοῦ
957 5209 1294 5276 ἐνοικοῦντος
1337 5213 1507 5282 Θεοῦ;

615 5293 791 5354 Porro
837 5305 1104 5356 strenuus
1152 5301 1245 5356 hic
1285 5301 1377 5357 Dei
1423 5303 1603 5360 hostis
1645 5305 1858 5376 aliquid
1902 5307 2130 5378 insuper

543 5391 842 5459 excogitat,
870 5400 926 5447 et
957 5408 1053 5463 per
1090 5394 1317 5459 multas,
1344 5407 1405 5450 ut
1433 5396 1543 5452 sibi
1583 5398 1760 5469 lingit,
1784 5402 2130 5457 demonstra-

544 5482 721 5536 tiunes
771 5496 930 5536 suam
970 5485 1280 5540 doctrinam
1314 5486 1368 5541 in
1409 5489 1608 5560 vulgus
1651 5506 1914 5563 spargere
1954 5509 2130 5551 cona-

565 5586 654 5627 ut.
706 5568 903 5639 Operae
966 5575 1202 5643 pretium
1264 5577 1411 5634 enim
1466 5582 1710 5638 arbitror
1764 5586 1951 5640 omnia
2007 5586 2128 5655 ejus

2310 5298 2444 5356 Εἶτα
2498 5303 2659 5357 πάλιν
2698 5303 2792 5356 ἐπὶ
2831 5303 3041 5368 τούτοις
3090 5307 3117 5358 ὁ
3170 5303 3431 5375 γεννάδας
3486 5306 3618 5375 ἡμῖν
3652 5308 3842 5363 οὐτοσὶ

2240 5398 2608 5467 προσεπινοεί,
2657 5396 2752 5448 καὶ
2799 5396 2885 5449 διὸ
2922 5396 3131 5450 πολλῶν
3183 5396 3533 5463 ἀποδείξεων,
3563 5396 3641 5461 ὡς
3680 5399 3838 5452 ὑπειί-

2237 5488 2407 5558 ληφεν
2454 5487 2635 5551 αὐτὸς,
2681 5486 2772 5540 τὸν
2805 5489 3003 5541 οἰκεῖον
3043 5487 3305 5561 θρυλλοῦν
3350 5489 3612 5560 πειρᾶται
3654 5488 3840 5559 λόγον.

2242 5583 2426 5649 ’Ἄξιον
2461 5582 2570 5653 γὰρ
2607 5577 2762 5652 οἶμαι
2803 5581 2894 5635 διὰ
2936 5581 3151 5636 πάντων
3194 5579 3361 5635 αὐτοῦ
3404 5580 3513 5635 τῶν
3567 5582 3845 5654 ῥημάτων

643 5723 689 5816 ⁸3
722 5739 914 5799 Matth.
956 5760 1089 5814 xvu,
1120 5747 1211 5803 25..
