3992 6316
213 364 324 420 229

1303 358 1372 415 ΙΝ
1403 358 1693 418 JOANNIS
1721 357 2180 417 EVANGELIUM
2213 359 2346 418 LIB.
2381 361 2478 416 lx.

3385 365 3502 421 230

214 472 394 528 ἐλθεῖν
422 509 438 534 ,
497 470 594 525 καὶ
639 470 743 540 τῆς
791 467 1019 541 ἐνούσης
1077 468 1228 541 αὐτῷ
1284 469 1551 542 θεομάχου
1611 470 1789 542 βουλῆς

1915 471 2078 528 verba
2111 488 2458 544 percurrere,
2495 481 2550 529 et
2571 473 2692 543 ejus
2719 473 2943 546 impiam
2971 488 3036 530 ac
3065 473 3175 531 Deo
3209 474 3494 533 inimicam

214 562 473 620 ἁπλῶσαι
521 559 622 633 τὴν
673 560 888 626 πεῦσιν,
928 562 1016 614 ἴνα
1083 560 1428 633 διελέγχηται
1486 561 1673 632 σαφῶς
1727 565 1809 618 ὅτι

212 660 330 722 τοῖς
383 655 686 726 ποιήμασιν
747 654 1062 726 ἐναρίθμιον
1118 654 1324 708 τίθεται
1363 656 1453 709 τὸν
1504 657 1806 727 Μονογενῆ,

215 749 314 805 καὶ
345 745 825 818 κεκομψευμέναις
855 747 1092 812 ἀπάταις
1121 747 1218 818 τὴν
1257 750 1336 812 είς
1365 748 1526 803 αὐτὸν
1554 748 1808 802 ἁσέ6ειαν

215 837 548 910 καταχώσας
583 839 613 891 6
646 837 896 902 δείλαιος,
943 839 1075 893 Θεὸν
1107 839 1206 910 μὲν
1251 835 1392 893 εἶναι
1437 840 1805 910 συνομολογεῖ,

213 931 320 1002 τῆς
354 949 418 1001 γε
449 931 555 1004 μὴν
579 931 796 1002 άληθῶς
831 932 925 986 καὶ
955 931 1095 985 κατὰ
1124 931 1284 1001 φύσιν
1311 932 1562 998 θεότητος
1600 933 1808 1003 ἐκπέμ-

217 1044 340 1080 πων
376 1025 539 1080 αὑτὸν
564 1066 580 1090 ,
628 1025 802 1078 οἴεταί
841 1042 960 1088 πως
997 1024 1254 1078 δύνασθαι
1303 1024 1486 1078 λαϐεῖν
1533 1025 1660 1088 τοὺς
1726 1027 1806 1088 είς

215 1119 390 1188 αὐτὴν
417 1118 713 1188 βλέποντας
742 1115 840 1187 τὴν
876 1115 1152 1186 ἀλήθειαν.
1206 1116 1411 1186 Γράφει
1458 1115 1636 1168 τοίνυν
1675 1115 1801 1168 ὠδίο

229 1210 369 1263 Ἀλλ’
411 1209 602 1279 ὥσπερ
629 1209 789 1278 ἡμεῖς
834 1210 892 1260 έν
942 1207 1092 1278 αὺτῷ
1120 1203 1254 1264 εἶναι
1287 1207 1592 1280 λεγόμενοι,
1616 1209 1801 1279 φησὶν,

211 1303 394 1373 ἀμιγῆ
424 1302 562 1373 πρὸς
591 1301 757 1355 αὐτὸν
792 1299 989 1371 ἔχομεν
1034 1300 1133 1370 τὴν
1167 1301 1462 1356 ὑπόστασιν
1482 1318 1494 1331 ·
1526 1300 1615 1354 τὸν
1641 1300 1804 1353 αὑτὸν

214 1394 420 1464 τρόπον
449 1392 598 1446 καὶὸ
632 1391 759 1454 Υίὸς
796 1391 854 1442 ὲν
886 1389 964 1460 τῷ
991 1390 1166 1460 Πατρὶ
1213 1391 1498 1460 τυγχάνων
1526 1391 1798 1461 διακεκρι-

218 1485 390 1556 μένην
433 1485 526 1538 τοῦ
577 1485 874 1554 ἁγεννήτου
918 1482 1031 1553 ἔχει
1090 1484 1189 1556 τὴν
1236 1483 1415 1556 χάριν.
1455 1483 1560 1536 Φεῦ
1599 1500 1662 1552 γε
1710 1483 1802 1537 τοῦ

211 1577 593 1648 τολμήματοςί
646 1575 722 1638 ὡς
775 1575 945 1638 δεινὸς
995 1578 1023 1628 6
1069 1575 1248 1644 λόγος,
1289 1576 1384 1630 aut
1430 1576 1628 1648 μεστὸς
1668 1579 1803 1630 ἁπο-

211 1669 384 1735 νοίας,
429 1668 627 1739 μᾶλλον
663 1669 733 1721 ἰδὲ
783 1668 1099 1732 δυσϐουλίας
1147 1670 1366 1739 ἁπάσης
1409 1669 1502 1721 καὶ
1551 1669 1802 1740 ἀποπλη-

212 1763 370 1829 ξίαςί
414 1761 844 1832 Ἐμωρὰνθησαν
881 1762 1050 1826 ὅντως
1097 1763 1396 1830 φάσκοντες
1450 1758 1586 1815 εἶναι
1645 1764 1798 1831 σοφοὶ

1913 576 2153 620 mentem
2194 566 2554 636 perscrutari,
2583 573 2641 620 ut
2669 567 2822 620 clare
2870 575 3138 637 arguatur
3181 569 3236 622 in
3273 577 3496 623 creatuo

1911 673 2096 711 rarum
2148 673 2382 715 numero
2437 657 2792 728 Unigenitum
2824 659 3119 722 collocare,
3151 670 3208 714 et
3254 661 3494 729 eleganti

1911 745 2105 802 fraude
2145 761 2302 803 suam
2353 748 2408 802 in
2443 762 2571 803 eum
2622 747 2962 816 impietatem
3013 751 3267 816 celando,
3319 751 3492 805 Deum

1909 839 2128 907 quidem
2164 854 2290 893 esse
2313 837 2604 894 nobiseum
2638 835 2824 899 fateri,
2855 836 2924 902 de
2948 855 3075 892 vera
3105 847 3289 896 tamen
3316 849 3372 896 et
3401 855 3492 894 na-

1910 928 2073 982 turali
2107 927 2314 983 deitate
2343 944 2466 983 eum
2493 927 2569 982 ita
2598 926 2915 994 excludere,
2948 938 3008 982 ut
3038 929 3210 986 latere
3236 947 3295 986 se
3325 946 3492 1002 posse

1909 1027 2064 1090 putet
2111 1035 2207 1075 eos
2237 1021 2332 1090 qui
2377 1021 2430 1074 in
2471 1020 2648 1090 ipsam
2698 1021 2988 1076 veritatem
3030 1023 3352 1092 reSpiciunt.
3399 1025 3491 1078 Sic

1907 1127 2039 1181 ergo
2078 1112 2274 1166 scribit
2302 1132 2315 1166 :
2348 1109 2552 1166 Verum
2581 1111 3046 1185 quemadmodum
3075 1129 3176 1170 nos
3209 1115 3303 1185 qui
3341 1118 3395 1170 in
3421 1133 3491 1172 eo

1907 1213 2030 1255 esse
2076 1199 2334 1262 dicimur,
2369 1201 2584 1272 inquit,
2622 1201 2939 1258 nullatenus
2983 1218 3108 1258 cum
3157 1219 3225 1259 eo
3267 1207 3491 1262 mistam

1907 1291 2244 1363 hypostasim
2295 1293 2561 1350 habemus
2595 1313 2608 1348 :
2640 1297 2710 1350 ita
2737 1304 2791 1350 et
2824 1294 2998 1352 Filius
3031 1311 3159 1351 cum
3190 1298 3263 1352 sit
3291 1298 3345 1352 in
3385 1297 3492 1352 Pa.

1907 1392 2006 1447 tre,
2046 1384 2362 1439 distinctam
2418 1380 2577 1442 habet
2618 1387 2686 1441 ab
2737 1388 2986 1458 ingenito
3039 1389 3296 1458 gratiam.
3342 1388 3496 1446 Proh

1906 1471 2124 1528 facinus
2181 1474 2395 1528 audax!
2448 1490 2481 1528 ο
2537 1490 2698 1530 voces
2759 1475 3000 1532 nefarias
3055 1487 3108 1532 et
3160 1479 3487 1549 impietatis,

1906 1565 2156 1620 stultitiae
2180 1580 2243 1620 ac
2279 1567 2525 1635 stuporis
2563 1567 2954 1636 plenissimas!
2996 1567 3162 1622 Stulti
3193 1567 3324 1623 facti
3358 1577 3491 1626 sunt

1904 1657 2153 1727 profecto
2202 1658 2455 1714 dicentes
2505 1675 2564 1714 se
2616 1662 2898 1730 sapientes
2959 1663 3033 1726 ιδ,
3081 1671 3248 1732 atque
3306 1664 3380 1718 ita
3417 1665 3490 1721 de

1906 1746 2203 1817 Unigenito
2249 1749 2550 1803 sentientes
2595 1766 2610 1802 :
2651 1751 2939 1804 Dominum
2973 1753 3066 1820 qui
3113 1753 3344 1807 redemit
3389 1771 3496 1812 eos-

211 1853 307 1906 xa‘t
336 1853 661 1925 φρονοῦντες
681 1851 824 1905 οὕτω
853 1853 981 1923 περὶ
1005 1852 1100 1905 τοῦ
1140 1851 1475 1921 Μονογενοῦς
1494 1869 1508 1882 ο
1538 1852 1630 1906 τὸν
1667 1855 1789 1921 ἁγο-

1901 1840 2260 1908 abnegarunt,
2291 1841 2436 1895 sicut
2461 1843 2730 1910 scriptum
2764 1851 2850 1898 est
2873 1843 2936 1899 ¹⁶.
2966 1841 3100 1897 Nam
3137 1844 3180 1898 si
3209 1845 3486 1902 hominem

211 1943 458 2015 ράσαντα
489 1943 684 2006 αὐτοὺς
735 1945 1011 2014 Δεσπότην
1047 1945 1376 2014 ἠρνήσαντο,
1421 1944 1563 1998 κατὰ
1605 1943 1666 1997 τὸ
1699 1961 1793 2014 γε·

207 2035 549 2106 γραμμένον.
592 2037 653 2088 Εί
706 2037 804 2105 μὲν
842 2036 952 2106 γὰρ
997 2035 1282 2104 ἄνθρωπον
1333 2031 1474 2089 εἶναί
1517 2054 1649 2105 φασι
1697 2037 1791 2091 καὶ

204 2129 302 2183 ἕνα
331 2129 439 2184 τῶν
473 2117 595 2183 καθ’
617 2131 762 2200 ἡμᾶς
783 2131 872 2183 τὸν
903 2131 995 2183 τοῦ
1043 2131 1177 2184 Θεοῦ
1222 2133 1414 2200 Λόγον,
1437 2133 1589 2186 οὐδὲν
1622 2133 1700 2185 ἔτι
1730 2131 1790 2186 τὸ

205 2218 416 2272 κωλῦον
441 2221 614 2272 εἰπεῖν
637 2218 810 2282 οὕτως
834 2219 1100 2291 ὑπάρχειν
1123 2221 1286 2274 αὑτὸν
1311 2226 1368 2274 έν
1391 2221 1509 2293 Θεῷ
1537 2222 1788 2293 καθάπερ

202 2312 397 2381 ἡμεῖς’
431 2313 480 2364 εί
528 2311 585 2364 δὲ
634 2311 766 2364 Θεὸν
816 2306 956 2365 εἶναι
1006 2312 1342 2376 πιστεύουσι,
1387 2315 1481 2368 καὶ
1519 2316 1596 2380 ὡς
1632 2316 1792 2369 τοῦτο

203 2402 348 2457 κατὰ
393 2403 558 2473 φύσιν
599 2403 897 2474 ὑπάρχοντι
942 2408 1268 2476 προσκυνεῖν
1309 2405 1604 2474 ἐγνώκασι,
1633 2409 1685 2461 τί
1717 2410 1791 2478 μὴ

205 2494 408 2564 μᾶλλον
429 2495 796 2565 ἀπονέμουσιν
838 2497 988 2568 αῦτῷ
1017 2499 1078 2550 τὸ
1106 2497 1426 2568 Θεοπρεπῶς
1468 2499 1793 2569 ἐνυπάρχειν

201 2587 280 2657 τῷ
313 2587 429 2658 ίδίῳ
467 2589 778 2658 Γεννήτορι,
819 2588 962 2659 ἔχειν
1008 2606 1067 2643 τε
1093 2589 1257 2643 αὐτὸν
1287 2593 1345 2643 ὲν
1384 2590 1598 2661 ὲαυτῷ;
1637 2592 1797 2645 τοῦτο

204 2679 314 2748 γὰρ
354 2672 511 2749 οἶμαι
551 2681 768 2748 φρονεῖν
802 2695 862 2731 τε
912 2680 1007 2733 καὶ
1048 2679 1226 2748 λέγειν
1267 2683 1381 2744 τοῖς
1409 2681 1576 2744 ὅντως
1614 2681 1794 2752 θεοφι-

201 2767 320 2824 λέσι
366 2770 834 2842 πρεπωδέστερον.
860 2773 923 2826 Ei
961 2773 1040 2837 δὲ,
1084 2773 1388 2844 ἄθραυστον
1435 2776 1566 2845 ἡμῖν
1599 2778 1792 2846 ἐπιτη-

199 2863 448 2927 δεύοντες
471 2864 569 2935 τὴν
612 2866 1024 2936 ἀναισχυντίαν,
1067 2865 1393 2937 ἐμμένουσιν
1436 2861 1516 2930 οἷς
1563 2869 1790 2938 είρήκαο

204 2973 290 3009 σιν
313 2994 330 3022 ,
361 2954 504 3009 οὕτω
541 2957 602 3009 τέ
631 2975 794 3026 φασιν
827 2961 884 3011 ὲν
911 2958 1086 3028 Πατρὶ
1113 2958 1205 3011 τὸν
1233 2958 1360 3010 Υἱὺν
1384 2957 1572 3029 ὥσπερ
1610 2958 1675 3012 ἁν
1704 2960 1786 3028 εἴη

198 3047 362 3118 τυχὸν
402 3051 494 3102 καὶ
518 3049 677 3120 ἡμῶν
713 3051 942 3114 ἕκαστος
980 3050 1088 3103 τῶν
1131 3049 1190 3114 ἐξ
1227 3051 1326 3104 οῦκ
1358 3050 1526 3104 ὄντων
1556 3052 1649 3104 καὶ
1682 3052 1790 3104 ἀπὸ

199 3140 304 3210 γῆς
333 3140 401 3192 δι’
422 3140 587 3194 αὐτοῦ
614 3143 936 3210 γεγονότων,
967 3142 1019 3195 τί
1052 3143 1126 3212 μὴ
1166 3145 1278 3205 τοῖς
1325 3143 1601 3197 ἐθέλουσιν
1641 3146 1784 3212 ἐφεί·
1819 3168 1864 3230 C

195 3243 289 3284 ται
331 3231 518 3285 λοιπὸν
569 3233 866 3297 ἀκινδύνως
917 3235 1119 3286 εἰπεῖν’
1153 3252 1171 3284 ι
1215 3234 1273 3286 '0
1320 3233 1580 3303 ἑωρακὼς
1636 3237 1736 3305 ἐμὲ
1775 3276 1789 3298 ,

200 3318 414 3391 ἑώρακε
455 3320 546 3374 τὸν
570 3322 807 3393 Πατέρα,
831 3323 988 3390 κάγὼ
1023 3325 1078 3375 ὲν
1124 3321 1202 3393 τῷ
1241 3323 1436 3392 Πατρὶ,
1478 3325 1571 3377 καὶ
1611 3325 1638 3376 6
1681 3326 1792 3378 ιΙα-

196 3409 303 3482 τὴρ
335 3412 392 3464 ὲν
414 3411 537 3480 ἐμοί
568 3413 736 3480 tactv;
765 3433 783 3464 ι
822 3413 982 3476 Ἀλλ’,
1007 3409 1179 3483 οἶμαι,
1209 3413 1418 3484 μωρίας
1440 3414 1537 3484 τῆς
1563 3415 1790 3469 ἁπασῶν

196 3499 439 3572 ἐσχάτης
466 3501 617 3573 ἁλοίη
665 3519 750 3564 τις
804 3503 871 3557 ἂν
913 3503 1004 3556 ὲπὶ
1049 3502 1222 3574 τούτῳ
1269 3506 1474 3575 γραφῇ,
1513 3505 1604 3558 καὶ
1646 3505 1789 3576 μάλα

197 3591 446 3655 εἰκότως.
483 3593 716 3664 Ἀπηχές
735 3611 793 3647 τε
827 3595 954 3666 γὰρ,
989 3596 1083 3649 καὶ
1111 3597 1229 3649 κατ’
1255 3597 1466 3660 οὐδενὸς
1489 3596 1595 3649 τῶν
1620 3596 1789 3664 ἁγίων

196 3682 401 3755 ἠνέχθη
451 3685 580 3738 ποτὲ
636 3685 861 3757 τοιαύτη
916 3687 1066 3757 φωνὴ
1119 3688 1269 3760 παρὰ
1322 3691 1390 3760 τῇ
1448 3687 1789 3760 θεοπνεύστῳ

197 3775 391 3848 Γραφῇ
414 3793 428 3806 ·
461 3780 850 3850 παραχωροῦσι
883 3779 939 3832 δὲ
971 3781 1185 3844 πάντως
1207 3780 1285 3851 τῷ
1314 3780 1455 3834 κατὰ
1489 3783 1649 3849 φύσιν
1678 3784 1788 3834 Κυ-

197 3868 301 3938 ρίῳ
328 3869 423 3922 καὶ
452 3869 571 3940 Θεῷ
601 3871 678 3942 τῷ
708 3875 1006 3942 μονογενεῖ,
1038 3873 1135 3945 τὴν
1183 3876 1267 3944 ἐφ’
1297 3875 1468 3928 ἅπασι
1503 3877 1612 3937 τοῖς
1647 3876 1786 3943 ἀγα-

197 3961 311 4025 θοῖς
359 3964 702 4034 ἁσυγκρίτως
745 3965 1050 4036 ὑπεροχὴν,
1096 3967 1189 4020 καλ⁵
1229 3967 1292 4038 δὴ
1336 3968 1429 4020 καὶ
1480 3968 1785 4038 κεκράγασι

196 4050 480 4118 λέγοντες·
527 4072 544 4103 ι
587 4053 681 4116 Τίς
733 4056 1129 4124 ὁμοιωθήσεται
1179 4055 1257 4126 τῷ
1311 4055 1500 4127 Κυρίῳ
1549 4059 1608 4110 ὲν
1649 4057 1784 4120 υἱοῖς

195 4141 334 4195 Θεοῦ
361 4163 376 4208 ;
413 4163 432 4195 ι
479 4143 602 4206 Πῶς
630 4141 721 4198 οῦν
750 4144 830 4198 ἔτι
877 4146 998 4199 καθ’
1031 4149 1179 4216 ἡμᾶς
1207 4149 1234 4200 ὁ
1259 4148 1587 4216 Μονογενὴς,
1627 4147 1783 4220 εἴπερ

194 4233 375 4297 οὐδεὶς
411 4234 523 4290 ἴσος
550 4252 610 4288 τε
644 4237 736 4289 καὶ
768 4237 949 4306 ὅμοιος
982 4238 1147 4308 αὐτῷ,
1180 4239 1320 4290 κατὰ
1351 4238 1448 4308 τὴν
1477 4238 1584 4290 τῶν
1614 4239 1782 4307 ἁγίων

196 4327 418 4396 φωνήν;
453 4327 515 4378 Εἰ
556 4327 613 4380 δὲ
647 4327 817 4391 οὕτως
857 4329 1004 4381 ἐστὶν
1054 4331 1112 4382 ἐν
1153 4327 1270 4399 Θεῷ
1322 4329 1572 4402 καθάπερ
1597 4332 1778 4401 ἡμεῖς,

193 4417 317 4479 πῶς
361 4417 462 4470 οὐκ
510 4420 722 4489 ἀνάγκη
774 4419 957 4472 λοιπὸν
998 4420 1402 4491 ψευδομυθῆσαι
1461 4422 1559 4492 μὲν
1603 4423 1780 4490 λέγειν

1899 1946 2022 1986 esse
2055 1933 2249 1987 dicunt
2293 1941 2348 1988 et
2392 1950 2561 1988 unum
2611 1949 2640 1988 e
2687 1935 2850 1990 nobis
2897 1935 2994 1989 Dei
3044 1935 3306 2004 Verbum,
3351 1938 3488 1994 nihil

1899 2023 2012 2094 jam
2063 2026 2322 2097 prohibet
2369 2028 2556 2084 dicere
2597 2045 2722 2084 eum
2767 2030 2843 2084 ita
2887 2031 2943 2084 in
2998 2032 3107 2087 Deo
3151 2050 3273 2088 esse
3319 2035 3492 2089 sicuti

1904 2133 2042 2183 nos;
2091 2118 2239 2186 quod
2297 2119 2344 2173 si
2390 2119 2558 2174 Deum
2609 2136 2734 2176 esse
2773 2123 3032 2189 credunt,
3086 2141 3324 2194 eumque
3364 2136 3490 2182 tau-

1905 2225 2069 2279 quam
2099 2219 2296 2264 natura
2331 2211 2382 2265 id
2425 2213 2787 2268 exsistentem
2822 2214 3169 2270 adorandum
3204 2226 3488 2286 statuunt,

1904 2301 2094 2370 quidni
2121 2302 2306 2372 potius
2341 2305 2661 2360 concedunt
2691 2320 2817 2360 eum
2857 2305 2969 2362 Deo
3004 2310 3402 2365 convenienter
3427 2310 3484 2364 in

1899 2405 2006 2446 suo
2031 2390 2194 2446 Patre
2223 2393 2517 2459 exsistere,
2547 2409 2787 2465 eumque
2823 2396 2876 2450 in
2923 2397 3109 2468 seipso
3151 2397 3397 2454 habere?
3428 2399 3484 2454 id

1896 2481 2043 2536 enim
2100 2482 2312 2537 sentire
2363 2497 2429 2536 ac
2488 2483 2672 2539 dicere
2724 2501 2883 2540 veros
2939 2485 3032 2541 Dei
3089 2489 3334 2544 cultores
3383 2489 3482 2544 de-

1895 2585 2022 2624 cere
2073 2572 2246 2642 magis
2292 2573 2557 2628 arbitror.
2587 2575 2683 2628 Sin
2731 2586 2912 2631 autem
2965 2577 3258 2647 praefracta
3295 2581 3480 2650 impu-

1895 2661 2080 2716 dentia
2111 2671 2363 2731 perstant
2406 2664 2462 2717 in
2519 2665 2589 2718 iis
2621 2681 2743 2735 qua:
2797 2667 3091 2733 dixerunt,
3120 2678 3286 2738 atque
3321 2670 3394 2723 ita
3422 2670 3483 2726 in

1897 2750 2059 2806 Patre
2106 2751 2304 2808 Filium
2341 2769 2467 2809 esse
2519 2754 2712 2810 dicunt
2747 2757 2912 2811 sicuti
2960 2760 3346 2831 unusquisque
3375 2777 3480 2816 no-

1898 2851 2078 2899 strum
2125 2846 2222 2915 qui
2277 2861 2340 2900 ex
2386 2847 2558 2903 nihilo
2605 2860 2658 2903 et
2711 2849 2777 2903 de
2832 2859 2980 2904 terra
3032 2867 3127 2921 per
3171 2868 3296 2906 eum
3349 2853 3480 2909 facti

1899 2947 2092 2989 sumus
2129 2953 2144 2990 :
2180 2936 2374 3005 quidni
2421 2936 2609 2992 licebit
2645 2940 2942 3009 unicuique
2987 2950 3240 2995 nostrum
3283 2957 3482 2999 secure

1896 3025 2084 3082 dicere
2122 3046 2134 3082 :
2179 3029 2326 3094 «Qui
2379 3029 2529 3084 videt
2575 3045 2660 3084 me
2711 3032 2862 3085 videt
2909 3041 2962 3084 et
3013 3031 3317 3100 Patremp
3371 3043 3476 3090 et:

1902 3118 2046 3188 «Ego
2077 3120 2127 3172 in
2157 3118 2342 3185 Patre,
2375 3130 2427 3176 et
2452 3120 2613 3176 Pater
2639 3123 2692 3176 in
2729 3138 2816 3177 me
2847 3124 2974 3178 est?
3004 3145 3021 3177 ι
3053 3123 3159 3179 Sed
3194 3133 3482 3190 extremae.

1895 3218 2112 3284 opinor,
2155 3219 2454 3275 dementiae
2513 3235 2678 3274 nemo
2727 3236 2836 3274 non
2884 3220 2939 3275 id
2992 3237 3115 3277 esse
3152 3222 3280 3289 jure
3323 3223 3480 3279 dixe-

1893 3311 1986 3364 rit.
2025 3311 2186 3382 793
2221 3311 2536 3366 Ahsurdum
2567 3320 2652 3365 est
2685 3314 2906 3383 quippe,
2939 3330 3038 3369 nec
3065 3315 3132 3370 de
3153 3323 3480 3371 sanctorum

1893 3401 2004 3456 ullo
2027 3403 2080 3455 in
2101 3403 2276 3456 sacris
2291 3402 2515 3458 Litteris
2531 3403 2802 3472 ejusmodi
2819 3420 2924 3458 vox
2944 3406 3342 3476 reperitur,sed
3359 3421 3479 3460 om~

1891 3493 2026 3548 nino
2060 3495 2296 3547 naturali
2332 3495 2562 3550 Domino
2593 3503 2648 3551 et
2682 3495 2791 3550 Deo
2825 3495 3154 3567 Unigenito,
3191 3499 3480 3567 incompa-

1890 3587 2124 3641 rabilem
2167 3601 2331 3656 supra
2363 3602 2556 3641 omnes
2593 3587 2767 3643 bonos
2809 3588 3160 3641 eminentiam
3203 3588 3476 3657 tribuunt,

1890 3680 2136 3748 adeoque
2169 3679 2511 3733 exclamant:
2549 3697 2566 3729 ι
2597 3678 2734 3744 Quis
2763 3679 2963 3734 similis
2993 3680 3098 3733 erit
3130 3679 3362 3734 Domino
3388 3681 3478 3736 in-

1888 3778 1972 3826 ter
2001 3771 2142 3825 [ilius
2181 3769 2274 3824 Dei
2303 3770 2390 3822 ‘7?
2421 3789 2440 3821 ι
2473 3768 2761 3836 Quomodo
2789 3786 2922 3840 ergo
2954 3770 3155 3826 similis
3186 3772 3347 3827 nobis
3389 3779 3478 3829 est

1891 3863 2245 3933 Unigenitus,
2305 3861 2352 3916 si
2405 3862 2590 3916 nullus
2634 3862 2682 3917 ei
2741 3863 2970 3932 aequalis
3009 3869 3092 3918 est
3132 3863 3480 3932 autsimilis,

1882 3955 2036 4024 juxta
2069 3964 2396 4010 sanctorum
2429 3953 2661 4008 vocem?
2699 3953 2858 4020 Quod
2891 3956 2936 4010 si
2975 3971 3042 4010 eo
3093 3955 3257 4009 modo
3297 3965 3383 4012 est
3416 3956 3479 4012 in

1887 4046 1999 4102 Deo
2059 4063 2170 4116 quo
2238 4061 2364 4108 nos,
2415 4047 2681 4116 numquid
2717 4063 2944 4102 necesse
2989 4055 3073 4102 est
3125 4057 3185 4101 ut
3219 4047 3480 4103 dicamus

1885 4147 2202 4194 sanctorum
2228 4137 2461 4190 chorum
2516 4138 2762 4202 mentiri,
2795 4138 3113 4208 nullamque
3147 4140 3476 4209 praerogati-

1884 4246 2007 4286 vam
2047 4231 2280 4285 naturali
2336 4231 2475 4285 Filio
2532 4233 2796 4296 tribuere,
2833 4246 2930 4300 per
2983 4245 3149 4302 quam
3208 4239 3478 4301 praestare

1885 4324 2157 4393 adoptivis
2188 4323 2674 4395 videatur?Apage
2710 4333 2822 4377 tam
2845 4323 3228 4378 detestandum
3263 4325 3474 4388 scelus,

1884 4432 1917 4471 ο
1940 4416 2120 4482 bone;
2173 4431 2521 4485 nequaquam
2581 4431 2684 4470 nos
2714 4416 2790 4469 ita
2835 4417 3124 4478 sentimus,
3161 4415 3342 4471 absit!
3376 4417 3475 4472 sed

192 4509 287 4559 τὸν
321 4505 429 4559 τῶν
461 4508 627 4574 ἁγίων
671 4509 850 4578 χορὸν,
896 4511 1046 4563 οὐδὲν
1076 4510 1131 4564 δὲ
1163 4511 1222 4562 τὸ
1270 4512 1450 4564 πλεῖον
1490 4514 1782 4583 ἀπονεῖμαι

1895 4519 2204 4565 sanelorum
2248 4507 2473 4561 Patrum
2505 4507 2822 4576 opinionem
2873 4517 3189 4578 sequentes,
3238 4509 3471 4579 gloriam

190 4598 271 4668 τῷ
299 4599 441 4651 κατὰ
473 4598 632 4667 φύσιν
667 4600 800 4670 Υἱῷ,
835 4601 901 4653 δι’
930 4597 1100 4672 οὗπερ
1130 4603 1194 4655 ἂν
1227 4604 1468 4671 φαίνοιτο
1496 4607 1608 4668 τοῖς
1638 4607 1778 4660 κατᾶ

194 4691 346 4744 θέσιν
401 4694 501 4745 οὐκ
551 4693 886 4758 ίσοστατῶν;
931 4695 1145 4764 Ἄπαγε
1192 4697 1288 4766 τῆς
1342 4698 1643 4768 βδελυρίας,
1688 4699 1781 4753 ἄν-

193 4783 411 4853 θρωπεί
448 4786 789 4854 φρονήσομεν
824 4785 932 4855 γὰρ
973 4787 1072 4856 οὐχ
1125 4787 1296 4851 οὕτως
1341 4791 1523 4859 ἡμεῖς,
1557 4791 1630 4860 μὴ
1681 4791 1778 4859 γέ-

190 4893 358 4939 νοιτο,
385 4878 500 4938 ταῖς
540 4876 596 4928 δὲ
633 4877 741 4930 τῶν
783 4878 951 4945 ἁγίων
983 4878 1238 4948 Πατέρων
1283 4881 1537 4949 ἑπόμενοι
1576 4881 1774 4948 δόξαις,

189 4964 570 5033 εὐδοκιμήσειν
606 4969 755 5036 παρὰ
798 4967 916 5036 Θεῷ
963 4969 1313 5037 πιστεύομεν.
1357 4971 1571 5042 Ἐπειδὴ
1608 4971 1664 5024 δὲ
1699 4974 1777 5036 είς

188 5055 467 5120 ἀπόδειξιν
493 5050 567 5108 ὦν
602 5058 855 5125 φρονοῦσι
885 5062 978 5112 καὶ
1022 5061 1266 5128 λέγουσιν
1301 5063 1475 5115 ἐκεῖνο
1518 5063 1776 5134 παρήγα-

189 5161 284 5213 γον
315 5144 376 5196 τὸ
408 5145 695 5216 εἰρημένον
743 5147 831 5200 διὰ
855 5149 948 5200 τοῦ
983 5149 1218 5213 Παύλου,
1255 5152 1335 5202 ὅτι
1367 5170 1387 5201 ι
1409 5152 1495 5203 Ἐν
1529 5151 1646 5221 Θεῷ
1673 5151 1777 5214 ζὼ-

193 5253 316 5306 μεν,
348 5237 442 5289 καὶ
475 5238 790 5306 κινούμεθα,
827 5240 923 5292 καὶ
951 5241 1136 5309 ὲσμὲν,
1165 5261 1183 5292 ι
1223 5241 1282 5293 τὸ
1313 5244 1368 5294 ἐν
1409 5243 1583 5314 Πατρὶ
1624 5243 1777 5311 λέγει

191 5327 316 5380 σΟαι
351 5328 442 5380 τὸν
469 5321 603 5382 ’Υἱὺν
635 5330 940 5394 δεικνύντες
985 5334 1189 5386 εἰκαῖον
1214 5335 1276 5386 ἐκ
1301 5334 1409 5386 τῶν
1447 5335 1570 5388 καθ’
1605 5337 1772 5406 ἡμᾶς,

188 5422 323 5492 φέρε
355 5426 478 5486 ταῖς
524 5421 892 5492 καθηκούσαις
938 5423 1184 5495 ὲρεύναις
1227 5425 1287 5477 τὸ
1339 5423 1500 5496 ῥηθὲν
1536 5425 1772 5480 ὑποϐάλ-

187 5510 373 5576 λοντες
401 5513 768 5582 διελέγχωμεν
801 5514 995 5577 αὐτοὺς
1029 5516 1120 5568 καὶ
1155 5515 1244 5568 τὸν
1285 5515 1392 5567 τῶν
1429 5515 1598 5584 ἁγίων
1635 5518 1770 5570 ἀπο-

191 5603 394 5660 στόλων
425 5607 781 5673 συκοφαντεῖν
830 5607 1079 5662 ὲθέλοντα
1121 5608 1234 5680 [γρ.
1285 5606 1593 5679 ἐθέλοντας]
1625 5609 1768 5676 νοῦν,

277 5791 324 5824 ⁸⁸
360 5790 525 5846 Rom.
553 5805 569 5843 ι
593 5827 607 5853 ,
633 5789 706 5843 22
787 5792 830 5824 ¹⁸
856 5792 977 5848 Act.
1009 5807 1105 5864 ιιι,
1147 5794 1232 5859 15,
1270 5793 1352 5846 14.
1435 5793 1475 5824 ¹⁷
1507 5791 1654 5849 l’sal.
1677 5808 1917 5849 unvm
1945 5832 1959 5856 ,
1996 5793 2046 5846 8.

1888 4602 2030 4672 apud
2079 4600 2246 4655 Deum
2285 4614 2390 4654 nos
2435 4607 2836 4655 consecuturos
2863 4601 3162 4656 credimus.
3197 4601 3303 4656 Sed
3333 4617 3476 4672 quo-

1886 4694 2032 4745 niam
2069 4691 2134 4744 ad
2191 4688 2719 4744 demonstrationem
2773 4705 2962 4744 eorum
3014 4705 3136 4759 quae
3175 4690 3367 4744 dicunt
3404 4701 3472 4742 ac

1885 4786 2130 4839 sentiunt.
2182 4783 2316 4838 illud
2352 4782 2510 4836 Pauli
2560 4783 2766 4836 dictum
2803 4784 3106 4838 attulerunt
3143 4801 3155 4836 :
3197 4800 3214 4833 ι
3257 4781 3316 4834 ln
3358 4781 3474 4837 Deo

1885 4876 2142 4939 vivimus,
2185 4890 2469 4929 movemur
2521 4881 2578 4928 et
2607 4890 2800 4930 sumus
2826 4875 2888 4939 ⁸⁸,
2926 4893 2944 4926 ι
2983 4874 3115 4928 illud
3151 4871 3295 4942 quod
3327 4873 3468 4928 dici-

1884 4975 1997 5034 tur,
2049 4966 2244 5021 Filium
2276 4967 2330 5021 in
2387 4965 2575 5031 Patre,
2611 4965 2960 5022 ostendentes
2998 4980 3197 5018 vanum
3247 4981 3370 5021 esse
3398 4982 3468 5021 ex

1885 5060 2064 5122 nobis,
2092 5073 2190 5129 age
2212 5059 2422 5113 dictum
2448 5058 2580 5112 illud
2604 5059 2994 5113 convenienter
3016 5066 3348 5121 scrutantes,
3368 5058 3468 5114 de-

1883 5161 2254 5206 monstremus
2285 5165 2381 5206 eos
2395 5161 2448 5205 et
2477 5158 2796 5205 sanctorum
2829 5149 3203 5218 apostolorum
3229 5159 3465 5204 mentem

1882 5243 2230 5309 calumniari,
2249 5250 2306 5297 et
2340 5243 2393 5296 in
2411 5245 2740 5298 sententiam
2768 5257 2922 5297 suam
2941 5257 3063 5310 quae
3088 5251 3238 5295 recte
3271 5242 3458 5295 admo-

1881 5335 2010 5388 dum
2050 5336 2196 5390 dicta
2230 5343 2358 5389 sunt
2387 5319 2715 5390 stultissime
2756 5313 3110 5400 detorqitere.
3158 5333 3290 5385 Nam
3337 5349 3464 5387 cum

1882 5426 2113 5482 Athenis
2145 5437 2290 5482 esset
2332 5428 2530 5481 beatus
2556 5425 2759 5480 Paulus
2809 5425 3182 5494 populumque
3222 5424 3466 5486 videret,

1879 5518 2134 5586 quamvis
2163 5518 2441 5585 sapientize
2464 5515 2684 5568 nomine
2699 5514 2993 5578 celebrem,
3023 5515 3248 5569 deorum
3282 5523 3465 5567 tamen

1881 5607 2018 5662 falsa
2053 5608 2315 5677 religione
2356 5609 2554 5673 teneri,
2608 5607 2714 5676 piis
2755 5607 3066 5665 rationibus
3094 5624 3192 5664 eos
3227 5622 3256 5660 a
3294 5606 3464 5660 veteri

2129 5793 2169 5823 ³⁸
2222 5794 2341 5845 Aet.
2383 5806 2511 5854 xvii,
2548 5790 2635 5846 ‘28.
