3992 6316
500 334 597 390 251

1500 329 1556 387 S.
1599 328 1875 390 CYRILLI
1913 330 2384 393 ALEXANDRINI
2426 335 2744 396 AliClllEP.

3661 342 3775 397 25:!

501 447 692 502 fraude
735 446 804 501 ad
851 448 1016 503 unius
1051 461 1115 500 ac
1146 445 1262 502 veri
1310 444 1407 502 Dei
1438 448 1772 517 agnitionem
1820 463 2081 506 revocare

2196 457 2277 511 ttat
2310 455 2390 518 είς
2423 454 2484 506 τὸ
2520 451 2710 509 δοκοῦν
2735 452 2919 514 αὐτοῖς
2944 449 3276 504 ἀϐουλότατα
3310 449 3774 522 παρατρέποιτας

499 541 823 602 conabatur,
856 539 948 608 qui
971 537 1244 592 creaturis
1271 538 1388 593 suis
1411 539 1578 593 vitam
1603 550 1801 595 etesse
1832 541 2082 611 largitur.

498 635 710 690 Cuncta
737 634 942 702 quippe
969 632 1236 698 vivilicat,
1258 631 1369 685 vita
1396 647 1522 686 cum
1554 634 1626 688 sit
1659 634 1962 688 secundum
1995 650 2087 690 na-

501 742 707 787 turam.
746 725 1135 780 universorum
1182 721 1389 794 opifex,
1418 739 1533 780 sua:
1575 727 1929 796 proprietatis
1977 729 2084 782 vim

498 825 580 878 eis
613 819 964 875 ineil‘abiliter
1009 817 1328 872 infundens.
1352 815 1464 872 Nec
1496 819 1642 873 enim
1668 819 1829 873 aliter
1863 833 2088 876 conser-

501 915 618 969 vari
652 920 878 984 possent
915 913 968 965 in
1018 925 1143 966 esse
1169 924 1272 965 suo
1301 926 1422 981 qua:
1457 921 1640 967 ortum
1687 912 1908 968 enihilo
1929 927 2088 983 cepe-

502 1016 633 1062 runt
666 1025 678 1061 :
715 1005 922 1074 alioqui
955 1007 1100 1060 enim
1133 1005 1201 1059 ad
1234 1019 1388 1060 suam
1439 1015 1696 1058 naturam
1728 1003 1993 1066 redirent,
2030 1004 2086 1059 id

500 1101 670 1154 estin
719 1098 976 1162 nihilum,
1018 1098 1127 1154 nisi
1180 1097 1576 1168 conjunctione
1619 1104 1674 1152 et
1719 1097 1988 1152 relatione
2018 1097 2084 1152 ad

499 1209 628 1249 eum
697 1195 790 1263 qui
839 1201 922 1249 est
961 1193 1047 1248 sui
1100 1202 1257 1247 ortus
1311 1190 1681 1244 infirmitatem
1739 1198 2084 1260 superarent.

501 1282 674 1340 Recte
728 1284 913 1354 itaque
977 1283 1198 1338 divinus
1247 1280 1454 1336 Paulus
1517 1281 1722 1348 aiebat,
1789 1281 2086 1338 ostendens

501 1374 674 1430 Deum
735 1375 1123 1429 universorum
1163 1373 1333 1428 vitam
1362 1388 1506 1437 esse,
1541 1388 1644 1428 nos
1695 1372 1752 1426 in
1781 1388 1848 1428 eo
1879 1374 2084 1440 vivere,

500 1477 556 1522 et
596 1467 827 1526 moveri.
858 1473 913 1520 et
941 1481 1066 1521 esse
1124 1483 1137 1520 :
1171 1481 1284 1521 non
1315 1466 1505 1536 utique
1561 1464 1884 1536 significans
1928 1463 2083 1532 illud,

503 1556 647 1626 quod
675 1555 776 1626 ipsi
803 1556 896 1626 qui
928 1569 1210 1610 sacrarum
1229 1554 1562 1610 Litterarum
1590 1563 1795 1610 rectam
1821 1556 2085 1610 rationem

503 1654 926 1718 corrumpentes
956 1647 1024 1700 ad
1055 1663 1216 1702 suum
1241 1663 1473 1718 scopum
1498 1647 1798 1712 ﬁnxerunt,
1818 1647 1914 1703 sed
1939 1648 2085 1718 quod

503 1756 694 1795 verum
726 1746 845 1794 erat
871 1748 926 1794 et
963 1738 1056 1794 Det
1085 1739 1401 1811 cognitione
1440 1754 1617 1807 nuper
1651 1739 1876 1796 imbutis
1911 1740 2084 1795 utilis-

2193 547 2261 602 τά
2289 547 2410 601 λίαν
2442 545 2618 618 ὀρθῶς
2650 543 2935 616 εἰρημένα.
2977 541 3235 615 Ἀθήνῃσι
3265 543 3364 615 μὲν
3397 543 3504 615 γάρ
3529 544 3776 613 γεγοιὼς

2191 642 2221 693 6
2264 639 2532 710 μακάριος
2575 636 2804 702 Παῦλος,
2852 631 2973 690 εἶτα
3020 633 3156 688 πολύ
3207 633 3330 688 λίαν
3377 635 3456 696 είς
3512 633 3777 688 πολύθεον

2193 729 2402 801 πλάνην
2449 727 2885 799 ἀνεπτοημένους
2934 725 3109 796 ὁρῶν,
3160 723 3336 779 καίτοι
3387 722 3583 793 σοφοὺς
3630 718 3776 778 εῖναι

2193 821 2654 892 πεπιστευμένους
2709 820 2836 883 τοὺς
2890 817 3068 872 ἐκεῖσε
3116 816 3318 881 λαοὺς,
3367 813 3777 887 παρακομίζειν

2193 915 2390 978 αὐτοὺς
2419 914 2677 984 ἐπειρᾶτο
2706 913 2805 983 τῆς
2829 909 3063 982 ἀρχαίας
3095 908 3334 978 ἀπάτης,
3366 909 3476 972 τοῖς
3509 909 3590 972 είς
3617 909 3779 962 εὐσέ-

2193 1006 2348 1060 ϐειαν
2376 1005 2654 1076 λογισμοῖς
2691 1002 2945 1075 μεταθεὶς
2975 1001 3191 1070 εὐφυῶς
3220 1003 3301 1065 είς
3341 1001 3402 1055 τὸ
3435 1004 3632 1074 χρῆναι
3663 1003 3769 1055 λοι-

2195 1099 2292 1153 πὺν
2320 1099 2415 1151 ἕνα
2439 1115 2499 1150 τε
2540 1099 2635 1151 καὶ
2679 1096 2838 1167 μόνον
2868 1094 3066 1148 εἰδέναι
3102 1093 3256 1158 Θεὸν,
3296 1095 3408 1158 τοῖς
3440 1092 3572 1165 παρ’
3605 1094 3777 1149 αὐτοῦ

2192 1191 2442 1260 γεγονόσι
2471 1191 2563 1244 καὶ
2602 1188 2664 1241 τὸ
2701 1187 2966 1242 κινεῖσθαι
3003 1186 3097 1240 καὶ⁵
3133 1185 3232 1257 ζῇν
3274 1187 3368 1240 καὶ
3403 1181 3542 1240 εἶναι
3571 1186 3782 1258 δωρού-

2198 1300 2376 1354 μενον.
2433 1283 2699 1350 Ζωογονεῖ
2753 1279 2863 1351 γὰρ
2909 1277 2980 1332 τὰ
3033 1279 3234 1344 πάντα,
3285 1278 3400 1350 ζωὴ
3442 1279 3584 1334 κατὰ
3612 1281 3780 1349 φύσιν

2194 1372 2456 1443 ὑπάρχων
2486 1371 2515 1424 6
2545 1370 2762 1424 πάντων
2795 1369 3158 1440 Δημιουργὸς,
3181 1369 3281 1440 τῆς
3331 1369 3466 1434 ἰδίας
3514 1369 3780 1441 ἰδιότητος

2197 1465 2423 1528 ὲντιθεὶς
2448 1464 2702 1536 ἀρρήτως
2727 1463 2909 1525 αὐτοῖς
2935 1461 3034 1532 τὴν
3059 1461 3307 1532 δύναμιν.
3332 1461 3407 1515 Οὐ
3435 1462 3542 1533 γὰρ
3563 1457 3631 1533 ἦν
3657 1462 3780 1516 ἑτέ-

2199 1576 2305 1629 ρως
2328 1555 2686 1622 διασώζεσθαι
2720 1556 2855 1628 πρὸς
2883 1557 2944 1609 τὸ
2981 1551 3117 1609 εἶναι
3157 1554 3590 1627 διακρατούμενα
3614 1556 3682 1608 τὰ
3713 1557 3779 1610 ἐκ

2193 1649 2288 1703 τοῦ
2319 1647 2392 1721 μὴ
2419 1649 2586 1711 ὅντως
2617 1646 2727 1719 [γρ.
2757 1646 2932 1718 όντος]
2956 1646 3188 1718 λαχόντα
3209 1645 3307 1718 τὴν
3330 1645 3542 1714 γένεσιν
3559 1664 3573 1678 ·
3605 1645 3639 1716 ἢ
3667 1646 3780 1716 γὰρ

2197 1742 2263 1796 ἂν
2291 1741 2451 1806 εὐθὺς
2484 1743 2563 1805 είς
2590 1740 2689 1812 τὴν
2721 1741 2926 1794 οίκείαν
2972 1739 3302 1809 ὐπενὸστησε
3335 1739 3516 1808 φύσιν,
3547 1739 3688 1810 φημὶ
3721 1739 3779 1792 δὲ

504 1833 731 1887 simum.
773 1831 975 1901 Atque,
1009 1838 1068 1886 ttt
1094 1831 1340 1902 apertius
1372 1832 1682 1901 loquamur,
1720 1847 1829 1885 non
1857 1831 1972 1901 jam
2015 1831 2090 1886 si-

2196 1833 2330 1904 πρὸς
2369 1833 2432 1886 τὸ
2473 1832 2547 1904 μὴ
2585 1829 2724 1886 εἶναι
2771 1831 2954 1894 πάλιν,
3000 1833 3050 1883 εί
3102 1831 3176 1902 μὴ
3222 1832 3290 1902 τῇ
3335 1829 3469 1902 πρὸς
3515 1832 3610 1884 τὸν
3647 1830 3778 1884 ὄντα

503 1924 776 1996 gnificare
811 1924 985 1977 voluit
1011 1938 1135 1987 nos,
1164 1937 1288 1977 cum
1309 1929 1505 1977 natura
1528 1924 1778 1980 homines
1807 1924 2003 1988 simus,
2035 1924 2090 1978 in

505 2015 817 2070 substantia
844 2013 1024 2070 Patris
1053 2029 1178 2070 esse
1197 2015 1412 2084 positos
1443 2023 1497 2070 et
1530 2013 1696 2088 ’194
1714 2015 1872 2086 quasi
1898 2015 1951 2068 in
1971 2015 2092 2085 ipso

505 2107 816 2170 exsistere,
877 2107 971 2160 sed
1012 2121 1112 2162 nos
1170 2107 1377 2173 vivere,
1427 2119 1483 2164 et
1530 2109 1586 2163 in
1636 2107 1748 2164 Deo
1785 2123 1931 2172 esse,
1978 2109 2093 2163 sive

504 2196 832 2252 subsistere.
871 2195 1119 2252 Observa
1154 2197 1300 2253 enim
1337 2213 1448 2253 non
1478 2200 1804 2269 simpliciter
1833 2208 1888 2254 et
1927 2199 2092 2254 abso-

506 2286 619 2340 lute
642 2285 846 2348 dicere,
879 2301 979 2341 nos
1006 2287 1184 2340 solum
1211 2287 1267 2340 in
1288 2286 1398 2342 Deo
1417 2303 1559 2351 esse,
1591 2297 1811 2360 propter
1836 2299 2010 2352 tuam,
2036 2297 2094 2344 ut

505 2376 766 2431 credibile
788 2385 892 2443 est,
920 2378 1278 2446 imperitiam,
1319 2394 1352 2431 ο
1391 2379 1574 2444 bone;
1633 2380 1726 2434 sed
1758 2381 1911 2434 vario
1931 2380 2093 2435 modo

503 2469 651 2538 quod
680 2468 866 2523 dicere
893 2469 1071 2523 voluit
1104 2469 1458 2538 explicando,
1487 2471 1779 2540 prazmisso
1810 2471 1925 2537 illo,
1962 2473 2093 2526 vivi-

505 2575 644 2620 mus,
678 2559 876 2615 deinde
917 2559 1126 2626 addito,
1157 2577 1447 2622 movemur,
1488 2561 1555 2615 ad
1605 2569 1916 2617 extremum
1944 2564 2094 2618 intu-

505 2650 657 2711 lisse,
696 2666 902 2716 sumus,
932 2661 990 2704 ut
1024 2652 1454 2720 praecedentium
1486 2666 1711 2708 sensum
1737 2654 2090 2724 exprimeret.

505 2741 772 2812 Equidem
835 2744 1096 2799 existimo
1149 2743 1246 2800 Dei
1312 2744 1527 2801 hostem
1581 2747 1733 2802 hisee
1783 2748 2094 2805 rationibus

507 2839 692 2893 forsan
713 2838 1011 2894 confusum
1044 2838 1150 2905 iri;
1181 2838 1280 2894 sed
1303 2839 1350 2894 si
1371 2856 1569 2897 rursus
1589 2841 1837 2908 insultet,
1865 2841 2092 2906 etillud,

505 2931 561 2982 in
595 2929 722 2994 Deo,
759 2929 824 2983 ad
869 2930 1088 2984 libitum
1123 2945 1283 2986 suum
1332 2931 1682 3003 detorqueat,
1710 2933 1979 2990 divinitus
2008 2934 2096 2990 in-

507 3023 730 3092 spirata:
758 3021 1028 3076 doctrinae
1053 3023 1516 3078 consuetudinem
1547 3025 1919 3084 ostendemus.
1947 3025 2097 3083 Solet

505 3116 654 3168 enim
700 3113 789 3167 illa
823 3113 1159 3183 quandoque
1199 3129 1302 3184 pro
1334 3130 1399 3169 eo
1428 3115 1571 3185 quod
1629 3125 1734 3183 est,
1765 3133 1857 3187 per
1901 3119 2092 3186 Deum,

506 3207 713 3270 dicere,
767 3208 824 3259 in
876 3205 1007 3260 Deo.
1064 3206 1282 3276 Alioqui
1336 3209 1672 3278 respondeat
1725 3211 2000 3281 quomodo
2040 3213 2094 3266 in

507 3296 745 3352 Psalmis
776 3298 1101 3352 clamaverit
1129 3297 1298 3354 David
1338 3317 1351 3352 :
1396 3318 1414 3350 ι
1455 3299 1514 3355 lu
1548 3300 1658 3357 Deo
1685 3302 1948 3361 faciemus
1982 3306 2098 3359 vir-

510 3395 684 3442 tutem
715 3389 799 3453 ‘9;
867 3408 885 3440 ι
927 3389 1056 3444 item
1091 3390 1156 3444 ad
1194 3390 1371 3460 ipsum
1409 3389 1576 3446 Deum
1645 3409 1904 3451 sermone
1965 3411 2098 3453 con-

509 3495 673 3536 verso
707 3499 719 3535 :
755 3499 773 3532 ι
803 3483 864 3535 ln
889 3489 940 3536 te
976 3483 1233 3539 inimicos
1279 3493 1501 3540 nostros
1539 3486 1932 3543 ventilabimus
1974 3503 2098 3544 cor-

508 3589 582 3627 nu
614 3573 685 3627 ¹⁰.
720 3592 738 3624 ι
773 3571 884 3628 Nec
914 3577 1058 3629 enim
1083 3575 1137 3628 id
1167 3576 1237 3630 ab
1269 3591 1334 3630 eo
1363 3577 1471 3632 dici
1503 3579 1789 3649 quisquam
1818 3580 2099 3636 existima-

508 3666 666 3732 verit,
709 3667 869 3735 quasi
893 3667 947 3720 in
979 3668 1288 3722 substantia
1313 3667 1406 3724 Dei
1432 3669 1692 3726 virtutem
1716 3671 2012 3742 quamdam
2037 3689 2097 3729 se

511 3754 784 3811 facturum
842 3757 1098 3828 recipiat,
1136 3775 1238 3815 nec
1268 3760 1323 3816 in
1371 3762 1490 3831 ipsa
1529 3765 1620 3833 qui
1673 3779 1804 3822 suos
1839 3766 2096 3822 inimicos

507 3846 841 3903 offenderint
877 3865 974 3905 eos
998 3851 1367 3908 ventilaturos
1397 3869 1570 3910 cornu
1597 3856 1894 3914 Psalmista
1925 3860 2094 3925 dicat,

508 3940 602 3994 sed
628 3942 683 3994 in
725 3939 836 3994 Deo
870 3941 966 4006 ait,
993 3957 1092 4012 pro
1127 3959 1193 3998 eo
1229 3945 1374 4014 quod
1405 3956 1510 4012 est,
1539 3966 1630 4017 per
1656 3949 1841 4017 Deum,
1871 3960 1924 4006 et
1963 3952 2096 4008 illud

508 4036 563 4088 in
601 4045 669 4102 te,
711 4051 932 4101 rursus,
980 4051 1079 4106 pro
1117 4053 1183 4091 eo
1231 4041 1377 4109 quod
1423 4050 1530 4110 est,
1568 4060 1660 4114 per
1688 4055 1754 4100 te.
1796 4044 1917 4101 Jam
1966 4063 2096 4104 vero

509 4140 610 4180 cur
667 4127 858 4182 beatus
927 4125 1128 4184 Paulus
1185 4130 1489 4189 Corinthiis
1545 4136 1794 4193 scribens
1872 4139 2091 4196 aiebat:

515 4235 533 4268 ι
573 4214 790 4272 Gratias
817 4233 919 4288 ago
941 4218 1048 4274 Deo
1073 4236 1193 4276 meo
1224 4239 1324 4292 pro
1354 4226 1615 4284 omnibus
1646 4227 1802 4284 vobis
1825 4231 1878 4284 in
1915 4233 2092 4302 gratia

509 4309 602 4365 Dei
635 4326 758 4380 qum
780 4311 906 4366 data
936 4321 1021 4366 est
1060 4315 1215 4369 vobis
1248 4317 1299 4370 in
1334 4317 1554 4374 Christo
1589 4319 1838 4376 Jesu"?i
1869 4323 1932 4378 Et
1966 4340 2092 4379 rur-

509 4416 606 4457 sus
639 4419 654 4455 :
700 4421 718 4453 ‹
785 4401 860 4456 Ex
909 4404 1030 4474 ipso
1061 4415 1239 4462 autem
1283 4425 1378 4466 vos
1420 4412 1556 4467 estis
1587 4413 1641 4466 in
1677 4413 1902 4470 Christo
1941 4415 2092 4482 Jesu,

2195 1925 2377 1995 σχέσει
2407 1925 2509 1995 τῆς
2547 1926 2754 1989 οἰκείας
2791 1924 3060 1994 γενέσεως
3094 1923 3316 1993 ἐνίκησε
3340 1923 3438 1995 τὴν
3469 1922 3774 1979 ἀσθένειαν.

2197 2018 2342 2088 Ἔφη
2387 2017 2678 2089 τοιγαροῦν
2712 2019 2741 2071 6
2787 2017 3076 2080 θεσπέσιος
3118 2015 3328 2079 Παῦλος
3371 2015 3544 2086 ὀρθῶς
3589 2034 3647 2069 τε
3685 2018 3778 2069 καὶ

2197 2109 2341 2180 μάλα
2369 2108 2569 2174 καλῶς,
2597 2107 2742 2180 ζωὴν
2762 2109 2871 2163 τῶν
2891 2109 3029 2162 ὅλων
3059 2107 3369 2172 ἐπιδεικνὺς
3395 2106 3486 2160 τὸν
3509 2107 3664 2172 Θεὸν,
3703 2107 3783 2169 ὼς

2194 2205 2253 2258 ὲν
2301 2202 2448 2274 αὐτῷ
2493 2201 2699 2275 ζῶμεν,
2748 2202 2843 2256 καὶ
2896 2201 3228 2274 κινούμεθα,
3282 2199 3376 2254 καὶ
3426 2200 3626 2271 ἐσμέν·
3680 2201 3780 2252 οὐκ

2194 2299 2370 2351 ἐκεῖνο
2417 2296 2634 2360 πάντως
2685 2293 2882 2366 δηλῶν,
2945 2295 3084 2366 ὅπερ
3130 2294 3285 2347 αὐτοὶ
3319 2293 3418 2364 τὴν
3468 2293 3578 2347 τῶν
3618 2292 3781 2364 ἱερῶν

2196 2391 2546 2463 Γραμμάτων
2593 2390 2860 2463 ὀρθότητα
2901 2389 3370 2460 παραφθείροντες
3419 2387 3781 2441 διεπλάσαντο

2196 2485 2315 2537 κατ’
2350 2484 2549 2537 οἰκεῖον
2589 2484 2811 2550 σκοπὸν,
2854 2483 2970 2537 ἀλλ’
3017 2483 3152 2553 ὅπερ
3181 2478 3248 2553 ἦν
3296 2479 3494 2551 ἀληθὲς
3539 2480 3635 2534 καὶ
3666 2480 3782 2540 τοῖς

2195 2576 2320 2648 ἄρτι
2371 2575 2910 2648 παιδαγωγουμένοις
2942 2577 3022 2639 είς
3055 2573 3384 2644 θεογνωσίαν
3433 2571 3783 2643 ὠφελιμώτα-

2194 2685 2307 2724 τον.
2351 2668 2464 2722 Καὶ
2495 2668 2544 2720 εί
2578 2667 2660 2720 δεῖ
2689 2667 3020 2737 σαφέστερον
3052 2667 3246 2730 εἰπεῖν,
3275 2665 3376 2718 οὐκ
3420 2664 3500 2717 ἔτι
3541 2659 3782 2736 σημῆναι

2198 2760 2520 2831 βεϐούληται
2556 2759 2638 2812 ὅτι
2672 2758 2950 2830 ἄνθρωποι
2988 2758 3090 2829 τὴν
3125 2757 3286 2828 φύσιν
3313 2756 3692 2828 τυγχάνοντες,
3723 2757 3784 2811 ὲν

2195 2856 2262 2924 τῇ
2289 2852 2448 2924 οὐσίᾳ
2493 2849 2588 2905 τοῦ
2639 2850 2848 2922 Πατρὺς
2899 2849 3131 2920 κείμεθά
3180 2867 3241 2903 τε
3292 2848 3386 2902 καὶ
3421 2849 3497 2912 ὡς
3538 2847 3691 2913 ὄντες
3723 2849 3783 2902 ἐν

2197 2945 2346 3016 αὐτῷ
2394 2944 2716 3016 φαινόμεθα,
2761 2942 2876 2997 ἀλλ’
2919 2944 3000 2997 ὅτι
3056 2941 3153 2996 καὶ
3203 2941 3408 3013 ζῶμεν,
3459 2940 3554 2996 καὶ
3602 2940 3784 2995 κινού-

2201 3036 2361 3108 μεθα,
2401 3035 2494 3090 καὶ
2537 3035 2704 3104 ἐσμὲν
2731 3037 2796 3087 ὲν
2827 3031 2965 3103 Θεῷ,
3001 3033 3119 3103 ἦτοι
3153 3031 3583 3102 συνεστήκαμεν.
3617 3027 3784 3094 Σύνες

2199 3129 2306 3201 γὰρ
2327 3129 2403 3193 ὡς
2429 3129 2526 3199 οὐχ
2562 3126 2748 3190 ἁπλῶς
2783 3142 2843 3178 τε
2882 3125 2977 3178 καὶ
3005 3122 3306 3194 ἀνειμένως
3329 3121 3432 3194 ἔφη
3464 3120 3544 3188 τὺ,
3577 3121 3660 3175 ὅτι
3695 3120 3786 3193 μό-

2197 3240 2286 3275 νον
2321 3222 2487 3292 ὲσμὲν
2517 3220 2574 3273 ὲν
2603 3219 2742 3289 Θεῷ,
2773 3217 2861 3271 διὰ
2909 3216 3006 3288 τὴν
3041 3215 3159 3287 σὴν,
3189 3214 3266 3278 ὡς
3306 3213 3474 3280 εἰκὸς,
3515 3210 3777 3284 ἀμαθίαν,

2198 3306 2243 3365 ὧ
2271 3312 2389 3376 τᾶν,
2425 3309 2560 3363 ἀλλὰ
2591 3307 2884 3380 διαφόρως,
2919 3307 3056 3376 ὅπερ
3097 3303 3362 3375 ἠθέλησεν
3400 3304 3577 3356 εἰπεῖν
3605 3303 3783 3375 ἑρμη-

2196 3404 2388 3467 νεύων,
2413 3402 2509 3456 καὶ
2538 3400 2600 3454 τὸ
2635 3399 2820 3470 ζῶμεν
2847 3397 3143 3470 προτάξας,
3183 3393 3480 3466 ἐπαγαγὼν
3519 3394 3576 3448 δὲ
3609 3395 3782 3466 τούτῳ

2197 3498 2291 3550 καὶ
2315 3496 2376 3549 τὸ
2411 3495 2753 3564 κινούμεθα,
2779 3492 2960 3564 τρίτον
2992 3492 3241 3563 ἐπήγαγε
3265 3489 3327 3544 τὸ
3354 3489 3562 3560 ἐσμὲν,
3584 3489 3652 3561 τῇ
3676 3488 3782 3544 τῶν

2197 3588 2578 3662 προλαϐόντων
2604 3585 2810 3656 διανοίᾳ
2849 3585 2944 3639 καὶ
2990 3583 3121 3637 αὐτὸ
3157 3581 3533 3654 χαριζόμενος.
3568 3582 3680 3635 Καὶ
3708 3578 3784 3635 οῖο-

2203 3703 2299 3756 μαι
2339 3685 2437 3754 μὲν
2480 3685 2562 3738 ὄτι
2606 3679 2920 3752 δυσωπήσει
2964 3679 3105 3750 τάχα
3139 3695 3243 3732 που
3278 3677 3371 3731 τὸν
3399 3676 3666 3748 θεομάχον
3695 3679 3786 3746 ὀρ-

2199 3777 2306 3842 θῶς
2338 3777 2479 3847 ἕχων
2513 3777 2644 3846 ἡμῖν
2680 3776 2709 3828 6
2740 3773 2871 3845 περὶ
2911 3771 3102 3825 τούτου
3131 3770 3321 3840 λόγος·
3363 3768 3702 3840 ὲνισταμένῳ
3728 3767 3782 3822 δὲ

2198 3871 2382 3935 πάλιν,
2411 3870 2504 3924 καὶ
2533 3868 2593 3922 τὸ
2636 3868 2707 3922 ἐν
2735 3866 2816 3933 τῷ
2850 3865 2972 3930 Θεῷ
3004 3865 3383 3936 περιέλκοντες
3426 3861 3536 3934 [γρ.
3567 3861 3786 3933 περιέλ-

2198 3963 2367 4036 κοντι]
2410 3962 2548 4034 πρὸς
2571 3961 2632 4015 τὸ
2658 3958 2805 4030 αὐτῷ
2850 3959 2944 4013 καὶ
2976 3959 3120 4029 μόνῳ
3158 3955 3370 4021 δοκοῦν,
3401 3954 3500 4024 τῆς
3530 3953 3784 4007 θεοπνεύ-

2200 4071 2326 4108 στου
2354 4053 2580 4124 Γραφῆς
2614 4053 2714 4123 τὴν
2761 4050 3047 4119 συνήθειαν
3094 4047 3451 4116 ἐπιδείξομεν.
3485 4044 3646 4108 Ἔθος
3675 4043 3783 4114 γὰρ

2197 4145 2334 4217 αὐτῇ
2365 4144 2544 4213 λέγειν
2574 4143 2684 4196 ἔσθ’
2712 4143 2799 4196 ὅτε
2833 4141 2954 4196 ἀντὶ
2983 4139 3078 4193 τοῦ
3117 4138 3215 4192 διὰ
3247 4137 3412 4198 Θεοῦ,
3447 4135 3507 4188 τὸ
3537 4135 3608 4188 ἐν
3638 4133 3778 4199 Θεῷ.

2210 4237 2369 4289 Ἐπεὶ
2389 4234 2594 4304 λεγέτω
2613 4235 2723 4305 γὰρ
2745 4235 2950 4295 ἐκεῖνος
2971 4233 3125 4301 ἡμῖν,
3150 4229 3266 4293 πῶς
3299 4231 3357 4283 ὲν
3390 4226 3637 4297 Ψαλμοῖς
3661 4225 3782 4277 ἀνα-

2197 4329 2437 4398 κέκραγε
2465 4327 2639 4396 λέγων
2675 4343 2758 4388 τις
2779 4342 2793 4356 ο
2829 4344 2846 4376 ι
2895 4324 2983 4376 Ἐν
3008 4321 3086 4392 τῷ
3122 4319 3242 4391 Θεῷ
3289 4319 3586 4389 ποιήσομεν
3623 4315 3782 4368 δύνα-

2201 4437 2325 4492 μιν·
2362 4437 2380 4470 ι
2414 4419 2510 4472 καὶ
2562 4417 2722 4472 πάλιν
2768 4415 2843 4480 ὡς
2895 4415 3035 4486 πρὸς
3085 4413 3278 4466 αὐτόν’
3316 4429 3335 4462 ι
3380 4410 3469 4464 Ἐν
3526 4409 3606 4460 σοὶ
3657 4407 3780 4468 τοὺς

508 4495 605 4563 qui
641 4494 820 4551 factus
851 4503 935 4552 est
982 4500 1141 4555 nobis
1172 4503 1441 4572 sapientia
1471 4521 1499 4557 a
1529 4504 1660 4572 Deo,
1685 4516 1740 4562 et
1771 4509 2009 4577 justitia,
2039 4521 2090 4566 et

2199 4508 2427 4580 ἐχθροὺς
2474 4506 2631 4577 ήμῶν
2669 4504 3051 4577 κερατιοῦμεν.
3091 4522 3110 4555 ›
3138 4501 3216 4558 Οὐ
3249 4501 3358 4572 γὰρ
3393 4501 3457 4569 δή
3495 4515 3578 4561 τις
3610 4498 3784 4568 οἰήσε-

509 4587 896 4654 sanctificatio,
947 4599 1000 4645 et
1034 4590 1344 4664 redemptio
1388 4597 1486 4649 ³³.»
1521 4595 1782 4667 Nunquid
1804 4601 1974 4666 enim,
2004 4604 2090 4656 iu-

507 4679 662 4748 quiet
715 4680 1015 4750 prudenter
1059 4683 1244 4740 forsan
1281 4687 1505 4756 aliquis,
1567 4690 1821 4745 traditam
1868 4695 2088 4750 etelitus

507 4771 812 4827 Corinthiis
832 4775 1062 4843 gratiam
1092 4777 1145 4830 in
1179 4779 1297 4847 ipsa
1321 4779 1524 4836 Christi
1561 4783 1872 4839 substantia
1904 4787 2086 4843 datam

506 4863 584 4916 ait
610 4861 926 4932 Apostolus,
966 4876 1061 4921 aut
1092 4869 1299 4939 aliquid
1327 4873 1473 4926 aliud
1507 4874 1634 4928 huic
1671 4877 1855 4932 simile
1891 4879 2091 4934 intelli-

507 4956 585 5023 git
611 4955 634 5008 ?
669 4954 735 5008 At
765 4959 1042 5026 quomodo
1073 4975 1184 5015 non
1219 4962 1365 5017 istud
1399 4968 1596 5036 nugari
1626 4969 1695 5023 sit
1717 4970 1739 5023 ?
1760 4969 1871 5025 Cur
1903 4973 2091 5043 itaque

506 5060 790 5101 sacrarum
835 5048 1168 5106 Litterarum
1214 5060 1674 5114 consuetudinem
1722 5073 1977 5119 evertens
2038 5073 2089 5118 et

505 5135 651 5192 beati
689 5138 846 5194 Pauli
883 5151 1122 5197 mentem
1155 5146 1442 5216 cavillans,
1471 5168 1595 5207 esse
1623 5168 1722 5208 nos
1747 5153 1800 5206 in
1825 5154 1957 5218 Deo,
1984 5157 2090 5211 hoc

504 5242 590 5284 est
613 5232 666 5285 in
702 5233 1014 5290 substantia
1041 5235 1244 5302 Patris,
1287 5241 1390 5308 ais,
1412 5259 1546 5298 cum
1580 5245 1741 5300 audis
1769 5262 1892 5300 eum
1920 5250 2088 5304 Athe-

504 5325 592 5379 nis
631 5327 1019 5394 przedicantem
1058 5350 1071 5386 :
1132 5349 1150 5383 ι
1187 5333 1328 5402 Quia
1390 5336 1444 5388 in
1498 5336 1618 5404 ipso
1659 5338 1920 5403 vivimus,
1971 5357 2090 5395 mo-

507 5428 700 5469 vemur
750 5427 802 5472 et
831 5420 1070 5476 sumus?
1105 5439 1124 5472 ›
1163 5422 1406 5484 Atenim,
1437 5423 1611 5490 inquit
1649 5429 2086 5495 perniciosorum

430 5567 438 5575 ι
503 5501 816 5574 dogmatum
875 5509 1157 5580 magister,
1215 5509 1660 5580 quandoquidem
1714 5513 1810 5569 tibi
1871 5516 2088 5572 videtur

504 5595 747 5661 illud,in
771 5597 882 5652 Deo
927 5617 1058 5667 esse,
1096 5611 1242 5657 recte
1291 5603 1521 5677 intelligi
1569 5621 1759 5676 proco
1789 5609 1934 5679 quod
1981 5620 2086 5676 est,

2195 4618 2287 4654 ται
2330 4597 2488 4654 τοῦτο
2531 4599 2709 4668 λέγειν
2757 4597 2939 4663 αὐτὸν,
2987 4597 3062 4661 ὡς
3108 4597 3166 4649 ὲν
3205 4597 3272 4666 τῇ
3316 4593 3474 4664 οὐσίᾳ
3516 4591 3609 4646 τοῦ
3645 4589 3781 4644 Θεοῦ

2195 4692 2424 4763 δύναμίν
2461 4707 2576 4744 τινα
2607 4691 3030 4761 δημιουργήσειν
3075 4685 3488 4756 ἐπαγγέλλεται,
3520 4682 3634 4738 ἀλλ’
3662 4681 3782 4735 οὐδὲ

2196 4789 2254 4839 ὲν
2286 4786 2424 4854 αὐτῇ
2470 4785 2597 4847 τοὺς
2642 4783 2802 4847 ἰδίους
2843 4783 3073 4854 ἐχθροὺς
3116 4779 3466 4849 εὑρίσκοντας
3509 4777 3782 4846 κερατιεῖν

2197 4877 2394 4939 αὐτοὺς
2443 4877 2470 4929 6
2511 4874 2728 4945 ψάλλων
2769 4875 2953 4945 φησὶν,
3001 4873 3115 4927 ἀλλ’
3157 4873 3226 4924 ἐν
3267 4868 3387 4935 Θεῷ
3422 4884 3606 4938 φησιν,
3664 4863 3783 4918 ἀντὶ

2196 4967 2290 5020 τοῦ
2337 4967 2433 5020 διὰ
2481 4966 2630 5020 Θεοῦ
2651 4983 2664 4995 ·
2699 4966 2791 5019 καὶ
2817 4963 2879 5016 τὸ
2909 4965 2978 5018 ἐν
3007 4965 3106 5018 σοί
3158 4961 3340 5028 πάλιν,
3373 4959 3494 5012 ἀντὶ
3542 4955 3636 5009 τοῦ
3684 4956 3779 5010 διὰ

2197 5058 2334 5113 σοῦ.
2374 5059 2440 5111 Τί
2480 5059 2536 5112 δὲ
2573 5059 2668 5114 καὶ
2710 5060 2738 5112 6
2780 5058 3046 5129 μακάριος
3088 5055 3299 5117 Παῦλος
3333 5050 3640 5123 Κορινθίοις
3668 5049 3783 5101 ἐπι-

2200 5149 2432 5202 στέλλων
2465 5149 2650 5218 ἕλεγεν
2674 5167 2688 5216 ;
2720 5167 2738 5200 ι
2775 5148 3097 5220 Εὐχαριστῶ
3119 5147 3196 5217 τῷ
3225 5146 3342 5217 Θεῷ
3373 5161 3473 5217 μου
3499 5143 3625 5211 περὶ
3648 5142 3780 5196 πάν·

2195 5259 2302 5295 των
2335 5242 2489 5313 ὐμῶν
2541 5243 2632 5295 ἐπὶ
2683 5243 2748 5312 τῇ
2801 5241 3017 5312 δοθείσῃ
3062 5243 3190 5310 ὑμῖν
3237 5239 3296 5290 ὲν
3343 5235 3563 5308 Χριστῷ
3609 5232 3779 5306 Ἰησοῦ

2196 5335 2399 5404 χάριτι.
2437 5353 2456 5386 ι
2490 5335 2598 5386 Καὶ
2640 5333 2836 5386 πάλιν·
2875 5353 2893 5384 ι
2944 5333 3034 5398 Ἐξ
3066 5331 3229 5386 αὐτοῦ
3269 5329 3326 5384 δὲ
3377 5329 3534 5399 ὑμεῖς
3573 5327 3697 5378 ἐστε
3723 5325 3778 5377 ἐν

2195 5425 2416 5496 Χριστῷ
2457 5425 2651 5495 Ἰησοῦ,
2700 5425 2757 5489 ὃς
2803 5424 3031 5501 ἐγενήθη
3082 5425 3212 5496 ἡμῖν
3255 5421 3413 5491 σοφία
3467 5419 3574 5472 ἀπὸ
3620 5415 3772 5476 Θεοῦ,

2193 5517 2506 5589 δικαιοσύνη
2539 5535 2599 5570 τε
2630 5518 2722 5572 καὶ
2747 5517 3038 5589 ἁγιασμὸς,
3064 5517 3158 5570 καὶ
3186 5513 3558 5584 ἀπολύτρωσις
3606 5505 3774 5579 »Ἄρα

2197 5609 2326 5680 γὰρ,
2355 5611 2470 5680 ἐρεῖ
2499 5627 2582 5672 τις
2611 5610 2896 5682 νουνεχῶς,
2924 5611 3004 5664 ὅτι
3033 5610 3131 5680 τὴν
3166 5605 3598 5677 ἁπονεμηθεῖσᾶν
3636 5602 3770 5656 ἄνω-

579 5766 624 5799 ¹⁹
655 5763 798 5822 l’sal.
828 5785 942 5837 th,
973 5774 1054 5826 1-ί.
1135 5778 1178 5808 ὀ
1211 5774 1358 5832 Psal.
1400 5796 1571 5851 mu,
1603 5784 1653 5838 6.
1739 5788 1779 5817 "
1815 5785 1832 5838 Ι
1873 5785 2004 5842 Cor.
2031 5804 2066 5855 ι,

2232 5791 2274 5819 ”
2313 5787 2448 5841 ibid.
2479 5790 2565 5842 5U.
