3992 6316
201 379 304 439 ’ῑῖιῦ

1261 375 1331 432 ΙΝ
1367 375 1654 434 JOANNIS
1693 330 2140 438 EVANGELlUM
2180 380 2309 437 LIB.
2354 378 2446 437 IX.

3332 385 3441 444 254

203 498 288 551 θεν
315 493 422 557 τοῖς
457 490 762 562 Κορινθίοις
785 490 944 565 χάριν
982 492 1039 546 ὲν
1070 490 1207 563 αὐτῇ
1229 494 1296 563 τῇ
1320 492 1479 564 οὐσίᾳ
1510 495 1604 548 τοῦ
1634 497 1765 567 Χριέ

1867 512 1959 565 per
1986 496 2172 562 Deum,
2208 494 2340 566 quid
2381 494 2587 551 frustra
2623 492 2869 565 nugaris,
2905 502 3000 549 aut
3048 509 3149 550 cur
3182 495 3445 568 blasphe-

205 585 320 641 στοῦ
358 582 600 638 δεδόσθαι
648 583 812 653 φησιν
849 584 881 637 ό
925 584 1387 656 πνευματοφόρος,
1432 585 1600 655 ἡγουν
1636 586 1764 640 ἀκο-

202 677 390 739 λούθως
436 674 609 743 τούτῳ
653 674 715 728 τὸ
759 674 947 745 ἕτερον
979 674 1309 745 ὲκλήψεται;
1356 674 1467 728 Καὶ
1508 675 1624 740 πῶς
1664 678 1765 730 οὐκ

205 775 263 827 ἂν
288 769 450 841 ὁρῷτο
491 765 673 837 ληρῶν
699 784 713 832 ;
743 766 809 819 Τί
842 766 1016 820 τοίνυν
1049 768 1145 820 καὶ
1171 766 1304 820 αὐτὸ
1348 767 1410 820 τὸ
1452 766 1562 822 τῶν
1605 769 1766 839 ἱερῶν

206 859 531 931 Γραμμάτων
569 855 864 929 παραλύων
896 854 1034 921 ἔθος,
1079 857 1173 910 καὶ
1218 855 1317 927 τὴν
1362 856 1456 910 τοῦ
1492 858 1765 928 μακαρίου

207 950 398 1005 Παύλου
456 949 652 1020 βουλὴν
709 948 1121 1018 συκοφαντήσας
1141 987 1156 1014 ,
1204 948 1469 1019 ὑπάρχειν
1510 951 1659 1019 ἡμᾶς
1708 951 1766 1003 ὲν

206 1042 328 1115 Θεῷ,
359 1042 502 1095 τοῦτ’
545 1042 693 1096 ἔστιν
747 1043 805 1093 ὲν
838 1044 903 1112 τῇ
956 1042 1114 1112 οὐσίᾳ
1161 1041 1252 1095 τοῦ
1298 1043 1529 1113 Πατρὸς,
1564 1043 1763 1111 λέγεις,

205 1138 316 1189 ὅταν
339 1133 574 1205 ἀκούσης
612 1136 723 1197 τοῖς
759 1135 817 1186 ὲν
860 1133 1113 1207 Ἀθήνῃσι
1143 1135 1465 1199 διειπόντος·
1502 1153 1520 1186 t
1560 1135 1679 1189 Ὀτι
1708 1137 1767 1189 ἐν

205 1225 336 1297 αὐτῷ
365 1224 564 1294 ζῶμεν,
617 1224 712 1277 καὶ
753 1223 1087 1293 κινούμεθα,
1138 1224 1234 1277 καὶ
1284 1225 1489 1294 ὲσμὲν;
1547 1244 1564 1276 ι
1608 1224 1767 1279 ’Λλλά

205 1317 300 1378 ναὶ,
342 1314 504 1384 φησιν
545 1314 573 1365 ὁ
614 1313 723 1366 τῶν
770 1313 1030 1384 όλεθρίων
1077 1313 1362 1384 δογμάτων
1392 1314 1763 1385 προεστηκὼς,

203 1407 310 1461 ἐπεί
337 1424 412 1459 σοι
450 1406 600 1460 δοκεῖ
638 1406 731 1459 καὶ
765 1406 939 1476 ὀρθῶς
973 1405 1117 1476 ἔχειν
1162 1406 1500 1474 φαίνεταιτὸ
1541 1406 1610 1459 ἐν
1646 1405 1769 1471 Θεῷ

202 1496 358 1563 εἶναι,
400 1499 497 1551 καὶ
543 1498 779 1552 νοεῖσθαι
821 1499 920 1552 διὰ
966 1499 1136 1563 Θεοῦ,
1169 1498 1219 1551 τί
1251 1499 1427 1569 μάτην
1464 1498 1769 1567 καταφλυα-

205 1591 342 1659 ρείς;
390 1588 442 1640 τί
493 1588 550 1641 δὲ
595 1590 706 1651 τοῖς
746 1588 1055 1659 δυσφημίας
1104 1589 1459 1659 ἐγκλήμασιν-
1484 1589 1763 1659 ὑποτίθης,

201 1682 312 1733 ὅταν
338 1680 665 1751 πεποιῆσθαι
705 1681 794 1735 διὰ
839 1680 933 1735 τοῦ
982 1680 1195 1751 Πατρὸς
1240 1678 1634 1750 διατεινώμεθα
1675 1681 1767 1735 τὸν

203 1772 351 1836 Υἱόν;
388 1773 517 1826 Ἰδοὺ
565 1773 673 1845 γὰρ
716 1774 877 1837 αὐτός
930 1790 1131 1843 φησιν·
1182 1791 1200 1823 ι
1247 1772 1371 1825 Ὅτι
1420 1770 1530 1840 ἐγὼ
1567 1771 1639 1825 ἐν
1687 1770 1768 1837 τῷ

202 1867 385 1934 Harp),
420 1886 438 1918 ι
474 1868 595 1921 ἀντὶ
617 1866 712 1920 τοῦ
736 1867 833 1921 διὰ
859 1868 966 1921 τοῦ
997 1866 1248 1934 Πατρός.
1281 1867 1421 1920 κατά
1441 1883 1505 1935 γε
1530 1866 1621 1920 τὸν
1650 1865 1762 1930 σὺν,

204 1951 426 2021 ὦοῖιτος,
467 1957 625 2026 λόγον
668 1960 763 2013 καὶ
802 1959 901 2029 τὴν
941 1958 1143 2029 ἀρτίως
1185 1959 1317 2028 ¹ἡμῖν
1361 1960 1424 2010 ἐκ
1466 1957 1572 2010 τῶν
1605 1956 1765 2029 ἱερῶν

202 2048 527 2120 Γραμμάτων
556 2048 980 2120 παρενεχθεῖσαν
1006 2050 1310 2120 συνήθειαν.
1363 2046 1505 2117 Ἐγὼ
1544 2048 1601 2102 δὲ
1630 2049 1768 2119 πρὸς

203 2138 345 2191 τοῦτό
405 2154 549 2209 φημι
599 2138 711 2192 δεῖν
775 2138 1225 2210 ἀπολογήσασθαι
1273 2137 1474 2201 πάλιν,
1518 2138 1613 2191 καὶ
1667 2137 1765 2201 τάς

204 2228 404 2282 ἐκείνων
452 2229 794 2301 κακουργίας
837 2228 1235 2300 ἀπογυμνῶσαι
1268 2229 1363 2283 καὶ
1397 2227 1593 2298 βλάὸη.
1624 2228 1766 2281 Θαυ-

208 2317 346 2387 μάζω
388 2317 494 2389 γάρ
546 2319 694 2383 ὅπως
728 2318 983 2390 ἀσμένως
1036 2317 1374 2382 ἀκούσαντες
1404 2319 1486 2371 ὅτι
1516 2318 1586 2371 ἐν
1617 2318 1761 2383 Θεῷ,

204 2408 290 2463 διὰ
316 2411 456 2465 Θεοῦ
493 2410 676 2479 λέγειν
710 2411 831 2475 ἔθος
861 2414 927 2482 τῇ
960 2411 1083 2482 θείᾳ
1122 2412 1338 2483 Γραφῇ,
1366 2411 1459 2464 καὶ¹
1485 2410 1577 2463 διὰ
1602 2411 1760 2480 μόνον

205 2501 257 2555 τὸ
277 2502 529 2557 δύνασθαι
562 2505 844 2557 κατειπεῖν
877 2521 929 2556 τι
952 2503 1049 2573 τῆς
1081 2502 1242 2574 δόξης
1271 2503 1364 2557 τοῦ
1399 2501 1758 2571 Μονογενοῦς,

207 2595 603 2659 συναινέσαντές
633 2614 691 2649 τε
720 2596 816 2650 καὶ
847 2596 945 2664 τὴν
992 2594 1137 2662 λέξιν
1172 2592 1632 2667 παραδεξάμενοι,
1663 2594 1763 2667 λη-

209 2686 408 2755 ροῦντες
444 2688 527 2741 ὅτι
583 2686 749 2741 πάλιν
801 2687 956 2740 οὐδὲν
991 2682 1157 2758 ἦττον
1206 2684 1505 2740 ἁλώσονται
1543 2684 1765 2756 διεγνώ·

206 2794 347 2832 κασιν
376 2779 648 2849 οὐδαμῶς,
679 2779 856 2835 καίτοι
885 2781 1187 2850 φάσκοντες
1214 2774 1354 2834 εἶναι
1393 2781 1547 2850 σοφοί
1571 2799 1631 2835 τε
1670 2782 1766 2838 καὶ

206 2868 414 2939 δριμεῖς.
442 2867 508 2924 Εἰ
544 2870 645 2941 μὲν
671 2869 994 2941 γάρ’μόνοις
1021 2873 1234 2940 ἐφεῖται
1263 2872 1376 2933 τοῖς
1411 2870 1479 2925 δι’
1516 2870 1766 2935 ἐναντίας

206 2959 260 3013 τὸ
298 2962 390 3031 τῆς
420 2961 784 3016 θεοπνεύστου
826 2962 1053 3034 Γραιφῆς
1092 2963 1179 3016 ἀεὶ
1223 2959 1484 3033 τειχίζειν
1525 2962 1647 3026 ἔθος
1696 2964 1762 3034 τῇ

207 3053 347 3126 οὐσία
376 3054 468 3108 τοῦ
516 3055 890 3123 Μονογενοΰς,
939 3055 1034 3109 καὶ
1089 3055 1178 3110 διὰ
1223 3056 1383 3109 τοῦτο
1432 3054 1765 3125 πεποιῆσθαι

1869 588 1992 644 mite
2051 604 2152 645 nos
2202 600 2456 652 accusas,
2499 601 2624 641 cum
2671 584 2875 641 factum
2928 601 3056 642 esse
3080 602 3178 657 per
3222 586 3442 643 Patrem

1868 678 2068 733 Filium
2101 676 2526 734 contendimus?
2576 674 2718 731 Ecce
2771 676 2917 731 enim
2969 677 3087 747 ipse
3120 678 3250 733 ait:
3302 678 3445 745 Quia

1866 786 1967 842 ego
2024 773 2078 824 in
2121 770 2306 837 Patre,
2362 770 2418 824 id
2463 775 2549 826 est
2597 783 2690 836 per
2742 767 2962 823 Patrem
2991 807 3007 833 ,
3065 768 3225 840 juxta
3293 779 3442 827 tuam

1869 862 2203 917 sententiam
2270 861 2555 917 eLmodo
2641 860 2802 916 nobis
2874 862 3098 918 allatam
3158 878 3442 920 sacrarum

1869 950 2282 1022 Scripturarum
2350 952 2823 1008 consuetudinem.
2880 952 2993 1023 Ego
3063 969 3193 1009 vero
3260 950 3445 1010 denuo

1869 1044 1956 1099 his
2001 1044 2446 1115 respondendum
2499 1044 2759 1110 arbitror,
2806 1060 3107 1115 eorumque
3134 1048 3295 1117 795
3330 1066 3418 1103 ma

1868 1136 2041 1192 litiam
2075 1137 2451 1207 retegendam.
2493 1136 2659 1192 Miror
2701 1136 2846 1191 enim
2877 1136 3176 1206 quomodo,
3215 1147 3423 1194 tamets

1869 1227 2147 1282 audierint
2175 1229 2377 1283 divina:
2405 1226 2705 1297 Scriptura:
2753 1242 2961 1282 morem
3003 1241 3126 1282 esse
3160 1236 3219 1282 ut
3248 1228 3304 1280 in
3340 1228 3445 1281 Deo

1868 1317 2021 1373 dicat
2054 1334 2154 1389 pro
2193 1333 2259 1374 eo
2283 1320 2432 1390 quod
2463 1327 2549 1374 est
2579 1335 2671 1388 per
2704 1318 2893 1383 Deum,
2926 1326 3092 1388 atque
3128 1318 3198 1372 ad
3241 1318 3448 1389 Unige-

1868 1410 1971 1465 niti
2002 1411 2232 1481 gloriam
2254 1410 2645 1466 tantummodo
2677 1410 3045 1465 cavillandam
3077 1412 3444 1476 assenserint,

1867 1515 1932 1555 ac
1968 1501 2266 1557 dictionem
2300 1502 2451 1556 illam
2480 1501 2842 1571 arripuerint,
2876 1517 2988 1555 non
3019 1509 3202 1558 tamen
3252 1518 3312 1559 se
3347 1520 3442 1556 va-

1868 1607 1972 1648 nos
2019 1600 2075 1647 ct
2137 1594 2331 1650 inanes
2380 1608 2507 1648 esse
2552 1593 3030 1659 animadvertant,
3090 1596 3446 1664 quantumvis

1868 1682 2146 1752 sapientes
2178 1696 2239 1736 se
2270 1691 2325 1737 et
2365 1688 2561 1736 acutos
2593 1681 2894 1737 venditem.
2927 1681 3062 1736 Nam
3100 1684 3146 1738 si
3182 1683 3317 1739 solis
3348 1686 3447 1738 ad-

1869 1774 2134 1829 versariis
2171 1773 2509 1844 permittitur
2545 1788 2720 1829 sacra:
2754 1772 3054 1844 Scriptura:
3092 1776 3450 1831 consuetudi-

1868 1880 1993 1919 nem
2049 1865 2265 1920 ﬁrmare
2319 1879 2539 1934 semper
2580 1863 2862 1934 Unigeniti
2904 1866 3239 1931 substantia,
3276 1847 3446 1936 atque

1866 1955 2076 2011 idcirco
2122 1970 2246 2011 eum
2295 1969 2327 2008 a
2373 1953 2538 2010 Patre
2587 1953 2794 2010 factum
2821 1972 2947 2011 esse
2975 1956 3185 2020 dicere.
3221 1959 3350 2027 quia
3387 1958 3444 2012 in

1867 2045 1980 2100 Deo
2023 2061 2082 2101 se
2128 2043 2353 2114 quidem
2387 2059 2514 2100 esse
2545 2045 2700 2111 dicit,
2740 2046 2793 2099 in
2828 2046 2937 2103 Deo
2964 2062 3097 2102 vero
3127 2047 3445 2117 signiﬁcare

1863 2151 1956 2203 per
1986 2135 2158 2190 Deum
2187 2135 2596 2202 concessimus,
2633 2138 2849 2191 ratione
2887 2138 3072 2208 aliqua
3110 2138 3213 2193 niti
3251 2153 3445 2195 eorum

1865 2227 2046 2283 scelus
2091 2226 2238 2282 forte
2270 2227 2569 2283 videretur.
2628 2226 2724 2282 Sin
2763 2236 2949 2284 autem
2999 2228 3138 2285 nihil
3194 2229 3446 2301 prohibet

1864 2318 2027 2374 etiam
2072 2334 2176 2374 nos
2209 2318 2410 2388 quibus
2454 2319 2802 2390 propositum
2855 2326 2940 2377 est
2990 2321 3326 2377 deductione
3374 2320 3445 2376 ad

1866 2411 2131 2479 majorem
2163 2410 2559 2468 absurditatem
2586 2412 2778 2482 putida
2803 2427 2995 2468 eorum
3024 2413 3282 2483 dogmata
3309 2428 3445 2469 con-

1863 2500 2087 2566 vellere,
2121 2502 2189 2557 ad
2218 2502 2400 2571 ipsum
2434 2516 2653 2573 quoque
2682 2502 2898 2558 Patrem
2925 2503 3034 2558 vim
3066 2514 3121 2559 et
3170 2505 3443 2561 rationem

1863 2594 1985 2663 ejus
2019 2594 2165 2664 quod
2194 2595 2541 2666 signiﬁcatur
2562 2604 2904 2662 convertere,
2934 2597 3196 2668 clareque
3224 2599 3439 2663 dicere,

1865 2684 2035 2759 quod,
2068 2700 2194 2740 cum
2224 2686 2322 2753 ait,
2361 2704 2381 2738 ι
2419 2685 2583 2743 Pater
2611 2687 2668 2742 in
2698 2702 2784 2742 me
2816 2699 2923 2753 est,
2966 2706 2985 2738 ι
3029 2688 3446 2759 intelligendum

1864 2778 1939 2835 sit
1970 2777 2130 2847 quasi
2158 2775 2306 2830 dicat
2329 2791 2422 2846 per
2451 2792 2553 2839 me,
2587 2783 2647 2830 nt
2678 2783 2733 2831 et
2774 2776 2897 2846 ipse
2927 2776 3147 2832 demum
3182 2777 3342 2835 Pater
3370 2779 3445 2835 sit

1864 2878 2105 2933 creatus,
2131 2868 2410 2939 quomodo
2431 2867 2620 2924 stultis
2649 2868 2943 2922 admodum
2974 2868 3287 2925 rationibus
3318 2885 3445 2926 con-

1865 2961 1970 3027 ﬁsi,
2004 2976 2116 3016 non
2147 2975 2375 3015 summa:
2413 2959 2827 3015 damnabuntur
2860 2960 3137 3016 insaniae?
3166 2960 3443 3028 Quemad-

1865 3053 2086 3109 modum
2123 3051 2298 3109 Filius
2329 3053 2576 3123 seipsum
2615 3053 2668 3107 in
2703 3051 2869 3107 Patre
2911 3067 3038 3108 esse
3088 3053 3243 3121 dicit,
3282 3054 3365 3110 sic
3390 3063 3446 3110 et

208 3146 367 3214 λέγειν
398 3148 561 3201 αὐτὸν
594 3148 747 3218 παρά
791 3147 885 3201 τοῦ
927 3148 1177 3216 Πατρὸς,
1220 3149 1450 3220 ἐπείπερ
1483 3143 1624 3202 εἶναι
1662 3146 1761 3218 μὲν

1870 3145 2082 3200 Patrem
2116 3146 2170 3198 in
2199 3144 2380 3215 seipso
2407 3158 2532 3200 esse
2559 3143 2700 3199 divit
2731 3163 2745 3199 :
2781 3144 2931 3215 quod
2965 3145 3009 3200 si
3045 3145 3204 3211 illud,
3245 3147 3300 3200 in
3331 3143 3447 3200 Pa-

209 3239 259 3291 ὲν
284 3238 396 3310 Θεῷ
430 3244 631 3311 φησιν,
665 3240 725 3293 τὸ
772 3241 830 3294 δὲ
874 3240 945 3294 ἐν
980 3238 1134 3304 Θεῷ,
1191 3236 1291 3292 διὰ
1337 3239 1486 3293 Θεοῦ
1528 3238 1764 3298 νοεῖσθαι

206 3328 519 3402 δεδώκαμεν,
558 3330 738 3396 ἔδοξεν
767 3330 853 3396 ἀν,
890 3330 1035 3383 κατά
1061 3348 1126 3398 γε
1150 3329 1210 3383 τὸ
1240 3330 1410 3396 εἰκὸς,
1437 3330 1596 3399 λόγον
1621 3331 1767 3402 ἔχειν

207 3420 372 3485 αὐτοῖς
398 3422 518 3493 οὐχὶ
570 3421 691 3474 λίαν
740 3420 926 3491 ἀμαθῆ
973 3421 1035 3474 τὸ
1082 3420 1469 3492 κακούργημα.
1513 3423 1575 3476 Εἰ
1617 3423 1676 3477 δὲ
1706 3423 1767 3477 τὸ

207 3510 404 3565 κωλῦον
444 3512 601 3565 οὐδὲν
649 3511 743 3564 καὶ
791 3512 941 3581 ἡμᾶς
987 3511 1183 3574 αὐτοὺς
1226 3510 1316 3563 διά
1369 3510 1470 3581 τῆς
1521 3510 1767 3582 μείζονος

204 3601 415 3665 ἀτοπίας
440 3601 769 3672 ἀνατρέπειν
800 3601 1088 3665 ἐθέλοντας
1123 3601 1223 3673 τὴν
1269 3601 1377 3654 τῶν
1407 3602 1535 3673 παρ’
1583 3603 1768 3667 αὐτοῖς

205 3691 468 3761 δογμάτων
502 3691 850 3764 σαθρότητα,
886 3694 978 3747 καὶ
1018 3694 1107 3746 ἐπ’
1139 3693 1302 3747 αὐτὸν
1334 3693 1628 3764 ἀναφέρειν
1674 3694 1767 3748 τὸν

209 3782 408 3854 Πατέρα
438 3784 532 3837 τοῦ
569 3784 972 3855 σημαινομένου
1025 3785 1123 3855 τὴν
1175 3784 1408 3856 δύναμιν
1430 3823 1445 3849 ,
1498 3786 1673 3838 εἰπεῖν
1705 3804 1765 3839 τε

210 3873 395 3941 σαφῶς,
424 3874 498 3938 ὡς
527 3875 765 3946 ἐπείπερ
790 3874 886 3927 καὶ
910 3874 1069 3927 τοῦτό
1103 3892 1271 3946 φησιν
1303 3876 1387 3929 ὅτι
1421 3896 1441 3928 ι
1487 3876 1543 3929 '0
1575 3875 1765 3947 Πατὴρ

208 3963 260 4015 ἐν
289 3964 404 4033 ἐμοί
430 3967 548 4017 ἐστι
567 4003 582 4028 ,
625 3982 644 4014 ι
692 3964 961 4035 προσήκει
993 3966 1136 4019 νοεῖν
1163 4004 1178 4028 ,
1211 3965 1332 4019 ἀντὶ
1362 3965 1455 4019 τοῦ
1494 3965 1570 4020 δι’
1593 3964 1762 4037 ἐμοῦ,

212 4053 287 4109 ἵνα
312 4058 489 4112 λοιπὸν
518 4056 754 4127 γενητὸς
774 4055 1001 4126 γένηται
1034 4056 1128 4108 καὶ
1157 4054 1319 4119 αὐτὸς
1346 4056 1374 4108 ό
1399 4057 1611 4128 Πατὴρ,
1647 4056 1766 4122 πῶς

209 4146 263 4198 οὐ
302 4148 414 4202 λίαν
462 4147 748 4210 ἀσυνέτοις
789 4147 1261 4217 ἐπιθαρσήσαντες
1311 4146 1626 4218 λογισμοῖς,
1666 4149 1766 4219 τὴν

184 4237 287 4291 ἐπ’
321 4236 536 4308 ἀκράτῳ
580 4235 762 4307 μωρίᾳ
797 4235 976 4305 ψῆφον
1016 4235 1374 4303 ἀποίσονταις
1414 4237 1624 4309 ’Ὥσπερ
1655 4237 1767 4309 γὰρ

209 4328 235 4379 ὁ
264 4328 377 4392 Υἱὸς
401 4330 590 4382 ἑαυτὸν
624 4325 763 4382 εἷναί
797 4344 964 4399 φησιν
1006 4328 1064 4380 ἐν
1096 4325 1181 4398 τῷ
1214 4327 1413 4398 Πατρὶ,
1451 4325 1624 4392 οὕτως
1659 4328 1762 4399 ἔφη

212 4415 292 4468 καὶ
320 4415 404 4469 τὸν
441 4416 663 4487 Πατέρα
695 4411 837 4471 εἶναι
874 4418 931 4469 ὲν
965 4414 1147 4486 ἑαυτῷ
1167 4433 1181 4447 ·
1211 4417 1259 4470 εί
1288 4416 1345 4468 δὲ
1377 4415 1454 4486 τῷ
1665 4416 1762 4490 τὸ]

1870 3245 1969 3300 tre,
2008 3252 2101 3305 per
2163 3234 2383 3290 Patrem
2433 3232 2729 3305 signiﬁcat,
2784 3235 2913 3305 quid
2967 3236 3219 3306 prohibet
3264 3235 3449 3292 dicere

1867 3327 2022 3391 illud,
2060 3328 2117 3381 in
2147 3325 2317 3391 Filio,
2368 3342 2492 3382 esse
2545 3326 2968 3398 intelligendum
3017 3328 3176 3398 quasi
3222 3344 3316 3398 per
3349 3326 3448 3381 Fi-

1869 3419 1999 3472 lium
2040 3417 2354 3487 signiﬁcet?
2402 3416 2509 3473 Sed
2553 3418 2699 3475 absit
2732 3425 2792 3472 ut
2825 3418 2881 3472 in
2911 3425 3120 3472 tantam
3156 3432 3265 3472 una
3316 3433 3443 3472 cum

1866 3509 1934 3563 iis
1974 3509 2328 3579 prolabamur
2390 3507 2702 3563 insaniam!
2743 3507 2856 3563 Nec
2893 3509 3039 3562 enim
3091 3522 3191 3578 per
3228 3506 3444 3562 Patrem

1867 3600 2070 3656 factum
2105 3615 2232 3656 esse
2269 3599 2465 3655 Filium
2495 3601 2764 3663 dicemus,
2812 3614 2989 3669 neque
3036 3601 3172 3654 adeo
3211 3614 3308 3668 per
3350 3597 3445 3653 Fi-

1867 3692 2001 3746 lium
2032 3690 2243 3746 factum
2272 3707 2396 3747 esse
2424 3706 2549 3746 eum
2580 3706 2649 3745 ex
2673 3705 2784 3761 quo
2820 3700 2950 3745 sunt
2984 3691 3192 3757 omnia,
3227 3691 3445 3747 Patrem

1866 3796 1931 3836 ac
1964 3779 2136 3837 Deum
2172 3800 2186 3836 :
2231 3781 2327 3837 sed
2357 3780 2630 3838 divinitus
2669 3781 2958 3851 inspirata
2987 3779 3291 3850 Scriptum
3324 3797 3447 3837 mo-

1867 3885 1981 3926 rem
2015 3871 2319 3941 unicuique
2378 3870 2654 3941 tempori,
2715 3883 2988 3940 personat,
3030 3883 3096 3924 ac
3135 3856 3216 3924 rei
3260 3869 3446 3939 potius

1866 3969 2142 4032 aptantes,
2181 3976 2378 4033 purum
2404 3969 2458 4017 et
2498 3960 2842 4031 inculpatum
2881 3959 2950 4017 de
2991 3960 3250 4015 omnibus
3281 3960 3448 4017 rebus

1866 4053 2201 4111 necessariis
2227 4067 2535 4109 sermonem
2573 4060 2841 4108 texemus.
2888 4049 3073 4108 Rebus
3118 4051 3265 4107 enim
3289 4065 3321 4107 e
3356 4051 3448 4106 ni-

1867 4145 1980 4200 hilo
1999 4145 2283 4216 productis
2318 4160 2382 4201 ac
2423 4160 2524 4216 per
2560 4144 2733 4200 Deum
2782 4142 2968 4209 factis,
3001 4142 3278 4212 quomodo
3335 4158 3447 4198 non

1867 4237 2106 4291 maxime
2136 4236 2431 4291 conveniet
2463 4234 2574 4289 dici
2601 4249 2631 4287 a
2651 4233 2814 4288 nobis
2845 4246 2910 4287 ac
2937 4232 3153 4288 censeri
3191 4247 3317 4288 esse
3352 4247 3449 4289 eas

1865 4328 1923 4382 in
1952 4328 2085 4391 Deo,
2116 4327 2168 4382 id
2195 4335 2282 4383 est
2307 4342 2398 4395 per
2426 4325 2593 4381 Deum
2619 4328 2644 4381 7
2675 4326 2737 4379 In
2769 4323 3013 4378 naturali
3048 4337 3182 4379 vero
3222 4323 3446 4386 Filium,

1868 4416 2160 4472 Dominum
2185 4430 2251 4471 ac
2280 4416 2475 4480 Deum,
2507 4422 2561 4471 et
2585 4414 2968 4469 universorum
2991 4411 3266 4483 opiﬁcem,
3310 4428 3448 4469 neu-

208 4506 270 4558 ἐν
290 4508 487 4575 Harp},
511 4509 612 4561 διὰ
645 4508 750 4562 τοῦ
776 4507 1007 4574 Πατρός
1035 4506 1275 4562 νοεῖσθαι
1312 4507 1582 4577 βούλεται,
1625 4509 1677 4562 τί
1704 4510 1764 4563 τὸ

1868 4509 2077 4580 tiquam
2109 4508 2279 4573 istud,
2314 4509 2534 4577 opinor,
2568 4508 2790 4578 proprie
2810 4521 2875 4561 ac
2903 4520 3035 4562 vere
3062 4503 3446 4576 quadraverit,

211 4596 452 4668 ἀπεῖργον
483 4601 680 4662 εἰπεῖν,
712 4599 793 4651 ὅτι
828 4597 922 4651 καὶ
952 4599 1012 4650 τὸ
1040 4598 1110 4651 ἐν
1137 4597 1269 4663 Υιῷ,
1295 4598 1370 4652 δι’
1411 4600 1548 4653 Υἱοῦ
1568 4600 1766 4672 νοηθή-

213 4702 378 4752 astat;
447 4687 587 4743 Ἀλλ’
630 4689 731 4742 οὐκ
782 4690 862 4752 εἰς
906 4688 1065 4742 τοῦτο
1121 4688 1334 4759 μωρίας
1390 4692 1485 4745 σὺν
1535 4692 1768 4755 ἐκείνοις

213 4778 529 4832 κατολισθεῖν
578 4779 880 4849 ἀνεξόμεθα
937 4779 1132 4832 πάλιν·
1198 4779 1320 4833 οὔτε
1375 4780 1481 4853 γὰρ
1533 4783 1623 4836 διά
1669 4782 1765 4837 τοῦ

211 4865 406 4935 Πατρὸς
435 4869 670 4940 ἐροῦμεν
706 4870 1033 4940 πεποιῆσθαι
1062 4869 1153 4923 τὸν
1196 4871 1321 4924 Υίὸν
1343 4911 1359 4937 ,
1401 4871 1526 4926 οὔτε
1560 4874 1668 4945 μὴν
1700 4875 1767 4929 δι’

216 4952 329 5009 Υἰοῦ
367 4962 622 5027 γενέσθαι
665 4962 756 5015 τὸν
807 4963 865 5027 ἐξ
906 4956 967 5016 οὗ
1015 4961 1083 5015 τὰ
1137 4963 1345 5027 πάντα,
1399 4963 1622 5036 Πατέρα
1672 4968 1770 5021 καὶ

1873 4600 1970 4656 sed
2027 4614 2152 4656 esse
2206 4600 2531 4655 naturaliter
2553 4600 2609 4653 in
2637 4598 2821 4665 Patre,
2855 4598 2911 4653 in
2949 4613 3127 4669 e0qne
3153 4600 3445 4658 exsistere.

1873 4708 2110 4764 eumque
2168 4696 2223 4749 in
2276 4694 2460 4765 seipso
2516 4694 2743 4760 habere,
2810 4702 3041 4765 propter
3095 4692 3446 4748 identitatcm

1874 4785 2237 4853 substantiae,
2284 4786 2533 4855 nihilque
2567 4787 2771 4843 habere
2812 4801 3045 4856 prorsus
3095 4783 3447 4852 interjectum

1875 4884 1970 4932 aut
1998 4877 2148 4948 quod
2173 4893 2298 4934 eum
2350 4893 2380 4932 a
2417 4876 2584 4936 Patre
2610 4878 2849 4933 naturali
2886 4876 3212 4932 diversitate
3243 4872 3451 4929 distinv

1873 4977 2028 5041 guaL

212 5042 359 5101 Θεὸν·
403 5051 523 5115 ἔθος
558 5053 617 5106 δὲ
653 5055 852 5124 μᾶλλον
892 5054 954 5107 τὸ
985 5054 1087 5124 τῆς
1130 5053 1488 5120 θεοπνεύστου
1533 5058 1758 5131 Γραφῆς
1797 5062 2016 5133 ἑκάστῳ
2049 5064 2368 5136 πρεπόντως
2393 5061 2848 5136 ὲπιρῤιπτοῦντες
2880 5059 3076 5131 καιρῷ,
3142 5058 3239 5112 καὶ
3275 5073 3449 5128 προσ-

212 5137 368 5212 ώπῳ,
397 5146 490 5198 καί
558 5146 882 5217 πράγματι,
925 5146 1165 5218 καθαρόν
1211 5165 1272 5201 τε
1322 5149 1416 5201 καὶ
1483 5149 1810 5207 ἀνυπαίτιον
1851 5156 1944 5209 τὸν
1976 5156 2063 5224 ἐφ’
2099 5156 2271 5210 ᾶπασι
2310 5159 2423 5221 τοῖς
2467 5156 2789 5225 ἀναγκαίοις
2836 5150 3213 5221 ἐξυφανοῦμεν
3267 5148 3445 5216 λόγον·

213 5234 322 5301 Τοῖς
355 5239 453 5307 μὲν
475 5240 586 5311 γὰρ
612 5241 670 5305 ἐξ
693 5242 793 5295 οὐκ
825 5241 994 5295 όντων
1017 5243 1097 5306 είς
1118 5242 1179 5295 τὸ
1207 5237 1344 5296 εἶναι
1380 5246 1763 5315 παρενεχθεῖσι
1803 5250 1900 5303 καὶ
1924 5251 2175 5318 γεγονόσι
2204 5251 2292 5305 διά
2330 5250 2486 5315 Θεοῦ,
2523 5250 2642 5313 πῶς
2666 5249 2767 5303 οὐκ
2830 5245 2896 5300 ἂν
2942 5244 3180 5315 μάλιστα
3248 5240 3450 5311 πρέποι

212 5324 265 5377 τὸ
291 5329 518 5383 νοεῖσθαί
564 5348 622 5383 τε
695 5332 791 5387 καὶ
836 5331 1091 5400 λέγεσθαι
1142 5333 1274 5406 παρ’
1326 5334 1484 5403 ἡμῶν
1527 5336 1604 5400 ὡς
1656 5339 1794 5393 εἰσιν
1831 5340 1902 5394 ἐν
1927 5341 2085 5407 Θεῷ,
2140 5343 2287 5396 τοῦτ’
2356 5343 2470 5395 ἔστι
2520 5341 2619 5395 διὰ
2650 5338 2795 5393 Θεοῦ
2822 5355 2843 5403 ;
2900 5337 2991 5408 Τῷ
3032 5352 3095 5404 γε
3157 5332 3263 5404 μὴν
3310 5330 3453 5385 κατὰ

214 5417 365 5484 φύσιν
392 5422 509 5493 Υἱῷ
534 5424 632 5476 καὶ
673 5425 856 5496 Κυρίῳ
884 5427 976 5480 καὶ¹
1004 5425 1144 5495 Θεῷ,
1184 5427 1280 5480 καὶ
1306 5427 1623 5501 δημιουργῷ
1650 5431 1760 5485 τῶν
1797 5433 1935 5488 ὅλων
1959 5475 1974 5499 ,
2015 5437 2115 5490 οὐκ
2144 5436 2211 5490 ἂν
2236 5478 2249 5502 ,
2295 5431 2448 5507 οἶμαι
2469 5475 2484 5498 ,
2517 5435 2676 5488 τοῦτο
2742 5433 2948 5504 κυρίως
2981 5448 3042 5484 τε
3078 5429 3172 5483 καὶ⁹
3236 5426 3452 5495 ἀληθῶς

212 5510 522 5579 ἁρμόσειεν,
604 5512 739 5568 εἶναι
791 5516 847 5569 δὲ
902 5516 1145 5585 φυσικῶς
1200 5517 1259 5570 ὲν
1311 5519 1514 5590 Πατρὶ,
1563 5521 1657 5572 καὶ
1737 5524 2067 5595 ἐνυπάρχειν
2107 5526 2259 5596 αὐτῷ
2288 5566 2301 5590 ,
2347 5525 2492 5594 ἔχειν
2539 5540 2599 5577 τε
2662 5522 2824 5577 αὐτὸν
2870 5523 2928 5574 ὲν
3003 5517 3224 5590 ἑαυτῷ,
3268 5516 3358 5569 διὰ
3393 5514 3456 5566 τὸ

213 5603 264 5653 ἐν
313 5604 497 5666 οὐσίας
553 5607 843 5677 ταυτότητι
887 5608 1204 5675 φαίνεσθαι,
1258 5609 1352 5663 καὶ
1404 5611 1569 5682 μηδὲν
1623 5611 1768 5683 ἔχειν
1806 5616 2089 5679 παντελῶς
2113 5618 2175 5670 τὺ
2200 5615 2537 5687 μεσολαὸοὖν
2567 5616 2661 5669 καὶ
2681 5615 2967 5685 διατέμνον
3023 5617 3104 5677 εἰς
3156 5608 3455 5679 ἑτερότηῖα

217 5697 453 5766 ρυσικήν.

274 5791 380 5845 Καὶ
413 5793 495 5847 ὅτι
526 5791 629 5860 μὲν
666 5793 796 5857 ἴσως
836 5798 954 5859 τοῖς
984 5797 1403 5872 εὐμαθεστέροις
1429 5840 1445 5868 ,
1475 5802 1550 5867 ὣς
1578 5803 1641 5873 γέ
1673 5821 1764 5874 μοι

1945 5799 2071 5856 llaec
2107 5804 2255 5854 recte
2312 5795 2534 5867 quidem
2564 5811 2594 5850 a
2623 5813 2710 5855 me
2746 5799 2893 5855 dicta
2940 5813 3064 5854 esse
3107 5791 3364 5853 studiOsi,
3396 5797 3455 5846 ut

489 5884 764 5946 PATROL.
808 5890 920 5948 Gn.
969 5892 1224 5955 LXXIV.

3055 5886 3089 5947 8
