3992 6316
491 365 599 420 2'55

1519 360 1577 417 S.
1618 360 1890 417 CYRILLI
1920 357 2391 417 ALEXANDRINI
2425 358 2745 416 ARCHIEP.

3641 361 3750 417 9.56

492 495 637 544 reor,
689 478 1031 549 putaverint,
1099 492 1442 548 nequaquam
1499 486 1679 533 tamen
1732 477 2060 533 assentietur

2174 477 2446 545 φαίνεται,
2480 477 2660 541 καλῶς
2697 477 2964 548 διείρηται
2994 474 3193 542 δόξειεν
3227 474 3314 539 ἂν,
3354 473 3659 527 συναινέσει
3688 491 3754 540 γε

492 571 865 633 adversarius,
911 569 1009 623 sed
1061 571 1316 640 repetitis
1351 571 1417 626 iis
1440 586 1563 640 qua:
1604 570 1876 640 principio
1905 570 2071 640 796

492 663 696 727 attulit,
739 662 885 716 dicet
908 663 981 715 ita
1017 659 1236 717 Patrem
1285 677 1410 717 esse
1471 663 1528 716 in
1558 660 1715 724 Filio,
1765 661 1932 717 sicuti
1965 677 2067 716 nos

491 754 546 806 in
579 753 720 822 ipso.
774 753 915 818 Quid
947 767 1079 823 ergo
1115 754 1223 822 (sic
1253 755 1398 808 enim
1429 765 1480 809 te
1525 754 1618 824 qui
1659 762 1769 808 tam
1801 753 1990 824 putida
2015 761 2070 809 et

486 845 751 915 juvenilia
781 846 952 900 sentis
983 859 1049 899 ac
1071 845 1213 900 dicis
1239 847 1574 917 compellare
1601 845 1816 917 juvat)?
1839 854 1952 900 tum
1987 846 2068 902 sic

490 935 614 992 esse
634 935 832 991 Filium
857 937 912 991 in
969 936 1132 992 Patre
1161 936 1322 1003 dicis,
1373 938 1832 1007 quemadmodum
1872 952 1973 992 nos
2012 937 2068 992 in

491 1031 655 1102 ipso?
681 1031 969 1086 Praeclare.
1003 1029 1072 1084 At
1095 1030 1292 1100 quidni
1315 1028 1522 1085 eisdem
1567 1044 1668 1084 nos
1698 1029 1922 1100 gloriari
1951 1044 2067 1084 ser-

490 1123 770 1186 monibus,
791 1122 992 1192 quibus
1023 1131 1080 1176 et
1119 1121 1238 1191 ipse
1267 1119 1548 1184 Christus,
1595 1129 1808 1175 naturae
1866 1128 2070 1174 nostra;

489 1217 631 1269 ratio
672 1214 918 1285 patitur?
945 1215 1066 1282 Ipse
1096 1212 1242 1268 enim
1287 1213 1418 1281 quia
1453 1220 1537 1267 est
1565 1212 1619 1266 in
1646 1211 1825 1273 Patre,
1869 1219 1923 1266 et
1971 1211 2070 1263 ha-

489 1307 580 1362 bet
612 1307 666 1360 in
700 1306 882 1376 seipso
913 1304 1159 1368 Patrem,
1213 1306 1421 1375 quippe
1472 1303 1567 1373 qui
1610 1303 1731 1373 ejus
1785 1303 1972 1372 imago
2015 1310 2069 1356 et

488 1399 779 1452 character
804 1397 876 1451 sit
908 1413 1001 1466 per
1033 1397 1220 1450 omnia
1245 1397 1454 1450 idcirco
1479 1396 1716 1451 similis:
1753 1412 1770 1446 ι
1795 1394 1899 1460 Qui
1931 1394 2069 1448 vidit

488 1504 596 1552 me,
634 1487 836 1557 inquit.
863 1487 995 1540 vidit
1025 1495 1078 1540 et
1125 1487 1366 1542 Patrem.
1419 1486 1532 1557 Ego
1593 1496 1648 1541 et
1694 1485 1858 1540 l’ater
1897 1500 2066 1539 unum

488 1593 700 1632 sumus.
747 1597 765 1628 ›
796 1575 904 1632 Nos
928 1585 1132 1641 autem,
1173 1577 1368 1631 amabo
1388 1589 1462 1640 te,
1497 1579 1545 1632 si
1575 1576 1657 1631 sic
1689 1567 1885 1630 sumus
1924 1576 1977 1629 in
1997 1589 2068 1648 _co

485 1679 541 1722 et
572 1671 690 1739 ipse
738 1669 790 1722 in
847 1669 1012 1724 nobis
1041 1676 1148 1731 est,
1185 1676 1246 1723 ut
1284 1669 1402 1738 ipse
1425 1669 1685 1724 nimirum
1728 1671 1782 1724 in
1817 1669 1977 1724 Patre
2012 1677 2070 1722 et

485 1763 648 1818 Pater
679 1764 732 1817 in
769 1764 911 1832 ipso,
961 1761 1152 1832 quidni
1190 1769 1373 1818 erecta
1405 1762 1618 1818 cervice
1657 1777 1721 1818 ac
1754 1763 1930 1827 vultu,
1971 1776 2068 1832 pa-

2175 569 2281 639 μὴν
2307 571 2336 621 6
2367 569 2433 622 δι’
2467 569 2717 632 ἐναντίας
2752 569 3037 638 οὐδαμῶς·
3071 571 3189 640 ὲρεῑ
3218 568 3275 622 δὲ
3309 567 3372 636 δὴ
3411 567 3611 633 πάλιν,
3661 567 3755 621 16v

2171 662 2229 715 ὲν
2263 662 2461 731 ἀρχαῖς
2487 661 2975 732 είσκεκομισμένον
3015 660 3450 732 άναμασὼμενος
3477 659 3636 727 λόγον
3665 659 3752 713 ὃτι

2169 753 2344 818 οὕτως
2373 755 2520 807 ἐστὶν
2559 756 2586 806 6
2616 753 2806 824 Πατὴρ
2849 755 2906 806 ὲν
2957 753 3035 822 τῷ
3083 751 3230 822 Υίῷ,
3281 751 3473 820 ὥσπερ
3503 751 3665 822 ἡμεῖς
3695 751 3754 802 ὲν

2169 845 2338 917 αὐτῷ.
2368 845 2432 898 Τί
2461 840 2553 899 οὖν
2585 845 2726 915 ἄρα;
2756 845 3054 914 (φήσαιμεν
3078 842 3144 897 ἂν
3165 843 3264 894 οὐκ
3295 842 3571 904 ἀσυνέτως
3598 840 3758 910 ἐλέγ-

2170 953 2380 1008 χοντες,
2423 935 2601 1007 σαθρά
2631 953 2688 988 τε
2732 937 2828 990 xui
2859 933 3194 1008 μειρακιώδη
3231 933 3536 1004 φρονοῦντα
3567 951 3628 987 τε
3657 935 3760 988 xui

2171 1027 2421 1099 λέγοντα)
2450 1027 2624 1090 οὕτως
2651 1022 2792 1080 εἶναι
2818 1029 2924 1098 φὴς
2967 1026 3058 1081 16v
3091 1027 3220 1079 Υἰὺν
3252 1027 3310 1079 ἐν
3350 1026 3547 1097 Πατρὶ,
3578 1025 3758 1079 καθά-

2171 1138 2278 1190 περ
2306 1121 2456 1191 ἡμᾶς
2481 1121 2539 1172 ἐν
2565 1119 2714 1189 αὑτῷ
2739 1137 2754 1187 ;
2796 1119 3012 1182 Καλῶς.
3045 1116 3181 1172 Εἶτα
3210 1119 3261 1173 τί
3295 1118 3382 1190 δὴ,
3429 1118 3566 1188 πρὸς
3590 1117 3758 1171 τοῦτο

2171 1209 2551 1281 ὲροῦμεν,·μὴ
2583 1212 2696 1273 τοῖς
2731 1209 2864 1274 ἴσοις
2894 1211 3042 1280 ἡμᾶς
3071 1207 3756 1280 ὲπισεμνύνεσθαιλὸγοις

2169 1303 2229 1356 16
2260 1304 2361 1372 τῆς
2391 1303 2666 1372 ἡμετέρας
2713 1302 2927 1372 φύσεως
2957 1303 3144 1374 ἐφίησι
3193 1302 3392 1373 μέτρον
3412 1342 3426 1367 ,
3459 1297 3656 1372 οἷσπερ
3685 1301 3755 1355 ἂν

2169 1396 2344 1467 ὁρῷτο
2375 1397 2470 1449 xui
2499 1397 2661 1460 αὐτὸς
2695 1398 2723 1448 6
2749 1395 3020 1466 Χριστός;
3051 1395 3223 1458 Αὐτὸς
3251 1395 3350 1464 μὲν
3372 1394 3480 1463 γάρ
3515 1394 3751 1462 ἐπείπερ

2171 1489 2319 1542 ἐστὶν
2353 1489 2409 1541 ὲν
2439 1487 2647 1558 Πατρὶ,
2683 1487 2797 1558 ἔχει
2828 1487 2886 1541 δὲ
2927 1487 2985 1539 ὲν
3031 1485 3207 1556 ἐαυτῷ
3239 1486 3330 1538 τὸν
3362 1484 3582 1555 Πατέρα
3603 1525 3618 1547 ,
3654 1485 3754 1538 ᾶτε

2167 1580 2231 1652 δὴ
2256 1580 2351 1633 xui
2381 1579 2544 1632 εἰκὼν
2569 1578 2733 1633 αὐτοῦ
2774 1579 2870 1634 xui
2896 1577 3184 1650 χαρακτὴρ
3217 1578 3637 1648 ἀπαράλλακτος
3661 1576 3754 1630 διὰ

2167 1671 2325 1723 τοῦτο
2357 1669 2619 1740 ὑπάρχων
2643 1685 2657 1699 ⁸
2696 1688 2715 1720 ι
2761 1669 2820 1724 Ὀ
2855 1668 3116 1740 ἑωρακὼς
3149 1668 3270 1739 ἐμὲ,
3315 1669 3503 1737 φησιν,
3536 1665 3751 1737 ἑώρακε

2167 1761 2258 1816 τὸν
2296 1761 2516 1832 Πατέρα
2549 1777 2561 1793 '
2600 1759 2710 1828 ἐγὼ
2751 1761 2845 1814 καὶ
2872 1763 2900 1814 6
2953 1761 3138 1831 Πατὴρ
3167 1760 3225 1812 ἓν
3259 1761 3448 1829 ἐσμεν.
3486 1777 3505 1810 ι
3559 1759 3752 1828 Ἡμεῖς

484 1858 593 1911 lam
619 1872 682 1910 ac
707 1871 901 1911 secure
929 1855 1166 1910 dicimus
1192 1871 1204 1904 :
1233 1853 1346 1923 Ego
1380 1854 1436 1908 in
1461 1852 1706 1919 Christo,
1734 1865 1787 1908 et
1816 1853 2060 1909 Christus

2168 1853 2259 1918 δὲ,
2287 1853 2409 1906 είπέ
2445 1870 2574 1924 μοι,
2619 1855 2666 1906 εί
2702 1852 2874 1916 οὕτως
2918 1853 3084 1923 ἐσμὲν
3122 1854 3179 1906 ὲν
3219 1851 3366 1922 αὐτῷ
3392 1894 3406 1917 ,
3453 1851 3649 1928 ἔχομέν
3688 1865 3752 1903 τε

485 1949 543 2003 in
575 1964 658 2002 me
685 1947 806 2002 est?
838 1946 940 2012 Qui
979 1944 1114 2000 vidit
1146 1960 1251 2009 me,
1286 1944 1424 1998 vidit
1452 1952 1504 1998 et
1534 1944 1841 1998 Christum.
1879 1943 1992 2008 Ego
2013 1953 2069 1998 et

484 2039 738 2093 Christus
762 2052 930 2092 unum
962 2038 1192 2090 'sumus.
1229 2033 1371 2100 Quid
1402 2049 1572 2104 porro
1606 2034 1737 2089 hinc
1767 2035 2070 2104 sequetur?

484 2129 678 2196 Nemo,
714 2135 773 2182 ut
803 2128 1020 2198 opinor,
1056 2127 1294 2196 idipsum
1335 2125 1404 2181 de
1433 2133 1587 2196 patre
1639 2125 1823 2181 dicere
1859 2125 2070 2181 verebi-

484 2231 598 2287 tur,
639 2239 658 2272 ρ
701 2219 811 2291 Ego
842 2228 898 2273 et
927 2227 1084 2290 pater
1120 2234 1288 2272 unum
1321 2208 1534 2273 sumus.
1568 2238 1586 2271 ι
1634 2217 1768 2272 Nam
1812 2217 1856 2274 si
1897 2233 2065 2272 unum

486 2325 571 2370 est
604 2323 757 2385 pater
781 2329 903 2369 cum
939 2312 1071 2377 filio,
1109 2310 1388 2382 quomodo
1417 2325 1526 2364 non
1563 2309 1791 2377 aequalis
1820 2310 1930 2364 erit.
1962 2308 2064 2378 ipsi

485 2408 656 2474 Patri,
710 2421 833 2460 cum
883 2421 980 2476 per
1028 2405 1211 2458 omnia
1265 2402 1466 2458 similis
1494 2402 1674 2472 imago
1715 2403 1788 2458 sit
1818 2401 1967 2454 nulla
1999 2415 2063 2454 ex

484 2507 636 2571 parte
660 2497 959 2553 evariantis
1023 2495 1301 2563 imaginis,
1341 2493 1394 2547 id
1423 2499 1508 2548 est
1531 2491 1696 2546 Filii?
1757 2491 1896 2558 Quis
1930 2505 2063 2562 ergo

483 2605 550 2644 eo
580 2587 852 2643 vecordiae
896 2587 1114 2639 labetur
1177 2597 1441 2654 unquam,
1488 2592 1549 2638 ut
1595 2583 1780 2639 dicere
1819 2583 2063 2638 audeat:

483 2681 585 2747 Qui
616 2679 816 2734 viderit
854 2693 938 2732 me
960 2717 973 2740 ,
1007 2677 1207 2732 viderit
1239 2685 1295 2733 et
1325 2677 1643 2732 Christum?
1682 2676 1795 2747 Ego
1823 2683 1878 2730 et
1904 2675 2064 2730 Chri-

483 2780 604 2828 stus
633 2785 802 2825 unum
832 2769 1064 2825 sumus?
1093 2766 1230 2822 Nam
1260 2769 1304 2824 si
1330 2783 1425 2838 per
1455 2767 1833 2823 habitudinem
1861 2782 1924 2822 ac
1952 2782 2062 2821 non

482 2877 582 2934 per
608 2871 858 2916 naturam
911 2859 1112 2914 Filium
1142 2874 1266 2915 esse
1298 2861 1352 2914 in
1403 2858 1564 2914 Patre
1601 2858 1888 2924 concedis,
1923 2867 1977 2914 et
2007 2859 2063 2913 in

481 2952 664 3021 seipso
684 2952 888 3005 habere
906 2948 1145 3014 Patrem,
1174 2949 1454 3018 similique
1493 2947 1655 3003 modo
1679 2963 1782 3004 nos
1809 2949 1866 3004 in
1903 2949 2064 3004 Chri-

480 3049 590 3105 sto,
643 3049 699 3095 et
746 3039 1003 3094 Christus
1064 3037 1118 3091 in
1163 3037 1328 3092 nobis
1389 3045 1474 3092 est
1507 3054 1518 3090 :
1556 3037 1791 3107 primum
1839 3038 2062 3109 quidem

492 3131 684 3186 eodem
713 3145 825 3200 quo
863 3144 966 3183 nos
1017 3128 1217 3183 ordine
1261 3127 1436 3183 Filius
1474 3129 1827 3195 censebitur;
1865 3129 2063 3186 deinde

481 3223 620 3278 nihil
651 3220 857 3276 vetabit
891 3218 1190 3289 quominus
1226 3219 1390 3272 etiam
1425 3219 1604 3289 ipsum
1633 3258 1648 3284 ,
1701 3219 1747 3274 si
1781 3219 2016 3278 velimus
2040 3263 2057 3290 ,

477 3319 856 3383 prmtiergresSI
899 3310 1134 3377 Filium,
1183 3318 1243 3364 ut
1292 3311 1386 3380 qui
1448 3310 1774 3380 interiectus
1821 3313 1927 3377 sit,
1990 3313 2059 3369 ad

480 3407 656 3474 ipsum
687 3403 900 3458 Patrem
932 3409 1081 3457 recta
1105 3401 1516 3472 quodammodo
1542 3402 1855 3470 tendamus,
1899 3404 2059 3474 eique

478 3511 583 3550 nos
612 3505 718 3550 tam
767 3493 1010 3566 perfecte
1046 3503 1100 3550 et
1155 3504 1350 3550 exacte
1381 3496 1720 3552 assimilatos
1746 3512 1872 3553 esse
1908 3497 2060 3552 dica-

480 3601 624 3651 mus,
659 3593 718 3638 ut
745 3585 880 3639 nihil
902 3586 1045 3641 inter
1075 3600 1176 3641 nos
1214 3597 1267 3640 et
1296 3586 1450 3640 lllum
1474 3595 1734 3657 appareat
1779 3588 2060 3644 discrimi-

479 3680 585 3735 nis.
617 3679 796 3735 Unum
826 3679 1032 3750 quippe
1060 3693 1184 3735 esse
1217 3678 1478 3750 quiddam
1519 3695 1645 3736 cum
1683 3682 1892 3752 aliquo,
1917 3681 2062 3737 hanc

477 3771 586 3824 vim
615 3779 669 3826 et
696 3771 1156 3842 significationem
1199 3771 1384 3827 habet.
1415 3770 1696 3842 Numquid
1729 3789 1860 3844 ergo
1903 3774 2059 3830 vide-

477 3864 548 3918 tis
581 3871 842 3934 quantam
905 3863 960 3917 in
1013 3863 1302 3917 stultitiam
1369 3869 1424 3918 et
1485 3863 1820 3933 impietatem
1866 3880 2058 3920 eorum

475 3962 691 4009 tuentes
725 3952 1048 4017 ceciderint,
1081 3959 1134 4007 et
1168 3959 1376 4022 quanta
1407 3967 1468 4007 se
1501 3953 1660 4007 nobis
1690 3953 2056 4008 absurdarum

475 4045 756 4100 rationum
805 4043 966 4099 turba
993 4041 1618 4114 ingesserinQuaenam
1668 4042 1836 4113 igitur
1888 4059 2056 4100 causa

475 4134 551 4191 sit
583 4152 682 4191 cur
714 4135 830 4190 haec
857 4135 1040 4189 dicant
1091 4141 1261 4204 atque
1300 4132 1662 4200 contendant,
1697 4143 1919 4205 tamque
1960 4134 2061 4188 fri-

474 4225 616 4281 volis
646 4226 992 4281 sermonibus
1022 4225 1304 4288 innatent,
1341 4241 1612 4295 exponam
1647 4241 1865 4282 rursus.

2169 1946 2334 2000 αὑτὸν
2362 1948 2418 1999 ὲν
2457 1947 2702 2009 ἑαυτοῖς,
2752 1945 2942 2017 ὥσπερ
2987 1941 3078 2000 οὖν
3123 1945 3319 2016 ἀμέλει
3355 1945 3449 1998 xui
3479 1944 3643 2007 αὐτὸς
3691 1944 3751 1996 ὲν

2167 2039 2348 2110 Πατρ“ι
2379 2039 2475 2091 xui.
2513 2037 2540 2088 6
2569 2038 2759 2108 Πατὴρ
2796 2038 2854 2091 ὲν
2886 2037 3054 2107 αὐτῷ,
3085 2036 3228 2090 διατί
3263 2037 3336 2107 μὴ
3365 2037 3576 2107 μακρὸν
3613 2038 3750 2091 ἀνα-

2168 2131 2436 2194 τείνοντες
2469 2129 2560 2184 τὸν
2591 2129 2797 2200 αὐχένα
2825 2129 2920 2182 καὶ
2950 2128 3153 2200 ὑψηλὸν
3185 2129 3296 2191 τοῖς
3336 2127 3614 2182 ὑπαντῶσι
3640 2128 3753 2181 δει-

2169 2225 2391 2288 κνύντες
2460 2223 2522 2275 16
2584 2222 2912 2292 πρόσωπον,
2978 2219 3118 2290 μετά
3166 2218 3482 2290 παῤῥησίας
3533 2218 3746 2288 φαμέν

2180 2316 2320 2386 Ἐγὼ
2349 2319 2406 2368 ὲν
2438 2314 2516 2385 τῷ
2543 2313 2790 2386 Χριστῷ,
2827 2312 2922 2365 xui
2948 2313 2975 2365 6
3010 2311 3244 2383 Χριστὸς
3273 2313 3332 2364 ὲν
3367 2309 3517 2382 ἐμοί·
3557 2310 3614 2362 '0
3648 2310 3752 2362 ἐω-

2169 2406 2352 2480 ριικὼς
2385 2405 2485 2476 ἐμὲ
2510 2444 2524 2469 ,
2570 2404 2780 2476 ἑώρακε
2821 2403 2912 2456 τὸν
2959 2403 3215 2474 Χριστόν·
3259 2401 3401 2470 Ἐγὼ
3430 2403 3524 2456 xui
3554 2403 3582 2454 6
3613 2402 3751 2472 Χρι-

2168 2499 2289 2562 στὸς
2318 2498 2378 2550 ἓν
2407 2499 2611 2566 ὲσμεν;
2639 2491 2773 2549 Εἶτα
2801 2495 2853 2548 τί
2879 2495 2939 2548 16
2974 2493 3262 2562 ὲντεῦθενς
3305 2495 3417 2547 Οὐκ
3447 2493 3536 2559 ἂν,
3570 2489 3764 2570 οἶμαιι

2164 2589 2248 2652 τὶς
2279 2585 2646 2641 καταδείσειεν
2671 2584 2866 2655 ὀρθῶς,
2892 2584 3002 2638 οὐδ’
3034 2585 3100 2638 ἂν
3129 2587 3462 2656 κατοκνῆσαι
3505 2585 3746 2655 πρεπόνο

2163 2694 2272 2740 τως
2317 2674 2475 2729 τοῦτο
2529 2675 2664 2728 αὐτὸ
2710 2674 2876 2744 φάναι
2924 2675 3205 2746 τολμήσας
3247 2676 3342 2727 xui
3392 2674 3520 2746 περὶ
3577 2673 3749 2728 αὑτοῦ

2165 2764 2350 2818 λοιπὸν
2389 2766 2567 2818 εἰπεῖν
2604 2764 2696 2816 τοῦ
2727 2765 2942 2834 Πατρός
2967 2779 2978 2792 ·
3021 2783 3040 2816 ι
3083 2763 3224 2832 Ἐγὼ
3270 2765 3364 2818 xui
3393 2766 3420 2816 6
3449 2764 3644 2836 Πατὴρ
3690 2764 3749 2816 ἕν

2165 2858 2352 2928 ἐσμεν.
2389 2875 2408 2908 ›
2443 2855 2506 2910 El
2543 2856 2653 2926 γάρ
2687 2855 2745 2908 ἓν
2799 2857 2948 2908 ὲστιν
2978 2855 3006 2907 6
3036 2856 3227 2926 Πατὴρ
3279 2855 3416 2927 πρὸς
3455 2857 3549 2910 τὸν
3591 2856 3745 2922 Υίδν,

2165 2949 2283 3012 πῶς
2317 2948 2416 3002 οὐκ
2443 2946 2592 3018 αὑτῷ
2619 2946 2805 3000 λοιπὸν
2837 2947 3177 3018 ίσομοιρήσει
3224 2946 3302 3018 τῷ
3333 2948 3531 3019 Πατρὶ,
3581 2946 3748 3000 εἰκὼν

2163 3041 2580 3114 ἀπαράλλακτος
2611 3039 3034 3110 ἀπαραλλάκτου
3074 3040 3314 3109 γεγονὼς
3340 3041 3569 3109 εἰκόνος,
3599 3040 3748 3094 τοῦτ’

2165 3137 2280 3191 ἐστι
2309 3135 2404 3190 τοῦ
2430 3134 2561 3188 Υἱοῦ
2588 3151 2602 3201 ;
2633 3135 2728 3198 Τίς
2757 3131 2851 3188 οὖν
2881 3135 2989 3206 ἄρα
3021 3135 3157 3206 πρὸς
3187 3134 3345 3187 τοῦτο
3377 3135 3572 3205 μανίας
3609 3152 3747 3188 κατ-

2163 3227 2445 3300 οιχήσεταί
2487 3244 2617 3280 ποτε
2641 3265 2656 3291 ,
2689 3227 2765 3290 ὼς
2805 3227 3075 3297 τολμῆσαι
3108 3226 3288 3295 λέγειν
3313 3244 3327 3258 ·
3378 3228 3434 3280 '0
3483 3226 3752 3297 ἑωρακὼς

2167 3321 2288 3392 ἐμὲ,
2333 3318 2547 3390 ἑώρακε
2593 3319 2682 3372 τὸν
2735 3319 2969 3390 Χριστόν
2994 3336 3006 3349 ·
3067 3318 3208 3388 Ἐγὼ
3235 3319 3331 3372 xui
3361 3322 3387 3373 6
3413 3320 3650 3390 Χριστὸς
3689 3319 3750 3372 ’ἐν

2167 3414 2333 3482 ἐσμεν
2356 3430 2370 3477 ;
2395 3412 2458 3464 Ei
2485 3412 2595 3482 γὰρ
2631 3412 2895 3481 σχετικῶς
2925 3413 3019 3466 καὶ
3047 3413 3108 3466 οὐ
3152 3413 3294 3466 κατὰ
3343 3413 3508 3483 φύσιν
3541 3413 3748 3466 ἀπονέ-

2170 3523 2291 3576 μεις
2315 3504 2392 3574 τῷ
2422 3504 2538 3574 Υἱῷ
2563 3503 2623 3557 16
2643 3500 2784 3557 εἶναι
2811 3505 2868 3558 ὲν
2899 3504 2977 3575 τῷ
3001 3505 3196 3577 Πατρὶ,
3227 3506 3368 3577 ἔχειν
3397 3523 3458 3560 τε
3483 3508 3540 3559 ὲν
3565 3506 3748 3577 ἑαυτῷ

2165 3593 2258 3645 16v
2296 3592 2545 3662 Πατέρα,
2585 3591 2728 3645 οὓτω
2762 3593 2857 3646 xui
2896 3593 3055 3664 ἡμεῖς
3086 3595 3144 3647 ὲν
3169 3595 3428 3667 Χριστῷ,
3468 3597 3563 3649 xui
3609 3597 3748 3665 Χρι-

2168 3682 2292 3745 στὸς
2323 3683 2380 3735 ἐν
2424 3683 2556 3753 ἡμῖν
2578 3697 2589 3710 ·
2621 3682 2836 3754 πρῶτον
2869 3683 2967 3753 μὲν
2997 3687 3055 3739 ὲν
3091 3683 3242 3749 τάξει
3268 3689 3333 3756 τῇ
3365 3684 3503 3739 καθ’·
3530 3687 3680 3756 ἡμᾶς
3718 3689 3748 3740 6

2166 3773 2314 3836 Υἱὸς,
2350 3767 2468 3826 εἶτα
2496 3773 2557 3826 16
2579 3773 2789 3830 κωλύον
2815 3775 2968 3830 οὐδὲν
2992 3776 3408 3848 παρελάσαντας
3436 3779 3531 3831 xui
3554 3778 3742 3843 αὑτὸν,

2165 3865 2215 3916 εί
2250 3863 2572 3934 βουλοίμεθα
2599 3905 2613 3932 ,
2660 3865 2751 3918 τὸν
2786 3866 2914 3920 Υίὸν
2937 3905 2952 3931 ,
2995 3867 3072 3931 ὼς
3119 3867 3205 3921 διὰ
3261 3869 3430 3938 μέσου
3466 3868 3741 3939 κείμενον,

2162 3956 2250 4008 ἐπ’
2277 3955 2439 4008 αὐτὸν
2460 3955 2650 4026 ῶσπερ
2678 3956 3032 4028 εὐθυδρομεῖν
3065 3957 3155 4011 τὸν
3181 3959 3422 4030 Πατέρα,
3453 3957 3550 4010 xui
3592 3957 3744 4027 αὐτῴ

2164 4047 2624 4118 προσωμοιῶσθαι
2667 4047 2847 4117 λέγειν
2889 4051 3040 4120 ἡμᾶς
3091 4048 3266 4112 οὕτως
3327 4049 3614 4120 ἀκριϐῶς,
3669 4050 3744 4113 ὠς

2162 4137 2331 4209 μηδὲν
2365 4137 2597 4210 ὁρᾶσθαι
2625 4140 2688 4192 16
2713 4138 3051 4194 διαλλάττον.
3081 4141 3154 4193 T6
3198 4141 3306 4212 γάρ
3342 4141 3400 4193 ἓν
3430 4137 3571 4195 εἶναι
3603 4142 3742 4210 πρός

2159 4247 2210 4284 τι
2241 4230 2530 4300 λέγεσθαι,
2573 4232 2832 4304 τοιαύτην
2871 4231 2937 4286 ἂν
2988 4231 3100 4302 ἔχοι
3152 4232 3250 4302 τὴν
3304 4232 3559 4304 δύναμιν.
3611 4229 3739 4303 Ἆρ’

473 4315 568 4376 οὖν
589 4319 687 4390 οὐχ
719 4319 882 4389 ὁρᾶτε
911 4319 992 4379 είς
1040 4319 1174 4389 ὅσην
1223 4319 1406 4382 αὐτοῖς
1454 4318 1748 4372 ἀσυνεσίαν
1806 4336 1866 4372 τε
1912 4321 2048 4392 ὁμοῦ
2089 4324 2186 4377 xui
2231 4324 2488 4379 ἀσέϐειαν
2531 4323 2855 4378 κατώλισθε⁹
2882 4323 2952 4377 τά
2991 4325 3354 4396 φρονήματα,
3427 4327 3523 4378 xui
3600 4325 3743 4378 ὅσων

472 4415 606 4485 ἡμῖν
656 4412 930 4483 λογισμῶν
971 4413 1189 4466 ἀτόπων
1236 4414 1606 4484 εἰσπεπήδηκε
1640 4412 1901 4484 θόρυ6ος;
1955 4417 2052 4480 Τίς
2090 4414 2184 4472 οὖν
2222 4421 2255 4491 ἡ
2287 4421 2561 4490 πρόφασις
2614 4421 2708 4472 τοῦ
2749 4418 2924 4474 ταῦτα
2955 4420 3137 4489 λέγειν
3175 4421 3270 4473 καὶ
3349 4421 3739 4488 διατείνεσθαι,

471 4505 570 4558 xui
599 4507 710 4567 τοῖς
755 4503 927 4566 οὕτως
971 4503 1158 4568 ἑώλοις
1198 4505 1554 4576 ἐπινήχεσθαι
1604 4505 1784 4573 λόγοις
1831 4507 2048 4573 αὐτοὺς,
2089 4510 2198 4582 ἐρῶ
2231 4512 2293 4584 δὴ
2326 4512 2508 4566 πάλιν.

546 4596 702 4652 Unus
729 4599 808 4651 eis
838 4611 1042 4665 scopus
1093 4596 1410 4666 propositus
1441 4605 1548 4662 est,
1591 4595 1790 4652 Filium
1821 4613 1851 4652 a
1875 4598 2056 4656 Patris

2232 4603 2444 4666 Σκοπὸς
2491 4597 2571 4666 εἷς
2626 4601 2849 4667 αὐτοῖς,
2901 4602 3180 4673 ἀλλότριόν
3234 4619 3293 4655 τε
3350 4605 3445 4658 xui
3505 4603 3740 4674 ἔκφυλον

473 4691 784 4748 substantia
831 4703 1057 4758 prorsus
1110 4689 1425 4746 excludere.
1471 4689 1597 4746 Haec
1637 4694 1784 4747 enim
1826 4708 1856 4746 a
1891 4693 2054 4749 nobis

472 4798 602 4838 vere
638 4783 768 4842 dici,
795 4797 860 4835 ex
886 4781 1244 4850 sequentibus
1272 4791 1325 4836 et
1356 4783 1424 4838 iis
1477 4799 1601 4853 quae
1627 4784 1906 4854 prioribus
1933 4785 2054 4852 ejus

473 4873 636 4944 797
693 4873 1051 4941 blasphemiis
1114 4875 1410 4942 subjuncta
1481 4885 1610 4930 sunt
1667 4891 2048 4947 agnoscamus.

473 4966 673 5022 Subdit
701 4968 847 5020 enim
879 4986 891 5021 :
926 4964 1127 5023 Verum
1159 4967 1622 5038 quemadmodum
1655 4985 1756 5024 nos
1779 5008 1793 5034 ,
1833 4969 2051 5038 inquit,

469 5060 564 5132 qui
597 5074 790 5114 sumus
824 5059 878 5112 in
911 5061 1063 5130 ipso,
1111 5061 1511 5131 impermistam
1565 5070 1747 5114 tamen
1807 5075 1931 5114 cum
1987 5075 2052 5114 eo

469 5152 738 5207 habemus
792 5153 1176 5224 hypostasim:
1226 5155 1299 5208 ita
1352 5164 1400 5209 et
1454 5153 1665 5216 Filius,
1700 5168 1822 5206 cum
1873 5153 1944 5206 sit
1993 5152 2047 5204 in

471 5243 664 5305 Patre,
715 5244 1032 5300 distinctam
1079 5257 1262 5300 tamen
1315 5246 1481 5300 habet
1537 5245 1605 5296 al)
1659 5243 1902 5312 ingenito
1939 5242 2049 5298 Deo

468 5336 858 5390 substantiam.
921 5337 1065 5402 Quid
1127 5339 1245 5400 ais,
1311 5335 1582 5391 demens?
1642 5343 1882 5402 apertam
1947 5334 2048 5389 hoc

469 5426 632 5480 modo
665 5427 842 5483 fecisti
877 5438 1025 5483 tuam
1078 5431 1130 5483 in
1178 5428 1374 5482 Filium
1421 5425 1839 5495 blasphemiam.
1875 5425 2047 5481 Num-

468 5515 596 5584 quid
632 5531 763 5587 ergo
792 5519 974 5586 quivis
1009 5520 1272 5573 fatebitur
1301 5533 1401 5573 nos
1441 5533 1550 5571 non
1598 5518 1804 5571 frustra
1844 5534 2045 5574 vanum

466 5620 531 5660 ac
585 5606 738 5662 futile
789 5609 1048 5661 cavillum
1101 5610 1155 5662 in
1211 5610 1598 5663 lucreticorum
1647 5618 1816 5678 caput
1874 5621 2048 5666 retor-

466 5697 679 5760 quere?
714 5697 855 5752 Ecce
898 5699 1046 5754 enim
1086 5709 1233 5769 patet
1264 5715 1358 5755 eos
1394 5701 1526 5755 nihil
1583 5701 1704 5770 plus
1756 5700 1896 5758 Filio
1946 5704 2046 5757 tri-

469 5785 640 5844 buere
681 5801 845 5857 quam
900 5791 1136 5846 terrenis
1185 5792 1536 5858 hominibus,
1579 5804 1630 5848 et
1668 5794 1943 5850 creaturis
1975 5795 2042 5850 ab

2160 4694 2440 4758 παντελῶς
2460 4695 2558 4766 τῆς
2589 4693 2683 4748 τοῦ
2709 4693 2922 4766 Πατρὸς
2953 4694 3141 4758 οὐσίας
3170 4695 3446 4767 ἀποφῆναι
3469 4697 3561 4750 16v
3592 4698 3736 4751 Υίόν.

2163 4789 2284 4840 ’Ότι
2321 4786 2429 4857 γὰρ
2473 4785 2831 4856 ἀληθεύοντες
2875 4785 2944 4840 τά
2980 4786 3210 4840 τοιαῦτά
3244 4805 3461 4858 φαμεν,
3509 4791 3577 4843 ὲκ
3630 4790 3741 4844 τῶν

2157 4879 2355 4949 ἐφεξῆς
2407 4879 2501 4932 xui
2541 4879 3004 4950 παρεζευγμένων
3055 4883 3178 4943 ταῖς
3226 4881 3520 4952 προτέραις
3571 4881 3738 4935 αὑτοῦ

2156 4970 2492 5040 δυσφημίαις
2543 4970 2822 5040 εἰσόμεθα.
2879 4972 3105 5040 Ἐπάγει
3153 4972 3260 5044 γὰρ
3319 4973 3526 5038 οὕτως’
3600 4977 3738 5030 ’Δλλ’

2158 5063 2348 5133 ῶσπερ
2374 5065 2567 5133 ἡμεῖς,
2602 5064 2766 5134 φησιν
2789 5104 2801 5124 ,
2851 5065 2910 5116 ὲν
2943 5064 3092 5134 αὐτῷ
3140 5065 3327 5130 ὄντες,
3370 5067 3546 5138 ἀμιγῆ
3604 5070 3736 5138 πρὸς

2159 5155 2321 5209 αὑτὸν
2353 5155 2549 5226 ἔχομεν
2583 5155 2680 5226 τὴν
2711 5155 3008 5208 ὑπόστασιν
3034 5173 3046 5184 ·
3082 5157 3173 5210 16v
3207 5159 3370 5212 αὐτὸν
3404 5160 3608 5230 τρόπον
3648 5165 3738 5214 xui

2158 5249 2186 5300 6
2227 5248 2375 5312 Υίὺς,
2407 5251 2465 5301 ὲν
2514 5247 2592 5316 τῷ
2638 5248 2814 5318 Πατρὶ
2842 5248 3149 5317 τυγχάνων,
3185 5249 3616 5322 διακεκριμένην
3647 5253 3736 5306 τοῦ

2157 5339 2452 5408 ἀγεννήτου
2479 5336 2615 5389 Θεοῦ
2640 5337 2752 5407 ἔχει
2775 5338 2872 5406 τὴν
2895 5339 3102 5392 οὐσίαν.
3131 5339 3194 5391 Τί
3221 5341 3345 5410 φὴς,
3368 5343 3737 5412 ἐμϐρόντητες

2156 5431 2368 5501 γυμνὴν
2406 5430 2548 5484 οὓτω
2585 5431 2683 5500 τὴν
2707 5430 2784 5492 εἰς
2810 5431 2899 5484 τὸν
2924 5431 3050 5484 Υἱὺν
3075 5434 3371 5504 πεποίησαι
3399 5436 3733 5507 δυσφημίαν.

2156 5517 2282 5591 Ἆρ’
2311 5516 2405 5574 οὖν
2438 5521 2512 5590 μὴ
2543 5519 2792 5572 διάκενον
2819 5521 2936 5590 ἐρεῖ
2957 5539 3041 5584 τις
3068 5525 3434 5591 συκοφαντίαν
3477 5529 3736 5595 καταχεῖν
3817 5587 3825 5597 _

2157 5614 2305 5682 ἡμᾶς
2333 5611 2649 5679 ἐπείγεσθαι
2683 5614 2783 5681 τῆς
2811 5613 2920 5665 τῶν
2951 5612 3239 5686 θεομάχων
3277 5618 3517 5688 κεφαλῆς
3547 5635 3560 5684 ;
3605 5617 3731 5671 Ἰδοὺ

2154 5704 2264 5772 γὰρ
2294 5702 2502 5770 σαφῶς,
2532 5701 2683 5753 οὐδὲν
2715 5702 2849 5765 ὅλως
2879 5703 2940 5756 16
2973 5704 3154 5758 πλεῖον
3184 5707 3552 5777 ἀπονέμουσιν
3584 5710 3734 5780 αὐτῷ

2150 5797 2259 5848 τῶν
2293 5796 2399 5848 ἀπὸ
2428 5794 2531 5865 γῆς
2553 5794 2876 5864 γεγονότων,
2913 5797 3005 5850 xui
3027 5797 3095 5850 δι’
3131 5799 3296 5853 αὐτοῦ
3330 5801 3467 5872 πρὸς
3496 5801 3561 5857 _16
3597 5799 3734 5857 εἶναι
