3992 6316
210 394 299 454 257
1253 388 1320 448 IN
1356 388 1642 450 JOANNIS
1681 383 2136 447 EVANGELIUM
2177 386 2311 444 LIB.
2336 383 2432 445 tx.

3354 390 3462 448 238

212 504 712 581 παρενηνεγμένων.
779 507 920 579 Ἐγὼ
972 509 1051 575 δὲ,
1083 508 1260 563 καίτοι
1311 511 1431 565 λίαν
1484 511 1770 582 ἀφορήτως

1877 519 1945 559 eo
1980 505 2047 561 ad
2085 521 2210 563 esse
2244 503 2553 577 productis.
2609 501 2725 575 Ego
2754 516 2886 560 vero
2917 502 3172 574 quamvis
3219 502 3464 576 graviter

213 604 336 673 ἔχων
371 600 457 668 ἐφ’
485 596 570 662 οἷς
598 600 771 653 εἰπεῖν
805 601 854 653 oi
883 600 1104 654 δείλαιοι
1132 601 1553 672 τετολμήκασιν,
1597 603 1774 655 έκεῖνο

209 695 364 760 δεῖξαι
414 693 772 765 πειράσομαι,
805 693 883 764 τῷ
934 693 1119 764 σκοπῷ
1160 694 1319 748 πάλιν
1363 694 1629 764 ἑπόμενος
1675 695 1775 764 τῆς

214 788 348 849 θείας
404 785 670 856 Γραφῆς,
730 784 805 850 ὡς
856 787 1087 858 ἐπείπερ
1134 785 1427 858 ἀρνοῦνται
1474 785 1564 839 τὸν
1620 784 1771 849 Υίὺν,

216 878 605 950 σδνηρνήσαντο
640 877 733 930 τὸν
765 878 986 949 Πατέρα
1008 919 1023 943 ,
1074 878 1168 931 καὶ
1209 878 1395 932 λοιπόν
1424 879 1564 931 εἰσιν
1597 877 1771 944 ἀθεοι,

215 972 296 1023 καὶ
319 968 507 1023 ἐλπίδα
554 968 629 1041 μὴ
667 969 882 1040 ἔχοντες
911 970 969 1022 ὲν
1000 968 1135 1040 τῷδε
1166 970 1244 1041 τῷ
1286 971 1506 1041 κόσμῳ,
1542 968 1685 1025 κατά
1713 969 1774 1024 τὺ

213 1060 599 1131 γεγραμμένον.
627 1062 738 1114 Καὶ
756 1062 837 1116 ὅτι
877 1061 1057 1132 φαμὲν
1082 1061 1286 1125 καλῶς,
1322 1060 1529 1133 ἀληθὴς
1560 1061 1775 1133 μάρτυς

214 1156 326 1224 ἡμῖν
390 1153 707 1224 εἰσδήσεται
760 1154 789 1206 ὁ
843 1151 1097 1225 θεοφιλὴς
1166 1152 1421 1225 Ἰωάννης
1478 1153 1774 1224 γεγραφὼς

210 1246 354 1300 ὡδίί
385 1245 446 1298 '0
475 1245 806 1316 ἀρνούμενος
835 1247 926 1300 τδν
956 1246 1196 1317 Πατέρα,
1229 1247 1321 1301 καὶ
1360 1246 1453 1300 τὸν
1475 1246 1626 1300 Υίόν·
1666 1247 1775 1310 πᾶς

210 1338 583 1411 ὁάρνοῦμενος
618 1339 710 1393 τὸν
753 1340 918 1405 Υἱὺν,
962 1339 1082 1395 οὐδὲ
1137 1341 1230 1397 τὸν
1273 1339 1495 1416 Πατέρα
1538 1341 1684 1414 ἔχει·
1745 1344 1774 1396 ὁ

209 1430 472 1500 ὁμολογῶν
501 1428 592 1484 τδν
631 1428 778 1495 Υίὸν,
809 1432 903 1484 κα)⁵
936 1433 1027 1486 τὸν
1064 1433 1280 1505 Πατέρα
1322 1432 1455 1505 ἔχει.
1499 1453 1518 1486 ι
1566 1433 1773 1505 Ὀρθῶς

209 1523 259 1577 δέ
282 1541 330 1576 τι
356 1523 479 1576 λίαν
516 1524 547 1575 ὁ
578 1524 1024 1596 πνευματοφόρος
1049 1566 1063 1590 ,
1098 1527 1194 1579 καὶ
1222 1528 1320 1597 τῆς
1352 1526 1430 1597 τῷ
1458 1525 1602 1595 λόγῳ
1646 1543 1775 1597 πρε-

210 1615 397 1683 πούσης
424 1614 693 1685 ἁρμονίας
714 1615 814 1668 οὐκ
842 1614 948 1680 ἔξω
970 1615 1137 1680 τιθεὶς
1161 1616 1221 1670 τὸ
1239 1615 1521 1689 θεώρημα.
1555 1617 1772 1688 Ἐπειδὴ

208 1708 307 1780 γάρ
333 1705 473 1761 οἶδεν
503 1709 602 1761 οὐκ
646 1708 871 1780 ὀνόματι
928 1709 1121 1779 μόνον,
1159 1711 1410 1782 ἐνεργείᾳ
1453 1710 1509 1764 δὲ
1549 1711 1769 1783 μᾶλλον,

207 1801 332 1872 ὅπερ
360 1795 500 1854 εἶναι
530 1801 624 1853 καὶ
662 1801 911 1870 λέγεται,
956 1801 1103 1855 τοῦτ’
1156 1801 1271 1855 ἔστι
1296 1842 1310 1867 ,
1363 1803 1555 1874 Πατὴρ
1579 1844 1593 1867 ,
1631 1802 1774 1857 κατά

1882 605 1936 653 ct
1971 598 2162 668 iniquo
2192 598 2383 651 animo
2414 595 2591 652 feram
2626 612 2691 651 ea
2718 611 2841 666 qua:
2874 597 3125 668 proferre
3153 597 3277 652 ausi
3333 606 3465 652 sunt

1884 690 2099 754 miseri,
2131 691 2431 746 ostendere
2463 700 2645 743 tamen
2697 689 2950 765 conabor.
2997 704 3227 760 scopum
3264 704 3463 745 rursus

1883 795 2122 853 sequens
2153 781 2355 836 divinae
2385 780 2692 851 Scriptura:
2712 820 2729 846 ,
2765 796 2864 837 eos
2904 796 3102 853 nempe
3130 782 3226 854 qui
3264 792 3489 854 negant-

1881 871 2082 928 Filium
2102 917 2116 940 ,
2149 872 2315 928 simul
2342 888 2562 944 quoque
2595 888 2799 945 negare
2826 871 3047 929 Patrem
3070 913 3086 940 ,
3110 888 3320 945 eosque
3345 873 3466 930 sine

1881 966 1993 1023 Deo
2049 967 2269 1022 tandem
2324 981 2489 1031 esse,
2538 975 2594 1021 et
2639 980 2795 1036 spem
2848 980 2960 1020 non
3005 965 3212 1023 habere
3259 965 3315 1020 in
3358 965 3464 1020 hoc

1883 1059 2093 1113 mundo
2112 1099 2126 1121 ,
2162 1058 2310 1113 sicut
2336 1058 2603 1129 scriptum
2638 1062 2725 1112 est
2758 1056 2849 1110 υτ
2877 1055 3035 1123 Quod
3064 1064 3215 1113 recte
3240 1072 3272 1111 a
3304 1056 3461 1112 nobis

1881 1150 2029 1215 dici,
2066 1149 2225 1206 teStis
2278 1150 2529 1221 locuples
2574 1149 2739 1205 nobis
2791 1149 2899 1204 erit
2947 1149 3075 1220 pius
3104 1148 3196 1204 ille
3219 1148 3459 1205 Joannes

1882 1243 1955 1296 ita
1985 1242 2274 1298 scribens:
2305 1260 2324 1292 ι
2348 1241 2453 1308 Qui
2487 1240 2705 1297 Patrem
2730 1250 2930 1312 negat,
2955 1251 3116 1313 negat
3137 1248 3192 1296 et
3217 1239 3420 1295 Filium
3445 1256 3460 1271 ο

1882 1334 2065 1389 omnis
2095 1334 2191 1403 qui
2229 1339 2392 1403 negat
2422 1330 2627 1386 Filium
2650 1371 2666 1397 ,
2703 1347 2806 1388 nec
2849 1330 3071 1389 Patrem
3116 1333 3285 1390 habet
3317 1352 3331 1388 :
3365 1333 3462 1404 qui

1881 1424 2176 1481 conﬁtetur
2206 1423 2406 1479 Filium
2428 1464 2445 1491 ,
2477 1432 2532 1479 et
2565 1423 2784 1479 Patrem
2820 1425 2985 1481 habet
3017 1427 3081 1480 ".
3114 1444 3134 1477 ι
3165 1427 3329 1482 Recte
3361 1441 3464 1481 au-

1881 1525 1991 1572 tem
2026 1516 2113 1570 vir
2140 1516 2390 1582 divinus,
2439 1531 2622 1586 neque
2668 1514 2725 1570 id
2758 1525 2915 1571 extra
2949 1519 3225 1573 sermonis
3262 1521 3464 1577 seriem

1881 1614 1936 1663 et
1961 1608 2242 1663 ordinem.
2278 1606 2412 1661 Nam
2445 1623 2569 1662 cum
2603 1607 2778 1663 sciret
2822 1624 2932 1664 non
2978 1611 3154 1666 solum
3205 1613 3461 1677 nomine,

1882 1704 1979 1759 sed
2028 1719 2089 1759 re
2130 1713 2184 1759 et
2224 1710 2347 1759 actu
2383 1704 2603 1775 potius,
2645 1703 2698 1759 id
2729 1703 2878 1774 quod
2918 1719 3042 1762 esse
3082 1705 3311 1775 dicitur,
3356 1705 3466 1761 Pa-

1882 1804 2019 1851 trem
2051 1796 2315 1850 nimirum
2346 1795 2652 1854 secundum
2703 1806 2956 1851 naturam
3010 1799 3313 1863 exsistere,
3364 1813 3464 1855 nea

209 1870 356 1960 φύσιν
397 1893 713 1965 ὑπάρχοντα
739 1933 754 1959 ,
785 1895 1103 1964 ἀναγκαίως
1131 1870 1577 1965 ωνεξαρνεῖσθαί
1608 1913 1770 1966 φησιν

1884 1886 2128 1943 cessario
2174 1885 2344 1942 infert
2407 1887 2642 1943 alterum
2692 1888 2884 1959 negari
2930 1904 3040 1944 una
3084 1904 3209 1945 cum
3261 1891 3463 1947 altero.

209 1984 365 2056 ἑτέρῳ
391 1983 485 2038 τὸν
517 1985 721 2056 ἕτερον.
756 1986 1137 2058 Συνειστρέχει
1169 1986 1278 2058 γάρ
1313 2006 1430 2051 πως
1464 1988 1550 2042 ἀεὶ
1586 1988 1661 2059 τῷ
1707 2004 1774 2057 γε

208 2076 309 2129 δντι
351 2075 490 2130 κατά
525 2076 686 2146 φύσιν
713 2078 807 2132 καὶ
835 2080 1111 2150 νοουμένῳ
1141 2079 1319 2151 Πατρὶ
1344 2078 1438 2132 τοῦ
1475 2078 1774 2151 προελθόν-

206 2184 290 2230 τος
318 2168 374 2234 ἐξ
400 2168 568 2224 αὐτοῦ
599 2170 941 2241 γεννήματος
976 2169 1241 2242 η’γνῶσίς
1278 2188 1335 2225 τε
1381 2170 1477 2225 καὶ
1516 2171 1770 2243 δήλωσις,

209 2260 295 2313 καὶ
327 2260 400 2330 τῷ
433 2260 748 2333 γεννηθέντι
808 2261 951 2317 κατά
1002 2261 1297 2333 ἀλήθειαν,
1340 2262 1400 2317 τὸ
1440 2262 1534 2317 τοῦ
1569 2265 1771 2319 τίκτειν

206 2353 502 2422 πεφυκότος
544 2357 935 2408 πνεπινοείται
989 2354 1302 2426 πρόσωπον.
1334 2354 1485 2427 ’Ἅμα
1528 2356 1636 2430 γάρ
1686 2375 1771 2422 τις

208 2442 339 2509 ἔγνω
370 2441 608 2514 πατέρα,
644 2443 875 2515 συνῆκεν
912 2443 994 2497 ὅτι
1022 2444 1342 2515 γεγέννηκε,
1380 2445 1474 2499 καὶ
1500 2448 1549 2499 εί
1583 2447 1768 2518 μάθει*

203 2533 260 2587 τὸ
289 2533 562 2605 γέννημα,
592 2535 922 2590 διακείσεται
959 2538 1178 2602 πάντως
1219 2539 1301 2591 ὅτι
1356 2538 1562 2611 πατρὸς
1606 2540 1769 2609 ἐξέφυ

202 2625 350 2689 τινός.
382 2624 597 2680 Οὐκοῦν
629 2627 698 2680 δι’
729 2628 931 2698 ἀμφοῖν
960 2630 1075 2692 τοῖς
1109 2628 1482 2699 ἀκροωμένοις
1513 2631 1546 2701 ἡ
1575 2629 1769 2683 ἑκατέ-

202 2734 288 2786 ρου
319 2717 523 2786 γνῶσις
563 2704 907 2774 ὲντίκτεταιέ
944 2719 1040 2774 καὶ
1087 2720 1467 2792 ἀρνησάμενος
1515 2722 1614 2792 μέν
1662 2741 1767 2789 τις,

199 2813 272 2865 ὅτι
305 2813 495 2882 Πατήρ
531 2813 680 2864 ἐστιν
708 2811 924 2882 ἀληθῶς
958 2813 987 2865 ὁ
1024 2811 1176 2877 Θεὸς,
1212 2816 1598 2885 συναναιρήσει
1632 2814 1770 2869 πάν-

198 2919 297 2966 τως
335 2904 429 2976 τὴν
460 2902 558 2957 τοῦ
594 2902 722 2956 Υίοῦ
769 2904 1045 2975 γέννησιν.
1090 2903 1346 2976 Γέννημα
1389 2906 1445 2958 δὲ
1476 2906 1638 2961 πάλιν
1668 2909 1769 2980 οὐχ

198 2996 526 3066 ὁμολογήσας
550 2992 690 3048 εἶναι
721 2995 813 3049 τὸν
840 2995 992 3060 Υίὸν,
1021 2996 1120 3067 τὴν
1154 2997 1285 3069 περὶ
1326 2996 1418 3050 τοῦ
1448 2999 1664 3070 Πατρὸς
1692 3000 1768 3069 (Ι)

198 3088 385 3155 γνῶσιν
411 3088 690 3156 συνεξελεῖ
721 3087 786 3159 δὴ
832 3088 1051 3152 πάντως
1079 3087 1248 3160 αὐτῷ.
1277 3090 1408 3143 ’Ὀτε
1433 3090 1612 3145 τοίνυν
1655 3092 1770 3155 τοῖς

196 3180 415 3245 ἀνοσίοις
468 3181 620 3252 ἡμᾶς
672 3180 1181 3252 κατασφενδονήσας
1224 3179 1439 3250 λόγοις,
1486 3182 1768 3255 διακεκρι-

1793 3225 1841 3287 C

1878 1975 2179 2034 Concurrit
2213 1979 2360 2035 enim
2407 1993 2531 2034 cum
2579 1994 2646 2035 eo
2693 1980 2786 2050 qui
2829 1989 3027 2036 natura
3077 1982 3240 2038 Pater
3280 1992 3362 2039 est
3399 1999 3466 2039 ac

1879 2072 2236 2143 intelligitur,
2265 2072 2628 2143 procedentis
2671 2087 2736 2128 ex
2775 2073 2897 2144 ipso
2932 2071 3057 2128 Filii
3090 2076 3333 2146 cognitio
3381 2086 3466 2131 at-

1877 2180 1986 2237 que
2013 2165 2382 2237 signiﬁcatio,
2422 2173 2477 2221 ct
2508 2181 2632 2221 cum
2667 2182 2733 2223 co
2761 2168 2852 2237 qui
2890 2183 3080 2223 revera
3111 2170 3330 2241 genitus
3356 2180 3462 2237 est,

1874 2259 2147 2332 genitoris
2176 2273 2412 2329 persona
2444 2259 2611 2315 simul
2644 2261 2979 2331 concipitur.
3015 2258 3194 2315 Simul
3225 2276 3290 2316 ac
3314 2262 3463 2317 enim

1877 2359 2092 2422 patrem
2136 2351 2295 2407 novit
2326 2351 2562 2423 aliquis,
2600 2352 2859 2423 genuisse
2901 2352 3194 2425 intelligit;
3223 2361 3281 2410 et
3314 2354 3362 2411 si
3401 2355 3464 2409 [i-

1877 2440 2011 2496 lium
2043 2442 2326 2509 audierit,
2360 2435 2555 2514 utiqile
2583 2443 2786 2500 sentiet
2818 2459 2885 2499 ex
2918 2444 3112 2516 aliquo
3147 2454 3302 2515 patre
3343 2445 3463 2501 edi-

1877 2543 2013 2590 tum.
2042 2535 2312 2602 Quocirca
2335 2552 2431 2608 per
2454 2537 2691 2593 alterum
2713 2538 2943 2595 alterius
2968 2539 3164 2594 notitia
3189 2540 3244 2594 in
3269 2541 3464 2597 mentio

1877 2628 1981 2684 bus
2011 2629 2326 2684 auditorum
2355 2629 2619 2701 gignitur,
2649 2637 2704 2685 et
2730 2630 2775 2684 si
2807 2629 2934 2700 quis
2966 2631 3255 2702 negaverit
3290 2630 3460 2687 Deum

1877 2734 2006 2775 vere
2033 2733 2159 2775 esse
2189 2717 2408 2773 Patrem
2430 2759 2445 2784 ,
2481 2719 2645 2775 simul
2681 2719 2847 2775 etiam
2880 2717 3002 2773 Filii
3045 2720 3459 2792 generationem

1877 2820 2111 2868 evertet.
2149 2811 2363 2868 Rursus
2391 2827 2559 2877 vero,
2591 2814 2913 2883 quicunque
2938 2813 3196 2883 genimen
3229 2829 3341 2870 non
3378 2813 3461 2868 fa-

1873 2902 2083 2959 tebitur
2111 2916 2237 2959 esse
2267 2900 2466 2957 Filium
2488 2942 2503 2968 ,
2552 2903 2780 2957 omnino
2814 2901 2997 2960 Patris
3043 2903 3300 2959 notitiam
3348 2921 3458 2962 una

1875 3010 2003 3053 cum
2036 2996 2157 3068 ipso
2185 2995 2402 3067 eripiet.
2433 2995 2570 3053 Cum
2600 3011 2733 3068 ergo
2768 3011 2869 3052 nos
2901 2997 3086 3067 impiis
3116 3005 3313 3069 petens
3340 3014 3459 3055 ser-

1876 3088 2133 3145 monibus
2154 3128 2170 3155 ,
2202 3087 2525 3144 distinctam
2554 3086 2623 3142 ab
2658 3088 2906 3160 ingenito
2932 3087 3048 3144 Deo
3085 3089 3456 3145 substantiam

1880 3182 2082 3239 habere
2097 3179 2298 3237 Filium
2324 3178 2651 3246 contendat,
2678 3180 2943 3252 numquid
2976 3188 3166 3252 aperte
3193 3181 3460 3252 praedicat

201 3271 355 3342 μένην
395 3271 493 3326 τοῦ
542 3273 841 3344 ἀγεννήτου
876 3271 1013 3325 Θεοῦ
1061 3272 1160 3345 τὴν
1202 3273 1390 3327 οὐσίαν
1439 3273 1768 3331 διατείνεται

1876 3292 1946 3333 ne
1975 3275 2158 3348 ipsum
2184 3275 2408 3347 quidem
2440 3290 2565 3332 esse
2592 3273 2792 3330 Filium
2817 3276 2841 3329 ?
2870 3273 3028 3341 Quod
3065 3275 3110 3331 si
3140 3273 3315 3332 Filius
3346 3292 3459 3332 non

196 3356 326 3427 ἔχειν
355 3358 446 3414 τὸν
473 3358 646 3427 Υίὺν,
681 3359 798 3423 πῶς
828 3360 889 3413 οὐ
921 3360 1220 3434 διαρρήδην
1256 3362 1378 3417 οὐδὲ
1425 3364 1554 3419 Υἱὸν
1591 3366 1769 3439 ὑπάρ-

195 3465 302 3518 χειν
332 3450 495 3505 αὐτὸν
544 3452 836 3522 ὁμολογεῖς
894 3452 1026 3508 Υίοῦ
1076 3454 1133 3508 δὲ
1185 3456 1288 3509 οὐκ
1316 3455 1507 3521 ὄντος,

198 3541 349 3607 αὐτὸς
378 3544 408 3595 ὁ
432 3543 628 3616 Πατὴρ
658 3544 872 3617 ἀληθῶς
900 3545 982 3599 ἔτι
1015 3549 1189 3601 νοοῖτο
1220 3549 1431 3620 Πατήρ.
1470 3549 1629 3614 Τίνος
1657 3550 1768 3624 γὰρ

194 3630 334 3686 ἔσται
373 3636 581 3707 πατὴρ,
629 3638 678 3691 εί
711 3638 786 3708 μὴ
812 3630 1005 3692 τέτοκε
1032 3657 1046 3707 ;
1078 3641 1474 3715 Διακεκρίσθαι
1507 3645 1609 3714 μὲν
1659 3646 1769 3719 γὰρ

191 3726 303 3797 οὐχὶ
328 3729 426 3799 τῆς
455 3727 686 3794 οὐσίας,
735 3730 873 3784 ἀλλά
923 3730 1019 3785 τοῦ
1071 3733 1367 3804 προσώπου
1420 3735 1515 3789 τοῦ
1557 3738 1770 3808 Πατρὺς

194 3819 279 3872 καὶ
310 3821 463 3874 αὐτοί
504 3840 690 3893 φαμεν
718 3823 808 3877 τὸν
854 3823 1015 3891 Υίὺν,
1065 3825 1163 3897 οὐχ
1212 3826 1287 3890 ὡς
1315 3827 1603 3901 ἀλλότριον
1636 3831 1770 3888 ὄντα

192 3911 322 3965 κατά
358 3911 528 3982 φύσιν
560 3913 728 3967 αὑτοῦ
754 3956 769 3981 ,
815 3915 1066 3988 καθάπερ
1096 3916 1290 3988 ἀμέλει
1330 3921 1444 3985 τοῖς
1473 3920 1770 3994 θεομάχοις

192 4000 346 4067 δοκεῖ,
382 4003 498 4056 ἀλλ’
529 4005 607 4069 ὡς
644 4006 771 4059 ὄντα
799 4024 859 4062 τε
893 4009 989 4062 καί⁵
1025 4009 1317 4082 νοούμενον
1346 4013 1405 4068 ἐν
1451 4014 1567 4087 ἰδίῳ
1593 4033 1769 4088 προσ-

190 4092 340 4166 ώπῳ,
378 4099 477 4151 καὶ
512 4099 636 4151 κατ’
684 4099 821 4152 ίδίαν
854 4099 1091 4172 ὓπαρξιν
1135 4103 1439 4176 ἑτερότητι.
1490 4108 1622 4173 Υἱὸς
1658 4109 1770 4184 γάρ

192 4184 327 4251 ἔστι,
367 4190 465 4243 καὶ
500 4192 565 4245 οὐ
593 4192 782 4264 Πατήρ
805 4209 818 4223 '
850 4194 1232 4267 διακεκρίσθαι
1270 4215 1334 4267 γε
1385 4200 1495 4271 μὴν
1528 4202 1649 4256 κατ’
1678 4204 1769 4258 οὺ-

192 4279 306 4368 σίαν
333 4281 447 4335 οὔτ’
474 4283 546 4337 ἂν
579 4284 735 4339 αὐτοὶ
766 4287 1029 4359 φαίημεν,
1064 4289 1120 4342 εί
1138 4307 1201 4358 γε
1233 4291 1541 4365 φρονοῦμεν
1567 4294 1766 4368 ὀρθῶς,

190 4363 305 4461 οὔτε
344 4370 449 4461 τινὶ
481 4369 595 4424 τῶν
640 4372 887 4444 ἀδελφῶν
931 4363 1468 4453 συμϐουλεύσαιμενή.
1504 4363 1631 4450 Πῶς
1660 4363 1771 4461 γὰρ

189 4454 249 4509 ἂν
275 4458 369 4512 καὶ
405 4460 756 4535 διακέκριται
789 4465 950 4536 μόνον
973 4507 989 4533 ,
1031 4468 1154 4522 καθ’
1185 4470 1324 4543 ὅπερ
1361 4474 1510 4529 ἐστὶν
1550 4454 1772 4545 ἰδιαζόν-

1872 3369 1980 3435 sit,
2011 3384 2080 3424 ne
2105 3368 2224 3439 ipse
2249 3367 2614 3440 quidem'jam
2640 3366 2803 3424 Pater
2827 3384 2956 3424 vere
2980 3369 3325 3424 censebitur.
3350 3369 3460 3423 Cu-

1557 3458 1668 3513 οὺδ’
1699 3458 1767 3513 ἀν
1866 3461 1960 3531 jus
2007 3461 2156 3516 enim
2202 3470 2359 3531 pater
2405 3459 2624 3516 futurus
2668 3467 2776 3527 cst,
2825 3461 2871 3515 si
2922 3476 3031 3516 non
3077 3459 3460 3531 genuitiDis-

1873 3552 2109 3608 tinctum
2151 3554 2353 3623 quippe
2388 3568 2513 3608 esse
2563 3568 2677 3608 non
2714 3568 2745 3607 a
2781 3553 3094 3609 substantia
3118 3593 3135 3618 ,
3185 3553 3281 3609 sed
3331 3569 3460 3623 pcr-

1871 3659 2007 3700 sona
2042 3643 2221 3698 Patris
2247 3643 2353 3715 ipsi
2380 3659 2602 3714 quoque
2628 3643 2933 3700 asserimus
2953 3685 2969 3711 ,
3001 3659 3110 3699 non
3138 3643 3297 3715 quasi
3328 3644 3461 3698 alie~

1870 3749 1980 3791 nus
2015 3734 2089 3790 sit
2122 3733 2192 3790 ab
2219 3748 2287 3789 eo
2320 3732 2630 3790 secundum
2661 3740 2918 3787 naturam
2939 3773 2954 3799 ,
2986 3733 3148 3788 sicuti
3192 3730 3455 3787 nimirum

1872 3825 1969 3883 Dei
2006 3825 2268 3884 hostibus
2298 3826 2542 3891 videtur.
2569 3825 2665 3882 sed
2701 3837 2760 3881 ut
2785 3825 2877 3896 qui
2907 3826 2979 3882 sit
3017 3833 3075 3883 et
3117 3825 3459 3898 intelligatur

1874 3918 1929 3972 in
1965 3918 2189 3991 propria
2223 3932 2499 3989 persona,
2532 3917 2700 3990 798
2729 3927 2785 3974 et
2824 3917 3114 3990 hypostasi
3158 3919 3317 3975 alter.
3364 3918 3459 3974 Fi-

1872 4010 1984 4066 lius
2035 4011 2183 4066 enim
2232 4019 2347 4077 est,
2394 4025 2460 4066 ac
2495 4026 2603 4066 non
2637 4011 2837 4067 Pater:
2875 4027 3058 4083 neque
3101 4020 3290 4068 tamen
3324 4014 3458 4068 'sub-

1872 4104 2082 4160 stantia
2129 4103 2396 4174 distingui
2440 4102 2787 4169 dixerimus,
2832 4104 2879 4159 si
2926 4119 3082 4160 mens
3124 4104 3287 4160 nobis
3323 4119 3458 4159 sana

1873 4194 1981 4261 sit,
2016 4209 2197 4267 neque
2243 4194 2301 4251 id
2355 4194 2454 4250 ulli
2503 4193 2740 4250 fratrum
2790 4197 3258 4252 consuluerimus.
3310 4196 3462 4264 Quo-

1873 4286 2039 4342 modo
2068 4286 2215 4343 enim
2245 4287 2413 4345 etiam
2446 4286 2879 4358 unumquodque
2912 4287 3306 4358 singularitate
3337 4304 3461 4359 per-

1875 4395 2024 4438 sonae
2059 4388 2272 4436 tantum
2305 4380 2712 4452 distinguitur?
2736 4378 2934 4436 Petrus
2967 4379 3111 4434 enim
3141 4389 3229 4436 est
3258 4379 3460 4437 Petrus

1872 4488 1938 4529 ac
1962 4489 2079 4530 non
2115 4472 2345 4539 Paulus,
2381 4479 2436 4529 et
2466 4471 2673 4528 Paulus
2704 4480 2789 4528 est
2820 4471 3051 4541 Paulus,
3077 4489 3188 4530 non
3219 4473 3420 4532 Petrus
3443 4518 3459 4544 ,

189 4563 288 4611 τως
322 4549 601 4620 ﬁxas-20v;
656 4555 715 4608 '0
750 4557 958 4630 Πέτρος
998 4559 1109 4631 γάρ
1163 4563 1371 4635 Πέτρος
1414 4566 1533 4620 ἐστὶ
1570 4571 1666 4623 καὶ
1708 4571 1769 4627 οὐ

1876 4572 2258 4623 verumtamen
2329 4564 2641 4622 indistincti
2698 4574 2986 4623 remanent
3049 4576 3271 4623 natura.
3338 4567 3459 4624 Una

191 4638 422 4734 Παῦλος,
454 4646 553 4699 καὶ
595 4647 624 4700 ὁ
657 4646 870 4712 Παῦλος
903 4646 964 4702 οὗ
1014 4651 1221 4724 Πέτρος
1250 4694 1265 4719 ,
1299 4655 1523 4726 μένουσί
1560 4676 1624 4729 γε
1660 4663 1768 4734 μὴν

190 4730 480 4825 ἀδιάκριτοι
512 4739 658 4792 κατά
688 4740 788 4811 τὴν
819 4739 1001 4810 φύσιν.
1041 4739 1140 4809 Εἷς
1168 4746 1275 4818 γάρ
1321 4750 1408 4803 ἐπ’
1438 4751 1640 4822 ἀμφοῖν
1662 4730 1770 4825 *τῆς

190 4820 366 4888 οὐσίας
392 4829 421 4879 ὁ
446 4827 634 4897 λόγος,
666 4829 763 4883 καὶ
806 4831 916 4884 τῶν
953 4833 1134 4889 αὐτῶν
1178 4820 1621 4910 ἀπαραλλάκτως
1655 4820 1768 4911 ἕξει

189 4912 252 5010 τέι
298 4915 710 5010 πρδςᾳὼότητα
745 4923 1002 5010 ⁸φυσικὴν
1051 4927 1408 5001 συνδούμενα.
1462 4933 1570 4988 Τοῦ
1615 4936 1671 4989 δὲ
1701 4938 1766 5010 δὴ

194 4997 339 5097 χάριν
400 5003 471 5057 τὰ
534 5006 765 5062 τοιαῦτά
816 5027 1040 5081 φαμεν;
1119 4997 1413 5087 Ἐπιδεῖξαι
1471 5023 1581 5096 γάρ
1637 4997 1770 5097 ἡμῖν

195 5095 405 5160 σκοπὸς,
454 5097 543 5151 ὅτι
590 5100 914 5170 φρονοῦντες
940 5104 1139 5160 ἐκεῖνοι
1170 5108 1464 5179 δυσσεὸῶς,
1497 5095 1598 5186 τῆς
1628 5095 1770 5175 κατά

191 5183 343 5284 φῦσιν
395 5188 658 5260 θεότητος
715 5193 996 5260 ἐξέλκουσι
1048 5198 1140 5252 τὸν
1184 5201 1349 5268 rm,
1412 5183 1566 5262 οὐδὲν
1620 5212 1771 5284 αὐτῷ

189 5274 362 5344 πλέον,
396 5281 661 5354 καθάπερ
697 5284 796 5356 ἡδη
844 5288 1179 5362 προείπομεν
1201 5334 1216 5359 ,
1281 5301 1537 5371 σχετικῆς
1565 5274 1768 5358 ἀπονέζ

190 5382 369 5461 μοντες
399 5373 741 5446 οἰκειότητος
778 5378 878 5451 τῆς
926 5380 1003 5445 ὥς
1034 5383 1174 5455 πρὸς
1219 5387 1438 5461 Πατέρα
1472 5394 1567 5448 καὶ
1613 5395 1765 5455 Θεόν.

198 5460 340 5564 ἰίεξπεῖ
366 5464 661 5564 διάῌποίαν
710 5472 889 5526 αἰτίαν
921 5476 1071 5547 ἡμᾶς
1120 5484 1541 5557 παραδείγματα
1580 5508 1765 5564 παρα-

188 5549 357 5620 θέντες
392 5558 493 5613 τοῦ
545 5559 742 5630 λόγου,
792 5566 1059 5641 Καθάπερ
1105 5549 1301 5643 ἡμέῖς,
1340 5549 1500 5647 (ῥάσὶν
1525 5625 1540 5649 ν
1588 5549 1766 5658 ἀμἰγῆ

257 5712 300 5744 ³³
342 5713 553 5786 Ephes.
595 5733 658 5782 ιι,
693 5719 776 5775 12.
861 5723 905 5754 ’⁸
936 5724 955 5779 1
985 5723 1146 5782 Joan.
1176 5732 1366 5797 11,22.

1872 4662 2025 4717 enim
2068 4668 2154 4716 est
2195 4660 2253 4715 in
2291 4659 2564 4716 ambobus
2603 4660 2748 4716 ratio
2783 4661 3143 4729 substantiae,
3175 4669 3231 4718 et
3264 4662 3459 4718 eadem

1874 4753 2016 4809 citra
2051 4752 2415 4807 variationem
2451 4753 2617 4807 ullam
2651 4753 2858 4809 habent
2889 4770 3014 4825 quae
3045 4755 3112 4810 ad
3146 4754 3457 4810 naturalem

1874 4846 2142 4901 unitatem
2173 4846 2529 4917 colligantur.
2553 4845 2728 4912 Quam
2753 4863 2886 4904 vero
2913 4848 2984 4903 ob
3009 4861 3230 4903 causam
3263 4846 3460 4902 istbaac
3505 4866 3511 4915 ι

1873 4938 2155 4993 dicimus?
2188 4937 2404 5009 Quippe
2456 4940 2802 5010 propositum
2836 4949 2922 4997 est
2967 4939 3128 4995 nobis
3164 4939 3460 4996 ostendere

1874 5032 2047 5103 quod,
2078 5047 2201 5086 cum
2234 5032 2316 5086 illi
2344 5033 2511 5104 impie
2538 5034 2849 5101 sentiant,a
2874 5033 3116 5089 naturali
3143 5032 3347 5087 deitate
3371 5032 3462 5087 Fi-

1877 5124 2012 5179 lium
2041 5121 2378 5190 excludunt,
2410 5125 2589 5180 nihilo
2624 5126 2759 5201 plus
2782 5125 2832 5180 ei
2858 5164 2873 5190 ,
2904 5134 2964 5179 ut
2992 5134 3156 5179 antea
3179 5122 3420 5179 diximus

1876 5217 2187 5272 tribuentes
2205 5256 2220 5282 ,
2243 5232 2412 5287 quam
2444 5218 2732 5273 relativam
2761 5232 2886 5270 cum
2915 5215 3078 5273 Patre
3101 5227 3156 5272 et
3187 5214 3296 5272 Deo
3320 5231 3458 5271 con-

1869 5309 2237 5378 junctionem.
2268 5308 2447 5375 Quam
2475 5310 2621 5365 enim
2649 5309 2719 5363 ob
2745 5323 2966 5362 causam
2996 5308 3160 5365 nobis
3185 5309 3240 5363 in
3269 5323 3458 5365 exem-

1878 5402 2025 5473 plum
2068 5400 2191 5472 ejus
2230 5402 2380 5473 quod
2423 5401 2581 5457 aiunt
2611 5396 2911 5470 propesitis
2936 5419 2953 5457 :
2980 5400 3458 5468 Quemadmodum

1877 5514 1979 5554 nos
2000 5539 2014 5562 ,
2046 5496 2338 5567 inquiunt,
2376 5497 2673 5551 immistam
2707 5509 2833 5550 cum
2867 5510 2936 5552 eo
2974 5497 3248 5554 habemus
3278 5496 3455 5567 hypo-

1877 5594 2068 5648 slasim
2090 5632 2103 5658 ,
2139 5608 2266 5648 cum
2299 5597 2472 5650 simus
2508 5594 2558 5648 in
2595 5593 2747 5665 ipso,
2788 5595 2861 5650 ita
2894 5606 2951 5652 et
2981 5598 3098 5668 ipse
3129 5596 3451 5654 distinctam

248 5873 323 5979 (ι)
357 5875 490 5947 Ed.,
525 5875 868 5949 Πνεύματος.
905 5882 1177 5959 lnterpres
1211 5897 1393 5948 tamen
1423 5893 1634 5967 [ἰατρὸς
1668 5897 1770 5971 legi

1878 5941 1892 5955 .
1929 5897 2086 5955 Eutr.
