3992 6316
496 368 604 424 239

1493 356 1551 414 S.
1593 353 1870 424 CYBlLLi
1920 346 2401 405 ALEXANDRINI
2441 345 2759 419 ARCIIIEP.

3654 338 3768 396 ΞΜ)

499 481 668 539 habet
698 492 729 532 a
756 474 870 533 Deo
897 471 1263 532 substantiam
1288 510 1302 536 ,
1335 469 1591 541 quamvis
1619 483 1744 525 esse
1772 466 1990 523 dicatur
2024 465 2079 517 in

2188 464 2324 535 πρὸς
2357 463 2518 517 αὑτὸν
2554 462 2747 533 ἔχομεν
2788 458 2885 531 τὴν
2929 458 3257 524 ὑπόστασιν,
3293 457 3444 522 ὄντες
3498 459 3557 512 ἐν
3590 461 3766 532 αὑτῷ,
3810 488 3820 507 ι

499 572 645 644 ipso.
668 567 944 638 Numquid
982 563 1270 619 manifesta
1302 570 1388 618 est
1416 560 1638 616 cunctis
1670 560 1762 613 illa
1796 556 2084 613 versutia?

497 660 781 732 Numquid
811 659 938 729 jure
969 658 1115 713 dicet
1140 654 1354 725 aliquis
1402 669 1528 709 eum
1578 653 1669 725 qui
1724 662 1831 707 tam
1881 649 2082 705 fetidos

498 770 789 818 sermones
809 752 1054 811 evomuit
1085 766 1252 805 unum
1285 764 1410 804 esse
1442 763 1509 802 ex
1539 746 1609 802 iis
1640 746 1733 817 qui
1771 760 1868 815 per
1904 740 2082 813 Spiri-

410 840 413 843 ’
499 860 621 909 tum
647 850 908 906 illusores
943 844 1359 918 praedicantur?
1389 842 1530 908 Quid
1562 841 1710 895 enim
1745 840 1907 895 nobis
1937 837 2082 894 serio

502 942 585 999 bit
611 938 785 997 ludas
811 938 903 992 ille
944 934 1262 991 Servatoris
1294 929 1648 1002 discipulus?
1678 949 1696 979 ι
1730 928 1842 983 Vos
1876 936 2079 991 autem,

502 1031 857 1096 charissimi,
893 1043 1162 1084 memores
1193 1034 1370 1082 estote
1405 1016 1697 1078 verborum
1733 1036 1857 1091 qnte
1890 1020 2085 1089 praedi-

501 1136 593 1183 cta
622 1131 755 1181 sunt
787 1123 855 1176 ab
890 1120 1161 1192 apostolis
1204 1115 1420 1172 Domini
1468 1113 1643 1170 nostri
1674 1111 1802 1168 Jesu
1838 1110 2081 1176 Christi;

502 1218 598 1289 qui
642 1214 902 1272 dicebant
945 1213 1143 1268 vobis:
1180 1208 1451 1276 Quoniam
1502 1208 1557 1261 in
1613 1204 1918 1260 novissimo
1949 1212 2084 1257 tem-

503 1325 638 1381 pore
686 1309 908 1363 venient
955 1306 1242 1366 illusorcs,
1293 1296 1931 1355 secundunvdesideria
1982 1310 2083 1350 sua

504 1401 853 1456 ambulantes
888 1399 946 1451 in
978 1394 1379 1467 impietatibus.
1426 1391 1492 1445 lli
1537 1398 1700 1453 sunt,
1753 1389 1849 1458 qui
1895 1403 2083 1457 segre-

502 1501 635 1563 gant
665 1490 1032 1560 semeptipsos
1056 1528 1070 1549 ,
1097 1487 1398 1547 animales,
1433 1483 1698 1553 Spiritum
1733 1498 1844 1536 non
1875 1481 2083 1535 haben-

504 1593 589 1640 tes
616 1584 682 1636 ".
714 1602 733 1636 ι
759 1581 931 1636 Nemo
965 1581 1112 1634 enim
1150 1580 1311 1648 plane
1345 1574 1581 1646 Spiritui
1619 1581 1812 1630 sancto
1848 1572 2082 1641 loquens

502 1675 769 1731 adversus
796 1672 1079 1743 Unigcniti
1100 1672 1330 1741 gloriam
1350 1667 1648 1739 quidquam
1670 1666 1945 1736 loquetur.
1969 1663 2083 1720 lloc

504 1770 652 1825 enim
683 1782 811 1824 esse
835 1768 944 1832 aio,
965 1766 1152 1822 dicere
1181 1762 1474 1818 anathema
1500 1758 1631 1814 Jesu
1659 1759 1724 1813 ".
1754 1756 1869 1812 Viri
1901 1765 2081 1812 autem

2184 555 2357 619 οὑτως
2385 556 2478 608 καὶ
2518 554 2680 617 αὑτὸς
2708 549 3133 622 διακεκριμένην
3160 549 3272 620 ἔχει
3303 551 3401 621 τὴν
3447 549 3635 604 οὑσίαν
3668 552 3768 604 τυῦ

2185 648 2355 712 Θεοῦ,
2393 646 2496 702 κᾶν
2530 642 2668 699 εἶναι
2708 645 2972 715 λέγηται,
3003 644 3201 714 φησὶν,
3237 645 3294 697 ἐν
3333 642 3502 715 αὑτῷ.
3533 640 3663 716 'Ap‘
3705 645 3770 697 οὑ

2187 741 2354 794 πᾶσιν
2387 737 2720 801 εὑκάτοπτος
2757 739 2790 808 ἠ
2826 736 3170 808 πανουργία;
3208 733 3337 807 Ἆρ’
3379 738 3482 790 οὑκ
3524 738 3643 808 ἑρεῖ
3682 753 3772 801 τις
3834 804 3845 812 ,

2185 831 2426 899 εὐλόγως
2469 829 2560 883 τὸν
2609 829 2752 883 οὓτω
2790 828 3193 883 δυσωδέστατον
3237 829 3576 899 ἐξεμέσαντα
3608 831 3772 901 λόγον

2186 922 2409 974 ἐκείνων
2440 920 2709 993 ὑπάρχειν
2755 919 2851 972 ἕνα
2882 919 2990 972 τῶν
3026 918 3114 972 διὰ
3158 918 3251 972 τοῦ
3286 920 3606 990 Πνεύματος
3641 939 3772 994 προ-

2186 1011 2616 1085 κεκηρυγμένων
2667 1013 3027 1082 ἐμπαικτῶν;
3084 1013 3149 1064 Τί
3209 1012 3317 1086 γάρ
3386 1013 3585 1077 Ἰούδας
3636 1015 3771 1085 ἡμῖν

2186 1102 2492 1157 ἐπιστέλλει
2541 1102 2635 1155 τοῦ
2678 1103 2930 1176 Σωτῆρος
2979 1104 3007 1155 ό
3056 1102 3342 1174 μαθητήςς
3403 1121 3421 1154 ι
3464 1103 3653 1175 Ὑμεῖς
3676 1105 3767 1173 δὲ,

2186 1195 2483 1266 ἀγαπητοὶ,
2521 1194 2796 1267 μνήσθητε
2840 1194 2949 1247 τῶν
2986 1194 3247 1265 ῥημάτων
3279 1194 3387 1247 τῶν
3430 1196 3774 1267 προειρημέ-

2186 1309 2291 1347 νων
2320 1290 2425 1344 ὑπδ
2467 1289 2574 1342 τῶν
2619 1287 2933 1341 ἀποστόλων
2976 1287 3070 1339 τοῦ
3130 1287 3337 1359 Κυρίου
3383 1286 3542 1357 ἡμῶν
3592 1286 3770 1359 Ἰησοῦ

2185 1380 2468 1453 Χριστοῦ,
2521 1382 2603 1433 ὅτι
2647 1380 2831 1448 ἔλεγον
2872 1379 3040 1449 ὑμῖνσ
3086 1379 3210 1431 ’Ὁτι
3256 1378 3343 1432 ἐπ’
3396 1378 3625 1449 ἐσχάτου
3673 1374 3769 1432 τοῦ

2186 1475 2381 1545 χρόνου
2417 1472 2728 1526 ἐλεύσονται
2759 1471 3063 1540 ἐμπαῖκται
3100 1469 3241 1523 κατά
3284 1467 3383 1533 τὰς
3410 1467 3617 1523 ἑαυτῶν
3646 1471 3772 1523 ἐπι-

2187 1566 2387 1636 θυμίας
2418 1563 2782 1636 πορευόμενοι
2832 1561 2941 1617 τῶν
2992 1560 3281 1615 ἀσεϐειῶν.
3331 1555 3491 1616 Οὗτοί
3543 1563 3684 1614 εἰσιν
3717 1563 3771 1615 οξ

2186 1657 2642 1729 ἀποδιορίζοντες,
2682 1655 2925 1726 ψυχικοὶ,
2954 1653 3180 1724 Πνεῦμα
3221 1654 3296 1725 μὴ
3336 1640 3570 1724 ἔχοντες.
3609 1673 3629 1705 ι
3664 1656 3774 1707 Οὑ-

2185 1751 2301 1814 δείς
2350 1751 2448 1821 μὲν
2504 1748 2614 1817 γὰρ
2656 1747 2716 1800 τὸ
2761 1746 3027 1817 παράπαν
3072 1746 3212 1816 ἁγίῳ
3268 1744 3547 1815 Πνεύματι
3591 1744 3770 1798 λαλῶν

504 1862 771 1917 animales
805 1875 869 1913 ae
901 1857 1113 1923 timidi,
1160 1865 1215 1911 et
1247 1853 1457 1924 Spiritu
1504 1860 1696 1907 sancto
1731 1864 1960 1904 vacuum
1990 1864 2082 1906 cor

2190 1844 2417 1915 κατερεϊ
2461 1858 2513 1893 τι
2562 1840 2659 1910 τῆς
2707 1837 2864 1908 δόξης
2906 1835 3001 1890 τοῦ
3050 1836 3410 1903 Μονογενοῦς.
3458 1834 3633 1890 Τοῦτο
3662 1835 3773 1905 γὰρ

504 1954 804 2019 habentes,
847 1952 1046 2007 Filium
1098 1965 1127 2004 a
1159 1948 1323 2002 Patre
1355 1952 1683 2017 segregant,
1720 1942 2082 1998 substantialc

2188 1933 2327 1989 εἶναί
2363 1951 2504 2004 φημι
2554 1932 2612 1985 τὸ
2656 1931 2835 1999 λέγειν
2886 1929 3138 1998 ἀνάθεμα
3193 1928 3418 1998 Ἰησοῦς.
3460 1927 3688 1998 ’Ἄνδρες
3713 1926 3773 1981 δὲ

502 2043 807 2099 (Ιὶεοι-ἱηιθη
842 2043 1020 2110 ipsum
1065 2038 1268 2093 habere
1294 2035 1571 2099 dicentes,
1622 2032 2082 2103 quemadmodum

2187 2025 2444 2098 ψυχικοί,
2504 2025 2599 2078 καὶ
2657 2022 2919 2087 δείλαιοι,
2965 2022 3061 2076 καὶ
3110 2021 3204 2075 τοῦ
3254 2022 3411 2090 ἁγίου
3452 2021 3774 2092 Πνεύματος

503 2135 769 2188 nimirum
789 2138 841 2186 et
862 2137 1159 2193 creaturae,
1194 2136 1247 2181 et
1278 2125 1712 2196 unumquodque
1743 2138 1936 2177 eorum
1973 2137 2082 2191 qua

2188 2123 2404 2193 ἐρήμην
2460 2118 2675 2188 ἔχοντες
2743 2116 2841 2187 τὴν
2892 2114 3157 2185 καρδίαν,
3215 2114 3617 2185 ἀποδιορίζουσι
3674 2112 3772 2167 τοῦ

500 2224 650 2279 facta
685 2231 817 2278 sunt
847 2221 917 2276 ab
948 2221 1102 2290 ipso,
1133 2228 1187 2275 et
1220 2234 1287 2274 eo
1319 2217 1481 2272 modo
1512 2217 1667 2271 illum
1711 2229 1837 2270 esse
1887 2214 1941 2268 in
1984 2212 2090 2268 Pa-

438 2384 445 2387 ,
502 2326 586 2371 tre
615 2316 955 2378 sentientes,
996 2328 1103 2382 quo
1136 2327 1239 2366 nos
1273 2311 1327 2364 in
1359 2311 1474 2364 illo.

2191 2211 2407 2284 Πατρδς
2449 2209 2539 2264 τὸν
2583 2208 2745 2272 Υίδν,
2792 2205 3025 2274 ούσιώδη
3078 2206 3380 2275 φάσκοντες
3429 2205 3574 2277 ἔχειν
3605 2206 3773 2260 αὑτὸν

2191 2308 2291 2379 τὴν
2350 2301 2653 2373 διακοπὴν,
2706 2299 2959 2370 καθάπερ
3012 2298 3204 2371 ἀμέλει
3251 2298 3321 2353 τὰ
3371 2298 3617 2369 γενητὰ,
3675 2297 3773 2353 καὶ

500 2405 608 2459 τῶν
675 2403 805 2476 παρ’
856 2401 1023 2456 αὑτοῦ
1078 2400 1464 2472 πεποιημένων
1508 2400 1776 2466 ἕκαστον,
1831 2396 1969 2456 εἷναί
2029 2421 2086 2458 τε
2161 2403 2302 2460 οὑτω
2379 2396 2703 2471 φρονοῦντες
2743 2393 2903 2449 αὑτὸν
2952 2395 3009 2447 ἑν
3060 2394 3275 2464 Πατρὶ,
3331 2394 3582 2465 καθάπερ
3625 2394 3774 2464 ἡμᾶς

499 2501 558 2553 ὲν
596 2498 766 2569 αὐτῷ.

575 2573 713 2658 Ωὐὶίι
742 2604 871 2644 vero
900 2588 1014 2643 haec
1043 2587 1380 2653 scribentes,
1410 2602 1681 2643 summam
1713 2589 2082 2659 ignorantiam

501 2683 901 2756 prodiderunt,
950 2678 1183 2751 agedum
1218 2694 1248 2732 a
1279 2677 1567 2749 Scriptura
1603 2679 1790 2735 divina
1826 2681 2084 2736 conside-

498 2792 682 2831 remus
716 2790 942 2839 rursus,
979 2773 1160 2841 quoad
1192 2774 1415 2842 assequi
1450 2771 1617 2833 licet,
1654 2780 1707 2826 ct
1740 2773 2087 2829 auditoribus

499 2867 795 2924 ostendere
826 2880 1116 2932 conemur,
1156 2880 1259 2921 nos
1291 2864 1451 2919 aliter
1483 2865 1706 2933 quidem
1743 2880 1866 2920 esse
1899 2865 1955 2919 in
1989 2863 2082 2917 Fi-

498 2961 605 3023 lio,
642 2959 801 3014 aliter
836 2955 1036 3011 Filium
1077 2957 1133 3010 in
1169 2971 1271 3012 suo
1304 2954 1487 3010 Patre.
1530 2956 1643 3011 Nec
1689 2959 1834 3012 enim
1883 2957 2082 3011 volun-

497 3052 659 3106 tariis
694 3048 1017 3103 virtutibus.
1052 3048 1119 3102 ad
1173 3049 1354 3117 ipsum
1407 3046 1715 3111 formatus,
1771 3047 1952 3117 imago
2000 3055 2085 3102 est

2263 2585 2389 2637 Ὅτι
2441 2580 2498 2634 δὲ
2542 2580 2637 2651 τῆς
2681 2579 2759 2641 είς
2804 2578 2975 2649 ἄκρον
3009 2575 3281 2646 ἀμαθείας
3323 2577 3452 2630 εἴσω
3505 2576 3773 2651 βεϐήκασι

2188 2673 2415 2730 τοιαῦτα
2451 2671 2685 2743 γράφειν
2721 2668 3111 2740 τολμήσαντες,
3147 2670 3279 2740 φέρε
3310 2669 3461 2740 παρά
3497 2671 3597 2742 τῆς
3621 2673 3775 2737 θείας

2188 2768 2411 2839 Γραφῆς
2449 2760 2912 2832 διασκεπτὼμεθα
2951 2759 3111 2813 πάλιν
3136 2799 3150 2824 ,
3206 2759 3282 2823 ὥς
3335 2761 3484 2813 ἑστιν
3526 2762 3771 2831 ἐφικτὸν,

2191 2858 2458 2924 ἐπιδεῖξαί
2508 2874 2566 2909 τε
2617 2857 2728 2918 τοῖς
2784 2852 3159 2925 ἀκροωμένοις
3220 2852 3649 2923 σπουδάσωμεν,
3698 2856 3775 2919 ὡς

2196 2954 2401 3025 ἑτέρως
2438 2950 2536 3022 μὲν
2583 2949 2744 3019 ἡμεῖς
2800 2947 2965 3015 ἐσμεν
3017 2944 3076 2998 ἑν
3128 2944 3202 3014 τῷ
3245 2945 3376 3016 Υίῷ,
3414 2947 3671 3016 ἑτεροίως
3708 2964 3774 3016 γε

2196 3045 2302 3116 μὴν
2336 3046 2363 3096 ὁ
2394 3042 2520 3105 Υἱὸς
2572 3042 2630 3092 ἐν
2674 3036 2752 3109 τῷ
2791 3037 2908 3107 ἰδίῳ
2952 3037 3149 3109 Πατρί.
3186 3037 3260 3090 Οὑ
3310 3036 3418 3107 γὰρ
3467 3041 3590 3102 ταῖς
3630 3039 3775 3092 κατὰ

498 3142 826 3196 ειὼειιιηιὶ.υ
883 3139 1043 3205 ejus,
1097 3149 1264 3206 atque
1319 3137 1527 3191 ideirco
1571 3138 1623 3190 in
1668 3138 1789 3207 ipso
1822 3147 1947 3193 est:
1987 3133 2082 3191 sed

2190 3137 2408 3209 θέλησιν
2438 3135 2658 3201 ἀρεταῖς
2689 3130 2825 3202 πρὸς
2848 3129 3010 3184 αὑτὸν
3042 3130 3441 3202 μορφούμενος,
3468 3131 3636 3186 εἰκών
3658 3133 3774 3186 ἐστι

496 3233 650 3287 velut
696 3231 749 3284 in
800 3227 1092 3283 identilate
1138 3226 1415 3288 naturali,
1461 3234 1516 3280 ct
1563 3236 1826 3296 tanquam
1874 3225 2088 3281 habens

498 3336 667 3378 unam
698 3335 822 3375 cum
853 3334 918 3373 eo
946 3319 1336 3374 substantiam.
1361 3320 1479 3383 Qua
1506 3318 1572 3373 de
1603 3334 1660 3373 re
1687 3317 1852 3389 799
1874 3319 2089 3387 sapien-

496 3415 748 3470 tissimus
778 3413 869 3468 ille
897 3412 1139 3467 Joannes
1170 3412 1328 3467 testis
1359 3411 1521 3466 nobis
1550 3410 1815 3481 prodeat,
1849 3409 2039 3465 dicens
2071 3429 2082 3464 :

502 3528 522 3559 ι
554 3506 620 3560 Ει
666 3506 904 3561 societas
952 3514 1147 3559 nostra
1194 3503 1265 3557 sit
1316 3519 1442 3558 cum
1492 3500 1657 3558 Patre
1688 3510 1745 3556 et
1786 3518 1912 3557 eum
1947 3501 2087 3557 Filio

496 3599 619 3669 ejus
651 3596 779 3653 Jesu
810 3596 1035 3662 Christo
1056 3596 1126 3648 ’⁷.
1154 3614 1173 3648 ι
1199 3594 1486 3661 Quomodo
1506 3610 1635 3665 ergo
1661 3595 1834 3660 aiunt,
1860 3603 1953 3648 aut
1975 3608 2086 3664 quo

497 3698 661 3763 pacto
685 3687 1033 3744 contendunt
1058 3687 1377 3743 societatem
1408 3686 1568 3741 nobis
1590 3701 1712 3741 esse
1734 3685 1934 3740 debere
1956 3700 2081 3740 cum

496 3778 658 3834 Patre
687 3786 742 3834 et
769 3793 895 3833 cum
929 3776 1069 3831 Filio
1096 3776 1215 3846 ejus
1249 3773 1379 3831 Jesu
1413 3775 1691 3829 Christo?
1718 3772 1853 3827 Nam
1886 3774 1932 3828 si
1963 3773 2086 3829 sub-

498 3874 756 3927 stantiam
790 3878 1042 3924 nostram
1084 3863 1492 3936 quodammodo
1531 3865 1830 3919 miscentes
1872 3878 2084 3921 natura:

496 3964 722 4025 divinae,
754 3961 872 4016 sive
895 3957 1044 4012 Patri
1070 3970 1121 4013 et
1146 3956 1310 4019 Filio,
1332 3955 1386 4009 in
1405 3956 1569 4010 nobis
1596 3970 1717 4010 esse
1742 3957 2080 4026 putabimus,

498 4072 564 4111 ac
595 4070 703 4108 non
741 4052 924 4123 potius
954 4050 1046 4104 illa
1077 4065 1183 4105 vox
1216 4048 1487 4103 societatis
1519 4046 1587 4102 ad
1615 4049 1967 4103 voluntatum
2002 4052 2081 4106 si-

498 4144 1116 4212 militudinem‘spectat
1139 4181 1154 4206 ,
1186 4139 1463 4210 quomodo
1496 4154 1619 4194 eam
1658 4154 1783 4194 cum
1816 4139 1978 4196 Patre
2025 4150 2082 4198 et

496 4236 636 4293 Filio
669 4236 995 4292 habebimus
1017 4275 1030 4298 ,
1061 4249 1182 4288 cum
1209 4249 1278 4287 ex
1308 4247 1499 4286 eorum
1529 4233 1799 4288 sententia
1832 4249 1942 4288 non
1972 4236 2083 4289 sint

495 4326 1187 4384 consubstantialcs‘lAut
1233 4324 1382 4379 enim
1438 4340 1668 4380 necesse
1709 4335 1794 4380 est
1843 4326 2082 4383 ridicule

496 4421 679 4475 dicere
720 4434 851 4483 nos,
898 4418 1176 4488 propriam
1229 4423 1484 4470 naturam
1519 4426 1806 4483 secantes,
1841 4419 2077 4474 mediam

2189 3232 2290 3302 τῆς
2319 3229 2669 3291 ὑποστάσεως
2696 3225 2884 3289 αὑτοῦ,
2918 3225 3006 3279 διά
3030 3243 3089 3278 τε
3117 3225 3278 3279 τοῦτό
3315 3227 3464 3280 ἐστιν
3494 3227 3552 3280 ἐν
3586 3226 3738 3298 αὑτῷ
3757 3245 3771 3258 ·

2190 3320 2306 3374 ἀλλ’
2357 3318 2431 3382 ὡς
2480 3321 2539 3372 ἐν
2588 3317 2880 3387 ταυτότητι
2932 3317 3174 3387 φυσικῇ,
3222 3317 3316 3369 καὶ
3346 3316 3423 3379 ὡς
3458 3316 3586 3385 μίαν
3635 3315 3775 3387 ἔχων

2189 3398 2323 3482 πρὸς
2377 3410 2539 3464 αὑτὸν
2591 3409 2689 3481 τὴν
2749 3409 2958 3462 οὑσίαν.
3012 3408 3400 3478 Εἰσκεκλήσθω
3452 3408 3509 3460 δὲ
3562 3410 3776 3479 μάρτυς

2188 3505 2318 3576 ἡμῖν
2367 3504 2458 3556 ἐπὶ
2507 3501 2717 3565 τούτοις
2759 3503 2787 3555 ό
2837 3500 3148 3569 σοφώτατος
3205 3501 3494 3574 Ἰωάννης,
3550 3502 3770 3571 λέγωνο

2193 3616 2212 3649 ‹
2249 3596 2360 3651 Καὶ
2403 3592 2723 3667 ἡκοινωνία
2770 3593 2827 3646 δὲ
2873 3594 2906 3665 ή
2955 3591 3200 3664 ἡμετέρα
3246 3592 3384 3664 μετὰ
3424 3591 3518 3646 τοῦ
3556 3594 3774 3665 Πατρός

2187 3689 2281 3743 καὶ
2313 3687 2452 3761 μετά
2474 3687 2567 3741 τοῦ
2608 3684 2739 3739 Υἰοῦ
2766 3684 2930 3739 αὑτοῦ
2975 3686 3152 3757 Ἰησοῦ
3184 3683 3442 3758 Χριστοῦ.
3477 3705 3495 3736 ι
3525 3686 3652 3750 Πῶς
3678 3683 3772 3741 οὖν

2186 3783 2292 3854 ἄρα
2320 3776 2505 3850 ᾡασὶν,
2539 3780 2572 3852 ἢ
2616 3780 2756 3835 κατά
2796 3779 2919 3832 τίνα
2954 3777 3382 3851 διισχυρίζονται
3408 3778 3607 3849 χρῆναι
3642 3779 3770 3849 τρόο

2187 3888 2287 3924 πον
2314 3871 2412 3941 τὴν
2447 3869 2732 3925 κοινωνίαν
2762 3871 2911 3941 ἡμᾶς
2952 3869 3090 3941 μετά
3133 3868 3228 3922 τοῦ
3260 3870 3471 3943 Πατρδς
3501 3870 3595 3922 καὶ
3629 3868 3770 3940 μετά

2184 3962 2280 4016 τοῦ
2299 3963 2431 4017 Υίοῦ
2460 3962 2623 4017 αὑτοῦ
2640 3961 2815 4034 Ἰησοῦ
2834 3962 3090 4034 Χριστοῦ;
3115 3963 3177 4015 El
3206 3961 3306 4033 μὲν
3325 3963 3433 4035 γὰρ
3460 3963 3557 4033 τὴν
3580 3962 3768 4015 οὑσίαν

2185 4052 2374 4125 ὥσπερ
2410 4054 2509 4125 τὴν
2559 4054 2767 4106 ἑαυτῶν
2820 4052 3248 4123 ἀναμιγνύοντες
3293 4055 3360 4124 τῇ
3412 4052 3535 4124 θείᾳ
3582 4054 3765 4122 φύσει,

2184 4147 2303 4218 ἦτοι
2330 4145 2408 4218 τῷ
2451 4146 2627 4217 Πατρὶ
2658 4147 2753 4201 καὶ
2782 4146 2860 4218 τῷ
2908 4145 3024 4217 Υίῷ
3048 4184 3063 4212 ,
3095 4149 3151 4200 ἐν
3194 4146 3409 4210 ἑαυτοῖς
3443 4142 3586 4199 εἷναι
3615 4147 3768 4201 νοού-

2187 4236 2326 4307 μεθα
2345 4278 2359 4301 ,
2405 4236 2499 4291 καὶ
2544 4237 2664 4308 οὑχὶ
2706 4236 2907 4306 μᾶλλον
2941 4238 3038 4308 τῆς
3068 4236 3385 4303 κοινωνίας
3405 4239 3433 4290 ό
3460 4237 3619 4306 λόγος
3640 4277 3655 4300 ,
3688 4237 3768 4299 είς

2181 4330 2281 4402 τὴν
2311 4331 2417 4385 τῶν
2447 4330 2769 4401 θελημάτων
2804 4331 3096 4401 ὁμοιότητα
3129 4330 3340 4401 βλέπει,
3382 4331 3499 4393 πῶς
3529 4330 3597 4385 ἂν
3634 4330 3767 4402 ἔχοι-

2186 4438 2285 4491 μεν
2330 4420 2501 4491 αὑτὴν
2559 4420 2695 4491 μετά
2736 4419 2829 4472 τοῦ
2877 4420 3090 4491 Πατρὸς
3134 4421 3229 4474 καὶ
3278 4420 3417 4491 μετά
3465 4420 3558 4473 τοῦ
3608 4418 3764 4484 Υίοῦ,

497 4509 719 4582 quidem
746 4517 955 4580 partem
982 4507 1159 4571 Patri,
1193 4508 1426 4561 alteram
1454 4507 1612 4562 nobis
1646 4516 1699 4563 et
1728 4507 1868 4564 Filio
1895 4508 2079 4565 dedis-

2187 4514 2362 4566 καίτοι
2394 4514 2512 4565 κατ’
2548 4513 2789 4577 ἐκείνους
2836 4513 2935 4565 οὑκ
2968 4512 3136 4565 όντων
3179 4511 3517 4581 όμοουσίων;
3558 4512 3632 4564 Ἢ
3661 4512 3767 4582 γὰρ

497 4618 588 4667 se,
622 4611 788 4671 atque
820 4601 894 4655 ita
930 4601 983 4654 in
1008 4601 1076 4655 iis
1108 4614 1232 4655 esse
1260 4614 1510 4666 censere;
1545 4607 1659 4666 aut,
1696 4602 2078 4670 stupidissima

497 4696 587 4749 illa
624 4695 839 4748 ratione
872 4691 1082 4762 reiecta
1105 4731 1118 4755 ,
1150 4689 1388 4746 dicimus
1421 4691 1752 4747 voluntariis
1781 4693 2078 4749 virtutibus

494 4797 549 4843 et
582 4802 708 4842 cum
759 4785 945 4839 divina
994 4792 1158 4854 atque
1192 4781 1453 4839 ineffabili
1492 4783 1909 4855 pulchritudine
1943 4802 2079 4839 eon-

495 4879 829 4933 formatione
865 4884 1116 4932 nostram
1156 4884 1389 4931 mentem
1426 4877 1737 4932 exhilarare
1775 4886 2078 4943 conantes,

495 4969 783 5026 societatis
829 4970 1063 5040 gratiam
1111 4968 1275 5024 nobis
1316 4983 1660 5038 comparare.
1711 4969 1790 5022 An
1834 4984 1965 5040 ergo
2001 4969 2082 5024 sic

493 5063 742 5117 dicemus
774 5062 1045 5117 exsistere
1079 5061 1132 5114 in
1168 5058 1331 5116 Patre
1366 5059 1607 5124 Filium,
1649 5077 1746 5117 seu
1793 5063 2078 5117 relativam

492 5164 547 5210 et
582 5153 767 5209 studio
796 5154 1085 5225 quaesitam
1122 5153 1327 5208 habere
1360 5169 1485 5207 eum
1520 5151 1684 5207 Patre
1717 5154 2084 5210 societatem?

492 5247 560 5299 At
588 5262 687 5301 cur
718 5245 939 5300 demum
976 5260 1074 5315 per
1104 5245 1482 5314 aequalitatem
1518 5258 1748 5313 operum
1785 5259 1849 5299 ac
1884 5245 2082 5300 simili—

493 5338 735 5392 tudinem
770 5337 968 5392 deduci
1007 5337 1124 5391 vult
1161 5344 1412 5390 nostram
1464 5341 1701 5389 mentem
1747 5334 1814 5389 ad
1860 5336 2083 5392 indubi-

492 5437 608 5486 tate
643 5430 979 5487 credendum
1016 5430 1200 5499 ipsum
1251 5429 1306 5482 in
1357 5427 1522 5481 Patre
1570 5426 1791 5496 quidem
1836 5445 1993 5494 esse,
2028 5439 2084 5485 et

491 5536 691 5577 rursus
724 5521 781 5575 in
813 5521 998 5589 seipso
1033 5518 1239 5572 habere
1267 5516 1484 5571 Patrem
1511 5516 1537 5568 ἵ
1567 5516 1762 5568 Annon
1790 5516 1936 5570 enim
1963 5531 2080 5571 ma-

490 5611 912 5668 nifeStissimum
945 5615 1032 5664 est
1077 5608 1337 5662 omnibus
1368 5621 1432 5660 ac
1465 5620 1689 5672 verum,
1727 5607 1876 5677 quod
1909 5607 2076 5662 clari-

562 5789 610 5821 ³⁸
633 5786 760 5843 Jud.
792 5802 833 5853 ι,
864 5785 1055 5841 17-19.
1131 5782 1365 5838 "lCor.
1400 5797 1495 5847 xu,
1526 5783 1584 5837 5.
1658 5781 1922 5841 "lJoau.
1957 5799 1996 5850 ι,
2021 5784 2075 5840 5.

2185 4605 2399 4675 ἀνάγκη
2422 4604 2609 4656 λοιπὸν
2638 4605 2730 4657 καὶ
2753 4605 2901 4675 ἡμᾶς
2913 4603 2991 4656 τὰ
3014 4603 3248 4673 γέλωτος
3279 4602 3403 4667 ἄξια
3435 4600 3763 4674 φρονοῦντας

2185 4700 2359 4751 εἰπεῖν
2393 4698 2496 4761 ὅτι,
2529 4697 2626 4768 τὴν
2674 4696 2881 4750 οἰκείαν
2933 4696 3316 4757 διακόπτοντες
3346 4694 3527 4764 φύσιν,
3564 4693 3625 4748 τὸ
3666 4693 3765 4763 μὲν

2185 4788 2356 4857 ἥμισυ
2386 4785 2464 4858 τῷ
2513 4786 2726 4858 Πατρὶ,
2763 4787 2824 4839 τὸ
2871 4787 2927 4841 δέ
2975 4787 3160 4859 ἕτερον
3203 4789 3337 4857 ἡμῖν
3386 4786 3480 4839 καὶ
3526 4784 3606 4856 τῷ
3652 4783 3765 4854 Υἱῷ

2183 4879 2493 4950 δεδώκαμεν
2520 4923 2535 4948 ,
2587 4881 2728 4934 οὑτω
2766 4898 2826 4934 τε
2859 4881 2916 4933 ἐν
2967 4881 3148 4944 αὺτοῖς
3197 4876 3336 4933 εἶναι
3373 4878 3684 4949 νοούμεθα·
3731 4875 3763 4948 ἢ

2184 4972 2612 5044 παραιτούμενοι
2658 4972 2756 5043 τὴν
2804 4971 3150 5043 ἀποπληξίαν
3203 4970 3297 5024 τοῦ
3346 4970 3540 5039 λόγου,
3585 4956 3765 5039 φαμὲν

2181 5061 2263 5114 ὅτι
2309 5063 2433 5125 ταῖς
2480 5064 2621 5116 κατὰ
2652 5062 2871 5132 θέλησιν
2919 5063 3144 5134 ἀρεταῖς
3196 5062 3291 5114 καὶ
3331 5063 3398 5132 τῇ
3440 5058 3765 5131 συμμορφίᾳ

2181 5157 2247 5225 τῇ
2286 5154 2421 5224 πρὸς
2464 5155 2526 5208 τὸ
2561 5155 2703 5208 θεῖόν
2758 5172 2821 5208 τε
2874 5155 2969 5209 καὶ
3010 5156 3322 5227 ἀπόρρητον
3363 5151 3560 5216 κάλλος
3591 5167 3763 5205 κατα-

2185 5247 2498 5317 φαιδρύνειν
2525 5247 2616 5300 τὸν
2646 5248 2845 5301 οίκεῖον
2888 5246 3283 5312 σπουδάζοντες
3325 5245 3451 5299 νοῦν
3477 5285 3491 5309 ,
3534 5245 3637 5315 τὴν
3670 5244 3765 5312 τῆς

2184 5339 2470 5402 κοινωνίας
2519 5340 2733 5403 ἑαυτοῖς
2784 5339 3222 5411 περιποιούμεθα
3271 5338 3453 5409 χάριν.
3502 5332 3632 5409 Ἆρ’
3674 5331 3764 5389 οὖν

2181 5425 2353 5490 οὑτως
2388 5427 2621 5498 ἐροῦμεν
2654 5428 2922 5499 ὑπάρχειν
2957 5431 3014 5483 ἑν
3058 5430 3235 5501 Πατρὶ
3280 5428 3371 5481 τὸν
3415 5426 3566 5491 Υἰὸν,
3598 5427 3764 5498 ἧγουν

2182 5520 2440 5590 σχετικὴν
2466 5520 2559 5573 καὶ
2592 5520 3088 5593 ἑπιτετηδευμένην
3115 5520 3403 5574 κοινωνίαν
3446 5520 3594 5592 ἔχειν
3623 5517 3765 5591 πρὸς

2180 5608 2271 5663 τόν
2321 5612 2695 5679 γεννήσαντα;
2734 5612 2927 5667 Καίτοι
2974 5612 3026 5667 τί
3078 5612 3142 5684 δή
3192 5629 3322 5669 ποτε
3377 5611 3463 5667 διὰ
3509 5613 3610 5686 τῆς
3654 5607 3766 5664 τῶν
