3992 6316
195 333 286 391 ΞΗ

1259 334 1328 391 ΙΝ
1354 334 1642 393 JOANNIS
1690 331 2134 390 EVANGELIUM
2177 332 2303 388 LIB.
2338 332 2431 389 lX.

3335 342 3442 397 242

201 455 362 526 ἔργων
398 449 642 522 ίσότητός
673 467 732 504 τε
763 449 857 504 καὶ
898 453 1214 526 ὁμοιότητος
1248 454 1605 526 ποδηγεῖσθαι
1636 451 1758 524 βού-

1887 460 2027 507 atem
2058 466 2287 522 operum
2318 466 2347 504 a
2376 450 2537 507 nobis
2564 450 2769 523 inquiri
2802 454 3029 521 volens,
3060 460 3162 512 suo
3190 456 3338 515 Patri
3366 476 3446 519 se-

200 541 335 597 λεται
365 538 459 593 τὸν
490 541 757 612 ἡμέτερον
802 540 927 596 νοῦν
968 543 1062 597 ἐπὶ
1105 543 1169 597 τὸ
1220 544 1419 616 χρῆναι
1479 545 1759 598 πιστεύειν

1861 543 2038 612 ipsum
2067 542 2334 614 aequalem
2365 543 2640 610 ostendit,
2678 544 2815 601 adeo
2844 554 2902 601 ut
2935 547 3141 602 nullam
3174 549 3442 604 rationem

202 632 595 695 ἀνενδοιάστως,
636 632 713 696 ὡς
748 633 834 704 εἴη
881 634 978 705 μὲν
1008 634 1171 699 αὐτὸς
1200 637 1258 689 ἐν
1295 635 1505 708 Πατρὶ,
1558 635 1672 705 ἔχει
1705 635 1762 689 δὲ

1885 643 1971 682 am
2004 628 2202 685 habeat
2234 630 2323 683 illa
2355 630 2741 687 substantialis
2765 642 2817 687 et
2842 636 3110 691 naturalis
3133 637 3440 702 distinctio,

203 718 261 776 αὖ
287 721 447 775 πάλιν
475 723 533 774 tv
571 719 749 791 ἑαυτῷ
792 722 886 776 τὸν
929 721 1149 796 Πατέρα
1176 742 1191 790 ;
1229 721 1306 779 Ἦ
1337 727 1445 798 γὰρ
1475 727 1595 796 οὐχὶ
1627 728 1761 779 πᾶσι

205 811 583 883 πρώηλότατον
612 812 706 864 καὶ
742 812 941 883 ἀληθὲς
978 814 1222 887 ὑπάρχον
1259 817 1452 889 ὁρᾶται
1477 857 1491 880 ,
1540 818 1622 871 ὅτι
1662 817 1761 888 τὴν

204 905 301 957 τῶν
326 902 503 973 ἔργων
539 904 899 977 λαμπρότητα
930 907 1060 976 παρ’
1096 908 1249 979 ήμῶν
1280 906 1630 974 ἐξετάζεσθαι
1682 908 1766 961 θέ-

203 996 317 1057 λων,
344 994 593 1065 ίσοσθενῆ
626 997 903 1053 δείκνυσιν
932 1000 1125 1054 ἑαυτὸν
1164 999 1243 1071 τῷ
1285 1001 1400 1071 ἰδίῳ
1444 1000 1642 1072 Πατρὶ,
1689 1000 1764 1064 ὼς

204 1083 378 1138 οὐδένα
414 1084 574 1152 λόγον
602 1085 832 1157 ἐχούσης
863 1087 942 1140 ἔτι
990 1089 1088 1159 τῆς
1122 1090 1240 1143 κατ’
1270 1090 1460 1143 ούσίαν
1499 1091 1764 1160 διακοπῆς

206 1183 289 1231 καὶ
329 1177 564 1247 φυσικῆς
610 1177 929 1249 ἑτερότητος
954 1218 969 1244 ,
1026 1181 1075 1233 εί
1125 1182 1237 1244 τοῖς
1290 1180 1425 1245 ἴσοις
1481 1183 1764 1251 ἐπαυχοῖεν

204 1265 608 1337 κατορθώμασιν
641 1267 803 1331 αὑτός
838 1285 898 1322 τε
939 1271 1033 1325 καὶ
1063 1272 1091 1325 ὁ
1129 1272 1357 1343 Πατήρ;
1409 1272 1609 1326 Ἐννόει
1658 1272 1766 1343 γὰρ

204 1358 338 1419 ὅπως
394 1355 495 1408 οὐκ
539 1356 597 1408 ἐν
641 1355 852 1421 τούτοις
903 1360 1092 1429 ἡμεῖς,
1122 1359 1237 1413 ἀλλ’
1287 1361 1495 1434 ἑτέροις
1525 1362 1635 1415 τισὶ
1667 1363 1767 1435 τὴν

205 1447 330 1518 πρὸς
358 1445 451 1499 τὸν
479 1446 611 1499 Θεὸν
642 1449 992 1521 συμμορφίαν
1023 1450 1465 1522 ἐπιτηδεύοντες,
1495 1453 1595 1523 τῆς
1629 1453 1768 1524 πρὸς

204 1537 353 1592 αὑτὸν
411 1537 694 1600 κοινωνίας
754 1531 1074 1610 ἀξιούμεῦα.
1141 1542 1604 1616 Ἐποικτείροντες
1659 1545 1768 1617 γὰρ

205 1630 458 1701 ἀλλήλους
478 1669 493 1694 ,
534 1631 627 1683 καὶ
671 1630 777 1685 τῶν
806 1632 906 1703 τῆς
937 1634 1159 1704 ἀγάπης
1190 1633 1366 1706 ἔργων
1402 1636 1572 1708 ἀπρὶξ
1602 1636 1770 1707 ἐξημο

208 1721 381 1791 μένοι,
424 1723 519 1775 καὶ
572 1723 753 1776 πᾶσαν
804 1723 1216 1807 ἐπιτηδεύοντες
1270 1728 1368 1799 τὴν
1413 1729 1471 1781 ὲν
1523 1726 1602 1799 τῷ
1644 1728 1767 1783 καθ’

1862 720 1906 774 si
1931 720 2236 791 aequalibus
2260 719 2420 777 factis
2446 721 2561 792 ipse
2584 729 2639 776 et
2661 721 2822 778 Pater
2846 726 3176 795 glorientur.
3199 727 3442 784 Observa

1862 811 2005 866 enim
2026 820 2082 866 ut
2096 825 2204 864 non
2220 811 2273 865 in
2288 810 2374 867 bis
2392 828 2513 879 nos,
2535 812 2630 869 sed
2647 813 2769 869 aliis
2786 812 3115 885 quibusdam
3131 818 3446 874 conforma-

1860 901 2067 957 tionem
2091 902 2158 957 ad
2184 901 2353 959 Deum
2381 903 2653 971 colentes,
2680 907 2943 964 societate
2970 924 3099 964 cum
3127 910 3252 980 ipso
3273 911 3447 967 done-

1864 1006 2007 1045 mur.
2034 992 2141 1047 Alii
2167 994 2311 1047 enim
2336 994 2478 1049 alios
2507 994 2870 1060 miserantes,
2901 1005 2954 1053 et
2984 997 3277 1055 charitatis
3313 1014 3445 1069 ope-

1865 1082 2025 1137 ribus
2055 1084 2339 1139 mordicus
2370 1085 2727 1154 inhaerentes,
2756 1102 3086 1158 omnemque
3120 1091 3173 1144 in
3200 1089 3305 1145 hac
3329 1093 3447 1146 vita

1865 1169 2203 1226 honestatem
2226 1179 2280 1226 et
2301 1174 2626 1244 gravitatem
2658 1176 2921 1240 colentes,
2943 1185 3074 1233 tunc
3096 1187 3247 1235 certe
3275 1180 3364 1235 vix
3390 1181 3446 1235 in

1854 1260 1978 1327 Deo
2012 1278 2135 1319 esse
2168 1264 2428 1321 dicimur.
2468 1266 2642 1338 Cujus
2678 1268 2755 1323 rei
2793 1269 2952 1325 testis
2979 1280 3065 1326 est
3088 1269 3329 1328 Joannes
3357 1273 3447 1328 di-

1867 1369 1997 1409 cens
2019 1373 2032 1408 :
2054 1373 2072 1407 ι
2097 1355 2153 1409 ln
2183 1354 2285 1411 hoc
2314 1357 2520 1414 scimus
2547 1359 2675 1428 quia
2705 1360 2760 1413 in
2791 1360 2910 1430 ipso
2936 1376 3153 1417 sumus.
3178 1362 3281 1428 Qui
3312 1363 3449 1418 dicit
3486 1356 3491 1359 ”

1868 1461 1927 1500 se
1962 1448 2014 1501 in
2052 1447 2171 1518 ipso
2206 1463 2422 1505 manere
2448 1491 2463 1514 ,
2501 1449 2696 1516 debet,
2729 1452 2872 1507 sicut
2902 1453 2993 1508 ille
3023 1455 3364 1520 ambulavit,
3395 1465 3451 1510 et

1868 1537 1982 1608 ipse
2019 1538 2301 1594 ambulare
2332 1542 2430 1595 η.»
2476 1540 2543 1595 Et
2582 1558 2814 1598 rursus:
2847 1564 2865 1596 ι
2897 1543 3028 1607 Vos.
3056 1546 3271 1614 inquit,
3293 1547 3450 1617 quod

1870 1627 2104 1683 audistis
2134 1630 2203 1683 ab
2231 1629 2388 1684 initio
2409 1672 2422 1694 ,
2462 1631 2515 1685 in
2548 1632 2704 1686 vobis
2736 1643 3072 1702 permaneat.
3121 1635 3176 1690 Si
3208 1637 3259 1690 in
3295 1638 3451 1694 vobis

1871 1719 2238 1789 permanserit
2272 1722 2416 1791 quod
2454 1722 2690 1779 audistis
2721 1724 2788 1778 ab
2820 1725 2979 1779 initio
3002 1767 3016 1791 ,
3050 1733 3104 1781 et
3133 1742 3233 1784 vos
3264 1729 3320 1781 in
3356 1728 3451 1782 Fi-

202 1814 339 1885 ήμᾶς
368 1812 470 1884 βίῳ
502 1815 836 1885 σεμνότητα,
872 1816 993 1869 τότε
1043 1818 1107 1889 δὴ
1139 1796 1335 1889 ’μόλιςν
1356 1821 1415 1874 ἐν
1458 1796 1585 1891 Θεῷ.
1631 1817 1771 1875 εἶναι

1884 1811 1947 1864 lio
1978 1809 2220 1867 etPatre
2248 1812 2547 1869 manebitis
2576 1814 2643 1870 ".
2680 1835 2697 1866 ι
2724 1815 2790 1869 Ει
2819 1818 2950 1888 quid
2984 1819 3053 1873 sit
3082 1819 3217 1875 illud
3247 1821 3316 1875 ab
3344 1821 3451 1875 ini-

204 1903 485 1973 λεγόμεθα.
525 1905 633 1958 Καὶ
658 1904 868 1976 μάρτυς
901 1907 1153 1977 Ἰωάννης
1179 1908 1354 1978 λέγων
1374 1925 1389 1941 ⁸
1425 1930 1442 1963 ι
1483 1911 1570 1965 Ἐν
1597 1911 1772 1983 τούτῳ

203 1994 535 2066 γινώσκομεν
582 1997 665 2051 ὅτι
712 1998 770 2051 ἐν
816 1998 965 2070 αὐτῷ
1001 2000 1191 2070 ἐσμέν.
1239 2001 1298 2055 ’0
1329 2001 1503 2072 λέγων
1533 2004 1591 2056 ἐν
1622 2003 1773 2074 αὐτῷ

207 2086 414 2157 μένειν,
461 2087 700 2158 ὀφείλει,
750 2089 934 2155 καθὼς
970 2092 1180 2154 ἐκεῖνος
1209 2092 1583 2165 περιεπάτησε
1610 2135 1624 2161 ,
1679 2096 1775 2149 καὶ

202 2179 355 2243 αὐτὸς
396 2184 745 2252 περιπατεῖν.
798 2201 816 2234 ι
850 2183 963 2238 Καὶ
1010 2183 1206 2238 πάλιν·
1260 2203 1279 2238 ‹
1332 2186 1547 2257 Ὑμεῖς,
1584 2188 1772 2259 φησὶν,

202 2270 231 2322 δ
256 2272 346 2324 ἀπ’
375 2272 553 2345 ἀρχῆς
578 2273 872 2344 ⁴ήκούσατε,
900 2276 957 2330 ἐν
991 2276 1121 2347 ὑμῖν
1150 2277 1360 2347 μενέτω
1378 2295 1391 2309 ο
1426 2280 1520 2332 ἐὰν
1562 2281 1618 2333 ἐν
1645 2280 1774 2350 ὑμῖν

205 2363 354 2435 μείνῃ
380 2363 409 2417 ὃ
440 2366 536 2419 ἀπ’
569 2366 744 2437 ἀρχῆς
772 2366 1043 2436 ἠκούσατε
1069 2408 1085 2434 ,
1131 2370 1227 2424 καὶ
1262 2370 1421 2442 ὑμεῖς
1459 2372 1515 2425 ἐν
1547 2372 1624 2443 τῷ
1660 2371 1776 2443 Υἱῷ

202 2456 290 2510 καὶ
334 2456 392 2509 ἐν
441 2455 523 2528 τῷ
556 2457 729 2529 Πατρὶ
762 2462 996 2529 μενεῖτε.
1034 2478 1052 2510 ι
1081 2460 1194 2515 Καὶ
1235 2462 1290 2515 τί
1337 2463 1398 2515 τὸ
1439 2463 1532 2517 ἀπ’
1577 2464 1774 2536 ἀρχῆς,

199 2547 329 2618 ὅπερ
368 2549 509 2617 ἡμῖν
553 2547 928 2603 διακελεύεται
960 2550 1177 2621 μένειν,
1224 2553 1311 2606 ἵνα
1345 2554 1506 2624 ἡμεῖς
1538 2553 1689 2625 ὦμεν
1719 2558 1778 2610 ἐν

198 2635 342 2706 Θεῷ,
374 2636 546 2700 αὐτὸς
576 2638 709 2708 ἡμῖν
738 2637 889 2691 οὐδὲν
922 2632 1086 2710 ἦττον
1136 2643 1394 2710 σαφηνιεῖ
1434 2640 1608 2709 λέγων
1634 2682 1649 2707 ,
1697 2642 1778 2695 ὅτι

205 2747 223 2778 ι
253 2724 402 2797 Αὕτη
435 2727 588 2779 ἐστὶν
623 2728 657 2797 ή
686 2727 987 2796 ἐπαγγελία
1008 2771 1023 2795 ,
1055 2729 1122 2801 ἦν
1152 2731 1423 2800 ἠκούσατε
1454 2732 1548 2785 ἀπ’
1579 2732 1776 2804 ἀρχῆς,

201 2820 286 2874 ἵνα
326 2821 584 2889 ἀγαπᾶτε
632 2818 915 2891 ἀλλήλους.
956 2839 975 2872 ι
1021 2820 1265 2885 Ἀκούεις
1311 2823 1459 2886 ὅπως
1499 2823 1667 2894 ἐσμὲν
1722 2826 1780 2878 ἐν

199 2908 335 2981 Θεῷ,
364 2910 467 2982 τὴν
517 2909 739 2980 ἀγάπην
782 2909 1022 2980 δηλονότι
1052 2910 1152 2984 τὴν
1190 2913 1269 2976 είς
1297 2911 1561 2984 ἀλλήλους
1593 2916 1781 2985 ἐπιτη-

196 3003 461 3069 δεύοντες,
515 3003 611 3056 καὶ
638 3003 739 3076 τὴν
777 3002 872 3056 τοῦ
921 3003 1172 3076 Σωτῆρος
1222 3004 1526 3075 ίχνηλατεῖν
1557 3006 1778 3079 ἀρετὴν,

1874 1903 1950 1958 ιῑο
1975 1944 1988 1966 ,
2020 1904 2166 1974 quod
2198 1903 2251 1958 in
2282 1904 2442 1960 nobis
2475 1922 2699 1963 manere
2730 1908 2975 1978 jubetur,
3025 1920 3083 1965 ut
3129 1927 3232 1967 nos
3277 1913 3453 1968 simus

1875 1996 1930 2050 in
1967 1995 2109 2062 Deo,
2145 1996 2260 2067 ipse
2310 1997 2470 2053 nobis
2499 2000 2859 2056 nihilosecius
2889 2000 3193 2058 declarabit
3220 2002 3451 2061 dicens:

1882 2102 1900 2136 ι
1933 2080 2046 2138 Hoc
2090 2095 2176 2140 est
2226 2086 2582 2150 mandatum,
2642 2088 2788 2157 quod
2846 2088 3085 2146 audistis
3140 2091 3208 2146 ab
3260 2092 3455 2159 initio,

1874 2168 2040 2246 800
2072 2183 2131 2229 ut
2158 2176 2405 2248 diligatis
2438 2178 2676 2235 invicem
2712 2181 2777 2234 ’°.
2811 2200 2829 2232 ι
2860 2180 3033 2238 Audis
3065 2183 3347 2253 quomodo
3381 2184 3458 2240 si-

1877 2282 2001 2323 mus
2037 2268 2092 2322 in
2133 2267 2245 2324 Deo
2267 2309 2282 2333 ,
2316 2270 2641 2328 eharitatem
2683 2272 2945 2329 videlicet
2988 2277 3222 2331 invicem
3250 2268 3460 2333 icolen-

1878 2368 1960 2414 tes
1984 2401 1997 2423 ,
2032 2367 2087 2414 et
2119 2360 2430 2421 Servatoris
2472 2363 2734 2420 virtutem
2758 2404 2773 2429 ,
2812 2366 2997 2437 quoad
3038 2367 3203 2434 licet,
3252 2368 3459 2424 sectari

1879 2459 2143 2508 conantes
2167 2494 2181 2519 ,
2215 2454 2479 2510 virtutem
2513 2455 2641 2510 dico
2663 2495 2677 2519 ,
2713 2472 2821 2510 non
2867 2457 3018 2511 illam
3062 2458 3331 2513 cmlorum
3367 2468 3461 2513 aut

1880 2543 2201 2612 angelorum
2234 2545 2557 2600 creatricem
2582 2584 2597 2609 ,
2635 2560 2746 2600 non
2779 2554 2887 2616 qua
2923 2554 3127 2602 terram
3168 2548 3456 2615 fundavit,

1881 2640 1977 2687 aut
2010 2649 2161 2688 mare
2188 2634 2469 2701 extendit,
2512 2650 2613 2690 nec
2646 2651 2765 2691 eam
2802 2654 2910 2707 qua
2957 2638 3220 2694 inell‘abili
3269 2647 3325 2696 et
3371 2640 3460 2694 in-

1882 2726 2171 2781 scrutahili
2200 2731 2489 2795 potestate,
2523 2727 2690 2782 verbo
2735 2727 2987 2797 quidem,
3027 2736 3317 2785 ventorum
3350 2730 3463 2787 vim

1882 2813 2129 2879 sedavit,
2166 2821 2261 2868 aut
2291 2821 2542 2870 mortuos
2573 2816 2871 2884 excitavit,
2925 2827 3020 2872 aut
3064 2821 3227 2876 czecis
3279 2822 3461 2876 visum

1882 2903 2161 2968 restituit,
2200 2911 2297 2958 aut
2332 2905 2609 2975 leprosum
2647 2909 2900 2962 mumlari
2931 2909 3143 2978 jussit;
3180 2913 3274 2967 sed
3312 2912 3462 2967 illam

1884 2994 2071 3063 potius
2106 3009 2228 3064 quae
2262 2994 2624 3052 humanitatis
2658 2999 2962 3054 conditioni
2996 3002 3275 3071 congruit.
3310 3002 3464 3056 Inve-

198 3096 316 3151 καθ’
345 3099 474 3152 ὅσον
508 3098 619 3165 ἔνι,
668 3097 1100 3164 σπουδάζοντεςο
1154 3101 1355 3173 ἀρετὴν
1389 3101 1449 3155 δέ
1495 3118 1669 3172 φημι,
1717 3100 1777 3153 οὐ

1885 3084 2101 3140 niemus
2129 3099 2283 3148 eum,
2313 3086 2775 3154 quemadmodum
2800 3087 3005 3145 Paulus
3034 3090 3111 3144 ait
3134 3090 3203 3123 ³ο·
3224 3134 3240 3159 ,
3268 3091 3336 3145 ab
3362 3091 3464 3146 im—

196 3190 295 3261 τὴν
322 3191 380 3243 ἐν
415 3189 497 3261 τῷ
540 3189 798 3245 δύνασθαι
847 3192 1054 3257 κτίζειν
1104 3193 1371 3263 οὐρανοὺς
1411 3192 1444 3264 ἢ
1477 3193 1652 3246 ποιεῖν
1680 3193 1779 3261 ἀγ-

196 3279 384 3348 γέλους
411 3322 426 3346 ,
482 3281 518 3351 ἦ
550 3280 871 3356 καθιδρῦσαι
911 3284 1016 3354 γῆν
1040 3325 1055 3349 ,
1097 3282 1130 3356 ἢ
1173 3284 1450 3340 θάλασσαν
1488 3283 1777 3353 ἐξαπλοῢν,

195 3370 315 3426 οὕτε
352 3372 462 3443 μὴν
500 3371 597 3443 τὴν
626 3373 685 3427 ἐν
725 3373 918 3445 ἐκείνῳ
941 3374 1064 3427 καθ’
1087 3371 1116 3426 ὃ
1146 3375 1371 3447 ἀρρήτῳ
1403 3377 1496 3430 καὶ
1527 3376 1779 3447 ἀπεριερ-

195 3464 381 3536 γάστῳ
403 3463 659 3530 δυνάμει,
687 3464 834 3537 λόγῳ
862 3466 983 3536 μὲν,
1010 3465 1339 3538 πνευμάτων
1362 3467 1610 3538 ἐκοίμισε
1639 3467 1779 3538 βίας.

195 3554 438 3627 διανίστη
487 3555 549 3609 δέ
583 3555 710 3619 τοὺς
755 3555 1120 3628 τεθνηκότας,
1174 3556 1344 3629 ἤγουν
1402 3559 1512 3621 τοῖς
1562 3556 1783 3625 τυφλοῖς

195 3647 487 3720 ἐχαρίζετο
535 3648 599 3701 τὸ
643 3647 900 3719 βλέπειν,
949 3648 983 3720 ἢ
1037 3647 1116 3720 τῷ
1161 3647 1350 3721 λεπρῷ
1392 3648 1786 3720 καθαρίζεσθαι

199 3739 334 3809 μετά
362 3739 581 3812 πολλῆς
624 3756 772 3803 τινος
798 3741 898 3812 τῆς
925 3739 1176 3806 ἐξουσίας
1208 3741 1502 3795 ἐπέταττεν
1527 3757 1540 3772 °
1572 3740 1787 3812 ἐκείνην

194 3829 249 3883 δὲ
280 3832 489 3901 μᾶλλον
522 3831 667 3903 ἥπερ
696 3830 762 3885 ἂν
790 3831 1051 3903 ἀρμόττοι
1097 3833 1210 3896 τοῖς
1241 3832 1340 3904 τῆς
1369 3831 1786 3904 ἀνθρωπότητος

199 3923 442 3994 μέτροις.
492 3921 820 3996 Εὐρήσομεν
874 3923 1071 3989 αὐτὸν,
1122 3921 1311 3994 ὥσπερ
1353 3918 1448 3980 οὖν
1494 3924 1523 3974 ὁ
1578 3923 1786 3988 Παῦλός

199 4031 362 4084 φησι,
407 4014 801 4087 λοιδορηθέντα
854 4016 953 4086 μὲν
1003 4015 1156 4087 παρά
1205 4015 1315 4069 τῶν
1358 4016 1588 4070 ἀνοσίων
1653 4017 1788 4069 ’ῐου-

196 4105 360 4160 δαίων
388 4108 498 4161 οὐκ
526 4105 1040 4179 άντιλοιδορήσαντα
1070 4106 1150 4174 δέ,
1172 4107 1309 4161 ἀλλὰ
1354 4107 1632 4179 πάσχοντα
1664 4107 1783 4178 μὲν,

197 4199 295 4252 οὐκ
332 4199 721 4270 ἀπειλήσαντα
763 4200 841 4265 δὲ,
879 4199 1197 4272 παραδόντα
1237 4199 1293 4253 δὲ
1327 4198 1529 4269 μᾶλλον
1553 4198 1633 4270 τῷ
1671 4198 1793 4270 κρί-

197 4307 342 4344 νοντι
392 4290 656 4353 δικαίως.
710 4290 1035 4361 Εύρήσομεν
1088 4290 1253 4344 αὑτὸν
1304 4290 1537 4360 λέγοντα
1589 4290 1788 4345 πάλιν·

203 4396 221 4429 ι
252 4379 479 4434 Μάθετε
527 4379 626 4433 ἀπ’
665 4379 802 4449 ἐμοῦ
833 4380 914 4433 ὅτι
952 4380 1127 4451 πρᾶός
1161 4381 1277 4450 είμι
1310 4380 1406 4433 καὶ
1437 4378 1695 4442 ταπεινὸς
1720 4380 1788 4451 τῇ

1890 3177 1997 3248 piis
2018 3178 2240 3248 quidem
2274 3178 2476 3238 Iudaeis
2511 3181 2775 3238 conviciis
2799 3184 3056 3253 petitum,
3092 3186 3185 3240 sed
3222 3201 3331 3240 non
3368 3202 3464 3241 re.-

1890 3270 2305 3326 maledicentem
2328 3310 2343 3335 ,
2372 3279 2427 3327 et
2454 3273 2749 3343 patientem
2779 3281 2834 3328 at
2862 3291 2971 3330 uon
3004 3277 3332 3344 minantem,
3368 3278 3464 3332 sed

1893 3361 2201 3418 tradentem
2234 3365 2414 3432 potius
2440 3365 2592 3435 juste
2638 3365 2931 3436 judicanti.
2968 3368 3314 3425 Inveniemus
3340 3384 3462 3424 eum

1892 3464 2091 3507 rursus
2142 3452 2457 3507 dicentem:
2496 3472 2514 3504 ι
2543 3453 2750 3511 Discite
2784 3470 2813 3509 a
2848 3471 2936 3511 me
2968 3457 3100 3527 quia
3142 3457 3293 3512 mitis
3344 3472 3465 3512 sum

1891 3548 1946 3597 et
1971 3542 2198 3596 humilis
2226 3543 2424 3605 corde,
2457 3553 2511 3597 et
2540 3544 2837 3601 invenietis
2880 3547 3128 3616 requiem
3174 3548 3468 3606 animabus

1888 3634 2096 3690 vestris
2122 3634 2190 3687 ⁸¹.
2223 3653 2241 3687 ι
2268 3632 2437 3705 Igitur
2469 3643 2548 3689 tot
2578 3638 2859 3706 praeclaris
2893 3639 3155 3708 operibus
3184 3640 3469 3695 Christum

1889 3726 2073 3781 omnis
2100 3727 2260 3783 nobis
2294 3727 2519 3784 virtutis
2549 3728 2746 3784 ducem
2794 3729 2997 3785 imitari
3051 3732 3369 3797 studentes,
3413 3738 3469 3788 et

1890 3818 1950 3873 in
1976 3816 2139 3873 Patre
2170 3825 2223 3872 et
2250 3817 2306 3873 in
2339 3818 2464 3888 ipso
2492 3833 2712 3874 manere
2757 3818 3016 3887 dicimur,
3043 3821 3327 3890 praemium
3354 3823 3469 3875 vel-

1896 3908 1977 3961 uti
2005 3905 2284 3977 quoddam
2316 3921 2383 3962 ac
2409 3907 2836 3963 retributionem
2872 3908 3180 3965 honestatis
3211 3909 3347 3965 illud
3379 3924 3470 3965 re-

1895 4005 2206 4069 portantes.
2244 3996 2420 4055 Filius
2447 4006 2628 4053 autem
2652 4038 2669 4065 ,
2695 4013 2809 4054 non
2837 3998 3060 4068 quidem
3089 4015 3156 4054 ex
3189 3998 3279 4055 his
3311 4011 3468 4055 suam

1894 4089 2129 4160 probare
2160 4090 2279 4145 vult
2308 4090 2656 4152 claritatem,
2703 4090 2802 4145 sed
2852 4090 3246 4144 miraculorum
3298 4091 3471 4161 maje-

1895 4186 2092 4237 statem
2122 4195 2229 4250 qua
2258 4181 2375 4237 lieri
2407 4187 2589 4252 potest
2611 4181 2843 4236 solertia
2881 4179 3247 4248 attendentes,
3285 4183 3472 4239 consi-
3580 4245 3587 4252 _

1895 4272 2093 4329 derare
2118 4273 2276 4343 jubet
2306 4274 2458 4328 nulla
2488 4290 2553 4329 ex
2584 4282 2741 4344 parte
2781 4269 3098 4328 varianteui
3133 4289 3297 4345 quam
3339 4290 3471 4331 cum

1899 4381 2002 4422 suo
2036 4366 2199 4422 Patre
2231 4367 2397 4422 habet
2425 4366 2850 4422 similitudinem
2871 4405 2885 4431 ,
2916 4375 3082 4438 atque
3124 4368 3201 4424 ita
3248 4369 3475 4425 credere

194 4469 419 4540 καρδία,
447 4470 551 4523 καὶ
574 4470 838 4541 εὑρήσετε
868 4471 1173 4524 ἀνάπαυσιν
1199 4471 1320 4533 ταῖς
1344 4468 1544 4540 ψυχαῖς
1565 4467 1738 4539 ὑμῶν.
1769 4486 1779 4520 ι

1899 4459 2119 4514 demum
2149 4458 2293 4529 quod
2325 4474 2452 4512 cum
2501 4458 2575 4513 sit
2622 4458 3148 4527 consubstantialis,
3206 4461 3373 4517 habet
3416 4462 3473 4516 in

198 4560 410 4615 Οὐκοῦν
458 4560 556 4615 διὰ
595 4561 696 4631 μὲν
736 4561 847 4615 τῶν
885 4562 1157 4616 τοσούτων
1211 4560 1656 4632 κατορθωμάτων
1703 4578 1793 4633 μι-

202 4650 423 4718 μεῖσθαι
492 4650 894 4715 σπουδάζοντες
950 4651 1043 4704 τὸν
1100 4652 1320 4722 ἀπάσης
1393 4653 1525 4722 ἡμῖν
1590 4652 1794 4723 ἀρετῆς

198 4742 452 4812 ἡγεμόνα
490 4741 755 4812 Χριστὸν,
788 4739 846 4793 ἐν
870 4757 929 4793 τε
955 4740 1031 4812 τῷ
1066 4742 1244 4812 Πατρὶ
1284 4741 1380 4795 καί¹
1415 4743 1473 4794 tv
1521 4741 1670 4813 αύτῷ
1698 4742 1795 4813 μὲ-

199 4848 309 4886 νειν
346 4832 660 4904 λεγόμεθα,
689 4832 859 4902 γέρας
889 4831 1080 4903 ὥσπερ
1112 4833 1204 4886 καὶ
1227 4833 1573 4903 ἀντιμισθίαν
1601 4836 1702 4905 τῆς
1735 4835 1795 4887 ἐν

198 4919 302 4992 βίῳ
354 4921 704 4992 σεμνότητος
745 4920 807 4975 τὸ
852 4922 1088 4992 πρᾶγμα
1149 4921 1545 4993 κερδαίνοντες.
1607 4924 1669 4976 '0
1736 4923 1794 4977 δὲ

199 5013 329 5078 Υἱὸς
350 5015 459 5069 ούκ
493 5015 568 5068 ἐκ
592 5013 800 5068 τούτων
821 5014 969 5083 ἡμᾶς
991 5012 1089 5084 τὴν
1114 5012 1341 5068 ἐνοῦσαν
1372 5013 1521 5084 αὐτῷ
1549 5013 1795 5086 λαμπρό-

196 5120 335 5177 τητα
378 5104 715 5177 δοκιμάζειν
758 5104 1039 5176 βούλεται,
1090 5108 1155 5178 τῇ
1209 5106 1265 5160 δὲ
1315 5105 1425 5160 τῶν
1475 5105 1797 5178 παραδόξων

201 5198 605 5269 μεγαλειότητι
627 5198 765 5267 μετά
790 5197 887 5269 τῆς
921 5196 1144 5268 ἐνούσης
1178 5196 1459 5267 ἀγχινοίας
1487 5215 1796 5269 προσεσχη-

107 5308 113 5323 ί
197 5290 362 5353 κότας
396 5289 839 5345 διασκέπτεσθαι
884 5288 997 5343 δεῖν
1027 5287 1307 5343 ἐπιτάττει
1346 5289 1446 5361 τὴν
1475 5288 1797 5358 ἀπαράλλα-

196 5399 324 5437 κτον
343 5383 667 5454 ἐμφέρειαν
690 5379 758 5451 ἢν
777 5380 889 5449 ἔχει
915 5380 1051 5452 πρὸς
1079 5379 1169 5433 τὸν
1201 5379 1422 5452 Πατέρα
1453 5379 1546 5434 τὸν
1577 5380 1794 5446 ἑαυτοῦ,

197 5474 485 5528 πιστεύειν
524 5488 595 5526 τε
627 5470 769 5526 οὕτω
805 5471 992 5525 λοιπὸν
1034 5471 1110 5536 ὡς
1136 5472 1369 5544 ἐπείπερ
1411 5472 1560 5526 ἐστὶν
1601 5473 1799 5543 ὀμοού-

198 5579 335 5629 σιος,
380 5563 508 5635 ἔχει
545 5559 655 5633 μὲν
690 5562 749 5615 ἐν
773 5559 952 5631 ἐαυτῷ
985 5560 1076 5616 τὸν
1105 5563 1464 5634 γεννήσαντα,
1503 5562 1799 5634 ἐνυπάρχει

276 5746 325 5779 ³⁸
361 5742 381 5798 l
412 5744 593 5800 Joan.
631 5755 691 5810 ιι,
724 5741 776 5809 5,
806 5741 860 5797 6.
938 5744 981 5776 "
1025 5741 1159 5799 ibid.
1187 5743 1276 5799 24.
1358 5744 1402 5777 ³⁰
1443 5741 1463 5797 l
1499 5718 1665 5801 Joan.
1696 5758 1779 5813 ιιι,

1891 5783 1905 5798 .
1986 5742 2050 5773 ⁸⁸⁸
2080 5739 2102 5795 l
2128 5739 2278 5797 Petr.
2311 5755 2385 5808 ιι,
2416 5740 2505 5796 23.
2584 5740 2625 5772 ³¹
2667 5739 2857 5799 Matth.
2890 5756 2968 5805 ιι,
2993 5739 3083 5796 29.

1900 4552 2084 4621 seipso
2110 4548 2444 4616 Genitorem,
2476 4559 2531 4606 et
2562 4552 2679 4622 ipse
2722 4552 2776 4606 in
2828 4568 2893 4608 eo
2938 4560 3044 4609 est.
3099 4554 3320 4625 Alioqui
3366 4557 3470 4609 do-

1900 4652 2063 4698 ceant
2089 4642 2271 4697 obiter
2302 4642 2603 4698 adversarii
2639 4643 2850 4714 praemii
2882 4645 3035 4711 loco,
3070 4644 3236 4701 sicuti
3275 4644 3471 4713 nobis,

1902 4734 1956 4789 id
1988 4734 2038 4789 ei
2071 4749 2291 4804 quoque
2320 4749 2480 4797 esse,
2525 4743 2581 4790 et
2630 4736 3014 4795 retributionis
3063 4738 3191 4793 vitae
3236 4751 3474 4806 evange-

1903 4824 2056 4897 licae,
2092 4824 2239 4895 quod
2290 4824 2347 4879 in
2393 4823 2558 4880 Patre
2599 4825 2946 4897 intelligitur.
2992 4824 3100 4881 Sed
3152 4825 3477 4895 neutiquam

1902 4915 2050 4972 ismd
2080 4916 2161 4971 eis
2192 4931 2359 4986 grave
2384 4916 2521 4982 erit,
2552 4920 2774 4988 opinor.
2806 4916 3020 4984 Quibus
3050 4916 3195 4971 enim
3227 4917 3488 4986 petulan-

1901 5010 1995 5065 tiae
2019 5009 2236 5064 nullum
2261 5024 2432 5079 genus
2460 5018 2545 5064 est
2574 5009 2903 5065 intentatum
2925 5051 2940 5075 ,
2965 5006 3224 5079 quidnam
3253 5006 3477 5063 absurdi

1900 5103 2174 5158 intactum
2215 5103 2586 5173 reliquerint?
2618 5094 3221 5174 Respondebuntergo,
3269 5109 3329 5156 ut
3354 5114 3477 5156 cre-

1903 5196 2070 5251 dibile
2093 5203 2178 5252 est
2195 5236 2211 5262 ,
2233 5194 2438 5251 Filium
2467 5195 2674 5251 idcirco
2698 5195 2754 5249 in
2779 5193 2941 5249 Patre
2963 5208 3108 5258 esse,
3133 5201 3189 5249 et
3210 5193 3266 5247 in
3293 5191 3478 5263 seipso

1904 5304 2104 5345 rursus
2138 5288 2347 5344 habere
2375 5286 2629 5355 Patrem,
2661 5287 2791 5357 quia
2835 5286 3138 5343 virtutibus
3184 5301 3325 5358 quas
3373 5287 3478 5357 ipsi

1905 5396 2126 5453 quoque
2153 5380 2524 5451 assequimur,
2544 5378 2614 5433 ad
2645 5392 2768 5433 eum
2799 5377 3197 5434 conformatur.
3216 5379 3286 5434 At
3310 5378 3479 5450 quid-

1904 5474 1961 5527 ni
1991 5487 2188 5529 rursus
2207 5510 2223 5537 ,
2253 5470 2480 5541 inquam
2501 5508 2517 5535 ,
2556 5484 2592 5525 o
2643 5466 2806 5535 boni,
2837 5483 2964 5524 cum
3007 5467 3298 5542 Philippus
3327 5470 3479 5525 dice-

1905 5570 1989 5620 ret
2038 5581 2052 5617 :
2107 5581 2123 5613 ι
2154 5560 2383 5616 Domine
2405 5599 2421 5626 ,
2454 5557 2686 5615 ostende
2717 5559 2880 5618 nobis
2919 5559 3137 5619 Patrem
3160 5603 3174 5631 ,
3206 5580 3226 5616 ι
3253 5568 3479 5620 sanctos
