3992 6316
500 313 612 369 Ωιτ)

1504 309 1565 368 S.
1605 306 1884 366 CYRlLLl
1938 306 2412 369 ALEXANDRINI
2453 311 2774 371 ARCHIEP.

3660 310 3779 367 Ωιι

508 446 703 489 omnes
755 431 1039 506 apostolos
1089 429 1159 487 ad
1214 428 1509 502 imaginem
1564 436 1619 484 et
1668 428 2086 484 similitudinem

2194 429 2252 484 δὲ
2282 432 2377 486 καὶ
2409 432 2572 498 αὐτὸς
2602 432 2769 504 αὐτῷ.
2800 434 2873 486 Ἢ
2895 431 3298 486 διδασκέτωσαν
3325 429 3689 503 παρελθόντες
3722 430 3778 483 οῖ

507 531 763 581 exactam
797 524 920 595 ejus
955 521 1104 595 quod
1145 523 1202 578 in
1244 522 1430 577 animo
1475 520 1714 577 habebat
1764 520 2087 590 proferens,

514 615 772 671 Christus
792 614 975 670 aiebat
997 633 1012 670 :
1043 612 1254 669 «Tanto
1270 620 1377 668 tem
1386 627 1521 682 porc
1541 611 1829 667 nobiscum
1845 603 2089 666 invicem

477 721 722 781 ,snmus,
742 712 924 761 etnon
951 704 1264 776 cognovisti
1283 704 1544 759 Patrem?
1572 723 1591 755 ι
1617 704 1780 773 Atqui
1814 704 2088 760 neminem

502 798 741 852 aliorum
775 811 964 853 secum
998 797 1266 862 assumit,
1300 795 1397 852 sed
1432 796 1612 851 solum
1646 796 1809 867 801
1846 811 1905 850 sc
1936 793 2088 849 Patri

501 887 607 942 soli
639 901 989 956 comparans,
1022 895 1210 943 nostra
1243 886 1518 957 praeterit,
1552 893 1612 940 ut
1641 887 1802 941 valde
1831 894 2087 957 angusta,

500 993 746 1049 cumque
782 978 840 1033 in
873 978 959 1035 his
988 977 1236 1033 divinam
1264 977 1638 1034 substantiam
1672 985 1934 1032 accurate
1963 977 2086 1032 nol-

499 1067 578 1123 let
608 1069 958 1139 exprimere,
994 1069 1096 1126 soli
1130 1069 1239 1125 sibi
1269 1068 1735 1138 perfectissimam
1766 1068 2089 1125 similitudi-

501 1177 629 1217 nem
662 1163 969 1219 reservavit
996 1181 1048 1217 τι
1074 1160 1180 1229 Qui
1212 1162 1357 1218 enim
1386 1177 1473 1218 me
1504 1161 1677 1229 vidit,
1706 1161 1920 1232 inquit,
1950 1162 2095 1217 vidit

500 1258 555 1308 et
580 1251 853 1308 Patrem.»
884 1251 1092 1308 Deinde
1115 1251 1202 1309 his
1235 1251 1422 1307 statim
1453 1251 1776 1322 subjunxit:
1807 1271 1824 1304 ι
1847 1251 2088 1310 Creditis

501 1344 631 1412 quia
653 1358 754 1415 ego
773 1343 829 1398 in
855 1343 1040 1410 Patre,
1061 1352 1114 1399 et
1130 1341 1293 1397 Pater
1316 1343 1371 1397 in
1394 1358 1482 1398 me
1506 1343 1628 1398 est?
1655 1342 1915 1408 iQuamlo
1935 1343 2082 1398 enim

502 1436 966 1508 perfectissimam
1022 1435 1077 1490 in
1107 1436 1365 1491 omnibus
1413 1436 1582 1491 habet
1622 1434 2082 1501 similitudinem,

499 1530 778 1600 quomodo
803 1544 912 1585 non
940 1528 1104 1584 habet
1131 1528 1249 1598 ipse
1277 1528 1500 1583 demum
1527 1528 1583 1583 in
1616 1528 1800 1599 seipso
1826 1527 2044 1583 Patrem
2068 1568 2083 1594 ,

497 1622 599 1679 sed
628 1621 1038 1692 quodammodo
1068 1620 1303 1676 habetur
1329 1634 1359 1672 a
1385 1618 1594 1675 Patre?
1615 1618 1747 1674 Tale
1775 1620 1908 1690 quid
1937 1618 2083 1674 enim

2194 523 2261 576 δι’
2290 525 2540 589 ἐναντίας
2584 526 2667 579 ὅτι
2706 525 2875 597 γέρας
2907 524 3019 595 ἔχει
3041 563 3057 589 ,
3089 521 3340 594 καθάπερ
3368 523 3531 593 ἡμεῖς
3553 564 3568 589 ,
3607 521 3671 575 τὸ
3714 523 3780 574 ὲν

2192 615 2272 687 τῷ
2304 617 2484 689 Harp!
2529 618 2768 672 νοεῖσθαι
2817 618 2911 671 καὶ
2954 615 3120 680 αὐτὸς
3145 655 3161 681 ,
3204 615 3300 669 καὶ
3351 612 3628 678 πολιτείας
3674 613 3781 683 τῆς

2193 709 2334 763 κατά
2365 710 2531 781 νόμον
2561 709 2920 779 εὐαγγελικὸν
2963 708 3294 781 ἀντίρροπον
3322 705 3581 778 ἀμοιϐήν,
3628 704 3786 759 Ἀλλ’

2191 800 2365 867 οὐδὲν,
2402 792 2578 872 οἴμαι,
2616 800 2789 856 δεινὸν
2814 801 3042 865 ἐκείνοις
3071 799 3320 870 φαίνεται
3351 795 3649 853 καὶτοῦτο.
3677 790 3779 859 Οἷς

2191 892 2303 963 γὰρ
2335 887 2473 955 εἶδος
2505 891 2657 947 οὐδὲν
2686 889 3069 960 γλωσσαλγίας
3097 888 3549 960 ἀνεπιτήδευτον,
3586 886 3639 939 τί
3663 885 3779 939 τῶν

2191 983 2314 1037 λίαν
2363 985 2760 1055 ἀπηχεστάτων
2811 982 2910 1053 οὐχ
2951 980 3289 1052 ῖππήλατον;
3342 977 3506 1041 Εἰκὸς
3548 973 3644 1031 οὖν
3689 976 3777 1029 ὅτι

2191 1077 2417 1130 κάκεῖνο
2455 1074 2707 1148 ἐροῦσιν,
2738 1074 2816 1138 ὡς
2857 1074 2942 1145 είη
2981 1071 3080 1143 μὲν
3132 1071 3162 1124 ό
3200 1068 3329 1134 Υἱὸς
3370 1070 3428 1122 ὲν
3470 1069 3650 1138 Πατρί
3686 1066 3780 1120 aut

2190 1166 2372 1235 τοῦτο,
2413 1166 2528 1239 ἔχοι
2561 1167 2619 1221 δὲ
2643 1161 2710 1221 αὖ
2752 1165 2909 1221 πάλιν
2938 1164 2997 1217 ὲν
3027 1160 3205 1233 ἑαυτῷ
3230 1160 3322 1216 τὸν
3349 1160 3593 1229 Πατέρα,
3620 1157 3778 1211 ἐπεί--

2192 1276 2298 1331 περ
2321 1261 2444 1322 ταῖς
2481 1258 2578 1313 καὶ
2614 1260 2747 1330 ἡμῖν
2772 1256 3025 1329 ὲφικταῖς
3054 1255 3277 1325 ἀρεταῖς
3301 1294 3315 1317 ,
3344 1251 3419 1314 ὡς
3446 1248 3584 1320 πρὸς
3610 1248 3778 1302 αὐτὸν

2192 1351 2611 1422 σχηματίζεται.
2645 1349 2757 1403 Kal.
2776 1349 2829 1403 τί
2855 1348 2920 1418 δὴ
2955 1345 3140 1412 πάλιν,
3176 1339 3221 1398 ὧ
3248 1342 3535 1413 βέλτιστοι,
3566 1340 3781 1409 φαμὲν,

2188 1441 2456 1495 Φιλίππου
2504 1439 2755 1510 λέγοντος
2780 1455 2795 1468 θ
2837 1455 2857 1489 ι
2907 1435 3083 1508 Κύριε
3104 1475 3118 1499 ,
3159 1430 3331 1496 δεῖξον
3363 1431 3494 1501 ἡμῖν
3530 1427 3621 1481 τὸν
3654 1427 3776 1479 Πα-

2188 1534 2357 1605 τέρα,
2396 1551 2415 1585 ι
2481 1531 2557 1603 μὴ
2613 1530 2824 1594 πάντας
2877 1528 3006 1591 τοὺς
3062 1524 3252 1595 ἁγίους
3312 1519 3647 1582 ἀποστόλους
3694 1520 3811 1583 εἰς’

2189 1626 2376 1680 εἰκόνα
2399 1624 2495 1680 καὶ
2523 1622 2783 1695 ὁμοίωσιν
2817 1619 3018 1692 ἀκριϐῆ
3054 1615 3149 1671 τοῦ
3179 1612 3469 1684 νοουμένου
3502 1609 3777 1683 παραθεὶς

498 1717 701 1787 cogita,
716 1722 770 1770 et
787 1714 856 1770 ad
873 1728 1065 1770 eorum
1092 1729 1217 1784 qua
1239 1714 1387 1770 dicta
1409 1719 1538 1769 sunt
1555 1711 2083 1767 demonstrationem

2191 1719 2432 1789 ἔφασκεν
2469 1718 2497 1770 ὁ
2537 1715 2774 1788 Χριστός
2798 1730 2814 1744 ·
2845 1708 3098 1781 Τοσούτῳ
3127 1708 3303 1781 χρόνῳ
3358 1702 3497 1777 μετὰ
3518 1698 3784 1773 ’ἀλλήλων

501 1824 656 1880 cape.
690 1806 968 1878 Numquid
998 1809 1144 1864 enim
1167 1851 1182 1873 ,
1217 1807 1263 1863 si
1293 1806 1530 1861 Abrahm
1550 1845 1565 1869 ,
1597 1812 1692 1859 aut
1723 1804 1956 1860 alterius
1987 1818 2085 1859 cu-

2192 1787 2380 1884 ὲσμὲν,
2427 1809 2523 1864 καὶ
2559 1787 2661 1863 οὐκ
2694 1807 2940 1876 ἔγνωκας
2969 1803 3063 1857 τὸν
3094 1800 3356 1873 Πατέρα;
3395 1797 3538 1851 Ἀλλ’
3582 1795 3779 1849 οὐδένα

495 1895 719 1967 jusdam
746 1896 989 1953 hominis
1020 1896 1193 1950 filium
1225 1895 1426 1967 aliquis
1457 1896 1514 1950 in
1543 1894 1786 1950 medium
1818 1894 2085 1960 adducat,

499 1995 617 2042 tum
652 1988 923 2057 genitoris
948 1993 1199 2042 naturam
1222 1995 1452 2056 quaerat,
1475 1992 1943 2056 perconteturque
1965 1985 2088 2055 qui-

498 2095 629 2135 nam
657 2087 713 2136 et
742 2079 925 2151 qualis
955 2081 1026 2135 sit
1057 2079 1105 2134 is
1133 2079 1231 2150 qui
1264 2079 1487 2150 genuit,
1518 2086 1670 2135 recte
1700 2079 1898 2149 utique
1928 2093 2087 2136 suam

500 2175 757 2225 naturam
807 2170 1249 2236 demonstraret,
1299 2169 1495 2225 dicens
1527 2189 1589 2225 ιι
1620 2169 1724 2237 Qui
1771 2170 1913 2225 vidit
1964 2186 2085 2239 me,

498 2262 640 2317 vidit
661 2271 717 2318 et
739 2262 997 2332 patrem?
1030 2261 1146 2334 Ego
1174 2261 1229 2317 in
1257 2270 1433 2334 patre,
1459 2271 1514 2318 et
1549 2271 1706 2334 pater
1728 2264 1784 2318 in
1813 2279 1898 2319 me
1928 2270 2036 2320 est.
2063 2281 2082 2316 ι

502 2355 712 2412 Deinde
741 2366 797 2411 ut
830 2355 1146 2413 ostenderet
1174 2371 1235 2412 se
1271 2371 1402 2412 vere
1428 2355 1603 2426 loqui,
1651 2355 1919 2427 numquid
1951 2370 2085 2411 con-

500 2448 790 2504 venienter
819 2447 1044 2504 aﬂ'erret
1074 2448 1129 2504 in
1158 2448 1422 2505 humanis
1453 2447 1716 2518 operibus
1747 2456 1843 2503 aut
1872 2454 2090 2503 natura:

501 2540 727 2597 dotibus
770 2540 1114 2597 identitatem
1139 2581 1155 2608 ,
1186 2540 1379 2598 dicens
1406 2560 1418 2595 :
1453 2559 1472 2593 ι
1500 2539 1737 2612 Propter
1768 2556 1936 2612 opera
1965 2541 2086 2611 ipsa

502 2631 641 2685 mihi
694 2630 923 2688 credite.
957 2630 1217 2686 :Cuncta
1249 2631 1396 2686 enim
1449 2631 1662 2698 habeo,
1713 2638 1768 2688 et
1818 2647 2089 2703 peragere

501 2731 705 2779 cuncta
737 2737 880 2796 queo
908 2738 1033 2794 qua:
1074 2729 1289 2781 naturae
1336 2722 1596 2779 humana:
1644 2724 1860 2780 insunt.
1916 2724 2087 2796 Atqui

500 2830 633 2872 vera
661 2832 766 2874 nos
793 2816 979 2873 dicere
1007 2831 1172 2872 nemo
1197 2832 1309 2872 non
1335 2858 1350 2884 ,
1385 2816 1603 2888 opinor,
1635 2816 1762 2887 jure
1801 2815 2083 2884 fatebitur,

500 2921 558 2966 et
591 2910 883 2966 identitate
911 2911 967 2965 in
1003 2908 1214 2966 nostris
1255 2907 1522 2979 operibus
1569 2909 1624 2964 id
1666 2918 1828 2965 acute
1858 2909 2089 2970 demon-

502 3002 693 3058 strari.
725 3002 931 3070 Quidni
963 3017 1095 3073 ergo
1124 3000 1222 3073 qui
1252 3006 1403 3057 recta
1451 3008 1787 3071 pervertunt
1838 3002 1906 3070 ³²,
1940 3002 2083 3058 haud

499 3103 712 3152 rectam
743 3094 1018 3151 doctrina:
1051 3095 1305 3151 semitam
1343 3094 1607 3150 insistere
1642 3095 1762 3151 suis
1793 3094 2084 3166 discipulis
2113 3134 2157 3193 ο

504 3186 846 3258 persuadent
867 3226 883 3252 ,
914 3185 1013 3242 sed
1034 3230 1049 3253 ,
1085 3186 1281 3241 relicta
1309 3185 1399 3241 via
1428 3186 1580 3257 regia
1603 3225 1619 3252 ,
1653 3186 2000 3243 inaccessam
2030 3196 2087 3243 et

503 3294 758 3351 asperam
792 3280 1009 3335 calcare
1045 3294 1105 3334 se
1136 3278 1425 3350 ignorant,
1467 3285 1523 3333 et
1567 3288 1702 3334 suos
1747 3279 1992 3335 asseclas
2020 3295 2088 3337 eo

504 3372 847 3441 compellunt
875 3371 899 3426 ί
926 3369 1032 3427 Sed
1066 3386 1201 3437 nos,
1235 3370 1575 3442 ejuscemodi
1620 3371 1703 3424 via
1736 3371 1965 3437 relicta,
1992 3387 2089 3443 per

502 3473 713 3517 rectam
746 3462 1106 3527 incedemus,
1152 3469 1241 3529 et,
1285 3476 1575 3517 sacrarum
1618 3460 1951 3519 Litterarum
1993 3478 2090 3518 au-

501 3554 763 3610 ctoritate
804 3555 1038 3620 muniti,
1091 3553 1517 3625 aequipotcntem
1548 3561 1603 3608 et
1635 3553 2089 3610 consubstantia-

500 3647 612 3702 lem
661 3645 776 3702 Deo
820 3661 884 3702 ac
923 3646 1074 3703 Patri
1116 3645 1317 3702 Filium
1347 3647 1470 3718 ejus
1501 3649 1806 3703 secundum
1836 3657 2088 3704 naturam

500 3756 627 3798 csse
659 3741 975 3807 credimus,
1005 3740 1240 3812 ejusque
1281 3740 1578 3811 imaginem
1619 3756 1743 3797 esse
1764 3782 1779 3808 ,
1811 3750 1977 3812 atque
2008 3742 2093 3797 id-

501 3834 653 3890 circo
683 3834 738 3888 in
770 3833 934 3889 Patre
961 3849 1116 3897 esse,
1152 3841 1208 3889 et
1237 3832 1292 3886 in
1329 3834 1449 3899 ipso
1475 3830 1720 3890 Patrem.

2189 1905 2297 1960 τῶν
2314 1902 2489 1959 ἄλλων
2513 1901 2694 1972 ἐαυτῷ
2716 1896 3140 1969 συνεισδέχεται,
3174 1894 3336 1966 μόνον
3357 1891 3415 1945 δὲ
3437 1889 3585 1962 μόνῳ
3602 1904 3780 1959 παρα-

2191 1997 2305 2062 θεὶς
2337 1995 2418 2067 τῷ
2446 1994 2659 2067 Πατρί,
2694 1992 2772 2057 ὡς
2820 1988 2995 2063 μικρά
3049 1988 3146 2060 μὲν
3198 1984 3400 2056 θωμιδῇ
3433 1980 3778 2053 παρατρέχει

2190 2090 2258 2146 τά
2281 2089 2527 2161 ἡμέτερα
2552 2126 2568 2152 ,
2616 2086 2717 2140 οὐκ
2760 2085 2819 2138 ὲν
2866 2082 3080 2145 τούτοις
3106 2079 3167 2134 δὲ
3204 2076 3450 2150 ἀκριϐῶς
3491 2074 3592 2145 τὴν
3622 2072 3781 2127 θείαν

2190 2184 2378 2240 οὐσίαν
2410 2179 2835 2249 έξεικονίζεσθαι
2867 2175 3037 2230 θέλων
3057 2217 3072 2243 ,
3104 2171 3283 2243 ἑαυτῷ
3314 2170 3587 2241 τετήρηκε
3625 2166 3778 2238 μόνῳ

2190 2277 2288 2349 τὴν
2320 2277 2401 2340 είς
2442 2275 2619 2346 ἄκραν
2657 2270 2988 2342 ἐμφέρειαν·
3028 2284 3048 2319 ι
3095 2265 3155 2319 '0
3196 2263 3313 2335 γὰρ
3352 2259 3617 2333 ἑωρακὼς
3650 2258 3775 2328 ἐμὲ,

2190 2371 2345 2441 φησί,
2390 2367 2483 2423 τὸν
2506 2364 2727 2435 Πατέρα
2759 2361 3025 2433 ἑώρακεν.
3066 2378 3086 2411 ι
3119 2352 3257 2411 Εἶτα
3288 2353 3498 2416 τούτοις
3535 2351 3777 2441 ὲπήνεγέ

2190 2440 2287 2517 κεν
2321 2459 2512 2523 εὐθύςο
2552 2477 2571 2511 ι
2617 2454 2913 2510 Πιστεύετε
2953 2453 3037 2505 ὅτι
3083 2447 3196 2518 ἐγὼ
3234 2449 3292 2501 ὲν
3331 2444 3408 2516 τῷ
3437 2442 3638 2523 Πατρί,
3678 2440 3778 2494 καὶ

2189 2552 2218 2603 ὁ
2251 2548 2444 2622 Πατὴρ
2474 2549 2534 2603 δὲ
2563 2549 2621 2602 ὲν
2660 2544 2785 2616 ὲμοί
2823 2545 3008 2609 ὲστιν;
3045 2559 3066 2593 ι
3102 2540 3277 2593 Ὅπου
3305 2535 3414 2607 γὰρ
3445 2532 3775 2605 ἀπαραλλά-

2190 2658 2332 2705 κτως
2367 2640 2481 2712 ἔχει
2511 2637 2655 2693 κατά
2683 2652 2747 2705 γε
2772 2633 2869 2706 τὴν
2900 2632 3132 2687 εἰσάπαν
3171 2627 3493 2701 ἐμφέρειαν,
3527 2624 3647 2689 πῶς
3671 2624 3778 2677 οὐκ

2187 2735 2255 2790 ἂν
2302 2732 2415 2803 έχοι
2454 2728 2642 2784 λοιπὸν
2688 2725 2851 2786 αὐτὸς
2904 2723 3003 2795 μὲν
3031 2723 3109 2775 ’ὲν
3157 2717 3338 2790 ἑαυτῷ
3385 2717 3478 2771 τὸν
3526 2716 3776 2786 Πατέρα,

2188 2826 2373 2898 ἔχεται
2415 2824 2472 2878 δὲ
2523 2821 2713 2890 ὥσπερ
2752 2817 2858 2872 ὑπὸ
2903 2818 2998 2872 τοῦ
3041 2812 3285 2884 Πατρός;
3337 2810 3540 2865 Ἐννόει
3572 2810 3683 2878 γάρ
3723 2824 3781 2861 τι

2188 2916 2450 2978 τοιοῦτον,
2493 2913 2588 2966 καὶ
2620 2910 2757 2979 πρὸς
2786 2907 3063 2973 ἀπόδειξιν
3098 2905 3252 2976 δέχου
3289 2902 3398 2957 τῶν
3440 2900 3775 2974 εἰρημένων.

2188 3004 2337 3082 τΑρα
2371 3005 2502 3077 γὰρ,
2553 3004 2608 3057 εῐ
2644 3019 2731 3065 τις
2762 3001 2823 3055 τὸ
2878 2998 3151 3070 Ἀϐραὰμ,
3192 2997 3360 3067 ήγουν
3405 2993 3596 3082 ἑτέρου
3629 2991 3780 3055 τινος

2188 3080 2479 3172 ἀνθρώπου
2501 3096 2663 3166 τυχὸν
2697 3095 2779 3157 εἰς
2818 3092 2981 3164 μέσον
3012 3091 3216 3159 ἀγάγοι
3260 3086 3493 3148 παιδίον,
3523 3080 3642 3138 εἶτα
3675 3083 3778 3152 τὴν

2188 3191 2283 3247 τοῦ
2308 3188 2558 3252 τεκόντος
2588 3184 2721 3240 αὐτὸ
2760 3182 3050 3254 διερωτοίη
3082 3180 3266 3251 φύσιν,
3296 3178 3379 3242 τίς
3415 3195 3477 3230 τε
3514 3176 3655 3239 ὅλως
3689 3174 3779 3244 εἰη

2190 3285 2286 3340 καὶ
2313 3279 2553 3343 ποδαπὸς
2578 3280 2607 3332 ό
2641 3275 2818 3331 τεκὼν
2845 3273 3092 3346 βούλοιτο
3123 3271 3339 3344 μαθεῖν,
3377 3270 3478 3322 οὐκ
3518 3267 3584 3321 ἂν
3619 3265 3778 3319 εὐλός

2194 3393 2306 3446 γως
2334 3372 2608 3443 ὲφὼνησε,
2636 3367 2839 3440 μᾶλλον
2864 3365 3044 3436 δὲτὴν
3073 3364 3283 3418 οἰκείαν
3311 3359 3559 3425 ἐπέδειξε
3590 3358 3777 3428 φύσιν,

2191 3467 2401 3536 λέγων·
2463 3481 2481 3516 ι
2542 3463 2602 3517 '0
2650 3458 2914 3532 ἑωρακὼς
2945 3457 3047 3529 ἐμὲ
3071 3497 3086 3522 ,
3136 3454 3349 3527 ἑώρακε
3387 3453 3479 3506 τὸν
3521 3450 3777 3521 πατέρας

2209 3555 2351 3623 Ἐγὼ
2389 3556 2447 3611 ἐν
2491 3553 2569 3625 τῷ
2621 3552 2830 3622 πατρὶ,
2861 3549 2957 3604 καὶ
2988 3548 3018 3602 ὁ
3065 3547 3248 3619 πατὴρ
3292 3548 3350 3600 ὲν
3391 3542 3514 3615 ἐμοί
3549 3544 3719 3595 ἐστιν.
3753 3560 3772 3592 ι

2192 3646 2327 3706 Εἶτα
2362 3647 2511 3719 ’πρὸς
2552 3643 2827 3708 ἀπόδειξιν
2858 3639 2950 3696 τοῦ
2997 3639 3097 3711 τὴν
3145 3638 3402 3710 ἀλήθειαν
3436 3637 3647 3696 εἰπεῖν,
3676 3634 3778 3686 οὐκ

2182 3743 2251 3798 ἂν
2305 3738 2568 3813 παροίσαι
2619 3734 2940 3807 πρεπόντως
2993 3732 3094 3802 τὴν
3149 3730 3209 3783 ὲν
3246 3732 3359 3793 τοῖς
3410 3725 3778 3800 ἀνθρωπίνοις

2192 3832 2416 3903 ἔργοις,
2461 3830 2582 3900 ἦτοι
2642 3828 2896 3897 φυσικοῖς
2951 3823 3392 3894 πλεονεκτήμασι
3445 3818 3774 3887 ταυτότητα,

499 3928 706 3999 λέγων·
749 3948 768 3981 ι
804 3929 904 3983 Διά
938 3929 1012 3982 τὰ
1042 3927 1181 3999 ἔργα
1219 3926 1359 3980 αὐτὰ
1402 3926 1690 3981 πιστεύετέ
1724 3945 1834 3997 μοι.
1879 3947 1897 3980 ι
1938 3930 2089 4001 Ἔχω
2126 3929 2237 4001 γὰρ
2276 3929 2479 3991 πάντα,
2555 3922 2650 3981 καί
2689 3922 2932 3993 ἐνεργεῖν
3001 3917 3169 3989 ίσχύω
3218 3916 3288 3970 τὰ
3337 3918 3404 3987 τῇ
3456 3914 3776 3985 ἀνθρωπεία

501 4026 778 4096 προσόντα
803 4026 984 4094 φύσει.
1030 4022 1194 4087 Ἀλλ’,
1223 4018 1395 4093 οἶμαι,
1433 4024 1541 4086 πᾶς
1569 4041 1655 4086 τις
1678 4024 1798 4096 ὲρεῖ
1865 4026 1960 4079 καὶ
2026 4024 2331 4080 συναινέσει
2379 4017 2603 4081 δικαίως
2662 4016 2745 4070 ὅτι
2796 4013 3051 4082 λέγοιμεν
3098 4010 3316 4082 ἀληθῆ,
3388 4009 3645 4080 δριμεῖαν
3715 4006 3771 4058 δὲ

498 4116 610 4171 τῶν
655 4118 714 4169 ὲν
743 4117 856 4180 τοῖς
893 4115 1043 4180 ἰδίοις
1073 4113 1257 4187 ἔργοις
1305 4113 1583 4180 ἀπόδειξιν
1627 4115 1728 4186 τὴν
1767 4117 2077 4188 ταυτότητα
2113 4111 2518 4187 παρακομίσαι.
2555 4106 2622 4161 Τί
2656 4103 2947 4177 τοιγαροῦν
2973 4103 3024 4156 οἱ
3056 4101 3125 4155 τά
3153 4099 3330 4172 ὀρθῶς
3394 4099 3588 4170 ἔχοντα
3642 4098 3770 4171 ’δια-

502 4214 847 4285 στρέφοντες,
894 4211 969 4285 μὴ
1009 4212 1108 4283 τὴν
1141 4210 1361 4265 εὐθεῖαν
1384 4210 1494 4265 τῶν
1534 4212 1909 4285 θεωρημάτων
1941 4213 2080 4267 ἱέναι
2115 4211 2302 4285 τρίϐον
2333 4208 2460 4271 τοὺς
2496 4204 2660 4266 ἰδίους
2726 4199 3079 4256 ἀναπείθουσι
3120 4194 3407 4268 φοιτητὰς,
3443 4193 3604 4259 ἀλλὰ,
3676 4194 3773 4262 τῆς

501 4307 786 4378 βασιλικῆς
809 4324 871 4358 τε
896 4307 991 4359 καὶ
1011 4305 1381 4377 τετριμμένης
1406 4304 1734 4373 ἐξώσαντες,
1757 4308 1859 4377 τὴν
1883 4306 2080 4379 ἀστιϐῆ
2153 4306 2250 4361 καὶ
2316 4302 2577 4375 τραχεῖαν
2628 4294 2914 4368 ἐρχόμενοι
2960 4289 3309 4361 διαλελήθασι
3363 4287 3464 4360 μὲν
3510 4286 3773 4379 έαυτοξθςι

499 4399 846 4471 συντρίϐουσι
908 4399 967 4452 δὲ
1011 4400 1106 4453 καὶ
1151 4401 1281 4463 τοὺς
1335 4400 1568 4455 ἕπεσθαι
1621 4399 1735 4454 δεῖν
1791 4378 2077 4472 οἰομένους
2115 4400 2335 4463 αὐτοῖς;
2377 4394 2518 4449 Ἀλλ’
2547 4393 2731 4463 ἡμεῖς,
2776 4388 2837 4443 οὑ
2879 4385 3088 4457 ταύτην
3116 4383 3402 4478 ἐρχόμενοι
3632 4378 3773 4478 ὁδὸνί

494 4492 595 4560 τὴν
645 4489 907 4560 εὐθυτενῆ
956 4489 1323 4560 βαδιούμεθα,
1374 4491 1505 4557 καὶ,
1552 4495 1665 4557 τοῖς
1697 4470 1890 4565 ἱεροῖς.
1930 4493 2241 4563 πειθόμενοι
2306 4488 2680 4560 Γράμμασιν,
2730 4479 2979 4549 ίσοσθενῆ
3022 4478 3117 4532 καὶ
3183 4472 3469 4544 ὁμοούσιον
3506 4470 3585 4541 τῷ
3657 4470 3778 4538 Θεῷ

495 4586 589 4639 καὶ
631 4584 808 4656 Πατρὶ
856 4584 1185 4655 πιστεύομεν
1233 4581 1373 4640 εἶναι
1420 4587 1511 4640 τὸν
1559 4587 1617 4654 ἐξ
1670 4589 1837 4643 αὐτοῦ
1879 4592 2213 4664 γεννηθέντα
2279 4584 2423 4640 κατά
2467 4581 2628 4653 φύσιν
2668 4577 2834 4643 Υἱὸν,
2898 4575 3084 4629 εἰκόνα
3131 4590 3191 4627 τε
3245 4572 3513 4643 ὑπάρχειν
3583 4565 3774 4633 αὐτοῦ,

493 4675 583 4728 διά
610 4691 671 4728 τε
703 4672 863 4729 τοῦτο
894 4675 1058 4729 αὐτὸν
1087 4677 1187 4746 μὲν
1223 4672 1366 4730 εἶναι
1396 4678 1453 4732 ἐν
1486 4679 1680 4751 Πατρί,
1721 4681 1780 4735 ὲν
1808 4682 1990 4754 ἐαυτῷ
2019 4683 2077 4736 δὲ
2113 4681 2207 4735 τὸν
2238 4676 2482 4748 Πατέρα.

564 4764 707 4832 XIV,
742 4766 831 4834 12,
864 4767 950 4822 13.
980 4769 1167 4833 Amen,
1197 4787 1352 4824 amen
1376 4770 1494 4826 dico
1519 4773 1683 4840 vobis,
1709 4775 1801 4845 qui
1824 4775 1993 4830 credit
2016 4775 2073 4828 in

2261 4767 2459 4837 Ἀμὴν,
2490 4765 2655 4837 ἀμὴν
2685 4762 2840 4830 λέγω
2887 4759 3050 4831 ὑμῖν,
3104 4760 3137 4812 d
3175 4755 3478 4811 πιστεύων
3516 4755 3605 4819 είς
3647 4754 3775 4824 ἐμὲο

496 4874 577 4911 me
601 4897 616 4922 ,
662 4872 822 4925 opera
845 4874 964 4929 qua:
992 4875 1084 4929 ego
1101 4858 1243 4928 facio
1264 4903 1279 4925 ,
1321 4871 1372 4915 et
1404 4863 1515 4932 ipse
1542 4862 1733 4933 faciet,
1781 4875 1832 4919 et
1868 4866 2079 4936 majora

2190 4862 2254 4915 τὰ
2285 4858 2428 4927 ἔργα
2456 4856 2495 4912 ᾰ
2534 4855 2648 4925 ἐγὼ
2695 4853 2864 4919 ποιῶ,
2915 4850 3194 4915 κάκεῖνος
3224 4845 3488 4913 ποιήσει,
3524 4846 3628 4899 καὶ
3649 4847 3778 4915 μεί-

496 4950 686 5001 Ιιονιιηι
717 4947 899 5018 faciet,
924 4951 1052 5020 quia
1071 4967 1166 5021 ego
1189 4950 1259 5005 ad
1283 4949 1502 5009 Patrem
1525 4955 1679 5011 vado.
1714 4955 1779 5009 Et
1808 4957 2080 5028 quodcun-

2190 4951 2324 5013 ζονα
2359 4951 2588 5005 τούτων
2624 4946 2886 5012 ποιήσει,
2925 4943 3016 4996 ὅτι
3057 4941 3172 5010 ἐγὼ
3204 4939 3355 5008 πρὸς
3394 4937 3504 4992 τὸν
3540 4937 3777 5007 Πατέρα

494 5056 593 5109 que
624 5040 886 5117 petieritis
927 5041 1143 5098 Patrem
1178 5043 1233 5097 in
1263 5047 1471 5101 nomine
1504 5064 1614 5102 meo
1639 5088 1653 5113 ,
1706 5049 1803 5103 hoc
1834 5049 2034 5119 faciam
2058 5066 2078 5114 ;

2190 5043 2528 5113 πορεύομαι.
2565 5040 2675 5095 Καὶ
2712 5038 2746 5092 ὅ
2776 5055 2830 5091 τι
2860 5036 2939 5090 ἂν
2977 5033 3269 5102 αἰτήσητε
3307 5031 3378 5085 ἐν
3416 5029 3498 5095 τῷ
3527 5030 3777 5099 ὀνόματί

498 5141 554 5186 ut
582 5132 915 5203 gloriﬁcetur
945 5133 1112 5191 Pater
1133 5138 1186 5191 in
1217 5136 1382 5194 Filio.

2190 5155 2319 5205 μου,
2352 5136 2529 5191 τοῦτο
2569 5131 2824 5199 ποιήσω,
2866 5130 2968 5183 ἵνα
2998 5124 3272 5195 δοξασθῇ
3300 5127 3334 5179 ὁ
3363 5123 3572 5193 Πατὴρ
3599 5122 3674 5177 ἐν
3697 5121 3775 5188 τῷ

2176 5229 2327 5295 νΥἱῷ.
3201 5283 3203 5286 ι

566 5309 623 5365 Si
663 5312 790 5383 quis
823 5330 988 5383 quam
1038 5317 1202 5388 longe
1249 5326 1395 5389 patet
1443 5318 1549 5374 loci
1599 5318 1767 5387 hujus
1804 5319 2079 5390 expositio

2258 5320 2357 5391 Εῖη
2388 5320 2487 5391 μὲν
2508 5318 2597 5383 ἂν,
2627 5315 2783 5385 εἴπερ
2828 5331 2906 5384 τῳ
2930 5313 3099 5375 δοκεῖ,
3145 5309 3223 5381 τῷ
3254 5309 3365 5362 τῶν
3394 5308 3772 5380 προκειμένων

494 5402 730 5461 dicendo
778 5408 1002 5464 extendi
1034 5410 1203 5472 velit,
1243 5410 1406 5480 longa
1440 5417 1491 5465 et
1533 5409 1643 5463 alta
1678 5410 1898 5480 quidem
1929 5420 2078 5467 esset

2190 5412 2506 5483 θεωρήματι
2535 5404 2976 5462 συνεκτείνεσθαι
3007 5402 3223 5463 πλάτει,
3257 5399 3467 5471 μακρὸς
3488 5399 3583 5452 καὶ
3606 5399 3771 5470 βαθὺς

491 5496 673 5551 oratio
705 5516 718 5550 :
754 5499 849 5553 sed
888 5500 1020 5569 quid
1056 5501 1110 5556 in
1139 5500 1304 5570 802
1342 5515 1454 5555 rem
1487 5501 1803 5556 auditorum
1837 5504 1909 5559 sit
1953 5506 2076 5558 ani-

2190 5503 2212 5556 ό
2244 5503 2420 5572 λόγος’
2448 5501 2510 5555 τὸ
2537 5500 2594 5553 δὲ
2622 5501 2735 5560 τοῖς
2763 5494 3138 5568 ἀκροωμένοις
3167 5490 3476 5555 ἐννοοῦντες
3504 5489 3770 5545 λυσιτελέ-

493 5602 584 5643 mo
613 5599 897 5644 versantes
918 5628 934 5653 ,
965 5590 1186 5661 dempta
1227 5591 1498 5649 sermonis
1542 5593 1855 5663 prolixitate
1877 5635 1891 5663 ,
1950 5611 2076 5653 eum

2190 5614 2397 5669 στερον,
2427 5591 2855 5667 περιδράξασθαι
2889 5589 2997 5644 τῶν
3028 5586 3442 5660 σημαινομένων
3473 5582 3769 5657 οἰησόμεθα

566 5764 610 5796 ³³
649 5763 811 5819 Mich.
852 5779 946 5827 ιιι,
980 5768 1033 5818 9.
