3992 6316
313 320 428 376 2ιὸ

1381 314 1449 371 IN
1486 312 1775 372 JOANNIS
1807 310 2265 372 EVANGELIUM
2304 309 2437 369 LIB.
2477 310 2565 367 IX.

3471 307 3579 365 216

244 439 267 455 ‘
303 430 561 502 πρέπειν,
610 428 671 483 τὸ
698 427 834 483 πολὺ
861 426 955 482 τοῦ
996 428 1157 498 λόγου
1190 429 1633 499 περιστείλαντες
1667 430 1842 501 μῆκος
1870 442 1880 460 ε

1992 427 2449 499 erplanabimus:
2486 424 2595 483 erit
2625 424 2774 482 enim
2801 422 2893 483 hic
2921 423 3082 482 locus
3103 422 3214 482 isto
3239 424 3403 482 modo
3429 425 3579 481 mul-

297 520 388 591 είη
423 517 535 590 γὰρ
560 516 629 572 ἂν
659 516 802 571 οὕτω
835 519 1069 590 μάλιστα
1100 522 1214 583 τοῖς
1241 519 1457 585 πολλοῖς
1484 521 1892 594 εὐπαράδεκτον

298 609 365 663 τὸ
400 606 688 679 θεώρημα.
742 607 1040 675 Ἑπιδεῖξαι
1072 608 1363 681 τοιγαροῦν
1403 610 1666 683 ἐθελήσας
1700 612 1776 676 ὡς
1805 613 1890 683 εἴη

305 701 407 772 μὲν
454 699 738 771 όμοούσιος
768 700 848 771 τῷ
893 702 1006 773 ἰδίῳ
1037 702 1327 775 Γεννήτορι
1366 702 1460 757 καὶ
1493 705 1577 758 ὅτι
1606 706 1892 776 χαρακτήρ

301 795 453 846 ἐστιν
506 792 693 857 αὐτοῦ,
749 792 1084 865 φορούμενος
1135 793 1234 865 μὲν
1267 793 1343 858 ὡς
1382 795 1442 850 ὲν
1489 795 1784 867 ἀρχετύπῳ
1812 795 1892 867 τῷ

302 883 503 954 Πατρὶ,
552 882 693 955 ἔχων
736 899 802 952 γε
853 883 960 955 μὴν
1006 885 1067 938 ὲν
1115 884 1296 955 ἐαυτῷ
1338 886 1401 941 τὸ
1440 886 1771 959 ἀρχέτυπον,
1814 888 1893 952 ὡς

303 974 592 1045 χαρακτὴρ
614 972 859 1043 φυσικῶς
886 991 945 1027 τε
971 975 1062 1028 καὶ
1081 974 1373 1041 οὖσιωδῶς,
1401 976 1496 1031 καὶ
1513 976 1576 1030 οὐ
1601 974 1746 1030 κατά
1769 993 1892 1031 τινα

304 1065 688 1136 σχηματισμὸν
730 1064 821 1118 τὸν
866 1067 924 1117 ὲν
952 1065 1241 1120 διαπλάσει
1266 1066 1556 1138 νοούμενον
1607 1066 1756 1139 (ἄνω
1781 1066 1889 1138 γὰρ

304 1154 607 1225 σχημάτων
648 1154 711 1208 τὺ
747 1154 928 1219 Θεῖον,
980 1155 1104 1210 ἐπεὶ
1131 1157 1226 1211 καὶ
1256 1155 1607 1229 ἀσώματον),
1662 1176 1682 1210 t
1721 1157 1887 1228 Ἐγὼ,

299 1246 491 1314 φησιν,
517 1246 576 1300 ὲν
602 1244 682 1317 τῷ
706 1246 902 1317 Πατρί.
941 1248 1036 1301 καὶ
1063 1248 1092 1300 ὁ
1120 1247 1310 1319 Πατὴρ
1342 1248 1399 1302 δὲ
1425 1249 1483 1302 ὲν
1510 1249 1634 1320 ὲμοί
1664 1251 1830 1303 ἐστιν.
1865 1268 1884 1301 ι

314 1336 460 1390 Ἀλλ’
504 1336 591 1391 ἴνα
630 1337 732 1407 τῆς
776 1338 1073 1408 ἐμφερείας
1100 1338 1218 1408 ’τὴν
1264 1339 1484 1411 ἰσότητα
1530 1340 1708 1395 καὶτὸ
1753 1341 1889 1413 σύμ-

301 1446 516 1501 μορφον
543 1430 982 1502 ἀπαραλλάκτως
1013 1431 1089 1503 μὴ
1116 1433 1240 1486 καθ’
1269 1432 1459 1504 ἕτερόν
1482 1451 1605 1487 τινα
1637 1434 1889 1503 ζητῶμεν

296 1518 506 1588 τρόπον
531 1519 565 1592 ή
599 1520 664 1573 ὲκ
700 1520 878 1590 μόνων
909 1520 1017 1574 τῶν
1043 1524 1110 1592 τῇ
1140 1522 1300 1590 φύσει
1329 1522 1641 1594 προσόντων
1672 1523 1890 1577 πλεονε-

299 1608 603 1678 κτημάτων
647 1607 942 1676 (ὲντεῦθεν
972 1609 1082 1681 γάρ
1123 1606 1190 1682 ἧν
1233 1610 1467 1683 ούσιώδη
1513 1612 1608 1665 καὶ
1652 1611 1889 1682 φυσικὴν

296 1699 438 1770 ὀρᾷν
469 1699 566 1771 τὴν
592 1698 908 1771 ὁμοίωσιν),
968 1702 1081 1755 (Εἰ
1130 1701 1189 1756 δὲ
1242 1701 1337 1774 μὴ,
1389 1703 1586 1773 φησὶν,
1638 1702 1747 1758 ἀπὸ
1778 1703 1887 1757 τῶν

1995 520 2066 576 tis
2111 525 2274 590 captu
2319 517 2519 574 facilis.
2553 515 2762 573 Volens
2795 518 2966 590 igitur
3008 517 3305 590 ostendere
3353 532 3413 574 se
3454 532 3579 573 esse

1994 588 2217 684 quidem
2249 626 2350 668 suo
2375 610 2525 666 Patri
2554 588 3086 668 consubstantialem
3119 611 3357 682 ejusque
3384 611 3578 665 chara-

1992 713 2230 770 cterem,
2268 703 2363 775 qui
2400 704 2458 759 in
2487 702 2651 759 Patre
2677 710 2940 774 tanquam
2974 705 3030 759 in
3058 704 3364 775 archetypo
3397 701 3578 757 conti-

1994 804 2189 851 neatur
2213 838 2229 861 ,
2269 794 2468 851 habeat
2516 802 2703 850 tamen
2754 796 2810 849 in
2861 796 3043 865 seipso
3074 795 3474 866 archetypum,
3515 801 3576 847 ut

1992 889 2283 944 character
2329 895 2531 943 natura
2585 894 2750 958 atque
2807 887 3161 957 substantia,
3218 904 3330 944 non
3388 896 3574 943 autem

1994 978 2168 1033 forma
2220 995 2285 1036 ac
2336 978 2508 1049 figura
2543 979 2796 1051 (ﬁguras
2841 980 2988 1035 enim
3038 979 3182 1037 Deus
3230 995 3340 1035 non
3388 979 3572 1049 capit,

1992 1083 2115 1124 cum
2152 1068 2224 1126 sit
2256 1070 2615 1141 incorporeus
2638 1071 2656 1141 )
2682 1109 2699 1133 ,
2740 1089 2759 1123 ι
2799 1070 2934 1142 Ego,
2964 1072 3172 1139 inquit,
3203 1072 3259 1125 in
3286 1070 3486 1134 Patre,
3519 1078 3575 1125 et

1993 1160 2152 1216 Pater
2196 1160 2256 1217 in
2303 1177 2389 1218 me
2427 1169 2533 1219 est.
2568 1181 2586 1214 ι
2628 1162 2733 1219 Sed
2781 1168 2841 1217 ut
2872 1163 3258 1219 similitudinis
3291 1163 3575 1233 aequalita-

1994 1259 2100 1307 tem
2144 1260 2199 1307 et
2231 1251 2675 1309 conformitatem
2728 1268 2824 1324 per
2855 1254 3044 1309 omnia
3079 1253 3317 1309 similem
3353 1253 3575 1309 aliunde

1993 1358 2107 1398 non
2138 1358 2449 1414 quaeramus
2478 1359 2644 1415 quam
2692 1359 2759 1400 ex
2789 1346 2922 1401 solis
2954 1353 3169 1400 natura:
3198 1345 3572 1416 praerogativis

1993 1434 2163 1501 (hinc
2210 1436 2356 1490 enim
2398 1434 2824 1492 substantialcm
2875 1444 2930 1493 et
2981 1438 3292 1493 naturalem
3344 1451 3574 1493 cernere

1992 1523 2116 1578 licet
2146 1522 2571 1580 similitudinem
2598 1528 2649 1593 ),
2686 1545 2705 1577 ι
2734 1524 2977 1596 Alioqui,
3015 1526 3116 1591 ait,
3148 1534 3376 1598 propter
3404 1541 3572 1597 opera

1991 1615 2223 1671 credite.
2263 1635 2283 1668 ι
2318 1614 2487 1672 Recte
2516 1618 2719 1687 quippe
2751 1617 3105 1673 existimabat
3137 1618 3285 1689 quod
3310 1657 3327 1681 .
3365 1617 3413 1676 si
3445 1618 3572 1689 quis

1992 1721 2053 1762 se
2083 1707 2387 1777 aequalibus
2415 1723 2541 1764 cum
2588 1707 2700 1764 Deo
2743 1724 2808 1764 ac
2841 1708 3008 1764 Patre
3049 1709 3312 1779 operibus
3345 1709 3572 1781 conspi-

297 1788 484 1861 ἔργων
531 1789 838 1845 πιστεύετε.
869 1810 888 1843 ι
939 1792 1100 1877 ᾭετο
1141 1795 1251 1866 γάρ
1298 1793 1362 1866 δὴ
1405 1794 1526 1848 λίαν
1568 1794 1745 1863 ὀρθῶς
1790 1796 1880 1861 ὡς,

1990 1811 2153 1852 cuum
2191 1799 2476 1868 spectarit,
2505 1814 2604 1870 pro
2635 1799 2871 1855 naturali
2901 1794 3224 1857 charactere
3248 1812 3303 1857 et
3333 1800 3571 1871 imagine

296 1883 463 1956 εἰπερ
484 1886 621 1948 ὅλως
644 1883 900 1941 θεάσαιτό
927 1900 1012 1948 τις
1039 1885 1206 1939 αὐτὸν
1237 1888 1349 1949 τοῖς
1379 1885 1514 1949 ἴσοις
1539 1886 1889 1958 ὲκλάμποντα

300 1975 694 2047 κατορθώμασι
727 1975 805 2048 τῷ
837 1976 956 2048 Θεῷ
989 1978 1085 2031 καὶ
1115 1978 1313 2047 Πατρὶ,
1351 1980 1431 2043 εἰς
1465 1979 1693 2048 φυσικὸν
1720 1979 1889 2045 ὄντως

300 2068 674 2139 παραδέξαιτο
706 2070 1035 2140 χαρακτῆρα
1067 2070 1162 2122 καὶ
1195 2070 1383 2124 εἰκόνα
1424 2069 1526 2139 τῆς
1567 2071 1754 2135 οὐσίας
1786 2073 1887 2125 αὺ-

299 2158 398 2212 τοῦ
425 2174 439 2188 ⁸
494 2158 556 2211 ού
587 2157 696 2230 γάρ
725 2160 792 2212 ἄν
842 2175 974 2212 ποτε
1003 2159 1199 2231 δράσαι
1243 2158 1313 2213 τὰ
1344 2158 1433 2212 ἴσα
1466 2159 1543 2230 τῷ
1566 2159 1685 2231 Θεῷ
1710 2160 1771 2214 τὸ
1809 2162 1884 2231 μὴ

298 2250 369 2302 ἑκ
414 2248 549 2303 Θεοῦ
596 2250 734 2304 κατὰ
780 2249 963 2318 φύσιν,
1011 2250 1125 2305 ἀλλ’
1158 2250 1265 2303 οὐδ’
1299 2251 1366 2305 ἂν
1396 2251 1748 2323 προσγένοιτό
1778 2270 1882 2305 τινι

298 2338 411 2393 τῶν
440 2340 685 2411 γενητῶν
713 2339 774 2392 τὸ
813 2340 872 2394 ὲν
920 2339 1019 2411 ἴσῳ
1054 2342 1240 2412 μέτρῳ
1267 2344 1334 2412 τῇ
1369 2340 1489 2415 θείᾳ
1528 2342 1690 2413 φύσει
1720 2360 1883 2415 τερα-

296 2433 554 2500 τουργείν
598 2430 856 2487 δύνασθαί
894 2449 1047 2490 ποτε.
1089 2433 1302 2489 Ἀϐατα
1334 2435 1445 2506 γάρ
1488 2437 1584 2490 καὶ
1627 2436 1884 2506 ἀνέπαφα

297 2521 590 2587 παντελῶς
614 2525 728 2586 τοῖς
758 2521 818 2588 ἐξ
833 2522 934 2577 οὐκ
958 2522 1126 2578 ὄντων
1156 2526 1237 2589 είς
1268 2525 1329 2580 τὸ
1353 2521 1494 2580 εἶναι
1527 2527 1885 2597 κεκλημένοις

296 2613 368 2667 τά
400 2612 500 2666 τοῦ
531 2613 620 2667 ἀεὶ
650 2614 803 2679 ὄντος
835 2617 981 2681 ἰδίως
1013 2617 1197 2687 άγαθά
1221 2635 1235 2649 ο
1286 2617 1383 2671 καὶ
1412 2618 1496 2671 ὅτι
1532 2618 1631 2689 μὲν
1679 2619 1885 2672 ἀλοιδό-

298 2722 467 2775 ρητος
516 2706 794 2771 παντελῶς
840 2709 993 2779 παρά
1042 2726 1106 2778 γε
1138 2711 1251 2773 τοῖς
1293 2704 1353 2763 εὖ
1401 2709 1689 2781 φρονοῦσιν
1733 2711 1762 2763 ὁ
1791 2711 1882 2765 τοῦ

295 2796 554 2867 Σωτῆρος
580 2796 730 2851 ἔσται
758 2797 937 2868 λόγος,
980 2800 1280 2870 οὐδαμόθεν
1313 2801 1607 2856 ὲνδοιάσειν
1639 2802 1786 2866 εἰκὸς
1814 2798 1883 2875 ἦν

291 2903 468 2951 τιναςο
491 2888 710 2943 ἔσεσθαί
736 2907 801 2959 γε
824 2890 930 2961 μὴν
958 2894 1070 2953 τοῖς
1098 2892 1357 2948 τάναντία
1374 2893 1686 2960 δοξάζουσιν
1701 2895 1884 2964 ἑτερο-

290 2978 641 3044 διδασκαλίας
688 2982 943 3053 ἀφορμὴν
977 2985 1070 3037 καὶ
1116 2984 1389 3054 πρόφασιν
1448 2986 1543 3039 καὶ
1578 2986 1641 3038 τὸ
1701 2986 1883 3051 καλῶς

295 3071 743 3180 εἰρημένον,Λούκ
773 3074 1064 3145 ἠγνόησεν,
1109 3075 1185 3139 ώς
1217 3076 1368 3140 Θεός.
1420 3078 1538 3131 Ἵνα
1584 3077 1764 3133 τοίνυν
1801 3078 1876 3150 μὴ
1905 3121 1947 3180 C

290 3163 408 3225 τοῖς
439 3161 509 3216 τὰ
548 3162 684 3234 ὀρθά
716 3164 1133 3239 διαστρέφουσιν
1167 3167 1604 3238 άθυρογλωττίας
1648 3170 1707 3223 ὲν
1751 3168 1877 3222 τού-

289 3269 409 3315 τοις
438 3254 817 3325 περιλείπηται
843 3256 1024 3320 τόπος,
1059 3256 1192 3327 μηδὲ
1216 3258 1423 3326 λέγοιεν
1445 3260 1527 3312 ὅτι
1548 3259 1880 3332 δημιουργὸς

288 3344 404 3398 τῶν
441 3344 735 3416 θαυμάτων
764 3348 986 3417 γέγονεν
1018 3352 1047 3404 ὁ
1079 3350 1205 3414 Υἱὸς
1254 3352 1355 3404 οὐκ
1399 3352 1464 3404 ὲκ
1510 3351 1611 3422 τῆς
1653 3352 1879 3424 ἐνούσης

294 3436 483 3507 ἰσχύος
512 3437 662 3509 αύτῷ
703 3440 823 3494 οὐδὲ
851 3441 911 3507 ἐξ
961 3441 1100 3506 ἰδίας
1128 3442 1436 3514 δυνάμεως,
1483 3445 1597 3499 ἀλλ’
1648 3446 1879 3518 ἐπείπερ

289 3522 440 3598 εἶχεν
467 3529 525 3581 ἐν
558 3529 734 3599 ἑαυτῷ
760 3530 851 3584 τὸν
883 3532 1104 3604 Πατέρα
1133 3534 1390 3587 ποιοῦντα
1420 3534 1491 3588 τά
1517 3534 1677 3606 ἔργα,
1712 3535 1878 3591 καθά-

287 3636 403 3688 περ
431 3615 523 3672 οὖν
557 3619 716 3684 αὐτὸς
767 3620 872 3691 ἔφη
902 3622 996 3675 καὶ
1027 3622 1422 3695 διισχυρίσατο,
1476 3625 1879 3697 τεθεράπευκεν

287 3709 609 3778 ἀναγκαίως
633 3710 663 3762 ὁ
692 3711 899 3782 Κύριος
924 3717 1042 3778 ταῖς
1071 3715 1180 3768 τῶν
1210 3716 1497 3787 νοημάτων
1525 3720 1842 3788 ἐπαγωγαῖς
1859 3738 1873 3752 ·

287 3800 484 3854 ἑαυτὸν
522 3802 621 3872 μὲν
648 3802 759 3874 γάρ
786 3804 842 3857 ὲν
866 3804 1077 3871 τούτοις
1100 3806 1321 3862 ἔσεσθαι
1348 3810 1584 3881 χορηγὸν
1612 3811 1879 3881 ἐπαγγέλ-

284 3893 443 3947 λεται
462 3896 577 3958 τοῖς
603 3896 953 3952 πιστεύουσιν
979 3900 1057 3963 εἰς
1081 3900 1267 3966 αὑτὸν,
1291 3894 1476 3974 ὧνπερ
1503 3904 1569 3958 ἂν
1600 3905 1877 3960 ἐθέλουσιν

286 3986 484 4051 αἰτεῖν,
535 3987 630 4040 καὶ
663 3989 785 4060 ούχί
819 3991 990 4062 μόνην
1022 3993 1206 4057 αὐτοῖς
1238 3996 1638 4064 ἐπαγγέλλεται
1678 3998 1876 4052 τοσαύ-

285 4092 390 4146 την
422 4079 758 4150 χορηγήσειν
787 4081 1017 4154 δύναμιν
1051 4084 1147 4137 καὶ
1181 4084 1453 4151 ἐξουσίαν,
1485 4087 1622 4142 ἀλλὰ
1646 4089 1745 4160 τὴν
1782 4090 1876 4144 ἐπὶ

285 4168 427 4222 πολύ
450 4186 464 4200 ·
498 4171 719 4240 μείζονα
740 4172 868 4245 γάρ,
897 4176 1083 4246 φησιν,
1106 4168 1181 4231 ὧν
1205 4176 1315 4245 ἐγὼ
1339 4180 1615 4250 πεποίηκα
1636 4184 1871 4254 ποιήσει.

293 4259 465 4331 Ὂρᾷς
492 4256 586 4315 οὖν
616 4263 765 4327 ὅπως
809 4265 1109 4321 ἀνακόπτει
1139 4270 1425 4341 χρησίμως
1468 4272 1576 4326 τῶν
1622 4273 1689 4326 δι’
1723 4276 1874 4331 ὲναν-

280 4351 408 4415 τίας
447 4352 511 4406 τὸ
560 4353 781 4425 θράσος,
837 4358 933 4411 καὶ
984 4359 1337 4431 άνασειράζει
1365 4361 1567 4433 τρόπον
1611 4365 1733 4419 τινὰ
1761 4370 1874 4432 τοῖς

1992 1887 2322 1944 substantiae
2373 1887 2494 1960 ejus
2534 1889 2587 1947 ”.
2640 1889 2821 1961 ipsum
2872 1892 3181 1963 susceperit
3223 1910 3236 1947 :
3286 1908 3569 1964 nunquam

1989 1979 2134 2035 enim
2176 1980 2332 2051 paria
2390 1995 2517 2035 cum
2564 1977 2676 2036 Deo
2719 1981 2889 2037 faciat
2920 1982 3013 2054 qui
3047 1998 3114 2039 ex
3166 1982 3276 2039 Deo
3323 1998 3435 2039 non
3481 1990 3569 2040 est

1990 2069 2293 2125 secundum
2341 2078 2630 2136 naturam,
2684 2070 2781 2125 sed
2838 2085 3016 2140 neque
3068 2078 3322 2125 creatura
3368 2069 3569 2125 divinae

1988 2168 2201 2217 natura:
2249 2160 2533 2217 miraculis
2562 2161 2851 2231 patrandis
2891 2177 2990 2233 par
3019 2176 3143 2219 esse
3177 2162 3370 2233 possit.
3416 2160 3567 2217 Bona

1988 2252 2137 2307 enim
2189 2260 2402 2307 naturae
2452 2251 2601 2306 illius
2641 2267 2763 2321 qua:
2813 2266 3029 2322 semper
3088 2257 3172 2306 est
3220 2250 3437 2320 penitus
3478 2249 3565 2304 in-

1988 2357 2215 2400 accessa
2257 2349 2387 2400 sunt
2420 2343 2489 2399 iis
2520 2358 2644 2414 quae
2676 2358 2744 2399 ex
2773 2343 2946 2399 nihilo
2985 2343 3254 2414 producta
3287 2351 3458 2408 sunt;
3512 2346 3568 2396 et

1987 2435 2334 2505 inculpatum
2374 2433 2594 2506 quidem
2636 2448 2866 2505 prorsus
2897 2431 3044 2504 apud
3084 2441 3237 2489 recte
3265 2432 3565 2489 sentientes

1988 2526 2300 2582 Servatoris
2351 2540 2666 2581 sermonem
2715 2524 2872 2591 fore,
2923 2524 3188 2581 credibile
3231 2531 3351 2580 erat
3386 2523 3567 2579 nulla-

1984 2626 2145 2674 tenus
2203 2618 2554 2675 dubitaturos
2609 2618 2864 2688 aliquos;
2912 2626 3291 2673 verumtamen
3346 2615 3565 2677 haereti-

1983 2725 2079 2766 cos
2131 2724 2288 2765 novae
2334 2708 2609 2764 doctrinae
2640 2708 2997 2764 occasionem
3030 2716 3085 2765 et
3110 2715 3433 2780 praetextum
3472 2722 3563 2762 ar-

1983 2812 2239 2873 repturos
2259 2800 2424 2856 etiam
2450 2800 2502 2855 id
2530 2799 2677 2870 quod
2704 2807 2852 2855 recte
2874 2798 3085 2855 dictum
3108 2809 3248 2865 erat,
3274 2815 3386 2856 non
3408 2800 3564 2871 igno-

1984 2894 2161 2957 ravit,
2199 2900 2262 2946 ut
2303 2892 2474 2950 Deus.
2509 2890 2584 2947 Nc
2621 2890 2791 2961 igitur
2820 2890 2889 2945 iis
2925 2890 3019 2961 qui
3050 2899 3205 2946 recta
3245 2897 3565 2961 pervertunt

1985 2984 2306 3056 petulantia:
2356 2983 2512 3039 locus
2563 2983 2652 3038 hic
2696 2984 3107 3054 relinqueretur
3147 2983 3332 3049 ullus,
3383 2999 3563 3053 neque

1983 3077 2231 3134 dicerent
2260 3075 2524 3132 miracula
2561 3084 2814 3146 patrasse
2864 3073 3068 3129 Filium
3101 3089 3214 3130 non
3256 3074 3309 3129 vi
3337 3074 3563 3144 quidem

1980 3185 2046 3224 ac
2077 3174 2348 3240 potestate
2391 3183 2523 3233 sua,
2569 3167 2669 3223 sed
2700 3165 2832 3237 quia
2870 3166 3109 3222 habebat
3147 3167 3202 3221 in
3241 3167 3423 3237 seipso
3455 3164 3563 3219 Pa--

1980 3267 2118 3316 trcm
2167 3260 2457 3316 facientem
2506 3274 2669 3329 opera
2695 3299 2711 3326 ,
2751 3256 3218 3329 quemadmodum
3266 3257 3386 3328 ipse
3422 3256 3563 3312 dixit

1978 3361 2145 3424 atque
2186 3351 2571 3415 confirmavit,
2612 3350 2930 3406 necessario
2960 3347 3227 3403 Dominus
3256 3347 3561 3402 remedium

1979 3444 2181 3508 attulit,
2212 3443 2557 3514 subjungens
2588 3456 2645 3498 se
2674 3441 3029 3498 credentibus
3062 3441 3119 3494 in
3143 3455 3203 3495 se
3233 3439 3560 3509 largiturum

1977 3550 2043 3591 ea
2072 3550 2193 3605 quae
2218 3543 2405 3605 petere
2435 3534 2745 3600 voluerint;
2782 3548 2959 3603 neque
2985 3547 3122 3588 vero
3146 3539 3351 3587 tantam
3378 3547 3437 3587 se
3462 3532 3561 3587 da-

1977 3630 2164 3677 turum
2194 3623 2304 3677 vim
2350 3636 2416 3677 ac
2446 3629 2771 3692 potestatem
2813 3621 3123 3691 promittit,
3171 3621 3268 3677 sed
3324 3622 3561 3692 amplio-

1976 3728 2092 3768 rem
2120 3732 2133 3768 :
2165 3732 2184 3764 ι
2212 3712 2422 3783 Majora
2448 3713 2621 3778 enim,
2654 3712 2854 3783 inquit,
2891 3712 3059 3766 faciet
3088 3713 3175 3768 bis
3202 3728 3322 3784 quae
3343 3729 3443 3784 ego
3478 3714 3558 3769 fa-

1977 3806 2117 3862 cio.»
2148 3805 2313 3861 Vides
2344 3820 2474 3877 ergo
2495 3820 2605 3875 quo
2636 3813 2798 3876 pacto
2815 3803 3260 3861 adversariorum
3293 3804 3558 3875 infringat

1974 3898 2293 3964 audaciam,
2331 3904 2388 3954 et
2418 3882 2649 3953 revocet
2675 3896 3084 3967 quodammodo
3111 3911 3211 3952 eos
3237 3896 3333 3968 qui
3375 3896 3429 3951 in
3464 3912 3558 3967 pe-

1977 4000 2089 4046 tras
2112 3990 2244 4045 caeci
2275 3995 2463 4044 ruunt.
2490 3987 2643 4043 Dicet
2672 3988 2817 4044 enim
2843 3988 2926 4043 eis
2956 3987 3153 4057 aliquis
3181 4006 3195 4043 :
3229 3987 3274 4043 Ο
3304 3987 3462 4043 stulti
3491 4002 3557 4044 ac

1975 4084 2127 4149 caeci,
2146 4083 2239 4154 qui
2260 4082 2395 4136 nihil
2412 4097 2478 4137 ex
2497 4081 2680 4151 seipso
2698 4079 2894 4136 Filium
2915 4079 3098 4135 facere
3131 4094 3295 4150 posse
3324 4081 3552 4152 putatis.

1976 4174 2073 4231 sed
2098 4174 2148 4230 ei
2171 4174 2353 4228 datam
2381 4186 2503 4228 esse
2519 4172 2703 4241 potius
2729 4170 3121 4225 miraculorum
3144 4170 3308 4241 803
3333 4179 3556 4241 patran-

1973 4265 2169 4320 dorum
2201 4263 2311 4317 vim
2349 4276 2413 4316 ac
2447 4267 2773 4329 potestatem
2814 4274 2844 4313 a
2874 4258 3035 4315 Patre
3059 4299 3074 4322 ,
3117 4259 3394 4329 quomodo
3438 4275 3556 4315 ma-

1967 4356 2088 4427 jora
2124 4354 2382 4410 daturum
2419 4368 2480 4409 se
2517 4352 2807 4423 pollicetur
2832 4350 3188 4406 credentibus
3242 4351 3299 4405 in
3327 4351 3557 4422 ipsum?

280 4441 532 4513 ἐλέγχοις
552 4446 909 4539 ’ἐρχομένους
952 4450 1095 4505 κατὰ
1145 4452 1382 4524 πετρῶν.
1449 4452 1596 4525 Ἑρεϊ
1636 4457 1744 4529 γάρ
1785 4476 1870 4524 τις

1981 4445 2259 4515 Quomodo
2284 4444 2434 4516 quod
2463 4459 2577 4497 non
2624 4442 2752 4498 fecit
2780 4442 2893 4513 ipse
2923 4481 2938 4506 ,
2978 4441 3118 4498 alter
3148 4442 3415 4514 perﬁciet.
3442 4443 3555 4498 vir-

280 4537 470 4602 αὺτοίς
496 4555 509 4569 ο
551 4534 623 4591 Ὦ
658 4540 874 4611 ἀνόητοι
903 4543 999 4597 καὶ
1023 4545 1237 4614 τυφλοὶ,
1271 4546 1439 4617 μηδὲν
1472 4548 1533 4613 ἐξ
1563 4550 1758 4605 ἑαυτοῦ
1787 4551 1872 4605 δε-

278 4626 545 4696 δυνῆσθαι
577 4629 880 4700 κατορθοῦν
910 4632 1270 4705 ὑπειληφότες
1313 4634 1407 4691 τὸν
1436 4637 1584 4705 Υίὸν,
1640 4657 1870 4713 κεχορη-

279 4716 486 4787 γῆσθαι
513 4718 571 4772 δὲ
605 4721 806 4789 μᾶλλον
833 4722 931 4793 τὴν
966 4725 1050 4794 ἐφ’
1079 4726 1251 4781 ἅπασι
1280 4731 1393 4793 τοῖς
1429 4730 1748 4802 παραδόξως
1779 4750 1867 4786 τε-

279 4807 630 4879 τελεσμένοις
654 4810 883 4882 δύναμίν
906 4832 965 4867 τε
991 4816 1085 4868 καὶ
1110 4815 1355 4882 ἐξουσίαν
1379 4820 1483 4873 ὑπὸ
1506 4820 1600 4875 τοῦ
1630 4823 1863 4893 Πατρὸς,

281 4899 402 4963 πῶς
446 4900 544 4953 καὶ
596 4902 822 4972 μείζονα
852 4906 1175 4978 κατορθοῦν,
1229 4910 1626 4980 ἐπαγγέλλεται
1672 4913 1866 4970 δώσειν

278 4992 392 5053 τοῖς
420 4991 771 5048 πιστεύουσιν
796 4997 877 5060 είς
910 4999 1072 5052 αὐτόν
1098 5016 1113 5065 ;
1163 5000 1288 5066 Πῶς
1314 5001 1344 5055 ὃ
1375 5003 1449 5074 μὴ
1481 5004 1739 5077 δέδρακεν
1765 5007 1865 5060 αύ-

278 5081 390 5146 τὸς,
414 5082 604 5155 ἕτερος
630 5086 989 5158 κατορθώσει,
1012 5090 1111 5162 τὴν
1136 5094 1268 5165 παρ’
1288 5094 1452 5148 αὑτοῦ
1481 5094 1866 5164 δανεισάμενος

279 5172 544 5245 δύναμιν;
600 5176 709 5232 Θέα
735 5178 847 5248 γάρ
880 5181 1028 5247 ὅπως
1069 5184 1169 5238 οὐκ
1189 5185 1420 5257 εἴρηκεν
1449 5187 1508 5240 ὲν
1534 5188 1745 5253 τούτοις
1780 5189 1864 5243 ὅτι

279 5267 581 5339 χορηγήσει
626 5272 741 5335 τοῖς
787 5273 1104 5329 πιστεύουσι
1152 5276 1381 5348 δύναμιν
1408 5280 1436 5331 ὁ
1468 5279 1691 5349 Πατὴρ,
1746 5279 1862 5334 ἀλλ’

285 5374 304 5406 ι
337 5357 406 5409 "0
425 5374 480 5411 τι
522 5358 591 5413 ἂν
621 5362 881 5435 αἰτήσητε
928 5367 987 5419 ὲν
1014 5366 1091 5438 τῷ
1122 5368 1350 5440 ὀνόματί
1394 5386 1519 5440 μου,
1568 5371 1800 5442 ποιήσω.
1836 5391 1855 5424 ι

288 5446 349 5500 ⁸0
378 5448 435 5501 δὲ
465 5453 581 5516 τοῖς
609 5452 793 5521 ἄλλοις
819 5458 914 5511 καὶ
942 5458 1013 5511 τά
1039 5458 1212 5529 μείζω
1241 5460 1507 5516 δύνασθαι
1535 5461 1856 5534 κατορθοῦν,

277 5538 353 5603 ὡς
378 5539 532 5607 Θεὸς,
585 5545 878 5616 ἐπιδιδοὺς,
931 5551 1046 5615 πῶς
1079 5551 1145 5606 ἂν
1177 5553 1337 5618 αὐτὸς
1368 5555 1679 5626 ἐχορηγήθη
1729 5558 1856 5627 παρ’

350 5721 395 5755 ³³
431 5722 600 5781 Hebr.
635 5742 673 5790 ι,
710 5727 763 5782 '5.

1973 4546 2089 4595 tute
2116 4537 2185 4592 ab
2222 4553 2290 4592 eo
2320 4535 2610 4590 mutuata?
2640 4533 2892 4601 .Adverte
2920 4533 3066 4589 enim
3103 4541 3161 4588 ut
3200 4550 3311 4591 non
3343 4534 3439 4590 hic
3466 4535 3553 4590 di-

1968 4632 2106 4689 xerit
2135 4629 2351 4684 Patrem
2393 4628 2647 4683 fidelibus
2698 4627 2957 4683 virtutem
3008 4626 3365 4697 largiturum,
3415 4628 3537 4695 sed,

1977 4746 1995 4777 ι
2029 4722 2184 4791 Quod
2235 4720 2504 4793 petieritis
2559 4720 2615 4775 in
2670 4720 2897 4775 nomine
2938 4733 3081 4785 meo,
3114 4720 3219 4773 hoc
3268 4718 3490 4774 faciam.
3525 4738 3545 4773 ι

1970 4817 2076 4886 Qui
2098 4823 2229 4887 ergo
2250 4814 2396 4881 aliis,
2417 4820 2476 4868 ut
2494 4812 2659 4877 Deus,
2683 4812 2893 4882 majora
2917 4811 3170 4882 patrandi
3200 4810 3307 4864 vim
3330 4812 3545 4875 tribuit,

1968 4908 2243 4984 quomodo
2287 4907 2406 4978 ipse
2451 4906 2519 4961 ab
2563 4906 2685 4961 aliis
2713 4906 2817 4960 ista
2856 4904 3094 4959 faciendi
3130 4904 3389 4958 virtutem
3425 4919 3548 4959 mu-

1970 5002 2200 5060 tuetur?
2241 4999 2609 5067 Quamobrem
2635 5013 2793 5069 nugte
2822 5009 2950 5053 sunt
2987 4997 3174 5051 isthzec
3217 5010 3449 5076 prorsus
3482 5011 3548 5051 ac

1968 5091 2254 5149 diabolicae
2281 5088 2660 5160 perversitatis
2692 5088 2936 5142 inventa.
2966 5085 3076 5141 Nec
3115 5083 3270 5140 enim
3289 5082 3411 5140 Filii
3437 5085 3545 5139 vim

1969 5202 2033 5242 ac
2052 5190 2382 5255 potestatem
2413 5181 2625 5236 finitam
2657 5194 2881 5245 cernes,
2930 5185 2990 5231 ut
3024 5176 3093 5232 ad
3123 5176 3389 5231 nonnulla
3422 5176 3545 5246 qui-

1967 5273 2093 5328 dem
2115 5288 2175 5328 se
2200 5270 2482 5337 extendat,
2507 5268 2606 5325 sed
2628 5267 2931 5337 majoribus
2954 5279 3303 5336 nequaquam
3326 5280 3425 5336 par
3449 5266 3544 5333 sit,

1968 5380 2159 5422 verum
2188 5376 2533 5434 quaecunque
2562 5359 2690 5415 velit
2711 5357 2877 5413 facile
2915 5363 3262 5428 peragentem
3287 5394 3303 5419 ,
3334 5355 3544 5428 dignis-

1966 5474 2076 5529 que
2100 5457 2423 5528 largientem
2463 5460 2526 5509 ut
2552 5450 2857 5521 aequalibus
2904 5450 3021 5507 sive
3050 5449 3216 5505 etiam
3247 5448 3541 5505 altioribus

1968 5550 2124 5611 soliis
2157 5549 2483 5621 glorientur.
2518 5544 2706 5616 Neque
2731 5550 2920 5603 tamen
2945 5541 3237 5616 quisquam
3267 5549 3419 5617 putet
3439 5553 3542 5601 nos
