3992 6316
494 313 595 371 ΞΠ

1495 301 1554 361 S.
1577 303 1855 360 CYRlLLl
1882 304 2159 358 ΑιΕλΑΝ
2170 304 2351 360 DRINI
2375 305 2693 364 ARCHIEP.

3649 311 3759 367 258

496 428 769 484 aiﬁrmare
788 428 1006 499 aliquos
1027 437 1218 482 eorum
1242 420 1336 494 qui
1367 422 1423 479 in
1445 437 1572 478 eum
1590 422 1847 485 credunt,
1880 435 2056 475 crean-

2174 421 2361 492 ἐτέρου
2404 422 2467 476 τὸ
2509 422 2801 489 δύνασθαι;
2858 422 3068 476 Οὐκοῦν
3099 422 3265 494 λῆρος
3296 423 3396 495 μὲν
3427 423 3496 479 τά
3528 426 3779 481 ἐκείνων⁹

497 520 554 574 di
582 520 774 585 cados,
797 520 1088 588 solemque
1107 530 1172 571 ac
1201 516 1384 570 lunam
1410 554 1426 579 ,
1463 522 1558 568 aut
1591 514 1861 568 illustrem
1897 519 2071 565 astro-

496 628 618 667 rum
644 613 907 674 chorum,
954 611 1037 665 vel
1060 610 1224 665 etiam
1258 608 1483 679 angelos
1509 646 1524 671 ,
1567 617 1661 660 aut
1690 614 1895 661 terram
1926 644 1941 669 ,
1977 610 2072 657 aut

496 719 618 773 qua:
658 704 714 758 in
770 717 833 758 ea
888 711 1041 768 sunt,
1074 699 1347 756 condendi
1384 700 1438 755 vi
1492 699 1720 769 pollere.
1762 695 1875 752 Nec
1923 695 2068 752 enim

494 794 553 848 in
601 793 690 850 his
735 792 1005 848 orationis
1040 806 1241 862 scopus
1272 795 1541 854 vertitur,
1575 789 1671 845 sed
1709 788 1778 842 ad
1815 803 1941 861 qua:
1973 800 2071 857 par

493 890 578 939 est
606 884 926 939 extenditur
947 922 963 948 ,
998 891 1054 939 et
1086 883 1338 938 humanae
1362 880 1632 936 claritatis
1662 894 1786 951 quae
1812 878 1983 949 gloria
2017 885 2072 932 et

494 974 937 1031 sanctificatione
990 981 1212 1031 constat
1261 973 1485 1028 modum
1542 985 1655 1027 non
1704 968 2067 1027 transcendit.

493 1068 707 1126 Idcirco
736 1070 888 1126 enim
922 1070 1197 1151 sermonis
1238 1068 1555 1124 liberiorem
1588 1080 1889 1122 excursum
1924 1077 2065 1134 quoe-

492 1161 786 1218 dammodo
823 1162 1080 1219 inhibens
1107 1203 1121 1226 ,
1163 1167 1218 1216 et
1250 1158 1538 1214 miraculis
1577 1172 1608 1210 a
1663 1171 1723 1212 se
1774 1156 1830 1210 in
1877 1162 2023 1210 terra
2050 1188 2069 1219 ,

493 1254 716 1323 quando
760 1253 941 1310 factus
983 1262 1071 1309 est
1120 1253 1319 1315 homo,
1369 1249 1536 1304 editis
1576 1248 1845 1318 majorem
1901 1260 2069 1316 porro

492 1345 928 1417 magnitudinem
959 1359 1269 1416 apponens,
1309 1361 1328 1393 ε
1371 1339 1505 1408 Quae
1534 1356 1638 1411 ego
1668 1340 1803 1403 feci,
1845 1338 2066 1409 inquit,

493 1437 680 1505 faciet,
706 1447 761 1494 et
784 1439 994 1509 majora
1025 1439 1131 1494 bis.
1159 1456 1178 1490 ›
1212 1435 1332 1492 Non
1360 1436 1506 1492 enim
1531 1437 1691 1507 quasi
1723 1435 1933 1504 majora
1960 1449 2067 1488 non

492 1537 703 1600 posset,
732 1510 889 1585 suam
918 1535 1247 1599 potestatem
1268 1529 1436 1583 rebus
1464 1542 1493 1580 a
1520 1543 1580 1583 se
1607 1528 1772 1582 editis
1799 1526 2066 1592 definivit,

491 1621 588 1676 sed
618 1622 859 1691 peractis
902 1636 1023 1691 quae
1063 1622 1353 1692 oportebat
1393 1629 1447 1675 et
1474 1635 1822 1691 quaecunque
1851 1626 2068 1689 tempus

487 1711 545 1766 in
581 1713 825 1769 medium
866 1713 1090 1777 attulit,
1121 1710 1743 1781 incomprehensibilem
1771 1709 2065 1778 potestatis

488 1819 606 1859 sua;
653 1804 1088 1875 magnitudinem
1130 1803 1200 1858 iis
1239 1801 1445 1857 finibus
1488 1818 1598 1857 non
1647 1800 1933 1855 terminari
1978 1799 2064 1855 bis

484 1893 675 1949 verbis
726 1894 941 1949 utiliter
985 1894 1202 1950 edocet.
1244 1891 1445 1948 Verum
1495 1900 1593 1956 ut,
1640 1892 1743 1947 loci
1792 1893 2061 1963 propositi

485 1986 737 2041 ordinem
788 1996 1116 2050 servantes,
1167 1984 1475 2040 auditorum
1512 1983 1729 2040 animos
1783 1985 1850 2039 ad
1898 1984 2066 2055 hujus

485 2077 619 2132 dicti
658 2077 1107 2133 observationem
1138 2077 1420 2147 erigamus
1467 2095 1480 2131 :
1543 2094 1561 2128 ι
1599 2078 1771 2131 Amen
1796 2115 1812 2141 ,
1844 2076 2060 2147 inquit,

485 2171 610 2224 dico
642 2170 831 2236 vobis,
867 2170 961 2241 qui
990 2169 1168 2224 credit
1200 2168 1256 2223 in
1295 2184 1381 2222 me
1401 2206 1417 2232 ,
1445 2181 1615 2238 opera
1640 2182 1765 2237 quae
1791 2181 1894 2238 ego
1921 2167 2063 2223 facio

484 2270 540 2315 et
568 2261 686 2330 ipse
710 2258 914 2324 faciet,
939 2259 1204 2330 quiarego
1234 2258 1301 2314 ad
1330 2256 1547 2313 Patrem
1574 2258 1736 2313 vado.
1776 2275 1794 2309 ι
1837 2257 1907 2312 At
1930 2257 2062 2327 quid

482 2352 563 2407 rei
600 2358 721 2418 est,
783 2351 995 2421 inquiet
1037 2351 1241 2420 aliquis
1282 2349 1477 2405 forsan
1522 2349 1840 2405 auditorum
1893 2350 2062 2420 paulo

480 2440 699 2497 caeteris
730 2441 963 2512 aequior,
989 2440 1138 2511 quod
1163 2439 1339 2496 Filius
1370 2440 1484 2509 ipse
1513 2454 1573 2495 se
1605 2440 1671 2494 ad
1695 2439 1908 2495 Patrem
1937 2456 2063 2511 pro-

480 2533 655 2588 iicisci
687 2533 884 2604 inquit,
917 2540 975 2587 ut
1006 2533 1101 2603 qui
1128 2532 1360 2588 credunt
1392 2531 1450 2586 in
1475 2547 1602 2586 eum
1636 2532 1846 2603 majora
1873 2531 2060 2588 facere

481 2623 701 2693 possint
747 2638 914 2693 quam
965 2638 1088 2694 quas
1135 2624 1252 2694 ipse
1312 2623 1531 2678 edidit?
1583 2622 1730 2678 Sane
1779 2624 2056 2679 occultam

480 2715 777 2784 quamdam
798 2715 851 2769 in
876 2729 934 2770 sc
953 2714 1294 2787 babelSOﬂ
1315 2716 1523 2770 dictum
1558 2715 1694 2770 illud
1717 2716 2061 2786 contempla-

477 2809 706 2862 tionem.
741 2806 883 2874 Quid
913 2821 1044 2879 ergo
1065 2808 1135 2863 sit
1162 2808 1294 2862 illud
1330 2811 1477 2878 quod
1501 2808 1620 2871 ait,
1656 2808 1838 2878 ipsum
1869 2808 2060 2878 accipe

479 2898 555 2952 ita
587 2899 980 2969 propemodum
1007 2900 1381 2969 explicantem
1411 2919 1425 2954 :
1475 2898 1520 2955 Ο
1546 2914 1862 2955 sermonum
1905 2915 2058 2957 meo-

476 3006 601 3045 rum
638 2991 876 3047 ministri
909 3006 972 3045 ac
1003 2991 1115 3045 veri
1151 2990 1439 3060 discipuli,
1480 2990 1726 3062 quandiu
1770 2991 2055 3048 vobiscum

2173 513 2451 578 παντελῶς
2480 514 2573 568 καὶ
2593 513 2749 576 ὕθλος
2771 514 2976 575 εἰκαῖος
2999 513 3094 568 καὶ
3122 513 3506 583 δαιμονιώδους
3527 515 3759 585 δυστρο-

2173 606 2305 669 πίας
2332 605 2634 677 εὑρέματα.
2682 603 3114 674 Πεπερασμένην
3146 603 3202 656 δέ
3247 603 3502 674 οὐδαμῶς
3534 605 3634 675 τὴν
3660 605 3758 659 τοῦ
3862 609 3867 614 ’

2171 697 2303 751 Υίοῦ
2330 697 2559 769 δύναμιν
2606 699 2880 769 θεωρήσαι
2906 714 2990 761 τις
3040 696 3130 760 ἂν,
3178 696 3299 750 οὐδέ
3325 696 3625 765 διήκουσαν
3656 697 3759 767 μὲν

2172 790 2263 845 ἐπί
2289 808 2341 844 τι
2370 790 2480 844 τῶν
2508 789 2698 854 ὅντων,
2728 790 2830 842 οὐκ
2860 788 3138 861 ἀρκοῦσαν
3168 788 3224 841 δὲ
3251 791 3360 851 τοῖς
3381 787 3462 842 ἔτι
3488 788 3757 859 μείζοσιν,

2169 882 2286 937 ἀλλ’
2329 885 2540 954 ὅσαπερ
2587 882 2655 937 ἂν
2690 881 2932 952 βούλοιτο
2957 880 3130 935 ταῦτά
3156 897 3215 933 τε
3245 879 3461 951 δρῶσαν
3487 880 3756 949 εὐκόλως,

2170 976 2266 1030 καὶ
2295 979 2406 1039 τοῖς
2436 974 2609 1041 ἀξίοις
2636 973 3004 1046 χαριζομένην
3021 973 3084 1026 τὸ
3105 974 3218 1035 τοῖς
3241 972 3376 1036 ἴσοις
3400 972 3560 1042 τυχὸν
3584 973 3759 1043 ἧγουν

2170 1068 2265 1121 καὶ
2294 1066 2713 1139 ὑπερκειμένοις
2741 1063 3131 1137 ὲναόρύνεσθαι
3165 1062 3382 1126 θώκοις.
3422 1064 3535 1118 Καὶ
3567 1066 3641 1135 μή
3670 1082 3759 1128 τις

2169 1160 2366 1215 οἰέσθω
2393 1160 2573 1230 λέγειν
2604 1160 2756 1231 ἡμᾶς
2800 1158 2879 1212 ὅτι
2913 1155 3196 1230 περιέσται
3243 1154 3375 1208 ποτέ
3405 1156 3469 1208 τὸ
3495 1154 3757 1209 δύνασθαί

2169 1271 2277 1308 τινι
2301 1253 2410 1308 τῶν
2437 1253 2535 1324 τὴν
2564 1254 2645 1317 εἰς
2679 1251 2842 1306 αὑτὸν
2872 1250 3055 1304 πίστιν
3078 1248 3456 1319 τετιμηκότων
3482 1249 3545 1320 δη
3555 1266 3755 1321 μιουρ-

2169 1347 2338 1418 γῆσαι
2370 1347 2467 1419 μὲν
2491 1345 2742 1418 οὐρανὸν,
2775 1345 2926 1416 ἥλιον
2951 1343 3008 1397 δέ
3038 1343 3132 1397 καὶ
3172 1340 3424 1412 σελήνην,
3461 1343 3631 1412 ἦγουν
3660 1342 3757 1395 τὸν

2170 1439 2449 1510 περιφανῆ
2472 1439 2584 1494 τῶν
2611 1437 2856 1508 ἀστέρων
2888 1436 3048 1507 χορὸν
3074 1431 3363 1499 ἀναδεῖξαι,
3387 1432 3569 1488 κτίσαι
3590 1433 3755 1504 τυχὸν

2170 1532 2455 1602 ἀγγέλους,
2486 1531 2519 1602 ἢ
2551 1531 2676 1600 γῆν,
2708 1529 2741 1600 ἢ
2773 1527 2843 1582 τὰ
2874 1529 2932 1582 ἐν
2957 1528 3117 1597 αὐτῇ.
3169 1525 3482 1596 Τέτραπται
3510 1524 3623 1596 γὰρ
3648 1526 3752 1578 οὐκ

2169 1625 2229 1677 ἐν
2254 1623 2462 1686 τούτοις
2494 1625 2522 1676 ὁ
2550 1622 2645 1674 τοῦ
2675 1620 2832 1689 λόγου
2863 1619 3082 1685 σκοπὸς,
3125 1617 3241 1672 ἀλλ’
3272 1616 3358 1684 ἐφ’
3394 1611 3474 1680 οἷς
3501 1613 3571 1689 ἦν
3605 1618 3757 1681 είκδς

2173 1713 2528 1779 συντείνεται,
2562 1712 2658 1765 καὶ
2698 1712 2797 1781 τῆς
2833 1706 3337 1782 ἀνθρωποπρεποῦς
3363 1707 3755 1779 λαμπρότητος

2099 1763 2139 1817 Β
2431 1763 3068 1873 ήφημι,καί’ἀγια.σμῷ
3096 1763 3156 1854 τό
3208 1763 3407 1870 μέτρον
3439 1763 3546 1869 ,οὐχ
3580 1763 3752 1869 ὑιιιέερ-ἶ

2162 1894 2368 1964 τρέχει.
2415 1894 2516 1947 Διά
2547 1892 2656 1964 γάρ
2682 1910 2765 1946 τοι
2810 1892 2967 1945 τοῦτο
3018 1890 3384 1961 περιστέλλων
3429 1888 3622 1961 ὥσπερ
3651 1889 3751 1944 τοῦ

2162 1987 2323 2056 λόγου
2375 1986 2467 2039 τὸν
2519 1986 2603 2056 ἐφ’
2650 1986 2788 2055 ὅπερ
2834 1983 2900 2038 ἄν
2945 2000 3029 2047 τις
3081 1981 3322 2053 βούλοιτο
3377 1981 3612 2053 δρόμον,
3655 1983 3751 2037 καὶ

2167 2078 2349 2149 μόνοις
2372 2081 2487 2141 τοῖς
2515 2077 2645 2146 παρ’
2680 2074 2844 2131 αὐτοῦ
2870 2074 3192 2147 παραδόξως
3219 2072 3626 2144 τετελεσμένοις
3656 2073 3750 2127 ἐπὶ

2161 2169 2260 2240 τῆς
2292 2168 2415 2238 γῆς,
2466 2168 2555 2221 ὅτε
2600 2166 2821 2235 γέγονεν
2862 2163 3169 2236 ἄνθρωπος,
3200 2163 3310 2218 τῶν
3357 2162 3436 2216 ἔτι
3485 2160 3750 2233 μειζόνων

2161 2257 2611 2330 ἀντιπαρεξάγων
2636 2256 2696 2309 τὸ
2722 2254 2971 2326 μέγεθος,
2998 2273 3017 2306 ι
3035 2255 3103 2307 Ἃ
3125 2253 3236 2323 ἐγὼ
3263 2253 3563 2323 πεποίηκα,
3588 2252 3744 2323 φησὶ,

2162 2351 2400 2421 ποιήσει,
2457 2348 2552 2402 καὶ
2589 2347 2810 2418 μείζονα
2846 2345 3074 2401 τούτων.
3118 2365 3136 2396 ι
3199 2347 3276 2399 Οὐ
3319 2345 3429 2417 γὰρ
3476 2345 3744 2415 ἀτονήσας

2162 2443 2292 2514 περὶ
2328 2441 2398 2495 τά
2431 2439 2603 2513 μείζω
2634 2440 2794 2512 μέχρι
2821 2439 2930 2494 τῶν
2957 2439 3380 2510 τετελεσμένων,
3407 2437 3508 2508 τὴν
3536 2437 3746 2491 οίκείαν

2160 2535 2429 2606 ἐπέστησε
2463 2533 2725 2605 δύναμιν,
2780 2533 3098 2596 ἐπιτελέσας
3140 2532 3196 2588 δέ
3246 2530 3391 2602 ἆπερ
3433 2528 3606 2599 ἐχρῆν
3652 2529 3747 2582 καὶ

2159 2625 2366 2695 ὅσαπερ
2395 2623 2558 2694 τυχὸν
2592 2626 2671 2688 είς
2724 2624 2891 2694 μέσον
2934 2624 3308 2695 παρεκόμισεν
3340 2624 3370 2676 ὁ
3399 2621 3614 2692 καιρὸς,
3663 2619 3745 2673 ὅτι

2163 2716 2236 2786 μὴ
2268 2715 2459 2786 μέχρις
2489 2715 2716 2771 ἐκείνων
2741 2715 3086 2785 ἀφικνεῖσθαι
3115 2715 3340 2768 δύναται
3375 2713 3480 2782 τῆς
3514 2712 3744 2783 ἐνούσης

2159 2809 2408 2875 ἐξουσίας
2452 2809 2604 2879 αὐτῷ
2649 2809 2711 2861 τὸ
2761 2808 3119 2879 ἀπερινόητον
3153 2805 3382 2879 μέγεθος
3434 2803 3743 2858 ἐκδιδάσκει

2158 2901 2443 2973 χρησίμως
2476 2900 2564 2954 διὰ
2607 2900 2714 2955 τῶν
2743 2899 3069 2971 εἰρημένων.
3132 2897 3272 2953 Ἀλλ’
3307 2896 3415 2962 ἵνα,
3460 2894 3559 2968 τὴν
3586 2892 3741 2960 τάξιν

2156 2993 2267 3046 τῶν
2300 2993 2674 3064 προκειμένων
2705 2992 3063 3062 τηρήσαντες,
3091 2992 3158 3061 τῇ
3188 2990 3286 3061 τῆς
3309 2986 3506 3053 λέξεως
3536 2987 3742 3058 θεωρία

476 3084 534 3138 in
579 3083 743 3139 terris
788 3084 1161 3138 conversabar
1184 3121 1199 3146 ,
1234 3082 1347 3136 vixi
1380 3089 1442 3137 ut
1477 3083 1641 3138 homo
1663 3122 1678 3147 ,
1712 3099 1823 3139 non
1866 3090 2052 3154 aperte

2157 3085 2268 3141 τῶν
2312 3084 2676 3158 ἀκροωμένων
2724 3084 2819 3137 τὸν
2859 3082 2985 3138 νοῦν
3029 3083 3433 3153 ἐπιστήσωμεν,
3494 3099 3513 3132 ι
3543 3078 3739 3150 Ἀμὴν,

475 3174 703 3228 omnino
748 3173 908 3229 vobis
961 3172 1186 3229 deitatis
1231 3188 1364 3229 meae
1414 3183 1740 3245 potestatem
1789 3177 2052 3246 ostendi;

477 3265 578 3320 sed
616 3271 670 3320 et
704 3264 927 3321 locutus
963 3280 1086 3320 sum
1111 3305 1125 3331 ,
1176 3274 1233 3322 et
1268 3266 1373 3321 feci
1401 3268 1801 3324 convenienter
1834 3269 2056 3325 humili-

479 3357 611 3412 tatis
657 3356 966 3411 conditioni
1015 3364 1070 3412 et
1118 3356 1312 3413 formae
1361 3337 1574 3414 servili.
1610 3359 1883 3424 Quoniam
1925 3376 2055 3417 vero

477 3444 570 3500 illa
610 3446 833 3502 demum
883 3461 982 3517 pro
1035 3461 1102 3502 eo
1149 3462 1214 3502 ac
1256 3447 1486 3504 decebat
1531 3460 1752 3519 peracta
1786 3462 1957 3516 sunt,
2001 3460 2055 3507 et

475 3537 760 3608 impletum
794 3537 933 3593 mihi
969 3545 1054 3593 est
1090 3537 1523 3609 dispensationis
1563 3555 1691 3595 cum
1733 3555 1897 3598 carne
1938 3558 2054 3614 my-

476 3628 707 3683 sterium
740 3628 1003 3699 (jamjam
1029 3630 1174 3685 enim
1198 3640 1430 3686 mortem
1459 3634 1758 3703 perpetiar,
1784 3643 1838 3688 et
1867 3649 2052 3689 resur-

475 3720 682 3791 gam),
721 3722 989 3792 polliceor
1029 3738 1117 3779 me
1146 3723 1305 3780 vobis
1346 3723 1604 3779 daturum
1645 3727 1853 3796 majora
1889 3741 2051 3796 quam

473 3825 595 3880 quae
627 3826 725 3881 per
769 3827 856 3869 me
894 3811 1038 3868 facta
1071 3820 1232 3880 sunt,
1269 3812 1536 3868 miracula
1573 3813 1772 3869 edendi
1806 3821 2052 3884 potesta-

472 3911 607 3968 tem,
646 3905 888 3960 instante
911 3903 1027 3973 jam
1052 3912 1301 3977 tempore
1326 3913 1381 3960 et
1409 3906 1693 3960 voluntate
1716 3920 1779 3959 ea
1809 3905 2050 3974 largieno

472 3999 549 4053 di.
588 3997 681 4054 lbo
721 3999 925 4069 quippe
974 3997 1042 4052 ad
1082 3996 1300 4053 Patrem
1327 4040 1341 4065 ,
1383 4011 1754 4054 consessurus
1796 3997 2051 4052 videlicet

472 4098 1026 4160 conregnaturusque
1060 4105 1183 4145 cum
1218 4105 1283 4145 eo
1308 4097 1366 4144 ut
1399 4089 1542 4146 Deus
1573 4105 1639 4144 ex
1675 4088 1806 4152 Deo,
1840 4089 2051 4143 incom-

473 4182 748 4250 preliensa
794 4182 1000 4237 virtute
1047 4198 1111 4238 a':
1162 4190 1434 4254 potestate
1474 4180 1670 4236 amicis
1721 4180 1858 4236 meis
1905 4181 2048 4236 bona

472 4276 734 4346 largiens.
787 4295 806 4327 ι
853 4274 1155 4348 Quodcun,
1175 4292 1229 4333 1e
1258 4274 1533 4346 petieritis
1556 4314 1572 4338 ,
1603 4274 1825 4344 inquit,
1860 4274 1914 4328 in
1946 4289 2049 4328 no-

470 4368 619 4423 mine
657 4381 801 4437 meo,
829 4368 935 4424 hoc
971 4366 1197 4432 faciam,
1221 4387 1238 4418 ι
1277 4376 1501 4437 peracto
1530 4378 1776 4437 tempore
1807 4382 1917 4436 quo
1947 4382 2047 4423 ne-

2160 3179 2317 3251 φησὶ,
2348 3179 2491 3247 λέγω
2517 3178 2667 3247 ὑμῖν,
2698 3178 2727 3230 ό
2754 3175 3026 3229 πιστεύων
3056 3176 3137 3239 είς
3160 3174 3283 3245 ἐμὲ,
3314 3173 3382 3227 τὰ
3410 3172 3546 3244 ἔργα
3572 3170 3609 3225 ἀ
3632 3169 3740 3238 ἐγὼ

2158 3271 2316 3336 ποιῶ,
2339 3273 2589 3334 κάκεῖνος
2619 3270 2860 3341 ποιήσει,
2891 3269 2985 3323 καὶ
3017 3254 3240 3339 μείζονα
3267 3265 3470 3320 τούτων
3498 3266 3736 3335 ποιήσει,

2155 3363 2237 3417 ὅτι
2258 3361 2370 3432 ἐγὼ
2390 3361 2528 3434 πρὸς
2549 3362 2642 3416 τὸν
2666 3361 2886 3433 Πατέρα
2910 3361 3233 3430 πορεύομαι.
3268 3377 3286 3410 ι
3321 3353 3459 3411 Εἶτα
3478 3357 3534 3410 τί
3553 3355 3737 3421 τοῦτο,

2157 3454 2380 3524 φήσειεν
2414 3453 2480 3507 ἄν
2510 3469 2595 3515 τις
2631 3448 2740 3505 τῶν
2774 3449 3141 3522 ἀκροωμένων
3180 3446 3587 3517 ἐπιεικέστερον
3622 3444 3735 3518 [γρ.

2157 3541 2603 3615 ἐπιεικέστερος],
2630 3542 2693 3596 τὸ
2717 3541 3047 3612 πορεύεσθαί
3077 3557 3220 3611 φημι
3242 3539 3380 3611 πρὸς
3407 3538 3500 3593 τὸν
3518 3539 3739 3608 Πατέρα

2153 3635 2244 3689 τον
2274 3635 2424 3702 Υίδν,
2481 3634 2620 3707 πρὸς
2660 3635 2723 3689 τὸ
2775 3632 3036 3702 δύνασθαι
3077 3631 3374 3703 κατορθοῦν
3424 3630 3521 3684 καὶ
3552 3628 3625 3683 τά
3656 3629 3737 3682 ἔτι

2158 3726 2328 3797 μείζω
2351 3727 2461 3781 τῶν
2493 3727 2622 3796 παρ’
2649 3725 2812 3780 αὑτοῦ
2842 3724 3199 3795 δεδειγμένων
3224 3724 3350 3787 τοὺς
3378 3721 3735 3784 πιστεύοντας

2153 3819 2232 3882 είς
2266 3817 2464 3885 αὐτόν;
2520 3817 2730 3871 Οὐκοῦν
2764 3815 3154 3888 κεκρυμμένην
3187 3814 3311 3868 τινὰ
3357 3813 3593 3884 θεωρίαν
3624 3815 3735 3866 εἱσ-

2154 3908 2310 3980 φέρει
2334 3908 2396 3960 τὸ
2437 3908 2744 3980 εἰρημένον.
2793 3907 2859 3960 Τί
2903 3902 2995 3960 οὖν
3028 3908 3175 3959 ἐστιν
3206 3907 3235 3959 ὅ
3269 3921 3421 3974 φησι.
3456 3904 3614 3974 δέχου
3645 3902 3734 3955 λέ-

2150 4021 2317 4073 γοντα
2341 4003 2531 4074 τυχόν·
2574 3998 2642 4056 Ὦ
2670 4003 2779 4057 τῶν
2813 4002 2960 4073 ἐμῶν
2988 4000 3257 4072 ὑπηρέται
3282 3999 3455 4067 λόγων
3481 3999 3575 4051 καὶ
3605 4000 3735 4067 γνή-

2153 4115 2257 4151 σιοι
2315 4098 2589 4169 φοιτηταί,
2644 4097 2773 4162 ἕως
2812 4096 2912 4167 μὲν
2958 4097 3055 4149 σὺν
3118 4096 3247 4165 ὑμῖν
3301 4093 3400 4156 τὰς
3451 4092 3735 4163 διατριϐὰς

2152 4190 2455 4263 ἐποιούμην
2489 4191 2581 4243 ἐπὶ
2607 4190 2709 4260 τῆς
2741 4190 2877 4260 γῆς,
2931 4186 3366 4257 ἐπολιτευσάμην
3409 4186 3484 4248 ὼς
3523 4184 3734 4252 ἄνθρω-

2151 4299 2272 4346 πος,
2319 4283 2419 4336 οὐκ
2464 4283 2699 4353 ἄκρατον
2744 4281 2872 4352 ὑμῖν
2917 4282 3016 4347 τῆς
3063 4279 3314 4349 θεότητος
3355 4279 3453 4349 τὴν
3483 4277 3732 4343 ἐξουσίαν

2151 4374 2514 4447 ἐπεδειξάμην
2543 4391 2557 4404 ·
2595 4370 2749 4427 εἶπόν
2773 4391 2834 4426 τε
2860 4375 2952 4427 καὶ
2982 4372 3243 4443 πέπραχα
3271 4372 3591 4442 πρεπόντως
3619 4387 3733 4433 πως

470 4472 628 4513 ccsse
668 4466 822 4525 erat,
862 4457 1085 4529 inquit,
1131 4459 1186 4511 in
1229 4456 1565 4512 humilitatis
1627 4455 1803 4510 forma
1847 4457 2045 4514 videri.

2157 4466 2250 4519 καὶ
2279 4465 2356 4535 τῷ
2381 4467 2481 4536 τῆς
2513 4464 2898 4528 ταπεινώσεως
2930 4464 3114 4535 μέτρῳ
3146 4464 3240 4515 καὶ
3270 4462 3348 4533 τῷ
3381 4464 3623 4533 σχήματι
3656 4461 3732 4532 τῷ

469 4547 628 4614 Quod
671 4549 900 4604 decebat
946 4548 1234 4604 observavi
1282 4555 1507 4618 prepter
1532 4547 2043 4617 dispensationem:

448 4648 617 4694 'nunc
645 4654 777 4694 vero
800 4642 978 4711 palam
1022 4654 1076 4697 ος
1125 4650 1312 4710 aperte
1354 4639 1620 4710 polliceor
1656 4655 1742 4695 me
1773 4640 2047 4697 facturum

466 4748 528 4786 ea
553 4749 674 4803 quae
699 4732 794 4789 Dei
827 4744 979 4799 sunt,
1013 4735 1082 4788 ab
1112 4734 1214 4788 hac
1242 4740 1353 4788 tam
1386 4735 1589 4790 illustri
1616 4736 1795 4807 gloria
1827 4736 2044 4794 Patrem

468 4839 577 4877 non
611 4825 915 4881 excludens
939 4868 954 4892 ,
990 4824 1085 4882 sed
1139 4832 1197 4879 ut
1245 4825 1588 4894 glorificetur
1622 4829 1676 4881 in
1710 4826 1870 4883 Filio.
1907 4828 2044 4885 Nam

356 4964 361 4969 .
468 4917 642 4974 Filius
681 4919 729 4972 si
771 4919 1130 4991 glorificctur,
1180 4921 1407 4975 omnino
1440 4921 1494 4976 in
1527 4937 1593 4977 eo
1627 4938 1851 4994 quoque
1882 4923 2048 4980 Pater

467 5010 892 5081 gloriﬁcabitur.
926 5010 1127 5064 Filium
1153 5012 1358 5082 quippe
1381 5023 1576 5070 natura
1601 5032 1699 5072 sua
1727 5016 1893 5075 Deum
1921 5035 2044 5075 esse

468 5099 658 5154 multis
707 5105 869 5153 antea
914 5099 1028 5168 jam
1076 5098 1515 5158 demonstratum
1559 5116 1682 5163 est:
1718 5109 1811 5163 sed
1845 5110 2042 5165 nihilo-

466 5189 650 5244 minus
680 5190 844 5244 etiam
876 5189 979 5244 hoc
1007 5206 1069 5244 ex
1104 5206 1169 5246 eo
1199 5200 1347 5263 patet
1374 5196 1521 5265 quod
1559 5208 1881 5253 sanctorum
1919 5216 2044 5254 ora-

467 5281 647 5335 tiones
670 5280 926 5351 suscipit,
955 5283 1294 5355 eisquequze
1349 5289 1608 5358 petierint
1640 5306 1705 5346 ac
1736 5292 1907 5346 velint
1932 5294 2044 5347 lar-

467 5372 634 5439 gitur.
669 5370 956 5438 Quomodo
986 5390 1118 5446 ergo
1152 5375 1313 5433 Pater
1346 5379 1398 5433 in
1435 5395 1501 5435 eo
1526 5396 1635 5434 non
1670 5376 2047 5450 glorificatur?

470 5462 541 5518 Ut
566 5464 711 5519 enim
732 5464 856 5535 jure
885 5466 1124 5524 dedecus
1155 5470 1203 5524 ei
1232 5470 1452 5539 aliquod
1482 5471 1800 5535 inferretur,
1828 5478 1871 5531 si
1903 5475 2045 5533 Deus

468 5570 575 5610 non
599 5564 743 5613 esset
768 5566 965 5614 natura
991 5560 1037 5616 is
1061 5561 1157 5629 qui
1188 5577 1253 5617 ex
1281 5563 1401 5631 ipso
1426 5564 1723 5633 processit,
1746 5567 1828 5622 sic
1859 5568 2046 5639 gloria:

467 5649 698 5705 multum
723 5651 976 5721 accipiet,
1004 5653 1050 5707 si
1076 5652 1246 5707 Deum
1265 5669 1455 5709 verum
1479 5655 1699 5722 habeat,
1726 5666 1779 5712 et
1805 5659 2040 5715 fructum

466 5756 533 5799 ex
568 5743 875 5800 substantia
909 5758 1004 5797 sua
1041 5743 1465 5813 procedentem,
1509 5749 1599 5818 qui
1631 5757 1683 5805 et
1723 5759 1923 5806 cuncta
1960 5752 2041 5806 fa—

2145 4557 2517 4628 δουλοπρεπεῖ.
2565 4555 2781 4626 Ἐπειδὴ
2811 4556 2869 4610 δὲ
2920 4556 3105 4611 λοιπὸν
3153 4557 3336 4609 ἐκεῖνα
3382 4554 3733 4625 καθηκόντως

2144 4650 2476 4713 τετέλεσται,
2528 4650 2625 4703 καὶ
2658 4648 3015 4721 πεπλήρωταί
3068 4665 3159 4718 μοι
3209 4649 3308 4720 τῆς
3344 4647 3481 4719 μετά
3530 4647 3733 4719 σαρκὸς

2144 4738 2455 4809 οἰκονομίας
2480 4739 2541 4791 τὸ
2566 4740 2858 4809 μυστήριον
2881 4755 2896 4770 °
2950 4741 3208 4810 πείσομαι
3234 4739 3342 4810 γὰρ
3368 4740 3491 4791 ὅσον
3520 4736 3732 4790 οὐδέπω

2143 4831 2237 4884 τὸν
2277 4830 2528 4898 θάνατον,
2570 4832 2664 4884 καὶ
2702 4831 3109 4903 ἐγερθήσομαι·
3165 4828 3472 4902 χαριεῖσθαι
3514 4831 3572 4883 δέ
3606 4831 3733 4899 ὑμῖν

2149 4922 2560 4993 ἐπαγγέλλομαι
2603 4924 2695 4976 καὶ
2720 4923 2787 4977 τὰ
2816 4923 2896 4977 ἔτι
2926 4924 3147 4994 μείζονα
3187 4924 3295 4977 τῶν
3334 4924 3399 4976 δι’
3437 4923 3574 4992 ἐμοῦ
3609 4920 3735 4976 θαυ-

2153 5019 2339 5087 μάτων
2374 5015 2631 5070 δύνασθαι
2666 5016 2942 5088 πληροῦν,
2992 5017 3259 5087 παρόντος
3305 5015 3384 5068 ἐτι
3414 5014 3508 5068 τοῦ
3537 5013 3732 5084 καιροῦ

2149 5111 2243 5163 καὶ
2268 5109 2363 5179 τῆς
2394 5110 2485 5163 ἐπί
2505 5108 2713 5173 τούτοις
2742 5108 3071 5180 φιλοτιμίας.
3097 5105 3442 5177 Πορεύσομαι
3462 5106 3572 5176 γὰρ
3599 5104 3734 5175 πρὸς

2148 5200 2238 5253 τὸν
2269 5201 2509 5271 Πατέρα,
2563 5198 2932 5271 συνεδρεύσων
2984 5198 3134 5269 αὐτῷ
3184 5196 3428 5268 δηλονότι
3471 5197 3566 5249 καὶ
3595 5212 3733 5265 συμ-

2151 5293 2506 5357 ϐασιλεύσων,
2537 5293 2612 5356 ὡς
2640 5292 2774 5355 Θεὸς
2806 5294 2870 5345 ἐκ
2901 5290 3056 5356 Θεοῦ,
3096 5288 3540 5359 ἀκατακαλύπτῳ
3569 5286 3732 5341 δυνά-

2155 5404 2245 5458 μει
2280 5388 2375 5440 καὶ
2405 5385 2640 5456 ἐξουσίᾳ.
2686 5428 2698 5439 .
2740 5425 2754 5439 .
2800 5427 2812 5439 .
2859 5423 2871 5436 .
2918 5425 2931 5438 .
3004 5384 3102 5453 τῆς
3146 5380 3385 5453 ἐμαυτοῦ
3421 5379 3640 5450 φύσεως
3675 5384 3733 5434 τδ

2151 5476 2350 5532 διδόναι
2371 5481 2484 5541 τοῖς
2505 5477 2748 5546 γνησίοις
2772 5476 2840 5529 τὰ
2873 5476 3070 5545 ἀγαθά.
3110 5494 3128 5526 ι
3156 5475 3337 5546 Ὅπερ
3361 5473 3427 5529 ἂν
3446 5474 3727 5545 αἰτήσητε,

2153 5570 2337 5641 φησὶν,
2386 5571 2477 5623 ἐπὶ
2521 5569 2597 5639 τῷ
2641 5569 2866 5639 ὀνόματί
2902 5587 3023 5639 μου,
3053 5567 3211 5622 τοῦτο
3240 5568 3476 5639 ποιήσω,
3512 5585 3531 5618 ι
3585 5581 3729 5619 τετε-

2150 5661 2411 5733 λεσμένου
2459 5661 2550 5714 τοῦ
2598 5660 2789 5732 καιροῦ
2818 5661 2940 5715 καθ’
2972 5661 3029 5716 ὃν
3065 5660 3194 5720 ἔδει,
3227 5660 3412 5728 φησὶν,
3444 5659 3501 5712 ἐν
3531 5655 3610 5727 τῷ
3632 5657 3726 5725 τῆς

2148 5752 2527 5819 ταπεινώσεως
2570 5754 2851 5825 φαίνεσθαι
2884 5756 3139 5826 σχήματι.
3176 5753 3465 5826 Τετήρηκα
3494 5748 3556 5803 τὸ
3592 5745 3722 5819 πρέο
