3992 6316
177 319 276 377 uo
1050 289 1057 295 ’
1149 309 1221 367 IN
1262 309 1551 371 JOANNIS
1589 314 2037 373 EVANGELIUM
2076 316 2203 373 LIB.
2246 319 2337 375 ix.
3320 318 3428 375 sso

179 454 272 491 πον
297 432 381 487 διὰ
414 430 514 503 τὴν
547 429 860 501 οἰκονομίαν
885 447 901 462 ’
947 431 1065 484 νυνί
1095 430 1151 484 δὲ
1176 429 1362 486 λοιπὸν
1391 433 1740 489 ἀκατακαλύ-

1848 453 1967 495 cere
1994 446 2048 495 et
2074 441 2291 495 caeteris
2324 449 2380 495 ut
2409 439 2547 496 mira
2571 441 2783 497 faciant
2812 437 3005 512 largiri
3042 438 3242 509 possit.
3269 436 3424 501 Quod

180 543 336 591 πτως,
375 523 450 587 ὼς
477 522 630 585 Θεὸς,
666 522 983 593 ὲνεργήσειν
1030 522 1436 594 ἐπαγγέλλομαι
1478 524 1547 579 τὰ
1580 526 1735 592 Θεοῦ,

1852 530 1892 587 si
1926 530 1993 585 ad
2029 531 2257 602 gloriam
2295 531 2473 587 Patris
2501 540 2715 603 spectat
2749 533 2952 587 Filium
2987 530 3190 586 divinis
3223 542 3428 599 praero-

179 620 233 673 οὑ
262 618 348 669 τὸν
397 613 617 684 Πατέρα
661 612 760 683 τῆς
789 612 932 667 οὕτω
960 616 1275 688 πρεπούσης
1306 617 1465 689 δόξης
1505 619 1736 685 saneea-

1850 624 2042 694 gativis
2064 639 2187 679 esse
2211 624 2593 696 conspicuum,
2620 640 2868 695 quamam
2897 625 3040 678 ratio
3062 621 3267 678 velabit
3290 635 3426 689 quo-

182 727 344 782 μενος,
367 707 480 762 ἀλλ’
510 708 597 761 ἵνα
626 700 852 779 δοξασθῇ
887 708 945 761 ὲν
969 708 1046 780 τῷ
1076 709 1209 782 Υίῷ.
1239 710 1604 782 Δοξαζομένου
1630 714 1736 786 γὰρ

1843 714 2028 770 minus
2048 715 2359 786 puniendus
2387 717 2457 771 sit
2477 717 2788 783 haereticus,
2809 717 2903 786 qui
2932 713 3234 784 impudenti
3266 713 3411 766 blas-

176 802 261 857 τοῦ
280 801 633 871 γεννήματος,
662 797 1055 886 δοξασθήσεται
1082 801 1299 866 πάντως
1327 805 1385 856 ὲν
1412 804 1560 875 αὑτῷ
1589 805 1681 858 καὶ
1707 807 1736 860 6

1851 805 2058 875 phemia
2089 809 2280 864 multis
2308 824 2435 863 eum
2473 811 2653 865 modis
2701 811 2923 865 elevare
2946 824 3055 862 non
3079 806 3154 861 sit
3179 804 3427 859 veritus?

176 892 424 962 γεννήσας
467 890 650 945 αὐτόν.
697 890 829 955 Θεὸς
862 890 972 963 γὰρ
1004 891 1070 946 ἂν
1102 895 1244 949 κατά
1271 895 1433 962 φύσιν
1472 896 1734 969 ὑπάρχων

1848 895 2056 953 Addam
2090 906 2146 953 et
2177 899 2322 953 aliud
2346 900 2491 969 quod
2520 900 2738 954 illorum
2770 897 3145 970 ignorantiam
3171 902 3227 950 et
3254 896 3424 963 impe-

176 987 201 1039 6
239 984 355 1047 Υίὸς
397 984 491 1037 καὶ
523 983 611 1037 διὰ
655 982 862 1036 πολλῶν
903 984 1000 1053 μὲν
1044 983 1245 1057 ἐτέρων
1278 986 1686 1057 καταπέφανται
1715 1004 1730 1021 ο

1846 988 2022 1042 ritiam
2044 1005 2153 1045 non
2187 990 2561 1054 mediocriter,
2596 1000 2655 1044 ut
2683 1006 2829 1056 reor,
2869 994 3170 1059 Oppugnat.
3204 985 3340 1040 Nam
3375 985 3422 1041 si

177 1075 310 1130 οὐδὲν
355 1074 411 1127 δὲ
452 1069 617 1147 ἦττον
664 1074 760 1128 καὶ
805 1073 1019 1129 διὰ-τοῦ
1063 1059 1311 1147 δέχεσθαι
1357 1078 1456 1148 μὲν
1497 1079 1594 1143 τὰς
1624 1081 1733 1135 τῶν

1848 1078 2038 1134 Filium
2074 1096 2399 1150 precamur,
2440 1090 2493 1136 et
2524 1082 2594 1136 ab
2633 1096 2700 1137 eo
2732 1081 3025 1152 petitiones
3062 1076 3333 1147 petimus,
3367 1080 3424 1128 et

176 1167 329 1234 ἁγίων
354 1164 540 1236 εὐχὰς,
584 1167 840 1236 χορηγεῖν
883 1165 940 1220 δὲ
982 1168 1193 1234 αὐτοῖς,
1244 1168 1388 1240 άπερ
1422 1169 1487 1224 ἂν
1534 1174 1732 1226 αἰτοῖεν

1848 1170 1957 1241 ipse
2001 1171 2258 1227 daturum
2314 1187 2375 1229 se
2428 1172 2754 1244 pollicetur,
2815 1167 3093 1242 Quomodo
3146 1182 3256 1220 non
3317 1164 3424 1220 erit

174 1258 257 1312 καὶ
286 1257 571 1328 βούλοιντο.
624 1257 750 1321 Πῶς
795 1253 889 1312 οῦν
934 1258 1033 1312 οὐκ
1084 1259 1150 1314 ἂν
1192 1262 1221 1313 6
1254 1262 1440 1331 Πατὴρ
1485 1263 1545 1316 ὲν
1581 1264 1731 1336 αὐτῷ

1846 1269 2038 1317 natura
2072 1261 2218 1319 Deus
2269 1271 2324 1319 et
2356 1279 2420 1319 ex
2463 1264 2570 1319 Deo
2603 1263 2845 1318 naturali
2905 1256 3176 1330 genitus?
3208 1254 3341 1309 Nam
3375 1253 3422 1309 si

172 1346 458 1415 ὼξάζοιτος
493 1346 705 1417 Ὥσπερ
732 1347 843 1417 γὰρ
878 1348 975 1401 καί
1020 1350 1243 1412 εἰκότως
1287 1350 1353 1403 ἂν
1396 1351 1726 1424 κατεψέχθη,

1847 1357 2153 1414 istiusmodi
2188 1359 2263 1414 ita
2298 1374 2357 1414 se
2394 1359 2594 1413 habere
2624 1372 2731 1411 non
2767 1354 3111 1413 existimant,
3142 1348 3238 1405 sed
3267 1361 3423 1401 crea-

172 1439 293 1492 Θεοῦ
318 1438 458 1491 κατὰ
482 1438 643 1507 φύσιν
671 1439 772 1491 οὐκ
798 1439 950 1503 ὄντος
978 1438 1071 1492 τοῦ
1101 1440 1452 1510 προελθόντος
1480 1443 1536 1510 ἐξ
1563 1443 1728 1498 αὑτοῦ

1844 1456 1953 1505 lum
1991 1450 2221 1517 dicunt,
2248 1466 2358 1521 qua
2390 1452 2445 1505 in
2482 1466 2541 1505 re
2579 1448 2897 1505 diﬂeremus
2935 1442 3100 1516 805
3130 1444 3198 1497 ab
3227 1442 3295 1497 iis
3324 1441 3420 1511 qui

170 1529 488 1598 γεννήματος
518 1544 531 1558 ·
580 1526 755 1592 οὕτως
784 1527 937 1581 ἔσται
967 1530 1102 1584 πολὺ
1141 1530 1260 1583 λίαν
1304 1532 1551 1604 εὐκλεὴς,
1598 1534 1728 1588 Θεὸν

1842 1539 2028 1607 solem,
2060 1547 2156 1594 aut
2179 1541 2401 1606 cmlum,
2433 1539 2551 1596 sive
2575 1548 2957 1594 creaturarum
2986 1537 3226 1603 aliquam
3257 1533 3418 1586 aliam

169 1618 295 1689 ἔχων
316 1618 585 1689 ἀληθινὸν,
625 1621 719 1673 καὶ
744 1619 814 1673 τά
853 1621 1033 1674 πάντα
1064 1622 1313 1692 ἰσχύοντα
1344 1623 1475 1696 δρᾷν
1501 1641 1560 1678 τε
1590 1626 1726 1697 ὁμοῦ

1846 1627 2133 1683 invocant?
2161 1628 2403 1684 Tametsi
2428 1630 2575 1685 enim
2603 1625 3088 1684 iuconsiderantiae
3122 1638 3235 1678 suae
3263 1622 3422 1676 dede-

169 1711 253 1764 καὶ
279 1709 482 1781 ἑτέροις
507 1710 828 1781 χαρίζεσθαι
858 1712 946 1765 τὸν
971 1714 1034 1766 ὲκ
1064 1713 1161 1783 τῆς
1192 1714 1379 1778 οὐσίας
1407 1716 1568 1769 αὑτοῦ
1595 1735 1727 1790 προ-

1839 1732 1963 1773 core
1993 1702 2211 1777 confusi
2239 1728 2550 1776 creaturam
2588 1721 2805 1790 quidem
2834 1720 3012 1788 ipsum
3039 1730 3167 1772 esse
3189 1715 3415 1775 dicunt,

168 1802 368 1858 ελθόντα
387 1803 621 1874 καρπόν.
657 1804 722 1857 Εἰ
742 1805 800 1856 δὲ
825 1805 904 1867 είς
925 1803 1080 1868 δόξαν
1109 1806 1366 1858 συντείνει
1395 1806 1489 1859 τοῦ
1519 1808 1725 1878 Πατρὸς

1841 1810 2046 1867 caeteris
2075 1812 2362 1882 aequalem,
2401 1812 2495 1868 sed
2532 1826 2702 1883 supra
2731 1825 2922 1866 omnes
2949 1806 3248 1864 eminentia
3278 1819 3417 1871 qua-

165 1896 220 1949 τὸ
244 1897 298 1948 ὲν
329 1897 436 1958 τοῖς
468 1894 829 1965 θεοπρεπέσιν
863 1894 1168 1966 ἀξιώμασιν
1200 1898 1429 1966 ὁρᾶσθαι
1457 1898 1547 1951 τὸν
1573 1899 1722 1966 Υίὸν,

1841 1901 1954 1958 Iam
1977 1904 2269 1973 praeditum
2296 1944 2311 1971 ,
2342 1905 2520 1959 sciant
2551 1912 2733 1959 tamen
2792 1920 2853 1959 se
2908 1901 3275 1956 nihilominus
3313 1895 3417 1949 Pa-

165 1989 304 2051 ποίος
341 1985 435 2041 τοῦ
475 1986 798 2051 κολάζεσθαι
832 1986 985 2056 λόγος
1014 1987 1274 2055 ὲξελεῖται
1305 1990 1398 2044 τὸν
1427 1992 1720 2062 αἰρετικὸν,

1843 1995 1930 2050 :ris
1960 1995 2193 2067 gloriam
2227 1997 2424 2053 laedere
2448 2039 2463 2063 ,
2516 1999 2568 2054 id
2603 2004 2687 2053 est
2720 1994 2927 2051 Filium
2955 2036 2971 2061 ,
3017 1992 3241 2064 quando
3272 1991 3419 2044 inter

165 2078 518 2149 ἀναισχύντοις
534 2078 866 2148 δυσφημίαις
889 2078 1352 2150 κατασμικρύνειν
1374 2080 1535 2134 αὐτὸν
1563 2081 1724 2135 πολυ-

1838 2094 2113 2145 creaturas
2143 2104 2268 2145 eum
2296 2091 2592 2146 collocant.
2619 2088 2732 2145 Nec
2765 2089 2911 2145 enim
2937 2088 3204 2158 quaeritur
3229 2091 3414 2138 utrum

162 2172 360 2243 τρόπιος
387 2173 449 2224 οὑ
478 2171 908 2236 καταδείσαντα;
949 2171 1092 2243 Ἐρῶ
1121 2171 1177 2225 δὲ
1204 2172 1340 2243 πρὸς
1369 2172 1578 2237 τούτοις
1602 2174 1721 2228 ἔτε-

1839 2194 2026 2249 magua
2055 2181 2149 2247 sit,
2185 2197 2254 2235 an
2282 2198 2449 2250 parva
2478 2191 2755 2244 creatura,
2785 2181 2879 2238 sed
2913 2196 2981 2234 an
3003 2180 3232 2236 omnino
3258 2191 3415 2232 crea-

163 2280 246 2333 ρον
278 2264 391 2326 ταῖς
424 2263 648 2317 ἐκείνων
683 2263 1064 2328 ἀπαιδευσίαις
1085 2262 1145 2316 ού
1184 2263 1442 2335 μετρίως,
1477 2266 1554 2328 ὡς
1577 2260 1720 2335 ἐγῷ-

1836 2278 1949 2326 lura
1994 2274 2086 2339 sit,
2118 2290 2186 2328 an
2237 2291 2344 2329 non
2377 2277 2565 2346 potius
2593 2277 2734 2333 Deus
2773 2274 3078 2332 secundum
3122 2280 3375 2326 naturam
3398 2307 3412 2333 ,

164 2370 270 2425 μαι,
302 2355 627 2426 μαχόμενον.
670 2354 735 2409 Εἰ
763 2355 873 2426 γὰρ
899 2354 1172 2425 εὐχόμεθα
1196 2354 1275 2426 τῷ
1302 2354 1435 2426 Υίῷ,
1469 2357 1565 2410 καὶ
1590 2359 1721 2430 παρ’

996 2354 1172 2425 κόμεθα
1196 2354 1275 2426 τῷ
1302 2354 1435 2426 Υίῷ,
1469 2357 1565 2410 καὶ
1590 2359 1721 2430 παρ’
1827 2361 1973 2430 quod
2004 2379 2190 2418 verum
2218 2365 2440 2434 quidem
2469 2375 2572 2421 est.

160 2448 306 2502 αὑτοῦ
337 2446 612 2519 ζητοῦμεν
639 2447 708 2500 τὰ
733 2448 1028 2517 αἰτήματα,
1074 2446 1169 2500 καὶ
1196 2448 1357 2513 αὐτὸς
1420 2448 1621 2504 διδόναι
1688 2456 2211 2523 κατεπαγγέλλεται,
2259 2457 2375 2520 πῶς
2421 2459 2520 2511 οὑκ
2587 2457 2653 2511 ἂν
2712 2459 2795 2527 εἴη
2837 2455 2995 2525 φύσει
3033 2453 3166 2516 Θεὸς
3210 2453 3304 2505 καί
3350 2453 3416 2504 ἐκ

159 2542 279 2597 Θεοῦ
299 2543 388 2597 τοῦ
411 2544 556 2597 κατά
585 2543 746 2612 φύσιν
768 2541 1194 2613 γεγεννημένος;
1230 2542 1292 2596 Εἰ
1315 2543 1424 2615 γὰρ
1449 2545 1523 2615 μὴ
1583 2543 1755 2611 οὕτως
1830 2547 1972 2619 ἔχειν
2021 2550 2495 2621 ὑπολαμϐάνουσιν
2546 2550 2731 2609 αὑτὸν,
2777 2548 3000 2617 γενητὸν
3046 2546 3102 2598 δὲ
3146 2541 3286 2596 εἶναι
3329 2541 3416 2593 λέ-

159 2651 317 2705 γουσι,
355 2632 499 2687 κατὰ
523 2633 576 2685 τί
604 2632 874 2702 διοίσομεν
937 2631 1018 2685 ἔτι
1046 2632 1155 2686 τῶν
1191 2632 1639 2703 ἐπικαλουμένων
1695 2637 1788 2689 τὸν
1826 2637 1999 2708 ἥλιον,
2042 2639 2075 2709 ἢ
2111 2641 2202 2692 τὸν
2231 2640 2478 2711 οὐρανὸν,
2530 2640 2697 2709 ήγουν
2729 2638 2915 2706 ἕτερόν
2947 2654 3000 2688 τι
3033 2634 3143 2687 τῶν
3176 2631 3409 2702 κτισμάο

155 2739 281 2787 των;
314 2723 373 2776 Εἰ
392 2722 504 2793 γὰρ
532 2723 643 2787 καὶ,
672 2722 878 2793 σφόδρα
907 2721 1227 2791 κακούργως
1251 2724 1349 2793 τῆς
1379 2724 1587 2778 ἑαυτῶν
1610 2725 1832 2795 ἀλογίας
1856 2730 1917 2782 τὸ
1959 2730 2195 2794 ἀκαλλὲς
2254 2730 2687 2799 δυσωπούμενοι,
2725 2730 2931 2798 κτίσμα
2999 2727 3097 2797 μὲν
3166 2725 3413 2792 λέγουσιν

156 2813 301 2868 αὑτὸν
343 2815 398 2866 ὲν
432 2811 538 2883 ἴσῳ
570 2815 684 2876 τοῖς
715 2811 894 2869 ἄλλοις
927 2811 1240 2882 κτίσμασιν,
1278 2812 1609 2885 ἀσύγκριτον
1655 2815 1712 2869 δέ
1748 2832 1871 2871 τινα
1893 2819 1990 2889 τὴν
2025 2820 2166 2873 κατὰ
2190 2820 2407 2873 πάντων
2434 2819 2575 2890 ἔχειν
2603 2818 2876 2890 ὑπεροχήν
2901 2833 2914 2845 ·
2994 2814 3106 2867 ἀλλ’
3178 2812 3414 2868 ἴστωσαν

156 2906 226 2959 ὅτι
246 2905 389 2958 οὐδὲν
407 2899 572 2976 ἦττον
599 2903 847 2974 ὑϐριοῦσι
876 2902 976 2971 τὴν
998 2902 1093 2956 τοῦ
1120 2902 1331 2975 Πατρὸς
1393 2904 1570 2970 δόξαν,
1632 2906 1780 2960 τοῦτ’
1818 2908 1935 2962 ἐστι
1954 2910 2045 2963 τὸν
2079 2910 2229 2974 Υἱὸν,
2262 2909 2376 2963 ἔστ’
2397 2910 2462 2964 ἂν
2489 2911 2651 2963 αὑτὸν
2682 2908 2994 2980 ἐναρίθμιον
3020 2905 3251 2972 λέγωσιν
3275 2903 3412 2963 εἶναι

154 2999 253 3061 τοῖς
297 2995 702 3066 πεποιημένοις.
751 2995 824 3047 Τὸ
853 2995 961 3065 γὰρ
995 2994 1325 3066 ζητούμενόν
1356 2996 1504 3051 ἑστιν
1532 2997 1632 3052 οὐκ
1666 3001 1713 3053 εἰ
1755 3000 1898 3070 μέγα
1936 3002 2098 3072 τυχόν
2142 3005 2288 3056 ἐστιν
2337 3003 2371 3072 ἢ
2432 3001 2625 3073 μικρὸν
2679 3001 2923 3071 ποίημα,
2975 2996 3088 3052 ἀλλ’
3154 2996 3207 3048 εἰ
3277 2997 3410 3063 ὅλως

155 3087 359 3159 γενητὸς
385 3086 478 3140 καὶ
511 3086 713 3157 μᾶλλον
752 3086 874 3155 οὐχ).
899 3084 1032 3148 Θεὸς
1055 3085 1195 3139 κατὰ
1223 3085 1402 3155 φύσιν,
1433 3089 1571 3160 ὅπερ
1601 3090 1718 3143 ἐστὶ
1756 3092 1852 3145 καὶ
1880 3092 2099 3163 ἀληθές.

225 3176 359 3233 Ἐάν
396 3194 452 3232 τι
491 3175 781 3245 αἰτήσητε
821 3177 891 3231 ἐν
932 3174 1013 3243 τῷ
1058 3176 1306 3249 ὀνόματί
1338 3196 1487 3248 μου,
1536 3181 1713 3237 τοῦτο
1739 3187 1782 3245 C

1886 3183 2035 3248 XIV,
2090 3185 2171 3240 14.
2230 3183 2291 3241 Si
2331 3182 2456 3255 quid
2508 3181 2765 3253 petieritis
2805 3182 2859 3236 in
2897 3181 3107 3238 nomine
3147 3198 3281 3246 meo,
3317 3182 3412 3235 hoc

154 3271 388 3341 ποιήσω.

1818 3278 2034 3347 faciant.

225 3362 718 3436 Ἀπημφιεσμένως
760 3363 863 3435 ήδη
909 3364 1074 3436 φησὶν
1118 3365 1231 3432 ὅτι,
1274 3365 1409 3431 Θεὸς
1455 3367 1717 3441 ὑπάρχων

1888 3371 2094 3440 Aperte
2132 3371 2247 3441 jam
2288 3370 2366 3424 ait
2405 3385 2465 3425 se
2492 3410 2507 3437 ,
2559 3385 2684 3424 cum
2721 3369 2862 3425 Deus
2899 3369 2974 3424 sit
3005 3380 3173 3424 verus
3199 3407 3214 3433 ,
3253 3367 3414 3422 facile

153 3455 400 3527 ἀληθινὸς,
428 3453 780 3525 προσδέξεται
810 3454 907 3525 μὲν
929 3456 1022 3510 καὶ
1041 3455 1161 3511 λίαν
1181 3459 1426 3523 εὐπετῶς
1446 3460 1544 3524 τὰς
1566 3460 1718 3532 παρὰ

1838 3463 2038 3533 |uidem
2079 3478 2309 3518 suorum
2359 3477 2551 3532 preces
2591 3468 2948 3531 accepturum
2977 3500 2993 3525 ,
3052 3470 3106 3514 et
3158 3466 3414 3528 prompte

152 3547 247 3601 τῶν
280 3547 421 3601 ἰδίων
466 3546 659 3617 εὑχάς,
711 3548 1011 3619 χορηγήσει
1042 3547 1098 3601 δὲ
1140 3549 1235 3603 καὶ
1270 3550 1475 3626 σφόδρα
1510 3551 1714 3621 προθύ-

1835 3553 2107 3609 tdmodum
2144 3554 2470 3623 largiturum
2495 3567 2618 3622 qum
2652 3552 2934 3622 petierint.
2972 3550 3243 3620 spiritalia
3270 3549 3411 3603 dona

155 3655 275 3710 μως,
320 3638 461 3709 ἅπερ
496 3637 567 3693 ἂν
604 3638 903 3710 βούλωνται
945 3639 1152 3706 λαϐεῖν,
1199 3640 1514 3712 χαρίσματα
1538 3643 1594 3696 δὲ
1619 3642 1715 3714 δη-

1834 3646 2078 3702 timirum
2109 3653 2163 3701 et
2197 3659 2441 3715 superna
2467 3643 2848 3697 munificentia
2881 3642 3065 3711 digna.
3091 3640 3282 3710 Neque
3314 3655 3410 3695 vc-

149 3731 306 3786 λονότι
333 3730 681 3806 πνευματικὰ
709 3732 805 3786 καὶ
850 3730 951 3801 τῆς
980 3731 1188 3786 ἄνωθεν
1219 3732 1529 3804 φιλοτιμίας
1566 3733 1711 3801 ἄξια.

1836 3754 1878 3795 ὀ
1908 3748 1969 3793 υι
1994 3738 2183 3793 aliena:
2212 3734 2573 3806 benignitatis
2602 3748 2668 3788 ac
2696 3732 2962 3787 bonitatis
2997 3730 3255 3785 minister
3297 3731 3412 3785 haec

149 3823 247 3877 Καὶ
276 3825 368 3896 οὐχ
396 3825 472 3888 ὡς
500 3824 604 3894 τῆς
638 3824 826 3896 ἐτέρου
861 3822 1270 3896 φιλανθρωπίας
1292 3825 1556 3892 διάκονος,
1590 3825 1711 3879 οὔτε

1832 3831 1931 3896 tit,
1980 3830 2078 3885 sed
2121 3836 2181 3883 ut
2221 3829 2316 3898 qui
2356 3828 2411 3882 in
2445 3834 2722 3897 potestate
2764 3839 2863 3881 sua
2918 3831 3122 3878 cuncta
3170 3821 3408 3890 habeat,

152 3915 246 3986 μὴν
274 3917 346 3982 ὡς
386 3916 680 3988 ἀλλοτρίας
709 3916 1048 3987 ἡμερότητος
1094 3916 1368 3988 ὑπουργὸς
1393 3918 1462 3971 τὰ
1488 3918 1714 3973 τοιαῦτά

1832 3936 1938 3976 :um
1963 3919 2126 3974 Patre
2155 3928 2209 3975 et.
2245 3920 2363 3989 ipse
2394 3919 2676 3974 exsistens
2701 3958 2714 3981 ,
2773 3916 2821 3970 is
2856 3929 2953 3984 per
2973 3928 3139 3984 quem
3174 3913 3360 3967 omnia
3390 3951 3408 3979 ,

149 4023 313 4076 φησιν,
346 4007 459 4061 ἀλλ’
489 4009 568 4071 ὡς
593 4006 729 4077 ἔχων
760 4007 817 4059 ὲν
844 4006 1061 4078 ἐξουσίᾳ
1086 4006 1153 4060 τὰ
1187 4007 1384 4070 πάντα,
1434 4010 1573 4079 μετὰ
1604 4010 1714 4063 Πα-

1834 4019 1868 4067 ιι
1896 4028 1927 4067 a
1963 4014 2122 4069 nobis
2153 4014 2208 4068 in
2247 4013 2461 4077 Deum,
2497 4018 2551 4067 et
2584 4010 2639 4064 in
2678 4023 2782 4063 nos
2819 4007 2889 4061 ab
2919 4006 3043 4076 ipso
3073 4005 3152 4061 “..
3196 4003 3410 4060 idcirco

145 4096 258 4165 τρὸς
278 4098 371 4153 καὶ
401 4098 569 4162 αὐτὸς
602 4098 884 4169 ὑπάρχων,
917 4099 945 4150 6
969 4097 1035 4150 δι’
1063 4091 1125 4152 οὗ
1153 4098 1221 4151 τά
1246 4097 1446 4163 πάντα,
1478 4101 1630 4171 παρά
1653 4118 1713 4155 τε

1835 4105 1976 4158 :tiam
2004 4105 2211 4160 Paulus
2243 4104 2577 4174 coniunctas
2611 4100 2820 4171 pariter
2854 4099 3126 4153 bonorum
3159 4095 3411 4166 largitio-

145 4189 285 4259 ήμῶν
311 4192 388 4252 είς
418 4190 581 4251 Θεὸν,
616 4190 711 4244 καὶ
736 4191 816 4252 εἰς
844 4190 993 4259 ἡμᾶς
1031 4189 1164 4260 παρ’
1191 4188 1378 4243 αὑτοῦ.
1433 4191 1531 4245 Διὰ
1556 4191 1713 4246 τοῦτο

1832 4210 1911 4250 tes
1950 4194 2132 4265 dignis
2164 4210 2380 4265 semper
2411 4200 2744 4262 apprecatur
2774 4229 2789 4254 ,
2843 4188 3037 4243 dicens
3082 4206 3095 4241 :
3155 4205 3174 4237 ι
3213 4185 3408 4242 Gratia

144 4279 229 4333 καὶ
270 4281 479 4346 Παῦλος
526 4282 617 4335 ἀεὶ
671 4280 1110 4351 συνεζευγμένας
1162 4279 1262 4343 τὰς
1322 4280 1431 4333 τῶν
1490 4282 1712 4350 ἀγαθῶν

1832 4285 1969 4342 vobis
2018 4293 2074 4340 et
2121 4299 2224 4355 pax
2263 4299 2293 4338 a
2328 4285 2438 4339 Deo
2487 4282 2650 4337 Patre
2682 4286 2878 4335 nostro
2918 4284 2972 4332 et
3011 4276 3246 4332 Domino
3278 4276 3408 4332 Jesu

144 4374 389 4442 χορηγίας
440 4374 559 4437 τοῖς
602 4373 776 4440 ἀξίοις
825 4372 1154 4442 ἐπεύχεται,
1208 4371 1383 4441 λέγων
1409 4387 1424 4403 ο
1488 4390 1507 4424 ι
1536 4373 1712 4446 Χάρις

1830 4378 2039 4435 Iliristo
2082 4379 2146 4431 ³³.
2187 4396 2205 4430 ι
2253 4375 2443 4447 Neque
2476 4390 2607 4432 vero
2655 4373 2951 4444 quisquam
3001 4386 3150 4425 sana:
3204 4371 3406 4426 mentis

143 4461 256 4532 ὑμῖν
278 4465 367 4518 καὶ
387 4466 583 4537 εἰρήνη
615 4464 724 4519 ἀπὸ
746 4464 954 4534 Πατρὸς
985 4462 1141 4535 ήμῶν
1170 4464 1262 4515 καὶ
1293 4463 1497 4535 Κυρίου
1535 4465 1708 4535 Ἰησοῦ

1827 4471 2088 4528 autaverit
2142 4468 2363 4525 Patrem
2421 4468 2655 4525 seorsim
2715 4465 2939 4535 quidem
2996 4463 3232 4535 gratiam
3298 4460 3403 4517 ali-

143 4527 381 4624 Χριστοῦ.
413 4527 455 4607 ι.
482 4527 598 4609 kat-1
640 4557 701 4609 οὐ
746 4556 809 4625 δή
842 4527 923 4619 τις
948 4527 1071 4608 νοῦν
1104 4553 1246 4625 ἔχων
1271 4527 1514 4625 οἰήσεται
1546 4527 1709 4610 πάλιν

1832 4580 1976 4634 luam
2030 4579 2097 4618 ac
2145 4561 2384 4619 seorsim
2431 4560 2633 4614 Filium
2690 4555 2954 4628 elargiri,
2998 4558 3093 4611 sed
3139 4570 3305 4609 unam
3342 4569 3408 4609 ac

141 4643 206 4707 ὡς
252 4646 353 4718 ἰδία
399 4647 498 4718 μέν
542 4664 665 4700 τινα
710 4647 870 4717 χάριν
916 4645 1130 4700 δίδωσιν
1177 4646 1206 4698 6
1244 4642 1455 4718 Πατὴρ,
1502 4646 1609 4718 ἰδία
1654 4647 1711 4700 δὲ

1830 4659 2061 4713 :amdem
2113 4671 2273 4721 esse,
2326 4656 2456 4709 licet
2508 4653 2577 4707 ab
2627 4663 2864 4721 utroque
2914 4649 3154 4704 dicatur.
3193 4649 3406 4703 Cuncta

144 4735 312 4810 ὥσπερ
357 4741 453 4794 καὶ
483 4738 593 4794 ἀνὰ
629 4738 792 4810 μέρος
843 4733 911 4793 αὖ
958 4737 1118 4792 πάλιν
1149 4739 1178 4790 6
1220 4738 1351 4801 Υίός
1379 4755 1392 4769 ο
1447 4738 1562 4792 ἀλλ’
1593 4738 1711 4792 ἐστι

1825 4752 2019 4822 quippe
2046 4750 2189 4805 bona
2217 4749 2398 4821 dignis
2440 4745 2738 4802 traduntur
2763 4760 2793 4798 a
2828 4742 2994 4798 Patre
3035 4756 3130 4813 per
3159 4738 3357 4795 Filium
3387 4781 3401 4807 ,

145 4825 305 4899 μὲνὴ
355 4829 494 4899 αὑτὴ
540 4830 635 4883 καὶ
687 4828 806 4899 μία,
857 4830 905 4881 εἰ
947 4829 1042 4882 καὶ
1094 4827 1164 4882 δι’
1215 4830 1416 4899 ἀμφοῖν
1465 4830 1704 4899 λέγεται.

1822 4851 1866 4898 et
1895 4843 2209 4898 divinarum
2241 4840 2547 4912 gratiarum
2580 4837 2641 4893 ﬁt
2671 4836 2999 4893 distributio
3024 4875 3038 4901 ,
3070 4848 3180 4887 non
3214 4842 3398 4886 tamen

141 4916 362 4973 Ποιεϊτα;
387 4919 521 4989 γοῦν
555 4922 705 4991 ὅμως
728 4920 794 4974 τὰ
841 4919 1021 4975 πάντα
1055 4920 1209 4991 παρὰ
1239 4922 1452 4994 Πατρὸς
1476 4922 1544 4977 δι’
1576 4923 1707 4978 Υίοῦ

1828 4950 2074 5005 ,anquam
2107 4951 2204 5004 per
2226 4933 2545 4988 ministrum
2575 4972 2590 4995 ,
2638 4930 2735 4986 sed
2765 4944 2864 5001 per
2899 4941 3021 4982 eum
3059 4924 3151 4994 qui
3184 4924 3404 4977 conlat-

139 5008 238 5070 τοῖς
278 5007 447 5074 ἀξίοις
481 5010 553 5075 τά
584 5010 783 5079 ἀγαθὰ,
826 5011 918 5064 κα)⁵
949 5013 981 5081 ή
1011 5011 1118 5064 τῶν
1161 5011 1322 5066 θείων
1350 5015 1708 5085 χαρισμάτων

1826 5023 1957 5094 gitor
1998 5024 2356 5095 intelligatur,
2394 5029 2449 5077 et
2485 5028 2570 5076 est
2597 5035 2743 5075 vere.
2780 5017 2897 5072 Una
2917 5014 3190 5085 siquidem
3227 5013 3402 5068 deita-

140 5095 370 5171 διανομὴ,
423 5102 528 5155 οὐκ
579 5104 636 5155 ἐν
686 5102 990 5173 ὑπουργίας
1030 5103 1182 5168 τάξει
1237 5105 1704 5177 παραληφθέντος,

1819 5117 1881 5172 Lis
1906 5124 2100 5171 natura
2135 5124 2220 5172 est
2248 5124 2414 5187 atque
2443 5116 2518 5168 ita
2544 5113 2812 5168 creditur.
2832 5110 2989 5164 Licet
3019 5106 3169 5161 enim
3199 5114 3395 5160 exten—

140 5189 371 5264 καθάπερ
414 5196 745 5266 εἰρήκαμεν,
798 5195 913 5248 ἀλλ’
945 5194 1023 5259 ὼς
1056 5198 1379 5269 συνδοτῆρος
1425 5200 1520 5252 καλ⁴
1571 5216 1704 5269 συγ-

1821 5207 1975 5263 :latur
2012 5207 2067 5261 in
2112 5206 2332 5262 Patrem
2368 5215 2422 5261 et
2452 5204 2654 5260 Filium
2693 5218 2756 5257 ac
2793 5206 3047 5256 sanctum
3080 5195 3349 5268 Spiritum
3381 5234 3397 5260 ,

138 5284 356 5354 χορηγοῦ
382 5286 680 5357 νοουμένου
709 5305 767 5341 τε
794 5288 889 5341 καὶ
918 5288 1254 5360 ὑπάρχοντος
1309 5290 1415 5362 [αι.
1463 5292 1698 5363 ἐνυπάρ-

1822 5312 2154 5368 nequaquam
2212 5305 2397 5352 tamen
2456 5295 2850 5364 unusquisque
2900 5290 2971 5343 ab
3008 5291 3184 5343 altero
3236 5288 3398 5358 plane

135 5376 326 5449 χοντος]
359 5378 601 5451 ἀληθῶς.
646 5380 762 5433 Μία
788 5380 896 5451 γὰρ
924 5382 956 5448 ἡ
989 5381 1091 5450 τῆς
1119 5381 1370 5452 θεότητος
1402 5380 1562 5450 φύσις
1587 5384 1702 5436 ὲστί

1819 5387 2091 5444 diducitur
2118 5396 2281 5458 atque
2307 5393 2617 5458 separatur.
2652 5382 2825 5438 Recte
2857 5383 3068 5452 quippe
3092 5381 3395 5435 sentientes

132 5481 183 5517 τε
223 5469 310 5521 καὶ
345 5469 491 5524 οὕτω
529 5469 870 5525 πιστεύεται.
910 5469 1031 5523 Κάν
1060 5469 1169 5542 γὰρ
1203 5472 1283 5535 εἰς
1314 5471 1533 5543 Πατέρα
1567 5473 1702 5527 πλα-

1815 5481 2056 5536 dicemus
2085 5496 2150 5536 ex
2190 5478 2351 5535 Patre
2381 5494 2505 5534 esse
2541 5484 2596 5532 et
2621 5479 2625 5482 ’
2648 5476 2702 5528 in
2734 5473 2903 5528 Patre
2939 5472 3266 5527 naturaliter
3299 5470 3391 5526 Fi-

133 5557 340 5631 τύνηται
383 5561 480 5615 καὶ
518 5558 657 5614 Υἱὸν
695 5561 788 5614 καὶ
813 5562 895 5625 είς
934 5561 995 5613 τὸ
1025 5562 1247 5633 Πνεῦμα
1272 5564 1334 5618 τὸ
1363 5565 1536 5635 ἅγιον,
1585 5566 1699 5621 ἀλλ’

1814 5573 1965 5640 lium,
2002 5587 2067 5629 ex
2099 5587 2273 5642 eoque
2301 5578 2354 5627 ct
2384 5569 2440 5625 in
2469 5582 2556 5634 eo.
2587 5577 2639 5623 et
2665 5566 2758 5638 qui
2791 5564 3050 5637 proprius
3074 5563 3197 5636 ejus
3229 5570 3390 5634 atque

198 5731 241 5765 ⁸⁵
272 5733 289 5788 I
321 5735 450 5793 Cor.
486 5753 615 5804 vin,
654 5737 706 5792 6.
783 5738 824 5771 ³⁸
865 5736 1095 5810 Philipp.
1137 5756 1175 5806 ι,
1216 5740 1270 5794 2.
