3992 6316
515 280 616 335 251

1512 268 1569 326 S.
1613 267 1890 325 CYRILLI
1927 266 2402 325 ALEXANDRINI
2441 267 2762 326 ARCHIEP.

3685 261 3814 320 252

508 386 632 442 Filii
658 391 746 442 est
776 390 1033 441 sanctum
1073 379 1365 453 Spiritum.
1396 378 1535 436 Cum
1563 380 1732 453 igitur
1763 394 1875 437 una
1920 380 1994 437 sit
2037 388 2091 436 et

2195 382 2295 437 οὐκ
2340 381 2454 453 ἔχει
2500 383 2592 437 τὸν
2645 381 2882 436 εἰσάπαν
2936 378 3031 435 καὶ
3088 377 3398 450 ὁλοκλήρως
3444 377 3809 447 διασπασμὸν

510 478 857 548 intelligatur
883 474 1193 532 secundum
1230 481 1484 528 naturam
1524 473 1703 529 deitas
1723 516 1739 543 ,
1769 488 1864 544 per
1899 472 2102 527 Filium

511 588 542 627 a
576 570 745 625 Patre
796 569 855 623 in
905 568 1113 638 Spiritu
1164 566 1344 639 dignis
1376 581 1570 622 eorum
1605 566 1750 621 dona
1795 566 2102 629 tradentur,

505 672 562 719 et
590 662 854 717 nostrain
891 660 1058 714 Deum
1086 660 1416 726 referentur,
1440 658 1718 715 mediante
1740 659 2000 714 nimirum
2019 656 2106 713 Fi-

462 784 466 789 -
507 754 601 807 lio.
620 752 791 808 Nemo
815 751 963 807 enim
988 751 1137 805 venit
1157 751 1325 822 806
1354 751 1420 805 ad
1445 749 1685 819 Patrem,
1704 751 1812 806 nisi
1837 766 1932 821 per
1951 766 2101 819 eum,

505 843 652 899 sicut
673 843 791 913 ipse
812 842 1073 897 nimirum
1102 842 1277 912 palam
1312 841 1601 912 professus
1632 851 1737 898 est.
1766 839 1945 897 Janua
1971 857 2103 913 ergo

503 942 562 992 et
584 935 674 991 via
704 934 962 990 amicitiae
988 949 1112 990 cum
1149 932 1260 989 Deo
1296 948 1362 989 ac
1388 932 1554 989 Patre
1580 934 1683 989 fuit
1711 942 1767 991 et
1794 943 1883 993 est
1902 933 2098 1000 Filius,

503 1035 559 1084 et
588 1026 718 1082 doni
744 1026 894 1095 quod
915 1026 986 1081 ab
1009 1026 1130 1097 ipso
1158 1025 1502 1097 conlargitor
1532 1028 1701 1082 simul
1728 1035 1895 1098 atque
1919 1028 2101 1083 distri-

503 1119 707 1185 butor,
747 1126 811 1172 ut
850 1132 918 1173 ex
950 1132 1058 1172 una
1104 1116 1273 1173 simul
1306 1124 1362 1172 et
1414 1119 1699 1173 communi
1740 1119 2096 1188 benignitate.

506 1205 627 1265 Una
650 1209 853 1278 quippe
878 1219 962 1264 est
990 1207 1215 1263 deitatis
1246 1217 1447 1263 natura
1478 1209 1533 1263 in
1567 1223 1807 1279 persona
1843 1218 1896 1264 et
1923 1211 2097 1281 hypo-

503 1302 645 1357 stasi
675 1299 861 1356 Patris
898 1308 953 1356 et
994 1298 1118 1355 Filii
1164 1300 1455 1371 sanctique
1484 1300 1746 1371 Spiritus.
1792 1300 1932 1369 Quia
1969 1317 2099 1358 vero

504 1392 834 1448 inusitatum
866 1390 1065 1446 'adhuc
1103 1398 1223 1447 erat
1272 1391 1518 1462 antiquis
1551 1391 1769 1448 Patrem
1813 1392 1967 1448 adire
2002 1409 2125 1463 perv

504 1481 748 1550 Filium,
779 1484 926 1539 istud
952 1497 1174 1555 quoque
1214 1484 1424 1540 utiliter
1454 1484 1654 1550 docet,
1691 1499 1755 1540 ac
1777 1484 1929 1556 jacto
1949 1486 2097 1541 velut

486 1575 750 1646 quodam
791 1575 958 1632 istius
990 1575 1068 1631 rei
1113 1575 1171 1630 in
1204 1576 1323 1631 suis
1365 1575 1664 1647 discipulis
1698 1575 2094 1646 fundamento,

2205 474 2296 530 τὸν
2327 478 2406 541 εἰς
2434 476 2664 529 ἕκαστον
2699 473 2809 528 τῶν
2842 471 3260 545 σημαινομένων
3290 471 3453 543 φημί.
3503 468 3805 524 Διακεισὸο

2208 568 2348 639 μεθα
2375 568 2484 640 γὰρ
2514 566 2835 640 φρονοῦντες
2882 565 3060 638 ὀρθῶς
3092 564 3168 628 ὡς
3211 565 3276 617 ἐκ
3308 562 3523 634 Πατρός
3563 562 3624 617 τέ
3674 565 3805 616 ἐστι

2205 660 2301 714 καὶ
2328 661 2386 712 ἐν
2434 658 2609 730 Πατρὶ
2660 658 2904 727 φυσικῶς
2948 658 2978 710 6
3020 655 3168 719 Υίὸς,
3217 654 3277 720 ἐξ
3310 653 3475 708 αὐτοῦ
3512 671 3570 708 τε
3602 654 3701 707 καὶ
3730 654 3805 706 ἐν

2204 752 2375 824 αὐτῷ,
2428 752 2523 807 καὶ
2569 752 2630 805 τὸ
2660 751 2788 805 ἴδιον
2829 749 2995 804 αὐτοῦ
3021 766 3080 803 τε
3107 748 3202 802 καὶ
3246 746 3341 800 τοῦ
3376 746 3509 800 Υίοῦ
3538 746 3799 817 Πνεῦμα,

2202 843 2431 898 τοῦτ’έτ
2490 851 2536 913 θλ
2560 844 2621 897 τὸ
2650 845 2826 912 ἆγιον.
2877 843 3024 905 Μιᾶς
3052 840 3343 911 τοιγαροῦν
3388 838 3556 909 οΰσης
3586 856 3648 891 τε
3695 837 3802 891 καὶ

2202 937 2496 1006 νοουμέιης
2542 934 2642 1000 τῆς
2673 933 2812 988 κατὰ
2857 933 3019 1003 φύσιν
3047 931 3319 1002 θεότητος,
3367 930 3434 984 δι’
3462 930 3593 983 Υίοῦ
3633 929 3797 1000 παρὰ

2202 1028 2415 1099 Πατρὸς
2435 1028 2493 1083 ἐν
2518 1026 2792 1098 Πνεύματι
2823 1029 2935 1089 τοῖς
2968 1024 3139 1090 ἀξίοις
3161 1024 3230 1078 τά
3262 1025 3390 1090 παρ’
3415 1023 3599 1085 αὐτοῖς
3621 1039 3801 1093 χορη-

2200 1119 2520 1189 γηθήσεται,
2573 1117 2665 1171 καλ⁵
2713 1116 2780 1169 τά
2822 1116 2955 1188 παρ’
3002 1115 3160 1187 ήμῶν
3200 1114 3277 1177 εἰς
3318 1112 3449 1166 Θεὸν
3481 1112 3800 1183 ἀπενεχθή-

2202 1228 2375 1276 σεται,
2434 1210 2808 1281 μεσιτεύοντος
2847 1207 3087 1278 δηλονότι
3130 1205 3223 1260 τοῦ
3262 1205 3414 1260 Υἱοῦ.
3458 1206 3649 1269 Οὐδεὶς
3679 1206 3799 1280 γὰρ

2199 1301 2420 1373 ἔρχεται
2449 1301 2586 1370 πρὸς
2618 1300 2710 1355 τὸν
2742 1299 2979 1371 Πατέρα,
3028 1301 3078 1355 εἰ
3110 1298 3186 1372 μὴ
3216 1299 3282 1351 δι’
3312 1297 3500 1362 αὐτοῦ,
3532 1298 3797 1368 καθάπερ

2198 1392 2393 1463 ἀμέλει
2446 1388 2822 1461 διωμολόγηκε
2856 1389 2951 1443 καλ⁵
2979 1389 3162 1453 αὐτός.
3191 1388 3344 1460 Θύρα
3372 1387 3660 1459 τοιγαροῦν
3693 1388 3798 1441 καὶ

2196 1484 2316 1548 ὁδὸς
2358 1484 2457 1555 τῆς
2490 1482 2626 1555 πρὸς
2656 1482 2789 1537 Θεὸν
2831 1481 2927 1535 καὶ
2953 1481 3171 1553 Πατέρα
3207 1481 3391 1550 φιλίας
3418 1498 3477 1534 τε
3505 1480 3641 1550 ὁμοῦ
3694 1480 3799 1533 καὶ

2198 1578 2425 1650 προόδου
2474 1576 2663 1645 γέγονέ
2710 1592 2772 1629 τε
2819 1575 2915 1629 καὶ
2950 1574 3097 1628 ἔστιν
3123 1576 3151 1628 6
3198 1573 3347 1638 Υἰὸς,
3395 1574 3619 1643 καὶτῆς
3651 1581 3796 1644 παρ’
3830 1556 3835 1561 ξ

501 1666 662 1723 fidem
692 1681 756 1722 ac
787 1666 1146 1736 disciplinam
1176 1666 1343 1721 etiam
1376 1666 1436 1721 in
1476 1682 1579 1723 nos
1619 1666 1772 1737 ipsos
1801 1668 2091 1724 transmit-

2196 1669 2363 1725 αὐτοῦ
2395 1670 2606 1742 δωρεᾶς
2641 1669 2902 1738 συνδοτήρ
2949 1684 3010 1719 τε
3042 1666 3177 1737 ὁμοῦ
3210 1666 3303 1720 καί¹
3339 1666 3654 1737 διανομεὺς,
3709 1665 3796 1729 ὡς

424 1752 431 1763 “
498 1758 588 1823 tit,
624 1774 689 1813 ac
723 1727 1062 1829 precationis
1093 1758 1315 1813 modum
1338 1764 1394 1812 et
1424 1772 1577 1828 spem
1601 1727 1942 1816 manifestat.
1974 1758 2091 1831 Ipse

2199 1766 2264 1819 ἐκ
2299 1765 2428 1834 μιᾶς
2455 1727 2512 1815 τε
2542 1727 2658 1832 ἅμα
2706 1760 2798 1815 καὶ
2851 1727 3039 1830 κοινῆς
3077 1727 3407 1830 φιλοτιμίας.
3456 1727 3573 1813 Μία

499 1866 741 1922 namque
769 1866 892 1922 quae
937 1850 1168 1921 petituri
1201 1849 1413 1905 orando
1440 1864 1635 1906 sumus
1661 1892 1677 1919 ,
1723 1851 1987 1908 daturum
2030 1868 2091 1910 se

2197 1858 2295 1928 τῆς
2343 1854 2595 1925 θεότητος
2642 1852 2805 1923 φύσις
2852 1854 2911 1906 ἐν
2944 1851 3223 1925 προσώπῳ
3269 1870 3328 1906 τε
3365 1853 3460 1906 καὶ
3488 1851 3794 1906 ὑποστάσει

500 1945 829 2015 pollicetur,
872 1945 928 2001 id
966 1944 1196 2013 insuper
1235 1942 1445 1998 addens
1490 1958 1707 2014 quoque
1752 1943 1971 2001 ctetcris
2017 1945 2085 2000 ad

2198 1948 2413 2021 Πατρός
2455 1963 2517 2000 τε
2558 1945 2654 1999 καὶ
2682 1945 2813 2000 Υίοῦ
2859 1945 2955 2000 καὶ
2984 1944 3140 2014 ἁγίου
3170 1944 3508 2016 Πνεύματος.
3566 1945 3792 2016 Ἐπειδὴ

498 2036 995 2093 demonstrandam
1042 2035 1150 2093 sibi
1189 2051 1220 2091 a
1252 2042 1452 2091 natura
1480 2036 1704 2092 insitam
1739 2034 2088 2093 divinitatem

2198 2040 2256 2094 δὲ
2276 2036 2545 2109 ἀσύνηθες
2571 2052 2691 2100 πως
2710 2036 2822 2098 τοῖς
2851 2034 3227 2107 ἀρχαιοτέροις
3254 2037 3347 2089 καὶ
3366 2034 3792 2108 ἀνεπιτήδευτον

496 2136 941 2200 potestatemque
976 2129 1205 2199 regiam.

2195 2127 2264 2203 ἦν
2294 2130 2459 2185 ἔτιτὸ
2485 2129 2552 2184 δι’
2587 2127 2720 2182 Υἰοῦ
2766 2127 3166 2199 προσέρχεσθαι
3195 2128 3273 2199 τῷ
3305 2130 3501 2198 lla—cpi.
3540 2130 3791 2184 διδάσκει

496 2222 592 2279 καὶ
623 2221 782 2277 τοῦτο
830 2223 1140 2295 χρησίμως,
1185 2221 1280 2276 καὶ
1320 2220 1511 2294 ὥσπερ
1555 2222 1678 2277 τινὰ
1710 2226 1952 2296 κρηπῖδα
1991 2226 2086 2281 τοῦ
2125 2227 2452 2299 πράγματος
2519 2224 2577 2278 ἐν
2605 2224 2718 2286 τοῖς
2790 2221 2939 2286 ἰδίοις
2980 2220 3249 2292 μαθηταῖς
3296 2222 3792 2292 προκαταϐάλλων.

495 2316 592 2373 καὶ
634 2317 733 2391 τὴν
764 2318 859 2373 ἐπὶ
891 2317 1067 2389 τούτῳ
1114 2317 1298 2372 πίστιν
1343 2334 1405 2369 τε
1439 2317 1533 2370 καὶ
1599 2317 1855 2389 μάθησιν,
1901 2321 1997 2375 καὶ
2048 2324 2129 2388 εἰς
2199 2323 2345 2394 ἡμᾶς
2392 2319 2590 2383 αὐτοὺς
2639 2317 3004 2389 παραπέμπει
3047 2318 3143 2372 καὶ
3189 2317 3286 2386 τῆς
3334 2319 3640 2390 προσευχῆς
3690 2319 3794 2374 τὸν

495 2410 699 2484 τρόπον
726 2410 950 2481 καὶτῆς
981 2409 1198 2474 ἐλπίδος
1222 2408 1321 2481 τὴν
1346 2408 1597 2480 δήλωσιν.
1641 2410 1958 2476 Ἐπιδώσειν
1982 2414 2093 2487 γάρ
2130 2414 2294 2478 αὐτὸς
2335 2413 2404 2467 τά
2451 2414 2509 2466 ἐν
2546 2411 2732 2482 εὐχαῖς
2762 2413 2892 2481 ἡμῖν
2959 2408 3374 2478 ἐπαγγέλλεται,
3417 2410 3615 2481 δεῖγμα
3680 2411 3790 2482 τῆς

496 2503 640 2560 κατὰ
664 2505 825 2574 φύσιν
846 2502 1096 2573 θεότητος
1128 2501 1224 2555 καὶ
1247 2501 1348 2569 τῆς
1375 2501 1602 2573 ἐνούσης
1627 2502 1777 2575 αὐτῷ
1796 2503 2085 2577 βασιλικῆς
2124 2506 2377 2575 ἐξουσίας
2408 2504 2501 2558 καὶ
2531 2502 2693 2557 τοῦτο
2726 2504 2838 2567 τοῖς
2869 2500 3050 2566 ἀλλοις
3088 2501 3424 2573 προστιθείς.

564 2615 710 2683 XIV,
741 2616 827 2673 l5.
859 2615 919 2670 Si
948 2614 1179 2687 diligitis
1211 2631 1311 2683 me,
1346 2617 1606 2672 mandata
1636 2633 1752 2671 mea
1781 2629 2011 2675 servate.

2274 2622 2416 2680 Ἐὰν
2452 2620 2720 2693 ἀγαπᾶτέ
2752 2637 2849 2691 με,
2885 2620 2994 2687 τὰς
3021 2619 3278 2687 ἐντολάς
3308 2638 3427 2690 μου
3466 2622 3790 2691 τηρήσετε.

564 2752 702 2810 Cum
729 2750 968 2822 jusserit
987 2757 1047 2805 ut
1075 2750 1169 2821 qui
1194 2750 1418 2821 petituri
1450 2759 1605 2818 sunt,
1650 2752 1706 2806 in
1739 2753 1965 2811 nomine
1986 2771 2085 2811 suo

2262 2759 2478 2831 Χρῆναι
2506 2758 2603 2830 μὲν
2635 2759 2807 2812 αἰτεῖν
2836 2754 3165 2826 εὐχομένους
3198 2753 3293 2807 ἐπὶ
3318 2752 3397 2824 τῷ
3426 2753 3649 2825 ὀνόματι
3681 2756 3788 2809 αὐ-

495 2857 726 2921 petant,
771 2857 824 2904 et
858 2848 1197 2918 petentibus,
1229 2847 1563 2917 largiturum
1611 2862 1672 2904 se
1714 2848 2089 2919 quodcunque

2194 2850 2283 2904 τοῦ
2330 2847 2683 2919 διατεταχὼς,
2732 2846 3059 2918 χορηγήσειν
3093 2844 3151 2897 δὲ
3185 2846 3302 2907 τοῖς
3343 2843 3584 2898 αἰτοῦσιν
3615 2845 3788 2910 αὐτὸς

497 2944 669 2997 velint
707 2941 1042 3012 polliceatur
1065 2981 1081 3007 ,
1130 2939 1183 2994 id
1216 2938 1492 3009 imprimis
1520 2945 1679 2993 cavet
1713 2953 1783 2993 ne
1818 2939 2089 2995 mentitus

2194 2941 2326 3011 ὅπερ
2356 2940 2423 2994 ἂν
2451 2939 2748 3010 βούλωνται
2795 2936 2981 2991 λαϐεῖν
3027 2935 3480 3007 ὑπισχνούμενος,
3525 2938 3787 3007 φροντίδα

498 3034 770 3100 videatur,
792 3041 1019 3103 propter
1054 3031 1260 3102 impias
1290 3029 1758 3085 calumniatorum
1790 3044 1974 3086 voces.
2000 3029 2078 3084 Ex

2203 3036 2436 3087 ποιεῖται
2466 3030 2665 3103 πολλὴν
2694 3028 2787 3083 τοῦ
2821 3029 2896 3100 μὴ
2924 3027 3305 3099 διαψεύδεσθαι
3332 3028 3529 3093 δοκεῖν,
3562 3029 3649 3082 διά
3675 3027 3787 3094 τὰς

496 3127 634 3196 Ipsis
660 3126 807 3183 enim
847 3125 1024 3181 sacris
1057 3122 1286 3178 Litteris
1317 3121 1670 3192 potissimum
1700 3119 1886 3176 videre
1915 3121 2044 3177 licet
2065 3160 2080 3185 ,

2194 3125 2302 3180 τῶν
2329 3124 2594 3179 εἰωθότων
2623 3095 2939 3193 φιλοψογεῖν
2966 3095 3297 3186 καταλαλιάς
3323 3119 3588 3184 ἀνοσίους.
3623 3121 3784 3175 Ἐστι

498 3218 804 3274 nonnullos
836 3215 993 3272 adire
1039 3214 1265 3286 quidem
1299 3214 1478 3284 ipsum
1515 3221 1571 3269 et
1605 3215 1661 3268 in
1703 3213 1824 3285 ejus
1867 3214 2090 3268 nomine

2194 3217 2298 3289 γὰρ
2337 3216 2482 3280 ἰδεῖν,
2530 3215 2626 3269 καὶ
2673 3214 2733 3279 ἐξ
2777 3212 2957 3267 αὐτῶν
2995 3211 3231 3283 μάλιστα
3265 3210 3375 3266 τῶν
3406 3211 3563 3282 ἱερῶν
3595 3212 3788 3283 Γραμ-

498 3319 685 3382 petere
710 3349 726 3375 ,
772 3321 1124 3379 nequaquam
1160 3313 1344 3361 tamen
1394 3305 1651 3376 accipere
1675 3346 1690 3370 ,
1727 3304 1860 3376 quid
1890 3305 2089 3376 cuique

2194 3309 2405 3381 μάτων,
2449 3308 2524 3371 ὼς
2557 3306 2819 3378 προσίασι
2857 3305 2954 3375 μὲν
2998 3304 3095 3357 καὶ
3138 3303 3477 3369 ἐξαιτοῦνται
3507 3321 3651 3367 τινες
3683 3305 3788 3357 ἐπὶ

496 3401 795 3459 conveniat
838 3410 893 3455 et
936 3396 1431 3469 quidpetentibus
1469 3398 1744 3453 conducat
1777 3412 1885 3451 non
1926 3397 2086 3467 igno-

497 3500 657 3549 rante
690 3491 802 3548 Deo
826 3491 893 3546 ³⁸.
930 3489 1000 3546 Ut
1041 3505 1176 3561 ergo
1206 3489 1473 3545 Dominus
1501 3500 1689 3545 noster
1717 3487 1881 3545 Jesus
1924 3487 2088 3543 Chri-

497 3595 616 3641 stus
645 3583 825 3656 palam
853 3583 1174 3640 ostenderet
1197 3581 1266 3637 ad
1291 3596 1560 3652 quosnam
1588 3580 1754 3636 verba
1780 3580 2002 3645 faceret,
2036 3586 2090 3635 et

496 3672 829 3742 quibusnam
869 3668 1260 3741 promissionis
1312 3669 1491 3742 gratia
1545 3669 1881 3732 deberetur,
1930 3676 1987 3723 et
2032 3670 2085 3722 in

495 3779 606 3834 quo
631 3777 760 3818 vere
792 3762 981 3816 futura
1011 3768 1192 3824 esset,
1242 3760 1430 3816 statim
1479 3759 1781 3829 diligentes
1826 3775 1887 3815 se
1932 3759 2089 3814 exhi-

495 3856 614 3911 buit
636 3895 652 3918 ,
687 3864 743 3911 et
775 3861 1032 3910 exactum
1069 3851 1207 3922 legis
1235 3850 1521 3906 custodem
1558 3849 1813 3919 adjunxit
1838 3889 1853 3914 ,
1890 3857 2084 3905 osten-

496 3948 632 4002 dens
672 3961 783 4001 non
816 3944 885 3999 ad
919 3944 1059 3999 alios
1089 3958 1256 4015 quam
1292 3943 1361 3999 ad
1396 3943 1547 4013 ipsos
1582 3942 1698 3997 fieri
1730 3941 2087 4012 benignitatis

498 4037 924 4107 promissionem
951 4044 1005 4091 et
1030 4035 1369 4107 spiritalium
1399 4034 1673 4090 bonorum
1713 4033 2084 4103 largitionem.

496 4128 635 4183 Nam
670 4129 924 4185 contrahi
958 4144 1102 4199 smpe
1134 4127 1233 4184 Dei
1275 4141 1533 4193 manum,
1578 4133 1633 4182 et
1664 4141 1850 4181 rerum
1894 4139 2087 4196 spera-

496 4230 676 4277 tarum
712 4221 920 4278 exitum
962 4221 1031 4276 iis
1069 4221 1165 4292 qui
1208 4226 1359 4275 rertc
1404 4226 1590 4289 petere
1627 4217 1878 4274 nesciant
1919 4219 2088 4272 inter-

495 4312 669 4379 cludi,
704 4313 869 4381 facile
902 4327 1174 4384 agnosces
1206 4310 1366 4367 exiis
1398 4326 1521 4380 quae
1548 4308 1754 4365 Christi
1783 4307 2087 4378 discipulus

2188 3401 2268 3473 τῷ
2316 3401 2539 3471 ὀνόματι
2588 3398 2813 3465 αὐτοῦκ
2842 3396 3085 3467 δέχονταί
3144 3413 3208 3465 γε
3259 3396 3367 3468 μὴν
3418 3396 3668 3467 οὐδαμῶς
3721 3397 3793 3449 τὸ

2192 3494 2405 3564 ἑκάστῳ
2457 3493 2704 3566 πρέπον,
2762 3490 2856 3544 καὶ
2905 3492 3018 3553 τοῖς
3087 3488 3300 3543 αἰτοῦσι
3354 3488 3628 3553 λυσιτελὲς
3676 3490 3789 3542 οὐκ

2190 3586 2522 3657 ὴγνοηκότος
2552 3581 2861 3637 ΘεοῦυἽνα
2895 3581 3075 3636 τοίνυν
3105 3581 3350 3654 ἐπιδείξῃ
3382 3581 3566 3651 σαφῶς
3604 3582 3633 3635 6
3666 3582 3789 3636 Κύ-

2194 3695 2306 3749 ριος
2344 3678 2501 3748 ήμῶν
2548 3674 2755 3746 Ἰησοῦς
2788 3676 2816 3728 6
2857 3674 3112 3745 Χριστὸς,
3155 3675 3291 3746 πρὸς
3326 3674 3478 3736 τίνας
3509 3674 3660 3744 αὐτῷ
3682 3676 3786 3743 γέ-

2189 3770 2314 3837 γονέ
2335 3786 2393 3822 τε
2421 3767 2515 3821 καὶ
2539 3766 2690 3819 ἐστιν
2711 3769 2739 3819 6
2763 3765 2939 3834 λόγος,
2964 3766 3058 3817 καὶ
3076 3766 3217 3819 τίσιν
3242 3767 3274 3836 ή
3304 3766 3403 3834 τῆς
3433 3766 3787 3837 ὑποσχέσεως

2189 3858 2460 3929 ὀφείλεται
2491 3857 2671 3929 χάρις,
2720 3857 2803 3926 ἐφ’
2850 3850 2894 3925 ᾧ
2929 3856 3082 3911 ἔσται
3132 3858 3227 3910 καὶ
3258 3855 3498 3925 άληθῶς,
3543 3859 3787 3928 παρεκό-

2193 3965 2350 4021 μισεν
2391 3947 2555 4012 εὐθὺς
2604 3946 2712 4000 τῶν
2746 3945 3084 4014 ἀγαπώντων
3109 3946 3170 3999 τὸ
3215 3946 3530 4018 πρόσωπον,
3567 3949 3660 4001 καὶ
3687 3948 3784 4001 τὸν

2188 4039 2389 4113 ἀκριϐῆ
2426 4037 2776 4110 νομοφύλακα
2809 4036 3216 4109 παραζεύγνυσι
3255 4036 3333 4108 τῷ
3372 4037 3537 4109 λόγῳ,
3566 4039 3784 4103 δεικνὺς

2188 4134 2270 4188 ὅτι
2301 4133 2436 4205 πρὸς
2484 4132 2682 4194 αὐτοὺς
2726 4131 2821 4184 καὶ
2866 4131 2964 4201 οὐχ
2996 4130 3215 4201 ἐτέρους
3251 4132 3283 4201 ή
3312 4132 3412 4201 τῆς
3441 4131 3785 4203 ἡμερότητος

2190 4224 2494 4294 ἐπαγγελία
2526 4224 2620 4277 καὶ
2652 4225 2685 4293 ή
2714 4224 2823 4277 τῶν
2854 4222 3241 4293 πνευματικῶν
3283 4224 3505 4293 ἀγαθῶν
3534 4226 3782 4292 ἐπίδοσις

2189 4316 2256 4369 δι’
2288 4313 2452 4369 αὐτοῦ
2501 4316 2766 4385 κρατήσει
2811 4316 2905 4368 καὶ
2951 4315 3261 4385 γενήσεται.
3303 4316 3425 4370 Ὅτι
3471 4317 3580 4387 γὰρ
3634 4318 3784 4390 ὄκνῳ

495 4405 692 4461 scribit
720 4405 775 4459 in
808 4407 954 4459 hunc
986 4406 1210 4461 modum
1245 4422 1259 4459 :
1312 4423 1331 4457 ι
1362 4402 1553 4459 Petitis
1577 4445 1591 4471 ,
1632 4414 1688 4458 et
1730 4417 1841 4458 non
1873 4401 2086 4471 accipi-

2194 4407 2452 4468 πολλάκις
2498 4407 2531 4475 ἡ
2562 4405 2798 4475 χορηγὸς
2827 4404 3173 4459 συστέλλεται
3201 4406 3323 4478 χεὶρ
3356 4407 3449 4461 τοῦ
3475 4408 3631 4472 Θεοῦ,
3666 4413 3784 4474 τοῖς

495 4499 567 4553 tis
592 4538 607 4562 ,
654 4511 722 4552 eo
755 4496 903 4566 quod
943 4498 1084 4552 male
1113 4499 1342 4567 petitis,
1404 4505 1464 4551 ut
1516 4497 1569 4551 in
1611 4496 2085 4567 concupiscentiis

2194 4500 2292 4553 οὐκ
2346 4496 2521 4570 ὀρθῶς
2578 4496 2852 4550 ἐθέλουσιν
2911 4499 3082 4551 αἰτεῖν
3141 4497 3204 4551 τὸ
3258 4498 3367 4554 τῶν
3413 4500 3786 4556 ἐλπισθέντων

495 4587 694 4643 vestris
724 4590 1067 4642 consumatis
1099 4589 1164 4644 ³⁷.
1201 4609 1219 4640 ι
1260 4590 1475 4645 Idcirco
1503 4596 1558 4645 et
1587 4589 1655 4644 de
1686 4589 1880 4643 animo
1904 4588 2084 4658 dupli-

492 4679 653 4733 cibus
685 4679 763 4731 ait
787 4695 801 4731 :
842 4697 862 4730 ι
885 4676 1006 4733 Νοη
1033 4694 1163 4749 ergo
1191 4681 1429 4736 aestimet
1448 4682 1615 4735 homo
1644 4680 1735 4735 ille
1762 4681 1909 4751 quod
1937 4680 2084 4734 acci-

496 4769 610 4838 piat
640 4768 845 4838 aliquid
884 4783 915 4823 a
950 4767 1185 4823 Domino
1216 4785 1230 4823 :
1268 4771 1354 4825 vir
1381 4773 1528 4826 enim
1551 4771 1755 4842 duplex
1785 4772 1972 4827 animo
2002 4772 2086 4825 in-

497 4869 765 4918 constans
801 4868 886 4917 est
916 4859 971 4915 in
1003 4861 1263 4918 omnibus
1294 4862 1400 4919 viis
1433 4864 1550 4920 suis
1589 4864 1654 4918 ³⁸.
1692 4883 1708 4917 ι
1758 4862 2084 4920 Petentibus

495 4951 643 5007 enim
670 4968 965 5023 supernam
988 4954 1220 5025 gratiam
1256 4969 1368 5010 non
1395 4955 1463 5010 ad
1489 4955 1653 5026 807
1673 4954 1933 5009 virtutem
1962 4969 2084 5025 per-

499 5042 789 5099 ficiendam
813 5083 829 5109 ,
857 5043 956 5100 sed
978 5045 1044 5099 ad
1075 5049 1263 5102 carnis
1300 5046 1636 5118 voluptatem
1682 5054 1737 5103 et
1772 5047 2085 5102 mundanas

498 5136 826 5205 cupiditates
862 5135 1127 5194 fruendas
1151 5176 1166 5201 ,
1216 5153 1406 5194 aurem
1437 5147 1651 5194 tantum
1688 5153 1797 5192 non
1849 5138 2092 5194 occludit

500 5224 665 5291 Deus,
692 5241 758 5281 ac
788 5227 928 5281 nihil
953 5243 1183 5298 prorsus
1213 5230 1484 5301 elargitur
1518 5249 1540 5285 ει
1578 5244 1700 5300 quae
1730 5229 1875 5285 enim
1901 5231 2089 5286 renuit

499 5332 566 5371 ac
592 5324 852 5389 tanquam
884 5319 1206 5377 detestanda
1249 5323 1461 5393 rejicit,
1491 5322 1771 5395 quomodo
1805 5323 2086 5380 nonnullis

499 5407 797 5478 largietur?
822 5417 914 5464 aut
933 5412 1211 5482 quomodo
1239 5414 1364 5471 fons
1386 5416 1570 5471 omnis
1596 5412 1905 5469 dulcedinis
1933 5430 2085 5468 ama-

499 5498 546 5556 ri
593 5498 872 5570 quidpiam
927 5505 1227 5560 emiserit?
1283 5505 1440 5573 Quod
1502 5516 1683 5562 autem
1751 5506 2082 5577 spiritalium

574 5682 619 5716 ³⁶
645 5680 665 5738 l
693 5682 851 5740 Joan.
887 5699 942 5750 ν,
980 5686 1063 5741 Η.
1143 5686 1186 5717 ³⁷
1227 5683 1343 5741 Jac.
1388 5703 1460 5755 tv,
1489 5689 1540 5742 5.
1620 5689 1663 5721 ³⁸
1690 5684 1807 5743 Jac.
1845 5702 1881 5756 ι,
1910 5686 1963 5751 7,
1991 5687 2041 5742 8.

2192 4591 2558 4647 ἀποκλείουσα
2591 4590 2786 4662 πέρας,
2830 4590 3083 4661 συνήσεις
3109 4590 3347 4655 εὐκόλως
3375 4591 3433 4657 ἐξ
3463 4584 3539 4646 ὧν
3577 4596 3605 4647 6
3646 4595 3787 4665 Χρι⁹

2194 4682 2321 4737 στοῦ
2370 4682 2617 4754 μαθητὴς
2664 4650 3013 4735 ἀποτείνεται
3060 4650 3288 4751 γράφων
3514 4701 3533 4734 ι
3564 4650 3816 4779 Αἰτεῖτεξ

2194 4776 2287 4828 καὶ
2317 4774 2378 4827 οὐ
2407 4773 2736 4845 λαμϐάνετε,
2786 4773 2922 4827 διότι
2968 4771 3155 4835 κακῶς
3189 4774 3413 4838 αἰτεῖτε,
3453 4774 3539 4828 ἵνα
3566 4778 3625 4829 ἐν
3657 4781 3783 4842 ταῖς

2193 4865 2407 4937 ήδοναῖς
2439 4864 2592 4936 ὐμῶν
2619 4864 2989 4935 δαπανήσητε.
3022 4882 3040 4915 ι
3080 4864 3170 4917 Διὸ
3203 4865 3296 4917 καὶ
3326 4864 3486 4918 πάλιν
3515 4866 3645 4938 περὶ
3671 4867 3786 4920 τῶν

2189 4956 2432 5027 διψυχεῖν
2463 4954 2727 5010 εἰωθότων
2754 4953 2888 5024 φησί
2911 4971 2928 4987 ο
2985 4974 3003 5006 ι
3033 4956 3124 5026 Μὴ
3151 4954 3261 5026 γὰρ
3286 4955 3481 5010 οἰέσθω
3513 4959 3542 5011 6
3564 4958 3783 5029 ἄνθρωο

2190 5064 2291 5110 πος
2323 5048 2548 5113 ἐκεῖνος,
2573 5045 2655 5099 ὅτι
2684 5044 2913 5116 λήψεταί
2940 5062 2994 5098 τι
3027 5046 3180 5117 παρὰ
3225 5045 3320 5101 τοῦ
3348 5048 3555 5119 Κυρίου
3581 5064 3595 5078 ’
3633 5049 3781 5122 ἀνὴρ

2190 5137 2299 5209 γάρ
2352 5137 2608 5209 δίψυχος,
2663 5137 3043 5202 ἀκατάστατος
3096 5138 3154 5191 ἐν
3210 5139 3411 5203 πάσαις
3465 5144 3585 5205 ταῖς
3635 5143 3781 5208 ὁδοῖς

2190 5225 2378 5281 αὐτοῦ.
2411 5246 2428 5280 ι
2464 5227 2589 5290 Τοῖς
2625 5228 2725 5298 μὲν
2753 5226 2862 5299 γὰρ
2888 5227 3167 5300 ἐρωτῶσιν
3194 5229 3295 5283 οὐκ
3326 5232 3405 5293 εἰς
3434 5232 3782 5303 κατόρθωσιν

2191 5317 2393 5389 ἀρετῆς
2421 5318 2520 5390 τὴν
2552 5318 2757 5373 ἄνωθεν
2787 5320 2966 5391 χάριν,
2996 5320 3114 5373 ἀλλ’
3148 5321 3228 5384 εἰς
3252 5321 3556 5376 ἀπόλαυσιν
3585 5342 3782 5395 σαρκι-

2194 5410 2294 5478 κῆς
2328 5409 2520 5480 ἡδονῆς
2563 5410 2657 5465 καὶ
2687 5411 2967 5482 κοσμικῶν
2999 5411 3325 5482 ἐπιθυμιῶν,
3365 5416 3653 5488 μονονουχὶ
3683 5421 3783 5473 καὶ

2192 5502 2529 5574 ἁποφράττει
2582 5504 2640 5556 τὸ
2695 5500 2787 5567 οὖς
2834 5505 2861 5556 6
2920 5504 3072 5569 Θεὸς,
3124 5509 3350 5577 χορηγεῖ
3392 5504 3448 5563 6i
3495 5510 3782 5577 παντελῶς
