3992 6316
213 300 312 358 255

1204 297 1274 356 IN
1298 293 1585 357 JDANNIS
1621 288 2074 353 EVANGELIUM
2117 298 2246 357 LIB.
2284 299 2375 357 IX.

3365 307 3471 364 εει

211 417 354 474 οὐδέν
378 435 390 448 ·
438 415 476 472 ἃ
524 416 632 491 γὰρ
678 417 744 472 ἂν
790 416 1086 490 ἀποφάσκῃ
1114 416 1210 472 καὶ
1240 416 1522 488 ἀπόϐλητα
1563 413 1757 485 ποιῆτα

1860 415 2192 481 gratiarum
2244 415 2592 475 amatoribus
2641 416 2813 475 divite
2871 432 2934 473 ac
2993 425 3248 489 prompta
3298 436 3466 478 manu

207 508 290 562 διὰ
313 507 411 580 τὴν
434 509 659 562 ἐνοῦσαν
684 510 867 572 αὐτοῖς
897 507 1200 578 βδελυρίαν,
1228 506 1347 572 πῶς
1376 508 1444 561 ἀν
1472 508 1778 578 χορηγήσαι

208 598 378 660 τισίν;
432 598 465 668 ή
496 598 553 652 δὲ
580 599 797 671 ἀπάσης
834 598 1358 675 VMa-rth
1392 599 1510 663 πῶς
1540 600 1607 653 ἂν
1639 596 1778 669 αὐτὴ

205 690 394 762 πικρὸν
424 690 723 745 ἀναϐλύσαι
758 692 939 762 vdua;
985 690 1108 745 'Ur't
1139 666 1350 779 ..εἷ-ἐξ
1387 688 1496 743 τῶν
1534 705 1778 757 πνευμα-

205 783 363 836 τικῶν
393 783 751 854 χαρισμάτων
780 784 1039 855 ἐρασταῖς
1081 778 1541 855 πλουσίδᾉαὶ
1576 780 1777 851 προθυ-

209 873 406 946 μοτάτῃ
452 875 596 945 χειρὶ
636 874 880 945 διανέμει
923 874 994 929 τά
1040 874 1239 943 ἀγαθά,
1290 873 1509 944 acac-3“".
1550 873 1773 945 ῥαδίως,

203 966 319 1019 ὅταν
338 963 579 1037 ἀκούσῃς
603 964 856 1034 λέγοντος
877 965 966 1020 διά
995 966 1092 1036 μὲν
1131 966 1470 1025 Ἡσαΐου,τοῦ
1527 965 1774 1039 ·ροφήτου

204 1057 330 1127 πρὸς
356 1055 552 1121 αὐτούς
579 1074 594 1090 ·
628 1076 647 1109 ι
674 1058 796 1111 Ἔτι
826 1056 919 1111 σοῦ
953 1057 1257 1123 λαλοῦντος,
1286 1056 1397 1129 ἐρῶ
1420 1072 1433 1084 ·
1471 1056 1513 1108 Τ
1520 1058 1535 1108 ί
1566 1057 1715 1120 ἐστι;
1748 1072 1767 1106 ι

202 1147 293 1201 Διά
335 1148 394 1201 δὲ
438 1148 537 1219 τῆς
577 1149 673 1203 τοῦ
708 1147 1017 1213 Ψάλλοντος
1062 1149 1248 1220 φωνῆς
1272 1149 1357 1203 ὃτι
1417 1166 1437 1201 ι
1474 1146 1774 1217 Ὀφθαλμοὶ

201 1238 401 1311 Κυρίου
435 1241 526 1295 ἐπὶ
565 1240 828 1304 δικαίους,
875 1241 969 1295 καλ⁸
994 1233 1111 1295 ὦτα
1142 1238 1309 1296 αὐτοῦ
1348 1241 1427 1304 εῖς
1454 1239 1639 1312 δέησιν
1675 1238 1774 1293 αὐ-

200 1334 318 1389 τῶν.
352 1351 376 1384 ι
422 1334 777 1405 Ὀρισάμενος
807 1334 987 1388 τοίνυν
1024 1336 1120 1388 καὶ
1151 1334 1451 1407 διαρρήδην
1483 1331 1653 1386 εἰπὼν
1689 1332 1771 1386 ὅτι

198 1426 301 1488 τοῖς
335 1424 631 1493 ἀγαπῶσιν
669 1424 832 1480 αὐτὸν
862 1425 1138 1495 όφείλεταί
1179 1443 1238 1479 τε
1289 1427 1384 1479 καὶ
1433 1424 1663 1495 ὑπάρξει
1706 1422 1772 1496 δὴ

198 1517 405 1579 πάντως
450 1515 514 1569 τὸ
536 1518 651 1580 τοῖς
696 1517 900 1571 ἀνωθεν
931 1518 1203 1589 ἐντρυφᾷν
1232 1516 1476 1585 ἀγαθοῖς,
1507 1515 1575 1569 δι’
1604 1514 1769 1568 αὐτοῦ

197 1605 431 1675 δηλονότι
479 1608 905 1678 χορηγουμένοις
944 1610 1094 1681 παρά
1140 1607 1374 1679 Πατρός,
1424 1606 1770 1678 καταγράφει

198 1699 530 1771 παραχρῆμα
559 1699 652 1753 καὶ
678 1700 779 1769 τῆς
811 1701 1031 1771 ἀγάπης
1058 1701 1158 1771 τὴν
1183 1700 1441 1770 δύναμιν,
1492 1698 1587 1753 καὶ
1619 1699 1770 1763 ὅπως

195 1792 254 1848 ἀν
280 1792 446 1861 αὐτὴν
475 1792 951 1865 ἐπιτηδεύσαιμεν,
979 1793 1177 1865 ἄριστά
1203 1811 1265 1847 τε
1298 1793 1393 1847 καὶ
1418 1791 1764 1864 ἀνεγκλήτως

193 1884 421 1939 διδάσκει
466 1884 553 1938 διά
596 1884 658 1938 τὸ
698 1886 989 1956 χρήσιμον.
1041 1885 1115 1939 Οὐ
1146 1887 1255 1956 γὰρ
1286 1885 1340 1937 εῖ
1374 1902 1460 1948 τις
1495 1884 1643 1953 λέγοι
1671 1883 1763 1937 τὸν

193 1977 316 2031 Θεὸν
337 1978 580 2047 ἀγαπᾷν,
613 1977 829 2042 πάντως
849 1978 912 2049 δὴ
944 1978 1038 2032 καὶ
1060 1976 1159 2048 τὴν
1185 1975 1280 2030 τοῦ
1306 1976 1521 2048 ἀληθῶς
1543 1977 1762 2047 ἀγαπᾷν

191 2069 465 2125 ἀποίσεται
499 2070 677 2137 δόξαν,
726 2071 849 2125 ἐπεὶ
881 2070 956 2142 μὴ
1000 2072 1059 2125 ἐν
1090 2070 1233 2141 λόγῳ
1264 2069 1406 2141 ψιλῷ
1433 2068 1532 2140 τῆς
1560 2069 1763 2141 ἀρετῆς

191 2162 222 2232 ἡ
265 2159 511 2229 δύναμις,
560 2161 697 2232 μήτε
730 2160 839 2233 μὴν
868 2161 926 2215 ἐν
951 2162 1179 2231 γυμνοῖς
1225 2160 1529 2233 μορφοῦται
1555 2161 1761 2231 ῥήμασι

190 2253 281 2323 τῆς
308 2254 385 2315 είς
414 2252 549 2306 Θεὸν
583 2252 868 2316 εὐσεϐείας
900 2253 961 2307 τὸ
990 2252 1205 2317 κάλλος,
1236 2251 1353 2307 ἀλλ’
1386 2252 1419 2323 ἢ
1450 2251 1510 2317 ἐξ
1538 2248 1761 2319 ἀγαθῶν

190 2344 635 2415 ἀποτελεσμάτων
665 2345 758 2399 κα).
790 2345 1048 2416 φιληκόου
1096 2345 1322 2417 γνώμης
1367 2340 1427 2399 εὖ
1473 2344 1618 2416 μάλα
1646 2343 1760 2397 δια-

187 2437 540 2507 γινώσκεται,
592 2440 687 2494 καὶ
724 2439 831 2495 τῶν
859 2439 1018 2494 θείων
1049 2441 1279 2494 ἐντολῶν
1307 2441 1342 2510 ή
1381 2440 1613 2513 τήρησις
1660 2438 1760 2509 τὴν

188 2527 261 2589 εἰς
298 2526 359 2580 τὸ
404 2525 550 2581 θεῖον
598 2528 816 2600 ἀγάπην
859 2529 1057 2601 ἄριστα
1101 2529 1402 2601 ζωγραφεῖ.
1451 2528 1547 2582 καὶ
1579 2527 1758 2592 ζῶσαν

186 2612 312 2678 ὅλως
349 2614 446 2668 καὶ
490 2615 667 2688 ἀληθῆ
714 2616 1042 2689 παρίστησιν
1081 2617 1304 2689 ἀρετὴν,
1350 2616 1450 2670 οὐκ
1480 2618 1537 2670 ἐν
1568 2617 1757 2687 μόναις

189 2708 695 2779 σκιαγραφουμένην
743 2710 863 2773 ταῖς
912 2709 1021 2764 ἀπὸ
1071 2710 1173 2781 τῆς
1224 2709 1470 2780 γλώττης
1519 2712 1756 2780 φωναῖς,

186 2796 425 2870 καθάπερ
447 2800 772 2873 εἰρήκαμεν,
797 2802 1040 2874 φαιδροῖς
1063 2802 1120 2856 δὲ
1141 2801 1331 2873 ὥσπερ
1352 2801 1756 2873 διαπρέπουσαν

184 2887 424 2956 χρώμασι
480 2891 606 2953 ταῖς
664 2889 773 2943 τῶν
824 2889 1002 2961 ἔργων
1067 2891 1253 2957 ἰδέαις,
1309 2890 1404 2944 καὶ
1447 2889 1756 2962 ὁλοκλήρως

184 2981 587 3053 ἐκλάμπουσαν.
635 2983 748 3036 Καὶ
778 2981 911 3051 γοῦν
941 2984 971 3036 6
1013 2982 1217 3055 Κύριος
1259 2984 1419 3054 ήμῶν
1476 2984 1684 3055 Ἰησοῦς
1727 2986 1755 3039 6

1880 502 2023 559 bona
2045 505 2351 577 largiatur,
2397 507 2560 564 facile
2588 508 2929 579 perspicies,
2977 522 3101 561 cum
3143 522 3238 576 per
3270 507 3466 563 lsaiam

1879 597 2200 668 prophetam
2235 599 2304 655 ad
2333 615 2429 655 eos
2458 600 2776 670 loquentem
2809 599 2998 653 audies
3041 621 3053 652 :
3100 617 3120 650 ι
3159 597 3351 653 Adhuc
3383 598 3465 652 lo-

1877 698 2079 759 quente
2119 698 2192 756 te,
2224 690 2405 745 dicam
2440 708 2453 744 :
2483 691 2627 758 Quid
2646 700 2731 747 est
2754 691 2841 745 "2’
2872 709 2891 742 ι
2931 690 2998 745 Ει
3034 706 3134 761 per
3162 688 3468 746 Psalmista:

1877 796 2067 837 vocem
2095 802 2108 838 :
2150 801 2169 835 ι
2195 782 2352 838 Oculi
2388 783 2601 839 Domini
2636 798 2803 853 super
2826 782 3031 853 justos,
3064 789 3117 837 et
3147 797 3308 837 aures
3341 782 3465 852 ejus

1877 873 1932 929 in
1974 890 2165 945 preces
2190 892 2382 933 eorum
2406 878 2473 931 ι’.
2513 896 2532 929 ι
2576 876 2872 948 Postquam
2895 891 3025 946 ergo
3055 875 3247 930 statuit
3272 891 3336 930 ac
3369 890 3465 945 pa-

1876 966 1982 1021 lam
2016 978 2071 1023 et
2114 978 2301 1039 aperte
2342 970 2485 1023 dixit
2522 969 2818 1040 diligentes
2872 984 2933 1023 se
2988 968 3045 1022 in
3091 982 3461 1036 supernorum

1873 1058 2147 1114 bonorum
2176 1060 2390 1117 deliciis
2417 1062 2544 1131 jure
2570 1062 2898 1116 versaturo’s
2926 1099 2940 1123 ,
2992 1075 3114 1129 quae
3144 1075 3243 1129 per
3279 1060 3461 1130 ipsum

1874 1148 2056 1205 danda
2086 1152 2313 1207 veniant
2345 1168 2375 1208 a
2414 1152 2578 1208 Patre
2602 1193 2617 1219 ,
2646 1152 2937 1208 charitatis
2978 1154 3088 1205 vim
3136 1152 3322 1208 statim
3364 1154 3461 1208 de-

1875 1242 2103 1309 scribit,
2133 1252 2187 1299 et
2213 1259 2324 1314 quo
2354 1253 2517 1316 pacto
2548 1260 2669 1300 eam
2708 1252 2859 1300 recte
2905 1253 2961 1299 et
2990 1244 3278 1314 incuipate
3309 1244 3459 1298 cola-

1874 1350 1997 1391 mus
2038 1336 2106 1390 ad
2143 1345 2393 1393 nostram
2431 1338 2724 1392 utilitatem
2750 1376 2766 1402 ,
2820 1337 3037 1392 edocet.
3072 1336 3183 1392 Nec
3224 1337 3370 1392 enim
3410 1336 3459 1391 si

1871 1423 1999 1493 quis
2047 1424 2215 1479 Deum
2263 1441 2449 1482 amare
2486 1440 2545 1482 se
2586 1425 2772 1491 dicat,
2812 1427 3044 1481 omnino
3095 1427 3261 1481 etiam
3313 1440 3460 1481 verae

1872 1515 2191 1576 dilectionis
2226 1521 2466 1591 gloriam
2508 1520 2836 1591 reportabit,
2866 1534 2993 1575 cum
3032 1535 3144 1575 non
3183 1520 3239 1574 in
3274 1519 3458 1575 verbis

1871 1608 2039 1665 nudis
2066 1611 2289 1667 virtutis
2325 1612 2471 1667 vires
2499 1613 2806 1667 consistant
2830 1654 2844 1678 ,
2884 1626 2989 1667 nec
3025 1611 3081 1666 in
3111 1611 3248 1667 solis
3285 1625 3456 1664 voca-

1871 1702 2015 1758 bulis
2040 1704 2262 1772 pietatis
2299 1705 2353 1759 in
2390 1703 2559 1759 Deum
2600 1703 2873 1758 formetur
2911 1702 3106 1770 decus,
3136 1703 3232 1758 sed
3261 1718 3327 1758 ex
3358 1702 3456 1757 bo~

1872 1795 1961 1850 nis
2001 1796 2265 1864 operibus
2313 1802 2366 1850 et
2415 1794 2598 1849 animo
2653 1794 2911 1851 audiendi
2972 1794 3174 1866 cupido
3220 1795 3455 1851 maxime

1871 1885 2239 1956 dignoscitur,
2275 1887 2680 1943 ct-divinorum
2711 1885 3100 1943 mandatorum
3133 1884 3455 1942 observatio

1871 1976 2196 2034 charitatem
2248 1982 2304 2034 in
2356 1978 2523 2034 Deum
2573 1980 2780 2049 optime
2827 1978 3116 2050 depingit,
3170 1985 3223 2033 et
3275 1978 3451 2032 vivam

1869 2086 2098 2143 prorsus
2128 2085 2192 2127 ac
2224 2086 2408 2127 veram
2434 2070 2695 2125 virtutem
2733 2070 2993 2136 exhibet,
3030 2085 3140 2126 non
3180 2071 3234 2126 in
3284 2073 3452 2127 nudis

1871 2176 2082 2223 tantmn
2125 2166 2322 2237 linguae
2356 2163 2585 2219 vocibus
2620 2162 3005 2219 adumbratam
3027 2202 3042 2228 ,
3078 2170 3137 2217 ut
3172 2162 3448 2228 diximus,

1869 2257 1964 2314 scd
1997 2257 2163 2312 claris
2196 2255 2364 2311 veluti
2395 2253 2699 2319 coloribus,
2728 2269 2955 2325 operum
2984 2254 3243 2309 nimirum
3267 2256 3452 2326 specie

1867 2350 2223 2404 relucentem.
2258 2346 2322 2400 Et
2344 2346 2567 2417 quidem
2601 2344 2867 2401 Dominus
2891 2354 3082 2401 noster
3096 2344 3260 2402 Iesus
3286 2347 3417 2402 Chri
3438 2377 3451 2388 -

1868 2449 1988 2497 stus
2017 2439 2165 2495 istud
2198 2440 2361 2494 nobis
2385 2439 2535 2495 clare
2557 2438 2858 2493 ostendens
2879 2477 2893 2503 ,
2941 2457 2960 2491 ι
2992 2437 3111 2493 Non
3137 2441 3323 2493 omnis
3354 2439 3449 2510 qui

1865 2538 2004 2594 dicit
2033 2536 2203 2601 mihi,
2241 2534 2509 2601 Domine,
2562 2532 2823 2599 Domine,
2863 2534 3079 2604 inquit,
3127 2534 3356 2591 intrabit
3392 2535 3447 2591 in

1864 2644 2093 2700 regnum
2128 2628 2393 2684 caelorum
2424 2648 2437 2684 :
2476 2629 2572 2685 sed
2595 2629 2688 2699 qui
2718 2628 2849 2685 facit
2897 2630 3231 2685 voluntatem
3267 2628 3449 2685 Patris

1865 2719 1969 2776 mci
2007 2720 2106 2791 qui
2156 2718 2211 2774 in
2242 2719 2401 2776 caelis
2444 2726 2531 2775 est
2561 2718 2631 2773 δι.
2669 2737 2687 2771 ι
2728 2716 2841 2774 Nec
2869 2718 3016 2774 enim
3054 2718 3110 2772 in
3141 2719 3298 2774 vanis
3322 2735 3447 2775 ver~

1863 2811 2061 2867 borum
2091 2810 2565 2867 asscntationibus
2598 2810 2753 2875 ﬁdes,
2787 2810 2880 2867 sed
2925 2810 2980 2865 in
3008 2808 3279 2866 factorum
3308 2825 3447 2882 qua-

1862 2902 2117 2959 litatibus
2143 2902 2406 2974 probatur
2435 2920 2449 2958 :
2490 2902 2633 2957 unde
2661 2910 2934 2957 mortuam
2973 2903 3115 2957 hanc
3148 2919 3273 2959 esse
3298 2944 3312 2967 ,
3338 2903 3447 2959 nisi

1861 3011 1980 3052 eam
2008 3011 2174 3067 opera
2211 2996 2579 3060 comitentur,
2625 2996 2811 3051 divina
2850 2996 3140 3067 Scriptura
3188 2997 3348 3052 docet
3377 3001 3443 3052 “.

182 3075 404 3146 Χριστὸς
430 3074 622 3145 σαφῶς
652 3077 787 3146 ἡμῖν
815 3075 974 3128 τοῦτο
1006 3076 1391 3148 παραδεικνὺς,
1438 3095 1457 3129 ι
1483 3078 1557 3131 Οὐ
1586 3079 1693 3142 πᾶς
1724 3078 1753 3131 6

1863 3088 2020 3145 Scire
2047 3088 2216 3157 enim,
2240 3088 2441 3158 inquit,
2471 3087 2618 3159 quod
2652 3103 2799 3143 unus
2834 3089 2973 3144 Deus
3004 3089 3100 3154 sit,
3138 3103 3249 3142 non
3285 3105 3441 3143 men-

179 3167 344 3237 λέγων
377 3186 491 3239 μοι,
544 3167 738 3240 Κύριε,
786 3166 984 3240 Κύριε,
1037 3169 1221 3239 φησὶν,
1266 3169 1633 3223 εἰσελεύσεται
1675 3172 1756 3234 εἰς

180 3259 271 3330 τὴν
308 3259 583 3331 βασιλείαν
613 3260 723 3313 τῶν
751 3260 1017 3333 οὐρανῶν,
1049 3260 1165 3313 ἀλλ’
1190 3263 1219 3315 6
1250 3261 1418 3314 ποιῶν
1447 3263 1508 3315 τὸ
1542 3261 1754 3331 θέλημα

179 3347 266 3402 τοῦ
291 3350 502 3421 Πατρός
530 3366 632 3420 μου
662 3348 755 3402 τοῦ
790 3352 847 3404 ἐν
877 3349 1144 3420 οὐρανοῖς.
1179 3367 1198 3401 ι
1233 3350 1308 3405 Οὐ
1342 3348 1452 3420 γὰρ
1473 3351 1531 3403 ἐν
1555 3352 1755 3422 ἀργαῖς

181 3441 430 3512 ῥημάτων
463 3440 779 3504 κολακείαις
804 3443 836 3513 ἡ
864 3442 1069 3508 πίστις,
1100 3442 1215 3496 ἀλλ’
1249 3443 1306 3495 ἐν
1335 3444 1455 3507 ταῖς
1481 3442 1588 3498 τῶν
1616 3442 1756 3514 δρω-

180 3532 344 3602 μένων
372 3532 625 3603 ποιότησι
660 3531 1012 3603 δοκιμάζεται
1040 3550 1054 3564 ·
1098 3533 1193 3586 καὶ
1219 3532 1349 3602 γοῦν
1379 3534 1579 3606 νεκρὰν
1612 3529 1753 3600 εἶναι

175 3624 370 3696 ταύτην
414 3625 475 3678 οὐ
525 3625 923 3696 παρεπομένων
975 3625 1085 3680 τῶν
1133 3625 1312 3697 ἔργων
1360 3628 1393 3698 ἡ
1440 3626 1559 3680 θεία
1603 3627 1751 3689 λέγει

176 3715 372 3787 Γραφή.
397 3717 471 3770 Τὸ
491 3717 590 3787 μὲν
604 3717 711 3788 γάρ
732 3717 949 3783 εἰδέναι,
968 3718 1152 3790 φησὶν,
1176 3718 1259 3771 ὅτι
1275 3720 1303 3771 6
1323 3718 1456 3782 Θεὸς
1481 3715 1561 3782 εἷς
1578 3721 1748 3783 ἐστιν,

173 3806 265 3859 οὐκ
293 3808 347 3860 ἐν
373 3807 632 3872 διανοίαις
658 3807 1026 3880 ἀνθρωπίναις
1058 3810 1364 3881 εὑρήσομεν
1396 3810 1577 3881 μόνον,
1615 3810 1752 3866 ἀλλά

173 3899 259 3952 καὶ
281 3901 337 3952 ἐν
363 3903 549 3964 αὐτοῖς
576 3903 691 3965 τοῖς
719 3901 1057 3973 ἀκαθάρτοις
1081 3902 1353 3974 δαίμοσιν,
1394 3902 1430 3958 ἀ
1475 3904 1567 3958 καὶ
1593 3906 1751 3978 φρίτ-

171 4006 248 4043 τει
278 3992 369 4044 καὶ
397 3993 496 4063 οὐχ
525 3992 717 4046 ἐκόντα
759 3994 858 4064 τὴν
892 3992 987 4047 τοῦ
1024 3996 1357 4065 ποιήσαντος
1386 3996 1636 4068 δύναμιν.
1676 3998 1749 4051 Τό

170 4097 229 4147 γε
260 4081 362 4152 μὴν
399 4083 698 4155 σύνδρομον
727 4084 996 4139 ποιεῖσθαι
1035 4088 1101 4156 τῇ
1154 4085 1336 4140 πίστει
1379 4088 1478 4158 τὴν
1505 4090 1613 4141 ἀπὸ
1638 4088 1749 4143 τῶν

169 4170 449 4244 δρωμένων
484 4175 837 4248 φαιδρότητα,
873 4177 1056 4248 μόνοις
1085 4177 1152 4231 ἂν
1186 4179 1398 4250 πρέπον
1420 4179 1517 4234 καὶ⁸
1544 4180 1745 4252 ἐλλάμ-

168 4278 261 4314 τιον
287 4263 465 4335 όρῷτο
509 4269 622 4328 τοῖς
665 4265 880 4338 ἀληθῶς
925 4267 1183 4335 ἀγαπῶσι
1211 4269 1305 4322 τὸν
1337 4269 1487 4324 Θεόν.
1537 4271 1747 4327 Οὐκοῦν

168 4354 432 4422 ἀπόδειξις
465 4358 570 4429 τῆς
593 4360 815 4431 ἀγάπης
850 4361 943 4415 καὶ
986 4360 1322 4426 τελεώτατος
1366 4364 1468 4434 τῆς
1512 4364 1747 4430 πίστεως

165 4446 300 4515 ὅρος,
327 4449 435 4504 τῶν
468 4450 841 4520 εὐαγγελικῶν
863 4452 1149 4524 δογμάτων
1174 4455 1207 4525 ἡ
1246 4456 1478 4525 τήρησις
1513 4457 1609 4510 καὶ
1634 4457 1742 4511 τῶν
1774 4445 1819 4500 ι)

168 4537 316 4592 θείων
363 4542 595 4596 ἐντολῶν
642 4545 675 4615 ή
719 4544 957 4614 φυλακή.
1011 4545 1123 4598 Καὶ
1174 4545 1411 4615 χαλεπὸν
1465 4548 1563 4618 μὲν
1610 4550 1740 4613 ἴσως

1860 3183 1931 3239 tis
1960 3182 2230 3237 duntaxat
2273 3183 2525 3237 humanae
2573 3198 2698 3238 esse
2744 3181 3194 3252 comperiemus,
3250 3182 3344 3239 sed
3390 3190 3446 3238 et

1858 3274 2201 3345 impurorum
2234 3274 2541 3329 daemonum
2564 3315 2581 3340 ,
2622 3274 2714 3344 qui
2761 3274 2925 3328 etiam
2969 3274 3126 3328 inviti
3158 3273 3444 3331 Creatoris

1857 3364 2115 3418 virtutem
2149 3366 2584 3433 perhorrescunt
2607 3365 2675 3418 ⁸³.
2713 3363 2816 3419 8οι1
2844 3363 3174 3419 charitatem
3210 3381 3440 3436 operum

1857 3470 1982 3511 cum
2011 3457 2116 3512 ﬁde
2144 3457 2514 3528 conjungere,
2550 3457 2619 3512 iis
2650 3464 2864 3510 tantum
2899 3455 3158 3526 congruit
3193 3457 3285 3526 qui
3315 3470 3443 3511 vere

1854 3549 2090 3622 diligunt
2120 3550 2313 3605 Deum.
2345 3548 2617 3616 Quocirca
2644 3548 3046 3603 demonstratio
3069 3547 3360 3603 charitatis
3387 3542 3442 3601 et

1855 3642 2261 3714 perfectissima
2295 3641 2439 3695 ratio
2484 3639 2609 3695 ﬁdei
2636 3639 3186 3710 estevangelicorum
3215 3639 3442 3712 dogma-

1854 3745 1968 3791 tum
1998 3736 2167 3806 808
2204 3735 2625 3802 divinorumque
2659 3741 3060 3802 praeceptorum
3100 3732 3437 3788 observatio.

1850 3827 1971 3883 Non
2002 3834 2152 3883 esset
2174 3824 2393 3880 diﬂicile
2427 3824 2533 3878 alia
2567 3823 2652 3878 his
2685 3822 2866 3877 aﬂinia
2912 3821 3197 3892 proferre,
3242 3821 3337 3877 sed
3373 3837 3438 3877 ca

1851 3920 2120 3992 temporis
2149 3918 2317 3987 hujus
2346 3931 2469 3974 esse
2500 3930 2607 3970 non
2638 3915 2903 3971 arbitror.
2944 3913 3157 3970 Idcirco
3191 3914 3436 3970 eundum

1850 4026 2047 4069 rursus
2101 4010 2169 4065 ad
2212 4025 2278 4065 ea
2322 4023 2444 4079 qua!
2495 4007 2784 4079 proposito
2835 4015 3029 4063 nostro
3080 4006 3258 4077 magis
3302 4022 3437 4063 cono

1851 4110 2055 4175 gruunt
2092 4120 2106 4157 :
2151 4119 2168 4152 ι
2201 4099 2259 4155 Si
2298 4099 2532 4170 diligitis
2581 4114 2668 4155 me
2693 4140 2707 4163 ,
2754 4098 2974 4168 inquit,
3019 4097 3278 4152 mandata
3318 4112 3437 4153 mea

1850 4205 2086 4252 servate.
2122 4212 2140 4245 ι
2180 4191 2573 4246 Animadverte
2602 4190 2753 4245 enim
2799 4204 2998 4243 rursus
3040 4195 3095 4243 et
3141 4190 3195 4243 in
3228 4205 3436 4245 memo-

1849 4288 1990 4342 riam
2020 4300 2219 4341 revoca
2248 4283 2397 4354 quod
2426 4300 2551 4339 cum
2583 4298 2726 4353 διξερε
2756 4297 2888 4337 suos
2917 4281 3224 4352 discipulos
3252 4282 3435 4352 ipsos-

1848 4394 1956 4449 que
1980 4377 2201 4432 Judaeos
2223 4376 2622 4446 alloqueretur,
2654 4373 2834 4428 aiebat
2863 4390 2876 4426 :
2922 4392 2940 4425 ι
2973 4371 3153 4439 Verba
3184 4388 3308 4443 qua:
3335 4389 3435 4444 ego

1849 4471 2067 4541 loquor,
2107 4485 2216 4523 non
2240 4476 2370 4523 sunt
2402 4480 2519 4523 mea
2545 4506 2560 4530 ,
2596 4465 2694 4521 sed
2722 4465 2845 4534 ejus
2881 4466 2975 4536 qui
3007 4467 3157 4521 misit
3197 4482 3284 4522 me
3310 4466 3375 4519 “.
3409 4485 3429 4517 ι
3470 4496 3485 4510 ο

1843 4560 1910 4615 Ει
1941 4575 2179 4616 rursus:
2231 4578 2249 4611 ι
2286 4561 2362 4613 Ex
2399 4558 2612 4629 meipso
2637 4572 2745 4611 non
2773 4557 2996 4628 loquor,
3027 4559 3120 4614 sed
3157 4560 3251 4629 qui
3284 4559 3434 4614 misit

167 4631 306 4685 οὐδὲν
334 4633 500 4707 ἕτερα
535 4635 670 4705 πρὸς
693 4634 903 4699 τούτοις
932 4638 1105 4691 εἰπεῖν
1137 4638 1374 4708 συγγενῆ
1401 4655 1517 4705 πως
1547 4639 1737 4711 ἔχοντα

1860 4670 1930 4711 ne
1959 4653 2138 4719 Pater,
2175 4655 2295 4724 ipse
2343 4652 2477 4706 mihi
2512 4653 2832 4707 mandatum
2875 4646 3198 4722 dedit'quid
3246 4652 3429 4706 dicam

167 4721 254 4791 τὴν
283 4724 543 4793 διάνοιαν,
590 4726 730 4799 πλὴν
779 4728 841 4781 οὐ
879 4727 974 4782 τού
1023 4728 1288 4802 παρόντος
1331 4726 1483 4803 οἶμαι
1517 4732 1734 4806 καιροῦ.

1839 4757 1895 4802 et
1921 4746 2050 4815 quid
2100 4747 2294 4816 loquar
2317 4743 2417 4799 ⁸⁸.»
2459 4741 2618 4798 Nunc
2669 4755 2875 4808 autem,
2910 4744 3037 4799 licet
3088 4739 3183 4798 Dei
3230 4759 3293 4797 ac
3324 4742 3431 4797 Pa-

168 4815 250 4867 Διδ
279 4815 343 4888 δὴ
382 4818 551 4873 πάλιν
597 4819 736 4872 ἰτέον
783 4820 877 4873 ἐπὶ
917 4819 986 4873 τά
1018 4822 1130 4885 τοῖς
1176 4823 1561 4895 προκειμένοις
1602 4828 1736 4896 ἡμῖν

1860 4837 1940 4893 ris
1995 4850 2396 4906 usquequaque
2445 4836 2613 4892 verba
2670 4851 2799 4892 esse
2848 4835 3051 4891 dixerit
3083 4850 3146 4888 ea
3200 4849 3320 4904 qua:
3362 4835 3428 4889 ad

169 4909 580 4983 πρεπωδέστερα
604 4928 619 4942 ·
656 4929 675 4963 ι
714 4912 840 4965 Ἐἀν
869 4913 1116 4981 ἀγαπᾶτέ
1149 4932 1237 4986 με,
1282 4917 1437 4987 φησὶ,
1464 4917 1566 4981 τὰς
1590 4920 1739 4973 ἐντο-

167 4998 254 5063 λάς
286 5019 385 5071 μου
416 5006 708 5074 τηρήσετε.
742 5024 761 5056 ι
822 5004 987 5068 Σύνες
1032 5006 1141 5077 γὰρ
1191 5007 1255 5078 δὴ
1290 5007 1451 5061 πάλιν
1492 5010 1587 5064 καὶ
1623 5009 1737 5065 δια-

171 5091 401 5161 μέμνησο
450 5094 633 5158 καλῶς
674 5097 758 5149 ὅτι
793 5096 1051 5161 πολλάκις
1085 5100 1196 5162 τοῖς
1228 5098 1425 5152 ἑαυτοῦ
1468 5100 1737 5172 μαθηταῖς

168 5181 672 5256 προσδιαλεγόμενος
740 5186 773 5257 ἢ
843 5188 938 5241 καὶ
1012 5188 1198 5251 αὐτοῖς
1278 5191 1390 5253 τοῖς
1462 5190 1736 5257 Ἰουδαίοις

165 5269 357 5337 ἔφασκε
381 5291 395 5304 ·
434 5295 454 5328 ι
485 5277 568 5329 Τά
597 5279 818 5349 ῥήματα
849 5278 885 5333 ἃ
913 5278 1024 5347 ἐγὼ
1054 5280 1221 5344 λαλῶ,
1270 5281 1371 5335 οὐκ
1396 5280 1556 5336 ,ἔστιν
1600 5286 1731 5356 ἐμὰ,

165 5360 289 5417 ἀλλά
341 5365 438 5419 τοῦ
501 5368 816 5438 πέμψαντός
883 5385 968 5439 με.
1009 5391 1027 5422 ι
1090 5371 1202 5425 Καὶ
1267 5371 1430 5427 πάλιν
1456 5391 1469 5404 ·
1542 5393 1561 5427 ι
1610 5377 1733 5430 Ἀπ’

165 5451 390 5521 ἐμαυτοῦ
438 5458 503 5512 οὐ
557 5458 721 5522 λαλῶ.
765 5459 883 5514 ἀλλ’
928 5463 955 5515 6
1001 5462 1225 5532 πέμψας
1279 5481 1346 5533 με
1381 5464 1599 5535 Πατὴρ,
1635 5469 1732 5521 αὐ-

163 5541 245 5607 τός
296 5563 386 5617 μοι
416 5548 640 5621 ἐντολὴν
667 5550 867 5605 δέδωκε
931 5551 983 5605 τί
1040 5555 1179 5607 εῖπω
1226 5558 1320 5608 καὶ
1375 5556 1427 5609 τε
1485 5556 1723 5628 λαλήσω,

1842 4945 1948 4986 nos
1978 4927 2138 4992 fecit,
2171 4944 2273 4984 sua
2299 4937 2484 4982 tamen
2514 4937 2792 4999 praecepta
2826 4945 2951 4986 esse
2982 4930 3058 4984 ait
3086 4943 3431 4999 quaecunque

1841 5019 2006 5074 nobis
2030 5019 2247 5075 locutus
2266 5026 2349 5073 est
2376 5035 2390 5072 :
2434 5033 2615 5088 neque
2640 5034 2769 5073 vero
2790 5020 3082 5089 quisquam
3110 5034 3256 5073 sana:
3279 5034 3430 5073 men-

1841 5112 1913 5165 tis
1956 5125 2082 5165 eum
2129 5108 2265 5166 falsa
2302 5109 2451 5179 loqui
2495 5111 2731 5178 putabit.
2776 5109 2891 5165 Nec
2925 5112 3071 5165 enim
3103 5110 3428 5165 Christiano

1840 5200 1975 5256 illud
2008 5217 2247 5271 unquam
2293 5201 2559 5267 subierit;
2595 5201 2692 5256 sed
2728 5210 2855 5255 vere
2887 5199 3155 5269 loquitur,
3188 5201 3427 5256 maxime

1841 5308 1968 5349 cum
2000 5304 2055 5349 et
2092 5294 2210 5364 ipse
2245 5293 2450 5349 veritas
2482 5293 2575 5346 sit.
2607 5291 2725 5345 Non
2759 5291 2904 5346 enim
2942 5298 3002 5346 ut
3032 5291 3423 5361 prophetarum

1840 5399 1986 5439 unus
2030 5384 2270 5438 ministri
2325 5392 2418 5439 aut
2454 5382 2640 5437 famuli
2714 5381 2835 5438 loco
2868 5398 3175 5438 sermonem
3209 5383 3365 5440 nobis
3392 5403 3423 5441 a

1839 5474 2003 5529 Patre
2043 5475 2280 5539 detulit,
2335 5474 2432 5531 sed
2470 5472 2654 5541 utqui
2693 5489 2820 5528 cum
2859 5475 2983 5547 ipso
3019 5485 3222 5531 tantam
3259 5478 3423 5534 habet

1839 5566 2280 5632 similitudinem,
2309 5577 2367 5621 ut
2399 5581 2468 5622 nc
2506 5565 2675 5620 verbo
2695 5565 2916 5637 quidem
2950 5569 3271 5642 discrepare
3299 5585 3418 5625 cer—

228 5657 394 5751 ‘I’Al‘sa.
423 5677 551 5751 μεν,
757 5665 801 5697 ⁸⁸
834 5664 975 5722 Psal.
1012 5684 1204 5735 χχχιιι,
1244 5670 1322 5725 10.
1406 5672 1444 5704 ⁵¹
1483 5671 1673 5729 Matth.
1709 5694 1757 5737 vi

1860 5684 1924 5737 ll.
2002 5682 2047 5714 "
2082 5678 2195 5736 Jac.
2236 5698 2295 5748 ιι,
2334 5681 2424 5736 20.
2505 5679 2550 5712 ³³
2575 5680 2715 5737 ibid.
2750 5683 2835 5740 19.
2916 5685 2960 5733 δὲ
2991 5683 3154 5742 .loan.
3186 5700 3295 5749 xxv,
3334 5683 3415 5738 ID.

165 5725 205 5761 ⁸⁸
232 5726 389 5787 Joau.
440 5748 544 5801 xtl,
582 5734 670 5791 49.
