3992 6316
493 330 603 390 253

1534 329 1592 386 S.
1633 328 1907 387 CYR!LL|
1936 329 2414 386 ALEXANDRINI
2450 326 2769 385 ARCIIIEP.

3653 332 3764 391 256

491 462 659 509 natur
686 494 701 519 ,
746 451 841 508 sed
871 452 943 506 ita
972 461 1163 506 natura
1196 450 1455 521 loquatur
1482 452 1627 507 sicut
1667 460 1723 507 et
1761 452 1878 522 ipse
1914 450 2068 507 Pater

2178 454 2317 508 Novi.
2344 453 2400 508 δὲ
2445 453 2509 524 δὴ
2543 451 2727 514 πάλιν,
2762 451 2933 504 καίτοι
2964 448 3054 503 τοῦ
3100 450 3235 506 Θεοῦ
3272 451 3364 504 καὶ
3394 449 3606 523 Πατρός
3646 451 3763 506 ἀνω

496 546 759 617 loquitur.
789 545 1054 599 Identitas
1078 544 1282 614 quippe
1315 542 1642 596 substantiae
1673 557 1774 598 nos
1806 542 1976 613 adigit
2016 549 2077 598 ut

494 636 787 691 credamus
813 632 1001 689 eadem
1038 632 1187 702 loqui
1221 648 1349 687 eum
1374 630 1635 686 Genitore
1676 630 1901 686 Filium.
1934 631 2074 686 Cum

428 744 435 750 ·
493 736 672 781 autem
716 726 789 782 sit
831 727 949 796 ipse
988 723 1227 779 Verbum
1261 733 1315 779 et
1348 722 1632 793 Sapientia
1667 737 1733 778 ac
1763 721 1859 778 Dei
1891 722 2075 779 Patris

494 818 774 881 voluntas,
805 818 881 871 ait
913 833 975 873 se
1006 815 1325 870 mandatum
1361 815 1644 885 accepisse
1675 816 1809 885 quid
1842 816 1989 871 dicat
2020 825 2076 873 et

493 910 623 977 quid
673 910 952 979 loquatur.
995 906 1130 961 Nam
1181 913 1235 961 et
1281 922 1384 962 nos
1423 906 1527 975 ipsi
1560 914 1806 962 nostram
1838 907 2074 979 quisque

492 1012 730 1058 mentem
752 1042 768 1066 ,
808 1002 982 1056 verbo
1019 999 1364 1054 enuntiativo
1401 997 1548 1054 foras
1581 999 1915 1068 erumpenti,
1948 1014 2075 1069 pro-

491 1094 786 1163 pemodum
815 1092 1011 1163 jubere
1041 1092 1291 1147 videmus
1325 1099 1384 1143 ut
1412 1105 1534 1161 quae
1562 1090 1618 1145 in
1647 1105 1710 1145 ea
1741 1097 1873 1145 sunt
1901 1091 2074 1160 expli~

495 1192 602 1240 cet.
635 1184 966 1254 Quanquam
1016 1183 1209 1253 jejuna
1259 1182 1481 1252 quidem
1531 1189 1616 1237 est
1659 1181 1807 1237 illius
1837 1180 2074 1250 exempli

426 1293 435 1301 ·
492 1277 578 1330 vis
602 1283 657 1329 et
678 1276 820 1330 ratio
848 1273 913 1329 ad
938 1273 1107 1329 Deum
1140 1274 1347 1329 relata:
1377 1282 1753 1328 verumtamen
1781 1272 2076 1344 imaginem

494 1382 524 1421 a
559 1368 716 1422 nobis
741 1367 805 1421 ad
836 1366 1365 1423 demonstrationem
1394 1381 1586 1420 eorum
1619 1382 1741 1436 quae
1769 1381 1941 1436 supra
1973 1380 2076 1421 nos

494 1465 623 1511 sunt
652 1459 934 1527 capientes
954 1498 967 1519 ,
1002 1466 1259 1527 tanquam
1288 1457 1343 1510 in
1371 1457 1597 1526 speculo
1629 1466 1683 1512 et
1719 1458 1772 1511 in
1808 1458 2075 1527 aanigma-

493 1557 546 1602 te
575 1549 620 1580 “
640 1586 655 1611 ,
697 1547 882 1603 divina
910 1548 1173 1619 mysteria
1209 1547 1396 1601 animo
1430 1547 1977 1616 comprehendimus.

2182 563 2243 598 τε
2288 546 2382 599 καὶ
2412 544 2565 599 κάτω
2608 545 2736 608 τοὺς
2778 543 2972 614 λόχρυς
3016 538 3154 595 εἰναι
3199 540 3620 614 διωμολογηκὼς
3664 542 3762 606 οὓς

2182 637 2474 707 ἐποιήσατο
2525 629 3089 708 «poem
3121 635 3345 698 ἐντολὰς
3396 629 3536 688 εἷναί
3592 652 3763 706 φησιν

2183 727 2324 798 ἀπερ
2353 729 2485 798 ἡμῖν
2516 716 2779 798 Μεκέ
2802 744 2815 756 ’
2865 727 2959 779 καί
2982 726 3043 779 οὐ
3078 726 3141 797 δή
3176 744 3257 787 τις
3287 725 3449 780 αὐτὸν
3474 724 3599 779 νοῦν
3621 727 3763 796 ἔχων

2182 818 2423 889 οἰήσεται
2453 816 2844 889 Nauem.
2886 817 2978 888 Μὴ
3018 817 3128 888 γὰρ
3157 816 3389 869 εἰσέλθοι
3430 817 3588 870 τοῦτο
3622 819 3761 889 Χριο

2182 907 2455 960 στιανόν·⁴
2496 905 2783 977 ἀληθεύσει
2838 905 2895 958 δὲ
2945 906 3141 965 πάλιν,
3201 905 3297 958 ἆτε
3344 903 3409 974 δὴ
3457 905 3552 957 καὶ
3596 904 3762 968 αὐτὸς

2181 997 2497 1069 ὑπάρχωνή
2524 997 2765 1070 ἀλήθεια.
2801 999 2877 1052 Οὐ
2906 1000 3013 1068 γὰρ
3047 996 3168 1051 καθ’
3197 996 3295 1051 ἐνα
3323 996 3429 1050 τῶν
3462 997 3760 1068 προφητῶν

2178 1090 2254 1153 ὡς
2285 1091 2342 1143 ἐν
2367 1090 2613 1155 διακόνου
2638 1090 2787 1155 τάξει
2815 1091 2910 1143 καὶ
2943 1090 3218 1160 ὑπηρέτου
3243 1089 3333 1143 τὸν
3362 1090 3512 1162 παρά
3543 1089 3758 1159 Πατρὶς

2179 1182 2311 1251 ἡμῖν
2354 1180 2745 1252 διεπόρθμευσε
2771 1181 2951 1251 λόγον,
2987 1181 3101 1236 ἀλλ’
3142 1181 3216 1245 ὡς
3263 1181 3400 1253 ἔχων
3430 1182 3567 1253 πρὸς
3596 1179 3760 1234 αὐτὸν

2177 1274 2277 1343 τὴν
2324 1273 2623 1343 ἐμφέρειαν
2673 1274 2747 1336 ὼς
2797 1273 2936 1343 μηδὲ
2979 1273 3124 1344 λόγῳ
3170 1274 3327 1345 τυχὸν
3373 1274 3603 1345 ὁρᾶσθαι
3648 1275 3765 1329 διά-

2177 1381 2364 1435 φορον,
2408 1365 2520 1417 ἀλλ’
2555 1362 2697 1416 οὐτω
2740 1365 3043 1433 πεφυκέναι
3090 1366 3297 1422 λαλεῖν.
3322 1365 3511 1435 ὥσπερ
3551 1365 3617 1419 ἂν
3667 1365 3766 1418 καὶ

2174 1454 2337 1512 αὐτὸς
2364 1455 2392 1507 ὁ
2426 1454 2613 1526 Πατὴρ
2661 1454 2823 1526 τυχὸν
2872 1455 3195 1524 διαλέγοιτο.
3255 1454 3327 1509 Τὸ
3360 1457 3470 1526 γὰρ
3513 1455 3768 1523 ἀπαράλ-

2174 1545 2372 1599 λακτον
2414 1546 2515 1613 τῆς
2557 1546 2745 1611 οὐσίας
2792 1547 2889 1600 καὶ
2942 1547 3290 1616 ταυτολογεῖν
3349 1547 3636 1602 ἀναπείθει
3686 1546 3769 1618 τῷ

2660 652 3003 729 Νιοι

2453 834 2627 899 ’σο

492 1639 811 1711 γεννήσαντι
861 1639 953 1691 τὸν
1002 1639 1149 1692 Υίόν.
1210 1638 1297 1702 Ὠς
1345 1638 1403 1691 δὲ
1442 1637 1614 1705 Λόγος
1661 1636 1735 1691 ὢν
1770 1638 1932 1701 αὐτὸς
1978 1637 2070 1691 καὶ
2111 1638 2276 1708 σοφία
2320 1638 2414 1692 καὶ
2457 1637 2710 1711 βούλησις
2756 1638 2851 1693 τοῦ
2885 1638 3021 1692 Θεοῦ
3050 1638 3145 1692 καὶ
3214 1640 3450 1710 Πατρὺς,
3518 1638 3773 1709 δεδέχθαι

491 1735 656 1804 φησὶν
703 1733 920 1805 ἐντολὴν
974 1734 1027 1786 τί
1070 1732 1203 1807 εἴπῃ
1246 1734 1342 1787 καὶ
1386 1731 1438 1786 τί
1480 1732 1725 1802 λαλήσει.
1788 1732 1942 1786 Ἐπεὶ⁹
1978 1733 2073 1786 καὶ
2111 1734 2270 1804 ἡμεῖς
2301 1733 2452 1787 αὐτοὶ
2484 1733 2575 1787 τὸν
2602 1734 2800 1787 οἰκεῖον
2830 1733 3053 1787 ἐκαστοι
3081 1731 3226 1794 νοῦν.
3291 1732 3372 1803 τῷ
3421 1732 3562 1786 κατά
3629 1749 3768 1803 προ-

491 1829 663 1898 φορὰν
691 1829 790 1900 τὴν
829 1827 916 1881 διὰ
950 1827 1210 1899 ῥημάτων
1240 1827 1404 1899 λόγῳ,
1440 1828 1721 1898 μονονουχὶ
1760 1829 1852 1880 καὶ
1895 1828 2271 1898 ἐντελλόμενον
2303 1828 2572 1899 βλέπομεν
2615 1827 2752 1900 πρὸς
2821 1826 2877 1880 τὸ
2944 1825 3045 1892 ἔξω
3109 1825 3372 1897 βαδίζοντι
3446 1823 3779 1895 διερμηνεῦτ

490 1939 580 1975 σαι
607 1922 675 1976 τὰ
700 1924 759 1976 ἐν
791 1924 958 1994 αὐτῷ.
996 1924 1112 1976 Καὶ
1143 1924 1315 1995 μικρᾷ
1346 1908 1458 1994 [Arpi
1496 1922 1690 1995 μικρὰ]
1723 1923 1820 1993 μὲν
1843 1923 1919 1987 ὡς
1980 1924 2116 1996 πρὸς
2151 1924 2284 1977 Θεὸν
2348 1926 2381 1995 ή
2414 1924 2508 1977 τοῦ
2554 1923 2998 1996 παραδείγματος
3028 1921 3276 1992 δύναμις,
3314 1920 3496 1975 εἰκόνα
3532 1921 3592 1974 δὲ
3619 1921 3773 1990 ὅμως

487 2017 585 2086 τὴν
633 2018 691 2069 ἐν
739 2018 851 2080 τοῖς
905 2015 1027 2069 καθ’
1074 2017 1244 2086 ἡμᾶς,
1295 2017 1375 2079 εἰς
1417 2016 1516 2087 τὴν
1563 2016 1672 2071 τῶν
1714 2017 1856 2088 ὑπὲρ
1902 2016 2077 2070 ταῦτα
2117 2015 2491 2088 πληροφορίαν
2524 2016 2826 2087 δεχόμενοι,
2871 2014 3123 2085 καθάπερ
3152 2015 3210 2068 ἐν
3239 2014 3489 2085 ἐσόπτρῳ
3552 2013 3651 2067 καὶ
3712 2012 3772 2071 ἐν

486 2109 789 2177 αἰνίγματι,
818 2108 888 2160 τὰ
913 2106 1032 2160 θεῖα
1059 2105 1289 2178 νοοῦμεν
1324 2110 1621 2180 μυστήρια.

557 2198 697 2263 XIV,
724 2198 815 2266 16,
848 2200 932 2254 l7.
979 2198 1043 2251 Et
1073 2216 1166 2269 ego
1194 2201 1387 2269 rogabo
1418 2200 1656 2265 Patrem,
1686 2210 1736 2255 et
1766 2202 1930 2256 alium
1960 2200 2061 2255 Pa-

2234 2201 2406 2274 Κάγὼ
2460 2195 2739 2267 ἐρωτήσω
2769 2196 2877 2250 τὸν
2929 2194 3182 2264 Πατέρα,
3214 2195 3316 2250 καὶ
3346 2195 3543 2251 ἄλλον
3562 2200 3769 2266 Παρά-

486 2292 742 2345 ractetum
771 2291 922 2345 dabit
963 2291 1141 2355 vobis,
1177 2301 1236 2345 ut
1275 2304 1487 2346 maneat
1519 2294 1786 2347 vobiscum
1824 2296 1879 2347 in
1912 2304 2068 2348 teter-

485 2399 643 2445 num,
678 2380 938 2451 Spiritum
975 2383 1235 2448 veritatis,
1273 2400 1427 2453 quem
1469 2384 1698 2438 mundus
1749 2401 1853 2438 non
1899 2395 2066 2452 potest

485 2476 739 2544 accipere,
761 2476 886 2545 quia
910 2492 1013 2529 non
1037 2474 1173 2529 videt
1200 2491 1341 2540 eum,
1370 2492 1459 2529 nec
1482 2477 1579 2529 scit
1607 2492 1864 2531 eum:vos
1893 2488 2068 2530 autent

484 2569 796 2637 cognosbitis
824 2585 941 2622 eum
962 2612 975 2635 ,
1012 2568 1137 2639 quia
1173 2567 1313 2637 apud
1338 2585 1427 2623 vos
1462 2568 1691 2622 manebit
1714 2608 1728 2634 ,
1759 2579 1808 2622 et
1839 2570 1893 2622 in
1926 2570 2067 2624 vobis

482 2661 605 2713 erit.
1090 2651 1093 2655 ’

555 2746 747 2803 Miscet
784 2764 980 2804 rursus
1009 2748 1200 2803 divino
1236 2748 1540 2803 humanum
1568 2790 1582 2812 ,
1631 2765 1733 2805 nec
1769 2751 1835 2804 ad
1873 2762 2067 2820 puram

484 2840 707 2896 deitatis
738 2841 970 2911 gloriam
1010 2841 1327 2906 revertitur,
1366 2857 1545 2912 neque
1577 2842 1720 2895 intra
1756 2843 2067 2895 humanita-

482 2932 557 2987 tis
604 2933 828 2986 modum
878 2947 1110 3001 prorsus
1148 2939 1432 2997 versatur,
1481 2930 1574 2986 sed
1633 2946 1729 3001 per
1776 2939 2071 3001 utrumque

483 3031 649 3082 meat,
673 3018 841 3092 809
867 3021 1195 3075 mirabiliter
1228 3020 1395 3076 simul
1415 3028 1468 3076 et
1497 3020 1724 3084 mistim,
1762 3022 1889 3091 quia
1915 3022 2072 3076 nimi-

484 3125 606 3164 rum
651 3110 795 3165 idem
844 3118 927 3165 est
962 3108 1104 3165 Deus
1139 3119 1192 3165 et
1230 3110 1413 3165 homo.
1450 3110 1663 3181 Quippe
1694 3117 1888 3165 natura
1926 3112 2068 3169 Deus

482 3207 609 3264 est,
649 3208 926 3269 quatenus
968 3215 1032 3255 ex
1082 3201 1242 3255 Patre
1287 3199 1504 3256 fructus
1546 3213 1599 3257 et
1639 3203 1900 3272 splendor
1945 3204 2070 3259 sub-

485 3291 706 3347 stantizn
747 3290 873 3360 ejus
919 3299 1003 3346 est
1036 3307 1051 3345 :
1096 3291 1261 3346 homo
1310 3302 1491 3347 autem
1530 3310 1758 3358 rursus,
1795 3304 2069 3365 quatenus

485 3382 665 3438 factus
698 3390 785 3439 est
817 3397 968 3437 caro.
1017 3382 1294 3453 Loquitur
1341 3401 1474 3455 ergo
1518 3394 1579 3439 ut
1624 3385 1769 3442 Deus
1811 3388 1976 3441 simul
2015 3395 2070 3442 et

484 3476 694 3530 homo:
742 3476 825 3532 sic
870 3475 1016 3530 enim
1068 3476 1173 3531 rite
1218 3492 1442 3533 scrvare
1493 3478 1620 3533 licet
1663 3478 2066 3550 dispensationi

483 3582 611 3622 cum
663 3568 1275 3623 earne'convcnicntes
1323 3569 1591 3625 rationes.
1639 3569 2063 3638 Verumtamen,
2095 3546 2136 3603 Ο

483 3659 588 3713 loci
623 3659 894 3730 propositi
938 3676 1162 3715 sensum
1202 3661 1545 3730 inquirentes
1567 3701 1581 3725 ,
1614 3662 1848 3718 dicimus
1883 3661 2069 3717 Domi-

481 3766 614 3805 num
646 3758 901 3806 nostrum
946 3750 1038 3807 Dei
1090 3768 1153 3807 ac
1204 3750 1388 3808 Patris
1443 3756 1762 3811 necessario
1813 3755 2069 3809 intulisse

481 3842 839 3907 mentionem,
883 3841 938 3895 in
965 3841 1387 3898 mdiﬁcationem
1413 3844 1535 3899 ﬁdei
1563 3854 1619 3899 et
1647 3846 1938 3899 maximam
1971 3860 2068 3899 au-

481 3932 721 3988 ditorum
773 3934 1107 3998 utilitatem,
1165 3936 1628 4004 quemadmodum
1683 3934 1738 3989 in
1792 3935 2067 3991 sermonis

447 4044 459 4063 ι
482 4042 780 4097 progressu
822 4027 1348 4084 demonstrabimus.
1382 4028 1521 4096 Quia
1552 4028 1697 4084 enim
1737 4037 1925 4099 petere
1962 4046 2066 4086 nos

477 4117 645 4186 jussit
672 4119 729 4171 in
759 4118 980 4173 nomine
1007 4119 1129 4188 ejus
1158 4119 1202 4152 "
1228 4164 1241 4188 ,
1281 4130 1337 4175 et
1368 4122 1689 4177 inusitatum
1719 4122 2064 4191 precationis

482 4205 706 4260 modum
749 4207 892 4261 inter
930 4219 1131 4263 caetera
1168 4213 1511 4281 praescripsit
1535 4212 1610 4280 ⁸⁸,
1663 4214 1946 4282 pollicitus
2006 4230 2065 4269 se

479 4304 736 4369 prompto
762 4300 947 4355 animo
976 4301 1249 4382 daturum.
1274 4320 1395 4373 qme
1431 4304 1666 4359 velimus
1699 4323 1713 4359 :
1752 4321 1820 4359 ne
1847 4307 2062 4361 videre-

479 4397 571 4443 tur
592 4406 687 4458 per
714 4390 833 4445 haec
864 4391 959 4448 Dei
995 4408 1059 4447 ac
1084 4392 1267 4449 Patris
1295 4409 1589 4464 personam
1621 4396 1938 4459 excludere,
1966 4406 2060 4452 aut

478 4489 808 4551 potestatem
844 4485 1055 4539 sanctis
1089 4486 1431 4556 largiendiei
1472 4485 1768 4541 detrahere
1792 4527 1807 4552 ,
1836 4489 2059 4543 conlar-

477 4573 712 4642 gitorem
744 4591 804 4631 se
841 4575 959 4632 fore
998 4584 1053 4632 et
1098 4577 1441 4632 Paracletum
1485 4577 1649 4631 simul
1693 4578 1852 4634 nobis
1892 4579 2056 4633 datu-

477 4680 601 4718 rum
630 4665 789 4730 dixit,
818 4668 954 4723 illud
985 4668 1313 4723 vocabulum
1351 4667 1546 4734 rogabo
1583 4683 1783 4724 rursus
1820 4670 2058 4739 subjun-

475 4771 632 4825 gcns,
663 4767 724 4843 ut
750 4759 935 4823 homo,
964 4760 1065 4813 toti
1100 4758 1299 4813 divin:e
1328 4764 1382 4812 et
1413 4757 1676 4813 ineffabili
1712 4770 1923 4816 naturae
1954 4778 2052 4830 pe-

2169 2302 2398 2365 κλητον
2447 2291 2628 2346 δώσει
2675 2289 2818 2356 ὑμῖν
2847 2329 2862 2352 ,
2893 2288 2993 2342 ἵνα
3034 2282 3077 2359 ᾖ
3108 2287 3236 2357 μεθ’
3294 2286 3459 2357 ὑμῶν
3514 2291 3603 2355 εις
3662 2289 3773 2344 τὸν

2168 2389 2374 2450 αἰῶνα,
2410 2384 2476 2439 τὸ
2511 2381 2755 2451 Πνεῦμα
2801 2378 2911 2448 τῆς
2960 2378 3245 2446 ἀληθείας
3278 2378 3309 2431 ὃ
3344 2380 3374 2433 ὁ
3415 2381 3648 2450 κόσμος
3699 2385 3771 2437 οὐ

2168 2480 2418 2535 δύναται
2446 2473 2673 2537 λαϐεῖν,
2691 2472 2778 2525 ὅτι
2816 2473 2886 2525 οὺ
2913 2470 3118 2538 θεωρεῖ
3150 2471 3295 2523 αὐτὸ
3322 2470 3464 2524 οὐδὲ
3486 2470 3770 2539 γινώσκει

2168 2573 2317 2625 αὐτό
2342 2587 2355 2601 ·
2409 2566 2577 2637 ὑμεῖς
2607 2565 2675 2618 δὲ
2718 2562 3039 2635 γινώσκετε
3089 2562 3258 2626 αὐτὸ,
3292 2561 3380 2616 ὅτι
3422 2564 3572 2631 παρ’
3614 2563 3761 2633 ὑμῖν

2165 2667 2356 2735 μένει,
2389 2660 2487 2716 καὶ
2520 2659 2589 2713 ἐν
2620 2656 2764 2727 ὑμῖν
2792 2656 2983 2709 ἔσται.

2256 2754 2572 2825 Ἀναμίσγει
2615 2749 2775 2803 πάλιν
2819 2748 2896 2817 τῷ
2945 2747 3242 2815 θεοπρεπεῖ
3283 2747 3345 2800 τὸ
3401 2746 3767 2818 ἀνθρώπινον,

2170 2848 2263 2901 καὶ
2289 2845 2411 2899 οὔτε
2437 2844 2571 2915 πρὸς
2603 2843 2839 2912 ἄκρατον
2877 2841 3146 2909 ἀναφοιτᾷ
3173 2840 3271 2911 τῆς
3299 2838 3551 2911 θεότητος
3583 2841 3767 2911 δόξαν,

2171 2940 2294 2994 οὐτε
2332 2938 2436 3010 μὴν
2469 2935 2778 3005 ὁλοκλήρως
2812 2936 2927 2996 τοῖς
2960 2933 3061 3002 τῆς
3105 2932 3523 3004 ἀνθρωπότητος
3547 2934 3769 3006 μέτροις

2172 3029 2575 3101 ἐμφιλοχωρεῖ,
2603 3025 2822 3096 ἔρχεται
2871 3023 2928 3077 δὲ
2967 3022 3034 3076 δι’
3079 3024 3316 3093 ἀμφοῖν.
3358 3024 3682 3096 παραδόξως
3709 3042 3770 3079 τε

2171 3116 2287 3187 ἅμα
2311 3116 2405 3169 καὶ
2434 3112 2814 3182 κεκραμένως,
2837 3111 3069 3182 ἐπείπερ
3090 3111 3237 3164 ἐστὶν
3267 3114 3325 3166 ἐν
3341 3113 3522 3184 ταυτῷ
3551 3114 3685 3178 Θεός
3710 3132 3768 3168 τε

2170 3209 2265 3262 καὶ
2301 3205 2607 3276 ἄνθρωπος.
2640 3204 2773 3267 Θεὸς
2828 3202 2926 3274 μὲν
2953 3202 3065 3273 γὰρ
3089 3198 3159 3276 ἦν
3202 3206 3269 3275 τῇ
3301 3203 3483 3272 φύσει,
3516 3206 3768 3277 καθάπερ

2170 3302 2234 3354 ἐκ
2263 3298 2473 3369 Πατρδς
2505 3297 2716 3369 καρπὸς
2746 3296 2841 3350 καὶ
2868 3295 3211 3365 ἀπαύγασμα
3238 3297 3337 3363 τῆς
3363 3297 3550 3361 οὐσίας
3570 3296 3760 3352 αὐτοῦ·

2170 3393 2455 3465 ἄνθρωπος
2477 3391 2535 3445 δὲ
2578 3390 2774 3456 πάλιν,
2802 3389 2940 3443 καθὸ
2996 3389 3188 3459 γέγονε
3240 3390 3396 3462 σάρξ.
3444 3392 3614 3446 Λαλεῖ
3655 3410 3773 3447 τοι-

2170 3483 2373 3554 γαροῦν
2398 3485 2474 3547 ὡς
2501 3481 2635 3547 Θεός
2656 3499 2714 3535 τε
2744 3479 2879 3552 ὁμοῦ
2911 3481 3004 3534 καὶ
3030 3481 3316 3553 ἄνθρωπος
3338 3501 3351 3515 υ
3376 3483 3522 3538 οὔτω
3552 3484 3663 3557 γὰρ
3697 3482 3770 3557 ἦν

2169 3576 2406 3647 τηρῆσαι
2447 3573 2628 3639 καλῶς
2648 3577 2713 3646 τῇ
2745 3574 2883 3645 μετὰ
2920 3575 3124 3646 σαρκὸς
3162 3577 3449 3649 οἰκονομίᾳ
3472 3579 3600 3644 τοὺς
3627 3579 3771 3651 πρὲο

2172 3685 2370 3731 ποντας
2401 3666 2612 3735 λόγους.
2641 3665 2788 3737 Πλὴν
2819 3666 2994 3719 ἐκεῖνό
3027 3683 3228 3735 φαμεν,
3264 3666 3361 3736 τὴν
3418 3667 3513 3721 τοῦ
3547 3687 3772 3740 προκει-

2173 3760 2334 3830 μένου
2378 3757 2762 3829 διερευνῶντες
2806 3756 3070 3829 δύναμιν,
3110 3759 3191 3812 ὅτι
3238 3759 3334 3812 καὶ
3372 3758 3516 3814 νῦνό
3557 3762 3768 3833 Κύριος

2169 3851 2327 3921 ήμῶν
2357 3849 2671 3918 ἀναγκαίως
2700 3849 2796 3920 τὴν
2817 3849 2947 3920 περὶ
2979 3849 3071 3902 τοῦ
3103 3849 3237 3903 Θεοῦ
3261 3851 3355 3904 καὶ
3386 3852 3604 3923 Πατρὸς
3635 3855 3766 3907 εἰσο

2168 3939 2432 4011 κεκόμικε
2490 3938 2711 4010 μνήμην
2736 3979 2750 4002 ,
2782 3939 2862 4001 εἰς
2895 3938 3183 4009 οἰκοδομὴν
3241 3939 3343 4009 τῆς
3391 3941 3634 4005 πίστεως
3670 3943 3768 3996 καὶ

2167 4033 2247 4096 εἰς
2279 4032 2337 4085 τὸ
2372 4031 2575 4103 σφόδρα
2612 4030 2887 4094 λυσιτελὲς
2921 4032 3032 4094 τοῖς
3078 4032 3765 4107 ἀκροωμένοις,-καθάπερ

2166 4123 2439 4188 ἀποδείξει
2479 4123 2683 4195 προῖὼν
2716 4125 2744 4176 ὁ
2798 4124 2976 4191 λόγος.
3020 4123 3235 4195 Ἐπειδὴ
3268 4125 3376 4195 γὰρ
3414 4128 3586 4179 αἰτεῖν
3616 4130 3766 4199 ἡμᾶς

2167 4216 2455 4269 ἐκέλευσεν
2502 4217 2595 4269 ἐπὶ
2632 4215 2710 4285 τῷ
2757 4215 2985 4285 ὀνόματι
3020 4216 3187 4269 αὐτοῦ
3216 4257 3231 4281 ,
3261 4216 3357 4269 καὶ
3390 4217 3480 4271 τὸν
3514 4222 3631 4283 τοῖς
3661 4221 3761 4291 ἀρ-

2167 4310 2345 4380 χαίοις
2393 4308 2640 4380 ἀσυνήθη
2671 4307 2873 4378 τρόπον
2902 4307 2999 4371 τῆς
3030 4308 3341 4379 προσευχῆς
3374 4308 3511 4379 μετὰ
3538 4310 3648 4364 τῶν
3671 4313 3765 4366 ἄλ-

2166 4402 2272 4455 λων
2321 4402 2600 4467 ἐθέσπισε,
2634 4399 2824 4453 δώσειν
2858 4400 3440 4471 κατεπαγγειλάμενος
3470 4403 3566 4457 καί⁷
3613 4404 3761 4473 μάλα

2164 4493 2461 4566 προθύμως
2505 4493 2650 4563 ἆπερ
2676 4491 2742 4545 ἂν
2776 4491 3052 4560 ἐθέλωμεν
3091 4490 3277 4545 λαϐεῖν
3298 4509 3312 4523 ο
3349 4492 3437 4547 ἵνα
3463 4494 3539 4564 μὴ
3575 4494 3761 4566 δοκοίη

2161 4587 2249 4641 διὰ
2302 4586 2508 4640 τούτων
2557 4584 2619 4637 τὸ
2662 4584 2757 4639 τοῦ
2808 4583 2945 4637 Θεοῦ
2980 4584 3073 4637 καὶ
3115 4583 3330 4656 Πατρός
3378 4587 3758 4658 παρωθεῖσθαι

2160 4677 2486 4747 πρόσωπον,
2537 4675 2706 4752 ᾕγουν
2758 4674 3146 4746 παραιρεῖσθαι
3197 4674 3296 4745 τὴν
3353 4675 3445 4729 τοῦ
3508 4666 3782 4785 τεκόντος(

2204 4768 2555 4785 ......
2720 4766 3485 4785 .7..7.:4-...,
3615 4772 3634 4785 ς

2159 4769 2322 4823 αὐτὸν
2375 4768 2624 4833 ἐξουσίαν
2681 4767 2779 4837 τὴν
2838 4767 2931 4820 ἐπὶ
2975 4766 3099 4830 ταῖς
3147 4767 3255 4819 τῶν
3317 4768 3489 4835 ἁγίων
3551 4772 3762 4839 φιλοτι-

475 4849 757 4905 culiariter
778 4851 1065 4906 vindicans
1104 4847 1248 4918 quod
1274 4849 1323 4902 ei
1356 4851 1596 4904 maxime
1627 4853 1907 4918 convenit,
1941 4861 2055 4908 tan-

2171 4862 2346 4931 μίαις,
2382 4860 2562 4931 φημὶ,
2606 4860 2877 4931 χρήσιμον
2919 4859 3084 4913 αὐτὸν
3146 4860 3487 4931 συγχορηγὸν
3537 4862 3760 4916 ἔσεσθαι

475 4955 641 5010 quam
680 4942 734 4995 in
777 4956 1012 5012 persona
1049 4939 1139 4994 Dei
1177 4955 1243 4994 ac
1283 4941 1482 4996 Patris.
1534 4940 1591 4996 ld
1627 4943 1772 4997 enim
1806 4942 1858 4998 ei
1885 4945 2055 5001 moris

2171 4951 2257 5005 καὶ
2287 4948 2670 5004 συνεπιδώσειν
2698 4952 2828 5021 ἡμῖν
2853 4950 2943 5003 τὸν
2968 4950 3328 5022 Παράκλητον
3368 4951 3495 5022 ἔφη,
3521 4953 3585 5006 τὸ
3617 4954 3759 5023 ἐρω-

474 5047 599 5088 esse
630 5033 743 5103 jam
777 5041 942 5087 antea
981 5047 1127 5100 saepe
1170 5031 1430 5089 diximus.
1469 5034 1653 5088 Alium
1685 5051 1847 5103 porro
1880 5034 2054 5090 Para~

476 5125 680 5181 cletum
720 5124 988 5194 Spiritum
1028 5133 1191 5178 vocat
1212 5124 1306 5179 Dei
1356 5140 1421 5181 ac
1458 5125 1643 5182 Patris
1682 5129 2012 5184 substantiae
2036 5167 2052 5194 ,

476 5221 593 5273 sive
610 5232 742 5273 suae.
764 5214 881 5269 Una
898 5215 1047 5271 enim
1078 5217 1132 5271 in
1152 5218 1421 5275 ambobus
1436 5227 1520 5276 est
1547 5220 1868 5277 substantiae
1888 5221 2054 5289 ratio,

477 5324 602 5378 quae
631 5308 811 5375 ipsum
854 5322 965 5363 non
996 5308 1272 5372 excludit,
1303 5310 1399 5366 sed
1428 5309 1599 5366 ellicit
1640 5318 1700 5366 ut
1734 5312 2055 5369 distinctius

476 5408 693 5456 tantum
730 5400 1070 5474 intelligatur
1112 5403 1167 5458 in
1208 5418 1274 5459 eo
1314 5404 1463 5476 quod
1496 5405 1551 5459 in
1586 5404 1811 5475 propria
1841 5405 2063 5461 exsistit

479 5491 790 5561 bypostasi.
837 5492 951 5549 Nec
993 5494 1141 5551 enim
1187 5492 1363 5551 Filius
1396 5493 1641 5566 Spiritus
1684 5502 1808 5563 est,
1860 5496 1957 5554 sed
2004 5513 2063 5553 re

480 5597 608 5637 vera
638 5589 694 5638 et
721 5585 942 5656 proprie
967 5601 1092 5643 esse
1130 5594 1185 5643 et
1215 5589 1488 5647 exsistere
1527 5590 1583 5646 id
1618 5590 1767 5660 quod
1803 5598 1887 5646 est
1912 5630 1926 5657 ,
1959 5589 2066 5647 ﬁde

2160 5039 2328 5107 τήσω
2356 5040 2518 5094 πάλιν
2548 5038 2736 5103 ἐπιὼν,
2760 5039 2835 5103 ὡς
2862 5039 2956 5094 ἀνθ
2967 5057 3167 5112 ρωπος,
3189 5038 3372 5102 ἰδικῶς
3395 5057 3454 5092 τε
3482 5041 3758 5106 ἀνατιθεὶς

2161 5132 2360 5206 ὃλῃοτῇ
2390 5133 2512 5205 θείᾳ
2551 5150 2610 5186 τε
2636 5132 2730 5186 καὶ
2775 5132 3000 5203 ἀρρήτῳ
3045 5132 3205 5201 φύσει
3234 5133 3294 5186 τὸ
3328 5133 3467 5203 αὐτῇ
3517 5132 3758 5203 μάλιστα

2163 5226 2393 5296 πρέπον,
2423 5225 2501 5289 ὡς
2526 5225 2583 5280 ἐν
2610 5222 2889 5296 προσώπῳ
2922 5223 3017 5278 τοῦ
3040 5223 3176 5278 Θεοῦ
3207 5224 3302 5278 καὶ
3325 5223 3560 5295 Πατρός.
3582 5224 3755 5278 Τοῦτο

2163 5317 2272 5389 γὰρ
2306 5316 2426 5380 ἐθος
2458 5315 2636 5386 αὐτῷ,
2664 5314 2807 5369 καθά
2849 5316 2943 5367 καὶ
2972 5314 3230 5376 πολλάκις
3256 5314 3357 5385 ήδη
3393 5313 3757 5387 προλαϐόντες

2158 5410 2485 5481 εἰρήκαμεν.
2518 5406 2710 5459 Ἀλλον
2751 5423 2816 5474 γε
2862 5405 2969 5478 μὴν
3016 5405 3381 5477 Παράκλητον
3424 5404 3486 5458 τὸ
3528 5404 3755 5475 Πνεῦμα

2162 5499 2319 5554 καλεῖ
2356 5498 2459 5568 τῆς
2485 5495 2581 5550 τοῦ
2635 5495 2771 5550 Θεοῦ
2829 5498 2924 5552 καὶ
2979 5496 3195 5569 Πατρος
3247 5494 3466 5559 οὐσίας,
3493 5494 3616 5567 ἦτοι
3653 5493 3753 5565 τῆς

2163 5589 2377 5645 ἑαυτοῦ.
2404 5584 2497 5654 Εἷς
2527 5589 2635 5662 γὰρ
2673 5591 2758 5643 ἐπ’
2787 5591 2992 5662 ἀμφοῖν
3032 5590 3133 5662 τῆς
3162 5588 3349 5653 οὐσίας
3382 5588 3411 5641 ὁ
3448 5586 3627 5656 λόγος,
3652 5585 3751 5642 οὐκ

595 5767 639 5800 ⁸⁸
679 5769 848 5825 lCor.
881 5785 1007 5838 xm,
1032 5769 1117 5824 12.
1197 5770 1236 5801 ’⁵⁷
1260 5768 1417 5828 Joan.
1445 5787 1557 5839 xvr,
1585 5771 1676 5837 ‘23,
1709 5772 1800 5826 ‘24.
1880 5773 1923 5804 δ’
1957 5770 2063 5827 Mal

2186 5788 2260 5839 v1,
2287 5771 2426 5827 9J3.
