3992 6316
195 324 296 381 257

1243 324 1307 381 IN
1331 279 1617 384 JOdNNIS
1651 326 2098 385 EVANGELIUM
2134 328 2263 385 LIB.
2305 328 2396 385 IX.

3351 340 3457 398 158

194 443 295 509 ἔξω
326 438 495 505 τιθεὶς
523 437 677 504 αὐτὸ,
699 440 788 494 τὸν
815 439 871 494 δὲ
894 439 991 512 τῆς
1014 441 1330 514 ἑτερότητος
1358 444 1515 515 λόγον
1542 449 1600 501 ὲν
1632 449 1776 519 μόνῳ

1882 448 2179 504 credimus.
2213 446 2454 518 Spiritus
2480 448 2683 521 quippe
2713 456 2796 505 est
2835 446 3017 508 Patris
3059 456 3114 508 et
3158 447 3283 508 Filii
3309 494 3326 521 ,
3361 455 3455 511 sed

195 530 422 586 νοεῖσθαι
463 531 640 597 διδοὺς
668 531 745 603 τῷ
784 526 921 586 εἶναι
961 534 1055 588 καὶ
1088 536 1354 609 ὑπάρχειν
1390 538 1770 604 ἰδιοσυστάτως

193 623 340 681 αὐτό.
381 623 457 676 Οὐ
504 623 614 695 γὰρ
668 623 799 689 Tib;
851 625 913 680 τὸ
960 624 1187 699 Πνεῦμα
1247 629 1427 692 ἐστιν,
1462 629 1770 695 ἀλλ’ὖντως

197 715 331 778 ίδίως
358 731 418 767 τε
450 714 510 769 δν
565 715 658 769 καὶ
687 716 934 787 ὑπάρχον
959 716 1107 772 τοῦθ’
1141 720 1277 790 ὅπερ
1303 719 1450 774 ἐστὶν
1484 723 1540 774 ὲν
1589 719 1770 773 πίστει

194 807 625 879 παραδεξόμεθα.
657 809 884 882 Πνεῦμα
908 813 1016 883 γάρ
1046 813 1162 864 ἐστι
1190 810 1284 865 τοῦ
1309 810 1522 885 Πατρὸς
1556 813 1650 866 καὶ
1677 813 1768 867 τοῦ

194 898 316 954 Υίοῦ
337 899 519 964 ἐἰδὼς
545 900 603 953 δὲ
628 902 709 955 ὅτι
738 903 829 957 καὶ
856 904 1015 968 αὐτὸς
1037 905 1388 977 Παράκλητός
1408 907 1523 960 ὲστί
1544 924 1603 959 τε
1630 905 1771 960 κατὰ

194 992 463 1066 ἀλήθειαν,
494 995 588 1048 καὶ
630 996 687 1048 ὲν
724 998 839 1059 τοῖς
887 999 1054 1068 ἱεροῖς
1093 997 1411 1068 ὠνόμασται
1448 998 1768 1070 Γράμμασι,

194 1085 548 1158 Παράκλητον
589 1086 747 1140 ἄλλον
782 1086 843 1141 τὸ
874 1088 1099 1160 Πνεῦμα
1144 1088 1319 1153 καλεῖ,
1355 1091 1452 1161 οὐχ
1476 1090 1553 1154 ὼς
1586 1089 1769 1161 ἔτερόν

196 1197 241 1233 τι
274 1180 432 1249 τυχὸν
470 1179 715 1249 ἐνεργεῖν
754 1181 809 1232 ἐν
838 1183 950 1244 τοῖς
986 1180 1159 1250 ἁγίοις
1190 1181 1324 1245 είδὸς
1360 1180 1553 1252 ῆὸπερ
1587 1179 1652 1234 ἂν
1679 1181 1772 1234 καὶ¹

195 1271 365 1335 αὐτὸς,
405 1263 467 1324 οῦ
512 1272 606 1324 καὶ
635 1270 751 1324 ἔστι
786 1272 882 1327 καὶ
914 1273 1132 1341 λέγεται
1158 1272 1405 1344 Πνεῦμα.
1439 1274 1561 1328 Ὅτι
1593 1273 1649 1326 δὲ
1679 1274 1772 1327 καὶ

196 1363 346 1425 αὐτὸς
391 1363 754 1435 Παράκλητος
793 1366 1088 1437 ὠνομάσθη
1134 1383 1195 1419 τε
1230 1367 1325 1419 καὶ
1374 1365 1519 1418 ἔστιν
1553 1367 1581 1419 6
1626 1365 1770 1429 Tib;,

198 1458 528 1529 μαρτυρήσει
547 1456 721 1525 λέγων
747 1458 775 1508 6
816 1458 1101 1526 Ἰωάνννης
1125 1459 1181 1511 ὲν
1212 1456 1369 1520 ίδίαις
1389 1460 1731 1527 συγγραφαῖς
1755 1473 1769 1487 ο

199 1567 218 1601 ι
251 1547 435 1601 Ταῦτα
461 1547 625 1617 λέγω,
654 1548 838 1618 φησὶν,
859 1549 989 1619 ὑμῖν
1008 1589 1022 1614 ,
1053 1548 1140 1603 ἵνα
1167 1547 1243 1620 μὴ
1262 1548 1629 1621 ἁμαρτάνητε.
1650 1549 1773 1605 Ἐάν

193 1660 268 1706 τις
295 1642 347 1694 δὲ
375 1641 618 1715 ἁμάρτῃ,
644 1642 993 1714 παράκλητον
1024 1641 1218 1711 ἔχομεν
1247 1642 1381 1713 πρὸς
1410 1642 1500 1696 τὸν
1533 1643 1770 1715 Πατέρα,

204 1732 404 1805 Ἰησοῦν
459 1733 693 1804 Χριστὸν
739 1734 990 1801 δίκαιον,
1033 1735 1128 1788 καὶ
1179 1734 1342 1798 αὐτὸς
1380 1734 1609 1804 ἱλασμός
1656 1736 1772 1789 ἐστι

195 1823 313 1894 περὶ
340 1822 451 1875 τῶν
474 1823 756 1893 ἁμαρτιῶν
780 1824 994 1896 ἡμῶν.»
1037 1824 1231 1877 Ἀλλον
1261 1824 1439 1878 τοίνυν
1492 1825 1783 1899 Παράκλη-

193 1933 278 1968 τον
305 1915 364 1968 τὸ
395 1914 621 1985 Πνεῦμα
650 1915 828 1980 καλεῖ,
860 1917 919 1968 ὲν
954 1916 1110 1981 ἰδίαις
1145 1915 1243 1986 μὲν
1278 1916 1608 1971 ὑποστάσεσι
1636 1921 1770 1971 νοεῖ-

196 2006 310 2060 σθαι
326 2006 497 2059 θέλων
525 2006 676 2072 αὐτὸ,
695 2006 964 2079 τοσαύτην
978 2025 1041 2077 γε
1065 2007 1173 2079 μὴν
1201 2007 1323 2079 ἔχον
1346 2006 1444 2080 τὴν
1470 2010 1769 2081 ἐμφέρειαν

192 2098 262 2163 ὡς
304 2098 441 2169 πρὸς
475 2098 660 2165 αὐτὸν,
702 2100 800 2153 καὶ
837 2100 1275 2171 ἀπαραλλάκτως
1314 2100 1488 2166 οὑτως
1527 2103 1770 2174 ἐνεργεῖν

196 2190 366 2261 ίσχύον
389 2191 534 2263 άπερ
559 2192 625 2246 ἂν
667 2193 760 2246 καὶ
796 2192 960 2257 αὐτὸς
997 2193 1245 2265 ὲνεργοίη
1283 2196 1463 2265 τύχον,
1492 2194 1564 2257 ὡς
1609 2194 1770 2247 αὐτὸν

192 2278 323 2338 εἶναι
351 2283 529 2338 δοκεῖν
557 2285 650 2338 τὸν
684 2274 836 2350 Tibv,
863 2285 957 2340 καὶ
985 2284 1170 2357 ἕτερον
1200 2286 1373 2339 οὐδέν.
1409 2286 1633 2357 Πνεῦμα
1663 2285 1771 2357 γάρ

192 2378 330 2433 ἔστιν
360 2378 552 2433 αὑτοῦ.
593 2379 703 2432 Καὶ
754 2378 885 2449 γοῦν
932 2380 1035 2449 τῆς
1073 2379 1329 2452 ἀληθείας
1360 2378 1489 2434 αὐτὸ
1533 2379 1772 2432 κατωνό-

195 2485 327 2539 μασε
356 2468 589 2536 Πνεῦμα
612 2470 706 2523 καὶ
735 2470 821 2524 διὰ
841 2469 950 2524 τῶν
986 2472 1365 2542 προκειμένων
1404 2470 1593 2524 ἑαυτὸν
1632 2467 1771 2524 εἶναι

190 2560 281 2632 τὴν
316 2560 573 2632 ἀλήθειαν
593 2560 789 2632 λέγων.
827 2562 967 2616 Ἀλλ’
991 2564 1107 2633 ὲρεῖ
1126 2581 1210 2627 τις
1232 2564 1456 2628 εἰκότως
1476 2565 1587 2626 τοῖς
1617 2563 1774 2616 ἀλλό-

190 2669 331 2723 τριον
361 2647 509 2706 εῖναι
537 2653 821 2725 νομίξουσι
849 2653 940 2709 τὸν
970 2654 1095 2708 Υίὸν
1126 2654 1227 2726 τῆς
1256 2654 1350 2709 τοῦ
1382 2655 1517 2708 Θεοῦ
1538 2655 1632 2708 καὶ
1662 2656 1772 2707 Πα-

192 2744 310 2815 τρὸς
351 2744 579 2809 οὐσίας·
613 2746 724 2799 Καὶ
772 2745 910 2809 πῶς,
950 2745 1072 2799 εἰπέ
1119 2764 1249 2817 μοι,
1276 2745 1338 2799 τὸ
1368 2747 1468 2818 τῆς
1513 2744 1773 2816 ἀληθείας

192 2836 406 2908 Πνεῦμα
431 2878 448 2902 ,
480 2836 629 2891 τοῦτ’
663 2837 779 2891 ἐστι
817 2839 879 2915 τὸ
913 2837 1009 2893 τοῦ
1057 2838 1208 2903 Υἱοῦ,
1246 2838 1462 2893 δίδωσιν
1500 2839 1529 2891 6
1560 2838 1771 2910 Πατὴρ,

192 2930 283 2999 οὐχ
329 2929 405 2993 ὡς
464 2929 680 3003 ξένονῆ
722 2930 1024 3004 ἀλλότριον,
1055 2931 1171 2984 ἀλλ’
1208 2931 1285 2993 ὡς
1343 2929 1473 2984 ἴδιον
1525 2931 1771 3003 Πνεῦμα,

194 3021 360 3073 καίτοι
393 3021 518 3075 καθ’
565 3023 713 3093 ἡμᾶς
757 3023 1112 3096 διωρισμένον
1159 3021 1297 3094 ἔχων
1322 3024 1424 3093 τῆς
1464 3024 1654 3088 οὐσίας
1683 3025 1774 3078 τὸν

1879 551 2004 592 cum
2041 554 2099 594 se
2134 552 2353 608 quoque
2387 537 2736 595 Paracletum
2767 554 2893 596 esse
2920 555 3112 597 revera
3140 554 3329 601 nosset
3351 584 3365 609 ,
3404 553 3460 599 et

1879 628 1934 682 in
1968 630 2145 686 sacris
2182 629 2406 685 Litteris
2459 629 2534 683 ita
2576 646 2705 688 esse
2746 639 3166 705 nuncupatum,
3201 634 3461 693 Paracle-

1879 730 1994 778 tum
2037 723 2209 795 alium
2256 723 2524 793 Spiritum
2573 724 2856 794 appellat,
2902 740 3012 780 non
3052 726 3212 797 quasi
3250 726 3456 798 aliquid

1879 816 2028 872 aliud
2064 816 2119 871 in
2156 817 2368 872 sanctis
2400 818 2615 885 operari
2646 819 2853 887 possit,
2886 832 3048 889 quam
3079 818 3225 890 quod
3255 830 3310 875 et
3343 820 3460 891 ipse

1877 906 2039 976 cujus
2078 915 2133 962 et
2169 917 2252 962 est
2296 915 2351 961 et
2388 906 2595 962 dicitur
2637 907 2900 977 Spiritus.
2930 910 3087 977 Quod
3125 921 3308 967 autem
3340 911 3461 982 ipse

1877 994 2049 1051 Filius
2094 994 2415 1053 Paracletus
2473 1008 2830 1069 nuncupetur
2875 1007 2930 1053 et
2989 999 3106 1064 sit,
3166 1001 3461 1057 testabitur

1875 1085 2119 1142 Joannes
2152 1088 2405 1144 scribens
2442 1106 2453 1140 :
2503 1108 2521 1139 ι
2555 1089 2679 1144 llmc
2708 1090 2834 1144 dico
2857 1129 2872 1155 ,
2909 1090 3134 1161 inquit,
3179 1092 3364 1156 vobis,
3400 1101 3461 1147 ut

1880 1195 1987 1235 non
2021 1181 2283 1250 peccetis.
2319 1180 2424 1236 Sed
2457 1189 2509 1235 et
2540 1182 2586 1237 si
2617 1184 2743 1253 quis
2768 1185 3101 1252 peccaverit,
3130 1184 3458 1240 advocatum

1880 1270 2145 1326 habemus
2184 1271 2330 1341 apud
2370 1270 2588 1327 Patrem
2638 1270 2827 1329 Jesum
2879 1272 3160 1328 Christum
3201 1274 3457 1343 justum:

1879 1373 1932 1415 et
1981 1361 2100 1431 ipse
2148 1372 2232 1418 est
2287 1364 2607 1433 pr0pitiatio
2659 1379 2759 1433 pro
2809 1366 3051 1434 peccatis
3100 1366 3311 1424 nostris
3333 1366 3400 1422 "’.
3435 1385 3454 1419 ι

1878 1452 2057 1505 Alium
2094 1453 2280 1523 itaque
2318 1452 2665 1507 Paraclctum
2702 1453 2970 1524 Spiritum
3004 1467 3205 1524 vocat,
3246 1459 3303 1513 in
3332 1473 3463 1528 pro-

1880 1543 1996 1611 pria
2033 1544 2255 1614 quidem
2309 1544 2592 1615 hypostasi
2641 1546 2830 1601 volens
2870 1562 2994 1602 eum
3053 1547 3323 1619 intelligi,
3363 1549 3461 1621 qui

1881 1643 2092 1688 tantam
2144 1647 2325 1690 tamen
2374 1652 2496 1692 cum
2560 1637 2680 1707 ipso
2738 1639 3165 1695 similitudinem
3222 1641 3459 1709 habeat,

1882 1734 2105 1795 tamque
2132 1741 2228 1796 per
2254 1727 2441 1781 omnia
2486 1728 2651 1781 simili
2683 1730 2903 1785 ratione
2937 1731 3152 1801 operari
3185 1732 3362 1802 possit
3396 1748 3462 1788 ea

1816 1818 1856 1874 Β
1886 1833 2008 1889 qua:
2054 1825 2108 1873 et
2141 1818 2255 1889 ipse
2286 1826 2549 1889 operatur
2573 1861 2587 1887 ,
2623 1828 2680 1891 ut
2710 1821 2877 1892 διο
2913 1822 3030 1894 ipse
3058 1822 3309 1879 videatur
3338 1839 3463 1881 esse

1873 1909 2067 1974 Filius,
2104 1924 2167 1964 ac
2196 1909 2335 1963 nihil
2368 1910 2537 1965 aliud.
2569 1912 2812 1982 Spiritus
2841 1914 2987 1968 enim
3014 1916 3136 1985 ejus
3166 1924 3271 1971 est.
3301 1914 3462 1973 Unde

1873 2002 2124 2057 veritatis
2176 1999 2444 2072 Spiritum
2479 2003 2634 2058 illum
2672 2006 3010 2070 nominavit,
3042 2008 3286 2078 seipsum
3317 2011 3462 2064 veri-

1873 2101 2039 2149 tatem
2075 2110 2198 2150 csse
2230 2094 2445 2151 dicens.
2478 2097 2545 2150 At
2576 2095 2723 2152 enim
2761 2096 2832 2152 iis
2860 2097 2952 2168 qui
2986 2096 3183 2152 Filium
3219 2112 3247 2151 a
3283 2096 3375 2153 Dei
3406 2106 3461 2153 ct

1871 2184 2051 2241 Patris
2086 2187 2396 2242 substantia
2435 2186 2678 2242 alienum
2721 2203 2846 2243 esse
2880 2196 3081 2258 putant
3110 2228 3125 2252 ,
3157 2189 3283 2258 jure
3312 2189 3462 2245 dicet

1874 2278 2108 2349 aliquis:
2150 2278 2443 2345 Quomodo
2468 2320 2483 2345 ,
2526 2296 2752 2349 quaeso,
2790 2282 3042 2336 veritatis
3078 2278 3369 2352 Spiritum,
3404 2282 3461 2337 id
3524 2338 3525 2341 η

1872 2379 1958 2425 est
1987 2369 2140 2436 Filii,
2172 2372 2266 2427 dat
2294 2369 2495 2439 Pater,
2525 2386 2635 2426 non
2672 2379 2934 2443 tanquam
2974 2373 3324 2443 peregrinum
3366 2381 3462 2431 aut

1874 2460 2134 2524 alienum,
2168 2459 2262 2514 sed
2289 2466 2346 2512 ut
2370 2459 2650 2529 proprium
2680 2459 2975 2530 Spiritum,
3001 2476 3126 2515 cum
3154 2461 3460 2517 secundum

1874 2568 1971 2606 vos
2000 2551 2319 2606 distinctum
2369 2551 2563 2606 habeat
2611 2567 2642 2605 a
2681 2567 2781 2606 sua
2819 2552 3132 2608 substantia
3168 2550 3414 2609 Verbum
3439 2591 3458 2620 ,

1875 2644 1991 2698 sive
2019 2642 2238 2706 Filium,
2266 2650 2321 2698 et
2361 2642 2626 2712 Spiritum
2658 2658 2782 2699 esse
2812 2641 2937 2697 Filii
2973 2645 3160 2700 nullus
3194 2644 3456 2716 ambigat.

1875 2734 2087 2791 Rursus
2120 2752 2249 2791 vero
2290 2736 2569 2807 quomodo
2594 2778 2609 2804 ,
2650 2736 2698 2792 si
2732 2736 2961 2793 alterius
3003 2746 3091 2793 est
3130 2738 3461 2795 substantiae

1874 2833 2072 2900 Filius,
2105 2832 2286 2890 Patris
2322 2834 2594 2904 Spiritum
2640 2834 2809 2890 tradit
2856 2842 2915 2889 ut
2941 2834 3145 2889 suum?
3176 2834 3460 2907 Scriptum

1873 2934 1959 2980 est
1985 2925 2135 2979 enim
2167 2923 2479 2979 insumasse
2501 2924 2792 2994 discipulis
2832 2924 2971 2989 suis,
3002 2922 3263 2991 dicendo,
3299 2944 3319 2978 ι
3346 2924 3461 2980 Ac--

1874 3018 2040 3089 cipite
2062 3016 2327 3088 Spiritum
2356 3026 2605 3072 sanctum
2623 3017 2724 3073 η.»
2752 3015 3033 3087 Numquid
3050 3032 3186 3089 ergo
3206 3017 3331 3088 jure
3356 3033 3460 3087 pe-

193 3114 355 3185 Λόγον
384 3114 522 3187 πρὸς
556 3116 647 3169 τὸν
684 3116 843 3180 Tibv,
876 3117 971 3170 καὶ
1005 3115 1136 3169 Υίοῦ
1158 3115 1219 3169 τὸ
1254 3115 1480 3187 Πνεῦμά
1514 3117 1773 3185 ὲστιν;οὐ

1879 3109 2017 3162 tabit
2039 3108 2240 3178 aliquis
2267 3150 2281 3175 ,
2312 3111 2422 3163 imo
2445 3123 2575 3162 vero
2608 3107 2840 3164 ﬁrmiter
2868 3107 3057 3163 credet
3083 3147 3097 3172 ,
3130 3123 3257 3163 cum
3292 3118 3460 3164 natu-

193 3207 296 3280 γὰρ
343 3209 425 3263 ὄτι
475 3208 801 3280 ἀμφίλογον.
851 3209 976 3272 Πῶς
1004 3209 1060 3263 δὲ
1093 3204 1160 3262 αῦ
1205 3208 1391 3274 πάλιν,
1438 3210 1597 3281 είπερ
1630 3210 1776 3263 ἐστὶν

1880 3200 2076 3254 ralium
2112 3199 2205 3254 Dei
2238 3214 2302 3254 ac
2334 3198 2516 3254 Patris
2548 3199 2821 3255 bonorum
2856 3199 3301 3256 substantialiter
3329 3216 3462 3271 par-

193 3298 527 3370 ἑτεροούσιος
546 3301 572 3352 6
594 3299 745 3365 Υἱὸς,
765 3300 826 3353 τὸ
855 3299 950 3352 τοῦ
973 3298 1185 3370 Πατρὸς
1219 3298 1442 3369 Πνεῦμα
1461 3298 1673 3353 δίδωσιν
1701 3299 1778 3364 ὡς

193 3388 408 3454 ἐαυτοῦ;
428 3390 748 3460 Γέγραπται
778 3390 886 3462 γὰρ
905 3390 987 3444 ὅτι
1016 3389 1320 3460 ἐνεφύσησε
1341 3392 1452 3454 τοῖς
1485 3389 1775 3462 μαθηταῖς,

194 3475 358 3547 λέγων
382 3497 396 3511 ·
431 3500 450 3532 ι
481 3482 693 3534 Λάϐετε
730 3480 958 3552 Πνεῦμα
984 3481 1157 3551 ἅγιον.
1202 3499 1221 3532 ι
1250 3476 1376 3553 Ἆρ’
1406 3476 1500 3536 οὖν
1532 3481 1631 3535 οὐκ
1662 3482 1778 3552 οίή-

197 3573 340 3625 σεταί
394 3590 479 3636 τις
514 3573 613 3626 καὶ
657 3570 806 3645 μάλα
858 3573 1102 3639 δικαίως,
1136 3571 1337 3640 μᾶλλον
1388 3572 1444 3626 δὲ
1494 3572 1779 3645 ἀραρότως

194 3662 525 3719 διακείσεται
556 3665 661 3726 ὅτι.
696 3665 806 3720 τῶν
855 3666 947 3720 τοῦ
979 3664 1116 3719 Θεοῦ
1155 3667 1251 3720 καὶ
1283 3665 1497 3738 Πατρὸς
1533 3665 1779 3736 φυσικῶν

195 3743 407 3823 ἀγαθῶν
447 3756 731 3828 οὐσιωδῶς
772 3755 1034 3828 ὑπάρχων
1064 3755 1340 3820 κοινωνὸς,
1364 3757 1392 3809 6
1420 3755 1546 3819 Tib;
1578 3755 1691 3826 ἔχει
1719 3755 1779 3808 τὸ

196 3845 412 3917 Πνεῦμα
441 3847 591 3901 κατὰ
609 3847 798 3901 τοῦτον
827 3847 917 3901 τὸν
942 3845 1143 3919 τρόπον
1176 3846 1482 3917 καθ’ὂνπερ
1516 3846 1580 3900 ἂν
1606 3847 1780 3900 νοοῖτο

198 3936 286 3989 καὶ
315 3938 343 3989 6
372 3937 593 4008 Πατὴρ,
616 3937 717 3991 οὐκ
744 3937 980 3992 ἐπακτὸν
1009 3937 1128 3991 οὐδὲ
1166 3936 1385 4002 ἔξωθεν·
1417 3936 1613 4008 εὔηθες
1645 3936 1776 4006 γὰρ,

200 4028 390 4098 μᾶλλον
433 4030 492 4083 δὲ
545 4028 773 4100 μανικὸν
829 4029 891 4083 τὸ
940 4028 1082 4083 οὑτω
1141 4032 1357 4101 φρονεῖν
1384 4072 1398 4096 ,
1440 4029 1557 4083 ἀλλ’
1590 4029 1779 4101 ὥσπερ

196 4120 344 4190 ἡμῶν
390 4122 631 4186 ἕκαστος
668 4122 728 4175 τὸ
781 4122 909 4178 ῐδιον
958 4123 1017 4176 ὲν
1059 4122 1239 4194 ἑαυτῷ
1268 4123 1487 4193 πνεῦμα
1545 4124 1776 4193 συνέχει,

197 4216 286 4269 καὶ
314 4217 376 4269 ὲκ
430 4215 547 4271 τῶν
575 4215 876 4270 ὲνδοτάτων
927 4213 1254 4285 σπλάγχνων
1299 4216 1377 4279 είς
1405 4214 1466 4267 τὸ
1502 4214 1608 4279 ἔξω
1645 4233 1779 4288 προ-

198 4306 325 4374 χέει.
392 4306 495 4361 Διὰ
525 4305 637 4377 γάρ
674 4323 754 4359 τοι
807 4305 967 4358 τοῦτο
1010 4303 1339 4375 σωματικῶς
1391 4304 1723 4376 ἐνεφύσησεν
1753 4306 1781 4359 ό

199 4391 444 4462 Χριστὸς,
479 4393 700 4457 δεικνὺς
737 4393 821 4447 ὅτι
875 4392 1129 4464 καθάπερ
1159 4394 1224 4446 ὲκ
1258 4392 1524 4463 στόματος
1565 4392 1659 4446 τοῦ
1688 4396 1783 4448 ἀν-

1877 3290 2054 3359 ticeps
2085 3290 2155 3344 sit
2193 3288 2368 3344 Filius
2394 3328 2410 3354 ,
2465 3288 2659 3361 [eum]
2695 3288 2963 3360 Spiritum
2992 3304 3057 3345 eo
3090 3289 3256 3349 modo
3307 3289 3461 3363 [quo

1878 3387 1935 3436 et
1972 3378 2173 3451 Pater]
2208 3379 2410 3434 habere
2439 3390 2716 3446 censetur,
2750 3396 2857 3435 non
2883 3379 3248 3435 adventitium
3283 3397 3463 3451 neque

1880 3470 2225 3525 extrinsecus
2249 3510 2265 3536 ,
2314 3467 2474 3522 furor
2503 3470 2651 3523 enim
2686 3477 2771 3524 est
2807 3469 2883 3524 ita
2923 3471 3128 3524 sentire
3157 3486 3172 3533 ;
3214 3468 3311 3524 sed
3346 3484 3460 3539 quo

1879 3561 2043 3616 modo
2075 3561 2459 3631 unusquisque
2488 3568 2741 3615 nostrum
2781 3551 2953 3615 suum'
2988 3560 3044 3615 in
3085 3560 3272 3630 seipso
3300 3560 3463 3630 spiri-

1880 3659 1997 3708 tum
2041 3652 2318 3717 continet,
2366 3659 2420 3705 et
2452 3666 2519 3705 ex
2551 3650 2763 3705 intimis
2797 3650 3108 3707 visceribus
3139 3650 3290 3705 foras
3324 3666 3463 3718 pro-

1881 3744 2098 3800 fundit?
2124 3743 2335 3799 Idcirco
2366 3742 2511 3797 enim
2543 3742 2799 3797 Christus
2831 3740 3130 3798 insnlﬂavit
3152 3742 3461 3812 corporali-

1881 3845 1966 3892 ter
1989 3875 2003 3900 ,
2038 3832 2333 3892 ostendens
2362 3833 2513 3904 quod
2554 3834 2697 3888 sicut
2726 3847 2793 3888 ex
2825 3848 2922 3887 ore
2953 3832 3197 3887 humano
3230 3832 3463 3902 spiritus

1882 3930 2066 4000 prodit
2109 3927 2475 3998 corporaliter
2505 3967 2521 3993 ,
2574 3926 2657 3981 sic
2707 3932 2764 3981 et
2810 3941 2877 3981 ex
2926 3925 3112 3981 divina
3153 3924 3463 3981 substantia

1883 4021 2071 4076 deitati
2104 4021 2499 4075 convenienter
2527 4016 2767 4089 Spiritus
2794 4056 2809 4082 ,
2842 4018 2933 4087 qui
2975 4034 3043 4072 ex
3082 4033 3147 4072 eo
3176 4025 3257 4072 est
3287 4056 3299 4080 ,
3336 4032 3465 4087 pro-

1883 4113 2151 4168 funditur.
2184 4111 2320 4167 Cum
2354 4126 2487 4183 ergo
2520 4109 2760 4182 Spiritus
2796 4111 2914 4180 ipse
2961 4109 3053 4165 Dei
3087 4109 3270 4167 Patris
3300 4111 3370 4166 sit
3399 4125 3465 4167 ac

1883 4205 2048 4271 Filii,
2083 4201 2362 4275 quomodo
2397 4219 2507 4258 non
2537 4218 2702 4257 unam
2743 4202 2976 4257 omnino
3008 4202 3289 4259 habebunt
3328 4204 3465 4258 sub-

1884 4297 2142 4352 stantiam
2172 4306 2228 4352 et
2255 4297 2517 4353 distincte
2554 4295 2716 4351 simul
2758 4301 2924 4366 atque
2950 4294 3329 4365 coniunctim?
3358 4295 3464 4349 Pa-

1883 4398 1970 4444 ter
2000 4389 2149 4443 enim
2198 4386 2361 4445 Pater
2389 4395 2473 4444 est
2499 4428 2516 4454 ,
2555 4403 2621 4442 ac
2670 4402 2780 4443 non
2832 4387 3006 4442 Filius
3031 4427 3045 4451 ,
3081 4395 3137 4441 et
3177 4385 3350 4442 Filius
3380 4396 3467 4441 est.

202 4481 468 4552 θρωπίνου
506 4484 728 4556 πρόεισι
756 4484 819 4538 τὸ
876 4485 1095 4555 πνεῦμα
1128 4484 1479 4555 σωματικῶς,
1518 4484 1660 4539 οὑτω
1690 4486 1776 4539 καὶ

1887 4482 2064 4538 Filius
2090 4523 2105 4547 ,
2147 4496 2213 4536 ac
2247 4497 2356 4537 non
2394 4480 2577 4536 Pater.
2609 4480 3003 4539 Verumtamen
3032 4479 3199 4535 Pater
3234 4480 3289 4535 in
3324 4478 3468 4535 Filio

202 4573 260 4627 ὲκ
289 4575 387 4645 τῆς
431 4575 601 4643 θείας,
625 4576 812 4640 οὐσίας
841 4575 1164 4649 θεοπρεπῶς
1196 4577 1479 4646 προχεῖται
1511 4575 1571 4629 τὸ
1593 4575 1649 4642 ἐξ
1689 4576 1787 4629 αὐ-

201 4666 452 4722 τοῦ.Ὄτε
474 4669 663 4723 τοίνυν
694 4668 826 4722 αὐτὸ
850 4669 911 4722 τὸ
931 4669 1156 4740 Πνεῦμα
1183 4668 1276 4722 τοῦ
1308 4685 1366 4721 τε
1397 4667 1533 4721 Θεοῦ
1564 4669 1658 4721 καὶ
1674 4670 1788 4724 Πα⁴

203 4758 319 4829 τρός
355 4762 507 4815 ἐστιν
560 4762 789 4815 καὶτοῦ
838 4761 1010 4826 Υίοῦ,
1044 4761 1161 4825 πῶς
1209 4761 1331 4832 οὐχ).
1382 4762 1600 4826 πάντως
1656 4762 1786 4833 μίαν

202 4849 371 4915 ἕξουσι
413 4853 517 4924 τὴν
551 4853 805 4919 ἐξουσίαν
851 4852 1196 4927 διῃρημένως
1231 4870 1290 4906 τε
1321 4853 1436 4924 ἅμα
1460 4855 1555 4908 καὶ
1581 4872 1788 4925 συνημ-

205 4942 368 5014 μένως
391 4962 406 5010 ;
430 4946 630 5016 Πατὴρ
659 4945 833 5018 γὰρ,ό
869 4946 1059 5015 Πατὴρ
1089 4946 1184 4999 καί⁹
1208 4945 1306 5015 οὐχ
1339 4944 1488 5010 Υἱὸς,
1513 4947 1606 5000 καὶ
1634 4947 1786 5012 Υἱὸς,

202 5032 227 5083 6
258 5032 378 5098 Υἱὸς
414 5035 511 5088 καὶ
546 5035 669 5105 οὐχὶ
701 5035 911 5106 Πατήρ.
965 5034 1113 5104 Πλὴν
1145 5035 1173 5087 6
1216 5034 1399 5106 πατὴρ
1431 5036 1489 5087 ἐν
1520 5035 1655 5106 Υίῷ,
1694 5039 1790 5092 καὶ

205 5119 232 5171 6
272 5119 395 5186 Tib;
452 5125 511 5177 ὲν
569 5123 765 5195 Πατρί.
804 5124 999 5177 Δίδωσί
1041 5141 1104 5193 γε
1155 5123 1261 5195 μὴν
1291 5123 1380 5177 τὸν
1407 5125 1785 5195 Παράκλητον,

205 5209 313 5279 ἦτοι
332 5213 392 5266 τὸ
413 5214 648 5284 Πνεῦμα
671 5214 735 5268 τὸ
767 5213 942 5285 ἆγιον,
972 5216 1073 5269 οὐκ
1110 5215 1216 5287 ἰδίᾳ
1258 5216 1356 5286 μὲν
1386 5217 1415 5269 6
1444 5215 1656 5288 Πατὴρ,
1684 5218 1792 5291 ἰδία

203 5299 253 5355 δὲ
281 5304 484 5372 όΥἱὸς,
527 5308 851 5377 χορηγεῖται
898 5306 955 5360 δὲ
1003 5307 1201 5377 μᾶλλον
1251 5309 1365 5372 τοῖς
1408 5306 1583 5377 ἁγίοις
1634 5309 1789 5382 παρὰ

203 5392 405 5466 Πατρδς
435 5397 507 5451 δι’
550 5397 707 5452 Υίοῦ.
751 5397 850 5452 Διὰ
888 5397 996 5471 γάρ
1017 5415 1100 5452 τοι
1123 5399 1302 5465 τοῦτο,
1341 5398 1539 5453 διδόναι
1562 5399 1788 5472 λεγομέ-

203 5500 286 5537 νου
316 5486 410 5540 τοῦ
441 5487 686 5559 Πατρδς,
717 5490 745 5541 6
784 5490 852 5542 δι’
886 5485 948 5542 οὐ
974 5491 1045 5544 τὰ
1100 5491 1277 5545 πάντα
1325 5490 1540 5545 δίδωσιν
1567 5493 1595 5545 ό
1620 5492 1747 5557 Υἱός
1771 5510 1785 5524 ·

207 5579 313 5647 καὶ,
343 5579 550 5635 διδόναι
599 5580 892 5654 λεγομένου
941 5582 1037 5636 τοῦ
1069 5583 1222 5649 Υἱοῦ,
1253 5586 1282 5638 6
1322 5584 1382 5650 ἐξ
1415 5579 1475 5641 οὗ
1512 5585 1581 5641 τὰ
1610 5587 1789 5643 πάντα

276 5755 319 5788 ⁸⁸
408 5754 576 5812 Joan.
626 5770 698 5821 ιι,
732 5756 781 5811 1.
859 5758 904 5790 ⁵⁰
945 5755 1104 5817 Joan.
1134 5775 1226 5825 χι,
1255 5760 1345 5817 22.

1887 4586 1943 4632 ct
1973 4575 2145 4631 Filius
2176 4584 2262 4631 est
2301 4576 2356 4630 in
2391 4576 2572 4630 Patre.
2621 4575 2721 4631 Dat
2763 4591 2893 4631 vero
2931 4573 3275 4643 l’aracletum
3300 4615 3314 4639 ,
3351 4574 3469 4629 sive

1892 4668 2155 4740 Spiritum
2203 4676 2488 4735 sanctum,
2538 4683 2648 4722 non
2698 4669 2929 4725 seorsim
2983 4667 3209 4740 quidem
3257 4665 3421 4722 Pater
3449 4705 3466 4732 ,

1889 4763 2124 4820 seorsim
2154 4777 2284 4817 vero
2309 4759 2502 4826 Filius,
2534 4761 2628 4817 sed
2663 4762 2843 4832 potius
2876 4760 3083 4815 sanctis
3116 4775 3145 4813 a
3177 4758 3338 4814 Patre
3362 4766 3470 4812 tra-

1888 4855 2037 4911 ditur
2067 4870 2165 4926 per
2199 4853 2419 4909 Filium.
2470 4851 2685 4908 Idcirco
2731 4854 2877 4908 enim
2903 4892 2917 4913 .
2962 4866 3087 4906 cum
3138 4848 3295 4904 Pater
3336 4848 3470 4905 dare

1890 4948 2094 5003 dicitur
2115 4987 2129 5010 ,
2167 4946 2214 5001 is
2247 4960 2346 5017 per
2371 4960 2533 5016 quem
2566 4944 2748 5000 omnia
2780 4942 3085 5010 ,traduntur
3120 4940 3215 4994 dat
3249 4955 3471 5011 quoque

1892 5038 2064 5093 Filius
2091 5045 2213 5104 :-et,
2248 5051 2373 5091 cum
2409 5036 2616 5091 dicitur
2647 5035 2779 5090 dare
2807 5032 3002 5095 Filius,
3040 5030 3088 5086 is
3118 5045 3185 5084 ex
3209 5046 3319 5101 quo
3348 5046 3470 5085 om—

1891 5132 1980 5187 nia
2005 5132 2099 5186 dat
2130 5130 2312 5185 Pater.
2342 5128 2498 5196 Quod
2531 5135 2712 5182 autem
2745 5124 2968 5180 divinus
2997 5138 3061 5178 ac
3092 5137 3201 5176 nun
3239 5121 3470 5187 diversa:

1891 5225 1961 5280 ab
1991 5224 2112 5294 ipso
2138 5221 2303 5277 Patre
2332 5232 2385 5277 ct
2413 5220 2551 5275 Filio
2582 5217 2905 5274 substantiae
2940 5218 3013 5271 sit
3049 5211 3289 5284 Spiritus
3311 5251 3326 5276 ,
3366 5229 3468 5267 ne-

1891 5316 2027 5372 mini
2077 5330 2225 5371 sanze
2257 5313 2458 5369 mentis
2486 5311 2714 5367 dubium
2751 5323 2875 5363 esse
2908 5315 3072 5377 puto,
3105 5312 3271 5375 atque
3322 5312 3382 5358 ut
3417 5305 3467 5359 id

1896 5407 2192 5463 credamus
2212 5405 2355 5459 ratio
2377 5400 2692 5458 necessaria
2723 5411 2830 5453 nos
2858 5396 3061 5467 adiget.
3094 5393 3151 5449 Si
3176 5394 3299 5465 quis
3321 5394 3469 5447 enim

1893 5514 2018 5556 eum
2051 5514 2115 5554 ex
2147 5497 2455 5553 substantia
2491 5492 2585 5548 Dei
2613 5504 2736 5546 esse
2770 5495 2968 5562 negat,
3009 5485 3285 5559 quomodo
3316 5498 3475 5540 crea-

1895 5596 2017 5645 tura
2053 5588 2273 5645 demum
2311 5587 2418 5643 crit
2458 5583 2551 5640 Dei
2593 5580 2871 5653 particeps
2896 5618 2913 5649 ,
2942 5586 3173 5653 accepto
3221 5574 3428 5648 Spiritu
3451 5572 3480 5629 τ
