3992 6316
503 319 608 378 9.59

1467 318 1525 373 S.
1568 315 1845 374 CYRILLI
1886 314 2357 372 ALEXANDlllNI
2397 315 2719 373 ARCHIEP.

3673 313 3789 369 ‘260

503 432 908 504 Autquomodo
937 432 1137 504 templa
1175 431 1265 489 Dei
1296 432 1744 500 nuncupabitnur
1767 438 1822 485 et
1849 432 2077 497 erimus,

2186 433 2446 486 δίδωσινὸ
2470 433 2678 505 Πατήρ.
2711 433 2835 485 Ὅτι
2862 430 2917 484 δὲ
2951 428 3096 483 θεῖόν
3119 445 3176 481 τε
3215 426 3308 481 καὶ
3332 425 3392 479 τὸ
3418 425 3651 498 Πνεῦμα
3688 431 3788 484 καὶ

505 530 551 582 si
586 537 834 583 creatum
871 535 964 580 aut
997 526 1363 596 alienigenam
1413 525 1666 594 spiritum
1710 523 2087 592 accipiamus,

505 638 616 677 non
649 627 828 674 autem
863 619 1014 672 illum
1057 619 1151 687 qui
1200 633 1264 672 ex
1308 615 1418 670 Deo
1447 617 1574 670 est?
1605 614 1897 680 Quomodo
1929 621 2090 667 natu-

504 729 579 768 rae
621 713 820 767 divinae
864 718 1154 764 consortes
1199 709 1244 740 ³⁵
1274 747 1288 770 ,
1351 709 1506 776 juxta
1563 717 1882 766 sanctorum
1931 720 2092 761 voces

503 807 632 877 [qui
657 803 897 874 Spiritus
917 803 1216 873 participes
1243 802 1380 855 ﬁunt
1405 800 1520 873 ⁵⁸],
1551 801 1597 854 si
1629 800 1684 854 in
1710 807 2090 854 creaturarum

501 908 735 949 tiumero
768 894 1074 948 collocatur
1098 933 1114 959 ,
1165 908 1230 947 ac
1271 909 1380 948 non
1411 894 1598 964 potius
1638 908 1705 948 ex
1745 892 1867 962 ipsa
1895 901 2093 946 natura

499 987 662 1056 811
701 985 888 1040 divina
916 985 1191 1055 procedit,
1212 986 1304 1054 qui
1337 1000 1446 1038 non
1473 996 1532 1038 ut
1554 985 1772 1038 alienus
1798 998 1894 1053 per
1917 983 2092 1052 ipsam

503 1079 556 1131 in
600 1093 700 1132 nos
738 1077 1014 1148 pervenit,
1059 1075 1179 1142 sed,
1208 1085 1269 1130 ut
1308 1079 1386 1130 ita
1425 1075 1891 1144 dicam,qualitas
1925 1075 2093 1129 veluti

502 1171 752 1240 quamam
805 1170 1031 1224 deitatis
1059 1177 1146 1225 est
1179 1169 1234 1223 in
1281 1168 1461 1233 nobis,
1515 1174 1570 1223 et
1602 1168 1654 1221 in
1687 1166 1898 1223 sanctis
1934 1166 2096 1221 habia

503 1271 604 1325 tat,
649 1269 942 1331 manetque.
992 1277 1229 1332 semper,
1262 1260 1308 1315 si
1357 1276 1471 1315 sua:
1517 1260 1717 1314 mentis
1754 1260 1974 1314 oculum
1996 1275 2093 1330 per

503 1369 666 1408 omne
687 1353 975 1422 probitatis
995 1367 1170 1422 genus
1191 1359 1511 1422 purgantes,
1538 1360 1592 1405 et
1609 1366 1705 1420 per
1722 1350 1946 1404 virtutis
1962 1351 2092 1420 juge

502 1455 558 1499 et
604 1445 944 1500 indefessum
990 1444 1233 1498 studium
1295 1445 1528 1514 gratiam
1571 1445 1676 1500 sibi
1731 1451 2087 1498 conservent.

502 1537 682 1606 Ipsum
706 1537 909 1607 quippe
931 1539 998 1591 ab
1029 1537 1103 1592 iis
1133 1537 1226 1607 qui
1253 1537 1308 1590 in
1341 1536 1545 1591 mundo
1567 1543 1699 1592 sunt
1723 1551 1822 1591 nec
1841 1537 1962 1606 capi
1987 1550 2091 1590 nec

501 1627 897 1699 comprehendi
943 1644 1110 1698 posse
1150 1630 1417 1685 Christus
1464 1629 1566 1691 ait,
1601 1629 1707 1683 hoc
1756 1637 1843 1684 est
1885 1629 1955 1683 iis
1994 1629 2088 1698 qui

501 1737 623 1792 qua:
661 1721 857 1776 mundi
909 1728 1040 1777 sunt
1078 1723 1305 1792 sapiunt
1363 1736 1428 1778 ac
1476 1729 1700 1776 terrena
1752 1719 1994 1791 diligunt
2016 1720 2085 1784 ⁸⁷,

2191 525 2290 594 οὐχ
2311 523 2646 595 ἑτεροούσιον
2675 525 2749 587 ὠς
2783 524 2921 594 πρὸς
2950 523 3111 578 αὐτόν
3151 521 3211 574 τὲ
3253 537 3395 590 φημι
3429 519 3520 572 τὸν
3561 521 3789 593 Πατέρα

2193 617 2286 670 καὶ
2314 618 2406 670 τὸν
2418 617 2757 681 Υἱὸν,οὺδενὶ
2781 617 2878 688 μὲν
2903 613 3054 686 οἶμαι
3085 616 3194 668 τῶν
3225 611 3282 668 εῦ
3305 614 3650 685 φρονούντων
3681 613 3788 668 ύπ-

2195 709 2388 780 άρχειν
2415 709 2736 781 ἀμφίϐολον,
2762 710 2857 763 καί
2886 709 3179 776 ἀναγκαῖος
3209 705 3266 759 δὲ
3302 707 3448 776 ἡμᾶς
3497 706 3790 760 ἀναπείσει

2192 800 2367 865 λόγος.
2396 803 2458 854 Ei
2485 801 2594 872 γὰρ
2621 801 2720 854 οὐκ
2749 798 2885 854 εἶναί
2911 817 2995 861 τις
3015 799 3145 852 αύτό
3184 816 3348 870 φησιν
3379 799 3442 850 ἑκ
3472 797 3570 868 τῆς
3595 798 3794 860 ούσίας

2191 891 2288 945 τοῦ
2345 891 2503 959 Θεοῦ,
2536 894 2655 956 πῶς
2694 892 2760 946 ἂν
2811 892 2897 962 εἴη
2931 891 3065 944 Θεοῦ
3122 891 3347 962 μέτοχος
3392 891 3425 960 ὴ
3459 891 3668 952 κτίσις,
3702 889 3792 942 ἔτι

2191 985 2431 1039 λαϐοῦσα
2460 985 2521 1038 τὸ
2551 985 2775 1056 Πνεῦμα
2799 1002 2812 1051 ;
2838 985 2996 1038 Κατὰ
3025 984 3145 1038 τίνα
3185 983 3240 1037 δὲ
3273 983 3476 1055 τρόπον
3500 984 3616 1036 ναοὶ⁵
3647 983 3791 1037 Θεοῦ

2193 1095 2298 1149 χρη
2309 1076 2612 1148 ματιοῦμεν
2645 1077 2739 1132 καὶ
2767 1076 3025 1147 ἐσόμεθα,
3057 1073 3273 1130 κτιστὸν
3302 1071 3334 1146 ἢ
3368 1072 3657 1145 ἀλλογενὲς
3688 1094 3792 1129 xo-

2197 1176 2478 1247 μιζόμενοι
2526 1173 2772 1247 Πνεῦμα,
2823 1176 2917 1230 καὶ
2963 1175 3080 1245 ούχι
3123 1173 3325 1245 μᾶλλον
3375 1172 3437 1226 τὸ
3487 1173 3552 1225 ὲκ
3605 1171 3788 1240 Θεοῦ;

2193 1269 2318 1332 Πῶς
2351 1269 2406 1321 δὲ
2429 1268 2577 1332 Θείας
2609 1268 2824 1338 φύσεως
2853 1267 3123 1332 κοινωνοὶ,
3162 1265 3305 1320 κατὰ
3326 1265 3426 1328 τὰς
3467 1265 3578 1317 τῶν
3610 1265 3790 1333 ἀγίων

2193 1360 2397 1430 φωνὰς,
2433 1361 2479 1413 oi
2525 1361 2842 1431 Πνεύματος
2879 1361 3119 1430 μέτοχοι,
3155 1359 3204 1410 εί
3231 1360 3343 1420 τοῖς
3393 1359 3644 1427 γενητοῖς
3694 1360 3787 1408 ἑνσ

2191 1453 2451 1524 αρίθμιόν
2480 1453 2629 1520 ἑστι,
2661 1454 2755 1507 καὶ
2789 1455 2912 1523 οὐχὶ
2956 1451 3156 1522 μᾶλλον
3197 1450 3254 1517 ἐξ
3305 1450 3475 1519 αὐτῆς
3509 1452 3641 1520 ἡμῖν
3686 1450 3790 1516 τῆς

2192 1543 2340 1606 θείας
2367 1543 2582 1613 φύσεως
2612 1544 2878 1614 πρόεισιν,
2900 1543 2960 1596 οὐ
2992 1541 3410 1611 διακονούμενον
3426 1541 3492 1593 δι’
3509 1541 3682 1609 αὐτῆς
3702 1541 3789 1604 εἰς
3881 1545 3886 1548 ’

2191 1637 2338 1707 ἡμᾶς
2354 1637 2428 1698 ῶς
2444 1634 2744 1706 ἀλλότριον,
2767 1635 2975 1696 ἀλλ’,ίν’
2990 1633 3162 1698 οῦτως
3178 1634 3338 1697 εἴπω,
3357 1633 3579 1703 ποιότης
3595 1633 3748 1687 ὥσπε
3755 1650 3789 1702 ρ

2190 1745 2274 1792 τις
2299 1729 2396 1800 τῆς
2423 1728 2672 1799 θεότητος
2701 1730 2758 1781 ὲν
2786 1729 2916 1798 ἡμῖν
2934 1727 3243 1797 γινόμενον,
3267 1725 3362 1779 καὶ
3388 1727 3445 1779 ἑν
3475 1729 3587 1790 τοῖς
3607 1726 3788 1791 ἁγίοις

503 1787 603 1870 sed
655 1829 684 1868 a
742 1815 952 1868 sanctis
1004 1787 1234 1883 capi-et
1270 1812 1509 1882 perspici
1546 1818 1749 1882 potest.
1781 1787 1956 1876 Quam
2016 1810 2077 1864 oh

2190 1821 2500 1885 κατοικοῦν,
2536 1819 2630 1874 καὶ
2662 1819 2934 1888 ἀπομένον
2977 1819 3064 1873 διὰ
3093 1819 3314 1882 παντὸς,
3349 1819 3396 1870 εί
3443 1819 3544 1888 τῆς
3572 1819 3784 1872 ἑαυτῶν

501 1906 763 1962 causam?
793 1903 875 1959 Illi
906 1906 1124 1984 quippe~
1145 1904 1466 1975 impuritate
1497 1919 1616 1974 qua
1639 1905 1728 1957 vix
1761 1903 1871 1959 elui
1913 1903 2088 1972 possit

502 1998 800 2069 inquinati,
850 2006 904 2051 et
962 1997 1198 2066 quadam
1258 1997 1423 2052 veluti
1482 1995 1819 2068 lippitudine
1875 1993 2086 2050 sull'uso

502 2091 700 2144 mentis
732 2089 920 2152 oculo,
953 2097 1165 2143 naturae
1214 2104 1328 2143 suae
1359 2087 1530 2144 decus
1563 2104 1674 2143 non
1715 2087 2083 2158 perspiciunt,

501 2199 680 2252 neque
721 2181 966 2254 Spiritus
1015 2182 1192 2251 legem
1239 2182 1544 2252 accipiunt,
1579 2182 1770 2236 carnis
1806 2181 2084 2248 cupidita-

503 2275 656 2330 tibus
713 2273 943 2329 omnino
991 2274 1212 2328 subacti
1251 2289 1265 2324 :
1304 2274 1359 2326 hi
1413 2289 1546 2328 vero
1597 2274 1754 2344 probi
1790 2280 1845 2327 et
1891 2272 2083 2335 sobrii,

501 2381 740 2420 vacuum
783 2365 974 2420 tnundi
1026 2365 1188 2419 malis
1241 2379 1337 2418 cor
1391 2365 1657 2420 habentes
1718 2362 2085 2418 introducunt

498 2459 719 2530 quidem
755 2459 809 2512 in
853 2472 912 2514 sc
969 2458 1117 2513 ultro
1173 2457 1543 2524 Pal-acletum,
1574 2473 1814 2528 cumque
1865 2463 2085 2512 servant

498 2560 844 2623 susceptum,
891 2563 947 2608 et
982 2559 1252 2622 quantum
1301 2551 1628 2606 hominibus
1661 2551 1886 2619 assequi
1934 2549 2081 2614 licet,

498 2645 779 2700 intellectu
844 2644 1335 2714 contemplautur,
1391 2660 1648 2715 magnum
1716 2643 1842 2698 inde
1900 2657 2084 2712 operte

497 2736 735 2805 pretium
790 2744 1160 2805 reportantes.
1199 2733 1585 2789 Sanctiﬁcabit
1628 2733 1774 2787 enim
1812 2747 1928 2799 eos,
1961 2747 2084 2784 om-

497 2825 767 2895 niumque
804 2825 970 2880 simul
1005 2827 1279 2880 bonorum
1310 2824 1553 2878 factores
1584 2825 1796 2889 reddet,
1842 2839 1927 2889 ac,
1967 2839 2084 2879 ser-

493 2920 687 2976 vitutis
741 2919 998 2975 humanm
1046 2920 1254 2991 probro
1333 2919 1614 2989 adempto,
1670 2919 1940 2988 dignitate
1987 2917 2083 2972 ad-

494 3011 745 3078 cptionis
776 3011 1018 3064 ornabit.
1054 3010 1225 3080 Cujus
1253 3010 1333 3064 rei
1359 3010 1520 3064 testis
1550 3009 1656 3064 erit
1688 3010 1844 3065 nobis
1878 3009 2081 3064 Paulus

2187 1907 2425 1971 διανοίας
2482 1907 2573 1961 τὸν
2628 1907 2908 1978 ὀφθαλμὸν
2959 1906 3047 1960 διὰ
3100 1905 3282 1977 πάσης
3308 1907 3610 1970 ἐπιεικείας
3658 1909 3786 1961 ἀπο·

2191 1998 2567 2068 καθαίροντες,
2595 1998 2691 2052 καὶ
2723 1997 2812 2052 διὰ
2846 2000 2944 2068 τῆς
2990 1999 3070 2061 είς
3104 2000 3283 2052 πᾶσαν
3313 1999 3514 2070 ἀρετὴν
3567 1999 3784 2052 ἀνενδό-

2188 2107 2280 2144 του
2317 2091 2554 2161 σπουδῆς
2585 2093 2902 2160 συντηροῖεν
2935 2092 3150 2154 ἑαυτοῖς
3172 2089 3270 2160 τὴν
3292 2091 3486 2161 χάριν;
3536 2092 3786 2163 Ἀχώρη-

2186 2199 2277 2236 τον
2315 2183 2411 2253 μὲν
2441 2182 2552 2253 γὰρ
2583 2182 2677 2235 καὶ
2713 2181 3024 2254 ἀθεώρητον
3057 2181 3189 2235 αὐτὸ
3209 2185 3334 2246 ’τοῖς
3375 2183 3434 2236 ἑν
3460 2183 3653 2254 κόσμῳ
3681 2201 3786 2252 φτι-

2166 2267 2275 2327 “σὶν
2313 2275 2341 2326 ὁ
2369 2273 2622 2346 Χριστὸς,
2648 2273 2793 2326 τοῦτ’
2821 2274 2935 2326 ἔστι
2966 2276 3080 2337 τοῖς
3103 2273 3172 2327 τὰ
3207 2275 3264 2328 ἐν
3299 2275 3489 2346 κόσμῳ
3520 2276 3784 2347 φρονοῦσι

2188 2367 2280 2418 καὶ
2327 2366 2550 2436 ἀγαπᾷν
2586 2365 2864 2433 ἑλομένοις
2893 2365 2961 2418 τὰ
3005 2364 3223 2433 ἐπίγεια
3249 2407 3262 2428 ,
3292 2366 3542 2437 χωρητόν
3573 2384 3636 2435 γε
3678 2367 3784 2438 μὴν

2187 2456 2280 2508 καὶ
2314 2455 2649 2509 εὐκάτοπτον
2705 2457 2818 2518 τοῖς
2866 2454 3060 2522 ἁγίοις.
3090 2454 3189 2508 Διὰ
3243 2455 3404 2508 ποίαν
3453 2456 3676 2523 αίτίαν;
3714 2457 3779 2510 υἱ

2189 2544 2288 2616 μὲν
2329 2545 2436 2615 γὰρ
2487 2545 2853 2598 δυσέκπλυτον
2885 2544 3102 2614 ἔχοντες
3129 2543 3229 2614 τὴν
3280 2544 3650 2615 ἀκαθαρσίαν,
3689 2545 3783 2597 καὶ

2185 2637 2366 2708 λήμης
2407 2636 2596 2708 ῶσπερ
2627 2636 2771 2700 τινὸς
2817 2637 2910 2690 τὸν
2952 2637 3154 2689 οἰκεῖον
3189 2635 3602 2706 ἀναπλήσαντες
3631 2637 3780 2704 νοῦν,

2184 2730 2244 2782 τὸ
2271 2730 2369 2800 τῆς
2422 2729 2573 2792 θείας
2624 2728 2842 2796 φύσεως
2879 2728 2939 2780 ού
2976 2727 3338 2800 περιαθροῦσι
3387 2727 3620 2794 κάλλος,
3655 2727 3781 2781 οὔτε

2188 2821 2294 2892 μὴν
2330 2821 2392 2874 τὸ
2434 2820 2529 2874 τοῦ
2566 2820 2704 2873 Πνεύ
2716 2837 2882 2890 ματος
2913 2820 3306 2891 καταδέχονται
3337 2819 3521 2888 νόμον,
3553 2820 3776 2892 όλοτρὸ-

2186 2931 2304 2976 πως
2341 2916 2451 2976 τοῖς
2483 2913 2581 2980 τῆς
2621 2912 2822 2982 σαρκὸς
2865 2911 3291 2983 τυραννούμενοι
3339 2913 3571 2966 πάθεσιν
3596 2931 3611 2946 ο
3648 2915 3698 2966 oi
3725 2911 3783 2966 δὲ

2185 3005 2380 3074 ἀγαθοὶ
2406 3005 2499 3059 καὶ
2521 3004 2802 3074 νηφαλέοι,
2836 3003 3202 3074 σχολάζουσαν
3228 3004 3337 3056 τῶν
3369 3006 3428 3059 ἐν
3463 3005 3658 3076 κόσμῳ
3679 3021 3780 3057 κα-

493 3103 686 3157 dicens
722 3121 734 3156 :
775 3121 792 3153 ι
832 3102 1107 3167 Quoniam
1149 3109 1332 3156 autem
1386 3102 1523 3158 estis
1575 3101 1694 3166 ﬁlii,
1727 3101 1880 3158 misit
1933 3101 2077 3158 Deus

2185 3099 2294 3154 κῶν
2322 3098 2534 3168 ἔχοντες
2557 3096 2656 3168 τὴν
2687 3096 2933 3166 καρδίαν,
2963 3095 3314 3161 εἰσοικίζουσι
3351 3096 3450 3166 μὲν
3476 3097 3533 3148 ὲν
3563 3097 3781 3160 ἑαυτοῖς

497 3192 769 3262 Spiritum
809 3193 935 3248 Filii
963 3195 1050 3250 sui
1093 3194 1149 3248 in
1198 3193 1367 3249 corda
1422 3201 1628 3260 vestra,
1685 3195 2015 3250 clamantem
2061 3214 2075 3252 :

491 3285 674 3352 Abba,
710 3285 874 3340 Pater
904 3286 972 3339 ⁵⁸.
1015 3304 1034 3336 ›

2189 3191 2430 3244 ἐθελοντὶ
2467 3189 2561 3242 τὸν
2610 3188 3004 3259 Παράκλητον,
3032 3187 3359 3252 διασώζουσι
3397 3188 3457 3241 δὲ
3499 3188 3780 3255 λαϐόντες,

2186 3284 2281 3338 καὶ
2336 3280 2566 3334 καθόσον
2601 3279 2908 3350 ἀνθρώποις
2963 3280 3215 3349 ἐφικτὸν,
3247 3279 3452 3350 νοητῶς
3483 3279 3778 3351 θεωροῦσι,

493 3377 628 3431 πολύ
667 3397 718 3432 τι
763 3379 859 3432 καὶ
909 3379 1071 3449 μέγα,
1116 3380 1210 3433 καὶ
1248 3380 1612 3452 ἀξιοζήλωτον
1665 3381 1914 3435 ἐντεῦθεν
1947 3379 2409 3452 ἀποκομιζόμενοι
2458 3376 2645 3445 γέρας.
2677 3375 3055 3446 Ἀγιάσειγὰρ
3117 3375 3335 3440 αὐτοὺς,
3397 3376 3490 3428 καὶ
3555 3377 3776 3430 πάντων

490 3469 627 3540 ὁμοῦ
658 3473 763 3524 τῶν
782 3470 1003 3539 ἀγαθῶν
1025 3472 1392 3535 ἀποτελεστὰς
1430 3473 1724 3539 ἀποδείξει,
1752 3475 1847 3528 καὶ
1861 3475 1921 3527 τὸ
1949 3474 2047 3545 μὲν
2079 3475 2176 3544 τῆς
2193 3466 2696 3541 ἀνθρωποπρεποῦς
2733 3467 2974 3530 δουλείας
3002 3461 3191 3537 αἶσχος
3218 3468 3370 3536 ἀφιεῖ
3403 3465 3512 3538 [γρ.
3538 3466 3778 3540 ἀφελεῑί,

490 3563 570 3634 τῷ
602 3563 658 3616 δὲ
695 3564 794 3634 τῆς
828 3565 1100 3629 υἱοθεσίας
1156 3565 1433 3635 ἀξιώματι
1502 3568 1810 3638 περιϐαλεῖ.
1858 3571 1971 3623 Καὶ
2023 3567 2370 3640 μαρτυρήσει
2445 3565 2622 3634 λέγων
2671 3565 2694 3616 5
2736 3562 2946 3626 Παῦλος
2971 3578 2983 3592 ·
3019 3581 3037 3613 ι
3077 3563 3201 3615 Ὄτ..
3255 3563 3312 3616 δέ
3347 3566 3467 3616 ἐστε
3523 3565 3653 3629 υἱοὶ,
3687 3564 3778 3640 ἐξ·

489 3656 806 3710 απέστειλεν
853 3659 881 3709 ὁ
932 3658 1063 3722 Θεὸς
1096 3664 1156 3712 τὸ
1195 3661 1419 3734 Πνεῦμα
1467 3663 1562 3716 τοῦ
1599 3665 1730 3718 Υίοῦ
1765 3666 1930 3719 αὐτοῦ
1968 3666 2048 3728 είς
2081 3665 2179 3728 τὰς
2207 3663 2437 3734 καρδίας
2466 3661 2641 3732 ὑμῶν,
2674 3659 2878 3730 κρᾶζον
2903 3677 2916 3690 ·
2971 3659 3162 3721 Ἀδδεί»
3197 3661 3225 3712 ὁ
3256 3661 3466 3731 Πατήρ·
3511 3663 3557 3713 ι’

562 3746 701 3814 XIV,
754 3749 837 3804 l8.
872 3749 992 3802 Non
1033 3750 1330 3821 relinquam
1385 3769 1475 3807 vos
1523 3753 1788 3821 orp/tanos
1823 3755 2074 3809 :vem’am

489 3836 559 3893 ad
587 3855 697 3892 vos.

557 3929 887 3985 Necessario
919 3945 1141 4002 quoque
1176 3946 1324 3988 nunc
1375 3931 1643 3988 Dominus
1674 3943 1860 3988 noster
1913 3931 2074 3988 Jesus

488 4021 742 4076 Christus
805 4021 874 4077 dc
925 4031 1118 4076 sancta
1165 4031 1219 4077 et
1277 4024 1740 4078 consubstantiali
1797 4023 2074 4079 Trinitate

489 4129 805 4168 sermonem
855 4115 1122 4170 contexit.
1172 4113 1293 4170 Jam
1327 4116 1474 4171 enim
1515 4116 1671 4187 prius
1711 4116 2073 4188 diligentibus

489 4223 571 4274 se,
603 4207 788 4262 allatis
828 4209 896 4262 ad
949 4208 1247 4264 certiorem
1312 4207 1474 4264 [idem
1527 4211 1712 4266 verbis
1765 4226 1830 4265 ac
1879 4210 2070 4274 rebus,

486 4299 732 4353 ostendit
770 4301 1075 4355 secundum
1121 4310 1379 4356 naturam
1410 4317 1470 4358 se
1509 4303 1682 4356 Deum
1733 4319 1881 4370 esse,
1916 4315 1970 4358 et
2003 4320 2070 4358 ex

489 4387 598 4441 Deo
625 4387 790 4442 Patre
818 4390 1092 4459 genitum,
1114 4392 1420 4462 eademque
1449 4408 1574 4446 cum
1609 4392 1704 4447 illo
1733 4393 1974 4463 potentia
2007 4408 2071 4449 ac

2254 3753 2374 3804 Οὐκ
2436 3748 2653 3819 ἀφήσω
2712 3747 2868 3817 ὑμᾶς
2928 3748 3274 3816 ὀρφανούς-⁸
3311 3748 3557 3817 ἔρχομαι
3625 3751 3777 3818 πρὸς

2176 3841 2354 3912 ὑμᾶς.

2263 3931 2606 4000 Ἀναγκαίως
2626 3931 2721 3985 καὶ
2750 3929 2845 3984 νῦν
2870 3933 2900 3985 ὁ
2930 3931 3133 4004 Κύριος
3155 3931 3313 4002 ἡμῶν
3345 3931 3552 4003 Ἰησοῦς
3580 3935 3609 3988 ὁ
3640 3935 3775 4006 Χρι-

2180 4026 2304 4090 στὸς
2333 4025 2424 4080 τὸν
2463 4025 2590 4096 περὶ
2636 4024 2736 4095 τῆς
2767 4023 2930 4092 ἁγίας
2974 4041 3035 4076 τε
3082 4024 3177 4076 καὶ
3216 4023 3502 4094 ὁμοουσίου
3539 4025 3771 4096 Τριάδος

2180 4119 2458 4189 ἑξυφαίνει
2511 4119 2690 4187 λόγον.
2732 4117 2949 4187 Δέδειχε
3016 4117 3115 4188 μὲν
3171 4118 3280 4188 γὰρ
3323 4117 3422 4188 ἤδη
3476 4117 3767 4189 πρότερον,

2180 4212 2448 4284 παραθεὶς
2489 4213 2570 4275 είς
2603 4210 2980 4282 πληροφορίαν
3003 4209 3197 4278 λόγους
3223 4227 3282 4262 τε
3311 4209 3405 4262 καὶ
3441 4211 3766 4280 πράγματα,

2175 4308 2288 4369 τοῖς
2311 4304 2599 4373 ἀγαπῶσιν
2633 4303 2816 4366 αὐτὸν,
2849 4302 2930 4354 ὅτι
2964 4319 3023 4354 τε
3055 4302 3149 4354 καὶ
3168 4301 3404 4372 ὑπάρχοι
3426 4302 3568 4354 κατά
3605 4304 3766 4370 φύσιν

2177 4396 2329 4462 Θεὸς,
2354 4395 2447 4449 καὶ
2491 4397 2555 4448 ἑκ
2597 4394 2733 4448 Θεοῦ
2760 4394 3084 4464 γεγέννηται
3116 4396 3354 4466 Πατρὸς,
3392 4395 3677 4464 ίσοσθενής
3704 4398 3764 4449 τέ

484 4479 772 4535 voluntate
821 4482 1135 4552 prteditum.
1176 4484 1393 4538 Idcirco
1451 4485 1596 4540 enim
1667 4486 1849 4540 aiebat
1907 4484 2072 4540 modo

2185 4489 2293 4540 ἔστι
2320 4487 2418 4541 καὶ¹
2451 4485 2769 4557 ίσογνὼμων
2787 4485 3072 4555 αὐτῷ.Διὰ
3103 4486 3212 4557 γὰρ
3249 4486 3407 4540 τοῦτο
3431 4489 3526 4540 καὶ
3557 4488 3764 4558 ἔφασκε

483 4571 706 4640 quidem
742 4589 755 4626 :
793 4591 812 4624 ι
847 4571 989 4640 Quia
1037 4589 1142 4645 ego
1193 4576 1340 4645 quod
1375 4575 1596 4645 loquor,
1630 4591 1660 4629 a
1701 4575 1912 4645 mcipso
1952 4591 2060 4630 non

485 4665 718 4733 loquor;
754 4684 772 4718 ι
808 4665 974 4720 modo
1003 4682 1135 4720 vero
1164 4682 1395 4722 rursus:
1435 4685 1452 4716 ι
1488 4667 1544 4720 Si
1571 4682 1681 4721 non
1715 4666 1860 4721 facio
1895 4682 2063 4736 opera

483 4753 662 4809 Patris
711 4756 839 4821 mei,
875 4758 1046 4813 nolite
1073 4758 1301 4813 credere
1338 4758 1472 4811 mihi
1509 4778 1520 4811 :
1555 4758 1639 4811 sin
1677 4767 1860 4812 autem
1896 4756 2060 4825 facio,

481 4856 534 4900 et
560 4847 606 4900 si
641 4849 774 4902 mihi
809 4865 918 4904 non
955 4849 1203 4914 creditis,
1239 4851 1504 4918 operibus
1535 4849 1669 4904 meis
1698 4849 1904 4904 credite
1937 4850 2002 4902 ⁵⁵³.
2037 4869 2056 4902 ι

483 4939 591 4996 Sed
641 4956 872 4997 necesse
899 4951 1020 4998 erat
1072 4953 1337 5012 prmterea
1373 4943 1438 4997 de
1473 4952 1664 4997 sancto
1701 4943 1822 5013 ipso
1851 4942 2060 5017 ’Spiritu

482 5040 630 5088 recte
682 5041 737 5089 et
789 5035 1074 5104 inculpate
1120 5036 1351 5088 sentire.
1397 5036 1494 5089 Sic
1553 5037 1699 5090 enim
1747 5037 2061 5091 auditorqu

482 5134 694 5181 mentes
747 5141 980 5196 prorsus
1031 5125 1098 5179 ad
1156 5141 1362 5179 rccuun
1410 5125 1534 5181 lidci
1584 5127 1856 5181 rationem
1900 5127 2063 5198 dirigi

480 5227 752 5289 poterant.
789 5217 930 5285 Quid
988 5234 1120 5288 ergo
1173 5233 1274 5272 nos
1329 5219 1495 5288 812
1527 5218 1788 5274 Christus
1837 5236 1901 5273 ex
1957 5220 2062 5274 hoc

479 5313 599 5367 loco
646 5311 864 5378 doceat,
891 5313 1082 5382 paucis
1120 5325 1422 5378 exponam.
1460 5312 1640 5365 Alium
1676 5311 1836 5367 nobis
1888 5327 1918 5365 a
1951 5311 2060 5365 Deo

477 5413 528 5456 ct
554 5402 717 5459 Patre
749 5403 978 5457 missum
1011 5403 1077 5455 iri
1113 5400 1326 5465 dicens,
1359 5401 1622 5472 singulari
1652 5403 1893 5458 consilio
1933 5403 2054 5458 ﬁdei

476 5495 1024 5550 doctrinam'lirmat.
1072 5490 1340 5545 Futurum
1375 5495 1520 5547 enim
1572 5504 1690 5548 erat
1742 5503 1820 5558 ut,
1859 5511 2054 5565 perpe-

478 5600 596 5640 ram
667 5585 874 5638 dictum
941 5583 1074 5638 illud
1137 5584 1357 5655 quidam
1414 5587 1732 5657 capientes,
1795 5596 2054 5658 putarent

2177 4579 2306 4632 ποτὲ
2343 4577 2441 4649 μέν
2470 4597 2486 4610 ’
2533 4599 2550 4632 ι
2584 4579 2705 4630 Ὅτι
2762 4578 2874 4646 ἑγὼ
2899 4577 2927 4630 ὃ
2967 4577 3133 4642 λαλῶ,
3169 4579 3264 4632 ἀπ’
3303 4578 3540 4648 ἐμαυτοῦ
3571 4581 3636 4632 ού
3670 4580 3762 4633 λα-

2175 4670 2272 4736 λῶ,
2300 4690 2317 4722 »
2349 4671 2479 4723 ποτὲ
2517 4670 2573 4723 δὲ
2607 4670 2766 4724 πάλιν
2796 4686 2808 4699 ⁸
2850 4689 2867 4721 ι
2911 4671 2974 4722 Εἰ
3005 4672 3065 4723 οὺ
3102 4670 3238 4723 ποιῶ
3264 4671 3332 4724 τὰ
3363 4671 3500 4742 ἔργα
3528 4670 3625 4723 τοῦ
3653 4674 3763 4726 Πι-

2174 4763 2305 4834 τρός
2341 4779 2463 4832 μου,
2503 4763 2577 4834 μὴ
2633 4763 2919 4816 πιστεύετέ
2954 4778 3076 4834 μοι’
3111 4764 3160 4815 εί
3203 4762 3260 4816 δὲ
3292 4762 3452 4827 ποιῶ,
3486 4761 3590 4816 κᾶν
3642 4763 3764 4832 ἐμοὶ

2179 4854 2255 4927 μὴ
2289 4854 2579 4925 πιστεύητε
2607 4897 2620 4920 ,
2651 4859 2762 4918 τοῖς
2809 4855 2992 4926 ἔργοις
3053 4873 3156 4925 μου
3192 4853 3500 4910 πιστεύετε.
3547 4873 3567 4905 ι
3620 4855 3761 4907 Ἀλλ’

2165 4943 2233 5018 ἧν
2281 4948 2372 5000 ἐπὶ
2411 4947 2624 5011 τούτοις
2666 4947 2727 4999 οὐ
2766 4948 3004 5017 μετρίως
3051 4948 3347 5014 ἀναγκαῖον
3400 4946 3461 4999 τὸ
3517 4946 3614 4999 καὶ⁷
3676 4945 3760 4997 ἐπ’

2167 5038 2316 5111 αύτῷ
2341 5039 2418 5110 τῷ
2441 5039 2583 5110 ἁγίῳ
2615 5037 2892 5110 Πνεύματι
2919 5039 3017 5110 τὴν
3047 5039 3221 5110 ὀρθῶς
3260 5055 3320 5090 τε
3351 5037 3446 5090 καὶ
3486 5036 3759 5106 ἀνεγκλή-

2165 5149 2272 5196 τως
2301 5132 2532 5204 ἔχουσαν
2560 5132 2809 5202 δέχεσθαι
2830 5131 3006 5196 δόξαν.
3033 5131 3190 5185 Οὕτω
3219 5131 3324 5203 γὰρ
3351 5125 3420 5202 ἦν
3448 5128 3760 5200 ὁλοκλήρως

2165 5226 2245 5288 είς
2273 5224 2539 5296 ὀρθότητα
2566 5225 2802 5288 πίστεως
2829 5224 2920 5279 τὸν
2967 5223 3076 5277 τῶν
3125 5223 3494 5296 ἀκροωμένων
3525 5219 3760 5275 ἀπευθύ-

2163 5318 2351 5373 νεσθαι
2380 5319 2522 5373 νοῦν.
2573 5318 2636 5370 Τί
2679 5317 2858 5372 τοίνυν
2909 5319 3055 5388 ἡμᾶς
3087 5317 3177 5371 διὰ
3224 5318 3330 5370 τῶν
3374 5316 3758 5388 προκειμένων

2163 5410 2405 5464 διδάσκει
2439 5409 2696 5480 Χριστὸς,
2733 5410 2807 5473 ὡς
2834 5411 2892 5463 ἑν
2928 5409 3129 5478 ὀλίγοις
3157 5409 3484 5478 ἐκθήσομαι.
3523 5409 3752 5478 Ἕτερον

2164 5504 2296 5573 ἡμῖν
2327 5501 2478 5572 παρὰ
2513 5500 2606 5554 τοῦ
2645 5500 2778 5554 Θεοῦ
2820 5501 2912 5555 καὶ
2947 5502 3158 5572 Πατρὸς
3197 5499 3621 5572 πεμφθήσεσθαι
3668 5497 3754 5550 λέ-

2164 5609 2298 5660 γων,
2330 5592 2685 5660 ἁσφαλίζεται
2721 5592 2883 5646 πάλιν
2931 5591 3286 5664 οἰκονομικῶς
3319 5591 3410 5646 τὸν
3439 5589 3531 5644 ἐπὶ
3558 5591 3625 5660 τῇ
3661 5581 3756 5640 πί-

546 5761 592 5792 ⁸⁵
623 5759 666 5816 ιι
694 5759 844 5820 Petr.
885 5780 928 5835 ι,
962 5765 1015 5821 4.
1091 5765 1323 5824 "Hebr.
1366 5781 1442 5834 τι,
1472 5767 1526 5822 4.
1603 5769 1645 5801 ⁵⁷
1683 5767 1916 5844 Philipp.
1971 5785 2051 5837 ιιι,

2256 5771 2302 5804 ⁵⁸
2341 5770 2515 5826 Galat.
2551 5788 2624 5840 tv,
2657 5772 2709 5828 6.
2791 5773 2834 5807 ’ν
2870 5771 3031 5830 Joau.
3068 5789 3118 5839 κ,
3158 5773 3244 5828 37.
