3992 6316
153 347 243 405 ειι

1168 338 1232 394 lN
1266 334 1554 393 JOANNIS
1592 331 2044 389 EVANCELIUM
2087 333 2217 390 LIB.
2259 332 2351 389 IX.

3295 344 3409 400 ἰιίῖ

158 482 260 519 στει
294 456 579 531 λόγονῙΗν
594 462 702 533 γάρ
727 461 790 533 δή
812 478 962 525 τινας
991 459 1135 523 εἰκὸς
1156 460 1255 513 οὐκ
1286 458 1460 530 ὀρθῶς
1484 457 1718 511 νοοῦνται

1844 455 2025 525 ipsum
2056 455 2244 512 dicere
2272 470 2386 511 non
2412 470 2539 513 esse
2569 471 2635 513 ex
2668 456 2762 513 Dei
2811 454 3123 516 substantia
3163 471 3416 519 sanctum

158 558 210 610 τὸ
221 552 503 625 εἰρημένον
524 552 806 625 οἱήσεσθαι
837 552 1019 623 λέγειν
1038 551 1201 607 αὑτὸν
1223 552 1323 605 οὐκ
1345 552 1409 603 ὲκ
1431 549 1531 620 τῆς
1548 548 1733 612 οὐσίας

155 645 280 703 εἶναι
330 646 422 699 τοῦ
480 645 617 698 Θεοῦ
659 646 718 698 τὸ
765 644 992 716 Πνεῦμα
1029 644 1093 697 τὸ
1130 644 1310 712 ἅγιον,
1358 641 1613 712 καθάπερ
1639 636 1734 694 οὖν

156 734 287 801 ἔδοξε
317 734 421 789 τῶν
463 735 738 788 ἀσυνέτων
768 735 934 796 τισὶν,
953 734 1069 788 ἀλλ’
1099 733 1287 805 ἕτερόν
1315 751 1368 786 τι
1396 731 1538 786 κατὰ
1570 730 1732 802 φύσιν

156 830 409 900 ὑπάρχειν
437 826 572 881 αὐτό
596 845 609 858 ’
632 826 694 879 τὸ
726 826 835 898 γὰρ
863 824 1058 892 ἄλλον
1086 826 1279 891 εἰπεῖν,
1314 823 1468 895 παρά
1504 840 1567 891 γε
1618 823 1730 886 τοῖς

154 919 537 991 ἀμαθεστέρας
586 916 841 988 τοιαύτης
890 915 1031 980 τινὸς
1084 916 1264 978 αἰτίας
1294 914 1533 985 ἔμφασιν
1557 913 1732 966 εἰσκο-

159 1012 351 1083 μίσειεν
385 1010 471 1063 ἄν.
501 1011 621 1064 Ἵνα
661 1010 846 1063 τοίνυν
895 1008 1140 1081 ἐπιδείξῃ
1180 1007 1365 1076 σαφῶς
1402 1008 1484 1060 ὅτι
1507 1005 1598 1059 τὸν
1631 1006 1730 1076 τῆς

157 1102 458 1174 ἑτερότητος
493 1101 651 1171 λόγον
696 1101 758 1154 οὐ
802 1099 925 1162 καθ’
958 1100 1151 1171 ἕτερόν
1177 1116 1301 1153 τινα
1336 1097 1572 1152 νοεῖσθαι
1606 1095 1731 1167 βού-

158 1196 292 1249 λεται
317 1192 539 1264 τρόπον,
588 1192 725 1247 ἀλλὰ
770 1190 914 1246 κατὰ
947 1192 1106 1262 μόνον
1156 1190 1220 1244 τὸ
1271 1189 1415 1253 ίδίως
1457 1189 1727 1259 ὑπάρχειν

158 1286 275 1342 αὐτὸ
303 1284 549 1357 (Πνεῦμα
580 1284 688 1356 γὰρ
709 1323 725 1348 ,
749 1283 810 1337 τὺ
839 1283 1065 1354 Πνεῦμα
1093 1283 1187 1337 καὶ⁸
1224 1282 1325 1352 οὐχ
1346 1281 1474 1344 Υἱός
1493 1297 1509 1312 ·
1537 1279 1727 1351 ὥσπερ

158 1374 239 1431 οὖν
262 1375 402 1441 Υἱὸς,
436 1377 465 1429 6
499 1376 628 1439 Υἱὸς
688 1375 782 1429 καὶ
829 1375 948 1445 οὐχὶ
993 1374 1227 1445 Πατὴρ),
1252 1369 1725 1442 άποσταλήσεσθαι

154 1470 235 1522 τὸν
280 1466 632 1538 Παράκλητον
670 1465 863 1530 είπὼν,
898 1466 1060 1529 αὐτὸς
1100 1465 1252 1535 ἥξειν
1304 1462 1722 1533 ἐπαγγέλλεται,

155 1560 242 1629 οὐχ
270 1558 453 1628 ἔτερόν
487 1576 540 1611 τι
573 1558 635 1611 τὸ
664 1557 891 1629 Πνεῦμα
927 1558 1144 1622 δεικνὺς
1172 1557 1206 1626 ἢ
1244 1558 1383 1627 ὅπερ
1418 1555 1567 1609 ἐστὶν
1625 1555 1725 1608 αὺο

154 1652 254 1714 τὸς,
292 1651 523 1721 ἐπείπερ
556 1651 703 1704 ἐστὶν
733 1652 798 1703 ὲκ
830 1648 925 1702 τοῦ
958 1648 1168 1719 Πατρδς
1200 1649 1331 1702 ἴδιον
1360 1646 1587 1718 Πνεῦμα
1624 1647 1723 1700 καὶ

154 1736 303 1791 αὐτοῦ
334 1740 534 1791 νοεῖται
564 1740 657 1792 καὶ
691 1738 834 1801 Νοῦς
863 1737 1025 1791 αὑτοῦ
1056 1738 1144 1791 διὰ
1189 1735 1347 1790 τοῦτο
1380 1735 1715 1806 ὠνόμασται.

1838 546 2128 617 Spiritum,
2176 548 2341 603 sicuti
2397 549 2687 605 nonnullis
2731 549 2909 606 visum
2971 560 3057 607 est
3114 552 3413 624 imperitis,

1836 638 1933 694 sed
1973 638 2254 696 diversum
2296 640 2562 712 quiddam
2611 658 2738 698 eum
2792 644 3102 699 secundum
3154 654 3414 701 naturam

1832 731 2145 787 exsistere:
2182 746 2309 787 nam
2350 733 2497 804 quod
2529 734 2696 789 alium
2765 734 2926 803 dixit,
2963 737 3020 792 in
3059 751 3231 794 causa
3273 737 3415 793 forte

1833 820 2000 879 fuerit
2043 838 2141 878 cur
2187 824 2243 880 id
2306 826 2548 882 sentiant
2597 827 2866 898 imperiti.
2907 828 2978 885 Ut
3020 846 3152 902 ergo
3201 830 3414 902 liquido

1831 920 2172 970 monstraret
2227 914 2398 971 alium
2473 931 2506 972 a
2574 932 2635 974 se
2707 918 2816 974 dici
2878 936 2987 977 non
3061 923 3173 976 alio
3247 923 3413 978 modo

1829 1018 1994 1073 quam
2044 1004 2194 1074 quod
2232 1004 2350 1076 ipse
2399 1007 2621 1077 proprie
2655 1008 2917 1064 subsistit
2947 1009 3212 1082 (Spiritus
3262 1013 3410 1066 enim

1828 1103 1916 1152 est
1946 1094 2313 1166 Spiritus,'ac
2340 1113 2449 1154 non
2478 1097 2676 1164 Filius,
2702 1101 2869 1156 sicuti
2899 1101 3077 1159 Filius
3101 1111 3187 1159 est
3212 1102 3408 1166 Filius,

1828 1200 1894 1241 ac
1954 1203 2073 1242 non
2121 1187 2329 1257 Pater),
2379 1189 2612 1246 missum
2672 1192 2740 1246 iri
2790 1191 3135 1250 l’aracletum
3189 1193 3409 1263 dicens,
3500 1198 3501 1201 “

1827 1277 1947 1348 ipse
1977 1288 2275 1335 venturum
2311 1296 2370 1336 se
2413 1281 2730 1351 pollicetur,
2759 1299 2869 1339 non
2904 1285 3073 1340 alium
3105 1301 3136 1341 a
3169 1301 3229 1342 se
3284 1284 3412 1356 Spi-

1826 1370 1994 1425 ritum
2039 1372 2363 1437 ostendens,
2389 1374 2834 1445 quandoquidem
2873 1384 2959 1431 est
2990 1392 3055 1433 ex
3090 1376 3253 1433 Patre
3282 1392 3412 1448 pro-

1824 1463 1981 1533 prius
1998 1462 2259 1534 Spiritus,
2275 1472 2329 1520 et
2352 1465 2473 1535 ejus
2501 1480 2624 1520 esse
2649 1466 2991 1538 intelligitur,
3010 1477 3066 1524 et
3097 1468 3251 1526 Mens
3282 1470 3406 1541 ejus

1802 1553 2034 1618 idcirco
2082 1565 2168 1611 est
2206 1565 2587 1626 nuncupatus.
2618 1556 2777 1615 Unde
2807 1559 3011 1615 l’aulus
3055 1559 3294 1630 idipsum
3328 1563 3407 1617 si-

1822 1645 2113 1717 gniﬁcans,
2157 1647 2238 1701 ait
2278 1666 2292 1702 :
2330 1667 2348 1699 ι
2382 1646 2494 1705 Nos
2540 1660 2725 1705 autem
2764 1648 2974 1706 Christi
3027 1667 3255 1707 sensum
3304 1652 3407 1708 ha-

1824 1737 2015 1793 bemus
2048 1738 2113 1791 ⁸⁸.
2154 1755 2174 1791 ι
2214 1739 2383 1795 Recte
2418 1738 2607 1810 itaque
2645 1748 2701 1796 et
2731 1741 3030 1812 ,inculpate
3080 1745 3404 1811 sentientes,

153 1831 251 1883 Καὶ
279 1829 403 1898 γοῦν
435 1832 463 1883 6
490 1828 701 1892 Παῦλός
738 1846 903 1899 φησιν
941 1827 1074 1882 αὐτὸ
1112 1828 1175 1899 δὴ
1204 1826 1364 1881 τοῦτο
1396 1802 1676 1896 σημαίνων
1700 1841 1713 1855 ·

1825 1835 1880 1883 et
1912 1827 2060 1882 omni
2092 1842 2282 1884 errore
2327 1828 2567 1900 abjecto,
2603 1845 2889 1887 sacrarum
2940 1831 3272 1891 Litterarum
3306 1832 3407 1889 do-

159 1937 175 1969 ι
221 1919 402 1990 Ἡμεῖς
436 1919 492 1973 δὲ
521 1918 643 1973 νοῦν
667 1920 908 1990 Χριστοῦ
941 1919 1156 1991 ἔχομεν,
1191 1939 1210 1972 ι
1243 1919 1524 1983 Συνιέντες
1544 1919 1722 1972 τοίνυν

151 2009 310 2080 ὀρθῶς
333 2026 388 2063 τε
429 2009 523 2063 καὶ
551 2010 825 2073 ἀπλανῶς,
851 2011 948 2064 καὶ
978 2010 1039 2063 τὸ
1068 2009 1432 2081 ἐκτρέπεσθαι
1461 2027 1551 2063 ποι
1572 2010 1723 2082 παρὰ.

151 2102 206 2155 τὸ
238 2102 396 2166 είκὸς,
425 2103 503 2166 ὡς
536 2102 791 2167 ἀκαλλὲς,
822 2101 1195 2173 διωθούμενοι,
1227 2104 1322 2158 καὶ
1347 2106 1458 2166 τοῖς
1483 2104 1580 2174 τῆς
1604 2103 1721 2156 θεο-

153 2192 399 2246 πνεὺστου
420 2194 646 2265 Γραφῆς
669 2195 927 2265 ἑπόμενοι
953 2193 1153 2263 λόγοις,
1180 2194 1363 2266 φαμὲν
1382 2196 1464 2250 ὅτι
1480 2196 1579 2266 οὐχ
1603 2195 1721 2249 ἓτε-

152 2285 237 2356 ρόν
265 2303 315 2339 τι
360 2287 493 2354 παρ’
516 2287 706 2352 αὐτὸν,
738 2288 861 2340 ὅσον
901 2283 1036 2359 ἧκεν
1068 2289 1242 2341 εἰπεῖν
1282 2289 1363 2350 είς
1414 2287 1721 2356 ταυτότητά

152 2378 368 2450 φυσικὴν
396 2420 411 2445 ,
444 2378 794 2450 διῃρημένως
843 2396 902 2434 τε
940 2379 1037 2433 καὶ⁵
1092 2380 1495 2444 ίδιοσυστάτως.
1550 2378 1720 2433 Τοῦτο

150 2468 246 2541 γάρ
271 2464 490 2541 ,οἷμαι,
528 2470 711 2534 συνεὶς
760 2472 855 2526 καὶ
880 2473 908 2526 ὁ
953 2471 1237 2535 θεσπέσιος
1279 2471 1491 2533 Παῦλος
1537 2488 1718 2542 παρα-

153 2563 319 2633 μίσγει
360 2561 655 2626 πολλάκις,
685 2563 780 2617 καὶ
809 2562 885 2626 ὡς
919 2562 1116 2617 ταυτὸν
1147 2561 1207 2617 ὃν
1235 2561 1497 2632 ἑκάτερον
1529 2560 1717 2629 είσςρέ-

154 2672 243 2724 ρει,
276 2654 362 2708 τὸν
397 2655 760 2726 Παράκλητόν
818 2671 960 2726 φημι
1003 2654 1097 2709 καὶ
1128 2653 1220 2708 τὸν
1267 2653 1413 2707 Υἱόν.
1449 2653 1720 2725 Εὑρήσεις

149 2745 244 2815 γὰρ
272 2744 496 2813 λέγοντα
521 2761 534 2775 ·
583 2765 602 2797 ι
635 2746 697 2799 Ei
729 2744 786 2799 δέ
818 2763 903 2809 τις
929 2744 1156 2816 Πνεῦμα
1179 2743 1416 2815 Χριστοῦ
1446 2743 1546 2797 οῦκ
1582 2743 1714 2815 ἔχει,

147 2831 283 2900 οὗτος
309 2837 405 2891 οὐκ
443 2836 593 2890 ἔστιν
616 2836 837 2890 αὐτοῦ..)
863 2837 976 2889 Καὶ
999 2836 1162 2891 πάλιν
1182 2834 1345 2899 εὐθύς
1364 2850 1377 2864 ’
1411 2836 1488 2909 Εἰ.
1501 2834 1555 2887 δὲ
1580 2836 1717 2907 Χρι-

150 2942 258 2990 στος
288 2928 343 2980 ὲν
380 2928 511 2998 ὑμῖν
533 2966 547 2993 ,
574 2927 637 2980 τὸ
667 2928 764 2998 μὲν
797 2927 955 2998 σῶμα
984 2927 1174 2998 νεκρὸν
1205 2926 1292 2980 διὰ
1326 2927 1620 2998 ἁμαρτίαν,
1656 2926 1719 2981 τὸ

147 3018 195 3071 δὲ
237 3019 452 3091 Πνεῦμα
504 3019 620 3089 ζωὴ
671 3019 760 3073 διὰ
817 3018 1188 3089 δικαιοσύνην.
1229 3037 1248 3069 ι
1296 3018 1543 3083 Ἀκούεις
1598 3018 1717 3084 πῶς

146 3108 360 3178 Χριστὸν
409 3110 560 3179 ἔχειν
612 3108 912 3180 διαρρήδην
939 3107 1195 3178 ὁμολογεῖ
1233 3109 1360 3171 τοὺς
1400 3107 1461 3160 τὸ
1491 3107 1714 3177 Πνεῦμα
1742 3146 1784 3203 C

146 3199 387 3264 λαϐόντας
437 3201 611 3256 αὐτοῦ
644 3220 659 3266 ;
692 3202 831 3273 Φησὶ
882 3200 940 3254 δὲ
991 3201 1082 3254 καὶ
1122 3203 1181 3254 ὲν
1232 3199 1472 3272 ἑτέροις·
1509 3218 1528 3251 ι
1560 3199 1714 3253 Δοκῶ

145 3288 237 3361 γάρ
288 3289 438 3358 κάγὼ
473 3289 703 3361 Πνεῦμα
734 3291 868 3344 Θεοῦ
900 3289 1065 3361 ἔχειν.
1107 3308 1127 3343 ι
1180 3290 1240 3344 '0
1278 3289 1336 3343 δὲ
1381 3289 1539 3343 τοῦτο
1577 3289 1715 3361 πρὸς

145 3381 275 3450 ἡμᾶς
294 3381 459 3436 εἰπών
492 3399 562 3451 ἰι
592 3383 656 3435 Εί
684 3382 912 3454 δοκιμὴν
939 3384 1174 3453 ζητεῖτε,
1200 3383 1355 3453 φησὶ,
1386 3379 1481 3434 τοῦ
1506 3382 1563 3434 ὲν
1591 3381 1715 3452 ἐμοὶ

145 3468 410 3536 λαλοῦντος
436 3472 708 3543 Χριστοῦ,
752 3491 771 3525 ι
814 3473 909 3528 καὶ
939 3475 1069 3544 ἡμῖν
1099 3473 1158 3528 δὲ
1197 3475 1311 3538 τοῖς
1349 3472 1716 3527 πεπιστευκό-

147 3578 219 3616 σιν
261 3563 543 3634 ἐνοικῆσαι
604 3565 836 3636 Χριστὸν
882 3565 974 3619 διὰ
1022 3565 1122 3636 τῆς
1170 3564 1407 3629 πίστεως
1455 3563 1715 3628 πολλάκις

144 3652 454 3735 ἐπεύχεται)
490 3655 675 3709 καίτοι
718 3655 778 3709 τὸ
832 3655 1057 3727 Πνεῦμα
1101 3656 1389 3727 δεχόμενος
1428 3656 1490 3709 τὸ
1535 3657 1711 3724 ἅγιον.

145 3743 242 3796 Καὶ
271 3746 451 3817 μήτις
498 3746 698 3801 οἰέσθω
738 3747 916 3817 λέγειν
964 3749 1113 3820 ἡμᾶς
1161 3749 1244 3801 ὅτι
1288 3747 1397 3802 τῶν
1435 3748 1715 3818 ὀνομάτων

144 3835 249 3906 ἦτοι
272 3838 376 3892 τῶν
407 3838 723 3912 προσώπων
749 3841 962 3913 ἀναιρεῖ
985 3840 1083 3911 τὴν
1102 3841 1183 3904 είς
1213 3840 1470 3912 ἑκάτερον
1501 3839 1710 3905 στάσιν,

143 3929 268 3999 ῆότι
304 3932 392 3985 τὸν
433 3932 569 3986 Υίδν
596 3934 695 4004 οὐχ
734 3933 863 3987 Υἱὸν
895 3928 1037 3988 εἷναί
1076 3949 1263 4005 φησιν,
1295 3931 1434 3986 ἀλλὰ
1462 3932 1711 4004 Πνεῦμα,

142 4018 293 4089 ἤγουν
325 4022 386 4076 τὺ
418 4020 669 4095 Πνεῦμα,
719 4023 945 4096 Πνεῦμα
998 4024 1098 4095 μὲν
1129 4025 1232 4078 οὐκ
1292 4018 1454 4090 οἶδεν,
1484 4023 1616 4077 Υἱὸν
1655 4023 1715 4077 δὲ

143 4106 268 4165 εἷναί
293 4131 455 4186 φησιν
475 4132 490 4147 ο
535 4115 596 4168 οὐ
620 4114 728 4187 γὰρ
769 4107 922 4180 οὗτος
942 4116 1007 4186 ἦν
1033 4118 1090 4170 ἐν
1123 4115 1318 4186 ἐκείνῳ
1347 4114 1569 4180 σκοπὸς,
1595 4114 1713 4168 ἀλλ’

142 4199 250 4254 οὐδὲ
274 4201 444 4267 οὕτως
468 4205 819 4275 πιστεύομεν.
843 4200 964 4258 Οἷδε
980 4203 1089 4275 γὰρ
1110 4205 1209 4275 τῆς
1233 4203 1395 4272 ἁγίας
1410 4202 1504 4257 καὶ
1528 4205 1714 4274 ὁμοου-

143 4292 248 4345 σίου
274 4294 500 4366 Τριάδος
526 4295 628 4367 τὴν
658 4294 1056 4367 ἀπαρίθμησιν,
1084 4295 1179 4350 καὶ
1207 4295 1315 4367 ίδίᾳ
1338 4296 1440 4367 μὲν
1480 4295 1713 4350 ἕκαστον

142 4381 236 4437 τῶν
263 4387 677 4459 σημαινομένων
704 4389 1003 4459 ὑφεστάναι
1028 4387 1299 4443 διδάσκει·
1327 4388 1388 4441 τό
1419 4404 1485 4454 γε
1516 4387 1623 4459 μὴν
1655 4387 1714 4440 ὲν

1821 1922 2065 1974 ctrinam
2104 1930 2417 1989 sequentes,
2446 1921 2688 1979 dicimus
2726 1938 2836 1978 non
2886 1939 3012 1980 esse
3055 1924 3205 1980 aliud
3239 1924 3406 1995 quid-

1820 2010 1943 2065 dam
1976 2010 2045 2065 ab
2076 2009 2220 2081 ipso,
2274 2012 2456 2082 quoad
2504 2013 2817 2069 naturalem
2862 2014 3209 2072 identitatem
3246 2016 3403 2073 vide-

1820 2100 1972 2167 licet,
2017 2100 2355 2172 divisimque
2401 2117 2465 2159 ac
2519 2103 2777 2160 seorsim.
2827 2101 2943 2159 Hoc
2987 2104 3135 2159 enim
3183 2106 3404 2162 divinus

1819 2206 2039 2262 quoque
2089 2191 2297 2247 Paulus
2346 2193 2665 2265 intelligens
2717 2194 2915 2250 miscet
2964 2195 3315 2266 plerumque,
3349 2206 3405 2253 et

1819 2289 2117 2351 utrumque
2164 2282 2315 2338 velut
2363 2282 2619 2338 eumdem
2665 2282 2903 2352 inducit,
2932 2282 3284 2341 Paracletum
3318 2287 3404 2341 ni-

1817 2375 2018 2428 mirum
2049 2382 2105 2429 et
2134 2372 2359 2448 Filium.
2390 2374 2650 2432 Invenies
2678 2377 2888 2449 quippe
2916 2377 3000 2433 sic
3033 2379 3349 2449 loquentem
3383 2397 3400 2436 :

1823 2481 1842 2515 ι
1891 2462 1950 2518 Si
1979 2463 2105 2534 quis
2134 2464 2403 2535 Spiritum
2433 2464 2643 2523 Christi
2679 2483 2790 2523 non
2832 2469 3018 2536 habet,
3043 2468 3135 2526 hic
3170 2486 3281 2543 non
3317 2478 3404 2528 est

1817 2554 1956 2624 ejus.
1989 2572 2009 2606 ι
2047 2553 2110 2609 Et
2132 2556 2320 2610 statim
2345 2571 2540 2612 rursus
2569 2575 2583 2614 :
2623 2577 2642 2610 ι
2670 2556 2726 2613 Si
2754 2557 3011 2616 Christus
3033 2560 3090 2615 in
3108 2559 3269 2618 vobis
3293 2568 3400 2628 est,

1817 2660 2018 2715 corpus
2060 2647 2283 2717 quidem
2340 2655 2618 2703 mortuum
2670 2656 2756 2707 est
2808 2659 3035 2721 propter
3087 2660 3398 2722 peccatum,

1816 2738 2045 2808 spiritus
2091 2752 2225 2793 vero
2274 2738 2412 2794 vivit
2470 2748 2699 2809 propter
2742 2740 3022 2812 justitiam
3046 2743 3114 2797 “.
3158 2762 3179 2796 ι
3224 2742 3401 2799 Audis

1815 2844 1925 2899 quo
1972 2838 2131 2899 pacto
2165 2829 2446 2885 Christum
2480 2831 2686 2887 habere
2720 2839 2909 2902 aperte
2955 2832 3279 2904 proﬁteatur
3306 2850 3401 2890 eos

1817 2920 1909 2990 qui
1940 2918 2210 2991 Spiritum
2245 2920 2368 2990 ejus
2404 2921 2795 2993 susceperint?
2827 2923 2974 2990 Quin
3007 2933 3064 2980 et
3099 2925 3235 2981 alibi
3265 2941 3402 2996 quo-

1817 3028 1925 3083 que
1959 3014 2035 3067 ait
2068 3031 2081 3067 :
2115 3031 2133 3065 ι
2168 3012 2309 3069 Puto
2353 3025 2538 3070 autem
2586 3016 2732 3086 quod
2773 3023 2827 3071 et
2864 3015 3133 3087 Spiritum
3172 3018 3268 3076 Dei
3304 3018 3402 3073 ba-

1817 3102 1973 3159 beam
2002 3105 2068 3160 ⁶².
2103 3122 2121 3155 ι
2157 3102 2263 3171 Qui
2289 3111 2471 3159 autem
2499 3104 2606 3160 hoc
2630 3106 2797 3163 nobis
2836 3107 2979 3163 dixit
3010 3125 3026 3164 :
3064 3126 3085 3161 ι
3120 3109 3205 3165 An
3234 3126 3400 3183 expev

1816 3192 2113 3248 rimentum
2182 3194 2433 3264 quaeritis
2505 3194 2628 3265 ejus
2692 3195 2791 3267 qui
2864 3196 3115 3268 loquitur
3186 3199 3244 3255 in
3312 3216 3400 3257 me

1815 3283 2071 3341 Christus
2105 3285 2195 3340 “‘2
2229 3305 2247 3337 ι
2282 3285 2426 3341 idem
2457 3296 2514 3343 et
2554 3288 2610 3343 in
2650 3289 2810 3346 nobis
2839 3290 3195 3349 credentibus
3240 3293 3402 3349 Chri-

1817 3385 1960 3433 stum
2013 3378 2326 3434 inhabitare
2373 3394 2471 3450 per
2529 3380 2690 3436 ﬁdem
2742 3396 2886 3453 srepe
2941 3394 3221 3455 precatur,
3268 3385 3401 3441 licet

1818 3471 2086 3542 Spiritum
2126 3478 2381 3527 sanctum
2425 3473 2683 3544 accipiat.
2716 3473 2907 3546 Neque
2931 3491 3064 3533 vero
3101 3478 3398 3549 quisquam

1816 3560 1998 3617 dicere
2029 3575 2132 3616 nos
2162 3561 2445 3617 existimet
2474 3578 2600 3617 eum
2638 3566 2928 3621 nominum
2979 3576 3075 3622 aut
3129 3583 3399 3640 persona-

1813 3667 1939 3707 rum
1980 3659 2277 3723 utrumque
2323 3659 2530 3708 statum
2563 3663 2847 3723 evertere,
2894 3665 2990 3712 aut
3031 3657 3233 3716 Filium
3285 3677 3397 3717 nun

1813 3760 1940 3802 esse
1966 3743 2169 3803 Filium
2203 3745 2566 3811 contendere,
2603 3746 2701 3803 sed
2734 3745 3041 3818 Spiritum;
3072 3758 3171 3806 aut
3219 3750 3396 3821 Spiri-

1814 3841 1931 3891 tum
1967 3834 2239 3907 Spiritum
2270 3836 2493 3906 quidem
2543 3851 2655 3892 non
2701 3851 3025 3910 agnoscere,
3050 3840 3149 3895 sed
3192 3838 3396 3897 Filium

1813 3941 1938 3984 esse
1963 3928 2155 3984 dicere
2185 3946 2198 3983 :
2228 3943 2339 3983 non
2374 3929 2520 3984 enim
2555 3928 2611 3985 id
2647 3937 2767 3985 erat
2802 3930 2855 3985 ei
2907 3930 3271 4002 propositum,
3299 3948 3397 3990 ne-

1812 4035 1922 4093 que
1951 4035 2115 4091 porro
2147 4034 2250 4077 nos
2278 4020 2356 4075 ita
2402 4021 2702 4078 credimus.
2730 4020 2953 4078 Sciebat
2993 4023 3142 4078 enim
3190 4033 3397 4081 sanctae

1811 4119 1868 4169 et
1919 4111 2420 4167 consubstantialis
2465 4111 2760 4169 Trinitatis
2799 4116 3298 4182 enumerationem,
3340 4124 3395 4172 et

1813 4201 2066 4272 singulas
2090 4199 2314 4271 quidem
2350 4217 2621 4272 personas
2649 4202 2814 4258 docet
2847 4202 2903 4257 in
2935 4218 3038 4258 sua
3064 4220 3189 4262 esse
3220 4206 3392 4278 hypo-
3419 4271 3423 4274 ν

1814 4293 1971 4358 stasi,
2001 4300 2385 4349 verumtamen
2430 4303 2680 4351 sanctam
2712 4293 3046 4352 Trinitatem
3080 4297 3140 4353 in
3187 4300 3392 4357 identi-

1814 4396 1928 4442 tate
1944 4385 2267 4441 nullatenus
2284 4385 2537 4443 variante
2562 4388 2726 4442 sitam
2750 4402 2876 4445 esse
2894 4395 3083 4458 aperte
3106 4391 3393 4460 praedicat.

141 4471 531 4547 άπαραλλάκτῳ
579 4477 793 4531 κεῖσθαι
840 4479 1130 4549 ταυτότητι
1180 4477 1279 4550 τὴν
1312 4476 1472 4547 ἁγίαν
1504 4476 1711 4549 Τριάδα

1818 4478 1982 4549 313
2010 4476 2236 4546 Alioqui
2267 4474 2546 4545 quomodo
2578 4472 2823 4545 Spiritus
2861 4483 2948 4532 est
2980 4492 3045 4533 ac
3079 4480 3391 4535 nominatur

140 4560 471 4633 διακήρὺττει
498 4566 709 4636 σαφῶς.
754 4568 908 4622 Ἐπεὶ
938 4568 1056 4633 πῶς
1089 4568 1150 4622 τὸ
1180 4568 1408 4640 Πνεῦμα
1434 4568 1569 4632 Θεὸς
1598 4567 1715 4623 ἔστι

140 4654 225 4706 καὶ
261 4655 590 4726 ὀνομάζεται
624 4674 638 4725 ;
677 4677 696 4710 ι
727 4659 841 4712 Οὐκ
872 4658 1052 4713 οἴδατε
1085 4660 1194 4731 γὰρ
1218 4700 1232 4722 ,
1264 4661 1455 4731 φησὶν,
1483 4660 1564 4714 ὅτι
1588 4659 1716 4725 ναὸς

140 4743 259 4798 Θεοῦ
290 4749 434 4815 ἐστε,
472 4751 569 4805 καὶ
602 4748 663 4803 τὸ
690 4749 913 4819 Πνεῦμα
957 4751 1051 4805 τοῦ
1081 4750 1217 4805 Θεοῦ
1253 4752 1309 4806 ὲν
1339 4753 1466 4823 ὑμῖν
1495 4754 1665 4821 οίκεῖ;
1687 4770 1706 4804 ι

138 4834 192 4887 El
214 4836 289 4902 δὲ,
310 4840 547 4911 ἐπείπερ
576 4841 635 4894 ἐν
658 4842 791 4912 ἡμῖν
811 4843 952 4894 οίκεῖ
978 4840 1040 4893 τὸ
1066 4840 1312 4911 Πνεῦμα,
1333 4842 1452 4895 ναοὶ
1479 4840 1711 4911 γεγόνα-

141 4941 227 4994 μεν
252 4928 339 4981 τοῦ
385 4930 548 4997 Θεοῦ,
581 4931 696 4995 πῶς
746 4932 846 4984 οὐκ
888 4933 952 4983 ὲκ
1001 4931 1134 4985 Θεοῦ
1182 4933 1243 4985 τὸ
1294 4931 1538 5003 Πνεῦμα,
1562 4930 1706 4986 τοῦτ’

135 5015 287 5086 ἔστιν,
318 5023 385 5075 ἐκ
411 5024 515 5092 τῆς
567 5022 753 5087 οὐσίας
782 5022 948 5076 αὐτοῦ
966 5061 980 5086 ,
1008 5023 1142 5077 Θεὸν
1164 5023 1222 5078 ἐν
1250 5026 1385 5094 ἡμῖν
1407 5024 1611 5089 οίκίζον
1637 5024 1704 5079 δι’

139 5108 313 5166 ἑαυτοῦ
336 5132 351 5179 ;
382 5114 598 5169 Οὐκοῦν
629 5116 728 5170 οὐκ
756 5115 1035 5184 ἀλλότριον
1066 5116 1165 5187 τῆς
1192 5115 1326 5179 ἰδίας
1348 5115 1562 5185 φύσεως
1583 5116 1707 5170 δει-

138 5203 254 5266 κνὺς
282 5205 340 5259 τὸ
366 5205 595 5277 Πνεῦμα
627 5210 655 5260 ὁ
687 5207 1018 5277 Μονογενὴς,
1061 5207 1212 5278 παρὰ
1242 5207 1336 5261 τοῦ
1366 5207 1579 5278 Πατρὸς
1613 5210 1705 5262 ὲκ-

136 5292 432 5365 πὲμπεσθαι
459 5300 580 5361 τοῖς
616 5299 790 5368 ἁγίοις
821 5298 991 5352 είπὼν
1026 5300 1117 5352 τὸν
1139 5298 1516 5370 Παράκλητον,
1545 5299 1707 5364 αὐτὸς

134 5382 268 5453 ἥξειν
319 5389 721 5459 ἐπαγγέλλεται.
748 5432 762 5456 ,
801 5390 895 5444 καὶ
928 5390 1025 5462 τὴν
1078 5392 1285 5462 πατρὸς
1337 5393 1489 5459 τάξιν
1522 5392 1706 5456 αὐτοῖς

135 5474 491 5553 ἀποπληροῦν,
510 5482 604 5536 ἵνα
634 5482 708 5555 μὴ
743 5484 994 5554 καθάπερ
1044 5484 1190 5546 τινὲς
1214 5485 1441 5554 ὀρφανοὶ
1479 5484 1576 5555 τῆς
1609 5484 1704 5538 τοῦ

134 5573 518 5644 προεστηκότος
546 5575 867 5648 ἐπικουρίας
895 5575 1091 5648 ἔρημοι
1117 5575 1206 5629 διά
1237 5593 1296 5629 τε
1325 5575 1483 5629 τοῦτο
1519 5575 1702 5630 λοιπὸν

1816 4567 1995 4623 Deus?
2029 4584 2048 4618 ι
2084 4564 2328 4623 Nescitis
2354 4564 2530 4629 enim,
2570 4565 2776 4635 inquit,
2818 4567 2950 4636 quia
2986 4569 3250 4639 templum
3301 4569 3393 4627 Dei

1814 4658 1972 4724 estis,
2003 4664 2061 4713 et
2110 4656 2352 4726 Spiritus
2385 4655 2482 4712 Dei
2532 4655 2749 4711 habitat
2786 4657 2844 4712 in
2878 4657 3033 4714 vobis
3058 4659 3141 4714 “1’
3180 4678 3199 4713 ι
3237 4660 3391 4726 Quod

1816 4751 1862 4808 si
1910 4766 1978 4807 ex
2023 4766 2091 4807 eo
2138 4751 2284 4823 quod
2335 4750 2580 4822 Spiritus
2619 4750 2676 4805 in
2722 4751 2885 4807 nobis
2923 4750 3158 4816 habitat,
3194 4755 3390 4823 templa

1814 4845 1944 4900 facti
1983 4859 2177 4900 sumus
2211 4843 2327 4908 Dei,
2356 4843 2635 4914 quomodo
2667 4860 2777 4901 non
2805 4860 2874 4901 ex
2904 4844 3015 4901 Deo
3042 4843 3300 4914 Spiritus,
3339 4844 3390 4900 id

1815 4944 1900 4991 est
1930 4950 1992 4991 ex
2023 4934 2332 4990 substantia
2361 4933 2504 5005 ejus,
2533 4934 2626 5006 qui
2661 4933 2831 4991 Deum
2859 4936 2916 4990 in
2953 4934 3115 4989 nobis
3144 4932 3389 4991 habitare

1814 5026 1951 5082 facit
1991 5041 2089 5097 per
2139 5026 2440 5097 seipsum?
2480 5026 2756 5094 Quocirca
2794 5041 2903 5081 non
2959 5025 3200 5080 alienum
3231 5039 3260 5078 a
3292 5042 3389 5081 sua

1814 5126 2010 5174 natura
2039 5118 2340 5175 ostendens
2375 5117 2644 5189 Spiritum
2696 5118 3044 5189 Unigenitus,
3095 5124 3388 5187 postquam

1812 5211 1954 5267 dixit
1984 5225 2015 5265 a
2043 5210 2209 5267 Patre
2243 5209 2391 5265 mitti
2425 5220 2675 5266 sanctum
2715 5206 3084 5272 Paracletum,
3108 5206 3225 5277 ipse
3256 5223 3388 5262 ven-

1814 5313 1998 5361 turum
2053 5319 2114 5359 se
2152 5303 2467 5373 pollicetur,
2524 5309 2578 5357 et
2629 5299 2800 5369 patris
2857 5299 2981 5353 loco
3024 5299 3094 5355 iis
3129 5298 3280 5362 fore,
3325 5314 3387 5357 ne

1812 5395 1966 5450 velut
2007 5393 2241 5463 orphani
2281 5393 2508 5464 quidam
2563 5389 2761 5445 tutoris
2810 5389 3070 5458 praesidio
3115 5389 3389 5447 destituti.

1811 5484 2023 5539 idcirco
2049 5483 2254 5538 diaboli
2305 5482 2524 5551 laqueis
2571 5483 2815 5550 pateant,
2847 5486 2902 5532 et
2936 5479 3127 5533 mundi
3157 5478 3384 5534 scanda-

1815 5577 1905 5644 lis,
1941 5575 2117 5645 iisque
2158 5573 2350 5629 multis
2384 5586 2450 5628 ac
2472 5573 2620 5628 velut
2667 5568 2996 5626 necessitate
3026 5569 3263 5641 quadam
3303 5568 3383 5625 in-

192 5745 233 5777 “
273 5745 291 5800 Ι
327 5748 455 5808 Cor.
503 5768 577 5816 ιι,
628 5752 711 5808 16.
790 5753 830 5785 ⁸⁸
872 5752 1031 5811 Roxu.
1072 5770 1190 5823 \‘lll,
1219 5752 1273 5822 9,
1308 5754 1393 5811 l0.
1475 5752 1566 5808 "l
1604 5752 1714 5809 COI‘

1823 5769 1862 5819 ι,
1904 5753 1994 5808 40.
2073 5749 2116 5783 ⁶¹
2152 5748 2194 5803 ιι
2226 5747 2357 5805 Cor.
2392 5763 2511 5817 xm,
2547 5748 2603 5805 ὅ.
2681 5747 2728 5782 ⁸³
2762 5747 2784 5802 ι
2817 5747 2948 5805 Cor.
2983 5761 3071 5817 ιιι,
3106 5742 3198 5802 to.
