3992 6316
555 333 662 390 265

1550 324 1606 381 S.
1646 324 1923 380 CYRILLI
1966 324 2426 381 ALEXANDRINI
2467 323 2789 383 ARCIIIEP.

3730 327 3841 385 2ῦῦ

554 454 905 526 amentibus,
948 462 1061 522 prae
1104 458 1296 503 eorum
1328 458 1358 498 a
1393 443 1598 514 quibus
1629 443 1948 500 inferuntur
1984 442 2142 501 etI‘re-

2259 449 2360 509 tati;
2384 444 2479 499 τοῦ
2501 443 2747 498 διαϐόλου
2792 442 3016 512 παγίσιν
3050 440 3333 506 εὐάλωτοι,
3365 441 3462 496 καὶ¹
3502 444 3619 507 τοῖς
3650 443 3710 496 ἐν
3741 444 3838 496 κό-

557 560 690 605 nato
720 550 925 604 furore.
947 547 1115 599 Arma
1146 540 1330 610 itaque
1348 547 1403 594 et
1419 538 1820 593 munimentum
1846 537 2143 592 infractum

559 640 772 696 nostris
836 636 1119 692 mentibus
1182 631 1334 687 dedit
1390 629 1555 685 Pater
1588 629 1795 685 Christi
1850 627 2141 699 Spiritum,

560 735 656 801 qui
687 728 918 800 gratiam
955 726 1079 794 ejus
1105 731 1164 779 et
1211 720 1561 791 praesentiam
1599 729 1766 790 atque
1798 721 2057 775 virtutem
2088 720 2144 775 in

561 822 722 876 nobis
757 819 966 888 implet.
1002 815 1151 871 Fieri
1191 814 1334 868 enim
1376 811 1570 882 nequit
1596 820 1655 864 ut
1686 811 1928 866 hominis
1961 812 2145 864 anima

561 914 691 970 boni
735 910 1036 982 quidquam
1080 915 1229 978 agat,
1259 914 1354 960 aut
1383 920 1516 959 suas
1543 901 1874 972 cupiditates
1900 909 2142 972 superet,

560 1009 657 1055 aut
680 1015 838 1054 acres
865 997 1069 1052 diaboli
1107 998 1332 1064 laqueos
1353 994 1539 1059 evitet,
1569 991 1673 1047 nisi
1698 992 1875 1046 sancti
1904 991 2146 1061 Spiritus

561 1093 737 1163 gratia
800 1090 1011 1143 munita
1062 1090 1171 1150 sit,
1216 1089 1511 1157 ipsumque
1560 1086 1619 1141 in
1677 1086 1883 1155 seipsa,
1917 1086 2148 1156 proinde

561 1185 878 1248 Christum,
914 1181 1132 1236 habeat.
1158 1178 1312 1233 Unde
1350 1178 1564 1233 Psaltes
1595 1178 1687 1231 ille
1712 1178 1930 1233 divinus
1963 1186 2149 1249 gratu-

564 1272 764 1327 Iatoria
813 1271 1058 1324 carmina
1112 1284 1211 1339 pro
1255 1284 1352 1324 sua
1386 1269 1657 1338 sapientia
1708 1283 2044 1339 componens
2080 1266 2149 1322 ad

568 1366 732 1421 Deum
786 1365 1099 1418 clamabat:
1132 1379 1150 1413 ι
1187 1360 1440 1424 Domine,
1480 1369 1539 1413 ut
1575 1367 1735 1415 scuto
1773 1361 1930 1416 home
1958 1362 2149 1417 volun-

566 1459 694 1511 tatis
746 1467 853 1511 tuas
884 1454 1167 1510 coronasti
1203 1468 1307 1508 nos
1339 1453 1406 1517 ⁸⁵,
1439 1470 1457 1503 ι
1496 1460 1713 1507 scutum
1767 1453 1925 1509 bona:
1955 1454 2148 1508 volun-

567 1553 694 1605 tatis
726 1549 873 1603 aliud
908 1547 1042 1601 nihil
1071 1561 1194 1602 essc
1228 1546 1422 1599 dicens
1441 1559 1607 1614 quam
1640 1554 2016 1616 protegentem
2046 1560 2148 1601 nos

569 1650 821 1697 sanctum
860 1640 1153 1705 Spiritum,
1184 1646 1238 1692 ct
1293 1637 1602 1691 incredibili
1635 1653 1735 1692 sua
1777 1646 2048 1707 potestate
2089 1646 2149 1692 ut

564 1733 713 1803 quod
772 1734 880 1787 Deo
942 1732 1205 1802 placitum
1267 1739 1354 1785 est
1408 1730 1646 1785 velimus
1703 1730 2146 1785 conﬁrmantem.

2254 554 2376 607 σμῳ
2410 536 2728 599 σκανδάλοις
2754 534 3155 606 εὐεπιχείρητοι
3180 533 3300 588 λίαν
3321 534 3691 606 εὑρίσκονται,
3715 535 3840 588 καί-

2250 645 2333 682 τοι
2374 627 2590 691 πολλοῖς
2630 624 2751 680 οὖσι
2788 627 2886 681 καὶ¹
2912 626 2988 689 ὡς
3033 625 3094 690 ἐξ
3118 626 3364 696 ἀνάγκης
3401 627 3727 698 ἐρχομένοις
3750 626 3838 681 διὰ

2250 719 2349 791 τὴν
2377 719 2679 774 ἀκάθεκτον
2718 719 2828 774 τῶν
2872 720 3188 788 ἐπαγόντων
3237 719 3455 789 μανίαν.
3488 719 3697 773 Ὅπλον
3745 716 3837 774 οὖν

2252 810 2362 882 ἄρα
2392 812 2487 865 καὶ
2535 811 2837 880 ἀσφάλειαν
2874 810 3094 882 ἀρραγῆ
3145 811 3267 872 ταῖς
3296 809 3598 880 ἡμετέραις
3635 808 3839 879 ψυχαξ

2251 904 2482 957 δέδωκεν
2525 902 2554 957 ὁ
2590 904 2781 974 Πατὴρ
2824 903 2885 955 τὸ
2924 901 3148 972 Πνεῦμα
3196 901 3435 972 Χριστοῦ
3462 942 3478 967 ,
3509 903 3611 971 τὴν
3669 901 3837 955 αὐτοῦ

2252 994 2507 1066 χάριν’τε
2559 996 2654 1058 καὶ
2701 993 3005 1066 παρουσίαν
3044 993 3140 1046 καὶ
3180 992 3408 1064 δύναμιν
3437 994 3495 1047 ἐν
3525 996 3658 1064 ημῖν
3697 998 3837 1048 ἀποο

2254 1086 2514 1157 πληροῦν.
2533 1087 2837 1159 Ἀμήχανον
2854 1086 2962 1156 γὰρ
2981 1084 3269 1156 ἀνθρώπου
3291 1086 3466 1158 ψυχὴν
3492 1089 3840 1160 κατορθῶσαί

2254 1194 2305 1230 τι
2333 1178 2441 1230 τῶν
2462 1178 2681 1246 ἀγαθῶν
2696 1219 2710 1243 ,
2725 1179 2890 1249 ἣγουν
2904 1180 3016 1233 τῶν
3033 1179 3247 1232 οἰκείων
3270 1181 3543 1250 κρατῆσαι
3576 1180 3835 1252 meam:

2254 1269 2351 1339 τῆς
2364 1268 2457 1322 τοῦ
2474 1269 2719 1324 διαϐόλου
2743 1272 2972 1340 παγίδος
2995 1272 3175 1339 ὀξείας
3194 1272 3472 1343 διαδρᾶναι
3493 1272 3555 1325 τὸ
3580 1273 3836 1342 μέγεθος,

2258 1365 2334 1435 μὴ
2367 1365 2435 1435 τῇ
2473 1362 2564 1417 τοῦ
2598 1362 2756 1431 ἁγίου
2806 1363 3122 1434 Πνεύματος
3171 1363 3578 1435 τετειχισμένην
3626 1364 3836 1435 χάριτι,

2254 1456 2350 1509 καὶ
2372 1456 2532 1509 αὐτὸν
2560 1456 2790 1526 ἔχουσαν
2824 1457 2881 1509 ἐν
2934 1458 3099 1526 ἑαυτῇ
3129 1456 3219 1511 διὰ
3250 1457 3409 1510 τοῦτο
3433 1457 3689 1528 Χριστόν.
3725 1456 3837 1508 Καὶ

2254 1546 2384 1616 γοῦν
2412 1549 2441 1600 ὁ
2473 1545 2758 1609 θεσπέσιος
2792 1549 2921 1618 ἡμῖν
2964 1547 3217 1618 Μελῳδὸς
3244 1547 3314 1601 τὰ
3339 1548 3479 1619 ὑπὲρ
3512 1546 3704 1601 τούτου
3734 1563 3837 1616 χα-

2258 1639 2513 1710 ριστήρια
2573 1638 2664 1692 διὰ
2707 1638 2807 1708 τῆς
2860 1639 3088 1710 ἐνούσης
3134 1639 3284 1710 αὐτῷ
3331 1640 3519 1709 σοφίας
3567 1639 3838 1701 συντιθεὶς

2256 1730 2522 1799 ἀνεφώνει
2552 1731 2686 1802 πρὸς
2743 1731 2922 1785 Θεόνο·
2968 1750 2986 1783 ι
3033 1731 3207 1802 Κύριε
3235 1772 3249 1796 ,
3281 1732 3357 1795 ὡς
3395 1731 3542 1802 ὅπλῳ
3587 1730 3836 1793 εὐδοκίας

568 1823 739 1895 Igitur
773 1823 1089 1878 adfuturum
1117 1836 1177 1876 se
1199 1827 1253 1875 et
1290 1821 1574 1891 suppetias
1600 1821 1839 1873 laturum
1874 1820 2151 1875 credenti-

2259 1822 2636 1890 ἐστεφάνωσας
2657 1823 2821 1893 ἡμᾶς’
2837 1841 2856 1875 ι
2877 1823 3040 1876 ὅπλον
3059 1823 3302 1886 εὐδοκίας
3320 1822 3472 1876 οὐδὲν
3497 1822 3681 1892 ἓτερον
3697 1816 3839 1874 εἶναι

571 1918 675 1973 bus
706 1918 759 1970 in
787 1932 848 1971 se
878 1914 1240 1969 nihilominus
1267 1913 1584 1982 pollicetur,
1602 1910 1856 1982 quamvis
1889 1913 1945 1964 in
1979 1912 2150 1967 melos

569 2010 725 2079 ipsos
774 2016 902 2078 post
950 2005 1418 2062 resurrectionem
1477 2019 1542 2058 cx
1590 2003 1825 2059 mortuis
1866 2004 2147 2065 ascendat,

573 2107 632 2154 ut
662 2110 926 2169 appareat
956 2112 1103 2151 nunc
1135 2095 1309 2150 vultui
1340 2093 1437 2149 Dei
1466 2110 1566 2164 pro
1597 2095 1781 2162 nobis,
1814 2095 1972 2164 juxta
1994 2094 2148 2148 Pauli

568 2204 758 2244 vocem
789 2191 855 2242 °°.
1322 2200 1323 2203 ‘

2257 1914 2432 1981 λέγων
2458 1914 2491 1984 ἢ
2513 1913 2572 1965 τὸ
2595 1914 2934 1984 προασπίξον
2966 1913 3121 1985 ήμῶν
3153 1915 3308 1983 ἅγιον
3331 1914 3576 1983 Πνεῦμα,
3592 1914 3689 1966 καὶ
3714 1913 3837 1965 ἀδο-

2257 2006 2411 2075 κήτῳ
2458 2004 2698 2075 συνέχων
2746 2003 2859 2076 [ἹῬ.
2899 2004 3143 2077 συνέχον]
3187 2005 3332 2076 ἰσχύϊ
3381 2005 3518 2075 πρὸς
3551 2004 3613 2057 τὸ
3649 2002 3839 2057 δοκοῦν

2253 2095 2332 2165 τῷ
2360 2095 2499 2166 Θεῷ.
2536 2096 2744 2151 Οὐκοῦν
2782 2098 2864 2150 ὅτι
2897 2097 3167 2168 παρέσται
3198 2097 3292 2151 καὶ
3334 2096 3590 2167 βοηθήσει
3624 2095 3716 2148 διά
3743 2093 3837 2147 τοῦ

2254 2185 2572 2257 Πνεύματος
2615 2189 2727 2251 τοῖς
2775 2187 3124 2241 πιστεύουσιν
3154 2191 3233 2252 είς
3281 2189 3444 2243 αὐτὸν
3494 2188 3645 2242 οὐδὲν
3680 2183 3839 2260 ἦττον

569 2281 980 2350 ἐπαγγέλλεται,
1013 2280 1117 2335 κᾶν
1155 2282 1236 2343 είς
1275 2280 1475 2343 αὐτοὺς
1524 2278 1789 2350 ἀναϐαίνῃ
1829 2278 1955 2342 τοὺς
1987 2277 2270 2350 οὐρανοὺς,
2306 2278 2443 2348 μετά
2462 2278 2559 2349 τὴν
2598 2279 2662 2332 ἐκ
2723 2280 2927 2352 νεκρῶν
2963 2280 3281 2347 ἀναϐίωσιν,
3349 2280 3444 2335 νῦν
3506 2279 3840 2351 ἐμφανισθή·

571 2378 760 2433 σεσθαι
789 2377 867 2449 τῷ
909 2377 1186 2449 προσώπῳ
1226 2378 1320 2431 τοῦ
1355 2377 1489 2430 Θεοῦ
1524 2376 1664 2445 ὑπὲρ
1695 2375 1875 2447 ἡμῶν,
1903 2375 2045 2429 κατά
2072 2374 2171 2447 τὴν
2209 2373 2302 2428 τοῦ
2335 2375 2545 2428 Παύλου
2576 2378 2780 2446 φωνήν.

642 2472 783 2541 XIV,
857 2473 942 2528 19.
986 2472 1171 2527 Adhuc
1214 2471 1510 2536 modicum,
1561 2479 1610 2524 et
1655 2471 1886 2525 utuudus
1920 2487 2001 2524 me
2039 2470 2150 2537 iam

568 2581 673 2620 non
705 2566 844 2619 videt
876 2581 893 2618 :
924 2580 1010 2618 vos
1043 2571 1219 2616 autem
1264 2562 1451 2616 videtis
1505 2578 1586 2614 me
1606 2599 1621 2626 ,
1652 2561 1777 2631 quia
1816 2562 1950 2626 rivo,
1977 2569 2028 2614 et
2060 2576 2150 2615 vos

568 2658 771 2713 vivatis.

639 2747 882 2802 Instante
904 2746 1017 2816 jam
1046 2743 1260 2800 foribus
1283 2744 1419 2815 ipsis
1441 2744 1726 2815 passione,
1749 2750 1803 2798 et
1826 2744 2156 2813 assumptio.

568 2840 659 2894 nis
702 2850 919 2908 tempus
949 2852 1133 2893 secum
1171 2837 1491 2899 invehente,
1524 2835 1856 2890 invisibilem
1887 2850 1947 2890 se
1992 2852 2153 2889 IlllIII-

570 2932 642 2985 do
673 2931 788 2985 fore
818 2930 915 2994 ait,
948 2929 1053 2983 hoc
1093 2937 1177 2983 est
1211 2929 1278 2983 iis
1312 2929 1408 2998 qui
1459 2929 1795 2997 temporaria
1830 2928 1976 2982 bona
2009 2929 2151 2983 divi-

2329 2470 2457 2524 Ἔτι
2498 2470 2735 2539 μικρὸν,
2788 2472 2883 2526 καὶ
2920 2475 2955 2526 ὀ
3004 2468 3233 2540 κόσμος
3258 2488 3337 2540 με
3363 2469 3561 2525 οὐκέτι
3612 2468 3838 2537 θειφεῖσ

2254 2557 2424 2627 ὑμεῖς
2450 2557 2519 2611 δὲ
2564 2559 2830 2629 θεωρεῖτέ
2864 2577 2959 2630 με,
3007 2560 3096 2614 ὅτι
3127 2559 3242 2630 ἐγὼ
3272 2558 3364 2625 ζῶ,
3398 2561 3498 2613 καὶ
3524 2558 3699 2629 ὑμεῖς
3744 2559 3842 2630 ζὴ-

2257 2651 2463 2703 σεσθε.

2301 2753 2312 2760 ’
2342 2741 2465 2794 Ἐπὶ¹
2499 2740 2690 2813 θύραις
2715 2742 2869 2806 ὄντος
2897 2742 2992 2796 τοῦ
3020 2742 3245 2810 πάθους,
3281 2743 3487 2797 καὶτὸν
3512 2743 3612 2813 τῆς
3649 2743 3845 2814 ἀναλήη

2259 2833 2405 2903 ψεως
2461 2835 2651 2905 καιρὸν
2708 2835 3138 2904 συνεισάγοντος,
3194 2835 3441 2899 ἄποπτος
3491 2834 3712 2889 ἔσεσθαι
3766 2835 3844 2904 τῷ

2260 2926 2451 2997 κόσμῳ
2485 2929 2638 2998 φησὶ,
2667 2928 2809 2981 τοῦτ’
2832 2927 2948 2980 ἔστι
2968 2932 3081 2992 τοῖς
3106 2928 3212 2982 τῶν
3242 2927 3400 2981 θείων
3440 2930 3844 3000 προτιμήσασιν

570 3023 659 3076 nis
682 3029 735 3074 et
762 3019 1081 3074 caelestibus
1107 3025 1326 3072 terrena
1353 3025 1700 3087 praeponunt.
1730 3019 1797 3073 Et
1817 3035 1917 3075 nos
1934 3020 2151 3091 quidem

2259 3016 2478 3086 ἀγαθῶν
2512 3017 2609 3087 τὴν
2628 3017 2735 3073 τῶν
2782 3019 3132 3090 προσκαίρων
3161 3018 3457 3072 ἀπόλαυσιν
3494 3017 3589 3072 καὶ
3620 3018 3730 3071 τῶν
3755 3019 3845 3071 οὐ·

573 3111 958 3180 superioribus
992 3119 1284 3178 cognatum
1338 3123 1559 3163 sensum
1607 3118 1872 3172 terrentes,
1906 3126 2012 3165 non
2067 3120 2149 3168 te-

574 3216 722 3256 mere
760 3200 1007 3255 dicemus
1036 3197 1202 3253 Deum
1233 3205 1287 3253 et
1316 3197 1534 3254 Patrem
1575 3197 1918 3255 Paracletum
1938 3243 1954 3267 ,
1978 3201 2031 3255 id
2066 3209 2149 3257 est

575 3291 839 3361 Spiritum
873 3296 1160 3355 sanctum,
1195 3288 1444 3356 dedisse,
1492 3304 1588 3359 per
1631 3288 1827 3344 Filium
1873 3292 2150 3346 nimirum.

474 3406 479 3411 -
571 3380 740 3452 ⁸14
766 3380 959 3434 Omnia
1001 3379 1205 3450 quippe
1248 3394 1344 3449 per
1375 3379 1554 3447 ipsum
1596 3394 1626 3433 a
1660 3378 1843 3436 Patre.
1878 3379 2046 3437 Venit
2075 3391 2159 3437 ta-

574 3489 698 3527 men
747 3487 857 3526 non
895 3472 949 3524 in
999 3480 1190 3526 omnes
1232 3472 1408 3525 bonos
1438 3486 1503 3525 ac
1549 3472 1727 3526 malos
1758 3471 2156 3540 indill'erenter,

576 3564 672 3619 sed
704 3565 759 3618 in
792 3578 931 3633 quos
959 3578 1082 3617 cum
1108 3563 1296 3618 venire
1323 3562 1573 3618 decebat.
1603 3563 1881 3629 Quantum
1910 3566 2058 3619 enim
2091 3566 2159 3621 ad

575 3655 762 3710 dantis
816 3653 1312 3724 locupletissimam
1364 3661 1419 3709 et.
1465 3655 1997 3711 abundantissimam
2044 3672 2161 3727 gra—

578 3747 708 3799 tiam
757 3747 974 3807 attinet,
1008 3746 1195 3799 nullus
1240 3747 1556 3800 mortalium
1597 3748 1865 3802 remansit
1894 3762 1958 3802 ea
1996 3748 2160 3804 desti-

576 3847 733 3895 tutus
763 3857 777 3893 :
812 3860 829 3891 ι
865 3839 1155 3893 ElI'undam
1209 3841 1387 3904 enim,
1425 3839 1607 3909 inquit
1656 3840 1710 3894 in
1742 3842 2049 3911 prophetis,
2093 3842 2160 3898 de

578 3933 776 4002 Spiritu
811 3947 934 3985 meo
965 3947 1134 4001 super
1172 3947 1391 3986 onmem
1435 3948 1659 3988 carnem
1691 3934 1758 3986 ⁸⁷.
1793 3953 1812 3986 ι
1852 3934 2160 4005 Unusquis—

577 4039 684 4092 que
716 4033 900 4076 tamen
934 4022 1038 4076 sibi
1089 4022 1193 4092 ipsi
1231 4029 1428 4077 auctor
1469 4032 1555 4077 est
1591 4023 1808 4079 fruendi
1844 4024 1973 4079 boni
2011 4024 2159 4080 illius

579 4115 853 4169 divinitus
895 4115 1029 4178 dati,
1066 4122 1162 4167 aut
1201 4129 1268 4167 eo
1311 4114 1530 4184 penitus
1556 4116 1798 4171 carendi.
1832 4116 2161 4186 Quicunque

578 4201 725 4255 cutim
760 4217 856 4271 per
885 4218 1048 4256 omne
1070 4201 1362 4272 probitatis
1388 4219 1559 4273 genus
1586 4213 1819 4261 mentem
1847 4222 2001 4261 suam
2029 4222 2159 4275 pur-

581 4306 711 4361 gare
741 4292 955 4357 nolunt,
983 4292 1078 4347 sed
1113 4293 1167 4347 in
1196 4293 1384 4348 mundi
1411 4296 1570 4351 malis
1598 4298 1938 4364 volutantur,
1971 4298 2159 4353 divina

580 4383 757 4451 gratia
792 4382 949 4437 vacui
987 4385 1380 4452 remanebunt,
1428 4402 1538 4441 non
1571 4389 1836 4443 videbunt
1878 4389 2157 4445 Christum

581 4473 639 4527 in
677 4473 898 4542 seipsis,
937 4474 1258 4529 destitutum
1293 4476 1502 4547 Spiritu
1535 4492 1633 4532 cor
1673 4479 1957 4534 habentes.
1990 4477 2159 4545 Idcir-

579 4579 646 4618 co
679 4573 734 4618 et
762 4565 1138 4635 orphanorum
1190 4567 1367 4622 instar
1419 4569 1690 4640 cujusvis,
1741 4580 1799 4623 ut
1835 4571 1911 4623 ita
1951 4570 2152 4636 dicam,

579 4655 917 4711 immanitate
951 4657 1320 4729 abripiuntur,
1357 4662 1794 4729 perturbatione,
1825 4668 1921 4713 aut
1956 4660 2148 4716 daemo-

577 4762 684 4811 ne,
732 4746 849 4802 sive
887 4747 990 4801 alia
1041 4748 1277 4819 quadam
1333 4751 1613 4806 mundana
1680 4750 1999 4819 cupiditate,
2061 4761 2159 4806 aut

576 4836 773 4908 quavis
800 4852 861 4891 re
893 4837 1148 4893 trahente
1176 4840 1582 4908 quodammodo
1611 4848 1666 4894 et
1693 4840 1741 4892 vi
1769 4840 1837 4894 ad
1868 4850 2154 4910 peccatum

576 4927 912 4996 impellente.
963 4925 1162 4981 Verum
1207 4929 1415 4984 sanctis
1449 4937 1504 4983 et
1538 4928 1606 4982 ad
1657 4944 1785 4984 eum
1837 4931 2154 5000 suscipien-

576 5019 705 5074 dum
755 5022 963 5089 paratis
1004 5022 1131 5090 jure
1185 5022 1385 5084 aiebat,
1425 5036 1549 5075 cum
1582 5022 1719 5076 nihil
1751 5023 1982 5077 istorum
2030 5040 2152 5092 per-

576 5098 791 5178 pessur‘t
825 5119 1013 5164 essent
1045 5129 1057 5163 :
1092 5127 1111 5160 ί
1165 5109 1283 5163 Non
1331 5111 1638 5181 relinquam
1685 5128 1782 5168 vos
1831 5114 2150 5183 orphanos;

583 5200 799 5254 veniam
848 5200 916 5253 ad
948 5215 1049 5254 vos
1077 5200 1143 5252 “.
1184 5219 1203 5252 ι
1241 5200 1411 5269 Igitur
1460 5202 1791 5262 invisibilem
1826 5206 2051 5276 quidem
2097 5216 2153 5261 et

574 5290 1065 5362 inconspicabilem
1098 5292 1168 5346 iis
1199 5294 1293 5363 qui
1342 5310 1465 5364 quae
1509 5297 1699 5351 mundi
1754 5307 1884 5352 sunt
1931 5300 2152 5370 sapiunt

588 5381 711 5435 fore
743 5398 803 5439 se
837 5383 1044 5453 inquit,
1078 5392 1368 5454 postquam
1415 5388 1543 5443 hinc
1591 5389 1938 5460 migraverit,
1970 5391 2024 5445 id
2067 5399 2153 5447 est

576 5481 862 5543 postquam
899 5474 953 5527 in
982 5476 1153 5530 caelos
1180 5476 1427 5533 redierit.
1481 5479 1586 5536 Sed
1623 5483 1891 5538 visibilem
1936 5485 2145 5541 sanctis

576 5564 853 5618 inventum
886 5564 953 5620 iri
985 5566 1080 5632 ait,
1111 5566 1356 5624 divinum
1382 5572 1671 5642 quemdam
1712 5584 1764 5629 et
1798 5574 2146 5630 intellectua-

2262 3108 2462 3179 ρανίων
2489 3108 2556 3162 τά
2589 3110 2806 3179 ἐπίγεια
2835 3112 3180 3181 ποιουμένοις
3204 3114 3261 3164 ἐν
3291 3111 3557 3182 ἀμείνοσι.
3574 3108 3712 3164 ’Καὶ
3732 3112 3846 3175 τοῖς

2264 3201 2361 3270 μὲν
2382 3200 2482 3271 ήδη
2509 3202 2925 3272 προειρημένοις
2961 3202 3196 3272 ἀδελφήν
3226 3220 3285 3255 τε
3306 3203 3400 3256 καὶ
3424 3203 3721 3273 σύνδρομον
3745 3202 3843 3273 τὴν

2265 3290 2503 3344 διάνοιαν
2551 3290 2946 3360 ἐξυφαίνοντες,
2975 3292 3206 3364 ἐροῦμεν
3230 3293 3465 3362 εὐλόγως
3496 3294 3576 3346 ὅτι
3603 3293 3697 3346 τὸν
3746 3293 3846 3364 μὲν

2261 3382 2637 3454 Παράκλητον,
2664 3383 2809 3437 τοῦτ’
2840 3383 3037 3437 ἔστιτὸ
3072 3383 3296 3455 Πνεῦμα
3327 3386 3388 3437 τὸ
3413 3385 3587 3454 ἅγιον,
3611 3384 3847 3439 δέδωκεν

2260 3473 2289 3525 ὁ
2354 3472 2487 3537 Θεὸς
2555 3475 2650 3527 καὶ
2719 3475 2930 3547 Πατὴρ,
2998 3474 3066 3529 δι’
3125 3476 3254 3528 Υίοῦ
3317 3476 3576 3546 δηλονότι.
3659 3478 3847 3532 Πάντα

2261 3564 2369 3638 γὰρ
2397 3565 2463 3619 δι’
2499 3566 2665 3621 αὐτοῦ
2715 3567 2866 3639 παρὰ
2908 3568 3143 3637 Πατρός.
3201 3569 3454 3640 Ἐλήλυθέ
3494 3586 3556 3638 γε
3598 3570 3708 3641 μὴν
3744 3571 3844 3623 οὐκ

2262 3659 2357 3711 ἐπὶ
2405 3657 2615 3723 πάντας
2663 3659 2991 3732 ἀδιακρίτως
3046 3664 3317 3733 πονηρούς
3336 3680 3395 3715 τε
3439 3663 3533 3716 καὶ
3579 3662 3847 3731 ἀγαθοὺς,

2260 3748 2374 3802 ἀλλ’
2405 3750 2490 3819 ἐφ’
2520 3749 2613 3813 οὒς
2654 3746 2723 3821 ἦν
2749 3750 2898 3822 αὐτῷ
2941 3751 3239 3821 βαδιεῖσθαι
3278 3753 3506 3823 πρέπον.
3540 3753 3711 3807 Ὅσον
3747 3753 3846 3824 μὲν

2261 3843 2369 3915 γὰρ
2408 3838 2542 3915 ἧκεν
2575 3846 2657 3906 εἰς
2686 3845 2784 3916 τὴν
2818 3844 2913 3898 τοῦ
2943 3844 3175 3910 διδόντος
3204 3846 3613 3916 πλουσιωτάτην
3648 3864 3709 3900 τε
3752 3849 3843 3901 καὶ

2259 3933 2492 4002 ἄφθονον
2549 3932 2727 4004 χάριν,
2787 3934 3223 4005 οὐδεὶς-ἔμεινεν
3276 3936 3540 4007 ἀμέτοχος
3591 3936 3702 3990 τῶν
3754 3937 3843 3989 ἐπὶ

2259 4024 2362 4095 τῆς
2387 4026 2510 4096 γῆς·
2535 4044 2552 4078 ι
2575 4027 2778 4098 Ἐκχεῶ
2802 4030 2910 4100 γὰρ
2932 4068 2947 4092 ,
2979 4029 3144 4099 φησὶν
3175 4030 3234 4083 ἐν
3255 4030 3580 4101 προφήταις,
3613 4030 3724 4083 ἀπὸ
3754 4030 3842 4083 τοῦ

2262 4113 2570 4185 πνεύματός
2611 4132 2710 4187 μου
2740 4119 2831 4170 ἐπὶ
2861 4119 3040 4172 πᾶσαν
3075 4119 3274 4191 σάρκα·
3315 4138 3332 4171 ι
3380 4121 3611 4185 ἔκαστός
3637 4139 3703 4191 γε
3742 4123 3844 4193 μὴν

2262 4205 2439 4276 ἐαυτῷ
2463 4209 2754 4279 παραίτιος
2782 4210 2987 4278 γίνεται
3015 4212 3109 4265 τοῦ
3140 4212 3436 4282 κεκτῆσθαι
3471 4213 3533 4266 τὸ
3569 4213 3843 4267 θεόσδοτον

2261 4297 2484 4366 ἀγαθὸν,
2513 4298 2545 4371 ἢ
2578 4301 2673 4353 καὶ
2702 4300 2946 4371 μηδόλως
2992 4302 3151 4357 ἐλεῖν.
3183 4304 3246 4356 Οί
3280 4303 3377 4373 μὲν
3408 4303 3516 4375 γὰρ
3547 4303 3640 4357 διά
3666 4306 3843 4376 πάσης

2261 4390 2557 4453 ἐπιεικείας
2597 4390 2688 4444 τὸν
2749 4393 2948 4446 οἰκεῖον
3010 4394 3474 4464 ἀποκαθαίροντες
3518 4395 3646 4448 νοῦν
3684 4397 3841 4450 οὐδα-

2264 4471 2402 4551 μῶς,
2463 4483 2964 4554 ἐμφιλοχωροῦντες
2996 4483 3056 4537 δέ
3108 4485 3228 4539 λίαν
3257 4489 3371 4549 τοῖς
3410 4487 3469 4539 ἐν
3524 4486 3717 4558 κόσμῳ
3750 4504 3845 4540 κα-

2262 4574 2396 4635 κοῖς,
2446 4573 2701 4642 ἅμέτοχοι
2749 4575 2847 4645 τῆς
2895 4573 3043 4639 θείας
3087 4575 3419 4646 ἀπομενοῦσι
3465 4576 3709 4648 χάριτος,
3746 4574 3869 4637 οὐκῗ

2260 4661 2480 4730 ὖψονται
2526 4664 2758 4733 Χριστὸν
2787 4666 2845 4718 ἐν
2887 4667 3118 4731 ἑαυτοῖς,
3157 4668 3371 4738 ἐρήμην
3404 4668 3498 4721 τοῦ
3527 4669 3841 4740 Πνεύματος

2258 4754 2474 4823 ἔχοντες
2502 4755 2599 4826 τὴν
2620 4756 2866 4827 καρδίαν.
2892 4758 2991 4812 Διά
3007 4776 3088 4812 τοι
3112 4758 3270 4812 τοῦτο
3301 4760 3394 4812 καὶ
3423 4762 3481 4813 ἐν
3504 4760 3659 4825 τάξει
3683 4778 3843 4831 γεγο-

2258 4842 2407 4905 νότες
2434 4843 2514 4914 τῷ
2567 4847 2841 4918 προστάτῃ
2872 4847 2980 4901 τῶν
3010 4847 3280 4919 ὀρφανῶν,
3339 4849 3441 4902 ὑπὸ
3496 4849 3734 4915 παντὸς,
3769 4850 3844 4915 ὡς

2256 4934 2387 5000 ἔπος
2432 4936 2626 5002 εἰπεῖν,
2667 4937 3056 5008 διαρπάζονται
3102 4940 3195 4993 τοῦ
3232 4940 3573 4996 πλεονεκτεῖν
3633 4943 3841 5014 ἰσχύον-

2256 5043 2369 5093 τος,
2404 5027 2437 5098 ἢ
2479 5027 2704 5094 πάθους,
2750 5028 2782 5098 ἢ
2813 5029 3083 5100 δαίμονος,
3125 5033 3292 5103 ήγουν
3324 5033 3514 5105 ἐτέρας
3541 5035 3689 5100 τινὸς
3721 5037 3839 5090 ἐπι-

2255 5117 2453 5190 θυμίας
2508 5121 2795 5191 κοσμικῆς,
2851 5122 2943 5175 καὶ
3006 5123 3205 5186 παντὸς
3262 5127 3587 5197 πράγματος
3644 5126 3840 5181 καθέλ-

2253 5230 2438 5277 κοντος
2476 5212 2664 5285 ὥσπερ
2709 5214 2802 5267 καὶ
2831 5214 3152 5286 βιαζομένου
3185 5218 3322 5289 πρὸς
3371 5220 3669 5290 ἁμαρτίαν.
3715 5221 3839 5284 Τοῖς

2253 5322 2318 5379 γε
2353 5305 2459 5377 μὴν
2515 5305 2682 5369 ὁσίοις
2711 5304 2805 5360 καὶ
2836 5309 3157 5379 ἐπιτηδείως
3184 5309 3397 5380 ἔχουσιν
3428 5313 3509 5373 είς
3548 5309 3611 5362 τὸ
3656 5310 3838 5363 λαϐεῖν

2254 5395 2415 5448 αὐτὸν
2445 5396 2668 5459 εἰκότως
2696 5395 2953 5464 ἔφασκεν,
2985 5397 3174 5467 ἐπειδὴ
3203 5397 3407 5451 τούτων
3449 5398 3677 5470 ἔμελλον
3708 5400 3838 5452 ὑπο.

2259 5486 2439 5556 μένειν
2468 5485 2640 5539 οὐδέν’
2684 5505 2703 5538 ι
2739 5487 2854 5541 Οὐκ
2881 5488 3078 5559 ἀφήσω
3112 5472 3257 5560 ὑμᾶς
3284 5488 3573 5560 ὀρφανοὺς,
3606 5490 3837 5561 ἔρχομαι

2255 5577 2392 5646 πρὸς
2415 5577 2578 5647 ὑμᾶς.
2631 5596 2650 5630 ι
2678 5577 2886 5633 Οὐκοῦν
2925 5579 3167 5645 ἄποπτος
3201 5580 3300 5651 μὲν
3343 5581 3436 5635 καὶ
3463 5580 3697 5646 ἀθέατος
3747 5599 3842 5637 κο-

639 5740 683 5772 ⁶⁸
714 5739 862 5798 Psal.
897 5759 948 5813 ν,
985 5744 1071 5802 15.
1147 5747 1193 5826 ξ*
1234 5745 1400 5806 Hebr.
1435 5766 1514 5817 ix,
1555 5751 1645 5806 9.4.
1722 5753 1765 5784 ⁸⁷
1808 5750 2020 5819 Jocl,u,
2056 5752 2144 5808 18.

2259 5751 2270 5784 ³
2342 5752 2500 5811 Joan.
2551 5772 2704 5826 mn,
2748 5758 2833 5814 LI.
