3992 6316
179 291 279 350 265

1195 287 1261 340 IN
1291 287 1579 345 JOANNIS
1622 287 2071 346 EVANGELIUM
2109 287 2237 343 LIB.
2273 288 2365 344 IX.

2465 225 2495 241 Ι

3308 295 3414 352 266

181 405 296 480 μιδῇ
355 404 468 466 τοῖς
519 402 589 456 τὰ
634 403 692 456 έν
737 403 926 475 κόσμῳ
963 403 1219 474 φρονοῦσι
1264 405 1597 478 χρηματίσαι
1643 420 1735 474 φη-

1849 400 1952 456 Iem
1982 400 2244 472 fulgorem
2272 415 2462 456 eorum
2491 401 2683 458 cordis
2719 403 2894 460 oculis
2925 403 3247 462 infundente
3287 423 3416 463 san-

176 499 246 560 σὶ,
277 495 410 568 μετά
454 493 552 566 τήν
583 494 830 548 ἐντεῦθεν
882 495 1212 567 ἀποδημίαν,
1243 498 1386 568 φημὶ
1427 497 1492 568 δὴ
1524 497 1622 567 τὴν
1658 497 1739 559 εἰς

175 589 421 661 οὐρανοὺς
465 589 838 658 ἀναφοίτησιν.
879 587 1104 659 Ὀρατὸς
1144 588 1202 642 δὲ
1235 591 1347 652 τοῖς
1371 589 1548 657 ἁγίοις
1581 589 1738 658 εὐρε-

177 681 422 752 θήσεσθαι
457 680 624 748 λέγει,
655 679 805 734 θείαν
837 679 898 733 τέ
924 697 1046 733 τινα
1071 682 1165 734 καὶ
1189 681 1385 753 νοητὴν
1439 681 1740 743 ἐντιθέντος

180 773 534 846 μαρμαρυγὴν
570 774 683 835 τοῖς
724 771 823 842 τῆς
855 772 1080 844 καρδίας
1117 773 1296 825 αὐτῶν
1325 771 1620 842 ὀφθαλμοῖς
1644 770 1738 823 τοῦ

176 863 316 933 ἁγίου
337 861 475 915 Πνεύ
483 879 650 931 ματος
672 863 769 916 καὶ
791 863 970 916 πᾶσαν
985 863 1193 933 εἴδησιν
1218 863 1593 934 ὲνσπείροντος
1607 865 1742 932 ἀγα-

177 957 285 1027 θήν.
317 955 385 1007 Ἣ
413 954 524 1025 γὰρ
551 953 725 1017 οὕτως
753 953 915 1007 αὐτὸν
935 953 1232 1025 οἰησόμεθα
1251 954 1433 1023 λέγειν
1460 954 1541 1017 τὸ,
1570 974 1588 1006 ι
1619 953 1738 1008 Ἔτι

179 1046 378 1118 μικρὸν,
414 1046 505 1098 καὶ
525 1047 553 1098 ό
571 1044 774 1115 κόσμος
794 1061 861 1115 με
883 1044 1064 1098 οὐκέτι
1093 1044 1305 1115 θεωρεῖ,
1339 1046 1494 1116 ὑμεῖς
1521 1045 1578 1100 δὲ
1603 1044 1738 1098 θεωο

179 1134 307 1206 ρεῖτὲ
357 1151 446 1204 με·
498 1153 518 1186 ι
576 1134 743 1205 ήγουν
779 1133 865 1203 ἐφ’
909 1134 1100 1204 ἑτέραν
1142 1133 1264 1188 τινὰ
1320 1135 1738 1206 παρακλίνοντες

177 1227 432 1296 θεωρίαν,
488 1225 702 1295 μάλισθ’
749 1225 829 1279 ὃτι
884 1225 1284 1297 προσπλέκεται
1337 1229 1450 1290 τοῖς
1509 1228 1739 1299 εἰρημέ-

175 1335 271 1381 νοις
294 1318 421 1387 παρ’
449 1315 612 1371 αὐτοῦ
656 1317 737 1381 τὸ,
777 1336 794 1368 ι
824 1316 946 1370 Ὅτι
976 1316 1088 1386 ἐγὼ
1134 1316 1232 1382 ζῶ,
1266 1317 1362 1370 καὶ
1396 1317 1552 1390 ὑμεῖς
1580 1318 1740 1389 ζήσε-

176 1410 280 1476 σθε,
301 1429 318 1462 ι
341 1408 664 1480 λογιζόμεθα
681 1426 734 1462 τι
755 1408 1011 1463 τοιοῦτον.
1028 1410 1182 1464 Μετά
1197 1409 1304 1480 γὰρ
1319 1409 1418 1482 τήν
1443 1411 1508 1464 ἐκ
1529 1410 1738 1482 νεκρῶν

174 1500 474 1562 ἀναϐίωσιν,
523 1497 869 1568 κατορθώσας
913 1501 978 1570 τῇ
1032 1498 1275 1570 ἡμετέρᾳ
1321 1498 1479 1569 φύσει
1513 1500 1612 1570 τὴν
1658 1501 1740 1561 εἰς

172 1594 294 1662 ὅπερ
336 1586 405 1662 ἦν
442 1589 503 1656 ἐξ
539 1590 710 1661 ἀρχῆς
739 1590 1141 1661 ὲπαναδρομὴν,
1199 1590 1294 1644 καὶ
1323 1589 1610 1656 ἀποδείξας
1647 1589 1738 1643 τὸν

171 1683 442 1752 ἄνθρωπον
474 1680 766 1753 ἄφθαρτον,
795 1681 871 1745 ὡς
909 1683 966 1736 ὲν
999 1682 1246 1753 ἀπαρχῇ,
1283 1681 1378 1736 καὶ
1421 1681 1624 1754 πρώτῳ
1661 1680 1738 1752 τῷ

1842 499 1932 545 cto
1978 490 2205 561 Spiritu,
2235 506 2561 562 omnemque
2608 494 2806 549 bonam
2849 497 3217 567 cognitionem
3270 499 3416 554 inse-

1840 589 2017 636 rcnte.
2050 581 2143 635 Vel
2179 583 2326 636 enim
2375 581 2559 638 dicere
2608 584 2788 654 ipsum
2849 587 3169 657 putabimus
3220 589 3354 643 illud
3399 607 3414 644 :

1845 685 1865 719 ι
1903 669 2095 723 Adhuc
2123 669 2418 736 modicum,
2453 678 2509 726 et
2539 673 2776 728 mundus
2809 690 2895 730 me
2929 673 3043 744 jam
3083 691 3193 730 non
3221 677 3370 732 videt
3399 694 3414 730 :

1839 775 1938 814 vos
1959 769 2140 814 autem
2165 760 2362 816 videtis
2411 776 2530 827 me;
2565 781 2584 813 ι
2619 775 2712 817 aut
2746 775 2897 821 certe
2927 767 2994 820 ad
3032 768 3192 822 aliam
3222 784 3417 839 quam-

1838 849 1965 905 dam
1996 851 2436 907 observationem
2472 855 2747 922 conversi,
2798 857 3032 914 maxime
3077 861 3223 929 quod
3270 863 3414 916 istud

1839 941 2272 1010 prmcedcntibus
2310 943 2649 1014 adjungitur,
2687 964 2706 998 ι
2749 946 2890 1013 Quia
2925 964 3029 1019 ego
3054 952 3202 1016 vivo,
3234 960 3287 1007 et
3315 969 3416 1008 vos

1838 1031 2106 1096 vivetis,»
2176 1032 2488 1086 istiusmodi
2545 1032 2806 1102 quiddam
2869 1035 3053 1090 animo
3109 1053 3418 1095 versamus.

1839 1119 2044 1191 Nempe
2073 1130 2196 1192 post
2224 1123 2692 1178 resurrectionem
2721 1138 2787 1178 ex
2822 1125 3053 1180 mortuis
3076 1135 3331 1180 revocata
3361 1129 3417 1182 in

1838 1211 2133 1282 pristinum
2165 1221 2370 1269 statum
2401 1222 2588 1270 nostra
2627 1218 2846 1278 natura,
2878 1223 2933 1270 et
2971 1215 3193 1272 homine
3219 1232 3417 1273 corru-

1838 1306 2024 1372 ptione
2053 1304 2302 1366 liberato,
2347 1315 2407 1359 ut
2437 1306 2493 1360 in
2540 1305 2801 1376 primitiis
2831 1315 2886 1361 et
2917 1307 3094 1377 primo
3125 1323 3228 1363 suo
3277 1316 3419 1364 tem-

1837 1394 1948 1464 plo,
1981 1395 2229 1450 ascendit
2267 1396 2334 1451 ad
2372 1397 2590 1451 Patrem
2623 1396 2792 1452 Deum
2839 1399 2932 1469 qui
2965 1399 3021 1452 in
3063 1400 3223 1455 cmlis
3255 1418 3270 1467 ;
3316 1402 3412 1456 sed

1835 1494 2030 1541 exacto
2057 1487 2275 1542 modico
2307 1488 2574 1557 temporis
2606 1488 2896 1544 intervallo
2948 1490 3248 1546 descendet
3301 1508 3418 1548 rur-

1838 1592 1958 1642 sus,
2005 1585 2064 1632 ut
2107 1578 2409 1642 credimus,
2461 1594 2525 1633 ac
2557 1587 2864 1635 revertetur
2893 1580 3076 1635 denuo
3109 1581 3176 1634 ad
3210 1596 3311 1636 nos
3361 1583 3413 1636 in

1839 1670 2013 1740 gloria
2042 1669 2224 1725 Patris
2259 1672 2366 1735 sui,
2405 1685 2530 1725 cum
2562 1672 2772 1727 sanctis
2813 1672 3046 1742 angelis,
3073 1683 3126 1728 et
3152 1683 3417 1743 proponet

175 1771 278 1842 ίδίῳ
301 1771 432 1841 ναῷ,
477 1771 641 1841 ἀνέϐη
673 1772 807 1844 πρὸς
851 1773 941 1826 τὸν
989 1773 1047 1826 ὲν
1077 1776 1185 1836 τοῖς
1234 1774 1481 1843 οὐρανοῖς
1517 1772 1735 1843 Πατέρα

1837 1765 2059 1836 quidem
2099 1764 2355 1818 omnibus
2387 1763 2725 1818 tremendum
2774 1763 3042 1829 tribunal,
3077 1779 3200 1818 cum
3230 1765 3415 1828 malis,

172 1863 307 1916 Θεόν·
349 1861 464 1915 ἀλλ’
504 1862 678 1931 ὀλίγον
728 1861 930 1933 μεταξύ
973 1862 1281 1926 διατελέσας
1317 1861 1528 1932 χρόνον,
1573 1877 1743 1915 κατα-

172 1952 382 2022 ϐήσεται
429 1951 610 2013 πάλιν,
651 1951 901 2022 καθάπερ
944 1951 1295 2022 πιστεύομεν,
1335 1951 1429 2004 καὶ
1483 1948 1740 2020 ἐπανήξει

169 2042 318 2095 πάλιν
375 2042 516 2112 πρὸς
559 2042 706 2112 ἡμᾶς
757 2042 814 2094 ἐν
859 2043 926 2111 τῇ
975 2039 1101 2114 δόξῃ
1153 2039 1246 2093 τοῦ
1293 2037 1506 2109 Πατρὸς
1553 2035 1739 2102 αὐτοῦ,

172 2134 298 2203 μετὰ
323 2132 432 2185 τῶν
483 2132 652 2200 ἀγίων
705 2131 954 2200 ἀγγέλων
980 2171 995 2196 ,
1022 2115 1118 2184 καὶ
1145 2129 1409 2201 προθήσει
1435 2127 1534 2198 μὲν
1567 2128 1740 2182 ἅπασι

167 2224 223 2277 τὸ
268 2223 700 2293 φρικωδέστατον
757 2223 908 2292 βῆμα
953 2223 1207 2292 πονηροῖς
1236 2237 1296 2274 τε
1348 2219 1442 2273 καὶ
1494 2217 1737 2286 ἀγαθοῖς.

168 2317 382 2386 Σύμπαν
415 2314 524 2385 γὰρ
546 2315 666 2384 ἥξει
697 2315 757 2367 τὸ
789 2314 1010 2383 ποιηθὲν
1044 2313 1124 2376 είς
1146 2311 1348 2383 κρίσιν’
1378 2309 1655 2379 ἀναλόγως
1682 2309 1742 2363 δὲ

166 2411 268 2471 τοῖς
321 2408 538 2478 ἑκάστῳ
595 2407 943 2478 βεϐιωμένοις
988 2405 1271 2467 ἀποδιδοὺς
1316 2403 1387 2458 τὰ
1437 2401 1737 2475 πρέποντα,

166 2503 268 2564 τοῖς
291 2501 384 2570 μὲν
415 2499 478 2565 ἐξ
501 2499 791 2569 εὐωνύμων
823 2501 957 2570 ὲρεῖ,
987 2497 1130 2550 τοῦτ’
1169 2496 1284 2550 ἐστι
1311 2498 1438 2560 τοῖς¹
1469 2495 1539 2548 τά
1559 2496 1615 2548 ὲν
1643 2493 1738 2548 κό-

168 2606 279 2661 σμῳ
333 2590 704 2662 πεφρονηκόσι
726 2590 874 2643 ποτέ*
915 2608 932 2642 ι
969 2588 1271 2661 Πορεύεσθε
1289 2588 1384 2641 ἀπ’
1415 2585 1572 2658 ἐμοῦ,
1607 2601 1744 2640 κατ-

166 2683 438 2754 ηραμένοι,
497 2685 577 2747 είς
622 2684 684 2736 τὸ
715 2683 826 2754 πῦρ
857 2684 918 2738 τὸ
950 2681 1188 2748 αἰώνιον,
1245 2682 1307 2734 τὸ
1344 2677 1742 2750 ἡτοιμασμένον

163 2775 235 2844 τῷ
278 2774 510 2846 διαϐόλῳ
540 2777 632 2830 καί
677 2778 790 2839 τοῖς
839 2775 1092 2845 ἀγγέλοις
1133 2771 1296 2828 αὐτοῦ
1316 2791 1327 2803 ο
1351 2791 1370 2823 ι
1401 2774 1514 2834 τοῖς
1537 2787 1602 2840 γε
1637 2769 1745 2840 μὴν

165 2867 222 2920 ὲκ
245 2866 457 2933 δεξιῶν,
489 2866 629 2920 τοῦτ’
658 2866 774 2921 ἔστι
807 2869 917 2930 τοῖς
951 2866 1118 2929 ὁσίοις
1147 2865 1241 2919 καὶ
1282 2862 1526 2932 ἀγαθοῖς·
1562 2879 1580 2913 ι
1610 2858 1746 2913 Δεῦ-

1843 1866 1958 1911 tum
1997 1857 2178 1910 bonis.
2211 1853 2422 1909 Cuncta
2465 1853 2609 1910 enim
2640 1863 2894 1910 creatura
2932 1856 2987 1910 in
3018 1855 3289 1926 judicium
3321 1872 3414 1912 ve-

1841 1945 1956 2000 niet
1995 1952 2096 2000 :et
2135 1958 2234 2014 pro
2271 1944 2396 1998 vitae
2421 1943 2692 2014 cujusque
2739 1945 2940 2000 merito
2979 1961 3100 2016 qua:
3130 1946 3287 2001 decet
3320 1961 3409 2000 re-

1840 2035 2110 2100 tribuens,
2149 2036 2218 2092 iis
2267 2037 2359 2106 qui
2406 2051 2436 2090 a
2468 2035 2715 2091 sinistris
2763 2043 2946 2101 erunt,
3000 2037 3054 2091 id
3099 2047 3182 2092 est
3221 2038 3289 2092 iis
3320 2039 3415 2106 qui

1840 2126 2117 2181 mundana
2145 2126 2426 2195 quondam
2461 2126 2747 2195 sapueriut
2785 2125 2975 2182 dicet:
3023 2145 3042 2178 ι
3080 2125 3355 2181 Discedite
3383 2141 3415 2179 a

1841 2233 1949 2284 me,
1988 2218 2300 2283 maledicti,
2339 2218 2504 2289 815
2537 2219 2592 2273 in
2629 2219 2808 2289 ignem
2852 2226 3143 2281 aeternum,
3193 2218 3286 2286 qui
3321 2232 3415 2287 pa-

1838 2318 1994 2366 ratus
2031 2318 2116 2365 est
2170 2311 2389 2367 diabolo
2435 2321 2489 2366 et
2522 2310 2731 2382 angelis
2761 2310 2886 2380 ejus
2910 2310 2987 2376 “;
3042 2329 3060 2361 ι
3123 2310 3192 2365 iis
3231 2318 3412 2364 autem

1840 2402 2004 2472 quia
2044 2400 2255 2458 dextris
2304 2411 2504 2466 erunt,
2565 2402 2620 2456 id
2675 2409 2762 2456 est
2812 2401 3024 2457 sanctis
3078 2416 3141 2456 ac
3193 2402 3353 2456 bonis
3397 2421 3408 2455 :

1845 2510 1864 2546 ι
1896 2491 2111 2560 Venite,
2159 2492 2429 2548 benedicti
2463 2491 2644 2546 Patris
2678 2493 2806 2559 mei,
2853 2493 3132 2562 possidete
3167 2501 3414 2562 paratum

1839 2585 1999 2640 vobis
2036 2599 2260 2654 regnum
2306 2599 2335 2637 a
2367 2585 2761 2639 constitutione
2790 2584 2980 2638 mundi
3012 2583 3080 2638 ⁷⁸.
3119 2603 3137 2634 ι
3170 2584 3412 2638 Conver-

1843 2675 2117 2734 sabuntur
2147 2676 2292 2730 enim
2333 2682 2392 2730 et
2444 2675 2866 2746 conregnabunt
2918 2689 3043 2729 cum
3085 2676 3328 2741 Christo,
3361 2685 3417 2730 et

1844 2767 2173 2824 cmlestibus
2210 2767 2368 2822 bonis
2399 2781 2615 2821 summa
2651 2781 2776 2820 cum
2814 2765 3095 2836 voluptate
3138 2766 3414 2835 fruentur,

1845 2858 2162 2916 conlormes
2187 2857 2318 2912 facti
2361 2856 2792 2913 resurrectionis
2819 2857 2962 2927 ejus,
2990 2867 3047 2912 et
3072 2858 3272 2914 veteris
3298 2873 3425 2914 cor-

163 2972 235 3017 τε,
261 2957 308 3008 oi
354 2956 712 3027 εὐλογημένοι
739 2957 832 3010 τοῦ
889 2957 1098 3028 Πατρός
1133 2973 1256 3026 μου,
1301 2951 1735 3026 κληρονομήσατε

1845 2951 2122 3024 ruptionis
2171 2951 2388 3023 laqueis
2432 2949 2640 3019 vitatis,
2692 2950 2852 3021 longa
2900 2957 2955 3006 et
2989 2949 3257 3006 ineﬂabili
3300 2953 3415 3006 vita

161 3044 251 3115 τήν
298 3047 711 3118 ἡτοιμασμένην
775 3047 905 3117 ὑμῖν
955 3045 1230 3116 βασιλείαν
1273 3044 1382 3100 ἀπὸ
1440 3043 1735 3113 καταϐολῆς

1847 3045 2199 3108 circumdati,
2234 3052 2400 3115 atque
2429 3059 2554 3098 cum
2602 3057 2823 3115 semper
2851 3043 3066 3097 vivente
3098 3043 3331 3098 Domino
3359 3045 3414 3098 in

161 3136 372 3207 κόσμου.
417 3157 437 3189 ›
492 3137 809 3191 Συνέσονται
853 3137 960 3208 γὰρ
999 3137 1095 3191 καὶ
1139 3135 1628 3208 συμϐασιλεύσουσι
1655 3134 1733 3206 τῷ

1837 3143 2102 3190 atternum
2138 3135 2364 3190 victuri.
2383 3133 2545 3200 Quod
2563 3135 2707 3189 enim
2723 3148 2846 3188 cum
2864 3133 3088 3189 Christo
3102 3133 3413 3190 indesinen-

159 3228 385 3299 Χριστῷ,
417 3230 520 3283 καὶ
563 3231 675 3294 τοῖς
725 3229 994 3302 οὐρανίοις
1031 3229 1458 3300 ἑντρυφήσουσιν
1487 3227 1730 3297 ἀγαθοῖς,

160 3315 465 3388 σύμμορφοι
487 3318 769 3387 γεγονότες
805 3318 902 3388 τῆς
935 3318 1283 3382 ἀναστάσεως
1307 3317 1496 3385 αὐτοῦ,
1521 3317 1734 3387 καὶτῆς

161 3408 251 3478 μὲν
323 3409 562 3480 ἀρχαίας
623 3408 828 3480 φθορᾶς
891 3409 1204 3480 διαδράντες
1273 3408 1401 3472 τούς
1483 3407 1730 3479 βρόχους,

160 3502 334 3571 μακρᾷ
381 3500 440 3554 δὲ
491 3501 587 3553 καὶ
645 3500 910 3571 ἀμυθήτῳ
955 3498 1375 3572 περιϐληθέντες
1426 3499 1538 3570 ζωῇ
1567 3538 1582 3562 ,
1639 3498 1735 3552 καὶ

157 3591 520 3663 ἀτελευτήτως
576 3590 652 3662 τῷ
731 3591 816 3644 ἀεὶ
886 3589 1048 3655 ζῶντι
1119 3589 1390 3654 συζῶντες
1464 3587 1732 3660 Δεσπότῃ.

159 3681 270 3737 Ὅτι
309 3684 420 3755 γάρ
457 3685 506 3736 οἱ
542 3683 761 3753 θεοφιλῆ
809 3685 901 3737 καὶ⁷
927 3683 1201 3756 ἐξαίρετον
1249 3683 1589 3753 ἀσκήσαντες
1619 3680 1734 3750 βίον

157 3774 491 3846 ἀδιαλήπτως
521 3774 1030 3847 [γρ.ἀδιαλείπτως]
1074 3771 1732 3845 συνέσονταιτῷΧριστῷ,

156 3860 475 3934 θεωροῦντες
503 3864 745 3934 δηλονότι
775 3865 836 3918 τὸ
859 3864 1000 3920 θεῖον
1028 3863 1192 3918 αὐτοῦ
1217 3865 1312 3917 καὶ
1335 3863 1572 3936 ἄρρητον
1606 3862 1735 3917 κάλ-

155 3951 255 4018 λος,
289 3957 546 4024 σαφηνιεῖ
581 3954 752 4024 λέγων
781 3955 810 4007 ό
843 3953 1085 4017 Παῦλος·
1133 3972 1152 4006 ι
1188 3955 1308 4006 Ὅτι
1343 3953 1504 4016 αὐτὸς
1534 3952 1736 4024 Κύριος

153 4044 205 4096 ὲν
237 4044 590 4115 κελεύσματι,
619 4047 676 4097 ὲν
706 4046 856 4116 φωνῇ
889 4043 1229 4115 ἀρχαγγέλου
1273 4043 1366 4098 καὶ
1394 4044 1452 4095 ἐν
1475 4041 1736 4110 σάλπιγγι

152 4130 277 4184 Θεοῦ
310 4134 687 4203 καταϐήσεται
719 4133 826 4186 ἀπὸ
867 4131 1116 4203 οὐρανοῦ,
1165 4130 1260 4185 καὶ
1303 4132 1354 4183 oi
1388 4130 1571 4200 νεκροὶ
1594 4132 1642 4183 οἱ
1677 4131 1735 4182 έν

151 4220 362 4292 Χριστῷ
391 4222 790 4293 ἀναστήσονται
817 4221 1046 4292 πρῶτοι⁸
1084 4221 1276 4274 ἔπειτα
1301 4221 1482 4290 ἡμεῖς,
1519 4221 1568 4272 οἱ
1600 4217 1736 4283 ζῶν-

151 4327 252 4377 τες,
309 4315 357 4365 οἱ
415 4312 879 4384 περιλειπόμενοι,
939 4313 1034 4366 σὺν
1080 4313 1262 4374 αὐτοῖς
1305 4309 1737 4382 ἁρπαγησόμεθα

1836 3235 1922 3283 ter
1941 3227 2145 3283 victuri
2174 3226 2395 3296 sintqui
2420 3225 2564 3296 piam
2592 3234 2645 3281 et
2671 3225 2928 3282 eximiam
2955 3228 3124 3280 vitam
3148 3241 3415 3283 exercue-

1835 3321 1968 3385 rint,
2002 3319 2444 3389 contemplantes
2474 3318 2740 3373 nimirum
2790 3317 3032 3372 divinam
3067 3317 3190 3386 ejus
3234 3329 3286 3374 et
3331 3320 3410 3374 in.

1832 3410 2106 3467 eﬂ‘abilem
2166 3409 2662 3477 pulchritudinem,
2713 3407 3032 3465 declarabit
3079 3407 3306 3475 Paulus,
3337 3411 3414 3464 di-

1834 3517 1968 3559 cens
2005 3520 2019 3556 :
2055 3520 2074 3552 ‹
2127 3500 2266 3566 Quia
2323 3501 2442 3571 ipse
2476 3499 2742 3556 Dominus
2797 3500 2855 3554 in
2900 3499 3062 3568 jussu
3095 3509 3151 3554 et
3196 3500 3252 3554 in
3283 3515 3415 3556 voce

1836 3592 2160 3663 archangeli
2191 3599 2248 3647 et
2291 3591 2345 3646 in
2378 3591 2508 3645 tuba
2547 3589 2643 3644 Dei
2682 3589 2986 3645 descendet
3017 3590 3085 3645 de
3115 3591 3256 3646 coelo
3295 3610 3307 3645 :
3357 3603 3413 3646 et

1836 3686 2064 3750 mortui,
2094 3685 2190 3755 qui
2239 3685 2293 3739 in
2347 3682 2578 3739 Christo
2625 3690 2776 3745 sunt,
2838 3690 3132 3752 resurgant
3185 3683 3348 3753 primi
3393 3702 3410 3739 :

1835 3777 2034 3833 deinde
2080 3789 2203 3839 nos,
2241 3775 2333 3846 qui
2367 3773 2626 3837 vivimus,
2675 3773 2768 3843 qui
2823 3773 3211 3842 relinquimur,
3248 3774 3411 3829 simul

1835 3868 2112 3938 rapiemur
2144 3880 2267 3920 cum
2307 3863 2417 3918 illis
2449 3863 2505 3918 in
2537 3863 2778 3919 nubibus
2829 3863 3048 3918 obviam
3091 3862 3328 3919 Domino
3357 3864 3410 3918 in

1835 3973 1986 4023 aera,
2029 3965 2084 4012 et
2113 3958 2196 4012 sic
2241 3971 2461 4026 semper
2493 3970 2622 4010 cum
2669 3955 2904 4010 Domino
2937 3955 3148 4011 erimus
3175 3956 3242 4010 ".
3286 3974 3305 4008 ι
3343 3955 3412 4008 Ει

1837 4065 2033 4106 rursus
2066 4049 2134 4104 ad
2169 4063 2268 4104 eos
2318 4048 2413 4117 qui
2469 4046 2806 4102 mortilicare
2856 4047 3172 4104 studuerint
3222 4048 3410 4102 mundi

1837 4141 2170 4211 cupiditates
2199 4159 2212 4193 :
2251 4158 2269 4190 ι
2297 4138 2494 4192 Mortui
2525 4138 2674 4193 enim
2704 4139 2858 4202 estis,
2889 4147 2945 4193 et
2976 4140 3086 4192 vita
3115 4147 3296 4194 vestra
3326 4150 3408 4196 cst

1837 4228 2164 4285 abscondita
2198 4242 2322 4282 cum
2357 4227 2580 4283 Christo
2611 4228 2665 4282 in
2694 4227 2839 4294 Deo;
2873 4243 2999 4283 cum
3030 4228 3284 4286 Christus
3315 4246 3411 4302 ap-

1837 4319 2102 4390 paruerit,
2131 4319 2239 4372 vita
2275 4326 2479 4382 vestra,
2514 4325 2648 4372 tunc
2685 4327 2740 4374 et
2767 4333 2866 4373 vos
2911 4321 3251 4390 apparebitis
3283 4335 3409 4375 cum

153 4403 204 4455 ὲν
225 4404 474 4473 νεφέλαις
505 4405 584 4466 είς
624 4404 924 4474 ἀπάντησιν
967 4402 1060 4456 τοῦ
1089 4402 1294 4474 Κυρίου
1334 4405 1412 4465 είς
1447 4402 1606 4470 ἀέρα,
1641 4399 1735 4454 καὶ

1839 4412 1961 4482 ipso
1991 4412 2044 4464 in
2077 4411 2250 4481 gloria
2308 4411 2374 4463 τ’.
2421 4429 2438 4461 ι
2491 4409 2784 4477 Quocirca,
2831 4419 2890 4464 ut
2938 4412 3044 4465 vim
3101 4419 3159 4467 et
3187 4427 3411 4470 sensum

152 4491 312 4557 οῦτως
333 4494 570 4547 πάντοτε
601 4496 697 4548 σὺν
723 4495 912 4564 Κυρίῳ
933 4492 1188 4564 ἐσόμεθα.
1224 4512 1242 4544 ι
1268 4493 1378 4547 Καὶ
1408 4491 1570 4546 πάλιν
1595 4492 1730 4563 πρὸς

1837 4502 1938 4558 1οοί
1960 4497 2128 4571 hujus
2160 4501 2212 4554 in
2238 4514 2510 4554 summam
2542 4500 2892 4566 contraham,
2925 4501 3016 4572 qui
3044 4502 3233 4557 mundi
3267 4504 3411 4557 mala

151 4586 265 4650 τοὺς
319 4586 554 4657 νεκροῦν
606 4587 889 4658 ἑλομένους
917 4586 984 4640 τὰ
1011 4587 1068 4638 ὲν
1092 4585 1278 4656 κόσμῳ
1319 4585 1486 4656 πάθη⁸
1532 4605 1550 4636 ι
1601 4587 1728 4638 ’Λπο

150 4672 358 4727 εθάνετε
401 4675 538 4746 γὰρ,
588 4675 680 4728 καὶ
729 4678 762 4745 ἡ
809 4673 921 4745 ζωὴ
966 4673 1118 4745 ὑμῶν
1161 4674 1467 4745 κέκρυπται
1508 4676 1604 4728 σὺν
1652 4673 1728 4745 τῷ

150 4765 360 4836 Χριστῷ
418 4769 479 4821 ἐν
529 4767 606 4836 τῷ
651 4766 789 4836 Θεῷ,
842 4766 967 4818 ὅταν
1015 4765 1042 4817 ὁ
1083 4765 1317 4836 Χριστὸς
1355 4762 1728 4836 φανερωθῇ,ή

148 4855 252 4928 ζωή
291 4859 470 4928 ὑμῶν,
526 4859 645 4910 τότε
680 4857 773 4910 καὶ
814 4857 969 4927 ὑμεῖς
998 4855 1446 4925 φανερωθήσεσθε
1487 4855 1584 4908 σὺν
1625 4856 1725 4908 αὐ-

146 4948 215 5018 τῷ
251 4952 306 5002 ὲν
350 4951 505 5022 δόξῃ.
553 4969 569 5000 ι
612 4947 819 5002 Οὐκοῦν
863 4944 1435 5016 (ἀνακεφαλαιώσομαι
1482 4948 1592 5017 γάρ
1632 4944 1728 5000 τοῦ

145 5039 291 5108 λόγου
313 5041 419 5112 τὴν
446 5039 788 5110 δύναμιν),οί
823 5037 920 5108 μὲν
939 5036 1045 5090 τῶν
1071 5039 1128 5089 ὲν
1165 5035 1354 5106 κόσμῳ
1387 5036 1573 5088 κακῶν
1600 5038 1730 5106 ὲρα-

147 5129 259 5182 σταὶ
287 5130 708 5200 κατσιχήσονται
737 5129 872 5196 πρὸς
909 5126 999 5180 τὸν
1025 5125 1178 5197 ᾅδην,
1215 5124 1310 5177 καὶ
1339 5126 1404 5176 ὲκ
1438 5123 1730 5194 προσώπου

144 5226 455 5292 γενήσονται
515 5218 772 5290 Χριστοῦο
828 5217 1141 5270 συνέσονταί
1194 5231 1257 5282 γε
1297 5215 1404 5285 μὴν
1444 5214 1592 5284 αὐτῷ
1637 5216 1732 5269 καὶ

145 5315 608 5384 συνδιαιτήσονται
651 5310 740 5364 διά
793 5309 992 5372 παντὸς
1039 5311 1085 5362 οί
1114 5309 1212 5380 τῆς
1248 5307 1448 5378 ἀρετῆς
1479 5308 1723 5377 ἐρασταὶ,

143 5408 228 5458 καὶ
255 5407 346 5460 τὸν
372 5401 675 5474 ἀρῤαϐῶνα
721 5399 813 5454 τοῦ
853 5399 990 5454 Πνεύ
1002 5416 1160 5470 ματος
1188 5398 1345 5467 ἀσινῆ
1365 5399 1721 5469 τηρήσαντες,

146 5499 384 5559 συνόντες
432 5496 495 5550 δὲ
525 5492 785 5558 δηλονότι,
841 5491 932 5546 καὶ
951 5492 1010 5544 τὸ
1057 5489 1356 5560 θεοπρεπὲς
1406 5487 1568 5542 αὐτοῦ
1595 5506 1726 5541 κατ·

1833 4594 2071 4662 diligunt
2106 4595 2162 4647 in
2193 4592 2469 4647 infernum
2503 4591 2724 4658 cadent,
2775 4601 2830 4648 et
2882 4595 3078 4664 procul
3123 4609 3154 4648 a
3201 4593 3408 4649 Chriin

1834 4692 2132 4753 conspectu
2169 4683 2650 4738 amaudabunlur:
2705 4683 2933 4740 virtutis
2965 4700 3096 4740 vero
3148 4685 3389 4741 studiosi

1836 4786 1890 4831 et
1927 4782 2204 4845 quotquot
2232 4774 2600 4829 arrhabonem
2649 4773 2889 4844 Spiritus
2919 4775 3187 4845 integrum
3219 4790 3378 4830 serva

1835 4869 1972 4930 rint,
2008 4866 2490 4922 conversabuntur
2517 4883 2639 4921 cum
2673 4882 2740 4922 eo
2789 4875 2845 4922 et
2890 4868 3054 4923 simul
3089 4866 3293 4930 vivent,
3342 4881 3402 4922 ac

1828 4957 2073 5012 divinam
2135 4955 2257 5025 ejus
2331 4957 2859 5026 contemplabuntur
2919 4957 3402 5028 pulchritudinem.

1833 5067 1852 5099 ι
1889 5047 2006 5101 Erit
2053 5046 2200 5101 enim
2235 5047 2361 5113 tibi,
2399 5047 2600 5116 inquit,
2653 5047 2922 5103 Dominus
2957 5049 3045 5102 lux
3089 5056 3314 5113 aeterna,
3351 5058 3405 5104 et

1828 5137 1974 5194 Deus
2007 5136 2182 5207 gloria
2221 5144 2312 5190 tua
2343 5137 2410 5192 ⁷³.
2446 5157 2464 5190 ι
2508 5136 2663 5204 Quod
2690 5137 2910 5208 quidem
2937 5138 3250 5208 signiﬁcare
3267 5139 3404 5194 velle

1830 5227 2098 5282 Dominus
2153 5227 2376 5282 videtur
2427 5243 2553 5282 cum
2593 5229 2866 5283 dicentem
2919 5243 3043 5283 eum
3093 5228 3399 5285 audimus:

1836 5338 1855 5371 ι
1895 5319 2092 5374 Adhuc
2121 5319 2423 5384 modicum,
2455 5328 2510 5374 et
2535 5319 2776 5375 mundus
2810 5334 2897 5373 me
2929 5319 3042 5388 jam
3071 5335 3184 5376 non
3211 5320 3356 5377 videt
3383 5339 3399 5387 ;

1832 5423 1932 5462 vos
1959 5415 2144 5462 autem
2174 5407 2370 5463 videtis
2399 5423 2486 5463 me
2515 5446 2532 5472 ,
2561 5410 2690 5478 quia
2732 5423 2837 5478 ego
2866 5410 3014 5473 vivo,
3045 5417 3103 5466 et
3125 5425 3224 5466 vos
3259 5411 3404 5466 vive-

1832 5501 1921 5553 tis.
1967 5518 1984 5549 ι
2015 5497 2376 5568 Nequaquam
2431 5514 2560 5554 vero
2618 5500 2908 5564 mentitur,
2961 5514 3087 5558 cum
3141 5503 3398 5576 exiguum

235 5680 278 5711 "
316 5678 518 5733 Matth.
553 5691 679 5742 xxv,
719 5678 806 5732 ﬂ.
879 5675 926 5707 ὀ
967 5673 1098 5727 Ibid.
1137 5675 1227 5730 54.
1304 5677 1345 5709 ⁷¹
1376 5677 1392 5732 ι
1421 5675 1626 5734 Thess.
1658 5691 1732 5744 tv,

1841 5715 1856 5740 ,
1890 5675 1974 5730 16.
2053 5676 2098 5706 ⁷⁸
2149 5675 2358 5731 Coloss.
2393 5689 2476 5741 Ill,
2509 5675 2562 5730 3.
2636 5676 2680 5708 ⁷³
2721 5675 2828 5733 lsa.
2854 5693 2944 5742 ιι,
2982 5678 3074 5735 17.

383 5775 670 5836 ΡΑι-ιιοι..
693 5771 806 5831 Gn.
839 5767 1096 5830 LXXIV.

2919 5769 2954 5830 9
