3992 6316
158 289 250 348 269

1121 238 1197 328 in
1235 267 1518 328 JOANNIS
1547 259 1996 322 EVANGELIUM
2032 259 2160 317 ua.
2202 259 2292 315 Ix.

160 408 264 467 drcé
307 420 411 468 μοι,
444 401 630 473 φησιν,
679 397 756 462 ὡς
783 397 842 450 ὲν
877 390 1062 464 ἐκείνῃ
1099 393 1166 462 τῇ
1194 389 1380 461 ἡμέρᾳ
1401 382 1725 457 γνωσόμεθα

1840 394 1884 433 ιιι
1928 378 2024 433 illo
2069 379 2158 434 die
2202 391 2604 448 cognoscemus
2640 376 2806 449 hujus
2844 378 3212 452 mysterium!
3247 379 3406 436 Non-

157 504 210 558 εδ
235 497 350 570 περὶ
374 493 563 547 τούτου
587 491 884 564 μυστήριον
907 503 922 554 ;
953 484 1106 539 οὔπω
1135 483 1263 553 γὰρ,
1295 479 1436 536 κατά
1462 478 1524 531 τὸ
1549 476 1717 570 εἰκὸς,

161 594 445 663 ἐγνώκαμεν
482 587 564 638 ὅτι
588 586 618 637 ὁ
646 581 835 653 Πατὴρ
873 579 970 651 μὲν
993 577 1084 630 τὸν
1105 575 1234 628 Υίδν
1283 572 1496 643 ἀγαπᾷ,
1530 569 1720 663 ἀγαπά

160 658 207 741 δέ
225 676 477 739 itala-310;
521 675 612 728 τὸν
635 673 874 744 Πατέραο
911 669 1028 724 ἀλλ’
1059 668 1169 721 οὐδ’
1194 665 1352 734 ίσμεν
1375 680 1462 718 πω
1485 661 1630 731 τάχα
1655 658 1722 711 τὰ

163 775 265 831 καθ’
289 769 520 830 ἑαυτοὺς,
550 763 807 835 λογισμὸς
836 763 892 816 δὲ
908 762 1055 832 ἡμᾶς
1069 757 1344 822 διαπαίζει
1367 753 1522 817 κενὸς
1540 750 1723 822 οἰομέ-

161 884 267 927 νους
295 865 367 916 ὅτι
397 859 649 929 ἠγάπησε
680 856 777 927 μὲν
809 854 958 924 ἡμᾶς
986 853 1016 904 ό
1038 849 1186 913 Υἱὸς,
1214 850 1310 902 καὶ
1343 846 1431 900 διὰ
1460 843 1620 898 τοῦτο
1645 840 1725 910 τῷ

165 957 314 1028 "arpi.
339 952 724 1020 κατεκτήσατο,
750 947 1120 1018 ⁴Ιγγαιιιήσιιμεν
1162 944 1219 998 δὲ
1241 942 1334 996 καὶ
1355 941 1515 1012 ἡμεῖς
1537 936 1721 991 αὐτόν.

163 1027 322 1116 Λὲγων
351 1045 454 1114 γὰρ
486 1042 564 1107 τὸ,
603 1059 622 1092 ι
664 1041 752 1094 Ἐν
781 1038 963 1108 ἐκείνῃ
1007 1039 1072 1107 τῇ
1141 1034 1326 1105 ἡμέρα
1367 1027 1663 1098 γνώσεσθε,
1701 1045 1721 1078 ι

164 1141 290 1194 οὔπω
340 1135 580 1206 παρόντα
625 1131 858 1185 δεικνύει
915 1128 1008 1181 τὸν
1047 1127 1147 1196 τῆς
1198 1124 1460 1194 είδὴσεως
1513 1119 1724 1190 χρόνον.

165 1231 272 1288 Εἶτα
294 1229 341 1282 τί
375 1227 548 1298 μάτην
567 1225 712 1294 ἡμᾶς
743 1219 1072 1275 κατεκτὺπει
1094 1217 1272 1285 λέγων
1291 1216 1320 1268 ὁ
1341 1213 1424 1267 Κύ
1435 1228 1564 1284 ριος’
1602 1229 1622 1262 ι
1669 1210 1728 1262 Ὀ

165 1323 326 1392 Πατὴρ
351 1319 535 1388 ἀγαπᾷ
562 1316 654 1369 τὸν
693 1313 823 1366 Υίόν
843 1329 888 1377 ;»
931 1312 1054 1364 ’Ὁτι
1089 1310 1198 1378 γὰρ
1226 1307 1321 1361 καὶ
1353 1305 1515 1367 αὐτὸς
1541 1301 1730 1371 ἀγαπᾷ

163 1418 239 1471 τὸν
268 1413 492 1481 Πατέρα,
522 1408 603 1471 τίς
633 1408 733 1459 οὐκ
767 1407 919 1476 ὲρεῖ;
957 1400 1078 1465 Πῶς
1103 1401 1180 1462 δὲ,
1211 1398 1334 1452 εἰπέ
1372 1414 1482 1467 μοι,
1514 1393 1731 1463 καὶτῆς

164 1511 230 1572 είς
251 1507 381 1578 ἡμᾶς
416 1500 690 1564 ἀπόδειξιν
719 1500 955 1551 ὲποιεῖτο
1001 1493 1147 1578 σαφῆ
1188 1492 1250 1545 τὸ
1291 1488 1506 1543 ἑλέσθαι
1539 1485 1730 1578 παθεῖν

164 1576 283 1671 ὑπὲρ
312 1596 488 1668 ήμῶν;
529 1612 549 1644 ι
588 1592 772 1656 Μείξω
804 1590 932 1661 γὰρ,
964 1576 1118 1658 φησὶ,
1145 1583 1350 1652 ταύτης
1380 1580 1480 1649 τῆς
1511 1577 1732 1671 ἀγάπης

163 1667 312 1753 οὐδεὶς
334 1667 478 1758 ἔχει,
534 1686 620 1738 ἵνα
669 1699 755 1746 τις
800 1681 899 1750 τὴν
929 1677 1105 1749 ψυχὴν
1141 1673 1306 1729 αὐτοῦ
1341 1673 1408 1743 θῇ
1449 1670 1588 1741 ὑπὲρ
1623 1667 1734 1722 τῶν

1823 470 1954 525 dum
1989 471 2157 535 enim,
2189 479 2248 524 ut
2282 470 2520 537 videtur,
2561 472 2947 543 cognoscimus
2979 471 3197 529 Patrem
3236 473 3404 545 317

1823 563 2044 633 quidem
2077 561 2308 634 diligere
2344 561 2569 626 Filium,
2600 570 2655 617 et
2683 563 2831 619 hunc
2886 564 3119 635 diligere
3148 563 3369 620 Patrem
3398 583 3413 631 ;

1825 654 1919 708 sed
1965 668 2034 707 ne
2069 668 2169 709 nos
2213 654 2434 723 quidem
2475 656 2850 725 agnoscimus,
2882 671 3077 711 verum
3124 658 3272 712 ratio
3309 671 3415 712 nos

1823 760 1964 801 vana
1999 745 2232 809 deludit,
2266 745 2359 815 qui
2390 753 2648 816 putamus
2675 747 2872 802 Filium
2921 764 3025 804 nos
3055 749 3321 804 dilexisse
3353 764 3417 805 ac

1825 839 2054 908 proinde
2089 837 2239 891 Patri
2283 838 2669 907 acquisivisse,
2717 854 2929 910 nosque
2971 855 3096 895 eum
3129 840 3415 898 dilexisse.

1827 928 2026 985 Dicens
2069 930 2220 985 enim
2259 949 2272 984 :
2311 949 2331 982 ι
2369 929 2429 984 In
2477 930 2574 985 illo
2619 930 2709 986 die
2751 931 3123 1001 cognoscetis,
3171 949 3192 986 ι
3225 935 3414 1004 οοεηίο

1828 1021 1998 1080 tionis
2029 1030 2246 1090 tempus
2289 1023 2535 1077 nondum
2561 1021 2756 1077 adesse
2797 1021 3066 1079 ostendit.
3112 1022 3253 1089 Quid
3283 1037 3417 1094 ergo

1830 1111 2036 1167 frustra
2087 1112 2252 1169 nobis
2309 1114 2531 1169 insonat
2564 1111 2856 1179 Dominus,
2890 1113 3126 1169 dicens:
3177 1132 3198 1166 ι
3253 1112 3415 1168 Pater

1829 1203 2006 1275 diligit
2036 1203 2238 1259 Filium
2288 1205 2352 1258 ⁷⁸.
2392 1223 2411 1256 ι
2445 1202 2584 1259 Nam
2613 1214 2668 1260 et
2701 1205 2882 1275 ipsum
2921 1205 3151 1277 diligere
3195 1205 3406 1260 Patren

1830 1297 1955 1368 quis
1991 1313 2100 1352 non
2123 1297 2304 1352 dicet?
2330 1295 2620 1363 Quomodo
2645 1305 2853 1360 autem,
2879 1311 3088 1368 quasso,
3111 1298 3277 1352 etiam
3303 1312 3410 1352 suo

1832 1387 1891 1441 in
1925 1401 2026 1442 nos
2073 1385 2393 1442 dilectionis
2446 1384 2800 1441 manifestum
2848 1386 3116 1442 indicium
3154 1387 3412 1444 afferebat

1831 1477 1979 1548 quod
2015 1493 2114 1548 pro
2160 1477 2323 1533 nobis
2356 1478 2470 1548 pati
2524 1477 2832 1533 voluisset?
2867 1496 2886 1530 ι
2938 1476 3200 1547 Maiorem
3231 1479 3414 1544 enim,

1835 1573 2034 1641 inquit,
2085 1571 2188 1626 hac
2230 1571 2586 1628 dilectionem
2623 1586 2784 1628 nemo
2830 1571 3028 1636 habet,
3067 1581 3127 1626 ut
3175 1574 3413 1628 animam

1837 1676 1994 1718 suam
2031 1669 2202 1731 ponat
2226 1660 2351 1730 quis
2389 1675 2490 1730 pro
2517 1659 2810 1715 amicis"'.
2860 1677 2878 1710 ι
2911 1659 3020 1713 Aut
3045 1673 3146 1714 cur
3175 1658 3325 1730 diligi
3355 1674 3417 1714 se

163 1750 307 1852 φίλων
333 1750 514 1832 adimi.
556 1796 574 1826 ι
611 1775 676 1827 Τί
707 1776 766 1828 δὲ
802 1771 929 1842 παρ’
961 1769 1118 1841 ὴμῶν
1136 1766 1237 1838 τὴν
1264 1767 1345 1830 είς
1374 1762 1567 1818 ἑαυτὸν
1591 1762 1732 1831 ἀγάα-

1840 1769 1864 1809 a
1894 1755 2056 1810 nobis
2106 1753 2400 1809 manifeste
2432 1753 2677 1822 petebat,
2728 1759 2897 1822 atque
2946 1750 3023 1806 ita
3071 1750 3409 1806 voluntatem

165 1893 255 1945 πην
285 1872 452 1944 ἐζήτει
482 1866 689 1937 σαφῶς,
740 1864 828 1918 διά
853 1880 914 1916 τε
942 1860 1101 1914 τοῦτο
1137 1857 1379 1929 πληροῦν
1413 1853 1729 1923 ἐπείγεσθαι

163 1970 220 2022 τὰ
259 1964 504 2020 δοκοῦντα
531 1958 714 2030 αὑτῷ;
754 1976 772 2010 ι
817 1958 877 2011 ⁸0
906 1956 1011 2025 γὰρ
1040 1951 1266 2022 ἀγαπῶν
1303 1967 1391 2021 με,
1448 1948 1602 2019 φησὶ,
1631 1945 1730 2009 τὰς

164 2059 353 2122 ἐντολάς
396 2073 496 2126 μου
527 2055 775 2126 τηρήσει.
815 2069 833 2101 ›
874 2048 1013 2102 Πότε
1049 2045 1158 2118 γὰρ
1184 2044 1283 2116 τὴν
1329 2042 1478 2098 θείαν
1509 2040 1729 2111 ἐντολὴν

163 2154 460 2224 τηρήσομεν,
517 2151 596 2211 είς
626 2146 688 2199 τὸ
721 2143 893 2216 παρὸν
928 2141 1332 2212 ἀλογήσαντες;
1377 2137 1506 2190 Ὅτε
1553 2133 1731 2188 τοίνυν

167 2243 425 2298 πιστεῦσαι
480 2239 582 2312 μὲν
624 2238 794 2304 ἄξιον,
827 2236 908 2289 ὅτι
947 2233 1093 2304 φιλεῖ
1120 2233 1148 2286 ὁ
1178 2231 1305 2295 Υἱὸς
1344 2228 1438 2283 τὸν
1483 2226 1730 2298 Πατέρα,

167 2337 333 2406 ἀγαπᾷ
357 2334 410 2386 δὲ
443 2333 614 2404 ἡμᾶς,
637 2330 732 2383 καὶ
773 2327 901 2397 παρ’
948 2325 1106 2398 ἡμῶν
1146 2323 1451 2392 ἀγαπᾶται,
1479 2319 1596 2384 πῶς
1628 2318 1730 2371 οὐκ

169 2425 427 2481 ἀκόλουθον
441 2425 646 2477 ἐννοεῖν
662 2418 908 2492 ἓτερόντι
941 2413 1322 2486 βεϐουλεῦσθαι
1341 2427 1553 2480 καταση
1563 2409 1729 2480 μῆναι

167 2520 244 2573 τὸν
259 2518 393 2579 Υἱὸν,
412 2517 508 2569 καὶ
523 2514 616 2568 τὸν
627 2513 724 2584 τῆς
739 2509 986 2571 ἑνώσεως
1001 2505 1205 2579 τρόπον
1225 2505 1286 2558 οὺ
1309 2501 1497 2575 τιῷτῆς
1511 2501 1731 2570 ἀγάπης

167 2608 414 2681 ὁρίζεσθαι
462 2607 639 2676 νόμῳ,
695 2602 898 2675 μᾶλλον
921 2598 982 2654 δὲ
1008 2599 1130 2654 καθ’
1161 2596 1352 2670 ἔτερόν
1375 2611 1498 2648 τινα
1531 2591 1732 2664 τρόπον

168 2698 580 2769 είσκεκομικέναι
595 2694 931 2764 σαφῶς,όταν
943 2692 1078 2764 λέγῃ
1092 2688 1229 2762 πρὸς
1241 2688 1409 2760 ἡμᾶς.
1420 2706 1438 2739 ι
1449 2685 1540 2740 Ἐν
1551 2683 1736 2756 ἐκείνῃ

167 2797 222 2864 τῇ
248 2793 415 2863 ἡμέρα
468 2789 746 2860 γνώσεσθε
782 2790 864 2842 ὅτι
919 2784 1029 2854 ἐγὼ
1061 2785 1118 2837 ὲν
1147 2782 1225 2853 τῷ
1270 2779 1448 2851 Πατρί
1481 2794 1604 2848 μου,
1634 2776 1731 2830 καὶ

169 2888 305 2958 ὑμεῖς
341 2888 394 2940 ὲν
420 2884 566 2955 ἐμοὶ,
599 2878 756 2949 κάγὼ
793 2880 850 2931 ὲν
877 2876 1042 2947 ὑμῖν;
1077 2893 1094 2924 ο

237 2975 364 3029 Ἀλλ’
401 2975 520 3044 ἐρεῖ
565 2971 699 3042 πρὸς
744 2967 901 3021 τοῦτο
941 2964 1102 3034 τυχὸν
1143 2963 1172 3014 ὁ
1218 2960 1286 3014 δι’
1315 2958 1588 3021 ἐναντίας,
1644 2958 1730 3011 ὅτι

1838 1862 1996 1904 suam
2039 1861 2069 1900 a
2106 1845 2266 1901 nobis
2297 1845 2557 1916 impleri?
2603 1841 2762 1909 Nam,
2803 1861 2822 1896 ι
2849 1841 2908 1897 Si
2941 1843 3066 1914 quis
3083 1842 3259 1913 diligit
3288 1857 3414 1907 me,
3446 1901 3457 1910 ,

1835 1939 2036 2008 inquit,
2071 1937 2330 1992 mandata
2377 1951 2496 1990 mea
2545 1935 2791 1991 servabit
2820 1935 2888 1989 ".
2945 1953 2965 1988 ι
3007 1935 3238 2001 Quando
3266 1934 3415 1991 enim

1837 2030 2085 2085 divinum
2135 2028 2458 2084 mandatum
2499 2027 2867 2092 servabimus,
2915 2027 3012 2097 qui
3073 2029 3127 2084 in
3172 2041 3416 2097 praesens

1841 2121 1979 2176 illud
2021 2120 2401 2192 negligamus?
2447 2119 2584 2197 Cum
2633 2133 2766 2188 ergo
2811 2119 3040 2174 credere
3084 2133 3313 2176 necesse
3345 2119 3421 2175 sit

1839 2211 2036 2269 Filium
2067 2213 2294 2284 diligere
2332 2211 2574 2275 Patrem,
2617 2225 2830 2280 nosque
2865 2210 2934 2266 ab
2968 2210 3111 2281 ipso,
3137 2217 3193 2266 et
3234 2211 3416 2282 ipsum

1838 2321 1869 2360 a
1903 2306 2061 2362 nobis
2090 2305 2280 2377 diligi,
2321 2302 2600 2376 quomodo
2634 2317 2746 2358 non
2786 2302 3142 2373 cogitandum
3168 2303 3420 2374 sequitur

1837 2400 1984 2454 aliud
2017 2397 2280 2470 quiddam
2323 2395 2634 2468 significare
2658 2394 2901 2450 voluisse
2929 2391 3152 2460 Filium,
3181 2404 3235 2450 et
3263 2395 3421 2450 unio-

1838 2489 1923 2544 uis
1964 2489 2185 2542 modum
2232 2503 2342 2542 nou
2380 2485 2698 2542 dilectionis
2738 2486 2859 2558 lege
2895 2485 3146 2554 deﬁnire,
3177 2486 3277 2542 sed
3309 2487 3420 2543 alia

1837 2579 2072 2652 quadam
2122 2578 2339 2632 ratione
2385 2578 2534 2632 clare
2581 2577 2928 2647 exposuisse,
2983 2593 3110 2633 cum
3143 2579 3268 2636 ait:
3305 2600 3326 2634 ι
3358 2580 3419 2635 1η

1837 2672 1932 2727 illo
1964 2670 2052 2725 die
2081 2670 2450 2739 cognoscetis,
2483 2669 2611 2738 quia
2647 2683 2750 2739 ego
2778 2667 2836 2723 in
2867 2667 3030 2726 Patre
3058 2685 3204 2737 meo,
3233 2678 3290 2727 et
3316 2684 3420 2728 vos

1842 2759 1896 2813 in
1929 2774 2034 2822 me,
2078 2768 2132 2812 et
2161 2773 2263 2824 ego
2294 2757 2349 2810 in
2381 2756 2577 2812 vobis?

1907 2938 2015 2994 Sed
2052 2937 2242 2994 forsan
2286 2939 2355 2992 ad
2384 2938 2491 2992 hoc
2536 2937 2686 2992 dicet
2723 2937 3105 3002 adversarius,
3131 2937 3419 2993 Christum

170 3069 263 3138 trp’)
297 3069 390 3138 μὲν
432 3030 535 3120 τοῦ
577 3030 783 3125 πάθους
809 3060 877 3113 τὰ
903 3030 1124 3113 τοιαθτα
1156 3054 1293 3126 πρὸς
1320 3053 1466 3123 ἡμᾶς
1500 3049 1726 3120 λελάλη-

1840 3040 1959 3088 ante
2004 3031 2318 3103 passionem
2356 3030 2580 3102 quidem
2615 3030 2734 3086 hac
2755 3030 2826 3085 ad
2856 3045 2959 3086 nos
2992 3030 3239 3086 locutum
3269 3045 3419 3095 esse,

170 3175 250 3210 κεν
272 3160 296 3210 ὁ
321 3155 576 3228 Χριστὸς,
607 3153 682 3216 ὼς
706 3150 895 3220 ἀγαπᾷ
923 3147 1022 3218 μὲν
1050 3144 1212 3207 αὐτὸς
1242 3143 1334 3196 τὸν
1359 3141 1600 3213 Πατέρα,
1635 3140 1729 3194 καὶ

170 3249 525 3316 ἀνταγαπᾶται
558 3244 709 3316 παρά
749 3241 844 3296 τοῦ
874 3239 1106 3310 Πατρός,
1135 3237 1328 3308 ἀγαπᾷ
1355 3236 1413 3290 δὲ
1442 3234 1539 3289 καὶ
1563 3233 1731 3305 ἡμᾶς,

168 3340 249 3394 καὶ
277 3342 426 3411 ἡμεῖς
451 3337 622 3391 αὐτόν
651 3354 666 3369 ·
705 3333 841 3406 μετὰ
870 3332 927 3385 δέ
961 3348 1025 3399 γε
1067 3329 1128 3384 τὸ
1174 3328 1344 3392 πάθος
1391 3327 1484 3381 καὶ
1524 3325 1624 3396 τὴν
1667 3326 1734 3378 ὲκ

170 3430 356 3500 νεκρῶν
389 3429 707 3492 ἀναόίωσιν,
740 3424 971 3494 ἐπείπερ
1001 3421 1216 3492 εἴδομεν
1252 3418 1624 3491 διαρῤήξαντα
1657 3415 1737 3470 ’τὰ

168 3518 249 3572 τοῦ
284 3519 505 3573 θανάτου
547 3514 746 3586 δεσμὰ,
772 3512 1094 3583 ἐγνώκαμεν
1136 3513 1218 3565 ὅτι
1248 3510 1308 3562 ὲν
1342 3507 1516 3579 Πατρί
1560 3509 1731 3571 ἐστιν,

173 3611 254 3664 ita
281 3612 340 3684 δὴ
368 3613 456 3664 καὶ
487 3607 875 3679 ἀγαπώμενος,
902 3604 992 3658 διά
1017 3621 1077 3658 τε
1103 3602 1262 3656 τοῦτο
1285 3601 1378 3654 καὶ
1403 3598 1641 3661 ἀναστὰς
1670 3599 1737 3651 ὲκ

171 3704 389 3773 νεκρῶν·
421 3703 507 3755 διὰ
549 3700 709 3754 τοῦτο
741 3699 836 3752 καὶ
881 3696 1044 3760 αὐτὸς
1081 3697 1138 3750 ὲν
1169 3695 1299 3766 ἡμῖν
1344 3692 1440 3746 καὶ
1473 3692 1633 3762 ἡμεῖς
1677 3691 1737 3742 έν

173 3796 320 3866 αὐτῷ,
352 3796 490 3850 κατά
523 3793 616 3847 τὸν
650 3792 810 3847 αὐτὸν
847 3793 945 3861 τῆς
977 3788 1199 3858 ἀγάπης
1227 3787 1404 3854 λόγον.
1451 3784 1642 3854 Ἡμεῖς
1679 3781 1738 3835 δὲ

172 3885 292 3955 πρὸς
320 3886 471 3938 τοῦτό
512 3899 716 3954 φαμεν,
751 3879 987 3954 μάλιστα
1041 3880 1140 3950 μὲν
1188 3877 1436 3949 ληρώδης
1478 3877 1606 3946 ὑμῖν
1643 3875 1739 3928 καὶ

173 3977 407 4041 ἀσύνετος
456 3975 758 4042 παντελῶς,
798 3975 892 4028 καὶ
939 3972 1027 4026 διὰ
1079 3970 1297 4041 σαθρῶν
1332 3967 1437 4022 εἶσι
1485 3967 1658 4037 λόγων
1701 3968 1736 4038 ἡ

172 4072 440 4137 ἀντίθεσις.
491 4071 663 4142 Πλὴν,
705 4064 750 4125 ῶ
779 4071 1040 4140 γενναῖοι,
1070 4063 1434 4133 διασκέψασθε
1467 4063 1629 4118 πάλιν
1655 4063 1736 4115 ὅτι

174 4166 268 4236 πρὸ
292 4167 385 4237 τῆς
414 4169 478 4220 ὲκ
522 4164 735 4236 νεκρῶν
763 4161 1114 4224 ἀναστάσεως
1141 4161 1278 4230 ὅπερ
1317 4157 1563 4228 ἔγνωμεν
1601 4155 1737 4226 ἀλη-

174 4255 287 4319 θῶς,
331 4258 428 4310 οὐκ
478 4257 587 4310 ἔδει
642 4254 830 4325 μαθεῖν
867 4250 1006 4323 μετά
1041 4250 1137 4321 τὴν
1185 4249 1497 4303 ἀνάστασιν.
1535 4247 1597 4300 Ei
1639 4247 1739 4316 μὲν

175 4345 272 4415 γὰρ
316 4347 518 4409 ἀτελῶς
567 4343 924 4413 ἐπιστεύομεν
967 4341 1059 4392 τὸν
1105 4337 1233 4390 Υίὸν
1284 4337 1599 4406 ἀγαπᾶσθαι
1640 4335 1737 4405 μὲν

175 4439 311 4508 παρά
340 4438 430 4492 τοῦ
465 4439 598 4494 ίδίου
645 4435 877 4504 Πατρὺς,
920 4433 1140 4501 ἀγαπᾷν
1300 4429 1397 4520 καί
1445 4428 1607 4482 αὐτὸν
1644 4427 1737 4520 τὸν
1770 4462 1814 4520 D

176 4528 395 4599 Πατέρα,
425 4528 740 4598 περιμένειν
773 4525 945 4586 ὅντως
977 4522 1143 4592 ἐχρῆν
1180 4518 1278 4592 τὴν
1305 4519 1620 4579 ἀνάστασιν,
1651 4514 1740 4571 ἵνα

173 4620 262 4690 τῆς
285 4621 536 4688 γνώσεως
570 4619 780 4689 ἔχωμεν
816 4614 1020 4669 ἐκεῖθεν
1054 4613 1150 4682 τὴν
1178 4610 1510 4682 τελειότητα.
1560 4609 1624 4662 Ei
1682 4606 1741 4660 δὲ

179 4711 469 4776 ἀξιόπιστος
507 4713 538 4765 ό
569 4710 759 4780 Πατὴρ
783 4749 797 4773 ,
847 4707 942 4760 καὶ
983 4705 1090 4776 πρὸ
1127 4704 1224 4774 τῆς
1267 4702 1616 4765 ἀναστάσεως
1650 4699 1742 4752 λέ-

178 4819 304 4872 γων·
335 4824 350 4858 ι
383 4805 554 4868 Αὐτός
594 4807 739 4856 ἐστιν
781 4804 812 4854 ὁ
849 4799 980 4856 Υἱός
1027 4817 1130 4869 μου
1177 4798 1208 4849 ό
1241 4795 1543 4866 ἀγαπητὸς,
1577 4813 1596 4847 ι
1621 4794 1746 4865 ἀλη-

179 4893 312 4949 θεύει
361 4897 416 4950 δὲ
462 4896 559 4949 καὶ
604 4893 765 4956 αὐτὸς
822 4893 849 4943 ὁ
896 4891 1108 4960 Σωτὴρ,
1145 4888 1350 4956 λέγων,
1389 4905 1408 4937 ι
1458 4887 1525 4955 '0_
1557 4886 1745 4958 Πατὴρ

178 4987 347 5059 ἀγαπᾷ
389 4989 480 5040 τὸν
530 4985 678 5039 Υίόν⁵
719 5004 738 5037 ι
789 4982 818 5034 ό
862 4983 919 5036 δὲ
965 4982 1064 5052 τῆς
1107 4981 1326 5049 ἀγάπης
1371 4978 1528 5045 λόγος
1577 4985 1636 5038 ιν
1677 4979 1744 5048 τῇ

179 5080 302 5133 κατά
332 5083 439 5133 πᾶν
479 5077 776 5149 τελειότητι
822 5076 1020 5128 νοεῖται
1067 5072 1418 5143 πρεπόντως’
1457 5069 1509 5120 τί
1539 5067 1743 5138 φληνάο

177 5187 278 5237 φως
301 5173 445 5242 ἡμᾶς
476 5171 864 5240 κατακροτεῖτε
895 5165 1113 5233 λόγοις;
1143 5163 1208 5217 Τί
1258 5163 1336 5229 δὲ,
1379 5161 1439 5214 τὸ
1473 5161 1572 5231 τῆς
1609 5159 1746 5230 ἀληο

179 5260 314 5323 θείας
356 5256 776 5332 παρωθούμενοι
821 5255 1034 5319 κάλλος,
1079 5252 1141 5305 τὸ
1180 5250 1418 5312 δυσειδὲς
1450 5251 1582 5319 ἡμῖν
1611 5249 1744 5302 ἀνα-

178 5353 424 5407 πλάττετε
478 5352 696 5421 ψεῦδος,
745 5349 1054 5414 ὲξέλκοντες
1107 5345 1204 5415 μὲν
1249 5344 1348 5413 τῆς
1399 5340 1493 5394 τοῦ
1536 5338 1747 5410 Πατρός

176 5443 342 5509 οὐσίας
371 5445 463 5497 τὸν
497 5442 560 5506 εξ
609 5440 768 5494 αὑτοῦ
812 5438 905 5491 καί¹
941 5437 1009 5489 δι’
1039 5433 1203 5489 αὐτοῦ
1244 5432 1392 5494 Υἱὸν,
1426 5428 1659 5500 σαθροὺς
1690 5427 1746 5480 δὲ

175 5532 281 5588 λίαν
318 5535 696 5604 ὲπινοούμενοι
743 5531 952 5598 λόγους,
989 5527 1083 5580 καὶ
1121 5525 1359 5595 στροφὰς
1381 5521 1594 5574 ἀτόπων
1627 5520 1746 5572 ἀπι-

176 5624 408 5688 νοοῦντες
465 5620 880 5691 συλλογισμῶν;
913 5620 1033 5669 Ὅτι
1097 5614 1205 5686 γὰρ
1265 5612 1551 5682 ἠγάπησεν
1601 5609 1746 5677 ἡμᾶς

1834 3140 2032 3196 nempe
2050 3124 2197 3196 quod
2216 3125 2339 3194 ipse
2368 3123 2589 3194 quidem
2614 3121 2834 3178 Patrem
2868 3121 3065 3193 diligat
3089 3129 3143 3176 et
3169 3121 3418 3178 vicissim

1837 3219 2100 3290 diligatur
2140 3233 2171 3272 a
2208 3216 2397 3283 Patre,
2443 3215 2698 3284 adeoque
2729 3229 2832 3270 nos
2866 3215 2985 3284 ipse
3015 3214 3207 3285 diligat
3234 3223 3291 3270 et
3315 3229 3422 3270 nos

1837 3312 2057 3382 ipsum;
2105 3309 2202 3364 sed
2249 3315 2381 3380 post
2423 3307 2738 3377 passionem
2787 3314 2843 3362 et
2883 3305 3350 3362 resurrectionem
3390 3320 3422 3359 a

1838 3403 2098 3464 mortuis,
2158 3411 2452 3470 postquam
2507 3397 2840 3469 agnovimus
2893 3412 3020 3453 eum
3076 3397 3277 3453 mortis
3325 3411 3423 3450 ru-

1837 3493 1985 3565 pisse
2016 3491 2259 3556 vincula,
2300 3498 2660 3560 perspectum
2708 3488 2873 3544 nobis
2909 3487 3086 3544 fuisse
3133 3503 3261 3544 eum
3295 3502 3424 3544 esse

1838 3587 1895 3641 in
1939 3583 2127 3649 Patre,
2175 3591 2364 3652 utpote
2411 3582 2680 3637 dilectum
2722 3595 2786 3634 ac
2830 3578 3067 3649 proinde
3112 3593 3143 3633 a
3188 3580 3422 3634 mortuis

1838 3677 2175 3740 excitatum;
2205 3674 2421 3729 idcirco
2449 3681 2505 3728 et
2543 3672 2728 3742 ipsum
2765 3685 2891 3726 esse
2937 3671 2994 3724 in
3029 3669 3193 3726 nobis
3222 3679 3278 3725 et
3318 3686 3424 3728 nos

1839 3769 1897 3824 in
1929 3769 2072 3840 ipso,
2087 3766 2387 3824 secundum
2403 3763 2651 3820 eamdem
2666 3762 2980 3819 dilectionis
2999 3763 3292 3820 rationem.
3309 3761 3423 3820 Nos

1840 3866 2025 3915 autem
2038 3856 2436 3930 respondemus
2449 3852 2701 3913 frivolam
2715 3871 2840 3912 esse
2855 3864 2909 3912 et
2929 3854 3174 3926 putidam
3191 3870 3423 3926 prorsus

1839 3952 2201 4022 objectionem
2211 3950 2624 4007 .Verumtamcn
2637 3949 2986 4006 considerate
2995 3964 3212 4016 rursus,
3225 3965 3259 4006 o
3268 3951 3420 4018 boni,

1838 4060 1951 4100 non
1984 4043 2161 4101 fuisse
2193 4044 2356 4100 nobis
2393 4058 2534 4113 opus
2567 4050 2694 4114 post
2722 4042 3189 4098 resurrectionem
3207 4041 3424 4099 discere

1840 4134 1989 4207 quod
2011 4143 2139 4190 ante
2150 4134 2612 4190 resurrectionem
2635 4149 2764 4190 vere
2787 4133 3172 4202 cognovimus.
3195 4130 3253 4187 Si
3269 4134 3420 4188 enim

1841 4226 2161 4299 imperfecte
2176 4226 2541 4282 credebamus
2566 4224 2720 4294 diligi
2759 4239 2787 4277 a
2819 4239 2921 4279 suo
2941 4222 3107 4279 Patre
3134 4223 3334 4280 Filium
3366 4233 3423 4281 et

1839 4323 1992 4377 hunc
2019 4321 2264 4376 vicissim
2299 4319 2518 4374 Patrem
2547 4319 2793 4388 diligere,
2825 4316 3200 4388 exspectanda
3227 4317 3422 4388 utique

1841 4422 1961 4471 erat
1991 4412 2350 4478 resurrectio,
2400 4421 2461 4466 ut
2505 4411 2840 4481 cognitionis
2870 4409 3263 4481 perfectionem
3293 4410 3425 4466 inde

1845 4519 2334 4577 consequeremur.
2365 4504 2524 4570 Quod
2558 4503 2605 4559 si
2651 4517 2817 4558 verax
2864 4509 2982 4558 erat
3024 4500 3224 4566 Pater,
3255 4502 3423 4558 etiam

1848 4613 1971 4654 cum
2003 4606 2132 4652 ante
2155 4594 2626 4651 resurrectionem
2663 4592 2876 4649 diceret
2909 4610 2923 4647 :
2958 4611 2978 4644 ι
3006 4590 3109 4647 Hic
3137 4603 3222 4648 est
3248 4590 3422 4646 Filius

1849 4706 2008 4746 meus
2037 4689 2276 4743 dilectus
2298 4687 2365 4747 ⁷⁷,
2394 4705 2412 4738 ι
2449 4693 2506 4740 et
2536 4684 2797 4740 Servator
2826 4685 2950 4754 ipse
2974 4699 3103 4738 vere
3149 4681 3419 4751 loquitur,

1851 4798 1973 4838 cum
2022 4781 2099 4835 ait
2144 4800 2156 4833 :
2201 4779 2406 4834 «Pater
2457 4777 2643 4848 diligit
2698 4776 2900 4830 Filium
2934 4775 3004 4840 ⁷⁸,
3038 4793 3056 4826 ι
3100 4770 3421 4827 dilectionis

1854 4884 2038 4929 autem
2079 4872 2247 4942 διε
2276 4871 2542 4925 rationem
2573 4867 3029 4940 perfectissimam
3072 4861 3288 4918 censeri
3320 4861 3420 4916 de-

1854 4974 1941 5021 cet
1969 4982 1983 5018 :
2016 4979 2118 5018 cur
2169 4977 2269 5017 nos
2303 4961 2518 5016 frivolis
2555 4959 2906 5016 sermonibus
2941 4952 3296 5010 obtunditis?
3327 4959 3422 5007 aut

1852 5071 1978 5124 cur,
2020 5055 2274 5111 veritatis
2302 5054 2716 5124 pulchritudine
2749 5051 2975 5120 rejecta,
3010 5047 3215 5100 infame
3257 5043 3422 5099 nobis

1851 5147 2200 5204 mendacium
2250 5145 2480 5217 fingitis,
2527 5144 2596 5200 de
2639 5140 2952 5199 substantia
3000 5136 3182 5191 Patris
3229 5133 3423 5188 detru-

1851 5239 2047 5294 dentes
2088 5254 2212 5293 eum
2245 5238 2338 5308 qui
2366 5253 2436 5293 ex
2475 5238 2599 5306 ipso
2639 5243 2692 5289 et
2735 5247 2832 5304 per
2865 5233 3048 5301 ipsum
3082 5233 3166 5283 est
3197 5226 3424 5292 Filium,

1853 5330 2182 5399 excogitatis
2210 5328 2417 5399 putidis
2442 5325 2757 5382 rationibus
2786 5333 2841 5378 et
2866 5319 3233 5376 absurdorum
3261 5331 3431 5388 argu-

1853 5431 2166 5478 mentorum
2221 5418 2513 5489 strophis?
2585 5415 2745 5483 Quod
2803 5413 2949 5469 enim
3007 5410 3266 5466 dilexerit
3319 5422 3426 5464 nos

1853 5512 2186 5583 Unigenitus
2217 5525 2456 5579 eumque
2504 5522 2605 5562 nos
2652 5504 3042 5568 dilexerimus,
3072 5502 3253 5560 cuivis
3296 5513 3425 5572 per-

1854 5605 2064 5674 spicere
2118 5601 2323 5664 licebit,
2369 5604 2543 5670 ipsam
2579 5598 2827 5652 veritatis
2879 5604 3129 5649 naturam
3168 5588 3424 5667 consido-

243 5739 287 5773 "
327 5739 475 5796 lean.
504 5755 599 5798 ιιι.
632 5737 718 5792 35.
803 5737 869 5767 "'
911 5731 1072 5787 Joan.
1104 5743 1196 5796 xv,
1227 5729 1316 5784 l5.
1389 5725 1618 5800 "_Joan.
1651 5739 1762 5788 xxv,
1805 5723 1889 5777 15.
1970 5720 2028 5792 "_
2059 5715 2244 5770 Matth.
2276 5729 2411 5783 mi,
2445 5719 2497 5774 5.
2574 5717 2620 5750 ⁷⁸
2651 5714 2807 5771 Joan.
2854 5729 2935 5777 ιιι,
2974 5711 3064 5769 '55.
