3992 6316
531 248 632 303 ΞΠ

1526 250 1581 306 S.
1623 250 1900 309 CYRILLI
1939 250 2409 310 ALEXANDRINI
2447 254 2769 313 ARCHIEP.

3687 266 3800 322 173

531 384 658 426 rare
703 369 931 426 volenti.
971 388 988 421 ‹
1015 369 1151 424 Nam
1201 385 1327 425 cum
1357 370 1412 425 in
1449 370 1622 427 forma
1671 375 1764 430 Dei
1812 391 1876 430 ae
1922 375 2102 432 Patris

2209 379 2234 430 ὁ
2258 376 2587 447 Μονογενὴς,
2603 375 2979 446 ἠγαπήσαμεν
3005 374 3062 428 δὲ
3101 375 3196 429 καὶ
3229 377 3390 446 ἡμεῖς
3421 377 3603 444 αὑτὸν,
3632 383 3799 435 παντί

531 469 701 525 esset,
731 478 841 517 non
871 463 1120 532 rapinam
1149 463 1450 520 arbitratus
1480 473 1564 519 est
1589 481 1713 522 esse
1743 482 1804 522 se
1836 469 2105 537 mqualem

537 552 673 614 Deo.
725 554 820 609 sed
892 554 1252 624 semetipsum
1313 557 1626 611 exinanivit
1672 557 1907 615 formam
1963 561 2107 616 servi

533 645 814 714 accipiens
840 644 908 698 "’.
940 663 958 694 ι
995 645 1064 698 At
1094 661 1373 715 quamam,
1412 649 1667 714 obsecro,
1703 651 1900 705 horum
1937 666 2107 708 causa

533 737 677 789 fuit?
703 734 895 790 Nonne
925 736 1244 794 dilectionis
1275 755 1405 810 erga
1443 755 1544 795 nos
1579 742 1758 796 ratio?
1789 743 1859 796 At
1885 743 2106 798 cuinam

531 826 760 879 dubium
811 826 960 881 istud
991 843 1117 882 esse
1156 831 1408 898 poterit?
1439 831 1594 895 Quod
1629 841 1810 888 autem
1839 849 1942 890 nos
1966 849 2105 901 quo-

530 930 638 985 que
676 930 777 985 pro
821 917 1048 974 Christo
1082 921 1259 990 ipsum
1299 923 1448 977 ultro
1495 923 1732 979 animam
1767 941 2108 997 persequen-

530 1009 681 1065 tibus
731 1009 1054 1080 objicilnus,
1101 1028 1170 1067 ne
1205 1014 1512 1070 Dominum
1562 1024 1814 1073 nostrum
1865 1019 2106 1090 abnege-

533 1117 681 1168 mus,
725 1104 981 1174 nunquid
1023 1105 1317 1162 manifesto
1351 1107 1669 1166 dilectionis
1697 1111 1770 1166 in
1796 1113 1980 1183 ipsum
2012 1129 2104 1168 ar-

533 1203 796 1265 gumento
834 1204 889 1251 et
925 1196 1134 1252 indicio
1166 1196 1370 1253 fuerit?
1395 1202 1562 1271 Atqui
1593 1204 1677 1259 vel
1721 1205 1868 1260 istud
1913 1221 2104 1260 verum

531 1303 657 1342 esse
715 1287 997 1353 fateberis,
1051 1290 1136 1346 vel
1183 1300 1412 1348 sanctos
1466 1303 1740 1366 martyres
1793 1297 2103 1363 damnabis,

532 1380 694 1449 quasi
735 1379 941 1435 frustra
977 1391 1200 1452 propter
1249 1383 1533 1440 Christum
1590 1388 1740 1457 passi
1785 1389 1938 1454 sint,
1983 1397 2107 1443 tan-

532 1477 759 1539 tumque
789 1470 1094 1540 periculum
1121 1474 1294 1544 gratis
1318 1481 1374 1530 et
1404 1476 1535 1532 sine
1569 1478 1822 1535 mercede
1860 1481 2107 1549 pertule-

533 1561 664 1614 rint.
691 1560 828 1616 Cum
852 1578 986 1634 ergo
1013 1566 1318 1634 perSpicue-
1336 1566 1631 1624 admodum
1665 1571 2105 1627 demonstratum

533 1651 606 1707 sit
642 1651 859 1707 Patrem
917 1654 1214 1724 perfectam
1277 1657 1498 1727 quidem
1542 1660 1598 1714 in
1648 1659 1848 1716 Filium
1905 1664 2108 1719 habere

2207 487 2286 538 τῳ
2318 469 2667 540 προκείσεται
2719 468 2814 520 καὶ
2861 466 2981 520 λίαν
3030 467 3261 537 ἐτοίμως
3303 469 3453 534 ἰδεῖν,
3494 471 3664 543 αὐτὴν
3687 472 3798 528 ἑπ-

2207 560 2396 630 αθρεῖν
2421 558 2653 612 ἐθέλοντι
2671 558 2769 628 τῆς
2796 557 3052 629 ἀληθείας
3082 557 3181 628 τὴν
3210 557 3392 626 φύσιν.
3417 578 3450 611 ν(
3494 560 3580 612 Ἐν
3603 567 3799 634 ,μορφῇ

2207 652 2318 722 γὰρ
2351 650 2611 720 ὑπάρχων
2643 648 2736 702 τοῦ
2774 648 2909 702 Θεοῦ
2945 650 3038 702 καὶ
3081 650 3316 720 Πατρὸς,
3363 651 3462 720 οὑχ
3499 651 3801 721 ἁρπαγμὸν

2207 743 2451 813 ἡγήσατο
2475 741 2534 796 τὸ
2563 739 2700 795 εἶναι
2733 741 2824 794 ῐσα
2856 739 2997 810 Θεῷ,
3043 741 3158 794 ἀλλ’
3181 741 3370 795 ἑαυτὸν
3411 743 3800 797 ἐκένωσεδού-

2206 837 2300 888 λου
2329 834 2540 906 μορφὴν
2561 833 2760 888 λαϐών.
2802 852 2820 883 ι
2845 828 2980 886 Εἶτα
3005 833 3110 898 τίς,
3135 835 3256 886 εἰπέ
3283 851 3398 904 μοι,
3416 834 3524 887 τῶν
3541 835 3802 890 τοιούτων

2206 929 2239 997 ἡ
2270 927 2580 997 πρόφασις;
2617 922 2742 997 'Ap‘
2769 926 2830 978 οὑ
2862 924 2962 994 τῆς
2995 926 3076 988 εἰς
3104 927 3251 996 ἡμᾶς
3283 927 3504 997 ἀγάπης
3529 929 3558 980 δ
3608 929 3800 996 λόγος;

2211 1018 2320 1070 Καὶ
2357 1016 2477 1080 πῶς
2511 1016 2658 1070 ἐστιν
2687 1017 3052 1086 ἀμφιϐαλεῖν;
3091 1017 3164 1069 Τὸ
3193 1017 3250 1069 δέ
3283 1018 3378 1070 καὶ
3406 1019 3553 1088 ἡμᾶς
3590 1018 3804 1071 ἐθέλειν

2208 1107 2348 1178 ὑπὲρ
2382 1106 2620 1178 Χριστοῦ
2651 1107 2744 1160 καὶ
2775 1106 2944 1177 αὑτὴν
2969 1107 3198 1177 ἑτοίμως
3220 1107 3364 1176 ἐχειν
3387 1108 3803 1178 καταπροέσθαι

2205 1199 2589 1263 τοῖςδιώκουσι
2628 1200 2728 1270 τὴν
2763 1198 2962 1270 ψυχὴν,
2995 1200 3082 1252 ἴνα
3126 1199 3201 1270 μὴ
3244 1201 3334 1254 τὸν
3383 1201 3590 1256 ἑαυτῶν
3626 1203 3804 1272 ἀρνη-

2209 1291 2430 1362 σώμεθα
2479 1291 2704 1362 Κύριον,
2750 1287 2841 1364 ἆρ’
2878 1291 2978 1344 οὑκ
3027 1291 3094 1345 ἂρν
3143 1291 3455 1360 είσκομίσαι
3505 1293 3651 1362 σαφῆ
3695 1293 3802 1363 τὴν

2206 1379 2478 1447 ἀπόδειξιν
2527 1381 2631 1452 τῆς
2675 1384 2755 1445 εἰς
2800 1381 2960 1434 αὑτὸν
3004 1383 3260 1452 ἁγάπηςς
3313 1381 3451 1434 Ἀλλ’
3492 1382 3524 1452 ἢ
3577 1383 3799 1447 πάντως

2207 1473 2404 1542 ἀληθὲς
2441 1473 2557 1542 ἐρεῖ
2607 1489 2692 1535 τις
2746 1471 2846 1524 ικαὶ
2890 1469 3066 1536 τοῦτο,
3111 1473 3145 1542 ἡ
3178 1470 3307 1543 ,[γγ).
3465 1473 3574 1526 τῶν
3625 1472 3801 1542 ἁγίων

2207 1563 2628 1635 καταψηφιεῖται
2661 1563 2972 1634 μαρτύρων,
3011 1563 3086 1626 ὼς
3137 1565 3223 1616 ἐπ’
3252 1563 3427 1617 οὐδενὶ
3455 1563 3564 1617 τῶν
3595 1566 3800 1635 χρησί-

2211 1673 2327 1727 μων
2364 1654 2729 1724 διηθληκότων
2779 1655 2868 1708 διά
2917 1654 3151 1725 Χριστὸν
3191 1654 3285 1708 καὶ
3320 1653 3512 1724 ἀμισθὶ
3539 1655 3798 1710 τοσοῦτον

533 1744 887 1808 charitatem,
921 1754 970 1800 et
1004 1746 1170 1800 simili
1209 1749 1384 1804 modo
1431 1765 1558 1804 eum
1589 1750 1810 1808 Patrem
1841 1753 2094 1824 diligere,

2210 1747 2626 1820 ἀνατλησάντων
2672 1747 2930 1800 κίνδυνον.
2976 1746 3450 1818 Ἀποδεδειγμένου
3479 1747 3794 1820 τοιγαροῦν,

491 1893 498 1900 _
532 1843 586 1888 et
615 1850 720 1890 nos
753 1851 899 1900 eum,
927 1853 1139 1906 nosque
1177 1839 1248 1894 ab
1272 1854 1338 1894 eo
1371 1841 1546 1913 diligi,
1574 1843 1706 1913 quid
1757 1845 1987 1901 rationis
2011 1846 2108 1901 dc-

534 1941 681 1980 mum
713 1939 796 1982 est
833 1937 1024 1998 putare
1055 1927 1122 1982 ad
1156 1930 1544 2002 alia‘tempora
1584 1933 1751 2004 hujus
1793 1934 1871 1989 rei
1911 1937 2106 2007 cogni-

533 2019 735 2074 tionem
765 2020 1043 2083 devolare,
1080 2037 1206 2076 cum
1236 2021 1508 2080 Dominus
1535 2025 1686 2080 dicat
1719 2045 1733 2082 :
1770 2046 1786 2079 ι
1807 2027 1866 2082 in
1897 2029 1989 2084 illa
2019 2029 2108 2083 die

531 2112 898 2182 cognoscetis.
930 2113 1059 2181 quia
1086 2128 1187 2184 ego
1206 2113 1262 2168 in
1289 2113 1480 2181 Patre,
1508 2125 1563 2173 et
1587 2134 1685 2175 vos
1710 2119 1765 2172 in
1793 2129 1973 2186 meret
1999 2135 2100 2190 ego

531 2204 588 2258 in
635 2204 809 2259 vobis.
845 2224 862 2256 ι
904 2203 1134 2260 Valeant
1169 2209 1321 2263 enim
1359 2209 1580 2264 illorum
1621 2225 1779 2282 nugae
1807 2221 1864 2267 et
1909 2213 2107 2282 impia-

533 2310 652 2350 rum
708 2296 1194 2352 ratiocinationum
1253 2308 1566 2355 commenta
1617 2319 1630 2355 :
1689 2316 1812 2368 nos,
1865 2302 2110 2372 Spiritus

533 2388 901 2443 illustratione
931 2389 1148 2453 confisi,
1181 2388 1365 2445 dicere
1401 2405 1512 2446 non
1543 2393 1855 2449 verebimur
1888 2410 2012 2464 qua:
2041 2395 2110 2449 ad

531 2479 853 2548 quaestionis
882 2479 1046 2550 hujus
1072 2479 1489 2551 explicationem
1531 2495 1679 2541 recte
1707 2499 1768 2540 se
1796 2485 1997 2543 habere
2027 2486 2109 2540 vi-

531 2569 833 2626 dehuntur.

2213 1843 2306 1896 καὶ
2343 1840 2487 1911 μάλα
2523 1838 2730 1909 σαφῶς,
2759 1838 2835 1902 ὼς
2875 1838 3086 1892 τελείαν
3135 1839 3234 1909 μὲν
3281 1841 3310 1892 ὁ
3356 1839 3544 1909 Πατὴρ
3584 1841 3666 1902 εἰς
3699 1840 3796 1893 τὸν

2212 1934 2340 1987 Υἰδν
2387 1933 2501 2004 ἔχει
2561 1932 2660 2004 τὴν
2703 1931 2959 2001 ἀγάπην,
3017 1932 3312 2003 ίσοτρόπως
3363 1932 3420 1985 δὲ
3472 1933 3568 1985 καὶ
3625 1932 3795 1995 αὐτὸς

2211 2026 2402 2096 ἀγαπᾷ
2440 2024 2531 2078 τὸν
2567 2022 2804 2094 Πατέρα,
2849 2023 2944 2075 καὶ
2971 2023 3132 2091 ἡμεῖς
3171 2021 3269 2091 μὲν
3317 2020 3500 2084 αὑτὸν,
3539 2021 3702 2084 αὑτδς
3734 2021 3796 2074 δὲ

2209 2119 2376 2188 ἡμᾶς,
2404 2120 2555 2170 ποῖον
2584 2115 2647 2170 ἂν
2673 2115 2783 2185 ἔχοι
2808 2114 2962 2183 λόγον
2985 2113 3045 2166 τὸ
3075 2114 3156 2176 είς
3173 2113 3400 2184 ἑτέρους
3423 2113 3628 2167 οῐεσθαι
3666 2113 3796 2184 χρό-

2207 2228 2328 2275 νους
2349 2210 2684 2263 ἀνάπτεσθαι
2719 2207 2880 2278 τυχὸν
2909 2206 3006 2277 τὴν
3040 2206 3134 2258 ἐπὶ
3158 2205 3295 2276 τῷδε
3321 2206 3625 2274 διάγνωσιν,
3661 2206 3797 2258 ὃταν

2206 2302 2338 2376 λέγῃ
2383 2303 2411 2354 ὁ
2458 2300 2690 2372 Κύριος·
2728 2319 2746 2351 ‹
2791 2301 2878 2353 Ἐν
2930 2298 3111 2370 ἐκείνῃ
3146 2301 3212 2369 τῇ
3269 2297 3455 2369 ἡμέρᾳ
3509 2293 3792 2365 γνώσεσθε

2208 2397 2290 2450 ὅτι
2331 2394 2442 2464 ἐγὼ
2475 2396 2534 2447 ἐν
2564 2395 2642 2466 τῷ
2679 2395 2872 2466 Πατρὶ,
2915 2395 3010 2448 καὶ
3051 2395 3206 2464 ὑμεῖς
3252 2395 3310 2446 ἐν
3347 2392 3490 2462 ἐμοὶ,
3533 2389 3691 2457 κάγὼ
3734 2391 3798 2443 ἐν

2211 2488 2374 2556 ὑμῖν;
2401 2505 2418 2538 ι
2461 2485 2619 2538 Ἀλλὰ
2643 2485 2752 2556 γὰρ
2778 2484 2985 2557 ἐρρέτω
3017 2485 3114 2555 μὲν
3144 2483 3213 2537 τὰ
3242 2484 3463 2537 ἐκείνων
3500 2483 3799 2554 ληρὴματα

2211 2580 2308 2632 καὶ⁸
2338 2578 2446 2632 τῶν
2473 2577 2739 2649 μισοθέων
2764 2577 3038 2649 λογισμῶν
3067 2580 3100 2648 ἡ
3142 2577 3502 2648 παρεύρεσιςσ
3525 2577 3688 2645 ἡμεῖς
3713 2572 3798 2637 δὲ,

528 2668 594 2736 τῇ
623 2664 717 2718 τοῦ
763 2665 1075 2737 Πνεύματος
1105 2669 1354 2741 δᾳδουχίᾳ
1389 2669 1780 2743 θαρσήσαντες,
1809 2674 1978 2727 εἰπεῖν
2005 2673 2104 2728 οὐκ
2141 2673 2439 2745 ὀκνήσομεν
2473 2671 2616 2744 άπερ
2653 2671 2829 2737 ἔδοξεν
2877 2672 3020 2742 ἔχειν
3080 2670 3255 2742 ὀρθῶς
3314 2670 3452 2741 ὑπὲρ
3496 2667 3800 2738 σαφηνείας

529 2757 639 2812 τῶν
670 2756 1033 2830 ζητουμένων.

597 2847 736 2904 Cum
765 2865 900 2920 ergo
933 2850 1292 2920 praemisisset
1327 2870 1340 2905 :
1379 2870 1398 2903 ι
1432 2853 1565 2923 Ego,
1599 2861 1676 2918 et,
1701 2869 1798 2910 vos
1836 2856 2053 2920 vivetis,
2082 2875 2099 2908 ι

531 2942 714 2999 statim
775 2942 860 2998 his
918 2943 1202 3014 subiungit
1243 2961 1256 2997 :
1303 2963 1320 2994 ι
1351 2943 1408 2998 In
1455 2946 1548 3000 illo
1604 2946 1694 3002 die
1747 2947 2104 3016 cognoscetis

2281 2848 2634 2922 Προειρηκὼς
2658 2846 2970 2918 τοιγαροῦν,
3003 2846 3083 2901 δτι
3119 2865 3141 2899 ι
3190 2846 3332 2916 Ἐγὼ
3372 2846 3467 2900 καὶ
3508 2847 3664 2918 ὑμεῖς
3697 2848 3803 2921 Cf)-

2211 2943 2369 2996 σεσθε
2389 2959 2403 3008 ;
2423 2961 2454 2993 -ι
2491 2941 2830 3011 παραχρῆμα
2861 2940 3069 3004 τούτοις
3097 2939 3411 3007 ἐπενεγκὼν
3444 2939 3758 3009 εὑρίσκεται
3778 2958 3795 2973 ·

531 3035 661 3105 quia
699 3049 802 3106 ego
828 3036 882 3088 in
910 3031 1073 3090 Patre
1119 3050 1243 3090 meo
1271 3045 1325 3090 et
1353 3051 1451 3091 vos
1481 3038 1536 3090 in
1565 3052 1671 3104 me,
1702 3045 1757 3092 et
1788 3053 1890 3109 ego
1920 3038 1976 3093 in
2011 3053 2105 3094 νου

2216 3054 2234 3086 ι
2277 3035 2366 3088 Ἑν
2387 3033 2565 3104 ἐκείνῃ
2590 3036 2655 3103 τῇ
2680 3033 2862 3104 ἡμέρᾳ
2880 3031 3154 3100 γνώσεσθε
3182 3033 3266 3085 ὅτι
3297 3030 3407 3100 ἐγὼ
3436 3034 3492 3085 ἐν
3514 3032 3592 3102 τῷ
3622 3032 3802 3105 Πατρι

533 3128 638 3182 bis.
674 3147 692 3178 ι
737 3129 806 3180 At
835 3127 1053 3180 cuinam
1075 3127 1318 3182 omnino
1358 3142 1549 3184 eorum
1583 3129 1675 3198 qui
1709 3137 1839 3185 sunt
1867 3143 1934 3185 ac
1961 3139 2105 3184 recte

2213 3144 2336 3198 μου,
2373 3128 2468 3180 κα)⁸
2493 3127 2650 3197 ὑμεῖς
2693 3125 2750 3177 ἐν
2796 3125 2940 3195 ἐμοὶ,
2975 3122 3131 3192 κάγὼ
3177 3125 3234 3176 ἐν
3287 3125 3434 3194 ὑμῖν.
3469 3142 3490 3174 ι
3519 3119 3652 3177 Εἶτα
3689 3125 3799 3179 τίνι

533 3219 778 3273 sentiunt
805 3218 1093 3274 non-valde
1119 3219 1470 3289 perspicuum
1499 3218 1577 3274 sit
1598 3219 1742 3275 diem
1766 3222 2108 3293 cognitionis

535 3310 922 3373 delerminare,
965 3325 1076 3380 quo
1124 3325 1225 3365 nos
1265 3310 1432 3365 etiam
1482 3310 1548 3364 ad
1595 3311 1774 3380 ipsum
1823 3310 2106 3366 reformati

534 3402 602 3456 ad
631 3401 799 3456 vitam
839 3400 1130 3456 ascensuri
1162 3416 1357 3456 sumus
1387 3409 1667 3465 aeternam,
1703 3400 1898 3455 mortis
1938 3400 2108 3454 male-

533 3493 778 3549 dictione
811 3493 1021 3548 vitata?
1050 3491 1116 3545 Et
1158 3492 1381 3561 quidem
1421 3492 1555 3545 mihi
1585 3491 1693 3547 tale
1719 3492 1852 3561 quid
1890 3491 2110 3562 signifi-

533 3601 664 3640 care
690 3585 907 3640 videtur
938 3583 1162 3649 Paulus,
1183 3598 1321 3637 cum
1357 3582 1604 3637 divinum
1650 3583 1814 3637 nobis
1853 3583 2107 3638 revelans

535 3674 858 3746 mysterium
909 3673 974 3728 ad
1028 3673 1326 3728 nonnullos
1377 3673 1620 3728 scribit:
1662 3692 1680 3724 ι
1713 3671 1910 3726 Mortui
1957 3671 2104 3726 enim

529 3766 686 3832 estis,
709 3773 764 3819 et
789 3766 896 3818 vita
935 3775 1116 3820 vestra
1149 3772 1238 3819 est
1271 3763 1596 3818 abscondita
1624 3778 1749 3817 eum
1795 3763 2022 3818 Christo
2048 3762 2104 3815 iu

533 3857 662 3913 Deo.
693 3854 927 3922 Quando
963 3869 1097 3926 ergo
1131 3854 1391 3908 Christus
1423 3853 1746 3922 apparuerit
1780 3853 1950 3923 819
1993 3853 2106 3907 vita

530 3960 733 4013 vestra,
786 3955 917 4001 tunc
958 3953 1014 4000 et
1059 3959 1157 3998 vos
1199 3943 1543 4013 apparebitis
1572 3958 1696 3997 cum
1732 3945 1854 4012 ipso
1893 3945 1947 3998 in
1989 3945 2107 4016 glo-

527 4035 1262 4096 ria'°.-—Reformabitenim
1275 4048 1479 4104 corpus
1493 4035 1823 4090 humilitatis
1844 4045 2066 4101 nostrae,
2082 4056 2100 4088 ι

529 4134 633 4186 hoc
679 4129 941 4182 nimirum
974 4140 1040 4180 ae
1079 4140 1187 4179 non
1211 4123 1399 4184 aliud,
1437 4143 1456 4174 ι
1481 4124 1883 4195 configuratum
1916 4127 2108 4196 gloriae

527 4237 639 4278 suae
662 4221 764 4284 ⁸¹,›
791 4229 845 4274 et
865 4219 918 4272 in
942 4217 1236 4287 pristinum
1263 4223 1470 4272 statum
1497 4216 1819 4272 reformabit
1844 4217 2104 4273 ineﬂ‘abili

525 4313 736 4366 virtute
756 4308 1002 4364 hominis
1026 4315 1311 4371 naturam,
1343 4308 1529 4363 omnia
1565 4307 1723 4364 facile
1738 4309 2103 4364 transferens

2207 3218 2316 3272 τῶν
2344 3217 2513 3272 ὄντων
2556 3217 2652 3271 καὶ
2701 3218 2917 3287 φρονεῖν
2959 3215 3226 3270 εἰωθότων
3263 3215 3439 3287 ὀρθῶς
3466 3216 3564 3269 οὑκ
3608 3218 3678 3270 ἂν
3706 3217 3802 3284 γέ-

2209 3327 2352 3364 νοιτο
2403 3309 2496 3362 καὶ
2546 3307 2690 3379 μάλα
2736 3308 2905 3376 σαφὲς
2943 3307 3018 3370 ὼς
3061 3307 3278 3378 ἡμέρας
3329 3307 3501 3378 ὁρίζει
3547 3308 3647 3376 τῆς
3706 3306 3802 3359 ἐπὶ

2207 3399 2381 3471 τούτῳ
2404 3399 2656 3468 γνώσεως
2683 3398 2780 3452 τὸν
2812 3398 3024 3470 καιρὸν,
3058 3397 3180 3452 καθ’
3211 3398 3272 3452 δν
3297 3398 3364 3452 ἂν
3394 3399 3486 3451 καὶ
3515 3399 3677 3468 ἡμεῖς
3695 3398 3802 3451 αὑ-

2207 3491 2289 3544 τοὶ
2323 3489 2460 3561 πρὸς
2486 3489 2650 3543 αὐτὸν
2680 3489 3154 3559 ἁναμορφούμενοι
3184 3489 3320 3559 πρὸς
3346 3489 3490 3558 ζωὴν
3521 3489 3800 3560 ἀναϐησό-

2211 3582 2351 3653 μεθα
2374 3581 2472 3652 τὴν
2501 3581 2740 3643 αἰώνιον,
2772 3582 2870 3650 τὴν
2892 3579 2987 3634 τοῦ
3017 3579 3248 3634 θανάτου
3277 3580 3590 3650 διαδράντες
3619 3581 3798 3648 ἀράνς

2207 3673 2316 3727 Καί
2353 3690 2442 3742 μοι
2472 3673 2618 3726 δοκεῖ
2655 3671 2894 3726 τοιοῦτόν
2923 3689 2976 3724 τι
3006 3687 3071 3742 ση
3083 3672 3294 3742 μαίνειτν
3327 3673 3355 3724 ὃ
3381 3671 3616 3742 Χριστός
3639 3689 3796 3741 φησι,

2208 3765 2350 3834 φημὶ⁵
2392 3765 2450 3816 δὲ
2487 3765 2577 3817 τὸν
2615 3762 2846 3826 Παῦλον,
2892 3764 3020 3816 ὅταν
3058 3763 3118 3816 τὸ
3167 3763 3306 3818 θεῖον
3345 3765 3476 3834 ἡμῖν
3519 3763 3799 3817 ἀποκαλύο

2206 3871 2357 3908 πτων
2385 3856 2682 3925 μυστήριον
2711 3854 2999 3924 ἐπιστέλλῃ
3025 3855 3161 3926 πρός
3184 3873 3361 3918 τινας·
3392 3874 3419 3906 ί
3464 3856 3795 3908 Ἀπεθάνετε

2206 3945 2335 4016 γὰρ,
2365 3945 2470 3999 -καὶ
2497 3946 2530 4016 ἡ
2567 3944 2680 4015 ζωὴ
2713 3945 2868 4014 ὑμῶν
2914 3946 3219 4017 κέκρυπται
3249 3947 3344 3999 σὺν
3373 3945 3451 4016 τῷ
3481 3946 3706 4016 Χριστῷ
3737 3948 3794 3999 ἐν

2205 4037 2283 4108 τῷ
2329 4035 2466 4106 Θεῷ.
2501 4036 2668 4090 Ὅταν
2731 4031 2825 4090 οῦν
2875 4037 2904 4089 ό
2951 4037 3183 4107 Χριστὸς
3251 4037 3536 4109 φανερωθῇ
3597 4039 3631 4108 ἡ
3679 4037 3794 4108 ζωὴ

2207 4128 2382 4198 ὑμῶν,
2431 4129 2550 4182 τότε
2603 4129 2697 4182 καὶ
2743 4130 2898 4199 ὑμεῖς
2931 4128 3384 4199 φανερωθήσεσθε
3419 4129 3516 4182 σὺν
3553 4128 3705 4198 αὑτῷ
3735 4130 3794 4180 ἐν

2201 4221 2348 4293 δόξῃ.
2385 4220 2868 4292 Μετασχηματίσει
2919 4219 3028 4290 γὰρ
3059 4219 3120 4272 τὸ
3179 4219 3337 4290 σῶμα
3378 4219 3478 4288 τῆς
3532 4218 3795 4272 ταπεινῶ-

2204 4330 2342 4376 σεως
2395 4311 2570 4382 ἡμῶν,
2622 4330 2641 4362 ι
2691 4311 2847 4364 τοῦτο
2899 4311 2964 4380 δὴ
3017 4310 3252 4374 πάντως,
3295 4309 3388 4362 καὶ
3434 4309 3533 4379 οὐχ
3581 4309 3788 4378 ἕτερον,

527 4409 580 4457 in
632 4401 1003 4472 quodcunque
1045 4398 1286 4453 voluerit
1327 4418 1338 4453 :
1381 4399 1565 4455 «Deus
1609 4401 1755 4456 enim
1796 4411 1881 4456 est
1921 4416 2105 4464 verus,

2217 4421 2237 4454 ι
2284 4402 2604 4476 σύμμορφον
2646 4403 2747 4472 τῆς
2791 4402 2948 4472 δόξης
2999 4399 3195 4464 αὑτοῦ,
3241 4421 3260 4453 ι
3315 4400 3408 4454 καὶ
3455 4399 3791 4470 μεταπλάσει

525 4495 620 4565 qui
681 4494 813 4549 facit
861 4492 1045 4547 omnia
1080 4498 1135 4545 et
1169 4491 1546 4557 transformat,
1580 4513 1597 4544 ι
1643 4495 1786 4549 sicut
1835 4494 2101 4563 scriptum

523 4593 610 4641 est
635 4585 704 4640 ⁸¹.
737 4586 897 4640 Circa
924 4585 1080 4638 illum
1105 4585 1248 4641 diem
1280 4586 1465 4658 igitur,
1502 4589 1620 4642 sive
1655 4596 1894 4656 tempus,-
1917 4603 2026 4655 quo
2050 4596 2105 4642 et

529 4693 628 4735 vos
652 4677 757 4748 ipsi
782 4677 979 4732 vivetis
1004 4676 1152 4746 (vivo
1172 4678 1317 4734 enim
1332 4693 1454 4750 ego,
1472 4677 1726 4748 quamvis
1752 4677 1915 4732 homo
1938 4678 2105 4732 sicuti

529 4782 628 4823 vos
668 4767 873 4830 factus,
906 4773 961 4820 et
999 4781 1235 4839 corpore
1273 4766 1617 4838 corruptioni
1640 4774 1844 4820 natura
1873 4783 1972 4822 sua
2010 4769 2108 4823 ob-

530 4857 699 4912 noxio
737 4855 1012 4925 indutus),
1061 4859 1212 4914 clare
1254 4855 1678 4928 «cognoscetis,
1727 4856 1927 4924 inquit,
1976 4857 2104 4927 quia

527 4962 630 5015 ego
660 4946 716 5000 in
761 4944 944 5016 Patre,
983 4955 1037 5003 et
1067 4964 1166 5004 vos
1202 4949 1255 5002 in
1304 4963 1391 5000 me
1419 4955 1472 5001 et
1501 4962 1601 5015 ego
1628 4946 1682 4998 in
1727 4946 1900 5001 vobis.
1926 4966 1943 4998 ι
1981 4947 2105 5003 Sta-

530 5048 748 5095 tuemus
786 5049 967 5096 autem
1006 5040 1121 5094 haec
1154 5040 1219 5094 ad
1250 5053 1360 5092 nos
1391 5036 1680 5110 Dominum
1732 5036 1960 5103 dixisse,
1993 5055 2101 5094 non

529 5139 588 5185 ut
635 5131 1019 5187 existimemus
1065 5147 1189 5186 eum
1243 5144 1369 5184 esse
1412 5129 1465 5181 in
1516 5128 1686 5182 Patre
1740 5129 1955 5184 ratione
2011 5131 2102 5184 di-

527 5223 802 5289 lectionis,
831 5223 994 5278 sicuti
1031 5219 1364 5276 adversariis
1395 5219 1598 5288 piacet,
1632 5220 1728 5276 sed
1760 5223 1974 5278 ratione
2006 5224 2100 5278 alti

527 5315 797 5384 mysterii,
831 5312 980 5384 quod
1009 5327 1109 5366 nec
1153 5319 1336 5364 mente
1370 5310 1661 5380 concipere
1705 5325 1807 5366 nec
1851 5315 2104 5369 oratione

526 5405 807 5474 explicare
831 5411 917 5458 est
936 5401 1117 5467 facile,
1132 5407 1532 5467 verumtamen,
1545 5403 1726 5472 quoad
1743 5411 1952 5472 potero,
1968 5405 2103 5460 illud

526 5511 801 5567 exponere
843 5493 1112 5548 conabor.
1145 5491 1414 5560 Quamvis
1458 5511 1589 5565 ergo
1635 5495 1884 5564 cujusvis
1923 5497 2106 5552 homi-

2208 4495 2343 4565 πρὸς
2374 4495 2435 4548 τὸ
2458 4496 2686 4566 ἀρχαῖον
2719 4495 2944 4566 ἀρῤἡτῳ
2982 4493 3208 4563 δυνάμει
3239 4491 3338 4562 τὴν
3373 4489 3665 4561 ἀνθρώπου
3701 4489 3792 4556 φύε

2209 4601 2314 4651 σιν,
2353 4586 2532 4640 πάντα
2582 4585 2894 4655 μετατιθεὶς
2940 4584 3176 4644 εὐκόλως
3223 4583 3358 4653 πρὸς
3397 4583 3534 4652 ὅπερ
3573 4582 3640 4635 ἂν
3673 4580 3793 4651 βού-

2207 4677 2373 4742 λοιτο,
2404 4675 2794 4738 διακωλύοντος
2833 4675 3076 4738 οὐδενός*
3103 4694 3126 4726 4
3161 4674 3293 4737 Θεὸς
3326 4674 3433 4745 γάρ
3473 4674 3623 4726 ἐστιν
3661 4673 3793 4742 άλη-

2210 4769 2375 4832 θινὺς,
2422 4767 2589 4821 ποιῶν
2636 4768 2832 4832 πάντα,
2866 4767 2961 4820 καὶ
3014 4765 3457 4836 μετασκευάζων,
3496 4783 3515 4815 ι
3551 4765 3696 4818 κατὰ
3729 4766 3794 4817 τὸ

2210 4857 2614 4929 γεγραμμένον.
2638 4857 2774 4910 Κατ’
2799 4857 3012 4925 ἐκείνην
3041 4852 3133 4910 οῦν
3156 4856 3263 4927 ἄρα
3294 4856 3390 4925 τὴν
3411 4855 3649 4925 ἡμέραν,
3676 4857 3795 4924 ἡτοι

2209 4948 2302 5002 τὸν
2353 4950 2581 5025 xatpbv,__
2605 4949 2727 5004 καθ’
2767 4949 2826 5001 ὃν
2877 4950 2970 5001 καὶ
3017 4949 3174 5018 ὑμεῖς
3223 4947 3376 5000 αὐτοὶ
3421 4945 3656 5014 ζήσεσθε
3693 4945 3794 5016 (ζῶ

2210 5038 2320 5110 γὰρ
2357 5039 2468 5108 ἐγὼ
2511 5022 2686 5094 καίτοι
2733 5039 2854 5093 καθ’
2897 5040 3041 5109 ὑμᾶς
3077 5038 3362 5110 ἄνθρωπος
3395 5036 3657 5106 γεγονὼς,
3700 5037 3796 5088 καὶ

2208 5132 2270 5186 τὸ
2319 5131 2624 5186 ὑποπίπτον
2648 5134 2714 5203 τῇ
2772 5131 2948 5202 φθορᾷ
2995 5131 3136 5184 κατά
3183 5146 3247 5197 γε
3301 5129 3398 5200 τὴν
3442 5127 3576 5181 ἰδίαν
3631 5127 3797 5196 φύσιν

2210 5224 2572 5294 ἐνδυσάμενος
2618 5223 2824 5294 σῶμα),
2852 5223 3060 5292 σαφῶς,
3093 5242 3111 5274 ι
3135 5219 3556 5289 Ἐπιγνὼσεσθε,
3603 5219 3795 5289 φησὶν,

2209 5317 2290 5370 ὃτι
2321 5315 2431 5383 ἐγὼ
2465 5314 2563 5384 μὲν
2590 5315 2648 5368 ἐν
2676 5313 2754 5386 τῷ
2783 5315 2978 5382 Πατρὶ,
3012 5314 3164 5384 ὑμεῖς
3191 5311 3248 5365 δὲ
3280 5313 3337 5364 ἐν
3367 5311 3511 5381 ἐμοὶ,
3541 5308 3698 5377 κάγὼ
3732 5310 3796 5362 ἐν

2211 5407 2359 5478 ὑμῖν.
2391 5425 2411 5458 ι
2439 5405 2834 5476 Διακεισόμεθα
2866 5406 2922 5459 δὲ
2953 5404 3110 5459 ταυτὶ
3132 5404 3269 5476 πρὸς
3296 5403 3442 5473 ἡμᾶς
3466 5401 3556 5455 τὸν
3585 5400 3798 5470 Κύριον

2210 5499 2404 5563 εἰπεῖν,
2427 5498 2525 5565 οὑχ
2557 5497 2643 5550 ἵνα
2677 5497 2983 5568 νομίζωμεν
3012 5495 3276 5569 ὑπάρχειν
3311 5493 3474 5551 αὑτὸν
3505 5494 3565 5548 ἐν
3588 5491 3796 5564 Πατρὶ,

601 5669 907 5745 "_Philipp.
940 5686 997 5737 ιι,
1031 5669 1082 5738 G,
1114 5671 1166 5727 7.
1243 5671 1289 5705 ‘°
1321 5671 1533 5730 Coloss.
1560 5687 1641 5739 ιιι,
1677 5672 1731 5740 5,
1762 5673 1816 5728 4.
1893 5673 1936 5706 ⁸³
1965 5671 2102 5728 Phili

2238 5686 2322 5742 ιιι,
2353 5671 2442 5728 2i.
2515 5673 2566 5745 _“
2593 5673 2761 5730 Amos
2791 5688 2844 5740 ν,
2885 5671 2939 5730 8.
