3992 6316
181 360 278 417 2Ἱ3

1173 367 1241 422 ΙΝ
1278 363 1564 422 JOANNIS
1609 362 2062 421 EVANGELIUM
2104 363 2232 418 LIB.
2271 365 2361 419 IX.

3314 363 3422 422 97‘

183 474 310 530 κατά
356 491 416 542 γε
454 474 547 530 τὸν
590 477 688 546 τῆς
729 478 948 550 ἀγάπης
997 481 1172 548 λόγον,
1215 481 1404 552 ὥσπερ
1447 477 1537 534 οὖν
1575 481 1724 534 ὲδόκε

1851 480 1940 535 nis
1979 486 2218 533 mentem
2255 479 2379 533 huic
2411 487 2668 533 accurate
2697 477 3024 549 explicando
3054 477 3212 547 longe
3244 478 3422 547 impa-

181 570 282 629 τοῖς
315 565 379 618 δι’
425 567 671 632 ἐναντίας
710 573 956 640 φρονεῖν,
1005 571 1140 625 ἀλλά
1192 573 1333 626 κατά
1366 573 1591 642 δύναμιν
1634 589 1736 641 μυ-

183 656 386 724 στηρίου
417 656 627 725 βαθέος,
678 658 707 710 6
753 659 844 713 καὶ
884 661 1074 730 νοῆσαι
1121 662 1219 731 μὲν
1268 664 1444 714 ἐκεῖνο
1484 661 1736 731 χαλεπὸν,

183 747 368 816 φράσαι
395 747 452 800 δὲ
479 749 539 801 οὑ
575 750 777 821 ῥᾴδιον·
800 752 938 822 πλὴν
966 753 1113 816 ὅπως
1131 753 1197 806 ἂν
1226 748 1336 816 οἷός
1373 771 1432 806 τε
1466 747 1739 823 ὣ,διηγεῖ-

184 836 294 889 σθαι
341 838 692 910 πειράσομαι.
736 841 847 912 Τῆς
888 843 986 912 μὲν
1034 839 1126 897 οὖν
1171 843 1430 914 ἀκριϐοῦς
1472 843 1738 908 ἐκθέσεως

184 929 303 982 πολὺ
349 929 467 982 λίαν
511 932 776 1003 ἡττῆσθαι
817 936 995 988 πάντα
1041 936 1172 989 νοῦν.
1218 936 1587 1007 ὑπολαμϐάνω
1630 936 1738 988 τῶν

182 1021 264 1074 ἐπὶ
306 1021 422 1090 γῆς,
466 1024 544 1094 τῷ
596 1043 659 1094 γε
709 1027 816 1097 μὴν
860 1027 1046 1099 θερμῴ
1077 1029 1173 1098 τῆς
1205 1029 1444 1099 ἀγάπης,
1481 1029 1586 1082 κᾶν
1612 1029 1740 1097 γοῦν

185 1111 397 1182 μετρίως
443 1114 568 1168 ἰδεῖν
619 1134 677 1169 τε
722 1119 816 1172 καὶ
877 1121 1080 1190 φράσαι
1127 1119 1606 1191 παραθησόμενος,
1648 1120 1741 1173 νῦν

183 1205 359 1274 ῐδωμεν
390 1206 490 1276 τῆς
521 1208 614 1262 τοῦ
649 1211 984 1279 Μονογενοῦς
1010 1211 1473 1284 ἐνανθρωπήσεως
1502 1213 1592 1265 τὸν
1618 1230 1734 1266 σκο·

180 1296 285 1349 πόν.
310 1297 442 1368 Φέρε
476 1299 860 1373 δοκιμάσωμεν
889 1305 988 1374 τὴν
1035 1305 1236 1370 αἰτίαν,
1273 1305 1340 1357 δι’
1363 1307 1429 1375 ἣν
1463 1306 1520 1358 ὲν
1557 1306 1738 1376 μορφῇ

176 1385 257 1438 τοῦ
286 1385 417 1440 Θεοῦ
453 1390 546 1441 καὶ
583 1392 794 1463 Πατρὺς
828 1394 1112 1466 ὑπάρχων,
1140 1395 1215 1459 ὡς
1247 1395 1397 1459 Θεὸς,
1430 1397 1529 1467 οὑχ
1563 1397 1737 1465 ἁρπα-

177 1477 298 1546 γμὸν
327 1479 564 1549 ἡγήσατο
588 1482 649 1535 τὺ
673 1479 812 1538 εἶναι
843 1485 932 1540 ῐσα
961 1486 1097 1556 Θεῷ,
1122 1486 1237 1541 ἀλλ’
1259 1487 1449 1540 ἑαυτὸν
1475 1487 1728 1552 ὲκένωσε,

176 1572 368 1644 μορφήν
392 1574 585 1629 δούλου
621 1576 822 1644 λαϐὼν,
861 1579 952 1632 καὶ
987 1578 1246 1650 ὑπέμεινε
1281 1579 1514 1650 σταυρὸν
1548 1577 1736 1648 αἰσχύ-

175 1680 259 1733 νης
285 1670 718 1739 καταφρονήσας.
763 1671 954 1724 Ἔσται
995 1671 1103 1742 γάρ
1136 1669 1277 1725 οὑτω
1319 1673 1412 1725 καὶ
1448 1671 1601 1741 μόλις
1641 1669 1733 1722 εὑ-

175 1755 436 1822 σύνοπτον,
469 1764 610 1816 κατά
649 1779 712 1831 γε
759 1761 820 1815 τὸ
869 1762 1165 1834 ἐγχωροῦν,
1209 1763 1316 1816 τῶν
1361 1762 1734 1835 προκειμένων

1845 586 1961 626 rem
2001 569 2332 632 existimem,
2377 569 2664 624 cbaritatis
2697 577 2880 624 tamen
2920 567 3133 624 fervore
3160 569 3294 622 illud
3325 583 3424 637 pro

1845 672 2035 718 nostra
2087 661 2465 716 mediocritate
2514 662 2840 731 exposituri,
2891 677 3039 715 nunc
3087 659 3422 713 incarnatio-

1844 755 1932 810 nis
1957 751 2238 823 Unigeniti
2267 767 2495 823 scepum
2515 752 2820 806 videamus.
2850 751 2980 822 Age,
3010 765 3231 804 causam
3267 765 3422 802 scru-

1846 855 2049 908 temur,
2081 845 2152 898 ob
2181 859 2343 914 quam
2391 845 2443 898 in
2489 843 2666 896 forma
2704 841 2796 898 Dei
2837 857 2903 896 ac
2951 841 3130 896 Patris
3164 856 3288 896 cum
3333 857 3420 895 es-

1844 949 1948 1002 set,
1981 944 2172 1006 utpote
2213 938 2376 1002 Deus,
2406 952 2515 991 non
2552 937 2802 1006 rapinam
2842 936 3146 989 arbitratus
3187 935 3262 989 sit
3300 948 3422 987 esse

1844 1047 1904 1086 se
1958 1029 2224 1099 aequalem
2289 1027 2421 1092 Deo,
2483 1028 2577 1084 sed
2643 1029 3000 1096 semetipsum
3062 1025 3422 1086 exinanierit,

1845 1120 2020 1175 forma
2071 1119 2218 1174 servi
2272 1127 2526 1189 accepta,
2558 1128 2613 1174 et
2661 1133 2884 1174 crucem
2945 1117 3250 1188 ignominia.
3287 1131 3420 1170 con-

1845 1221 2048 1282 tempta
2098 1210 2406 1280 pertulerit.
2441 1209 2535 1266 Sic
2569 1211 2714 1266 enim
2763 1210 2844 1265 rei
2893 1210 3213 1280 propositae,
3245 1223 3419 1277 quan-

1845 1310 1959 1357 tum
2001 1314 2206 1360 nostrae
2245 1306 2395 1360 vires
2438 1305 2653 1364 ferunt.
2697 1304 2936 1358 altitudo
2978 1302 3206 1372 patebit.
3239 1302 3420 1372 Agno-

1843 1407 2068 1450 seemus
2103 1404 2284 1450 autem
2329 1395 2605 1466 quomodo
2641 1395 2714 1450 sit
2752 1393 2928 1449 Filius
2963 1393 3016 1446 in
3048 1392 3230 1456 Patre,
3259 1397 3418 1444 natu-

1843 1483 2036 1538 raliter
2065 1485 2350 1550 nimirum,
2389 1500 2500 1540 non
2538 1495 2719 1539 autem
2749 1483 2907 1554 juxta
2957 1483 3136 1536 ﬁctam
3169 1482 3316 1535 illam
3347 1479 3418 1534 ab

1841 1576 2177 1632 adversariis
2223 1593 2289 1634 ex
2333 1593 2402 1634 eo
2448 1576 2598 1648 quod
2645 1576 2826 1646 diligit
2860 1589 2922 1629 ac
2973 1573 3223 1642 diligitur
3270 1571 3414 1626 rela-

1841 1669 2069 1724 tionem.
2108 1667 2375 1724 Similiter
2417 1667 2842 1724 et.nos..eodem
2889 1665 3052 1722 modo
3083 1665 3144 1719 in
3183 1663 3339 1734 ipso,__
3363 1672 3417 1718 et

1842 1762 1960 1832 ipse
1991 1763 2046 1817 in
2079 1762 2260 1817 nobis.

169 1853 221 1906 τὸ
251 1853 422 1924 βάθος.
471 1857 798 1928 Γνωσόμεθα
839 1859 894 1913 δὲ
949 1859 1065 1924 πῶς
1108 1860 1208 1931 μέν
1251 1861 1398 1914 ἐστιν
1436 1860 1466 1912 6
1533 1859 1660 1922 Υἱὸς
1711 1858 1770 1912 ὲν
1808 1859 2006 1927 Πατρὶ,
2038 1856 2280 1925 φυσικῶς
2311 1855 2576 1928 δηλονότι
2614 1856 2708 1909 καὶ
2742 1855 2802 1908 οὑ
2834 1854 2974 1908 κατά
3005 1869 3067 1921 γε
3094 1852 3194 1923 τήν
3225 1852 3290 1904 ὲκ
3319 1851 3442 1905 τοῦ.

170 1943 465 2012 ἀγαπᾶσθαι
517 1950 610 2003 καὶ
657 1949 877 2020 ἀγαπᾷν
919 1950 1296 2022 ὲπινοηθείσαν
1346 1948 1528 2020 σχέσιν
1579 1947 1729 2020 παρὰ
1766 1946 1874 2002 τῶν
1901 1947 1968 2001 δι’
2002 1945 2266 2010 ἐναντίας.
2313 1947 2501 2017 Ἡμεῖς
2531 1945 2588 1999 δὲ
2616 1941 2682 1999 αὖ
2728 1945 2890 2000 πάλιν
2933 1945 2989 1997 ὲν
3057 1943 3204 2014 αὑτῷ
3270 1937 3414 1996 κατὰ

168 2038 248 2091 τὸν
280 2040 384 2094 ἴσον
419 2043 645 2113 τρόπον,
687 2047 780 2100 καὶ
812 2047 974 2109 αὑτὸς
1002 2047 1060 2100 ὲν
1090 2048 1265 2119 ἡμῖν..

231 2132 424 2187 Οὐκοῦν
458 2135 588 2204 μίαν
623 2137 720 2208 μὲν
765 2137 954 2210 ὥσπερ
994 2139 1166 2210 ἀληθῆ
1201 2157 1261 2192 τε
1309 2141 1401 2194 καὶ
1434 2140 1729 2209 γενικωτά-

1902 2129 2180 2198 Quocirca
2209 2146 2374 2186 unam
2413 2130 2637 2201 quidem
2668 2144 2854 2184 veram
2896 2135 2950 2184 et
2974 2129 3294 2198 generalem
3325 2130 3410 2184 in—

169 2241 257 2294 την
303 2226 474 2279 αἰτίαν
524 2229 620 2298 τῆς
678 2231 1139 2303 ὲνανθρωπήσεως
1189 2232 1283 2286 τοῦ
1309 2232 1660 2302 ⁴Μονογενοῦς
1705 2233 1734 2284 6

172 2316 315 2383 σοφὸς
360 2318 489 2386 ἡμῖν
536 2320 894 2392 ἐξηγούμενος
933 2325 1143 2390 Παῦλος
1195 2325 1467 2394 ἔφασκεν·
1514 2345 1530 2378 ι
1574 2325 1733 2378 Εὐδό-

173 2424 291 2476 κησε
327 2408 429 2479 γάρ
467 2412 497 2464 6
537 2410 669 2475 Θεὸς
706 2415 798 2466 καὶ
832 2416 1636 2487 Παήρςάνακεφαλαιώσασθαι
1665 2417 1734 2471 τὰ

172 2501 327 2552 πάντα
357 2501 412 2553 ὲν
443 2500 526 2572 τῷ
555 2504 798 2575 Χριστῷ.
842 2525 859 2557 ι
891 2509 998 2560 Καὶ
1047 2509 1127 2562 ὅτι
1185 2509 1246 2562 τὸ
1299 2510 1398 2576 τῆς
1431 2511 1730 2578 ἀνακεφα-

171 2592 449 2660 λαιώσεως
480 2595 656 2666 ὄνομά
697 2615 756 2651 τε
790 2599 882 2651 καὶ
916 2602 1150 2672 πρᾶγμα
1191 2601 1432 2679 δηλοῆτὸ
1467 2602 1732 2672 ἀνακομίνο

175 2701 251 2736 σαι
272 2684 426 2739 πάλιν
452 2689 552 2740 καὶ¹
577 2688 864 2742 ἀναλαϐεῖν
890 2691 968 2754 είς
997 2691 1134 2762 ὅπερ
1160 2687 1228 2763 ἦν
1250 2693 1306 2744 ὲν
1334 2693 1476 2764 ἀρχῇ
1501 2693 1569 2746 τά
1594 2693 1729 2764 πρὸς

170 2776 397 2845 ἀνόμοιον
427 2779 820 2833 ἐκπεπτωκότα
847 2781 1016 2843 τέλος.
1048 2779 1180 2835 Εἶτα
1219 2783 1344 2846 τοὺς
1371 2786 1469 2855 τῆς
1519 2785 1721 2837 ἀνακεο

171 2867 500 2934 φαλαιὼσεως
543 2871 777 2940 τρόπους
801 2872 903 2926 ἀνὰ
932 2873 1096 2944 μέρος
1148 2875 1278 2944 ἡμῖν
1319 2875 1730 2930 άπολευκαίνειν

169 2961 363 3025 ἀθέλων,
405 2964 538 3016 ποτὲ
593 2965 690 3034 μὲν
728 2964 962 3032 ἔφασκεν
1004 2984 1023 3016 ι
1060 2965 1132 3018 Τὸ
1184 2967 1290 3038 γὰρ
1338 2967 1596 3021 ἀδύνατον
1635 2969 1726 3022 τοῦ

170 3052 333 3120 νόμου,
378 3057 434 3107 ὲν
475 3047 525 3122 ᾧ
564 3055 782 3125 ἠσθένει
825 3056 913 3110 διὰ
963 3056 1062 3126 τῆς
1117 3059 1346 3130 σαρκὸς,
1386 3061 1414 3112 6
1468 3060 1597 3125 Θεὸς
1635 3062 1728 3116 τὸν

171 3141 340 3195 ἑαυτοῦ
369 3144 499 3197 Υίὸν
531 3144 754 3215 πέμψας
799 3147 856 3200 ὲν
887 3148 1191 3218 ὁμοιώματι
1229 3151 1428 3221 σαρκὸς
1455 3151 1730 3222 ἁμαρτίας

171 3231 392 3304 καὶπερὶ
430 3236 732 3304 ἁμαρτίας,
766 3238 1052 3308 κατέκρινε
1090 3239 1188 3310 τὴν
1233 3240 1508 3311 ἁμαρτίαν
1552 3245 1611 3296 ὲν
1657 3247 1725 3315 τῇ

173 3325 334 3392 σαρκὶ,
363 3326 446 3378 ἵνα
474 3326 539 3378 τὸ
561 3326 831 3397 δικαίωμα
875 3329 980 3382 τοῦ.
997 3329 1162 3399 νόμου
1197 3330 1458 3404 πληρωθῇ
1490 3334 1547 3386 ὲν
1571 3335 1724 3405 ἡμῖν,

170 3416 266 3478 τοῖς
302 3417 371 3484 μὴ
399 3418 542 3471 κατὰ
562 3420 744 3491 ,σάρκα
776 3422 1187 3490 περιπατοῦσιν,
1213 3424 1348 3478 ἀλλά
1381 3425 1520 3478 κατά
1552 3425 1720 3479 πνεῦ-

1835 2225 2175 2280 carnationis
2212 2223 2493 2296 Unigeniti
2533 2238 2761 2279 causam
2797 2223 3018 2278 divinus
3062 2221 3265 2278 Paulus
3315 2241 3412 2278 no-

1834 2316 1919 2373 bis
1945 2333 2248 2387 exponens,
2282 2318 2465 2373 aiebat
2495 2336 2507 2372 :
2548 2336 2566 2369 ‹
2596 2317 2808 2372 Placuit
2845 2317 2991 2370 enim
3028 2315 3137 2370 Deo
3165 2332 3229 2370 ac
3260 2316 3408 2371 Patri

1833 2408 2149 2464 instaurare
2183 2409 2368 2463 omnia
2407 2407 2961 2465 in-Christo”.iUbi
2999 2408 3305 2463 instaurare
3327 2411 3406 2464 si-

1833 2503 2057 2576 gniﬁcat
2092 2505 2145 2558 in
2180 2505 2480 2574 pristinum
2539 2514 2741 2560 statum
2793 2519 3058 2560 revocare
3090 2519 3210 2573 quae
3241 2505 3297 2558 in
3327 2504 3410 2559 di~

1833 2608 2052 2648 versum
2082 2593 2244 2664 plane
2276 2593 2486 2648 exitum
2518 2593 2855 2649 ceciderant.
2890 2592 3160 2649 Praeterea
3191 2593 3405 2648 instau-

1831 2683 2066 2739 rationis
2106 2684 2299 2738 modos
2349 2683 2636 2754 sigillatim
2673 2684 2832 2740 nobis
2881 2685 3070 2740 volens
3105 2686 3402 2754 explicare,

1831 2776 1996 2830 modo
2055 2777 2276 2846 quidem
2331 2776 2555 2831 aiebat:
2621 2775 2796 2830 «Nam
2862 2775 3009 2845 quod
3065 2777 3407 2847 impossibile

1830 2872 1951 2920 erat
1995 2866 2122 2936 legi,
2159 2866 2214 2921 in
2255 2881 2379 2936 quo
2415 2866 2800 2920 inﬁrmabatur
2849 2881 2946 2935 per
2977 2881 3223 2930 carnem,
3264 2865 3404 2923 Deus

1832 2956 2033 3013 Filium
2057 2974 2216 3014 suum
2254 2957 2572 3013 mittensrin
2609 2957 3026 3013 similitudinem
3061 2957 3245 3014 carnis
3277 2973 3402 3027 pec-

1831 3050 1941 3106 cati
1962 3058 2028 3106 .et
2055 3050 2124 3106 de
2170 3055 2425 3119 peccato,
2455 3048 2624 3118 820
2674 3047 2954 3103 damnavit
3006 3055 3293 3118 peccatum
3347 3047 3401 3102 in

1830 3156 2018 3206 carne,
2055 3150 2116 3196 ut
2139 3140 2468 3210 justiﬁeatio
2499 3139 2633 3210 legis
2669 3138 3076 3209 implereturin-
3097 3139 3277 3204 nobis,
3306 3140 3400 3208 qui

1829 3248 1939 3288 non
1974 3233 2280 3290 secundum
2327 3245 2552 3287 carnem
2580 3231 2950 3295 ambulamus,
2979 3231 3074 3287 sed
3098 3230 3400 3287 secundum

1832 3325 2097 3396 Spiritum
2123 3325 2203 3393 ⁸⁶;
2231 3343 2248 3376 ι
2285 3325 2447 3381 modo
2470 3338 2602 3379 vero
2626 3339 2822 3380 rursus
2847 3342 2860 3378 :
2893 3323 3063 3390 «Quia
3092 3338 3224 3394 ergo
3248 3324 3400 3392 pueri

1829 3417 2381 3472 communicaverunt
2413 3419 2570 3472 carni
2599 3425 2654 3473 et
2694 3417 2970 3488 sanguini,
2999 3424 3054 3470 et
3080 3415 3199 3485 ipse
3242 3414 3398 3468 si|ni«

174 3519 256 3569 μα·
296 3523 320 3555 ι
342 3507 467 3560 ποτὲ
516 3507 576 3559 δὲ
617 3508 780 3562 πάλιν
807 3524 822 3540 ο
857 3528 875 3560 ι
925 3509 1143 3581 Ἐπειδὴ
1172 3510 1279 3582 γάρ
1310 3511 1381 3565 τά
1414 3511 1602 3564 παιδία
1635 3528 1723 3565 κε-

1834 3509 1960 3565 liter
1997 3509 2350 3580 participavit
2379 3509 2611 3574 eisdem,
2647 3519 2709 3564 ut
2743 3524 2841 3579 per
2887 3515 3117 3562 mortem
3153 3507 3400 3561 destrue—

171 3595 443 3668 κοινώνηκε
474 3600 679 3671 σαρκὸς
708 3601 800 3655 καὶ
837 3601 1090 3672 αἵματος,
1124 3602 1214 3656 διὰ
1242 3603 1398 3657 τοῦτο
1439 3605 1534 3658 καὶ
1567 3605 1729 3669 αὑτὸς

172 3689 542 3759 παραπλησίως
578 3692 807 3764 μετέσχε
839 3694 948 3747 τῶν
975 3693 1178 3759 αὑτῶν,
1209 3695 1296 3748 ἵνα
1327 3695 1416 3749 διὰ
1444 3696 1537 3750 τοῦ
1561 3696 1726 3751 θανά·

171 3795 252 3831 του
288 3784 726 3854 καταργήσῃ-τὸν
745 3821 748 3824 ~
770 3784 831 3836 τὸ
873 3786 1069 3856 κράτος
1105 3785 1298 3857 ἔχοντα
1341 3786 1436 3840 τοῦ
1474 3787 1726 3853 θανάτου,

170 3871 294 3924 τοῦτ’
321 3873 431 3926 ἔστι
461 3875 558 3928 τὸν
585 3875 847 3941 διάϐολον,
878 3878 971 3930 καὶ
1011 3878 1294 3950 ἀπαλλάξῃ
1330 3877 1574 3943 τούτους,
1613 3881 1727 3934 ὅσοι

174 3962 302 4032 φόϐῳ
326 3965 550 4020 θανάτου
582 3966 670 4022 διὰ
713 3969 910 4032 παντὸς
953 3968 1048 4022 τοῦ
1089 3967 1188 4040 ζῇν
1231 3969 1404 4040 ἔνοχοι
1439 3965 1579 4041 ἦσαν
1609 3972 1728 4024 δου-

173 4051 320 4118 λείας,
345 4075 362 4108 ι
396 4058 506 4111 Καὶ
531 4058 627 4111 δύο
664 4058 762 4129 μὲν
785 4059 1006 4121 τούτους
1038 4060 1178 4130 ἡμῖν
1189 4060 1289 4131 τῆς
1315 4061 1730 4129 ἀνακεφαλαιώ-

173 4160 293 4209 σεως
330 4150 563 4219 τρόπους
611 4151 924 4220 ἀναγκαίως
969 4151 1192 4222 έχοντας
1235 4151 1725 4226 τῆς-ὲνανθρωπή-

172 4251 292 4300 usui;
309 4237 403 4292 τοῦ.
427 4240 768 4310 Μονογενοῦς
790 4241 881 4294 τὸν
910 4241 1067 4308 λόγον
1098 4242 1126 4294 6
1157 4240 1370 4304 Παῦλος
1392 4241 1726 4314 ἐξηγήσατο·

171 4327 348 4396 τρόπον
390 4330 446 4384 δὲ
489 4332 584 4385 ἐπὶ
629 4332 836 4396 τούτοις
880 4332 1241 4403 τῶν-ἐτέρων
1281 4334 1650 4405 περιεκτικὸν,
1700 4337 1730 4389 6

174 4419 316 4488 σοφὸς
341 4422 732 4494 εὐαγγελιστὴς
768 4424 1038 4495 Ἰωάννης.
1060 4425 1264 4496 Γράφει
1293 4426 1402 4496 γάρ
1433 4426 1577 4480 οὑτω
1602 4428 1728 4498 περὶ

173 4512 419 4582 Χριστοῦ·
453 4535 471 4567 ι
509 4516 606 4579 Εἰς
641 4515 709 4568 τὰ
759 4515 864 4568 ῐδια
892 4511 1045 4586 ἦλθε,
1094 4513 1186 4569 καὶ
1226 4518 1274 4569 oi
1307 4516 1428 4570 ἴδιοι
1466 4517 1626 4570 αὑτὸν
1667 4517 1725 4570 οὑ

175 4602 488 4672 παρέλαϐον’
518 4607 635 4660 ὅσοι
666 4605 722 4659 δὲ
754 4606 945 4660 ἔλαϐον
987 4606 1170 4670 αὑτὸν,
1195 4607 1394 4660 ἔδωκεν
1425 4608 1608 4672 αὐτοῖς
1638 4609 1725 4673 ἐξ·

173 4694 342 4748 ουσίαν
384 4697 549 4750 τέκνα
595 4693 750 4750 Θεοῦ’
785 4699 1054 4765 γενέσθαι,
1095 4701 1206 4762 τοῖς
1261 4699 1606 4754 πιστεύουσιν
1648 4703 1728 4766 είς

173 4784 224 4836 τὸ
246 4785 406 4858 ὄνομα
427 4787 612 4853 αὑτοῦ,
643 4789 692 4842 οἶ
719 4790 818 4842 οὑκ
846 4789 912 4853 ἐξ
927 4791 1199 4860 αἱμάτων,
1217 4790 1336 4844 οὑδὲ
1378 4792 1442 4845 ἐκ
1486 4791 1725 4863 θελήμα-

1831 3610 1916 3656 ret
1941 3615 2066 3656 eum
2112 3602 2206 3671 qui
2233 3601 2472 3656 habebat
2502 3600 2702 3656 mortis
2735 3599 3044 3669 imperium,
3078 3597 3130 3652 id
3173 3605 3257 3652 est
3284 3597 3400 3650 dia-

1830 3693 2040 3756 bolum,
2063 3698 2120 3746 et
2148 3690 2409 3746 liberaret
2444 3703 2564 3750 eos,
2590 3688 2684 3758 qui
2715 3687 2913 3742 timore
2960 3685 3154 3740 mortis
3184 3701 3281 3754 per
3313 3692 3398 3739 to-

1831 3794 1942 3838 tam
1970 3783 2139 3836 vitam
2169 3780 2393 3836 obnoxii
2419 3787 2576 3836 erant
2606 3777 2859 3835 servituti
2882 3776 2952 3830 ⁸¹¹.
2977 3794 2996 3827 ι
3025 3777 3093 3830 Et
3113 3775 3251 3830 duos
3273 3775 3400 3844 qui—

1831 3875 1955 3930 dem
1990 3873 2091 3929 bos
2130 3871 2292 3927 nobis
2331 3867 2981 3925 instaurationismodos
3005 3865 3399 3921 incarnationis

1831 3963 2116 4036 Unigeniti
2155 3963 2432 4017 rationem
2465 3959 2780 4016 necessario
2811 3958 3161 4013 continentes
3196 3954 3400 4009 Paulus

1831 4057 2127 4130 exposuit;
2160 4056 2276 4113 sed-
2315 4055 2539 4126 sapiens
2588 4053 2926 4124 evangelista
2975 4051 3236 4112 Joannes,
3282 4064 3398 4102 mo-

1830 4153 1975 4206 dum.
2009 4157 2278 4219 praeterea
2314 4146 2410 4218 qui
2443 4154 2670 4201 caeteros
2704 4143 3101 4212 complectitur.
3133 4139 3225 4194 Sic
3252 4139 3396 4194 enim

1831 4240 2028 4298 scribit
2053 4237 2370 4295 ile-Christo
2405 4234 2569 4290 adn
2611 4233 2834 4304 pronria
2862 4231 3042 4296 venit,
3063 4240 3117 4287 et
3150 4231 3235 4286 sui
3273 4245 3398 4284 eum

1831 4345 1943 4385 non
1973 4334 2343 4399 receperunt:
2377 4331 2651 4396 quotquot
2681 4330 2865 4376 autem
2898 4327 3226 4390 receperunt
3249 4334 3396 4384 eum,
3431 4373 3433 4376 γ

1831 4418 1979 4474 dedit
2025 4418 2134 4474 eis.
2161 4423 2491 4486 potestatem.
2530 4412 2674 4466 ﬁlios
2708 4410 2802 4466 Dei
2843 4409 2978 4475 ﬁeri,
3029 4409 3114 4463 his
3147 4409 3238 4478 qui
3279 4424 3399 4463 crc-

1831 4511 1972 4566 dunt
2023 4511 2078 4565 in
2131 4508 2354 4563 nomine
2405 4505 2572 4574 ejus:
2607 4503 2699 4574 qui
2751 4518 2864 4558 non
2909 4517 2973 4557 ex
3013 4502 3398 4572 sanguinibus,

1829 4617 2008 4672 neque
2027 4616 2095 4654 ex
2121 4599 2403 4654 voluntate
2427 4595 2632 4657 carnis,
2665 4608 2843 4663 neque
2871 4607 2938 4648 ex
2964 4594 3247 4647 voluntate
3274 4591 3398 4650 viri.

1829 4693 1923 4750 sed
1956 4692 2165 4748 ex.Deo
2199 4691 2314 4745 nati
2350 4697 2484 4744 sunt
2513 4689 2580 4742 ⁸⁸.
2613 4707 2629 4740 1
2672 4685 3020 4741 Manifestum
3057 4692 3158 4739 cst.
3185 4685 3400 4738 cunctis

1829 4787 1999 4858 igitur
2043 4799 2139 4840 eas
2187 4782 2426 4838 maxime
2474 4783 2545 4838 ob
2594 4796 2796 4836 causas
2849 4779 3225 4848 Unigenitum,
3273 4791 3396 4829 cum

172 4892 250 4939 τος
286 4881 502 4950 σαρκὸς,
529 4880 650 4934 οὑδὲ
695 4881 758 4933 ὲκ
789 4881 1090 4950 θελήματος
1118 4880 1330 4953 ἀνδρὸς,
1354 4882 1469 4935 ἀλλ’
1498 4883 1562 4936 ἐκ
1589 4882 1724 4936 Θεοῦ

1834 4879 1974 4933 Deus
2008 4876 2079 4931 sit
2102 4885 2155 4930 et
2181 4890 2246 4929 ex
2278 4873 2389 4928 Deo
2416 4873 3006 4928 secundumnaturam
3036 4867 3286 4932 exsistat,
3315 4865 3397 4920 fa—

173 4969 538 5041 ἐγεννήθησαν.
579 4989 598 5022 ι
637 4971 906 5044 Πρόδηλον
934 4967 1026 5025 οὖν
1055 4971 1163 5043 ἄρα
1207 4971 1300 5025 καὶ
1334 4973 1518 5035 πᾶσιν,
1546 4966 1722 5042 οἶμαι,

172 5057 398 5128 διαφανὲς
432 5064 515 5115 ὅτι
548 5062 752 5115 τούτων
780 5063 954 5115 ἕνεκα.
986 5061 1064 5132 δὴ,
1101 5061 1332 5132 μάλιστα
1361 5061 1470 5113 τῶν
1516 5062 1724 5126 αἰτιῶν,

172 5148 286 5216 Θεὸς
312 5153 403 5206 καὶ
440 5155 507 5207 ὲκ
546 5153 680 5206 Θεοῦ
739 5153 888 5207 κατά
920 5152 1100 5222 φύσιν.
1130 5153 1409 5225 ὑπάρχων,
1445 5152 1728 5223 ἄνθρωπος

173 5241 370 5308 γέγονεν
410 5247 439 5298 ό
482 5245 814 5316 Μονογενής,
853 5246 939 5299 ἵνα
980 5245 1216 5316 δηλονότι
1273 5244 1577 5316 κατακρίνῃ
1630 5243 1727 5314 μὲν

171 5331 256 5402 τὴν
297 5335 569 5408 ἁμαρτίαν
602 5339 658 5390 ὲν
687 5341 756 5408 τῇ
807 5337 988 5408 σαρκὶ,
1025 5337 1274 5410 νεκρώσῃ
1303 5337 1357 5390 δὲ
1381 5337 1457 5407 τῷ
1491 5335 1605 5404 ἰδίῳ
1634 5334 1728 5386 θα-

173 5424 298 5496 νάτῳ
337 5428 428 5481 τὸν
457 5428 710 5496 θάνατον,
761 5429 855 5483 καὶ
901 5430 1050 5493 υιοὺς
1086 5431 1232 5500 ἡμᾶς
1261 5429 1519 5501 ἀποδείξῃ
1566 5425 1722 5490 Θεοῦ,

171 5515 292 5586 πρδς
319 5518 382 5572 τὸ,
402 5519 546 5591 ὑπὲρ
575 5520 744 5588 φύσιν
761 5520 977 5590 ἀξίωμα
1007 5521 1130 5583 τοὺς
1174 5520 1332 5584 ὄντας
1367 5521 1458 5572 ἐπὶ
1498 5519 1594 5590 τῆς
1627 5521 1727 5588 γῆς

173 5606 525 5679 ἀναγεννήσας
593 5611 659 5663 ὲν.
697 5610 992 5680 Πνεύματι.
1034 5607 1138 5663 Ἦν
1196 5610 1302 5681 γὰρ
1356 5610 1525 5682 δήπου
1551 5650 1566 5677 ,
1637 5609 1729 5662 καὶ

1832 4979 1978 5024 ctum
2007 4982 2130 5022 esse
2170 4967 2466 5032 hominem,
2499 4977 2557 5021 ut
2588 4965 2849 5020 nimirum
2866 4962 3168 5016 damnaret
3189 4976 3395 5029 .peccas

1832 5065 1948 5112 tum
1994 5058 2048 5111 in
2095 5071 2261 5110 carne
2303 5064 2359 5110 et
2401 5063 2578 5110 morte
2617 5070 2715 5110 sua
2774 5060 3004 5106 mortem
3066 5049 3396 5112 destrueret,

1834 5164 2044 5219 nosque
2096 5147 2187 5203 Dei
2237 5148 2378 5203 ﬁlios
2416 5147 2674 5212 elﬁceret,
2709 5152 3026 5199 exterrena
3075 5139 3401 5193 conditione

1835 5240 2275 5310 regeneratosin
2309 5237 2542 5308 Spiritu.
2571 5236 2684 5291 Hoc
2723 5235 2868 5289 enim
2916 5231 3104 5300 utique
3137 5229 3300 5284 modo
3334 5230 3400 5282 li-

1835 5334 1992 5390 cebat
2041 5333 2358 5387 instaurare
2389 5329 2526 5384 etin
2566 5326 2854 5398 pristinum
2900 5332 3102 5378 statum
3141 5336 3402 5377 revocare

1835 5428 2050 5496 lapsum
2101 5439 2275 5494 genus
2307 5421 2614 5476 hominum,
2651 5415 2867 5471 Rursus
2909 5429 3239 5483 unaquaque
3271 5428 3402 5468 cau-

1836 5533 2019 5572 sarum
2045 5517 2270 5570 istarum
2305 5513 2360 5565 in
2395 5509 2575 5565 medio
2603 5507 2836 5580 prolata,
2860 5514 3228 5563 consentanea
3259 5520 3402 5577 qua}-

1835 5609 1960 5662 dam
1986 5607 2256 5662 dicamus.

177 5697 305 5766 μάλα
327 5699 528 5765 καλῶς,
558 5701 701 5755 κατά
734 5702 942 5756 τουτονὶ
976 5702 1070 5755 τὸν
1103 5701 1300 5772 τρόπον
1331 5697 1910 5769 ἀνακεφαλαιώσασθαι
1985 5698 2146 5752 πάλιν
2196 5697 2286 5750 καὶ
2336 5696 2416 5757 εἰς
2481 5698 2542 5752 τὸ
2580 5693 2800 5764 ἀρχαῖον
2872 5688 3158 5747 ἀναλαϐεῖν
3225 5689 3282 5745 τὸ
3324 5687 3397 5740 δι-

237 5808 279 5841 ”
309 5808 509 5880 Ephcs.
537 5827 578 5878 1,
617 5812 700 5870 10.
782 5815 828 5846 ⁸⁸
858 5811 1016 5872 Rom.
1049 5829 1172 5882 vui,
1204 5816 1258 5881 3,
1290 5816 1345 5872 4.
1421 5817 1466 5850 ⁸⁸
1497 5813 1662 5874 Hebr.
1699 5831 1729 5872 n

1834 5815 1881 5880 4,
1918 5815 2004 5870 15.
2080 5813 2125 5845 ⁸⁸
2164 5810 2320 5868 Joan.
2363 5825 2398 5874 l,
2435 5807 2619 5864 ll-l5.
