3992 6316
529 312 638 371 S75
1524 307 1580 362 S.
1621 306 1896 363 CYRILLI
1934 307 2402 366 ALEXANDRINI
2440 312 2756 369 ARCHIEP.
3679 314 3789 369 2'78

526 425 820 496 ολισθῆσαν
853 423 1028 490 γένος,
1053 419 1197 474 τοῦτ’
1243 418 1358 472 ἔστι
1405 419 1466 472 τὸ
1515 417 1873 491 ἀνθρώπινον.
1915 419 2084 474 Πάλιν
2141 420 2378 492 ἑκάστην
2409 423 2487 493 τῷ
2517 424 2659 494 λόγῳ
2688 422 3021 494 παραθέντες
3050 423 3159 476 τῶν
3189 419 3391 494 ἀρτίως
3439 423 3570 494 ἡμῖν
3632 425 3790 494 είρη-

533 521 708 592 μένων
727 517 935 580 αίτιιῖιν,
963 517 1048 569 ἐπ’
1071 517 1208 586 αὐτῇ
1233 514 1306 568 τὰ
1328 516 1516 568 εἰκότα
1541 513 1806 584 λέγωμεν.

599 620 964 692 Quaerendum
1006 629 1126 685 quo
1167 623 1328 686 pacto
1381 615 1797 688 intelligendum
1844 617 1915 670 sit
1957 615 2104 686 quod

2278 610 2403 674 Πῶς
2432 613 2538 684 γάρ
2577 612 2644 666 ἂν
2689 613 2782 666 καὶ
2832 614 3031 684 πρέποι
3076 616 3213 667 νοεῖν
3245 613 3506 684 ζητητέον
3541 617 3625 668 ὅτι
3656 634 3788 669 κατ-

529 715 809 775 damnavit
837 717 1124 783 peccatum
1149 710 1204 762 in
1235 722 1424 772 carne,
1459 709 1629 763 misso
1657 707 1795 763 Filio
1819 723 1920 762 suo
1967 707 2106 761 Deus

2226 703 2389 774 ἔκρινε
2419 704 2516 775 τὴν
2545 706 2818 776 ἁμαρτίαν
2849 707 2906 758 ὲν
2937 709 3002 776 τῇ
3043 706 3225 776 σαρκὶ,
3269 706 3489 776 πέμψας
3520 708 3613 760 τὸν
3659 708 3789 760 ἴδιον

529 825 592 864 ac
644 807 815 862 Pater.
854 805 908 858 in
966 800 1382 857 similitudinem
1441 803 1634 856 carnis
1689 801 1922 871 peccati.
1974 801 2106 853 Eum

2226 795 2337 848 rem
2371 795 2400 846 6
2423 796 2554 858 Θεὸς
2593 797 2686 848 καί
2715 796 2922 867 Πατὴρ,
2959 798 3017 849 ὲν
3048 795 3350 867 ὁμοιώματι
3382 797 3583 868 σαρκὸς
3613 800 3782 868 ἀμαρ-

525 902 753 973 quippe,
787 894 1008 950 tametsi
1039 893 1184 947 Deus
1224 893 1295 946 sit
1332 893 1637 946 secundum
1670 900 1920 946 naturam
1957 901 2010 945 et
2041 907 2104 945 ex

2226 887 2348 950 πίας.
2380 886 2512 939 Θεὸν
2553 887 2660 959 γὰρ
2703 887 2830 940 ὄντα
2869 887 3008 940 κατά
3045 883 3204 955 φύσιν
3247 889 3340 941 καὶ
3377 890 3439 941 ἐκ
3475 889 3572 958 τῆς
3603 891 3792 952 οὐσίας

524 996 650 1061 ejus
687 987 998 1045 substantia
1044 986 1288 1055 genitus,
1329 999 1392 1038 ac
1433 985 1934 1039 immutabilitatem
1981 998 2108 1053 pro-

526 1083 780 1154 prietatis
803 1079 923 1148 ejus
945 1077 1275 1132 naturaliter
1295 1076 1517 1135 habeat,
1541 1076 1880 1146 proindeque
1904 1078 1957 1130 in
1985 1091 2110 1145 pec-

526 1188 714 1232 catum
741 1175 847 1228 labi
873 1188 1099 1242 prorsus
1118 1171 1348 1235 nesciat,
1369 1179 1463 1223 aut
1485 1171 1539 1224 in
1566 1170 1757 1224 vitium
1785 1170 2105 1231 deﬂectere,

2210 978 2372 1031 αὐτοῦ
2417 980 2713 1047 πεφηνότα,
2763 980 2856 1034 καὶ
2901 980 2964 1033 τὸ
3014 979 3284 1050 ἄτρεπτον
3315 980 3506 1050 ἔχοντα
3544 983 3792 1048 φυσικῶς

2210 1070 2305 1138 τῆς
2337 1069 2594 1140 ἰδιότητος
2633 1071 2819 1138 αὐτοῦ,
2857 1073 2946 1127 διά
2989 1089 3048 1126 τε
3085 1072 3242 1126 τοῦτο
3272 1075 3346 1144 μὴ
3376 1075 3551 1127 εἰδότα
3596 1093 3795 1128 παντε-

2211 1161 2316 1225 λῶς
2351 1161 2412 1214 τὸ
2443 1163 2725 1217 διολισθεῖν
2765 1166 2845 1227 εἰς
2886 1165 3182 1236 ἁμαρτίαν,
3225 1165 3391 1236 ἦγουν
3439 1168 3790 1236 παρατρέπε-

530 1270 583 1321 in
609 1276 894 1338 peccatum
918 1275 1099 1318 tamen
1120 1262 1272 1318 carni
1299 1263 1608 1332 subjectum
1628 1263 1960 1317 descendere
1985 1262 2112 1316 fecit

2226 1252 2336 1305 ςθαί
2369 1269 2458 1306 ποι
2492 1253 2627 1323 πρὸς
2647 1255 2709 1307 τὸ
2737 1255 2809 1327 μὴ
2840 1255 2960 1326 ἕχον
2990 1257 3185 1328 ὀρθῶς,
3207 1259 3285 1320 εἰς
3328 1257 3425 1330 τὴν
3455 1258 3795 1313 ὑποπίπτου-

534 1361 701 1420 ultro,
731 1371 790 1412 ut
825 1359 999 1428 ipsam
1030 1371 1252 1412 carnem
1287 1369 1441 1410 suam
1479 1355 1727 1410 ell’ectam
1769 1355 1833 1409 ad
1867 1355 2111 1426 proprie-

2226 1360 2312 1396 παν
2351 1347 2418 1415 τῇ
2477 1344 2640 1416 σαρκὶ
2691 1346 2967 1416 ἁμαρτίαν
3028 1347 3328 1418 καταϐῆναι
3379 1349 3794 1421 παρεσκεύασεν

535 1460 702 1504 tatem
752 1465 910 1504 suam
954 1446 1303 1508 transferret,
1347 1445 1400 1499 id
1445 1455 1531 1500 est
1583 1446 1792 1516 peccati
1835 1454 2108 1501 exsortem

2226 1440 2467 1504 ἰθελοντί,
2495 1443 2582 1494 ἵνα
2611 1441 2745 1495 ίδίαν
2790 1444 2960 1513 αὐτὴν
3008 1445 3374 1515 ποιησάμενος
3418 1447 3618 1517 σάρκα,
3661 1448 3797 1516 πρὸς

537 1543 760 1598 faceret.
782 1540 893 1595 Nec
922 1541 1068 1594 enim
1103 1539 1569 1602 existimabimus,
1588 1539 1634 1593 si
1666 1553 1822 1593 mens
1851 1553 1985 1594 sana
2012 1553 2110 1594 no-

2226 1531 2272 1583 ιό
2301 1531 2432 1585 ῐδιον
2453 1532 2614 1586 αὐτοῦ
2643 1534 2737 1586 καί¹
2765 1534 2991 1602 φυσικὸν
3022 1537 3355 1608 μεταστήσῃ,
3383 1535 3529 1590 τοῦτ’
3560 1538 3701 1602 ἔστι,
3736 1537 3797 1592 τὸ

533 1635 620 1689 bis
665 1633 757 1696 sit,
785 1631 1145 1702 Unigenitum
1182 1629 1388 1683 factum
1425 1645 1550 1685 esse
1583 1630 1891 1695 hominem,
1917 1637 1976 1684 ut
2011 1645 2113 1686 suo

2226 1623 2289 1694 μὴ
2323 1625 2676 1694 ἁμαρτάνειν.
2709 1625 2786 1678 Οὐ
2818 1626 2926 1697 γὰρ
2993 1627 3163 1696 δήπου
3200 1628 3608 1699 διακεισόμεθα,
3666 1648 3799 1701 φρο-

533 1725 740 1795 templo
779 1724 956 1779 solum
1008 1722 1061 1776 id
1110 1728 1434 1792 praestaret:
1487 1723 1764 1791 quomodo
1803 1723 1949 1777 enim
1993 1722 2112 1792 ejus

2226 1714 2429 1778 mGVts;
2477 1715 2671 1786 ὀρθῶς,
2711 1717 2793 1770 ὅτι
2827 1717 2890 1788 δὴ
2935 1718 3079 1788 μόνῳ
3123 1718 3198 1789 τῷ
3249 1720 3435 1790 οἰκείῳ
3476 1721 3590 1790 ναῷ
3641 1721 3798 1775 τοῦτο

536 1814 805 1869 adventus
845 1813 910 1867 ad
943 1827 1045 1867 nos
1082 1808 1491 1881 magniﬁcentia
1533 1817 1587 1865 et
1630 1811 1844 1866 utilitas
1881 1821 2110 1882 pateret,

2226 1805 2573 1877 ιατορθώσων
2598 1807 2818 1876 γέγονεν
2833 1807 2929 1861 ἀνθ
2937 1827 3118 1880 ρωπος
3144 1810 3173 1861 6
3194 1811 3524 1882 Μονογενής.
3543 1812 3654 1864 Ποῦ
3685 1813 3796 1884 γὰρ

537 1905 584 1958 si
610 1919 771 1958 suum
805 1903 1073 1957 duntaxat
1103 1915 1312 1969 corpus
1345 1901 1663 1955 servasset?
1697 1902 1794 1957 sed
1824 1903 2112 1958 credemus

2226 1897 2281 1951 ὶν
2329 1898 2467 1960 ὅλως
2517 1897 2690 1969 ὁρῷτο
2735 1899 2832 1970 τῆς
2881 1900 2956 1962 ὡς
3009 1902 3159 1970 ἡμᾶς
3192 1902 3426 1971 ἀφίξεως
3469 1904 3528 1956 τὸ
3567 1905 3801 1974 μεγαλο-

537 1997 725 2068 polius
761 1994 1116 2065 Unigenitum
1167 1991 1371 2048 factum
1415 2008 1538 2048 esse
1577 1995 1875 2063 hominem,
1913 2006 1972 2051 ut
2018 1998 2109 2065 qui

539 2099 749 2142 naturae
772 2088 1042 2140 universa:
1071 2101 1168 2156 per
1197 2086 1439 2154 seipsum
1473 2095 1528 2139 et
1549 2085 1709 2155 82],
1743 2087 1796 2141 in
1823 2101 1882 2143 se
1910 2088 2107 2156 primo,

537 2181 688 2235 velut
737 2180 792 2232 in
842 2178 1102 2248 primitiis
1175 2177 1538 2233 humanitatis
1589 2180 1732 2234 bona
1791 2179 2110 2235 vindicatu-

536 2287 634 2326 rus
663 2277 829 2325 esset.
870 2266 1352 2334 Quemadmodum
1401 2267 1549 2322 enim
1589 2283 1700 2322 non
1752 2277 1986 2324 mortem
2022 2284 2114 2324 so-

537 2364 677 2426 lum,
726 2361 823 2418 sed
879 2361 1171 2415 universas
1204 2359 1388 2416 carnis
1439 2359 1728 2430 passiones
1788 2361 1964 2416 secuti
2021 2375 2113 2416 su-

539 2469 689 2521 mus,
739 2453 906 2524 idque
941 2453 1102 2508 nobis
1132 2452 1187 2506 in
1218 2452 1397 2522 primo
1435 2451 1661 2507 homine
1703 2451 1955 2522 contigit,
1985 2468 2111 2507 cum

539 2554 762 2617 propter
793 2545 1296 2616 praevaricationem
1327 2549 1440 2596 tum
1473 2542 1717 2596 divinam
1759 2543 2107 2599 maledictio-

544 2651 665 2694 uem
710 2651 726 2690 :
769 2636 983 2700 eodem,
1037 2635 1234 2706 opinor
1265 2673 1280 2698 ,
1343 2631 1508 2687 modo
1565 2648 1863 2703 sequemur
1918 2649 2114 2700 omnes

537 2728 842 2792 Christum,
862 2738 1170 2783 servantem
1188 2724 1576 2794 multipliciter
1591 2736 1646 2781 et
1672 2726 2111 2781 sanctilicantem

537 2821 726 2876 carnis
782 2827 1033 2874 naturam
1081 2821 1138 2873 in
1194 2817 1400 2887 seipso.
1438 2816 1650 2874 Idcirco
1687 2818 1853 2873 etiam
1911 2816 2115 2874 Paulus

541 2913 721 2967 aiebat
759 2931 772 2966 :
815 2931 833 2962 ι
867 2912 932 2966 Et
967 2911 1110 2967 sicut
1153 2912 1500 2982 portavimus
1550 2911 1844 2980 imaginem
1890 2910 2114 2975 terreni,

541 3013 825 3072 portemus
870 3011 926 3058 et
973 3004 1268 3074 imaginem
1319 3003 1564 3060 cmlestis
1588 3003 1656 3059 ⁸⁷.
1686 3021 1704 3054 ι
1741 3002 1927 3072 Imago
1970 3003 2114 3058 enim

540 3095 770 3158 terreni,
804 3095 910 3148 hoc
937 3104 1023 3151 est
1055 3094 1282 3161 Adami,
1311 3104 1396 3153 est
1422 3097 1478 3150 in
1511 3095 1864 3166 passionibus
1903 3103 1960 3150 et
1993 3110 2119 3150 cor-

539 3187 800 3256 ruptione
834 3188 1041 3243 versari
1093 3206 1106 3241 :
1155 3190 1340 3260 imago
1379 3197 1563 3244 autem
1614 3189 1878 3255 caelestis,
1929 3187 1986 3243 id
2036 3196 2121 3244 est

2219 1989 2423 2059 πρεπὲς
2452 1989 2547 2042 καὶ
2576 1989 2870 2060 ὠφέλιμον,
2905 1994 2950 2044 εί
2985 1992 3143 2061 μόνον
3176 1996 3236 2047 τὸ
3276 1995 3469 2048 ἑαυτοῦ
3499 1997 3799 2049 διεσώσατο

2219 2080 2413 2151 σῶμα;
2453 2081 2813 2152 πιστεύσομεν
2839 2084 2895 2137 δὲ
2936 2085 3131 2156 μᾶλλον
3160 2086 3235 2150 ὠς
3281 2088 3373 2158 ὅλῃ
3421 2092 3486 2158 τῇ
3536 2089 3695 2158 φύσει
3732 2091 3800 2142 δι’

2220 2169 2434 2234 ἑαυτοῦ,
2457 2171 2551 2224 καὶ
2577 2171 2635 2223 ὲν
2668 2171 2816 2241 αὐτῷ
2840 2172 3059 2244 πρώτῳ,
3089 2175 3339 2246 καθάπερ
3362 2179 3417 2228 ἐν
3448 2177 3666 2248 ἀπαρχῇ
3699 2181 3800 2246 τῆς

2218 2264 2633 2334 ἀνθρωπότητος
2677 2267 3043 2336 περιποιήσων
3080 2267 3150 2320 τὰ
3202 2269 3404 2337 ἀγαθὰ,
3432 2269 3622 2338 γέγονε
3673 2271 3800 2324 καθ’

2218 2357 2366 2426 ἡμᾶς
2413 2357 2442 2407 6
2497 2359 2828 2429 Μονογενής.
2868 2359 3077 2430 Ὥσπερ
3129 2360 3237 2431 γὰρ
3283 2361 3402 2429 οὐχὶ
3448 2361 3524 2432 τῷ
3583 2362 3801 2432 θανάτῳ

2223 2447 2405 2517 μόνον,
2455 2448 2570 2501 ἀλλ’
2619 2449 2759 2513 ὅλοις
2809 2449 3250 2522 ἡκολουθήσαμεν
3300 2455 3412 2517 τοῖς
3454 2455 3650 2508 πάθεσι
3699 2458 3801 2525 τῆς

2223 2541 2444 2611 σαρκὸς,
2470 2542 2528 2593 ὲν
2555 2540 2632 2611 τῷ
2661 2541 2860 2612 πρώτῳ
2888 2542 3048 2596 τοῦτο
3095 2544 3357 2610 παθόντες
3389 2545 3679 2618 ἀνθρώπῳ,
3711 2548 3804 2601 διά

2219 2646 2280 2681 τε
2332 2630 2433 2701 τὴν
2477 2630 2789 2701 παράϐασιν
2841 2633 2934 2684 καὶ
2977 2633 3076 2704 τὴν
3121 2632 3270 2688 θείαν
3319 2637 3484 2708 ἀράν·
3535 2637 3676 2690 κατὰ
3707 2638 3805 2690 τὸν

2222 2721 2406 2785 αὐτὸν,
2435 2717 2607 2792 οἶμαι,
2633 2723 2832 2792 τρόπον
2865 2723 3106 2794 ἑψόμεθα
3137 2726 3445 2797 σύμπαντες
3476 2729 3553 2800 τῷ
3580 2730 3805 2801 Χριστῷ

2221 2815 2539 2879 διασώζοντι
2574 2816 2924 2884 πολυτρόπως
2972 2819 3067 2870 καὶ
3095 2819 3372 2886 ἁγιάζοντι
3404 2821 3501 2892 τὴν
3537 2822 3637 2891 τῆς
3671 2840 3809 2894 σαρ-

2225 2909 2320 2971 κὸς
2348 2908 2508 2976 φύσιν
2532 2910 2590 2960 ἐν
2611 2909 2806 2979 ἐαυτῷ.
2839 2911 2930 2963 Διὸ
2957 2913 3048 2964 καὶ
3071 2915 3099 2964 6
3130 2913 3339 2978 Παῦλος
3364 2915 3566 2983 ἔφασκε
3587 2934 3600 2946 ·
3638 2935 3657 2968 ι
3689 2919 3807 2972 Καὶ

2225 3000 2408 3063 καθὼς
2440 3000 2780 3070 ἐφορέσαμεν
2824 3000 2922 3071 τὴν
2960 3002 3143 3057 εἰκόνα
3184 3005 3276 3057 τοῦ
3322 3006 3524 3076 χοϊκοῦ,
3557 3007 3807 3076 φορέσω-

2229 3113 2328 3166 μεν
2375 3094 2469 3149 καὶ
2519 3093 2615 3166 τὴν
2666 3094 2848 3149 εἰκόνα
2904 3095 2998 3150 τοῦ
3051 3097 3395 3168 ἐπουρανίου.
3433 3118 3450 3150 ι
3485 3099 3660 3152 Είκὼν
3694 3099 3808 3172 γὰρ

2225 3189 2318 3243 τοῦ
2342 3187 2547 3258 χοϊκοῦ,
2577 3186 2721 3239 τοῦτ’
2749 3187 2897 3240 ἔστιν
2925 3188 3111 3258 Ἀδὰμ,
3143 3189 3202 3242 τὸ
3235 3192 3292 3243 ὲν
3321 3191 3515 3245 πάθεσι
3548 3192 3809 3260 γενέσθαι

540 3279 771 3344 Christi,
803 3291 885 3333 est
923 3280 1210 3337 aﬂ‘ectibus
1240 3292 1294 3338 et
1317 3282 1677 3353 corruptione
1705 3295 1938 3337 vacuum
1971 3297 2115 3338 esse.

2229 3281 2323 3335 καὶ
2372 3279 2580 3349 φθορᾷο
2636 3276 2800 3331 εἰκὼν
2848 3279 2905 3332 δὲ
2957 3278 3052 3332 τοῦ
3100 3281 3444 3352 ἐπουρανίου,
3487 3282 3630 3336 τοῦτ’
3688 3283 3812 3336 ἔστι

542 3371 835 3426 Damnavit
882 3372 1048 3442 igitur
1079 3382 1368 3444 peccatum
1400 3375 1456 3430 in
1486 3389 1587 3429 sua
1621 3388 1807 3436 carne,
1844 3372 1989 3429 Deus
2024 3387 2120 3429 cx-

543 3464 746 3519 sistens
779 3465 1079 3519 secundum
1119 3474 1395 3531 naturam,
1437 3465 1701 3533 Verbum,
1733 3465 1939 3536 jubens
1987 3465 2122 3522 illud

545 3568 769 3610 cessare
810 3563 864 3610 et
905 3555 972 3610 ad
1021 3554 1115 3610 Dei
1146 3556 1490 3612 voluntatem
1527 3556 1707 3626 potius
1747 3570 1910 3626 quam
1965 3569 2120 3610 suam

547 3645 924 3713 conformans,
959 3656 1124 3718 atque
1150 3649 1227 3702 ita
1267 3663 1490 3719 corpus,
1513 3649 1764 3703 ‘animale
1787 3663 1915 3702 cum
1953 3654 2121 3713 esset,

545 3738 726 3795 effecit
765 3739 899 3793 illud
949 3740 1220 3811 spiritale.
1275 3739 1430 3796 Unus
1483 3741 1653 3811 igitur
1697 3739 2122 3794 instaurationis

548 3833 640 3888 hic
671 3832 864 3887 modus
891 3843 976 3888 est
1007 3852 1020 3887 :
1055 3833 1148 3889 sed
1173 3833 1313 3887 alter
1333 3834 1482 3889 subit
1506 3833 1742 3887 maxime
1765 3831 2120 3893 conveniens,

547 3939 614 3980 ac
665 3940 852 3979 rerum
919 3924 1326 3994 propositarum
1381 3923 1831 3995 contemplationi
1884 3923 2123 3978 debitus.

548 4015 900 4085 Propositum
954 4021 1132 4069 autem
1173 4022 1257 4070 est
1306 4014 1376 4070 de
1417 4025 1621 4070 aeterna
1658 4015 1771 4068 vita
1818 4013 2039 4078 dicere,
2071 4023 2126 4068 et

551 4108 748 4161 mortis
770 4105 1169 4171 destructione,
1195 4115 1247 4160 et
1271 4121 1380 4176 quo
1407 4114 1568 4176 pacto
1598 4120 1629 4159 a
1659 4115 1852 4159 natura
1883 4105 2124 4158 humana

550 4196 962 4266 corruptionem
1031 4197 1361 4268 Unigenitus
1432 4197 1713 4252 averterit.
1791 4214 1810 4247 ι
1851 4194 2124 4261 Quoniam

549 4289 718 4360 igitur
755 4288 910 4358 pueri
955 4291 1442 4344 communicarunt
1487 4288 1642 4342 carni
1677 4295 1732 4342 et
1765 4286 2040 4358 sanguini,
2072 4294 2127 4342 et

549 4383 668 4450 ipse
713 4381 880 4436 simili
917 4380 1083 4435 modo
1135 4379 1492 4452 participavit
1535 4379 1765 4442 eisdem,
1807 4385 1866 4431 ut
1895 4387 2126 4433 mortem

549 4473 863 4528 destrueret
884 4472 950 4536 ⁸⁸,
982 4490 1000 4522 ι
1041 4478 1096 4526 et
1137 4473 1231 4541 qui
1271 4491 1289 4522 ι
1316 4472 1526 4526 creavit
1577 4477 1637 4524 ut
1683 4479 1872 4526 essent
1915 4471 2125 4534 omnia,

547 4573 605 4619 et
633 4563 908 4620 salutares
933 4561 1060 4618 fecit
1089 4562 1467 4634 generationes
1499 4561 1710 4621 mundi,
1730 4579 1747 4612 ι
1780 4571 1839 4615 ut
1862 4561 2125 4632 scriptum

2225 3368 2481 3442 Χριστοῦ,
2532 3368 2594 3421 τὺ
2647 3368 2706 3420 ἐν
2753 3367 2990 3440 ἀπαθείᾳ
3041 3369 3291 3438 γενέσθαι
3350 3372 3444 3425 καὶ
3505 3371 3807 3444 ἀφθαρσίᾳ.

2223 3460 2525 3532 Κατέκρινε
2576 3460 2755 3513 τοίνυν
2801 3458 2900 3529 τὴν
2951 3459 3228 3532 ἁμαρτίαν
3269 3463 3326 3515 ὲν
3355 3465 3420 3532 τῇ
3462 3461 3566 3532 ἰδίᾳ
3616 3464 3810 3532 σαρκὶ,

2223 3553 2356 3616 Θεὸς
2389 3552 2650 3623 ὑπάρχων
2688 3551 2830 3606 κατὰ
2859 3552 3043 3622 φύσιν,
3082 3556 3111 3606 ό
3160 3555 3352 3621 Λόγος,
3395 3555 3584 3625 ἀργεῖν
3618 3555 3815 3608 ἐπιτά-

2225 3647 2321 3714 ξας
2364 3644 2524 3716 αὐτῇ,
2554 3645 2649 3698 καὶ
2704 3645 3148 3718 μεταῤῥυθμίσας
3190 3646 3388 3716 μᾶλλον
3437 3649 3517 3711 εἰς
3545 3649 3607 3700 τὸ
3641 3651 3815 3702 κινεῖν

2225 3737 2350 3791 σθαι
2386 3735 2520 3808 πρὸς
2560 3736 2620 3789 τὸ
2657 3735 2847 3790 δοκοῦν
2879 3737 2958 3807 τῷ
2999 3737 3120 3808 Θεῷ
3147 3739 3240 3791 καὶ
3281 3739 3355 3810 μὴ
3404 3740 3538 3809 πρὸς
3571 3738 3633 3792 τὸ
3677 3739 3812 3792 ἴδιον

2223 3830 2303 3884 ἔτι
2332 3829 2572 3900 θέλημα’
2599 3829 2742 3882 οὕτω
2771 3847 2830 3882 τε
2861 3830 3087 3901 ψυχικὸν
3118 3831 3361 3903 ὑπάρχον
3388 3832 3449 3885 τὺ
3486 3833 3646 3902 σῶμα
3678 3850 3814 3886 κατ-

2225 3921 2490 3975 εσκεύασε
2536 3922 2921 3993 πνευματικόν.
2981 3918 3076 3988 Εἷς
3120 3923 3218 3994 μὲν
3261 3920 3353 3978 οὖν
3401 3925 3502 3994 τῆς
3533 3927 3814 3995 ἀνακεφα-

2225 4012 2502 4077 λαιώσεως
2541 4014 2721 4067 οὑτοσὶ
2764 4015 2984 4085 τρόπος
3013 4017 3046 4068 6
3082 4016 3138 4068 δὲ
3173 4017 3266 4070 καὶ
3299 4018 3533 4088 μάλιστα
3557 4020 3809 4090 πρέπων,

2227 4105 2322 4159 καὶ
2349 4107 2414 4175 τῇ
2443 4103 2554 4157 τῶν
2581 4105 2957 4176 προκειμένων
2982 4106 3186 4178 θεωρία
3207 4109 3671 4180 χρεωστούμενος,
3691 4112 3812 4180 μετ’

2227 4197 2432 4249 ἐκεῖνον
2461 4195 2793 4268 εἰσϐήσεται.
2824 4199 3180 4269 Προκείσεται
3223 4200 3279 4252 δὲ
3323 4203 3496 4255 εἰπεῖν
3535 4204 3667 4274 περὶ
3712 4205 3813 4272 τῆς

2227 4285 2447 4338 αἰωνίου
2471 4284 2637 4356 ζωῆς,
2663 4287 2758 4338 καὶ
2786 4286 2886 4356 τῆς
2915 4287 3009 4340 τοῦ
3038 4287 3268 4342 θανάτου
3301 4291 3641 4362 νεκρώσεως,
3665 4293 3814 4358 ὅπως

2227 4395 2288 4431 τε
2317 4378 2418 4448 τῆς
2450 4379 2796 4450 ἀνθρωπείας
2828 4378 3044 4449 φύσεως
3075 4381 3171 4453 τὴν
3202 4384 3266 4436 ὲκ
3313 4385 3411 4454 τῆς
3445 4385 3814 4452 παραϐάσεως

2230 4469 2436 4542 φθορὰν
2482 4470 2789 4542 ἀπέστησεν
2823 4473 2852 4525 6
2889 4473 3221 4545 Μονογενής.
3261 4494 3280 4527 ι
3317 4476 3526 4529 Οὐκοῦν
3581 4479 3816 4551 ἐπείπερ

2228 4563 2300 4616 τὰ
2345 4561 2533 4616 παιδία
2577 4563 2976 4636 κεκοινώνηκεν
3029 4566 3263 4650 αἵματος
3323 4568 3416 4620 καὶ
3461 4569 3685 4639 σαρκὸς,
3720 4570 3814 4623 καὶ

548 4663 637 4711 est
653 4655 724 4720 ",
749 4663 803 4711 et
831 4671 1017 4710 rerum
1047 4655 1279 4710 formam
1313 4654 1366 4708 in
1385 4655 1684 4724 pristinum
1722 4661 1926 4709 statum
1947 4655 2118 4709 denuo

2232 4653 2393 4716 αὐτὸς
2422 4653 2815 4724 παραπλησίως
2840 4655 3067 4725 μετέσχε
3095 4647 3208 4710 τῶν
3228 4655 3426 4718 αὐτῶν,
3453 4655 3542 4709 ἵνα
3561 4658 3814 4727 νεκρώσῃ

551 4757 859 4805 revocaret.
892 4748 959 4803 Et
986 4748 1264 4803 curiosius
1296 4747 1518 4816 quidem
1554 4760 1718 4816 quam
1761 4753 2000 4814 oportet,
2031 4763 2128 4802 ne-

552 4842 798 4898 cessario
829 4850 1011 4896 tamen
1043 4841 1110 4897 de
1155 4841 1381 4908 antiquo
1430 4849 1622 4894 nostro
1661 4846 1808 4894 statu
1853 4840 2019 4895 verba
2048 4841 2127 4894 fa-

553 4935 784 4990 ciemus.
817 4933 986 4988 Recte
1012 4932 1213 5001 quippe
1243 4930 1375 4999 quid
1418 4930 1828 4986 observandum
1862 4931 1934 4986 sit
1974 4945 2128 4986 com-

553 5027 716 5097 plecti
751 5026 911 5091 velle,
945 5023 1174 5095 pigritiae
1214 5022 1414 5092 probro
1445 5023 1635 5093 utique
1673 5022 1911 5077 vacabit.

2235 4743 2326 4797 τὸν
2379 4743 2626 4809 θάνατον,
2667 4764 2686 4796 ›
2723 4745 2817 4798 καὶ
2863 4748 2892 4798 6
2947 4763 2964 4795 σ
3024 4748 3217 4810 κτίσας
3264 4747 3344 4811 εἰς
3389 4747 3699 4819 ἀφθαρσίαν
3749 4751 3816 4804 τὰ

2237 4841 2434 4906 πάντα,
2479 4839 2574 4892 καὶ
2626 4842 2927 4913 σωτηρίους
2969 4842 3257 4906 ἀποδείξας
3303 4843 3402 4906 τάς
3429 4845 3678 4912 γενέσεις
3721 4845 3814 4899 τοῦ

2236 4931 2462 5002 κόσμου,
2498 4949 2516 4983 ›
2545 4931 2685 4985 κατὰ
2729 4931 2789 4985 τὸ
2830 4935 3236 5003 γεγραμμένον,
3285 4934 3607 5008 μεταπλάσῃ
3654 4937 3803 4990 πάλιι

2234 5023 2344 5077 τῶν
2374 5025 2710 5093 πραγμάτων
2737 5022 2798 5076 τὺ
2836 5024 3022 5094 σχῆμα
3051 5025 3183 5096 πρὸς
3210 5025 3272 5078 τὸ
3300 5026 3545 5096 ἀρχαῖον.
3584 5027 3692 5080 Καί
3725 5044 3808 5097 μα

554 5123 716 5177 πάλιν
744 5119 953 5186 ὁλόγος
982 5117 1398 5188 περιεργότερον
1429 5117 1548 5187 μὲν,
1600 5118 1744 5188 ἥπερ
1777 5117 1968 5188 ἐχρῆν,
2009 5119 2329 5187 ἀναγκαίως
2375 5117 2421 5170 δ’
2467 5113 2560 5171 οὖν
2633 5117 2782 5187 ὅμως
2835 5119 3203 5189 προϐλήσεται
3269 5118 3380 5191 [γρ.
3431 5119 3812 5192 προϐήσεται],

553 5213 652 5284 τὴν
676 5210 784 5265 τῶν
809 5208 930 5261 καθ’
957 5210 1102 5279 ἡμᾶς
1130 5207 1463 5278 ἀρχαιότητα
1489 5208 1871 5280 παραδεικνύς.
1899 5210 1972 5263 Τὸ
2035 5210 2162 5281 γὰρ,
2235 5205 2430 5281 οἶμαι,
2492 5209 2943 5278 περιδράττεσθαι
3007 5209 3112 5264 τῶν
3173 5210 3543 5282 θεωρημάτων
3605 5212 3814 5266 ὲθέλειν

556 5306 751 5378 ὀρθῶς,
800 5303 908 5356 τῶν
956 5303 1015 5368 ἐξ
1058 5302 1215 5356 ὄκνου
1269 5304 1626 5375 πταισμάτων
1666 5305 1958 5376 ἁμοιρήσει
2003 5305 2304 5369 παντελῶς.

625 5396 852 5453 Factum
881 5404 966 5453 est
995 5397 1161 5470 igitur
1192 5397 1424 5454 rationis
1455 5414 1682 5469 compos
1710 5399 1844 5454 illud
1879 5400 2086 5454 animal
2110 5443 2125 5465 ,

557 5489 746 5552 homo,
764 5487 1009 5557 inquam,
1031 5504 1058 5542 a
1093 5489 1386 5560 principio,
1406 5491 1472 5546 ad
1499 5491 1782 5546 Creatoris
1811 5493 2126 5562 imaginem,

554 5578 716 5651 juxta
763 5578 1076 5650 Scripturas
1117 5583 1182 5636 '°.
1221 5580 1287 5636 Et
1339 5581 1483 5637 ratio
1524 5583 1743 5638 diversa
1785 5583 2008 5652 quidem
2042 5593 2130 5639 est

2307 5397 2608 5470 Πεποίηται
2651 5398 2830 5451 τοίνυν
2880 5399 3029 5453 τουτὶ
3070 5399 3130 5453 τὺ
3177 5399 3392 5469 λογικὸν
3435 5399 3528 5452 ἐπὶ
3569 5398 3672 5468 τῆς
3711 5398 3817 5468 γῆς

2236 5491 2394 5556 ζῶον,
2426 5491 2569 5561 φημὶ
2604 5491 2666 5562 δὴ
2708 5492 2797 5544 τὸν
2831 5492 3136 5564 ἄνθρωπον,
3167 5493 3226 5559 ἐξ
3257 5493 3449 5564 ἀρχῆς,
3485 5491 3606 5546 κατ’
3629 5491 3820 5544 εἰκόνα

2232 5584 2327 5636 τοῦ
2361 5582 2681 5648 Κτίσαντος,
2713 5585 2855 5638 κατά
2882 5585 2979 5650 τάς
3008 5585 3248 5658 Γραφάς.
3282 5585 3392 5640 Καὶ
3427 5583 3681 5656 διάφορος
3713 5583 3820 5655 μὲν

631 5759 679 5794 ιτ
708 5759 728 5816 ι
756 5762 882 5823 Cor.
912 5783 1002 5836 xv,
1040 5765 1128 5824 49.
1180 5763 1252 5844 ,ι’
1292 5764 1464 5824 Hebr.
1499 5782 1562 5837 ιι,
1594 5771 1681 5828 ιι.
1757 5771 1802 5804 ε’
1847 5769 1974 5841 Sap-
2007 5783 2044 5840 ι»
2090 5769 2111 5825 1

2251 5770 2298 5802 ὀ
2337 5767 2470 5826 Gen.
2511 5766 2672 5836 1,26.
