  <div class='ocr_page' id='page_1' title='image "/cluster/home/n/w/nwhite01/storage/ocr_20150623/74/pst.000004029052/151.png"; bbox 0 0 3992 6316; ppageno 0'>
   <div class='ocr_carea' id='block_1_1' title="bbox 505 297 610 351">
    <p class='ocr_par' dir='ltr' id='par_1_1' title="bbox 505 297 610 351">
     <span class='ocr_line' id='line_1_1' title="bbox 505 297 610 351; baseline 0 0"><span class='ocrx_word' id='word_1_1' title='bbox 505 297 610 351; x_wconf 76' lang='lat'><strong>97’.)</strong></span> 
     </span>
    </p>
   </div>
   <div class='ocr_carea' id='block_1_2' title="bbox 1502 299 2737 362">
    <p class='ocr_par' dir='ltr' id='par_1_2' title="bbox 1502 299 2737 362">
     <span class='ocr_line' id='line_1_2' title="bbox 1502 299 2737 362; baseline 0.004 -8"><span class='ocrx_word' id='word_1_2' title='bbox 1502 300 1560 356; x_wconf 87' lang='lat' dir='ltr'><strong>S.</strong></span> <span class='ocrx_word' id='word_1_3' title='bbox 1603 299 1875 356; x_wconf 81' lang='lat' dir='ltr'><strong>CYRILLI</strong></span> <span class='ocrx_word' id='word_1_4' title='bbox 1912 299 2378 360; x_wconf 77' lang='lat' dir='ltr'><strong>ALEXANDRINI</strong></span> <span class='ocrx_word' id='word_1_5' title='bbox 2417 302 2737 362; x_wconf 80' lang='lat' dir='ltr'><strong>ARCHiEP.</strong></span> 
     </span>
    </p>
   </div>
   <div class='ocr_carea' id='block_1_3' title="bbox 3643 299 3756 356">
    <p class='ocr_par' dir='ltr' id='par_1_3' title="bbox 3643 299 3756 356">
     <span class='ocr_line' id='line_1_3' title="bbox 3643 299 3756 356; baseline 0 -1"><span class='ocrx_word' id='word_1_6' title='bbox 3643 299 3756 356; x_wconf 73' lang='lat'><strong>280</strong></span> 
     </span>
    </p>
   </div>
   <div class='ocr_carea' id='block_1_4' title="bbox 504 410 2080 495">
    <p class='ocr_par' dir='ltr' id='par_1_4' title="bbox 504 410 2072 490">
     <span class='ocr_line' id='line_1_4' title="bbox 504 410 2072 490; baseline 0.007 -25"><span class='ocrx_word' id='word_1_7' title='bbox 504 410 667 466; x_wconf 88' lang='lat' dir='ltr'><strong>Pater</strong></span> <span class='ocrx_word' id='word_1_8' title='bbox 699 411 751 466; x_wconf 93' lang='lat' dir='ltr'><strong>in</strong></span> <span class='ocrx_word' id='word_1_9' title='bbox 776 411 990 471; x_wconf 90' lang='lat' dir='ltr'><strong>Christo</strong></span> <span class='ocrx_word' id='word_1_10' title='bbox 1013 416 1058 448; x_wconf 68' lang='grc' dir='ltr'><strong>ὀ</strong></span> <span class='ocrx_word' id='word_1_11' title='bbox 1078 455 1095 481; x_wconf 89' lang='grc'><strong>,</strong></span> <span class='ocrx_word' id='word_1_12' title='bbox 1130 424 1184 470; x_wconf 85' lang='grc' dir='ltr'><strong>ει</strong></span> <span class='ocrx_word' id='word_1_13' title='bbox 1211 417 1360 486; x_wconf 89' lang='lat' dir='ltr'><strong>quod</strong></span> <span class='ocrx_word' id='word_1_14' title='bbox 1395 419 1606 487; x_wconf 88' lang='lat' dir='ltr'><strong>voluit,</strong></span> <span class='ocrx_word' id='word_1_15' title='bbox 1637 420 1890 490; x_wconf 79' lang='lat' dir='ltr'><strong>perfecit.</strong></span> <span class='ocrx_word' id='word_1_16' title='bbox 1925 420 2072 486; x_wconf 86' lang='lat' dir='ltr'><strong>Quo-</strong></span> 
     </span>
    </p>
   </div>
   <div class='ocr_carea' id='block_1_5' title="bbox 2183 410 3756 495">
    <p class='ocr_par' dir='ltr' id='par_1_5' title="bbox 2183 415 3756 495">
     <span class='ocr_line' id='line_1_5' title="bbox 2183 415 3756 495; baseline -0.003 -18"><span class='ocrx_word' id='word_1_17' title='bbox 2183 425 2316 495; x_wconf 80' lang='grc' dir='ltr'>γος)·</span> <span class='ocrx_word' id='word_1_18' title='bbox 2340 423 2922 495; x_wconf 75' lang='grc' dir='ltr'><strong>ἀνακεφαλαιώσασθαι</strong></span> <span class='ocrx_word' id='word_1_19' title='bbox 2955 422 3116 476; x_wconf 82' lang='grc' dir='ltr'>πάλιν</span> <span class='ocrx_word' id='word_1_20' title='bbox 3145 420 3244 492; x_wconf 80' lang='grc' dir='ltr'><strong>τὴν</strong></span> <span class='ocrx_word' id='word_1_21' title='bbox 3274 415 3562 490; x_wconf 83' lang='grc' dir='ltr'>ἀνθρώπου</span> <span class='ocrx_word' id='word_1_22' title='bbox 3593 419 3756 487; x_wconf 86' lang='grc' dir='ltr'>φύσιν</span> 
     </span>
    </p>
   </div>
   <div class='ocr_carea' id='block_1_6' title="bbox 506 502 2074 574">
    <p class='ocr_par' dir='ltr' id='par_1_6' title="bbox 506 502 2074 574">
     <span class='ocr_line' id='line_1_6' title="bbox 506 502 2074 574; baseline 0.008 -19"><span class='ocrx_word' id='word_1_23' title='bbox 506 517 632 555; x_wconf 89' lang='lat' dir='ltr'><strong>nam</strong></span> <span class='ocrx_word' id='word_1_24' title='bbox 666 502 832 574; x_wconf 77' lang='lat' dir='ltr'><strong>igitur</strong></span> <span class='ocrx_word' id='word_1_25' title='bbox 872 505 1035 560; x_wconf 93' lang='lat' dir='ltr'><strong>modo</strong></span> <span class='ocrx_word' id='word_1_26' title='bbox 1060 504 1264 562; x_wconf 84' lang='lat' dir='ltr'><strong>factum</strong></span> <span class='ocrx_word' id='word_1_27' title='bbox 1301 508 1352 563; x_wconf 89' lang='lat' dir='ltr'><strong>id</strong></span> <span class='ocrx_word' id='word_1_28' title='bbox 1390 509 1554 566; x_wconf 79' lang='lat' dir='ltr'><strong>fuerit</strong></span> <span class='ocrx_word' id='word_1_29' title='bbox 1581 550 1596 574; x_wconf 91' lang='lat'><strong>,</strong></span> <span class='ocrx_word' id='word_1_30' title='bbox 1641 522 2074 568; x_wconf 85' lang='lat' dir='ltr'><strong>consentaneum</strong></span> 
     </span>
    </p>
   </div>
   <div class='ocr_carea' id='block_1_7' title="bbox 506 595 2077 668">
    <p class='ocr_par' dir='ltr' id='par_1_7' title="bbox 506 595 2077 668">
     <span class='ocr_line' id='line_1_7' title="bbox 506 595 2077 668; baseline 0.008 -22"><span class='ocrx_word' id='word_1_31' title='bbox 506 601 590 648; x_wconf 88' lang='lat' dir='ltr'><strong>est</strong></span> <span class='ocrx_word' id='word_1_32' title='bbox 613 596 946 664; x_wconf 87' lang='lat' dir='ltr'><strong>perspicere.</strong></span> <span class='ocrx_word' id='word_1_33' title='bbox 967 595 1084 652; x_wconf 84' lang='lat' dir='ltr'><strong>Non</strong></span> <span class='ocrx_word' id='word_1_34' title='bbox 1103 607 1319 668; x_wconf 88' lang='lat' dir='ltr'><strong>poterat</strong></span> <span class='ocrx_word' id='word_1_35' title='bbox 1343 601 1527 668; x_wconf 86' lang='lat' dir='ltr'><strong>homo,</strong></span> <span class='ocrx_word' id='word_1_36' title='bbox 1547 611 1756 657; x_wconf 70' lang='lat' dir='ltr'><strong>natura:</strong></span> <span class='ocrx_word' id='word_1_37' title='bbox 1783 619 1904 658; x_wconf 89' lang='lat' dir='ltr'><strong>cum</strong></span> <span class='ocrx_word' id='word_1_38' title='bbox 1930 611 2077 660; x_wconf 88' lang='lat' dir='ltr'><strong>esset</strong></span> 
     </span>
    </p>
   </div>
   <div class='ocr_carea' id='block_1_8' title="bbox 506 689 2075 764">
    <p class='ocr_par' dir='ltr' id='par_1_8' title="bbox 506 689 2075 764">
     <span class='ocr_line' id='line_1_8' title="bbox 506 689 2075 764; baseline 0.007 -25"><span class='ocrx_word' id='word_1_39' title='bbox 506 689 905 755; x_wconf 81' lang='lat' dir='ltr'><strong>corruptibilis,</strong></span> <span class='ocrx_word' id='word_1_40' title='bbox 952 698 1179 747; x_wconf 87' lang='lat' dir='ltr'><strong>mortem</strong></span> <span class='ocrx_word' id='word_1_41' title='bbox 1210 692 1468 764; x_wconf 64' lang='lat' dir='ltr'><strong>effugere,</strong></span> <span class='ocrx_word' id='word_1_42' title='bbox 1510 697 1616 748; x_wconf 83' lang='lat' dir='ltr'><strong>nisi</strong></span> <span class='ocrx_word' id='word_1_43' title='bbox 1652 705 1886 751; x_wconf 82' lang='lat' dir='ltr'><strong>veterem</strong></span> <span class='ocrx_word' id='word_1_44' title='bbox 1927 697 2075 750; x_wconf 87' lang='lat' dir='ltr'><strong>illam</strong></span> 
     </span>
    </p>
   </div>
   <div class='ocr_carea' id='block_1_9' title="bbox 505 775 2076 856">
    <p class='ocr_par' dir='ltr' id='par_1_9' title="bbox 505 775 2076 856">
     <span class='ocr_line' id='line_1_9' title="bbox 505 775 2076 856; baseline 0.011 -32"><span class='ocrx_word' id='word_1_45' title='bbox 505 775 733 841; x_wconf 80' lang='lat' dir='ltr'><strong>gratiam</strong></span> <span class='ocrx_word' id='word_1_46' title='bbox 764 777 1057 846; x_wconf 82' lang='lat' dir='ltr'><strong>reciperet,</strong></span> <span class='ocrx_word' id='word_1_47' title='bbox 1086 790 1138 835; x_wconf 90' lang='lat' dir='ltr'><strong>et</strong></span> <span class='ocrx_word' id='word_1_48' title='bbox 1165 783 1436 852; x_wconf 87' lang='lat' dir='ltr'><strong>particeps</strong></span> <span class='ocrx_word' id='word_1_49' title='bbox 1456 782 1549 838; x_wconf 89' lang='lat' dir='ltr'><strong>Dei</strong></span> <span class='ocrx_word' id='word_1_50' title='bbox 1577 783 1728 839; x_wconf 82' lang='lat' dir='ltr'><strong>ﬁeret</strong></span> <span class='ocrx_word' id='word_1_51' title='bbox 1749 787 1843 856; x_wconf 85' lang='lat' dir='ltr'><strong>qui</strong></span> <span class='ocrx_word' id='word_1_52' title='bbox 1876 787 1930 840; x_wconf 90' lang='lat' dir='ltr'><strong>in</strong></span> <span class='ocrx_word' id='word_1_53' title='bbox 1954 802 2076 841; x_wconf 88' lang='lat' dir='ltr'><strong>esse</strong></span> 
     </span>
    </p>
   </div>
   <div class='ocr_carea' id='block_1_10' title="bbox 505 867 2072 947">
    <p class='ocr_par' dir='ltr' id='par_1_10' title="bbox 505 867 2072 947">
     <span class='ocr_line' id='line_1_10' title="bbox 505 867 2072 947; baseline 0.01 -31"><span class='ocrx_word' id='word_1_54' title='bbox 505 873 701 919; x_wconf 85' lang='lat' dir='ltr'><strong>cuncta</strong></span> <span class='ocrx_word' id='word_1_55' title='bbox 731 867 1000 935; x_wconf 89' lang='lat' dir='ltr'><strong>continet,</strong></span> <span class='ocrx_word' id='word_1_56' title='bbox 1037 885 1100 924; x_wconf 87' lang='lat' dir='ltr'><strong>ac</strong></span> <span class='ocrx_word' id='word_1_57' title='bbox 1139 871 1377 926; x_wconf 86' lang='lat' dir='ltr'><strong>viviﬁcat</strong></span> <span class='ocrx_word' id='word_1_58' title='bbox 1410 889 1504 943; x_wconf 91' lang='lat' dir='ltr'><strong>per</strong></span> <span class='ocrx_word' id='word_1_59' title='bbox 1527 872 1724 928; x_wconf 83' lang='lat' dir='ltr'><strong>Filium</strong></span> <span class='ocrx_word' id='word_1_60' title='bbox 1757 875 1810 928; x_wconf 90' lang='lat' dir='ltr'><strong>in</strong></span> <span class='ocrx_word' id='word_1_61' title='bbox 1841 875 2072 947; x_wconf 88' lang='lat' dir='ltr'><strong>Spiritu.</strong></span> 
     </span>
    </p>
   </div>
   <div class='ocr_carea' id='block_1_11' title="bbox 505 954 2077 1035">
    <p class='ocr_par' dir='ltr' id='par_1_11' title="bbox 505 954 2077 1035">
     <span class='ocr_line' id='line_1_11' title="bbox 505 954 2077 1035; baseline 0.009 -29"><span class='ocrx_word' id='word_1_62' title='bbox 505 954 941 1013; x_wconf 69' lang='lat' dir='ltr'><strong>(Iommunicavit</strong></span> <span class='ocrx_word' id='word_1_63' title='bbox 979 961 1144 1030; x_wconf 83' lang='lat' dir='ltr'><strong>igitur</strong></span> <span class='ocrx_word' id='word_1_64' title='bbox 1187 964 1340 1017; x_wconf 86' lang='lat' dir='ltr'><strong>carni</strong></span> <span class='ocrx_word' id='word_1_65' title='bbox 1383 972 1434 1018; x_wconf 91' lang='lat' dir='ltr'><strong>et</strong></span> <span class='ocrx_word' id='word_1_66' title='bbox 1483 967 1736 1035; x_wconf 81' lang='lat' dir='ltr'><strong>sanguini</strong></span> <span class='ocrx_word' id='word_1_67' title='bbox 1770 968 1817 999; x_wconf 79' lang='lat'>”</span> <span class='ocrx_word' id='word_1_68' title='bbox 1849 1009 1864 1031; x_wconf 92' lang='lat'><strong>,</strong></span> <span class='ocrx_word' id='word_1_69' title='bbox 1908 967 1960 1022; x_wconf 88' lang='lat' dir='ltr'><strong>id</strong></span> <span class='ocrx_word' id='word_1_70' title='bbox 1992 976 2077 1023; x_wconf 86' lang='lat' dir='ltr'><strong>est</strong></span> 
     </span>
    </p>
   </div>
   <div class='ocr_carea' id='block_1_12' title="bbox 508 1044 2079 1115">
    <p class='ocr_par' dir='ltr' id='par_1_12' title="bbox 508 1044 2079 1115">
     <span class='ocr_line' id='line_1_12' title="bbox 508 1044 2079 1115; baseline 0.009 -19"><span class='ocrx_word' id='word_1_71' title='bbox 508 1044 676 1100; x_wconf 90' lang='lat' dir='ltr'><strong>homo</strong></span> <span class='ocrx_word' id='word_1_72' title='bbox 720 1047 899 1103; x_wconf 80' lang='lat' dir='ltr'><strong>factus</strong></span> <span class='ocrx_word' id='word_1_73' title='bbox 947 1059 1060 1115; x_wconf 88' lang='lat' dir='ltr'><strong>est,</strong></span> <span class='ocrx_word' id='word_1_74' title='bbox 1113 1053 1219 1105; x_wconf 85' lang='lat' dir='ltr'><strong>vita</strong></span> <span class='ocrx_word' id='word_1_75' title='bbox 1271 1069 1396 1108; x_wconf 92' lang='lat' dir='ltr'><strong>cum</strong></span> <span class='ocrx_word' id='word_1_76' title='bbox 1444 1055 1516 1108; x_wconf 87' lang='lat' dir='ltr'><strong>sit</strong></span> <span class='ocrx_word' id='word_1_77' title='bbox 1563 1055 1870 1111; x_wconf 91' lang='lat' dir='ltr'><strong>secundum</strong></span> <span class='ocrx_word' id='word_1_78' title='bbox 1916 1065 2079 1111; x_wconf 86' lang='lat' dir='ltr'><strong>natu-</strong></span> 
     </span>
    </p>
   </div>
   <div class='ocr_carea' id='block_1_13' title="bbox 510 1140 2079 1216">
    <p class='ocr_par' dir='ltr' id='par_1_13' title="bbox 510 1140 2079 1216">
     <span class='ocr_line' id='line_1_13' title="bbox 510 1140 2079 1216; baseline 0.008 -28"><span class='ocrx_word' id='word_1_79' title='bbox 510 1150 657 1200; x_wconf 84' lang='lat' dir='ltr'><strong>ram,</strong></span> <span class='ocrx_word' id='word_1_80' title='bbox 692 1146 745 1192; x_wconf 88' lang='lat' dir='ltr'><strong>et</strong></span> <span class='ocrx_word' id='word_1_81' title='bbox 774 1153 841 1194; x_wconf 80' lang='lat' dir='ltr'><strong>ex</strong></span> <span class='ocrx_word' id='word_1_82' title='bbox 864 1140 973 1194; x_wconf 87' lang='lat' dir='ltr'><strong>vita</strong></span> <span class='ocrx_word' id='word_1_83' title='bbox 1018 1143 1319 1198; x_wconf 86' lang='lat' dir='ltr'><strong>secundum</strong></span> <span class='ocrx_word' id='word_1_84' title='bbox 1348 1151 1602 1199; x_wconf 87' lang='lat' dir='ltr'><strong>naturam</strong></span> <span class='ocrx_word' id='word_1_85' title='bbox 1638 1147 1878 1216; x_wconf 82' lang='lat' dir='ltr'><strong>genitus,</strong></span> <span class='ocrx_word' id='word_1_86' title='bbox 1911 1147 1962 1202; x_wconf 88' lang='lat' dir='ltr'><strong>id</strong></span> <span class='ocrx_word' id='word_1_87' title='bbox 1994 1156 2079 1202; x_wconf 92' lang='lat' dir='ltr'><strong>est</strong></span> 
     </span>
    </p>
   </div>
   <div class='ocr_carea' id='block_1_14' title="bbox 506 1227 2078 1306">
    <p class='ocr_par' dir='ltr' id='par_1_14' title="bbox 506 1227 2078 1306">
     <span class='ocr_line' id='line_1_14' title="bbox 506 1227 2078 1306; baseline 0.006 -24"><span class='ocrx_word' id='word_1_88' title='bbox 506 1244 572 1282; x_wconf 82' lang='lat' dir='ltr'><strong>ex</strong></span> <span class='ocrx_word' id='word_1_89' title='bbox 605 1227 716 1286; x_wconf 88' lang='lat' dir='ltr'><strong>Deo</strong></span> <span class='ocrx_word' id='word_1_90' title='bbox 752 1241 815 1286; x_wconf 90' lang='lat' dir='ltr'><strong>ac</strong></span> <span class='ocrx_word' id='word_1_91' title='bbox 849 1231 1011 1288; x_wconf 86' lang='lat' dir='ltr'><strong>Patre</strong></span> <span class='ocrx_word' id='word_1_92' title='bbox 1041 1235 1378 1305; x_wconf 81' lang='lat' dir='ltr'><strong>unigenitum</strong></span> <span class='ocrx_word' id='word_1_93' title='bbox 1417 1236 1538 1306; x_wconf 90' lang='lat' dir='ltr'><strong>ejus</strong></span> <span class='ocrx_word' id='word_1_94' title='bbox 1569 1235 1835 1303; x_wconf 82' lang='lat' dir='ltr'><strong>Verbum,</strong></span> <span class='ocrx_word' id='word_1_95' title='bbox 1865 1246 1923 1291; x_wconf 93' lang='lat' dir='ltr'><strong>ut</strong></span> <span class='ocrx_word' id='word_1_96' title='bbox 1954 1252 2078 1292; x_wconf 89' lang='lat' dir='ltr'><strong>eor-</strong></span> 
     </span>
    </p>
   </div>
   <div class='ocr_carea' id='block_1_15' title="bbox 509 1322 2078 1392">
    <p class='ocr_par' dir='ltr' id='par_1_15' title="bbox 509 1322 2078 1392">
     <span class='ocr_line' id='line_1_15' title="bbox 509 1322 2078 1392; baseline 0.004 -18"><span class='ocrx_word' id='word_1_97' title='bbox 509 1322 754 1392; x_wconf 90' lang='lat' dir='ltr'><strong>ruptibili</strong></span> <span class='ocrx_word' id='word_1_98' title='bbox 809 1325 1001 1390; x_wconf 87' lang='lat' dir='ltr'><strong>carni,</strong></span> <span class='ocrx_word' id='word_1_99' title='bbox 1069 1328 1280 1382; x_wconf 80' lang='lat' dir='ltr'><strong>ratione</strong></span> <span class='ocrx_word' id='word_1_100' title='bbox 1336 1343 1450 1383; x_wconf 67' lang='lat' dir='ltr'><strong>suae</strong></span> <span class='ocrx_word' id='word_1_101' title='bbox 1513 1335 1726 1383; x_wconf 70' lang='lat' dir='ltr'><strong>natura:</strong></span> <span class='ocrx_word' id='word_1_102' title='bbox 1785 1327 2078 1384; x_wconf 74' lang='lat' dir='ltr'><strong>inelfabili-</strong></span> 
     </span>
    </p>
   </div>
   <div class='ocr_carea' id='block_1_16' title="bbox 508 1416 2080 1490">
    <p class='ocr_par' dir='ltr' id='par_1_16' title="bbox 508 1416 2080 1490">
     <span class='ocr_line' id='line_1_16' title="bbox 508 1416 2080 1490; baseline 0.007 -26"><span class='ocrx_word' id='word_1_103' title='bbox 508 1421 618 1478; x_wconf 89' lang='lat' dir='ltr'><strong>ter,</strong></span> <span class='ocrx_word' id='word_1_104' title='bbox 656 1422 710 1468; x_wconf 90' lang='lat' dir='ltr'><strong>et</strong></span> <span class='ocrx_word' id='word_1_105' title='bbox 761 1416 922 1471; x_wconf 91' lang='lat' dir='ltr'><strong>modo</strong></span> <span class='ocrx_word' id='word_1_106' title='bbox 955 1417 1190 1488; x_wconf 89' lang='lat' dir='ltr'><strong>quodam</strong></span> <span class='ocrx_word' id='word_1_107' title='bbox 1219 1434 1457 1483; x_wconf 86' lang='lat' dir='ltr'><strong>arcano,</strong></span> <span class='ocrx_word' id='word_1_108' title='bbox 1511 1428 1565 1474; x_wconf 93' lang='lat' dir='ltr'><strong>et</strong></span> <span class='ocrx_word' id='word_1_109' title='bbox 1590 1435 1752 1490; x_wconf 91' lang='lat' dir='ltr'><strong>quem</strong></span> <span class='ocrx_word' id='word_1_110' title='bbox 1784 1420 1936 1476; x_wconf 89' lang='lat' dir='ltr'><strong>solus</strong></span> <span class='ocrx_word' id='word_1_111' title='bbox 1964 1420 2080 1489; x_wconf 90' lang='lat' dir='ltr'><strong>ipse</strong></span> 
     </span>
    </p>
   </div>
   <div class='ocr_carea' id='block_1_17' title="bbox 508 1504 2080 1581">
    <p class='ocr_par' dir='ltr' id='par_1_17' title="bbox 508 1504 2080 1581">
     <span class='ocr_line' id='line_1_17' title="bbox 508 1504 2080 1581; baseline 0.006 -25"><span class='ocrx_word' id='word_1_112' title='bbox 508 1504 679 1568; x_wconf 86' lang='lat' dir='ltr'><strong>novit,</strong></span> <span class='ocrx_word' id='word_1_113' title='bbox 713 1505 953 1575; x_wconf 80' lang='lat' dir='ltr'><strong>scipsum</strong></span> <span class='ocrx_word' id='word_1_114' title='bbox 988 1509 1205 1574; x_wconf 88' lang='lat' dir='ltr'><strong>uniens,</strong></span> <span class='ocrx_word' id='word_1_115' title='bbox 1235 1510 1299 1564; x_wconf 93' lang='lat' dir='ltr'><strong>ad</strong></span> <span class='ocrx_word' id='word_1_116' title='bbox 1331 1525 1486 1565; x_wconf 85' lang='lat' dir='ltr'><strong>suam</strong></span> <span class='ocrx_word' id='word_1_117' title='bbox 1518 1511 1698 1581; x_wconf 88' lang='lat' dir='ltr'><strong>ipsius</strong></span> <span class='ocrx_word' id='word_1_118' title='bbox 1729 1512 1897 1566; x_wconf 83' lang='lat' dir='ltr'><strong>vitam</strong></span> <span class='ocrx_word' id='word_1_119' title='bbox 1922 1526 2080 1566; x_wconf 86' lang='lat' dir='ltr'><strong>revo-</strong></span> 
     </span>
    </p>
   </div>
   <div class='ocr_carea' id='block_1_18' title="bbox 507 1597 2078 1668">
    <p class='ocr_par' dir='ltr' id='par_1_18' title="bbox 507 1597 2078 1668">
     <span class='ocr_line' id='line_1_18' title="bbox 507 1597 2078 1668; baseline 0.006 -22"><span class='ocrx_word' id='word_1_120' title='bbox 507 1604 660 1646; x_wconf 89' lang='lat' dir='ltr'><strong>caret</strong></span> <span class='ocrx_word' id='word_1_121' title='bbox 689 1632 702 1656; x_wconf 85' lang='lat'><strong>,</strong></span> <span class='ocrx_word' id='word_1_122' title='bbox 749 1610 813 1650; x_wconf 88' lang='lat' dir='ltr'><strong>ac</strong></span> <span class='ocrx_word' id='word_1_123' title='bbox 856 1597 1172 1668; x_wconf 88' lang='lat' dir='ltr'><strong>participem</strong></span> <span class='ocrx_word' id='word_1_124' title='bbox 1223 1614 1317 1668; x_wconf 89' lang='lat' dir='ltr'><strong>per</strong></span> <span class='ocrx_word' id='word_1_125' title='bbox 1364 1599 1605 1668; x_wconf 88' lang='lat' dir='ltr'><strong>seipsum</strong></span> <span class='ocrx_word' id='word_1_126' title='bbox 1657 1599 1751 1654; x_wconf 85' lang='lat' dir='ltr'><strong>Dei</strong></span> <span class='ocrx_word' id='word_1_127' title='bbox 1801 1615 1865 1654; x_wconf 90' lang='lat' dir='ltr'><strong>ac</strong></span> <span class='ocrx_word' id='word_1_128' title='bbox 1895 1598 2078 1656; x_wconf 86' lang='lat' dir='ltr'><strong>Patris</strong></span> 
     </span>
    </p>
   </div>
   <div class='ocr_carea' id='block_1_19' title="bbox 506 1684 2075 1758">
    <p class='ocr_par' dir='ltr' id='par_1_19' title="bbox 506 1684 2075 1758">
     <span class='ocr_line' id='line_1_19' title="bbox 506 1684 2075 1758; baseline 0.004 -20"><span class='ocrx_word' id='word_1_129' title='bbox 506 1684 759 1742; x_wconf 75' lang='lat' dir='ltr'><strong>ediceret.</strong></span> <span class='ocrx_word' id='word_1_130' title='bbox 806 1687 1070 1744; x_wconf 86' lang='lat' dir='ltr'><strong>Medialor</strong></span> <span class='ocrx_word' id='word_1_131' title='bbox 1099 1690 1242 1744; x_wconf 89' lang='lat' dir='ltr'><strong>enim</strong></span> <span class='ocrx_word' id='word_1_132' title='bbox 1283 1697 1366 1743; x_wconf 75' lang='lat' dir='ltr'><strong>est</strong></span> <span class='ocrx_word' id='word_1_133' title='bbox 1406 1688 1499 1744; x_wconf 91' lang='lat' dir='ltr'><strong>Dei</strong></span> <span class='ocrx_word' id='word_1_134' title='bbox 1525 1697 1579 1744; x_wconf 90' lang='lat' dir='ltr'><strong>et</strong></span> <span class='ocrx_word' id='word_1_135' title='bbox 1614 1689 1931 1758; x_wconf 84' lang='lat' dir='ltr'><strong>hominum,</strong></span> <span class='ocrx_word' id='word_1_136' title='bbox 1967 1691 2075 1745; x_wconf 91' lang='lat' dir='ltr'><strong>sic-</strong></span> 
     </span>
    </p>
   </div>
   <div class='ocr_carea' id='block_1_20' title="bbox 2176 509 3756 586">
    <p class='ocr_par' dir='ltr' id='par_1_20' title="bbox 2176 509 3756 586">
     <span class='ocr_line' id='line_1_20' title="bbox 2176 509 3756 586; baseline -0.006 -17"><span class='ocrx_word' id='word_1_137' title='bbox 2176 518 2255 579; x_wconf 75' lang='grc' dir='ltr'><strong>είς</strong></span> <span class='ocrx_word' id='word_1_138' title='bbox 2279 516 2339 569; x_wconf 88' lang='grc' dir='ltr'><strong>τὸ</strong></span> <span class='ocrx_word' id='word_1_139' title='bbox 2369 518 2593 586; x_wconf 72' lang='grc' dir='ltr'>ἀρχαῖον</span> <span class='ocrx_word' id='word_1_140' title='bbox 2625 513 2976 569; x_wconf 81' lang='grc' dir='ltr'>ἐϐουλεύσατό</span> <span class='ocrx_word' id='word_1_141' title='bbox 3015 529 3074 566; x_wconf 88' lang='grc' dir='ltr'><strong>τε</strong></span> <span class='ocrx_word' id='word_1_142' title='bbox 3115 513 3210 566; x_wconf 74' lang='grc' dir='ltr'>καὶ</span> <span class='ocrx_word' id='word_1_143' title='bbox 3257 511 3679 580; x_wconf 78' lang='grc' dir='ltr'>ἐπικεχείρηκεν</span> <span class='ocrx_word' id='word_1_144' title='bbox 3725 509 3756 561; x_wconf 85' lang='lat'><strong>6</strong></span> 
     </span>
    </p>
   </div>
   <div class='ocr_carea' id='block_1_21' title="bbox 2175 599 3750 677">
    <p class='ocr_par' dir='ltr' id='par_1_21' title="bbox 2175 599 3750 677">
     <span class='ocr_line' id='line_1_21' title="bbox 2175 599 3750 677; baseline -0.004 -19"><span class='ocrx_word' id='word_1_145' title='bbox 2175 604 2305 668; x_wconf 91' lang='grc' dir='ltr'>Θεὸς</span> <span class='ocrx_word' id='word_1_146' title='bbox 2337 606 2431 658; x_wconf 75' lang='grc' dir='ltr'><strong>καὶ</strong></span> <span class='ocrx_word' id='word_1_147' title='bbox 2463 605 2650 677; x_wconf 80' lang='grc' dir='ltr'>Πατὴρ</span> <span class='ocrx_word' id='word_1_148' title='bbox 2687 606 2746 658; x_wconf 85' lang='grc' dir='ltr'><strong>ἐν</strong></span> <span class='ocrx_word' id='word_1_149' title='bbox 2788 603 3026 675; x_wconf 79' lang='grc' dir='ltr'><strong>Χριστῷ,</strong></span> <span class='ocrx_word' id='word_1_150' title='bbox 3071 603 3167 656; x_wconf 70' lang='grc' dir='ltr'>καὶ</span> <span class='ocrx_word' id='word_1_151' title='bbox 3224 601 3457 672; x_wconf 85' lang='grc' dir='ltr'><strong>θελήσας</strong></span> <span class='ocrx_word' id='word_1_152' title='bbox 3503 599 3750 668; x_wconf 81' lang='grc' dir='ltr'>ἐξήνυσε.</span> 
     </span>
    </p>
   </div>
   <div class='ocr_carea' id='block_1_22' title="bbox 2177 685 3753 766">
    <p class='ocr_par' dir='ltr' id='par_1_22' title="bbox 2177 685 3753 766">
     <span class='ocr_line' id='line_1_22' title="bbox 2177 685 3753 766; baseline -0.004 -19"><span class='ocrx_word' id='word_1_153' title='bbox 2177 694 2302 759; x_wconf 86' lang='grc' dir='ltr'><strong>Πῶς</strong></span> <span class='ocrx_word' id='word_1_154' title='bbox 2334 692 2426 749; x_wconf 81' lang='grc' dir='ltr'><strong>οὖν</strong></span> <span class='ocrx_word' id='word_1_155' title='bbox 2461 696 2566 766; x_wconf 83' lang='grc' dir='ltr'><strong>ἀρα</strong></span> <span class='ocrx_word' id='word_1_156' title='bbox 2603 697 2845 765; x_wconf 87' lang='grc' dir='ltr'>γέγονεν,</span> <span class='ocrx_word' id='word_1_157' title='bbox 2892 694 3180 749; x_wconf 85' lang='grc' dir='ltr'>ἀκόλουθον</span> <span class='ocrx_word' id='word_1_158' title='bbox 3230 692 3466 746; x_wconf 80' lang='grc' dir='ltr'><strong>κατιδεῖν</strong></span> <span class='ocrx_word' id='word_1_159' title='bbox 3490 707 3504 721; x_wconf 79' lang='grc'><strong><em>⁸</em></strong></span> <span class='ocrx_word' id='word_1_160' title='bbox 3544 690 3660 742; x_wconf 86' lang='grc' dir='ltr'>Οὑκ</span> <span class='ocrx_word' id='word_1_161' title='bbox 3687 685 3753 760; x_wconf 78' lang='grc' dir='ltr'>ἦν</span> 
     </span>
    </p>
   </div>
   <div class='ocr_carea' id='block_1_23' title="bbox 2177 781 3754 860">
    <p class='ocr_par' dir='ltr' id='par_1_23' title="bbox 2177 781 3754 860">
     <span class='ocr_line' id='line_1_23' title="bbox 2177 781 3754 860; baseline -0.004 -21"><span class='ocrx_word' id='word_1_162' title='bbox 2177 787 2380 855; x_wconf 80' lang='grc' dir='ltr'><strong>ἑτέρως</strong></span> <span class='ocrx_word' id='word_1_163' title='bbox 2428 787 2701 860; x_wconf 81' lang='grc' dir='ltr'>διαδρᾶναι</span> <span class='ocrx_word' id='word_1_164' title='bbox 2755 787 2845 840; x_wconf 86' lang='grc' dir='ltr'><strong>τὸν</strong></span> <span class='ocrx_word' id='word_1_165' title='bbox 2907 786 3134 841; x_wconf 83' lang='grc' dir='ltr'>θάνατον</span> <span class='ocrx_word' id='word_1_166' title='bbox 3184 784 3396 854; x_wconf 79' lang='grc' dir='ltr'>φύσεως</span> <span class='ocrx_word' id='word_1_167' title='bbox 3455 782 3586 834; x_wconf 74' lang='grc' dir='ltr'>ὄντα</span> <span class='ocrx_word' id='word_1_168' title='bbox 3654 781 3754 848; x_wconf 69' lang='grc' dir='ltr'>τῆς</span> 
     </span>
    </p>
   </div>
   <div class='ocr_carea' id='block_1_24' title="bbox 2177 872 3753 949">
    <p class='ocr_par' dir='ltr' id='par_1_24' title="bbox 2177 872 3753 949">
     <span class='ocr_line' id='line_1_24' title="bbox 2177 872 3753 949; baseline -0.004 -20"><span class='ocrx_word' id='word_1_169' title='bbox 2177 877 2541 949; x_wconf 82' lang='grc' dir='ltr'><strong>φθειρομένης</strong></span> <span class='ocrx_word' id='word_1_170' title='bbox 2568 877 2660 931; x_wconf 88' lang='grc' dir='ltr'><strong>τὸν</strong></span> <span class='ocrx_word' id='word_1_171' title='bbox 2688 878 2990 948; x_wconf 78' lang='grc' dir='ltr'>ἄνθρωπον,</span> <span class='ocrx_word' id='word_1_172' title='bbox 3020 879 3069 930; x_wconf 89' lang='grc' dir='ltr'><strong>εί</strong></span> <span class='ocrx_word' id='word_1_173' title='bbox 3101 876 3176 947; x_wconf 83' lang='grc' dir='ltr'>μὴ</span> <span class='ocrx_word' id='word_1_174' title='bbox 3219 876 3317 946; x_wconf 83' lang='grc' dir='ltr'><strong>τὴν</strong></span> <span class='ocrx_word' id='word_1_175' title='bbox 3348 875 3580 945; x_wconf 80' lang='grc' dir='ltr'><strong>ἀρχαίαν</strong></span> <span class='ocrx_word' id='word_1_176' title='bbox 3613 872 3753 926; x_wconf 82' lang='grc' dir='ltr'>ἐκεί-</span> 
     </span>
    </p>
   </div>
   <div class='ocr_carea' id='block_1_25' title="bbox 2176 963 3751 1040">
    <p class='ocr_par' dir='ltr' id='par_1_25' title="bbox 2176 963 3751 1040">
     <span class='ocr_line' id='line_1_25' title="bbox 2176 963 3751 1040; baseline -0.004 -18"><span class='ocrx_word' id='word_1_177' title='bbox 2176 985 2273 1038; x_wconf 85' lang='grc' dir='ltr'>νην</span> <span class='ocrx_word' id='word_1_178' title='bbox 2314 969 2673 1039; x_wconf 76' lang='grc' dir='ltr'>ἀνεκομίσατο</span> <span class='ocrx_word' id='word_1_179' title='bbox 2699 970 2877 1040; x_wconf 82' lang='grc' dir='ltr'>χάριν,</span> <span class='ocrx_word' id='word_1_180' title='bbox 2913 969 3006 1023; x_wconf 64' lang='grc' dir='ltr'><strong>καῖ¹</strong></span> <span class='ocrx_word' id='word_1_181' title='bbox 3049 968 3273 1039; x_wconf 80' lang='grc' dir='ltr'>μετέσχε</span> <span class='ocrx_word' id='word_1_182' title='bbox 3319 965 3412 1019; x_wconf 87' lang='grc' dir='ltr'><strong>τοῦ</strong></span> <span class='ocrx_word' id='word_1_183' title='bbox 3457 966 3526 1018; x_wconf 79' lang='grc' dir='ltr'>τὰ</span> <span class='ocrx_word' id='word_1_184' title='bbox 3574 963 3751 1017; x_wconf 86' lang='grc' dir='ltr'>πάντα</span> 
     </span>
    </p>
   </div>
   <div class='ocr_carea' id='block_1_26' title="bbox 2179 1054 3750 1132">
    <p class='ocr_par' dir='ltr' id='par_1_26' title="bbox 2179 1054 3750 1132">
     <span class='ocr_line' id='line_1_26' title="bbox 2179 1054 3750 1132; baseline -0.004 -20"><span class='ocrx_word' id='word_1_185' title='bbox 2179 1061 2315 1132; x_wconf 86' lang='grc' dir='ltr'>πρὸς</span> <span class='ocrx_word' id='word_1_186' title='bbox 2339 1061 2402 1114; x_wconf 92' lang='grc' dir='ltr'><strong>τὸ</strong></span> <span class='ocrx_word' id='word_1_187' title='bbox 2441 1057 2578 1114; x_wconf 73' lang='grc' dir='ltr'>εἶναι</span> <span class='ocrx_word' id='word_1_188' title='bbox 2607 1060 2917 1131; x_wconf 82' lang='grc' dir='ltr'>συνέχοντος</span> <span class='ocrx_word' id='word_1_189' title='bbox 2945 1060 3101 1123; x_wconf 90' lang='grc' dir='ltr'>Θεοῦ,</span> <span class='ocrx_word' id='word_1_190' title='bbox 3134 1059 3226 1112; x_wconf 77' lang='grc' dir='ltr'><strong>καὶ</strong></span> <span class='ocrx_word' id='word_1_191' title='bbox 3265 1055 3658 1126; x_wconf 79' lang='grc' dir='ltr'>ζωογονοῦντος</span> <span class='ocrx_word' id='word_1_192' title='bbox 3685 1054 3750 1106; x_wconf 87' lang='grc' dir='ltr'>δι’</span> 
     </span>
    </p>
   </div>
   <div class='ocr_carea' id='block_1_27' title="bbox 2179 1146 3751 1222">
    <p class='ocr_par' dir='ltr' id='par_1_27' title="bbox 2179 1146 3751 1222">
     <span class='ocr_line' id='line_1_27' title="bbox 2179 1146 3751 1222; baseline -0.005 -17"><span class='ocrx_word' id='word_1_193' title='bbox 2179 1151 2310 1205; x_wconf 89' lang='grc' dir='ltr'>Υίοῦ</span> <span class='ocrx_word' id='word_1_194' title='bbox 2348 1153 2406 1206; x_wconf 85' lang='grc' dir='ltr'><strong>ἐν</strong></span> <span class='ocrx_word' id='word_1_195' title='bbox 2441 1152 2732 1222; x_wconf 82' lang='grc' dir='ltr'>Πνεῦματι.</span> <span class='ocrx_word' id='word_1_196' title='bbox 2767 1151 3141 1221; x_wconf 83' lang='grc' dir='ltr'>Κεκοινὼνηκε</span> <span class='ocrx_word' id='word_1_197' title='bbox 3184 1149 3359 1203; x_wconf 86' lang='grc' dir='ltr'>τοίνυν</span> <span class='ocrx_word' id='word_1_198' title='bbox 3397 1148 3628 1217; x_wconf 76' lang='grc' dir='ltr'>αἵματος</span> <span class='ocrx_word' id='word_1_199' title='bbox 3658 1146 3751 1199; x_wconf 77' lang='grc' dir='ltr'><strong>καὶ</strong></span> 
     </span>
    </p>
   </div>
   <div class='ocr_carea' id='block_1_28' title="bbox 2182 1235 3753 1314">
    <p class='ocr_par' dir='ltr' id='par_1_28' title="bbox 2182 1235 3753 1314">
     <span class='ocr_line' id='line_1_28' title="bbox 2182 1235 3753 1314; baseline -0.006 -17"><span class='ocrx_word' id='word_1_200' title='bbox 2182 1244 2382 1314; x_wconf 87' lang='grc' dir='ltr'>σαρκὸς</span> <span class='ocrx_word' id='word_1_201' title='bbox 2407 1283 2423 1309; x_wconf 95' lang='grc'><strong>,</strong></span> <span class='ocrx_word' id='word_1_202' title='bbox 2471 1241 2617 1296; x_wconf 71' lang='grc' dir='ltr'>τοῦτ’</span> <span class='ocrx_word' id='word_1_203' title='bbox 2667 1241 2782 1295; x_wconf 77' lang='grc' dir='ltr'>ἔστι</span> <span class='ocrx_word' id='word_1_204' title='bbox 2847 1241 3068 1310; x_wconf 89' lang='grc' dir='ltr'>γέγονεν</span> <span class='ocrx_word' id='word_1_205' title='bbox 3122 1238 3421 1313; x_wconf 76' lang='grc' dir='ltr'>ἄνθρωπος,</span> <span class='ocrx_word' id='word_1_206' title='bbox 3454 1238 3566 1306; x_wconf 79' lang='grc' dir='ltr'><strong>ζωὴ</strong></span> <span class='ocrx_word' id='word_1_207' title='bbox 3614 1235 3753 1290; x_wconf 81' lang='grc' dir='ltr'><strong>κατά</strong></span> 
     </span>
    </p>
   </div>
   <div class='ocr_carea' id='block_1_29' title="bbox 2181 1328 3752 1406">
    <p class='ocr_par' dir='ltr' id='par_1_29' title="bbox 2181 1328 3752 1406">
     <span class='ocr_line' id='line_1_29' title="bbox 2181 1328 3752 1406; baseline -0.011 -16"><span class='ocrx_word' id='word_1_208' title='bbox 2181 1334 2340 1405; x_wconf 84' lang='grc' dir='ltr'>φύσιν</span> <span class='ocrx_word' id='word_1_209' title='bbox 2385 1335 2666 1406; x_wconf 82' lang='grc' dir='ltr'>ὑπάρχων,</span> <span class='ocrx_word' id='word_1_210' title='bbox 2705 1334 2799 1388; x_wconf 74' lang='grc' dir='ltr'><strong>καὶ</strong></span> <span class='ocrx_word' id='word_1_211' title='bbox 2844 1335 2908 1387; x_wconf 89' lang='grc' dir='ltr'><strong>ἐκ</strong></span> <span class='ocrx_word' id='word_1_212' title='bbox 2950 1331 3094 1403; x_wconf 81' lang='grc' dir='ltr'>ζωῆς</span> <span class='ocrx_word' id='word_1_213' title='bbox 3135 1331 3233 1402; x_wconf 72' lang='grc' dir='ltr'>τῆς</span> <span class='ocrx_word' id='word_1_214' title='bbox 3279 1331 3419 1385; x_wconf 88' lang='grc' dir='ltr'><strong>κατά</strong></span> <span class='ocrx_word' id='word_1_215' title='bbox 3459 1328 3620 1400; x_wconf 88' lang='grc' dir='ltr'>φύσιν</span> <span class='ocrx_word' id='word_1_216' title='bbox 3669 1345 3752 1396; x_wconf 81' lang='grc' dir='ltr'><strong>γε.</strong></span> 
     </span>
    </p>
   </div>
   <div class='ocr_carea' id='block_1_30' title="bbox 2181 1417 3755 1496">
    <p class='ocr_par' dir='ltr' id='par_1_30' title="bbox 2181 1417 3755 1496">
     <span class='ocr_line' id='line_1_30' title="bbox 2181 1417 3755 1496; baseline -0.006 -19"><span class='ocrx_word' id='word_1_217' title='bbox 2181 1423 2508 1496; x_wconf 86' lang='grc' dir='ltr'>γεννημένος</span> <span class='ocrx_word' id='word_1_218' title='bbox 2533 1463 2549 1488; x_wconf 92' lang='grc'><strong>,</strong></span> <span class='ocrx_word' id='word_1_219' title='bbox 2611 1421 2755 1476; x_wconf 82' lang='grc' dir='ltr'>τοῦτ’</span> <span class='ocrx_word' id='word_1_220' title='bbox 2799 1422 2915 1475; x_wconf 74' lang='grc' dir='ltr'>ἐστι</span> <span class='ocrx_word' id='word_1_221' title='bbox 2958 1420 3051 1475; x_wconf 90' lang='grc' dir='ltr'><strong>τοῦ</strong></span> <span class='ocrx_word' id='word_1_222' title='bbox 3115 1419 3248 1472; x_wconf 82' lang='grc' dir='ltr'>Θεοῦ</span> <span class='ocrx_word' id='word_1_223' title='bbox 3305 1419 3399 1472; x_wconf 80' lang='grc' dir='ltr'><strong>καὶ</strong></span> <span class='ocrx_word' id='word_1_224' title='bbox 3457 1417 3672 1489; x_wconf 85' lang='grc' dir='ltr'>Πατρὸς</span> <span class='ocrx_word' id='word_1_225' title='bbox 3725 1418 3755 1468; x_wconf 86' lang='lat'><strong>6</strong></span> 
     </span>
    </p>
   </div>
   <div class='ocr_carea' id='block_1_31' title="bbox 2185 1510 3750 1586">
    <p class='ocr_par' dir='ltr' id='par_1_31' title="bbox 2185 1510 3750 1586">
     <span class='ocr_line' id='line_1_31' title="bbox 2185 1510 3750 1586; baseline -0.006 -18"><span class='ocrx_word' id='word_1_226' title='bbox 2185 1515 2478 1586; x_wconf 78' lang='grc' dir='ltr'>μονογενὴς</span> <span class='ocrx_word' id='word_1_227' title='bbox 2539 1513 2701 1568; x_wconf 83' lang='grc' dir='ltr'>αὑτοῦ</span> <span class='ocrx_word' id='word_1_228' title='bbox 2738 1513 2930 1582; x_wconf 90' lang='grc' dir='ltr'>Λόγος,</span> <span class='ocrx_word' id='word_1_229' title='bbox 2964 1513 3053 1566; x_wconf 79' lang='grc' dir='ltr'><strong>ἵνα</strong></span> <span class='ocrx_word' id='word_1_230' title='bbox 3095 1513 3161 1582; x_wconf 83' lang='grc' dir='ltr'>τῇ</span> <span class='ocrx_word' id='word_1_231' title='bbox 3202 1510 3529 1582; x_wconf 68' lang='grc' dir='ltr'>φθειρομένη</span> <span class='ocrx_word' id='word_1_232' title='bbox 3561 1510 3750 1578; x_wconf 75' lang='grc' dir='ltr'>σαρκὶ,</span> 
     </span>
    </p>
   </div>
   <div class='ocr_carea' id='block_1_32' title="bbox 2181 1599 3753 1675">
    <p class='ocr_par' dir='ltr' id='par_1_32' title="bbox 2181 1599 3753 1675">
     <span class='ocr_line' id='line_1_32' title="bbox 2181 1599 3753 1675; baseline -0.006 -16"><span class='ocrx_word' id='word_1_233' title='bbox 2181 1606 2321 1660; x_wconf 87' lang='grc' dir='ltr'>κατά</span> <span class='ocrx_word' id='word_1_234' title='bbox 2347 1623 2408 1675; x_wconf 90' lang='grc' dir='ltr'><strong>γε</strong></span> <span class='ocrx_word' id='word_1_235' title='bbox 2441 1605 2529 1658; x_wconf 88' lang='grc' dir='ltr'><strong>τὸν</strong></span> <span class='ocrx_word' id='word_1_236' title='bbox 2553 1605 2708 1673; x_wconf 86' lang='grc' dir='ltr'>λόγον</span> <span class='ocrx_word' id='word_1_237' title='bbox 2733 1605 2830 1674; x_wconf 81' lang='grc' dir='ltr'>τῆς</span> <span class='ocrx_word' id='word_1_238' title='bbox 2861 1604 2997 1667; x_wconf 87' lang='grc' dir='ltr'>ίδίας</span> <span class='ocrx_word' id='word_1_239' title='bbox 3023 1602 3254 1672; x_wconf 73' lang='grc' dir='ltr'>φύσεως,</span> <span class='ocrx_word' id='word_1_240' title='bbox 3289 1601 3542 1674; x_wconf 78' lang='grc' dir='ltr'>ἀρρήτως</span> <span class='ocrx_word' id='word_1_241' title='bbox 3568 1617 3627 1652; x_wconf 83' lang='grc' dir='ltr'><strong>τε</strong></span> <span class='ocrx_word' id='word_1_242' title='bbox 3655 1599 3753 1650; x_wconf 73' lang='grc' dir='ltr'><strong>καὶ</strong></span> 
     </span>
    </p>
   </div>
   <div class='ocr_carea' id='block_1_33' title="bbox 2181 1689 3754 1770">
    <p class='ocr_par' dir='ltr' id='par_1_33' title="bbox 2181 1689 3754 1770">
     <span class='ocr_line' id='line_1_33' title="bbox 2181 1689 3754 1770; baseline -0.006 -19"><span class='ocrx_word' id='word_1_243' title='bbox 2181 1698 2492 1770; x_wconf 78' lang='grc' dir='ltr'>ἀφράστως,</span> <span class='ocrx_word' id='word_1_244' title='bbox 2523 1697 2619 1750; x_wconf 68' lang='grc' dir='ltr'><strong>καὶ</strong></span> <span class='ocrx_word' id='word_1_245' title='bbox 2649 1695 2724 1759; x_wconf 83' lang='grc' dir='ltr'>ὡς</span> <span class='ocrx_word' id='word_1_246' title='bbox 2753 1696 2912 1757; x_wconf 88' lang='grc' dir='ltr'>αὑτὸς</span> <span class='ocrx_word' id='word_1_247' title='bbox 2940 1695 3145 1763; x_wconf 82' lang='grc' dir='ltr'>ἔγνωκε</span> <span class='ocrx_word' id='word_1_248' title='bbox 3179 1693 3356 1763; x_wconf 82' lang='grc' dir='ltr'>μόνος,</span> <span class='ocrx_word' id='word_1_249' title='bbox 3388 1690 3577 1745; x_wconf 80' lang='grc' dir='ltr'>ἑαυτὸν</span> <span class='ocrx_word' id='word_1_250' title='bbox 3614 1689 3754 1742; x_wconf 85' lang='grc' dir='ltr'>ἐνώ-</span> 
     </span>
    </p>
   </div>
   <div class='ocr_carea' id='block_1_34' title="bbox 508 1763 2080 1858">
    <p class='ocr_par' dir='ltr' id='par_1_34' title="bbox 508 1779 2074 1852">
     <span class='ocr_line' id='line_1_34' title="bbox 508 1779 2074 1852; baseline 0.004 -21"><span class='ocrx_word' id='word_1_251' title='bbox 508 1779 586 1833; x_wconf 84' lang='grc' dir='ltr'>ιιιί</span> <span class='ocrx_word' id='word_1_252' title='bbox 626 1779 891 1850; x_wconf 83' lang='lat' dir='ltr'><strong>scriptum</strong></span> <span class='ocrx_word' id='word_1_253' title='bbox 941 1789 1026 1836; x_wconf 90' lang='lat' dir='ltr'><strong>est</strong></span> <span class='ocrx_word' id='word_1_254' title='bbox 1059 1781 1105 1815; x_wconf 79' lang='lat'><strong>&#39;°</strong></span> <span class='ocrx_word' id='word_1_255' title='bbox 1131 1820 1146 1844; x_wconf 91' lang='lat'><strong>,</strong></span> <span class='ocrx_word' id='word_1_256' title='bbox 1186 1780 1294 1836; x_wconf 86' lang='lat' dir='ltr'><strong>Deo</strong></span> <span class='ocrx_word' id='word_1_257' title='bbox 1329 1782 1548 1852; x_wconf 86' lang='lat' dir='ltr'><strong>quidem</strong></span> <span class='ocrx_word' id='word_1_258' title='bbox 1584 1796 1649 1836; x_wconf 91' lang='lat' dir='ltr'><strong>ac</strong></span> <span class='ocrx_word' id='word_1_259' title='bbox 1679 1782 1829 1836; x_wconf 89' lang='lat' dir='ltr'><strong>Patri</strong></span> <span class='ocrx_word' id='word_1_260' title='bbox 1856 1791 2074 1838; x_wconf 85' lang='lat' dir='ltr'><strong>natura—</strong></span> 
     </span>
    </p>
   </div>
   <div class='ocr_carea' id='block_1_35' title="bbox 2183 1763 3754 1858">
    <p class='ocr_par' dir='ltr' id='par_1_35' title="bbox 2183 1763 3754 1858">
     <span class='ocr_line' id='line_1_35' title="bbox 2183 1763 3754 1858; baseline -0.004 -17"><span class='ocrx_word' id='word_1_261' title='bbox 2183 1763 2280 1852; x_wconf 78' lang='grc' dir='ltr'><strong>σας</strong></span> <span class='ocrx_word' id='word_1_262' title='bbox 2307 1787 2445 1858; x_wconf 90' lang='grc' dir='ltr'>πρὸς</span> <span class='ocrx_word' id='word_1_263' title='bbox 2473 1779 2570 1857; x_wconf 75' lang='grc' dir='ltr'><strong>τήν</strong></span> <span class='ocrx_word' id='word_1_264' title='bbox 2609 1786 2742 1839; x_wconf 85' lang='grc' dir='ltr'>ἰδίαν</span> <span class='ocrx_word' id='word_1_265' title='bbox 2768 1785 2931 1839; x_wconf 85' lang='grc' dir='ltr'>αὑτοῦ</span> <span class='ocrx_word' id='word_1_266' title='bbox 2959 1784 3268 1855; x_wconf 84' lang='grc' dir='ltr'>ἀνακομίσῃ</span> <span class='ocrx_word' id='word_1_267' title='bbox 3301 1784 3466 1854; x_wconf 84' lang='grc' dir='ltr'>ζωὴν,</span> <span class='ocrx_word' id='word_1_268' title='bbox 3501 1783 3596 1835; x_wconf 71' lang='grc' dir='ltr'><strong>καὶ</strong></span> <span class='ocrx_word' id='word_1_269' title='bbox 3631 1781 3754 1851; x_wconf 69' lang='grc' dir='ltr'><strong>μέτ⁸</strong></span> 
     </span>
    </p>
   </div>
   <div class='ocr_carea' id='block_1_36' title="bbox 508 1870 2076 1942">
    <p class='ocr_par' dir='ltr' id='par_1_36' title="bbox 508 1870 2076 1942">
     <span class='ocr_line' id='line_1_36' title="bbox 508 1870 2076 1942; baseline 0.003 -19"><span class='ocrx_word' id='word_1_270' title='bbox 508 1870 632 1924; x_wconf 87' lang='lat' dir='ltr'><strong>liter</strong></span> <span class='ocrx_word' id='word_1_271' title='bbox 659 1911 674 1933; x_wconf 95' lang='lat'><strong>,</strong></span> <span class='ocrx_word' id='word_1_272' title='bbox 717 1878 776 1924; x_wconf 89' lang='lat' dir='ltr'><strong>ut</strong></span> <span class='ocrx_word' id='word_1_273' title='bbox 813 1870 991 1935; x_wconf 88' lang='lat' dir='ltr'><strong>Deus,</strong></span> <span class='ocrx_word' id='word_1_274' title='bbox 1045 1879 1099 1926; x_wconf 88' lang='lat' dir='ltr'><strong>et</strong></span> <span class='ocrx_word' id='word_1_275' title='bbox 1132 1881 1190 1926; x_wconf 90' lang='lat' dir='ltr'><strong>ut</strong></span> <span class='ocrx_word' id='word_1_276' title='bbox 1223 1873 1314 1942; x_wconf 89' lang='lat' dir='ltr'><strong>qui</strong></span> <span class='ocrx_word' id='word_1_277' title='bbox 1355 1888 1418 1927; x_wconf 81' lang='lat' dir='ltr'><strong>ex</strong></span> <span class='ocrx_word' id='word_1_278' title='bbox 1457 1888 1559 1936; x_wconf 84' lang='lat' dir='ltr'><strong>eo,</strong></span> <span class='ocrx_word' id='word_1_279' title='bbox 1592 1873 1939 1942; x_wconf 88' lang='lat' dir='ltr'><strong>conjunctus,</strong></span> <span class='ocrx_word' id='word_1_280' title='bbox 1979 1873 2076 1930; x_wconf 88' lang='lat' dir='ltr'><strong>sed</strong></span> 
     </span>
    </p>
   </div>
   <div class='ocr_carea' id='block_1_37' title="bbox 508 1960 2075 2034">
    <p class='ocr_par' dir='ltr' id='par_1_37' title="bbox 508 1960 2075 2034">
     <span class='ocr_line' id='line_1_37' title="bbox 508 1960 2075 2034; baseline 0.004 -23"><span class='ocrx_word' id='word_1_281' title='bbox 508 1960 826 2016; x_wconf 89' lang='lat' dir='ltr'><strong>hominibus</strong></span> <span class='ocrx_word' id='word_1_282' title='bbox 864 1977 1082 2026; x_wconf 87' lang='lat' dir='ltr'><strong>rursus,</strong></span> <span class='ocrx_word' id='word_1_283' title='bbox 1121 1971 1181 2017; x_wconf 91' lang='lat' dir='ltr'><strong>ut</strong></span> <span class='ocrx_word' id='word_1_284' title='bbox 1208 1964 1372 2018; x_wconf 93' lang='lat' dir='ltr'><strong>homo</strong></span> <span class='ocrx_word' id='word_1_285' title='bbox 1399 2003 1413 2027; x_wconf 85' lang='lat'><strong>,</strong></span> <span class='ocrx_word' id='word_1_286' title='bbox 1444 1973 1498 2018; x_wconf 88' lang='lat' dir='ltr'><strong>et</strong></span> <span class='ocrx_word' id='word_1_287' title='bbox 1526 1963 1734 2020; x_wconf 87' lang='lat' dir='ltr'><strong>habens</strong></span> <span class='ocrx_word' id='word_1_288' title='bbox 1759 1963 1984 2034; x_wconf 89' lang='lat' dir='ltr'><strong>quidem</strong></span> <span class='ocrx_word' id='word_1_289' title='bbox 2022 1965 2075 2019; x_wconf 91' lang='lat' dir='ltr'><strong>in</strong></span> 
     </span>
    </p>
   </div>
   <div class='ocr_carea' id='block_1_38' title="bbox 507 2049 2077 2122">
    <p class='ocr_par' dir='ltr' id='par_1_38' title="bbox 507 2049 2077 2122">
     <span class='ocr_line' id='line_1_38' title="bbox 507 2049 2077 2122; baseline 0.004 -20"><span class='ocrx_word' id='word_1_290' title='bbox 507 2050 690 2120; x_wconf 92' lang='lat' dir='ltr'><strong>seipso</strong></span> <span class='ocrx_word' id='word_1_291' title='bbox 721 2049 938 2107; x_wconf 85' lang='lat' dir='ltr'><strong>Patrem</strong></span> <span class='ocrx_word' id='word_1_292' title='bbox 963 2093 977 2118; x_wconf 91' lang='lat'><strong>,</strong></span> <span class='ocrx_word' id='word_1_293' title='bbox 1029 2061 1084 2106; x_wconf 92' lang='lat' dir='ltr'><strong>et</strong></span> <span class='ocrx_word' id='word_1_294' title='bbox 1117 2054 1234 2122; x_wconf 90' lang='lat' dir='ltr'><strong>ipse</strong></span> <span class='ocrx_word' id='word_1_295' title='bbox 1263 2053 1317 2108; x_wconf 92' lang='lat' dir='ltr'><strong>in</strong></span> <span class='ocrx_word' id='word_1_296' title='bbox 1344 2052 1508 2109; x_wconf 89' lang='lat' dir='ltr'><strong>Patre</strong></span> <span class='ocrx_word' id='word_1_297' title='bbox 1536 2055 1833 2111; x_wconf 79' lang='lat' dir='ltr'><strong>exsistens.</strong></span> <span class='ocrx_word' id='word_1_298' title='bbox 1867 2055 2077 2110; x_wconf 88' lang='lat' dir='ltr'><strong>Chara-</strong></span> 
     </span>
    </p>
   </div>
   <div class='ocr_carea' id='block_1_39' title="bbox 507 2141 2078 2215">
    <p class='ocr_par' dir='ltr' id='par_1_39' title="bbox 507 2141 2078 2215">
     <span class='ocr_line' id='line_1_39' title="bbox 507 2141 2078 2215; baseline 0.003 -21"><span class='ocrx_word' id='word_1_299' title='bbox 507 2150 621 2194; x_wconf 88' lang='lat' dir='ltr'><strong>cter</strong></span> <span class='ocrx_word' id='word_1_300' title='bbox 650 2141 795 2196; x_wconf 82' lang='lat' dir='ltr'><strong>enim</strong></span> <span class='ocrx_word' id='word_1_301' title='bbox 821 2148 909 2197; x_wconf 86' lang='lat' dir='ltr'><strong>est</strong></span> <span class='ocrx_word' id='word_1_302' title='bbox 962 2158 1028 2198; x_wconf 90' lang='lat' dir='ltr'><strong>ac</strong></span> <span class='ocrx_word' id='word_1_303' title='bbox 1057 2143 1316 2213; x_wconf 90' lang='lat' dir='ltr'><strong>splendor</strong></span> <span class='ocrx_word' id='word_1_304' title='bbox 1341 2145 1666 2200; x_wconf 73' lang='lat' dir='ltr'><strong>substantiae</strong></span> <span class='ocrx_word' id='word_1_305' title='bbox 1691 2145 1813 2215; x_wconf 89' lang='lat' dir='ltr'><strong>ejus</strong></span> <span class='ocrx_word' id='word_1_306' title='bbox 1839 2147 1882 2177; x_wconf 68' lang='lat'><strong>9’</strong></span> <span class='ocrx_word' id='word_1_307' title='bbox 1912 2187 1928 2211; x_wconf 91' lang='lat'><strong>,</strong></span> <span class='ocrx_word' id='word_1_308' title='bbox 1970 2160 2078 2199; x_wconf 91' lang='lat' dir='ltr'><strong>non</strong></span> 
     </span>
    </p>
   </div>
   <div class='ocr_carea' id='block_1_40' title="bbox 507 2233 2081 2307">
    <p class='ocr_par' dir='ltr' id='par_1_40' title="bbox 507 2233 2081 2307">
     <span class='ocr_line' id='line_1_40' title="bbox 507 2233 2081 2307; baseline 0.004 -20"><span class='ocrx_word' id='word_1_309' title='bbox 507 2248 538 2287; x_wconf 90' lang='lat' dir='ltr'><strong>a</strong></span> <span class='ocrx_word' id='word_1_310' title='bbox 572 2233 881 2289; x_wconf 74' lang='lat' dir='ltr'><strong>substantia</strong></span> <span class='ocrx_word' id='word_1_311' title='bbox 907 2278 921 2300; x_wconf 86' lang='lat'><strong>,</strong></span> <span class='ocrx_word' id='word_1_312' title='bbox 953 2235 1112 2305; x_wconf 89' lang='lat' dir='ltr'><strong>cujus</strong></span> <span class='ocrx_word' id='word_1_313' title='bbox 1137 2244 1219 2291; x_wconf 88' lang='lat' dir='ltr'><strong>est</strong></span> <span class='ocrx_word' id='word_1_314' title='bbox 1251 2237 1543 2292; x_wconf 86' lang='lat' dir='ltr'><strong>character</strong></span> <span class='ocrx_word' id='word_1_315' title='bbox 1573 2245 1624 2292; x_wconf 92' lang='lat' dir='ltr'><strong>et</strong></span> <span class='ocrx_word' id='word_1_316' title='bbox 1659 2252 1725 2291; x_wconf 84' lang='lat' dir='ltr'><strong>ex</strong></span> <span class='ocrx_word' id='word_1_317' title='bbox 1755 2253 1858 2307; x_wconf 89' lang='lat' dir='ltr'><strong>qua</strong></span> <span class='ocrx_word' id='word_1_318' title='bbox 1890 2253 2081 2306; x_wconf 64' lang='lat' dir='ltr'><strong>proceo</strong></span> 
     </span>
    </p>
   </div>
   <div class='ocr_carea' id='block_1_41' title="bbox 507 2326 2079 2401">
    <p class='ocr_par' dir='ltr' id='par_1_41' title="bbox 507 2326 2079 2401">
     <span class='ocr_line' id='line_1_41' title="bbox 507 2326 2079 2401; baseline 0.003 -21"><span class='ocrx_word' id='word_1_319' title='bbox 507 2326 609 2388; x_wconf 91' lang='lat' dir='ltr'><strong>dit,</strong></span> <span class='ocrx_word' id='word_1_320' title='bbox 641 2333 701 2379; x_wconf 91' lang='lat' dir='ltr'><strong>ut</strong></span> <span class='ocrx_word' id='word_1_321' title='bbox 735 2326 1012 2396; x_wconf 83' lang='lat' dir='ltr'><strong>splendor,</strong></span> <span class='ocrx_word' id='word_1_322' title='bbox 1046 2329 1278 2396; x_wconf 88' lang='lat' dir='ltr'><strong>alienus,</strong></span> <span class='ocrx_word' id='word_1_323' title='bbox 1319 2331 1415 2386; x_wconf 91' lang='lat' dir='ltr'><strong>sed</strong></span> <span class='ocrx_word' id='word_1_324' title='bbox 1441 2332 1493 2385; x_wconf 89' lang='lat' dir='ltr'><strong>in</strong></span> <span class='ocrx_word' id='word_1_325' title='bbox 1522 2345 1584 2386; x_wconf 87' lang='lat' dir='ltr'><strong>ea</strong></span> <span class='ocrx_word' id='word_1_326' title='bbox 1618 2332 1734 2401; x_wconf 85' lang='lat' dir='ltr'><strong>ipse</strong></span> <span class='ocrx_word' id='word_1_327' title='bbox 1763 2331 2040 2386; x_wconf 81' lang='lat' dir='ltr'><strong>exsistens</strong></span> <span class='ocrx_word' id='word_1_328' title='bbox 2063 2372 2079 2396; x_wconf 89' lang='lat'><strong>,</strong></span> 
     </span>
    </p>
   </div>
   <div class='ocr_carea' id='block_1_42' title="bbox 507 2417 2081 2491">
    <p class='ocr_par' dir='ltr' id='par_1_42' title="bbox 507 2417 2081 2491">
     <span class='ocr_line' id='line_1_42' title="bbox 507 2417 2081 2491; baseline 0 -17"><span class='ocrx_word' id='word_1_329' title='bbox 507 2427 561 2474; x_wconf 89' lang='lat' dir='ltr'><strong>et</strong></span> <span class='ocrx_word' id='word_1_330' title='bbox 588 2417 798 2472; x_wconf 85' lang='lat' dir='ltr'><strong>habens</strong></span> <span class='ocrx_word' id='word_1_331' title='bbox 830 2432 948 2473; x_wconf 83' lang='lat' dir='ltr'><strong>eam</strong></span> <span class='ocrx_word' id='word_1_332' title='bbox 973 2419 1026 2472; x_wconf 92' lang='lat' dir='ltr'><strong>in</strong></span> <span class='ocrx_word' id='word_1_333' title='bbox 1059 2421 1262 2489; x_wconf 82' lang='lat' dir='ltr'><strong>seipso,</strong></span> <span class='ocrx_word' id='word_1_334' title='bbox 1293 2438 1503 2491; x_wconf 88' lang='lat' dir='ltr'><strong>nosque</strong></span> <span class='ocrx_word' id='word_1_335' title='bbox 1529 2438 1720 2477; x_wconf 90' lang='lat' dir='ltr'><strong>rursus</strong></span> <span class='ocrx_word' id='word_1_336' title='bbox 1752 2423 1804 2476; x_wconf 90' lang='lat' dir='ltr'><strong>in</strong></span> <span class='ocrx_word' id='word_1_337' title='bbox 1836 2437 1914 2488; x_wconf 88' lang='lat' dir='ltr'><strong>se,</strong></span> <span class='ocrx_word' id='word_1_338' title='bbox 1943 2436 2081 2490; x_wconf 89' lang='lat' dir='ltr'><strong>qua-</strong></span> 
     </span>
    </p>
   </div>
   <div class='ocr_carea' id='block_1_43' title="bbox 508 2510 2078 2581">
    <p class='ocr_par' dir='ltr' id='par_1_43' title="bbox 508 2510 2078 2581">
     <span class='ocr_line' id='line_1_43' title="bbox 508 2510 2078 2581; baseline 0.003 -21"><span class='ocrx_word' id='word_1_339' title='bbox 508 2515 670 2563; x_wconf 87' lang='lat' dir='ltr'><strong>tenus</strong></span> <span class='ocrx_word' id='word_1_340' title='bbox 701 2514 941 2562; x_wconf 90' lang='lat' dir='ltr'><strong>nostram</strong></span> <span class='ocrx_word' id='word_1_341' title='bbox 975 2510 1211 2578; x_wconf 80' lang='lat' dir='ltr'><strong>gestavit</strong></span> <span class='ocrx_word' id='word_1_342' title='bbox 1244 2519 1495 2565; x_wconf 84' lang='lat' dir='ltr'><strong>naturam</strong></span> <span class='ocrx_word' id='word_1_343' title='bbox 1523 2553 1536 2577; x_wconf 93' lang='lat'><strong>,</strong></span> <span class='ocrx_word' id='word_1_344' title='bbox 1578 2520 1633 2566; x_wconf 92' lang='lat' dir='ltr'><strong>et</strong></span> <span class='ocrx_word' id='word_1_345' title='bbox 1679 2527 1880 2581; x_wconf 90' lang='lat' dir='ltr'><strong>corpus</strong></span> <span class='ocrx_word' id='word_1_346' title='bbox 1913 2511 2078 2566; x_wconf 83' lang='lat' dir='ltr'><strong>Verbi</strong></span> 
     </span>
    </p>
   </div>
   <div class='ocr_carea' id='block_1_44' title="bbox 507 2601 2079 2669">
    <p class='ocr_par' dir='ltr' id='par_1_44' title="bbox 507 2601 2079 2669">
     <span class='ocr_line' id='line_1_44' title="bbox 507 2601 2079 2669; baseline 0.004 -17"><span class='ocrx_word' id='word_1_347' title='bbox 507 2608 756 2654; x_wconf 88' lang='lat' dir='ltr'><strong>nostrum</strong></span> <span class='ocrx_word' id='word_1_348' title='bbox 780 2613 982 2669; x_wconf 89' lang='lat' dir='ltr'><strong>corpus</strong></span> <span class='ocrx_word' id='word_1_349' title='bbox 1015 2601 1208 2654; x_wconf 84' lang='lat' dir='ltr'><strong>audiit.</strong></span> <span class='ocrx_word' id='word_1_350' title='bbox 1239 2601 1382 2656; x_wconf 89' lang='lat' dir='ltr'><strong>Caro</strong></span> <span class='ocrx_word' id='word_1_351' title='bbox 1419 2603 1563 2657; x_wconf 89' lang='lat' dir='ltr'><strong>enim</strong></span> <span class='ocrx_word' id='word_1_352' title='bbox 1603 2601 1836 2659; x_wconf 85' lang='lat' dir='ltr'><strong>Verbum</strong></span> <span class='ocrx_word' id='word_1_353' title='bbox 1878 2603 2079 2659; x_wconf 81' lang='lat' dir='ltr'><strong>factum</strong></span> 
     </span>
    </p>
   </div>
   <div class='ocr_carea' id='block_1_45' title="bbox 506 2687 2078 2758">
    <p class='ocr_par' dir='ltr' id='par_1_45' title="bbox 506 2687 2078 2758">
     <span class='ocr_line' id='line_1_45' title="bbox 506 2687 2078 2758; baseline 0.001 -14"><span class='ocrx_word' id='word_1_354' title='bbox 506 2689 784 2758; x_wconf 81' lang='lat' dir='ltr'><strong>est,juxta</strong></span> <span class='ocrx_word' id='word_1_355' title='bbox 804 2687 1035 2745; x_wconf 85' lang='lat' dir='ltr'><strong>Joannis</strong></span> <span class='ocrx_word' id='word_1_356' title='bbox 1065 2705 1252 2745; x_wconf 84' lang='lat' dir='ltr'><strong>vocem</strong></span> <span class='ocrx_word' id='word_1_357' title='bbox 1270 2692 1336 2746; x_wconf 69' lang='grc'><strong>³⁸.</strong></span> <span class='ocrx_word' id='word_1_358' title='bbox 1361 2693 1507 2746; x_wconf 90' lang='lat' dir='ltr'><strong>Tulit</strong></span> <span class='ocrx_word' id='word_1_359' title='bbox 1529 2701 1775 2749; x_wconf 90' lang='lat' dir='ltr'><strong>nostram</strong></span> <span class='ocrx_word' id='word_1_360' title='bbox 1804 2701 2078 2757; x_wconf 88' lang='lat' dir='ltr'><strong>naturam,</strong></span> 
     </span>
    </p>
   </div>
   <div class='ocr_carea' id='block_1_46' title="bbox 510 2779 2084 2852">
    <p class='ocr_par' dir='ltr' id='par_1_46' title="bbox 510 2779 2084 2852">
     <span class='ocr_line' id='line_1_46' title="bbox 510 2779 2084 2852; baseline 0.003 -19"><span class='ocrx_word' id='word_1_361' title='bbox 510 2780 575 2834; x_wconf 83' lang='lat' dir='ltr'><strong>ad</strong></span> <span class='ocrx_word' id='word_1_362' title='bbox 595 2795 748 2835; x_wconf 87' lang='lat' dir='ltr'><strong>suam</strong></span> <span class='ocrx_word' id='word_1_363' title='bbox 771 2779 935 2834; x_wconf 82' lang='lat' dir='ltr'><strong>vitam</strong></span> <span class='ocrx_word' id='word_1_364' title='bbox 957 2795 1075 2835; x_wconf 92' lang='lat' dir='ltr'><strong>eam</strong></span> <span class='ocrx_word' id='word_1_365' title='bbox 1104 2779 1431 2838; x_wconf 83' lang='lat' dir='ltr'><strong>rel&#39;ormans.</strong></span> <span class='ocrx_word' id='word_1_366' title='bbox 1459 2781 1554 2837; x_wconf 88' lang='lat' dir='ltr'><strong>Est</strong></span> <span class='ocrx_word' id='word_1_367' title='bbox 1573 2792 1752 2836; x_wconf 88' lang='lat' dir='ltr'><strong>autem</strong></span> <span class='ocrx_word' id='word_1_368' title='bbox 1779 2783 1943 2838; x_wconf 88' lang='lat' dir='ltr'><strong>etiam</strong></span> <span class='ocrx_word' id='word_1_369' title='bbox 1969 2783 2084 2852; x_wconf 85' lang='lat' dir='ltr'><strong>ipse</strong></span> 
     </span>
    </p>
   </div>
   <div class='ocr_carea' id='block_1_47' title="bbox 510 2871 2082 2941">
    <p class='ocr_par' dir='ltr' id='par_1_47' title="bbox 510 2871 2082 2941">
     <span class='ocr_line' id='line_1_47' title="bbox 510 2871 2082 2941; baseline 0.001 -17"><span class='ocrx_word' id='word_1_370' title='bbox 510 2873 564 2925; x_wconf 91' lang='lat' dir='ltr'><strong>in</strong></span> <span class='ocrx_word' id='word_1_371' title='bbox 613 2871 772 2926; x_wconf 91' lang='lat' dir='ltr'><strong>nobis</strong></span> <span class='ocrx_word' id='word_1_372' title='bbox 808 2889 820 2924; x_wconf 91' lang='lat'>:</span> <span class='ocrx_word' id='word_1_373' title='bbox 871 2871 1165 2940; x_wconf 85' lang='lat' dir='ltr'><strong>participes</strong></span> <span class='ocrx_word' id='word_1_374' title='bbox 1214 2871 1359 2925; x_wconf 90' lang='lat' dir='ltr'><strong>cnim</strong></span> <span class='ocrx_word' id='word_1_375' title='bbox 1393 2872 1513 2941; x_wconf 87' lang='lat' dir='ltr'><strong>ejus</strong></span> <span class='ocrx_word' id='word_1_376' title='bbox 1544 2873 1769 2926; x_wconf 89' lang='lat' dir='ltr'><strong>omnino</strong></span> <span class='ocrx_word' id='word_1_377' title='bbox 1806 2871 1934 2927; x_wconf 82' lang='lat' dir='ltr'><strong>facti</strong></span> <span class='ocrx_word' id='word_1_378' title='bbox 1985 2887 2082 2927; x_wconf 92' lang='lat' dir='ltr'><strong>su-</strong></span> 
     </span>
    </p>
   </div>
   <div class='ocr_carea' id='block_1_48' title="bbox 509 2962 2080 3032">
    <p class='ocr_par' dir='ltr' id='par_1_48' title="bbox 509 2962 2080 3032">
     <span class='ocr_line' id='line_1_48' title="bbox 509 2962 2080 3032; baseline 0.001 -16"><span class='ocrx_word' id='word_1_379' title='bbox 509 2978 659 3027; x_wconf 87' lang='lat' dir='ltr'><strong>mus,</strong></span> <span class='ocrx_word' id='word_1_380' title='bbox 712 2977 950 3031; x_wconf 89' lang='lat' dir='ltr'><strong>cumque</strong></span> <span class='ocrx_word' id='word_1_381' title='bbox 1006 2963 1062 3018; x_wconf 91' lang='lat' dir='ltr'><strong>in</strong></span> <span class='ocrx_word' id='word_1_382' title='bbox 1118 2962 1278 3017; x_wconf 91' lang='lat' dir='ltr'><strong>nobis</strong></span> <span class='ocrx_word' id='word_1_383' title='bbox 1329 2978 1425 3032; x_wconf 90' lang='lat' dir='ltr'><strong>per</strong></span> <span class='ocrx_word' id='word_1_384' title='bbox 1479 2962 1746 3032; x_wconf 88' lang='lat' dir='ltr'><strong>Spiritum</strong></span> <span class='ocrx_word' id='word_1_385' title='bbox 1787 2964 2080 3019; x_wconf 87' lang='lat' dir='ltr'><strong>habemus.</strong></span> 
     </span>
    </p>
   </div>
   <div class='ocr_carea' id='block_1_49' title="bbox 509 3053 2086 3111">
    <p class='ocr_par' dir='ltr' id='par_1_49' title="bbox 509 3053 2086 3111">
     <span class='ocr_line' id='line_1_49' title="bbox 509 3053 2086 3111; baseline 0.002 -5"><span class='ocrx_word' id='word_1_386' title='bbox 509 3053 719 3109; x_wconf 88' lang='lat' dir='ltr'><strong>Idcirco</strong></span> <span class='ocrx_word' id='word_1_387' title='bbox 751 3054 894 3108; x_wconf 88' lang='lat' dir='ltr'><strong>enim</strong></span> <span class='ocrx_word' id='word_1_388' title='bbox 947 3061 1003 3108; x_wconf 88' lang='lat' dir='ltr'><strong>ct</strong></span> <span class='ocrx_word' id='word_1_389' title='bbox 1043 3054 1240 3108; x_wconf 85' lang='lat' dir='ltr'><strong>divinae</strong></span> <span class='ocrx_word' id='word_1_390' title='bbox 1269 3053 1400 3107; x_wconf 83' lang='lat' dir='ltr'><strong>facti</strong></span> <span class='ocrx_word' id='word_1_391' title='bbox 1435 3069 1629 3109; x_wconf 88' lang='lat' dir='ltr'><strong>sumus</strong></span> <span class='ocrx_word' id='word_1_392' title='bbox 1675 3065 1960 3111; x_wconf 90' lang='lat' dir='ltr'><strong>consortes</strong></span> <span class='ocrx_word' id='word_1_393' title='bbox 1989 3070 2086 3110; x_wconf 81' lang='lat' dir='ltr'><strong>na-</strong></span> 
     </span>
    </p>
   </div>
   <div class='ocr_carea' id='block_1_50' title="bbox 510 3144 2079 3217">
    <p class='ocr_par' dir='ltr' id='par_1_50' title="bbox 510 3144 2079 3217">
     <span class='ocr_line' id='line_1_50' title="bbox 510 3144 2079 3217; baseline 0.002 -18"><span class='ocrx_word' id='word_1_394' title='bbox 510 3154 649 3200; x_wconf 72' lang='lat' dir='ltr'><strong>turae</strong></span> <span class='ocrx_word' id='word_1_395' title='bbox 676 3145 720 3178; x_wconf 75' lang='grc' dir='ltr'>θ’</span> <span class='ocrx_word' id='word_1_396' title='bbox 752 3151 806 3198; x_wconf 83' lang='grc' dir='ltr'><strong>ει</strong></span> <span class='ocrx_word' id='word_1_397' title='bbox 829 3144 925 3198; x_wconf 87' lang='lat' dir='ltr'><strong>ﬁlii</strong></span> <span class='ocrx_word' id='word_1_398' title='bbox 955 3145 1294 3214; x_wconf 89' lang='lat' dir='ltr'><strong>appellamur</strong></span> <span class='ocrx_word' id='word_1_399' title='bbox 1326 3144 1344 3174; x_wconf 75' lang='grc'>⁸</span> <span class='ocrx_word' id='word_1_400' title='bbox 1369 3184 1384 3210; x_wconf 91' lang='grc'><strong>,</strong></span> <span class='ocrx_word' id='word_1_401' title='bbox 1417 3145 1594 3215; x_wconf 91' lang='lat' dir='ltr'><strong>ipsum</strong></span> <span class='ocrx_word' id='word_1_402' title='bbox 1616 3161 1837 3217; x_wconf 88' lang='lat' dir='ltr'><strong>quoque</strong></span> <span class='ocrx_word' id='word_1_403' title='bbox 1865 3144 2079 3202; x_wconf 85' lang='lat' dir='ltr'><strong>Patrem</strong></span> 
     </span>
    </p>
   </div>
   <div class='ocr_carea' id='block_1_51' title="bbox 511 3235 2081 3305">
    <p class='ocr_par' dir='ltr' id='par_1_51' title="bbox 511 3235 2081 3305">
     <span class='ocr_line' id='line_1_51' title="bbox 511 3235 2081 3305; baseline 0.001 -13"><span class='ocrx_word' id='word_1_404' title='bbox 511 3237 770 3292; x_wconf 85' lang='lat' dir='ltr'><strong>similiter</strong></span> <span class='ocrx_word' id='word_1_405' title='bbox 801 3236 856 3288; x_wconf 92' lang='lat' dir='ltr'><strong>in</strong></span> <span class='ocrx_word' id='word_1_406' title='bbox 896 3235 1057 3290; x_wconf 90' lang='lat' dir='ltr'><strong>nobis</strong></span> <span class='ocrx_word' id='word_1_407' title='bbox 1087 3235 1349 3291; x_wconf 89' lang='lat' dir='ltr'><strong>habentes</strong></span> <span class='ocrx_word' id='word_1_408' title='bbox 1377 3251 1472 3305; x_wconf 89' lang='lat' dir='ltr'><strong>per</strong></span> <span class='ocrx_word' id='word_1_409' title='bbox 1499 3235 1722 3301; x_wconf 87' lang='lat' dir='ltr'><strong>Filium,</strong></span> <span class='ocrx_word' id='word_1_410' title='bbox 1750 3238 1830 3292; x_wconf 92' lang='lat' dir='ltr'><strong>uti</strong></span> <span class='ocrx_word' id='word_1_411' title='bbox 1857 3246 1911 3294; x_wconf 91' lang='lat' dir='ltr'><strong>et</strong></span> <span class='ocrx_word' id='word_1_412' title='bbox 1942 3241 2081 3294; x_wconf 82' lang='lat' dir='ltr'><strong>Pau-</strong></span> 
     </span>
    </p>
   </div>
   <div class='ocr_carea' id='block_1_52' title="bbox 512 3326 2080 3396">
    <p class='ocr_par' dir='ltr' id='par_1_52' title="bbox 512 3326 2080 3396">
     <span class='ocr_line' id='line_1_52' title="bbox 512 3326 2080 3396; baseline 0.001 -14"><span class='ocrx_word' id='word_1_413' title='bbox 512 3330 598 3383; x_wconf 92' lang='lat' dir='ltr'><strong>lus</strong></span> <span class='ocrx_word' id='word_1_414' title='bbox 625 3335 861 3383; x_wconf 88' lang='lat' dir='ltr'><strong>testatur</strong></span> <span class='ocrx_word' id='word_1_415' title='bbox 889 3326 1079 3382; x_wconf 90' lang='lat' dir='ltr'><strong>dicens</strong></span> <span class='ocrx_word' id='word_1_416' title='bbox 1115 3345 1127 3380; x_wconf 89' lang='lat'><strong>:</strong></span> <span class='ocrx_word' id='word_1_417' title='bbox 1187 3345 1205 3376; x_wconf 81' lang='grc' dir='ltr'><strong>ι</strong></span> <span class='ocrx_word' id='word_1_418' title='bbox 1238 3326 1511 3392; x_wconf 86' lang='lat' dir='ltr'><strong>Quoniam</strong></span> <span class='ocrx_word' id='word_1_419' title='bbox 1563 3337 1743 3384; x_wconf 88' lang='lat' dir='ltr'><strong>autem</strong></span> <span class='ocrx_word' id='word_1_420' title='bbox 1777 3330 1912 3385; x_wconf 91' lang='lat' dir='ltr'><strong>estis</strong></span> <span class='ocrx_word' id='word_1_421' title='bbox 1946 3329 2038 3384; x_wconf 82' lang='lat' dir='ltr'><strong>ﬁlii</strong></span> <span class='ocrx_word' id='word_1_422' title='bbox 2064 3371 2080 3396; x_wconf 91' lang='lat'><strong>,</strong></span> 
     </span>
    </p>
   </div>
   <div class='ocr_carea' id='block_1_53' title="bbox 511 3415 2084 3486">
    <p class='ocr_par' dir='ltr' id='par_1_53' title="bbox 511 3415 2084 3486">
     <span class='ocr_line' id='line_1_53' title="bbox 511 3415 2084 3486; baseline 0.001 -14"><span class='ocrx_word' id='word_1_423' title='bbox 511 3419 664 3474; x_wconf 87' lang='lat' dir='ltr'><strong>misit</strong></span> <span class='ocrx_word' id='word_1_424' title='bbox 696 3418 836 3473; x_wconf 92' lang='lat' dir='ltr'><strong>Deus</strong></span> <span class='ocrx_word' id='word_1_425' title='bbox 865 3417 1132 3486; x_wconf 87' lang='lat' dir='ltr'><strong>Spiritum</strong></span> <span class='ocrx_word' id='word_1_426' title='bbox 1165 3415 1295 3472; x_wconf 87' lang='lat' dir='ltr'><strong>Filii</strong></span> <span class='ocrx_word' id='word_1_427' title='bbox 1329 3419 1416 3474; x_wconf 89' lang='lat' dir='ltr'><strong>sui</strong></span> <span class='ocrx_word' id='word_1_428' title='bbox 1443 3419 1497 3472; x_wconf 93' lang='lat' dir='ltr'><strong>in</strong></span> <span class='ocrx_word' id='word_1_429' title='bbox 1531 3420 1696 3474; x_wconf 89' lang='lat' dir='ltr'><strong>corda</strong></span> <span class='ocrx_word' id='word_1_430' title='bbox 1725 3428 1904 3476; x_wconf 88' lang='lat' dir='ltr'><strong>vestra</strong></span> <span class='ocrx_word' id='word_1_431' title='bbox 1929 3460 1943 3486; x_wconf 88' lang='lat'><strong>,</strong></span> <span class='ocrx_word' id='word_1_432' title='bbox 1975 3421 2084 3474; x_wconf 90' lang='lat' dir='ltr'><strong>cla-</strong></span> 
     </span>
    </p>
   </div>
   <div class='ocr_carea' id='block_1_54' title="bbox 512 3509 2078 3574">
    <p class='ocr_par' dir='ltr' id='par_1_54' title="bbox 512 3509 2078 3574">
     <span class='ocr_line' id='line_1_54' title="bbox 512 3509 2078 3574; baseline 0.001 -9"><span class='ocrx_word' id='word_1_433' title='bbox 512 3519 750 3566; x_wconf 88' lang='lat' dir='ltr'><strong>mantem</strong></span> <span class='ocrx_word' id='word_1_434' title='bbox 806 3529 819 3564; x_wconf 93' lang='lat'>:</span> <span class='ocrx_word' id='word_1_435' title='bbox 878 3509 1032 3565; x_wconf 85' lang='lat' dir='ltr'><strong>Abba</strong></span> <span class='ocrx_word' id='word_1_436' title='bbox 1059 3551 1073 3574; x_wconf 88' lang='lat'><strong>,</strong></span> <span class='ocrx_word' id='word_1_437' title='bbox 1111 3509 1273 3565; x_wconf 88' lang='lat' dir='ltr'><strong>Pater</strong></span> <span class='ocrx_word' id='word_1_438' title='bbox 1302 3514 1350 3566; x_wconf 80' lang='grc'>’.</span> <span class='ocrx_word' id='word_1_439' title='bbox 1389 3531 1408 3563; x_wconf 76' lang='grc' dir='ltr'><strong>ι</strong></span> <span class='ocrx_word' id='word_1_440' title='bbox 1454 3509 1574 3565; x_wconf 94' lang='lat' dir='ltr'><strong>Non</strong></span> <span class='ocrx_word' id='word_1_441' title='bbox 1621 3512 1766 3566; x_wconf 90' lang='lat' dir='ltr'><strong>enim</strong></span> <span class='ocrx_word' id='word_1_442' title='bbox 1802 3511 2078 3567; x_wconf 90' lang='lat' dir='ltr'><strong>diversum</strong></span> 
     </span>
    </p>
   </div>
   <div class='ocr_carea' id='block_1_55' title="bbox 511 3601 2083 3673">
    <p class='ocr_par' dir='ltr' id='par_1_55' title="bbox 511 3601 2083 3673">
     <span class='ocr_line' id='line_1_55' title="bbox 511 3601 2083 3673; baseline 0.001 -16"><span class='ocrx_word' id='word_1_443' title='bbox 511 3603 644 3673; x_wconf 81' lang='lat' dir='ltr'><strong>quid</strong></span> <span class='ocrx_word' id='word_1_444' title='bbox 689 3618 718 3656; x_wconf 92' lang='lat' dir='ltr'><strong>a</strong></span> <span class='ocrx_word' id='word_1_445' title='bbox 766 3601 905 3657; x_wconf 85' lang='lat' dir='ltr'><strong>Filio</strong></span> <span class='ocrx_word' id='word_1_446' title='bbox 939 3611 1024 3658; x_wconf 86' lang='lat' dir='ltr'><strong>est</strong></span> <span class='ocrx_word' id='word_1_447' title='bbox 1064 3601 1308 3673; x_wconf 87' lang='lat' dir='ltr'><strong>Spiritus</strong></span> <span class='ocrx_word' id='word_1_448' title='bbox 1346 3605 1466 3673; x_wconf 87' lang='lat' dir='ltr'><strong>ejus</strong></span> <span class='ocrx_word' id='word_1_449' title='bbox 1493 3644 1506 3668; x_wconf 90' lang='lat'><strong>,</strong></span> <span class='ocrx_word' id='word_1_450' title='bbox 1547 3605 1849 3658; x_wconf 89' lang='lat' dir='ltr'><strong>secundum</strong></span> <span class='ocrx_word' id='word_1_451' title='bbox 1886 3604 2083 3660; x_wconf 88' lang='lat' dir='ltr'><strong>identi-</strong></span> 
     </span>
    </p>
   </div>
   <div class='ocr_carea' id='block_1_56' title="bbox 512 3691 2082 3763">
    <p class='ocr_par' dir='ltr' id='par_1_56' title="bbox 512 3691 2082 3763">
     <span class='ocr_line' id='line_1_56' title="bbox 512 3691 2082 3763; baseline 0.003 -19"><span class='ocrx_word' id='word_1_452' title='bbox 512 3700 672 3748; x_wconf 88' lang='lat' dir='ltr'><strong>tatem</strong></span> <span class='ocrx_word' id='word_1_453' title='bbox 729 3699 942 3747; x_wconf 57' lang='lat' dir='ltr'><strong>natura</strong></span> <span class='ocrx_word' id='word_1_454' title='bbox 1002 3693 1275 3748; x_wconf 76' lang='lat' dir='ltr'><strong>videlicet.</strong></span> <span class='ocrx_word' id='word_1_455' title='bbox 1316 3691 1412 3748; x_wconf 89' lang='lat' dir='ltr'><strong>His</strong></span> <span class='ocrx_word' id='word_1_456' title='bbox 1472 3694 1544 3747; x_wconf 91' lang='lat' dir='ltr'><strong>ita</strong></span> <span class='ocrx_word' id='word_1_457' title='bbox 1612 3694 1924 3763; x_wconf 77' lang='lat' dir='ltr'><strong>expositis,</strong></span> <span class='ocrx_word' id='word_1_458' title='bbox 1961 3709 2082 3763; x_wconf 85' lang='lat' dir='ltr'><strong>age,</strong></span> 
     </span>
    </p>
   </div>
   <div class='ocr_carea' id='block_1_57' title="bbox 514 3783 2085 3854">
    <p class='ocr_par' dir='ltr' id='par_1_57' title="bbox 514 3783 2085 3854">
     <span class='ocr_line' id='line_1_57' title="bbox 514 3783 2085 3854; baseline 0.001 -17"><span class='ocrx_word' id='word_1_459' title='bbox 514 3783 778 3854; x_wconf 89' lang='lat' dir='ltr'><strong>propositi</strong></span> <span class='ocrx_word' id='word_1_460' title='bbox 815 3784 920 3838; x_wconf 86' lang='lat' dir='ltr'><strong>loci</strong></span> <span class='ocrx_word' id='word_1_461' title='bbox 951 3799 1174 3839; x_wconf 90' lang='lat' dir='ltr'><strong>sensum</strong></span> <span class='ocrx_word' id='word_1_462' title='bbox 1204 3783 1568 3854; x_wconf 83' lang='lat' dir='ltr'><strong>proferentes,</strong></span> <span class='ocrx_word' id='word_1_463' title='bbox 1603 3783 1912 3840; x_wconf 87' lang='lat' dir='ltr'><strong>Servatoris</strong></span> <span class='ocrx_word' id='word_1_464' title='bbox 1938 3785 2085 3840; x_wconf 83' lang='lat' dir='ltr'><strong>voci-</strong></span> 
     </span>
    </p>
   </div>
   <div class='ocr_carea' id='block_1_58' title="bbox 511 3874 1300 3930">
    <p class='ocr_par' dir='ltr' id='par_1_58' title="bbox 511 3874 1300 3930">
     <span class='ocr_line' id='line_1_58' title="bbox 511 3874 1300 3930; baseline -0.003 -1"><span class='ocrx_word' id='word_1_465' title='bbox 511 3875 615 3930; x_wconf 92' lang='lat' dir='ltr'><strong>bus</strong></span> <span class='ocrx_word' id='word_1_466' title='bbox 643 3890 772 3930; x_wconf 86' lang='lat' dir='ltr'><strong>eum</strong></span> <span class='ocrx_word' id='word_1_467' title='bbox 797 3874 1300 3929; x_wconf 88' lang='lat' dir='ltr'><strong>accommodemus.</strong></span> 
     </span>
    </p>
   </div>
   <div class='ocr_carea' id='block_1_59' title="bbox 2177 1873 3752 1950">
    <p class='ocr_par' dir='ltr' id='par_1_59' title="bbox 2177 1873 3752 1950">
     <span class='ocr_line' id='line_1_59' title="bbox 2177 1873 3752 1950; baseline -0.005 -18"><span class='ocrx_word' id='word_1_468' title='bbox 2177 1895 2301 1949; x_wconf 89' lang='grc' dir='ltr'>οχον</span> <span class='ocrx_word' id='word_1_469' title='bbox 2327 1877 2580 1950; x_wconf 79' lang='grc' dir='ltr'><strong>ἀποδείξῃ</strong></span> <span class='ocrx_word' id='word_1_470' title='bbox 2623 1876 2688 1929; x_wconf 90' lang='grc' dir='ltr'>δι’</span> <span class='ocrx_word' id='word_1_471' title='bbox 2718 1875 2911 1930; x_wconf 78' lang='grc' dir='ltr'>ἑαυτοῦ</span> <span class='ocrx_word' id='word_1_472' title='bbox 2943 1874 3038 1928; x_wconf 88' lang='grc' dir='ltr'><strong>τοῦ</strong></span> <span class='ocrx_word' id='word_1_473' title='bbox 3082 1875 3216 1928; x_wconf 85' lang='grc' dir='ltr'>Θεοῦ</span> <span class='ocrx_word' id='word_1_474' title='bbox 3249 1875 3343 1928; x_wconf 71' lang='grc' dir='ltr'>καὶ</span> <span class='ocrx_word' id='word_1_475' title='bbox 3383 1873 3613 1944; x_wconf 84' lang='grc' dir='ltr'>Πατρός.</span> <span class='ocrx_word' id='word_1_476' title='bbox 3640 1873 3752 1926; x_wconf 81' lang='grc' dir='ltr'><strong>Με-</strong></span> 
     </span>
    </p>
   </div>
   <div class='ocr_carea' id='block_1_60' title="bbox 2180 1963 3753 2037">
    <p class='ocr_par' dir='ltr' id='par_1_60' title="bbox 2180 1963 3753 2037">
     <span class='ocr_line' id='line_1_60' title="bbox 2180 1963 3753 2037; baseline -0.005 -17"><span class='ocrx_word' id='word_1_477' title='bbox 2180 1967 2333 2036; x_wconf 90' lang='grc' dir='ltr'>σίτης</span> <span class='ocrx_word' id='word_1_478' title='bbox 2357 1966 2465 2037; x_wconf 84' lang='grc' dir='ltr'><strong>γάρ</strong></span> <span class='ocrx_word' id='word_1_479' title='bbox 2491 1967 2606 2018; x_wconf 83' lang='grc' dir='ltr'>ἐστι</span> <span class='ocrx_word' id='word_1_480' title='bbox 2631 1963 2764 2018; x_wconf 88' lang='grc' dir='ltr'>Θεοῦ</span> <span class='ocrx_word' id='word_1_481' title='bbox 2797 1966 2891 2018; x_wconf 80' lang='grc' dir='ltr'><strong>καὶ</strong></span> <span class='ocrx_word' id='word_1_482' title='bbox 2914 1963 3234 2033; x_wconf 82' lang='grc' dir='ltr'>ἀνθρώπων,</span> <span class='ocrx_word' id='word_1_483' title='bbox 3266 1963 3405 2017; x_wconf 85' lang='grc' dir='ltr'><strong>κατά</strong></span> <span class='ocrx_word' id='word_1_484' title='bbox 3425 1964 3486 2014; x_wconf 89' lang='grc' dir='ltr'><strong>τὸ</strong></span> <span class='ocrx_word' id='word_1_485' title='bbox 3508 1977 3753 2033; x_wconf 85' lang='grc' dir='ltr'>γεγραμ-</span> 
     </span>
    </p>
   </div>
   <div class='ocr_carea' id='block_1_61' title="bbox 2182 2051 3752 2128">
    <p class='ocr_par' dir='ltr' id='par_1_61' title="bbox 2182 2051 3752 2128">
     <span class='ocr_line' id='line_1_61' title="bbox 2182 2051 3752 2128; baseline -0.005 -16"><span class='ocrx_word' id='word_1_486' title='bbox 2182 2060 2359 2128; x_wconf 84' lang='grc' dir='ltr'>μένον,</span> <span class='ocrx_word' id='word_1_487' title='bbox 2385 2057 2462 2127; x_wconf 84' lang='grc' dir='ltr'><strong>τῷ</strong></span> <span class='ocrx_word' id='word_1_488' title='bbox 2489 2057 2587 2127; x_wconf 87' lang='grc' dir='ltr'>μὲν</span> <span class='ocrx_word' id='word_1_489' title='bbox 2611 2057 2728 2128; x_wconf 86' lang='grc' dir='ltr'>Θεῷ</span> <span class='ocrx_word' id='word_1_490' title='bbox 2753 2057 2847 2110; x_wconf 75' lang='grc' dir='ltr'><strong>καὶ</strong></span> <span class='ocrx_word' id='word_1_491' title='bbox 2876 2055 3049 2126; x_wconf 82' lang='grc' dir='ltr'>Πατρὶ</span> <span class='ocrx_word' id='word_1_492' title='bbox 3076 2055 3339 2125; x_wconf 82' lang='grc' dir='ltr'>φυσικῶς,</span> <span class='ocrx_word' id='word_1_493' title='bbox 3367 2054 3442 2117; x_wconf 84' lang='grc' dir='ltr'>ὡς</span> <span class='ocrx_word' id='word_1_494' title='bbox 3469 2053 3622 2118; x_wconf 84' lang='grc' dir='ltr'>Θεὸς,</span> <span class='ocrx_word' id='word_1_495' title='bbox 3657 2051 3752 2106; x_wconf 80' lang='grc' dir='ltr'>καὶ</span> 
     </span>
    </p>
   </div>
   <div class='ocr_carea' id='block_1_62' title="bbox 2180 2143 3755 2218">
    <p class='ocr_par' dir='ltr' id='par_1_62' title="bbox 2180 2143 3755 2218">
     <span class='ocr_line' id='line_1_62' title="bbox 2180 2143 3755 2218; baseline -0.005 -16"><span class='ocrx_word' id='word_1_496' title='bbox 2180 2151 2239 2216; x_wconf 81' lang='grc' dir='ltr'><strong>ἐξ</strong></span> <span class='ocrx_word' id='word_1_497' title='bbox 2271 2148 2433 2204; x_wconf 88' lang='grc' dir='ltr'>αὑτοῦ</span> <span class='ocrx_word' id='word_1_498' title='bbox 2473 2148 2896 2218; x_wconf 85' lang='grc' dir='ltr'>συναπτόμενος,</span> <span class='ocrx_word' id='word_1_499' title='bbox 2921 2147 3227 2218; x_wconf 85' lang='grc' dir='ltr'>ἀνθρώποις</span> <span class='ocrx_word' id='word_1_500' title='bbox 3259 2146 3314 2198; x_wconf 85' lang='grc' dir='ltr'>δὲ</span> <span class='ocrx_word' id='word_1_501' title='bbox 3339 2145 3520 2209; x_wconf 88' lang='grc' dir='ltr'>πάλιν,</span> <span class='ocrx_word' id='word_1_502' title='bbox 3556 2145 3633 2206; x_wconf 86' lang='grc' dir='ltr'>ὼς</span> <span class='ocrx_word' id='word_1_503' title='bbox 3663 2143 3755 2197; x_wconf 73' lang='grc' dir='ltr'>ἀν-</span> 
     </span>
    </p>
   </div>
   <div class='ocr_carea' id='block_1_63' title="bbox 2181 2234 3754 2312">
    <p class='ocr_par' dir='ltr' id='par_1_63' title="bbox 2181 2234 3754 2312">
     <span class='ocr_line' id='line_1_63' title="bbox 2181 2234 3754 2312; baseline -0.006 -18"><span class='ocrx_word' id='word_1_504' title='bbox 2181 2241 2435 2312; x_wconf 89' lang='grc' dir='ltr'>θρωπος,</span> <span class='ocrx_word' id='word_1_505' title='bbox 2473 2240 2568 2293; x_wconf 71' lang='grc' dir='ltr'><strong>καὶ</strong></span> <span class='ocrx_word' id='word_1_506' title='bbox 2622 2238 2760 2309; x_wconf 80' lang='grc' dir='ltr'>έχων</span> <span class='ocrx_word' id='word_1_507' title='bbox 2804 2239 2902 2307; x_wconf 78' lang='grc' dir='ltr'><strong>μὲν</strong></span> <span class='ocrx_word' id='word_1_508' title='bbox 2941 2240 2999 2290; x_wconf 86' lang='grc' dir='ltr'><strong>ἐν</strong></span> <span class='ocrx_word' id='word_1_509' title='bbox 3051 2237 3226 2306; x_wconf 86' lang='grc' dir='ltr'>ἐαυτῷ</span> <span class='ocrx_word' id='word_1_510' title='bbox 3257 2236 3346 2289; x_wconf 88' lang='grc' dir='ltr'><strong>τὸν</strong></span> <span class='ocrx_word' id='word_1_511' title='bbox 3383 2234 3621 2303; x_wconf 83' lang='grc' dir='ltr'>Πατέρα,</span> <span class='ocrx_word' id='word_1_512' title='bbox 3659 2234 3754 2286; x_wconf 74' lang='grc' dir='ltr'>καὶ</span> 
     </span>
    </p>
   </div>
   <div class='ocr_carea' id='block_1_64' title="bbox 2180 2322 3756 2397">
    <p class='ocr_par' dir='ltr' id='par_1_64' title="bbox 2180 2322 3756 2397">
     <span class='ocr_line' id='line_1_64' title="bbox 2180 2322 3756 2397; baseline -0.005 -15"><span class='ocrx_word' id='word_1_513' title='bbox 2180 2329 2256 2382; x_wconf 85' lang='grc' dir='ltr'><strong>ὢν</strong></span> <span class='ocrx_word' id='word_1_514' title='bbox 2291 2329 2452 2391; x_wconf 85' lang='grc' dir='ltr'>αὑτὸς</span> <span class='ocrx_word' id='word_1_515' title='bbox 2503 2330 2561 2381; x_wconf 85' lang='grc' dir='ltr'><strong>ἐν</strong></span> <span class='ocrx_word' id='word_1_516' title='bbox 2603 2327 2680 2397; x_wconf 85' lang='grc' dir='ltr'>τῷ</span> <span class='ocrx_word' id='word_1_517' title='bbox 2736 2326 2930 2397; x_wconf 87' lang='grc' dir='ltr'>Πατρί.</span> <span class='ocrx_word' id='word_1_518' title='bbox 2984 2325 3281 2397; x_wconf 80' lang='grc' dir='ltr'>Χαρακτὴρ</span> <span class='ocrx_word' id='word_1_519' title='bbox 3327 2323 3434 2394; x_wconf 86' lang='grc' dir='ltr'><strong>γάρ</strong></span> <span class='ocrx_word' id='word_1_520' title='bbox 3485 2326 3598 2375; x_wconf 83' lang='grc' dir='ltr'>ἐστι</span> <span class='ocrx_word' id='word_1_521' title='bbox 3657 2322 3756 2375; x_wconf 71' lang='grc' dir='ltr'>καὶ</span> 
     </span>
    </p>
   </div>
   <div class='ocr_carea' id='block_1_65' title="bbox 2181 2413 3756 2490">
    <p class='ocr_par' dir='ltr' id='par_1_65' title="bbox 2181 2413 3756 2490">
     <span class='ocr_line' id='line_1_65' title="bbox 2181 2413 3756 2490; baseline -0.007 -15"><span class='ocrx_word' id='word_1_522' title='bbox 2181 2421 2519 2490; x_wconf 77' lang='grc' dir='ltr'>ἀπαύγασμα</span> <span class='ocrx_word' id='word_1_523' title='bbox 2555 2421 2654 2488; x_wconf 88' lang='grc' dir='ltr'>τῆς</span> <span class='ocrx_word' id='word_1_524' title='bbox 2697 2417 3046 2476; x_wconf 81' lang='grc' dir='ltr'>ὑποστάσεως</span> <span class='ocrx_word' id='word_1_525' title='bbox 3078 2417 3262 2478; x_wconf 87' lang='grc' dir='ltr'>αὑτοῦ,</span> <span class='ocrx_word' id='word_1_526' title='bbox 3307 2416 3367 2467; x_wconf 84' lang='grc' dir='ltr'><strong>οὑ</strong></span> <span class='ocrx_word' id='word_1_527' title='bbox 3400 2413 3756 2486; x_wconf 84' lang='grc' dir='ltr'>διωρισμένος</span> 
     </span>
    </p>
   </div>
   <div class='ocr_carea' id='block_1_66' title="bbox 2179 2499 3755 2581">
    <p class='ocr_par' dir='ltr' id='par_1_66' title="bbox 2179 2499 3755 2581">
     <span class='ocr_line' id='line_1_66' title="bbox 2179 2499 3755 2581; baseline -0.008 -17"><span class='ocrx_word' id='word_1_528' title='bbox 2179 2511 2282 2581; x_wconf 82' lang='grc' dir='ltr'>τῆς</span> <span class='ocrx_word' id='word_1_529' title='bbox 2310 2511 2516 2574; x_wconf 86' lang='grc' dir='ltr'>οὐσίας,</span> <span class='ocrx_word' id='word_1_530' title='bbox 2551 2502 2615 2580; x_wconf 82' lang='grc' dir='ltr'>ἦς</span> <span class='ocrx_word' id='word_1_531' title='bbox 2659 2509 2774 2560; x_wconf 87' lang='grc' dir='ltr'>ἐστι</span> <span class='ocrx_word' id='word_1_532' title='bbox 2802 2506 3104 2578; x_wconf 83' lang='grc' dir='ltr'>χαρακτὴρ,</span> <span class='ocrx_word' id='word_1_533' title='bbox 3152 2505 3246 2558; x_wconf 72' lang='grc' dir='ltr'><strong>καὶ</strong></span> <span class='ocrx_word' id='word_1_534' title='bbox 3279 2502 3337 2568; x_wconf 83' lang='grc' dir='ltr'><strong>ἐξ</strong></span> <span class='ocrx_word' id='word_1_535' title='bbox 3377 2499 3443 2576; x_wconf 83' lang='grc' dir='ltr'>ἧς</span> <span class='ocrx_word' id='word_1_536' title='bbox 3487 2503 3755 2572; x_wconf 81' lang='grc' dir='ltr'>πρόεισιν,</span> 
     </span>
    </p>
   </div>
   <div class='ocr_carea' id='block_1_67' title="bbox 2181 2590 3757 2672">
    <p class='ocr_par' dir='ltr' id='par_1_67' title="bbox 2181 2590 3757 2672">
     <span class='ocr_line' id='line_1_67' title="bbox 2181 2590 3757 2672; baseline -0.009 -18"><span class='ocrx_word' id='word_1_537' title='bbox 2181 2602 2257 2662; x_wconf 84' lang='grc' dir='ltr'>ὡς</span> <span class='ocrx_word' id='word_1_538' title='bbox 2285 2599 2644 2672; x_wconf 81' lang='grc' dir='ltr'>ἀπαύγασμα,</span> <span class='ocrx_word' id='word_1_539' title='bbox 2677 2597 2790 2650; x_wconf 89' lang='grc' dir='ltr'>ἀλλ’</span> <span class='ocrx_word' id='word_1_540' title='bbox 2835 2599 2892 2650; x_wconf 91' lang='grc' dir='ltr'><strong>ἐν</strong></span> <span class='ocrx_word' id='word_1_541' title='bbox 2933 2597 3070 2666; x_wconf 88' lang='grc' dir='ltr'>αὑτῇ</span> <span class='ocrx_word' id='word_1_542' title='bbox 3102 2612 3158 2648; x_wconf 90' lang='grc' dir='ltr'><strong>τε</strong></span> <span class='ocrx_word' id='word_1_543' title='bbox 3185 2595 3260 2648; x_wconf 82' lang='grc' dir='ltr'><strong>ὢν</strong></span> <span class='ocrx_word' id='word_1_544' title='bbox 3285 2594 3464 2656; x_wconf 86' lang='grc' dir='ltr'>αὑτὸς,</span> <span class='ocrx_word' id='word_1_545' title='bbox 3495 2591 3591 2645; x_wconf 76' lang='grc' dir='ltr'><strong>καὶ</strong></span> <span class='ocrx_word' id='word_1_546' title='bbox 3619 2590 3757 2659; x_wconf 75' lang='grc' dir='ltr'>ἔχων</span> 
     </span>
    </p>
   </div>
   <div class='ocr_carea' id='block_1_68' title="bbox 2182 2678 3759 2762">
    <p class='ocr_par' dir='ltr' id='par_1_68' title="bbox 2182 2678 3759 2762">
     <span class='ocr_line' id='line_1_68' title="bbox 2182 2678 3759 2762; baseline -0.009 -17"><span class='ocrx_word' id='word_1_547' title='bbox 2182 2691 2351 2762; x_wconf 82' lang='grc' dir='ltr'>αὑτὴν</span> <span class='ocrx_word' id='word_1_548' title='bbox 2380 2693 2438 2744; x_wconf 88' lang='grc' dir='ltr'><strong>ἐν</strong></span> <span class='ocrx_word' id='word_1_549' title='bbox 2464 2689 2666 2760; x_wconf 84' lang='grc' dir='ltr'>ἐαυτῷ,</span> <span class='ocrx_word' id='word_1_550' title='bbox 2689 2690 2834 2759; x_wconf 83' lang='grc' dir='ltr'>ἡμᾶς</span> <span class='ocrx_word' id='word_1_551' title='bbox 2861 2688 2919 2740; x_wconf 83' lang='grc' dir='ltr'>δὲ</span> <span class='ocrx_word' id='word_1_552' title='bbox 2943 2687 3103 2740; x_wconf 87' lang='grc' dir='ltr'>πάλιν</span> <span class='ocrx_word' id='word_1_553' title='bbox 3137 2687 3272 2756; x_wconf 76' lang='grc' dir='ltr'>ἔχων</span> <span class='ocrx_word' id='word_1_554' title='bbox 3313 2687 3370 2737; x_wconf 88' lang='grc' dir='ltr'><strong>ἐν</strong></span> <span class='ocrx_word' id='word_1_555' title='bbox 3401 2681 3597 2751; x_wconf 79' lang='grc' dir='ltr'>ἑαυτῷ,</span> <span class='ocrx_word' id='word_1_556' title='bbox 3623 2678 3759 2734; x_wconf 83' lang='grc' dir='ltr'>καθὸ</span> 
     </span>
    </p>
   </div>
   <div class='ocr_carea' id='block_1_69' title="bbox 2182 2773 3758 2853">
    <p class='ocr_par' dir='ltr' id='par_1_69' title="bbox 2182 2773 3758 2853">
     <span class='ocr_line' id='line_1_69' title="bbox 2182 2773 3758 2853; baseline -0.007 -18"><span class='ocrx_word' id='word_1_557' title='bbox 2182 2784 2280 2853; x_wconf 81' lang='grc' dir='ltr'>τὴν</span> <span class='ocrx_word' id='word_1_558' title='bbox 2309 2781 2582 2852; x_wconf 82' lang='grc' dir='ltr'>ἡμετέραν</span> <span class='ocrx_word' id='word_1_559' title='bbox 2613 2781 2892 2852; x_wconf 87' lang='grc' dir='ltr'>πεφόρηκε</span> <span class='ocrx_word' id='word_1_560' title='bbox 2927 2779 3111 2848; x_wconf 81' lang='grc' dir='ltr'>φύσιν,</span> <span class='ocrx_word' id='word_1_561' title='bbox 3145 2778 3238 2831; x_wconf 77' lang='grc' dir='ltr'>καὶ</span> <span class='ocrx_word' id='word_1_562' title='bbox 3265 2779 3422 2848; x_wconf 85' lang='grc' dir='ltr'>σῶμα</span> <span class='ocrx_word' id='word_1_563' title='bbox 3449 2775 3542 2828; x_wconf 90' lang='grc' dir='ltr'><strong>τοῦ</strong></span> <span class='ocrx_word' id='word_1_564' title='bbox 3583 2773 3758 2840; x_wconf 81' lang='grc' dir='ltr'>Λόγου</span> 
     </span>
    </p>
   </div>
   <div class='ocr_carea' id='block_1_70' title="bbox 2184 2863 3759 2942">
    <p class='ocr_par' dir='ltr' id='par_1_70' title="bbox 2184 2863 3759 2942">
     <span class='ocr_line' id='line_1_70' title="bbox 2184 2863 3759 2942; baseline -0.006 -17"><span class='ocrx_word' id='word_1_565' title='bbox 2184 2872 2558 2942; x_wconf 84' lang='grc' dir='ltr'>κεχρημάτικε</span> <span class='ocrx_word' id='word_1_566' title='bbox 2588 2871 2648 2924; x_wconf 87' lang='grc' dir='ltr'><strong>τὸ</strong></span> <span class='ocrx_word' id='word_1_567' title='bbox 2672 2871 2939 2940; x_wconf 79' lang='grc' dir='ltr'>ἡμέτερον</span> <span class='ocrx_word' id='word_1_568' title='bbox 2990 2869 3165 2939; x_wconf 79' lang='grc' dir='ltr'>σῶμα.</span> <span class='ocrx_word' id='word_1_569' title='bbox 3197 2867 3341 2939; x_wconf 76' lang='grc' dir='ltr'><strong>Σάρξ</strong></span> <span class='ocrx_word' id='word_1_570' title='bbox 3391 2865 3499 2936; x_wconf 85' lang='grc' dir='ltr'><strong>γάρ</strong></span> <span class='ocrx_word' id='word_1_571' title='bbox 3525 2866 3556 2917; x_wconf 98' lang='lat'><strong>6</strong></span> <span class='ocrx_word' id='word_1_572' title='bbox 3588 2863 3759 2931; x_wconf 84' lang='grc' dir='ltr'>Λόγος</span> 
     </span>
    </p>
   </div>
   <div class='ocr_carea' id='block_1_71' title="bbox 2185 2951 3762 3032">
    <p class='ocr_par' dir='ltr' id='par_1_71' title="bbox 2185 2951 3762 3032">
     <span class='ocr_line' id='line_1_71' title="bbox 2185 2951 3762 3032; baseline -0.008 -16"><span class='ocrx_word' id='word_1_573' title='bbox 2185 2963 2418 3031; x_wconf 86' lang='grc' dir='ltr'>ἐγένετο,</span> <span class='ocrx_word' id='word_1_574' title='bbox 2447 2960 2588 3016; x_wconf 86' lang='grc' dir='ltr'><strong>κατά</strong></span> <span class='ocrx_word' id='word_1_575' title='bbox 2614 2961 2712 3032; x_wconf 82' lang='grc' dir='ltr'>τὴν</span> <span class='ocrx_word' id='word_1_576' title='bbox 2752 2961 2998 3015; x_wconf 83' lang='grc' dir='ltr'>Ἰωάννου</span> <span class='ocrx_word' id='word_1_577' title='bbox 3029 2961 3230 3029; x_wconf 82' lang='grc' dir='ltr'>φωνήν.</span> <span class='ocrx_word' id='word_1_578' title='bbox 3267 2957 3554 3028; x_wconf 81' lang='grc' dir='ltr'>Πεφόρηκε</span> <span class='ocrx_word' id='word_1_579' title='bbox 3578 2954 3636 3006; x_wconf 71' lang='grc' dir='ltr'>δὲ</span> <span class='ocrx_word' id='word_1_580' title='bbox 3663 2951 3762 3023; x_wconf 77' lang='grc' dir='ltr'>τὴν</span> 
     </span>
    </p>
   </div>
   <div class='ocr_carea' id='block_1_72' title="bbox 2185 3047 3764 3124">
    <p class='ocr_par' dir='ltr' id='par_1_72' title="bbox 2185 3047 3764 3124">
     <span class='ocr_line' id='line_1_72' title="bbox 2185 3047 3764 3124; baseline -0.005 -18"><span class='ocrx_word' id='word_1_581' title='bbox 2185 3052 2458 3124; x_wconf 78' lang='grc' dir='ltr'>ἡμετέραν</span> <span class='ocrx_word' id='word_1_582' title='bbox 2489 3052 2670 3121; x_wconf 79' lang='grc' dir='ltr'>φύσιν,</span> <span class='ocrx_word' id='word_1_583' title='bbox 2709 3052 2843 3123; x_wconf 87' lang='grc' dir='ltr'>πρὸς</span> <span class='ocrx_word' id='word_1_584' title='bbox 2887 3053 2985 3123; x_wconf 82' lang='grc' dir='ltr'>τὴν</span> <span class='ocrx_word' id='word_1_585' title='bbox 3034 3051 3166 3106; x_wconf 83' lang='grc' dir='ltr'>ἰδίαν</span> <span class='ocrx_word' id='word_1_586' title='bbox 3201 3050 3371 3120; x_wconf 83' lang='grc' dir='ltr'>αὑτὴν</span> <span class='ocrx_word' id='word_1_587' title='bbox 3409 3047 3764 3102; x_wconf 77' lang='grc' dir='ltr'>ἀναπλάττων</span> 
     </span>
    </p>
   </div>
   <div class='ocr_carea' id='block_1_73' title="bbox 2189 3134 3761 3213">
    <p class='ocr_par' dir='ltr' id='par_1_73' title="bbox 2189 3134 3761 3213">
     <span class='ocr_line' id='line_1_73' title="bbox 2189 3134 3761 3213; baseline -0.005 -17"><span class='ocrx_word' id='word_1_588' title='bbox 2189 3143 2355 3210; x_wconf 79' lang='grc' dir='ltr'>ζωήν.</span> <span class='ocrx_word' id='word_1_589' title='bbox 2383 3144 2537 3196; x_wconf 85' lang='grc' dir='ltr'>Ἐστι</span> <span class='ocrx_word' id='word_1_590' title='bbox 2563 3143 2619 3196; x_wconf 85' lang='grc' dir='ltr'>δὲ</span> <span class='ocrx_word' id='word_1_591' title='bbox 2643 3144 2735 3196; x_wconf 71' lang='grc' dir='ltr'><strong>καὶ</strong></span> <span class='ocrx_word' id='word_1_592' title='bbox 2761 3143 2922 3206; x_wconf 88' lang='grc' dir='ltr'>αὑτὸς</span> <span class='ocrx_word' id='word_1_593' title='bbox 2947 3145 3004 3196; x_wconf 84' lang='grc' dir='ltr'><strong>ἐν</strong></span> <span class='ocrx_word' id='word_1_594' title='bbox 3033 3144 3160 3213; x_wconf 82' lang='grc' dir='ltr'>ἡμῖν</span> <span class='ocrx_word' id='word_1_595' title='bbox 3181 3159 3194 3171; x_wconf 86' lang='grc'><strong>·</strong></span> <span class='ocrx_word' id='word_1_596' title='bbox 3225 3141 3436 3212; x_wconf 85' lang='grc' dir='ltr'>μέτοχοι</span> <span class='ocrx_word' id='word_1_597' title='bbox 3462 3138 3571 3208; x_wconf 80' lang='grc' dir='ltr'>γὰρ</span> <span class='ocrx_word' id='word_1_598' title='bbox 3597 3134 3761 3190; x_wconf 83' lang='grc' dir='ltr'>αὑτοῦ</span> 
     </span>
    </p>
   </div>
   <div class='ocr_carea' id='block_1_74' title="bbox 2189 3227 3764 3307">
    <p class='ocr_par' dir='ltr' id='par_1_74' title="bbox 2189 3227 3764 3307">
     <span class='ocr_line' id='line_1_74' title="bbox 2189 3227 3764 3307; baseline -0.006 -18"><span class='ocrx_word' id='word_1_599' title='bbox 2189 3237 2406 3299; x_wconf 85' lang='grc' dir='ltr'>πάντως</span> <span class='ocrx_word' id='word_1_600' title='bbox 2437 3239 2758 3307; x_wconf 82' lang='grc' dir='ltr'>γεγόναμεν,</span> <span class='ocrx_word' id='word_1_601' title='bbox 2787 3235 2883 3290; x_wconf 77' lang='grc' dir='ltr'>καὶ</span> <span class='ocrx_word' id='word_1_602' title='bbox 2931 3236 3095 3290; x_wconf 82' lang='grc' dir='ltr'>αὑτὸν</span> <span class='ocrx_word' id='word_1_603' title='bbox 3127 3233 3322 3304; x_wconf 76' lang='grc' dir='ltr'>ἔχομεν</span> <span class='ocrx_word' id='word_1_604' title='bbox 3351 3235 3407 3286; x_wconf 83' lang='grc' dir='ltr'><strong>ἐν</strong></span> <span class='ocrx_word' id='word_1_605' title='bbox 3436 3231 3649 3292; x_wconf 79' lang='grc' dir='ltr'>ἑαυτοῖς</span> <span class='ocrx_word' id='word_1_606' title='bbox 3675 3227 3764 3281; x_wconf 86' lang='grc' dir='ltr'><strong>διά</strong></span> 
     </span>
    </p>
   </div>
   <div class='ocr_carea' id='block_1_75' title="bbox 2188 3320 3764 3398">
    <p class='ocr_par' dir='ltr' id='par_1_75' title="bbox 2188 3320 3764 3398">
     <span class='ocr_line' id='line_1_75' title="bbox 2188 3320 3764 3398; baseline -0.005 -19"><span class='ocrx_word' id='word_1_607' title='bbox 2188 3326 2280 3380; x_wconf 87' lang='grc' dir='ltr'><strong>τοῦ</strong></span> <span class='ocrx_word' id='word_1_608' title='bbox 2329 3326 2661 3398; x_wconf 77' lang='grc' dir='ltr'>Πνεῦματος.</span> <span class='ocrx_word' id='word_1_609' title='bbox 2696 3329 2793 3380; x_wconf 80' lang='grc' dir='ltr'>Διά</span> <span class='ocrx_word' id='word_1_610' title='bbox 2844 3327 2954 3396; x_wconf 87' lang='grc' dir='ltr'>γὰρ</span> <span class='ocrx_word' id='word_1_611' title='bbox 2996 3326 3173 3392; x_wconf 89' lang='grc' dir='ltr'>τοῦτο,</span> <span class='ocrx_word' id='word_1_612' title='bbox 3227 3326 3321 3379; x_wconf 72' lang='grc' dir='ltr'>καὶ</span> <span class='ocrx_word' id='word_1_613' title='bbox 3372 3323 3519 3385; x_wconf 86' lang='grc' dir='ltr'>θείας</span> <span class='ocrx_word' id='word_1_614' title='bbox 3549 3320 3764 3390; x_wconf 81' lang='grc' dir='ltr'>φύσεως</span> 
     </span>
    </p>
   </div>
   <div class='ocr_carea' id='block_1_76' title="bbox 2187 3409 3766 3488">
    <p class='ocr_par' dir='ltr' id='par_1_76' title="bbox 2187 3409 3766 3488">
     <span class='ocr_line' id='line_1_76' title="bbox 2187 3409 3766 3488; baseline -0.002 -20"><span class='ocrx_word' id='word_1_615' title='bbox 2187 3417 2489 3488; x_wconf 88' lang='grc' dir='ltr'>γεγόναμεν</span> <span class='ocrx_word' id='word_1_616' title='bbox 2530 3418 2797 3486; x_wconf 70' lang='grc' dir='ltr'>κοινωνοὶ,</span> <span class='ocrx_word' id='word_1_617' title='bbox 2846 3418 2941 3471; x_wconf 68' lang='grc' dir='ltr'><strong>καὶ</strong></span> <span class='ocrx_word' id='word_1_618' title='bbox 3007 3417 3112 3470; x_wconf 75' lang='grc' dir='ltr'>υἱοὶ</span> <span class='ocrx_word' id='word_1_619' title='bbox 3152 3413 3581 3488; x_wconf 76' lang='grc' dir='ltr'>χρηματίζομεν,</span> <span class='ocrx_word' id='word_1_620' title='bbox 3622 3409 3766 3462; x_wconf 77' lang='grc' dir='ltr'>οὕτω</span> 
     </span>
    </p>
   </div>
   <div class='ocr_carea' id='block_1_77' title="bbox 2189 3498 3763 3581">
    <p class='ocr_par' dir='ltr' id='par_1_77' title="bbox 2189 3498 3763 3581">
     <span class='ocr_line' id='line_1_77' title="bbox 2189 3498 3763 3581; baseline -0.007 -19"><span class='ocrx_word' id='word_1_621' title='bbox 2189 3509 2283 3562; x_wconf 70' lang='grc' dir='ltr'><strong>καὶ</strong></span> <span class='ocrx_word' id='word_1_622' title='bbox 2337 3511 2498 3563; x_wconf 87' lang='grc' dir='ltr'>αὐτὸν</span> <span class='ocrx_word' id='word_1_623' title='bbox 2545 3510 2757 3581; x_wconf 77' lang='grc' dir='ltr'>ἔχοντες</span> <span class='ocrx_word' id='word_1_624' title='bbox 2803 3511 2858 3563; x_wconf 91' lang='grc' dir='ltr'><strong>ἐν</strong></span> <span class='ocrx_word' id='word_1_625' title='bbox 2897 3511 3108 3573; x_wconf 81' lang='grc' dir='ltr'>ἑαυτοῖς</span> <span class='ocrx_word' id='word_1_626' title='bbox 3152 3509 3239 3563; x_wconf 87' lang='grc' dir='ltr'><strong>τὸν</strong></span> <span class='ocrx_word' id='word_1_627' title='bbox 3285 3505 3503 3576; x_wconf 83' lang='grc' dir='ltr'>Πατέρα</span> <span class='ocrx_word' id='word_1_628' title='bbox 3549 3501 3638 3556; x_wconf 90' lang='grc' dir='ltr'><strong>διά</strong></span> <span class='ocrx_word' id='word_1_629' title='bbox 3670 3498 3763 3553; x_wconf 89' lang='grc' dir='ltr'><strong>τοῦ</strong></span> 
     </span>
    </p>
   </div>
   <div class='ocr_carea' id='block_1_78' title="bbox 2189 3595 3764 3674">
    <p class='ocr_par' dir='ltr' id='par_1_78' title="bbox 2189 3595 3764 3674">
     <span class='ocr_line' id='line_1_78' title="bbox 2189 3595 3764 3674; baseline -0.006 -19"><span class='ocrx_word' id='word_1_630' title='bbox 2189 3602 2340 3662; x_wconf 86' lang='grc' dir='ltr'>Υίοῦ,</span> <span class='ocrx_word' id='word_1_631' title='bbox 2377 3603 2471 3656; x_wconf 75' lang='grc' dir='ltr'>καὶ</span> <span class='ocrx_word' id='word_1_632' title='bbox 2504 3604 2842 3674; x_wconf 82' lang='grc' dir='ltr'>μαρτυρήσει</span> <span class='ocrx_word' id='word_1_633' title='bbox 2867 3603 3040 3670; x_wconf 88' lang='grc' dir='ltr'>λέγων</span> <span class='ocrx_word' id='word_1_634' title='bbox 3068 3605 3096 3655; x_wconf 89' lang='lat'><strong>6</strong></span> <span class='ocrx_word' id='word_1_635' title='bbox 3125 3600 3354 3663; x_wconf 87' lang='grc' dir='ltr'>Παῦλος·</span> <span class='ocrx_word' id='word_1_636' title='bbox 3377 3600 3528 3650; x_wconf 78' lang='grc' dir='ltr'>«Ὅτι</span> <span class='ocrx_word' id='word_1_637' title='bbox 3554 3595 3614 3650; x_wconf 91' lang='grc' dir='ltr'><strong>δέ</strong></span> <span class='ocrx_word' id='word_1_638' title='bbox 3640 3596 3764 3646; x_wconf 82' lang='grc' dir='ltr'>ἐστε</span> 
     </span>
    </p>
   </div>
   <div class='ocr_carea' id='block_1_79' title="bbox 2189 3686 3764 3762">
    <p class='ocr_par' dir='ltr' id='par_1_79' title="bbox 2189 3686 3764 3762">
     <span class='ocr_line' id='line_1_79' title="bbox 2189 3686 3764 3762; baseline -0.005 -16"><span class='ocrx_word' id='word_1_639' title='bbox 2189 3694 2312 3757; x_wconf 69' lang='grc' dir='ltr'>υἱοὶ,</span> <span class='ocrx_word' id='word_1_640' title='bbox 2338 3692 2718 3758; x_wconf 76' lang='grc' dir='ltr'>ἐξαπέστειλεν</span> <span class='ocrx_word' id='word_1_641' title='bbox 2749 3697 2777 3748; x_wconf 91' lang='lat'><strong>6</strong></span> <span class='ocrx_word' id='word_1_642' title='bbox 2808 3695 2938 3759; x_wconf 85' lang='grc' dir='ltr'>Θεὸς</span> <span class='ocrx_word' id='word_1_643' title='bbox 2969 3694 3028 3747; x_wconf 89' lang='grc' dir='ltr'><strong>τὸ</strong></span> <span class='ocrx_word' id='word_1_644' title='bbox 3052 3692 3276 3762; x_wconf 87' lang='grc' dir='ltr'>Πνεῦμα</span> <span class='ocrx_word' id='word_1_645' title='bbox 3300 3690 3393 3744; x_wconf 90' lang='grc' dir='ltr'><strong>τοῦ</strong></span> <span class='ocrx_word' id='word_1_646' title='bbox 3433 3688 3563 3741; x_wconf 84' lang='grc' dir='ltr'>Υίοῦ</span> <span class='ocrx_word' id='word_1_647' title='bbox 3599 3686 3764 3740; x_wconf 87' lang='grc' dir='ltr'>αὑτοῦ</span> 
     </span>
    </p>
   </div>
   <div class='ocr_carea' id='block_1_80' title="bbox 2189 3777 3758 3851">
    <p class='ocr_par' dir='ltr' id='par_1_80' title="bbox 2189 3777 3758 3851">
     <span class='ocr_line' id='line_1_80' title="bbox 2189 3777 3758 3851; baseline -0.004 -17"><span class='ocrx_word' id='word_1_648' title='bbox 2189 3785 2268 3846; x_wconf 83' lang='grc' dir='ltr'><strong>είς</strong></span> <span class='ocrx_word' id='word_1_649' title='bbox 2311 3783 2409 3845; x_wconf 74' lang='grc' dir='ltr'><strong>τὰς</strong></span> <span class='ocrx_word' id='word_1_650' title='bbox 2448 3782 2672 3851; x_wconf 82' lang='grc' dir='ltr'>καρδίας</span> <span class='ocrx_word' id='word_1_651' title='bbox 2713 3781 2888 3851; x_wconf 90' lang='grc' dir='ltr'>ὑμῶν,</span> <span class='ocrx_word' id='word_1_652' title='bbox 2934 3781 3166 3851; x_wconf 79' lang='grc' dir='ltr'>κράζον-</span> <span class='ocrx_word' id='word_1_653' title='bbox 3212 3779 3397 3841; x_wconf 83' lang='grc' dir='ltr'>Ἀ66ᾶ,</span> <span class='ocrx_word' id='word_1_654' title='bbox 3423 3779 3450 3830; x_wconf 91' lang='lat'><strong>6</strong></span> <span class='ocrx_word' id='word_1_655' title='bbox 3483 3777 3697 3846; x_wconf 80' lang='grc' dir='ltr'>Πατήρ.</span> <span class='ocrx_word' id='word_1_656' title='bbox 3739 3793 3758 3826; x_wconf 74' lang='grc' dir='ltr'><strong>ι</strong></span> 
     </span>
    </p>
   </div>
   <div class='ocr_carea' id='block_1_81' title="bbox 2190 3867 3760 3946">
    <p class='ocr_par' dir='ltr' id='par_1_81' title="bbox 2190 3867 3760 3946">
     <span class='ocr_line' id='line_1_81' title="bbox 2190 3867 3760 3946; baseline -0.005 -18"><span class='ocrx_word' id='word_1_657' title='bbox 2190 3876 2267 3928; x_wconf 90' lang='grc' dir='ltr'>Οὑ</span> <span class='ocrx_word' id='word_1_658' title='bbox 2293 3875 2402 3946; x_wconf 82' lang='grc' dir='ltr'>γὰρ</span> <span class='ocrx_word' id='word_1_659' title='bbox 2420 3874 2604 3946; x_wconf 71' lang='grc' dir='ltr'>ἕτερόν</span> <span class='ocrx_word' id='word_1_660' title='bbox 2635 3893 2684 3928; x_wconf 87' lang='grc' dir='ltr'><strong>τι</strong></span> <span class='ocrx_word' id='word_1_661' title='bbox 2718 3875 2870 3946; x_wconf 82' lang='grc' dir='ltr'>παρὰ</span> <span class='ocrx_word' id='word_1_662' title='bbox 2897 3875 2987 3928; x_wconf 88' lang='grc' dir='ltr'><strong>τὸν</strong></span> <span class='ocrx_word' id='word_1_663' title='bbox 3020 3873 3148 3927; x_wconf 87' lang='grc' dir='ltr'>Υἱὸν</span> <span class='ocrx_word' id='word_1_664' title='bbox 3201 3872 3262 3925; x_wconf 91' lang='grc' dir='ltr'><strong>τὸ</strong></span> <span class='ocrx_word' id='word_1_665' title='bbox 3315 3870 3541 3940; x_wconf 84' lang='grc' dir='ltr'>Πνεῦμα</span> <span class='ocrx_word' id='word_1_666' title='bbox 3568 3867 3760 3929; x_wconf 84' lang='grc' dir='ltr'>αὑτοῦ,</span> 
     </span>
    </p>
   </div>
   <div class='ocr_carea' id='block_1_82' title="bbox 513 3963 3765 4040">
    <p class='ocr_par' dir='ltr' id='par_1_82' title="bbox 513 3963 3765 4040">
     <span class='ocr_line' id='line_1_82' title="bbox 513 3963 3765 4040; baseline -0 -21"><span class='ocrx_word' id='word_1_667' title='bbox 513 3966 661 4021; x_wconf 80' lang='grc' dir='ltr'>κατά</span> <span class='ocrx_word' id='word_1_668' title='bbox 703 3983 767 4035; x_wconf 88' lang='grc' dir='ltr'><strong>γε</strong></span> <span class='ocrx_word' id='word_1_669' title='bbox 804 3965 894 4018; x_wconf 85' lang='grc' dir='ltr'><strong>τὸν</strong></span> <span class='ocrx_word' id='word_1_670' title='bbox 926 3965 984 4018; x_wconf 86' lang='grc' dir='ltr'><strong>ἐν</strong></span> <span class='ocrx_word' id='word_1_671' title='bbox 1013 3964 1301 4035; x_wconf 85' lang='grc' dir='ltr'>ταυτότητι</span> <span class='ocrx_word' id='word_1_672' title='bbox 1335 3963 1514 4033; x_wconf 83' lang='grc' dir='ltr'>λόγον,</span> <span class='ocrx_word' id='word_1_673' title='bbox 1551 3965 1695 4037; x_wconf 75' lang='grc' dir='ltr'>φημὶ</span> <span class='ocrx_word' id='word_1_674' title='bbox 1737 3966 1796 4020; x_wconf 77' lang='grc' dir='ltr'><strong>δὲ</strong></span> <span class='ocrx_word' id='word_1_675' title='bbox 1838 3970 1902 4038; x_wconf 83' lang='grc' dir='ltr'>τῇ</span> <span class='ocrx_word' id='word_1_676' title='bbox 1956 3970 2178 4039; x_wconf 79' lang='grc' dir='ltr'>φυσικῇ.</span> <span class='ocrx_word' id='word_1_677' title='bbox 2219 3968 2376 4022; x_wconf 81' lang='grc' dir='ltr'>Οὕτω</span> <span class='ocrx_word' id='word_1_678' title='bbox 2437 3969 2494 4022; x_wconf 84' lang='grc' dir='ltr'><strong>δὲ</strong></span> <span class='ocrx_word' id='word_1_679' title='bbox 2539 3971 2673 4040; x_wconf 84' lang='grc' dir='ltr'>ἡμῖν</span> <span class='ocrx_word' id='word_1_680' title='bbox 2721 3970 2816 4024; x_wconf 81' lang='grc' dir='ltr'><strong>τοῦ</strong></span> <span class='ocrx_word' id='word_1_681' title='bbox 2869 3973 2998 4040; x_wconf 68' lang='grc' dir='ltr'>περὶ</span> <span class='ocrx_word' id='word_1_682' title='bbox 3042 3967 3245 4022; x_wconf 79' lang='grc' dir='ltr'>τούτων</span> <span class='ocrx_word' id='word_1_683' title='bbox 3279 3965 3765 4039; x_wconf 79' lang='grc' dir='ltr'>προκεχωρηκότος</span> 
     </span>
    </p>
   </div>
   <div class='ocr_carea' id='block_1_83' title="bbox 511 4057 3762 4133">
    <p class='ocr_par' dir='ltr' id='par_1_83' title="bbox 511 4057 3762 4133">
     <span class='ocr_line' id='line_1_83' title="bbox 511 4057 3762 4133; baseline -0.002 -18"><span class='ocrx_word' id='word_1_684' title='bbox 511 4060 695 4129; x_wconf 84' lang='grc' dir='ltr'>λόγου,</span> <span class='ocrx_word' id='word_1_685' title='bbox 736 4059 869 4130; x_wconf 88' lang='grc' dir='ltr'>φέρε</span> <span class='ocrx_word' id='word_1_686' title='bbox 929 4058 1029 4130; x_wconf 81' lang='grc' dir='ltr'>τὴν</span> <span class='ocrx_word' id='word_1_687' title='bbox 1073 4059 1182 4113; x_wconf 89' lang='grc' dir='ltr'><strong>τῶν</strong></span> <span class='ocrx_word' id='word_1_688' title='bbox 1229 4060 1603 4130; x_wconf 88' lang='grc' dir='ltr'>προκειμένων</span> <span class='ocrx_word' id='word_1_689' title='bbox 1656 4061 1990 4133; x_wconf 81' lang='grc' dir='ltr'>παραθέντες</span> <span class='ocrx_word' id='word_1_690' title='bbox 2036 4063 2296 4130; x_wconf 86' lang='grc' dir='ltr'>διάνοιαν,</span> <span class='ocrx_word' id='word_1_691' title='bbox 2328 4066 2446 4127; x_wconf 88' lang='grc' dir='ltr'>ταῖς</span> <span class='ocrx_word' id='word_1_692' title='bbox 2475 4063 2569 4117; x_wconf 88' lang='grc' dir='ltr'><strong>τοῦ</strong></span> <span class='ocrx_word' id='word_1_693' title='bbox 2621 4064 2871 4133; x_wconf 72' lang='grc' dir='ltr'>Σωτῆρος</span> <span class='ocrx_word' id='word_1_694' title='bbox 2918 4063 3119 4131; x_wconf 84' lang='grc' dir='ltr'>φωναῖς</span> <span class='ocrx_word' id='word_1_695' title='bbox 3146 4059 3315 4131; x_wconf 78' lang='grc' dir='ltr'>αὑτὴν</span> <span class='ocrx_word' id='word_1_696' title='bbox 3343 4057 3762 4128; x_wconf 82' lang='grc' dir='ltr'>ἐφαρμόσωμεν·</span> 
     </span>
    </p>
   </div>
   <div class='ocr_carea' id='block_1_84' title="bbox 588 4147 2080 4227">
    <p class='ocr_par' dir='ltr' id='par_1_84' title="bbox 588 4148 2080 4225">
     <span class='ocr_line' id='line_1_84' title="bbox 588 4148 2080 4225; baseline 0.003 -23"><span class='ocrx_word' id='word_1_697' title='bbox 588 4169 608 4202; x_wconf 73' lang='grc' dir='ltr'><strong>ι</strong></span> <span class='ocrx_word' id='word_1_698' title='bbox 640 4148 700 4204; x_wconf 89' lang='lat' dir='ltr'><strong>ln</strong></span> <span class='ocrx_word' id='word_1_699' title='bbox 732 4151 825 4204; x_wconf 92' lang='lat' dir='ltr'><strong>illa</strong></span> <span class='ocrx_word' id='word_1_700' title='bbox 855 4149 966 4215; x_wconf 89' lang='lat' dir='ltr'><strong>die,</strong></span> <span class='ocrx_word' id='word_1_701' title='bbox 1001 4150 1202 4222; x_wconf 87' lang='lat' dir='ltr'><strong>inquit,</strong></span> <span class='ocrx_word' id='word_1_702' title='bbox 1224 4152 1569 4222; x_wconf 75' lang='lat' dir='ltr'><strong>cognoscetis</strong></span> <span class='ocrx_word' id='word_1_703' title='bbox 1597 4152 1724 4222; x_wconf 92' lang='lat' dir='ltr'><strong>quia</strong></span> <span class='ocrx_word' id='word_1_704' title='bbox 1746 4168 1847 4225; x_wconf 83' lang='lat' dir='ltr'><strong>ego</strong></span> <span class='ocrx_word' id='word_1_705' title='bbox 1873 4169 1996 4210; x_wconf 89' lang='lat' dir='ltr'><strong>sum</strong></span> <span class='ocrx_word' id='word_1_706' title='bbox 2033 4154 2080 4208; x_wconf 86' lang='lat' dir='ltr'><strong>in</strong></span> 
     </span>
    </p>
   </div>
   <div class='ocr_carea' id='block_1_85' title="bbox 2183 4147 3766 4227">
    <p class='ocr_par' dir='ltr' id='par_1_85' title="bbox 2272 4147 3766 4227">
     <span class='ocr_line' id='line_1_85' title="bbox 2272 4147 3766 4227; baseline -0.006 -19"><span class='ocrx_word' id='word_1_707' title='bbox 2272 4175 2290 4208; x_wconf 79' lang='grc' dir='ltr'><strong>ι</strong></span> <span class='ocrx_word' id='word_1_708' title='bbox 2327 4157 2416 4210; x_wconf 89' lang='grc' dir='ltr'>Ἐν</span> <span class='ocrx_word' id='word_1_709' title='bbox 2442 4157 2622 4227; x_wconf 80' lang='grc' dir='ltr'>ἐκείνῃ</span> <span class='ocrx_word' id='word_1_710' title='bbox 2645 4154 2754 4226; x_wconf 83' lang='grc' dir='ltr'><strong>γὰρ</strong></span> <span class='ocrx_word' id='word_1_711' title='bbox 2785 4155 2850 4225; x_wconf 79' lang='grc' dir='ltr'>τῇ</span> <span class='ocrx_word' id='word_1_712' title='bbox 2887 4153 3091 4224; x_wconf 69' lang='grc' dir='ltr'>ἡμέρᾳ,</span> <span class='ocrx_word' id='word_1_713' title='bbox 3119 4149 3421 4221; x_wconf 88' lang='grc' dir='ltr'>γνώσεσθε,</span> <span class='ocrx_word' id='word_1_714' title='bbox 3457 4148 3652 4219; x_wconf 71' lang='grc' dir='ltr'>φησὶν,</span> <span class='ocrx_word' id='word_1_715' title='bbox 3683 4147 3766 4200; x_wconf 82' lang='grc' dir='ltr'><strong>ὅτι</strong></span> 
     </span>
    </p>
   </div>
   <div class='ocr_carea' id='block_1_86' title="bbox 513 4238 2080 4320">
    <p class='ocr_par' dir='ltr' id='par_1_86' title="bbox 513 4238 2080 4314">
     <span class='ocr_line' id='line_1_86' title="bbox 513 4238 2080 4314; baseline 0.002 -20"><span class='ocrx_word' id='word_1_716' title='bbox 513 4238 677 4295; x_wconf 85' lang='lat' dir='ltr'><strong>Patre</strong></span> <span class='ocrx_word' id='word_1_717' title='bbox 711 4253 833 4294; x_wconf 87' lang='lat' dir='ltr'><strong>meo</strong></span> <span class='ocrx_word' id='word_1_718' title='bbox 855 4277 871 4300; x_wconf 86' lang='lat'><strong>,</strong></span> <span class='ocrx_word' id='word_1_719' title='bbox 917 4246 973 4293; x_wconf 90' lang='lat' dir='ltr'><strong>et</strong></span> <span class='ocrx_word' id='word_1_720' title='bbox 1004 4254 1100 4295; x_wconf 89' lang='lat' dir='ltr'><strong>vos</strong></span> <span class='ocrx_word' id='word_1_721' title='bbox 1129 4240 1187 4295; x_wconf 90' lang='lat' dir='ltr'><strong>in</strong></span> <span class='ocrx_word' id='word_1_722' title='bbox 1221 4255 1307 4294; x_wconf 87' lang='lat' dir='ltr'><strong>me</strong></span> <span class='ocrx_word' id='word_1_723' title='bbox 1328 4282 1342 4305; x_wconf 93' lang='lat'><strong>,</strong></span> <span class='ocrx_word' id='word_1_724' title='bbox 1377 4249 1432 4297; x_wconf 89' lang='lat' dir='ltr'><strong>et</strong></span> <span class='ocrx_word' id='word_1_725' title='bbox 1469 4256 1571 4312; x_wconf 91' lang='lat' dir='ltr'><strong>ego</strong></span> <span class='ocrx_word' id='word_1_726' title='bbox 1619 4243 1674 4297; x_wconf 90' lang='lat' dir='ltr'><strong>in</strong></span> <span class='ocrx_word' id='word_1_727' title='bbox 1709 4242 1883 4298; x_wconf 83' lang='lat' dir='ltr'><strong>vobis.</strong></span> <span class='ocrx_word' id='word_1_728' title='bbox 1921 4263 1939 4295; x_wconf 79' lang='grc' dir='ltr'><strong>ι</strong></span> <span class='ocrx_word' id='word_1_729' title='bbox 1975 4243 2080 4314; x_wconf 74' lang='lat' dir='ltr'><strong>Ego</strong></span> 
     </span>
    </p>
   </div>
   <div class='ocr_carea' id='block_1_87' title="bbox 2183 4238 3759 4320">
    <p class='ocr_par' dir='ltr' id='par_1_87' title="bbox 2195 4241 3759 4320">
     <span class='ocr_line' id='line_1_87' title="bbox 2195 4241 3759 4320; baseline -0.008 -17"><span class='ocrx_word' id='word_1_730' title='bbox 2195 4248 2304 4318; x_wconf 86' lang='grc' dir='ltr'>ἐγὼ</span> <span class='ocrx_word' id='word_1_731' title='bbox 2331 4250 2387 4301; x_wconf 85' lang='grc' dir='ltr'><strong>ἐν</strong></span> <span class='ocrx_word' id='word_1_732' title='bbox 2417 4249 2492 4320; x_wconf 81' lang='grc' dir='ltr'>τῷ</span> <span class='ocrx_word' id='word_1_733' title='bbox 2519 4249 2715 4317; x_wconf 70' lang='grc' dir='ltr'>Πατρὶ,</span> <span class='ocrx_word' id='word_1_734' title='bbox 2734 4247 2830 4301; x_wconf 72' lang='grc' dir='ltr'>καὶ</span> <span class='ocrx_word' id='word_1_735' title='bbox 2857 4247 3013 4316; x_wconf 85' lang='grc' dir='ltr'>ὑμεῖς</span> <span class='ocrx_word' id='word_1_736' title='bbox 3034 4247 3092 4298; x_wconf 87' lang='grc' dir='ltr'><strong>ἐν</strong></span> <span class='ocrx_word' id='word_1_737' title='bbox 3124 4244 3266 4314; x_wconf 73' lang='grc' dir='ltr'>ἐμοὶ,</span> <span class='ocrx_word' id='word_1_738' title='bbox 3293 4241 3448 4310; x_wconf 82' lang='grc' dir='ltr'><strong>κάγὼ</strong></span> <span class='ocrx_word' id='word_1_739' title='bbox 3486 4242 3542 4292; x_wconf 84' lang='grc' dir='ltr'><strong>ἐν</strong></span> <span class='ocrx_word' id='word_1_740' title='bbox 3568 4241 3718 4309; x_wconf 86' lang='grc' dir='ltr'>ὑμῖν.</span> <span class='ocrx_word' id='word_1_741' title='bbox 3739 4257 3759 4290; x_wconf 73' lang='grc' dir='ltr'><strong>ι</strong></span> 
     </span>
    </p>
   </div>
   <div class='ocr_carea' id='block_1_88' title="bbox 513 4329 2080 4411">
    <p class='ocr_par' dir='ltr' id='par_1_88' title="bbox 513 4332 2080 4403">
     <span class='ocr_line' id='line_1_88' title="bbox 513 4332 2080 4403; baseline 0.001 -14"><span class='ocrx_word' id='word_1_742' title='bbox 513 4332 662 4390; x_wconf 89' lang='lat' dir='ltr'><strong>enim</strong></span> <span class='ocrx_word' id='word_1_743' title='bbox 691 4333 816 4388; x_wconf 80' lang='lat' dir='ltr'><strong>vivo</strong></span> <span class='ocrx_word' id='word_1_744' title='bbox 841 4372 855 4398; x_wconf 91' lang='lat'><strong>,</strong></span> <span class='ocrx_word' id='word_1_745' title='bbox 891 4333 1072 4403; x_wconf 89' lang='lat' dir='ltr'><strong>inquit</strong></span> <span class='ocrx_word' id='word_1_746' title='bbox 1113 4349 1128 4390; x_wconf 88' lang='lat'><strong>:</strong></span> <span class='ocrx_word' id='word_1_747' title='bbox 1167 4333 1280 4388; x_wconf 90' lang='lat' dir='ltr'><strong>vita</strong></span> <span class='ocrx_word' id='word_1_748' title='bbox 1306 4335 1454 4389; x_wconf 89' lang='lat' dir='ltr'><strong>enim</strong></span> <span class='ocrx_word' id='word_1_749' title='bbox 1493 4350 1615 4390; x_wconf 90' lang='lat' dir='ltr'><strong>sum</strong></span> <span class='ocrx_word' id='word_1_750' title='bbox 1652 4335 1957 4391; x_wconf 87' lang='lat' dir='ltr'><strong>secundum</strong></span> <span class='ocrx_word' id='word_1_751' title='bbox 1991 4351 2080 4390; x_wconf 84' lang='lat' dir='ltr'><strong>na-</strong></span> 
     </span>
    </p>
   </div>
   <div class='ocr_carea' id='block_1_89' title="bbox 2183 4329 3761 4411">
    <p class='ocr_par' dir='ltr' id='par_1_89' title="bbox 2207 4329 3761 4411">
     <span class='ocr_line' id='line_1_89' title="bbox 2207 4329 3761 4411; baseline -0.008 -17"><span class='ocrx_word' id='word_1_752' title='bbox 2207 4339 2348 4409; x_wconf 82' lang='grc' dir='ltr'>Ἐγὼ</span> <span class='ocrx_word' id='word_1_753' title='bbox 2384 4340 2482 4410; x_wconf 83' lang='grc' dir='ltr'>μὲν</span> <span class='ocrx_word' id='word_1_754' title='bbox 2517 4340 2626 4411; x_wconf 83' lang='grc' dir='ltr'>γὰρ</span> <span class='ocrx_word' id='word_1_755' title='bbox 2663 4337 2768 4404; x_wconf 76' lang='grc' dir='ltr'>ζῶ,</span> <span class='ocrx_word' id='word_1_756' title='bbox 2799 4337 2960 4406; x_wconf 86' lang='grc' dir='ltr'><strong>φησί·</strong></span> <span class='ocrx_word' id='word_1_757' title='bbox 2991 4335 3103 4406; x_wconf 82' lang='grc' dir='ltr'><strong>ζωὴ</strong></span> <span class='ocrx_word' id='word_1_758' title='bbox 3134 4334 3242 4405; x_wconf 86' lang='grc' dir='ltr'><strong>γάρ</strong></span> <span class='ocrx_word' id='word_1_759' title='bbox 3271 4334 3388 4402; x_wconf 80' lang='grc' dir='ltr'>εἰμι</span> <span class='ocrx_word' id='word_1_760' title='bbox 3417 4331 3559 4385; x_wconf 84' lang='grc' dir='ltr'>κατὰ</span> <span class='ocrx_word' id='word_1_761' title='bbox 3580 4329 3761 4399; x_wconf 87' lang='grc' dir='ltr'>φύσιν,</span> 
     </span>
    </p>
   </div>
   <div class='ocr_carea' id='block_1_90' title="bbox 516 4420 2080 4499">
    <p class='ocr_par' dir='ltr' id='par_1_90' title="bbox 516 4423 2080 4495">
     <span class='ocr_line' id='line_1_90' title="bbox 516 4423 2080 4495; baseline 0.001 -17"><span class='ocrx_word' id='word_1_762' title='bbox 516 4433 720 4488; x_wconf 85' lang='lat' dir='ltr'><strong>turam,</strong></span> <span class='ocrx_word' id='word_1_763' title='bbox 751 4434 806 4478; x_wconf 90' lang='lat' dir='ltr'><strong>et</strong></span> <span class='ocrx_word' id='word_1_764' title='bbox 839 4424 1030 4480; x_wconf 82' lang='lat' dir='ltr'><strong>vivens</strong></span> <span class='ocrx_word' id='word_1_765' title='bbox 1053 4439 1176 4480; x_wconf 87' lang='lat' dir='ltr'><strong>esse</strong></span> <span class='ocrx_word' id='word_1_766' title='bbox 1209 4439 1391 4481; x_wconf 88' lang='lat' dir='ltr'><strong>meum</strong></span> <span class='ocrx_word' id='word_1_767' title='bbox 1425 4425 1686 4495; x_wconf 84' lang='lat' dir='ltr'><strong>templum</strong></span> <span class='ocrx_word' id='word_1_768' title='bbox 1709 4425 1947 4482; x_wconf 90' lang='lat' dir='ltr'><strong>ostendi.</strong></span> <span class='ocrx_word' id='word_1_769' title='bbox 1983 4423 2080 4480; x_wconf 89' lang='lat' dir='ltr'><strong>Sed</strong></span> 
     </span>
    </p>
   </div>
   <div class='ocr_carea' id='block_1_91' title="bbox 2183 4420 3764 4499">
    <p class='ocr_par' dir='ltr' id='par_1_91' title="bbox 2195 4420 3764 4499">
     <span class='ocr_line' id='line_1_91' title="bbox 2195 4420 3764 4499; baseline -0.007 -16"><span class='ocrx_word' id='word_1_770' title='bbox 2195 4429 2291 4483; x_wconf 69' lang='lat' dir='ltr'><strong>xui.</strong></span> <span class='ocrx_word' id='word_1_771' title='bbox 2319 4429 2497 4494; x_wconf 83' lang='grc' dir='ltr'>ζῶντα</span> <span class='ocrx_word' id='word_1_772' title='bbox 2525 4430 2616 4482; x_wconf 85' lang='grc' dir='ltr'><strong>τὸν</strong></span> <span class='ocrx_word' id='word_1_773' title='bbox 2660 4425 2897 4499; x_wconf 80' lang='grc' dir='ltr'>ἐμαυτοῦ</span> <span class='ocrx_word' id='word_1_774' title='bbox 2927 4426 3135 4496; x_wconf 87' lang='grc' dir='ltr'>δέδειχα</span> <span class='ocrx_word' id='word_1_775' title='bbox 3167 4425 3312 4479; x_wconf 90' lang='grc' dir='ltr'>ναόν.</span> <span class='ocrx_word' id='word_1_776' title='bbox 3352 4423 3493 4476; x_wconf 80' lang='grc' dir='ltr'>Ἀλλ’</span> <span class='ocrx_word' id='word_1_777' title='bbox 3517 4423 3644 4476; x_wconf 81' lang='grc' dir='ltr'>ὅταν</span> <span class='ocrx_word' id='word_1_778' title='bbox 3671 4420 3764 4474; x_wconf 79' lang='grc' dir='ltr'>καὶ</span> 
     </span>
    </p>
   </div>
   <div class='ocr_carea' id='block_1_92' title="bbox 515 4514 2080 4591">
    <p class='ocr_par' dir='ltr' id='par_1_92' title="bbox 515 4514 2080 4588">
     <span class='ocr_line' id='line_1_92' title="bbox 515 4514 2080 4588; baseline 0 -18"><span class='ocrx_word' id='word_1_779' title='bbox 515 4530 640 4570; x_wconf 91' lang='lat' dir='ltr'><strong>cum</strong></span> <span class='ocrx_word' id='word_1_780' title='bbox 672 4515 776 4585; x_wconf 90' lang='lat' dir='ltr'><strong>ipsi</strong></span> <span class='ocrx_word' id='word_1_781' title='bbox 808 4514 972 4571; x_wconf 90' lang='lat' dir='ltr'><strong>etiam</strong></span> <span class='ocrx_word' id='word_1_782' title='bbox 1007 4530 1126 4582; x_wconf 89' lang='lat' dir='ltr'><strong>vos,</strong></span> <span class='ocrx_word' id='word_1_783' title='bbox 1158 4519 1249 4587; x_wconf 91' lang='lat' dir='ltr'><strong>qui</strong></span> <span class='ocrx_word' id='word_1_784' title='bbox 1285 4517 1664 4588; x_wconf 89' lang='lat' dir='ltr'><strong>corruptibilis</strong></span> <span class='ocrx_word' id='word_1_785' title='bbox 1695 4524 1906 4572; x_wconf 67' lang='lat' dir='ltr'><strong>naturae</strong></span> <span class='ocrx_word' id='word_1_786' title='bbox 1930 4516 2080 4583; x_wconf 77' lang='lat' dir='ltr'><strong>estis,</strong></span> 
     </span>
    </p>
   </div>
   <div class='ocr_carea' id='block_1_93' title="bbox 2183 4514 3766 4591">
    <p class='ocr_par' dir='ltr' id='par_1_93' title="bbox 2194 4514 3766 4591">
     <span class='ocr_line' id='line_1_93' title="bbox 2194 4514 3766 4591; baseline -0.004 -18"><span class='ocrx_word' id='word_1_787' title='bbox 2194 4522 2350 4591; x_wconf 82' lang='grc' dir='ltr'>ὑμεῖς</span> <span class='ocrx_word' id='word_1_788' title='bbox 2379 4519 2549 4584; x_wconf 74' lang='grc' dir='ltr'>αὑτοὶ,</span> <span class='ocrx_word' id='word_1_789' title='bbox 2573 4519 2820 4590; x_wconf 81' lang='grc' dir='ltr'>φθαρτῆς</span> <span class='ocrx_word' id='word_1_790' title='bbox 2849 4519 3000 4582; x_wconf 75' lang='grc' dir='ltr'>ὄντες</span> <span class='ocrx_word' id='word_1_791' title='bbox 3026 4517 3259 4587; x_wconf 88' lang='grc' dir='ltr'>φύσεως,</span> <span class='ocrx_word' id='word_1_792' title='bbox 3286 4515 3494 4581; x_wconf 81' lang='grc' dir='ltr'>ζῶντας</span> <span class='ocrx_word' id='word_1_793' title='bbox 3537 4514 3766 4575; x_wconf 80' lang='grc' dir='ltr'>ἐαυτοὺς</span> 
     </span>
    </p>
   </div>
   <div class='ocr_carea' id='block_1_94' title="bbox 515 4603 2080 4681">
    <p class='ocr_par' dir='ltr' id='par_1_94' title="bbox 515 4605 2080 4681">
     <span class='ocr_line' id='line_1_94' title="bbox 515 4605 2080 4681; baseline 0.001 -20"><span class='ocrx_word' id='word_1_794' title='bbox 515 4605 766 4662; x_wconf 87' lang='lat' dir='ltr'><strong>viventes</strong></span> <span class='ocrx_word' id='word_1_795' title='bbox 800 4607 1079 4676; x_wconf 86' lang='lat' dir='ltr'><strong>videritis,</strong></span> <span class='ocrx_word' id='word_1_796' title='bbox 1119 4607 1288 4681; x_wconf 66' lang='grc'><strong>824</strong></span> <span class='ocrx_word' id='word_1_797' title='bbox 1330 4609 1400 4664; x_wconf 86' lang='lat' dir='ltr'><strong>ad</strong></span> <span class='ocrx_word' id='word_1_798' title='bbox 1439 4611 1546 4665; x_wconf 85' lang='lat' dir='ltr'><strong>mei</strong></span> <span class='ocrx_word' id='word_1_799' title='bbox 1587 4608 1851 4663; x_wconf 90' lang='lat' dir='ltr'><strong>nimirum</strong></span> <span class='ocrx_word' id='word_1_800' title='bbox 1889 4606 2080 4662; x_wconf 90' lang='lat' dir='ltr'><strong>simili-</strong></span> 
     </span>
    </p>
   </div>
   <div class='ocr_carea' id='block_1_95' title="bbox 2183 4603 3763 4681">
    <p class='ocr_par' dir='ltr' id='par_1_95' title="bbox 2193 4603 3763 4680">
     <span class='ocr_line' id='line_1_95' title="bbox 2193 4603 3763 4680; baseline -0.004 -18"><span class='ocrx_word' id='word_1_801' title='bbox 2193 4609 2542 4680; x_wconf 83' lang='grc' dir='ltr'>θεωρήσητε,</span> <span class='ocrx_word' id='word_1_802' title='bbox 2593 4608 2717 4661; x_wconf 86' lang='grc' dir='ltr'>καθ’</span> <span class='ocrx_word' id='word_1_803' title='bbox 2760 4608 3053 4679; x_wconf 85' lang='grc' dir='ltr'>ὁμοιότητα</span> <span class='ocrx_word' id='word_1_804' title='bbox 3095 4607 3192 4677; x_wconf 83' lang='grc' dir='ltr'><strong>τὴν</strong></span> <span class='ocrx_word' id='word_1_805' title='bbox 3237 4606 3372 4677; x_wconf 89' lang='grc' dir='ltr'>πρός</span> <span class='ocrx_word' id='word_1_806' title='bbox 3407 4621 3513 4676; x_wconf 74' lang='grc' dir='ltr'>με’</span> <span class='ocrx_word' id='word_1_807' title='bbox 3555 4605 3676 4657; x_wconf 86' lang='grc' dir='ltr'>τότε</span> <span class='ocrx_word' id='word_1_808' title='bbox 3700 4603 3763 4673; x_wconf 81' lang='grc' dir='ltr'>δὴ</span> 
     </span>
    </p>
   </div>
   <div class='ocr_carea' id='block_1_96' title="bbox 517 4694 2080 4770">
    <p class='ocr_par' dir='ltr' id='par_1_96' title="bbox 517 4697 2080 4770">
     <span class='ocr_line' id='line_1_96' title="bbox 517 4697 2080 4770; baseline -0.001 -18"><span class='ocrx_word' id='word_1_809' title='bbox 517 4697 764 4753; x_wconf 87' lang='lat' dir='ltr'><strong>tudinem</strong></span> <span class='ocrx_word' id='word_1_810' title='bbox 791 4737 808 4763; x_wconf 84' lang='grc'><strong>,</strong></span> <span class='ocrx_word' id='word_1_811' title='bbox 843 4706 976 4753; x_wconf 90' lang='lat' dir='ltr'><strong>tunc</strong></span> <span class='ocrx_word' id='word_1_812' title='bbox 1006 4699 1204 4770; x_wconf 91' lang='lat' dir='ltr'><strong>utique</strong></span> <span class='ocrx_word' id='word_1_813' title='bbox 1234 4701 1529 4756; x_wconf 81' lang='lat' dir='ltr'><strong>manifeste</strong></span> <span class='ocrx_word' id='word_1_814' title='bbox 1555 4697 1926 4770; x_wconf 82' lang='lat' dir='ltr'><strong>cognoscetis,</strong></span> <span class='ocrx_word' id='word_1_815' title='bbox 1959 4697 2080 4767; x_wconf 83' lang='lat' dir='ltr'><strong>quia</strong></span> 
     </span>
    </p>
   </div>
   <div class='ocr_carea' id='block_1_97' title="bbox 2183 4694 3764 4770">
    <p class='ocr_par' dir='ltr' id='par_1_97' title="bbox 2190 4694 3764 4769">
     <span class='ocr_line' id='line_1_97' title="bbox 2190 4694 3764 4769; baseline -0.003 -17"><span class='ocrx_word' id='word_1_816' title='bbox 2190 4699 2495 4769; x_wconf 83' lang='grc' dir='ltr'>γνώσεσθε,</span> <span class='ocrx_word' id='word_1_817' title='bbox 2524 4700 2616 4751; x_wconf 76' lang='grc' dir='ltr'><strong>καὶ</strong></span> <span class='ocrx_word' id='word_1_818' title='bbox 2644 4698 2787 4769; x_wconf 88' lang='grc' dir='ltr'>μάλα</span> <span class='ocrx_word' id='word_1_819' title='bbox 2825 4697 3036 4767; x_wconf 81' lang='grc' dir='ltr'>σαφῶς,</span> <span class='ocrx_word' id='word_1_820' title='bbox 3060 4698 3141 4750; x_wconf 86' lang='grc' dir='ltr'>ὅτι</span> <span class='ocrx_word' id='word_1_821' title='bbox 3165 4696 3277 4768; x_wconf 79' lang='grc' dir='ltr'><strong>ζωὴ</strong></span> <span class='ocrx_word' id='word_1_822' title='bbox 3306 4695 3447 4750; x_wconf 85' lang='grc' dir='ltr'>κατὰ</span> <span class='ocrx_word' id='word_1_823' title='bbox 3471 4694 3634 4764; x_wconf 82' lang='grc' dir='ltr'>φύσιν</span> <span class='ocrx_word' id='word_1_824' title='bbox 3661 4695 3764 4747; x_wconf 83' lang='grc' dir='ltr'>ὑπ-</span> 
     </span>
    </p>
   </div>
   <div class='ocr_carea' id='block_1_98' title="bbox 517 4785 2080 4863">
    <p class='ocr_par' dir='ltr' id='par_1_98' title="bbox 517 4787 2080 4855">
     <span class='ocr_line' id='line_1_98' title="bbox 517 4787 2080 4855; baseline -0.003 -9"><span class='ocrx_word' id='word_1_825' title='bbox 517 4790 629 4846; x_wconf 90' lang='lat' dir='ltr'><strong>vita</strong></span> <span class='ocrx_word' id='word_1_826' title='bbox 672 4791 947 4847; x_wconf 78' lang='lat' dir='ltr'><strong>exsistens</strong></span> <span class='ocrx_word' id='word_1_827' title='bbox 993 4789 1300 4846; x_wconf 88' lang='lat' dir='ltr'><strong>secundum</strong></span> <span class='ocrx_word' id='word_1_828' title='bbox 1347 4798 1640 4855; x_wconf 87' lang='lat' dir='ltr'><strong>naturam,</strong></span> <span class='ocrx_word' id='word_1_829' title='bbox 1683 4788 1794 4843; x_wconf 89' lang='lat' dir='ltr'><strong>Deo</strong></span> <span class='ocrx_word' id='word_1_830' title='bbox 1832 4800 1898 4842; x_wconf 91' lang='lat' dir='ltr'><strong>ac</strong></span> <span class='ocrx_word' id='word_1_831' title='bbox 1939 4787 2080 4842; x_wconf 86' lang='lat' dir='ltr'><strong>Patri</strong></span> 
     </span>
    </p>
   </div>
   <div class='ocr_carea' id='block_1_99' title="bbox 2183 4785 3813 4863">
    <p class='ocr_par' dir='ltr' id='par_1_99' title="bbox 2190 4785 3813 4863">
     <span class='ocr_line' id='line_1_99' title="bbox 2190 4785 3813 4863; baseline -0.005 -17"><span class='ocrx_word' id='word_1_832' title='bbox 2190 4793 2412 4863; x_wconf 82' lang='grc' dir='ltr'>ἅρχων,</span> <span class='ocrx_word' id='word_1_833' title='bbox 2449 4789 2747 4862; x_wconf 83' lang='grc' dir='ltr'>ὑπάρχοντι</span> <span class='ocrx_word' id='word_1_834' title='bbox 2796 4790 2890 4844; x_wconf 74' lang='grc' dir='ltr'><strong>καὶ</strong></span> <span class='ocrx_word' id='word_1_835' title='bbox 2925 4790 3074 4860; x_wconf 86' lang='grc' dir='ltr'>αὑτῷ</span> <span class='ocrx_word' id='word_1_836' title='bbox 3110 4790 3222 4860; x_wconf 81' lang='grc' dir='ltr'>ζωῇ</span> <span class='ocrx_word' id='word_1_837' title='bbox 3273 4788 3413 4841; x_wconf 78' lang='grc' dir='ltr'>κατὰ</span> <span class='ocrx_word' id='word_1_838' title='bbox 3463 4786 3627 4856; x_wconf 86' lang='grc' dir='ltr'>φύσιν</span> <span class='ocrx_word' id='word_1_839' title='bbox 3685 4785 3764 4855; x_wconf 86' lang='grc' dir='ltr'>τῷ</span> <span class='ocrx_word' id='word_1_840' title='bbox 3805 4842 3813 4851; x_wconf 90' lang='lat'><strong>_</strong></span> 
     </span>
    </p>
   </div>
   <div class='ocr_carea' id='block_1_100' title="bbox 516 4878 2090 4952">
    <p class='ocr_par' dir='ltr' id='par_1_100' title="bbox 516 4878 2090 4952">
     <span class='ocr_line' id='line_1_100' title="bbox 516 4878 2090 4952; baseline -0.001 -16"><span class='ocrx_word' id='word_1_841' title='bbox 516 4881 612 4952; x_wconf 94' lang='lat' dir='ltr'><strong>qui</strong></span> <span class='ocrx_word' id='word_1_842' title='bbox 655 4890 712 4937; x_wconf 87' lang='lat' dir='ltr'><strong>et</strong></span> <span class='ocrx_word' id='word_1_843' title='bbox 755 4883 873 4952; x_wconf 90' lang='lat' dir='ltr'><strong>ipse</strong></span> <span class='ocrx_word' id='word_1_844' title='bbox 916 4882 1028 4937; x_wconf 90' lang='lat' dir='ltr'><strong>vita</strong></span> <span class='ocrx_word' id='word_1_845' title='bbox 1061 4890 1148 4937; x_wconf 89' lang='lat' dir='ltr'><strong>est</strong></span> <span class='ocrx_word' id='word_1_846' title='bbox 1188 4881 1494 4937; x_wconf 88' lang='lat' dir='ltr'><strong>secundum</strong></span> <span class='ocrx_word' id='word_1_847' title='bbox 1529 4886 1782 4934; x_wconf 90' lang='lat' dir='ltr'><strong>naturam</strong></span> <span class='ocrx_word' id='word_1_848' title='bbox 1824 4878 2090 4948; x_wconf 83' lang='lat' dir='ltr'><strong>conjunxi</strong></span> 
     </span>
    </p>
   </div>
   <div class='ocr_carea' id='block_1_101' title="bbox 517 4969 2084 5043">
    <p class='ocr_par' dir='ltr' id='par_1_101' title="bbox 517 4969 2084 5043">
     <span class='ocr_line' id='line_1_101' title="bbox 517 4969 2084 5043; baseline -0.003 -15"><span class='ocrx_word' id='word_1_849' title='bbox 517 4985 616 5043; x_wconf 85' lang='lat' dir='ltr'><strong>per</strong></span> <span class='ocrx_word' id='word_1_850' title='bbox 647 4972 916 5042; x_wconf 92' lang='lat' dir='ltr'><strong>meipsum</strong></span> <span class='ocrx_word' id='word_1_851' title='bbox 939 5015 953 5037; x_wconf 88' lang='lat'><strong>,</strong></span> <span class='ocrx_word' id='word_1_852' title='bbox 992 4983 1282 5028; x_wconf 84' lang='lat' dir='ltr'><strong>consortes</strong></span> <span class='ocrx_word' id='word_1_853' title='bbox 1315 4969 1723 5042; x_wconf 88' lang='lat' dir='ltr'><strong>quodammodo</strong></span> <span class='ocrx_word' id='word_1_854' title='bbox 1757 4983 1821 5024; x_wconf 92' lang='lat' dir='ltr'><strong>ac</strong></span> <span class='ocrx_word' id='word_1_855' title='bbox 1855 4970 2084 5042; x_wconf 84' lang='lat' dir='ltr'><strong>partici-</strong></span> 
     </span>
    </p>
   </div>
   <div class='ocr_carea' id='block_1_102' title="bbox 519 5060 2086 5134">
    <p class='ocr_par' dir='ltr' id='par_1_102' title="bbox 519 5060 2086 5134">
     <span class='ocr_line' id='line_1_102' title="bbox 519 5060 2086 5134; baseline -0.003 -15"><span class='ocrx_word' id='word_1_856' title='bbox 519 5078 617 5134; x_wconf 86' lang='lat' dir='ltr'><strong>pes</strong></span> <span class='ocrx_word' id='word_1_857' title='bbox 643 5065 881 5121; x_wconf 87' lang='lat' dir='ltr'><strong>reddens</strong></span> <span class='ocrx_word' id='word_1_858' title='bbox 912 5063 1344 5118; x_wconf 89' lang='lat' dir='ltr'><strong>immortalitatis</strong></span> <span class='ocrx_word' id='word_1_859' title='bbox 1372 5061 1512 5130; x_wconf 86' lang='lat' dir='ltr'><strong>ejus.</strong></span> <span class='ocrx_word' id='word_1_860' title='bbox 1546 5060 1657 5132; x_wconf 81' lang='lat' dir='ltr'><strong>Ego</strong></span> <span class='ocrx_word' id='word_1_861' title='bbox 1685 5061 1962 5131; x_wconf 89' lang='lat' dir='ltr'><strong>siquidem</strong></span> <span class='ocrx_word' id='word_1_862' title='bbox 1995 5076 2086 5114; x_wconf 81' lang='lat' dir='ltr'><strong>na-</strong></span> 
     </span>
    </p>
   </div>
   <div class='ocr_carea' id='block_1_103' title="bbox 519 5136 2084 5224">
    <p class='ocr_par' dir='ltr' id='par_1_103' title="bbox 519 5136 2084 5224">
     <span class='ocr_line' id='line_1_103' title="bbox 519 5136 2084 5224; baseline -0.003 -13"><span class='ocrx_word' id='word_1_863' title='bbox 519 5158 778 5212; x_wconf 86' lang='lat' dir='ltr'><strong>turaliter</strong></span> <span class='ocrx_word' id='word_1_864' title='bbox 806 5158 859 5210; x_wconf 91' lang='lat' dir='ltr'><strong>in</strong></span> <span class='ocrx_word' id='word_1_865' title='bbox 885 5136 1048 5210; x_wconf 73' lang='lat' dir='ltr'><strong>Patre</strong></span> <span class='ocrx_word' id='word_1_866' title='bbox 1080 5173 1095 5209; x_wconf 91' lang='lat'><strong>:</strong></span> <span class='ocrx_word' id='word_1_867' title='bbox 1125 5154 1343 5208; x_wconf 85' lang='lat' dir='ltr'><strong>fructus</strong></span> <span class='ocrx_word' id='word_1_868' title='bbox 1373 5153 1576 5224; x_wconf 88' lang='lat' dir='ltr'><strong>quippe</strong></span> <span class='ocrx_word' id='word_1_869' title='bbox 1604 5169 1722 5208; x_wconf 92' lang='lat' dir='ltr'><strong>sum</strong></span> <span class='ocrx_word' id='word_1_870' title='bbox 1760 5153 2084 5208; x_wconf 71' lang='lat' dir='ltr'><strong>substantia:</strong></span> 
     </span>
    </p>
   </div>
   <div class='ocr_carea' id='block_1_104' title="bbox 492 5243 2082 5318">
    <p class='ocr_par' dir='ltr' id='par_1_104' title="bbox 492 5243 2082 5318">
     <span class='ocr_line' id='line_1_104' title="bbox 492 5243 2082 5318; baseline -0.004 -15"><span class='ocrx_word' id='word_1_871' title='bbox 492 5248 640 5318; x_wconf 80' lang='lat' dir='ltr'><strong>ejus</strong></span> <span class='ocrx_word' id='word_1_872' title='bbox 663 5289 678 5312; x_wconf 88' lang='lat'><strong>,</strong></span> <span class='ocrx_word' id='word_1_873' title='bbox 713 5264 778 5303; x_wconf 90' lang='lat' dir='ltr'><strong>ac</strong></span> <span class='ocrx_word' id='word_1_874' title='bbox 813 5260 949 5302; x_wconf 89' lang='lat' dir='ltr'><strong>vera</strong></span> <span class='ocrx_word' id='word_1_875' title='bbox 975 5244 1234 5316; x_wconf 86' lang='lat' dir='ltr'><strong>genitura</strong></span> <span class='ocrx_word' id='word_1_876' title='bbox 1256 5283 1271 5310; x_wconf 89' lang='lat'><strong>,</strong></span> <span class='ocrx_word' id='word_1_877' title='bbox 1303 5243 1359 5297; x_wconf 87' lang='lat' dir='ltr'><strong>in</strong></span> <span class='ocrx_word' id='word_1_878' title='bbox 1391 5258 1456 5299; x_wconf 90' lang='lat' dir='ltr'><strong>eo</strong></span> <span class='ocrx_word' id='word_1_879' title='bbox 1485 5243 1759 5299; x_wconf 78' lang='lat' dir='ltr'><strong>exsistens</strong></span> <span class='ocrx_word' id='word_1_880' title='bbox 1781 5284 1796 5310; x_wconf 94' lang='lat'><strong>,</strong></span> <span class='ocrx_word' id='word_1_881' title='bbox 1832 5251 1885 5298; x_wconf 92' lang='lat' dir='ltr'><strong>et</strong></span> <span class='ocrx_word' id='word_1_882' title='bbox 1919 5258 1984 5299; x_wconf 83' lang='lat' dir='ltr'><strong>ex</strong></span> <span class='ocrx_word' id='word_1_883' title='bbox 2015 5257 2082 5298; x_wconf 92' lang='lat' dir='ltr'><strong>eo</strong></span> 
     </span>
    </p>
   </div>
   <div class='ocr_carea' id='block_1_105' title="bbox 517 5335 2084 5406">
    <p class='ocr_par' dir='ltr' id='par_1_105' title="bbox 517 5335 2084 5406">
     <span class='ocr_line' id='line_1_105' title="bbox 517 5335 2084 5406; baseline -0.001 -15"><span class='ocrx_word' id='word_1_884' title='bbox 517 5341 811 5402; x_wconf 78' lang='lat' dir='ltr'><strong>exsistens,</strong></span> <span class='ocrx_word' id='word_1_885' title='bbox 843 5337 960 5391; x_wconf 85' lang='lat' dir='ltr'><strong>vita</strong></span> <span class='ocrx_word' id='word_1_886' title='bbox 989 5350 1057 5391; x_wconf 79' lang='lat' dir='ltr'><strong>ex</strong></span> <span class='ocrx_word' id='word_1_887' title='bbox 1091 5336 1199 5390; x_wconf 88' lang='lat' dir='ltr'><strong>vita</strong></span> <span class='ocrx_word' id='word_1_888' title='bbox 1226 5353 1239 5389; x_wconf 90' lang='lat'><strong>:</strong></span> <span class='ocrx_word' id='word_1_889' title='bbox 1271 5349 1367 5390; x_wconf 91' lang='lat' dir='ltr'><strong>vos</strong></span> <span class='ocrx_word' id='word_1_890' title='bbox 1391 5342 1574 5392; x_wconf 78' lang='lat' dir='ltr'><strong>autem</strong></span> <span class='ocrx_word' id='word_1_891' title='bbox 1597 5336 1652 5390; x_wconf 92' lang='lat' dir='ltr'><strong>in</strong></span> <span class='ocrx_word' id='word_1_892' title='bbox 1678 5350 1784 5401; x_wconf 87' lang='lat' dir='ltr'><strong>me,</strong></span> <span class='ocrx_word' id='word_1_893' title='bbox 1811 5342 1866 5390; x_wconf 90' lang='lat' dir='ltr'><strong>et</strong></span> <span class='ocrx_word' id='word_1_894' title='bbox 1893 5349 1995 5406; x_wconf 84' lang='lat' dir='ltr'><strong>ego</strong></span> <span class='ocrx_word' id='word_1_895' title='bbox 2031 5335 2084 5390; x_wconf 96' lang='lat' dir='ltr'><strong>in</strong></span> 
     </span>
    </p>
   </div>
   <div class='ocr_carea' id='block_1_106' title="bbox 518 5426 2082 5499">
    <p class='ocr_par' dir='ltr' id='par_1_106' title="bbox 518 5426 2082 5499">
     <span class='ocr_line' id='line_1_106' title="bbox 518 5426 2082 5499; baseline -0.001 -16"><span class='ocrx_word' id='word_1_896' title='bbox 518 5429 676 5483; x_wconf 77' lang='lat' dir='ltr'><strong>vobis</strong></span> <span class='ocrx_word' id='word_1_897' title='bbox 696 5467 711 5489; x_wconf 88' lang='lat'><strong>.</strong></span> <span class='ocrx_word' id='word_1_898' title='bbox 763 5434 1040 5496; x_wconf 89' lang='lat' dir='ltr'><strong>quatenus</strong></span> <span class='ocrx_word' id='word_1_899' title='bbox 1063 5441 1165 5499; x_wconf 85' lang='lat' dir='ltr'><strong>ego</strong></span> <span class='ocrx_word' id='word_1_900' title='bbox 1196 5426 1414 5496; x_wconf 89' lang='lat' dir='ltr'><strong>quidem</strong></span> <span class='ocrx_word' id='word_1_901' title='bbox 1446 5427 1610 5485; x_wconf 88' lang='lat' dir='ltr'><strong>homo</strong></span> <span class='ocrx_word' id='word_1_902' title='bbox 1637 5429 1864 5499; x_wconf 90' lang='lat' dir='ltr'><strong>apparui</strong></span> <span class='ocrx_word' id='word_1_903' title='bbox 1898 5446 1912 5482; x_wconf 93' lang='lat'>:</span> <span class='ocrx_word' id='word_1_904' title='bbox 1951 5443 2082 5482; x_wconf 92' lang='lat' dir='ltr'><strong>con-</strong></span> 
     </span>
    </p>
   </div>
   <div class='ocr_carea' id='block_1_107' title="bbox 588 5642 2096 5716">
    <p class='ocr_par' dir='ltr' id='par_1_107' title="bbox 588 5642 2096 5716">
     <span class='ocr_line' id='line_1_107' title="bbox 588 5642 2096 5716; baseline 0.001 -18"><span class='ocrx_word' id='word_1_905' title='bbox 588 5642 859 5716; x_wconf 53' lang='lat' dir='ltr'><strong>?‘_Epltes.</strong></span> <span class='ocrx_word' id='word_1_906' title='bbox 888 5647 926 5710; x_wconf 83' lang='grc' dir='ltr'><strong>ι,</strong></span> <span class='ocrx_word' id='word_1_907' title='bbox 953 5645 1037 5702; x_wconf 77' lang='grc'>10.</span> <span class='ocrx_word' id='word_1_908' title='bbox 1114 5647 1160 5678; x_wconf 78' lang='grc'><strong><em>⁸⁵</em></strong></span> <span class='ocrx_word' id='word_1_909' title='bbox 1185 5645 1346 5702; x_wconf 87' lang='lat' dir='ltr'><strong>Hebr.</strong></span> <span class='ocrx_word' id='word_1_910' title='bbox 1391 5665 1449 5710; x_wconf 88' lang='grc' dir='ltr'><strong>ιι,</strong></span> <span class='ocrx_word' id='word_1_911' title='bbox 1476 5649 1560 5704; x_wconf 69' lang='grc'><strong>14.</strong></span> <span class='ocrx_word' id='word_1_912' title='bbox 1637 5651 1681 5683; x_wconf 76' lang='grc'><strong>⁸⁸</strong></span> <span class='ocrx_word' id='word_1_913' title='bbox 1709 5651 1728 5704; x_wconf 95' lang='lat' dir='ltr'><strong>l</strong></span> <span class='ocrx_word' id='word_1_914' title='bbox 1760 5649 1900 5705; x_wconf 89' lang='lat' dir='ltr'><strong>Tim.</strong></span> <span class='ocrx_word' id='word_1_915' title='bbox 1953 5663 2012 5716; x_wconf 89' lang='grc' dir='ltr'><strong>ιι,</strong></span> <span class='ocrx_word' id='word_1_916' title='bbox 2045 5645 2096 5700; x_wconf 80' lang='grc'>5.</span> 
     </span>
    </p>
   </div>
   <div class='ocr_carea' id='block_1_108' title="bbox 510 5713 1496 5789">
    <p class='ocr_par' dir='ltr' id='par_1_108' title="bbox 510 5713 1496 5789">
     <span class='ocr_line' id='line_1_108' title="bbox 510 5713 1496 5789; baseline 0 -16"><span class='ocrx_word' id='word_1_917' title='bbox 510 5716 538 5789; x_wconf 69' lang='grc' dir='ltr'><strong>,ί</strong></span> <span class='ocrx_word' id='word_1_918' title='bbox 573 5713 781 5773; x_wconf 67' lang='grc' dir='ltr'>Ποείιι.</span> <span class='ocrx_word' id='word_1_919' title='bbox 815 5731 897 5786; x_wconf 87' lang='grc' dir='ltr'>ιιι,</span> <span class='ocrx_word' id='word_1_920' title='bbox 931 5719 980 5775; x_wconf 84' lang='lat' dir='ltr'><strong>l.</strong></span> <span class='ocrx_word' id='word_1_921' title='bbox 1057 5719 1076 5750; x_wconf 84' lang='grc'>³</span> <span class='ocrx_word' id='word_1_922' title='bbox 1115 5717 1293 5773; x_wconf 83' lang='lat' dir='ltr'><strong>Galat.</strong></span> <span class='ocrx_word' id='word_1_923' title='bbox 1334 5735 1408 5787; x_wconf 80' lang='lat' dir='ltr'><strong>Iv,</strong></span> <span class='ocrx_word' id='word_1_924' title='bbox 1443 5719 1496 5773; x_wconf 87' lang='lat'><strong>6.</strong></span> 
     </span>
    </p>
   </div>
   <div class='ocr_carea' id='block_1_109' title="bbox 2177 5645 2578 5712">
    <p class='ocr_par' dir='ltr' id='par_1_109' title="bbox 2177 5645 2578 5712">
     <span class='ocr_line' id='line_1_109' title="bbox 2177 5645 2578 5712; baseline -0.002 -12"><span class='ocrx_word' id='word_1_925' title='bbox 2177 5647 2221 5680; x_wconf 82' lang='grc'><strong>’⁷</strong></span> <span class='ocrx_word' id='word_1_926' title='bbox 2253 5645 2416 5702; x_wconf 84' lang='lat' dir='ltr'><strong>Hebr.</strong></span> <span class='ocrx_word' id='word_1_927' title='bbox 2448 5663 2484 5712; x_wconf 92' lang='grc' dir='ltr'><strong>ι,</strong></span> <span class='ocrx_word' id='word_1_928' title='bbox 2528 5646 2578 5701; x_wconf 84' lang='grc'>5.</span> 
     </span>
    </p>
   </div>
   <div class='ocr_carea' id='block_1_110' title="bbox 2188 4877 3764 4952">
    <p class='ocr_par' dir='ltr' id='par_1_110' title="bbox 2188 4877 3764 4952">
     <span class='ocr_line' id='line_1_110' title="bbox 2188 4877 3764 4952; baseline -0.003 -16"><span class='ocrx_word' id='word_1_929' title='bbox 2188 4881 2307 4952; x_wconf 85' lang='grc' dir='ltr'><strong>Θεῷ</strong></span> <span class='ocrx_word' id='word_1_930' title='bbox 2337 4883 2431 4936; x_wconf 78' lang='grc' dir='ltr'><strong>καὶ</strong></span> <span class='ocrx_word' id='word_1_931' title='bbox 2461 4883 2634 4951; x_wconf 56' lang='lat' dir='ltr'><strong>Harp!</strong></span> <span class='ocrx_word' id='word_1_932' title='bbox 2659 4881 2868 4951; x_wconf 79' lang='grc' dir='ltr'>συνῆψα</span> <span class='ocrx_word' id='word_1_933' title='bbox 2895 4881 2962 4933; x_wconf 87' lang='grc' dir='ltr'>δι’</span> <span class='ocrx_word' id='word_1_934' title='bbox 2992 4879 3247 4951; x_wconf 89' lang='grc' dir='ltr'>ἐμαυτοῦ,</span> <span class='ocrx_word' id='word_1_935' title='bbox 3270 4879 3559 4940; x_wconf 82' lang='grc' dir='ltr'>κοινωνοὺς</span> <span class='ocrx_word' id='word_1_936' title='bbox 3576 4877 3764 4946; x_wconf 82' lang='grc' dir='ltr'>ὥσπερ</span> 
     </span>
    </p>
   </div>
   <div class='ocr_carea' id='block_1_111' title="bbox 2194 4962 3762 5043">
    <p class='ocr_par' dir='ltr' id='par_1_111' title="bbox 2194 4962 3762 5043">
     <span class='ocr_line' id='line_1_111' title="bbox 2194 4962 3762 5043; baseline -0.007 -17"><span class='ocrx_word' id='word_1_937' title='bbox 2194 4973 2288 5026; x_wconf 73' lang='grc' dir='ltr'><strong>καὶ</strong></span> <span class='ocrx_word' id='word_1_938' title='bbox 2325 4972 2584 5043; x_wconf 91' lang='grc' dir='ltr'>μετόχους</span> <span class='ocrx_word' id='word_1_939' title='bbox 2615 4970 2893 5024; x_wconf 86' lang='grc' dir='ltr'>ἀποτελῶν</span> <span class='ocrx_word' id='word_1_940' title='bbox 2923 4969 3023 5039; x_wconf 82' lang='grc' dir='ltr'>τῆς</span> <span class='ocrx_word' id='word_1_941' title='bbox 3050 4967 3356 5038; x_wconf 88' lang='grc' dir='ltr'>ἀφθαρσίας</span> <span class='ocrx_word' id='word_1_942' title='bbox 3387 4965 3574 5020; x_wconf 91' lang='grc' dir='ltr'>αὑτοῦ.</span> <span class='ocrx_word' id='word_1_943' title='bbox 3624 4962 3762 5030; x_wconf 83' lang='grc' dir='ltr'>Ἐγὼ</span> 
     </span>
    </p>
   </div>
   <div class='ocr_carea' id='block_1_112' title="bbox 2195 5052 3764 5134">
    <p class='ocr_par' dir='ltr' id='par_1_112' title="bbox 2195 5052 3764 5134">
     <span class='ocr_line' id='line_1_112' title="bbox 2195 5052 3764 5134; baseline -0.006 -19"><span class='ocrx_word' id='word_1_944' title='bbox 2195 5062 2296 5134; x_wconf 82' lang='grc' dir='ltr'>μὲν</span> <span class='ocrx_word' id='word_1_945' title='bbox 2324 5061 2432 5133; x_wconf 77' lang='grc' dir='ltr'>γὰρ</span> <span class='ocrx_word' id='word_1_946' title='bbox 2477 5059 2722 5130; x_wconf 87' lang='grc' dir='ltr'>φυσικῶς</span> <span class='ocrx_word' id='word_1_947' title='bbox 2761 5061 2818 5112; x_wconf 83' lang='grc' dir='ltr'><strong>ἐν</strong></span> <span class='ocrx_word' id='word_1_948' title='bbox 2865 5058 3072 5129; x_wconf 90' lang='grc' dir='ltr'>Πατρί·</span> <span class='ocrx_word' id='word_1_949' title='bbox 3111 5055 3321 5128; x_wconf 87' lang='grc' dir='ltr'>καρπὸς</span> <span class='ocrx_word' id='word_1_950' title='bbox 3360 5056 3467 5125; x_wconf 92' lang='grc' dir='ltr'><strong>γάρ</strong></span> <span class='ocrx_word' id='word_1_951' title='bbox 3507 5056 3623 5124; x_wconf 89' lang='grc' dir='ltr'>είμι</span> <span class='ocrx_word' id='word_1_952' title='bbox 3665 5052 3764 5122; x_wconf 84' lang='grc' dir='ltr'>τῆς</span> 
     </span>
    </p>
   </div>
   <div class='ocr_carea' id='block_1_113' title="bbox 2190 5147 3762 5222">
    <p class='ocr_par' dir='ltr' id='par_1_113' title="bbox 2190 5147 3762 5222">
     <span class='ocr_line' id='line_1_113' title="bbox 2190 5147 3762 5222; baseline -0.006 -14"><span class='ocrx_word' id='word_1_953' title='bbox 2190 5155 2376 5216; x_wconf 83' lang='grc' dir='ltr'>οὐσίας</span> <span class='ocrx_word' id='word_1_954' title='bbox 2403 5152 2568 5207; x_wconf 87' lang='grc' dir='ltr'>αὑτοῦ</span> <span class='ocrx_word' id='word_1_955' title='bbox 2589 5193 2604 5218; x_wconf 93' lang='grc'><strong>,</strong></span> <span class='ocrx_word' id='word_1_956' title='bbox 2637 5153 2730 5206; x_wconf 63' lang='grc' dir='ltr'><strong>καὶ⁹</strong></span> <span class='ocrx_word' id='word_1_957' title='bbox 2769 5151 2991 5222; x_wconf 81' lang='grc' dir='ltr'>γνήσιον</span> <span class='ocrx_word' id='word_1_958' title='bbox 3021 5151 3265 5220; x_wconf 88' lang='grc' dir='ltr'>γέννημα</span> <span class='ocrx_word' id='word_1_959' title='bbox 3285 5189 3300 5211; x_wconf 91' lang='grc'><strong>,</strong></span> <span class='ocrx_word' id='word_1_960' title='bbox 3349 5147 3670 5217; x_wconf 84' lang='grc' dir='ltr'>ἐνυπάρχων</span> <span class='ocrx_word' id='word_1_961' title='bbox 3702 5160 3762 5197; x_wconf 85' lang='grc' dir='ltr'><strong>τε</strong></span> 
     </span>
    </p>
   </div>
   <div class='ocr_carea' id='block_1_114' title="bbox 2191 5235 3762 5314">
    <p class='ocr_par' dir='ltr' id='par_1_114' title="bbox 2191 5235 3762 5314">
     <span class='ocr_line' id='line_1_114' title="bbox 2191 5235 3762 5314; baseline -0.008 -14"><span class='ocrx_word' id='word_1_962' title='bbox 2191 5246 2286 5300; x_wconf 76' lang='grc' dir='ltr'>καὶ</span> <span class='ocrx_word' id='word_1_963' title='bbox 2315 5245 2374 5312; x_wconf 81' lang='grc' dir='ltr'><strong>ἐξ</strong></span> <span class='ocrx_word' id='word_1_964' title='bbox 2416 5243 2579 5298; x_wconf 88' lang='grc' dir='ltr'>αὑτοῦ</span> <span class='ocrx_word' id='word_1_965' title='bbox 2616 5242 2901 5314; x_wconf 86' lang='grc' dir='ltr'>πεφηνὼς,</span> <span class='ocrx_word' id='word_1_966' title='bbox 2955 5239 3069 5310; x_wconf 81' lang='grc' dir='ltr'><strong>ζωὴ</strong></span> <span class='ocrx_word' id='word_1_967' title='bbox 3097 5242 3160 5293; x_wconf 86' lang='grc' dir='ltr'><strong>ἐκ</strong></span> <span class='ocrx_word' id='word_1_968' title='bbox 3191 5239 3336 5308; x_wconf 79' lang='grc' dir='ltr'>ζωῆς</span> <span class='ocrx_word' id='word_1_969' title='bbox 3359 5278 3374 5300; x_wconf 89' lang='grc'><strong>,</strong></span> <span class='ocrx_word' id='word_1_970' title='bbox 3423 5238 3580 5307; x_wconf 88' lang='grc' dir='ltr'>ὑμεῖς</span> <span class='ocrx_word' id='word_1_971' title='bbox 3608 5235 3666 5288; x_wconf 75' lang='grc' dir='ltr'>δὲ</span> <span class='ocrx_word' id='word_1_972' title='bbox 3703 5235 3762 5288; x_wconf 88' lang='grc' dir='ltr'>ὲν</span> 
     </span>
    </p>
   </div>
   <div class='ocr_carea' id='block_1_115' title="bbox 2193 5323 3761 5407">
    <p class='ocr_par' dir='ltr' id='par_1_115' title="bbox 2193 5323 3761 5407">
     <span class='ocr_line' id='line_1_115' title="bbox 2193 5323 3761 5407; baseline -0.007 -18"><span class='ocrx_word' id='word_1_973' title='bbox 2193 5336 2336 5407; x_wconf 68' lang='grc' dir='ltr'>ἐμοὶ,</span> <span class='ocrx_word' id='word_1_974' title='bbox 2363 5333 2518 5403; x_wconf 89' lang='grc' dir='ltr'>κάγὼ</span> <span class='ocrx_word' id='word_1_975' title='bbox 2540 5336 2597 5387; x_wconf 84' lang='grc' dir='ltr'><strong>ἐν</strong></span> <span class='ocrx_word' id='word_1_976' title='bbox 2628 5335 2775 5403; x_wconf 90' lang='grc' dir='ltr'>ὑμῖν,</span> <span class='ocrx_word' id='word_1_977' title='bbox 2807 5332 2942 5387; x_wconf 89' lang='grc' dir='ltr'>καθὸ</span> <span class='ocrx_word' id='word_1_978' title='bbox 2971 5331 3186 5402; x_wconf 84' lang='grc' dir='ltr'>πέφηνα</span> <span class='ocrx_word' id='word_1_979' title='bbox 3215 5330 3311 5400; x_wconf 82' lang='grc' dir='ltr'>μὲν</span> <span class='ocrx_word' id='word_1_980' title='bbox 3335 5329 3618 5398; x_wconf 85' lang='grc' dir='ltr'>ἄνθρωπος</span> <span class='ocrx_word' id='word_1_981' title='bbox 3632 5323 3761 5394; x_wconf 75' lang='grc' dir='ltr'>ἐγὼ,</span> 
     </span>
    </p>
   </div>
   <div class='ocr_carea' id='block_1_116' title="bbox 2193 5415 3766 5494">
    <p class='ocr_par' dir='ltr' id='par_1_116' title="bbox 2193 5415 3766 5494">
     <span class='ocr_line' id='line_1_116' title="bbox 2193 5415 3766 5494; baseline -0.007 -12"><span class='ocrx_word' id='word_1_982' title='bbox 2193 5429 2482 5490; x_wconf 84' lang='grc' dir='ltr'>κοινωνοὺς</span> <span class='ocrx_word' id='word_1_983' title='bbox 2517 5426 2572 5479; x_wconf 84' lang='grc' dir='ltr'>δὲ</span> <span class='ocrx_word' id='word_1_984' title='bbox 2613 5425 2760 5488; x_wconf 90' lang='grc' dir='ltr'>θείας</span> <span class='ocrx_word' id='word_1_985' title='bbox 2789 5424 3004 5494; x_wconf 85' lang='grc' dir='ltr'>φύσεως</span> <span class='ocrx_word' id='word_1_986' title='bbox 3036 5422 3318 5487; x_wconf 80' lang='grc' dir='ltr'>ἀπέδειξα,</span> <span class='ocrx_word' id='word_1_987' title='bbox 3363 5420 3423 5474; x_wconf 90' lang='grc' dir='ltr'><strong>τὸ</strong></span> <span class='ocrx_word' id='word_1_988' title='bbox 3454 5420 3678 5490; x_wconf 87' lang='grc' dir='ltr'>Πνεῦμα</span> <span class='ocrx_word' id='word_1_989' title='bbox 3705 5415 3766 5472; x_wconf 82' lang='grc' dir='ltr'><strong>τὸ</strong></span> 
     </span>
    </p>
   </div>
   <div class='ocr_carea' id='block_1_117' title="bbox 2657 5635 3758 5713">
    <p class='ocr_par' dir='ltr' id='par_1_117' title="bbox 2657 5635 3758 5713">
     <span class='ocr_line' id='line_1_117' title="bbox 2657 5635 3758 5713; baseline -0.012 -13"><span class='ocrx_word' id='word_1_990' title='bbox 2657 5645 2702 5679; x_wconf 72' lang='grc' dir='ltr'><strong>θ’</strong></span> <span class='ocrx_word' id='word_1_991' title='bbox 2740 5641 2895 5701; x_wconf 77' lang='lat' dir='ltr'><strong>Joan.</strong></span> <span class='ocrx_word' id='word_1_992' title='bbox 2959 5660 2995 5713; x_wconf 90' lang='grc' dir='ltr'><strong>ι,</strong></span> <span class='ocrx_word' id='word_1_993' title='bbox 3056 5643 3139 5698; x_wconf 70' lang='grc'><strong>14.</strong></span> <span class='ocrx_word' id='word_1_994' title='bbox 3213 5644 3256 5676; x_wconf 70' lang='lat'><strong>9°</strong></span> <span class='ocrx_word' id='word_1_995' title='bbox 3307 5638 3346 5692; x_wconf 93' lang='lat' dir='ltr'><strong>ll</strong></span> <span class='ocrx_word' id='word_1_996' title='bbox 3388 5636 3536 5691; x_wconf 87' lang='lat' dir='ltr'><strong>Petr.</strong></span> <span class='ocrx_word' id='word_1_997' title='bbox 3617 5650 3666 5697; x_wconf 89' lang='lat' dir='ltr'><strong>I,</strong></span> <span class='ocrx_word' id='word_1_998' title='bbox 3703 5635 3758 5688; x_wconf 71' lang='grc'>4.</span> 
     </span>
    </p>
   </div>
  </div>
