3992 6316
174 321 278 379 281

1230 324 1294 378 IN
1334 326 1625 380 JOANNIS
1664 328 2114 386 EVANGELIUM
2152 329 2280 388 LIB.
2319 333 2384 388 X.

3324 339 3431 394 282

177 416 312 488 ὲμδν
358 416 634 483 ὲνοικίσας
671 418 820 489 ὑμῖν.
884 419 971 471 Ἐν
999 419 1132 488 ἡμῖν
1154 418 1262 490 γάρ
1290 421 1435 473 ἐστιν
1467 422 1494 474 6
1527 422 1747 493 Χριστὸς

1863 433 2042 480 sortes
2073 434 2254 480 autem
2285 437 2496 481 natura:
2529 424 2730 481 divina
2759 441 2861 480 vos
2896 426 3130 493 reddidi,
3166 425 3434 496 Spiritum

175 508 266 562 διὰ
306 507 400 561 τοῦ
440 509 791 579 Πνεύματος,
848 509 1207 580 μετατρέπων
1239 512 1318 574 είς
1364 511 1672 582 ἀφθαρσίαν
1698 511 1747 565 τί

1859 532 2040 571 meum
2073 518 2126 571 in
2158 518 2313 573 vobis
2362 517 2662 573 collocans.
2696 519 2752 572 ln
2783 519 2943 575 nobis
2995 519 3141 574 enim
3171 529 3254 575 est
3273 519 3434 576 Chri-

175 601 494 674 φθείρεσθαι
523 603 787 670 πεφυκὸς,
819 603 912 656 καὶ¹
943 602 1248 672 μετατιθεὶς
1273 606 1337 656 ὲκ
1364 603 1456 656 τοῦ
1489 604 1756 675 καταθνή-

174 710 330 746 σκειν
356 693 492 764 πρὸς
518 695 578 746 τὸ
604 695 678 766 μὴ
707 694 878 758 οὕτως
899 694 1138 766 ἔχον.Διὸ
1164 697 1257 750 καὶ
1285 698 1313 749 6
1332 697 1540 761 Παῦλός
1567 715 1752 767 φησιν,

171 785 254 837 ὅτι
283 803 302 836 ι
342 786 591 856 Ἐγείρας
620 787 828 858 Ἰησοῦν
862 788 1095 858 Χριστὸν
1121 791 1187 842 ὲκ
1229 789 1460 859 νεκρῶν,
1487 788 1754 862 (coartati;-

171 893 258 928 σει
295 878 476 930 καὶτὰ
499 877 669 950 θνητά
697 879 923 948 σώματα
951 879 1134 951 ὑμῶν,
1179 881 1267 934 διὰ
1291 880 1384 934 τοῦ
1416 881 1754 946 ἐνοικοῦντος

173 967 342 1020 αὐτοῦ
379 968 696 1039 Πνεύματος
724 971 781 1022 ὲν
816 971 964 1041 ὑμῖν.
993 988 1012 1022 ι
1065 971 1128 1023 Εἰ
1155 971 1262 1041 γὰρ
1296 970 1391 1024 καὶ
1421 971 1664 1042 πρόεισιν
1688 973 1753 1026 ὲκ

171 1060 388 1131 Πατρὸς
430 1061 494 1114 τὸ
525 1061 749 1132 Πνεῦμα
777 1061 838 1116 τὸ
885 1061 1068 1131 ἅγιον,
1115 1063 1228 1118 ἀλλ’
1255 1061 1474 1134 ἔρχεται
1501 1063 1568 1117 δι’
1598 1063 1748 1128 Υίοῢ,

169 1151 266 1202 καὶ
314 1151 446 1204 ἴδιόν
491 1153 638 1205 ἐστιν
683 1152 869 1206 αὐτοῦ.
941 1154 1125 1207 Πάντα
1164 1153 1272 1224 γὰρ
1317 1155 1382 1208 δι’
1423 1155 1552 1208 Υἱοῢ
1599 1153 1752 1227 παρὰ

169 1242 410 1312 Πατρός.
446 1243 566 1296 Ὅτι
603 1242 712 1314 γὰρ
759 1244 846 1298 διὰ
877 1244 971 1297 τοῦ
997 1245 1311 1314 Πνεύματος
1351 1247 1431 1309 είς
1458 1246 1604 1316 ζωὴν
1653 1247 1751 1298 ἀν-

166 1333 525 1405 επλάσθημεν
551 1335 651 1406 τὴν
692 1335 929 1401 αἰώνιον,
959 1338 986 1389 6
1020 1335 1164 1399 θεῖος
1196 1339 1329 1408 ἡμῖν
1349 1338 1600 1409 Μελῳδὸς
1628 1339 1749 1392 ἑπι-

167 1428 549 1498 μαρτυρήσει,
609 1427 748 1497 βοῶν
790 1429 866 1492 ὡς
927 1428 1064 1499 πρὸς
1105 1429 1197 1482 τὸν
1241 1429 1351 1482 τῶν
1401 1428 1536 1482 ὅλων
1575 1429 1707 1483 Θεόν
1731 1443 1745 1456 °

168 1536 188 1570 ι
223 1517 560 1584 Ἀνοὶξαντος
604 1519 697 1572 σοῦ
737 1522 837 1592 τὴν
882 1523 1040 1593 χεῖρα
1059 1561 1074 1587 ,
1145 1523 1216 1576 τὰ
1259 1523 1549 1594 σύμπαντα
1607 1523 1748 1594 πλη-

163 1609 426 1680 σθήσεται
479 1611 880 1682 χρηστότητοςσ
947 1612 1390 1684 ἀποστρέψαντος
1439 1613 1497 1666 δὲ
1550 1611 1644 1666 σοῦ
1687 1611 1747 1667 τὸ

163 1701 494 1773 πρόσωπον,
540 1702 996 1773 ταραχθήσονται.
1052 1703 1386 1767 Ἀντανελεῖς
1422 1703 1483 1756 τὸ
1527 1703 1746 1773 πνεῦμα

1859 618 1981 664 stus
2019 623 2114 680 per
2144 609 2408 678 Spiritum
2431 650 2444 673 ,
2476 609 2544 663 ad
2578 611 3048 680 incorruptionem
3087 611 3435 668 transferens

1857 699 1910 754 id
1939 701 2086 769 quod
2121 709 2319 755 natura
2355 715 2455 756 sua
2493 709 2577 756 est
2608 702 2993 771 corruptibile,
3029 711 3083 756 et
3112 719 3139 755 a
3167 714 3342 757 morte
3367 705 3434 759 ad

1856 790 2328 846 immortalitatem
2380 790 2706 846 traducens.
2754 790 2908 846 Unde
2958 801 3012 846 et
3056 791 3259 850 Paulus
3313 795 3432 847 ait:

1861 897 1880 929 ι
1917 877 2019 944 Qui
2053 879 2343 935 suscitavit
2395 877 2582 935 Jesum
2616 879 2896 934 Christum
2923 896 2952 934 a
2983 882 3251 945 mortuis,
3289 884 3434 935 vivt-

1853 969 2040 1024 ficabit
2061 978 2114 1024 et
2148 971 2400 1025 mortalia
2431 986 2665 1040 corpora
2701 981 2907 1035 vestra,
2947 983 3180 1043 propter
3215 974 3435 1027 inhabi-

1854 1072 2061 1119 tantem
2095 1062 2356 1133 Spiritum
2385 1063 2508 1132 ejus
2543 1065 2596 1118 in
2629 1065 2790 1118 nobis
2823 1065 2863 1117 ³.
2901 1084 2919 1116 ι
2967 1065 3122 1119 Licet
3172 1054 3318 1121 enim
3367 1082 3431 1120 ex

1851 1155 2016 1210 Patre
2070 1155 2312 1224 Spiritus
2347 1166 2572 1210 sanctus
2608 1158 2901 1226 procedat,
2934 1157 3087 1212 venit
3125 1163 3308 1211 tamen
3337 1172 3433 1226 per

1851 1246 2074 1312 Filium,
2101 1257 2156 1302 et
2189 1249 2448 1318 proprius
2487 1256 2573 1304 est
2609 1249 2748 1319 ejus.
2779 1247 2976 1304 Omnia
3008 1251 3208 1319 quippe
3241 1258 3369 1303 sunt
3401 1263 3432 1302 a

1852 1340 2012 1396 Patre
2051 1357 2146 1412 per
2176 1340 2398 1395 Filium.
2432 1342 2588 1408 Quod
2628 1344 2775 1397 enim
2813 1359 2911 1411 per
2939 1342 3202 1413 Spiritum
3253 1344 3306 1396 in
3346 1345 3430 1396 vi-

1851 1438 1963 1486 tam
1990 1441 2247 1486 aeternam
2284 1432 2572 1488 reformati
2597 1435 2792 1498 simus,
2827 1432 3048 1488 divinus
3085 1435 3247 1488 nobis
3275 1433 3430 1488 Psal-

1849 1520 2016 1574 tnista
2068 1519 2226 1576 testis
2261 1520 2476 1586 aderit,
2520 1523 2769 1577 clamans
2826 1524 2894 1577 ad
2929 1523 3176 1577 universi
3213 1522 3427 1577 Deum:

1855 1629 1874 1662 ι
1911 1611 2208 1682 Aperiente
2235 1621 2288 1668 te
2319 1629 2543 1668 manum
2579 1622 2730 1668 tuam
2758 1655 2774 1679 ,
2820 1615 3007 1668 omnia
3051 1614 3430 1683 impiebuntur

1849 1703 2134 1770 bonitate;
2167 1712 2451 1761 avertente
2477 1712 2662 1760 autem
2690 1717 2741 1760 te
2768 1704 2989 1774 faciem,
3024 1705 3418 1760 turbabuntur.

161 1795 363 1860 αὐτῶν,
398 1797 493 1850 καὶ
522 1796 858 1865 ἐκλείψουσι,
897 1797 994 1850 καὶ
1027 1799 1107 1860 είς
1134 1797 1227 1851 τὸν
1257 1796 1386 1868 χοῦν
1417 1797 1594 1850 αὐτῶν
1622 1799 1744 1850 ἐπι-

1859 1795 2077 1850 Auferes
2105 1797 2362 1866 spiritum
2396 1811 2608 1862 eorum,
2647 1806 2702 1851 et
2731 1796 2988 1851 deficient
3030 1804 3086 1851 et
3139 1798 3194 1850 in
3230 1796 3425 1865 pulve-

162 1888 514 1960 στρέφουσιν.
555 1889 961 1955 Ἐξαποστελείς
999 1891 1060 1944 τὸ
1084 1891 1308 1962 Πνεῦμα
1334 1908 1427 1944 σου
1445 1931 1459 1955 ,
1511 1892 1605 1944 καὶ
1632 1909 1746 1946 κτι·

162 1980 487 2051 σθὴσονται,
522 1982 615 2035 καὶ
653 1983 988 2046 ἀνακαινιεῖς
1021 1982 1082 2036 τὸ
1112 1983 1402 2054 πρόσωπον
1433 1983 1532 2053 τῆς
1562 1983 1684 2054 γῆς.
1718 2003 1737 2036 ›

170 2071 424 2135 Ἀκούεις
469 2073 616 2136 ὅπως
650 2072 1010 2145 συνετάραξεν
1045 2071 1123 2144 (1)
1156 2074 1288 2143 ἡμῖν
1326 2071 1424 2142 τὴν
1453 2072 1742 2143 ἀνθρώπου

157 2163 320 2233 φύσιν
345 2168 382 2236 ἡ
413 2164 725 2237 παράϐασις
758 2169 791 2238 ἡ
823 2167 882 2219 ὲν
919 2165 1110 2236 Ἀδὰμ,
1143 2165 1238 2220 καὶ
1262 2166 1425 2219 οἱονεὶ
1449 2165 1558 2220 τῶν
1583 2166 1742 2220 θείων

156 2257 512 2327 ὲνταλμάτων
534 2260 566 2329 ή
590 2257 937 2330 ἀποστροφὴ,
966 2259 1060 2311 καὶ
1083 2259 1162 2322 εἰς
1188 2257 1287 2329 τὴν
1316 2258 1452 2311 ἰδίαν
1480 2259 1585 2328 γῆν
1607 2258 1740 2312 ὑπο·

155 2347 422 2416 νοστῆσαι
456 2347 883 2419 παρεσκεύασεν.
920 2347 1050 2401 Ὅτε
1077 2347 1133 2400 δὲ
1159 2347 1533 2414 ἐξαπέστειλεν
1563 2351 1591 2402 6
1611 2348 1741 2414 Θεὸς

151 2439 211 2492 τὸ
234 2439 472 2510 Πνεῦμα
507 2440 703 2504 αὑτοῦ,
757 2440 849 2494 καὶ
887 2439 1145 2510 μετόχους
1193 2441 1338 2511 ἡμᾶς
1365 2440 1614 2505 ἀπέδειξε
1640 2441 1742 2512 τῆς

156 2530 288 2593 ἰδίας
317 2531 564 2600 φύσεως,
588 2532 681 2584 καὶ
706 2531 773 2585 δι’
800 2530 960 2584 αὑτοῦ
987 2531 1336 2602 ἀνεκαινίσθη
1361 2531 1422 2584 τὸ
1451 2532 1741 2600 πρόσωπον

152 2623 248 2692 τῆς
276 2622 416 2693 γῆς,
459 2621 962 2693 μετεμορφώθημεν
991 2624 1072 2686 εἰς
1101 2622 1399 2694 καινότητα
1429 2623 1609 2695 ζωῆς,
1640 2625 1739 2695 τὴν

152 2717 212 2770 ἐκ
243 2717 349 2786 τῆς
386 2715 662 2786 ἁμαρτίας
693 2714 1056 2778 ἀποϐαλόντες
1089 2714 1295 2786 φθορὰν
1318 2755 1331 2778 ,
1359 2716 1453 2768 καὶ
1480 2715 1577 2786 τῆς
1606 2717 1740 2769 αίω-

153 2808 257 2860 νίου
295 2806 457 2878 ζωῆς
505 2805 750 2870 εἰσαῦθις
794 2805 1217 2877 ὲπιδραξάμενοι
1248 2807 1336 2860 διὰ
1376 2807 1476 2878 τῆς
1521 2810 1740 2878 χάριτος

153 2897 242 2950 καὶ
267 2895 694 2967 φιλανθρωπίας
717 2894 809 2948 τοῦ
841 2896 1046 2967 Κυρίου
1076 2897 1232 2967 ἡμῶν
1270 2897 1446 2968 Ἰησοῦ
1475 2899 1736 2970 Χριστοῦ,

150 2988 213 3040 δι’
236 2981 294 3042 οὗ
317 2989 430 3042 καὶ
463 2987 580 3058 μεθ’
615 2980 674 3040 οὗ
703 2984 780 3055 τῷ
802 2985 919 3056 Θεῷ
949 2986 1040 3038 καὶ
1065 2987 1240 3056 Πατρὶ
1268 2987 1301 3057 ή
1329 2985 1453 3052 δόξα
1485 2988 1580 3041 σὺν
1601 2987 1740 3058 ἁγίῳ

151 3079 435 3150 Πνεύματι
468 3078 546 3141 εἰς
577 3078 704 3141 τοὺς
733 3077 956 3140 αἰῶνας.
999 3077 1190 3148 Ἀμήν.

218 3255 240 3287 ³
278 3254 451 3309 Rom.
487 3269 605 3321 Vill,
643 3253 730 3308 ll.
804 3255 828 3284 ⁸
864 3252 1011 3308 Psal.
1042 3266 1159 3318 cm,
1195 3251 1377 3307 28-50.

1847 1901 1962 1942 rem
2014 1902 2176 1942 suum
2228 1895 2597 1942 revertentur.
2640 1887 2870 1943 Emittes
2914 1886 3181 1957 Spiritum
3235 1896 3421 1950 tuum,

1845 1987 1898 2033 et
1928 1981 2298 2042 creabuntur,
2332 1988 2385 2034 et
2417 1979 2712 2034 renovabis
2753 1978 2951 2035 faciem
2994 1988 3154 2034 terra:
3179 1979 3218 2031 ‘.
3251 1999 3270 2032 ι
3310 1981 3424 2032 Au-

1843 2071 1930 2127 dis
1960 2072 2236 2142 quomodo
2279 2072 2667 2141 praevaricatio
2702 2072 2756 2125 in
2793 2072 2966 2124 Adam
3012 2086 3076 2124 ac
3113 2071 3422 2125 divinorum

1844 2162 2229 2217 mandatorum
2251 2162 2561 2232 repudiatio
2585 2169 2841 2216 naturam
2861 2162 3104 2216 hominis
3133 2162 3427 2216 imminue-

1842 2254 1950 2319 rit,
1995 2262 2049 2310 et
2086 2255 2142 2308 in
2191 2265 2388 2308 terram
2428 2269 2584 2309 suam
2622 2254 2802 2309 redire
2861 2254 3122 2324 coegerit.
3161 2254 3230 2308 At
3275 2263 3426 2323 post-

1843 2361 2005 2417 quam
2058 2347 2208 2400 misit
2258 2346 2402 2401 Deus
2459 2345 2728 2416 Spiritum
2774 2360 2971 2410 suum,
3017 2353 3071 2398 et
3122 2343 3424 2412 participes

1840 2447 2056 2492 natura:
2080 2452 2194 2493 suae
2228 2454 2328 2492 nos
2363 2437 2622 2501 reddidit,
2654 2453 2719 2492 ac
2755 2451 2852 2506 per
2881 2451 3006 2489 eum
3039 2443 3302 2488 renovata
3339 2441 3424 2486 est

1841 2530 2011 2585 facies
2045 2540 2235 2594 terrae,
2275 2530 2329 2583 in
2363 2531 2661 2585 novitatem
2700 2529 2823 2582 vita:
2855 2526 3143 2582 reformati
3179 2525 3383 2578 fuimus
3407 2561 3421 2582 .

1841 2620 2090 2690 deposita
2126 2620 2481 2688 corruptione
2512 2618 2720 2689 peccati
2777 2627 2830 2671 et
2863 2626 3069 2671 aeterna
3105 2615 3287 2670 denuo
3309 2613 3421 2666 vita

1839 2722 2057 2782 recepta
2092 2727 2190 2782 per
2218 2711 2452 2781 gratiam
2491 2720 2544 2766 ct
2572 2710 2969 2780 benignitatem
2997 2705 3214 2760 Domini
3242 2704 3422 2758 nostri

1837 2804 1968 2860 Jesu
1997 2804 2202 2859 Christi
2231 2842 2246 2868 ,
2277 2819 2371 2873 per
2400 2819 2565 2874 quem
2610 2811 2666 2857 et
2714 2817 2841 2856 cum
2883 2814 2993 2870 quo
3027 2798 3138 2852 Deo
3172 2811 3237 2851 ac
3267 2795 3420 2851 Patri

1841 2898 2016 2970 gloria
2044 2911 2169 2952 eum
2198 2905 2394 2952 sancto
2429 2894 2642 2965 Spiritu
2674 2893 2730 2949 in
2761 2893 2983 2950 saecula.
3011 2890 3206 2945 Amen.

220 3410 293 3480 (-1)
320 3409 630 3474 Aubertus,
665 3408 974 3475 συνέταξεν,
1009 3415 1065 3464 et
1092 3408 1150 3462 in
1182 3407 1443 3478 margine,
1476 3422 1566 3474 γρ.
1604 3403 1747 3458 συνέι

1859 3419 1916 3458 ιν.
1962 3402 2121 3458 Εοιτ.

1299 3599 1708 3612 ...----

167 3599 1792 3634 W

1796 3613 1905 3628 -..δὲ

1914 3595 3401 3632 m

676 3749 1262 3850 ΚΕΦΑΛΑΙΑ
1318 3762 1462 3845 ΤΑ
1524 3759 1668 3846 EN
1742 3757 1890 3844 ΤΩ
1994 3754 2439 3843 ΔΕΚΑΤΩ
2489 3756 2880 3844 ΒΙΒΛΙΩ.

1595 4134 2008 4224 CAPITA

1124 4320 1290 4389 QUE
1330 4323 1398 4378 IN
1428 4323 1634 4382 LlBRO
1673 4326 1932 4384 DECIMO
1971 4328 2493 4388 CONTINENTUR.

159 4622 233 4678 Ν.
263 4622 747 4704 ’ρτᾼκατζοὺδρν
771 4625 1232 4704 antenor-sem
1255 4630 1438 4704 dfldc
1456 4630 1565 4686 τοῦ
1591 4635 1739 4689 Θεοῦ

1859 4634 1882 4689 ἶ.
1927 4635 2076 4702 Quod
2108 4635 2256 4690 nulla
2291 4638 2346 4691 in
2381 4653 2434 4690 re
2476 4637 2651 4690 minor
2679 4638 2748 4690 sit
2789 4637 2896 4692 Deo
2932 4655 2995 4692 ac
3019 4637 3198 4692 Patre“
3219 4637 3420 4704 Filius,

220 4694 318 4774 καὶ
349 4694 622 4774 Πατρός,
668 4695 805 4761 ἶσος
831 4697 900 4749 δὲ
929 4697 1182 4774 ,μᾶλλον
1218 4700 1317 4774 καὶ
1358 4694 1560 4774 ὅμοιος
1593 4706 1741 4774 κατὰ

221 4767 410 4841 φύσιν
442 4767 633 4841 sum?»
655 4768 1056 4841 ίτροίξειμένρυ
1070 4771 1292 4841 mw???
1331 4789 1348 4821 ε
1380 4775 1451 4824 Ei
1474 4773 1742 4841 ἠγαπᾶτέ

216 4853 316 4910 με,
344 4835 613 4910 ἐχάρη-τὲ
646 4835 756 4910 ᾂνέ
797 4836 884 4910 ὅτι
905 4837 1020 4906 ἐγὼ
1049 4835 1204 4910 πρὸς
1227 4839 1337 4892 τὸν
1368 4835 1600 4910 Πατέρα
1629 4860 1741 4898 πο-

215 4907 491 4978 ρεύομαι,
522 4905 672 4978 ὅτι-ό
700 4905 901 4978 Πατήρ
928 4905 1047 4974 μου
1065 4905 1275 4977 μείζων
1292 4927 1409 4978 μου
1438 4905 1629 4966 ἐστίν.
1661 4933 1678 4964 ι

158 4971 230 5028 B’.
258 4971 381 5048 Ὅτι
410 4974 498 5040 τῷ
519 4974 646 5048 βεῷ
674 4971 974 5048 καὶ-Πάτρὶ
995 4971 1317 5048 ῥιὶοούσιόξι
1342 4979 1512 5033 ἐστιν
1533 4985 1564 5034 ὁ
1588 4983 1740 5048 Υἱὸς,

223 5046 319 5119 καὶ
350 5047 469 5119 αὑχ
505 5045 868 5119 ἐτεροφρὴς,
906 5047 1048 5100 οὐδὲ
1089 5048 1353 5116 ἐκφυλος
1390 5050 1542 5103 κατά
1576 5045 1744 5119 ara-4"

222 5115 339 5191 τῷν
363 5115 877 5191 δέεοξτραμμένων,
896 5119 1285 5191 προκειμένου
1307 5119 1495 5186 ῥητοῦ
1518 5135 1533 5150 °
1561 5139 1577 5172 ι
1604 5115 1744 5191 Ἐγώ
1781 5166 1783 5169 .

223 5188 336 5254 ειμι
377 5186 417 5252 ἡ
470 5185 764 5254 ἅμπελοζι,
800 5185 968 5251 ὑμεῖς
998 5187 1070 5240 τὰ
1100 5185 1380 5256 κλήματα
1416 5208 1434 5243 ι
1471 5191 1566 5245 καὶ
1612 5210 1630 5243 ι
1670 5185 1742 5246 ’Ὁ

223 5256 428 5325 Πατήρ
446 5272 574 5326 μου
605 5258 638 5309 ό
668 5257 922 5325 γεωργός
945 5256 1133 5310 ἐστιν.
1166 5275 1184 5308 ι

228 5429 436 5487 ‘Joan.
474 5449 589 5498 ιιν,
630 5431 721 5487 28.
798 5434 817 5464 ⁸
848 5431 1003 5487 Joan.
1031 5449 1118 5501 xv,
1162 5434 1276 5498 1,5.

1915 4709 2006 4760 sed
2039 4708 2261 4776 wqualis
2292 4709 2471 4774 potius
2517 4710 2666 4776 eique
2698 4709 2892 4762 similis
2932 4709 3220 4762 secundum
3261 4720 3421 4760 natu-

1917 4793 2054 4839 ram,
2085 4779 2354 4846 proposito
2387 4777 2550 4842 dicto,
2587 4797 2604 4829 ι
2650 4778 2711 4832 Si
2740 4778 3034 4846 diligeretis
3076 4793 3176 4841 nte,
3221 4781 3422 4845 gaude~

1915 4849 2042 4918 retis
2075 4848 2421 4918 utique,_quia
2446 4864 2538 4918 ego
2576 4849 2708 4902 vado
2741 4849 2811 4901 ad
2836 4849 3074 4915 Patrem,
3105 4848 3231 4917 quia
3261 4848 3424 4902 l’ater

1923 4916 2099 4985 major
2128 4916 2205 4970 me
2242 4916 2318 4971 est
2353 4919 2394 4971 ⁵.
2429 4937 2446 4970 ι

1847 4984 1912 5042 ll.
1972 4984 2126 5052 Quod
2161 4987 2266 5041 Deo
2309 5005 2371 5042 ac
2412 4988 2566 5041 Patri
2597 4987 3078 5042 consubstantialis
3112 4987 3181 5040 sit
3218 4987 3420 5053 Filius,

1922 5074 2028 5110 non
2067 5065 2241 5110 autem
2269 5057 2488 5112 alterius
2522 5069 2751 5119 naturw,
2785 5074 2947 5126 neque
2972 5057 3166 5110 dirersi
3196 5062 3420 5126 generis~

1922 5138 1978 5180 ut
2014 5127 2256 5181 nonnulli
2306 5143 2578 5196 perperam
2635 5130 2889 5189 sentiunt,
2930 5129 3200 5194 proposito
3258 5127 3422 5189 dicto,

1928 5217 1946 5249 ι
1984 5197 2094 5268 Ego
2116 5214 2243 5268 psum
2275 5199 2414 5265 vilis,
2447 5215 2530 5252 vos
2559 5199 2841 5267 palmites:
2873 5216 2889 5248 ι
2919 5207 2991 5264 et,
3021 5216 3040 5248 ι
3067 5197 3227 5252 Pater
3276 5213 3420 5252 metu

1925 5267 2160 5338 agricola
2205 5277 2301 5323 est.
2338 5287 2357 5320 ›
