3992 6316
1562 368 1618 425 S.
1649 367 1922 424 CYIilLLl
1959 366 2434 423 ΑιεΧΑΝῡιιιΝι
2467 363 2788 421 ARCHIEP.

1125 712 1298 798 ΕΙΣ
1343 712 1493 797 T0
1569 710 1869 797 KATA
1959 709 2465 839 IQANNHN
2563 704 3273 795 EYAI‘I‘EAION

1670 925 2111 1012 ΒΙΒΛΙΟΝ
2155 923 2711 1012 ΔΕΚΑΤΟΝ.

2162 1148 2209 1167 ιο

910 1316 1031 1404 ΙΝ
1086 1313 1594 1407 JOANNIS
1664 1316 2449 1409 EVANGELIUM
2517 1317 2880 1407 LIBER
2940 1314 3514 1409 DECIMUS.

632 1699 937 1772 825-26
969 1698 1111 1766 XIV,
1148 1700 1240 1753 ει.
1284 1700 1388 1766 Qui
1417 1701 1571 1755 habet
1630 1702 1888 1756 mandata
1919 1718 2034 1757 mea
2086 1710 2138 1757 et
2166 1705 2211 1761 Α

564 1804 837 1858 servatea,
870 1793 961 1847 ille
975 1801 1050 1846 est
1077 1793 1168 1860 qui
1197 1792 1374 1862 diligit
1401 1810 1503 1859 me;
1530 1794 1623 1864 qui
1643 1805 1817 1849 autent
1840 1795 2018 1865 diligit
2037 1811 2138 1859 me,

563 1883 817 1954 diligetur
846 1902 879 1938 a
913 1883 1075 1937 Patre
1100 1900 1210 1938 meo
1241 1900 1258 1939 :
1284 1894 1333 1939 et
1362 1902 1455 1956 ego
1487 1885 1709 1957 diligam
1726 1903 1866 1952 eum,
1890 1898 1941 1942 et
1963 1889 2139 1941 mani-

563 1977 769 2047 [θειαὺο
793 1978 842 2032 ei
878 1979 1151 2043 meipsum.

612 2065 881 2137 Mysterii
934 2067 1325 2121 revelationem
1380 2074 1510 2122 tunc
1541 2068 1847 2137 praesertim
1904 2067 2141 2124 manife-

563 2166 703 2215 stam
742 2159 858 2212 fore
891 2158 1106 2219 dicens,
1141 2173 1265 2212 cum
1314 2174 1414 2215 nos
1449 2159 1517 2213 ad
1561 2160 1685 2229 ejus
1720 2160 2137 2216 similitudinem

563 2252 811 2306 viventes
838 2251 1294 2320 conspexerimus
1326 2270 1339 2305 :
1375 2270 1393 2303 ι
1430 2250 1569 2307 Vivo
1609 2252 1753 2307 enim
1782 2269 1907 2322 ego,
1940 2254 2138 2323 inquit,

561 2352 618 2397 et
641 2356 742 2396 vos
797 2341 995 2397 vivctis
1026 2343 1046 2373 "
1084 2359 1097 2395 :
1133 2361 1152 2395 ι
1182 2343 1344 2412 cujus
1388 2344 1464 2398 rei
1515 2343 1651 2399 fides
1697 2345 1995 2415 unicuique
2049 2346 2141 2401 ﬁet

560 2446 671 2486 non
705 2449 770 2487 ex
822 2433 890 2487 iis
937 2448 1059 2502 qua:
1098 2434 1371 2501 audierit,
1419 2436 1514 2491 sed
1554 2451 1619 2491 ex
1671 2452 1850 2491 rerum
1889 2439 2137 2508 ipsarum

562 2525 916 2593 possessione
942 2524 1334 2594 promissionis
1380 2525 1589 2580 exitum
1626 2531 1948 2597 reportanti.
1990 2528 2138 2585 Prae-

560 2622 673 2670 stat
702 2616 847 2670 enim
882 2615 1320 2685 experimentum
1360 2618 1548 2673 verbis
1587 2619 1654 2672 ad
1691 2622 2134 2689 persuadendum

563 2707 843 2776 fidemque
862 2716 1015 2761 certo
1045 2706 1373 2762 faciendam.
1412 2707 1613 2764 Verum
1647 2726 1714 2765 ne
1750 2719 1859 2766 tam
1899 2724 2135 2783 augusto

560 2798 712 2855 dono
739 2811 971 2856 cunctos
1010 2802 1218 2872 passim
1256 2802 1363 2856 frui
1406 2818 1568 2872 posse
1603 2813 1881 2872 putem-us,
1913 2809 2134 2864 tametsi

560 2894 718 2963 probi
746 2908 857 2948 non
885 2893 998 2948 sint
1025 2909 1090 2948 ac
1119 2896 1309 2950 divino
1340 2903 1486 2949 metu
1516 2895 1800 2961 illustrati,
1835 2914 2134 2970 personam

561 3000 754 3039 eorum
786 3000 816 3039 a
846 2987 1047 3056 quibus
1086 2986 1335 3056 diligitur
1361 2987 1545 3041 statim
1591 2987 1915 3055 subiiciens,
1955 2992 2134 3045 mani-

2320 1701 2374 1752 ’0
2404 1698 2560 1769 ἔχων
2601 1702 2708 1766 τὰς
2756 1697 3011 1764 ἐντολάς
3058 1716 3181 1767 μου
3224 1699 3322 1751 καὶ
3365 1698 3563 1766 τηρῶν
3616 1700 3841 1766 αὐτὰς-ν

2243 1792 2471 1857 ἐκεῖνός
2497 1791 2665 1845 ἐστιν
2692 1794 2725 1845 d
2743 1788 2990 1860 ἀγαπῶν
3006 1807 3083 1860 με
3101 1807 3115 1821 ’
3140 1793 3174 1844 ὀ
3196 1788 3264 1843 δὲ
3287 1787 3534 1859 ἀγαπῶν
3556 1805 3656 1858 με.
3681 1790 3827 1856 ἀγα-

2243 1880 2573 1949 πηθήσεται
2602 1881 2719 1935 ὑπὸ
2749 1880 2856 1935 τοῦ
2887 1882 3116 1948 Πατρός
3135 1898 3255 1950 μου
3275 1898 3288 1912 ο
3338 1880 3500 1951 κάγὼ
3529 1880 3828 1950 ἀγαπήσω

2240 1975 2447 2037 αὐτὸν,
2476 1974 2574 2028 καὶ
2594 1974 2903 2043 ἐμφανίσω
2929 1973 3090 2040 αὐτῷ
3121 1975 3399 2045 ἐμαυτόν.

2307 2066 2695 2138 Φανερωτέραν
2724 2067 2941 2121 ἔσεσθαι
2962 2067 3055 2121 τοῦ
3092 2068 3390 2139 μυστηρίου
3418 2067 3516 2139 τὴν
3538 2069 3821 2122 ἀποκάλυ-

2241 2159 2330 2231 ψιν
2358 2161 2481 2212 τότε
2525 2159 2587 2229 δὴ
2635 2159 2874 2229 μάλιστα
2915 2160 3088 2228 λέγων
3114 2164 3171 2214 ὲν
3201 2164 3367 2232 ἡμῖν,
3416 2162 3543 2215 ὅταν
3593 2163 3821 2225 ἑαυτοὺς

2240 2251 2648 2322 ἀπαθρήσωμεν
2689 2251 2899 2316 ζῶντας
2946 2252 3067 2306 καθ’
3119 2252 3412 2324 ὁμοιότητα
3456 2255 3553 2323 τὴν
3607 2253 3777 2307 αὐτοῦ
3805 2269 3820 2282 ·

2247 2362 2265 2394 ι
2297 2342 2382 2396 Ζῶ
2409 2344 2514 2414 γὰρ
2544 2342 2718 2411 κάγὼ,
2748 2344 2904 2414 φησὶ,
2942 2344 3170 2414 ζήσεσθε
3203 2344 3259 2398 δὲ
3289 2347 3381 2398 καὶ
3406 2346 3583 2415 ὑμεῖς.
3620 2364 3637 2396 ι
3677 2345 3823 2415 Πλη-

2242 2436 2648 2507 ροφορουμένης
2676 2435 2864 2507 ὥσπερ
2885 2437 2983 2508 τῆς
3004 2438 3233 2491 ἑκάστου
3252 2436 3507 2503 διανοίας,
3532 2438 3636 2491 οὐκ
3665 2436 3728 2502 ἐξ
3750 2431 3824 2490 ὧν

2235 2527 2564 2599 ἠκροάσατο,
2590 2529 2683 2581 καί
2712 2528 3041 2582 πεπίστευκε
3063 2529 3241 2598 μόνον.
3268 2529 3381 2582 ἀλλ’
3410 2528 3472 2594 ἐξ
3502 2522 3577 2582 ὧν
3606 2529 3673 2582 ἂν
3704 2528 3819 2599 ἔχοι

2241 2621 2471 2691 μᾶλλον,
2506 2621 2868 2691 κομισάμενος
2901 2622 3001 2693 ἥδη
3029 2620 3128 2690 τῆς
3160 2622 3491 2691 ἐπαγγελίας
3523 2622 3584 2675 τὸ
3623 2623 3820 2692 πέρας.

2237 2713 2407 2782 Πεῖρα
2441 2712 2553 2783 γὰρ
2591 2712 2764 2780 λόγων
2797 2713 3188 2784 εὐσθενεστέρα
3232 2714 3369 2784 πρὸς
3409 2713 3472 2766 τὸ
3502 2712 3823 2767 ἀναπείθειν

2235 2802 2491 2856 δύνασθαι
2538 2802 2634 2856 καὶ
2679 2803 3059 2873 πληροφορεῖν.
3118 2804 3236 2856 Ἵνα
3291 2803 3373 2874 μὴ
3419 2806 3584 2856 πᾶσιν
3633 2802 3826 2866 ἁπλῶς

2237 2894 2559 2965 προκεῖσθαι
2611 2894 2917 2964 νομίζωμεν
2959 2894 3020 2947 τὸ
3068 2894 3268 2960 ἐξεῖναι
3319 2895 3480 2965 τυχὸν
3522 2896 3625 2965 τῆς
3676 2893 3825 2948 οὕτω

2238 2986 2441 3057 σεπτῆς
2457 2985 2758 3039 ἀπολαῦσαι
2782 2986 3011 3057 δωρεᾶς,
3028 2987 3122 3039 καὶ
3144 2987 3191 3039 εί
3217 2987 3288 3057 μή
3312 3003 3455 3051 τινες
3477 2982 3584 3040 εἷεν
3600 2989 3822 3056 ἁγαθοὶ,

558 3077 701 3132 feste
753 3055 994 3133 ostendit
1046 3055 1226 3132 nullos
1280 3077 1422 3133 alios
1480 3084 1593 3131 tam
1648 3078 2133 3151 incomparabilem

2241 3094 2336 3133 και
2359 3055 2437 3148 τῷ
2462 3077 2591 3149 θείῳ
2615 3055 3091 3149 λελαμπρυσμένοι
3117 3055 3301 3148 φόϐων,
3341 3079 3401 3132 τὸ
3421 3078 3531 3131 τῶν
3557 3055 3822 3149 ἀγαπών-

560 3166 794 3234 gratiam
851 3165 1135 3234 suscipere
1187 3180 1373 3234 posse,
1425 3166 1532 3222 nisi
1589 3168 1684 3237 qui
1736 3179 1886 3224 recte
1919 3171 2136 3227 vivendi

560 3255 708 3307 viam
753 3254 1098 3309 institerint:
1143 3255 1199 3309 hi
1232 3257 1379 3311 enim
1404 3265 1535 3312 sunt
1575 3260 1666 3328 qui
1712 3260 1954 3331 diligunt
1983 3279 2132 3320 eum.

560 3344 715 3400 Licet
741 3348 887 3400 enim
918 3346 1177 3403 Christus
1208 3351 1457 3404 omnium
1507 3366 1743 3421 corpora
1790 3357 2136 3413 excitaturus

563 3436 639 3492 sit
670 3436 984 3507 (resurgent
1013 3439 1161 3493 enim
1216 3440 1380 3510 827
1417 3441 1543 3495 boni
1588 3453 1751 3513 atque
1796 3446 1973 3513 mali),
2027 3464 2135 3503 non

560 3534 744 3583 tamen
778 3529 1041 3585 omnibus
1075 3530 1449 3587 indifferenter
1483 3533 1549 3587 ad
1589 3535 1819 3604 gloriam
1869 3548 1962 3592 ant
1996 3539 2133 3595 deli-

562 3618 683 3675 cias
766 3621 1097 3677 reviviscere
1146 3623 1389 3679 dabitur.
1452 3623 1803 3681 Manifestum
1858 3632 2003 3685 enim
2054 3640 2138 3688 est

562 3711 712 3782 quod
763 3713 815 3766 hi
862 3714 1082 3780 quidem
1129 3715 1354 3769 excitati
1391 3723 1599 3772 tantum
1643 3720 1711 3774 ad
1758 3723 2133 3792 supplicium,

564 3806 713 3860 omni
759 3816 935 3862 morte
966 3808 1133 3862 vitam
1165 3809 1531 3866 crudeliorem
1569 3811 1809 3868 habituri
1856 3823 2008 3882 sunt,
2054 3816 2136 3870 illi

561 3913 693 3953 vero
724 3899 778 3952 in
827 3898 1089 3955 felicitate
1130 3902 1352 3971 longum
1386 3901 1650 3972 degentes
1685 3920 1882 3972 aevum,
1924 3908 2138 3976 Optabi-

561 3989 665 4044 lem
704 3993 759 4044 in
800 3990 1029 4046 Christo
1072 3999 1128 4046 et
1174 4005 1420 4048 sanctam
1454 3996 1620 4049 vitam
1674 4012 1864 4053 revera
1924 4001 2133 4055 vivent.

566 4081 723 4146 Quod
775 4083 920 4137 enim
960 4083 1017 4136 hi
1074 4083 1167 4153 qui
1221 4091 1467 4154 tempore
1512 4086 1707 4156 judicii
1767 4090 2055 4160 suppliciis
2106 4109 2136 4147 a

561 4171 783 4228 Christo
814 4181 941 4228 sunt
971 4174 1286 4240 addicendi,
1319 4187 1569 4233 exsortes
1596 4179 1772 4235 beata:
1801 4182 1923 4237 vitae
1966 4181 2137 4238 futuri

563 4265 696 4326 sint,
733 4266 987 4333 quamvis
1031 4281 1378 4321 communem
1407 4270 1616 4325 sanctis
1657 4273 2131 4329 resurrectionem

2239 3188 2344 3224 των
2366 3170 2528 3224 αὑτὸν
2556 3170 2846 3224 πρόσωπον
2869 3169 3219 3241 παραζεύξας
3244 3169 3405 3232 εὐθὺς
3426 3172 3502 3241 τῷ
3534 3170 3705 3242 λόγῳ,
3738 3171 3824 3225 δέ-

2237 3263 2413 3332 δειχεν
2433 3260 2677 3332 ἐναργῶς
2700 3262 2775 3325 ὡς
2794 3263 2894 3333 οὐχ
2918 3262 3123 3333 ἑτέροις
3143 3262 3282 3315 ἑλεῖν
3314 3262 3412 3334 τὴν
3441 3262 3615 3327 οὕτως
3644 3264 3822 3332 ἀσύγ-

2238 3370 2422 3425 κριτον
2441 3354 2655 3419 ἐξέσται
2679 3354 2859 3424 χάριν,
2889 3356 2937 3408 εί
2961 3356 3035 3425 μὴ
3055 3356 3165 3419 τοῖς
3199 3356 3397 3427 ἄριστα
3417 3355 3468 3408 δι
3481 3354 3615 3424 αζῇν
3633 3356 3827 3427 ἑλομέ-

2237 3459 2347 3507 νοις
2363 3460 2381 3476 °
2395 3440 2538 3499 οὗτοι
2553 3445 2660 3515 γὰρ
2678 3444 2743 3498 ἂν
2767 3440 2877 3499 εἷεν
2895 3446 2943 3499 oi
2964 3445 3283 3515 ἀγαπῶντες
3304 3446 3484 3500 αὐτόν.
3508 3448 3572 3500 Ei
3597 3448 3705 3517 γὰρ
3726 3447 3825 3501 καὶ

2240 3536 2307 3591 τά
2354 3538 2571 3591 πάντων
2610 3537 2772 3607 τυχὸν
2815 3537 3058 3609 διεγείρῃ
3108 3536 3337 3608 σώματα
3376 3539 3609 3609 Χριστὸς
3653 3539 3822 3609 (ἀνα-

2239 3628 2524 3699 στήσονται
2551 3626 2659 3697 γάρ
2692 3627 2918 3697 πονηροὶ
2945 3626 3041 3680 καὶ
3062 3626 3304 3695 ἀγαθοὶ),
3348 3627 3464 3680 ἀλλ’
3486 3628 3583 3699 οὐχ
3615 3627 3823 3683 ἅπασιν

2238 3717 2562 3787 ἀδιακρίτως
2595 3714 2729 3785 πρὸς
2772 3714 2931 3780 δόξαν
2955 3715 2988 3785 ἢ
3011 3714 3219 3787 τρυφὴν
3248 3716 3309 3768 τὸ
3337 3715 3637 3770 ἀναϐιῶναι
3665 3718 3822 3788 δοθή-

2240 3826 2413 3862 σεται.
2445 3806 2715 3878 Πρόδηλον
2765 3806 2876 3879 γάρ
2917 3808 2998 3860 ὃτι
3043 3810 3091 3861 οἱ
3126 3808 3222 3878 μὲν
3261 3808 3354 3860 ἐπὶ
3388 3808 3447 3860 τὸ
3488 3808 3818 3873 κολάζεσθαι

2242 3899 2400 3970 μόνον
2461 3897 2712 3961 λαϐόντες
2765 3897 2863 3969 τὴν
2914 3899 3208 3953 ἀνάστασιν
3232 3939 3249 3964 ,
3320 3898 3551 3952 θανάτου
3615 3900 3818 3963 παντὸς

2237 3990 2614 4062 ἀπηνεστέραν
2656 3989 2835 4053 ἕξουσι
2872 3990 2970 4062 τὴν
3024 3990 3169 4062 ζωὴν
3195 4031 3211 4054 ,
3263 3992 3312 4044 oi
3366 3990 3423 4044 δὲ
3472 3992 3715 4062 μακροὺς
3757 3994 3819 4045 ὲν

2241 4083 2602 4155 μακαριότητι
2659 4081 2938 4153 τρίϐοντες
2994 4082 3218 4153 χρόνους
3252 4121 3270 4146 ,
3336 4083 3593 4151 ζήσουσιν
3647 4083 3819 4146 ὅντως

2236 4172 2334 4245 τὴν
2364 4175 2423 4226 ὲν
2460 4169 2680 4241 Χριστῷ
2707 4169 3035 4222 πολύευκτον
3068 4186 3128 4223 τε
3163 4170 3259 4223 καὶ
3287 4171 3449 4239 ἁγίαν
3475 4170 3641 4242 ζωήν.
3692 4171 3818 4225 Ὅτι

2237 4264 2347 4335 γὰρ
2379 4264 2428 4316 οἱ
2459 4262 2556 4333 τὴν
2581 4262 2672 4315 ἐπὶ
2704 4260 2780 4330 τῷ
2801 4260 3121 4323 κολάζεσθαι
3153 4260 3333 4330 ψῆφον
3367 4260 3810 4331 ἀποκομίζεσθαι

562 4359 890 4421 sortiantur,
923 4360 1165 4413 ostendit
1186 4360 1406 4417 dicens:
1446 4381 1466 4414 ι
1495 4362 1599 4428 Qui
1621 4365 1797 4419 credit
1827 4364 1880 4418 in
1911 4363 2132 4427 Filium.

2242 4357 2529 4428 μέλλοντες
2570 4354 2723 4425 παρά
2750 4352 2987 4424 Χριστοῦ
3012 4392 3027 4416 .
3058 4352 3202 4405 κατὰ
3229 4354 3318 4407 τὸν
3350 4354 3540 4425 καιρὸν
3564 4354 3663 4424 τῆς
3697 4355 3820 4423 κρί-

562 4449 728 4503 habet
762 4450 928 4504 vitam
964 4460 1220 4507 aeternam
1255 4472 1267 4508 :
1320 4455 1414 4524 qui
1456 4463 1638 4511 autem
1695 4456 2018 4513 incredulus
2048 4467 2135 4514 est

561 4539 725 4604 Filio,
761 4556 869 4595 non
903 4543 1110 4598 videbit
1144 4545 1329 4611 vitam,
1364 4547 1459 4601 sed
1500 4547 1583 4601 ira
1613 4545 1706 4603 Dei
1752 4557 1936 4603 manet
1970 4564 2137 4619 super

559 4647 684 4686 eum
714 4633 814 4686 ’.ιο
853 4634 1244 4691 Animadverte
1291 4638 1437 4692 enim
1471 4654 1583 4709 quo
1615 4644 1798 4708 pacto,
1848 4638 1974 4693 licet
2018 4654 2137 4694 omo

560 4740 661 4779 nes
715 4723 843 4778 boni
883 4740 948 4780 ac
1000 4726 1128 4781 mali
1176 4728 1487 4784 suscitandi
1539 4729 1674 4792 sint,
1729 4729 2134 4787 incredulitatis

558 4820 741 4867 tamen
778 4830 905 4869 reos
941 4830 1009 4870 ne
1040 4818 1259 4871 visuros
1289 4817 1510 4887 quidem
1552 4818 1717 4871 vitam
1758 4817 1929 4882 dicat,
1965 4819 2133 4874 vitam

559 4920 685 4961 esse
712 4907 992 4977 inquiens,
1031 4924 1137 4963 non
1193 4910 1385 4979 utique
1427 4923 1722 4978 resurgere
1757 4918 1991 4974 tantum,
2040 4912 2137 4967 sed

562 4996 734 5061 illam,
770 5000 985 5067 opinor,
1010 5015 1134 5069 qua:
1165 5000 1222 5054 in
1257 5001 1447 5068 requie
1484 5010 1538 5054 et
1574 5000 1769 5069 gloria,
1815 5001 2138 5072 deliciisque

561 5088 929 5157 spiritalibus,
970 5105 1079 5144 non
1121 5098 1306 5145 autem
1354 5091 1477 5145 aliis
1512 5101 1786 5146 versatur.
1808 5091 2135 5149 Deliciarum

555 5190 741 5237 autem
762 5183 1033 5253 spiritalis
1050 5182 1246 5236 modus
1273 5189 1377 5244 est,
1402 5181 1650 5251 perfecta
1672 5181 1764 5237 Dei
1788 5185 2049 5254 cognitio,
2084 5195 2139 5242 et

554 5290 604 5327 ιιι
617 5275 948 5345 yslcriorum
968 5273 1416 5327 Christianorum
1442 5272 1687 5342 perfecta
1714 5277 1998 5341 revelatio,
2023 5293 2134 5332 non

553 5366 606 5419 in
657 5367 885 5433 speculo
933 5379 1129 5420 rursus
1177 5372 1231 5417 et
1275 5363 1330 5417 in
1371 5364 1659 5435 aenigmate
1686 5367 1742 5430 ⁸,
1779 5367 1940 5422 sicuti
1990 5384 2137 5424 nunc

552 5458 832 5510 obscuros
892 5469 1077 5509 rerum
1133 5455 1492 5523 qumsitarum
1544 5458 1899 5515 characteres
1938 5461 2133 5526 edens,

554 5544 653 5599 scd
692 5551 804 5597 tota
837 5559 975 5613 pure
1000 5544 1055 5598 in
1085 5546 1246 5602 nobis
1276 5546 1502 5604 elucens
1531 5558 1586 5605 et
1616 5552 1888 5620 emicans,
1932 5561 1985 5607 et
2012 5569 2135 5623 per-

556 5637 926 5694 fectissimam
991 5640 1244 5699 notitiam
1294 5642 1565 5703 inserens.
1604 5664 1624 5700 ‹
1666 5645 1822 5714 Quod
1870 5647 2019 5704 enim
2062 5662 2129 5703 ex

635 5824 658 5859 '
689 5821 980 5893 Joan.xtv,
1011 5821 1095 5880 i9.
1229 5820 1387 5881 Joan.
1424 5837 1512 5895 ιιι,
1540 5823 1628 5881 56.
1705 5823 1726 5856 ⁸
1763 5820 1784 5878 l
1819 5821 1947 5881 Cor.
1982 5834 2104 5889 xm,
2138 5818 2225 5875 i2.

2238 4465 2395 4512 σεως,
2420 4447 2676 4516 ἄγευστοι
2713 4444 2933 4516 μενοῦσι
2962 4444 3061 4514 τῆς
3103 4445 3379 4514 μακαρίας
3408 4444 3552 4515 ζωῆς
3571 4487 3588 4509 ,
3638 4446 3818 4500 καίτοι

2235 4541 2415 4594 κοινὸν
2442 4541 2553 4600 τοῖς
2592 4537 2770 4605 ἁγίοις
2810 4535 2871 4588 τὸ
2908 4534 3205 4589 ἀναὸιῶναι
3239 4535 3526 4605 λαχόντες,
3568 4536 3821 4607 παραδης

2235 4631 2318 4685 λοϊ
2340 4630 2513 4699 λέγων
2536 4647 2587 4680 ιι
2612 4628 2672 4683 '0
2694 4625 2965 4681 πιστεύων
2993 4628 3071 4689 εἰς
3093 4626 3182 4680 τὸν
3208 4626 3357 4690 Υίὸυ,
3380 4627 3490 4697 ἔχει
3518 4626 3662 4698 ζωὴν
3686 4626 3821 4681 aldi-

2234 4740 2348 4777 νιον
2373 4738 2387 4753 ο
2426 4724 2454 4775 ὁ
2485 4722 2541 4774 δὲ
2573 4719 2813 4774 ἀπειθῶν
2838 4717 2916 4789 τῷ
2948 4715 3096 4788 Υἱῷ,
3139 4719 3241 4771 οὑκ
3273 4718 3465 4788 ὄψεται
3505 4719 3606 4790 τὴν
3636 4719 3811 4791 ζωὴν,

2234 4814 2350 4869 ἀλλ’
2380 4816 2414 4885 ἡ
2462 4814 2601 4886 ὀργὴ
2645 4813 2742 4866 τοῦ
2774 4812 2909 4866 Θεοῦ
2942 4814 3093 4882 μενεί
3114 4813 3199 4864 ἐπ’
3226 4812 3407 4866 αὐτόν.
3440 4828 3467 4862 ›
3505 4810 3673 4875 Σύνες
3705 4812 3819 4881 γὰρ

2234 4907 2406 4971 ὅπως,
2437 4905 2615 4961 καίτοι
2647 4905 2863 4959 πάντων
2888 4903 3139 4976 πονηρῶν
3189 4919 3251 4956 τε
3294 4903 3387 4956 καὶ
3421 4901 3646 4971 ἀγαθῶν
3681 4904 3819 4957 ἁνα-

2236 4998 2529 5073 στήσεσθαι
2578 4997 3077 5071 προσδοκωμένων,
3114 4995 3243 5058 τοὺς
3287 4994 3507 5065 ἐνόχους
3554 4997 3665 5058 τοῖς
3713 4994 3820 5064 τῆς

2234 5090 2520 5155 ἀπειθείας
2547 5091 2887 5162 ἐγκλήμασιν
2907 5128 2922 5154 ,
2974 5087 3095 5141 οὐδὲ
3140 5088 3266 5141 ὅσον
3298 5085 3619 5155 ἀπαϐρῆσαι
3654 5087 3816 5156 μόνον

2236 5185 2370 5257 φησὶ
2396 5184 2493 5255 τὴν
2536 5183 2681 5253 ζωὴν
2701 5224 2714 5248 ,
2744 5182 2890 5247 ζωὴν
2926 5176 3065 5234 εἶναι
3099 5179 3305 5248 λέγων,
3352 5178 3475 5248 οὐχὶ
3513 5179 3735 5242 πάντως
3756 5178 3819 5232 τὸ

2235 5275 2534 5346 ἀναστῆναι
2559 5273 2747 5344 μόνον,
2797 5270 2912 5324 ἀλλ’
2942 5269 3188 5339 ἐκείνην,
3218 5262 3403 5338 οἶμαι,
3432 5268 3528 5321 καὶ
3562 5267 3712 5338 μάλα
3741 5269 3818 5320 εί-

2236 5368 2409 5431 κότως
2430 5407 2445 5431 ,
2493 5365 2591 5437 τὴν
2636 5366 2693 5417 ὲν
2740 5362 3044 5417 ἀναπαύσει
3100 5362 3195 5414 καὶ
3237 5360 3364 5431 δόξῃ
3413 5360 3507 5412 καί
3553 5362 3814 5430 τρυφαῖς,

2236 5458 2637 5530 πνευματικαῖς
2663 5456 2721 5509 δὲ
2756 5453 3018 5526 δηλονότι,
3052 5453 3148 5507 καὶ
3174 5453 3273 5524 οὐχ
3298 5451 3535 5525 ἑτέραις.
3588 5452 3817 5523 Τρυφῆς

2234 5554 2292 5607 δὲ
2319 5552 2521 5624 τρόπος
2554 5547 2923 5619 πνευματικὸς
2943 5588 2959 5614 ,
2988 5547 3021 5616 ή
3050 5545 3233 5599 τελεία
3262 5546 3391 5615 περὶ
3418 5543 3557 5597 Θεοῦ
3589 5544 3817 5613 γνῶσις,

2235 5643 2332 5699 καὶ
2368 5639 2477 5695 τῶν
2504 5638 2596 5693 ἐπὶ
2626 5634 2846 5710 Χριστῷ
2871 5634 3185 5709 μυστηρίων
3207 5633 3497 5707 ήθάκριὸὴς
3529 5633 3820 5689 ἀποκάλυ-
