3992 6316
217 326 335 384 985
1298 319 1368 377 IN
1398 320 1694 379 JOANNIS
1730 320 1805 376 EI

1904 320 2185 379 iGEIJUM
2254 321 2387 377 LIB.
2422 322 2494 379 Χ.
3385 326 3499 382 286

217 441 339 511 ψις.
368 438 475 494 οὐκ
507 439 568 493 ὲν
600 437 853 511 ἰσόπτρῳ
884 437 1048 493 πάλιν
1092 437 1186 492 καὶ
1218 438 1276 491 ὲν
1304 439 1609 510 αἰνίγματι,
1639 438 1805 494 καθά-

1919 449 2076 509 parte
2095 445 2180 495 est
2213 440 2600 508 evacuabitur,
2635 460 2653 493 ι
2683 441 2839 512 juxta
2868 442 3026 499 Pauli
3053 457 3243 498 vocem
3272 442 3337 496 ‘°.
3358 440 3500 493 Cum

220 549 334 604 περ
369 531 468 585 καὶ
515 530 614 585 νῦν
640 531 920 602 ἀμυδροὺς
957 532 1088 602 ἡμῖν
1132 529 1243 583 τῶν
1283 527 1634 601 ζητουμένων
1684 532 1805 594 τοὺς

1913 524 2046 602 ergo
2075 533 2302 588 doceret
2341 549 2444 589 nos
2475 533 2743 591 Dominus
2793 544 2982 592 noster
3028 535 3191 593 Jesus
3243 533 3497 589 Christus

220 624 585 695 χαρακτῆρας
626 623 966 694 ἐμφαίνουσα
986 662 1002 686 ,
1037 621 1152 675 ἀλλ’
1181 621 1281 693 ὅλη
1314 622 1572 693 καθαρῶς
1597 624 1654 676 ὲν
1679 624 1805 693 ἡμῖν

1910 623 2271 695 diligentibus
2320 640 2382 680 se
2427 635 2484 681 et
2511 626 2699 679 divina
2755 626 2878 696 ejus
2936 627 3201 681 mandata
3234 623 3496 679 iacienti-

216 714 618 786 διαφαινομένη
654 733 713 767 τε
752 714 845 769 καὶ
875 714 1188 784 λάμπουσα,
1215 714 1308 766 καὶ
1335 715 1686 786 τελειοτάτην
1713 715 1815 782 ἐμ-

220 805 459 860 ποιοῦσα
488 805 590 877 τὴν
624 805 853 876 εἴδησιν.
891 825 909 853 ι
961 806 1034 859 Τὸ
1057 806 1167 876 γὰρ
1200 806 1264 858 ἐκ
1298 805 1500 876 μέρους
1531 821 1814 877 καταργη-

216 898 492 969 θήσεται,
533 919 551 949 ι
596 898 740 952 κατὰ
779 899 880 967 τὴν
921 897 1014 950 τοῦ
1042 897 1257 951 Παύλου
1291 899 1496 968 φωνήν.
1536 897 1814 951 Διδάσκων

218 988 516 1059 τοιγαροῦν
568 989 717 1060 ἡμᾶς
763 988 792 1040 6
823 986 1028 1058 Κύριος
1059 985 1218 1057 ἡμῶν
1258 987 1468 1056 Ἰησοῦς
1501 988 1529 1040 6
1578 986 1813 1058 Χριστὸς

219 1081 306 1133 δτι
332 1084 446 1144 τοῖς
479 1081 702 1151 ἀγαπᾷν
733 1079 1008 1151 ἑλομένοις
1041 1077 1227 1141 αὑτὸν,
1256 1079 1351 1132 καὶ
1377 1082 1491 1142 τοῖς
1512 1078 1621 1132 τῶν
1651 1078 1817 1133 θείων

220 1171 392 1224 αὐτοῦ
445 1170 818 1243 κηρυγμάτων
869 1171 1155 1241 ἐργάταις,
1192 1170 1227 1239 ἡ
1255 1171 1353 1239 τῆς
1414 1170 1814 1239 ἀποκαλύψεως

219 1263 541 1333 ὑπόσχεσις,
561 1259 988 1334 πρεπιιιδεστέρα
1008 1260 1069 1315 τέ
1090 1263 1228 1327 ἐστι,
1249 1262 1344 1315 καὶ
1368 1264 1588 1327 οίκείως
1611 1262 1814 1334 ἔχουσα

222 1353 465 1423 μᾶλλον,
515 1355 577 1407 οὺ
615 1354 721 1426 μὴν
764 1355 876 1417 τοῖς
914 1352 1176 1408 τάναντία
1217 1354 1588 1425 πεφρονηκόσι
1621 1372 1681 1408 τε
1719 1355 1814 1409 καὶ

217 1443 957 1514 δεδρακόσι,χρησιμώτατα
1001 1445 1115 1506 τοῖς
1161 1442 1475 1514 ειρημὲνοις
1510 1444 1809 1514 ἐπήνεγκε,

217 1534 401 1602 λέγων
424 1553 438 1565 ·
489 1554 513 1589 ι
552 1535 612 1589 Ὀ
646 1534 784 1606 ἔχων
812 1534 913 1599 τὰς
938 1534 1160 1598 ἐντολάς
1204 1552 1337 1605 μου,
1378 1534 1474 1588 καὶ
1510 1535 1693 1606 τηρῶν
1715 1536 1813 1591 αὑ·-

217 1627 344 1689 τάς,
377 1620 533 1690 οὗτός
559 1628 708 1680 ἐστιν
733 1627 761 1680 6
780 1623 1011 1693 ἀγαπῶν
1044 1642 1129 1695 με.
1162 1644 1185 1677 ι
1222 1626 1378 1695 Ἔχει
1398 1625 1459 1679 δέ
1488 1642 1575 1690 τις
1594 1625 1695 1691 τὰς
1725 1626 1813 1680 ὲν·

217 1714 412 1779 τολὰς,
454 1716 557 1784 τὴν
596 1714 778 1769 πίστιν
820 1714 1304 1786 παραδεξάμενος,
1337 1716 1432 1769 καὶ
1462 1715 1551 1770 διὰ
1587 1717 1812 1787 μνήμης

1909 714 2016 769 bus
2042 715 2405 770 revelationis
2437 716 2869 785 promissionem
2913 718 3235 781 convenire,
3278 724 3332 769 et
3364 729 3494 784 pro-

1915 808 2090 877 priam
2126 822 2254 863 esse
2285 808 2468 877 potius
2503 824 2668 878 quam
2704 809 2773 863 iis
2812 809 2903 879 qui
2936 809 3219 864 contraria
3248 807 3497 861 sentiunt

1914 912 1979 953 ac
2017 898 2251 965 faciunt,
2290 900 2498 954 utiliter
2539 900 2705 956 dictis
2738 900 3048 969 subjunxit,
3074 899 3308 954 dicens:
3345 916 3362 950 ι
3390 897 3496 963 Qui

1913 989 2080 1046 habet
2115 991 2372 1046 mandata
2410 1007 2551 1056 mea,
2582 1000 2637 1048 et
2680 1001 2866 1048 servat
2895 1006 2979 1055 ca,
3013 992 3105 1046 ille
3131 999 3214 1046 est
3245 990 3337 1060 qui
3370 990 3496 1045 dili-

1914 1082 1991 1152 git
2016 1098 2101 1138 me
2142 1083 2207 1136 “.
2246 1102 2265 1135 ι
2302 1081 2353 1139 Is
2400 1092 2587 1139 autem
2634 1084 2798 1138 habet
2846 1083 3129 1144 mandata,
3175 1082 3495 1150 quicunque

1915 1176 2074 1231 ﬁdem
2109 1177 2379 1246 suscepit.
2415 1185 2470 1233 et
2496 1193 2591 1247 per
2627 1179 2826 1232 bonam
2871 1176 3191 1230 memoriam
3219 1172 3495 1242 cvangeli-

1913 1280 2102 1321 corum
2138 1276 2538 1337 prmceptorum
2589 1268 2901 1323 doctrinam
2942 1282 3134 1337 puram
3164 1281 3231 1320 ac
3265 1264 3495 1319 nitidam

1912 1369 2094 1412 mente
2129 1358 2337 1425 hausit,
2388 1375 2565 1430 eaque
2604 1370 2733 1415 actu
2782 1369 2839 1416 et
2873 1374 3041 1430 Opere
3096 1359 3385 1428 adimplet,
3437 1362 3497 1411 et

1911 1444 2184 1503 factorum
2219 1450 2516 1519 Splendore
2549 1451 2763 1506 clarere
2813 1450 3017 1506 studet.
3065 1449 3347 1504 Perfectus
3383 1448 3491 1501 ita-

1912 1554 2021 1609 que
2056 1548 2321 1611 totusque
2349 1542 2418 1596 ad
2447 1542 2706 1612 pietatem
2744 1542 3016 1597 formatus
3048 1541 3138 1596 ille
3167 1548 3253 1595 est
3297 1539 3390 1609 qui
3423 1555 3495 1594 ex

1911 1627 1999 1684 bis
2033 1628 2273 1695 duobus,
2331 1631 2437 1686 ﬁde
2486 1633 2752 1685 nimirum
2812 1642 2869 1687 et
2918 1647 3111 1702 Opere,
3180 1631 3495 1685 sanctitatis

1912 1718 2246 1776 Christianae
2299 1722 2683 1778 testimonium
2738 1723 2949 1779 habet:
3011 1742 3033 1775 ι
3084 1721 3143 1777 In
3197 1738 3295 1778 ore
3345 1724 3495 1777 enim

217 1806 436 1876 ἀγαθῆς
460 1808 541 1870 είς
564 1806 655 1859 τὸν
678 1809 874 1861 οίκεῐον
902 1807 1334 1876 είσοικισάμενσς
1363 1806 1485 1861 νοῦν
1504 1846 1522 1874 ,
1558 1808 1656 1880 τὴν

1909 1812 2143 1866 duorum
2172 1821 2267 1865 aut
2308 1813 2475 1867 trium
2506 1813 2731 1868 testium
2771 1813 2940 1868 stabit
2971 1829 3134 1868 omne
3170 1813 3422 1876 verbum,
3466 1831 3486 1863 ο

217 1898 395 1952 λωτόν
417 1915 476 1953 τε
505 1899 598 1953 καὶ
626 1899 799 1968 διειδῆ
825 1898 933 1952 τῶν
959 1899 1335 1967 εὐαγγελικῶν
1362 1900 1650 1971 δογμάτων
1680 1902 1806 1955 παί-

214 1990 439 2057 δευσιν,
474 1991 676 2061 πληροῖ
717 1991 774 2044 δὲ
814 1991 986 2054 αὐτὰς
1030 1992 1355 2061 πρακτικῶς
1387 1993 1660 2064 ἐνεργῶν,
1710 1994 1805 2049 καὶ

214 2084 287 2153 τῇ
338 2082 448 2135 τῶν
490 2082 785 2153 δρωμένων
832 2081 1179 2155 λαμπρότητι
1216 2084 1526 2157 διαπρεπὴς
1573 2086 1805 2158 ὁρᾶσθαι

215 2178 561 2242 σπουδάζων.
598 2179 818 2242 Τέλειος
841 2175 939 2234 οὖν
970 2181 1078 2251 ἄρα
1111 2181 1532 2251 καὶόλοκλήρως
1564 2183 1803 2253 ἀπηρτι-

213 2270 418 2337 σμένος
468 2272 551 2333 εἰς
579 2270 889 2333 εὐσέϐειαν,
936 2272 965 2324 6
1011 2271 1189 2325 πίστει
1240 2288 1301 2325 τε
1351 2272 1445 2326 καὶ
1492 2272 1690 2342 πράξει
1732 2274 1803 2327 δι’

214 2362 445 2431 ἀμφοῖν,
469 2361 660 2432 ὥσπερ
682 2363 773 2416 ἐπὶ
800 2362 1041 2433 ὁσιότητι
1069 2365 1135 2433 τῇ
1161 2362 1306 2416 κατὰ
1334 2365 1569 2434 Χριστὸν
1601 2382 1806 2436 μαρτυ-

216 2452 505 2523 ρούμενος.
544 2471 567 2505 ι
601 2454 727 2507 Ἐπὶ
753 2454 1019 2524 στόματος
1046 2453 1156 2523 γὰρ
1185 2453 1278 2507 δύο
1324 2453 1358 2523 ῆ
1389 2454 1556 2523 τριῶν
1599 2455 1805 2526 μαρτύ-

216 2560 330 2614 ρων
384 2544 715 2614 σταθήσεται
744 2546 851 2598 πᾶν
876 2547 941 2616 ρῆ
952 2561 1046 2615 μα,
1076 2561 1097 2594 ι
1135 2544 1278 2597 κατὰ
1304 2543 1365 2597 τὸ
1393 2547 1801 2615 γεγραμμένον.

214 2635 323 2688 Τὸν
346 2635 407 2690 δὲ
428 2636 491 2706 δὴ
513 2635 778 2700 τοιοῦτον,
810 2636 1036 2698 εἰκότως
1063 2636 1343 2705 ἀγαπήσει
1372 2634 1470 2704 μὲν
1502 2636 1530 2687 ό
1550 2636 1682 2700 Θεὸς
1707 2636 1804 2690 καὶ

215 2727 434 2798 Πατὴρ,
474 2728 752 2797 ἀγαπήσει
783 2728 839 2781 δὲ
872 2727 1023 2781 οὐδὲν
1048 2723 1210 2798 ἦττον
1235 2726 1330 2779 καὶ
1351 2727 1379 2778 6
1408 2726 1554 2789 Υίός.
1590 2727 1801 2800 ’Ὠσπερ

212 2820 330 2889 γάρ
398 2823 545 2874 ἐστιν
601 2819 915 2891 όμοούσιος,
959 2819 1103 2873 οὓτω
1171 2821 1268 2873 καί⁵
1319 2819 1677 2890 συνεθελητὴς
1721 2820 1801 2891 τῷ

219 2913 338 2983 ἰδίῳ
358 2915 659 2984 γεννήτορι.
686 2915 832 2977 Μιᾶς
850 2913 960 2982 γὰρ
980 2912 1165 2975 οὐσίας
1187 2911 1245 2964 ἓν
1267 2911 1439 2982 δήπου
1480 2911 1540 2964 τὸ
1566 2911 1798 2981 θέλημα,

215 3005 315 3059 καὶ
344 3005 548 3067 σκοπὸς
581 3006 665 3073 ἐφ’
691 3003 894 3058 ἅπασιν
932 3000 1032 3069 εἷς,
1069 3004 1164 3057 καὶ
1196 3003 1257 3056 τὸ
1293 3001 1595 3070 διαφωνοῦν
1627 3003 1796 3069 οὐδὲν,

213 3096 389 3166 ῆγουν
408 3095 491 3158 εἰς
511 3094 706 3166 ἑτέραν
740 3095 835 3148 καὶ
857 3094 1050 3166 ἑτέραν
1071 3092 1399 3163 κατασχίζον
1420 3092 1658 3164 θέλησιν.
1673 3094 1797 3158 Τοῖς
1825 3132 1866 3189 c

213 3203 283 3254 τε
312 3187 419 3256 μὴν
438 3186 541 3254 τῆς
562 3186 713 3249 θείας
732 3185 952 3255 ἀγάπης
981 3184 1303 3255 ἠξιωμένοις
1325 3183 1577 3255 λαμπρὸν
1603 3184 1798 3237 ἐπιδώ-

217 3297 334 3333 σειν
366 3281 429 3333 τὸ
450 3281 620 3350 γέρας
651 3278 1070 3346 ἐπαγγέλλεται,
1101 3277 1194 3330 καὶ
1226 3278 1308 3329 ὅτι
1333 3279 1452 3339 ταῖς
1472 3277 1613 3348 ὑπὲρ
1642 3276 1803 3346 λόγον

211 3370 415 3434 αὐτοὺς
440 3368 772 3439 καταστέψει
799 3368 1050 3438 δωρεαῖς.
1077 3386 1095 3417 ι
1118 3366 1432 3437 Ἑμφανίσω
1452 3367 1581 3439 γὰρ,
1608 3370 1795 3437 φησιν,

215 3460 369 3530 αὐτῷ
408 3460 669 3531 ἐμαυτόν.
714 3479 735 3512 ι
777 3458 1027 3530 Καθαροί
1060 3457 1171 3526 γὰρ
1206 3456 1356 3526 παρὰ
1388 3460 1501 3522 τοῖς
1539 3459 1801 3531 καθαροῖς

218 3555 270 3607 οἱ
298 3553 551 3623 περὶτῆς
588 3551 846 3614 θεοπτίας
879 3549 1092 3603 ἔσονται
1130 3547 1313 3615 λόγου
1356 3548 1653 3618 διαλάμπει
1686 3550 1743 3605 δὲ
1770 3553 1801 3605 6

214 3643 451 3713 Χριστὸς
478 3644 536 3697 ἐν
568 3643 751 3705 αὐτοῖς
771 3684 785 3707 ,
817 3641 903 3695 διὰ
930 3640 1029 3694 τοῦ
1054 3640 1183 3694 ἰδίου
1212 3639 1456 3709 δηλονότι
1479 3641 1800 3712 Πνεύματος

215 3738 300 3798 είς
331 3736 539 3789 ἕκαστα
569 3733 676 3787 τῶν
705 3733 931 3786 δεόντων
976 3730 1364 3801 φωταγωγῶν,
1401 3732 1494 3786 καὶ
1537 3734 1798 3805 ἀρρήτοις

214 3827 327 3880 τισὶ⁵
346 3824 652 3897 δᾳδουχίαις
672 3825 792 3886 ταῖς
814 3822 956 3876 κατὰ
970 3822 1061 3876 τὸν
1076 3821 1200 3875 νοῦν
1220 3821 1414 3875 ἑαυτὸν
1431 3822 1637 3877 ἐκκαλύ
1646 3840 1795 3878 πτων

215 3920 311 3973 καὶ
347 3918 566 3987 ἐμφανῆ
598 3915 879 3979 καθιστάς.
914 3916 978 3969 Οί
1006 3914 1064 3967 δὲ
1098 3914 1245 3979 ἆπαξ
1271 3913 1505 3977 ἑλόντες,
1533 3914 1798 3986 μακάριοί

213 4027 275 4063 τε
316 4011 413 4064 καὶ
459 4008 711 4076 ζηλωτοί.
768 4007 876 4060 Καί
918 4023 1010 4074 μοι
1058 4005 1206 4059 δοκεῖ
1245 4006 1485 4069 τοιοῦτός
1528 4023 1613 4069 τις
1651 4003 1792 4064 εἶναι

212 4101 391 4167 λέγων
414 4103 444 4154 6
484 4098 768 4169 προφήτης
801 4096 996 4150 Δαϐίδ’
1039 4114 1058 4147 ι
1106 4095 1436 4164 Ἀκούσομοιι
1470 4096 1524 4148 τί
1560 4097 1785 4168 λαλήσει

213 4193 275 4245 ἑν
303 4195 430 4261 ἐμοὶ
461 4190 663 4259 Κύριος
690 4190 718 4242 6
744 4186 897 4251 Θεός.
924 4206 947 4239 ι
995 4187 1107 4240 Καὶ
1138 4186 1244 4257 μὴν
1278 4186 1371 4238 καὶ
1399 4186 1562 4249 αὐτὸς
1598 4188 1731 4257 ἡμῖν
1763 4189 1799 4241 6

1906 1910 1969 1957 ut
1993 1904 2265 1973 scriptum
2293 1911 2381 1959 est
2421 1904 2485 1959 ³³.
2515 1904 2847 1975 Quicunque
2881 1921 3012 1960 vero
3045 1906 3172 1960 talis
3215 1905 3310 1968 sit,
3344 1905 3495 1959 hunc

1900 1992 2027 2063 jure
2053 1995 2198 2049 Deus
2228 2010 2292 2049 ac
2316 1993 2479 2051 Pater
2507 1997 2718 2067 diliget,
2753 2012 2856 2050 nec
2900 1998 3087 2053 ntiuus
3121 1998 3250 2052 item
3286 1996 3489 2057 Filius.

1909 2083 1980 2141 Ut
2005 2086 2151 2140 enim
2184 2086 2358 2157 838
2383 2095 2470 2142 est
2502 2087 3018 2153 consubstantialis,
3052 2089 3129 2141 ita
3163 2095 3218 2142 et
3240 2088 3492 2154 ejusdem

1903 2185 1990 2235 est
2017 2193 2142 2234 cum
2168 2177 2430 2235 Genitore
2456 2194 2561 2234 suo
2590 2180 2916 2235 voluntatis.
2954 2180 3142 2236 Unius
3168 2180 3315 2235 enim
3359 2180 3492 2235 sub-

1904 2269 2125 2326 stantia:
2166 2284 2277 2325 una
2316 2270 2512 2341 utique
2544 2278 2637 2326 est
2666 2272 2948 2338 voluntas,
2983 2287 3243 2340 unusque
3284 2286 3491 2341 scopus

1904 2359 1961 2415 in
1988 2359 2270 2424 omnibus,
2306 2374 2410 2414 nec
2450 2360 2824 2430 discrepantia
2854 2361 2986 2425 ulla,
3012 2375 3122 2430 qua
3166 2361 3219 2414 in
3268 2360 3490 2415 diversa

1904 2450 2177 2506 ferantur.
2233 2450 2609 2522 Quoscunque
2664 2468 2798 2510 vero
2847 2452 3147 2508 dilectione
3200 2468 3301 2508 sua
3342 2451 3490 2508 Deus

1902 2541 2160 2612 dignatus
2193 2540 2381 2606 fuerit,
2418 2541 2489 2595 iis
2531 2542 2750 2596 clarum
2786 2543 3075 2612 prtemium
3116 2540 3380 2597 daturum
3428 2556 3489 2598 se

1902 2633 2219 2701 pollicetur,
2252 2646 2461 2700 eosque
2492 2632 2657 2687 donis
2707 2633 2857 2687 omni
2897 2632 3150 2687 oratione
3182 2632 3487 2701 majoribus

1902 2732 2319 2778 coronatorum.
2359 2742 2378 2775 ι
2426 2721 2794 2778 Manifestabo
2825 2725 2996 2786 enim,
3029 2724 3235 2793 inquit,
3280 2724 3328 2777 ei
3373 2738 3486 2778 me-

1901 2815 2102 2884 ipsum.
2137 2834 2155 2865 ι
2193 2814 2323 2870 Puri
2363 2816 2514 2871 enim
2570 2816 2719 2885 apud
2761 2831 2929 2886 puros
2957 2821 3121 2870 erunt
3168 2814 3236 2870 de
3270 2813 3365 2868 Dei
3398 2811 3486 2867 vi-

1901 2909 2055 2963 sione
2092 2923 2415 2963 sermones:
2455 2907 2770 2977 resplendet
2797 2924 2930 2963 vero
2962 2906 3225 2961 Christus
3270 2906 3327 2960 in
3382 2910 3483 2969 iis.

1900 3015 1996 3069 per
2046 3013 2207 3055 suum
2243 3014 2439 3068 nempe
2475 2998 2741 3068 Spiritum
2784 2998 2854 3054 ad
2896 2997 3077 3053 oliicia
3123 2997 3340 3067 singula
3387 3012 3486 3052 eos

1899 3089 2196 3152 deducens,
2221 3097 2279 3144 et
2312 3089 2577 3146 ineﬂ‘abili
2610 3090 2985 3146 iiiustratione
3015 3089 3259 3160 seipsum
3293 3103 3485 3142 eorum

1903 3181 2180 3237 mentibus
2235 3182 2493 3237 revelans
2555 3190 2721 3252 atque
2770 3182 3163 3236 manifestans.
3212 3178 3320 3245 Qui
3354 3192 3486 3233 vero

1902 3273 2072 3328 semel
2106 3288 2230 3327 eum
2276 3273 2645 3343 susceperint,
2677 3273 2825 3330 beati
2857 3285 2912 3330 et
2943 3272 3276 3343 spectabiles
3301 3278 3484 3326 erunt.

1903 3362 2056 3418 Talis
2081 3364 2211 3417 mihi
2247 3364 2465 3418 videtur
2495 3364 2664 3421 David
2701 3366 2989 3435 propheta,
3021 3380 3145 3420 cum
3173 3364 3250 3416 ait
3284 3379 3296 3415 :
3338 3366 3486 3415 «Au-

1904 3454 2051 3509 diam
2100 3455 2231 3524 quid
2285 3455 2542 3525 loquatur
2583 3457 2637 3511 in
2682 3473 2769 3512 me
2826 3456 3096 3511 Dominus
3151 3454 3298 3508 Deus
3335 3453 3400 3505 ¹³.
3459 3470 3478 3502 ι

1904 3544 2050 3612 Quin
2104 3556 2158 3601 et
2207 3547 2326 3616 ipse
2375 3546 2597 3602 divinus
2651 3548 2957 3617 Apostolus
2999 3548 3297 3602 scribens:
3340 3562 3358 3595 ι
3399 3547 3481 3598 An

1900 3637 2338 3707 experimentum
2376 3639 2626 3704 quaeritis
2665 3640 2786 3707 ejus
2836 3640 2931 3709 qui
2984 3639 3039 3692 in
3098 3654 3186 3693 me
3237 3637 3484 3706 loquitur

1900 3728 2158 3784 Christus
2190 3728 2280 3782 u?
2317 3749 2335 3781 ι
2366 3728 2638 3800 Loquitur
2674 3731 2818 3786 enim
2850 3731 2902 3784 in
2932 3733 3137 3786 sanetis
3170 3745 3267 3799 per
3304 3728 3480 3798 Spiri-

1903 3826 2038 3882 tum,
2062 3828 2176 3873 tum
2196 3834 2316 3882 sua,
2346 3828 2459 3872 tum
2482 3820 2588 3873 alia
2622 3829 2883 3890 praeterea
2917 3823 3171 3877 revelans
3192 3822 3481 3893 mysteria.

1898 3908 2113 3966 Idcirco
2150 3912 2301 3967 enim
2357 3919 2414 3966 et
2468 3922 2735 3969 accurate
2787 3928 2849 3969 ea
2909 3915 3284 3983 intelligentes
3342 3913 3483 3969 alias

1897 4004 2119 4074 quidem
2153 4005 2305 4060 aiunt
2337 4023 2351 4058 :
2392 4023 2412 4056 ι
2451 4003 2621 4061 Nobis
2668 4008 2929 4061 revelavit
2961 4005 3108 4063 Deus
3157 4022 3256 4076 per
3307 4004 3484 4075 Spiri-

1898 4106 2015 4154 tum
2032 4099 2286 4166 I"palias
2305 4116 2439 4155 vero
2459 4118 2503 4154 ε(
2519 4100 2626 4155 Nos
2642 4100 3085 4156 Christisensum
3109 4098 3477 4163 habemus“,t
3581 4096 3593 4105 ’

1899 4203 2123 4244 sensum
2158 4188 2362 4243 Christi
2393 4189 2664 4259 Spiritum
2696 4191 2817 4259 ejus
2843 4207 2968 4247 esse
2994 4192 3265 4248 dicentes.

213 4285 358 4347 θεῖος
390 4281 718 4336 ἐπιστέλλων
761 4278 1080 4341 Ἀπόστολος
1102 4295 1119 4310 ’
1171 4296 1190 4329 ι
1224 4277 1286 4330 Ei
1311 4277 1543 4347 δοκιμὴν
1573 4277 1791 4347 ζητεῖτε
1826 4278 1921 4333 τοῦ
1953 4281 2011 4333 ὲν
2037 4280 2162 4350 ἐμοὶ
2190 4280 2481 4347 λαλοῦντος
2509 4282 2782 4354 Χριστοῦς
2824 4304 2844 4337 ι
2882 4284 3049 4338 Δαλεί
3108 4284 3215 4356 γὰρ
3252 4283 3312 4335 ὲν
3370 4282 3483 4345 τοῖς

214 4377 393 4445 ἁγίοις
424 4375 513 4431 διὰ
537 4374 631 4428 τοῦ
661 4372 978 4441 Πνεύματος
1005 4370 1076 4424 τὰ
1104 4369 1223 4424 καθ’
1258 4369 1472 4432 ἑαυτὸν,
1502 4370 1596 4423 καὶ
1629 4370 1795 4441 ἔτερα
1827 4372 1884 4426 δὲ
1912 4372 2049 4445 πρὸς
2069 4372 2278 4436 τούτοις
2307 4375 2708 4429 ἀποκαλύπτων
2775 4378 3070 4449 μυστήρια.
3138 4375 3239 4428 Διὰ
3261 4372 3371 4443 γάρ
3400 4387 3481 4425 τοι

212 4470 397 4531 τοῦτο,
427 4471 522 4522 καὶ
550 4466 801 4527 συνέντες
839 4462 1078 4533 ἀκριϐῶς
1114 4461 1290 4527 αὐτὰ,
1352 4461 1484 4515 ποτὲ
1541 4461 1643 4532 μὲν
1709 4463 1997 4533 λέγουσιν,
2041 4466 2122 4519 ὅτι
2194 4484 2213 4516 ι
2261 4465 2422 4536 Ἡμῖν
2479 4467 2578 4537 μὲν
2613 4467 2962 4539 ἀπεκάλυψεν
3003 4470 3037 4523 6
3071 4468 3207 4533 Θεὸς
3257 4469 3346 4522 διὰ
3386 4465 3482 4520 τοῦ

214 4560 567 4631 Πνεύματος,
596 4578 615 4610 ι
669 4559 798 4611 ποτὲ
828 4557 885 4610 δὲ
909 4556 1103 4623 πάλιν,
1131 4575 1150 4608 ι
1202 4558 1394 4628 Ἡμεῖς
1420 4558 1479 4612 δὲ
1510 4558 1636 4612 νοῦν
1663 4555 1902 4628 Χριστοῦ
1927 4556 2143 4628 ἔχομεν,
2177 4575 2195 4607 ι
2226 4555 2351 4610 νοῦν
2383 4552 2523 4610 εἶναι
2556 4558 2809 4627 λέγοντες
2871 4561 2932 4614 τὸ
2991 4558 3219 4630 Πνεῦμα
3292 4557 3477 4615 αὑτοῦ.

282 4651 456 4721 Λέγει
482 4650 644 4717 σὺτῷ
679 4652 933 4717 Ἰούδας,
965 4654 1076 4718 οὐχ
1107 4650 1561 4721 όἸσκαριώτηςο
1594 4652 1793 4719 Κύριε,

1974 4647 2117 4715 XIV,
2147 4649 2236 4704 22.
2271 4649 2413 4703 Dicit
2436 4653 2483 4705 ei
2510 4649 2706 4716 ludas,
2739 4669 2845 4707 non
2882 4654 2972 4707 ille
3004 4651 3290 4707 Iscariotes
3316 4667 3333 4705 :
3364 4649 3481 4704 Do-

214 4745 272 4799 τί
293 4743 565 4813 γέγονεν,
595 4742 681 4796 ὅτι
699 4742 843 4812 ἡμῖν
868 4742 1118 4812 μέλλεις
1140 4742 1481 4813 ἐμφανίζειν
1506 4742 1792 4808 σεαυτὸν,

1904 4740 2060 4801 mine,
2091 4741 2216 4809 quid
2257 4741 2459 4810 factum
2489 4753 2566 4797 rat
2607 4744 2737 4812 quia
2771 4745 3213 4814 manifestaturus
3242 4759 3296 4797 es
3329 4742 3479 4797 nobis

214 4835 311 4891 καὶ
343 4834 481 4902 οὐχί
507 4831 587 4899 τῷ
616 4835 858 4904 ardentm;

1904 4831 2159 4899 teipsum,
2199 4839 2248 4885 et
2277 4848 2379 4885 non
2410 4833 2606 4885 mundo
2626 4835 2652 4889 ?

295 4927 390 4992 Ἐξ
425 4926 644 4994 ἀγάπης
695 4926 792 4995 μὲν
831 4924 1046 4997 πρόεισι
1084 4924 1536 4996 φιλοπευστήσων
1565 4925 1594 4977 6
1620 4925 1797 4996 μαθη-

1976 4920 2341 4979 Siscitaturus
2398 4924 2621 4994 quidem
2669 4924 2984 4981 dilectionis
3041 4923 3091 4977 vi
3149 4929 3203 4975 ct
3237 4921 3478 4991 impulsu

214 5018 342 5089 τὴς,
379 5016 523 5089 πλὴν
560 5016 663 5070 οὐκ
686 5016 932 5087 ἀκριϐῶς
973 5018 1168 5087 ὁρᾶται
1213 5018 1395 5082 συνεὶς
1419 5016 1516 5071 τοῦ
1544 5018 1797 5090 Σωτῆρος

1904 5015 2114 5069 accedit
2148 5013 2474 5084 discipulus,
2535 5017 2632 5073 sed
2693 5034 2803 5073 non
2853 5025 3111 5071 accurate
3169 5012 3479 5069 Servatoris

213 5111 304 5164 τὸν
335 5109 517 5176 λόγον.
577 5109 641 5162 '0
671 5108 770 5178 μὲν
804 5108 914 5180 γὰρ
936 5109 1143 5177 Κύριος
1168 5111 1203 5179 ή
1213 5109 1326 5179 μῶν
1361 5108 1568 5179 Ἰησοῦς
1611 5110 1641 5162 ό
1663 5110 1798 5181 Χριι-

1904 5122 2204 5164 sermonem
2241 5122 2443 5179 capere
2468 5108 2706 5163 videtur.
2754 5108 3019 5163 Dominus
3082 5105 3226 5159 enim
3289 5114 3480 5159 noster

213 5199 336 5263 στὸς
362 5199 638 5270 ἐξαίρετόν
655 5215 779 5252 τινα
797 5200 909 5262 τοῖς
924 5197 1098 5266 ἁγίοις
1118 5199 1432 5270 ὑπισχνεῖτο
1452 5198 1551 5270 τὴν
1571 5199 1795 5267 γνῶσιν,

1904 5196 2055 5253 Iesus
2083 5198 2341 5253 Christus
2387 5199 2653 5253 eximiam
2688 5198 2988 5269 quamdam
3025 5196 3235 5252 sanetis
3287 5197 3477 5267 cogni-

212 5292 307 5346 uti.
318 5292 441 5361 οὐχὶ
455 5293 522 5362 τῇ
535 5289 645 5342 τῶν
660 5288 836 5344 ἄλλων
854 5290 1649 5362 παρεικασμένηντ’1σχνότεροι
1689 5296 1798 5364 γὰρ

211 5382 304 5436 καὶ
335 5382 483 5436 κατὰ
514 5382 655 5436 πολὺ
680 5381 1040 5454 διειδέστεροί
1054 5382 1165 5437 τῶν
1192 5382 1353 5437 θείων
1383 5383 1697 5454 μυστηρίων
1743 5385 1794 5437 oi

208 5476 565 5548 χαρακτῆρες
594 5475 654 5527 ὲν
680 5476 797 5539 τοῖς
820 5473 1133 5546 ἀνθρώποις
1153 5478 1266 5539 τοῖς
1289 5475 1459 5540 θείοις
1484 5475 1797 5547 ἐκλάμπου-

1893 5291 2101 5346 tionem
2126 5291 2526 5359 pollicebatur,
2553 5307 2656 5347 nec
2699 5290 2935 5345 aliorum
2981 5289 3285 5358 cognitioni
3321 5290 3477 5346 simi-

1892 5381 2022 5438 lem.
2055 5379 2385 5437 Subtiliores
2414 5383 2617 5453 quippe
2641 5396 2706 5436 ac
2735 5381 2906 5436 multo
2949 5382 3216 5455 clariores
3255 5381 3477 5437 divino-

1898 5488 2031 5528 rum
2056 5474 2447 5544 mysteriorum
2480 5473 2832 5529 characteres
2870 5475 2926 5529 in
2977 5473 3184 5533 divinis
3242 5473 3478 5531 homini-

276 5675 319 5706 “
361 5673 545 5746 lCor._
567 5687 689 5746 ιιιιι.
732 5672 813 5729 ll).
891 5675 946 5746 “_
978 5673 1133 5746 Joan.
1165 5674 1390 5746 armat.
1468 5677 1509 5711 η
1543 5675 1701 5734 Deut.
1737 5691 1851 5746 xix,
1878 5674 1967 5744 15;
1998 5673 2188 5731 Matth.
2221 5690 2378 5743 xvut,
2415 5676 2499 5734 1‘6.
2579 5677 2622 5715 ⁸³
2654 5675 3041 5743 Psal.t.xxxtv,
3075 5676 3131 5735 9.
3207 5672 3319 5733 ιιιι
3343 5673 3470 5733 Cor.

204 5760 323 5816 xm,
357 5747 416 5803 5.
500 5743 547 5777 ¹⁸
589 5742 607 5796 I
637 5742 765 5798 Cor.
793 5760 855 5805 ιι,
895 5744 979 5800 IO.
1034 5747 1077 5778 "
1111 5743 1246 5800 Ibid.
1278 5745 1365 5802 16.
