3992 6316
537 383 645 440 287

1527 379 1584 433 S.
1612 375 1893 433 CYRI'LLI
1927 370 2402 429 ALEXANDRINI‘
2434 375 2756 432 ARCHIEP’.

3680 370 3796 429 9.88

536 503 642 557 bus
669 501 885 555 elucent
910 518 923 554 :
953 500 1008 554 in
1041 499 1109 554 iis
1139 513 1271 554 vero
1300 501 1392 570 qui
1430 500 1670 554 nondum
1697 499 1762 552 ad
1795 513 1914 552 eam
1952 510 2103 549 men-

2208 511 2291 546 σιν
2319 510 2333 523 ·
2393 497 2450 549 ὲν
2471 497 2529 549 δὲ
2553 497 2668 558 τοῖς
2691 493 2844 548 οὔπω
2878 493 3012 565 πρὸς
3042 490 3202 545 τοῦτο
3234 490 3450 560 φρενῶν
3473 489 3790 562 καθαρότη-

537 593 607 646 tis
641 590 930 660 puritatem
990 591 1359 659 pervenerint,
1396 597 1455 643 ut
1507 590 1874 658 cognitionem
1914 603 2106 643 eorum

533 697 656 752 qua:
692 681 996 739 orationem
1036 689 1298 749 superant
1342 679 1486 733 dono
1521 678 1763 748 Spiritus
1790 679 1936 732 clare
1985 693 2107 746 pcr-

530 773 718 840 cipere
753 782 981 840 queant,
1022 773 1254 841 simplex
1286 773 1527 842 cognitio
1558 781 1855 841 spectatur,
1899 787 2019 841 qum
2053 773 2104 824 in

530 879 594 916 eo
637 871 845 917 tantum
873 863 1015 919 forte
1053 873 1305 920 versatur
1348 866 1492 934 quod
1529 865 1712 920 sciunt
1759 864 1927 918 Deum
1986 880 2117 920 esse:

531 953 833 1022 Christum,
857 964 912 1010 et
941 955 1139 1010 Filium
1168 972 1354 1011 revera
1376 956 1674 1010 secundum
1704 966 1956 1010 nat-uram
1988 956 2102 1011 Dei.

534 1043 670 1099 Cum
707 1047 876 1116 igitur
909 1056 1119 1102 tantum
1145 1048 1484 1103 discriminis
1521 1048 1841 1114 intercedat,
1883 1057 1939 1104 et
1983 1050 2105 1102 vul-

537 1136 751 1204 garium
787 1137 1070 1193 hominum
1107 1139 1348 1208 cognitio
1388 1139 1616 1192 multum
1672 1139 1740 1193 ab
1769 1154 1830 1193 ea
1879 1153 2000 1207 quae
2050 1138 2104 1191 in

537 1229 750 1283 sanctis
783 1230 1026 1284 cernitur
1053 1231 1343 1294 dissideat,
1371 1230 1523 1283 nullo
1555 1234 1733 1284 tamen
1787 1229 2106 1285 discrimine

536 1317 844 1388 discipulus
877 1320 1088 1374 accedit
1111 1335 1308 1389 rogans
1327 1320 1683 1389 quamobrem
1712 1335 1819 1373 non
1849 1321 2106 1376 omnibus

535 1410 872 1475 hominibus,
916 1411 1007 1464 sed
1043 1410 1177 1465 solis
1225 1418 1434 1463 tantum
1472 1410 1683 1464 sanctis
1733 1411 2102 1464 revelaturum

536 1514 596 1554 se
624 1499 969 1568 polliceatur.
1001 1499 1133 1554 Illud
1163 1515 1316 1564 vero,
1345 1517 1364 1550 ι
1398 1500 1527 1570 quid
1560 1499 1762 1554 factum
1791 1512 1894 1562 est,
1934 1519 1952 1552 ι
1980 1515 2104 1553 cum

534 1591 647 1654 ait,
701 1591 868 1660 829
924 1591 1031 1645 tale
1083 1592 1342 1661 quiddam
1394 1591 1626 1646 innuere
1672 1593 1812 1646 velle
1845 1592 2102 1646 videtur:

535 1683 747 1753 ScOpus
783 1685 859 1737 tui
906 1682 973 1735 ad
1020 1674 1425 1738 nos'adveutus
1484 1683 1581 1737 tibi
1626 1692 1731 1748 est,
1762 1697 1794 1736 ο
1840 1681 2101 1748 Domine,

532 1787 642 1826 non
707 1777 766 1824 ut
819 1770 1099 1839 aliquibus
1152 1771 1384 1825 seorsim
1437 1781 1599 1825 notus
1653 1770 1789 1834 ﬁas,
1828 1771 2102 1840 aliquibus

533 1881 642 1920 non
680 1866 842 1920 item:
879 1866 1191 1921 audivimus
1229 1865 1432 1935 quippe
1463 1866 1520 1918 in
1548 1865 1871 1935 prophetis:
1905 1883 1924 1916 ι
1961 1865 2099 1932 Quia

532 1958 736 2012 videbit
785 1958 965 2012 omnis
1005 1973 1136 2012 caro
1174 1958 1415 2013 salutare
1440 1957 1535 2012 Dei
1561 1958 1645 2024 ‘7;
1701 1975 1720 2009 ι
1765 1958 1859 2013 sed
1897 1966 1950 2012 et
1984 1958 2100 2028 ipse

530 2050 806 2105 clamabas
849 2050 1078 2104 dicens:
1123 2069 1140 2101 ι
1196 2049 1385 2104 Gaude
1414 2059 1467 2104 et
1527 2051 1731 2114 laetare,
1781 2049 1889 2103 lilia
1944 2048 2097 2114 Sion,

533 2142 662 2211 quia
690 2157 820 2196 ecce
854 2156 955 2210 ego
977 2141 1158 2204 venio,
1187 2149 1241 2196 et
1266 2142 1530 2197 habitabo
1551 2143 1604 2196 in
1633 2143 1814 2197 medio
1841 2144 1939 2205 tui,
1965 2142 2102 2197 dicit

534 2231 818 2297 Dominus,
851 2239 904 2284 et
934 2232 1252 2303 confugient
1285 2241 1477 2304 gentes
1499 2235 1681 2288 multa:
1707 2235 1774 2288 ad
1806 2234 2100 2290 Dominum

532 2324 586 2377 in
617 2323 706 2377 die
733 2323 846 2384 illa,
871 2333 923 2378 et
946 2333 1107 2378 erunt
1127 2325 1176 2379 ei
1212 2327 1264 2378 in
1292 2326 1548 2395 populum
1579 2327 1640 2381 ⁸⁸.
1689 2346 1707 2379 ι
1745 2327 1849 2399 lpsi
1885 2345 2103 2399 quoque

529 2413 847 2482 congregati
907 2414 1133 2469 auribus
1188 2416 1398 2470 nostris
1452 2416 1800 2481 audivimus,
1857 2432 1980 2471 cum
2033 2417 2102 2471 ad

532 2518 634 2557 nos
665 2502 912 2558 diceres:
956 2523 975 2554 ‹
1013 2503 1246 2569 Quando
1299 2507 1569 2560 exaltatus
1607 2507 1760 2561 fuero
1821 2507 1890 2563 de
1935 2517 2100 2575 terra,

531 2595 716 2649 omnia
747 2595 961 2649 traham
987 2595 1054 2649 ad
1087 2595 1356 2666 meipsum
1381 2597 1444 2649 η.
1479 2615 1497 2648 ι
1532 2597 1674 2662 Quin
1708 2607 1762 2654 et
1787 2598 1854 2653 ad
1883 2598 2101 2656 Judaeos

531 2689 716 2744 dixisti
756 2709 767 2743 :
806 2709 824 2740 ι
845 2688 982 2755 Quia
1008 2699 1061 2746 et
1090 2691 1224 2747 alias
1250 2708 1378 2747 oves
1401 2693 1576 2748 habeo
1598 2709 1717 2763 quae
1744 2710 1852 2750 non
1879 2705 2009 2750 sunt
2036 2712 2099 2751 ex

529 2780 635 2835 hoc
667 2781 837 2836 ovili:
878 2789 932 2836 et
988 2783 1111 2837 illas
1167 2791 1382 2853 oportet
1445 2800 1532 2840 me
1570 2785 1866 2852 adducere,
1899 2797 1955 2842 et
2013 2788 2103 2843 ﬁet

529 2886 702 2924 unum
745 2874 910 2935 ovile,
962 2880 1016 2928 et
1061 2889 1204 2929 unus
1251 2877 1524 2944 pastor".
1577 2895 1596 2927 ›
1640 2876 1776 2931 Cum
1833 2878 1998 2947 igitur
2047 2881 2102 2935 in

529 2977 722 3018 omnes
755 2965 932 3033 gratia
963 2979 1057 3033 per
1091 2976 1142 3019 te
1171 2974 1459 3018 manatura
1496 2974 1774 3034 speretur,
1804 2983 2104 3040 0111116811116

531 3055 596 3108 ad
629 3053 726 3108 Dei
764 3056 1136 3126 cognitionem
1171 3065 1562 3128 congregatum
1589 3059 1658 3114 iri
1689 3067 1747 3114 tu
1775 3061 1935 3117 nobis
1958 3063 2104 3118 clare

2207 603 2298 649 τος
2328 587 2670 657 ἀφιγμένοις,
2697 587 2772 649 ὡς
2794 586 2934 638 ἑλεῖν
2949 583 3208 638 δύνασθαι
3229 581 3495 653 λαμπρῶς
3509 581 3621 635 τῶν
3647 582 3802 654 ὑπὲρ

2207 678 2361 746 λόγον
2387 679 2484 748 τὴν
2514 678 2718 748 εἴδησιν
2751 677 2838 731 διὰ
2867 679 2968 748 τῆς
3001 675 3093 729 τοῦ
3116 673 3433 744 Πνεύματος
3467 674 3704 745 δωρεᾶς,
3732 677 3790 726 ὲν

2207 770 2396 833 άπλοῖς
2429 772 2460 840 ή
2512 770 2712 838 γνῶσις
2741 770 2933 841 ὁρᾶται
2956 768 3238 837 λογισμοῖς
3258 805 3272 829 ,
3326 767 3419 818 καὶ
3450 765 3598 818 κατὰ
3627 768 3789 835 μόνον

2206 860 2323 913 ἐστὶ
2351 861 2413 913 τὸ
2456 861 2656 915 είδέναι
2683 862 2843 932 τυχὸν
2877 861 2959 912 ὅτι
2985 858 3117 921 Θεός
3150 859 3298 910 ἐστιν
3326 859 3354 910 6
3395 857 3652 928 Χριστὸς,
3695 859 3791 911 καὶ

2207 950 2334 1013 Υἱὸς
2357 950 2572 1021 ἀληθῶς
2601 950 2696 1003 τοῦ
2731 949 2872 1004 κατὰ
2894 947 3055 1018 φύσιν
3076 946 3246 1000 Θεοῦ.-
3259 948 3540 1017 Τοσαύτης
3567 964 3793 1017 τοιγαρ-

2205 1041 2298 1093 οῦν
2325 1041 2526 1110 μεταξὺ
2559 1040 2845 1112 χωρούσης
2887 1040 2988 1110 τῆς
3015 1038 3278 1108 διαφορᾶς
3299 1080 3312 1101 ,
3356 1039 3457 1091 καὶ·
3473 1037 3618 1091 κατὰ
3653 1037 3788 1091 πολὺ

2204 1136 2548 1207 διειργούσης
2580 1136 2686 1189 τῶν
2726 1134 2995 1204 ἁγελαίων
3037 1133 3136 1204 τὴν
3178 1132 3384 1203 γνῶσιν
3420 1132 3520 1201 τῆς
3563 1133 3622 1183 ἐν
3673 1133 3802 1192 τοῖς,

2207 1227 2382 1294 ἁγίοις
2413 1225 2822 1296 θεωρουμένης,
2866 1225 3238 1295 ἀδιαφορήσας
3279 1225 3313 1276 6
3344 1222 3596 1293 μαθητὴς
3625 1222 3790 1290 πρόσ-

2205 1335 2344 1370 εισιν
2366 1316 2588 1388 ἐρωτῶν
2605 1317 2720 1370 ἀνθ’
2747 1317 2868 1370 ὅτου
2891 1316 2966 1388 μὴ
2990 1318 3156 1370 πᾶσιν
3186 1318 3297 1380 τοῖς
3320 1315 3460 1369 κατὰ
3486 1317 3586 1386 τὴν
3613 1317 3788 1369 οἰκου-

2209 1409 2378 1479 μένην
2430 1407 2803 1476 ἀποκαλύψειν
2841 1407 3067 1472 ἑαυτὸν,
3129 1407 3313 1478 μόνοις
3346 1407 3402 1460 δὲ
3449 1409 3560 1470 τοῖς
3610 1407 3789 1474 ἁγίοις

2207 1499 2622 1568 ἐπαγγέλλεται.
2679 1500 2753 1553 Τὸ
2781 1500 2840 1552 δὲ
2877 1519 2894 1551 ι
2924 1500 2977 1552 τί
3007 1500 3229 1568 γέγονεν
3259 1518 3278 1550 ι
3315 1498 3590 1560 ἀναϐοῶν,
3641 1497 3788 1550 ἔοικέ

2203 1611 2256 1645 τι
2287 1591 2529 1645 τοιοῦτον
2558 1590 2966 1644 ύπαινίττεσθαι
3008 1590 3204 1646 θέλειν.
3261 1591 3468 1653 Σκοπός
3503 1607 3608 1654 σοι,
3630 1591 3786 1660 φησὶ,

2204 1688 2302 1756 τῆς
2330 1686 2408 1748 είς
2444 1685 2591 1754 ἡμᾶς
2628 1683 2897 1751 ἀφίξεως,
2930 1676 2975 1736 ὦ
3013 1683 3294 1746 Δέσποτα,
3324 1681 3384 1734 τὸ
3431 1682 3505 1753 μὴ
3541 1683 3651 1734 τισὶ
3689 1683 3790 1752 μὲν

2206 1776 2309 1831 ἀνὰ
2340 1775 2504 1847 μέρος
2523 1774 2907 1843 γινώσκεσθαι,
2932 1773 3043 1826 τισὶ
3062 1773 3115 1826 δὲ
3136 1774 3320 1826 οὐκέτι
3343 1789 3356 1802 ·
3382 1774 3656 1843 ἠκούομεν
3677 1775 3792 1840 γάρ

2206 1871 2262 1922 ἐν
2289 1868 2626 1940 προφήταιςο
2663 1886 2682 1918 ‹
2711 1867 2834 1920 Ὀτι
2865 1866 3057 1936 ὄψεται
3085 1867 3236 1918 πᾶσα
3264 1863 3400 1936 σὰρξ
3421 1865 3481 1918 τὺ
3516 1866 3790 1936 σωτήριον

2201 1960 2295 2014 τοῦ
2332 1960 2486 2013 Θεοῦ.
2524 1979 2542 2011 ι
2574 1959 2734 2014 Ἀλλά
2761 1959 2855 2013 καὶ
2881 1959 3045 2023 αὐτὸς
3067 1957 3296 2027 ὲφώνεις
3327 1958 3494 2028 βοῶν·
3525 1977 3544 2009 ι
3571 1958 3800 2029 Τέρπου-

2203 2055 2296 2107 καὶ
2322 2053 2645 2124 εὐφραίνου,
2676 2051 2914 2122 θύγατερ
2935 2051 3097 2115 Σιὼν,
3129 2051 3212 2104 ὅτι
3243 2050 3351 2104 ἰδοὺ
3382 2049 3492 2118 ἐγὼ
3516 2049 3782 2120 ἔρχομαι,

2203 2148 2296 2200 καὶ
2339 2145 2749 2216 κατασκηνώσω
2780 2147 2838 2199 ὲν
2875 2145 3024 2215 μέσῳ
3061 2161 3184 2208 σου,
3240 2143 3388 2212 λέγει
3426 2143 3665 2211 Κύριος,
3689 2144 3795 2196 καὶ·

2203 2224 2632 2306 κατάφεύξονται
2673 2237 2800 2308 ἔθνη
2842 2237 3014 2290 πολλὰ
3058 2236 3194 2308 πρὸς
3235 2236 3327 2290 τὸν
3357 2235 3560 2306 Κύριον
3604 2238 3665 2289 ὲν
3716 2239 3783 2308 τῇ

2203 2331 2385 2403 ἡμέρᾳ.
2417 2331 2618 2403 ἐκείνῃ,
2649 2330 2746 2383 καὶ
2766 2327 2982 2381 ἔσονται
3015 2326 3163 2398 αύτῷ
3197 2329 3275 2390 εἰς
3297 2326 3444 2382 λαόν.
3471 2345 3490 2378 ›
3525 2325 3787 2389 Συνόντες

2201 2425 2258 2477 δὲ
2292 2425 2385 2478 καὶ
2417 2422 2878 2495 συνδιατρίϐοντες
2924 2424 3180 2491 αὐτήκοοι
3205 2421 3305 2490 τῆς
3350 2422 3449 2490 σῆς
3481 2417 3786 2488 γεγενημέ-

2203 2532 2282 2569 νοι
2311 2515 2532 2583 φωνῆς,
2577 2515 2703 2568 ὅταν
2759 2513 2894 2584 πρὸς
2928 2513 3074 2583 ἡμᾶς
3112 2511 3250 2580 ἔφης
3272 2527 3284 2540 ’
3333 2529 3351 2562 ι
3376 2511 3544 2564 Ὅταν
3582 2509 3801 2578 ὑψωθῶ-

2203 2607 2268 2658 ὲκ
2290 2604 2390 2673 τῆς
2427 2605 2533 2675 γῆς
2555 2645 2568 2668 ,
2622 2603 2828 2667 πάντας
2859 2603 3072 2657 ἑλκύσω
3106 2603 3251 2673 πρὸς·
3271 2601 3527 2673 ἐμαυτόν.
3560 2620 3578 2653 ι
3623 2601 3787 2655 Ἀλλὰ

2203 2697 2302 2750 καὶ
2331 2696 2464 2767 πρὸς
2495 2695 2692 2756 αὐτοὺς
2715 2695 2936 2766 εἴρηκεν
2969 2695 3285 2758 Ἰουδαίους*
3324 2711 3342 2745 ι
3375 2695 3497 2747 Ὅτι
3531 2693 3627 2746 καὶ
3649 2693 3790 2746 ἄλλα

2205 2788 2451 2860 πρόϐατα
2471 2786 2636 2856 ἔχω,ἂ
2655 2789 2755 2840 ούκ
2776 2786 2921 2840 ἔστιν
2939 2788 3000 2840 ὲκ
3017 2787 3116 2855 τῆς
3133 2786 3302 2857 αύλῆς
3319 2785 3794 2855 ταύτηςαάκεῖνάι

2207 2893 2275 2945 με
2303 2875 2383 2928 δεῖ
2402 2875 2659 2943 ἀγαγεῖν,
2691 2876 2785 2928 καὶ
2810 2877 3128 2947 γενήσονται
3161 2876 3257 2946 μία
3279 2875 3483 2946 ποίμνη
3503 2915 3518 2939 ,
3551 2871 3631 2939 εἷς
3662 2894 3786 2930 ποι-

2207 2969 2332 3041 μήν.
2375 2989 2393 3021 ›
2431 2969 2640 3023 Οὗκοῦν
2683 2970 2774 3023 ἐπὶ
2809 2969 3016 3033 πάντας
3068 2970 3288 3023 ἔσεσθαι
3326 2970 3788 3042 προσδοκωμένης

2204 3063 2301 3133 τῆς
2325 3062 2412 3115 διὰ
2449 3061 2542 3114 σοῦ
2588 3061 2840 3132 χάριτος,
2887 3063 2980 3116 καὶ
3029 3063 3235 3125 πάντας
3283 3062 3795 3134 σαγηνευθήσεσθαι-

529 3146 893 3216 promiseris,
946 3157 1002 3203 et
1059 3159 1378 3204 sanctorum
1427 3152 1815 3221 prophetarum
1868 3155 1921 3210 id
1969 3172 2103 3213 voce

2207 3153 2344 3224 πρὸς
2361 3153 2710 3221 θεογνωσίαν,
2735 3154 2828 3207 σοῦ
2851 3173 2910 3208 τε
2935 3156 3064 3226 ἡμῖν
3087 3154 3557 3225 ἐπαγγειλαμένου
3576 3155 3784 3223 σαφῶς,

531 3237 914 3301 conﬁrmetur,
947 3239 1079 3310 quid
1115 3241 1320 3295 factum
1358 3244 1483 3298 est?
1511 3259 1752 3315 quonam
1801 3247 1968 3315 abiit,
2019 3249 2104 3303 in-

530 3329 674 3399 quit,
729 3339 823 3384 aut
877 3347 1116 3403 quonam
1184 3335 1488 3391 translatus
1556 3346 1642 3392 est
1711 3339 2103 3407 promissionis

538 3422 779 3489 scopus?
821 3437 922 3477 cur
964 3439 1097 3479 vero
1143 3425 1564 3484 non'omnibus
1618 3429 1956 3498 hominibus,
2007 3433 2101 3488 sed

529 3511 692 3566 nobis
719 3510 986 3568 duntaxat
1010 3523 1062 3570 te
1091 3515 1455 3573 manifestas?
1479 3517 1582 3575 Hic
1609 3535 1740 3591 ergo
1772 3537 1966 3579 sensus
1995 3531 2100 3591 est,

529 3601 756 3669 opinor,
795 3604 1089 3660 verborum
1142 3605 1404 3678 discipuli
1444 3611 1620 3681 :quid
1659 3621 1841 3668 autem
1892 3627 1922 3666 a
1974 3629 2104 3669 vera

531 3694 802 3748 sententia
828 3710 950 3750 eum
988 3696 1299 3766 abduxerit,
1326 3716 1507 3770 operae
1548 3704 1783 3771 pretium
1809 3714 1894 3761 est
1927 3715 2105 3762 osten-

529 3784 678 3840 dere.
696 3785 961 3843 Dominus
985 3797 1174 3845 noster
1193 3789 1353 3849 Iesus
1371 3792 1634 3850 Christus
1665 3795 1911 3852 dixerat:
1941 3818 1958 3850 ι
1992 3797 2105 3854 Mo-

527 3876 816 3943 dicum,et
863 3882 1102 3938 mundus
1143 3899 1232 3939 me
1281 3886 1394 3954 jam
1457 3902 1566 3942 non
1615 3888 1806 3956 videt;
1873 3905 1968 3945 vos
2014 3905 2107 3946 au-

529 3971 638 4021 tem
698 3967 898 4023 videtis
949 3986 1036 4025 me
1067 3973 1136 4027 ".
1189 3991 1209 4026 ι
1259 3975 1425 4046 Atqui
1480 3977 1836 4033 manifestum
1899 3987 1986 4035 est
2029 3979 2104 4036 ibi

530 4071 656 4111 eum
689 4060 950 4116 mundum
979 4062 1185 4131 dicere,
1226 4082 1334 4121 non
1371 4083 1560 4124 omnes
1593 4070 1688 4138 qui
1723 4070 1779 4124 in
1821 4078 1968 4127 terra
2005 4072 2104 4129 de-

532 4157 666 4219 gunt
719 4151 970 4209 homines
1002 4173 1015 4208 :
1058 4171 1248 4212 omnes
1284 4159 1486 4229 quippe
1527 4160 1652 4214 boni
1691 4176 1757 4217 ac
1794 4163 1922 4217 mali
1975 4172 2107 4219 sunt

531 4243 586 4297 in
618 4244 721 4299 hoc
749 4246 984 4316 mundo;
1015 4251 1112 4305 sed
1149 4251 1414 4306 mundum
1443 4267 1539 4308 eos
1568 4257 1889 4310 nominasse
1919 4257 2104 4324 potius

531 4336 622 4404 qui
658 4342 878 4394 terrena
921 4341 1143 4410 sapiunt
1165 4343 1233 4406 “,
1265 4351 1320 4399 et
1340 4345 1435 4414 qui
1467 4346 1699 4401 vanitati
1729 4349 1924 4403 mundi
1947 4365 2104 4404 suam

530 4436 766 4484 mentem
800 4431 1118 4500 subjiciunt.
1164 4433 1281 4489 Hoc
1315 4435 1483 4506 igitur
1506 4451 1632 4490 cum
1665 4453 1773 4492 non
1821 4439 1960 4495 satis
2007 4455 2103 4495 ca-

531 4529 687 4591 peret
743 4522 1085 4594 discipulus,
1134 4527 1473 4582 existimavit
1523 4529 1706 4598 ipsum
1761 4530 1990 4596 dicere,
2044 4547 2104 4588 se

529 4612 868 4682 reliquorum
901 4619 1149 4672 omnium
1187 4618 1470 4673 hominum
1513 4620 1712 4684 oculis,
1749 4621 2102 4680 interioribus

529 4705 833 4773 nimirum,
885 4718 1092 4765 tectum
1157 4711 1265 4776 iri,
1326 4719 1380 4766 et
1449 4714 1936 4784 inconspicabilem
1987 4717 2103 4772 fore

530 4812 784 4868 prorsus,
821 4817 923 4856 nec
951 4803 1044 4856 ulli
1081 4803 1361 4872 cognitum
1407 4805 1473 4859 iri
1521 4806 1626 4860 nisi
1678 4807 1795 4862 suis
1833 4806 2104 4862 duntaxat

531 4891 851 4963 discipulis:
889 4895 1004 4949 haec
1033 4895 1398 4965 ignorationis
1435 4898 1484 4952 ei
1516 4913 1685 4954 causa
1728 4899 1854 4953 fuit.
1890 4899 2108 4970 Quippe

530 4983 581 5039 si
610 4984 971 5041 intellexisset
1022 4986 1204 5052 initio,
1256 5003 1367 5042 non
1398 4989 1589 5058 utique
1634 4991 1964 5046 accessisset
2012 5006 2107 5047 ro-

529 5089 711 5144 gans:
751 5094 770 5127 ¢
799 5075 938 5141 Quid
973 5073 1178 5129 factum
1218 5086 1323 5144 est,
1374 5079 1506 5148 quia
1555 5080 2010 5136 manifestaturus
2047 5097 2108 5138 es

527 5166 690 5220 nobis
719 5167 979 5236 teipsum,
1015 5173 1070 5220 et
1103 5183 1213 5222 non
1239 5170 1480 5224 mundo?
1501 5189 1518 5221 ι
1550 5173 1610 5224 In
1630 5186 1747 5226 eam
1778 5172 1945 5241 igitur
1974 5187 2103 5227 sen-

527 5247 756 5309 tentiam
807 5254 1074 5310 adductus
1126 5266 1252 5322 est,
1296 5259 1454 5328 juxta
1489 5261 1671 5315 tritam
1726 5272 1780 5316 et
1824 5261 2101 5332 vulgatam

528 5344 792 5410 loquendi
823 5347 1284 5404 consuetudinem
1325 5350 1474 5407 vocis
1504 5351 1669 5423 hujus
1701 5352 2104 5422 siguilicatione

530 5433 834 5490 intellecta.
879 5436 1140 5494 Mundum
1197 5441 1399 5514 quippe
1441 5445 1606 5515 vulgo
1639 5446 2106 5515 nominarctsole-

529 5536 675 5589 mus,
725 5538 918 5584 omnes
965 5529 1060 5601 qui
1109 5531 1166 5588 in
1198 5533 1458 5591 universo
1509 5536 1717 5593 mundo
1757 5545 1906 5606 sunt,
1963 5545 2022 5591 ut
2058 5535 2105 5592 si

603 5696 790 5780 ’ζιελ
821 5723 907 5780 ιι,
939 5709 991 5768 5.

1104 5711 1146 5744 ιε
1186 5710 1416 5772 Zachar.
1451 5728 1512 5781 ιι,
1546 5714 1628 5780 10,
1673 5715 1758 5772 il.

531 5785 622 5841 Ιιι,
661 5769 746 5829 19.

2134 4499 2181 4554 D

1879 5716 1918 5800 ξ’
1957 5712 2114 5770 Joan.
2153 5714 2221 5779 x',
2257 5709 2347 5766 52.

2205 3247 2299 3314 καὶ⁸
2341 3246 2440 3316 τῆς
2491 3247 2599 3300 τῶν
2653 3247 2825 3316 ἁγίων
2883 3247 3182 3319 προφητῶν
3235 3247 3792 3319 διαμαρτυρουμένης

2205 3337 2410 3408 φωνῆς,
2441 3338 2494 3391 τί
2519 3339 2708 3407 γέγονε
2729 3379 2744 3402 ,
2800 3342 2874 3410 πῆ
2906 3339 2969 3410 δὴ
3000 3339 3266 3410 μετέστη,
3294 3337 3460 3408 φησὶ,
3492 3339 3590 3392 καὶ
3621 3356 3788 3410 μετα·

2204 3429 2439 3483 τέθειται
2463 3432 2563 3500 τῆς
2605 3431 2937 3499 ἐπαγγελίας
2958 3432 2986 3485 ὁ
3009 3431 3210 3494 σκοπός
3235 3449 3249 3498 ;
3301 3433 3366 3484 Τί
3391 3431 3447 3484 δὲ
3483 3431 3584 3502 οὐχ
3611 3433 3786 3487 ἅπασι

2204 3521 2316 3583 τοῖς
2344 3520 2485 3574 κατὰ
2504 3521 2594 3573 τὸν
2617 3521 2818 3592 κόσμον
2839 3521 3156 3594 ἐμφανίζεις
3178 3522 3422 3584 σεαυτὸν,
3447 3523 3584 3576 ἀλλὰ
3604 3524 3789 3593 μόνοις

2205 3613 2336 3683 ἡμῖν
2362 3631 2376 3679 ;
2413 3606 2582 3677 Οὗτος
2607 3614 2704 3682 μὲν
2732 3610 2844 3680 οῦν,
2877 3615 2971 3668 καὶ
2999 3615 3097 3685 οὐχ
3119 3616 3325 3685 ἕτερος,
3356 3611 3530 3686 οἶμαι,
3559 3617 3669 3670 τῶν
3691 3617 3796 3670 τοῦ·

2208 3703 2450 3776 μαθητοῦ
2489 3705 2748 3777 ῥημάτων
2779 3706 2808 3759 6
2845 3705 2967 3769 νοῦς
2986 3723 3000 3736 ·
3042 3706 3093 3759 τί
3119 3707 3174 3759 δὲ
3203 3707 3310 3778 ἄρα
3352 3706 3412 3759 τὸ
3435 3707 3788 3777 άποκομίσαν

2205 3796 2367 3849 αὐτὸν
2415 3795 2515 3864 τῆς
2561 3794 2794 3866 ἀληθοῦς
2840 3797 3175 3867 διαλήψεως,
3219 3799 3541 3868 παραδεῖξαι
3596 3798 3783 3852 καλόν.

2218 3887 2276 3940 '0
2314 3887 2412 3957 μὲν
2438 3886 2546 3958 γὰρ
2575 3886 2780 3956 Κύριος
2801 3889 2959 3958 ἡμῶν
2993 3888 3201 3958 Ἰησοῦς
3229 3889 3258 3941 6
3291 3889 3524 3962 Χριστὸς
3550 3888 3784 3957 ἔφασκε)

2213 3994 2231 4027 ι
2262 3975 2473 4046 Μικρὸν
2496 4016 2512 4040 ,
2556 3976 2651 4029 καὶ
2675 3978 2704 4030 6
2731 3977 2934 4047 κόσμος
2970 3995 3036 4048 με
3058 3979 3242 4033 οὐκέτι
3273 3979 3496 4052 θεωρεῖ,
3538 3981 3700 4050 ὑμεῖς
3729 3981 3786 4034 δὲ

2207 4067 2462 4138 θεωρεῖτέ
2499 4085 2584 4138 με.
2617 4087 2636 4121 ι
2681 4068 2822 4122 Ἀλλ’
2843 4064 2913 4140 ἦν
2943 4071 3111 4141 δήπου
3137 4071 3236 4124 καὶ
3261 4070 3406 4141 μάλα
3444 4071 3632 4139 σαφῶς
3670 4070 3782 4143 [Ισ.

2209 4158 2418 4230 σαφὲς],
2439 4160 2518 4213 ὅτι
2545 4160 2748 4231 κόσμον
2776 4161 2833 4212 ἐν
2853 4161 3083 4226 τούτοις,
3100 4163 3221 4232 οὒχὶ
3245 4164 3450 4225 πάντας
3477 4165 3605 4228 τοὺς
3624 4163 3786 4226 ὄντας

2206 4251 2263 4303 ἐν
2291 4250 2428 4320 τῷδε
2447 4249 2525 4321 τῷ
2555 4250 2656 4321 βίῳ
2696 4252 2880 4321 φησὶν,
2903 4253 3022 4322 ἦτοι
3054 4252 3352 4316 διαζῶντας
3381 4254 3472 4307 ἐπὶ
3501 4257 3602 4324 τῆς
3634 4254 3743 4324 γῆς
3767 4271 3783 4283 ⁸

2205 4340 2411 4405 πάντες
2443 4341 2552 4413 γάρ
2583 4343 2720 4395 εἰσιν
2752 4342 2810 4395 ἐν
2841 4341 2976 4412 τῷδε
3020 4342 3100 4413 τῷ
3130 4343 3319 4414 κόσμῳ
3348 4347 3574 4416 πονηροί
3604 4363 3665 4399 τε
3693 4346 3784 4398 καὶ

2206 4430 2400 4500 ἀγαθοί
2420 4448 2434 4461 ·
2479 4431 2683 4503 κόσμον
2709 4432 2766 4485 δὲ
2799 4432 3051 4502 ὠνόμασε
3081 4433 3280 4503 μᾶλλον
3307 4435 3434 4499 τοὺς
3479 4437 3547 4488 τὰ
3565 4437 3788 4505 ἐπίγεια

2208 4525 2424 4593 φρονεῖν
2469 4523 3007 4594 ἀναπεπεισμένους,
3065 4525 3160 4578 καὶ
3202 4527 3268 4595 τῇ
3319 4527 3642 4596 ματαιότητι
3687 4526 3784 4580 τοῦ

2208 4613 2414 4682 κόσμου
2441 4613 2502 4666 τὸ
2527 4614 2722 4668 οίκεῖον
2746 4613 3140 4679 ὑποζεύξαντες
3177 4617 3449 4687 φρόνημα.
3474 4617 3647 4672 Τοῦτο
3673 4637 3788 4672 τοι-

2209 4703 2414 4775 γαροῦν
2463 4705 2525 4758 ού
2556 4706 2759 4777 σφόδρα
2801 4707 2980 4770 συνεὶς
3023 4708 3052 4760 ὁ
3095 4707 3371 4779 μαθητὴς,
3415 4709 3566 4781 ᾠήθη
3605 4710 3785 4779 λέγειν

2209 4795 2401 4861 αὐτὸν,
2447 4797 2666 4851 ὅτιτῶν
2693 4799 2790 4869 μὲν
2832 4799 3004 4853 ἄλλων
3048 4799 3306 4855 ἁπάντων
3352 4802 3691 4873 ἀνθρώπων,
3735 4803 3788 4856 οῖ

2212 4885 2307 4940 καὶ
2335 4886 2482 4940 τόνδε
2509 4887 2600 4942 τὸν
2626 4887 2898 4959 περίγειον
2921 4889 3127 4942 οἰκοῦσι
3159 4890 3354 4960 χῶρον,
3386 4893 3477 4946 τὸν
3506 4891 3788 4964 ὀφθαλμὸν

2209 4979 2550 5049 διαλήσεται,
2598 4980 2741 5050 φημὶ
2769 4980 2827 5033 δὲ
2860 4980 2952 5034 τὸν
2982 4980 3090 5033 ἔσω
3121 4982 3216 5035 καὶ
3246 4983 3634 5052 κεκρυμμένον
3653 5025 3666 5046 ,
3691 4987 3786 5037 καὶ

2210 5070 2452 5135 ἄποπτος
2475 5070 2626 5124 ἔσται
2649 5069 2947 5135 παντελῶς,
2975 5071 3151 5124 οὐδενὶ
3171 5070 3279 5124 τῶν
3314 5071 3498 5126 ὄντων
3517 5071 3814 5154 γινωσκό-1

2214 5180 2394 5233 μενος,
2425 5161 2563 5233 πλὴν
2589 5161 2770 5232 μόνοις
2797 5163 2911 5224 τοῖς
2937 5161 3130 5214 ἑαυτοῦ
3159 5161 3429 5232 μαθηταῖς
3453 5179 3467 5193 ·
3496 5163 3659 5217 τοῦτο
3687 5165 3787 5234 τῆς

2209 5255 2432 5324 ἀγνοίας
2475 5253 2622 5324 αὐτῷ
2667 5253 2888 5322 γέγονεν
2915 5252 3108 5307 αἴτιον.
3169 5252 3232 5306 Εἰ
3273 5253 3384 5324 γὰρ
3444 5255 3678 5325 συνῆκεν
3727 5258 3788 5308 ὲν

2207 5347 2536 5420 ἀρχαῖς,οὐκ
2562 5345 2628 5399 ἂν
2650 5344 2785 5408 ὅλως
2810 5343 3113 5415 προσῆλθεν
3131 5345 3370 5415 ἐρωτῶν·
3405 5364 3422 5396 ι
3449 5345 3513 5397 Τί
3541 5347 3785 5415 γέγονεν,

2205 5441 2287 5495 ὅτι
2336 5441 2469 5510 ἡμῖν
2499 5436 2716 5509 μέλλεις
2757 5435 3078 5507 ἐμφανίζειν
3128 5435 3387 5502 σεαυτὸν,
3429 5436 3525 5490 καὶ
3554 5437 3676 5508 οὐχὶ
3705 5438 3786 5508 τῷ

2209 5533 2427 5601 κόσμῳς
2464 5549 2484 5581 ι
2504 5527 2812 5600 ’Υπηνέχθη
2839 5527 2938 5600 μὲν
2964 5523 3055 5582 οῦν
3079 5527 3139 5581 τὸ
3164 5528 3290 5599 τῇδε
3320 5530 3484 5594 νοεῖν,
3511 5529 3707 5593 κοινῶς
3724 5546 3784 5582 τε

2462 5708 2506 5740 ὀ
2545 5705 2679 5764 ibid.
2716 5706 2803 5764 16.
2883 5707 2925 5741 ἰ
2967 5704 3124 5764 Joan.
3179 5722 3290 5777 xw,
3324 5708 3410 5764 l9.
3459 5702 3503 5734 ²¹
3543 5705 3778 5778 Philipp.
