3992 6316
159 226 267 287 289

1146 225 1214 283 lN
1249 224 1540 284 JOANNIS
1577 223 2030 283 EVANGELIUM
2066 225 2199 283 LIB.
2243 226 2310 283 Χ.

3296 234 3406 292 290

160 341 256 401 καὶ
275 340 601 414 εἰθισμένως
621 343 732 407 τοῖς
751 342 932 407 ἀλλοις
951 341 1048 413 τὴν
1066 345 1130 397 ἐκ
1151 343 1249 399 τοῦ
1273 344 1538 416 ὀνόματος
1563 361 1629 417 ση
1639 362 1726 417 μα-

1843 342 1972 413 quis
2007 341 2296 398 civitatem
2329 341 2596 409 nominet,
2649 342 2820 399 totius
2859 341 3101 400 civitatis
3126 344 3294 416 830
3328 349 3412 402 iu-

161 436 282 491 σίαν
313 432 580 489 ἐκλαϐών.
634 434 857 505 Κόσμον
894 433 1003 505 γὰρ
1043 434 1165 500 ἔθος
1197 434 1344 489 ἐστὶν
1372 438 1504 506 ἡμῖν
1530 436 1733 508 ὀνομά-

160 527 302 593 ζειν,
342 524 485 580 κατά
519 538 583 593 γε
628 524 719 578 τὸν
758 524 983 597 εὑτριόῆ
1030 526 1125 580 καὶ
1166 529 1281 590 τοῖς
1328 526 1509 591 ἀλλοις
1560 527 1732 582 ἅπασι

160 613 516 685 προκείμενον
551 613 709 683 λόγον
728 654 743 675 ,
786 616 914 677 τοὺς
946 616 1007 669 ἐν
1029 616 1193 669 παντὶ
1224 616 1299 688 τῷ
1329 618 1522 689 κόσμῳ
1546 619 1729 690 τυχὸν,

161 707 345 779 ὥσπερ
370 707 422 761 εί
438 723 525 771 τις
553 707 645 761 καὶ
669 706 822 762 πόλιν
841 706 1009 776 λέγοι,
1033 709 1157 773 τοὺς
1172 708 1299 780 ὃλην
1326 710 1608 774 οἰκοῦντας
1633 710 1732 782 τὴν

161 798 328 850 πόλιν.
356 796 501 869 Πλὴν
517 797 876 870 ἀξιοζήλωτος
898 800 992 854 καὶ
1017 800 1186 854 ταῦτα
1205 800 1378 870 λέγων
1403 803 1431 855 6
1455 801 1728 875 μαθητής.

163 888 348 959 Ἀθρει
374 888 484 960 γὰρ
530 890 679 954 ὅπως
723 889 878 958 ἡλίου
923 891 1081 960 δίκην
1131 895 1243 955 τοῖς
1291 892 1393 946 ἀνὰ
1422 894 1602 948 πᾶσαν
1631 893 1729 965 τὴν

161 980 260 1049 γῆν
288 980 384 1051 τὴν
424 980 522 1035 τοῦ
540 982 804 1053 Σωτῆρος
848 981 1232 1050 διαφαίνεσθαι
1259 982 1419 1048 δόξαν
1448 984 1726 1056 ἐπιθυμεῖ,

161 1071 329 1124 καίτοι
361 1068 473 1122 τῶν
504 1068 629 1122 καθ’
660 1069 854 1123 ἐαυτὸν
882 1071 931 1122 εἰ
968 1069 1131 1140 μόνον
1180 1071 1415 1124 ἐποιεῖτο
1444 1070 1724 1141 πρόνοιαν,

161 1161 280 1231 ἐξῆν
310 1159 504 1230 ἔχοντα
535 1160 634 1229 τῆς
666 1158 921 1229 γνώσεως
944 1160 1043 1232 τὴν
1080 1160 1393 1232 ὑπόσχεσιν,
1420 1162 1512 1215 ἐπὶ
1546 1160 1729 1232 μόνοις

160 1255 262 1317 τοῖς
307 1253 458 1317 ίδίοις
487 1251 714 1324 ἥδεσθαι
743 1252 951 1318 καλοῖς.
1003 1253 1143 1307 Ἀλλ’
1187 1254 1290 1308 οὐκ
1340 1252 1560 1325 ἐξήρκει
1588 1254 1726 1326 πρὸς

160 1344 418 1417 θυμηδίαν
465 1344 528 1397 τὺ
571 1343 883 1410 ἰδιαζόντως
935 1343 1125 1418 ὥσπερ
1168 1344 1318 1416 αὐτῷ
1364 1346 1727 1417 δοθησόμενον

160 1436 349 1505 ἀγαθόν
377 1453 392 1468 ο
425 1436 615 1508 ἐπειδὴ
649 1435 705 1488 δὲ
739 1431 807 1508 ἦν
837 1435 1085 1506 φιλόθεός
1107 1454 1164 1491 τε
1198 1437 1334 1509 όμοῦ
1360 1438 1455 1492 καὶ
1487 1438 1728 1508 φιλάδελ-

1842 434 2015 491 colas.
2049 433 2440 490 Verumtamen
2474 433 2638 490 laude
2666 449 2888 505 quoque
2916 435 3119 507 dignus
3163 445 3248 491 est
3290 451 3415 490 cum

1841 524 1958 580 haec
1987 525 2065 579 ait
2087 525 2412 596 discipulus.
2442 523 2579 581 Vide
2608 527 2756 580 enim
2782 541 2894 596 quo
2924 533 3085 595 pacto
3104 524 3420 585 Servatoris

1840 616 2069 687 gloriam
2099 616 2237 672 solis
2277 616 2455 672 instar
2489 631 2585 686 per
2631 616 2948 672 universam
2983 627 3185 671 terram
3235 618 3418 674 lucere

1837 708 2045 778 cupiat,
2085 723 2210 763 cum
2235 709 2283 763 ei
2313 708 2504 764 liceret
2533 707 2650 763 suis
2683 709 3065 764 tantummodo
3108 708 3268 764 bonis
3318 708 3417 763 oh-

1837 798 2063 862 lectari,
2097 798 2432 869 c0gnitionis
2474 798 2902 868 promissionem
2939 799 3181 865 habenti,
3220 798 3270 854 si
3332 799 3418 854 sui

1836 898 2047 945 tantum
2074 906 2266 945 curam
2305 890 2555 944 haberet.
2590 888 2699 945 Sed
2731 891 2934 944 bonum
2972 890 3079 946 sibi
3120 890 3218 945 uni
3254 905 3420 958 pecu-

1836 982 2049 1038 liariter
2066 982 2242 1037 tribui
2276 995 2624 1052 nequaquam
2664 979 2730 1034 ad
2766 979 3095 1034 felicitatem-
3126 980 3264 1035 satis
3293 993 3419 1032 esse

1832 1074 2096 1144 putabat:
2128 1088 2317 1129 verum
2348 1087 2477 1128 cum
2518 1071 2614 1126 Dei
2654 1071 2818 1127 simul
2853 1086 2918 1124 ac
2954 1070 3187 1124 fratrum
3216 1084 3417 1125 amans

1831 1165 1926 1231 sit,
1952 1164 2117 1234 longe
2147 1164 2364 1234 lateque
2386 1163 2609 1219 extendi
2639 1162 2954 1219 Servatoris
2987 1162 3217 1232 gloriam
3240 1161 3415 1231 cupit,

1830 1267 1887 1313 et
1938 1258 2211 1313 fratribus
2258 1258 2490 1328 gratiam
2554 1258 2611 1312 in
2663 1271 2957 1312 commune
3021 1255 3281 1326 proponi.
3332 1253 3412 1308 Ad

1832 1355 2081 1405 exactam
2122 1348 2322 1419 quippe
2357 1346 2452 1402 Dei
2477 1347 2848 1417 cognitionem
2893 1346 3107 1413 vocari,
3152 1344 3412 1416 quidnam

1841 1440 2003 1494 habet
2033 1438 2179 1509 quod
2221 1454 2346 1494 cum
2385 1454 2454 1494 eo
2487 1438 2798 1507 comparari
2832 1437 3049 1509 possit?

160 1547 270 1601 φος,
296 1528 730 1585 ἐκπλατύνεσθαι
756 1527 852 1583 τοῦ
901 1529 1156 1600 Σωτῆρος
1185 1528 1462 1601 τὴνδόξαν
1484 1530 1767 1602 ἐπιθυμεῖ,
1807 1528 1995 1600 κοινὴν
2030 1530 2097 1582 -δέ
2141 1531 2254 1594 τοῖς
2298 1528 2552 1598 ἀδελφοῖς
2596 1528 2922 1599 προκεῖσθαι
2969 1527 3069 1599 τὴν
3113 1528 3301 1601 χάριν.
3341 1527 3416 1582 Τὸ

158 1623 260 1693 γὰρ
283 1623 363 1686 είς
396 1621 604 1690 γνῶσιν
637 1619 840 1693 ἀκριϐῆ
886 1620 1170 1674 καλεῖσθαι
1203 1620 1362 1688 Θεοῦ,
1401 1621 1454 1675 τί
1483 1621 1549 1676 ἂν
1569 1621 1683 1693 ἔχοι
1710 1620 1773 1673 τὸ
1803 1619 2144 1687 ἱσοστατοῦνς

230 1738 538 1807 Ἀπεκρίθη
581 1737 847 1806 Ἰησοῦς,
886 1738 985 1793 καί
1019 1739 1188 1794 εἷπεν
1214 1735 1375 1804 αὑτῷ
1402 1754 1416 1767 °
1453 1737 1608 1793 ,Ἐάν
1637 1754 1727 1803 τις

1901 1735 2043 1803 XIV,
2078 1738 2168 1791 25.
2217 1735 2510 1806 Respondit
2551 1735 2745 1802 Iesus,
2781 1746 2833 1792 et
2879 1738 3019 1792 dixit
3055 1740 3151 1794 ei:
3181 1738 3244 1795 Si
3292 1740 3411 1810 quis

160 1826 349 1899 ἀγαπᾷ
369 1844 481 1897 με,
522 1826 631 1882 τὸν
654 1829 844 1898 λόγον
859 1846 981 1898 μου
1006 1828 1258 1898 τηρήσει
1277 1868 1293 1892 ,
1325 1827 1426 1882 καὶ
1459 1829 1492 1881 ό
1516 1825 1720 1896 Πατήρ

1833 1828 1994 1901 ίίοιίςίι
2025 1846 2128 1894 me,
2160 1845 2453 1884 sermonem
2486 1846 2658 1883 meum
2684 1830 2910 1885 servabit
2937 1847 2955 1885 :
2979 1841 3027 1886 et
3055 1832 3221 1886 Pater
3262 1848 3411 1887 meus

156 1937 266 1993 μου
286 1916 591 1992 ἀγαπήσει
615 1920 820 1985 αὑτὸν,
839 1920 939 1977 καὶ
959 1921 1109 1991 πρὸς
1123 1922 1311 1976 αὐτὸν
1330 1921 1722 1991 ἐλευσόμεθα,

159 2012 251 2069 καί
266 2011 468 2083 μονὴν
496 2011 633 2081 παρ’
657 2010 819 2078 αὐτῷ
838 2014 1229 2083 ποιησόμεθα.

221 2126 294 2179 06
322 2125 532 2197 σφόδρα
553 2126 780 2181 συνέντα
801 2127 1089 2199 θεωρήσας
1114 2127 1207 2183 τὸν
1237 2127 1487 2200 μαθητὴν
1507 2169 1522 2195 ,
1561 2128 1728 2182 ἐπάν-

162 2234 259 2272 εισι
287 2217 446 2272 πάλιν
478 2218 572 2271 ἐπὶ
604 2218 669 2272 τὸ
697 2220 756 2271 ἐν
788 2219 986 2290 ἀρχαῖς
1013 2219 1335 2291 εἰρημένον,
1365 2220 1460 2273 καὶ
1486 2219 1725 2274 διδάσκει

165 2307 367 2378 σαφῶς,
401 2309 479 2373 ὡς
504 2310 579 2363 ⁴οὑ
612 2310 952 2382 κατάμόνην
972 2308 1070 2382 τὴν
1100 2311 1161 2364 ὲν
1184 2310 1387 2384 είδήσει
1432 2312 1727 2383 νοουμένην

162 2399 440 2469 ἐπίγνωσιν
473 2400 671 2455 ἐαυτὸν
710 2401 1006 2472 ἐμφανίσει
1045 2402 1159 2465 τοῖς
1194 2401 1464 2473 γνησίοις,
1501 2401 1617 2456 ἀλλ’
1640 2401 1729 2466 ἐξ-

164 2491 364 2563 αίρετός
392 2507 479 2558 τις
525 2493 711 2555 αὐτοῖς
750 2494 847 2546 καὶ
877 2494 999 2563 οὐχὶ
1046 2495 1157 2557 τοῖς
1202 2491 1382 2556 ἀλλοις
1422 2492 1674 2564 ἐντριϐὴς
1699 2492 1728 2545 6

162 2581 252 2652 τῆς
280 2579 603 2653 ἐλλάμψεως
622 2581 852 2655 ὑπάρξει
879 2583 1099 2654 τρόπος.
1127 2585 1190 2637 Oi
1227 2584 1325 2655 μὲν
1346 2584 1455 2655 γὰρ
1485 2585 1727 2652 ἀγελαῖοι

163 2673 331 2745 τυχὸν,
361 2675 457 2728 καὶ
487 2674 615 2746 άρτι
644 2674 805 2744 τυχὸν
827 2676 928 2745 τῆς
951 2673 1062 2728 τῶν
1084 2675 1320 2730 εἰδώλων
1344 2674 1561 2745 ἀπάτης
1595 2676 1728 2730 ἀπο-

164 2764 537 2833 φοιτήσαντες,
599 2762 926 2833 κεκλημένοι
964 2780 1025 2816 τε
1075 2763 1215 2835 πρὸς
1276 2761 1576 2831 ἐπίγνωσιν
1631 2763 1726 2817 τοῦ

163 2853 291 2908 κατὰ
336 2853 500 2923 φύσιν
543 2854 709 2919 "Busa;
764 2854 933 2921 Θεοῦ,
977 2855 1036 2910 ἐν
1058 2853 1233 2924 ψιλοῖς
1284 2856 1380 2909 καὶ
1434 2854 1728 2926 ἀζητήτοις

161 2943 329 3015 ἔχουσι
360 2943 648 3017 λογισμοῖς
666 2945 773 3017 ¹τὴν
800 2945 1024 3009 πίστιν,
1071 2945 1206 2999 αὐτὸ
1237 2944 1303 3017 δὴ
1331 2943 1490 2999 τοῦτο
1522 2945 1726 3016 μαθόν-

159 3051 243 3100 τες
272 3038 521 3108 φρονεῖν,
571 3036 647 3101 ὡς
675 3036 826 3090 οὐδὲν
867 3035 1082 3090 εἴδωλον
1112 3039 1171 3090 ἐν
1205 3036 1395 3109 κόσμῳ
1418 3036 1614 3108 τυχὸν,
1645 3031 1729 3100 εἷς

159 3128 211 3181 δέ
232 3130 385 3199 μόνος
413 3131 442 3182 6
472 3128 640 3199 φύσει
669 3128 822 3193 Θεός.
876 3130 938 3183 Οἱ
965 3128 1023 3183 δὲ
1072 3128 1160 3183 διά
1197 3128 1376 3200 πάσης
1404 3130 1607 3202 ἀρετῆς
1635 3129 1728 3183 τὸν
1755 3181 1797 3238 C

162 3220 345 3274 οίκεῖον
371 3220 933 3292 καταλαμπρύνοντες
961 3220 1105 3287 νοῦν,
1130 3219 1347 3293 ἔχοντές
1378 3239 1437 3275 τε
1456 3222 1558 3293 ἤδη
1585 3222 1724 3294 πρὸς

159 3313 213 3366 τὸ
241 3311 536 3382 μανθάνειν
561 3312 886 3384 ἐπιτηδείως
912 3311 981 3364 τὰ
1008 3311 1127 3366 θεῖά
1155 3330 1216 3365 τε
1240 3312 1336 3367 καὶ
1365 3313 1723 3385 κεκρυμμένα

163 3405 448 3477 μυστήρια,
482 3404 589 3476 τὴν
619 3404 708 3459 διὰ
744 3403 839 3458 τοῦ
874 3403 1195 3476 Πνεύματος
1232 3404 1492 3477 λήψονται
1539 3394 1723 3476 δᾳδου-

158 3496 289 3567 χίαν,
329 3499 422 3551 καί
451 3497 621 3552 αὑτὸν
648 3497 704 3550 ἐν
741 3498 955 3561 ἑαυτοῖς
981 3496 1365 3552 ἐναυλισθέντα
1393 3497 1482 3551 τὸν
1516 3496 1723 3568 Κύριον

158 3589 257 3652 τοῖς
282 3591 379 3660 τῆς
425 3588 669 3652 διανοίας
710 3588 1131 3661 ἐπαθροίσουσιν
1166 3588 1283 3661 [γρ.
1328 3585 1721 3660 ἐπαθρήσουσι]

157 3678 458 3751 ὀφθαλμοῖς.
518 3678 734 3733 Οὐκοῦν
761 3679 828 3733 οὐ
862 3679 1014 3750 κοινὴ
1045 3682 1156 3743 τοῖς
1198 3679 1378 3743 ἀλλοις
1405 3678 1514 3731 τῶν
1551 3677 1723 3747 ἁγίων

159 3773 436 3843 ήγνῶσις,
488 3772 610 3828 ἀλλ’
643 3772 920 3845 ἐξαίρετός
956 3790 1040 3836 τις
1072 3774 1166 3826 καὶ
1203 3771 1568 3843 διωρισμένη,
1630 3769 1724 3824 καὶ

160 3864 344 3937 πολλὴν
407 3865 614 3937 ἔχουσα
658 3866 759 3936 τὴν
803 3864 1089 3936 διαφοράν.
1171 3862 1385 3931 Ὠφελεῖ
1428 3860 1722 3932 τοιγαροῦν

159 3953 236 4009 διὰ
259 3956 456 4021 παντὸς
490 3958 642 4029 ἡμᾶς
668 3956 830 4025 λόγου
849 3973 910 4010 τε
930 3956 1026 4011 καὶ
1053 3955 1256 4027 τρόπου
1282 3953 1539 4026 Χριστός.
1571 3952 1723 4026 Πρῶ-

157 4063 239 4101 τον
267 4049 364 4120 μὲν
386 4051 503 4121 γὰρ
529 4049 616 4114 τίς
638 4050 667 4102 ό
693 4049 856 4104 αὐτὸν
884 4048 1113 4118 ἀγαπῶν
1140 4043 1199 4101 εὖ
1233 4048 1378 4118 μάλα
1405 4046 1720 4117 διορίζεται,

157 4137 374 4206 δεικνὺς,
405 4140 483 4206 ὥς
515 4139 583 4210 γέ
615 4158 707 4212 μοι
730 4138 1094 4209 φαίνεταικαὶ
1117 4141 1258 4193 νοεῖν
1290 4138 1499 4193 ἔπεισιν
1521 4137 1718 4210 ὀρθῶς,

159 4229 226 4293 ὡς
255 4231 349 4302 οὺχ
382 4231 588 4286 ἀπασιν
631 4232 845 4299 ἐφεῖται
890 4229 1081 4283 λαϐεῖν
1113 4229 1214 4302 τὴν
1260 4228 1355 4283 τοῦ
1387 4228 1722 4300 χαρίσματος

159 4321 400 4394 δύναμιν,
452 4324 573 4378 ἀλλ’
621 4317 814 4394 οἷσπερ
858 4321 925 4376 ἂν
977 4322 1279 4394 ἐνυπάρχον
1306 4320 1487 4392 ὁρῷτο
1526 4320 1587 4373 τὸ
1621 4318 1723 4385 τῆς

160 4414 229 4476 είς
277 4415 436 4468 αὐτὸν
476 4415 836 4486 γνησιότητος
894 4412 1154 4485 καύχημα
1218 4413 1306 4466 διά
1343 4411 1437 4466 τοῦ
1482 4413 1743 4483 τηρῆσαι·

1827 1921 2010 1993 diliget
2041 1938 2181 1985 eum,
2216 1931 2265 1976 et
2292 1922 2362 1976 ad
2385 1938 2504 1977 eum
2528 1924 2812 1990 veniemus,
2836 1932 2885 1979 et
2912 1925 3242 1981 mansionem
3269 1921 3412 1994 apud

1825 2029 1947 2068 eum
1972 2014 2255 2083 faciemus.

1898 2123 2033 2180 Cum
2053 2139 2339 2181 sermones
2368 2141 2500 2182 suos
2528 2126 2858 2198 discipulum
2878 2126 3031 2183 haud
3055 2130 3193 2186 satis
3216 2145 3413 2203 capere

1827 2215 2062 2282 videret,
2101 2218 2169 2271 ad
2218 2217 2272 2272 id
2309 2217 2457 2288 quod
2513 2218 2674 2273 initio
2715 2218 2925 2274 dictum
2961 2229 3044 2275 est
3094 2224 3409 2287 revertitur,

1828 2308 2087 2378 clareque
2139 2308 2303 2364 docet
2359 2324 2471 2363 non
2528 2310 2836 2365 secundum
2898 2312 3070 2365 solam
3128 2329 3249 2382 quae
3290 2315 3412 2370 visu

1829 2404 2046 2453 constat
2077 2398 2451 2468 cognitionem
2480 2400 2597 2456 suis
2620 2415 2744 2456 sese
2774 2400 3284 2467 manifestaturum,
3315 2406 3411 2460 scd

1828 2488 2179 2543 eminentiori
2211 2488 2452 2558 quodam
2482 2504 2583 2544 nec
2616 2490 2741 2545 aliis
2772 2490 2975 2545 usitato
3020 2491 3412 2549 illustrationis

1830 2579 2013 2633 modo.
2047 2577 2320 2634 Rudiores
2365 2579 2511 2633 enim
2561 2594 2624 2633 ac
2660 2580 2925 2651 imperiti,
2976 2590 3031 2636 et
3071 2583 3163 2653 qui
3218 2599 3411 2640 recens

1830 2671 1901 2726 ab
1932 2671 2203 2726 idolorum
2229 2670 2422 2726 fraude
2456 2680 2828 2736 recesserunt,
2858 2682 3021 2742 atque
3048 2674 3113 2728 ad
3140 2677 3412 2732 naturalis

1830 2763 1927 2818 Dei
1965 2764 2334 2834 cognitionem
2364 2764 2544 2819 vocati
2570 2772 2724 2829 sunt,
2750 2765 2804 2817 in
2839 2765 2985 2818 nuda
3019 2772 3073 2819 et
3097 2765 3408 2822 indiscussa

1830 2855 2048 2911 ratione
2080 2855 2241 2910 fidem
2287 2853 2518 2919 habent,
2568 2853 2623 2909 id
2659 2853 2922 2908 nimirum
2961 2856 3172 2910 sentire
3204 2856 3408 2922 edocti,

1832 2949 2039 3003 nullum
2083 2962 2208 3003 esse
2252 2945 2458 3001 idolum
2509 2945 2566 2999 in
2595 2945 2826 3009 mundo,
2859 2945 2954 3000 sed
3010 2963 3179 3001 unum
3212 2958 3411 3004 natura

1833 3039 2022 3095 Deum.
2056 3038 2386 3109 Quicunque
2432 3051 2567 3092 vero
2612 3053 2708 3108 per
2752 3052 2915 3093 omne
2962 3037 3189 3093 virtutis
3236 3055 3412 3110 genus

1832 3146 1987 3187 suam
2022 3138 2258 3186 mentem
2302 3130 2599 3193 illustrant,
2635 3137 2689 3185 et
2721 3133 2786 3183 ad
2821 3127 3086 3185 discenda
3119 3130 3309 3185 divina
3355 3142 3411 3187 et

1830 3236 2029 3278 arcana
2059 3222 2321 3293 mysteria
2364 3228 2493 3277 sunt
2530 3219 2733 3282 idonei,
2773 3218 3202 3277 illustrationem
3236 3212 3411 3293 Spiri-

1829 3322 1919 3371 tus
1950 3314 2244 3385 accipient,
2271 3314 2641 3384 ipsumquein
2662 3314 2979 3385 semetipsis
3010 3314 3408 3369 inhabitantem

1830 3408 2128 3464 Dominum
2203 3410 2408 3464 mentis
2464 3409 2642 3463 oculis
2710 3409 3149 3464 contuebuntur.
3225 3407 3409 3477 Itaque

1829 3499 2141 3558 communis
2180 3499 2304 3555 aliis
2338 3514 2449 3554 non
2480 3507 2566 3554 est
2607 3507 2929 3555 sanctorum
2987 3499 3253 3569 cognitio,
3311 3498 3407 3553 sed

1829 3594 2029 3651 eximia
2051 3600 2107 3648 et
2134 3592 2418 3657 distincta,
2453 3591 2722 3662 longeque
2771 3591 2838 3646 ab
2879 3591 2975 3644 illa
3009 3591 3286 3645 communi
3327 3590 3408 3645 di-

1827 3700 2007 3742 versa.
2041 3684 2131 3740 Sic
2159 3684 2308 3738 omni
2340 3682 2503 3737 modo
2531 3692 2586 3737 et
2613 3682 2828 3738 ratione
2869 3679 3126 3736 Christus
3171 3697 3274 3736 nos
3305 3682 3403 3736 ad-

1825 3777 2006 3849 juvat.
2030 3775 2311 3847 lmprimis
2336 3775 2481 3830 enim
2517 3773 2709 3828 definit
2738 3773 2864 3844 quis
2894 3773 2966 3829 sit
2988 3773 3081 3828 ille
3108 3773 3200 3844 qui
3231 3772 3409 3844 diligit

1830 3884 1979 3936 eum,
2017 3866 2340 3931 ostendens,
2375 3875 2434 3920 ut
2471 3864 2692 3936 opinor,
2738 3879 2851 3920 non
2883 3863 3141 3920 omnibus
3178 3864 3406 3919 concedi

1830 3969 1891 4016 ut
1939 3958 2130 4032 gratia:
2183 3958 2442 4013 virtutem
2503 3956 2802 4025 accipiant,
2860 3955 2955 4011 sed
3009 3956 3103 4025 qui
3152 3954 3406 4010 mandata

1830 4051 2104 4108 servando
2154 4048 2381 4121 genuini
2436 4047 2559 4118 ejus
2603 4047 2766 4103 amici
2801 4060 2925 4102 esse
2963 4045 3401 4116 comperiuntur.

1830 4144 2038 4200 Deinde
2078 4158 2318 4214 quonam
2362 4140 2525 4197 modo
2557 4142 2772 4212 fulgere
2824 4141 2878 4195 in
2914 4139 2982 4194 iis
3030 4139 3258 4205 debeat,
3311 4147 3406 4194 aut

1828 4254 1939 4310 quo
1966 4244 2127 4308 pacto
2153 4236 2225 4292 sit
2264 4235 2319 4290 in
2354 4235 2426 4290 iis
2471 4235 2845 4295 habitaturus,
2882 4233 3144 4300 declarat,
3175 4234 3400 4289 dicens:

1835 4351 1854 4383 ι
1885 4329 2051 4385 Pater
2074 4343 2228 4383 meus
2259 4327 2446 4397 diliget
2471 4341 2616 4380 eum.
2646 4343 2666 4375 ι
2695 4322 2797 4391 Qui
2826 4322 2969 4377 enim
2991 4322 3095 4378 fide
3121 4322 3176 4377 in
3204 4321 3404 4379 Filium

1830 4415 2045 4472 Patrem
2080 4412 2459 4478 honoraverit,
2492 4412 2845 4468 dilectionem
2884 4412 3002 4482 ejus
3031 4428 3131 4468 ceu
3160 4412 3401 4470 fructum

158 4502 246 4567 τὰς
275 4504 514 4569 ἐντολάς.
576 4500 711 4558 Εἶτα
763 4504 885 4558 τίνα
920 4504 1121 4574 τρόπον
1168 4502 1350 4566 αὐτοῖς
1398 4501 1719 4573 ἐπιλάμψει,

1833 4508 1990 4580 331
2027 4506 2152 4561 inde
2178 4504 2505 4574 reportabit.
2550 4503 2835 4559 Postremo
2865 4503 2997 4573 quid
3025 4504 3161 4560 lucri
3195 4505 3404 4561 obven-

161 4594 265 4659 πῶς
282 4594 337 4649 δὲ
363 4596 551 4659 αὐτοῖς
572 4595 1139 4667 ἐγκατοικισθήσεται,
1157 4595 1338 4663 λέγει’
1369 4612 1389 4646 ι
1420 4594 1723 4664 Ἀγαπήσει

161 4685 258 4758 γὰρ
279 4688 437 4742 αὑτὸν
467 4690 498 4741 ό
527 4688 717 4761 Πατήρ
743 4704 868 4759 μου,
902 4705 920 4739 ι
954 4687 1107 4760 φησί.
1157 4686 1483 4757 Τετιμηκὼς
1514 4686 1624 4756 γὰρ
1655 4686 1723 4740 δι’

159 4776 451 4842 εὐπειθείας
477 4778 581 4849 τῆς
611 4779 691 4842 είς
714 4778 806 4831 τὸν
836 4778 965 4832 Υἱδν
985 4819 1000 4842 ,
1033 4777 1126 4831 τὸν
1154 4777 1216 4842 ἐξ
1242 4773 1414 4850 οὗπερ
1446 4778 1562 4831 ἐστὶ
1588 4778 1721 4830 Γεν-

159 4867 361 4938 νήτορα,
394 4867 609 4942 καρπδν
633 4867 747 4934 ἐξει
772 4868 869 4923 τοῦ
912 4868 1233 4941 πράγματος
1280 4869 1381 4939 τὴν
1421 4869 1720 4939 ἀγάπησιν.

159 4956 279 5016 Είτα
302 4962 355 5017 τί
383 4962 446 5016 τὸ
479 4962 735 5017 ἐντεῦθεν
771 4962 1054 5027 ἀνατελεῖ,
1108 4964 1261 5016 ποῖον
1290 4962 1348 5015 δὲ
1378 4962 1527 5032 αὐτῷ
1559 4977 1713 5033 περι-

159 5052 298 5107 έσται
340 5054 402 5108 τὸ
446 5055 641 5127 κέρδος
689 5055 859 5126 σαφὲς
899 5054 1201 5123 καθιστὰς,
1257 5074 1277 5108 ι
1336 5054 1718 5125 Ἐλευσόμεθα,

160 5148 306 5218 φησὶ,
335 5147 475 5219 πρὸς
504 5147 668 5201 αὐτὸν
699 5146 811 5218 ἐγὼ
840 5147 934 5201 καὶ
965 5150 994 5201 6
1013 5147 1233 5219 Πατὴρ,
1269 5147 1364 5202 καὶ
1398 5144 1564 5218 μονὴν
1590 5146 1721 5217 παρ’

157 5238 290 5309 αὑτῷ
318 5238 683 5310 ποιησόμεθα.
716 5259 736 5293 ι
769 5240 1212 5312 Κατοικήσαντος
1233 5238 1344 5310 γὰρ
1376 5239 1434 5292 ἐν
1462 5240 1594 5309 ἡμῖν
1626 5237 1719 5291 τοῦ

159 5329 395 5404 Σωτῆρος
432 5330 599 5403 ἡμῶν
638 5331 874 5403 Χριστοῦ
920 5330 1009 5385 διὰ
1043 5330 1138 5386 τοῦ
1187 5331 1347 5400 ἁγίου
1381 5331 1718 5402 Πνεύματος,

160 5421 395 5477 συνέσται
421 5423 601 5495 δήπου
623 5421 839 5486 πάντως
856 5423 949 5476 καὶ
974 5425 1002 5477 6
1017 5423 1284 5494 γεννήσας
1298 5423 1477 5476 αὐτόν’
1498 5423 1722 5494 Πνεῦμα

160 5509 256 5581 γὰρ
283 5514 376 5568 καὶ
402 5512 575 5569 αὐτοῦ
600 5513 693 5567 τοῦ
720 5513 958 5586 Πατρδς,
987 5514 1048 5567 τὸ
1078 5513 1302 5585 Πνεῦμα
1327 5514 1585 5586 Χριστοῦ.
1611 5516 1722 5568 Καὶ

159 5599 275 5669 γοῦν
300 5603 330 5655 6
362 5602 655 5668 θεσπέσιος
675 5603 912 5672 Παῦλος,
961 5605 1037 5676 πῆ
1072 5605 1171 5675 μὲν
1200 5605 1328 5661 ίδιον
1354 5605 1448 5660 τοῦ
1480 5606 1713 5677 Πατρός,

1828 4611 2012 4655 turum
2046 4598 2175 4652 hinc
2208 4596 2258 4651 ei
2291 4596 2389 4660 sit,
2439 4595 2664 4666 planum
2702 4594 2973 4650 "faciens:
3017 4613 3037 4647 ι
3082 4593 3401 4657 Veniemus,

1825 4692 2024 4762 inquit,
2050 4690 2117 4744 ad
2150 4704 2276 4744 eum
2330 4702 2432 4758 ego
2478 4696 2535 4741 et
2565 4685 2750 4749 Pater,
2797 4695 2851 4742 et
2878 4686 3219 4743 mansionem
3258 4686 3402 4757 apud

1824 4799 1948 4840 eum
1982 4782 2267 4837 faciemus.
2329 4797 2347 4830 ι
2388 4778 2685 4834 llahitante
2731 4777 2933 4849 quippe
2968 4777 3019 4831 in
3071 4777 3231 4832 nobis
3267 4774 3402 4831 Ser-

1821 4885 2019 4932 vatore
2048 4881 2239 4929 nostro
2272 4870 2495 4930 Christo
2525 4885 2621 4942 per
2651 4879 2905 4926 sanctum
2939 4868 3205 4940 Spiritum
3226 4909 3241 4934 ,
3296 4870 3402 4923 erit

1828 4981 2048 5040 quoque
2091 4965 2318 5019 omnino
2368 4963 2658 5018 nobiscum
2690 4969 2747 5017 et
2776 4960 3007 5017 Genitor
3038 4978 3052 5014 :
3086 4974 3212 5014 nam
3280 4958 3405 5029 Spi-

1829 5061 1970 5116 ritus
2004 5056 2212 5113 Christi
2237 5054 2379 5109 idem
2405 5064 2490 5110 est
2515 5061 2570 5109 et
2602 5051 2802 5108 Patris.
2834 5050 2993 5107 Unde
3026 5049 3231 5104 Paulus
3258 5048 3402 5104 divi-

1829 5166 1956 5214 nus,
1989 5149 2128 5204 alias
2174 5146 2398 5217 quidem
2428 5145 2633 5207 Patris,
2683 5144 2819 5198 alias
2866 5151 3047 5197 autem
3098 5139 3223 5195 Filii
3271 5155 3403 5210 pro-

1833 5242 2015 5314 prium
2068 5238 2335 5310 Spiritum
2371 5237 2468 5304 ait,
2519 5248 2868 5304 nequaquam
2923 5231 3031 5287 sibi
3064 5245 3397 5301 repugnans,

1827 5334 1922 5391 sed
1948 5334 2002 5388 in
2037 5342 2272 5401 utroque
2302 5343 2492 5385 verum
2514 5326 2741 5381 dicens:
2779 5323 2854 5377 ita
2881 5323 3083 5393 quippe
3112 5330 3309 5378 natura
3341 5340 3403 5380 se

1827 5425 2012 5479 habet.
2049 5422 2254 5477 Scribit
2280 5436 2413 5490 ergo
2462 5417 2530 5471 ad
2575 5415 2830 5485 aliquos:
2893 5432 2912 5465 ι
2959 5412 3065 5495 Qui
3109 5414 3404 5470 suscitavit

1828 5515 2014 5572 Iesum
2041 5512 2323 5568 Christum
2360 5525 2389 5563 a
2436 5508 2688 5570 mortuis,
2724 5504 3018 5560 viviﬁcabit
3052 5513 3107 5560 et
3145 5504 3399 5560 mortalia

1828 5620 2064 5677 corpora
2095 5609 2277 5661 vestra
2309 5615 2409 5675 per
2438 5597 2837 5656 inhabitantem
2871 5596 3139 5670 Spiritum
3192 5596 3313 5668 ejus
3341 5596 3400 5652 in
