3992 6316
489 226 591 283 291
1453 217 1509 274 S.
1552 214 1829 273 CYRILLI
1864 213 2334 271 ALEXANDRINI
2370 213 2689 272 ARCHIEP.
3639 201 3764 261 29}

491 342 649 398 vobis
677 341 745 396 ”.
785 358 806 393 ι
840 336 1152 394 Praeterea:
1193 353 1212 387 ‹
1252 332 1521 401 Quoniam
1565 339 1751 388 autem
1788 332 1926 387 estis
1950 331 2067 395 ﬁlii,

2193 332 2253 403 τῆ
2280 332 2338 385 δὲ
2371 331 2463 383 τοῦ
2484 329 2614 384 Υίοῦ
2643 330 2703 383 τὸ
2724 326 2949 396 Πνεῦμα
2974 341 3162 398 φησιν,
3190 323 3253 376 οὐ
3286 324 3399 386 τοῖς
3430 318 3580 385 ἰδίοις
3598 321 3769 375 ἀντε-

497 432 652 489 misit
680 431 824 487 Deus
859 430 1125 500 Spiritum
1166 425 1289 481 Filii
1328 427 1413 481 sui
1451 426 1505 479 in
1534 423 1704 478 corda
1730 432 1932 486 vestra,
1962 423 2073 477 cla-

2190 422 2385 474 ιέιττων
2407 420 2605 487 λόγοις,
2641 419 2921 490 ἀληθεύων
2950 417 3008 472 δὲ
3044 414 3247 487 μᾶλλον
3294 412 3419 467 καθ’
3447 415 3720 483 ἑκάτερον
3746 427 3766 443 ⁸

499 533 740 580 mantem
769 541 782 576 :
825 521 1000 587 Abba,
1032 517 1195 572 Pater
1216 518 1285 572 "‘.
1327 536 1346 570 ι
1378 515 1547 572 Vides
1584 524 1643 569 ut
1693 516 1833 570 idem
1874 516 1944 569 sit
1974 514 2075 567 Pa-

2190 511 2290 581 ἑχει
2322 512 2430 582 γὰρ
2470 510 2613 565 οὕτω
2645 514 2708 581 τῇ
2744 511 2924 580 φύσει.
2980 509 3143 576 Λέγει
3187 506 3369 560 τοίνυν
3398 506 3530 575 πρός
3558 520 3722 566 τινας
3750 519 3766 533 ·

504 617 606 671 tris
637 630 700 669 ac
732 613 854 667 Filii
888 610 1181 682 Spiritus?
1206 610 1554 665 lnhabitante
1586 611 1772 676 itaque
1806 607 1859 660 in
1892 605 2078 660 cordi-

2199 624 2202 655 ἰ
2233 605 2355 656 Ὅτι
2382 605 2606 675 ἐγείρας
2635 604 2869 675 Χριστὸν
2907 600 3115 672 Ἰησοῦν
3142 602 3210 653 ἐκ
3235 597 3465 669 νεκρῶν,
3495 595 3775 665 ζωοποιή-

501 710 605 764 bus
635 707 845 761 nostris
882 702 1197 773 Uuigenito,
1271 716 1618 771 nequaquam
1671 701 1824 754 abest
1866 697 2027 753 Pater
2061 715 2073 750 :

2199 711 2262 747 ist
2293 696 2388 747 καὶ
2419 695 2487 746 τὰ
2512 694 2680 765 θνητὰ
2711 693 2936 764 σώματα
2966 689 3139 761 ὑμῶν,
3173 689 3259 742 διὰ
3295 687 3387 741 τοῦ
3418 687 3775 748 ἐνοικοῦντος

503 800 666 854 habet
697 798 843 853 enim
876 796 1051 850 Filius
1087 796 1141 848 in
1176 796 1359 864 seipso
1392 794 1727 853 Genitorem,
1748 794 1909 847 unius
1938 790 2079 844 exsi-

2196 784 2343 837 ιύτοῦ
2377 785 2695 856 Πνεῦμα-τος
2727 785 2786 838 ὲν
2824 785 2972 854 ὑμῖν.
3002 802 3023 835 ι
3061 777 3192 834 Εἶτα
3233 780 3396 833 πάλιν
3422 796 3435 809 ’
3493 797 3510 829 ι
3541 780 3670 830 Ὀτι
3707 777 3772 830 δέ

504 897 658 945 stens
696 903 821 942 cum
852 902 918 942 eo
949 886 1295 949 substantiae,
1330 885 1427 939 sed
1461 893 1514 939 et
1550 887 1664 955 ipse
1697 891 1779 937 est
1808 883 1862 937 in
1922 882 2080 936 Patre

2197 882 2304 929 ἐστε
2333 879 2438 929 uici
2461 918 2475 942 ,
2524 877 2905 944 ἐξαπέστειλεν
2938 878 2966 929 ὁ
2994 873 3127 937 Θεὸς
3161 873 3221 925 τὸ
3252 872 3472 942 Πνεῦμα
3500 871 3591 924 τοῦ
3621 868 3773 923 Υξοῦ

504 981 855 1036 naturaliter.
884 976 1037 1031 Fidei
1078 990 1213 1046 ergo
1250 973 1501 1027 deﬁnitio
1530 983 1583 1027 ει
1616 972 1898 1041 inculpata
1938 970 2080 1023 ratio

2195 966 2357 1020 αὑτοῦ
2390 968 2470 1029 είς
2499 966 2595 1030 τὰς
2629 966 2855 1036 καρδίας
2888 962 3061 1034 ὑμῶν,
3090 960 3292 1031 κράζον
3314 975 3327 991 ·
3374 957 3561 1022 Ἀ66ἄ,
3589 958 3618 1009 ό
3637 958 3771 1009 Πα-

507 1074 625 1128 haec
678 1081 781 1125 est.
825 1068 1091 1125 Libenter
1147 1074 1330 1122 autem
1370 1066 1822 1134 interrogaverim
1860 1079 1957 1118 eos
1988 1064 2083 1132 qui

2198 1059 2303 1128 εήρ.
2332 1077 2350 1109 ι
2401 1059 2562 1127 Ὁρᾷς
2590 1057 2738 1121 ὅπως
2783 1056 2842 1109 τὸ
2873 1056 3004 1109 αὐτὸ
3043 1052 3268 1122 Πνεῦμα
3314 1050 3410 1104 τοῦ
3459 1067 3517 1102 τε
3542 1047 3774 1119 Πατρός

508 1178 622 1234 pra:
670 1162 841 1216 multa
910 1161 1128 1214 inscitia
1173 1158 1430 1213 haeresim
1496 1158 1761 1225 complexi
1817 1155 2084 1209 adversus

2197 1152 2298 1200 int
2323 1149 2415 1201 καὶ
2445 1148 2538 1201 τοῦ
2571 1149 2701 1201 Υίοῦ
2726 1166 2740 1213 ;
2778 1146 3176 1208 Κατοικοῦντος
3198 1140 3290 1197 οὖν
3315 1142 3422 1213 ἄρα
3453 1140 3544 1194 τοῦ
3577 1142 3773 1194 Μονο-

509 1255 736 1326 gioriam
775 1252 1015 1321 Spiritus
1040 1265 1194 1304 suam
1222 1250 1469 1318 linguam
1502 1254 1741 1301 armant.
1768 1245 1906 1311 Quid
1934 1246 2083 1299 enim

2193 1241 2374 1309 γενοῦς
2407 1243 2464 1294 ἐν
2485 1244 2607 1302 ταῖς
2637 1241 2883 1312 καρδίαις
2909 1241 2942 1310 ἡ
2952 1240 3085 1309 μῶν,
3113 1238 3212 1290 οὐκ
3237 1238 3463 1290 ἄπεστιν
3486 1235 3729 1303 ὁΠατήρ
3749 1246 3769 1264 ⁶

509 1325 831 1412 responsuri
859 1347 1009 1403 sunt,
1050 1352 1175 1392 cum
1206 1338 1289 1392 eis
1314 1336 1605 1392 dicemus:
1647 1336 1704 1390 Si
1737 1346 1953 1391 creatus
2000 1342 2085 1389 est

2196 1334 2299 1404 ἔχει
2327 1333 2435 1403 γὰρ
2460 1336 2488 1387 ὀ
2510 1333 2637 1397 Υἱὸς
2667 1334 2725 1386 ὲν
2752 1331 2931 1402 ἐαυτῷ
2957 1331 3047 1385 τὸν
3070 1330 3405 1400 Γεννήτορα,
3461 1328 3588 1397 μιᾶς
3619 1325 3772 1397 πρὸς

515 1432 771 1503 Spiritus.
816 1440 871 1485 et
928 1445 956 1483 a
993 1429 1084 1484 Dei
1119 1429 1452 1491 substantia,
1508 1436 1568 1481 ut
1611 1428 1803 1489 vultis,
1850 1427 2086 1488 alienus,

2196 1426 2348 1479 αὐτὸν
2390 1425 2652 1495 ὑπάρχων
2683 1424 2900 1485 οὐσίας,
2957 1420 3071 1474 ἔστι
3097 1420 3153 1473 δὲ
3183 1420 3276 1472 καὶ
3306 1418 3464 1479 αὐτὸς
3495 1420 3550 1469 ὲν
3581 1417 3772 1486 Πατρὶ

512 1526 788 1597 quomodo
820 1524 1034 1579 habitat
1072 1523 1127 1576 in
1179 1522 1340 1576 nobis
1379 1536 1479 1591 per
1534 1521 1714 1589 ipsum
1750 1519 1936 1574 Deus?
1990 1525 2088 1571 aut

2188 1517 2451 1587 φυσικῶς.
2491 1518 2550 1569 Ὀ
2579 1516 2675 1587 μὲν
2706 1511 2799 1569 οῦν
2830 1515 2930 1582 τῆς
2954 1513 3190 1575 πίστεως
3215 1512 3340 1582 ὄρος
3364 1527 3422 1562 τε
3457 1510 3551 1562 καὶ
3573 1510 3764 1562 ἀνυπ-

512 1616 790 1687 quomodo
824 1615 921 1668 Dei
973 1622 1057 1669 est
1097 1615 1397 1683 particeps,
1441 1613 1536 1682 qui
1573 1613 1838 1683 Spiritum
1898 1625 2088 1666 susce-

2196 1609 2358 1671 αἰτιος
2385 1603 2538 1671 οὗτος
2564 1608 2629 1661 ἂν
2659 1606 2743 1678 εἴη
2774 1605 2950 1673 λόγος.
3007 1604 3266 1675 Ἐροίμην
3293 1603 3338 1655 δ’
3369 1601 3435 1655 ἃν
3466 1602 3558 1654 ἐπὶ
3588 1599 3772 1670 τούτῳ

514 1679 699 1781 perit?
729 1706 864 1761 Nam
898 1705 946 1760 si
988 1679 1111 1760 ﬁeri
1138 1679 1326 1775 potest
1347 1712 1406 1757 ut
1438 1679 1534 1772 per
1577 1679 1814 1756 creatam
1849 1703 2086 1772 aliquam

2196 1700 2284 1752 καὶ
2318 1699 2437 1753 λίαν
2467 1699 2638 1771 ἡδέως
2676 1700 2801 1761 τοὺς
2829 1698 2895 1751 ὲκ
2935 1695 3134 1766 πολλῆς
3162 1695 3404 1765 ἀμαθίας
3440 1691 3772 1766 ἑτεροὸοξεῖν

517 1797 886 1855 substantiam
917 1796 1117 1850 divina:
1141 1802 1195 1849 et
1217 1793 1504 1848 incﬂ‘abilis
1536 1803 1746 1849 natura;
1793 1795 2090 1864 participes

2194 1789 2505 1858 ἑλομένους,
2538 1791 2632 1844 καὶ
2660 1791 2726 1861 τῇ
2777 1787 2872 1841 τοῦ
2910 1786 3228 1857 Πνεύματος
3254 1784 3378 1857 δόξῃ
3419 1786 3518 1856 τὴν
3553 1785 3770 1839 οἰκείαν

516 1888 846 1955 είῐὶεἱειηιιτ,
878 1887 1011 1957 quid
1079 1886 1287 1940 vetabit
1333 1887 1631 1955 quominus
1688 1887 1854 1949 Deus,
1888 1886 2092 1954 rejecto

2194 1879 2569 1946 ὲξοπλίζοντας
2599 1878 2866 1948 γλῶτταν.
2913 1878 2980 1931 Τί
3007 1877 3115 1946 γὰρ
3156 1877 3220 1949 δὴ
3258 1876 3351 1930 καὶ
3396 1878 3581 1944 φαῖεν,
3635 1876 3770 1928 ὅταν

521 1980 752 2050 Spiritu,
798 1993 897 2049 per
940 1977 1181 2047 aliquam
1234 1976 1397 2030 aliam
1447 1992 1831 2046 quamcunque
1858 1976 2094 2031 voluerit

2197 1973 2438 2043 λέγωμεν
2467 1973 2680 2037 αὐτοῖς·
2723 1973 2785 2026 Εἰ
2811 1970 3027 2026 κτιστὸν
3053 1970 3114 2024 τὸ
3139 1969 3364 2040 Πνεῦμά
3390 1971 3526 2032 ἐστι,
3560 1968 3654 2022 καὶ
3674 1967 3773 2020 ἀλ-

519 2079 828 2126 creaturam
881 2068 936 2122 in
981 2068 1138 2122 nobis
1190 2068 1263 2122 sit
1307 2084 1519 2137 nosque
1564 2067 1919 2123 sanctitlcet?
1987 2066 2093 2122 Sed

2195 2066 2405 2137 λότριον
2437 2068 2534 2137 τῆς
2578 2065 2763 2131 οὐσίας
2790 2065 2883 2120 τοῦ
2912 2063 3071 2128 Θεοῦ,
3097 2063 3218 2118 καθ’
3252 2065 3417 2135 ὑμᾶς,
3454 2062 3568 2124 πῶς
3603 2062 3671 2116 ἂν
3711 2064 3771 2114 ὲν

519 2162 625 2217 Ιιοε
657 2161 995 2232 impossibile
1021 2181 1034 2216 :
1076 2175 1178 2215 nec
1207 2160 1352 2214 enim
1376 2161 1470 2216 Dei
1507 2160 1810 2216 secundum
1838 2169 2093 2214 naturam

2198 2161 2325 2229 ἡμῖν
2356 2159 2423 2211 δι’
2474 2159 2640 2212 αὐτοῦ
2679 2159 3002 2229 κατοικῆσαι
3030 2156 3163 2220 Θεός
3189 2173 3204 2223 ;
3238 2154 3354 2220 πῶς
3381 2155 3437 2209 δὲ
3469 2153 3602 2207 Θεοῦ
3643 2152 3774 2224 μέτ·

521 2253 802 2325 particeps
832 2253 959 2322 quis
997 2267 1237 2321 unquam
1287 2250 1473 2318 fuerit,
1509 2253 1616 2307 nisi
1650 2268 1746 2324 per
1793 2252 2093 2322 Spiritum:

2199 2271 2318 2324 οχος
2363 2256 2390 2307 ὁ
2422 2254 2482 2308 τὸ
2512 2253 2736 2324 Πνεῦμα
2765 2252 2979 2319 λαϐὡνς
3028 2252 3089 2306 Ei
3114 2253 3216 2324 μὲν
3257 2253 3366 2324 γάρ
3396 2254 3511 2304 ἐστι
3540 2252 3650 2303 τῶν
3684 2253 3775 2303 ὲν-

523 2345 669 2399 Deus
720 2344 885 2414 igitur
914 2353 968 2398 et
1025 2359 1091 2398 ex
1146 2342 1256 2398 Deo
1296 2352 1385 2398 est
1437 2343 1717 2413 Spiritus,
1765 2359 1983 2414 neque,
2038 2350 2098 2397 ut

2200 2345 2500 2415 δεχομένων
2531 2346 2620 2399 διά
2647 2362 2790 2409 τινος
2814 2346 2951 2410 ὅλως
2979 2344 3247 2415 γεννητῆς
3270 2344 3459 2406 οὐσίας
3488 2343 3586 2412 τῆς
3623 2342 3776 2405 Θείας

524 2437 803 2491 nonnullis
842 2436 1021 2490 visum
1054 2444 1164 2501 est,
1216 2450 1246 2489 e
1280 2451 1510 2491 numero
1554 2444 1950 2491 creaturarum.
1989 2435 2098 2491 Sed

2200 2453 2255 2488 τε
2282 2436 2376 2488 καὶ
2404 2436 2645 2507 ἀρρήτου
2677 2436 2894 2505 φύσεως
2915 2437 3063 2509 ἡμᾶς
3107 2436 3432 2508 μεταλαχεῖν
3451 2478 3465 2500 ,
3509 2434 3560 2486 τί
3589 2436 3654 2488 ἂν
3695 2435 3776 2487 ἔτι

525 2536 579 2584 et
607 2526 741 2582 illud
773 2542 937 2597 porro
995 2527 1456 2581 considerandum
1510 2529 1681 2582 venit.
1720 2528 1878 2594 Quod
1932 2526 2100 2596 parti-

2204 2527 2258 2581 τὸ
2294 2527 2498 2581 κωλῦον
2531 2528 2702 2599 ὁρῷτο
2747 2529 2838 2583 τὸν
2886 2529 3017 2584 Θεὸν
3062 2529 3153 2582 καὶ
3187 2528 3405 2598 Πατέρα
3442 2526 3504 2579 τὸ
3548 2525 3780 2595 Πνεῦμα

526 2631 657 2686 ceps
684 2616 917 2685 alicujus
963 2623 1067 2680 est,
1119 2624 1176 2669 ut
1227 2617 1455 2685 potioris
1500 2616 1803 2672 secundum
1840 2616 2100 2673 substan—

2206 2616 2598 2687 παρωσάμενον
2635 2618 2728 2672 καὶ
2759 2617 2826 2671 δι’
2853 2618 3042 2690 ἐτέρου
3068 2616 3210 2681 τινὸς
3238 2612 3406 2688 οῦπερ
3437 2617 3503 2670 ἂν
3529 2615 3782 2687 βούλοιτο

525 2706 657 2763 tiam
688 2714 743 2762 et
771 2707 1005 2763 alterius
1036 2707 1104 2761 ab
1140 2708 1261 2778 ipso
1298 2710 1541 2778 generis,
1575 2708 1723 2762 aliud
1764 2724 1990 2765 necesse
2018 2718 2101 2765 est

2203 2706 2498 2776 κτίσματος
2540 2709 2596 2761 ἐν
2626 2709 2756 2778 ἡμῖν
2816 2708 3088 2777 γίνεσθαι,
3141 2708 3234 2761 καὶ
3280 2707 3532 2776 ἀγιάζειν
3585 2707 3779 2777 ήμᾶςς

526 2813 651 2854 esse
694 2798 997 2853 secundum
1039 2808 1292 2853 naturam
1325 2799 1395 2855 ab
1433 2815 1499 2854 eo
1533 2801 1678 2870 quod
1721 2801 2098 2870 participatur.

2215 2797 2377 2851 Ἀλλὰ
2420 2798 2576 2851 τοῦτο
2619 2799 2879 2853 ἀδύνατον
2904 2816 2917 2831 ο
2976 2800 3036 2853 οὐ
3063 2799 3169 2871 γὰρ
3201 2799 3266 2853 ἂν
3295 2798 3501 2867 γένοιτό
3529 2815 3611 2861 τις
3642 2796 3780 2850 Θεοῦ

530 2889 588 2946 Si
628 2905 759 2961 ergo
787 2901 1005 2946 creatus
1044 2899 1136 2945 aut
1177 2891 1353 2948 factus
1384 2900 1468 2948 est
1518 2890 1779 2960 Spiritus,
1813 2893 2100 2961 cujusnam

2206 2889 2270 2961 δὴ
2298 2889 2390 2943 τοῦ
2432 2891 2572 2945 κατὰ
2596 2890 2757 2961 φύσιν
2793 2892 3019 2964 μέτοχος
3045 2892 3111 2946 δι’
3141 2892 3358 2964 ἐτέρου,
3393 2893 3440 2944 εί
3478 2891 3551 2961 μὴ
3574 2889 3665 2943 διὰ
3688 2889 3782 2944 τοῦ

529 2982 637 3036 erit
683 2980 901 3035 demum
962 2990 1217 3037 creatura
1257 2982 1579 3052 particeps?
1627 2984 1824 3037 Annon
1877 2985 2102 3038 omnino

2209 2980 2521 3052 Πνεῦματος
2540 2998 2554 3014 ·
2602 2982 2733 3046 Θεὸς
2763 2982 2872 3054 ἄρα
2900 2985 2996 3037 καὶ
3026 2986 3089 3037 ὲκ
3116 2983 3252 3037 Θεοῦ
3289 2982 3350 3036 τὸ
3382 2980 3640 3052 Πνεῦμα,
3691 2981 3785 3034 καὶ¹

531 3072 840 3142 suiipsius?
897 3087 1195 3128 commune
1287 3073 1491 3143 quippe
1568 3073 1784 3128 videtur
1833 3074 2102 3131 ambobus

2206 3072 2265 3125 οὐ
2296 3076 2410 3137 τοῖς
2443 3073 2724 3143 γεγονόσιν
2760 3074 3108 3146 ἐναρίθμιον,
3151 3074 3398 3145 καθάπερ
3432 3073 3581 3137 ἕδοξέ
3617 3090 3782 3127 τισιν.

531 3179 655 3220 εεεε
686 3165 831 3233 quod
858 3171 1106 3218 creatum
1135 3173 1241 3225 est.
1282 3163 1386 3219 Sed
1437 3175 1491 3220 et
1525 3166 1693 3220 creati
1727 3174 1780 3222 et
1825 3165 1954 3221 facti
2006 3183 2101 3222 na-

2209 3164 2416 3229 Ἀλλως
2444 3183 2503 3218 τε
2538 3164 2758 3219 κάκεῖνο
2786 3165 2924 3237 πρὸς
2950 3167 3109 3221 τοῦτο
3134 3168 3509 3238 διασκεπτέον.
3551 3167 3626 3220 Τὸ
3657 3167 3785 3238 μέτε

532 3265 655 3310 tura
680 3262 866 3310 nostra
897 3270 1021 3310 cum
1051 3270 1153 3310 nos
1189 3254 1384 3321 simus,
1416 3255 1541 3310 facti
1571 3273 1762 3313 sumus
1808 3258 2103 3329 participes

2210 3251 2327 3322 οχόν
2374 3269 2556 3317 τινος,
2608 3252 2684 3316 ὡς
2714 3232 3019 3326 κρείττονος
3061 3260 3183 3312 κατ’
3210 3232 3430 3324 οὐσίῖιν,
3475 3257 3573 3313 καὶ
3611 3232 3786 3329 ἑτερο-

537 3345 777 3415 Spiritus
812 3361 841 3398 a
897 3347 1060 3401 nobis
1107 3353 1305 3400 natura
1359 3347 1562 3401 diversi
1592 3366 1606 3402 :
1636 3347 1799 3418 832
1835 3365 1941 3403 non
1976 3364 2104 3419 ergo

2210 3342 2375 3413 φυοῦς
2413 3344 2444 3415 ἢ
2478 3346 2616 3417 ὅπερ
2646 3345 2793 3400 ἐστὶν
2824 3347 2986 3412 αὐτὸ,
3033 3349 3218 3421 ἕτερον
3266 3349 3406 3404 εἶναι
3435 3349 3580 3406 κατὰ
3623 3350 3786 3419 φύσιν

535 3446 756 3494 creatus
784 3444 869 3490 est
905 3436 1168 3508 Spiritus.
1209 3434 1364 3504 Quod
1398 3440 1441 3493 si
1478 3455 1669 3493 verum
1700 3449 1806 3502 est,
1845 3449 1902 3495 ut
1954 3449 2106 3496 certe

2211 3440 2422 3511 ἀνάγκη
2438 3441 2530 3494 τοῦ
2552 3443 2938 3514 μετεχομένου.
2961 3442 3024 3494 Ei
3041 3442 3218 3495 τοίνυν
3246 3440 3458 3495 κτιστὸν
3496 3443 3529 3513 ἢ
3563 3443 3787 3511 ποιητὸν

535 3538 642 3594 εει,
676 3528 817 3583 Deus
843 3536 897 3583 et
929 3543 996 3582 ex
1043 3525 1158 3582 Deo
1202 3538 1285 3583 est
1322 3529 1582 3598 Spiritus,
1626 3531 1789 3586 sicuti
1842 3532 2103 3588 diximus.

2209 3532 2268 3585 τὸ
2303 3532 2548 3603 Πνεῦμα,
2572 3534 2716 3598 τίνος
2751 3532 2903 3588 ἔσται
2925 3533 3110 3587 λοιπὸν
3134 3534 3165 3603 ἡ
3190 3535 3366 3598 κτίσις
3391 3534 3618 3605 μέτοχος
3642 3529 3785 3607 ;Ἃρ’

537 3618 683 3674 Nihil
709 3621 851 3675 enim
883 3619 1184 3673 increatuin
1230 3634 1354 3673 esse
1384 3620 1667 3689 putabitur
1699 3636 1960 3689 unquam,
1999 3622 2104 3675 nisi

2210 3624 2328 3694 οὐχὶ
2366 3624 2582 3687 πάντως
2611 3624 2848 3695 ἑαυτῆςς
2896 3624 3075 3679 κοινὸν
3107 3625 3217 3695 γὰρ
3248 3627 3437 3695 ὁρᾶται
3477 3626 3506 3678 ὃ
3539 3626 3786 3680 ἔκτισται

538 3711 688 3767 solus
744 3719 936 3763 natura
972 3709 1135 3773 Dens,
1169 3725 1233 3765 ex
1284 3725 1393 3780 quo
1451 3710 1703 3765 videlicet
1758 3709 2109 3766 ineﬂ‘abilitcr

2212 3714 2391 3769 λοιπὸν
2425 3717 2511 3769 ἐπ’
2556 3717 2776 3787 ἀμφοῖν.
2838 3716 3000 3771 Ἀλλὰ
3035 3717 3130 3770 καὶ
3187 3721 3395 3771 κτιστοὶ
3441 3720 3534 3772 καὶ
3565 3717 3788 3788 γεντιτοὶ⁵

539 3802 839 3873 procedens
891 3809 1116 3856 sanctus
1158 3799 1417 3871 Spiritus,
1472 3810 1529 3855 ut
1586 3802 1705 3872 ipse
1761 3818 1827 3856 ex
1860 3816 1968 3870 quo
2000 3810 2105 3868 est,

2211 3807 2352 3861 κατὰ
2376 3806 2536 3875 φύσιν
2569 3807 2721 3872 ὅντες
2742 3810 2902 3881 ἡμεῖς
2922 3850 2936 3871 ,
2986 3809 3061 3872 ὡς
3087 3810 3276 3880 ἑτέρου
3319 3809 3460 3863 κατὰ
3491 3809 3658 3878 φύσιν
3684 3812 3787 3864 ὑπ-

539 3892 751 3948 habitat
799 3892 852 3942 in
902 3890 1083 3944 nobis.
1138 3889 1401 3959 Proprius
1454 3891 1598 3945 enim
1663 3898 1748 3947 est
1789 3891 2111 3947 substantia:

2212 3899 2470 3969 ἀρχοντος
2498 3900 2531 3971 ἢ
2566 3900 2703 3971 ὅπερ
2734 3903 2898 3971 ἡμεῖς
2919 3940 2934 3964 ,
2964 3899 3059 3954 τοῦ
3096 3901 3414 3972 Πνεῦματος
3448 3904 3788 3973 μετεσχήκα-

540 3983 675 4045 ejus.
720 3989 773 4035 et
811 3979 1051 4048 qualitas
1099 3979 1267 4033 veluti
1315 3981 1561 4049 quanlam
1598 3982 1908 4037 sanctitatis
1965 3980 2107 4051 ejus.

2217 4008 2316 4060 μεν
2340 4006 2352 4019 ·
2388 3993 2489 4044 οὐκ
2516 3991 2623 4062 ἄρα
2660 3993 2877 4046 κτιστὸν
2906 3994 2969 4046 τὸ
2999 3994 3222 4064 Πνεῦμά
3243 3995 3409 4047 ἐστιν.
3457 3995 3518 4047 Εἰ
3548 3994 3607 4047 δὲ
3635 3994 3787 4048 τοῦτο

541 4073 720 4141 Atque
756 4071 868 4125 haec
899 4070 1117 4140 quidem
1167 4070 1219 4123 in
1252 4070 1389 4127 istos
1420 4072 1566 4126 dicta
1601 4082 1764 4127 sunto
1791 4088 1804 4124 :
1841 4072 2111 4130 adversus

2213 4080 2441 4150 ἀληθὲς,
2494 4081 2683 4155 ὥσπερ
2726 4080 2818 4138 οῦν
2864 4085 3092 4155 ἀληθὲς,
3138 4086 3274 4149 Θεὸς
3315 4086 3410 4139 καὶ
3460 4087 3526 4138 ὲκ
3555 4084 3693 4139 Θεοῦ
3730 4084 3788 4138 τὸ

541 4165 836 4217 Auentinus
866 4173 1068 4226 autem,
1104 4162 1198 4230 qui
1224 4161 1363 4216 Filio
1391 4163 1590 4217 bellum
1620 4163 1957 4231 indixerunt,
1987 4165 2112 4234 qui-

2215 4165 2459 4238 Πνεῦμα,
2490 4169 2740 4242 καθάπερ
2774 4173 3096 4243 εἰρήκαμεν.
3145 4172 3501 4244 Διαφεύξεται
3534 4174 3649 4245 γὰρ
3685 4174 3788 4228 τῶν

542 4272 647 4325 quc
673 4254 863 4308 eodem
900 4268 1061 4322 quem
1092 4261 1253 4307 antea
1293 4252 1536 4309 diximus
1572 4253 1763 4310 furore.
1805 4256 2109 4320 insaniunt,

2215 4258 2383 4313 ὅντων
2411 4260 2561 4315 οὐδὲν
2590 4260 2686 4333 τὴν
2712 4261 2805 4315 τοῦ
2842 4265 3169 4334 πεποιῆσθαι
3197 4264 3384 4330 δόξαν,
3444 4266 3491 4317 εί
3522 4265 3599 4336 μὴ
3631 4266 3788 4335 μόνος

543 4345 797 4400 nonnihil
836 4344 982 4413 quod
1013 4359 1193 4411 Opera:
1222 4347 1455 4417 pretium
1481 4346 1553 4401 sit
1591 4346 1789 4401 dicam.
1838 4363 1857 4397 ι
1900 4347 1956 4400 Si
1989 4347 2114 4415 quis

2216 4349 2245 4401 ό
2285 4349 2443 4416 φύσει
2475 4350 2636 4414 Θεὸς,
2692 4351 2752 4418 ἐξ
2797 4347 2857 4407 οῦ
2902 4354 3143 4423 δηλονότι
3195 4355 3384 4425 προϊὸν
3428 4356 3685 4427 ἀρρήτως
3729 4355 3787 4409 τὸ

543 4435 721 4503 diligit
771 4448 875 4500 me,
931 4449 1243 4489 sermonem
1297 4449 1477 4489 meum
1515 4435 1792 4501 servabit,
1847 4442 1900 4488 et
1951 4433 2114 4490 Pater

2218 4439 2444 4510 Πνεῦμα
2473 4441 2534 4492 τὸ
2553 4442 2709 4509 ἅγιον
2732 4482 2746 4507 ,
2778 4445 2852 4507 ὡς
2887 4445 3049 4508 αὐτὸς
3081 4446 3139 4510 ἐξ
3165 4442 3338 4515 οὗπέρ
3364 4449 3540 4511 ἔστιν,
3575 4448 3635 4500 ὲν
3663 4447 3788 4517 ἡμῖν

544 4541 700 4580 meus
727 4526 914 4595 diliget
944 4540 1090 4589 eum,
1112 4534 1167 4580 et
1204 4528 1268 4580 ad
1303 4542 1424 4581 eum
1460 4527 1760 4591 veniemus,
1789 4535 1843 4580 et
1875 4526 2115 4582 mansio-

2221 4533 2484 4584 κατοικεῖ.
2509 4532 2668 4585 Ἵδιον
2699 4534 2807 4604 γάρ
2837 4536 2950 4587 ἐστι
2979 4535 3077 4605 τῆς
3107 4536 3292 4599 οὐσίας
3319 4534 3506 4601 αὐτοῦ,
3534 4535 3631 4588 καὶ
3654 4535 3791 4588 ποιὸο

544 4633 667 4673 nem
698 4616 839 4685 apud
874 4632 999 4670 eum
1030 4616 1319 4673 faciemus.
1361 4637 1378 4670 ι
1407 4616 1547 4682 Quid
1577 4633 1709 4687 ergo
1741 4618 2109 4688 respondetis,

2218 4635 2318 4689 της
2349 4618 2539 4691 ὥσπερ
2574 4621 2674 4691 τῆς
2699 4623 2984 4695 ἁγιότητος
3008 4624 3193 4678 αὑτοῦ.
3224 4626 3333 4678 Καὶ
3366 4624 3538 4678 ταῦτα
3566 4624 3666 4695 μὲν
3692 4623 3789 4694 ἤδη

544 4723 580 4764 0
613 4709 820 4764 strenui
855 4708 990 4770 viri,
1026 4709 1071 4763 si
1109 4710 1235 4780 quis
1273 4709 1592 4764 sciscitatur
1631 4723 1660 4760 a
1695 4708 1870 4773 vobis,
1930 4718 2112 4763 utrum

2221 4709 2358 4783 πρὸς
2373 4711 2593 4776 τούτους
2616 4730 2631 4744 ·
2680 4716 2816 4785 πρὸς
2842 4715 2898 4768 δέ
2929 4732 2992 4783 γε
3036 4717 3164 4779 τοὺς
3206 4716 3537 4787 Ἀνομοίους,
3566 4717 3663 4770 καὶ
3693 4732 3788 4768 πο-

544 4800 685 4855 duos
732 4799 971 4854 habituri
1030 4800 1208 4855 simus
1265 4799 1397 4854 deos
1442 4799 1844 4864 inhabitantes,
1890 4798 2111 4855 Patrem

2221 4800 2404 4871 λεμεῖν
2433 4803 2740 4872 ἐγνωκότας
2767 4807 2843 4877 τῷ
2883 4805 3027 4877 Υίῷ,
3062 4806 3113 4860 οἳ
3147 4808 3240 4859 καὶ
3265 4806 3530 4875 ἀδελφὴν,
3560 4807 3655 4859 καὶ
3680 4806 3790 4875 γεί⁶

545 4892 807 4947 nimirum
839 4901 893 4947 et
923 4890 1119 4945 Filium
1151 4910 1164 4946 :
1212 4907 1282 4944 an
1324 4904 1454 4944 vero
1490 4887 1635 4944 Deus
1684 4906 1826 4946 unus
1862 4890 1916 4944 in
1951 4891 2113 4947 nobis

2222 4908 2350 4945 τονα
2389 4896 2501 4957 τοῖς
2529 4897 2839 4966 εἰρημένοις
2876 4898 3006 4968 ἡμῖν
3049 4898 3249 4969 ἀρτίω,
3299 4897 3516 4951 νοσοῦσι
3568 4897 3788 4967 μανίαν,

548 4981 883 5051 intelligatur
909 4995 973 5035 ac
1005 4994 1129 5035 vere
1182 4980 1291 5034 sit?
1337 4976 1471 5032 Nam
1505 4979 1552 5033 si
1607 4987 1801 5033 natura
1858 4980 2113 5036 diversus

2225 4982 2337 5054 ἐρῶ
2365 5002 2418 5037 τι
2436 4984 2545 5039 τῶν
2566 4989 2897 5056 ἀναγκαίων.
2924 5008 2943 5039 ι
2966 4989 3091 5043 Ἐάν
3114 5007 3196 5053 τις
3213 4990 3401 5059 ἀγαπᾷ
3427 5006 3515 5060 με,
3533 4988 3624 5043 τὸν
3640 4988 3788 5056 λόγον

546 5079 633 5127 εει
660 5071 878 5125 omnino
933 5069 1106 5123 Filius
1152 5078 1206 5122 et
1247 5068 1301 5120 in
1340 5066 1558 5137 propria
1622 5069 1858 5138 quadam
1916 5081 2112 5125 natura

2225 5089 2326 5144 μου
2353 5077 2605 5146 τηρήσει,
2638 5079 2728 5132 καὶ
2759 5080 2787 5133 ό
2818 5082 3010 5153 Πατήρ
3042 5099 3144 5151 μου
3181 5081 3456 5148 ἀγαπήσει
3488 5079 3673 5142 αὑτὸν,
3702 5078 3789 5133 καὶ

550 5162 893 5231 intelligitur,
929 5161 1209 5230 quomodo
1259 5173 1490 5213 necesse
1530 5168 1754 5213 nonest
1795 5159 1935 5217 duos
1981 5161 2113 5218 deos

2222 5164 2360 5234 πρὸς
2392 5167 2554 5220 αὐτὸν
2591 5167 2947 5241 ἐλευσόμεθα,
2980 5172 3073 5225 καὶ
3104 5169 3270 5242 μονὴν
3291 5168 3419 5241 παρ’
3446 5167 3595 5237 αὐτῷ
3635 5184 3788 5235 ποιη-

551 5255 606 5308 in
635 5254 795 5309 nobis
826 5268 950 5308 esse
982 5250 1223 5317 credere,
1256 5250 1511 5304 mandata
1538 5252 1935 5307 servantibus?
1959 5252 2114 5319 Quod

2224 5254 2485 5325 σόμεθα.»
2516 5259 2582 5313 Τί
2602 5255 2714 5329 οῦν,
2734 5256 2778 5316 ὦ
2804 5266 3061 5330 γενναῖοι,
3080 5263 3237 5333 φατὲ,
3268 5259 3624 5315 διαπυθέσθαι
3653 5258 3788 5321 τινὸς

549 5345 597 5402 si
626 5347 791 5402 unius
830 5361 936 5399 non
968 5352 1146 5398 autem
1179 5342 1413 5396 duorum
1447 5343 1674 5398 deorum
1719 5346 1919 5415 templa
1969 5346 2109 5401 dici-

2222 5345 2497 5413 ἐθέλοντος
2526 5353 2619 5405 καὶ
2649 5351 2838 5423 μαθεῖν
2883 5353 3160 5419 ἀξιοῦντος
3199 5351 3328 5424 παρ’
3357 5349 3534 5423 ὑμῶν,
3568 5347 3788 5421 πότερόν

550 5453 692 5501 mur,
719 5436 882 5490 Patre
903 5449 967 5489 ac
996 5432 1135 5488 Filio
1166 5434 1219 5489 in
1250 5434 1409 5489 nobis
1438 5435 1836 5503 habitantibus,
1863 5454 2111 5509 quaenam

2224 5453 2352 5490 ποτε
2378 5438 2470 5492 δύο
2499 5438 2654 5506 θεοὺς
2679 5442 2871 5515 ἕξομεν
2908 5443 3248 5509 ἐνοικοῦντας
3269 5485 3282 5511 ,
3324 5443 3413 5497 τὸν
3446 5440 3669 5514 Πατέρα
3698 5437 3789 5492 καὶ

617 5611 664 5645 ³³
700 5605 863 5662 Rom.
896 5619 1015 5675 Vill,
1042 5605 1130 5662 Η.
1203 5608 1462 5685 ιιότηω.
1490 5624 1562 5674 tr,
1596 5608 1648 5664 6.
