3992 6316
177 239 289 298 995

1215 236 1591 294 INJOANNIS
1623 234 2072 294 EYANGELIUM
2111 233 2239 291 LIB.
2279 234 2350 289 Χ.

3347 227 3454 283 τοι

175 334 271 388 τὸν
298 330 429 387 Υίόν
456 349 470 365 ·
526 331 560 403 ἢ
590 331 723 396 θεὸς
755 328 840 395 εἷς
884 331 942 384 ὲν
983 332 1112 403 ἡμῖν
1143 335 1340 386 νοεῖται
1370 351 1429 387 τε
1475 337 1572 387 καὶ
1617 335 1765 388 ἔστιν

1882 335 2023 389 ratio
2055 334 2110 388 in
2138 334 2301 388 nobis
2327 331 2469 386 duos
2503 329 2629 393 illos
2661 328 2730 384 ad
2763 328 3028 384 unitatem
3050 329 3266 401 redigit,
3319 346 3446 387 cum

178 424 439 494 ἀληθῶςς
487 424 552 476 Et
582 423 682 493 μὲν
712 422 818 492 γάρ
849 422 1033 493 ἕτερός
1059 425 1176 477 ἐστι
1212 425 1353 478 κατὰ
1386 426 1547 495 φύσιν
1580 428 1608 479 6
1641 427 1769 489 Υἱὸς

179 512 462 574 παντελῶς
501 511 592 564 καλ⁵
637 512 696 564 ὲν
737 511 844 582 ἰδίᾳ
890 513 996 564 τινί
1040 513 1202 581 φύσει
1255 513 1586 585 νοούμενος,
1649 514 1768 579 πῶς

179 606 282 658 οὐκ
311 603 526 674 ἀνάγκη
553 600 719 655 δυάδα
758 601 898 655 θεῶν
929 604 990 656 ὲν
1018 605 1149 673 ἡμῖν
1179 604 1432 671 γενέσθαι
1469 606 1766 670 πιστεύειν,

180 698 310 749 ὅταν
341 695 598 765 τηρῶμεν
633 693 733 757 τὰς
756 694 976 757 ἐντολάς
1008 712 1022 761 ;
1079 696 1140 748 Ei
1173 697 1228 748 δὲ
1279 698 1397 749 ναοὶ
1426 698 1766 769 χρηματίζο-

186 805 308 858 μεν,
333 788 451 850 ἑνὸς
468 785 710 857 δηλονότι
737 785 831 839 καὶ
852 787 913 838 οὐ
928 785 1028 838 δύο
1053 786 1210 850 θεῶν,
1234 789 1362 840 ὅταν
1382 790 1513 858 ἡμῖν
1537 792 1564 841 ὁ
1583 790 1770 860 Πατὴρ

184 881 280 934 καὶ
322 877 500 942 όΥίὸς
551 877 965 944 ὲναυλίζωνται,
1015 881 1164 942 ποῖος
1195 882 1252 933 ἐν
1295 883 1431 951 ἡμῖν
1484 882 1566 934 ἔτι
1611 881 1772 950 λόγος

188 972 466 1026 συστέλλει
502 971 637 1041 πρὸς
678 971 906 1042 ἑνότητα
953 973 1080 1036 τοὺς
1119 972 1241 1037 δύο,
1290 973 1392 1044 τῆς
1421 976 1541 1028 κατ’
1581 974 1772 1040 οὐσίας

187 1063 514 1133 Διιαυτότητος
556 1061 657 1114 οὐκ
685 1060 914 1131 ἐχούσης
941 1059 1106 1114 τόπον
1125 1103 1140 1126 ,
1181 1061 1324 1114 κατά
1353 1079 1418 1130 γε
1446 1061 1544 1132 τὴν
1575 1062 1772 1132 ὑμετέ-

192 1171 290 1226 ραν
353 1151 816 1224 φρενοϐλάϐειανς
867 1153 936 1206 Ἢ
982 1151 1093 1224 γὰρ
1159 1154 1372 1224 ἀνάγκη
1421 1155 1641 1222 λέγειν,
1689 1155 1770 1208 ὅτι

186 1243 358 1313 ψευδῆ
389 1243 527 1314 πρὸς
551 1243 701 1312 ἡμᾶς
745 1241 1040 1313 λελάληκεν
1069 1246 1098 1298 6
1131 1245 1395 1314 Χριστὸς,
1443 1243 1771 1309 ἐνοικίζεται

177 1335 240 1389 δὲ
294 1337 456 1408 μόνον
491 1339 622 1408 ἡμῖν
655 1339 683 1390 6
715 1338 908 1408 Πατὴρ
950 1338 1038 1392 διά
1079 1339 1173 1392 τοῦ
1205 1341 1522 1412 Πνεύματος
1544 1357 1558 1372 ο
1605 1341 1771 1411 ἤγουν

187 1430 390 1482 ἐνοικεῖ
415 1429 513 1499 μὲν
541 1429 735 1492 αὐτὸς,
787 1429 982 1483 ἄπεστι
1010 1430 1067 1482 δὲ
1093 1434 1121 1484 6
1151 1433 1363 1503 Πατήρ.
1417 1433 1577 1486 Ἀλλά
1615 1433 1772 1487 τοῦτο

1868 427 2022 497 juxta
2046 434 2278 481 vestram
2305 424 2659 485 dementiam,
2688 421 2963 477 identitati
2991 420 3316 477 substantia:
3335 438 3446 478 non

1872 518 1944 574 sit
1961 516 2146 571 locus?
2166 515 2260 570 Vel
2288 515 2433 570 enim
2451 530 2676 570 necesse
2696 523 2782 569 est
2802 515 2984 570 dicere
3003 513 3282 570 Christum
3309 513 3448 569 l‘alsa

1873 609 2032 663 nobis
2070 624 2193 662 esse
2231 609 2504 668 locutum,
2528 616 2583 662 et
2613 607 2920 661 inhabitare
2949 615 3158 660 tantum
3203 607 3259 661 in
3290 607 3452 661 nobis

1871 700 2086 755 Patrem
2117 717 2213 770 per
2237 699 2503 766 Spiritum
2526 717 2542 764 ;
2567 700 2651 753 vel
2677 699 2984 754 inhabitare
3004 701 3224 770 quidem
3245 700 3449 770 ipsum,

1873 795 2067 849 abesse
2085 809 2216 847 vero
2234 793 2475 846 Patrem.
2493 791 2563 844 At
2587 792 2688 845 hoc
2717 791 3014 846 absurdum
3039 811 3051 846 :
3075 807 3220 846 unus
3251 791 3454 862 quippe

1874 886 2016 940 Deus
2055 892 2142 940 est
2174 886 2227 937 in
2262 883 2441 947 nobis,
2489 899 2612 938 cum
2655 882 2850 938 ambos
2897 883 3267 949 suscepimus.
3329 881 3453 936 Non

1873 992 2002 1046 ergo
2052 977 2284 1032 diversae
2331 991 2360 1028 a
2422 975 2585 1030 Patre
2643 989 2746 1030 suo
2794 974 3120 1029 substantiae
3171 974 3456 1043 apparebit.

1876 1065 2225 1136 Unigeuitus,
2261 1066 2357 1120 sed
2390 1081 2454 1119 ex
2487 1065 2695 1134 seipsu,
2723 1075 2776 1119 et
2823 1065 2876 1117 in
2914 1065 3054 1134 ipso,
3087 1065 3233 1118 sicut
3267 1065 3318 1119 in
3367 1065 3454 1118 lu-

1873 1157 2019 1211 mine
2057 1156 2322 1227 splendor
2367 1157 2460 1225 qui
2501 1172 2563 1210 ex
2624 1171 2731 1210 eo:
2785 1154 2888 1208 hoc
2937 1157 3083 1210 enim
3135 1155 3318 1216 modo,
3345 1169 3456 1208 non

1873 1258 2056 1303 autem
2112 1248 2242 1312 alio,
2275 1249 2520 1319 mysterii
2555 1248 2638 1302 vis
2667 1255 2722 1302 et
2779 1247 2923 1301 ratio
2979 1262 3106 1301 vera
3154 1245 3338 1300 fuerit.
3391 1243 3459 1298 Et

1875 1342 2094 1410 quidem
2121 1341 2346 1395 divinus
2391 1339 2596 1395 Paulus
2634 1355 2746 1394 non
2783 1340 3016 1410 duorum
3049 1339 3276 1393 deorum
3323 1346 3460 1392 tem-

1873 1436 1963 1504 pla
1995 1449 2095 1488 nos
2131 1435 2444 1503 appellavit,
2487 1432 2582 1487 sed
2612 1434 2776 1488 unius
2807 1449 2821 1484 :
2859 1450 2876 1482 ι
2931 1430 3193 1496 Nescitis,
3257 1430 3458 1500 inquit,

188 1522 388 1575 ἄτοπον
410 1536 424 1552 ⁶
477 1517 559 1586 εἷς
587 1521 644 1574 δὲ
674 1521 807 1586 Θεὸς
835 1524 893 1576 ὲν
936 1525 1097 1594 ἡμῖν,
1133 1525 1261 1578 ὅταν
1293 1527 1460 1596 ἄμφω
1492 1526 1767 1598 λάϐωμεν.

1882 1528 2002 1596 quia
2024 1527 2288 1595 templum
2316 1525 2412 1580 Dei
2449 1526 2609 1588 estis,
2644 1535 2697 1578 et
2723 1525 2968 1594 Spiritus
3005 1523 3100 1578 Dei
3139 1524 3352 1578 habitat
3403 1523 3460 1576 in

188 1613 299 1682 Οὐκ
329 1612 671 1684 ὲτεροούσιος
696 1613 803 1680 ἄρα
833 1615 972 1686 πρὸς
1006 1615 1097 1668 τὸν
1125 1617 1319 1670 ἑαυτοῦ
1348 1617 1566 1688 Πατέρα
1594 1621 1774 1688 φανεῖ-

1882 1619 2032 1673 vobis
2053 1618 2138 1670 ’5?
2163 1637 2184 1670 ι
2221 1616 2383 1673 Vides
2415 1627 2506 1683 ut,
2545 1618 2598 1672 in
2634 1617 2954 1672 substantia:
2999 1617 3338 1671 identitatem
3365 1615 3463 1670 Pa-

176 1722 276 1757 ’ται
318 1704 509 1758 λοιπὸν
553 1707 581 1757 6
629 1706 971 1776 Μονογενὴς,
1028 1707 1158 1770 mn;
1186 1707 1246 1774 ἐξ
1295 1708 1524 1774 ἑαυτοῦ,
1573 1712 1667 1764 καὶ
1717 1712 1775 1765 ἐν

1882 1713 1960 1760 tre
1988 1713 2042 1761 et
2091 1704 2228 1760 Filio
2257 1707 2494 1771 collatis,
2557 1707 2756 1776 templa
2796 1722 2900 1762 nos
2949 1706 3129 1763 factos
3177 1722 3301 1762 esse
3349 1707 3460 1770 ait,

186 1796 366 1867 αὐτῷ,
407 1796 663 1868 καθάπερ
703 1800 760 1851 ὲν
812 1799 890 1868 τῷ
938 1800 1080 1868 φωτὶ
1115 1800 1174 1854 τὸ
1218 1802 1560 1872 ἀπαύγασμα
1607 1803 1666 1858 τὸ
1712 1804 1771 1870 ἐξ

1882 1813 1984 1853 non
2017 1800 2268 1862 deorum,
2307 1799 2403 1853 sed
2443 1798 2557 1852 Dei.
2584 1797 2695 1852 Cur
2729 1800 2882 1854 vanis
2916 1799 3082 1868 igitur
3124 1800 3462 1854 ratiunculis

184 1888 380 1942 αὐτοῦ’
429 1889 518 1960 εἴη
549 1889 657 1961 γὰρ
691 1889 756 1944 ἂν
785 1889 930 1944 οῦτω
969 1892 1062 1944 καὶ
1092 1893 1189 1963 οὐχ
1236 1893 1440 1964 ἑτέρως
1475 1897 1506 1966 ἡ
1544 1894 1639 1947 τοῦ
1673 1913 1772 1962 μυ-

1882 1890 2130 1945 veritatis
2179 1890 2288 1943 vim
2327 1890 2655 1953 concutitis,
2706 1897 2760 1945 et
2795 1890 3096 1960 impietatis
3142 1900 3339 1946 vestrae
3367 1906 3465 1944 ve-

185 1981 410 2051 στηρίου
439 1981 672 2052 δύναμις
696 1981 923 2053 ἀληθής.
967 1985 1078 2037 Καὶ
1098 1984 1232 2053 γοῦν
1260 1987 1288 2039 6
1313 1986 1601 2050 θεσπέσιος
1623 1987 1772 2040 Παῦ-

1882 1997 2085 2038 nenum
2108 1984 2175 2038 iis
2207 1982 2501 2036 infunditis
2529 1981 2624 2052 qui
2648 1996 2838 2037 sacras
2869 1981 3196 2053 divinasque
3226 1981 3466 2038 Litteras

181 2071 272 2134 λος
293 2112 308 2135 ,
358 2073 480 2142 οὐχὶ
507 2073 600 2126 δύο
623 2074 759 2127 θεῶν
787 2076 936 2144 ἡμᾶς
961 2075 1215 2146 ὠνόμασε
1248 2079 1408 2140 ναοὺς
1428 2119 1442 2142 ,
1504 2078 1619 2132 ἀλλ’
1653 2079 1772 2142 ἑνὸς

1882 2075 2352 2131 inconsideratius
2379 2075 2648 2144 attingere
2681 2073 2904 2128 solent?

175 2164 424 2234 δηλονότι
465 2170 555 2221 καὶ
610 2170 798 2226 αὐτοῦ.
831 2189 850 2224 ι
895 2172 1016 2226 Οὐκ
1042 2174 1219 2226 οἴδατε
1239 2215 1253 2236 .
1282 2176 1476 2246 φησὶν,
1521 2177 1604 2229 ὅτι
1639 2175 1764 2239 ναὸς
1803 2173 1938 2228 Θεοῦ
1965 2177 2086 2228 ἐστε
2110 2215 2124 2241 ,
2159 2173 2341 2227 καὶτὸ
2366 2173 2590 2244 Πνεῦμα
2621 2174 2715 2227 τοῦ
2743 2173 2878 2227 Θεοῦ
2914 2174 3054 2227 οἰκεῖ
3119 2176 3177 2228 ὲν
3245 2175 3409 2245 ὑμῖν;
3441 2198 3463 2234 ι

193 2256 359 2328 Ὁρᾷς
388 2262 504 2324 ὅτι,
547 2263 972 2332 συνεισενεγκὼν
1005 2269 1084 2330 είς
1111 2267 1297 2330 οὐσίας
1331 2270 1638 2340 ταυτότητά
1672 2268 1765 2322 τὸν
1804 2267 2024 2339 Πατέρα
2045 2267 2247 2321 καὶτὸν
2269 2268 2416 2333 Υίὸν,
2436 2267 2597 2330 ναοὺς
2619 2268 2768 2338 ἡμᾶς
2831 2265 3208 2336 ἀποδεδεῖχθαί
3279 2282 3467 2338 φησιν,

180 2350 239 2401 οὐ
271 2349 412 2402 θεῶν
439 2352 662 2421 μᾶλλον,
686 2355 824 2408 ἀλλὰ
847 2355 1008 2410 Θεοῦ.
1071 2359 1136 2412 Τί
1207 2360 1390 2414 τοίνυν
1447 2361 1677 2424 είκαίοις
1739 2359 2155 2430 παρακρούεσθε
2190 2359 2468 2430 λογισμοῖς
2516 2359 2617 2434 τῆς
2663 2357 2918 2428 ἀληθείας
2955 2357 3052 2428 τὴν
3081 2357 3340 2426 δύναμιν,
3375 2349 3470 2408 καὶ

181 2440 282 2509 τῆς
305 2442 514 2496 ἑαυτῶν
546 2445 865 2509 δυσσεϐείας
891 2447 982 2501 τὸν
1017 2447 1092 2502 ῖδν
1115 2450 1466 2522 ἐπισπείρετε
1498 2454 1612 2514 τοῖς
1643 2449 1985 2522 ἀλογώτερον
2011 2451 2227 2504 εἰωθόσι
2257 2450 2617 2521 προσϐάλλειν
2641 2454 2756 2514 τοῖς
2806 2453 2972 2521 ἱεροῖς
3031 2467 3092 2504 τε
3152 2450 3249 2504 κα)⁸
3301 2447 3470 2504 θείοις

178 2531 518 2603 Γράμμασιν
547 2553 560 2599 ;

268 2626 330 2679 ⁸0
364 2626 450 2696 μὴ
492 2628 740 2698 ἀγαπῶν
758 2649 854 2702 με,
889 2634 1032 2700 τοὺς
1060 2635 1284 2705 λόγους
1305 2654 1424 2705 μου
1450 2638 1520 2691 οὐ
1549 2636 1732 2705 τηρεῖ.

253 2806 662 2876 Προαποδείξις
727 2805 786 2865 εὖ
846 2811 989 2881 μάλα
1040 2813 1134 2866 καὶ
1178 2813 1554 2884 διορισάμενος
1598 2815 1775 2888 ὀρθῶς

179 2898 329 2962 τίνες
361 2898 426 2952 ἂν
457 2895 564 2953 εἷεν
592 2903 640 2954 οἱ
669 2903 993 2972 ἀγαπῶντες
1013 2906 1197 2969 αὑτὸν,
1231 2906 1496 2976 μεθέξωσι
1525 2907 1580 2961 δὲ
1603 2909 1774 2962 ποίων

182 2989 430 3058 ἀγαθῶν,
467 2993 708 3062 μέτεισιν
741 2995 902 3059 εὐθὺς
925 2996 1009 3066 ἐφ’
1032 2997 1250 3068 ἑτέρους
1278 2999 1405 3061 τοὺς
1428 2997 1581 3052 οὔπω
1601 2999 1775 3068 φιλεῖν

182 3082 498 3153 ἑλομένους.
533 3086 610 3138 Οὐ
641 3085 749 3157 γὰρ
779 3087 992 3141 ἔσονται
1026 3089 1285 3157 φύλακες,
1320 3091 1476 3158 φησὶ,
1513 3092 1774 3163 ῥημάτων

181 3173 295 3228 ¹ιιῶν
321 3175 475 3246 ἐμῶν
499 3189 511 3203 '
551 3176 710 3231 τοῦτο
741 3179 850 3250 γάρ
879 3180 994 3233 ἐστι
1021 3179 1102 3243 τὸ,
1135 3182 1209 3234 Ού
1237 3183 1470 3254 τηρήσει
1496 3182 1585 3236 τὸν
1617 3183 1775 3252 λόγον

186 3285 314 3337 μου,
373 3269 448 3333 ὡς
479 3269 600 3325 καθ’
639 3269 755 3334 ἐνὸς
802 3272 836 3343 ἢ
887 3273 1015 3344 περὶ
1071 3273 1188 3338 ἐνὸς
1234 3273 1546 3345 λεγόμενον,
1600 3276 1647 3327 εί
1682 3276 1778 3328 καὶ⁸

183 3358 450 3416 πλατεῖάν
497 3381 615 3426 πως
645 3364 757 3435 ἔχει
795 3366 885 3419 καὶ
921 3365 1144 3438 γενικὴν
1176 3368 1277 3438 τὴν
1316 3367 1566 3440 δήλωσιν.
1625 3369 1780 3422 Ἀκο-

181 3452 393 3518 λούθως
417 3455 478 3508 δὲ
509 3457 712 3528 σφόδρα
760 3459 852 3512 καὶ
879 3457 1037 3513 τοῦτό
1065 3477 1249 3532 φησιν.
1300 3462 1363 3514 Εί
1414 3461 1524 3532 γάρ
1567 3463 1664 3533 τῆς
1699 3464 1780 3527 είς

176 3543 350 3598 αὐτὸν
383 3545 608 3618 ἀγάπης
632 3549 906 3614 ἀπόδειξις
934 3549 1087 3604 ἔσται
1118 3552 1294 3621 σαφὴς
1323 3553 1383 3604 τὸ
1411 3553 1650 3624 τηρῆσαι
1681 3553 1780 3618 τὰς

183 3636 562 3708 ἑπολάς,ἧτοι
588 3639 681 3694 τὸν
705 3644 832 3714 παρ’
861 3643 1025 3696 αὐτοῦ
1049 3642 1226 3712 λόγον,
1258 3645 1343 3713 εἴη
1369 3645 1540 3715 δήπου
1562 3646 1780 3710 πάντως

181 3726 244 3782 ὃν
277 3728 485 3799 ἀληθὲς
515 3731 696 3785 καὶτὸ
730 3734 992 3787 ἐναντίον.
1021 3737 1230 3807 Δεῖγμα
1261 3736 1370 3806 γὰρ
1400 3737 1553 3791 ἔσται
1579 3737 1672 3790 τοῦ
1703 3737 1778 3809 μὴ

184 3817 411 3872 ἑλέσθαι
463 3819 658 3889 φιλεῖν,
707 3824 770 3875 τὸ
819 3822 888 3876 δι’
920 3823 1131 3889 οὐδενὸς
1169 3826 1440 3879 ποιεῖσθαι
1488 3826 1647 3896 λόγου
1680 3827 1779 3898 τὴν

185 3911 433 3982 ἐντολὴν,
468 3912 841 3983 παρωθεῖσθαι
872 3915 930 3969 δὲ
955 3915 1013 3969 τὸ
1045 3917 1493 3988 κεκελευσμένον,
1527 3918 1778 3990 καθάπερ

183 4023 237 4058 τι
278 4005 391 4058 τῶν
433 4005 636 4059 ἀδικεῖν
679 4006 964 4064 είωθότων.
1009 4007 1370 4080 Ἀλλ’ῶσπερ
1401 4013 1513 4072 τοῖς
1545 4010 1780 4080 νομοφύ-

183 4097 338 4162 λαξιν
370 4097 656 4152 ὲνοικίσειν
681 4099 873 4152 ἑαυτὸν
899 4099 1034 4170 ὁμοῦ
1061 4099 1140 4170 τῷ
1167 4099 1286 4169 Θεῷ
1314 4100 1409 4153 καὶ
1437 4102 1611 4170 Πατρὶ
1639 4118 1778 4155 κατ-

185 4187 559 4257 επηγγέλλετο
583 4204 598 4219 ·
640 4189 779 4242 κατὰ
807 4188 899 4243 τὸν
937 4189 1122 4252 αὐτὸν,
1154 4185 1327 4260 οἶμαι.
1362 4191 1516 4259 λόγον
1559 4191 1667 4244 τῶν
1700 4193 1776 4263 μὴ

183 4279 450 4332 τοιούτων
475 4271 925 4350 ἅπαναστήσεται
957 4281 1050 4335 καὶ
1091 4283 1451 4353 άποφοιτήσει
1481 4274 1776 4347 παντέλῶς.

199 4371 518 4442 ’Δληθεύσει
547 4373 656 4442 γάρ
683 4371 857 4442 λέγων
881 4375 913 4426 6
946 4373 1199 4444 Σολομὼν
1225 4375 1307 4426 ὅτι
1338 4375 1418 4437 εἰς
1451 4375 1779 4444 κακότεχνον

185 4464 369 4534 ψυχὴν
399 4464 562 4532 σοφία
589 4465 688 4516 οὐκ
720 4464 1108 4528 εἰσελεύσεται,
1141 4465 1262 4518 οὐδὲ
1293 4469 1539 4518 κατοικεῖ
1571 4469 1628 4520 ἐν
1676 4465 1778 4520 σώ-

1951 2629 2091 2696 XlV,
2127 2629 2218 2684 24.
2249 2628 2355 2694 Qui
2385 2645 2489 2682 non
2520 2629 2697 2699 diligit
2739 2646 2841 2695 me,
2874 2644 3142 2684 sermones
3189 2646 3330 2686 meos
3361 2647 3469 2686 non

1878 2730 2050 2776 θεῖναι
2058 2761 2070 2774 .

1950 2814 2251 2885 Postquam
2281 2814 2616 2869 ostenditac
2650 2820 2800 2868 recte
2842 2811 3092 2868 deﬁnivit
3139 2815 3302 2886 833
3339 2817 3468 2886 qui-

1880 2921 2007 2962 nam
2044 2908 2158 2963 sint
2187 2907 2282 2976 qui
2315 2906 2554 2976 diligunt
2595 2915 2743 2971 eum,
2795 2913 2850 2960 et
2894 2905 3137 2975 qualium
3196 2909 3468 2962 honorum

1881 3000 1995 3058 sint
2045 3002 2378 3071 participes,
2433 2999 2502 3052 ad
2551 2998 2693 3054 alios
2749 2998 2936 3054 statim
2986 3014 3046 3053 se
3110 3000 3328 3056 confert
3373 3001 3469 3070 qui

1884 3093 2133 3149 nondum
2164 3093 2393 3163 diligere
2425 3105 2550 3144 eum
2585 3089 2639 3143 in
2677 3089 2923 3144 animum
2959 3090 3323 3147 induxerunt.
3353 3091 3470 3147 Nec

1882 3181 2054 3243 enim,
2085 3181 2285 3250 inquit,
2321 3178 2486 3234 verba
2529 3193 2648 3232 mea
2688 3179 3044 3234 custodierit:
3076 3180 3181 3235 hoc
3215 3191 3322 3244 est,
3349 3181 3472 3238 Non

1880 3273 2120 3328 servabit
2151 3287 2466 3327 sermonem
2503 3288 2706 3338 meum,
2736 3273 2882 3343 quod
2937 3273 3096 3342 quasi
3143 3273 3211 3326 d-e
3245 3289 3352 3326 uno
3382 3275 3470 3328 di-

1879 3364 2178 3429 citur,licet
2235 3363 2474 3432 amplam
2547 3361 2961 3430 quodammodo
3033 3371 3088 3416 et
3161 3363 3468 3431 generalem

1880 3455 2342 3527 signiﬁcationem
2390 3454 2612 3508 habeat.
2659 3452 2831 3508 Valde
2865 3463 3047 3508 autem
3096 3465 3472 3510 consentanea

1881 3547 2030 3603 istud
2076 3547 2240 3600 etiam
2279 3545 2419 3600 inlit.
2471 3543 2606 3598 Nam
2646 3545 2693 3601 si
2739 3545 2994 3599 mandata
3025 3545 3108 3600 vel
3157 3561 3469 3601 sermonem

1879 3637 2002 3708 ejus
2037 3651 2257 3691 servare
2303 3634 2623 3689 dilectionis
2657 3636 2711 3688 in
2755 3635 2934 3704 ipsum
2991 3635 3349 3691 manifestum
3386 3644 3474 3692 est

1879 3736 2262 3798 argumentum
2315 3734 2479 3796 atque
2529 3725 2837 3792 indicium,
2887 3727 2992 3781 erit
3027 3729 3216 3797 utique
3279 3746 3468 3785 verum

1878 3821 2241 3875 contrarium.
2295 3818 2612 3873 Mandatum
2661 3821 2808 3872 enim
2848 3833 2951 3887 pro
3001 3819 3175 3874 nihilo
3223 3821 3468 3889 habere,

1879 3920 1934 3968 et
1965 3913 2109 3982 quod
2135 3913 2354 3982 jussum
2385 3919 2470 3967 est
2508 3912 2657 3966 velut
2696 3910 2958 3967 infestum
2990 3913 3270 3981 quidpiam
3302 3929 3468 3970 aver-

1881 4005 2015 4068 sari,
2080 4004 2288 4058 indicio
2342 4011 2428 4057 est
2477 4003 2610 4057 nihil
2673 4018 2798 4058 esse
2865 4002 3200 4057 dilectionis.
3265 4002 3470 4059 Verum

1880 4095 2340 4164 quemadmodum
2385 4095 2440 4148 in
2496 4095 2674 4163 legum
2722 4093 3171 4148 observatoribus
3226 4094 3470 4163 seipsum

1881 4202 1988 4242 una
2023 4202 2149 4242 cum
2203 4185 2314 4241 Deo
2353 4200 2417 4240 ac
2468 4184 2631 4240 Patre
2678 4185 3116 4238 inhabitaturum
3165 4186 3466 4255 promisit:

1879 4279 2100 4342 eodem,
2137 4279 2355 4348 opinor,
2390 4277 2554 4332 modo
2610 4277 2680 4330 ab
2725 4276 2794 4331 iis
2850 4275 2947 4346 qui
3000 4277 3138 4332 tales
3186 4294 3294 4332 non
3339 4285 3470 4334 sunt

1881 4385 2110 4442 prorsus
2139 4369 2380 4424 recedet.
2417 4367 2556 4423 Vere
2597 4368 2743 4423 enim
2777 4368 2998 4423 locutus
3043 4378 3129 4424 est
3185 4369 3466 4436 Salomon,

1881 4478 2006 4514 cum
2037 4461 2199 4526 dixit,
2229 4462 2280 4514 in
2317 4460 2642 4513 malevolam
2685 4459 2924 4513 animam
2959 4475 3069 4514 non
3113 4461 3467 4516 introituram

190 4573 324 4624 ματι
353 4557 643 4626 κατάχρεῳ
679 4556 972 4628 ἁμαρτίας.
1005 4558 1113 4610 Καὶ
1139 4557 1250 4627 γάρ
1279 4575 1361 4611 τοι
1387 4559 1478 4611 καὶ
1510 4558 1595 4627 ἐφ’
1620 4558 1775 4629 ἡμῶν

1884 4553 2234 4622 sapientiam,
2272 4566 2372 4606 nec
2403 4551 2655 4606 habitare
2690 4553 2744 4605 in
2784 4567 3016 4622 corpore
3059 4553 3303 4609 obnoxio
3339 4570 3468 4623 pec.

187 4647 364 4710 οὕτως
413 4647 644 4718 ἔχουσαν
673 4649 926 4720 εὑρήσεις
961 4648 1054 4702 τοῦ
1091 4649 1413 4720 πράγματος
1458 4651 1560 4721 ⁴τὴν
1594 4651 1775 4720 φύσιν.

1882 4645 2021 4698 catis
2044 4645 2111 4696 '°.
2145 4641 2361 4698 Etenim
2402 4644 2477 4697 ita
2511 4658 2570 4697 se
2606 4643 2683 4697 rei
2720 4653 2973 4698 naturam
3008 4645 3062 4698 in
3102 4646 3264 4700 nobis
3299 4644 3464 4698 etiam

190 4741 260 4792 Ἦ
287 4739 401 4809 γὰρ
429 4739 549 4809 οὐχὶ
577 4742 690 4803 τοῖς
719 4741 982 4812 όμόφροσι
1017 4741 1112 4794 καὶ
1133 4741 1465 4813 ὁμοτροπεῖν
1503 4743 1775 4814 ἑλομένοις

1882 4736 2079 4791 habere
2101 4737 2426 4806 comperies.
2479 4735 2737 4806 Nunquid
2787 4737 2935 4791 enim
2966 4752 3089 4790 cum
3148 4737 3217 4790 iis
3254 4735 3464 4790 versari

188 4831 248 4883 τὸ
280 4830 684 4884 συνδιαιτᾶσθαι
719 4832 918 4901 μᾶλλον
950 4832 1116 4902 ἥγουν
1147 4835 1260 4896 τοῖς
1286 4833 1492 4904 ἑτέροις
1521 4837 1683 4888 παντί
1701 4853 1775 4906 τῳ

1882 4833 2114 4902 quisque
2139 4832 2378 4886 maxime
2411 4832 2564 4901 cupit
2596 4847 2736 4902 quos
2766 4832 2959 4887 iisdem
2998 4843 3182 4883 secum
3215 4826 3464 4882 moribus

187 4923 510 4991 τετίμηνται
557 4921 683 4993 [γρ.
734 4922 1106 4995 τετίμηται];
1178 4942 1196 4974 ι
1228 4925 1423 4978 Καίτοι
1479 4927 1585 4978 πᾶν
1643 4926 1775 4989 ζῶον

1882 4938 1944 4978 ac
1973 4924 2026 4977 in
2057 4923 2248 4978 eadem
2273 4924 2543 4979 sententia
2566 4940 2690 4980 esse
2721 4923 2972 4979 noverit“!
2999 4921 3212 4989 Quippe
3253 4936 3272 4968 ι
3302 4934 3465 4974 omne

189 5013 382 5082 ἀγαπᾷ
407 5013 468 5065 τὸ
490 5013 670 5083 ὅμοιον
697 5013 868 5084 αὐτῷ,
899 5017 1040 5068 κατά
1065 5015 1125 5068 τὸ
1150 5017 1558 5086 γεγραμμένον,
1586 5020 1678 5071 καὶ
1697 5018 1775 5088 τῷ

1883 5019 2082 5072 animal
2113 5018 2291 5090 diligit
2314 5018 2492 5074 simile
2521 5018 2648 5082 sibi,
2685 5025 2742 5071 ut
2765 5017 3030 5085 scriptum
3062 5021 3169 5076 est,
3205 5019 3258 5065 et
3281 5011 3462 5065 omnis

188 5103 361 5173 ὁμοίῳ
395 5103 545 5174 αὐτῷ
577 5105 1112 5176 προσκολληθήσεται
1141 5107 1299 5178 ἀνήρ.
1333 5127 1351 5159 ι
1411 5108 1474 5160 Εἰ
1507 5108 1562 5160 δὲ
1596 5109 1690 5162 καὶ
1716 5113 1774 5164 ἐν

1883 5107 2049 5163 homo
2089 5111 2398 5180 proximum
2435 5109 2540 5164 sibi
2564 5110 2631 5162 ³⁷.
2688 5128 2708 5158 ι
2767 5106 2922 5173 Quod
2961 5105 3008 5158 si
3060 5112 3112 5157 et
3165 5101 3309 5171 apud
3357 5116 3460 5156 nos

189 5197 321 5266 ἡμῖν
351 5196 538 5259 αὐτοῖς
569 5198 828 5268 όμοήθεσι
877 5202 1113 5251 συνεῖναι
1150 5198 1292 5252 κατὰ
1329 5200 1527 5252 ταυτὸν
1556 5201 1663 5254 τῶν
1693 5203 1774 5255 ὅτι

191 5286 430 5355 μάλιστα
463 5287 552 5340 διὰ
586 5287 820 5358 σπουδῆς
866 5283 1004 5342 εἶναι
1053 5289 1218 5352 δοκεῖ,
1275 5285 1392 5353 πῶς
1415 5290 1536 5360 οὐχὶ
1573 5291 1774 5362 μᾶλλον

188 5378 360 5442 οὕτως
412 5377 560 5449 ἔχειν
617 5381 708 5432 ἐπὶ
759 5379 892 5433 Θεοῦ
943 5379 1316 5451 λογιούμεθα;
1386 5381 1612 5451 Ἀγαθός
1668 5381 1776 5454 γάρ

191 5468 456 5538 ὑπάρχων
503 5471 571 5539 τῇ
621 5468 813 5536 φύσει,
861 5470 954 5523 καὶ
1002 5471 1204 5541 ἀρετῆς
1258 5472 1474 5542 ἀπάσης
1508 5471 1650 5542 ἀρχὴ
1687 5476 1778 5526 καὶ

189 5557 424 5626 γένεσις,
477 5559 600 5628 οὐχὶ
633 5561 731 5630 τῆς
782 5546 1114 5631 φαυλότητος
1159 5562 1438 5631 ἐρασταῖς,
1493 5561 1630 5615 ἀλλά
1671 5564 1772 5634 τῆς

261 5670 306 5702 ³⁸
335 5669 512 5729 lCor.
548 5687 632 5738 ιιι,
667 5671 752 5727 l6.
828 5672 875 5706 "
900 5671 1030 5743 Sap.
1070 5689 1108 5742 ι,
1145 5674 1197 5729 4.
1260 5674 1322 5749 ,³⁷
1352 5664 1523 5732 Eccli.
1554 5691 1670 5744 xm,
1711 5679 1799 5737 l9.

1884 5204 2039 5274 ipsos
2071 5218 2300 5258 summa:
2325 5217 2474 5257 cura
2503 5216 2629 5257 esse
2663 5199 2877 5254 videtur
2910 5206 2967 5250 ut
2995 5212 3120 5251 cum
3144 5193 3461 5249 hominibus

1884 5296 2078 5350 iisdem
2113 5295 2356 5350 moribus
2392 5293 2636 5366 prazditis
2671 5304 2952 5347 versemur
2975 5329 2989 5354 ,
3040 5287 3318 5358 quomodo
3349 5301 3459 5339 non

1887 5389 2062 5459 magis
2097 5389 2172 5442 ita
2221 5405 2337 5445 rem
2371 5389 2424 5442 in
2457 5387 2568 5443 Deo
2610 5400 2731 5440 esse
2782 5382 3143 5454 putabimus?
3169 5378 3302 5434 Nam
3333 5394 3460 5433 cum

1885 5479 1957 5534 sit
1995 5485 2195 5534 natura
2223 5481 2425 5544 bonus,
2459 5489 2514 5534 et
2541 5476 2722 5532 omnis
2753 5474 2975 5531 virtutis
3001 5481 3165 5544 caput
3198 5479 3254 5526 et
3279 5469 3456 5540 origo,

1881 5585 2228 5642 nequaquam
2261 5573 2315 5627 in
2349 5569 2690 5627 amatoribus
2733 5567 3013 5640 nequitiae,
3045 5563 3142 5624 sed
3193 5564 3249 5620 in
3281 5561 3456 5616 iacto-
