3992 6316
549 256 654 312 295

1565 249 1620 304 s.
1659 246 1932 306 CYRILLI
1968 250 2432 310 ALEXANDBINI
2471 211 2788 309 ARCHIEP.

3682 253 3800 308 296

551 366 705 422 ribus
758 363 973 422 virtutis
1033 360 1321 425 inhabitat,
1376 367 1430 416 ct
1481 361 1730 431 impuros
1795 361 2106 431 cumprimis

2220 367 2421 438 ἀρετῆς
2474 367 2733 436 ἐργάταις
2782 365 3145 429 ἐναυλίζεται,
3187 367 3533 434 παραιτεῖται
3585 365 3642 418 δὲ
3688 368 3796 434 τὴν

551 466 851 511 aversatur.
897 452 1364 519 Quemadmodum
1418 468 1548 523 ergo
1591 467 1691 506 nos
1726 453 1830 522 ipsi
1888 452 2002 505 luto
2058 467 2122 506 ac

552 550 807 605 sordibus
853 555 1068 600 nostras
1105 560 1337 614 purgare
1366 544 1561 600 domos
1595 558 1880 608 curamus,
1931 559 2033 598 nec
2067 545 2119 597 in

551 641 620 696 iis
651 641 695 694 si
725 638 855 708 quid
893 638 967 691 sit
1003 636 1312 692 istiusmodi
1344 635 1594 690 habitare
1626 636 1914 699 volumus,
1979 650 2120 688 nun-

549 733 679 802 quid
723 731 892 784 multo
927 729 1096 800 magis
1141 745 1311 798 purus
1341 729 1432 783 ille
1467 735 1522 783 et
1555 727 1943 782 sanctissimus
1973 725 2120 780 Deus

551 833 736 878 noster
767 824 1032 892 impuram
1059 822 1295 874 animam
1322 820 1669 875 aversabitur
1704 826 1758 872 et
1789 833 1884 871 cor
1909 818 2121 887 peccati

551 917 666 969 luto
695 915 1042 983 inquinatum
1093 912 1482 968 aversabitur?
1541 910 1726 964 Talem
1763 909 1965 980 quippe
2004 909 2122 965 fore

548 1020 673 1059 cum
705 1007 796 1074 qui
829 1005 1139 1057 mandatmn
1164 1019 1270 1056 non
1302 1003 1600 1057 servaverit
1638 1003 1930 1071 (impurus
1972 1001 2119 1054 enim

548 1106 632 1152 est
665 1112 728 1150 ac
767 1097 863 1150 ltiti
896 1110 1089 1150 amans
1115 1095 1156 1159 ),
1200 1094 1316 1164 ipsa
1352 1101 1404 1148 te
1448 1093 1550 1148 loci
1583 1093 1748 1162 hujus
1778 1093 1860 1147 vis
1893 1100 1947 1146 et
1982 1092 2120 1144 ratio

548 1190 792 1244 docebit.
825 1189 886 1242 lu
917 1188 1231 1241 divmorum
1265 1187 1467 1241 etenim
1511 1195 1895 1239 mandatorum
1931 1182 2117 1251 negle-

548 1289 638 1335 ctu
669 1282 846 1336 omnis
883 1289 1091 1350 peccati
1145 1278 1267 1333 fons
1309 1286 1364 1332 et
1397 1279 1552 1349 origo
1597 1277 1865 1333 cernitur.
1914 1273 2120 1345 Quem-

549 1375 840 1428 admodum
879 1374 1022 1428 enim
1077 1371 1216 1430 lucis
1265 1371 1498 1440 privatio
1533 1369 1697 1425 infert
1752 1368 2113 1432 contrarium,

546 1465 600 1518 id
641 1474 726 1520 cst
751 1465 1026 1529 tenebras,
1051 1462 1130 1518 sic
1164 1463 1308 1516 nolle
1337 1461 1596 1515 virtutem
1648 1473 1929 1522 exercere,
1964 1458 2119 1526 prin-

545 1558 746 1628 cipium
786 1567 839 1612 et
864 1558 1016 1627 origo
1047 1566 1130 1611 est
1163 1555 1440 1624 nequitiaa.
1487 1552 1774 1622 Nunquam
1818 1549 1964 1605 enim
1996 1563 2120 1618 quae

544 1649 948 1703 contrariorum
980 1655 1062 1702 est
1097 1647 1260 1711 ratio,
1308 1647 1361 1699 in
1395 1660 1504 1699 uno
1528 1643 1833 1711 eodemque
1867 1641 2114 1708 subjecto

541 1739 707 1812 834
739 1743 1058 1809 contingent
1097 1754 1158 1793 ea
1194 1753 1314 1807 qiue
1345 1740 1485 1791 inter
1516 1753 1576 1792 se
1604 1736 1864 1805 qualitate
1900 1733 2110 1788 discre-

544 1838 697 1901 paul.
727 1829 928 1884 Vilium
966 1839 1020 1884 et
1053 1831 1245 1894 virtus,
1280 1828 1575 1883 contrariis
1618 1827 1760 1881 inter
1791 1841 1849 1882 se
1876 1826 2114 1895 qualita-

543 1925 711 1987 tibus,
747 1931 841 1977 aut
879 1923 986 1976 alio
1015 1922 1213 1992 quovis
1239 1920 1650 1974 contrarietatis
1683 1918 1844 1972 modo
1873 1917 2112 1971 maxime

542 2017 782 2071 distant:
814 2031 974 2069 nemo
1002 2024 1182 2067 tamen
1212 2028 1274 2066 ea
1307 2013 1472 2066 simul
1507 2027 1571 2065 ac
1601 2009 1766 2064 semel
1795 2010 1975 2062 inesse
2013 2007 2109 2060 ulli

545 2107 754 2160 homini
805 2105 1115 2174 putaverit,
1168 2110 1262 2155 aut
1305 2102 1494 2156 eodem
1550 2110 1673 2153 actu
1721 2094 1958 2166 impleri.
2004 2096 2112 2150 Aut

541 2197 688 2250 enim
719 2195 893 2248 malus
923 2204 1005 2248 est
1035 2193 1257 2262 aliquis,
1299 2199 1394 2244 aut
1423 2190 1621 2251 bonus,
1661 2189 1788 2242 licet
1819 2203 1927 2241 non
1959 2199 2112 2240 sunt-

547 2302 686 2341 mam
731 2287 914 2340 forsan
960 2285 1260 2353 nequitiam
1316 2290 1409 2336 aut
1469 2281 1764 2334 bonitatem
1799 2285 2110 2333 assecutus.

547 2374 667 2430 Uno
721 2377 885 2446 igitur
938 2375 992 2428 in
1027 2375 1182 2427 nobis
1229 2373 1580 2440 praevalente,
1641 2370 1872 2423 alterum
1921 2367 2111 2435 utique

543 2467 780 2529 deﬁciet,
813 2465 864 2519 id
893 2475 977 2520 est
1003 2465 1366 2518 contrarium.
1390 2461 1544 2526 Quod
1576 2461 1620 2514 si
1645 2460 1697 2512 in
1726 2457 2110 2513 observatione

544 2561 923 2613 mandatorum
968 2557 1176 2627 species
1224 2555 1442 2609 virtutis
1486 2561 1594 2613 est.
1649 2549 1897 2621 nunquid
1933 2549 2109 2602 mani-

543 2651 901 2706 festissimum
942 2660 1026 2705 est
1057 2651 1108 2702 in
1139 2663 1326 2703 eorum
1355 2647 1601 2715 neglectu
1628 2645 1955 2712 principium
1984 2654 2108 2695 esse

543 2743 841 2812 nequitia}?
877 2741 1030 2796 Sicut
1064 2751 1241 2794 autem
1275 2739 1570 2809 repositum
1615 2747 1699 2792 est
1743 2737 1793 2790 ei
1827 2735 1919 2804 qui
1955 2750 2110 2788 man-

543 2835 668 2890 data
699 2836 1000 2890 servaverit
1034 2835 1088 2888 in
1117 2835 1298 2903 seipsp
1331 2833 1531 2885 habere
1560 2828 1776 2882 Patrem
1809 2838 1864 2881 et
1889 2825 2109 2894 Filium,

545 2929 688 2998 quod
729 2929 908 2982 omnis
951 2926 1233 2981 felicitatis
1264 2933 1317 2978 et
1352 2923 1538 2992 gloriae
1569 2921 1780 2973 initium
1827 2927 1910 2973 cst
1945 2928 2112 2987 atque

544 3020 957 3076 fundamentum
988 3033 1002 3070 :
1030 3019 1103 3071 ita
1133 3027 1185 3072 et
1212 3017 1259 3070 ei
1295 3017 1386 3085 qui
1431 3031 1538 3068 non
1569 3011 1884 3075 servaverit,
1913 3011 2110 3065 divinae

542 3123 594 3168 et
636 3111 927 3164 ineﬂabilis
973 3115 1187 3162 natura:
1234 3106 1655 3176 participatione
1694 3116 1900 3164 carere,
1957 3099 2104 3170 quod

541 3211 625 3256 cst
660 3201 839 3254 omnis
871 3199 1094 3252 omnino
1135 3196 1262 3251 boni
1298 3195 1554 3249 fruitione
1580 3195 1802 3264 privari.
1837 3193 2105 3259 Quocirca

543 3293 588 3349 si
664 3294 750 3346 cui
810 3291 1129 3361 praeclarum
1181 3298 1236 3343 et
1283 3287 1580 3356 optandum
1636 3287 1848 3340 videtur
1901 3293 2110 3340 naturae

543 3384 742 3438 divinae
775 3382 887 3437 ﬁeri
915 3382 1234 3452 participem
1257 3379 1325 3445 ³⁸,
1359 3388 1413 3433 et
1436 3380 1488 3432 in
1525 3378 1708 3434 cordis
1737 3379 2106 3448 penetralibus

542 3487 850 3530 versantem
888 3483 942 3528 et
981 3473 1376 3527 inhabitantem
1417 3473 1617 3527 habere
1659 3471 1899 3526 universi
1939 3470 2106 3524 Deum

542 3583 605 3621 ac
639 3567 850 3620 Patrem
907 3581 1003 3635 per
1053 3564 1249 3618 Filium
1309 3564 1364 3617 in
1423 3561 1652 3633 Spiritu,
1707 3571 1900 3634 purget
1949 3577 2104 3616 suam

542 3663 799 3723 animam,
829 3667 882 3714 et
912 3657 1278 3727 improbitatis
1310 3656 1502 3711 sordes
1531 3658 1731 3727 quibus
1768 3657 1941 3725 possit
1986 3671 2109 3709 mo-

540 3752 648 3814 dis,
681 3752 792 3805 imo
834 3764 961 3804 vero
1006 3763 1101 3818 per
1149 3763 1309 3803 omne
1353 3748 1555 3803 bonum
1605 3763 1750 3818 Opus
1807 3748 2103 3816 abstergat.

539 3842 693 3897 Tunc
717 3844 859 3897 enim
884 3856 1070 3896 revera
1106 3840 1197 3894 Dei
1227 3841 1486 3910 templum
1514 3841 1821 3904 vocabitur,
1851 3848 1905 3893 et
1925 3839 2106 3893 diver-

539 3935 750 3990 sabitur
780 3934 833 3986 in
865 3948 929 3987 eo
955 3941 1117 4000 atque
1147 3932 1498 3994 inhabitabit,
1530 3939 1589 3984 ut
1619 3931 1886 3999 scriptum
1917 3937 2002 3984 est
2033 3931 2100 3984 ".

537 4022 647 4078 Nec
677 4024 821 4077 enim
877 4020 1072 4076 similis
1105 4020 1209 4074 erit
1248 4020 1318 4083 ei,
1371 4020 1528 4088 cujus
1585 4020 1638 4072 in
1693 4019 1998 4088 Evangeliis
2043 4019 2102 4073 fit

540 4115 763 4176 mentio,
797 4113 930 4183 legis
974 4112 1206 4178 doctori,
1239 4111 1332 4181 qui
1384 4127 1494 4165 non
1546 4120 1854 4180 exspectata
1896 4111 2098 4166 Serva-

537 4205 674 4258 toris
699 4204 870 4273 gratia
896 4211 1043 4256 motu
1067 4218 1169 4257 suo
1195 4201 1260 4254 ad
1287 4217 1410 4256 eum
1441 4202 1779 4272 sequendum
1814 4203 2098 4257 incitatum

537 4309 595 4350 se
633 4295 833 4357 aiebat,
863 4307 1098 4362 eumque
1139 4292 1245 4346 sibi
1289 4292 1551 4346 honorem
1580 4293 1853 4357 arripiens
1885 4312 1898 4348 :
1933 4314 1952 4346 ‹
1988 4294 2100 4347 Ma-

2227 458 2340 530 [γρ.
2369 458 2452 529 τὸ]
2501 459 2838 528 ἀκάθαρτον,
2883 457 2976 510 καὶ
3013 457 3130 508 λίαν
3157 455 3349 526 ὀρθῶς.
3398 455 3665 526 Καθάπερ
3695 453 3796 509 οὖν

2225 550 2415 619 ἀμέλει
2438 551 2530 602 καὶ
2551 551 2711 619 ἡμεῖς
2740 549 2891 602 αὐτοὶ
2922 547 3178 617 βορϐόρου
3211 547 3305 598 καὶ
3327 545 3588 609 δυσωδίας
3617 547 3798 616 ἀπηλ-

2223 641 2416 712 λάχθαι
2453 641 2552 705 τὰς
2578 642 2784 696 ἑαυτῶν
2813 639 3071 711 οίκ[ε]ίας
3100 636 3490 708 σπουδάζομεν,
3541 637 3699 708 εἴπερ
3739 656 3793 691 τι

2221 734 2331 787 τῶν
2375 733 2628 786 τοιούτων
2672 733 2808 797 ὅλως
2852 732 2985 803 ἔχοι,
3035 732 3095 784 τὸ
3147 734 3204 784 tv
3242 731 3430 792 αὐταῖς
3479 728 3795 792 αὐλίζεσθαι

2223 823 2684 892 παραιτούμενοι·
2735 819 2822 889 ἆρ’
2854 817 2945 874 οὖν
2997 821 3056 873 οὐ
3096 818 3356 890 μειζόνως
3387 821 3415 872 ὁ
3457 818 3694 888 καθαρός
3731 835 3794 870 τε

2171 961 2174 964 ,
2222 913 2318 966 καὶ
2364 913 2626 982 πανάγιος
2655 914 2810 984 ἡμῶν
2855 911 2985 975 Θεὸς
3028 911 3128 980 τὴν
3160 910 3578 980 μεμολυσμένην
3611 911 3796 982 ψυχὴν

2223 1006 2619 1076 παραιτήσεται
2659 1004 2752 1057 καὶ
2781 1004 3255 1073 καταμυσάττεται
3302 1001 3527 1070 καρδίαν
3578 1002 3658 1068 τῷ
3689 1002 3794 1072 τῆς

2222 1097 2496 1168 ἁμαρτίας
2526 1095 2770 1166 βορϐόρῳ
2796 1093 3271 1164 κατηφανισμένην
3300 1109 3314 1159 ;
3359 1092 3496 1145 Ἀλλ’
3525 1092 3672 1146 ἔστιν
3691 1094 3796 1146 οὐκ

2220 1187 2538 1257 ἀμφίϐολον.
2569 1188 2691 1241 Ὅτι
2719 1186 2825 1256 γὰρ
2845 1188 2903 1240 tv
2930 1186 3138 1248 τούτοις
3162 1184 3313 1237 ἔσται
3341 1185 3433 1236 καὶ
3458 1185 3558 1252 οὺχ
3582 1184 3794 1254 ἑτέροις

2219 1280 2248 1332 ὁ
2284 1280 2358 1350 μὴ
2385 1280 2629 1351 τηρήσας
2659 1277 2755 1350 τὴν
2783 1277 2995 1348 ἐντολὴν
3025 1277 3346 1349 (ἀκάθαρτος
3378 1277 3488 1347 γάρ
3517 1278 3613 1331 καὶ
3641 1279 3795 1345 φιλο-

2220 1371 2520 1443 ϐὁρὸορος),
2563 1373 2697 1442 αὐτή
2733 1388 2790 1424 σε
2817 1371 2977 1424 πάλιν
3006 1373 3038 1440 ἡ
3070 1369 3162 1423 τοῦ
3196 1369 3548 1439 θεωρήματος
3586 1367 3794 1434 διδάξει

2217 1461 2464 1532 δύναμις.
2507 1463 2592 1514 Ἐν
2617 1461 2725 1532 γὰρ
2753 1460 2829 1531 τῷ
2856 1461 2931 1532 μὴ
2959 1461 3194 1531 τηρῆσαι
3237 1459 3334 1520 τὰς
3377 1457 3526 1521 Θείας
3569 1458 3794 1520 ἐντολὰς

2217 1556 2250 1624 ή
2280 1554 2377 1623 τῆς
2403 1554 2676 1624 ἁμαρτίας
2704 1552 3012 1624 εὑρίσκεται
3034 1551 3267 1619 γένεσις.
3299 1550 3507 1619 Ὀνπερ
3537 1548 3648 1619 γάρ
3667 1550 3796 1618 τρό-

2219 1663 2320 1699 πον
2348 1648 2379 1715 ἠ
2411 1645 2505 1698 τοῦ
2555 1645 2728 1714 φωτὸς
2773 1644 3025 1715 στέρησις
3067 1642 3388 1713 παρεισάγει
3433 1643 3492 1694 τὸ
3523 1642 3789 1703 ἐναντίον,

2219 1737 2359 1807 φημὶ
2404 1736 2460 1789 δὲ
2499 1735 2591 1789 τὸν
2623 1737 2832 1788 σκότονο
2885 1734 3029 1787 οὕτω
3071 1733 3131 1786 τὸ
3165 1735 3238 1804 μὴ
3267 1734 3398 1802 δρᾷν
3443 1732 3650 1784 ἐθέλειν
3690 1732 3793 1800 τὴν

2217 1827 2445 1898 ἀρετὴν,
2504 1828 2600 1897 τὴν
2651 1828 2768 1896 τῆς
2798 1825 3128 1896 φαυλότητος
3178 1825 3500 1895 παρεισάγει
3549 1823 3787 1884 γένεσιν.

2218 1917 2354 1972 Καθ’
2384 1918 2440 1970 ἓν
2479 1918 2588 1988 γάρ
2641 1935 2694 1970 τι
2740 1917 2799 1970 τὸ
2849 1916 3165 1970 ὑποκεῖσθαι
3197 1915 3505 1986 νοούμενον,
3559 1915 3662 1967 οὐκ
3702 1914 3787 1977 ἂν,

2218 2007 2391 2080 οἶμαι,
2441 2010 2582 2063 κατὰ
2612 2011 2807 2063 ταυτὸν
2841 2008 3078 2079 συμϐαίη
3127 2008 3257 2060 ποτὲ
3289 2009 3355 2061 τὰ
3402 2008 3502 2076 τῆς
3545 2007 3789 2077 ἀλλήλων

2216 2100 2548 2173 διωρισμένα
2581 2102 2883 2172 ποιότητος,
2941 2102 3080 2155 κατά
3107 2119 3170 2171 γε
3201 2099 3291 2154 τὸν
3320 2100 3475 2168 λόγον
3501 2099 3596 2152 τοῦ
3638 2102 3791 2151 ἐναν-

2216 2193 2346 2255 τίως
2375 2193 2538 2262 ἔχειν.
2575 2193 2759 2246 Κακία
2803 2195 2896 2248 καὶ
2943 2193 3110 2265 ἀρετὴ
3139 2191 3417 2263 διώρισται
3444 2208 3502 2243 τε
3531 2191 3626 2243 καὶ
3654 2192 3789 2243 πολὺ

2216 2285 2464 2354 διέστηκε
2511 2285 2646 2354 πρὸς
2677 2284 2736 2338 τὸ
2765 2285 3021 2349 ἐναντίον,
3071 2284 3170 2354 τῆς
3201 2284 3442 2352 ἀλλήλων
3479 2283 3787 2352 ποιότητος,

2216 2375 2249 2444 ἢ
2277 2375 2424 2437 ὅπως
2455 2374 2520 2427 ἄν
2551 2392 2633 2438 τις
2667 2374 2836 2427 εἰπὼν
2864 2376 2963 2428 οὐκ
2991 2375 3056 2428 ἂν
3086 2374 3318 2446 ἁμάρτοι
3340 2373 3516 2442 τυχὸν,
3549 2372 3664 2425 ἀλλ’
3689 2373 3789 2425 οὐκ

2215 2467 2281 2520 ἄν
2315 2484 2423 2520 τινι
2455 2467 2564 2519 τῶν
2595 2467 2762 2521 ὄντων
2791 2466 2912 2519 καθ’
2941 2469 3089 2538 ἡμᾶς
3117 2467 3384 2536 προσόντα
3416 2466 3608 2536 φανείη
3647 2464 3788 2518 κατὰ

2215 2557 2410 2610 ταυτὸν
2451 2557 2740 2628 ἀμφότερα
2770 2559 2865 2611 καὶ
2895 2558 2961 2610 δι’
2986 2559 3263 2629 ἐνεργείας
3295 2556 3664 2627 πληρούμενα.
3717 2555 3790 2607 ’Ἠ

2215 2651 2324 2720 γὰρ
2374 2649 2609 2719 πονηρός
2658 2650 2742 2712 τίς
2789 2652 2958 2714 ἐστιν,
2999 2649 3032 2720 ἢ
3083 2649 3306 2717 ἀγαθὸς,
3352 2653 3400 2702 εἰ
3431 2649 3524 2701 καὶ
3565 2649 3666 2701 οὐκ
3709 2649 3790 2711 είς

2217 2741 2383 2811 ἄκρον
2411 2741 2674 2812 πονηρίας
2700 2742 2881 2812 τυχὸν,
2913 2743 3032 2812 ἦτοι
3077 2741 3173 2809 τῆς
3204 2741 3553 2810 άγαθότητος.
3579 2739 3791 2792 Οὐκοῦν

2219 2835 2494 2906 ἰσχύοντος
2545 2837 2601 2888 ὲν
2649 2837 2782 2905 ἡμῖν
2828 2834 2919 2887 τοῦ
2971 2834 3117 2898 ἐνὸς,
3165 2835 3412 2905 ἀτονήσει
3458 2834 3674 2896 πάντως
3729 2833 3790 2885 τὸ

2216 2926 2421 2994 ἕτερον,
2473 2925 2616 2979 τοῦτ’
2665 2924 2780 2977 ἐστι
2825 2925 2885 2977 τὸ
2926 2925 3180 2987 ἐναντίως
3229 2924 3370 2994 ἕχον.
3420 2925 3481 2976 Ei
3530 2924 3585 2977 δὲ
3617 2925 3675 2974 tv
3711 2921 3790 2992 τῷ

2138 3056 2178 3111 C
2217 3018 2450 3087 τηρῆσαι
2479 3016 2574 3081 τὰς
2603 3017 2820 3080 ἐντολάς
2846 3015 2906 3068 τὸ
2950 3017 3050 3086 τῆς
3096 3015 3295 3086 ἀρετῆς
3330 3010 3466 3076 εἶδός
3499 3015 3637 3077 ἐστι,
3671 3013 3790 3074 πῶς

2211 3109 2329 3179 οὐχὶ
2355 3109 2749 3180 προδηλότατον
2789 3109 2865 3172 ὡς
2897 3109 2953 3162 ὲν
2981 3106 3058 3177 τῷ
3086 3107 3158 3178 μὴ
3184 3105 3422 3177 τηρῆσαι
3457 3106 3556 3175 τῆς
3585 3105 3790 3167 κακίας

2210 3201 2242 3270 ἡ
2281 3201 2528 3268 γένεσις;
2589 3199 2899 3254 Ἀττὸκειται
2933 3200 2990 3252 δὲ
3031 3199 3218 3269 ὥσπερ
3247 3198 3326 3269 τῷ
3355 3199 3682 3269 τετηρηκότι
3731 3198 3790 3251 τὸ

2209 3291 2352 3360 ἔχειν
2381 3294 2436 3345 ὲν
2463 3291 2641 3362 ἑαυτῷ
2667 3292 2756 3345 τὸν
2793 3291 3010 3361 Πατέρα
3038 3292 3130 3344 καὶ
3158 3291 3247 3343 τὸν
3279 3290 3428 3353 Υίὸν,
3473 3291 3610 3360 ὅπερ
3639 3291 3790 3345 ἐστὶν

2208 3383 2426 3454 ἁπάσης
2452 3384 2720 3454 Θυμηδίας
2748 3401 2806 3436 τε
2838 3384 2932 3437 καὶ
2970 3381 3128 3453 δόξης
3160 3382 3301 3453 ἀρχὴ
3348 3383 3440 3435 καὶ
3487 3383 3747 3448 ὑπόθεσις
3772 3399 3787 3414 ·

2206 3475 2347 3526 οὕτω
2378 3475 2472 3528 καὶ
2497 3475 2556 3527 τὸ
2583 3473 2696 3546 [γρ.
2727 3475 2828 3546 τῷ]
2873 3473 2947 3544 μὴ
2976 3474 3276 3544 τηρήσαντι
3300 3473 3360 3526 τὸ
3389 3474 3587 3544 ἥκιστα
3621 3493 3788 3544 μετα-

2208 3567 2356 3633 σχεῖν
2393 3565 2492 3634 τῆς
2526 3564 2676 3627 θείας
2714 3581 2774 3616 τε
2804 3565 2895 3617 καὶ
2917 3566 3155 3635 ἀρρήτου
3185 3565 3420 3634 φύσεως,
3467 3567 3607 3635 ὅπερ
3637 3567 3789 3619 εστὶν

2206 3656 2417 3718 οὐδενὸς
2446 3656 2524 3708 τὸο
2551 3655 2772 3725 σύμπαν
2800 3655 3097 3719 ἀπόλαυσις
3131 3655 3359 3725 ἀγαθοῦ.
3393 3657 3604 3710 Οὐκοῦν
3630 3657 3685 3710 εί
3708 3675 3787 3728 τῳ

2206 3746 2367 3799 καλὸν
2396 3746 2490 3800 καί¹
2512 3746 2830 3817 ἀξιέραστον
2855 3743 2992 3800 εἶναι
3021 3747 3166 3800 δοκεῖ
3187 3749 3248 3800 τὸ
3267 3748 3366 3816 τῆς
3399 3747 3547 3811 θείας
3570 3749 3787 3818 φύσεως

2209 3837 2562 3908 μεταλαχεῖν,
2616 3834 3028 3906 ὲνδιαιτώμενόν
3075 3854 3134 3889 τε
3187 3837 3279 3890 καὶ
3314 3837 3630 3892 ἐνοικοῦντα
3675 3842 3786 3900 τοῖς

2204 3931 2302 4000 τῆς
2333 3927 2557 3998 καρδίας
2585 3929 2832 3998 ταμείοις
2856 3929 2948 3982 τὸν
2972 3929 3080 3981 τῶν
3111 3929 3246 3982 ὅλων
3275 3929 3419 4000 ἔχειν
3449 3931 3671 4001 Πατέρα
3693 3933 3784 3984 καὶ

2204 4019 2333 4071 Θεὸν
2379 4018 2444 4070 δι’
2490 4017 2618 4070 Υἱοῦ
2653 4020 2712 4070 tv
2759 4018 3056 4088 Πνεύματι,
3109 4019 3392 4084 διανιζέτω
3434 4021 3533 4091 τὴν
3582 4021 3780 4075 ἑαυτοῦ

2202 4110 2398 4182 ψυχὴν,
2429 4111 2521 4163 καὶ
2557 4110 2656 4180 τὴν
2677 4111 2742 4162 ὲκ
2772 4112 2870 4180 τῆς
2897 4111 3248 4180 φαυλότητος,
3279 4112 3343 4164 δι’
3366 4105 3442 4165 ὧν
3472 4113 3540 4165 ἂν
3562 4114 3782 4167 δύναιτο

2202 4203 2436 4274 τρόπων,
2487 4202 2683 4271 μᾶλλον
2709 4201 2765 4254 δὲ
2795 4203 2860 4255 δι’
2890 4203 3107 4272 ἀπάσης
3139 4203 3507 4275 ἀγαθουργίας
3550 4207 3778 4275 ἀποτρι-

2203 4291 2342 4343 ϐἐτω
2373 4290 2586 4361 κηλῖδα.
2623 4291 2930 4360 Χρημάτιεί
2960 4290 3069 4362 γὰρ
3097 4291 3218 4344 τότε
3250 4293 3374 4354 ναὸς
3400 4293 3567 4356 ὅντως
3595 4294 3730 4348 Θεοῦ
3759 4312 3776 4326 θ

536 4385 725 4454 gister,
759 4385 957 4452 inquit,
991 4397 1190 4451 sequar
1225 4391 1275 4436 te
1321 4397 1654 4452 quocunque
1703 4384 1918 4440 ieris”.
1956 4404 1974 4436 i
2033 4386 2101 4438 At

2208 4382 2573 4434 ἀναπαύσεται
2626 4380 2684 4432 δὲ
2737 4383 2796 4432 ὲν
2825 4380 2974 4451 αὐτῷ
3024 4383 3117 4435 καὶ
3165 4383 3479 4447 καταλύσει,
3526 4387 3670 4440 κατὰ
3716 4387 3779 4440 -ιδ

533 4473 663 4542 quid
689 4472 753 4526 ad
781 4487 906 4525 eum
948 4470 1255 4525 Dominus?
1283 4469 1650 4541 AEnigmatice
1680 4481 1734 4527 et
1783 4487 1880 4543 per
1929 4489 2094 4543 para-

533 4563 749 4618 bolam:
783 4580 800 4611 ι
847 4561 1048 4630 Vulpes
1093 4560 1279 4617 foveas
1309 4562 1532 4627 habent,
1583 4571 1638 4618 et
1672 4566 1926 4619 volucres
1965 4567 2092 4623 caeli

532 4653 733 4708 nidos:
769 4650 937 4708 Filius
971 4664 1150 4706 autem
1196 4653 1434 4708 hominis
1467 4669 1576 4708 non
1610 4655 1774 4710 habet
1810 4657 1899 4710 ubi
1933 4665 2096 4726 caput

533 4749 762 4804 reclinet
787 4749 851 4802 ἰ.
892 4766 910 4798 ι
941 4745 1142 4816 Vulpes
1177 4757 1356 4804 autem
1407 4758 1461 4804 et
1491 4750 1612 4805 cmli
1661 4766 1790 4804 aves
1825 4751 2094 4821 malignos

529 4847 583 4894 et
619 4839 860 4908 impuros
890 4840 1223 4908 nuncupavit
1247 4837 1548 4905 daemonas,
1601 4848 1657 4894 et
1715 4840 1878 4894 hosce
1935 4857 2096 4895 mun-

529 4929 703 4983 danos
731 4938 894 4998 atque
924 4929 1103 4984 aerios
1131 4929 1379 4999 spiritus,
1420 4931 1512 5000 qui
1566 4932 1620 4986 in
1672 4929 2094 4986 libidinosorum

530 5019 790 5076 cordibus
819 5032 1103 5076 versantur
1133 5033 1296 5091 atque
1346 5022 1676 5085 inhabitant,
1729 5038 1843 5077 suae
1896 5023 2094 5076 volun-

529 5111 655 5166 tatis
705 5112 908 5166 exitum
947 5113 1253 5177 consecuti,
1301 5113 1640 5182 miserasque
1679 5127 1867 5166 eorum
1909 5128 1939 5166 a
1968 5114 2094 5182 qui-

527 5201 630 5258 bus
658 5204 1031 5273 suscipiuntur
1064 5205 1273 5260 animas
1302 5203 1356 5257 in
1387 5211 1601 5257 arctum
1637 5203 1774 5256 adeo
1797 5212 2084 5273 cogentes.

527 5302 585 5347 ut
621 5296 829 5350 nullum
879 5312 1112 5366 prorsus
1146 5297 1202 5350 in
1233 5296 1301 5350 iis
1349 5294 1728 5363 requiescendi
1765 5296 1917 5350 locus
1976 5295 2086 5353 Deo

523 5383 906 5455 relinquatur:
938 5387 988 5440 id
1021 5388 1162 5443 enim
1193 5386 1488 5456 significat,
1524 5405 1542 5438 ι
1569 5386 1832 5443 reclinare
1860 5398 2041 5458 caput.
2065 5411 2082 5441 ι

519 5474 824 5544 Purgetnus
864 5477 1047 5546 itaque
1081 5476 1247 5530 corda
1289 5485 1476 5531 nostra
1514 5479 1582 5533 ab
1628 5482 1775 5534 omni
1808 5482 1966 5536 labe:
2006 5484 2086 5537 sic

589 5648 634 5679 "
670 5649 717 5700 ll
747 5647 888 5702 Petr.
926 5665 963 5710 ι,
993 5651 1045 5703 4.
1123 5653 1166 5682 ²⁹
1197 5651 1232 5716 1,
1263 5652 1387 5709 Cor.
1440 5669 1518 5716 Ill,
1562 5655 1644 5712 ιϐ.

2200 4473 2604 4543 γεγραμμένον.
2643 4473 2717 4526 Οὐ
2749 4473 2855 4543 γάρ
2885 4473 3036 4526 ἔσται
3068 4477 3185 4527 κατ’
3214 4477 3416 4529 ἐκεῖνον
3447 4477 3540 4530 τὸν
3567 4479 3628 4530 tv
3666 4481 3780 4540 τοῖς

2200 4565 2552 4632 Εὑαγγελίοις
2584 4565 2806 4636 νομικὸν
2835 4566 3240 4636 ὠνομασμένον,
3289 4569 3345 4631 ὃς
3373 4568 3470 4639 τὴν
3495 4570 3650 4640 παρὰ
3682 4569 3776 4622 τοῦ

2199 4657 2448 4727 Σωτῆρος
2478 4659 2538 4710 οὐ
2572 4658 2891 4728 περιμείνας
2917 4659 3096 4729 χάριν,
3124 4660 3451 4728 αὐτόκλητος
3476 4658 3616 4714 εἶναι
3640 4662 3780 4730 πρὸς

2199 4747 2554 4818 άκολούθησιν
2579 4748 2705 4818 ἔφη,
2731 4752 2824 4802 καὶ
2844 4751 2941 4819 τὴν
2961 4750 3132 4813 οὕτως
3157 4751 3482 4819 άξιάγαστον
3510 4753 3779 4824 ἁρπάζων

2200 4839 2389 4908 τιμὴν,
2421 4840 2588 4909 φησί’
2622 4840 2975 4901 ιΔιδάσκαλε,
3007 4840 3353 4912 ἀκολουθήσω
3388 4860 3488 4909 σοι,
3515 4844 3652 4897 ὅπου
3679 4847 3780 4899 ἐὰν

2201 4931 2435 5002 ἀπέρχῃ.
2468 4950 2486 4982 ι
2561 4932 2722 4985 Ἀλλὰ
2751 4933 2806 4985 τί
2840 4934 2975 5004 πρὸς
3007 4933 3168 4986 αὐτὸν
3212 4937 3240 4986 ό
3291 4935 3528 5004 Κύριοςς
3597 4938 3682 5000 Ὠς
3719 4941 3781 4992 ὲν

2201 5024 2482 5095 παραϐολῇ
2532 5026 2626 5078 καὶ
2675 5024 2953 5094 αἰνίγματι
2978 5041 2992 5055 ·
3046 5045 3064 5076 ι
3094 5026 3160 5077 Ai
3207 5026 3491 5091 ἀλώπεκες
3533 5030 3780 5097 φωλεοὺς

2199 5115 2402 5186 ἔχουσι,
2422 5117 2516 5170 καὶ
2539 5116 2609 5169 τὰ
2632 5118 2850 5170 πετεινὰ
2876 5116 2968 5170 τοῦ
2999 5118 3227 5188 οὐρανοῦ
3253 5119 3720 5190 κατασκηνώσεις·
3750 5123 3781 5172 ὁ

2189 5208 2248 5260 δὲ
2267 5209 2392 5272 Υἱὸς
2411 5208 2503 5262 τοῦ
2520 5207 2805 5280 ἀνθρώπου
2823 5209 2922 5261 οὐκ
2939 5210 3049 5280 ἔχει
3067 5209 3168 5262 πού
3187 5210 3284 5280 τὴν
3302 5210 3542 5279 κεφαλὴν
3560 5212 3738 5281 κλίνῃ.
3756 5233 3772 5261 ι

2203 5301 2517 5365 Ἀλώπεκας
2549 5303 2605 5354 δὲ
2640 5294 2734 5354 καὶ
2762 5303 2992 5374 ούρανοῦ
3024 5303 3244 5355 πετεινὰ
3278 5305 3404 5366 τοὺς
3431 5305 3780 5374 πανούργους

2193 5394 2285 5446 καὶ
2305 5395 2648 5466 ἀκαθάρτους
2677 5394 2928 5465 ὠνόμασε
2961 5396 3240 5464 δαίμονας,
3273 5395 3366 5446 καὶ
3393 5397 3461 5448 τὰ
3499 5397 3777 5465 ὲγκόσμια

2191 5487 2347 5537 ταυτὶ
2389 5486 2481 5538 καὶ
2540 5487 2700 5555 ἀέρια
2748 5485 3049 5556 πνεύματα,
3093 5487 3126 5538 ἂ
3158 5489 3275 5548 ταῖς
3307 5485 3603 5556 φιληδόνων
3632 5503 3778 5556 καρ-

1738 5659 1780 5690 ³⁰
1810 5657 1996 5713 Matth.
2056 5674 2173 5716 vut.
2214 5659 2301 5714 i9.
2341 5660 2380 5690 ³⁸
2413 5659 2550 5713 ibid.
2591 5659 2680 5714 (ΞΟ.
