3992 6316
462 335 575 391 ενι)

1495 327 1551 384 S.
1587 325 1864 386 CYRlLLl
1906 323 2379 419 A‘LIEZXANDRINI
2403 325 2722 387 ARCHIEP.

3605 326 3715 384 300

471 470 566 523 per
597 468 681 506 me
708 449 948 506 tuncilla
984 447 1258 504 veteribus
1285 446 1505 504 locutus
1533 455 1636 513 est,
1670 445 1861 502 eadem
1884 452 1939 501 et
1972 444 2029 500 ad

2144 448 2236 501 ἐπὶ
2267 451 2379 513 τοῖς
2408 449 2783 520 ἀρχαιοτέροις
2813 447 3053 517 θεσμοῖς,
3103 445 3217 500 ἀλλ’
3243 445 3365 500 ούδέ
3394 445 3468 508 ὥς
3499 445 3599 507 νῦν,
3618 449 3714 515 ηύ·

468 563 568 603 vos
616 560 763 600 nunc
817 543 1079 612 loquitur.
1136 540 1373 597 Verbum
1427 541 1631 596 etenim
1689 554 1810 595 sum
1852 539 2042 594 vivens

472 638 566 693 Dei
599 652 662 691 ac
690 635 867 688 Patris
892 632 1185 689 ineil'abilis
1216 633 1516 687 voluntatis
1550 630 1856 699 interpres:
1894 627 2043 683 ideo-

468 743 575 799 que
617 733 844 780 vocatus
893 738 1013 780 sum
1058 724 1261 794 magni~
1288 722 1506 777 consilii
1546 721 1788 791 Angelus
1812 719 1878 773 ".
1935 722 2042 772 Aut

466 822 610 875 enim
640 820 743 874 hac
770 818 980 872 ratione
1011 815 1220 871 dictum
1253 814 1388 869 illud
1419 813 1772 884 accipiemus,
1805 828 2039 883 nempe:

468 931 489 971 ,ι
547 910 868 966 Sermonem
903 923 1065 980 quem
1123 905 1384 969 audistis,
1439 920 1547 957 non
1577 911 1661 959 est
1698 917 1889 962 meus.
1948 901 2039 956 sed

462 1001 585 1072 ejus
615 1000 709 1070 qui
739 998 889 1054 misit
917 1012 1022 1060 me,
1047 994 1258 1061 Patris;
1288 1014 1305 1045 ι
1337 1002 1435 1047 aut
1455 1002 1606 1047 certe
1636 992 1794 1046 aliter
1823 1006 2042 1062 quoque

463 1093 859 1163 intelligemus.
897 1089 990 1144 Dei
1033 1089 1176 1143 enim
1212 1103 1276 1142 ac
1319 1085 1499 1139 Patris
1533 1100 1692 1139 suum
1730 1097 2038 1138 sermonem

462 1186 618 1250 dicit,
656 1193 713 1238 ut
739 1183 830 1253 qui
861 1196 984 1236 eum
1009 1187 1231 1235 servant
1261 1177 1442 1233 sciant
1467 1191 1525 1231 se
1558 1175 1724 1230 Deum
1749 1174 2038 1237 honorare,

460 1277 809 1335 sermonibus
840 1274 960 1344 ejus
993 1253 1264 1343 persuasi.
1304 1269 1408 1336 Qui
1446 1284 1576 1324 vero
1612 1268 1673 1341 in_
1702 1264 2038 1321 contrarium

462 1368 782 1425 ceciderunt
819 1374 875 1421 et
917 1363 1299 1418 incredulitate
1338 1377 1436 1415 sua
1468 1357 1657 1413 datum
1715 1357 2036 1411 mandatum

461 1460 666 1514 violare
697 1472 808 1511 non
843 1461 1124 1518 verentur,
1161 1452 1213 1505 in
1264 1451 1439 1519 ipsam
1507 1455 1747 1525 peccant
1790 1446 2038 1500 omnium

461 1549 702 1618 reginam
731 1552 1006 1600 naturam.
1040 1540 1264 1595 Duobus
1297 1547 1480 1593 autem
1519 1535 1697 1591 modis
1724 1535 2036 1589 auditorum

460 1641 675 1695 animus
709 1634 1024 1691 conﬁrmari
1045 1632 1271 1703 potest:
1306 1639 1400 1684 aut
1423 1629 1568 1682 enim
1605 1627 1910 1682 honorandi
1946 1626 2037 1680 Dei

458 1732 722 1786 voluntas
752 1726 818 1783 ad
849 1726 1182 1782 credendum
1213 1722 1404 1791 utique
1433 1719 1731 1789 impulerit,
1765 1727 1858 1771 aut
1886 1726 2037 1772 certe

2145 538 2390 609 ρημένης
2415 542 2513 609 τῆς
2536 538 2816 608 ἀμείνονος
2838 537 3076 609 ἐντολῆς,
3102 537 3217 591 ἀλλ’
3245 538 3322 601 ὡς
3348 537 3407 592 ἐν
3434 538 3721 611 καιρῷιτῷ

2141 629 2312 684 δέοντι
2347 630 2870 701 μεταπεπλασμένου
2917 630 3012 684 τοῦ
3054 630 3227 683 τύπου
3266 630 3402 702 πρὸς
3428 630 3713 701 ἀλήθειαν.

2154 719 2213 773 '0
2240 718 2348 790 γάρ
2391 722 2570 773 ἐκεῖνα
2615 721 2856 791 λαλήσας
2899 720 2966 774 δι’
3002 721 3136 792 ἐμοῦ
3175 703 3290 785 τοῖς
3338 722 3717 794 ἀρχαιοτέροις

2140 811 2282 874 τότε,
2312 810 2405 863 καὶ
2429 811 2601 863 ταῦτα
2631 812 2750 865 νυνὶ
2771 812 2907 883 πρὸς
2935 813 3098 882 ὑμᾶς.
3125 813 3298 881 Λόγος
3325 814 3434 884 γάρ
3463 816 3579 884 ειμι
3605 813 3720 880 ζῶν

2139 905 2238 973 τῆς
2257 901 2349 955 τοῦ
2379 902 2512 955 Θεοῦ
2537 903 2630 956 καὶ
2648 904 2859 972 Πατρός
2881 905 3122 975 ἀρρήτου
3157 903 3428 976 θελήσεως
3450 907 3719 979 ἑρμηνευο

2139 994 2310 1057 τικδς,
2342 991 2423 1045 διὸ
2447 992 2540 1045 καὶ
2583 991 2857 1063 κέκλημαι
2902 994 3146 1064 μεγάλης
3190 994 3388 1064 βουλῆς
3421 995 3713 1064 Ἄγγελος.

2150 1083 2216 1138 Ἦ
2248 1082 2354 1154 γάρ
2385 1084 2523 1138 κατά
2547 1085 2733 1140 τοῦτον
2757 1085 2849 1138 τὸν
2886 1086 3084 1157 τρόπον
3115 1086 3441 1158 ὲκδεξόμεθα
3464 1089 3527 1141 τὺ
3558 1090 3715 1159 είρηο

2143 1176 2324 1245 μένον,
2354 1177 2496 1247 φημὶ
2533 1177 2588 1231 δὲ
2617 1177 2698 1240 τὸ,
2744 1196 2764 1229 ι
2799 1179 2856 1232 '0
2884 1177 3041 1246 λόγος
3064 1178 3123 1231 ὃν
3153 1179 3403 1246 ἀκούετε,
3434 1180 3535 1233 οὐκ
3567 1180 3719 1233 ἐστιν

2139 1265 2292 1335 ἐμὸς,
2339 1266 2475 1320 ἀλλά
2502 1266 2596 1321 τοῦ
2627 1267 2939 1340 πέμψαντός
2987 1286 3052 1339 με
3086 1268 3320 1340 Πατρός,
3350 1289 3368 1321 ι
3414 1270 3585 1341 ῆγουν
3620 1272 3716 1324 καὶ

2139 1355 2339 1428 ἑτέρως
2393 1359 2681 1429 νοήσομεν.
2732 1358 2839 1412 Τοῦ
2886 1359 2994 1431 γάρ
3044 1359 3182 1414 Θεοῦ
3227 1362 3324 1415 καὶ
3365 1362 3582 1433 Πατρδς
3620 1363 3717 1416 τὸν

2138 1446 2332 1500 ἑαυτοῦ
2378 1447 2534 1516 λόγον
2580 1450 2777 1519 φησιν,
2828 1450 2917 1502 ῖνα
2947 1451 2996 1502 οἱ
3046 1452 3144 1522 μὲν
3196 1452 3490 1522 τηροῦντες
3523 1453 3718 1506 εἰδεῖεν

2137 1537 2217 1589 ὅτι
2240 1536 2371 1590 Θεὸν
2394 1539 2740 1607 τετιμήκασι,
2766 1542 2880 1597 τοῖς
2908 1540 3037 1610 παρ’
3070 1541 3235 1595 αὑτοῦ
3263 1544 3512 1611 γεγονόσι
3540 1563 3717 1600 κατα-

2137 1625 2450 1697 πειθόμενοι
2480 1626 2678 1694 λόγοις.
2715 1627 2776 1680 Οἱ
2804 1627 2861 1680 δέ
2897 1645 2962 1696 γε
2992 1629 3128 1701 πρὸς
3154 1631 3214 1683 τὸ
3243 1632 3420 1701 τούτῳ
3456 1634 3718 1698 πεσόντες

2137 1718 2397 1781 ἐναντίον,
2435 1718 2529 1771 καὶ
2576 1720 2696 1781 ταῖς
2736 1719 3047 1783 ἀπειθείαις
3089 1721 3186 1793 τὴν
3215 1722 3466 1778 δοθεῖσαν
3494 1726 3717 1794 ἐντολὴν

456 1825 604 1877 illius
633 1818 940 1876 oil‘endendi
963 1823 1142 1871 metus
1172 1813 1409 1883 idipsum
1440 1810 1657 1865 elliciet.
1696 1810 1753 1863 In
1798 1818 2029 1878 utroque

2137 1805 2436 1879 ἐξυϐρίζειν
2460 1808 2520 1860 ού
2554 1808 3002 1879 παραιτούμενοι,
3035 1811 3116 1874 είς
3146 1792 3314 1882 αὐτὴν
3340 1792 3714 1884 ἁμαρτάνουσι

454 1916 600 1971 enim
631 1922 779 1969 certa
829 1908 1080 1965 utilitatis
1114 1907 1255 1960 ratio
1313 1910 1616 1973 spectatur.
1671 1902 1808 1957 Cum
1852 1909 2034 1955 autent

454 2005 552 2069 ait,
591 2022 608 2055 ι
651 1999 766 2056 Non
798 2007 884 2054 est
923 2011 1106 2052 sermo
1138 2010 1315 2057 meus,
1376 2012 1394 2044 ι
1432 1993 1853 2063 haudquaquam
1889 2001 2038 2045 certe

455 2102 559 2151 no’s
581 2109 611 2147 a
633 2106 731 2147 sua
762 2102 995 2160 persona
1022 2091 1216 2139 avocat
1246 2099 1352 2152 qua
1381 2080 1623 2136 Verbum
1647 2091 1732 2137 est
1762 2095 1826 2135 ac
1852 2079 2032 2136 Deus:

455 2188 549 2243 sed
577 2185 704 2255 quia
742 2180 996 2239 servilem
1041 2178 1271 2233 formam
1310 2176 1362 2229 in
1412 2190 1472 2231 se
1523 2174 1732 2229 habens
1763 2181 1820 2226 et
1873 2172 2037 2225 homo

452 2278 615 2333 sicuti
653 2289 753 2329 nos
786 2268 1145 2332 exsistens”,
1192 2267 1305 2320 haec
1344 2265 1442 2330 ait,
1501 2269 1816 2319 sermonem
1870 2275 2033 2316 suum

352 2339 363 2348 .
453 2385 563 2424 non
598 2368 718 2421 vult
760 2365 1057 2417 humanum
1104 2352 1340 2422 censeri,
1396 2354 1492 2410 sed
1532 2355 1781 2409 divinum
1840 2367 2033 2407 revera

451 2469 507 2516 et
540 2458 773 2528 regium,
803 2470 928 2510 eum
962 2451 1273 2506 necessario
1300 2449 1366 2504 ad
1406 2442 1587 2501 Patris
1621 2458 1913 2516 personam
1951 2458 2034 2498 rc-

454 2551 662 2611 ferens,
706 2562 797 2610 ne,
834 2544 880 2600 si
932 2544 1179 2612 seipsum
1217 2539 1512 2599 divideret.
1549 2552 1737 2593 ansam
1772 2537 2033 2607 praeberet

452 2645 592 2700 duos
624 2641 763 2695 ﬁlios
798 2634 1162 2703 intelligendi,
1202 2647 1327 2687 cum
1365 2638 1492 2686 ante
1533 2637 1588 2685 et
1625 2637 1745 2700 post
1783 2629 2034 2682 incarna-

451 2737 653 2789 tionem
684 2745 826 2787 uuus
856 2730 930 2784 sit
954 2726 1148 2781 Filius.
1188 2724 1341 2781 Unus
1370 2726 1516 2779 enim
1546 2730 1630 2778 est
1660 2721 1937 2784 Christus,
1967 2733 2030 2773 ac

452 2812 558 2877 nou
592 2822 720 2883 duo,
760 2818 928 2874 sicuti
962 2816 1379 2889 volunt_aliqui.
1415 2812 1561 2871 Deus
1590 2815 1732 2868 enim
1758 2813 2030 2868 exsistens

454 2912 690 2967 Verbum
747 2926 813 2965 ex
856 2909 1019 2963 Patre
1053 2921 1185 2962 caro
1219 2906 1422 2959 factum
1466 2914 1572 2972 est,
1602 2896 1758 2974 juxta
1801 2901 2030 2958 Joannis

454 3018 640 3058 vocem
664 3002 734 3067 ’9,
766 3016 874 3054 non
907 2999 960 3052 in
992 3012 1160 3051 carne
1189 2991 1650 3057 'transmutatum,
1676 2992 1773 3049 sed
1789 2994 2027 3070 \templo,

2137 1899 2237 1967 τὴν
2267 1899 2483 1953 πάντων
2527 1899 2775 1969 βασιλίδα
2819 1900 3002 1969 φύσιν.
3042 1897 3151 1955 Ἦν
3182 1903 3241 1956 δέ
3266 1903 3331 1973 δὴ
3371 1904 3532 1958 πάλιν
3571 1905 3716 1959 κατά

2136 1989 2230 2044 δύο
2266 1993 2512 2062 τρόπους
2576 1992 2667 2046 τὸν
2728 1992 2839 2047 τῶν
2895 1994 3261 2065 ἀκροωμένων
3308 1996 3715 2065 ἀσφαλίσασθαι

2136 2078 2280 2134 νοῦν.
2327 2081 2398 2133 Ἣ
2425 2080 2536 2151 γὰρ
2562 2080 2622 2133 τὺ
2656 2080 2831 2134 θέλειν
2866 2083 3090 2153 τιμῆσαι
3118 2084 3211 2136 τὸν
3238 2084 3375 2138 Θεὸν
3408 2087 3716 2158 προτρέψαι

2136 2172 2354 2235 πάντως
2374 2172 2451 2235 είς
2474 2171 2805 2237 εὐπείθειαν,
2830 2174 2996 2244 ἡγουν
3020 2174 3081 2228 τδ
3101 2174 3326 2230 δεδιέναι
3350 2178 3718 2249 προσκρούειν

2134 2262 2281 2333 αὐτῷ
2312 2262 2469 2315 τοῦτο
2493 2262 2557 2334 δὴ
2587 2263 2749 2317 πάλιν
2787 2266 3102 2335 ἐργάσεται.
3128 2263 3247 2320 Eiet
3275 2269 3385 2340 γάρ
3410 2269 3477 2323 δι’
3509 2272 3719 2339 ἀμφοῖν

2132 2357 2163 2409 ὁ
2192 2355 2286 2408 τοῦ
2312 2355 2582 2426 χρησίμου
2605 2372 2665 2409 τε
2693 2357 2787 2411 καὶ
2812 2358 3186 2429 συμφέροντος
3209 2359 3488 2432 λογισμός.
3518 2364 3716 2432 Λέγων

2132 2447 2190 2500 δὲ
2219 2449 2299 2501 ὅτι
2351 2465 2370 2498 ‹
2402 2448 2516 2501 Οὐκ
2547 2447 2694 2502 ἔστιν
2737 2449 2867 2520 ἐμὸς
2895 2450 2924 2503 ό
2958 2449 3134 2521 λόγος,
3164 2471 3187 2504 ι
3236 2455 3358 2524 οὐχὶ
3389 2454 3452 2525 δὴ
3493 2456 3718 2517 πάντως

2131 2541 2280 2619 ἡμᾶς
2320 2539 2563 2609 ἐξίστησι
2608 2541 2703 2594 τοῦ
2765 2541 2896 2595 ίδίου
2943 2543 3237 2614 προσώπου
3296 2546 3543 2618 καθάπερ
3594 2549 3716 2601 ἐστὶ

2133 2630 2304 2698 Λόγος
2331 2631 2424 2683 καὶ
2457 2630 2590 2694 Θεός
2619 2648 2630 2659 ·
2676 2632 2864 2704 ἐπειδὴ
2895 2633 2951 2686 δὲ
2978 2635 3077 2704 τὴν
3106 2636 3384 2706 οίκετικὴν
3412 2636 3550 2708 ἔχων
3581 2656 3718 2712 μορ-

2135 2720 2241 2791 φὴν
2274 2720 2353 2774 ἔτι
2398 2722 2492 2774 καὶ
2535 2722 2592 2775 ἐν
2630 2723 2952 2795 ἀνθρωπίνῳ
2992 2726 3316 2796 φαινόμενος
3346 2729 3588 2799 σχήματι
3618 2731 3715 2783 καὶ

2122 2814 2395 2887 ὑπάρχων
2450 2815 2666 2885 ἀληθῶς
2711 2815 2837 2870 καθ’
2882 2817 3051 2887 ἡμᾶς,
3114 2816 3184 2870 τὰ
3248 2816 3478 2871 τοιαῦτά
3522 2834 3713 2887 φησιν,

2132 2907 2232 2960 οὐκ
2257 2905 2596 2976 ἀνθρώπινον
2622 2906 2713 2959 τὸν
2742 2906 2938 2960 ἐαυτοῦ
2972 2907 3210 2961 νοεῖσθαι
3245 2907 3491 2979 βούλεται
3526 2908 3711 2978 λόγον,

2131 2996 2265 3050 ἀλλά
2297 2997 2436 3050 θεῖον
2466 2996 2638 3059 ὅντως
2678 2997 2775 3050 καὶ
2804 2996 3103 3067 βασιλικὸν,
3135 2999 3506 3071 περιενεγκὼν
3535 3001 3712 3069 ἀναγ-

408 3151 412 3161 ,
450 3096 505 3151 id
534 3104 620 3149 est
657 3108 855 3157 carne,
882 3107 945 3145 ex
980 3098 1173 3144 sancta
1207 3087 1429 3159 Virgine
1450 3087 1553 3141 sibi
1591 3095 1894 3156 assumpto.
1945 3087 2027 3140 Ne

2131 3088 2300 3150 καίως
2331 3082 2410 3151 είς
2441 3086 2500 3140 τὸ
2541 3087 2634 3141 τοῦ
2668 3088 2882 3159 Πατρὸς
2921 3088 3235 3160 πρόσωπον,
3268 3090 3360 3145 ἵνα
3388 3091 3485 3162 μὴ,
3516 3090 3714 3145 διελὼν

447 3201 582 3255 ergo
615 3189 909 3238 humanum
938 3196 1062 3235 esse
1099 3187 1355 3250 putemus
1398 3192 1709 3233 sermonem
1739 3177 1876 3247 ejus,
1927 3191 2027 3231 nec

2129 3177 2340 3241 ἐαυτὸν,
2371 3178 2463 3231 δύο
2500 3177 2686 3232 λοιπὸν
2726 3155 2875 3244 υἱοὺς
2908 3155 3143 3234 νοεῖσθαι
3178 3155 3594 3254 παρασκευάσῃ,
3626 3174 3713 3249 εἷς

442 3293 478 3331 a
520 3284 715 3329 natura
750 3272 934 3328 divina
986 3268 1336 3339 disciplinam
1384 3255 1760 3339 evangelicam
1809 3267 2027 3323 abstra-

441 3369 670 3425 hamus,
703 3361 799 3417 sed
833 3360 925 3415 Dei
962 3358 1200 3432 supremi
1249 3373 1373 3413 esse
1401 3358 1711 3421 credamus,
1762 3352 2026 3427 singulari

446 3455 684 3510 consilio
720 3460 978 3523 recteque
1005 3449 1322 3517 admodum,
1362 3458 1554 3521 utpote
1596 3465 1718 3502 cum
1749 3457 1802 3504 et
1835 3450 1888 3503 in
1926 3449 2027 3502 litt-

449 3561 613 3600 inana
649 3543 824 3597 forma
862 3549 1175 3614 appareret,
1220 3549 1431 3595 natura:
1487 3539 1685 3594 divina:
1718 3554 2026 3595 sermonem

449 3653 642 3692 rursus
674 3635 888 3700 tribuit,
915 3642 1179 3703 tanquam
1212 3633 1268 3688 in
1316 3647 1549 3703 persona
1582 3632 1679 3687 Dei
1700 3647 1766 3687 ac
1820 3631 2020 3694 Patris,

447 3746 511 3784 ex
543 3746 649 3799 quo
675 3739 727 3782 et
755 3728 807 3782 in
837 3741 947 3797 quo
977 3724 1283 3781 secundum
1312 3733 1566 3779 naturam
1597 3732 1702 3785 est,
1746 3732 1802 3775 ιιι
1837 3723 2023 3792 splen-

448 3821 549 3874 dor
576 3829 631 3874 et
666 3818 901 3873 Verbum
930 3817 1095 3887 837
1130 3815 1274 3886 ejus,
1314 3823 1368 3869 et
1408 3815 1699 3870 character
1731 3815 1854 3884 ejus
1893 3813 2022 3867 sub-

448 3911 666 3964 stantia:
683 3909 752 3963 ‘°.

2125 3268 2200 3323 ὣν
2238 3255 2400 3335 Tib}:
2454 3260 2549 3324 καὶ
2589 3270 2695 3342 πρὸ
2732 3270 2831 3341 τῆς
2888 3273 3218 3344 σαρκώσεως
3265 3276 3360 3329 καὶ
3409 3276 3548 3346 μετά
3599 3279 3707 3346 τὴν

2126 3362 2420 3433 σάρκωσιν.
2447 3358 2542 3427 Εἷς
2563 3363 2671 3434 γὰρ
2694 3366 2722 3417 ό
2747 3365 3001 3435 Χριστὸς,
3027 3366 3122 3419 καὶ
3141 3367 3201 3420 οὺ
3226 3366 3340 3433 δύο,
3362 3368 3503 3423 κατά
3527 3386 3708 3433 τινας.
3724 3348 3740 3360 ’

2124 3455 2255 3518 Θεὸς
2285 3456 2394 3526 γάρ
2421 3453 2495 3509 ὢν
2525 3455 2553 3507 ὁ
2584 3456 2756 3523 Λόγος
2784 3458 2849 3511 ἐκ
2880 3457 3095 3528 Πατρὸς
3125 3458 3318 3527 γέγονε
3358 3459 3515 3530 σάρξ,
3563 3463 3712 3516 κατά

2122 3544 2221 3615 τὴν
2258 3544 2504 3599 Ἰωάννου
2529 3544 2732 3616 φωνὴν,
2764 3548 2864 3600 οὐκ
2893 3548 2974 3611 εις
3001 3547 3179 3619 σάρκα
3207 3549 3709 3621 μεταϐεϐλημένοις,

2121 3636 2236 3690 ἀλλ’
2267 3636 2403 3690 ἰδίαν
2429 3636 2798 3707 ποιησάμενος
2821 3638 3000 3708 σάρκα
3029 3640 3120 3693 τὸν
3141 3642 3203 3694 ἐκ
3234 3641 3333 3712 τῆς
3364 3642 3528 3710 ἁγίας
3557 3645 3712 3715 Παρ-

2121 3727 2275 3781 θένου
2327 3726 2474 3780 ναόν.
2528 3726 2647 3781 ’Ὶνα
2690 3728 2869 3781 τοίνυν
2904 3728 2978 3800 μὴ
3010 3729 3348 3800 ἀνθρώπινον
3375 3727 3516 3785 εἶναι
3544 3733 3707 3802 νομί-

2119 3812 2303 3886 ζωμεν
2331 3814 2423 3868 τὸν
2451 3815 2610 3883 λόγον
2640 3814 2826 3882 αὐτοῦ,
2863 3817 2999 3886 μηδέ
3028 3816 3130 3888 τῆς
3156 3818 3306 3883 θείας
3341 3820 3709 3892 ἐκστὴσωμεν

2118 3906 2332 3976 φύσεως
2376 3907 2439 3960 τὸ
2487 3907 2718 3978 μάθημα
2752 3908 2812 3961 τὸ
2839 3909 3214 3980 εύαγγελικὸν,
3257 3910 3392 3965 ἀλλά
3437 3912 3579 3966 Θεοῦ
3607 3913 3706 3967 τοῦ

448 4004 540 4056 ἐπὶ
588 4002 794 4065 πάντας
834 3996 972 4054 εἶναι
1017 3999 1383 4072 πιστεύωμεν,
1429 3996 1788 4070 οἰκονομικῶς
1838 3999 1933 4051 καὶ
1973 3999 2174 4072 σφόδρα
2239 3999 2441 4065 καλῶς,
2489 3999 2584 4053 ἅτε
2628 4001 2698 4073 δὴ
2741 4002 2838 4057 Ital.
2896 4004 2955 4055 ἐν
3001 4001 3327 4075 ἀνθρωπίνῳ
3377 4007 3707 4077 φαινόμενος

448 4095 706 4163 σχήματι,
752 4094 818 4161 τῇ
868 4090 988 4161 θεία
1031 4089 1189 4161 φύσει
1227 4090 1493 4160 ἀπονέμει
1524 4090 1686 4143 πάλιν
1719 4087 1810 4141 τὸν
1838 4088 2017 4158 λόγον,
2054 4089 2128 4153 ὡς
2160 4092 2218 4143 ἐν
2252 4090 2530 4163 προσώπῳ
2558 4091 2652 4144 τοῦ
2692 4093 2829 4145 Θεοῦ
2878 4094 2973 4148 καὶ
3026 4096 3262 4165 Πατρὺς,
3304 4096 3363 4164 ἐξ
3394 4092 3457 4152 οὗ
3502 4099 3600 4153 καὶ
3645 4102 3705 4152 ἐν

445 4177 489 4252 ᾧ
517 4184 657 4237 κατὰ
685 4182 842 4250 φύσιν
871 4183 1038 4244 ἐστὶν,
1066 4183 1143 4248 ὡς
1178 4182 1519 4251 ἀπαύγασμα
1550 4180 1642 4234 καὶ
1667 4180 1837 4250 Λόγος
1862 4180 2028 4236 αὐτοῦ
2069 4183 2162 4235 καὶ
2193 4183 2293 4253 τῆς
2324 4185 2675 4248 ὑποστάσεως
2700 4185 2864 4238 αὑτοῦ
2894 4189 3200 4257 χαρακτήρ,

515 4274 655 4338 XIV,
682 4274 771 4338 225,
809 4274 899 4329 26.
935 4273 1057 4328 Ηίεσ
1100 4274 1307 4327 locutus
1359 4290 1474 4326 sum
1529 4273 1708 4334 vobis,
1747 4275 1886 4340 apud
1926 4289 2015 4326 vos

2197 4275 2388 4331 Ταῦτα
2416 4276 2727 4342 λελάληκα
2754 4275 2917 4346 ὑμῖν,
2949 4278 3084 4346 παρ’
3108 4279 3252 4348 ὑμῖν
3275 4279 3495 4349 μένων.
3544 4282 3608 4335 Ὀ
3635 4282 3705 4335 δὲ

447 4383 685 4420 manens.
720 4362 1036 4419 Paracletus
1075 4375 1250 4419 autem
1301 4361 1535 4433 Spiritus
1586 4372 1824 4428 sanctus,
1866 4379 2014 4432 quem

2129 4368 2509 4435 Παράκλητος
2539 4367 2604 4421 τὸ
2628 4368 2870 4436 Πνεῦμα
2905 4369 2970 4423 τὸ
3009 4369 3196 4439 ἅγιον,
3244 4370 3275 4424 ὃ
3309 4372 3533 4442 πέμψει
3560 4374 3702 4443 ὑμῖν

445 4463 615 4514 mittet
648 4457 810 4513 Pater
839 4459 894 4511 in
930 4459 1141 4512 nomine
1175 4474 1310 4521 meo,
1335 4455 1425 4509 ille
1456 4471 1542 4509 vos
1573 4452 1778 4510 decebit
1811 4456 2010 4522 omnia,

2129 4462 2154 4513 ό
2199 4459 2401 4528 Πατὴρ
2434 4460 2505 4511 ἐν
2546 4457 2625 4523 τῷ
2667 4460 2912 4529 ὀνόματί
2945 4479 3086 4529 μου,
3128 4462 3355 4529 ἐκεῖνος
3402 4465 3563 4533 ὑμᾶς
3601 4468 3701 4519 δι-

442 4563 493 4608 et
526 4565 764 4625 suggeret
792 4553 935 4609 vobis
963 4553 1147 4608 omnia
1178 4565 1500 4620 quaecunque
1529 4548 1714 4604 dixero
1745 4548 1910 4605 vobis.

2129 4549 2287 4613 δάξει
2319 4549 2536 4614 πάντα,
2574 4550 2671 4602 καὶ
2699 4551 3035 4620 ὑπομνήσει
3068 4554 3223 4622 ὑμᾶς
3243 4556 3439 4609 πάντα
3460 4556 3500 4611 d
3526 4552 3702 4612 εἷπον

2116 4639 2250 4710 ἐγώ.

517 4726 695 4782 liabet
726 4743 922 4783 rursus
954 4726 1045 4780 hic
1087 4738 1270 4780 sermo
1301 4723 1667 4779 humanitatis
1706 4725 2019 4796 expressio-

2190 4731 2342 4800 Ἔχει
2375 4729 2536 4783 πάλιν
2560 4731 2588 4783 ό
2618 4730 2774 4801 λόγος
2802 4733 2862 4786 τὸ
2895 4733 3255 4807 ἀνθρώπινον,
3305 4734 3399 4788 καὶ
3427 4734 3541 4790 τῶν
3575 4735 3697 4790 καθ’

442 4834 593 4881 nem,
619 4827 673 4873 et
714 4826 967 4888 anostra
1001 4813 1320 4869 conditione
1347 4830 1458 4869 non
1495 4818 1790 4872 admodum
1822 4819 2014 4883 distat,

438 4912 483 4964 si
542 4909 652 4962 loci
696 4909 864 4977 hujus
925 4922 1149 4960 sensum
1201 4911 1621 4966 convenientem
1676 4922 2013 4983 spectemus.

437 4999 806 5066 Quandonam
833 4997 1004 5062 enim,
1037 4998 1252 5066 inquiet
1295 5000 1425 5069 jure
1469 5003 1696 5072 aliquis,
1739 5006 1882 5075 apud
1916 5020 2019 5058 nos

436 5093 702 5147 Christus
753 5079 863 5144 non
928 5098 1037 5153 est,
1071 5091 1295 5147 deitatis
1344 5093 1607 5150 nimirum
1670 5097 1914 5166 potentia
1955 5112 2019 5151 ac

441 5186 685 5245 virtute,
722 5182 914 5252 implet
950 5182 1154 5253 quippe
1198 5185 1615 5251 universa,nec
1669 5188 1738 5242 ab
1795 5187 1905 5240 ulla
1961 5203 2019 5241 re

442 5275 607 5343 plane
663 5272 965 5338 ahest,scd
1016 5274 1277 5331 ineﬂ‘abili
1319 5277 1527 5331 virtute
1576 5277 1760 5346 potius
1815 5288 2015 5331 cuncta

441 5372 707 5433 permeat,
742 5373 943 5419 terram
978 5380 1041 5420 ac
1076 5367 1300 5429 coelum,
1332 5381 1439 5420 nec
1487 5358 1643 5419 abest
1693 5380 1721 5417 a
1757 5379 2012 5434 penetrao

386 5442 401 5452 ’
443 5456 587 5511 libus
617 5458 846 5528 abyssi?
878 5456 979 5512 Ubi
1004 5457 1147 5513 enim
1179 5472 1288 5511 non
1323 5463 1411 5511 est
1452 5454 1631 5509 Deus?
1662 5453 1795 5509 Cum
1845 5456 2013 5527 igitur

441 5549 517 5604 ait
552 5567 565 5603 :
603 5566 622 5599 ι
658 5547 785 5603 llaec
810 5549 1029 5603 locutus
1052 5562 1175 5603 sum
1194 5546 1377 5609 vobis,
1400 5545 1544 5616 apud
1574 5561 1670 5602 vos
1698 5562 1953 5613 manens,
1983 5569 2002 5601 ι

2116 4822 2262 4891 ἡμᾶς
2282 4820 2343 4874 ού
2371 4819 2491 4874 λίαν
2521 4822 2865 4893 ἀπήλλακται
2896 4824 3131 4893 μέτρων,
3160 4825 3282 4878 ὅσον
3311 4820 3447 4898 ἦκεν
3470 4827 3555 4889 εἰς
3573 4825 3696 4881 νοῦν

2114 4917 2227 4976 τοῖς
2256 4913 2640 4983 προκειμένοις
2666 4916 2759 4969 τὸν
2796 4916 3093 4988 πρέποντα.
3127 4918 3265 4971 Πότε
3293 4918 3423 4989 γὰρ,
3453 4918 3695 4986 εὐλόγως

2116 5003 2233 5070 ἐρεῖ
2273 5020 2377 5066 τις,
2412 5004 2488 5067 ὡς
2515 5006 2575 5058 οὐ
2627 5006 2758 5077 παρ’
2786 5008 2919 5076 ἡμῖν
2949 5009 3095 5061 ἐστιν
3122 5008 3151 5059 ὁ
3182 5006 3438 5079 Χριστὸς,
3464 5008 3612 5062 κατά
3634 5024 3693 5077 γε

2115 5093 2215 5164 τὴν
2255 5095 2354 5165 τῆς
2401 5095 2651 5166 θεότητος
2695 5098 2944 5170 δύναμιν,
2994 5100 3172 5153 καίτοι
3218 5099 3418 5170 πληροῖ
3472 5101 3576 5170 μὲν
3629 5100 3695 5154 τὰ

2116 5185 2314 5248 πάντα,
2341 5186 2436 5239 καὶ
2462 5187 2675 5251 οὐδενὸς
2702 5189 2765 5241 τὸ
2795 5189 3015 5261 σύμπαν
3041 5191 3211 5260 ἀποδη
3222 5194 3333 5260 μεῖ,
3356 5192 3616 5261 περιέπει
3632 5192 3692 5245 δὲ

2120 5274 2319 5343 μᾶλλον
2349 5279 2574 5349 ἀρρήτῳ
2601 5278 2848 5350 δυνάμει,
2875 5281 2980 5351 γῆν
3011 5299 3072 5334 τε
3105 5283 3200 5336 xal.
3229 5283 3479 5354 οὐρανὸν,
3506 5284 3621 5337 τῶν
3638 5281 3691 5334 δέ

2104 5365 2343 5420 ἀὸύσσου
2371 5370 2556 5438 μυχῶν
2578 5370 2676 5422 ούκ
2701 5372 3168 5443 άπολιμπάνεταις
3199 5374 3304 5427 Ποῦ
3329 5374 3439 5445 γὰρ
3453 5374 3559 5427 οὐκ
3577 5373 3688 5427 ἔστι

2116 5459 2249 5521 Θεός
2269 5475 2284 5522 ;
2306 5528 2310 5533 Α
2335 5458 2505 5514 Ὅταν
2549 5457 2640 5517 οὖν
2680 5462 2814 5537 λέγῃ
2833 5480 2847 5495 ο
2906 5483 2922 5514 ι
2954 5464 3140 5519 Ταῦτα
3171 5466 3307 5536 πρὸς
3340 5465 3487 5535 ὑμᾶς
3516 5462 3688 5525 εἶπον.

2116 5555 2246 5622 παρ’
2273 5553 2400 5623 ύμῖν
2438 5553 2631 5617 μένων,
2664 5572 2682 5606 ι
2711 5556 2851 5609 κατά
2871 5555 2932 5609 τὸ
2958 5556 3294 5627 ἀνθρώπινον
3317 5553 3688 5629 ἐκληψόμευα.

510 5725 554 5758 ⁸⁷
584 5724 685 5779 lsa.
728 5738 806 5788 lx,
836 5721 868 5777 θ
908 5737 1022 5778 sec.
1058 5722 1225 5780 LXX.
1301 5725 1345 5757 “
1373 5722 1601 5794 Philipp.
1645 5740 1705 5809 tt,
1741 5727 1792 5780 τ.
1872 5727 1917 5759 ³⁹
1955 5724 2029 5780 1ολ

2169 5740 2222 5791 ι,
2277 5728 2363 5782 14.
2445 5728 2486 5760 ⁸ο
2533 5730 2697 5785 llebr.
2738 5747 2786 5795 ι,
2828 5712 2904 5789 5(
2962 5796 2965 5797 ν
