3992 6316
227 392 310 447 501

1249 369 1314 434 ix
1355 365 1641 434 Joannis
1673 365 2113 432 EvANGELIUM
2155 376 2281 430 ue.
2325 361 2388 432 Χ.

3338 368 3441 430 Su?

227 508 323 562 Καὶ
372 501 597 571 ἐπείπερ
650 493 872 570 ἔμελλεν
1027 496 1320 568 ὀφθαλμῶν
1367 495 1617 564 γενέσθαι
1665 492 1774 546 τῶν

1895 491 2238 547 inmanitatis
2292 495 2503 547 ratione
2547 491 2600 547 id
2647 478 3035 560 intelligemus.
3074 477 3140 546 ἰῖί
3173 491 3300 561 quia
3353 509 3440 546 ru-

227 595 506 670 ήμετίρων,
537 592 676 645 κατά
707 608 771 659 γε
797 589 894 661 τὴν
921 589 1100 660 σάρκα
1129 587 1292 658 φημἰ,
1326 586 1425 658 τὴν
1451 587 1510 638 ὲν
1539 587 1649 648 τοῖς
1683 584 1776 636 οὑ·-

229 688 392 761 ρανοϊς
438 682 748 752 ἀποδημίαν
793 679 1163 749 στειλάμενος,
1210 677 1278 731 τά
1327 675 1556 730 τοιαῦτά
1601 688 1774 745 φησι·

227 779 314 847 τὴν
333 775 385 828 δὲ
409 773 503 826 τοῦ
541 771 842 842 μυστηρίου
870 771 1215 839 τελειοτάτην
1243 769 1334 824 καὶ
1375 766 1777 847 ἀκριὸεστάτην

228 846 344 938 ημίν
364 861 700 930 ἀποκάλυψιν
717 860 807 914 διὰ
828 859 921 914 τοῦ
951 859 1308 930 Παρακλήτου
1331 851 1582 925 γενέσθαι
1605 846 1775 922 λέγει,
1823 886 1831 896 -

230 957 352 1012 τοῦτ’
383 953 515 1016 ἔστι,
543 951 638 1006 τοῦ
668 951 825 1018 ἁγίου
853 951 1168 1020 Πνεύματος
1201 947 1600 1010 ἀποσταλέντος
1627 947 1781 1018 παρὰ

229 1051 310 1104 τοῦ
334 1045 540 1117 Πατρδς
565 1046 655 1098 ἐπὶ
681 1044 758 1114 τῷ
777 1044 1002 1115 ὀνόματι
1029 1037 1214 1104 αὖτοῦ,
1240 1040 1384 1106 λέγω
1415 1039 1478 1111 δὴ
1507 1038 1600 1093 τοῦ
1625 1035 1775 1094 Υίοῦ.

239 1143 316 1204 Ὠς
359 1136 461 1206 γὰρ
505 1135 762 1206 Χριστὸς,
809 1135 868 1186 ὲν
911 1135 1044 1205 ἡμῖν
1085 1127 1144 1186 τὸ
1189 1131 1414 1201 Πνεῦμα
1441 1131 1627 1185 αὑτοῦ.
1683 1130 1781 1182 Διὰ

228 1230 368 1286 τοῦτό
394 1244 575 1298 φησιν,
611 1227 691 1280 ὅτι
723 1244 742 1277 ι
766 1219 1001 1287 Ἐκεῖνος
1033 1223 1234 1290 διδάξει
1260 1224 1402 1294 ὑμᾶς
1432 1223 1607 1276 πάντα
1637 1220 1673 1275 ὃ.
1702 1217 1773 1274 εἷο

230 1339 318 1376 πον
342 1321 464 1388 ὑμῖν
499 1318 629 1386 ἐγώ.
660 1338 678 1370 ι
721 1315 939 1386 Ἐπειδὴ
971 1316 1078 1386 γάρ
1113 1317 1228 1369 ἐστι
1275 1314 1500 1385 Πνεῦμα
1544 1313 1780 1386 Χριστοῦ

229 1411 312 1465 καὶ
334 1408 452 1470 νοῦς
482 1406 670 1470 αὐτοῦ,
705 1407 848 1460 κατὰ
873 1406 934 1458 τὸ
959 1406 1364 1480 γεγραμμένον,
1397 1403 1494 1476 οὐχ
1521 1405 1705 1474 ἕτερόν
1731 1421 1782 1456 τι

230 1501 344 1572 παρ’
376 1497 534 1552 αὑτὸν
559 1497 638 1562 ὃν,
672 1497 814 1550 κατά
845 1513 908 1564 γε
933 1491 1025 1551 τδν
1055 1498 1111 1549 ὲν
1139 1488 1427 1566 ταυτότητι
1459 1497 1662 1565 φυσικῇ
1697 1494 1778 1546 λό-

231 1610 334 1662 γον,
374 1591 550 1644 καίτοι
596 1588 884 1660 νοούμενόν
928 1597 989 1642 τε
1038 1588 1132 1641 καὶ
1177 1587 1419 1658 ὑπάρχον
1473 1587 1639 1648 ἰδίως,
1675 1582 1782 1638 οἶδε

230 1684 390 1738 πάντα
414 1679 482 1733 τὰ
516 1680 573 1732 ὲν
598 1677 764 1748 aera,
790 1677 899 1732 Καὶ
932 1677 1273 1748 μαρτυρήσει
1294 1675 1467 1743 λέγων
1489 1677 1516 1728 6
1541 1673 1747 1736 Παῦλος
1766 1691 1780 1704 ·

237 1773 356 1836 ιΤίς
385 1769 489 1843 γάρ
519 1762 628 1825 οἶδε
663 1775 734 1834 τά
775 1767 868 1823 τοῦ
902 1767 1208 1838 ἀνθρώπου,
1248 1769 1296 1820 εί
1344 1766 1420 1837 μὴ
1466 1761 1526 1819 τὸ
1569 1765 1786 1834 πνεῦμα

1875 597 2072 638 versus
2107 581 2176 636 ad
2225 583 2397 637 caelos
2446 597 2775 640 evanescere
2825 581 3060 637 debebat
3111 597 3176 634 ex
3235 590 3441 637 nostris

1875 676 2077 739 oculis,
2106 676 2255 746 quod
2289 676 2356 731 ad
2385 691 2609 731 carnem
2649 677 2882 746 spectat,
2907 676 3123 732 idcirco
3155 677 3272 731 hate
3315 677 3394 732 ait
3425 695 3438 732 .'

1878 766 2126 836 mysterii
2171 781 2301 821 vero
2351 765 2812 836 perfectissimam
2865 773 2916 820 et
2970 767 3443 822 accuratissimant

1879 857 2274 912 revelationem
2308 873 2402 928 per
2426 857 2770 912 Para'cletum
2801 857 2961 912 nobis
2990 856 3192 911 factam
3219 857 3316 919 ait,
3341 857 3448 911 ho».

1877 957 1962 1003 est
1989 962 2084 1019 per
2113 959 2364 1004 sanctum
2403 948 2696 1018 Spiritum,
2735 948 2826 1018 qni
2867 948 3080 1024 missus
3101 957 3186 1006 est
3216 962 3245 1001 a
3282 946 3449 1002 Patre

1881 1039 1934 1092 iu
1967 1040 2189 1094 nomine
2218 1039 2366 1108 ejus,
2420 1039 2472 1093 id
2507 1047 2591 1094 e‘st
2624 1039 2767 1093 Filii.
2802 1039 2871 1094 Ut
2915 1040 3061 1092 enim
3102 1039 3356 1094 Christus
3390 1039 3445 1092 in

1880 1127 2062 1189 nobis,
2096 1127 2168 1179 ita
2198 1134 2252 1180 et
2288 1127 2530 1196 Spiritus
2563 1124 2705 1194 ejus.
2747 1126 2958 1180 Idcirco
2988 1125 3066 1179 ait
3096 1143 3107 1177 :
3141 1144 3158 1175 ι
3201 1126 3323 1194 Ipse
3349 1135 3443 1180 vos

1879 1216 2103 1272 docebit
2130 1218 2316 1271 omnia
2346 1232 2469 1286 quae
2499 1232 2602 1287 ego
2631 1215 2743 1270 dixi
2778 1215 2956 1270 vobis.
2999 1233 3017 1266 ι
3053 1211 3186 1266 Nam
3219 1229 3344 1268 eum
3377 1215 3450 1268 sit

1883 1308 2091 1362 Christi
2141 1308 2384 1378 Spiritus
2411 1315 2466 1362 et
2508 1322 2662 1362 mens
2702 1305 2844 1374 ejus,
2877 1315 2937 1360 ut
2969 1306 3238 1376 scriptum
3269 1313 3355 1360 est
3381 1305 3478 1371 ",_

1883 1416 1991 1453 non
2040 1400 2187 1452 aliud
2239 1399 2498 1468 quiddam
2545 1397 2817 1452 exsistens
2871 1397 2939 1450 ab
2993 1397 3130 1464 ipso,
3181 1393 3450 1448 naturalis

1885 1490 2189 1546 identitatis
2223 1490 2604 1555 ratioiic,licet
2634 1489 2688 1542 in
2723 1487 2946 1558 propria
2974 1486 3251 1556 hyposlasi
3283 1485 3448 1538 intel-

1886 1579 2086 1650 ligatur
2113 1596 2177 1633 ac
2217 1581 2310 1643 sit,
2338 1579 2523 1633 omnia
2565 1567 2718 1632 novit
2749 1593 2869 1646 quae
2899 1577 2956 1630 in
2987 1591 3053 1631 eo
3097 1583 3245 1629 sunt.
3279 1575 3452 1645 Cujus

1885 1673 1963 1726 rei
2009 1672 2171 1726 testis
2218 1671 2375 1727 nobis
2402 1673 2506 1725 erit
2539 1670 2760 1732 Paulus,
2788 1669 2982 1724 dicens
3016 1687 3029 1721 :
3065 1686 3082 1721 ι
3117 1667 3255 1734 Quis
3303 1669 3447 1721 enim

1886 1762 1992 1816 scit
2023 1762 2144 1832 qua:
2189 1771 2321 1816 sunt
2358 1761 2623 1825 hominis,
2670 1761 2775 1815 nisi
2806 1760 3038 1830 spiritus
3085 1759 3324 1812 hominis
3354 1771 3448 1826 qut

229 1864 311 1917 τοῦ
339 1861 618 1932 ἀνθρώπου
645 1863 706 1916 τδ
732 1860 792 1914 δν
822 1863 880 1914 ὲν
906 1861 1083 1931 abstini;
1133 1860 1288 1914 υῦτω
1320 1860 1411 1913 καὶ
1437 1857 1504 1912 τά
1531 1856 1621 1911 τοῦ
1651 1855 1784 1910 Θεοῦ

1894 1855 1941 1908 ἱη
1976 1855 2096 1923 ipso
2121 1855 2244 1908 est?
2272 1853 2346 1908 lta
2377 1862 2431 1908 et
2480 1869 2602 1924 quzc
2654 1854 2744 1908 Dei
2788 1861 2937 1916 sunt,
2970 1866 3132 1907 nemo
3173 1851 3450 1922 cognovit,

229 1955 388 2015 οὐδεὶς
412 1953 668 2020 ἔγνωκεν,
700 1954 747 2006 εί
783 1952 856 2022 μὴ
891 1952 949 2004 τὸ
978 1951 1202 2021 Πνεῦμα
1229 1951 1320 2004 τοῦ
1357 1941 1512 2016 Θεοῦ.
1551 1950 1782 2010 Οὐκοῦν,

232 2045 298 2106 ὡς
339 2043 468 2107 είδὸς
496 2043 567 2096 τά
597 2046 654 2096 ὲν
687 2045 750 2114 τῇ
784 2041 1030 2112 βουλήσει
1060 2041 1153 2096 τοῦ
1196 2041 1562 2109 Μονογενοῦς,
1608 2041 1785 2094 πάντα

233 2135 352 2202 ἡμῖν
381 2132 686 2201 ἀναγγέλει,
733 2133 832 2186 οὐκ
860 2134 924 2186 ὲκ
953 2133 1242 2204 μαθήσεως
1276 2131 1396 2202 ἕχον
1424 2131 1524 2202 τὴν
1556 2131 1783 2201 εἴδησιν,

233 2215 312 2275 ἴνα
341 2224 409 2294 μὴ
437 2223 697 2294 φαίνηται
723 2214 967 2276 διακόνου
990 2222 1142 2286 τάξιν
1164 2221 1517 2292 ἀποπληροῦν
1547 2221 1786 2284 καὶτοὺς

232 2313 404 2382 ἑτέρου
437 2312 600 2382 τυχὸν
630 2311 1044 2383 διαπορθμεύων
1079 2310 1288 2378 λόγους,
1324 2311 1436 2364 ἀλλ’
1459 2310 1534 2374 ὼς
1569 2310 1786 2379 πνεῦμα

232 2400 500 2470 ἀνθρώπου
533 2400 632 2470 (1),
667 2400 916 2470 καθάπερ
945 2399 1147 2470 ἀρτίως
1171 2399 1492 2470 εἰρήκαμεν,
1526 2399 1620 2452 καὶ
1651 2399 1787 2461 εῐδὺς

233 2489 507 2553 ἀδιδάκτως
536 2489 713 2543 πάντα
742 2490 810 2543 τά
839 2489 898 2555 se
927 2483 986 2544 οῦ
1014 2490 1108 2543 καὶ
1139 2492 1194 2542 ὲν
1221 2483 1371 2560 ᾧπέρ
1400 2491 1538 2552 ἐστι,
1569 2489 1639 2542 τὰ
1668 2487 1788 2542 θεῖα

231 2581 332 2641 τοῖς
372 2577 546 2644 ἁγίοις
574 2577 948 2631 ἀποκαλύπτει
985 2577 1285 2647 μυστήρια,
1316 2577 1562 2648 καθάπερ
1596 2577 1788 2646 ἀμέλει

233 2669 317 2721 καὶ
340 2671 366 2721 6
390 2667 726 2738 ἀνθρώπινος
753 2667 877 2731 νοῦς
907 2667 1085 2720 πάντα
1109 2666 1392 2735 γινώσκων
1424 2667 1492 2719 τά
1526 2668 1583 2719 ἐν
1617 2666 1788 2736 αὐτῷ,

232 2759 450 2813 διακονεί
474 2759 614 2828 πρὸς
643 2759 703 2811 τὸ
739 2759 862 2826 ἔξω,
892 2759 1036 2829 λόγῳ
1068 2758 1228 2829 τυχὸν
1258 2757 1338 2828 τῷ
1369 2758 1690 2829 προφορικῷ
1721 2760 1789 2813 τά

234 2850 495 2920 θελήματα
541 2851 643 2920 τῆς
674 2849 874 2920 ψυχῆς,
912 2846 980 2922 ἧς
1004 2850 1242 2903 ἐστικαὶ
1273 2849 1415 2912 νοῦς,
1462 2849 1647 2920 ἕτερον
1690 2850 1790 2919 μέν

231 2947 280 2995 τι
311 2945 432 3014 παρ’
461 2943 636 3012 αὐτὴν
664 2939 783 3005 ταῖς
808 2942 1074 3004 ἐπινοίαις
1098 2939 1371 3012 δρώμενός
1396 2950 1454 2992 τε
1485 2939 1578 2993 καὶ
1599 2940 1790 3010 ὀνομα-

235 3034 458 3104 ζόμενος,
484 3035 674 3104 ἕτερος
701 3034 756 3086 δὲ
785 3033 926 3086 κατὰ
946 3032 1105 3102 φύσιν
1129 3032 1228 3085 οὐκ
1246 3031 1341 3095 ὢν,
1371 3031 1486 3084 ἀλλ’
1506 3031 1581 3095 ὡς
1603 3032 1789 3103 μόριον

233 3124 317 3178 τοῦ
344 3125 538 3190 παντὸς
572 3123 1030 3195 συμπληρωτικὸν
1060 3125 1116 3176 ὲν
1144 3123 1280 3194 αὐτῇ
1312 3140 1371 3175 τε
1403 3122 1666 3194 ὑπάρχον,
1697 3124 1790 3178 καὶ

1886 1949 1990 2002 nisi
2020 1947 2266 2018 Spiritus
2296 1946 2388 1998 Dei
2414 1947 2478 1999 δ’.
2508 1964 2525 1995 ι
2563 1944 2833 2010 Quocirca
2868 1953 2928 1998 ut
2968 1943 3063 2013 qui
3092 1943 3241 1997 novit
3265 1952 3448 1995 omnia

1887 2055 2006 2108 qua:
2035 2049 2166 2094 sunt
2208 2039 2262 2092 in
2295 2039 2575 2092 voluntate
2613 2029 2910 2107 liuigeniti,
2941 2033 3125 2088 omnia
3159 2030 3319 2087 nobis
3355 2045 3454 2086 an-

1889 2129 2127 2189 nuntiat,
2161 2142 2266 2181 non
2293 2127 2589 2195 disciplina
2619 2132 2994 2193 comparatam
3028 2121 3314 2176 scientiam
3351 2120 3443 2174 ha-

1890 2221 2046 2285 hens,
2086 2234 2154 2273 ne
2187 2218 2426 2274 ministri
2455 2219 2628 2271 vicem
2679 2217 2907 2287 implere
2940 2215 3188 2268 videatur
3215 2221 3269 2268 et
3317 2213 3456 2266 alte--

1889 2312 2004 2365 rius
2056 2325 2340 2365 sermones
2381 2308 2617 2368 deferre.
2663 2308 2756 2362 sed
2806 2315 2866 2360 ut
2916 2306 3143 2376 spiritus
3195 2303 3452 2369 hominis,

1888 2401 2053 2457 sicuti
2087 2399 2250 2454 modo
2281 2398 2548 2462 diximus,
2583 2406 2636 2452 et
2666 2396 2758 2466 qui
2793 2397 2930 2450 citra
2956 2395 3202 2451 doctoris
3231 2406 3455 2464 operam

1890 2491 2044 2544 novit
2075 2491 2259 2545 omnia
2301 2505 2421 2560 quas
2467 2496 2597 2564 sunt
2628 2487 2750 2556 ejus
2783 2502 2850 2542 ex
2895 2502 3006 2556 quo
3031 2495 3088 2542 et
3120 2487 3175 2541 in
3207 2501 3317 2555 quo
3345 2495 3452 2548 est,

1890 2581 2076 2634 divina
2113 2581 2322 2636 sanctis
2356 2581 2560 2635 revelat
2591 2578 2876 2649 mysteria,
2909 2577 3072 2659 sicuti
3106 2578 3364 2632 nimirum
3402 2584 3459 2632 et

1891 2687 2046 2727 mens
2092 2672 2330 2725 humana
2363 2672 2547 2726 omnia
2588 2686 2710 2740 quae
2755 2672 2809 2723 in
2840 2686 2897 2724 se
2948 2679 3078 2724 sunt
3120 2682 3454 2740 agnoscens,

1891 2762 2239 2816 cnuntiativo
2259 2762 2425 2817 verbo
2447 2769 2506 2815 ut
2524 2761 2671 2817 foras
2698 2761 3233 2817 cmittatvoluntates
3260 2764 3475 2818 animas.

1894 2853 2197 2912 ministrat,
2231 2852 2388 2924 cujus
2417 2860 2500 2908 est
2530 2853 2696 2908 etiam
2748 2865 2924 2914 mens,
2962 2851 3108 2906 aliud
3138 2853 3360 2922 quidem
3387 2855 3457 2907 alt

1895 2944 2014 3014 ipsa
2051 2944 2275 2999 nomine
2325 2955 2378 2998 et
2419 2952 2712 3014 conceptu,
2741 2943 2835 2999 sed
2871 2943 2977 2996 alia
3021 2943 3322 2999 secundum
3360 2952 3457 2998 na-

1895 3046 2074 3090 turam
2107 3051 2215 3090 non
2246 3036 2546 3098 exsistens,
2576 3036 2671 3092 sed
2699 3051 2821 3105 qua:
2849 3035 3017 3090 veluti
3052 3051 3180 3104 pars
3212 3037 3461 3105 comple-

1895 3127 2004 3182 tiva
2038 3127 2209 3182 totius
2239 3127 2293 3180 in
2321 3141 2384 3182 ea
2409 3127 2650 3192 exsistit,
2676 3135 2724 3180 el
2757 3142 2822 3180 ex
2852 3141 2914 3180 ea
2945 3126 3166 3196 prodire
3189 3127 3455 3182 creditur.

235 3210 287 3280 ἐξ
315 3217 473 3287 αὐτῆς
503 3216 844 3284 ἀναφύεσθαι
871 3216 1280 3285 πιστευόμενον.
1336 3215 1505 3286 ’Υπὲρ
1541 3215 1598 3270 δὲ
1635 3215 1792 3269 τοῦτο

1894 3218 2061 3289 838
2083 3219 2246 3289 Atqui
2269 3218 2450 3272 divina
2471 3229 2530 3302 et
2559 3217 2854 3274 inell‘abilis
2885 3227 3079 3272 natura
3111 3231 3276 3288 supra
3313 3219 3460 3273 istud

217 3307 382 3386 ,πάλιν
423 3309 456 3379 ή
507 3308 634 3363 θεία
685 3326 744 3362 τε
797 3309 890 3363 καὶ
936 3309 1174 3380 άρῤητος
1213 3305 1394 3374 φύσις.
1449 3305 1639 3378 Μικρά
1684 3306 1794 3379 γὰρ

237 3399 372 3452 πᾶσα
395 3398 856 3470 παραδειγμάτων
880 3398 1052 3470 ἰσχὺς,
1083 3397 1185 3452 κᾶν
1211 3398 1296 3452 διὰ
1330 3397 1541 3451 λεπτῶν
1565 3397 1794 3470 ἔρχηται

236 3482 412 3557 λόγων.
458 3489 675 3544 Οὐκοῦν
706 3492 739 3560 ἡ
773 3489 950 3542 τελεία
984 3489 1219 3560 μάθησις
1244 3488 1333 3543 διὰ
1356 3488 1450 3542 τοῦ
1480 3489 1794 3560 Πνεῦματος

232 3582 334 3641 τοῖς
357 3580 526 3647 ἁγίοις
556 3580 885 3634 ἑντίκτεται.
918 3581 1026 3634 Καὶ
1055 3580 1188 3649 γοῦν
1215 3582 1243 3633 6
1269 3580 1554 3646 θεσπέσιος
1582 3579 1794 3645 Παῦλος

234 3671 522 3726 ἐπιστέλλει
576 3672 714 3742 πρός
766 3689 917 3735 τινας
941 3688 956 3704 ο
1013 3691 1032 3724 ι
1060 3667 1232 3741 Κάγὼ
1273 3672 1510 3737 ἀκούσας
1550 3673 1647 3743 τὴν
1675 3667 1797 3726 καθ’

235 3761 367 3831 ὑμᾶς
384 3764 565 3817 πίστιν
601 3764 658 3814 ὲν
686 3761 764 3832 τῷ
797 3761 984 3833 Κυρίῳ
1017 3762 1211 3832 Ἰησοῦ,
1237 3763 1332 3816 καὶ¹
1358 3762 1566 3834 τὴνέίς
1589 3760 1798 3824 πάντας

233 3850 347 3914 τοὺς
374 3853 556 3922 ἁγίους
597 3851 848 3924 ἀγάπην,
899 3849 960 3904 οὐ
1005 3851 1248 3930 παύομαι
1293 3851 1627 3922 εὐχαριστῶν
1660 3850 1798 3921 ὑπὲρ

236 3940 397 4010 ὑμῶν,
447 3943 646 4013 μνείαν
681 3942 1000 4012 ποιούμενος
1045 3943 1138 3994 ἐπὶ
1179 3940 1286 3994 τῶν
1321 3939 1636 4013 προσευχῶν
1673 3956 1796 4010 μου,

241 4026 319 4080 ἴνα
342 4032 368 4083 6
394 4030 524 4094 Θεὸς
556 4029 654 4083 τοῦ
682 4016 887 4100 Κυρίου
917 4028 1072 4100 ἡμῶν
1115 4027 1288 4098 Ἰησοῦ
1324 4029 1582 4100 Χριστοῦ,
1627 4031 1655 4082 6
1687 4030 1798 4082 Πα-

240 4119 331 4190 τὴρ
348 4120 443 4188 τῆς
465 4120 645 4190 δόξης,
672 4121 780 4192 δῴη
802 4122 930 4192 ὑμῖν
952 4120 1176 4191 Πνεῦμα
1199 4119 1386 4188 σοφίας
1411 4122 1504 4174 καὶ
1531 4117 1801 4173 ἀποκαλύ-

167 4285 172 4288 _
215 4212 370 4278 ’ψεως
396 4215 452 4266 ὲν
474 4211 771 4281 ἐπιγνώσει
793 4210 980 4277 αὐτοῦ,
1003 4211 1448 4281 πεφωτισμένους
1461 4212 1587 4274 τοὺς
1605 4210 1802 4280 ὀφθαλ-

246 4302 366 4368 μοὺς
406 4305 505 4375 τῆς
533 4303 786 4373 καρδίας,
835 4305 916 4365 εἰς
956 4303 1016 4355 τὸ
1050 4301 1246 4354 είδένὰι
1277 4302 1418 4371 ὑμᾶς
1468 4301 1553 4363 τίς
1585 4302 1731 4355 ἐστιν
1767 4303 1802 4372 ἡ

1898 3310 2054 3378 longe
2089 3309 2268 3378 posita
2312 3315 2416 3363 est.
2463 3303 2564 3362 Vis
2613 3307 2758 3364 enim
2802 3309 3179 3378 exemplorum
3229 3308 3296 3362 ad
3339 3319 3460 3362 eam

1894 3400 2272 3470 explicandam
2331 3400 2602 3454 imbecilla
2671 3415 2901 3470 prorsus
2948 3410 3052 3464 est,
3103 3403 3461 3472 quantumvis

1897 3490 2193 3544 subtilibus
2227 3489 2412 3545 verbis
2443 3488 2764 3544 eﬂ‘erantur.
2802 3491 2974 3560 Igitur
3015 3491 3258 3561 perfecta
3287 3492 3478 3546 disci-.

1899 3583 2045 3650 plina
2075 3597 2170 3650 per
2200 3580 2464 3650 Spiritum
2504 3581 2559 3636 in
2596 3583 2806 3637 sanctis
2835 3583 3100 3654 gignitur.
3135 3577 3292 3638 Unde
3323 3581 3461 3637 Pali-

1899 3673 1984 3727 ius
2031 3672 2121 3727 ille
2153 3671 2374 3726 divinus
2416 3671 2484 3726 ad
2518 3673 2815 3728 nonnullos
2849 3673 3081 3726 scribit:
3112 3691 3130 3724 ι
3168 3670 3462 3743 Propterea

1897 3772 1952 3817 et
1981 3779 2084 3832 ego
2119 3763 2349 3818 audiens
2379 3762 2536 3817 ﬁdem
2584 3770 2846 3827 vestram,
2875 3777 2998 3831 qua;
3041 3771 3124 3817 est
3157 3763 3210 3816 in
3243 3762 3464 3816 Christo

1899 3841 2052 3914 Iesu,
2087 3859 2141 3907 et
2169 3851 2515 3906 dilectionem
2555 3850 2608 3905 in
2639 3863 2830 3906 omnes
2886 3841 3130 3914 sarit-tos,
3164 3866 3273 3912 non
3303 3865 3462 3905 cesso

1905 3943 2116 4013 gratias
2160 3957 2330 4013 agens
2361 3957 2463 4013 pro
2489 3942 2669 4007 vobis,
2707 3943 3027 3995 memoriam
3058 3942 3225 3997 vestri
3257 3938 3468 3997 lat-iens

1902 4035 1957 4088 in
1990 4033 2339 4089 orationibus
2381 4033 2538 4099 meis,
2578 4040 2638 4088 ut
2683 4031 2829 4088 Deus
2869 4032 3077 4086 Domini
3121 4033 3294 4087 nostri
3335 4017 3464 4087 Jesu

1902 4120 2136 4188 Christi,
2169 4123 2332 4179 Pater
2359 4124 2568 4196 gloriae,
2599 4124 2692 4179 det
2715 4123 2868 4178 vobis
2890 4123 3158 4192 Spiritum
3186 4125 3466 4193 sapientiae

1901 4225 1957 4272 et
2007 4215 2386 4280 revelationis,
2435 4215 2486 4270 in
2553 4215 2833 4286 agnitione
2900 4213 3025 4283 ejus
3074 4233 3085 4267 :
3130 4214 3468 4270 illumiuatos

1904 4310 2100 4365 oculos
2133 4309 2322 4364 cordis
2346 4308 2534 4369 vestri,
2574 4316 2632 4361 ut
2664 4305 2858 4361 sciatis
2899 4321 3019 4374 quae
3053 4305 3123 4358 sit
3149 4320 3276 4372 spes
3307 4321 3465 4359 voca:-

242 4393 384 4457 ἐλπὶς
429 4397 530 4467 τῆς
575 4395 825 4465 κλήσεως
857 4393 1044 4456 αὑτοῦ,
1099 4394 1193 4446 καὶ⁹
1237 4393 1322 4455 τίς
1363 4393 1392 4445 6
1433 4393 1660 4457 πλοῦτος
1703 4393 1794 4463 τῆς

1906 4400 2073 4456 tionis
2107 4400 2249 4469 ejus,
2280 4407 2332 4455 et
2364 4415 2485 4469 quae
2513 4399 2720 4455 divitiae
2747 4398 2932 4470 gloriae
2980 4397 3314 4453 haereditatis
3345 4398 3468 4467 ejus

241 4485 385 4556 δόξης
419 4488 508 4556 τῆς
537 4486 907 4558 κληρονομίας
952 4485 1119 4540 αὑτοῦ
1150 4487 1206 4537 ὲν
1233 4487 1344 4548 τοῖς
1373 4485 1568 4552 ἁγίοις,
1615 4486 1709 4538 καὶ
1752 4486 1804 4538 τί

242 4547 667 4650 τὸδιέερδάλλον.
688 4547 914 4648 μέγεθος
936 4579 1034 4649 τῆς
1058 4577 1339 4648 δυνάμεως
1368 4547 1537 4629 αῦτοῦ
1558 4547 1636 4638 εἰς
1659 4578 1804 4648 ήμᾶς
1835 4547 1879 4602 D

243 4667 360 4728 τοὺς
387 4667 766 4732 πιστεύοντας,
812 4667 954 4721 κατὰ
981 4668 1080 4738 τήν
1106 4667 1385 4738 ἐνέργειαν
1412 4667 1478 4738 ἢν
1505 4669 1806 4738 ἐνήργηκεν

244 4755 296 4809 ἐν
317 4757 393 4828 τῷ
410 4759 660 4830 Χριστῷ,
682 4760 903 4831 ἐγείρας
931 4760 1092 4814 αὐτὸν
1117 4761 1180 4813 ὲκ
1201 4761 1430 4830 νεκρῶν,
1459 4761 1553 4814 καὶ
1579 4761 1808 4824 καθίσας

244 4847 298 4898 ὲν
331 4849 477 4921 δεξιᾷ
510 4852 682 4905 αὐτοῦ
709 4851 767 4904 ἐν
793 4854 907 4914 τοῖς
933 4851 1297 4922 ἐπουρανίοις,
1347 4852 1601 4922 ὑπεράνω
1629 4851 1808 4922 πάσης

255 4937 464 5012 Ἀρχῆς,
515 4945 613 4997 καὶ
643 4929 954 5009 ,Ἐξουσίαφ
1002 4945 1095 4998 καὶ
1121 4946 1430 5014 Δυνάμεως,
1479 4945 1572 4998 καὶ
1609 4945 1809 5015 Κυριό-

243 5045 414 5100 τητος,
459 5035 556 5088 καὶ
581 5035 786 5099 παντὸς
819 5035 1080 5104 ὀνόματος
1107 5035 1526 5106 ὀνομαζομένου,
1555 5036 1616 5087 οὐ
1650 5031 1808 5104 μόνον

244 5119 298 5170 ιν
321 5121 396 5192 τῷ
435 5123 597 5176 αίῶνι
624 5124 820 5194 τούτῳ,
854 5124 989 5177 ἀλλὰ
1031 5125 1126 5178 καὶ
1155 5126 1214 5177 ὲν
1239 5125 1318 5196 τῷ
1349 5124 1611 5194 μέλλοντι.
1645 5142 1662 5176 t
1721 5127 1810 5178 Ἐν

245 5209 342 5282 γὰρ
367 5215 430 5282 τῇ
459 5213 573 5266 τῶν
600 5214 857 5268 τοιούτων
884 5215 1222 5283 ἀποκαλύψει
1253 5215 1339 5268 διὰ
1371 5213 1465 5268 τοῦ
1496 5215 1810 5286 Πνεύματος

245 5300 300 5352 ὲν
339 5303 470 5370 ήμῖν
519 5305 854 5375 ἀπορρήτως
880 5304 1266 5376 ἐνεργουμένη,
1309 5307 1408 5374 τῆς
1444 5305 1580 5374 μετὰ
1611 5305 1810 5374 σαρκὸς

244 5393 549 5464 δίκονομίας
576 5395 646 5448 τὸ
673 5395 834 5465 βάθος
854 5396 948 5450 καὶ
971 5395 1064 5449 τοῦ
1090 5395 1473 5465 κεκρυμμένου
1509 5396 1806 5465 μυστηρίου

241 5483 332 5554 τήν
376 5485 612 5560 δύναμιν
665 5488 994 5560 θεωροῦμεν.
1065 5489 1188 5542 ’Ότι
1234 5488 1292 5542 δὲ
1343 5487 1441 5559 τὴν
1501 5487 1664 5540 αὐτοῦ
1714 5489 1806 5542 τοῦ

306 5620 346 5652 ⁸⁸
386 5622 403 5674 l
447 5625 602 5682 Pctr.
643 5639 699 5687 ι,
746 5625 830 5680 ll.
908 5628 952 5657 δ’
992 5622 1168 5680 lCor.
1225 5641 1261 5680 ιι
1293 5666 1307 5690 ,
1351 5625 1438 5679 ll.
1518 5623 1564 5656 "
1600 5623 1800 5695 Ephes.

1908 4493 1962 4546 in
2003 4492 2233 4557 sanctis,
2283 4499 2336 4546 et
2384 4507 2504 4560 quae
2560 4493 2633 4546 sit
2677 4490 3099 4560 supereminens
3147 4490 3468 4560 magnitudi-

1910 4582 2125 4636 virtutis
2159 4581 2278 4651 ejus
2317 4581 2370 4635 in
2403 4596 2502 4636 nos
2533 4582 2624 4650 qui
2658 4581 2957 4643 credimus,
2998 4580 3302 4635 secundum
3338 4588 3468 4646 ope.

1905 4676 2173 4730 rationem
2206 4674 2463 4745 potentia:
2485 4674 2710 4729 virtutis
2737 4674 2882 4744 ejus,
2903 4686 3066 4744 quam
3100 4680 3359 4741 operatus
3381 4678 3468 4726 est

1906 4768 1958 4819 in
1995 4766 2242 4830 Christo,
2273 4767 2552 4821 suscitans
2606 4767 2756 4820 illum
2806 4781 2837 4818 a
2872 4765 3126 4826 mortuis,
3161 4771 3214 4816 et
3253 4772 3468 4815 conslt-

1907 4867 2067 4912 tuens
2118 4857 2182 4910 ad
2247 4857 2525 4912 dexteram
2580 4871 2734 4912 suam
2792 4857 2846 4910 in
2909 4853 3255 4916 coelestibus,
3301 4864 3470 4922 sttpra

1909 4962 2124 5002 omnem
2162 4945 2562 5017 Principatum,
2589 4955 2644 5002 et
2691 4945 3048 5009 Potestatem,
3077 4951 3131 4998 et
3176 4942 3465 5019 Virtutem,

1907 5046 1959 5091 ct
1992 5034 2451 5100 Dominationem,
2481 5047 2536 5091 et
2584 5052 2746 5092 omne
2777 5047 2976 5090 nomen
3027 5033 3172 5103 quod
3198 5034 3461 5087 ~nomlna-

1907 5132 2016 5192 tur,
2047 5142 2154 5180 non
2189 5128 2364 5181 solum
2418 5128 2472 5181 in
2522 5128 2625 5182 hoc
2683 5125 2908 5188 saeculo,
2933 5123 3029 5180 sed
3064 5123 3228 5178 etiam
3278 5123 3334 5178 in
3383 5122 3470 5179 [ιιά

1906 5225 2032 5271 turo
2055 5217 2120 5271 ”.
2164 5235 2182 5269 t
2215 5218 2274 5272 ln
2313 5219 2545 5274 istorum
2591 5217 2792 5273 etenim
2840 5215 3177 5270 revelatione
3213 5227 3334 5285 qua:
3373 5227 3472 5286 per

1907 5311 2172 5379 Spiritum
2207 5311 2263 5364 in
2308 5312 2469 5365 nobis
2499 5311 2799 5381 perlicitur,
2837 5309 3232 5365 incarnationis
3281 5309 3470 5370 altitu-

1912 5402 2093 5454 dinem
2125 5411 2178 5456 ct
2207 5402 2510 5456 absconditi
2542 5399 2788 5470 mysterii
2817 5399 2924 5454 vim
2959 5409 3290 5471 spectamus.
3313 5393 3472 5467 Quod

1915 5501 2096 5546 autem
2137 5491 2309 5562 ipsius
2342 5492 2549 5546 Christi
2586 5491 2932 5560 praesentiam
2967 5501 3024 5549 et
3067 5492 3324 5552 virtutem
3373 5492 3474 5548 ima

1844 5642 1892 5690 ι,
1931 5628 2121 5682 15-21.

302 5777 376 5847 (Ι)
418 5776 543 5843 Ed.,
577 5777 771 5844 αὐτοῦ,
797 5777 931 5847 ejus,
965 5781 1108 5849 quod
1138 5776 1289 5832 ﬂuxit
1314 5793 1375 5831 ex
1411 5769 2178 5852 abbreviatione‘descriptori
2213 5773 2350 5835 male
2383 5780 2678 5838 intellecta.
2722 5773 2879 5840 Eum
