3992 6316
432 393 550 450 sos
1466 386 1526 442 s.
1564 380 1841 440 CYRILLI
1876 360 2344 435 .tLExaNomm
2380 368 2707 431 ARCHIEP.
3588 360 3703 418 nos

446 488 864 585 preat‘Spiritus
892 510 1036 579 ejus,
1067 509 1139 562 in'
1165 507 1374 564 Sanctis
1402 505 1743 570 inhabitans,
1783 511 1838 559 et
1876 515 2020 555 cun-

2127 494 2360 569 Χριστοῦ
2411 492 2720 566 παρουσίαν
2763 506 2825 543 τε
2870 488 2967 543 καὶ
3018 486 3249 556 δύναμιν
3295 483 3600 555 ἀναπληροῖ
3639 486 3703 536 τὸ

447 617 533 660 ora
588 594 781 661 doceat
827 594 1173 673 quaecumque
1223 602 1342 671 ipse
1374 599 1600 655 'ad-nos
1643 598 1868 652 locutus
1913 601 2019 658 est,

2130 590 2350 660 Πνεῦμα
2395 586 2580 649 αὑτοῦ,
2625 586 2739 647 τοῖς
2771 581 2948 651 ἁγίοις
2978 578 3242 646 ὲνοικοῦν,
3274 579 3371 631 καὶ
3401 577 3581 632 πάντα
3621 575 3706 628 δι-

444 694 652 749 Paulus
692 695 808 764 ipse
837 666 1011 747 nihilo
1038 666 1222 748 secius
1247 666 1411 745 nobis
1449 687 1772 758 explicabit,
1794 683 1983 739 dicens
2007 699 2020 735 :

2132 684 2315 737 Βάσκει
2346 679 2491 750 άπερ
2514 676 2676 739 αὐτὸς
2707 673 2973 744 λελάληκε
3011 671 3147 742 πρὸς
3176 670 3344 741 ἡμᾶς,
3376 666 3541 720 πάλιν
3570 668 3708 733 ἡμῖν

455 809 472 838 ι
509 786 689 855 Hujus
713 757 797 840 rei
822 784 1004 854 gratia
1035 782 1195 838 ﬂecto
1232 797 1409 852 genua
1435 757 1555 834 mea
1587 777 1928 838 ad"?atrem,
1958 790 2026 829 ex

2134 772 2276 827 οὐδὲν
2294 767 2510 843 ἧττον’ό
2537 765 2748 828 Παῦλος
2770 765 3021 834 σαφηνιεῖ
3040 762 3216 830 λέγων
3239 774 3259 791 ο
3290 757 3526 855 «Τούτου
3546 757 3710 826 χάριν

448 892 560 947 quo
585 877 771 932 omnis
802 877 1106 947 paternitas
1138 876 1192 928 in
1227 875 1384 929 caelis
1417 881 1471 927 et
1490 873 1553 926 in
1586 879 1734 925 terra
1768 870 2020 923 nomina-

2135 840 2367 934 κάμπτω
2393 859 2462 914 τὰ
2488 859 2694 928 γόνατά
2726 872 2827 928 μου
2852 855 2986 926 πρὸς
3007 853 3097 906 τὸν
3122 851 3358 920 Πατέρα,
3383 848 3445 914 ἐξ
3462 840 3529 901 οῦ
3557 848 3711 901 πᾶσα

451 981 563 1034 tur,
592 979 650 1023 ut
687 968 780 1023 det
799 969 960 1023 vobis
991 967 1298 1024 secundum
1326 964 1549 1020 divitias
1570 960 2027 1034 gloriaz'suaa‘vir-

2138 953 2336 1025 πατριὰ
2358 952 2433 1027 ,ἔν
2476 968 2538 1004 τε
2581 947 2796 1021 οὐρανῷ
2824 946 2920 1000 καὶ
2968 940 3576 1014 έπϊγῆςνόνομάζεται,
3620 938 3714 990 ἵνα

452 1066 567 1114 tute
605 1058 960 1113 corroborari
1007 1072 1102 1127 per
1132 1056 1398 1126 Spiritum
1435 1032 1660 1122 ejns'in
1706 1049 2027 1104 interiorem

2129 1046 2240 1116 δῴη
2264 1047 2393 1115 ὑμῖν
2411 1041 2561 1098 κατὰ
2584 1040 2690 1095 ’τὸν
2731 1037 2960 1127 πλοῦτον
2993 1037 3094 1107 ’τῆς
3123 1032 3541 1105 δόξηςδυνάμει
3570 1047 3705 1103 κρα-

452 1151 756 1217 hominem,
787 1149 1073 1204 Christum
1126 1147 1377 1202 habitare
1412 1160 1509 1214 per
1541 1143 1701 1197 fidem
1744 1141 1803 1195 in
1846 1137 2028 1194 cordi-

2136 1141 2426 1209 ταιωθῆναι
2452 1136 2544 1191 διὰ
2576 1123 3017 1203 τοῦΉνεύματος
3050 1128 3216 1184 αὐτοῦ
3242 1130 3323 1192 εἰς
3353 1126 3446 1180 τὸν
3477 1126 3587 1179 ἔσω
3612 1125 3712 1179 άν-

452 1240 559 1294 bus
594 1240 796 1295 vestris
832 1258 844 1292 :
876 1240 931 1293 in
980 1239 1251 1292 charitate
1298 1234 1533 1290 radicati
1562 1241 1635 1288 -ει
1680 1231 1919 1295 fundati,
1971 1235 2028 1282 ut

2136 1234 2371 1304 θρωπον,
2404 1231 2731 1297 κατοικῆσαι
2750 1217 2844 1289 τὸν
2872 1218 3108 1297 Χριστὸν
3130 1221 3228 1276 ’διὰ
3249 1220 3353 1289 τῆς
3385 1219 3623 1280 πίστεως
3650 1219 3712 1270 ὲν

455 1318 685 1402 possitis
714 1330 1195 1401 comprehendere.
1213 1344 1339 1384 cum
1368 1328 1625 1382 omnibus
1649 1325 1883 1389 sanctis,
1909 1334 2031 1391 quae

2135 1326 2248 1388 ταῖς
2281 1321 2535 1391 καρδίαις
2554 1317 2727 1390 ὑμῶν,
2753 1318 2812 1369 ἐν
2833 1316 3020 1386 ἀγάπῃ
3044 1309 3402 1384 ἐρριζωμένοι
3425 1308 3529 1361 καὶ
3554 1305 3711 1359 τεθεο

455 1397 528 1480 sit
579 1397 919 1486 latitudoiet
966 1421 1274 1491 longitudo,
1317 1428 1371 1476 et
1410 1418 1752 1482 sublimitas,
1783 1422 1839 1469 et.
1885 1428 2030 1485 -pro-

2138 1411 2483 1485 μελιωμένοι,
2519 1409 2609 1463 ἶνα
2644 1406 2973 1491 έξισχύσητεν
2997 1399 3398 1457 καταλαϐέσθαι
3434 1399 3534 1451 σὺν
3573 1397 3714 1450 πᾶσι

455 1515 685 1569 fundum
741 1532 755 1568 :
806 1514 958 1568 scire
1000 1513 1172 1567 etiam
1226 1510 1723 1582 superemincntem
1780 1504 2031 1561 scientia:

2138 1508 2245 1569 τοῖς
2270 1503 2469 1573 ἁγίοις,
2490 1502 2543 1555 τί
2568 1501 2630 1554 τὸ
2652 1500 2883 1562 πλάτος,
2913 1490 3010 1552 καὶ
3047 1493 3367 1566 μῆκος,’καὶ
3400 1489 3585 1582 βάθος,
3616 1489 3714 1541 κα).

352 1654 361 1663 .
455 1608 778 1660 charitatem
802 1605 1045 1667 "Christi,
1083 1613 1145 1658 ut
1192 1580 1531 1673 impleamini
1568 1600 1623 1653 in
1658 1611 1928 1666 omnem]

2140 1598 2290 1668 ὕψος.
2340 1594 2544 1663 γνῶναί
2585 1602 2645 1646 τε
2694 1593 2794 1663 τὴν
2820 1582 3278 1661 ’ὗπερσάλλουσαν
3322 1584 3425 1654 τῆς
3457 1580 3716 1652 γνώσεως

456 1696 764 1752 nitudinem
789 1693 887 1749 Dei
911 1693 978 1747 “.
1022 1713 1040 1745 ›
1076 1692 1391 1747 Notandum
1423 1701 1604 1745 autem
1630 1701 1830 1744 rursus
1862 1683 2032 1755 quod,

2142 1692 2357 1760 ἀγάπην
2403 1686 2500 1743 τοῦ
2552 1683 2824 1757 Χριστοῦ,
2878 1685 2966 1737 ἵνα
3005 1678 3330 1750 πληρωθῆτε
3375 1677 3455 1739 εἰς
3497 1675 3607 1728 πᾶν
3651 1673 3718 1727 τδ

456 1804 581 1844 cum
635 1787 820 1842 omnia
880 1787 1090 1843 sanctis
1134 1801 1232 1857 per
1263 1783 1553 1855 'Spiritum
1609 1781 1909 1837 revelatum
1969 1776 2032 1831 iri

2140 1781 2410 1852 πλήρωμα
2429 1779 2524 1833 τοῦ
2545 1776 2704 1833 Θεοῦ.
2736 1797 2755 1830 ι
2794 1777 2868 1848 Ση
2878 1773 3136 1847 μειωτέον
3162 1772 3218 1824 δὲ
3248 1769 3411 1823 πάλιν
3432 1769 3514 1822 ὅτι
3537 1768 3716 1821 πάντα

456 1882 625 1946 dicat,
670 1894 1019 1950 nequaquam
1070 1886 1252 1932 tamen
1288 1892 1383 1932 eos
1431 1875 1525 1929 alii
1575 1872 1788 1930 doctori
1838 1869 2031 1933 tradit,

2140 1875 2225 1930 διὰ
2271 1873 2366 1928 τοῦ
2416 1873 2733 1944 Πνεύματος
2781 1862 3335 1938 άποκαλυφθήσεσθαι
3376 1864 3490 1925 τοῖς
3539 1861 3716 1930 ἁγίοις

461 1971 554 2027 sed
592 1972 696 2025 sibi
729 1971 833 2038 ipsi
868 1985 966 2040 per
1000 1969 1295 2038 Spiritum,
1342 1968 1434 2038 qui
1485 1982 1597 2042 non
1633 1964 1872 2035 amplius
1912 1977 2037 2017 cor—

2140 1964 2335 2030 εἰπὼν,
2389 1966 2489 2035 οὐχ
2536 1963 2709 2034 ἑτέρῳ
2761 1960 2975 2014 δίδωσιν
3029 1958 3224 2020 αὐτοὺς
3260 1953 3585 2022 διδασκάλῳ,
3639 1952 3716 2021 μὴ

462 2065 611 2135 poris
640 2064 842 2127 oculis,
864 2061 960 2117 sed
990 2059 1458 2114 intellectualibus
1495 2057 1682 2113 cordis
1713 2053 2034 2118 luminibus,

2143 2057 2292 2112 τοῦτο
2330 2057 2578 2129 νομίσῃς,
2627 2051 2805 2122 ἑαυτῷ
2844 2051 2900 2105 δὲ
2945 2049 3240 2122 παρίστησι
3285 2046 3375 2101 διὰ
3404 2044 3497 2099 τοῦ
3545 2043 3719 2098 Πνεῦ-

461 2170 560 2226 pro
588 2167 655 2210 eo
687 2168 751 2209 ac
783 2152 893 2207 Deo
926 2151 1206 2217 convenit,
1235 2148 1635 2220 conspicabilis
1659 2156 1764 2205 est.

2140 2165 2328 2221 ματος,
2368 2147 2650 2218 σαρκικοῖς
2683 2145 2782 2215 μὲν
2816 2143 2998 2196 οὐκέτι
3029 2141 3355 2211 φαινόμενος
3392 2136 3714 2209 ὀφθαλμοῖς,

2134 2243 2246 2303 τοῖς
2277 2254 2342 2307 γε
2374 2238 2480 2308 μὴν
2508 2237 2720 2308 νοητοῖς
2757 2233 2858 2304 τῆς
2887 2231 3114 2305 καρδίας
3145 2230 3359 2302 όμμασι
3397 2226 3722 2298 θεοπρεπῶς

2137 2331 2530 2401 θεωρούμενος.

526 2428 694 2501 839
741 2426 882 2492 XIV,
935 2427 1028 2483 27.
1081 2425 1279 2482 Pacem
1331 2426 1573 2497 relinquo
1628 2424 1811 2492 vobis,
1855 2440 2036 2495 pacem

2198 2419 2478 2489 ,Εἰρήνην
2496 2418 2709 2488 ἀφίημι
2735 2416 2896 2486 ὑμῖν,
2918 2416 3167 2485 εἰρήνην
3193 2415 3310 2481 τὴν
3330 2415 3483 2485 ἐμὴν
3509 2413 3720 2482 δίδωμι

459 2538 631 2575 meum
677 2520 744 2573 do
774 2521 918 2574 vobis
951 2534 1093 2573 :non
1131 2522 1391 2590 quomodo
1428 2517 1655 2571 mundus
1687 2516 1803 2582 dat,
1841 2533 1934 2587 ego
1968 2516 2035 2572 do

2144 2514 2282 2584 ὑμῖν
2304 2529 2320 2545 ·
2368 2514 2441 2567 οὐ
2472 2511 2669 2577 καθὼς
2718 2513 2751 2564 ό
2785 2510 3015 2579 κόσμος
3068 2508 3338 2573 δίδωσιν,
3368 2504 3483 2576 ἐγὼ
3512 2504 3720 2574 δίδωμι

461 2611 602 2667 vobis
635 2628 654 2666 :
686 2628 788 2665 non
822 2610 1063 2664 turbetur
1093 2627 1182 2664 cor
1206 2620 1457 2675 rutrum,
1490 2624 1652 2679 neque
1690 2607 1961 2677 formidet.

2149 2603 2279 2672 ὑμῖν
2307 2618 2321 2633 ο
2384 2602 2470 2672 μὴ
2529 2600 2925 2671 ταρασσέσθω
2970 2600 3139 2671 ὑμῶν
3183 2601 3222 2668 ἡ
3281 2598 3526 2667 καρδία,
3566 2595 3725 2667 μηδᾶ

2137 2694 2433 2750 δειλιάτω.

529 2786 627 2841 Sui
657 2785 711 2839 in
740 2784 913 2840 cmlos
938 2797 1207 2839 ascensus
1236 2782 1503 2839 memoria
1533 2783 1745 2839 sanctis
1772 2780 2036 2853 apostolis

2213 2787 2306 2851 Εἰς
2354 2786 2659 2858 ἀνάμνησιν
2702 2782 2942 2853 ἐνεγκὼν
2997 2784 3123 2846 τοὺς
3167 2782 3358 2850 ἁγίους
3388 2778 3727 2844 ἀποστόλους

459 2874 747 2940 renovata,
781 2876 1092 2945 injectaque
1123 2875 1443 2947 suspicione
1477 2875 1597 2930 fore
1635 2885 1696 2929 ut
1733 2875 1839 2930 soli
1870 2875 2035 2928 relin-

2150 2876 2238 2949 τῆς
2265 2878 2346 2943 εἰς
2377 2879 2639 2949 οὐρανοὺς
2667 2875 3008 2941 ἀναϐάσεως,
3037 2876 3131 2928 καὶ
3159 2875 3241 2928 ὅτι
3272 2872 3726 2945 περιλειφθήσον-

454 2981 780 3043 querentur,
811 2983 877 3023 ex
906 2982 973 3021 eo
998 2967 1147 3038 quod
1175 2967 1430 3022 dixerat:
1460 2985 1479 3018 ι
1514 2967 1640 3020 Haec
1669 2966 1890 3021 locutus
1914 2981 2030 3021 sum

2149 2987 2228 3023 tat
2255 2968 2398 3024 κατὰ
2421 2968 2579 3022 τοῦτο
2624 2968 2772 3039 μόνοι
2815 2967 3239 3037 παρασκευάσας
3268 2966 3464 3018 ἐννοεῖν
3495 2963 3585 3017 διὰ
3629 2962 3725 3015 τοῦ

450 3063 615 3117 vobis
640 3061 783 3130 apud
803 3074 904 3112 vos
929 3073 1182 3122 manens,
1211 3076 1229 3109 ι
1252 3057 1400 3112 illico
1419 3055 1827 3123 animadvertit,
1846 3065 2026 3127 utpote

2144 3062 2329 3133 φῆναι,
2359 3079 2377 3112 ι
2405 3061 2591 3115 Ταῦτα
2632 3059 2904 3129 λελάληκα
2951 3059 3079 3128 ὑμῖν
3131 3058 3261 3128 παρ’
3290 3056 3419 3126 ὑμῖν
3459 3056 3661 3126 μένων,
3698 3073 3720 3105 ι

458 3155 552 3226 qui
586 3150 891 3207 secundum
925 3159 1177 3203 naturam
1204 3147 1348 3203 Deus
1368 3158 1509 3214 erat,
1536 3163 1849 3204 sermonem
1880 3149 2034 3203 illum

2154 3155 2390 3226 συνίησιν
2420 3149 2480 3208 εὖ
2502 3153 2655 3225 μάλα
2674 3151 2917 3225 γοργῶς,
2950 3150 3044 3206 ἆτε
3073 3149 3138 3222 δὴ
3173 3149 3267 3204 καὶ⁹
3297 3148 3562 3220 ὑπάρχων
3585 3147 3730 3200 κατὰ

378 3281 381 3285 ‹
461 3260 570 3301 non
605 3243 868 3317 mediocri
902 3240 1074 3297 fuisse
1110 3241 1181 3296 iis
1216 3241 1439 3305 terrori,
1473 3256 1651 3310 eoque
1687 3241 1949 3297 vehemen

2288 3207 2299 3226 ,
2374 3207 2379 3209 .
2463 3207 2524 3225 η,
3125 3207 3138 3222 .

2153 3245 2306 3315 φύσιν
2360 3244 2512 3310 Θεὸς,
2561 3242 2637 3308 ὼς
2679 3244 2740 3297 οὐ
2788 3243 3016 3316 μετρίαν
3062 3242 3246 3305 αὐτοῖς
3303 3239 3577 3295 ὲντέθεικε
3627 3239 3729 3313 τὴν

460 3352 584 3391 esse
614 3331 979 3398 turbatos,'et
1011 3329 1280 3401 cujusque
1309 3331 1553 3386 animmn
1584 3333 1856 3402 gravitate
1881 3333 2036 3389 dolo-

2150 3337 2338 3391 πτοίαν
2375 3338 2404 3390 ό
2432 3335 2610 3404 λόγος,
2639 3334 2977 3407 τεθορῧὸηκε
3013 3335 3072 3390 δὲ
3099 3332 3311 3399 δεινῶς,
3338 3333 3432 3386 καί⁵
3460 3331 3537 3401 τῷ
3568 3331 3726 3403 βάρει

460 3431 540 3484 ris
586 3441 835 3498 pressum
874 3440 939 3480 ac
979 3423 1272 3494 dejectum.
1304 3422 1444 3488 Quid
1501 3425 1649 3479 enim
1690 3435 1776 3479 est
1818 3425 1913 3479 illo
1942 3426 2036 3480 do«

2150 3430 2243 3499 τῆς
2283 3429 2462 3501 λύπης
2511 3430 2919 3499 καταφορτῖσας
2970 3427 3063 3481 τὸν
3108 3427 3339 3481 ἑκάστου
3382 3424 3726 3478 κατεθόλωσε

461 3522 582 3576 lore
611 3519 859 3592 gravius,
888 3526 984 3571 aut
1020 3515 1153 3587 quid
1177 3523 1407 3570 iantnm
1459 3517 1743 3572 interioris
1784 3519 2037 3572 mceroris

2149 3522 2286 3576 νοῦν.
2315 3523 2380 3576 Τί
2400 3521 2509 3593 γὰρ
2534 3522 2600 3575 ἂν
2621 3522 2830 3591 γένοιτο
2852 3519 3151 3591 τ’ἧςλῦπης
3177 3518 3237 3572 τὸ
3262 3518 3725 3589 δυσαχθὲστερον;

462 3612 668 3668 inferre
712 3617 913 3682 potest,
942 3624 1110 3681 quam
1158 3607 1589 3678 iucundissimis
1618 3610 1783 3665 rebus
1828 3606 2037 3675 orbari,

2151 3616 2196 3670 τί
2224 3615 2281 3668 δὲ
2306 3612 2448 3668 οὕτω
2481 3615 2758 3684 φορτικὸν,
2788 3613 2865 3676 ὡς
2902 3610 3012 3665 τῶν
3043 3610 3271 3683 ἡδίστων
3304 3613 3336 3684 ή
3372 3611 3727 3682 παραίρεσις,

461 3719 769 3774 eorumque
801 3718 923 3772 ιιιιεε
957 3700 1111 3754 cordi
1150 3698 1395 3754 maxime
1418 3701 1533 3756 tibi
1564 3701 1677 3756 sint
1699 3698 2037 3772 inopinatam

2153 3706 2240 3759 καὶ
2280 3705 2341 3758 τὸ
2380 3704 2487 3765 τῶν
2522 3703 2600 3756 ἔτι
2647 3702 2884 3774 μάλιστα
2918 3703 3247 3773 φιλαιτάτων
3294 3702 3555 3772 ἀδόκητον
3589 3701 3729 3754 ὑπο-

462 3791 624 3851 Ῑετιοε
659 3793 978 3864 iacturam“:
1011 3783 1321 3862 Componit'
1356 3792 1527 3862 igitur
1566 3807 1676 3848 eos
1734 3793 1927 3848 dolore
1980 3808 2038 3848 ac

2154 3796 2329 3868 μένειν
2368 3795 2571 3865 ζημίαν
2599 3810 2615 3860 ;
2675 3792 2979 3864 Καθίστησι
3019 3792 3196 3847 τοίνυν
3225 3793 3425 3857 αὐτοὺς
3455 3792 3603 3866 λύπῃ
3632 3795 3730 3847 καὶ

462 3893 614 3941 metu
644 3886 922 3939 turbatos.
951 3884 1132 3939 Causa
1162 3883 1307 3938 enim
1355 3891 1410 3938 et
1438 3884 1592 3938 radix
1627 3885 1862 3948 doloris,
1895 3887 2038 3955 quod

2154 3888 2297 3957 φόὸῳ
2339 3885 2803 3957 τεταραγμένους.
2848 3883 3128 3957 Πρόφασις
3158 3885 3258 3955 μὲν
3298 3885 3403 3955 γάρ
3443 3885 3540 3937 καὶ
3602 3885 3730 3957 ῥίζα

463 3980 820 4034 discessurus
860 3984 1011 4032 esset
1044 3975 1113 4029 ab
1140 3974 1210 4029 iis
1250 3982 1306 4030 et
1335 3974 1403 4029 ad
1435 3974 1652 4031 Patrem
1690 3992 2039 4043 reversurus,

2155 3978 2345 4048 λῦπης,
2399 3976 2460 4030 τὸ
2497 3976 2710 4048 μέλλειν
2753 3976 2934 4030 αὐτῶν
2965 3977 3288 4049 άποφοιτᾷν,
3331 3977 3425 4033 καὶ
3462 3978 3731 4048 ἀνακομί-

459 4067 778 4138 justissima
825 4063 1233 4134 quodammodo
1261 4071 1400 4128 erat,
1424 4079 1525 4120 nec
1555 4066 1655 4122 abs
1703 4081 1763 4122 re
1793 4069 2035 4138 suspica-

2155 4067 2334 4133 ἵεσθαι
2366 4067 2502 4139 πρὸς
2522 4065 2614 4119 τὸν
2638 4065 2878 4137 Πατέρα,
2894 4054 3219 4136 ¹δικαιοτάτη
3243 4080 3359 4129 πως
3380 4061 3470 4135 ἦν,
3494 4066 3731 4116 ἐποιεῖτο

464 4162 666 4214 bantur
695 4157 803 4212 sibi
842 4158 1034 4211 ultima
1069 4171 1302 4227 quaeque
1336 4166 1546 4228 parata,
1577 4159 1626 4214 si
1660 4174 1897 4230 corpore
1932 4176 2040 4214 non

2154 4162 2201 4215 δὲ
2237 4161 2451 4231 μητέρα
2494 4159 2592 4230 τὴν
2642 4157 2879 4227 ὑποψίαν
2918 4156 3013 4211 τοῦ
3047 4157 3225 4211 πάντα
3263 4157 3584 4221 πείσεσθαι,
3634 4157 3730 4210 καὶ

456 4251 683 4304 adesset
721 4249 957 4318 amplius
1002 4248 1050 4303 is
1082 4249 1177 4318 qui
1227 4263 1450 4304 servare
1488 4259 1723 4320 poterat.
1753 4251 2032 4318 Quomodc

2152 4252 2268 4305 λίαν
2292 4251 2543 4322 ἑτοίμως,
2573 4250 2634 4304 οὐ
2678 4248 3061 4321 συμπαρόντος
3094 4247 3198 4315 ἔτι,
3230 4250 3371 4303 κατά
3402 4265 3466 4317 γε
3492 4248 3594 4321 τὴν
3624 4249 3728 4319 έμ-

463 4348 646 4394 autem
682 4354 872 4394 eorum
905 4348 1111 4394 metum
1149 4339 1327 4405 sedat,
1357 4349 1453 4395 τιυι
1496 4359 1603 4412 quo
1644 4352 1804 4413 ριιειο
1832 4354 2039 4402 mentes

2147 4343 2291 4413 φα,νῆ
2339 4342 2435 4396 τοῦ
2480 4342 2731 4412 σώματος
2776 4339 2919 4409 ὄψιν,
2956 4339 3052 4392 τοῦ
3089 4338 3376 4403 διασώζειν
3424 4338 3723 4409 ίσχύοντος.

462 4444 658 4484 eorum
703 4428 770 4481 ad
799 4427 1040 4483 divinam
1086 4431 1547 4500 tranquillitatem
1591 4434 1838 4489 reducit?
1880 4455 1897 4485 ι
1943 4433 2038 4488 Pa-

2151 4434 2273 4498 Πῶς
2303 4432 2358 4487 δὲ
2391 4432 2733 4503 καθίστησιν,
2773 4428 2970 4503 ᾒ-τίνα
2995 4431 3195 4503 τρόπον
3223 4424 3499 4496 αὐτοίςίτὺ
3532 4435 3598 4486 ὲκ
3626 4434 3727 4505 τῆς

458 4536 607 4582 cem,
638 4519 840 4588 lnquit,
867 4533 1046 4573 meam
1096 4520 1168 4575 do
1206 4523 1383 4587 vobis,
1423 4533 1477 4578 et
1509 4539 1698 4594 pacem
1734 4543 1911 4580 meam
1952 4542 2034 4581 re-

2154 4526 2408 4597 εὐθυμίας
2441 4525 2665 4596 φαιδρὸν
2693 4522 3067 4588 εἰσοικίζεται,
3108 4525 3203 4578 καὶ
3233 4523 3369 4596 πρὶς
3394 4524 3545 4591 θείαν
3570 4520 3730 4589 αὖθις

458 4612 653 4679 linquo
694 4610 874 4665 vobis.
914 4629 932 4662 ι
976 4610 1098 4665 Dixi
1134 4614 1430 4682 multoties,
1468 4616 1665 4687 inquit,
1693 4633 1779 4672 me
1806 4634 1905 4672 vos
1933 4633 2034 4672 non

2154 4618 2386 4688 γαλήνην
2416 4619 2443 4670 ό
2473 4615 2598 4681 νοῦς
2623 4615 3042 4681 κατευνάζεταις
3086 4633 3105 4667 ι
3127 4613 3350 4686 Δίδωμι,
3386 4616 3569 4684 φησὶν,
3596 4617 3730 4687 ὑμῖν

458 4705 788 4761 relicturum
853 4704 1153 4774 orphanos,
1233 4706 1330 4762 sed
1384 4724 1563 4779 neque
1621 4724 1717 4765 vos
1781 4710 1835 4763 in
1893 4717 2034 4764 terra

2146 4709 2407 4780 εἰρήνην,
2458 4707 2554 4760 καὶ
2614 4705 2816 4776 ἀφίημι
2873 4705 3002 4775 ὑμῖν
3052 4704 3278 4775 εἰρήνην
3337 4703 3435 4774 τὴν
3498 4705 3661 4775 ἐμήν.
3703 4724 3721 4756 ι

468 4813 769 4853 mansuros
808 4799 1143 4870 opitulatore
1177 4798 1497 4856 destitutos.
1545 4800 1728 4855 Adero
1764 4802 1905 4855 enim
1948 4820 2042 4857 vo-

2152 4799 2380 4869 Εἴρηκα,
2430 4797 2582 4868 φησὶ,
2640 4798 2993 4860 πλειστάκις,
3034 4795 3110 4860 ὡς
3164 4797 3268 4850 οὐκ
3327 4797 3522 4868 ἀφήσω
3578 4798 3728 4868 ὑμᾶς

394 4960 399 4964 δ
462 4888 554 4945 his
608 4904 842 4950 rursus,
888 4899 964 4954 et,
1010 4889 1211 4945 absens
1261 4906 1514 4962 corpore,
1560 4897 1774 4947 animos
1828 4904 1970 4949 vestr

2152 4891 2410 4963 ὀρφανούς
2434 4908 2447 4921 ο
2475 4888 2589 4943 dit)?
2619 4886 2738 4944 οῦδὲ
2770 4890 2922 4961 μόνοι
2946 4889 3045 4960 τήν
3062 4873 3170 4960 ’γῆν
3193 4890 3446 4960 οἰκήσετε
3475 4889 3573 4944 τοῦ
3598 4878 3728 4961 βοη-

464 4979 873 5049 tranquillitate
923 4982 1191 5045 muniam,
1228 4989 1288 5035 ut
1335 4980 1502 5042 Deus,
1539 4995 1639 5034 nec
1685 4984 1892 5037 turbari
1942 5000 2039 5040 vos

2188 4983 2365 5047 nﬁvtog
2423 4981 2621 5054 ἔρημοι
2667 4982 2762 5036 καὶ
2798 4979 3023 5050 γυμνοί,
3070 4980 3374 5051 Συνέσομαι
3412 4981 3522 5053 γὰρ
3560 4982 3729 5038 πάλιν
3762 4970 3764 4981 ’

460 5073 665 5135 sinam,
694 5079 786 5124 aut
818 5072 982 5125 animi
1030 5071 1197 5127 vestri
1245 5072 1354 5125 vim
1386 5088 1451 5141 ac
1491 5073 1658 5126 robur
1688 5089 1717 5126 a
1762 5092 2036 5146 quoquam

2152 5078 2308 5146 ὑμῖν,
2362 5075 2458 5130 καὶ
2489 5073 2645 5129 ἀπὼν
2676 5072 2753 5143 τῷ
2788 5068 3024 5144 σώματι,
3061 5072 3354 5145 ἀνατειχιῶ
3405 5075 3567 5129 πάλιν
3602 5078 3728 5139 ταῖς

348 5202 363 5213 .
463 5164 738 5233 superari.
762 5161 965 5218 Omnis
1001 5166 1203 5232 quippe
1234 5172 1414 5217 metus
1444 5178 1508 5217 ac
1544 5166 1813 5222 timiditas
1849 5185 1924 5238 ρι’(

2151 5168 2474 5239 εὐμενείαις,
2514 5167 2589 5231 ὡς
2639 5166 2792 5229 Θεὸς,
2833 5165 2945 5218 ἄνω
2973 5161 3210 5236 θήσομαι
3239 5167 3471 5238 θορύϐου
3500 5169 3727 5234 παντὸς,

386 5298 390 5304 λ
463 5254 877 5320 amandahitur,
910 5261 965 5309 et
999 5253 1185 5307 divina
1227 5251 1475 5320 quaedam
1509 5254 1589 5309 vis
1618 5255 1671 5309 in
1712 5257 1868 5314 vobis
1896 5275 1961 5312 or

2153 5257 2428 5329 περιέσται
2476 5256 2532 5310 δὲ
2578 5257 2678 5326 τῆς
2733 5255 3003 5327 ὑμετέρας
3058 5257 3351 5328 εὐτολμίας
3381 5258 3576 5322 οὐδείς.
3610 5261 3729 5322 Πᾶς

470 5355 584 5409 tur,
615 5356 954 5417 qu:n,pacata
982 5351 1173 5397 mente
1201 5338 1453 5399 et'corde
1486 5347 1805 5417 tranquillo,
1835 5367 1932 5406 vos
1973 5352 2041 5405 ad

2151 5349 2252 5420 γὰρ
2286 5350 2533 5420 ἁτονήσει
2560 5348 2745 5418 φόϐος,
2776 5348 2870 5400 καὶ
2901 5348 3070 5402 δειλία
3101 5350 3198 5420 μὲν
3230 5352 3474 5405 ὲκποδιυν
3506 5353 3727 5422 οἰχήσε-

467 5440 860 5495 rcvelationem
898 5434 1129 5489 deducet
1158 5448 1349 5489 eorum
1382 5451 1504 5505 quae
1528 5447 1763 5494 mentem
1799 5440 2041 5499 hominis

2155 5460 2256 5509 ται,
2300 5442 2419 5495 θεία
2467 5440 2524 5492 δέ
2556 5457 2639 5504 τις
2687 5441 2745 5493 ὲν
2781 5441 2908 5509 ὑμῖν
2939 5441 3189 5494 ἀνατελεῖ
3224 5443 3475 5514 δύναμις,
3520 5444 3731 5513 σχολά-

464 5536 829 5600 exsuperant.
886 5524 1047 5579 Nunc
1102 5534 1310 5590 autem,
1354 5546 1373 5579 ι
1422 5544 1611 5599 pacem
1668 5532 1740 5586 do
1788 5536 1968 5599 vobis,
2019 5555 2038 5589 ι

2155 5535 2290 5601 ζοντι
2339 5532 2436 5603 νῷ,
2491 5531 2585 5586 καὶ
2634 5531 2949 5604 γαληνιώσῃ
2980 5533 3197 5605 καρδίᾳ,
3243 5534 3547 5603 ξεναγοῦσα
3592 5534 3731 5605 πρὸς

466 5635 578 5675 non
623 5615 967 5684 simpliciter,
1012 5613 1107 5667 sed
1145 5634 1163 5666 ι
1200 5629 1391 5685 pacem
1448 5634 1649 5676 meam.
1683 5641 1707 5675 ι
1752 5622 1810 5677 Id
1853 5634 2041 5682 autem

2159 5624 2486 5694 Ξιποκάλυψιν
2538 5623 2645 5677 τῶν
2692 5623 2835 5695 ὑπὲρ
2895 5623 3239 5695 ἀνθρώπινον
3298 5626 3446 5681 νοῦν.
3497 5626 3615 5681 Νῦν
3669 5626 3735 5680 δὲ

536 5793 583 5827 ⁸⁸
620 5791 821 5862 Ephes.
858 5809 942 5861 ut,
983 5794 1168 5854 13-19.
