  <div class='ocr_page' id='page_1' title='image "/cluster/home/n/w/nwhite01/storage/ocr_20150623/74/pst.000004029052/164.png"; bbox 0 0 3992 6316; ppageno 0'>
   <div class='ocr_carea' id='block_1_1' title="bbox 305 325 420 386">
    <p class='ocr_par' dir='ltr' id='par_1_1' title="bbox 305 325 420 386">
     <span class='ocr_line' id='line_1_1' title="bbox 305 325 420 386; baseline 0.043 -5"><span class='ocrx_word' id='word_1_1' title='bbox 305 325 420 386; x_wconf 79' lang='lat' dir='ltr'><strong>5o5</strong></span> 
     </span>
    </p>
   </div>
   <div class='ocr_carea' id='block_1_2' title="bbox 1311 314 2476 376">
    <p class='ocr_par' dir='ltr' id='par_1_2' title="bbox 1311 314 2476 376">
     <span class='ocr_line' id='line_1_2' title="bbox 1311 314 2476 376; baseline -0.002 -2"><span class='ocrx_word' id='word_1_2' title='bbox 1311 318 1413 374; x_wconf 82' lang='grc' dir='ltr'><strong>-ΙΝ</strong></span> <span class='ocrx_word' id='word_1_3' title='bbox 1448 317 1734 376; x_wconf 77' lang='lat' dir='ltr'><strong>JOANNIS</strong></span> <span class='ocrx_word' id='word_1_4' title='bbox 1753 314 2200 374; x_wconf 67' lang='grc' dir='ltr'><strong>ΕνΑΝσΕιιυΜ</strong></span> <span class='ocrx_word' id='word_1_5' title='bbox 2241 314 2368 370; x_wconf 84' lang='lat' dir='ltr'><strong>LIB.</strong></span> <span class='ocrx_word' id='word_1_6' title='bbox 2408 315 2476 372; x_wconf 76' lang='grc' dir='ltr'>Χ.</span> 
     </span>
    </p>
   </div>
   <div class='ocr_carea' id='block_1_3' title="bbox 3465 319 3586 382">
    <p class='ocr_par' dir='ltr' id='par_1_3' title="bbox 3465 319 3586 382">
     <span class='ocr_line' id='line_1_3' title="bbox 3465 319 3586 382; baseline -0.025 0"><span class='ocrx_word' id='word_1_7' title='bbox 3465 319 3586 382; x_wconf 69' lang='grc'><strong>506-</strong></span> 
     </span>
    </p>
   </div>
   <div class='ocr_carea' id='block_1_4' title="bbox 309 430 1899 513">
    <p class='ocr_par' dir='ltr' id='par_1_4' title="bbox 309 439 1892 513">
     <span class='ocr_line' id='line_1_4' title="bbox 309 439 1892 513; baseline -0.005 -15"><span class='ocrx_word' id='word_1_8' title='bbox 309 467 328 497; x_wconf 74' lang='grc'><strong>(</strong></span> <span class='ocrx_word' id='word_1_9' title='bbox 365 446 558 513; x_wconf 79' lang='grc' dir='ltr'>δίδωμι</span> <span class='ocrx_word' id='word_1_10' title='bbox 597 442 726 511; x_wconf 75' lang='grc' dir='ltr'>ὑμῖν</span> <span class='ocrx_word' id='word_1_11' title='bbox 755 441 999 512; x_wconf 75' lang='grc' dir='ltr'>εἰρήνην,</span> <span class='ocrx_word' id='word_1_12' title='bbox 1033 459 1050 493; x_wconf 71' lang='grc' dir='ltr'><strong>ι</strong></span> <span class='ocrx_word' id='word_1_13' title='bbox 1094 440 1192 510; x_wconf 73' lang='grc' dir='ltr'><strong>οὐχ</strong></span> <span class='ocrx_word' id='word_1_14' title='bbox 1236 439 1444 504; x_wconf 81' lang='grc' dir='ltr'>ἁπλῶς,</span> <span class='ocrx_word' id='word_1_15' title='bbox 1473 439 1586 493; x_wconf 81' lang='grc' dir='ltr'>ἀλλ’</span> <span class='ocrx_word' id='word_1_16' title='bbox 1625 459 1642 490; x_wconf 82' lang='grc' dir='ltr'><strong>ι</strong></span> <span class='ocrx_word' id='word_1_17' title='bbox 1669 439 1892 509; x_wconf 86' lang='grc' dir='ltr'>εἰρήνην</span> 
     </span>
    </p>
   </div>
   <div class='ocr_carea' id='block_1_5' title="bbox 2002 430 3570 513">
    <p class='ocr_par' dir='ltr' id='par_1_5' title="bbox 2002 430 3570 504">
     <span class='ocr_line' id='line_1_5' title="bbox 2002 430 3570 504; baseline 0.004 -15"><span class='ocrx_word' id='word_1_18' title='bbox 2002 435 2137 489; x_wconf 86' lang='lat' dir='ltr'><strong>nihil</strong></span> <span class='ocrx_word' id='word_1_19' title='bbox 2167 435 2317 490; x_wconf 84' lang='lat' dir='ltr'><strong>aliud</strong></span> <span class='ocrx_word' id='word_1_20' title='bbox 2351 441 2436 489; x_wconf 88' lang='lat' dir='ltr'><strong>est</strong></span> <span class='ocrx_word' id='word_1_21' title='bbox 2481 447 2670 504; x_wconf 89' lang='lat' dir='ltr'><strong>quam,</strong></span> <span class='ocrx_word' id='word_1_22' title='bbox 2699 433 2847 489; x_wconf 84' lang='lat' dir='ltr'><strong>Dabo</strong></span> <span class='ocrx_word' id='word_1_23' title='bbox 2880 430 3173 504; x_wconf 76' lang='lat' dir='ltr'><strong>Spiritum,</strong></span> <span class='ocrx_word' id='word_1_24' title='bbox 3201 445 3254 491; x_wconf 88' lang='lat' dir='ltr'><strong>et</strong></span> <span class='ocrx_word' id='word_1_25' title='bbox 3297 435 3464 492; x_wconf 87' lang='lat' dir='ltr'><strong>adero</strong></span> <span class='ocrx_word' id='word_1_26' title='bbox 3491 443 3570 496; x_wconf 77' lang='lat' dir='ltr'><strong>eis</strong></span> 
     </span>
    </p>
   </div>
   <div class='ocr_carea' id='block_1_6' title="bbox 296 527 1891 604">
    <p class='ocr_par' dir='ltr' id='par_1_6' title="bbox 296 527 1891 604">
     <span class='ocr_line' id='line_1_6' title="bbox 296 527 1891 604; baseline -0.004 -17"><span class='ocrx_word' id='word_1_27' title='bbox 296 534 410 604; x_wconf 71' lang='grc' dir='ltr'>’τὴν</span> <span class='ocrx_word' id='word_1_28' title='bbox 439 534 598 603; x_wconf 83' lang='grc' dir='ltr'>ὲμήν.</span> <span class='ocrx_word' id='word_1_29' title='bbox 651 551 669 584; x_wconf 68' lang='grc' dir='ltr'><strong>ι</strong></span> <span class='ocrx_word' id='word_1_30' title='bbox 713 532 884 584; x_wconf 90' lang='grc' dir='ltr'>Τοῦτο</span> <span class='ocrx_word' id='word_1_31' title='bbox 921 531 976 583; x_wconf 79' lang='grc' dir='ltr'>δὲ</span> <span class='ocrx_word' id='word_1_32' title='bbox 1012 527 1080 602; x_wconf 78' lang='grc' dir='ltr'>ἦν</span> <span class='ocrx_word' id='word_1_33' title='bbox 1114 531 1356 601; x_wconf 80' lang='grc' dir='ltr'><strong>ἐναργῶς</strong></span> <span class='ocrx_word' id='word_1_34' title='bbox 1396 529 1547 584; x_wconf 76' lang='grc' dir='ltr'>οὐδὲν</span> <span class='ocrx_word' id='word_1_35' title='bbox 1585 530 1772 600; x_wconf 74' lang='grc' dir='ltr'>ἕτερον</span> <span class='ocrx_word' id='word_1_36' title='bbox 1815 530 1891 580; x_wconf 83' lang='grc' dir='ltr'>εἰ-</span> 
     </span>
    </p>
   </div>
   <div class='ocr_carea' id='block_1_7' title="bbox 309 621 1888 696">
    <p class='ocr_par' dir='ltr' id='par_1_7' title="bbox 309 621 1888 696">
     <span class='ocr_line' id='line_1_7' title="bbox 309 621 1888 696; baseline -0.004 -16"><span class='ocrx_word' id='word_1_37' title='bbox 309 630 456 690; x_wconf 84' lang='grc' dir='ltr'>πεῖν,</span> <span class='ocrx_word' id='word_1_38' title='bbox 487 627 519 696; x_wconf 75' lang='grc' dir='ltr'>ἢ</span> <span class='ocrx_word' id='word_1_39' title='bbox 551 627 630 679; x_wconf 85' lang='grc' dir='ltr'><strong>ὅτι</strong></span> <span class='ocrx_word' id='word_1_40' title='bbox 659 625 965 694; x_wconf 80' lang='grc' dir='ltr'>Χορηγήσω</span> <span class='ocrx_word' id='word_1_41' title='bbox 990 624 1050 675; x_wconf 82' lang='grc' dir='ltr'><strong>τὸ</strong></span> <span class='ocrx_word' id='word_1_42' title='bbox 1083 623 1323 693; x_wconf 91' lang='grc' dir='ltr'>Πνεῦμα,</span> <span class='ocrx_word' id='word_1_43' title='bbox 1359 623 1454 676; x_wconf 78' lang='grc' dir='ltr'>καὶ</span> <span class='ocrx_word' id='word_1_44' title='bbox 1496 623 1790 693; x_wconf 85' lang='grc' dir='ltr'>συνέσομαι</span> <span class='ocrx_word' id='word_1_45' title='bbox 1823 621 1888 674; x_wconf 82' lang='grc' dir='ltr'>δι’</span> 
     </span>
    </p>
   </div>
   <div class='ocr_carea' id='block_1_8' title="bbox 308 715 1891 788">
    <p class='ocr_par' dir='ltr' id='par_1_8' title="bbox 308 715 1891 788">
     <span class='ocr_line' id='line_1_8' title="bbox 308 715 1891 788; baseline -0.004 -16"><span class='ocrx_word' id='word_1_46' title='bbox 308 717 549 788; x_wconf 81' lang='grc' dir='ltr'>ἐμαυτοῦ</span> <span class='ocrx_word' id='word_1_47' title='bbox 596 719 705 779; x_wconf 82' lang='grc' dir='ltr'>τοῖς</span> <span class='ocrx_word' id='word_1_48' title='bbox 751 716 1056 785; x_wconf 82' lang='grc' dir='ltr'><strong>δεχομένοις</strong></span> <span class='ocrx_word' id='word_1_49' title='bbox 1106 716 1256 769; x_wconf 82' lang='grc' dir='ltr'>αὐτό.</span> <span class='ocrx_word' id='word_1_50' title='bbox 1308 716 1430 768; x_wconf 85' lang='grc' dir='ltr'>’Ὁτι</span> <span class='ocrx_word' id='word_1_51' title='bbox 1475 715 1583 786; x_wconf 81' lang='grc' dir='ltr'><strong>γὰρ</strong></span> <span class='ocrx_word' id='word_1_52' title='bbox 1627 717 1658 783; x_wconf 89' lang='grc' dir='ltr'><strong>ή</strong></span> <span class='ocrx_word' id='word_1_53' title='bbox 1701 716 1891 784; x_wconf 86' lang='grc' dir='ltr'>εἰρήνη</span> 
     </span>
    </p>
   </div>
   <div class='ocr_carea' id='block_1_9' title="bbox 307 802 1893 879">
    <p class='ocr_par' dir='ltr' id='par_1_9' title="bbox 307 802 1893 879">
     <span class='ocr_line' id='line_1_9' title="bbox 307 802 1893 879; baseline -0.003 -16"><span class='ocrx_word' id='word_1_54' title='bbox 307 809 549 879; x_wconf 77' lang='grc' dir='ltr'><strong>Χριστοῦ</strong></span> <span class='ocrx_word' id='word_1_55' title='bbox 583 808 643 862; x_wconf 85' lang='grc' dir='ltr'>τὺ</span> <span class='ocrx_word' id='word_1_56' title='bbox 677 807 900 876; x_wconf 76' lang='grc' dir='ltr'>Πνεῦμα</span> <span class='ocrx_word' id='word_1_57' title='bbox 933 807 1081 858; x_wconf 78' lang='grc' dir='ltr'>ἐστιν</span> <span class='ocrx_word' id='word_1_58' title='bbox 1119 806 1307 870; x_wconf 80' lang='grc' dir='ltr'>αὑτοῦ,</span> <span class='ocrx_word' id='word_1_59' title='bbox 1346 804 1554 876; x_wconf 87' lang='grc' dir='ltr'>μακροῦ</span> <span class='ocrx_word' id='word_1_60' title='bbox 1597 806 1698 875; x_wconf 85' lang='grc' dir='ltr'><strong>μὲν</strong></span> <span class='ocrx_word' id='word_1_61' title='bbox 1738 802 1893 874; x_wconf 77' lang='grc' dir='ltr'>οἶμαι</span> 
     </span>
    </p>
   </div>
   <div class='ocr_carea' id='block_1_10' title="bbox 311 897 1890 973">
    <p class='ocr_par' dir='ltr' id='par_1_10' title="bbox 311 897 1890 973">
     <span class='ocr_line' id='line_1_10' title="bbox 311 897 1890 973; baseline -0.003 -17"><span class='ocrx_word' id='word_1_62' title='bbox 311 903 390 973; x_wconf 87' lang='grc' dir='ltr'>μὴ</span> <span class='ocrx_word' id='word_1_63' title='bbox 420 901 625 956; x_wconf 80' lang='grc' dir='ltr'>δεῖσθαι</span> <span class='ocrx_word' id='word_1_64' title='bbox 657 900 817 968; x_wconf 83' lang='grc' dir='ltr'>λόγου</span> <span class='ocrx_word' id='word_1_65' title='bbox 870 899 1006 971; x_wconf 79' lang='grc' dir='ltr'>πρὸς</span> <span class='ocrx_word' id='word_1_66' title='bbox 1059 899 1431 969; x_wconf 75' lang='grc' dir='ltr'>πληροφορίαν</span> <span class='ocrx_word' id='word_1_67' title='bbox 1471 899 1563 950; x_wconf 68' lang='grc' dir='ltr'>καὶ</span> <span class='ocrx_word' id='word_1_68' title='bbox 1595 897 1890 962; x_wconf 80' lang='grc' dir='ltr'>ἀπόδειξιν.</span> 
     </span>
    </p>
   </div>
   <div class='ocr_carea' id='block_1_11' title="bbox 310 989 1891 1064">
    <p class='ocr_par' dir='ltr' id='par_1_11' title="bbox 310 989 1891 1064">
     <span class='ocr_line' id='line_1_11' title="bbox 310 989 1891 1064; baseline -0.004 -16"><span class='ocrx_word' id='word_1_69' title='bbox 310 995 460 1064; x_wconf 78' lang='grc' dir='ltr'>Πλὴν</span> <span class='ocrx_word' id='word_1_70' title='bbox 496 995 677 1046; x_wconf 81' lang='grc' dir='ltr'>ἐκεῖνο</span> <span class='ocrx_word' id='word_1_71' title='bbox 709 993 874 1062; x_wconf 80' lang='grc' dir='ltr'>φάναι</span> <span class='ocrx_word' id='word_1_72' title='bbox 915 992 1024 1044; x_wconf 74' lang='grc' dir='ltr'>δεῖν</span> <span class='ocrx_word' id='word_1_73' title='bbox 1056 990 1442 1061; x_wconf 76' lang='grc' dir='ltr'>ὑπολαμϐάνω.</span> <span class='ocrx_word' id='word_1_74' title='bbox 1501 992 1563 1043; x_wconf 83' lang='grc' dir='ltr'>Εἰ</span> <span class='ocrx_word' id='word_1_75' title='bbox 1594 990 1704 1060; x_wconf 84' lang='grc' dir='ltr'><strong>γὰρ</strong></span> <span class='ocrx_word' id='word_1_76' title='bbox 1732 989 1891 1054; x_wconf 78' lang='grc' dir='ltr'>αὑτός</span> 
     </span>
    </p>
   </div>
   <div class='ocr_carea' id='block_1_12' title="bbox 309 1079 1893 1155">
    <p class='ocr_par' dir='ltr' id='par_1_12' title="bbox 309 1079 1893 1155">
     <span class='ocr_line' id='line_1_12' title="bbox 309 1079 1893 1155; baseline -0.004 -19"><span class='ocrx_word' id='word_1_77' title='bbox 309 1087 462 1138; x_wconf 75' lang='grc' dir='ltr'>ἐστιν</span> <span class='ocrx_word' id='word_1_78' title='bbox 487 1086 519 1155; x_wconf 86' lang='grc' dir='ltr'><strong>ή</strong></span> <span class='ocrx_word' id='word_1_79' title='bbox 545 1087 602 1136; x_wconf 80' lang='grc' dir='ltr'>ὲν</span> <span class='ocrx_word' id='word_1_80' title='bbox 623 1086 736 1146; x_wconf 83' lang='grc' dir='ltr'>τοῖς</span> <span class='ocrx_word' id='word_1_81' title='bbox 763 1083 1008 1154; x_wconf 79' lang='grc' dir='ltr'>οὐρανοῖς</span> <span class='ocrx_word' id='word_1_82' title='bbox 1031 1082 1222 1153; x_wconf 91' lang='grc' dir='ltr'>εἰρήνη</span> <span class='ocrx_word' id='word_1_83' title='bbox 1253 1083 1346 1133; x_wconf 73' lang='grc' dir='ltr'><strong>καὶ</strong></span> <span class='ocrx_word' id='word_1_84' title='bbox 1376 1082 1467 1134; x_wconf 76' lang='grc' dir='ltr'>ὲπί</span> <span class='ocrx_word' id='word_1_85' title='bbox 1497 1080 1595 1149; x_wconf 77' lang='grc' dir='ltr'><strong>τῆς</strong></span> <span class='ocrx_word' id='word_1_86' title='bbox 1627 1083 1748 1150; x_wconf 80' lang='grc' dir='ltr'>γῆς,</span> <span class='ocrx_word' id='word_1_87' title='bbox 1777 1079 1893 1141; x_wconf 82' lang='grc' dir='ltr'><strong>πῶς</strong></span> 
     </span>
    </p>
   </div>
   <div class='ocr_carea' id='block_1_13' title="bbox 308 1171 1892 1246">
    <p class='ocr_par' dir='ltr' id='par_1_13' title="bbox 308 1171 1892 1246">
     <span class='ocr_line' id='line_1_13' title="bbox 308 1171 1892 1246; baseline -0.004 -19"><span class='ocrx_word' id='word_1_88' title='bbox 308 1177 412 1228; x_wconf 66' lang='grc' dir='ltr'>οὐκ</span> <span class='ocrx_word' id='word_1_89' title='bbox 440 1175 504 1228; x_wconf 78' lang='grc' dir='ltr'><strong>ἂν</strong></span> <span class='ocrx_word' id='word_1_90' title='bbox 539 1174 624 1246; x_wconf 82' lang='grc' dir='ltr'><strong>εἴη</strong></span> <span class='ocrx_word' id='word_1_91' title='bbox 656 1173 842 1227; x_wconf 80' lang='grc' dir='ltr'>λοιπὸν</span> <span class='ocrx_word' id='word_1_92' title='bbox 874 1172 1036 1228; x_wconf 87' lang='grc' dir='ltr'>παντί</span> <span class='ocrx_word' id='word_1_93' title='bbox 1080 1189 1157 1241; x_wconf 84' lang='grc' dir='ltr'>τῳ</span> <span class='ocrx_word' id='word_1_94' title='bbox 1190 1172 1360 1240; x_wconf 79' lang='grc' dir='ltr'>σαφὲς</span> <span class='ocrx_word' id='word_1_95' title='bbox 1387 1172 1488 1231; x_wconf 84' lang='grc' dir='ltr'>ὅτι,</span> <span class='ocrx_word' id='word_1_96' title='bbox 1531 1171 1779 1241; x_wconf 83' lang='grc' dir='ltr'>καθάπερ</span> <span class='ocrx_word' id='word_1_97' title='bbox 1815 1172 1892 1222; x_wconf 88' lang='grc' dir='ltr'>εἰ-</span> 
     </span>
    </p>
   </div>
   <div class='ocr_carea' id='block_1_14' title="bbox 315 1263 1896 1337">
    <p class='ocr_par' dir='ltr' id='par_1_14' title="bbox 315 1263 1896 1337">
     <span class='ocr_line' id='line_1_14' title="bbox 315 1263 1896 1337; baseline -0.004 -16"><span class='ocrx_word' id='word_1_98' title='bbox 315 1267 588 1337; x_wconf 87' lang='grc' dir='ltr'>ρήκαμεν,</span> <span class='ocrx_word' id='word_1_99' title='bbox 623 1268 655 1336; x_wconf 87' lang='grc' dir='ltr'>ἡ</span> <span class='ocrx_word' id='word_1_100' title='bbox 691 1265 880 1335; x_wconf 85' lang='grc' dir='ltr'>εἰρήνη</span> <span class='ocrx_word' id='word_1_101' title='bbox 923 1264 988 1334; x_wconf 83' lang='grc' dir='ltr'>δὴ</span> <span class='ocrx_word' id='word_1_102' title='bbox 1025 1264 1240 1326; x_wconf 84' lang='grc' dir='ltr'>πάντως</span> <span class='ocrx_word' id='word_1_103' title='bbox 1286 1265 1400 1316; x_wconf 77' lang='grc' dir='ltr'>ἐστί</span> <span class='ocrx_word' id='word_1_104' title='bbox 1446 1263 1508 1316; x_wconf 81' lang='grc' dir='ltr'><strong>τὸ</strong></span> <span class='ocrx_word' id='word_1_105' title='bbox 1536 1264 1760 1332; x_wconf 80' lang='grc' dir='ltr'>Πνεῦμα</span> <span class='ocrx_word' id='word_1_106' title='bbox 1797 1263 1896 1316; x_wconf 80' lang='grc' dir='ltr'><strong>αὑ·</strong></span> 
     </span>
    </p>
   </div>
   <div class='ocr_carea' id='block_1_15' title="bbox 310 1353 1890 1426">
    <p class='ocr_par' dir='ltr' id='par_1_15' title="bbox 310 1353 1890 1426">
     <span class='ocr_line' id='line_1_15' title="bbox 310 1353 1890 1426; baseline 0.008 -18"><span class='ocrx_word' id='word_1_107' title='bbox 310 1357 445 1418; x_wconf 79' lang='grc' dir='ltr'>τοῦς</span> <span class='ocrx_word' id='word_1_108' title='bbox 489 1357 597 1410; x_wconf 73' lang='grc' dir='ltr'><strong>Καὶ</strong></span> <span class='ocrx_word' id='word_1_109' title='bbox 627 1355 757 1424; x_wconf 84' lang='grc' dir='ltr'>γοῦν</span> <span class='ocrx_word' id='word_1_110' title='bbox 791 1358 818 1409; x_wconf 97' lang='lat'><strong>6</strong></span> <span class='ocrx_word' id='word_1_111' title='bbox 847 1356 1132 1418; x_wconf 78' lang='grc' dir='ltr'>θεσπέσιος</span> <span class='ocrx_word' id='word_1_112' title='bbox 1170 1353 1383 1418; x_wconf 91' lang='grc' dir='ltr'>Παῦλος</span> <span class='ocrx_word' id='word_1_113' title='bbox 1411 1356 1546 1426; x_wconf 89' lang='grc' dir='ltr'>πρός</span> <span class='ocrx_word' id='word_1_114' title='bbox 1574 1371 1727 1417; x_wconf 79' lang='grc' dir='ltr'>τινας</span> <span class='ocrx_word' id='word_1_115' title='bbox 1751 1354 1854 1424; x_wconf 75' lang='grc' dir='ltr'><strong>ἔφη</strong></span> <span class='ocrx_word' id='word_1_116' title='bbox 1877 1371 1890 1385; x_wconf 83' lang='grc'><strong>⁸</strong></span> 
     </span>
    </p>
   </div>
   <div class='ocr_carea' id='block_1_16' title="bbox 317 1443 1892 1519">
    <p class='ocr_par' dir='ltr' id='par_1_16' title="bbox 317 1443 1892 1519">
     <span class='ocr_line' id='line_1_16' title="bbox 317 1443 1892 1519; baseline -0.001 -20"><span class='ocrx_word' id='word_1_117' title='bbox 317 1470 336 1499; x_wconf 87' lang='grc'>‹</span> <span class='ocrx_word' id='word_1_118' title='bbox 364 1451 528 1519; x_wconf 78' lang='grc' dir='ltr'>Καὶή</span> <span class='ocrx_word' id='word_1_119' title='bbox 559 1450 750 1519; x_wconf 81' lang='grc' dir='ltr'>εἰρήνη</span> <span class='ocrx_word' id='word_1_120' title='bbox 781 1447 873 1501; x_wconf 91' lang='grc' dir='ltr'><strong>τοῦ</strong></span> <span class='ocrx_word' id='word_1_121' title='bbox 905 1443 1060 1512; x_wconf 86' lang='grc' dir='ltr'>Θεοῦ,</span> <span class='ocrx_word' id='word_1_122' title='bbox 1093 1449 1126 1517; x_wconf 86' lang='grc' dir='ltr'><strong>ή</strong></span> <span class='ocrx_word' id='word_1_123' title='bbox 1162 1447 1502 1518; x_wconf 78' lang='grc' dir='ltr'>ὑπερέχουσα</span> <span class='ocrx_word' id='word_1_124' title='bbox 1532 1448 1711 1501; x_wconf 77' lang='grc' dir='ltr'>πάντα</span> <span class='ocrx_word' id='word_1_125' title='bbox 1746 1447 1892 1512; x_wconf 83' lang='grc' dir='ltr'>νοῦν,</span> 
     </span>
    </p>
   </div>
   <div class='ocr_carea' id='block_1_17' title="bbox 311 1538 1885 1614">
    <p class='ocr_par' dir='ltr' id='par_1_17' title="bbox 311 1538 1885 1614">
     <span class='ocr_line' id='line_1_17' title="bbox 311 1538 1885 1614; baseline -0.003 -19"><span class='ocrx_word' id='word_1_126' title='bbox 311 1542 601 1614; x_wconf 77' lang='grc' dir='ltr'>φρουρήσῃ</span> <span class='ocrx_word' id='word_1_127' title='bbox 632 1542 729 1604; x_wconf 71' lang='grc' dir='ltr'>τὰς</span> <span class='ocrx_word' id='word_1_128' title='bbox 757 1539 985 1610; x_wconf 82' lang='grc' dir='ltr'>καρδίας</span> <span class='ocrx_word' id='word_1_129' title='bbox 1012 1539 1164 1610; x_wconf 81' lang='grc' dir='ltr'>ὑμῶν</span> <span class='ocrx_word' id='word_1_130' title='bbox 1190 1541 1284 1592; x_wconf 73' lang='grc' dir='ltr'><strong>καὶ</strong></span> <span class='ocrx_word' id='word_1_131' title='bbox 1309 1540 1376 1592; x_wconf 76' lang='grc' dir='ltr'>τὰ</span> <span class='ocrx_word' id='word_1_132' title='bbox 1398 1540 1642 1610; x_wconf 83' lang='grc' dir='ltr'>νοήματα</span> <span class='ocrx_word' id='word_1_133' title='bbox 1665 1538 1841 1608; x_wconf 80' lang='grc' dir='ltr'>ὑμῶν.</span> <span class='ocrx_word' id='word_1_134' title='bbox 1869 1557 1885 1590; x_wconf 75' lang='grc' dir='ltr'><strong>ι</strong></span> 
     </span>
    </p>
   </div>
   <div class='ocr_carea' id='block_1_18' title="bbox 311 1629 1894 1701">
    <p class='ocr_par' dir='ltr' id='par_1_18' title="bbox 311 1629 1894 1701">
     <span class='ocr_line' id='line_1_18' title="bbox 311 1629 1894 1701; baseline -0.003 -14"><span class='ocrx_word' id='word_1_135' title='bbox 311 1634 507 1687; x_wconf 81' lang='grc' dir='ltr'>Καίτοι</span> <span class='ocrx_word' id='word_1_136' title='bbox 543 1632 656 1693; x_wconf 78' lang='grc' dir='ltr'>πῶς</span> <span class='ocrx_word' id='word_1_137' title='bbox 693 1631 752 1684; x_wconf 78' lang='grc' dir='ltr'><strong>οὐ</strong></span> <span class='ocrx_word' id='word_1_138' title='bbox 784 1631 990 1684; x_wconf 89' lang='grc' dir='ltr'>δίκαιον</span> <span class='ocrx_word' id='word_1_139' title='bbox 1020 1632 1242 1694; x_wconf 75' lang='grc' dir='ltr'>ἐννοεῖν,</span> <span class='ocrx_word' id='word_1_140' title='bbox 1290 1629 1364 1693; x_wconf 86' lang='grc' dir='ltr'>ὼς</span> <span class='ocrx_word' id='word_1_141' title='bbox 1406 1631 1466 1683; x_wconf 86' lang='grc' dir='ltr'><strong>οὐ</strong></span> <span class='ocrx_word' id='word_1_142' title='bbox 1502 1630 1628 1701; x_wconf 82' lang='grc' dir='ltr'>περὶ</span> <span class='ocrx_word' id='word_1_143' title='bbox 1662 1631 1894 1700; x_wconf 75' lang='grc' dir='ltr'>ταυτησὶ</span> 
     </span>
    </p>
   </div>
   <div class='ocr_carea' id='block_1_19' title="bbox 310 1722 1894 1795">
    <p class='ocr_par' dir='ltr' id='par_1_19' title="bbox 310 1722 1894 1795">
     <span class='ocr_line' id='line_1_19' title="bbox 310 1722 1894 1795; baseline -0.001 -19"><span class='ocrx_word' id='word_1_144' title='bbox 310 1725 423 1794; x_wconf 81' lang='grc' dir='ltr'>τῆς·</span> <span class='ocrx_word' id='word_1_145' title='bbox 442 1725 662 1795; x_wconf 84' lang='grc' dir='ltr'>εἰρήνης</span> <span class='ocrx_word' id='word_1_146' title='bbox 694 1723 792 1793; x_wconf 83' lang='grc' dir='ltr'><strong>τῆς</strong></span> <span class='ocrx_word' id='word_1_147' title='bbox 830 1725 886 1776; x_wconf 73' lang='grc' dir='ltr'><strong>ἐν</strong></span> <span class='ocrx_word' id='word_1_148' title='bbox 915 1722 992 1793; x_wconf 83' lang='grc' dir='ltr'>τῷ</span> <span class='ocrx_word' id='word_1_149' title='bbox 1023 1723 1188 1793; x_wconf 84' lang='grc' dir='ltr'>κοινῷ</span> <span class='ocrx_word' id='word_1_150' title='bbox 1213 1723 1510 1793; x_wconf 83' lang='grc' dir='ltr'>νοουμένης</span> <span class='ocrx_word' id='word_1_151' title='bbox 1532 1722 1677 1793; x_wconf 82' lang='grc' dir='ltr'>λόγῳ</span> <span class='ocrx_word' id='word_1_152' title='bbox 1709 1739 1767 1775; x_wconf 90' lang='grc' dir='ltr'><strong>τε</strong></span> <span class='ocrx_word' id='word_1_153' title='bbox 1800 1723 1894 1776; x_wconf 79' lang='grc' dir='ltr'>καὶ</span> 
     </span>
    </p>
   </div>
   <div class='ocr_carea' id='block_1_20' title="bbox 312 1813 1891 1886">
    <p class='ocr_par' dir='ltr' id='par_1_20' title="bbox 312 1813 1891 1886">
     <span class='ocr_line' id='line_1_20' title="bbox 312 1813 1891 1886; baseline -0.001 -18"><span class='ocrx_word' id='word_1_154' title='bbox 312 1815 603 1886; x_wconf 77' lang='grc' dir='ltr'>πράγματι</span> <span class='ocrx_word' id='word_1_155' title='bbox 645 1813 711 1867; x_wconf 75' lang='grc' dir='ltr'>τὰ</span> <span class='ocrx_word' id='word_1_156' title='bbox 742 1813 967 1868; x_wconf 88' lang='grc' dir='ltr'>τοιαῦτά</span> <span class='ocrx_word' id='word_1_157' title='bbox 1010 1831 1202 1884; x_wconf 82' lang='grc' dir='ltr'>φησιν;</span> <span class='ocrx_word' id='word_1_158' title='bbox 1260 1815 1324 1867; x_wconf 85' lang='grc' dir='ltr'>’Π</span> <span class='ocrx_word' id='word_1_159' title='bbox 1359 1815 1456 1885; x_wconf 85' lang='grc' dir='ltr'>μὲν</span> <span class='ocrx_word' id='word_1_160' title='bbox 1482 1814 1591 1884; x_wconf 83' lang='grc' dir='ltr'>γὰρ</span> <span class='ocrx_word' id='word_1_161' title='bbox 1620 1814 1891 1884; x_wconf 69' lang='grc' dir='ltr'>ἀφιλόμα-</span> 
     </span>
    </p>
   </div>
   <div class='ocr_carea' id='block_1_21' title="bbox 311 1906 1894 1977">
    <p class='ocr_par' dir='ltr' id='par_1_21' title="bbox 311 1906 1894 1977">
     <span class='ocr_line' id='line_1_21' title="bbox 311 1906 1894 1977; baseline 0 -19"><span class='ocrx_word' id='word_1_162' title='bbox 311 1924 410 1974; x_wconf 81' lang='grc' dir='ltr'><strong>χος</strong></span> <span class='ocrx_word' id='word_1_163' title='bbox 446 1907 538 1959; x_wconf 76' lang='grc' dir='ltr'>καὶ</span> <span class='ocrx_word' id='word_1_164' title='bbox 571 1906 966 1976; x_wconf 83' lang='grc' dir='ltr'>ἀφιλοπόλεμος</span> <span class='ocrx_word' id='word_1_165' title='bbox 1011 1907 1144 1973; x_wconf 77' lang='grc' dir='ltr'>ἕξις,</span> <span class='ocrx_word' id='word_1_166' title='bbox 1194 1909 1318 1960; x_wconf 84' lang='grc' dir='ltr'>ὅσον</span> <span class='ocrx_word' id='word_1_167' title='bbox 1351 1909 1408 1959; x_wconf 83' lang='grc' dir='ltr'>ὲν</span> <span class='ocrx_word' id='word_1_168' title='bbox 1444 1907 1673 1969; x_wconf 81' lang='grc' dir='ltr'>οἰκείαις</span> <span class='ocrx_word' id='word_1_169' title='bbox 1703 1909 1894 1977; x_wconf 78' lang='grc' dir='ltr'>ῥοπαῖς</span> 
     </span>
    </p>
   </div>
   <div class='ocr_carea' id='block_1_22' title="bbox 313 1994 1896 2067">
    <p class='ocr_par' dir='ltr' id='par_1_22' title="bbox 313 1994 1896 2067">
     <span class='ocr_line' id='line_1_22' title="bbox 313 1994 1896 2067; baseline 0.003 -23"><span class='ocrx_word' id='word_1_170' title='bbox 313 1996 412 2047; x_wconf 73' lang='grc' dir='ltr'><strong>καὶ</strong></span> <span class='ocrx_word' id='word_1_171' title='bbox 460 1996 517 2047; x_wconf 84' lang='grc' dir='ltr'>ὲν</span> <span class='ocrx_word' id='word_1_172' title='bbox 568 1994 783 2064; x_wconf 81' lang='grc' dir='ltr'>Θελήσει</span> <span class='ocrx_word' id='word_1_173' title='bbox 833 1998 897 2065; x_wconf 83' lang='grc' dir='ltr'>τῇ</span> <span class='ocrx_word' id='word_1_174' title='bbox 946 1996 1067 2048; x_wconf 78' lang='grc' dir='ltr'>καθ’</span> <span class='ocrx_word' id='word_1_175' title='bbox 1121 1995 1322 2067; x_wconf 79' lang='grc' dir='ltr'>ἑαυτὴν</span> <span class='ocrx_word' id='word_1_176' title='bbox 1367 1997 1589 2067; x_wconf 84' lang='grc' dir='ltr'>εἰρήνην</span> <span class='ocrx_word' id='word_1_177' title='bbox 1641 1995 1753 2065; x_wconf 79' lang='grc' dir='ltr'>ἔχει</span> <span class='ocrx_word' id='word_1_178' title='bbox 1803 1997 1896 2048; x_wconf 80' lang='grc' dir='ltr'>καί.</span> 
     </span>
    </p>
   </div>
   <div class='ocr_carea' id='block_1_23' title="bbox 313 2087 1897 2160">
    <p class='ocr_par' dir='ltr' id='par_1_23' title="bbox 313 2087 1897 2160">
     <span class='ocr_line' id='line_1_23' title="bbox 313 2087 1897 2160; baseline 0.003 -22"><span class='ocrx_word' id='word_1_179' title='bbox 313 2087 628 2155; x_wconf 74' lang='grc' dir='ltr'>ἐργάζεται.</span> <span class='ocrx_word' id='word_1_180' title='bbox 683 2087 794 2139; x_wconf 66' lang='grc' dir='ltr'>Καὶ</span> <span class='ocrx_word' id='word_1_181' title='bbox 849 2089 949 2141; x_wconf 82' lang='grc' dir='ltr'><strong>οὐκ</strong></span> <span class='ocrx_word' id='word_1_182' title='bbox 1006 2088 1367 2142; x_wconf 78' lang='grc' dir='ltr'>ὲνυπόστατόν</span> <span class='ocrx_word' id='word_1_183' title='bbox 1407 2107 1460 2142; x_wconf 89' lang='grc' dir='ltr'><strong>τι</strong></span> <span class='ocrx_word' id='word_1_184' title='bbox 1500 2089 1595 2142; x_wconf 74' lang='grc' dir='ltr'>καί.</span> <span class='ocrx_word' id='word_1_185' title='bbox 1652 2089 1897 2160; x_wconf 81' lang='grc' dir='ltr'>ὑπάρχον</span> 
     </span>
    </p>
   </div>
   <div class='ocr_carea' id='block_1_24' title="bbox 318 2178 1894 2252">
    <p class='ocr_par' dir='ltr' id='par_1_24' title="bbox 318 2178 1894 2252">
     <span class='ocr_line' id='line_1_24' title="bbox 318 2178 1894 2252; baseline 0.001 -22"><span class='ocrx_word' id='word_1_186' title='bbox 318 2178 466 2243; x_wconf 81' lang='grc' dir='ltr'>ἰδίως</span> <span class='ocrx_word' id='word_1_187' title='bbox 513 2179 813 2249; x_wconf 80' lang='grc' dir='ltr'>οἰησόμεθά</span> <span class='ocrx_word' id='word_1_188' title='bbox 846 2197 974 2232; x_wconf 87' lang='grc' dir='ltr'>ποτε</span> <span class='ocrx_word' id='word_1_189' title='bbox 1023 2180 1120 2249; x_wconf 79' lang='grc' dir='ltr'><strong>τήν</strong></span> <span class='ocrx_word' id='word_1_190' title='bbox 1151 2179 1292 2233; x_wconf 83' lang='grc' dir='ltr'>οῦτω</span> <span class='ocrx_word' id='word_1_191' title='bbox 1321 2180 1618 2251; x_wconf 87' lang='grc' dir='ltr'>νοουμένην</span> <span class='ocrx_word' id='word_1_192' title='bbox 1652 2182 1894 2252; x_wconf 79' lang='grc' dir='ltr'>εἰρήνην,</span> 
     </span>
    </p>
   </div>
   <div class='ocr_carea' id='block_1_25' title="bbox 312 2270 1897 2348">
    <p class='ocr_par' dir='ltr' id='par_1_25' title="bbox 312 2270 1897 2341">
     <span class='ocr_line' id='line_1_25' title="bbox 312 2270 1897 2341; baseline -0.001 -16"><span class='ocrx_word' id='word_1_193' title='bbox 312 2271 433 2325; x_wconf 83' lang='grc' dir='ltr'>ἀλλ’</span> <span class='ocrx_word' id='word_1_194' title='bbox 466 2273 522 2324; x_wconf 75' lang='grc' dir='ltr'><strong>ἐν</strong></span> <span class='ocrx_word' id='word_1_195' title='bbox 569 2270 678 2334; x_wconf 78' lang='grc' dir='ltr'>ἕξει</span> <span class='ocrx_word' id='word_1_196' title='bbox 725 2273 790 2340; x_wconf 83' lang='grc' dir='ltr'>τῇ</span> <span class='ocrx_word' id='word_1_197' title='bbox 827 2271 936 2322; x_wconf 82' lang='grc' dir='ltr'><strong>τῶν</strong></span> <span class='ocrx_word' id='word_1_198' title='bbox 983 2270 1322 2336; x_wconf 80' lang='grc' dir='ltr'>ἀγαπώντων</span> <span class='ocrx_word' id='word_1_199' title='bbox 1366 2272 1533 2341; x_wconf 76' lang='grc' dir='ltr'>αὐτὴν</span> <span class='ocrx_word' id='word_1_200' title='bbox 1580 2271 1897 2340; x_wconf 76' lang='grc' dir='ltr'>συμϐαίνειν</span> 
     </span>
    </p>
   </div>
   <div class='ocr_carea' id='block_1_26' title="bbox 314 2359 1897 2435">
    <p class='ocr_par' dir='ltr' id='par_1_26' title="bbox 314 2359 1897 2435">
     <span class='ocr_line' id='line_1_26' title="bbox 314 2359 1897 2435; baseline -0.001 -17"><span class='ocrx_word' id='word_1_201' title='bbox 314 2365 710 2434; x_wconf 81' lang='grc' dir='ltr'>ὕπονοήσομεν.</span> <span class='ocrx_word' id='word_1_202' title='bbox 745 2364 868 2427; x_wconf 84' lang='grc' dir='ltr'><strong>Πῶς</strong></span> <span class='ocrx_word' id='word_1_203' title='bbox 894 2359 986 2417; x_wconf 82' lang='grc' dir='ltr'><strong>οῦν</strong></span> <span class='ocrx_word' id='word_1_204' title='bbox 1017 2363 1123 2435; x_wconf 81' lang='grc' dir='ltr'>ἄρα</span> <span class='ocrx_word' id='word_1_205' title='bbox 1152 2366 1340 2434; x_wconf 88' lang='grc' dir='ltr'>νοήσαι</span> <span class='ocrx_word' id='word_1_206' title='bbox 1364 2381 1449 2428; x_wconf 85' lang='grc' dir='ltr'><strong>τις</strong></span> <span class='ocrx_word' id='word_1_207' title='bbox 1474 2364 1539 2418; x_wconf 88' lang='grc' dir='ltr'><strong>ἂν</strong></span> <span class='ocrx_word' id='word_1_208' title='bbox 1572 2363 1747 2417; x_wconf 88' lang='grc' dir='ltr'>πάντα</span> <span class='ocrx_word' id='word_1_209' title='bbox 1772 2363 1897 2418; x_wconf 92' lang='grc' dir='ltr'>νοῦν</span> 
     </span>
    </p>
   </div>
   <div class='ocr_carea' id='block_1_27' title="bbox 312 2457 1895 2528">
    <p class='ocr_par' dir='ltr' id='par_1_27' title="bbox 312 2457 1895 2528">
     <span class='ocr_line' id='line_1_27' title="bbox 312 2457 1895 2528; baseline 0.001 -20"><span class='ocrx_word' id='word_1_210' title='bbox 312 2457 605 2526; x_wconf 77' lang='grc' dir='ltr'>ὑπερέχειν</span> <span class='ocrx_word' id='word_1_211' title='bbox 654 2457 751 2526; x_wconf 80' lang='grc' dir='ltr'><strong>τήν</strong></span> <span class='ocrx_word' id='word_1_212' title='bbox 797 2458 1053 2528; x_wconf 76' lang='grc' dir='ltr'>τοιαύτην</span> <span class='ocrx_word' id='word_1_213' title='bbox 1098 2459 1357 2528; x_wconf 82' lang='grc' dir='ltr'>εἰρήνην;</span> <span class='ocrx_word' id='word_1_214' title='bbox 1415 2457 1486 2510; x_wconf 83' lang='lat' dir='ltr'><em>T6</em></span> <span class='ocrx_word' id='word_1_215' title='bbox 1531 2457 1640 2528; x_wconf 77' lang='grc' dir='ltr'><strong>γὰρ</strong></span> <span class='ocrx_word' id='word_1_216' title='bbox 1673 2457 1895 2528; x_wconf 84' lang='grc' dir='ltr'>μηδαμῆ</span> 
     </span>
    </p>
   </div>
   <div class='ocr_carea' id='block_1_28' title="bbox 316 2547 1897 2619">
    <p class='ocr_par' dir='ltr' id='par_1_28' title="bbox 316 2547 1897 2619">
     <span class='ocr_line' id='line_1_28' title="bbox 316 2547 1897 2619; baseline -0.001 -18"><span class='ocrx_word' id='word_1_217' title='bbox 316 2547 585 2619; x_wconf 79' lang='grc' dir='ltr'>μηδαμῶς</span> <span class='ocrx_word' id='word_1_218' title='bbox 645 2549 704 2602; x_wconf 77' lang='grc' dir='ltr'>ὃν</span> <span class='ocrx_word' id='word_1_219' title='bbox 761 2550 880 2603; x_wconf 84' lang='grc' dir='ltr'>κατ’</span> <span class='ocrx_word' id='word_1_220' title='bbox 931 2549 1069 2602; x_wconf 85' lang='grc' dir='ltr'>ἰδίαν</span> <span class='ocrx_word' id='word_1_221' title='bbox 1115 2549 1400 2618; x_wconf 80' lang='grc' dir='ltr'>’ῦπαρξιν,</span> <span class='ocrx_word' id='word_1_222' title='bbox 1449 2549 1566 2612; x_wconf 85' lang='grc' dir='ltr'><strong>πῶς</strong></span> <span class='ocrx_word' id='word_1_223' title='bbox 1609 2548 1672 2602; x_wconf 83' lang='grc' dir='ltr'><strong>ἂν</strong></span> <span class='ocrx_word' id='word_1_224' title='bbox 1724 2551 1897 2602; x_wconf 78' lang='grc' dir='ltr'>νοοῖτο</span> 
     </span>
    </p>
   </div>
   <div class='ocr_carea' id='block_1_29' title="bbox 312 2639 1898 2711">
    <p class='ocr_par' dir='ltr' id='par_1_29' title="bbox 312 2639 1898 2711">
     <span class='ocr_line' id='line_1_29' title="bbox 312 2639 1898 2711; baseline 0 -19"><span class='ocrx_word' id='word_1_225' title='bbox 312 2641 563 2708; x_wconf 82' lang='grc' dir='ltr'>κρεῖττόν</span> <span class='ocrx_word' id='word_1_226' title='bbox 600 2657 659 2693; x_wconf 88' lang='grc' dir='ltr'><strong>τε</strong></span> <span class='ocrx_word' id='word_1_227' title='bbox 693 2641 783 2693; x_wconf 72' lang='grc' dir='ltr'><strong>καὶ</strong></span> <span class='ocrx_word' id='word_1_228' title='bbox 819 2641 1037 2710; x_wconf 84' lang='grc' dir='ltr'>ἄμεινον</span> <span class='ocrx_word' id='word_1_229' title='bbox 1083 2639 1384 2711; x_wconf 71' lang='grc' dir='ltr'>ἀνθρώπιον</span> <span class='ocrx_word' id='word_1_230' title='bbox 1428 2641 1611 2710; x_wconf 80' lang='grc' dir='ltr'>τυχὸν,</span> <span class='ocrx_word' id='word_1_231' title='bbox 1661 2640 1692 2710; x_wconf 82' lang='grc' dir='ltr'>ἦ</span> <span class='ocrx_word' id='word_1_232' title='bbox 1728 2641 1898 2708; x_wconf 82' lang='grc' dir='ltr'>ἀγγέ-</span> 
     </span>
    </p>
   </div>
   <div class='ocr_carea' id='block_1_30' title="bbox 310 2727 1898 2804">
    <p class='ocr_par' dir='ltr' id='par_1_30' title="bbox 310 2727 1898 2804">
     <span class='ocr_line' id='line_1_30' title="bbox 310 2727 1898 2804; baseline 0.001 -20"><span class='ocrx_word' id='word_1_233' title='bbox 310 2731 448 2796; x_wconf 85' lang='grc' dir='ltr'>λων,</span> <span class='ocrx_word' id='word_1_234' title='bbox 481 2732 514 2803; x_wconf 79' lang='grc' dir='ltr'>ἢ</span> <span class='ocrx_word' id='word_1_235' title='bbox 547 2732 656 2784; x_wconf 80' lang='grc' dir='ltr'><strong>τῶν</strong></span> <span class='ocrx_word' id='word_1_236' title='bbox 687 2732 767 2785; x_wconf 80' lang='grc' dir='ltr'>ἔτι</span> <span class='ocrx_word' id='word_1_237' title='bbox 797 2733 1053 2804; x_wconf 85' lang='grc' dir='ltr'>προσάνω</span> <span class='ocrx_word' id='word_1_238' title='bbox 1081 2733 1388 2804; x_wconf 84' lang='grc' dir='ltr'>νοουμένων</span> <span class='ocrx_word' id='word_1_239' title='bbox 1414 2749 1427 2796; x_wconf 91' lang='lat'><strong>;</strong></span> <span class='ocrx_word' id='word_1_240' title='bbox 1465 2731 1608 2784; x_wconf 88' lang='grc' dir='ltr'>Νοῦν</span> <span class='ocrx_word' id='word_1_241' title='bbox 1629 2731 1736 2802; x_wconf 84' lang='grc' dir='ltr'>γὰρ</span> <span class='ocrx_word' id='word_1_242' title='bbox 1759 2727 1898 2786; x_wconf 78' lang='grc' dir='ltr'>εἰναι</span> 
     </span>
    </p>
   </div>
   <div class='ocr_carea' id='block_1_31' title="bbox 311 2823 1900 2897">
    <p class='ocr_par' dir='ltr' id='par_1_31' title="bbox 311 2823 1900 2897">
     <span class='ocr_line' id='line_1_31' title="bbox 311 2823 1900 2897; baseline -0.002 -17"><span class='ocrx_word' id='word_1_243' title='bbox 311 2827 414 2880; x_wconf 64' lang='grc' dir='ltr'><strong>καὶ</strong></span> <span class='ocrx_word' id='word_1_244' title='bbox 463 2825 638 2881; x_wconf 84' lang='grc' dir='ltr'>ταῦτά</span> <span class='ocrx_word' id='word_1_245' title='bbox 688 2843 888 2896; x_wconf 85' lang='grc' dir='ltr'>φαμεν.</span> <span class='ocrx_word' id='word_1_246' title='bbox 941 2825 1210 2897; x_wconf 73' lang='grc' dir='ltr'>Οὑκοῦνή</span> <span class='ocrx_word' id='word_1_247' title='bbox 1259 2827 1398 2897; x_wconf 84' lang='grc' dir='ltr'>ὑπὲρ</span> <span class='ocrx_word' id='word_1_248' title='bbox 1442 2825 1658 2896; x_wconf 75' lang='grc' dir='ltr'>Ἀρχὰς,</span> <span class='ocrx_word' id='word_1_249' title='bbox 1693 2826 1726 2896; x_wconf 80' lang='grc' dir='ltr'>ἡ</span> <span class='ocrx_word' id='word_1_250' title='bbox 1759 2823 1900 2896; x_wconf 82' lang='grc' dir='ltr'>ὑπὲρ</span> 
     </span>
    </p>
   </div>
   <div class='ocr_carea' id='block_1_32' title="bbox 326 2916 1900 2989">
    <p class='ocr_par' dir='ltr' id='par_1_32' title="bbox 326 2916 1900 2989">
     <span class='ocr_line' id='line_1_32' title="bbox 326 2916 1900 2989; baseline -0.001 -18"><span class='ocrx_word' id='word_1_251' title='bbox 326 2916 633 2981; x_wconf 80' lang='grc' dir='ltr'>Ἐξουσίας,</span> <span class='ocrx_word' id='word_1_252' title='bbox 666 2918 698 2988; x_wconf 79' lang='grc' dir='ltr'>ἡ</span> <span class='ocrx_word' id='word_1_253' title='bbox 737 2917 878 2988; x_wconf 81' lang='grc' dir='ltr'>ὑπὲρ</span> <span class='ocrx_word' id='word_1_254' title='bbox 906 2917 1144 2988; x_wconf 86' lang='grc' dir='ltr'>Θρόνους</span> <span class='ocrx_word' id='word_1_255' title='bbox 1173 2917 1206 2989; x_wconf 79' lang='grc' dir='ltr'>ἦ</span> <span class='ocrx_word' id='word_1_256' title='bbox 1238 2918 1604 2988; x_wconf 83' lang='grc' dir='ltr'>Κυριότητας,</span> <span class='ocrx_word' id='word_1_257' title='bbox 1637 2917 1730 2971; x_wconf 72' lang='grc' dir='ltr'><strong>καὶ</strong></span> <span class='ocrx_word' id='word_1_258' title='bbox 1759 2917 1900 2988; x_wconf 80' lang='grc' dir='ltr'>ὑπὲρ</span> 
     </span>
    </p>
   </div>
   <div class='ocr_carea' id='block_1_33' title="bbox 314 3003 1898 3080">
    <p class='ocr_par' dir='ltr' id='par_1_33' title="bbox 314 3003 1898 3080">
     <span class='ocr_line' id='line_1_33' title="bbox 314 3003 1898 3080; baseline -0.002 -18"><span class='ocrx_word' id='word_1_259' title='bbox 314 3011 494 3062; x_wconf 75' lang='grc' dir='ltr'>πάντα</span> <span class='ocrx_word' id='word_1_260' title='bbox 529 3008 654 3062; x_wconf 89' lang='grc' dir='ltr'>νοῦν</span> <span class='ocrx_word' id='word_1_261' title='bbox 684 3010 898 3080; x_wconf 83' lang='grc' dir='ltr'>εἰρήνη,</span> <span class='ocrx_word' id='word_1_262' title='bbox 929 3009 990 3062; x_wconf 80' lang='grc' dir='ltr'><strong>τὸ</strong></span> <span class='ocrx_word' id='word_1_263' title='bbox 1026 3009 1250 3078; x_wconf 85' lang='grc' dir='ltr'>Πνεῦμα</span> <span class='ocrx_word' id='word_1_264' title='bbox 1285 3007 1523 3080; x_wconf 87' lang='grc' dir='ltr'>Χριστοῦ</span> <span class='ocrx_word' id='word_1_265' title='bbox 1558 3009 1697 3070; x_wconf 79' lang='grc' dir='ltr'>ἐστι,</span> <span class='ocrx_word' id='word_1_266' title='bbox 1736 3007 1802 3060; x_wconf 84' lang='grc' dir='ltr'>δι’</span> <span class='ocrx_word' id='word_1_267' title='bbox 1836 3003 1898 3060; x_wconf 80' lang='grc' dir='ltr'><strong>οῦ</strong></span> 
     </span>
    </p>
   </div>
   <div class='ocr_carea' id='block_1_34' title="bbox 1993 528 3572 604">
    <p class='ocr_par' dir='ltr' id='par_1_34' title="bbox 1993 528 3572 604">
     <span class='ocr_line' id='line_1_34' title="bbox 1993 528 3572 604; baseline 0.005 -22"><span class='ocrx_word' id='word_1_268' title='bbox 1993 529 2086 599; x_wconf 92' lang='lat' dir='ltr'><strong>qui</strong></span> <span class='ocrx_word' id='word_1_269' title='bbox 2113 544 2210 598; x_wconf 87' lang='lat' dir='ltr'><strong>per</strong></span> <span class='ocrx_word' id='word_1_270' title='bbox 2238 529 2508 598; x_wconf 91' lang='lat' dir='ltr'><strong>meipsum</strong></span> <span class='ocrx_word' id='word_1_271' title='bbox 2552 528 2704 582; x_wconf 93' lang='lat' dir='ltr'><strong>illum</strong></span> <span class='ocrx_word' id='word_1_272' title='bbox 2739 531 3106 599; x_wconf 76' lang='lat' dir='ltr'><strong>susceperint.</strong></span> <span class='ocrx_word' id='word_1_273' title='bbox 3137 529 3334 586; x_wconf 82' lang='lat' dir='ltr'><strong>Pacem</strong></span> <span class='ocrx_word' id='word_1_274' title='bbox 3372 535 3572 604; x_wconf 80' lang='lat' dir='ltr'><strong>quippe</strong></span> 
     </span>
    </p>
   </div>
   <div class='ocr_carea' id='block_1_35' title="bbox 1991 619 3574 691">
    <p class='ocr_par' dir='ltr' id='par_1_35' title="bbox 1991 619 3574 691">
     <span class='ocr_line' id='line_1_35' title="bbox 1991 619 3574 691; baseline 0.003 -17"><span class='ocrx_word' id='word_1_275' title='bbox 1991 619 2202 675; x_wconf 88' lang='lat' dir='ltr'><strong>Chriin</strong></span> <span class='ocrx_word' id='word_1_276' title='bbox 2235 620 2501 690; x_wconf 81' lang='lat' dir='ltr'><strong>Spiritum</strong></span> <span class='ocrx_word' id='word_1_277' title='bbox 2535 619 2657 689; x_wconf 82' lang='lat' dir='ltr'><strong>ejus</strong></span> <span class='ocrx_word' id='word_1_278' title='bbox 2691 635 2836 685; x_wconf 88' lang='lat' dir='ltr'><strong>esse,</strong></span> <span class='ocrx_word' id='word_1_279' title='bbox 2864 620 3024 691; x_wconf 88' lang='lat' dir='ltr'><strong>longa</strong></span> <span class='ocrx_word' id='word_1_280' title='bbox 3059 637 3166 675; x_wconf 91' lang='lat' dir='ltr'><strong>non</strong></span> <span class='ocrx_word' id='word_1_281' title='bbox 3205 629 3288 678; x_wconf 82' lang='lat' dir='ltr'><strong>est</strong></span> <span class='ocrx_word' id='word_1_282' title='bbox 3322 625 3574 680; x_wconf 89' lang='lat' dir='ltr'><strong>oratione</strong></span> 
     </span>
    </p>
   </div>
   <div class='ocr_carea' id='block_1_36' title="bbox 1993 710 3570 786">
    <p class='ocr_par' dir='ltr' id='par_1_36' title="bbox 1993 710 3570 786">
     <span class='ocr_line' id='line_1_36' title="bbox 1993 710 3570 786; baseline 0.004 -22"><span class='ocrx_word' id='word_1_283' title='bbox 1993 712 2359 780; x_wconf 89' lang='lat' dir='ltr'><strong>probandum.</strong></span> <span class='ocrx_word' id='word_1_284' title='bbox 2396 710 2784 766; x_wconf 78' lang='lat' dir='ltr'><strong>Verumtamen</strong></span> <span class='ocrx_word' id='word_1_285' title='bbox 2825 711 2893 766; x_wconf 88' lang='lat' dir='ltr'><strong>de</strong></span> <span class='ocrx_word' id='word_1_286' title='bbox 2929 713 3035 766; x_wconf 91' lang='lat' dir='ltr'><strong>hoc</strong></span> <span class='ocrx_word' id='word_1_287' title='bbox 3077 715 3374 769; x_wconf 89' lang='lat' dir='ltr'><strong>dicendum</strong></span> <span class='ocrx_word' id='word_1_288' title='bbox 3415 726 3570 786; x_wconf 89' lang='lat' dir='ltr'><strong>pulo.</strong></span> 
     </span>
    </p>
   </div>
   <div class='ocr_carea' id='block_1_37' title="bbox 1995 803 3575 879">
    <p class='ocr_par' dir='ltr' id='par_1_37' title="bbox 1995 803 3575 879">
     <span class='ocr_line' id='line_1_37' title="bbox 1995 803 3575 879; baseline 0.003 -22"><span class='ocrx_word' id='word_1_289' title='bbox 1995 803 2050 857; x_wconf 89' lang='lat' dir='ltr'><strong>Si</strong></span> <span class='ocrx_word' id='word_1_290' title='bbox 2086 805 2232 858; x_wconf 89' lang='lat' dir='ltr'><strong>enim</strong></span> <span class='ocrx_word' id='word_1_291' title='bbox 2267 805 2386 873; x_wconf 92' lang='lat' dir='ltr'><strong>ipse</strong></span> <span class='ocrx_word' id='word_1_292' title='bbox 2407 814 2487 858; x_wconf 89' lang='lat' dir='ltr'><strong>est</strong></span> <span class='ocrx_word' id='word_1_293' title='bbox 2521 819 2624 874; x_wconf 78' lang='lat' dir='ltr'><strong>pax</strong></span> <span class='ocrx_word' id='word_1_294' title='bbox 2662 806 2714 858; x_wconf 92' lang='lat' dir='ltr'><strong>in</strong></span> <span class='ocrx_word' id='word_1_295' title='bbox 2742 805 2897 860; x_wconf 82' lang='lat' dir='ltr'><strong>caelis</strong></span> <span class='ocrx_word' id='word_1_296' title='bbox 2927 815 2980 860; x_wconf 92' lang='lat' dir='ltr'><strong>et</strong></span> <span class='ocrx_word' id='word_1_297' title='bbox 3013 808 3066 861; x_wconf 94' lang='lat' dir='ltr'><strong>in</strong></span> <span class='ocrx_word' id='word_1_298' title='bbox 3102 816 3271 872; x_wconf 79' lang='lat' dir='ltr'><strong>terra,</strong></span> <span class='ocrx_word' id='word_1_299' title='bbox 3299 811 3575 879; x_wconf 88' lang='lat' dir='ltr'><strong>quomodo</strong></span> 
     </span>
    </p>
   </div>
   <div class='ocr_carea' id='block_1_38' title="bbox 1993 895 3572 968">
    <p class='ocr_par' dir='ltr' id='par_1_38' title="bbox 1993 895 3572 968">
     <span class='ocr_line' id='line_1_38' title="bbox 1993 895 3572 968; baseline 0.006 -22"><span class='ocrx_word' id='word_1_300' title='bbox 1993 895 2170 950; x_wconf 81' lang='lat' dir='ltr'><strong>cuivis</strong></span> <span class='ocrx_word' id='word_1_301' title='bbox 2225 911 2334 948; x_wconf 93' lang='lat' dir='ltr'><strong>non</strong></span> <span class='ocrx_word' id='word_1_302' title='bbox 2396 897 2608 965; x_wconf 81' lang='lat' dir='ltr'><strong>patebit</strong></span> <span class='ocrx_word' id='word_1_303' title='bbox 2662 897 2887 952; x_wconf 90' lang='lat' dir='ltr'><strong>omnino</strong></span> <span class='ocrx_word' id='word_1_304' title='bbox 2931 914 3141 968; x_wconf 89' lang='lat' dir='ltr'><strong>pacem,</strong></span> <span class='ocrx_word' id='word_1_305' title='bbox 3187 909 3243 953; x_wconf 92' lang='lat' dir='ltr'><strong>ut</strong></span> <span class='ocrx_word' id='word_1_306' title='bbox 3305 903 3572 961; x_wconf 80' lang='lat' dir='ltr'><strong>diximus.</strong></span> 
     </span>
    </p>
   </div>
   <div class='ocr_carea' id='block_1_39' title="bbox 1994 985 3650 1059">
    <p class='ocr_par' dir='ltr' id='par_1_39' title="bbox 1994 985 3650 1059">
     <span class='ocr_line' id='line_1_39' title="bbox 1994 985 3650 1059; baseline 0.005 -18"><span class='ocrx_word' id='word_1_307' title='bbox 1994 1000 2117 1041; x_wconf 87' lang='lat' dir='ltr'><strong>esse</strong></span> <span class='ocrx_word' id='word_1_308' title='bbox 2157 985 2423 1056; x_wconf 77' lang='lat' dir='ltr'><strong>Spiritum</strong></span> <span class='ocrx_word' id='word_1_309' title='bbox 2467 987 2628 1056; x_wconf 86' lang='lat' dir='ltr'><strong>ejus?</strong></span> <span class='ocrx_word' id='word_1_310' title='bbox 2657 987 2720 1041; x_wconf 89' lang='lat' dir='ltr'><strong>Et</strong></span> <span class='ocrx_word' id='word_1_311' title='bbox 2763 991 2983 1059; x_wconf 82' lang='lat' dir='ltr'><strong>quidem</strong></span> <span class='ocrx_word' id='word_1_312' title='bbox 3019 992 3241 1047; x_wconf 87' lang='lat' dir='ltr'><strong>divinus</strong></span> <span class='ocrx_word' id='word_1_313' title='bbox 3273 993 3472 1048; x_wconf 84' lang='lat' dir='ltr'><strong>Paulus</strong></span> <span class='ocrx_word' id='word_1_314' title='bbox 3504 993 3571 1048; x_wconf 88' lang='lat' dir='ltr'><strong>ad</strong></span> <span class='ocrx_word' id='word_1_315' title='bbox 3641 991 3650 998; x_wconf 82' lang='grc'><em>’</em></span> 
     </span>
    </p>
   </div>
   <div class='ocr_carea' id='block_1_40' title="bbox 1994 1078 3573 1155">
    <p class='ocr_par' dir='ltr' id='par_1_40' title="bbox 1994 1078 3573 1155">
     <span class='ocr_line' id='line_1_40' title="bbox 1994 1078 3573 1155; baseline 0.004 -25"><span class='ocrx_word' id='word_1_316' title='bbox 1994 1078 2259 1148; x_wconf 88' lang='lat' dir='ltr'><strong>quosdam</strong></span> <span class='ocrx_word' id='word_1_317' title='bbox 2293 1080 2574 1136; x_wconf 83' lang='lat' dir='ltr'><strong>scribebat</strong></span> <span class='ocrx_word' id='word_1_318' title='bbox 2602 1099 2614 1134; x_wconf 91' lang='lat'><strong>:</strong></span> <span class='ocrx_word' id='word_1_319' title='bbox 2649 1100 2667 1132; x_wconf 76' lang='grc' dir='ltr'><strong>ι</strong></span> <span class='ocrx_word' id='word_1_320' title='bbox 2701 1081 2764 1136; x_wconf 87' lang='lat' dir='ltr'><strong>Et</strong></span> <span class='ocrx_word' id='word_1_321' title='bbox 2796 1097 2897 1151; x_wconf 84' lang='lat' dir='ltr'><strong>pax</strong></span> <span class='ocrx_word' id='word_1_322' title='bbox 2929 1083 3095 1155; x_wconf 57' lang='grc' dir='ltr'><strong>διο</strong></span> <span class='ocrx_word' id='word_1_323' title='bbox 3129 1085 3243 1148; x_wconf 83' lang='lat' dir='ltr'><strong>Dei,</strong></span> <span class='ocrx_word' id='word_1_324' title='bbox 3271 1103 3390 1154; x_wconf 74' lang='lat' dir='ltr'><strong>quze</strong></span> <span class='ocrx_word' id='word_1_325' title='bbox 3411 1102 3573 1140; x_wconf 77' lang='lat' dir='ltr'><strong>exsu-</strong></span> 
     </span>
    </p>
   </div>
   <div class='ocr_carea' id='block_1_41' title="bbox 1995 1175 3574 1238">
    <p class='ocr_par' dir='ltr' id='par_1_41' title="bbox 1995 1175 3574 1238">
     <span class='ocr_line' id='line_1_41' title="bbox 1995 1175 3574 1238; baseline 0.008 -19"><span class='ocrx_word' id='word_1_326' title='bbox 1995 1177 2150 1238; x_wconf 89' lang='lat' dir='ltr'><strong>perat</strong></span> <span class='ocrx_word' id='word_1_327' title='bbox 2195 1183 2413 1225; x_wconf 90' lang='lat' dir='ltr'><strong>omnem</strong></span> <span class='ocrx_word' id='word_1_328' title='bbox 2460 1185 2708 1234; x_wconf 90' lang='lat' dir='ltr'><strong>sensum,</strong></span> <span class='ocrx_word' id='word_1_329' title='bbox 2754 1175 3027 1228; x_wconf 84' lang='lat' dir='ltr'><strong>custodiat</strong></span> <span class='ocrx_word' id='word_1_330' title='bbox 3082 1177 3248 1230; x_wconf 89' lang='lat' dir='ltr'><strong>corda</strong></span> <span class='ocrx_word' id='word_1_331' title='bbox 3293 1187 3475 1232; x_wconf 88' lang='lat' dir='ltr'><strong>vestra</strong></span> <span class='ocrx_word' id='word_1_332' title='bbox 3520 1188 3574 1232; x_wconf 88' lang='lat' dir='ltr'><strong>et</strong></span> 
     </span>
    </p>
   </div>
   <div class='ocr_carea' id='block_1_42' title="bbox 1995 1259 3570 1338">
    <p class='ocr_par' dir='ltr' id='par_1_42' title="bbox 1995 1259 3570 1338">
     <span class='ocr_line' id='line_1_42' title="bbox 1995 1259 3570 1338; baseline 0.006 -26"><span class='ocrx_word' id='word_1_333' title='bbox 1995 1259 2394 1329; x_wconf 80' lang='lat' dir='ltr'><strong>intelligentias</strong></span> <span class='ocrx_word' id='word_1_334' title='bbox 2433 1271 2648 1317; x_wconf 89' lang='lat' dir='ltr'><strong>vestras</strong></span> <span class='ocrx_word' id='word_1_335' title='bbox 2674 1263 2814 1318; x_wconf 79' lang='lat'><strong>“°“.</strong></span> <span class='ocrx_word' id='word_1_336' title='bbox 2866 1283 2883 1315; x_wconf 72' lang='grc' dir='ltr'><strong>ι</strong></span> <span class='ocrx_word' id='word_1_337' title='bbox 2922 1267 2989 1321; x_wconf 80' lang='lat' dir='ltr'><strong>At</strong></span> <span class='ocrx_word' id='word_1_338' title='bbox 3030 1267 3156 1336; x_wconf 81' lang='lat' dir='ltr'><strong>quis</strong></span> <span class='ocrx_word' id='word_1_339' title='bbox 3193 1269 3442 1338; x_wconf 92' lang='lat' dir='ltr'><strong>nonjure</strong></span> <span class='ocrx_word' id='word_1_340' title='bbox 3467 1269 3570 1324; x_wconf 87' lang='lat' dir='ltr'><strong>sibi</strong></span> 
     </span>
    </p>
   </div>
   <div class='ocr_carea' id='block_1_43' title="bbox 1997 1354 3572 1430">
    <p class='ocr_par' dir='ltr' id='par_1_43' title="bbox 1997 1354 3572 1430">
     <span class='ocr_line' id='line_1_43' title="bbox 1997 1354 3572 1430; baseline 0.008 -26"><span class='ocrx_word' id='word_1_341' title='bbox 1997 1354 2344 1420; x_wconf 86' lang='lat' dir='ltr'><strong>persuadeat,</strong></span> <span class='ocrx_word' id='word_1_342' title='bbox 2383 1368 2490 1408; x_wconf 91' lang='lat' dir='ltr'><strong>non</strong></span> <span class='ocrx_word' id='word_1_343' title='bbox 2524 1354 2591 1409; x_wconf 90' lang='lat' dir='ltr'><strong>de</strong></span> <span class='ocrx_word' id='word_1_344' title='bbox 2626 1357 2725 1408; x_wconf 90' lang='lat' dir='ltr'><strong>hac</strong></span> <span class='ocrx_word' id='word_1_345' title='bbox 2757 1371 2890 1425; x_wconf 86' lang='lat' dir='ltr'><strong>pace</strong></span> <span class='ocrx_word' id='word_1_346' title='bbox 2921 1372 3084 1427; x_wconf 90' lang='lat' dir='ltr'><strong>quam</strong></span> <span class='ocrx_word' id='word_1_347' title='bbox 3127 1361 3291 1430; x_wconf 89' lang='lat' dir='ltr'><strong>vulgo</strong></span> <span class='ocrx_word' id='word_1_348' title='bbox 3332 1360 3572 1418; x_wconf 79' lang='lat' dir='ltr'><strong>dicimus</strong></span> 
     </span>
    </p>
   </div>
   <div class='ocr_carea' id='block_1_44' title="bbox 1997 1443 3576 1539">
    <p class='ocr_par' dir='ltr' id='par_1_44' title="bbox 1997 1443 3576 1539">
     <span class='ocr_line' id='line_1_44' title="bbox 1997 1443 3576 1539; baseline 0.008 -45"><span class='ocrx_word' id='word_1_349' title='bbox 1997 1455 2061 1494; x_wconf 89' lang='lat' dir='ltr'><strong>ac</strong></span> <span class='ocrx_word' id='word_1_350' title='bbox 2085 1443 2445 1513; x_wconf 73' lang='lat' dir='ltr'><strong>intelligimus</strong></span> <span class='ocrx_word' id='word_1_351' title='bbox 2463 1445 2565 1499; x_wconf 88' lang='lat' dir='ltr'><strong>ista</strong></span> <span class='ocrx_word' id='word_1_352' title='bbox 2581 1445 2687 1500; x_wconf 90' lang='lat' dir='ltr'><strong>dici</strong></span> <span class='ocrx_word' id='word_1_353' title='bbox 2708 1445 2746 1497; x_wconf 80' lang='lat'><strong>?‘</strong></span> <span class='ocrx_word' id='word_1_354' title='bbox 2760 1447 2993 1502; x_wconf 88' lang='lat' dir='ltr'><strong>Animus</strong></span> <span class='ocrx_word' id='word_1_355' title='bbox 3007 1449 3152 1502; x_wconf 92' lang='lat' dir='ltr'><strong>enim</strong></span> <span class='ocrx_word' id='word_1_356' title='bbox 3173 1453 3320 1505; x_wconf 90' lang='lat' dir='ltr'><strong>omni</strong></span> <span class='ocrx_word' id='word_1_357' title='bbox 3341 1461 3576 1539; x_wconf 66' lang='lat' dir='ltr'><strong>conten;</strong></span> 
     </span>
    </p>
   </div>
   <div class='ocr_carea' id='block_1_45' title="bbox 1981 1534 3574 1608">
    <p class='ocr_par' dir='ltr' id='par_1_45' title="bbox 1981 1534 3574 1608">
     <span class='ocr_line' id='line_1_45' title="bbox 1981 1534 3574 1608; baseline 0.007 -22"><span class='ocrx_word' id='word_1_358' title='bbox 1981 1534 2165 1590; x_wconf 18' lang='lat' dir='ltr'><strong>etionis</strong></span> <span class='ocrx_word' id='word_1_359' title='bbox 2201 1536 2385 1591; x_wconf 91' lang='lat' dir='ltr'><strong>studio</strong></span> <span class='ocrx_word' id='word_1_360' title='bbox 2417 1551 2623 1592; x_wconf 84' lang='lat' dir='ltr'><strong>vacuus</strong></span> <span class='ocrx_word' id='word_1_361' title='bbox 2667 1538 2720 1590; x_wconf 91' lang='lat' dir='ltr'><strong>in</strong></span> <span class='ocrx_word' id='word_1_362' title='bbox 2756 1553 2854 1591; x_wconf 88' lang='lat' dir='ltr'><strong>sua</strong></span> <span class='ocrx_word' id='word_1_363' title='bbox 2887 1541 3251 1608; x_wconf 77' lang='lat' dir='ltr'><strong>propensione</strong></span> <span class='ocrx_word' id='word_1_364' title='bbox 3291 1559 3354 1596; x_wconf 86' lang='lat' dir='ltr'><strong>ac</strong></span> <span class='ocrx_word' id='word_1_365' title='bbox 3381 1534 3574 1598; x_wconf 58' lang='lat' dir='ltr'><strong>volun;</strong></span> 
     </span>
    </p>
   </div>
   <div class='ocr_carea' id='block_1_46' title="bbox 1997 1627 3578 1704">
    <p class='ocr_par' dir='ltr' id='par_1_46' title="bbox 1997 1627 3578 1704">
     <span class='ocr_line' id='line_1_46' title="bbox 1997 1627 3578 1704; baseline 0.007 -26"><span class='ocrx_word' id='word_1_366' title='bbox 1997 1631 2110 1679; x_wconf 83' lang='lat' dir='ltr'><strong>tate</strong></span> <span class='ocrx_word' id='word_1_367' title='bbox 2147 1640 2333 1695; x_wconf 88' lang='lat' dir='ltr'><strong>pacem</strong></span> <span class='ocrx_word' id='word_1_368' title='bbox 2371 1627 2532 1681; x_wconf 86' lang='lat' dir='ltr'><strong>habet</strong></span> <span class='ocrx_word' id='word_1_369' title='bbox 2566 1643 2798 1698; x_wconf 86' lang='lat' dir='ltr'><strong>eamque</strong></span> <span class='ocrx_word' id='word_1_370' title='bbox 2833 1632 2986 1684; x_wconf 91' lang='lat' dir='ltr'><strong>colit.</strong></span> <span class='ocrx_word' id='word_1_371' title='bbox 3011 1629 3198 1702; x_wconf 83' lang='lat' dir='ltr'><strong>Neque</strong></span> <span class='ocrx_word' id='word_1_372' title='bbox 3223 1648 3352 1687; x_wconf 80' lang='lat' dir='ltr'><strong>vero</strong></span> <span class='ocrx_word' id='word_1_373' title='bbox 3384 1650 3578 1704; x_wconf 77' lang='lat' dir='ltr'><strong>pacem</strong></span> 
     </span>
    </p>
   </div>
   <div class='ocr_carea' id='block_1_47' title="bbox 1998 1717 3572 1794">
    <p class='ocr_par' dir='ltr' id='par_1_47' title="bbox 1998 1717 3572 1794">
     <span class='ocr_line' id='line_1_47' title="bbox 1998 1717 3572 1794; baseline 0.008 -25"><span class='ocrx_word' id='word_1_374' title='bbox 1998 1717 2314 1772; x_wconf 81' lang='lat' dir='ltr'><strong>istiusmodi</strong></span> <span class='ocrx_word' id='word_1_375' title='bbox 2353 1733 2592 1788; x_wconf 82' lang='lat' dir='ltr'><strong>unquam</strong></span> <span class='ocrx_word' id='word_1_376' title='bbox 2642 1720 2962 1788; x_wconf 87' lang='lat' dir='ltr'><strong>putabimus</strong></span> <span class='ocrx_word' id='word_1_377' title='bbox 2998 1724 3238 1794; x_wconf 88' lang='lat' dir='ltr'><strong>aliquam</strong></span> <span class='ocrx_word' id='word_1_378' title='bbox 3286 1742 3410 1781; x_wconf 91' lang='lat' dir='ltr'><strong>esse</strong></span> <span class='ocrx_word' id='word_1_379' title='bbox 3441 1728 3572 1782; x_wconf 85' lang='lat' dir='ltr'><strong>sub-</strong></span> 
     </span>
    </p>
   </div>
   <div class='ocr_carea' id='block_1_48' title="bbox 1996 1809 3572 1887">
    <p class='ocr_par' dir='ltr' id='par_1_48' title="bbox 1996 1809 3572 1887">
     <span class='ocr_line' id='line_1_48' title="bbox 1996 1809 3572 1887; baseline 0.008 -26"><span class='ocrx_word' id='word_1_380' title='bbox 1996 1809 2283 1870; x_wconf 86' lang='lat' dir='ltr'><strong>stantiam,</strong></span> <span class='ocrx_word' id='word_1_381' title='bbox 2314 1809 2409 1863; x_wconf 88' lang='lat' dir='ltr'><strong>sed</strong></span> <span class='ocrx_word' id='word_1_382' title='bbox 2462 1809 2516 1862; x_wconf 90' lang='lat' dir='ltr'><strong>in</strong></span> <span class='ocrx_word' id='word_1_383' title='bbox 2556 1824 2748 1864; x_wconf 85' lang='lat' dir='ltr'><strong>eorum</strong></span> <span class='ocrx_word' id='word_1_384' title='bbox 2786 1814 2986 1869; x_wconf 88' lang='lat' dir='ltr'><strong>animis</strong></span> <span class='ocrx_word' id='word_1_385' title='bbox 3017 1817 3111 1885; x_wconf 90' lang='lat' dir='ltr'><strong>qui</strong></span> <span class='ocrx_word' id='word_1_386' title='bbox 3166 1817 3403 1887; x_wconf 82' lang='lat' dir='ltr'><strong>diligunt</strong></span> <span class='ocrx_word' id='word_1_387' title='bbox 3451 1835 3572 1873; x_wconf 90' lang='lat' dir='ltr'><strong>eam</strong></span> 
     </span>
    </p>
   </div>
   <div class='ocr_carea' id='block_1_49' title="bbox 1995 1898 3575 1978">
    <p class='ocr_par' dir='ltr' id='par_1_49' title="bbox 1995 1898 3575 1978">
     <span class='ocr_line' id='line_1_49' title="bbox 1995 1898 3575 1978; baseline 0.008 -26"><span class='ocrx_word' id='word_1_388' title='bbox 1995 1898 2183 1953; x_wconf 81' lang='lat' dir='ltr'><strong>habitu</strong></span> <span class='ocrx_word' id='word_1_389' title='bbox 2257 1899 2570 1956; x_wconf 78' lang='lat' dir='ltr'><strong>formatam.</strong></span> <span class='ocrx_word' id='word_1_390' title='bbox 2625 1902 2913 1967; x_wconf 88' lang='lat' dir='ltr'><strong>Quomodo</strong></span> <span class='ocrx_word' id='word_1_391' title='bbox 2977 1922 3106 1977; x_wconf 80' lang='lat' dir='ltr'><strong>ergo</strong></span> <span class='ocrx_word' id='word_1_392' title='bbox 3171 1924 3359 1978; x_wconf 89' lang='lat' dir='ltr'><strong>pacem</strong></span> <span class='ocrx_word' id='word_1_393' title='bbox 3430 1911 3575 1965; x_wconf 88' lang='lat' dir='ltr'><strong>hanc</strong></span> 
     </span>
    </p>
   </div>
   <div class='ocr_carea' id='block_1_50' title="bbox 1996 1997 3616 2069">
    <p class='ocr_par' dir='ltr' id='par_1_50' title="bbox 1996 1997 3616 2069">
     <span class='ocr_line' id='line_1_50' title="bbox 1996 1997 3616 2069; baseline 0.006 -23"><span class='ocrx_word' id='word_1_394' title='bbox 1996 2006 2214 2046; x_wconf 83' lang='lat' dir='ltr'><strong>omnem</strong></span> <span class='ocrx_word' id='word_1_395' title='bbox 2265 2007 2486 2048; x_wconf 90' lang='lat' dir='ltr'><strong>sensum</strong></span> <span class='ocrx_word' id='word_1_396' title='bbox 2553 2011 2892 2069; x_wconf 79' lang='lat' dir='ltr'><strong>exsuperare</strong></span> <span class='ocrx_word' id='word_1_397' title='bbox 2959 1997 3367 2069; x_wconf 82' lang='lat' dir='ltr'><strong>intelligemus?</strong></span> <span class='ocrx_word' id='word_1_398' title='bbox 3419 2001 3616 2067; x_wconf 81' lang='lat' dir='ltr'><strong>Quod‘</strong></span> 
     </span>
    </p>
   </div>
   <div class='ocr_carea' id='block_1_51' title="bbox 1996 2068 3636 2160">
    <p class='ocr_par' dir='ltr' id='par_1_51' title="bbox 1996 2068 3636 2160">
     <span class='ocr_line' id='line_1_51' title="bbox 1996 2068 3636 2160; baseline 0.008 -24"><span class='ocrx_word' id='word_1_399' title='bbox 1996 2082 2140 2136; x_wconf 87' lang='lat' dir='ltr'><strong>enim</strong></span> <span class='ocrx_word' id='word_1_400' title='bbox 2188 2098 2459 2153; x_wconf 88' lang='lat' dir='ltr'><strong>nusquam</strong></span> <span class='ocrx_word' id='word_1_401' title='bbox 2495 2087 2721 2140; x_wconf 88' lang='lat' dir='ltr'><strong>omnino</strong></span> <span class='ocrx_word' id='word_1_402' title='bbox 2755 2068 2940 2156; x_wconf 48' lang='lat' dir='ltr'><strong>per‘se</strong></span> <span class='ocrx_word' id='word_1_403' title='bbox 2974 2068 3252 2154; x_wconf 83' lang='lat' dir='ltr'><strong>subsistit,</strong></span> <span class='ocrx_word' id='word_1_404' title='bbox 3297 2093 3576 2160; x_wconf 90' lang='lat' dir='ltr'><strong>quomodo</strong></span> <span class='ocrx_word' id='word_1_405' title='bbox 3619 2109 3636 2116; x_wconf 57' lang='grc' dir='ltr'><em>ν</em></span> 
     </span>
    </p>
   </div>
   <div class='ocr_carea' id='block_1_52' title="bbox 1996 2174 3572 2252">
    <p class='ocr_par' dir='ltr' id='par_1_52' title="bbox 1996 2174 3572 2252">
     <span class='ocr_line' id='line_1_52' title="bbox 1996 2174 3572 2252; baseline 0.008 -26"><span class='ocrx_word' id='word_1_406' title='bbox 1996 2174 2353 2242; x_wconf 71' lang='lat' dir='ltr'><strong>przestantius</strong></span> <span class='ocrx_word' id='word_1_407' title='bbox 2379 2176 2484 2230; x_wconf 90' lang='lat' dir='ltr'><strong>erit</strong></span> <span class='ocrx_word' id='word_1_408' title='bbox 2516 2177 2856 2242; x_wconf 85' lang='lat' dir='ltr'><strong>hominibus,</strong></span> <span class='ocrx_word' id='word_1_409' title='bbox 2880 2188 2974 2234; x_wconf 92' lang='lat' dir='ltr'><strong>aut</strong></span> <span class='ocrx_word' id='word_1_410' title='bbox 3009 2182 3242 2252; x_wconf 87' lang='lat' dir='ltr'><strong>angelis.</strong></span> <span class='ocrx_word' id='word_1_411' title='bbox 3270 2183 3384 2238; x_wconf 77' lang='lat' dir='ltr'><strong>sive</strong></span> <span class='ocrx_word' id='word_1_412' title='bbox 3412 2185 3572 2239; x_wconf 85' lang='lat' dir='ltr'><strong>etiam</strong></span> 
     </span>
    </p>
   </div>
   <div class='ocr_carea' id='block_1_53' title="bbox 1998 2267 3598 2340">
    <p class='ocr_par' dir='ltr' id='par_1_53' title="bbox 1998 2267 3598 2340">
     <span class='ocr_line' id='line_1_53' title="bbox 1998 2267 3598 2340; baseline 0.008 -21"><span class='ocrx_word' id='word_1_413' title='bbox 1998 2267 2366 2338; x_wconf 86' lang='lat' dir='ltr'><strong>archangelis,</strong></span> <span class='ocrx_word' id='word_1_414' title='bbox 2383 2285 2524 2339; x_wconf 91' lang='lat' dir='ltr'><strong>quos</strong></span> <span class='ocrx_word' id='word_1_415' title='bbox 2551 2279 2757 2326; x_wconf 87' lang='lat' dir='ltr'><strong>mentes</strong></span> <span class='ocrx_word' id='word_1_416' title='bbox 2783 2271 2944 2326; x_wconf 91' lang='lat' dir='ltr'><strong>etiam</strong></span> <span class='ocrx_word' id='word_1_417' title='bbox 2971 2287 3092 2327; x_wconf 90' lang='lat' dir='ltr'><strong>esse</strong></span> <span class='ocrx_word' id='word_1_418' title='bbox 3111 2273 3346 2329; x_wconf 84' lang='lat' dir='ltr'><strong>dicimus</strong></span> <span class='ocrx_word' id='word_1_419' title='bbox 3361 2276 3384 2328; x_wconf 89' lang='lat'><strong><em>?</em></strong></span> <span class='ocrx_word' id='word_1_420' title='bbox 3398 2273 3598 2340; x_wconf 85' lang='lat' dir='ltr'><strong>Quare-</strong></span> 
     </span>
    </p>
   </div>
   <div class='ocr_carea' id='block_1_54' title="bbox 1995 2358 3575 2435">
    <p class='ocr_par' dir='ltr' id='par_1_54' title="bbox 1995 2358 3575 2435">
     <span class='ocr_line' id='line_1_54' title="bbox 1995 2358 3575 2435; baseline 0.006 -22"><span class='ocrx_word' id='word_1_421' title='bbox 1995 2373 2098 2427; x_wconf 78' lang='lat' dir='ltr'><strong>pax</strong></span> <span class='ocrx_word' id='word_1_422' title='bbox 2132 2358 2222 2412; x_wconf 93' lang='lat' dir='ltr'><strong>illa</strong></span> <span class='ocrx_word' id='word_1_423' title='bbox 2261 2375 2382 2429; x_wconf 74' lang='lat' dir='ltr'><strong>qua:</strong></span> <span class='ocrx_word' id='word_1_424' title='bbox 2417 2373 2715 2433; x_wconf 79' lang='lat' dir='ltr'><strong>exsuperat</strong></span> <span class='ocrx_word' id='word_1_425' title='bbox 2747 2363 3116 2435; x_wconf 83' lang='lat' dir='ltr'><strong>Principatus,</strong></span> <span class='ocrx_word' id='word_1_426' title='bbox 3151 2376 3200 2419; x_wconf 89' lang='lat' dir='ltr'><strong>et</strong></span> <span class='ocrx_word' id='word_1_427' title='bbox 3243 2364 3575 2433; x_wconf 72' lang='lat' dir='ltr'><strong>Potestates,</strong></span> 
     </span>
    </p>
   </div>
   <div class='ocr_carea' id='block_1_55' title="bbox 1999 2449 3574 2528">
    <p class='ocr_par' dir='ltr' id='par_1_55' title="bbox 1999 2449 3574 2528">
     <span class='ocr_line' id='line_1_55' title="bbox 1999 2449 3574 2528; baseline 0.008 -26"><span class='ocrx_word' id='word_1_428' title='bbox 1999 2459 2052 2503; x_wconf 90' lang='lat' dir='ltr'><strong>et</strong></span> <span class='ocrx_word' id='word_1_429' title='bbox 2077 2449 2333 2505; x_wconf 87' lang='lat' dir='ltr'><strong>Thronos</strong></span> <span class='ocrx_word' id='word_1_430' title='bbox 2365 2453 2516 2522; x_wconf 88' lang='lat' dir='ltr'><strong>ipsos</strong></span> <span class='ocrx_word' id='word_1_431' title='bbox 2537 2463 2588 2508; x_wconf 92' lang='lat' dir='ltr'><strong>ct</strong></span> <span class='ocrx_word' id='word_1_432' title='bbox 2612 2454 3047 2522; x_wconf 69' lang='lat' dir='ltr'><strong>nominationes,</strong></span> <span class='ocrx_word' id='word_1_433' title='bbox 3083 2458 3328 2528; x_wconf 83' lang='lat' dir='ltr'><strong>adeoque</strong></span> <span class='ocrx_word' id='word_1_434' title='bbox 3359 2467 3574 2514; x_wconf 82' lang='lat' dir='ltr'><strong>omnem</strong></span> 
     </span>
    </p>
   </div>
   <div class='ocr_carea' id='block_1_56' title="bbox 2001 2543 3578 2620">
    <p class='ocr_par' dir='ltr' id='par_1_56' title="bbox 2001 2543 3578 2620">
     <span class='ocr_line' id='line_1_56' title="bbox 2001 2543 3578 2620; baseline 0.007 -26"><span class='ocrx_word' id='word_1_435' title='bbox 2001 2552 2263 2607; x_wconf 78' lang='lat' dir='ltr'><strong>mentem,</strong></span> <span class='ocrx_word' id='word_1_436' title='bbox 2290 2543 2528 2613; x_wconf 82' lang='lat' dir='ltr'><strong>Spiritus</strong></span> <span class='ocrx_word' id='word_1_437' title='bbox 2556 2547 2758 2602; x_wconf 83' lang='lat' dir='ltr'><strong>Christi</strong></span> <span class='ocrx_word' id='word_1_438' title='bbox 2791 2559 3023 2620; x_wconf 65' lang='lat' dir='ltr'><strong>est,_per</strong></span> <span class='ocrx_word' id='word_1_439' title='bbox 3055 2567 3214 2620; x_wconf 86' lang='lat' dir='ltr'><strong>quem</strong></span> <span class='ocrx_word' id='word_1_440' title='bbox 3249 2553 3432 2605; x_wconf 70' lang='lat' dir='ltr'><strong>Ollsllia</strong></span> <span class='ocrx_word' id='word_1_441' title='bbox 3468 2551 3578 2605; x_wconf 75' lang='lat' dir='ltr'><strong>Deo</strong></span> 
     </span>
    </p>
   </div>
   <div class='ocr_carea' id='block_1_57' title="bbox 1999 2631 3574 2710">
    <p class='ocr_par' dir='ltr' id='par_1_57' title="bbox 1999 2631 3574 2710">
     <span class='ocr_line' id='line_1_57' title="bbox 1999 2631 3574 2710; baseline 0.003 -19"><span class='ocrx_word' id='word_1_442' title='bbox 1999 2653 2066 2692; x_wconf 83' lang='lat' dir='ltr'><strong>ac</strong></span> <span class='ocrx_word' id='word_1_443' title='bbox 2101 2637 2247 2692; x_wconf 87' lang='lat' dir='ltr'><strong>Patri</strong></span> <span class='ocrx_word' id='word_1_444' title='bbox 2269 2631 2681 2704; x_wconf 76' lang='lat' dir='ltr'><strong>reconciliavit,</strong></span> <span class='ocrx_word' id='word_1_445' title='bbox 2707 2643 2835 2696; x_wconf 91' lang='lat' dir='ltr'><strong>dum</strong></span> <span class='ocrx_word' id='word_1_446' title='bbox 2868 2644 3000 2696; x_wconf 86' lang='lat' dir='ltr'><strong>nihil</strong></span> <span class='ocrx_word' id='word_1_447' title='bbox 3031 2643 3177 2697; x_wconf 88' lang='lat' dir='ltr'><strong>aliud</strong></span> <span class='ocrx_word' id='word_1_448' title='bbox 3219 2646 3352 2706; x_wconf 91' lang='lat' dir='ltr'><strong>vult,</strong></span> <span class='ocrx_word' id='word_1_449' title='bbox 3391 2647 3574 2710; x_wconf 82' lang='lat' dir='ltr'><strong>sentit,</strong></span> 
     </span>
    </p>
   </div>
   <div class='ocr_carea' id='block_1_58' title="bbox 2000 2729 3578 2795">
    <p class='ocr_par' dir='ltr' id='par_1_58' title="bbox 2000 2729 3578 2795">
     <span class='ocr_line' id='line_1_58' title="bbox 2000 2729 3578 2795; baseline 0.004 -12"><span class='ocrx_word' id='word_1_450' title='bbox 2000 2738 2093 2783; x_wconf 83' lang='lat' dir='ltr'><strong>aut</strong></span> <span class='ocrx_word' id='word_1_451' title='bbox 2127 2729 2277 2795; x_wconf 82' lang='lat' dir='ltr'><strong>facit,</strong></span> <span class='ocrx_word' id='word_1_452' title='bbox 2305 2747 2405 2785; x_wconf 89' lang='lat' dir='ltr'><strong>nec</strong></span> <span class='ocrx_word' id='word_1_453' title='bbox 2437 2733 2804 2788; x_wconf 84' lang='lat' dir='ltr'><strong>conversione</strong></span> <span class='ocrx_word' id='word_1_454' title='bbox 2842 2735 2908 2788; x_wconf 86' lang='lat' dir='ltr'><strong>ad</strong></span> <span class='ocrx_word' id='word_1_455' title='bbox 2955 2736 3158 2787; x_wconf 89' lang='lat' dir='ltr'><strong>malum</strong></span> <span class='ocrx_word' id='word_1_456' title='bbox 3185 2735 3294 2788; x_wconf 90' lang='lat' dir='ltr'><strong>alio</strong></span> <span class='ocrx_word' id='word_1_457' title='bbox 3338 2735 3578 2790; x_wconf 72' lang='lat' dir='ltr'><strong>deﬂectit</strong></span> 
     </span>
    </p>
   </div>
   <div class='ocr_carea' id='block_1_59' title="bbox 1999 2819 3578 2890">
    <p class='ocr_par' dir='ltr' id='par_1_59' title="bbox 1999 2819 3578 2890">
     <span class='ocr_line' id='line_1_59' title="bbox 1999 2819 3578 2890; baseline 0.003 -17"><span class='ocrx_word' id='word_1_458' title='bbox 1999 2821 2068 2875; x_wconf 80' lang='lat' dir='ltr'><strong>ab</strong></span> <span class='ocrx_word' id='word_1_459' title='bbox 2109 2821 2252 2890; x_wconf 91' lang='lat' dir='ltr'><strong>ipso.</strong></span> <span class='ocrx_word' id='word_1_460' title='bbox 2287 2819 2432 2875; x_wconf 81' lang='lat' dir='ltr'><strong>Nihil</strong></span> <span class='ocrx_word' id='word_1_461' title='bbox 2479 2831 2662 2876; x_wconf 89' lang='lat' dir='ltr'><strong>autetn</strong></span> <span class='ocrx_word' id='word_1_462' title='bbox 2721 2825 2876 2877; x_wconf 86' lang='lat' dir='ltr'><strong>obest</strong></span> <span class='ocrx_word' id='word_1_463' title='bbox 2930 2823 3427 2878; x_wconf 83' lang='lat' dir='ltr'><strong>considerationem</strong></span> <span class='ocrx_word' id='word_1_464' title='bbox 3489 2825 3578 2878; x_wconf 87' lang='lat' dir='ltr'><strong>hic</strong></span> 
     </span>
    </p>
   </div>
   <div class='ocr_carea' id='block_1_60' title="bbox 1999 2914 3577 2986">
    <p class='ocr_par' dir='ltr' id='par_1_60' title="bbox 1999 2914 3577 2986">
     <span class='ocr_line' id='line_1_60' title="bbox 1999 2914 3577 2986; baseline 0.003 -20"><span class='ocrx_word' id='word_1_465' title='bbox 1999 2928 2164 2982; x_wconf 83' lang='lat' dir='ltr'><strong>porro</strong></span> <span class='ocrx_word' id='word_1_466' title='bbox 2207 2914 2402 2968; x_wconf 63' lang='lat' dir='ltr'><strong>alien-re</strong></span> <span class='ocrx_word' id='word_1_467' title='bbox 2455 2929 2562 2967; x_wconf 90' lang='lat' dir='ltr'><strong>non</strong></span> <span class='ocrx_word' id='word_1_468' title='bbox 2620 2914 2888 2970; x_wconf 90' lang='lat' dir='ltr'><strong>insulsam</strong></span> <span class='ocrx_word' id='word_1_469' title='bbox 2933 2919 3082 2970; x_wconf 79' lang='lat' dir='ltr'><strong>&#39;certe</strong></span> <span class='ocrx_word' id='word_1_470' title='bbox 3126 2916 3207 2970; x_wconf 83' lang='lat' dir='ltr'><strong>vel</strong></span> <span class='ocrx_word' id='word_1_471' title='bbox 3243 2916 3577 2986; x_wconf 83' lang='lat' dir='ltr'><strong>imperitam.</strong></span> 
     </span>
    </p>
   </div>
   <div class='ocr_carea' id='block_1_61' title="bbox 1999 3001 3576 3068">
    <p class='ocr_par' dir='ltr' id='par_1_61' title="bbox 1999 3001 3576 3068">
     <span class='ocr_line' id='line_1_61' title="bbox 1999 3001 3576 3068; baseline 0.001 -11"><span class='ocrx_word' id='word_1_472' title='bbox 1999 3001 2469 3068; x_wconf 83' lang='lat' dir='ltr'><strong>Quemadmodum</strong></span> <span class='ocrx_word' id='word_1_473' title='bbox 2501 3005 2648 3058; x_wconf 92' lang='lat' dir='ltr'><strong>enim</strong></span> <span class='ocrx_word' id='word_1_474' title='bbox 2687 3019 2810 3058; x_wconf 91' lang='lat' dir='ltr'><strong>cum</strong></span> <span class='ocrx_word' id='word_1_475' title='bbox 2843 3004 2953 3057; x_wconf 90' lang='lat' dir='ltr'><strong>vita</strong></span> <span class='ocrx_word' id='word_1_476' title='bbox 2983 3005 3285 3059; x_wconf 89' lang='lat' dir='ltr'><strong>secundum</strong></span> <span class='ocrx_word' id='word_1_477' title='bbox 3325 3014 3576 3058; x_wconf 85' lang='lat' dir='ltr'><strong>naturam</strong></span> 
     </span>
    </p>
   </div>
   <div class='ocr_carea' id='block_1_62' title="bbox 313 3092 1899 3200">
    <p class='ocr_par' dir='ltr' id='par_1_62' title="bbox 313 3101 1898 3174">
     <span class='ocr_line' id='line_1_62' title="bbox 313 3101 1898 3174; baseline 0 -18"><span class='ocrx_word' id='word_1_478' title='bbox 313 3103 384 3156; x_wconf 74' lang='grc' dir='ltr'><strong>τὰ</strong></span> <span class='ocrx_word' id='word_1_479' title='bbox 417 3102 596 3156; x_wconf 79' lang='grc' dir='ltr'>πάντα</span> <span class='ocrx_word' id='word_1_480' title='bbox 633 3101 709 3171; x_wconf 82' lang='grc' dir='ltr'>τῷ</span> <span class='ocrx_word' id='word_1_481' title='bbox 734 3101 853 3173; x_wconf 86' lang='grc' dir='ltr'><strong>Θεῷ</strong></span> <span class='ocrx_word' id='word_1_482' title='bbox 885 3101 980 3154; x_wconf 70' lang='grc' dir='ltr'><strong>καὶ</strong></span> <span class='ocrx_word' id='word_1_483' title='bbox 1013 3101 1188 3173; x_wconf 76' lang='grc' dir='ltr'>Πατρί.</span> <span class='ocrx_word' id='word_1_484' title='bbox 1217 3101 1552 3172; x_wconf 84' lang='grc' dir='ltr'>κατήλλαξεν</span> <span class='ocrx_word' id='word_1_485' title='bbox 1584 3103 1612 3154; x_wconf 89' lang='lat'><strong>6</strong></span> <span class='ocrx_word' id='word_1_486' title='bbox 1641 3102 1788 3168; x_wconf 79' lang='grc' dir='ltr'>Υἰὺς,</span> <span class='ocrx_word' id='word_1_487' title='bbox 1821 3102 1898 3174; x_wconf 83' lang='grc' dir='ltr'>τῷ</span> 
     </span>
    </p>
   </div>
   <div class='ocr_carea' id='block_1_63' title="bbox 2002 3092 3580 3200">
    <p class='ocr_par' dir='ltr' id='par_1_63' title="bbox 2003 3092 3580 3168">
     <span class='ocr_line' id='line_1_63' title="bbox 2003 3092 3580 3168; baseline 0.001 -19"><span class='ocrx_word' id='word_1_488' title='bbox 2003 3095 2076 3149; x_wconf 91' lang='lat' dir='ltr'><strong>sit</strong></span> <span class='ocrx_word' id='word_1_489' title='bbox 2118 3092 2315 3157; x_wconf 83' lang='lat' dir='ltr'><strong>Filius,</strong></span> <span class='ocrx_word' id='word_1_490' title='bbox 2361 3105 2415 3150; x_wconf 89' lang='lat' dir='ltr'><strong>et.</strong></span> <span class='ocrx_word' id='word_1_491' title='bbox 2467 3097 2764 3164; x_wconf 86' lang='lat' dir='ltr'><strong>sapientia,</strong></span> <span class='ocrx_word' id='word_1_492' title='bbox 2809 3111 2872 3151; x_wconf 87' lang='lat' dir='ltr'><strong>ac</strong></span> <span class='ocrx_word' id='word_1_493' title='bbox 2906 3097 3103 3160; x_wconf 89' lang='lat' dir='ltr'><strong>virtus,</strong></span> <span class='ocrx_word' id='word_1_494' title='bbox 3145 3106 3198 3150; x_wconf 88' lang='lat' dir='ltr'><strong>et</strong></span> <span class='ocrx_word' id='word_1_495' title='bbox 3233 3095 3468 3168; x_wconf 80' lang='lat' dir='ltr'><strong>Spiritus</strong></span> <span class='ocrx_word' id='word_1_496' title='bbox 3508 3100 3580 3152; x_wconf 91' lang='lat' dir='ltr'><strong>sit</strong></span> 
     </span>
    </p>
   </div>
   <div class='ocr_carea' id='block_1_64' title="bbox 313 3191 1899 3266">
    <p class='ocr_par' dir='ltr' id='par_1_64' title="bbox 313 3191 1899 3266">
     <span class='ocr_line' id='line_1_64' title="bbox 313 3191 1899 3266; baseline 0.001 -20"><span class='ocrx_word' id='word_1_497' title='bbox 313 3194 389 3246; x_wconf 74' lang='grc' dir='ltr'>τέι</span> <span class='ocrx_word' id='word_1_498' title='bbox 420 3194 616 3247; x_wconf 80' lang='grc' dir='ltr'>ἑαυτοῦ</span> <span class='ocrx_word' id='word_1_499' title='bbox 648 3193 822 3247; x_wconf 79' lang='grc' dir='ltr'>θέλειν</span> <span class='ocrx_word' id='word_1_500' title='bbox 852 3194 945 3246; x_wconf 68' lang='grc' dir='ltr'><strong>καὶ</strong></span> <span class='ocrx_word' id='word_1_501' title='bbox 979 3191 1279 3262; x_wconf 78' lang='grc' dir='ltr'>βούλεσθαι,</span> <span class='ocrx_word' id='word_1_502' title='bbox 1322 3195 1462 3245; x_wconf 82' lang='grc' dir='ltr'>νοεῖν</span> <span class='ocrx_word' id='word_1_503' title='bbox 1493 3211 1553 3246; x_wconf 92' lang='grc' dir='ltr'><strong>τε</strong></span> <span class='ocrx_word' id='word_1_504' title='bbox 1599 3195 1690 3248; x_wconf 76' lang='grc' dir='ltr'><strong>καὶ</strong></span> <span class='ocrx_word' id='word_1_505' title='bbox 1725 3195 1899 3266; x_wconf 78' lang='grc' dir='ltr'>πράτ-</span> 
     </span>
    </p>
   </div>
   <div class='ocr_carea' id='block_1_65' title="bbox 314 3283 1900 3356">
    <p class='ocr_par' dir='ltr' id='par_1_65' title="bbox 314 3283 1900 3356">
     <span class='ocr_line' id='line_1_65' title="bbox 314 3283 1900 3356; baseline 0 -18"><span class='ocrx_word' id='word_1_506' title='bbox 314 3301 454 3344; x_wconf 74' lang='grc' dir='ltr'>τειν,</span> <span class='ocrx_word' id='word_1_507' title='bbox 490 3284 582 3337; x_wconf 74' lang='grc' dir='ltr'><strong>καὶ</strong></span> <span class='ocrx_word' id='word_1_508' title='bbox 619 3285 694 3356; x_wconf 82' lang='grc' dir='ltr'>μὴ</span> <span class='ocrx_word' id='word_1_509' title='bbox 737 3283 971 3353; x_wconf 78' lang='grc' dir='ltr'>ἑτέρωσέ</span> <span class='ocrx_word' id='word_1_510' title='bbox 1004 3300 1094 3336; x_wconf 86' lang='grc' dir='ltr'><strong>ποι</strong></span> <span class='ocrx_word' id='word_1_511' title='bbox 1123 3286 1320 3353; x_wconf 88' lang='grc' dir='ltr'>χωρεῖν</span> <span class='ocrx_word' id='word_1_512' title='bbox 1346 3285 1424 3346; x_wconf 88' lang='grc' dir='ltr'><strong>εἰς</strong></span> <span class='ocrx_word' id='word_1_513' title='bbox 1459 3284 1782 3348; x_wconf 79' lang='grc' dir='ltr'>ἀπόστασιν,</span> <span class='ocrx_word' id='word_1_514' title='bbox 1811 3285 1900 3338; x_wconf 80' lang='grc' dir='ltr'>διὰ</span> 
     </span>
    </p>
   </div>
   <div class='ocr_carea' id='block_1_66' title="bbox 315 3357 1900 3447">
    <p class='ocr_par' dir='ltr' id='par_1_66' title="bbox 315 3357 1900 3447">
     <span class='ocr_line' id='line_1_66' title="bbox 315 3357 1900 3447; baseline 0 -19"><span class='ocrx_word' id='word_1_515' title='bbox 315 3379 417 3447; x_wconf 71' lang='grc' dir='ltr'><strong>τῆς</strong></span> <span class='ocrx_word' id='word_1_516' title='bbox 445 3377 524 3438; x_wconf 82' lang='grc' dir='ltr'><strong>εἰς</strong></span> <span class='ocrx_word' id='word_1_517' title='bbox 551 3373 622 3427; x_wconf 73' lang='grc' dir='ltr'>τὰ</span> <span class='ocrx_word' id='word_1_518' title='bbox 666 3374 848 3442; x_wconf 88' lang='grc' dir='ltr'>φαῦλα</span> <span class='ocrx_word' id='word_1_519' title='bbox 891 3357 1270 3446; x_wconf 76' lang='grc' dir='ltr'>παρατροπῆς.</span> <span class='ocrx_word' id='word_1_520' title='bbox 1318 3375 1494 3427; x_wconf 73' lang='grc' dir='ltr'><strong>Λυπεί</strong></span> <span class='ocrx_word' id='word_1_521' title='bbox 1541 3375 1778 3429; x_wconf 77' lang='grc' dir='ltr'>δὲ“οῦδὲν</span> <span class='ocrx_word' id='word_1_522' title='bbox 1807 3375 1900 3429; x_wconf 76' lang='grc' dir='ltr'><strong>καί⁵</strong></span> 
     </span>
    </p>
   </div>
   <div class='ocr_carea' id='block_1_67' title="bbox 315 3464 1899 3540">
    <p class='ocr_par' dir='ltr' id='par_1_67' title="bbox 315 3464 1899 3540">
     <span class='ocr_line' id='line_1_67' title="bbox 315 3464 1899 3540; baseline 0.001 -21"><span class='ocrx_word' id='word_1_523' title='bbox 315 3465 579 3536; x_wconf 79' lang='grc' dir='ltr'>λογισμὸν</span> <span class='ocrx_word' id='word_1_524' title='bbox 611 3466 703 3518; x_wconf 72' lang='grc' dir='ltr'><strong>ἐπὶ</strong></span> <span class='ocrx_word' id='word_1_525' title='bbox 724 3467 901 3536; x_wconf 81' lang='grc' dir='ltr'>τούτῳ</span> <span class='ocrx_word' id='word_1_526' title='bbox 922 3464 1105 3518; x_wconf 74' lang='grc' dir='ltr'>λαϐεῖν</span> <span class='ocrx_word' id='word_1_527' title='bbox 1130 3467 1228 3517; x_wconf 74' lang='grc' dir='ltr'><strong>οὐκ</strong></span> <span class='ocrx_word' id='word_1_528' title='bbox 1253 3465 1529 3520; x_wconf 77' lang='grc' dir='ltr'>ἀσύνετον.</span> <span class='ocrx_word' id='word_1_529' title='bbox 1559 3468 1768 3539; x_wconf 81' lang='grc' dir='ltr'>Ὅνπερ</span> <span class='ocrx_word' id='word_1_530' title='bbox 1791 3469 1899 3540; x_wconf 77' lang='grc' dir='ltr'>γὰρ</span> 
     </span>
    </p>
   </div>
   <div class='ocr_carea' id='block_1_68' title="bbox 315 3552 1900 3628">
    <p class='ocr_par' dir='ltr' id='par_1_68' title="bbox 315 3552 1900 3628">
     <span class='ocr_line' id='line_1_68' title="bbox 315 3552 1900 3628; baseline 0.002 -18"><span class='ocrx_word' id='word_1_531' title='bbox 315 3557 522 3628; x_wconf 80' lang='grc' dir='ltr'>τρόπον</span> <span class='ocrx_word' id='word_1_532' title='bbox 566 3552 798 3628; x_wconf 73' lang='grc' dir='ltr'>ἐπείπερ</span> <span class='ocrx_word' id='word_1_533' title='bbox 848 3556 961 3628; x_wconf 77' lang='grc' dir='ltr'><strong>ζωὴ</strong></span> <span class='ocrx_word' id='word_1_534' title='bbox 999 3557 1140 3610; x_wconf 79' lang='grc' dir='ltr'>κατᾶ</span> <span class='ocrx_word' id='word_1_535' title='bbox 1169 3557 1328 3626; x_wconf 78' lang='grc' dir='ltr'>φύσιν</span> <span class='ocrx_word' id='word_1_536' title='bbox 1356 3559 1503 3611; x_wconf 71' lang='grc' dir='ltr'>ἐστὶν</span> <span class='ocrx_word' id='word_1_537' title='bbox 1533 3560 1560 3612; x_wconf 89' lang='lat'><strong>6</strong></span> <span class='ocrx_word' id='word_1_538' title='bbox 1593 3559 1721 3622; x_wconf 73' lang='grc' dir='ltr'>Υἰδς</span> <span class='ocrx_word' id='word_1_539' title='bbox 1743 3601 1756 3619; x_wconf 89' lang='grc'><strong>.</strong></span> <span class='ocrx_word' id='word_1_540' title='bbox 1807 3561 1900 3614; x_wconf 74' lang='grc' dir='ltr'><strong>καὶ</strong></span> 
     </span>
    </p>
   </div>
   <div class='ocr_carea' id='block_1_69' title="bbox 320 3645 1902 3718">
    <p class='ocr_par' dir='ltr' id='par_1_69' title="bbox 320 3645 1902 3718">
     <span class='ocr_line' id='line_1_69' title="bbox 320 3645 1902 3718; baseline 0.001 -19"><span class='ocrx_word' id='word_1_541' title='bbox 320 3647 486 3714; x_wconf 81' lang='grc' dir='ltr'>σοφία</span> <span class='ocrx_word' id='word_1_542' title='bbox 533 3649 627 3699; x_wconf 77' lang='grc' dir='ltr'><strong>καὶ</strong></span> <span class='ocrx_word' id='word_1_543' title='bbox 655 3646 882 3716; x_wconf 77' lang='grc' dir='ltr'>δύναμις</span> <span class='ocrx_word' id='word_1_544' title='bbox 924 3646 1171 3698; x_wconf 84' lang='grc' dir='ltr'>καλεῖται</span> <span class='ocrx_word' id='word_1_545' title='bbox 1205 3646 1260 3698; x_wconf 82' lang='grc' dir='ltr'>δὲ</span> <span class='ocrx_word' id='word_1_546' title='bbox 1293 3647 1386 3699; x_wconf 71' lang='grc' dir='ltr'><strong>καὶ</strong></span> <span class='ocrx_word' id='word_1_547' title='bbox 1419 3645 1535 3698; x_wconf 75' lang='grc' dir='ltr'>ἔστι</span> <span class='ocrx_word' id='word_1_548' title='bbox 1585 3647 1645 3699; x_wconf 74' lang='grc' dir='ltr'>τὸ</span> <span class='ocrx_word' id='word_1_549' title='bbox 1677 3647 1902 3718; x_wconf 86' lang='grc' dir='ltr'>Πνεῦμα</span> 
     </span>
    </p>
   </div>
   <div class='ocr_carea' id='block_1_70' title="bbox 319 3739 1897 3810">
    <p class='ocr_par' dir='ltr' id='par_1_70' title="bbox 319 3739 1897 3810">
     <span class='ocr_line' id='line_1_70' title="bbox 319 3739 1897 3810; baseline 0.001 -18"><span class='ocrx_word' id='word_1_550' title='bbox 319 3739 510 3806; x_wconf 77' lang='grc' dir='ltr'>αὑτοῦ,</span> <span class='ocrx_word' id='word_1_551' title='bbox 535 3739 758 3810; x_wconf 83' lang='grc' dir='ltr'>Πνεῦμά</span> <span class='ocrx_word' id='word_1_552' title='bbox 785 3741 898 3792; x_wconf 76' lang='grc' dir='ltr'>ἐστι</span> <span class='ocrx_word' id='word_1_553' title='bbox 923 3739 1087 3810; x_wconf 74' lang='grc' dir='ltr'>ζωῆς,</span> <span class='ocrx_word' id='word_1_554' title='bbox 1115 3740 1206 3791; x_wconf 70' lang='grc' dir='ltr'><strong>καὶ</strong></span> <span class='ocrx_word' id='word_1_555' title='bbox 1231 3739 1442 3808; x_wconf 80' lang='grc' dir='ltr'>σοφίας,</span> <span class='ocrx_word' id='word_1_556' title='bbox 1469 3740 1560 3792; x_wconf 71' lang='grc' dir='ltr'><strong>καὶ</strong></span> <span class='ocrx_word' id='word_1_557' title='bbox 1588 3740 1865 3808; x_wconf 78' lang='grc' dir='ltr'>δυνάμεως</span> <span class='ocrx_word' id='word_1_558' title='bbox 1885 3759 1897 3773; x_wconf 78' lang='grc' dir='ltr'><strong><em>ο</em></strong></span> 
     </span>
    </p>
   </div>
   <div class='ocr_carea' id='block_1_71' title="bbox 319 3827 1900 3902">
    <p class='ocr_par' dir='ltr' id='par_1_71' title="bbox 319 3827 1900 3902">
     <span class='ocr_line' id='line_1_71' title="bbox 319 3827 1900 3902; baseline 0.005 -25"><span class='ocrx_word' id='word_1_559' title='bbox 319 3827 495 3890; x_wconf 80' lang='grc' dir='ltr'>οὕτως</span> <span class='ocrx_word' id='word_1_560' title='bbox 543 3827 776 3898; x_wconf 74' lang='grc' dir='ltr'>ἐπείπερ</span> <span class='ocrx_word' id='word_1_561' title='bbox 820 3829 966 3880; x_wconf 71' lang='grc' dir='ltr'>ἐστὶν</span> <span class='ocrx_word' id='word_1_562' title='bbox 1001 3827 1163 3890; x_wconf 78' lang='grc' dir='ltr'>αὑτός</span> <span class='ocrx_word' id='word_1_563' title='bbox 1208 3845 1267 3880; x_wconf 87' lang='grc' dir='ltr'><strong>τε</strong></span> <span class='ocrx_word' id='word_1_564' title='bbox 1323 3829 1416 3882; x_wconf 79' lang='grc' dir='ltr'>καὶ</span> <span class='ocrx_word' id='word_1_565' title='bbox 1471 3829 1567 3900; x_wconf 85' lang='grc' dir='ltr'>οὐχ</span> <span class='ocrx_word' id='word_1_566' title='bbox 1618 3830 1823 3902; x_wconf 73' lang='grc' dir='ltr'>ἕτερος,</span> <span class='ocrx_word' id='word_1_567' title='bbox 1866 3833 1900 3902; x_wconf 86' lang='grc' dir='ltr'><strong>ή</strong></span> 
     </span>
    </p>
   </div>
   <div class='ocr_carea' id='block_1_72' title="bbox 321 3919 1904 3990">
    <p class='ocr_par' dir='ltr' id='par_1_72' title="bbox 321 3919 1904 3990">
     <span class='ocr_line' id='line_1_72' title="bbox 321 3919 1904 3990; baseline 0.003 -18"><span class='ocrx_word' id='word_1_568' title='bbox 321 3919 540 3987; x_wconf 79' lang='grc' dir='ltr'>ἀληθῶς</span> <span class='ocrx_word' id='word_1_569' title='bbox 561 3937 620 3972; x_wconf 89' lang='grc' dir='ltr'><strong>τε</strong></span> <span class='ocrx_word' id='word_1_570' title='bbox 651 3919 744 3971; x_wconf 74' lang='grc' dir='ltr'><strong>καὶ</strong></span> <span class='ocrx_word' id='word_1_571' title='bbox 775 3919 979 3990; x_wconf 85' lang='grc' dir='ltr'>κυρίως</span> <span class='ocrx_word' id='word_1_572' title='bbox 1001 3920 1214 3990; x_wconf 84' lang='grc' dir='ltr'>εἰρήνη,</span> <span class='ocrx_word' id='word_1_573' title='bbox 1248 3919 1444 3989; x_wconf 79' lang='grc' dir='ltr'>λέγοιτ’</span> <span class='ocrx_word' id='word_1_574' title='bbox 1467 3920 1533 3974; x_wconf 82' lang='grc' dir='ltr'>ἂν</span> <span class='ocrx_word' id='word_1_575' title='bbox 1561 3921 1785 3986; x_wconf 85' lang='grc' dir='ltr'>εἰκότως</span> <span class='ocrx_word' id='word_1_576' title='bbox 1809 3923 1904 3976; x_wconf 70' lang='grc' dir='ltr'>καὶ</span> 
     </span>
    </p>
   </div>
   <div class='ocr_carea' id='block_1_73' title="bbox 321 4009 1897 4083">
    <p class='ocr_par' dir='ltr' id='par_1_73' title="bbox 321 4009 1897 4083">
     <span class='ocr_line' id='line_1_73' title="bbox 321 4009 1897 4083; baseline 0.005 -20"><span class='ocrx_word' id='word_1_577' title='bbox 321 4013 498 4065; x_wconf 81' lang='grc' dir='ltr'>νοοῖτο</span> <span class='ocrx_word' id='word_1_578' title='bbox 547 4011 712 4064; x_wconf 80' lang='grc' dir='ltr'>πάλιν</span> <span class='ocrx_word' id='word_1_579' title='bbox 753 4010 874 4063; x_wconf 83' lang='grc' dir='ltr'>κατ’</span> <span class='ocrx_word' id='word_1_580' title='bbox 906 4009 1066 4063; x_wconf 72' lang='grc' dir='ltr'>αὐτὸν</span> <span class='ocrx_word' id='word_1_581' title='bbox 1115 4012 1308 4081; x_wconf 82' lang='grc' dir='ltr'>εἰρήνη</span> <span class='ocrx_word' id='word_1_582' title='bbox 1358 4011 1419 4064; x_wconf 76' lang='grc' dir='ltr'>τὸ</span> <span class='ocrx_word' id='word_1_583' title='bbox 1456 4013 1680 4083; x_wconf 88' lang='grc' dir='ltr'>Πνεῦμα</span> <span class='ocrx_word' id='word_1_584' title='bbox 1710 4014 1897 4072; x_wconf 80' lang='grc' dir='ltr'>αὐτοῦ.</span> 
     </span>
    </p>
   </div>
   <div class='ocr_carea' id='block_1_74' title="bbox 322 4103 1904 4178">
    <p class='ocr_par' dir='ltr' id='par_1_74' title="bbox 322 4103 1904 4178">
     <span class='ocr_line' id='line_1_74' title="bbox 322 4103 1904 4178; baseline 0.002 -22"><span class='ocrx_word' id='word_1_585' title='bbox 322 4104 425 4156; x_wconf 84' lang='grc' dir='ltr'>Διά</span> <span class='ocrx_word' id='word_1_586' title='bbox 444 4121 526 4156; x_wconf 86' lang='grc' dir='ltr'><strong>τοι</strong></span> <span class='ocrx_word' id='word_1_587' title='bbox 555 4103 710 4156; x_wconf 88' lang='grc' dir='ltr'>τοῦτο</span> <span class='ocrx_word' id='word_1_588' title='bbox 738 4103 833 4156; x_wconf 76' lang='grc' dir='ltr'><strong>καὶ</strong></span> <span class='ocrx_word' id='word_1_589' title='bbox 865 4103 1046 4166; x_wconf 85' lang='grc' dir='ltr'>ἰδικῶς</span> <span class='ocrx_word' id='word_1_590' title='bbox 1071 4104 1289 4167; x_wconf 74' lang='grc' dir='ltr'>ἀναθεὶς</span> <span class='ocrx_word' id='word_1_591' title='bbox 1305 4105 1588 4175; x_wconf 24' lang='grc' dir='ltr'>τῇρὲαυτοῦ</span> <span class='ocrx_word' id='word_1_592' title='bbox 1618 4106 1776 4175; x_wconf 84' lang='grc' dir='ltr'>φύσει</span> <span class='ocrx_word' id='word_1_593' title='bbox 1805 4107 1904 4178; x_wconf 82' lang='grc' dir='ltr'>τὴν</span> 
     </span>
    </p>
   </div>
   <div class='ocr_carea' id='block_1_75' title="bbox 328 4193 1904 4270">
    <p class='ocr_par' dir='ltr' id='par_1_75' title="bbox 328 4193 1904 4270">
     <span class='ocr_line' id='line_1_75' title="bbox 328 4193 1904 4270; baseline 0.005 -24"><span class='ocrx_word' id='word_1_594' title='bbox 328 4197 465 4249; x_wconf 80' lang='grc' dir='ltr'>ἰδίαν</span> <span class='ocrx_word' id='word_1_595' title='bbox 516 4197 758 4266; x_wconf 79' lang='grc' dir='ltr'>εἰρήνην,</span> <span class='ocrx_word' id='word_1_596' title='bbox 814 4193 964 4247; x_wconf 83' lang='grc' dir='ltr'>τοῦτ’</span> <span class='ocrx_word' id='word_1_597' title='bbox 993 4193 1107 4247; x_wconf 80' lang='grc' dir='ltr'>ἐστι</span> <span class='ocrx_word' id='word_1_598' title='bbox 1155 4195 1216 4247; x_wconf 84' lang='grc' dir='ltr'><strong>τὸ</strong></span> <span class='ocrx_word' id='word_1_599' title='bbox 1264 4195 1527 4266; x_wconf 87' lang='grc' dir='ltr'>Πνεῦμα,</span> <span class='ocrx_word' id='word_1_600' title='bbox 1582 4196 1729 4266; x_wconf 77' lang='grc' dir='ltr'>λέγει</span> <span class='ocrx_word' id='word_1_601' title='bbox 1775 4201 1904 4270; x_wconf 86' lang='grc' dir='ltr'><strong>περί</strong></span> 
     </span>
    </p>
   </div>
   <div class='ocr_carea' id='block_1_76' title="bbox 323 4285 1906 4358">
    <p class='ocr_par' dir='ltr' id='par_1_76' title="bbox 323 4285 1906 4358">
     <span class='ocr_line' id='line_1_76' title="bbox 323 4285 1906 4358; baseline 0.003 -18"><span class='ocrx_word' id='word_1_602' title='bbox 323 4287 492 4340; x_wconf 76' lang='grc' dir='ltr'>αὑτοῦ</span> <span class='ocrx_word' id='word_1_603' title='bbox 519 4303 532 4316; x_wconf 86' lang='grc'><strong>·</strong></span> <span class='ocrx_word' id='word_1_604' title='bbox 589 4306 608 4338; x_wconf 79' lang='grc' dir='ltr'><strong>ι</strong></span> <span class='ocrx_word' id='word_1_605' title='bbox 642 4287 877 4358; x_wconf 85' lang='grc' dir='ltr'>Εἰρήνην</span> <span class='ocrx_word' id='word_1_606' title='bbox 904 4286 1003 4356; x_wconf 82' lang='grc' dir='ltr'>τὴν</span> <span class='ocrx_word' id='word_1_607' title='bbox 1037 4285 1174 4357; x_wconf 79' lang='grc' dir='ltr'>ἐμὴν</span> <span class='ocrx_word' id='word_1_608' title='bbox 1205 4287 1409 4356; x_wconf 87' lang='grc' dir='ltr'>ἀφίημι</span> <span class='ocrx_word' id='word_1_609' title='bbox 1442 4287 1592 4357; x_wconf 81' lang='grc' dir='ltr'>ὑμῖν.</span> <span class='ocrx_word' id='word_1_610' title='bbox 1625 4308 1643 4339; x_wconf 75' lang='grc' dir='ltr'><strong>ι</strong></span> <span class='ocrx_word' id='word_1_611' title='bbox 1695 4291 1814 4344; x_wconf 86' lang='grc' dir='ltr'>’Ότι</span> <span class='ocrx_word' id='word_1_612' title='bbox 1848 4291 1906 4344; x_wconf 75' lang='grc' dir='ltr'>δὲ</span> 
     </span>
    </p>
   </div>
   <div class='ocr_carea' id='block_1_77' title="bbox 327 4374 1904 4449">
    <p class='ocr_par' dir='ltr' id='par_1_77' title="bbox 327 4374 1904 4449">
     <span class='ocr_line' id='line_1_77' title="bbox 327 4374 1904 4449; baseline 0.003 -20"><span class='ocrx_word' id='word_1_613' title='bbox 327 4379 422 4430; x_wconf 76' lang='grc' dir='ltr'><strong>καὶ</strong></span> <span class='ocrx_word' id='word_1_614' title='bbox 452 4377 600 4447; x_wconf 82' lang='grc' dir='ltr'><strong>παρά</strong></span> <span class='ocrx_word' id='word_1_615' title='bbox 633 4379 741 4440; x_wconf 86' lang='grc' dir='ltr'>τοῖς</span> <span class='ocrx_word' id='word_1_616' title='bbox 773 4376 945 4444; x_wconf 82' lang='grc' dir='ltr'>ἁγίοις</span> <span class='ocrx_word' id='word_1_617' title='bbox 977 4377 1282 4447; x_wconf 80' lang='grc' dir='ltr'>προφήταις</span> <span class='ocrx_word' id='word_1_618' title='bbox 1311 4374 1456 4430; x_wconf 73' lang='grc' dir='ltr'>οὕτω</span> <span class='ocrx_word' id='word_1_619' title='bbox 1487 4378 1904 4449; x_wconf 84' lang='grc' dir='ltr'>κατωνόμασται</span> 
     </span>
    </p>
   </div>
   <div class='ocr_carea' id='block_1_78' title="bbox 2004 3183 3632 3256">
    <p class='ocr_par' dir='ltr' id='par_1_78' title="bbox 2004 3183 3632 3256">
     <span class='ocr_line' id='line_1_78' title="bbox 2004 3183 3632 3256; baseline 0.002 -17"><span class='ocrx_word' id='word_1_620' title='bbox 2004 3195 2168 3255; x_wconf 79' lang='lat' dir='ltr'><strong>atque</strong></span> <span class='ocrx_word' id='word_1_621' title='bbox 2202 3193 2430 3241; x_wconf 83' lang='lat' dir='ltr'><strong>vocetur</strong></span> <span class='ocrx_word' id='word_1_622' title='bbox 2471 3187 2597 3256; x_wconf 86' lang='lat' dir='ltr'><strong>ejus</strong></span> <span class='ocrx_word' id='word_1_623' title='bbox 2631 3186 2894 3256; x_wconf 86' lang='lat' dir='ltr'><strong>Spiritus,</strong></span> <span class='ocrx_word' id='word_1_624' title='bbox 2933 3185 3170 3256; x_wconf 87' lang='lat' dir='ltr'><strong>Spiritus</strong></span> <span class='ocrx_word' id='word_1_625' title='bbox 3214 3197 3298 3242; x_wconf 90' lang='lat' dir='ltr'><strong>est</strong></span> <span class='ocrx_word' id='word_1_626' title='bbox 3340 3189 3483 3252; x_wconf 70' lang='lat' dir='ltr'><strong>vitae,</strong></span> <span class='ocrx_word' id='word_1_627' title='bbox 3525 3197 3580 3243; x_wconf 93' lang='lat' dir='ltr'><strong>et</strong></span> <span class='ocrx_word' id='word_1_628' title='bbox 3625 3183 3632 3190; x_wconf 78' lang='grc'><strong>’</strong></span> 
     </span>
    </p>
   </div>
   <div class='ocr_carea' id='block_1_79' title="bbox 2003 3276 3577 3347">
    <p class='ocr_par' dir='ltr' id='par_1_79' title="bbox 2003 3276 3577 3347">
     <span class='ocr_line' id='line_1_79' title="bbox 2003 3276 3577 3347; baseline 0.001 -16"><span class='ocrx_word' id='word_1_629' title='bbox 2003 3279 2308 3346; x_wconf 65' lang='lat' dir='ltr'><strong>sapientiae.</strong></span> <span class='ocrx_word' id='word_1_630' title='bbox 2361 3291 2426 3331; x_wconf 91' lang='lat' dir='ltr'><strong>ac</strong></span> <span class='ocrx_word' id='word_1_631' title='bbox 2467 3277 2686 3332; x_wconf 88' lang='lat' dir='ltr'><strong>virtutis</strong></span> <span class='ocrx_word' id='word_1_632' title='bbox 2737 3296 2750 3332; x_wconf 86' lang='lat'><strong>:</strong></span> <span class='ocrx_word' id='word_1_633' title='bbox 2796 3276 2870 3330; x_wconf 89' lang='lat' dir='ltr'><strong>ita</strong></span> <span class='ocrx_word' id='word_1_634' title='bbox 2915 3292 3040 3331; x_wconf 87' lang='lat' dir='ltr'><strong>cum</strong></span> <span class='ocrx_word' id='word_1_635' title='bbox 3077 3277 3150 3331; x_wconf 90' lang='lat' dir='ltr'><strong>sit</strong></span> <span class='ocrx_word' id='word_1_636' title='bbox 3187 3277 3304 3347; x_wconf 91' lang='lat' dir='ltr'><strong>ipse</strong></span> <span class='ocrx_word' id='word_1_637' title='bbox 3360 3290 3412 3332; x_wconf 91' lang='lat' dir='ltr'><strong>et</strong></span> <span class='ocrx_word' id='word_1_638' title='bbox 3470 3294 3577 3332; x_wconf 91' lang='lat' dir='ltr'><strong>non</strong></span> 
     </span>
    </p>
   </div>
   <div class='ocr_carea' id='block_1_80' title="bbox 2003 3368 3580 3440">
    <p class='ocr_par' dir='ltr' id='par_1_80' title="bbox 2003 3368 3580 3440">
     <span class='ocr_line' id='line_1_80' title="bbox 2003 3368 3580 3440; baseline 0.001 -17"><span class='ocrx_word' id='word_1_639' title='bbox 2003 3370 2143 3424; x_wconf 89' lang='lat' dir='ltr'><strong>alius</strong></span> <span class='ocrx_word' id='word_1_640' title='bbox 2172 3385 2300 3423; x_wconf 85' lang='lat' dir='ltr'><strong>vera</strong></span> <span class='ocrx_word' id='word_1_641' title='bbox 2329 3377 2381 3425; x_wconf 90' lang='lat' dir='ltr'><strong>et</strong></span> <span class='ocrx_word' id='word_1_642' title='bbox 2428 3371 2651 3440; x_wconf 90' lang='lat' dir='ltr'><strong>propria</strong></span> <span class='ocrx_word' id='word_1_643' title='bbox 2705 3385 2830 3440; x_wconf 83' lang='lat' dir='ltr'><strong>pax,</strong></span> <span class='ocrx_word' id='word_1_644' title='bbox 2861 3369 2985 3440; x_wconf 85' lang='lat' dir='ltr'><strong>jure</strong></span> <span class='ocrx_word' id='word_1_645' title='bbox 3033 3368 3248 3424; x_wconf 91' lang='lat' dir='ltr'><strong>dicetur</strong></span> <span class='ocrx_word' id='word_1_646' title='bbox 3281 3386 3344 3424; x_wconf 89' lang='lat' dir='ltr'><strong>ac</strong></span> <span class='ocrx_word' id='word_1_647' title='bbox 3381 3387 3580 3426; x_wconf 87' lang='lat' dir='ltr'><strong>cense-</strong></span> 
     </span>
    </p>
   </div>
   <div class='ocr_carea' id='block_1_81' title="bbox 2004 3459 3578 3531">
    <p class='ocr_par' dir='ltr' id='par_1_81' title="bbox 2004 3459 3578 3531">
     <span class='ocr_line' id='line_1_81' title="bbox 2004 3459 3578 3531; baseline 0.002 -17"><span class='ocrx_word' id='word_1_648' title='bbox 2004 3461 2157 3514; x_wconf 90' lang='lat' dir='ltr'><strong>bitur</strong></span> <span class='ocrx_word' id='word_1_649' title='bbox 2192 3461 2338 3515; x_wconf 87' lang='lat' dir='ltr'><strong>sicut</strong></span> <span class='ocrx_word' id='word_1_650' title='bbox 2385 3462 2502 3530; x_wconf 77' lang='lat' dir='ltr'><strong>ipse</strong></span> <span class='ocrx_word' id='word_1_651' title='bbox 2556 3477 2657 3531; x_wconf 80' lang='lat' dir='ltr'><strong>pax</strong></span> <span class='ocrx_word' id='word_1_652' title='bbox 2713 3459 2956 3531; x_wconf 89' lang='lat' dir='ltr'><strong>Spiritus</strong></span> <span class='ocrx_word' id='word_1_653' title='bbox 3003 3461 3141 3530; x_wconf 89' lang='lat' dir='ltr'><strong>ejus.</strong></span> <span class='ocrx_word' id='word_1_654' title='bbox 3176 3461 3409 3530; x_wconf 85' lang='lat' dir='ltr'><strong>Ideoque</strong></span> <span class='ocrx_word' id='word_1_655' title='bbox 3467 3476 3578 3517; x_wconf 79' lang='lat' dir='ltr'><strong>sua:</strong></span> 
     </span>
    </p>
   </div>
   <div class='ocr_carea' id='block_1_82' title="bbox 2004 3553 3578 3623">
    <p class='ocr_par' dir='ltr' id='par_1_82' title="bbox 2004 3553 3578 3623">
     <span class='ocr_line' id='line_1_82' title="bbox 2004 3553 3578 3623; baseline 0.001 -17"><span class='ocrx_word' id='word_1_656' title='bbox 2004 3553 2180 3622; x_wconf 85' lang='lat' dir='ltr'><strong>ipsius</strong></span> <span class='ocrx_word' id='word_1_657' title='bbox 2225 3561 2433 3607; x_wconf 61' lang='lat' dir='ltr'><strong>natura:</strong></span> <span class='ocrx_word' id='word_1_658' title='bbox 2484 3553 2763 3623; x_wconf 89' lang='lat' dir='ltr'><strong>propriam</strong></span> <span class='ocrx_word' id='word_1_659' title='bbox 2800 3567 2989 3623; x_wconf 86' lang='lat' dir='ltr'><strong>pacem</strong></span> <span class='ocrx_word' id='word_1_660' title='bbox 3039 3553 3391 3621; x_wconf 73' lang='lat' dir='ltr'><strong>peculiariter</strong></span> <span class='ocrx_word' id='word_1_661' title='bbox 3419 3557 3578 3607; x_wconf 88' lang='lat' dir='ltr'><strong>attri-</strong></span> 
     </span>
    </p>
   </div>
   <div class='ocr_carea' id='block_1_83' title="bbox 2001 3645 3580 3715">
    <p class='ocr_par' dir='ltr' id='par_1_83' title="bbox 2001 3645 3580 3715">
     <span class='ocr_line' id='line_1_83' title="bbox 2001 3645 3580 3715; baseline 0 -16"><span class='ocrx_word' id='word_1_662' title='bbox 2001 3645 2202 3711; x_wconf 82' lang='lat' dir='ltr'><strong>buens,</strong></span> <span class='ocrx_word' id='word_1_663' title='bbox 2258 3646 2312 3700; x_wconf 92' lang='lat' dir='ltr'><strong>id</strong></span> <span class='ocrx_word' id='word_1_664' title='bbox 2373 3652 2457 3700; x_wconf 91' lang='lat' dir='ltr'><strong>est</strong></span> <span class='ocrx_word' id='word_1_665' title='bbox 2505 3645 2805 3715; x_wconf 90' lang='lat' dir='ltr'><strong>Spiritum,</strong></span> <span class='ocrx_word' id='word_1_666' title='bbox 2843 3645 2914 3699; x_wconf 90' lang='lat' dir='ltr'><strong>de</strong></span> <span class='ocrx_word' id='word_1_667' title='bbox 2962 3646 3081 3713; x_wconf 86' lang='lat' dir='ltr'><strong>ipso</strong></span> <span class='ocrx_word' id='word_1_668' title='bbox 3136 3645 3213 3698; x_wconf 91' lang='lat' dir='ltr'><strong>ait</strong></span> <span class='ocrx_word' id='word_1_669' title='bbox 3252 3665 3264 3700; x_wconf 84' lang='lat'><strong>:</strong></span> <span class='ocrx_word' id='word_1_670' title='bbox 3308 3664 3326 3696; x_wconf 83' lang='grc' dir='ltr'><strong>ι</strong></span> <span class='ocrx_word' id='word_1_671' title='bbox 3379 3647 3580 3701; x_wconf 88' lang='lat' dir='ltr'><strong>Pacem</strong></span> 
     </span>
    </p>
   </div>
   <div class='ocr_carea' id='block_1_84' title="bbox 2005 3734 3589 3806">
    <p class='ocr_par' dir='ltr' id='par_1_84' title="bbox 2005 3734 3589 3806">
     <span class='ocr_line' id='line_1_84' title="bbox 2005 3734 3589 3806; baseline 0 -15"><span class='ocrx_word' id='word_1_672' title='bbox 2005 3752 2181 3791; x_wconf 84' lang='lat' dir='ltr'><strong>meam</strong></span> <span class='ocrx_word' id='word_1_673' title='bbox 2237 3737 2488 3805; x_wconf 87' lang='lat' dir='ltr'><strong>relinquo</strong></span> <span class='ocrx_word' id='word_1_674' title='bbox 2527 3737 2703 3791; x_wconf 85' lang='lat' dir='ltr'><strong>vobis.</strong></span> <span class='ocrx_word' id='word_1_675' title='bbox 2742 3755 2759 3787; x_wconf 75' lang='grc' dir='ltr'><strong>ι</strong></span> <span class='ocrx_word' id='word_1_676' title='bbox 2795 3734 2949 3800; x_wconf 85' lang='lat' dir='ltr'><strong>Quod</strong></span> <span class='ocrx_word' id='word_1_677' title='bbox 2997 3746 3178 3789; x_wconf 81' lang='lat' dir='ltr'><strong>autem</strong></span> <span class='ocrx_word' id='word_1_678' title='bbox 3225 3737 3392 3790; x_wconf 85' lang='lat' dir='ltr'><strong>etiam</strong></span> <span class='ocrx_word' id='word_1_679' title='bbox 3435 3737 3589 3806; x_wconf 80' lang='lat' dir='ltr'><strong>apud</strong></span> 
     </span>
    </p>
   </div>
   <div class='ocr_carea' id='block_1_85' title="bbox 2007 3825 3584 3898">
    <p class='ocr_par' dir='ltr' id='par_1_85' title="bbox 2007 3825 3584 3898">
     <span class='ocr_line' id='line_1_85' title="bbox 2007 3825 3584 3898; baseline -0.002 -16"><span class='ocrx_word' id='word_1_680' title='bbox 2007 3837 2230 3883; x_wconf 90' lang='lat' dir='ltr'><strong>sanctos</strong></span> <span class='ocrx_word' id='word_1_681' title='bbox 2262 3827 2558 3898; x_wconf 77' lang='lat' dir='ltr'><strong>prophetas</strong></span> <span class='ocrx_word' id='word_1_682' title='bbox 2609 3825 2679 3880; x_wconf 91' lang='lat' dir='ltr'><strong>ita</strong></span> <span class='ocrx_word' id='word_1_683' title='bbox 2712 3834 3066 3895; x_wconf 85' lang='lat' dir='ltr'><strong>nuncupatus</strong></span> <span class='ocrx_word' id='word_1_684' title='bbox 3111 3827 3182 3881; x_wconf 90' lang='lat' dir='ltr'><strong>sit</strong></span> <span class='ocrx_word' id='word_1_685' title='bbox 3219 3826 3424 3880; x_wconf 86' lang='lat' dir='ltr'><strong>Christi</strong></span> <span class='ocrx_word' id='word_1_686' title='bbox 3461 3826 3584 3896; x_wconf 82' lang='lat' dir='ltr'><strong>Spi-</strong></span> 
     </span>
    </p>
   </div>
   <div class='ocr_carea' id='block_1_86' title="bbox 2007 3915 3582 3987">
    <p class='ocr_par' dir='ltr' id='par_1_86' title="bbox 2007 3915 3582 3987">
     <span class='ocr_line' id='line_1_86' title="bbox 2007 3915 3582 3987; baseline -0.002 -14"><span class='ocrx_word' id='word_1_687' title='bbox 2007 3920 2168 3982; x_wconf 87' lang='lat' dir='ltr'><strong>ritus,</strong></span> <span class='ocrx_word' id='word_1_688' title='bbox 2197 3934 2261 3973; x_wconf 75' lang='lat' dir='ltr'><strong>ex</strong></span> <span class='ocrx_word' id='word_1_689' title='bbox 2300 3918 2459 3973; x_wconf 74' lang='lat' dir='ltr'><strong>Isaia:</strong></span> <span class='ocrx_word' id='word_1_690' title='bbox 2500 3917 2682 3971; x_wconf 86' lang='lat' dir='ltr'><strong>verbis</strong></span> <span class='ocrx_word' id='word_1_691' title='bbox 2728 3926 2880 3970; x_wconf 86' lang='lat' dir='ltr'><strong>recte</strong></span> <span class='ocrx_word' id='word_1_692' title='bbox 2925 3917 3240 3987; x_wconf 79' lang='lat' dir='ltr'><strong>intelliges:</strong></span> <span class='ocrx_word' id='word_1_693' title='bbox 3271 3934 3288 3966; x_wconf 82' lang='grc' dir='ltr'><strong>ι</strong></span> <span class='ocrx_word' id='word_1_694' title='bbox 3329 3915 3582 3978; x_wconf 84' lang='lat' dir='ltr'><strong>Domine,</strong></span> 
     </span>
    </p>
   </div>
   <div class='ocr_carea' id='block_1_87' title="bbox 2008 4008 3608 4081">
    <p class='ocr_par' dir='ltr' id='par_1_87' title="bbox 2008 4008 3608 4081">
     <span class='ocr_line' id='line_1_87' title="bbox 2008 4008 3608 4081; baseline -0.002 -14"><span class='ocrx_word' id='word_1_695' title='bbox 2008 4013 2189 4081; x_wconf 82' lang='lat' dir='ltr'><strong>inquit</strong></span> <span class='ocrx_word' id='word_1_696' title='bbox 2221 4011 2389 4072; x_wconf 85' lang='lat' dir='ltr'><strong>enim,</strong></span> <span class='ocrx_word' id='word_1_697' title='bbox 2420 4009 2563 4065; x_wconf 79' lang='lat' dir='ltr'><strong>Deus</strong></span> <span class='ocrx_word' id='word_1_698' title='bbox 2596 4016 2806 4070; x_wconf 90' lang='lat' dir='ltr'><strong>noster,</strong></span> <span class='ocrx_word' id='word_1_699' title='bbox 2845 4024 3033 4077; x_wconf 83' lang='lat' dir='ltr'><strong>pacem</strong></span> <span class='ocrx_word' id='word_1_700' title='bbox 3063 4008 3130 4061; x_wconf 92' lang='lat' dir='ltr'><strong>da</strong></span> <span class='ocrx_word' id='word_1_701' title='bbox 3163 4009 3321 4062; x_wconf 91' lang='lat' dir='ltr'><strong>nobis</strong></span> <span class='ocrx_word' id='word_1_702' title='bbox 3354 4028 3365 4062; x_wconf 87' lang='lat'><strong>:</strong></span> <span class='ocrx_word' id='word_1_703' title='bbox 3397 4010 3608 4064; x_wconf 64' lang='lat' dir='ltr'><strong>omnia.</strong></span> 
     </span>
    </p>
   </div>
   <div class='ocr_carea' id='block_1_88' title="bbox 2005 4101 3585 4166">
    <p class='ocr_par' dir='ltr' id='par_1_88' title="bbox 2005 4101 3585 4166">
     <span class='ocr_line' id='line_1_88' title="bbox 2005 4101 3585 4166; baseline -0.002 -7"><span class='ocrx_word' id='word_1_704' title='bbox 2005 4105 2150 4162; x_wconf 87' lang='lat' dir='ltr'><strong>enim</strong></span> <span class='ocrx_word' id='word_1_705' title='bbox 2205 4103 2491 4157; x_wconf 90' lang='lat' dir='ltr'><strong>reddidisti</strong></span> <span class='ocrx_word' id='word_1_706' title='bbox 2546 4103 2704 4158; x_wconf 89' lang='lat' dir='ltr'><strong>nobis</strong></span> <span class='ocrx_word' id='word_1_707' title='bbox 2725 4104 2792 4158; x_wconf 68' lang='grc'><strong>⁸⁷.</strong></span> <span class='ocrx_word' id='word_1_708' title='bbox 2838 4121 2853 4152; x_wconf 84' lang='grc' dir='ltr'><strong>ι</strong></span> <span class='ocrx_word' id='word_1_709' title='bbox 2901 4101 3069 4166; x_wconf 85' lang='lat' dir='ltr'><strong>Quasi</strong></span> <span class='ocrx_word' id='word_1_710' title='bbox 3118 4102 3263 4156; x_wconf 90' lang='lat' dir='ltr'><strong>enim</strong></span> <span class='ocrx_word' id='word_1_711' title='bbox 3311 4101 3398 4156; x_wconf 72' lang='lat' dir='ltr'><strong>lex</strong></span> <span class='ocrx_word' id='word_1_712' title='bbox 3449 4103 3585 4156; x_wconf 89' lang='lat' dir='ltr'><strong>nihil</strong></span> 
     </span>
    </p>
   </div>
   <div class='ocr_carea' id='block_1_89' title="bbox 2009 4193 3584 4270">
    <p class='ocr_par' dir='ltr' id='par_1_89' title="bbox 2009 4193 3584 4270">
     <span class='ocr_line' id='line_1_89' title="bbox 2009 4193 3584 4270; baseline -0.001 -21"><span class='ocrx_word' id='word_1_713' title='bbox 2009 4197 2075 4250; x_wconf 89' lang='lat' dir='ltr'><strong>ad</strong></span> <span class='ocrx_word' id='word_1_714' title='bbox 2113 4196 2414 4266; x_wconf 82' lang='lat' dir='ltr'><strong>perfectum</strong></span> <span class='ocrx_word' id='word_1_715' title='bbox 2449 4195 2758 4270; x_wconf 76' lang='lat' dir='ltr'><strong>adduxerit,</strong></span> <span class='ocrx_word' id='word_1_716' title='bbox 2806 4209 2983 4263; x_wconf 91' lang='lat' dir='ltr'><strong>neque</strong></span> <span class='ocrx_word' id='word_1_717' title='bbox 3020 4193 3157 4247; x_wconf 89' lang='lat' dir='ltr'><strong>adeo</strong></span> <span class='ocrx_word' id='word_1_718' title='bbox 3187 4193 3419 4248; x_wconf 77' lang='lat' dir='ltr'><strong>sufficiat</strong></span> <span class='ocrx_word' id='word_1_719' title='bbox 3460 4195 3584 4262; x_wconf 85' lang='lat' dir='ltr'><strong>ejus</strong></span> 
     </span>
    </p>
   </div>
   <div class='ocr_carea' id='block_1_90' title="bbox 2005 4277 3583 4358">
    <p class='ocr_par' dir='ltr' id='par_1_90' title="bbox 2005 4277 3583 4358">
     <span class='ocr_line' id='line_1_90' title="bbox 2005 4277 3583 4358; baseline -0.001 -16"><span class='ocrx_word' id='word_1_720' title='bbox 2005 4288 2245 4358; x_wconf 88' lang='lat' dir='ltr'><strong>justitia,</strong></span> <span class='ocrx_word' id='word_1_721' title='bbox 2276 4277 2336 4341; x_wconf 87' lang='lat' dir='ltr'><strong>ut</strong></span> <span class='ocrx_word' id='word_1_722' title='bbox 2369 4287 2434 4341; x_wconf 90' lang='lat' dir='ltr'><strong>ad</strong></span> <span class='ocrx_word' id='word_1_723' title='bbox 2472 4287 2846 4356; x_wconf 84' lang='lat' dir='ltr'><strong>plenissimam</strong></span> <span class='ocrx_word' id='word_1_724' title='bbox 2870 4293 2926 4339; x_wconf 91' lang='lat' dir='ltr'><strong>et</strong></span> <span class='ocrx_word' id='word_1_725' title='bbox 2971 4285 3430 4354; x_wconf 81' lang='lat' dir='ltr'><strong>perfectissimam</strong></span> <span class='ocrx_word' id='word_1_726' title='bbox 3466 4288 3583 4356; x_wconf 87' lang='lat' dir='ltr'><strong>pie-</strong></span> 
     </span>
    </p>
   </div>
   <div class='ocr_carea' id='block_1_91' title="bbox 2009 4377 3582 4446">
    <p class='ocr_par' dir='ltr' id='par_1_91' title="bbox 2009 4377 3582 4446">
     <span class='ocr_line' id='line_1_91' title="bbox 2009 4377 3582 4446; baseline -0.003 -13"><span class='ocrx_word' id='word_1_727' title='bbox 2009 4389 2176 4434; x_wconf 86' lang='lat' dir='ltr'><strong>tatem</strong></span> <span class='ocrx_word' id='word_1_728' title='bbox 2236 4381 2510 4434; x_wconf 82' lang='lat' dir='ltr'><strong>hominem</strong></span> <span class='ocrx_word' id='word_1_729' title='bbox 2567 4387 2807 4441; x_wconf 82' lang='lat' dir='ltr'><strong>revocet,</strong></span> <span class='ocrx_word' id='word_1_730' title='bbox 2853 4378 3098 4430; x_wconf 82' lang='lat' dir='ltr'><strong>divinum</strong></span> <span class='ocrx_word' id='word_1_731' title='bbox 3158 4378 3275 4431; x_wconf 89' lang='lat' dir='ltr'><strong>dari</strong></span> <span class='ocrx_word' id='word_1_732' title='bbox 3318 4377 3582 4446; x_wconf 88' lang='lat' dir='ltr'><strong>Spiritttm</strong></span> 
     </span>
    </p>
   </div>
   <div class='ocr_carea' id='block_1_92' title="bbox 281 4463 1899 4542">
    <p class='ocr_par' dir='ltr' id='par_1_92' title="bbox 281 4463 1899 4542">
     <span class='ocr_line' id='line_1_92' title="bbox 281 4463 1899 4542; baseline 0.004 -23"><span class='ocrx_word' id='word_1_733' title='bbox 281 4488 286 4492; x_wconf 92' lang='grc'>·</span> <span class='ocrx_word' id='word_1_734' title='bbox 325 4469 389 4520; x_wconf 65' lang='grc' dir='ltr'>τὸ</span> <span class='ocrx_word' id='word_1_735' title='bbox 423 4468 643 4536; x_wconf 79' lang='grc' dir='ltr'>Πνεῦμα</span> <span class='ocrx_word' id='word_1_736' title='bbox 669 4467 926 4537; x_wconf 86' lang='grc' dir='ltr'>Χριστοῦ,</span> <span class='ocrx_word' id='word_1_737' title='bbox 971 4463 1308 4538; x_wconf 83' lang='grc' dir='ltr'>συνήσειςέῦ</span> <span class='ocrx_word' id='word_1_738' title='bbox 1343 4468 1485 4538; x_wconf 82' lang='grc' dir='ltr'>μάλα</span> <span class='ocrx_word' id='word_1_739' title='bbox 1513 4468 1574 4521; x_wconf 87' lang='grc' dir='ltr'><strong>τὸ</strong></span> <span class='ocrx_word' id='word_1_740' title='bbox 1605 4469 1692 4523; x_wconf 81' lang='grc' dir='ltr'>διὰ</span> <span class='ocrx_word' id='word_1_741' title='bbox 1719 4471 1899 4542; x_wconf 80' lang='grc' dir='ltr'>φωνῆς</span> 
     </span>
    </p>
   </div>
   <div class='ocr_carea' id='block_1_93' title="bbox 2002 4463 3587 4542">
    <p class='ocr_par' dir='ltr' id='par_1_93' title="bbox 2016 4469 3587 4541">
     <span class='ocr_line' id='line_1_93' title="bbox 2016 4469 3587 4541; baseline -0.001 -15"><span class='ocrx_word' id='word_1_742' title='bbox 2016 4471 2245 4541; x_wconf 72' lang='lat' dir='ltr'><strong>ﬂagitat,</strong></span> <span class='ocrx_word' id='word_1_743' title='bbox 2291 4485 2388 4541; x_wconf 78' lang='lat' dir='ltr'><strong>per</strong></span> <span class='ocrx_word' id='word_1_744' title='bbox 2433 4487 2594 4541; x_wconf 91' lang='lat' dir='ltr'><strong>quem</strong></span> <span class='ocrx_word' id='word_1_745' title='bbox 2656 4470 2992 4525; x_wconf 89' lang='lat' dir='ltr'><strong>reconciliati</strong></span> <span class='ocrx_word' id='word_1_746' title='bbox 3051 4469 3164 4525; x_wconf 89' lang='lat' dir='ltr'><strong>Deo</strong></span> <span class='ocrx_word' id='word_1_747' title='bbox 3209 4485 3272 4524; x_wconf 92' lang='lat' dir='ltr'><strong>ac</strong></span> <span class='ocrx_word' id='word_1_748' title='bbox 3331 4469 3480 4524; x_wconf 88' lang='lat' dir='ltr'><strong>Patri</strong></span> <span class='ocrx_word' id='word_1_749' title='bbox 3519 4472 3587 4524; x_wconf 89' lang='lat' dir='ltr'><strong>ad</strong></span> 
     </span>
    </p>
   </div>
   <div class='ocr_carea' id='block_1_94' title="bbox 337 4555 1903 4630">
    <p class='ocr_par' dir='ltr' id='par_1_94' title="bbox 337 4555 1903 4630">
     <span class='ocr_line' id='line_1_94' title="bbox 337 4555 1903 4630; baseline 0 -20"><span class='ocrx_word' id='word_1_750' title='bbox 337 4558 566 4610; x_wconf 79' lang='grc' dir='ltr'>Ἡσαΐου</span> <span class='ocrx_word' id='word_1_751' title='bbox 611 4556 794 4625; x_wconf 86' lang='grc' dir='ltr'>μαθών</span> <span class='ocrx_word' id='word_1_752' title='bbox 816 4572 830 4585; x_wconf 75' lang='grc' dir='ltr'><strong>ο</strong></span> <span class='ocrx_word' id='word_1_753' title='bbox 871 4575 888 4606; x_wconf 85' lang='grc' dir='ltr'><strong>ι</strong></span> <span class='ocrx_word' id='word_1_754' title='bbox 914 4555 1086 4626; x_wconf 71' lang='grc' dir='ltr'>Κύριε</span> <span class='ocrx_word' id='word_1_755' title='bbox 1118 4555 1244 4628; x_wconf 71' lang='grc' dir='ltr'>γὰρ,</span> <span class='ocrx_word' id='word_1_756' title='bbox 1281 4557 1466 4627; x_wconf 72' lang='grc' dir='ltr'>φησὶν,</span> <span class='ocrx_word' id='word_1_757' title='bbox 1500 4557 1528 4608; x_wconf 91' lang='lat'><strong>6</strong></span> <span class='ocrx_word' id='word_1_758' title='bbox 1557 4557 1690 4616; x_wconf 74' lang='grc' dir='ltr'>Θεὸς</span> <span class='ocrx_word' id='word_1_759' title='bbox 1724 4560 1903 4630; x_wconf 80' lang='grc' dir='ltr'>ἡμῶν,</span> 
     </span>
    </p>
   </div>
   <div class='ocr_carea' id='block_1_95' title="bbox 327 4645 1910 4718">
    <p class='ocr_par' dir='ltr' id='par_1_95' title="bbox 327 4645 1910 4718">
     <span class='ocr_line' id='line_1_95' title="bbox 327 4645 1910 4718; baseline 0.003 -22"><span class='ocrx_word' id='word_1_760' title='bbox 327 4647 552 4716; x_wconf 85' lang='grc' dir='ltr'>εἰρήνην</span> <span class='ocrx_word' id='word_1_761' title='bbox 581 4645 667 4708; x_wconf 84' lang='grc' dir='ltr'><strong>δὸς</strong></span> <span class='ocrx_word' id='word_1_762' title='bbox 696 4645 824 4715; x_wconf 88' lang='grc' dir='ltr'>ήμῖν</span> <span class='ocrx_word' id='word_1_763' title='bbox 851 4661 864 4675; x_wconf 87' lang='grc'><strong>·</strong></span> <span class='ocrx_word' id='word_1_764' title='bbox 898 4645 1075 4698; x_wconf 81' lang='grc' dir='ltr'>πάντα</span> <span class='ocrx_word' id='word_1_765' title='bbox 1105 4645 1214 4715; x_wconf 85' lang='grc' dir='ltr'>γὰρ</span> <span class='ocrx_word' id='word_1_766' title='bbox 1243 4646 1530 4710; x_wconf 84' lang='grc' dir='ltr'>ἀπέδωκας</span> <span class='ocrx_word' id='word_1_767' title='bbox 1562 4649 1710 4718; x_wconf 74' lang='grc' dir='ltr'>ἡμῖν.</span> <span class='ocrx_word' id='word_1_768' title='bbox 1744 4668 1762 4699; x_wconf 82' lang='grc'>›</span> <span class='ocrx_word' id='word_1_769' title='bbox 1821 4650 1910 4714; x_wconf 84' lang='grc' dir='ltr'>Ὠς</span> 
     </span>
    </p>
   </div>
   <div class='ocr_carea' id='block_1_96' title="bbox 328 4737 1910 4812">
    <p class='ocr_par' dir='ltr' id='par_1_96' title="bbox 328 4737 1910 4812">
     <span class='ocr_line' id='line_1_96' title="bbox 328 4737 1910 4812; baseline 0.001 -20"><span class='ocrx_word' id='word_1_770' title='bbox 328 4741 438 4808; x_wconf 73' lang='grc' dir='ltr'><strong>γὰρ</strong></span> <span class='ocrx_word' id='word_1_771' title='bbox 469 4739 621 4792; x_wconf 73' lang='grc' dir='ltr'>οὐδὲν</span> <span class='ocrx_word' id='word_1_772' title='bbox 650 4737 744 4791; x_wconf 88' lang='grc' dir='ltr'><strong>τοῦ</strong></span> <span class='ocrx_word' id='word_1_773' title='bbox 779 4737 948 4808; x_wconf 82' lang='grc' dir='ltr'>νόμου</span> <span class='ocrx_word' id='word_1_774' title='bbox 977 4737 1408 4803; x_wconf 73' lang='grc' dir='ltr'>τετελειωκότος,</span> <span class='ocrx_word' id='word_1_775' title='bbox 1453 4738 1576 4792; x_wconf 71' lang='grc' dir='ltr'>οὔτε</span> <span class='ocrx_word' id='word_1_776' title='bbox 1611 4741 1716 4812; x_wconf 81' lang='grc' dir='ltr'>μὴν</span> <span class='ocrx_word' id='word_1_777' title='bbox 1749 4741 1910 4812; x_wconf 79' lang='grc' dir='ltr'>ἐξαρ-</span> 
     </span>
    </p>
   </div>
   <div class='ocr_carea' id='block_1_97' title="bbox 329 4827 1926 4904">
    <p class='ocr_par' dir='ltr' id='par_1_97' title="bbox 329 4827 1926 4904">
     <span class='ocr_line' id='line_1_97' title="bbox 329 4827 1926 4904; baseline 0.005 -25"><span class='ocrx_word' id='word_1_778' title='bbox 329 4829 535 4898; x_wconf 79' lang='grc' dir='ltr'>κοῦσης</span> <span class='ocrx_word' id='word_1_779' title='bbox 563 4828 661 4898; x_wconf 85' lang='grc' dir='ltr'>τῆς</span> <span class='ocrx_word' id='word_1_780' title='bbox 699 4827 818 4881; x_wconf 87' lang='grc' dir='ltr'>κατ’</span> <span class='ocrx_word' id='word_1_781' title='bbox 851 4828 1014 4882; x_wconf 83' lang='grc' dir='ltr'>αὑτὸν</span> <span class='ocrx_word' id='word_1_782' title='bbox 1040 4829 1387 4900; x_wconf 74' lang='grc' dir='ltr'>δικαιοσύνης</span> <span class='ocrx_word' id='word_1_783' title='bbox 1421 4831 1499 4893; x_wconf 85' lang='grc' dir='ltr'><strong>εἰς</strong></span> <span class='ocrx_word' id='word_1_784' title='bbox 1531 4831 1926 4904; x_wconf 77' lang='grc' dir='ltr'>πληρεστάτην·</span> 
     </span>
    </p>
   </div>
   <div class='ocr_carea' id='block_1_98' title="bbox 331 4922 1912 4996">
    <p class='ocr_par' dir='ltr' id='par_1_98' title="bbox 331 4922 1912 4996">
     <span class='ocr_line' id='line_1_98' title="bbox 331 4922 1912 4996; baseline 0.004 -23"><span class='ocrx_word' id='word_1_785' title='bbox 331 4922 613 4975; x_wconf 75' lang='grc' dir='ltr'>εὐσέϐειαν</span> <span class='ocrx_word' id='word_1_786' title='bbox 640 4922 972 4992; x_wconf 84' lang='grc' dir='ltr'>ἀνακομίσαι</span> <span class='ocrx_word' id='word_1_787' title='bbox 1017 4922 1107 4975; x_wconf 76' lang='grc' dir='ltr'>τὸν</span> <span class='ocrx_word' id='word_1_788' title='bbox 1138 4923 1441 4994; x_wconf 75' lang='grc' dir='ltr'>ἄνθρωπον,</span> <span class='ocrx_word' id='word_1_789' title='bbox 1485 4925 1544 4978; x_wconf 84' lang='grc' dir='ltr'><strong>τὸ</strong></span> <span class='ocrx_word' id='word_1_790' title='bbox 1595 4925 1822 4996; x_wconf 86' lang='grc' dir='ltr'>Πνεῦμα</span> <span class='ocrx_word' id='word_1_791' title='bbox 1849 4927 1912 4980; x_wconf 80' lang='grc' dir='ltr'>τὸ</span> 
     </span>
    </p>
   </div>
   <div class='ocr_carea' id='block_1_99' title="bbox 330 5010 1911 5090">
    <p class='ocr_par' dir='ltr' id='par_1_99' title="bbox 330 5010 1911 5090">
     <span class='ocr_line' id='line_1_99' title="bbox 330 5010 1911 5090; baseline 0.004 -25"><span class='ocrx_word' id='word_1_792' title='bbox 330 5015 472 5066; x_wconf 66' lang='grc' dir='ltr'>Οεῖον</span> <span class='ocrx_word' id='word_1_793' title='bbox 518 5015 735 5084; x_wconf 81' lang='grc' dir='ltr'>δοθῆναι</span> <span class='ocrx_word' id='word_1_794' title='bbox 783 5015 1124 5086; x_wconf 82' lang='grc' dir='ltr'>παρακαλεῖ,</span> <span class='ocrx_word' id='word_1_795' title='bbox 1165 5017 1230 5069; x_wconf 90' lang='grc' dir='ltr'>δι’</span> <span class='ocrx_word' id='word_1_796' title='bbox 1270 5010 1340 5069; x_wconf 76' lang='grc' dir='ltr'><strong>οῦ</strong></span> <span class='ocrx_word' id='word_1_797' title='bbox 1367 5018 1804 5090; x_wconf 87' lang='grc' dir='ltr'>κατηλλαγμένοι</span> <span class='ocrx_word' id='word_1_798' title='bbox 1833 5019 1911 5090; x_wconf 82' lang='grc' dir='ltr'>τῷ</span> 
     </span>
    </p>
   </div>
   <div class='ocr_carea' id='block_1_100' title="bbox 329 5105 1912 5180">
    <p class='ocr_par' dir='ltr' id='par_1_100' title="bbox 329 5105 1912 5180">
     <span class='ocr_line' id='line_1_100' title="bbox 329 5105 1912 5180; baseline 0.005 -24"><span class='ocrx_word' id='word_1_799' title='bbox 329 5105 450 5176; x_wconf 81' lang='grc' dir='ltr'>Θεῷ</span> <span class='ocrx_word' id='word_1_800' title='bbox 476 5107 569 5160; x_wconf 74' lang='grc' dir='ltr'><strong>καί</strong></span> <span class='ocrx_word' id='word_1_801' title='bbox 591 5107 765 5176; x_wconf 79' lang='grc' dir='ltr'>Πατρὶ</span> <span class='ocrx_word' id='word_1_802' title='bbox 797 5107 933 5177; x_wconf 81' lang='grc' dir='ltr'>πρὸς</span> <span class='ocrx_word' id='word_1_803' title='bbox 968 5107 1147 5176; x_wconf 82' lang='grc' dir='ltr'>φιλίαν</span> <span class='ocrx_word' id='word_1_804' title='bbox 1175 5109 1614 5180; x_wconf 79' lang='grc' dir='ltr'>ἀνακεκλήμεοα,</span> <span class='ocrx_word' id='word_1_805' title='bbox 1647 5110 1912 5179; x_wconf 78' lang='grc' dir='ltr'>δραπέται</span> 
     </span>
    </p>
   </div>
   <div class='ocr_carea' id='block_1_101' title="bbox 331 5198 1911 5271">
    <p class='ocr_par' dir='ltr' id='par_1_101' title="bbox 331 5198 1911 5271">
     <span class='ocr_line' id='line_1_101' title="bbox 331 5198 1911 5271; baseline 0.003 -21"><span class='ocrx_word' id='word_1_806' title='bbox 331 5199 390 5250; x_wconf 75' lang='grc' dir='ltr'>τὸ</span> <span class='ocrx_word' id='word_1_807' title='bbox 420 5201 547 5268; x_wconf 72' lang='grc' dir='ltr'>πρὶν</span> <span class='ocrx_word' id='word_1_808' title='bbox 581 5198 1012 5266; x_wconf 85' lang='grc' dir='ltr'>ἀναδεδειγμένοι</span> <span class='ocrx_word' id='word_1_809' title='bbox 1043 5199 1128 5252; x_wconf 71' lang='grc' dir='ltr'>διὰ</span> <span class='ocrx_word' id='word_1_810' title='bbox 1158 5199 1257 5270; x_wconf 84' lang='grc' dir='ltr'><strong>τήν</strong></span> <span class='ocrx_word' id='word_1_811' title='bbox 1284 5203 1366 5267; x_wconf 76' lang='grc' dir='ltr'><strong>ἐφ’</strong></span> <span class='ocrx_word' id='word_1_812' title='bbox 1400 5202 1546 5271; x_wconf 71' lang='grc' dir='ltr'>ἡμᾶς</span> <span class='ocrx_word' id='word_1_813' title='bbox 1597 5201 1911 5270; x_wconf 77' lang='grc' dir='ltr'>βασιλεύου-</span> 
     </span>
    </p>
   </div>
   <div class='ocr_carea' id='block_1_102' title="bbox 336 5290 1910 5364">
    <p class='ocr_par' dir='ltr' id='par_1_102' title="bbox 336 5290 1910 5364">
     <span class='ocr_line' id='line_1_102' title="bbox 336 5290 1910 5364; baseline 0.004 -24"><span class='ocrx_word' id='word_1_814' title='bbox 336 5308 433 5343; x_wconf 77' lang='grc' dir='ltr'><strong>σαν</strong></span> <span class='ocrx_word' id='word_1_815' title='bbox 493 5291 790 5360; x_wconf 82' lang='grc' dir='ltr'>ἁμαρτίαν.</span> <span class='ocrx_word' id='word_1_816' title='bbox 839 5290 937 5353; x_wconf 75' lang='grc' dir='ltr'><strong>Δὸς</strong></span> <span class='ocrx_word' id='word_1_817' title='bbox 987 5291 1276 5362; x_wconf 78' lang='grc' dir='ltr'>τοιγαροῦν</span> <span class='ocrx_word' id='word_1_818' title='bbox 1329 5292 1425 5362; x_wconf 81' lang='grc' dir='ltr'><strong>τὴν</strong></span> <span class='ocrx_word' id='word_1_819' title='bbox 1473 5294 1695 5363; x_wconf 83' lang='grc' dir='ltr'>εἰρήνην</span> <span class='ocrx_word' id='word_1_820' title='bbox 1742 5295 1910 5364; x_wconf 83' lang='grc' dir='ltr'>ἡμῖν,</span> 
     </span>
    </p>
   </div>
   <div class='ocr_carea' id='block_1_103' title="bbox 335 5377 1911 5454">
    <p class='ocr_par' dir='ltr' id='par_1_103' title="bbox 335 5377 1911 5454">
     <span class='ocr_line' id='line_1_103' title="bbox 335 5377 1911 5454; baseline 0.001 -19"><span class='ocrx_word' id='word_1_821' title='bbox 335 5384 520 5452; x_wconf 61' lang='grc' dir='ltr'>φησὶν,</span> <span class='ocrx_word' id='word_1_822' title='bbox 561 5377 605 5435; x_wconf 80' lang='grc' dir='ltr'><strong>ὦ</strong></span> <span class='ocrx_word' id='word_1_823' title='bbox 633 5384 896 5446; x_wconf 80' lang='grc' dir='ltr'>Δέσποτα,</span> <span class='ocrx_word' id='word_1_824' title='bbox 932 5383 1109 5435; x_wconf 86' lang='grc' dir='ltr'>πάντα</span> <span class='ocrx_word' id='word_1_825' title='bbox 1136 5383 1243 5452; x_wconf 75' lang='grc' dir='ltr'>γὰρ</span> <span class='ocrx_word' id='word_1_826' title='bbox 1280 5384 1565 5448; x_wconf 83' lang='grc' dir='ltr'>ἀπέδωκας</span> <span class='ocrx_word' id='word_1_827' title='bbox 1595 5385 1747 5454; x_wconf 82' lang='grc' dir='ltr'>ἡμῖν.</span> <span class='ocrx_word' id='word_1_828' title='bbox 1801 5385 1911 5438; x_wconf 65' lang='grc' dir='ltr'><strong>Καὶ</strong></span> 
     </span>
    </p>
   </div>
   <div class='ocr_carea' id='block_1_104' title="bbox 337 5469 1910 5544">
    <p class='ocr_par' dir='ltr' id='par_1_104' title="bbox 337 5469 1910 5544">
     <span class='ocr_line' id='line_1_104' title="bbox 337 5469 1910 5544; baseline 0.001 -18"><span class='ocrx_word' id='word_1_829' title='bbox 337 5475 362 5526; x_wconf 77' lang='lat'><strong>6</strong></span> <span class='ocrx_word' id='word_1_830' title='bbox 412 5473 660 5543; x_wconf 80' lang='grc' dir='ltr'>βούλεται</span> <span class='ocrx_word' id='word_1_831' title='bbox 712 5472 902 5542; x_wconf 89' lang='grc' dir='ltr'>δηλοῦν</span> <span class='ocrx_word' id='word_1_832' title='bbox 950 5469 1090 5525; x_wconf 81' lang='grc' dir='ltr'>εἷναί</span> <span class='ocrx_word' id='word_1_833' title='bbox 1145 5491 1288 5544; x_wconf 86' lang='grc' dir='ltr'>φημι</span> <span class='ocrx_word' id='word_1_834' title='bbox 1343 5474 1617 5528; x_wconf 74' lang='grc' dir='ltr'><strong>τοιοῦτον⁶</strong></span> <span class='ocrx_word' id='word_1_835' title='bbox 1679 5475 1910 5539; x_wconf 86' lang='grc' dir='ltr'>Ἐπίδος,</span> 
     </span>
    </p>
   </div>
   <div class='ocr_carea' id='block_1_105' title="bbox 339 5559 1908 5638">
    <p class='ocr_par' dir='ltr' id='par_1_105' title="bbox 339 5559 1908 5638">
     <span class='ocr_line' id='line_1_105' title="bbox 339 5559 1908 5638; baseline 0.003 -22"><span class='ocrx_word' id='word_1_836' title='bbox 339 5559 592 5636; x_wconf 74' lang='grc' dir='ltr'>φησὶν,ὧ</span> <span class='ocrx_word' id='word_1_837' title='bbox 637 5563 902 5629; x_wconf 80' lang='grc' dir='ltr'>Δέσποτα,</span> <span class='ocrx_word' id='word_1_838' title='bbox 949 5565 1046 5636; x_wconf 74' lang='grc' dir='ltr'><strong>τήν</strong></span> <span class='ocrx_word' id='word_1_839' title='bbox 1093 5567 1334 5636; x_wconf 82' lang='grc' dir='ltr'>εἰρήνην.</span> <span class='ocrx_word' id='word_1_840' title='bbox 1389 5567 1572 5620; x_wconf 75' lang='grc' dir='ltr'>Πάντα</span> <span class='ocrx_word' id='word_1_841' title='bbox 1613 5567 1720 5638; x_wconf 81' lang='grc' dir='ltr'><strong>γὰρ</strong></span> <span class='ocrx_word' id='word_1_842' title='bbox 1765 5567 1908 5638; x_wconf 78' lang='grc' dir='ltr'>ἔχειν</span> 
     </span>
    </p>
   </div>
   <div class='ocr_carea' id='block_1_106' title="bbox 2011 4563 3585 4632">
    <p class='ocr_par' dir='ltr' id='par_1_106' title="bbox 2011 4563 3585 4632">
     <span class='ocr_line' id='line_1_106' title="bbox 2011 4563 3585 4632; baseline 0.001 -18"><span class='ocrx_word' id='word_1_843' title='bbox 2011 4563 2307 4617; x_wconf 87' lang='lat' dir='ltr'><strong>amicitiam</strong></span> <span class='ocrx_word' id='word_1_844' title='bbox 2351 4563 2591 4617; x_wconf 85' lang='lat' dir='ltr'><strong>revocati</strong></span> <span class='ocrx_word' id='word_1_845' title='bbox 2626 4577 2841 4627; x_wconf 91' lang='lat' dir='ltr'><strong>sumus,</strong></span> <span class='ocrx_word' id='word_1_846' title='bbox 2870 4563 2962 4632; x_wconf 90' lang='lat' dir='ltr'><strong>qui</strong></span> <span class='ocrx_word' id='word_1_847' title='bbox 3004 4571 3222 4632; x_wconf 84' lang='lat' dir='ltr'><strong>propter</strong></span> <span class='ocrx_word' id='word_1_848' title='bbox 3255 4563 3585 4631; x_wconf 18' lang='lat' dir='ltr'><strong>regnansvin</strong></span> 
     </span>
    </p>
   </div>
   <div class='ocr_carea' id='block_1_107' title="bbox 2010 4651 3585 4725">
    <p class='ocr_par' dir='ltr' id='par_1_107' title="bbox 2010 4651 3585 4725">
     <span class='ocr_line' id='line_1_107' title="bbox 2010 4651 3585 4725; baseline -0.003 -17"><span class='ocrx_word' id='word_1_849' title='bbox 2010 4670 2110 4709; x_wconf 89' lang='lat' dir='ltr'><strong>nos</strong></span> <span class='ocrx_word' id='word_1_850' title='bbox 2144 4663 2432 4725; x_wconf 87' lang='lat' dir='ltr'><strong>peccatum</strong></span> <span class='ocrx_word' id='word_1_851' title='bbox 2486 4653 2700 4724; x_wconf 79' lang='lat' dir='ltr'><strong>fugitivi</strong></span> <span class='ocrx_word' id='word_1_852' title='bbox 2744 4653 2898 4724; x_wconf 88' lang='lat' dir='ltr'><strong>prius</strong></span> <span class='ocrx_word' id='word_1_853' title='bbox 2943 4669 3184 4709; x_wconf 89' lang='lat' dir='ltr'><strong>eramus.</strong></span> <span class='ocrx_word' id='word_1_854' title='bbox 3226 4671 3243 4703; x_wconf 85' lang='grc' dir='ltr'><strong>ι</strong></span> <span class='ocrx_word' id='word_1_855' title='bbox 3282 4651 3358 4704; x_wconf 89' lang='lat' dir='ltr'><strong>Da</strong></span> <span class='ocrx_word' id='word_1_856' title='bbox 3397 4666 3585 4718; x_wconf 88' lang='lat' dir='ltr'><strong>pacem</strong></span> 
     </span>
    </p>
   </div>
   <div class='ocr_carea' id='block_1_108' title="bbox 2010 4739 3591 4820">
    <p class='ocr_par' dir='ltr' id='par_1_108' title="bbox 2010 4739 3591 4820">
     <span class='ocr_line' id='line_1_108' title="bbox 2010 4739 3591 4820; baseline -0.003 -19"><span class='ocrx_word' id='word_1_857' title='bbox 2010 4750 2170 4802; x_wconf 89' lang='lat' dir='ltr'><strong>nobis</strong></span> <span class='ocrx_word' id='word_1_858' title='bbox 2218 4747 2406 4820; x_wconf 88' lang='lat' dir='ltr'><strong>igitur,</strong></span> <span class='ocrx_word' id='word_1_859' title='bbox 2457 4762 2490 4802; x_wconf 90' lang='lat'><strong>0</strong></span> <span class='ocrx_word' id='word_1_860' title='bbox 2532 4747 2760 4802; x_wconf 87' lang='lat' dir='ltr'><strong>Domine</strong></span> <span class='ocrx_word' id='word_1_861' title='bbox 2811 4739 3041 4802; x_wconf 85' lang='lat' dir='ltr'><strong>:omnia</strong></span> <span class='ocrx_word' id='word_1_862' title='bbox 3099 4745 3242 4799; x_wconf 86' lang='lat' dir='ltr'><strong>enim</strong></span> <span class='ocrx_word' id='word_1_863' title='bbox 3297 4742 3591 4797; x_wconf 87' lang='lat' dir='ltr'><strong>reddidisti-</strong></span> 
     </span>
    </p>
   </div>
   <div class='ocr_carea' id='block_1_109' title="bbox 2011 4833 3586 4904">
    <p class='ocr_par' dir='ltr' id='par_1_109' title="bbox 2011 4833 3586 4904">
     <span class='ocr_line' id='line_1_109' title="bbox 2011 4833 3586 4904; baseline -0.003 -11"><span class='ocrx_word' id='word_1_864' title='bbox 2011 4842 2194 4896; x_wconf 86' lang='lat' dir='ltr'><strong>nohis.</strong></span> <span class='ocrx_word' id='word_1_865' title='bbox 2229 4859 2247 4892; x_wconf 76' lang='grc' dir='ltr'><strong>ι</strong></span> <span class='ocrx_word' id='word_1_866' title='bbox 2283 4839 2428 4894; x_wconf 87' lang='lat' dir='ltr'><strong>Idem</strong></span> <span class='ocrx_word' id='word_1_867' title='bbox 2462 4847 2546 4895; x_wconf 88' lang='lat' dir='ltr'><strong>est</strong></span> <span class='ocrx_word' id='word_1_868' title='bbox 2584 4855 2651 4894; x_wconf 92' lang='lat' dir='ltr'><strong>ac</strong></span> <span class='ocrx_word' id='word_1_869' title='bbox 2683 4839 2727 4896; x_wconf 91' lang='lat' dir='ltr'><strong>si</strong></span> <span class='ocrx_word' id='word_1_870' title='bbox 2757 4840 2964 4894; x_wconf 89' lang='lat' dir='ltr'><strong>diceret</strong></span> <span class='ocrx_word' id='word_1_871' title='bbox 2994 4855 3006 4889; x_wconf 88' lang='lat'><strong>:</strong></span> <span class='ocrx_word' id='word_1_872' title='bbox 3045 4837 3140 4900; x_wconf 87' lang='lat' dir='ltr'><strong>Da,</strong></span> <span class='ocrx_word' id='word_1_873' title='bbox 3181 4835 3380 4904; x_wconf 90' lang='lat' dir='ltr'><strong>inquit,</strong></span> <span class='ocrx_word' id='word_1_874' title='bbox 3415 4850 3446 4888; x_wconf 89' lang='grc' dir='ltr'><strong>ο</strong></span> <span class='ocrx_word' id='word_1_875' title='bbox 3481 4833 3586 4888; x_wconf 76' lang='grc' dir='ltr'>Πο-</span> 
     </span>
    </p>
   </div>
   <div class='ocr_carea' id='block_1_110' title="bbox 2015 4927 3586 5002">
    <p class='ocr_par' dir='ltr' id='par_1_110' title="bbox 2015 4927 3586 5002">
     <span class='ocr_line' id='line_1_110' title="bbox 2015 4927 3586 5002; baseline -0.002 -17"><span class='ocrx_word' id='word_1_876' title='bbox 2015 4933 2180 4993; x_wconf 86' lang='lat' dir='ltr'><strong>mine,</strong></span> <span class='ocrx_word' id='word_1_877' title='bbox 2212 4947 2423 5002; x_wconf 84' lang='lat' dir='ltr'><strong>pacem.</strong></span> <span class='ocrx_word' id='word_1_878' title='bbox 2469 4931 2666 4988; x_wconf 87' lang='lat' dir='ltr'><strong>Omnia</strong></span> <span class='ocrx_word' id='word_1_879' title='bbox 2715 4931 2860 4987; x_wconf 92' lang='lat' dir='ltr'><strong>enim</strong></span> <span class='ocrx_word' id='word_1_880' title='bbox 2893 4938 3022 4984; x_wconf 89' lang='lat' dir='ltr'><strong>tunc</strong></span> <span class='ocrx_word' id='word_1_881' title='bbox 3059 4943 3161 4983; x_wconf 87' lang='lat' dir='ltr'><strong>nos</strong></span> <span class='ocrx_word' id='word_1_882' title='bbox 3198 4927 3402 4982; x_wconf 90' lang='lat' dir='ltr'><strong>habere</strong></span> <span class='ocrx_word' id='word_1_883' title='bbox 3449 4927 3586 4982; x_wconf 81' lang='lat' dir='ltr'><strong>fate-</strong></span> 
     </span>
    </p>
   </div>
   <div class='ocr_carea' id='block_1_111' title="bbox 2013 5020 3589 5096">
    <p class='ocr_par' dir='ltr' id='par_1_111' title="bbox 2013 5020 3589 5096">
     <span class='ocr_line' id='line_1_111' title="bbox 2013 5020 3589 5096; baseline -0.004 -16"><span class='ocrx_word' id='word_1_884' title='bbox 2013 5025 2215 5089; x_wconf 87' lang='lat' dir='ltr'><strong>bimur,</strong></span> <span class='ocrx_word' id='word_1_885' title='bbox 2247 5026 2493 5096; x_wconf 90' lang='lat' dir='ltr'><strong>nihilque</strong></span> <span class='ocrx_word' id='word_1_886' title='bbox 2529 5025 2656 5080; x_wconf 88' lang='lat' dir='ltr'><strong>boni</strong></span> <span class='ocrx_word' id='word_1_887' title='bbox 2707 5025 2902 5080; x_wconf 87' lang='lat' dir='ltr'><strong>deesse</strong></span> <span class='ocrx_word' id='word_1_888' title='bbox 2931 5021 3204 5076; x_wconf 73' lang='lat' dir='ltr'><strong>videbitur</strong></span> <span class='ocrx_word' id='word_1_889' title='bbox 3241 5020 3288 5074; x_wconf 88' lang='lat' dir='ltr'><strong>ei</strong></span> <span class='ocrx_word' id='word_1_890' title='bbox 3336 5021 3427 5090; x_wconf 92' lang='lat' dir='ltr'><strong>qui</strong></span> <span class='ocrx_word' id='word_1_891' title='bbox 3472 5021 3589 5085; x_wconf 87' lang='lat' dir='ltr'><strong>ple-</strong></span> 
     </span>
    </p>
   </div>
   <div class='ocr_carea' id='block_1_112' title="bbox 2015 5110 3592 5188">
    <p class='ocr_par' dir='ltr' id='par_1_112' title="bbox 2015 5110 3592 5188">
     <span class='ocr_line' id='line_1_112' title="bbox 2015 5110 3592 5188; baseline -0.003 -18"><span class='ocrx_word' id='word_1_892' title='bbox 2015 5117 2320 5172; x_wconf 87' lang='lat' dir='ltr'><strong>nitudinem</strong></span> <span class='ocrx_word' id='word_1_893' title='bbox 2371 5117 2532 5188; x_wconf 55' lang='lat'><strong>8&amp;1</strong></span> <span class='ocrx_word' id='word_1_894' title='bbox 2567 5116 2771 5172; x_wconf 88' lang='lat' dir='ltr'><strong>Cltrisli</strong></span> <span class='ocrx_word' id='word_1_895' title='bbox 2820 5111 3115 5181; x_wconf 82' lang='lat' dir='ltr'><strong>acceperit.</strong></span> <span class='ocrx_word' id='word_1_896' title='bbox 3155 5110 3345 5166; x_wconf 88' lang='lat' dir='ltr'><strong>Omnis</strong></span> <span class='ocrx_word' id='word_1_897' title='bbox 3388 5112 3592 5181; x_wconf 83' lang='lat' dir='ltr'><strong>quippe</strong></span> 
     </span>
    </p>
   </div>
   <div class='ocr_carea' id='block_1_113' title="bbox 2015 5201 3590 5278">
    <p class='ocr_par' dir='ltr' id='par_1_113' title="bbox 2015 5201 3590 5278">
     <span class='ocr_line' id='line_1_113' title="bbox 2015 5201 3590 5278; baseline -0.004 -16"><span class='ocrx_word' id='word_1_898' title='bbox 2015 5208 2144 5262; x_wconf 89' lang='lat' dir='ltr'><strong>boui</strong></span> <span class='ocrx_word' id='word_1_899' title='bbox 2182 5209 2464 5278; x_wconf 87' lang='lat' dir='ltr'><strong>plenitudo</strong></span> <span class='ocrx_word' id='word_1_900' title='bbox 2510 5215 2614 5271; x_wconf 81' lang='lat' dir='ltr'><strong>est,</strong></span> <span class='ocrx_word' id='word_1_901' title='bbox 2661 5207 2828 5259; x_wconf 87' lang='lat' dir='ltr'><strong>Deum</strong></span> <span class='ocrx_word' id='word_1_902' title='bbox 2875 5205 2928 5256; x_wconf 90' lang='lat' dir='ltr'><strong>in</strong></span> <span class='ocrx_word' id='word_1_903' title='bbox 2979 5203 3138 5257; x_wconf 91' lang='lat' dir='ltr'><strong>nobis</strong></span> <span class='ocrx_word' id='word_1_904' title='bbox 3195 5201 3441 5256; x_wconf 84' lang='lat' dir='ltr'><strong>habitare</strong></span> <span class='ocrx_word' id='word_1_905' title='bbox 3492 5218 3590 5271; x_wconf 88' lang='lat' dir='ltr'><strong>per</strong></span> 
     </span>
    </p>
   </div>
   <div class='ocr_carea' id='block_1_114' title="bbox 2021 5291 3590 5366">
    <p class='ocr_par' dir='ltr' id='par_1_114' title="bbox 2021 5291 3590 5366">
     <span class='ocr_line' id='line_1_114' title="bbox 2021 5291 3590 5366; baseline -0.002 -17"><span class='ocrx_word' id='word_1_906' title='bbox 2021 5297 2286 5366; x_wconf 77' lang='lat' dir='ltr'><strong>Spiritum</strong></span> <span class='ocrx_word' id='word_1_907' title='bbox 2329 5297 2397 5351; x_wconf 68' lang='grc'><strong>⁸⁸.</strong></span> <span class='ocrx_word' id='word_1_908' title='bbox 2450 5299 2724 5363; x_wconf 79' lang='lat' dir='ltr'><strong>Quoniam</strong></span> <span class='ocrx_word' id='word_1_909' title='bbox 2764 5309 2894 5363; x_wconf 78' lang='lat' dir='ltr'><strong>ergo</strong></span> <span class='ocrx_word' id='word_1_910' title='bbox 2941 5291 3182 5362; x_wconf 90' lang='lat' dir='ltr'><strong>Spiritus</strong></span> <span class='ocrx_word' id='word_1_911' title='bbox 3216 5308 3374 5345; x_wconf 82' lang='lat' dir='ltr'><strong>omne</strong></span> <span class='ocrx_word' id='word_1_912' title='bbox 3417 5293 3590 5346; x_wconf 87' lang='lat' dir='ltr'><strong>animi</strong></span> 
     </span>
    </p>
   </div>
   <div class='ocr_carea' id='block_1_115' title="bbox 2020 5384 3590 5455">
    <p class='ocr_par' dir='ltr' id='par_1_115' title="bbox 2020 5384 3590 5455">
     <span class='ocr_line' id='line_1_115' title="bbox 2020 5384 3590 5455; baseline -0.003 -14"><span class='ocrx_word' id='word_1_913' title='bbox 2020 5390 2423 5444; x_wconf 88' lang='lat' dir='ltr'><strong>turbamentum</strong></span> <span class='ocrx_word' id='word_1_914' title='bbox 2459 5388 2672 5450; x_wconf 90' lang='lat' dir='ltr'><strong>sedare,</strong></span> <span class='ocrx_word' id='word_1_915' title='bbox 2697 5401 3024 5455; x_wconf 89' lang='lat' dir='ltr'><strong>omnemque</strong></span> <span class='ocrx_word' id='word_1_916' title='bbox 3055 5384 3108 5438; x_wconf 92' lang='lat' dir='ltr'><strong>in</strong></span> <span class='ocrx_word' id='word_1_917' title='bbox 3154 5384 3312 5438; x_wconf 83' lang='lat' dir='ltr'><strong>nobis</strong></span> <span class='ocrx_word' id='word_1_918' title='bbox 3350 5384 3590 5437; x_wconf 78' lang='lat' dir='ltr'><strong>formidi-</strong></span> 
     </span>
    </p>
   </div>
   <div class='ocr_carea' id='block_1_116' title="bbox 2020 5474 3592 5548">
    <p class='ocr_par' dir='ltr' id='par_1_116' title="bbox 2020 5474 3592 5548">
     <span class='ocr_line' id='line_1_116' title="bbox 2020 5474 3592 5548; baseline -0.003 -16"><span class='ocrx_word' id='word_1_919' title='bbox 2020 5495 2142 5533; x_wconf 88' lang='lat' dir='ltr'><strong>nem</strong></span> <span class='ocrx_word' id='word_1_920' title='bbox 2169 5493 2520 5548; x_wconf 84' lang='lat' dir='ltr'><strong>compescere</strong></span> <span class='ocrx_word' id='word_1_921' title='bbox 2550 5477 2786 5531; x_wconf 81' lang='lat' dir='ltr'><strong>maxime</strong></span> <span class='ocrx_word' id='word_1_922' title='bbox 2811 5484 3009 5546; x_wconf 88' lang='lat' dir='ltr'><strong>potest,</strong></span> <span class='ocrx_word' id='word_1_923' title='bbox 3029 5475 3160 5529; x_wconf 86' lang='lat' dir='ltr'><strong>illud</strong></span> <span class='ocrx_word' id='word_1_924' title='bbox 3185 5474 3592 5546; x_wconf 83' lang='lat' dir='ltr'><strong>quodammodo</strong></span> 
     </span>
    </p>
   </div>
   <div class='ocr_carea' id='block_1_117' title="bbox 2023 5564 3601 5638">
    <p class='ocr_par' dir='ltr' id='par_1_117' title="bbox 2023 5564 3601 5638">
     <span class='ocr_line' id='line_1_117' title="bbox 2023 5564 3601 5638; baseline -0.004 -14"><span class='ocrx_word' id='word_1_925' title='bbox 2023 5569 2329 5624; x_wconf 88' lang='lat' dir='ltr'><strong>subsidium</strong></span> <span class='ocrx_word' id='word_1_926' title='bbox 2365 5569 2431 5624; x_wconf 90' lang='lat' dir='ltr'><strong>ad</strong></span> <span class='ocrx_word' id='word_1_927' title='bbox 2463 5568 2629 5623; x_wconf 91' lang='lat' dir='ltr'><strong>animi</strong></span> <span class='ocrx_word' id='word_1_928' title='bbox 2665 5568 2833 5623; x_wconf 86' lang='lat' dir='ltr'><strong>robur</strong></span> <span class='ocrx_word' id='word_1_929' title='bbox 2854 5578 2906 5624; x_wconf 82' lang='lat' dir='ltr'><strong>ct</strong></span> <span class='ocrx_word' id='word_1_930' title='bbox 2940 5567 3374 5638; x_wconf 74' lang='lat' dir='ltr'><strong>perturbationis</strong></span> <span class='ocrx_word' id='word_1_931' title='bbox 3406 5564 3601 5618; x_wconf 76' lang='lat' dir='ltr'><strong>vacui-</strong></span> 
     </span>
    </p>
   </div>
   <div class='ocr_carea' id='block_1_118' title="bbox 410 5721 2170 5810">
    <p class='ocr_par' dir='ltr' id='par_1_118' title="bbox 410 5721 2170 5810">
     <span class='ocr_line' id='line_1_118' title="bbox 410 5721 2170 5810; baseline 0.014 -28"><span class='ocrx_word' id='word_1_932' title='bbox 410 5721 528 5771; x_wconf 50' lang='lat' dir='ltr'><strong>U5“</strong></span> <span class='ocrx_word' id='word_1_933' title='bbox 563 5739 801 5809; x_wconf 83' lang='lat' dir='ltr'><strong>Philipp.</strong></span> <span class='ocrx_word' id='word_1_934' title='bbox 833 5756 906 5806; x_wconf 80' lang='lat' dir='ltr'><strong>tv,</strong></span> <span class='ocrx_word' id='word_1_935' title='bbox 947 5740 996 5796; x_wconf 75' lang='grc' dir='ltr'><strong>Ἰ.</strong></span> <span class='ocrx_word' id='word_1_936' title='bbox 1075 5741 1117 5772; x_wconf 80' lang='grc'><strong>⁸⁷</strong></span> <span class='ocrx_word' id='word_1_937' title='bbox 1156 5741 1258 5798; x_wconf 77' lang='lat' dir='ltr'><strong>lsa.</strong></span> <span class='ocrx_word' id='word_1_938' title='bbox 1297 5759 1444 5808; x_wconf 76' lang='lat' dir='ltr'><strong>xxvi,</strong></span> <span class='ocrx_word' id='word_1_939' title='bbox 1494 5745 1576 5799; x_wconf 69' lang='grc'><strong>12.</strong></span> <span class='ocrx_word' id='word_1_940' title='bbox 1658 5747 1705 5778; x_wconf 78' lang='grc'><strong>’⁸³</strong></span> <span class='ocrx_word' id='word_1_941' title='bbox 1744 5745 1959 5802; x_wconf 87' lang='lat' dir='ltr'><strong>Coloss.</strong></span> <span class='ocrx_word' id='word_1_942' title='bbox 2001 5761 2045 5810; x_wconf 83' lang='grc' dir='ltr'><strong>ι,</strong></span> <span class='ocrx_word' id='word_1_943' title='bbox 2087 5746 2170 5803; x_wconf 71' lang='lat'><strong>19’.</strong></span> 
     </span>
    </p>
   </div>
  </div>
