3992 6316
284 318 399 376 509

1316 314 1383 371 IN
1420 315 1707 372 JOANNIS
1738 316 2193 373 EVANGELIUM
2234 316 2364 371 LIB.
2411 314 2475 370 Χ.

3424 312 3529 367 5ίο

284 436 386 508 ἡδύ
411 452 471 489 τε
505 432 599 488 καὶ⁵
624 433 794 503 φίλον,
816 433 951 489 ἀλλά
981 428 1075 488 καὶ
1098 436 1211 498 τοῖς
1241 434 1629 505 ἀγαπωμένοις
1644 436 1858 488 λυσιτε-

1972 435 2032 490 iis
2071 449 2214 506 quos
2262 433 2521 504 diligunt,
2564 431 2857 487 occasione
2913 429 2971 485 id
3015 429 3349 501 postulante.
3384 430 3535 497 Quo-

284 527 397 592 λές,
435 524 629 597 καιροῦ
654 525 748 578 καὶ
772 524 930 579 τοῦτο
956 525 1090 596 δρᾷν
1139 525 1548 589 ἀναπεὲθοντος.
1576 527 1675 580 Διά
1702 524 1862 579 τοῦτο

285 619 384 670 καὶ
433 616 462 669 6
516 614 724 679 Παῦλος
770 614 1119 680 ἐπιστέλλων,
1183 616 1367 686 φησίν·
1406 634 1425 668 ι
1467 615 1530 670 Ἦ
1582 617 1770 686 ἀγάπη
1800 616 1860 669 ού

285 705 705 778 περπερεύεται,
738 704 800 758 οῦ
839 702 1150 775 φυσιοῦται,
1174 706 1275 759 οὐκ
1318 709 1639 777 ἀσχημονεῖ,
1672 708 1733 761 οὐ
1762 706 1862 777 ζη-

284 800 374 850 τεῖ
394 796 461 849 τὰ
483 796 699 866 ἑαυτῆς.
727 813 746 847 ι
771 795 933 864 Λέγει
959 795 1014 849 δέ
1038 796 1174 867 πρός
1195 813 1363 859 τινας·
1398 816 1418 848 ι
1438 798 1528 866 Μὴ
1560 797 1631 852 τά
1656 796 1863 853 ἑαυτῶν

236 890 241 895 ’
289 886 601 957 ζητοῦντες,
629 885 767 940 ἀλλά
798 887 893 940 καὶ
926 886 994 941 τὰ
1033 889 1255 959 ἐτέρων.
1294 908 1313 942 ι
1358 889 1603 959 Ἀγάπης
1628 888 1736 961 γὰρ
1776 888 1867 961 ἔρ-

289 995 387 1048 γον
406 979 505 1050 τῆς
539 977 825 1049 ἀκριϐοῦς,
854 979 976 1049 οὐχὶ
995 979 1170 1050 δήπου
1200 981 1417 1044 πάντως
1445 979 1506 1033 τὸ
1538 980 1698 1050 μόνον
1718 981 1866 1051 ἡμᾶς

289 1072 541 1143 προνοεῖν
586 1069 695 1123 τῶν
749 1069 895 1123 ίδίων
926 1071 1167 1138 ἀγαθῶν,
1214 1070 1348 1124 ἀλλὰ
1387 1072 1482 1124 καὶ
1528 1070 1607 1139 τῷ
1636 1071 1866 1142 πλησίον

287 1159 752 1232 περισκέπτεσθαι
770 1158 831 1212 τὸ
859 1161 1147 1231 χρήσιμον·
1169 1160 1328 1213 τοῦτο
1357 1158 1473 1230 γὰρ
1492 1162 1708 1231 φρονεῖν
1737 1160 1868 1213 ἀνα-

286 1252 468 1307 πείθει
486 1252 612 1314 τοὺς
636 1249 829 1303 ἐαυτοῦ
884 1250 1130 1321 μαθητὰς
1183 1252 1273 1306 διὰ
1299 1250 1408 1304 τῶν
1439 1251 1817 1322 προκειμένων
1839 1252 1869 1305 6

288 1344 506 1415 Σωτήρ.
538 1344 649 1396 Καὶ
680 1340 812 1413 φέρε
835 1341 900 1411 δὴ
932 1342 1093 1396 πάλιν
1122 1342 1205 1410 ἐφ’
1237 1344 1368 1413 ἡμῖν
1402 1342 1587 1406 αὐτοῖς
1615 1340 1868 1411 καθάπερ

288 1435 387 1488 ἐπὶ
413 1434 620 1499 πίνακι,
654 1432 1000 1503 λεπτοτέροις
1026 1431 1314 1504 γραφείοις
1334 1432 1432 1503 τὴν
1460 1431 1554 1485 τοῦ
1588 1432 1871 1503 θεωρήμα-

288 1542 388 1590 τος
418 1525 821 1588 ἀνατυποῦντες
873 1523 1123 1593 δύναμιν,
1186 1524 1566 1594 άναὸαίνωμεν
1622 1522 1870 1577 ἐντεῦθεν

289 1620 389 1672 ἐπὶ
406 1619 467 1672 τὸ
494 1617 732 1689 Χριστοῦ
768 1619 1085 1688 μυστήριον.
1139 1617 1395 1689 Προξενεῖ
1422 1617 1528 1688 γὰρ
1561 1616 1819 1678 πολλάκις
1844 1618 1872 1669 6

287 1711 353 1763 ἐν
370 1713 484 1773 τοῖς
510 1709 758 1762 ἐλάττοσι
777 1708 948 1772 τύπος
963 1709 1025 1762 τὸ
1044 1709 1326 1778 ἐφικέσθαι
1353 1708 1613 1763 δύνασθαι
1648 1709 1745 1762 καὶ
1762 1708 1870 1761 τῶν

1962 528 2110 582 circa
2138 536 2191 581 et
2212 524 2416 579 Paulus
2442 524 2507 579 ad
2539 523 2808 593 quosdam
2841 522 3066 578 scribit:
3100 522 3393 577 «Charitas
3423 538 3531 576 non

1964 619 2072 687 agit
2101 633 2407 688 perperam,
2437 632 2546 672 non
2572 614 2807 680 inﬂatur,
2833 629 2941 668 non
2962 622 3047 670 est
3082 613 3398 679 ambitiosa,
3424 630 3532 667 mm

1964 712 2162 779 quaerit
2194 724 2448 781 quae,sua
2478 715 2609 763 sunt
2632 707 2698 760 '°.
2749 725 2769 758 ι
2813 706 2893 761 Ad
2923 706 3061 761 alios
3095 713 3278 760 autem
3311 723 3324 759 :
3359 725 3379 758 ι
3414 704 3533 759 Non

1965 816 2066 857 sua
2106 809 2436 872 quaerentes,
2465 800 2561 855 sed
2610 814 2733 869 quae
2776 805 2907 853 sunt
2954 798 3183 852 aliorum
3208 798 3278 852 ".
3321 816 3340 850 ι
3381 795 3538 851 Vera!

1964 894 2169 949 etenim
2219 893 2508 947 charitatis
2560 907 2700 962 opus
2744 898 2863 957 est,
2899 904 3008 944 non
3042 890 3232 961 utique
3279 904 3387 947 nos
3440 880 3561 942 no?

1965 995 2209 1041 strorum
2236 985 2504 1039 bonorum
2532 984 2801 1061 duntaaat
2825 996 3015 1036 curam
3048 996 3261 1059 gerere,
3282 981 3379 1037 sed
3406 993 3530 1050 pro~

1966 1075 2172 1145 pinquo
2212 1074 2357 1143 quod
2394 1075 2516 1128 usui
2574 1073 2646 1129 sit
2682 1074 2989 1144 providere.
3024 1073 3083 1128 ιιι
3130 1073 3279 1128 enim
3330 1075 3530 1127 sentire

1966 1181 2097 1222 suos
2147 1165 2455 1236 discipulos
2506 1165 2608 1219 hoc
2643 1166 2765 1219 loco
2817 1164 3076 1219 Set-valor
3117 1164 3394 1218 admonet.
3430 1161 3536 1217 Scit

1967 1263 2092 1325 age;
2123 1272 2322 1311 rursus
2373 1257 2427 1311 in
2472 1258 2630 1312 nobis
2678 1256 2814 1328 ipsis
2847 1258 2996 1313 velut
3037 1257 3093 1312 in
3130 1256 3328 1311 tabula
3370 1255 3536 1326 hujus

1969 1356 2153 1405 textus
2178 1349 2287 1404 vim
2321 1358 2376 1404 et
2407 1350 2672 1403 rationem
2724 1348 2998 1405 subtiliori
3049 1347 3306 1417 penicillo
3334 1346 3537 1416 depin-

1969 1449 2181 1508 gentes,
2229 1440 2359 1493 hinc
2413 1440 2479 1494 ad
2514 1440 2716 1495 Christi
2770 1440 3095 1511 mysterium
3148 1438 3536 1494 ascendamus.

1972 1528 2126 1598 Saepe
2158 1529 2303 1584 enim
2357 1545 2543 1584 rerum
2589 1530 2904 1585 tenuiorum
2954 1529 3264 1598 exemplum
3320 1527 3450 1582 facit
3480 1535 3539 1582 ut

1971 1620 2037 1674 ad
2090 1636 2181 1675 res
2233 1621 2697 1688 incomparabiles
2753 1622 3069 1676 evehamur.
3104 1620 3274 1690 Igitur
3328 1629 3538 1689 gratum

1971 1703 2110 1772 erat,
2137 1708 2291 1769 verbi
2325 1708 2525 1783 gratia,
2555 1707 2710 1763 Pauli
2746 1709 3037 1779 discipulis
3068 1724 3196 1764 cum
3226 1723 3291 1764 eo
3325 1723 3541 1777 semper

285 1801 637 1871 ἀσυγκρίτως
667 1799 810 1870 ἔχειν
842 1801 1313 1871 πεπιστευμένων.
1341 1801 1553 1856 Οὐκοῦν
1593 1801 1690 1872 ἡδὺ
1733 1802 1830 1872 μέν
1852 1841 1865 1865 ,

1972 1799 2179 1854 versari
2218 1816 2231 1853 :
2267 1799 2364 1854 sed
2405 1780 2616 1854 melius
2646 1798 2819 1854 Paulo
2865 1814 2930 1856 ac
2984 1801 3160 1855 satius
3215 1799 3438 1854 dissolvi
3489 1807 3539 1852 et

286 1891 426 1963 φέρε
458 1893 653 1953 εἰπεῖν,
675 1894 787 1954 τοῖς
817 1890 1033 1945 Παύλου
1060 1892 1331 1963 μαθηταῖς
1367 1893 1428 1946 τὸ
1456 1893 1606 1964 αύτῷ
1633 1895 1870 1946 συνεῖναι

210 1978 218 1987 ’
285 1982 381 2036 διὰ
405 1982 628 2045 παντός·
660 1982 795 2036 ἀλλά
829 1984 1078 2052 κρεῖττον
1136 1982 1216 2052 τῷ
1264 1982 1462 2053 Παύλῳ
1513 1985 1574 2035 τδ
1608 1982 1871 2037 ἀναλῦσαι

287 2071 390 2123 καὶ
412 2071 509 2123 σὺν
543 2068 763 2140 Χριστῷ
783 2064 949 2134 εἶναι,
979 2069 1233 2141 καθάπερ
1266 2071 1425 2131 αὐτὸς
1450 2070 1874 2124 διεδεδαιὼσατο

284 2161 540 2232 γράφων.
570 2156 680 2215 Ἦν
711 2156 805 2215 οὖν
852 2160 1012 2231 ἔργον
1051 2164 1164 2225 τοῖς
1196 2164 1416 2233 ἀγαπᾷν
1458 2162 1733 2231 ἑλομένοις
1771 2162 1868 2216 αύ-

283 2252 402 2315 τδν,
425 2252 489 2305 τὸ
508 2250 750 2323 πληροῦν
783 2252 1103 2321 ἐπείγεσθαι
1137 2254 1237 2322 τὴν
1277 2255 1355 2316 εἰς
1382 2252 1543 2306 αὐτὸν
1576 2254 1875 2322 ἀγάπησιν,

285 2342 389 2396 καὶ
430 2343 508 2415 μὴ
541 2342 822 2396 δύσοιστον
863 2343 951 2396 ἀεὶ
1000 2344 1272 2397 ποιεῖσθαι
1294 2344 1355 2396 τὸ
1380 2344 1562 2408 αὐτοῖς
1592 2344 1683 2397 καὶ
1715 2343 1874 2414 μόνον

194 2510 197 2513 _
284 2432 412 2501 ἡδὺ,
446 2431 878 2503 περιαθροῦντας
916 2434 973 2486 δὲ
1025 2434 1229 2503 μᾶλλον
1254 2434 1349 2487 καὶ
1372 2435 1430 2487 τὸ
1463 2433 1541 2504 τῷ
1571 2434 1876 2504 διδασκάλῳ

283 2523 663 2593 ἀποδημοῦντι
691 2524 995 2594 συμφέρον,
1032 2525 1347 2591 ἐπείγεσθαι
1374 2527 1611 2578 συνεῖναι
1634 2523 1872 2595 Χριστῷ.

286 2615 480 2684 Ἔχεις
504 2615 599 2691 τοῦ
634 2615 987 2687 θεωρήματος
1020 2617 1077 2669 ἐν
1107 2618 1217 2678 τοῖς
1247 2617 1368 2670 καθ’
1391 2618 1536 2687 ἡμᾶς
1558 2615 1654 2688 τὴν
1686 2615 1864 2668 σκιάν.

281 2706 426 2776 Φέρε
452 2704 519 2777 δὴ
546 2706 746 2770 τοίνυν,
778 2706 886 2761 τῶν
926 2708 1019 2760 ἐπὶ
1053 2706 1275 2778 Χριστῷ
1309 2707 1623 2777 μυστηρίων
1653 2706 1751 2774 τὴν
1774 2704 1868 2758 δύ-

1967 1903 2089 1945 esse
2147 1903 2273 1943 cum
2329 1888 2573 1954 Christo,
2616 1890 2762 1944 sicut
2818 1890 2935 1959 ipse
2986 1889 3354 1944 conﬁrmavit.
3392 1886 3584 1956 Opus-

1968 1979 2135 2049 igitur
2167 1988 2250 2034 est
2306 1987 2365 2033 ut
2407 1980 2498 2050 qui
2551 1996 2676 2034 cum
2718 1980 2977 2051 diligunt,
3015 1980 3362 2036 dilectionem
3411 1994 3542 2048 erga

1965 2083 2090 2125 eum
2121 2070 2351 2139 implere
2379 2078 2674 2134 conentur,
2701 2087 2880 2141 neque
2912 2080 3129 2127 tantum
3167 2086 3327 2142 atquo
3357 2071 3543 2124 animo

1966 2175 2031 2216 ea
2072 2158 2249 2214 ferant
2298 2176 2422 2230 qua:
2460 2161 2573 2216 sibi-
2596 2162 2743 2218 .unis
2776 2171 2933 2233 grata
2972 2173 3121 2226 sunt,
3151 2162 3246 2218 sed
3292 2161 3545 2217 conside-

1972 2240 2163 2306 rantes
2198 2252 2387 2320 potius
2418 2252 2563 2322 quod
2600 2253 2905 2309 discedenti
2958 2253 3223 2323 magistro
3265 2252 3544 2309 conduce-

1972 2350 2076 2408 ret,
2122 2343 2345 2398 studere
2385 2357 2509 2396 eum
2539 2343 2763 2399 Christo
2794 2346 3027 2400 versari.
3064 2344 3246 2401 Habes
3296 2346 3350 2399 in
3387 2346 3544 2399 nobis

1971 2432 2332 2487 theorematis
2371 2433 2519 2488 illius
2556 2436 2831 2490 umbram.
2864 2436 3107 2508 Agedum
3139 2449 3290 2506 ergo,
3336 2436 3442 2490 vim
3492 2442 3547 2486 et

1972 2524 2237 2578 rationem
2267 2524 2475 2579 Christi
2522 2526 2913 2594 mysteriorum
2966 2542 3066 2582 ceu
3114 2526 3331 2581 colores
3364 2526 3545 2578 rarius

1973 2615 2186 2669 umbris
2236 2616 2583 2682 inducentes,
2614 2619 2787 2687 ipsam
2828 2620 2974 2674 clare
3023 2619 3259 2675 demum.
3290 2616 3547 2672 ostenda-

1976 2722 2098 2762 mus
2120 2709 2430 2764 veritatem.

282 2816 456 2867 ναμιν
502 2790 761 2873 καθάπερ
790 2818 844 2854 τι
877 2800 1078 2872 χρῶμα
1120 2800 1398 2865 πολυειδὲς
1432 2804 1551 2864 ταῖς
1591 2802 1769 2863 σκιαῖς
1813 2799 2229 2870 ἐπαλείφοντες,
2272 2803 2443 2875 αὐτὴν
2481 2804 2580 2876 ἤδη
2626 2803 2810 2874 σαφῶς
2860 2804 3213 2877 ἐπιδείξωμεν
3265 2805 3362 2876 τὴν
3411 2804 3545 2875 ἀλή-

284 2895 466 2951 θείαν.

372 2992 462 3044 Ἐν
494 2993 676 3063 μορφῇ
704 2992 814 3064 γάρ
852 2991 1114 3064 ὑπάρχων
1155 2991 1242 3046 τοῦ
1289 2993 1424 3046 Θεοῦ
1457 2993 1550 3047 καὶ
1590 2993 1803 3065 Πατρός
1844 2994 1871 3046 6

2043 2988 2179 3042 Nam
2236 3002 2362 3043 eum
2389 2989 2446 3040 in
2492 2988 2669 3041 forma
2708 2985 2803 3041 Dei
2850 3000 2912 3041 ac
2947 2986 3132 3041 Patris
3171 2992 3317 3041 esset
3350 2983 3548 3054 Unige-

285 3081 625 3150 Μονογενὴς,
656 3083 749 3135 καὶ
804 3084 864 3136 ἐν
923 3082 1127 3153 ἰσότητι
1162 3087 1229 3155 τῇ
1261 3085 1402 3138 κατὰ
1460 3085 1684 3154 Πνεῦμα
1708 3125 1723 3149 ,
1772 3084 1871 3155 οὐχ

289 3174 592 3243 ἁρπαγμὸν
631 3174 878 3245 ἡγήσατο
908 3174 970 3228 τὸ
997 3170 1135 3231 εἶναι
1163 3176 1255 3231 ίσα
1279 3175 1417 3245 Θεῷ,
1458 3177 1546 3231 διά
1569 3194 1627 3229 τε
1660 3176 1757 3247 τὴν
1788 3177 1872 3239 είς

288 3266 445 3333 ἡμᾶς
478 3265 755 3335 ἀγάπησιν
806 3266 1109 3320 κεκένωκεν
1163 3267 1377 3331 ἐαυτὸν,
1430 3265 1643 3338 μορφὴν
1684 3266 1869 3319 δούλου

286 3356 495 3416 λαϐὼν.
523 3358 618 3411 καὶ
638 3357 847 3426 ὑπέστη
867 3374 928 3426 γε
948 3357 1106 3411 τοῦτο
1132 3357 1338 3423 παθὼν,
1376 3359 1464 3413 ἵνα
1497 3359 1702 3422 πάντας
1724 3359 1872 3429 ἡμᾶς

288 3445 577 3527 ἀπευθύνῃ
612 3447 749 3519 πρὸς
779 3449 958 3502 πᾶσαν
1001 3448 1214 3518 εἴδησιν
1244 3450 1466 3521 ἀρετῆς,
1499 3450 1607 3515 ἵνα,
1648 3450 1736 3504 διά
1773 3450 1872 3521 τῆς

287 3535 404 3589 τῶν
433 3536 727 3607 θαυμάτων
747 3536 1080 3610 ἀσυγκρίτου
1110 3539 1485 3611 φαιδρότητος,
1520 3540 1758 3612 θεωροὺς
1782 3558 1876 3610 γει

290 3628 485 3682 νέσθαι
510 3628 908 3700 παρασκευάσῃ
927 3628 1029 3698 τῆς
1057 3630 1282 3701 ἐνούσης
1332 3634 1396 3702 τῇ
1446 3631 1566 3702 θείᾳ
1594 3633 1754 3699 φύσει
1783 3632 1873 3685 δυ-

290 3717 514 3787 νάμεώς
541 3734 600 3771 τε
618 3717 716 3771 καὶ
747 3716 925 3788 δόξης,
958 3718 1053 3771 καὶ
1082 3719 1396 3792 ὑπερφυοῦς
1428 3718 1695 3785 ἐξουσίας.
1716 3718 1879 3774 Οὕτω

290 3806 401 3877 γὰρ
425 3802 497 3877 ἦν
521 3807 809 3861 ἀναπεῖσαι
838 3808 965 3870 τοὺς
1005 3810 1085 3872 είς
1113 3810 1350 3879 ἐσχάτην
1376 3809 1616 3881 ἀμαθίαν
1644 3809 1875 3881 ὠλισθη-

292 3897 482 3959 κότας,
507 3898 818 3969 ἀνασφῆλαι
842 3898 1003 3952 πάλιν
1041 3902 1120 3962 είς
1154 3900 1386 3965 σύνεσιν,
1413 3902 1509 3956 καὶ
1548 3905 1877 3973 προσκυνεῖν

294 3988 400 4058 μὲν
426 3988 611 4041 οὐκέτι
636 3991 704 4059 τῇ
734 3988 910 4059 κτίσει
936 3988 1087 4060 παρά
1109 3990 1200 4043 τὸν
1231 3991 1517 4057 κτίσαντα,
1539 3993 1637 4046 τὸν
1656 3993 1713 4046 δὲ
1735 3993 1873 4063 ἀλη-

293 4079 407 4142 θῶς
434 4079 531 4132 ἐνα
568 4081 663 4133 καὶ
693 4078 852 4151 φύσει
877 4080 1011 4133 Θεὸν
1060 4081 1484 4152 ἐπιγράφεσθαι.
1526 4083 1785 4153 Ὠφέλησε
1816 4084 1873 4137 δέ

291 4169 391 4223 καὶ
422 4169 541 4224 καθ’
568 4169 785 4242 ἐτέρους
807 4172 1042 4243 τρόπους
1063 4173 1212 4242 ἡμᾶς
1226 4175 1255 4225 6
1274 4172 1580 4244 Μονογενὴς
1606 4174 1761 4227 ἐνανο
1770 4192 1874 4246 ρω-

293 4263 496 4332 πήσας’
528 4261 860 4333 κατέστρεψε
882 4262 991 4332 γὰρ
1023 4261 1122 4315 τοῦ
1151 4262 1382 4316 θανάτου
1404 4262 1465 4316 τὸ
1489 4264 1715 4333 κράτος,
1738 4282 1871 4317 κατ-

1977 3081 2148 3143 uitus,
2197 3087 2253 3133 et
2298 3078 2355 3131 in
2402 3076 2716 3146 aequalitate
2767 3075 3070 3132 secundum
3110 3072 3398 3146 Spiritum,
3437 3088 3545 3128 non

1978 3172 2229 3241 rapinam
2269 3169 2577 3225 arbitratus
2606 3174 2690 3224 est
2721 3182 2844 3224 esse
2878 3183 2939 3223 se
2984 3166 3248 3236 aequalem
3286 3164 3417 3231 Deo,
3451 3166 3546 3219 sed

1978 3248 2203 3332 propter
2249 3274 2408 3314 suam
2464 3259 2520 3313 in
2578 3273 2677 3315 nos
2737 3259 3061 3312 charitatem
3103 3257 3405 3313 exinanivit
3460 3270 3547 3311 se-

1979 3352 2299 3422 metipsum,
2335 3349 2563 3405 formam
2599 3350 2744 3405 servi
2774 3348 2937 3422 843
2967 3348 3248 3416 accipiens
3276 3349 3344 3412 ",
3379 3347 3546 3417 idque

1978 3444 2267 3509 sustinuit,
2293 3451 2356 3496 ut
2388 3458 2492 3498 nos
2530 3457 2723 3497 omnes
2755 3443 2821 3497 ad
2849 3456 3066 3496 onmem
3103 3440 3329 3494 virtutis
3358 3439 3548 3508 cogni-

1980 3536 2184 3590 tionem
2206 3533 2555 3597 ini‘ormaret,
2579 3543 2637 3589 ut
2662 3550 2758 3603 per
2794 3531 3281 3601 incomparabilem
3319 3532 3548 3584 miracu-

1979 3627 2154 3680 lorum
2185 3625 2490 3695 claritatem
2519 3633 2854 3695 spectatores
2886 3640 2987 3679 nos
3012 3623 3244 3679 eﬂiceret
3274 3621 3397 3692 ejus
3425 3637 3551 3690 qua:

1978 3727 2192 3773 natura:
2223 3714 2427 3771 divinae
2459 3716 2601 3770 inest
2631 3715 2857 3770 virtutis
2884 3720 2938 3769 et
2964 3713 3172 3793 gloriae,
3197 3728 3264 3769 ac
3289 3727 3547 3782 superna-

1980 3809 2178 3865 turalis
2232 3807 2507 3879 potentiae.
2542 3805 2634 3861 Sic
2689 3806 2835 3861 enim
2893 3808 2947 3861 in
3006 3812 3306 3862 extremam
3365 3804 3546 3872 lapsos

1979 3901 2253 3956 inscitiam
2301 3899 2369 3954 ad
2405 3913 2595 3953 sanam
2629 3907 2865 3954 mentem
2914 3897 3099 3973 denuo
3143 3910 3411 3951 revocare
3456 3910 3549 3962 po—

1981 4001 2140 4056 terat,
2175 3992 2253 4045 ita
2283 4000 2341 4044 ut
2374 3998 2682 4047 creaturam
2718 4005 2827 4045 non
2851 3990 3090 4061 amplius
3114 3987 3414 4042 adorarent
3439 4000 3550 4055 pra:

1980 4082 2264 4149 Creatore,
2295 4082 2390 4137 sed
2433 4097 2601 4136 unum
2634 4095 2759 4135 vere
2790 4095 2855 4153 ac
2891 4088 3085 4134 natura
3118 4077 3286 4134 Deum
3334 4092 3550 4143 nuncu-

1982 4170 2336 4243 parent..Sed
2381 4180 2435 4226 et
2466 4173 2592 4227 aliis
2625 4168 2801 4226 modis
2838 4185 2938 4225 nos
2975 4167 3313 4240 Unigenitus
3335 4181 3550 4222 assum-

1982 4271 2073 4333 pta
2130 4277 2299 4318 carne
2357 4262 2850 4332 juvit:destruxit
2916 4261 3063 4316 enim
3125 4259 3319 4314 mortis
3380 4258 3551 4327 impe—

293 4354 457 4407 έλυσε
491 4354 587 4423 τῆς
622 4354 897 4424 ἁμαρτίας
935 4354 1034 4425 τὴν
1059 4353 1311 4425 δύναμιν,
1345 4354 1576 4408 δέδωκεν
1600 4357 1736 4425 ἡμῖν
1762 4373 1871 4411 πα-

1982 4354 2122 4409 rinm
2149 4353 2218 4419 ⁸³,
2263 4353 2373 4407 vim
2412 4354 2622 4423 peccati
2672 4353 2924 4414 resolvit,
2958 4366 3133 4421 supra.
3164 4356 3448 4420 serpentes
3497 4356 3551 4403 et

293 4445 408 4495 τετν
441 4442 624 4495 ἐπάνω
650 4442 829 4512 ὄφεων
874 4444 968 4495 καὶ
995 4442 1295 4512 σκορπίων,
1330 4442 1424 4496 καὶ
1456 4442 1547 4495 ἐπὶ
1577 4444 1754 4496 πᾶσαν
1777 4443 1874 4515 τὴν

294 4533 524 4603 δύναμιν
556 4532 651 4586 τοῦ
684 4532 899 4605 ἐχθροῦ.
933 4529 1042 4585 Ἦν
1066 4525 1168 4585 ὀὖν
1185 4532 1315 4602 ἀρα,
1339 4534 1435 4586 καὶ
1481 4532 1600 4586 λίαν
1624 4533 1879 4598 εἰκότως,

297 4626 432 4693 ἡμῖν
459 4624 557 4693 μὲν
588 4623 791 4687 αὐτοῖς,
826 4623 859 4694 ἢ
896 4623 990 4676 καὶ
1026 4626 1140 4687 τοῖς
1164 4623 1341 4691 ἀγίοις
1364 4623 1659 4694 μαθηταῖς,
1690 4623 1786 4693 ήδύ
1812 4641 1870 4676 τε

297 4715 393 4768 καὶ
411 4714 584 4783 φίλον,
615 4714 710 4768 καὶ
740 4714 938 4778 παντὸς
977 4713 1124 4779 ἀξιον
1172 4714 1355 4783 λόγου,
1392 4714 1454 4767 τὸ
1509 4717 1744 4767 συνεῖναι
1789 4713 1881 4766 διὰ

297 4805 499 4869 παντὸς
529 4805 608 4876 τῷ
635 4802 905 4859 τοσούτων
954 4807 1084 4876 ἡμῖν
1117 4806 1343 4874 ἀγαθῶν
1385 4805 1575 4876 δοτῆρι
1622 4804 1878 4877 Χριστῷ,

300 4893 657 4965 συμπαρόντα
688 4909 748 4946 τε
789 4893 877 4946 ἀεὶ
902 4894 995 4947 καὶ
1046 4893 1499 4963 συνδιαιτώμενον
1533 4894 1696 4964 ἐχειν.
1738 4894 1878 4946 Ἀλλ’

298 4984 360 5038 ού
396 4984 604 5055 σφόδρα
644 4984 914 5055 χρήσιμον
968 4984 1117 5054 αὐτῷ
1169 4984 1506 5053 διεφαίνετο,
1562 4987 1621 5037 ἐν
1651 4987 1881 5056 μακροῖς

299 5073 444 5128 οὕτω
502 5074 716 5145 χρόνοις
763 5073 1164 5144 ἐμφιλοχωρεϊν
1217 5073 1296 5144 τῷ
1343 5074 1443 5141 τῆς
1497 5073 1879 5137 ταπεινώσεως

303 5166 546 5236 σχήματι
578 5162 971 5235 παραδεχθέντι
1024 5164 1312 5236 χρησίμως
1355 5164 1445 5219 διὰ
1470 5163 1570 5233 τὴν
1618 5165 1698 5226 εἰς
1733 5165 1879 5234 ἡμᾶς

299 5257 602 5325 ἀγάπησιν,
631 5256 882 5327 καθάπερ
911 5257 1014 5327 ἤδη
1042 5258 1396 5329 προείπομεν.
1432 5257 1580 5310 Ἔδει
1602 5257 1712 5327 γὰρ
1745 5258 1880 5326 μᾶλ-

300 5346 390 5398 λον
414 5348 512 5416 τῆς
546 5346 670 5399 καθ’
698 5348 849 5417 ἡμᾶς
878 5349 1190 5418 οἰκονομίας
1222 5341 1531 5411 ἀκολούθως
1575 5349 1676 5420 ἤδη
1707 5366 1879 5402 πεπε-

306 5439 602 5508 ρασμένης,
634 5438 714 5501 είς
745 5438 843 5509 τὴν
892 5438 1028 5492 ἰδίαν
1084 5440 1445 5510 ἀναφοιτῆσαι
1475 5438 1630 5504 δόξαν
1681 5441 1841 5492 αὑτὸν
1860 5480 1875 5505 ,

248 5516 253 5521 ’
303 5544 390 5582 και
425 5528 568 5600 μετά
603 5527 703 5596 τῆς
747 5528 813 5581 δι’
858 5529 1009 5601 ἡμᾶς
1035 5528 1338 5601 ληφθείσης
1365 5529 1567 5600 σαρκὸς
1588 5528 1876 5600 παλινδρο-

1979 4443 2337 4513 scorpiones,
2392 4450 2448 4497 et
2506 4457 2673 4511 supra
2734 4456 2952 4497 omnem
3010 4441 3189 4498 hostis
3251 4441 3550 4511 potentiam

1980 4534 2196 4588 calcare
2225 4531 2353 4587 fecit
2376 4532 2446 4585 “.
2472 4531 2602 4585 Erat
2630 4531 2798 4602 igitur
2827 4531 3296 4601 jncundissimum
3320 4539 3371 4585 et
3396 4538 3550 4601 opta—

1979 4625 2280 4689 tissimum,
2305 4640 2427 4679 eum
2454 4623 2621 4679 nobis
2650 4625 2808 4694 ipsis,
2842 4635 2953 4678 tum
2990 4625 3202 4679 sanctis
3234 4622 3545 4691 discipulis,

1981 4730 2197 4785 semper
2224 4730 2348 4771 esse
2383 4729 2492 4769 una
2515 4729 2639 4769 cum
2672 4724 2953 4770 tantorum
2993 4715 3259 4771 bonorum
3292 4712 3551 4783 largitore

1977 4803 2216 4866 Christo,
2253 4818 2317 4858 ac
2364 4812 2693 4874 praesentem
2738 4819 2958 4875 semper
2988 4819 3114 4859 eum
3159 4817 3223 4857 ac
3257 4802 3555 4879 nobiscum

1977 4903 2288 4948 versantem
2321 4893 2524 4952 habere
2556 4912 2570 4947 :
2606 4893 2700 4949 sed
2737 4909 2847 4948 non
2883 4894 3111 4948 multum
3139 4892 3190 4946 ei
3233 4891 3368 4945 utile
3396 4889 3548 4945 vide-

1978 4984 2160 5047 batur,
2191 4993 2299 5037 tam
2347 4983 2531 5055 longis
2570 4985 2913 5054 temporibus
2960 4979 3291 5037 commorari
3340 4979 3396 5034 in
3447 4978 3547 5032 hue

1979 5070 2231 5129 utilitatis
2290 5074 2469 5129 forma
2521 5091 2689 5145 quam
2744 5072 2971 5144 propter
3018 5072 3364 5126 dilectionem
3415 5085 3559 5139 erga.

1977 5156 2079 5217 nos
2135 5173 2538 5234 assumpserat,
2572 5163 2740 5220 sicuti
2781 5163 2895 5233 jam
2937 5162 3197 5218 diximus.
3247 5161 3553 5230 Oportebat

1936 5292 1939 5297 ι
1975 5257 2147 5321 enim,
2177 5269 2361 5312 nostra
2383 5258 2797 5328 dispensatione
2811 5257 2926 5325 jam
2949 5254 3015 5309 ad
3036 5255 3241 5310 exitum
3263 5253 3551 5326 perducta,

1978 5345 2043 5399 ad
2076 5361 2229 5400 suam
2259 5346 2489 5417 gloriam
2528 5347 2709 5415 ipsum
2750 5343 2957 5409 redire,
2983 5353 3039 5400 et
3063 5359 3185 5399 cum
3220 5358 3391 5399 carne
3420 5356 3561 5413 pro-

1977 5445 2101 5505 pter
2140 5451 2240 5492 nos
2299 5445 2578 5505 assumpta
2627 5435 2696 5490 ad
2742 5435 3111 5506 aqu-tilitatem
3163 5448 3289 5490 cum
3328 5433 3439 5488 Deo
3483 5445 3549 5485 ac

1976 5528 2136 5583 Patre
2182 5529 2405 5594 reverti,
2442 5542 2606 5598 quam
2656 5544 2780 5583 cum
2818 5527 3065 5599 rapinam
3100 5528 3400 5585 arbitratus
3437 5536 3561 5579 now

370 5702 416 5735 “
456 5703 474 5756 l
512 5705 649 5757 Cor.
678 5718 806 5769 xm,
839 5702 903 5769 ι,
938 5704 988 5758 5.
1068 5704 1108 5736 ⁸³
1152 5703 1169 5758 1
1202 5704 1335 5759 Cor.
1374 5720 1428 5770 ι,
1458 5702 1546 5757 24.
1624 5704 1671 5735 ⁸⁸
1706 5701 1872 5772 Phili;

1988 5716 2049 5766 tr,
2093 5700 2212 5756 6.8.
2290 5700 2336 5733 ⁸³
2370 5699 2412 5754 ll
2453 5699 2596 5755 Tim.
2631 5717 2670 5768 ι,
2704 5700 2789 5757 l0.
2813 5743 2836 5753 -
2864 5701 2912 5735 ⁸⁸
2947 5700 3081 5756 Luc.
3113 5716 3185 5766 ι,
3220 5700 3302 5755 19.
