3992 6316
1559 163 1574 192 \

183 308 272 362 5‘3
1219 291 1288 345 IN
1322 285 1608 346 JOANNIS
1641 285 2097 344 EVANGEJUM
2123 287 2251 341 LIB.
2297 289 2362 344 Χ.

3301 290 3406 346 3H

190 422 312 476 Ἀλλ’
335 417 427 470 οὐκ
444 412 602 482 αὖ,τῷ
631 411 706 482 τῷ
726 409 840 481 Υίῷ
869 411 1024 464 τοῦτο
1053 410 1339 480 χρήσιμον,
1377 406 1648 469 λυσιτελὲς
1667 405 1722 456 δὲ

1827 409 1923 460 sed
1960 405 2220 462 conducit
2243 407 2425 476 potius
2453 405 2518 482 ad
2546 405 2764 460 Patrem
2796 407 3114 470 ascendere,
3141 423 3406 478 suamque

181 513 359 589 μᾶλλον
374 507 430 559 τὸ
453 504 720 573 ἀναϐῆναι
745 503 878 573 πρὸς
900 503 992 554 τὸν
1007 501 1245 571 Πατέρα,
1276 499 1371 553 καὶ
1399 499 1494 568 τὴν
1521 497 1726 550 οἰκείαν

181 585 585 669 άνακομίσασθαι
617 594 776 661 δόξαν
805 611 864 647 τε
893 593 986 646 καὶ
1010 591 1259 658 ἐξουσίαν
1297 590 1392 646 καὶ
1425 588 1641 657 ἀξίωμα
1669 585 1728 639 τὸ

179 688 455 762 θεοπρεπὲς
500 685 824 756 ἀναφανδὸν,
853 685 949 738 καὶ
991 684 1172 737 οὐκέτι
1223 679 1723 749 κατεσκιασμένως.
1766 704 1778 732 .-

179 781 426 840 Κεκάθικε
453 779 562 849 γὰρ
595 779 657 830 ἐκ
679 777 890 842 δεξιῶν,
941 775 1214 838 ἐθέλοντος
1245 773 1402 827 τοῦτο
1431 772 1524 826 καὶ
1559 769 1724 824 αὑτοῦ

177 873 258 928 τοῦ
289 869 508 940 Πατρός·
540 867 684 937 φιλεῖ
707 867 817 937 γὰρ
836 866 912 929 ὡς
944 866 1074 919 ῐδιον
1095 865 1360 936 γέννημα,
1388 865 1479 916 καὶ
1495 861 1569 924 ὡς
1599 877 1728 931 καρ-

180 969 267 1019 πὸν
298 965 388 1033 τῆς
441 961 630 1024 οὐσίας
687 959 874 1013 αὑτοῦ.
917 958 1128 1011 υύκοῦν
1173 958 1261 1010 διὰ
1309 955 1466 1009 τοῦτό
1518 969 1721 1023 φησιν·

179 1058 234 1110 Εἰ
260 1052 499 1123 ἠγαπᾶτέ
543 1069 631 1122 με,
667 1051 900 1121 ἐχάρητε
948 1048 1014 1102 ἂν
1041 1049 1124 1100 ὃτι
1148 1046 1449 1119 πορεύομαι
1478 1045 1614 1114 πρὸς
1635 1042 1726 1096 τὸν

181 1145 395 1216 Πατέρα,
440 1143 522 1195 ὅτι
570 1142 598 1194 ό
632 1140 820 1210 Πατὴρ
856 1137 1057 1208 μείζων
1095 1154 1195 1207 μου
1247 1135 1415 1191 ἐστίν.
1459 1153 1477 1185 ι
1517 1135 1724 1196 Ὄντως

177 1238 263 1306 τῆς
291 1238 363 1294 είς
391 1233 553 1288 αὐτὸν
587 1233 805 1301 ἀγάπης
835 1229 1105 1293 ἀπόδειξις
1131 1223 1200 1299 ἦν
1247 1227 1308 1281 τὸ
1337 1226 1412 1298 μὴ
1438 1224 1725 1280 λυπεῖσθαι

176 1326 406 1380 τοσοῦτον
434 1324 523 1378 διὰ
544 1324 641 1394 τὴν
664 1322 927 1376 δοκοῦσαν
958 1320 1242 1390 ἀπόλειψιν
1287 1321 1383 1373 καὶ
1413 1317 1726 1387 ἀναγκαίως

175 1416 602 1488 παραληφθεῖσαν
633 1414 960 1484 άποδημίαψ
985 1411 1387 1483 διενθυμεϊσθαι
1409 1411 1466 1464 δὲ
1502 1409 1721 1480 μᾶλλον,

174 1511 243 1562 ὅτι
268 1507 393 1578 πρὸς
429 1507 512 1569 ·ὴν
545 1507 692 1576 αὐτῷ
743 1503 1056 1576 πρέπουσάν
1116 1520 1175 1556 τε
1228 1503 1322 1554 καὶ
1367 1500 1724 1570 ὀφειλομένην

175 1587 664 1669 πεφοίτηκε
715 1597 810 1650 καὶ
853 1598 933 1660 εἰς
969 1596 1030 1648 τὸ
1063 1597 1288 1665 ἀρχαῖον
1313 1592 1557 1662 ἀξίωμα,
1579 1590 1723 1644 τοῦτ’

174 1667 292 1753 ἐστι,
313 1667 377 1742 τὸ
392 1667 696 1760 θεοπρεπὲς
725 1688 992 1760 ἐναργῶς.
1043 1689 1153 1741 Καὶ
1199 1684 1329 1755 γοῦν
1367 1687 1394 1738 ὁ
1427 1683 1681 1754 Μελῳδὸς
1705 1721 1721 1747 ,

1832 499 2064 568 gloriam
2097 510 2149 554 et
2178 506 2499 569 potestatem
2518 515 2582 553 ac
2607 499 2929 569 dignitatem
2961 501 3200 555 divinam
3230 501 3404 576 palam

1831 599 1887 644 et
1936 607 2042 645 non
2091 591 2202 659 jam
2261 591 2477 644 occulte
2527 598 2690 664 atque
2748 591 3074 645 adumbrate
3138 588 3448 660 recipere.‘

1835 682 1989 737 Sedit
2012 685 2158 737 enim
2183 698 2210 735 a
2244 683 2472 748 dextris,
2497 682 2549 737 id
2580 683 2700 751 ipso
2725 699 2946 753 quoque
2969 685 3186 738 volente
3210 682 3406 738 Patre:

1833 782 1978 827 amat
2011 776 2210 844 quippe
2243 782 2303 828 ut
2331 790 2490 829 suum
2526 774 2801 844 genimen,
2835 782 2890 828 et
2914 786 2970 827 ut
3003 774 3241 829 fructum
3270 774 3404 828 sub-

1833 867 2050 922 stantiae
2085 883 2217 923 smn.
2242 867 2509 934 Quocirca
2543 867 2653 920 ait:
2681 883 2700 917 ι
2738 864 2793 919 Si
2819 865 3118 936 diligeretis
3140 881 3246 930 me,
3275 881 3405 936 gau-

1833 960 2038 1012 deretis
2078 959 2286 1029 utique,
2328 959 2457 1030 quia
2503 959 2640 1012 vado
2674 957 2742 1012 ad
2786 957 3002 1012 Patrem
3040 977 3052 1012 :
3087 960 3215 1028 quia
3244 958 3407 1012 Pater

1832 1051 2010 1120 major
2038 1066 2126 1105 me
2159 1060 2264 1106 est.
2310 1070 2330 1102 ι
2379 1049 2444 1104 Ει
2471 1061 2618 1106 certe
2649 1049 2961 1103 dilectionis
2996 1064 3122 1120 erga
3157 1065 3281 1103 eum
3313 1065 3406 1102 ar-

1831 1155 2146 1213 gumentum
2191 1143 2409 1207 fuisset,
2449 1155 2801 1211 nequaquam
2842 1148 3054 1194 tantum
3087 1139 3293 1195 doloris
3339 1157 3406 1194 ex

1831 1235 1953 1304 ejus
1984 1234 2234 1290 absentia
2269 1243 2322 1289 et
2360 1234 2481 1304 ejus
2514 1233 2766 1288 discessu
2805 1247 3024 1302 capere,
3066 1231 3160 1286 sed
3199 1231 3252 1284 in
3291 1231 3404 1284 ani-

1833 1343 1981 1381 mum
2020 1328 2203 1396 potius
2243 1325 2530 1388 inducere,
2567 1324 2635 1378 ad
2668 1325 3085 1380 convenientem
3125 1321 3291 1394 855
3329 1323 3407 1377 si-

1833 1415 2000 1484 bique
2035 1415 2270 1469 debitam
2301 1415 2551 1485 gloriam,
2582 1421 2636 1468 et
2675 1411 2742 1466 ad
2779 1419 3018 1467 veterem
3059 1412 3403 1481 dignitatem,

1833 1505 1939 1560 lioc
1968 1514 2052 1560 est
2083 1506 2194 1561 Deo
2219 1507 2409 1576 utique
2437 1504 2682 1576 dignam,
2703 1505 2882 1574 ipsum
2908 1503 3229 1558 ascendere.
3251 1500 3406 1556 Unde

1833 1597 2147 1663 Psalmista,
2181 1599 2275 1667 qui
2303 1613 2398 1667 per
2427 1597 2690 1666 Spiritum
2721 1596 2978 1667 mysteria
3028 1595 3354 1664 loquebatur
3387 1610 3404 1648 :

1839 1708 1858 1740 ι
1899 1689 2103 1744 Omnes
2145 1698 2354 1758 gentes,
2418 1689 2616 1759 inquit,
2677 1689 2916 1758 plaudite
2969 1687 3223 1741 manibus
3259 1685 3335 1751 ‘°;
3381 1704 3403 1736 ι

173 1782 329 1836 καίτοι
359 1781 447 1834 διὰ
470 1781 564 1835 τοῦ
605 1779 920 1850 Πνεύματος
943 1779 1121 1832 λαλῶν
1167 1779 1462 1848 μυστήρια,
1493 1795 1510 1826 ι
1541 1776 1724 1829 Πάντα

1827 1778 2024 1834 deinde
2081 1779 2397 1834 festivitatis
2453 1795 2680 1834 causam
2742 1776 3408 1848 explicans,Servatoris

170 1875 229 1925 τὰ
254 1872 388 1940 ἔθνη,
424 1871 578 1942 φησι,
615 1872 919 1941 κροτήσατε
952 1873 1161 1941 χεῖρας·
1197 1888 1218 1924 ι
1250 1864 1370 1922 εἶτα
1399 1867 1498 1937 τῆς
1529 1866 1723 1938 ἐορτῆς

169 1963 256 2032 τὴν
280 1962 454 2015 αίτίαν
489 1961 853 2031 ἐξηγούμενος
882 1961 977 2032 τὴν
1013 1963 1093 2023 εἰς
1141 1962 1405 2032 οὐρανοὺς
1457 1958 1724 2030 ἀνάληψιν

167 2051 254 2103 τοῦ
281 2051 527 2120 Σωτῆρος
569 2049 932 2122 παρεκόμιζε,
971 2049 1163 2116 λέγων’
1235 2069 1254 2101 ι
1301 2049 1492 2118 Ἀνέϐη
1533 2051 1562 2102 ό
1593 2048 1727 2112 Θεὸς

167 2145 219 2194 ἐν
239 2140 543 2211 ἀλαλαγμῷ,
563 2141 767 2213 Κύριος
784 2143 842 2195 ἐν
859 2144 1010 2212 φωνῇ
1038 2141 1355 2210 σάλπιγγος,
1370 2160 1387 2191 ι
1411 2140 1725 2210 ἀλαλαγμὸν

166 2235 421 2305 ὀνομάζων
460 2237 558 2289 καὶ
599 2235 875 2304 σάλπιγγα
915 2235 1014 2304 τὴν
1042 2233 1249 2304 ὑψηλὴν
1285 2233 1382 2287 καὶ
1400 2232 1726 2298 ἐξάκουστον

166 2326 247 2378 τοῦ
275 2325 583 2396 Πνεύματος
634 2327 838 2396 φωνήν·
884 2327 971 2378 ὅτε
1015 2327 1133 2388 ταῖς
1190 2324 1304 2378 ἄνω
1334 2323 1600 2393 δυνάμεσι
1625 2323 1726 2386 τὰς

167 2415 318 2477 πύλας
341 2417 458 2484 αίρε
472 2433 519 2466 ιν
545 2414 898 2482 διεκελεύετο,
921 2416 1012 2468 καὶ
1045 2415 1250 2485 Κύριον
1284 2415 1448 2468 αὐτὸν
1471 2414 1725 2485 ὠνόμαζε

164 2508 259 2559 τῶν
291 2507 594 2576 δυνάμεων,
618 2507 1155 2580 καθάπερ-ἐλέγομεν
1187 2507 1412 2577 ἀρτίως.
1443 2507 1558 2560 Ἐπ’
1581 2505 1727 2576 αύτῷ

164 2600 212 2652 δὲ
239 2599 296 2671 δὴ
328 2599 504 2669 τούτῳ
553 2600 648 2653 καὶ
696 2600 860 2653 αὑτὸν
905 2600 1208 2671 εὑρήσομεν
1251 2599 1342 2652 τὸν
1393 2599 1502 2652 τῶν
1558 2599 1726 2666 ἁγίων

164 2690 305 2760 χορὸν
338 2690 429 2742 καὶ
455 2691 520 2742 ἐν
550 2689 770 2752 πολλαῖς
792 2689 1056 2757 γεγονότα
1104 2691 1225 2751 ταῖς
1257 2687 1565 2758 θυμηδίαις.
1606 2689 1727 2740 Τοι-

162 2783 332 2851 γάρτοι
358 2782 449 2835 κα¹ι
482 2781 710 2851 ἔφασκε,
746 2781 876 2834 ποτὲ
905 2783 1004 2852 μὲν
1032 2782 1113 2834 ὅτι
1149 2801 1168 2833 ι
1215 2781 1273 2834 '0
1301 2780 1507 2852 Κύριος
1539 2781 1724 2834 ἐϐασί-

164 2873 348 2933 λευσεν,
377 2873 728 2941 άγαλλιάσθω
778 2875 810 2942 ἠ
843 2874 935 2942 γῆ,
963 2893 980 2925 ι
1010 2873 1142 2926 ποτὲ
1199 2873 1254 2926 δὲ
1299 2869 1366 2926 αὖ
1396 2874 1576 2926 πάλιν·
1609 2893 1624 2923 ι
1671 2875 1727 2928 ’0

164 2963 344 3033 Κύριος
371 2964 740 3028 ἐϐασίλευσεν,
761 2964 1096 3034 εὐπρέπειαν
1123 2963 1427 3016 ἐνεδύσατο·
1443 2963 1728 3016 ἐνεδύσατο

163 3053 344 3124 Κύριος
366 3053 618 3123 δύναμιν,
671 3053 765 3105 καὶ
826 3051 1219 3122 περιεζώσατο.
1255 3071 1272 3104 ι
1339 3053 1398 3104 Ὀ
1447 3052 1557 3123 γὰρ
1605 3052 1796 3150 peﬂ‘c

163 3144 304 3212 ἡμῶν
330 3145 636 3214 ἄνθρωπος,
692 3143 797 3214 πρὸ
824 3145 923 3214 τῆς
952 3145 1017 3196 ἐκ
1068 3143 1278 3214 νεκρῶν
1336 3143 1685 3208 ἀναστάσεως
1707 3186 1721 3209 ,

161 3236 239 3286 ὅτε
264 3236 388 3306 πρὸς
417 3235 506 3289 τὸν
540 3237 598 3288 ἐν
623 3238 735 3298 τοῖς
755 3236 1003 3304 οὐρανοῖς
1027 3235 1191 3305 ἀνέϐη
1221 3235 1456 3307 Πατέρα,
1486 3237 1608 3288 τότε
1629 3235 1724 3306 τὴν

166 3326 282 3382 ἰξίαν
312 3326 646 3396 εὐπρέπειαν
667 3325 976 3390 ἐνεδύσατο,
1004 3329 1101 3380 καὶ
1132 3327 1231 3396 τὴν
1261 3327 1321 3391 ἐξ
1343 3328 1517 3399 ἀρχῆς
1548 3329 1725 3399 ὑπάρο

161 3433 340 3484 χουσαν
387 3416 537 3488 αὐτῷ
585 3415 958 3487 περιεζώσατο
1019 3416 1268 3485 δύναμιν.
1311 3419 1584 3472 Κεκάθικε
1614 3419 1724 3489 γάρ

163 3505 438 3574 βχσιλεύων
480 3508 621 3578 μετὰ
656 3508 890 3578 Πατρός.
925 3508 1150 3578 Χαίρειν
1180 3503 1273 3561 οὖν
1310 3509 1417 3579 ἄρα
1439 3509 1642 3563 δίκαιόν
1663 3527 1722 3563 τε

162 3598 243 3648 καὶ
276 3599 475 3668 πρέπον
502 3601 632 3663 τοὺς
661 3599 994 3667 ἀγαπῶντας
1015 3600 1200 3664 αὑτὸν,
1257 3601 1338 3653 ὃτι
1390 3601 1722 3670 πεπόρευται

162 3691 281 3763 πρὸς
307 3692 391 3744 τὸν
415 3695 472 3744 ἐν
495 3693 609 3755 τοῖς
647 3693 895 3762 οὐρανοῖς
950 3692 1201 3763 Πατέρα,
1237 3693 1334 3764 τὴν
1383 3693 1518 3747 ἰδίαν
1567 3693 1723 3759 δόξαν

160 3784 576 3854 ἀναληψόμενος,
605 3785 698 3838 καὶ
732 3783 894 3838 πάλιν
937 3785 1085 3855 αὐτῷ
1115 3785 1562 3854 συμϐασιλεύσων
1581 3828 1595 3846 ,
1625 3804 1725 3840 κα-

161 3871 319 3946 θάπερ
347 3872 414 3948 ἧν
441 3878 498 3929 ἐν
536 3877 701 3946 ἀρχῇ.
733 3875 972 3940 Μείζονα
995 3877 1052 3929 δέ
1088 3894 1252 3947 φησιν
1285 3879 1465 3942 αὐτὸν,
1509 3881 1607 3950 οὐχ
1637 3881 1719 3934 ὅτι

162 3967 432 4022 κεκάθικεν
469 3969 536 4020 ἐκ
569 3967 780 4034 δεξιῶν,
811 3967 885 4031 ὡς
914 3968 1065 4031 Θεὸς,
1096 3969 1211 4021 ἀλλ’
1239 3969 1315 4032 ὡς
1347 3965 1414 4041 ἦν
1463 3973 1542 4022 ἔτι
1602 3972 1720 4041 μεθ’

159 4059 314 4124 ἡμῶν,
339 4059 478 4112 τοῦτ’
515 4057 685 4124 ἔστιν,
712 4060 769 4111 ἐν
797 4061 907 4122 τοῖς
938 4058 1059 4111 καθ’
1092 4061 1259 4130 ἡμᾶς.
1293 4061 1381 4123 Ὠς
1409 4061 1518 4131 γάρ
1550 4061 1628 4114 ἔτι
1661 4063 1722 4116 τὸ

157 4151 498 4222 δουλοπρεπὲς
529 4152 668 4220 ἔχων
695 4153 900 4222 σχῆμα,
932 4152 1025 4204 καὶ
1075 4153 1344 4224 παρόντος
1391 4155 1540 4225 αύτῷ
1567 4153 1723 4210 οὕπω

156 4239 236 4292 τοῦ
265 4241 450 4311 καιροῦ
473 4241 601 4293 καθ’
621 4231 688 4294 ’ὃν
720 4240 828 4293 ἔδει
856 4241 1168 4304 ἀναλαϐεῖν,
1193 4240 1262 4294 τά
1300 4241 1527 4296 τοιαῦτά
1565 4261 1718 4314 φησι.

157 4331 254 4383 Καὶ
284 4334 408 4399 γοῦν
429 4335 517 4386 ὅτε
543 4333 637 4385 τὸν
674 4334 854 4404 τίμιον
879 4333 1019 4403 ὑπὲρ
1047 4336 1079 4404 ἡ
1090 4333 1205 4405 μῶν
1227 4335 1438 4406 ὑπέστη
1467 4337 1717 4408 σταυρὸν,

1830 1871 1884 1926 in
1915 1871 2087 1925 caelos
2117 1870 2500 1926 ascensionem
2537 1871 2789 1942 protulit,
2821 1871 3048 1925 dicens:
3089 1889 3106 1922 ι
3143 1869 3408 1924 Ascendit

1828 1961 1972 2017 Deus
2030 1964 2114 2016 in'
2158 1962 2366 2032 jubilo,
2424 1961 2692 2018 Dominus
2761 1963 2816 2016 in
2875 1978 3011 2017 voce
3071 1963 3214 2016 tubae
3253 1963 3320 2023 ⁸¹,
3383 1981 3401 2014 ι

1824 2053 2206 2124 jubilationem
2252 2061 2308 2109 et
2343 2055 2530 2109 tubam
2579 2053 2872 2108 nominans
2926 2055 3216 2108 altisonam
3255 2053 3405 2106 illam

1828 2145 2004 2200 sancti
2047 2143 2290 2214 Spiritus
2323 2139 2534 2210 vocem,
2583 2144 2806 2214 quando
2861 2145 3116 2214 supernis
3160 2150 3407 2212 potesta-

1829 2238 1974 2291 tibus
2003 2247 2191 2306 portas
2221 2237 2476 2291 attollere
2518 2235 2705 2305 jussit,
2731 2245 2786 2289 et
2828 2235 3116 2288 Dominum
3144 2234 3405 2287 virtutqu

1828 2329 2010 2400 ipsum
2045 2328 2400 2397 nuncupavit,
2451 2328 2612 2382 sicuti
2650 2327 2816 2381 modo
2851 2327 3190 2380 dicebamus.
3232 2325 3405 2391 Quam

1827 2423 1901 2478 ob
1947 2437 2060 2474 rem
2095 2421 2274 2490 ipsum
2307 2434 2525 2489 quoque
2560 2427 2880 2474 sanctorum
2917 2418 3149 2472 chorum
3199 2415 3407 2486 ingenti

1829 2515 2016 2570 laetitia
2048 2513 2358 2568 exsultasse
2412 2511 2836 2581 comperiemus.
2871 2510 3111 2578 Ideoque
3166 2508 3405 2572 dicebat,

1828 2607 1991 2660 modo
2056 2605 2274 2674 quidem
2333 2623 2346 2658 :
2408 2623 2426 2654 ι
2490 2603 2754 2659 Dominus
2829 2603 3110 2673 regnavit,
3177 2601 3410 2655 exsultet

1827 2704 1974 2750 terra
2021 2696 2097 2761 ‘i;
2144 2715 2162 2747 ›
2190 2694 2352 2748 modo
2379 2709 2578 2748 rursus
2612 2712 2626 2748 :
2668 2713 2685 2744 ι
2722 2692 2988 2747 Dominus
3015 2692 3286 2762 regnavit,
3315 2692 3409 2746 de-

1829 2802 2012 2841 corem
2073 2786 2298 2840 induit:
2332 2784 2512 2839 induit
2564 2783 2832 2839 Dominus
2886 2782 3306 2844 fortitudinem,
3356 2788 3410 2836 et

1829 2878 2116 2947 praecinxit
2149 2893 2210 2932 se
2246 2876 2312 2930 ".
2355 2894 2373 2924 ι
2409 2874 2514 2940 Qui
2541 2875 2690 2929 enim
2715 2864 3030 2938 nobiscum;
3061 2880 3189 2926 ante
3219 2885 3409 2927 resur-

1829 2970 2129 3023 rectionem
2159 2984 2225 3021 ex
2259 2967 2512 3050 mortuis,
2548 2967 2712 3020 homo
2747 2966 3096 3027 versabatur,
3117 2973 3406 3035 postquam

1831 3061 1896 3114 ad
1944 3061 2160 3113 Patrem
2195 3059 2288 3129 qui
2344 3059 2399 3113 in
2445 3058 2599 3113 caelis
2639 3065 2722 3111 est
2763 3057 3033 3116 ascendit.
3063 3064 3195 3110 tunc
3243 3071 3406 3110 suum

1829 3152 2082 3206 decorem
2137 3149 2353 3213 induit,
2400 3157 2454 3203 et
2505 3148 2737 3218 pristina
2787 3146 3112 3201 fortitudine
3169 3159 3227 3200 se
3263 3159 3406 3214 pra:-

1828 3244 2019 3297 cinxit.
2073 3241 2230 3297 Sedit
2282 3241 2428 3297 enim
2489 3255 2727 3311 regnans
2773 3254 2896 3293 cum
2943 3237 3122 3293 Patre.
3160 3234 3408 3290 Gaudere

1829 3338 2014 3406 itaque
2067 3335 2294 3405 dignum
2347 3340 2402 3388 et
2456 3333 2667 3402 justum
2731 3340 2817 3387 est
2864 3337 3136 3401 quotquot
3174 3329 3406 3398 diligunt

1827 3443 1975 3487 eum,
2009 3426 2136 3494 quia
2197 3422 2447 3478 ascendit
2505 3423 2570 3476 ad
2603 3421 2820 3476 Patrem
2869 3421 2961 3490 qui
3001 3421 3054 3473 in
3101 3418 3256 3472 cmlis
3298 3425 3404 3480 est,

1828 3532 1980 3572 Suam
2015 3522 2401 3585 resumpturus
2450 3515 2704 3584 gloriam,
2743 3521 2948 3568 etcum
2981 3528 3047 3566 eo
3091 3526 3286 3565 rursus
3322 3525 3408 3562 re-

1828 3620 2115 3681 gnaturus,
2142 3607 2287 3663 sicut
2318 3614 2436 3659 erat
2483 3606 2537 3658 in
2591 3604 2887 3673 principio.
2918 3601 3177 3670 Majorem
3221 3609 3401 3653 autem

1827 3719 1951 3757 eum
1999 3700 2151 3763 dicit,
2193 3714 2305 3753 non
2339 3698 2466 3767 quia
2506 3696 2650 3750 sedit
2680 3710 2709 3749 a
2759 3695 2990 3758 dextris,
3023 3701 3082 3745 nt
3115 3693 3278 3752 Deus,
3310 3694 3404 3747 sed

1825 3793 1951 3860 quia
1999 3789 2288 3844 nobiscum
2339 3787 2519 3842 adhuc
2568 3795 2710 3849 erat,
2749 3784 2803 3837 id
2857 3791 2942 3839 est
2984 3783 3143 3838 nobis
3183 3783 3402 3838 similis.

1825 3883 1931 3938 Ista
1961 3887 2163 3953 quippe
2189 3881 2344 3945 dicit,
2383 3880 2558 3949 utqui
2596 3877 2853 3934 servilem
2888 3876 3118 3931 formam
3155 3877 3402 3938 haberet,

1824 3990 1926 4029 nec
1978 3973 2158 4026 adhuc
2195 3981 2415 4040 tempus
2467 3971 2685 4023 adesset
2717 3981 2826 4036 quo
2871 3967 3111 4020 divinam
3162 3965 3402 4033 dignita-

1825 4075 1930 4121 tem
1971 4077 2250 4118 resumere
2287 4061 2542 4116 debebat.
2581 4059 2736 4114 Unde
2769 4075 2892 4113 eum
2934 4074 3032 4128 pro
3080 4058 3239 4110 nobis
3277 4071 3404 4108 cru-

1824 4171 1940 4211 cem
1993 4153 2361 4209 venerandam
2418 4151 2663 4221 pertulit,
2707 4159 2923 4204 acetum
2981 4158 3036 4202 et
3101 4148 3176 4200 fel
3229 4145 3400 4200 Juda‘i

1822 4249 2142 4305 obtulerunt
2169 4247 2217 4300 ei
2251 4245 2477 4303 sitienti,
2511 4251 2564 4318 et
2603 4251 2891 4312 postquam
2937 4241 3186 4304 bibisset,
3213 4240 3350 4292 dixit
3383 4260 3396 4294 :

1827 4357 1847 4391 ι
1887 4339 2342 4394 Consummatum
2399 4342 2484 4389 est
2508 4335 2573 4388 “.
2626 4353 2644 4386 ι
2695 4332 2977 4404 lmpletum
3023 4333 3226 4403 quippe
3285 4331 3398 4400 jam

154 4420 259 4485 εξος
313 4424 460 4494 αὐτῷ
509 4424 605 4477 καὶ
643 4423 804 4494 χολὴν
861 4425 1102 4478 Ἰουδαῖοι
1169 4428 1520 4498 προσήγαγον
1563 4428 1720 4500 διψή-

1826 4435 1938 4483 erat
1959 4425 2362 4480 humiliationis
2379 4432 2616 4493 tempus.
2638 4431 2692 4477 et
2718 4422 3016 4478 crucifixus
3046 4422 3262 4492 quidem
3291 4429 3398 4486 est,

156 4527 312 4573 σαντι,
375 4515 467 4567 καὶ
526 4513 688 4578 πιὼν,
719 4514 844 4584 ἔφη·
899 4516 1324 4571 (Τετέλεσται.)
1390 4519 1720 4590 Πεπλήρωτο

1826 4528 1878 4572 ιιι
1928 4515 2296 4572 liomozvicit
2340 4515 2485 4568 enim
2543 4514 2740 4569 mortis
2799 4515 3122 4583 potentiam,
3177 4530 3281 4568 non
3340 4521 3401 4566 ut

153 4602 247 4672 γᾶρ
271 4603 366 4674 ἤδη
390 4606 418 4657 ὁ
446 4606 551 4674 τῆς
579 4604 958 4669 ταπεινώσεως
1011 4607 1201 4677 καιρὸς
1221 4648 1236 4671 ,
1267 4609 1361 4661 καὶ
1399 4609 1717 4681 ἐσταυρώθη

155 4693 260 4759 μὲν,
318 4696 392 4758 ὡς
425 4697 737 4765 ἄνθρωπος·
791 4697 1042 4767 νενίκηκε
1100 4697 1209 4769 γὰρ
1251 4698 1346 4752 τοῦ
1399 4699 1630 4754 θανάτου
1658 4702 1719 4754 τὸ

148 4785 351 4851 κράτος,
377 4788 478 4858 οὐχ
523 4788 601 4851 ὡς
651 4787 956 4860 ἄνθρωπος,
986 4788 1070 4843 ἔτι
1098 4789 1302 4859 μᾶλλον
1332 4791 1390 4843 δὲ
1417 4793 1494 4852 ὡς
1545 4793 1676 4858 Θεὸς
1699 4834 1714 4857 ,

150 4876 278 4942 ςημὶ
298 4876 361 4948 δὴ
397 4879 544 4931 κατὰ
571 4879 671 4948 τὴν
700 4880 980 4951 ἐνέργειαν
1006 4882 1098 4936 καὶ
1130 4881 1228 4952 τὴν
1268 4884 1362 4936 ἐπὶ
1391 4884 1469 4954 τῷ
1498 4886 1716 4956 νικῆσαι

146 4963 286 5028 δόξαν
309 4986 365 5021 τε
391 4971 487 5022 καί
514 4969 766 5040 δύναμιν,
832 4972 892 5023 οὺ
935 4971 1075 5026 κατὰ
1125 4973 1223 5042 τὴν
1273 4974 1470 5045 σάρκα.
1501 4977 1717 5042 Μείζων

148 5051 271 5109 οὖνὸ
302 5059 513 5130 Πατὴρ,
549 5060 624 5124 ὼς
675 5061 754 5114 ἔτι
783 5061 990 5126 δούλου,
1023 5066 1118 5117 καὶ
1142 5066 1201 5116 ἐν
1249 5067 1362 5128 τοῖς
1421 5066 1544 5120 καθ’
1571 5069 1718 5137 ἡμᾶς

145 5141 280 5210 ὄντος
306 5148 400 5201 τοῦ
432 5149 591 5202 Υίοῦο
641 5151 764 5204 ἐπεὶ
797 5152 890 5206 καὶ
939 5152 1073 5206 Θεὸν
1102 5155 1296 5209 ἑαυτοῦ
1331 5174 1494 5228 φησιν
1519 5160 1713 5224 αὑτὸν,

150 5236 231 5288 καὶ
248 5239 400 5294 τοῦτο
424 5241 508 5311 τῷ
528 5241 852 5314 ἀνθρωπίνῳ
881 5247 1204 5316 προσνέμων
1228 5251 1485 5320 σχήματι.
1516 5253 1578 5306 Ei
1605 5254 1714 5324 γὰρ

147 5330 458 5400 πιστεύομεν
483 5333 569 5386 ὅτι
611 5333 884 5389 κεκένωκέ
921 5352 982 5390 τι
1030 5341 1124 5392 καὶ
1161 5343 1561 5397 τεταπείνωκεν
1584 5347 1712 5399 ἐαυ-

147 5415 243 5481 τὸν,
278 5421 391 5482 πῶς
420 5424 521 5491 οὐχ
547 5422 750 5477 ἆπασιν
794 5425 947 5480 ἔσται
981 5432 1290 5499 καταφανὲς
1310 5473 1324 5496 ,
1357 5434 1439 5486 ὅτι
1479 5437 1710 5490 καταϐέ-

147 5503 376 5573 εηκενέξ
415 5512 694 5582 ὑπεροχῆς
725 5531 870 5580 τινος
918 5519 998 5581 είς
1045 5519 1360 5586 ἐλάττωσιν,
1413 5525 1617 5593 μᾶλλον
1655 5527 1712 5582 δέ

208 5621 428 5707 "-Psal.
477 5642 643 5694 xm,
676 5627 766 5698 20.
845 5634 886 5665 ιι
932 5635 1065 5706 alia.
1108 5636 1158 5690 6.
1239 5639 1282 5668 ε’
1323 5637 1470 5694 Psal.
1507 5655 1660 5707 που,
1709 5641 1724 5693 ι

1834 5640 1877 5672 ⁶³
1920 5638 2067 5694 Psal.
2104 5650 2291 5698 xcur,
2331 5633 2379 5686 1.

145 5701 212 5762 ξι.
247 5690 295 5761 Ἰ,

1820 4613 2006 4677 homo,
2055 4609 2150 4664 sed
2200 4607 2381 4677 potius
2429 4617 2485 4658 ut
2534 4605 2696 4670 Deus,
2741 4607 2984 4661 emcacia
3036 4607 3293 4660 nimirum
3344 4614 3399 4658 et

1818 4701 2070 4756 vincendi
2121 4700 2297 4768 gloria
2349 4706 2514 4766 atque
2579 4705 2888 4767 potestate,
2929 4713 3038 4750 non
3093 4695 3395 4749 secundum

1815 4806 2062 4847 carnem.
2104 4789 2274 4859 Major
2315 4789 2502 4856 itaque
2545 4799 2629 4843 est
2684 4787 2849 4844 Pater
2899 4787 3062 4849 Filio,
3092 4801 3252 4840 servo
3307 4786 3394 4839 ni-

1816 4885 2017 4939 mirum
2060 4882 2263 4946 adhuc,
2298 4890 2352 4936 et
2403 4882 2456 4934 in
2512 4881 2768 4935 immanis
2809 4879 3152 4934 constituto:
3183 4892 3309 4930 nam
3342 4885 3396 4931 et

1815 4975 1995 5045 ipsum
2033 4973 2203 5028 Deum
2239 4987 2397 5026 suum
2435 4972 2702 5031 nominat.
2730 4971 2980 5024 humanae
3015 4969 3064 5022 id
3098 4967 3284 5022 forum
3314 4979 3395 5020 at-

1815 5068 2086 5122 tribuens.
2117 5065 2251 5119 Nam
2283 5065 2326 5119 si
2372 5064 2650 5120 credimus
2683 5079 2806 5118 eum
2848 5062 3159 5116 exinanisse
3203 5069 3256 5114 et
3291 5061 3388 5113 lm-

1815 5161 2062 5214 miliasse
2112 5157 2471 5226 semetipsum
2513 5155 2580 5220 ⁸⁸,
2635 5153 2914 5224 quomodo
2975 5168 3082 5206 non
3136 5150 3393 5205 omnibus

1819 5255 2032 5324 patebit,
2059 5267 2184 5308 eum
2225 5250 2294 5306 de
2323 5248 2617 5305 eminentia
2647 5246 2880 5316 quadam
2920 5247 2974 5299 in
3005 5244 3391 5308 demissionem

1814 5344 2192 5406 descendisse,
2221 5344 2332 5396 imo
2373 5356 2500 5395 vero
2533 5355 2596 5394 ex
2629 5339 2940 5407 aequalitate
2977 5353 3100 5392 cum
3132 5335 3293 5390 l’atre
3324 5336 3391 5389 ad

1813 5432 2441 5506 iumqualitatenﬂNihil
2469 5439 2653 5485 autem
2689 5431 2883 5483 borum
2913 5428 3073 5483 Pater
3103 5430 3390 5494 sustinuit,

1831 5531 1928 5585 sed
1986 5528 2190 5581 mansit
2235 5532 2291 5579 et
2333 5530 2542 5594 perstat
2579 5522 2634 5575 in
2688 5521 2890 5592 quibus
2933 5531 3052 5576 erat
3090 5525 3164 5576 ab
3210 5521 3391 5576 initio.

2477 5632 2519 5665 “
2560 5630 2716 5688 Joan.
2750 5650 2836 5692 xu
2861 5675 2873 5695 .
2909 5635 2996 5690 50.
3076 5634 3119 5665 ⁸⁵
3155 5631 3391 5701 Philipp.
