  <div class='ocr_page' id='page_1' title='image "/cluster/home/n/w/nwhite01/storage/ocr_20150623/74/pst.000004029052/169.png"; bbox 0 0 3992 6316; ppageno 0'>
   <div class='ocr_carea' id='block_1_1' title="bbox 601 297 712 356">
    <p class='ocr_par' dir='ltr' id='par_1_1' title="bbox 601 297 712 356">
     <span class='ocr_line' id='line_1_1' title="bbox 601 297 712 356; baseline -0.009 0"><span class='ocrx_word' id='word_1_1' title='bbox 601 297 712 356; x_wconf 75' lang='grc'><strong>315</strong></span> 
     </span>
    </p>
   </div>
   <div class='ocr_carea' id='block_1_2' title="bbox 1642 292 2894 352">
    <p class='ocr_par' dir='ltr' id='par_1_2' title="bbox 1642 292 2894 352">
     <span class='ocr_line' id='line_1_2' title="bbox 1642 292 2894 352; baseline -0.002 0"><span class='ocrx_word' id='word_1_2' title='bbox 1642 295 1699 352; x_wconf 89' lang='lat' dir='ltr'><strong>S.</strong></span> <span class='ocrx_word' id='word_1_3' title='bbox 1743 292 2019 351; x_wconf 78' lang='lat' dir='ltr'><strong>CYRILLI</strong></span> <span class='ocrx_word' id='word_1_4' title='bbox 2062 292 2535 350; x_wconf 73' lang='lat' dir='ltr'><strong>ALEXANDle</strong></span> <span class='ocrx_word' id='word_1_5' title='bbox 2576 293 2894 350; x_wconf 69' lang='grc' dir='ltr'><strong>Αιιειιιι;.·.</strong></span> 
     </span>
    </p>
   </div>
   <div class='ocr_carea' id='block_1_3' title="bbox 3744 294 3859 352">
    <p class='ocr_par' dir='ltr' id='par_1_3' title="bbox 3744 294 3859 352">
     <span class='ocr_line' id='line_1_3' title="bbox 3744 294 3859 352; baseline 0.017 -2"><span class='ocrx_word' id='word_1_6' title='bbox 3744 294 3859 352; x_wconf 70' lang='lat' dir='ltr'><strong>3M</strong></span> 
     </span>
    </p>
   </div>
   <div class='ocr_carea' id='block_1_4' title="bbox 604 410 2156 484">
    <p class='ocr_par' dir='ltr' id='par_1_4' title="bbox 604 410 2156 484">
     <span class='ocr_line' id='line_1_4' title="bbox 604 410 2156 484; baseline -0.004 -15"><span class='ocrx_word' id='word_1_7' title='bbox 604 413 782 483; x_wconf 83' lang='lat' dir='ltr'><strong>Major</strong></span> <span class='ocrx_word' id='word_1_8' title='bbox 811 411 979 484; x_wconf 60' lang='lat'><strong>856</strong></span> <span class='ocrx_word' id='word_1_9' title='bbox 1027 413 1211 482; x_wconf 80' lang='lat' dir='ltr'><strong>itaque</strong></span> <span class='ocrx_word' id='word_1_10' title='bbox 1257 419 1340 469; x_wconf 91' lang='lat' dir='ltr'><strong>est</strong></span> <span class='ocrx_word' id='word_1_11' title='bbox 1389 428 1454 467; x_wconf 94' lang='lat' dir='ltr'><strong>eo</strong></span> <span class='ocrx_word' id='word_1_12' title='bbox 1483 413 1576 484; x_wconf 80' lang='lat' dir='ltr'><strong>qui</strong></span> <span class='ocrx_word' id='word_1_13' title='bbox 1625 428 1693 467; x_wconf 78' lang='lat' dir='ltr'><strong>ex</strong></span> <span class='ocrx_word' id='word_1_14' title='bbox 1745 410 2156 480; x_wconf 77' lang='lat' dir='ltr'><strong>dispensationi:</strong></span> 
     </span>
    </p>
   </div>
   <div class='ocr_carea' id='block_1_5' title="bbox 2259 410 3858 484">
    <p class='ocr_par' dir='ltr' id='par_1_5' title="bbox 2279 411 3858 484">
     <span class='ocr_line' id='line_1_5' title="bbox 2279 411 3858 484; baseline 0.001 -20"><span class='ocrx_word' id='word_1_15' title='bbox 2279 413 2338 476; x_wconf 82' lang='grc' dir='ltr'>ἑξ</span> <span class='ocrx_word' id='word_1_16' title='bbox 2373 413 2616 484; x_wconf 79' lang='grc' dir='ltr'><strong>ἰσότητος</strong></span> <span class='ocrx_word' id='word_1_17' title='bbox 2639 414 2737 480; x_wconf 81' lang='grc' dir='ltr'>τῆς</span> <span class='ocrx_word' id='word_1_18' title='bbox 2774 414 2908 481; x_wconf 67' lang='grc' dir='ltr'>πρὸς</span> <span class='ocrx_word' id='word_1_19' title='bbox 2926 412 3015 464; x_wconf 76' lang='grc' dir='ltr'><strong>τὸν</strong></span> <span class='ocrx_word' id='word_1_20' title='bbox 3051 413 3288 482; x_wconf 86' lang='grc' dir='ltr'>Πατέρα,</span> <span class='ocrx_word' id='word_1_21' title='bbox 3325 411 3458 483; x_wconf 71' lang='grc' dir='ltr'>πρδς</span> <span class='ocrx_word' id='word_1_22' title='bbox 3485 412 3546 464; x_wconf 74' lang='grc' dir='ltr'>τὸ</span> <span class='ocrx_word' id='word_1_23' title='bbox 3583 412 3658 483; x_wconf 75' lang='grc' dir='ltr'>μὴ</span> <span class='ocrx_word' id='word_1_24' title='bbox 3679 411 3858 478; x_wconf 79' lang='grc' dir='ltr'>οὕτως</span> 
     </span>
    </p>
   </div>
   <div class='ocr_carea' id='block_1_6' title="bbox 603 501 2174 574">
    <p class='ocr_par' dir='ltr' id='par_1_6' title="bbox 603 501 2174 574">
     <span class='ocr_line' id='line_1_6' title="bbox 603 501 2174 574; baseline -0.003 -15"><span class='ocrx_word' id='word_1_25' title='bbox 603 506 794 560; x_wconf 87' lang='lat' dir='ltr'><strong>ordine</strong></span> <span class='ocrx_word' id='word_1_26' title='bbox 825 505 1238 559; x_wconf 89' lang='lat' dir='ltr'><strong>miuorationem</strong></span> <span class='ocrx_word' id='word_1_27' title='bbox 1275 506 1538 574; x_wconf 90' lang='lat' dir='ltr'><strong>suscepit,</strong></span> <span class='ocrx_word' id='word_1_28' title='bbox 1563 505 1771 574; x_wconf 88' lang='lat' dir='ltr'><strong>quique</strong></span> <span class='ocrx_word' id='word_1_29' title='bbox 1794 503 1850 556; x_wconf 93' lang='lat' dir='ltr'><strong>in</strong></span> <span class='ocrx_word' id='word_1_30' title='bbox 1885 516 1950 556; x_wconf 91' lang='lat' dir='ltr'><strong>ea</strong></span> <span class='ocrx_word' id='word_1_31' title='bbox 1985 501 2174 555; x_wconf 91' lang='lat' dir='ltr'><strong>tandiu</strong></span> 
     </span>
    </p>
   </div>
   <div class='ocr_carea' id='block_1_7' title="bbox 602 591 2172 663">
    <p class='ocr_par' dir='ltr' id='par_1_7' title="bbox 602 591 2172 663">
     <span class='ocr_line' id='line_1_7' title="bbox 602 591 2172 663; baseline -0.004 -13"><span class='ocrx_word' id='word_1_32' title='bbox 602 598 728 659; x_wconf 78' lang='lat' dir='ltr'><strong>fuit,</strong></span> <span class='ocrx_word' id='word_1_33' title='bbox 772 594 1014 663; x_wconf 90' lang='lat' dir='ltr'><strong>quandiu</strong></span> <span class='ocrx_word' id='word_1_34' title='bbox 1060 594 1126 648; x_wconf 90' lang='lat' dir='ltr'><strong>ad</strong></span> <span class='ocrx_word' id='word_1_35' title='bbox 1195 597 1326 650; x_wconf 92' lang='lat' dir='ltr'><strong>illud</strong></span> <span class='ocrx_word' id='word_1_36' title='bbox 1389 610 1645 651; x_wconf 85' lang='lat' dir='ltr'><strong>reversus</strong></span> <span class='ocrx_word' id='word_1_37' title='bbox 1680 601 1787 656; x_wconf 89' lang='lat' dir='ltr'><strong>est,</strong></span> <span class='ocrx_word' id='word_1_38' title='bbox 1862 591 2172 661; x_wconf 85' lang='lat' dir='ltr'><strong>proprium,</strong></span> 
     </span>
    </p>
   </div>
   <div class='ocr_carea' id='block_1_8' title="bbox 601 683 2170 755">
    <p class='ocr_par' dir='ltr' id='par_1_8' title="bbox 601 683 2170 755">
     <span class='ocr_line' id='line_1_8' title="bbox 601 683 2170 755; baseline -0.003 -16"><span class='ocrx_word' id='word_1_39' title='bbox 601 688 843 755; x_wconf 90' lang='lat' dir='ltr'><strong>inquam,</strong></span> <span class='ocrx_word' id='word_1_40' title='bbox 878 693 934 739; x_wconf 84' lang='lat' dir='ltr'><strong>et</strong></span> <span class='ocrx_word' id='word_1_41' title='bbox 983 687 1234 741; x_wconf 73' lang='lat' dir='ltr'><strong>naturale</strong></span> <span class='ocrx_word' id='word_1_42' title='bbox 1302 686 1527 748; x_wconf 91' lang='lat' dir='ltr'><strong>bonum,</strong></span> <span class='ocrx_word' id='word_1_43' title='bbox 1572 687 1626 739; x_wconf 90' lang='lat' dir='ltr'><strong>in</strong></span> <span class='ocrx_word' id='word_1_44' title='bbox 1682 699 1792 755; x_wconf 93' lang='lat' dir='ltr'><strong>quo</strong></span> <span class='ocrx_word' id='word_1_45' title='bbox 1821 691 1942 738; x_wconf 89' lang='lat' dir='ltr'><strong>erat</strong></span> <span class='ocrx_word' id='word_1_46' title='bbox 1993 683 2170 736; x_wconf 90' lang='lat' dir='ltr'><strong>initio.</strong></span> 
     </span>
    </p>
   </div>
   <div class='ocr_carea' id='block_1_9' title="bbox 599 776 2173 847">
    <p class='ocr_par' dir='ltr' id='par_1_9' title="bbox 599 776 2173 847">
     <span class='ocr_line' id='line_1_9' title="bbox 599 776 2173 847; baseline -0.002 -17"><span class='ocrx_word' id='word_1_47' title='bbox 599 777 779 831; x_wconf 82' lang='lat' dir='ltr'><strong>Locus</strong></span> <span class='ocrx_word' id='word_1_48' title='bbox 826 785 1010 830; x_wconf 89' lang='lat' dir='ltr'><strong>autem</strong></span> <span class='ocrx_word' id='word_1_49' title='bbox 1064 779 1112 831; x_wconf 91' lang='lat' dir='ltr'><strong>ei</strong></span> <span class='ocrx_word' id='word_1_50' title='bbox 1149 776 1556 847; x_wconf 89' lang='lat' dir='ltr'><strong>quodammodo</strong></span> <span class='ocrx_word' id='word_1_51' title='bbox 1592 777 1851 847; x_wconf 88' lang='lat' dir='ltr'><strong>proprius</strong></span> <span class='ocrx_word' id='word_1_52' title='bbox 1903 790 1968 828; x_wconf 89' lang='lat' dir='ltr'><strong>ac</strong></span> <span class='ocrx_word' id='word_1_53' title='bbox 2012 783 2173 836; x_wconf 80' lang='lat' dir='ltr'><strong>natu-</strong></span> 
     </span>
    </p>
   </div>
   <div class='ocr_carea' id='block_1_10' title="bbox 600 867 2170 938">
    <p class='ocr_par' dir='ltr' id='par_1_10' title="bbox 600 867 2170 938">
     <span class='ocr_line' id='line_1_10' title="bbox 600 867 2170 938; baseline 0.002 -17"><span class='ocrx_word' id='word_1_54' title='bbox 600 867 732 922; x_wconf 82' lang='lat' dir='ltr'><strong>ralis</strong></span> <span class='ocrx_word' id='word_1_55' title='bbox 764 868 888 936; x_wconf 85' lang='lat' dir='ltr'><strong>jure</strong></span> <span class='ocrx_word' id='word_1_56' title='bbox 937 869 1257 923; x_wconf 85' lang='lat' dir='ltr'><strong>censebitur</strong></span> <span class='ocrx_word' id='word_1_57' title='bbox 1309 869 1400 923; x_wconf 87' lang='lat' dir='ltr'><strong>illa</strong></span> <span class='ocrx_word' id='word_1_58' title='bbox 1456 883 1581 923; x_wconf 92' lang='lat' dir='ltr'><strong>cum</strong></span> <span class='ocrx_word' id='word_1_59' title='bbox 1641 868 1798 924; x_wconf 84' lang='lat' dir='ltr'><strong>Patre</strong></span> <span class='ocrx_word' id='word_1_60' title='bbox 1860 869 2170 938; x_wconf 66' lang='lat' dir='ltr'><strong>inqualitas,</strong></span> 
     </span>
    </p>
   </div>
   <div class='ocr_carea' id='block_1_11' title="bbox 597 949 2171 1028">
    <p class='ocr_par' dir='ltr' id='par_1_11' title="bbox 597 949 2171 1028">
     <span class='ocr_line' id='line_1_11' title="bbox 597 949 2171 1028; baseline 0.003 -18"><span class='ocrx_word' id='word_1_61' title='bbox 597 949 760 1028; x_wconf 82' lang='lat' dir='ltr'><strong>quam</strong></span> <span class='ocrx_word' id='word_1_62' title='bbox 817 975 941 1014; x_wconf 90' lang='lat' dir='ltr'><strong>cum</strong></span> <span class='ocrx_word' id='word_1_63' title='bbox 984 961 1237 1016; x_wconf 74' lang='lat' dir='ltr'><strong>obstante</strong></span> <span class='ocrx_word' id='word_1_64' title='bbox 1293 961 1514 1014; x_wconf 89' lang='lat' dir='ltr'><strong>nemine</strong></span> <span class='ocrx_word' id='word_1_65' title='bbox 1555 960 1756 1016; x_wconf 83' lang='lat' dir='ltr'><strong>habere</strong></span> <span class='ocrx_word' id='word_1_66' title='bbox 1814 961 2026 1024; x_wconf 88' lang='lat' dir='ltr'><strong>liceret,</strong></span> <span class='ocrx_word' id='word_1_67' title='bbox 2060 976 2171 1014; x_wconf 88' lang='lat' dir='ltr'><strong>non</strong></span> 
     </span>
    </p>
   </div>
   <div class='ocr_carea' id='block_1_12' title="bbox 596 1050 2169 1121">
    <p class='ocr_par' dir='ltr' id='par_1_12' title="bbox 596 1050 2169 1121">
     <span class='ocr_line' id='line_1_12' title="bbox 596 1050 2169 1121; baseline 0.003 -20"><span class='ocrx_word' id='word_1_68' title='bbox 596 1057 778 1103; x_wconf 86' lang='lat' dir='ltr'><strong>tamen</strong></span> <span class='ocrx_word' id='word_1_69' title='bbox 806 1051 1055 1120; x_wconf 89' lang='lat' dir='ltr'><strong>rapinam</strong></span> <span class='ocrx_word' id='word_1_70' title='bbox 1085 1051 1385 1106; x_wconf 83' lang='lat' dir='ltr'><strong>arbitratus</strong></span> <span class='ocrx_word' id='word_1_71' title='bbox 1400 1059 1488 1106; x_wconf 89' lang='lat' dir='ltr'><strong>est</strong></span> <span class='ocrx_word' id='word_1_72' title='bbox 1508 1061 1732 1121; x_wconf 85' lang='lat' dir='ltr'><strong>propter</strong></span> <span class='ocrx_word' id='word_1_73' title='bbox 1763 1067 1863 1107; x_wconf 93' lang='lat' dir='ltr'><strong>nos</strong></span> <span class='ocrx_word' id='word_1_74' title='bbox 1881 1052 1949 1106; x_wconf 81' lang='lat'><strong>“.</strong></span> <span class='ocrx_word' id='word_1_75' title='bbox 1973 1050 2169 1118; x_wconf 85' lang='lat' dir='ltr'><strong>Porro,</strong></span> 
     </span>
    </p>
   </div>
   <div class='ocr_carea' id='block_1_13' title="bbox 595 1138 2169 1209">
    <p class='ocr_par' dir='ltr' id='par_1_13' title="bbox 595 1138 2169 1209">
     <span class='ocr_line' id='line_1_13' title="bbox 595 1138 2169 1209; baseline 0.002 -18"><span class='ocrx_word' id='word_1_76' title='bbox 595 1154 719 1191; x_wconf 80' lang='lat' dir='ltr'><strong>cum</strong></span> <span class='ocrx_word' id='word_1_77' title='bbox 759 1138 828 1193; x_wconf 85' lang='lat' dir='ltr'><strong>de</strong></span> <span class='ocrx_word' id='word_1_78' title='bbox 879 1140 1193 1209; x_wconf 69' lang='lat' dir='ltr'><strong>aequalitate</strong></span> <span class='ocrx_word' id='word_1_79' title='bbox 1226 1140 1349 1194; x_wconf 83' lang='lat' dir='ltr'><strong>Filii</strong></span> <span class='ocrx_word' id='word_1_80' title='bbox 1385 1156 1510 1194; x_wconf 89' lang='lat' dir='ltr'><strong>cum</strong></span> <span class='ocrx_word' id='word_1_81' title='bbox 1544 1139 1656 1195; x_wconf 90' lang='lat' dir='ltr'><strong>Deo</strong></span> <span class='ocrx_word' id='word_1_82' title='bbox 1689 1155 1752 1194; x_wconf 85' lang='lat' dir='ltr'><strong>ac</strong></span> <span class='ocrx_word' id='word_1_83' title='bbox 1794 1140 1954 1194; x_wconf 85' lang='lat' dir='ltr'><strong>Patre</strong></span> <span class='ocrx_word' id='word_1_84' title='bbox 1997 1140 2169 1194; x_wconf 86' lang='lat' dir='ltr'><strong>multa</strong></span> 
     </span>
    </p>
   </div>
   <div class='ocr_carea' id='block_1_14' title="bbox 596 1219 2168 1300">
    <p class='ocr_par' dir='ltr' id='par_1_14' title="bbox 596 1219 2168 1300">
     <span class='ocr_line' id='line_1_14' title="bbox 596 1219 2168 1300; baseline 0.001 -17"><span class='ocrx_word' id='word_1_85' title='bbox 596 1231 830 1284; x_wconf 81' lang='lat' dir='ltr'><strong>nobisin</strong></span> <span class='ocrx_word' id='word_1_86' title='bbox 865 1232 1240 1300; x_wconf 86' lang='lat' dir='ltr'><strong>superioribus</strong></span> <span class='ocrx_word' id='word_1_87' title='bbox 1281 1231 1438 1286; x_wconf 84' lang='lat' dir='ltr'><strong>libris</strong></span> <span class='ocrx_word' id='word_1_88' title='bbox 1469 1232 1617 1285; x_wconf 84' lang='lat' dir='ltr'><strong>dicta</strong></span> <span class='ocrx_word' id='word_1_89' title='bbox 1668 1231 1802 1294; x_wconf 87' lang='lat' dir='ltr'><strong>sint,</strong></span> <span class='ocrx_word' id='word_1_90' title='bbox 1830 1219 2011 1300; x_wconf 73' lang='lat' dir='ltr'><strong>opera:</strong></span> <span class='ocrx_word' id='word_1_91' title='bbox 2043 1246 2168 1300; x_wconf 84' lang='lat' dir='ltr'><strong>pre-</strong></span> 
     </span>
    </p>
   </div>
   <div class='ocr_carea' id='block_1_15' title="bbox 596 1321 2168 1392">
    <p class='ocr_par' dir='ltr' id='par_1_15' title="bbox 596 1321 2168 1392">
     <span class='ocr_line' id='line_1_15' title="bbox 596 1321 2168 1392; baseline 0.001 -20"><span class='ocrx_word' id='word_1_92' title='bbox 596 1322 730 1373; x_wconf 87' lang='lat' dir='ltr'><strong>tium</strong></span> <span class='ocrx_word' id='word_1_93' title='bbox 761 1321 949 1376; x_wconf 82' lang='lat' dir='ltr'><strong>forsan</strong></span> <span class='ocrx_word' id='word_1_94' title='bbox 999 1332 1146 1377; x_wconf 87' lang='lat' dir='ltr'><strong>esset</strong></span> <span class='ocrx_word' id='word_1_95' title='bbox 1173 1323 1236 1375; x_wconf 86' lang='lat' dir='ltr'><strong>ad</strong></span> <span class='ocrx_word' id='word_1_96' title='bbox 1267 1338 1328 1376; x_wconf 89' lang='lat' dir='ltr'><strong>ea</strong></span> <span class='ocrx_word' id='word_1_97' title='bbox 1357 1338 1478 1392; x_wconf 72' lang='lat' dir='ltr'><strong>quae</strong></span> <span class='ocrx_word' id='word_1_98' title='bbox 1508 1330 1817 1390; x_wconf 89' lang='lat' dir='ltr'><strong>sequuntur</strong></span> <span class='ocrx_word' id='word_1_99' title='bbox 1843 1322 2168 1390; x_wconf 75' lang='lat' dir='ltr'><strong>explicanda</strong></span> 
     </span>
    </p>
   </div>
   <div class='ocr_carea' id='block_1_16' title="bbox 595 1413 2169 1483">
    <p class='ocr_par' dir='ltr' id='par_1_16' title="bbox 595 1413 2169 1483">
     <span class='ocr_line' id='line_1_16' title="bbox 595 1413 2169 1483; baseline 0.003 -19"><span class='ocrx_word' id='word_1_100' title='bbox 595 1427 694 1466; x_wconf 89' lang='lat' dir='ltr'><strong>nos</strong></span> <span class='ocrx_word' id='word_1_101' title='bbox 741 1413 1053 1483; x_wconf 78' lang='lat' dir='ltr'><strong>accingere,</strong></span> <span class='ocrx_word' id='word_1_102' title='bbox 1093 1414 1247 1482; x_wconf 85' lang='lat' dir='ltr'><strong>plura</strong></span> <span class='ocrx_word' id='word_1_103' title='bbox 1305 1415 1370 1467; x_wconf 86' lang='lat' dir='ltr'><strong>de</strong></span> <span class='ocrx_word' id='word_1_104' title='bbox 1405 1413 1490 1466; x_wconf 89' lang='lat' dir='ltr'><strong>his</strong></span> <span class='ocrx_word' id='word_1_105' title='bbox 1531 1415 1855 1482; x_wconf 64' lang='lat' dir='ltr'><strong>impraesens</strong></span> <span class='ocrx_word' id='word_1_106' title='bbox 1894 1413 2169 1469; x_wconf 89' lang='lat' dir='ltr'><strong>disserere</strong></span> 
     </span>
    </p>
   </div>
   <div class='ocr_carea' id='block_1_17' title="bbox 591 1503 2167 1572">
    <p class='ocr_par' dir='ltr' id='par_1_17' title="bbox 591 1503 2167 1572">
     <span class='ocr_line' id='line_1_17' title="bbox 591 1503 2167 1572; baseline 0.003 -20"><span class='ocrx_word' id='word_1_107' title='bbox 591 1503 928 1556; x_wconf 81' lang='lat' dir='ltr'><strong>omittentes.</strong></span> <span class='ocrx_word' id='word_1_108' title='bbox 957 1503 1063 1557; x_wconf 87' lang='lat' dir='ltr'><strong>Sed</strong></span> <span class='ocrx_word' id='word_1_109' title='bbox 1104 1504 1363 1572; x_wconf 91' lang='lat' dir='ltr'><strong>quoniam</strong></span> <span class='ocrx_word' id='word_1_110' title='bbox 1396 1519 1464 1557; x_wconf 77' lang='lat' dir='ltr'><strong>ex</strong></span> <span class='ocrx_word' id='word_1_111' title='bbox 1498 1504 1709 1558; x_wconf 85' lang='lat' dir='ltr'><strong>insanis</strong></span> <span class='ocrx_word' id='word_1_112' title='bbox 1739 1504 2014 1558; x_wconf 70' lang='lat' dir='ltr'><strong>haereticis</strong></span> <span class='ocrx_word' id='word_1_113' title='bbox 2045 1505 2167 1572; x_wconf 92' lang='lat' dir='ltr'><strong>qui-</strong></span> 
     </span>
    </p>
   </div>
   <div class='ocr_carea' id='block_1_18' title="bbox 591 1587 2166 1660">
    <p class='ocr_par' dir='ltr' id='par_1_18' title="bbox 591 1587 2166 1660">
     <span class='ocr_line' id='line_1_18' title="bbox 591 1587 2166 1660; baseline 0.006 -22"><span class='ocrx_word' id='word_1_114' title='bbox 591 1587 740 1650; x_wconf 78' lang='lat' dir='ltr'><strong>dam,</strong></span> <span class='ocrx_word' id='word_1_115' title='bbox 779 1603 886 1642; x_wconf 91' lang='lat' dir='ltr'><strong>non</strong></span> <span class='ocrx_word' id='word_1_116' title='bbox 917 1591 1194 1658; x_wconf 79' lang='lat' dir='ltr'><strong>vulgarem</strong></span> <span class='ocrx_word' id='word_1_117' title='bbox 1233 1591 1376 1660; x_wconf 85' lang='lat' dir='ltr'><strong>apud</strong></span> <span class='ocrx_word' id='word_1_118' title='bbox 1401 1589 1620 1646; x_wconf 62' lang='lat' dir='ltr'><strong>Iudaeos</strong></span> <span class='ocrx_word' id='word_1_119' title='bbox 1665 1607 1948 1646; x_wconf 88' lang='lat' dir='ltr'><strong>sacrarum</strong></span> <span class='ocrx_word' id='word_1_120' title='bbox 1991 1591 2166 1648; x_wconf 84' lang='lat' dir='ltr'><strong>Litte-</strong></span> 
     </span>
    </p>
   </div>
   <div class='ocr_carea' id='block_1_19' title="bbox 591 1680 2165 1753">
    <p class='ocr_par' dir='ltr' id='par_1_19' title="bbox 591 1680 2165 1753">
     <span class='ocr_line' id='line_1_19' title="bbox 591 1680 2165 1753; baseline 0.007 -25"><span class='ocrx_word' id='word_1_121' title='bbox 591 1693 772 1731; x_wconf 87' lang='lat' dir='ltr'><strong>rarum</strong></span> <span class='ocrx_word' id='word_1_122' title='bbox 807 1680 1176 1748; x_wconf 79' lang='lat' dir='ltr'><strong>cognitionem</strong></span> <span class='ocrx_word' id='word_1_123' title='bbox 1208 1692 1427 1745; x_wconf 86' lang='lat' dir='ltr'><strong>nactus,</strong></span> <span class='ocrx_word' id='word_1_124' title='bbox 1463 1683 1609 1736; x_wconf 84' lang='lat' dir='ltr'><strong>hunc</strong></span> <span class='ocrx_word' id='word_1_125' title='bbox 1648 1683 1827 1737; x_wconf 92' lang='lat' dir='ltr'><strong>locum</strong></span> <span class='ocrx_word' id='word_1_126' title='bbox 1852 1686 2165 1753; x_wconf 84' lang='lat' dir='ltr'><strong>explicans,</strong></span> 
     </span>
    </p>
   </div>
   <div class='ocr_carea' id='block_1_20' title="bbox 2277 502 3857 574">
    <p class='ocr_par' dir='ltr' id='par_1_20' title="bbox 2277 502 3857 574">
     <span class='ocr_line' id='line_1_20' title="bbox 2277 502 3857 574; baseline 0.002 -20"><span class='ocrx_word' id='word_1_127' title='bbox 2277 502 2432 572; x_wconf 81' lang='grc' dir='ltr'>ἔχονς</span> <span class='ocrx_word' id='word_1_128' title='bbox 2464 505 2628 557; x_wconf 79' lang='grc' dir='ltr'>Οὐδὲν</span> <span class='ocrx_word' id='word_1_129' title='bbox 2659 507 2715 558; x_wconf 80' lang='grc' dir='ltr'><strong>δὲ</strong></span> <span class='ocrx_word' id='word_1_130' title='bbox 2738 504 2939 556; x_wconf 89' lang='grc' dir='ltr'>τούτων</span> <span class='ocrx_word' id='word_1_131' title='bbox 2986 503 3400 573; x_wconf 85' lang='grc' dir='ltr'>ὑπομεμὲνηκεν</span> <span class='ocrx_word' id='word_1_132' title='bbox 3429 503 3458 555; x_wconf 82' lang='grc' dir='ltr'>ὁ</span> <span class='ocrx_word' id='word_1_133' title='bbox 3484 503 3672 574; x_wconf 77' lang='grc' dir='ltr'>Πατήρ</span> <span class='ocrx_word' id='word_1_134' title='bbox 3692 521 3705 535; x_wconf 82' lang='grc'><em>’</em></span> <span class='ocrx_word' id='word_1_135' title='bbox 3760 523 3857 574; x_wconf 84' lang='grc' dir='ltr'>με-</span> 
     </span>
    </p>
   </div>
   <div class='ocr_carea' id='block_1_21' title="bbox 2279 585 3856 662">
    <p class='ocr_par' dir='ltr' id='par_1_21' title="bbox 2279 585 3856 662">
     <span class='ocr_line' id='line_1_21' title="bbox 2279 585 3856 662; baseline 0.002 -19"><span class='ocrx_word' id='word_1_136' title='bbox 2279 589 2478 660; x_wconf 83' lang='grc' dir='ltr'>μένηκε</span> <span class='ocrx_word' id='word_1_137' title='bbox 2509 593 2564 645; x_wconf 83' lang='grc' dir='ltr'><strong>δὲ</strong></span> <span class='ocrx_word' id='word_1_138' title='bbox 2593 593 2684 646; x_wconf 74' lang='grc' dir='ltr'>καὶ</span> <span class='ocrx_word' id='word_1_139' title='bbox 2711 593 2855 644; x_wconf 77' lang='grc' dir='ltr'>ἔστιν</span> <span class='ocrx_word' id='word_1_140' title='bbox 2887 593 2945 643; x_wconf 89' lang='grc' dir='ltr'><strong>ἑν</strong></span> <span class='ocrx_word' id='word_1_141' title='bbox 2967 585 3047 654; x_wconf 79' lang='grc' dir='ltr'><strong>οἷς</strong></span> <span class='ocrx_word' id='word_1_142' title='bbox 3075 587 3142 662; x_wconf 84' lang='grc' dir='ltr'>ἦν</span> <span class='ocrx_word' id='word_1_143' title='bbox 3167 591 3227 655; x_wconf 86' lang='grc' dir='ltr'><strong>ἑξ</strong></span> <span class='ocrx_word' id='word_1_144' title='bbox 3272 591 3470 661; x_wconf 79' lang='grc' dir='ltr'>ἀρχῆς.</span> <span class='ocrx_word' id='word_1_145' title='bbox 3510 591 3728 655; x_wconf 73' lang='grc' dir='ltr'>Μείζων</span> <span class='ocrx_word' id='word_1_146' title='bbox 3763 589 3856 646; x_wconf 71' lang='grc' dir='ltr'><strong>οὖν</strong></span> 
     </span>
    </p>
   </div>
   <div class='ocr_carea' id='block_1_22' title="bbox 2275 679 3856 750">
    <p class='ocr_par' dir='ltr' id='par_1_22' title="bbox 2275 679 3856 750">
     <span class='ocr_line' id='line_1_22' title="bbox 2275 679 3856 750; baseline 0 -18"><span class='ocrx_word' id='word_1_147' title='bbox 2275 679 2384 749; x_wconf 81' lang='grc' dir='ltr'>ἄρα</span> <span class='ocrx_word' id='word_1_148' title='bbox 2410 680 2504 732; x_wconf 77' lang='grc' dir='ltr'>τοῦ</span> <span class='ocrx_word' id='word_1_149' title='bbox 2550 681 2648 750; x_wconf 81' lang='grc' dir='ltr'>τὴν</span> <span class='ocrx_word' id='word_1_150' title='bbox 2687 681 2978 732; x_wconf 75' lang='grc' dir='ltr'><strong>ἐλάττωσιν</strong></span> <span class='ocrx_word' id='word_1_151' title='bbox 3033 680 3384 750; x_wconf 73' lang='grc' dir='ltr'><strong>οἰκονομικῶς</strong></span> <span class='ocrx_word' id='word_1_152' title='bbox 3413 680 3707 748; x_wconf 82' lang='grc' dir='ltr'>ἑλομένου,</span> <span class='ocrx_word' id='word_1_153' title='bbox 3760 685 3856 734; x_wconf 76' lang='grc' dir='ltr'>καὶ</span> 
     </span>
    </p>
   </div>
   <div class='ocr_carea' id='block_1_23' title="bbox 2274 771 3849 842">
    <p class='ocr_par' dir='ltr' id='par_1_23' title="bbox 2274 771 3849 842">
     <span class='ocr_line' id='line_1_23' title="bbox 2274 771 3849 842; baseline 0 -18"><span class='ocrx_word' id='word_1_154' title='bbox 2274 771 2410 833; x_wconf 85' lang='grc' dir='ltr'>τέως</span> <span class='ocrx_word' id='word_1_155' title='bbox 2439 771 2588 834; x_wconf 73' lang='grc' dir='ltr'>ὄντος</span> <span class='ocrx_word' id='word_1_156' title='bbox 2617 775 2672 825; x_wconf 83' lang='grc' dir='ltr'><strong>ἑν</strong></span> <span class='ocrx_word' id='word_1_157' title='bbox 2693 773 2853 842; x_wconf 73' lang='grc' dir='ltr'>αὐτῇ,</span> <span class='ocrx_word' id='word_1_158' title='bbox 2882 773 3036 842; x_wconf 73' lang='grc' dir='ltr'>ἄχρις</span> <span class='ocrx_word' id='word_1_159' title='bbox 3061 771 3126 824; x_wconf 81' lang='grc' dir='ltr'><strong>ἂν</strong></span> <span class='ocrx_word' id='word_1_160' title='bbox 3176 774 3350 824; x_wconf 81' lang='grc' dir='ltr'>ἐκεῖνο</span> <span class='ocrx_word' id='word_1_161' title='bbox 3389 771 3547 824; x_wconf 81' lang='grc' dir='ltr'>πάλιν</span> <span class='ocrx_word' id='word_1_162' title='bbox 3579 773 3849 842; x_wconf 85' lang='grc' dir='ltr'>ἀνακομι-</span> 
     </span>
    </p>
   </div>
   <div class='ocr_carea' id='block_1_24' title="bbox 2275 859 3852 937">
    <p class='ocr_par' dir='ltr' id='par_1_24' title="bbox 2275 859 3852 937">
     <span class='ocr_line' id='line_1_24' title="bbox 2275 859 3852 937; baseline -0.001 -21"><span class='ocrx_word' id='word_1_163' title='bbox 2275 864 2398 934; x_wconf 85' lang='grc' dir='ltr'>σθῇ.</span> <span class='ocrx_word' id='word_1_164' title='bbox 2426 866 2486 918; x_wconf 79' lang='grc' dir='ltr'><strong>τὸ</strong></span> <span class='ocrx_word' id='word_1_165' title='bbox 2510 864 2638 919; x_wconf 85' lang='grc' dir='ltr'>ἴδιον</span> <span class='ocrx_word' id='word_1_166' title='bbox 2665 866 2726 934; x_wconf 89' lang='grc' dir='ltr'>δή</span> <span class='ocrx_word' id='word_1_167' title='bbox 2759 883 2900 937; x_wconf 87' lang='grc' dir='ltr'>φημι</span> <span class='ocrx_word' id='word_1_168' title='bbox 2949 865 3040 918; x_wconf 74' lang='grc' dir='ltr'><strong>καὶ</strong></span> <span class='ocrx_word' id='word_1_169' title='bbox 3081 864 3310 932; x_wconf 75' lang='grc' dir='ltr'>φυσικὸν</span> <span class='ocrx_word' id='word_1_170' title='bbox 3357 862 3577 931; x_wconf 80' lang='grc' dir='ltr'>ἀγαθὸν,</span> <span class='ocrx_word' id='word_1_171' title='bbox 3614 864 3675 914; x_wconf 87' lang='grc' dir='ltr'><strong>ἑν</strong></span> <span class='ocrx_word' id='word_1_172' title='bbox 3699 859 3852 934; x_wconf 84' lang='grc' dir='ltr'>ᾧπερ</span> 
     </span>
    </p>
   </div>
   <div class='ocr_carea' id='block_1_25' title="bbox 2271 949 3852 1026">
    <p class='ocr_par' dir='ltr' id='par_1_25' title="bbox 2271 949 3852 1026">
     <span class='ocr_line' id='line_1_25' title="bbox 2271 949 3852 1026; baseline 0.002 -22"><span class='ocrx_word' id='word_1_173' title='bbox 2271 949 2338 1024; x_wconf 77' lang='grc' dir='ltr'>ἦν</span> <span class='ocrx_word' id='word_1_174' title='bbox 2367 956 2426 1008; x_wconf 84' lang='grc' dir='ltr'><strong>ἑν</strong></span> <span class='ocrx_word' id='word_1_175' title='bbox 2451 958 2612 1026; x_wconf 75' lang='grc' dir='ltr'>ἀρχῇ.</span> <span class='ocrx_word' id='word_1_176' title='bbox 2648 957 2822 1018; x_wconf 84' lang='grc' dir='ltr'>Τόπος</span> <span class='ocrx_word' id='word_1_177' title='bbox 2845 956 2898 1008; x_wconf 78' lang='grc' dir='ltr'>δὲ</span> <span class='ocrx_word' id='word_1_178' title='bbox 2925 955 3113 1025; x_wconf 81' lang='grc' dir='ltr'>ὥσπερ</span> <span class='ocrx_word' id='word_1_179' title='bbox 3153 954 3352 1016; x_wconf 82' lang='grc' dir='ltr'>οἰκεῖός</span> <span class='ocrx_word' id='word_1_180' title='bbox 3391 971 3451 1006; x_wconf 89' lang='grc' dir='ltr'><strong>τε</strong></span> <span class='ocrx_word' id='word_1_181' title='bbox 3502 955 3595 1006; x_wconf 76' lang='grc' dir='ltr'><strong>καὶ</strong></span> <span class='ocrx_word' id='word_1_182' title='bbox 3624 954 3852 1022; x_wconf 73' lang='grc' dir='ltr'>φυσικὸς</span> 
     </span>
    </p>
   </div>
   <div class='ocr_carea' id='block_1_26' title="bbox 2271 1044 3852 1117">
    <p class='ocr_par' dir='ltr' id='par_1_26' title="bbox 2271 1044 3852 1117">
     <span class='ocr_line' id='line_1_26' title="bbox 2271 1044 3852 1117; baseline -0.001 -17"><span class='ocrx_word' id='word_1_183' title='bbox 2271 1048 2420 1117; x_wconf 81' lang='grc' dir='ltr'>αὐτῷ</span> <span class='ocrx_word' id='word_1_184' title='bbox 2451 1047 2668 1117; x_wconf 83' lang='grc' dir='ltr'>νοηθείη</span> <span class='ocrx_word' id='word_1_185' title='bbox 2723 1047 2787 1099; x_wconf 88' lang='grc' dir='ltr'><strong>ἂν</strong></span> <span class='ocrx_word' id='word_1_186' title='bbox 2835 1047 3060 1108; x_wconf 78' lang='grc' dir='ltr'><strong>εἰκότως</strong></span> <span class='ocrx_word' id='word_1_187' title='bbox 3086 1047 3118 1114; x_wconf 86' lang='grc' dir='ltr'>ἡ</span> <span class='ocrx_word' id='word_1_188' title='bbox 3176 1044 3357 1114; x_wconf 84' lang='grc' dir='ltr'>ίσότης</span> <span class='ocrx_word' id='word_1_189' title='bbox 3389 1046 3420 1115; x_wconf 78' lang='grc' dir='ltr'><strong>ἡ</strong></span> <span class='ocrx_word' id='word_1_190' title='bbox 3463 1045 3600 1114; x_wconf 73' lang='grc' dir='ltr'>πρὸς</span> <span class='ocrx_word' id='word_1_191' title='bbox 3625 1045 3716 1098; x_wconf 81' lang='grc' dir='ltr'>τὸν</span> <span class='ocrx_word' id='word_1_192' title='bbox 3741 1047 3852 1100; x_wconf 84' lang='grc' dir='ltr'><strong>Πα-</strong></span> 
     </span>
    </p>
   </div>
   <div class='ocr_carea' id='block_1_27' title="bbox 2269 1135 3850 1209">
    <p class='ocr_par' dir='ltr' id='par_1_27' title="bbox 2269 1135 3850 1209">
     <span class='ocr_line' id='line_1_27' title="bbox 2269 1135 3850 1209; baseline -0.001 -17"><span class='ocrx_word' id='word_1_193' title='bbox 2269 1139 2424 1208; x_wconf 88' lang='grc' dir='ltr'>τέρα,</span> <span class='ocrx_word' id='word_1_194' title='bbox 2479 1138 2545 1209; x_wconf 72' lang='grc' dir='ltr'>ἠν</span> <span class='ocrx_word' id='word_1_195' title='bbox 2592 1138 2732 1207; x_wconf 77' lang='grc' dir='ltr'>ἔχειν</span> <span class='ocrx_word' id='word_1_196' title='bbox 2787 1137 2906 1200; x_wconf 73' lang='grc' dir='ltr'>ἑξὸν</span> <span class='ocrx_word' id='word_1_197' title='bbox 2952 1135 3376 1202; x_wconf 83' lang='grc' dir='ltr'>ἀδιακωλύτως,</span> <span class='ocrx_word' id='word_1_198' title='bbox 3415 1137 3514 1206; x_wconf 69' lang='grc' dir='ltr'><strong>οὺχ</strong></span> <span class='ocrx_word' id='word_1_199' title='bbox 3556 1138 3850 1208; x_wconf 72' lang='grc' dir='ltr'>ἁρπαγμὸν</span> 
     </span>
    </p>
   </div>
   <div class='ocr_carea' id='block_1_28' title="bbox 2269 1227 3850 1300">
    <p class='ocr_par' dir='ltr' id='par_1_28' title="bbox 2269 1227 3850 1300">
     <span class='ocr_line' id='line_1_28' title="bbox 2269 1227 3850 1300; baseline 0.001 -18"><span class='ocrx_word' id='word_1_200' title='bbox 2269 1231 2513 1300; x_wconf 76' lang='grc' dir='ltr'>ἡγήσατο</span> <span class='ocrx_word' id='word_1_201' title='bbox 2538 1230 2604 1283; x_wconf 84' lang='grc' dir='ltr'>δι’</span> <span class='ocrx_word' id='word_1_202' title='bbox 2626 1230 2793 1298; x_wconf 79' lang='grc' dir='ltr'>ἡμᾶς.</span> <span class='ocrx_word' id='word_1_203' title='bbox 2825 1229 2931 1299; x_wconf 57' lang='grc' dir='ltr'><strong>Καὶ</strong></span> <span class='ocrx_word' id='word_1_204' title='bbox 2975 1227 3171 1280; x_wconf 79' lang='grc' dir='ltr'>πολλοῦ</span> <span class='ocrx_word' id='word_1_205' title='bbox 3201 1231 3330 1297; x_wconf 81' lang='grc' dir='ltr'>ἡμῖν</span> <span class='ocrx_word' id='word_1_206' title='bbox 3365 1228 3647 1296; x_wconf 78' lang='grc' dir='ltr'>γεγονότος</span> <span class='ocrx_word' id='word_1_207' title='bbox 3691 1230 3850 1297; x_wconf 83' lang='grc' dir='ltr'>λόγου</span> 
     </span>
    </p>
   </div>
   <div class='ocr_carea' id='block_1_29' title="bbox 2269 1318 3849 1394">
    <p class='ocr_par' dir='ltr' id='par_1_29' title="bbox 2269 1318 3849 1394">
     <span class='ocr_line' id='line_1_29' title="bbox 2269 1318 3849 1394; baseline -0.001 -20"><span class='ocrx_word' id='word_1_208' title='bbox 2269 1323 2522 1394; x_wconf 77' lang='grc' dir='ltr'>περὶτῆς</span> <span class='ocrx_word' id='word_1_209' title='bbox 2559 1322 2804 1391; x_wconf 72' lang='grc' dir='ltr'>ἰσότητος</span> <span class='ocrx_word' id='word_1_210' title='bbox 2835 1319 2930 1372; x_wconf 83' lang='grc' dir='ltr'><strong>τοῦ</strong></span> <span class='ocrx_word' id='word_1_211' title='bbox 2968 1319 3097 1372; x_wconf 80' lang='grc' dir='ltr'>Υἱοῦ</span> <span class='ocrx_word' id='word_1_212' title='bbox 3155 1320 3255 1388; x_wconf 84' lang='grc' dir='ltr'><strong>τῆς</strong></span> <span class='ocrx_word' id='word_1_213' title='bbox 3295 1318 3430 1388; x_wconf 78' lang='grc' dir='ltr'>πρὸς</span> <span class='ocrx_word' id='word_1_214' title='bbox 3472 1319 3562 1372; x_wconf 79' lang='grc' dir='ltr'><strong>τὸν</strong></span> <span class='ocrx_word' id='word_1_215' title='bbox 3588 1319 3722 1373; x_wconf 81' lang='grc' dir='ltr'>Θεὸν</span> <span class='ocrx_word' id='word_1_216' title='bbox 3757 1321 3849 1373; x_wconf 70' lang='grc' dir='ltr'>καὶ</span> 
     </span>
    </p>
   </div>
   <div class='ocr_carea' id='block_1_30' title="bbox 2268 1405 3852 1480">
    <p class='ocr_par' dir='ltr' id='par_1_30' title="bbox 2268 1405 3852 1480">
     <span class='ocr_line' id='line_1_30' title="bbox 2268 1405 3852 1480; baseline 0 -18"><span class='ocrx_word' id='word_1_217' title='bbox 2268 1411 2487 1480; x_wconf 81' lang='grc' dir='ltr'><strong>Πατέρα</strong></span> <span class='ocrx_word' id='word_1_218' title='bbox 2513 1411 2608 1461; x_wconf 71' lang='grc' dir='ltr'><strong>καὶ</strong></span> <span class='ocrx_word' id='word_1_219' title='bbox 2639 1411 2697 1461; x_wconf 89' lang='grc' dir='ltr'><strong>ἑν</strong></span> <span class='ocrx_word' id='word_1_220' title='bbox 2721 1411 2832 1470; x_wconf 82' lang='grc' dir='ltr'>τοῖς</span> <span class='ocrx_word' id='word_1_221' title='bbox 2861 1408 3037 1460; x_wconf 81' lang='grc' dir='ltr'>ὀπίσω</span> <span class='ocrx_word' id='word_1_222' title='bbox 3069 1407 3313 1477; x_wconf 72' lang='grc' dir='ltr'>βιϐλίοις,</span> <span class='ocrx_word' id='word_1_223' title='bbox 3347 1408 3487 1478; x_wconf 79' lang='grc' dir='ltr'>τάχα</span> <span class='ocrx_word' id='word_1_224' title='bbox 3508 1426 3624 1471; x_wconf 88' lang='grc' dir='ltr'><strong>πως</strong></span> <span class='ocrx_word' id='word_1_225' title='bbox 3651 1405 3722 1479; x_wconf 82' lang='grc' dir='ltr'>ἦν</span> <span class='ocrx_word' id='word_1_226' title='bbox 3749 1411 3852 1480; x_wconf 67' lang='grc' dir='ltr'>ἢδη</span> 
     </span>
    </p>
   </div>
   <div class='ocr_carea' id='block_1_31' title="bbox 2267 1499 3844 1572">
    <p class='ocr_par' dir='ltr' id='par_1_31' title="bbox 2267 1499 3844 1572">
     <span class='ocr_line' id='line_1_31' title="bbox 2267 1499 3844 1572; baseline -0.001 -18"><span class='ocrx_word' id='word_1_227' title='bbox 2267 1501 2474 1572; x_wconf 79' lang='grc' dir='ltr'>πρέπον</span> <span class='ocrx_word' id='word_1_228' title='bbox 2491 1501 2583 1553; x_wconf 77' lang='grc' dir='ltr'><strong>ἐπὶ</strong></span> <span class='ocrx_word' id='word_1_229' title='bbox 2611 1501 2707 1569; x_wconf 78' lang='grc' dir='ltr'><strong>τὴν</strong></span> <span class='ocrx_word' id='word_1_230' title='bbox 2736 1499 2842 1551; x_wconf 90' lang='grc' dir='ltr'><strong>τῶν</strong></span> <span class='ocrx_word' id='word_1_231' title='bbox 2873 1499 3002 1568; x_wconf 77' lang='grc' dir='ltr'>ἑξῆς</span> <span class='ocrx_word' id='word_1_232' title='bbox 3044 1500 3340 1569; x_wconf 77' lang='grc' dir='ltr'>σαφήνειαν</span> <span class='ocrx_word' id='word_1_233' title='bbox 3385 1499 3582 1561; x_wconf 81' lang='grc' dir='ltr'>ἑλθεῖν,</span> <span class='ocrx_word' id='word_1_234' title='bbox 3621 1501 3684 1551; x_wconf 75' lang='grc' dir='ltr'>τὸ</span> <span class='ocrx_word' id='word_1_235' title='bbox 3714 1504 3844 1570; x_wconf 71' lang='grc' dir='ltr'>περὶ</span> 
     </span>
    </p>
   </div>
   <div class='ocr_carea' id='block_1_32' title="bbox 2264 1577 3851 1662">
    <p class='ocr_par' dir='ltr' id='par_1_32' title="bbox 2264 1577 3851 1662">
     <span class='ocr_line' id='line_1_32' title="bbox 2264 1577 3851 1662; baseline 0 -19"><span class='ocrx_word' id='word_1_236' title='bbox 2264 1592 2471 1644; x_wconf 82' lang='grc' dir='ltr'>τούτων</span> <span class='ocrx_word' id='word_1_237' title='bbox 2488 1591 2566 1644; x_wconf 81' lang='grc' dir='ltr'><strong>ἑτι</strong></span> <span class='ocrx_word' id='word_1_238' title='bbox 2591 1593 2962 1661; x_wconf 78' lang='grc' dir='ltr'>μακρηγορεῖν</span> <span class='ocrx_word' id='word_1_239' title='bbox 2983 1589 3216 1662; x_wconf 75' lang='grc' dir='ltr'>ἀφέντας</span> <span class='ocrx_word' id='word_1_240' title='bbox 3233 1577 3314 1652; x_wconf 73' lang='grc' dir='ltr'>εἰς</span> <span class='ocrx_word' id='word_1_241' title='bbox 3332 1590 3393 1642; x_wconf 76' lang='grc' dir='ltr'><strong>τὸ</strong></span> <span class='ocrx_word' id='word_1_242' title='bbox 3411 1591 3604 1660; x_wconf 87' lang='grc' dir='ltr'>παρόν.</span> <span class='ocrx_word' id='word_1_243' title='bbox 3626 1592 3851 1660; x_wconf 77' lang='grc' dir='ltr'>Ἐπειδὴ</span> 
     </span>
    </p>
   </div>
   <div class='ocr_carea' id='block_1_33' title="bbox 2264 1680 3846 1754">
    <p class='ocr_par' dir='ltr' id='par_1_33' title="bbox 2264 1680 3846 1754">
     <span class='ocr_line' id='line_1_33' title="bbox 2264 1680 3846 1754; baseline -0.002 -19"><span class='ocrx_word' id='word_1_244' title='bbox 2264 1683 2322 1735; x_wconf 86' lang='grc' dir='ltr'><strong>δέ</strong></span> <span class='ocrx_word' id='word_1_245' title='bbox 2352 1699 2434 1746; x_wconf 89' lang='grc' dir='ltr'>τις</span> <span class='ocrx_word' id='word_1_246' title='bbox 2457 1683 2565 1736; x_wconf 83' lang='grc' dir='ltr'><strong>τῶν</strong></span> <span class='ocrx_word' id='word_1_247' title='bbox 2599 1683 2872 1736; x_wconf 84' lang='grc' dir='ltr'><strong>ἀσυνέτων</strong></span> <span class='ocrx_word' id='word_1_248' title='bbox 2898 1682 3190 1754; x_wconf 80' lang='grc' dir='ltr'>αἰρετικῶν</span> <span class='ocrx_word' id='word_1_249' title='bbox 3215 1683 3274 1734; x_wconf 79' lang='grc' dir='ltr'><strong>ού</strong></span> <span class='ocrx_word' id='word_1_250' title='bbox 3329 1681 3448 1734; x_wconf 83' lang='grc' dir='ltr'>λίαν</span> <span class='ocrx_word' id='word_1_251' title='bbox 3491 1680 3846 1751; x_wconf 73' lang='grc' dir='ltr'><strong>ἀθαύμαστον</strong></span> 
     </span>
    </p>
   </div>
   <div class='ocr_carea' id='block_1_34' title="bbox 587 1750 2156 1846">
    <p class='ocr_par' dir='ltr' id='par_1_34' title="bbox 587 1770 2156 1846">
     <span class='ocr_line' id='line_1_34' title="bbox 587 1770 2156 1846; baseline 0.006 -24"><span class='ocrx_word' id='word_1_252' title='bbox 587 1770 962 1826; x_wconf 85' lang='lat' dir='ltr'><strong>intolerabiles</strong></span> <span class='ocrx_word' id='word_1_253' title='bbox 1038 1770 1409 1840; x_wconf 88' lang='lat' dir='ltr'><strong>blasphemias</strong></span> <span class='ocrx_word' id='word_1_254' title='bbox 1483 1775 1750 1830; x_wconf 81' lang='lat' dir='ltr'><strong>adversus</strong></span> <span class='ocrx_word' id='word_1_255' title='bbox 1805 1775 2156 1846; x_wconf 85' lang='lat' dir='ltr'><strong>Unigenitum</strong></span> 
     </span>
    </p>
   </div>
   <div class='ocr_carea' id='block_1_35' title="bbox 2259 1750 3849 1846">
    <p class='ocr_par' dir='ltr' id='par_1_35' title="bbox 2269 1750 3849 1844">
     <span class='ocr_line' id='line_1_35' title="bbox 2269 1750 3849 1844; baseline -0.003 -17"><span class='ocrx_word' id='word_1_256' title='bbox 2269 1774 2418 1843; x_wconf 72' lang='grc' dir='ltr'>παρὰ</span> <span class='ocrx_word' id='word_1_257' title='bbox 2444 1777 2552 1837; x_wconf 90' lang='grc' dir='ltr'>τοῖς</span> <span class='ocrx_word' id='word_1_258' title='bbox 2593 1774 2865 1836; x_wconf 81' lang='grc' dir='ltr'>Ἰουδαίοις</span> <span class='ocrx_word' id='word_1_259' title='bbox 2917 1750 3094 1844; x_wconf 81' lang='grc' dir='ltr'>λαχὼν</span> <span class='ocrx_word' id='word_1_260' title='bbox 3143 1773 3252 1825; x_wconf 90' lang='grc' dir='ltr'><strong>τῶν</strong></span> <span class='ocrx_word' id='word_1_261' title='bbox 3299 1773 3461 1844; x_wconf 85' lang='grc' dir='ltr'>ἱερῶν</span> <span class='ocrx_word' id='word_1_262' title='bbox 3493 1750 3849 1842; x_wconf 82' lang='grc' dir='ltr'>Γραμμάτων</span> 
     </span>
    </p>
   </div>
   <div class='ocr_carea' id='block_1_36' title="bbox 587 1860 2158 1937">
    <p class='ocr_par' dir='ltr' id='par_1_36' title="bbox 587 1860 2158 1937">
     <span class='ocr_line' id='line_1_36' title="bbox 587 1860 2158 1937; baseline 0.006 -25"><span class='ocrx_word' id='word_1_263' title='bbox 587 1860 811 1928; x_wconf 81' lang='lat' dir='ltr'><strong>scriptis</strong></span> <span class='ocrx_word' id='word_1_264' title='bbox 856 1862 1107 1927; x_wconf 81' lang='lat' dir='ltr'><strong>tradidit,</strong></span> <span class='ocrx_word' id='word_1_265' title='bbox 1157 1878 1270 1917; x_wconf 84' lang='lat' dir='ltr'><strong>rem</strong></span> <span class='ocrx_word' id='word_1_266' title='bbox 1324 1864 1490 1919; x_wconf 86' lang='lat' dir='ltr'><strong>nimis</strong></span> <span class='ocrx_word' id='word_1_267' title='bbox 1540 1863 1769 1920; x_wconf 87' lang='lat' dir='ltr'><strong>inertem</strong></span> <span class='ocrx_word' id='word_1_268' title='bbox 1822 1868 2094 1937; x_wconf 87' lang='lat' dir='ltr'><strong>nimisque</strong></span> <span class='ocrx_word' id='word_1_269' title='bbox 2130 1883 2158 1921; x_wconf 91' lang='lat' dir='ltr'><strong>a</strong></span> 
     </span>
    </p>
   </div>
   <div class='ocr_carea' id='block_1_37' title="bbox 586 1950 2160 2024">
    <p class='ocr_par' dir='ltr' id='par_1_37' title="bbox 586 1950 2160 2024">
     <span class='ocr_line' id='line_1_37' title="bbox 586 1950 2160 2024; baseline 0.006 -23"><span class='ocrx_word' id='word_1_270' title='bbox 586 1965 672 2003; x_wconf 93' lang='lat' dir='ltr'><strong>me</strong></span> <span class='ocrx_word' id='word_1_271' title='bbox 716 1950 947 2006; x_wconf 83' lang='lat' dir='ltr'><strong>alienant</strong></span> <span class='ocrx_word' id='word_1_272' title='bbox 997 1951 1272 2007; x_wconf 78' lang='lat' dir='ltr'><strong>iacturum</strong></span> <span class='ocrx_word' id='word_1_273' title='bbox 1313 1955 1607 2022; x_wconf 81' lang='lat' dir='ltr'><strong>putavi,-si</strong></span> <span class='ocrx_word' id='word_1_274' title='bbox 1640 1961 1846 2008; x_wconf 91' lang='lat' dir='ltr'><strong>tantam</strong></span> <span class='ocrx_word' id='word_1_275' title='bbox 1891 1955 2012 2024; x_wconf 92' lang='lat' dir='ltr'><strong>ejus</strong></span> <span class='ocrx_word' id='word_1_276' title='bbox 2062 1959 2160 2010; x_wconf 81' lang='lat' dir='ltr'><strong>lio-</strong></span> 
     </span>
    </p>
   </div>
   <div class='ocr_carea' id='block_1_38' title="bbox 585 2039 2161 2118">
    <p class='ocr_par' dir='ltr' id='par_1_38' title="bbox 585 2039 2161 2118">
     <span class='ocr_line' id='line_1_38' title="bbox 585 2039 2161 2118; baseline 0.004 -26"><span class='ocrx_word' id='word_1_277' title='bbox 585 2039 747 2095; x_wconf 90' lang='lat' dir='ltr'><strong>minis</strong></span> <span class='ocrx_word' id='word_1_278' title='bbox 788 2042 1060 2096; x_wconf 89' lang='lat' dir='ltr'><strong>insaniam</strong></span> <span class='ocrx_word' id='word_1_279' title='bbox 1092 2045 1312 2099; x_wconf 82' lang='lat' dir='ltr'><strong>silentio</strong></span> <span class='ocrx_word' id='word_1_280' title='bbox 1354 2048 1712 2116; x_wconf 66' lang='lat' dir='ltr'><strong>praeterirem.</strong></span> <span class='ocrx_word' id='word_1_281' title='bbox 1746 2045 1951 2102; x_wconf 90' lang='lat' dir='ltr'><strong>Ordine</strong></span> <span class='ocrx_word' id='word_1_282' title='bbox 1993 2046 2161 2118; x_wconf 78' lang='lat' dir='ltr'><strong>igitur</strong></span> 
     </span>
    </p>
   </div>
   <div class='ocr_carea' id='block_1_39' title="bbox 582 2131 2158 2209">
    <p class='ocr_par' dir='ltr' id='par_1_39' title="bbox 582 2131 2158 2209">
     <span class='ocr_line' id='line_1_39' title="bbox 582 2131 2158 2209; baseline 0.006 -23"><span class='ocrx_word' id='word_1_283' title='bbox 582 2131 632 2186; x_wconf 91' lang='lat' dir='ltr'><strong>ei</strong></span> <span class='ocrx_word' id='word_1_284' title='bbox 662 2134 1063 2188; x_wconf 89' lang='lat' dir='ltr'><strong>occurrendum</strong></span> <span class='ocrx_word' id='word_1_285' title='bbox 1117 2151 1350 2203; x_wconf 89' lang='lat' dir='ltr'><strong>censeo,</strong></span> <span class='ocrx_word' id='word_1_286' title='bbox 1401 2137 2004 2208; x_wconf 78' lang='lat' dir='ltr'><strong>demonstrandumque</strong></span> <span class='ocrx_word' id='word_1_287' title='bbox 2058 2157 2158 2209; x_wconf 74' lang='lat' dir='ltr'><strong>pit-</strong></span> 
     </span>
    </p>
   </div>
   <div class='ocr_carea' id='block_1_40' title="bbox 583 2220 2158 2299">
    <p class='ocr_par' dir='ltr' id='par_1_40' title="bbox 583 2220 2158 2299">
     <span class='ocr_line' id='line_1_40' title="bbox 583 2220 2158 2299; baseline 0.008 -25"><span class='ocrx_word' id='word_1_288' title='bbox 583 2220 726 2276; x_wconf 90' lang='lat' dir='ltr'><strong>tidas</strong></span> <span class='ocrx_word' id='word_1_289' title='bbox 759 2239 883 2278; x_wconf 84' lang='lat' dir='ltr'><strong>esse</strong></span> <span class='ocrx_word' id='word_1_290' title='bbox 918 2234 972 2278; x_wconf 85' lang='lat' dir='ltr'><strong>et</strong></span> <span class='ocrx_word' id='word_1_291' title='bbox 1005 2225 1179 2281; x_wconf 87' lang='lat' dir='ltr'><strong>aniles</strong></span> <span class='ocrx_word' id='word_1_292' title='bbox 1208 2227 1329 2294; x_wconf 70' lang='lat' dir='ltr'><strong>ejus</strong></span> <span class='ocrx_word' id='word_1_293' title='bbox 1367 2228 1616 2290; x_wconf 81' lang='lat' dir='ltr'><strong>fabellas,</strong></span> <span class='ocrx_word' id='word_1_294' title='bbox 1651 2237 1705 2283; x_wconf 88' lang='lat' dir='ltr'><strong>et</strong></span> <span class='ocrx_word' id='word_1_295' title='bbox 1738 2233 1888 2284; x_wconf 76' lang='lat' dir='ltr'><strong>omni</strong></span> <span class='ocrx_word' id='word_1_296' title='bbox 1925 2246 2158 2299; x_wconf 77' lang='lat' dir='ltr'><strong>prorsus</strong></span> 
     </span>
    </p>
   </div>
   <div class='ocr_carea' id='block_1_41' title="bbox 576 2311 2156 2386">
    <p class='ocr_par' dir='ltr' id='par_1_41' title="bbox 576 2311 2156 2386">
     <span class='ocr_line' id='line_1_41' title="bbox 576 2311 2156 2386; baseline 0.008 -23"><span class='ocrx_word' id='word_1_297' title='bbox 576 2311 789 2380; x_wconf 89' lang='lat' dir='ltr'><strong>judicio</strong></span> <span class='ocrx_word' id='word_1_298' title='bbox 815 2313 1132 2378; x_wconf 90' lang='lat' dir='ltr'><strong>destitutas,</strong></span> <span class='ocrx_word' id='word_1_299' title='bbox 1169 2315 1526 2386; x_wconf 77' lang='lat' dir='ltr'><strong>inaniumque</strong></span> <span class='ocrx_word' id='word_1_300' title='bbox 1576 2318 1849 2374; x_wconf 75' lang='lat' dir='ltr'><strong>duntaxat</strong></span> <span class='ocrx_word' id='word_1_301' title='bbox 1879 2322 2156 2376; x_wconf 88' lang='lat' dir='ltr'><strong>rationum</strong></span> 
     </span>
    </p>
   </div>
   <div class='ocr_carea' id='block_1_42' title="bbox 581 2402 2157 2481">
    <p class='ocr_par' dir='ltr' id='par_1_42' title="bbox 581 2402 2157 2481">
     <span class='ocr_line' id='line_1_42' title="bbox 581 2402 2157 2481; baseline 0.006 -25"><span class='ocrx_word' id='word_1_302' title='bbox 581 2402 830 2470; x_wconf 87' lang='lat' dir='ltr'><strong>strephis</strong></span> <span class='ocrx_word' id='word_1_303' title='bbox 864 2403 1074 2472; x_wconf 85' lang='lat' dir='ltr'><strong>plenas.</strong></span> <span class='ocrx_word' id='word_1_304' title='bbox 1122 2404 1202 2458; x_wconf 86' lang='lat' dir='ltr'><strong>Ad</strong></span> <span class='ocrx_word' id='word_1_305' title='bbox 1251 2407 1478 2461; x_wconf 77' lang='lat' dir='ltr'><strong>verbum</strong></span> <span class='ocrx_word' id='word_1_306' title='bbox 1521 2415 1702 2462; x_wconf 80' lang='lat' dir='ltr'><strong>autem</strong></span> <span class='ocrx_word' id='word_1_307' title='bbox 1740 2411 1988 2465; x_wconf 86' lang='lat' dir='ltr'><strong>recitabo</strong></span> <span class='ocrx_word' id='word_1_308' title='bbox 2034 2427 2157 2481; x_wconf 67' lang='lat' dir='ltr'><strong>quae</strong></span> 
     </span>
    </p>
   </div>
   <div class='ocr_carea' id='block_1_43' title="bbox 579 2494 2154 2559">
    <p class='ocr_par' dir='ltr' id='par_1_43' title="bbox 579 2494 2154 2559">
     <span class='ocr_line' id='line_1_43' title="bbox 579 2494 2154 2559; baseline 0.007 -11"><span class='ocrx_word' id='word_1_309' title='bbox 579 2494 824 2548; x_wconf 85' lang='lat' dir='ltr'><strong>scribere</strong></span> <span class='ocrx_word' id='word_1_310' title='bbox 857 2509 1032 2548; x_wconf 86' lang='lat' dir='ltr'><strong>ausus</strong></span> <span class='ocrx_word' id='word_1_311' title='bbox 1069 2504 1176 2557; x_wconf 86' lang='lat' dir='ltr'><strong>est,</strong></span> <span class='ocrx_word' id='word_1_312' title='bbox 1201 2513 1325 2551; x_wconf 82' lang='lat' dir='ltr'><strong>eum</strong></span> <span class='ocrx_word' id='word_1_313' title='bbox 1359 2500 1508 2554; x_wconf 86' lang='lat' dir='ltr'><strong>visus</strong></span> <span class='ocrx_word' id='word_1_314' title='bbox 1538 2507 1622 2554; x_wconf 89' lang='lat' dir='ltr'><strong>est</strong></span> <span class='ocrx_word' id='word_1_315' title='bbox 1654 2500 1760 2554; x_wconf 88' lang='lat' dir='ltr'><strong>sibi</strong></span> <span class='ocrx_word' id='word_1_316' title='bbox 1792 2517 2016 2556; x_wconf 91' lang='lat' dir='ltr'><strong>sensum</strong></span> <span class='ocrx_word' id='word_1_317' title='bbox 2052 2505 2154 2559; x_wconf 91' lang='lat' dir='ltr'><strong>loci</strong></span> 
     </span>
    </p>
   </div>
   <div class='ocr_carea' id='block_1_44' title="bbox 580 2584 2152 2662">
    <p class='ocr_par' dir='ltr' id='par_1_44' title="bbox 580 2584 2152 2662">
     <span class='ocr_line' id='line_1_44' title="bbox 580 2584 2152 2662; baseline 0.006 -24"><span class='ocrx_word' id='word_1_318' title='bbox 580 2584 746 2651; x_wconf 65' lang='lat' dir='ltr'><strong>huius</strong></span> <span class='ocrx_word' id='word_1_319' title='bbox 792 2601 1087 2654; x_wconf 76' lang='lat' dir='ltr'><strong>exponere,</strong></span> <span class='ocrx_word' id='word_1_320' title='bbox 1129 2607 1146 2638; x_wconf 81' lang='grc' dir='ltr'>ι</span> <span class='ocrx_word' id='word_1_321' title='bbox 1189 2587 1448 2657; x_wconf 75' lang='lat' dir='ltr'><strong>Majorem</strong></span> <span class='ocrx_word' id='word_1_322' title='bbox 1493 2601 1673 2645; x_wconf 87' lang='lat' dir='ltr'><strong>autem</strong></span> <span class='ocrx_word' id='word_1_323' title='bbox 1713 2593 1899 2662; x_wconf 81' lang='lat' dir='ltr'><strong>seipse</strong></span> <span class='ocrx_word' id='word_1_324' title='bbox 1937 2593 2152 2648; x_wconf 86' lang='lat' dir='ltr'><strong>Patrem</strong></span> 
     </span>
    </p>
   </div>
   <div class='ocr_carea' id='block_1_45' title="bbox 577 2678 2152 2751">
    <p class='ocr_par' dir='ltr' id='par_1_45' title="bbox 577 2678 2152 2751">
     <span class='ocr_line' id='line_1_45' title="bbox 577 2678 2152 2751; baseline 0.006 -22"><span class='ocrx_word' id='word_1_325' title='bbox 577 2685 765 2745; x_wconf 89' lang='lat' dir='ltr'><strong>aperte</strong></span> <span class='ocrx_word' id='word_1_326' title='bbox 813 2678 1138 2747; x_wconf 71' lang='lat' dir='ltr'><strong>praedicans,</strong></span> <span class='ocrx_word' id='word_1_327' title='bbox 1185 2696 1293 2734; x_wconf 84' lang='lat' dir='ltr'><strong>non</strong></span> <span class='ocrx_word' id='word_1_328' title='bbox 1329 2682 1508 2734; x_wconf 90' lang='lat' dir='ltr'><strong>solum</strong></span> <span class='ocrx_word' id='word_1_329' title='bbox 1539 2681 1929 2751; x_wconf 83' lang='lat' dir='ltr'><strong>gratitudinem</strong></span> <span class='ocrx_word' id='word_1_330' title='bbox 1970 2699 2029 2740; x_wconf 87' lang='lat' dir='ltr'><strong>se</strong></span> <span class='ocrx_word' id='word_1_331' title='bbox 2071 2686 2152 2740; x_wconf 79' lang='lat' dir='ltr'><strong>di-</strong></span> 
     </span>
    </p>
   </div>
   <div class='ocr_carea' id='block_1_46' title="bbox 545 2770 2154 2844">
    <p class='ocr_par' dir='ltr' id='par_1_46' title="bbox 545 2770 2154 2844">
     <span class='ocr_line' id='line_1_46' title="bbox 545 2770 2154 2844; baseline 0.006 -24"><span class='ocrx_word' id='word_1_332' title='bbox 545 2784 737 2842; x_wconf 42' lang='lat' dir='ltr'><strong>.gnam</strong></span> <span class='ocrx_word' id='word_1_333' title='bbox 788 2770 1058 2833; x_wconf 82' lang='lat' dir='ltr'><strong>exhibuit,</strong></span> <span class='ocrx_word' id='word_1_334' title='bbox 1088 2770 1182 2824; x_wconf 90' lang='lat' dir='ltr'><strong>sed</strong></span> <span class='ocrx_word' id='word_1_335' title='bbox 1221 2780 1276 2824; x_wconf 80' lang='lat' dir='ltr'><strong>et</strong></span> <span class='ocrx_word' id='word_1_336' title='bbox 1308 2787 1500 2824; x_wconf 83' lang='lat' dir='ltr'><strong>eorum</strong></span> <span class='ocrx_word' id='word_1_337' title='bbox 1544 2773 1638 2842; x_wconf 89' lang='lat' dir='ltr'><strong>qui</strong></span> <span class='ocrx_word' id='word_1_338' title='bbox 1685 2774 1875 2829; x_wconf 82' lang='lat' dir='ltr'><strong>ambos</strong></span> <span class='ocrx_word' id='word_1_339' title='bbox 1913 2777 2154 2844; x_wconf 74' lang='lat' dir='ltr'><strong>aequales</strong></span> 
     </span>
    </p>
   </div>
   <div class='ocr_carea' id='block_1_47' title="bbox 574 2861 2153 2931">
    <p class='ocr_par' dir='ltr' id='par_1_47' title="bbox 574 2861 2153 2931">
     <span class='ocr_line' id='line_1_47' title="bbox 574 2861 2153 2931; baseline 0.005 -17"><span class='ocrx_word' id='word_1_340' title='bbox 574 2876 699 2914; x_wconf 86' lang='lat' dir='ltr'><strong>esse</strong></span> <span class='ocrx_word' id='word_1_341' title='bbox 735 2868 929 2929; x_wconf 68' lang='lat' dir='ltr'><strong>putant</strong></span> <span class='ocrx_word' id='word_1_342' title='bbox 977 2861 1329 2915; x_wconf 81' lang='lat' dir='ltr'><strong>mendacium</strong></span> <span class='ocrx_word' id='word_1_343' title='bbox 1357 2865 1628 2931; x_wconf 85' lang='lat' dir='ltr'><strong>coarguit.</strong></span> <span class='ocrx_word' id='word_1_344' title='bbox 1669 2883 1688 2914; x_wconf 74' lang='grc' dir='ltr'><strong>ι</strong></span> <span class='ocrx_word' id='word_1_345' title='bbox 1725 2864 1937 2929; x_wconf 87' lang='lat' dir='ltr'><strong>Quibus</strong></span> <span class='ocrx_word' id='word_1_346' title='bbox 1972 2867 2153 2922; x_wconf 69' lang='lat' dir='ltr'><strong>verbis</strong></span> 
     </span>
    </p>
   </div>
   <div class='ocr_carea' id='block_1_48' title="bbox 577 2951 2151 3028">
    <p class='ocr_par' dir='ltr' id='par_1_48' title="bbox 577 2951 2151 3028">
     <span class='ocr_line' id='line_1_48' title="bbox 577 2951 2151 3028; baseline 0.006 -26"><span class='ocrx_word' id='word_1_347' title='bbox 577 2951 802 3005; x_wconf 84' lang='lat' dir='ltr'><strong>Sabellii</strong></span> <span class='ocrx_word' id='word_1_348' title='bbox 849 2953 1110 3020; x_wconf 88' lang='lat' dir='ltr'><strong>opinione</strong></span> <span class='ocrx_word' id='word_1_349' title='bbox 1149 2953 1396 3021; x_wconf 59' lang='lat' dir='ltr'><strong>explosa,</strong></span> <span class='ocrx_word' id='word_1_350' title='bbox 1443 2953 1674 3008; x_wconf 75' lang='lat' dir='ltr'><strong>infestus</strong></span> <span class='ocrx_word' id='word_1_351' title='bbox 1705 2965 1756 3008; x_wconf 90' lang='lat' dir='ltr'><strong>et</strong></span> <span class='ocrx_word' id='word_1_352' title='bbox 1781 2971 1929 3020; x_wconf 88' lang='lat' dir='ltr'><strong>acer,</strong></span> <span class='ocrx_word' id='word_1_353' title='bbox 1965 2967 2022 3011; x_wconf 92' lang='lat' dir='ltr'><strong>ut</strong></span> <span class='ocrx_word' id='word_1_354' title='bbox 2051 2974 2151 3028; x_wconf 80' lang='lat' dir='ltr'><strong>pu-</strong></span> 
     </span>
    </p>
   </div>
   <div class='ocr_carea' id='block_1_49' title="bbox 575 3045 2156 3115">
    <p class='ocr_par' dir='ltr' id='par_1_49' title="bbox 575 3045 2156 3115">
     <span class='ocr_line' id='line_1_49' title="bbox 575 3045 2156 3115; baseline 0.004 -19"><span class='ocrx_word' id='word_1_355' title='bbox 575 3051 676 3108; x_wconf 82' lang='lat' dir='ltr'><strong>tat,</strong></span> <span class='ocrx_word' id='word_1_356' title='bbox 730 3045 783 3097; x_wconf 92' lang='lat' dir='ltr'><strong>in</strong></span> <span class='ocrx_word' id='word_1_357' title='bbox 843 3060 940 3098; x_wconf 90' lang='lat' dir='ltr'><strong>eos</strong></span> <span class='ocrx_word' id='word_1_358' title='bbox 1000 3047 1112 3098; x_wconf 89' lang='lat' dir='ltr'><strong>ruit</strong></span> <span class='ocrx_word' id='word_1_359' title='bbox 1167 3047 1262 3115; x_wconf 89' lang='lat' dir='ltr'><strong>qui</strong></span> <span class='ocrx_word' id='word_1_360' title='bbox 1293 3047 1560 3114; x_wconf 64' lang='lat' dir='ltr'><strong>aequalem</strong></span> <span class='ocrx_word' id='word_1_361' title='bbox 1609 3045 1757 3102; x_wconf 87' lang='lat' dir='ltr'><strong>Patri</strong></span> <span class='ocrx_word' id='word_1_362' title='bbox 1792 3046 1991 3103; x_wconf 85' lang='lat' dir='ltr'><strong>Filium</strong></span> <span class='ocrx_word' id='word_1_363' title='bbox 2039 3061 2156 3104; x_wconf 87' lang='lat' dir='ltr'><strong>sta-</strong></span> 
     </span>
    </p>
   </div>
   <div class='ocr_carea' id='block_1_50' title="bbox 575 3135 2154 3195">
    <p class='ocr_par' dir='ltr' id='par_1_50' title="bbox 575 3135 2154 3195">
     <span class='ocr_line' id='line_1_50' title="bbox 575 3135 2154 3195; baseline 0.006 -9"><span class='ocrx_word' id='word_1_364' title='bbox 575 3142 759 3194; x_wconf 87' lang='lat' dir='ltr'><strong>tuunt,</strong></span> <span class='ocrx_word' id='word_1_365' title='bbox 783 3136 838 3188; x_wconf 93' lang='lat' dir='ltr'><strong>in</strong></span> <span class='ocrx_word' id='word_1_366' title='bbox 876 3135 1025 3190; x_wconf 88' lang='lat' dir='ltr'><strong>hunc</strong></span> <span class='ocrx_word' id='word_1_367' title='bbox 1056 3151 1254 3191; x_wconf 87' lang='lat' dir='ltr'><strong>rursus</strong></span> <span class='ocrx_word' id='word_1_368' title='bbox 1294 3137 1514 3190; x_wconf 91' lang='lat' dir='ltr'><strong>modum</strong></span> <span class='ocrx_word' id='word_1_369' title='bbox 1550 3138 1802 3194; x_wconf 86' lang='lat' dir='ltr'><strong>scribens</strong></span> <span class='ocrx_word' id='word_1_370' title='bbox 1841 3158 1854 3194; x_wconf 89' lang='lat'>:</span> <span class='ocrx_word' id='word_1_371' title='bbox 1897 3159 1918 3190; x_wconf 85' lang='grc' dir='ltr'><strong>ι</strong></span> <span class='ocrx_word' id='word_1_372' title='bbox 1951 3138 2028 3193; x_wconf 87' lang='lat' dir='ltr'><strong>Eo</strong></span> <span class='ocrx_word' id='word_1_373' title='bbox 2059 3140 2154 3195; x_wconf 54' lang='lat' dir='ltr'><strong>dcc</strong></span> 
     </span>
    </p>
   </div>
   <div class='ocr_carea' id='block_1_51' title="bbox 574 3224 2172 3295">
    <p class='ocr_par' dir='ltr' id='par_1_51' title="bbox 574 3224 2172 3295">
     <span class='ocr_line' id='line_1_51' title="bbox 574 3224 2172 3295; baseline 0.007 -21"><span class='ocrx_word' id='word_1_374' title='bbox 574 3224 795 3277; x_wconf 71' lang='lat' dir='ltr'><strong>utentia:</strong></span> <span class='ocrx_word' id='word_1_375' title='bbox 823 3224 1048 3292; x_wconf 89' lang='lat' dir='ltr'><strong>quidam</strong></span> <span class='ocrx_word' id='word_1_376' title='bbox 1079 3240 1278 3279; x_wconf 86' lang='lat' dir='ltr'><strong>rursus</strong></span> <span class='ocrx_word' id='word_1_377' title='bbox 1311 3227 1598 3295; x_wconf 84' lang='lat' dir='ltr'><strong>progressi</strong></span> <span class='ocrx_word' id='word_1_378' title='bbox 1632 3239 1782 3292; x_wconf 78' lang='lat' dir='ltr'><strong>sunt,</strong></span> <span class='ocrx_word' id='word_1_379' title='bbox 1813 3237 1871 3282; x_wconf 86' lang='lat' dir='ltr'><strong>ut</strong></span> <span class='ocrx_word' id='word_1_380' title='bbox 1902 3230 2010 3283; x_wconf 90' lang='lat' dir='ltr'><strong>dici</strong></span> <span class='ocrx_word' id='word_1_381' title='bbox 2042 3245 2172 3284; x_wconf 69' lang='lat' dir='ltr'><strong>non-</strong></span> 
     </span>
    </p>
   </div>
   <div class='ocr_carea' id='block_1_52' title="bbox 573 3313 2152 3390">
    <p class='ocr_par' dir='ltr' id='par_1_52' title="bbox 573 3313 2152 3390">
     <span class='ocr_line' id='line_1_52' title="bbox 573 3313 2152 3390; baseline 0.005 -23"><span class='ocrx_word' id='word_1_382' title='bbox 573 3313 756 3367; x_wconf 74' lang='lat' dir='ltr'><strong>ferant</strong></span> <span class='ocrx_word' id='word_1_383' title='bbox 806 3313 1088 3385; x_wconf 82' lang='lat' dir='ltr'><strong>Unigeniti</strong></span> <span class='ocrx_word' id='word_1_384' title='bbox 1150 3317 1353 3372; x_wconf 81' lang='lat' dir='ltr'><strong>deitat‘e</strong></span> <span class='ocrx_word' id='word_1_385' title='bbox 1409 3318 1622 3373; x_wconf 82' lang='lat' dir='ltr'><strong>Patrem</strong></span> <span class='ocrx_word' id='word_1_386' title='bbox 1683 3335 1807 3374; x_wconf 87' lang='lat' dir='ltr'><strong>esse</strong></span> <span class='ocrx_word' id='word_1_387' title='bbox 1860 3321 2152 3390; x_wconf 76' lang='lat' dir='ltr'><strong>majorem,</strong></span> 
     </span>
    </p>
   </div>
   <div class='ocr_carea' id='block_1_53' title="bbox 573 3402 2152 3480">
    <p class='ocr_par' dir='ltr' id='par_1_53' title="bbox 573 3402 2152 3480">
     <span class='ocr_line' id='line_1_53' title="bbox 573 3402 2152 3480; baseline 0.004 -22"><span class='ocrx_word' id='word_1_388' title='bbox 573 3402 668 3458; x_wconf 85' lang='lat' dir='ltr'><strong>sed</strong></span> <span class='ocrx_word' id='word_1_389' title='bbox 701 3419 824 3457; x_wconf 90' lang='lat' dir='ltr'><strong>eum</strong></span> <span class='ocrx_word' id='word_1_390' title='bbox 858 3403 1126 3458; x_wconf 77' lang='lat' dir='ltr'><strong>duntaxat</strong></span> <span class='ocrx_word' id='word_1_391' title='bbox 1161 3407 1483 3476; x_wconf 64' lang='lat' dir='ltr'><strong>praecellere</strong></span> <span class='ocrx_word' id='word_1_392' title='bbox 1510 3408 1827 3464; x_wconf 80' lang='lat' dir='ltr'><strong>existiment</strong></span> <span class='ocrx_word' id='word_1_393' title='bbox 1859 3425 2152 3480; x_wconf 85' lang='lat' dir='ltr'><strong>compara—</strong></span> 
     </span>
    </p>
   </div>
   <div class='ocr_carea' id='block_1_54' title="bbox 572 3493 2154 3571">
    <p class='ocr_par' dir='ltr' id='par_1_54' title="bbox 572 3493 2154 3571">
     <span class='ocr_line' id='line_1_54' title="bbox 572 3493 2154 3571; baseline 0.006 -25"><span class='ocrx_word' id='word_1_394' title='bbox 572 3493 722 3548; x_wconf 84' lang='lat' dir='ltr'><strong>tione</strong></span> <span class='ocrx_word' id='word_1_395' title='bbox 772 3509 896 3548; x_wconf 92' lang='lat' dir='ltr'><strong>cum</strong></span> <span class='ocrx_word' id='word_1_396' title='bbox 931 3511 1118 3557; x_wconf 88' lang='lat' dir='ltr'><strong>carne,</strong></span> <span class='ocrx_word' id='word_1_397' title='bbox 1153 3498 1244 3565; x_wconf 92' lang='lat' dir='ltr'><strong>qui</strong></span> <span class='ocrx_word' id='word_1_398' title='bbox 1277 3513 1346 3552; x_wconf 93' lang='lat' dir='ltr'><strong>ne</strong></span> <span class='ocrx_word' id='word_1_399' title='bbox 1369 3498 1452 3552; x_wconf 88' lang='lat' dir='ltr'><strong>vel</strong></span> <span class='ocrx_word' id='word_1_400' title='bbox 1511 3499 1564 3552; x_wconf 92' lang='lat' dir='ltr'><strong>in</strong></span> <span class='ocrx_word' id='word_1_401' title='bbox 1607 3499 1711 3553; x_wconf 91' lang='lat' dir='ltr'><strong>hoc</strong></span> <span class='ocrx_word' id='word_1_402' title='bbox 1757 3499 1981 3569; x_wconf 83' lang='lat' dir='ltr'><strong>quidem</strong></span> <span class='ocrx_word' id='word_1_403' title='bbox 2029 3517 2154 3571; x_wconf 71' lang='lat' dir='ltr'><strong>per-</strong></span> 
     </span>
    </p>
   </div>
   <div class='ocr_carea' id='block_1_55' title="bbox 572 3585 2155 3664">
    <p class='ocr_par' dir='ltr' id='par_1_55' title="bbox 572 3585 2155 3664">
     <span class='ocr_line' id='line_1_55' title="bbox 572 3585 2155 3664; baseline 0.008 -26"><span class='ocrx_word' id='word_1_404' title='bbox 572 3585 786 3654; x_wconf 85' lang='lat' dir='ltr'><strong>spicere</strong></span> <span class='ocrx_word' id='word_1_405' title='bbox 846 3597 1081 3655; x_wconf 89' lang='lat' dir='ltr'><strong>possunt.</strong></span> <span class='ocrx_word' id='word_1_406' title='bbox 1139 3589 1506 3659; x_wconf 83' lang='lat' dir='ltr'><strong>heterogenea</strong></span> <span class='ocrx_word' id='word_1_407' title='bbox 1570 3592 1724 3645; x_wconf 78' lang='lat' dir='ltr'><strong>nullo</strong></span> <span class='ocrx_word' id='word_1_408' title='bbox 1775 3593 1937 3648; x_wconf 89' lang='lat' dir='ltr'><strong>modo</strong></span> <span class='ocrx_word' id='word_1_409' title='bbox 1990 3610 2155 3664; x_wconf 84' lang='lat' dir='ltr'><strong>posse</strong></span> 
     </span>
    </p>
   </div>
   <div class='ocr_carea' id='block_1_56' title="bbox 570 3678 2148 3754">
    <p class='ocr_par' dir='ltr' id='par_1_56' title="bbox 570 3678 2148 3754">
     <span class='ocr_line' id='line_1_56' title="bbox 570 3678 2148 3754; baseline 0.006 -23"><span class='ocrx_word' id='word_1_410' title='bbox 570 3681 903 3746; x_wconf 77' lang='lat' dir='ltr'><strong>comparari.</strong></span> <span class='ocrx_word' id='word_1_411' title='bbox 930 3678 1106 3734; x_wconf 83' lang='lat' dir='ltr'><strong>Nemo</strong></span> <span class='ocrx_word' id='word_1_412' title='bbox 1156 3683 1298 3736; x_wconf 86' lang='lat' dir='ltr'><strong>enim</strong></span> <span class='ocrx_word' id='word_1_413' title='bbox 1345 3683 1550 3738; x_wconf 79' lang='lat' dir='ltr'><strong>dixerit</strong></span> <span class='ocrx_word' id='word_1_414' title='bbox 1585 3700 1826 3754; x_wconf 90' lang='lat' dir='ltr'><strong>unquam</strong></span> <span class='ocrx_word' id='word_1_415' title='bbox 1870 3685 2148 3740; x_wconf 84' lang='lat' dir='ltr'><strong>hominem</strong></span> 
     </span>
    </p>
   </div>
   <div class='ocr_carea' id='block_1_57' title="bbox 565 3768 2149 3846">
    <p class='ocr_par' dir='ltr' id='par_1_57' title="bbox 565 3768 2149 3846">
     <span class='ocr_line' id='line_1_57' title="bbox 565 3768 2149 3846; baseline 0.006 -25"><span class='ocrx_word' id='word_1_416' title='bbox 565 3768 819 3837; x_wconf 91' lang='lat' dir='ltr'><strong>jumento</strong></span> <span class='ocrx_word' id='word_1_417' title='bbox 876 3773 1268 3841; x_wconf 86' lang='lat' dir='ltr'><strong>sapientiorem</strong></span> <span class='ocrx_word' id='word_1_418' title='bbox 1326 3789 1476 3840; x_wconf 88' lang='lat' dir='ltr'><strong>esse,</strong></span> <span class='ocrx_word' id='word_1_419' title='bbox 1519 3791 1698 3845; x_wconf 80' lang='lat' dir='ltr'><strong>neque</strong></span> <span class='ocrx_word' id='word_1_420' title='bbox 1753 3776 1892 3831; x_wconf 86' lang='lat' dir='ltr'><strong>adeo</strong></span> <span class='ocrx_word' id='word_1_421' title='bbox 1945 3792 2149 3846; x_wconf 85' lang='lat' dir='ltr'><strong>equum</strong></span> 
     </span>
    </p>
   </div>
   <div class='ocr_carea' id='block_1_58' title="bbox 569 3860 2151 3927">
    <p class='ocr_par' dir='ltr' id='par_1_58' title="bbox 569 3860 2151 3927">
     <span class='ocr_line' id='line_1_58' title="bbox 569 3860 2151 3927; baseline 0.007 -16"><span class='ocrx_word' id='word_1_422' title='bbox 569 3860 816 3915; x_wconf 86' lang='lat' dir='ltr'><strong>velocius</strong></span> <span class='ocrx_word' id='word_1_423' title='bbox 861 3879 1089 3917; x_wconf 82' lang='lat' dir='ltr'><strong>currere</strong></span> <span class='ocrx_word' id='word_1_424' title='bbox 1139 3865 1446 3927; x_wconf 86' lang='lat' dir='ltr'><strong>testudine,</strong></span> <span class='ocrx_word' id='word_1_425' title='bbox 1488 3867 1583 3921; x_wconf 89' lang='lat' dir='ltr'><strong>sed</strong></span> <span class='ocrx_word' id='word_1_426' title='bbox 1623 3868 1896 3922; x_wconf 88' lang='lat' dir='ltr'><strong>hominem</strong></span> <span class='ocrx_word' id='word_1_427' title='bbox 1939 3869 2151 3923; x_wconf 90' lang='lat' dir='ltr'><strong>homini</strong></span> 
     </span>
    </p>
   </div>
   <div class='ocr_carea' id='block_1_59' title="bbox 568 3951 2151 4028">
    <p class='ocr_par' dir='ltr' id='par_1_59' title="bbox 568 3951 2151 4028">
     <span class='ocr_line' id='line_1_59' title="bbox 568 3951 2151 4028; baseline 0.005 -23"><span class='ocrx_word' id='word_1_428' title='bbox 568 3951 822 4006; x_wconf 89' lang='lat' dir='ltr'><strong>doctrina</strong></span> <span class='ocrx_word' id='word_1_429' title='bbox 872 3962 1154 4022; x_wconf 72' lang='lat' dir='ltr'><strong>praestare,</strong></span> <span class='ocrx_word' id='word_1_430' title='bbox 1205 3964 1260 4009; x_wconf 89' lang='lat' dir='ltr'><strong>et</strong></span> <span class='ocrx_word' id='word_1_431' title='bbox 1306 3972 1508 4024; x_wconf 82' lang='lat' dir='ltr'><strong>equum</strong></span> <span class='ocrx_word' id='word_1_432' title='bbox 1547 3957 1797 4012; x_wconf 84' lang='lat' dir='ltr'><strong>velocius</strong></span> <span class='ocrx_word' id='word_1_433' title='bbox 1843 3974 1986 4028; x_wconf 89' lang='lat' dir='ltr'><strong>equo</strong></span> <span class='ocrx_word' id='word_1_434' title='bbox 2025 3975 2151 4014; x_wconf 82' lang='lat' dir='ltr'><strong>cur-</strong></span> 
     </span>
    </p>
   </div>
   <div class='ocr_carea' id='block_1_60' title="bbox 567 4044 2153 4120">
    <p class='ocr_par' dir='ltr' id='par_1_60' title="bbox 567 4044 2153 4120">
     <span class='ocr_line' id='line_1_60' title="bbox 567 4044 2153 4120; baseline 0.007 -24"><span class='ocrx_word' id='word_1_435' title='bbox 567 4057 712 4097; x_wconf 89' lang='lat' dir='ltr'><strong>rere.</strong></span> <span class='ocrx_word' id='word_1_436' title='bbox 754 4044 890 4098; x_wconf 75' lang='lat' dir='ltr'><strong>Ci‘un</strong></span> <span class='ocrx_word' id='word_1_437' title='bbox 930 4060 1064 4114; x_wconf 85' lang='lat' dir='ltr'><strong>ergo</strong></span> <span class='ocrx_word' id='word_1_438' title='bbox 1115 4047 1232 4100; x_wconf 85' lang='lat' dir='ltr'><strong>sola</strong></span> <span class='ocrx_word' id='word_1_439' title='bbox 1277 4047 1622 4114; x_wconf 82' lang='lat' dir='ltr'><strong>homogenea</strong></span> <span class='ocrx_word' id='word_1_440' title='bbox 1675 4053 2153 4120; x_wconf 73' lang='lat' dir='ltr'><strong>comparationem</strong></span> 
     </span>
    </p>
   </div>
   <div class='ocr_carea' id='block_1_61' title="bbox 568 4135 2146 4206">
    <p class='ocr_par' dir='ltr' id='par_1_61' title="bbox 568 4135 2146 4206">
     <span class='ocr_line' id='line_1_61' title="bbox 568 4135 2146 4206; baseline 0.006 -18"><span class='ocrx_word' id='word_1_441' title='bbox 568 4135 712 4188; x_wconf 88' lang='lat' dir='ltr'><strong>inter</strong></span> <span class='ocrx_word' id='word_1_442' title='bbox 742 4151 803 4188; x_wconf 90' lang='lat' dir='ltr'><strong>se</strong></span> <span class='ocrx_word' id='word_1_443' title='bbox 837 4136 1169 4206; x_wconf 85' lang='lat' dir='ltr'><strong>suscipiant,</strong></span> <span class='ocrx_word' id='word_1_444' title='bbox 1207 4154 1436 4193; x_wconf 75' lang='grc' dir='ltr'>ηρεοεειι</span> <span class='ocrx_word' id='word_1_445' title='bbox 1469 4153 1554 4193; x_wconf 86' lang='lat' dir='ltr'><strong>est</strong></span> <span class='ocrx_word' id='word_1_446' title='bbox 1586 4156 1681 4196; x_wconf 91' lang='lat' dir='ltr'><strong>eos</strong></span> <span class='ocrx_word' id='word_1_447' title='bbox 1733 4141 1891 4198; x_wconf 78' lang='lat' dir='ltr'><strong>fateri</strong></span> <span class='ocrx_word' id='word_1_448' title='bbox 1932 4143 2146 4198; x_wconf 84' lang='lat' dir='ltr'><strong>Patrem</strong></span> 
     </span>
    </p>
   </div>
   <div class='ocr_carea' id='block_1_62' title="bbox 570 4225 2150 4304">
    <p class='ocr_par' dir='ltr' id='par_1_62' title="bbox 570 4225 2150 4304">
     <span class='ocr_line' id='line_1_62' title="bbox 570 4225 2150 4304; baseline 0.007 -28"><span class='ocrx_word' id='word_1_449' title='bbox 570 4225 834 4293; x_wconf 83' lang='lat' dir='ltr'><strong>majorem</strong></span> <span class='ocrx_word' id='word_1_450' title='bbox 887 4243 1012 4282; x_wconf 81' lang='lat' dir='ltr'><strong>esse</strong></span> <span class='ocrx_word' id='word_1_451' title='bbox 1070 4229 1190 4298; x_wconf 87' lang='lat' dir='ltr'><strong>ipsa</strong></span> <span class='ocrx_word' id='word_1_452' title='bbox 1241 4228 1522 4300; x_wconf 79' lang='lat' dir='ltr'><strong>Uuigeniti</strong></span> <span class='ocrx_word' id='word_1_453' title='bbox 1581 4233 1814 4290; x_wconf 77' lang='lat' dir='ltr'><strong>deitate.</strong></span> <span class='ocrx_word' id='word_1_454' title='bbox 1860 4233 1996 4288; x_wconf 87' lang='lat' dir='ltr'><strong>Nam</strong></span> <span class='ocrx_word' id='word_1_455' title='bbox 2055 4235 2150 4304; x_wconf 79' lang='lat' dir='ltr'><strong>qui</strong></span> 
     </span>
    </p>
   </div>
   <div class='ocr_carea' id='block_1_63' title="bbox 568 4318 2149 4395">
    <p class='ocr_par' dir='ltr' id='par_1_63' title="bbox 568 4318 2149 4395">
     <span class='ocr_line' id='line_1_63' title="bbox 568 4318 2149 4395; baseline 0.009 -27"><span class='ocrx_word' id='word_1_456' title='bbox 568 4318 910 4370; x_wconf 80' lang='lat' dir='ltr'><strong>contrarium</strong></span> <span class='ocrx_word' id='word_1_457' title='bbox 944 4319 1214 4386; x_wconf 87' lang='lat' dir='ltr'><strong>sentiunt,</strong></span> <span class='ocrx_word' id='word_1_458' title='bbox 1246 4322 1304 4376; x_wconf 90' lang='lat' dir='ltr'><strong>in</strong></span> <span class='ocrx_word' id='word_1_459' title='bbox 1336 4339 1400 4376; x_wconf 94' lang='lat' dir='ltr'><strong>eo</strong></span> <span class='ocrx_word' id='word_1_460' title='bbox 1432 4324 1574 4392; x_wconf 87' lang='lat' dir='ltr'><strong>quod</strong></span> <span class='ocrx_word' id='word_1_461' title='bbox 1611 4326 1790 4395; x_wconf 88' lang='lat' dir='ltr'><strong>ipsum</strong></span> <span class='ocrx_word' id='word_1_462' title='bbox 1823 4343 1946 4380; x_wconf 85' lang='lat' dir='ltr'><strong>cum</strong></span> <span class='ocrx_word' id='word_1_463' title='bbox 1980 4343 2149 4382; x_wconf 89' lang='lat' dir='ltr'><strong>carne</strong></span> 
     </span>
    </p>
   </div>
   <div class='ocr_carea' id='block_1_64' title="bbox 2266 1863 3850 1937">
    <p class='ocr_par' dir='ltr' id='par_1_64' title="bbox 2266 1863 3850 1937">
     <span class='ocr_line' id='line_1_64' title="bbox 2266 1863 3850 1937; baseline -0.002 -19"><span class='ocrx_word' id='word_1_464' title='bbox 2266 1866 2361 1937; x_wconf 79' lang='grc' dir='ltr'>τὴν</span> <span class='ocrx_word' id='word_1_465' title='bbox 2385 1866 2606 1936; x_wconf 74' lang='grc' dir='ltr'>εἴδησιν,</span> <span class='ocrx_word' id='word_1_466' title='bbox 2640 1864 2708 1918; x_wconf 80' lang='grc' dir='ltr'><strong>τὰ</strong></span> <span class='ocrx_word' id='word_1_467' title='bbox 2735 1865 2792 1916; x_wconf 83' lang='grc' dir='ltr'><strong>ἐν</strong></span> <span class='ocrx_word' id='word_1_468' title='bbox 2829 1864 2907 1934; x_wconf 81' lang='grc' dir='ltr'><strong>τῷ</strong></span> <span class='ocrx_word' id='word_1_469' title='bbox 2957 1867 3298 1934; x_wconf 80' lang='grc' dir='ltr'>προκειμένῳ</span> <span class='ocrx_word' id='word_1_470' title='bbox 3351 1863 3677 1934; x_wconf 73' lang='grc' dir='ltr'>ἑρμηνεύειν</span> <span class='ocrx_word' id='word_1_471' title='bbox 3727 1866 3850 1915; x_wconf 81' lang='grc' dir='ltr'>ἑπι-</span> 
     </span>
    </p>
   </div>
   <div class='ocr_carea' id='block_1_65' title="bbox 2267 1953 3848 2026">
    <p class='ocr_par' dir='ltr' id='par_1_65' title="bbox 2267 1953 3848 2026">
     <span class='ocr_line' id='line_1_65' title="bbox 2267 1953 3848 2026; baseline -0.001 -20"><span class='ocrx_word' id='word_1_472' title='bbox 2267 1957 2480 2026; x_wconf 82' lang='grc' dir='ltr'>χειρῶν,</span> <span class='ocrx_word' id='word_1_473' title='bbox 2513 1957 2700 2026; x_wconf 81' lang='grc' dir='ltr'>γραφῇ</span> <span class='ocrx_word' id='word_1_474' title='bbox 2756 1954 3072 2026; x_wconf 86' lang='grc' dir='ltr'>παρέδωκεν</span> <span class='ocrx_word' id='word_1_475' title='bbox 3126 1954 3187 2006; x_wconf 84' lang='grc' dir='ltr'><strong>ού</strong></span> <span class='ocrx_word' id='word_1_476' title='bbox 3248 1953 3488 2023; x_wconf 69' lang='grc' dir='ltr'>φορητάς</span> <span class='ocrx_word' id='word_1_477' title='bbox 3530 1953 3848 2022; x_wconf 78' lang='grc' dir='ltr'>δυσφημίας</span> 
     </span>
    </p>
   </div>
   <div class='ocr_carea' id='block_1_66' title="bbox 2265 2043 3849 2114">
    <p class='ocr_par' dir='ltr' id='par_1_66' title="bbox 2265 2043 3849 2114">
     <span class='ocr_line' id='line_1_66' title="bbox 2265 2043 3849 2114; baseline 0.003 -20"><span class='ocrx_word' id='word_1_478' title='bbox 2265 2043 2406 2097; x_wconf 77' lang='grc' dir='ltr'>κατὰ</span> <span class='ocrx_word' id='word_1_479' title='bbox 2438 2044 2530 2097; x_wconf 81' lang='grc' dir='ltr'>τοῦ</span> <span class='ocrx_word' id='word_1_480' title='bbox 2559 2044 2918 2113; x_wconf 80' lang='grc' dir='ltr'>Μονογενοῦς,</span> <span class='ocrx_word' id='word_1_481' title='bbox 2955 2043 3181 2112; x_wconf 82' lang='grc' dir='ltr'>ἀδρανὲς</span> <span class='ocrx_word' id='word_1_482' title='bbox 3201 2044 3386 2114; x_wconf 83' lang='grc' dir='ltr'>ᾠήθην</span> <span class='ocrx_word' id='word_1_483' title='bbox 3411 2045 3503 2098; x_wconf 78' lang='grc' dir='ltr'><strong>καὶ</strong></span> <span class='ocrx_word' id='word_1_484' title='bbox 3541 2044 3666 2097; x_wconf 87' lang='grc' dir='ltr'>λίαν</span> <span class='ocrx_word' id='word_1_485' title='bbox 3688 2045 3849 2114; x_wconf 79' lang='grc' dir='ltr'>ἀνάρο</span> 
     </span>
    </p>
   </div>
   <div class='ocr_carea' id='block_1_67' title="bbox 2268 2134 3846 2207">
    <p class='ocr_par' dir='ltr' id='par_1_67' title="bbox 2268 2134 3846 2207">
     <span class='ocr_line' id='line_1_67' title="bbox 2268 2134 3846 2207; baseline 0.003 -21"><span class='ocrx_word' id='word_1_486' title='bbox 2268 2151 2465 2205; x_wconf 77' lang='grc' dir='ltr'>μοστον</span> <span class='ocrx_word' id='word_1_487' title='bbox 2495 2134 2721 2205; x_wconf 78' lang='grc' dir='ltr'>ἐμαυτῷ</span> <span class='ocrx_word' id='word_1_488' title='bbox 2756 2137 2989 2207; x_wconf 84' lang='grc' dir='ltr'>πρᾶγμα</span> <span class='ocrx_word' id='word_1_489' title='bbox 3012 2136 3184 2188; x_wconf 83' lang='grc' dir='ltr'>θέλειν</span> <span class='ocrx_word' id='word_1_490' title='bbox 3215 2135 3539 2204; x_wconf 77' lang='grc' dir='ltr'>ὑφίστασθαι</span> <span class='ocrx_word' id='word_1_491' title='bbox 3572 2135 3635 2189; x_wconf 76' lang='grc' dir='ltr'><strong>τὸ</strong></span> <span class='ocrx_word' id='word_1_492' title='bbox 3670 2140 3846 2205; x_wconf 80' lang='grc' dir='ltr'><strong>σιωπῇ</strong></span> 
     </span>
    </p>
   </div>
   <div class='ocr_carea' id='block_1_68' title="bbox 2265 2224 3855 2298">
    <p class='ocr_par' dir='ltr' id='par_1_68' title="bbox 2265 2224 3855 2298">
     <span class='ocr_line' id='line_1_68' title="bbox 2265 2224 3855 2298; baseline -0.003 -18"><span class='ocrx_word' id='word_1_493' title='bbox 2265 2225 2644 2298; x_wconf 79' lang='grc' dir='ltr'>παραδραμεῖν</span> <span class='ocrx_word' id='word_1_494' title='bbox 2678 2225 2784 2295; x_wconf 74' lang='grc' dir='ltr'>τὴν.</span> <span class='ocrx_word' id='word_1_495' title='bbox 2835 2224 2978 2278; x_wconf 75' lang='grc' dir='ltr'>οὕτω</span> <span class='ocrx_word' id='word_1_496' title='bbox 3021 2225 3200 2296; x_wconf 78' lang='grc' dir='ltr'>δεινὴν</span> <span class='ocrx_word' id='word_1_497' title='bbox 3237 2224 3330 2277; x_wconf 77' lang='grc' dir='ltr'><strong>τοῦ</strong></span> <span class='ocrx_word' id='word_1_498' title='bbox 3385 2225 3855 2296; x_wconf 70' lang='grc' dir='ltr'>μνημονευθὲντος</span> 
     </span>
    </p>
   </div>
   <div class='ocr_carea' id='block_1_69' title="bbox 2263 2315 3849 2387">
    <p class='ocr_par' dir='ltr' id='par_1_69' title="bbox 2263 2315 3849 2387">
     <span class='ocr_line' id='line_1_69' title="bbox 2263 2315 3849 2387; baseline 0 -19"><span class='ocrx_word' id='word_1_499' title='bbox 2263 2317 2541 2369; x_wconf 74' lang='grc' dir='ltr'>ἀπόνοιαν.</span> <span class='ocrx_word' id='word_1_500' title='bbox 2571 2316 2778 2370; x_wconf 70' lang='grc' dir='ltr'>Οὐκοῦν</span> <span class='ocrx_word' id='word_1_501' title='bbox 2809 2315 3065 2387; x_wconf 80' lang='grc' dir='ltr'>οίῆσομαι</span> <span class='ocrx_word' id='word_1_502' title='bbox 3098 2317 3204 2368; x_wconf 82' lang='grc' dir='ltr'>δεῖν</span> <span class='ocrx_word' id='word_1_503' title='bbox 3236 2316 3538 2384; x_wconf 76' lang='grc' dir='ltr'>ὑπαντῆσαι</span> <span class='ocrx_word' id='word_1_504' title='bbox 3577 2317 3684 2386; x_wconf 85' lang='grc' dir='ltr'><strong>μὲν</strong></span> <span class='ocrx_word' id='word_1_505' title='bbox 3711 2317 3849 2368; x_wconf 76' lang='grc' dir='ltr'><strong>κατά</strong></span> 
     </span>
    </p>
   </div>
   <div class='ocr_carea' id='block_1_70' title="bbox 2262 2405 3848 2479">
    <p class='ocr_par' dir='ltr' id='par_1_70' title="bbox 2262 2405 3848 2479">
     <span class='ocr_line' id='line_1_70' title="bbox 2262 2405 3848 2479; baseline -0.003 -19"><span class='ocrx_word' id='word_1_506' title='bbox 2262 2409 2418 2477; x_wconf 83' lang='grc' dir='ltr'>λόγον</span> <span class='ocrx_word' id='word_1_507' title='bbox 2446 2406 2613 2478; x_wconf 81' lang='grc' dir='ltr'>αύτῷ,</span> <span class='ocrx_word' id='word_1_508' title='bbox 2633 2408 2802 2474; x_wconf 77' lang='grc' dir='ltr'>δεῖξαί</span> <span class='ocrx_word' id='word_1_509' title='bbox 2827 2425 2884 2461; x_wconf 90' lang='grc' dir='ltr'><strong>τε</strong></span> <span class='ocrx_word' id='word_1_510' title='bbox 2917 2407 3101 2475; x_wconf 65' lang='grc' dir='ltr'>σαφῶς</span> <span class='ocrx_word' id='word_1_511' title='bbox 3131 2408 3210 2460; x_wconf 79' lang='grc' dir='ltr'>ὅτι</span> <span class='ocrx_word' id='word_1_512' title='bbox 3235 2407 3408 2479; x_wconf 52' lang='grc' dir='ltr'>σαθρά</span> <span class='ocrx_word' id='word_1_513' title='bbox 3424 2423 3479 2458; x_wconf 83' lang='grc' dir='ltr'><strong>τε</strong></span> <span class='ocrx_word' id='word_1_514' title='bbox 3497 2405 3848 2474; x_wconf 74' lang='grc' dir='ltr'>καὶ-γραώδη</span> 
     </span>
    </p>
   </div>
   <div class='ocr_carea' id='block_1_71' title="bbox 2261 2496 3851 2570">
    <p class='ocr_par' dir='ltr' id='par_1_71' title="bbox 2261 2496 3851 2570">
     <span class='ocr_line' id='line_1_71' title="bbox 2261 2496 3851 2570; baseline -0.001 -20"><span class='ocrx_word' id='word_1_515' title='bbox 2261 2500 2326 2550; x_wconf 80' lang='grc' dir='ltr'>τὰ</span> <span class='ocrx_word' id='word_1_516' title='bbox 2357 2501 2485 2570; x_wconf 72' lang='grc' dir='ltr'>παρ’</span> <span class='ocrx_word' id='word_1_517' title='bbox 2515 2499 2680 2552; x_wconf 81' lang='grc' dir='ltr'>αὑτοῦ</span> <span class='ocrx_word' id='word_1_518' title='bbox 2710 2499 2968 2570; x_wconf 80' lang='grc' dir='ltr'>μυθάρια,</span> <span class='ocrx_word' id='word_1_519' title='bbox 2994 2499 3088 2551; x_wconf 62' lang='grc' dir='ltr'><strong>καὶ⁹</strong></span> <span class='ocrx_word' id='word_1_520' title='bbox 3120 2499 3429 2568; x_wconf 78' lang='grc' dir='ltr'>φρονήσεως</span> <span class='ocrx_word' id='word_1_521' title='bbox 3465 2497 3563 2566; x_wconf 85' lang='grc' dir='ltr'><strong>μὲν</strong></span> <span class='ocrx_word' id='word_1_522' title='bbox 3592 2497 3692 2566; x_wconf 79' lang='grc' dir='ltr'>τῆς</span> <span class='ocrx_word' id='word_1_523' title='bbox 3716 2496 3851 2561; x_wconf 82' lang='grc' dir='ltr'>ἀγα-</span> 
     </span>
    </p>
   </div>
   <div class='ocr_carea' id='block_1_72' title="bbox 2262 2586 3848 2660">
    <p class='ocr_par' dir='ltr' id='par_1_72' title="bbox 2262 2586 3848 2660">
     <span class='ocr_line' id='line_1_72' title="bbox 2262 2586 3848 2660; baseline -0.003 -19"><span class='ocrx_word' id='word_1_524' title='bbox 2262 2588 2362 2658; x_wconf 79' lang='grc' dir='ltr'>θῆς</span> <span class='ocrx_word' id='word_1_525' title='bbox 2390 2588 2721 2660; x_wconf 75' lang='grc' dir='ltr'>ἀμοιροῦντα</span> <span class='ocrx_word' id='word_1_526' title='bbox 2750 2587 3046 2650; x_wconf 82' lang='grc' dir='ltr'>παντελῶς,</span> <span class='ocrx_word' id='word_1_527' title='bbox 3071 2587 3309 2658; x_wconf 73' lang='grc' dir='ltr'>στροφὰς</span> <span class='ocrx_word' id='word_1_528' title='bbox 3331 2587 3386 2640; x_wconf 81' lang='grc' dir='ltr'><strong>δὲ</strong></span> <span class='ocrx_word' id='word_1_529' title='bbox 3409 2586 3636 2639; x_wconf 81' lang='grc' dir='ltr'>είκαίων</span> <span class='ocrx_word' id='word_1_530' title='bbox 3653 2586 3848 2655; x_wconf 77' lang='grc' dir='ltr'>ἔχοντα</span> 
     </span>
    </p>
   </div>
   <div class='ocr_carea' id='block_1_73' title="bbox 2261 2679 3845 2750">
    <p class='ocr_par' dir='ltr' id='par_1_73' title="bbox 2261 2679 3845 2750">
     <span class='ocr_line' id='line_1_73' title="bbox 2261 2679 3845 2750; baseline -0.001 -19"><span class='ocrx_word' id='word_1_531' title='bbox 2261 2679 2558 2748; x_wconf 81' lang='grc' dir='ltr'>λογισμῶν.</span> <span class='ocrx_word' id='word_1_532' title='bbox 2620 2680 2740 2734; x_wconf 84' lang='grc' dir='ltr'>Ἐπ’</span> <span class='ocrx_word' id='word_1_533' title='bbox 2771 2681 2939 2750; x_wconf 82' lang='grc' dir='ltr'>αὐτῆς</span> <span class='ocrx_word' id='word_1_534' title='bbox 2961 2680 3018 2733; x_wconf 83' lang='grc' dir='ltr'><strong>δὲ</strong></span> <span class='ocrx_word' id='word_1_535' title='bbox 3045 2681 3179 2748; x_wconf 56' lang='grc' dir='ltr'>ὑμῖν,</span> <span class='ocrx_word' id='word_1_536' title='bbox 3205 2679 3600 2748; x_wconf 74' lang='grc' dir='ltr'>ἀναγνώσομαι</span> <span class='ocrx_word' id='word_1_537' title='bbox 3619 2679 3845 2742; x_wconf 81' lang='grc' dir='ltr'>λέξεως,</span> 
     </span>
    </p>
   </div>
   <div class='ocr_carea' id='block_1_74' title="bbox 2260 2768 3848 2849">
    <p class='ocr_par' dir='ltr' id='par_1_74' title="bbox 2260 2768 3848 2849">
     <span class='ocr_line' id='line_1_74' title="bbox 2260 2768 3848 2849; baseline -0.002 -25"><span class='ocrx_word' id='word_1_538' title='bbox 2260 2769 2296 2824; x_wconf 82' lang='grc' dir='ltr'>ἃ</span> <span class='ocrx_word' id='word_1_539' title='bbox 2327 2771 2601 2824; x_wconf 81' lang='grc' dir='ltr'>συνθεῖναι</span> <span class='ocrx_word' id='word_1_540' title='bbox 2632 2771 2956 2840; x_wconf 81' lang='grc' dir='ltr'>τετόλμηκε,</span> <span class='ocrx_word' id='word_1_541' title='bbox 2981 2770 3078 2840; x_wconf 78' lang='grc' dir='ltr'>τὴν</span> <span class='ocrx_word' id='word_1_542' title='bbox 3108 2770 3202 2822; x_wconf 77' lang='grc' dir='ltr'><strong>τοῦ</strong></span> <span class='ocrx_word' id='word_1_543' title='bbox 3234 2769 3624 2840; x_wconf 81' lang='grc' dir='ltr'>προκειμένου,</span> <span class='ocrx_word' id='word_1_544' title='bbox 3671 2768 3848 2849; x_wconf 78' lang='grc' dir='ltr'>καθά-</span> 
     </span>
    </p>
   </div>
   <div class='ocr_carea' id='block_1_75' title="bbox 2261 2860 3852 2935">
    <p class='ocr_par' dir='ltr' id='par_1_75' title="bbox 2261 2860 3852 2935">
     <span class='ocr_line' id='line_1_75' title="bbox 2261 2860 3852 2935; baseline 0 -20"><span class='ocrx_word' id='word_1_545' title='bbox 2261 2881 2367 2935; x_wconf 87' lang='grc' dir='ltr'><strong>περ</strong></span> <span class='ocrx_word' id='word_1_546' title='bbox 2398 2864 2558 2926; x_wconf 77' lang='grc' dir='ltr'>αὐτὸς</span> <span class='ocrx_word' id='word_1_547' title='bbox 2586 2863 2759 2934; x_wconf 77' lang='grc' dir='ltr'>ᾠήθη,</span> <span class='ocrx_word' id='word_1_548' title='bbox 2799 2862 3031 2932; x_wconf 85' lang='grc' dir='ltr'>θεωρίαν</span> <span class='ocrx_word' id='word_1_549' title='bbox 3067 2862 3446 2930; x_wconf 79' lang='grc' dir='ltr'>ἐξηγούμενος.</span> <span class='ocrx_word' id='word_1_550' title='bbox 3481 2879 3500 2910; x_wconf 75' lang='grc' dir='ltr'><strong>ι</strong></span> <span class='ocrx_word' id='word_1_551' title='bbox 3522 2860 3766 2924; x_wconf 78' lang='grc' dir='ltr'>Μείζονα</span> <span class='ocrx_word' id='word_1_552' title='bbox 3793 2861 3852 2914; x_wconf 78' lang='grc' dir='ltr'>δὲ</span> 
     </span>
    </p>
   </div>
   <div class='ocr_carea' id='block_1_76' title="bbox 2261 2948 3846 3021">
    <p class='ocr_par' dir='ltr' id='par_1_76' title="bbox 2261 2948 3846 3021">
     <span class='ocr_line' id='line_1_76' title="bbox 2261 2948 3846 3021; baseline -0.003 -17"><span class='ocrx_word' id='word_1_553' title='bbox 2261 2952 2454 3005; x_wconf 65' lang='grc' dir='ltr'>ἑαυτοῦ</span> <span class='ocrx_word' id='word_1_554' title='bbox 2481 2951 2572 3004; x_wconf 84' lang='grc' dir='ltr'>τὸν</span> <span class='ocrx_word' id='word_1_555' title='bbox 2605 2950 2827 3021; x_wconf 79' lang='grc' dir='ltr'>Πατέρα</span> <span class='ocrx_word' id='word_1_556' title='bbox 2883 2948 3177 3021; x_wconf 79' lang='grc' dir='ltr'>κηρύσσων</span> <span class='ocrx_word' id='word_1_557' title='bbox 3207 2948 3414 3016; x_wconf 76' lang='grc' dir='ltr'>σαφῶς,</span> <span class='ocrx_word' id='word_1_558' title='bbox 3447 2949 3509 3000; x_wconf 83' lang='grc' dir='ltr'>οὐ</span> <span class='ocrx_word' id='word_1_559' title='bbox 3553 2949 3720 3017; x_wconf 83' lang='grc' dir='ltr'>μόνον</span> <span class='ocrx_word' id='word_1_560' title='bbox 3747 2948 3846 3018; x_wconf 76' lang='grc' dir='ltr'>τὴν</span> 
     </span>
    </p>
   </div>
   <div class='ocr_carea' id='block_1_77' title="bbox 2259 3039 3848 3112">
    <p class='ocr_par' dir='ltr' id='par_1_77' title="bbox 2259 3039 3848 3112">
     <span class='ocr_line' id='line_1_77' title="bbox 2259 3039 3848 3112; baseline -0.003 -16"><span class='ocrx_word' id='word_1_561' title='bbox 2259 3042 2438 3111; x_wconf 80' lang='grc' dir='ltr'>ἑαυτῷ</span> <span class='ocrx_word' id='word_1_562' title='bbox 2459 3043 2774 3112; x_wconf 83' lang='grc' dir='ltr'>πρέπουσαν</span> <span class='ocrx_word' id='word_1_563' title='bbox 2822 3041 3167 3110; x_wconf 85' lang='grc' dir='ltr'>παρέστησεν</span> <span class='ocrx_word' id='word_1_564' title='bbox 3219 3039 3669 3108; x_wconf 83' lang='grc' dir='ltr'>εὐγνωμοσύνην,</span> <span class='ocrx_word' id='word_1_565' title='bbox 3709 3039 3848 3092; x_wconf 74' lang='grc' dir='ltr'><strong>ἀλλά</strong></span> 
     </span>
    </p>
   </div>
   <div class='ocr_carea' id='block_1_78' title="bbox 2257 3127 3850 3204">
    <p class='ocr_par' dir='ltr' id='par_1_78' title="bbox 2257 3127 3850 3204">
     <span class='ocr_line' id='line_1_78' title="bbox 2257 3127 3850 3204; baseline -0.004 -15"><span class='ocrx_word' id='word_1_566' title='bbox 2257 3137 2364 3204; x_wconf 74' lang='grc' dir='ltr'><strong>γὰρ</strong></span> <span class='ocrx_word' id='word_1_567' title='bbox 2392 3134 2483 3188; x_wconf 73' lang='grc' dir='ltr'>καὶ</span> <span class='ocrx_word' id='word_1_568' title='bbox 2511 3133 2625 3194; x_wconf 77' lang='grc' dir='ltr'><strong>τῶν</strong></span> <span class='ocrx_word' id='word_1_569' title='bbox 2648 3135 2703 3186; x_wconf 82' lang='grc' dir='ltr'><strong>ἑν</strong></span> <span class='ocrx_word' id='word_1_570' title='bbox 2730 3133 3059 3203; x_wconf 80' lang='grc' dir='ltr'>ἀμφοτέροις</span> <span class='ocrx_word' id='word_1_571' title='bbox 3105 3127 3244 3184; x_wconf 75' lang='grc' dir='ltr'>εἶναι</span> <span class='ocrx_word' id='word_1_572' title='bbox 3279 3129 3610 3199; x_wconf 80' lang='grc' dir='ltr'>νομιζόντων</span> <span class='ocrx_word' id='word_1_573' title='bbox 3633 3131 3695 3182; x_wconf 85' lang='grc' dir='ltr'><strong>τὸ</strong></span> <span class='ocrx_word' id='word_1_574' title='bbox 3716 3130 3850 3199; x_wconf 80' lang='grc' dir='ltr'><strong>ψεῦ·</strong></span> 
     </span>
    </p>
   </div>
   <div class='ocr_carea' id='block_1_79' title="bbox 2255 3221 3846 3295">
    <p class='ocr_par' dir='ltr' id='par_1_79' title="bbox 2255 3221 3846 3295">
     <span class='ocr_line' id='line_1_79' title="bbox 2255 3221 3846 3295; baseline -0.003 -16"><span class='ocrx_word' id='word_1_575' title='bbox 2255 3227 2341 3289; x_wconf 87' lang='grc' dir='ltr'><strong>δος</strong></span> <span class='ocrx_word' id='word_1_576' title='bbox 2362 3225 2629 3295; x_wconf 80' lang='grc' dir='ltr'>διήλεγξε.</span> <span class='ocrx_word' id='word_1_577' title='bbox 2659 3242 2676 3276; x_wconf 77' lang='grc' dir='ltr'><strong>ι</strong></span> <span class='ocrx_word' id='word_1_578' title='bbox 2733 3224 2843 3277; x_wconf 62' lang='grc' dir='ltr'><strong>Καὶ</strong></span> <span class='ocrx_word' id='word_1_579' title='bbox 2874 3222 2972 3294; x_wconf 79' lang='grc' dir='ltr'><strong>τὴν</strong></span> <span class='ocrx_word' id='word_1_580' title='bbox 3004 3221 3292 3274; x_wconf 74' lang='grc' dir='ltr'>Σαόελλίου</span> <span class='ocrx_word' id='word_1_581' title='bbox 3321 3221 3412 3273; x_wconf 87' lang='grc' dir='ltr'><strong>διὰ</strong></span> <span class='ocrx_word' id='word_1_582' title='bbox 3445 3221 3650 3274; x_wconf 84' lang='grc' dir='ltr'>τούτων</span> <span class='ocrx_word' id='word_1_583' title='bbox 3682 3238 3846 3290; x_wconf 89' lang='grc' dir='ltr'>περι-</span> 
     </span>
    </p>
   </div>
   <div class='ocr_carea' id='block_1_80' title="bbox 2255 3312 3846 3389">
    <p class='ocr_par' dir='ltr' id='par_1_80' title="bbox 2255 3312 3846 3389">
     <span class='ocr_line' id='line_1_80' title="bbox 2255 3312 3846 3389; baseline -0.003 -20"><span class='ocrx_word' id='word_1_584' title='bbox 2255 3318 2528 3389; x_wconf 79' lang='grc' dir='ltr'>κροτήσας</span> <span class='ocrx_word' id='word_1_585' title='bbox 2549 3315 2727 3380; x_wconf 79' lang='grc' dir='ltr'>δόξαν,</span> <span class='ocrx_word' id='word_1_586' title='bbox 2755 3314 2952 3378; x_wconf 78' lang='grc' dir='ltr'>δεινὸς,</span> <span class='ocrx_word' id='word_1_587' title='bbox 2991 3314 3066 3377; x_wconf 85' lang='grc' dir='ltr'>ὡς</span> <span class='ocrx_word' id='word_1_588' title='bbox 3114 3314 3306 3375; x_wconf 82' lang='grc' dir='ltr'>οἴεται,</span> <span class='ocrx_word' id='word_1_589' title='bbox 3345 3313 3439 3365; x_wconf 72' lang='grc' dir='ltr'>καὶ</span> <span class='ocrx_word' id='word_1_590' title='bbox 3472 3312 3669 3382; x_wconf 77' lang='grc' dir='ltr'>δριμὺς</span> <span class='ocrx_word' id='word_1_591' title='bbox 3717 3315 3846 3364; x_wconf 75' lang='grc' dir='ltr'>ἑπι-</span> 
     </span>
    </p>
   </div>
   <div class='ocr_carea' id='block_1_81' title="bbox 2255 3404 3847 3479">
    <p class='ocr_par' dir='ltr' id='par_1_81' title="bbox 2255 3404 3847 3479">
     <span class='ocr_line' id='line_1_81' title="bbox 2255 3404 3847 3479; baseline -0.003 -19"><span class='ocrx_word' id='word_1_592' title='bbox 2255 3409 2400 3479; x_wconf 83' lang='grc' dir='ltr'>πηδᾷ</span> <span class='ocrx_word' id='word_1_593' title='bbox 2431 3411 2545 3471; x_wconf 89' lang='grc' dir='ltr'>τοῖς</span> <span class='ocrx_word' id='word_1_594' title='bbox 2573 3411 2630 3460; x_wconf 82' lang='grc' dir='ltr'><strong>ἑν</strong></span> <span class='ocrx_word' id='word_1_595' title='bbox 2668 3407 2873 3476; x_wconf 81' lang='grc' dir='ltr'>ἰσότητι</span> <span class='ocrx_word' id='word_1_596' title='bbox 2908 3405 3044 3478; x_wconf 78' lang='grc' dir='ltr'>πρὸς</span> <span class='ocrx_word' id='word_1_597' title='bbox 3093 3405 3186 3458; x_wconf 75' lang='grc' dir='ltr'><strong>τὸν</strong></span> <span class='ocrx_word' id='word_1_598' title='bbox 3245 3405 3462 3474; x_wconf 86' lang='grc' dir='ltr'>Πατέρα</span> <span class='ocrx_word' id='word_1_599' title='bbox 3515 3404 3714 3457; x_wconf 88' lang='grc' dir='ltr'>τιθεῖσι</span> <span class='ocrx_word' id='word_1_600' title='bbox 3749 3404 3847 3456; x_wconf 72' lang='grc' dir='ltr'>τὸν</span> 
     </span>
    </p>
   </div>
   <div class='ocr_carea' id='block_1_82' title="bbox 2255 3497 3850 3562">
    <p class='ocr_par' dir='ltr' id='par_1_82' title="bbox 2255 3497 3850 3562">
     <span class='ocr_line' id='line_1_82' title="bbox 2255 3497 3850 3562; baseline -0.004 -8"><span class='ocrx_word' id='word_1_601' title='bbox 2255 3501 2403 3562; x_wconf 70' lang='grc' dir='ltr'>Υἱὺν,</span> <span class='ocrx_word' id='word_1_602' title='bbox 2431 3501 2575 3554; x_wconf 72' lang='grc' dir='ltr'>οὕτω</span> <span class='ocrx_word' id='word_1_603' title='bbox 2603 3501 2766 3554; x_wconf 85' lang='grc' dir='ltr'>πάλιν</span> <span class='ocrx_word' id='word_1_604' title='bbox 2795 3498 2984 3552; x_wconf 77' lang='grc' dir='ltr'>εἰπών·</span> <span class='ocrx_word' id='word_1_605' title='bbox 3025 3516 3044 3550; x_wconf 81' lang='grc' dir='ltr'><strong>ι</strong></span> <span class='ocrx_word' id='word_1_606' title='bbox 3079 3499 3176 3561; x_wconf 82' lang='grc' dir='ltr'><strong>Εἰς</strong></span> <span class='ocrx_word' id='word_1_607' title='bbox 3203 3497 3460 3550; x_wconf 80' lang='grc' dir='ltr'>τοσοῦτον</span> <span class='ocrx_word' id='word_1_608' title='bbox 3513 3497 3675 3550; x_wconf 76' lang='grc' dir='ltr'>πάλιν</span> <span class='ocrx_word' id='word_1_609' title='bbox 3704 3499 3850 3550; x_wconf 86' lang='grc' dir='ltr'>ἁπο-</span> 
     </span>
    </p>
   </div>
   <div class='ocr_carea' id='block_1_83' title="bbox 2254 3587 3848 3663">
    <p class='ocr_par' dir='ltr' id='par_1_83' title="bbox 2254 3587 3848 3663">
     <span class='ocr_line' id='line_1_83' title="bbox 2254 3587 3848 3663; baseline -0.004 -17"><span class='ocrx_word' id='word_1_610' title='bbox 2254 3593 2401 3656; x_wconf 89' lang='grc' dir='ltr'>νοίας</span> <span class='ocrx_word' id='word_1_611' title='bbox 2423 3592 2694 3663; x_wconf 79' lang='grc' dir='ltr'>προῆλθόν</span> <span class='ocrx_word' id='word_1_612' title='bbox 2725 3608 2888 3654; x_wconf 89' lang='grc' dir='ltr'>τινες,</span> <span class='ocrx_word' id='word_1_613' title='bbox 2917 3591 2993 3653; x_wconf 80' lang='grc' dir='ltr'>ὡς</span> <span class='ocrx_word' id='word_1_614' title='bbox 3027 3589 3161 3661; x_wconf 86' lang='grc' dir='ltr'>μηδὲ</span> <span class='ocrx_word' id='word_1_615' title='bbox 3205 3589 3343 3653; x_wconf 81' lang='grc' dir='ltr'>ὅλως</span> <span class='ocrx_word' id='word_1_616' title='bbox 3383 3587 3672 3658; x_wconf 81' lang='grc' dir='ltr'>ἀνέχεσθαι</span> <span class='ocrx_word' id='word_1_617' title='bbox 3723 3589 3848 3658; x_wconf 83' lang='grc' dir='ltr'>μεῖ-</span> 
     </span>
    </p>
   </div>
   <div class='ocr_carea' id='block_1_84' title="bbox 2254 3679 3848 3751">
    <p class='ocr_par' dir='ltr' id='par_1_84' title="bbox 2254 3679 3848 3751">
     <span class='ocr_line' id='line_1_84' title="bbox 2254 3679 3848 3751; baseline -0.004 -14"><span class='ocrx_word' id='word_1_618' title='bbox 2254 3683 2382 3748; x_wconf 82' lang='grc' dir='ltr'>ζονα</span> <span class='ocrx_word' id='word_1_619' title='bbox 2415 3679 2552 3736; x_wconf 76' lang='grc' dir='ltr'>εἶναι</span> <span class='ocrx_word' id='word_1_620' title='bbox 2572 3683 2664 3736; x_wconf 74' lang='grc' dir='ltr'>τὸν</span> <span class='ocrx_word' id='word_1_621' title='bbox 2703 3682 2921 3749; x_wconf 82' lang='grc' dir='ltr'>Πατέρα</span> <span class='ocrx_word' id='word_1_622' title='bbox 2948 3681 3044 3751; x_wconf 76' lang='grc' dir='ltr'><strong>τῆς</strong></span> <span class='ocrx_word' id='word_1_623' title='bbox 3077 3680 3171 3734; x_wconf 77' lang='grc' dir='ltr'><strong>τοῦ</strong></span> <span class='ocrx_word' id='word_1_624' title='bbox 3206 3679 3541 3748; x_wconf 86' lang='grc' dir='ltr'>Μονογενοῦς</span> <span class='ocrx_word' id='word_1_625' title='bbox 3589 3679 3848 3748; x_wconf 81' lang='grc' dir='ltr'>θεότητος</span> 
     </span>
    </p>
   </div>
   <div class='ocr_carea' id='block_1_85' title="bbox 2245 3771 3848 3844">
    <p class='ocr_par' dir='ltr' id='par_1_85' title="bbox 2245 3771 3848 3844">
     <span class='ocr_line' id='line_1_85' title="bbox 2245 3771 3848 3844; baseline -0.002 -16"><span class='ocrx_word' id='word_1_626' title='bbox 2245 3776 2450 3843; x_wconf 79' lang='grc' dir='ltr'><strong>¹λέγειν,</strong></span> <span class='ocrx_word' id='word_1_627' title='bbox 2470 3775 2604 3827; x_wconf 83' lang='grc' dir='ltr'>ἀλλὰ</span> <span class='ocrx_word' id='word_1_628' title='bbox 2629 3775 2789 3844; x_wconf 82' lang='grc' dir='ltr'>μόνον</span> <span class='ocrx_word' id='word_1_629' title='bbox 2811 3773 2971 3827; x_wconf 77' lang='grc' dir='ltr'>αὑτὸν</span> <span class='ocrx_word' id='word_1_630' title='bbox 2994 3772 3280 3843; x_wconf 85' lang='grc' dir='ltr'>συγκρίσει</span> <span class='ocrx_word' id='word_1_631' title='bbox 3301 3774 3368 3843; x_wconf 77' lang='grc' dir='ltr'>τῇ</span> <span class='ocrx_word' id='word_1_632' title='bbox 3391 3771 3520 3844; x_wconf 70' lang='grc' dir='ltr'>περὶ</span> <span class='ocrx_word' id='word_1_633' title='bbox 3542 3771 3638 3841; x_wconf 81' lang='grc' dir='ltr'><strong>τὴν</strong></span> <span class='ocrx_word' id='word_1_634' title='bbox 3660 3772 3848 3842; x_wconf 87' lang='grc' dir='ltr'>σάρκα</span> 
     </span>
    </p>
   </div>
   <div class='ocr_carea' id='block_1_86' title="bbox 2253 3861 3848 3938">
    <p class='ocr_par' dir='ltr' id='par_1_86' title="bbox 2253 3861 3848 3938">
     <span class='ocr_line' id='line_1_86' title="bbox 2253 3861 3848 3938; baseline -0.003 -18"><span class='ocrx_word' id='word_1_635' title='bbox 2253 3867 2537 3938; x_wconf 84' lang='grc' dir='ltr'>ὑπερέχειν</span> <span class='ocrx_word' id='word_1_636' title='bbox 2555 3867 2748 3929; x_wconf 84' lang='grc' dir='ltr'>δοκεῖν,</span> <span class='ocrx_word' id='word_1_637' title='bbox 2772 3865 2908 3936; x_wconf 82' lang='grc' dir='ltr'>μηδὲ</span> <span class='ocrx_word' id='word_1_638' title='bbox 2927 3863 3031 3916; x_wconf 76' lang='grc' dir='ltr'><strong>κᾶν</strong></span> <span class='ocrx_word' id='word_1_639' title='bbox 3053 3862 3211 3916; x_wconf 80' lang='grc' dir='ltr'>τοῦτο</span> <span class='ocrx_word' id='word_1_640' title='bbox 3230 3861 3342 3933; x_wconf 83' lang='grc' dir='ltr'>[γρ.</span> <span class='ocrx_word' id='word_1_641' title='bbox 3366 3862 3469 3915; x_wconf 88' lang='grc' dir='ltr'><strong>κάν</strong></span> <span class='ocrx_word' id='word_1_642' title='bbox 3483 3861 3677 3933; x_wconf 84' lang='grc' dir='ltr'>τούτῳ]</span> <span class='ocrx_word' id='word_1_643' title='bbox 3701 3879 3848 3915; x_wconf 88' lang='grc' dir='ltr'>συνι-</span> 
     </span>
    </p>
   </div>
   <div class='ocr_carea' id='block_1_87' title="bbox 2250 3951 3844 4026">
    <p class='ocr_par' dir='ltr' id='par_1_87' title="bbox 2250 3951 3844 4026">
     <span class='ocr_line' id='line_1_87' title="bbox 2250 3951 3844 4026; baseline -0.005 -14"><span class='ocrx_word' id='word_1_644' title='bbox 2250 3959 2359 4012; x_wconf 83' lang='grc' dir='ltr'>δεῖν</span> <span class='ocrx_word' id='word_1_645' title='bbox 2390 3955 2728 4026; x_wconf 86' lang='grc' dir='ltr'>δυνηθέντες,</span> <span class='ocrx_word' id='word_1_646' title='bbox 2759 3955 2834 4018; x_wconf 85' lang='grc' dir='ltr'>ὼς</span> <span class='ocrx_word' id='word_1_647' title='bbox 2859 3955 2929 4006; x_wconf 85' lang='grc' dir='ltr'><strong>τὰ</strong></span> <span class='ocrx_word' id='word_1_648' title='bbox 2953 3955 3241 4025; x_wconf 83' lang='grc' dir='ltr'>ἑτερογενῆ</span> <span class='ocrx_word' id='word_1_649' title='bbox 3271 3951 3519 4022; x_wconf 78' lang='grc' dir='ltr'>οὐδαμῶς</span> <span class='ocrx_word' id='word_1_650' title='bbox 3548 3954 3844 4022; x_wconf 87' lang='grc' dir='ltr'>συγκρίνε-</span> 
     </span>
    </p>
   </div>
   <div class='ocr_carea' id='block_1_88' title="bbox 2253 4043 3845 4116">
    <p class='ocr_par' dir='ltr' id='par_1_88' title="bbox 2253 4043 3845 4116">
     <span class='ocr_line' id='line_1_88' title="bbox 2253 4043 3845 4116; baseline -0.004 -16"><span class='ocrx_word' id='word_1_651' title='bbox 2253 4047 2376 4100; x_wconf 86' lang='grc' dir='ltr'>σθαι</span> <span class='ocrx_word' id='word_1_652' title='bbox 2398 4047 2640 4101; x_wconf 86' lang='grc' dir='ltr'>δύναται.</span> <span class='ocrx_word' id='word_1_653' title='bbox 2674 4045 2863 4108; x_wconf 65' lang='grc' dir='ltr'>Οὐδεὶς</span> <span class='ocrx_word' id='word_1_654' title='bbox 2887 4045 2996 4116; x_wconf 75' lang='grc' dir='ltr'>γὰρ</span> <span class='ocrx_word' id='word_1_655' title='bbox 3021 4043 3086 4097; x_wconf 86' lang='grc' dir='ltr'><strong>ἂν</strong></span> <span class='ocrx_word' id='word_1_656' title='bbox 3109 4045 3253 4096; x_wconf 72' lang='grc' dir='ltr'>εἴποι</span> <span class='ocrx_word' id='word_1_657' title='bbox 3279 4043 3407 4096; x_wconf 85' lang='grc' dir='ltr'><strong>ποτὲ</strong></span> <span class='ocrx_word' id='word_1_658' title='bbox 3437 4045 3518 4096; x_wconf 79' lang='grc' dir='ltr'>ὅτι</span> <span class='ocrx_word' id='word_1_659' title='bbox 3552 4043 3845 4111; x_wconf 80' lang='grc' dir='ltr'>ἄνθρωπος</span> 
     </span>
    </p>
   </div>
   <div class='ocr_carea' id='block_1_89' title="bbox 2251 4135 3844 4210">
    <p class='ocr_par' dir='ltr' id='par_1_89' title="bbox 2251 4135 3844 4210">
     <span class='ocr_line' id='line_1_89' title="bbox 2251 4135 3844 4210; baseline -0.004 -17"><span class='ocrx_word' id='word_1_660' title='bbox 2251 4138 2559 4210; x_wconf 72' lang='grc' dir='ltr'>σοφώτερός</span> <span class='ocrx_word' id='word_1_661' title='bbox 2581 4139 2698 4191; x_wconf 84' lang='grc' dir='ltr'>ἑστι</span> <span class='ocrx_word' id='word_1_662' title='bbox 2733 4140 2985 4206; x_wconf 86' lang='grc' dir='ltr'>κτήνους,</span> <span class='ocrx_word' id='word_1_663' title='bbox 3031 4135 3153 4189; x_wconf 72' lang='grc' dir='ltr'>οὔτε</span> <span class='ocrx_word' id='word_1_664' title='bbox 3205 4137 3316 4206; x_wconf 51' lang='grc' dir='ltr'>μὴν.</span> <span class='ocrx_word' id='word_1_665' title='bbox 3359 4137 3524 4200; x_wconf 77' lang='grc' dir='ltr'>ἵππος</span> <span class='ocrx_word' id='word_1_666' title='bbox 3565 4135 3844 4207; x_wconf 80' lang='grc' dir='ltr'>ὀξυτέρως</span> 
     </span>
    </p>
   </div>
   <div class='ocr_carea' id='block_1_90' title="bbox 2248 4226 3840 4305">
    <p class='ocr_par' dir='ltr' id='par_1_90' title="bbox 2248 4226 3840 4305">
     <span class='ocr_line' id='line_1_90' title="bbox 2248 4226 3840 4305; baseline -0.003 -21"><span class='ocrx_word' id='word_1_667' title='bbox 2248 4233 2432 4305; x_wconf 86' lang='grc' dir='ltr'>τρέχει</span> <span class='ocrx_word' id='word_1_668' title='bbox 2462 4229 2731 4300; x_wconf 74' lang='grc' dir='ltr'>χελώνης,</span> <span class='ocrx_word' id='word_1_669' title='bbox 2762 4229 2876 4281; x_wconf 80' lang='grc' dir='ltr'>ἀλλ’</span> <span class='ocrx_word' id='word_1_670' title='bbox 2901 4227 3187 4298; x_wconf 85' lang='grc' dir='ltr'>ἄνθρωπον</span> <span class='ocrx_word' id='word_1_671' title='bbox 3220 4226 3508 4297; x_wconf 84' lang='grc' dir='ltr'>ἀνθρώπου</span> <span class='ocrx_word' id='word_1_672' title='bbox 3537 4226 3840 4297; x_wconf 77' lang='grc' dir='ltr'>ἐλλογιμώ-</span> 
     </span>
    </p>
   </div>
   <div class='ocr_carea' id='block_1_91' title="bbox 2247 4317 3841 4396">
    <p class='ocr_par' dir='ltr' id='par_1_91' title="bbox 2247 4317 3841 4396">
     <span class='ocr_line' id='line_1_91' title="bbox 2247 4317 3841 4396; baseline -0.004 -18"><span class='ocrx_word' id='word_1_673' title='bbox 2247 4342 2426 4396; x_wconf 90' lang='grc' dir='ltr'>τερον,</span> <span class='ocrx_word' id='word_1_674' title='bbox 2463 4323 2628 4376; x_wconf 82' lang='grc' dir='ltr'>ἵππον</span> <span class='ocrx_word' id='word_1_675' title='bbox 2682 4321 2740 4372; x_wconf 76' lang='grc' dir='ltr'>δὲ</span> <span class='ocrx_word' id='word_1_676' title='bbox 2792 4320 2960 4374; x_wconf 77' lang='grc' dir='ltr'>ἵππου</span> <span class='ocrx_word' id='word_1_677' title='bbox 3005 4318 3262 4387; x_wconf 75' lang='grc' dir='ltr'>ὀξύτερον</span> <span class='ocrx_word' id='word_1_678' title='bbox 3298 4317 3578 4388; x_wconf 80' lang='grc' dir='ltr'>φέρεσθαι.</span> <span class='ocrx_word' id='word_1_679' title='bbox 3641 4320 3841 4372; x_wconf 84' lang='grc' dir='ltr'>Μόνων</span> 
     </span>
    </p>
   </div>
   <div class='ocr_carea' id='block_1_92' title="bbox 568 4398 2156 4489">
    <p class='ocr_par' dir='ltr' id='par_1_92' title="bbox 568 4398 2148 4485">
     <span class='ocr_line' id='line_1_92' title="bbox 568 4398 2148 4485; baseline 0.008 -28"><span class='ocrx_word' id='word_1_680' title='bbox 568 4418 914 4474; x_wconf 82' lang='lat' dir='ltr'><strong>comparant,</strong></span> <span class='ocrx_word' id='word_1_681' title='bbox 943 4419 1213 4478; x_wconf 87' lang='lat' dir='ltr'><strong>quantum</strong></span> <span class='ocrx_word' id='word_1_682' title='bbox 1249 4413 1304 4466; x_wconf 84' lang='lat' dir='ltr'><strong>in</strong></span> <span class='ocrx_word' id='word_1_683' title='bbox 1335 4398 1420 4469; x_wconf 74' lang='lat' dir='ltr'><strong>eis</strong></span> <span class='ocrx_word' id='word_1_684' title='bbox 1455 4424 1566 4480; x_wconf 88' lang='lat' dir='ltr'><strong>est,</strong></span> <span class='ocrx_word' id='word_1_685' title='bbox 1598 4415 1778 4473; x_wconf 84' lang='lat' dir='ltr'><strong>Patris</strong></span> <span class='ocrx_word' id='word_1_686' title='bbox 1823 4417 2148 4485; x_wconf 78' lang='lat' dir='ltr'><strong>dignitatem</strong></span> 
     </span>
    </p>
   </div>
   <div class='ocr_carea' id='block_1_93' title="bbox 2259 4398 3844 4489">
    <p class='ocr_par' dir='ltr' id='par_1_93' title="bbox 2259 4409 3844 4483">
     <span class='ocr_line' id='line_1_93' title="bbox 2259 4409 3844 4483; baseline -0.005 -15"><span class='ocrx_word' id='word_1_687' title='bbox 2259 4417 2429 4470; x_wconf 85' lang='grc' dir='ltr'>τοίνυν</span> <span class='ocrx_word' id='word_1_688' title='bbox 2459 4413 2567 4467; x_wconf 87' lang='grc' dir='ltr'><strong>τῶν</strong></span> <span class='ocrx_word' id='word_1_689' title='bbox 2627 4410 2903 4483; x_wconf 84' lang='grc' dir='ltr'>ὁμογενῶν</span> <span class='ocrx_word' id='word_1_690' title='bbox 2951 4410 3050 4481; x_wconf 74' lang='grc' dir='ltr'><strong>τὴν</strong></span> <span class='ocrx_word' id='word_1_691' title='bbox 3094 4411 3230 4479; x_wconf 75' lang='grc' dir='ltr'>πρὸς</span> <span class='ocrx_word' id='word_1_692' title='bbox 3285 4409 3491 4480; x_wconf 80' lang='grc' dir='ltr'>ἄλληλα</span> <span class='ocrx_word' id='word_1_693' title='bbox 3547 4409 3844 4479; x_wconf 80' lang='grc' dir='ltr'>σύγκρισιν</span> 
     </span>
    </p>
   </div>
   <div class='ocr_carea' id='block_1_94' title="bbox 569 4498 901 4551">
    <p class='ocr_par' dir='ltr' id='par_1_94' title="bbox 569 4498 901 4551">
     <span class='ocr_line' id='line_1_94' title="bbox 569 4498 901 4551; baseline 0 -3"><span class='ocrx_word' id='word_1_694' title='bbox 569 4498 844 4551; x_wconf 84' lang='lat' dir='ltr'><strong>minuunt.</strong></span> <span class='ocrx_word' id='word_1_695' title='bbox 882 4517 901 4548; x_wconf 77' lang='grc' dir='ltr'><strong>ι</strong></span> 
     </span>
    </p>
   </div>
   <div class='ocr_carea' id='block_1_95' title="bbox 2254 4502 3845 4577">
    <p class='ocr_par' dir='ltr' id='par_1_95' title="bbox 2254 4502 3845 4577">
     <span class='ocr_line' id='line_1_95' title="bbox 2254 4502 3845 4577; baseline -0.006 -15"><span class='ocrx_word' id='word_1_696' title='bbox 2254 4506 2688 4577; x_wconf 80' lang='grc' dir='ltr'>ἑπιδεχομένων,</span> <span class='ocrx_word' id='word_1_697' title='bbox 2749 4504 2962 4572; x_wconf 82' lang='grc' dir='ltr'>ἀνάγκη</span> <span class='ocrx_word' id='word_1_698' title='bbox 3027 4503 3222 4563; x_wconf 83' lang='grc' dir='ltr'>αὐτοὺς</span> <span class='ocrx_word' id='word_1_699' title='bbox 3272 4502 3641 4572; x_wconf 82' lang='grc' dir='ltr'>ὁμολογῆσαι,</span> <span class='ocrx_word' id='word_1_700' title='bbox 3700 4503 3845 4553; x_wconf 81' lang='grc' dir='ltr'><strong>ὅτιό</strong></span> 
     </span>
    </p>
   </div>
   <div class='ocr_carea' id='block_1_96' title="bbox 567 4589 3842 4677">
    <p class='ocr_par' dir='ltr' id='par_1_96' title="bbox 567 4589 3842 4677">
     <span class='ocr_line' id='line_1_96' title="bbox 567 4589 3842 4677; baseline -0.005 -16"><span class='ocrx_word' id='word_1_701' title='bbox 567 4589 759 4660; x_wconf 66' lang='grc' dir='ltr'><strong>Πατὴρ</strong></span> <span class='ocrx_word' id='word_1_702' title='bbox 797 4591 997 4659; x_wconf 69' lang='grc' dir='ltr'>μείζων</span> <span class='ocrx_word' id='word_1_703' title='bbox 1024 4594 1194 4666; x_wconf 72' lang='grc' dir='ltr'><strong>αὐτῆς</strong></span> <span class='ocrx_word' id='word_1_704' title='bbox 1237 4599 1334 4667; x_wconf 85' lang='grc' dir='ltr'>τῆς</span> <span class='ocrx_word' id='word_1_705' title='bbox 1386 4600 1479 4653; x_wconf 79' lang='grc' dir='ltr'>τοῦ</span> <span class='ocrx_word' id='word_1_706' title='bbox 1520 4602 1856 4671; x_wconf 84' lang='grc' dir='ltr'>Μονογενοῦς</span> <span class='ocrx_word' id='word_1_707' title='bbox 1889 4604 2143 4677; x_wconf 88' lang='grc' dir='ltr'>θεότητος</span> <span class='ocrx_word' id='word_1_708' title='bbox 2181 4605 2440 4674; x_wconf 81' lang='grc' dir='ltr'>ὑπάρχει.</span> <span class='ocrx_word' id='word_1_709' title='bbox 2478 4603 2540 4656; x_wconf 89' lang='grc' dir='ltr'><strong>Οἱ</strong></span> <span class='ocrx_word' id='word_1_710' title='bbox 2574 4602 2686 4672; x_wconf 80' lang='grc' dir='ltr'>γὰρ</span> <span class='ocrx_word' id='word_1_711' title='bbox 2713 4599 2968 4662; x_wconf 79' lang='grc' dir='ltr'>ἐναντίως</span> <span class='ocrx_word' id='word_1_712' title='bbox 2996 4598 3373 4668; x_wconf 80' lang='grc' dir='ltr'>σφαλλόμενοι,</span> <span class='ocrx_word' id='word_1_713' title='bbox 3405 4596 3482 4667; x_wconf 85' lang='grc' dir='ltr'><strong>τῷ</strong></span> <span class='ocrx_word' id='word_1_714' title='bbox 3541 4598 3676 4669; x_wconf 65' lang='grc' dir='ltr'>πρδς</span> <span class='ocrx_word' id='word_1_715' title='bbox 3740 4599 3842 4666; x_wconf 72' lang='grc' dir='ltr'>τὴν</span> 
     </span>
    </p>
   </div>
   <div class='ocr_carea' id='block_1_97' title="bbox 568 4683 2867 4771">
    <p class='ocr_par' dir='ltr' id='par_1_97' title="bbox 568 4683 2867 4771">
     <span class='ocr_line' id='line_1_97' title="bbox 568 4683 2867 4771; baseline 0.004 -35"><span class='ocrx_word' id='word_1_716' title='bbox 568 4683 743 4754; x_wconf 81' lang='grc' dir='ltr'>σάρκα</span> <span class='ocrx_word' id='word_1_717' title='bbox 771 4687 1100 4757; x_wconf 88' lang='grc' dir='ltr'>συγκρίνειν,</span> <span class='ocrx_word' id='word_1_718' title='bbox 1149 4692 1273 4745; x_wconf 83' lang='grc' dir='ltr'>ὅσον</span> <span class='ocrx_word' id='word_1_719' title='bbox 1321 4693 1382 4746; x_wconf 86' lang='grc' dir='ltr'><strong>τὸ</strong></span> <span class='ocrx_word' id='word_1_720' title='bbox 1424 4694 1509 4747; x_wconf 78' lang='grc' dir='ltr'><strong>ἐπ’</strong></span> <span class='ocrx_word' id='word_1_721' title='bbox 1560 4697 1764 4763; x_wconf 80' lang='grc' dir='ltr'>αὐτοῖς,</span> <span class='ocrx_word' id='word_1_722' title='bbox 1806 4699 1868 4751; x_wconf 84' lang='grc' dir='ltr'><strong>τὸ</strong></span> <span class='ocrx_word' id='word_1_723' title='bbox 1910 4701 2176 4771; x_wconf 72' lang='grc' dir='ltr'>πατρικὸν</span> <span class='ocrx_word' id='word_1_724' title='bbox 2211 4701 2429 4769; x_wconf 78' lang='grc' dir='ltr'>ἀξίωμα</span> <span class='ocrx_word' id='word_1_725' title='bbox 2457 4695 2800 4768; x_wconf 81' lang='grc' dir='ltr'>καθαιροῦσι.</span> <span class='ocrx_word' id='word_1_726' title='bbox 2849 4713 2867 4744; x_wconf 76' lang='grc' dir='ltr'><strong>ι</strong></span> 
     </span>
    </p>
   </div>
   <div class='ocr_carea' id='block_1_98' title="bbox 637 4773 2141 4858">
    <p class='ocr_par' dir='ltr' id='par_1_98' title="bbox 637 4773 2141 4858">
     <span class='ocr_line' id='line_1_98' title="bbox 637 4773 2141 4858; baseline 0.012 -31"><span class='ocrx_word' id='word_1_727' title='bbox 637 4773 727 4829; x_wconf 62' lang='lat' dir='ltr'><strong>&quot;re</strong></span> <span class='ocrx_word' id='word_1_728' title='bbox 777 4778 1000 4846; x_wconf 90' lang='lat' dir='ltr'><strong>quidem</strong></span> <span class='ocrx_word' id='word_1_729' title='bbox 1047 4790 1180 4835; x_wconf 90' lang='lat' dir='ltr'><strong>sunt</strong></span> <span class='ocrx_word' id='word_1_730' title='bbox 1212 4783 1362 4838; x_wconf 90' lang='lat' dir='ltr'><strong>illius</strong></span> <span class='ocrx_word' id='word_1_731' title='bbox 1399 4786 1562 4858; x_wconf 71' lang='grc'><strong>847</strong></span> <span class='ocrx_word' id='word_1_732' title='bbox 1617 4805 1794 4858; x_wconf 71' lang='lat' dir='ltr'><strong>nugae.</strong></span> <span class='ocrx_word' id='word_1_733' title='bbox 1831 4788 2141 4846; x_wconf 83' lang='lat' dir='ltr'><strong>Videndum</strong></span> 
     </span>
    </p>
   </div>
   <div class='ocr_carea' id='block_1_99' title="bbox 562 4875 2139 4951">
    <p class='ocr_par' dir='ltr' id='par_1_99' title="bbox 562 4875 2139 4951">
     <span class='ocr_line' id='line_1_99' title="bbox 562 4875 2139 4951; baseline 0.01 -31"><span class='ocrx_word' id='word_1_734' title='bbox 562 4879 696 4920; x_wconf 72' lang='lat' dir='ltr'><strong>Vero</strong></span> <span class='ocrx_word' id='word_1_735' title='bbox 725 4884 836 4937; x_wconf 94' lang='lat' dir='ltr'><strong>quo</strong></span> <span class='ocrx_word' id='word_1_736' title='bbox 877 4879 1039 4939; x_wconf 86' lang='lat' dir='ltr'><strong>pacto</strong></span> <span class='ocrx_word' id='word_1_737' title='bbox 1085 4875 1202 4928; x_wconf 90' lang='lat' dir='ltr'><strong>suis</strong></span> <span class='ocrx_word' id='word_1_738' title='bbox 1239 4876 1356 4945; x_wconf 87' lang='lat' dir='ltr'><strong>ipse</strong></span> <span class='ocrx_word' id='word_1_739' title='bbox 1389 4879 1571 4933; x_wconf 83' lang='lat' dir='ltr'><strong>verbis</strong></span> <span class='ocrx_word' id='word_1_740' title='bbox 1611 4896 1678 4934; x_wconf 92' lang='lat' dir='ltr'><strong>nc</strong></span> <span class='ocrx_word' id='word_1_741' title='bbox 1706 4883 1887 4935; x_wconf 85' lang='lat' dir='ltr'><strong>sciens</strong></span> <span class='ocrx_word' id='word_1_742' title='bbox 1919 4883 2139 4951; x_wconf 86' lang='lat' dir='ltr'><strong>quidem</strong></span> 
     </span>
    </p>
   </div>
   <div class='ocr_carea' id='block_1_100' title="bbox 565 4959 2141 5043">
    <p class='ocr_par' dir='ltr' id='par_1_100' title="bbox 565 4959 2141 5043">
     <span class='ocr_line' id='line_1_100' title="bbox 565 4959 2141 5043; baseline 0.014 -36"><span class='ocrx_word' id='word_1_743' title='bbox 565 4969 787 5027; x_wconf 81' lang='lat' dir='ltr'><strong>pugnet.</strong></span> <span class='ocrx_word' id='word_1_744' title='bbox 835 4959 1048 5016; x_wconf 85' lang='lat' dir='ltr'><strong>Laudat</strong></span> <span class='ocrx_word' id='word_1_745' title='bbox 1087 4967 1233 5018; x_wconf 85' lang='lat' dir='ltr'><strong>enim</strong></span> <span class='ocrx_word' id='word_1_746' title='bbox 1286 4965 1508 5031; x_wconf 86' lang='lat' dir='ltr'><strong>Filium,</strong></span> <span class='ocrx_word' id='word_1_747' title='bbox 1565 4979 1624 5023; x_wconf 91' lang='lat' dir='ltr'><strong>ut</strong></span> <span class='ocrx_word' id='word_1_748' title='bbox 1669 4973 1762 5040; x_wconf 86' lang='lat' dir='ltr'><strong>qui</strong></span> <span class='ocrx_word' id='word_1_749' title='bbox 1813 4973 2034 5043; x_wconf 81' lang='lat' dir='ltr'><strong>dignam</strong></span> <span class='ocrx_word' id='word_1_750' title='bbox 2082 4990 2141 5029; x_wconf 86' lang='lat' dir='ltr'><strong>se</strong></span> 
     </span>
    </p>
   </div>
   <div class='ocr_carea' id='block_1_101' title="bbox 565 5050 2137 5126">
    <p class='ocr_par' dir='ltr' id='par_1_101' title="bbox 565 5050 2137 5126">
     <span class='ocr_line' id='line_1_101' title="bbox 565 5050 2137 5126; baseline 0.012 -27"><span class='ocrx_word' id='word_1_751' title='bbox 565 5050 964 5118; x_wconf 82' lang='lat' dir='ltr'><strong>gratitudinem</strong></span> <span class='ocrx_word' id='word_1_752' title='bbox 996 5063 1049 5108; x_wconf 86' lang='lat' dir='ltr'><strong>et</strong></span> <span class='ocrx_word' id='word_1_753' title='bbox 1079 5058 1394 5125; x_wconf 68' lang='lat' dir='ltr'><strong>aequitatem</strong></span> <span class='ocrx_word' id='word_1_754' title='bbox 1427 5064 1749 5126; x_wconf 83' lang='lat' dir='ltr'><strong>servaverit,</strong></span> <span class='ocrx_word' id='word_1_755' title='bbox 1789 5079 1914 5117; x_wconf 91' lang='lat' dir='ltr'><strong>cum</strong></span> <span class='ocrx_word' id='word_1_756' title='bbox 1951 5064 2090 5118; x_wconf 81' lang='lat' dir='ltr'><strong>dixit</strong></span> <span class='ocrx_word' id='word_1_757' title='bbox 2123 5083 2137 5118; x_wconf 89' lang='lat'><strong><em>:</em></strong></span> 
     </span>
    </p>
   </div>
   <div class='ocr_carea' id='block_1_102' title="bbox 568 5141 2142 5222">
    <p class='ocr_par' dir='ltr' id='par_1_102' title="bbox 568 5141 2142 5222">
     <span class='ocr_line' id='line_1_102' title="bbox 568 5141 2142 5222; baseline 0.012 -31"><span class='ocrx_word' id='word_1_758' title='bbox 568 5159 588 5190; x_wconf 85' lang='grc'><strong>‹</strong></span> <span class='ocrx_word' id='word_1_759' title='bbox 626 5141 786 5196; x_wconf 88' lang='lat' dir='ltr'><strong>Pater</strong></span> <span class='ocrx_word' id='word_1_760' title='bbox 815 5143 992 5212; x_wconf 90' lang='lat' dir='ltr'><strong>major</strong></span> <span class='ocrx_word' id='word_1_761' title='bbox 1021 5162 1105 5201; x_wconf 90' lang='lat' dir='ltr'><strong>me</strong></span> <span class='ocrx_word' id='word_1_762' title='bbox 1137 5156 1257 5211; x_wconf 89' lang='lat' dir='ltr'><strong>est;</strong></span> <span class='ocrx_word' id='word_1_763' title='bbox 1297 5167 1315 5198; x_wconf 85' lang='grc'><strong>›</strong></span> <span class='ocrx_word' id='word_1_764' title='bbox 1347 5149 1446 5203; x_wconf 87' lang='lat' dir='ltr'><strong>sed</strong></span> <span class='ocrx_word' id='word_1_765' title='bbox 1473 5153 1642 5204; x_wconf 90' lang='lat' dir='ltr'><strong>miror</strong></span> <span class='ocrx_word' id='word_1_766' title='bbox 1669 5155 1760 5222; x_wconf 88' lang='lat' dir='ltr'><strong>qui</strong></span> <span class='ocrx_word' id='word_1_767' title='bbox 1793 5170 1898 5209; x_wconf 92' lang='lat' dir='ltr'><strong>non</strong></span> <span class='ocrx_word' id='word_1_768' title='bbox 1938 5155 1990 5208; x_wconf 91' lang='lat' dir='ltr'><strong>in</strong></span> <span class='ocrx_word' id='word_1_769' title='bbox 2021 5157 2142 5209; x_wconf 85' lang='lat' dir='ltr'><strong>ani-</strong></span> 
     </span>
    </p>
   </div>
   <div class='ocr_carea' id='block_1_103' title="bbox 565 5234 2152 5313">
    <p class='ocr_par' dir='ltr' id='par_1_103' title="bbox 565 5234 2152 5313">
     <span class='ocr_line' id='line_1_103' title="bbox 565 5234 2152 5313; baseline 0.011 -29"><span class='ocrx_word' id='word_1_770' title='bbox 565 5247 714 5286; x_wconf 90' lang='lat' dir='ltr'><strong>mum</strong></span> <span class='ocrx_word' id='word_1_771' title='bbox 750 5234 897 5288; x_wconf 82' lang='lat' dir='ltr'><strong>istud</strong></span> <span class='ocrx_word' id='word_1_772' title='bbox 929 5235 1228 5291; x_wconf 83' lang='lat' dir='ltr'><strong>induxerit.</strong></span> <span class='ocrx_word' id='word_1_773' title='bbox 1267 5239 1408 5304; x_wconf 86' lang='lat' dir='ltr'><strong>Quid</strong></span> <span class='ocrx_word' id='word_1_774' title='bbox 1444 5244 1611 5307; x_wconf 86' lang='lat' dir='ltr'><strong>enim,</strong></span> <span class='ocrx_word' id='word_1_775' title='bbox 1639 5260 1846 5313; x_wconf 62' lang='lat' dir='ltr'><strong>quaso,</strong></span> <span class='ocrx_word' id='word_1_776' title='bbox 1871 5262 1994 5300; x_wconf 89' lang='lat' dir='ltr'><strong>eum</strong></span> <span class='ocrx_word' id='word_1_777' title='bbox 2027 5246 2152 5300; x_wconf 76' lang='lat' dir='ltr'><strong>adi-</strong></span> 
     </span>
    </p>
   </div>
   <div class='ocr_carea' id='block_1_104' title="bbox 565 5326 2152 5405">
    <p class='ocr_par' dir='ltr' id='par_1_104' title="bbox 565 5326 2152 5405">
     <span class='ocr_line' id='line_1_104' title="bbox 565 5326 2152 5405; baseline 0.011 -30"><span class='ocrx_word' id='word_1_778' title='bbox 565 5327 728 5393; x_wconf 85' lang='lat' dir='ltr'><strong>gebat</strong></span> <span class='ocrx_word' id='word_1_779' title='bbox 753 5333 810 5378; x_wconf 87' lang='lat' dir='ltr'><strong>ut</strong></span> <span class='ocrx_word' id='word_1_780' title='bbox 838 5326 906 5380; x_wconf 91' lang='lat' dir='ltr'><strong>de</strong></span> <span class='ocrx_word' id='word_1_781' title='bbox 936 5328 1227 5386; x_wconf 86' lang='lat' dir='ltr'><strong>divinitate</strong></span> <span class='ocrx_word' id='word_1_782' title='bbox 1257 5348 1355 5387; x_wconf 89' lang='lat' dir='ltr'><strong>sua</strong></span> <span class='ocrx_word' id='word_1_783' title='bbox 1393 5351 1538 5388; x_wconf 92' lang='lat' dir='ltr'><strong>nunc</strong></span> <span class='ocrx_word' id='word_1_784' title='bbox 1571 5338 1734 5392; x_wconf 81' lang='lat' dir='ltr'><strong>verba</strong></span> <span class='ocrx_word' id='word_1_785' title='bbox 1769 5338 1991 5405; x_wconf 80' lang='lat' dir='ltr'><strong>faceret,</strong></span> <span class='ocrx_word' id='word_1_786' title='bbox 2017 5355 2152 5394; x_wconf 80' lang='lat' dir='ltr'><strong>cum-</strong></span> 
     </span>
    </p>
   </div>
   <div class='ocr_carea' id='block_1_105' title="bbox 565 5427 2143 5500">
    <p class='ocr_par' dir='ltr' id='par_1_105' title="bbox 565 5427 2143 5500">
     <span class='ocr_line' id='line_1_105' title="bbox 565 5427 2143 5500; baseline 0.008 -27"><span class='ocrx_word' id='word_1_787' title='bbox 565 5431 731 5473; x_wconf 84' lang='lat' dir='ltr'><strong>nemo</strong></span> <span class='ocrx_word' id='word_1_788' title='bbox 762 5431 933 5473; x_wconf 88' lang='lat' dir='ltr'><strong>sanus</strong></span> <span class='ocrx_word' id='word_1_789' title='bbox 965 5435 1205 5491; x_wconf 85' lang='lat' dir='ltr'><strong>unquam</strong></span> <span class='ocrx_word' id='word_1_790' title='bbox 1241 5431 1458 5494; x_wconf 90' lang='lat' dir='ltr'><strong>tempus</strong></span> <span class='ocrx_word' id='word_1_791' title='bbox 1509 5427 1764 5496; x_wconf 84' lang='lat' dir='ltr'><strong>loquendi</strong></span> <span class='ocrx_word' id='word_1_792' title='bbox 1798 5429 2143 5500; x_wconf 81' lang='lat' dir='ltr'><strong>faciendique</strong></span> 
     </span>
    </p>
   </div>
   <div class='ocr_carea' id='block_1_106' title="bbox 569 5514 2143 5594">
    <p class='ocr_par' dir='ltr' id='par_1_106' title="bbox 569 5514 2143 5594">
     <span class='ocr_line' id='line_1_106' title="bbox 569 5514 2143 5594; baseline 0.01 -32"><span class='ocrx_word' id='word_1_793' title='bbox 569 5514 939 5575; x_wconf 74' lang='lat' dir='ltr'><strong>opportunum</strong></span> <span class='ocrx_word' id='word_1_794' title='bbox 976 5514 1121 5568; x_wconf 86' lang='lat' dir='ltr'><strong>scire</strong></span> <span class='ocrx_word' id='word_1_795' title='bbox 1173 5517 1513 5586; x_wconf 70' lang='lat' dir='ltr'><strong>neglexerit?</strong></span> <span class='ocrx_word' id='word_1_796' title='bbox 1541 5520 1703 5587; x_wconf 80' lang='lat' dir='ltr'><strong>Quid,</strong></span> <span class='ocrx_word' id='word_1_797' title='bbox 1741 5523 2143 5594; x_wconf 82' lang='lat' dir='ltr'><strong>inquam,opus</strong></span> 
     </span>
    </p>
   </div>
   <div class='ocr_carea' id='block_1_107' title="bbox 646 5681 1132 5754">
    <p class='ocr_par' dir='ltr' id='par_1_107' title="bbox 646 5681 1132 5754">
     <span class='ocr_line' id='line_1_107' title="bbox 646 5681 1132 5754; baseline 0.012 -21"><span class='ocrx_word' id='word_1_798' title='bbox 646 5681 688 5712; x_wconf 79' lang='lat'><strong>“</strong></span> <span class='ocrx_word' id='word_1_799' title='bbox 717 5681 952 5754; x_wconf 85' lang='lat' dir='ltr'><strong>Philipp.</strong></span> <span class='ocrx_word' id='word_1_800' title='bbox 981 5700 1043 5753; x_wconf 86' lang='grc' dir='ltr'><strong>ιι,</strong></span> <span class='ocrx_word' id='word_1_801' title='bbox 1078 5685 1132 5739; x_wconf 84' lang='grc'><strong>6.</strong></span> 
     </span>
    </p>
   </div>
   <div class='ocr_carea' id='block_1_108' title="bbox 2315 4783 3843 4858">
    <p class='ocr_par' dir='ltr' id='par_1_108' title="bbox 2315 4783 3843 4858">
     <span class='ocr_line' id='line_1_108' title="bbox 2315 4783 3843 4858; baseline -0.004 -17"><span class='ocrx_word' id='word_1_802' title='bbox 2315 4789 2357 4841; x_wconf 87' lang='grc' dir='ltr'><strong>Τ</strong></span> <span class='ocrx_word' id='word_1_803' title='bbox 2361 4789 2483 4840; x_wconf 72' lang='lat' dir='ltr'><strong>auri</strong></span> <span class='ocrx_word' id='word_1_804' title='bbox 2504 4789 2600 4858; x_wconf 83' lang='grc' dir='ltr'><strong>μὲν</strong></span> <span class='ocrx_word' id='word_1_805' title='bbox 2646 4787 2858 4840; x_wconf 82' lang='grc' dir='ltr'>ἑκείνου</span> <span class='ocrx_word' id='word_1_806' title='bbox 2907 4785 2978 4838; x_wconf 85' lang='grc' dir='ltr'>τὰ</span> <span class='ocrx_word' id='word_1_807' title='bbox 3006 4783 3215 4852; x_wconf 77' lang='grc' dir='ltr'>ὑθλῶδη</span> <span class='ocrx_word' id='word_1_808' title='bbox 3247 4783 3558 4853; x_wconf 77' lang='grc' dir='ltr'>ληρήματα.</span> <span class='ocrx_word' id='word_1_809' title='bbox 3607 4785 3843 4835; x_wconf 83' lang='grc' dir='ltr'>Διασκε-</span> 
     </span>
    </p>
   </div>
   <div class='ocr_carea' id='block_1_109' title="bbox 2242 4876 3837 4947">
    <p class='ocr_par' dir='ltr' id='par_1_109' title="bbox 2242 4876 3837 4947">
     <span class='ocr_line' id='line_1_109' title="bbox 2242 4876 3837 4947; baseline -0.004 -14"><span class='ocrx_word' id='word_1_810' title='bbox 2242 4880 2402 4933; x_wconf 82' lang='grc' dir='ltr'>πτέον</span> <span class='ocrx_word' id='word_1_811' title='bbox 2431 4880 2485 4932; x_wconf 83' lang='grc' dir='ltr'>δὲ</span> <span class='ocrx_word' id='word_1_812' title='bbox 2512 4880 2660 4942; x_wconf 82' lang='grc' dir='ltr'>ὅπως</span> <span class='ocrx_word' id='word_1_813' title='bbox 2693 4879 2845 4932; x_wconf 80' lang='grc' dir='ltr'>οὐδὲν</span> <span class='ocrx_word' id='word_1_814' title='bbox 2881 4877 3057 4931; x_wconf 81' lang='grc' dir='ltr'>εἰδότα</span> <span class='ocrx_word' id='word_1_815' title='bbox 3103 4877 3364 4947; x_wconf 80' lang='grc' dir='ltr'>δείξωμεν</span> <span class='ocrx_word' id='word_1_816' title='bbox 3411 4878 3494 4928; x_wconf 81' lang='grc' dir='ltr'>ὅτι</span> <span class='ocrx_word' id='word_1_817' title='bbox 3527 4877 3641 4937; x_wconf 86' lang='grc' dir='ltr'>τοῖς</span> <span class='ocrx_word' id='word_1_818' title='bbox 3678 4876 3837 4938; x_wconf 75' lang='grc' dir='ltr'>ἰδίοις</span> 
     </span>
    </p>
   </div>
   <div class='ocr_carea' id='block_1_110' title="bbox 2239 4965 3837 5040">
    <p class='ocr_par' dir='ltr' id='par_1_110' title="bbox 2239 4965 3837 5040">
     <span class='ocr_line' id='line_1_110' title="bbox 2239 4965 3837 5040; baseline -0.002 -18"><span class='ocrx_word' id='word_1_819' title='bbox 2239 4969 2403 5032; x_wconf 79' lang='grc' dir='ltr'>αὐτὸς</span> <span class='ocrx_word' id='word_1_820' title='bbox 2437 4969 2668 5040; x_wconf 83' lang='grc' dir='ltr'>μάχεται</span> <span class='ocrx_word' id='word_1_821' title='bbox 2705 4968 2914 5037; x_wconf 49' lang='grc' dir='ltr'>λόγοις,</span> <span class='ocrx_word' id='word_1_822' title='bbox 2940 4967 3283 5038; x_wconf 85' lang='grc' dir='ltr'>Ἀποδέχεται</span> <span class='ocrx_word' id='word_1_823' title='bbox 3303 4967 3402 5035; x_wconf 88' lang='grc' dir='ltr'><strong>μὲν</strong></span> <span class='ocrx_word' id='word_1_824' title='bbox 3433 4965 3542 5037; x_wconf 78' lang='grc' dir='ltr'><strong>γὰρ</strong></span> <span class='ocrx_word' id='word_1_825' title='bbox 3569 4966 3660 5020; x_wconf 71' lang='grc' dir='ltr'>τὸν</span> <span class='ocrx_word' id='word_1_826' title='bbox 3684 4967 3837 5030; x_wconf 78' lang='grc' dir='ltr'>Υἱὺν,</span> 
     </span>
    </p>
   </div>
   <div class='ocr_carea' id='block_1_111' title="bbox 2240 5059 3836 5131">
    <p class='ocr_par' dir='ltr' id='par_1_111' title="bbox 2240 5059 3836 5131">
     <span class='ocr_line' id='line_1_111' title="bbox 2240 5059 3836 5131; baseline 0 -19"><span class='ocrx_word' id='word_1_827' title='bbox 2240 5061 2315 5124; x_wconf 83' lang='grc' dir='ltr'>ὡς</span> <span class='ocrx_word' id='word_1_828' title='bbox 2336 5062 2434 5131; x_wconf 83' lang='grc' dir='ltr'>τὴν</span> <span class='ocrx_word' id='word_1_829' title='bbox 2454 5061 2604 5131; x_wconf 79' lang='grc' dir='ltr'>αὐτῷ</span> <span class='ocrx_word' id='word_1_830' title='bbox 2629 5060 2944 5131; x_wconf 86' lang='grc' dir='ltr'>πρέπουσαν</span> <span class='ocrx_word' id='word_1_831' title='bbox 2964 5060 3384 5129; x_wconf 79' lang='grc' dir='ltr'>εὐγνωμοσύνην</span> <span class='ocrx_word' id='word_1_832' title='bbox 3402 5059 3836 5128; x_wconf 79' lang='grc' dir='ltr'>διατηρήσαντα,</span> 
     </span>
    </p>
   </div>
   <div class='ocr_carea' id='block_1_112' title="bbox 2241 5151 3838 5224">
    <p class='ocr_par' dir='ltr' id='par_1_112' title="bbox 2241 5151 3838 5224">
     <span class='ocr_line' id='line_1_112' title="bbox 2241 5151 3838 5224; baseline -0.002 -18"><span class='ocrx_word' id='word_1_833' title='bbox 2241 5153 2318 5223; x_wconf 81' lang='grc' dir='ltr'>τῷ</span> <span class='ocrx_word' id='word_1_834' title='bbox 2345 5155 2518 5206; x_wconf 79' lang='grc' dir='ltr'>εἰπεῖν</span> <span class='ocrx_word' id='word_1_835' title='bbox 2539 5171 2550 5183; x_wconf 73' lang='grc'><strong><em>⁸</em></strong></span> <span class='ocrx_word' id='word_1_836' title='bbox 2581 5174 2598 5203; x_wconf 74' lang='grc' dir='ltr'><em>ς</em></span> <span class='ocrx_word' id='word_1_837' title='bbox 2638 5155 2693 5207; x_wconf 85' lang='lat'><strong>&#39;0</strong></span> <span class='ocrx_word' id='word_1_838' title='bbox 2724 5154 2916 5223; x_wconf 87' lang='grc' dir='ltr'>Πατὴρ</span> <span class='ocrx_word' id='word_1_839' title='bbox 2946 5153 3146 5224; x_wconf 73' lang='grc' dir='ltr'>μείζων</span> <span class='ocrx_word' id='word_1_840' title='bbox 3185 5169 3286 5222; x_wconf 86' lang='grc' dir='ltr'><strong>μου</strong></span> <span class='ocrx_word' id='word_1_841' title='bbox 3321 5151 3457 5204; x_wconf 81' lang='grc' dir='ltr'>ἐστί.</span> <span class='ocrx_word' id='word_1_842' title='bbox 3507 5169 3525 5202; x_wconf 77' lang='lat' dir='ltr'><strong>i</strong></span> <span class='ocrx_word' id='word_1_843' title='bbox 3558 5151 3838 5217; x_wconf 76' lang='grc' dir='ltr'>Θαυμάζω</span> 
     </span>
    </p>
   </div>
   <div class='ocr_carea' id='block_1_113' title="bbox 2240 5242 3832 5313">
    <p class='ocr_par' dir='ltr' id='par_1_113' title="bbox 2240 5242 3832 5313">
     <span class='ocr_line' id='line_1_113' title="bbox 2240 5242 3832 5313; baseline -0.003 -14"><span class='ocrx_word' id='word_1_844' title='bbox 2240 5245 2296 5299; x_wconf 81' lang='grc' dir='ltr'>δὲ</span> <span class='ocrx_word' id='word_1_845' title='bbox 2325 5247 2471 5309; x_wconf 83' lang='grc' dir='ltr'>ὅπως</span> <span class='ocrx_word' id='word_1_846' title='bbox 2500 5245 2623 5298; x_wconf 79' lang='grc' dir='ltr'>οὐδὲ</span> <span class='ocrx_word' id='word_1_847' title='bbox 2685 5248 2862 5298; x_wconf 80' lang='grc' dir='ltr'>ἐκεῖνο</span> <span class='ocrx_word' id='word_1_848' title='bbox 2906 5245 3046 5298; x_wconf 80' lang='grc' dir='ltr'><strong>κατά</strong></span> <span class='ocrx_word' id='word_1_849' title='bbox 3083 5244 3208 5298; x_wconf 79' lang='grc' dir='ltr'>νοῦν</span> <span class='ocrx_word' id='word_1_850' title='bbox 3245 5242 3571 5306; x_wconf 76' lang='grc' dir='ltr'>εἰσεδέξατο.</span> <span class='ocrx_word' id='word_1_851' title='bbox 3607 5242 3676 5294; x_wconf 90' lang='grc' dir='ltr'><strong>Τί</strong></span> <span class='ocrx_word' id='word_1_852' title='bbox 3722 5243 3832 5313; x_wconf 70' lang='grc' dir='ltr'><strong>γὰρ</strong></span> 
     </span>
    </p>
   </div>
   <div class='ocr_carea' id='block_1_114' title="bbox 2241 5330 3836 5406">
    <p class='ocr_par' dir='ltr' id='par_1_114' title="bbox 2241 5330 3836 5406">
     <span class='ocr_line' id='line_1_114' title="bbox 2241 5330 3836 5406; baseline -0.004 -16"><span class='ocrx_word' id='word_1_853' title='bbox 2241 5331 2310 5406; x_wconf 83' lang='grc' dir='ltr'>ἦν</span> <span class='ocrx_word' id='word_1_854' title='bbox 2333 5338 2469 5400; x_wconf 83' lang='grc' dir='ltr'>ὅλως</span> <span class='ocrx_word' id='word_1_855' title='bbox 2503 5337 2564 5388; x_wconf 85' lang='grc' dir='ltr'>τὸ</span> <span class='ocrx_word' id='word_1_856' title='bbox 2587 5335 2875 5389; x_wconf 79' lang='grc' dir='ltr'>ἀναπεῖθον</span> <span class='ocrx_word' id='word_1_857' title='bbox 2906 5335 3067 5388; x_wconf 75' lang='grc' dir='ltr'>αὑτὸν</span> <span class='ocrx_word' id='word_1_858' title='bbox 3103 5332 3378 5400; x_wconf 82' lang='grc' dir='ltr'>θεολογίας</span> <span class='ocrx_word' id='word_1_859' title='bbox 3409 5330 3661 5404; x_wconf 59' lang='grc' dir='ltr'>ξψασθαι</span> <span class='ocrx_word' id='word_1_860' title='bbox 3693 5332 3836 5395; x_wconf 78' lang='grc' dir='ltr'>νυνὶ,</span> 
     </span>
    </p>
   </div>
   <div class='ocr_carea' id='block_1_115' title="bbox 2246 5421 3835 5496">
    <p class='ocr_par' dir='ltr' id='par_1_115' title="bbox 2246 5421 3835 5496">
     <span class='ocr_line' id='line_1_115' title="bbox 2246 5421 3835 5496; baseline -0.003 -15"><span class='ocrx_word' id='word_1_861' title='bbox 2246 5428 2424 5481; x_wconf 88' lang='grc' dir='ltr'>καίτοι</span> <span class='ocrx_word' id='word_1_862' title='bbox 2450 5425 2508 5478; x_wconf 77' lang='grc' dir='ltr'>τὸ</span> <span class='ocrx_word' id='word_1_863' title='bbox 2542 5426 2733 5496; x_wconf 76' lang='grc' dir='ltr'>καιρὸν</span> <span class='ocrx_word' id='word_1_864' title='bbox 2761 5426 2958 5479; x_wconf 85' lang='grc' dir='ltr'>εἰδέναι</span> <span class='ocrx_word' id='word_1_865' title='bbox 2992 5425 3084 5478; x_wconf 79' lang='grc' dir='ltr'>τὸν</span> <span class='ocrx_word' id='word_1_866' title='bbox 3121 5424 3403 5494; x_wconf 84' lang='grc' dir='ltr'>πρέποντα</span> <span class='ocrx_word' id='word_1_867' title='bbox 3437 5423 3532 5474; x_wconf 72' lang='grc' dir='ltr'>καὶ</span> <span class='ocrx_word' id='word_1_868' title='bbox 3553 5421 3717 5490; x_wconf 81' lang='grc' dir='ltr'>λόγου</span> <span class='ocrx_word' id='word_1_869' title='bbox 3736 5423 3835 5476; x_wconf 79' lang='grc' dir='ltr'>καὶ</span> 
     </span>
    </p>
   </div>
   <div class='ocr_carea' id='block_1_116' title="bbox 2245 5513 3847 5592">
    <p class='ocr_par' dir='ltr' id='par_1_116' title="bbox 2245 5513 3847 5592">
     <span class='ocr_line' id='line_1_116' title="bbox 2245 5513 3847 5592; baseline -0.006 -16"><span class='ocrx_word' id='word_1_870' title='bbox 2245 5520 2570 5592; x_wconf 77' lang='grc' dir='ltr'>πράγματος</span> <span class='ocrx_word' id='word_1_871' title='bbox 2607 5518 2706 5572; x_wconf 82' lang='grc' dir='ltr'><strong>οὐκ</strong></span> <span class='ocrx_word' id='word_1_872' title='bbox 2737 5520 2793 5574; x_wconf 85' lang='grc' dir='ltr'><strong>ἑν</strong></span> <span class='ocrx_word' id='word_1_873' title='bbox 2813 5518 2888 5589; x_wconf 81' lang='grc' dir='ltr'>τῷ</span> <span class='ocrx_word' id='word_1_874' title='bbox 2923 5519 3112 5590; x_wconf 71' lang='grc' dir='ltr'>μηδενὶ</span> <span class='ocrx_word' id='word_1_875' title='bbox 3155 5517 3274 5587; x_wconf 81' lang='grc' dir='ltr'>θείη</span> <span class='ocrx_word' id='word_1_876' title='bbox 3305 5515 3386 5578; x_wconf 84' lang='grc' dir='ltr'><strong>τίς</strong></span> <span class='ocrx_word' id='word_1_877' title='bbox 3417 5513 3505 5580; x_wconf 80' lang='grc' dir='ltr'><strong>ἂν,</strong></span> <span class='ocrx_word' id='word_1_878' title='bbox 3546 5515 3599 5568; x_wconf 81' lang='grc' dir='ltr'>ετ</span> <span class='ocrx_word' id='word_1_879' title='bbox 3635 5532 3700 5583; x_wconf 88' lang='grc' dir='ltr'><strong>γε</strong></span> <span class='ocrx_word' id='word_1_880' title='bbox 3730 5531 3847 5568; x_wconf 70' lang='grc' dir='ltr'>σω-</span> 
     </span>
    </p>
   </div>
  </div>
