3992 6316
135 283 231 341 517

1169 282 1237 361 in
1274 281 1562 341 JOANNIS
1598 283 2051 345 EVANGELIUM
2084 289 2212 348 LIB.
2256 290 2323 346 χ.

3250 297 3364 356 διο

138 395 374 469 φρονοίης
412 392 476 447 τί
502 388 596 448 οὖν
626 393 733 451 ἔδει
774 397 876 468 τῆς
913 396 1085 461 οὓτως
1135 398 1366 471 ἀκαίρου
1406 398 1684 467 θεολογίας

1788 410 1907 454 erat
1936 401 2321 473 intempestiva
2358 404 2449 459 illa
2477 403 2701 462 deitatis
2736 404 3109 466 declaratione
3142 414 3361 470 mmstis

137 484 431 557 ἀνιωμένοις
453 487 567 549 τοῖς
624 486 911 558 μαθηταῖς,
958 488 1189 562 ἐπείπερ
1225 489 1452 561 ἔμελλεν
1480 490 1683 560 ἀποδη-

141 581 245 649 μεῖν
271 576 371 631 ἀπὸ
388 575 591 645 κόσμου
644 578 780 650 πρὸς
812 572 904 633 τὸν
931 580 1152 653 Πατέρα
1182 582 1285 636 ικαὶ
1305 583 1437 635 Θεόν
1463 599 1478 648 ;
1522 583 1684 635 Ποῖον

137 672 233 740 γὰρ
257 668 319 722 ἂν
341 666 570 720 ἐποίσειε
591 669 942 738 παραμυθίας
967 670 1165 739 τρόπον
1191 672 1372 735 αὐτοῖς
1406 671 1467 724 τὸ
1499 673 1683 741 πρᾶγ-

141 778 205 832 μα
230 757 422 827 τυχόνς
473 757 614 811 Ἀνθ’
640 759 762 812 ὅτου
799 759 844 813 δ’
870 761 1005 824 ὅλως
1044 763 1324 835 μονονουχὶ
1359 765 1452 818 καὶ
1491 781 1683 819 καται-⁸

136 852 298 905 τιᾶται
352 847 556 916 λέγων’
595 868 614 902 ι
653 850 715 905 El
761 851 1012 922 ἠγαπᾶτὲ
1071 871 1158 924 με,
1207 854 1438 927 ἐχάρητε
1491 856 1557 911 ἂν
1603 856 1684 910 ὅτι

139 942 413 1015 πορεύομαι
465 941 605 1013 πρὸς
664 942 756 997 τὸν
801 944 1042 1016 Πατέρα,
1078 947 1158 999 ὅτι
1197 948 1224 1000 ό
1266 947 1453 1018 Πατὴρ
1485 946 1686 1017 μείζων

141 1052 231 1106 μου
259 1032 430 1099 ἐστίν;
465 1052 485 1086 ι
518 1028 666 1105 Ἀρα
704 1033 834 1106 γὰρ,
874 1037 997 1090 είπέ
1039 1055 1150 1109 μοι,
1182 1038 1489 1092 διακεῖσθαι
1526 1038 1686 1092 τοῦτο

140 1127 258 1197 πρὸς
302 1126 566 1196 θυμηδίαν
613 1127 789 1183 ἐποίει
840 1127 966 1193 τοὺς
1020 1128 1287 1200 μαθητὰς,
1320 1131 1353 1202 ἢ
1389 1130 1488 1203 τῆς
1542 1128 1685 1184 οὕτω

140 1214 363 1286 ριλοθέου
390 1212 568 1285 λύπης
611 1216 975 1285 ἀπήλλαττεν,
1007 1217 1090 1272 ὃτι
1136 1218 1272 1289 πρὸς
1324 1219 1415 1273 τὸν
1462 1218 1686 1290 μείζονα

138 1308 331 1381 Πατέρα
370 1306 697 1378 πορεύεταις
748 1305 884 1365 Εἶτα
918 1298 1111 1365 ’ποῖον’
1143 1312 1349 1366 κατίδοι
1376 1330 1461 1377 τις
1496 1312 1561 1366 ἂν
1595 1312 1693 1365 τὸν·

134 1399 224 1471 τῆς
249 1399 590 1471 παραμυθίας
639 1400 698 1451 ἐν
723 1399 899 1472 τούτῳ
919 1403 1120 1473 τρόπον
1145 1420 1159 1468 ;
1199 1402 1393 1458 Καίτοι
1418 1402 1684 1455 Φιλίππου

138 1493 222 1561 μὲν
241 1491 492 1561 ἐρομένου
513 1491 611 1544 καὶ
642 1491 894 1561 λέγοντος
915 1510 931 1525 ⁸
961 1512 980 1547 ι
1025 1494 1218 1567 Κύριε,
1247 1494 1418 1559 δεῖξον
1441 1495 1572 1565 ἡμῖν
1594 1495 1687 1547 τὸν

135 1585 353 1656 Πατέρα,
403 1584 501 1638 καὶ
561 1586 723 1657 ἀρκεῖ
758 1585 912 1655 ἡμῖν,
950 1605 969 1637 ι
1006 1586 1127 1639 τότε
1163 1586 1249 1657 δὴ,
1288 1587 1410 1638 τότε
1440 1587 1536 1640 καὶ
1566 1585 1686 1640 λίαν
1722 1608 1725 1611 ·

134 1678 397 1750 εὐκαίρως,
419 1676 516 1731 ἅτε
544 1676 609 1748 δὴ
641 1679 737 1731 καὶ
763 1676 858 1732 τοῦ
887 1677 987 1747 τῆς
1025 1676 1303 1747 θεολογίας
1337 1676 1688 1746 ἐνεστηκότος

133 1766 323 1839 καιροῦ.
351 1767 441 1821 τὸν
500 1768 724 1839 Πατέρα
784 1769 881 1840 μὲν
925 1770 985 1822 ἐν
1017 1767 1196 1839 ἐαυτῷ
1232 1769 1465 1832 δεικνὺς;
1494 1767 1685 1821 ἑαυτὸν

131 1860 169 1912 θ’
202 1855 262 1913 αὖ
294 1860 452 1914 πάλιν
488 1861 545 1914 ἐν
570 1859 650 1931 τῷ
680 1860 879 1930 Πατρὶ,
913 1861 1007 1914 καὶ
1027 1862 1109 1915 ὅτι
1134 1860 1255 1915 κατ’
1283 1860 1432 1914 οὐδὲν
1447 1858 1687 1913 ἐλάττων

132 1949 263 2005 ἐστὶν
287 1950 474 2014 αὐτοῦ,
537 1952 602 2023 τῇ
653 1951 709 2006 δὲ
765 1950 907 2005 κατά
952 1953 1061 2005 πᾶν
1098 1951 1304 2023 ίσότητι
1347 1949 1684 2022 διαπρεπὴς,

132 2043 316 2111 ἔφασκε
345 2060 357 2073 ·
387 2062 406 2095 ι
426 2043 682 2115 Τοσούτῳ
713 2044 892 2115 χρόνῳ
929 2042 1054 2115 μεθ’
1101 2043 1256 2115 ὑμῶν
1300 2046 1438 2113 ειμι,
1473 2043 1567 2097 καὶ
1589 2044 1688 2097 οὐκ

130 2134 355 2201 ἔγνωκάς
375 2152 463 2206 με.
506 2134 779 2201 Φίλιππες
817 2135 874 2190 'O
897 2133 1158 2205 ἑωρακὼς
1202 2135 1323 2205 ἐμὲ,
1352 2133 1564 2206 ἑώρακε
1597 2132 1687 2187 τὸν

129 2227 344 2299 Πατέρα.
383 2227 457 2281 Οὐ
499 2226 775 2293 πιστεύεις
819 2227 900 2281 ὅτι
941 2227 1052 2296 ἐγὼ
1087 2227 1147 2279 ἐν
1179 2224 1257 2295 τῷ
1295 2226 1487 2297 Πατρὶ,
1522 2227 1615 2280 καὶ
1658 2227 1688 2280 ό

128 2318 298 2390 Πατὴρ
316 2319 372 2371 ἐν
402 2317 530 2389 ἐμοί
560 2319 742 2383 sane;
778 2316 921 2386 Ἐγὼ
954 2317 1047 2371 καὶ
1075 2316 1104 2368 ό
1139 2317 1327 2390 Πατὴρ
1357 2316 1417 2370 ἐν
1441 2317 1628 2386 ἐσμεν.
1662 2334 1682 2368 ι

139 2410 278 2464 Ἀλλὰ
329 2410 449 2466 τότε
512 2411 613 2481 μὲν
650 2410 920 2482 εὐκαίρως
993 2408 1084 2462 τὸν
1138 2408 1229 2462 ἐπὶ
1286 2406 1498 2471 τούτοις
1555 2407 1687 2478 ἡμῖν

131 2500 405 2571 ἐξυφαίνων
437 2500 599 2570 λόγον
622 2500 846 2564 είκότως
880 2498 1250 2570 ἐθαυμάζετο”
1285 2499 1402 2552 νυνὶ
1438 2496 1495 2552 δέ
1535 2500 1688 2555 ποῖον

128 2591 300 2661 ἕχειτὸ
319 2592 557 2665 πρᾶγμα
587 2592 799 2665 καιρὸν,
837 2591 870 2664 ἢ
906 2594 1058 2645 ποῖον
1095 2591 1233 2655 ὅλως
1260 2590 1563 2657 ἐπιδέξεται
1594 2590 1685 2643 λο-

126 2686 320 2754 γισμὸν,
349 2685 382 2758 ἢ
409 2685 703 2757 βούλεσθαι
736 2686 835 2757 μὲν
868 2683 966 2757 τὴν
992 2686 1049 2737 ἐν
1078 2672 1192 2747 τοῖς
1217 2682 1488 2755 μαθηταῖς
1516 2700 1684 2738 κατα-

129 2778 289 2847 ριῖσαι
312 2775 515 2847 λύπην,
548 2777 814 2848 φάρμακα
830 2776 886 2831 δέ
907 2775 1095 2845 ὥσπερ
1121 2773 1478 2845 παραμυθίας
1505 2776 1688 2842 αὐτοῖς

129 2873 357 2934 ἐπινοεῖν,
389 2872 451 2925 τὸ
490 2869 749 2935 ἐπιτάξαι
799 2870 1032 2941 χαίρειν,
1081 2868 1163 2922 ὅτι
1213 2867 1506 2939 πορεύεται
1548 2869 1688 2942 πρὸς

126 2962 203 3021 τὸν
233 2963 478 3035 Πατέρα;
503 2958 634 3033 'Ap’
680 2956 774 3019 οὖν
797 2962 898 3014 οὐκ
953 2960 1022 3015 ἂν
1058 2961 1271 3030 γένοιτο
1300 2960 1395 3013 καὶ
1423 2961 1536 3024 τοῖς
1565 2960 1687 3015 λίαν

1788 491 2102 563 discipulis,
2132 511 2199 551 ex
2236 512 2302 550 eo
2329 495 2476 566 quod
2506 497 2574 551 ad
2608 496 2827 554 Patrem
2864 513 2929 555 ac
2967 499 3133 556 Deum
3163 517 3229 557 ex
3256 504 3367 559 hoc

1789 585 1998 640 mundo
2047 594 2195 641 esset
2242 587 2530 643 abiturus?
2556 589 2731 656 Quam
2782 590 2930 647 enim
2967 592 3373 649 consolationis.

1790 678 2055 733 rationem
2088 678 2139 735 id
2165 680 2246 736 eis
2276 681 2596 737 attulisset?
2618 680 2793 749 Quam
2826 690 3012 738 autem
3039 685 3114 739 ob
3136 698 3370 739 causam.

1790 769 2187 839 propemodum
2221 785 2316 825 eos
2368 780 2618 838 accusat,
2645 772 2838 830 dicens
2864 794 2878 830 :
2908 793 2927 826 ι
2961 775 3016 829 Si
3059 774 3373 847 diligeretis.

1789 876 1899 925 me,
1931 861 2249 930 gauderetis
2287 863 2479 934 utique
2508 865 2638 934 quia
2670 866 2810 923 vado
2844 867 2913 921 ad
2946 866 3163 923 Patrem
3189 888 3203 922 ;
3231 868 3362 938 quia

1788 947 1953 1003 Pater
1986 953 2161 1021 major
2188 969 2275 1008 me
2302 953 2422 1010 est?
2452 974 2470 1006 ι
2516 954 2777 1028 Nunquid
2806 958 2954 1014 enim
2979 957 3363 1024 istud,aniabo

1790 1047 1865 1106 te,
1900 1037 2205 1109 discipulos
2254 1056 2512 1099 recreare
2541 1054 2637 1100 aut
2673 1054 2785 1100 tam
2816 1045 2969 1115 pium
3001 1060 3192 1101 eorum
3228 1062 3361 1103 mua-

1790 1146 1971 1185 rorem
2017 1129 2214 1187 sedare
2265 1141 2506 1204 poterat,
2540 1135 2688 1205 quod
2735 1135 2799 1191 ad
2842 1136 3106 1207 majorem
3147 1135 3363 1192 Patrem

1789 1221 2193 1293 proﬁciscitur?
2217 1224 2394 1291 Quam
2427 1226 2751 1282 consolandi
2786 1227 3053 1284 rationem
3088 1228 3178 1282 hic
3211 1227 3366 1297 quis-

1789 1329 1955 1384 quam
2000 1316 2272 1386 reperiet?
2295 1315 2432 1372 Nam
2468 1333 2594 1373 cum
2629 1316 2916 1390 Philippus
2952 1335 3077 1375 eum
3117 1319 3366 1389 compcl-

1790 1408 1928 1461 Iaret
1959 1426 1973 1463 :
2012 1427 2031 1460 ι
2068 1405 2317 1477 Domine,
2341 1410 2572 1467 ostende
2616 1410 2777 1468 nobis
2814 1411 3053 1479 Patrem,
3085 1420 3142 1467 et
3169 1412 3368 1468 suﬂicit

1789 1499 1978 1566 nobis;
2017 1518 2037 1550 ι
2075 1508 2208 1556 tunc
2259 1510 2568 1572 oppertune
2619 1503 2938 1569 admodum,
2987 1504 3193 1574 quippe
3239 1520 3362 1560 cum

1789 1588 2101 1647 divinitatis
2164 1593 2515 1650 declarandae
2571 1605 2788 1667 tempus
2837 1596 3095 1666 instaret,
3146 1596 3364 1653 Patrem

1790 1684 2008 1754 quidem
2045 1684 2102 1739 in
2135 1684 2322 1755 seipso
2366 1685 2690 1755 ostendens,
2717 1697 2766 1742 et
2793 1689 3037 1767 seipsum
3071 1704 3268 1745 rursus
3310 1689 3367 1743 in

1790 1773 1971 1838 Patre,
1996 1783 2051 1828 et
2098 1773 2247 1829 nulla
2287 1774 2343 1829 in
2390 1791 2450 1831 re
2491 1792 2549 1831 se
2584 1791 2652 1831 eo
2699 1760 3019 1841 minorem:
3047 1778 3145 1835 sed
3190 1779 3369 1833 omni-

1789 1866 1951 1919 moria
2007 1866 2329 1938 aequalitate
2378 1868 2780 1938 conSpicuum,
2827 1869 3011 1925 aiebat
3050 1888 3064 1925 :
3122 1887 3142 1922 ι
3191 1870 3371 1925 Tanto
3486 1938 3491 1943 ἠ

1790 1964 2037 2027 tempore
2096 1958 2377 2014 vobiscum
2436 1976 2583 2024 sum,
2627 1971 2682 2016 et
2737 1977 2846 2016 non
2900 1962 3209 2031 cognovisti
3260 1976 3368 2024 me,

1788 2046 2080 2119 Philippe?
2106 2045 2210 2115 Qui
2238 2049 2387 2104 videt
2416 2064 2524 2114 me,
2556 2049 2704 2104 videt
2728 2058 2783 2106 et
2808 2048 3052 2107 Patrem.
3098 2049 3218 2105 Non
3249 2065 3371 2106 cre-

1788 2139 1875 2195 dis
1902 2141 2029 2210 quia
2059 2155 2159 2211 ego
2197 2139 2253 2195 in
2290 2139 2471 2208 Patre,
2503 2148 2558 2196 et
2590 2140 2754 2196 Pater
2790 2142 2846 2198 in
2884 2157 2974 2197 me
2999 2142 3126 2198 est?
3162 2141 3275 2213 Ego
3315 2148 3372 2197 et

1786 2233 1949 2290 Pater
1982 2250 2150 2290 unum
2182 2249 2397 2290 sumus.
2438 2253 2458 2286 ι
2494 2232 2701 2290 Verum
2735 2241 2867 2289 tunc
2904 2241 3216 2306 opportune
3246 2233 3372 2304 qui-

1788 2326 1912 2382 dem
1949 2324 2017 2382 de
2052 2325 2141 2382 his
2160 2325 2327 2381 verba
2372 2324 2585 2381 faciens
2613 2325 2966 2381 admirationi
3004 2333 3126 2382 erat
3167 2343 3183 2381 :
3216 2340 3368 2380 nunc

1789 2428 1971 2475 autem
2001 2434 2166 2490 quam
2194 2427 2508 2489 opportune
2546 2418 2694 2474 istud
2736 2417 2960 2482 dicitur,
2992 2427 3086 2473 aut
3115 2418 3244 2489 quid
3280 2432 3383 2471 ram

1787 2512 1957 2568 tionis
1973 2511 2160 2576 habet,
2178 2510 2464 2565 tristitiam
2482 2510 2885 2580 discipulorum
2924 2511 3099 2566 lenire
3132 2510 3293 2576 velle,
3315 2517 3386 2565 et.

1788 2603 2221 2659 consolatorium
2262 2602 2537 2671 quoddam
2574 2602 2656 2657 eis
2685 2602 3040 2671 pharmacnm
3082 2600 3371 2661 adhibere,

1789 2695 1919 2751 dum
1968 2693 2205 2766 gaudere
2256 2693 2544 2764 jubentur,
2596 2695 2727 2765 quia
2780 2694 2931 2748 vadit
2984 2692 3051 2747 ad
3114 2691 3328 2746 Patrem
3349 2690 3387 2745 Υ·

1734 2838 1747 2849 ,
1787 2785 2047 2857 Nunquid
2082 2784 2474 2857 ergo-rudibus
2513 2799 2581 2859 ac
2617 2785 2890 2855 imperitis
2931 2785 3015 2839 vel
3047 2799 3114 2839 ex
3155 2784 3275 2853 ipsa
3315 2797 3376 2836 re

1788 2879 2000 2950 liquido
2033 2884 2182 2948 patet
2213 2877 2384 2947 quod,
2433 2892 2561 2932 cum
2614 2877 2684 2933 ad
2737 2892 2894 2933 suam
2959 2877 3156 2932 reverti
3207 2875 3377 2929 vellet

1789 2971 2016 3045 gloriam
2052 2984 2177 3023 cum
2216 2965 2402 3031 Patre,
2457 2983 2579 3021 eam
2632 2968 2705 3023 ob
2750 2983 2894 3043 rem.
2925 2966 3283 3037 diligentibus
3313 2980 3376 3020 se

128 3054 350 3123 ἀνοήτοις
395 3053 678 3124 συμφανὲς
735 3051 802 3105 δι’
852 3051 1016 3105 αὑτοῦ
1064 3050 1159 3105 τοῦ
1195 3050 1551 3122 πράγματος,
1609 3053 1685 3119 ὡς

1788 3060 2029 3132 gaudere
2052 3056 2244 3127 jussit,
2279 3055 2429 3111 hunc
2460 3054 2641 3125 ipsum
2676 3071 2839 3126 porro
2868 3071 2994 3111 cum
3026 3056 3150 3110 aliis
3176 3069 3376 3110 conso-

128 3144 334 3215 ἐπείπερ
386 3147 466 3209 είς
515 3147 617 3216 τὴν
671 3143 808 3198 ίδίαν
857 3140 1014 3208 αὖθις
1053 3141 1488 3214 παλινδρομῆσαι
1520 3143 1681 3210 δόξαν

1786 3148 2010 3204 lationis
2045 3144 2268 3201 modum
2299 3144 2625 3213 excogitans
2639 3144 2665 3197 ?

130 3236 251 3311 μετά
281 3237 491 3309 Πατρδς
547 3236 827 3307 ἠπείγετο,
862 3236 1072 3308 χαίρειν
1122 3235 1214 3287 ἐπὶ
1276 3234 1450 3306 τούτῳ
1483 3241 1595 3304 τοῖς
1651 3242 1813 3296 αὐτὸν
1845 3239 2103 3309 ἀγαπῶσι
2169 3234 2523 3300 διεκελεύετο,
2570 3221 2898 3307 ἀξιάγαστον
2968 3233 3131 3298 αὐτές
3191 3233 3376 3297 αὐτοῖς

127 3328 500 3401 παρακλήσεως
531 3330 631 3383 καὶ
657 3329 845 3385 τοῦτον
877 3327 1017 3399 μετά
1049 3329 1158 3383 τῶν
1188 3325 1365 3384 ἄλλων
1389 3332 1683 3404 ἐπινοήσας
1719 3337 1814 3395 τὸν
1849 3335 2090 3405 τρόπον;

196 3420 344 3475 Ἀλλά
398 3422 726 3491 παρήσομεν
776 3421 936 3475 τοῦτο
985 3424 1122 3488 νυνὶ,
1170 3426 1268 3479 καὶ
1316 3427 1439 3487 ταῖς
1479 3424 1690 3477 ἐκείνου

125 3510 555 3580 φρενοϐλαϐείαις
586 3509 646 3562 οὐ
709 3510 876 3580 πολὺς
913 3512 1258 3583 ἐγκείσομαι.
1309 3512 1456 3583 Φημὶ
1491 3512 1548 3565 δὲ
1582 3512 1692 3566 δεῖν

126 3602 200 3657 ἐπ’
250 3604 425 3657 ἐκεῖνα
480 3602 687 3674 μᾶλλον
729 3603 940 3656 ἐλθεῖν·
1000 3604 1153 3676 ᾠήθη
1186 3605 1295 3676 γὰρ
1326 3605 1455 3668 ἴσως
1478 3608 1545 3676 τῇ
1590 3605 1692 3675 τῆς

127 3693 352 3766 θεότητος
395 3694 561 3762 φύσει
620 3693 718 3764 τὴν
754 3679 932 3766 σάρκά
972 3697 1385 3767 συγκρίνοντας,
1431 3696 1690 3767 ἀνόνητον

125 3786 298 3856 κομιδῇ
329 3786 604 3841 ποιεῖσθαι
640 3786 740 3858 τὴν
800 3786 1168 3855 ἀντεξέτασιν,
1205 3790 1294 3842 ὅτε
1355 3788 1690 3843 κεκενῶσθαι

124 3877 331 3949 λέγομεν
356 3879 447 3933 τὸν
477 3879 634 3944 Υίδν,
691 3878 879 3950 ἐπειδὴ
915 3881 1139 3948 γέγονεν
1181 3881 1486 3952 ἄνθρωπος.
1532 3881 1689 3951 Ἔχει

125 3969 173 4022 δὲ
195 3971 283 4042 οὐχ
301 3971 461 4035 οῦτω,
492 3970 661 4025 πόθεν
689 3988 705 4037 ;
733 3969 1005 4024 οίκετικοῦ
1056 3970 1111 4029 δὲ
1149 3970 1353 4041 μέτρου
1388 3969 1483 4024 κοιλ⁸
1502 3970 1688 4023 δουλο-

126 4062 345 4130 πρεποῦς
369 4063 686 4134 ἀξιώματος
706 4061 807 4131 τὴν
836 4063 986 4116 θείαν
1032 4062 1283 4129 λέγοντες
1322 4058 1500 4126 δόξαν,
1520 4062 1690 4132 ἠλατ-

122 4154 306 4208 τῆσθαί
333 4173 517 4226 φαμεν
570 4156 667 4209 τοῦ
709 4154 922 4226 Πατρὸς
968 4153 1060 4208 τὸν
1101 4155 1248 4217 Υξὸν,
1297 4153 1430 4206 καθὸ
1464 4152 1689 4223 γέγονεν

122 4246 404 4315 ἀιθρωπος,
429 4249 883 4320 ἀποκαταστῆσαί
916 4265 979 4318 γε
1156 4250 1237 4312 εἰς
1269 4249 1330 4302 τὸ
1350 4243 1493 4302 εἶναι
1525 4249 1690 4302 πάλιν

124 4340 172 4389 ἐν
201 4339 292 4412 ἴσῳ
327 4342 405 4414 τῷ
444 4342 702 4412 φύσαντι,
761 4342 903 4414 μετά
949 4342 1048 4414 τὴν
1078 4341 1327 4395 ἐντεῦθεν
1355 4341 1688 4413 ἀποδημίαν,

122 4433 173 4483 εὖ
199 4433 403 4513 καινὴν,
437 4435 473 4505 ἦ
496 4436 815 4507 ἐπίκτητον,
855 4433 1160 4505 οὐδεάήθη
1193 4433 1351 4499 δόξαν
1379 4432 1690 4503 ἠμφιεσμέ-

122 4541 218 4585 νον,
246 4526 359 4580 ἀλλ’
392 4529 452 4580 ἐν
475 4526 665 4600 ἐκείνῃ
704 4526 959 4597 γεγονότα
1011 4526 1173 4581 πάλιν
1229 4526 1290 4579 ἐν
1330 4518 1475 4599 ᾗπερ
1522 4519 1591 4593 ἦν
1631 4524 1690 4576 ἐν

1868 3422 2067 3478 Verum
2138 3420 2243 3476 ista
2299 3431 2452 3472 nunc
2512 3414 2853 3480 omittemus,
2889 3430 2991 3469 nec
3036 3414 3187 3470 illius
3227 3414 3378 3469 insa-

1789 3518 1936 3572 niam
1995 3513 2230 3568 multum
2269 3511 2611 3585 nggebimus.
2648 3507 2730 3562 Ad
2766 3508 2900 3561 illud
2935 3507 3120 3578 potius
3146 3506 3374 3562 venien-

1789 3609 1920 3663 dum
1955 3618 2179 3669 censeo,
2211 3603 2358 3673 quod
2407 3603 2627 3672 putavit
2671 3615 2871 3656 vanam
2912 3615 3037 3654 esse
3080 3612 3372 3667 compara-

1785 3706 1990 3756 tionem
2022 3714 2128 3768 qua
2158 3695 2380 3751 deitatis
2411 3702 2623 3748 natum
2659 3708 2793 3747 caro
2831 3698 3208 3760 comparatur,
3240 3705 3364 3743 cum

1787 3791 2128 3846 exinanitum
2152 3804 2277 3844 esse
2303 3785 2502 3841 Filium
2535 3783 2798 3849 dicimus,
2828 3780 3049 3853 quando
3073 3780 3251 3835 factus
3279 3789 3365 3836 est

1786 3881 1968 3936 homo.
1995 3878 2197 3935 Verum
2236 3894 2342 3932 non
2369 3880 2439 3931 ita
2459 3875 2629 3948 848
2657 3891 2747 3930 res
2772 3884 2894 3930 est:
2920 3872 3068 3927 absit
3092 3873 3104 3925 !
3136 3871 3229 3926 scd
3256 3886 3370 3925 ser-

1783 3972 1912 4026 vilis
1937 3966 2275 4024 conditionis
2293 3982 2357 4022 ac
2377 3964 2669 4034 dignitatis
2703 3962 2948 4018 divinam
2981 3959 3213 4029 gloriam
3243 3972 3367 4011 cum

1785 4063 2049 4124 dicimus,
2072 4060 2337 4114 minorem
2373 4055 2692 4129 essePatre
2722 4053 2922 4108 Filium
2954 4051 3280 4113 asserimus,
3317 4050 3370 4104 in

1786 4161 2052 4227 quantum
2077 4151 2258 4206 factus
2288 4158 2370 4206 est
2393 4150 2577 4210 homo,
2596 4156 2779 4201 tamen
2802 4145 2857 4200 in
2876 4143 3058 4198 Patris
3084 4142 3373 4212 aequalita-

1788 4254 1897 4301 tem
1962 4243 2281 4298 restitutum
2337 4255 2484 4303 esse,
2529 4247 2820 4308 postquam
2867 4235 2997 4289 hinc
3061 4233 3128 4287 ad
3200 4233 3372 4287 cmlos

1789 4335 2059 4401 ascendit,
2090 4349 2201 4388 non
2231 4346 2394 4396 nova,
2416 4344 2598 4400 neque
2621 4327 2946 4393 adventitia,
2978 4341 3084 4382 nec
3105 4325 3372 4380 inusitata

1787 4429 1961 4495 gloria
1981 4426 2265 4487 vestitum.
2283 4422 2378 4480 sed
2404 4424 2494 4478 illa
2520 4422 2702 4477 denuo
2727 4420 3000 4475 fruentem
3034 4418 3089 4472 in
3114 4433 3221 4487 qua
3254 4426 3374 4471 erat

1788 4521 1946 4576 initio
1980 4535 2105 4575 cum
2139 4517 2326 4572 Patre.
2362 4515 2518 4571 Unde
2545 4513 2754 4568 Paulus
2796 4512 2991 4566 doctor
3022 4511 3115 4565 ille
3148 4510 3375 4565 divinus

122 4618 246 4690 ἀρχῇ
279 4620 414 4690 μετά
448 4620 549 4674 τοῦ
601 4621 830 4691 Πατρός.
862 4619 970 4673 Καὶ
995 4618 1125 4688 γοῦν
1146 4620 1174 4672 ὁ
1210 4618 1496 4682 θεσπέσιος
1524 4634 1688 4690 μυστ-

1795 4614 2210 4670 convenientem
2270 4606 2592 4664 hominibus
2629 4604 2996 4660 humilitatem
3031 4616 3142 4657 non
3177 4602 3288 4672 jam
3320 4601 3370 4655 ei

122 4713 351 4781 αγωγὺς,
387 4714 537 4785 φημὶ
566 4713 624 4767 δὲ
665 4714 757 4768 τὸν
806 4710 1051 4775 Παῦλον,
1080 4711 1179 4782 τὴν
1219 4711 1537 4780 πρέπουσαν
1578 4711 1693 4773 τοῖς

120 4800 404 4873 ἀνθρώποις
440 4804 779 4858 ταπείνωσιν
806 4802 989 4884 οὐκέτι
1031 4801 1333 4875 περιτιθεὶς
1369 4801 1520 4871 αὐτῷ
1552 4798 1691 4873 μετά

122 4895 205 4964 τὴν
254 4897 318 4950 ἐκ
366 4896 585 4969 νεκρῶν
634 4896 933 4952 ἀναϐίωσιν
978 4898 1074 4950 καὶ
1125 4896 1226 4967 τὴν
1282 4896 1468 4950 ἄνοδον
1489 4895 1586 4965 τὴν
1611 4897 1692 4959 είς

118 4984 380 5054 οὐρανοὺς.
410 4987 721 5041 ἐπιστέλλει
766 4981 944 5055 λέγων
968 5005 983 5019 ·
1018 5005 1039 5038 ι
1070 4988 1133 5040 Εἰ
1162 4986 1270 5058 γὰρ
1309 4986 1405 5040 καὶ
1445 4984 1690 5053 ἐγνώκα-

120 5091 208 5143 μεν
234 5075 371 5132 κάτά
396 5079 583 5151 σάρκα
619 5079 877 5149 Χριστὸν,
905 5078 1041 5133 ἀλλά
1072 5077 1168 5133 νῦν
1209 5078 1392 5133 οὐκέτι
1420 5077 1688 5147 γινώσκο-

120 5179 224 5231 μεν.
266 5185 283 5218 ι
317 5168 455 5238 Περὶ
483 5167 545 5221 δὲ
585 5168 779 5221 ἐαυτοῦ
825 5168 989 5221 πάλιν
1016 5189 1029 5201 ·
1073 5187 1091 5219 ι
1124 5167 1334 5231 Παῦλος
1390 5166 1690 5231 ἀπόστολος

125 5253 283 5318 Ἰησοῦ
299 5257 680 5330 Χριστοῦ,οὑκ
699 5262 792 5314 ἀπ’
812 5260 1137 5332 ἀνθρώπων,
1154 5260 1273 5313 οὐδὲ
1291 5260 1357 5313 δι’
1371 5259 1469 5313 ἀνθ
1480 5258 1689 5331 promo,

113 5344 231 5407 ἀλλά
275 5349 365 5406 διὰ
399 5350 585 5423 Ἰησοῦ
615 5351 873 5423 Χριστοῦ.
909 5371 927 5402 υ
960 5353 1156 5410 Καίτοι
1202 5351 1257 5404 τί
1286 5350 1488 5422 δήποτε
1525 5348 1688 5402 πάλιν

115 5438 256 5494 αὐτὸν
283 5442 421 5512 πρὸς
448 5442 605 5514 ἡμᾶς
629 5441 914 5513 ἀφίξεσθαι
930 5441 1105 5512 λέγων
1129 5435 1686 5512 μετασχηματιοῦντα

113 5532 165 5598 τὸ
186 5533 338 5606 σῶμα
369 5535 473 5606 τῆς
497 5533 882 5598 ταπεινώσεως
914 5534 1069 5607 ἡμῶν
1115 5534 1438 5606 σύμμορφον
1467 5529 1546 5600 τῷ
1580 5529 1681 5583 σώ-

1790 4715 1916 4778 post
1954 4703 2421 4759 resurrectionem
2457 4714 2487 4753 a
2531 4697 2768 4754 mortuis
2801 4684 2857 4753 et
2886 4697 2942 4752 in
2970 4696 3141 4751 cmlos
3174 4708 3372 4748 ascen-

1790 4801 2000 4855 sionem
2062 4794 2396 4856 attribuens,
2448 4792 2640 4849 scribit
2700 4792 2756 4846 in
2806 4789 2924 4844 htec
2976 4786 3140 4842 verba
3192 4803 3204 4837 :
3252 4802 3272 4834 ι
3314 4783 3372 4838 Si

1788 4892 1933 4944 enim
1988 4884 2352 4957 cognovimus
2397 4882 2704 4939 secundum
2766 4893 2989 4935 carnem
3051 4874 3370 4939 Christum;

1790 4981 1883 5036 sed
1917 4993 2066 5034 nunc
2094 4977 2346 5053 jam\non
2386 4976 2648 5031 novimus
2678 4974 2746 5028 "'.
2784 4992 2802 5025 ι
2830 4971 3052 5025 Rursus
3084 4976 3268 5021 autem
3305 4965 3374 5021 de

1786 5073 1973 5141 seipso
2007 5089 2020 5125 :
2060 5088 2078 5121 ι
2120 5068 2329 5124 Paulus
2375 5067 2675 5138 Apostolus
2709 5065 2838 5120 Jesu
2895 5058 3123 5125 Christi,
3160 5073 3269 5112 non
3307 5073 3374 5111 ex

1789 5163 2134 5226 hominibus,
2172 5176 2352 5232 neque
2397 5176 2497 5232 per
2548 5159 2855 5222 hominem,
2895 5155 2988 5211 sed
3038 5167 3137 5218 per
3185 5151 3373 5207 Jesum

1786 5257 2073 5312 Christum
2109 5255 2177 5309 ⁵⁸.
2226 5272 2244 5305 ›
2284 5251 2354 5307 At
2398 5268 2499 5306 cur
2536 5266 2661 5305 cum
2685 5258 2809 5303 eum
2842 5245 2909 5299 ad
2947 5262 3048 5301 nos
3078 5251 3370 5299 venturum

1785 5348 2018 5413 diceret,
2063 5355 2121 5401 ut
2148 5359 2355 5415 corpus
2395 5340 2724 5397 humilitatis
2759 5345 2965 5392 nostrae
3002 5335 3372 5405 contiguraret

1784 5440 2005 5511 Corpori
2037 5439 2226 5509 gloriae
2254 5447 2369 5491 sua:
2404 5435 2470 5500 σθ,
2510 5438 2672 5502 negat
2716 5427 2902 5492 modo,
2932 5429 3127 5485 dicens
3161 5442 3221 5482 se
3259 5440 3367 5480 non

1785 5532 1856 5586 ab
1886 5528 2227 5601 hominibus,
2254 5538 2434 5597 neque
2459 5538 2554 5594 per
2584 5520 2886 5585 hominem,
2922 5518 3015 5577 sed
3057 5532 3153 5588 per
3182 5512 3378 5572 Jesum

170 5711 209 5755 ‘7
248 5713 291 5781 ll
324 5714 454 5771 Cor.
493 5731 551 5779 v,
599 5713 676 5769 ιο.
755 5713 797 5744 ⁸⁸
833 5711 1010 5777 G_alat.
1067 5727 1121 5781 ι,
1164 5712 1212 5767 1.
1293 5712 1338 5745 ⁸³
1374 5706 1610 5780 Philipp.
1648 5723 1704 5763 ur
1730 5749 1751 5775 ,
1778 5706 1871 5765 ει.
