3992 6316
596 299 706 361 849

1626 314 1683 369 8.
1723 313 1999 372 CYRILLI
2037 311 2513 373 ALEXANDRINI
2548 318 2869 375 ARCHIEP.

3759 328 3882 382 3'30

597 421 882 478 Christum
930 424 1167 480 electum
1223 425 1398 484 fuisse
1444 430 1518 491 .in
1586 432 2002 502 apostolatum?
2035 433 2168 500 Quid

2285 449 2414 501 ματι
2443 433 2543 504 τῆς
2562 433 2720 504 δόξης
2750 433 2939 498 αὑτοῦ,
2970 432 3063 489 νῦν
3089 434 3396 507 ἐξαρνεῖται
3432 437 3607 507 λέγων
3636 439 3743 496 οὐκ
3771 443 3870 497 ἀπ’

599 522 805 579 autem,
843 532 1050 585 quzeso,
1079 534 1203 574 enm
1239 534 1351 574 non
1402 537 1570 577 nosse
1601 524 1909 578 secundum
1953 539 2178 583 carnem

600 608 713 661 ait?
751 606 1047 679 Nunquid,
1096 613 1300 667 amabo
1348 623 1420 678 te,
1458 612 1747 669 Dominum
1808 619 2031 687 negavit
2087 621 2177 689 qui

595 710 717 749 eam
769 695 1036 752 redemit?
1061 699 1207 756 absit
1246 702 1260 755 !
1302 711 1450 757 recte
1499 705 1645 758 enim
1704 706 1870 777 sapit.
1930 706 2180 764 Perfecto

597 788 800 858 quippe
846 798 901 844 et
937 790 1003 844 ad
1052 792 1262 847 exitum
1314 794 1583 865 perducto
1632 808 1879 869 tempore
1926 802 2182 857 exinanio

597 874 769 930 tionis
797 876 914 932 sive
941 877 1345 938 humttiationis
1381 882 1683 957 Unigeniti,
1705 905 1814 944 non
1845 906 1908 945 ex
1936 906 2002 947 eo
2032 894 2180 965 quod

596 965 915 1021 exinanitus
944 969 1212 1034 cernitur,
1247 971 1343 1026 sed
1381 988 1448 1028 ex
1480 990 1547 1030 eo
1583 977 1765 1044 potius
1793 981 1940 1049 quod
1973 996 2178 1037 secun-

599 1054 727 1109 dum
761 1065 1013 1112 naturam
1043 1069 1129 1114 est
1181 1059 1348 1129 Deus,
1372 1063 1672 1134 praedicare
1709 1068 1889 1138 ipsum
1921 1079 1978 1126 et
2007 1087 2180 1143 agno-

601 1163 758 1204 scere
814 1151 1030 1205 nititur.
1085 1151 1365 1211 Concesso
1418 1157 1566 1233 enim
1624 1169 1679 1213 et
1736 1161 1979 1218 admisso
2032 1166 2179 1235 quod

601 1238 766 1295 hmno
799 1239 978 1299 factus
1016 1245 1107 1310 sit,
1139 1245 1275 1301 illud
1308 1247 1528 1302 demum
1565 1248 1747 1306 doceri
1779 1251 1967 1309 ﬁdeles
2012 1271 2179 1326 opor-

602 1330 773 1397 tebat,
817 1330 983 1387 Deum
1044 1350 1265 1407 quoque
1316 1352 1440 1394 esse
1496 1341 1803 1397 secundum
1844 1333 2120 1403 'naturam
2159 1366 2174 1406 :

601 1422 836 1493 ideoque
885 1423 1094 1481 divinis
1146 1429 1330 1497 potius
1383 1430 1451 1486 de
1500 1446 1566 1487 eo
1617 1435 1974 1495 sermonibus
2012 1456 2178 1511 quam

599 1511 726 1566 aliis
754 1513 1080 1572 oblectatur.
1121 1516 1291 1573 Miror
1327 1529 1511 1581 autem
1556 1539 1668 1594 quo
1697 1538 1858 1596 pacto
1886 1545 1998 1585 non
2044 1546 2178 1591 eru-

596 1603 808 1668 bescat,
836 1605 1028 1664 dicens
1053 1609 1222 1680 quod,
1255 1627 1379 1666 cum
1412 1614 1532 1670 sola
1576 1616 1918 1689 homogcnea
1954 1637 2179 1694 compa-

599 1695 869 1753 rationem
903 1698 1050 1755 inter
1084 1716 1145 1757 se
1189 1705 1519 1774 suscipiant,
1545 1708 1699 1777 ipsos
1743 1711 1907 1767 fateri
1947 1730 2177 1773 necesse

2282 523 2605 594 ἀνθρώπων,
2645 525 2767 578 οὐδὲ
2811 524 2878 578 δι’
2914 516 3227 598 ἀνθρώπου,
3280 531 3456 586 καίτοι
3506 545 3869 605 προκεχειρι-

2284 616 2481 686 σμένος
2530 619 2611 680 εἰς
2650 606 2954 688 ἀποστολὴν
2994 618 3083 671 διὰ
3140 620 3315 689 Ἰησοῦ
3371 622 3645 692 Χριστοῦ;
3686 625 3763 678 Τί
3808 626 3870 680 δὲ

2280 704 2415 770 ὅλως
2480 707 2643 761 αὑτὸν
2685 708 2787 762 οὐκ
2841 708 3036 762 εἰδέναι
3082 709 3224 764 κατὰ
3275 713 3455 782 σάρκα
3491 715 3689 784 φησίνς
3731 712 3865 788 τΔρ*

2280 793 2395 862 οὖν,
2444 798 2568 852 εἰπέ
2601 816 2711 868 μοι,
2748 799 2839 852 τὸν
2864 800 3211 871 ἀγοράσαντα
3241 803 3410 874 αὐτὴν
3442 806 3725 878 Δεσπότην
3759 809 3869 879 ἠρ-

2280 890 2513 961 νήσατο;
2552 890 2627 962 μή
2657 890 2867 959 γένοιτο
2886 908 2899 921 ’
2928 895 3145 964 φρονεῖν
3171 893 3278 966 γὰρ
3326 893 3521 968 ὀρθῶς.
3566 897 3869 953 Τετελειω-

2284 982 2445 1054 μένου
2456 983 2564 1054 γάρ
2610 983 2710 1056 ἤδη
2754 984 2847 1038 καὶ
2866 985 2946 1049 εἰς
2972 985 3144 1056 πέρας
3168 985 3394 1057 ἥκοντος
3423 987 3517 1042 τοῦ
3545 989 3741 1062 καιροῦ
3772 993 3867 1043 ἐπὶ

2279 1075 2378 1146 τῆς
2410 1076 2708 1148 νοουμένης
2736 1076 2814 1148 τῷ
2851 1078 3149 1146 Μονογενεῖ
3194 1078 3495 1146 κενώσεως,
3523 1082 3642 1154 ἦτοι
3663 1101 3865 1137 ταπει-

2280 1165 2520 1232 νώσεως,
2562 1168 2662 1223 οὐκ
2691 1168 2749 1235 ἐξ
2799 1163 2874 1223 ὧν
2912 1171 3105 1242 ὁρᾶται
3142 1174 3538 1243 κεκενωμένος,
3569 1174 3773 1244 μᾶλλον
3806 1177 3864 1229 δὲ

2279 1257 2340 1323 ἐξ
2360 1251 2434 1313 ὧν
2455 1260 2571 1314 ἐστι
2602 1261 2742 1315 κατὰ
2779 1262 2940 1331 φύσιν
2982 1260 3137 1330 Θεὸς,
3168 1263 3550 1334 διακηρύττειν
3596 1283 3658 1319 τε
3693 1268 3864 1321 αὑτὸν

2279 1352 2374 1405 καὶ
2394 1353 2777 1421 ἐπιγινώσκειν
2823 1356 3120 1426 ἐπείγεται.
3174 1358 3515 1423 Γνωσθέντος
3562 1360 3668 1431 γὰρ
3708 1362 3870 1429 ἅπαξ

2280 1443 2375 1497 καὶ
2396 1445 2827 1517 παραδεχθέντος
2860 1446 2953 1500 τοῦ
2994 1447 3075 1500 ὅτι
3117 1447 3341 1517 γέγονεν
3386 1447 3693 1521 ἄνθρωπος,
3752 1451 3866 1505 ἔδει

2277 1533 2463 1589 λοιπὸν
2509 1537 2685 1591 ἐκεῖνο
2735 1537 3081 1593 διδάσκεσθαι
3112 1539 3240 1603 τοὺς
3276 1541 3729 1606 πεπιστευκότας,
3780 1544 3874 1597 ὅτι

2280 1626 2373 1679 καὶ
2422 1625 2554 1690 Θεὸς
2594 1626 2734 1680 κατὰ
2792 1626 2954 1696 φύσιν
2997 1618 3180 1694 ὲστὶνῆ,
3207 1628 3296 1682 διὰ
3332 1629 3490 1683 τοῦτο
3518 1630 3719 1701 μᾶλλον
3748 1636 3862 1697 τοῖς

2281 1715 2612 1788 θεοπρεπέσι
2636 1719 2765 1791 περί
2786 1718 2952 1773 αὐτοῦ
2974 1718 3178 1787 λόγοις,
3202 1718 3236 1789 ἦ
3270 1723 3385 1784 τοῖς
3430 1721 3645 1793 ἑτέροις
3668 1724 3863 1793 ἐφήδετ

599 1786 671 1838 sit
718 1784 936 1842 Patrem
986 1791 1264 1863 Unigeniti
1320 1794 1526 1853 deitate
1567 1775 1830 1871 majorem
1875 1806 2168 1864 exsistere.

2279 1825 2389 1864 ται.
2415 1775 2722 1882 ’Θαυμάξωι
2743 1809 2801 1863 δὲ
2856 1810 3005 1875 ὅπως
3048 1775 3177 1865 ὀοιῖ
3216 1775 3464 1884 ἐρυθριᾷ,
3522 1775 3724 1883 is],ij

597 1874 719 1931 Non
750 1881 918 1936 sentit
941 1882 1111 1948 enim,
1147 1895 1206 1942 ut
1233 1888 1471 1956 videtur,
1509 1908 1606 1947 sua
1643 1908 1703 1950 se
1743 1896 1908 1951 verba
1959 1914 2175 1957 artuare

599 1968 652 2023 in
699 1972 962 2042 seipsum.
990 1975 1343 2048 Respondeat
1371 1985 1515 2039 enim
1547 1989 1899 2047 commodum
1931 1992 1983 2048 id
2015 1996 2175 2051 nobis

598 2063 1014 2124 sciscitantibus
1041 2087 1055 2125 :
1086 2070 1201 2128 Illae
1242 2073 1709 2148 homogeneorum
1740 2083 1885 2138 inter
1915 2101 1976 2141 se
2017 2101 2174 2142 com-

597 2157 912 2226 parationes
940 2162 1272 2232 quibusnam
1297 2186 1364 2224 ex
1394 2172 1556 2229 rebus
1594 2178 2020 2235 convcuientius
2048 2197 2174 2250 per-

595 2251 870 2317 aguntur?
894 2254 975 2307 An
1012 2271 1079 2310 ex
1135 2257 1202 2314 iis
1253 2276 1374 2330 quae
1432 2272 1562 2318 sunt
1602 2265 1759 2334 juxta
1813 2284 2172 2327 communem

597 2346 809 2395 natura).
842 2344 1147 2402 rationem?
1178 2367 1246 2404 an
1275 2367 1343 2406 ex
1381 2354 1448 2409 iis
1477 2371 1597 2425 qua:
1626 2356 1788 2414 habet
1822 2365 2176 2433 unumquod-

595 2445 702 2497 que
749 2447 941 2490 eorum
994 2455 1116 2510 qum
1177 2443 1381 2498 adsunt
1431 2454 1486 2502 et
1541 2450 1777 2514 absunt,
1835 2453 2174 2513 inexsislunt

594 2530 649 2576 et
681 2514 801 2578 non.
829 2527 1165 2586 inexsistunt
1198 2534 1384 2603 justas
1417 2538 1489 2593 ob
1529 2542 1762 2596 causas?
1787 2541 1951 2600 Verbi
1995 2551 2172 2618 gratia

595 2616 761 2683 (idem
801 2621 946 2675 enim
999 2627 1306 2695 eseznplnm
1368 2629 1590 2686 aderam
1629 2637 1778 2703 quod
1833 2637 1952 2707 ipse
2004 2616 2172 2698 nobis

593 2711 867 2781 protulit),
892 2714 937 2769 si
967 2717 1092 2786 quis
1116 2718 1392 2777 hominem
1430 2723 1640 2782 homini
1673 2743 1997 2798 comparare
2019 2735 2168 2800 velit,

593 2802 660 2857 ad
696 2818 860 2893 unam
892 2813 948 2862 et
975 2823 1326 2868 communem
1360 2817 1683 2874 substantiae
1902 2826 2171 2882 rationem

593 2894 920 2963 respiciens,
964 2899 1171 2953 nullam
1223 2902 1279 2957 in
1331 2912 1566 2976 utroque
1621 2912 1856 2978 reperiet
1909 2914 2173 2971 differen-

593 2986 749 3041 tiam.
772 2986 884 3045 Nec
919 2991 1067 3046 enim
1108 2993 1275 3050 homo
1304 2996 1490 3079 dilfert
1524 3001 1593 3054 ab
1627 3001 1869 3081 homine,
1896 3019 2171 3077 quatenus

2277 1900 2507 1970 ἐπείπερ
2531 1900 2667 1972 μόνα
2691 1901 2760 1955 τὰ
2788 1902 3024 1972 ὁμογενῆ
3050 1901 3146 1973 τὴν
3168 1902 3305 1971 πρὸς
3334 1902 3539 1973 ἄλληλα
3567 1906 3860 1978 σύγκρισιν

2276 1991 2609 2063 ἐπιδέχεται,
2630 1992 2844 2063 ἀνάγκη
2877 1993 3074 2056 αὐτοὺς
3106 1993 3459 2064 ὁμολογῆσαι,
3502 1997 3588 2049 ὅτι
3611 1998 3640 2049 ὁ
3669 1999 3859 2068 Πατὴρ

2281 2082 2483 2154 μείζων
2520 2084 2620 2154 τῆς
2663 2084 2757 2138 τοῦ
2782 2084 3119 2153 Μονογενοῦς
3153 2084 3407 2157 θεότητος
3453 2087 3715 2160 ὑπάρχει.
3744 2092 3856 2143 Οὐκ

2278 2175 2592 2229 αἰσθάνεται
2608 2175 2739 2247 γὰρ,
2767 2176 2842 2240 ὡς
2875 2177 3042 2240 εἰκὸς,
3066 2176 3158 2230 τὸν
3187 2179 3387 2233 οἰκεῖον
3422 2180 3602 2251 ἑαυτῷ
3645 2183 3860 2249 ἐξοπλί-

2278 2283 2378 2332 σας
2405 2267 2580 2336 λόγον.
2614 2268 2834 2337 Λεγέτω
2863 2267 2972 2339 γὰρ
3012 2269 3146 2339 ἡμῖν
3193 2271 3369 2323 έκεῖνο
3396 2273 3688 2343 χρησίμως
3737 2276 3856 2346 ἐρέ-

2278 2357 2402 2411 σθαι
2455 2357 2835 2429 βουλομένοις⁸
2884 2357 2949 2410 Δί
2989 2358 3127 2430 πρὸς
3174 2357 3379 2430 ἄλληλα
3438 2359 3546 2414 τῶν
3596 2362 3867 2431 ὁμοειδῶν

2277 2447 2592 2519 συγκρίσεις
2634 2446 2741 2500 ἀπὸ
2798 2446 2967 2500 ποίων
3027 2445 3226 2517 μᾶλλον
3271 2448 3603 2502 ὲπιτελοῖντο
3637 2467 3861 2520 πρεπω-

2274 2539 2561 2611 δέστερον;
2596 2535 2723 2611 'Ap’
2758 2539 2816 2606 ἐξ
2841 2531 2915 2592 ὧν
2948 2539 3073 2602 εἰσι,
3109 2539 3249 2593 κατά
3291 2557 3354 2611 γε
3390 2539 3482 2593 τὸν
3504 2541 3606 2612 τῆς
3638 2542 3861 2611 φύσεως

2275 2630 2453 2683 κοινὸν
2485 2629 2662 2699 λόγον,
2684 2630 2717 2703 ἢ
2742 2630 2801 2698 ἐξ
2846 2624 2921 2684 ὧν
2953 2630 3183 2685 ἕκαστον
3222 2630 3333 2702 ἔχει
3366 2630 3474 2685 τῶν
3498 2634 3601 2686 ὅσα
3620 2635 3865 2703 προσγί-

2274 2723 2422 2776 νεταί
2465 2739 2525 2775 τε
2578 2725 2670 2776 καὶ
2729 2723 3084 2792 ἀπογίνεται,
3148 2723 3440 2794 ἐνυπάρχει
3501 2739 3562 2776 τε
3612 2724 3710 2779 καὶ
3760 2727 3867 2779 οὐκ

2274 2813 2593 2884 ἐνυπάρχει,
2618 2812 2685 2866 δι’
2718 2813 2899 2877 αἰτίας
2945 2812 3238 2882 εύλόγους;
3274 2808 3398 2866 Οίον
3434 2814 3493 2867 δὲ
3539 2814 3605 2884 δή
3636 2815 3692 2867 τί
3716 2833 3861 2885 φημι

2276 2906 2619 2977 (παραθήσω
2672 2906 2780 2977 γὰρ
2843 2907 3020 2959 ἐκεῖνο
3069 2904 3248 2960 λαϐὼν
3297 2906 3435 2977 ὅπερ
3494 2908 3659 2972 αὐτὸς
3721 2911 3859 2980 ἡμῖν

2274 2998 2653 3070 εἰσκεκόμικεν
2704 2999 2782 3060 εἱς
2842 2995 3285 3067 παραδείγματος
3334 2996 3531 3067 λόγον),
3564 2999 3618 3051 εἵ
3641 3016 3733 3062 τις
3765 3001 3861 3053 ἀν-

592 3086 677 3133 est
721 3080 926 3135 animal
964 3084 1195 3139 rationis
1232 3101 1496 3155 compos,
1533 3093 1785 3163 mortale,
1826 3080 2168 3169 intelligendi

2276 3088 2479 3162 θρώπῳ
2509 3090 2598 3143 τὸν
2623 3088 2908 3158 ἄνθρωπον
2960 3088 3214 3159 ἐθελήσαι
3263 3088 3597 3160 συγκρίνειν,
3634 3091 3719 3154 είς
3758 3092 3861 3160 μὲν

593 3176 649 3223 et
677 3171 886 3227 sciendi
919 3188 1091 3245 capax
1128 3177 1289 3234 :harc
1339 3181 1485 3235 enim
1533 3183 1587 3237 in
1625 3187 1885 3245 omnibus
1934 3207 2041 3245 una
2083 3201 2172 3249 est

594 3262 770 3330 ipsius
795 3264 1119 3323 substantiae
1139 3268 1417 3339 definitio;
1445 3274 1539 3329 sed
1572 3292 1676 3332 nec
1705 3293 1884 3348 equus
1911 3282 1982 3338 ab
2001 3299 2167 3355 equo,

593 3370 704 3426 qua
733 3355 995 3413 nimirum
1026 3368 1112 3415 est
1145 3376 1357 3432 equus;
1387 3365 1482 3421 sed
1519 3368 1796 3427 hominem
1845 3374 1913 3428 ab
1947 3376 2172 3435 homine

593 3447 815 3504 ditierre
837 3449 1075 3507 dicimus
1103 3455 1251 3524 quod
1277 3455 1368 3511 hic
1398 3461 2012 3528 grammaticam,verhi
2047 3484 2170 3537 gra-

594 3541 689 3602 tia,
734 3543 953 3607 calleat,
1002 3543 1097 3600 ille
1145 3562 1258 3601 non
1311 3548 1463 3607 item.
1498 3558 1597 3604 aut.
1651 3554 1833 3612 modis
1890 3558 2170 3629 aliquibus

593 3633 736 3688 aliis.
768 3635 932 3705 Atqui
973 3634 1087 3692 haec
1123 3653 1232 3693 non
1264 3642 1540 3712 attingunt
1569 3646 1954 3713 substantiam,
1979 3667 2168 3707 verum

591 3724 753 3777 aliam
786 3725 971 3793 potius
1006 3742 1233 3783 causam
1266 3739 1426 3785 nacta
1459 3733 1743 3788 videntur.
1769 3735 1873 3791 Sed
1906 3746 1960 3794 et
1991 3756 2168 3810 equus

587 3830 737 3883 equo
759 3817 1001 3872 velocior
1030 3829 1134 3874 est.
1166 3822 1261 3873 aut
1294 3837 1528 3891 corpore
1578 3826 1780 3893 minor,
1821 3837 1916 3884 aut
1950 3832 2164 3903 major;

588 3916 968 3964 verumtamen
1018 3910 1134 3969 haec
1174 3910 1227 3965 in
1281 3915 1500 3970 ratione
1529 3918 1858 3976 substantize
1889 3923 2003 3989 sita.
2044 3941 2169 3982 esse

588 4013 698 4052 non
734 4001 1411 4074 comperiemus.Alioqni
1435 4006 1580 4061 enim
1616 4024 1736 4077 quae
1767 4010 1909 4066 inter
1942 4028 2004 4069 se
2032 4029 2168 4069 con-

591 4087 844 4145 teruntur
874 4093 1025 4148 nullo
1053 4096 1217 4155 modo
1253 4096 1488 4153 invicem
1539 4100 1844 4157 differrent.
1877 4104 2165 4175 Quomodo

587 4182 734 4237 enim
775 4183 961 4250 homo,
996 4188 1148 4242 verbi
1178 4189 1377 4259 gratia,
1409 4191 1590 4246 minor
1618 4203 1711 4249 aut
1740 4196 1914 4267 major
1943 4197 2167 4254 homine

588 4277 696 4331 alio
727 4288 1071 4344 censeretur,
1102 4281 1158 4336 in
1199 4292 1472 4352 quantum
1515 4296 1644 4342 sunt
1694 4288 1987 4346 homines?
2016 4290 2163 4357 Qua-

587 4378 813 4438 prepter
851 4370 908 4424 in
941 4372 1199 4430 omnibus
1235 4375 1592 4447 homogeueis
1621 4381 1853 4450 aaqnalia
1889 4390 2023 4437 sunt
2067 4399 2165 4436 na-

589 4459 823 4525 turalia;
863 4460 1083 4518 diversa
1131 4473 1312 4518 autem
1366 4467 1724 4537 reperiuntur
1776 4484 1900 4539 qua:
1954 4469 2163 4526 inexsi-

587 4560 762 4613 stunt,
786 4563 844 4610 et
867 4553 1171 4610 secundum
1196 4556 1502 4614 accidentis
1524 4561 1791 4614 rationem
1817 4559 2163 4618 extrinsecus

583 4642 909 4698 adveniunt.
941 4644 1141 4717 Igitur,
1172 4661 1299 4700 cum
1349 4646 1503 4717 juxta
1549 4649 1699 4703 illius
1729 4649 2161 4719 propositionem

583 4742 679 4789 aut
725 4735 1055 4791 sententiam
1095 4735 1248 4808 (huic
1284 4738 1432 4792 enim
1468 4737 1769 4807 insistam),
1814 4738 1932 4793 sola
1966 4740 2161 4796 homo-

581 4842 752 4895 ganea
782 4828 1253 4896 comparationem
1287 4828 1431 4882 inter
1465 4843 1525 4883 se
1555 4827 1779 4898 proprie
1822 4829 2156 4899 suscipiant,

582 4916 820 4986 primum
877 4906 1114 4975 fateatur
1144 4917 1345 4972 Filium
1383 4919 1630 4987 ejusdem
1679 4932 1806 4974 esse
1834 4934 1959 4974 cum
1999 4919 2162 4979 Patre

579 5009 817 5078 generis,
844 5009 898 5064 id
933 5019 1021 5066 est
1051 5009 1579 5065 consubstantialem
1611 5010 1716 5078 (sic
1746 5011 1892 5065 enim
1927 5013 2159 5083 capien-

578 5105 708 5160 dum
760 5113 846 5161 est
898 5105 1298 5176 homogeneum
1335 5122 1349 5157 :
1391 5102 1669 5161 hominem
1738 5105 1885 5160 enim
1950 5107 2158 5167 homini

574 5196 889 5267 comparari
920 5194 1123 5251 debere
1154 5194 1338 5250 fassus
1365 5201 1471 5257 est,
1494 5201 1548 5249 et
1576 5209 1777 5264 equum
1808 5198 1996 5268 equo),
2022 5215 2158 5255 cau-

577 5304 807 5361 samque
852 5288 1074 5343 tandem
1113 5286 1329 5344 doceat.
1354 5284 1426 5340 ob
1461 5300 1627 5355 quam
1661 5279 1979 5358 Filiusfqni
2025 5306 2149 5347 cum

576 5379 688 5436 Deo
742 5395 808 5434 ac
864 5378 1026 5433 Patre
1070 5382 1449 5447 comparatur,
1488 5383 1681 5447 utpote
1727 5377 1972 5446 ejusdem
2023 5398 2149 5437 eum

575 5469 698 5540 ipso
747 5469 991 5540 generis,
1019 5467 1203 5537 aliqua
1255 5481 1323 5520 ex
1370 5475 1529 5535 parte
1561 5468 1741 5524 minor
1775 5471 1864 5526 sit.
1913 5471 2145 5531 Ubinam

573 5571 755 5617 autem
786 5561 1053 5614 minorem
1091 5573 1218 5614 esse
1248 5560 1670 5628 compcriemus,
1699 5577 1821 5617 cum
1866 5564 1920 5619 in
1958 5565 2150 5620 homo-

573 5653 763 5724 geueis
798 5665 905 5705 una
928 5650 1002 5705 sit
1031 5649 1286 5705 deﬁnitio
1310 5649 1848 5710 substantimmatio
1875 5656 2020 5711 enim
2053 5670 2153 5712 eu.-

572 5746 774 5815 jnsque
804 5741 1128 5800 substantia!
1170 5743 1225 5800 in
1263 5744 1592 5817 quibusdam
1637 5747 1902 5819 perfecta,
1937 5747 1990 5805 iu
2027 5746 2163 5803 aliis.

2274 3183 2366 3236 τὸν
2393 3182 2488 3235 ἕνα
2521 3180 2616 3236 καὶ
2678 3180 2854 3234 κοινὸν
2903 3179 3003 3251 τῆς
3066 3178 3254 3245 ούσίας
3312 3180 3628 3251 ἀποϐλέψας
3676 3182 3861 3249 λόγον,

2273 3272 2531 3343 οὐδεμίαν
2564 3270 2650 3325 ἐπ’
2693 3273 2895 3341 ἀμφοῖν
2946 3269 3097 3340 εὕροι
3130 3270 3414 3342 διαφοράν.
3445 3272 3585 3326 υύδὲ
3624 3275 3738 3346 γὰρ
3762 3275 3860 3329 ἄν·

2274 3362 2488 3434 θρωπος
2519 3361 2804 3430 ἀνθρώπου
2829 3360 3017 3415 διοίσει
3057 3362 3189 3415 ποτὲ
3215 3364 3355 3417 κατά
3375 3381 3439 3434 γε
3463 3364 3526 3417 τὸ
3551 3361 3692 3419 εἶναι
3717 3366 3871 3429 ζῶον

2271 3454 2506 3523 λογικὸν,
2537 3454 2749 3525 θνητὸν,
2783 3453 2873 3507 νοῦ
2916 3453 3009 3506 καί
3042 3454 3352 3526 ἐπιστήμης
3384 3454 3658 3512 δεκτικόν,
3688 3452 3864 3520 Οὗτος

2272 3547 2380 3620 γὰρ
2422 3549 2479 3600 ὲν
2516 3545 2718 3600 ἅπασιν
2763 3540 2843 3609 εἷς
2887 3563 2946 3598 τε
2990 3548 3089 3616 τῆς
3117 3547 3305 3611 οὐσίας
3333 3548 3506 3619 αὐτῆς
3551 3548 3701 3620 ὄροςε
3738 3550 3860 3603 ἀλλ’

2271 3636 2378 3691 οὐδ’
2412 3637 2575 3701 ἵππος
2605 3636 2795 3700 ἵππου,
2824 3637 2943 3688 κατ’
2975 3636 3105 3689 αύτὸ
3130 3650 3196 3705 γε
3222 3636 3381 3690 τοῦτο
3413 3638 3474 3691 τὸ
3513 3638 3683 3704 ἵππος
3714 3635 3863 3695 εἶναί

2272 3747 2435 3800 φημι.
2469 3729 2756 3802 Διαφέρειν
2793 3728 2850 3782 δὲ
2893 3727 3176 3798 ἄνθρωπον
3220 3727 3509 3798 ἀνθρώπου
3538 3769 3553 3793 ,
3606 3730 3733 3784 καθ’
3759 3733 3861 3802 ἦν-

2271 3838 2392 3876 τινα
2429 3816 2520 3873 οὖν
2550 3820 2880 3890 ἐπιστήμην,
2902 3812 3013 3872 οἷον
3038 3819 3454 3891 γραμματικὴν,
3505 3820 3539 3891 ἢ
3587 3821 3687 3875 καὶ
3733 3824 3857 3876 καθ’

2271 3912 2491 3983 ἐτέρους
2518 3912 2669 3976 τινὰς
2699 3913 3000 3967 τοιουτουσὶ
3042 3913 3300 3983 τρόπους.
3344 3913 3515 3970 ,Ἀλλὰ
3552 3915 3727 3968 ταῦτα
3756 3918 3859 3986 μὲν

2268 4002 2367 4071 οὐχ
2388 4000 2584 4070 ἅψεται
2617 4000 2717 4071 τῆς
2742 4000 2948 4066 οὐσίας,
2989 3999 3169 4053 αἰτίαν
3193 4000 3251 4054 δὲ
3302 4001 3505 4071 μᾶλλον
3534 4004 3730 4073 ἑτέραν
3753 4004 3857 4058 λα-

2269 4093 2430 4165 χόντα
2458 4091 2729 4163 φαίνεται.
2771 4091 2930 4146 Ἀλλὰ
2958 4092 3055 4145 καὶ
3104 4092 3272 4156 ἵππος
3307 4093 3408 4164 μὲν
3434 4093 3605 4148 ἵππου
3663 4094 3857 4165 δρομι-

2269 4184 2595 4257 κώτερο;,ῆ
2635 4183 2778 4238 κατὰ
2821 4183 2981 4256 σῶμα
3026 4183 3195 4255 μείων
3241 4185 3275 4256 ἢ
3326 4184 3856 4258 περιλιπηοέστερος

2271 4277 2383 4350 [γρ.
2414 4274 3074 4350 περιλιπέστερος],,πλὴν
3096 4276 3192 4346 τὴν
3211 4276 3268 4329 ὲν
3294 4274 3507 4341 τούτοις
3534 4277 3856 4341 πλεονεξίαν

2267 4369 2386 4440 ἢτοι
2414 4369 2516 4438 τὴν
2548 4367 2840 4421 ἐλάττωσιν
2865 4366 2965 4419 οὐκ
2999 4367 3056 4419 ὲν
3095 4365 3206 4438 ὅρῳ
3235 4367 3494 4438 κειμένην
3522 4366 3599 4438 τῷ
3628 4367 3732 4437 τῆς
3755 4369 3854 4421 οὐ·

2195 4439 2239 4494 D
2269 4462 2387 4524 σίας
2431 4461 2765 4531 εὑρήσομενο
2801 4458 2834 4531 ἢ
2869 4458 2979 4531 γὰρ
3018 4459 3086 4513 ἂν
3129 4460 3249 4513 κατ’
3289 4458 3443 4513 οὐδὲν
3485 4459 3736 4528 ἀλλήλων
3769 4461 3855 4513 δι-

2261 4555 2456 4624 ήνεγκε
2475 4552 2544 4605 τὰ
2564 4554 2643 4615 εἰς
2664 4551 2947 4623 σύγκρισιν
2968 4550 3328 4605 ἀναϐαίνοντα
3343 4552 3441 4622 τὴν
3463 4551 3594 4623 πρὸς
3615 4551 3850 4623 ἄλληλα.

2259 4645 2445 4698 Μείων
2483 4643 2591 4716 γὰρ
2615 4643 2898 4716 ἄνθρωπος
2925 4643 3219 4715 ἀνθρώπου
3257 4644 3418 4714 τυχὸν
3443 4645 3608 4714 ἤγουν
3626 4644 3697 4697 τὸ
3727 4649 3855 4711 μεῖ-

2260 4737 2352 4802 ζον
2377 4736 2537 4807 ἔχων,
2582 4736 2825 4808 καθάπερ
2886 4737 3022 4791 εἰσὶν
3078 4735 3380 4808 ἂνθρωποι,
3428 4737 3545 4801 πῶς
3594 4736 3660 4791 ἂν
3704 4736 3853 4803 ὅλως

2260 4831 2431 4881 νοοῖτο
2462 4830 2556 4882 καὶ
2589 4828 2800 4897 λέγοιτο
2824 4847 2838 4893 ;
2865 4827 3096 4895 (ὶύκοῦν,
3135 4829 3194 4881 ὲν
3236 4827 3338 4898 ἵσῳ
3366 4828 3547 4900 μέτρῳ
3573 4829 3708 4882 πᾶσι
3734 4833 3855 4892 τοῖς

2257 4921 2525 4992 ὁμοειδέσι
2549 4920 2619 4975 τὰ
2647 4921 2870 4991 φυσικὰ,
2910 4921 3145 4994 διάφορα
3179 4920 3235 4974 δὲ
3261 4920 3328 4976 τὰ
3350 4921 3538 4975 ἐνόντα
3565 4920 3851 4989 φαίνεται,

2257 5013 2352 5066 καὶ
2403 5014 2545 5066 κατὰ
2594 5013 2685 5066 τὸν
2738 5011 2835 5066 τοῦ
2870 5011 3280 5084 συμϐεϐηκότος
3324 5010 3522 5078 ἔξωθεν
3542 5010 3853 5080 ἐγκείμενα

2255 5104 2432 5174 λόγον.
2466 5105 2698 5170 Οὐκοῦν,
2721 5105 3018 5177 ἐπειδήπερ
3044 5105 3186 5159 κατὰ
3216 5105 3314 5175 τὴν
3332 5104 3540 5157 ἐκείνου
3572 5103 3853 5174 πρότασιν

2255 5197 2373 5268 ἦτοι
2396 5197 2578 5268 φωνὴν
2610 5196 2943 5268 (ἀνθέξομαι
2968 5196 3078 5270 γὰρ
3106 5195 3300 5267 αὐτῆς)
3331 5196 3467 5267 μόνα
3497 5194 3565 5249 τὰ
3596 5196 3851 5267 ὁμογενῆ

2257 5290 2355 5361 τὴν
2377 5291 2512 5362 πρὸς
2551 5289 2755 5359 ἄλληλα
2815 5290 3101 5363 σύγκρισιν
3135 5290 3464 5360 οἰκειότερον
3504 5289 3847 5353 ἑπιδέξεται,

2258 5380 2590 5449 ὁμολογείτω
2647 5380 2865 5449 πρῶτον
2912 5379 2987 5442 ὡς
3022 5379 3314 5449 τδμογενής
3365 5380 3511 5431 ἐστιν
3543 5380 3572 5432 ὁ
3610 5378 3745 5443 Υίδς
3766 5378 3850 5449 τῷ

2259 5470 2454 5542 Ila-cpi,
2487 5467 2821 5552 τοξτ”εστιν,
2852 5468 3137 5539 ὁμοούσιος
3158 5483 3173 5499 ο
3207 5466 3349 5520 οὕτω
3381 5466 3490 5536 γὰρ
3532 5466 3758 5537 νοήσεις
3784 5467 3853 5521 τδ

2259 5559 2546 5631 ὁμογενὲς·
2606 5558 2892 5629 ἄνθρωπον
2944 5557 3053 5629 γὰρ
3116 5556 3392 5627 ἀνθρώπῳ
3448 5556 3853 5626 συγκρίνεσθαι

2258 5649 2367 5704 δεῖν
2388 5649 2730 5722 ἐδοκίμασεν,
2761 5648 2897 5702 ἀλλὰ
2917 5647 3010 5700 καὶ
3024 5647 3189 5701 ἵππον
3211 5647 3404 5718 ῖππῳ)’
3430 5648 3523 5701 καὶ
3540 5648 3855 5703 διδασκέτω

2259 5741 2442 5796 λοιπὸν
2480 5741 2577 5814 τὴν
2623 5740 2803 5794 αἰτίαν
2833 5738 2900 5793 δι’
2933 5739 3001 5810 ἢν
3038 5739 3070 5794 ὁ
3094 5738 3172 5809 τῷ
3214 5738 3333 5810 Θεῷ
3363 5738 3459 5793 καὶ
3486 5738 3662 5794 [lata-oi.
3711 5754 3858 5807 συγ-
