3992 6316
196 287 299 346 321

1265 283 1329 339 IN
1357 282 1640 339 JOANNIS
1677 283 2121 342 EVANGELIUM
2160 284 2287 342 LIB.
2326 285 2396 340 Χ.

3345 291 3452 346 5η

199 404 527 476 κρινόμενος
567 402 718 466 Υἱὸς,
774 401 846 465 ὡς
892 400 1156 472 ὁμογενὴς
1197 401 1365 470 αὐτῷ,
1413 401 1511 471 τὴν
1551 403 1690 457 κατά
1726 420 1778 454 τι

1884 403 2200 471 imperfecta
2231 417 2339 455 non
2388 401 2655 464 cernitur,
2683 399 2780 455 sed
2825 414 2930 453 una
2957 408 3010 454 et
3042 399 3272 470 aequalis
3301 403 3453 457 vide-

197 499 334 562 γοῦν
356 493 652 547 ἐλάττωσιν
683 492 832 562 ἔχει..
859 487 982 544 Ilo";
1021 492 1093 544 δὲ
1149 493 1219 544 τὸ
1263 495 1413 563 μεῖον
1450 493 1777 564 εὑρήσομεν,

197 586 294 639 ὅτε
321 588 433 648 τοῖς
464 585 780 655 όμογενὲσιν
815 578 892 646 εἷς
925 583 988 636 ἂν
1013 584 1245 654 ὑπάρχοι
1274 587 1372 653 τῆς
1402 585 1590 648 οὐσίας
1621 587 1776 656 όρος;

216 677 492 744 Ἑκάστης
520 677 630 745 γὰρ
655 674 840 737 οὐσίας
875 675 905 725 6
942 675 1068 744 περὶ
1093 675 1262 744 αὐτῆς
1290 674 1447 741 λόγος
1481 675 1548 728 on
1581 676 1780 740 τέλειος

197 771 310 839 μὲν
337 769 396 822 ἐν
423 786 586 832 τισιν,
641 767 832 838 ἀτελὴς
865 768 921 820 δὲ
960 771 1028 822 ἐν
1069 769 1240 840 ἑτέρῳ
1270 769 1539 838 φαίνεται,
1568 771 1681 824 ἀλλ’
1701 765 1781 834 εἷς

202 859 304 910 καὶ
336 860 448 920 ἶσος
470 857 561 910 ἐπὶ
587 857 804 910 πάντων
838 857 1090 926 φαίνεται
1114 875 1127 888 ’
1167 859 1342 922 αἰτίας
1375 877 1438 927 γε
1465 861 1569 930 μὴν
1589 861 1780 930 ἑτέρας

201 950 356 1018 ἔχειν
384 951 562 1019 φαμὲν
579 948 1137 1019 τῶννσυμὸεϐηκότων
1183 951 1436 1014 ἕκαστον,
1471 953 1589 1022 ἦτοι
1613 970 1781 1023 προσ-

201 1038 512 1106 γεγονότων
536 1038 656 1091 καθ⁹
681 1037 1010 1108 όνδηποτοῦν
1034 1039 1255 1108 τρόπον.
1282 1040 1424 1093 Αὐτὸ
1455 1040 1514 1094 δὲ
1535 1040 1598 1106 δὴ
1621 1043 1781 1094 πάλιν

186 1128 352 1198 ὑπὲρ
379 1127 678 1198 σαφηνείας
695 1127 804 1180 τῶν
827 1128 1131 1198 εἰρημένων
1159 1129 1220 1182 τὸ
1245 1129 1304 1193 ἐξ
1329 1130 1505 1201 ἀρχῆς
1536 1133 1781 1202 παροίσω

183 1221 582 1291 παράδειγμα.
620 1220 942 1291 Ἀνθρωπος
990 1220 1088 1290 μὲν
1121 1220 1407 1291 ἀνθρώπου
1445 1223 1644 1278 διοίσει·
1683 1225 1781 1291 μὲν

183 1300 346 1374 Ϊόλως
374 1311 544 1374 οὐδὲν,
607 1311 849 1382 καθόπερ
895 1311 1032 1364 εἰσὶν
1069 1310 1348 1381 ἄνθρωποι
1381 1314 1538 1384 τυχόν
1559 1331 1572 1343 ·
1608 1314 1722 1368 ἀλλ’
1754 1317 1782 1368 ό

187 1403 312 1469 ’μὲν
331 1403 420 1466 τίς
481 1405 628 1455 ἐστιν
675 1403 927 1472 εὐσεϐὴς,
974 1404 1002 1455 6
1049 1401 1105 1454 δὲ
1148 1404 1434 1469 κακόνους,
1487 1405 1583 1457 καὶ
1630 1407 1782 1476 ὁμὲν

201 1484 566 1563 ἀσθενὴςικαὶ
586 1481 961 1563 λελωόημένος
998 1483 1059 1545 τὸ
1099 1492 1276 1562 σῶμα,
1309 1495 1448 1557 σῶος
1483 1495 1539 1548 δὲ
1579 1497 1672 1548 καὶ
1689 1497 1780 1550 εῦ-

203 1600 418 1652 ρωστος
435 1585 644 1654 ἔτερος.
671 1586 764 1638 καλ⁴
798 1587 830 1640 ἁ
859 1586 958 1654 μέν
1001 1602 1083 1648 τις
1109 1585 1397 1654 βάσκανος,
1423 1589 1450 1639 ό
1475 1587 1533 1640 δὲ
1557 1587 1779 1655 ἀγαθός.

216 1674 362 1726 Ἀλλ’
412 1677 540 1730 ὅταν
591 1692 674 1739 τις
721 1677 926 1735 τούτων
969 1677 1069 1740 τὰς
1099 1677 1279 1740 αἰτίας
1331 1677 1574 1747 ἀκριϐῶς
1607 1696 1782 1732 κατα-

1881 499 1972 543 tur
2001 492 2053 543 in
2086 490 2348 545 omnibus
2386 507 2398 543 :
2432 503 2632 543 causas
2673 496 2854 543 tamen
2903 488 3040 544 alias
3083 491 3454 560 contingenti-

1882 580 2002 643 bus,
2030 589 2126 634 aut
2161 580 2229 634 iis
2263 596 2383 650 qua:
2415 580 2614 649 quovis
2642 579 2803 634 modo
2835 579 3116 644 accidunt,
3146 596 3271 636 esse
3312 581 3453 635 dici-

1883 687 2025 726 mus.
2072 671 2228 736 Quod
2287 681 2343 724 ut
2392 681 2597 736 pateat,
2633 681 2754 725 utar
2791 671 3041 740 exemplo
3096 671 3205 740 jam
3262 673 3450 728 allato.

1881 761 2057 815 llumo
2102 763 2249 817 enim
2319 763 2388 816 ab
2441 763 2662 817 homine
2711 763 2862 816 nullo
2920 763 3084 817 modo
3134 764 3338 828 diﬂ'ert,
3396 767 3450 819 in

1881 862 2146 923 quantum
2179 864 2308 908 sunt
2349 855 2602 908 homines
2634 873 2646 907 :
2684 854 2776 908 sed
2821 854 2910 908 hic
2939 855 3157 924 quidem
3189 865 3273 911 est
3305 857 3448 926 pius,

1881 946 1973 998 ille
2031 960 2304 1011 nequam;
2364 945 2452 997 hic
2501 945 2754 1000 inﬁrmus
2805 959 2868 998 ac
2901 956 3158 1014 corpore
3201 948 3450 1012 mutilus,

1882 1038 2018 1091 alter
2051 1038 2239 1092 lirmus
2290 1051 2352 1090 ac
2386 1051 2586 1101 sanus;
2627 1037 2718 1091 ille
2768 1037 3001 1106 probus,
3032 1038 3120 1092 hic
3157 1042 3449 1110 malignus.

1882 1128 1988 1182 Sed
2042 1128 2088 1183 si
2141 1130 2267 1197 quis
2321 1129 2516 1181 horum
2570 1143 2768 1183 causas
2819 1130 3082 1191 attentius
3129 1129 3452 1198 inspexerit,

1883 1219 2203 1273 substantiae
2227 1218 2446 1288 quidem
2481 1218 2855 1273 deﬁnitionem
2889 1206 3001 1273 non
3035 1220 3332 1286 incusabit,
3360 1225 3456 1278 sed

1881 1311 2129 1380 corporis
2166 1311 2354 1380 potius
2391 1319 2448 1366 et
2485 1311 2655 1366 animi
2698 1311 3080 1367 adiectionibus
3129 1328 3335 1370 causas
3371 1325 3456 1368 at-

1882 1402 2103 1455 tribuet.
2135 1401 2271 1456 Cum
2321 1419 2453 1473 ergo
2501 1418 2607 1458 una
2654 1412 2949 1458 censeatur
2993 1413 3050 1459 et
3099 1406 3171 1459 sit
3207 1407 3261 1460 in
3292 1406 3458 1462 Patre
3546 1453 3548 1456 ,

1865 1488 1946 1545 ἐς
1994 1491 2130 1546 Filio
2185 1494 2407 1550 deitatis
2465 1495 2739 1557 deﬁnitio,
2796 1503 2891 1550 aut
2955 1497 3458 1567 quomodocunque

1879 1583 2045 1652 850
2075 1599 2192 1638 eam
2222 1587 2472 1641 nomines
2506 1587 2926 1656 (comparantur
2947 1587 3094 1640 enim
3124 1597 3183 1642 ut
3218 1591 3313 1658 qni
3345 1593 3457 1645 sint

1881 1674 2126 1743 ejusdem
2163 1677 2402 1744 generis,
2441 1683 2673 1746 utarque
2709 1693 2901 1731 eorum
2936 1679 3122 1735 verbis
3155 1679 3226 1734 ob
3269 1697 3458 1736 neces-

201 1765 642 1832 σκεπτηται,τὸν
669 1767 766 1836 μὲν
809 1768 908 1836 τῆς
935 1767 1115 1830 αἰτίας
1140 1766 1253 1838 [γρ.
1281 1768 1494 1839 οὐσίας]
1527 1770 1651 1839 ὅρον
1683 1771 1781 1822 οὐκ

1881 1766 2083 1821 sariam
2117 1767 2194 1820 rei
2219 1768 2688 1838 explicationem),
2719 1770 2952 1823 doceant
2977 1771 3166 1827 miseri
3192 1772 3455 1840 quidnam

201 1858 537 1922 αἰτιάσεται,
564 1858 754 1911 πάθεσι
785 1858 841 1911 δὲ
882 1859 1095 1938 μᾶλλον
1123 1859 1455 1928 σωματικοῖς
1485 1860 1651 1929 ἤγουν
1679 1860 1784 1930 ψυ-

198 1951 381 2016 χικοῖς
411 1950 694 2020 ἀνατίθησι
735 1950 834 2014 τὰς
867 1952 1065 2013 αἰτίας.
1115 1951 1262 2012 Ἐνὸς
1305 1952 1593 2021 τοιγαροῦν
1633 1970 1784 2006 νοου-

204 2026 388 2104 μένου.
401 2055 461 2090 τε
493 2040 584 2092 καὶ
612 2039 762 2102 ὄντος
808 2040 901 2110 ἐπί
932 2055 990 2091 τε
1022 2039 1232 2108 [ἰατρὸς
1262 2039 1354 2092 καὶ
1380 2039 1510 2092 rion":
1531 2041 1629 2110 τῆς
1661 2041 1783 2094 θεό-

197 2145 368 2198 τητος
405 2130 555 2200 ὅρον,
605 2129 636 2201 ἦ
681 2131 828 2195 ὅπως
872 2103 936 2184 ὲν
982 2148 1067 2193 τις
1092 2128 1266 2182 εἰπὼν
1294 2130 1394 2184 οὐκ
1415 2131 1482 2184 ἂν
1508 2131 1605 2184 τοῦ
1646 2133 1780 2202 πρέι-

198 2237 403 2283 ποντος
445 2220 704 2291 ἐξοίχοιτο
764 2222 1166 2292 (συγκρίνοντατ
1202 2221 1311 2292 γὰρ
1367 2221 1442 2286 ὡς
1473 2224 1776 2293 ὁμογενεῖς,

198 2312 547 2381 κεχρήσομαι
577 2312 632 2364 δὲ
665 2309 751 2364 διὰ
780 2314 880 2382 τὴν
913 2313 1160 2385 ἀνάγκην
1186 2313 1282 2367 τοῦ
1305 2313 1657 2386 θεωρήματος
1685 2319 1776 2371 καὶ

198 2405 318 2463 τοῖς
339 2402 505 2455 αὑτοῦ
546 2404 768 2472 λόγοις),
817 2404 1178 2458 διδασκόντων
1226 2407 1275 2458 οἰ
1329 2405 1557 2469 τάλανες
1588 2409 1640 2460 τί
1667 2408 1774 2478 ἄρα

200 2493 485 2563 νομίζουσι
516 2495 1051 2566 παρασκευάσαιτὸν
1080 2497 1210 2550 Υίὸν
1237 2500 1292 2550 ὲν
1318 2500 1598 2552 ἐλάττοσιν
1631 2496 1773 2553 εἶναι

197 2584 296 2636 ’τοῦ
344 2584 480 2638 Θεοῦ
530 2587 622 2639 καὶ
668 2582 1081 2659 ῐίατρός;τΑρα
1127 2589 1318 2653 πάθος,
1351 2591 1383 2661 ἢ
1416 2589 1658 2660 ῥᾳθυμία
1682 2595 1776 2643 καὶ

1880 1856 2130 1911 olfecisse
2170 1865 2364 1926 putent
2401 1867 2467 1912 ut
2509 1860 2620 1914 Deo
2652 1875 2716 1913 ac
2745 1859 2906 1915 Patre
2940 1863 3122 1915 minor
3155 1865 3228 1917 sit
3253 1862 3458 1918 Filius?

1878 1943 2020 2000 Num
2058 1948 2308 2013 morbus,
2341 1964 2471 2002 num
2522 1950 2786 2020 segnities
2836 1958 2890 2005 et
2932 1967 3276 2022 quaecunque
3308 1955 3457 2008 acc-i-

1877 2038 2008 2093 dere
2040 2041 2217 2094 solent
2267 2041 2335 2096 iis
2378 2041 2581 2111 quibus
2609 2051 2696 2096 est
2727 2050 2924 2097 natura
2965 2045 3192 2100 creata?
3227 2047 3296 2100 At
3323 2049 3456 2115 quis

1879 2129 1955 2184 ita
1987 2131 2200 2187 delirus
2234 2140 2286 2186 et
2319 2134 2387 2187 ab
2413 2133 2565 2188 omni
2594 2135 2808 2190 ratione
2843 2136 3059 2192 alienus
3088 2139 3215 2204 erit,
3247 2146 3306 2191 ut
3336 2147 3461 2193 tan-

1885 2228 1996 2275 tam
2050 2223 2449 2292 blasphemiam
2501 2225 2586 2279 vel
2637 2225 2694 2280 in
2755 2240 2920 2282 aures
2959 2227 3251 2284 admittere
3290 2229 3458 2284 velit?

1881 2314 2018 2370 Cum
2067 2331 2219 2387 ergo,
2265 2325 2325 2370 ut
2360 2318 2452 2386 qui
2493 2317 2739 2386 ejusdem
2783 2327 2869 2375 est
2902 2335 3027 2374 cum
3075 2323 3312 2392 naturali
3347 2322 3456 2377 Deo

1881 2409 2122 2476 generis,
2157 2407 2300 2463 Deus
2337 2409 2458 2478 ipse
2488 2425 2710 2478 quoque
2757 2412 2829 2466 sit
2858 2413 3166 2466 secundum
3199 2423 3454 2468 naturam

1881 2502 2255 2569 (comparatur
2296 2501 2442 2555 enim
2478 2501 2653 2568 Patri,
2695 2519 2796 2558 nec
2843 2504 3145 2574 quidquam
3200 2508 3454 2576 prohibet

1879 2593 2180 2660 quominus
2211 2597 2283 2647 sit
2317 2593 2464 2646 Patri
2527 2595 2770 2664 similis),
2803 2598 3078 2665 quomodo
3118 2601 3298 2652 minor
3339 2601 3456 2654 esi?

185 2675 307 2728 ’ὅσα
331 2675 652 2746 συμϐαίνειν
701 2675 808 2730 οἶδε
831 2680 944 2740 τοῖς
967 2679 1199 2748 γενητὴν
1232 2678 1413 2750 ἔχουσι
1457 2681 1555 2752 τὴν
1606 2681 1796 2748 quieti);
1846 2677 1982 2735 Εἶτα
2038 2682 2122 2745 τίς
2156 2682 2298 2735 οὕτω
2343 2683 2572 2754 ληρήσει
2626 2686 2719 2737 καὶ
2747 2685 3076 2739 διακείσεται
3101 2688 3451 2756 παραλόγως,

192 2764 278 2827 ὡς
322 2767 419 2819 καὶ
460 2766 616 2836 μόνον
645 2767 972 2834 ἀνασχέσθαι
1003 2767 1106 2822 κᾶν
1128 2770 1258 2838 γοῦν
1286 2772 1365 2832 εἰς
1404 2767 1495 2835 οὖς
1535 2771 1750 2824 ἑλέσθαι
1771 2771 1868 2842 τὴν
1891 2772 2267 2844 β>.ασφημίαν;
2309 2775 2436 2828 Ὅτε
2455 2775 2654 2836 τοίνυν,
2683 2776 2758 2838 ὡς
2791 2777 3055 2848 ὁμογενὴς
3089 2779 3348 2847 ὑπάρχων
3375 2778 3454 2848 τῷ

204 2855 353 2907 κατὰ
384 2855 544 2924 φύσιν
571 2857 709 2930 Θεῷ,
735 2859 866 2922 Θεός
912 2861 1029 2913 ἐστι
1068 2861 1309 2928 δηλονότι
1333 2863 1476 2917 κατά
1510 2865 1670 2932 φύσιν
1735 2866 1832 2918 καὶ
1870 2865 2031 2930 αὐτὸς
2072 2867 2448 2937 (συγκρίνεται
2495 2867 2604 2938 γὰρ
2651 2868 2730 2938 τῷ
2776 2869 2975 2941 Πατρὶ,
3019 2870 3344 2924 διακωλύσει
3396 2870 3452 2924 δὲ

193 2948 357 3001 οὐδὲν
382 2950 443 3002 τὸ
473 2951 734 3016 ὡσαύτως
784 2952 928 3024 ἔχειν
960 2954 1036 3024 τῷ
1083 2955 1356 3025 φύσαντι),
1399 2957 1517 3022 πῶς
1550 2958 1791 3012 ἐλάττων
1823 2958 2005 3024 ἐστίν;

290 3065 510 3135 Ἐπειδὴ
541 3066 597 3118 δὲ
624 3068 976 3137 άμαθέστατά
1007 3086 1067 3123 τε
1097 3072 1190 3124 καὶ
1228 3073 1550 3140 ὰλογὼτατα
1576 3075 1633 3127 ὲν
1664 3077 1776 3138 τοῖς

1948 3073 2215 3139 Quoniam
2265 3085 2447 3129 autem
2485 3073 2741 3128 veritatis
2785 3072 2964 3128 hostis
2991 3074 3321 3130 stultissime
3370 3077 3454 3131 di-

201 3154 594 3224 προκειμένοις
637 3156 869 3223 διεξιὼν,
923 3159 982 3211 οὐ
1035 3161 1349 3214 κατέδεισεν
1383 3165 1556 3214 εἰπεῖν
1603 3163 1633 3213 6
1679 3165 1778 3233 τῆς

201 3245 468 3314 ἀληθείας
494 3246 707 3317 ἐχθρὸς,
739 3249 819 3300 ὅτι
862 3249 1061 3318 μείζων
1111 3252 1140 3302 ό
1172 3252 1362 3321 Πατὴρ
1400 3251 1502 3321 τῆς
1525 3251 1774 3323 θεότητος

198 3340 302 3390 τοῦ
333 3338 485 3402 Υἰοῦ,
513 3339 643 3408 φέρε
694 3341 792 3408 τῆς
824 3341 960 3410 μετὰ
993 3341 1193 3412 σαρκὸς
1221 3343 1530 3412 οἰκονομίας
1566 3345 1658 3396 τὸν
1691 3345 1776 3396 λό-

199 3445 302 3497 γον
333 3429 504 3500 βραχύ
540 3448 590 3482 τι
621 3431 1078 3500 περιστείλαντες,
1099 3434 1194 3486 καὶ
1229 3433 1324 3502 τῆς
1354 3434 1463 3486 τῶν
1488 3437 1781 3506 προκειμέ-

201 3538 316 3575 νων
344 3522 547 3584 ὲννοίας
605 3523 976 3588 άποδιελόντες
1021 3525 1109 3578 διὰ
1137 3525 1227 3579 τὸν
1263 3526 1503 3597 ἔλεγχον,
1535 3528 1634 3597 τὴν
1666 3528 1782 3580 θεό-

199 3631 350 3684 τητα
386 3612 475 3666 τοῦ
509 3614 639 3666 Υἰοῦ
677 3618 742 3684 τῇ
780 3615 874 3668 τοῦ
921 3617 1132 3688 [Iarpr
1193 3619 1593 3690 συγκρίνωμεν,
1639 3622 1782 3674 κατά

202 3722 272 3774 γε
294 3703 388 3758 τὸν
403 3705 626 3760 ἐκείνων
658 3707 834 3774 λόγον,
873 3709 1048 3760 ἐκεῖνο
1073 3708 1136 3780 δὴ
1163 3710 1379 3780 πρῶτον
1418 3713 1591 3764 εἰπεῖν
1614 3713 1782 3766 άπαι-

203 3795 478 3865 Ινήσαντες
505 3795 595 3846 τὸν
615 3795 772 3848 τοῦτο
802 3798 968 3864 φάναι
997 3797 1362 3868 τολμήσαντα,
1397 3800 1623 3872 πότερόν
1653 3818 1782 3854 ποτε

201 3887 343 3940 Θεὸν
375 3887 503 3940 ὅντα
555 3888 692 3940 κατὰ
726 3887 888 3956 φύσιν
926 3889 1190 3960 ὑπάρχειν
1226 3891 1396 3943 οίεται
1429 3891 1521 3944 τὸν
1574 3893 1778 3964 Υἰὸν,ἣ

199 3981 400 4050 ἕτερον
437 3980 535 4049 μέν
557 3998 610 4033 τι
635 3981 783 4051 παρὰ
810 3980 985 4043 τοῦτο,
1017 3981 1338 4051 τετιμῆσθαι
1368 3999 1430 4050 γε
1461 3982 1567 4052 μὴν
1595 3987 1658 4053 τῇ
1683 3986 1782 4052 τῆς

204 4072 468 4143 θεότητος
493 4073 702 4143 κλήσει,
744 4073 997 4144 καθάπερ
1029 4071 1122 4125 οὖν
1155 4073 1346 4143 ἀμέλει
1375 4074 1558 4127 πολλοὶ
1594 4076 1691 4145 μὲν
1725 4079 1782 4129 ἐν

198 4166 427 4236 οὐρανῷ
472 4165 583 4220 θεοὶ
629 4166 726 4219 xui.
769 4165 972 4237 κύριοι.
1003 4165 1191 4218 πολλοὶ
1222 4165 1278 4217 δὲ
1310 4167 1403 4218 καὶ
1426 4167 1518 4219 ἐπὶ
1543 4169 1642 4236 τῆς
1679 4167 1783 4238 γῆς

199 4254 354 4310 εἶναι
376 4257 640 4326 λέγονται.
677 4257 1166 4326 Διαϐεϐαιουμένου
1203 4257 1300 4327 μιν
1347 4257 1455 4328 γὰρ
1485 4256 1612 4328 ψιλῇ
1643 4258 1785 4310 δεδο-

206 4348 412 4412 ξάσθαι
439 4349 777 4419 προσηγορία
796 4349 897 4418 τῆς
918 4348 1189 4418 θεότητος,
1219 4348 1382 4418 φημὶ,
1415 4349 1504 4401 τὸν
1538 4348 1683 4410 Υἰὸν,
1709 4347 1782 4419 μὴ

1878 3181 2000 3220 cere
2031 3167 2239 3222 veritus
2270 3181 2380 3221 non
2406 3175 2490 3220 est
2517 3166 2721 3220 deitate
2749 3163 3174 3234 Filii'majorem
3205 3181 3328 3222 esse
3352 3168 3454 3220 Pa-

1878 3265 2035 3317 trem,
2071 3256 2298 3323 agedum
2350 3255 2750 3310 incarnationis
2809 3267 3120 3309 sermonem
3167 3257 3450 3324 paululum

1878 3348 2286 3411 contrahentes,
2309 3356 2364 3402 et
2392 3364 2422 3402 a
2457 3362 2637 3401 rerum
2671 3347 3077 3416 propositarum
3109 3362 3274 3402 sensu
3309 3351 3454 3402 avel-

1881 3437 2056 3491 lentes
2102 3445 2325 3507 propter
2357 3439 2870 3506 reprehensionem,
2910 3438 3172 3493 deitatem
3205 3437 3351 3499 Filii,
3393 3446 3451 3489 ut

1881 3527 1982 3596 ipsi
2019 3528 2334 3596 loquuntur,
2365 3542 2487 3580 cum
2521 3525 2701 3580 Patris
2723 3527 2925 3579 deitate
2954 3525 3331 3590 conferamus,
3366 3542 3452 3578 rn-

1880 3629 2071 3689 gantes
2104 3627 2162 3672 ut
2198 3620 2292 3688 qui
2325 3619 2456 3671 talia
2493 3617 2679 3671 dicere
2735 3632 2907 3671 ausus
2960 3625 3045 3672 est
3081 3618 3317 3687 primum
3363 3635 3453 3672 re-

1881 3710 2170 3779 spondeat,
2211 3719 2394 3764 utrum
2429 3709 2652 3770 Filium,
2685 3707 2831 3762 Deus
2863 3697 2992 3771 cum
3029 3711 3103 3762 sit
3147 3708 3449 3762 secundum

1882 3809 2156 3866 naturam,
2187 3801 2354 3854 Deum
2381 3815 2502 3855 esse
2534 3807 2713 3869 putet,
2737 3815 2804 3852 an
2842 3799 3047 3868 aliquid
3077 3799 3224 3853 aliud
3258 3809 3454 3869 praeter

1881 3893 2050 3956 istud,
2095 3899 2472 3946 verumtamen
2512 3891 2884 3960 appellatione
2919 3889 3138 3944 deitatis
3171 3897 3449 3946 ornatum.

1881 3980 2344 4054 quemadmodum
2383 3995 2578 4048 nempe
2629 3979 2782 4032 multi
2844 3987 2973 4032 sunt
3005 3981 3058 4032 in
3093 3979 3234 4032 caelo
3277 3978 3352 4032 dii
3387 3992 3453 4031 ac

1882 4072 2116 4134 domini,
2147 4070 2416 4139 multique
2470 4069 2662 4130 etiam,
2692 4069 2747 4121 in
2799 4075 2948 4121 terra
2998 4081 3122 4122 esse
3168 4067 3448 4121 dicuntur.

1881 4161 2018 4216 Nam
2051 4163 2095 4217 si
2127 4161 2389 4232 probetur
2424 4156 2567 4212 nuda
2601 4165 2812 4211 tantum
2837 4157 3204 4227 appellatione
3235 4157 3453 4210 deitatis

1883 4262 2140 4306 ornatum
2179 4265 2303 4306 esse
2340 4249 2561 4312 Filium,
2590 4249 2770 4317 ipsum
2809 4257 2990 4301 tamen
3039 4262 3150 4302 non
3178 4261 3302 4302 esse
3327 4263 3453 4302 vere

1884 4341 1938 4395 id
1967 4340 2114 4410 quod
2140 4355 2267 4395 esse
2297 4337 2522 4402 dicitur,
2551 4337 2678 4407 jure
2703 4336 2906 4390 merito
2940 4336 3119 4407 palam
3161 4345 3214 4391 et
3239 4336 3454 4406 publice

205 4437 324 4507 μὴν
355 4437 452 4490 καὶ
485 4438 748 4508 ὑπάρχειν
776 4437 920 4492 κατὰ
971 4436 1131 4505 φύσιν
1173 4437 1335 4489 αὑτὸν
1377 4437 1591 4508 άληθῶς
1630 4437 1776 4490 τοῦθ’

1880 4431 2298 4486 inclamabimus
2330 4449 2342 4484 :
2373 4445 2494 4492 nos,
2531 4430 2578 4482 si
2638 4438 2833 4483 natura
2872 4427 3013 4483 Deus
3056 4443 3164 4481 non
3217 4434 3323 4489 est,
3358 4427 3454 4479 ad-

201 4528 352 4597 ὅπερ
390 4521 529 4580 εἶναι
579 4528 673 4581 καὶ
711 4528 948 4595 λέγεται,
972 4527 1042 4579 τά
1087 4528 1271 4581 εἰκότα
1309 4528 1630 4598 φρονοῦντες
1679 4530 1781 4582 ὑπ·-

205 4618 542 4688 αιτήσομεν,
560 4618 853 4690 διαρρήδην
876 4618 1312 4690 άνακεκραγότες
1337 4635 1352 4650 ο
1377 4615 1447 4671 Ὦ
1473 4621 1590 4685 τᾶν,
1626 4621 1705 4682 ὡς
1736 4621 1784 4673 εἰ

199 4709 291 4778 μὴ
323 4709 481 4777 φύσει
501 4703 632 4772 Θεὸς
656 4711 795 4773 ἐστι,
825 4710 1085 4786 κτίσματι
1108 4711 1516 4781 προσκυνοῦμεν
1533 4711 1612 4762 ἔτι
1633 4710 1786 4780 παρὰ

200 4799 304 4851 ’.τὸν
343 4800 641 4862 Κτίσαντα,
672 4801 764 4852 καὶ
799 4802 919 4870 οὐχὶ
973 4802 1130 4870 μόνον
1162 4804 1322 4872 ἡμεῖς
1374 4803 1424 4854 οἰ
1453 4801 1599 4854 τόνδε
1632 4802 1783 4872 περί-

200 4907 362 4957 τειον
394 4890 604 4959 ἔχοντες
641 4892 838 4962 χῶρον,
871 4892 1005 4945 ἀλλὰ
1039 4893 1130 4945 καὶ
1159 4892 1294 4962 αὑτὴ
1336 4892 1443 4945 τῶν
1471 4893 1640 4960 ἁγίων
1684 4894 1786 4960 ἁγ-

199 4981 390 5047 γέλων
436 4983 467 5050 ἠ
510 4979 738 5050 πληθύς,
805 4984 1269 5056 Κατηγορήσομεν
1324 4982 1381 5036 δὲ
1432 4985 1526 5034 καὶ
1587 4983 1788 5044 παντὸς

198 5073 369 5139 ἁγίου
402 5070 608 5133 λοιπὸν,
645 5072 774 5125 Θεὸν
816 5074 977 5125 αὑτὸν
1009 5074 1151 5126 κατὰ
1187 5073 1346 5135 φύσιν
1383 5074 1662 5143 εἰρηκότος
1692 5075 1786 5127 καὶ

197 5156 462 5226 ἀληθινόν
485 5174 497 5188 υ
551 5159 788 5228 μάλιστα
841 5161 896 5212 δὲ
948 5161 1162 5214 πάντων
1195 5162 1550 5231 αἰτιασόμεθα
1575 5163 1667 5216 τὸν
1687 5180 1786 5232 μα·
1827 5231 1830 5236 _

197 5238 402 5317 κάριον
431 5248 687 5320 Ἰωάννην
742 5251 1004 5322 εἰρηκότα
1064 5252 1191 5321 περὶ
1251 5252 1412 5305 αὑτοῦ
1439 5268 1453 5282 ·
1490 5271 1508 5304 ι
1546 5253 1781 5323 Οἴδαμεν

192 5342 284 5392 ὅτι
311 5339 480 5402 ὀΥίὸς
537 5340 634 5393 τοῦ
681 5341 814 5394 Θεοῦ
851 5343 997 5413 ἥκει,
1032 5345 1128 5395 καὶ
1152 5344 1351 5396 ἔδωκεν
1382 5346 1512 5414 ἡμῖν
1540 5343 1778 5397 διάνοιαν

190 5435 292 5487 ἵνα
318 5431 664 5502 γινώσκομεν
691 5432 779 5486 τὸν
812 5433 1061 5504 ἀληθινὸν
1085 5435 1237 5498 Θεὸν,
1279 5435 1372 5489 καὶ
1402 5435 1568 5505 ἐσμὲν
1615 5437 1673 5490 ὲν
1701 5436 1780 5507 τῷ

262 5674 312 5710 ⁷⁸
347 5677 367 5732 i
405 5673 572 5729 Joan.
614 5691 676 5739 v,
703 5675 793 5731 20.

1881 4539 2039 4578 orare
2062 4525 2360 4576 etiamnum
2391 4529 2730 4585 creaturam,
2758 4535 2868 4574 non
2901 4513 3242 4582 Creatorem,
3270 4533 3454 4584 neque

1879 4629 1982 4668 nos
2003 4621 2210 4667 tantum
2234 4613 2327 4683 qui
2363 4621 2638 4668 terrenam
2669 4611 2808 4665 banc
2836 4609 3113 4681 regionem
3135 4607 3447 4670 incolimus,

1881 4705 1976 4758 sed
2008 4713 2062 4758 et
2097 4706 2269 4773 ipsam
2304 4687 2626 4758 sanctorum
2663 4703 2982 4772 angelorum
3023 4697 3449 4753 multitudinem.

1881 4795 2025 4860 Quin
2071 4806 2124 4850 ct
2177 4805 2400 4850 sanctos
2451 4810 2641 4850 omnes
2693 4794 3102 4854 accusabimus,
3139 4789 3454 4858 quicunque

1887 4884 2053 4941 Deum
2082 4887 2272 4957 ipsum
2292 4887 2598 4943 secundum
2637 4896 2890 4940 naturam
2921 4899 2984 4936 ac
3023 4897 3213 4935 verum
3250 4880 3450 4950 praedi-

1878 4988 2111 5044 carunt;
2153 4978 2246 5032 sed
2303 4979 2538 5033 maxime
2592 4979 2837 5032 omnium
2883 4975 3102 5028 beatum
3161 4970 3449 5036 Joannem,

1879 5071 1972 5139 qui
2029 5070 2097 5124 de
2154 5071 2274 5140 ipso
2335 5071 2597 5139 scripsit,:
2631 5088 2649 5120 ι
2685 5067 2902 5121 Scimus
2960 5063 3223 5134 quoniam
3278 5061 3452 5148 Filius

1881 5161 1973 5217 Dei
2025 5163 2196 5226 venit,
2239 5170 2294 5216 et
2346 5162 2497 5216 dedit
2548 5162 2711 5216 nobis
2767 5173 2988 5214 sensum
3041 5166 3100 5210 ut
3150 5168 3452 5222 cognosca-

1874 5243 2004 5306 mus
2059 5267 2246 5305 verum
2287 5249 2480 5314 Deum,
2515 5257 2570 5303 et
2626 5249 2801 5302 simus
2852 5247 2906 5298 in
2955 5259 3086 5298 vero
3134 5240 3274 5294 Filio
3329 5241 3450 5308 ejus

1883 5341 2013 5398 Jcsu
2057 5343 2299 5397 Christo.
2347 5341 2447 5394 lilc
2483 5350 2568 5394 est
2604 5353 2765 5392 verus
2818 5339 2979 5399 Dens,
3027 5343 3082 5390 et
3129 5334 3234 5388 vita
3287 5343 3449 5388 arter-

1886 5449 1955 5487 na
1983 5434 2049 5485 "°.
2088 5453 2107 5485 »
2143 5431 2301 5497 Quod
2354 5433 2401 5487 si
2435 5430 2779 5498 Scripturam
2816 5429 3105 5487 reveritus.
3133 5424 3298 5480 Deum
3325 5437 3452 5480 vere
