3992 6316
157 319 263 375 39..νὶ

1201 315 1277 377 ἶΝ
1309 311 1596 379 ῘΟᾹΝΝΙΞ
1623 314 2072 378 EVANGELIUM
2115 321 2242 377 LIB.
2291 317 2360 381 Χ.

3308 329 3417 384 526

156 440 260 491 οὐκ
281 433 496 503 ἁναγκη
531 425 773 488 τοιοῦτον
795 433 1031 487 νοεῖσθαι
1055 435 1150 488 καὶ
1171 433 1258 487 τὸν
1288 435 1528 505 Πατέρα,
1559 434 1728 495 ὁποῖος

1843 432 2006 487 talem
2030 448 2251 504 quoque
2288 435 2504 492 Patrem
2535 441 2771 504 censeri,
2793 435 2975 510 qualis
3002 454 3029 493 a
3060 437 3214 496 Vobis
3241 439 3414 498 Filius

161 526 228 579 ἂν
255 525 462 594 λέγοιτο
480 527 609 597 παρ’
662 524 816 595 ὑμῶν
863 527 892 578 6
947 525 1107 592 Υίός;
1144 526 1253 578 Καὶ.
1287 526 1336 578 τί
1368 525 1428 578 τὸ
1454 524 1734 590 ἐντεῦθεν;

162 617 322 672 Ὅλον
354 618 480 687 ὑμῖν
511 618 595 680 είς
633 617 694 670 τὸ
743 617 908 686 μηδὲν
961 617 1328 688 καταστρέφει
1357 615 1418 669 τὸ
1453 614 1736 686 θεώρημα.

163 710 308 772 Ἕως
373 709 470 778 μὲν
499 708 608 779 γὰρ
638 708 840 779 μείζων
894 709 1110 777 λέγεται
1133 707 1228 760 τοῦ
1277 707 1402 761 Υίοῦ
1431 709 1561 779 παρ’
1585 705 1738 776 ὑμῶν

160 801 420 872 ὸῐῐατὴρ,
480 802 511 869 ἠ
573 801 630 853 δὲ
689 800 866 864 κτίσις
917 799 1176 864 ἐλάττων,
1224 799 1362 869 μέση
1395 817 1479 862 τις
1516 796 1584 870 ἦν
1616 799 1736 852 καθ’

161 891 304 960 ὑμᾶς
335 893 367 961 ἡ
397 891 489 942 τοῦ
534 890 873 957 Μονογενοῦς
930 890 1109 959 φύσις.
1145 888 1656 959 Καταὸιὸασθείσης
1679 889 1736 942 δὲ

92 979 101 985 ’
161 985 261 1053 τῆς
276 982 370 1034 τοῦ
391 983 606 1052 Πατρὸς
630 984 706 1044 εἰς
729 983 830 1052 τὴν
848 981 1001 1046 Υίοῦ,
1015 981 1158 1044 τίνος
1176 981 1327 1033 ἔσται
1352 980 1514 1048 μέσος
1528 979 1733 1042 λοιπὸν,

161 1075 257 1126 οὐκ
283 1074 433 1137 ὄντος
483 1074 562 1126 ἐτι
607 1072 702 1126 τοῦ
749 1073 1148 1144 ὑπερκειμένου
1194 1075 1288 1127 καὶ
1337 1074 1731 1144 ύπερέχοντος;

163 1167 221 1219 Ei
250 1165 324 1226 δὲ,
353 1165 495 1219 καθά
524 1183 706 1236 φησιν,
725 1166 799 1228 ὼς
838 1167 1103 1235 ὁμογενὴς
1131 1166 1386 1234 ὁμογενεῐ
1431 1164 1509 1235 τῷ
1562 1166 1731 1235 Πατρὶ

165 1257 525 1327 συγκρίνεται,
584 1257 700 1320 πῶς
747 1258 846 1326 οὐχ
904 1251 984 1319 εἷς
1014 1257 1101 1310 ἐπ’
1131 1259 1334 1326 ἀμφοῖν
1368 1259 1396 1310 ὀ
1424 1257 1522 1326 τῆς
1547 1256 1736 1318 οὐσίας

162 1347 303 1399 ἔσται
343 1347 536 1422 λόγοςς
591 1345 1052 1417 Παραιτούμενοικ
1075 1346 1131 1400 δὲ
1155 1347 1245 1398 τὸν
1276 1345 1403 1400 Υἰὸν
1451 1345 1734 1415 ὁμοούσιον

161 1439 423 1507 ὑπάρχειν
442 1439 727 1508 ὁμολογεῖν
777 1438 856 1508 τῷ
890 1439 1086 1509 Πατρὶ,
1119 1438 1290 1490 τιθεῖν
1317 1439 1374 1491 δὲ
1399 1438 1598 1507 μᾶλλον
1635 1440 1732 1491 αύ-

169 1527 260 1578 τὸν
297 1529 354 1579 ὲν
404 1528 679 1589 ἐλάττοσι,
728 1528 824 1580 καὶ
869 1527 966 1593 τὴν
995 1527 1090 1580 τοῦ
1118 1527 1329 1597 Πατρὸς
1353 1529 1732 1582 κατεσπάσατε

159 1616 307 1680 δόξαν
345 1619 430 1680 εἰς
465 1617 571 1687 τὴν
609 1617 705 1670 τοῦ
751 1618 873 1670 καθ’
903 1619 1046 1688 ὑμᾶς
1078 1618 1357 1692 ἐλάττονός
1379 1635 1437 1671 τε
1471 1620 1562 1672 καὶ
1587 1636 1734 1688 μειο-

159 1707 534 1775 νεκτουμένου,
589 1704 679 1778 ἆρ’
723 1709 822 1778 οὐχ
871 1711 1031 1781 ὁρᾶτε
1087 1709 1272 1762 λοιπὸν
1302 1709 1546 1778 ἀκάνθης
1576 1709 1734 1779 δίκην

1838 522 2079 578 dicitur?
2107 526 2176 579 At
2212 527 2472 594 quidnam
2505 529 2632 584 inde
2660 530 2948 600 sequitur?
2981 531 3170 587 Omnis
3201 531 3294 587 illa
3322 550 3414 589 ve-

1839 623 1956 670 stra
2006 617 2060 671 in
2110 617 2344 672 nihilum
2387 619 2516 680 abit,
2558 622 2880 690 propositio.
2941 623 3224 688 Quatenus
3265 624 3412 680 enim

1838 703 2000 760 Pater
2036 722 2065 759 a
2107 709 2259 762 vobis
2305 710 2480 788 major
2513 709 2652 766 Filio
2683 711 2910 778 dicitur,
2941 721 3191 768 creatura
3229 726 3412 770 autem

1839 797 2038 859 minor,
2076 799 2251 852 media
2284 800 2528 868 queedant
2562 808 2647 854 est
2691 816 2754 855 ex
2791 804 3058 858 sententia
3092 811 3271 858 vestra
3311 821 3412 858 na-

1839 897 1961 941 tura
1997 887 2297 958 Unigeniti.
2351 890 2561 946 Natura
2607 903 2792 947 autem
2833 893 3012 948 Patris
3060 895 3114 947 in
3153 893 3275 948 Filii
3315 911 3414 949 na.

1839 986 2015 1032 turam
2045 980 2330 1049 depressa,
2363 983 2653 1052 cujusnam
2687 983 2901 1038 tandem
2951 985 3056 1040 erit
3101 987 3334 1049 medius,
3366 986 3413 1041 si

1838 1087 1946 1125 non
1986 1073 2058 1125 sit
2089 1075 2181 1141 qui
2213 1090 2378 1144 supra
2409 1075 2480 1130 sit
2514 1077 2729 1146 positus
2759 1086 2813 1132 et
2839 1076 3117 1131 emineat?
3145 1077 3300 1141 Quod
3342 1079 3412 1140 si,

1839 1169 1897 1213 ut
1927 1164 2103 1226 aiunt,
2150 1170 2208 1215 ut
2254 1163 2631 1234 bomogeneus
2677 1165 2824 1220 Patri
2864 1173 3242 1234 comparatur,
3274 1182 3413 1235 quo.

1797 1289 1801 1292 ι
1836 1254 1999 1308 modo
2028 1270 2137 1310 non
2169 1271 2278 1310 una
2308 1257 2361 1310 in
2393 1257 2664 1313 ambobus
2713 1257 2816 1312 erit
2853 1259 3178 1314 substantia:
3229 1258 3416 1312 ratio?

1834 1343 1970 1410 Cum
2000 1355 2184 1400 autem
2221 1347 2400 1403 Patris
2435 1351 2670 1419 gloriam
2703 1351 2770 1404 ad
2817 1351 2937 1420 ejus
2988 1353 3078 1420 qui
3121 1366 3188 1406 ex
3233 1361 3415 1406 vestra

1837 1437 2109 1490 sententia
2163 1438 2342 1490 minor
2395 1447 2502 1505 cst,
2556 1439 2782 1509 gloriam
2833 1438 3162 1502 deducatis,
3213 1437 3413 1491 Filium

1835 1530 2369 1586 consubstantialem
2421 1548 2544 1589 esse
2588 1529 2738 1586 Patri
2802 1531 2959 1585 fateri
3007 1533 3275 1592 nolentes,
3319 1529 3413 1584 sed

1834 1634 1958 1673 eum
2017 1621 2201 1689 potius
2271 1623 2536 1676 minorem
2593 1637 2716 1676 esse
2786 1630 3117 1688 statuentes,
3165 1619 3413 1690 nunquid

1836 1712 2006 1780 Spiuae
2036 1713 2213 1767 instar
2242 1729 2598 1769 succrescere
2636 1714 3031 1780 blaSpbemiam
3070 1713 3414 1766 animadver-

161 1798 549 1852 ἀνατέλλουσαν
601 1799 700 1869 τὴν
748 1799 1107 1870 δυσφημίανς
1158 1794 1287 1868 Ἆρ’
1334 1799 1454 1869 οὐχὶ
1483 1799 1608 1870 ῥίζα
1642 1817 1728 1854 πι-

1833 1804 1988 1858 titis?
2037 1803 2225 1858 Nonne
2283 1805 2436 1860 radix
2495 1805 2880 1859 amaritudinis
2931 1819 3152 1860 sursum
3212 1805 3414 1874 germi-

127 1896 133 1902 '
161 1888 314 1957 κρίας
343 1888 459 1942 ἄνω
492 1889 701 1957 φύουσα
754 1890 856 1960 τὴν
895 1891 1004 1944 τῶν
1033 1889 1177 1964 οὕτω
1204 1891 1562 1960 διακειμένων
1595 1909 1722 1963 καρ·

157 1981 269 2034 δίαν
299 1982 662 2051 παρενοχλεῖ;
725 1981 790 2034 Τί
842 1982 1044 2048 τοίνυν,
1073 1983 1304 2050 ἀφέντες
1342 1983 1434 2034 τὸν
1466 1983 1601 2052 εὑθῆ
1631 1983 1731 2052 τῆς

160 2069 407 2140 ἀληθείας
433 2070 614 2139 λόγον,
661 2073 762 2153 είς⁵
799 2071 1072 2141 τοσαύτην
1097 2072 1330 2124 ἀτοπίαν
1360 2070 1730 2140 παρελαύνετε

159 2160 466 2230 λογισμῶν;
498 2162 626 2215 Δότε
656 2161 743 2233 δὴ,
797 2163 916 2216 δότε
949 2163 1026 2232 τῷ
1058 2165 1310 2232 ὁμογενεί
1355 2163 1476 2216 καθ’
1504 2163 1647 2234 ὑμᾶς
1671 2164 1732 2216 τὸ

158 2253 213 2302 ἐν
246 2251 448 2321 ἰσότητι
481 2251 698 2305 κεῖσθαι
758 2252 853 2305 τοῦ
904 2253 1040 2306 Θεοῦ
1072 2253 1164 2306 καὶ
1195 2252 1427 2324 Πατρός.
1447 2251 1603 2306 Οὕτω
1624 2253 1732 2324 γὰρ

159 2334 234 2404 εἷς
289 2341 443 2396 ἔσται
487 2343 641 2407 Θεὸς,
691 2346 750 2396 ὲν
806 2344 939 2414 ἁγίᾳ
982 2361 1042 2397 τε
1105 2345 1200 2397 καὶ
1244 2345 1730 2416 ὀμοουσίῳτριάδι

161 2430 630 2502 προσκυνούμενος
654 2449 714 2483 τε
749 2433 842 2485 καὶ
887 2432 1164 2502 δοξολογού
1175 2450 1352 2504 μενος,
1377 2435 1515 2504 πρός
1547 2452 1606 2488 τε
1629 2436 1730 2507 ἤδη

160 2518 305 2589 ἡμῶν
331 2520 516 2572 αὐτῶν
541 2523 635 2574 καὶ
661 2521 770 2575 τῶν
805 2523 977 2590 ἁγίων
1005 2524 1274 2592 ἀγγέλων.

223 2613 326 2665 Καὶ
349 2612 471 2666 νῦν
514 2613 724 2681 εἴρηκα
774 2614 917 2684 ὑμῖν
941 2615 1085 2682 πρὶν
1127 2617 1428 2686 γενέσθαι,
1457 2618 1558 2671 ἵνα
1586 2618 1732 2672 ὅταν

161 2703 388 2772 γένηται
409 2706 806 2773 πιστεύσητε.

234 2796 497 2865 Ἀσφαλὲς
521 2797 780 2869 ἐνέχυρον
801 2797 909 2850 τῶν
949 2797 1172 2853 ἔσεσθαι
1203 2800 1669 2870 προσδοκωμένων
1698 2798 1733 2869 ἡ

164 2888 279 2958 περὶ
312 2888 498 2942 αὐτῶν
557 2891 752 2959 ὁρᾶται
802 2890 1127 2962 πρόρρησις.
1178 2893 1396 2944 Βεϐαιοί
1441 2891 1730 2962 τοιγαροῦν

163 2976 262 3029 τῶν
311 2976 574 3047 μαθητῶν
619 2980 720 3047 τὴν
771 2981 1023 3050 καρδίαν,
1056 2982 1151 3034 καὶ
1203 2982 1484 3051 ἀραρότως
1515 2983 1730 3052 φρονεῖν

162 3068 428 3122 ἀναπείθει
457 3071 717 3142 Χριστὸς,
759 3073 950 3144 ὅτιπερ
990 3073 1198 3127 ἄνεισιν
1231 3073 1448 3144 ἀληθῶς
1473 3075 1609 3145 πρὸς
1637 3076 1730 3128 τὸν

1833 1909 1971 1948 nans
2005 1909 2196 1949 eorum
2235 1897 2328 1965 qui
2377 1897 2449 1951 ita
2496 1897 2739 1950 sentiunt
2789 1912 2887 1951 cor
2929 1896 3243 1952 obturbat?
3302 1896 3413 1950 Cur

1832 1985 2036 2055 itaque,
2068 1987 2262 2041 relicta
2293 1988 2539 2043 veritatis
2568 1997 2715 2043 recta
2750 1988 3062 2054 ratione,in
3088 1996 3292 2041 tantam
3325 2003 3413 2040 ra-

1834 2077 2248 2131 tiocinationum
2276 2078 2676 2133 absurditatem
2700 2078 3013 2134 deﬂectitis?
3031 2074 3182 2142 Date,
3202 2094 3410 2147 quaeso,

1832 2166 1959 2223 date
1989 2170 2354 2241 bomogeneo,
2398 2179 2457 2224 ut
2485 2170 2671 2234 vultis,
2711 2168 2874 2234 Filio,
2907 2186 3029 2224 cum
3065 2169 3174 2224 Deo
3216 2185 3279 2223 ac
3309 2166 3412 2221 Pa-

1833 2267 1915 2314 tre
1949 2262 2341 2332 aequalitatem.
2387 2260 2477 2316 Sic
2504 2262 2651 2316 enim
2681 2278 2824 2317 unus
2848 2263 2952 2318 erit
2990 2261 3131 2317 Deus
3167 2278 3326 2332 quem
3359 2263 3412 2315 in

1833 2365 2020 2408 sancta
2057 2363 2110 2408 et
2137 2355 2602 2424 consubstantiali
2638 2353 2930 2421 Trinitate,
2971 2371 3096 2408 cum
3137 2371 3239 2409 nos
3286 2355 3411 2424 ipsi,

1833 2455 1944 2500 tum
1982 2447 2161 2500 sancti
2193 2447 2393 2516 angeli,
2425 2446 2720 2502 adoramus
2752 2456 2806 2501 et
2831 2445 3227 2517 gloriﬁcamus.
3365 2438 3381 2452 ‘

1905 2613 2045 2678 XIV,
2075 2615 2163 2670 99.
2206 2614 2276 2669 Et
2315 2633 2454 2670 nunc
2492 2617 2606 2671 dixi
2636 2616 2780 2672 vobis
2806 2618 3121 2688 priusquam
3167 2619 3303 2689 ﬁat,
3353 2629 3412 2672 ut

1831 2720 1952 2757 cum
1978 2705 2184 2774 factum
2218 2705 2400 2774 fuerit,
2433 2706 2687 2761 credatis.

1901 2796 2124 2850 Certum
2157 2801 2352 2869 pignus
2383 2814 2571 2854 eorum
2601 2814 2720 2869 qtue
2759 2796 2873 2853 fore
2900 2780 3186 2869 speramus
3215 2813 3409 2855 eorum

1831 2895 1916 2942 est
1947 2889 2249 2957 praedictio.
2295 2889 2603 2944 Conﬁrmat
2651 2890 2815 2960 igitur
2860 2905 2958 2945 cor
2988 2892 3409 2962 discipulorum,

1831 2989 1887 3034 et
1927 2980 2157 3035 ﬁrmiter
2184 2982 2408 3037 credere
2445 2982 2607 3053 jubet
2639 2982 2896 3037 Christus
2937 2999 2996 3038 se
3036 2999 3161 3038 vere
3213 2985 3276 3038 ad
3312 2983 3414 3038 Pa-

1833 3076 1972 3124 trem
2003 3069 2285 3124 cmlestem
2319 3072 2544 3138 reverti,
2580 3081 2936 3142 regnaturum
2964 3088 3088 3127 cum
3133 3088 3206 3152 eo
3248 3081 3414 3143 atque.

165 3160 218 3211 ὲν
239 3163 345 3224 τοῖς
367 3162 618 3233 οὐρανοῖς
645 3164 871 3232 Πατέρα
891 3166 988 3218 καὶ
1015 3165 1166 3232 Θεὸν,
1186 3165 1633 3234 συμϐασιλεύσων
1673 3185 1728 3220 τε

1841 3174 1946 3212 una
1980 3174 2403 3227 consessorum,
2433 3171 2492 3216 ut
2521 3162 2616 3230 qui
2649 3161 2791 3218 Deus
2824 3163 2914 3230 sit,
2951 3171 3004 3218 et
3038 3179 3104 3217 ex
3153 3145 3273 3234 ipso
3322 3180 3413 3219 se-

165 3251 406 3322 αὐτῷκαὶ
433 3253 829 3325 συνεδρεύσων,
863 3257 938 3319 ὡς
975 3256 1130 3319 Θεὸς,
1170 3257 1265 3311 καὶ
1303 3257 1364 3321 ἐξ
1389 3259 1556 3311 αὑτοῦ
1590 3259 1732 3312 κατὰ

163 3345 308 3410 φύσιν
332 3345 408 3428 ὡς
428 3345 566 3410 Θεὸς
591 3348 1011 3418 γεγεννημένος.
1053 3348 1146 3420 Μὴ
1185 3348 1294 3420 γὰρ
1321 3349 1406 3420 δὴ,
1441 3351 1598 3422 φησι,
1630 3351 1732 3424 τὴν

163 3435 287 3506 ἐμὴν
318 3438 630 3508 ἀπόλειψιν,
689 3440 789 3510 τὴν
845 3441 985 3493 κατὰ
1017 3441 1200 3512 σάρκα
1219 3442 1314 3496 καὶ
1335 3445 1554 3514 ἐμφανῆ
1586 3446 1732 3512 (συν-

162 3526 339 3597 έσομαι
357 3529 469 3600 γὰρ
501 3531 656 3600 ὑμῖνς
679 3531 754 3595 ὡς
784 3531 938 3594 Θεὸς,
973 3532 1061 3586 διὰ
1089 3533 1334 3605 παντὸς),
1371 3535 1428 3588 ὲν
1462 3534 1561 3606 ι’σῳ
1585 3535 1731 3603 λογί-

164 3619 313 3690 σησθε
335 3621 432 3692 τῆς
466 3622 581 3678 τῶν
609 3624 784 3692 ἁγίων
810 3625 1128 3696 προφητῶν.
1161 3629 1224 3680 Οἱ
1257 3626 1356 3696 μὲν
1386 3628 1519 3699 γὰρ,
1542 3629 1638 3682 ἁτε
1665 3629 1730 3700 δὴ

165 3711 247 3763 καὶ
265 3713 366 3765 ἀπὸ
389 3715 498 3784 γῆς
554 3715 842 3782 γεγονότες
889 3717 984 3769 καὶ
1015 3719 1081 3787 τῇ
1136 3717 1241 3788 ἰδίᾳ
1279 3717 1438 3786 φύσει
1464 3718 1523 3772 τὸ
1555 3717 1730 3789 χρεὼν

163 3802 526 3870 ἀποτίσαντες,
565 3807 969 3878 συνεστάλησαν
1023 3825 1083 3861 τε
1116 3810 1212 3862 καὶ
1244 3811 1628 3881 κεχωρήκασιν
1649 3812 1730 3874 είς

161 3894 239 3947 τὸν
268 3897 578 3969 ἀνθρώποις
604 3899 883 3970 πρέποντα
908 3900 1070 3970 νόμον
1097 3919 1110 3931 ο
1148 3901 1278 3964 Θεὸς
1310 3901 1364 3953 δὲ
1395 3905 1537 3956 κατὰ
1567 3903 1727 3971 φύσιν

163 3983 402 4056 ὑπάρχων
451 3987 589 4056 ἐγὼ,
642 3990 744 4043 οὐκ
803 3991 860 4044 ἐν
907 3989 1006 4060 ἴσῳ
1042 3991 1224 4062 μέτρῳ
1257 3994 1369 4054 τοῖς
1389 3991 1455 4044 δι’
1488 3994 1726 4062 ἐμαυτοῦ

162 4081 389 4146 γεγονόσι
441 4083 718 4152 κείσομαι,
741 4082 832 4136 τὸν
865 4083 968 4149 τῆς
1015 4081 1365 4145 ἀναστάσεως
1413 4083 1727 4153 περιμένων

163 4170 333 4240 καιρόν
360 4187 372 4199 ·
397 4171 477 4235 ζῶ
498 4173 608 4242 γὰρ
638 4174 746 4237 ἀεὶ,
777 4173 890 4242 ζωὴ
932 4173 1076 4226 κατὰ
1117 4173 1279 4240 φύσιν
1308 4174 1573 4244 ὑπάρχων
1594 4193 1606 4205 ·
1633 4177 1728 4229 καὶ

163 4260 427 4315 ἀποστελῶ
446 4265 541 4316 τὸν
569 4264 955 4335 Παρὰκλητον,
989 4262 1239 4316 ἐπιδώσω
1270 4264 1332 4317 δὲ
1361 4264 1488 4335 ὑμῖν
1515 4267 1608 4319 καὶ
1653 4269 1728 4320 εί-

166 4351 316 4423 ρήνην
343 4356 442 4425 τὴν
470 4357 634 4426 ἐμὴν,
682 4358 777 4410 καὶ
823 4357 884 4410 ού
941 4355 1329 4426 διαψεύσομαι,
1362 4357 1592 4412 ἀλλ’ἵνα
1628 4376 1724 4411 τυ·-

1833 3251 2077 3306 cundum
2124 3263 2380 3308 naturam
2431 3261 2496 3308 ut
2538 3253 2682 3310 Deus
2722 3254 2966 3326 genitus.
3011 3253 3124 3309 Nec
3167 3257 3312 3310 enim
3345 3256 3415 3313 de

1831 3361 1951 3400 mea
1989 3346 2265 3409 absentia,
2314 3347 2518 3428 inquit,
2551 3349 2856 3402 secundum
2892 3363 3114 3403 carnem
3172 3351 3414 3419 (semper

1831 3439 1978 3493 enim
2010 3440 2292 3495 vobiscum
2329 3456 2448 3502 ero,
2479 3451 2541 3494 ut
2593 3439 2784 3511 Deus).
2819 3440 3048 3510 perinde
3080 3455 3142 3494 ac
3174 3440 3241 3495 de
3282 3457 3413 3495 san-

1832 3539 2046 3583 ctorum
2071 3532 2465 3600 prophetarum
2496 3533 2742 3588 absentia
2773 3531 3040 3602 judicate.
3068 3531 3132 3584 Hi
3156 3533 3412 3600 enim,de

1831 3627 1978 3674 terra
2009 3620 2215 3674 conditi
2250 3628 2304 3675 et
2342 3635 2455 3675 sua:
2485 3630 2698 3675 natura:
2721 3621 2967 3675 debitum
3009 3621 3408 3691 persolventes.

1832 3713 2099 3766 sublracti
2138 3721 2287 3775 sunt,
2331 3719 2386 3767 et
2426 3713 2596 3784 legem
2633 3713 2948 3768 hominibus
2988 3714 3408 3768 convenientem

1830 3804 2105 3858 inierunt:
2156 3803 2302 3860 Deus
2329 3812 2510 3859 autem
2540 3819 2662 3858 cum
2701 3820 2800 3875 ego
2836 3804 2941 3860 sim
2972 3803 3273 3861 secundum
3308 3821 3408 3859 na-

1831 3906 2035 3957 turam,
2071 3913 2178 3951 non
2209 3899 2435 3966 perinde
2481 3913 2545 3951 ac
2594 3899 2848 3953 homines
2889 3913 2987 3969 per
3017 3913 3102 3952 me
3131 3896 3284 3965 lacti,
3321 3887 3409 3952 re-

1831 3992 2192 4046 surrecliunis
2238 3999 2455 4060 tempus
2498 3991 2868 4061 exspectabo:
2922 3991 3044 4043 vivo
3075 3989 3220 4044 enim
3261 4005 3408 4044 sem—

1829 4099 1945 4154 per,
1979 4083 2085 4136 vita
2117 4099 2240 4138 cum
2273 4084 2374 4137 sim
2408 4083 2711 4136 secundum
2754 4091 3044 4149 naturam;
3092 4089 3145 4136 et
3194 4082 3404 4135 mittam

1827 4172 2196 4238 Paracletum,
2249 4187 2539 4240 meamque
2582 4170 2739 4225 vobis
2785 4184 2972 4239 pacem
3015 4168 3178 4234 dabo,
3229 4185 3408 4238 neque

1828 4267 2086 4330 mentiar,
2121 4265 2212 4319 sed
2250 4273 2308 4317 ut
2359 4262 2749 4334 promissionis
2796 4269 3080 4332 compotes
3127 4269 3181 4315 et
3226 4263 3406 4316 sancti

1830 4358 2068 4428 Spiritus
2115 4355 2278 4427 853
2331 4355 2591 4410 illustrati
2650 4354 2849 4425 gratia,
2904 4369 3023 4408 mea
3060 4355 3226 4408 verba
3276 4369 3406 4408 vera

164 4442 328 4511 χόντες
355 4446 452 4516 τῆς
486 4447 821 4516 ἐπαγγελίας
847 4448 938 4500 καὶ
976 4451 1043 4518 τῇ
1077 4447 1172 4501 τοῦ
1219 4447 1374 4516 ἁγίου
1410 4449 1724 4519 Πνεύματος

1832 4466 1950 4505 esse
2013 4448 2313 4513 fateamini,
2359 4449 2413 4501 in
2450 4445 2915 4508 recordationem,
2963 4445 3043 4500 uti
3083 4445 3219 4509 dixi,
3259 4444 3408 4498 facto

165 4530 623 4609 λελαμπρυσμένοι
671 4540 874 4612 χάριτι,
900 4543 1014 4604 τοῖς
1069 4542 1223 4611 ἐμοῖς
1246 4541 1424 4609 λόγοις
1457 4544 1724 4615 ἐπιψηφί-

166 4627 305 4679 σεσθε
322 4630 418 4699 τὴν
439 4629 720 4700 ἀλήθειαν,
741 4633 823 4695 είς
842 4633 1170 4702 ἀνάμνησιν,
1190 4633 1265 4696 ὡς
1281 4633 1441 4704 ἔφην,
1470 4637 1607 4704 μετὰ
1626 4639 1725 4710 τὴν

165 4717 338 4786 πεῖραν
388 4722 698 4792 ἐρχόμενοι,
753 4724 848 4776 καὶ
902 4723 990 4777 ἵνα
1032 4724 1364 4795 πιστεύσητε
1398 4728 1726 4797 πεπηγότως

169 4804 240 4858 δτι
274 4809 482 4882 σύνειμι
512 4814 607 4866 καὶ
669 4814 1054 4885 συμὸασιλεύω
1104 4815 1183 4887 τῷ
1231 4816 1431 4884 Ila-cpi,
1483 4820 1724 4888 προδιεί-

166 4894 344 4968 λεγμαι
366 4903 528 4956 ταυτὶ
566 4905 662 4957 καὶ
687 4905 963 4976 λελάληκα
993 4906 1130 4975 πρὸς
1161 4907 1326 4976 ὑμᾶς.
1368 4906 1724 4978 Ἐξεγγυήσε-

162 5004 240 5040 ται
263 4992 356 5062 τὴν
381 4995 438 5046 ἐν
460 4996 573 5058 τοϊς
606 4997 920 5068 εἰρημένοις
939 4998 1200 5068 ἀλήθειαν
1231 4997 1410 5050 τοίνυν
1429 4999 1528 5069 τῆς
1553 5001 1725 5068 ἐπαγ-

166 5079 329 5144 γελίας
352 5085 411 5136 τὸ
443 5086 637 5156 πέρας.
671 5087 735 5141 Εί
773 5087 881 5159 γὰρ
907 5089 983 5159 μὴ
1005 5089 1139 5159 ζωὴ,
1173 5091 1357 5161 φησιν,
1405 5092 1453 5143 εί
1491 5089 1566 5161 μὴ
1602 5096 1724 5144 συνε-

163 5166 344 5240 εδρεύω
367 5174 444 5245 τῷ
471 5176 591 5248 Θεῷ
628 5179 724 5230 καλ¹
757 5178 962 5250 Πατρὶ,
1007 5179 1127 5243 πῶς
1165 5179 1232 5233 ἂν
1270 5180 1434 5244 αὐτὸς
1478 5180 1720 5252 ἐπιδοίην

162 5263 222 5316 τὰ
242 5264 354 5321 θεῖα
387 5270 481 5322 καὶ
525 5272 870 5342 πνευματικὰ
920 5273 1276 5343 χαρίσματα;
1339 5273 1589 5344 Διανεμῶ
1639 5273 1716 5340 δὲ,

160 5355 388 5430 καθάπερ
429 5361 798 5433 ὲπήγγελμαι,
865 5364 1159 5435 χορηγήσω
1187 5363 1244 5416 δὲ
1285 5365 1379 5416 καὶ
1407 5363 1468 5416 τὸ
1496 5363 1720 5433 Πνεῦμα

161 5447 242 5498 καὶ
270 5449 364 5515 τὴν
413 5452 658 5522 εἰρήνην.
701 5449 832 5506 Εῐτα
881 5453 1000 5517 πῶς
1055 5455 1156 5506 ούκ
1215 5453 1586 5524 ἀναμφίλογον
1633 5455 1716 5508 ὅτι

159 5533 256 5609 ζωή
305 5544 418 5611 είμι
467 5545 561 5596 καὶ
607 5545 987 5614 συμϐασιλεύω
1028 5544 1166 5616 μετὰ
1195 5546 1446 5616 Πατρὸς;
1501 5547 1573 5599 Οὐ
1607 5546 1716 5618 γὰρ

157 5625 236 5678 τοῦ
265 5630 336 5701 μὴ
360 5631 539 5695 ὄντος,
564 5633 598 5703 ἢ
637 5634 799 5704 μηδὲν
849 5634 1122 5703 ἰσχύοντος
1166 5636 1326 5708 ἔργον
1357 5639 1495 5700 ἐστὶ,
1515 5637 1574 5691 τὸ
1603 5641 1715 5702 τοῖς

158 5714 304 5781 θείοις
342 5722 832 5794 ,καταλαμπρύνειν
878 5725 1179 5796 χαρίσματι
1234 5727 1360 5789 τοὺς
1380 5726 1712 5795 ἀγαπῶντας

1830 4542 1910 4596 rei
1967 4541 2213 4611 periculo
2250 4539 2490 4601 adducti,
2527 4547 2582 4592 et
2631 4549 2690 4590 nt
2743 4536 2974 4590 ﬁrmiter
3025 4535 3270 4590 credatis
3321 4553 3408 4588 mc

1827 4648 1932 4686 una
1981 4647 2104 4686 esse
2150 4646 2214 4685 ac
2263 4631 2429 4686 simul
2459 4645 2585 4684 cum
2616 4627 2778 4683 Patre
2817 4644 3071 4698 regnare,
3124 4628 3226 4682 ista
3264 4613 3404 4694 pta:-

1825 4724 1939 4777 dixi
1988 4731 2042 4776 et
2082 4725 2298 4777 locutus
2346 4737 2467 4776 sum
2509 4722 2688 4777 vobis.
2731 4721 3028 4776 Veritatem
3079 4720 3244 4789 igitur
3284 4734 3402 4771 ser-

1824 4831 2047 4869 monum
2099 4817 2486 4886 promissionis
2518 4817 2700 4870 exitus
2731 4812 3135 4884 comprobabit.
3178 4809 3310 4862 Nam
3353 4807 3403 4864 si

1824 4907 1934 4959 vita
1964 4921 2074 4960 non
2101 4922 2243 4968 sum,
2267 4907 2466 4976 inquit,
2500 4906 2546 4960 si
2578 4923 2686 4961 non
2723 4922 2829 4959 ttna
2855 4920 2978 4958 cum
3009 4901 3122 4955 Deo
3141 4915 3204 4954 ac
3238 4895 3402 4954 Patre

1822 5000 2016 5065 sedeo,
2041 5014 2281 5069 quonam
2322 5008 2483 5068 pacto
2512 5000 2630 5069 ipse
2659 4997 2846 5051 divina
2873 5005 2927 5049 et
2952 4993 3223 5063 Spirita‘lia
3258 4991 3401 5046 dona

1823 5092 2118 5147 dederim?
2151 5091 2493 5147 Distribuam
2537 5105 2688 5152 vero,
2729 5086 2889 5144 sicuti
2927 5084 3177 5155 promisi,
3211 5083 3265 5138 et
3291 5084 3401 5136 iar-

1822 5187 1950 5255 giar.
1980 5185 2243 5255 Spiritum
2274 5193 2328 5240 et
2360 5199 2573 5255 pacem.
2603 5181 2671 5234 At
2699 5177 2974 5250 quomodo
3022 5190 3132 5229 non
3187 5182 3398 5228 certum

1821 5288 1875 5332 et
1907 5277 2271 5340 indubitatum
2311 5286 2396 5330 est
2435 5291 2522 5329 me
2568 5274 2732 5327 vitam
2766 5285 2909 5332 esse,
2944 5275 2998 5322 et
3027 5281 3255 5336 regnare
3290 5282 3400 5322 una

1820 5378 1945 5417 cum
1978 5363 2172 5418 Patre?
2199 5363 2408 5418 Divinis
2436 5362 2636 5431 quippe
2664 5359 2824 5413 donis
2858 5359 3141 5413 illustrare
3173 5356 3402 5428 diligen-

1821 5464 1902 5510 tes
1942 5470 2021 5518 se,
2066 5471 2205 5524 opus
2258 5472 2366 5511 non
2401 5463 2485 5509 est
2531 5452 2654 5521 ejus
2705 5451 2796 5520 qui
2849 5463 2958 5504 non
3005 5448 3097 5515 sit,
3125 5454 3221 5502 aut
3261 5448 3401 5502 nihil

1818 5547 2015 5616 possit,
2051 5547 2144 5601 sed
2180 5547 2299 5615 ejus
2330 5547 2423 5616 qui
2449 5553 2535 5600 est
2560 5559 2624 5598 ac
2655 5551 2855 5614 potest,
2891 5557 2954 5597 ac
2985 5543 3040 5596 in
3071 5552 3398 5613 perpetuum
3437 5548 3440 5550 ‘

1817 5646 2029 5706 regnat.
2081 5636 2234 5702 Quod
2285 5653 2418 5708 ergo
2457 5651 2567 5692 non
2621 5635 2826 5691 frustra
2866 5650 3051 5693 rerum
3087 5634 3397 5689 futurarum

1815 5726 2228 5798 przedictionem
2281 5728 2494 5798 fecerit,
2538 5729 2625 5784 liis
2666 5728 2850 5785 verbis
2894 5726 3080 5783 docuit
3121 5723 3395 5780 Christus.
