3992 6316
596 336 701 390 δεῖ
1628 342 1690 398 s.
1722 314 2000 400 crtum
2039 343 2511 405 ALEXANDRINI
2541 345 2863 404 ARCHIEP.‘
3753 351 3859 406 sas

598 451 672 521 Ut
697 454 844 510 enim
889 456 1180 511 certiorem
1213 454 1336 525 ejus
1374 456 1455 512 rei
1504 454 1664 513 ﬁdem
1693 458 1981 524 haberem,
2017 474 2146 516 reno

2248 515 2250 522 _
2278 462 2467 531 αὑτὸν,
2515 463 2653 519 ἀλλὰ
2682 463 2776 519 τοῦ
2804 463 2961 527 ὄντος
2994 478 3055 515 τε
3087 463 3180 517 καὶ
3207 463 3529 535 δυναμένου,
3556 458 3659 520 καὶ
3688 467 3858 521 εἰσαεὶ

595 558 724 600 vata
780 560 962 601 rerum
998 555 1127 603 ante
1156 549 1556 619 promissarum
1599 552 1865 607 memoria
1910 566 2036 607 cum
2075 553 2146 607 do

2275 553 2673 625 βασιλεύοντος.
2699 555 2824 608 Ὀτι
2843 554 3024 609 τοίνυν
3051 554 3151 610 οὐκ
3177 556 3401 620 είκαίως
3427 556 3526 629 τὴν
3551 557 3860 630 πρόρρησιν

596 648 794 692 norum
825 637 952 692 facti
980 650 1169 695 essent
1197 650 1504 712 compotes,
1536 643 1988 700 dissertationem
2027 644 2146 700 bant

2274 646 2372 717 τὴν
2423 647 2516 699 ἐπὶ
2560 649 2675 709 τοῖς
2731 646 3009 717 ἐσομένοις
3049 648 3361 718 ἐποιήσατο,
3400 648 3490 703 διά
3514 649 3727 703 τούτων
3756 650 3862 704 ὲδίὁ

593 744 720 781 cum
757 730 824 783 iis
858 730 1101 786 habitam
1132 748 1258 788 esse
1288 736 1385 788 ait.
1846 790 1857 803 ,

2268 735 2427 801 δαξεν
2455 738 2485 791 ὁ
2526 737 2782 808 Χριστός.
2811 737 2927 790 Ἵνα
2958 737 3070 808 γὰρ
3121 738 3532 810 ἀσφαλεστέραν
3556 738 3736 810 ἔχοιεν
3761 738 3857 805 τὴν

593 822 682 873 ἐπ’
716 821 866 892 αὐτῷ
905 822 1108 888 πίστιν,
1149 825 1288 894 μετά
1322 827 1421 897 τὴν
1441 826 1554 879 τῶν
1587 828 1945 900 χαρισμάτων
2009 830 2205 898 πεῖραν
2244 829 2326 892 είς
2373 827 2582 882 ἔννοιάν
2619 844 2680 880 τε
2737 826 2831 882 καὶ
2877 830 3098 900 μνήμην
3159 829 3270 883 τῶν
3314 831 3853 903 προεπηγγελμένων

593 914 877 985 ἐρχόμενοι
898 915 1228 988 πεποιῆσθαί
1252 934 1386 987 φησι
1403 918 1502 989 τὴν
1526 919 1778 986 διάλεξιν.
3107 956 3125 966 ι
3345 992 3349 996 _

667 1002 804 1069 XIV,
838 1006 928 1069 '50,
956 1006 1045 1061 51.
1079 1005 1203 1061 lam
1243 1024 1347 1063 non
1381 1010 1553 1064 multa
1616 1011 1805 1082 loquar
1857 1010 2121 1067 vobiscum

2340 1004 2549 1060 Οὐκέτι
2577 1005 2777 1060 πολλὰ
2801 1004 3057 1072 λαλήσω
3088 1008 3217 1075 μεθ’
3249 1004 3419 1078 ὑμῶν
3439 1021 3453 1034 °
3484 1009 3723 1081 ἔρχεται
3747 1014 3855 1084 γὰρ

562 1097 731 1167 ‘renit
766 1097 905 1150 enim
930 1098 1173 1167 princeps
1200 1100 1383 1153 mundi
1412 1101 1593 1170 hujus,
1619 1114 1667 1156 et
1693 1104 1747 1156 in
1777 1118 1859 1156 me
1887 1119 1991 1157 non
2011 1102 2143 1156 habe

2265 1101 2298 1152 ὀ
2330 1096 2438 1151 τοῦ
2466 1097 2701 1165 κόσμου
2723 1095 2943 1164 ἅρχων,
2978 1096 3075 1149 καί
3104 1097 3174 1150 ἐν
3200 1097 3331 1166 ἐμοὶ
3353 1100 3466 1153 οὐκ
3493 1100 3619 1168 ἔχει
3652 1103 3851 1166 οὐδὲν,

586 1190 919 1258 quidquam;
959 1189 1049 1243 sed
1099 1199 1158 1243 ut
1214 1201 1497 1262 cognoscat
1546 1192 1776 1247 mundus
1824 1195 1953 1264 quia
1999 1193 2146 1264 diligi

2262 1187 2402 1241 ἀλλ’
2438 1187 2540 1240 ἵνα
2578 1184 2699 1256 γυνῷ
2727 1190 2760 1241 ὁ
2798 1189 3031 1256 κόσμος
3070 1187 3160 1241 ὅτι
3206 1187 3417 1258 ἁγαπῶ
3462 1191 3570 1245 τὸν
3601 1194 3852 1261 Πατέρα,

593 1280 831 1346 Patrem,
864 1284 923 1334 et
961 1281 1101 1334 sicut
1148 1283 1462 1338 mandatum
1503 1283 1650 1339 dedit
1694 1285 1824 1339 mihi
1854 1283 2041 1351 Pater,
2086 1288 2146 1340 sit

2262 1278 2362 1332 καί
2390 1277 2585 1344 καθὼς
2643 1277 2907 1345 ἐντολήν
2936 1295 3040 1347 μοι
3076 1277 3337 1350 δέδωκεν
3362 1285 3396 1336 d
3436 1283 3669 1353 Πατὴρ,
3699 1284 3852 1340 οὕτω

591 1374 749 1448 facio.

2262 1374 2434 1423 ποιῶ.

653 1477 821 1545 Quasi
844 1475 1022 1533 Judaei
1048 1477 1158 1546 iam
1190 1476 1433 1532 adl‘uturi
1464 1486 1649 1534 essent
1677 1493 1801 1533 cum
1834 1495 1898 1535 ea
1930 1494 2037 1551 qua
2063 1480 2146 1537 sti«

2350 1461 2441 1524 Ὠς
2461 1459 2570 1515 τῶν
2615 1459 2847 1516 ἀνοσίων
2903 1459 3173 1516 Ἰουδαίων
3214 1464 3601 1536 παρεσομένων
3644 1485 3706 1522 τε
3748 1469 3847 1541 ήδη

2273 1550 2389 1572 ---Λν
2426 1546 2490 1572 1-
2520 1552 2777 1572 1-1---,.--
2819 1552 3045 1572 ---Ι-μᾼ
3082 1554 3170 1572 --.ι
3209 1571 3230 1572 7
3269 1554 3294 1565 ιν
3415 1556 3427 1572 ι
3573 1558 3597 1572 ιο

584 1571 750 1644 pandi
796 1578 955 1625 erant
1000 1569 1233 1624 cohorte
1272 1570 1504 1640 ejusque
1547 1571 1797 1641 principe
1839 1577 1896 1627 et
1947 1546 2146 1628 antesi-

2269 1550 2389 1621 μεθ’
2422 1546 2491 1621 ἦς
2516 1552 2785 1623 ἐπήγοντο
2812 1552 3046 1623 σπείρας
3081 1554 3176 1607 καὶ
3202 1554 3297 1608 τοῦ
3330 1556 3535 1628 ταύτης
3565 1558 3846 1630 ἄρχοντος,

584 1641 787 1734 gnano,
823 1662 918 1732 qui
950 1677 1010 1717 se
1050 1662 1382 1716 traditurum
1416 1676 1540 1745 eum
1594 1665 1872 1733 pollicitus
1922 1673 2062 1730 erat,
2109 1677 2146 1720 e1

2262 1642 2321 1707 ὃς
2355 1642 2451 1697 καὶ
2481 1641 2828 1711 παραδώσειν
2852 1643 3016 1697 αὑτὸν
3049 1645 3451 1714 ἐπηγγείλατο,
3505 1648 3847 1721 συλληψομέ-

581 1752 1035 1824 comprehensuri
1071 1753 1315 1816 tandem,
1349 1735 1458 1808 ηεό
1479 1755 1652 1808 multo
1686 1766 1810 1824 post
1848 1755 1904 1809 in
1940 1770 2146 1812 crucem

2262 1751 2369 1788 νων
2398 1750 2460 1786 τε
2496 1734 2596 1806 ἥδη
2642 1735 2736 1788 καὶ
2769 1734 3075 1805 μελλόντων
3103 1735 3349 1792 ἀποίσειν
3391 1738 3493 1792 οὐκ
3518 1742 3599 1804 είς
3626 1743 3847 1813 μακρὰν

523 1904 527 1917 ε
577 1856 635 1903 et
660 1864 781 1919 qua:
803 1862 1030 1903 crucem
1061 1847 1390 1902 antecedere
1438 1845 1712 1902 debebant
1756 1849 2030 1920 supplicia
2059 1849 2146 1906 de-

2262 1828 2342 1889 είς
2378 1825 2449 1879 τὰ
2485 1825 2581 1879 ἐπὶ
2604 1824 2684 1896 τῷ
2723 1824 2943 1896 σταυρῷ
2984 1824 3082 1880 καὶ
3117 1826 3226 1898 πρὸ
3269 1827 3364 1882 τοῦ
3414 1830 3649 1902 σταυροῦ
3674 1833 3844 1905 πάθη,

2261 1912 2587 1947 υηοηὶέβεη-
2607 1913 2704 1947 τελε-ι
2734 1913 2829 1947 ..ηπ
2853 1914 2990 1947 ..ωλι
3007 1914 3204 1947 mhi-nim
3221 1914 3320 1947 lu...
3348 1916 3506 1947 Ἱλυο...
3528 1932 3543 1947 ο
3563 1920 3818 1947 -..μορ-Δὶ

581 1942 823 2008 ducturi,
850 1941 999 2011 loqui
1049 1941 1270 1994 tandem
1319 1946 1667 1993 cessaturum
1712 1956 1774 1997 se
1806 1941 1986 1998 dixit:
2022 1957 2146 1997 con-

2261 1912 2587 1985 καταλήξειν
2607 1913 2707 1984 ἢδη
2734 1913 2829 1967 τοῦ
2853 1914 2990 1987 πρὸς
3007 1914 3204 1978 αὐτοὺς
3219 1914 3325 1986 ἔφη
3348 1916 3507 1986 λόγου
3528 1932 3543 1947 ’
3563 1920 3848 1989 συνεστάλ-

580 2006 820 2088 tractum
864 2006 1066 2103 quippe
1097 2040 1315 2102 tempus
1355 2041 1408 2086 et
1441 2032 1527 2085 vix
1561 2031 1685 2101 ejus
1720 2033 1928 2104 aliquid
1963 2048 2146 2105 super-

2259 2007 2351 2061 θαι
2382 2006 2492 2077 γὰρ
2515 2006 2611 2060 καὶ
2636 2006 2721 2070 εἰς
2746 2006 2934 2077 μηδὲν,
2963 2008 3151 2077 φησιν,
3169 2008 3362 2065 ἐλάσαι
3391 2010 3484 2064 τὸν
3507 2013 3716 2082 καιρόν.
3734 2013 3845 2083 Τῆς

578 2142 722 2182 esse.
756 2124 1073 2179 Judaaorum
1105 2124 1251 2179 enim
1295 2125 1621 2180 crudelitate
1654 2125 1710 2179 in
1738 2142 1827 2180 me
1878 2127 2159 2204 saeviente,

578 2231 635 2275 et
658 2221 770 2288 jam
801 2219 941 2273 intra
975 2225 1160 2288 portas
1187 2218 1340 2287 ipsas
1378 2217 1698 2283 exsistente,
1735 2232 1843 2272 non
1867 2217 1980 2288 jam
2023 2219 2156 2272 allo-

2258 2099 2369 2170 γάρ
2411 2096 2687 2151 Ἰουδαίων
2716 2098 3033 2169 μιαιφονίας
3069 2098 3291 2173 ἡόώσης
3320 2119 3382 2155 τε
3415 2101 3537 2157 λίαν
3571 2104 3660 2156 ἐπ’
3694 2105 3837 2176 ἐμοὶ,

2257 2192 2354 2245 καὶ
2378 2188 2555 2261 θυρῶν
2575 2188 2708 2244 εἵσω
2731 2190 2917 2246 λοιπὸν
2940 2191 3248 2264 όρωμένης,
3275 2192 3335 2246 οὑ
3355 2194 3615 2266 ῥημάτων
3631 2195 3715 2250 ἔτι
3736 2196 3843 2251 τῶν

580 2283 782 2379 quettdi
828 2322 946 2374 vos,
975 2283 1079 2363 sed
1100 2283 1347 2379 patiendi
1383 2314 1599 2378 tempus
1629 2283 1898 2364 imminet.
1937 2307 2146 2380 Quippe

2258 2283 2395 2357 πρὸς
2428 2284 2594 2355 ὑμᾶς,
2613 2283 2727 2337 ἀλλ’
2745 2283 2911 2337 αὺτδῦ
2934 2285 3028 2339 τοῦ
3052 2285 3247 2340 παθεῖν
3273 2287 3561 2360 ἐνέστηκεν
3582 2291 3610 2343 ὁ
3627 2291 3843 2361 καιρός.

585 2418 605 2453 ι
638 2400 787 2456 venit
818 2398 1074 2469 princeps
1106 2400 1298 2454 mundi
1322 2399 1510 2469 hujus,
1544 2399 1744 2470 inquit,
1770 2401 1905 2455 etin
1932 2417 2017 2456 me
2044 2396 2155 2456 non

583 2493 747 2548 habet
767 2491 1089 2562 quidquam.
1106 2493 1341 2550 )Moriar
1362 2510 1513 2562 vero,
1537 2496 1701 2565 idque
1720 2499 2077 2569 perlibenter,
2101 2507 2156 2555 et

578 2601 679 2656 pro
711 2586 827 2641 vita
863 2586 1107 2641 omnium
1139 2596 1373 2643 mortem
1402 2591 1699 2660 perpetiar,
1741 2591 1920 2648 Patris
1957 2607 2156 2663 nempe

579 2680 886 2732 reverentia
917 2684 972 2733 et
1003 2677 1299 2735 dilectione
1322 2695 1453 2750 erga
1494 2696 1642 2747 eum,
1675 2683 1821 2739 ultro
1855 2699 1941 2739 nte
1985 2684 2152 2740 etiam

576 2768 646 2821 iis
678 2770 881 2838 quibus
915 2785 1072 2826 mens
1105 2780 1375 2843 repugnat
1404 2774 1680 2844 ingeram,
1713 2782 1772 2829 ut
1800 2775 1923 2846 ejus
1951 2778 2154 2832 volun-

577 2869 744 2916 tatem
774 2861 1058 2933 impleam.
1110 2867 1290 2932 Atque
1339 2865 1429 2921 hie
1462 2867 1681 2937 quidem
1717 2868 1823 2924 loci
1883 2872 2151 2940 propositi

576 2967 779 3022 scepus
820 2968 888 3008 ex
926 2953 1015 3009 his
1049 2955 1236 3009 verbis
1280 2956 1611 3013 manifestus
1639 2974 1765 3015 esse
1798 2968 1996 3030 potest.
2046 2944 2149 3018 Sed

577 3044 840 3098 subtilius
909 3060 1034 3099 eum
1070 3045 1377 3103 enodantes
1420 3049 1682 3116 dicimus,
1722 3051 1989 3109 Adamum
2024 3057 2150 3125 qui-

577 3132 700 3188 dem
738 3132 959 3203 generis
991 3136 1170 3189 nostri
1206 3144 1511 3221 auctorem,
1546 3134 1675 3209 quia
1700 3142 1890 3198 datum
1922 3147 2151 3200 manda-

2262 2394 2281 2428 ι
2310 2375 2455 2444 Πλὴν
2482 2375 2623 2443 ἥξει,
2645 2375 2832 2444 φησὶν,
2862 2375 2894 2427 ὀ
2921 2376 3015 2429 τοῦ
3049 2377 3256 2450 κόσμου
3280 2379 3488 2451 ἄρχων,
3510 2382 3608 2437 καὶ
3638 2385 3699 2436 ὲν
3716 2384 3843 2453 ,ἐμοὶ

2255 2465 2370 2536 ἔχει
2397 2465 2573 2520 οὐδέν.
2598 2485 2617 2518 ι
2642 2466 2984 2539 Τεθνήξομαι
3000 2469 3056 2522 δὲ
3073 2470 3166 2524 καὶ
3186 2469 3315 2526 λίαν
3344 2473 3595 2545 ἀσμένως
3627 2475 3724 2528 καὶ
3751 2474 3842 2527 τὸν

2257 2556 2398 2628 ὑπὲρ
2423 2556 2523 2627 τῆς
2557 2556 2813 2611 ἁπάντων
2838 2558 2983 2630 ζωῆς
3006 2562 3384 2635 ὑποστήσομαι
3414 2564 3668 2628 θάνατον,
3703 2567 3844 2621 αίδοῖ

2270 2647 2340 2716 τῇ
2371 2645 2508 2716 πρὸς
2556 2646 2649 2699 τὸν
2671 2647 2975 2720 Γεννήτορα
3004 2651 3098 2704 καὶ
3139 2651 3329 2725 ἀγάπῃ
3371 2657 3439 2726 τῇ
3488 2655 3626 2727 πρὸς
3652 2657 3839 2719 αὐτὸν,

2253 2735 2537 2809 ἐθελοντὴς
2561 2735 2827 2808 ὁμιλήσας
2871 2740 2964 2794 καὶ
2991 2742 3105 2807 τοῖς
3141 2742 3292 2814 παρὰ
3322 2743 3583 2816 γνώμην,
3620 2746 3709 2800 ἴνα
3736 2748 3839 2819 τὴν

2252 2832 2423 2904 αὐτῆς
2467 2833 2742 2906 πληρὼσω
2773 2835 3059 2908 βούλησιν.
3126 2838 3185 2893 '0
3234 2840 3333 2912 μὲν
3377 2837 3582 2896 οὖντοῦ
3620 2861 3843 2915 προκει-

2257 2924 2420 2995 μένου
2458 2926 2658 2990 σκοπὺς
2686 2918 2899 2995 γένοιτο
2927 2929 2995 2983 ἂν
3023 2924 3081 2984 εὖ
3123 2931 3271 3001 μάλα
3304 2933 3363 2987 ἐν
3406 2934 3619 2998 τούτοις
3640 2935 3842 3004 διαφω-

2242 3014 2341 3077 νὶς
2356 3011 2468 3085 [γρ.
2487 3015 2795 3088 διαφανής1ξ
2816 3019 2851 3071 'l
2859 3018 3145 3091 σχνότερον
3163 3020 3221 3073 δὲ
3239 3020 3309 3074 τὰ
3325 3023 3384 3075 ὲν
3406 3023 3556 3094 αὐτῷ
3576 3023 3841 3079 Stat-mica

2255 3121 2458 3169 σοντες,
2496 3107 2671 3160 ἐκεῖνό
2702 3125 2917 3178 φαμεν·
2977 3110 3036 3164 'O
3068 3112 3165 3181 μὲν
3195 3111 3304 3183 γὰρ
3337 3111 3430 3166 τοῦ
3463 3113 3655 3182 γένους
3678 3114 3840 3184 ἡμῶν

578 3234 693 3279 tum
728 3226 1051 3293 violaverat,
1098 3205 1481 3287 exsecratione
1532 3233 1717 3287 divina
1753 3244 1983 3292 mortem
2018 3241 2146 3294 sub-

2257 3195 2566 3268 ἀρχηγέτης
2607 3197 2778 3268 Ἀδάμ
2804 3200 2897 3252 τὸν
2926 3200 2990 3254 ὲκ
3014 3204 3113 3272 τῆς
3143 3198 3293 3266 θείας
3316 3204 3350 3257 ἀ
3359 3205 3459 3274 ρᾶς
3487 3205 3653 3259 ὑπέδυ
3674 3205 3843 3259 θάναι

578 3316 733 3380 iisse,
761 3314 1053 3389 ipsumque
1087 3334 1213 3375 cum
1247 3336 1278 3375 a
1303 3316 1470 3395 854
1502 3325 1706 3395 seipso,
1741 3336 1853 3383 tum
1874 3345 1902 3382 a
1932 3330 2150 3387 diabolo

574 3417 900 3465 accusatum
929 3428 943 3478 ;
983 3412 1159 3467 videri
1191 3424 1371 3470 tamen
1404 3416 1457 3470 id
1488 3427 1714 3488 paSsunt
1739 3436 1862 3477 esse
1886 3423 2057 3492 justis
2083 3425 2151 3480 de

577 3501 805 3555 causis:
843 3516 943 3556 nec
976 3504 1119 3563 enim
1153 3503 1354 3574 injuste
1378 3507 1689 3576 puniuntur
1722 3512 1814 3580 qui
1849 3527 1959 3582 prae
1982 3515 2150 3569 animi

579 3591 812 3662 segnitie
866 3603 1134 3662 peccant;
1182 3597 1486 3652 secundum
1539 3615 1673 3654 vero
1705 3601 1902 3669 Adam,
1954 3605 2006 3657 id
2065 3615 2151 3661 est

578 3680 870 3739 Dominum
896 3695 1148 3741 nostrum
1195 3682 1384 3744 Iesum
1415 3690 1719 3758 Christum,
1750 3696 1955 3751 nullius
1986 3697 2151 3766 plane

576 3774 656 3829 rei
702 3777 957 3832 accusari
1011 3792 1215 3849 posse:
1249 3781 1454 3852 quippe
1506 3801 1524 3833 ι
1564 3787 1659 3855 qui
1702 3796 1988 3855 peceatum
2037 3806 2147 3844 non

576 3866 734 3931 fecit,
787 3882 891 3923 nec
947 3868 1206 3926 inventus
1252 3880 1342 3926 est
1387 3873 1549 3929 dolus
1593 3876 1647 3929 in
1706 3891 1803 3932 ore
1852 3879 2064 3950 ejus",
2124 3902 2143 3934 ι

577 3965 807 4011 mortem
839 3971 938 4028 pro
971 3957 1135 4012 nobis
1160 3960 1408 4028 pertulit,
1445 3963 1652 4019 nullius
1692 3967 1857 4036 plane
1895 3970 2148 4027 criminis

575 4049 860 4112 conscius,
911 4049 1008 4104 sed
1058 4052 1303 4120 seipsum
1355 4069 1456 4124 pro
1489 4056 1599 4110 vita
1639 4060 1886 4115 omnium
1933 4064 2149 4118 redem-

575 4137 782 4208 ptionis
822 4142 1058 4210 pretium
1089 4141 1238 4198 Patri
1267 4143 1531 4212 offerens,
1563 4151 1693 4220 quia
1723 4151 1941 4209 Patrem
1969 4158 2148 4229 diligit

576 4229 765 4283 mundi
825 4232 1059 4287 salutent
1111 4234 1406 4291 sitientem.
1471 4237 1567 4295 Est
1624 4249 1808 4298 autem
1865 4246 2146 4318 diligentis

573 4319 815 4386 Patrem,
848 4326 1076 4380 omnino
1128 4324 1313 4385 facere
1337 4331 1677 4390 voluntatem
1730 4337 1872 4409 ejus,
1913 4348 1968 4396 et
1999 4342 2145 4412 quod

574 4416 958 4470 necessarium
994 4417 1295 4499 visumsit,
1327 4439 1436 4478 non
1467 4432 1568 4497 pr'o
1594 4429 1766 4486 nihilo
1801 4432 2021 4499 habere,
2048 4438 2145 4491 sed

573 4505 764 4589 retiari
803 4507 873 4561 ad
904 4508 1115 4564 exitum
1146 4498 1469 4580 perducere.
1505 4519 1649 4585 Quid
1677 4538 1807 4578 vero
1838 4525 1988 4580 istud
2018 4528 2145 4582 est?

576 4590 758 4650 Voluit
806 4599 1087 4670 proprium
1139 4599 1382 4673 Filium,
1439 4610 1568 4666 licet
1624 4613 1962 4671 conformem
2019 4635 2143 4674 eum

575 4690 787 4747 habens
828 4700 884 4747 et
915 4694 1233 4750 omnimoda
1271 4702 1584 4769 aequalitate
1639 4708 2026 4777 conspicuum,
2089 4690 2141 4765 in

572 4792 781 4839 tantam
839 4787 1032 4843 venire
1086 4788 1480 4849 demissionem
1517 4808 1576 4851 ut
1610 4809 1663 4851 et
1699 4799 1864 4855 homo
1921 4813 2143 4875 prapter

574 4892 674 4932 nos
702 4877 882 4934 iactus
912 4880 1008 4945 sit,
1053 4897 1154 4937 nec
1197 4902 1297 4955 pro
1330 4890 1577 4944 omnium
1611 4892 1720 4945 vita
1750 4902 1982 4950 mortem
2015 4911 2143 4950 eru-

571 4969 775 5024 buerit.
809 4969 923 5027 Hoc
957 4971 1089 5028 fecit
1121 4974 1319 5043 Filius,
1344 4981 1581 5052 diligens
1603 4981 1847 5052 Putrem,
1882 4989 1974 5058 qui
2007 5004 2143 5060 prte-

568 5061 785 5131 eepisse
813 5062 1019 5118 dicitur
1049 5076 1108 5121 ut
1155 5073 1375 5142 propria
1407 5076 1615 5129 virtute
1658 5092 1755 5146 per
1797 5082 1982 5137 carnis
2008 5098 2138 5152 pas-

569 5154 778 5205 sionem
814 5166 1045 5209 tnortem
1085 5157 1447 5224 interimeret,
1475 5172 1530 5221 et
1558 5167 1936 5237 corruptionis
1963 5169 2138 5240 impe-

567 5246 712 5295 rium
743 5253 1034 5312 everteret,
1068 5260 1475 5321 corruptosque
1509 5254 1828 5321 viviﬁcaret,
1865 5269 1919 5312 et
1949 5261 2137 5331 pristi-

566 5348 690 5388 nam
718 5335 802 5390 eis
829 5335 1010 5394 denuo
1055 5341 1291 5412 gloriam
1341 5344 1698 5402 instauraret.
1765 5347 1977 5407 idcirco
2007 5357 2083 5408 ait
2118 5372 2132 5412 :

563 5427 873 5496 Angustum
905 5439 990 5487 est
1027 5441 1267 5504 tempus,
1302 5451 1413 5507 quo
1452 5437 1652 5508 loquar
1682 5440 1967 5497 vobiscum
1999 5463 2015 5512 ;
2051 5445 2136 5500 in-

562 5524 672 5571 stat
697 5520 845 5575 enim
874 5523 1083 5591 passio,
1111 5533 1165 5580 et
1199 5527 1254 5580 in
1289 5538 1423 5582 aestu
1454 5539 1539 5586 est
1577 5533 1725 5603 quod
1759 5534 1811 5589 in
1847 5553 1933 5590 me
1957 5536 2132 5595 Judaei

562 5609 738 5665 moliti
769 5619 897 5666 sunt
924 5611 1160 5670 facinus.
1195 5615 1379 5674 Patiar
1417 5621 1646 5694 lubens,
1687 5630 2133 5703 quandoquidem

558 5778 563 5779 ⁷
632 5782 673 5813 ⁷¹
716 5783 734 5835 l
778 5781 926 5843 Petr.
965 5804 1036 5855 li,
1070 5789 1160 5847 9.2.

2252 3299 2365 3351 τον,
2392 3285 2483 3339 διὰ
2513 3287 2606 3340 τοῦ
2649 3288 2960 3359 παραλῦσαι
2985 3291 3086 3363 τὴν
3118 3291 3366 3347 δοθεῖσαν
3396 3295 3637 3367 ἐντολὴν,
3674 3296 3840 3361 αὑτός

2251 3393 2313 3430 τε
2356 3377 2446 3446 ὑφ’
2490 3378 2688 3432 ἑαυτοῦ
2744 3381 2973 3434 καὶτοῦ
3033 3381 3281 3437 διαϐόλου
3336 3385 3837 3456 κατηγορούμενος,

2240 3469 2502 3538 ’φαίνεταί
2530 3486 2595 3539 γε
2626 3469 2731 3541 μὴν
2769 3473 2856 3524 ἐπ’
2894 3472 3135 3541 εὐλόγοις
3173 3473 3333 3528 τοῦτο
3364 3474 3555 3530 παθὼν
3589 3477 3799 3542 αἰτίαις
3821 3495 3837 3509 ⁸

2251 3562 2440 3628 ἕψεται
2468 3562 2575 3636 γὰρ
2607 3564 2709 3616 οὐκ
2728 3563 2931 3628 ἀδίκως
2955 3567 3068 3628 τοῖς
3093 3566 3158 3618 ὲκ
3181 3564 3454 3637 ῥᾳθυμίας
3483 3569 3841 3638 ἡμαρτηκόσι

2250 3654 2311 3708 τὸ
2332 3648 2661 3718 κολάζεσθαι
2679 3654 2811 3708 δεῖν.
2837 3655 2894 3708 'O
2914 3655 2969 3708 δὲ
2996 3655 3248 3727 δεύτερος
3275 3657 3468 3727 Ἀδὰμ,
3493 3658 3639 3712 τοῦτ’
3663 3659 3836 3723 ἔστιν,

2249 3747 2278 3798 ὁ
2294 3747 2499 3817 Κύριος
2526 3745 2684 3817 ἡμῶν
2716 3746 2926 3817 Ἰησοῦς
2951 3749 2979 3800 ὁ
3000 3749 3256 3818 Χριστὸς,
3295 3749 3380 3803 ἐπ’
3411 3749 3587 3803 οὐδενὶ
3612 3751 3677 3803 τὸ
3697 3750 3839 3820 σύμ-

2252 3855 2360 3891 παν
2402 3838 2827 3909 κατηγορεῖσθαι
2872 3838 3211 3909 δυνάμενος·
3260 3859 3280 3892 ι
3310 3841 3385 3893 Οὐ
3430 3841 3541 3913 γὰρ
3576 3842 3837 3913 ἐποίησεν

2250 3929 2547 4000 ἁμαρτίαν,
2576 3929 2698 3983 οὐδὲ
2726 3929 2924 4002 εὑρέθη
2954 3930 3108 3994 δόλος
3132 3933 3194 3984 ὲν
3209 3931 3289 4003 τῷ
3312 3931 3544 4001 στόματι
3590 3934 3787 3994 αὐτοῦ,
3811 3955 3831 3985 ι

2247 4022 2310 4076 τὸ
2342 4022 2483 4095 ὑπὲρ
2518 4022 2676 4094 ἡμῶν
2711 4022 2921 4092 ὑπέστη
2959 4021 3162 4086 πάθος,
3212 4022 3534 4088 ἀνυπαίτιος
3575 4025 3677 4095 μὲν
3730 4026 3835 4077 ὑπ-

2252 4113 2438 4184 άρχων
2465 4113 2535 4166 δι’
2561 4113 2754 4167 ἑαυτὸν
2782 4112 3083 4177 παντελῶς,
3106 4112 3421 4186 ἀντίλυτρον
3448 4114 3506 4167 δὲ
3527 4115 3628 4186 τῆς
3657 4116 3834 4169 (inda-

2247 4217 2356 4254 των
2388 4199 2532 4272 ζωῆς
2560 4200 2752 4255 ἑαυτὸν
2777 4199 2858 4271 τῷ
2887 4200 3061 4270 Πατρὶ
3093 4200 3576 4274 προσκεκομικὼς,
3607 4204 3830 4272 ἐπειδή-

2247 4308 2356 4363 περ
2394 4291 2585 4362 ἀγαπᾷ
2621 4290 2713 4344 τὸν
2747 4290 2968 4362 Πατέρα
3005 4290 3105 4362 τὴν
3145 4291 3242 4347 τοῦ
3280 4292 3486 4363 κόσμου
3525 4292 3831 4365 διψήσαντα

2249 4380 2544 4452 σωτηρίαν.
2594 4379 2703 4433 Τοῦ
2729 4380 2788 4434 δὲ
2814 4379 3141 4448 ἀγαπῶντος
3190 4381 3284 4436 τὸν
3316 4381 3574 4454 Πατέρα,
3610 4384 3831 4447 πάντως

2247 4471 2419 4542 δήπου
2444 4471 2540 4525 καὶ
2567 4469 2729 4542 ἔργον
2748 4466 2815 4542 ἦν
2836 4469 2897 4524 τὸ
2922 4470 3111 4526 δοκοῦν
3128 4472 3300 4544 αὐτῷ,
3319 4474 3415 4527 καὶ⁸
3437 4474 3496 4526 ἐν
3514 4476 3631 4538 τοϊς
3657 4475 3831 4542 ἀναγ-

2176 4551 2222 4612 D
2252 4562 2427 4626 καίοις
2453 4561 2830 4633 λελογισμένον
2849 4594 2865 4627 ,
2920 4563 2997 4633 μὴ
3025 4564 3156 4636 παρ’
3197 4563 3354 4618 οὐδὲν
3387 4563 3644 4636 ἡγεῖσθαι
3693 4565 3832 4635 μᾶλα

2249 4651 2360 4713 λον,
2418 4651 2558 4705 ἀλλά
2609 4653 2690 4715 είς
2718 4652 2892 4723 πέρας
2914 4651 3071 4720 ἄγειν
3103 4653 3441 4723 ἐπείγεσθαι.
3484 4656 3553 4709 Τί
3581 4656 3642 4710 δὲ
3671 4656 3831 4710 τοῦτο

2246 4736 2348 4808 ἧνς
2405 4739 2664 4811 Ἠθέλησε
2709 4739 2802 4794 τὸν
2835 4739 2962 4794 ἴδιον
2991 4741 3153 4806 Υίὸν,
3205 4742 3384 4797 καίτοι
3418 4743 3742 4815 σύμμορφόν
3767 4762 3829 4798 τε

2246 4828 2384 4899 ἔχων
2419 4828 2611 4894 αὐτὸν,
2641 4829 2736 4882 καὶ
2766 4830 2833 4900 τῇ
2865 4830 3004 4884 κατά
3035 4833 3144 4885 πᾶν
3180 4832 3385 4903 ἰσότητι
3417 4833 3715 4904 διαπρεπῆ.
3746 4838 3830 4895 εἰς

2243 4917 2511 4987 τοσαύτην
2552 4918 2854 4990 καταϐῆναι
2895 4921 3225 4975 ταπείνωσιν
3277 4921 3353 4986 ὡς
3399 4924 3495 4976 καὶ
3534 4923 3826 4995 ἄνθρωπον

2242 5004 2500 5072 γενέσθαι
2534 5004 2601 5057 δι’
2627 5006 2806 5076 ἡμᾶς,
2846 5007 2943 5059 καὶ⁵
2967 5007 3060 5061 τὸν
3088 5009 3228 5081 ὑπὲρ
3254 5010 3364 5064 τῶν
3393 5011 3653 5066 ἁπάντων
3680 5013 3827 5080 ζωῆς

2241 5099 2316 5167 μὴ
2344 5094 2668 5167 ἐρυθριᾶσαι
2698 5096 2949 5151 θάνατον.
2967 5099 3139 5153 Τοῦτο
3167 5101 3450 5174 πέπρακεν
3471 5101 3662 5167 ὀΥίδς,
3684 5104 3829 5168 ἀγα-

2238 5188 2357 5241 πῶν
2391 5190 2483 5241 τὸν
2510 5188 2845 5260 Γεννήτορα,
2889 5186 2983 5243 τὸν
3033 5186 3348 5247 ὲντετάλθαι
3383 5192 3700 5265 λεγόμενον,
3749 5193 3827 5256 ὡς

2239 5275 2346 5347 ἰδίᾳ
2376 5276 2606 5346 δυνάμει
2636 5277 2914 5347 νεκρῶσαι
2950 5274 3048 5349 μὲν
3086 5280 3164 5350 τῷ
3188 5283 3286 5352 τῆς
3311 5282 3512 5353 σαρκὸς
3542 5282 3705 5336 πάθει
3733 5284 3827 5335 τὸν

2234 5360 2460 5422 θάνατον
2479 5409 2493 5432 ,
2531 5368 2592 5422 τὸ
2624 5369 2683 5424 δὲ
2709 5369 2809 5440 τῆς
2856 5364 3063 5442 φθορᾶς
3092 5373 3392 5429 καταλῦσαι
3423 5374 3646 5444 κράτος,
3686 5375 3827 5440 Cmo-

2244 5458 2465 5529 ποιῆσαί
2493 5475 2553 5512 τε
2590 5460 2717 5524 τοὺς
2762 5461 3243 5534 κατεφθαρμένους
3265 5506 3280 5531 ,
3325 5465 3421 5520 καὶ
3452 5465 3553 5537 τὴν
3588 5466 3826 5536 ἀρχαίαν

2240 5547 2422 5611 αὐτοῖς
2456 5542 2613 5612 αὖθις
2639 5549 2940 5605 ἀνανεῶσαι
2968 5543 3146 5616 δόξαν.
3181 5554 3281 5608 Διὰ
3322 5547 3483 5609 τοῦτό
3522 5572 3712 5626 φησιν,
3739 5557 3826 5611 δτι

2239 5636 2431 5702 Στενὸς
2473 5639 2570 5711 μὲν
2600 5642 2629 5693 ὁ
2654 5641 2762 5696 τῶν
2787 5642 2961 5712 λόγων
2989 5645 3179 5716 καιρός
3200 5662 3216 5679 ο
3248 5647 3548 5703 είσελαύνει
3576 5647 3682 5717 γάρ
3716 5649 3828 5720 ἤδη
