3992 6316
189 316 299 373 529

1249 313 1313 367 ΙΝ
1343 312 1626 368 JOANNIS
1665 310 2106 367 EVANGELIUM
2150 312 2276 368 LIB.
2304 313 2372 368 Χ.

3321 310 3427 367 350

191 434 253 486 τὸ
285 431 486 496 πάθος,
547 431 639 483 καὶ
682 432 741 483 τὸ
773 430 879 484 τῶν
927 430 1190 484 Ἰουδαίων
1229 429 1314 482 ἐπ’
1357 430 1480 500 ἐμοὶ
1511 429 1759 497 λογισθέν

1885 429 1934 483 ιι)
1959 429 2105 483 istud
2127 433 2268 484 veni.
2309 428 2692 484 Verumtamen
2723 449 2740 481 ι
2777 427 2922 484 venit
2955 427 3212 497 princeps
3239 433 3427 488 mundi

191 521 468 590 ἀνεκαύθη
493 520 768 592 τόλμημα.
829 521 1094 591 Πείσομαι
1144 521 1251 590 γὰρ
1287 519 1586 591 ἐθελοντὴς,
1615 520 1763 573 ἐπεί-

193 631 302 685 περ
335 614 573 682 ἀφῖγμαι
600 612 686 664 διά
711 611 888 667 τοῦτο.
930 611 1076 682 Πλὴν
1100 629 1117 661 ι
1140 613 1357 682 ἔρχεται
1382 614 1410 665 6
1438 612 1530 664 τοῦ
1561 612 1764 681 κόσμου

191 704 410 774 ἄρχων,
452 703 547 755 καὶ
589 703 648 754 ἐν
682 703 804 772 ἐμοὶ
848 702 945 754 οὑκ
986 701 1096 771 ἔχει
1135 702 1318 754 οὑδέν·
1353 721 1370 754 ο
1415 701 1560 754 τοῦτ’
1596 702 1765 768 ἔστιν,

192 795 308 864 Οὐχ
343 793 622 863 ἁλώσομαι
657 792 1138 862 πεπλημμεληκὼς
1157 835 1170 857 ,
1201 793 1315 846 ἀλλ’
1347 793 1468 846 οὑδὲ
1499 792 1768 864 πρόφασις

194 883 346 936 ἔσται
375 886 486 946 τοῖς
526 882 799 945 Ἰουδαίοις
834 883 933 952 τῆς
961 885 1041 946 εἰς
1071 884 1168 952 ἐμὲ
1200 883 1482 954 παροινίας
1509 883 1727 951 εὔλογος
1751 899 1765 912 ·

161 968 352 1026 ὀὺδέν
380 974 436 1025 ἐν
472 973 594 1041 ἐμοὶ
638 971 747 1024 τῶν
777 973 921 1025 ἰδίων
965 975 992 1026 6
1036 973 1281 1038 διάϐολος
1325 975 1457 1044 ἔχει.
1494 976 1631 1029 Ἰδια
1661 974 1768 1045 γάρ

195 1065 386 1135 ῶσπερ
413 1065 623 1118 ἐκείνου
657 1065 723 1118 τά
753 1065 955 1134 φαῦλα,
983 1065 1076 1118 καὶ
1105 1068 1200 1132 τῆς
1237 1067 1509 1138 ἁμαρτίας
1547 1069 1580 1136 ὴ
1613 1067 1769 1135 γένε-

197 1174 285 1219 σις
316 1157 522 1208 ἐκεῖνον
559 1151 695 1208 οἶδεν
740 1156 936 1225 ἀρχήν.
981 1155 1101 1208 Ὅτι
1129 1155 1184 1208 se
1214 1154 1419 1226 ἀληθὴς
1461 1154 1554 1207 τοῦ
1590 1155 1768 1224 Σωτῆ-

197 1261 293 1317 ρος
319 1247 347 1298 6
385 1245 540 1312 λόγος
559 1284 572 1308 ,
630 1244 862 1314 μάλιστα
912 1246 1008 1315 μέν
1038 1245 1132 1298 καὶ
1165 1244 1223 1308 ἐξ
1251 1245 1422 1314 αὑτῆς
1452 1245 1655 1298 κατίδοι
1685 1261 1770 1306 τις

196 1337 265 1390 ἂν
294 1336 395 1406 τῆς
437 1335 776 1399 ἀκολουθίας.
830 1335 955 1400 Πῶς
991 1336 1096 1405 γάρ
1122 1336 1428 1406 ἐξήμαρτεν
1455 1338 1482 1389 6
1513 1337 1586 1406 μὴ
1617 1335 1770 1398 εἰδὼς

195 1428 504 1497 ἁμαρτίαν,
551 1429 578 1479 6
610 1426 766 1495 φύσει
809 1428 902 1480 καὶ
933 1428 1156 1498 ἀληθείᾳ⁴
1191 1428 1353 1491 Θεὸς,
1385 1428 1636 1497 ότροπῆς
1670 1427 1771 1496 τῆς

194 1516 291 1568 ἐπί
312 1533 361 1568 τι
380 1515 485 1568 τῶν
511 1517 609 1568 οὑκ
633 1516 866 1586 ἐχόντων
887 1516 1062 1585 ὀρθῶς
1087 1515 1436 1579 ἀνεπίδεκτος
1461 1515 1768 1579 παντελῶς;

195 1608 312 1677 Οὑχ
339 1609 539 1678 ἥκιστα
577 1608 632 1660 δὲ
667 1609 761 1660 καὶ
785 1608 851 1660 δι’
871 1607 1048 1660 αὑτῶν
1065 1607 1308 1678 ὀψόμεθα
1332 1607 1490 1660 τοῦτο
1515 1607 1622 1660 τῶν
1644 1607 1772 1660 ἀνα-

196 1699 601 1769 γεγραμμένων
635 1700 691 1752 ἐν
740 1702 851 1758 τοῖς
882 1698 1057 1768 ἁγίοις
1100 1699 1528 1768 εὑαγγελισταῖς.
1581 1700 1636 1754 '0
1673 1701 1770 1770 μὲν

1870 521 2056 588 hujus,
2086 522 2220 574 etin
2271 536 2357 575 me
2403 535 2510 574 non
2565 520 2723 575 habet
2755 519 3080 590 quidquam,
3125 540 3142 572 ι
3195 523 3296 576 hoc
3323 534 3428 592 est,

1869 625 1975 665 non
2017 611 2314 665 convincar
2347 613 2581 681 peccati,
2615 627 2796 681 neque
2830 627 2996 680 porro
3019 611 3193 667 Judaei
3229 630 3342 669 sua:
3376 616 3432 669 in

1870 716 1954 754 me
1990 702 2310 770 petulantiae
2329 711 2382 756 et
2413 701 2992 772 immanitatisjustam
3017 703 3182 756 ullam
3211 718 3432 758 causam

1871 785 2121 841 habituri
2152 798 2312 852 sunt,
2343 788 2480 842 nihil
2510 789 2564 842 in
2597 804 2683 845 me
2717 790 2819 845 sibi
2861 791 3110 845 vindicat
3159 792 3430 847 diabolus.

1869 876 2096 947 Propria
2153 879 2354 949 quippe
2386 880 2506 948 ejus
2547 889 2676 936 sunt
2713 881 2879 946 mala,
2935 892 2990 937 et
3039 884 3242 952 peccati
3283 885 3432 954 origo

1871 970 2175 1039 principem
2205 979 2259 1026 et
2286 980 2569 1026 auctorem
2602 987 2730 1028 eum
2766 973 3037 1044 agnoscit.
3071 973 3226 1040 Quod
3253 983 3433 1029 autem

1870 1074 2034 1115 verus
2067 1062 2140 1115 sit
2171 1062 2260 1117 ille
2290 1077 2474 1117 sermo
2503 1063 2831 1127 Salvatoris.
2855 1079 2919 1119 ex
2947 1064 3068 1135 ipso
3092 1066 3432 1135 potissimum

1867 1152 2057 1207 ordine
2090 1161 2143 1207 et
2179 1154 2322 1208 serie
2382 1155 2676 1209 verborum
2725 1157 2856 1212 licet
2915 1170 3235 1226 agnoscere.
3286 1157 3435 1222 Quo.

1871 1244 2034 1298 modo
2063 1244 2210 1298 enim
2242 1246 2488 1314 peccavit
2526 1244 2621 1315 qui
2645 1253 2931 1314 peccatum
2979 1260 3093 1302 non
3127 1248 3312 1314 novit,
3346 1249 3436 1302 ille

1871 1345 2072 1392 natura
2095 1347 2149 1393 et
2185 1339 2415 1394 veritate
2450 1337 2614 1404 Deus,
2662 1340 2865 1411 quique
2909 1340 3046 1394 nihil
3082 1341 3134 1395 in
3198 1356 3258 1396 se
3287 1344 3436 1412 pravi

1872 1429 2158 1499 suscipere
2197 1445 2436 1500 unquam
2463 1431 2682 1500 possit?
2707 1429 2892 1500 Neque
2915 1447 3046 1486 vero
3079 1432 3262 1488 minus
3294 1433 3345 1487 id
3371 1450 3434 1488 ex

1872 1519 2010 1588 ipsis
2037 1529 2352 1576 sanctorum
2381 1523 2840 1594 evangelistarum
2864 1525 3084 1594 scriptis
3109 1525 3436 1581 videbimus.

1875 1609 2332 1680 Sapientissimus
2391 1614 2593 1683 quippe
2644 1611 2890 1669 Joannes
2937 1612 3172 1669 Pilatum
3224 1615 3439 1672 induxit

1872 1703 2144 1756 dicentem
2171 1722 2183 1757 :
2221 1723 2240 1754 ι
2280 1702 2391 1774 Ego
2417 1705 2620 1758 nullam
2647 1705 2864 1760 invenio
2887 1705 2940 1760 iu
2965 1721 3029 1761 eo
3060 1721 3284 1762 causam
3302 1705 3383 1774 7';
3415 1727 3434 1758 υ

195 1790 310 1860 γὰρ
359 1790 666 1860 σοφώτατος
717 1791 970 1861 Ἰωάννης
1019 1793 1109 1844 τὸν
1153 1793 1384 1846 Πιλάτον
1424 1786 1772 1862 εἰσκεκόμικε

1885 1803 1928 1849 et
1957 1809 2174 1860 rursus,
2211 1795 2402 1864 spinea
2443 1810 2647 1850 corona
2698 1797 2953 1866 imposita
2999 1797 3328 1852 clamantem
3377 1813 3440 1851 ac

196 1883 427 1949 λέγοντα
447 1899 459 1913 ·
489 1902 506 1932 ι
531 1879 670 1950 Ἐγὼ
699 1883 956 1952 οὐδεμίαν
987 1883 1164 1938 αἰτίαν
1196 1884 1434 1954 εὑρίσκω
1462 1883 1519 1935 ἐν
1539 1882 1688 1954 αὑτῷ
1708 1899 1720 1912 ·
1750 1902 1767 1934 ι
1797 1930 1799 1932 .

201 1974 298 2025 καὶ
330 1973 494 2026 πάλιν
541 1974 677 2044 μετὰ
707 1974 769 2026 τὸ
797 1973 1067 2026 ἐπιθεῖναι
1099 1974 1358 2043 στέφανον
1396 1975 1486 2027 τὸν
1516 1973 1575 2040 ἐξ
1603 1976 1772 2027 ἀκαν-

203 2064 346 2126 θῶν,
400 2064 822 2134 προσφωνοῦντα
873 2065 964 2118 κα)⁵
1008 2064 1253 2133 λέγοντα·
1285 2083 1304 2116 ‹
1338 2066 1443 2118 Ἴδε
1470 2066 1586 2134 ἄγω
1615 2065 1774 2119 αὑτὸν

204 2157 338 2225 ὑμῖν
361 2155 482 2221 ἔξω,
512 2156 597 2208 ἵνα
618 2155 811 2224 γνῶτε,
845 2156 931 2209 ὅτε
955 2156 1207 2226 οὐδεμίαν
1242 2157 1421 2210 αἰτίαν
1449 2157 1688 2226 εὑρίσκω
1717 2161 1774 2210 ἐν

202 2247 376 2316 αὑτῷ.
408 2265 427 2298 ι
485 2247 542 2301 '0
569 2247 628 2300 δέ
656 2264 719 2315 γε
744 2246 1020 2310 Ματθαῖος
1043 2249 1122 2311 εἰς
1142 2247 1412 2317 τοσαύτην
1441 2247 1599 2300 αὑτὸν
1625 2265 1778 2318 μισο-

203 2339 471 2410 πονηρίαν
495 2340 717 2410 ἀφῖχθαί
753 2357 950 2412 φησιν,
979 2340 1054 2405 ὡς
1091 2340 1184 2393 καὶ
1216 2327 1582 2409 ἀπονίψασθαι
1617 2342 1778 2395 αὑτὸν

199 2433 318 2491 τοῖς
357 2428 630 2494 Ἰουδαίοις
653 2430 752 2493 τὰς
781 2434 969 2500 χεῖρας
1001 2430 1094 2485 καὶ
1131 2434 1303 2484 εἰπεῖν
1328 2446 1340 2460 °
1377 2451 1394 2482 ι
1437 2431 1637 2494 Ἀθῶός
1663 2434 1778 2503 εἰμι

202 2527 315 2580 ἀπὸ
338 2525 430 2578 τοῦ
452 2527 682 2596 αἵματος
707 2527 801 2580 τοῦ
829 2526 1036 2579 δικαίου
1063 2527 1269 2579 τούτου.
1286 2534 1318 2578 ⁸»
1369 2527 1484 2578 Ἐπ’
1519 2526 1698 2579 αὑτῶν
1724 2525 1780 2580 δέ

198 2617 315 2670 τῶν
375 2616 675 2688 ἀρχιερέων
743 2617 1226 2686 εἰσκεκομισμένον
1287 2617 1418 2685 ἡμῖν
1488 2615 1776 2681 ἐπιδείξας,

197 2706 346 2760 οῦτω
382 2707 546 2777 φησίν
569 2725 582 2738 ο
615 2727 633 2758 ‹
665 2709 728 2760 Οί
754 2708 809 2761 δέ
834 2709 1110 2778 ἀρχιερεῖς
1150 2708 1240 2760 καὶ
1267 2708 1325 2760 τὸ
1359 2707 1632 2776 συνέδριον
1661 2705 1778 2758 ὅλον

200 2799 435 2869 ἐζήτουν
474 2799 950 2870 ψευδομαρτυρίαν
988 2797 1130 2850 κατά
1176 2797 1272 2850 τοῦ
1315 2797 1589 2867 Χριστοῦ,
1634 2796 1781 2858 ὅπως

200 2891 369 2944 αὑτὸν
404 2889 756 2944 θανατώσωσι
779 2934 793 2953 ,
829 2891 922 2944 καὶ
958 2891 1056 2960 οὑχ
1081 2883 1266 2960 εὖρον,
1315 2886 1522 2940 πολλῶν
1552 2885 1780 2958 προσελ-

203 2985 412 3038 θόντων
453 2980 932 3052 ψευδομαρτύρων.
983 2981 1046 3033 Εἰ
1081 2979 1189 3051 γὰρ
1239 2979 1335 3033 καὶ
1375 2978 1443 3031 δι’
1482 2977 1783 3049 ἀνθρώπιον

205 3075 454 3144 ἐζητεῖτο
482 3073 549 3128 τὰ
581 3072 700 3126 κατ’
727 3073 907 3134 αὑτὸν,
941 3072 1056 3124 ἀλλ’
1085 3071 1160 3134 ὡς
1181 3070 1434 3142 ὀργάνοις
1461 3069 1555 3122 καὶ
1585 3070 1785 3139 ὑπουρ-

1875 1885 2186 1940 dicentem:
2225 1904 2243 1937 ι
2309 1887 2452 1942 Ecce
2497 1887 2715 1942 adduco
2761 1889 2919 1943 vobis
2967 1903 3091 1942 eum
3143 1889 3330 1945 foras:
3383 1900 3442 1944 ut

1875 1977 2222 2047 cognoscatis
2246 1977 2374 2047 quia
2399 1979 2607 2033 nullam
2639 1978 2857 2033 invenio
2889 1980 2943 2033 in
2984 1993 3049 2034 eo
3079 1995 3302 2036 causam
3319 1981 3386 2036 ".
3419 2002 3434 2033 ι

1878 2067 2168 2123 ηοιιιιαιιιε
2231 2083 2362 2123 vero
2423 2067 2738 2124 Judaaorum
2797 2070 3108 2140 nequitiam
3163 2080 3444 2141 tantopere

1877 2160 2231 2214 abhorruisse
2249 2161 2401 2214 illum
2428 2159 2643 2223 scribit,
2665 2166 2800 2213 utet
2823 2174 3009 2214 coram
3027 2159 3231 2215 Judaais
3250 2175 3442 2217 manus

1875 2249 2039 2320 855
2095 2250 2353 2316 abluerit,
2385 2264 2449 2304 ac
2485 2249 2723 2303 dixerit:
2759 2267 2779 2300 ι
2818 2249 3089 2305 lnnocens
3118 2265 3220 2321 ego
3256 2267 3380 2307 sum
3415 2269 3443 2308 a

1877 2341 2150 2411 sanguine
2176 2341 2316 2410 justi
2356 2341 2523 2412 hujus
2544 2340 2610 2393 ".
2651 2359 2670 2393 ι
2703 2340 2785 2395 Ad
2825 2340 2976 2410 ipsos
3008 2351 3189 2396 autem
3220 2343 3444 2411 pontiﬁ-

1879 2448 1969 2488 ces
2005 2433 2308 2488 adductum
2339 2448 2463 2488 eum
2498 2432 2820 2500 ostendens,
2853 2434 2933 2488 sic
2970 2434 3202 2489 scribit:
3236 2454 3252 2487 ι
3289 2435 3445 2491 Prin-

1879 2525 2030 2594 cipes
2061 2531 2242 2579 autem
2285 2524 2628 2580 sacerdotum
2666 2531 2720 2579 et
2758 2539 2920 2579 omne
2961 2527 3258 2580 concilium
3300 2543 3447 2598 qua:-

1881 2616 2076 2670 rebant
2130 2615 2328 2670 falsum
2367 2615 2744 2670 testimonium
2780 2624 2974 2671 contra
3009 2617 3290 2673 Christum
3313 2661 3327 2685 ,
3389 2629 3448 2674 ut

1880 2722 2004 2760 eum
2033 2706 2193 2760 morti
2217 2707 2520 2772 traderent,
2542 2712 2595 2761 et
2623 2721 2733 2760 non
2763 2707 3112 2772 invenerunt,
3137 2723 3262 2762 cum
3293 2709 3446 2764 multi

1881 2797 2002 2850 falsi
2056 2805 2226 2851 testes
2275 2797 2646 2852 accessissent
2667 2797 2736 2848 "'.
2799 2817 2818 2850 ι
2859 2795 3105 2853 Tametsi
3149 2798 3294 2853 enim
3353 2813 3450 2869 per

1884 2888 2133 2942 homines
2179 2888 2298 2956 ejus
2353 2887 2616 2956 perdendi
2670 2903 2849 2943 causa:
2903 2889 3332 2958 quaerebantur,
3383 2890 3449 2947 iis

1884 2985 2066 3032 tamen
2131 2986 2394 3046 tanquam
2464 2977 2850 3033 instrumentis
2901 2993 2964 3033 ac
3011 2979 3280 3035 ministris
3340 2996 3453 3036 suae

1888 3067 2248 3140 malignitatis
2277 3069 2529 3124 diabolus
2555 3069 2832 3134 utebatur,
2873 3079 2927 3124 et
2958 3069 3076 3140 ipse
3115 3079 3235 3125 erat
3269 3071 3451 3140 potius

207 3168 329 3234 γοτς
356 3165 456 3234 τῆς
484 3163 707 3233 ἐνούσης
749 3162 898 3232 αὑτῷ
936 3161 1263 3232 δυστροπίας
1310 3161 1510 3232 ἐχρῆτο
1545 3159 1573 3211 ὁ
1605 3158 1783 3212 διάϐο-

1885 3176 2047 3232 quam
2082 3159 2222 3216 alius
2256 3161 2350 3230 qui
2387 3167 2671 3230 peccatum
2708 3161 2762 3214 in
2792 3175 2869 3216 eo.
2895 3161 3198 3231 quaerebat.
3252 3159 3452 3216 Verum

205 3257 323 3320 λος,
351 3256 443 3308 καὶ
470 3255 632 3318 αὑτὸς
667 3250 736 3325 ἦν
766 3253 992 3323 μᾶλλον,
1038 3253 1182 3323 ἥπερ
1212 3251 1399 3320 ἕτερός
1435 3267 1518 3312 τις
1544 3252 1572 3302 6
1605 3251 1783 3319 εὑρεῖν

1885 3262 1968 3308 est
2023 3253 2193 3324 igitur
2239 3251 2375 3306 nihil
2410 3253 2464 3304 in
2520 3266 2587 3307 eo
2638 3251 2744 3307 sibi
2801 3253 3114 3308 vindicasse
3152 3253 3454 3321 diabolum,

208 3354 269 3402 ἐν
295 3347 446 3418 αὑτῷ
473 3346 651 3417 ζητῶν
673 3345 1070 3416 πλημμέλημα.
1103 3342 1312 3396 Οὑκοῦν
1331 3341 1547 3412 ἀληθὲς,
1569 3343 1651 3396 ὅτι
1682 3342 1783 3395 τῶν

1885 3362 2044 3418 quem
2067 3345 2254 3400 mundi
2277 3345 2578 3415 principem
2605 3345 2766 3401 etiam
2788 3345 3106 3416 impra’sens
3131 3345 3453 3411 nominavit,

213 3441 364 3494 ἰδίων
385 3439 536 3493 οὐδὲν
567 3435 713 3508 εἶχεν
742 3441 770 3490 6
797 3437 1038 3500 διάϐολος
1074 3438 1131 3489 ἐν
1161 3434 1328 3506 αὐτῷ,
1355 3434 1412 3488 ὃν
1433 3435 1528 3487 καὶ
1555 3434 1792 3505 ἄρχοντα

209 3530 307 3582 τοῦ
344 3530 548 3600 κόσμου
578 3528 715 3599 πρὸς
759 3531 820 3580 τδ
851 3525 1022 3596 παρὸν
1060 3525 1342 3595 ὠνόμασεν
1363 3563 1379 3588 ,
1426 3525 1524 3594 οὐχ
1555 3524 1631 3586 ὡς
1662 3523 1792 3593 άλη-

211 3621 327 3684 θῶς
354 3620 479 3673 ὄντα
502 3619 768 3688 δεσπότην
785 3660 798 3684 ,
842 3617 958 3672 ἀλλ’
981 3619 1169 3688 ῶσπερ
1192 3615 1316 3669 τινὰ
1351 3615 1791 3683 τῶνκάλιτηρίων

215 3711 508 3782 βαρϐάρων
558 3708 873 3776 πλεονεξίας
913 3709 1062 3781 νόμῳ
1122 3709 1471 3779 κρατήσαντα
1513 3705 1622 3758 τῶν
1673 3705 1791 3758 κατ’

213 3803 409 3857 οὐδένα
449 3802 650 3873 τρόπον
695 3800 1080 3870 προσηκόντων
1105 3797 1272 3868 αὑτῷ.
1332 3797 1452 3867 Ὑφ’
1488 3795 1663 3866 ἐαυτῷ
1685 3794 1794 3865 γὰρ

216 3893 514 3963 ἐποιήσατο
546 3891 634 3945 διὰ
659 3891 757 3962 τῆς
787 3888 1060 3960 ἁμαρτίας
1089 3888 1178 3940 τὸν
1212 3887 1529 3958 ἄνθρωπον,
1571 3887 1663 3939 καὶ
1690 3885 1795 3939 ῶσ-

220 4004 331 4056 περ
404 3984 528 4038 τινά
581 3984 816 4054 ποίμνην
863 3979 1286 4051 ἀνεπιστάτητον
1347 3977 1789 4049 άποὸουκολήσας

215 4076 358 4129 Θεοῦ
383 4117 397 4141 ,
457 4075 563 4127 τῶν
590 4072 883 4145 ἀλλοτρίων
927 4073 1168 4142 ἐκράτει.
1232 4071 1519 4141 Τοιγάρτοι
1571 4070 1661 4122 καὶ
1689 4068 1789 4138 τῆς

219 4166 365 4221 οῦτω
403 4166 753 4236 πορισθείσης
781 4164 955 4236 ἀρχῆς
979 4163 1199 4225 δικαίως
1229 4161 1574 4231 ἐκϐέϐληται.
1617 4160 1791 4214 Βεσα-

222 4258 442 4311 σίλευκε
485 4259 592 4328 γάρ
627 4257 710 4326 ἐφ’
738 4258 884 4328 ἡμᾶς
917 4259 944 4310 6
982 4255 1232 4325 Χριστός.
1279 4253 1370 4307 Διό
1409 4271 1578 4324 φησί’
1636 4272 1652 4304 ι
1681 4254 1793 4310 Νῦν

1887 3453 1994 3492 non
2024 3438 2185 3509 quasi
2215 3452 2343 3492 vere
2370 3438 2442 3492 sit
2473 3437 2622 3493 illius
2655 3436 2936 3500 dominus,
2980 3437 3076 3491 sed
3116 3437 3208 3506 qui
3249 3437 3457 3492 eﬂ‘erati

1889 3530 2112 3586 barbari
2140 3529 2427 3598 cujusdam
2461 3530 2639 3584 instar
2669 3527 2978 3598 tyrannidis
3008 3529 3125 3598 lege
3149 3543 3272 3598 quae
3299 3528 3366 3582 ad
3399 3544 3460 3584 se

1889 3621 2040 3675 nullo
2072 3619 2235 3674 modo
2261 3620 2540 3689 pertinent
2585 3619 2869 3673 invaserit.
2908 3616 3197 3672 Hominem
3257 3619 3456 3688 quippe

1891 3724 2005 3766 suae
2029 3708 2262 3763 ditionis
2294 3707 2428 3762 fecit
2457 3722 2554 3777 per
2590 3717 2898 3776 peccatum,
2936 3714 2990 3758 et
3037 3720 3254 3775 gregem
3288 3705 3459 3760 veluti

1889 3801 2178 3874 quemdam
2210 3808 2431 3870 pastore
2453 3799 2776 3855 destitutum
2808 3799 2999 3869 procul
3023 3813 3052 3851 a
3077 3797 3187 3854 Deo
3211 3798 3459 3868 abigens,

1895 3895 2073 3950 aliena
2107 3891 2328 3948 invasit.
2375 3889 2725 3960 Proindeque
2783 3888 3098 3960 principatu
3161 3887 3263 3942 hoc
3298 3887 3460 3942 modo

1893 3989 2161 4051 occupato
2208 3978 2333 4050 jure
2363 3979 2588 4034 excidit.
2627 3978 2899 4048 Regnavit
2934 3979 3080 4033 enim
3150 3993 3315 4046 super
3361 3991 3462 4031 nos

1895 4072 2172 4128 Christus.
2198 4069 2408 4126 Idcirco
2437 4070 2513 4124 ait
2537 4091 2550 4124 :
2581 4089 2599 4120 ι
2629 4069 2783 4124 Nunc
2810 4069 3066 4140 princeps
3087 4067 3253 4137 hujus
3277 4065 3463 4121 mundi

1897 4161 2152 4236 cjicietur
2181 4162 2368 4230 foras;
2398 4173 2452 4218 et
2497 4178 2601 4234 ego
2635 4161 2680 4218 si
2731 4162 3006 4217 exaltatus
3046 4160 3200 4216 fuero
3231 4174 3260 4212 a
3297 4168 3462 4223 terra,

1899 4259 2080 4313 omnia
2108 4257 2318 4311 traham
2352 4253 2418 4308 ad
2443 4255 2709 4324 meipsum
2735 4252 2804 4307 ⁷⁸.
2845 4271 2864 4304 ›

220 4352 250 4403 ό
305 4351 490 4418 ἄρχων
535 4346 630 4400 τοῦ
677 4347 882 4416 κόσμου
941 4345 1130 4398 τούτου
1198 4343 1590 4414 ἐκϐληθήσεται
1658 4345 1794 4413 ἔξω,
1836 4349 1986 4418 κάγὼ
2031 4347 2126 4401 ἐὰν
2159 4345 2357 4416 ὑψωθῶ
2385 4347 2447 4400 ἐκ
2476 4345 2573 4414 τῆς
2603 4343 2735 4412 γῆς,
2787 4342 2992 4404 πάντας
3057 4340 3267 4394 ἑλκύσω
3335 4335 3468 4408 πρὸς

223 4441 483 4513 ἐμαυτόν.

307 4535 638 4602 Ἐγείρεσθε
658 4574 671 4596 ,
709 4533 943 4600 ἄγωμεν
970 4529 1268 4584 ἐντεῦθεν.

307 4627 368 4680 Ὀ
418 4627 514 4694 μὲν
557 4628 733 4688 κοινὸς
775 4629 886 4689 τοῖς
926 4624 1136 4686 πολλοῖς
1173 4624 1268 4676 καὶ
1319 4623 1677 4691 τετριμμένος
1707 4621 1802 4674 τοῦ

226 4717 593 4788 προκειμένου
622 4718 779 4786 λόγος
803 4718 982 4769 ἐκεῖνο
1010 4715 1191 4767 δίδωσι
1217 4715 1355 4766 νοεῖν
1374 4752 1388 4777 ,
1422 4711 1497 4774 ὡς
1524 4711 1749 4780 ἐπείπερ
1776 4713 1804 4764 ό

226 4811 331 4880 τῆς
373 4809 643 4862 Ἰουδαίων
676 4807 928 4870 ἀπονοίας
954 4806 1234 4868 εἰσελάσας
1260 4804 1360 4876 ἤδη
1389 4805 1578 4875 καιρὸς
1614 4822 1802 4874 μονον-

227 4902 356 4970 ουχὶ
413 4899 698 4969 πεπηγότα
733 4897 918 4951 λοιπὸν
955 4895 1046 4948 τὸν
1073 4897 1249 4964 τίμιον
1287 4893 1381 4946 τοῦ
1410 4894 1657 4963 Σωτῆρος
1687 4896 1806 4948 ἐπι-

229 4991 469 5046 δεικνύει
498 4991 746 5060 σταυρὸν,
765 4991 840 5052 εἰς
863 4988 1099 5050 ἐκείνους
1119 4985 1442 5056 ἀποτρέχειν
1458 4986 1582 5047 τοὺς
1605 4985 1805 5048 τόπους

233 5083 370 5153 ὁμοῦ
399 5086 514 5146 τοῖς
531 5083 704 5151 άγίοις
734 5081 1000 5152 μαθηταῖς
1029 5079 1287 5148 ἠπείγετο
1305 5115 1319 5140 ,
1342 5079 1398 5130 ἐν
1423 5074 1616 5148 οἷσπερ
1646 5077 1806 5130 αὑτὸν

237 5175 410 5244 ἡτῶν
442 5174 729 5246 ὑπηρετῶν
775 5172 1096 5226 συνελάὸετο
1139 5170 1374 5244 εὑροῦσα
1428 5172 1648 5242 σπεῖρα.
1696 5172 1809 5224 Καὶ

239 5267 465 5330 πιθανὸς
501 5266 600 5336 μὲν
625 5267 653 5319 6
675 5264 799 5328 νοῦς
825 5282 839 5295 ’
892 5264 1030 5334 πλὴν
1073 5263 1218 5326 εἰκός
1253 5279 1310 5315 τε
1349 5263 1444 5316 καὶ
1472 5260 1656 5331 ἕτερον
1689 5261 1809 5314 ἐθέ-

240 5355 350 5410 λειν
394 5354 693 5426 ὑποδηλοῦν
743 5352 1108 5424 πνευματικὸν
1144 5351 1385 5422 δηλονότι
1425 5351 1518 5404 καὶ
1567 5366 1812 5420 κεκρυμ-

1835 4535 1877 4587 D
1979 4523 2115 4588 XIV,
2140 4523 2226 4578 51.
2257 4520 2486 4589 Surgite,
2512 4533 2692 4572 caurus
2718 4517 2857 4570 hinc.

1971 4613 2293 4668 Communis
2342 4610 2484 4680 apud
2522 4609 2726 4663 multos
2785 4613 2840 4662 et
2880 4605 3007 4662 trita
3040 4607 3205 4676 hujus
3239 4608 3344 4663 loci
3376 4625 3471 4664 ex-

1903 4706 2101 4776 positio
2129 4712 2235 4768 est,
2271 4702 2557 4765 nimirum,
2590 4702 2722 4770 quia
2761 4697 2976 4754 Iudaici
3013 4697 3222 4754 furoris
3256 4708 3469 4768 tempus

1901 4798 2161 4863 ingruens
2182 4793 2480 4864 pretiosam
2505 4789 2816 4845 Servatoris
2837 4803 3056 4844 crucem
3079 4788 3468 4858 propemodum

1902 4886 2136 4941 deﬁxam
2168 4882 2515 4950 ostendebat,
2566 4880 2776 4936 idcirco
2819 4880 2886 4935 ad
2931 4894 2995 4934 ea
3027 4878 3144 4934 loca
3183 4893 3289 4932 una
3344 4893 3470 4933 cum

1904 4979 2115 5032 sanctis
2165 4972 2456 5044 discipulis
2507 4971 2686 5041 ipsum
2745 4967 3099 5030 contendere,
3162 4966 3216 5019 in
3268 4967 3469 5034 quibus

1901 5084 2025 5124 eum
2073 5066 2368 5122 satellitum
2398 5063 2598 5119 cohors
2633 5069 2905 5131 repertum
2933 5058 3363 5128 comprehendit.
3405 5056 3470 5111 Et

1903 5159 1993 5213 hic
2039 5157 2260 5229 quidem
2315 5169 2513 5211 sensus
2560 5161 2644 5209 est
2688 5150 3033 5206 verisimilis:
3098 5156 3472 5204 verumtamen
3558 5200 3560 5202 ,

1906 5251 2073 5305 alium
2098 5248 2410 5320 quemdam,
2432 5243 2735 5315 spiritalem
2762 5239 3019 5294 videlicet
3049 5245 3104 5292 et
3132 5238 3467 5301 abstrusum,

1901 5341 2059 5410 juvat
2089 5339 2355 5394 indicare.
2383 5334 2736 5390 Mutationem
2767 5328 2969 5400 quippe
2998 5343 3062 5384 ex
3108 5342 3215 5382 uno
3241 5330 3296 5382 in
3326 5325 3475 5382 aliud

249 5449 422 5517 μένον.
463 5419 576 5518 Τὴν
608 5446 715 5516 γὰρ
743 5445 800 5511 ἐξ
820 5419 1006 5516 ἐτέρου
1029 5443 1172 5506 τινὸς
1198 5419 1329 5513 πρὸς
1359 5442 1544 5514 ἕτερόν
1567 5459 1619 5494 τι
1651 5419 1783 5510 μετά

1909 5443 1962 5488 et
1994 5447 2024 5484 a
2061 5432 2246 5500 pravis
2271 5428 2338 5482 ad
2375 5426 2603 5481 meliora
2631 5419 3053 5476 conversionem
3090 5434 3186 5488 per
3219 5419 3395 5490 ipsum
3424 5429 3478 5474 et

251 5556 431 5594 στάσιν
455 5539 553 5594 καὶ⁸
577 5538 678 5608 τὴν
703 5539 766 5589 ἐκ
796 5536 903 5588 τῶν
929 5534 1187 5604 γειρόνων
1219 5536 1296 5596 εἰς
1323 5532 1382 5584 τὸ
1415 5532 1633 5602 ἄμεινον
1672 5532 1809 5584 ἀπο.-

1915 5538 2038 5577 cum
2077 5523 2194 5590 ipso
2233 5520 2393 5573 nobis
2441 5514 2697 5569 omnibus
2739 5510 2860 5567 fore
2909 5511 3219 5582 signiﬁcare
3269 5511 3476 5575 volens,

313 5714 356 5746 ⁷²
392 5713 554 5768 Joan.
590 5726 744 5772 xvlu,
771 5711 860 5765 58.
926 5711 970 5742 ⁷³
998 5710 1155 5764 Joan.
1183 5705 1296 5773 x'lx,
1328 5710 1377 5763 4.
1445 5711 1488 5741 ⁷⁵
1524 5707 1714 5764 Matth.
1749 5724 1782 5761 ι

1885 5722 1920 5772 ι,
1953 5705 2042 5757 24.
2099 5701 2142 5733 ⁷³
2169 5698 2361 5754 Matth.
2401 5710 2550 5762 xxvi,
2587 5693 2676 5760 59,
2705 5692 2792 5748 60.
2862 5694 2906 5725 ⁷⁸
2941 5693 3102 5747 Joan.
3135 5706 3232 5756 xu,
3265 5689 3357 5756 31,
3387 5686 3478 5743 σε.

566 5803 836 5869 Euam.
882 5804 996 5863 Gn.
1043 5802 1295 5863 LXXIV.

3038 5783 3103 5847 11
