3992 6316
505 292 602 348 ⁸531

1541 284 1597 338 S.
1618 282 1892 340 CYRILLI
1920 282 2393 342 ALEXANDRINI
2412 284 2730 344 ARCHIEP.

3652 290 3757 345 53']

506 406 812 485 exclamat:
856 418 876 453 ι
912 398 1158 471 Surgite,
1190 413 1384 455 eamus
1437 398 1588 464 hinc,
1628 417 1647 451 ι
1676 406 1737 452 ut
1778 397 1887 452 tale
1920 396 2082 467 quid-

2190 398 2430 485 Bpouijv,
2474 400 2540 454 δι’
2571 400 2737 456 αὐτοῦ
2767 418 2826 454 τε
2861 402 2954 457 καὶ
2988 402 3084 456 σὺν
3107 402 3256 475 αὐτῷ
3290 405 3455 458 πᾶσιν
3483 405 3619 475 ἡμῖν
3647 407 3765 460 ἐσο-

508 499 655 567 piatn
688 493 990 563 intelligere
1019 506 1086 546 ex
1115 490 1196 546 rei
1225 490 1456 546 veritate
1490 491 1816 554 debeamus,
1847 503 1877 542 a
1908 496 2084 544 morte

508 587 729 655 quidem
763 585 829 639 ad
860 584 1054 648 vitam,
1090 590 1144 638 ct
1171 597 1202 637 a
1239 584 1596 653 corruptione
1625 582 1692 636 ad
1717 581 2085 651 incorruptio-

510 692 658 739 nem,
701 690 795 745 per
831 673 1010 743 ipsum
1054 681 1109 727 et
1170 686 1294 727 cum
1346 672 1489 743 ipso,
1550 672 1716 727 sicuti
1747 670 1911 726 modo
1939 670 2082 734 dixi,

510 767 668 837 quasi
701 767 769 820 ab
807 776 915 819 uno
938 763 1062 818 loco
1091 765 1330 819 transire
1359 764 1414 818 in
1440 764 1628 817 alium.
1679 760 2086 832 Rectc‘itaque

510 858 668 922 illud,
711 874 730 908 ι
762 855 1003 928 Surgite,
1031 871 1223 913 eamus
1257 856 1408 922 hinc,
1432 874 1450 908 ›
1487 854 1689 925 inquit.
1720 852 1863 920 Quin
1899 861 1953 909 et
1978 853 2087 907 alio

510 950 675 1004 modo
704 950 773 1004 de
802 948 960 1004 nobis
993 948 1128 1020 ipsis
1156 948 1366 1003 dictum
1395 948 1527 1002 illud
1555 946 1850 1017 intelliges.
1879 945 2087 1000 Trans-

510 1041 722 1097 t‘erendi
768 1055 992 1096 eramus
1032 1054 1063 1095 a
1103 1039 1299 1095 mundi
1351 1054 1540 1095 amore
1609 1039 1676 1093 ad
1748 1039 2085 1109 voluntatem

508 1132 745 1189 faciendi
785 1132 955 1204 856
983 1131 1129 1202 quod
1166 1130 1277 1187 Deo
1315 1132 1580 1203 placeret,
1613 1146 1679 1187 ac
1711 1142 1978 1202 praeterea
2019 1146 2087 1186 ex

509 1224 779 1280 servitute
826 1223 892 1277 ad
956 1223 1280 1293 dignitatem
1330 1221 1670 1292 adaptionis,
1702 1239 1771 1279 ex
1823 1230 1974 1278 terra
2019 1221 2087 1277 ad

510 1329 804 1393 supernam
829 1312 1129 1377 civitatem,
1183 1329 1250 1369 ex
1307 1321 1534 1385 peccato
1559 1314 1628 1369 ad
1674 1329 1792 1369 eam
1826 1329 1949 1384 quae
1981 1328 2082 1393 per

512 1388 671 1463 ﬁdem
709 1406 764 1460 in
792 1406 1013 1461 Christo
1056 1413 1144 1460 est
1171 1405 1468 1475 justitiam,
1521 1420 1585 1461 ex
1621 1406 1944 1477 impuritate
1980 1388 2088 1460 bu-

512 1515 674 1555 mana
705 1499 773 1555 ad
803 1497 1040 1570 Spiritus
1068 1499 1518 1565 sanctimoniam,
1560 1514 1626 1554 ex
1654 1499 1988 1555 contumelia
2022 1498 2078 1552 in

509 1592 762 1663 gloriam,
794 1606 858 1647 ex
886 1590 1250 1662 imperitiain
1284 1590 1603 1657 scientiam,
1631 1606 1699 1646 ex
1736 1590 1996 1647 socordia
2027 1597 2084 1646 et

511 1683 827 1739 inﬁrmitate
870 1682 940 1738 ad
994 1682 1254 1738 virtutem
1288 1682 1345 1736 in
1401 1682 1540 1737 bene
1586 1681 1822 1753 agendo.
1876 1681 2083 1738 Locum

2191 492 2360 560 μένην
2388 482 2771 564 κατασημῆναι
2804 492 3001 559 θέλων,
3029 495 3090 547 τὸ
3111 514 3130 546 ι
3171 494 3480 567 Ἐγείρεσθε
3498 537 3514 561 ,
3542 496 3763 567 ἄγωμεν

2188 580 2435 636 ἐντεῦθεν
2461 600 2479 633 ι
2518 583 2781 652 ἐπιφωνεῖ
2802 602 2815 614 ·
2853 584 2938 639 ἵνα
2965 602 3019 638 τι
3044 583 3304 649 τοιοῦτον,
3345 587 3420 650 ὼς
3447 587 3507 639 ἐν
3537 587 3765 661 ἀληθείᾳ

2187 669 2380 741 νοῆσαι
2405 670 2689 742 μέλλωμεν
2711 713 2724 734 ,
2755 673 2864 727 ἀπὸ
2892 674 2990 745 μὲν
3018 674 3247 728 θανάτου
3278 677 3411 747 πρὸς
3438 676 3615 749 ζωὴν,
3662 679 3765 733 ἀπὸ

2186 761 2244 814 δὲ
2279 762 2484 834 φθορᾶς
2517 765 2596 827 εἰς
2629 763 2954 835 ἀφθαρσίαν,
2980 766 3045 819 δι’
3074 766 3239 820 αὐτοῦ
3259 784 3318 820 τε
3348 769 3444 821 καὶ
3468 770 3568 822 σὺν
3596 770 3769 841 αὐτῷ,

2189 851 2442 924 καθάπερ
2472 852 2608 924 ἔφην
2633 855 2864 926 ἀρτίως,
2912 857 2987 920 ὡς
3007 857 3113 910 ἀπό
3144 875 3288 923 τινος
3324 856 3493 912 τόπου
3524 878 3775 932 μεταχω-

2190 945 2304 1014 ρεῖν
2334 945 2412 1009 είς
2445 944 2650 1017 ἕτερον.
2698 948 2895 1011 Καλῶς
2927 942 3024 1004 οὖν
3075 950 3184 1020 ἄρα
3225 950 3323 1014 τὸ,
3368 968 3386 1002 ι
3431 952 3772 1023 Ἐγείρεσθε.

2188 1032 2410 1103 ἄγωμεν
2441 1034 2721 1102 ἐντεῦθεν,
2761 1055 2779 1087 ι
2816 1036 3001 1105 φησίν.
3052 1032 3129 1089 Ἦ
3163 1037 3254 1090 καὶ
3281 1038 3401 1091 καθ’
3435 1038 3626 1110 ἔτερόν
3654 1056 3773 1093 τινα

2188 1124 2389 1196 τρόπον
2409 1125 2494 1195 ἐφ’
2521 1126 2679 1196 ήμῶν
2717 1127 2894 1180 αὐτῶν
2917 1128 3129 1201 ἐπιλήψῃ
3151 1134 3210 1181 τὸ
3243 1129 3554 1200 εἰρημένον.
3583 1130 3774 1199 Ἐμέλ·

2186 1217 2351 1288 λομεν
2381 1220 2479 1290 ήδη
2515 1220 2870 1290 μεθίστασθαι
2903 1224 2967 1276 ὲκ
3013 1222 3109 1276 τοῦ
3155 1222 3326 1292 φιλεῖν
3361 1223 3430 1276 τὰ
3471 1225 3532 1276 ἐν
3557 1222 3770 1293 κόσμῳ,

2188 1313 2406 1381 φρονεῖν
2427 1313 2504 1375 είς
2531 1313 2592 1366 τὸ
2616 1314 2831 1368 ἑλέσθαι
2863 1315 2994 1387 δρᾷν
3028 1316 3232 1370 ἐθέλειν
3262 1315 3324 1369 τὸ
3349 1315 3542 1370 δοκοῦν
3565 1316 3641 1386 τῷ
3652 1315 3771 1386 Θεῷ

2188 1405 2282 1457 καὶ
2310 1405 2389 1457 ἔτι
2426 1406 2560 1477 πρὸς
2588 1408 2760 1480 τούτῳ
2788 1412 2852 1465 ἐκ
2879 1411 3121 1475 δουλείας
3156 1410 3451 1480 ἀναφοιτᾷν
3478 1409 3561 1472 είς
3581 1408 3644 1462 τὸ
3672 1409 3771 1479 τῆς
3854 1432 3865 1439 ·

2185 1493 2461 1561 υἱοθεσίας
2504 1499 2721 1570 ἀξίωμα
2743 1541 2756 1564 ,
2804 1502 2914 1556 ἀπὸ
2946 1502 3046 1572 γῆς
3078 1503 3158 1566 είς
3206 1502 3305 1574 τὴν
3331 1504 3445 1557 ἄνω
3472 1503 3630 1555 πόλιν
3653 1541 3668 1564 ,
3712 1501 3769 1565 ἐξ

2186 1590 2460 1661 ἁμαρτίας
2485 1592 2566 1655 είς
2593 1591 2940 1664 δικαιοσύνην
2979 1593 3079 1663 τὴν
3114 1594 3203 1648 διά
3230 1593 3469 1657 πίστεως
3502 1592 3561 1647 δὲ
3588 1593 3769 1664 δηλον-

2186 1680 2268 1733 ότι
2323 1681 2421 1752 τῆς
2444 1683 2501 1734 ὲν
2534 1683 2782 1754 Χριστῷ,
2836 1685 2898 1748 ἐξ
2926 1684 3267 1756 ἀκαθαρσίας
3299 1687 3400 1757 τῆς
3420 1684 3767 1756 ἀνθρωπίνης

512 1777 695 1848 itaque
735 1776 903 1832 veluti
951 1773 1244 1845 quemdam
1288 1775 1495 1848 nostris
1553 1774 1787 1829 terrenis
1840 1773 2085 1844 peccatis

2190 1773 2269 1835 εἰς
2299 1771 2388 1825 τὸν
2428 1773 2515 1826 διὰ
2541 1774 2635 1827 τοῦ
2665 1774 2979 1845 Πνεύματος
3005 1776 3303 1847 ἁγιασμδν,
3344 1776 3404 1842 ἐξ
3428 1775 3654 1847 ἀτιμίας
3689 1777 3767 1838 είς

512 1879 713 1925 terram
758 1870 898 1923 hanc
952 1875 1227 1934 statuens,
1272 1885 1291 1920 ι
1337 1864 1590 1937 Surgite,
1656 1864 1856 1936 inquit,
1894 1881 2086 1922 eamus

511 1961 660 2016 hinc.
701 1988 721 2013 ι
774 1958 927 2015 Licet
959 1959 1127 2021 enim,
1175 1958 1359 2029 quoad
1398 1957 1660 2028 loquendi
1709 1955 1964 2023 formam,
1997 1973 2086 2013 se-

513 2053 691 2122 ipsum
711 2051 877 2108 nobis
896 2044 1230 2121 conjungere
1256 2049 1526 2114 videatur,
1553 2051 1691 2106 nihil
1716 2057 1896 2105 tamen
1922 2050 2087 2106 nobis

512 2142 673 2212 plane
708 2140 854 2195 istud
879 2139 1083 2202 oberit,
1116 2154 1241 2193 cum
1273 2140 1324 2193 id
1357 2138 1544 2195 facere
1572 2140 1766 2196 soleat.
1798 2138 1958 2196 Unde
1986 2140 2086 2195 ali-

394 2222 406 2233 ’
512 2231 639 2287 cubi
676 2230 744 2285 ad
779 2244 909 2286 suos
940 2229 1244 2298 discipulos
1277 2230 1548 2287 dicentem
1600 2231 1755 2287 illum
1800 2234 2082 2302 reperies:

519 2343 536 2375 ι
596 2321 679 2377 Me
732 2327 941 2392 oportet
994 2320 1213 2390 operari
1263 2335 1432 2390 opera
1481 2321 1602 2390 ejus
1631 2323 1726 2392 qui
1770 2323 1921 2377 misit
1976 2338 2084 2388 me,

514 2410 688 2465 donec
737 2409 857 2465 dies
895 2418 998 2463 est.
1023 2406 1193 2464 Venit
1234 2424 1341 2464 nox
1366 2449 1382 2476 ,
1429 2411 1652 2482 quando
1680 2395 1845 2466 nemo
1899 2419 2085 2481 potest

513 2502 727 2574 Operari
749 2501 820 2558 '7.
857 2520 876 2554 ι
903 2500 1076 2558 Audis
1099 2513 1156 2558 ut
1181 2504 1425 2573 seipsum
1463 2504 1626 2560 nobis
1654 2519 1895 2576 operum
1912 2504 2085 2561 comi-

515 2605 620 2651 tem
651 2595 938 2666 adjungat,
958 2596 1084 2651 licet
1114 2595 1323 2653 nostris
1343 2597 1608 2666 operibus
1623 2613 1731 2654 non
1753 2599 1826 2654 sit
1856 2600 2084 2669 perinde

513 2701 577 2742 ac
628 2701 730 2742 nos
774 2686 1094 2741 obnoxius?
1127 2687 1198 2740 At
1240 2686 1502 2741 usitatam
1562 2687 1702 2743 hanc
1766 2703 1889 2744 esse
1938 2688 2085 2757 apud

516 2792 615 2834 nos
665 2778 921 2848 loquendi
961 2776 1399 2834 formanrhibilo
1427 2780 1609 2833 secius
1652 2780 2080 2849 comperientus.

515 2870 727 2940 Quippe
772 2870 989 2925 divinus
1015 2869 1222 2925 Paulus
1270 2870 1591 2926 Corinthios
1621 2871 1946 2942 objurgans,
2005 2873 2085 2927 ita

514 2962 746 3017 scribit:
790 2979 807 3012 ε
849 2959 973 3015 Haec
1009 2969 1215 3025 autem,
1247 2960 1465 3024 fratres,
1498 2960 1887 3030 transﬁguravi
1912 2962 1968 3017 in
1999 2978 2086 3020 me

2188 1862 2368 1930 δόξαν,
2405 1864 2464 1931 ἐξ
2496 1866 2735 1937 ἀμαθίας
2768 1869 2847 1930 είς
2879 1867 3128 1935 σύνεσιν,
3169 1869 3278 1922 ἀπὸ
3322 1868 3380 1922 δὲ
3414 1868 3622 1932 δειλίας
3673 1868 3765 1920 καὶ

2184 1957 2505 2028 ἀνανδρείας
2556 1958 2637 2021 είς
2681 1957 2971 2029 εὐτολμίαν
3023 1959 3120 2029 τὴν
3161 1960 3250 2013 ἐπ’
3298 1959 3542 2026 ἀγαθοῖς.
3593 1960 3765 2014 Τόπον

2185 2043 2278 2103 οὖν
2306 2047 2496 2121 ὥσπερ
2522 2050 2634 2112 τοῖς
2672 2049 2765 2102 ἐπὶ
2804 2049 2907 2120 γῆς
2942 2051 2975 2120 ή
2985 2049 3103 2121 μῶν
3132 2050 3570 2121 πλημμελήμασι
3598 2049 3661 2103 τὸ
3685 2052 3767 2103 ἐνο

2186 2142 2313 2198 θάδε
2344 2142 2535 2208 τιθεὶς,
2572 2161 2590 2194 ι
2626 2142 2960 2214 Ἐγείρεσθε,
2993 2143 3178 2213 φησὶν,
3201 2143 3422 2215 ἄγωμεν
3449 2141 3720 2197 ἐντεῦθεν.
3742 2161 3760 2193 ι

2186 2235 2251 2288 Ei
2288 2233 2398 2306 γὰρ
2423 2234 2519 2288 καὶ
2539 2274 2552 2297 ,
2578 2235 2701 2287 ὅσον
2734 2229 2869 2307 ἦκεν
2897 2237 2976 2298 είς
3008 2235 3069 2289 τὸ
3099 2235 3195 2288 τοῦ
3228 2235 3389 2305 λόγου
3422 2234 3644 2306 σχῆμα,
3676 2234 3768 2287 καὶ

2186 2327 2377 2381 ἐαυτὸν
2407 2328 2537 2399 ἡμῖν
2564 2326 2828 2397 συνδήσας
2854 2326 3124 2396 φαίνεται,
3150 2327 3267 2381 ἀλλ’
3298 2328 3452 2381 οὐδὲν
3481 2328 3636 2398 ἡμᾶς
3656 2326 3762 2380 ἀδι-

2185 2417 2344 2487 κήσει
2378 2416 2535 2469 τοῦτο
2570 2414 2867 2481 παντελῶς,
2892 2416 3123 2487 ἐπείπερ
3160 2416 3311 2486 αὐτῷ
3342 2416 3502 2470 τοῦτο
3538 2413 3768 2485 σύνηθες

2183 2508 2339 2580 δρᾷν.
2371 2508 2480 2562 Καὶ
2501 2506 2630 2576 γοῦν
2659 2507 2718 2561 ἐν
2737 2507 2944 2577 ἑτέροις
2972 2505 3242 2563 ἁλώσεται
3275 2509 3448 2576 λέγων
3478 2507 3619 2578 πρὸς
3644 2508 3765 2570 τοὺς

2186 2602 2382 2657 ἑαυτοῦ
2425 2601 2672 2673 μαθητάς
2697 2618 2710 2632 ·
2755 2619 2773 2653 t
2808 2600 2987 2671 Ἦμᾶς
3032 2600 3112 2654 δεῖ
3162 2600 3490 2673 ἐργάζεσθαι
3522 2599 3594 2654 τά
3632 2598 3767 2670 ἔργα

2184 2693 2281 2747 τοῦ
2304 2692 2620 2764 πέμψαντος
2639 2694 2810 2765 ἡμᾶς,
2834 2693 2940 2756 ἕως
2959 2691 3140 2762 ἡμέρα
3166 2691 3332 2747 ἐστίν..
3355 2691 3621 2761 Ἔρχεται
3650 2688 3766 2753 νὺξ,

2187 2786 2275 2840 ὅτε
2303 2786 2477 2850 οὐδεὶς
2504 2786 2723 2840 δύναται
2748 2783 3112 2857 ἐργάσασθαι.
3143 2802 3161 2835 ι
3202 2784 3442 2846 ’Δκούεις
3471 2784 3624 2846 ὅπως
3652 2783 3770 2835 ἐαυ-

2187 2877 2277 2931 τὸν
2307 2877 2454 2949 ἡμῖν
2484 2879 2564 2941 είς
2605 2879 2667 2930 τὸ
2708 2877 3037 2947 ἐργάζεσθαι
3082 2875 3313 2946 πρέπειν
3347 2875 3765 2936 συναναπλέκει,

2187 2970 2360 3024 καίτοι
2380 2968 2458 3040 τῷ
2482 2967 2809 3041 ἐργάζεσθαι
2834 2967 2945 3021 δεῖν
2968 2967 3090 3022 καθ’
3111 2968 3256 3038 ἡμᾶς
3283 2967 3344 3019 οὐ
3371 2965 3768 3035 συνυποκείμε-

515 3063 569 3108 et
590 3053 803 3122 Apollo,
835 3059 897 3107 ut
928 3053 984 3106 in
1019 3050 1439 3107 nobisdiscatis
1470 3067 1638 3122 supra
1669 3054 1724 3108 id
1760 3054 1905 3123 quod
1942 3054 2082 3111 scri-

2190 3080 2314 3129 νος;
2373 3060 2514 3114 Ἀλλ’
2557 3058 2806 3131 εὑτριὸἐς
2838 3060 2969 3130 ἡμῖν
2996 3058 3148 3112 τοῦτο
3173 3056 3266 3112 τοῦ
3295 3056 3456 3126 λόγου
3486 3057 3549 3110 τὸ
3583 3057 3769 3127 σχῆμα

515 3156 669 3214 ptum
701 3150 787 3198 est
818 3157 928 3197 non
967 3141 1246 3211 sapere".
1281 3161 1301 3194 ι
1333 3140 1493 3208 Quod
1540 3150 1720 3198 autem
1755 3145 1963 3202 nostris
2002 3147 2086 3201 in-

516 3230 869 3287 ﬁrmitatibus
935 3244 1285 3300 nequaquam
1341 3231 1713 3297 obnoxium,“
1744 3234 1838 3288 sed
1889 3234 2083 3290 ducem

516 3323 745 3379 itineris'
775 3323 832 3377 in
884 3323 1140 3378 omnibus
1187 3323 1351 3378 bonis
1399 3330 1454 3379 et
1508 3339 1577 3379 ex
1631 3325 1877 3395 pristinis
1937 3328 2087 3385 vitiis

516 3416 899 3473 conversionis
925 3417 978 3469 in
1004 3416 1225 3481 melius,
1251 3431 1359 3471 non
1384 3418 1646 3487 legatum,
1665 3434 1780 3474 non
1808 3421 2085 3491 angelum,

516 3506 615 3561 sed
646 3505 828 3577 ipsum
862 3504 1221 3559 habuerimus
1249 3507 1496 3562 universi
1533 3506 1853 3576 Dominum,
1886 3510 2088 3565 nulla-

517 3608 678 3652 tenus
706 3595 1066 3651 dubitandum
1093 3607 1198 3653 est.
1232 3595 1520 3668 Redempti
1573 3600 1719 3654 enirn
1750 3615 1942 3657 sumus
1974 3616 2086 3657 non

515 3705 615 3759 per
644 3704 747 3745 nos
780 3689 950 3759 ipsos,
978 3704 1082 3744 nec
1110 3704 1206 3759 per
1235 3691 1402 3744 aliam
1450 3690 1616 3745 ullam
1647 3706 1761 3746 rem
1820 3704 2083 3760 creatam,

517 3779 612 3834 sed
644 3794 740 3849 per
785 3780 970 3849 ipsum
1001 3779 1182 3848 potius
1213 3777 1571 3837 Servatorem
1620 3791 1875 3837 nostrum
1924 3782 2086 3839 Chri-

517 3877 683 3924 stum.
716 3869 989 3936 Quocirca
1043 3870 1265 3940 quando
1300 3870 1435 3925 illud
1466 3871 1542 3924 ait
1574 3888 1587 3924 :
1641 3890 1660 3923 ‹
1702 3872 1921 3944 Surgite
1943 3913 1958 3939 ,
1990 3889 2086 3929 ea-

517 3975 641 4017 mus
672 3958 825 4027 hinc,
863 3979 883 4012 ι
919 3959 1080 4029 quasi
1114 3959 1443 4014 mundanam
1467 3962 1768 4045 nequitiam
1817 3980 1927 4019 una
1960 3980 2084 4020 cum

518 4052 681 4108 nobis
737 4051 950 4123 fugiat,
1000 4066 1120 4107 non
1167 4058 1432 4122 tanquam
1484 4054 1739 4112 humanis
1783 4059 1948 4115 malis
1988 4059 2088 4115 ob-

518 4145 738 4210 noxius,
770 4144 869 4200 sed
903 4152 1163 4214 tanquam
1189 4143 1323 4209 dux,
1364 4155 1419 4200 et
1446 4147 1863 4218 antesignanus,
1899 4156 1954 4204 et
1984 4149 2088 4204 du-

520 4246 641 4293 ctor
668 4237 721 4291 in
753 4237 1219 4309 incorruptionem
1246 4245 1301 4289 et
1326 4251 1448 4292 eam
1493 4238 1664 4294 vitam
1712 4256 1834 4311 quae
1881 4241 2087 4298 sancti-

520 4336 631 4385 tate
654 4339 710 4383 et
740 4327 835 4384 Dei
866 4342 1051 4383 amore
1072 4337 1309 4392 constat,
1339 4328 1483 4384 istud
1514 4329 1610 4384 ait.

2189 3153 2284 3208 atat
2310 3154 2439 3222 παρ’
2455 3153 2584 3223 ἡμῖν
2603 3151 2784 3214 αὐτοῖς
2807 3150 2957 3203 οὐδὲν
2972 3145 3135 3220 ἦττον
3157 3149 3484 3220 εὑρήσομεν.
3510 3149 3623 3201 Καὶ
3639 3148 3768 3217 γοῦν

2188 3246 2216 3297 ὁ
2249 3242 2533 3306 θεσπέσιος
2558 3240 2771 3304 Παῦλος
2820 3240 3124 3311 ἐπιπλήξας
3152 3239 3460 3311 Κορινθίοις
3489 3237 3653 3291 τοῦτο
3679 3254 3768 3289 τε-

2186 3331 2491 3403 τόλμηκεν,
2542 3329 2842 3385 ἐπιστέλλει
2873 3328 2929 3382 δὲ
2970 3329 3098 3381 ὡδί·
3143 3346 3161 3379 t
3191 3327 3375 3381 Ταῦτα
3411 3327 3504 3392 δὲ,
3549 3324 3769 3394 ἀδελφοί

2192 3439 2331 3495 μου,
2379 3422 2823 3495 μετεσχημάτισα
2865 3423 2943 3484 εἰς
2967 3419 3202 3491 ἐμαυτὸν
3230 3418 3323 3472 καὶ
3358 3416 3635 3480 Ἀπολλῶ,
3682 3417 3771 3470 ἴνα

2188 3517 2245 3569 ἐν
2275 3517 2406 3587 ήμῖν
2439 3515 2648 3587 μάθητε
2690 3515 2750 3568 τὸ
2779 3513 2853 3585 μὴ
2876 3514 3016 3585 ὑπὲρ
3043 3513 3072 3566 ὃ
3117 3513 3427 3582 γέγραπται
3471 3511 3711 3580 φρονεῖν.
3745 3528 3764 3559 ι

2191 3604 2312 3658 Ὅτι
2349 3604 2407 3657 δὲ
2453 3606 2502 3657 εί
2547 3605 2641 3656 κα)⁵
2694 3603 2768 3675 μὴ
2809 3603 3158 3675 συνυπαίτιον
3204 3604 3324 3663 ταῖς
3349 3600 3569 3654 ἑαυτῶν
3609 3598 3771 3652 ἀσθε-

2187 3697 2394 3760 νείαις,
2440 3694 2559 3749 ἀλλ’
2592 3690 2684 3747 οὖν
2735 3694 2981 3765 ἡγεμόνα
3022 3693 3123 3762 τῆς
3163 3691 3280 3745 ὁδοῦ
3305 3693 3418 3753 τοῖς
3445 3691 3533 3758 ἐφ’
3566 3689 3771 3743 ἅπασιν

2186 3788 2412 3857 ἀγαθοῖς
2437 3786 2530 3840 καὶ
2555 3786 2653 3855 τῆς
2675 3788 2740 3839 ἐκ
2768 3784 2955 3838 παθῶν
2974 3784 3083 3837 τῶν
3110 3782 3352 3853 ἀρχαίων
3380 3782 3477 3834 ἐπὶ
3507 3781 3571 3835 τὸ
3592 3782 3771 3850 κρεῖτ-

2185 3897 2277 3934 τον
2328 3877 2692 3951 ἐπιστροφῆς,
2737 3875 2798 3929 οὐ
2852 3874 3125 3946 πρέσϐυν,
3186 3873 3287 3925 οὐκ
3331 3870 3600 3939 ἄγγελον,
3658 3867 3769 3922 ἀλλ’

2186 3969 2345 4024 αὐτὸν
2387 3968 2699 4039 ἐσχήκαμεν
2744 3965 2836 4020 τὸν
2891 3965 3142 4019 ἁπάντων
3180 3961 3412 4034 Κύριον,
3467 3959 3771 4031 οὐδαμόθεν

2185 4060 2502 4134 ἀμφίϐολον.
2559 4057 2957 4130 Λελυτρώμεθα
2998 4057 3136 4126 γὰρ,
3175 4056 3243 4109 οὐ
3269 4054 3335 4107 δι’
3360 4053 3611 4116 ἑαυτῶν,
3658 4049 3769 4104 ἀλλ’

2185 4155 2308 4210 οὐδὲ
2331 4153 2396 4207 δι’
2424 4150 2609 4222 ἐτέρου
2649 4149 2793 4212 τινὸς
2814 4148 2922 4202 τῶν
2948 4146 3210 4219 γενητῶν,
3242 4145 3308 4198 δι’
3334 4142 3507 4198 αὐτοῦ
3538 4143 3597 4196 δὲ
3636 4141 3770 4214 p.61-

2185 4248 2274 4302 λον
2320 4244 2414 4299 τοῦ
2448 4242 2697 4314 Σωτῆρος
2741 4239 2900 4311 ήμῶν
2947 4238 3205 4310 Χριστοῦ.
3260 4234 3477 4290 Οὐκοῦν
3520 4235 3653 4289 ὅταν
3697 4233 3773 4295 ὡς

2190 4339 2287 4393 σὺν
2323 4339 2455 4409 ἡμῖν
2488 4335 2583 4388 καὶ
2612 4332 2728 4404 μεθ’
2760 4335 2793 4403 ή
2804 4331 2918 4402 μῶν
2945 4331 3045 4403 τὴν
3081 4331 3138 4383 ἐν
3166 4327 3357 4399 κόσμῳ
3389 4322 3774 4397 παραδραμὼν

520 4423 827 4494 φαυλότητα
854 4422 986 4494 λέγῃ
1006 4423 1089 4488 τὸ,
1114 4441 1134 4475 ι
1156 4422 1489 4494 Ἐγείρεσθε,
1519 4424 1742 4496 ἄγωμεν
1768 4428 2036 4495 ἐντεῦθεν,
2063 4451 2082 4484 ι
2125 4435 2222 4505 οὐχ
2249 4434 2324 4496 ὡς
2360 4430 2726 4494 συνυπαίτιος,
2753 4428 2920 4499 ήγουν
2948 4425 3262 4496 ἐνεχόμενος
3322 4423 3436 4480 τοῖς
3495 4415 3775 4491 ἀνθρωπί-

521 4533 632 4580 νοις
671 4514 929 4578 πάθεσιν,
981 4514 1095 4568 ἀλλ’
1123 4515 1200 4579 ὡς
1232 4517 1471 4587 ἀρχηγὸς
1508 4519 1601 4572 καὶ
1639 4520 1951 4597 προστάτης
1993 4526 2089 4580 καὶ
2161 4525 2479 4598 καθηγητὴς
2545 4524 2645 4594 τῆς
2684 4521 2886 4576 εἰσόδου
2922 4521 3001 4584 είς
3035 4517 3343 4590 ἀφθαρσίαν
3371 4515 3470 4569 καὶ
3497 4512 3651 4585 ζωὴν
3679 4510 3776 4580 τὴν

517 4613 577 4664 ἐν
603 4605 860 4680 ἁγιασμῷ
884 4609 977 4662 καὶ
1003 4607 1266 4681 φιλοθεῖᾳ,
1299 4609 1363 4663 τὸ
1384 4610 1623 4666 τοιοῦτον
1646 4613 1779 4681 ἐρεῖ.

473 4712 479 4717 ’
1082 4723 1246 4795 357
1281 4722 1430 4780 CAP.
1459 4724 1524 4780 ll.

522 4836 673 4906 Quod
702 4835 812 4891 Deo
850 4852 912 4889 ac
949 4835 1108 4891 Patri
1132 4836 1608 4892 consubstantiatis
1649 4837 1718 4891 sit
1751 4836 1950 4903 Filius,
1981 4855 2087 4894 non

588 4918 762 4961 autem
789 4906 1009 4978 diuersae
1034 4908 1098 4960 ab
1126 4923 1185 4961 eo
1209 4917 1418 4961 natura:
1441 4908 1519 4961 vel
1540 4908 1761 4975 generis,
1788 4917 1847 4961 ut
1868 4907 2087 4978 quidam

584 4979 812 5045 perversi
838 4977 1072 5032 haeretici
1088 4978 1345 5033 sentiunt.
1578 5010 1581 5013 -

589 5081 707 5150 XV,
745 5084 796 5138 1.
834 5081 946 5155 Ego
979 5100 1095 5139 sum
1132 5085 1251 5139 vitis
1286 5098 1429 5147 uera,
1467 5091 1517 5135 et
1550 5081 1717 5137 Pater
1751 5099 1898 5139 meus
1941 5087 2087 5156 agri-

515 5176 637 5230 cola
658 5184 761 5231 est.
1128 5210 1131 5213 -
1241 5169 1252 5181 ’

588 5268 741 5336 Quod
790 5275 1044 5340 oporteat
1075 5264 1362 5323 dilectioni
1408 5277 1537 5333 erga
1581 5278 1642 5319 se
1695 5263 1980 5330 inhaerere,
2034 5276 2090 5322 et

515 5366 780 5430 quantum
815 5375 882 5415 ex
908 5374 976 5414 eo
1008 5356 1153 5429 quod
1181 5355 1231 5410 ei
1261 5353 1545 5423 conjuncti
1583 5355 1781 5410 sumus
1813 5356 2086 5413 commodi

517 5451 676 5508 nobis
720 5452 940 5507 eveniat
969 5448 1158 5504 volens
1191 5445 1507 5509 ostendere.
1547 5447 1710 5502 vitem
1741 5448 1963 5518 quidem
1995 5465 2084 5506 se-

514 5544 690 5614 ipsum
733 5556 857 5598 esse
895 5540 1069 5594 dicit:
1110 5536 1207 5606 qui
1241 5543 1423 5591 autem
1456 5536 1507 5592 ei
1551 5545 1682 5594 sunt
1713 5538 1872 5607 uniti,
1914 5549 2081 5612 atque

590 5699 633 5743 It
662 5696 818 5778 ann.
852 5709 927 5758 ιι,
958 5692 1012 5745 4.
1091 5688 1136 5722 ⁷⁸
1178 5690 1194 5745 l
1227 5688 1354 5746 Cor.
1395 5707 1480 5760 tv,
1512 5695 1564 5748 6.

2119 4712 2166 4768 Β

2787 4719 3038 4774 ΚΕΦΔΛ.
3078 4719 3154 4771 B’.

2182 4832 2304 4886 Ὀτι
2329 4830 2407 4897 τῷ
2437 4830 2559 4896 Θεῷ
2584 4831 2683 4885 καί
2718 4830 2900 4898 Harp!
2926 4828 3244 4897 όμοούσιός
3299 4827 3477 4882 ἐστιν
3526 4831 3563 4883 ό
3620 4827 3774 4894 Υἱός,

2250 4902 2348 4956 καὶ
2376 4904 2489 4970 οὐχ
2511 4900 2860 4970 ἑτεροφυὴς,
2885 4898 3027 4954 οὐδὲ
3052 4898 3338 4966 ἐκφυλος,
3393 4898 3556 4951 κατά
3610 4914 3779 4963 τινας

2251 4971 2373 5026 τῶν
2403 4968 2906 5040 διεστραμμένων.

2253 5081 2401 5153 Ἐγώ
2419 5082 2596 5151 alyn)
2622 5081 2889 5150 ἄμπελος
2919 5082 2959 5149 ή
3011 5077 3292 5147 ἀληθινὴ,
3337 5078 3443 5132 καί
3494 5082 3531 5134 d
3576 5078 3779 5146 Πατήρ

2178 5192 2299 5245 μου
2332 5177 2365 5229 ὀ
2393 5173 2651 5243 γεωργός
2686 5171 2875 5225 ἐστιν.

2257 5266 2383 5318 Ὀτι
2412 5264 2676 5336 προσήκοι
2713 5262 2812 5331 τῆς
2856 5262 2936 5324 είς
2977 5259 3141 5312 αὐτὸν
3175 5257 3403 5328 ἀγάπης
3441 5257 3781 5329 ἐξηρτῆσθαι

2185 5357 2380 5428 φιλεῖν,
2410 5356 2505 5409 καὶ
2532 5355 2698 5408 πόσον
2738 5355 2802 5407 ἐκ
2845 5351 2942 5405 τοῦ
2976 5349 3268 5405 κολλᾶσθαι
3296 5348 3453 5418 αὐτῷ
3484 5349 3783 5419 κερδανοῦο

2187 5464 2287 5520 μεν
2304 5444 2566 5510 ἐπιδεῖξαι
2587 5444 2820 5514 θελήσας
2844 5443 2905 5496 τὸ
2929 5439 3194 5511 ὠφελοῦν,
3224 5438 3477 5510 ἄμπελον
3524 5440 3629 5509 μὲν
3660 5439 3782 5491 tas-

2181 5541 2273 5595 τὸν
2301 5535 2440 5594 εἷναί
2467 5554 2651 5608 φησιν,
2669 5537 2743 5599 ὡς
2773 5537 2831 5590 ὲν
2857 5532 3298 5605 παραδείγματος
3326 5531 3497 5602 λόγῳ,
3528 5528 3777 5602 κλήμασί
