3992 6316
156 383 267 440 333

1237 384 1301 440 ΙΝ
1336 322 2098 444 ιοΑΝΝιδῑενΑΝοΕιιυιι
2131 384 2260 443 UB.
2304 388 2371 445 Χ.

3318 398 3424 455 554
3518 362 3522 366 ’

156 520 225 572 γε
262 502 369 573 μὴν
401 501 530 566 τοῦς
550 496 850 564 ἑνωθέντας
879 499 1028 572 αὑτῷ
1054 500 1149 555 καὶ
1173 499 1612 573 ὲνηρμοσμένους
1631 500 1745 572 τρό-

1860 501 2009 557 insiti
2040 502 2446 572 quodammodo
2483 512 2541 562 et
2567 505 2747 575 inﬁxi,
2775 514 2832 565 et
2857 506 2972 580 jam
3014 507 3144 565 facti
3168 516 3307 567 sunt
3329 525 3429 567 na-

158 612 264 648 πον
288 593 413 649 τινὰ
433 593 528 648 καὶ
550 592 965 665 ἐμπεπηγότας,
981 593 1273 662 γεγονότας
1288 611 1348 647 τε
1375 593 1479 665 ῆδη
1500 596 1599 666 τῆς
1624 595 1751 653 ἐαυ-

156 683 254 738 τοῦ
309 684 528 755 φύσεως
576 672 865 748 κοινωνοὺς
882 725 899 750 ,
942 685 1031 740 διά
1073 686 1166 740 τοῦ
1215 687 1537 758 μεταλαχεῖν
1591 688 1748 757 ἁγίου

158 775 483 847 Πνεῦματος
505 791 520 806 °
545 776 609 829 τὸ
627 777 737 847 γὰρ
760 776 1068 830 συνενῶσαν
1093 778 1243 849 ἡμᾶς
1270 778 1348 849 τῷ
1381 779 1595 849 Σωτῆρι
1612 780 1749 850 Χρι⁴⁵

160 867 276 939 στῷ
308 869 370 921 τὸ
401 869 556 938 ἅγιον
588 868 815 939 Πνεῦμα
845 869 1010 923 αὑτοῦ
1040 870 1207 923 ἐστιν.
1255 871 1622 943 Προαιρετικὴ
1650 872 1749 941 μὲν

157 959 271 1031 γὰρ
298 962 331 1030 ἡ
364 960 500 1030 πρὸς
536 960 636 1032 τὴν
671 959 915 1030 ἄμπελον
955 960 1207 1031 κόλλησις
1255 959 1360 1015 τῶν
1417 962 1749 1032 προσιόντων

161 1052 330 1122 αὐτῇ,
370 1052 595 1123 σχετικὴ
622 1051 680 1105 δὲ
700 1054 832 1124 παρ’
864 1052 1036 1123 αὐτῆς
1074 1053 1107 1121 ἡ
1138 1053 1276 1123 πρὸς
1314 1052 1481 1123 ἡμᾶς.
1518 1053 1614 1107 Ἐκ
1649 1053 1749 1124 μὲν

160 1143 274 1214 γὰρ
300 1143 676 1214 προαιρέσεως
709 1143 921 1215 ἀγαθῆς
947 1142 1433 1214 προσεληλύθαμεν
1454 1145 1617 1215 ἡμεῖς
1660 1144 1751 1199 διὰ

157 1237 262 1307 τῆς
288 1237 547 1304 πίστεως,
579 1239 742 1307 γένος
765 1238 824 1291 δὲ
864 1238 1169 1309 γεγόναμεν
1207 1238 1372 1292 αὐτοῦ
1397 1237 1458 1292 τὸ
1487 1239 1589 1310 τῆς
1633 1241 1748 1294 uio-

158 1325 350 1391 θεσίας
378 1327 596 1398 ἀξίωμα
625 1329 754 1399 παρ’
793 1328 959 1383 αὐτοῦ
988 1328 1366 1410 κρμισάμενοι.
1401 1330 1511 1385 Kal
1544 1329 1655 1401 γὰρ
1682 1330 1747 1401 δὴ

159 1419 308 1473 κατὰ
339 1419 429 1472 τὸν
457 1419 611 1487 ἅγιον
636 1419 866 1482 Παῦλον,
900 1438 919 1472 ι
968 1419 1026 1471 '0
1064 1418 1401 1489 κολλώμενος
1425 1418 1504 1490 τῷ
1536 1419 1745 1491 Κυρίῳ,

160 1506 220 1559 ἓν
250 1506 473 1578 πνεῦμά
527 1509 695 1561 ἐστιν.
735 1526 754 1559 ι
793 1507 1004 1579 Ὥσπερ
1044 1502 1137 1561 οὖν
1186 1508 1245 1559 ἐν
1296 1506 1505 1579 ἑτέροις
1544 1508 1750 1578 κρηπὶς

159 1599 258 1652 καὶ
314 1597 565 1668 θεμέλιος
602 1596 691 1652 διὰ
738 1598 839 1668 τῆς
880 1597 974 1651 τοῦ
1008 1599 1288 1670 προφήτου
1330 1599 1749 1669 κατωνόμασται

159 1688 349 1758 φωνῆς
386 1691 492 1759 (ἐπ’
547 1688 696 1760 αὐτῷ
745 1689 855 1760 γάρ
894 1689 1419 1761 ἐποικοδομούμεθα,
1468 1690 1606 1744 λίθοι
1654 1691 1751 1746 καὶ

158 1781 327 1856 ἡμεῖς
359 1780 819 1851 χρηματίσαντες,
855 1779 1059 1845 ζῶντες
1092 1781 1187 1834 καὶ
1231 1782 1614 1849 πνευματικοὶ,
1669 1783 1750 1847 είς

1854 600 1993 649 turae
2020 596 2196 666 ipsius
2226 607 2513 655 consortes
2544 599 2612 665 τ’,
2642 600 2974 673 participato
3006 618 3204 675 nempe
3232 613 3428 661 saneto

1855 681 2064 753 Spiritu
2106 688 2353 755 (sanctus
2389 689 2537 743 enim
2563 686 2772 746 Christi
2812 689 3054 761 Spiritus
3085 707 3188 749 nos
3222 693 3275 749 ei
3296 708 3428 750 con-

1847 775 2076 849 jungit),
2105 779 2207 836 bos
2236 780 2553 850 palmitibus
2591 795 2898 853 comparat.
2928 784 3133 841 Eorum
3162 787 3311 843 enim
3333 790 3428 860 qui

1851 869 1920 923 ad
1956 870 2120 925 vitem
2171 872 2446 943 accedunt
2493 874 2738 931 adhaesio
2787 877 3088 934 voluntatis
3129 885 3216 936 est
3264 886 3432 951 atque

1850 952 2160 1031 propositi':
2213 964 2337 1033 ejus
2372 973 2557 1020 autem
2602 966 2923 1037 conjunctio
2954 969 3266 1035 nobiscum,
3302 968 3432 1026 θεῖοι

1851 1059 1975 1106 ctus
2008 1060 2062 1107 et
2094 1054 2462 1112 habiludinis.
2493 1056 2573 1110 Ex
2604 1058 2751 1114 bono
2780 1059 2988 1130 quippe
3014 1062 3299 1131 proposito
3328 1076 3430 1117 nos

1850 1140 1918 1196 ad
1951 1140 2234 1199 Christum
2290 1147 2629 1204 accessimus
2673 1163 2769 1218 per
2806 1148 2969 1205 ﬁdem
2995 1166 3009 1203 :
3039 1165 3217 1220 genus
3244 1158 3429 1207 autem

1849 1230 2023 1300 ipsius
2073 1234 2199 1289 facti
2251 1251 2467 1303 sumus,
2514 1237 2825 1308 adoptionis
2878 1239 3206 1311 dignitatem
3243 1240 3315 1299 sb
3364 1255 3432 1296 eo

1849 1327 2161 1382 consecuti.
2199 1327 2440 1396 Etenim,
2474 1331 2633 1400 juxta
2663 1340 2916 1388 sanctum
2970 1332 3224 1398 Paulum,
3268 1325 3289 1385 ἱ
3321 1333 3429 1402 Qui

1852 1416 2094 1474 adha-ret
2124 1419 2376 1487 Domino,
2405 1438 2550 1479 unus
2583 1424 2815 1494 spiritus
2848 1434 2936 1495 est
2957 1425 3026 1480 ⁸⁵.
3067 1446 3087 1478 ι
3117 1424 3273 1481 Sicut
3298 1442 3430 1498 ergo

1851 1510 1981 1565 alibi
2028 1527 2128 1582 per
2178 1528 2365 1569 vocem
2402 1515 2685 1586 prophetas
2724 1516 2876 1571 basis
2916 1524 2973 1572 et
3005 1515 3430 1574 fundamentum

1850 1601 2167 1658 nominatus
2191 1612 2282 1681 est
2315 1604 2503 1675 (super
2536 1604 2717 1676 ipsum
2743 1607 2889 1661 enim
2920 1621 3023 1663 nos
3061 1607 3438 1678 mdiﬁcamur,

1850 1698 1905 1744 et
1957 1691 2170 1763 lapides
2209 1695 2515 1764 nuncupati
2556 1710 2749 1750 sumus
2772 1698 3021 1753 viventes
3053 1712 3119 1753 ac
3149 1699 3428 1769 spiritales

1850 1778 1907 1834 in
1957 1782 2331 1839 sacerdotium
2380 1792 2654 1853 sanctum,
2706 1788 2763 1842 in
2811 1788 3190 1846 habitaculum
3230 1790 3327 1847 Dei
3369 1792 3430 1848 in

161 1839 487 1941 ἱεράτεῦμὲ
529 1870 684 1940 ἅγιον
704 1910 719 1936 ,
757 1839 838 1935 είς
865 1839 1307 1944 ⁷κατοικητήριον
1354 1839 1446 1926 τοῦ
1493 1839 1630 1926 Θεοῦ
1692 1839 1745 1928 ὲν

1855 1868 2090 1941 Spiritu,
2134 1888 2236 1929 nec
2263 1875 2377 1930 alio
2399 1876 2562 1931 modo
2589 1892 2889 1947 possumus
2916 1880 2973 1935 in
3002 1881 3109 1937 hoc
3144 1883 3427 1948 aediﬁcari,

158 1959 467 2029 Πνεύματι,
490 1959 613 2013 καθ’
659 1961 847 2032 ἕτερον
871 1960 929 2014 δέ
957 1979 1080 2015 τινα
1117 1962 1317 2033 τρόπον
1355 1964 1753 2036 οἰκοδομεῖσθαι

157 2050 303 2120 πρὸς
324 2049 485 2104 τοῦτο
508 2050 583 2123 μὴ
612 2051 923 2124 δυνάμενοι,
942 2055 991 2106 εί
1014 2053 1088 2125 μὴ
1116 2054 1337 2123 γέγονεν
1352 2057 1484 2127 ἡμῖν
1505 2056 1753 2128 θεμέλιος

153 2146 187 2198 ὁ
212 2145 498 2215 Χριστὸς),
532 2144 676 2199 οὕτω
706 2144 937 2199 κάνθάδε
967 2145 1107 2199 κατά
1144 2145 1242 2217 τὴν
1266 2146 1388 2219 ῖσην
1426 2147 1521 2201 τοῦ
1544 2149 1751 2221 νοήμα-

155 2253 249 2299 τος
289 2235 603 2305 ἀναλογίαν,
626 2236 872 2307 ἄμπελον
910 2237 1103 2291 ἑαυτὸν
1155 2234 1293 2292 εἷναί
1342 2256 1476 2309 φησι
1528 2240 1640 2296 τῶν
1692 2242 1754 2309 ἐξ

156 2326 337 2396 αὐτῆς
366 2326 680 2398 κλημάτων,
721 2327 798 2391 ὡς
847 2328 1059 2399 μητέρα
1101 2329 1196 2382 καὶ
1237 2329 1458 2400 τροφόν.
1509 2330 1753 2400 Ἀνεγενς

155 2416 408 2488 νήθημεν
436 2417 546 2489 γάρ
574 2417 634 2484 ἐξ
665 2416 829 2471 αὑτοῦ
863 2434 921 2470 τε
953 2419 1049 2472 καὶ
1071 2419 1131 2471 ἐν
1160 2418 1309 2489 αὑτῷ
1354 2420 1412 2473 ἐν
1449 2419 1748 2491 Πνεῦματι,

157 2509 302 2581 πρὸς
331 2509 710 2581 καρποφορίαν
737 2509 904 2580 ζωῆς,
934 2509 1055 2581 οὐχὶ
1078 2511 1178 2580 τῆς
1213 2511 1445 2582 ἀρχαίας
1487 2514 1583 2566 καὶ
1640 2532 1750 2568 πα·

155 2599 341 2665 λαιᾶς,
372 2599 511 2653 ἀλλά
529 2599 632 2670 τῆς
665 2601 723 2653 ὲν
744 2600 1023 2671 καινότητι
1043 2599 1278 2665 πίστεώς
1305 2619 1366 2655 τε
1391 2603 1486 2656 καὶ
1527 2603 1749 2675 ἀγάπης

153 2692 255 2761 τῆς
284 2693 366 2754 είς
389 2691 572 2745 αὐτόν.
609 2690 1025 2762 Διατηρούμεθα
1062 2691 1119 2745 δὲ
1153 2691 1289 2764 πρὸς
1319 2692 1380 2747 τὸ
1414 2693 1556 2765 ἔχειν
1584 2695 1645 2749 τὸ
1670 2691 1749 2750 εἷ·-

90 2850 93 2853 ν
152 2799 268 2848 ναι,
304 2783 760 2855 προσπεφυκότες
784 2781 975 2854 ὥσπερ
1002 2782 1155 2853 αὺτῷ
1187 2784 1281 2838 καὶ
1330 2784 1500 2857 ἀπρὶξ
1526 2797 1528 2801 '
1553 2787 1750 2859 ἐκόμει

151 2890 235 2926 νοι
262 2872 365 2943 τῆς
396 2872 794 2945 παραδοθείσης
834 2874 965 2943 ἡμῖν
999 2862 1163 2942 ἁγίας
1190 2874 1409 2946 ἐντολῆς
1439 2877 1533 2931 καὶ
1545 2877 1635 2931 διὰ
1651 2877 1748 2932 τοῦ

154 2961 357 3029 σώζειν
386 2964 705 3031 ἐπείγεσθαι
726 2964 787 3017 τὸ
825 2965 891 3017 ὲκ
910 2965 1009 3035 τῆς
1046 2965 1328 3033 εὐγενείας
1362 2967 1586 3035 ἀγαθὸν,
1604 2967 1747 3022 τοῦτ’

152 3053 295 3119 εστι,
346 3053 436 3107 διὰ
469 3053 564 3106 τοῦ
608 3053 683 3124 μὴ
731 3052 1019 3123 ἀνέχεσθαι
1066 3053 1295 3121 λυπεῖν,
1337 3056 1479 3111 κατά
1518 3075 1572 3110 τι
1617 3056 1748 3127 γοῦν

149 3144 294 3208 ὅλως
315 3145 375 3197 τὸ
407 3142 703 3197 ὲνοικισθὲν
725 3144 858 3213 ἡμῖν
879 3143 1034 3217 ἆγιον
1072 3143 1317 3216 Πνεῦμα,
1357 3145 1425 3200 δι’
1454 3140 1515 3200 οὗ
1561 3164 1753 3202 κατοι-.

149 3238 273 3291 κεῖν
313 3235 413 3305 μὲν
435 3236 493 3288 ὲν
523 3236 653 3305 ἡμῖν
706 3237 906 3288 νοεῖται
937 3234 1090 3298 Θεὸς.
1132 3237 1290 3290 Κατά
1325 3237 1447 3291 τίνα
1480 3238 1589 3311 γὰρ
1617 3240 1745 3311 τρό-

149 3345 258 3383 πον
288 3327 458 3398 ἐσμὲν
486 3329 542 3381 ὲν
575 3325 819 3398 Χριστῷ,
850 3326 945 3379 καὶ
976 3327 1139 3392 αὐτὸς
1160 3328 1218 3383 ἐν
1254 3329 1409 3401 iam,
1433 3329 1594 3393 αὐτὸς
1616 3333 1747 3401 ἡμῖν

146 3420 179 3493 δ
206 3419 380 3489 σοφὸς
410 3418 665 3490 Ἰωάννης
696 3417 937 3491 ἐπιδείξῃ
965 3419 1139 3488 λέγων
1164 3435 1178 3451 ο
1220 3439 1239 3472 ι
1284 3421 1372 3474 Ἐν
1393 3422 1568 3493 τούτῳ
1585 3423 1748 3492 γινώ-

151 3535 386 3588 σκομεν,
419 3518 693 3589 ὄτιὲσμὲν
719 3520 778 3572 ὲν
810 3517 978 3588 αὐτῷ,
1023 3518 1117 3571 καὶ
1171 3515 1333 3579 αὐτὸς
1378 3516 1437 3568 ὲν
1474 3516 1628 3585 ἡμῖν,
1680 3517 1747 3568 ὲκ

150 3608 249 3662 τοῦ
286 3608 631 3680 Πνεύματος,
665 3603 726 3664 οὗ
750 3608 917 3662 ἔδωκε
946 3610 1132 3679 ἡμῖν.)
1166 3607 1277 3660 Καὶ
1309 3604 1566 3676 ἔμπαλινο
1597 3624 1616 3657 ι
1655 3606 1745 3659 Ἐν

147 3701 331 3771 τούτῳ
367 3699 730 3771 γινώσκομεν,
762 3700 846 3752 ὅτι
882 3700 942 3752 ὲν
980 3697 1127 3767 αὐτῷ
1148 3699 1335 3767 ἐσμεν.
1369 3725 1435 3736 -
1467 3697 1526 3748 Ὀ
1571 3694 1746 3764 λέγων

149 3792 210 3844 ὲν
238 3791 392 3862 αὐτῷ
419 3790 620 3862 μένειν,
651 3789 875 3859 ὀφείλει,
908 3788 1092 3853 καθὼς
1124 3790 1327 3851 ἐκεῖνος
1347 3786 1741 3858 περιεπάτησε,

150 3884 247 3936 καὶ
276 3883 446 3945 αὐτὸς
473 3884 819 3952 περιπατεῖν.
859 3900 879 3933 ι
915 3884 980 3934 '0
1007 3880 1231 3942 καὶτοῖς
1262 3876 1629 3950 ἀκροωμένοις
1648 3894 1744 3931 σα-

147 3972 421 4045 φέστερον
453 3969 721 4034 καθιστὰς
748 4010 762 4036 ,
788 3969 948 4024 οὕτω
981 3968 1115 4039 φησὶ
1164 3967 1327 4021 πάλιν
1351 3982 1365 3994 ·
1410 3986 1429 4019 ι
1465 3967 1523 4020 '0
1559 3966 1743 4038 τηρῶν

146 4063 251 4126 τὰς
282 4062 508 4126 ὲντολάς
536 4060 794 4128 αὑτοῦ,ὲν
808 4061 956 4132 αὐτῷ
972 4061 1123 4130 μένει
1145 4060 1238 4112 καὶ
1266 4059 1428 4122 αὐτὸς
1449 4058 1507 4112 ὲν
1532 4058 1738 4129 αὐτῷ.»

144 4154 351 4225 Είγάρ
389 4155 424 4225 ἡ
452 4153 684 4224 τήρησις
713 4151 821 4205 τῶν
846 4150 1099 4215 ἐντολῶν,
1149 4149 1248 4219 τὴν
1288 4150 1367 4212 είς
1401 4148 1563 4202 αὐτὸν
1601 4148 1740 4217 ἀγά-

143 4263 261 4316 πην
286 4243 606 4313 ἐργάζεται,
660 4241 979 4313 κολλώμεθα
1005 4241 1062 4293 δὲ
1075 4238 1164 4293 διὰ
1191 4238 1291 4310 τῆς
1332 4240 1553 4308 ἀγάπης
1591 4240 1742 4310 αὐτῷ

144 4335 271 4400 πῶς
301 4336 406 4389 οὐκ
433 4332 630 4404 ἀληθὲς
659 4335 718 4386 ὲν
759 4332 972 4395 τούτοις
1015 4330 1265 4401 φαίνεται
1309 4330 1371 4384 τὸ
1410 4330 1738 4402 είρημένονς

147 4427 365 4497 ὐνπερ
393 4424 502 4495 γὰρ
521 4425 722 4495 τρόπον
749 4423 846 4494 τῆς
868 4422 1110 4494 ἀμπέλου
1130 4422 1192 4475 τὸ
1214 4421 1455 4493 πρέμνον
1483 4422 1580 4493 τῆς
1602 4422 1740 4486 ἰδίας

1851 1960 1962 2016 nisi
2009 1962 2268 2020 Christus
2324 1965 2483 2022 nobis
2527 1965 2949 2025 fundamentum
3000 1970 3168 2027 fuerit
3201 1973 3295 2044 “),
3335 1973 3430 2029 hie

1851 2065 2069 2121 quoque
2099 2051 2288 2132 eodem
2330 2069 2502 2110 sensu
2530 2055 2699 2111 vitem
2731 2056 2977 2127 seipsum
3015 2073 3144 2116 esse
3182 2061 3282 2125 ait,
3306 2061 3430 2131 pal-

1852 2142 2048 2197 mitum
2082 2144 2177 2214 qui
2205 2160 2271 2199 ex
2308 2159 2374 2201 ea
2404 2155 2538 2202 sunt
2566 2147 2727 2217 quasi
2762 2157 2996 2205 matrem
3033 2157 3091 2205 et
3128 2150 3427 2206 alumnam.

1852 2230 2179 2302 Regeneratl
2208 2235 2352 2290 enim
2383 2250 2578 2294 sumus
2601 2253 2671 2293 ex
2710 2238 2834 2308 ipso
2871 2248 2926 2295 et
2953 2239 3009 2294 in
3039 2240 3181 2310 ipso,
3215 2241 3269 2295 in
3300 2240 3429 2310 Spi-
3496 2282 3501 2287 τ

1850 2323 1979 2389 ritu,
2021 2322 2093 2378 ad
2129 2322 2420 2381 ferendum
2452 2326 2692 2383 fructum
2737 2329 2883 2395 vitas,
2910 2346 3020 2385 non
3047 2331 3251 2387 veteris
3277 2314 3428 2388 illius

1850 2422 1907 2469 et
1940 2415 2189 2482 exoletae,
2224 2417 2321 2472 sed
2369 2417 2490 2488 ejus
2517 2434 2640 2489 quae
2683 2421 2925 2476 novitate
2951 2421 3076 2476 vitae
3103 2429 3345 2488 constat,
3370 2415 3431 2479 et

1848 2520 1975 2576 erga
2003 2506 2182 2577 ipsum
2210 2508 2507 2566 charitate.
2539 2509 2953 2566 Conservamur
2979 2521 3158 2566 autem
3196 2511 3254 2567 in
3280 2528 3425 2581 esse,

1850 2594 1955 2665 ipsi
1996 2596 2404 2665 quodammodo
2451 2598 2671 2665 inserti,
2698 2606 2754 2655 et
2783 2600 2988 2655 tradito
3026 2600 3189 2657 nobis
3232 2613 3435 2658 sancto

1849 2686 2109 2742 mandato
2149 2687 2429 2744 mordicus
2465 2689 2824 2757 inhaerentes,
2859 2699 2916 2746 et
2958 2691 3268 2749 nobilitatis
3321 2695 3425 2749 ho-

1849 2792 2239 2834 num-servare
2266 2778 2574 2846 studentes,
2616 2779 2671 2835 id
2698 2790 2804 2846 est,
2847 2794 2957 2834 non
2989 2781 3236 2838 sinentes
3266 2798 3425 2854 pror-

1850 2884 1946 2926 sus
2001 2869 2397 2926 inbabitantem
2435 2871 2490 2926 in
2523 2870 2687 2927 nobis
2716 2870 2981 2942 Spiritum
3013 2872 3099 2928 vel
3132 2873 3423 2929 minimum

1849 2958 2189 3024 contristari,
2224 2975 2322 3030 per
2351 2975 2516 3031 quem
2548 2960 2799 3016 habitare
2850 2961 2911 3016 in‘
2943 2961 3109 3017 nobis
3152 2962 3299 3018 Deus
3340 2964 3428 3020 in-

1849 3051 2131 3121 telligitur.
2165 3049 2455 3117 Quomodo
2482 3052 2633 3108 enim
2679 3052 2852 3108 simus
2902 3052 2959 3107 in
3008 3052 3253 3119 Christo,
3297 3064 3351 3112 et
3378 3056 3426 3112 is

1850 3143 1905 3199 in
1932 3142 2118 3206 nobis,
2151 3143 2268 3213 ipse
2298 3143 2459 3200 nobis
2490 3143 2712 3214 sapiens
2762 3141 3006 3199 Joannes
3035 3144 3313 3212 ostendat,
3338 3132 3426 3201 di-

1849 3249 2023 3290 cens:
2072 3252 2090 3285 (
2131 3234 2189 3289 ιιι
2217 3235 2324 3290 hoc
2352 3237 2744 3306 cognoscimus
2801 3236 3061 3307 quoniam
3107 3237 3164 3292 in
3210 3252 3277 3294 eo
3305 3251 3426 3293 ma-

1847 3341 2065 3393 nemus,
2101 3335 2157 3381 et
2188 3325 2309 3396 ipse
2362 3326 2418 3380 in
2451 3327 2634 3391 nobis,
2673 3327 2937 3396 quoniam
2969 3327 3037 3383 de
3080 3325 3291 3384 Spiritu
3321 3342 3426 3385 suo

1848 3419 2001 3475 dedit
2027 3418 2198 3490 858
2221 3418 2387 3474 nobis
2411 3418 2477 3473 δ’.
2515 3437 2539 3471 ι
2581 3417 2648 3472 Et
2677 3434 2906 3476 rursus:
2955 3439 2974 3472 ι
3009 3419 3066 3475 In
3090 3420 3197 3476 hoc
3228 3436 3426 3493 cogno-

1847 3511 2054 3565 scimus
2086 3510 2216 3579 quia
2274 3510 2333 3577 in
2366 3509 2487 3581 ipso
2533 3525 2727 3565 sumus
2749 3510 2815 3565 ⁸³.
2843 3540 2913 3550 -—
2948 3510 3053 3577 Qui
3098 3511 3237 3566 dicit
3271 3527 3331 3567 se
3365 3512 3423 3568 in

1847 3596 1967 3671 ipso
2010 3614 2254 3666 manere,
2295 3599 2480 3666 debet,
2522 3601 2666 3656 sicut
2698 3588 3160 3673 ille‘ambulavit,
3205 3610 3259 3658 et
3304 3604 3424 3673 ipse

1845 3689 2127 3745 ambulare
2149 3689 2216 3744 ⁸⁵.
2251 3709 2271 3742 ι
2302 3677 2461 3756 Quod
2494 3689 2660 3744 etiam
2690 3690 3039 3746 auditoribus
3078 3692 3283 3747 clarius
3322 3707 3422 3763 pa-

1845 3778 2132 3845 tefaciens,
2166 3781 2243 3835 ita
2275 3796 2471 3837 rursus
2507 3780 2669 3836 iniit:
2724 3798 2745 3832 ι
2796 3781 2902 3848 Qui
2937 3790 3121 3837 servat
3168 3785 3423 3840 mandata

1844 3872 1988 3942 ejus,
2017 3872 2074 3928 in
2108 3873 2201 3929 illo
2226 3881 2432 3938 manet,
2465 3880 2520 3927 et
2547 3872 2666 3943 ipse
2693 3872 2751 3928 in
2783 3887 2852 3929 eo
2880 3874 2948 3927 ⁸⁸.
2986 3893 3006 3927 ι
3041 3872 3176 3930 Nam
3203 3875 3249 3931 si
3272 3890 3422 3932 man-

1844 3965 2099 4021 datorum
2147 3956 2462 4022 observatio
2498 3965 2852 4021 dilectionem
2899 3965 2955 4021 in
2989 3966 3170 4036 ipsum
3220 3982 3424 4039 opera-

1845 4066 1957 4121 tur,
1990 4066 2047 4113 et
2081 4072 2177 4127 per
2224 4057 2577 4112 dilectionem
2616 4058 2665 4113 ei
2698 4056 3108 4127 conjungimur.
3144 4059 3422 4128 quomodo

1844 4164 1954 4209 non
2007 4147 2093 4202 hic
2145 4162 2336 4202 verum
2379 4161 2505 4203 esse
2562 4146 2779 4202 videtur
2832 4145 2983 4217 quod
3033 4146 3246 4202 dictum
3293 4147 3424 4204 est?

1844 4237 2313 4305 Quemadmodum
2349 4237 2497 4293 enim
2537 4236 2699 4292 radix
2740 4237 3050 4292 naturalem
3090 4251 3246 4292 suam
3277 4254 3419 4309 quas

1844 4327 2054 4382 litatem
2110 4325 2427 4398 palmitibus
2464 4326 2747 4397 impertit,
2804 4326 2887 4383 sic
2939 4328 3281 4399 unigenitum
3321 4330 3421 4388 Dei

1842 4417 2086 4495 verbum
2135 4417 2231 4475 Dei
2295 4432 2360 4472 ac
2406 4416 2586 4474 Patris
2625 4426 3091 4488 suaequenatura:
3121 4420 3419 4490 quamdam

142 4520 244 4572 καὶ
273 4517 504 4587 ἐνούσης
534 4516 683 4587 αὐτῷ
712 4516 994 4586 ποιότητος
1023 4514 1259 4585 φυσικῆς
1279 4515 1518 4570 διακονεῖ
1542 4523 1602 4568 τέ
1642 4515 1738 4568 καὶ

1846 4511 2014 4568 veluti
2055 4510 2438 4581 cognationem
2492 4512 2706 4567 sanctis
2737 4509 2955 4575 inserit,
3006 4510 3274 4581 Spiritum
3311 4511 3421 4568 lar-

140 4610 399 4680 διανέμει
430 4611 541 4673 τοῖς
567 4609 808 4680 κλήμασι
831 4608 928 4678 τὴν
961 4608 1283 4673 ἀπόλαυσιν,
1319 4606 1492 4670 οὕτως
1523 4609 1552 4660 ό
1583 4623 1741 4675 μονο-

141 4704 315 4774 γενὴς
361 4701 457 4755 τοῦ
508 4700 643 4755 Θεοῦ
685 4702 880 4768 Λόγος,
901 4702 1001 4769 τῆς
1038 4716 1098 4752 τε
1132 4699 1225 4752 τοῦ
1251 4698 1386 4752 Θεοῦ
1410 4700 1503 4751 καὶ
1527 4697 1740 4767 Πατρὸς

142 4793 244 4845 καὶ
288 4792 392 4863 τῆς
448 4791 642 4846 ἑαυτοῦ
680 4791 897 4860 φύσεως
931 4790 1031 4860 τὴν
1072 4790 1237 4843 οἱονεὶ
1281 4789 1605 4857 συγγένειαν
1624 4790 1753 4851 τοῖς

139 4886 328 4954 ἁγίοις
363 4885 629 4957 ἐντίθησι,
665 4885 727 4937 τὸ
751 4882 976 4953 Πνεῦμα
1001 4881 1207 4945 διδοὺς,
1240 4879 1337 4933 ἆτε
1371 4880 1435 4951 δὴ
1459 4881 1555 4934 καὶ
1615 4898 1739 4933 συν-

132 4966 433 5030 ἐνωθεῖσιν
461 4975 612 5047 αὑτῷ
634 4975 724 5029 διὰ
751 4991 812 5027 τε
843 4974 940 5042 τῆς
972 4973 1209 5036 πίστεως
1239 4972 1332 5028 καὶ
1364 4973 1461 5041 τῆς
1501 4973 1733 5027 εἰσάπαν

138 5068 430 5136 ὁσιότητος
462 5085 476 5098 ·
502 5067 691 5139 τρέφει
736 5067 793 5119 δὲ
839 5066 976 5136 πρὸς
1018 5064 1322 5127 εὐσέϐειαν,
1374 5065 1471 5117 καὶΙ
1502 5061 1735 5136 ’ἀπάσης

138 5158 336 5222 αὐτοῖς
362 5158 566 5228 ἀρετῆς
593 5159 684 5212 κα)⁵
712 5154 1081 5227 ἀγαθουργίας
1121 5155 1324 5223 εἴδησιν
1356 5154 1731 5225 ἐνεργάζεται.

138 5249 405 5320 Γεωργὺν
447 5249 505 5303 δέ
539 5266 672 5319 φησι
717 5250 809 5302 τὸν
843 5247 1084 5320 Πατέρα,
1129 5244 1220 5298 διὰ
1268 5244 1428 5299 ποίαν
1475 5238 1585 5317 ἆρα
1640 5248 1737 5301 καὶ

134 5340 308 5393 τοῦτο
338 5341 522 5395 αἰτίαν
550 5358 567 5405 ;
597 5340 731 5395 Οὐδὲ
760 5341 870 5411 γὰρ
898 5337 1229 5409 ἄπρακτοςῆ
1269 5335 1465 5408 ἄεργος
1486 5341 1567 5401 εἰς
1593 5341 1738 5411 ἡμᾶς

134 5433 168 5484 ὁ
200 5432 420 5503 Πατὴρ,
449 5432 741 5504 τρέφοντος
777 5448 837 5484 τε
870 5430 966 5484 καὶ
1010 5428 1324 5499 συνέχοντος
1356 5431 1437 5494 είς
1472 5431 1535 5484 τὸ
1596 5428 1739 5487 εἶναι

135 5519 331 5584 καλῶς
355 5520 450 5575 τοῦ
476 5519 609 5573 Υἱοῦ
632 5520 691 5572 ἐν
712 5517 852 5588 ἁγίῳ
866 5517 1165 5588 Πνεῦματι,
1196 5518 1326 5589 ὅλης
1343 5517 1398 5572 δὲ
1418 5517 1607 5592 ὥσπερ
1633 5521 1735 5591 τῆς

135 5611 312 5678 ἁγίας
338 5611 435 5664 καὶ
462 5609 748 5681 όμοουσίου
778 5610 1004 5681 Τριάδος
1046 5609 1206 5680 ἔργον
1238 5610 1385 5662 ἐστὶν
1410 5612 1443 5681 ἡ
1470 5612 1577 5665 τῶν
1611 5614 1733 5667 καθ’

215 5721 268 5753 ⁷⁸
304 5720 351 5775 ll
387 5720 540 5776 Patr.
582 5737 632 5784 ι,
661 5719 716 5772 4.
791 5720 837 5751 ³⁸
868 5721 889 5773 l
921 5721 1049 5775 Cor.
1084 5735 1135 5775 vr
1162 5762 1176 5789 ,
1211 5720 1298 5775 17.

136 5809 230 5860 ιι,
260 5791 313 5846 6.
389 5792 436 5824 ⁸⁸
472 5791 493 5845 Ι
526 5790 694 5844 Joan.
730 5804 827 5857 ιιι,
865 5790 955 5844 Si.

1399 5724 1443 5754 “
1479 5726 1498 5778 l
1536 5724 1663 5780 Cor.
1705 5728 1800 5792 nt‘,
1840 5728 1923 5784 11.

1836 4603 1994 4674 giens
2043 4602 2112 4657 iis
2158 4601 2508 4671 potissimum
2552 4602 2649 4672 qui
2680 4603 2823 4658 uniti
2858 4590 2984 4659 sunt
3018 4603 3068 4659 ei
3103 4607 3199 4674 ρει·
3226 4602 3415 4671 ﬁdem,

1836 4702 1893 4751 et
1937 4695 2309 4750 onmimodam
2361 4695 2738 4761 sanctitatem,
2789 4710 2999 4765 eosque
3031 4695 3101 4750 ad
3157 4695 3415 4766 pietatem

1838 4787 1955 4853 alit,
1996 4788 2283 4858 omnisque
2310 4787 2534 4843 virtutis
2567 4803 2633 4842 ac
2667 4787 2929 4844 bonitatis
2964 4787 3328 4859 cognitionem
3357 4786 3414 4842 in

1837 4877 1906 4934 iis
1964 4886 2247 4948 operatur.
2310 4877 2622 4947 Agricolam
2686 4893 2819 4933 vero
2866 4876 3082 4933 Patrem
3144 4876 3413 4940 nominat,

1835 4985 2024 5041 quam,
2068 4984 2287 5040 precor,
2327 4969 2398 5025 ob
2444 4970 2717 5026 causam?
2743 4968 2857 5025 Nec
2885 4969 3030 5025 enim
3062 4968 3276 5023 otiosus
3321 4977 3417 5022 aut

1835 5067 2087 5116 cessator
2116 5074 2245 5130 erga
2291 5074 2394 5116 nos
2425 5068 2511 5115 est
2555 5060 2738 5124 Pater,
2780 5061 2910 5116 dum
2947 5057 3120 5112 Filius
3158 5068 3263 5113 nos
3313 5075 3416 5112 nu-

1838 5151 1934 5205 trit
1960 5166 2025 5206 ac
2055 5149 2203 5206 fovet
2233 5151 2289 5206 in
2324 5159 2517 5207 sancto
2550 5150 2793 5222 Spiritu;
2829 5151 2923 5206 sed
2951 5149 3122 5203 totius
3147 5148 3418 5218 quodam-

1836 5242 2000 5299 modo
2043 5253 2210 5315 atque
2257 5243 2748 5312 consubstantialis
2802 5239 3091 5295 Trinitatis
3130 5254 3271 5309 opus
3306 5241 3411 5295 in-

1838 5337 2108 5394 stauratio
2137 5344 2331 5393 nostra
2362 5345 2467 5405 est,
2497 5345 2552 5392 et
2584 5336 2654 5391 ad
2682 5342 2850 5389 totam
2884 5336 3140 5388 naturam
3161 5331 3411 5388 divinam

1831 5430 2075 5500 pertinet
2120 5429 2369 5484 omnium
2419 5444 2542 5498 qua:
2581 5427 2650 5481 ab
2696 5426 2814 5494 ipsa
2856 5424 2993 5478 tiunt
3039 5424 3295 5479 voluntas
3345 5439 3411 5480 ac

1842 5528 2107 5592 potestas.
2124 5518 2479 5587 Proindeque
2509 5519 2563 5572 in
2595 5515 2829 5572 solidum
2861 5515 3027 5570 etiam
3062 5514 3117 5571 in
3148 5530 3257 5570 una
3281 5531 3409 5588 per-

1841 5628 1975 5668 sona
2006 5628 2039 5667 a
2076 5611 2236 5667 nobis
2279 5609 2638 5681 gloriﬁcatur.
2676 5608 3022 5664 Servatorem
3066 5608 3268 5664 etenim
3310 5622 3412 5662 vo-

2026 5728 2070 5759 "
2111 5724 2319 5781 lJoan.
2359 5739 2446 5792 tv,
2477 5727 2562 5780 13.
2668 5724 2713 5756 ⁸³
2746 5723 2884 5780 ibid.
2931 5722 3015 5779 i6.
3116 5723 3163 5755 “
3197 5719 3217 5776 Ι
3248 5719 3410 5779 Joau.
