3992 6316
562 381 670 438 335

1591 385 1646 440 S.
1686 381 1962 440 CYRILLI
1987 381 2164 438 ALEX
2177 381 2459 436 ANDRINI
2497 381 2813 439 ARCHIEP.

3706 381 3839 438 33G

563 511 756 552 camus
795 493 988 558 Deum,
1025 510 1132 549 non
1178 498 1410 554 seorsim
1445 500 1664 570 quidem
1697 499 1868 564 Patri,
1901 499 2113 555 seorsin

2239 500 2387 568 ἡμᾶς
2415 498 2808 569 ἐπανόρθωσις,
2844 497 2937 552 καὶ
2968 497 3052 550 διὰ
3079 496 3254 565 πάσης
3288 495 3506 566 ἔρχεται
3539 497 3637 568 τῆς
3665 498 3840 560 θείας

561 600 742 642 autem
793 586 893 656 ipsi
946 585 1107 652 Filio,
1156 588 1274 644 sive
1323 601 1517 646 sancto
1564 592 1772 661 Spiritu
1825 592 2130 661 gratiarum

559 679 806 733 actiones
854 678 926 731 ob
964 693 1027 733 ea
1075 693 1199 749 qua:
1245 682 1686 738 misericorditer
1717 682 2002 738 consecuti
2037 696 2132 736 su-

557 784 678 824 mus
707 768 1053 838 ,referentes,
1091 771 1186 826 sed
1217 786 1409 826 revera
1439 772 1743 827 divinitatis
1785 772 1950 828 unius
1989 785 2131 842 opus

555 868 804 914 nostram
829 861 1063 915 salutem
1095 875 1217 916 esse
1257 861 1524 917 dicentes.
1575 861 1731 918 Licet
1763 878 1894 934 ergo
1930 862 2133 932 cuique

553 965 803 1020 personae
854 951 1021 1005 tribui
1071 952 1324 1008 videatur
1368 953 1576 1024 aliquid
1607 969 1797 1009 eorum
1845 969 1968 1024 quae
1997 967 2128 1023 erga

554 1058 676 1104 nos,
709 1049 800 1095 aut
827 1056 954 1111 erga
980 1050 1290 1098 creaturam
1325 1041 1484 1107 ﬁunt,
1531 1045 1894 1100 nihilominus
1947 1053 2130 1101 tamen

554 1133 831 1190 credimus
865 1142 1063 1188 cuncta
1086 1148 1208 1189 esse
1239 1149 1269 1187 a
1301 1133 1461 1189 Patre
1509 1150 1606 1205 per
1651 1134 1852 1190 Filium
1903 1137 1955 1190 in
2005 1135 2129 1206 Spi-

553 1227 686 1283 ritu.
735 1224 1062 1281 Rectissime
1109 1226 1294 1296 itaque
1348 1227 1623 1298 intelliges
1670 1228 1888 1284 Patrem
1937 1244 2039 1286 nos
2068 1230 2127 1285 in

552 1315 808 1388 pietatem
852 1317 1076 1387 quidem
1123 1319 1357 1385 nutrire,
1391 1335 1488 1390 per
1530 1318 1730 1375 Filium
1778 1321 1834 1375 in
1871 1320 2124 1392 Spiritu:

552 1423 788 1477 eumque
811 1423 1002 1464 rursus
1042 1423 1170 1480 erga
1204 1425 1305 1465 nos
1335 1411 1591 1481 agricola:
1615 1412 1790 1467 vicem
1821 1428 2033 1483 gerere,
2070 1412 2126 1468 id

550 1509 636 1554 est
670 1502 985 1572 pr05picere
1019 1510 1074 1557 et
1106 1504 1425 1569 observare,
1459 1518 1670 1574 nosque
1699 1505 1848 1558 omni
1887 1519 2020 1560 cura
2045 1505 2128 1560 di-

549 1594 750 1664 rigere,
784 1609 881 1664 per
919 1592 1116 1647 Filium
1158 1594 1213 1648 iu
1257 1593 1486 1664 Spiritu.
1524 1595 1617 1650 Sic
1647 1597 1794 1651 enim
1828 1596 2124 1666 meojudi-

548 1687 636 1739 cio
680 1685 886 1740 rectius
933 1685 1094 1754 longe
1133 1700 1298 1754 quam
1349 1686 1460 1740 alio
1497 1687 1662 1742 modo
1709 1687 2124 1758 pltilosophabi-

549 1790 694 1829 mur.
729 1773 863 1828 Nam
900 1775 948 1830 si
981 1775 1351 1831 concedemus
1389 1791 1839 1847 unumquemque
1886 1778 2120 1834 seorsim

2239 590 2457 658 φύσεως
2477 594 2510 661 ή
2528 592 2612 660 ἐφ’
2626 591 2798 645 ἆπασι
2814 593 2923 653 τοῖς
2945 590 3070 662 παρ’
3100 590 3267 660 αὐτῆς
3285 588 3580 659 δρωμένοις
3599 589 3771 660 θέλησ
3785 590 3840 649 ις

2237 698 2297 734 τε
2314 683 2408 734 καὶ
2431 681 2676 752 δύναμις.
2711 682 2809 740 Διά
2839 680 2996 734 τοῦτο
3026 681 3120 734 καὶ
3149 679 3461 751 ὁλοκλήρως
3501 680 3594 732 καὶ
3622 682 3680 732 ὲν
3737 681 3840 731 ἑνὶ

2239 771 2518 843 προσώπῳ
2550 774 2678 843 παρ’
2701 772 2856 842 ήμῶν
2887 772 3190 838 δοξάζεται.
3221 771 3451 842 Σωτῆρα
3477 771 3583 840 γὰρ
3611 768 3838 823 καλοῦ-

2240 878 2339 932 μεν
2360 862 2451 914 τὸν
2481 861 2612 914 Θεὸν
2635 863 2735 916 οὐκ
2766 861 2872 916 ἀνὰ
2900 862 3066 934 μέρος
3089 863 3185 933 μὲν
3201 861 3282 932 τῷ
3301 861 3498 932 Πατρὶ,
3522 861 3620 914 ἀνά
3648 861 3838 932 μέρος

2235 951 2291 1004 δὲ
2328 950 2572 1022 αὐτῷτῷ
2603 952 2738 1023 Υίῷ,
2777 953 2895 1024 ήτοι
2925 953 3002 1024 τῷ
3029 953 3169 1023 ἁγίῳ
3192 953 3473 1023 Πνεύμοιτι
3502 951 3568 1005 τὰ
3610 951 3696 1022 ἐφ’
3734 947 3837 1013 οἷς

2235 1043 2517 1115 ήλεήμεθα
2540 1043 2968 1115 ἀποκομίζοντες
2995 1046 3348 1116 χαριστήρια,
3382 1044 3495 1096 ἀλλ’
3515 1044 3682 1106 ὄντως
3711 1043 3836 1111 τῆς

2238 1137 2367 1206 μιᾶς
2391 1135 2641 1206 θεότητος
2670 1136 2998 1207 κατόρθωμα
3033 1137 3282 1206 λέγοντες
3307 1135 3405 1206 τὴν
3454 1134 3658 1188 ἑαυτῶν
3708 1151 3833 1186 σω-

2233 1227 2446 1297 τηρίαν.
2477 1227 2595 1282 Κᾶν
2628 1227 2758 1296 γοῦν
2785 1228 2998 1298 ἑκάστῳ
3046 1226 3326 1298 προσώπῳ
3363 1225 3712 1296 διανέμεσθαί
3767 1241 3832 1277 τι

2232 1318 2362 1390 δοκῇ
2386 1317 2494 1374 τῶν
2520 1321 2601 1383 εἰς
2621 1320 2771 1390 ἡμᾶς
2813 1319 3133 1388 γεγονότων,
3177 1321 3304 1390 ήτοι.
3336 1318 3443 1372 τῶν
3487 1319 3826 1389 ἑνεργουμέο

2233 1427 2339 1464 νων
2395 1411 2522 1480 περὶ
2573 1408 2671 1481 τὴν
2723 1410 2924 1473 κτίσιν,
2956 1411 3070 1462 ἀλλ’
3112 1411 3263 1464 οὐδὲν
3296 1404 3457 1480 ἧττον
3480 1411 3825 1479 πιστεύομεν

2231 1502 2312 1555 ὅτι
2350 1501 2528 1555 πάντα
2555 1501 2671 1554 ἑστὶ
2707 1501 2858 1572 παρά
2893 1499 2986 1554 τοῦ
3026 1501 3238 1572 Πατρὸς
3272 1501 3340 1554 δι’
3386 1501 3512 1554 Υἱοῦ
3536 1502 3590 1554 ἑν
3634 1501 3825 1553 Πνεύ-

2232 1609 2385 1664 ματι.
2434 1593 2668 1664 Νοήσεις
2722 1588 2816 1646 οὖν
2863 1592 2973 1664 ἀρα
3013 1591 3110 1646 καὶ
3149 1592 3268 1646 λίαν
3309 1591 3484 1664 ὀρθῶς
3511 1593 3589 1646 ὅτι
3612 1591 3823 1666 τρέφει

2233 1686 2334 1756 μὲν
2359 1686 2506 1756 ἡμᾶς
2533 1686 2613 1749 είς
2638 1684 2921 1739 εὐσέϐειαν
2960 1687 2988 1738 6
3015 1684 3204 1756 Πατὴρ
3247 1685 3314 1738 δι’
3346 1685 3480 1738 Υίοῦ
3529 1687 3585 1738 ἑν
3634 1685 3824 1738 Πνεύο

2233 1795 2364 1849 ματι
2389 1794 2403 1807 ·
2439 1778 2677 1848 γεωργεῖ
2697 1776 2752 1830 δὲ
2780 1772 2846 1831 αὖ
2873 1776 3051 1841 πάλιν,
3080 1776 3224 1831 τοῦτ’
3247 1776 3411 1841 ἔστιν,
3438 1777 3605 1849 ἐφορᾷ
3629 1794 3689 1830 τε
3715 1778 3822 1830 καὶ

547 1863 756 1934 aliquid
801 1866 1018 1934 operari
1069 1863 1216 1935 quod
1265 1865 1496 1920 alterius
1537 1880 1650 1921 non
1689 1881 1814 1922 esse
1848 1867 2113 1932 dicamus,

2226 1869 2634 1934 ἑπισκέπτεται,
2671 1869 2766 1922 καὶ
2804 1868 3083 1941 φροντίδος
3105 1869 3205 1939 τῆς
3229 1868 3630 1940 ἑπανορθούσης
3663 1867 3822 1932 ἀξιοῖ

546 1971 676 2010 num
708 1957 998 2026 quisquam
1037 1956 1299 2026 ambiget,
1329 1971 1453 2011 cum
1488 1957 1614 2012 vitis
1644 1955 1821 2014 Filius
1850 1974 2000 2013 nunc
2030 1974 2124 2031 ap-

545 2048 779 2116 pellatus
809 2048 904 2111 sit,
938 2047 1100 2102 Pater
1144 2054 1330 2102 autem
1381 2047 1644 2118 agricola,
1680 2063 1782 2121 uos
1803 2049 1874 2103 ali
1902 2048 2120 2119 quidem

545 2135 778 2190 seorsim
814 2143 870 2190 et
897 2134 1068 2191 foveri
1104 2151 1134 2190 a
1170 2136 1292 2192 solo
1322 2135 1481 2203 Filio,
1511 2153 1544 2192 a
1586 2138 1747 2194 Patre
1775 2154 1911 2196 vero
1945 2140 2118 2196 solam

544 2240 647 2280 nos
679 2226 952 2279 culturam
983 2227 1222 2282 habere?
1254 2226 1364 2281 Viti
1391 2229 1537 2283 enim
1564 2230 1845 2300 proprium
1875 2239 1958 2285 est
1987 2247 2120 2287 suos

544 2317 760 2395 nutrire
792 2318 1083 2388 palmites:
1117 2321 1369 2390 agricolae
1409 2336 1538 2377 vero
1586 2321 1758 2392 859
1777 2323 1896 2392 ejus
1927 2337 2116 2378 curam

545 2409 769 2465 habere.
817 2408 920 2465 Sed
961 2411 1008 2465 si
1043 2422 1189 2468 recte
1217 2414 1488 2482 sapimus,
1527 2417 1755 2469 omnino
1796 2415 2116 2484 putabimus

545 2515 719 2570 neque
750 2501 888 2556 illud
921 2503 1130 2573 absque
1160 2503 1345 2570 Patre,
1379 2521 1558 2575 neque
1609 2505 1760 2560 aliud
1806 2507 1928 2561 sine
1977 2503 2117 2560 Filio

505 2599 637 2648 ‘scu
673 2602 868 2649 sancto
901 2593 1113 2664 Spiritu
1143 2610 1375 2665 prorsus
1399 2597 1608 2669 peragi.
1655 2597 1866 2653 Cuncta
1901 2598 2050 2654 enim
2084 2613 2114 2654 a

539 2683 704 2739 Patre
739 2700 835 2756 per
867 2685 1066 2741 Filium
1100 2687 1155 2742 in
1191 2687 1425 2758 Spiritu,
1465 2690 1632 2746 sicuti
1680 2689 1940 2745 diximus.
1988 2691 2115 2745 Sin-

538 2776 716 2846 gulari
754 2784 938 2842 autem
971 2779 1208 2834 consilio
1235 2777 1500 2834 Servator
1520 2781 1683 2835 etiam
1713 2797 1860 2836 nunc
1895 2780 2113 2836 Patrem

542 2853 1112 2940 appell'ar'a'gricolam
1141 2889 1155 2938 ;
1185 2886 1349 2940 quam
1383 2887 1515 2927 vero
1560 2876 1630 2928 ob
1658 2887 1906 2938 causam,
1947 2887 2114 2943 grave

540 2977 650 3016 non
683 2961 788 3017 erit
814 2978 1112 3032 exponere.
1164 2963 1242 3019 Ne
1297 2967 1423 3035 quis
1471 2971 1620 3023 enim
1666 2976 1886 3038 putaret
1931 2969 2112 3023 solum

544 3050 895 3122 Unigenitum
937 3055 1113 3109 nostri
1140 3071 1333 3110 curam
1368 3071 1556 3126 agere,
1587 3057 1808 3114 Patrem
1838 3073 1904 3114 ac
1938 3059 2110 3115 Deum

537 3144 709 3198 veluti
755 3153 1174 3214 cooperatorem
1223 3146 1462 3213 induxit,
1495 3147 1735 3218 seipsum
1775 3149 2001 3218 quidem
2030 3148 2114 3204 vi-

2223 1960 2294 2014 δι’
2323 1959 2453 2013 Υἱοῦ
2479 1961 2538 2012 ἑν
2567 1959 2867 2030 Πνεύματι.
2903 1958 3245 2030 Λογιορμεθα
3263 1958 3369 2028 γὰρ
3401 1959 3597 2029 μᾶλλον
3630 1959 3818 2021 οὕτως

2223 2050 2578 2122 ὀρθῶς,ήπερ
2604 2045 2697 2104 οὖν
2721 2048 2942 2118 ἑτέρως,
2963 2049 3102 2102 κατά
3131 2065 3194 2117 γε
3225 2049 3316 2102 τὸν
3350 2049 3616 2119 ἡμέτερον
3641 2047 3800 2100 νοῦν.

2222 2143 2287 2198 El
2332 2143 2442 2214 γὰρ
2489 2142 2704 2212 ἑκάστῳ
2741 2140 2985 2212 δώσομεν
3020 2141 3122 2195 ἀνὰ
3168 2139 3332 2212 μέρος
3372 2139 3713 2212 ἐργάσασθαί
3754 2157 3814 2192 τι

2221 2236 2330 2290 τῶν
2357 2235 2478 2290 καθ’
2505 2236 2675 2306 ἡμᾶς,
2711 2234 2741 2288 ὸ
2772 2235 2910 2305 μήτε
2931 2233 3028 2286 τοῦ
3069 2233 3258 2305 ἑτέρου
3285 2233 3446 2303 τυχὸν
3501 2229 3639 2286 εἷναί
3697 2251 3813 2302 φα-

2224 2345 2341 2400 μεν,
2370 2327 2487 2390 πῶς
2519 2328 2621 2380 οὐκ
2648 2325 3038 2396 ἀναμφίλογον,
3078 2323 3153 2387 ὡς
3175 2323 3403 2394 ἐπείπερ
3431 2322 3673 2392 ἄμπελος
3709 2323 3813 2392 μὲν

2218 2422 2247 2473 6
2289 2418 2417 2480 Υἱὸς
2466 2416 2781 2487 ὠνόμασται
2822 2413 2939 2479 νῦν,
2995 2413 3239 2483 γεωργὸς
3289 2413 3346 2466 δὲ
3377 2415 3406 2466 6
3443 2413 3650 2483 Πατὴρ,
3686 2429 3814 2482 τρε-

2218 2505 2430 2576 φόμεθα
2485 2504 2585 2576 μὲν
2636 2503 2853 2571 ίδικῶς,
2919 2501 3254 2573 συνεχόμεθά
3303 2518 3364 2554 τε
3433 2501 3567 2572 πρὸς
3617 2502 3682 2554 τὸ
3747 2497 3811 2554 εὗ

2217 2593 2358 2652 εἶναι
2395 2595 2548 2666 παρά
2584 2596 2746 2666 μόνου
2809 2593 2905 2649 τοῦ
2950 2592 3102 2647 Υἱοῦ·
3159 2591 3310 2663 παρά
3348 2592 3404 2645 δέ
3440 2609 3502 2661 γε
3543 2592 3636 2644 τοῦ
3692 2594 3810 2644 Πα-

2214 2689 2342 2762 τρὸς
2385 2688 2549 2759 ψιλὴν
2604 2687 2802 2758 ἔχομεν
2865 2685 2963 2756 τὴν
3012 2685 3342 2754 ἑπίσκεψινς
3394 2683 3649 2754 Ἀμπέλῳ
3709 2684 3812 2755 μὲν

2215 2783 2322 2855 γὰρ
2360 2785 2422 2836 τὸ
2445 2783 2666 2854 τρέφειν
2706 2781 2905 2833 οίκεϊον
2937 2777 3006 2832 τὰ
3038 2777 3143 2832 [δια
3177 2777 3452 2847 κλήματα,
3507 2776 3586 2846 τῷ
3616 2777 3675 2830 δὲ
3708 2796 3813 2848 γη-

2215 2876 2469 2930 πονοῦντι
2526 2875 2589 2928 τὸ
2625 2870 3072 2926 ἐπισκέπτεσθαι.
3146 2869 3284 2922 Ἀλλ’
3321 2870 3435 2937 εἴγε
3497 2868 3811 2940 φρονοῦμεν

2213 2969 2410 3040 ὀρθῶς,
2438 2964 2759 3039 ἡγησόμεθα
2784 2963 2848 3035 δὴ
2883 2963 3121 3027 πάντως,
3153 2962 3237 3016 ὅτι
3265 2960 3388 3014 οὔτε
3429 2963 3606 3013 ἑκεῖνο
3633 2960 3810 3031 χωρὶς

2211 3060 2306 3114 τοῦ
2342 3059 2574 3130 Πατρὸς,
2597 3055 2722 3110 οὕτε
2764 3054 2870 3126 μὴν
2897 3054 2958 3107 τὸ
2985 3054 3172 3124 ἕτερον
3204 3052 3327 3122 δίχα
3351 3051 3444 3105 τοῦ
3465 3051 3617 3114 Υίοῦ,
3635 3051 3811 3120 ἤγουν

2213 3151 2306 3204 τοῦ
2343 3150 2502 3218 ἁγίου
2563 3146 2878 3217 Πνεύματος
2924 3143 3293 3219 κατορθώσειε
3336 3142 3397 3195 τὸ
3430 3143 3559 3196 πᾶν.
3611 3142 3804 3194 Πάντα

539 3242 648 3289 tem
697 3236 992 3292 nominans
1031 3254 1154 3320 que
1187 3238 1508 3308 palmitibus
1540 3217 1660 3294 suis
1692 3217 1862 3294 vitam
1910 3238 2113 3311 largia-

2217 3242 2326 3311 γὰρ
2355 3217 2505 3312 παρὰ
2529 3239 2740 3308 Πατρὸς
2771 3238 2840 3291 δι’
2869 3236 3001 3290 Υἱοῦ
3028 3238 3084 3288 ἑν
3107 3217 3405 3305 Πνεύματι,
3443 3232 3698 3302 καθάπερ
3725 3235 3810 3284 εἰ-

538 3336 630 3380 tur
674 3334 728 3382 et
771 3326 1203 3397 fecunditatem;
1251 3329 1467 3385 Patrem
1519 3339 1701 3387 autem
1751 3331 2058 3402 agricolam
2095 3375 2111 3399 ,

537 3434 636 3490 per
667 3420 773 3475 hoc
799 3437 994 3476 rursus
1019 3421 1224 3476 docens
1250 3422 1412 3477 aliam
1437 3423 1732 3494 quamdam
1757 3425 1958 3478 divinae
1981 3424 2114 3479 sub-

537 3514 754 3566 stantia:
797 3527 925 3582 erga
972 3527 1073 3567 nos
1108 3515 1486 3582 Operationem
1531 3514 1760 3585 peragi,
1813 3514 2113 3584 providen-

538 3603 667 3656 tiam
705 3603 967 3658 nimirum
1020 3619 1086 3660 ao
1117 3619 1329 3661 curam.
1385 3604 1614 3661 Discere
1658 3608 1865 3676 quippe
1910 3619 2115 3661 conve-

536 3693 724 3750 niebat
756 3692 922 3750 Deum
957 3711 1058 3751 nos
1093 3711 1202 3750 non
1234 3703 1446 3750 tantum
1483 3711 1601 3752 suae
1632 3705 1920 3753 consortes
1954 3706 2115 3750 natu-

534 3803 609 3842 rae
651 3784 856 3842 fecisse
886 3786 954 3852 ⁸³,
1002 3788 1057 3841 in
1094 3796 1289 3842 sancta
1321 3797 1376 3842 et
1402 3788 1873 3842 consubstantiali
1925 3787 2110 3842 Trini-

535 3885 644 3930 tate
691 3885 1042 3946 conceptum,
1087 3878 1182 3932 sed
1210 3885 1265 3932 et
1292 3878 1472 3934 nostri
1521 3892 1794 3932 summam
1837 3893 2027 3932 curam
2058 3887 2112 3933 et

534 3969 938 4039 providentiam
972 3984 1155 4038 agere,
1197 3984 1362 4038 quam
1395 3970 1498 4024 sub
1523 3970 1880 4039 agricultura:
1926 3984 2110 4025 exem-

535 4061 624 4128 plo
655 4068 804 4114 recte
833 4069 889 4115 et
917 4071 1291 4115 consentanee
1321 4061 1409 4115 hic
1437 4059 1825 4130 intelligimus.
1856 4061 1995 4115 Vitis
2041 4060 2111 4117 si-

533 4150 752 4220 quidem
806 4149 1039 4220 ejusque
1081 4151 1368 4220 palmitum
1426 4150 1570 4204 facta
1609 4151 1763 4220 prius
1802 4151 2106 4217 mentione,

533 4241 812 4312 quomodo
861 4256 973 4295 non
1023 4243 1260 4296 maxime
1287 4241 1544 4296 convenit
1575 4242 1870 4310 agricolam
1917 4243 2006 4297 hic
2033 4243 2110 4298 si-

533 4333 808 4404 gnificari,
839 4350 951 4403 quo
997 4349 1178 4388 rerum
1221 4335 1469 4390 omnium
1507 4335 1790 4405 inspector
1829 4336 2109 4406 guberna-

533 4434 734 4493 torque
783 4424 1146 4494 significatur,
1181 4426 1440 4480 nimirum
1484 4425 1672 4482 Deus?
1706 4425 1860 4493 Quod
1893 4427 1937 4482 si
1986 4429 2107 4482 cr'e-

2218 3331 2492 3404 ρήκαμεν.
2551 3327 2924 3398 Οίκονομικῶς
2983 3325 3041 3379 δὲ
3093 3323 3212 3378 λίαν
3259 3324 3354 3378 καὶ
3390 3323 3486 3377 νῦν
3529 3325 3558 3376 6
3610 3323 3810 3394 Σωτὴρ

2214 3424 2459 3495 γεωργὸν
2491 3422 2744 3493 ὠνόμασε
2779 3419 2870 3474 τὸν
2915 3419 3158 3489 Πατέρα,
3191 3418 3286 3472 καί
3326 3435 3410 3480 τις
3459 3416 3567 3487 ἄρα
3606 3417 3808 3484 γέγονε

2212 3514 2402 3569 τούτου
2430 3513 2722 3583 πρόφασις,
2739 3511 2890 3566 οὐδὲν
2918 3511 3052 3573 ὅλως
3073 3512 3246 3563 εἰπεῖν
3271 3508 3526 3580 χαλεπόν.
3550 3509 3671 3562 Ἵνα
3692 3509 3807 3578 γὰρ

2217 3607 2292 3678 μή
2321 3624 2403 3670 τις
2431 3605 2612 3676 οἴηται
2655 3604 2817 3674 μόνου
2861 3601 2956 3656 τοῦ
3014 3600 3354 3669 Μονογενοῦς
3402 3600 3502 3671 τὴν
3551 3602 3636 3668 ἐφ’
3667 3603 3810 3669 ήμίν

2212 3695 2467 3767 γενέσθαι
2491 3693 2764 3767 φροντίδα,
2817 3691 3155 3763 συνεργάτην
3204 3690 3392 3760 ὥσπερ
3441 3689 3804 3758 είσκεκόμικε

2212 3784 2304 3838 τὸν
2333 3787 2550 3852 Πατέρα
2600 3783 2694 3836 καὶ
2746 3780 2900 3846 Θεὸν,
2960 3780 3149 3833 ἑαυτὸν
3190 3779 3286 3850 μὲν
3338 3778 3586 3849 ἄμπελον
3628 3776 3805 3830 εἰπὼν

2210 3877 2324 3937 τοῖς
2358 3873 2506 3936 ἰδίοις
2561 3871 2802 3943 κλήμασι
2863 3870 3204 3942 χορηγοῦσαν
3255 3869 3352 3940 τὴν
3395 3869 3565 3940 ζωὴν,
3615 3867 3706 3920 καὶ
3737 3867 3804 3919 τὸ

2210 3965 2468 4021 δύνασθαι
2495 3965 2879 4035 καρποφορεῖν,
2915 3963 3161 4034 γεωργὸν
3203 3962 3259 4014 δὲ
3295 3961 3386 4014 τὸν
3410 3962 3753 4030 γεννήσαντα
3782 3977 3793 3986 ·

2211 4059 2307 4113 καὶ
2333 4057 2423 4111 διὰ
2443 4056 2630 4110 τούτου
2665 4055 2848 4121 πάλιν,
2883 4055 3076 4126 ἑτέραν
3125 4055 3315 4124 ὥσπερ
3341 4052 3468 4106 τινὰ
3512 4053 3613 4122 τῆς
3643 4053 3798 4121 θείας

2209 4145 2396 4208 οὐσίας
2419 4145 2705 4214 ἑνέργειαν
2758 4143 2856 4215 τὴν
2880 4144 3000 4198 κατ’
3033 4143 3321 4213 ἐπίσκεψιν
3351 4142 3670 4212 νοουμένην,
3709 4143 3798 4203 εἰς

2208 4237 2357 4308 ἡμᾶς
2376 4234 2740 4289 ἐπιτελεῖσθαι
2767 4234 3052 4290 διδάσκων.
3085 4235 3232 4288 Ἔδει
3279 4233 3405 4304 γὰρ,
3440 4233 3552 4286 ἔδει
3588 4231 3794 4304 μανθά-

2207 4345 2320 4381 νειν
2349 4328 2518 4398 ἡμᾶς,
2548 4326 2623 4390 ὡς
2655 4328 2718 4380 οὐ
2757 4327 2916 4399 μόνον
2955 4327 3245 4390 κοινωνοὺς
3296 4327 3396 4396 τῆς
3443 4325 3643 4380 ἑαυτοῦ
3685 4324 3794 4391 φύ-

2209 4438 2348 4485 σεως
2377 4421 2734 4492 ἐξειργάσατο
2794 4421 2926 4484 Θεὸς
2969 4423 3028 4474 ἑν
3080 4422 3213 4492 ἁγίᾳ
3256 4437 3315 4473 τε
3374 4420 3470 4473 καὶ
3513 4419 3791 4490 ὀμοουσίῳ

533 4516 716 4571 dimus
757 4516 1087 4570 naturaliter
1129 4517 1351 4588 quidem
1397 4533 1464 4572 ac
1506 4533 1632 4573 vere
1667 4518 1865 4572 Filium
1895 4534 2018 4574 csse
2047 4520 2102 4573 in

2216 4513 2400 4581 Τριάδι
2429 4511 2736 4583 νοούμενοςο
2772 4511 2907 4566 ἀλλὰ
2945 4511 3040 4564 καὶ
3081 4511 3190 4566 τῶν
3234 4510 3352 4565 καθ’
3379 4511 3528 4580 ἡμᾶς
3565 4507 3791 4580 ἀκριϐε-

533 4621 636 4660 suo
676 4605 860 4670 Patre,
903 4613 958 4661 et
988 4606 1192 4662 habere
1221 4607 1276 4661 in
1308 4623 1406 4662 sua
1444 4618 1640 4664 natura
1693 4611 1933 4674 Patrem,
1971 4625 2104 4666 cun-

531 4709 621 4753 cta
660 4713 758 4768 per
793 4697 985 4754 ambos
1014 4698 1070 4752 in
1103 4697 1314 4768 Spiritu
1357 4713 1458 4755 ceu
1496 4717 1562 4755 ex
1594 4717 1703 4756 una
1738 4701 1944 4756 deitate
1990 4717 2106 4772 per-

529 4802 786 4861 agentur,
818 4806 922 4846 nec
955 4805 987 4845 a
1020 4793 1180 4848 nobis
1215 4793 1428 4850 alendis
1456 4793 1621 4850 Pater
1662 4795 2012 4860 excludetur,
2049 4802 2104 4850 et

531 4900 560 4936 a
593 4884 766 4938 nostri
813 4885 1036 4938 cultura
1078 4883 1251 4942 Filius
1283 4902 1628 4958 nequaquam
1662 4890 1880 4943 alienus
1909 4903 2103 4944 cense-

530 4971 699 5032 bitur,
740 4971 1056 5042 idquejure
1077 4974 1297 5030 merito.
1331 4974 1434 5031 Ubi
1473 4977 1620 5030 enim
1658 4985 1870 5030 natura:
1906 4976 2102 5030 identi-

527 5071 613 5114 tas
645 5076 740 5131 per
766 5062 950 5116 omnia
983 5062 1178 5119 similis
1213 5066 1479 5130 cernitur,
1517 5065 1592 5119 ibi
1619 5064 1876 5135 quamvis
1912 5065 2101 5120 multis

525 5153 806 5222 variisque
831 5153 1008 5209 modis
1036 5154 1154 5210 fieri
1190 5157 1456 5210 nonnulla
1503 5155 1818 5221 videantur,
1865 5170 1972 5208 non
2013 5164 2100 5211 est

526 5251 705 5298 tamen
749 5245 996 5314 operatio
1024 5246 1264 5302 diversa.
1297 5245 1433 5301 Cum
1470 5253 1657 5300 autem
1693 5261 1799 5299 una
1851 5246 1924 5299 sit
1963 5246 2097 5299 sub-

527 5337 754 5405 stantia,
805 5337 856 5390 id
892 5347 996 5404 est,
1037 5352 1165 5393 vera
1197 5345 1251 5392 et
1286 5336 1592 5392 secundum
1625 5344 1878 5389 naturam
1913 5337 2097 5394 Deitas

525 5428 581 5482 in
609 5429 782 5483 tribus
815 5429 1203 5500 hypostasibus
1241 5428 1605 5497 intelligatur,
1639 5427 1693 5482 in
1743 5427 1905 5484 Patre
1936 5431 2094 5484 nimi-

523 5533 668 5585 rum,
712 5527 767 5574 et
814 5519 975 5586 Filio,
1017 5529 1320 5587 sanctoque
1365 5516 1597 5587 Spiritu,
1644 5520 1926 5588 quomodo
1979 5537 2089 5577 non

522 5609 1042 5665 manifestissimum
1074 5619 1128 5664 et
1171 5608 1542 5664 indubitatum
1574 5619 1660 5666 est
1709 5612 2084 5684 quodcunque

589 5781 638 5813 ³⁸
673 5780 711 5833 ll
744 5777 890 5832 Pctr.
926 5793 976 5843 ι,
1013 5779 1066 5832 4.

2209 4602 2409 4673 στάτην
2435 4599 2495 4656 εὖ
2534 4602 2679 4672 μάλα
2706 4605 2940 4656 ποιεῖται
2966 4601 3064 4674 τὴν
3091 4603 3399 4671 ἐπίσκεψιν,
3421 4601 3500 4663 ὡς
3516 4602 3575 4653 ἑν
3600 4599 3791 4670 τρόπῳ

2202 4693 2477 4763 γεωργίας
2509 4693 2956 4764 παραληφθεῖσαν
2980 4697 3059 4758 είς
3087 4695 3147 4746 τὸ
3171 4693 3344 4765 παρὸν
3389 4693 3695 4752 ἀκολούθως
3721 4708 3788 4743 τε

2203 4782 2297 4837 καὶ
2333 4784 2536 4855 σφόδρα
2569 4783 2770 4848 καλῶς.
2807 4785 3316 4855 Προωνομασμένης
3345 4783 3457 4856 γὰρ
3490 4783 3742 4854 ἀμπέλου
3767 4822 3782 4846 ,

2199 4875 2295 4929 καὶ
2319 4874 2426 4928 τῶν
2461 4875 2520 4940 ἑξ
2541 4876 2709 4947 αὐτῆς
2735 4876 3051 4948 κλημάτων,
3076 4877 3194 4941 πῶς
3218 4878 3280 4930 οὐ
3315 4876 3434 4929 λίαν
3481 4877 3541 4930 ἑν
3571 4875 3786 4938 τούτοις

2197 4968 2623 5040 πρεπωδεστάτη
2649 4968 2742 5022 τοῦ
2773 4968 3143 5040 γεωργοῦντος
3170 4971 3203 5040 ή
3243 4969 3502 5038 δήλωσις,
3555 4969 3646 5022 τὸν
3675 4967 3784 5019 t7:-

2197 5059 2370 5131 όπτην
2396 5061 2504 5115 τῶν
2526 5061 2666 5114 ὅλων
2697 5061 2793 5116 καὶ
2848 5063 3186 5134 ἐπιμελητήν
3223 5063 3579 5134 εἰσφέρουσα,
3630 5059 3783 5113 τοῦτ’

2197 5150 2310 5204 ἑστι
2345 5152 2510 5218 Θεόν;
2546 5153 2608 5206 Et
2661 5153 2718 5205 δὲ
2779 5155 3224 5225 πεπιστεύκαμεν
3272 5157 3353 5208 ὅτι
3396 5152 3644 5223 φυσικῶς
3673 5152 3783 5220 μὲν

2195 5245 2291 5297 καὶ
2317 5244 2533 5314 ἀληθῶς
2569 5245 2717 5298 ἑστιν
2746 5247 2774 5298 6
2807 5245 2934 5308 Υἱὸς
2964 5248 3021 5300 ἑν
3045 5246 3125 5317 τῷ
3183 5247 3303 5316 ἰδίῳ
3349 5245 3549 5315 Πατρὶ,
3578 5245 3688 5313 ἔχει
3721 5243 3783 5295 δὲ

2195 5338 2254 5389 ἑν
2289 5335 2396 5406 ἰδία
2423 5335 2582 5405 φύσει
2613 5335 2704 5388 τὸν
2736 5337 3094 5405 γεννήσαντα,
3131 5337 3309 5390 πάντα
3371 5335 3439 5390 δι’
3465 5335 3664 5405 ἀμφοῖν
3721 5335 3782 5384 ἑν

2201 5427 2494 5498 Πνεύματι,
2515 5428 2591 5490 ὼς
2623 5429 2688 5480 ἑκ
2718 5429 2845 5498 μιᾶς
2868 5428 3130 5500 Θεότητος
3161 5428 3654 5500 ἐπιτελεσθήσεται,
3678 5429 3784 5480 καὶ

2195 5517 2318 5570 οὗτε
2341 5517 2434 5571 τοῦ
2471 5517 2690 5588 τρέφειν
2743 5521 2889 5588 ἡμᾶς
2941 5521 2970 5571 6
3002 5519 3190 5590 Πατὴρ
3234 5519 3339 5583 ἔξω
3390 5519 3648 5578 κείσεται,
3677 5517 3783 5568 καὶ

2193 5609 2293 5679 τῆς
2318 5609 2402 5677 ἐφ’
2443 5610 2573 5680 ἡμῖν
2600 5610 2874 5680 γεωργίας
2897 5611 2996 5664 οὐκ
3041 5611 3320 5682 ἀλλότριος
3351 5611 3380 5663 6
3417 5611 3541 5674 Υίὸς
3563 5609 3745 5661 νοοῖτο
