3992 6316
232 324 349 382 337

1290 332 1358 390 1N
1383 332 1671 391 JOANNIS
1707 333 2155 395 EVANGELIUM
2196 339 2322 394 LIB.
2353 340 2420 395 Χ.

3370 345 3477 403 358

231 445 335 500 καὶ
361 442 610 508 εἰκότως.
637 444 811 498 Ὅπου
833 445 940 518 γάρ
967 445 1179 516 φύσεως
1203 452 1468 522 ταυτότης
1488 453 1546 508 ἐν
1570 453 1815 524 ἀπαραλ-

1917 454 2081 509 unius
2111 469 2255 526 opus
2274 457 2501 524 dicitur,
2536 457 2590 514 id
2623 459 2790 516 totius
2818 473 2940 516 esse
2981 464 3036 515 et
3065 459 3229 516 unius
3257 460 3476 516 deitatis

233 533 459 597 λάκτοις
487 536 681 606 ὁρᾶται
707 536 908 605 λόγοις,
936 539 1053 593 ἐκεῖ
1079 541 1140 594 τὸ
1165 542 1261 613 τῆς
1295 544 1576 614 ἐνεργείας
1621 548 1680 600 οὐ
1715 562 1811 615 με-

244 624 597 696 μερισμένον,
630 625 731 679 κᾶν
762 628 1020 692 ποικίλως
1046 647 1105 684 τε
1131 632 1225 686 καὶ
1268 633 1540 705 διαφόρως
1569 637 1812 706 ἐνεργεῖ-

241 714 370 768 σθαι
399 716 562 785 τυχὸν
593 718 763 771 νοοῖτό
792 736 921 774 τινι.
948 722 1094 786 Μιᾶς
1145 722 1202 776 δὲ
1227 724 1433 787 οὐσίας,
1485 724 1628 778 τοῦτ’
1658 725 1774 778 ἐστι
1794 763 1810 789 ,

237 808 341 877 τῆς
364 807 599 878 ἀληθοῦς
625 809 717 863 καὶ
749 809 888 865 κατὰ
922 812 1082 880 φύσιν
1116 814 1366 885 θεότητος
1393 815 1451 869 ἐν
1482 817 1657 887 τρισὶν
1683 816 1812 869 ὑπο-

237 899 464 953 στάσεσι
498 901 816 973 νοουμένης,
847 901 905 958 ἐν
953 922 1014 958 τε
1061 905 1139 976 τῷ
1168 907 1364 978 Πατρὶ,
1413 909 1578 979 φημὶ,
1613 909 1706 962 καὶ
1735 908 1813 980 τῷ

236 989 356 1060 Υίῷ
385 991 480 1046 καὶ
506 991 583 1063 τῷ
609 992 750 1063 ἁγίῳ
779 994 1078 1065 Πνεύματι,
1120 997 1236 1061 πῶς
1293 998 1353 1051 οὐ
1390 999 1594 1070 σφόδρα
1621 999 1813 1070 τρανὲς

235 1083 629 1147 ἀνενδοιάστως
650 1084 793 1154 ἔχον,
812 1085 888 1150 ὡς
905 1087 1042 1157 ὅπερ
1064 1088 1130 1142 ἂν
1151 1089 1269 1153 ἑνός
1284 1107 1335 1143 τι
1353 1092 1514 1163 τυχὸν
1535 1093 1814 1164 ἐνέργημα

235 1172 488 1243 λέγηται,
516 1173 674 1226 τοῦτο
696 1175 792 1244 τῆς
825 1175 951 1246 ὅλης
971 1177 1088 1230 ἐστὶ¹
1119 1180 1213 1232 καὶ
1247 1181 1375 1248 μιᾶς
1403 1181 1656 1252 θεότητος
1685 1186 1814 1240 ἀποο

233 1262 501 1333 τέλεσμα,
539 1265 680 1318 κατά
720 1282 782 1333 γε
831 1266 923 1320 τὸν
948 1269 1004 1321 ἐν
1034 1267 1260 1338 δυνάμει
1301 1273 1368 1343 τῇ
1401 1277 1600 1344 φυσικῇ
1631 1274 1809 1344 λόγον.

235 1353 352 1406 Καὶ
378 1353 507 1421 γοῦν
536 1356 565 1406 ὁ
607 1353 808 1426 Κύριος
833 1356 990 1426 ἡμῶν
1023 1359 1228 1429 Ἰησοῦς
1256 1362 1508 1434 Χριστὸς,
1548 1367 1812 1438 συνεργά-

235 1459 341 1512 την
394 1442 478 1510 ἐφ’
521 1441 693 1496 άπασι
754 1445 845 1500 τὸν
902 1447 1118 1518 Πατέρα
1175 1452 1644 1523 παραδεχόμενος,
1702 1459 1812 1520 τοῖς

236 1532 475 1596 ἀνοσίοις
515 1533 790 1598 Ἰουδαίοις
819 1539 948 1590 ποτὲ
992 1539 1287 1610 προσέμιξε
1325 1543 1530 1612 λέγων·
1589 1565 1607 1597 ι
1638 1547 1812 1601 Πολλά

236 1623 379 1677 καλά
408 1624 546 1695 ἔργα
579 1625 754 1693 ἔδειξα
776 1628 900 1698 ὑμῖν
929 1631 994 1684 ἐκ
1021 1632 1114 1686 τοῦ
1142 1633 1354 1704 Πατρός
1379 1653 1502 1705 μου,
1551 1638 1639 1692 διά
1662 1642 1812 1693 ποῖον

236 1716 421 1768 αὐτῶν
445 1716 604 1786 ἔργον
633 1718 877 1783 λιθάζετέ
915 1739 982 1792 με
1006 1740 1021 1788 ;
1044 1742 1062 1774 ι
1080 1724 1190 1777 Καὶ
1218 1725 1376 1780 πάλιν
1397 1727 1525 1797 περὶ
1547 1729 1646 1798 τῆς
1673 1730 1810 1784 κατὰ

1913 560 2074 616 opus,
2101 549 2365 604 naturalis
2399 549 2659 604 nimirum
2713 553 3001 623 potestatis
3033 553 3292 608 ratione?
3324 551 3479 608 Unde

1899 635 2177 694 Dominus
2225 647 2416 695 noster
2445 639 2607 698 Jesus
2639 641 2893 699 Christus
2951 653 3368 721 cooperatorem
3423 646 3475 698 in

1913 728 2129 782 cunctis
2178 727 2395 784 Patrem
2442 729 2672 795 habens.
2706 747 2834 786 cum
2866 731 3072 791 Judazis
3125 737 3311 806 impiis
3345 737 3474 790 olim

1911 817 2239 873 versabatur
2266 819 2488 876 dicens:
2529 840 2547 874 ι
2577 821 2743 877 Multa
2767 823 2908 878 bona
2941 840 3105 895 opera
3135 828 3352 882 ostendi
3377 843 3474 883 vo—

1913 909 1999 964 bis
2037 924 2104 963 ex
2157 909 2318 964 Patre
2367 925 2490 966 meo
2521 926 2533 962 :
2565 920 2787 983 pmpter
2819 913 2964 984 quod
2999 929 3190 970 eorum
3217 931 3356 987 opus
3391 901 3502 972 me.

1913 1000 2170 1070 lapidatis
2201 1001 2289 1056 ‘7?
2315 1020 2332 1053 ι
2365 1003 2429 1056 Et
2461 1018 2657 1061 rursus
2706 1005 2774 1060 de
2805 1005 2953 1062 facto
2983 1007 3036 1061 in
3065 1007 3154 1064 die
3205 1009 3432 1065 Sabbati
3460 1027 3473 1064 :

1919 1109 1937 1142 ι
1975 1090 2135 1146 Pater
2181 1106 2357 1158 meus,
2400 1092 2600 1163 inquit,
2650 1108 2828 1164 usque
2881 1094 3041 1150 modo
3088 1103 3373 1166 operatur,
3423 1105 3477 1151 et

1911 1196 2012 1250 ego
2044 1195 2244 1251 operor
2269 1182 2334 1237 ⁸⁸.
2377 1199 2396 1235 ι
2424 1180 2612 1252 Neque
2635 1185 2944 1240 censuerim
2973 1186 3285 1256 quempiam
3329 1187 3478 1241 arbi-

1912 1274 2048 1328 trari
2096 1289 2219 1329 eum
2270 1273 2478 1338 dicere,
2535 1274 2752 1330 Patrem
2783 1275 3004 1346 quidem
3036 1277 3202 1349 860
3240 1279 3474 1334 seorsim

1912 1364 2120 1434 aliquid
2161 1363 2310 1420 circa
2359 1373 2665 1420 creaturam
2721 1365 2966 1434 operari,
3009 1367 3241 1421 seorsim
3295 1376 3475 1421 autem

1912 1456 2110 1510 Filium
2141 1474 2154 1510 :
2192 1454 2288 1510 sed
2316 1469 2441 1509 cum
2470 1457 2658 1511 omnia
2698 1454 2860 1510 Pater
2887 1471 2983 1525 per
3004 1456 3227 1522 Filium,
3254 1472 3357 1511 nec
3386 1456 3479 1511 ali-

1914 1554 1997 1600 ter
2029 1545 2160 1615 quid
2190 1553 2451 1616 operatus
2485 1560 2725 1616 unquam
2760 1545 2924 1600 fuerit
2954 1546 3067 1616 (hic
3097 1547 3242 1602 enim
3278 1554 3361 1601 est
3390 1561 3480 1600 sa-

1917 1638 2120 1706 pientia
2165 1646 2221 1691 et
2269 1639 2444 1692 virtus
2498 1637 2666 1706 ejus),
2728 1636 2939 1690 ideirco
2986 1634 3202 1692 Patrem
3251 1650 3476 1692 suorum

1914 1740 2141 1795 operum
2191 1725 2453 1780 factorem
2505 1740 2702 1780 rursus
2737 1725 3067 1788 nominavit,
3105 1725 3331 1780 dicens:
3377 1743 3396 1776 ι
3437 1725 3479 1777 Α

233 1805 299 1857 τὸ
317 1785 594 1858 Σάϐϐατον
615 1808 876 1878 ἐργασίας
898 1785 927 1837 ’⁷
949 1828 966 1862 ι
1009 1785 1072 1865 ⁷⁸0
1109 1811 1299 1884 Πατήρ
1335 1785 1678 1886 primaprima),
1711 1818 1813 1882 ἕως

1915 1818 2124 1888 meipso
2160 1817 2298 1870 nihil
2344 1817 2508 1880 facio,
2537 1815 2632 1870 sed
2679 1813 2843 1869 Pater
2868 1815 2923 1868 iu
2966 1830 3051 1870 me
3079 1829 3324 1878 manens,
3361 1815 3479 1884 ipse

235 1897 366 1965 ἄρτι
395 1895 705 1965 ἐργάζεται,
741 1899 897 1967 κάγὼ
919 1901 1242 1972 ἐργάζομαι.
1263 1905 1371 1958 Καὶ
1400 1907 1498 1960 οὐκ
1517 1907 1603 1971 ἂν,
1638 1905 1810 1977 οἶμαι,

234 1987 322 2048 τὶς
354 1986 563 2056 οἰηθείη
591 1987 768 2055 λέγειν
792 1989 976 2057 αὐτὸν,
1010 1989 1086 2054 ὡς
1121 1993 1222 2045 ἀνά
1255 1994 1421 2064 μέρος
1447 1995 1593 2064 μένό
1625 1999 1814 2071 Πατὴρ

236 2076 474 2144 ἐργᾶταί
503 2095 551 2130 τι
577 2077 684 2131 τῶν
712 2081 840 2150 περὶ
874 2081 972 2151 τὴν
1000 2084 1198 2151 κτίσιν,
1245 2086 1347 2140 άνὰ
1375 2088 1537 2159 μέρος
1562 2089 1619 2142 δέ
1654 2089 1814 2144 πάλιν

235 2167 266 2218 ὁ
295 2167 440 2231 Υίός’
475 2168 661 2237 ἐπειδὴ
689 2169 745 2224 δὲ
762 2171 830 2224 δι’
853 2172 984 2225 Υἱοῦ
1015 2173 1082 2227 τὰ
1104 2175 1286 2230 πάντα
1311 2179 1339 2232 6
1368 2179 1578 2250 Πατὴρ,
1596 2181 1690 2234 καὶ
1713 2181 1814 2234 οὐκ

235 2256 306 2309 ἂν
340 2258 537 2330 ἑτέρως
564 2261 857 2331 ἐργάσαιτό
880 2280 933 2316 τι
957 2265 1064 2318 τῶν
1087 2254 1302 2321 πῶποτε
1325 2263 1497 2338 (οὗτος
1518 2272 1624 2341 γάρ
1667 2274 1814 2326 ἐστιν

237 2350 272 2418 ὴ
305 2350 463 2419 σοφία
519 2352 614 2406 καὶ
653 2355 685 2424 ἡ
714 2353 939 2426 δύναμις
968 2359 1132 2411 αὐτοῦ
1155 2357 1197 2429 ),
1232 2360 1319 2415 διὰ
1339 2363 1494 2416 τοῦτο
1523 2362 1630 2416 τῶν
1671 2364 1814 2418 ίδίων

233 2442 416 2512 ἔργων
449 2444 687 2517 ἐργάτην
716 2447 874 2500 πάλιν
921 2449 1169 2520 ὠνόμασε
1198 2452 1288 2506 τὸν
1322 2453 1558 2524 Πατέρα,
1610 2454 1810 2509 είπὼνο

242 2552 262 2586 ι
319 2534 437 2586 Ἀπ’
467 2536 706 2606 ἐμαυτοῦ
762 2537 898 2591 ποιῶ
949 2540 1135 2606 οὐδὲν,
1181 2543 1295 2596 ἀλλ’
1327 2546 1355 2597 6
1395 2545 1582 2615 Πατὴρ
1608 2547 1666 2598 ἐν
1690 2546 1814 2615 ἐμοὶ

236 2621 416 2690 μένων
447 2627 592 2676 ποιεῖ
610 2624 676 2678 τά
705 2623 841 2695 ἔργα
870 2626 1052 2690 αὐτός.
1083 2647 1101 2680 ι
1133 2624 1301 2700 Οἶμαι
1347 2632 1445 2702 μὲν
1497 2628 1590 2686 οὖν
1646 2650 1813 2703 προσ-

235 2713 397 2782 ήκειν
431 2715 576 2784 qua;
603 2717 700 2786 οὐχ
735 2717 1132 2791 ἐτέρωςῆτῇδε
1164 2723 1324 2786 νοεῖν,
1371 2721 1446 2786 ὡς
1484 2724 1541 2777 ἐν
1565 2724 1812 2794 ἀμπέλου

239 2803 342 2872 μὲν
368 2803 517 2871 τάξει
546 2808 759 2862 κεῖσθαι
792 2810 1046 2879 Χριστὸν,
1074 2813 1220 2881 ἡμᾶς
1240 2812 1296 2864 δὲ
1324 2812 1620 2884 κλημάτων
1647 2815 1814 2886 ἠρτῆ-

237 2893 367 2948 σθαι
391 2896 566 2968 δίκην,
597 2901 978 2980 πιαινομένους
1016 2901 1204 2972 ὥσπερ
1249 2906 1315 2974 τῇ
1363 2905 1547 2976 χάριτι
1590 2907 1686 2961 καὶ
1715 2906 1812 2978 τὴν

235 2983 331 3037 διὰ
368 2985 462 3038 τοῦ
490 2987 802 3058 Πνεύματος
833 2991 1156 3055 ἐκτείνοντας
1183 2991 1408 3064 δύναμιν
1433 2997 1512 3058 εἰς
1532 3013 1812 3068 καρποφο-

1915 1908 2049 1962 facit
2086 1921 2252 1978 opera
2281 1907 2348 1960 ⁸⁸.
2403 1925 2421 1958 ›
2468 1900 2724 1960 Arbitrer
2769 1906 2957 1975 itaque
2999 1920 3107 1958 non
3148 1919 3271 1960 esse
3322 1903 3478 1957 aliter

1901 2000 2061 2056 istud
2096 1999 2255 2053 nobis
2277 1998 2635 2068 capiendum,
2668 1996 2773 2052 nisi
2798 1995 3075 2050 Christum
3104 1995 3320 2064 quidem
3351 1993 3479 2049 vilis

1899 2091 2036 2148 loco
2078 2091 2342 2161 positum,
2391 2103 2494 2144 nos
2546 2095 2732 2143 autem
2777 2087 3066 2158 palmitum
3102 2086 3274 2140 instar
3300 2087 3368 2138 ab
3411 2099 3479 2139 eo

1911 2183 2178 2254 pendere,
2217 2182 2390 2250 gratia
2416 2180 2588 2235 veluti
2619 2178 2928 2250 saginatos,
2955 2184 3009 2232 et
3039 2177 3300 2232 virtutem
3331 2175 3478 2228 illam

1914 2290 2035 2347 quae
2063 2288 2158 2344 per
2195 2271 2465 2342 Spiritum
2509 2277 2596 2327 cst
2641 2270 2928 2325 ebibeutes
2985 2269 3039 2321 in
3089 2265 3477 2321 fecunditatem

1915 2361 2244 2431 spiritalem.
2277 2358 2382 2414 Sed
2405 2358 2665 2428 quoniam
2696 2372 2798 2412 nos
2819 2358 2872 2411 in
2899 2355 3153 2411 doctrina
3183 2353 3304 2408 ﬁdei
3333 2359 3480 2408 recte

1914 2451 2258 2508 ambulantes
2285 2450 2600 2519 importuna
2631 2449 3017 2502 haereticorum
3041 2445 3335 2502 contundit
3363 2457 3482 2498 ora-

1915 2542 2016 2606 tio,
2042 2549 2097 2595 et
2142 2537 2477 2609 persuadere
2521 2544 2757 2590 conatur
2786 2551 2906 2606 quae
2938 2549 3007 2590 ne
3040 2537 3226 2590 animo
3256 2534 3481 2603 quidem

1917 2631 2000 2687 fas
2034 2632 2106 2686 sit
2145 2630 2409 2701 cogitare,
2461 2643 2523 2683 ea
2570 2627 2749 2698 palam
2790 2627 3138 2682 auditoribus
3189 2624 3479 2688 faciemus,

1912 2722 2109 2794 paucis
2132 2721 2559 2790 complectentes
2586 2733 2709 2788 quae
2744 2718 2932 2772 multis
2961 2716 3214 2771 versibus
3255 2715 3480 2785 quidam

1912 2827 2102 2869 eorum
2147 2809 2426 2866 edisserit.
2461 2827 2481 2861 ι
2517 2809 2683 2862 Recte
2711 2806 2881 2868 enim,
2913 2805 3112 2875 inquit,
3145 2803 3482 2873 Unigenitus

1914 2903 2264 2974 reprehendit
2302 2915 2366 2956 ac
2407 2899 2672 2955 ridiculos
2698 2912 2820 2952 esse
2855 2896 3099 2952 ostendit
3132 2909 3229 2951 eos
3259 2895 3350 2964 qui
3384 2909 3485 2964 pu-

1911 3003 2029 3050 tant
2078 2995 2258 3064 ipsum
2309 3007 2435 3048 esse
2479 2989 2590 3044 Deo
2625 3005 2689 3044 ac
2735 2988 2886 3042 Patri
2931 2987 3483 3043 consubstantialem.

240 3075 296 3144 pf
301 3093 366 3128 αν
391 3080 794 3184 πνευματικήν.
826 3081 1042 3154 Ἐπειδὴ
1064 3082 1120 3136 δὲ
1149 3085 1308 3138 πάλιν
1336 3087 1482 3156 ἡμᾶς
1504 3086 1813 3156 όρθοποδεῖν

1918 3089 2058 3144 Ecce
2088 3087 2235 3142 enim
2269 3085 2437 3140 vitem
2474 3084 2720 3153 seipsum
2752 3088 2940 3150 aperte
2967 3080 3235 3144 nominat,
3268 3079 3485 3132 Patrem

237 3166 530 3234 ἑλομένους
552 3170 580 3221 6
607 3171 804 3241 πικρὸς
819 3171 928 3226 τῶν
943 3173 1009 3226 δι’
1031 3174 1279 3239 ἐναντίας
1302 3180 1618 3248 περικροτεῖ
1638 3179 1814 3247 λόγος,

239 3260 340 3312 καὶ
369 3260 678 3314 ἀναπείθειν
707 3265 964 3335 πειρᾶται
989 3265 1023 3320 ἃ
1056 3267 1132 3337 μὴ
1163 3267 1322 3338 θέμις
1359 3270 1580 3333 ἐννοεῖν,
1613 3271 1820 3343 φανερὰ

237 3355 356 3415 τοῖς
387 3353 756 3424 ἀκροωμένοις
809 3359 1226 3430 καταστήσομεν
1260 3360 1568 3425 συνελόντες
1607 3361 1819 3430 λόγοις,

241 3443 389 3513 ἅπερ
441 3461 524 3508 τις
574 3445 797 3501 ἐκείνων
852 3450 909 3500 ἐν
951 3452 1182 3522 μακροῖς
1239 3451 1549 3505 συντέθεικε
1597 3454 1818 3523 στίχοις.

225 3553 266 3585 γε
305 3530 378 3588 Εὖ
434 3537 542 3606 γὰρ
594 3536 765 3606 δήτοι,
798 3540 980 3610 φησὶν,
1032 3541 1062 3593 ὁ
1113 3541 1426 3613 Μονογενὴς
1460 3543 1709 3614 διήλεγξέ
1761 3560 1820 3596 τε

242 3625 340 3678 καὶ
372 3627 814 3695 καταγελάστους
842 3630 1112 3703 ἀπέφηνε,
1167 3633 1293 3697 τοὺς
1330 3633 1611 3704 οἰομένους
1662 3634 1822 3689 αὐτὸν

239 3715 525 3786 όμοοὺσιον
551 3713 692 3771 εἶναι
714 3719 790 3789 τῷ
827 3720 947 3793 Θεῷ
968 3724 1060 3776 καὶ
1111 3723 1305 3795 Πατρί.
1355 3724 1487 3778 Ἰδοὺ
1511 3725 1620 3796 γὰρ
1644 3724 1824 3794 ἄμπε-

239 3809 334 3861 λον
362 3806 550 3861 ὲαυτὸν
570 3807 828 3880 ὀνομάζει
860 3812 1068 3881 σαφῶς,
1104 3815 1351 3884 γεωργὸν
1379 3814 1438 3868 δέ
1466 3814 1557 3868 τὸν
1578 3814 1819 3884 Πατέρα.

239 3903 456 3975 Ὥσπερ
487 3899 580 3959 οὖν
611 3905 672 3957 οὑ
703 3903 898 3958 ταυτὸν
920 3906 1000 3968 είς
1019 3905 1229 3970 οὐσίαν,
1257 3905 1502 3977 άμπελός
1538 3922 1618 3970 τε,
1648 3904 1820 3975 φησὶ,

240 3995 340 4048 καὶ
381 3995 624 4065 γεωργὸς
679 3997 699 4068 (
716 3998 775 4050 τὸ
819 3997 917 4068 μὲν
980 3983 1101 4067 γὰρ’
1151 3997 1330 4064 ξύλον,
1385 3999 1414 4052 6
1445 3997 1501 4051 δέ
1527 3997 1673 4050 ἐστιν
1727 3998 1823 4052 άν-

237 4084 528 4156 θρωπος),
566 4087 829 4159 ἀλλογενῆ
855 4088 912 4142 δὲ
940 4088 1134 4154 ταῦτα,
1184 4089 1278 4142 καὶ
1303 4087 1601 4160 ἐτερόφυλα
1630 4106 1824 4143 παντε-

233 4175 370 4239 λῶςο
398 4175 568 4241 οὕτως
589 4178 688 4249 οὐχ
713 4178 998 4249 όμοούσιος
1018 4181 1047 4233 6
1077 4179 1208 4243 Υἱὸς
1231 4179 1309 4249 τῷ
1345 4180 1542 4250 Πατρὶ,
1571 4179 1823 4252 διέστηκε

234 4268 294 4323 δὲ
322 4269 461 4324 κατά
485 4271 618 4324 πολὺ
642 4271 736 4325 καὶ
761 4271 1024 4343 οὐσιώδης
1069 4272 1268 4335 αὐτοὺς
1303 4272 1534 4344 διείργει
1566 4272 1742 4340 λόγος,
1774 4273 1826 4326 εῐ

235 4377 300 4428 γε
338 4363 367 4414 6
395 4362 492 4433 μὲν
520 4363 635 4417 έστι
659 4365 924 4435 γεωργὸς,
947 4367 976 4418 6
1021 4364 1080 4418 δὲ
1108 4364 1372 4435 ἄμπελος,
1417 4365 1539 4419 Ὀτι
1577 4363 1684 4435 γὰρ
1723 4365 1824 4418 οὐκ

1922 3188 2104 3235 autem
2146 3177 2465 3249 agricolam.
2497 3171 2972 3240 Quemadmodum
3018 3185 3149 3242 ergo
3191 3186 3303 3224 non
3332 3170 3486 3239 ejus-

1922 3273 2044 3327 dem
2077 3269 2407 3326 substantia:
2437 3274 2566 3320 sunt
2600 3264 2752 3330 vitis,
2783 3262 2982 3333 inquit,
3013 3270 3067 3316 et
3099 3261 3340 3331 agricola
3370 3261 3486 3330 (illa

1921 3362 2067 3418 enim
2107 3360 2336 3428 lignum,
2378 3356 2471 3411 hic
2519 3356 2683 3410 homo
2724 3353 2871 3425 est),
2915 3353 3013 3409 sed
3058 3353 3288 3409 alterius
3327 3353 3490 3423 plane

1923 3451 2178 3524 generis:
2216 3450 2290 3503 ita
2322 3460 2667 3516 nequaquam
2701 3443 3194 3500 consubstantialis
3225 3453 3310 3499 est
3339 3442 3488 3497 Patri

1922 3544 2115 3608 Filius,
2162 3539 2260 3596 sed
2312 3540 2546 3594 multum
2595 3537 2825 3600 distant,
2867 3551 3076 3605 eosque
3105 3533 3490 3591 substantialis

1922 3635 2158 3690 invicem
2196 3632 2338 3685 ratio
2382 3628 2616 3695 dirimit,
2657 3627 2925 3698 siquidem
2968 3627 3058 3680 hic
3100 3626 3369 3697 agricola,
3399 3626 3492 3682 ille

1921 3726 2052 3780 vitis
2096 3729 2205 3778 est.
2235 3719 2392 3788 Quod
2438 3725 2622 3773 autem
2663 3717 2730 3772 ad
2773 3718 3175 3772 incarnationis
3221 3717 3490 3771 rationem

1923 3814 2030 3870 ista
2067 3812 2317 3868 nonnulli
2359 3811 2662 3867 transferre
2708 3825 2994 3882 perperam
3044 3810 3295 3867 conaturi
3353 3810 3488 3875 sint,

1923 3919 2034 3959 non
2085 3911 2171 3958 est
2210 3900 2620 3972 ambigendum.
2649 3900 2761 3956 Nec
2790 3901 2937 3957 enim
2967 3915 3123 3956 suam
3155 3914 3378 3955 carnem
3413 3898 3494 3952 vi-

1923 4003 2033 4051 tem
2069 4009 2192 4050 esse
2242 3993 2338 4059 ait,
2371 3987 2466 4049 sed
2508 3993 2694 4062 potius
2738 3993 3020 4049 deitatem.
3065 3990 3167 4046 Cui
3201 3991 3347 4046 enim
3380 4003 3492 4043 non

1923 4085 2282 4142 manifestum
2319 4091 2427 4150 est,
2464 4085 2666 4155 inquit,
2693 4091 2946 4140 nostrum
2974 4097 3178 4154 corpus
3221 4096 3252 4136 a
3299 4080 3493 4136 Serva-

1923 4175 2060 4232 toris
2091 4190 2259 4230 carne
2287 4189 2394 4229 non
2427 4175 2685 4243 pendere,
2717 4175 2862 4231 sicut
2891 4188 2921 4228 a
2947 4174 3059 4229 vite
3093 4173 3366 4244 palmites,
3391 4185 3492 4227 ne-

1924 4285 2030 4340 que
2073 4267 2212 4323 adeo
2255 4274 2577 4322 sanctorum
2613 4265 2852 4322 fructum
2895 4266 3173 4322 carnalem
3217 4280 3366 4327 esse,
3398 4263 3494 4320 sed

1925 4359 2272 4432 Spiritalem?
2299 4358 2646 4428 Quapropter
2676 4371 2847 4412 carne
2877 4358 2931 4412 in
2960 4371 3206 4428 praesens
3263 4355 3492 4412 seorsim

233 4452 478 4520 εὐλόγως
526 4454 671 4519 τινὲς
718 4457 798 4520 είς
845 4455 938 4509 τὸν
965 4456 1065 4526 τῆς
1100 4455 1238 4527 μετά
1278 4456 1480 4527 σαρκὸς
1511 4456 1818 4527 οἰκονομίας

1924 4451 2126 4524 posita,
2163 4451 2268 4521 ipsi
2295 4449 2566 4504 divinitati
2596 4448 2719 4503 Filii
2747 4449 2856 4504 vim
2887 4457 2943 4504 et
2971 4448 3310 4504 intellectum
3339 4445 3496 4502 vocis

234 4543 395 4612 λόγον
438 4545 506 4599 τὰ
529 4547 754 4601 τοιαῦτα
786 4539 1161 4619 περιενεγκεῖν
1217 4549 1682 4620 ἐπιχειρήσουσιν,
1717 4548 1816 4602 οὐκ

1922 4545 2076 4600 illius
2117 4543 2448 4608 tribuemus,
2491 4556 2728 4610 eumque
2777 4540 3025 4596 dicemus
3063 4556 3187 4597 esse
3227 4542 3416 4604 vitem,
3464 4553 3494 4592 a

234 4635 386 4690 ἔστιν
416 4638 739 4709 ἀμφίϐολον.
779 4641 852 4693 Οὐ
885 4641 995 4710 γὰρ
1026 4640 1125 4712 τὴν
1157 4640 1336 4711 σάρκα
1365 4639 1461 4711 τὴν
1488 4638 1686 4692 ἑαυτοῦ
1716 4656 1816 4709 φη·

1924 4651 2032 4708 qua
2062 4636 2364 4705 pendemus
2397 4648 2498 4702 per
2529 4632 2709 4688 fidem.
2747 4651 2767 4685 ι

235 4745 325 4782 σιν
353 4724 495 4783 εἶναι
521 4729 618 4801 τὴν
639 4730 904 4800 ἄμπελον,
955 4731 1153 4802 μᾶλλον
1189 4732 1247 4785 δὲ
1279 4732 1376 4803 τὴν
1417 4731 1662 4800 θεότητα.
1694 4731 1808 4784 Τίνι
1849 4729 1960 4798 γὰρ
1989 4728 2050 4782 οὐ
2087 4726 2258 4795 σαφὲς
2317 4724 2489 4791 ἔσται,
2553 4724 2738 4796 φησὶν,
2802 4724 2879 4790 ὡς
2919 4727 2980 4779 τὸ
3025 4725 3291 4796 ἡμέτερον
3337 4718 3497 4790 σῶμα

233 4821 360 4891 οὐχὶ
384 4821 485 4891 τῆς
514 4821 607 4875 τοῦ
639 4823 910 4894 Σωτῆρος.
952 4824 1290 4892 ἐκκρεμᾶται
1347 4823 1567 4894 σαρκὸς,
1628 4821 1878 4891 καθάπερ
1915 4819 2161 4889 ἀμπέλου
2199 4817 2268 4870 τὰ
2291 4816 2565 4888 κλήματα,
2596 4815 2720 4871 οὔτε
2757 4817 2864 4888 μὴν
2886 4819 2914 4871 6
2947 4817 3056 4870 τῶν
3083 4815 3254 4884 ἁγίων
3286 4812 3495 4883 καρπὸς

235 4913 526 4985 σαρκικὺς,
561 4912 697 4966 ἀλλά
724 4914 1117 4984 πνευματικός;
1153 4914 1362 4968 Οὐκοῦν
1388 4916 1444 4967 ἐν
1471 4915 1646 4984 μέρει,
1665 4913 1820 4984 φησὶ,
1859 4912 2109 4983 τεθείσης
2139 4913 2216 4974 είς
2254 4910 2314 4964 τὸ
2338 4910 2508 4979 παρὸν
2558 4911 2657 4981 τῆς
2710 4910 2930 4982 σαρκὸς,
2963 4909 3097 4978 αὐτῇ
3163 4909 3225 4978 τῇ
3283 4905 3497 4976 θεότητι

233 5006 331 5061 τοῦ
373 5006 508 5060 Υἱοῦ
557 5005 654 5077 τὴν
682 5004 777 5061 τοῦ
804 5006 962 5075 λόγου
999 5006 1369 5078 περιθήσομεν
1431 5007 1680 5078 δύναμιν,
1714 5007 1812 5060 καὶ
1850 5005 2012 5059 αὐτὸν
2038 5004 2270 5077 ἐροῦμεν
2293 4998 2431 5056 εἶναι
2477 5001 2574 5072 τὴν
2640 5001 2904 5073 ἄμπελον,
2952 4995 3021 5070 ἦς
3063 4997 3348 5069 ὲξήμμεθα
3408 4996 3497 5050 διὰ

234 5100 335 5170 τῆς
356 5099 615 5163 πίστεως.
639 5117 658 5150 ι

308 5192 484 5244 Ταυτὶ
520 5189 619 5260 μὲν
653 5191 844 5262 ἐκείνῳ
883 5190 1336 5261 καταφλυαρῆσαι
1387 5189 1636 5261 παρέστη
1687 5207 1818 5260 παρ-

2001 5183 2128 5239 Haec
2177 5182 2269 5236 ille
2309 5189 2572 5250 nugatur,
2601 5179 2914 5234 divinorum
2962 5177 3276 5247 dogmatum
3309 5193 3494 5234 veram

235 5283 530 5354 ωθουμένῳ
553 5282 830 5350 ποικίλως,
857 5282 1000 5337 κατά
1025 5298 1090 5347 γε
1113 5282 1174 5336 τὸ
1198 5281 1346 5351 αὐτῷ
1369 5280 1550 5344 καλῶς
1567 5280 1710 5350 ἔχειν
1741 5280 1818 5334 δο-

1927 5277 2196 5333 rationem
2227 5289 2329 5345 pro
2357 5287 2455 5328 sua
2484 5270 2713 5328 libidine
2741 5276 3083 5340 pervertens,
3115 5278 3170 5324 et
3222 5271 3288 5324 ad
3333 5285 3494 5329 suum

235 5374 390 5442 κοῦν,
437 5375 540 5446 τὴν
575 5375 686 5430 τῶν
731 5375 892 5429 θείων
938 5374 1225 5446 δογμάτων
1255 5375 1544 5445 ὀρθότητα,
1587 5372 1680 5427 καὶ
1732 5373 1818 5427 σὺν

1925 5383 2153 5439 scopum
2185 5365 2452 5437 singulari
2507 5362 2717 5418 malitia
2758 5360 3119 5432 detorquens.
3163 5359 3276 5420 Nos
3311 5370 3494 5419 autem

244 5465 411 5539 πολλῇ
438 5466 750 5537 κακουργίᾳ
780 5467 916 5538 πρὸς
943 5466 1034 5520 τὸν
1065 5466 1214 5537 αὐτῷ
1267 5465 1600 5537 προτεθέντα
1647 5481 1818 5534 παρα-

1924 5461 2130 5530 ubique
2178 5458 2510 5513 inhaerentes
2555 5453 2818 5518 veritati,
2872 5468 2983 5510 non
3036 5454 3114 5536 ita
3169 5455 3492 5520 sentiemus,

238 5555 753 5627 τρέποντίσκοτνόν.
794 5558 982 5628 Ἡμεῖς
1010 5556 1066 5609 δὲ
1110 5556 1206 5627 τῆς
1253 5553 1508 5625 ἀληθείας
1539 5550 1818 5624 ἐχόμενοι1

1925 5550 2109 5608 absit!
2147 5549 2244 5605 sed
2287 5553 2606 5603 sanctorum
2641 5541 2867 5601 Patrum
2917 5547 3208 5604 sententia:
3241 5547 3494 5604 insisten-

305 5741 348 5773 ⁸⁷
388 5738 556 5796 Joan.
596 5754 666 5802 ι,
699 5738 791 5796 52.
864 5740 907 5774 ⁸³
945 5739 1103 5796 Joan.
1142 5757 1193 5809 ν,
1231 5742 1314 5796 l7.
1389 5741 1434 5774 '°
1472 5739 1630 5794 Joan.
1673 5753 1800 5808 xxv,
1847 5735 1935 5790 10.
