3992 6316
224 368 334 426 εει
1262 367 1330 456 ιιι
1367 367 1656 428 tomus
1681 367 1839 426 em

1943 367 2136 428 :LIUM
2174 371 2302 430 LIB.
2336 373 2404 430 x.
3368 360 3491 438 ’διε

226 481 347 554 ἄρα
387 480 671 547 παντελῶς
726 482 761 555 ἠ
808 480 916 537 τῶν
969 482 1426 554 παραδειγμάτων
1457 484 1808 555 ἀνομοιότης,

1943 484 2120 541 Ξίιιίεῑί
2158 487 2450 543 transferri
2492 469 2639 544 sinat
2670 503 2682 541 :
2728 502 2827 544 nec
2856 469 3004 546 enim
3034 489 3085 547 ei
3126 469 3356 564 corpore
3391 511 3490 551 nos

229 576 369 644 πρὸς
390 574 485 628 τὸν
530 574 635 643 τῆς
683 573 870 638 οὐσίας
899 572 1012 640 ἕξει
1062 573 1237 643 λόγον·
1274 575 1336 628 οὐ
1387 574 1501 648 γὰρ
1527 576 1814 648 πρόκειται

1946 575 2243 645 onjunctos
2275 591 2442 642 esse,
2503 578 2599 634 sed
2658 594 2838 649 neque
2892 582 3175 652 apostolos
3231 590 3488 655 tanquam

227 666 352 719 νυνὶ
378 664 456 735 τῷ
478 665 694 736 Σωτῆρι
728 665 949 737 Χριστῷ
983 667 1111 738 περὶ
1146 666 1336 720 τούτου
1362 685 1417 721 τι
1465 667 1667 736 λέγειν,
1699 668 1814 722 ἀλλ’

1943 667 2170 724 ιιιιιιιίιοε
2199 668 2253 723 in
2273 668 2476 725 Christi
2500 686 2739 739 corpore
2765 671 2956 738 fuisse,
2989 689 3088 728 nec
3119 674 3168 729 ei
3200 675 3304 729 hoc
3330 677 3492 733 modo

228 755 423 827 ’ἕτερον
442 755 555 827 ἔχει
583 756 783 810 σκοπὸν
800 757 900 827 τῆς
920 756 1264 822 διδασκαλίας
1290 759 1319 811 6
1347 758 1568 830 τρόπος.
1598 758 1815 831 Ἐπειδὴ

1943 757 2263 828 onjunetos,
2301 761 2393 816 sed
2453 760 2649 817 affectu
2702 778 2766 818 ac
2802 763 2907 819 ﬁde
2934 764 3187 819 sincera:
3233 765 3490 837 agedum,

229 845 294 897 δὲ
320 845 500 912 λέγειν
533 847 562 898 6
601 845 906 917 παράφρων
932 847 997 900 ἐκ
1023 846 1123 917 τῆς
1145 848 1373 920 ἐνούσης
1401 847 1551 920 αὐτῷ
1588 847 1817 901 δυσϐου-

1943 850 2111 906 raucis
2146 852 2211 907 ad
2248 852 2363 907 haec
2393 854 2852 924 respondeamus,
2882 855 3231 915 ostendentes
3252 873 3378 914 eum
3411 860 3493 912 in-

231 934 461 999 λίαςτά
488 935 590 989 οὐκ
617 934 795 1007 ὀρθῶς
823 936 1014 1007 ἔχοντα
1069 936 1339 1007 βούλεται,
1398 939 1493 991 καί
1540 954 1704 1008 φησιν
1735 937 1818 990 δτι

1947 941 2101 996 anire
2137 941 2377 1012 penitus,
2417 959 2519 999 nec
2563 959 2849 1000 sacrarum
2897 945 3226 1002 Litterarum
3278 956 3491 1005 rectum

232 1025 399 1096 λόγος
417 1026 593 1090 οὐδεὶς
618 1026 901 1098 ἐπιτρέψει
927 1027 1027 1099 τῆς
1051 1028 1268 1094 εὐθείας
1288 1028 1477 1101 ὥσπερ
1502 1028 1820 1096 ἐξέλκοντας

1943 1040 2019 1085 ter
2056 1032 2334 1090 insistere.

232 1120 331 1173 τὸν
381 1119 477 1173 τοῦ
529 1118 892 1191 προκειμένου
940 1120 1141 1175 σκοπὸν
1197 1121 1547 1195 περιτρέπειν
1597 1122 1678 1186 εἰς
1746 1120 1845 1194 τὴν
1916 1122 2439 1195 ἐνανθρὼτιησιντοῦ
2456 1125 2712 1199 Χριστοῦ·
2742 1126 2943 1200 οὐγὰρ
2974 1127 3324 1200 συνήφθημεν
3347 1129 3497 1202 αὐτῷ

234 1214 385 1269 κατά
409 1213 470 1268 τὸ
490 1212 680 1285 σῶμα,
720 1213 837 1267 ἀλλ’
867 1213 988 1268 οὐδὲ
1026 1212 1218 1285 ἔμενον
1271 1216 1321 1268 οἱ
1361 1215 1691 1281 ἀπόστολοι,
1741 1216 1817 1279 ὡς
1850 1215 2105 1288 κλήματα
2131 1218 2294 1288 τυχὸν
2324 1220 2381 1271 ἐν
2406 1218 2485 1290 τῷ
2514 1218 2727 1291 σώματι
2766 1219 2859 1273 τοῦ
2883 1221 3141 1293 Χριστοῦ,
3205 1222 3329 1275 οὔτε
3391 1225 3498 1296 μὴν

233 1306 391 1377 αὐτῷ
422 1307 564 1362 κατά
588 1305 778 1361 τοῦτον
811 1307 1144 1377 συνήπτοντο
1167 1307 1258 1361 τὺν
1282 1307 1458 1377 λόγον,
1490 1309 1624 1363 ἀλλά
1650 1307 1885 1362 διαθέσει
1924 1308 2018 1362 καὶ
2088 1309 2271 1363 πίστει
2332 1311 2638 1384 εἰλικρινεῖ,
2688 1311 2820 1383 φέρε
2883 1330 2935 1367 τι
2974 1312 3147 1387 βραχὺ
3225 1317 3319 1371 καὶ
3363 1316 3501 1389 πρὸς

232 1400 416 1454 ταῦτα
448 1399 715 1470 λέγωμεν,
743 1400 992 1470 πανταχῆ
1017 1398 1320 1463 δεικνύντες
1352 1399 1702 1472 ἀφραίνοντα,
1721 1399 1818 1453 καὶ
1849 1398 1957 1454 τῶν
1992 1400 2151 1471 ίερῶν
2180 1401 2531 1473 Γραμμάτων
2576 1402 2677 1456 οὐκ
2710 1402 2855 1457 ίόντα
2884 1406 3005 1457 κατ’
3040 1404 3191 1460 εὐθύ.

312 1492 438 1544 Ὀτι
467 1491 568 1560 μὲν
599 1489 709 1563 γάρ
728 1489 969 1543 διαθέσει
1022 1492 1089 1561 τῇ
1138 1490 1404 1563 νοουμένῃ
1432 1491 1574 1546 κατά
1597 1490 1695 1562 τὴν
1732 1490 1823 1544 τε-

234 1587 391 1639 λείαν
426 1584 667 1656 ἀγάπην,
698 1583 831 1656 ὀρθῇ
863 1601 924 1637 τε
963 1585 1055 1637 καὶ
1099 1584 1444 1656 άδιαστρόφῳ
1474 1586 1675 1651 πίστει,
1701 1584 1825 1655 φιλ-

237 1677 425 1747 αρέτῳ
459 1692 519 1729 τε
556 1676 652 1729 καὶ
680 1675 965 1747 εἰλικρινεῖ
992 1675 1239 1747 λογισμῷ
1268 1677 1636 1748 συνενούμεθα
1659 1693 1823 1730 msu-

242 1767 494 1840 ματικῶς
516 1766 594 1838 τῷ
620 1766 859 1840 Χριστῷ,
878 1767 1130 1839 οὐδαμῶς
1158 1767 1519 1840 ἐξαρνήσεται
1552 1769 1659 1822 τῶν
1694 1770 1824 1841 παρ’

236 1863 377 1932 ημῖν
401 1859 688 1932 δογμάτων
710 1861 739 1913 δ
765 1858 945 1928 λόγος’
967 1858 1303 1932 συνεροῦμεν
1346 1859 1453 1930 γάρ
1482 1862 1563 1913 ὅτι
1592 1860 1655 1931 δὴ
1679 1860 1824 1930 μάλα
1855 1890 1899 1946 Β

236 1952 406 2005 τοῦτό
438 1968 598 2020 φασιν
624 1951 822 2025 ὀρθῶς.
844 1951 918 2004 Τὸ
950 1949 1008 2005 δέ
1051 1968 1115 2019 γε
1171 1951 1587 2024 καταθαρσῆσαι
1611 1951 1821 2022 λέγειν,

238 2044 321 2108 ὡς
348 2043 527 2107 οὐδεὶς
555 2045 683 2114 ημῖν
718 2044 1010 2112 συναφείας
1042 2044 1140 2114 τῆς
1170 2044 1311 2099 κατά
1358 2046 1534 2117 σάρκα
1563 2044 1699 2116 πρὸς
1728 2045 1826 2098 αὑ-

238 2133 339 2185 τὸν
372 2136 400 2187 6
428 2132 604 2201 λόγος,
653 2132 962 2205 ὁλοκλήρως
1010 2134 1213 2206 ἀπᾷδον
1272 2137 1392 2198 ταῖς
1450 2134 1828 2199 θεοπνεύστοις

240 2226 489 2297 Γραφαῖς
514 2224 870 2296 ἐπιδείξομεν.
896 2225 1022 2289 Πῶς
1069 2227 1179 2297 γὰρ
1223 2226 1289 2280 ἂν
1314 2227 1638 2298 ἀμφίλογον,
1689 2227 1722 2299 ἦ
1745 2228 1829 2293 τίς

242 2316 316 2369 ἂν
344 2315 480 2381 ὅλως
508 2315 777 2369 ἐνδοιάσαι
807 2316 935 2369 ποτὲ
955 2316 1062 2369 τῶν
1090 2313 1152 2370 εὖ
1182 2319 1396 2389 φρονεῖν
1425 2317 1716 2382 εἰωθότων,
1753 2318 1829 2382 ὡς

242 2406 494 2477 ἄμπελος
551 2407 651 2478 μέν
688 2408 801 2460 ἐστι
851 2406 993 2461 κατὰ
1053 2405 1210 2460 τοῦτο
1258 2408 1515 2478 Χριστός·
1576 2411 1737 2480 ἡμεῖς
1774 2408 1829 2462 δὲ

244 2497 548 2569 κλημάτων
599 2497 990 2560 ἀποτελοῦντες
1039 2498 1226 2569 σχῆμα
1264 2500 1361 2570 τὴν
1410 2500 1469 2564 ἐξ
1530 2500 1692 2552 αὐτοῦ
1738 2500 1832 2552 καὶ

242 2592 379 2662 παρ’
414 2589 581 2645 αὑτοῦ
615 2588 761 2664 ζωὴν
786 2590 865 2653 είς
892 2589 1089 2654 αὐτοὺς
1120 2590 1481 2662 κομιζόμεθα,
1516 2574 1694 2646 καίτοι
1734 2591 1830 2644 τοῦ

241 2681 464 2735 Παύλου
485 2681 757 2750 λέγοντος
787 2702 805 2733 ι
834 2682 896 2734 Οί
923 2681 1031 2753 γὰρ
1056 2681 1256 2746 πάντες
1283 2682 1340 2736 ἓν
1380 2681 1541 2753 σῶμά
1581 2685 1747 2754 ἐσμεν
1775 2685 1832 2737 ἐν

236 2773 489 2845 Χριστῷ,
509 2774 590 2827 ὅτι
620 2767 697 2837 εἷς
719 2775 883 2845 ἄρτος
913 2774 962 2827 oi.
994 2774 1176 2827 πολλοί
1208 2776 1392 2845 ἐσμεν*
1417 2777 1465 2829 oi
1500 2775 1607 2847 γάρ
1636 2775 1835 2837 πάντες

237 2866 315 2917 ἐκ
340 2862 437 2916 τοῦ
469 2863 587 2927 ἐνὸς
612 2864 775 2935 ἄρτου
802 2863 1122 2936 μετέχομεν.
1163 2884 1182 2917 ι
1216 2864 1435 2933 Λεγέτω
1466 2865 1575 2936 γάρ
1598 2883 1681 2928 τις
1703 2867 1836 2936 ἡμῖν

241 2952 349 3024 τὴν
381 2952 595 3018 αἰτίαν,
636 2954 732 3006 καὶ
770 2953 1067 3007 διδασκέτω
1114 2953 1403 3029 παρελθὼν
1440 2954 1538 3025 τῆς
1570 2954 1838 3026 μυστικῆς

239 3046 504 3114 εὐλογίας
535 3046 636 3118 τὴν
677 3045 925 3117 δύναμιν.
984 3046 1197 3102 Γίνεται
1238 3048 1346 3120 γὰρ
1393 3042 1449 3102 ἐν
1504 3049 1637 3120 ἡμῖν
1658 3048 1834 3117 διατί;

242 3128 378 3203 'Ap’
408 3135 531 3207 οὐχὶ
554 3136 649 3190 καὶ
679 3138 1008 3209 σωματικῶς
1048 3141 1182 3211 ἡμῖν
1221 3139 1558 3207 ἐνοικίζουσα
1585 3141 1678 3194 τὸν
1704 3142 1837 3213 Χρι-

1993 1489 2105 1546 Nos
2133 1493 2337 1562 quippe
2365 1491 2566 1548 aﬂéctu
2594 1492 2886 1551 charitatis
2930 1480 3210 1567 perfectae,
3242 1508 3501 1571 rectaque

1923 1590 1977 1636 et
2010 1581 2342 1638 inconcussa
2375 1583 2503 1648 fide,
2544 1592 2599 1639 et
2649 1584 2861 1640 sincera
2893 1602 2955 1643 ac
2996 1587 3221 1644 virtutis
3247 1592 3499 1647 studiosa

1924 1684 2110 1729 mente
2144 1674 2371 1730 Christo
2441 1677 2768 1746 spiritaliter
2817 1679 2987 1745 uniri,
3037 1693 3354 1739 nostrorum
3403 1684 3501 1740 do-

1924 1772 2174 1836 gmatum
2200 1767 2340 1821 ratio
2371 1767 2685 1825 nullatenus
2712 1769 3086 1827 inﬁciabitur:
3124 1789 3226 1830 nos
3241 1777 3385 1831 enim
3416 1793 3502 1833 re-

1925 1866 2012 1911 cte
2036 1857 2089 1912 id
2120 1873 2215 1913 eos
2252 1860 2451 1915 docere
2484 1858 2799 1915 fatebimur.
2828 1860 2984 1927 Quod
3012 1879 3143 1919 vero
3172 1864 3356 1921 dicere
3383 1867 3521 1924 ausi»

1927 1955 2058 2003 sunt
2096 1949 2303 2003 nullam
2350 1964 2477 2005 esse
2517 1950 2677 2006 nobis
2720 1966 2847 2005 cum
2880 1967 2945 2007 eo
2976 1954 3219 2012 carnalis
3265 1956 3504 2027 conjun-

1928 2039 2128 2094 clionis
2160 2041 2453 2106 rationem,
2491 2041 2670 2098 sacris
2700 2040 2925 2099 Litteris
2953 2045 3252 2103 dissentire
3282 2050 3505 2118 penitus

1929 2132 2305 2189 ostendemus.
2338 2132 2473 2199 Quis
2520 2136 2666 2189 enim
2700 2150 2870 2217 sanps
2903 2137 3235 2194 dubitaverit
3263 2156 3506 2211 unquam

1928 2236 1992 2276 ea
2043 2222 2256 2279 ratione
2302 2224 2584 2279 Christum
2621 2240 2743 2281 esse
2776 2226 2964 2291 vitem,
3006 2243 3108 2283 nos
3150 2245 3277 2284 vero
3308 2231 3507 2302 palmi-

1930 2321 2043 2367 tum
2083 2313 2311 2369 i‘ormam
2360 2314 2682 2379 referentes,
2721 2317 2885 2371 vitam
2937 2334 3002 2374 ex
3055 2320 3173 2389 ipso
3202 2331 3252 2376 et
3290 2323 3358 2376 ah
3388 2323 3509 2393 ipso

1931 2404 1985 2456 in
2027 2419 2128 2459 nos
2160 2406 2400 2471 trahere,
2432 2422 2557 2460 cum
2605 2407 2809 2463 Paulus
2836 2408 3022 2464 dicat:
3059 2429 3077 2461 ι
3127 2409 3329 2468 Omnes
3364 2414 3505 2469 enim

1932 2507 2102 2546 unum
2133 2508 2334 2564 corpus
2363 2491 2556 2550 sumius
2591 2496 2645 2550 in
2681 2496 2925 2565 Christo,
2954 2501 3215 2570 quoniam
3247 2518 3389 2558 unus
3416 2518 3511 2574 pa-
3600 2508 3610 2517 ⁸

1934 2583 2021 2638 nis
2056 2586 2213 2639 multi
2250 2603 2482 2643 sumus:
2525 2603 2716 2645 omnes
2753 2592 2897 2645 enim
2929 2593 2997 2648 de
3026 2610 3136 2650 uno
3167 2611 3305 2665 pane
3341 2596 3512 2666 parti-

1934 2674 2183 2745 cipamus
2216 2676 2306 2729 ’°?
2342 2697 2360 2729 ›
2394 2676 2550 2732 Dicat
2573 2679 2716 2734 enim
2754 2681 2913 2737 nobis
2948 2682 3149 2753 aliquis
3179 2699 3429 2751 causam,
3459 2694 3513 2742 et

1933 2765 2043 2820 vim
2089 2767 2322 2838 eulogia:
2371 2772 2621 2839 mystica:
2668 2771 2846 2826 obiter
2894 2772 3107 2829 doceat.
3144 2774 3279 2829 Nam
3326 2792 3426 2832 cur
3456 2779 3511 2833 in

1938 2857 2099 2913 nobis
2130 2858 2436 2914 inseritur?
2464 2859 2656 2917 Nonne
2685 2872 2744 2918 ut
2781 2862 3063 2920 Christum
3091 2866 3403 2924 inhabitare
3436 2868 3515 2927 fa-

1938 2950 2051 3005 ciat
2079 2951 2133 3005 in
2164 2952 2344 3019 nobis,
2371 2953 2535 3008 etiam
2574 2957 2964 3026 corporaliter,
2999 2959 3431 3030 participatione
3458 2969 3513 3018 et
3562 2984 3583 3029 ,-

1939 3046 2323 3101 communione
2344 3057 2549 3102 sancta:
2571 3064 2685 3103 suae
2720 3051 2945 3106 carnis?
2969 3049 3239 3123 Praeclare
3265 3052 3514 3123 quidem:

1942 3135 2133 3190 scribit
2163 3138 2308 3192 enim
2344 3137 2548 3193 Paulus
2571 3147 2763 3208 gentes
2788 3134 2965 3196 factas
2992 3155 3114 3197 esse
3152 3161 3177 3193 ι.
3207 3157 3515 3212 concorpo-

247 3227 380 3282 στδν
399 3230 464 3299 τῇ
491 3227 705 3299 μεθέξει
729 3229 824 3283 καὶ
847 3230 1101 3303 κοινωνίᾳ
1115 3231 1215 3302 τῆς
1235 3233 1397 3303 ἁγίας
1417 3233 1580 3287 αὑτοῦ
1600 3232 1798 3306 σαρκός
1820 3250 1834 3301 ὅ

1943 3229 2111 3291 rales,
2148 3236 2201 3284 et
2238 3230 2681 3301 comparticipcs,
2716 3241 2768 3287 et
2803 3232 3117 3290 cohaeredes
3149 3232 3355 3293 Christi
3394 3235 3464 3289 οι.
3494 3254 3513 3286 ι

259 3318 412 3372 Ἀλλ’
436 3315 591 3390 οἶμαι
615 3319 794 3389 λέγειν
832 3320 1026 3391 ὀρθῶς·
1068 3322 1269 3393 γράφει
1300 3323 1408 3395 γάρ
1442 3325 1470 3377 ὀ
1509 3323 1718 3389 Παῦλος
1749 3342 1839 3394 γε·

245 3411 516 3482 γενῆσθαι
542 3410 611 3465 τά
642 3411 768 3484 ἔθνη
815 3431 833 3464 ι
872 3412 1158 3485 σύσσωμα,
1214 3415 1308 3470 καὶ
1366 3422 1710 3489 συμμέτοχα,
1746 3418 1840 3470 καὶ

249 3502 677 3574 συγκληρονόμα
702 3504 963 3576 Χριστοῦ.
996 3524 1015 3557 ι
1051 3505 1328 3579 Σύσσωμα
1370 3508 1665 3580 τοιγαροῦν
1695 3498 1840 3563 κατὰ

248 3596 412 3648 ποῖον
448 3594 733 3667 ἀπεφάνθη
767 3596 1001 3669 τρόπον;
1042 3598 1374 3666 ’Δξιωθέντα
1407 3600 1840 3672 γὰρεμετασχεῖν

194 3671 201 3685 ³
247 3687 354 3756 τῆς
384 3684 636 3755 εὐλογίας
663 3688 761 3759 τῆς
815 3689 1104 3760 μυστικῆς,
1161 3689 1223 3743 ἓν
1254 3691 1392 3759 πρὸς
1442 3671 1606 3745 αῦτὸν
1650 3671 1841 3762 γέγονε

250 3777 443 3848 σῶμα,
466 3777 719 3850 καθάπερ
749 3779 941 3851 ἀμέλει
973 3783 1066 3836 καὶ
1091 3781 1201 3836 τῶν
1230 3783 1400 3853 ἁγίων
1445 3783 1677 3849 ἕκαστος
1706 3786 1843 3839 ἀποο

254 3869 484 3923 στόλων.
522 3870 676 3924 Ἐπεὶ
701 3871 791 3925 διά
818 3873 979 3927 ποίαν
1011 3873 1188 3929 αἰτίαν
1222 3875 1358 3946 μέλη
1386 3875 1482 3930 τοῦ
1505 3875 1743 3949 Χριστοῦ
1775 3879 1844 3931 τά

254 3963 459 4028 οἰκεῖα,
498 3962 699 4033 μᾶλλον
728 3963 786 4017 δὲ
830 3963 899 4017 τὰ
933 3965 1170 4030 πάντων,
1201 3965 1276 4031 ὡς
1295 3964 1462 4021 αὐτοῦ
1486 3968 1843 4037 κατωνόμασε

256 4054 399 4127 με’λη
424 4071 439 4121 ;
476 4055 684 4128 Γράφει
715 4054 823 4126 γὰρ
855 4055 1045 4121 οὕτως·
1075 4075 1094 4108 ι
1131 4057 1244 4110 Οὐκ
1267 4057 1466 4124 οἴδατε,
1497 4059 1579 4111 ὅτι
1604 4059 1673 4111 τά
1707 4058 1842 4131 μέλη

255 4146 438 4217 ὑμῶν,
472 4147 607 4219 μέλη
643 4145 883 4218 Χριστοῦ
908 4149 1087 4213 έστιν;
1123 4149 1297 4222 ’Λρας
1331 4144 1424 4203 οὖν
1458 4149 1529 4203 τὰ
1570 4150 1706 4222 μέλη
1749 4148 1843 4203 τοῦ

253 4238 522 4309 Χριστοῦ,
562 4239 777 4311 ποιήσω
810 4239 1018 4311 πόρνης
1047 4239 1216 4310 μέλη;
1246 4239 1338 4311 Μὴ
1368 4240 1596 4309 γένοιτο.
1619 4259 1638 4291 ι
1686 4239 1846 4294 Ἀλλά

254 4334 358 4387 καὶ
381 4332 545 4395 αὐτὸς
572 4334 601 4385 6
633 4332 844 4403 Σωτήρ·
894 4349 912 4384 ι
954 4332 1014 4385 '0
1053 4330 1282 4404 τρώγων
1337 4349 1439 4404 μου
1494 4332 1592 4404 τὴν
1628 4333 1845 4405 σάρκα,

257 4423 421 4495 φησὶ,
448 4422 541 4475 καὶ
568 4421 738 4477 πίνων
786 4439 887 4493 μου
943 4420 1006 4475 τὸ
1034 4416 1195 4492 αἷμα,
1221 4423 1280 4476 ἐν
1308 4422 1432 4493 ἐμοὶ
1469 4422 1642 4494 μένει,
1691 4420 1847 4492 κάγὼ

255 4530 319 4568 εν
372 4512 543 4584 αὐτῷ.
588 4532 607 4566 ι
689 4513 777 4566 Ἐν
798 4512 907 4583 γάρ
950 4513 1016 4584 δὴ
1080 4512 1256 4584 τούτῳ
1317 4513 1554 4585 μάλιστα
1607 4513 1845 4569 κατιδεῖν

1941 3318 2379 3391 Concorporales
2429 3332 2612 3377 autem
2646 3338 2888 3394 quonam
2937 3325 3102 3385 modo
3147 3324 3307 3383 facta:
3348 3325 3521 3382 sunt?

1942 3409 2149 3483 Nempe
2189 3413 2419 3484 eulogia:
2452 3415 2699 3485 mysticae
2743 3416 3167 3488 participatione
3213 3417 3516 3481 honoratae,

1942 3518 2117 3557 unum
2155 3519 2278 3558 cum
2316 3520 2384 3558 eo
2429 3504 2587 3560 factae
2632 3514 2763 3561 sunt
2810 3521 3038 3578 corpus,
3074 3509 3222 3564 sicut
3259 3518 3317 3564 et
3349 3524 3523 3565 unus-

1944 3593 2183 3664 quisque
2202 3601 2520 3649 sanctorum
2553 3597 2949 3666 apostolorum.
2976 3598 3220 3670 Alioqui,
3252 3615 3418 3671 quam
3451 3600 3526 3656 ob

1943 3698 2169 3738 causam
2224 3698 2343 3749 sua,
2389 3683 2500 3738 imo
2550 3685 2800 3738 omnium
2847 3686 3100 3741 membra
3182 3688 3349 3744 sicuti
3397 3704 3520 3755 sua,

1943 3756 2191 3828 membra
2239 3772 2445 3829 Christi
2502 3774 2892 3843 nuncupavit?
2940 3775 3035 3831 Sic
3088 3777 3237 3833 enim
3287 3779 3520 3833 scribit:

1950 3884 1969 3917 ι
2002 3862 2242 3920 Nescitis
2275 3863 2536 3935 quoniam
2568 3864 2734 3936 863
2768 3866 3015 3922 membra
3058 3877 3243 3924 vestra
3280 3868 3524 3925 membra

1945 3966 2076 4012 sunt
2119 3956 2376 4012 Christi?
2408 3954 2635 4011 Tollens
2676 3972 2809 4028 ergo
2856 3958 3099 4013 membra
3150 3958 3401 4023 Christi,
3439 3960 3535 4021 iam

1945 4049 2087 4104 ciam
2117 4048 2363 4104 membra
2397 4048 2753 4105 meretricis?
2783 4049 2943 4105 Absit
2965 4050 3045 4103 "l
3087 4069 3106 4102 ›
3140 4047 3247 4106 Sed
3271 4049 3527 4106 Servator

1946 4140 2066 4212 ipse
2102 4156 2115 4192 :
2157 4159 2175 4191 ι
2220 4140 2324 4206 Qui
2375 4143 2673 4196 manducat
2716 4155 2894 4197 meam
2950 4156 3199 4208 carnem,
3240 4144 3442 4215 inquit,
3472 4155 3527 4200 et

1946 4232 2083 4288 bibit
2126 4247 2307 4286 meum
2357 4234 2705 4303 sanguinein,
2733 4233 2789 4287 in
2832 4247 2922 4288 me
2970 4242 3177 4302 manet,
3228 4241 3283 4289 et
3325 4250 3427 4306 ego
3470 4235 3527 4290 in

1948 4321 2044 4377 illo
2073 4321 2141 4375 ⁸³.
2182 4342 2200 4374 ι
2242 4320 2342 4376 llic
2392 4323 2541 4378 enim
2593 4323 3038 4379 animadvertere
3074 4336 3160 4380 est
3197 4339 3380 4395 operae
3408 4340 3531 4396 pre-

1951 4415 2114 4481 tium,
2163 4413 2443 4469 Christum
2478 4429 2589 4468 non
2631 4414 2819 4469 dicere
2851 4430 2911 4471 se
2951 4415 3224 4470 duntaxat
3271 4415 3328 4471 in
3367 4416 3530 4473 nobis

1951 4504 2198 4559 futurum
2241 4506 2544 4559 secundum
2576 4506 2900 4562 relationem
2939 4506 3234 4580 quamdam
3268 4506 3530 4563 all'ectua-

256 4607 440 4674 ἀξιον,
465 4575 541 4670 ῶς
564 4605 627 4659 οὑ
646 4606 788 4659 κατὰ
811 4575 1016 4676 ’σγέσιν
1032 4604 1155 4659 τινὰ
1183 4575 1353 4675 μόνην
1386 4604 1484 4676 τὴν
1524 4605 1582 4658 ἐν
1607 4604 1839 4660 διαθέσει

1949 4598 2080 4663 lem,
2108 4597 2203 4653 sed
2232 4605 2410 4673 ctper
2434 4596 2910 4668 participationem
2936 4575 3266 4653 naturalem.
3296 4596 3366 4653 Ut
3385 4598 3532 4656 enim

258 4698 562 4769 νοουμένην
588 4698 647 4749 ἐν
677 4697 808 4767 ἡμῖν
832 4694 1051 4750 ἔσεσθαί
1070 4712 1234 4767 φησιν
1259 4697 1286 4748 6
1307 4696 1563 4767 Χριστὸς,
1596 4695 1733 4749 ἁλλά
1753 4696 1839 4749 καὶ

1947 4690 1993 4745 si
2022 4690 2145 4760 quis
2176 4703 2362 4744 ceram
2408 4703 2549 4743 certe
2579 4688 2829 4743 indutam
2868 4689 2992 4761 igne
3019 4688 3185 4745 simul
3218 4688 3532 4758 liquaverit,

259 4789 410 4844 κατὰ
439 4788 655 4861 μέθεξιν
672 4788 931 4859 φυσικήν.
947 4787 1159 4858 Ὥσπερ
1180 4786 1288 4857 γὰρ
1307 4785 1363 4840 εί
1383 4804 1468 4851 τις
1493 4786 1662 4859 κηρὸν
1678 4787 1839 4859 ἑτέρᾳ

1946 4797 2117 4840 unum
2168 4782 2300 4853 quid
2352 4796 2421 4835 ex
2465 4781 2737 4836 ambobus
2784 4780 2971 4846 efﬁcit,
3010 4782 3084 4835 ita
3134 4794 3230 4850 per
3281 4780 3534 4849 corporis

262 4881 674 4946 συναναπλέξας
700 4879 878 4953 κηρῷ,
928 4879 1022 4933 καὶ
1051 4881 1187 4951 πυρὶ
1244 4880 1683 4952 συγκατατήξας,
1711 4881 1769 4933 ἐν
1796 4897 1849 4934 τι

260 4975 325 5027 τὸ
352 4971 416 5038 ἐξ
437 4973 639 5043 ἀμφοῖν
683 4971 998 5044 ἐργάζεται,
1040 4969 1184 5024 οὕτω
1210 4970 1299 5024 διὰ
1345 4971 1443 5041 τῆς
1493 4970 1850 5042 μεταλήψεως

264 5065 367 5119 τοῦ
410 5064 668 5136 σώματος
700 5063 794 5117 τοῦ
835 5061 1091 5134 Χριστοῦ,
1124 5063 1220 5116 καὶ
1256 5061 1352 5116 τοῦ
1381 5062 1559 5133 τιμίου
1592 5065 1855 5135 αἵματος,

267 5155 439 5219 αῦτδς
473 5155 573 5227 μὲν
596 5157 654 5209 ἐν
683 5156 833 5227 ἡμῖν,
893 5155 1055 5227 ἡμεῖς
1078 5153 1136 5207 δὲ
1167 5149 1235 5208 αὖ
1264 5155 1428 5209 πάλιν
1455 5158 1514 5210 ὲν
1547 5156 1696 5227 αὐτῷ
1731 5175 1857 5215 συν-

266 5248 562 5320 ενούμεθα.
588 5249 664 5303 Οὐ
692 5249 800 5321 γάρ
823 5244 891 5318 ῆν
919 5248 1123 5320 ἑτέρως
1143 5246 1549 5319 ζωοποιηθῆναι
1575 5246 1855 5314 δύνασθαι,

263 5341 328 5393 τὸ
355 5338 678 5412 φθείρεσθαι
707 5339 968 5410 πεφυκὸς,
1002 5340 1049 5391 εί
1086 5338 1161 5410 μὴ
1196 5336 1506 5409 συνεπλάκη
1532 5338 1859 5408 σωματικῶς

267 5430 351 5501 τῷ
380 5431 598 5502 σώματι
628 5430 731 5501 τῆς
778 5429 920 5484 κατὰ
975 5430 1136 5498 φύσιν
1192 5428 1360 5500 ζωῆς,
1406 5426 1552 5483 τοῦτ’
1592 5428 1730 5494 ἐστι,
1759 5428 1852 5484 τοῦ

273 5521 634 5591 Μονογενοῦς.
678 5521 786 5574 Καὶ
808 5522 856 5574 εί
886 5519 962 5592 μὴ
990 5522 1104 5584 τοῖς
1133 5521 1286 5590 ἐμοῖς
1314 5516 1624 5592 καταπείθῃ
1652 5517 1851 5587 λόγοις,

271 5610 456 5676 ἐπίδος
483 5609 584 5682 τὴν
639 5610 823 5663 πίστιν
875 5608 1023 5679 αὐτῷ
1046 5607 1238 5679 βοῶντι
1287 5606 1536 5678 Χριστῷ·
1585 5625 1604 5659 ι
1645 5608 1851 5679 Ἀμὴν,

1947 4871 2177 4936 Christi,
2206 4881 2259 4926 et
2293 4872 2521 4942 pretiosi
2556 4872 2847 4941 sanguinis
2888 4870 3379 4943 participationem
3414 4870 3535 4939 ipse

1949 4963 2173 5036 quidem
2227 4963 2284 5018 in
2326 4964 2508 5031 nobis,
2565 4981 2668 5021 nos
2704 4973 2887 5020 autem
2923 4978 3117 5021 rursus
3153 4962 3206 5017 in
3252 4977 3317 5017 eo
3368 4961 3536 5018 simul

1958 5060 2203 5114 unitnur.
2238 5056 2351 5114 Nec
2381 5059 2525 5114 enim
2559 5059 2717 5114 aliter
2745 5057 3006 5113 viviﬁcari
3044 5062 3223 5127 potest
3248 5055 3397 5125 quod
3432 5070 3535 5110 na-

1957 5158 2081 5204 tura
2134 5164 2234 5204 sua
2291 5157 2379 5205 est
2422 5149 2816 5219 corruptibile,
2868 5162 3033 5218 quam
3087 5147 3133 5203 si
3169 5146 3536 5218 corporaliter

1957 5243 2171 5299 unitum
2219 5242 2293 5298 sit
2341 5243 2561 5313 corpori
2606 5242 2729 5311 ejus
2784 5240 2878 5309 qui
2929 5239 3238 5295 secundum
3279 5248 3537 5294 naturam

1958 5340 2116 5391 suam
2167 5342 2254 5390 est
2288 5333 2418 5399 vita,
2469 5332 2575 5387 hoc
2622 5338 2707 5387 est
2744 5328 3045 5398 Unigeniti.
3081 5328 3240 5396 Quod
3294 5328 3343 5385 si
3395 5328 3537 5385 meis

1960 5426 2145 5483 verbis
2179 5423 2504 5497 persuaderi
2544 5431 2596 5476 te
2649 5436 2757 5475 non
2796 5419 2960 5483 sinis,
3002 5420 3108 5490 ipsi
3156 5419 3382 5475 Christo
3426 5421 3540 5473 cla-
3594 5420 3599 5433 '

1962 5517 2133 5571 manti
2178 5515 2341 5570 ﬁdem
2389 5512 2625 5568 adhibe:
2665 5531 2684 5564 ι
2725 5510 2919 5577 Amen,
2962 5526 3123 5567 amen
3179 5513 3301 5567 dico
3338 5509 3536 5568 vobis:

1962 5608 2072 5664 nisi
2103 5603 2564 5661 litanducaveritis
2594 5617 2817 5660 carnem
2840 5600 2966 5657 Filii
2999 5601 3261 5671 hominis,
3288 5608 3341 5658 et
3385 5599 3539 5656 hibe-

349 5795 395 5828 "
434 5794 450 5850 l
489 5793 624 5851 Cor.
662 5808 691 5846 x
732 5834 747 5860 ,
786 5793 869 5848 l7.
947 5795 989 5829 ἰ
1035 5793 1239 5863 Ephes.
1274 5809 1371 5861 ιιι,
1403 5792 1458 5849 6.
1538 5792 1588 5824 "
1629 5790 1650 5847 ι
1688 5792 1816 5850 Cor.

2000 5789 2088 5845 15.
2161 5787 2207 5821 ’⁸
2245 5785 2406 5843 Joan.
2452 5786 2538 5857 vr,
2578 5783 2679 5856 _56.
