3992 6316
503 300 612 361 553

1549 295 1610 354 S.
1632 294 1911 354 CYRILLI
1953 291 2425 352 ALEXANDRINI
2457 293 2771 352 ARCHIEP.

3662 297 3761 357 ΞΗ

506 414 629 473 ritis
679 413 801 487 ejus
843 413 1192 488 sanguinem,
1223 426 1334 471 non
1369 412 1650 472 habebitis
1679 414 1849 468 vitam
1896 413 1954 468 in
1991 427 2089 467 vo-

2200 412 2335 483 Ξιμὴν
2360 412 2502 481 λέγω
2532 412 2680 482 ὑμῖν,
2713 411 2807 465 ἐὰν
2838 411 2912 482 μὴ
2949 410 3159 481 φάγητε
3188 410 3286 480 τήν
3318 409 3500 483 σάρκα
3521 411 3617 467 τοῦ
3635 413 3765 468 Υίοῦ

503 509 612 566 bis.
654 507 757 576 Qui
807 506 954 563 enim
1000 506 1298 562 manducat
1342 521 1520 564 meam
1570 520 1817 571 carnem,
1856 513 1911 561 et
1952 504 2090 559 bibit

506 613 685 654 meum
722 599 1071 670 sanguinem,
1106 597 1268 653 habet
1315 597 1486 654 vitam
1534 606 1836 654 aeternam:
1883 604 1939 652 et
1987 609 2090 666 ego

508 690 849 747 resuscitabo
873 705 998 746 eum
1028 690 1085 745 in
1114 690 1421 745 novissimo
1458 688 1551 746 die
1576 689 1645 743 ".
1688 708 1706 741 ι
1751 686 1925 743 Audis
1963 700 2088 742 eum

500 789 695 854 aperte
720 782 1114 854 praedicantem
1153 781 1327 853 quod,
1362 782 1471 838 nisi
1510 795 1738 837 carnem
1782 778 1905 850 ejus
1935 794 2093 833 mane

507 874 893 931 ducaverimus
921 883 975 930 et
1011 874 1313 931 biberimus
1336 873 1459 944 ejus
1484 873 1836 945 sanguinem,
1855 886 1965 927 non
1992 866 2094 925 ha-

506 965 674 1021 bituri
704 966 880 1022 simus
908 966 964 1021 in
992 965 1174 1030 nobis,
1208 966 1315 1020 hoc
1344 974 1427 1021 est
1452 966 1507 1019 in
1532 963 1756 1036 propria
1788 977 1979 1029 carne,
2011 960 2095 1018 vi-

510 1061 621 1108 tam
651 1055 954 1110 aeternam?
981 1054 1213 1109 IEterna
1245 1063 1429 1109 autem
1463 1057 1575 1111 vita
1601 1055 1729 1125 jure
1777 1053 2095 1110 censebitur

518 1140 649 1180 caro
681 1128 826 1194 vitae,
868 1129 973 1183 boc
1015 1136 1099 1185 est
1136 1128 1432 1200 Unigeniti.
1468 1128 1594 1187 Haec
1625 1146 1755 1188 vero
1783 1147 1894 1204 quo
1927 1142 2089 1203 pacto

520 1230 621 1272 nos
657 1217 712 1271 in
745 1226 986 1274 extrema
1025 1220 1112 1275 die
1137 1221 1385 1287 suscitet,
1426 1222 1616 1280 audies
1661 1231 1719 1279 tu
1766 1232 1918 1280 certe
1965 1227 2090 1295 qui-

518 1306 663 1372 dem,
681 1324 780 1380 ego
797 1324 922 1367 vero
946 1310 1150 1367 referre
1174 1328 1284 1368 non
1306 1315 1597 1383 gravabor.
1621 1313 1917 1385 Postquam
1944 1315 2087 1370 facta

518 1406 605 1452 est
633 1415 762 1455 caro
790 1402 952 1466 vitae,-
965 1401 1069 1457 hoc
1097 1411 1181 1458 est
1210 1403 1372 1459 Verbi
1394 1394 1549 1476 'quod
1584 1419 1647 1459 ex
1683 1404 1793 1460 Deo
1845 1414 1899 1481 et
1930 1404 2090 1461 Patre

517 1487 741 1557 effulsit,
773 1491 841 1547 ad
886 1494 1008 1547 vitae
1044 1494 1152 1548 vim
1187 1495 1426 1561 transiit,
1464 1510 1564 1567 nec
1607 1495 1721 1551 ﬁeri
1761 1503 1941 1567 potest
1970 1504 2088 1551 uta

520 1589 696 1638 morte
731 1583 841 1637 vita
871 1584 1141 1641 vincatur.
1173 1563 1629 1656 Quandoquidem
1667 1563 1802 1658 ergo
1831 1588 1971 1642 facta
2005 1596 2090 1644 est

520 1674 576 1727 in
605 1673 763 1728 nobis
797 1674 928 1737 vita,
958 1676 1177 1731 vincula
1208 1677 1400 1732 mortis
1441 1692 1787 1748 nequaquam
1825 1679 2086 1749 patietur,

2194 503 2288 557 τοῦ
2314 503 2626 574 ἀνθρώπου,
2658 503 2752 555 καὶ
2777 501 2936 572 πίητε
2970 502 3131 556 αὑτοῦ
3159 503 3222 557 τὸ
3249 500 3410 572 αἷμα,
3463 505 3565 558 οὐκ
3619 506 3767 576 ἔχετε

2195 592 2340 664 ζωὴν
2373 595 2430 647 ὲν
2451 594 2654 656 αὐτοῖς.
2676 594 2753 658 ,⁸0
2773 594 3000 664 τρώγων
3036 611 3137 665 μου
3165 595 3264 666 τὴν
3316 596 3514 666 σάρκα,
3546 598 3641 650 καὶ
3681 599 3769 650 πί-

2195 702 2301 737 νων
2327 701 2429 755 μου
2456 683 2516 739 τὸ
2549 681 2708 753 αἷμα,
2728 682 2838 754 ἔχει
2864 684 3008 755 ζωὴν
3032 684 3268 741 αἰώνιον·
3295 686 3451 752 κάγὼ
3479 689 3768 758 ἀναστήσω

2195 777 2356 830 αὐτὸν
2384 779 2443 829 ὲν
2492 780 2558 848 τῇ
2613 776 2814 848 ἐσχάτῃ
2863 777 3109 848 ήμέρᾳ.»
3156 778 3395 841 Ἀκούεις
3432 779 3535 849 ήδη
3585 778 3768 833 λοιπὸν

2195 867 2441 938 ἐναργῶς
2464 867 2763 931 διειπόντος
2817 866 3002 935 αὑτοῦ,
3031 868 3109 932 ὡς
3147 868 3215 924 ἃν
3248 868 3322 941 μή
3369 868 3636 939 φάγωμεν
3674 870 3767 941 τήν

2197 957 2375 1029 σάρκα
2400 956 2586 1019 αὐτοῦ,
2636 957 2730 1011 καὶ⁴
2789 957 3002 1027 πίωμεν
3054 958 3117 1011 τδ
3146 953 3307 1029 αἷμα,
3341 958 3441 1013 οὐκ
3489 959 3689 1030 ἔχομεν
3712 962 3767 1014 ὲν

2194 1048 2428 1112 ἑαυτοῖς,
2456 1046 2599 1100 τοῦτ’
2626 1046 2790 1110 ἔστιν,
2829 1049 2885 1099 ἐν
2925 1048 2990 1118 τῇ
3038 1048 3144 1119 ίδίᾳ
3176 1047 3338 1119 σαρκὶ
3354 1048 3498 1119 ζωὴν
3517 1048 3765 1119 αἱώνιον;

2194 1136 2431 1208 Νοηθείη
2454 1137 2498 1190 δ’
2534 1136 2600 1191 ἂν
2623 1139 2656 1207 ή
2688 1135 2905 1200 αίὼνιος
2935 1135 3082 1208 ζωή,
3140 1138 3233 1191 καὶ
3268 1137 3414 1208 μάλα
3458 1138 3762 1209 δικαίως,ή

2198 1227 2334 1300 σὰρξ
2359 1228 2459 1298 τῆς
2487 1228 2656 1299 ζωῆς,
2708 1227 2852 1282 τοῦτ’
2882 1227 3019 1292 ἔστι,
3066 1228 3164 1281 τοῦ
3218 1229 3577 1297 Μονογενοῦς.
3621 1229 3766 1300 Αὕτη

2192 1318 2250 1372 δὲ
2280 1319 2426 1390 ἡμᾶς
2451 1319 2730 1390 ἀνίστησιν
2773 1319 2830 1371 ἐν
2865 1320 2929 1389 τῇ
2961 1318 3169 1389 ἐσχάτῃ
3218 1319 3421 1391 ήμέρᾳ,
3455 1320 3574 1383 πῶς
3595 1320 3631 1390 ή
3652 1320 3771 1373 τίνα

2195 1408 2394 1480 τρόπον
2449 1409 2658 1482 ἀκούσῃ
2691 1410 2790 1479 μὲν
2825 1409 2886 1480 δή
2928 1425 3028 1462 που
3084 1411 3332 1476 πάντως,
3365 1409 3477 1476 ἐγὼ
3505 1410 3564 1465 δὲ
3596 1413 3770 1465 εἰπεῖν

2195 1499 2294 1553 οὐκ
2319 1500 2552 1571 ὀκνήσω.
2590 1499 2808 1570 Ἐπειδὴ
2861 1499 2968 1572 γὰρ
3024 1499 3159 1571 σὰρξ
3183 1499 3416 1567 ρὲγένετο
3444 1499 3546 1569 τῆς
3587 1499 3731 1569 ζωῆς
3750 1537 3769 1567 9

2193 1589 2336 1644 τοῦτ’
2364 1589 2500 1655 ἐστι,
2530 1590 2627 1644 τοῦ
2657 1593 2722 1645 ὲκ
2756 1589 2893 1643 Θεοῦ
2946 1591 3042 1644 καὶ
3098 1593 3312 1661 Πατρὸς
3356 1591 3771 1663 ἀναλάμψαντος

2195 1681 2390 1748 Λόγου,
2426 1680 2564 1752 πρὸς
2591 1681 2688 1750 τήν
2718 1680 2819 1750 τῆς
2853 1679 2999 1752 ζωῆς
3022 1680 3374 1753 μετεχώρησε
3402 1681 3654 1754 δύναμιν,
3673 1684 3770 1737 καὶ

520 1764 616 1819 sed
641 1766 1051 1836 corruptionem
1080 1766 1271 1837 utique
1301 1767 1605 1838 superabit,
1639 1781 1765 1822 cum
1793 1783 1856 1823 ea
1877 1783 1998 1839 qua:
2023 1783 2092 1824 ex

2200 1771 2307 1824 ἔστι
2330 1770 2440 1826 τῶν
2464 1770 2761 1842 ἀμηχάνων
2784 1769 2998 1840 θανάτῳ
3023 1771 3279 1824 νικᾶσθαι
3303 1771 3402 1841 τήν
3434 1770 3601 1842 ζωήν.
3627 1774 3768 1826 Οὐκ-

518 1857 878 1926 corruptione
908 1867 1132 1912 manent
1172 1859 1447 1915 sustinere
1476 1858 1707 1915 nesciat.
1742 1876 1762 1911 ι
1800 1857 1913 1915 Nec
1947 1860 2092 1915 enim

500 1946 800 2018 corruptio
820 1949 1247 2019 incorruptelam
1267 1950 1591 2020 possidebit,
1607 1969 1625 2002 ι
1648 1950 1806 2021 juxta
1824 1950 1978 2005 Pauli
2001 1966 2096 2006 vo-

517 2053 637 2093 cem
659 2039 728 2094 ⁹⁸.
746 2036 882 2093 Nam
913 2054 1037 2094 eum
1059 2039 1315 2097 Christus
1339 2041 1687 2111 potissimum
1715 2039 1896 2097 dicat:
1927 2061 1946 2094 ί
1984 2041 2095 2114 Ego

515 2128 800 2183 suscitabo
825 2143 981 2193 eum,
1012 2147 1032 2181 ι
1062 2144 1411 2200 nequaquam
1453 2131 1521 2185 ad
1558 2147 1783 2187 carnem
1821 2146 1977 2186 suam
2008 2147 2095 2186 re-

497 2218 546 2271 ’f
547 2228 628 2272 ert
654 2224 900 2274 mortuos
928 2219 1234 2275 suscitandi
1260 2229 1605 2292 potestatem.
1628 2221 1734 2278 Sed
1764 2239 1891 2279 cum
1923 2239 2094 2279 unum

517 2310 592 2363 sit
627 2324 752 2363 cum
787 2324 952 2364 carne
982 2324 1080 2365 sua
1114 2311 1208 2380 qui
1241 2312 1298 2366 in
1324 2327 1388 2366 ea
1419 2319 1503 2368 est
1547 2312 1690 2369 Deus
1729 2312 1998 2378 Verbum,
2028 2314 2095 2368 il-

409 2468 421 2477 _
517 2399 611 2455 Iud
641 2416 734 2470 ego
769 2401 869 2464 ait,
902 2401 1067 2471 idque
1110 2402 1444 2458 rectissime.
1499 2402 1610 2459 Nec
1658 2404 1804 2459 enim
1840 2406 2094 2461 Christus

514 2489 574 2544 iu
609 2491 748 2545 duos
779 2490 919 2547 ﬁlios
944 2491 1236 2556 scinditur,
1272 2508 1373 2547 nec
1398 2493 1634 2548 alienum
1670 2510 1794 2551 esse
1831 2497 1899 2549 ab
1956 2496 2096 2552 Uni-

520 2581 705 2651 genito
745 2595 944 2653 corpus
985 2584 1105 2652 ejus
1153 2584 1446 2654 quisquam
1488 2587 1785 2656 putaverit,
1825 2587 2095 2657 quemad-

517 2670 739 2725 modum
788 2687 981 2742 nempe
1017 2681 1073 2728 et
1117 2688 1147 2727 a
1202 2684 1388 2729 nostra
1424 2675 1606 2729 anima
1637 2690 1820 2738 nemo,
1852 2684 1913 2730 ut
1944 2692 2093 2741 reor,

520 2764 760 2818 alienum
794 2778 996 2834 corpus
1033 2765 1152 2835 ejus
1181 2781 1305 2821 esse
1337 2766 1499 2821 dicet.
1531 2764 1668 2820 Cum
1703 2767 1871 2838 igitur
1906 2783 1972 2823 ex
2011 2769 2095 2824 his

521 2852 959 2908 demonstratum
1001 2854 1162 2907 nobis
1208 2854 1280 2908 sit
1337 2854 1502 2907 vitem
1539 2852 1757 2920 quidem
1804 2855 1973 2927 864
2014 2855 2096 2911 id-

417 2937 425 2943 ’
521 2946 669 2999 circo
692 2945 981 3000 Christum
1020 2959 1165 3007 esse,
1192 2960 1296 3000 nos
1324 2960 1456 2998 vero
1482 2946 1758 3015 palmites,
1791 2956 1977 3016 utpote
2000 2947 2092 3017 qui

523 3039 642 3107 ejus
669 3036 1080 3106 participationi
1109 3052 1220 3090 non
1250 3037 1488 3105 spiritali
1523 3037 1870 3101 tantum,sed
1896 3046 1951 3093 et
1975 3053 2096 3091 cor-

520 3131 697 3200 porali
730 3130 1095 3193 adhmremus,
1134 3127 1267 3198 quid
1307 3128 1360 3182 in
1390 3142 1490 3184 nos
1538 3127 1737 3185 frustra
1768 3129 2094 3196 deblaterat,

521 3221 715 3276 «licens
747 3236 813 3275 ex
846 3234 913 3274 eo
938 3219 1084 3288 quod
1115 3234 1222 3273 non
1253 3218 1636 3289 corporaliter,
1667 3218 1762 3275 sed
1793 3218 1897 3274 ﬁde
1918 3221 2101 3291 potius

521 3317 581 3364 et
613 3308 806 3363 aﬂ‘ectu
861 3308 1117 3378 legitimae
1149 3307 1443 3363 cbarimtis
1474 3306 1522 3363 ei
1573 3308 1940 3373 adhaeremus,
1975 3326 2099 3365 car-

523 3414 653 3455 nem
702 3415 855 3455 suam
898 3398 1110 3455 idcirco
1140 3399 1304 3456 vitem
1350 3413 1460 3454 non
1496 3401 1837 3466 nominasse,
1878 3402 1974 3457 sed
2006 3417 2103 3473 po-

527 3492 639 3547 tius
672 3491 967 3563 deitatem?

2193 1862 2288 1916 οὖν
2324 1863 2555 1933 ἐπείπερ
2583 1863 2640 1914 ὲν
2673 1862 2804 1932 ἡμῖν
2831 1861 3052 1930 γέγονεν
3084 1864 3116 1932 ή
3147 1862 3260 1931 ζωὴ
3281 1902 3295 1923 .
3332 1862 3442 1916 τῶν
3489 1864 3582 1916 τοῦ
3614 1864 3770 1919 θανά-

2192 1967 2286 2005 του
2307 1949 2522 2022 δεσμῶν
2552 1950 2654 2004 οὐκ
2707 1950 2998 2015 ἀνέξεται,
3060 1951 3272 2021 νικήσει
3319 1951 3377 2006 δὲ
3413 1953 3633 2023 πάντως
3670 1953 3771 2022 τὴν

2195 2040 2423 2112 φθορὰν,
2464 2040 2697 2111 ἐπείπερ
2727 2041 2826 2094 οὐκ
2864 2034 2975 2094 οἶδε
3035 2039 3104 2094 τὰ
3149 2042 3208 2105 ἐξ
3261 2041 3428 2110 αὐτῆς
3452 2042 3763 2110 ὑπομένειν.

2201 2149 2220 2184 t
2260 2132 2335 2185 Οὐ
2360 2132 2468 2201 γὰρ
2491 2134 2524 2202 ή
2548 2131 2724 2202 φθορὰ
2748 2132 2848 2201 τὴν
2878 2132 3188 2203 ἀφθαρσίαν
3226 2132 3567 2203 κληρονομεῖ,
3587 2152 3606 2184 ι
3628 2133 3768 2188 κατά

2194 2223 2292 2294 τὴν
2329 2223 2425 2277 τοῦ
2459 2223 2673 2276 Παύλου
2725 2224 2930 2293 φωνήν.
2992 2223 3054 2275 Εἰ
3093 2223 3202 2292 γὰρ
3243 2224 3337 2276 καὶ
3391 2224 3472 2277 ὅτι
3533 2225 3768 2292 μάλιστα

2193 2314 2449 2387 Χριστὸς,
2491 2334 2509 2366 ι
2560 2313 2722 2382 Ἐγὼ,
2775 2316 2960 2386 φησὶν,
2999 2316 3289 2385 ἀναστήσω
3340 2316 3530 2378 αὐτὸν,
3570 2334 3589 2367 ι
3650 2317 3769 2386 οὐχὶ

2199 2408 2334 2477 μόνῃ
2349 2408 2414 2476 τῇ
2445 2405 2553 2476 ἰδίᾳ
2573 2405 2915 2478 περιτέθεικε
2947 2407 3108 2475 σαρκὶ
3136 2407 3198 2460 τὸ
3218 2406 3478 2462 δύνασθαι
3493 2408 3772 2478 διανιστᾷν

2194 2498 2319 2560 τοὺς
2357 2495 2812 2567 κεκοιμημένους,
2829 2494 2943 2548 ἀλλ’
2965 2495 3024 2549 ἓν
3058 2495 3320 2567 ὑπάρχων
3349 2496 3489 2565 μετά
3511 2497 3612 2567 τῆς
3634 2496 3773 2560 ιδίας

2196 2586 2395 2657 σαρκὸς
2418 2585 2446 2637 6
2482 2587 2539 2638 ὲν
2568 2586 2705 2654 αὐτῇ
2735 2583 2867 2647 Θεὸς
2893 2584 3078 2652 Λόγος,
3105 2584 3167 2637 τὸ
3198 2584 3312 2653 ἐγὼ
3347 2587 3500 2655 φησι,
3535 2587 3629 2638 καὶ
3647 2585 3774 2639 λίαν

2195 2674 2388 2745 ὀρθῶς.
2426 2675 2502 2729 Οὐ
2529 2676 2639 2746 γὰρ
2676 2677 2755 2739 είς
2803 2673 2934 2728 υίῶν
2987 2675 3156 2728 δυάδα
3200 2675 3456 2744 τέμνεται
3499 2675 3769 2745 Χριστὸς,

2194 2764 2319 2820 οὔτε
2344 2765 2449 2837 μὴν
2477 2765 2757 2837 ἀλλότριον
2780 2764 2873 2817 τοῦ
2910 2764 3247 2833 Μονογενοῦς
3273 2767 3570 2836 ὑπονοῆσαι
3593 2783 3677 2829 τις
3705 2767 3773 2819 ἂν

2195 2854 2255 2909 τὸ
2283 2855 2443 2925 σῶμα
2477 2854 2662 2916 αὐτοῦ,
2689 2854 2876 2925 ὥσπερ
2897 2849 2991 2907 οὖν
3019 2854 3342 2923 ἀμέλει,καὶ
3374 2853 3471 2922 τῆς
3498 2852 3773 2923 ἡμετέρας

2195 2946 2390 3017 ψυχῆς,
2408 2947 2509 2999 οὐκ
2530 2945 2617 3010 ἂν,
2639 2939 2817 3015 οἶμαι,
2834 2947 2917 3008 τὶς
2941 2944 3217 3015 ἀλλότριον
3248 2946 3508 3015 προσερεῖ
3527 2943 3588 2995 τὸ
3612 2941 3774 3012 σῶμα

2197 3034 2388 3103 αὐτῆς.
2424 3035 2554 3087 Ὅτε
2586 3034 2784 3099 τοίνυν,
2818 3034 2911 3087 καὶ
2948 3032 3034 3086 διὰ
3067 3031 3270 3085 τούτων
3299 3033 3431 3102 ἡμῖν
3462 3031 3778 3100 ἀναπέφαν-

2196 3144 2287 3184 ται
2320 3126 2429 3179 τῶν
2471 3125 2864 3197 θεωρημάτων,
2896 3122 3138 3195 ἄμπελος
3194 3123 3292 3194 μὲν
3345 3123 3606 3192 ὑπάρχων
3633 3121 3776 3174 κατά

2197 3221 2353 3276 τοῦτο
2415 3223 2671 3294 Χριστὸς,
2706 3222 2966 3293 κλήματα
2997 3222 3054 3275 δὲ
3100 3224 3280 3292 ἡμεῖς,
3318 3222 3413 3274 ἅτε
3457 3221 3521 3292 δὴ
3556 3222 3653 3275 καὶ
3676 3222 3777 3291 τῆς

2198 3313 2336 3385 πρὸς
2373 3314 2535 3367 αὐτὸν
2569 3313 2819 3384 ἐχόμενοι
2874 3311 3194 3379 κοινωνίας,
3237 3313 3361 3383 οὐχὶ
3393 3314 3554 3382 μόνον
3607 3331 3777 3365 πνευ-

2201 3406 2456 3476 ματικῆς,
2498 3406 2633 3459 ἀλλὰ
2655 3407 2751 3459 καὶ
2774 3406 3109 3476 σωματικῆς
3137 3404 3194 3458 τί
3224 3406 3399 3476 μάτην
3418 3406 3576 3474 ἡμῶν
3610 3423 3778 3459 κατα-

2200 3495 2448 3565 φλυαρεῖ,
2489 3496 2662 3566 λέγων
2683 3497 2757 3560 ὡς
2782 3496 3016 3567 ἐπείπερ
3053 3496 3112 3549 οὗ
3168 3496 3493 3566 σωματικῶς
3515 3497 3612 3566 τῆς
3640 3496 3777 3566 πρὸς

526 3582 690 3637 αὐτὸν
722 3583 1006 3646 κοινωνίας
1061 3583 1370 3656 ἐξήμμεθα,
1420 3586 1602 3640 πίστει
1653 3587 1710 3640 δὲ
1747 3587 1965 3657 μᾶλλον,
2002 3589 2097 3642 καὶ⁸
2134 3590 2369 3645 διαθέσει
2394 3591 2492 3662 τῆς
2519 3591 2661 3646 κατά
2692 3591 2781 3645 τὸν
2806 3591 2968 3662 νόμον
2996 3590 3235 3661 ἀγάπης,
3270 3591 3330 3644 οὐ
3398 3589 3495 3661 τὴν
3561 3592 3777 3661 σάρκα,

528 3676 725 3746 φησιν,
776 3675 874 3747 τήν
906 3675 1040 3730 ίδίαν
1080 3676 1322 3749 ἄμπελον
1347 3678 1626 3749 ὠνόμασε,
1667 3680 1867 3750 μᾶλλον
1911 3681 1968 3733 δὲ
1999 3681 2095 3753 τὴν
2134 3680 2386 3752 θεὸτητα.

597 3769 668 3823 At
701 3785 802 3824 cur
834 3770 1074 3832 tandem,
1123 3770 1336 3841 inquiet
1384 3773 1607 3841 aliquis,
1659 3774 2106 3831 convenientiori

527 3869 585 3917 et
629 3863 802 3933 magis
849 3862 1073 3931 proprio
1110 3877 1274 3917 sensu
1309 3863 1524 3928 relicto,
1556 3863 1623 3918 ad
1660 3864 1821 3934 longe
1848 3864 2103 3921 dissitum

528 3963 583 4007 et
630 3954 871 4009 alienum
905 3960 958 4008 te
1003 3951 1223 4010 c0ul‘ers
1250 3953 1274 4007 ?
1302 3952 1582 4024 Numquid
1617 3941 1765 4010 enim
1797 3971 2105 4028 congruen-

530 4045 644 4099 tius
690 4034 855 4098 etiam
908 4044 1210 4099 secundum
1243 4045 1427 4101 carnis
1454 4047 1901 4102 communionem
1938 4046 2103 4104 vitem

528 4134 752 4206 quidem
782 4151 906 4191 esse
935 4136 1184 4192 dicemus
1212 4134 1426 4201 Jesum,
1455 4151 1557 4192 nos
1602 4148 1784 4192 autem
1827 4139 2103 4208 palmites,

527 4243 595 4282 ex
622 4242 687 4282 eo
719 4226 864 4299 quod
893 4228 1136 4298 ejusdem
1162 4236 1375 4283 naturae
1408 4230 1643 4285 smnus?
1668 4228 1929 4298 Ejusdem
1958 4232 2106 4285 enim

528 4323 662 4372 sunt
705 4332 830 4371 cum
878 4318 988 4374 vite
1028 4325 1240 4373 natura:
1282 4334 1406 4390 quae
1445 4326 1574 4374 sunt
1621 4334 1687 4374 ex
1749 4319 1888 4390 ipsa.
1930 4321 2110 4392 Atque

530 4409 647 4463 haec
692 4408 951 4472 dicimus,
978 4424 1090 4463 non
1120 4408 1268 4479 quod
1301 4425 1501 4482 negare
1524 4410 1757 4465 velimus
1800 4425 1964 4480 posse
2006 4426 2107 4467 nos

529 4499 755 4555 Christo
808 4499 953 4554 uniri
1011 4514 1110 4569 per
1181 4508 1388 4555 rectam
1452 4498 1610 4553 ﬁdem
1670 4501 2107 4573 charitatemque

531 4593 849 4655 sinceram.
902 4590 997 4647 sed
1048 4591 1408 4647 ostendentes
1466 4591 1649 4661 potius
1705 4592 1988 4647 Christum
2054 4601 2108 4648 et

530 4680 853 4751 spiritaliter
885 4687 939 4736 et
966 4680 1335 4751 corporaliter
1371 4680 1595 4750 quidem
1623 4681 1788 4737 vitem
1818 4697 1963 4748 esse,
2002 4699 2106 4740 nos

527 4787 659 4827 vero
682 4771 959 4842 palmites.
995 4770 1158 4841 Atqui
1194 4770 1423 4840 simplex
1458 4778 1512 4824 et
1540 4771 1871 4841 perspicuus
1907 4782 1991 4829 est
2016 4774 2107 4829 ille

529 4878 717 4919 sermo
756 4864 1043 4929 veritatis;
1092 4864 1188 4918 sed
1219 4862 1368 4919 vafre
1405 4872 1459 4919 et
1491 4864 1721 4920 subdole
1751 4864 2105 4922 adversarius

532 4955 694 5011 fateri
744 4965 963 5012 recusat
1013 4956 1295 5011 Christum
1342 4956 1705 5027 corporaliter
1755 4958 1920 5013 vitem
1964 4973 2106 5021 esse,

528 5050 625 5122 qui
658 5063 814 5104 suam
840 5047 1183 5119 palmitibus,
1209 5048 1262 5103 id
1293 5056 1377 5104 est
1409 5049 1594 5111 nobis,
1620 5049 1787 5102 vitam
1818 5049 2108 5119 largiatur,

530 5142 696 5198 sicuti
731 5139 851 5196 suis
898 5139 1215 5211 palmitibus
1247 5138 1530 5196 sensibilis
1581 5153 1646 5192 ac
1684 5146 1904 5193 terrena
1961 5140 2107 5206 vitis,

531 5234 626 5291 sed
650 5233 852 5288 horum
890 5233 1185 5287 verborum
1216 5245 1443 5299 sensum
1475 5229 1771 5298 detorquet
1816 5229 1884 5284 ad
1932 5230 2109 5286 solam

530 5305 649 5395 ejus
697 5324 978 5379 deitatem.
1027 5321 1161 5376 Eam
1214 5322 1416 5391 quippe
1464 5319 1546 5374 sic
1579 5318 1907 5374 calumniari
1941 5334 2104 5392 posse

2273 3778 2466 3832 Καίτοι
2492 3776 2545 3830 τί
2573 3776 2636 3848 δή
2666 3793 2817 3840 ποτε,
2855 3775 2988 3849 φαίη
3039 3793 3122 3840 τις
3147 3775 3233 3843 ειν,
3282 3773 3372 3827 τὸν
3403 3773 3780 3845 πρεπωδέστε-

2205 3867 2296 3936 ρόν
2326 3884 2386 3919 τε
2420 3866 2512 3918 καὶ
2541 3865 2866 3936 οἰκειότερον
2899 3865 3011 3926 τοῖς
3037 3862 3352 3932 θεωρήμασι
3370 3858 3570 3930 τρόπον
3598 3858 3777 3927 ἀφεὶς,

2204 3958 2295 4010 ἐπὶ
2319 3957 2379 4009 τὸ
2420 3955 2554 4008 πολὺ
2604 3954 2957 4026 διωρισμένον
2982 3951 3213 4022 ὲπείγῃ;
3248 3951 3319 4002 Ἢ
3362 3951 3471 4019 γὰρ
3500 3949 3623 4019 οὐχὶ
3647 3964 3780 4019 πρε·-

2205 4047 2564 4118 πωδέστερον,
2600 4045 2695 4099 καὶ
2751 4044 2893 4099 κατὰ
2916 4044 3017 4114 τὴν
3068 4043 3169 4112 τῆς
3216 4040 3417 4113 σαρκὸς
3453 4037 3777 4104 κοινωνίαν,

2205 4138 2448 4210 ἄμπελον
2479 4138 2575 4208 μὲν
2601 4133 2742 4191 εἶναι
2798 4136 3040 4206 δώσομεν
3065 4134 3154 4188 τὸν
3189 4132 3418 4203 Ἰησοῦν,
3459 4132 3689 4193 ἑαυτοὺς
3724 4129 3780 4183 δὲ

2206 4230 2480 4301 κλήματα,
2509 4229 2598 4284 διὰ
2633 4230 2694 4283 τὸ
2718 4227 2993 4300 ὁμοφυέςς
3027 4226 3278 4296 Ὀμοφυῆ
3307 4224 3417 4294 γὰρ
3449 4224 3518 4293 τῇ
3553 4221 3779 4292 ἀμπέλῳ

2207 4319 2274 4374 τὰ
2296 4321 2354 4384 ἑξ
2380 4320 2570 4390 αὐτῆς.
2598 4320 2708 4373 Καὶ
2756 4318 2931 4371 ταῦτά
2983 4334 3184 4387 φαμεν,
3244 4316 3344 4367 οὐκ
3377 4313 3780 4384 ἐπιχειροῦντες

2209 4412 2453 4483 ἀναιρεῖν
2491 4411 2551 4463 τὸ
2579 4408 2929 4472 συνενοῐὲσθαι
2989 4406 3250 4461 δύνασθαι
3285 4405 3365 4476 τῷ
3396 4403 3643 4475 Χριστῷ,
3694 4403 3782 4456 διά

2207 4516 2266 4552 τε
2308 4499 2543 4561 πίστεως
2587 4498 2773 4569 ὀρθῆς,
2836 4497 2931 4553 καὶ
2980 4498 3202 4566 ἀγάπης
3253 4494 3603 4566 εἰλικρινοῦς,
3651 4496 3782 4547 ἀπο-

2202 4589 2506 4654 δεικνύντες
2529 4590 2585 4644 δὲ
2613 4590 2811 4661 μᾶλλον
2839 4591 2919 4643 ὅτι
2941 4590 3036 4644 καὶ
3059 4586 3444 4659 πνευματικῶς
3468 4585 3565 4639 καὶ
3600 4600 3782 4655 σωμα-

2200 4682 2388 4747 τικῶς,
2416 4679 2660 4752 ἄμπελος
2719 4682 2816 4751 μὲν
2857 4682 2886 4733 6
2918 4681 3151 4750 Χριστὸς
3172 4721 3188 4745 ,
3225 4678 3480 4748 κλήματα
3506 4677 3564 4730 δὲ
3599 4678 3776 4748 ἡμεῖς.

2213 4773 2374 4826 Ἀλλὰ
2400 4772 2507 4845 γὰρ
2534 4774 2563 4826 6
2589 4773 2686 4844 μὲν
2722 4773 2821 4842 τῆς
2848 4771 3106 4842 ἀληθείας
3132 4771 3291 4840 λόγος
3308 4768 3511 4832 ἁπλοῦς
3543 4767 3642 4821 καὶ
3669 4768 3781 4820 δια-

2201 4864 2397 4937 φανὴς,
2432 4865 2601 4919 πανού
2613 4882 2757 4936 ργως
2787 4865 2843 4918 δὲ
2864 4868 2892 4919 6
2919 4865 2986 4918 δι’
3013 4863 3259 4927 ἐναντίας
3299 4863 3652 4933 παραιτεῖται
3685 4859 3779 4928 μὲν

2203 4955 2506 5024 ὁμολογεῖν,
2547 4956 2629 5008 ὅτι
2679 4956 2772 5008 καὶ
2838 4954 3166 5024 σωματικῶς
3212 4946 3560 5022 ἄμπελος-ἧν
3588 4952 3618 5003 ὁ
3646 4952 3779 5020 Χρι-

2208 5046 2350 5111 στὸς,
2389 5047 2484 5100 an
2507 5047 2688 5116 δήκαὶ
2724 5046 2821 5117 τὴν
2860 5046 2996 5099 ἰδίαν
3017 5048 3127 5108 τοῖς
3161 5045 3425 5114 κλήμασι,
3456 5040 3604 5095 τοῦτ’
3617 5039 3779 5103 ἐστιν,

2207 5141 2337 5209 ἡμῖν
2375 5139 2734 5211 χαριζόμενος
2772 5137 2939 5210 ζωήν·
2979 5136 3227 5207 καθάπερ
3264 5131 3357 5188 οὖν
3395 5135 3508 5196 τοῖς
3532 5134 3779 5201 ἐμπεφυ-

2207 5232 2358 5287 κόσιν
2388 5234 2524 5303 αὐτῇ
2582 5231 2854 5303 κλήμασιν
2894 5233 2927 5301 ή
2954 5230 3183 5298 αἰσθητή
3217 5244 3276 5280 τε
3310 5226 3402 5279 καὶ
3434 5225 3529 5278 ἐπὶ
3553 5225 3659 5293 γῆς
3678 5222 3781 5291 ἀμ-

2211 5324 2393 5388 πελος,
2427 5323 2745 5394 περιτρέπει
2770 5322 2826 5376 δὲ
2857 5322 2950 5376 καὶ
2985 5321 3227 5391 βιάζεται
3259 5317 3355 5388 τὴν
3395 5314 3487 5369 τοῦ
3516 5314 3781 5385 νοήματος

488 5488 491 5491 _
532 5433 728 5474 rursus
755 5415 988 5487 putavit,
1023 5415 1155 5469 illud
1186 5414 1353 5469 stulte
1376 5409 1684 5480 objicieus:
1722 5429 1741 5462 ι
1774 5410 1829 5465 Si
1858 5413 1986 5469 vitis
2019 5421 2098 5469 est

2210 5414 2457 5487 δύναμιν,
2502 5414 2595 5467 ἐπὶ
2642 5414 2810 5485 μόνην
2864 5412 3027 5468 αὐτοῦ
3078 5412 3176 5482 τὴν
3227 5410 3474 5480 θεότητα.
3516 5403 3780 5460 Δύνασθαι

486 5512 493 5519 ’
533 5508 728 5577 Filius,
755 5508 956 5579 inquit,
992 5506 1150 5562 Pater
1181 5513 1361 5560 autem
1404 5502 1669 5574 agricola,
1704 5519 1893 5560 rursus
1922 5515 2098 5562 autem

2214 5510 2323 5580 γὰρ
2356 5506 2499 5562 οὕτω
2528 5508 2878 5576 συκοφαντεῖν
2908 5505 3074 5576 αὐτὴν
3116 5504 3270 5575 ᾠήθη
3296 5501 3359 5573 δὴ
3398 5499 3581 5568 πάλιν,
3612 5496 3784 5550 ἐκεῖνο

607 5688 653 5719 ⁸⁵
691 5686 849 5741 Joan.
888 5700 979 5750 v1,
1020 5684 1123 5748 54,
1164 5683 1248 5735 55.
1325 5683 1369 5714 ³⁵
1410 5682 1585 5740 lCor.
1627 5702 1727 5752 xv,
1770 5684 1857 5740 50.
