3992 6316
154 335 251 391 545

1160 327 1228 384 IN
1264 327 1553 387 JOANNIS
1588 328 2037 388 svanocuua
2079 332 2207 389 Lm.
2254 331 2325 388 χ.
2370 314 2377 321 “

3275 331 3381 388 διο

156 446 438 523 προτείνων
456 442 700 512 ἀμαθῶς.
726 459 745 494 ι
772 442 834 496 El
851 441 959 514 γὰρ
971 441 1214 512 ἄμπελος
1235 445 1332 515 μὲν
1348 444 1494 520 ξστιν
1514 443 1542 497 6
1563 443 1709 510 Υἱὸς,

1815 444 2042 501 alterius
2101 453 2308 499 natura:
2354 440 2524 498 Filius
2576 440 2738 496 sicuti
2793 440 2919 496 vitis
2963 455 3086 496 cum
3136 444 3378 513 agricola

158 540 299 611 φησι,
338 535 579 607 γεωργὸς
601 534 659 588 δὲ
709 535 739 588 6
780 532 989 607 Πατὴρ,
1037 534 1337 608 ἑτεροφυὴς
1380 534 1439 589 δὲ
1487 534 1649 589 πάλιν
1680 535 1709 587 6

157 631 291 696 Υἱὸς,
311 630 384 692 ὼς
408 627 544 698 πρὸς
565 627 664 698 τὴν
687 624 952 698 ἄμπελον,
1000 626 1100 697 οὐχ
1144 625 1429 697 όμοούσιος
1451 627 1603 680 ἔσται
1630 624 1709 696 τῷ

154 720 365 790 Πατρὶὸ
389 717 535 782 Υἱὸς,
560 714 715 788 φησί.
743 735 763 769 ι
802 716 913 770 Καὶ
946 716 1082 786 βαθὺ
1117 716 1216 786 μέν
1252 734 1335 770 τοι
1368 716 1463 770 καὶ
1492 716 1707 787 πικρὸν,

155 815 240 868 καὶ
269 808 523 880 θεώρημα
544 808 982 881 δυσανάτρεπτον
1012 807 1341 879 ἐπιτειχίσαι
1371 807 1580 879 νομίζει
1599 809 1709 870 τοῖς

153 905 242 975 τῆς
278 900 599 972 Ἐκκλησίας
628 900 914 970 δόγμασιν,
943 899 1214 955 ἁλώσεται
1273 900 1330 953 δὲ
1362 900 1516 954 οὐδὲν
1548 894 1710 971 ἦττον
1758 954 1765 963 η,

154 994 431 1053 κάντεῦθεν
458 992 661 1065 ληρῶν.
708 992 933 1064 Πρῶτον
986 993 1084 1063 μὲν
1118 993 1226 1065 γὰρ
1274 992 1534 1062 ἀλλογενῆ
1570 991 1746 1045 κατὰ·

155 1085 301 1156 φύσιν
352 1082 829 1154 διαϐεϐαιούμενος
870 1079 1008 1136 εἶναι
1040 1083 1133 1137 τὸν
1167 1083 1316 1148 Υἱὸν,
1364 1083 1459 1137 καὶ
1486 1082 1588 1152 τῆς
1614 1081 1709 1136 τοῦ

153 1177 382 1238 τεκόντος
412 1174 599 1238 οὐσίας
623 1171 728 1239 ἔξω
744 1173 933 1239 τιθεὶς,
956 1175 1073 1239 πῶς
1095 1174 1159 1228 ἂν
1179 1174 1259 1228 ἔτι
1280 1175 1498 1245 Πατέρα
1518 1174 1708 1246 καλοίη

154 1270 232 1323 τὸν
267 1268 412 1331 Θεὸν,
453 1267 581 1321 Υίδν
601 1267 656 1320 δὲ
681 1267 818 1332 ὅλως
872 1267 964 1321 τὸν
992 1267 1118 1322 Υίόν
1144 1284 1159 1335 ;
1195 1268 1259 1321 El
1286 1266 1395 1339 γὰρ
1424 1266 1498 1338 μὴ
1516 1282 1708 1336 γεγεν-

154 1360 331 1430 νῆσθαι
366 1359 531 1430 φησὶν
579 1357 763 1422 αὐτὸν,
817 1357 962 1411 τοῦτ’
997 1357 1136 1420 ἔστι,
1172 1357 1458 1429 προελθεῖν
1497 1358 1563 1410 ὲκ
1609 1355 1710 1425 τῆς

153 1450 321 1513 οὐσίας
348 1448 438 1502 τοῦ
464 1448 697 1520 Πατρὸς,
722 1449 974 1520 καθάπερ
1007 1449 1103 1503 καὶ
1122 1448 1182 1516 ἐξ
1214 1448 1536 1520 ἀνθρώπων,
1559 1446 1624 1501 τά
1652 1446 1712 1511 ἐξ

154 1543 316 1597 αὐτῶν
341 1542 680 1611 γεννήματα.
712 1542 829 1606 πῶς
868 1541 934 1595 ἂν
971 1542 1058 1611 εἴη
1091 1540 1235 1596 κατά
1260 1540 1517 1611 ἀλήθειαν
1547 1539 1707 1606 Υίός;

154 1632 272 1688 Εἶτα
302 1632 414 1695 πῶς
429 1632 525 1686 τὸν
560 1632 826 1705 μακάριον
863 1633 1116 1703 Ἰωάννην
1137 1632 1433 1703 ἀποστήσει
1459 1629 1705 1697 λέγοντα’

156 1748 173 1779 ι
214 1726 267 1780 '0
287 1725 615 1796 ἀρνούμενος
642 1725 731 1779 τὸν
751 1724 900 1781 Υἱδν.
925 1724 1019 1779 καὶ
1044 1724 1135 1778 τὸν
1150 1724 1370 1794 Πατέρα
1389 1722 1705 1794 ἀρνήσεται*

1809 542 2149 606 comparata,
2179 549 2287 588 non
2311 533 2419 589 erit
2447 531 2945 588 consubstantialis
2967 531 3117 587 Patri
3150 532 3378 589 Filiusa

1808 625 1941 693 Quae
1992 641 2116 681 cum
2163 625 2323 688 dicit,
2368 623 2650 680 existimat
2704 638 2763 679 se
2814 625 2985 678 altum
3018 624 3279 695 quiddam
3333 635 3387 679 et

1810 716 2012 773 subtile
2044 717 2410 786 excogitasse,
2444 722 2499 770 et
2524 715 2792 770 invictum
2825 714 3096 771 adversus
3122 715 3388 772 Ecclesia:

1809 807 2065 878 dogmata
2093 815 2475 879 argumentum
2505 820 2904 877 comparasse:
2964 807 3058 864 sed
3098 808 3381 864 nihilomi-

1808 912 1917 954 nus
1936 897 2063 954 hinc
2077 912 2296 968 quoque
2314 897 2508 968 nugari
2530 898 2918 968 comperietur.
2939 897 3185 953 Primum
3207 900 3377 966 enim,

1810 1002 1936 1044 cum
1983 988 2211 1044 alterius
2252 987 2554 1045 secundum
2583 995 2837 1043 naturam
2888 990 3108 1059 generis
3128 1005 3252 1045 esse
3288 990 3379 1045 Fi-

1812 1081 1942 1135 lium
1986 1087 2288 1144 asseveret,
2319 1096 2557 1150 eumque
2585 1087 2741 1135 extra
2791 1079 3068 1137 Genitoris
3115 1082 3380 1138 substan-

1811 1169 1942 1225 tiam
1972 1169 2224 1235 collocat,
2258 1169 2533 1239 quomodo
2556 1167 2780 1223 Patrem
2815 1169 3034 1225 vocabit
3058 1153 3250 1236 Deum,
3284 1178 3381 1225 aut

1811 1260 2036 1316 omnino
2066 1260 2261 1317 Filium
2286 1259 2432 1317 dicet
2456 1260 2700 1315 Filium?
2722 1260 2858 1315 Nam
2894 1262 2939 1316 si
2982 1276 3090 1315 non
3130 1276 3254 1317 esse
3283 1278 3379 1333 gea

1811 1352 1987 1407 nitum
2022 1352 2200 1423 ipsum
2226 1353 2325 1418 ait,
2358 1352 2461 1407 hoc
2486 1362 2662 1408 estex
2693 1353 3009 1408 substantia
3039 1352 3223 1409 Patris
3254 1368 3382 1424 pro-

1809 1440 2028 1505 cedere,
2065 1440 2528 1512 quemadmodum
2561 1449 2614 1496 et
2638 1456 2705 1496 ex
2739 1441 3053 1497 hominibus
3081 1457 3273 1497 eorum
3314 1442 3379 1496 li-

1811 1531 1903 1596 lii,
1943 1530 2221 1602 quomodo
2267 1547 2395 1587 vere
2436 1531 2610 1587 Filius
2649 1533 2796 1587 erit?
2853 1533 3057 1589 Deinde
3104 1535 3381 1604 quomodo

1812 1621 2028 1677 beatum
2077 1619 2344 1676 Joannem
2394 1621 2710 1691 repudiabit
2757 1620 3070 1679 dicentem:
3110 1642 3130 1675 ‹
3185 1623 3381 1680 Omnis

1810 1712 1902 1783 qui
1935 1720 2096 1781 negat
2127 1710 2350 1776 Filium,
2383 1728 2486 1768 nec
2516 1711 2735 1768 Patrem
2770 1713 2967 1768 habet:
3016 1715 3109 1784 qui
3155 1715 3381 1771 conﬁteo

150 1823 175 1873 ό
217 1792 488 1887 ὁμολογῶν
515 1817 607 1869 τὸν
644 1816 792 1878 Υἱὸν,
822 1816 1075 1886 ὁμολογεῖ
1128 1815 1224 1870 καὶ
1275 1792 1366 1869 τον
1396 1792 1645 1886 Πατέρα;
1677 1832 1696 1864 ι

1812 1813 1903 1858 ιιιι·
1935 1802 2160 1865 Filium,
2196 1811 2252 1858 et
2275 1802 2497 1857 Patrem
2529 1803 2693 1858 habet
2714 1803 2815 1855 η.»
2854 1802 3009 1868 Quod
3032 1804 3253 1875 quidem
3288 1821 3380 1861 ve-

151 1911 248 1963 Καὶ
274 1907 474 1979 ἀληθὴς
496 1909 525 1961 6
549 1907 726 1975 λόγος.
756 1905 844 1959 Ἐν
868 1907 978 1978 γὰρ
994 1906 1071 1977 τῷ
1093 1905 1264 1977 ἑτέρῳ
1295 1908 1702 1976 συναναιρεῖται

153 2004 350 2063 πάντως
379 1999 472 2052 καὶ
508 1999 901 2067 συνυφίσταται
944 1996 1011 2051 τὸ
1037 1997 1246 2069 ἓτερον.
1277 1998 1351 2051 Οὐ
1387 1998 1494 2068 γάρ
1523 1998 1591 2052 ἂν
1616 1999 1702 2067 είη

154 2090 345 2167 Πατὴρ,
381 2089 480 2142 οὐκ
510 2088 661 2152 ὄντος
688 2087 842 2153 Υίοῦ,
872 2089 980 2142 οὐδ’
1016 2088 1082 2143 ἂν
1113 2088 1239 2154 ris;
1263 2091 1434 2143 νοοῖτό
1464 2106 1595 2143 ποτε
1627 2088 1701 2160 μὴ

150 2182 259 2251 οὐχὶ
284 2180 493 2241 πάντως
554 2179 704 2251 αὐτῷ
738 2181 1219 2251 συνεπινοουμένου
1267 2181 1362 2236 τοῦ
1409 2181 1698 2251 φύσαντος.

151 2270 387 2325 Είτοίνυν
441 2270 690 2339 ἀρνεῖται
725 2270 816 2324 τὸν
864 2270 992 2324 Υίδν
1049 2270 1376 2343 (ἑτερογενῆ
1413 2272 1521 2342 γάρ
1560 2266 1703 2326 εἶναί

151 2362 334 2432 φησι),
362 2360 454 2414 καὶ
492 2361 658 2414 αὑτὸν
686 2362 963 2432 ἠρνήσατο
1000 2362 1091 2415 τὸν
1136 2362 1378 2431 Πατέρα.
1411 2362 1475 2414 Τί
1508 2346 1621 2427 οὖν,
1657 2357 1703 2416 ὧ

153 2454 393 2522 βέλτιστε,
412 2453 556 2523 πρὸς
569 2452 741 2506 ταῦτα
767 2454 939 2523 ὲρεῖς;
963 2453 1055 2517 Et;
1082 2452 1203 2507 τίνα
1228 2452 1464 2523 λοιπὸνὴ
1487 2453 1699 2519 πίστιςς

154 2544 248 2598 Ποῦ
270 2543 363 2613 τῆς
417 2544 584 2612 ἀγίας
638 2542 866 2613 Τριάδος
898 2545 932 2614 ή
988 2543 1151 2607 δόξας
1184 2544 1417 2597 Λέλυται
1455 2543 1564 2614 γὰρ
1608 2543 1703 2596 καὶ

153 2635 331 2709 φρούδη
362 2636 553 2689 λοιπὸν
580 2637 613 2705 ή
635 2634 744 2687 τῶν
764 2634 899 2688 ὅλων
930 2634 1206 2706 κρατοῦσα
1226 2633 1408 2702 φύσις,
1433 2636 1490 2687 ὲν
1521 2633 1702 2704 ψιλαῖς

151 2729 267 2799 ἡμῖν
295 2725 633 2796 σημανθεῖσα
664 2724 840 2789 λέξεσι
894 2724 1045 2796 παρά
1085 2725 1184 2795 τῆς
1246 2724 1407 2793 ἁγίας
1457 2726 1699 2796 Γραφῆς.

152 2816 425 2884 ἀναγκάζει
451 2815 568 2885 γὰρ
590 2816 737 2885 ἡμᾶς
758 2815 853 2868 καὶ
874 2814 962 2869 διὰ
982 2814 1090 2868 τῶν
1110 2812 1284 2876 οὕτως
1313 2815 1702 2885 ἀπηχεστάτων

154 2906 269 2959 ἰέναι
295 2906 463 2975 λόγων
495 2908 536 2975 ἠ
570 2906 792 2958 ἐκείνων
842 2905 1154 2976 ἀποπληξία
1191 2907 1284 2959 καλ⁵
1344 2906 1699 2976 ψευδομυθία.

160 2998 283 3051 Ἀλλ’
310 2996 435 3061 ἴσως
459 2997 528 3049 τὸ
579 2996 680 3065 τῆς
723 2995 1033 3066 δυσφημίας
1070 2996 1396 3060 καταδείσας
1436 2996 1701 3067 μέγεθος,

150 3089 384 3159 ἀλλογενῆ
416 3090 521 3159 μὲν
545 3083 685 3141 εἷναί
716 3106 870 3159 φησι,
914 3086 1271 3156 γεγεννῆσθαί
1312 3105 1376 3157 γε
1418 3088 1524 3159 μὴν
1557 3088 1703 3159 παρὰ

152 3180 233 3233 τοῦ
259 3180 386 3233 Θεοῦ
414 3180 513 3234 καὶ
567 3179 803 3250 Πατρός.
847 3180 1039 3251 Ἡμεῖς
1099 3179 1155 3232 δὲ
1207 3175 1273 3232 αὖ
1313 3178 1475 3232 πάλιν
1534 3181 1708 3233 εἰπεῖν

154 3274 505 3345 ἀπαιτήσομεν
559 3271 681 3336 πῶς
728 3271 838 3342 ἄρα
896 3271 1261 3341 γεγεννῆσθαι
1284 3271 1466 3325 δίδωσί
1509 3288 1571 3325 τε
1616 3273 1712 3326 καὶ

155 3365 395 3434 ὁμολογεῖ.
426 3365 489 3417 El
541 3364 641 3434 μὲν
684 3363 793 3432 γὰρ
843 3361 919 3426 ὡς
950 3360 1007 3414 ἓν
1055 3360 1163 3414 τῶν
1190 3361 1525 3431 κτισμάτων,
1573 3362 1713 3415 κατά

158 3455 317 3526 σχέσιν
348 3455 444 3526 τὴν
486 3454 563 3518 ὡς
616 3454 673 3507 ὲν
704 3452 908 3525 ἀγάπῃ
951 3452 1046 3506 καί¹
1088 3451 1230 3506 κατὰ
1253 3451 1468 3523 θέλησιν
1495 3452 1713 3525 (πάντα

155 3547 248 3615 γὰρ
273 3546 334 3597 ἐκ
360 3543 493 3599 Θεοῦ
520 3543 777 3613 λέγεται)
801 3584 816 3606 ,
875 3542 963 3597 διὰ
991 3543 1097 3598 τῶν
1148 3543 1327 3597 αὐτῶν
1373 3541 1523 3596 οὐδὲν
1550 3535 1713 3615 ἦττον

156 3637 259 3707 ἥξει
308 3636 694 3708 βλασφημιῶν.
748 3635 950 3708 ’Δληθῆ
981 3635 1039 3689 δὲ
1064 3635 1156 3691 τὸν
1183 3636 1342 3690 τόκον
1382 3634 1552 3690 είπὼν
1572 3677 1587 3701 ,
1618 3636 1710 3691 έκ-

159 3729 300 3795 φυλόν
330 3746 387 3783 τε
407 3727 547 3785 εἶναι
586 3727 1082 3799 διαϐεϐαιούμενος,
1125 3728 1220 3782 καὶ
1252 3727 1513 3799 ἀλλογενῆ
1540 3727 1712 3798 λέγων

158 3818 322 3872 έτικαὶ
351 3820 488 3892 μετά
524 3818 709 3884 τοῦτο,
742 3818 1066 3889 δυσσεϐήσει
1088 3818 1304 3883 πάντως
1322 3821 1403 3884 εἰς
1434 3819 1595 3875 αὐτὸν
1622 3819 1714 3872 τὸν

156 3910 484 3980 γεννήσαντα.
527 3910 596 3962 Ὅ
628 3907 736 3979 γὰρ
796 3909 888 3962 καὶ
940 3908 1080 3979 αὑτὴ
1131 3910 1491 3981 παρῃτήσατο
1521 3909 1712 3963 παθεῖν

156 3985 248 4053 τῶν
274 4001 510 4073 γενητῶν
549 4003 585 4070 ἡ
611 4000 794 4071 φύσις,
849 3998 1009 4055 τοῦτο
1041 4000 1106 4070 δὴ
1136 4000 1352 4064 πάντως
1389 4000 1712 4066 ὑποδείξειεν

156 4092 497 4164 ὑπομείναντα
522 4093 620 4148 τὸν
639 4092 793 4147 Θεόν.
828 4088 904 4145 Ἦ
930 4091 1039 4163 γάρ
1068 4092 1190 4163 οὐχὶ
1211 4093 1272 4146 τὸ
1313 4092 1377 4146 ἐκ
1404 4111 1545 4158 τινος
1573 4092 1714 4147 κατὰ

155 4183 296 4251 φύσιν
343 4183 745 4256 γεγεννημένον
794 4181 1035 4254 ἀληθῶς,
1062 4182 1349 4254 ὁμοούσιον
1377 4184 1455 4254 τῷ
1502 4185 1712 4238 τεκόντι

154 4274 398 4341 φαίνεται,
426 4276 523 4330 καὶ
558 4274 680 4339 πῶς
731 4276 830 4347 οὐχ
880 4275 1054 4330 ἆπασι
1083 4275 1396 4344 συμφανές;
1437 4274 1647 4329 Οὐκοῦν
1676 4276 1708 4346 ή

157 4364 242 4430 μὲν
272 4367 439 4428 κτίσις
467 4366 614 4419 κατὰ
644 4365 800 4434 λόγον
831 4364 1045 4435 πρόεισι
1074 4363 1165 4416 τὸν
1203 4363 1498 4436 πρέποντα·
1535 4363 1708 4419 τίκτει

152 4458 246 4527 γὰρ
298 4457 395 4511 οῦκ
440 4456 728 4526 ἀλλογενῆο
776 4454 936 4525 μόνον
973 4454 1030 4507 δὲ
1085 4452 1326 4507 παθόντα
1359 4453 1449 4508 τὸν
1491 4454 1624 4508 Θεὸν
1650 4454 1710 4507 τὸ

157 4547 372 4601 ἐναντίον
396 4549 728 4621 εὑρήσομεν,
765 4549 919 4617 εἴπερ
948 4546 1211 4617 ἀλλογενῆ
1246 4546 1543 4617 γεγέννηκε
1563 4587 1579 4614 ,
1613 4545 1707 4601 καὶ

158 4638 242 4691 οὐκ
264 4640 319 4706 ἐξ
349 4640 484 4702 ἰδίας
511 4638 731 4708 φύσεως
763 4638 853 4692 τὸν
884 4638 1034 4695 Υίόν.
1138 4626 1143 4629 ’

215 4725 316 4784 Ἦν
350 4732 449 4801 μὲν
482 4726 581 4785 οὖν
628 4729 774 4793 είκὸς
823 4728 975 4784 οὐδὲν
1017 4728 1097 4782 ἔτι
1142 4728 1280 4799 πρὸς
1327 4725 1501 4780 ταῦτα
1535 4725 1708 4779 θέλειν

155 4823 306 4876 εἰπεῖν
334 4823 521 4878 «suae
551 4821 824 4888 ἐναντίας,
854 4821 954 4874 οὐκ
983 4819 1323 4890 ὲξισταμένῳ
1350 4818 1409 4871 δὲ
1436 4820 1535 4889 τῆς
1560 4815 1709 4870 ἐνού-

156 4929 240 4984 σης
273 4915 418 4987 αὐτῷ
439 4914 784 4978 δυσϐουλίας,
832 4912 1065 4984 οἰομένῳ
1100 4929 1162 4965 τε
1218 4910 1485 4980 ἀλλογενῆ
1528 4910 1620 4963 τὸν
1643 4910 1709 4962 ἐκ

153 5006 269 5061 θεοῦ
296 5010 389 5064 καὶ
417 5008 635 5080 Πατρὺς
656 5007 923 5080 ὑπάρχειν
953 5005 1103 5069 Υίὸν,
1133 5004 1235 5059 οὐκ
1272 5001 1575 5073 ὲνδώσομεν
1596 5005 1710 5066 τοῖς

154 5096 237 5168 τῆς
260 5100 515 5174 ἀληθείας
543 5098 965 5171 συνηγοροῦντες
1007 5097 1290 5168 δόγμασιν.
1339 5094 1712 5164 Ἐπιδείξομεν

153 5190 247 5261 γὰρ
266 5193 496 5264 ὁμογενῆ
527 5191 757 5261 λέγοντα
784 5192 851 5263 τῇ
881 5189 1057 5243 κτίσει
1084 5188 1175 5242 τὸν
1191 5186 1326 5241 Θεὸν
1349 5186 1444 5241 καὶ
1470 5184 1709 5255 Πατέρα·

153 5280 380 5350 καὶπῶς,
409 5283 446 5354 ἦ
477 5281 645 5335 πόθεν
674 5279 913 5336 ἀκούοιτ’
952 5278 1021 5332 ἂν
1068 5278 1169 5350 ἤδη
1224 5276 1408 5332 πάλιν.
1434 5275 1714 5346 ’Ἄμπελον

151 5370 373 5440 ἐναργῶς
403 5370 735 5426 διατείνεται
754 5370 850 5424 καί
898 5385 1081 5438 φησιν,
1108 5368 1171 5421 οῦ
1212 5367 1312 5437 τὴν
1351 5365 1533 5438 σάρκα
1570 5364 1707 5435 μᾶλ-

147 5457 247 5525 Aw,
269 5462 380 5518 ἀλλ’
413 5464 594 5535 αὐτὴν
623 5461 938 5532 ὠνομάσθαι
982 5460 1081 5533 τὴν
1104 5458 1333 5531 θεότητα
1354 5457 1447 5512 τοῦ
1472 5457 1711 5523 Μονογε-

149 5549 274 5618 νοῦς.
316 5556 520 5626 Ἐχέτω
579 5555 708 5627 τῇδε
753 5554 936 5626 τυχόν*
986 5551 1205 5620 οὐκοῦν,
1254 5553 1521 5625 ἐρήσομαι
1580 5548 1709 5619 γὰρ,

209 5732 251 5763 ³⁸
289 5733 305 5785 ι
346 5733 505 5790 Joan.
543 5751 607 5790 ιιι
635 5779 649 5806 ,
686 5738 776 5792 23.

1808 1910 1928 1951 rum
1959 1901 2063 1951 est.
2096 1893 2283 1949 Altero
2313 1895 2456 1949 enim
2492 1894 2676 1950 ablato
2707 1902 2803 1948 aut
2839 1897 3044 1964 posito,
3071 1896 3280 1950 tollitur
3314 1896 3384 1951 si-

1809 1988 1920 2041 mul
1944 1987 2201 2051 alterum,
2232 1994 2288 2041 et
2317 1986 2561 2055 ponitur.
2582 1984 2691 2041 Nec
2711 1987 2856 2041 enim
2877 1985 3041 2042 Pater
3062 1988 3167 2043 erit
3194 1989 3241 2043 si
3271 2003 3380 2042 non

1808 2080 1881 2136 sit
1915 2077 2109 2141 Filius,
2149 2093 2248 2133 nec
2275 2077 2453 2132 Filius
2483 2079 2824 2150 concipietur
2859 2095 3126 2149 unquam,
3151 2080 3255 2135 nisi
3279 2078 3383 2132 Pa-

1808 2178 1892 2226 ter
1921 2184 2031 2225 una
2064 2185 2283 2241 quoque
2324 2170 2689 2239 concipiatur.
2723 2169 2779 2225 Si
2827 2186 2956 2241 ergo
2990 2179 3153 2241 negat
3182 2170 3382 2225 Filium

1809 2260 2036 2332 (diversi
2076 2262 2282 2333 quippe
2316 2263 2535 2334 generis
2572 2278 2700 2319 esse
2739 2264 2861 2331 ait),
2898 2273 2953 2320 et
2985 2263 3151 2335 865
3197 2263 3382 2332 ipsum

1808 2353 2027 2410 Patrem
2071 2355 2374 2426 negaverit.
2419 2355 2560 2423 Quid
2592 2356 2758 2428 igitur
2788 2357 2858 2411 ad
2889 2359 3005 2413 haec
3048 2358 3222 2421 dices,
3255 2356 3387 2411 ami-

1809 2447 1912 2502 ce?
1946 2446 2003 2500 ln
2039 2463 2202 2517 quem
2238 2448 2457 2502 domum
2505 2448 2642 2506 ﬁdes
2663 2449 2804 2506 erit?
2838 2449 2940 2505 Ubi
2973 2459 3178 2505 sanctae
3205 2447 3386 2502 Trini«

1809 2541 1943 2617 tatis
1981 2541 2190 2610 gloria?
2223 2539 2371 2595 Perit
2394 2540 2544 2595 enim
2575 2551 2629 2595 et
2661 2541 2845 2596 inanis
2885 2541 3135 2596 redditur
3159 2541 3382 2594 demum

1810 2632 1900 2685 illa
1937 2631 2180 2685 universi
2229 2629 2455 2684 domina
2503 2638 2725 2695 natura,
2759 2630 2919 2687 nobis
2947 2646 2976 2685 a
3012 2640 3202 2686 sancta
3234 2629 3385 2684 Scri-

1809 2729 1970 2792 plura
2016 2721 2181 2776 nudis
2231 2720 2537 2790 significata
2583 2720 2958 2776 dictionibus:
2995 2735 3061 2776 eo
3100 2719 3384 2801 enim'ab-

1808 2813 2138 2869 surditatum
2189 2812 2443 2881 progredi
2489 2810 2708 2867 illorum
2760 2810 2914 2867 furor
2945 2819 2999 2867 et
3037 2807 3383 2875 mendacium

1809 2920 1913 2961 nos
1959 2904 2153 2976 adigit.
2206 2903 2315 2960 Sed
2379 2904 2780 2960 immanitatem
2833 2906 2986 2959 illius
3030 2903 3386 2974 blasphemiae

1810 2996 1998 3053 forsan
2019 2996 2251 3062 veritus,
2276 2994 2479 3051 diversi
2507 2995 2727 3065 quidem
2754 3011 2878 3052 esse
2893 2996 3135 3067 generis,
3164 3010 3387 3050 verum--

1810 3098 1994 3148 tamen
2030 3105 2061 3145 a
2090 3089 2200 3146 Deo
2229 3097 2285 3146 et
2324 3089 2485 3145 Patre
2512 3092 2757 3161 genitum
2795 3106 2919 3148 esse
2939 3092 3034 3147 ait.
3058 3090 3170 3147 Nos
3201 3102 3384 3146 autem

1810 3197 2004 3239 rursus
2032 3181 2351 3253 urgebimus
2375 3189 2437 3236 ut
2457 3180 2607 3237 dicat
2634 3197 2747 3252 quo
2778 3190 2938 3253 pacto
2966 3183 3214 3254 genitum
3257 3196 3385 3237 eum

1808 3289 1933 3330 esse
1957 3273 2211 3329 fateatur.
2240 3271 2297 3327 Si
2321 3272 2469 3329 enim
2501 3281 2760 3343 tanquam
2783 3281 3167 3331 creaturarum
3193 3287 3384 3339 unam,

1810 3365 2079 3421 relatione
2119 3364 2381 3419 videlicet
2422 3372 2478 3419 et
2510 3364 2838 3422 habitudine
2883 3366 3179 3422 charitatis
3221 3373 3389 3435 atque

1808 3456 2108 3513 voluntatis
2139 3454 2350 3525 (omnia
2376 3455 2585 3525 quippe
2610 3471 2675 3511 ex
2704 3457 2816 3511 Deo
2839 3472 2964 3515 esse
2996 3456 3302 3525 dicuntur),
3329 3456 3386 3510 in

1808 3545 2031 3605 easdem
2088 3546 2463 3619 hlasphemias
2514 3547 2737 3604 recidet.
2793 3546 2890 3601 Sin
2953 3555 3135 3602 autem
3192 3560 3385 3600 verum

1811 3642 2033 3714 quidem
2053 3639 2254 3698 Filium
2301 3654 2427 3697 esse
2453 3637 2607 3694 dicat
2631 3680 2646 3704 ,
2688 3639 2917 3693 alterius
2958 3647 3145 3695 tamen
3171 3639 3386 3707 generis

1811 3738 2063 3795 asserat,
2121 3731 2177 3786 in
2227 3730 2407 3801 ipsum
2437 3730 2630 3801 utique
2676 3728 2993 3785 Genitorem
3048 3729 3385 3799 impietatem

1811 3838 1966 3879 suam
1991 3830 2196 3878 exeret.
2233 3821 2391 3888 Quod
2436 3822 2584 3878 enim
2627 3835 2900 3891 nusquam
2933 3820 2987 3875 in
3011 3836 3195 3875 rerum
3225 3835 3388 3875 crea-

1810 3919 1990 3965 tarum
2049 3918 2301 3965 naturam
2330 3910 2616 3977 ceciderit,
2653 3911 2760 3966 hoc
2817 3910 3011 3981 utique
3037 3909 3185 3965 Patri
3235 3908 3390 3964 afﬁn-

1809 4010 1919 4074 get.
1946 4000 2226 4073 Numquid
2261 4004 2408 4058 enim
2457 4003 2604 4073 quod
2632 4018 2701 4058 ex
2734 4002 2920 4073 aliquo
2951 4002 3256 4058 secundum
3291 4016 3390 4057 na-

1812 4104 1990 4151 turam
2026 4109 2155 4150 vere
2182 4104 2267 4151 est
2305 4094 2555 4165 genitum
2595 4095 3075 4150 consubstantiale
3133 4092 3387 4149 Genitori

1811 4200 1936 4241 esse
1952 4184 2132 4239 cuivis
2166 4183 2520 4239 manifestum
2562 4183 2686 4243 est?
2726 4180 2870 4253 Ergo
2909 4191 3161 4237 creatura
3184 4196 3388 4237 conve-

1814 4278 1988 4336 nienti
2013 4279 2120 4334 sibi
2154 4278 2369 4333 ratione
2391 4279 2639 4348 procedit
2666 4292 2679 4328 :
2715 4277 2858 4347 parit
2887 4274 3035 4329 enim
3056 4274 3202 4343 quod
3240 4274 3391 4342 ejus-

1814 4372 1958 4435 dem,
2000 4385 2108 4426 non
2149 4369 2352 4426 diversi
2389 4370 2607 4440 generis
2642 4370 2752 4434 sit;
2784 4368 2962 4424 solum
3008 4376 3191 4422 autem
3220 4365 3389 4421 Deum

1742 4479 1787 4537 υ
1813 4466 2147 4536 reperiemus
2177 4471 2374 4518 contra
2408 4463 2572 4527 allici,
2609 4464 2655 4517 si
2681 4461 2903 4532 quidem
2933 4458 3134 4515 Filium
3165 4459 3391 4515 alterius

1804 4558 2045 4629 generis,
2076 4571 2176 4612 nec
2202 4569 2274 4611 ex
2306 4569 2405 4610 sua
2434 4561 2631 4609 natura
2653 4551 2866 4623 genuit.

1877 4733 1959 4789 Ad
2009 4739 2125 4787 haec
2152 4728 2378 4802 quidem
2422 4728 2559 4784 nihil
2600 4729 2742 4782 ultra
2776 4726 2966 4783 dicere
3009 4723 3391 4782 adversarium

1808 4841 1906 4897 par
1928 4832 2119 4892 esset;
2159 4821 2256 4879 sed
2295 4820 2557 4891 quoniam
2595 4819 2840 4875 insanire
2875 4834 2984 4874 non
3028 4824 3234 4877 cessat,
3270 4813 3394 4868 Dei.-

1807 4933 1915 4989 que
1947 4931 2014 4972 ac
2060 4913 2242 4970 Patris
2270 4912 2470 4968 Filium
2523 4912 2752 4967 alterius
2796 4910 3017 4980 generis
3049 4912 3390 4974 esseputat,

1809 5006 2063 5065 veritatis
2112 5002 2385 5073 dogmatis
2432 4999 2775 5071 patrocinari
2815 5012 2927 5053 non
2977 4992 3388 5049 cunctabimur.

1810 5076 2179 5157 Ostendemus
2230 5094 2379 5151 enim
2423 5108 2548 5149 eum
2602 5092 2787 5147 dicere
2835 5088 3008 5144 Deum
3060 5099 3125 5139 ac
3172 5084 3392 5139 Patrem

1811 5190 2058 5261 ejusdem
2078 5201 2205 5244 esse
2235 5200 2362 5240 cum
2383 5190 2640 5239 creatura
2659 5178 2878 5251 generis
2904 5193 2916 5228 :
2939 5173 3220 5246 quomodo
3236 5186 3389 5235 vero,

1814 5286 1910 5332 aut
1956 5274 2122 5339 unde,
2174 5287 2369 5328 rursus
2416 5270 2629 5326 audiat.
2652 5267 2835 5323 Vitem
2865 5273 3053 5335 aperte
3080 5262 3239 5326 dicit,
3277 5276 3392 5316 non

1804 5382 2051 5429 carnem,
2077 5364 2175 5421 sed
2209 5364 2385 5434 ipsam
2413 5359 2692 5431 Unigeniti
2718 5358 2983 5413 deitatem
3013 5371 3138 5412 esse
3175 5368 3391 5408 nuneu-

1806 5469 2013 5533 patam.
2037 5456 2167 5511 Esto
2184 5470 2344 5520 vero;
2368 5449 2697 5523 respondeat
2725 5449 2913 5520 igitur,
2931 5463 3142 5518 quaeso,
3166 5461 3385 5506 rursus,

1810 5559 2000 5609 utrum
2036 5547 2205 5604 Deum
2232 5559 2420 5602 verum
2449 5541 2716 5598 exsistere
2731 5550 2885 5613 putet
2907 5539 3128 5607 Filium,
3156 5555 3225 5594 an
3251 5553 3383 5604 non,
