3998 6318
533 317 641 376 sn
1466 324 1497 343 -ο
1565 313 1625 370 s.
1667 311 1950 368 CYBILLI
1986 307 2458 366 ALEXANDRINI
2487 289 2806 368 ARCHIEP.

3694 311 3814 369 ειε

524 414 766 503 eumque
799 431 1050 485 dicturus
1090 429 1160 487 sit
1195 427 1446 497 spurium
1492 431 1547 483 et
1586 426 1705 481 sola
1752 425 1994 481 nominis
2031 422 2115 478 di-

2224 422 2591 492 ἀπολογείσθω
2622 422 2678 476 δὲ
2709 420 2894 486 πάλιν,
2932 417 3163 491 πότερόν
3209 436 3337 473 ποτε
3370 418 3502 473 Θεδν
3543 420 3813 494 ἀληθινὸν

524 525 735 595 gnitate
762 522 1078 593 praeditum.
1128 519 1267 574 Nam
1303 521 1351 576 si
1382 535 1495 575 non
1537 533 1662 575 esse
1690 517 1996 595 secundum
2021 530 2121 570 na-

528 590 708 669 turam
743 590 915 668 Deum
945 612 1250 677 existimet,
1304 607 1482 682 ipsum
1533 590 1886 678 Unigenitum
1931 607 2120 663 dicen-

529 715 638 759 tem
675 702 906 758 audiat:
935 721 954 754 ι
989 701 1101 773 Ego
1137 717 1262 757 sum
1303 701 1512 771 veritas
1544 700 1614 753 ⁸⁷.
1653 717 1673 750 ι
1711 697 1930 753 Veritas
1964 695 2117 751 enim

529 794 663 852 nihil
703 795 755 848 in
790 808 850 849 se
874 794 1045 849 habet
1076 792 1375 848 adulterini
1410 805 1474 845 ac
1509 788 1652 846 falso
1679 788 1902 845 nomine
1927 786 2119 863 adum-

528 887 692 944 brati.
731 885 1003 941 Praeterea
1047 884 1517 955 sapientissimum
1566 881 1840 937 Joannem
1875 880 2121 935 clamano

529 989 640 1033 tem
674 977 901 1048 audiat:
942 995 961 1028 ι
991 975 1056 1029 Ει
1078 990 1270 1031 sumus
1300 975 1357 1029 in
1386 988 1519 1029 vero
1549 972 1691 1027 Filio
1718 970 1849 1027 Jesu
1873 970 2118 1026 Christo.

532 1068 635 1123 llic
673 1076 758 1124 est
787 1081 953 1123 verus
984 1065 1151 1131 Deus,
1189 1075 1244 1119 et
1275 1063 1385 1117 vita
1413 1061 1705 1117 aeterna".
1745 1078 1763 1111 ι
1803 1057 2008 1113 Verum
2070 1055 2120 1110 si

531 1160 746 1231 pudore
779 1160 978 1219 victus,
997 1164 1052 1211 et
1079 1155 1430 1210 contentione
1467 1153 1681 1216 relicta,
1719 1164 1911 1205 verum
1946 1147 2120 1203 Deum

532 1266 656 1307 esse
680 1250 946 1304 fatebitur
977 1246 1197 1312 Filium,
1223 1245 1290 1299 ad
1322 1245 1429 1299 alia
1473 1254 1822 1312 nequaquam
1851 1255 1953 1294 nos
1982 1253 2121 1292 con-

534 1342 800 1405 feremus,
841 1340 934 1396 sed
964 1340 1086 1410 ejus
1120 1338 1306 1393 verbis
1355 1343 1576 1391 utemur
1618 1332 1686 1387 ad
1725 1332 1896 1403 866
1941 1331 2120 1401 ipsius

535 1434 683 1488 dicta
714 1431 1024 1488 refutanda.
1054 1430 1251 1486 Nonne
1291 1429 1437 1484 sicut
1478 1425 1719 1497 agricola
1753 1422 1957 1478 diversi
1978 1429 2062 1478 est
2089 1437 2119 1476 a

533 1524 644 1578 vite
676 1523 917 1592 generis,
946 1520 1221 1591 siquidem
1267 1520 1362 1575 ille
1393 1519 1557 1573 homo
1579 1524 1687 1581 est,
1719 1516 1835 1570 haec
1872 1516 2117 1586 lignum:

535 1613 610 1667 ita
638 1621 790 1668 recte
823 1627 887 1667 ac
924 1628 1053 1668 vere
1091 1609 1338 1680 ejusdem
1382 1611 1601 1680 generis
1644 1609 1774 1664 vitis
1806 1608 2121 1664 censebitur

535 1719 661 1761 cum
698 1706 817 1761 suis
854 1702 1208 1774 palmitibus?
1246 1700 1533 1757 Neminem
1562 1699 1762 1769 opinor
1800 1713 1866 1754 eo
1900 1698 2119 1753 venisse

535 1780 779 1866 unquam
813 1773 1083 1859 stultitiae,
1107 1802 1166 1848 ut
1201 1806 1315 1848 rem
1349 1792 1485 1846 adeo
1522 1790 2120 1861 manifestam‘negare
2154 1773 2192 1827 Β

538 1886 759 1940 audeat.
791 1885 928 1940 Cum
977 1899 1109 1956 ergo
1161 1883 1306 1938 Deus
1338 1883 1615 1937 exsistens
1649 1890 1835 1943 verus,
1878 1881 2112 1936 consub-

538 1978 814 2034 stantialis
844 1993 975 2033 vero
997 1976 1304 2032 secundum
1337 1984 1590 2030 naturam
1618 1974 1750 2038 Deo,
1783 1973 1887 2028 hoc
1905 1980 1993 2028 est
2026 1972 2122 2026 Pa-

538 2069 630 2131 tri,
679 2077 733 2134 et
782 2070 913 2124 vitis
958 2067 1179 2139 quidem
1228 2067 1343 2132 sit,
1393 2082 1496 2123 nos
1547 2065 1824 2138 palmites,
1869 2063 2119 2134 ejusdem

538 2176 734 2232 nempe
775 2162 980 2216 idcirco
1012 2160 1227 2232 generis
1266 2175 1392 2214 cum
1421 2159 1550 2226 vite,
1574 2157 1854 2228 quomodo
1877 2156 1950 2211 dii
1981 2171 2121 2226 quo-

538 2267 645 2322 que
681 2267 779 2308 nos
818 2253 1125 2308 secundum
1168 2260 1422 2306 naturam
1462 2258 1652 2306 nostra
1701 2249 1869 2304 veluti
1898 2247 2121 2318 spoliati

539 2353 735 2397 natura
773 2359 883 2397 non
915 2342 1178 2399 erimus?
1224 2340 1331 2397 Sed
1379 2348 1639 2397 extremae
1684 2340 1983 2409 impietatis
2037 2344 2123 2393 est

538 2437 614 2492 ita
657 2437 883 2491 sentire.
916 2434 1072 2490 Facti
1110 2434 1314 2504 quippe
1356 2448 1456 2487 nos
1484 2445 1713 2486 sumus:
1753 2430 1896 2485 Deus
1929 2428 2123 2487 securi-

538 2528 668 2579 dnm
699 2534 952 2580 naturam
976 2532 1061 2579 est
1084 2523 1275 2579 Filius.
1301 2522 1369 2576 At
1391 2520 1668 2592 quomodo
1702 2519 1949 2573 futurum
1974 2518 2122 2575 istud

537 2618 660 2672 est?
694 2618 803 2671 Aut
837 2616 1114 2687 quomodo
1135 2631 1324 2670 verum
1357 2619 1441 2669 est
1470 2612 1613 2682 quod
1647 2613 1714 2667 de
1748 2612 1869 2680 ipso
1895 2611 2120 2678 dicitur,

538 2710 584 2765 si
615 2709 862 2779 ejusdem
888 2709 1105 2779 generis
1126 2715 1253 2763 sunt
1279 2721 1403 2761 cum
1429 2705 1536 2759 vite
1569 2703 1864 2774 palmites?
1886 2700 2124 2758 Necesse

536 2800 685 2855 enim
713 2807 795 2855 est
830 2808 926 2852 ant
970 2813 1074 2853 nos
1103 2798 1250 2868 ipsos
1279 2795 1350 2851 ad
1384 2809 1525 2850 verae
1557 2794 1780 2849 deitatis
1814 2790 1996 2848 eﬂ‘erri
2028 2806 2125 2846 na-

538 2899 743 2953 turam,
782 2899 877 2945 aut
926 2891 1075 2944 illam
1132 2888 1200 2941 ad
1249 2903 1349 2943 nos
1396 2886 1626 2940 deduci:
1684 2883 1929 2954 ejusdem
1974 2884 2120 2938 enim

539 2989 667 3035 sunt
693 2977 911 3050 generis
936 2993 1060 3033 cum
1092 2977 1204 3030 vite
1232 2975 1507 3044 palmites.
1541 2973 1791 3042 Cumque
1828 2970 2000 3026 Filius
2039 2970 2125 3023 di-

539 3082 663 3123 cat:
709 3086 729 3120 ι
788 3068 900 3137 Ego
930 3076 983 3120 et
1010 3067 1172 3121 Pater
1197 3080 1366 3119 unum
1402 3079 1597 3119 sumus
1631 3065 1699 3129 ὀ,
1737 3081 1755 3113 ›
1807 3064 1969 3118 etiam
2021 3077 2122 3117 nos

547 3159 649 3224 ipsi
687 3174 795 3212 una
831 3159 1129 3213 evehemur
1162 3156 1230 3210 ad
1263 3154 1636 3211 omnimodam
1673 3170 1799 3208 cum
1851 3153 2015 3209 Patre
2048 3154 2119 3208 si-

540 3251 931 3317 militudinem,
959 3261 1053 3303 aut
1091 3251 1208 3319 ipse
1234 3248 1396 3302 Pater
1425 3248 1492 3301 ad
1524 3255 1772 3301 nostram
1809 3245 2127 3300 similitudi-

540 3355 665 3394 nem
713 3339 1046 3395 detrudetur
1091 3354 1198 3393 una
1247 3353 1371 3392 cum
1404 3337 1565 3402 Filio,
1601 3338 1694 3407 qui
1742 3336 1987 3407 ejusdem
2021 3351 2124 3393 no-

540 3428 756 3484 biscum
791 3436 872 3484 est
903 3430 1140 3499 generis.
1178 3426 1371 3482 Videte
1400 3441 1532 3497 ergo
1559 3436 1766 3496 quanta
1802 3425 1935 3480 hinc
1974 3425 2125 3481 blas-

544 3519 886 3588 phemiarum
941 3519 1103 3572 turba
1137 3534 1196 3574 se
1217 3517 1434 3587 prodat.
1468 3516 1738 3582 Quocirca
1760 3515 2008 3570 rationes
2035 3531 2123 3571 se-

541 3625 775 3680 quemur
814 3610 1017 3680 potius,
1068 3610 1358 3665 credentes
1407 3607 1607 3663 Filium
1654 3622 1752 3678 per
1778 3607 2003 3662 modum
2041 3607 2119 3663 si-

541 3702 870 3758 militudinis
894 3711 950 3758 et
978 3704 1216 3773 exempli
1238 3703 1425 3758 dicere
1453 3720 1467 3757 :
1504 3718 1522 3753 ι
1554 3702 1668 3772 Ego
1694 3715 1819 3757 sum
1851 3699 1999 3765 vitis,
2024 3713 2123 3754 vos

540 3794 815 3862 palmites,
853 3795 1018 3851 Pater
1045 3812 1201 3851 meus
1231 3796 1471 3866 agricola
1499 3802 1604 3849 est.
1649 3812 1668 3846 ι

2226 515 2493 586 ὑπάρχειν
2521 514 2690 567 οῐεται
2717 514 2808 566 τὸν
2841 512 2991 578 Υίὸν,
3025 511 3058 582 ἢ
3088 512 3226 582 οὐχὶ,
3281 514 3541 583 προσερεῖ
3562 513 3619 567 δὲ
3638 513 3813 569 νόθον

2220 603 2318 657 καὶ
2343 606 2400 656 ὲν
2427 602 2611 672 ψιλαῖς
2640 601 2832 673 έχοντα
2859 603 3062 672 φωναῖς
3086 601 3147 654 τὸ
3184 600 3421 670 ἀξίωμα.
3455 602 3518 655 Ei
3559 604 3657 673 μὲν
3691 605 3813 676 γάρ

2220 694 2321 747 οὐκ
2346 692 2483 748 εἶναι
2509 693 2653 748 κατά
2674 694 2834 763 φύσιν
2884 693 3034 758 Θεὸν,
3055 691 3216 745 αὑτὸν
3245 693 3328 762 ἐφ’
3356 692 3530 763 ἑαυτῷ
3557 694 3813 765 δεχέσθω

2225 787 2478 858 μάρτυρα
2505 787 2594 840 τὸν
2623 785 2904 856 Μονογενῆ
2929 785 3174 853 λέγοντα·
3212 801 3233 837 ι
3283 784 3425 854 Ἐγώ
3455 788 3569 857 εἰμι
3597 790 3629 858 ὴ
3658 787 3809 859 ἀλή-

2221 877 2363 932 θεια.
2393 897 2411 930 ι
2451 878 2703 949 Ἀλήθεια
2748 878 2857 949 γὰρ
2911 877 3036 930 καθ’
3078 875 3174 929 Eva
3205 864 3406 946 τρόπον
3458 878 3520 930 οὐ
3550 877 3609 930 τὸ
3638 879 3812 932 νόθον

2188 968 2334 1039 έχει
2384 970 2479 1022 καὶ
2534 969 2905 1040 ψευδώνυμον.
2972 966 3371 1037 Παραδεχέσθω
3414 967 3470 1022 δὲ
3508 970 3604 1024 καὶ
3632 970 3811 1023 αὐτόν

2219 1061 2312 1115 ἐπὶ
2340 1061 2514 1131 τούτῳ
2564 1060 2655 1114 τὸν
2704 1059 3011 1129 σοφώτατον
3056 1059 3332 1130 Ἰωάννην,
3382 1060 3812 1131 ἀνακεκραγότα

2223 1153 2410 1222 σαφῶς
2437 1154 2531 1206 καὶ
2555 1154 2806 1222 λέγοντα·
2842 1171 2861 1203 ι
2883 1154 2991 1206 Καὶ
3032 1153 3202 1222 ἐσμὲν
3233 1153 3292 1205 ὲν
3325 1152 3404 1222 τῷ
3426 1153 3662 1226 ἀληθινῷ
3675 1156 3811 1228 Θεῷ

2235 1244 2409 1315 Ἰησοῦ
2441 1244 2684 1317 Χριστῷῑ
2717 1239 2880 1308 Οὗτός
2910 1247 3057 1298 ἐστιν
3102 1246 3130 1298 6
3178 1243 3430 1316 ἀληθινὸς
3463 1245 3614 1309 Θεὸς,
3642 1246 3748 1301 καὶ
3773 1250 3809 1318 ἢ

2222 1336 2389 1409 ζωὴή
2417 1336 2651 1400 αἰώνιος.
2679 1356 2696 1389 ι
2730 1336 2870 1389 Ἀλλ’
2897 1338 2944 1389 εί
2972 1337 3067 1390 xal.
3095 1336 3233 1408 πρὸς
3268 1333 3427 1390 τοῦτο
3480 1338 3642 1408 τυχὸν
3702 1340 3811 1393 ὑπ-

2221 1426 2572 1498 ερυθρίασας,
2591 1428 2684 1480 καὶ
2711 1426 2773 1479 τὸ
2792 1425 3151 1481 διατείνεσθαι
3183 1427 3369 1498 μεθεὶς
3388 1428 3640 1499 ἀληθινὸν
3662 1432 3690 1482 6
3698 1448 3810 1501 pn—

2221 1518 2440 1588 λογήσει
2467 1518 2600 1571 Θεὸν
2634 1518 2726 1571 τὸν
2748 1518 2900 1583 Υίὺν,
2920 1518 3022 1589 οὐχ
3049 1519 3287 1589 ἑτέρωσέ
3317 1536 3408 1572 ποι
3435 1521 3769 1591 χωρήσομεν
3788 1561 3806 1586 ,

2220 1609 2400 1678 λόγοις
2430 1609 2486 1662 δὲ
2515 1611 2628 1672 τοῖς
2660 1608 2789 1680 παρ’
2821 1608 2983 1663 αὐτοῦ
3037 1609 3354 1680 χρησόμεθα
3406 1609 3543 1680 πρός
3570 1612 3807 1683 ἀνατρο-

2224 1702 2333 1773 πὴν
2381 1700 2496 1754 τῶν
2539 1701 2671 1773 παρ’
2729 1700 2896 1754 αὐτοῦ
2943 1700 3273 1772 λεγομένων.
3306 1700 3437 1773 Ἆρ’
3489 1704 3587 1775 οὐχ
3611 1705 3808 1778 ῶσπερ

2220 1791 2460 1863 γεωργὸς
2490 1791 2784 1862 ἀλλογενής
2834 1793 2951 1845 ἐστι
2980 1794 3046 1864 τῇ
3107 1793 3357 1864 ἀμπέλῳ·
3386 1796 3419 1847 ό
3450 1795 3548 1865 μὲν
3570 1796 3678 1868 γάρ
3706 1798 3807 1851 ἀν-

2219 1882 2455 1953 θρωπος,
2492 1887 2525 1955 ή
2557 1884 2613 1937 δὲ
2649 1884 2822 1949 ξύλον·
2850 1884 3025 1949 οὕτως
3055 1887 3087 1955 ἡ
3130 1886 3393 1957 ἄμπελος,
3435 1887 3688 1957 ὀρθῶςτε
3711 1891 3809 1943 καῖ

2219 1973 2453 2039 ἀληθῶς,
2484 1975 2733 2045 ὁμοφυὴς
2764 1974 2830 2029 ἂν
2855 1979 3045 2041 νοοῖτο,
3074 1976 3211 2046 πρὸς
3266 1975 3334 2029 τὰ
3366 1976 3475 2031 ίδια
3510 1977 3807 2048 κλήματα;

2232 2060 2370 2115 Ἀλλ’
2403 2058 2559 2133 οἶμαί
2589 2078 2654 2131 γε
2683 2063 2788 2133 μὴν
2818 2064 3021 2136 μηδένα
3065 2065 3201 2133 πρὸς
3248 2064 3407 2118 τοῦτο
3444 2066 3659 2137 μωρίας
3683 2065 3805 2119 ὲθε-

2218 2155 2378 2226 λῆσαι
2402 2155 2709 2219 κατελθεῖν,
2744 2156 2820 2220 ὡς
2853 2155 3135 2228 ἀρνεῖσθαι
3155 2155 3358 2227 τολμᾷν
3381 2156 3441 2209 τὸ
3469 2155 3613 2210 οὕτω
3636 2175 3809 2211 κατα.

2220 2247 2405 2317 φανές.
2435 2249 2563 2301 Ὅτε
2585 2249 2767 2301 τοίνυν
2786 2247 2919 2310 Θεὸς
2938 2248 3197 2319 ὑπάρχων
3228 2247 3501 2318 ἀληθινὸς,
3518 2248 3811 2319 όμοοὺσιός

2219 2338 2435 2409 ἐστιτῷ
2472 2338 2621 2392 κατά
2672 2341 2835 2407 φύσιν
2872 2339 3112 2412 ἀληθινῷ
3163 2339 3305 2410 Θεῷ,
3355 2339 3502 2393 τοῦτ’
3553 2341 3674 2393 ἔστι
3728 2340 3808 2410 τῷ

2221 2430 2416 2501 Πατρὶ,
2443 2431 2541 2484 καὶ
2587 2425 2832 2495 ἄμπελος
2879 2432 2978 2502 μὲν
3023 2431 3161 2497 ἐστι,
3209 2432 3467 2503 κλήματα
3493 2433 3553 2486 δὲ
3600 2435 3815 2502 ἡμεῖς,Γ

2221 2521 2434 2592 όμοφυῆ
2458 2520 2698 2590 δηλονότι
2726 2521 2813 2576 διά
2844 2524 3002 2577 τοῦτο
3031 2525 3095 2594 τῇ
3130 2524 3379 2594 ἀμπέλῳ,
3415 2526 3532 2587 πῶς
3552 2524 3676 2595 οὐχὶ
3697 2525 3812 2579 θεοὶ

2221 2610 2363 2664 κατά
2417 2610 2579 2680 φύσιν
2631 2612 2870 2682 ἐσόμεθα
2893 2614 2986 2668 καὶ
3029 2616 3214 2686 ἡμεῖς,
3262 2614 3360 2684 τὴν
3415 2615 3554 2669 ίδίαν
3612 2614 3812 2686 ῶσπερ

2222 2700 2451 2769 ἀφέντες
2486 2702 2681 2772 φύσιν;
2750 2704 2890 2759 Ἀλλ’
2917 2706 3033 2760 ἔστι
3083 2707 3145 2760 τὸ
3169 2707 3312 2761 οὕτω
3342 2710 3561 2778 φρονεῖν
3581 2708 3694 2762 τῶν
3729 2712 3813 2773 είς
3842 2766 3843 2773 η

2223 2793 2391 2864 ἀκρον
2413 2795 2731 2861 δυσσεϐείας
2771 2799 3012 2869 ἡκόντων
3065 2801 3270 2855 κακῶν.
3308 2803 3668 2874 Πεποιήμεθα
3699 2805 3810 2878 γὰρ

2223 2886 2404 2955 ἡμεῖς·
2452 2886 2586 2951 Θεὸς
2611 2887 2670 2940 δὲ
2702 2890 2846 2942 κατά
2880 2892 3042 2960 φύσιν
3076 2893 3222 2946 ἐστὶν
3261 2897 3288 2947 ό
3326 2894 3473 2958 Υἱός.
3516 2893 3654 2950 Εἶτα
3693 2898 3809 2961 πῶς

2225 2976 2376 3032 ἔσται
2404 2977 2559 3031 τοῦτο
2587 2996 2600 3043 ;
2625 2980 2749 3043 Πῶς
2786 2981 2839 3035 δὲ
2872 2983 3071 3053 ἀληθὲς
3099 2986 3185 3038 ἐπ’
3209 2986 3356 3056 αὐτῷ
3395 2987 3456 3039 τὸ
3489 2987 3809 3058 λεγόμενον,

2227 3066 2383 3137 εἴπερ
2412 3068 2547 3120 εἰσὶν
2576 3070 2791 3141 ὁμοφυῆ
2812 3074 2876 3142 τῇ
2906 3071 3139 3143 ἀμπέλῳ
3157 3073 3225 3126 τά
3243 3073 3342 3143 κλή
3354 3092 3533 3144 ματα;
3567 3076 3809 3149 Ἀνάγκη

2223 3156 2416 3229 γάρ,ἢ
2454 3159 2548 3211 καὶ
2587 3161 2738 3230 ἡμᾶς
2784 3161 2979 3226 αὐτοὺς
3010 3164 3092 3226 είς
3127 3163 3227 3234 τὴν
3276 3165 3376 3235 τῆς
3425 3166 3688 3237 θεότητος
3713 3170 3811 3240 τῆς

2221 3247 2456 3318 ἀληθοῦς
2490 3250 2916 3321 ἀνακομίζεσθαι
2965 3252 3147 3321 φύσιν,
3198 3255 3365 3329 ἤγουν
3396 3257 3614 3329 ἐκείνην
3642 3249 3813 3313 κοῖτα-

2222 3338 2534 3402 6ι6άζεσθαι
2568 3342 2704 3412 πρὸς
2735 3343 2901 3412 ἡμᾶς·
2929 3346 3139 3415 ὁμοφυῆ
3191 3344 3298 3417 γὰρ
3333 3350 3398 3418 τῇ
3456 3349 3692 3419 ἀμπέλῳ
3738 3350 3809 3405 τά

2222 3429 2494 3500 κλήματα,
2519 3433 2629 3485 Kal.
2654 3434 2882 3507 ἐπείπερ
2914 3434 3158 3503 φαίνεται
3191 3436 3361 3505 λέγων
3378 3442 3406 3492 6
3432 3439 3583 3506 Υἱός·
3609 3459 3629 3493 ι
3665 3440 3810 3510 Ἐγὼ

2223 3521 2319 3574 καὶ
2349 3523 2377 3574 6
2412 3523 2601 3594 Πατὴρ
2625 3523 2684 3578 ἓν
2706 3525 2896 3591 ἐσμεν,
2923 3545 2942 3578 ι
2983 3526 3078 3580 καὶ
3119 3528 3280 3598 ἡμεῖς
3327 3531 3458 3584 αὐτὸ
3630 3533 3808 3606 αὐτοὶ]

2230 3613 2714 3684 συναναδησόμεθα
2768 3614 2905 3684 πρὸς
2965 3616 3292 3688 ὁμοιότητα,
3355 3621 3455 3691 τὴν
3507 3622 3651 3676 κατά
3700 3624 3811 3677 πᾶν

2227 3702 2408 3757 ὁτιοῦν
2430 3704 2566 3775 πρὸς
2590 3704 2682 3757 τὸν
2729 3705 2971 3777 Πατέρα,
3012 3706 3044 3776 ἢ
3076 3707 3169 3761 καὶ
3225 3709 3386 3773 αὐτὸς
3418 3711 3459 3785 ‘6
3510 3713 3702 3784 Πατὴρ
3731 3717 3810 3770 εἰς

2228 3794 2502 3866 ἡμετέραν
2534 3796 2793 3867 ὁμοίωσιν
2829 3798 3432 3872 συγκαθελκυσθησεται
3454 3801 3532 3874 τῷ
3569 3805 3710 3876 Υίῷ,
3731 3806 3808 3876 τῷ

542 3887 680 3956 πρδς
708 3890 858 3959 ἡμᾶς
882 3890 1128 3959 ὁμοφυεῖ.
1169 3889 1365 3959 Ὁρᾶτε
1389 3887 1455 3957 δὴ
1483 3881 1599 3949 οὖν,
1626 3885 1752 3938 ὅσον
1780 3885 1911 3955 ἡμῖν
1930 3884 2179 3939 ἐντεῦθεν
2204 3886 2527 3958 δυσφημιῶν
2554 3888 2834 3945 ἀνατέλλει
2862 3889 3111 3964 θόρυϐος.
3182 3894 3281 3948 Διά
3339 3894 3404 3964 δὴ
3459 3895 3641 3965 τοῦτο,
3696 3901 3806 3967 τοῖς

540 3980 598 4046 ἐξ
629 3980 888 4051 ἀληθείας
917 3980 1116 4050 μᾶλλον
1138 3979 1380 4051 ἑψόμεθα
1427 3979 1728 4048 λογισμοῖς,
1772 3978 1828 4029 ὲν
1861 3977 2257 4049 ὑποδείγματος
2319 3981 2532 4053 τρόπῳ,
2566 3982 2920 4049 πιστεύοντες
2969 3985 3060 4041 τὸν
3123 3985 3254 4039 Υίδν
3319 3987 3528 4041 εἰπεῖν·
3602 4008 3621 4041 ι
3668 3990 3807 4060 Ἐγὼ

541 4075 657 4142 είμι
686 4074 720 4142 ἡ
751 4072 1012 4142 ἄμπελος,
1046 4073 1205 4143 ὑμεῖς
1234 4071 1328 4131 τά,
1351 4070 1627 4141 κλήματα,
1655 4071 1684 4124 6
1736 4067 1925 4139 Πατήρ
1962 4086 2063 4140 μου
2093 4071 2122 4122 6
2161 4072 2407 4142 γεωργός
2438 4074 2606 4128 ἐστιν.
2632 4093 2649 4125 ι

617 4162 731 4227 XV,
779 4164 835 4217 2.
894 4165 1113 4219 Omnem
1154 4163 1428 4234 palmitem
1472 4164 1528 4217 in
1578 4179 1659 4216 me
1717 4180 1822 4218 non
1873 4164 2123 4232 ferentem

543 4256 797 4325 fructum,
836 4257 983 4310 tollet
1015 4273 1134 4309 eum
1166 4297 1181 4321 ,
1217 4265 1266 4311 el
1298 4271 1506 4309 omnem
1560 4256 1650 4325 qui
1705 4255 1807 4324 fert
1865 4255 2119 4325 fructum,

539 4347 785 4415 purgabil
813 4362 953 4409 eum,
987 4356 1044 4398 ut
1072 4347 1310 4415 fructum
1340 4347 1461 4414 plus
1495 4346 1711 4415 a/ferat.

616 4436 822 4492 Allecto
875 4448 930 4492 et
974 4438 1297 4494 habitudine
1332 4445 1556 4493 constat
1605 4446 1799 4494 nostra
1848 4439 2120 4511 congluti-

2297 4165 2427 4220 Πᾶν
2464 4165 2671 4235 κλῆμα
2702 4166 2772 4221 ἐν
2820 4168 2947 4238 ἐμοὶ
2984 4169 3072 4239 μὴ
3128 4170 3316 4240 φέρον
3357 4170 3615 4241 καρπὸν,
3658 4172 3804 4241 αῖρει

2221 4256 2386 4321 αὐτὸ,
2422 4257 2520 4311 καὶ
2550 4259 2675 4314 πᾶν
2719 4258 2788 4312 τὸ
2838 4262 3074 4329 καρπὸν
3105 4263 3291 4333 φέρον
3329 4265 3596 4333 καθαίρει
3624 4267 3801 4329 αὐτὸ,

2222 4347 2323 4402 ἵνα
2351 4349 2585 4416 καρπὸν·
2616 4350 2873 4404 πλείονα
2893 4351 3066 4420 φέρῃ.

2304 4440 2526 4510 Ἐκτικὴ
2559 4441 2656 4511 μὲν
2688 4442 2719 4511 ἡ
2729 4441 2845 4511 μῶν
2873 4445 2905 4514 ή
2930 4443 3183 4514 κόλλησις
3229 4445 3365 4515 πρὸς
3391 4446 3654 4516 Χριστὸν,
3672 4463 3802 4518 προ-

542 4529 696 4583 natio
721 4542 845 4582 cum
883 4528 1126 4592 Christo,
1154 4544 1276 4599 qme
1307 4530 1578 4584 claritatis
1606 4529 1713 4583 vim
1735 4546 1803 4585 ex
1832 4531 2120 4601 proposito

2224 4535 2501 4606 αιρετικὴν
2534 4534 2731 4605 ἔχουσα
2782 4534 2881 4607 τῆς
2939 4537 3238 4606 σαφηνείας
3293 4539 3393 4609 τὴν
3420 4538 3677 4609 δύναμιν,
3721 4556 3803 4592 τε.

540 4630 596 4674 et
633 4619 915 4674 voluntate
949 4620 1134 4680 habet,
1166 4620 1262 4674 sed
1290 4634 1410 4673 eam
1441 4619 1710 4675 charitate
1762 4635 1827 4675 ac
1858 4622 1967 4676 fide
2002 4636 2122 4691 per-

542 4713 675 4766 ﬁcit.
714 4710 779 4764 Et
833 4711 969 4767 ﬁdes
1014 4711 1234 4781 quidem
1285 4711 1493 4767 nostris
1535 4712 1739 4767 animis
1769 4712 1990 4775 insidet,
2024 4728 2124 4781 pu-

540 4818 658 4855 ram
699 4803 903 4859 divinte
925 4803 1265 4875 cognitionis
1294 4803 1547 4872 praebens
1576 4804 2081 4860 manifestationem
2106 4823 2121 4859 :

542 4895 838 4951 charitatis
870 4904 1054 4950 autem
1099 4896 1242 4950 ratio
1288 4894 1533 4949 mandati
1585 4896 1747 4951 nobis
1780 4897 1849 4951 ab
1879 4911 1945 4951 eo
1982 4911 2126 4965 pra:-

544 4984 734 5053 scripti
792 4986 1029 5056 requirit
1070 4987 1531 5042 observationem.
1579 4984 1671 5041 Sic
1720 4988 1866 5042 enim
1922 4987 2127 5043 alicubi

2221 4625 2441 4679 λειοῦσα
2465 4625 2519 4677 δὲ
2547 4625 2738 4697 ἀγάπῃ
2769 4627 2863 4680 καὶ
2885 4626 3087 4679 πίστει.
3122 4629 3233 4681 Kal.
3261 4630 3295 4699 ἡ
3334 4628 3432 4699 μὲν
3475 4629 3661 4692 πίστις
3690 4624 3832 4705 ταῖςι

2222 4715 2525 4786 ἡμετέραις
2553 4716 2904 4781 είσοικίζεται
2932 4716 3153 4787 ψυχαῖς,
3173 4720 3447 4790 ἀκραιφνῆ
3464 4720 3565 4788 τῆς
3583 4720 3801 4790 θεογνω·

2227 4806 2346 4868 σίας
2390 4805 2704 4877 παρέχουσα
2753 4807 2853 4877 τὴν
2908 4807 3163 4878 δήλωσιν.
3213 4810 3273 4862 Ὀ
3322 4808 3378 4861 δὲ
3438 4809 3538 4878 τῆς
3585 4811 3803 4880 ἀγάπης

2225 4895 2444 4966 τρόπος,
2476 4897 2576 4965 τῆς
2633 4897 2762 4968 παρ’
2821 4896 2986 4950 αὑτοῦ
3025 4896 3392 4970 διορισθείσης
3428 4902 3561 4969 ἡμῖν
3586 4899 3803 4969 ἐντολῆς

2232 4989 2456 5041 ἀπαιτεῖ
2476 4987 2576 5058 τὴν
2602 4988 2856 5059 τήρησιν.
2908 4987 3065 5042 Οὕτω
3094 4992 3201 5062 γάρ
3239 5006 3341 5044 που
3375 4990 3469 5043 καὶ⁸
3524 4991 3692 5054 αὐτὸς
3716 4990 3803 5043 τὸν

542 5074 707 5126 etiam
741 5075 860 5145 ipse
896 5076 1219 5146 diligentem
1258 5092 1320 5131 se
1345 5076 1668 5139 ostendens,
1700 5078 1924 5131 aiebat:
1957 5095 1977 5128 ι
2032 5076 2136 5144 Qui

2230 5078 2529 5148 ἀγαπῶντα
2568 5079 2784 5142 δεικνὺς
2840 5078 3097 5148 ἔφασκεν·
3163 5099 3180 5132 ι
3230 5080 3289 5135 '0
3321 5079 3553 5149 ἀγαπῶν
3598 5099 3669 5151 με
3710 5081 3802 5145 τὰς

543 5164 725 5233 diligit
779 5181 887 5231 me,
936 5169 1196 5221 mandata
1234 5181 1351 5221 mea
1402 5167 1718 5221 servabit‘.
1759 5185 1777 5218 ι
1833 5164 2133 5222 Sciendum

544 5255 749 5323 itaque,
802 5256 929 5313 licet
971 5259 1021 5313 ei
1069 5261 1203 5315 uniti
1240 5262 1415 5316 simus
1458 5274 1557 5329 per
1588 5258 1770 5322 ﬁdem,
1805 5266 1859 5313 et
1898 5257 1954 5312 in
1982 5258 2131 5313 nuda

544 5359 611 5399 ac
644 5344 763 5400 sola
806 5349 1163 5407 confessione
1208 5351 1621 5424 coniunctionis
1656 5348 1879 5403 modum
1914 5357 2129 5405 statua-

2227 5170 2450 5234 ἐντολάς
2479 5187 2578 5241 μου
2603 5171 2856 5242 τηρήσει.
2889 5189 2907 5221 ι
2953 5171 3151 5225 ’ἰστέον
3170 5167 3262 5227 οὖν
3295 5175 3378 5227 ὅτι
3427 5175 3800 5245 συνενούμενοι

2230 5261 2329 5331 μὲν
2369 5261 2456 5315 διὰ
2503 5263 2739 5324 πίστεως
2784 5260 2953 5332 αὐτῷ,
2997 5262 3093 5316 καὶ
3143 5265 3200 5316 ὲν
3255 5263 3439 5333 ψιλαῖς
3470 5264 3569 5319 καὶ
3616 5265 3800 5334 μόναις

2222 5352 2536 5423 ὁμολογίαις
2591 5352 2653 5405 τὸ
2705 5352 2805 5424 τῆς
2868 5353 3175 5425 κολλήσεως
3247 5352 3387 5418 εἶδος
3452 5355 3797 5426 ἐπιτηδεύον-

546 5450 695 5502 nms,
725 5450 903 5508 neque
928 5457 1060 5497 vero
1099 5445 1261 5501 bonis
1299 5444 1590 5500 charitatis
1641 5443 1956 5500 actionibus
2000 5459 2129 5499 con-

2224 5461 2314 5508 τες
2345 5483 2361 5509 ,
2398 5444 2461 5497 οὐ
2531 5443 2638 5514 μὴν
2681 5445 2776 5497 καὶ
2816 5446 2929 5508 τοῖς
2975 5444 3032 5512 ἐξ
3068 5445 3288 5517 ἀγάπης
3351 5445 3799 5518 ἀνδραγαθήμασι

540 5526 847 5596 ju.tctionis
881 5531 1028 5589 illius
1058 5536 1338 5592 vinculum
1369 5537 1593 5607 insuper
1618 5535 1979 5607 stringamus,
2007 5538 2127 5608 pal-

623 5707 668 5737 ’⁷
709 5705 869 5763 Joan.
904 5723 1012 5774 xw,
1046 5709 1100 5762 6.

2231 5537 2322 5589 τὸν
2379 5535 2482 5605 τῆς
2547 5535 2838 5603 συναφείας
2902 5535 3098 5606 δεσμὸν
3158 5536 3610 5607 ἐπισφίγγοντες,
3675 5536 3798 5607 κλῇ-

1177 5712 1221 5742 ’³
1262 5709 1279 5764 Ι
1313 5710 1470 5765 Joan.
1505 5729 1564 5778 v,
1595 5712 1685 5766 20.
1764 5713 1809 5746 ³⁸
1849 5712 2008 5769 Joan.
2045 5729 2111 5777 χ,
2152 5713 2242 5769 ὅθ.
2323 5714 2337 5744 ¹
2379 5710 2533 5766 Joan.
2570 5729 2680 5779 xlv,
2716 5714 2808 5769 23.
