3998 6318
157 341 269 399 549

1231 346 1302 404 ΙΝ
1329 349 1617 408 .IOANNlS
1652 350 2097 409 EVANGELIUM
2134 353 2261 409 LIB.
2296 352 2365 410 Χ.

3324 364 3427 418 350
3444 398 3445 401 η

158 469 313 525 ματα
377 452 476 524 μὲν
520 453 760 526 ἐσόμεθα
791 495 806 522 ,
862 428 1032 530 νεκρὰ
1079 459 1136 514 δὲ
1190 461 1340 533 ὅμως
1379 465 1474 519 καὶ
1500 466 1741 537 ἄκαρπα.

1852 465 2011 521 mites
2044 466 2265 536 quidem
2300 482 2401 525 nos
2432 468 2569 536 fore,
2614 470 2711 527 sed
2743 478 2990 529 mortuos
3021 478 3226 542 tamen,
3250 487 3314 528 ac
3348 477 3430 530 in-

165 565 187 596 ι
227 546 364 617 Δίχα
425 547 535 619 γὰρ
589 547 768 620 ἔργων
814 551 849 621 ή
905 552 1088 618 πίστις
1130 558 1302 628 νεκρά
1355 560 1502 625 ἐστι,
1549 578 1568 611 ι
1599 562 1741 616 κατὰ

153 635 263 709 τὴν
323 638 418 694 τοῦ
463 642 623 709 άγίου
658 643 865 715 φωνήν.
899 643 964 698 Ei
1018 648 1201 702 τοίνυν
1262 649 1371 722 ἄρα
1431 653 1572 707 κατὰ
1629 652 1746 706 τοῦ.

156 749 263 786 Ιιπον
281 731 374 786 τδν
392 734 590 805 τεκςπον
618 734 790 806 ὁρῷτό
811 753 868 791 τε
903 739 998 792 καὶ
1040 740 1275 813 ὑπάρχοι
1301 744 1509 815 κλῆμα,
1543 746 1740 818 μάτην,

158 823 239 887 ὡς
264 824 395 887 ἔπος
420 827 615 891 είπεῖν,
646 827 755 880 τῶν
774 828 874 899 τῆς
901 831 1146 900 ἀμπέλου
1175 835 1440 906 πελεχῶν
1478 837 1742 907 ἐκκεκρε-

164 914 485 986 μασμένων,
509 916 644 972 ἵστω
672 916 736 972 δὴ
758 920 975 985 πάντως
997 925 1061 993 τῇ
1090 916 1200 977 τοῦ
1219 926 1466 996 γεωργοῦ
1498 928 1743 1003 δρεπάνῃ

162 1006 638 1077 περιτευξόμενον.
689 1010 982 1081 ’Δποτεμεῖ
1026 1014 1135 1086 γάρ
1182 1015 1400 1081 πάντως
1450 1019 1617 1084 αὐτὸ,
1648 1020 1741 1073 καὶ

162 1094 418 1166 καθάπερ
465 1096 674 1151 είκατον
726 1100 992 1168 συρφετὸν
1049 1103 1184 1174 πυρὶ
1237 1105 1500 1174 νέμεσθαι
1556 1108 1737 1165 δώσει.

161 1184 335 1239 Τοῦτο
366 1185 475 1257 γάρ
509 1186 619 1241 τῶν
646 1188 910 1260 ἀκάρπων
945 1191 1006 1245 τὸ
1034 1196 1208 1267 κρῖμα
1227 1235 1243 1260 ,
1266 1197 1539 1272 καθάπερ,
1561 1197 1738 1272 οἶμαι,

160 1279 258 1331 καὶ
281 1279 385 1335 ἐπὶ
405 1279 503 1349 τῆς
548 1279 625 1343 ὡς
650 1282 709 1335 ἐν
746 1281 876 1335 είδει
925 1287 1238 1360 παραϐολῆς
1281 1291 1740 1367 παραληφθείσης

161 1372 359 1442 συκῆς.
392 1370 468 1442 τῷ
488 1373 817 1444 γηπονοῦντί
851 1394 1015 1447 φησιν
1048 1380 1190 1435 οτοῦ
1223 1383 1423 1455 χωρίου
1449 1384 1735 1460 δεσπότης·

164 1481 186 1513 ι
221 1461 496 1532 Ἔκκοψον
532 1465 722 1535 αὐτὴν,
753 1466 840 1520 ἵνα
884 1469 938 1521 τί
977 1470 1071 1523 καὶ
1096 1471 1195 1543 τὴν
1242 1476 1345 1544 γῆν
1375 1481 1676 1547 καταργεί;
1714 1500 1733 1533 ι

160 1550 323 1606 Οὕτω
342 1553 577 1608 κάνθάδε
596 1554 803 1627 νομίζω
826 1559 918 1613 τὸν
944 1561 1197 1617 ἁπάντων
1218 1565 1350 1620 Θεὸν
1375 1569 1468 1620 καὶ
1496 1570 1734 1641 Πατέρα,

156 1642 254 1697 τὸν
308 1645 530 1713 στεγνόν
560 1662 620 1699 τε
661 1648 754 1701 καὶ
789 1649 980 1717 ἄγονον
1016 1652 1126 1708 τῶν
1149 1655 1444 1728 κλημάτων
1482 1659 1738 1732 άποθερί-

158 1732 278 1797 ζειν
308 1733 485 1805 ὄχλον,
515 1737 603 1790 ἐπ’
626 1738 801 1793 οὐδενὶ
829 1740 937 1794 τῶν
962 1744 1249 1814 χρησίμων
1280 1747 1377 1817 τῆς
1403 1750 1600 1821 νοητῆς
1629 1752 1735 1822 ἀμ·

1846 556 2183 616 fructuos‘os.
2208 559 2341 614 Nam
2368 581 2386 612 ι
2416 561 2553 617 fides
2576 563 2697 618 sine
2728 565 2995 634 operibus
3026 572 3244 621 mortua
3272 577 3377 630 est,
3408 588 3425 619 ι

1843 649 2013 720 867.
2036 651 2191 720 juxta
2230 652 2377 709 illius
2406 656 2578 709 sancti
2606 660 2855 711 vocem‘.
2880 655 2937 712 Si
2959 658 3083 729 quis
3113 674 3243 730 ergo
3266 659 3431 715 istius

1843 740 1991 795 modi
2035 755 2292 798 cernatur
2338 753 2392 800 et
2419 748 2486 800 sit
2518 746 2751 816 palmes,
2779 748 3011 813 frustra,
3038 759 3099 804 ut
3124 767 3236 805 uno
3256 753 3431 806 verbo

1843 830 2050 897 dicam,
2071 837 2372 889 sarmentis
2400 852 2431 892 e
2455 838 2564 892 vite
2584 840 2970 908 pendentibus,
2989 841 3128 896 sciat
3156 844 3344 914 utique
3370 843 3427 898 in

1842 921 2097 979 vinitoris
2140 924 2333 981 falcem
2376 944 2435 983 se
2489 931 2873 986 incursurum.
2921 932 3241 1002 Amputabit
3275 935 3422 990 enim

1842 1013 2045 1095 ipsum,
2069 1032 2134 1072 ac
2166 1018 2313 1073 velut
2347 1019 2563 1076 inanem
2592 1022 2801 1091 paleam
2843 1023 2896 1077 in
2934 1024 3110 1095 ignem
3146 1025 3419 1095 projiciet.

1804 1118 1811 1127 '
1846 1104 1960 1186 Hoc
1981 1094 2126 1163 enim
2154 1118 2238 1166 est
2263 1113 2535 1168 sterilium
2554 1123 2607 1169 et
2634 1114 3100 1171 infructuosorum
3123 1094 3420 1186 judicium,

1840 1202 2302 1269 quemadmodum
2334 1213 2387 1259 et
2421 1204 2488 1261 de
2527 1205 2633 1261 ficu
2662 1209 2937 1278 parabolae
2978 1210 3099 1264 loco
3139 1218 3422 1278 assumpta
3520 1279 3525 1285 ο

1841 1289 1959 1359 agri
1982 1290 2241 1350 dominus
2266 1296 2463 1351 colono
2497 1298 2611 1350 ait:
2663 1316 2682 1349 ι
2724 1298 2963 1355 Succide
3016 1299 3186 1362 illam,
3221 1299 3416 1370 utquid

1840 1379 2002 1434 etiam
2038 1387 2239 1437 terram
2264 1398 2495 1455 occupat
2515 1385 2537 1417 ³
2557 1386 2607 1439 ἳι
2642 1388 2714 1442 ita
2746 1398 2801 1442 et
2835 1388 2921 1441 hic
2950 1388 3147 1458 Opinor
3176 1389 3418 1445 universi

1840 1470 2010 1527 Deum
2041 1489 2105 1529 ac
2148 1473 2367 1530 Patrem
2414 1477 2654 1532 sterilem
2690 1484 2746 1532 et
2780 1476 3181 1533 infructuosam
3228 1478 3422 1548 palmi-

1840 1572 1953 1619 tum
1987 1582 2052 1621 ex
2087 1568 2443 1624 intellectuali
2476 1570 2583 1624 vite
2611 1568 2813 1624 frustra
2852 1569 3174 1640 pendentem
3204 1571 3418 1626 turbam

1838 1655 2136 1712 demetere.
2173 1656 2441 1713 Existimo
2482 1667 2665 1713 autem
2709 1673 2811 1728 ego
2846 1666 3161 1713 nostrarum
3206 1659 3421 1713 anima-

1841 1763 1964 1801 rum
2002 1757 2346 1816 curatorem,
2383 1749 2489 1804 hoc
2521 1757 2606 1804 est
2648 1747 2840 1814 Deum,
2876 1764 2969 1820 per
3003 1749 3101 1804 has
3127 1749 3420 1819 parabolas

157 1824 328 1878 πέλου
361 1830 801 1899 παρηρτημένον.
839 1808 1082 1903 Οἶμαιδὲ
1115 1808 1247 1905 ἐγὼ,
1402 1808 1510 1893 τῶν
1531 1808 1739 1913 μετέ-

1843 1840 2135 1895 osteudere
2178 1840 2319 1895 velle
2352 1842 2570 1911 qualem
2601 1848 2656 1895 et
2688 1851 2946 1910 quantam
2989 1840 3261 1910 jacturam
3298 1855 3423 1909 pas-

159 1934 275 1986 ρων
288 1918 477 1989 ψυχῶν
497 1921 1010 1994 ὲπιμελητὴν,τοῦτ⁹
1037 1926 1152 1982 ἔστι
1178 1930 1330 1997 Θεὸν,
1361 1932 1621 1999 ἐπιδεῖξαι
1657 1934 1742 1988 θέ-

154 2004 275 2062 λειν
318 2009 407 2063 διὰ
438 2013 539 2082 τῆς
574 2014 633 2066 ἐν
679 2015 890 2079 τούτοις
937 2019 1289 2091 παραϐολῆς,
1322 2024 1506 2077 ὁποῖόν
1554 2042 1613 2078 τε
1648 2027 1741 2079 καί⁹

100 2151 104 2155 4
152 2099 285 2154 ὅσον
321 2101 580 2173 ὑπομένει
607 2104 667 2157 τὸ
697 2105 942 2178 βλάϐοςή
974 2110 1071 2180 τῆς
1094 2112 1231 2181 πρὸς
1267 2115 1430 2170 αὐτὸν
1459 2120 1740 2184 κοινωνίας

143 2186 543 2283 ᾖποτμηθεῖσα
596 2196 765 2269 ψυχή.
811 2200 955 2268 Πρὸς
995 2202 1057 2255 τὸ
1103 2206 1270 2275 μηδὲν
1311 2209 1419 2280 γὰρ
1462 2213 1740 2283 οἰχήσεται

150 2281 256 2376 καί
277 2282 563 2376 Δάχρησιτος
588 2286 741 2342 ἔσται
776 2292 913 2362 πρὸς
937 2295 1118 2349 πᾶσαν
1142 2281 1528 2373 ἀγαθουργίαν,
1559 2281 1738 2376 άναμ-

151 2372 499 2466 ιριϐόλωςὼγε
551 2379 659 2449 μὴν
694 2381 911 2436 κολάσει
943 2372 1402 2460 παραδοθήσεται,
1442 2394 1535 2447 καὶ
1566 2372 1741 2466 πυρὸς

149 2461 309 2556 ἕαται
333 2464 427 2519 τοῦ
456 2469 756 2537 παμφάγου
794 2475 988 2545 τροφή.
1022 2477 1133 2531 Καὶ
1175 2479 1306 2547 γοῦν
1345 2481 1433 2535 διὰ
1464 2483 1559 2536 τοῦ
1603 2461 1741 2556 προ-

151 2554 332 2623 φήτου
367 2556 531 2613 πάλιν
571 2560 827 2633 Ἰεζεχιὴλ
853 2566 984 2619 αὐτὸ
1011 2566 1075 2638 δὴ
1122 2569 1301 2632 τοῦτο,
1333 2573 1427 2626 καὶ
1459 2574 1604 2645 μάλα
1638 2554 1738 2632 σα-

151 2645 275 2714 φῶς
329 2647 705 2720 διερμηνεύων
742 2646 928 2723 ἔλεγεν
963 2675 973 2687 ·
1008 2676 1028 2709 ι
1069 2659 1163 2713 Υίὲ
1219 2663 1507 2733 ἀνθρώπου
1532 2708 1545 2732 ,
1575 2669 1629 2720 τί
1673 2668 1740 2724 ἂν

151 2737 373 2806 γένοιτο
419 2740 480 2794 τὸ
513 2741 667 2806 ξύλον
699 2746 798 2816 τῆς
822 2749 1068 2818 ἀμπέλου
1100 2752 1166 2806 ὲκ
1196 2755 1413 2809 πάντων
1440 2756 1548 2810 τῶν
1568 2758 1742 2825 ξύλων

151 2831 267 2883 τῶν
302 2832 475 2887 ὅντων
511 2835 569 2888 ὲν
590 2839 703 2900 τοῖς
743 2837 917 2904 ξύλοις
947 2842 1042 2896 τοῦ
1080 2844 1326 2915 δρυμοῦ;
1362 2848 1453 2919 Μὴ
1483 2848 1740 2920 λήψονται

153 2921 213 2988 ἐξ
250 2924 421 2978 αὑτοῦ
449 2924 602 2990 ξύλον
630 2929 723 2983 τοῦ
756 2932 977 3002 ποιῆσαι
1003 2937 1084 2999 είς
1112 2937 1375 3008 ἐργασίαν
1400 2956 1414 3007 ;
1437 2940 1470 3011 ἢ
1494 2940 1589 2994 τοῦ
1620 2959 1744 3012 κρε-

153 3014 334 3082 μάσαι
368 3018 426 3070 ὲν
461 3018 609 3090 αὐτῷ
645 3021 753 3074 πᾶν
783 3019 1010 3089 σκὲῦος;
1046 3027 1156 3099 Τὴν
1183 3029 1304 3082 κατ’
1336 3030 1580 3087 ἐνιαυτὸν
1610 3034 1742 3089 κάθ-

1842 1944 1971 1985 sura
2004 1930 2074 1983 sit
2104 1930 2287 1985 anima
2323 1932 2393 1986 ah
2421 1931 2540 2001 ejus
2579 1934 2859 1987 consortio
2904 1940 3139 1987 resecta.
3178 1931 3234 1985 In
3277 1931 3421 1985 nihi-

1842 2021 1953 2075 lum
1984 2023 2185 2092 quippe
2214 2023 2444 2089 recidet,
2487 2031 2539 2077 et
2568 2025 2632 2078 ad
2668 2038 2886 2079 omnem
2918 2025 3188 2079 actionem
3216 2024 3417 2078 bonam

1840 2112 1946 2166 erit
1988 2113 2238 2180 inutilis,
2290 2115 2537 2185 adeoque
2597 2116 2733 2170 citra
2798 2115 3195 2171 dubitationem
3252 2115 3418 2168 ullam

1841 2205 2113 2274 supplicio
2144 2206 2414 2270 tradetur,
2443 2214 2654 2263 aeterno
2683 2208 2808 2278 igne
2837 2206 3236 2263 consumenda.
3265 2205 3421 2259 Unde

1840 2311 1938 2366 per
1964 2295 2299 2375 Ezechielem
2322 2298 2644 2367 prophetam
2679 2297 2915 2366 idipsum
2946 2298 3093 2352 clare
3124 2296 3418 2351 admodum

1840 2386 2123 2469 explicans
2161 2388 2339 2469 aiebat
2370 2407 2383 2442 :
2425 2407 2443 2439 ι
2478 2387 2577 2441 Fili
2605 2387 2864 2452 hominis,
2900 2386 3033 2458 quid
3065 2388 3154 2442 fiet
3179 2386 3247 2441 de
3272 2386 3421 2457 ligno
3523 2388 3543 2409 ‘

1800 2476 1969 2537 .vitis
2025 2492 2093 2532 ex
2151 2478 2408 2543 omnibus
2452 2478 2623 2547 lignis
2669 2487 3078 2534 sarmentorum
3129 2493 3250 2548 quae
3290 2484 3456 2532 sunt“

1840 2566 1983 2621 inter
2019 2567 2163 2637 ligna
2208 2568 2401 2623 silvae?
2460 2568 2517 2622 Si
2573 2569 2768 2624 tollent
2819 2570 2887 2624 de
2948 2570 3041 2623 illa
3092 2569 3298 2639 lignum
3349 2567 3419 2623 ad

1840 2658 2153 2713 faciendum
2200 2659 2254 2713 in
2289 2660 2540 2730 opusisi
2592 2659 2787 2715 tollent
2821 2663 2890 2714 de
2942 2674 3005 2714 ea
3055 2660 3313 2730 paxillum
3350 2657 3419 2712 ad

1841 2748 2291 2820 suspendendum
2327 2766 2494 2820 super
2526 2765 2649 2806 eum
2683 2751 3055 2820 quodcunque
3088 2748 3232 2805 vas?
3279 2748 3421 2804 Ecce

1821 2841 1952 2912 -igni
1987 2842 2175 2896 datum
2209 2850 2316 2906 est,
2350 2858 2591 2897 annuam
2620 2842 3003 2915 purgationem
3034 2858 3100 2897 ex
3124 2856 3186 2896 ea
3219 2856 3422 2896 consu-

1839 2932 1941 2989 mit
1969 2933 2133 3003 ignis,
2164 2941 2218 2989 et
2245 2934 2475 2989 dimittit
2520 2935 2573 2989 in
2607 2935 2766 2990 linem
2799 2952 2814 2990 :
2861 2933 3109 3004 nunquid
3148 2934 3284 2989 utile
3309 2933 3417 2988 erit

1843 3025 1910 3080 ad
1944 3040 2085 3095 opus
2110 3025 2130 3057 ‘
2151 3026 2176 3078 ί
2214 3044 2232 3077 ι
2262 3025 2649 3081 Animadverte
2672 3025 2841 3097 igitur
2870 3040 2979 3097 quo
3005 3033 3163 3095 pacto
3198 3024 3250 3079 id
3275 3024 3421 3094 quod

150 3122 319 3222 αἷσιν
341 3108 520 3222 ῗύτῆς
542 3112 823 3222 άναλίσκει
850 3116 912 3168 τὸ
938 3116 1068 3188 πῦρ,
1084 3119 1175 3171 καὶ
1193 3120 1434 3178 ἐκλείπει
1463 3125 1542 3186 είς
1562 3125 1734 3192 τέλος,

1842 3117 2010 3172 semel
2037 3117 2273 3172 recisum
2312 3124 2422 3180 est,
2456 3131 2521 3171 ac
2547 3117 2768 3187 penitus
2812 3118 3085 3181 avulsum,
3125 3116 3317 3170 inutile
3348 3116 3422 3171 sit

155 3196 235 3268 μὴ
266 3198 540 3271 χρήσιμον
564 3201 718 3259 ἔσται
746 3209 828 3270 είς
869 3208 1132 3279 ἐργασίαν
1162 3227 1176 3276 ;
1210 3231 1229 3263 ι
1272 3212 1437 3278 Σύνες
1461 3215 1525 3287 δὴ
1563 3211 1655 3271 οὖν
1677 3218 1739 3271 τὸ

151 3287 307 3354 ἅπαξ
356 3292 677 3364 ἀποτμηθὲν
705 3336 719 3361 ,
753 3301 845 3352 καὶ
900 3299 1214 3373 ὁλοκλήρως
1269 3304 1695 3378 ἀπεσπασμένον
1721 3350 1736 3376 ,

150 3382 436 3454 ἄχρηστον
484 3386 583 3456 μὲν
612 3389 893 3456 παντελῶς
937 3393 1031 3446 καὶ
1062 3395 1143 3457 είς
1176 3395 1331 3449 οὐδέν
1355 3398 1474 3452 ἐστι
1503 3390 1612 3454 τῶν
1642 3402 1739 3454 άν-

151 3475 410 3544 αγκαιων
442 3479 868 3552 παραληφθῆναι
921 3480 1239 3556 δυνάμενον,
1295 3489 1441 3559 μόνῳ
1491 3491 1550 3544 δὲ
1599 3493 1742 3565 τάχα

150 3565 497 3637 Χρησιμεῦον
527 3568 682 3640 πυρί.
717 3565 844 3643 Ἆρ’
879 3570 974 3628 οὖν
999 3576 1060 3628 οὐ
1113 3577 1380 3648 πρόδηλον
1406 3618 1421 3644 ,
1450 3580 1527 3645 ὠς
1563 3584 1612 3636 εί
1646 3585 1741 3638 καὶ

152 3657 349 3729 κλῆμα
368 3659 692 3731 γενοίμεθα,
732 3665 831 3735 τῆς
861 3666 960 3735 μὲν
990 3667 1253 3724 πολυθέου
1278 3669 1488 3743 πλάνης
1510 3672 1741 3738 ὲξεσπα-

153 3749 372 3819 σμένοι,
389 3752 825 3825 ὁμολογήσαντες
848 3756 905 3810 δὲ
930 3757 1025 3829 τὴν
1048 3758 1232 3815 πίστιν
1259 3756 1457 3834 τὴνείς
1482 3766 1739 3835 Χριστὸν,

152 3841 360 3913 ἔρημοι
396 3842 452 3896 δὲ
479 3844 567 3898 διὰ
598 3848 697 3917 τῆς
737 3846 847 3902 τῶν
864 3847 1048 3920 ἔργων
1090 3852 1400 3924 κολλήσεως
1425 3857 1740 3928 γενοίμεθα,

153 3934 382 3998 πάντως
408 3934 580 4005 δήπου
619 3937 688 3991 τὰ
718 3937 827 3992 τῶν
865 3942 1085 4003 είκαίων
1109 3944 1404 4016 κλημάτων
1436 3950 1741 4023 ὑποστησό-

152 4026 337 4097 μεθα;
385 4028 497 4082 Καὶ
536 4028 591 4081 τί
622 4031 701 4084 τὸ’
728 4031 911 4087 λοιπόν
940 4050 955 4099 ;
1001 4035 1447 4109 Ἀποτεμνόμεθα
1480 4042 1587 4113 γάρ
1626 4044 1745 4098 ὁλο-

150 4120 399 4190 κλήρως,
434 4120 775 4193 ὼθησόμεθα
822 4123 930 4196 γὰρ
966 4128 1061 4180 καὶ
1102 4131 1236 4199 πυρὶ
1283 4131 1379 4185 καὶ
1422 4133 1489 4202 ήν
1525 4133 1743 4206 εἴχομέν

151 4226 295 4262 ποτε
349 4211 500 4281 παρὰ
545 4213 646 4283 τῆς
694 4215 1263 4285 ἀμπέλουεζωοποιδν
1323 4222 1562 4297 ἰκμάδα,
1594 4226 1742 4281 τοῦτ’

149 4299 297 4363 ἐστι,
330 4299 394 4352 τὸ
421 4301 646 4373 Πνεῦμα
679 4305 1203 4375 προσαποϐαλόντες.
1243 4310 1308 4362 '0
1330 4311 1440 4381 γὰρ
1475 4312 1579 4383 ἔφη
1609 4315 1744 4386 X9:-

152 4392 309 4457 πὸς,
346 4394 441 4445 ἐπὶ
481 4393 576 4447 τοῦ
620 4393 680 4448 τὸ
730 4396 994 4451 τάλαντον
1025 4397 1464 4468 καταχώσαντος,
1490 4401 1651 4457 τοῦτο
1675 4404 1741 4478 δὴ

1842 3227 2090 3283 prorsus,
2120 3227 2224 3266 nec
2250 3211 2318 3266 ad
2346 3212 2511 3266 ullam
2544 3227 2657 3266 rem
2692 3211 2899 3266 utiliter
2944 3209 3190 3264 adhiberi
3223 3208 3418 3281 possit,

1842 3302 1938 3357 sed
1971 3303 2080 3373 igni
2118 3302 2384 3357 duntaxat
2412 3299 2711 3357 inserviat!
2727 3300 3001 3371 Numquid
3031 3315 3162 3370 ergo
3190 3297 3422 3354 manife-

1842 3403 1987 3451 stum
2022 3403 2127 3461 est,
2159 3397 2380 3450 tametsi
2411 3395 2668 3464 palmites
2716 3395 2892 3450 simus
2923 3408 2954 3447 a
2999 3392 3139 3447 falso
3193 3392 3420 3447 deorum

1840 3488 1993 3544 cultu
2028 3487 2222 3549 avulsi,
2281 3495 2336 3540 et
2367 3485 2526 3540 fidem
2571 3486 2628 3539 in
2675 3485 2963 3540 Christum
3009 3482 3274 3543 confessi,
3311 3481 3418 3536 nisi

1844 3585 2024 3632 tamen
2055 3576 2313 3647 operibus
2335 3575 2385 3630 ei
2420 3575 2704 3645 conjuncti
2739 3574 3029 3637 fuerimus,
3075 3573 3219 3628 idem
3256 3571 3420 3626 nobis

1840 3670 1989 3741 quod
2039 3667 2328 3723 inutilibus
2384 3666 2706 3738 palmitibus
2756 3674 3117 3726 eventurum,
3173 3663 3420 3732 adeoque

1841 3777 1946 3818 nos
1983 3760 2230 3817 excisum
2276 3759 2343 3813 iri
2373 3758 2619 3830 penitus,
2656 3757 2767 3827 igni
2804 3755 3123 3817 tradendos,
3164 3770 3230 3808 eo
3257 3768 3419 3822 quem

1842 3852 1974 3908 olim
2001 3866 2031 3906 a
2071 3850 2183 3905 vite
2209 3848 2552 3905 habebamus
2582 3845 2800 3901 vivifico
2824 3845 3079 3910 humore,
3111 3842 3165 3897 id
3194 3850 3279 3899 est
3300 3841 3426 3912 Spi-

1840 3945 1977 4009 ritu,
2010 3942 2237 4012 insuper
2273 3938 2522 3996 amisso?
2556 3937 2712 4006 Quod
2750 3937 2898 3992 enim
2949 3934 3208 3991 Christus
3240 3933 3309 3988 de
3357 3947 3420 3986 eo

1842 4036 1981 4091 dixit
2013 4035 2106 4106 qui
2129 4035 2392 4089 talentum
2425 4030 2760 4093 iufoderat',
2790 4031 2894 4083 hoc
2925 4027 3116 4097 utique
3137 4024 3419 4094 impletum

1841 4127 2015 4209 videri
2048 4134 2231 4197 potest
2252 4125 2321 4180 de
2350 4125 2421 4180 iis
2448 4124 2541 4193 qui
2574 4122 2796 4193 penitus
2816 4119 3014 4176 resecti
3046 4125 3195 4173 sunt.
3226 4116 3401 4209 Quem

1843 4208 2134 4274 admodum
2163 4216 2311 4271 enim
2346 4216 2416 4270 ah
2448 4215 2543 4270 illo
2579 4215 2847 4268 talentum
2881 4211 3152 4273 aufertur,
3185 4208 3418 4279 sic,opi-

1842 4325 1965 4376 nor,
1991 4316 2046 4364 et
2079 4323 2146 4364 ex
2181 4306 2431 4377 palmite,
2472 4305 2723 4361 humoris
2748 4315 2842 4359 aut
2876 4303 3165 4374 qualitatis
3221 4303 3418 4364 instar,

1846 4402 2107 4474 Spiritus.
2152 4399 2265 4453 Cur
2290 4397 2540 4454 aufertur
2573 4397 2749 4453 vero?
2780 4396 2857 4451 Ne
2913 4410 3021 4450 una
3060 4400 3183 4451 Cum
3231 4394 3297 4448 iis
3326 4393 3417 4462 qui

151 4485 437 4556 θεωρῆσαι
467 4503 553 4549 τις
571 4485 638 4540 ἂν
669 4487 1044 4558 πληρούμενον
1069 4490 1166 4543 καὶ
1189 4491 1281 4543 ἐπὶ
1303 4495 1416 4556 τοῖς
1433 4493 1741 4566 ὁλοκλήρως

1846 4497 1901 4551 in
1960 4495 2162 4565 ignem'
2192 4489 2518 4547 detrudendi
2571 4498 2700 4545 sunt
2748 4504 2776 4542 a
2824 4487 3015 4558 judice
3063 4485 3417 4541 condemnari

150 4576 494 4647 ὑπομείνασι
538 4579 639 4648 τὴν
681 4580 983 4660 ἀποτομήν.
1031 4580 1371 4653 Ἀφαιρεῖται
1399 4585 1510 4656 γὰρ
1551 4585 1743 4659 ὥσπερ

150 4668 374 4723 ἐκείνου
401 4668 464 4721 τὸ
509 4669 772 4725 τάλαντον
818 4672 934 4743 ἆμα
953 4712 969 4735 ,
999 4672 1193 4738 οὕτως,
1238 4672 1410 4746 οἶμαι,
1442 4679 1537 4732 κα)⁵
1559 4680 1624 4734 ὲκ
1646 4679 1740 4733 τοῦ

150 4762 463 4832 κλήματος,
487 4762 562 4825 ὡς
593 4764 653 4815 ἐν
688 4764 912 4833 ἰκμάδος
942 4764 1108 4829 τινὸς,
1128 4767 1246 4838 ἦτοι
1265 4770 1548 4841 ποιότητος
1575 4772 1740 4845 λόγῳ,

151 4854 410 4924 Πνεῦμα.
459 4857 800 4927 Ἀφαιρείται
834 4856 891 4910 δὲ
936 4857 1025 4912 διὰ
1063 4859 1224 4912 ποίαν
1267 4862 1482 4927 αἱτίανς
1516 4864 1634 4918 Ἵνα
1666 4864 1740 4935 μὴ

148 4950 276 5011 τοῖς
304 4950 386 5009 είς
398 4947 461 5001 τὸ
482 4947 594 5019 πῦρ
611 4949 1030 5019 κατοιχήσεσθαι
1061 4951 1311 5020 μέλλουσι
1332 4954 1485 5025 παρὰ
1502 4957 1595 5009 τοῦ
1617 4974 1744 5027 κρι-

151 5040 255 5095 τοῦ
305 5041 877 5110 συγκαταδικάζεσθαι
903 5043 964 5095 τὸ
995 5043 1220 5116 Πνεῦμα
1249 5046 1378 5118 δοκῇ
1405 5048 1466 5100 τὸ
1496 5048 1745 5102 δεσποτι-

152 5130 293 5183 χάνε
314 5130 378 5183 Et
407 5129 518 5201 γὰρ
543 5127 601 5184 οι
619 5130 728 5183 τῶν
753 5130 1007 5198 ἐπιγείων
1046 5131 1375 5203 κρατοῦντες
1403 5135 1745 5204 πραγμάτων

150 5221 273 5275 τῶν
300 5220 451 5288 ἅπαξ
487 5222 869 5293 τετιμημένων
909 5222 1004 5276 καὶ
1037 5222 1335 5291 βασιλικοῖς
1355 5223 1742 5295 δεδοξασμένον

152 5310 298 5383 [πρ.
338 5310 781 5381 δεδοξασμένων]
828 5313 1091 5382 νεύμασιν
1120 5353 1135 5377 ,
1169 5312 1232 5365 οὐ
1289 5313 1642 5383 καθορίζουσί
1686 5331 1739 5368 τι

150 5395 470 5471 προχείρως
484 5394 505 5463 ’,
535 5399 675 5454 ἀλλᾶ
698 5400 793 5453 καὶ
830 5400 883 5453 εί
923 5415 1009 5463 τις
1036 5398 1191 5471 ἁλοίη
1230 5402 1413 5471 τυχὸν,
1453 5403 1538 5470 ἐφ’
1566 5397 1649 5466 οἷς
1674 5402 1741 5457 ἂν

149 5490 401 5559 εὐλόγως
446 5490 760 5545 ἀποτιννύοι
814 5491 970 5555 δίκας
994 5533 1008 5555 ,
1037 5492 1138 5545 οὐκ
1166 5491 1232 5545 ἂν
1258 5491 1416 5546 τοῦτο
1449 5493 1609 5549 πάθοι
1635 5495 1741 5565 πρὸ

150 5584 258 5656 τῆς
286 5583 396 5637 τῶν
426 5582 759 5654 ἀξιωμάτων
793 5582 1067 5653 ἀποϐολῆς
1086 5599 1100 5612 ’
1138 5582 1255 5647 πῶς
1282 5584 1380 5638 οὐκ
1421 5586 1738 5654 ἀναγκαῖον,
1772 5636 1787 5649 ,

222 5763 245 5795 ³
276 5762 397 5819 Jac.
436 5778 510 5826 ιι,
548 5761 639 5818 20.
717 5764 736 5797 ³
776 5763 905 5822 Luc.
941 5783 1071 5833 xm,
1108 5768 1158 5822 7.

1837 4585 2092 4642 videatur
2122 4582 2447 4638 Dominicus
2483 4580 2751 4650 Spiritus.
2784 4577 2954 4649 868
2982 4576 3117 4630 Nam
3149 4576 3197 4632 si
3235 4588 3417 4630 rerum

1840 4685 2187 4732 terrenarum
2221 4671 2433 4729 domini
2475 4686 2585 4727 non
2629 4678 2833 4726 temere
2871 4668 3169 4738 quidquam
3218 4666 3272 4718 in
3324 4679 3416 4719 eos
3454 4742 3459 4745 Δ

1838 4774 2089 4822 statuunt
2120 4780 2263 4835 quos
2291 4764 2359 4818 ad
2390 4763 2631 4818 honores
2663 4762 2831 4818 semel
2861 4762 3146 4817 evexerint
3170 4774 3236 4813 ac
3264 4758 3415 4825 regio

1840 4866 1975 4914 nutu
2007 4858 2279 4919 ornarint,
2312 4855 2407 4911 sed
2442 4854 2487 4910 si
2516 4854 2645 4925 quis
2678 4868 2869 4908 eorum
2903 4852 3089 4906 forsan
3128 4854 3414 4918 perpetra-

1839 4951 1919 5005 rit
1946 4949 2099 5004 unde
2155 4948 2282 5017 jure
2310 4960 2503 5016 pmnas
2556 4945 2694 5007 luat,
2731 4960 2841 4999 non
2910 4952 3036 4995 ante
3069 4940 3116 4993 ei
3161 4939 3411 5007 irrogan-

1842 5048 1932 5094 tur
1965 5052 2131 5108 quam
2154 5035 2463 5091 honoribus
2494 5043 2550 5089 et
2583 5033 2953 5105 dignitatibus
2982 5029 3203 5084 amissis
3231 5046 3243 5081 :
3276 5043 3407 5096 quo-
3454 5020 3467 5035 “

1840 5131 2007 5186 modo
2041 5144 2271 5185 necesse
2306 5143 2417 5183 non
2456 5135 2541 5182 est
2578 5134 2640 5181 ut
2676 5126 2859 5181 anima
2892 5136 3019 5192 quae
3061 5118 3287 5188 superni
3319 5116 3408 5172 Ju-

1838 5222 1980 5277 dicis
2027 5221 2299 5277 sententia
2358 5217 2428 5273 ad
2488 5217 2818 5287 supplicium
2873 5210 3240 5267 condemnata
3287 5217 3412 5272 est,

1839 5322 2137 5383 antequam
2170 5327 2386 5380 pmnam
2408 5309 2600 5366 subeat
2622 5304 2866 5375 Spiritus
2890 5303 3122 5373 gratiam
3149 5301 3405 5371 quodam-

1838 5404 2004 5460 modo
2036 5412 2205 5459 exuat
2257 5412 2423 5473 atque
2452 5400 2696 5470 deponat
2722 5398 2746 5452 7
2770 5396 2927 5451 Talia
2956 5411 3090 5465 ergo
3120 5410 3412 5466 passurum

1838 5496 1914 5549 ait
1958 5494 2373 5549 infructuosum
2409 5489 2692 5563 palmitem
2720 5526 2736 5552 ,
2770 5494 2924 5543 recte
2968 5486 3263 5542 admodum
3314 5502 3408 5541 noo

1838 5596 1985 5663 stras
2012 5594 2223 5640 mentes
2241 5583 2597 5646 conﬁrmans,
2631 5586 2692 5634 ut
2724 5579 2779 5634 in
2803 5578 3096 5637 dilectione
3125 5580 3244 5651 ejus
3282 5592 3408 5646 per-

1272 5771 1291 5800 ⁸
1325 5769 1517 5824 Ezech.
1557 5782 1648 5832 xv,
1677 5765 1796 5819 2J5.
1872 5765 1891 5797 ⁸
1934 5766 2129 5821 Matth.
2168 5780 2307 5830 xxv,
2344 5759 2430 5814 l8.
