3998 6318
549 322 643 378 551

1570 329 1627 388 S.
1651 331 1929 388 CYBILLI
1957 335 2434 400 ALEXANDRINI
2464 347 2780 404 ABCHIEP.

3697 353 3821 408 352

548 447 777 499 stemus,
831 437 1048 492 actione
1086 437 1328 504 virtutis,
1391 447 1446 494 et
1509 439 1844 498 inconcussa
1904 445 1959 499 in
1995 461 2118 501 eum

2228 451 2320 522 τὴν
2358 453 2452 506 ἐπὶ
2495 453 2572 525 τῷ
2598 457 2794 528 χρῆναι
2824 455 3150 522 κολάζεσθαι
3185 457 3670 517 καταδικασθεῖσαν
3697 466 3818 534 ψυ-

552 528 674 582 ﬁde.
703 526 1074 583 Fructil'erum
1137 545 1268 584 vero
1299 531 1578 600 palmitem
1611 550 1721 590 non
1751 536 1940 606 utique
1977 539 2119 592 vini-

550 621 689 674 toris
719 635 853 674 cura
884 629 1160 690 expertem
1203 621 1320 678 fore
1352 624 1449 686 ait,
1484 625 1578 680 sed
1611 636 1902 698 purgatum
1939 629 2027 694 iri,
2059 639 2118 684 ut

551 712 838 766 uberiores
897 711 1112 766 fructus
1167 715 1472 782 producere
1519 726 1721 786 queat:
1785 729 2119 790 cooperatur

547 801 689 855 enim
725 800 865 857 Deus
897 803 964 856 iis
995 803 1087 872 qui
1137 812 1286 858 recte
1317 804 1499 860 vivere
1532 821 1597 860 ac
1635 807 1772 863 bene
1826 825 1988 880 agere
2021 827 2119 866 co-

547 904 771 962 nantur,
802 904 856 948 et
896 911 992 965 per
1025 911 1186 951 omne
1219 898 1440 966 pictatis
1474 915 1648 970 genus
1687 916 1809 956 eum
1843 904 1950 960 sibi
1993 921 2121 976 pro-

548 985 744 1040 mereri
800 986 1048 1049 student,
1103 987 1280 1042 instar
1340 988 1496 1045 falcis
1552 991 1838 1060 cujusdam
1878 993 2121 1065 Spiritus

548 1075 926 1132 eilicacitatem
959 1079 1247 1143 adhibens,
1281 1087 1336 1135 et
1386 1080 1549 1135 modo
1593 1084 1910 1154 voluptates
1943 1087 1997 1140 in
2054 1087 2121 1142 iis

547 1168 954 1224 circumcidens
982 1185 1103 1240 quae
1129 1170 1195 1224 ad
1223 1170 1409 1226 carnis
1437 1186 1676 1227 amorem
1699 1173 1902 1244 jugiter
1933 1175 2123 1246 impel-

551 1268 690 1328 lunt,
719 1265 883 1319 modo
912 1279 1251 1335 quaecunque
1303 1266 1452 1319 novit
1495 1265 1782 1322 hominum
1833 1270 2123 1326 animabus

549 1357 891 1428 contingere,
929 1357 1078 1410 varia
1127 1358 1392 1410 malorum
1430 1358 1616 1426 specie
1667 1361 2122 1432 mentem‘inqui-

552 1457 768 1502 uatura.
805 1446 954 1501 l‘lauc
975 1447 1177 1517 quippe
1199 1448 1437 1502 dicimus
1465 1464 1587 1504 esse
1613 1465 1722 1505 non
1750 1452 2121 1508 manufactam

548 1549 602 1595 et
629 1541 932 1609 spiritalem
965 1539 1112 1593 illam
1139 1540 1649 1602 circumcisionem,
1688 1546 1755 1598 de
1787 1560 1894 1614 qua
1919 1543 2122 1602 Paulus

550 1633 711 1685 modo
742 1629 964 1700 quidem
999 1631 1113 1686 ait:
1154 1649 1173 1682 ι
1213 1629 1332 1685 Νοη
1376 1632 1521 1686 enim
1554 1635 1648 1703 qui
1703 1634 1758 1688 in
1807 1636 2121 1704 manifesto,

548 1724 772 1782 .Iudaaus
797 1732 921 1790 est,
953 1740 1130 1794 neque
1166 1740 1286 1793 quae
1321 1725 1376 1778 in
1404 1725 1725 1790 manifesto,
1762 1727 1815 1781 in
1847 1742 2017 1784 carne
2039 1737 2122 1784 est

549 1815 938 1870 circumcisio:
976 1816 1070 1870 sed
1107 1816 1199 1885 qui
1234 1815 1286 1868 in
1315 1816 1534 1870 occulto
1560 1815 1783 1872 Judaeus
1814 1827 1868 1874 et
1888 1819 2125 1874 circum-
2156 1807 2199 1866 Β

550 1910 690 1965 cisio
715 1908 903 1965 cordis
933 1908 987 1963 in
1029 1908 1259 1979 Spiritu,
1294 1924 1403 1962 non
1440 1909 1622 1963 littera
1648 1926 1661 1963 :
1686 1910 1847 1980 cujus
1867 1912 1988 1968 laus
2015 1928 2123 1968 non

549 2019 615 2057 ex
657 2002 992 2067 hominibus,
1026 2002 1118 2056 sed
1152 2016 1216 2056 ex
1245 2001 1353 2056 Deo
1377 2013 1460 2056 est
1482 2001 1534 2067 °;
1566 2021 1584 2052 ι
1624 2001 1784 2057 modo
1818 2019 1986 2060 vero:
2018 2024 2035 2056 ι
2068 2007 2125 2060 In

550 2109 658 2163 quo
711 2102 764 2147 et
803 2093 1090 2148 credentes
1144 2093 1462 2146 circumcisi
1513 2093 1647 2147 estis
1695 2094 2126 2154 circumcisione

551 2202 662 2240 non
698 2185 1080 2240 manui‘acta".
1148 2205 1165 2237 ι
1220 2186 1301 2239 Ad
1337 2201 1457 2255 qua:
1507 2189 1550 2241 si
1603 2188 1852 2242 nonnulli
1899 2205 2126 2259 respon-

550 2279 715 2332 deant
740 2278 906 2347 quod,
940 2278 983 2332 si
1025 2287 1330 2346 purgentur
1366 2279 1641 2348 spiritalis
1672 2281 1800 2336 vitis
1849 2283 2122 2352 palmites,

457 2377 470 2388 ‘
553 2370 605 2424 id
637 2385 744 2423 non
777 2369 896 2423 sine
924 2369 1111 2424 labore
1141 2369 1387 2422 futurum
1423 2371 1536 2435 sit;
1569 2387 1726 2441 teque
1757 2373 1904 2428 enim
1947 2389 2011 2429 ac
2057 2375 2124 2428 li-

551 2476 716 2530 gnum
746 2461 1070 2529 patiuntur:
1107 2459 1156 2512 id
1190 2474 1290 2514 nos
1329 2459 1397 2515 de
1429 2461 1634 2515 sanctis
1680 2461 1936 2517 similiter
1971 2463 2126 2517 intel-

553 2552 828 2623 ligendum
862 2551 1175 2606 fatebimur.
1218 2548 1417 2605 Erudit
1461 2553 1664 2622 quippe
1716 2569 1816 2608 nos
1851 2569 1948 2623 per
1977 2555 2127 2610 labo-

551 2659 664 2697 rem
697 2650 751 2697 et
771 2642 1182 2696 tribulationem
1214 2641 1478 2696 virtutum
1517 2658 1708 2700 amans
1735 2643 1878 2701 Deus
1912 2656 2120 2701 noster.

553 2733 708 2790 Unde
745 2735 1010 2804 propheta
1062 2733 1222 2790 nobis
1257 2735 1428 2790 Isaias
1460 2735 1610 2788 inﬁt:
1652 2753 1672 2786 ι
1728 2735 1925 2792 Abluet
1979 2738 2123 2791 enim

551 2827 816 2883 Dominus
847 2827 1037 2884 sordes
1079 2827 1314 2882 ﬁliorum
1341 2834 1395 2882 et
1439 2827 1673 2881 ﬁliarum
1709 2827 1862 2888 Sion.
1906 2836 1961 2883 et
1997 2844 2127 2882 san-

549 2921 769 2992 guinem
812 2920 1134 2975 emundabit
1176 2920 1243 2975 de
1291 2919 1472 2974 medio
1511 2935 1701 2975 eorum
1729 2961 1744 2985 ,
1813 2921 1866 2975 in
1927 2921 2124 2990 spiritu

547 3011 762 3080 jndicii,
791 3020 847 3065 et
880 3011 1079 3080 spiritu
1115 3009 1518 3064 combustionis
1542 3010 1583 3063 ⁸.
1626 3029 1643 3060 ι
1678 3009 1948 3065 Praeterea
1979 3011 2124 3065 divi-

550 3119 654 3158 nus
685 3103 775 3156 ille
822 3102 1070 3157 Paulus:
1110 3121 1127 3151 ι
1174 3099 1231 3154 Si
1271 3101 1327 3154 in
1385 3100 1682 3170 disciplina
1731 3102 2122 3169 perseveratis,

552 3211 810 3268 tanquam
843 3197 969 3252 ﬁliis
1001 3196 1160 3251 vobis
1194 3211 1252 3250 se
1276 3193 1456 3249 oﬁ‘ert.
1487 3194 1626 3260 Quis
1659 3195 1804 3249 enim
1858 3203 1943 3249 est
1977 3195 2123 3250 ﬁlius

549 3305 713 3359 quem
742 3304 849 3344 non
879 3289 1048 3360 869
1080 3287 1348 3356 corripiat
1387 3287 1627 3355 pater’?
1673 3305 1691 3338 ι
1732 3285 1874 3351 Quin
1921 3293 1972 3341 et
2015 3287 2131 3356 ipse

551 3398 770 3438 omnem
803 3382 1228 3436 admirationem
1260 3381 1536 3436 excedens
1565 3389 1882 3436 sanctorum
1927 3382 2130 3437 chorus

551 3473 970 3543 castigationem
1019 3471 1178 3527 istam
1230 3487 1341 3526 non
1371 3469 1590 3531 renuit,
1629 3468 1724 3524 sed
1767 3469 2130 3524 libentissime

553 3565 737 3636 potius
763 3579 882 3620 eam
913 3563 1147 3632 suscipit
1173 3562 1395 3618 dicens:
1424 3581 1442 3614 ι
1467 3562 1696 3630 Corripe
1716 3575 1838 3623 nos,
1867 3560 2124 3626 Domine;

553 3664 930 3711 verumtamen
952 3658 1007 3709 in
1033 3654 1264 3725 judicio,
1289 3663 1473 3709 etnon
1503 3653 1558 3707 in
1594 3653 1801 3716 furore,
1835 3661 1893 3707 ut
1923 3667 2128 3722 paucos

447 3796 458 3803 .
554 3765 664 3804 non
701 3749 874 3804 facias
907 3764 1012 3804 nos
1038 3749 1100 3804 '°.
1139 3767 1157 3799 ι
1195 3747 1252 3802 In
1293 3747 1480 3802 furore
1516 3747 1719 3817 quippe
1751 3745 2128 3800 inf-ructuoso-

551 3856 672 3896 rum
712 3841 998 3912 palmitum
1037 3839 1096 3892 ﬁt
1124 3838 1481 3908 exstirpatio;
1519 3837 1618 3891 hos
1665 3850 1862 3904 nempe
1897 3835 1952 3889 in
1995 3851 2128 3902 sup-

526 3935 775 4004 'plicium
831 3933 1037 3987 mittit:
1097 3932 1190 3986 sed
1242 3931 1296 3984 in
1350 3929 1562 3999 judicio
1614 3928 1836 3999 potius,
1889 3927 1994 3982 hoc
2043 3935 2128 3982 est

551 4025 901 4082 considerate
924 4032 979 4080 et
1011 4038 1138 4077 cum
1170 4021 1351 4086 modo,
1388 4019 1803 4076 fructiferorum
1841 4017 2126 4088 palmitum

553 4118 802 4188 purgatio
829 4117 909 4179 ﬁt,
949 4117 1148 4186 exiguo
1171 4114 1358 4169 labore
1389 4113 1697 4168 ubertatem
1731 4125 1795 4164 ac
1823 4109 2126 4165 fecundita-

553 4219 660 4265 tem
697 4209 1024 4265 concilians.
1071 4207 1230 4274 Quod
1274 4205 1423 4261 nacti
1454 4204 1716 4276 quidam,
1777 4203 2124 4258 exclamant:

557 4324 575 4356 ι
613 4302 860 4365 Domine,
890 4302 946 4356 in
969 4301 1328 4356 tribulatione
1353 4314 1522 4369 parva
1547 4297 1824 4368 correptio
1847 4304 1940 4350 tua
1968 4295 2127 4350 nobis

551 4405 636 4450 est
658 4396 724 4451 ¹¹.
771 4414 788 4445 ι
828 4394 1036 4464 Exigua
1065 4395 1209 4448 enim
1250 4393 1411 4462 plane
1433 4399 1518 4446 est
1549 4390 1833 4446 tribulatio
1860 4403 1968 4458 qua
1996 4402 2129 4458 pur-

2226 545 2349 613 χὴν,
2381 545 2471 598 διὰ
2514 547 2698 617 ψήφου
2749 549 2846 618 τῆς
2901 549 3126 612 ἄνωθεν,
3153 549 3552 620 προαποθέσθαι
3600 556 3819 625 τρόπον

2227 636 2367 702 τινὰ,
2393 639 2486 690 καὶ
2516 639 2990 708 προαποδύσασθαι
3018 643 3115 712 τῆς
3139 642 3247 695 τῶν
3273 643 3458 697 κακῶν
3490 646 3681 716 πείρας
3701 647 3819 719 τὴν

2225 727 2320 779 τοῦ
2360 728 2676 800 Πνεύματος
2729 731 2930 801 χάριν;
2969 733 3260 786 Πείσεσθαι
3294 735 3394 804 μὲν
3425 731 3517 789 οὖν
3567 755 3697 807 φησι
3739 741 3818 792 τὰ

2227 816 2450 872 τοιαῦτα
2472 821 2533 874 τὸ
2565 820 2809 892 ἄκαρπον
2844 822 3046 893 κλῆμα,
3073 822 3256 886 καλῶς
3287 841 3352 893 γε
3377 825 3441 896 δὴ
3474 827 3675 899 σφόδρα
3704 829 3816 892 τὰς

2226 909 2498 980 ἡμετέρας
2534 912 2769 977 διανοίας
2813 914 3278 986 ἀσφαλιζόμενος,
3336 919 3416 981 είς
3467 917 3527 971 τὸ
3577 919 3816 989 ἔχεσθαι

2229 1002 2400 1070 φιλεῖν
2419 1004 2518 1074 τῆς
2538 1007 2615 1068 είς
2635 1005 2794 1059 αὐτὸν
2810 1007 3050 1078 ἀγάπης,
3079 1007 3169 1060 διά
3189 1024 3249 1060 τε
3268 1007 3367 1078 τῆς
3391 1011 3511 1062 κατ’
3524 1011 3816 1081 ἐνέργειαν

2229 1094 2458 1165 ἀρετῆς,
2491 1097 2585 1149 καὶ
2629 1097 2730 1168 τῆς
2778 1098 2996 1161 ἀσινοῢς
3031 1097 3272 1168 δηλονότι
3321 1098 3575 1163 πίστεως.
3606 1101 3717 1170 Τῆς
3752 1101 3815 1154 δὲ

2228 1188 2324 1242 τοῦ
2366 1188 2729 1258 γηπονοῢντος
2773 1191 3050 1262 φροντίδος
3092 1192 3195 1244 οὐκ
3245 1190 3537 1264 ἀπείρατον
3588 1192 3815 1246 ἔσεσθαι

2232 1281 2509 1344 παντελῶς
2538 1281 2600 1334 τὸ
2641 1282 2985 1354 καρποφόρον
3033 1282 3222 1353 κλῆμά
3250 1298 3400 1353 φησι·
3442 1283 3816 1354 διακαθαρθὴ-

2233 1370 2418 1424 σεσθαι
2443 1370 2551 1442 γὰρ
2588 1372 2725 1442 πρὸς
2751 1372 2810 1425 τὸ
2843 1373 2934 1425 καὶ
2965 1371 3225 1442 μειζόνως
3245 1371 3500 1426 δύνασθαι
3527 1390 3814 1443 καρποφο-

2233 1465 2346 1532 ρεῖν
2382 1479 2396 1495 ο
2424 1465 2537 1526 τοῖς
2573 1463 2682 1534 γὰρ
2725 1463 2861 1528 ὅλως
2901 1464 3099 1536 ἄριστα
3153 1464 3280 1534 μὲν,
3309 1464 3440 1526 καὶ,
3473 1464 3548 1529 ὡς
3583 1466 3649 1518 ἀν
3695 1465 3813 1535 ἔχοι

2231 1555 2411 1618 καλῶς
2433 1553 2624 1626 διαζῇν
2650 1555 2946 1627 ἑλομένοις,
2969 1556 3330 1626 ἀγαθουργείν
3358 1556 3415 1609 δὲ
3445 1555 3527 1609 ὅτι
3573 1557 3813 1626 μάλιστα

2231 1643 2325 1695 καὶ
2355 1642 2443 1696 διὰ
2483 1644 2665 1714 πάσης
2707 1645 2843 1698 ἱέναι
2888 1643 3163 1708 πολιτείας
3203 1644 3482 1713 θεοφιλοῦς
3513 1646 3814 1716 ᾑρημένοις

2235 1734 2624 1806 συνεργάζεται
2675 1737 2826 1802 Θεὸς,
2866 1737 3116 1808 καθάπερ
3165 1738 3271 1790 τινὶ
3316 1737 3557 1810 δρεπάνῃ
3607 1742 3674 1809 τῇ
3715 1739 3814 1792 τοῦ

2228 1827 2544 1897 Πνεύματος
2597 1829 2847 1900 ἐνεργείᾳ
2905 1828 3184 1900 χρώμενος
3208 1867 3222 1892 ,
3254 1830 3348 1883 καὶ
3377 1832 3721 1900 περιτέμνων
3751 1833 3814 1883 ἐν

2228 1922 2432 1985 αὐτοῖς,
2477 1922 2606 1974 ποτὲ
2663 1922 2762 1993 μὲν
2825 1922 2924 1986 τὰς
2975 1923 3186 1993 ἡδονὰς,
3217 1923 3274 1975 αἶ
3311 1921 3398 1975 ἀεὶ
3443 1921 3701 1975 καλοῦσιν
3730 1923 3813 1984 εἰς

2227 2013 2604 2084 φιλοσαρκίαν,
2641 2013 2735 2066 καὶ⁴
2779 2013 2925 2083 πάθη
2955 2012 3262 2084 σωματικὰ,
3289 2013 3418 2066 ποτὲ
3452 2013 3508 2066 δὲ
3541 2009 3611 2067 αὖ
3649 2013 3811 2067 πάλιν

2227 2105 2297 2158 τὰ
2326 2106 2535 2171 ὅσαπερ
2563 2101 2670 2159 οἶδε
2717 2107 2836 2168 ταῖς
2863 2105 2972 2158 τῶν
3016 2103 3318 2175 ἀνθρώπων
3352 2105 3671 2174 συμϐαίνειν
3709 2105 3812 2175 ψυ-

2228 2200 2370 2267 χαῖς,
2399 2197 2485 2250 διὰ
2535 2197 2786 2268 ποικίλης
2830 2195 3018 2250 κακῶν
3054 2197 3197 2258 ἰδέας
3251 2196 3688 2251 κατασπιλοῦντα
3719 2197 3812 2250 τὸν

2227 2289 2370 2343 νοῦν.
2399 2289 2615 2357 Ταύτην
2644 2288 2752 2360 γὰρ
2779 2285 2916 2341 εἷναί
2949 2304 3130 2358 φαμεν
3163 2287 3262 2358 τὴν
3302 2287 3720 2358 ἀχειροποίητον
3748 2305 3808 2340 τε

2229 2382 2322 2434 καὶ
2370 2382 2426 2433 ὲν
2463 2382 2738 2450 Πνεύματι
2792 2380 3089 2450 νοουμένην
3145 2379 3470 2450 περιτομὴν,
3503 2381 3632 2451 περὶ
3684 2375 3754 2453 ἧς
3782 2383 3813 2434 6

2230 2472 2438 2536 Παῦλός
2495 2489 2628 2543 φησι
2683 2471 2814 2524 ποτὲ
2862 2471 2960 2542 μέν
2987 2488 3000 2501 ο
3031 2489 3049 2522 t
3097 2470 3172 2526 Ού
3205 2470 3313 2541 γὰρ
3356 2472 3415 2524 ὲν
3459 2470 3539 2540 τῷ
3589 2472 3814 2544 φανερῷ

2241 2563 2490 2626 Ἰουδαῖός
2521 2564 2688 2626 ἐστιν,
2720 2561 2840 2615 οὐδὲ
2876 2563 2908 2630 ἡ
2939 2561 2997 2614 ὲν
3025 2559 3104 2630 τῷ
3139 2558 3357 2630 φανερῷ
3379 2559 3435 2610 ὲν
3462 2560 3629 2630 σαρκὶ
3658 2576 3815 2628 περι-

2228 2649 2387 2719 τομὴ,
2423 2649 2536 2702 ἀλλ’
2570 2651 2598 2702 6
2649 2650 2706 2701 ὲν
2737 2648 2816 2718 τῷ
2846 2646 3075 2718 κρυπτῷ
3114 2645 3381 2712 Ἰουδαῖος,
3411 2648 3504 2700 καὶ
3536 2648 3812 2716 περιτομὴ

2229 2739 2456 2810 καρδίας
2515 2741 2572 2792 ὲν
2621 2738 2899 2810 Πνεύματι
2926 2779 2940 2802 ,
2967 2738 3030 2791 οὐ
3083 2739 3412 2810 γράμματι,
3437 2730 3497 2791 οὗ
3532 2738 3561 2789 6
3589 2739 3816 2801 ἔπαινος

2228 2832 2328 2885 οὐκ
2353 2832 2412 2897 ἐξ
2437 2831 2760 2903 ἀνθρώπων,
2789 2830 2904 2884 ἀλλ’
2938 2832 3003 2886 ὲκ
3031 2830 3123 2884 τοῦ
3148 2830 3282 2884 Θεοῦ
3309 2846 3325 2862 ο
3359 2829 3490 2883 ποτὲ
3513 2829 3572 2883 δὲ
3597 2829 3763 2883 πάλιν
3794 2845 3813 2858 ·

2236 2942 2254 2974 ι
2293 2917 2450 2990 Ἐνῷ
2503 2923 2599 2976 καὶ
2646 2921 3036 2986 πιστεύσαντες
3084 2921 3488 2994 περιετμήθητε
3536 2922 3813 2992 περιτομῇ

2220 2998 2643 3084 ἀχειροποιήτῳ.
2689 3031 2709 3065 ι
2763 3011 3036 3067 Φάσκουσί
3081 3029 3142 3065 τε
3170 3011 3306 3082 πρὸς
3347 3010 3521 3064 ταῦτά
3542 3029 3708 3076 τισιν,
3739 3011 3818 3074 ὡς

2230 3105 2390 3176 είπερ
2413 3121 2498 3168 τις
2525 3105 2736 3171 γένοιτο
2759 3102 3118 3174 διακάθαρσις
3147 3105 3259 3167 τοῖς
3281 3103 3380 3173 τῆς
3409 3102 3606 3173 νοητῆς
3630 3102 3817 3173 ἀμπέ-

2231 3196 2324 3250 λου
2349 3196 2448 3268 κλή
2459 3213 2642 3266 μασιν,
2660 3196 2759 3250 οὐκ
2790 3197 2876 3260 ἂν,
2910 3191 3086 3267 οἶμαι,
3111 3195 3232 3266 δίχα
3257 3195 3418 3249 πόνου
3449 3195 3813 3264 συμϐήσεταιο

2233 3287 2386 3356 ἀλγεῖ
2414 3288 2524 3358 γὰρ
2552 3287 2804 3341 τοσοῦτον
2829 3327 2844 3353 ,
2878 3289 3003 3340 ὅσον
3049 3303 3107 3340 τε
3155 3287 3249 3340 καὶ
3275 3287 3423 3348 ὅπως
3455 3279 3596 3338 οἶδεν
3625 3284 3818 3351 ἀλγεῖν

2229 3378 2291 3431 τὸ
2319 3377 2472 3442 ξύλον
2488 3395 2502 3410 ο
2525 3377 2803 3445 ἀναλόγως
2831 3374 2923 3430 οὖν
2947 3377 3078 3447 ἄρα,
3099 3376 3192 3430 καὶ
3221 3376 3313 3428 ἐπὶ
3335 3375 3443 3429 τῶν
3473 3375 3645 3442 ἁγίων
3666 3374 3819 3443 ἡμᾶς

2231 3472 2420 3541 νοῆσαι
2455 3471 2750 3541 προσήκοι,
2777 3468 3159 3538 συναινέσομέν
3184 3484 3244 3520 τε
3268 3467 3360 3521 καὶ
3390 3465 3724 3537 συνεροῦμεν
3752 3460 3818 3518 εὖ

2234 3561 2380 3631 μάλα
2414 3561 2816 3632 διεσκεμμένοι.
2873 3559 3128 3613 Παιδεύει
3177 3559 3288 3631 γάρ
3333 3560 3478 3630 ἡμᾶς
3509 3558 3600 3613 διὰ
3644 3559 3820 3611 πόνου

2231 3654 2323 3708 καὶ
2371 3653 2602 3724 θλίψεως
2645 3655 2674 3708 6
2720 3653 3008 3723 φιλάρετος
3056 3651 3214 3722 ὴμῶν
3269 3652 3420 3716 Θεός.
3462 3653 3572 3705 Καὶ
3617 3650 3750 3719 γοῦν
3785 3653 3822 3704 ὁ

2231 3747 2514 3816 προφήτης
2569 3746 2700 3815 ἡμῖν
2741 3745 2969 3806 Ἡσαΐας
2991 3742 3179 3813 φησὶν,
3210 3743 3292 3796 ὅτι
3324 3761 3343 3794 ι
3387 3742 3672 3796 Ἐκπλυνεῖ
3693 3739 3820 3793 Κύ-

2231 3853 2344 3906 ριος
2378 3837 2470 3890 τὸν
2502 3835 2672 3905 ῥύπον
2703 3835 2813 3888 τῶν
2861 3833 3013 3902 υἱῶν,
3044 3834 3139 3887 καὶ
3165 3833 3274 3888 τῶν
3305 3833 3617 3905 θυγατέρων
3644 3829 3815 3898 Σιὼν,

2229 3927 2323 3980 καὶ
2359 3926 2420 3979 τὸ
2466 3921 2607 3997 αἷμα
2654 3925 2975 3997 ὲκκαθαριεῖ
3012 3928 3077 3980 ὲκ
3107 3925 3274 3996 μέσου
3309 3925 3523 3989 αὐτῶν,
3552 3925 3612 3978 ἐν
3643 3924 3819 3977 πνεύ-

2232 4037 2362 4089 ματι
2408 4015 2681 4091 κρίσεως,
2712 4019 2807 4074 καὶ
2845 4018 3116 4089 πνεύματι
3155 4017 3421 4081 καύσεως.
3457 4036 3476 4068 ι
3507 4017 3615 4070 Καὶ
3643 4016 3818 4079 αὐτὸς

2227 4113 2284 4166 δὲ
2325 4115 2463 4183 πρὸς
2511 4113 2686 4184 τούτῳ
2721 4115 2749 4166 ὀ
2780 4112 3067 4175 θεσπέσιος
3106 4111 3320 4176 Παῦλος
3343 4129 3357 4143 ο
3398 4131 3416 4163 ι
3455 4112 3518 4164 Et
3560 4109 3817 4164 παιδείαν

2229 4207 2528 4276 ὑπομένετε
2552 4247 2566 4271 ,
2589 4205 2666 4269 ὡς
2711 4206 2847 4268 υίοῖς
2890 4205 3019 4273 ὑμῖν
3054 4203 3421 4274 προσφέρεται
3464 4205 3491 4254 6
3527 4201 3675 4262 Θεός.
3710 4199 3818 4264 Τίς

2228 4297 2335 4366 γάρ
2360 4297 2505 4349 ἐστιν
2535 4296 2668 4359 υίὸς,
2697 4294 2758 4348 ὃν
2787 4295 2846 4348 ού
2873 4292 3114 4346 παιδεύει
3138 4294 3319 4363 πατήρ
3343 4309 3358 4358 ;
3384 4310 3401 4342 ι
3434 4292 3543 4345 Καὶ
3574 4290 3678 4360 μὴν
3710 4290 3819 4342 καὶ

2227 4389 2388 4454 αὐτὸς
2413 4390 2442 4443 ὁ
2463 4387 2662 4450 παντὸς
2693 4385 2951 4440 ἐπέκεινα
2981 4383 3256 4454 θαύματος
3286 4384 3393 4437 τῶν
3423 4384 3589 4452 ἁγίων
3619 4381 3816 4451 χορὸς,

549 4501 766 4557 gamur,
803 4485 897 4540 sed
926 4485 1054 4540 dum
1085 4500 1376 4556 supernam
1411 4484 1557 4537 illam
1584 4482 1933 4552 disciplinam
1965 4482 2125 4537 nobis

2229 4481 2327 4551 τὴν
2377 4480 2463 4535 διὰ
2491 4478 2598 4532 τῶν
2635 4479 2806 4546 ἁγίων
2847 4479 3167 4546 πεφυκότων
3208 4475 3309 4530 οὐκ
3337 4476 3644 4528 ἀποσείεται
3672 4473 3819 4526 παί-

551 4578 782 4648 praebet,
817 4577 1006 4632 beatos
1050 4592 1151 4632 nos
1187 4576 1372 4631 efﬁcit.
1417 4574 1589 4645 Cujus
1637 4575 1715 4628 rei
1751 4574 1910 4629 testis
1962 4573 2125 4629 nobis

2228 4571 2412 4625 δευσιν
2437 4611 2452 4632 ,
2489 4567 2866 4638 ἀσμενέστατα
2910 4567 2967 4619 δὲ
3011 4565 3210 4637 μᾶλλον
3259 4565 3540 4637 προσίεται
3592 4562 3816 4630 λέγων·

551 4670 658 4722 erit
713 4669 906 4723 beatus
957 4665 1160 4728 David,
1211 4665 1286 4718 ita
1326 4665 1612 4720 clamans:
1655 4682 1674 4716 ι
1732 4663 1934 4718 Beatus
1965 4663 2127 4719 homo

430 4809 438 4817 .
552 4775 714 4826 quem
751 4751 806 4813 tit
839 4757 1135 4819 erudicris,
1168 4756 1420 4820 Domine,
1459 4765 1513 4811 et
1541 4757 1609 4812 de
1636 4758 1758 4826 lege
1793 4767 1882 4810 tua
1922 4757 2127 4811 docue-

553 4852 630 4904 ris
659 4865 806 4911 eum,
837 4857 898 4902 ut
948 4849 1166 4916 mitiges
1226 4847 1273 4902 ei
1317 4862 1345 4901 a
1400 4848 1594 4904 diebus
1645 4849 1890 4904 malis".
1935 4867 1953 4899 ι
2002 4848 2128 4903 Dies

552 4944 697 4996 enim
729 4943 976 5011 profecto
1016 4941 1349 5010 inauspicati
1377 4949 1430 4997 et
1454 4941 1582 4995 mali
1616 4950 1744 4997 sunt
1781 4941 2002 5012 penitus
2032 4955 2121 4994 re-

554 5032 718 5087 sectis
766 5044 816 5088 et
866 5035 920 5087 in
967 5033 1298 5102 supplicium
1344 5033 1488 5104 ignis
1534 5031 1930 5095 detrudendis,
1983 5029 2120 5096 dies,

553 5122 964 5192 inquam,illius
995 5123 1170 5178 severi
1201 5129 1255 5177 et
1288 5122 1592 5194 incorrupti
1624 5121 1815 5192 judicii
1839 5134 1853 5173 :
1875 5119 1966 5175 sed
1993 5127 2124 5172 tunc

551 5213 838 5282 castigatis
868 5222 922 5270 et
943 5215 1218 5286 correptis
1243 5217 1429 5270 mitem
1461 5229 1521 5270 se
1547 5214 1756 5283 praebet
1786 5211 1955 5266 Deus.
1986 5207 2121 5262 Nam

549 5305 644 5374 qui
678 5306 806 5361 talis
837 5313 920 5362 est
949 5322 1295 5377 nequaquam
1335 5305 1746 5362 damnationem
1793 5314 2125 5371 poenamque

551 5397 791 5461 subibit,
833 5399 1281 5469 quandoquidem
1325 5412 1434 5451 non
1477 5392 1859 5448 infructuosus
1911 5392 2124 5461 palmes

549 5489 779 5544 exstitit.
799 5489 1183 5561 Conjuugatur
1211 5490 1394 5556 itaque
1417 5485 1542 5540 ﬁdei
1565 5483 1902 5540 confessioni
1939 5483 2123 5552 splen-

549 5580 651 5635 dor
701 5582 865 5637 etiam
928 5597 1196 5653 operum,
1255 5588 1312 5634 et
1362 5577 1712 5635 sermonibus
1759 5577 1826 5631 de
1875 5574 1986 5630 Deo
2031 5590 2118 5630 res

2231 4682 2249 4713 ι
2282 4661 2577 4714 Παίδευσον
2600 4660 2770 4730 ἡμᾶς,
2797 4658 2990 4729 Κύριε,
3017 4657 3155 4728 πλὴν
3203 4657 3260 4709 ὲν
3290 4655 3486 4727 κρίσει,
3519 4654 3712 4724 καὶμὴ
3751 4656 3820 4707 ἐν
3855 4699 3863 4705 .

2224 4751 2422 4822 θυμῷ,
2452 4751 2538 4804 ίνα
2580 4751 2654 4821 μὴ
2696 4751 2910 4818 ὀλίγους
2956 4750 3104 4818 ἡμᾶς
3153 4749 3402 4817 ποιήσῃς.
3441 4747 3592 4799 ›.Ἐν
3637 4745 3817 4818 θυμῷ

2228 4843 2325 4914 μὲν
2361 4842 2470 4914 γὰρ
2496 4845 2528 4914 ή
2558 4841 2846 4912 ὁλόκληρος
2874 4841 3027 4900 ἔσται
3059 4840 3168 4892 τῶν
3203 4840 3468 4908 ἀκάρπων
3505 4837 3844 4958 κλημάτων(

2231 4935 2568 4958 1._1_.-.___--
2602 4934 2802 4958 __'.._-.
2863 4932 2970 4958 μὶ...
3023 4932 3100 4958 ,1-
3147 4930 3368 4958 ..1\-_...
3430 4932 3488 4958 ι..
3534 4929 3707 4958 υλι--.
3749 4929 3811 4958 ξι

2225 4935 2568 5006 ἀπότμησις·
2600 4934 2806 5004 πέμπει
2863 4932 2972 5002 γὰρ
3022 4932 3100 4994 είς
3147 4930 3388 4991 κόλασιν.
3428 4932 3488 4983 ὲν
3534 4929 3713 5000 κρίσει
3746 4929 3843 4988 δὲῖ

2225 5026 2444 5097 μᾶλλον,
2475 5025 2619 5080 τοῦτ’
2650 5024 2797 5078 ἐστιν
2817 5064 2832 5090 ,
2863 5024 2920 5078 ὲν
2961 5022 3246 5091 διασκέψει
3285 5021 3382 5076 καὶ
3434 5020 3643 5091 μέτρῳ,
3687 5020 3816 5073 τῶν

2222 5117 2584 5190 καρποφόρων
2625 5118 2658 5187 ἡ
2701 5114 3059 5186 διακάθαρσις
3085 5153 3102 5178 .
3150 5113 3328 5181 ὀλίγον
3366 5110 3565 5182 ἔχουσα
3601 5111 3812 5182 κομιδῇ

2220 5212 2309 5267 τὸν
2351 5211 2511 5265 πόνον
2553 5211 2632 5273 εἰς
2678 5208 3056 5280 καρποφορίας
3094 5205 3476 5277 παροξυσμὸν,
3511 5203 3601 5258 καὶ
3636 5203 3816 5256 εὐαν-

2221 5301 2483 5373 θεστέρας
2529 5300 2843 5371 ἀναδρομῆς
2896 5297 3290 5368 τὴν-ἐντεῦθεν
3341 5284 3629 5368 πρόφασιν.
3688 5295 3814 5348 Καὶ

2227 5392 2358 5461 ¹γοῦν
2403 5391 2792 5462 ἀποδεχόμενοι
2838 5387 2993 5442 τοῦτο
3043 5387 3207 5458 βοῶσί
3256 5403 3436 5450 τινες·
3468 5405 3486 5438 ι
3519 5385 3712 5458 Κύριε,
3749 5387 3814 5438 ὲν

2229 5484 2404 5554 θλίψει
2433 5485 2664 5555 μικρᾷ-ἡ
2700 5480 2917 5536 παιδεία
2959 5497 3051 5534 σου
3087 5481 3238 5550 ἡμῖν.
3276 5498 3294 5529 ι
3324 5478 3665 5550 Σμικροαάτη
3701 5477 3814 5546 μὲν

2225 5578 2336 5650 γὰρ
2358 5579 2392 5646 ἡ
2409 5575 2505 5630 τοῦ
2535 5574 2984 5646 διακαθαίρεσθαι
3005 5572 3202 5643 θλίψις,
3230 5571 3367 5627 ἀλλὰ
3394 5569 3642 5626 παιδείαν
3668 5570 3813 5639 ἡμῖν

624 5691 644 5718 ⁶
679 5690 836 5744 Rom.
874 5707 943 5748 ll,
985 5691 1074 5751 98,
1117 5690 1202 5742 29,
1250 5690 1268 5720 "
1303 5689 1519 5742 Coloss.
1559 5703 1630 5751 11,
1669 5689 1748 5743 ll.
1828 5689 1848 5719 ⁸
1887 5688 1992 5742 lsa.
2035 5703 2107 5740 Iv.

2267 5691 2286 5721 ³
2328 5684 2492 5739 Hebr.
2559 5702 2656 5750 xu,
2695 5685 2746 5738 7.
2826 5685 2867 5716 ¹⁰
2900 5681 3101 5738 Jerem.
3136 5699 3190 5748 χ,
3232 5682 3323 5737 25.
3404 5681 3444 5714 ³³
3489 5679 3592 5737 lsa.
3630 5696 3808 5745 ιινι,

555 5760 640 5824 16,
681 5776 793 5816 sec.
825 5759 986 5814 LXX.
1069 5762 1111 5790 “
1151 5759 1296 5814 Psal.
1335 5773 1487 5823 xcnt,
1527 5758 1609 5812 12.
