3998 6318
530 305 640 364 555

1555 295 1612 351 s.
1651 293 1929 352 CYRILLI
1956 267 2424 350 ALEXANDRINI
2464 297 2793 353 ARCHIEP.

3677 297 3782 354 356

532 419 694 476 modo
739 431 846 470 non
901 420 1005 469 erit
1071 409 1424 465 manifestum
1478 411 1819 480 purgationis
1877 410 2098 464 modum

2214 410 2464 479 στρέφετε
2507 412 2598 464 ἐπὶ
2645 411 2713 464 τά
2763 409 2962 478 ἀσθενῆ
3017 408 3112 461 καὶ
3147 406 3340 478 πτωχά
3395 409 3636 476 στοιχεῖα
3689 409 3782 462 τοῦ

495 509 824 581 gentilibus
877 519 998 560 esse
1054 503 1258 556 veteris
1313 503 1522 556 erroris
1562 502 1914 557 utilissimam
1955 517 2103 556 rese-

531 603 763 658 CIioncm
795 613 891 669 per
923 595 1216 666 Spiritum,
1253 608 1374 663 qua:
1418 593 1685 647 bonorum
1719 608 1892 663 genus
1943 607 2105 648 omne

532 695 680 748 illius
730 692 849 744 loco
898 685 1254 740 multifariam
1306 685 1465 740 nobis
1491 685 1701 739 infert?
1754 684 1909 738 Malis
1957 684 2102 737 enim

533 782 796 854 depositis
844 790 1010 849 atque
1047 777 1291 847 rejectis,
1321 779 1374 831 in
1419 792 1612 832 eorum
1664 776 1842 831 locum
1884 776 2104 831 virtutis

537 872 890 946 pulchritudo
909 871 1178 926 succedit.
1199 869 1302 923 Uhi
1331 869 1476 922 enim
1497 869 1668 938 ejecta
1691 879 1773 922 est
1800 867 2102 937 turpitudo,

534 965 608 1019 ibi
650 964 897 1034 gravitas
945 963 1122 1015 oritur
1147 968 1203 1014 et
1253 959 1488 1015 exsisnt.
1526 957 1940 1014 Observandum
1978 973 2106 1012 vero

534 1057 1013 1114 circumcisionem
1049 1043 1268 1124 quidem
1319 1068 1416 1122 per
1455 1052 1718 1122 Spiritum
1765 1051 2107 1122 purgationis

537 1149 772 1204 cilicium
810 1148 866 1201 in
898 1147 1058 1200 nobis
1089 1146 1336 1215 implere,
1380 1141 1580 1198 Filium
1624 1152 1807 1198 autem
1867 1143 2107 1214 Spiritus

537 1239 851 1309 largitorem
884 1251 1012 1291 esse
1035 1254 1049 1289 :
1075 1253 1094 1286 ι
1125 1235 1198 1289 De
1219 1235 1560 1305 plenitudine
1587 1235 1732 1288 enim
1763 1235 1884 1303 ejus
1913 1249 2108 1290 omnes

539 1329 874 1397 accepimus,
915 1347 933 1378 ›
972 1335 1029 1379 ut
1064 1326 1138 1378 ait
1167 1325 1411 1380 Joannes
1437 1329 1502 1388 ¹⁹,
1541 1334 1594 1379 et
1646 1328 1760 1394 ipse
1792 1335 1875 1380 est
1907 1327 1999 1395 qui
2039 1324 2108 1378 ad

540 1435 640 1473 nos
675 1419 850 1473 dixit:
887 1436 905 1470 ι
946 1417 1190 1485 Accipite
1219 1417 1378 1486 871
1411 1414 1673 1485 Spiritum
1703 1425 1959 1472 sanctum
1986 1417 2051 1473 '°.
2086 1435 2103 1468 ι

540 1510 685 1563 Illam
735 1510 919 1577 itaque
968 1509 1350 1577 purgationem
1422 1506 1477 1560 in
1532 1509 1690 1564 nobis
1743 1525 1838 1576 per
1887 1497 2109 1562 inodum

538 1601 801 1668 spiritalis
829 1600 1271 1654 circumcisionis
1302 1599 1463 1654 Pater
1485 1615 1580 1668 per
1605 1598 1802 1654 Filium
1827 1607 2106 1669 operatur.

537 1691 806 1757 Quocirca
838 1691 891 1744 in
925 1691 1156 1745 nihilum
1205 1691 1318 1744 abit
1359 1699 1499 1745 tetra
1533 1701 1584 1745 et
1626 1691 1789 1760 impia
1839 1692 2104 1745 adversa-

537 1785 744 1837 riorum
778 1781 1026 1845 audacia,
1060 1782 1152 1851 qui
1189 1783 1372 1837 dicere
1408 1783 1568 1837 veriti
1611 1797 1719 1836 non
1764 1790 1922 1837 erant
1977 1783 2105 1853 quia

538 1875 705 1928 vitem
741 1874 984 1943 seipsum
1014 1872 1186 1929 Filius
1212 1873 1538 1939 nominavit,
1572 1873 1787 1928 Patrem
1821 1883 2004 1930 autem
2047 1891 2112 1932 ac

539 1963 710 2018 Deum
744 1964 1064 2034 agricolam,
1097 1964 1308 2019 idcirco
1345 1965 1596 2018 eumdem
1633 1980 1741 2019 non
1773 1981 1894 2021 esse
1917 1975 2111 2021 natura

540 2071 663 2108 cum
690 2057 832 2124 ipso.
865 2055 1024 2109 Nulla
1045 2057 1248 2126 quippe
1276 2056 1438 2118 ratio,
1472 2057 1670 2127 inquit,
1696 2059 1861 2112 vitem
1885 2069 1938 2114 et
1965 2062 2110 2130 agri-

540 2147 716 2199 colam
747 2147 1088 2214 persuaserit
1117 2164 1286 2202 unum
1324 2157 1378 2204 et
1407 2148 1551 2204 idem
1580 2166 1704 2205 esse
1724 2158 1938 2205 natura.
1976 2153 2112 2206 Cum

540 2251 671 2306 ergo
707 2235 904 2290 Filium
945 2238 1246 2308 agricolam
1284 2255 1406 2294 esse
1430 2241 1831 2310 comperiamus
1865 2257 1963 2312 per
2004 2243 2116 2312 spi-

543 2327 754 2380 ritalem
786 2327 1286 2396 circumcisionem,
1329 2331 1508 2386 sciant
1566 2331 1782 2386 demum
1815 2333 1961 2403 quod
1993 2349 2115 2390 cum

540 2416 788 2485 ejusdem
817 2420 1022 2490 speciei
1060 2422 1172 2476 sint
1194 2423 1338 2477 inter
1366 2439 1424 2478 se
1451 2423 1726 2494 agricolae,
1761 2426 1816 2479 in
1846 2434 2111 2496 quantum

541 2519 735 2562 natura
779 2525 877 2564 sua
915 2519 1044 2564 sunt
1079 2512 1349 2577 homines,
1387 2513 1739 2568 manifestum
1784 2523 1870 2569 est
1916 2515 2114 2570 Filium

541 2614 648 2653 non
720 2617 845 2657 esse
891 2617 921 2656 a
965 2604 1540 2659 consubstantialitate
1599 2621 1722 2660 cum
1789 2603 1950 2662 Patre
2011 2609 2116 2664 Deo

540 2690 800 2746 alienum.

539 2783 634 2834 καὶ
675 2785 918 2856 ἄμπελον
973 2787 1215 2842 νοεῖσθαί
1263 2807 1412 2842 ποτε.
1459 2790 1626 2843 Ὅταν
1668 2784 1760 2843 οῦν
1793 2789 2114 2860 εὑρίσκηται
2152 2789 2397 2860 γεωργὸς
2449 2793 2476 2842 6
2539 2789 2666 2851 Υἱὸς
2719 2788 2810 2841 διὰ
2865 2790 2962 2859 τῆς
3017 2791 3074 2841 ἐν
3155 2789 3428 2859 πνεύματι
3475 2788 3802 2861 περιτομῆς,
3891 2829 3898 2842 .

2205 503 2432 572 κόσμου,
2463 497 2545 564 οἷς
2579 503 2739 555 πάλιν
2781 500 2985 556 ἄνωθεν
3033 499 3305 553 δουλεύειν
3335 499 3518 552 Θέλετε
3549 515 3564 563 ;
3601 517 3621 550 ι
3655 499 3782 552 Ὅτε

2213 595 2392 648 τοίνυν
2425 595 2474 647 οἱ
2521 597 2632 656 τοῖς
2661 595 2908 647 ἀσθενέσι
2943 594 3224 662 στοιχείοις
3247 591 3517 644 δουλεύειν
3544 591 3786 655 θέλοντες

2205 685 2618 756 ἀλλοτριοῦνται
2652 683 2910 756 Χριστοῦ,
2952 683 3296 737 συνενοῦνταί
3342 700 3406 751 γε
3444 683 3553 754 μὴν
3594 683 3647 735 oi
3673 682 3787 734 δουο

2205 778 2382 832 λεύειν
2412 780 2512 831 οὐκ
2537 779 2851 849 ἀνεχόμενοι
2883 780 2948 848 τῇ
2979 778 3156 830 κτίσει
3195 776 3349 848 παρά
3378 777 3468 830 τὸν
3499 776 3786 838 κτίσαντα,

2206 869 2322 932 πῶς
2342 871 2441 922 οὐκ
2472 869 2620 922 ἐσται
2635 869 2743 922 τῶν
2765 867 3207 939 ὁμολογουμένων
3236 868 3317 920 ὅτι
3346 868 3548 939 τρόπος
3583 869 3697 929 τοῖς
3736 865 3791 930 ἐξ

2208 963 2377 1016 ἐθνῶν
2405 964 2433 1014 6
2462 963 2562 1032 τῆς
2585 961 2992 1031 διακαθάρσεως
3021 959 3172 1012 ἔσται
3193 960 3290 1030 τῆς
3316 959 3550 1030 ἀρχαίας
3575 957 3790 1026 ἀπάτης

2207 1050 2295 1104 διὰ
2323 1049 2414 1104 τοῦ
2451 1049 2772 1119 Πνεύματος
2806 1049 3224 1118 ἐπωφελεστάτη
3265 1048 3328 1101 τὸ
3383 1049 3457 1119 μὴ
3660 1047 3792 1098 ἀπο-

2207 1143 2372 1216 τομὴ]
2415 1146 2524 1198 πᾶν
2557 1139 2692 1207 εἶδος
2725 1145 2854 1213 ἡμῖν
2884 1141 3102 1209 ἀγαθῶν
3125 1141 3475 1210 πολυτρόπως
3510 1143 3790 1193 ἀντεισκο-

2213 1234 2485 1305 μίζουσας
2539 1235 2626 1288 Ἑν
2677 1233 2784 1303 γὰρ
2831 1237 2896 1304 τῇ
2943 1234 3050 1286 τῶν
3099 1233 3315 1302 φαύλων
3375 1233 3632 1285 ὑποθέσει
3679 1230 3789 1304 [πρ.

2209 1324 2491 1396 ἀποθέσει]
2529 1326 2622 1377 καὶ
2653 1323 2889 1395 ἀποϐολῇ
2920 1325 2980 1376 τὸ
3007 1325 3104 1394 τῆς
3133 1325 3331 1395 ἀρετῆς
3365 1324 3793 1393 ἀντεισκρίνεται

2211 1419 2426 1481 κάλλος.
2466 1419 2636 1472 Ὅπου
2684 1417 2792 1489 γὰρ
2830 1417 3123 1488 αἰσχρότης
3174 1416 3434 1480 ἐκποδὼν,
3464 1418 3585 1469 ἐκεῖ
3628 1415 3690 1467 τὸ
3722 1432 3796 1468 σε-

2215 1513 2343 1581 μνδν
2388 1509 2596 1578 ἀνίσχει
2645 1510 2740 1562 καὶ
2775 1509 3044 1578 φαίνεται.
3081 1509 3421 1580 Σημειωτέον
3446 1508 3537 1572 δὲ,
3573 1510 3657 1561 ὅτι
3713 1507 3798 1560 διὰ

2216 1601 2313 1672 μὲν
2345 1600 2439 1652 τοῦ
2479 1601 2798 1670 Πνεύματος
2826 1603 2860 1669 ἡ
2895 1599 3187 1671 περιτομὴ,
3220 1600 3316 1671 τὴν
3347 1603 3442 1670 τῆς
3458 1599 3546 1652 διὰ
3586 1599 3795 1668 καθάρο

2216 1707 2352 1754 σεως
2405 1691 2799 1762 ἀποπληροῦσα
2833 1691 3022 1762 χρείαν
3070 1692 3126 1743 ἐν
3171 1691 3323 1761 ἡμῖν,
3357 1690 3590 1761 χορηγὸς
3623 1689 3681 1743 δέ
3705 1687 3796 1742 τοῦ

2210 1781 2526 1852 Πνεύματος
2550 1785 2578 1835 6
2604 1783 2752 1846 Υἱός.
2789 1801 2809 1834 ι
2865 1783 2999 1836 Ἀπὸ
3025 1783 3134 1852 γὰρ
3173 1783 3268 1835 τοῦ
3295 1781 3660 1854 πληρώματος
3700 1781 3798 1834 a6-

2206 1874 2301 1928 τοῦ
2350 1874 2547 1937 πάντες
2595 1875 2756 1945 ἡμεῖς
2813 1874 3110 1943 ἐλάϐομεν,
3152 1892 3170 1925 ι
3221 1873 3364 1927 κατά
3407 1874 3506 1945 τὴν
3548 1873 3797 1926 Ἰωάννου

2209 1967 2415 2037 φωνὴν,
2439 1967 2534 2019 καὶ⁵
2555 1967 2716 2030 αὑτός
2737 1969 2884 2020 ἐστιν
2908 1969 2936 2020 6
2959 1965 3094 2038 πρὸς
3122 1968 3271 2038 ἡμᾶς
3300 1965 3469 2019 εἰπών
3489 1984 3502 1996 ·
3541 1985 3559 2018 ι
3591 1965 3796 2020 Λάϐετε

2209 2058 2436 2128 Πνεῦμα
2484 2059 2658 2127 ἆγιον.
2695 2077 2713 2110 ι
2762 2059 3006 2130 Ἐνεργεῖ
3032 2059 3326 2129 τοιγαροῦν
3377 2059 3475 2129 τὴν
3519 2060 3599 2122 εὶς
3651 2059 3797 2128 ἡμᾶς

2211 2150 2606 2223 ἀνακάθαρσιν,
2635 2150 2711 2214 ὡς
2759 2151 2817 2204 ἐν
2861 2149 3049 2220 τρόπῳ
3090 2151 3189 2220 τῆς
3220 2150 3307 2204 διὰ
3347 2149 3442 2203 τοῦ
3489 2150 3800 2220 πνεύματος

2212 2242 2508 2313 νοουμένης
2563 2241 2869 2314 περιτομῆς
2894 2244 2922 2295 6
2963 2241 3154 2312 Πατὴρ
3187 2241 3256 2294 δι’
3294 2241 3449 2298 Υἱοῦ.
3478 2242 3799 2295 Κεκένωται

2210 2333 2388 2386 τοίνυν
2406 2332 2464 2384 τὸ
2486 2331 2680 2402 πικρὸν
2698 2333 2790 2384 καὶ
2811 2333 3024 2384 ἀνόσιον
3043 2330 3150 2384 τῶν
3173 2331 3239 2384 δι’
3252 2332 3502 2394 ἐναντίας
3519 2331 3797 2401 τόλμημα,

2211 2423 2291 2494 μὴ
2334 2422 2771 2477 καταδεισάντων
2803 2423 2998 2489 εἰπεῖν,
3034 2422 3108 2486 ὼς
3138 2422 3368 2492 ἐπείπερ
3399 2422 3646 2493 ἄμπελον
3701 2422 3802 2492 μὲν

2212 2514 2402 2566 ἑαυτὸν
2437 2513 2660 2584 εἴρηκεν
2689 2515 2717 2565 6
2760 2514 2910 2576 Υἱὸς,
2954 2513 3198 2584 γεωργὸν
3225 2513 3282 2566 δὲ
3319 2514 3409 2566 τὸν
3451 2514 3672 2584 Πατέρα
3705 2513 3804 2566 καὶ

2211 2604 2363 2670 Θεὸν,
2389 2605 2416 2657 6
2438 2603 2600 2666 αὐτὸς
2624 2604 2721 2656 οὐκ
2750 2603 2902 2656 ἔσται
2934 2603 3076 2657 κατά
3107 2603 3269 2672 φύσιν
3302 2605 3472 2674 αὐτῷ.
3500 2604 3673 2671 Λόγος
3692 2603 3806 2674 γάρ

2221 2697 2395 2759 οὐδεὶς
2426 2697 2728 2765 ἐπιτρέψει,
2759 2699 2912 2766 φησὶ,
2945 2697 3139 2750 ταυτὸν
3169 2699 3250 2760 εἰς
3275 2697 3462 2750 οὐσίαν
3482 2697 3724 2767 γεωργὸν
3743 2712 3805 2748 τε

537 2873 925 2931 διακείσθωσαν
947 2879 1046 2948 ἤδη
1075 2880 1372 2944 λοιπὸν,ὼς
1399 2883 1626 2956 ἐπείπερ
1657 2885 1906 2954 ἀλλήλοις
1937 2887 2200 2956 ὁμοειδεῖς
2230 2887 2278 2938 οἱ
2305 2887 2562 2956 γεωργοὶ,
2624 2884 2761 2938 καθὸ
2816 2884 3123 2954 πεφύκασιν
3187 2885 3482 2956 ἄνθρωποι,
3541 2883 3806 2956 πρόδηλον

537 2970 617 3022 ὅτι
648 2969 745 3038 τῆς
775 2970 908 3040 πρὸς
932 2971 1019 3024 τὸν
1049 2973 1266 3043 Πατέρα
1291 2975 1386 3025 καὶ
1409 2973 1540 3029 Θεὸν
1567 2977 1982 3048 ὁμοουσιότητος
2014 2980 2114 3032 ούκ
2152 2980 2430 3051 ἀλλότριος
2455 2980 2482 3030 6
2512 2978 2656 3040 Υἱός.

611 3061 801 3126 χν,δ.
839 3063 966 3116 Jam
1005 3081 1090 3119 vos
1139 3068 1321 3122 mundi
1366 3070 1492 3122 estis
1545 3079 1760 3138 propter
1811 3087 2102 3128 sermonem

537 3171 689 3224 quem
720 3155 927 3208 locutus
961 3173 1078 3209 sum
1105 3158 1272 3212 vobis.

610 3243 925 3314 Discipulos
957 3246 1160 3301 indicio
1195 3257 1252 3303 et
1284 3261 1608 3320 argumento
1637 3253 1951 3308 certissimo
1991 3271 2113 3311 esse

541 3337 616 3391 ait
658 3337 792 3391 artis
823 3337 943 3406 ejus
983 3353 1010 3391 a
1035 3355 1144 3408 quo
1188 3351 1512 3411 purgantur.
1549 3343 1668 3398 Jam
1701 3345 1846 3398 enim
1880 3347 2108 3401 munda—

539 3434 630 3480 tos
660 3439 781 3479 esse
814 3427 1034 3491 asserit,
1090 3437 1311 3499 propter
1359 3431 1538 3485 solum
1590 3449 1898 3488 sermonem
1952 3452 2112 3503 quem

539 3515 760 3569 locutus
809 3524 893 3568 est
931 3516 1031 3578 eis,
1077 3517 1181 3572 hoc
1222 3526 1306 3574 est
1354 3520 1592 3575 divinam
1648 3533 1699 3576 et
1743 3527 2112 3594 evangelicatn

540 3606 870 3662 doctrinam.
908 3606 1005 3662 Hic
1029 3616 1208 3664 autem
1237 3627 1419 3668 sermo
1450 3621 1533 3668 est
1559 3629 1588 3666 a
1619 3614 1858 3671 Christo.
1892 3619 1959 3673 At
1991 3619 2114 3689 quis

540 3712 688 3752 same
731 3699 929 3753 mentis
960 3717 1200 3771 unquam
1243 3703 1583 3761 dubitaverit
1617 3708 1750 3778 quin
1805 3709 1916 3764 falx
1948 3713 2114 3767 veluti

540 3787 790 3856 quaedam
823 3797 876 3842 et
919 3804 1112 3846 manus
1156 3790 1337 3850 Patris
1377 3796 1448 3850 sit
1494 3796 1604 3860 ille,
1640 3812 1736 3866 per
1769 3814 1930 3868 quem
1987 3809 2116 3854 sunt

539 3879 746 3944 omnia,
794 3880 844 3934 id
876 3889 959 3935 est
987 3880 1182 3948 Filius,
1219 3885 1315 3952 qui
1352 3886 1586 3940 culturae
1617 3896 1823 3943 nostra:
1853 3890 2111 3944 virtutem

542 3971 835 4040 adimplet,
889 3987 1053 4041 quam
1105 3973 1282 4029 Patris
1325 3991 1575 4044 persona:
1622 3979 1858 4044 tribuit,
1906 3981 2111 4038 docens

541 4065 724 4138 omnia
771 4079 896 4120 esse
945 4079 976 4117 a
1031 4063 1212 4130 Patre,
1272 4077 1646 4124 verumtamen
1701 4077 1960 4142 tanquam
2020 4092 2115 4146 per

539 4154 663 4209 Filii
694 4156 949 4212 virtutem
977 4157 1001 4210 ?
1037 4157 1249 4212 Etenim
1277 4158 1591 4218 Servatoris
1627 4179 1811 4220 sermo
1853 4183 1955 4223 nos
1985 4184 2117 4237 pur-

541 4254 654 4318 gat,
699 4247 956 4315 quamvis
987 4250 1206 4305 colendi
1230 4255 1402 4307 nostri
1432 4253 1666 4310 cilicium
1695 4258 1971 4314 tribuatur
2006 4259 2115 4314 Deo

541 4353 606 4392 ac
636 4338 807 4392 Patri.
861 4357 878 4390 ι
914 4338 1037 4408 Ipse
1067 4342 1213 4396 enim
1244 4352 1329 4398 est
1373 4345 1554 4410 vivus,
1608 4356 1662 4402 et
1699 4348 2115 4408 eﬂicacissimus
2146 4378 2154 4384 -

539 4431 662 4500 ejus
687 4445 892 4495 sermo,
914 4432 1228 4503 pertingens
1259 4452 1438 4507 usque
1469 4439 1533 4493 ad
1562 4440 1887 4498 divisionem
1921 4444 2117 4498 animae

540 4533 608 4574 ac
642 4518 893 4588 spiritus,
923 4534 1246 4592 compagum
1283 4540 1502 4596 quoque
1533 4543 1597 4582 ac
1635 4531 2023 4594 medullarum,
2061 4543 2114 4586 et

541 4609 808 4664 discretor
830 4612 1223 4681 cogitationum
1258 4625 1310 4669 et
1350 4618 1724 4675 intentionum
1769 4625 1954 4680 cordis
1978 4625 2045 4679 ".
2092 4643 2110 4676 ι

540 4698 863 4770 Pertingens
931 4701 1076 4755 enim
1150 4719 1324 4774 usque
1390 4707 1457 4762 ad
1519 4709 1850 4778 profundum
1921 4714 2116 4768 animae

541 4789 830 4858 cujusque,
880 4801 933 4845 et
980 4793 1262 4848 occultum
1302 4797 1741 4872 uniuscujusque
1777 4819 2004 4874 scopum
2052 4819 2116 4859 ac

542 4883 884 4952 propositum
944 4884 1288 4954 exploratum
1344 4899 1396 4942 et
1456 4899 1705 4960 apertum
1765 4894 2008 4962 habens,
2056 4905 2116 4950 ut

545 4972 708 5038 Deus,
729 4976 886 5030 vanis
910 4977 1128 5046 quidem
1157 4980 1364 5035 nostris
1393 4982 1664 5040 institutis
1695 4995 1911 5040 acutam
1938 4989 2113 5044 aciem

542 5062 765 5120 adhibet
814 5081 913 5135 per
962 5068 1339 5126 eﬂicacitatem
1391 5075 1652 5145 Spiritus.
1707 5077 1767 5132 Id
1822 5081 1968 5132 enim
2021 5076 2119 5150 per

541 5155 921 5224 purgationem
986 5159 1282 5228 signiﬁcari
1356 5165 1694 5234 putabimus.
1763 5166 2116 5236 Quaecunque

540 5259 673 5298 vero
699 5252 894 5298 natura
931 5261 1028 5300 sua
1057 5263 1158 5303 nos
1195 5251 1261 5306 ad
1309 5253 1534 5310 virtutis
1585 5255 1919 5310 desiderium
1952 5256 2114 5326 adju-

434 5388 442 5395 ,
541 5342 690 5398 vant,
723 5335 837 5389 haec
868 5338 1223 5408 multiplicari
1267 5342 1396 5398 facit
1431 5345 1498 5400 ad
1533 5348 1758 5415 pietatis
1801 5346 2115 5404 fecundita-

541 5433 669 5477 tem.
710 5424 844 5479 Cutn
881 5445 1010 5500 ergo
1039 5447 1135 5502 per
1162 5431 1356 5488 Filium
1383 5451 1412 5489 a
1449 5435 1614 5491 Patre
1643 5438 1874 5494 cultura;
1911 5451 2115 5495 nostra:

541 5511 680 5566 ratio
709 5526 1023 5587 peragatur,
1060 5525 1323 5594 numquid
1353 5527 1404 5580 in
1442 5527 1672 5581 nihilum
1706 5528 1923 5584 demum
1965 5534 2108 5586 reci~

2288 3073 2440 3141 Ἤδη
2475 3072 2643 3141 ὑμεῖς
2675 3073 2922 3140 καθαροί
2950 3072 3090 3126 ἐστε
3115 3071 3212 3124 διὰ
3248 3071 3354 3125 τὸν
3379 3073 3582 3141 λόγον,
3602 3071 3675 3124 ὃν
3697 3074 3804 3125 .18-

2215 3164 2457 3231 λάληκα
2479 3164 2641 3232 ὑμῖν.

2297 3255 2595 3320 Ἀπόδειξιν
2654 3254 2842 3326 ὥσπερ
2887 3255 3119 3325 διαφανῆ
3170 3271 3230 3308 τε
3277 3253 3371 3306 καὶ
3426 3252 3802 3322 ἀναμφῖλογον

2216 3347 2314 3415 τῆς
2343 3346 2436 3399 τοῦ
2469 3346 2917 3416 διακαθαίροντος
2943 3347 3142 3410 αὐτοὺς
3177 3347 3372 3416 τέχνης
3414 3349 3646 3399 ποιεῖται
3676 3347 3809 3409 τοὺς

2219 3437 2487 3508 μαθητάς.
2527 3439 2663 3508 Ἤδη
2717 3438 2826 3509 γὰρ
2882 3439 3079 3501 αὐτοὺς
3131 3437 3560 3509 διακεκαθάρθαι
3615 3438 3806 3508 φησὶν,

2215 3531 2314 3600 οὐχ
2363 3530 2551 3602 ἐτέρου
2583 3529 2728 3592 τινὸς
2780 3528 3230 3592 ἀπολαύσαντας.
3275 3529 3432 3598 μόνον
3479 3529 3537 3580 δὲ
3585 3529 3674 3581 διὰ
3712 3527 3810 3578 τὸν

2217 3622 2356 3692 πρὸς
2387 3610 2904 3690 αύτοὺςλαληθέντα
2937 3621 3114 3689 λόγον,
3140 3620 3283 3681 τοῦτ’
3308 3620 3422 3674 ἔστι
3444 3621 3543 3690 τὴν
3570 3620 3720 3673 θείαν
3744 3635 3811 3671 τε

2217 3714 2311 3767 καὶ
2337 3713 2698 3781 εύαγγελικὴν
2722 3714 3013 3782 ὑφήγησιν.
3045 3712 3217 3780 Λόγος
3247 3712 3304 3765 δὲ
3333 3707 3485 3775 οὗτός
3509 3713 3626 3770 ἐστι
3654 3715 3811 3784 παρά

2216 3788 2474 3874 Χριστοῦ.
2501 3800 2632 3856 Εἶτα
2675 3803 2758 3866 τίς
2798 3804 2906 3875 ἄρα
2952 3803 3068 3856 ἐστὶ
3109 3803 3218 3855 τῶν
3254 3798 3312 3856 εὖ
3345 3803 3707 3873 φρονούντων,
3747 3804 3812 3867 ὃς

2216 3896 2480 3949 ἐνδοιάσει
2513 3895 2720 3958 λοιπὸν,
2739 3897 2820 3948 ὅτι
2844 3895 3087 3968 δρεπάνη
3117 3912 3202 3958 τις
3227 3894 3416 3966 ὥσπερ
3440 3897 3533 3948 καὶ
3557 3897 3682 3966 χεὶρ
3711 3897 3809 3960 τοῦ

2218 3990 2453 4060 Πατρὸς,
2483 3991 2510 4042 ὁ
2541 3990 2605 4042 δι’
2622 3982 2702 4041 κοῦ
2749 3989 2819 4042 τὰ
2851 3990 3030 4044 πάντα
3061 3989 3217 4054 ἐστὶ,
3246 3989 3388 4042 τοῦτ’
3424 3989 3572 4042 ἐστιν
3605 3993 3633 4043 6
3656 3991 3808 4054 Υἱὸς,

2217 4081 2312 4150 τὴν
2335 4081 2435 4151 τῆς
2466 4084 2544 4144 είς
2572 4083 2719 4152 ἡμᾶς
2745 4083 3020 4154 γεωργίας
3053 4081 3330 4152 ἐνέργειαν
3358 4082 3717 4154 ἀποπληρῶν,
3743 4085 3810 4155 ἢν

2215 4170 2294 4240 τῷ
2323 4170 2414 4223 τοῦ
2447 4171 2660 4240 Πατρὸς
2718 4171 3026 4242 προσάπτει
3074 4171 3352 4241 προσώπῳ
3373 4213 3388 4236 ,
3419 4171 3692 4226 διδάσκων
3725 4175 3808 4226 ὅτι

2217 4261 2397 4315 πάντα
2439 4263 2538 4331 μὲν
2563 4262 2714 4332 παρὰ
2743 4263 2977 4332 Πατρὸς,
3006 4262 3145 4333 πλὴν
3175 4263 3251 4326 ὡς
3280 4263 3366 4315 διὰ
3392 4263 3681 4333 δυνάμεως
3712 4263 3806 4317 τοῦ

2217 4353 2348 4406 Υίοῦ
2379 4369 2393 4417 ;
2426 4353 2517 4406 καὶ
2544 4351 2652 4423 γὰρ
2681 4354 2709 4405 6
2735 4353 2828 4406 τοῦ
2880 4354 3135 4425 Σωτῆρος
3168 4356 3314 4424 ἡμᾶς
3342 4355 3690 4425 διακαθαίρει
3724 4356 3809 4408 λό-

2217 4461 2310 4512 γος
2336 4485 2350 4508 ,
2383 4445 2558 4498 καίτοι
2592 4446 2693 4514 τῆς
2733 4445 2856 4499 καθ’
2897 4447 3046 4517 ἡμᾶς
3076 4447 3352 4517 γεωργίας
3381 4447 3811 4518 ἀνατεθειμένης

2149 4569 2193 4624 D
2222 4535 2298 4604 τῷ
2322 4533 2442 4624 Θεῷ
2495 4533 2592 4588 καὶ
2638 4535 2833 4604 Πατρὶ.
2875 4555 2894 4586 ι
2937 4537 3107 4600 Αὐτὸς
3141 4539 3248 4605 γάρ
3291 4538 3440 4591 ἐστιν
3473 4540 3503 4591 6
3543 4537 3674 4602 ζῶν,
3711 4541 3807 4592 καὶ

2218 4623 2534 4695 τομὼτατος
2567 4625 2732 4680 αὑτοῦ
2771 4627 2946 4694 λόγος,
2989 4631 3018 4680 ὁ
3050 4627 3422 4698 διικνούμενος
3475 4629 3605 4699 ἄχρι
3652 4647 3804 4700 μερι-

2216 4715 2356 4786 σμοῦ
2403 4716 2582 4786 ψυχῆς
2628 4717 2721 4769 καὶ
2762 4718 3101 4788 πνεύματος,
3136 4720 3328 4789 ἁρμῶν
3359 4737 3416 4772 τε
3448 4723 3542 4774 καὶ
3567 4721 3800 4792 μυελῶν,

2217 4807 2311 4858 καὶ
2330 4807 2574 4876 κριτικὸς
2599 4807 2948 4878 ἐνθυμήσεων
2981 4809 3074 4862 καὶ
3092 4808 3310 4862 ἐννοιῶν
3330 4811 3578 4882 καρδίας.
3610 4830 3628 4861 ι
3651 4809 3799 4865 Κιθ-

2220 4898 2534 4968 ικνούμενος
2563 4898 2672 4970 γὰρ
2709 4903 2786 4962 εἰς
2835 4900 2903 4953 τὰ
2939 4901 3075 4972 βάθη
3109 4901 3208 4971 τῆς
3230 4903 3459 4957 ἑκάστου
3480 4903 3682 4974 ψυχῆς,
3708 4905 3800 4959 καὶ

2214 4988 2306 5040 τὸν
2347 4989 2405 5040 ἐν
2449 4989 2666 5060 ἑκάστῳ
2709 4991 3087 5061 κεκρυμμένον
3118 4993 3316 5046 σκοπὸν
3344 4994 3800 5048 ἀκατακάλυπτον

2213 5076 2352 5148 ἔχων
2381 5078 2455 5142 ὡς
2478 5077 2640 5143 θεὸς,
2668 5084 2780 5144 τοῖς
2827 5083 2923 5152 μὲν
2964 5085 3194 5147 εἰκαίοις
3236 5084 3391 5154 ἡμῶν
3416 5086 3796 5156 σπουδάσμασι

2211 5172 2312 5241 τὴν
2332 5169 2510 5235 ὀξεῖαν
2527 5173 2723 5241 ἐπάγει
2751 5173 2923 5244 τομὴν
2949 5175 3038 5228 διὰ
3060 5175 3157 5244 τῆς
3183 5177 3276 5229 τοῦ
3307 5175 3625 5247 Πνεύματος
3647 5178 3803 5246 ἐνερ-

2213 5261 2386 5329 γείας.
2415 5262 2585 5316 Τοῦτο
2609 5262 2738 5333 γὰρ,
2761 5259 2934 5334 οἶμαι,
2951 5265 3244 5336 νομιοῦμεν
3275 5266 3371 5338 τὴν
3397 5268 3794 5338 ἀποκάθαρσιν.

2213 5349 2372 5403 Τὰδέ
2399 5353 2497 5405 ὅσα
2531 5351 2773 5420 πέφυκεν
2813 5354 3042 5422 ὠφελεῖν
3070 5358 3215 5426 ἡμᾶς
3247 5359 3325 5420 είς
3362 5357 3548 5427 ἔφεσιν
3571 5357 3798 5428 ἀρετῆς.

2213 5440 2386 5495 ταῦτα
2413 5441 2948 5507 πολυπλασιάζεσθαι
2987 5450 3132 5500 ποιεί
3161 5448 3294 5516 πρὸς
3323 5448 3725 5519 καρποφορίαν,
3759 5446 3797 5517 ἥ

2214 5539 2412 5590 νοεῖται
2469 5541 2589 5591 κατ’
2623 5539 2925 5597 εὐσέϐειαν.
2983 5543 3110 5594 Ὅτε
3165 5541 3342 5596 τοίνυν
3372 5543 3438 5596 δι’
3471 5541 3599 5596 Υίοῦ
3643 5540 3800 5615 παρὰ

610 5688 654 5719 ¹⁹
681 5687 841 5746 Joan.
879 5709 930 5758 ι,
968 5693 1054 5748 16.
1135 5697 1180 5727 ’⁸
1207 5696 1368 5754 Joan.
1406 5715 1472 5753 xx
1501 5741 1515 5768 ,
1569 5704 1658 5758 ἓξ.
1737 5707 1777 5737 ²¹
1819 5705 1984 5762 Hebr.
2035 5727 2086 5764 tv
2114 5753 2127 5778 ,
2167 5714 2256 5766 19..
